|j|☆burnlord
|j|☆Disband ICE
|t:|1760850489
|gametype|singles
|player|p1|burnlord|hiker-gen4|1080
|player|p2|Disband ICE|workerice|1152
|gen|9
|tier|[Gen 9] OU
|rated|
|rule|HP Percentage Mod: HP is shown in percentages
|rule|Endless Battle Clause: Forcing endless battles is banned
|rule|Species Clause: Limit one of each Pokémon
|rule|OHKO Clause: OHKO moves are banned
|rule|Evasion Items Clause: Evasion items are banned
|rule|Evasion Moves Clause: Evasion moves are banned
|rule|Evasion Abilities Clause: Evasion abilities are banned
|rule|Sleep Moves Clause: Sleep-inducing moves are banned
|clearpoke
|poke|p1|Mamoswine, M|
|poke|p1|Kommo-o, F|
|poke|p1|Grimmsnarl, M|
|poke|p1|Kingambit, M|
|poke|p1|Polteageist|
|poke|p1|Iron Crown|
|poke|p2|Grimmsnarl, M|
|poke|p2|Snorlax, F|
|poke|p2|Hoopa-Unbound|
|poke|p2|Walking Wake|
|poke|p2|Dragapult, M|
|poke|p2|Zamazenta-*|
|teampreview
|inactive|Battle timer is ON: inactive players will automatically lose when time's up. (requested by Disband ICE)
|
|t:|1760850496
|teamsize|p1|6
|teamsize|p2|6
|start
|switch|p1a: Polteageist|Polteageist|100/100
|switch|p2a: Dragapult|Dragapult, M|100/100
|turn|1
|
|t:|1760850504
|move|p2a: Dragapult|Dragon Darts|p1a: Polteageist
|-damage|p1a: Polteageist|58/100
|-anim|p2a: Dragapult|Dragon Darts|p1a: Polteageist
|-damage|p1a: Polteageist|14/100
|move|p1a: Polteageist|Shell Smash|p1a: Polteageist
|-unboost|p1a: Polteageist|def|1
|-unboost|p1a: Polteageist|spd|1
|-boost|p1a: Polteageist|atk|2
|-boost|p1a: Polteageist|spa|2
|-boost|p1a: Polteageist|spe|2
|-enditem|p1a: Polteageist|White Herb
|-clearnegativeboost|p1a: Polteageist|[silent]
|
|upkeep
|turn|2
|
|t:|1760850524
|move|p1a: Polteageist|Giga Drain|p2a: Dragapult
|-resisted|p2a: Dragapult
|-damage|p2a: Dragapult|66/100
|-heal|p1a: Polteageist|35/100|[from] drain|[of] p2a: Dragapult
|move|p2a: Dragapult|Dragon Darts|p1a: Polteageist
|-damage|p1a: Polteageist|0 fnt
|faint|p1a: Polteageist
|
|upkeep
|
|t:|1760850537
|switch|p1a: Iron Crown|Iron Crown|100/100
|turn|3
|
|t:|1760850551
|switch|p2a: Zamazenta|Zamazenta|100/100
|-ability|p2a: Zamazenta|Dauntless Shield|boost
|-boost|p2a: Zamazenta|def|1
|move|p1a: Iron Crown|Psyshock|p2a: Zamazenta
|-supereffective|p2a: Zamazenta
|-damage|p2a: Zamazenta|26/100
|
|-heal|p2a: Zamazenta|32/100|[from] item: Leftovers
|upkeep
|turn|4
|
|t:|1760850565
|switch|p2a: Mr Grimm|Grimmsnarl, M|100/100
|move|p1a: Iron Crown|Psyshock|p2a: Mr Grimm
|-immune|p2a: Mr Grimm
|
|upkeep
|turn|5
|
|t:|1760850579
|-end|p1a: Iron Crown|Quark Drive|[silent]
|switch|p1a: Kommo-o|Kommo-o, F|100/100
|move|p2a: Mr Grimm|Light Screen|p2a: Mr Grimm
|-sidestart|p2: Disband ICE|move: Light Screen
|
|upkeep
|turn|6
|
|t:|1760850588
|move|p1a: Kommo-o|Close Combat|p2a: Mr Grimm
|-damage|p2a: Mr Grimm|64/100
|-unboost|p1a: Kommo-o|def|1
|-unboost|p1a: Kommo-o|spd|1
|move|p2a: Mr Grimm|Spirit Break|p1a: Kommo-o
|-supereffective|p1a: Kommo-o
|-damage|p1a: Kommo-o|0 fnt
|faint|p1a: Kommo-o
|
|upkeep
|
|t:|1760850599
|switch|p1a: Grimmsnarl|Grimmsnarl, M|100/100
|turn|7
|
|t:|1760850607
|move|p1a: Grimmsnarl|Parting Shot|p2a: Mr Grimm
|-hint|Since gen 7, Dark is immune to Prankster moves.
|-immune|p2a: Mr Grimm
|move|p2a: Mr Grimm|Reflect|p2a: Mr Grimm
|-sidestart|p2: Disband ICE|Reflect
|
|upkeep
|turn|8
|
|t:|1760850623
|switch|p2a: Hoopa|Hoopa-Unbound|100/100
|move|p1a: Grimmsnarl|Spirit Break|p2a: Hoopa
|-supereffective|p2a: Hoopa
|-damage|p2a: Hoopa|71/100
|-unboost|p2a: Hoopa|spa|1
|
|-heal|p2a: Hoopa|77/100|[from] item: Leftovers
|upkeep
|turn|9
|
|t:|1760850636
|switch|p2a: Snorlax|Snorlax, F|100/100
|move|p1a: Grimmsnarl|Reflect|p1a: Grimmsnarl
|-sidestart|p1: burnlord|Reflect
|
|upkeep
|turn|10
|
|t:|1760850640
|move|p1a: Grimmsnarl|Light Screen|p1a: Grimmsnarl
|-sidestart|p1: burnlord|move: Light Screen
|move|p2a: Snorlax|Belly Drum|p2a: Snorlax
|-damage|p2a: Snorlax|50/100
|-setboost|p2a: Snorlax|atk|6|[from] move: Belly Drum
|-enditem|p2a: Snorlax|Aguav Berry|[eat]
|-heal|p2a: Snorlax|84/100|[from] item: Aguav Berry
|
|upkeep
|turn|11
|
|t:|1760850653
|move|p1a: Grimmsnarl|Parting Shot|p2a: Snorlax
|-unboost|p2a: Snorlax|atk|1
|-unboost|p2a: Snorlax|spa|1
|
|t:|1760850664
|switch|p1a: Kingambit|Kingambit, M|100/100|[from] Parting Shot
|-activate|p1a: Kingambit|ability: Supreme Overlord
|-start|p1a: Kingambit|fallen2|[silent]
|move|p2a: Snorlax|Heavy Slam|p1a: Kingambit
|-resisted|p1a: Kingambit
|-damage|p1a: Kingambit|81/100
|
|upkeep
|turn|12
|inactive|Disband ICE has 120 seconds left.
|
|t:|1760850695
|move|p1a: Kingambit|Low Kick|p2a: Snorlax
|-supereffective|p2a: Snorlax
|-damage|p2a: Snorlax|38/100
|move|p2a: Snorlax|Heat Crash|p1a: Kingambit
|-supereffective|p1a: Kingambit
|-damage|p1a: Kingambit|0 fnt
|faint|p1a: Kingambit
|-end|p1a: Kingambit|fallen2|[silent]
|
|-sideend|p2: Disband ICE|move: Light Screen
|upkeep
|
|t:|1760850704
|switch|p1a: Mamoswine|Mamoswine, M|100/100
|turn|13
|inactive|Disband ICE has 120 seconds left.
|
|t:|1760850720
|move|p1a: Mamoswine|Earthquake|p2a: Snorlax
|-damage|p2a: Snorlax|16/100
|move|p2a: Snorlax|Heavy Slam|p1a: Mamoswine
|-supereffective|p1a: Mamoswine
|-damage|p1a: Mamoswine|48/100
|
|upkeep
|turn|14
|
|t:|1760850731
|move|p1a: Mamoswine|Earthquake|p2a: Snorlax
|-damage|p2a: Snorlax|0 fnt
|faint|p2a: Snorlax
|
|-sideend|p2: Disband ICE|Reflect
|upkeep
|
|t:|1760850735
|switch|p2a: Mr Grimm|Grimmsnarl, M|64/100
|turn|15
|
|t:|1760850742
|move|p1a: Mamoswine|Ice Shard|p2a: Mr Grimm
|-damage|p2a: Mr Grimm|44/100
|move|p2a: Mr Grimm|Reflect|p2a: Mr Grimm
|-sidestart|p2: Disband ICE|Reflect
|
|upkeep
|turn|16
|
|t:|1760850749
|move|p2a: Mr Grimm|Light Screen|p2a: Mr Grimm
|-sidestart|p2: Disband ICE|move: Light Screen
|move|p1a: Mamoswine|Earthquake|p2a: Mr Grimm
|-damage|p2a: Mr Grimm|20/100
|
|-sideend|p1: burnlord|Reflect
|upkeep
|turn|17
|
|t:|1760850760
|move|p1a: Mamoswine|Earthquake|p2a: Mr Grimm
|-damage|p2a: Mr Grimm|0 fnt
|faint|p2a: Mr Grimm
|
|-sideend|p1: burnlord|move: Light Screen
|upkeep
|inactive|Disband ICE has 120 seconds left.
|
|t:|1760850786
|switch|p2a: Dragapult|Dragapult, M|66/100
|turn|18
|
|t:|1760850791
|move|p2a: Dragapult|Dragon Darts|p1a: Mamoswine
|-damage|p1a: Mamoswine|20/100
|-anim|p2a: Dragapult|Dragon Darts|p1a: Mamoswine
|-damage|p1a: Mamoswine|0 fnt
|faint|p1a: Mamoswine
|
|upkeep
|
|t:|1760850801
|switch|p1a: Grimmsnarl|Grimmsnarl, M|100/100
|turn|19
|
|t:|1760850814
|switch|p2a: Zamazenta|Zamazenta|32/100
|move|p1a: Grimmsnarl|Parting Shot|p2a: Zamazenta
|-unboost|p2a: Zamazenta|atk|1
|-unboost|p2a: Zamazenta|spa|1
|
|t:|1760850820
|switch|p1a: Iron Crown|Iron Crown|100/100|[from] Parting Shot
|
|-heal|p2a: Zamazenta|38/100|[from] item: Leftovers
|upkeep
|turn|20
|
|t:|1760850833
|switch|p2a: Dragapult|Dragapult, M|66/100
|move|p1a: Iron Crown|Volt Switch|p2a: Dragapult
|-resisted|p2a: Dragapult
|-damage|p2a: Dragapult|54/100
|
|t:|1760850839
|-end|p1a: Iron Crown|Quark Drive|[silent]
|switch|p1a: Grimmsnarl|Grimmsnarl, M|100/100|[from] Volt Switch
|
|upkeep
|turn|21
|
|t:|1760850846
|move|p2a: Dragapult|U-turn|p1a: Grimmsnarl
|-damage|p1a: Grimmsnarl|71/100
|
|t:|1760850858
|switch|p2a: Hoopa|Hoopa-Unbound|77/100|[from] U-turn
|move|p1a: Grimmsnarl|Spirit Break|p2a: Hoopa
|-supereffective|p2a: Hoopa
|-damage|p2a: Hoopa|45/100
|-unboost|p2a: Hoopa|spa|1
|
|-heal|p2a: Hoopa|51/100|[from] item: Leftovers
|upkeep
|turn|22
|
|t:|1760850875
|move|p2a: Hoopa|Thunderbolt|p1a: Grimmsnarl
|-damage|p1a: Grimmsnarl|54/100
|move|p1a: Grimmsnarl|Spirit Break|p2a: Hoopa
|-supereffective|p2a: Hoopa
|-damage|p2a: Hoopa|23/100
|-unboost|p2a: Hoopa|spa|1
|
|-heal|p2a: Hoopa|29/100|[from] item: Leftovers
|-sideend|p2: Disband ICE|Reflect
|upkeep
|turn|23
|
|t:|1760850888
|move|p1a: Grimmsnarl|Parting Shot|p2a: Hoopa
|-hint|Since gen 7, Dark is immune to Prankster moves.
|-immune|p2a: Hoopa
|move|p2a: Hoopa|Thunderbolt|p1a: Grimmsnarl
|-damage|p1a: Grimmsnarl|41/100
|
|-heal|p2a: Hoopa|35/100|[from] item: Leftovers
|-sideend|p2: Disband ICE|move: Light Screen
|upkeep
|turn|24
|inactive|Disband ICE has 120 seconds left.
|
|t:|1760850943
|move|p2a: Hoopa|Thunderbolt|p1a: Grimmsnarl
|-damage|p1a: Grimmsnarl|28/100
|move|p1a: Grimmsnarl|Spirit Break|p2a: Hoopa
|-supereffective|p2a: Hoopa
|-damage|p2a: Hoopa|0 fnt
|faint|p2a: Hoopa
|
|upkeep
|
|t:|1760850949
|switch|p2a: Zamazenta|Zamazenta|38/100
|turn|25
|
|t:|1760850956
|move|p2a: Zamazenta|Heavy Slam|p1a: Grimmsnarl
|-supereffective|p1a: Grimmsnarl
|-damage|p1a: Grimmsnarl|0 fnt
|faint|p1a: Grimmsnarl
|
|-heal|p2a: Zamazenta|44/100|[from] item: Leftovers
|upkeep
|
|t:|1760850963
|switch|p1a: Iron Crown|Iron Crown|100/100
|turn|26
|inactive|Disband ICE has 120 seconds left.
|
|t:|1760850972
|move|p2a: Zamazenta|Crunch|p1a: Iron Crown
|-supereffective|p1a: Iron Crown
|-damage|p1a: Iron Crown|38/100
|move|p1a: Iron Crown|Tachyon Cutter|p2a: Zamazenta
|-damage|p2a: Zamazenta|8/100
|-damage|p2a: Zamazenta|0 fnt
|faint|p2a: Zamazenta
|-hitcount|p2: Zamazenta|2
|
|upkeep
|inactive|Disband ICE has 120 seconds left.
|
|t:|1760850981
|switch|p2a: Dragapult|Dragapult, M|54/100
|turn|27
|
|t:|1760850985
|move|p2a: Dragapult|Shadow Ball|p1a: Iron Crown
|-supereffective|p1a: Iron Crown
|-damage|p1a: Iron Crown|0 fnt
|faint|p1a: Iron Crown
|-end|p1a: Iron Crown|Quark Drive|[silent]
|
|win|Disband ICE
|raw|burnlord's rating: 1080 &rarr; <strong>1062</strong><br />(-18 for losing)
|raw|Disband ICE's rating: 1152 &rarr; <strong>1172</strong><br />(+20 for winning)
|l|☆Disband ICE
|player|p2|
|l|☆burnlord
|player|p1|
