|j|☆Kroodos
|j|☆Pseeeeeebsuuu
|t:|1760878976
|gametype|singles
|player|p1|Kroodos|265|1341
|player|p2|Pseeeeeebsuuu|unknown|1342
|gen|9
|tier|[Gen 9] OU
|rated|
|rule|HP Percentage Mod: HP is shown in percentages
|rule|Endless Battle Clause: Forcing endless battles is banned
|rule|Species Clause: Limit one of each Pokémon
|rule|OHKO Clause: OHKO moves are banned
|rule|Evasion Items Clause: Evasion items are banned
|rule|Evasion Moves Clause: Evasion moves are banned
|rule|Evasion Abilities Clause: Evasion abilities are banned
|rule|Sleep Moves Clause: Sleep-inducing moves are banned
|clearpoke
|poke|p1|Kingambit, M|
|poke|p1|Iron Moth|
|poke|p1|Samurott-Hisui, F|
|poke|p1|Zapdos|
|poke|p1|Kyurem|
|poke|p1|Golurk|
|poke|p2|Greninja-*, M|
|poke|p2|Bronzong|
|poke|p2|Serperior, M|
|poke|p2|Tsareena, F|
|poke|p2|Deoxys-Defense|
|poke|p2|Torkoal, F|
|teampreview
|inactive|Battle timer is ON: inactive players will automatically lose when time's up. (requested by Kroodos)
|
|t:|1760879005
|teamsize|p1|6
|teamsize|p2|6
|start
|switch|p1a: Samurott|Samurott-Hisui, F|100/100
|switch|p2a: Serperior|Serperior, M, shiny|100/100
|turn|1
|
|t:|1760879034
|move|p2a: Serperior|Leaf Storm|p1a: Samurott
|-supereffective|p1a: Samurott
|-enditem|p1a: Samurott|Focus Sash
|-damage|p1a: Samurott|1/100
|-boost|p2a: Serperior|spa|2
|move|p1a: Samurott|Ceaseless Edge|p2a: Serperior|[miss]
|-miss|p1a: Samurott|p2a: Serperior
|
|upkeep
|turn|2
|
|t:|1760879040
|move|p2a: Serperior|Leaf Storm|p1a: Samurott|[miss]
|-miss|p2a: Serperior|p1a: Samurott
|move|p1a: Samurott|Ceaseless Edge|p2a: Serperior
|-damage|p2a: Serperior|57/100
|-sidestart|p2: Pseeeeeebsuuu|Spikes
|
|upkeep
|turn|3
|
|t:|1760879068
|switch|p1a: Zapdos|Zapdos|100/100
|move|p2a: Serperior|Leaf Storm|p1a: Zapdos
|-resisted|p1a: Zapdos
|-damage|p1a: Zapdos|66/100
|-boost|p2a: Serperior|spa|2
|
|upkeep
|turn|4
|
|t:|1760879081
|move|p2a: Serperior|Substitute|p2a: Serperior
|-start|p2a: Serperior|Substitute
|-damage|p2a: Serperior|32/100
|move|p1a: Zapdos|Hurricane|p2a: Serperior
|-supereffective|p2a: Serperior
|-end|p2a: Serperior|Substitute
|
|upkeep
|turn|5
|
|t:|1760879086
|move|p2a: Serperior|Substitute|p2a: Serperior
|-start|p2a: Serperior|Substitute
|-damage|p2a: Serperior|7/100
|move|p1a: Zapdos|Hurricane|p2a: Serperior|[miss]
|-miss|p1a: Zapdos|p2a: Serperior
|
|upkeep
|turn|6
|
|t:|1760879092
|move|p2a: Serperior|Dragon Pulse|p1a: Zapdos
|-damage|p1a: Zapdos|19/100
|move|p1a: Zapdos|Hurricane|p2a: Serperior|[miss]
|-miss|p1a: Zapdos|p2a: Serperior
|
|upkeep
|turn|7
|
|t:|1760879099
|move|p2a: Serperior|Leaf Storm|p1a: Zapdos
|-resisted|p1a: Zapdos
|-damage|p1a: Zapdos|0 fnt
|-boost|p2a: Serperior|spa|2
|faint|p1a: Zapdos
|
|upkeep
|
|t:|1760879124
|switch|p1a: Iron Moth|Iron Moth|100/100
|-enditem|p1a: Iron Moth|Booster Energy
|-activate|p1a: Iron Moth|ability: Quark Drive|[fromitem]
|-start|p1a: Iron Moth|quarkdrivespe
|turn|8
|
|t:|1760879136
|move|p1a: Iron Moth|Sludge Wave|p2a: Serperior
|-supereffective|p2a: Serperior
|-end|p2a: Serperior|Substitute
|move|p2a: Serperior|Dragon Pulse|p1a: Iron Moth
|-damage|p1a: Iron Moth|31/100
|
|upkeep
|turn|9
|
|t:|1760879141
|move|p1a: Iron Moth|Fiery Dance|p2a: Serperior
|-supereffective|p2a: Serperior
|-damage|p2a: Serperior|0 fnt
|faint|p2a: Serperior
|
|upkeep
|
|t:|1760879147
|switch|p2a: Tsareena|Tsareena, F|100/100
|-damage|p2a: Tsareena|88/100|[from] Spikes
|turn|10
|
|t:|1760879152
|move|p1a: Iron Moth|Fiery Dance|p2a: Tsareena
|-supereffective|p2a: Tsareena
|-damage|p2a: Tsareena|0 fnt
|faint|p2a: Tsareena
|
|upkeep
|
|t:|1760879180
|switch|p2a: Greninja|Greninja, M, shiny|100/100
|-damage|p2a: Greninja|88/100|[from] Spikes
|turn|11
|
|t:|1760879202
|move|p2a: Greninja|Water Shuriken|p1a: Iron Moth
|-start|p2a: Greninja|typechange|Water|[from] ability: Protean
|-supereffective|p1a: Iron Moth
|-damage|p1a: Iron Moth|9/100
|-supereffective|p1a: Iron Moth
|-damage|p1a: Iron Moth|0 fnt
|faint|p1a: Iron Moth
|-end|p1a: Iron Moth|Quark Drive|[silent]
|-hitcount|p1: Iron Moth|2
|
|upkeep
|
|t:|1760879208
|switch|p1a: Kyurem|Kyurem|100/100
|-ability|p1a: Kyurem|Pressure
|turn|12
|
|t:|1760879231
|switch|p2a: Bronzong|Bronzong|100/100
|move|p1a: Kyurem|Scale Shot|p2a: Bronzong
|-resisted|p2a: Bronzong
|-damage|p2a: Bronzong|95/100
|-resisted|p2a: Bronzong
|-damage|p2a: Bronzong|89/100
|-resisted|p2a: Bronzong
|-damage|p2a: Bronzong|82/100
|-resisted|p2a: Bronzong
|-damage|p2a: Bronzong|76/100
|-resisted|p2a: Bronzong
|-damage|p2a: Bronzong|70/100
|-hitcount|p2a: Bronzong|5
|-unboost|p1a: Kyurem|def|1
|-boost|p1a: Kyurem|spe|1
|
|upkeep
|turn|13
|
|t:|1760879245
|move|p1a: Kyurem|Icicle Spear|p2a: Bronzong
|-resisted|p2a: Bronzong
|-damage|p2a: Bronzong|64/100
|-resisted|p2a: Bronzong
|-damage|p2a: Bronzong|58/100
|-resisted|p2a: Bronzong
|-damage|p2a: Bronzong|53/100
|-resisted|p2a: Bronzong
|-damage|p2a: Bronzong|47/100
|-resisted|p2a: Bronzong
|-damage|p2a: Bronzong|41/100
|-hitcount|p2a: Bronzong|5
|move|p2a: Bronzong|Stealth Rock|p1a: Kyurem
|-sidestart|p1: Kroodos|move: Stealth Rock
|
|upkeep
|turn|14
|
|t:|1760879261
|move|p1a: Kyurem|Icicle Spear|p2a: Bronzong
|-resisted|p2a: Bronzong
|-damage|p2a: Bronzong|35/100
|-resisted|p2a: Bronzong
|-damage|p2a: Bronzong|29/100
|-resisted|p2a: Bronzong
|-damage|p2a: Bronzong|22/100
|-resisted|p2a: Bronzong
|-damage|p2a: Bronzong|16/100
|-resisted|p2a: Bronzong
|-damage|p2a: Bronzong|10/100
|-hitcount|p2a: Bronzong|5
|move|p2a: Bronzong|Trick Room|p2a: Bronzong
|-fieldstart|move: Trick Room|[of] p2a: Bronzong
|
|upkeep
|turn|15
|
|t:|1760879274
|move|p2a: Bronzong|Gyro Ball|p1a: Kyurem
|-supereffective|p1a: Kyurem
|-damage|p1a: Kyurem|0 fnt
|faint|p1a: Kyurem
|-damage|p2a: Bronzong|0 fnt|[from] item: Life Orb
|faint|p2a: Bronzong
|
|upkeep
|
|t:|1760879287
|switch|p2a: Torkoal|Torkoal, F|100/100
|switch|p1a: Samurott|Samurott-Hisui, F|1/100
|-damage|p2a: Torkoal|88/100|[from] Spikes
|-weather|SunnyDay|[from] ability: Drought|[of] p2a: Torkoal
|-damage|p1a: Samurott|0 fnt|[from] Stealth Rock
|faint|p1a: Samurott
|
|t:|1760879289
|switch|p1a: Golurk|Golurk|100/100
|-damage|p1a: Golurk|94/100|[from] Stealth Rock
|turn|16
|
|t:|1760879302
|-terastallize|p2a: Torkoal|Fire
|move|p2a: Torkoal|Eruption|p1a: Golurk
|-damage|p1a: Golurk|0 fnt
|faint|p1a: Golurk
|-damage|p2a: Torkoal|78/100|[from] item: Life Orb
|
|-weather|SunnyDay|[upkeep]
|upkeep
|
|t:|1760879307
|switch|p1a: Kingambit|Kingambit, M|100/100
|-damage|p1a: Kingambit|94/100|[from] Stealth Rock
|-activate|p1a: Kingambit|ability: Supreme Overlord
|-start|p1a: Kingambit|fallen5|[silent]
|turn|17
|
|t:|1760879324
|move|p1a: Kingambit|Sucker Punch|p2a: Torkoal
|-damage|p2a: Torkoal|31/100
|move|p2a: Torkoal|Eruption|p1a: Kingambit
|-supereffective|p1a: Kingambit
|-damage|p1a: Kingambit|0 fnt
|faint|p1a: Kingambit
|-end|p1a: Kingambit|fallen5|[silent]
|-damage|p2a: Torkoal|21/100|[from] item: Life Orb
|
|win|Pseeeeeebsuuu
|raw|Kroodos's rating: 1341 &rarr; <strong>1321</strong><br />(-20 for losing)
|raw|Pseeeeeebsuuu's rating: 1342 &rarr; <strong>1362</strong><br />(+20 for winning)
|c|☆Pseeeeeebsuuu|gg
|l|☆Kroodos
|player|p1|
|l|☆Pseeeeeebsuuu
|player|p2|
