|j|☆dr.g0onar
|j|☆PixelPenguin2
|t:|1760727100
|gametype|singles
|player|p1|dr.g0onar|2|1403
|player|p2|PixelPenguin2|guitarist|1443
|gen|9
|tier|[Gen 9] OU
|rated|
|rule|HP Percentage Mod: HP is shown in percentages
|rule|Endless Battle Clause: Forcing endless battles is banned
|rule|Species Clause: Limit one of each Pokémon
|rule|OHKO Clause: OHKO moves are banned
|rule|Evasion Items Clause: Evasion items are banned
|rule|Evasion Moves Clause: Evasion moves are banned
|rule|Evasion Abilities Clause: Evasion abilities are banned
|rule|Sleep Moves Clause: Sleep-inducing moves are banned
|clearpoke
|poke|p1|Dragonite, F|
|poke|p1|Gliscor, M|
|poke|p1|Ninetales-Alola, F|
|poke|p1|Blastoise, F|
|poke|p1|Corviknight, M|
|poke|p1|Skeledirge, M|
|poke|p2|Heatran, M|
|poke|p2|Iron Valiant|
|poke|p2|Iron Treads|
|poke|p2|Dragapult, M|
|poke|p2|Samurott-Hisui, F|
|poke|p2|Tornadus-Therian, M|
|teampreview
|inactive|Battle timer is ON: inactive players will automatically lose when time's up. (requested by PixelPenguin2)
|
|t:|1760727109
|teamsize|p1|6
|teamsize|p2|6
|start
|switch|p1a: Gliscor|Gliscor, M|100/100
|switch|p2a: Heatran|Heatran, M|100/100
|turn|1
|
|t:|1760727114
|move|p1a: Gliscor|Earthquake|p2a: Heatran
|-supereffective|p2a: Heatran
|-damage|p2a: Heatran|22/100
|move|p2a: Heatran|Stealth Rock|p1a: Gliscor
|-sidestart|p1: dr.g0onar|move: Stealth Rock
|
|-status|p1a: Gliscor|tox|[from] item: Toxic Orb
|upkeep
|turn|2
|
|t:|1760727120
|move|p1a: Gliscor|Earthquake|p2a: Heatran
|-supereffective|p2a: Heatran
|-damage|p2a: Heatran|0 fnt
|faint|p2a: Heatran
|
|upkeep
|
|t:|1760727126
|switch|p2a: Samurott|Samurott-Hisui, F|100/100
|turn|3
|
|t:|1760727128
|move|p1a: Gliscor|Toxic|p2a: Samurott
|-status|p2a: Samurott|tox
|move|p2a: Samurott|Razor Shell|p1a: Gliscor
|-supereffective|p1a: Gliscor
|-damage|p1a: Gliscor|36/100 tox
|
|-heal|p1a: Gliscor|49/100 tox|[from] ability: Poison Heal
|-damage|p2a: Samurott|94/100 tox|[from] psn
|upkeep
|turn|4
|
|t:|1760727135
|move|p1a: Gliscor|Protect|p1a: Gliscor
|-singleturn|p1a: Gliscor|Protect
|move|p2a: Samurott|Razor Shell|p1a: Gliscor
|-activate|p1a: Gliscor|move: Protect
|
|-heal|p1a: Gliscor|61/100 tox|[from] ability: Poison Heal
|-damage|p2a: Samurott|82/100 tox|[from] psn
|upkeep
|turn|5
|
|t:|1760727158
|switch|p2a: Tornadus|Tornadus-Therian, M|100/100
|move|p1a: Gliscor|Stealth Rock|p2a: Tornadus
|-sidestart|p2: PixelPenguin2|move: Stealth Rock
|
|-heal|p1a: Gliscor|73/100 tox|[from] ability: Poison Heal
|upkeep
|turn|6
|
|t:|1760727162
|move|p2a: Tornadus|Bleakwind Storm|p1a: Gliscor
|-damage|p1a: Gliscor|31/100 tox
|-unboost|p1a: Gliscor|spe|1
|move|p1a: Gliscor|Toxic|p2a: Tornadus
|-status|p2a: Tornadus|tox
|
|-damage|p2a: Tornadus|94/100 tox|[from] psn
|-heal|p1a: Gliscor|43/100 tox|[from] ability: Poison Heal
|upkeep
|turn|7
|
|t:|1760727169
|move|p1a: Gliscor|Protect|p1a: Gliscor
|-singleturn|p1a: Gliscor|Protect
|move|p2a: Tornadus|Bleakwind Storm|p1a: Gliscor
|-activate|p1a: Gliscor|move: Protect
|
|-damage|p2a: Tornadus|82/100 tox|[from] psn
|-heal|p1a: Gliscor|56/100 tox|[from] ability: Poison Heal
|upkeep
|turn|8
|
|t:|1760727184
|switch|p1a: Corviknight|Corviknight, M|100/100
|-ability|p1a: Corviknight|Unnerve
|-damage|p1a: Corviknight|88/100|[from] Stealth Rock
|move|p2a: Tornadus|Bleakwind Storm|p1a: Corviknight
|-resisted|p1a: Corviknight
|-damage|p1a: Corviknight|75/100
|-unboost|p1a: Corviknight|spe|1
|
|-damage|p2a: Tornadus|64/100 tox|[from] psn
|upkeep
|turn|9
|
|t:|1760727192
|switch|p2a: Dragapult|Dragapult, M|100/100
|-damage|p2a: Dragapult|88/100|[from] Stealth Rock
|move|p1a: Corviknight|Roost|p1a: Corviknight
|-heal|p1a: Corviknight|100/100
|-singleturn|p1a: Corviknight|move: Roost
|
|upkeep
|turn|10
|
|t:|1760727211
|switch|p1a: Skeledirge|Skeledirge, M|100/100
|move|p2a: Dragapult|Will-O-Wisp|p1a: Skeledirge
|-immune|p1a: Skeledirge
|
|upkeep
|turn|11
|
|t:|1760727221
|switch|p2a: Samurott|Samurott-Hisui, F|82/100 tox
|-damage|p2a: Samurott|70/100 tox|[from] Stealth Rock
|-terastallize|p1a: Skeledirge|Water
|move|p1a: Skeledirge|Hex|p2a: Samurott
|-resisted|p2a: Samurott
|-damage|p2a: Samurott|52/100 tox
|
|-damage|p2a: Samurott|46/100 tox|[from] psn
|upkeep
|turn|12
|
|t:|1760727230
|move|p2a: Samurott|Knock Off|p1a: Skeledirge
|-damage|p1a: Skeledirge|76/100
|-enditem|p1a: Skeledirge|Heavy-Duty Boots|[from] move: Knock Off|[of] p2a: Samurott
|move|p1a: Skeledirge|Hex|p2a: Samurott
|-resisted|p2a: Samurott
|-damage|p2a: Samurott|30/100 tox
|
|-damage|p2a: Samurott|17/100 tox|[from] psn
|upkeep
|turn|13
|
|t:|1760727237
|move|p2a: Samurott|Knock Off|p1a: Skeledirge
|-damage|p1a: Skeledirge|57/100
|move|p1a: Skeledirge|Slack Off|p1a: Skeledirge
|-heal|p1a: Skeledirge|100/100
|
|-damage|p2a: Samurott|0 fnt|[from] psn
|faint|p2a: Samurott
|upkeep
|
|t:|1760727243
|switch|p2a: Iron Valiant|Iron Valiant|100/100
|-damage|p2a: Iron Valiant|94/100|[from] Stealth Rock
|turn|14
|
|t:|1760727255
|switch|p1a: Dragonite|Dragonite, F|100/100
|-terastallize|p2a: Iron Valiant|Fairy
|move|p2a: Iron Valiant|Moonblast|p1a: Dragonite
|-supereffective|p1a: Dragonite
|-damage|p1a: Dragonite|5/100
|-unboost|p1a: Dragonite|spa|1
|
|upkeep
|turn|15
|
|t:|1760727263
|-end|p2a: Iron Valiant|Quark Drive|[silent]
|switch|p2a: Iron Treads|Iron Treads|100/100
|-damage|p2a: Iron Treads|98/100|[from] Stealth Rock
|move|p1a: Dragonite|Extreme Speed|p2a: Iron Treads
|-resisted|p2a: Iron Treads
|-crit|p2a: Iron Treads
|-damage|p2a: Iron Treads|79/100
|
|-heal|p2a: Iron Treads|85/100|[from] item: Leftovers
|upkeep
|turn|16
|
|t:|1760727270
|move|p1a: Dragonite|Earthquake|p2a: Iron Treads
|-supereffective|p2a: Iron Treads
|-damage|p2a: Iron Treads|27/100
|move|p2a: Iron Treads|Rapid Spin|p1a: Dragonite
|-damage|p1a: Dragonite|0 fnt
|-boost|p2a: Iron Treads|spe|1
|-sideend|p2: PixelPenguin2|Stealth Rock|[from] move: Rapid Spin|[of] p2a: Iron Treads
|faint|p1a: Dragonite
|
|-heal|p2a: Iron Treads|33/100|[from] item: Leftovers
|upkeep
|
|t:|1760727282
|switch|p1a: Skeledirge|Skeledirge, M, tera:Water|100/100
|-damage|p1a: Skeledirge|88/100|[from] Stealth Rock
|turn|17
|
|t:|1760727291
|move|p2a: Iron Treads|Earthquake|p1a: Skeledirge
|-damage|p1a: Skeledirge|67/100
|move|p1a: Skeledirge|Torch Song|p2a: Iron Treads
|-supereffective|p2a: Iron Treads
|-crit|p2a: Iron Treads
|-damage|p2a: Iron Treads|0 fnt
|-boost|p1a: Skeledirge|spa|1
|faint|p2a: Iron Treads
|-end|p2a: Iron Treads|Quark Drive|[silent]
|
|upkeep
|
|t:|1760727294
|switch|p2a: Iron Valiant|Iron Valiant, tera:Fairy|94/100
|turn|18
|
|t:|1760727298
|move|p2a: Iron Valiant|Moonblast|p1a: Skeledirge
|-crit|p1a: Skeledirge
|-damage|p1a: Skeledirge|0 fnt
|faint|p1a: Skeledirge
|
|upkeep
|
|t:|1760727305
|switch|p1a: Corviknight|Corviknight, M|100/100
|-ability|p1a: Corviknight|Unnerve
|-damage|p1a: Corviknight|88/100|[from] Stealth Rock
|turn|19
|
|t:|1760727318
|-end|p2a: Iron Valiant|Quark Drive|[silent]
|switch|p2a: Dragapult|Dragapult, M|88/100
|move|p1a: Corviknight|Defog|p2a: Dragapult
|-fail|p2a: Dragapult|unboost|[from] ability: Clear Body|[of] p2a: Dragapult
|-sideend|p1: dr.g0onar|Stealth Rock|[from] move: Defog|[of] p1a: Corviknight
|
|upkeep
|turn|20
|
|t:|1760727323
|switch|p1a: Ninetales|Ninetales-Alola, F|100/100
|-weather|Snowscape|[from] ability: Snow Warning|[of] p1a: Ninetales
|move|p2a: Dragapult|Will-O-Wisp|p1a: Ninetales
|-status|p1a: Ninetales|brn
|
|-weather|Snowscape|[upkeep]
|-damage|p1a: Ninetales|95/100 brn|[from] brn
|upkeep
|turn|21
|
|t:|1760727329
|switch|p2a: Tornadus|Tornadus-Therian, M|97/100 tox
|move|p1a: Ninetales|Aurora Veil|p1a: Ninetales
|-sidestart|p1: dr.g0onar|move: Aurora Veil
|
|-weather|Snowscape|[upkeep]
|-damage|p2a: Tornadus|91/100 tox|[from] psn
|-damage|p1a: Ninetales|89/100 brn|[from] brn
|upkeep
|turn|22
|
|t:|1760727337
|move|p2a: Tornadus|Bleakwind Storm|p1a: Ninetales
|-damage|p1a: Ninetales|65/100 brn
|move|p1a: Ninetales|Blizzard|p2a: Tornadus
|-supereffective|p2a: Tornadus
|-damage|p2a: Tornadus|36/100 tox
|
|-weather|Snowscape|[upkeep]
|-damage|p2a: Tornadus|24/100 tox|[from] psn
|-damage|p1a: Ninetales|59/100 brn|[from] brn
|upkeep
|turn|23
|
|t:|1760727346
|move|p2a: Tornadus|Knock Off|p1a: Ninetales
|-resisted|p1a: Ninetales
|-damage|p1a: Ninetales|54/100 brn
|-enditem|p1a: Ninetales|Light Clay|[from] move: Knock Off|[of] p2a: Tornadus
|move|p1a: Ninetales|Freeze-Dry|p2a: Tornadus
|-supereffective|p2a: Tornadus
|-damage|p2a: Tornadus|0 fnt
|faint|p2a: Tornadus
|
|-weather|Snowscape|[upkeep]
|-damage|p1a: Ninetales|48/100 brn|[from] brn
|upkeep
|
|t:|1760727351
|switch|p2a: Iron Valiant|Iron Valiant, tera:Fairy|94/100
|turn|24
|
|t:|1760727355
|move|p2a: Iron Valiant|Moonblast|p1a: Ninetales
|-damage|p1a: Ninetales|0 fnt
|faint|p1a: Ninetales
|
|-weather|none
|upkeep
|
|t:|1760727359
|switch|p1a: Blastoise|Blastoise, F|100/100
|turn|25
|
|t:|1760727362
|move|p2a: Iron Valiant|Moonblast|p1a: Blastoise
|-damage|p1a: Blastoise|53/100
|move|p1a: Blastoise|Shell Smash|p1a: Blastoise
|-unboost|p1a: Blastoise|def|1
|-unboost|p1a: Blastoise|spd|1
|-boost|p1a: Blastoise|atk|2
|-boost|p1a: Blastoise|spa|2
|-boost|p1a: Blastoise|spe|2
|-enditem|p1a: Blastoise|White Herb
|-clearnegativeboost|p1a: Blastoise|[silent]
|
|upkeep
|turn|26
|
|t:|1760727374
|-end|p2a: Iron Valiant|Quark Drive|[silent]
|switch|p2a: Dragapult|Dragapult, M|88/100
|move|p1a: Blastoise|Surf|p2a: Dragapult
|-resisted|p2a: Dragapult
|-damage|p2a: Dragapult|36/100
|
|upkeep
|turn|27
|
|t:|1760727378
|move|p1a: Blastoise|Surf|p2a: Dragapult
|-resisted|p2a: Dragapult
|-damage|p2a: Dragapult|0 fnt
|faint|p2a: Dragapult
|
|upkeep
|
|t:|1760727381
|switch|p2a: Iron Valiant|Iron Valiant, tera:Fairy|94/100
|turn|28
|
|t:|1760727383
|move|p1a: Blastoise|Surf|p2a: Iron Valiant
|-damage|p2a: Iron Valiant|0 fnt
|faint|p2a: Iron Valiant
|-end|p2a: Iron Valiant|Quark Drive|[silent]
|
|win|dr.g0onar
|raw|dr.g0onar's rating: 1403 &rarr; <strong>1425</strong><br />(+22 for winning)
|raw|PixelPenguin2's rating: 1443 &rarr; <strong>1421</strong><br />(-22 for losing)
|l|☆PixelPenguin2
|player|p2|
|l|☆dr.g0onar
|player|p1|
