|j|☆maractus' no1 fan
|j|☆DomCat
|t:|1760768104
|gametype|singles
|player|p1|maractus' no1 fan|169|1393
|player|p2|DomCat|lady-gen4|1336
|gen|9
|tier|[Gen 9] OU
|rated|
|rule|HP Percentage Mod: HP is shown in percentages
|rule|Endless Battle Clause: Forcing endless battles is banned
|rule|Species Clause: Limit one of each Pokémon
|rule|OHKO Clause: OHKO moves are banned
|rule|Evasion Items Clause: Evasion items are banned
|rule|Evasion Moves Clause: Evasion moves are banned
|rule|Evasion Abilities Clause: Evasion abilities are banned
|rule|Sleep Moves Clause: Sleep-inducing moves are banned
|clearpoke
|poke|p1|Ogerpon, F|
|poke|p1|Rillaboom, M|
|poke|p1|Hawlucha, F|
|poke|p1|Hatterene, F|
|poke|p1|Ninetales-Alola, F|
|poke|p1|Kingambit, F|
|poke|p2|Heatran, M|
|poke|p2|Quaquaval, M|
|poke|p2|Garganacl, M|
|poke|p2|Gliscor, F|
|poke|p2|Zapdos|
|poke|p2|Walking Wake|
|teampreview
|inactive|Battle timer is ON: inactive players will automatically lose when time's up. (requested by DomCat)
|
|t:|1760768127
|teamsize|p1|6
|teamsize|p2|6
|start
|switch|p1a: Ninetales|Ninetales-Alola, F|100/100
|switch|p2a: Himalayan Salt|Garganacl, M|100/100
|-weather|Snowscape|[from] ability: Snow Warning|[of] p1a: Ninetales
|turn|1
|
|t:|1760768134
|switch|p1a: Rillaboom|Rillaboom, M|100/100
|-fieldstart|move: Grassy Terrain|[from] ability: Grassy Surge|[of] p1a: Rillaboom
|move|p2a: Himalayan Salt|Salt Cure|p1a: Rillaboom
|-crit|p1a: Rillaboom
|-damage|p1a: Rillaboom|71/100
|-start|p1a: Rillaboom|Salt Cure
|
|-weather|Snowscape|[upkeep]
|-heal|p1a: Rillaboom|78/100|[from] Grassy Terrain
|-damage|p1a: Rillaboom|65/100|[from] Salt Cure
|upkeep
|turn|2
|
|t:|1760768144
|move|p2a: Himalayan Salt|Protect|p2a: Himalayan Salt
|-singleturn|p2a: Himalayan Salt|Protect
|move|p1a: Rillaboom|U-turn|p2a: Himalayan Salt
|-activate|p2a: Himalayan Salt|move: Protect
|
|-weather|Snowscape|[upkeep]
|-heal|p1a: Rillaboom|71/100|[from] Grassy Terrain
|-damage|p1a: Rillaboom|59/100|[from] Salt Cure
|upkeep
|turn|3
|
|t:|1760768152
|move|p1a: Rillaboom|Knock Off|p2a: Himalayan Salt
|-damage|p2a: Himalayan Salt|74/100
|-enditem|p2a: Himalayan Salt|Leftovers|[from] move: Knock Off|[of] p1a: Rillaboom
|move|p2a: Himalayan Salt|Salt Cure|p1a: Rillaboom
|-damage|p1a: Rillaboom|40/100
|
|-weather|Snowscape|[upkeep]
|-heal|p1a: Rillaboom|47/100|[from] Grassy Terrain
|-heal|p2a: Himalayan Salt|80/100|[from] Grassy Terrain
|-damage|p1a: Rillaboom|34/100|[from] Salt Cure
|upkeep
|turn|4
|
|t:|1760768162
|switch|p1a: Ogerpon|Ogerpon, F|100/100
|move|p2a: Himalayan Salt|Protect||[still]
|-fail|p2a: Himalayan Salt
|
|-weather|Snowscape|[upkeep]
|-heal|p2a: Himalayan Salt|86/100|[from] Grassy Terrain
|upkeep
|turn|5
|
|t:|1760768170
|switch|p2a: Molten Salt|Heatran, M|100/100
|move|p1a: Ogerpon|Ivy Cudgel|p2a: Molten Salt
|-resisted|p2a: Molten Salt
|-crit|p2a: Molten Salt
|-damage|p2a: Molten Salt|82/100
|
|-weather|none
|-heal|p2a: Molten Salt|88/100|[from] Grassy Terrain
|-heal|p2a: Molten Salt|94/100|[from] item: Leftovers
|upkeep
|turn|6
|
|t:|1760768179
|switch|p1a: Ninetales|Ninetales-Alola, F|100/100
|-weather|Snowscape|[from] ability: Snow Warning|[of] p1a: Ninetales
|move|p2a: Molten Salt|Magma Storm|p1a: Ninetales|[miss]
|-miss|p2a: Molten Salt|p1a: Ninetales
|
|-weather|Snowscape|[upkeep]
|-heal|p2a: Molten Salt|100/100|[from] Grassy Terrain
|upkeep
|turn|7
|
|t:|1760768188
|move|p1a: Ninetales|Aurora Veil|p1a: Ninetales
|-sidestart|p1: maractus' no1 fan|move: Aurora Veil
|move|p2a: Molten Salt|Magma Storm|p1a: Ninetales
|-supereffective|p1a: Ninetales
|-damage|p1a: Ninetales|45/100
|-activate|p1a: Ninetales|move: Magma Storm|[of] p2a: Molten Salt
|
|-weather|Snowscape|[upkeep]
|-heal|p1a: Ninetales|51/100|[from] Grassy Terrain
|-damage|p1a: Ninetales|39/100|[from] move: Magma Storm|[partiallytrapped]
|upkeep
|turn|8
|
|t:|1760768196
|move|p2a: Molten Salt|Protect|p2a: Molten Salt
|-singleturn|p2a: Molten Salt|Protect
|move|p1a: Ninetales|Encore|p2a: Molten Salt
|-activate|p2a: Molten Salt|move: Protect
|
|-weather|Snowscape|[upkeep]
|-heal|p1a: Ninetales|45/100|[from] Grassy Terrain
|-damage|p1a: Ninetales|33/100|[from] move: Magma Storm|[partiallytrapped]
|-fieldend|move: Grassy Terrain
|upkeep
|turn|9
|
|t:|1760768204
|move|p1a: Ninetales|Encore|p2a: Molten Salt
|-start|p2a: Molten Salt|Encore
|move|p2a: Molten Salt|Protect||[still]
|-fail|p2a: Molten Salt
|
|-weather|Snowscape|[upkeep]
|-damage|p1a: Ninetales|20/100|[from] move: Magma Storm|[partiallytrapped]
|upkeep
|turn|10
|
|t:|1760768211
|move|p2a: Molten Salt|Protect|p2a: Molten Salt
|-singleturn|p2a: Molten Salt|Protect
|move|p1a: Ninetales|Moonblast|p2a: Molten Salt
|-activate|p2a: Molten Salt|move: Protect
|
|-weather|none
|-damage|p1a: Ninetales|8/100|[from] move: Magma Storm|[partiallytrapped]
|upkeep
|turn|11
|
|t:|1760768218
|move|p2a: Molten Salt|Protect||[still]
|-fail|p2a: Molten Salt
|move|p1a: Ninetales|Moonblast|p2a: Molten Salt
|-resisted|p2a: Molten Salt
|-damage|p2a: Molten Salt|95/100
|
|-heal|p2a: Molten Salt|100/100|[from] item: Leftovers
|-end|p1a: Ninetales|Magma Storm|[partiallytrapped]
|-end|p2a: Molten Salt|Encore
|upkeep
|turn|12
|
|t:|1760768227
|switch|p1a: Rillaboom|Rillaboom, M|34/100
|-fieldstart|move: Grassy Terrain|[from] ability: Grassy Surge|[of] p1a: Rillaboom
|move|p2a: Molten Salt|Stealth Rock|p1a: Rillaboom
|-sidestart|p1: maractus' no1 fan|move: Stealth Rock
|
|-heal|p1a: Rillaboom|40/100|[from] Grassy Terrain
|upkeep
|turn|13
|
|t:|1760768236
|move|p2a: Molten Salt|Protect|p2a: Molten Salt
|-singleturn|p2a: Molten Salt|Protect
|move|p1a: Rillaboom|U-turn|p2a: Molten Salt
|-activate|p2a: Molten Salt|move: Protect
|
|-heal|p1a: Rillaboom|47/100|[from] Grassy Terrain
|upkeep
|turn|14
|-message|maractus' no1 fan forfeited.
|
|win|DomCat
|raw|maractus&apos; no1 fan's rating: 1393 &rarr; <strong>1370</strong><br />(-23 for losing)
|raw|DomCat's rating: 1336 &rarr; <strong>1359</strong><br />(+23 for winning)
|l|☆maractus' no1 fan
|player|p1|
