|j|☆jkihl
|j|☆enormouschilli
|t:|1760768368
|gametype|singles
|player|p1|jkihl|wallace|1238
|player|p2|enormouschilli|2|1282
|gen|9
|tier|[Gen 9] OU
|rated|
|rule|HP Percentage Mod: HP is shown in percentages
|rule|Endless Battle Clause: Forcing endless battles is banned
|rule|Species Clause: Limit one of each Pokémon
|rule|OHKO Clause: OHKO moves are banned
|rule|Evasion Items Clause: Evasion items are banned
|rule|Evasion Moves Clause: Evasion moves are banned
|rule|Evasion Abilities Clause: Evasion abilities are banned
|rule|Sleep Moves Clause: Sleep-inducing moves are banned
|clearpoke
|poke|p1|Iron Treads|
|poke|p1|Garganacl, F|
|poke|p1|Ogerpon-Wellspring, F|
|poke|p1|Moltres|
|poke|p1|Gholdengo|
|poke|p1|Zamazenta-*|
|poke|p2|Hatterene, F|
|poke|p2|Indeedee-F, F|
|poke|p2|Cresselia, F|
|poke|p2|Crawdaunt, F|
|poke|p2|Scrafty, F|
|poke|p2|Diancie|
|teampreview
|
|t:|1760768402
|teamsize|p1|6
|teamsize|p2|6
|start
|switch|p1a: Ogerpon|Ogerpon-Wellspring, F|100/100
|switch|p2a: Indeedee|Indeedee-F, F|100/100
|-fieldstart|move: Psychic Terrain|[from] ability: Psychic Surge|[of] p2a: Indeedee
|turn|1
|inactive|Battle timer is ON: inactive players will automatically lose when time's up. (requested by enormouschilli)
|
|t:|1760768410
|move|p1a: Ogerpon|Spikes|p2a: Indeedee
|-sidestart|p2: enormouschilli|Spikes
|move|p2a: Indeedee|Trick Room|p2a: Indeedee
|-fieldstart|move: Trick Room|[of] p2a: Indeedee
|
|upkeep
|turn|2
|
|t:|1760768419
|move|p2a: Indeedee|Psychic|p1a: Ogerpon
|-damage|p1a: Ogerpon|56/100
|-unboost|p1a: Ogerpon|spd|1
|move|p1a: Ogerpon|Spikes|p2a: Indeedee
|-sidestart|p2: enormouschilli|Spikes
|
|upkeep
|turn|3
|
|t:|1760768430
|switch|p1a: Garganacl|Garganacl, F|100/100
|move|p2a: Indeedee|Psychic|p1a: Garganacl
|-crit|p1a: Garganacl
|-damage|p1a: Garganacl|61/100
|
|-heal|p1a: Garganacl|67/100|[from] item: Leftovers
|upkeep
|turn|4
|
|t:|1760768437
|move|p1a: Garganacl|Salt Cure|p2a: Indeedee
|-damage|p2a: Indeedee|87/100
|-start|p2a: Indeedee|Salt Cure
|move|p2a: Indeedee|Psychic|p1a: Garganacl
|-damage|p1a: Garganacl|36/100
|
|-heal|p1a: Garganacl|43/100|[from] item: Leftovers
|-damage|p2a: Indeedee|74/100|[from] Salt Cure
|upkeep
|turn|5
|inactive|enormouschilli has 120 seconds left.
|
|t:|1760768467
|move|p1a: Garganacl|Stealth Rock|p2a: Indeedee
|-sidestart|p2: enormouschilli|move: Stealth Rock
|move|p2a: Indeedee|Psychic|p1a: Garganacl
|-damage|p1a: Garganacl|13/100
|
|-heal|p1a: Garganacl|20/100|[from] item: Leftovers
|-damage|p2a: Indeedee|62/100|[from] Salt Cure
|-fieldend|move: Trick Room
|-fieldend|move: Psychic Terrain
|upkeep
|turn|6
|
|t:|1760768476
|move|p2a: Indeedee|Psychic|p1a: Garganacl
|-damage|p1a: Garganacl|0 fnt
|faint|p1a: Garganacl
|
|-damage|p2a: Indeedee|49/100|[from] Salt Cure
|upkeep
|
|t:|1760768479
|switch|p1a: Ogerpon|Ogerpon-Wellspring, F|56/100
|turn|7
|
|t:|1760768501
|move|p1a: Ogerpon|Ivy Cudgel|p2a: Indeedee|[anim] Ivy Cudgel Water
|-damage|p2a: Indeedee|0 fnt
|faint|p2a: Indeedee
|
|upkeep
|
|t:|1760768507
|switch|p2a: Cresselia|Cresselia, F|100/100
|-damage|p2a: Cresselia|88/100|[from] Stealth Rock
|turn|8
|
|t:|1760768517
|move|p1a: Ogerpon|Spikes|p2a: Cresselia
|-sidestart|p2: enormouschilli|Spikes
|move|p2a: Cresselia|Trick Room|p2a: Cresselia
|-fieldstart|move: Trick Room|[of] p2a: Cresselia
|
|upkeep
|turn|9
|
|t:|1760768528
|move|p2a: Cresselia|Lunar Dance|p2a: Cresselia
|faint|p2a: Cresselia
|move|p1a: Ogerpon|Synthesis|p1a: Ogerpon
|-heal|p1a: Ogerpon|100/100
|
|upkeep
|
|t:|1760768532
|switch|p2a: Scrafty|Scrafty, F|100/100
|-damage|p2a: Scrafty|76/100|[from] Spikes
|-damage|p2a: Scrafty|70/100|[from] Stealth Rock
|turn|10
|
|t:|1760768546
|switch|p1a: Gholdengo|Gholdengo|100/100
|move|p2a: Scrafty|Drain Punch|p1a: Gholdengo
|-immune|p1a: Gholdengo
|
|-heal|p2a: Scrafty|76/100|[from] item: Leftovers
|upkeep
|turn|11
|
|t:|1760768564
|switch|p1a: Moltres|Moltres|100/100
|move|p2a: Scrafty|Knock Off|p1a: Moltres
|-damage|p1a: Moltres|50/100
|-status|p2a: Scrafty|brn|[from] ability: Flame Body|[of] p1a: Moltres
|-enditem|p1a: Moltres|Heavy-Duty Boots|[from] move: Knock Off|[of] p2a: Scrafty
|
|-activate|p2a: Scrafty|ability: Shed Skin
|-curestatus|p2a: Scrafty|brn|[msg]
|-heal|p2a: Scrafty|82/100|[from] item: Leftovers
|upkeep
|turn|12
|
|t:|1760768581
|move|p2a: Scrafty|Bulk Up|p2a: Scrafty
|-boost|p2a: Scrafty|atk|1
|-boost|p2a: Scrafty|def|1
|move|p1a: Moltres|Roost|p1a: Moltres
|-heal|p1a: Moltres|100/100
|-singleturn|p1a: Moltres|move: Roost
|
|-heal|p2a: Scrafty|88/100|[from] item: Leftovers
|-fieldend|move: Trick Room
|upkeep
|turn|13
|
|t:|1760768588
|move|p1a: Moltres|Will-O-Wisp|p2a: Scrafty|[miss]
|-miss|p1a: Moltres|p2a: Scrafty
|move|p2a: Scrafty|Bulk Up|p2a: Scrafty
|-boost|p2a: Scrafty|atk|1
|-boost|p2a: Scrafty|def|1
|
|-heal|p2a: Scrafty|94/100|[from] item: Leftovers
|upkeep
|turn|14
|
|t:|1760768594
|move|p1a: Moltres|Will-O-Wisp|p2a: Scrafty
|-status|p2a: Scrafty|brn
|move|p2a: Scrafty|Knock Off|p1a: Moltres
|-damage|p1a: Moltres|70/100
|
|-heal|p2a: Scrafty|99/100 brn|[from] item: Leftovers
|-damage|p2a: Scrafty|94/100 brn|[from] brn
|upkeep
|turn|15
|
|t:|1760768601
|move|p1a: Moltres|Hurricane|p2a: Scrafty
|-supereffective|p2a: Scrafty
|-damage|p2a: Scrafty|0 fnt
|faint|p2a: Scrafty
|
|upkeep
|
|t:|1760768606
|switch|p2a: Diancie|Diancie|100/100
|-damage|p2a: Diancie|75/100|[from] Spikes
|-damage|p2a: Diancie|63/100|[from] Stealth Rock
|turn|16
|
|t:|1760768617
|switch|p1a: Iron Treads|Iron Treads|100/100
|move|p2a: Diancie|Diamond Storm|p1a: Iron Treads
|-resisted|p1a: Iron Treads
|-damage|p1a: Iron Treads|94/100
|-boost|p2a: Diancie|def|2
|
|-heal|p2a: Diancie|69/100|[from] item: Leftovers
|upkeep
|turn|17
|
|t:|1760768629
|-terastallize|p2a: Diancie|Ghost
|move|p1a: Iron Treads|Knock Off|p2a: Diancie
|-supereffective|p2a: Diancie
|-damage|p2a: Diancie|49/100
|-enditem|p2a: Diancie|Leftovers|[from] move: Knock Off|[of] p1a: Iron Treads
|move|p2a: Diancie|Trick Room|p2a: Diancie
|-fieldstart|move: Trick Room|[of] p2a: Diancie
|
|upkeep
|turn|18
|inactive|enormouschilli has 120 seconds left.
|
|t:|1760768661
|move|p2a: Diancie|Body Press|p1a: Iron Treads
|-supereffective|p1a: Iron Treads
|-damage|p1a: Iron Treads|16/100
|move|p1a: Iron Treads|Earthquake|p2a: Diancie
|-damage|p2a: Diancie|34/100
|
|upkeep
|turn|19
|
|t:|1760768671
|move|p2a: Diancie|Body Press|p1a: Iron Treads
|-supereffective|p1a: Iron Treads
|-damage|p1a: Iron Treads|0 fnt
|faint|p1a: Iron Treads
|-end|p1a: Iron Treads|Quark Drive|[silent]
|
|upkeep
|
|t:|1760768682
|switch|p1a: Zamazenta|Zamazenta|100/100
|-ability|p1a: Zamazenta|Dauntless Shield|boost
|-boost|p1a: Zamazenta|def|1
|turn|20
|inactive|enormouschilli has 120 seconds left.
|
|t:|1760768708
|move|p2a: Diancie|Body Press|p1a: Zamazenta
|-damage|p1a: Zamazenta|75/100
|move|p1a: Zamazenta|Iron Defense|p1a: Zamazenta
|-boost|p1a: Zamazenta|def|2
|
|-heal|p1a: Zamazenta|81/100|[from] item: Leftovers
|upkeep
|turn|21
|
|t:|1760768713
|move|p2a: Diancie|Encore|p1a: Zamazenta
|-start|p1a: Zamazenta|Encore
|move|p1a: Zamazenta|Iron Defense|p1a: Zamazenta
|-boost|p1a: Zamazenta|def|2
|
|-heal|p1a: Zamazenta|87/100|[from] item: Leftovers
|-fieldend|move: Trick Room
|upkeep
|turn|22
|
|t:|1760768719
|switch|p2a: Hatterene|Hatterene, F|100/100
|-damage|p2a: Hatterene|76/100|[from] Spikes
|-damage|p2a: Hatterene|63/100|[from] Stealth Rock
|move|p1a: Zamazenta|Iron Defense|p1a: Zamazenta
|-boost|p1a: Zamazenta|def|1
|
|-heal|p1a: Zamazenta|94/100|[from] item: Leftovers
|upkeep
|turn|23
|
|t:|1760768729
|switch|p1a: Gholdengo|Gholdengo|100/100
|move|p2a: Hatterene|Dazzling Gleam|p1a: Gholdengo
|-resisted|p1a: Gholdengo
|-damage|p1a: Gholdengo|76/100
|-enditem|p1a: Gholdengo|Red Card|[of] p2a: Hatterene
|drag|p2a: Crawdaunt|Crawdaunt, F|100/100
|-damage|p2a: Crawdaunt|76/100|[from] Spikes
|-damage|p2a: Crawdaunt|63/100|[from] Stealth Rock
|
|upkeep
|turn|24
|
|t:|1760768746
|-terastallize|p1a: Gholdengo|Steel
|move|p1a: Gholdengo|Nasty Plot|p1a: Gholdengo
|-boost|p1a: Gholdengo|spa|2
|move|p2a: Crawdaunt|Knock Off|p1a: Gholdengo
|-damage|p1a: Gholdengo|16/100
|-damage|p2a: Crawdaunt|54/100|[from] item: Life Orb
|
|upkeep
|turn|25
|
|t:|1760768753
|move|p1a: Gholdengo|Make It Rain|p2a: Crawdaunt
|-resisted|p2a: Crawdaunt
|-damage|p2a: Crawdaunt|0 fnt
|-unboost|p1a: Gholdengo|spa|1
|faint|p2a: Crawdaunt
|
|upkeep
|-message|enormouschilli forfeited.
|
|win|jkihl
|raw|jkihl's rating: 1238 &rarr; <strong>1266</strong><br />(+28 for winning)
|raw|enormouschilli's rating: 1282 &rarr; <strong>1254</strong><br />(-28 for losing)
|l|☆enormouschilli
|player|p2|
|l|☆jkihl
|player|p1|
