|j|☆Morakki
|j|☆tibs1
|t:|1760878916
|gametype|singles
|player|p1|Morakki|baker|1178
|player|p2|tibs1|malva|1159
|gen|9
|tier|[Gen 9] OU
|rated|
|rule|HP Percentage Mod: HP is shown in percentages
|rule|Endless Battle Clause: Forcing endless battles is banned
|rule|Species Clause: Limit one of each Pokémon
|rule|OHKO Clause: OHKO moves are banned
|rule|Evasion Items Clause: Evasion items are banned
|rule|Evasion Moves Clause: Evasion moves are banned
|rule|Evasion Abilities Clause: Evasion abilities are banned
|rule|Sleep Moves Clause: Sleep-inducing moves are banned
|clearpoke
|poke|p1|Maushold-Four|
|poke|p1|Heatran, M|
|poke|p1|Gengar, F|
|poke|p1|Kleavor, M|
|poke|p1|Primarina, M|
|poke|p1|Gloom, M|
|poke|p2|Pyroar, F|
|poke|p2|Talonflame, F|
|poke|p2|Chandelure, F|
|poke|p2|Torkoal, M|
|poke|p2|Salazzle, F|
|poke|p2|Braixen, F|
|teampreview
|
|t:|1760878928
|teamsize|p1|6
|teamsize|p2|6
|start
|switch|p1a: Heatran|Heatran, M|100/100
|switch|p2a: Chandelure|Chandelure, F|100/100
|-item|p1a: Heatran|Air Balloon
|turn|1
|
|t:|1760878937
|move|p2a: Chandelure|Shadow Ball|p1a: Heatran
|-damage|p1a: Heatran|70/100
|-enditem|p1a: Heatran|Air Balloon
|move|p1a: Heatran|Stealth Rock|p2a: Chandelure
|-sidestart|p2: tibs1|move: Stealth Rock
|
|upkeep
|turn|2
|
|t:|1760878946
|move|p2a: Chandelure|Shadow Ball|p1a: Heatran
|-damage|p1a: Heatran|40/100
|move|p1a: Heatran|Flash Cannon|p2a: Chandelure
|-resisted|p2a: Chandelure
|-damage|p2a: Chandelure|75/100
|
|upkeep
|turn|3
|
|t:|1760878953
|move|p2a: Chandelure|Shadow Ball|p1a: Heatran
|-damage|p1a: Heatran|9/100
|move|p1a: Heatran|Flash Cannon|p2a: Chandelure
|-resisted|p2a: Chandelure
|-damage|p2a: Chandelure|50/100
|
|upkeep
|turn|4
|
|t:|1760878960
|move|p2a: Chandelure|Shadow Ball|p1a: Heatran
|-damage|p1a: Heatran|0 fnt
|faint|p1a: Heatran
|
|upkeep
|
|t:|1760878971
|switch|p1a: Kleavor|Kleavor, M|100/100
|turn|5
|
|t:|1760878976
|switch|p2a: Torkoal|Torkoal, M|100/100
|-damage|p2a: Torkoal|75/100|[from] Stealth Rock
|-weather|SunnyDay|[from] ability: Drought|[of] p2a: Torkoal
|move|p1a: Kleavor|Stone Axe|p2a: Torkoal
|-supereffective|p2a: Torkoal
|-damage|p2a: Torkoal|0 fnt
|faint|p2a: Torkoal
|
|-weather|SunnyDay|[upkeep]
|upkeep
|
|t:|1760878987
|switch|p2a: Chandelure|Chandelure, F|50/100
|-damage|p2a: Chandelure|25/100|[from] Stealth Rock
|turn|6
|
|t:|1760879003
|switch|p1a: Primarina|Primarina, M|100/100
|move|p2a: Chandelure|Overheat|p1a: Primarina
|-resisted|p1a: Primarina
|-damage|p1a: Primarina|48/100
|-unboost|p2a: Chandelure|spa|2
|
|-weather|SunnyDay|[upkeep]
|upkeep
|turn|7
|
|t:|1760879016
|move|p2a: Chandelure|Overheat|p1a: Primarina
|-resisted|p1a: Primarina
|-damage|p1a: Primarina|22/100
|-unboost|p2a: Chandelure|spa|2
|move|p1a: Primarina|Sparkling Aria|p2a: Chandelure
|-supereffective|p2a: Chandelure
|-damage|p2a: Chandelure|0 fnt
|faint|p2a: Chandelure
|
|-weather|SunnyDay|[upkeep]
|upkeep
|
|t:|1760879028
|switch|p2a: Pyroar|Pyroar, F|100/100
|-damage|p2a: Pyroar|76/100|[from] Stealth Rock
|turn|8
|
|t:|1760879035
|move|p2a: Pyroar|Hyper Voice|p1a: Primarina
|-damage|p1a: Primarina|0 fnt
|faint|p1a: Primarina
|-ability|p2a: Pyroar|Moxie|boost
|-boost|p2a: Pyroar|atk|1
|-enditem|p2a: Pyroar|Throat Spray
|-boost|p2a: Pyroar|spa|1|[from] item: Throat Spray
|
|-weather|SunnyDay|[upkeep]
|upkeep
|
|t:|1760879051
|switch|p1a: Gloom|Gloom, M|100/100
|turn|9
|
|t:|1760879056
|move|p2a: Pyroar|Fire Blast|p1a: Gloom
|-supereffective|p1a: Gloom
|-damage|p1a: Gloom|0 fnt
|faint|p1a: Gloom
|-ability|p2a: Pyroar|Moxie|boost
|-boost|p2a: Pyroar|atk|1
|
|-weather|none
|upkeep
|
|t:|1760879066
|switch|p1a: Kleavor|Kleavor, M|100/100
|turn|10
|
|t:|1760879070
|move|p2a: Pyroar|Fire Blast|p1a: Kleavor
|-damage|p1a: Kleavor|35/100
|move|p1a: Kleavor|Stone Axe|p2a: Pyroar
|-supereffective|p2a: Pyroar
|-damage|p2a: Pyroar|0 fnt
|faint|p2a: Pyroar
|
|upkeep
|
|t:|1760879078
|switch|p2a: Talonflame|Talonflame, F|100/100
|-damage|p2a: Talonflame|50/100|[from] Stealth Rock
|turn|11
|
|t:|1760879089
|move|p2a: Talonflame|Flare Blitz|p1a: Kleavor
|-damage|p1a: Kleavor|0 fnt
|faint|p1a: Kleavor
|-damage|p2a: Talonflame|40/100|[from] Recoil
|
|upkeep
|
|t:|1760879095
|switch|p1a: Maushold|Maushold-Four|100/100
|turn|12
|
|t:|1760879105
|-terastallize|p2a: Talonflame|Fire
|move|p2a: Talonflame|Flare Blitz|p1a: Maushold
|-damage|p1a: Maushold|12/100
|-damage|p2a: Talonflame|12/100|[from] Recoil
|move|p1a: Maushold|Population Bomb|p2a: Talonflame
|-damage|p2a: Talonflame|0 fnt
|faint|p2a: Talonflame
|-hitcount|p2: Talonflame|1
|
|upkeep
|
|t:|1760879116
|switch|p2a: Salazzle|Salazzle, F|100/100
|-damage|p2a: Salazzle|76/100|[from] Stealth Rock
|turn|13
|
|t:|1760879124
|move|p2a: Salazzle|Flamethrower|p1a: Maushold
|-damage|p1a: Maushold|0 fnt
|faint|p1a: Maushold
|
|-heal|p2a: Salazzle|82/100|[from] item: Black Sludge
|upkeep
|
|t:|1760879131
|switch|p1a: Gengar|Gengar, F|100/100
|turn|14
|
|t:|1760879135
|move|p2a: Salazzle|Flamethrower|p1a: Gengar
|-damage|p1a: Gengar|57/100
|move|p1a: Gengar|Psychic|p2a: Salazzle
|-supereffective|p2a: Salazzle
|-damage|p2a: Salazzle|0 fnt
|faint|p2a: Salazzle
|
|upkeep
|
|t:|1760879143
|switch|p2a: Braixen|Braixen, F|100/100
|-damage|p2a: Braixen|75/100|[from] Stealth Rock
|turn|15
|
|t:|1760879152
|-terastallize|p1a: Gengar|Electric
|move|p1a: Gengar|Shadow Ball|p2a: Braixen
|-damage|p2a: Braixen|24/100
|-unboost|p2a: Braixen|spd|1
|move|p2a: Braixen|Psyshock|p1a: Gengar
|-damage|p1a: Gengar|12/100
|
|upkeep
|turn|16
|
|t:|1760879163
|move|p1a: Gengar|Shadow Ball|p2a: Braixen
|-damage|p2a: Braixen|0 fnt
|faint|p2a: Braixen
|
|win|Morakki
|raw|Morakki's rating: 1178 &rarr; <strong>1202</strong><br />(+24 for winning)
|raw|tibs1's rating: 1159 &rarr; <strong>1135</strong><br />(-24 for losing)
|l|☆tibs1
|player|p2|
|l|☆Morakki
|player|p1|
