|j|☆capitolg
|j|☆pegasofenix
|t:|1760777332
|gametype|singles
|player|p1|capitolg|bellelba|1132
|player|p2|pegasofenix|lance|1145
|gen|9
|tier|[Gen 9] OU
|rated|
|rule|HP Percentage Mod: HP is shown in percentages
|rule|Endless Battle Clause: Forcing endless battles is banned
|rule|Species Clause: Limit one of each Pokémon
|rule|OHKO Clause: OHKO moves are banned
|rule|Evasion Items Clause: Evasion items are banned
|rule|Evasion Moves Clause: Evasion moves are banned
|rule|Evasion Abilities Clause: Evasion abilities are banned
|rule|Sleep Moves Clause: Sleep-inducing moves are banned
|clearpoke
|poke|p1|Vikavolt, M|
|poke|p1|Gothitelle, F|
|poke|p1|Smeargle, F|
|poke|p1|Empoleon, M|
|poke|p1|Passimian, M|
|poke|p1|Dusknoir, F|
|poke|p2|Charizard, M|
|poke|p2|Torkoal, M|
|poke|p2|Sandy Shocks|
|poke|p2|Kleavor, M|
|poke|p2|Venusaur, F|
|poke|p2|Tauros-Paldea-Aqua, M|
|teampreview
|
|t:|1760777341
|teamsize|p1|6
|teamsize|p2|6
|start
|switch|p1a: Vikavolt|Vikavolt, M|100/100
|switch|p2a: Kleavor|Kleavor, M|100/100
|turn|1
|
|t:|1760777346
|move|p2a: Kleavor|Stone Axe|p1a: Vikavolt
|-supereffective|p1a: Vikavolt
|-damage|p1a: Vikavolt|1/100
|-sidestart|p1: capitolg|move: Stealth Rock
|move|p1a: Vikavolt|Sticky Web|p2a: Kleavor
|-sidestart|p2: pegasofenix|move: Sticky Web
|
|upkeep
|turn|2
|
|t:|1760777352
|move|p2a: Kleavor|Defog|p1a: Vikavolt
|-unboost|p1a: Vikavolt|evasion|1
|-sideend|p1: capitolg|Stealth Rock|[from] move: Defog|[of] p2a: Kleavor
|-sideend|p2: pegasofenix|Sticky Web|[from] move: Defog|[of] p2a: Kleavor
|move|p1a: Vikavolt|Flash Cannon|p2a: Kleavor
|-supereffective|p2a: Kleavor
|-damage|p2a: Kleavor|0 fnt
|faint|p2a: Kleavor
|
|upkeep
|
|t:|1760777363
|switch|p2a: Sandy Shocks|Sandy Shocks, shiny|100/100
|turn|3
|
|t:|1760777367
|switch|p1a: Dusknoir|Dusknoir, F|100/100
|-ability|p1a: Dusknoir|Pressure
|move|p2a: Sandy Shocks|Thunderbolt|p1a: Dusknoir
|-damage|p1a: Dusknoir|47/100
|-damage|p2a: Sandy Shocks|91/100|[from] item: Life Orb
|
|upkeep
|turn|4
|
|t:|1760777374
|move|p2a: Sandy Shocks|Thunderbolt|p1a: Dusknoir
|-damage|p1a: Dusknoir|0 fnt
|faint|p1a: Dusknoir
|-damage|p2a: Sandy Shocks|81/100|[from] item: Life Orb
|
|upkeep
|
|t:|1760777379
|switch|p1a: Passimian|Passimian, M|100/100
|turn|5
|
|t:|1760777382
|move|p2a: Sandy Shocks|Volt Switch|p1a: Passimian
|-damage|p1a: Passimian|58/100
|-damage|p2a: Sandy Shocks|71/100|[from] item: Life Orb
|
|t:|1760777387
|-end|p2a: Sandy Shocks|Protosynthesis|[silent]
|switch|p2a: Tauros|Tauros-Paldea-Aqua, M, shiny|100/100|[from] Volt Switch
|-ability|p2a: Tauros|Intimidate|boost
|-unboost|p1a: Passimian|atk|1
|-ability|p1a: Passimian|Defiant|boost
|-boost|p1a: Passimian|atk|2
|move|p1a: Passimian|Earthquake|p2a: Tauros
|-damage|p2a: Tauros|38/100
|
|upkeep
|turn|6
|
|t:|1760777395
|move|p2a: Tauros|Wave Crash|p1a: Passimian
|-damage|p1a: Passimian|0 fnt
|faint|p1a: Passimian
|-damage|p2a: Tauros|14/100|[from] Recoil
|
|upkeep
|
|t:|1760777401
|switch|p1a: Smeargle|Smeargle, F|100/100
|turn|7
|
|t:|1760777405
|move|p1a: Smeargle|Burning Bulwark|p1a: Smeargle
|-singleturn|p1a: Smeargle|move: Protect
|move|p2a: Tauros|Close Combat|p1a: Smeargle
|-activate|p1a: Smeargle|move: Protect
|-status|p2a: Tauros|brn
|
|-damage|p2a: Tauros|7/100 brn|[from] brn
|upkeep
|turn|8
|
|t:|1760777414
|move|p2a: Tauros|Close Combat|p1a: Smeargle
|-supereffective|p1a: Smeargle
|-enditem|p1a: Smeargle|Focus Sash
|-damage|p1a: Smeargle|1/100
|-unboost|p2a: Tauros|def|1
|-unboost|p2a: Tauros|spd|1
|move|p1a: Smeargle|Trick Room|p1a: Smeargle
|-fieldstart|move: Trick Room|[of] p1a: Smeargle
|
|-damage|p2a: Tauros|1/100 brn|[from] brn
|upkeep
|turn|9
|
|t:|1760777422
|move|p1a: Smeargle|Burning Bulwark|p1a: Smeargle
|-singleturn|p1a: Smeargle|move: Protect
|move|p2a: Tauros|Aqua Jet|p1a: Smeargle
|-activate|p1a: Smeargle|move: Protect
|
|-damage|p2a: Tauros|0 fnt|[from] brn
|faint|p2a: Tauros
|upkeep
|
|t:|1760777430
|switch|p2a: Torkoal|Torkoal, M, shiny|100/100
|-weather|SunnyDay|[from] ability: Drought|[of] p2a: Torkoal
|turn|10
|-message|capitolg forfeited.
|
|win|pegasofenix
|raw|capitolg's rating: 1132 &rarr; <strong>1108</strong><br />(-24 for losing)
|raw|pegasofenix's rating: 1145 &rarr; <strong>1169</strong><br />(+24 for winning)
|l|☆capitolg
|player|p1|
|l|☆pegasofenix
|player|p2|
