|j|☆motorskk
|j|☆zuizuizuiqinag
|t:|1760856319
|gametype|singles
|player|p1|motorskk|battlegirl-gen4|1484
|player|p2|zuizuizuiqinag|169|1561
|gen|9
|tier|[Gen 9] OU
|rated|
|rule|HP Percentage Mod: HP is shown in percentages
|rule|Endless Battle Clause: Forcing endless battles is banned
|rule|Species Clause: Limit one of each Pokémon
|rule|OHKO Clause: OHKO moves are banned
|rule|Evasion Items Clause: Evasion items are banned
|rule|Evasion Moves Clause: Evasion moves are banned
|rule|Evasion Abilities Clause: Evasion abilities are banned
|rule|Sleep Moves Clause: Sleep-inducing moves are banned
|clearpoke
|poke|p1|Tinkaton, F|
|poke|p1|Darkrai|
|poke|p1|Samurott-Hisui, F|
|poke|p1|Moltres|
|poke|p1|Rillaboom, M|
|poke|p1|Latios, M|
|poke|p2|Ninetales, F|
|poke|p2|Raging Bolt|
|poke|p2|Charizard, F|
|poke|p2|Zamazenta-*|
|poke|p2|Great Tusk|
|poke|p2|Venusaur, F|
|teampreview
|inactive|Battle timer is ON: inactive players will automatically lose when time's up. (requested by motorskk)
|inactive|motorskk has 120 seconds left.
|
|t:|1760856371
|teamsize|p1|6
|teamsize|p2|6
|start
|switch|p1a: Latios|Latios, M|100/100
|switch|p2a: Raging Bolt|Raging Bolt|100/100
|turn|1
|
|t:|1760856384
|switch|p1a: Rillaboom|Rillaboom, M|100/100
|-fieldstart|move: Grassy Terrain|[from] ability: Grassy Surge|[of] p1a: Rillaboom
|move|p2a: Raging Bolt|Draco Meteor|p1a: Rillaboom
|-damage|p1a: Rillaboom|22/100
|-unboost|p2a: Raging Bolt|spa|2
|-damage|p2a: Raging Bolt|91/100|[from] item: Life Orb
|
|-heal|p2a: Raging Bolt|97/100|[from] Grassy Terrain
|-heal|p1a: Rillaboom|28/100|[from] Grassy Terrain
|upkeep
|turn|2
|
|t:|1760856403
|-end|p2a: Raging Bolt|Protosynthesis|[silent]
|switch|p2a: Charizard|Charizard, F, shiny|100/100
|switch|p1a: Tinkaton|Tinkaton, F|100/100
|-ability|p1a: Tinkaton|Mold Breaker
|-item|p1a: Tinkaton|Air Balloon
|
|upkeep
|turn|3
|
|t:|1760856419
|switch|p1a: Latios|Latios, M|100/100
|move|p2a: Charizard|Overheat|p1a: Latios
|-resisted|p1a: Latios
|-damage|p1a: Latios|57/100
|-unboost|p2a: Charizard|spa|2
|
|upkeep
|turn|4
|
|t:|1760856427
|switch|p2a: Ninetales|Ninetales, F, shiny|100/100
|-weather|SunnyDay|[from] ability: Drought|[of] p2a: Ninetales
|move|p1a: Latios|Draco Meteor|p2a: Ninetales
|-damage|p2a: Ninetales|32/100
|-unboost|p1a: Latios|spa|2
|
|-weather|SunnyDay|[upkeep]
|-heal|p2a: Ninetales|38/100|[from] Grassy Terrain
|upkeep
|turn|5
|
|t:|1760856447
|switch|p1a: Moltres|Moltres|100/100
|switch|p2a: Venusaur|Venusaur, F|100/100
|
|-weather|SunnyDay|[upkeep]
|-fieldend|move: Grassy Terrain
|upkeep
|turn|6
|
|t:|1760856461
|-terastallize|p2a: Venusaur|Fire
|move|p2a: Venusaur|Growth|p2a: Venusaur
|-boost|p2a: Venusaur|atk|2
|-boost|p2a: Venusaur|spa|2
|move|p1a: Moltres|Flamethrower|p2a: Venusaur
|-resisted|p2a: Venusaur
|-damage|p2a: Venusaur|71/100
|
|-weather|SunnyDay|[upkeep]
|upkeep
|turn|7
|
|t:|1760856478
|switch|p1a: Rillaboom|Rillaboom, M|28/100
|-fieldstart|move: Grassy Terrain|[from] ability: Grassy Surge|[of] p1a: Rillaboom
|move|p2a: Venusaur|Weather Ball|p1a: Rillaboom
|-supereffective|p1a: Rillaboom
|-damage|p1a: Rillaboom|0 fnt
|faint|p1a: Rillaboom
|
|-weather|SunnyDay|[upkeep]
|-heal|p2a: Venusaur|77/100|[from] Grassy Terrain
|upkeep
|inactive|motorskk has 120 seconds left.
|
|t:|1760856520
|switch|p1a: Tinkaton|Tinkaton, F|100/100
|-ability|p1a: Tinkaton|Mold Breaker
|-item|p1a: Tinkaton|Air Balloon
|turn|8
|
|t:|1760856534
|-terastallize|p1a: Tinkaton|Water
|move|p2a: Venusaur|Sludge Bomb|p1a: Tinkaton
|-damage|p1a: Tinkaton|30/100
|-enditem|p1a: Tinkaton|Air Balloon
|move|p1a: Tinkaton|Thunder Wave|p2a: Venusaur
|-status|p2a: Venusaur|par
|
|-weather|SunnyDay|[upkeep]
|-heal|p1a: Tinkaton|37/100|[from] Grassy Terrain
|-heal|p2a: Venusaur|83/100 par|[from] Grassy Terrain
|upkeep
|turn|9
|
|t:|1760856547
|move|p1a: Tinkaton|Stealth Rock|p2a: Venusaur
|-sidestart|p2: zuizuizuiqinag|move: Stealth Rock
|cant|p2a: Venusaur|par
|
|-weather|SunnyDay|[upkeep]
|-heal|p1a: Tinkaton|43/100|[from] Grassy Terrain
|-heal|p2a: Venusaur|89/100 par|[from] Grassy Terrain
|upkeep
|turn|10
|inactive|motorskk has 90 seconds left.
|
|t:|1760856573
|move|p1a: Tinkaton|Gigaton Hammer|p2a: Venusaur
|-resisted|p2a: Venusaur
|-damage|p2a: Venusaur|65/100 par
|move|p2a: Venusaur|Sludge Bomb|p1a: Tinkaton
|-damage|p1a: Tinkaton|0 fnt
|faint|p1a: Tinkaton
|
|-weather|SunnyDay|[upkeep]
|-heal|p2a: Venusaur|71/100 par|[from] Grassy Terrain
|upkeep
|
|t:|1760856587
|switch|p1a: Latios|Latios, M|57/100
|turn|11
|
|t:|1760856591
|move|p1a: Latios|Draco Meteor|p2a: Venusaur
|-damage|p2a: Venusaur|2/100 par
|-unboost|p1a: Latios|spa|2
|-enditem|p2a: Venusaur|Sitrus Berry|[eat]
|-heal|p2a: Venusaur|27/100 par|[from] item: Sitrus Berry
|move|p2a: Venusaur|Sludge Bomb|p1a: Latios
|-damage|p1a: Latios|0 fnt
|faint|p1a: Latios
|
|-weather|none
|-heal|p2a: Venusaur|33/100 par|[from] Grassy Terrain
|-fieldend|move: Grassy Terrain
|upkeep
|
|t:|1760856608
|switch|p1a: Darkrai|Darkrai|100/100
|turn|12
|
|t:|1760856611
|move|p1a: Darkrai|Dark Pulse|p2a: Venusaur
|-crit|p2a: Venusaur
|-damage|p2a: Venusaur|0 fnt
|faint|p2a: Venusaur
|
|upkeep
|
|t:|1760856614
|switch|p2a: Great Tusk|Great Tusk|100/100
|-damage|p2a: Great Tusk|97/100|[from] Stealth Rock
|turn|13
|inactive|motorskk has 90 seconds left.
|inactive|motorskk has 60 seconds left.
|inactive|motorskk has 30 seconds left.
|inactive|motorskk has 20 seconds left.
|inactive|motorskk has 15 seconds left.
|inactive|motorskk has 10 seconds left.
|inactive|motorskk has 5 seconds left.
|-message|motorskk lost due to inactivity.
|
|win|zuizuizuiqinag
|raw|motorskk's rating: 1484 &rarr; <strong>1468</strong><br />(-16 for losing)
|raw|zuizuizuiqinag's rating: 1561 &rarr; <strong>1577</strong><br />(+16 for winning)
|l|☆zuizuizuiqinag
|player|p2|
