|j|☆Mambo cafe
|j|☆cheeselover255
|t:|1760789386
|gametype|singles
|player|p1|Mambo cafe|265|1221
|player|p2|cheeselover255|1|1226
|gen|9
|tier|[Gen 9] OU
|rated|
|rule|HP Percentage Mod: HP is shown in percentages
|rule|Endless Battle Clause: Forcing endless battles is banned
|rule|Species Clause: Limit one of each Pokémon
|rule|OHKO Clause: OHKO moves are banned
|rule|Evasion Items Clause: Evasion items are banned
|rule|Evasion Moves Clause: Evasion moves are banned
|rule|Evasion Abilities Clause: Evasion abilities are banned
|rule|Sleep Moves Clause: Sleep-inducing moves are banned
|clearpoke
|poke|p1|Ceruledge, F|
|poke|p1|Dragapult, M|
|poke|p1|Gholdengo|
|poke|p1|Polteageist-Antique|
|poke|p1|Pecharunt|
|poke|p1|Hatterene, F|
|poke|p2|Alomomola, F|
|poke|p2|Slowking-Galar, M|
|poke|p2|Gliscor, M|
|poke|p2|Sandslash-Alola, F|
|poke|p2|Raikou|
|poke|p2|Lokix, F|
|teampreview
|
|t:|1760789403
|teamsize|p1|6
|teamsize|p2|6
|start
|switch|p1a: Dragapult|Dragapult, M|100/100
|switch|p2a: Lokix|Lokix, F|100/100
|turn|1
|inactive|Battle timer is ON: inactive players will automatically lose when time's up. (requested by cheeselover255)
|
|t:|1760789411
|switch|p2a: Slowking|Slowking-Galar, M|100/100
|move|p1a: Dragapult|U-turn|p2a: Slowking
|-damage|p2a: Slowking|88/100
|
|t:|1760789422
|switch|p1a: Hatterene|Hatterene, F|100/100|[from] U-turn
|
|upkeep
|turn|2
|
|t:|1760789439
|-terastallize|p1a: Hatterene|Ghost
|move|p1a: Hatterene|Calm Mind|p1a: Hatterene
|-boost|p1a: Hatterene|spa|1
|-boost|p1a: Hatterene|spd|1
|move|p2a: Slowking|Sludge Bomb|p1a: Hatterene
|-resisted|p1a: Hatterene
|-damage|p1a: Hatterene|89/100
|
|-heal|p1a: Hatterene|95/100|[from] item: Leftovers
|upkeep
|turn|3
|
|t:|1760789448
|move|p1a: Hatterene|Psychic|p2a: Slowking
|-damage|p2a: Slowking|39/100
|-prepare|p2a: Slowking|Chilly Reception|[premajor]
|move|p2a: Slowking|Chilly Reception|p2a: Slowking
|-weather|Snowscape
|
|t:|1760789452
|switch|p2a: Lokix|Lokix, F|100/100|[from] Chilly Reception
|
|-weather|Snowscape|[upkeep]
|-heal|p1a: Hatterene|100/100|[from] item: Leftovers
|upkeep
|turn|4
|
|t:|1760789458
|move|p2a: Lokix|Knock Off|p1a: Hatterene
|-supereffective|p1a: Hatterene
|-damage|p1a: Hatterene|0 fnt
|-enditem|p1a: Hatterene|Leftovers|[from] move: Knock Off|[of] p2a: Lokix
|faint|p1a: Hatterene
|
|-weather|Snowscape|[upkeep]
|upkeep
|
|t:|1760789464
|switch|p1a: Pecharunt|Pecharunt|100/100
|turn|5
|
|t:|1760789473
|switch|p2a: Gliscor|Gliscor, M|100/100
|move|p1a: Pecharunt|Malignant Chain|p2a: Gliscor
|-resisted|p2a: Gliscor
|-damage|p2a: Gliscor|87/100
|-status|p2a: Gliscor|tox
|-start|p2a: Gliscor|confusion|[from] ability: Poison Puppeteer|[of] p1a: Pecharunt
|
|-weather|Snowscape|[upkeep]
|-heal|p2a: Gliscor|99/100 tox|[from] ability: Poison Heal
|upkeep
|turn|6
|
|t:|1760789487
|move|p1a: Pecharunt|Parting Shot|p2a: Gliscor
|-unboost|p2a: Gliscor|atk|1
|-unboost|p2a: Gliscor|spa|1
|
|t:|1760789491
|switch|p1a: Gholdengo|Gholdengo|100/100|[from] Parting Shot
|-item|p1a: Gholdengo|Air Balloon
|-activate|p2a: Gliscor|confusion
|-damage|p2a: Gliscor|94/100 tox|[from] confusion
|
|-weather|Snowscape|[upkeep]
|-heal|p2a: Gliscor|100/100 tox|[from] ability: Poison Heal
|upkeep
|turn|7
|
|t:|1760789513
|switch|p2a: Raikou|Raikou|100/100
|-ability|p2a: Raikou|Pressure
|move|p1a: Gholdengo|Nasty Plot|p1a: Gholdengo
|-boost|p1a: Gholdengo|spa|2
|
|-weather|Snowscape|[upkeep]
|upkeep
|turn|8
|inactive|Mambo cafe has 120 seconds left.
|
|t:|1760789545
|move|p2a: Raikou|Calm Mind|p2a: Raikou
|-boost|p2a: Raikou|spa|1
|-boost|p2a: Raikou|spd|1
|move|p1a: Gholdengo|Shadow Ball|p2a: Raikou
|-damage|p2a: Raikou|36/100
|
|-weather|Snowscape|[upkeep]
|-heal|p2a: Raikou|42/100|[from] item: Leftovers
|upkeep
|turn|9
|
|t:|1760789553
|move|p2a: Raikou|Volt Switch|p1a: Gholdengo
|-damage|p1a: Gholdengo|44/100
|-enditem|p1a: Gholdengo|Air Balloon
|
|t:|1760789557
|switch|p2a: Lokix|Lokix, F|100/100|[from] Volt Switch
|move|p1a: Gholdengo|Psyshock|p2a: Lokix
|-immune|p2a: Lokix
|
|-weather|Snowscape|[upkeep]
|upkeep
|turn|10
|inactive|cheeselover255 has 120 seconds left.
|
|t:|1760789602
|move|p1a: Gholdengo|Make It Rain|p2a: Lokix
|-damage|p2a: Lokix|0 fnt
|-unboost|p1a: Gholdengo|spa|1
|faint|p2a: Lokix
|
|-weather|none
|upkeep
|
|t:|1760789613
|switch|p2a: Raikou|Raikou|42/100
|-ability|p2a: Raikou|Pressure
|turn|11
|
|t:|1760789623
|move|p2a: Raikou|Calm Mind|p2a: Raikou
|-boost|p2a: Raikou|spa|1
|-boost|p2a: Raikou|spd|1
|move|p1a: Gholdengo|Psyshock|p2a: Raikou
|-damage|p2a: Raikou|0 fnt
|faint|p2a: Raikou
|
|upkeep
|-message|cheeselover255 forfeited.
|
|win|Mambo cafe
|raw|Mambo cafe's rating: 1221 &rarr; <strong>1246</strong><br />(+25 for winning)
|raw|cheeselover255's rating: 1226 &rarr; <strong>1201</strong><br />(-25 for losing)
|l|☆cheeselover255
|player|p2|
|l|☆Mambo cafe
|player|p1|
