|j|☆lurulu
|j|☆Sar8
|t:|1760885652
|gametype|singles
|player|p1|lurulu|265|1040
|player|p2|Sar8|n|1027
|gen|9
|tier|[Gen 9] OU
|rated|
|rule|HP Percentage Mod: HP is shown in percentages
|rule|Endless Battle Clause: Forcing endless battles is banned
|rule|Species Clause: Limit one of each Pokémon
|rule|OHKO Clause: OHKO moves are banned
|rule|Evasion Items Clause: Evasion items are banned
|rule|Evasion Moves Clause: Evasion moves are banned
|rule|Evasion Abilities Clause: Evasion abilities are banned
|rule|Sleep Moves Clause: Sleep-inducing moves are banned
|clearpoke
|poke|p1|Ceruledge, M|
|poke|p1|Iron Crown|
|poke|p1|Raichu-Alola, F|
|poke|p1|Pincurchin, M|
|poke|p1|Polteageist-Antique|
|poke|p1|Meowscarada, M|
|poke|p2|Slowking-Galar, M|
|poke|p2|Gliscor, M|
|poke|p2|Eiscue, F|
|poke|p2|Conkeldurr, M|
|poke|p2|Thundurus-Therian, M|
|poke|p2|Tornadus-Therian, M|
|teampreview
|
|t:|1760885666
|teamsize|p1|6
|teamsize|p2|6
|start
|switch|p1a: Ceruledge|Ceruledge, M, shiny|100/100
|switch|p2a: Tornadus|Tornadus-Therian, M, shiny|100/100
|turn|1
|
|t:|1760885681
|move|p2a: Tornadus|Substitute|p2a: Tornadus
|-start|p2a: Tornadus|Substitute
|-damage|p2a: Tornadus|76/100
|move|p1a: Ceruledge|Swords Dance|p1a: Ceruledge
|-boost|p1a: Ceruledge|atk|2
|
|upkeep
|turn|2
|
|t:|1760885691
|move|p1a: Ceruledge|Shadow Sneak|p2a: Tornadus
|-end|p2a: Tornadus|Substitute
|move|p2a: Tornadus|Air Slash|p1a: Ceruledge
|-damage|p1a: Ceruledge|60/100
|
|upkeep
|turn|3
|
|t:|1760885706
|move|p2a: Tornadus|U-turn|p1a: Ceruledge
|-resisted|p1a: Ceruledge
|-crit|p1a: Ceruledge
|-damage|p1a: Ceruledge|52/100
|-ability|p1a: Ceruledge|Weak Armor|boost
|-unboost|p1a: Ceruledge|def|1
|-boost|p1a: Ceruledge|spe|2
|
|t:|1760885717
|switch|p2a: Gliscor|Gliscor, M, shiny|100/100|[from] U-turn
|move|p1a: Ceruledge|Bitter Blade|p2a: Gliscor
|-damage|p2a: Gliscor|44/100
|-heal|p1a: Ceruledge|87/100|[from] drain|[of] p2a: Gliscor
|
|-status|p2a: Gliscor|tox|[from] item: Toxic Orb
|upkeep
|turn|4
|
|t:|1760885728
|move|p2a: Gliscor|Protect|p2a: Gliscor
|-singleturn|p2a: Gliscor|Protect
|move|p1a: Ceruledge|Shadow Sneak|p2a: Gliscor
|-activate|p2a: Gliscor|move: Protect
|
|-heal|p2a: Gliscor|57/100 tox|[from] ability: Poison Heal
|upkeep
|turn|5
|
|t:|1760885738
|move|p1a: Ceruledge|Bitter Blade|p2a: Gliscor
|-damage|p2a: Gliscor|6/100 tox
|-heal|p1a: Ceruledge|100/100|[from] drain|[of] p2a: Gliscor
|move|p2a: Gliscor|Counter|p1a: Ceruledge
|-immune|p1a: Ceruledge
|
|-heal|p2a: Gliscor|19/100 tox|[from] ability: Poison Heal
|upkeep
|turn|6
|
|t:|1760885749
|switch|p2a: Tornadus|Tornadus-Therian, M, shiny|100/100
|move|p1a: Ceruledge|Swords Dance|p1a: Ceruledge
|-boost|p1a: Ceruledge|atk|2
|
|upkeep
|turn|7
|
|t:|1760885758
|move|p1a: Ceruledge|Shadow Sneak|p2a: Tornadus
|-damage|p2a: Tornadus|21/100
|move|p2a: Tornadus|Air Slash|p1a: Ceruledge
|-damage|p1a: Ceruledge|59/100
|
|upkeep
|turn|8
|
|t:|1760885766
|move|p1a: Ceruledge|Shadow Sneak|p2a: Tornadus
|-damage|p2a: Tornadus|0 fnt
|faint|p2a: Tornadus
|
|upkeep
|
|t:|1760885773
|switch|p2a: Gliscor|Gliscor, M, shiny|19/100 tox
|turn|9
|
|t:|1760885777
|move|p2a: Gliscor|Protect|p2a: Gliscor
|-singleturn|p2a: Gliscor|Protect
|move|p1a: Ceruledge|Swords Dance|p1a: Ceruledge
|-boost|p1a: Ceruledge|atk|2
|
|-heal|p2a: Gliscor|31/100 tox|[from] ability: Poison Heal
|upkeep
|turn|10
|
|t:|1760885787
|move|p2a: Gliscor|Protect|p2a: Gliscor
|-singleturn|p2a: Gliscor|Protect
|move|p1a: Ceruledge|Bitter Blade|p2a: Gliscor
|-activate|p2a: Gliscor|move: Protect
|
|-heal|p2a: Gliscor|44/100 tox|[from] ability: Poison Heal
|upkeep
|turn|11
|
|t:|1760885807
|switch|p2a: Slowking|Slowking-Galar, M, shiny|100/100
|move|p1a: Ceruledge|Bitter Blade|p2a: Slowking
|-damage|p2a: Slowking|0 fnt
|-heal|p1a: Ceruledge|100/100|[from] drain|[of] p2a: Slowking
|faint|p2a: Slowking
|
|upkeep
|c|☆lurulu|Protect twice? Hack
|
|t:|1760885816
|switch|p2a: Eiscue|Eiscue, F, shiny|100/100
|turn|12
|
|t:|1760885823
|move|p1a: Ceruledge|Bitter Blade|p2a: Eiscue
|-activate|p2a: Eiscue|ability: Ice Face
|-damage|p2a: Eiscue|100/100
|detailschange|p2a: Eiscue|Eiscue-Noice, F, shiny
|move|p2a: Eiscue|Liquidation|p1a: Ceruledge
|-supereffective|p1a: Ceruledge
|-enditem|p1a: Ceruledge|Focus Sash
|-damage|p1a: Ceruledge|1/100
|-ability|p1a: Ceruledge|Weak Armor|boost
|-unboost|p1a: Ceruledge|def|1
|-boost|p1a: Ceruledge|spe|2
|
|upkeep
|turn|13
|
|t:|1760885845
|move|p1a: Ceruledge|Bitter Blade|p2a: Eiscue
|-supereffective|p2a: Eiscue
|-damage|p2a: Eiscue|0 fnt
|-heal|p1a: Ceruledge|62/100|[from] drain|[of] p2a: Eiscue
|faint|p2a: Eiscue
|
|upkeep
|
|t:|1760885856
|switch|p2a: Conkeldurr|Conkeldurr, M, shiny|100/100
|turn|14
|
|t:|1760885863
|move|p1a: Ceruledge|Bitter Blade|p2a: Conkeldurr
|-damage|p2a: Conkeldurr|0 fnt
|-heal|p1a: Ceruledge|100/100|[from] drain|[of] p2a: Conkeldurr
|faint|p2a: Conkeldurr
|
|upkeep
|
|t:|1760885870
|switch|p2a: Thundurus|Thundurus-Therian, M, shiny|100/100
|turn|15
|
|t:|1760885876
|move|p1a: Ceruledge|Bitter Blade|p2a: Thundurus
|-damage|p2a: Thundurus|0 fnt
|faint|p2a: Thundurus
|
|upkeep
|
|t:|1760885881
|switch|p2a: Gliscor|Gliscor, M, shiny|44/100 tox
|turn|16
|
|t:|1760885887
|move|p1a: Ceruledge|Bitter Blade|p2a: Gliscor
|-damage|p2a: Gliscor|0 fnt
|faint|p2a: Gliscor
|
|win|lurulu
|raw|lurulu's rating: 1040 &rarr; <strong>1073</strong><br />(+33 for winning)
|raw|Sar8's rating: 1027 &rarr; <strong>1013</strong><br />(-14 for losing)
|c|☆lurulu|GG
