|j|☆killbot18
|j|☆reudige Gurke
|t:|1760830318
|gametype|singles
|player|p1|killbot18|265|1380
|player|p2|reudige Gurke|265|1379
|gen|9
|tier|[Gen 9] OU
|rated|
|rule|HP Percentage Mod: HP is shown in percentages
|rule|Endless Battle Clause: Forcing endless battles is banned
|rule|Species Clause: Limit one of each Pokémon
|rule|OHKO Clause: OHKO moves are banned
|rule|Evasion Items Clause: Evasion items are banned
|rule|Evasion Moves Clause: Evasion moves are banned
|rule|Evasion Abilities Clause: Evasion abilities are banned
|rule|Sleep Moves Clause: Sleep-inducing moves are banned
|clearpoke
|poke|p1|Lokix, F|
|poke|p1|Hatterene, F|
|poke|p1|Iron Valiant|
|poke|p1|Iron Crown|
|poke|p1|Corviknight, M|
|poke|p1|Ting-Lu|
|poke|p2|Mew|
|poke|p2|Alomomola, M|
|poke|p2|Cinderace, M|
|poke|p2|Primarina, F|
|poke|p2|Persian-Alola, M|
|poke|p2|Kyurem|
|teampreview
|j| seedonpokemon
|l| seedonpokemon
|
|t:|1760830326
|teamsize|p1|6
|teamsize|p2|6
|start
|switch|p1a: Lokix|Lokix, F|100/100
|switch|p2a: Persian|Persian-Alola, M|100/100
|turn|1
|
|t:|1760830344
|move|p2a: Persian|Thunder Wave|p1a: Lokix
|-status|p1a: Lokix|par
|move|p1a: Lokix|U-turn|p2a: Persian
|-supereffective|p2a: Persian
|-damage|p2a: Persian|24/100
|
|t:|1760830356
|switch|p1a: Hatterene|Hatterene, F|100/100|[from] U-turn
|
|upkeep
|turn|2
|
|t:|1760830363
|switch|p2a: Primarina|Primarina, F|100/100
|move|p1a: Hatterene|Draining Kiss|p2a: Primarina
|-damage|p2a: Primarina|85/100
|
|upkeep
|turn|3
|
|t:|1760830370
|move|p2a: Primarina|Psychic Noise|p1a: Hatterene
|-resisted|p1a: Hatterene
|-damage|p1a: Hatterene|85/100
|-start|p1a: Hatterene|move: Heal Block
|move|p1a: Hatterene|Nuzzle|p2a: Primarina
|-supereffective|p2a: Primarina
|-damage|p2a: Primarina|74/100
|-status|p2a: Primarina|par
|
|upkeep
|turn|4
|
|t:|1760830384
|cant|p2a: Primarina|par
|move|p1a: Hatterene|Calm Mind|p1a: Hatterene
|-boost|p1a: Hatterene|spa|1
|-boost|p1a: Hatterene|spd|1
|
|-end|p1a: Hatterene|move: Heal Block
|upkeep
|turn|5
|
|t:|1760830388
|cant|p2a: Primarina|par
|move|p1a: Hatterene|Future Sight|p2a: Primarina
|-start|p1a: Hatterene|move: Future Sight
|
|-heal|p1a: Hatterene|91/100|[from] item: Leftovers
|upkeep
|turn|6
|
|t:|1760830393
|move|p2a: Primarina|Flip Turn|p1a: Hatterene
|-damage|p1a: Hatterene|80/100
|
|t:|1760830396
|switch|p2a: Persian|Persian-Alola, M|24/100|[from] Flip Turn
|move|p1a: Hatterene|Calm Mind|p1a: Hatterene
|-boost|p1a: Hatterene|spa|1
|-boost|p1a: Hatterene|spd|1
|
|-heal|p1a: Hatterene|86/100|[from] item: Leftovers
|upkeep
|turn|7
|
|t:|1760830400
|move|p2a: Persian|Switcheroo|p1a: Hatterene
|-activate|p2a: Persian|move: Trick|[of] p1a: Hatterene
|-item|p1a: Hatterene|Choice Scarf|[from] move: Switcheroo
|-item|p2a: Persian|Leftovers|[from] move: Switcheroo
|move|p1a: Hatterene|Draining Kiss|p2a: Persian
|-supereffective|p2a: Persian
|-damage|p2a: Persian|0 fnt
|-heal|p1a: Hatterene|100/100|[from] drain|[of] p2a: Persian
|faint|p2a: Persian
|
|-hint|Future Sight did not hit because the target is fainted.
|upkeep
|
|t:|1760830406
|switch|p2a: Primarina|Primarina, F|74/100 par
|turn|8
|
|t:|1760830413
|move|p1a: Hatterene|Draining Kiss|p2a: Primarina
|-damage|p2a: Primarina|48/100 par
|move|p2a: Primarina|Psychic Noise|p1a: Hatterene
|-resisted|p1a: Hatterene
|-damage|p1a: Hatterene|94/100
|-start|p1a: Hatterene|move: Heal Block
|
|upkeep
|turn|9
|
|t:|1760830420
|switch|p1a: Iron Crown|Iron Crown|100/100
|move|p2a: Primarina|Flip Turn|p1a: Iron Crown
|-damage|p1a: Iron Crown|83/100
|
|t:|1760830428
|switch|p2a: Cinderace|Cinderace, M|100/100|[from] Flip Turn
|
|upkeep
|turn|10
|
|t:|1760830439
|-end|p1a: Iron Crown|Quark Drive|[silent]
|switch|p1a: Hatterene|Hatterene, F|94/100
|move|p2a: Cinderace|U-turn|p1a: Hatterene
|-start|p2a: Cinderace|typechange|Bug|[from] ability: Libero
|-damage|p1a: Hatterene|64/100
|
|t:|1760830444
|switch|p2a: Alomomola|Alomomola, M|100/100|[from] U-turn
|
|upkeep
|turn|11
|
|t:|1760830448
|switch|p2a: Primarina|Primarina, F|48/100 par
|move|p1a: Hatterene|Nuzzle|p2a: Primarina
|-supereffective|p2a: Primarina
|-damage|p2a: Primarina|36/100 par
|
|upkeep
|turn|12
|
|t:|1760830457
|switch|p1a: Corviknight|Corviknight, M|100/100
|-ability|p1a: Corviknight|Pressure
|move|p2a: Primarina|Surf|p1a: Corviknight
|-damage|p1a: Corviknight|50/100
|
|upkeep
|turn|13
|
|t:|1760830471
|move|p1a: Corviknight|Brave Bird|p2a: Primarina
|-crit|p2a: Primarina
|-damage|p2a: Primarina|0 fnt
|faint|p2a: Primarina
|-damage|p1a: Corviknight|41/100|[from] Recoil
|
|upkeep
|
|t:|1760830477
|switch|p2a: Mew|Mew|100/100
|turn|14
|
|t:|1760830484
|switch|p1a: Hatterene|Hatterene, F|64/100
|move|p2a: Mew|Calm Mind|p2a: Mew
|-boost|p2a: Mew|spa|1
|-boost|p2a: Mew|spd|1
|
|upkeep
|turn|15
|
|t:|1760830495
|switch|p2a: Alomomola|Alomomola, M|100/100
|move|p1a: Hatterene|Nuzzle|p2a: Alomomola
|-supereffective|p2a: Alomomola
|-crit|p2a: Alomomola
|-damage|p2a: Alomomola|94/100
|-status|p2a: Alomomola|par
|
|upkeep
|turn|16
|
|t:|1760830509
|switch|p1a: Ting-Lu|Ting-Lu|100/100
|-ability|p1a: Ting-Lu|Vessel of Ruin
|cant|p2a: Alomomola|par
|
|upkeep
|turn|17
|
|t:|1760830517
|move|p1a: Ting-Lu|Spikes|p2a: Alomomola
|-sidestart|p2: reudige Gurke|Spikes
|move|p2a: Alomomola|Flip Turn|p1a: Ting-Lu
|-supereffective|p1a: Ting-Lu
|-damage|p1a: Ting-Lu|84/100
|
|t:|1760830520
|switch|p2a: Cinderace|Cinderace, M|100/100|[from] Flip Turn
|
|-heal|p1a: Ting-Lu|90/100|[from] item: Leftovers
|upkeep
|turn|18
|
|t:|1760830523
|move|p2a: Cinderace|U-turn|p1a: Ting-Lu
|-start|p2a: Cinderace|typechange|Bug|[from] ability: Libero
|-supereffective|p1a: Ting-Lu
|-damage|p1a: Ting-Lu|54/100
|
|t:|1760830537
|switch|p2a: Alomomola|Alomomola, M|100/100 par|[from] U-turn
|move|p1a: Ting-Lu|Earthquake|p2a: Alomomola
|-damage|p2a: Alomomola|82/100 par
|
|-heal|p1a: Ting-Lu|60/100|[from] item: Leftovers
|upkeep
|turn|19
|
|t:|1760830544
|move|p1a: Ting-Lu|Spikes|p2a: Alomomola
|-sidestart|p2: reudige Gurke|Spikes
|move|p2a: Alomomola|Flip Turn|p1a: Ting-Lu
|-supereffective|p1a: Ting-Lu
|-damage|p1a: Ting-Lu|43/100
|
|t:|1760830548
|switch|p2a: Cinderace|Cinderace, M|100/100|[from] Flip Turn
|
|-heal|p1a: Ting-Lu|50/100|[from] item: Leftovers
|upkeep
|turn|20
|
|t:|1760830561
|move|p2a: Cinderace|Court Change|p2a: Cinderace
|-start|p2a: Cinderace|typechange|Normal|[from] ability: Libero
|-swapsideconditions
|-activate|p2a: Cinderace|move: Court Change
|move|p1a: Ting-Lu|Spikes|p2a: Cinderace
|-sidestart|p2: reudige Gurke|Spikes
|
|-heal|p1a: Ting-Lu|56/100|[from] item: Leftovers
|upkeep
|turn|21
|
|t:|1760830582
|move|p2a: Cinderace|U-turn|p1a: Ting-Lu
|-supereffective|p1a: Ting-Lu
|-damage|p1a: Ting-Lu|32/100
|
|t:|1760830585
|switch|p2a: Alomomola|Alomomola, M|100/100 par|[from] U-turn
|move|p1a: Ting-Lu|Spikes|p2a: Alomomola
|-sidestart|p2: reudige Gurke|Spikes
|
|-heal|p1a: Ting-Lu|38/100|[from] item: Leftovers
|upkeep
|turn|22
|
|t:|1760830591
|cant|p2a: Alomomola|par
|move|p1a: Ting-Lu|Whirlwind|p2a: Alomomola
|drag|p2a: Kyurem|Kyurem|100/100
|-damage|p2a: Kyurem|84/100|[from] Spikes
|-ability|p2a: Kyurem|Pressure
|
|-heal|p2a: Kyurem|90/100|[from] item: Leftovers
|-heal|p1a: Ting-Lu|44/100|[from] item: Leftovers
|upkeep
|turn|23
|
|t:|1760830599
|switch|p1a: Iron Crown|Iron Crown|83/100
|-damage|p1a: Iron Crown|67/100|[from] Spikes
|move|p2a: Kyurem|Icicle Spear|p1a: Iron Crown
|-resisted|p1a: Iron Crown
|-damage|p1a: Iron Crown|61/100
|-resisted|p1a: Iron Crown
|-damage|p1a: Iron Crown|55/100
|-resisted|p1a: Iron Crown
|-damage|p1a: Iron Crown|50/100
|-hitcount|p1a: Iron Crown|3
|
|-heal|p2a: Kyurem|96/100|[from] item: Leftovers
|upkeep
|turn|24
|
|t:|1760830607
|switch|p2a: Alomomola|Alomomola, M|100/100 par
|move|p1a: Iron Crown|Tachyon Cutter|p2a: Alomomola
|-resisted|p2a: Alomomola
|-damage|p2a: Alomomola|80/100 par
|-resisted|p2a: Alomomola
|-damage|p2a: Alomomola|59/100 par
|-hitcount|p2a: Alomomola|2
|
|upkeep
|turn|25
|
|t:|1760830618
|move|p1a: Iron Crown|Tachyon Cutter|p2a: Alomomola
|-resisted|p2a: Alomomola
|-damage|p2a: Alomomola|38/100 par
|-resisted|p2a: Alomomola
|-damage|p2a: Alomomola|15/100 par
|-hitcount|p2a: Alomomola|2
|move|p2a: Alomomola|Flip Turn|p1a: Iron Crown
|-crit|p1a: Iron Crown
|-damage|p1a: Iron Crown|22/100
|
|t:|1760830627
|switch|p2a: Cinderace|Cinderace, M|100/100|[from] Flip Turn
|
|upkeep
|turn|26
|
|t:|1760830630
|move|p2a: Cinderace|U-turn|p1a: Iron Crown
|-start|p2a: Cinderace|typechange|Bug|[from] ability: Libero
|-damage|p1a: Iron Crown|0 fnt
|faint|p1a: Iron Crown
|-end|p1a: Iron Crown|Quark Drive|[silent]
|
|t:|1760830634
|switch|p2a: Alomomola|Alomomola, M|48/100 par|[from] U-turn
|
|upkeep
|
|t:|1760830639
|switch|p1a: Iron Valiant|Iron Valiant|100/100
|-damage|p1a: Iron Valiant|84/100|[from] Spikes
|-enditem|p1a: Iron Valiant|Booster Energy
|-activate|p1a: Iron Valiant|ability: Quark Drive|[fromitem]
|-start|p1a: Iron Valiant|quarkdrivespe
|turn|27
|
|t:|1760830648
|move|p1a: Iron Valiant|Knock Off|p2a: Alomomola
|-damage|p2a: Alomomola|32/100 par
|-enditem|p2a: Alomomola|Heavy-Duty Boots|[from] move: Knock Off|[of] p1a: Iron Valiant
|move|p2a: Alomomola|Flip Turn|p1a: Iron Valiant
|-damage|p1a: Iron Valiant|60/100
|
|t:|1760830658
|switch|p2a: Mew|Mew|100/100|[from] Flip Turn
|-damage|p2a: Mew|84/100|[from] Spikes
|
|upkeep
|turn|28
|
|t:|1760830663
|move|p1a: Iron Valiant|Knock Off|p2a: Mew
|-supereffective|p2a: Mew
|-damage|p2a: Mew|48/100
|-enditem|p2a: Mew|Weakness Policy
|-boost|p2a: Mew|atk|2|[from] item: Weakness Policy
|-boost|p2a: Mew|spa|2|[from] item: Weakness Policy
|move|p2a: Mew|Agility|p2a: Mew
|-boost|p2a: Mew|spe|2
|
|upkeep
|turn|29
|
|t:|1760830672
|move|p1a: Iron Valiant|Encore|p2a: Mew
|-start|p2a: Mew|Encore
|move|p2a: Mew|Agility|p2a: Mew
|-boost|p2a: Mew|spe|2
|
|upkeep
|turn|30
|
|t:|1760830679
|move|p2a: Mew|Agility|p2a: Mew
|-boost|p2a: Mew|spe|2
|move|p1a: Iron Valiant|Moonblast|p2a: Mew
|-damage|p2a: Mew|10/100
|-unboost|p2a: Mew|spa|1
|
|upkeep
|turn|31
|
|t:|1760830689
|switch|p2a: Alomomola|Alomomola, M|65/100 par
|-damage|p2a: Alomomola|49/100 par|[from] Spikes
|move|p1a: Iron Valiant|Moonblast|p2a: Alomomola
|-damage|p2a: Alomomola|0 fnt
|faint|p2a: Alomomola
|
|upkeep
|
|t:|1760830693
|switch|p2a: Kyurem|Kyurem|96/100
|-damage|p2a: Kyurem|80/100|[from] Spikes
|-ability|p2a: Kyurem|Pressure
|turn|32
|
|t:|1760830704
|-terastallize|p2a: Kyurem|Steel
|move|p1a: Iron Valiant|Close Combat|p2a: Kyurem
|-supereffective|p2a: Kyurem
|-damage|p2a: Kyurem|0 fnt
|-unboost|p1a: Iron Valiant|def|1
|-unboost|p1a: Iron Valiant|spd|1
|faint|p2a: Kyurem
|
|upkeep
|-message|reudige Gurke forfeited.
|
|win|killbot18
|raw|killbot18's rating: 1380 &rarr; <strong>1400</strong><br />(+20 for winning)
|raw|reudige Gurke's rating: 1379 &rarr; <strong>1359</strong><br />(-20 for losing)
|l|☆reudige Gurke
|player|p2|
