|j|☆Verminator
|j|☆Pokemon ChampionZ
|t:|1760781172
|gametype|singles
|player|p1|Verminator|bruno|1280
|player|p2|Pokemon ChampionZ|hilbert|1289
|gen|9
|tier|[Gen 9] OU
|rated|
|rule|HP Percentage Mod: HP is shown in percentages
|rule|Endless Battle Clause: Forcing endless battles is banned
|rule|Species Clause: Limit one of each Pokémon
|rule|OHKO Clause: OHKO moves are banned
|rule|Evasion Items Clause: Evasion items are banned
|rule|Evasion Moves Clause: Evasion moves are banned
|rule|Evasion Abilities Clause: Evasion abilities are banned
|rule|Sleep Moves Clause: Sleep-inducing moves are banned
|clearpoke
|poke|p1|Weavile, F|
|poke|p1|Slowking-Galar, F|
|poke|p1|Moltres|
|poke|p1|Scizor, M|
|poke|p1|Quagsire, M|
|poke|p1|Garchomp, M|
|poke|p2|Dragonite, F|
|poke|p2|Zamazenta-*|
|poke|p2|Landorus-Therian, M|
|poke|p2|Gholdengo|
|poke|p2|Darkrai|
|poke|p2|Hatterene, F|
|teampreview
|inactive|Battle timer is ON: inactive players will automatically lose when time's up. (requested by Pokemon ChampionZ)
|
|t:|1760781180
|teamsize|p1|6
|teamsize|p2|6
|start
|switch|p1a: Moltres|Moltres|100/100
|switch|p2a: Landorus|Landorus-Therian, M|100/100
|-ability|p2a: Landorus|Intimidate|boost
|-unboost|p1a: Moltres|atk|1
|turn|1
|
|t:|1760781187
|move|p2a: Landorus|Stealth Rock|p1a: Moltres
|-sidestart|p1: Verminator|move: Stealth Rock
|move|p1a: Moltres|Flamethrower|p2a: Landorus
|-damage|p2a: Landorus|53/100
|
|upkeep
|turn|2
|
|t:|1760781193
|switch|p1a: Quagsire|Quagsire, M|100/100
|-damage|p1a: Quagsire|94/100|[from] Stealth Rock
|move|p2a: Landorus|U-turn|p1a: Quagsire
|-damage|p1a: Quagsire|78/100
|
|t:|1760781204
|switch|p2a: Darkrai|Darkrai|100/100|[from] U-turn
|
|-heal|p1a: Quagsire|84/100|[from] item: Leftovers
|upkeep
|turn|3
|
|t:|1760781215
|move|p2a: Darkrai|Taunt|p1a: Quagsire
|-start|p1a: Quagsire|move: Taunt
|move|p1a: Quagsire|Earthquake|p2a: Darkrai
|-damage|p2a: Darkrai|62/100
|
|-heal|p1a: Quagsire|90/100|[from] item: Leftovers
|upkeep
|turn|4
|
|t:|1760781228
|switch|p1a: Moltres|Moltres|100/100
|move|p2a: Darkrai|Dark Pulse|p1a: Moltres
|-damage|p1a: Moltres|61/100
|
|upkeep
|turn|5
|
|t:|1760781234
|move|p2a: Darkrai|Dark Pulse|p1a: Moltres
|-damage|p1a: Moltres|20/100
|move|p1a: Moltres|U-turn|p2a: Darkrai
|-supereffective|p2a: Darkrai
|-damage|p2a: Darkrai|26/100
|
|t:|1760781240
|switch|p1a: Scizor|Scizor, M|100/100|[from] U-turn
|-damage|p1a: Scizor|88/100|[from] Stealth Rock
|
|upkeep
|turn|6
|
|t:|1760781244
|move|p2a: Darkrai|Will-O-Wisp|p1a: Scizor|[miss]
|-miss|p2a: Darkrai|p1a: Scizor
|move|p1a: Scizor|Defog|p2a: Darkrai
|-unboost|p2a: Darkrai|evasion|1
|-sideend|p1: Verminator|Stealth Rock|[from] move: Defog|[of] p1a: Scizor
|
|upkeep
|turn|7
|
|t:|1760781250
|move|p1a: Scizor|Bullet Punch|p2a: Darkrai
|-crit|p2a: Darkrai
|-damage|p2a: Darkrai|0 fnt
|faint|p2a: Darkrai
|
|upkeep
|
|t:|1760781253
|switch|p2a: Landorus|Landorus-Therian, M|53/100
|-ability|p2a: Landorus|Intimidate|boost
|-unboost|p1a: Scizor|atk|1
|turn|8
|
|t:|1760781259
|move|p2a: Landorus|U-turn|p1a: Scizor
|-resisted|p1a: Scizor
|-damage|p1a: Scizor|77/100
|
|t:|1760781265
|switch|p2a: Hatterene|Hatterene, F|100/100|[from] U-turn
|move|p1a: Scizor|Swords Dance|p1a: Scizor
|-boost|p1a: Scizor|atk|2
|
|upkeep
|turn|9
|
|t:|1760781278
|switch|p1a: Slowking|Slowking-Galar, F|100/100
|move|p2a: Hatterene|Mystical Fire|p1a: Slowking
|-damage|p1a: Slowking|84/100
|-unboost|p1a: Slowking|spa|1
|
|-heal|p1a: Slowking|90/100|[from] item: Leftovers
|upkeep
|turn|10
|
|t:|1760781286
|move|p2a: Hatterene|Psyshock|p1a: Slowking
|-damage|p1a: Slowking|50/100
|move|p1a: Slowking|Toxic|p2a: Hatterene
|move|p2a: Hatterene|Toxic|p1a: Slowking|[from] ability: Magic Bounce
|-immune|p1a: Slowking
|
|-heal|p1a: Slowking|56/100|[from] item: Leftovers
|upkeep
|turn|11
|
|t:|1760781294
|switch|p1a: Weavile|Weavile, F|100/100
|move|p2a: Hatterene|Psyshock|p1a: Weavile
|-immune|p1a: Weavile
|
|upkeep
|turn|12
|
|t:|1760781302
|switch|p1a: Scizor|Scizor, M|77/100
|move|p2a: Hatterene|Draining Kiss|p1a: Scizor
|-resisted|p1a: Scizor
|-damage|p1a: Scizor|62/100
|
|upkeep
|turn|13
|
|t:|1760781310
|move|p1a: Scizor|Bullet Punch|p2a: Hatterene
|-supereffective|p2a: Hatterene
|-damage|p2a: Hatterene|1/100
|move|p2a: Hatterene|Mystical Fire|p1a: Scizor
|-supereffective|p1a: Scizor
|-damage|p1a: Scizor|0 fnt
|faint|p1a: Scizor
|
|upkeep
|
|t:|1760781316
|switch|p1a: Weavile|Weavile, F|100/100
|turn|14
|
|t:|1760781321
|move|p1a: Weavile|Knock Off|p2a: Hatterene
|-damage|p2a: Hatterene|0 fnt
|-enditem|p2a: Hatterene|Assault Vest|[from] move: Knock Off|[of] p1a: Weavile
|faint|p2a: Hatterene
|-damage|p1a: Weavile|91/100|[from] item: Life Orb
|
|upkeep
|
|t:|1760781328
|switch|p2a: Landorus|Landorus-Therian, M|53/100
|-ability|p2a: Landorus|Intimidate|boost
|-unboost|p1a: Weavile|atk|1
|turn|15
|
|t:|1760781333
|move|p1a: Weavile|Icicle Crash|p2a: Landorus
|-supereffective|p2a: Landorus
|-damage|p2a: Landorus|0 fnt
|faint|p2a: Landorus
|-damage|p1a: Weavile|81/100|[from] item: Life Orb
|
|upkeep
|
|t:|1760781338
|switch|p2a: Zamazenta|Zamazenta|100/100
|-ability|p2a: Zamazenta|Dauntless Shield|boost
|-boost|p2a: Zamazenta|def|1
|turn|16
|
|t:|1760781343
|switch|p1a: Quagsire|Quagsire, M|90/100
|move|p2a: Zamazenta|Body Press|p1a: Quagsire
|-damage|p1a: Quagsire|47/100
|
|-heal|p1a: Quagsire|53/100|[from] item: Leftovers
|upkeep
|turn|17
|
|t:|1760781350
|move|p2a: Zamazenta|Iron Defense|p2a: Zamazenta
|-boost|p2a: Zamazenta|def|2
|move|p1a: Quagsire|Toxic|p2a: Zamazenta
|-status|p2a: Zamazenta|tox
|
|-heal|p1a: Quagsire|59/100|[from] item: Leftovers
|-damage|p2a: Zamazenta|94/100 tox|[from] psn
|upkeep
|turn|18
|
|t:|1760781357
|move|p2a: Zamazenta|Body Press|p1a: Quagsire
|-damage|p1a: Quagsire|0 fnt
|faint|p1a: Quagsire
|
|-heal|p2a: Zamazenta|100/100 tox|[from] item: Leftovers
|-damage|p2a: Zamazenta|88/100 tox|[from] psn
|upkeep
|
|t:|1760781364
|switch|p1a: Slowking|Slowking-Galar, F|89/100
|turn|19
|
|t:|1760781370
|move|p2a: Zamazenta|Body Press|p1a: Slowking
|-resisted|p1a: Slowking
|-damage|p1a: Slowking|66/100
|move|p1a: Slowking|Future Sight|p2a: Zamazenta
|-start|p1a: Slowking|move: Future Sight
|
|-heal|p2a: Zamazenta|94/100 tox|[from] item: Leftovers
|-heal|p1a: Slowking|72/100|[from] item: Leftovers
|-damage|p2a: Zamazenta|76/100 tox|[from] psn
|upkeep
|turn|20
|
|t:|1760781380
|move|p2a: Zamazenta|Crunch|p1a: Slowking
|-supereffective|p1a: Slowking
|-damage|p1a: Slowking|24/100
|move|p1a: Slowking|Sludge Bomb|p2a: Zamazenta
|-crit|p2a: Zamazenta
|-damage|p2a: Zamazenta|31/100 tox
|
|-heal|p2a: Zamazenta|37/100 tox|[from] item: Leftovers
|-heal|p1a: Slowking|30/100|[from] item: Leftovers
|-damage|p2a: Zamazenta|12/100 tox|[from] psn
|upkeep
|turn|21
|
|t:|1760781394
|switch|p1a: Moltres|Moltres|20/100
|move|p2a: Zamazenta|Crunch|p1a: Moltres
|-damage|p1a: Moltres|0 fnt
|faint|p1a: Moltres
|
|-end|p2a: Zamazenta|move: Future Sight
|-supereffective|p2a: Zamazenta
|-damage|p2a: Zamazenta|0 fnt
|faint|p2a: Zamazenta
|upkeep
|
|t:|1760781405
|switch|p2a: Dragonite|Dragonite, F|100/100
|switch|p1a: Garchomp|Garchomp, M|100/100
|turn|22
|
|t:|1760781411
|-terastallize|p2a: Dragonite|Flying
|move|p1a: Garchomp|Scale Shot|p2a: Dragonite
|-crit|p2a: Dragonite
|-damage|p2a: Dragonite|89/100
|-damage|p2a: Dragonite|74/100
|-damage|p2a: Dragonite|60/100
|-damage|p2a: Dragonite|46/100
|-hitcount|p2a: Dragonite|4
|-unboost|p1a: Garchomp|def|1
|-boost|p1a: Garchomp|spe|1
|move|p2a: Dragonite|Dragon Dance|p2a: Dragonite
|-boost|p2a: Dragonite|atk|1
|-boost|p2a: Dragonite|spe|1
|
|upkeep
|turn|23
|
|t:|1760781429
|move|p1a: Garchomp|Scale Shot|p2a: Dragonite
|-crit|p2a: Dragonite
|-damage|p2a: Dragonite|25/100
|-damage|p2a: Dragonite|10/100
|-damage|p2a: Dragonite|0 fnt
|faint|p2a: Dragonite
|-hitcount|p2: Dragonite|3
|-unboost|p1a: Garchomp|def|1
|-boost|p1a: Garchomp|spe|1
|
|upkeep
|
|t:|1760781434
|switch|p2a: Gholdengo|Gholdengo|100/100
|turn|24
|
|t:|1760781440
|switch|p1a: Slowking|Slowking-Galar, F|63/100
|move|p2a: Gholdengo|Make It Rain|p1a: Slowking
|-damage|p1a: Slowking|16/100
|-unboost|p2a: Gholdengo|spa|1
|
|-heal|p1a: Slowking|22/100|[from] item: Leftovers
|upkeep
|turn|25
|
|t:|1760781449
|move|p2a: Gholdengo|Make It Rain|p1a: Slowking
|-damage|p1a: Slowking|0 fnt
|-unboost|p2a: Gholdengo|spa|1
|faint|p1a: Slowking
|
|upkeep
|
|t:|1760781452
|switch|p1a: Garchomp|Garchomp, M|100/100
|turn|26
|
|t:|1760781459
|move|p1a: Garchomp|Earthquake|p2a: Gholdengo
|-supereffective|p2a: Gholdengo
|-damage|p2a: Gholdengo|0 fnt
|faint|p2a: Gholdengo
|
|win|Verminator
|raw|Verminator's rating: 1280 &rarr; <strong>1306</strong><br />(+26 for winning)
|raw|Pokemon ChampionZ's rating: 1289 &rarr; <strong>1263</strong><br />(-26 for losing)
|l|☆Pokemon ChampionZ
|player|p2|
|l|☆Verminator
|player|p1|
