|j|☆hexonicgd
|j|☆Etarnus XD
|t:|1760867195
|gametype|singles
|player|p1|hexonicgd|caitlin|1300
|player|p2|Etarnus XD|266|1292
|gen|9
|tier|[Gen 9] OU
|rated|
|rule|HP Percentage Mod: HP is shown in percentages
|rule|Endless Battle Clause: Forcing endless battles is banned
|rule|Species Clause: Limit one of each Pokémon
|rule|OHKO Clause: OHKO moves are banned
|rule|Evasion Items Clause: Evasion items are banned
|rule|Evasion Moves Clause: Evasion moves are banned
|rule|Evasion Abilities Clause: Evasion abilities are banned
|rule|Sleep Moves Clause: Sleep-inducing moves are banned
|clearpoke
|poke|p1|Dragonite, F|
|poke|p1|Sandy Shocks|
|poke|p1|Iron Moth|
|poke|p1|Iron Boulder|
|poke|p1|Iron Crown|
|poke|p1|Brute Bonnet|
|poke|p2|Inteleon, F|
|poke|p2|Incineroar, M|
|poke|p2|Rillaboom, M|
|poke|p2|Toxicroak, M|
|poke|p2|Iron Treads|
|poke|p2|Enamorus, F|
|teampreview
|inactive|Battle timer is ON: inactive players will automatically lose when time's up. (requested by Etarnus XD)
|
|t:|1760867209
|teamsize|p1|6
|teamsize|p2|6
|start
|switch|p1a: Sandy Shocks|Sandy Shocks|100/100
|switch|p2a: Inteleon|Inteleon, F|100/100
|-enditem|p1a: Sandy Shocks|Booster Energy
|-activate|p1a: Sandy Shocks|ability: Protosynthesis|[fromitem]
|-start|p1a: Sandy Shocks|protosynthesisspe
|turn|1
|
|t:|1760867223
|switch|p2a: Iron Treads|Iron Treads|100/100
|move|p1a: Sandy Shocks|Thunderbolt|p2a: Iron Treads
|-immune|p2a: Iron Treads
|
|upkeep
|turn|2
|
|t:|1760867235
|move|p1a: Sandy Shocks|Earth Power|p2a: Iron Treads
|-supereffective|p2a: Iron Treads
|-damage|p2a: Iron Treads|0 fnt
|faint|p2a: Iron Treads
|-end|p2a: Iron Treads|Quark Drive|[silent]
|
|upkeep
|
|t:|1760867242
|switch|p2a: Rillaboom|Rillaboom, M|100/100
|-fieldstart|move: Grassy Terrain|[from] ability: Grassy Surge|[of] p2a: Rillaboom
|turn|3
|
|t:|1760867253
|-terastallize|p1a: Sandy Shocks|Ice
|move|p2a: Rillaboom|Grassy Glide|p1a: Sandy Shocks
|-damage|p1a: Sandy Shocks|55/100
|move|p1a: Sandy Shocks|Tera Blast|p2a: Rillaboom|[anim] Tera Blast Ice
|-supereffective|p2a: Rillaboom
|-damage|p2a: Rillaboom|10/100
|
|-heal|p1a: Sandy Shocks|61/100|[from] Grassy Terrain
|-heal|p2a: Rillaboom|16/100|[from] Grassy Terrain
|upkeep
|turn|4
|
|t:|1760867278
|move|p2a: Rillaboom|Grassy Glide|p1a: Sandy Shocks
|-damage|p1a: Sandy Shocks|14/100
|move|p1a: Sandy Shocks|Tera Blast|p2a: Rillaboom|[anim] Tera Blast Ice
|-supereffective|p2a: Rillaboom
|-damage|p2a: Rillaboom|0 fnt
|faint|p2a: Rillaboom
|
|-heal|p1a: Sandy Shocks|20/100|[from] Grassy Terrain
|upkeep
|
|t:|1760867296
|switch|p2a: Toxicroak|Toxicroak, M|100/100
|turn|5
|
|t:|1760867309
|move|p1a: Sandy Shocks|Earth Power|p2a: Toxicroak
|-supereffective|p2a: Toxicroak
|-damage|p2a: Toxicroak|0 fnt
|faint|p2a: Toxicroak
|
|-heal|p1a: Sandy Shocks|26/100|[from] Grassy Terrain
|upkeep
|-message|Etarnus XD forfeited.
|
|win|hexonicgd
|raw|hexonicgd's rating: 1300 &rarr; <strong>1324</strong><br />(+24 for winning)
|raw|Etarnus XD's rating: 1292 &rarr; <strong>1268</strong><br />(-24 for losing)
|l|☆Etarnus XD
|player|p2|
|l|☆hexonicgd
|player|p1|
