|j|☆fatbozo440
|j|☆theawesomeking182
|t:|1760762799
|gametype|singles
|player|p1|fatbozo440|170|1280
|player|p2|theawesomeking182|101|1261
|gen|9
|tier|[Gen 9] OU
|rated|
|rule|HP Percentage Mod: HP is shown in percentages
|rule|Endless Battle Clause: Forcing endless battles is banned
|rule|Species Clause: Limit one of each Pokémon
|rule|OHKO Clause: OHKO moves are banned
|rule|Evasion Items Clause: Evasion items are banned
|rule|Evasion Moves Clause: Evasion moves are banned
|rule|Evasion Abilities Clause: Evasion abilities are banned
|rule|Sleep Moves Clause: Sleep-inducing moves are banned
|clearpoke
|poke|p1|Golem-Alola, F|
|poke|p1|Blaziken, F|
|poke|p1|Garchomp, M|
|poke|p1|Kingambit, F|
|poke|p1|Ogerpon, F|
|poke|p1|Corviknight, M|
|poke|p2|Torkoal, M|
|poke|p2|Walking Wake|
|poke|p2|Great Tusk|
|poke|p2|Ceruledge, M|
|poke|p2|Cinderace, M|
|poke|p2|Hatterene, F|
|teampreview
|inactive|Battle timer is ON: inactive players will automatically lose when time's up. (requested by fatbozo440)
|
|t:|1760762821
|teamsize|p1|6
|teamsize|p2|6
|start
|switch|p1a: Garchomp|Garchomp, M|100/100
|switch|p2a: The Top|Walking Wake|100/100
|turn|1
|
|t:|1760762839
|move|p2a: The Top|Draco Meteor|p1a: Garchomp
|-supereffective|p1a: Garchomp
|-damage|p1a: Garchomp|0 fnt
|-unboost|p2a: The Top|spa|2
|faint|p1a: Garchomp
|
|upkeep
|
|t:|1760762844
|switch|p1a: Ogerpon|Ogerpon, F|100/100
|turn|2
|
|t:|1760762852
|-end|p2a: The Top|Protosynthesis|[silent]
|switch|p2a: World Turtle|Torkoal, M, shiny|100/100
|-weather|SunnyDay|[from] ability: Drought|[of] p2a: World Turtle
|move|p1a: Ogerpon|Swords Dance|p1a: Ogerpon
|-boost|p1a: Ogerpon|atk|2
|
|-weather|SunnyDay|[upkeep]
|upkeep
|turn|3
|
|t:|1760762861
|move|p1a: Ogerpon|Swords Dance|p1a: Ogerpon
|-boost|p1a: Ogerpon|atk|2
|move|p2a: World Turtle|Will-O-Wisp|p1a: Ogerpon
|-status|p1a: Ogerpon|brn
|
|-weather|SunnyDay|[upkeep]
|-damage|p1a: Ogerpon|95/100 brn|[from] brn
|upkeep
|turn|4
|
|t:|1760762869
|move|p1a: Ogerpon|Swords Dance|p1a: Ogerpon
|-boost|p1a: Ogerpon|atk|2
|move|p2a: World Turtle|Weather Ball|p1a: Ogerpon
|-supereffective|p1a: Ogerpon
|-damage|p1a: Ogerpon|0 fnt
|faint|p1a: Ogerpon
|
|-weather|SunnyDay|[upkeep]
|upkeep
|
|t:|1760762877
|switch|p1a: Golem|Golem-Alola, F|100/100
|turn|5
|
|t:|1760762886
|move|p1a: Golem|Explosion|p2a: World Turtle
|-damage|p2a: World Turtle|0 fnt
|faint|p1a: Golem
|faint|p2a: World Turtle
|
|-weather|SunnyDay|[upkeep]
|upkeep
|
|t:|1760762893
|switch|p1a: Blaziken|Blaziken, F|100/100
|switch|p2a: The Top|Walking Wake|100/100
|-activate|p2a: The Top|ability: Protosynthesis
|-start|p2a: The Top|protosynthesisspa
|turn|6
|
|t:|1760762899
|move|p1a: Blaziken|Protect|p1a: Blaziken
|-singleturn|p1a: Blaziken|Protect
|move|p2a: The Top|Hydro Steam|p1a: Blaziken
|-activate|p1a: Blaziken|move: Protect
|
|-weather|SunnyDay|[upkeep]
|-ability|p1a: Blaziken|Speed Boost|boost
|-boost|p1a: Blaziken|spe|1
|upkeep
|turn|7
|
|t:|1760762911
|move|p1a: Blaziken|Close Combat|p2a: The Top
|-damage|p2a: The Top|16/100
|-unboost|p1a: Blaziken|def|1
|-unboost|p1a: Blaziken|spd|1
|-damage|p1a: Blaziken|91/100|[from] item: Life Orb
|move|p2a: The Top|Hydro Steam|p1a: Blaziken
|-supereffective|p1a: Blaziken
|-damage|p1a: Blaziken|0 fnt
|faint|p1a: Blaziken
|
|-weather|SunnyDay|[upkeep]
|upkeep
|
|t:|1760762924
|switch|p1a: Corviknight|Corviknight, M|100/100
|turn|8
|
|t:|1760762934
|move|p2a: The Top|Hydro Steam|p1a: Corviknight
|-damage|p1a: Corviknight|0 fnt
|faint|p1a: Corviknight
|
|-weather|SunnyDay|[upkeep]
|upkeep
|
|t:|1760762940
|switch|p1a: Kingambit|Kingambit, F|100/100
|-activate|p1a: Kingambit|ability: Supreme Overlord
|-start|p1a: Kingambit|fallen5|[silent]
|turn|9
|
|t:|1760762946
|move|p1a: Kingambit|Sucker Punch|p2a: The Top
|-damage|p2a: The Top|0 fnt
|faint|p2a: The Top
|-end|p2a: The Top|Protosynthesis|[silent]
|
|-weather|none
|upkeep
|
|t:|1760762948
|switch|p2a: Who Named Me?|Great Tusk|100/100
|turn|10
|
|t:|1760762956
|-terastallize|p1a: Kingambit|Dark
|move|p2a: Who Named Me?|Bulk Up|p2a: Who Named Me?
|-boost|p2a: Who Named Me?|atk|1
|-boost|p2a: Who Named Me?|def|1
|move|p1a: Kingambit|Swords Dance|p1a: Kingambit
|-boost|p1a: Kingambit|atk|2
|
|upkeep
|turn|11
|
|t:|1760762963
|move|p2a: Who Named Me?|Headlong Rush|p1a: Kingambit
|-damage|p1a: Kingambit|45/100
|-unboost|p2a: Who Named Me?|def|1
|-unboost|p2a: Who Named Me?|spd|1
|move|p1a: Kingambit|Swords Dance|p1a: Kingambit
|-boost|p1a: Kingambit|atk|2
|
|upkeep
|turn|12
|
|t:|1760762979
|move|p1a: Kingambit|Sucker Punch||[still]
|-fail|p1a: Kingambit
|move|p2a: Who Named Me?|Bulk Up|p2a: Who Named Me?
|-boost|p2a: Who Named Me?|atk|1
|-boost|p2a: Who Named Me?|def|1
|
|upkeep
|turn|13
|
|t:|1760762985
|move|p2a: Who Named Me?|Bulk Up|p2a: Who Named Me?
|-boost|p2a: Who Named Me?|atk|1
|-boost|p2a: Who Named Me?|def|1
|move|p1a: Kingambit|Kowtow Cleave|p2a: Who Named Me?
|-resisted|p2a: Who Named Me?
|-damage|p2a: Who Named Me?|46/100
|
|-heal|p2a: Who Named Me?|52/100|[from] item: Leftovers
|upkeep
|turn|14
|
|t:|1760762997
|move|p2a: Who Named Me?|Bulk Up|p2a: Who Named Me?
|-boost|p2a: Who Named Me?|atk|1
|-boost|p2a: Who Named Me?|def|1
|move|p1a: Kingambit|Iron Head|p2a: Who Named Me?
|-damage|p2a: Who Named Me?|0 fnt
|faint|p2a: Who Named Me?
|-end|p2a: Who Named Me?|Protosynthesis|[silent]
|
|upkeep
|
|t:|1760763006
|switch|p2a: Aegislew|Ceruledge, M, shiny|100/100
|turn|15
|
|t:|1760763014
|move|p2a: Aegislew|Bitter Blade|p1a: Kingambit
|-damage|p1a: Kingambit|14/100
|move|p1a: Kingambit|Iron Head|p2a: Aegislew
|-resisted|p2a: Aegislew
|-enditem|p2a: Aegislew|Focus Sash
|-damage|p2a: Aegislew|1/100
|-ability|p2a: Aegislew|Weak Armor|boost
|-unboost|p2a: Aegislew|def|1
|-boost|p2a: Aegislew|spe|2
|
|upkeep
|turn|16
|
|t:|1760763025
|move|p2a: Aegislew|Shadow Sneak|p1a: Kingambit
|-resisted|p1a: Kingambit
|-damage|p1a: Kingambit|6/100
|move|p1a: Kingambit|Sucker Punch||[still]
|-fail|p1a: Kingambit
|
|upkeep
|turn|17
|
|t:|1760763030
|move|p2a: Aegislew|Shadow Sneak|p1a: Kingambit
|-resisted|p1a: Kingambit
|-damage|p1a: Kingambit|0 fnt
|faint|p1a: Kingambit
|-end|p1a: Kingambit|fallen5|[silent]
|
|win|theawesomeking182
|raw|fatbozo440's rating: 1251 &rarr; <strong>1227</strong><br />(-24 for losing)
|raw|theawesomeking182's rating: 1261 &rarr; <strong>1285</strong><br />(+24 for winning)
|l|☆fatbozo440
|player|p1|
|c|☆theawesomeking182|Gg
|l|☆theawesomeking182
|player|p2|
