|j|☆panzershock
|j|☆Z-A_Ryu Essential
|t:|1760738626
|gametype|singles
|player|p1|panzershock|102|1110
|player|p2|Z-A_Ryu Essential|essentia|1135
|gen|9
|tier|[Gen 9] OU
|rated|
|rule|HP Percentage Mod: HP is shown in percentages
|rule|Endless Battle Clause: Forcing endless battles is banned
|rule|Species Clause: Limit one of each Pokémon
|rule|OHKO Clause: OHKO moves are banned
|rule|Evasion Items Clause: Evasion items are banned
|rule|Evasion Moves Clause: Evasion moves are banned
|rule|Evasion Abilities Clause: Evasion abilities are banned
|rule|Sleep Moves Clause: Sleep-inducing moves are banned
|clearpoke
|poke|p1|Breloom, M|
|poke|p1|Avalugg-Hisui, M|
|poke|p1|Ursaluna, F|
|poke|p1|Ariados, M|
|poke|p1|Porygon-Z|
|poke|p1|Murkrow, F|
|poke|p2|Cinderace, M|
|poke|p2|Ogerpon-Wellspring, F|
|poke|p2|Dragapult, F|
|poke|p2|Iron Valiant|
|poke|p2|Ninetales-Alola, F|
|poke|p2|Scizor, F|
|teampreview
|c|☆Z-A_Ryu Essential|Hi
|
|t:|1760738669
|teamsize|p1|6
|teamsize|p2|6
|start
|switch|p1a: Ursaluna|Ursaluna, F|100/100
|switch|p2a: Darkside|Dragapult, F|100/100
|turn|1
|
|t:|1760738678
|move|p2a: Darkside|Dragon Dance|p2a: Darkside
|-boost|p2a: Darkside|atk|1
|-boost|p2a: Darkside|spe|1
|move|p1a: Ursaluna|Trailblaze|p2a: Darkside
|-resisted|p2a: Darkside
|-damage|p2a: Darkside|87/100
|-boost|p1a: Ursaluna|spe|1
|
|upkeep
|turn|2
|
|t:|1760738693
|move|p2a: Darkside|Dragon Dance|p2a: Darkside
|-boost|p2a: Darkside|atk|1
|-boost|p2a: Darkside|spe|1
|move|p1a: Ursaluna|Earthquake|p2a: Darkside
|-damage|p2a: Darkside|7/100
|
|upkeep
|turn|3
|
|t:|1760738704
|move|p2a: Darkside|Dragon Darts|p1a: Ursaluna
|-damage|p1a: Ursaluna|39/100
|-anim|p2a: Darkside|Dragon Darts|p1a: Ursaluna
|-damage|p1a: Ursaluna|0 fnt
|faint|p1a: Ursaluna
|-damage|p2a: Darkside|0 fnt|[from] item: Life Orb
|faint|p2a: Darkside
|
|upkeep
|
|t:|1760738713
|switch|p2a: Bichota|Scizor, F|100/100
|switch|p1a: Murkrow|Murkrow, F|100/100
|turn|4
|
|t:|1760738723
|move|p1a: Murkrow|Thunder Wave|p2a: Bichota
|-status|p2a: Bichota|par
|move|p2a: Bichota|Swords Dance|p2a: Bichota
|-boost|p2a: Bichota|atk|2
|
|upkeep
|turn|5
|
|t:|1760738730
|move|p1a: Murkrow|Haze|p1a: Murkrow
|-clearallboost
|cant|p2a: Bichota|par
|
|upkeep
|turn|6
|
|t:|1760738740
|switch|p1a: Porygon-Z|Porygon-Z|100/100
|-ability|p1a: Porygon-Z|Download|boost
|-boost|p1a: Porygon-Z|spa|1
|cant|p2a: Bichota|par
|
|upkeep
|turn|7
|
|t:|1760738747
|move|p1a: Porygon-Z|Discharge|p2a: Bichota
|-damage|p2a: Bichota|43/100 par
|move|p2a: Bichota|Knock Off|p1a: Porygon-Z
|-damage|p1a: Porygon-Z|48/100
|-enditem|p1a: Porygon-Z|Clear Amulet|[from] move: Knock Off|[of] p2a: Bichota
|
|-heal|p2a: Bichota|49/100 par|[from] item: Leftovers
|upkeep
|turn|8
|
|t:|1760738756
|move|p2a: Bichota|Bullet Punch|p1a: Porygon-Z
|-damage|p1a: Porygon-Z|0 fnt
|faint|p1a: Porygon-Z
|
|-heal|p2a: Bichota|55/100 par|[from] item: Leftovers
|upkeep
|
|t:|1760738768
|switch|p1a: Breloom|Breloom, M|100/100
|turn|9
|
|t:|1760738780
|move|p1a: Breloom|Bulldoze|p2a: Bichota
|-damage|p2a: Bichota|4/100 par
|-unboost|p2a: Bichota|spe|1
|-damage|p1a: Breloom|91/100|[from] item: Life Orb
|move|p2a: Bichota|Knock Off|p1a: Breloom
|-resisted|p1a: Breloom
|-damage|p1a: Breloom|65/100
|-enditem|p1a: Breloom|Life Orb|[from] move: Knock Off|[of] p2a: Bichota
|
|-heal|p2a: Bichota|10/100 par|[from] item: Leftovers
|upkeep
|turn|10
|
|t:|1760738789
|move|p1a: Breloom|Mach Punch|p2a: Bichota
|-damage|p2a: Bichota|0 fnt
|faint|p2a: Bichota
|
|upkeep
|
|t:|1760738802
|switch|p2a: Ferropapeador|Iron Valiant|100/100
|turn|11
|
|t:|1760738810
|-end|p2a: Ferropapeador|Quark Drive|[silent]
|switch|p2a: Messi|Cinderace, M|100/100
|switch|p1a: Ariados|Ariados, M|100/100
|
|upkeep
|turn|12
|
|t:|1760738818
|switch|p1a: Murkrow|Murkrow, F|100/100
|move|p2a: Messi|Pyro Ball|p1a: Murkrow
|-enditem|p1a: Murkrow|Focus Sash
|-damage|p1a: Murkrow|1/100
|
|upkeep
|turn|13
|
|t:|1760738824
|move|p1a: Murkrow|Thunder Wave|p2a: Messi
|-status|p2a: Messi|par
|cant|p2a: Messi|par
|
|upkeep
|turn|14
|
|t:|1760738828
|move|p1a: Murkrow|Icy Wind|p2a: Messi
|-resisted|p2a: Messi
|-damage|p2a: Messi|93/100 par
|-unboost|p2a: Messi|spe|1
|move|p2a: Messi|Pyro Ball|p1a: Murkrow
|-damage|p1a: Murkrow|0 fnt
|faint|p1a: Murkrow
|
|upkeep
|
|t:|1760738834
|switch|p1a: Avalugg|Avalugg-Hisui, M|100/100
|turn|15
|
|t:|1760738840
|switch|p2a: Inverna|Ninetales-Alola, F|100/100
|-weather|Snowscape|[from] ability: Snow Warning|[of] p2a: Inverna
|move|p1a: Avalugg|Rock Blast|p2a: Inverna
|-supereffective|p2a: Inverna
|-damage|p2a: Inverna|81/100
|-supereffective|p2a: Inverna
|-damage|p2a: Inverna|60/100
|-supereffective|p2a: Inverna
|-damage|p2a: Inverna|39/100
|-supereffective|p2a: Inverna
|-damage|p2a: Inverna|18/100
|-supereffective|p2a: Inverna
|-damage|p2a: Inverna|0 fnt
|faint|p2a: Inverna
|-hitcount|p2: Inverna|5
|
|-weather|Snowscape|[upkeep]
|upkeep
|
|t:|1760738858
|switch|p2a: Ferropapeador|Iron Valiant|100/100
|turn|16
|
|t:|1760738871
|switch|p1a: Ariados|Ariados, M|100/100
|move|p2a: Ferropapeador|Aura Sphere|p1a: Ariados
|-resisted|p1a: Ariados
|-damage|p1a: Ariados|84/100
|-damage|p2a: Ferropapeador|90/100|[from] item: Life Orb
|
|-weather|Snowscape|[upkeep]
|upkeep
|turn|17
|
|t:|1760738881
|-end|p2a: Ferropapeador|Quark Drive|[silent]
|switch|p2a: Messi|Cinderace, M|93/100 par
|move|p1a: Ariados|Cross Poison|p2a: Messi
|-crit|p2a: Messi
|-damage|p2a: Messi|0 fnt
|faint|p2a: Messi
|
|-weather|Snowscape|[upkeep]
|upkeep
|
|t:|1760738892
|switch|p2a: OgerGOAT|Ogerpon-Wellspring, F|100/100
|turn|18
|
|t:|1760738900
|-terastallize|p2a: OgerGOAT|Water
|detailschange|p2a: OgerGOAT|Ogerpon-Wellspring-Tera, F, tera:Water
|-ability|p2a: OgerGOAT|Embody Aspect (Wellspring)|boost
|-boost|p2a: OgerGOAT|spd|1
|move|p2a: OgerGOAT|Ivy Cudgel|p1a: Ariados|[anim] Ivy Cudgel Water
|-damage|p1a: Ariados|0 fnt
|faint|p1a: Ariados
|
|-weather|Snowscape|[upkeep]
|upkeep
|
|t:|1760738926
|switch|p1a: Breloom|Breloom, M|65/100
|turn|19
|
|t:|1760738944
|switch|p2a: Ferropapeador|Iron Valiant|90/100
|-terastallize|p1a: Breloom|Grass
|move|p1a: Breloom|Bullet Seed|p2a: Ferropapeador
|-damage|p2a: Ferropapeador|52/100
|-damage|p2a: Ferropapeador|16/100
|-hitcount|p2a: Ferropapeador|2
|
|-weather|none
|upkeep
|turn|20
|
|t:|1760738959
|move|p1a: Breloom|Mach Punch|p2a: Ferropapeador
|-resisted|p2a: Ferropapeador
|-damage|p2a: Ferropapeador|0 fnt
|faint|p2a: Ferropapeador
|-end|p2a: Ferropapeador|Quark Drive|[silent]
|
|upkeep
|
|t:|1760738962
|switch|p2a: OgerGOAT|Ogerpon-Wellspring-Tera, F, tera:Water|100/100
|-ability|p2a: OgerGOAT|Embody Aspect (Wellspring)|boost
|-boost|p2a: OgerGOAT|spd|1
|turn|21
|
|t:|1760738968
|move|p1a: Breloom|Mach Punch|p2a: OgerGOAT
|-damage|p2a: OgerGOAT|55/100
|move|p2a: OgerGOAT|Ivy Cudgel|p1a: Breloom|[anim] Ivy Cudgel Water
|-resisted|p1a: Breloom
|-damage|p1a: Breloom|7/100
|
|upkeep
|turn|22
|
|t:|1760738976
|move|p1a: Breloom|Mach Punch|p2a: OgerGOAT
|-damage|p2a: OgerGOAT|12/100
|move|p2a: OgerGOAT|Knock Off|p1a: Breloom
|-damage|p1a: Breloom|0 fnt
|faint|p1a: Breloom
|
|upkeep
|
|t:|1760738980
|switch|p1a: Avalugg|Avalugg-Hisui, M|100/100
|turn|23
|
|t:|1760738984
|move|p2a: OgerGOAT|Ivy Cudgel|p1a: Avalugg|[anim] Ivy Cudgel Water
|-supereffective|p1a: Avalugg
|-ability|p1a: Avalugg|Sturdy
|-damage|p1a: Avalugg|1/100
|move|p1a: Avalugg|Icicle Spear|p2a: OgerGOAT
|-resisted|p2a: OgerGOAT
|-damage|p2a: OgerGOAT|4/100
|-resisted|p2a: OgerGOAT
|-damage|p2a: OgerGOAT|0 fnt
|faint|p2a: OgerGOAT
|detailschange|p2: OgerGOAT|Ogerpon-Wellspring, F|[silent]
|-hitcount|p2: OgerGOAT|2
|
|win|panzershock
|raw|panzershock's rating: 1110 &rarr; <strong>1137</strong><br />(+27 for winning)
|raw|Z-A_Ryu Essential's rating: 1135 &rarr; <strong>1108</strong><br />(-27 for losing)
|l|☆panzershock
|player|p1|
|c|☆Z-A_Ryu Essential|GG
|l|☆Z-A_Ryu Essential
|player|p2|
