|j|☆abhi007xu
|j|☆PoemOfBragi
|t:|1760718727
|gametype|singles
|player|p1|abhi007xu|nate|1289
|player|p2|PoemOfBragi|169|1323
|gen|9
|tier|[Gen 9] OU
|rated|
|rule|HP Percentage Mod: HP is shown in percentages
|rule|Endless Battle Clause: Forcing endless battles is banned
|rule|Species Clause: Limit one of each Pokémon
|rule|OHKO Clause: OHKO moves are banned
|rule|Evasion Items Clause: Evasion items are banned
|rule|Evasion Moves Clause: Evasion moves are banned
|rule|Evasion Abilities Clause: Evasion abilities are banned
|rule|Sleep Moves Clause: Sleep-inducing moves are banned
|clearpoke
|poke|p1|Dragonite, F|
|poke|p1|Zamazenta-*|
|poke|p1|Landorus-Therian, M|
|poke|p1|Gholdengo|
|poke|p1|Darkrai|
|poke|p1|Hatterene, F|
|poke|p2|Torkoal, F|
|poke|p2|Trevenant, F|
|poke|p2|Walking Wake|
|poke|p2|Raging Bolt|
|poke|p2|Great Tusk|
|poke|p2|Venusaur, F|
|teampreview
|inactive|Battle timer is ON: inactive players will automatically lose when time's up. (requested by PoemOfBragi)
|
|t:|1760718757
|teamsize|p1|6
|teamsize|p2|6
|start
|switch|p1a: Landorus|Landorus-Therian, M, shiny|100/100
|switch|p2a: Torkoal|Torkoal, F|100/100
|-ability|p1a: Landorus|Intimidate|boost
|-unboost|p2a: Torkoal|atk|1
|-weather|SunnyDay|[from] ability: Drought|[of] p2a: Torkoal
|turn|1
|
|t:|1760718771
|move|p1a: Landorus|Earthquake|p2a: Torkoal
|-supereffective|p2a: Torkoal
|-damage|p2a: Torkoal|42/100
|move|p2a: Torkoal|Will-O-Wisp|p1a: Landorus
|-status|p1a: Landorus|brn
|
|-weather|SunnyDay|[upkeep]
|-damage|p1a: Landorus|94/100 brn|[from] brn
|upkeep
|turn|2
|
|t:|1760718778
|switch|p2a: Venusaur|Venusaur, F|100/100
|move|p1a: Landorus|Stealth Rock|p2a: Venusaur
|-sidestart|p2: PoemOfBragi|move: Stealth Rock
|
|-weather|SunnyDay|[upkeep]
|-damage|p1a: Landorus|88/100 brn|[from] brn
|upkeep
|turn|3
|
|t:|1760718796
|switch|p1a: Dragonite|Dragonite, F, shiny|100/100
|move|p2a: Venusaur|Growth|p2a: Venusaur
|-boost|p2a: Venusaur|atk|2
|-boost|p2a: Venusaur|spa|2
|
|-weather|SunnyDay|[upkeep]
|upkeep
|turn|4
|
|t:|1760718817
|switch|p1a: Landorus|Landorus-Therian, M, shiny|88/100 brn
|-ability|p1a: Landorus|Intimidate|boost
|-unboost|p2a: Venusaur|atk|1
|move|p2a: Venusaur|Sludge Bomb|p1a: Landorus
|-resisted|p1a: Landorus
|-damage|p1a: Landorus|42/100 brn
|-damage|p2a: Venusaur|91/100|[from] item: Life Orb
|
|-weather|SunnyDay|[upkeep]
|-damage|p1a: Landorus|36/100 brn|[from] brn
|upkeep
|turn|5
|inactive|PoemOfBragi has 120 seconds left.
|
|t:|1760718850
|move|p2a: Venusaur|Giga Drain|p1a: Landorus
|-crit|p1a: Landorus
|-damage|p1a: Landorus|0 fnt
|-heal|p2a: Venusaur|100/100|[from] drain|[of] p1a: Landorus
|faint|p1a: Landorus
|-damage|p2a: Venusaur|91/100|[from] item: Life Orb
|
|-weather|SunnyDay|[upkeep]
|upkeep
|
|t:|1760718862
|switch|p1a: Hatterene|Hatterene, F, shiny|100/100
|turn|6
|inactive|PoemOfBragi has 120 seconds left.
|
|t:|1760718883
|-terastallize|p1a: Hatterene|Water
|move|p2a: Venusaur|Sludge Bomb|p1a: Hatterene
|-damage|p1a: Hatterene|36/100
|-damage|p2a: Venusaur|81/100|[from] item: Life Orb
|move|p1a: Hatterene|Psychic Noise|p2a: Venusaur
|-supereffective|p2a: Venusaur
|-damage|p2a: Venusaur|0 fnt
|faint|p2a: Venusaur
|
|-weather|SunnyDay|[upkeep]
|upkeep
|
|t:|1760718888
|switch|p2a: Great Tusk|Great Tusk|100/100
|-activate|p2a: Great Tusk|ability: Protosynthesis
|-start|p2a: Great Tusk|protosynthesisatk
|turn|7
|
|t:|1760718898
|switch|p1a: Gholdengo|Gholdengo, shiny|100/100
|move|p2a: Great Tusk|Rapid Spin|p1a: Gholdengo
|-immune|p1a: Gholdengo
|
|-weather|SunnyDay|[upkeep]
|upkeep
|turn|8
|
|t:|1760718909
|move|p2a: Great Tusk|Headlong Rush|p1a: Gholdengo
|-supereffective|p1a: Gholdengo
|-damage|p1a: Gholdengo|0 fnt
|-unboost|p2a: Great Tusk|def|1
|-unboost|p2a: Great Tusk|spd|1
|faint|p1a: Gholdengo
|
|-weather|none
|-end|p2a: Great Tusk|Protosynthesis
|upkeep
|
|t:|1760718916
|switch|p1a: Dragonite|Dragonite, F, shiny|100/100
|turn|9
|
|t:|1760718921
|move|p2a: Great Tusk|Ice Spinner|p1a: Dragonite
|-supereffective|p1a: Dragonite
|-damage|p1a: Dragonite|44/100
|move|p1a: Dragonite|Dragon Dance|p1a: Dragonite
|-boost|p1a: Dragonite|atk|1
|-boost|p1a: Dragonite|spe|1
|
|upkeep
|turn|10
|
|t:|1760718924
|move|p1a: Dragonite|Earthquake|p2a: Great Tusk
|-damage|p2a: Great Tusk|42/100
|move|p2a: Great Tusk|Ice Spinner|p1a: Dragonite
|-supereffective|p1a: Dragonite
|-damage|p1a: Dragonite|0 fnt
|faint|p1a: Dragonite
|
|upkeep
|
|t:|1760718936
|switch|p1a: Zamazenta|Zamazenta|100/100
|-ability|p1a: Zamazenta|Dauntless Shield|boost
|-boost|p1a: Zamazenta|def|1
|turn|11
|
|t:|1760718940
|move|p1a: Zamazenta|Iron Defense|p1a: Zamazenta
|-boost|p1a: Zamazenta|def|2
|move|p2a: Great Tusk|Rapid Spin|p1a: Zamazenta
|-damage|p1a: Zamazenta|95/100
|-boost|p2a: Great Tusk|spe|1
|-sideend|p2: PoemOfBragi|Stealth Rock|[from] move: Rapid Spin|[of] p2a: Great Tusk
|
|-heal|p1a: Zamazenta|100/100|[from] item: Leftovers
|upkeep
|turn|12
|
|t:|1760718951
|move|p2a: Great Tusk|Headlong Rush|p1a: Zamazenta
|-damage|p1a: Zamazenta|81/100
|-unboost|p2a: Great Tusk|def|1
|-unboost|p2a: Great Tusk|spd|1
|move|p1a: Zamazenta|Body Press|p2a: Great Tusk
|-damage|p2a: Great Tusk|0 fnt
|faint|p2a: Great Tusk
|-end|p2a: Great Tusk|Protosynthesis|[silent]
|
|-heal|p1a: Zamazenta|87/100|[from] item: Leftovers
|upkeep
|
|t:|1760718970
|switch|p2a: Torkoal|Torkoal, F|42/100
|-weather|SunnyDay|[from] ability: Drought|[of] p2a: Torkoal
|turn|13
|
|t:|1760718973
|move|p1a: Zamazenta|Body Press|p2a: Torkoal
|-damage|p2a: Torkoal|0 fnt
|faint|p2a: Torkoal
|
|-weather|SunnyDay|[upkeep]
|-heal|p1a: Zamazenta|93/100|[from] item: Leftovers
|upkeep
|
|t:|1760718976
|switch|p2a: Walking Wake|Walking Wake|100/100
|-activate|p2a: Walking Wake|ability: Protosynthesis
|-start|p2a: Walking Wake|protosynthesisspe
|turn|14
|
|t:|1760718995
|move|p2a: Walking Wake|Hydro Steam|p1a: Zamazenta
|-damage|p1a: Zamazenta|2/100
|move|p1a: Zamazenta|Body Press|p2a: Walking Wake
|-damage|p2a: Walking Wake|0 fnt
|faint|p2a: Walking Wake
|-end|p2a: Walking Wake|Protosynthesis|[silent]
|
|-weather|SunnyDay|[upkeep]
|-heal|p1a: Zamazenta|8/100|[from] item: Leftovers
|upkeep
|
|t:|1760718998
|switch|p2a: Raging Bolt|Raging Bolt|100/100
|-activate|p2a: Raging Bolt|ability: Protosynthesis
|-start|p2a: Raging Bolt|protosynthesisspa
|turn|15
|
|t:|1760719003
|move|p2a: Raging Bolt|Thunderclap||[still]
|-fail|p2a: Raging Bolt
|move|p1a: Zamazenta|Roar|p2a: Raging Bolt
|-end|p2a: Raging Bolt|Protosynthesis|[silent]
|drag|p2a: Trevenant|Trevenant, F|100/100
|
|-weather|SunnyDay|[upkeep]
|-heal|p1a: Zamazenta|14/100|[from] item: Leftovers
|upkeep
|turn|16
|inactive|PoemOfBragi has 120 seconds left.
|l|☆PoemOfBragi
|inactive|PoemOfBragi disconnected and has a minute to reconnect!
|player|p2|
|inactive|PoemOfBragi has 30 seconds to reconnect!
|inactive|PoemOfBragi has 20 seconds to reconnect!
|inactive|PoemOfBragi has 15 seconds to reconnect!
|inactive|PoemOfBragi has 10 seconds to reconnect!
|inactive|PoemOfBragi has 5 seconds to reconnect!
|-message|PoemOfBragi lost due to inactivity.
|
|win|abhi007xu
|raw|abhi007xu's rating: 1289 &rarr; <strong>1316</strong><br />(+27 for winning)
|raw|PoemOfBragi's rating: 1323 &rarr; <strong>1301</strong><br />(-22 for losing)
|l|☆abhi007xu
|player|p1|
