|j|☆ShadowOfTheHeart2
|j|☆testingcharizandra
|t:|1760848348
|gametype|singles
|player|p1|ShadowOfTheHeart2|102|1109
|player|p2|testingcharizandra|cynthia|1123
|gen|9
|tier|[Gen 9] OU
|rated|
|rule|HP Percentage Mod: HP is shown in percentages
|rule|Endless Battle Clause: Forcing endless battles is banned
|rule|Species Clause: Limit one of each Pokémon
|rule|OHKO Clause: OHKO moves are banned
|rule|Evasion Items Clause: Evasion items are banned
|rule|Evasion Moves Clause: Evasion moves are banned
|rule|Evasion Abilities Clause: Evasion abilities are banned
|rule|Sleep Moves Clause: Sleep-inducing moves are banned
|clearpoke
|poke|p1|Darkrai|
|poke|p1|Great Tusk|
|poke|p1|Gholdengo|
|poke|p1|Kingambit, M|
|poke|p1|Glimmora, M|
|poke|p1|Dragonite, M|
|poke|p2|Avalugg, F|
|poke|p2|Cloyster, F|
|poke|p2|Ninetales-Alola, F|
|poke|p2|Froslass, F|
|poke|p2|Mamoswine, F|
|poke|p2|Articuno|
|teampreview
|inactive|Battle timer is ON: inactive players will automatically lose when time's up. (requested by ShadowOfTheHeart2)
|
|t:|1760848355
|teamsize|p1|6
|teamsize|p2|6
|start
|switch|p1a: Glimmora|Glimmora, M, shiny|100/100
|switch|p2a: Ninetales|Ninetales-Alola, F|100/100
|-weather|Snowscape|[from] ability: Snow Warning|[of] p2a: Ninetales
|turn|1
|
|t:|1760848360
|move|p2a: Ninetales|Aurora Veil|p2a: Ninetales
|-sidestart|p2: testingcharizandra|move: Aurora Veil
|move|p1a: Glimmora|Meteor Beam||[still]
|-prepare|p1a: Glimmora|Meteor Beam
|-boost|p1a: Glimmora|spa|1
|-enditem|p1a: Glimmora|Power Herb
|-anim|p1a: Glimmora|Meteor Beam|p2a: Ninetales|[miss]
|-miss|p1a: Glimmora|p2a: Ninetales
|
|-weather|Snowscape|[upkeep]
|upkeep
|turn|2
|
|t:|1760848372
|move|p2a: Ninetales|Blizzard|p1a: Glimmora
|-damage|p1a: Glimmora|48/100
|-status|p1a: Glimmora|frz
|cant|p1a: Glimmora|frz
|
|-weather|Snowscape|[upkeep]
|upkeep
|turn|3
|
|t:|1760848376
|move|p2a: Ninetales|Nasty Plot|p2a: Ninetales
|-boost|p2a: Ninetales|spa|2
|cant|p1a: Glimmora|frz
|
|-weather|Snowscape|[upkeep]
|upkeep
|turn|4
|
|t:|1760848383
|move|p2a: Ninetales|Blizzard|p1a: Glimmora
|-damage|p1a: Glimmora|0 fnt
|faint|p1a: Glimmora
|
|-weather|Snowscape|[upkeep]
|upkeep
|
|t:|1760848402
|switch|p1a: Great Tusk|Great Tusk, shiny|100/100
|-enditem|p1a: Great Tusk|Booster Energy
|-activate|p1a: Great Tusk|ability: Protosynthesis|[fromitem]
|-start|p1a: Great Tusk|protosynthesisspe
|turn|5
|
|t:|1760848409
|move|p1a: Great Tusk|Head Smash|p2a: Ninetales
|-supereffective|p2a: Ninetales
|-damage|p2a: Ninetales|53/100
|-damage|p1a: Great Tusk|85/100|[from] Recoil
|move|p2a: Ninetales|Blizzard|p1a: Great Tusk
|-supereffective|p1a: Great Tusk
|-damage|p1a: Great Tusk|0 fnt
|faint|p1a: Great Tusk
|-end|p1a: Great Tusk|Protosynthesis|[silent]
|
|-weather|none
|upkeep
|
|t:|1760848419
|switch|p1a: Dragonite|Dragonite, M, shiny|100/100
|turn|6
|
|t:|1760848426
|-terastallize|p1a: Dragonite|Fairy
|move|p2a: Ninetales|Moonblast|p1a: Dragonite
|-damage|p1a: Dragonite|76/100
|move|p1a: Dragonite|Tera Blast|p2a: Ninetales|[anim] Tera Blast Fairy
|-damage|p2a: Ninetales|29/100
|
|upkeep
|turn|7
|
|t:|1760848434
|move|p2a: Ninetales|Blizzard|p1a: Dragonite
|-crit|p1a: Dragonite
|-damage|p1a: Dragonite|0 fnt
|faint|p1a: Dragonite
|
|upkeep
|
|t:|1760848438
|switch|p1a: Kingambit|Kingambit, M|100/100
|-activate|p1a: Kingambit|ability: Supreme Overlord
|-start|p1a: Kingambit|fallen3|[silent]
|turn|8
|
|t:|1760848441
|move|p1a: Kingambit|Sucker Punch|p2a: Ninetales
|-resisted|p2a: Ninetales
|-damage|p2a: Ninetales|7/100
|move|p2a: Ninetales|Moonblast|p1a: Kingambit
|-damage|p1a: Kingambit|31/100
|-unboost|p1a: Kingambit|spa|1
|
|-heal|p1a: Kingambit|37/100|[from] item: Leftovers
|-sideend|p2: testingcharizandra|move: Aurora Veil
|upkeep
|turn|9
|
|t:|1760848444
|move|p1a: Kingambit|Sucker Punch|p2a: Ninetales
|-resisted|p2a: Ninetales
|-damage|p2a: Ninetales|0 fnt
|faint|p2a: Ninetales
|
|-heal|p1a: Kingambit|43/100|[from] item: Leftovers
|upkeep
|
|t:|1760848448
|switch|p2a: Avalugg|Avalugg, F|100/100
|turn|10
|
|t:|1760848453
|move|p1a: Kingambit|Iron Head|p2a: Avalugg
|-supereffective|p2a: Avalugg
|-damage|p2a: Avalugg|55/100
|move|p2a: Avalugg|Earthquake|p1a: Kingambit
|-supereffective|p1a: Kingambit
|-damage|p1a: Kingambit|6/100
|
|-heal|p1a: Kingambit|12/100|[from] item: Leftovers
|upkeep
|turn|11
|
|t:|1760848460
|-end|p1a: Kingambit|fallen3|[silent]
|switch|p1a: Gholdengo|Gholdengo, shiny|100/100
|-item|p1a: Gholdengo|Air Balloon
|move|p2a: Avalugg|Earthquake|p1a: Gholdengo
|-immune|p1a: Gholdengo
|
|upkeep
|turn|12
|
|t:|1760848465
|move|p1a: Gholdengo|Nasty Plot|p1a: Gholdengo
|-boost|p1a: Gholdengo|spa|2
|move|p2a: Avalugg|Ice Spinner|p1a: Gholdengo
|-resisted|p1a: Gholdengo
|-damage|p1a: Gholdengo|84/100
|-enditem|p1a: Gholdengo|Air Balloon
|
|upkeep
|turn|13
|
|t:|1760848469
|move|p1a: Gholdengo|Make It Rain|p2a: Avalugg
|-supereffective|p2a: Avalugg
|-damage|p2a: Avalugg|0 fnt
|-unboost|p1a: Gholdengo|spa|1
|faint|p2a: Avalugg
|
|upkeep
|
|t:|1760848474
|switch|p2a: Froslass|Froslass, F|100/100
|turn|14
|
|t:|1760848480
|move|p2a: Froslass|Will-O-Wisp|p1a: Gholdengo
|-immune|p1a: Gholdengo|[from] ability: Good as Gold
|move|p1a: Gholdengo|Shadow Ball|p2a: Froslass
|-supereffective|p2a: Froslass
|-enditem|p2a: Froslass|Focus Sash
|-damage|p2a: Froslass|1/100
|
|upkeep
|turn|15
|
|t:|1760848485
|move|p2a: Froslass|Hex|p1a: Gholdengo
|-supereffective|p1a: Gholdengo
|-damage|p1a: Gholdengo|29/100
|move|p1a: Gholdengo|Shadow Ball|p2a: Froslass
|-supereffective|p2a: Froslass
|-damage|p2a: Froslass|0 fnt
|faint|p2a: Froslass
|
|upkeep
|
|t:|1760848490
|switch|p2a: Articuno|Articuno|100/100
|-ability|p2a: Articuno|Pressure
|turn|16
|
|t:|1760848496
|move|p1a: Gholdengo|Make It Rain|p2a: Articuno
|-supereffective|p2a: Articuno
|-damage|p2a: Articuno|0 fnt
|-unboost|p1a: Gholdengo|spa|1
|faint|p2a: Articuno
|
|upkeep
|
|t:|1760848500
|switch|p2a: Mamoswine|Mamoswine, F|100/100
|turn|17
|
|t:|1760848504
|move|p1a: Gholdengo|Make It Rain|p2a: Mamoswine
|-supereffective|p2a: Mamoswine
|-damage|p2a: Mamoswine|0 fnt
|-unboost|p1a: Gholdengo|spa|1
|faint|p2a: Mamoswine
|
|upkeep
|
|t:|1760848507
|switch|p2a: Cloyster|Cloyster, F|100/100
|turn|18
|
|t:|1760848510
|move|p1a: Gholdengo|Make It Rain|p2a: Cloyster
|-damage|p2a: Cloyster|0 fnt
|-unboost|p1a: Gholdengo|spa|1
|faint|p2a: Cloyster
|
|win|ShadowOfTheHeart2
|raw|ShadowOfTheHeart2's rating: 1109 &rarr; <strong>1135</strong><br />(+26 for winning)
|raw|testingcharizandra's rating: 1123 &rarr; <strong>1097</strong><br />(-26 for losing)
|l|☆ShadowOfTheHeart2
|player|p1|
|l|☆testingcharizandra
|player|p2|
