|j|☆NotHyperFlare
|j|☆rodwaveoneofone
|t:|1760818793
|gametype|singles
|player|p1|NotHyperFlare|ghetsis|
|player|p2|rodwaveoneofone|2|
|gen|9
|tier|[Gen 9] OU
|rule|HP Percentage Mod: HP is shown in percentages
|rule|Endless Battle Clause: Forcing endless battles is banned
|rule|Species Clause: Limit one of each Pokémon
|rule|OHKO Clause: OHKO moves are banned
|rule|Evasion Items Clause: Evasion items are banned
|rule|Evasion Moves Clause: Evasion moves are banned
|rule|Evasion Abilities Clause: Evasion abilities are banned
|rule|Sleep Moves Clause: Sleep-inducing moves are banned
|clearpoke
|poke|p1|Ceruledge, F|
|poke|p1|Landorus-Therian, M|
|poke|p1|Dragapult, F|
|poke|p1|Conkeldurr, F|
|poke|p1|Maushold-Four|
|poke|p1|Sinistcha|
|poke|p2|Reuniclus, M|
|poke|p2|Kingambit, F|
|poke|p2|Ogerpon-Wellspring, F|
|poke|p2|Landorus-Therian, M|
|poke|p2|Iron Valiant|
|poke|p2|Cinderace, F|
|teampreview
|
|t:|1760818812
|teamsize|p1|6
|teamsize|p2|6
|start
|switch|p1a: Landorus|Landorus-Therian, M|100/100
|switch|p2a: Landorus|Landorus-Therian, M|100/100
|-ability|p1a: Landorus|Intimidate|boost
|-unboost|p2a: Landorus|atk|1
|-ability|p2a: Landorus|Intimidate|boost
|-unboost|p1a: Landorus|atk|1
|turn|1
|
|t:|1760818819
|move|p1a: Landorus|Stealth Rock|p2a: Landorus
|-sidestart|p2: rodwaveoneofone|move: Stealth Rock
|move|p2a: Landorus|Stealth Rock|p1a: Landorus
|-sidestart|p1: NotHyperFlare|move: Stealth Rock
|
|upkeep
|turn|2
|
|t:|1760818830
|switch|p1a: Maushold|Maushold-Four|100/100
|move|p2a: Landorus|Taunt|p1a: Maushold
|-start|p1a: Maushold|move: Taunt
|
|upkeep
|turn|3
|
|t:|1760818843
|switch|p2a: Iron Valiant|Iron Valiant|100/100
|-damage|p2a: Iron Valiant|94/100|[from] Stealth Rock
|move|p1a: Maushold|Chilling Water|p2a: Iron Valiant
|-damage|p2a: Iron Valiant|72/100
|-unboost|p2a: Iron Valiant|atk|1
|
|upkeep
|turn|4
|
|t:|1760818859
|switch|p1a: Sinistcha|Sinistcha|100/100
|-damage|p1a: Sinistcha|88/100|[from] Stealth Rock
|move|p2a: Iron Valiant|Vacuum Wave|p1a: Sinistcha
|-immune|p1a: Sinistcha
|
|-heal|p1a: Sinistcha|94/100|[from] item: Leftovers
|upkeep
|turn|5
|
|t:|1760818879
|move|p2a: Iron Valiant|Knock Off|p1a: Sinistcha
|-supereffective|p1a: Sinistcha
|-damage|p1a: Sinistcha|57/100
|-enditem|p1a: Sinistcha|Leftovers|[from] move: Knock Off|[of] p2a: Iron Valiant
|move|p1a: Sinistcha|Calm Mind|p1a: Sinistcha
|-boost|p1a: Sinistcha|spa|1
|-boost|p1a: Sinistcha|spd|1
|
|upkeep
|turn|6
|
|t:|1760818885
|move|p2a: Iron Valiant|Knock Off|p1a: Sinistcha
|-supereffective|p1a: Sinistcha
|-damage|p1a: Sinistcha|32/100
|move|p1a: Sinistcha|Strength Sap|p2a: Iron Valiant
|-unboost|p2a: Iron Valiant|atk|1
|-heal|p1a: Sinistcha|90/100
|
|upkeep
|turn|7
|
|t:|1760818896
|move|p2a: Iron Valiant|Knock Off|p1a: Sinistcha
|-supereffective|p1a: Sinistcha
|-damage|p1a: Sinistcha|71/100
|move|p1a: Sinistcha|Night Shade|p2a: Iron Valiant
|-damage|p2a: Iron Valiant|37/100
|
|upkeep
|turn|8
|
|t:|1760818917
|move|p2a: Iron Valiant|Knock Off|p1a: Sinistcha
|-supereffective|p1a: Sinistcha
|-damage|p1a: Sinistcha|54/100
|move|p1a: Sinistcha|Strength Sap|p2a: Iron Valiant
|-unboost|p2a: Iron Valiant|atk|1
|-heal|p1a: Sinistcha|97/100
|
|upkeep
|turn|9
|
|t:|1760818952
|-end|p2a: Iron Valiant|Quark Drive|[silent]
|switch|p2a: Cinderace|Cinderace, F|100/100
|move|p1a: Sinistcha|Matcha Gotcha|p2a: Cinderace
|-resisted|p2a: Cinderace
|-damage|p2a: Cinderace|58/100
|-heal|p1a: Sinistcha|100/100|[from] drain|[of] p2a: Cinderace
|
|upkeep
|turn|10
|
|t:|1760818962
|switch|p1a: Landorus|Landorus-Therian, M|100/100
|-damage|p1a: Landorus|88/100|[from] Stealth Rock
|-ability|p1a: Landorus|Intimidate|boost
|-unboost|p2a: Cinderace|atk|1
|move|p2a: Cinderace|Pyro Ball|p1a: Landorus
|-damage|p1a: Landorus|40/100
|
|upkeep
|turn|11
|
|t:|1760818972
|move|p2a: Cinderace|Pyro Ball|p1a: Landorus
|-damage|p1a: Landorus|0 fnt
|faint|p1a: Landorus
|
|upkeep
|
|t:|1760818975
|switch|p1a: Maushold|Maushold-Four|100/100
|turn|12
|
|t:|1760818979
|move|p2a: Cinderace|U-turn|p1a: Maushold
|-start|p2a: Cinderace|typechange|Bug|[from] ability: Libero
|-damage|p1a: Maushold|63/100
|
|t:|1760818986
|switch|p2a: Iron Valiant|Iron Valiant|37/100|[from] U-turn
|-damage|p2a: Iron Valiant|31/100|[from] Stealth Rock
|move|p1a: Maushold|Tidy Up|p1a: Maushold
|-sideend|p1: NotHyperFlare|Stealth Rock
|-sideend|p2: rodwaveoneofone|Stealth Rock
|-activate|p1a: Maushold|move: Tidy Up
|-boost|p1a: Maushold|atk|1
|-boost|p1a: Maushold|spe|1
|
|upkeep
|turn|13
|
|t:|1760818996
|move|p2a: Iron Valiant|Vacuum Wave|p1a: Maushold
|-supereffective|p1a: Maushold
|-crit|p1a: Maushold
|-damage|p1a: Maushold|0 fnt
|faint|p1a: Maushold
|
|upkeep
|
|t:|1760819004
|switch|p1a: Dragapult|Dragapult, F, shiny|100/100
|turn|14
|
|t:|1760819022
|move|p1a: Dragapult|Phantom Force||[still]
|-prepare|p1a: Dragapult|Phantom Force
|move|p2a: Iron Valiant|Moonblast|p1a: Dragapult|[miss]
|-miss|p2a: Iron Valiant|p1a: Dragapult
|
|upkeep
|turn|15
|
|t:|1760819045
|-end|p2a: Iron Valiant|Quark Drive|[silent]
|switch|p2a: Kingambit|Kingambit, F|100/100
|move|p1a: Dragapult|Phantom Force|p2a: Kingambit|[from] lockedmove
|-resisted|p2a: Kingambit
|-damage|p2a: Kingambit|81/100
|
|-heal|p2a: Kingambit|88/100|[from] item: Leftovers
|upkeep
|turn|16
|
|t:|1760819056
|switch|p1a: Conkeldurr|Conkeldurr, F|100/100
|-end|p2a: Kingambit|fallenundefined|[silent]
|switch|p2a: Iron Valiant|Iron Valiant|31/100
|
|upkeep
|turn|17
|
|t:|1760819068
|move|p1a: Conkeldurr|Mach Punch|p2a: Iron Valiant
|-resisted|p2a: Iron Valiant
|-damage|p2a: Iron Valiant|7/100
|move|p2a: Iron Valiant|Moonblast|p1a: Conkeldurr
|-supereffective|p1a: Conkeldurr
|-damage|p1a: Conkeldurr|0 fnt
|faint|p1a: Conkeldurr
|
|upkeep
|
|t:|1760819074
|switch|p1a: Ceruledge|Ceruledge, F|100/100
|turn|18
|
|t:|1760819100
|-end|p2a: Iron Valiant|Quark Drive|[silent]
|switch|p2a: Landorus|Landorus-Therian, M|100/100
|-ability|p2a: Landorus|Intimidate|boost
|-unboost|p1a: Ceruledge|atk|1
|move|p1a: Ceruledge|Bitter Blade|p2a: Landorus
|-damage|p2a: Landorus|67/100
|-damage|p1a: Ceruledge|84/100|[from] item: Rocky Helmet|[of] p2a: Landorus
|
|upkeep
|turn|19
|
|t:|1760819116
|switch|p1a: Sinistcha|Sinistcha|100/100
|move|p2a: Landorus|Earthquake|p1a: Sinistcha
|-resisted|p1a: Sinistcha
|-damage|p1a: Sinistcha|80/100
|
|upkeep
|turn|20
|
|t:|1760819126
|move|p2a: Landorus|U-turn|p1a: Sinistcha
|-damage|p1a: Sinistcha|57/100
|
|t:|1760819134
|switch|p2a: Cinderace|Cinderace, F|58/100|[from] U-turn
|move|p1a: Sinistcha|Calm Mind|p1a: Sinistcha
|-boost|p1a: Sinistcha|spa|1
|-boost|p1a: Sinistcha|spd|1
|
|upkeep
|turn|21
|
|t:|1760819140
|switch|p1a: Dragapult|Dragapult, F, shiny|100/100
|move|p2a: Cinderace|Pyro Ball|p1a: Dragapult
|-resisted|p1a: Dragapult
|-damage|p1a: Dragapult|60/100
|
|upkeep
|turn|22
|
|t:|1760819157
|switch|p2a: Iron Valiant|Iron Valiant|7/100
|move|p1a: Dragapult|Dragon Dance|p1a: Dragapult
|-boost|p1a: Dragapult|atk|1
|-boost|p1a: Dragapult|spe|1
|
|upkeep
|turn|23
|
|t:|1760819164
|move|p1a: Dragapult|Phantom Force||[still]
|-prepare|p1a: Dragapult|Phantom Force
|move|p2a: Iron Valiant|Moonblast|p1a: Dragapult|[miss]
|-miss|p2a: Iron Valiant|p1a: Dragapult
|
|upkeep
|turn|24
|
|t:|1760819170
|-end|p2a: Iron Valiant|Quark Drive|[silent]
|switch|p2a: Kingambit|Kingambit, F|88/100
|move|p1a: Dragapult|Phantom Force|p2a: Kingambit|[from] lockedmove
|-resisted|p2a: Kingambit
|-damage|p2a: Kingambit|59/100
|
|-heal|p2a: Kingambit|65/100|[from] item: Leftovers
|upkeep
|turn|25
|
|t:|1760819186
|move|p2a: Kingambit|Sucker Punch|p1a: Dragapult
|-supereffective|p1a: Dragapult
|-damage|p1a: Dragapult|0 fnt
|faint|p1a: Dragapult
|
|-heal|p2a: Kingambit|71/100|[from] item: Leftovers
|upkeep
|
|t:|1760819188
|switch|p1a: Ceruledge|Ceruledge, F|84/100
|turn|26
|
|t:|1760819203
|-terastallize|p1a: Ceruledge|Grass
|move|p2a: Kingambit|Sucker Punch|p1a: Ceruledge
|-damage|p1a: Ceruledge|24/100
|-ability|p1a: Ceruledge|Weak Armor|boost
|-unboost|p1a: Ceruledge|def|1
|-boost|p1a: Ceruledge|spe|2
|move|p1a: Ceruledge|Bitter Blade|p2a: Kingambit
|-supereffective|p2a: Kingambit
|-damage|p2a: Kingambit|2/100
|-heal|p1a: Ceruledge|71/100|[from] drain|[of] p2a: Kingambit
|
|-heal|p2a: Kingambit|8/100|[from] item: Leftovers
|upkeep
|turn|27
|
|t:|1760819237
|switch|p1a: Sinistcha|Sinistcha|57/100
|move|p2a: Kingambit|Kowtow Cleave|p1a: Sinistcha
|-supereffective|p1a: Sinistcha
|-crit|p1a: Sinistcha
|-damage|p1a: Sinistcha|0 fnt
|faint|p1a: Sinistcha
|
|-heal|p2a: Kingambit|14/100|[from] item: Leftovers
|upkeep
|
|t:|1760819242
|switch|p1a: Ceruledge|Ceruledge, F, tera:Grass|71/100
|turn|28
|
|t:|1760819250
|move|p1a: Ceruledge|Bitter Blade|p2a: Kingambit
|-supereffective|p2a: Kingambit
|-damage|p2a: Kingambit|0 fnt
|-heal|p1a: Ceruledge|80/100|[from] drain|[of] p2a: Kingambit
|faint|p2a: Kingambit
|-end|p2a: Kingambit|fallenundefined|[silent]
|
|upkeep
|
|t:|1760819258
|switch|p2a: Ogerpon|Ogerpon-Wellspring, F|100/100
|turn|29
|
|t:|1760819263
|move|p1a: Ceruledge|Bitter Blade|p2a: Ogerpon
|-damage|p2a: Ogerpon|35/100
|-heal|p1a: Ceruledge|100/100|[from] drain|[of] p2a: Ogerpon
|move|p2a: Ogerpon|Substitute|p2a: Ogerpon
|-start|p2a: Ogerpon|Substitute
|-damage|p2a: Ogerpon|10/100
|
|upkeep
|turn|30
|
|t:|1760819271
|move|p1a: Ceruledge|Bitter Blade|p2a: Ogerpon
|-end|p2a: Ogerpon|Substitute
|move|p2a: Ogerpon|Ivy Cudgel|p1a: Ceruledge|[anim] Ivy Cudgel Water
|-resisted|p1a: Ceruledge
|-crit|p1a: Ceruledge
|-damage|p1a: Ceruledge|34/100
|-ability|p1a: Ceruledge|Weak Armor|boost
|-unboost|p1a: Ceruledge|def|1
|-boost|p1a: Ceruledge|spe|2
|
|upkeep
|turn|31
|
|t:|1760819283
|move|p1a: Ceruledge|Bitter Blade|p2a: Ogerpon
|-damage|p2a: Ogerpon|0 fnt
|-heal|p1a: Ceruledge|39/100|[from] drain|[of] p2a: Ogerpon
|faint|p2a: Ogerpon
|
|upkeep
|
|t:|1760819294
|switch|p2a: Landorus|Landorus-Therian, M|67/100
|-ability|p2a: Landorus|Intimidate|boost
|-unboost|p1a: Ceruledge|atk|1
|turn|32
|
|t:|1760819301
|move|p1a: Ceruledge|Bitter Blade|p2a: Landorus
|-damage|p2a: Landorus|33/100
|-heal|p1a: Ceruledge|61/100|[from] drain|[of] p2a: Landorus
|-damage|p1a: Ceruledge|45/100|[from] item: Rocky Helmet|[of] p2a: Landorus
|move|p2a: Landorus|Earthquake|p1a: Ceruledge
|-resisted|p1a: Ceruledge
|-damage|p1a: Ceruledge|0 fnt
|faint|p1a: Ceruledge
|
|win|rodwaveoneofone
|l|☆NotHyperFlare
|player|p1|
