|j|☆bronzong72
|j|☆Blackheart1979
|t:|1760853214
|gametype|singles
|player|p1|bronzong72|falkner|1240
|player|p2|Blackheart1979|1|1267
|gen|9
|tier|[Gen 9] OU
|rated|
|rule|HP Percentage Mod: HP is shown in percentages
|rule|Endless Battle Clause: Forcing endless battles is banned
|rule|Species Clause: Limit one of each Pokémon
|rule|OHKO Clause: OHKO moves are banned
|rule|Evasion Items Clause: Evasion items are banned
|rule|Evasion Moves Clause: Evasion moves are banned
|rule|Evasion Abilities Clause: Evasion abilities are banned
|rule|Sleep Moves Clause: Sleep-inducing moves are banned
|clearpoke
|poke|p1|Great Tusk|
|poke|p1|Meowscarada, F|
|poke|p1|Heatran, M|
|poke|p1|Glimmora, M|
|poke|p1|Primarina, F|
|poke|p1|Zapdos|
|poke|p2|Rillaboom, M|
|poke|p2|Hawlucha, F|
|poke|p2|Garganacl, M|
|poke|p2|Weezing, M|
|poke|p2|Iron Treads|
|poke|p2|Zoroark-Hisui, F|
|teampreview
|inactive|Battle timer is ON: inactive players will automatically lose when time's up. (requested by bronzong72)
|
|t:|1760853242
|teamsize|p1|6
|teamsize|p2|6
|start
|switch|p1a: Laura|Meowscarada, F|100/100
|switch|p2a: Garganacl|Garganacl, M|100/100
|turn|1
|
|t:|1760853253
|-terastallize|p1a: Laura|Grass
|move|p2a: Garganacl|U-turn|p1a: Laura
|-supereffective|p1a: Laura
|-damage|p1a: Laura|53/100
|
|t:|1760853260
|switch|p2a: Weezing|Weezing, M|100/100|[from] U-turn
|move|p1a: Laura|Flower Trick|p2a: Weezing
|-resisted|p2a: Weezing
|-crit|p2a: Weezing
|-damage|p2a: Weezing|68/100
|
|upkeep
|turn|2
|
|t:|1760853278
|switch|p1a: Heatran|Heatran, M|100/100
|move|p2a: Weezing|Pain Split|p1a: Heatran
|-sethp|p1a: Heatran|80/100|[from] move: Pain Split|[silent]
|-sethp|p2a: Weezing|92/100|[from] move: Pain Split
|
|-heal|p1a: Heatran|86/100|[from] item: Leftovers
|upkeep
|turn|3
|
|t:|1760853293
|switch|p2a: Garganacl|Garganacl, M|100/100
|move|p1a: Heatran|Taunt|p2a: Garganacl
|-start|p2a: Garganacl|move: Taunt
|
|-heal|p1a: Heatran|92/100|[from] item: Leftovers
|upkeep
|turn|4
|
|t:|1760853302
|move|p1a: Heatran|Flash Cannon|p2a: Garganacl
|-supereffective|p2a: Garganacl
|-damage|p2a: Garganacl|33/100
|move|p2a: Garganacl|Salt Cure|p1a: Heatran
|-damage|p1a: Heatran|81/100
|-start|p1a: Heatran|Salt Cure
|
|-heal|p1a: Heatran|87/100|[from] item: Leftovers
|-heal|p2a: Garganacl|39/100|[from] item: Leftovers
|-damage|p1a: Heatran|62/100|[from] Salt Cure
|upkeep
|turn|5
|inactive|Blackheart1979 has 120 seconds left.
|
|t:|1760853332
|switch|p2a: Iron Treads|Iron Treads|100/100
|move|p1a: Heatran|Flash Cannon|p2a: Iron Treads
|-resisted|p2a: Iron Treads
|-damage|p2a: Iron Treads|69/100
|
|-heal|p2a: Iron Treads|75/100|[from] item: Leftovers
|-heal|p1a: Heatran|68/100|[from] item: Leftovers
|-damage|p1a: Heatran|44/100|[from] Salt Cure
|upkeep
|turn|6
|inactive|Blackheart1979 has 120 seconds left.
|
|t:|1760853345
|switch|p1a: Sprinkles|Zapdos|100/100
|move|p2a: Iron Treads|Knock Off|p1a: Sprinkles
|-damage|p1a: Sprinkles|80/100
|-damage|p2a: Iron Treads|59/100|[from] item: Rocky Helmet|[of] p1a: Sprinkles
|-enditem|p1a: Sprinkles|Rocky Helmet|[from] move: Knock Off|[of] p2a: Iron Treads
|
|-heal|p2a: Iron Treads|65/100|[from] item: Leftovers
|upkeep
|turn|7
|inactive|Blackheart1979 has 120 seconds left.
|
|t:|1760853357
|move|p2a: Iron Treads|Stealth Rock|p1a: Sprinkles
|-sidestart|p1: bronzong72|move: Stealth Rock
|move|p1a: Sprinkles|U-turn|p2a: Iron Treads
|-resisted|p2a: Iron Treads
|-damage|p2a: Iron Treads|59/100
|
|t:|1760853359
|switch|p1a: Great Tusk|Great Tusk|100/100|[from] U-turn
|
|-heal|p2a: Iron Treads|65/100|[from] item: Leftovers
|upkeep
|turn|8
|
|t:|1760853373
|-end|p2a: Iron Treads|Quark Drive|[silent]
|switch|p2a: Rillaboom|Rillaboom, M|100/100
|-fieldstart|move: Grassy Terrain|[from] ability: Grassy Surge|[of] p2a: Rillaboom
|move|p1a: Great Tusk|Stealth Rock|p2a: Rillaboom
|-sidestart|p2: Blackheart1979|move: Stealth Rock
|
|upkeep
|turn|9
|inactive|Blackheart1979 has 120 seconds left.
|
|t:|1760853394
|-end|p1a: Great Tusk|Protosynthesis|[silent]
|switch|p1a: Florian|Glimmora, M|100/100
|-damage|p1a: Florian|88/100|[from] Stealth Rock
|move|p2a: Rillaboom|U-turn|p1a: Florian
|-resisted|p1a: Florian
|-damage|p1a: Florian|73/100
|-activate|p1a: Florian|ability: Toxic Debris
|-sidestart|p2: Blackheart1979|move: Toxic Spikes
|inactive|Blackheart1979 has 120 seconds left.
|
|t:|1760853407
|switch|p2a: Iron Treads|Iron Treads|65/100|[from] U-turn
|-damage|p2a: Iron Treads|62/100|[from] Stealth Rock
|
|-heal|p1a: Florian|80/100|[from] Grassy Terrain
|-heal|p2a: Iron Treads|68/100|[from] Grassy Terrain
|-heal|p2a: Iron Treads|75/100|[from] item: Leftovers
|upkeep
|turn|10
|inactive|Blackheart1979 has 120 seconds left.
|
|t:|1760853425
|move|p1a: Florian|Earth Power|p2a: Iron Treads
|-supereffective|p2a: Iron Treads
|-damage|p2a: Iron Treads|0 fnt
|faint|p2a: Iron Treads
|-end|p2a: Iron Treads|Quark Drive|[silent]
|
|-heal|p1a: Florian|86/100|[from] Grassy Terrain
|upkeep
|
|t:|1760853436
|switch|p2a: Weezing|Weezing, M|92/100
|-damage|p2a: Weezing|80/100|[from] Stealth Rock
|turn|11
|
|t:|1760853459
|switch|p2a: Garganacl|Garganacl, M|39/100
|-damage|p2a: Garganacl|27/100|[from] Stealth Rock
|move|p1a: Florian|Earth Power|p2a: Garganacl
|-supereffective|p2a: Garganacl
|-damage|p2a: Garganacl|0 fnt
|faint|p2a: Garganacl
|
|-heal|p1a: Florian|92/100|[from] Grassy Terrain
|upkeep
|-message|Blackheart1979 forfeited.
|
|win|bronzong72
|raw|bronzong72's rating: 1240 &rarr; <strong>1267</strong><br />(+27 for winning)
|raw|Blackheart1979's rating: 1267 &rarr; <strong>1240</strong><br />(-27 for losing)
|l|☆Blackheart1979
|player|p2|
|l|☆bronzong72
|player|p1|
