|j|☆james2341
|j|☆Gen1onlyedgy
|t:|1760849314
|gametype|singles
|player|p1|james2341|169|1662
|player|p2|Gen1onlyedgy|lucas|1603
|gen|9
|tier|[Gen 9] OU
|rated|
|rule|HP Percentage Mod: HP is shown in percentages
|rule|Endless Battle Clause: Forcing endless battles is banned
|rule|Species Clause: Limit one of each Pokémon
|rule|OHKO Clause: OHKO moves are banned
|rule|Evasion Items Clause: Evasion items are banned
|rule|Evasion Moves Clause: Evasion moves are banned
|rule|Evasion Abilities Clause: Evasion abilities are banned
|rule|Sleep Moves Clause: Sleep-inducing moves are banned
|clearpoke
|poke|p1|Ogerpon-Wellspring, F|
|poke|p1|Grimmsnarl, M|
|poke|p1|Great Tusk|
|poke|p1|Iron Treads|
|poke|p1|Comfey, F|
|poke|p1|Lucario, M|
|poke|p2|Primarina, M|
|poke|p2|Dondozo, F|
|poke|p2|Scizor, M|
|poke|p2|Araquanid, M|
|poke|p2|Kyurem|
|poke|p2|Meowscarada, M|
|teampreview
|
|t:|1760849318
|teamsize|p1|6
|teamsize|p2|6
|start
|switch|p1a: Iron Treads|Iron Treads, shiny|100/100
|switch|p2a: Araquanid|Araquanid, M|100/100
|-enditem|p1a: Iron Treads|Booster Energy
|-activate|p1a: Iron Treads|ability: Quark Drive|[fromitem]
|-start|p1a: Iron Treads|quarkdrivespe
|turn|1
|inactive|Battle timer is ON: inactive players will automatically lose when time's up. (requested by james2341)
|
|t:|1760849320
|move|p1a: Iron Treads|Stealth Rock|p2a: Araquanid
|-sidestart|p2: Gen1onlyedgy|move: Stealth Rock
|move|p2a: Araquanid|Liquidation|p1a: Iron Treads
|-supereffective|p1a: Iron Treads
|-damage|p1a: Iron Treads|0 fnt
|faint|p1a: Iron Treads
|-end|p1a: Iron Treads|Quark Drive|[silent]
|
|upkeep
|
|t:|1760849323
|switch|p1a: Grimmsnarl|Grimmsnarl, M|100/100
|turn|2
|
|t:|1760849324
|move|p1a: Grimmsnarl|Taunt|p2a: Araquanid
|-start|p2a: Araquanid|move: Taunt
|move|p2a: Araquanid|Liquidation|p1a: Grimmsnarl
|-damage|p1a: Grimmsnarl|25/100
|-unboost|p1a: Grimmsnarl|def|1
|
|upkeep
|turn|3
|
|t:|1760849328
|switch|p2a: Scizor|Scizor, M|100/100
|-damage|p2a: Scizor|88/100|[from] Stealth Rock
|move|p1a: Grimmsnarl|Parting Shot|p2a: Scizor
|-unboost|p2a: Scizor|atk|1
|-unboost|p2a: Scizor|spa|1
|
|t:|1760849333
|switch|p1a: Lucario|Lucario, M|100/100|[from] Parting Shot
|
|upkeep
|turn|4
|
|t:|1760849337
|move|p1a: Lucario|Close Combat|p2a: Scizor
|-damage|p2a: Scizor|5/100
|-unboost|p1a: Lucario|def|1
|-unboost|p1a: Lucario|spd|1
|-damage|p1a: Lucario|91/100|[from] item: Life Orb
|move|p2a: Scizor|Defog|p1a: Lucario
|-unboost|p1a: Lucario|evasion|1
|-sideend|p2: Gen1onlyedgy|Stealth Rock|[from] move: Defog|[of] p2a: Scizor
|
|upkeep
|turn|5
|
|t:|1760849344
|switch|p2a: Araquanid|Araquanid, M|100/100
|move|p1a: Lucario|Close Combat|p2a: Araquanid
|-resisted|p2a: Araquanid
|-damage|p2a: Araquanid|60/100
|-unboost|p1a: Lucario|def|1
|-unboost|p1a: Lucario|spd|1
|-damage|p1a: Lucario|81/100|[from] item: Life Orb
|
|upkeep
|turn|6
|
|t:|1760849350
|switch|p1a: Ogerpon|Ogerpon-Wellspring, F|100/100
|move|p2a: Araquanid|Liquidation|p1a: Ogerpon
|-immune|p1a: Ogerpon|[from] ability: Water Absorb
|
|upkeep
|turn|7
|
|t:|1760849355
|switch|p1a: Lucario|Lucario, M|81/100
|switch|p2a: Scizor|Scizor, M|5/100
|
|upkeep
|turn|8
|
|t:|1760849358
|move|p1a: Lucario|Extreme Speed|p2a: Scizor
|-resisted|p2a: Scizor
|-damage|p2a: Scizor|0 fnt
|faint|p2a: Scizor
|-damage|p1a: Lucario|71/100|[from] item: Life Orb
|
|upkeep
|
|t:|1760849360
|switch|p2a: Araquanid|Araquanid, M|60/100
|turn|9
|
|t:|1760849365
|switch|p1a: Grimmsnarl|Grimmsnarl, M|25/100
|move|p2a: Araquanid|Lunge|p1a: Grimmsnarl
|-damage|p1a: Grimmsnarl|0 fnt
|faint|p1a: Grimmsnarl
|
|upkeep
|
|t:|1760849370
|switch|p1a: Comfey|Comfey, F, shiny|100/100
|turn|10
|
|t:|1760849376
|switch|p2a: Primarina|Primarina, M|100/100
|move|p1a: Comfey|Calm Mind|p1a: Comfey
|-boost|p1a: Comfey|spa|1
|-boost|p1a: Comfey|spd|1
|
|upkeep
|turn|11
|
|t:|1760849378
|move|p1a: Comfey|Calm Mind|p1a: Comfey
|-boost|p1a: Comfey|spa|1
|-boost|p1a: Comfey|spd|1
|move|p2a: Primarina|Moonblast|p1a: Comfey
|-damage|p1a: Comfey|75/100
|
|-heal|p1a: Comfey|81/100|[from] item: Leftovers
|upkeep
|turn|12
|
|t:|1760849380
|move|p1a: Comfey|Calm Mind|p1a: Comfey
|-boost|p1a: Comfey|spa|1
|-boost|p1a: Comfey|spd|1
|move|p2a: Primarina|Psychic Noise|p1a: Comfey
|-damage|p1a: Comfey|64/100
|-start|p1a: Comfey|move: Heal Block
|
|upkeep
|turn|13
|
|t:|1760849384
|move|p1a: Comfey|Calm Mind|p1a: Comfey
|-boost|p1a: Comfey|spa|1
|-boost|p1a: Comfey|spd|1
|move|p2a: Primarina|Moonblast|p1a: Comfey
|-damage|p1a: Comfey|47/100
|
|-end|p1a: Comfey|move: Heal Block
|upkeep
|turn|14
|
|t:|1760849389
|move|p1a: Comfey|Giga Drain|p2a: Primarina
|-supereffective|p2a: Primarina
|-damage|p2a: Primarina|34/100
|-heal|p1a: Comfey|84/100|[from] drain|[of] p2a: Primarina
|move|p2a: Primarina|Psychic Noise|p1a: Comfey
|-damage|p1a: Comfey|70/100
|-start|p1a: Comfey|move: Heal Block
|
|upkeep
|turn|15
|
|t:|1760849395
|switch|p2a: Dondozo|Dondozo, F|100/100
|move|p1a: Comfey|Calm Mind|p1a: Comfey
|-boost|p1a: Comfey|spa|1
|-boost|p1a: Comfey|spd|1
|
|-end|p1a: Comfey|move: Heal Block
|upkeep
|turn|16
|
|t:|1760849396
|move|p1a: Comfey|Giga Drain|p2a: Dondozo
|-supereffective|p2a: Dondozo
|-damage|p2a: Dondozo|73/100
|-heal|p1a: Comfey|92/100|[from] drain|[of] p2a: Dondozo
|move|p2a: Dondozo|Curse|p2a: Dondozo
|-unboost|p2a: Dondozo|spe|1
|-boost|p2a: Dondozo|atk|1
|-boost|p2a: Dondozo|def|1
|
|-heal|p1a: Comfey|99/100|[from] item: Leftovers
|-heal|p2a: Dondozo|79/100|[from] item: Leftovers
|upkeep
|turn|17
|
|t:|1760849398
|move|p1a: Comfey|Giga Drain|p2a: Dondozo
|-supereffective|p2a: Dondozo
|-damage|p2a: Dondozo|50/100
|-heal|p1a: Comfey|100/100|[from] drain|[of] p2a: Dondozo
|move|p2a: Dondozo|Liquidation|p1a: Comfey
|-damage|p1a: Comfey|46/100
|
|-heal|p1a: Comfey|52/100|[from] item: Leftovers
|-heal|p2a: Dondozo|56/100|[from] item: Leftovers
|upkeep
|turn|18
|
|t:|1760849400
|move|p1a: Comfey|Giga Drain|p2a: Dondozo
|-supereffective|p2a: Dondozo
|-damage|p2a: Dondozo|31/100
|-heal|p1a: Comfey|73/100|[from] drain|[of] p2a: Dondozo
|move|p2a: Dondozo|Rest|p2a: Dondozo
|-status|p2a: Dondozo|slp|[from] move: Rest
|-heal|p2a: Dondozo|100/100 slp|[silent]
|
|-heal|p1a: Comfey|80/100|[from] item: Leftovers
|upkeep
|turn|19
|
|t:|1760849402
|move|p1a: Comfey|Giga Drain|p2a: Dondozo
|-supereffective|p2a: Dondozo
|-damage|p2a: Dondozo|74/100 slp
|-heal|p1a: Comfey|100/100|[from] drain|[of] p2a: Dondozo
|cant|p2a: Dondozo|slp
|move|p2a: Dondozo|Sleep Talk|p2a: Dondozo
|move|p2a: Dondozo|Liquidation|p1a: Comfey|[from] move: Sleep Talk
|-damage|p1a: Comfey|45/100
|
|-heal|p1a: Comfey|51/100|[from] item: Leftovers
|-heal|p2a: Dondozo|80/100 slp|[from] item: Leftovers
|upkeep
|turn|20
|
|t:|1760849404
|move|p1a: Comfey|Giga Drain|p2a: Dondozo
|-supereffective|p2a: Dondozo
|-damage|p2a: Dondozo|55/100 slp
|-heal|p1a: Comfey|72/100|[from] drain|[of] p2a: Dondozo
|cant|p2a: Dondozo|slp
|move|p2a: Dondozo|Sleep Talk|p2a: Dondozo
|move|p2a: Dondozo|Liquidation|p1a: Comfey|[from] move: Sleep Talk
|-damage|p1a: Comfey|16/100
|-unboost|p1a: Comfey|def|1
|
|-heal|p1a: Comfey|22/100|[from] item: Leftovers
|-heal|p2a: Dondozo|61/100 slp|[from] item: Leftovers
|upkeep
|turn|21
|
|t:|1760849409
|switch|p1a: Ogerpon|Ogerpon-Wellspring, F|100/100
|-curestatus|p2a: Dondozo|slp|[msg]
|move|p2a: Dondozo|Rest|p2a: Dondozo
|-status|p2a: Dondozo|slp|[from] move: Rest
|-heal|p2a: Dondozo|100/100 slp|[silent]
|
|upkeep
|turn|22
|
|t:|1760849411
|switch|p2a: Primarina|Primarina, M|34/100
|move|p1a: Ogerpon|Swords Dance|p1a: Ogerpon
|-boost|p1a: Ogerpon|atk|2
|
|upkeep
|turn|23
|
|t:|1760849413
|move|p1a: Ogerpon|Trailblaze|p2a: Primarina
|-supereffective|p2a: Primarina
|-damage|p2a: Primarina|0 fnt
|-boost|p1a: Ogerpon|spe|1
|faint|p2a: Primarina
|
|upkeep
|
|t:|1760849418
|switch|p2a: Kyurem|Kyurem|100/100
|-ability|p2a: Kyurem|Pressure
|turn|24
|
|t:|1760849421
|move|p1a: Ogerpon|Play Rough|p2a: Kyurem
|-supereffective|p2a: Kyurem
|-damage|p2a: Kyurem|0 fnt
|faint|p2a: Kyurem
|
|upkeep
|
|t:|1760849426
|switch|p2a: Araquanid|Araquanid, M|60/100
|turn|25
|
|t:|1760849429
|-terastallize|p1a: Ogerpon|Water
|detailschange|p1a: Ogerpon|Ogerpon-Wellspring-Tera, F, tera:Water
|-ability|p1a: Ogerpon|Embody Aspect (Wellspring)|boost
|-boost|p1a: Ogerpon|spd|1
|move|p1a: Ogerpon|Ivy Cudgel|p2a: Araquanid|[anim] Ivy Cudgel Water
|-resisted|p2a: Araquanid
|-damage|p2a: Araquanid|0 fnt
|faint|p2a: Araquanid
|
|upkeep
|
|t:|1760849436
|switch|p2a: Dondozo|Dondozo, F|100/100 slp
|turn|26
|
|t:|1760849440
|move|p1a: Ogerpon|Trailblaze|p2a: Dondozo
|-supereffective|p2a: Dondozo
|-damage|p2a: Dondozo|64/100 slp
|-boost|p1a: Ogerpon|spe|1
|cant|p2a: Dondozo|slp
|move|p2a: Dondozo|Sleep Talk|p2a: Dondozo
|move|p2a: Dondozo|Curse|p2a: Dondozo|[from] move: Sleep Talk
|-unboost|p2a: Dondozo|spe|1
|-boost|p2a: Dondozo|atk|1
|-boost|p2a: Dondozo|def|1
|
|-heal|p2a: Dondozo|71/100 slp|[from] item: Leftovers
|upkeep
|turn|27
|
|t:|1760849447
|move|p1a: Ogerpon|Trailblaze|p2a: Dondozo
|-supereffective|p2a: Dondozo
|-damage|p2a: Dondozo|46/100 slp
|-boost|p1a: Ogerpon|spe|1
|cant|p2a: Dondozo|slp
|move|p2a: Dondozo|Sleep Talk|p2a: Dondozo
|move|p2a: Dondozo|Rest||[from] move: Sleep Talk|[still]
|-fail|p2a: Dondozo
|
|-heal|p2a: Dondozo|52/100 slp|[from] item: Leftovers
|upkeep
|turn|28
|
|t:|1760849450
|move|p1a: Ogerpon|Trailblaze|p2a: Dondozo
|-supereffective|p2a: Dondozo
|-damage|p2a: Dondozo|29/100 slp
|-boost|p1a: Ogerpon|spe|1
|-curestatus|p2a: Dondozo|slp|[msg]
|move|p2a: Dondozo|Rest|p2a: Dondozo
|-status|p2a: Dondozo|slp|[from] move: Rest
|-heal|p2a: Dondozo|100/100 slp|[silent]
|
|upkeep
|turn|29
|
|t:|1760849453
|switch|p1a: Comfey|Comfey, F, shiny|22/100
|cant|p2a: Dondozo|slp
|move|p2a: Dondozo|Sleep Talk|p2a: Dondozo
|move|p2a: Dondozo|Curse|p2a: Dondozo|[from] move: Sleep Talk
|-unboost|p2a: Dondozo|spe|1
|-boost|p2a: Dondozo|atk|1
|-boost|p2a: Dondozo|def|1
|
|-heal|p1a: Comfey|28/100|[from] item: Leftovers
|upkeep
|turn|30
|
|t:|1760849455
|move|p1a: Comfey|Giga Drain|p2a: Dondozo
|-supereffective|p2a: Dondozo
|-damage|p2a: Dondozo|73/100 slp
|-heal|p1a: Comfey|51/100|[from] drain|[of] p2a: Dondozo
|cant|p2a: Dondozo|slp
|move|p2a: Dondozo|Sleep Talk|p2a: Dondozo
|move|p2a: Dondozo|Liquidation|p1a: Comfey|[from] move: Sleep Talk
|-damage|p1a: Comfey|0 fnt
|faint|p1a: Comfey
|
|-heal|p2a: Dondozo|79/100 slp|[from] item: Leftovers
|upkeep
|
|t:|1760849457
|switch|p1a: Lucario|Lucario, M|71/100
|turn|31
|
|t:|1760849459
|move|p1a: Lucario|Close Combat|p2a: Dondozo
|-damage|p2a: Dondozo|55/100 slp
|-unboost|p1a: Lucario|def|1
|-unboost|p1a: Lucario|spd|1
|-damage|p1a: Lucario|61/100|[from] item: Life Orb
|-curestatus|p2a: Dondozo|slp|[msg]
|move|p2a: Dondozo|Curse|p2a: Dondozo
|-unboost|p2a: Dondozo|spe|1
|-boost|p2a: Dondozo|atk|1
|-boost|p2a: Dondozo|def|1
|
|-heal|p2a: Dondozo|61/100|[from] item: Leftovers
|upkeep
|turn|32
|
|t:|1760849462
|move|p1a: Lucario|Close Combat|p2a: Dondozo
|-damage|p2a: Dondozo|41/100
|-unboost|p1a: Lucario|def|1
|-unboost|p1a: Lucario|spd|1
|-damage|p1a: Lucario|51/100|[from] item: Life Orb
|move|p2a: Dondozo|Rest|p2a: Dondozo
|-status|p2a: Dondozo|slp|[from] move: Rest
|-heal|p2a: Dondozo|100/100 slp|[silent]
|
|upkeep
|turn|33
|
|t:|1760849464
|move|p1a: Lucario|Close Combat|p2a: Dondozo
|-damage|p2a: Dondozo|83/100 slp
|-unboost|p1a: Lucario|def|1
|-unboost|p1a: Lucario|spd|1
|-damage|p1a: Lucario|41/100|[from] item: Life Orb
|cant|p2a: Dondozo|slp
|move|p2a: Dondozo|Sleep Talk|p2a: Dondozo
|move|p2a: Dondozo|Liquidation|p1a: Lucario|[from] move: Sleep Talk
|-damage|p1a: Lucario|0 fnt
|faint|p1a: Lucario
|
|-heal|p2a: Dondozo|89/100 slp|[from] item: Leftovers
|upkeep
|
|t:|1760849466
|switch|p1a: Ogerpon|Ogerpon-Wellspring-Tera, F, tera:Water|100/100
|-ability|p1a: Ogerpon|Embody Aspect (Wellspring)|boost
|-boost|p1a: Ogerpon|spd|1
|turn|34
|
|t:|1760849467
|move|p1a: Ogerpon|Ivy Cudgel|p2a: Dondozo|[anim] Ivy Cudgel Water
|-resisted|p2a: Dondozo
|-damage|p2a: Dondozo|79/100 slp
|cant|p2a: Dondozo|slp
|move|p2a: Dondozo|Sleep Talk|p2a: Dondozo
|move|p2a: Dondozo|Liquidation|p1a: Ogerpon|[from] move: Sleep Talk
|-resisted|p1a: Ogerpon
|-damage|p1a: Ogerpon|50/100
|
|-heal|p2a: Dondozo|86/100 slp|[from] item: Leftovers
|upkeep
|turn|35
|
|t:|1760849471
|move|p1a: Ogerpon|Ivy Cudgel|p2a: Dondozo|[anim] Ivy Cudgel Water
|-resisted|p2a: Dondozo
|-damage|p2a: Dondozo|75/100 slp
|-curestatus|p2a: Dondozo|slp|[msg]
|move|p2a: Dondozo|Liquidation|p1a: Ogerpon
|-resisted|p1a: Ogerpon
|-damage|p1a: Ogerpon|6/100
|
|-heal|p2a: Dondozo|81/100|[from] item: Leftovers
|upkeep
|turn|36
|-message|james2341 forfeited.
|
|win|Gen1onlyedgy
|raw|james2341's rating: 1662 &rarr; <strong>1639</strong><br />(-23 for losing)
|raw|Gen1onlyedgy's rating: 1603 &rarr; <strong>1626</strong><br />(+23 for winning)
|l|☆james2341
|player|p1|
