|j|☆Sulley365
|j|☆mishamisha69
|t:|1760746160
|gametype|singles
|player|p1|Sulley365|giovanni|1120
|player|p2|mishamisha69|veteran|1118
|gen|9
|tier|[Gen 9] OU
|rated|
|rule|HP Percentage Mod: HP is shown in percentages
|rule|Endless Battle Clause: Forcing endless battles is banned
|rule|Species Clause: Limit one of each Pokémon
|rule|OHKO Clause: OHKO moves are banned
|rule|Evasion Items Clause: Evasion items are banned
|rule|Evasion Moves Clause: Evasion moves are banned
|rule|Evasion Abilities Clause: Evasion abilities are banned
|rule|Sleep Moves Clause: Sleep-inducing moves are banned
|clearpoke
|poke|p1|Cinccino, M|
|poke|p1|Corviknight, M|
|poke|p1|Ceruledge, M|
|poke|p1|Cinderace, M|
|poke|p1|Ting-Lu|
|poke|p1|Thundurus-Therian, M|
|poke|p2|Mightyena, M|
|poke|p2|Primeape, F|
|poke|p2|Masquerain, F|
|poke|p2|Goodra-Hisui, M|
|poke|p2|Typhlosion-Hisui, M|
|poke|p2|Electrode-Hisui|
|teampreview
|inactive|Battle timer is ON: inactive players will automatically lose when time's up. (requested by Sulley365)
|
|t:|1760746172
|teamsize|p1|6
|teamsize|p2|6
|start
|switch|p1a: Cinccino|Cinccino, M|100/100
|switch|p2a: Masquerain|Masquerain, F|100/100
|-ability|p2a: Masquerain|Intimidate|boost
|-unboost|p1a: Cinccino|atk|1
|turn|1
|j| moritomdb
|
|t:|1760746175
|move|p1a: Cinccino|Tidy Up|p1a: Cinccino
|-boost|p1a: Cinccino|atk|1
|-boost|p1a: Cinccino|spe|1
|move|p2a: Masquerain|Sticky Web|p1a: Cinccino
|-sidestart|p1: Sulley365|move: Sticky Web
|
|upkeep
|turn|2
|
|t:|1760746183
|move|p1a: Cinccino|Tidy Up|p1a: Cinccino
|-sideend|p1: Sulley365|Sticky Web
|-activate|p1a: Cinccino|move: Tidy Up
|-boost|p1a: Cinccino|atk|1
|-boost|p1a: Cinccino|spe|1
|move|p2a: Masquerain|Quiver Dance|p2a: Masquerain
|-boost|p2a: Masquerain|spa|1
|-boost|p2a: Masquerain|spd|1
|-boost|p2a: Masquerain|spe|1
|
|upkeep
|turn|3
|
|t:|1760746191
|move|p1a: Cinccino|Triple Axel|p2a: Masquerain|[miss]
|-miss|p1a: Cinccino|p2a: Masquerain
|move|p2a: Masquerain|Air Slash|p1a: Cinccino
|-damage|p1a: Cinccino|9/100
|
|upkeep
|turn|4
|
|t:|1760746207
|move|p1a: Cinccino|Triple Axel|p2a: Masquerain
|-supereffective|p2a: Masquerain
|-crit|p2a: Masquerain
|-damage|p2a: Masquerain|29/100
|-supereffective|p2a: Masquerain
|-damage|p2a: Masquerain|0 fnt
|faint|p2a: Masquerain
|-hitcount|p2: Masquerain|2
|
|upkeep
|
|t:|1760746215
|switch|p2a: Electrode|Electrode-Hisui|100/100
|turn|5
|
|t:|1760746218
|move|p1a: Cinccino|Triple Axel|p2a: Electrode
|-supereffective|p2a: Electrode
|-damage|p2a: Electrode|51/100
|-supereffective|p2a: Electrode
|-damage|p2a: Electrode|0 fnt
|-damage|p1a: Cinccino|0 fnt|[from] ability: Aftermath|[of] p2a: Electrode
|faint|p2a: Electrode
|faint|p1a: Cinccino
|-hitcount|p2: Electrode|2
|
|upkeep
|
|t:|1760746226
|switch|p2a: Mightyena|Mightyena, M|100/100
|switch|p1a: Corviknight|Corviknight, M, shiny|100/100
|turn|6
|
|t:|1760746231
|move|p2a: Mightyena|Swagger|p1a: Corviknight|[miss]
|-miss|p2a: Mightyena|p1a: Corviknight
|move|p1a: Corviknight|Iron Defense|p1a: Corviknight
|-boost|p1a: Corviknight|def|2
|-enditem|p2a: Mightyena|Mirror Herb
|-boost|p2a: Mightyena|def|2|[from] item: Mirror Herb
|
|upkeep
|turn|7
|
|t:|1760746241
|switch|p2a: Typhlosion|Typhlosion-Hisui, M|100/100
|move|p1a: Corviknight|Body Press|p2a: Typhlosion
|-immune|p2a: Typhlosion
|
|upkeep
|turn|8
|
|t:|1760746248
|-terastallize|p1a: Corviknight|Dark
|move|p2a: Typhlosion|Substitute|p2a: Typhlosion
|-start|p2a: Typhlosion|Substitute
|-damage|p2a: Typhlosion|76/100
|move|p1a: Corviknight|Power Trip|p2a: Typhlosion
|-supereffective|p2a: Typhlosion
|-end|p2a: Typhlosion|Substitute
|
|upkeep
|turn|9
|
|t:|1760746259
|move|p2a: Typhlosion|Flamethrower|p1a: Corviknight
|-damage|p1a: Corviknight|55/100
|move|p1a: Corviknight|Power Trip|p2a: Typhlosion
|-supereffective|p2a: Typhlosion
|-damage|p2a: Typhlosion|15/100
|
|-heal|p1a: Corviknight|61/100|[from] item: Leftovers
|upkeep
|turn|10
|
|t:|1760746272
|move|p2a: Typhlosion|Flamethrower|p1a: Corviknight
|-damage|p1a: Corviknight|0 fnt
|faint|p1a: Corviknight
|
|upkeep
|
|t:|1760746275
|switch|p1a: Ting-Lu|Ting-Lu|100/100
|-ability|p1a: Ting-Lu|Vessel of Ruin
|turn|11
|
|t:|1760746286
|move|p2a: Typhlosion|Flamethrower|p1a: Ting-Lu
|-damage|p1a: Ting-Lu|67/100
|move|p1a: Ting-Lu|Earthquake|p2a: Typhlosion
|-supereffective|p2a: Typhlosion
|-damage|p2a: Typhlosion|0 fnt
|faint|p2a: Typhlosion
|-damage|p1a: Ting-Lu|57/100|[from] item: Life Orb
|
|upkeep
|
|t:|1760746292
|switch|p2a: Mightyena|Mightyena, M|100/100
|turn|12
|
|t:|1760746299
|move|p2a: Mightyena|Trailblaze|p1a: Ting-Lu
|-supereffective|p1a: Ting-Lu
|-crit|p1a: Ting-Lu
|-damage|p1a: Ting-Lu|36/100
|-boost|p2a: Mightyena|spe|1
|move|p1a: Ting-Lu|Earthquake|p2a: Mightyena
|-damage|p2a: Mightyena|10/100
|-damage|p1a: Ting-Lu|26/100|[from] item: Life Orb
|
|upkeep
|turn|13
|
|t:|1760746306
|move|p2a: Mightyena|Play Rough|p1a: Ting-Lu
|-supereffective|p1a: Ting-Lu
|-crit|p1a: Ting-Lu
|-damage|p1a: Ting-Lu|0 fnt
|faint|p1a: Ting-Lu
|-ability|p2a: Mightyena|Moxie|boost
|-boost|p2a: Mightyena|atk|1
|
|upkeep
|
|t:|1760746315
|switch|p1a: Cinderace|Cinderace, M|100/100
|turn|14
|
|t:|1760746318
|move|p1a: Cinderace|Sucker Punch|p2a: Mightyena
|-start|p1a: Cinderace|typechange|Dark|[from] ability: Libero
|-resisted|p2a: Mightyena
|-damage|p2a: Mightyena|0 fnt
|faint|p2a: Mightyena
|
|upkeep
|
|t:|1760746322
|switch|p2a: Primeape|Primeape, F|100/100
|turn|15
|
|t:|1760746326
|switch|p1a: Ceruledge|Ceruledge, M|100/100
|move|p2a: Primeape|Bulk Up|p2a: Primeape
|-boost|p2a: Primeape|atk|1
|-boost|p2a: Primeape|def|1
|
|upkeep
|turn|16
|
|t:|1760746334
|move|p1a: Ceruledge|Swords Dance|p1a: Ceruledge
|-boost|p1a: Ceruledge|atk|2
|move|p2a: Primeape|Bulk Up|p2a: Primeape
|-boost|p2a: Primeape|atk|1
|-boost|p2a: Primeape|def|1
|
|upkeep
|turn|17
|
|t:|1760746338
|move|p1a: Ceruledge|Bitter Blade|p2a: Primeape
|-damage|p2a: Primeape|46/100
|move|p2a: Primeape|Taunt|p1a: Ceruledge
|-start|p1a: Ceruledge|move: Taunt
|
|upkeep
|turn|18
|
|t:|1760746342
|move|p1a: Ceruledge|Bitter Blade|p2a: Primeape
|-damage|p2a: Primeape|0 fnt
|faint|p2a: Primeape
|
|upkeep
|
|t:|1760746345
|switch|p2a: Goodra|Goodra-Hisui, M|100/100
|turn|19
|
|t:|1760746348
|move|p1a: Ceruledge|Bitter Blade|p2a: Goodra
|-damage|p2a: Goodra|4/100
|move|p2a: Goodra|Curse|p2a: Goodra
|-unboost|p2a: Goodra|spe|1
|-boost|p2a: Goodra|atk|1
|-boost|p2a: Goodra|def|1
|
|upkeep
|turn|20
|
|t:|1760746352
|move|p1a: Ceruledge|Bitter Blade|p2a: Goodra
|-damage|p2a: Goodra|0 fnt
|faint|p2a: Goodra
|
|win|Sulley365
|raw|Sulley365's rating: 1120 &rarr; <strong>1145</strong><br />(+25 for winning)
|raw|mishamisha69's rating: 1118 &rarr; <strong>1093</strong><br />(-25 for losing)
|l|☆mishamisha69
|player|p2|
|l|☆Sulley365
|player|p1|
|l| moritomdb
