|j|‽Settleslugger
|j|☆darknflylikehonch
|t:|1760848274
|gametype|singles
|player|p1|Settleslugger|101|1319
|player|p2|darknflylikehonch|sage|1296
|gen|9
|tier|[Gen 9] OU
|rated|
|rule|HP Percentage Mod: HP is shown in percentages
|rule|Endless Battle Clause: Forcing endless battles is banned
|rule|Species Clause: Limit one of each Pokémon
|rule|OHKO Clause: OHKO moves are banned
|rule|Evasion Items Clause: Evasion items are banned
|rule|Evasion Moves Clause: Evasion moves are banned
|rule|Evasion Abilities Clause: Evasion abilities are banned
|rule|Sleep Moves Clause: Sleep-inducing moves are banned
|clearpoke
|poke|p1|Blissey, F|
|poke|p1|Cinderace, M|
|poke|p1|Corviknight, M|
|poke|p1|Greninja-*, M|
|poke|p1|Meowscarada, F|
|poke|p1|Sableye, M|
|poke|p2|Gholdengo|
|poke|p2|Ceruledge, F|
|poke|p2|Enamorus, F|
|poke|p2|Ribombee, M|
|poke|p2|Quaquaval, F|
|poke|p2|Iron Treads|
|teampreview
|
|t:|1760848278
|teamsize|p1|6
|teamsize|p2|6
|start
|switch|p1a: Cinderace|Cinderace, M|100/100
|switch|p2a: Ribombee|Ribombee, M|100/100
|turn|1
|inactive|Battle timer is ON: inactive players will automatically lose when time's up. (requested by darknflylikehonch)
|inactive|Settleslugger also wants the timer to be on.
|
|t:|1760848282
|move|p2a: Ribombee|Sticky Web|p1a: Cinderace
|-sidestart|p1: Settleslugger|move: Sticky Web
|move|p1a: Cinderace|Pyro Ball|p2a: Ribombee
|-supereffective|p2a: Ribombee
|-enditem|p2a: Ribombee|Focus Sash
|-damage|p2a: Ribombee|1/100
|
|upkeep
|turn|2
|
|t:|1760848290
|move|p2a: Ribombee|Sticky Web||[still]
|-fail|p2a: Ribombee
|move|p1a: Cinderace|Court Change|p1a: Cinderace
|-start|p1a: Cinderace|typechange|Normal|[from] ability: Libero
|-swapsideconditions
|-activate|p1a: Cinderace|move: Court Change
|
|upkeep
|turn|3
|
|t:|1760848297
|move|p2a: Ribombee|Sticky Web|p1a: Cinderace
|-sidestart|p1: Settleslugger|move: Sticky Web
|move|p1a: Cinderace|U-turn|p2a: Ribombee
|-resisted|p2a: Ribombee
|-damage|p2a: Ribombee|0 fnt
|faint|p2a: Ribombee
|
|t:|1760848303
|switch|p1a: Blissey|Blissey, F|100/100|[from] U-turn
|-activate|p1a: Blissey|move: Sticky Web
|-unboost|p1a: Blissey|spe|1
|
|upkeep
|
|t:|1760848311
|switch|p2a: Quaquaval|Quaquaval, F, shiny|100/100
|-activate|p2a: Quaquaval|move: Sticky Web
|-unboost|p2a: Quaquaval|spe|1
|turn|4
|
|t:|1760848313
|switch|p1a: Corviknight|Corviknight, M|100/100
|-ability|p1a: Corviknight|Pressure
|move|p2a: Quaquaval|Rapid Spin|p1a: Corviknight
|-resisted|p1a: Corviknight
|-damage|p1a: Corviknight|95/100
|-boost|p2a: Quaquaval|spe|1
|-damage|p2a: Quaquaval|84/100|[from] item: Rocky Helmet|[of] p1a: Corviknight
|-sideend|p2: darknflylikehonch|Sticky Web|[from] move: Rapid Spin|[of] p2a: Quaquaval
|
|upkeep
|turn|5
|
|t:|1760848316
|switch|p2a: Gholdengo|Gholdengo|100/100
|-item|p2a: Gholdengo|Air Balloon
|move|p1a: Corviknight|U-turn|p2a: Gholdengo
|-resisted|p2a: Gholdengo
|-damage|p2a: Gholdengo|96/100
|-enditem|p2a: Gholdengo|Air Balloon
|
|t:|1760848319
|switch|p1a: Cinderace|Cinderace, M|100/100|[from] U-turn
|
|upkeep
|turn|6
|
|t:|1760848347
|move|p1a: Cinderace|Court Change|p1a: Cinderace
|-start|p1a: Cinderace|typechange|Normal|[from] ability: Libero
|-swapsideconditions
|-activate|p1a: Cinderace|move: Court Change
|move|p2a: Gholdengo|Shadow Ball|p1a: Cinderace
|-immune|p1a: Cinderace
|
|upkeep
|turn|7
|
|t:|1760848355
|switch|p2a: Iron Treads|Iron Treads|100/100
|-activate|p2a: Iron Treads|move: Sticky Web
|-unboost|p2a: Iron Treads|spe|1
|-enditem|p2a: Iron Treads|Booster Energy
|-activate|p2a: Iron Treads|ability: Quark Drive|[fromitem]
|-start|p2a: Iron Treads|quarkdriveatk
|move|p1a: Cinderace|Pyro Ball|p2a: Iron Treads
|-supereffective|p2a: Iron Treads
|-damage|p2a: Iron Treads|55/100
|
|upkeep
|turn|8
|
|t:|1760848363
|move|p1a: Cinderace|U-turn|p2a: Iron Treads
|-resisted|p2a: Iron Treads
|-damage|p2a: Iron Treads|48/100
|
|t:|1760848365
|switch|p1a: Sableye|Sableye, M|100/100|[from] U-turn
|move|p2a: Iron Treads|Rapid Spin|p1a: Sableye
|-immune|p1a: Sableye
|
|upkeep
|turn|9
|
|t:|1760848374
|-end|p2a: Iron Treads|Quark Drive|[silent]
|switch|p2a: Gholdengo|Gholdengo|96/100
|-activate|p2a: Gholdengo|move: Sticky Web
|-unboost|p2a: Gholdengo|spe|1
|move|p1a: Sableye|Will-O-Wisp|p2a: Gholdengo
|-immune|p2a: Gholdengo|[from] ability: Good as Gold
|
|upkeep
|turn|10
|
|t:|1760848378
|switch|p2a: Iron Treads|Iron Treads|48/100
|-activate|p2a: Iron Treads|move: Sticky Web
|-unboost|p2a: Iron Treads|spe|1
|switch|p1a: Cinderace|Cinderace, M|100/100
|
|upkeep
|turn|11
|
|t:|1760848384
|move|p1a: Cinderace|U-turn|p2a: Iron Treads
|-start|p1a: Cinderace|typechange|Bug|[from] ability: Libero
|-resisted|p2a: Iron Treads
|-damage|p2a: Iron Treads|37/100
|
|t:|1760848386
|switch|p1a: Corviknight|Corviknight, M|95/100|[from] U-turn
|-ability|p1a: Corviknight|Pressure
|move|p2a: Iron Treads|Earthquake|p1a: Corviknight
|-immune|p1a: Corviknight
|
|upkeep
|turn|12
|
|t:|1760848393
|move|p1a: Corviknight|Body Press|p2a: Iron Treads
|-supereffective|p2a: Iron Treads
|-damage|p2a: Iron Treads|0 fnt
|faint|p2a: Iron Treads
|-end|p2a: Iron Treads|Quark Drive|[silent]
|
|upkeep
|
|t:|1760848399
|switch|p2a: Ceruledge|Ceruledge, F, shiny|100/100
|-activate|p2a: Ceruledge|move: Sticky Web
|-unboost|p2a: Ceruledge|spe|1
|turn|13
|
|t:|1760848404
|switch|p1a: Sableye|Sableye, M|100/100
|move|p2a: Ceruledge|Bitter Blade|p1a: Sableye
|-damage|p1a: Sableye|48/100
|
|-heal|p1a: Sableye|54/100|[from] item: Leftovers
|upkeep
|turn|14
|
|t:|1760848416
|switch|p1a: Greninja|Greninja, M|100/100
|move|p2a: Ceruledge|Swords Dance|p2a: Ceruledge
|-boost|p2a: Ceruledge|atk|2
|
|upkeep
|turn|15
|
|t:|1760848426
|move|p1a: Greninja|Dark Pulse|p2a: Ceruledge
|-start|p1a: Greninja|typechange|Dark|[from] ability: Protean
|-supereffective|p2a: Ceruledge
|-enditem|p2a: Ceruledge|Focus Sash
|-damage|p2a: Ceruledge|1/100
|move|p2a: Ceruledge|Poltergeist|p1a: Greninja
|-activate|p1a: Greninja|move: Poltergeist|Choice Specs
|-resisted|p1a: Greninja
|-damage|p1a: Greninja|0 fnt
|faint|p1a: Greninja
|
|upkeep
|
|t:|1760848434
|switch|p1a: Cinderace|Cinderace, M|100/100
|turn|16
|
|t:|1760848438
|move|p1a: Cinderace|Sucker Punch|p2a: Ceruledge
|-start|p1a: Cinderace|typechange|Dark|[from] ability: Libero
|-supereffective|p2a: Ceruledge
|-damage|p2a: Ceruledge|0 fnt
|faint|p2a: Ceruledge
|
|upkeep
|
|t:|1760848456
|switch|p2a: Quaquaval|Quaquaval, F, shiny|84/100
|-activate|p2a: Quaquaval|move: Sticky Web
|-unboost|p2a: Quaquaval|spe|1
|turn|17
|
|t:|1760848460
|switch|p1a: Corviknight|Corviknight, M|95/100
|-ability|p1a: Corviknight|Pressure
|move|p2a: Quaquaval|Knock Off|p1a: Corviknight
|-damage|p1a: Corviknight|77/100
|-damage|p2a: Quaquaval|68/100|[from] item: Rocky Helmet|[of] p1a: Corviknight
|-enditem|p1a: Corviknight|Rocky Helmet|[from] move: Knock Off|[of] p2a: Quaquaval
|
|upkeep
|turn|18
|
|t:|1760848466
|move|p2a: Quaquaval|Rapid Spin|p1a: Corviknight
|-resisted|p1a: Corviknight
|-damage|p1a: Corviknight|72/100
|-boost|p2a: Quaquaval|spe|1
|-sideend|p2: darknflylikehonch|Sticky Web|[from] move: Rapid Spin|[of] p2a: Quaquaval
|move|p1a: Corviknight|U-turn|p2a: Quaquaval
|-resisted|p2a: Quaquaval
|-damage|p2a: Quaquaval|58/100
|
|t:|1760848470
|switch|p1a: Meowscarada|Meowscarada, F|100/100|[from] U-turn
|
|upkeep
|turn|19
|
|t:|1760848487
|move|p1a: Meowscarada|U-turn|p2a: Quaquaval
|-start|p1a: Meowscarada|typechange|Bug|[from] ability: Protean
|-resisted|p2a: Quaquaval
|-damage|p2a: Quaquaval|35/100
|
|t:|1760848489
|switch|p1a: Corviknight|Corviknight, M|72/100|[from] U-turn
|-ability|p1a: Corviknight|Pressure
|move|p2a: Quaquaval|Close Combat|p1a: Corviknight
|-damage|p1a: Corviknight|36/100
|-unboost|p2a: Quaquaval|def|1
|-unboost|p2a: Quaquaval|spd|1
|
|upkeep
|turn|20
|
|t:|1760848494
|switch|p1a: Sableye|Sableye, M|54/100
|move|p2a: Quaquaval|Aqua Step|p1a: Sableye
|-damage|p1a: Sableye|14/100
|-boost|p2a: Quaquaval|spe|1
|
|-heal|p1a: Sableye|20/100|[from] item: Leftovers
|upkeep
|turn|21
|
|t:|1760848499
|move|p1a: Sableye|Will-O-Wisp|p2a: Quaquaval
|-status|p2a: Quaquaval|brn
|move|p2a: Quaquaval|Knock Off|p1a: Sableye
|-damage|p1a: Sableye|5/100
|-enditem|p1a: Sableye|Leftovers|[from] move: Knock Off|[of] p2a: Quaquaval
|
|-damage|p2a: Quaquaval|28/100 brn|[from] brn
|upkeep
|turn|22
|
|t:|1760848503
|move|p1a: Sableye|Recover|p1a: Sableye
|-heal|p1a: Sableye|55/100
|move|p2a: Quaquaval|Aqua Step|p1a: Sableye
|-damage|p1a: Sableye|35/100
|-boost|p2a: Quaquaval|spe|1
|
|-damage|p2a: Quaquaval|22/100 brn|[from] brn
|upkeep
|turn|23
|
|t:|1760848508
|move|p1a: Sableye|Recover|p1a: Sableye
|-heal|p1a: Sableye|86/100
|move|p2a: Quaquaval|Aqua Step|p1a: Sableye
|-damage|p1a: Sableye|65/100
|-boost|p2a: Quaquaval|spe|1
|
|-damage|p2a: Quaquaval|16/100 brn|[from] brn
|upkeep
|turn|24
|
|t:|1760848516
|move|p2a: Quaquaval|Aqua Step|p1a: Sableye
|-damage|p1a: Sableye|47/100
|-boost|p2a: Quaquaval|spe|1
|move|p1a: Sableye|Knock Off|p2a: Quaquaval
|-resisted|p2a: Quaquaval
|-damage|p2a: Quaquaval|0 fnt
|-enditem|p2a: Quaquaval|Assault Vest|[from] move: Knock Off|[of] p1a: Sableye
|faint|p2a: Quaquaval
|
|upkeep
|
|t:|1760848522
|switch|p2a: Enamorus|Enamorus, F|100/100
|turn|25
|
|t:|1760848532
|switch|p1a: Blissey|Blissey, F|100/100
|move|p2a: Enamorus|Moonblast|p1a: Blissey
|-damage|p1a: Blissey|81/100
|
|-heal|p1a: Blissey|88/100|[from] item: Leftovers
|upkeep
|turn|26
|
|t:|1760848537
|-terastallize|p2a: Enamorus|Stellar
|move|p2a: Enamorus|Superpower|p1a: Blissey
|-supereffective|p1a: Blissey
|-damage|p1a: Blissey|5/100
|-boost|p2a: Enamorus|atk|1
|-boost|p2a: Enamorus|def|1
|move|p1a: Blissey|Seismic Toss|p2a: Enamorus
|-damage|p2a: Enamorus|66/100
|
|-heal|p1a: Blissey|11/100|[from] item: Leftovers
|upkeep
|turn|27
|
|t:|1760848549
|move|p2a: Enamorus|Moonblast|p1a: Blissey
|-damage|p1a: Blissey|0 fnt
|faint|p1a: Blissey
|
|upkeep
|
|t:|1760848558
|switch|p1a: Meowscarada|Meowscarada, F|100/100
|turn|28
|
|t:|1760848565
|move|p1a: Meowscarada|Triple Axel|p2a: Enamorus
|-start|p1a: Meowscarada|typechange|Ice|[from] ability: Protean
|-supereffective|p2a: Enamorus
|-damage|p2a: Enamorus|43/100
|-supereffective|p2a: Enamorus
|-damage|p2a: Enamorus|0 fnt
|faint|p2a: Enamorus
|-hitcount|p2: Enamorus|2
|
|upkeep
|
|t:|1760848568
|switch|p2a: Gholdengo|Gholdengo|96/100
|turn|29
|
|t:|1760848576
|switch|p1a: Corviknight|Corviknight, M|36/100
|-ability|p1a: Corviknight|Pressure
|move|p2a: Gholdengo|Shadow Ball|p1a: Corviknight
|-crit|p1a: Corviknight
|-damage|p1a: Corviknight|0 fnt
|faint|p1a: Corviknight
|
|upkeep
|
|t:|1760848584
|switch|p1a: Meowscarada|Meowscarada, F|100/100
|turn|30
|
|t:|1760848593
|move|p1a: Meowscarada|Knock Off|p2a: Gholdengo
|-start|p1a: Meowscarada|typechange|Dark|[from] ability: Protean
|-supereffective|p2a: Gholdengo
|-damage|p2a: Gholdengo|21/100
|move|p2a: Gholdengo|Nasty Plot|p2a: Gholdengo
|-boost|p2a: Gholdengo|spa|2
|
|upkeep
|turn|31
|c|☆darknflylikehonch|gg
|-message|darknflylikehonch forfeited.
|
|win|Settleslugger
|raw|Settleslugger's rating: 1319 &rarr; <strong>1338</strong><br />(+19 for winning)
|raw|darknflylikehonch's rating: 1296 &rarr; <strong>1273</strong><br />(-23 for losing)
|l|☆darknflylikehonch
|player|p2|
|l|‽Settleslugger
|player|p1|
