|badge|p2|bronze|gen9ou|100-7
|uhtml|medal-msg|<div class="broadcast-blue">Curious what those medals under the avatar are? PS now has Ladder Seasons! For more information, check out the <a href="https://www.smogon.com/forums/threads/3740067/">thread on Smogon.</a></div>
|j|☆StarChewer
|j|☆Sanesa8724
|t:|1760868438
|gametype|singles
|player|p1|StarChewer|lusamine-nihilego|1762
|player|p2|Sanesa8724|265|1872
|gen|9
|tier|[Gen 9] OU
|rated|
|rule|HP Percentage Mod: HP is shown in percentages
|rule|Endless Battle Clause: Forcing endless battles is banned
|rule|Species Clause: Limit one of each Pokémon
|rule|OHKO Clause: OHKO moves are banned
|rule|Evasion Items Clause: Evasion items are banned
|rule|Evasion Moves Clause: Evasion moves are banned
|rule|Evasion Abilities Clause: Evasion abilities are banned
|rule|Sleep Moves Clause: Sleep-inducing moves are banned
|clearpoke
|poke|p1|Dragapult, F|
|poke|p1|Glimmora, M|
|poke|p1|Kingambit, M|
|poke|p1|Serperior, F|
|poke|p1|Zamazenta-*|
|poke|p1|Slowking-Galar, F|
|poke|p2|Rillaboom, F|
|poke|p2|Zamazenta-*|
|poke|p2|Ogerpon, F|
|poke|p2|Moltres|
|poke|p2|Iron Treads|
|poke|p2|Gholdengo|
|teampreview
|inactive|Battle timer is ON: inactive players will automatically lose when time's up. (requested by StarChewer)
|
|t:|1760868444
|teamsize|p1|6
|teamsize|p2|6
|start
|switch|p1a: Medusa|Serperior, F, shiny|100/100
|switch|p2a: Rillaboom|Rillaboom, F|100/100
|-fieldstart|move: Grassy Terrain|[from] ability: Grassy Surge|[of] p2a: Rillaboom
|turn|1
|
|t:|1760868450
|switch|p1a: Asbestos|Glimmora, M, shiny|100/100
|move|p2a: Rillaboom|U-turn|p1a: Asbestos
|-resisted|p1a: Asbestos
|-damage|p1a: Asbestos|84/100
|-activate|p1a: Asbestos|ability: Toxic Debris
|-sidestart|p2: Sanesa8724|move: Toxic Spikes
|-enditem|p1a: Asbestos|Red Card|[of] p2a: Rillaboom
|drag|p2a: Gholdengo|Gholdengo|100/100
|-enditem|p2a: Gholdengo|Grassy Seed
|-boost|p2a: Gholdengo|def|1|[from] item: Grassy Seed
|
|-heal|p1a: Asbestos|90/100|[from] Grassy Terrain
|upkeep
|turn|2
|j| amimec
|
|t:|1760868457
|switch|p1a: GlowUp|Slowking-Galar, F|100/100
|move|p2a: Gholdengo|Make It Rain|p1a: GlowUp
|-damage|p1a: GlowUp|71/100
|-unboost|p2a: Gholdengo|spa|1
|
|-heal|p1a: GlowUp|77/100|[from] Grassy Terrain
|upkeep
|turn|3
|
|t:|1760868470
|switch|p2a: Iron Treads|Iron Treads|100/100
|move|p1a: GlowUp|Flamethrower|p2a: Iron Treads
|-supereffective|p2a: Iron Treads
|-damage|p2a: Iron Treads|55/100
|
|-heal|p2a: Iron Treads|61/100|[from] Grassy Terrain
|-heal|p2a: Iron Treads|67/100|[from] item: Leftovers
|-heal|p1a: GlowUp|83/100|[from] Grassy Terrain
|upkeep
|turn|4
|c|☆StarChewer|i just used your line last game xD
|
|t:|1760868479
|switch|p1a: Bubonic|Dragapult, F, shiny|100/100
|move|p2a: Iron Treads|Knock Off|p1a: Bubonic
|-supereffective|p1a: Bubonic
|-damage|p1a: Bubonic|32/100
|-enditem|p1a: Bubonic|Heavy-Duty Boots|[from] move: Knock Off|[of] p2a: Iron Treads
|
|-heal|p1a: Bubonic|38/100|[from] Grassy Terrain
|-heal|p2a: Iron Treads|73/100|[from] Grassy Terrain
|-heal|p2a: Iron Treads|80/100|[from] item: Leftovers
|upkeep
|turn|5
|
|t:|1760868482
|-end|p2a: Iron Treads|Quark Drive|[silent]
|switch|p2a: Moltres|Moltres|100/100
|move|p1a: Bubonic|Will-O-Wisp|p2a: Moltres|[miss]
|-miss|p1a: Bubonic|p2a: Moltres
|
|-heal|p1a: Bubonic|44/100|[from] Grassy Terrain
|upkeep
|turn|6
|
|t:|1760868487
|move|p1a: Bubonic|Thunder Wave|p2a: Moltres
|-status|p2a: Moltres|par
|cant|p2a: Moltres|par
|
|-heal|p1a: Bubonic|50/100|[from] Grassy Terrain
|upkeep
|turn|7
|
|t:|1760868496
|switch|p2a: Iron Treads|Iron Treads|80/100
|move|p1a: Bubonic|Hex|p2a: Iron Treads
|-damage|p2a: Iron Treads|50/100
|
|-heal|p1a: Bubonic|56/100|[from] Grassy Terrain
|-heal|p2a: Iron Treads|56/100|[from] Grassy Terrain
|-heal|p2a: Iron Treads|62/100|[from] item: Leftovers
|upkeep
|turn|8
|
|t:|1760868501
|-end|p2a: Iron Treads|Quark Drive|[silent]
|switch|p2a: Gholdengo|Gholdengo|100/100
|move|p1a: Bubonic|Will-O-Wisp|p2a: Gholdengo
|-immune|p2a: Gholdengo|[from] ability: Good as Gold
|
|-heal|p1a: Bubonic|62/100|[from] Grassy Terrain
|-fieldend|move: Grassy Terrain
|upkeep
|turn|9
|
|t:|1760868507
|switch|p1a: GlowUp|Slowking-Galar, F|100/100
|switch|p2a: Iron Treads|Iron Treads|62/100
|
|-heal|p2a: Iron Treads|68/100|[from] item: Leftovers
|upkeep
|turn|10
|
|t:|1760868513
|switch|p1a: Medusa|Serperior, F, shiny|100/100
|move|p2a: Iron Treads|Stealth Rock|p1a: Medusa
|-sidestart|p1: StarChewer|move: Stealth Rock
|
|-heal|p2a: Iron Treads|75/100|[from] item: Leftovers
|upkeep
|turn|11
|
|t:|1760868518
|-end|p2a: Iron Treads|Quark Drive|[silent]
|switch|p2a: Moltres|Moltres|100/100 par
|move|p1a: Medusa|Leaf Storm|p2a: Moltres|[miss]
|-miss|p1a: Medusa|p2a: Moltres
|
|upkeep
|turn|12
|
|t:|1760868524
|move|p1a: Medusa|Substitute|p1a: Medusa
|-start|p1a: Medusa|Substitute
|-damage|p1a: Medusa|76/100
|move|p2a: Moltres|Flamethrower|p1a: Medusa
|-supereffective|p1a: Medusa
|-end|p1a: Medusa|Substitute
|
|-heal|p1a: Medusa|82/100|[from] item: Leftovers
|upkeep
|turn|13
|
|t:|1760868529
|switch|p1a: Bubonic|Dragapult, F, shiny|62/100
|-damage|p1a: Bubonic|49/100|[from] Stealth Rock
|move|p2a: Moltres|Roar|p1a: Bubonic
|drag|p1a: Cockroach|Kingambit, M|100/100
|-damage|p1a: Cockroach|94/100|[from] Stealth Rock
|
|-heal|p1a: Cockroach|100/100|[from] item: Leftovers
|upkeep
|turn|14
|
|t:|1760868532
|-end|p1a: Cockroach|fallenundefined|[silent]
|switch|p1a: Bubonic|Dragapult, F, shiny|49/100
|-damage|p1a: Bubonic|37/100|[from] Stealth Rock
|cant|p2a: Moltres|par
|
|upkeep
|turn|15
|
|t:|1760868540
|move|p1a: Bubonic|Hex|p2a: Moltres
|-damage|p2a: Moltres|63/100 par
|cant|p2a: Moltres|par
|
|upkeep
|turn|16
|c|☆Sanesa8724|I just read chat
|c|☆Sanesa8724|lol
|c|☆Sanesa8724|But sorry man
|c|☆Sanesa8724|the amount of hax you fid
|c|☆Sanesa8724|do
|c|☆Sanesa8724|and did
|
|t:|1760868569
|switch|p2a: Gholdengo|Gholdengo|100/100
|move|p1a: Bubonic|Hex|p2a: Gholdengo
|-supereffective|p2a: Gholdengo
|-damage|p2a: Gholdengo|44/100
|
|upkeep
|turn|17
|c|☆StarChewer|it all evens out
|
|t:|1760868580
|switch|p2a: Iron Treads|Iron Treads|75/100
|move|p1a: Bubonic|Hex|p2a: Iron Treads
|-damage|p2a: Iron Treads|49/100
|
|-heal|p2a: Iron Treads|55/100|[from] item: Leftovers
|upkeep
|turn|18
|
|t:|1760868586
|move|p1a: Bubonic|Will-O-Wisp|p2a: Iron Treads
|-status|p2a: Iron Treads|brn
|move|p2a: Iron Treads|Knock Off|p1a: Bubonic
|-supereffective|p1a: Bubonic
|-damage|p1a: Bubonic|16/100
|
|-heal|p2a: Iron Treads|61/100 brn|[from] item: Leftovers
|-damage|p2a: Iron Treads|55/100 brn|[from] brn
|upkeep
|turn|19
|c|☆StarChewer|i got froze last game
|
|t:|1760868595
|move|p1a: Bubonic|Hex|p2a: Iron Treads
|-damage|p2a: Iron Treads|0 fnt
|faint|p2a: Iron Treads
|-end|p2a: Iron Treads|Quark Drive|[silent]
|
|upkeep
|c|☆Sanesa8724|That was an insanely high roll
|c|☆Sanesa8724|on top of 2 or more massive parqs
|inactive|Sanesa8724 has 120 seconds left.
|c|☆StarChewer|by sub scale shot ice beam tera blast kyurem
|c|☆Sanesa8724|This game alone
|c|☆Sanesa8724|I got double frozen
|c|☆Sanesa8724|didnt unfreeze for 12 turns
|c|☆Sanesa8724|then fird
|c|☆Sanesa8724|and more
|c|☆StarChewer|paralysis is the the dumbest status
|c|☆StarChewer|they really need to nerf it
|inactive|Sanesa8724 has 90 seconds left.
|
|t:|1760868657
|switch|p2a: Rillaboom|Rillaboom, F|100/100
|-status|p2a: Rillaboom|psn
|-fieldstart|move: Grassy Terrain|[from] ability: Grassy Surge|[of] p2a: Rillaboom
|turn|20
|c|☆StarChewer|25% for a 1 turn sleep essentially
|
|t:|1760868673
|switch|p1a: Asbestos|Glimmora, M, shiny|90/100
|-damage|p1a: Asbestos|78/100|[from] Stealth Rock
|move|p2a: Rillaboom|Grassy Glide|p1a: Asbestos
|-crit|p1a: Asbestos
|-damage|p1a: Asbestos|4/100
|-activate|p1a: Asbestos|ability: Toxic Debris
|-sidestart|p2: Sanesa8724|move: Toxic Spikes
|
|-heal|p1a: Asbestos|11/100|[from] Grassy Terrain
|-damage|p2a: Rillaboom|88/100 psn|[from] psn
|upkeep
|turn|21
|c|☆Sanesa8724|I have an insanely good matchup into your team
|
|t:|1760868681
|move|p2a: Rillaboom|Grassy Glide|p1a: Asbestos
|-damage|p1a: Asbestos|0 fnt
|faint|p1a: Asbestos
|
|-heal|p2a: Rillaboom|94/100 psn|[from] Grassy Terrain
|-damage|p2a: Rillaboom|82/100 psn|[from] psn
|upkeep
|c|☆Sanesa8724|And somehow no matches are even close
|c|☆Sanesa8724|Ich Ben tho i pöay very well
|c|☆Sanesa8724|Even tho I play very well
|
|t:|1760868710
|switch|p1a: Cockroach|Kingambit, M|100/100
|-damage|p1a: Cockroach|94/100|[from] Stealth Rock
|-activate|p1a: Cockroach|ability: Supreme Overlord
|-start|p1a: Cockroach|fallen1|[silent]
|turn|22
|
|t:|1760868724
|-end|p1a: Cockroach|fallen1|[silent]
|switch|p1a: Bubonic|Dragapult, F, shiny|16/100
|-damage|p1a: Bubonic|4/100|[from] Stealth Rock
|move|p2a: Rillaboom|Low Kick|p1a: Bubonic
|-immune|p1a: Bubonic
|
|-heal|p1a: Bubonic|10/100|[from] Grassy Terrain
|-heal|p2a: Rillaboom|88/100 psn|[from] Grassy Terrain
|-damage|p2a: Rillaboom|76/100 psn|[from] psn
|upkeep
|turn|23
|
|t:|1760868737
|switch|p1a: GlowUp|Slowking-Galar, F|100/100
|-damage|p1a: GlowUp|88/100|[from] Stealth Rock
|move|p2a: Rillaboom|Grassy Glide|p1a: GlowUp
|-resisted|p1a: GlowUp
|-damage|p1a: GlowUp|68/100
|
|-heal|p2a: Rillaboom|82/100 psn|[from] Grassy Terrain
|-heal|p1a: GlowUp|74/100|[from] Grassy Terrain
|-damage|p2a: Rillaboom|70/100 psn|[from] psn
|upkeep
|turn|24
|
|t:|1760868744
|switch|p1a: Bubonic|Dragapult, F, shiny|10/100
|-damage|p1a: Bubonic|0 fnt|[from] Stealth Rock
|faint|p1a: Bubonic
|move|p2a: Rillaboom|Knock Off|p1: Bubonic|[notarget]
|-fail|p2a: Rillaboom
|
|-heal|p2a: Rillaboom|76/100 psn|[from] Grassy Terrain
|-damage|p2a: Rillaboom|64/100 psn|[from] psn
|upkeep
|
|t:|1760868760
|switch|p1a: GlowUp|Slowking-Galar, F|100/100
|-damage|p1a: GlowUp|88/100|[from] Stealth Rock
|turn|25
|
|t:|1760868764
|move|p2a: Rillaboom|U-turn|p1a: GlowUp
|-damage|p1a: GlowUp|63/100
|
|t:|1760868767
|switch|p2a: Moltres|Moltres|63/100 par|[from] U-turn
|move|p1a: GlowUp|Sludge Bomb|p2a: Moltres
|-damage|p2a: Moltres|40/100 par
|
|-heal|p1a: GlowUp|69/100|[from] Grassy Terrain
|upkeep
|turn|26
|
|t:|1760868771
|cant|p2a: Moltres|par
|move|p1a: GlowUp|Sludge Bomb|p2a: Moltres
|-damage|p2a: Moltres|14/100 par
|
|-heal|p1a: GlowUp|75/100|[from] Grassy Terrain
|upkeep
|turn|27
|
|t:|1760868774
|move|p2a: Moltres|Roost|p2a: Moltres
|-heal|p2a: Moltres|64/100 par
|-singleturn|p2a: Moltres|move: Roost
|move|p1a: GlowUp|Sludge Bomb|p2a: Moltres
|-damage|p2a: Moltres|39/100 par
|
|-heal|p2a: Moltres|45/100 par|[from] Grassy Terrain
|-heal|p1a: GlowUp|81/100|[from] Grassy Terrain
|-fieldend|move: Grassy Terrain
|upkeep
|turn|28
|
|t:|1760868779
|cant|p2a: Moltres|par
|move|p1a: GlowUp|Sludge Bomb|p2a: Moltres
|-crit|p2a: Moltres
|-damage|p2a: Moltres|10/100 par
|
|upkeep
|turn|29
|
|t:|1760868781
|move|p2a: Moltres|Roost|p2a: Moltres
|-heal|p2a: Moltres|60/100 par
|-singleturn|p2a: Moltres|move: Roost
|move|p1a: GlowUp|Sludge Bomb|p2a: Moltres
|-damage|p2a: Moltres|38/100 par
|
|upkeep
|turn|30
|
|t:|1760868783
|move|p2a: Moltres|Roost|p2a: Moltres
|-heal|p2a: Moltres|88/100 par
|-singleturn|p2a: Moltres|move: Roost
|move|p1a: GlowUp|Sludge Bomb|p2a: Moltres
|-damage|p2a: Moltres|65/100 par
|
|upkeep
|turn|31
|
|t:|1760868791
|move|p2a: Moltres|Flamethrower|p1a: GlowUp
|-damage|p1a: GlowUp|67/100
|move|p1a: GlowUp|Psychic Noise|p2a: Moltres
|-damage|p2a: Moltres|44/100 par
|-start|p2a: Moltres|move: Heal Block
|
|upkeep
|turn|32
|
|t:|1760868794
|move|p2a: Moltres|U-turn|p1a: GlowUp
|-damage|p1a: GlowUp|53/100
|
|t:|1760868796
|switch|p2a: Gholdengo|Gholdengo|44/100|[from] U-turn
|move|p1a: GlowUp|Sludge Bomb|p2a: Gholdengo
|-immune|p2a: Gholdengo
|
|upkeep
|turn|33
|
|t:|1760868803
|switch|p2a: Moltres|Moltres|44/100 par
|move|p1a: GlowUp|Flamethrower|p2a: Moltres
|-resisted|p2a: Moltres
|-damage|p2a: Moltres|37/100 par
|
|upkeep
|turn|34
|
|t:|1760868808
|cant|p2a: Moltres|par
|move|p1a: GlowUp|Psychic Noise|p2a: Moltres
|-damage|p2a: Moltres|14/100 par
|-start|p2a: Moltres|move: Heal Block
|
|upkeep
|turn|35
|
|t:|1760868813
|move|p2a: Moltres|U-turn|p1a: GlowUp
|-damage|p1a: GlowUp|38/100
|
|t:|1760868814
|switch|p2a: Gholdengo|Gholdengo|44/100|[from] U-turn
|move|p1a: GlowUp|Psychic Noise|p2a: Gholdengo
|-resisted|p2a: Gholdengo
|-damage|p2a: Gholdengo|29/100
|-start|p2a: Gholdengo|move: Heal Block
|
|upkeep
|turn|36
|
|t:|1760868817
|switch|p1a: Cockroach|Kingambit, M|94/100
|-damage|p1a: Cockroach|88/100|[from] Stealth Rock
|-activate|p1a: Cockroach|ability: Supreme Overlord
|-start|p1a: Cockroach|fallen2|[silent]
|move|p2a: Gholdengo|Shadow Ball|p1a: Cockroach
|-resisted|p1a: Cockroach
|-damage|p1a: Cockroach|64/100
|
|-heal|p1a: Cockroach|70/100|[from] item: Leftovers
|-end|p2a: Gholdengo|move: Heal Block
|upkeep
|turn|37
|
|t:|1760868827
|switch|p2a: Zamazenta|Zamazenta|100/100
|-status|p2a: Zamazenta|tox
|-ability|p2a: Zamazenta|Dauntless Shield|boost
|-boost|p2a: Zamazenta|def|1
|move|p1a: Cockroach|Kowtow Cleave|p2a: Zamazenta
|-resisted|p2a: Zamazenta
|-damage|p2a: Zamazenta|88/100 tox
|
|-heal|p2a: Zamazenta|94/100 tox|[from] item: Leftovers
|-heal|p1a: Cockroach|77/100|[from] item: Leftovers
|-damage|p2a: Zamazenta|88/100 tox|[from] psn
|upkeep
|turn|38
|
|t:|1760868836
|-end|p1a: Cockroach|fallen2|[silent]
|switch|p1a: Medusa|Serperior, F, shiny|82/100
|-damage|p1a: Medusa|70/100|[from] Stealth Rock
|move|p2a: Zamazenta|Body Press|p1a: Medusa
|-damage|p1a: Medusa|3/100
|
|-heal|p2a: Zamazenta|94/100 tox|[from] item: Leftovers
|-heal|p1a: Medusa|9/100|[from] item: Leftovers
|-damage|p2a: Zamazenta|81/100 tox|[from] psn
|upkeep
|turn|39
|
|t:|1760868839
|move|p2a: Zamazenta|Crunch|p1a: Medusa
|-damage|p1a: Medusa|0 fnt
|faint|p1a: Medusa
|
|-heal|p2a: Zamazenta|88/100 tox|[from] item: Leftovers
|-damage|p2a: Zamazenta|69/100 tox|[from] psn
|upkeep
|
|t:|1760868849
|switch|p1a: GlowUp|Slowking-Galar, F|71/100
|-damage|p1a: GlowUp|58/100|[from] Stealth Rock
|turn|40
|
|t:|1760868853
|switch|p2a: Gholdengo|Gholdengo|29/100
|move|p1a: GlowUp|Psychic Noise|p2a: Gholdengo
|-resisted|p2a: Gholdengo
|-damage|p2a: Gholdengo|14/100
|-start|p2a: Gholdengo|move: Heal Block
|
|upkeep
|turn|41
|
|t:|1760868858
|move|p2a: Gholdengo|Shadow Ball|p1a: GlowUp
|-supereffective|p1a: GlowUp
|-damage|p1a: GlowUp|20/100
|move|p1a: GlowUp|Flamethrower|p2a: Gholdengo
|-supereffective|p2a: Gholdengo
|-damage|p2a: Gholdengo|0 fnt
|faint|p2a: Gholdengo
|
|upkeep
|
|t:|1760868860
|switch|p2a: Moltres|Moltres|14/100 par
|turn|42
|
|t:|1760868865
|move|p2a: Moltres|Roost|p2a: Moltres
|-heal|p2a: Moltres|65/100 par
|-singleturn|p2a: Moltres|move: Roost
|move|p1a: GlowUp|Psychic Noise|p2a: Moltres
|-damage|p2a: Moltres|45/100 par
|-start|p2a: Moltres|move: Heal Block
|
|upkeep
|turn|43
|
|t:|1760868881
|switch|p1a: Cockroach|Kingambit, M|77/100
|-damage|p1a: Cockroach|70/100|[from] Stealth Rock
|-activate|p1a: Cockroach|ability: Supreme Overlord
|-start|p1a: Cockroach|fallen3|[silent]
|move|p2a: Moltres|U-turn|p1a: Cockroach
|-crit|p1a: Cockroach
|-damage|p1a: Cockroach|52/100
|inactive|Sanesa8724 has 120 seconds left.
|
|t:|1760868915
|switch|p2a: Rillaboom|Rillaboom, F|64/100 psn|[from] U-turn
|-fieldstart|move: Grassy Terrain|[from] ability: Grassy Surge|[of] p2a: Rillaboom
|
|-heal|p2a: Rillaboom|70/100 psn|[from] Grassy Terrain
|-heal|p1a: Cockroach|59/100|[from] Grassy Terrain
|-heal|p1a: Cockroach|65/100|[from] item: Leftovers
|-damage|p2a: Rillaboom|58/100 psn|[from] psn
|upkeep
|turn|44
|
|t:|1760868924
|-end|p1a: Cockroach|fallen3|[silent]
|switch|p1a: GlowUp|Slowking-Galar, F|54/100
|-damage|p1a: GlowUp|41/100|[from] Stealth Rock
|move|p2a: Rillaboom|Low Kick|p1a: GlowUp
|-resisted|p1a: GlowUp
|-damage|p1a: GlowUp|34/100
|
|-heal|p2a: Rillaboom|64/100 psn|[from] Grassy Terrain
|-heal|p1a: GlowUp|40/100|[from] Grassy Terrain
|-damage|p2a: Rillaboom|51/100 psn|[from] psn
|upkeep
|turn|45
|
|t:|1760868929
|switch|p1a: Cockroach|Kingambit, M|65/100
|-damage|p1a: Cockroach|59/100|[from] Stealth Rock
|-activate|p1a: Cockroach|ability: Supreme Overlord
|-start|p1a: Cockroach|fallen3|[silent]
|move|p2a: Rillaboom|Knock Off|p1a: Cockroach
|-resisted|p1a: Cockroach
|-damage|p1a: Cockroach|45/100
|-enditem|p1a: Cockroach|Leftovers|[from] move: Knock Off|[of] p2a: Rillaboom
|
|-heal|p2a: Rillaboom|58/100 psn|[from] Grassy Terrain
|-heal|p1a: Cockroach|51/100|[from] Grassy Terrain
|-damage|p2a: Rillaboom|45/100 psn|[from] psn
|upkeep
|turn|46
|
|t:|1760868934
|switch|p2a: Zamazenta|Zamazenta|69/100 tox
|move|p1a: Cockroach|Sucker Punch||[still]
|-fail|p1a: Cockroach
|
|-heal|p2a: Zamazenta|75/100 tox|[from] Grassy Terrain
|-heal|p2a: Zamazenta|81/100 tox|[from] item: Leftovers
|-heal|p1a: Cockroach|57/100|[from] Grassy Terrain
|-damage|p2a: Zamazenta|75/100 tox|[from] psn
|upkeep
|turn|47
|
|t:|1760868940
|move|p2a: Zamazenta|Iron Defense|p2a: Zamazenta
|-boost|p2a: Zamazenta|def|2
|move|p1a: Cockroach|Iron Head|p2a: Zamazenta
|-damage|p2a: Zamazenta|55/100 tox
|
|-heal|p2a: Zamazenta|61/100 tox|[from] Grassy Terrain
|-heal|p2a: Zamazenta|67/100 tox|[from] item: Leftovers
|-heal|p1a: Cockroach|64/100|[from] Grassy Terrain
|-damage|p2a: Zamazenta|55/100 tox|[from] psn
|upkeep
|turn|48
|
|t:|1760868943
|-end|p1a: Cockroach|fallen3|[silent]
|switch|p1a: GlowUp|Slowking-Galar, F|73/100
|-damage|p1a: GlowUp|61/100|[from] Stealth Rock
|move|p2a: Zamazenta|Crunch|p1a: GlowUp
|-supereffective|p1a: GlowUp
|-damage|p1a: GlowUp|20/100
|
|-heal|p2a: Zamazenta|61/100 tox|[from] Grassy Terrain
|-heal|p2a: Zamazenta|67/100 tox|[from] item: Leftovers
|-heal|p1a: GlowUp|26/100|[from] Grassy Terrain
|-damage|p2a: Zamazenta|49/100 tox|[from] psn
|upkeep
|turn|49
|j| PQPP214
|
|t:|1760868950
|switch|p1a: Cockroach|Kingambit, M|64/100
|-damage|p1a: Cockroach|57/100|[from] Stealth Rock
|-activate|p1a: Cockroach|ability: Supreme Overlord
|-start|p1a: Cockroach|fallen3|[silent]
|move|p2a: Zamazenta|Body Press|p1a: Cockroach
|-supereffective|p1a: Cockroach
|-damage|p1a: Cockroach|0 fnt
|faint|p1a: Cockroach
|-end|p1a: Cockroach|fallen3|[silent]
|
|-heal|p2a: Zamazenta|55/100 tox|[from] Grassy Terrain
|-heal|p2a: Zamazenta|61/100 tox|[from] item: Leftovers
|-damage|p2a: Zamazenta|37/100 tox|[from] psn
|upkeep
|
|t:|1760868953
|switch|p1a: GlowUp|Slowking-Galar, F|59/100
|-damage|p1a: GlowUp|47/100|[from] Stealth Rock
|turn|50
|
|t:|1760868960
|move|p2a: Zamazenta|Crunch|p1a: GlowUp
|-supereffective|p1a: GlowUp
|-damage|p1a: GlowUp|5/100
|-unboost|p1a: GlowUp|def|1
|move|p1a: GlowUp|Psychic Noise|p2a: Zamazenta
|-supereffective|p2a: Zamazenta
|-damage|p2a: Zamazenta|0 fnt
|faint|p2a: Zamazenta
|
|-heal|p1a: GlowUp|11/100|[from] Grassy Terrain
|-fieldend|move: Grassy Terrain
|upkeep
|
|t:|1760868988
|switch|p2a: Moltres|Moltres|45/100 par
|turn|51
|
|t:|1760868992
|move|p2a: Moltres|Roost|p2a: Moltres
|-heal|p2a: Moltres|95/100 par
|-singleturn|p2a: Moltres|move: Roost
|move|p1a: GlowUp|Psychic Noise|p2a: Moltres
|-damage|p2a: Moltres|76/100 par
|-start|p2a: Moltres|move: Heal Block
|
|upkeep
|turn|52
|
|t:|1760868997
|switch|p2a: Rillaboom|Rillaboom, F|45/100 psn
|-fieldstart|move: Grassy Terrain|[from] ability: Grassy Surge|[of] p2a: Rillaboom
|move|p1a: GlowUp|Sludge Bomb|p2a: Rillaboom
|-supereffective|p2a: Rillaboom
|-damage|p2a: Rillaboom|0 fnt
|faint|p2a: Rillaboom
|
|-heal|p1a: GlowUp|18/100|[from] Grassy Terrain
|upkeep
|
|t:|1760868999
|switch|p2a: Ogerpon|Ogerpon, F|100/100
|-status|p2a: Ogerpon|tox
|turn|53
|
|t:|1760869001
|move|p2a: Ogerpon|Swords Dance|p2a: Ogerpon
|-boost|p2a: Ogerpon|atk|2
|move|p1a: GlowUp|Sludge Bomb|p2a: Ogerpon
|-supereffective|p2a: Ogerpon
|-damage|p2a: Ogerpon|28/100 tox
|
|-heal|p2a: Ogerpon|34/100 tox|[from] Grassy Terrain
|-heal|p1a: GlowUp|24/100|[from] Grassy Terrain
|-damage|p2a: Ogerpon|28/100 tox|[from] psn
|upkeep
|turn|54
|
|t:|1760869003
|move|p2a: Ogerpon|Ivy Cudgel|p1a: GlowUp
|-resisted|p1a: GlowUp
|-damage|p1a: GlowUp|0 fnt
|faint|p1a: GlowUp
|-damage|p2a: Ogerpon|18/100 tox|[from] item: Life Orb
|
|-heal|p2a: Ogerpon|24/100 tox|[from] Grassy Terrain
|-damage|p2a: Ogerpon|12/100 tox|[from] psn
|upkeep
|
|t:|1760869005
|switch|p1a: DogeCoin|Zamazenta|100/100
|-damage|p1a: DogeCoin|94/100|[from] Stealth Rock
|-ability|p1a: DogeCoin|Dauntless Shield|boost
|-boost|p1a: DogeCoin|def|1
|turn|55
|
|t:|1760869008
|-terastallize|p2a: Ogerpon|Grass
|detailschange|p2a: Ogerpon|Ogerpon-Teal-Tera, F, tera:Grass
|-ability|p2a: Ogerpon|Embody Aspect (Teal)|boost
|-boost|p2a: Ogerpon|spe|1
|move|p1a: DogeCoin|Protect|p1a: DogeCoin
|-singleturn|p1a: DogeCoin|Protect
|move|p2a: Ogerpon|Ivy Cudgel|p1a: DogeCoin
|-activate|p1a: DogeCoin|move: Protect
|
|-heal|p2a: Ogerpon|18/100 tox|[from] Grassy Terrain
|-heal|p1a: DogeCoin|100/100|[from] Grassy Terrain
|-damage|p2a: Ogerpon|0 fnt|[from] psn
|faint|p2a: Ogerpon
|detailschange|p2: Ogerpon|Ogerpon, F|[silent]
|upkeep
|c|☆StarChewer|gg
|c|☆Sanesa8724|PROTECT TAMAZENTA
|c|☆Sanesa8724|WHAT
|c|☆StarChewer|it's actually not bad
|inactive|Sanesa8724 has 120 seconds left.
|c|☆StarChewer|in the context of the team
|
|t:|1760869051
|switch|p2a: Moltres|Moltres|76/100 par
|turn|56
|
|t:|1760869055
|-terastallize|p1a: DogeCoin|Fire
|move|p1a: DogeCoin|Iron Defense|p1a: DogeCoin
|-boost|p1a: DogeCoin|def|2
|move|p2a: Moltres|Roost|p2a: Moltres
|-heal|p2a: Moltres|100/100 par
|-singleturn|p2a: Moltres|move: Roost
|
|upkeep
|turn|57
|-message|Sanesa8724 forfeited.
|
|win|StarChewer
|raw|StarChewer's rating: 1762 &rarr; <strong>1788</strong><br />(+26 for winning)
|raw|Sanesa8724's rating: 1872 &rarr; <strong>1846</strong><br />(-26 for losing)
|c|☆Sanesa8724|Still
|c|☆Sanesa8724|incredible hax you got
|c|☆StarChewer|yeah
|c|☆StarChewer|but you're climbing
|c|☆Sanesa8724|No
|c|☆StarChewer|i'm hard stuck
|c|☆Sanesa8724|you're the singular reason I'm falling
|c|☆Sanesa8724|your hax
|c|☆Sanesa8724|Not you
|c|☆StarChewer|i'll log off for you habibi
|c|☆Sanesa8724|No
|l| PQPP214
|c|☆Sanesa8724|you're p much free elo
|c|☆StarChewer|i mean i am 2-0
|c|☆Sanesa8724|The matchup is so good for me
|c|☆StarChewer|it isn't
|c|☆StarChewer|as soon as i get rid of your spinner toxic spikes are so free
|c|☆Sanesa8724|The only scary thing on your team (besides hax) is tspikes
|c|☆Sanesa8724|which I can remove if I don't get haxxed
|c|☆StarChewer|i don't let you
|c|☆Sanesa8724|You'd have let me the last 2 times
|c|☆Sanesa8724|How are you suposed to prevent it?
|c|☆StarChewer|i go to serp if i think you're predicting a spin block
|c|☆Sanesa8724|Then I get knock and then spin
|c|☆Sanesa8724|Fine with me
|c|☆StarChewer|when i glare
|c|☆Sanesa8724|I get full prad
|c|☆Sanesa8724|ok
|c|☆StarChewer|and we're back that problem
|c|☆Sanesa8724|So your solution is raw hax, congrats
|c|☆StarChewer|like every member on your time hates paralysis
|c|☆Sanesa8724|Half my team doesn't really mind unless it's insane
|l|☆Sanesa8724
|player|p2|
