|j|☆lordsunny4389
|j|☆JILIULONG
|t:|1760857734
|gametype|singles
|player|p1|lordsunny4389|steven|1116
|player|p2|JILIULONG|wallace|1210
|gen|9
|tier|[Gen 9] OU
|rated|
|rule|HP Percentage Mod: HP is shown in percentages
|rule|Endless Battle Clause: Forcing endless battles is banned
|rule|Species Clause: Limit one of each Pokémon
|rule|OHKO Clause: OHKO moves are banned
|rule|Evasion Items Clause: Evasion items are banned
|rule|Evasion Moves Clause: Evasion moves are banned
|rule|Evasion Abilities Clause: Evasion abilities are banned
|rule|Sleep Moves Clause: Sleep-inducing moves are banned
|clearpoke
|poke|p1|Lokix, M|
|poke|p1|Kingambit, F|
|poke|p1|Ceruledge, M|
|poke|p1|Blaziken, M|
|poke|p1|Pikachu-Original, M|
|poke|p1|Iron Treads|
|poke|p2|Darkrai|
|poke|p2|Scizor, M|
|poke|p2|Pecharunt|
|poke|p2|Kommo-o, M|
|poke|p2|Raging Bolt|
|poke|p2|Porygon2|
|teampreview
|inactive|Battle timer is ON: inactive players will automatically lose when time's up. (requested by lordsunny4389)
|
|t:|1760857750
|teamsize|p1|6
|teamsize|p2|6
|start
|switch|p1a: Iron Treads|Iron Treads|100/100
|switch|p2a: Porygon2|Porygon2, shiny|100/100
|-ability|p2a: Porygon2|Download|boost
|-boost|p2a: Porygon2|spa|1
|turn|1
|
|t:|1760857758
|move|p1a: Iron Treads|Electric Terrain|p1a: Iron Treads
|-fieldstart|move: Electric Terrain
|-activate|p1a: Iron Treads|ability: Quark Drive
|-start|p1a: Iron Treads|quarkdriveatk
|move|p2a: Porygon2|Ice Beam|p1a: Iron Treads
|-damage|p1a: Iron Treads|44/100
|
|upkeep
|turn|2
|
|t:|1760857769
|move|p1a: Iron Treads|Earthquake|p2a: Porygon2
|-damage|p2a: Porygon2|54/100
|move|p2a: Porygon2|Ice Beam|p1a: Iron Treads
|-damage|p1a: Iron Treads|0 fnt
|faint|p1a: Iron Treads
|-end|p1a: Iron Treads|Quark Drive|[silent]
|
|upkeep
|
|t:|1760857777
|switch|p1a: God pika|Pikachu-Original, M|100/100
|turn|3
|c|☆JILIULONG|皮神
|
|t:|1760857802
|-terastallize|p1a: God pika|Electric
|move|p1a: God pika|Thunderbolt|p2a: Porygon2
|-damage|p2a: Porygon2|0 fnt
|faint|p2a: Porygon2
|
|upkeep
|
|t:|1760857809
|switch|p2a: Kommo-o|Kommo-o, M|100/100
|turn|4
|
|t:|1760857815
|-terastallize|p2a: Kommo-o|Ground
|move|p2a: Kommo-o|Clangorous Soul|p2a: Kommo-o
|-boost|p2a: Kommo-o|atk|1
|-boost|p2a: Kommo-o|def|1
|-boost|p2a: Kommo-o|spa|1
|-boost|p2a: Kommo-o|spd|1
|-boost|p2a: Kommo-o|spe|1
|-damage|p2a: Kommo-o|68/100
|move|p1a: God pika|Agility|p1a: God pika
|-boost|p1a: God pika|spe|2
|
|upkeep
|turn|5
|
|t:|1760857828
|move|p1a: God pika|Electro Ball|p2a: Kommo-o
|-immune|p2a: Kommo-o|[from] ability: Bulletproof
|move|p2a: Kommo-o|Earthquake|p1a: God pika
|-supereffective|p1a: God pika
|-damage|p1a: God pika|0 fnt
|faint|p1a: God pika
|
|-fieldend|move: Electric Terrain
|upkeep
|
|t:|1760857840
|switch|p1a: Lokix|Lokix, M|100/100
|turn|6
|
|t:|1760857844
|move|p1a: Lokix|First Impression|p2a: Kommo-o
|-damage|p2a: Kommo-o|44/100
|-damage|p1a: Lokix|84/100|[from] item: Rocky Helmet|[of] p2a: Kommo-o
|move|p2a: Kommo-o|Drain Punch|p1a: Lokix
|-damage|p1a: Lokix|9/100
|-heal|p2a: Kommo-o|81/100|[from] drain|[of] p1a: Lokix
|
|upkeep
|turn|7
|
|t:|1760857856
|move|p2a: Kommo-o|Earthquake|p1a: Lokix
|-resisted|p1a: Lokix
|-damage|p1a: Lokix|0 fnt
|faint|p1a: Lokix
|
|upkeep
|
|t:|1760857863
|switch|p1a: Ceruledge|Ceruledge, M|100/100
|turn|8
|
|t:|1760857868
|move|p2a: Kommo-o|Earthquake|p1a: Ceruledge
|-supereffective|p1a: Ceruledge
|-enditem|p1a: Ceruledge|Focus Sash
|-damage|p1a: Ceruledge|1/100
|-ability|p1a: Ceruledge|Weak Armor|boost
|-unboost|p1a: Ceruledge|def|1
|-boost|p1a: Ceruledge|spe|2
|move|p1a: Ceruledge|Destiny Bond|p1a: Ceruledge
|-singlemove|p1a: Ceruledge|Destiny Bond
|
|upkeep
|turn|9
|
|t:|1760857879
|move|p1a: Ceruledge|Swords Dance|p1a: Ceruledge
|-boost|p1a: Ceruledge|atk|2
|move|p2a: Kommo-o|Clangorous Soul|p2a: Kommo-o
|-boost|p2a: Kommo-o|atk|1
|-boost|p2a: Kommo-o|def|1
|-boost|p2a: Kommo-o|spa|1
|-boost|p2a: Kommo-o|spd|1
|-boost|p2a: Kommo-o|spe|1
|-damage|p2a: Kommo-o|48/100
|
|upkeep
|turn|10
|
|t:|1760857889
|move|p1a: Ceruledge|Destiny Bond|p1a: Ceruledge
|-singlemove|p1a: Ceruledge|Destiny Bond
|move|p2a: Kommo-o|Earthquake|p1a: Ceruledge
|-supereffective|p1a: Ceruledge
|-damage|p1a: Ceruledge|0 fnt
|faint|p1a: Ceruledge
|-activate|p1a: Ceruledge|move: Destiny Bond
|faint|p2a: Kommo-o
|
|upkeep
|
|t:|1760857903
|switch|p1a: Blaziken|Blaziken, M|100/100
|switch|p2a: Pecharunt|Pecharunt|100/100
|turn|11
|
|t:|1760857909
|move|p1a: Blaziken|Focus Energy|p1a: Blaziken
|-start|p1a: Blaziken|move: Focus Energy
|move|p2a: Pecharunt|Malignant Chain|p1a: Blaziken
|-damage|p1a: Blaziken|39/100
|-status|p1a: Blaziken|tox
|-start|p1a: Blaziken|confusion|[from] ability: Poison Puppeteer|[of] p2a: Pecharunt
|
|-damage|p1a: Blaziken|33/100 tox|[from] psn
|-ability|p1a: Blaziken|Speed Boost|boost
|-boost|p1a: Blaziken|spe|1
|upkeep
|turn|12
|
|t:|1760857926
|-activate|p1a: Blaziken|confusion
|move|p1a: Blaziken|Brave Bird|p2a: Pecharunt
|-crit|p2a: Pecharunt
|-damage|p2a: Pecharunt|60/100
|-damage|p1a: Blaziken|17/100 tox|[from] Recoil
|move|p2a: Pecharunt|Recover|p2a: Pecharunt
|-heal|p2a: Pecharunt|100/100
|
|-damage|p1a: Blaziken|5/100 tox|[from] psn
|-ability|p1a: Blaziken|Speed Boost|boost
|-boost|p1a: Blaziken|spe|1
|upkeep
|turn|13
|
|t:|1760857941
|-activate|p1a: Blaziken|confusion
|move|p1a: Blaziken|Flare Blitz|p2a: Pecharunt
|-crit|p2a: Pecharunt
|-damage|p2a: Pecharunt|47/100
|-damage|p1a: Blaziken|0 fnt|[from] Recoil
|faint|p1a: Blaziken
|move|p2a: Pecharunt|Recover|p2a: Pecharunt
|-heal|p2a: Pecharunt|97/100
|
|-heal|p2a: Pecharunt|100/100|[from] item: Leftovers
|upkeep
|
|t:|1760857952
|switch|p1a: Kingambit|Kingambit, F|100/100
|-activate|p1a: Kingambit|ability: Supreme Overlord
|-start|p1a: Kingambit|fallen5|[silent]
|turn|14
|
|t:|1760857958
|move|p2a: Pecharunt|Parting Shot|p1a: Kingambit
|-unboost|p1a: Kingambit|atk|1
|-unboost|p1a: Kingambit|spa|1
|
|t:|1760857963
|switch|p2a: Scizor|Scizor, M|100/100|[from] Parting Shot
|-item|p2a: Scizor|Air Balloon
|move|p1a: Kingambit|Swords Dance|p1a: Kingambit
|-boost|p1a: Kingambit|atk|2
|
|upkeep
|turn|15
|
|t:|1760857972
|move|p2a: Scizor|Defog|p1a: Kingambit
|-unboost|p1a: Kingambit|evasion|1
|move|p1a: Kingambit|Swords Dance|p1a: Kingambit
|-boost|p1a: Kingambit|atk|2
|
|upkeep
|turn|16
|
|t:|1760857981
|move|p1a: Kingambit|Sucker Punch||[still]
|-fail|p1a: Kingambit
|move|p2a: Scizor|Defog|p1a: Kingambit
|-unboost|p1a: Kingambit|evasion|1
|
|upkeep
|turn|17
|
|t:|1760857989
|move|p2a: Scizor|Bullet Punch|p1a: Kingambit
|-resisted|p1a: Kingambit
|-damage|p1a: Kingambit|87/100
|move|p1a: Kingambit|Swords Dance|p1a: Kingambit
|-boost|p1a: Kingambit|atk|2
|
|-heal|p1a: Kingambit|93/100|[from] item: Leftovers
|upkeep
|turn|18
|
|t:|1760857998
|move|p2a: Scizor|Defog|p1a: Kingambit
|-unboost|p1a: Kingambit|evasion|1
|move|p1a: Kingambit|Swords Dance|p1a: Kingambit
|-boost|p1a: Kingambit|atk|1
|
|-heal|p1a: Kingambit|99/100|[from] item: Leftovers
|upkeep
|turn|19
|
|t:|1760858010
|move|p2a: Scizor|Dual Wingbeat|p1a: Kingambit
|-resisted|p1a: Kingambit
|-damage|p1a: Kingambit|91/100
|-resisted|p1a: Kingambit
|-damage|p1a: Kingambit|83/100
|-hitcount|p1a: Kingambit|2
|move|p1a: Kingambit|Iron Head|p2a: Scizor
|-resisted|p2a: Scizor
|-damage|p2a: Scizor|0 fnt
|-enditem|p2a: Scizor|Air Balloon
|faint|p2a: Scizor
|
|-heal|p1a: Kingambit|89/100|[from] item: Leftovers
|upkeep
|
|t:|1760858022
|switch|p2a: Darkrai|Darkrai|100/100
|turn|20
|
|t:|1760858027
|move|p1a: Kingambit|Sucker Punch|p2a: Darkrai
|-resisted|p2a: Darkrai
|-damage|p2a: Darkrai|0 fnt
|faint|p2a: Darkrai
|
|-heal|p1a: Kingambit|95/100|[from] item: Leftovers
|upkeep
|
|t:|1760858033
|switch|p2a: Pecharunt|Pecharunt|100/100
|turn|21
|
|t:|1760858037
|move|p2a: Pecharunt|Parting Shot|p1a: Kingambit
|-unboost|p1a: Kingambit|atk|1
|-unboost|p1a: Kingambit|spa|1
|
|t:|1760858040
|switch|p2a: Raging Bolt|Raging Bolt|100/100|[from] Parting Shot
|-enditem|p2a: Raging Bolt|Booster Energy
|-activate|p2a: Raging Bolt|ability: Protosynthesis|[fromitem]
|-start|p2a: Raging Bolt|protosynthesisspa
|move|p1a: Kingambit|Iron Head|p2a: Raging Bolt
|-resisted|p2a: Raging Bolt
|-damage|p2a: Raging Bolt|0 fnt
|faint|p2a: Raging Bolt
|-end|p2a: Raging Bolt|Protosynthesis|[silent]
|
|-heal|p1a: Kingambit|100/100|[from] item: Leftovers
|upkeep
|-message|JILIULONG forfeited.
|
|win|lordsunny4389
|raw|lordsunny4389's rating: 1116 &rarr; <strong>1148</strong><br />(+32 for winning)
|raw|JILIULONG's rating: 1210 &rarr; <strong>1178</strong><br />(-32 for losing)
|l|☆JILIULONG
|player|p2|
|c|☆lordsunny4389|Lol
|l|☆lordsunny4389
|player|p1|
