|j|☆Pseeeeeebsuuu
|j|☆DemonOfEzo
|t:|1760826523
|gametype|singles
|player|p1|Pseeeeeebsuuu|unknown|1307
|player|p2|DemonOfEzo|shadowtriad|1330
|gen|9
|tier|[Gen 9] OU
|rated|
|rule|HP Percentage Mod: HP is shown in percentages
|rule|Endless Battle Clause: Forcing endless battles is banned
|rule|Species Clause: Limit one of each Pokémon
|rule|OHKO Clause: OHKO moves are banned
|rule|Evasion Items Clause: Evasion items are banned
|rule|Evasion Moves Clause: Evasion moves are banned
|rule|Evasion Abilities Clause: Evasion abilities are banned
|rule|Sleep Moves Clause: Sleep-inducing moves are banned
|clearpoke
|poke|p1|Greninja-*, M|
|poke|p1|Bronzong|
|poke|p1|Serperior, M|
|poke|p1|Tsareena, F|
|poke|p1|Deoxys-Defense|
|poke|p1|Torkoal, F|
|poke|p2|Dragapult, F|
|poke|p2|Dragonite, F|
|poke|p2|Ting-Lu|
|poke|p2|Weezing-Galar, F|
|poke|p2|Iron Crown|
|poke|p2|Zapdos|
|teampreview
|
|t:|1760826541
|teamsize|p1|6
|teamsize|p2|6
|start
|switch|p1a: Greninja|Greninja, M, shiny|100/100
|switch|p2a: Iron Crown|Iron Crown|100/100
|turn|1
|
|t:|1760826560
|move|p1a: Greninja|Dark Pulse|p2a: Iron Crown
|-start|p1a: Greninja|typechange|Dark|[from] ability: Protean
|-supereffective|p2a: Iron Crown
|-damage|p2a: Iron Crown|0 fnt
|faint|p2a: Iron Crown
|-end|p2a: Iron Crown|Quark Drive|[silent]
|
|upkeep
|
|t:|1760826568
|switch|p2a: Ting-Lu|Ting-Lu|100/100
|-ability|p2a: Ting-Lu|Vessel of Ruin
|turn|2
|
|t:|1760826595
|switch|p1a: Tsareena|Tsareena, F|100/100
|move|p2a: Ting-Lu|Stealth Rock|p1a: Tsareena
|-sidestart|p1: Pseeeeeebsuuu|move: Stealth Rock
|
|upkeep
|turn|3
|
|t:|1760826605
|switch|p2a: Weezing|Weezing-Galar, F|100/100
|-ability|p2a: Weezing|Neutralizing Gas
|move|p1a: Tsareena|Rapid Spin|p2a: Weezing
|-damage|p2a: Weezing|91/100
|-boost|p1a: Tsareena|spe|1
|-sideend|p1: Pseeeeeebsuuu|Stealth Rock|[from] move: Rapid Spin|[of] p1a: Tsareena
|
|upkeep
|turn|4
|
|t:|1760826644
|switch|p1a: Greninja|Greninja, M, shiny|100/100
|move|p2a: Weezing|Will-O-Wisp|p1a: Greninja
|-status|p1a: Greninja|brn
|
|-damage|p1a: Greninja|95/100 brn|[from] brn
|upkeep
|turn|5
|
|t:|1760826653
|-end|p2a: Weezing|ability: Neutralizing Gas
|switch|p2a: Ting-Lu|Ting-Lu|100/100
|-ability|p2a: Ting-Lu|Vessel of Ruin
|move|p1a: Greninja|Sludge Wave|p2a: Ting-Lu
|-start|p1a: Greninja|typechange|Poison|[from] ability: Protean
|-resisted|p2a: Ting-Lu
|-damage|p2a: Ting-Lu|88/100
|
|-heal|p2a: Ting-Lu|94/100|[from] item: Leftovers
|-damage|p1a: Greninja|89/100 brn|[from] brn
|upkeep
|turn|6
|
|t:|1760826680
|switch|p1a: Tsareena|Tsareena, F|100/100
|move|p2a: Ting-Lu|Stealth Rock|p1a: Tsareena
|-sidestart|p1: Pseeeeeebsuuu|move: Stealth Rock
|
|-heal|p2a: Ting-Lu|100/100|[from] item: Leftovers
|upkeep
|turn|7
|
|t:|1760826697
|switch|p2a: Weezing|Weezing-Galar, F|91/100
|-ability|p2a: Weezing|Neutralizing Gas
|move|p1a: Tsareena|Triple Axel|p2a: Weezing
|-damage|p2a: Weezing|86/100
|-damage|p2a: Weezing|79/100
|-hitcount|p2a: Weezing|2
|
|upkeep
|turn|8
|
|t:|1760826712
|switch|p1a: Greninja|Greninja, M, shiny|89/100 brn
|-damage|p1a: Greninja|76/100 brn|[from] Stealth Rock
|move|p2a: Weezing|Toxic Spikes|p1a: Greninja
|-sidestart|p1: Pseeeeeebsuuu|move: Toxic Spikes
|
|-damage|p1a: Greninja|70/100 brn|[from] brn
|upkeep
|turn|9
|
|t:|1760826723
|-end|p2a: Weezing|ability: Neutralizing Gas
|switch|p2a: Ting-Lu|Ting-Lu|100/100
|-ability|p2a: Ting-Lu|Vessel of Ruin
|move|p1a: Greninja|Hydro Pump|p2a: Ting-Lu
|-start|p1a: Greninja|typechange|Water|[from] ability: Protean
|-supereffective|p2a: Ting-Lu
|-damage|p2a: Ting-Lu|42/100
|
|-heal|p2a: Ting-Lu|48/100|[from] item: Leftovers
|-damage|p1a: Greninja|64/100 brn|[from] brn
|upkeep
|turn|10
|inactive|Battle timer is ON: inactive players will automatically lose when time's up. (requested by Pseeeeeebsuuu)
|
|t:|1760826747
|switch|p2a: Dragapult|Dragapult, F|100/100
|move|p1a: Greninja|Hydro Pump|p2a: Dragapult
|-resisted|p2a: Dragapult
|-damage|p2a: Dragapult|44/100
|
|-damage|p1a: Greninja|59/100 brn|[from] brn
|upkeep
|turn|11
|
|t:|1760826755
|move|p2a: Dragapult|Dragon Darts|p1a: Greninja
|-damage|p1a: Greninja|26/100 brn
|-anim|p2a: Dragapult|Dragon Darts|p1a: Greninja
|-damage|p1a: Greninja|0 fnt
|faint|p1a: Greninja
|
|upkeep
|
|t:|1760826758
|switch|p1a: Tsareena|Tsareena, F|100/100
|-damage|p1a: Tsareena|88/100|[from] Stealth Rock
|-status|p1a: Tsareena|psn
|turn|12
|
|t:|1760826766
|switch|p1a: Bronzong|Bronzong|100/100
|-damage|p1a: Bronzong|94/100|[from] Stealth Rock
|move|p2a: Dragapult|Hex|p1a: Bronzong
|-supereffective|p1a: Bronzong
|-damage|p1a: Bronzong|50/100
|
|upkeep
|turn|13
|
|t:|1760826774
|move|p2a: Dragapult|Will-O-Wisp|p1a: Bronzong
|-status|p1a: Bronzong|brn
|move|p1a: Bronzong|Stealth Rock|p2a: Dragapult
|-sidestart|p2: DemonOfEzo|move: Stealth Rock
|
|-damage|p1a: Bronzong|43/100 brn|[from] brn
|upkeep
|turn|14
|
|t:|1760826779
|move|p2a: Dragapult|Hex|p1a: Bronzong
|-supereffective|p1a: Bronzong
|-damage|p1a: Bronzong|0 fnt
|faint|p1a: Bronzong
|
|upkeep
|
|t:|1760826788
|switch|p1a: Deoxys|Deoxys-Defense, shiny|100/100
|-damage|p1a: Deoxys|88/100|[from] Stealth Rock
|-status|p1a: Deoxys|psn
|-ability|p1a: Deoxys|Pressure
|turn|15
|
|t:|1760826794
|move|p2a: Dragapult|Hex|p1a: Deoxys
|-supereffective|p1a: Deoxys
|-damage|p1a: Deoxys|5/100 psn
|move|p1a: Deoxys|Trick Room|p1a: Deoxys
|-fieldstart|move: Trick Room|[of] p1a: Deoxys
|
|-damage|p1a: Deoxys|0 fnt|[from] psn
|faint|p1a: Deoxys
|upkeep
|
|t:|1760826797
|switch|p1a: Torkoal|Torkoal, F|100/100
|-damage|p1a: Torkoal|76/100|[from] Stealth Rock
|-status|p1a: Torkoal|psn
|-weather|SunnyDay|[from] ability: Drought|[of] p1a: Torkoal
|turn|16
|
|t:|1760826802
|move|p1a: Torkoal|Eruption|p2a: Dragapult
|-resisted|p2a: Dragapult
|-damage|p2a: Dragapult|0 fnt
|faint|p2a: Dragapult
|-damage|p1a: Torkoal|66/100 psn|[from] item: Life Orb
|
|-weather|SunnyDay|[upkeep]
|-damage|p1a: Torkoal|53/100 psn|[from] psn
|upkeep
|
|t:|1760826809
|switch|p2a: Ting-Lu|Ting-Lu|48/100
|-damage|p2a: Ting-Lu|42/100|[from] Stealth Rock
|-ability|p2a: Ting-Lu|Vessel of Ruin
|turn|17
|
|t:|1760826821
|move|p1a: Torkoal|Solar Beam||[still]
|-prepare|p1a: Torkoal|Solar Beam
|-anim|p1a: Torkoal|Solar Beam|p2a: Ting-Lu
|-supereffective|p2a: Ting-Lu
|-damage|p2a: Ting-Lu|5/100
|-damage|p1a: Torkoal|43/100 psn|[from] item: Life Orb
|move|p2a: Ting-Lu|Stealth Rock||[still]
|-fail|p2a: Ting-Lu
|
|-weather|SunnyDay|[upkeep]
|-heal|p2a: Ting-Lu|11/100|[from] item: Leftovers
|-damage|p1a: Torkoal|31/100 psn|[from] psn
|upkeep
|turn|18
|
|t:|1760826826
|move|p1a: Torkoal|Flare Blitz|p2a: Ting-Lu
|-damage|p2a: Ting-Lu|0 fnt
|faint|p2a: Ting-Lu
|-damage|p1a: Torkoal|25/100 psn|[from] Recoil
|-damage|p1a: Torkoal|15/100 psn|[from] item: Life Orb
|
|-weather|SunnyDay|[upkeep]
|-damage|p1a: Torkoal|3/100 psn|[from] psn
|upkeep
|
|t:|1760826837
|switch|p2a: Zapdos|Zapdos|100/100
|turn|19
|
|t:|1760826841
|move|p1a: Torkoal|Flare Blitz|p2a: Zapdos
|-damage|p2a: Zapdos|23/100
|-damage|p1a: Torkoal|0 fnt|[from] Recoil
|faint|p1a: Torkoal
|move|p2a: Zapdos|Volt Switch|p1: Torkoal|[notarget]
|-fail|p2a: Zapdos
|
|-weather|SunnyDay|[upkeep]
|-fieldend|move: Trick Room
|upkeep
|
|t:|1760826846
|switch|p1a: Tsareena|Tsareena, F|88/100 psn
|-damage|p1a: Tsareena|76/100 psn|[from] Stealth Rock
|turn|20
|
|t:|1760826850
|move|p2a: Zapdos|Hurricane|p1a: Tsareena|[miss]
|-miss|p2a: Zapdos|p1a: Tsareena
|move|p1a: Tsareena|Rapid Spin|p2a: Zapdos
|-damage|p2a: Zapdos|6/100
|-boost|p1a: Tsareena|spe|1
|-sideend|p1: Pseeeeeebsuuu|Toxic Spikes|[from] move: Rapid Spin|[of] p1a: Tsareena
|-sideend|p1: Pseeeeeebsuuu|Stealth Rock|[from] move: Rapid Spin|[of] p1a: Tsareena
|
|-weather|none
|-damage|p1a: Tsareena|63/100 psn|[from] psn
|upkeep
|turn|21
|
|t:|1760826867
|move|p1a: Tsareena|Rapid Spin|p2a: Zapdos
|-damage|p2a: Zapdos|0 fnt
|-boost|p1a: Tsareena|spe|1
|faint|p2a: Zapdos
|
|-damage|p1a: Tsareena|51/100 psn|[from] psn
|upkeep
|
|t:|1760826875
|switch|p2a: Weezing|Weezing-Galar, F|79/100
|-ability|p2a: Weezing|Neutralizing Gas
|turn|22
|
|t:|1760826881
|move|p1a: Tsareena|Triple Axel|p2a: Weezing
|-damage|p2a: Weezing|75/100
|-damage|p2a: Weezing|68/100
|-damage|p2a: Weezing|56/100
|-hitcount|p2a: Weezing|3
|move|p2a: Weezing|Defog|p1a: Tsareena
|-unboost|p1a: Tsareena|evasion|1
|-sideend|p2: DemonOfEzo|Stealth Rock|[from] move: Defog|[of] p2a: Weezing
|
|-damage|p1a: Tsareena|38/100 psn|[from] psn
|upkeep
|turn|23
|
|t:|1760826894
|move|p1a: Tsareena|Triple Axel|p2a: Weezing
|-damage|p2a: Weezing|52/100
|-damage|p2a: Weezing|44/100
|-damage|p2a: Weezing|32/100
|-hitcount|p2a: Weezing|3
|move|p2a: Weezing|Toxic Spikes|p1a: Tsareena
|-sidestart|p1: Pseeeeeebsuuu|move: Toxic Spikes
|
|-damage|p1a: Tsareena|26/100 psn|[from] psn
|upkeep
|turn|24
|
|t:|1760826902
|move|p1a: Tsareena|Rapid Spin|p2a: Weezing
|-damage|p2a: Weezing|22/100
|-boost|p1a: Tsareena|spe|1
|-sideend|p1: Pseeeeeebsuuu|Toxic Spikes|[from] move: Rapid Spin|[of] p1a: Tsareena
|move|p2a: Weezing|Toxic Spikes|p1a: Tsareena
|-sidestart|p1: Pseeeeeebsuuu|move: Toxic Spikes
|
|-damage|p1a: Tsareena|14/100 psn|[from] psn
|upkeep
|turn|25
|
|t:|1760826910
|move|p1a: Tsareena|Triple Axel|p2a: Weezing
|-damage|p2a: Weezing|19/100
|-crit|p2a: Weezing
|-damage|p2a: Weezing|7/100
|-damage|p2a: Weezing|0 fnt
|faint|p2a: Weezing
|-end|p2a: Weezing|ability: Neutralizing Gas
|-hitcount|p2: Weezing|3
|
|-damage|p1a: Tsareena|1/100 psn|[from] psn
|upkeep
|
|t:|1760826916
|switch|p2a: Dragonite|Dragonite, F|100/100
|turn|26
|
|t:|1760826921
|move|p2a: Dragonite|Extreme Speed||[still]
|cant|p1a: Tsareena|ability: Queenly Majesty|Extreme Speed|[of] p2a: Dragonite
|move|p1a: Tsareena|Triple Axel|p2a: Dragonite
|-supereffective|p2a: Dragonite
|-damage|p2a: Dragonite|89/100
|-supereffective|p2a: Dragonite
|-damage|p2a: Dragonite|40/100
|-supereffective|p2a: Dragonite
|-damage|p2a: Dragonite|0 fnt
|faint|p2a: Dragonite
|-hitcount|p2: Dragonite|3
|
|win|Pseeeeeebsuuu
|raw|Pseeeeeebsuuu's rating: 1293 &rarr; <strong>1321</strong><br />(+28 for winning)
|raw|DemonOfEzo's rating: 1330 &rarr; <strong>1308</strong><br />(-22 for losing)
|c|☆Pseeeeeebsuuu|gg
|l|☆Pseeeeeebsuuu
|player|p1|
|l|☆DemonOfEzo
|player|p2|
