|j|☆thehumangod
|j|☆JeanGay
|t:|1760732056
|gametype|singles
|player|p1|thehumangod|265|1076
|player|p2|JeanGay|ingo|1118
|gen|9
|tier|[Gen 9] OU
|rated|
|rule|HP Percentage Mod: HP is shown in percentages
|rule|Endless Battle Clause: Forcing endless battles is banned
|rule|Species Clause: Limit one of each Pokémon
|rule|OHKO Clause: OHKO moves are banned
|rule|Evasion Items Clause: Evasion items are banned
|rule|Evasion Moves Clause: Evasion moves are banned
|rule|Evasion Abilities Clause: Evasion abilities are banned
|rule|Sleep Moves Clause: Sleep-inducing moves are banned
|clearpoke
|poke|p1|Ditto|
|poke|p1|Ting-Lu|
|poke|p1|Corviknight, F|
|poke|p1|Iron Valiant|
|poke|p1|Great Tusk|
|poke|p1|Heatran, M|
|poke|p2|Ninetales, M|
|poke|p2|Lilligant-Hisui, F|
|poke|p2|Walking Wake|
|poke|p2|Galvantula, M|
|poke|p2|Slither Wing|
|poke|p2|Great Tusk|
|teampreview
|inactive|Battle timer is ON: inactive players will automatically lose when time's up. (requested by JeanGay)
|
|t:|1760732063
|teamsize|p1|6
|teamsize|p2|6
|start
|switch|p1a: Ting-Lu|Ting-Lu|100/100
|switch|p2a: Walking Wake|Walking Wake|100/100
|-ability|p1a: Ting-Lu|Vessel of Ruin
|turn|1
|inactive|thehumangod has 120 seconds left.
|
|t:|1760732114
|-terastallize|p1a: Ting-Lu|Poison
|move|p2a: Walking Wake|Hydro Steam|p1a: Ting-Lu
|-damage|p1a: Ting-Lu|75/100
|move|p1a: Ting-Lu|Spikes|p2a: Walking Wake
|-sidestart|p2: JeanGay|Spikes
|
|-heal|p1a: Ting-Lu|81/100|[from] item: Leftovers
|upkeep
|turn|2
|
|t:|1760732125
|-end|p2a: Walking Wake|Protosynthesis|[silent]
|switch|p2a: Great Tusk|Great Tusk|100/100
|-damage|p2a: Great Tusk|88/100|[from] Spikes
|move|p1a: Ting-Lu|Spikes|p2a: Great Tusk
|-sidestart|p2: JeanGay|Spikes
|
|-heal|p1a: Ting-Lu|88/100|[from] item: Leftovers
|upkeep
|turn|3
|
|t:|1760732136
|move|p2a: Great Tusk|Rapid Spin|p1a: Ting-Lu
|-damage|p1a: Ting-Lu|80/100
|-boost|p2a: Great Tusk|spe|1
|-sideend|p2: JeanGay|Spikes|[from] move: Rapid Spin|[of] p2a: Great Tusk
|move|p1a: Ting-Lu|Whirlwind|p2a: Great Tusk
|-end|p2a: Great Tusk|Protosynthesis|[silent]
|drag|p2a: Walking Wake|Walking Wake|100/100
|
|-heal|p1a: Ting-Lu|86/100|[from] item: Leftovers
|upkeep
|turn|4
|
|t:|1760732145
|move|p2a: Walking Wake|Draco Meteor|p1a: Ting-Lu
|-damage|p1a: Ting-Lu|41/100
|-unboost|p2a: Walking Wake|spa|2
|move|p1a: Ting-Lu|Ruination|p2a: Walking Wake
|-damage|p2a: Walking Wake|50/100
|
|-heal|p1a: Ting-Lu|47/100|[from] item: Leftovers
|upkeep
|turn|5
|
|t:|1760732168
|switch|p1a: Heatran|Heatran, M|100/100
|move|p2a: Walking Wake|Draco Meteor|p1a: Heatran
|-resisted|p1a: Heatran
|-damage|p1a: Heatran|87/100
|-unboost|p2a: Walking Wake|spa|2
|
|-heal|p1a: Heatran|93/100|[from] item: Leftovers
|upkeep
|turn|6
|
|t:|1760732178
|-end|p2a: Walking Wake|Protosynthesis|[silent]
|switch|p2a: Great Tusk|Great Tusk|88/100
|move|p1a: Heatran|Stealth Rock|p2a: Great Tusk
|-sidestart|p2: JeanGay|move: Stealth Rock
|
|-heal|p1a: Heatran|99/100|[from] item: Leftovers
|upkeep
|turn|7
|
|t:|1760732187
|move|p1a: Heatran|Protect|p1a: Heatran
|-singleturn|p1a: Heatran|Protect
|move|p2a: Great Tusk|Headlong Rush|p1a: Heatran
|-activate|p1a: Heatran|move: Protect
|
|-heal|p1a: Heatran|100/100|[from] item: Leftovers
|upkeep
|turn|8
|
|t:|1760732196
|switch|p1a: Corviknight|Corviknight, F|100/100
|move|p2a: Great Tusk|Rapid Spin|p1a: Corviknight
|-resisted|p1a: Corviknight
|-damage|p1a: Corviknight|96/100
|-boost|p2a: Great Tusk|spe|1
|-damage|p2a: Great Tusk|71/100|[from] item: Rocky Helmet|[of] p1a: Corviknight
|-sideend|p2: JeanGay|Stealth Rock|[from] move: Rapid Spin|[of] p2a: Great Tusk
|
|upkeep
|turn|9
|
|t:|1760732207
|-end|p2a: Great Tusk|Protosynthesis|[silent]
|switch|p2a: Galvantula|Galvantula, M|100/100
|move|p1a: Corviknight|Body Press|p2a: Galvantula
|-resisted|p2a: Galvantula
|-damage|p2a: Galvantula|78/100
|
|upkeep
|turn|10
|
|t:|1760732214
|move|p2a: Galvantula|Thunder|p1a: Corviknight
|-supereffective|p1a: Corviknight
|-damage|p1a: Corviknight|8/100
|move|p1a: Corviknight|U-turn|p2a: Galvantula
|-damage|p2a: Galvantula|50/100
|
|t:|1760732228
|switch|p1a: Ting-Lu|Ting-Lu, tera:Poison|47/100|[from] U-turn
|-ability|p1a: Ting-Lu|Vessel of Ruin
|
|-heal|p1a: Ting-Lu|53/100|[from] item: Leftovers
|upkeep
|turn|11
|
|t:|1760732245
|move|p2a: Galvantula|Thunder|p1a: Ting-Lu
|-damage|p1a: Ting-Lu|31/100
|move|p1a: Ting-Lu|Spikes|p2a: Galvantula
|-sidestart|p2: JeanGay|Spikes
|
|-heal|p1a: Ting-Lu|37/100|[from] item: Leftovers
|upkeep
|turn|12
|
|t:|1760732254
|move|p2a: Galvantula|Thunder Wave|p1a: Ting-Lu
|-status|p1a: Ting-Lu|par
|move|p1a: Ting-Lu|Whirlwind|p2a: Galvantula
|drag|p2a: Walking Wake|Walking Wake|50/100
|-damage|p2a: Walking Wake|38/100|[from] Spikes
|
|-heal|p1a: Ting-Lu|44/100 par|[from] item: Leftovers
|upkeep
|turn|13
|
|t:|1760732268
|switch|p1a: Heatran|Heatran, M|100/100
|move|p2a: Walking Wake|Hydro Steam|p1a: Heatran
|-supereffective|p1a: Heatran
|-damage|p1a: Heatran|24/100
|
|-heal|p1a: Heatran|30/100|[from] item: Leftovers
|upkeep
|turn|14
|-message|thehumangod forfeited.
|
|win|JeanGay
|raw|thehumangod's rating: 1076 &rarr; <strong>1057</strong><br />(-19 for losing)
|raw|JeanGay's rating: 1118 &rarr; <strong>1140</strong><br />(+22 for winning)
|l|☆thehumangod
|player|p1|
