|j|☆corpseoflilith
|j|☆MoveWithPower
|t:|1760771222
|gametype|singles
|player|p1|corpseoflilith|2|1175
|player|p2|MoveWithPower|blackbelt-gen2|1126
|gen|9
|tier|[Gen 9] OU
|rated|
|rule|HP Percentage Mod: HP is shown in percentages
|rule|Endless Battle Clause: Forcing endless battles is banned
|rule|Species Clause: Limit one of each Pokémon
|rule|OHKO Clause: OHKO moves are banned
|rule|Evasion Items Clause: Evasion items are banned
|rule|Evasion Moves Clause: Evasion moves are banned
|rule|Evasion Abilities Clause: Evasion abilities are banned
|rule|Sleep Moves Clause: Sleep-inducing moves are banned
|clearpoke
|poke|p1|Iron Moth|
|poke|p1|Landorus-Therian, M|
|poke|p1|Scizor, M|
|poke|p1|Dondozo, M|
|poke|p1|Hatterene, F|
|poke|p1|Mandibuzz, F|
|poke|p2|Raikou|
|poke|p2|Jirachi|
|poke|p2|Darkrai|
|poke|p2|Landorus-Therian, M|
|poke|p2|Kyurem|
|poke|p2|Zamazenta-*|
|teampreview
|inactive|Battle timer is ON: inactive players will automatically lose when time's up. (requested by MoveWithPower)
|
|t:|1760771245
|teamsize|p1|6
|teamsize|p2|6
|start
|switch|p1a: Stigmata|Iron Moth|100/100
|switch|p2a: Raikou|Raikou, shiny|100/100
|turn|1
|
|t:|1760771271
|move|p2a: Raikou|Volt Switch|p1a: Stigmata
|-damage|p1a: Stigmata|64/100
|
|t:|1760771278
|switch|p2a: Landorus|Landorus-Therian, M, shiny|100/100|[from] Volt Switch
|-ability|p2a: Landorus|Intimidate|boost
|-unboost|p1a: Stigmata|atk|1
|move|p1a: Stigmata|Sludge Wave|p2a: Landorus
|-resisted|p2a: Landorus
|-damage|p2a: Landorus|54/100
|
|upkeep
|turn|2
|
|t:|1760771294
|-end|p1a: Stigmata|Quark Drive|[silent]
|switch|p1a: Matsya|Dondozo, M|100/100
|move|p2a: Landorus|Earthquake|p1a: Matsya
|-damage|p1a: Matsya|81/100
|
|-heal|p1a: Matsya|87/100|[from] item: Leftovers
|upkeep
|turn|3
|
|t:|1760771307
|switch|p1a: Apsara|Hatterene, F|100/100
|move|p2a: Landorus|Stealth Rock|p1a: Apsara
|move|p1a: Apsara|Stealth Rock|p2a: Landorus|[from] ability: Magic Bounce
|-sidestart|p2: MoveWithPower|move: Stealth Rock
|
|upkeep
|turn|4
|
|t:|1760771317
|move|p2a: Landorus|U-turn|p1a: Apsara
|-crit|p1a: Apsara
|-damage|p1a: Apsara|66/100
|
|t:|1760771337
|switch|p2a: Jirachi|Jirachi|100/100|[from] U-turn
|-damage|p2a: Jirachi|94/100|[from] Stealth Rock
|move|p1a: Apsara|Draining Kiss|p2a: Jirachi
|-resisted|p2a: Jirachi
|-damage|p2a: Jirachi|81/100
|-heal|p1a: Apsara|78/100|[from] drain|[of] p2a: Jirachi
|
|-heal|p2a: Jirachi|87/100|[from] item: Leftovers
|upkeep
|turn|5
|
|t:|1760771344
|switch|p1a: Sahara|Landorus-Therian, M|100/100
|-ability|p1a: Sahara|Intimidate|boost
|-unboost|p2a: Jirachi|atk|1
|move|p2a: Jirachi|Iron Head|p1a: Sahara
|-damage|p1a: Sahara|79/100
|
|-heal|p2a: Jirachi|94/100|[from] item: Leftovers
|upkeep
|turn|6
|
|t:|1760771354
|move|p1a: Sahara|Earthquake|p2a: Jirachi
|-supereffective|p2a: Jirachi
|-damage|p2a: Jirachi|0 fnt
|faint|p2a: Jirachi
|
|upkeep
|
|t:|1760771361
|switch|p2a: Darkrai|Darkrai|100/100
|-damage|p2a: Darkrai|88/100|[from] Stealth Rock
|turn|7
|
|t:|1760771364
|move|p2a: Darkrai|Ice Beam|p1a: Sahara
|-supereffective|p1a: Sahara
|-damage|p1a: Sahara|0 fnt
|faint|p1a: Sahara
|
|upkeep
|
|t:|1760771368
|switch|p1a: Apsara|Hatterene, F|78/100
|turn|8
|
|t:|1760771380
|switch|p2a: Raikou|Raikou, shiny|100/100
|-damage|p2a: Raikou|88/100|[from] Stealth Rock
|move|p1a: Apsara|Draining Kiss|p2a: Raikou
|-damage|p2a: Raikou|65/100
|-heal|p1a: Apsara|95/100|[from] drain|[of] p2a: Raikou
|
|upkeep
|turn|9
|
|t:|1760771388
|move|p2a: Raikou|Shadow Ball|p1a: Apsara
|-supereffective|p1a: Apsara
|-damage|p1a: Apsara|36/100
|move|p1a: Apsara|Draining Kiss|p2a: Raikou
|-damage|p2a: Raikou|44/100
|-heal|p1a: Apsara|52/100|[from] drain|[of] p2a: Raikou
|
|upkeep
|turn|10
|
|t:|1760771395
|move|p2a: Raikou|Shadow Ball|p1a: Apsara
|-supereffective|p1a: Apsara
|-damage|p1a: Apsara|0 fnt
|faint|p1a: Apsara
|
|upkeep
|
|t:|1760771404
|switch|p1a: Stigmata|Iron Moth|64/100
|turn|11
|
|t:|1760771426
|switch|p2a: Kyurem|Kyurem, shiny|100/100
|-ability|p2a: Kyurem|Pressure
|move|p1a: Stigmata|Flamethrower|p2a: Kyurem
|-damage|p2a: Kyurem|28/100
|
|upkeep
|turn|12
|
|t:|1760771437
|move|p1a: Stigmata|Flamethrower|p2a: Kyurem
|-damage|p2a: Kyurem|0 fnt
|faint|p2a: Kyurem
|
|upkeep
|
|t:|1760771441
|switch|p2a: Zamazenta|Zamazenta|100/100
|-damage|p2a: Zamazenta|94/100|[from] Stealth Rock
|-ability|p2a: Zamazenta|Dauntless Shield|boost
|-boost|p2a: Zamazenta|def|1
|turn|13
|
|t:|1760771448
|-terastallize|p2a: Zamazenta|Fire
|move|p1a: Stigmata|Flamethrower|p2a: Zamazenta
|-resisted|p2a: Zamazenta
|-damage|p2a: Zamazenta|64/100
|move|p2a: Zamazenta|Roar|p1a: Stigmata
|-end|p1a: Stigmata|Quark Drive|[silent]
|drag|p1a: Matsya|Dondozo, M|87/100
|
|-heal|p2a: Zamazenta|70/100|[from] item: Leftovers
|-heal|p1a: Matsya|94/100|[from] item: Leftovers
|upkeep
|turn|14
|
|t:|1760771458
|switch|p2a: Landorus|Landorus-Therian, M, shiny|54/100
|-damage|p2a: Landorus|42/100|[from] Stealth Rock
|-ability|p2a: Landorus|Intimidate|boost
|-unboost|p1a: Matsya|atk|1
|switch|p1a: Mandibuzz|Mandibuzz, F|100/100
|
|upkeep
|turn|15
|
|t:|1760771463
|move|p2a: Landorus|Stealth Rock|p1a: Mandibuzz
|-sidestart|p1: corpseoflilith|move: Stealth Rock
|move|p1a: Mandibuzz|Toxic|p2a: Landorus
|-status|p2a: Landorus|tox
|
|-damage|p2a: Landorus|36/100 tox|[from] psn
|upkeep
|turn|16
|
|t:|1760771468
|move|p2a: Landorus|U-turn|p1a: Mandibuzz
|-damage|p1a: Mandibuzz|88/100
|
|t:|1760771477
|switch|p2a: Darkrai|Darkrai|88/100|[from] U-turn
|-damage|p2a: Darkrai|76/100|[from] Stealth Rock
|move|p1a: Mandibuzz|Defog|p2a: Darkrai
|-unboost|p2a: Darkrai|evasion|1
|-sideend|p2: MoveWithPower|Stealth Rock|[from] move: Defog|[of] p1a: Mandibuzz
|-sideend|p1: corpseoflilith|Stealth Rock|[from] move: Defog|[of] p1a: Mandibuzz
|
|upkeep
|turn|17
|
|t:|1760771485
|move|p2a: Darkrai|Ice Beam|p1a: Mandibuzz
|-supereffective|p1a: Mandibuzz
|-damage|p1a: Mandibuzz|41/100
|move|p1a: Mandibuzz|Toxic|p2a: Darkrai
|-status|p2a: Darkrai|tox
|
|-damage|p2a: Darkrai|70/100 tox|[from] psn
|upkeep
|turn|18
|
|t:|1760771490
|switch|p1a: Matsya|Dondozo, M|94/100
|move|p2a: Darkrai|Ice Beam|p1a: Matsya
|-resisted|p1a: Matsya
|-damage|p1a: Matsya|78/100
|
|-heal|p1a: Matsya|85/100|[from] item: Leftovers
|-damage|p2a: Darkrai|57/100 tox|[from] psn
|upkeep
|turn|19
|
|t:|1760771494
|switch|p2a: Landorus|Landorus-Therian, M, shiny|36/100 tox
|-ability|p2a: Landorus|Intimidate|boost
|-unboost|p1a: Matsya|atk|1
|move|p1a: Matsya|Body Press|p2a: Landorus
|-resisted|p2a: Landorus
|-damage|p2a: Landorus|22/100 tox
|-damage|p1a: Matsya|68/100|[from] item: Rocky Helmet|[of] p2a: Landorus
|
|-heal|p1a: Matsya|74/100|[from] item: Leftovers
|-damage|p2a: Landorus|16/100 tox|[from] psn
|upkeep
|turn|20
|
|t:|1760771503
|move|p2a: Landorus|Taunt|p1a: Matsya
|-start|p1a: Matsya|move: Taunt
|move|p1a: Matsya|Wave Crash|p2a: Landorus
|-supereffective|p2a: Landorus
|-damage|p2a: Landorus|0 fnt
|-damage|p1a: Matsya|57/100|[from] item: Rocky Helmet|[of] p2a: Landorus
|faint|p2a: Landorus
|-damage|p1a: Matsya|54/100|[from] Recoil
|
|-heal|p1a: Matsya|60/100|[from] item: Leftovers
|upkeep
|
|t:|1760771506
|switch|p2a: Raikou|Raikou, shiny|44/100
|turn|21
|
|t:|1760771509
|move|p2a: Raikou|Thunderbolt|p1a: Matsya
|-supereffective|p1a: Matsya
|-damage|p1a: Matsya|0 fnt
|faint|p1a: Matsya
|
|upkeep
|
|t:|1760771514
|switch|p1a: Stigmata|Iron Moth|64/100
|turn|22
|
|t:|1760771528
|move|p2a: Raikou|Volt Switch|p1a: Stigmata
|-damage|p1a: Stigmata|27/100
|
|t:|1760771534
|switch|p2a: Zamazenta|Zamazenta, tera:Fire|70/100|[from] Volt Switch
|move|p1a: Stigmata|Sludge Wave|p2a: Zamazenta
|-damage|p2a: Zamazenta|1/100
|-status|p2a: Zamazenta|psn
|
|-heal|p2a: Zamazenta|7/100 psn|[from] item: Leftovers
|-damage|p2a: Zamazenta|0 fnt|[from] psn
|faint|p2a: Zamazenta
|upkeep
|
|t:|1760771537
|switch|p2a: Raikou|Raikou, shiny|44/100
|turn|23
|
|t:|1760771545
|move|p2a: Raikou|Thunderbolt|p1a: Stigmata
|-damage|p1a: Stigmata|0 fnt
|faint|p1a: Stigmata
|-end|p1a: Stigmata|Quark Drive|[silent]
|
|upkeep
|
|t:|1760771549
|switch|p1a: Raktah|Scizor, M|100/100
|turn|24
|
|t:|1760771561
|-terastallize|p1a: Raktah|Steel
|move|p1a: Raktah|Bullet Punch|p2a: Raikou
|-resisted|p2a: Raikou
|-damage|p2a: Raikou|0 fnt
|faint|p2a: Raikou
|
|upkeep
|
|t:|1760771565
|switch|p2a: Darkrai|Darkrai|57/100 tox
|turn|25
|
|t:|1760771578
|switch|p1a: Mandibuzz|Mandibuzz, F|41/100
|move|p2a: Darkrai|Dark Pulse|p1a: Mandibuzz
|-resisted|p1a: Mandibuzz
|-damage|p1a: Mandibuzz|24/100
|
|-damage|p2a: Darkrai|51/100 tox|[from] psn
|upkeep
|turn|26
|
|t:|1760771586
|move|p2a: Darkrai|Dark Pulse|p1a: Mandibuzz
|-resisted|p1a: Mandibuzz
|-damage|p1a: Mandibuzz|6/100
|move|p1a: Mandibuzz|Roost|p1a: Mandibuzz
|-heal|p1a: Mandibuzz|56/100
|-singleturn|p1a: Mandibuzz|move: Roost
|
|-damage|p2a: Darkrai|39/100 tox|[from] psn
|upkeep
|turn|27
|
|t:|1760771589
|move|p2a: Darkrai|Dark Pulse|p1a: Mandibuzz
|-resisted|p1a: Mandibuzz
|-crit|p1a: Mandibuzz
|-damage|p1a: Mandibuzz|30/100
|cant|p1a: Mandibuzz|flinch
|
|-damage|p2a: Darkrai|21/100 tox|[from] psn
|upkeep
|turn|28
|
|t:|1760771591
|move|p2a: Darkrai|Dark Pulse|p1a: Mandibuzz
|-resisted|p1a: Mandibuzz
|-damage|p1a: Mandibuzz|13/100
|move|p1a: Mandibuzz|Roost|p1a: Mandibuzz
|-heal|p1a: Mandibuzz|63/100
|-singleturn|p1a: Mandibuzz|move: Roost
|
|-damage|p2a: Darkrai|0 fnt|[from] psn
|faint|p2a: Darkrai
|
|win|corpseoflilith
|raw|corpseoflilith's rating: 1175 &rarr; <strong>1196</strong><br />(+21 for winning)
|raw|MoveWithPower's rating: 1126 &rarr; <strong>1105</strong><br />(-21 for losing)
|l|☆MoveWithPower
|player|p2|
|l|☆corpseoflilith
|player|p1|
