|badge|p1|bronze|gen9ubers|100-7
|uhtml|medal-msg|<div class="broadcast-blue">Curious what those medals under the avatar are? PS now has Ladder Seasons! For more information, check out the <a href="https://www.smogon.com/forums/threads/3740067/">thread on Smogon.</a></div>
|j|☆Nikator98
|j|☆lab addict
|t:|1760865689
|gametype|singles
|player|p1|Nikator98|giovanni|1677
|player|p2|lab addict|colress|1641
|gen|9
|tier|[Gen 9] OU
|rated|
|rule|HP Percentage Mod: HP is shown in percentages
|rule|Endless Battle Clause: Forcing endless battles is banned
|rule|Species Clause: Limit one of each Pokémon
|rule|OHKO Clause: OHKO moves are banned
|rule|Evasion Items Clause: Evasion items are banned
|rule|Evasion Moves Clause: Evasion moves are banned
|rule|Evasion Abilities Clause: Evasion abilities are banned
|rule|Sleep Moves Clause: Sleep-inducing moves are banned
|clearpoke
|poke|p1|Metagross|
|poke|p1|Great Tusk|
|poke|p1|Haxorus, M|
|poke|p1|Iron Moth|
|poke|p1|Zoroark-Hisui, M|
|poke|p1|Ninetales-Alola, F|
|poke|p2|Gholdengo|
|poke|p2|Rillaboom, F|
|poke|p2|Raging Bolt|
|poke|p2|Samurott-Hisui, M|
|poke|p2|Iron Treads|
|poke|p2|Bronzong|
|teampreview
|c|☆lab addict|Glhf
|
|t:|1760865703
|teamsize|p1|6
|teamsize|p2|6
|start
|switch|p1a: Arquillian Sentry|Metagross|100/100
|switch|p2a: Iron Treads|Iron Treads|100/100
|-item|p2a: Iron Treads|Air Balloon
|turn|1
|c|☆Nikator98|u2
|
|t:|1760865709
|move|p1a: Arquillian Sentry|Bitter Malice|p2a: Iron Treads
|-damage|p2a: Iron Treads|35/100
|-unboost|p2a: Iron Treads|atk|1
|-enditem|p2a: Iron Treads|Air Balloon
|move|p2a: Iron Treads|Stealth Rock|p1a: Arquillian Sentry
|-sidestart|p1: Nikator98|move: Stealth Rock
|
|upkeep
|turn|2
|
|t:|1760865717
|-end|p2a: Iron Treads|Quark Drive|[silent]
|switch|p2a: Samurott|Samurott-Hisui, M|100/100
|move|p1a: Arquillian Sentry|Bitter Malice|p2a: Samurott
|-resisted|p2a: Samurott
|-damage|p2a: Samurott|57/100
|-unboost|p2a: Samurott|atk|1
|
|upkeep
|turn|3
|
|t:|1760865727
|switch|p1a: Asfaloth|Ninetales-Alola, F, shiny|100/100
|-damage|p1a: Asfaloth|76/100|[from] Stealth Rock
|-weather|Snowscape|[from] ability: Snow Warning|[of] p1a: Asfaloth
|move|p2a: Samurott|Ceaseless Edge|p1a: Asfaloth
|-resisted|p1a: Asfaloth
|-damage|p1a: Asfaloth|63/100
|-sidestart|p1: Nikator98|Spikes
|
|-weather|Snowscape|[upkeep]
|upkeep
|turn|4
|
|t:|1760865736
|switch|p2a: Iron Treads|Iron Treads|35/100
|move|p1a: Asfaloth|Aurora Veil|p1a: Asfaloth
|-sidestart|p1: Nikator98|move: Aurora Veil
|
|-weather|Snowscape|[upkeep]
|upkeep
|turn|5
|
|t:|1760865742
|switch|p1a: Kumaryia|Great Tusk, shiny|100/100
|move|p2a: Iron Treads|Iron Head|p1a: Kumaryia
|-damage|p1a: Kumaryia|89/100
|
|-weather|Snowscape|[upkeep]
|upkeep
|turn|6
|
|t:|1760865748
|-end|p2a: Iron Treads|Quark Drive|[silent]
|switch|p2a: Rillaboom|Rillaboom, F|100/100
|-fieldstart|move: Grassy Terrain|[from] ability: Grassy Surge|[of] p2a: Rillaboom
|move|p1a: Kumaryia|Knock Off|p2a: Rillaboom
|-damage|p2a: Rillaboom|64/100
|-enditem|p2a: Rillaboom|Heavy-Duty Boots|[from] move: Knock Off|[of] p1a: Kumaryia
|
|-weather|Snowscape|[upkeep]
|-heal|p1a: Kumaryia|96/100|[from] Grassy Terrain
|-heal|p2a: Rillaboom|70/100|[from] Grassy Terrain
|upkeep
|turn|7
|
|t:|1760865759
|-end|p1a: Kumaryia|Protosynthesis|[silent]
|switch|p1a: Arquillian Sentry|Metagross|100/100
|-damage|p1a: Arquillian Sentry|94/100|[from] Stealth Rock
|-damage|p1a: Arquillian Sentry|82/100|[from] Spikes
|move|p2a: Rillaboom|Wood Hammer|p1a: Arquillian Sentry
|-resisted|p1a: Arquillian Sentry
|-damage|p1a: Arquillian Sentry|66/100
|-damage|p2a: Rillaboom|65/100|[from] Recoil
|
|-weather|none
|-heal|p2a: Rillaboom|71/100|[from] Grassy Terrain
|-heal|p1a: Arquillian Sentry|72/100|[from] Grassy Terrain
|upkeep
|turn|8
|
|t:|1760865770
|move|p2a: Rillaboom|U-turn|p1a: Arquillian Sentry
|-damage|p1a: Arquillian Sentry|62/100
|
|t:|1760865774
|switch|p2a: Starlink|Bronzong, shiny|100/100|[from] U-turn
|move|p1a: Arquillian Sentry|Stealth Rock|p2a: Starlink
|-sidestart|p2: lab addict|move: Stealth Rock
|
|-heal|p1a: Arquillian Sentry|68/100|[from] Grassy Terrain
|upkeep
|turn|9
|
|t:|1760865785
|switch|p1a: Kumaryia|Great Tusk, shiny|100/100
|-damage|p1a: Kumaryia|88/100|[from] Stealth Rock
|-damage|p1a: Kumaryia|76/100|[from] Spikes
|move|p2a: Starlink|Psychic Noise|p1a: Kumaryia
|-damage|p1a: Kumaryia|55/100
|-start|p1a: Kumaryia|move: Heal Block
|replace|p1a: Van Helsing|Zoroark-Hisui, M, shiny
|-end|p1a: Van Helsing|Illusion
|
|upkeep
|turn|10
|
|t:|1760865796
|switch|p2a: Iron Treads|Iron Treads|35/100
|-damage|p2a: Iron Treads|33/100|[from] Stealth Rock
|move|p1a: Van Helsing|Bitter Malice|p2a: Iron Treads
|-damage|p2a: Iron Treads|0 fnt
|faint|p2a: Iron Treads
|-end|p2a: Iron Treads|Quark Drive|[silent]
|
|-end|p1a: Van Helsing|move: Heal Block
|-fieldend|move: Grassy Terrain
|upkeep
|
|t:|1760865801
|switch|p2a: Samurott|Samurott-Hisui, M|57/100
|-damage|p2a: Samurott|44/100|[from] Stealth Rock
|turn|11
|
|t:|1760865810
|switch|p1a: Asfaloth|Ninetales-Alola, F, shiny|63/100
|-damage|p1a: Asfaloth|39/100|[from] Stealth Rock
|-damage|p1a: Asfaloth|26/100|[from] Spikes
|-weather|Snowscape|[from] ability: Snow Warning|[of] p1a: Asfaloth
|move|p2a: Samurott|Flip Turn|p1a: Asfaloth
|-damage|p1a: Asfaloth|14/100
|
|t:|1760865816
|switch|p2a: Rillaboom|Rillaboom, F|71/100|[from] Flip Turn
|-damage|p2a: Rillaboom|59/100|[from] Stealth Rock
|-fieldstart|move: Grassy Terrain|[from] ability: Grassy Surge|[of] p2a: Rillaboom
|
|-weather|Snowscape|[upkeep]
|-heal|p1a: Asfaloth|20/100|[from] Grassy Terrain
|-heal|p2a: Rillaboom|65/100|[from] Grassy Terrain
|-sideend|p1: Nikator98|move: Aurora Veil
|upkeep
|turn|12
|
|t:|1760865828
|move|p2a: Rillaboom|Grassy Glide|p1a: Asfaloth
|-damage|p1a: Asfaloth|0 fnt
|faint|p1a: Asfaloth
|
|-weather|Snowscape|[upkeep]
|-heal|p2a: Rillaboom|71/100|[from] Grassy Terrain
|upkeep
|
|t:|1760865870
|switch|p1a: Arquillian Sentry|Metagross|68/100
|-damage|p1a: Arquillian Sentry|62/100|[from] Stealth Rock
|-damage|p1a: Arquillian Sentry|50/100|[from] Spikes
|turn|13
|
|t:|1760865880
|-terastallize|p2a: Rillaboom|Fire
|move|p2a: Rillaboom|Knock Off|p1a: Arquillian Sentry
|-supereffective|p1a: Arquillian Sentry
|-damage|p1a: Arquillian Sentry|0 fnt
|-enditem|p1a: Arquillian Sentry|Custap Berry|[from] move: Knock Off|[of] p2a: Rillaboom
|faint|p1a: Arquillian Sentry
|
|-weather|Snowscape|[upkeep]
|-heal|p2a: Rillaboom|77/100|[from] Grassy Terrain
|upkeep
|
|t:|1760865931
|switch|p1a: Kumaryia|Great Tusk, shiny|96/100
|turn|14
|
|t:|1760865935
|move|p1a: Kumaryia|Headlong Rush|p2a: Rillaboom
|-supereffective|p2a: Rillaboom
|-damage|p2a: Rillaboom|0 fnt
|-unboost|p1a: Kumaryia|def|1
|-unboost|p1a: Kumaryia|spd|1
|faint|p2a: Rillaboom
|
|-weather|Snowscape|[upkeep]
|-heal|p1a: Kumaryia|100/100|[from] Grassy Terrain
|upkeep
|
|t:|1760865939
|switch|p2a: Gholdengo|Gholdengo|100/100
|-damage|p2a: Gholdengo|94/100|[from] Stealth Rock
|-enditem|p2a: Gholdengo|Grassy Seed
|-boost|p2a: Gholdengo|def|1|[from] item: Grassy Seed
|turn|15
|
|t:|1760865969
|-end|p1a: Kumaryia|Protosynthesis|[silent]
|switch|p1a: Lacelle|Haxorus, M|100/100
|-damage|p1a: Lacelle|88/100|[from] Stealth Rock
|-damage|p1a: Lacelle|76/100|[from] Spikes
|-ability|p1a: Lacelle|Mold Breaker
|move|p2a: Gholdengo|Dazzling Gleam|p1a: Lacelle
|-supereffective|p1a: Lacelle
|-damage|p1a: Lacelle|3/100
|
|-weather|none
|-heal|p1a: Lacelle|9/100|[from] Grassy Terrain
|-heal|p2a: Gholdengo|100/100|[from] Grassy Terrain
|-fieldend|move: Grassy Terrain
|upkeep
|turn|16
|
|t:|1760865982
|move|p1a: Lacelle|Scale Shot|p2a: Gholdengo
|-resisted|p2a: Gholdengo
|-damage|p2a: Gholdengo|97/100
|-resisted|p2a: Gholdengo
|-damage|p2a: Gholdengo|93/100
|-resisted|p2a: Gholdengo
|-damage|p2a: Gholdengo|90/100
|-resisted|p2a: Gholdengo
|-damage|p2a: Gholdengo|87/100
|-hitcount|p2a: Gholdengo|4
|-unboost|p1a: Lacelle|def|1
|-boost|p1a: Lacelle|spe|1
|move|p2a: Gholdengo|Dazzling Gleam|p1a: Lacelle
|-supereffective|p1a: Lacelle
|-damage|p1a: Lacelle|0 fnt
|faint|p1a: Lacelle
|
|upkeep
|
|t:|1760865996
|switch|p1a: Kumaryia|Great Tusk, shiny|55/100
|-damage|p1a: Kumaryia|42/100|[from] Stealth Rock
|-damage|p1a: Kumaryia|30/100|[from] Spikes
|turn|17
|
|t:|1760866013
|move|p1a: Kumaryia|Bitter Malice|p2a: Gholdengo
|-supereffective|p2a: Gholdengo
|-damage|p2a: Gholdengo|0 fnt
|faint|p2a: Gholdengo
|
|upkeep
|
|t:|1760866015
|switch|p2a: Samurott|Samurott-Hisui, M|44/100
|-damage|p2a: Samurott|32/100|[from] Stealth Rock
|turn|18
|
|t:|1760866023
|move|p2a: Samurott|Flip Turn|p1a: Kumaryia
|-damage|p1a: Kumaryia|0 fnt
|replace|p1a: Van Helsing|Zoroark-Hisui, M, shiny
|-end|p1a: Van Helsing|Illusion
|faint|p1a: Van Helsing
|
|t:|1760866026
|switch|p2a: Starlink|Bronzong, shiny|100/100|[from] Flip Turn
|-damage|p2a: Starlink|94/100|[from] Stealth Rock
|
|upkeep
|
|t:|1760866051
|switch|p1a: Kumaryia|Great Tusk, shiny|100/100
|turn|19
|
|t:|1760866081
|-terastallize|p1a: Kumaryia|Ice
|move|p1a: Kumaryia|Rapid Spin|p2a: Starlink
|-resisted|p2a: Starlink
|-damage|p2a: Starlink|88/100
|-boost|p1a: Kumaryia|spe|1
|-sideend|p1: Nikator98|Spikes|[from] move: Rapid Spin|[of] p1a: Kumaryia
|-sideend|p1: Nikator98|Stealth Rock|[from] move: Rapid Spin|[of] p1a: Kumaryia
|move|p2a: Starlink|Psychic Noise|p1a: Kumaryia
|-damage|p1a: Kumaryia|70/100
|-start|p1a: Kumaryia|move: Heal Block
|
|upkeep
|turn|20
|
|t:|1760866092
|move|p1a: Kumaryia|Knock Off|p2a: Starlink
|-supereffective|p2a: Starlink
|-damage|p2a: Starlink|42/100
|-enditem|p2a: Starlink|Covert Cloak|[from] move: Knock Off|[of] p1a: Kumaryia
|move|p2a: Starlink|Body Press|p1a: Kumaryia
|-supereffective|p1a: Kumaryia
|-damage|p1a: Kumaryia|25/100
|
|-end|p1a: Kumaryia|move: Heal Block
|upkeep
|turn|21
|
|t:|1760866103
|-end|p1a: Kumaryia|Protosynthesis|[silent]
|switch|p1a: Gothmog|Iron Moth|100/100
|-enditem|p1a: Gothmog|Booster Energy
|-activate|p1a: Gothmog|ability: Quark Drive|[fromitem]
|-start|p1a: Gothmog|quarkdrivespe
|move|p2a: Starlink|Body Press|p1a: Gothmog
|-resisted|p1a: Gothmog
|-damage|p1a: Gothmog|78/100
|
|upkeep
|turn|22
|
|t:|1760866111
|move|p1a: Gothmog|Fiery Dance|p2a: Starlink
|-supereffective|p2a: Starlink
|-damage|p2a: Starlink|6/100
|move|p2a: Starlink|Psychic Noise|p1a: Gothmog
|-supereffective|p1a: Gothmog
|-damage|p1a: Gothmog|36/100
|-start|p1a: Gothmog|move: Heal Block
|
|upkeep
|turn|23
|
|t:|1760866119
|move|p1a: Gothmog|Fiery Dance|p2a: Starlink
|-supereffective|p2a: Starlink
|-damage|p2a: Starlink|0 fnt
|-boost|p1a: Gothmog|spa|1
|faint|p2a: Starlink
|
|-end|p1a: Gothmog|move: Heal Block
|upkeep
|
|t:|1760866125
|switch|p2a: Raging Bolt|Raging Bolt|100/100
|-damage|p2a: Raging Bolt|88/100|[from] Stealth Rock
|turn|24
|
|t:|1760866129
|move|p2a: Raging Bolt|Thunderclap||[still]
|-fail|p2a: Raging Bolt
|move|p1a: Gothmog|Substitute|p1a: Gothmog
|-start|p1a: Gothmog|Substitute
|-damage|p1a: Gothmog|11/100
|
|upkeep
|turn|25
|
|t:|1760866135
|move|p2a: Raging Bolt|Thunderclap|p1a: Gothmog
|-end|p1a: Gothmog|Substitute
|move|p1a: Gothmog|Sludge Wave|p2a: Raging Bolt
|-damage|p2a: Raging Bolt|18/100
|
|upkeep
|turn|26
|
|t:|1760866141
|move|p2a: Raging Bolt|Thunderclap||[still]
|-fail|p2a: Raging Bolt
|move|p1a: Gothmog|Substitute|p1a: Gothmog
|-fail|p1a: Gothmog|move: Substitute|[weak]
|
|upkeep
|turn|27
|
|t:|1760866146
|move|p2a: Raging Bolt|Thunderclap||[still]
|-fail|p2a: Raging Bolt
|move|p1a: Gothmog|Substitute|p1a: Gothmog
|-fail|p1a: Gothmog|move: Substitute|[weak]
|
|upkeep
|turn|28
|
|t:|1760866151
|-end|p2a: Raging Bolt|Protosynthesis|[silent]
|switch|p2a: Samurott|Samurott-Hisui, M|32/100
|-damage|p2a: Samurott|20/100|[from] Stealth Rock
|move|p1a: Gothmog|Substitute|p1a: Gothmog
|-fail|p1a: Gothmog|move: Substitute|[weak]
|
|upkeep
|turn|29
|
|t:|1760866157
|move|p2a: Samurott|Sucker Punch|p1a: Gothmog
|-crit|p1a: Gothmog
|-damage|p1a: Gothmog|0 fnt
|faint|p1a: Gothmog
|-end|p1a: Gothmog|Quark Drive|[silent]
|
|upkeep
|
|t:|1760866162
|switch|p1a: Kumaryia|Great Tusk, shiny, tera:Ice|25/100
|turn|30
|
|t:|1760866169
|move|p2a: Samurott|Sucker Punch|p1a: Kumaryia
|-damage|p1a: Kumaryia|2/100
|move|p1a: Kumaryia|Rapid Spin|p2a: Samurott
|-damage|p2a: Samurott|0 fnt
|-boost|p1a: Kumaryia|spe|1
|faint|p2a: Samurott
|
|upkeep
|
|t:|1760866173
|switch|p2a: Raging Bolt|Raging Bolt|18/100
|-damage|p2a: Raging Bolt|6/100|[from] Stealth Rock
|turn|31
|c|☆Nikator98|gg
|
|t:|1760866179
|move|p2a: Raging Bolt|Thunderclap|p1a: Kumaryia
|-damage|p1a: Kumaryia|0 fnt
|faint|p1a: Kumaryia
|-end|p1a: Kumaryia|Protosynthesis|[silent]
|
|win|lab addict
|raw|Nikator98's rating: 1677 &rarr; <strong>1655</strong><br />(-22 for losing)
|raw|lab addict's rating: 1641 &rarr; <strong>1663</strong><br />(+22 for winning)
|c|☆lab addict|Gg
|l|☆Nikator98
|player|p1|
|l|☆lab addict
|player|p2|
