|j|☆H3ra_GIGI
|j|☆mydogchoosesmymons
|t:|1760800034
|gametype|singles
|player|p1|H3ra_GIGI|2|1219
|player|p2|mydogchoosesmymons|karen|1285
|gen|9
|tier|[Gen 9] OU
|rated|
|rule|HP Percentage Mod: HP is shown in percentages
|rule|Endless Battle Clause: Forcing endless battles is banned
|rule|Species Clause: Limit one of each Pokémon
|rule|OHKO Clause: OHKO moves are banned
|rule|Evasion Items Clause: Evasion items are banned
|rule|Evasion Moves Clause: Evasion moves are banned
|rule|Evasion Abilities Clause: Evasion abilities are banned
|rule|Sleep Moves Clause: Sleep-inducing moves are banned
|clearpoke
|poke|p1|Ting-Lu|
|poke|p1|Slowking-Galar, M|
|poke|p1|Dragapult, F|
|poke|p1|Azumarill, M|
|poke|p1|Great Tusk|
|poke|p1|Corviknight, M|
|poke|p2|Salazzle, F|
|poke|p2|Honchkrow, M|
|poke|p2|Lilligant-Hisui, F|
|poke|p2|Clefable, M|
|poke|p2|Zoroark-Hisui, M|
|poke|p2|Clodsire, F|
|teampreview
|inactive|Battle timer is ON: inactive players will automatically lose when time's up. (requested by mydogchoosesmymons)
|
|t:|1760800064
|teamsize|p1|6
|teamsize|p2|6
|start
|switch|p1a: Azumarill|Azumarill, M|100/100
|switch|p2a: I'm sorry for this|Salazzle, F, shiny|100/100
|turn|1
|
|t:|1760800077
|move|p1a: Azumarill|Aqua Jet|p2a: I'm sorry for this
|-supereffective|p2a: I'm sorry for this
|-damage|p2a: I'm sorry for this|22/100
|move|p2a: I'm sorry for this|Toxic|p1a: Azumarill
|-status|p1a: Azumarill|tox
|
|-heal|p2a: I'm sorry for this|28/100|[from] item: Black Sludge
|-damage|p1a: Azumarill|94/100 tox|[from] psn
|upkeep
|turn|2
|
|t:|1760800090
|move|p2a: I'm sorry for this|Protect|p2a: I'm sorry for this
|-singleturn|p2a: I'm sorry for this|Protect
|move|p1a: Azumarill|Aqua Jet|p2a: I'm sorry for this
|-activate|p2a: I'm sorry for this|move: Protect
|
|-heal|p2a: I'm sorry for this|34/100|[from] item: Black Sludge
|-damage|p1a: Azumarill|82/100 tox|[from] psn
|upkeep
|turn|3
|
|t:|1760800111
|switch|p2a: Breloom but Woman|Lilligant-Hisui, F, shiny|100/100
|move|p1a: Azumarill|Aqua Jet|p2a: Breloom but Woman
|-resisted|p2a: Breloom but Woman
|-damage|p2a: Breloom but Woman|80/100
|
|-damage|p1a: Azumarill|63/100 tox|[from] psn
|upkeep
|turn|4
|
|t:|1760800126
|switch|p1a: Corviknight|Corviknight, M|100/100
|-ability|p1a: Corviknight|Pressure
|move|p2a: Breloom but Woman|Sunny Day|p2a: Breloom but Woman
|-weather|SunnyDay
|
|-weather|SunnyDay|[upkeep]
|upkeep
|turn|5
|
|t:|1760800134
|move|p2a: Breloom but Woman|Axe Kick|p1a: Corviknight
|-damage|p1a: Corviknight|67/100
|-start|p1a: Corviknight|confusion
|-activate|p1a: Corviknight|confusion
|-damage|p1a: Corviknight|61/100|[from] confusion
|
|-weather|SunnyDay|[upkeep]
|-heal|p1a: Corviknight|67/100|[from] item: Leftovers
|upkeep
|turn|6
|
|t:|1760800150
|switch|p2a: I'm sorry for this|Salazzle, F, shiny|34/100
|-activate|p1a: Corviknight|confusion
|-damage|p1a: Corviknight|62/100|[from] confusion
|
|-weather|SunnyDay|[upkeep]
|-heal|p2a: I'm sorry for this|41/100|[from] item: Black Sludge
|-heal|p1a: Corviknight|68/100|[from] item: Leftovers
|upkeep
|turn|7
|
|t:|1760800166
|switch|p1a: Slowking|Slowking-Galar, M|100/100
|move|p2a: I'm sorry for this|Flamethrower|p1a: Slowking
|-damage|p1a: Slowking|70/100
|-status|p1a: Slowking|brn
|
|-weather|SunnyDay|[upkeep]
|-heal|p2a: I'm sorry for this|47/100|[from] item: Black Sludge
|-damage|p1a: Slowking|64/100 brn|[from] brn
|upkeep
|turn|8
|
|t:|1760800181
|move|p2a: I'm sorry for this|Protect|p2a: I'm sorry for this
|-singleturn|p2a: I'm sorry for this|Protect
|-prepare|p1a: Slowking|Chilly Reception|[premajor]
|move|p1a: Slowking|Chilly Reception|p1a: Slowking
|-weather|Snowscape
|
|t:|1760800188
|switch|p1a: Dragapult|Dragapult, F|100/100|[from] Chilly Reception
|
|-weather|Snowscape|[upkeep]
|-heal|p2a: I'm sorry for this|53/100|[from] item: Black Sludge
|upkeep
|turn|9
|
|t:|1760800195
|move|p1a: Dragapult|U-turn|p2a: I'm sorry for this
|-resisted|p2a: I'm sorry for this
|-damage|p2a: I'm sorry for this|47/100
|
|t:|1760800198
|switch|p1a: Slowking|Slowking-Galar, M|97/100 brn|[from] U-turn
|move|p2a: I'm sorry for this|Toxic||[still]
|-fail|p2a: I'm sorry for this
|
|-weather|Snowscape|[upkeep]
|-heal|p2a: I'm sorry for this|53/100|[from] item: Black Sludge
|-damage|p1a: Slowking|91/100 brn|[from] brn
|upkeep
|turn|10
|
|t:|1760800210
|switch|p2a: Used to Prank|Honchkrow, M, shiny|100/100
|move|p1a: Slowking|Future Sight|p2a: Used to Prank
|-start|p1a: Slowking|move: Future Sight
|
|-weather|Snowscape|[upkeep]
|-damage|p1a: Slowking|85/100 brn|[from] brn
|upkeep
|turn|11
|
|t:|1760800221
|switch|p1a: Corviknight|Corviknight, M|68/100
|-ability|p1a: Corviknight|Pressure
|move|p2a: Used to Prank|Drill Peck|p1a: Corviknight
|-resisted|p1a: Corviknight
|-damage|p1a: Corviknight|55/100
|
|-weather|Snowscape|[upkeep]
|-heal|p1a: Corviknight|61/100|[from] item: Leftovers
|upkeep
|turn|12
|
|t:|1760800243
|move|p1a: Corviknight|Roost|p1a: Corviknight
|-heal|p1a: Corviknight|100/100
|-singleturn|p1a: Corviknight|move: Roost
|move|p2a: Used to Prank|Heat Wave|p1a: Corviknight
|-supereffective|p1a: Corviknight
|-damage|p1a: Corviknight|53/100
|
|-weather|none
|-end|p2a: Used to Prank|move: Future Sight
|-immune|p2a: Used to Prank
|-heal|p1a: Corviknight|59/100|[from] item: Leftovers
|upkeep
|turn|13
|
|t:|1760800254
|move|p1a: Corviknight|U-turn|p2a: Used to Prank
|-damage|p2a: Used to Prank|81/100
|
|t:|1760800269
|switch|p1a: Azumarill|Azumarill, M|63/100 tox|[from] U-turn
|move|p2a: Used to Prank|Heat Wave|p1a: Azumarill
|-resisted|p1a: Azumarill
|-damage|p1a: Azumarill|52/100 tox
|
|-damage|p1a: Azumarill|46/100 tox|[from] psn
|upkeep
|-enditem|p1a: Azumarill|Sitrus Berry|[eat]
|-heal|p1a: Azumarill|71/100 tox|[from] item: Sitrus Berry
|turn|14
|
|t:|1760800291
|switch|p2a: Breloom but Woman|Lilligant-Hisui, F, shiny|80/100
|move|p1a: Azumarill|Play Rough|p2a: Breloom but Woman
|-supereffective|p2a: Breloom but Woman
|-damage|p2a: Breloom but Woman|0 fnt
|faint|p2a: Breloom but Woman
|
|-damage|p1a: Azumarill|59/100 tox|[from] psn
|upkeep
|
|t:|1760800302
|switch|p2a: 350 euro plush|Clodsire, F|100/100
|turn|15
|
|t:|1760800312
|switch|p1a: Corviknight|Corviknight, M|59/100
|-ability|p1a: Corviknight|Pressure
|move|p2a: 350 euro plush|Shadow Ball|p1a: Corviknight
|-damage|p1a: Corviknight|0 fnt
|faint|p1a: Corviknight
|
|upkeep
|
|t:|1760800321
|switch|p1a: Ting-Lu|Ting-Lu|100/100
|-ability|p1a: Ting-Lu|Vessel of Ruin
|turn|16
|
|t:|1760800330
|switch|p2a: Used to Prank|Honchkrow, M, shiny|81/100
|move|p1a: Ting-Lu|Stealth Rock|p2a: Used to Prank
|-sidestart|p2: mydogchoosesmymons|move: Stealth Rock
|
|upkeep
|turn|17
|
|t:|1760800342
|switch|p1a: Azumarill|Azumarill, M|59/100 tox
|move|p2a: Used to Prank|Drill Peck|p1a: Azumarill
|-damage|p1a: Azumarill|14/100 tox
|
|-damage|p1a: Azumarill|8/100 tox|[from] psn
|upkeep
|turn|18
|
|t:|1760800358
|move|p2a: Used to Prank|Sucker Punch|p1a: Azumarill
|-resisted|p1a: Azumarill
|-crit|p1a: Azumarill
|-damage|p1a: Azumarill|0 fnt
|faint|p1a: Azumarill
|-ability|p2a: Used to Prank|Moxie|boost
|-boost|p2a: Used to Prank|atk|1
|
|upkeep
|
|t:|1760800368
|switch|p1a: Great Tusk|Great Tusk|100/100
|turn|19
|
|t:|1760800387
|move|p1a: Great Tusk|Ice Spinner|p2a: Used to Prank
|-supereffective|p2a: Used to Prank
|-damage|p2a: Used to Prank|1/100
|move|p2a: Used to Prank|Drill Peck|p1a: Great Tusk
|-supereffective|p1a: Great Tusk
|-damage|p1a: Great Tusk|0 fnt
|faint|p1a: Great Tusk
|-end|p1a: Great Tusk|Protosynthesis|[silent]
|-ability|p2a: Used to Prank|Moxie|boost
|-boost|p2a: Used to Prank|atk|1
|
|upkeep
|-message|H3ra_GIGI forfeited.
|
|win|mydogchoosesmymons
|raw|H3ra_GIGI's rating: 1219 &rarr; <strong>1199</strong><br />(-20 for losing)
|raw|mydogchoosesmymons's rating: 1285 &rarr; <strong>1305</strong><br />(+20 for winning)
|l|☆H3ra_GIGI
|player|p1|
|l|☆mydogchoosesmymons
|player|p2|
