|j|☆yobluntsoskimpy
|j|☆iMaxynm
|t:|1760875265
|gametype|singles
|player|p1|yobluntsoskimpy|rancher|1250
|player|p2|iMaxynm|caitlin|1288
|gen|9
|tier|[Gen 9] OU
|rated|
|rule|HP Percentage Mod: HP is shown in percentages
|rule|Endless Battle Clause: Forcing endless battles is banned
|rule|Species Clause: Limit one of each Pokémon
|rule|OHKO Clause: OHKO moves are banned
|rule|Evasion Items Clause: Evasion items are banned
|rule|Evasion Moves Clause: Evasion moves are banned
|rule|Evasion Abilities Clause: Evasion abilities are banned
|rule|Sleep Moves Clause: Sleep-inducing moves are banned
|clearpoke
|poke|p1|Empoleon, F|
|poke|p1|Cinderace, M|
|poke|p1|Vikavolt, M|
|poke|p1|Hatterene, F|
|poke|p1|Sinistcha|
|poke|p1|Hoopa-Unbound|
|poke|p2|Ninetales, F|
|poke|p2|Venusaur, M|
|poke|p2|Murkrow, M|
|poke|p2|Great Tusk|
|poke|p2|Walking Wake|
|poke|p2|Tinkaton, F|
|teampreview
|inactive|Battle timer is ON: inactive players will automatically lose when time's up. (requested by yobluntsoskimpy)
|
|t:|1760875278
|teamsize|p1|6
|teamsize|p2|6
|start
|switch|p1a: Hoopa|Hoopa-Unbound|100/100
|switch|p2a: Great Tusk|Great Tusk|100/100
|turn|1
|
|t:|1760875286
|switch|p1a: Vikavolt|Vikavolt, M|100/100
|move|p2a: Great Tusk|Ice Spinner|p1a: Vikavolt
|-damage|p1a: Vikavolt|82/100
|
|-heal|p1a: Vikavolt|88/100|[from] item: Leftovers
|upkeep
|turn|2
|
|t:|1760875297
|move|p2a: Great Tusk|Headlong Rush|p1a: Vikavolt
|-immune|p1a: Vikavolt|[from] ability: Levitate
|move|p1a: Vikavolt|Sticky Web|p2a: Great Tusk
|-sidestart|p2: iMaxynm|move: Sticky Web
|
|-heal|p1a: Vikavolt|95/100|[from] item: Leftovers
|upkeep
|turn|3
|
|t:|1760875302
|move|p2a: Great Tusk|Rapid Spin|p1a: Vikavolt
|-damage|p1a: Vikavolt|82/100
|-boost|p2a: Great Tusk|spe|1
|-sideend|p2: iMaxynm|Sticky Web|[from] move: Rapid Spin|[of] p2a: Great Tusk
|move|p1a: Vikavolt|Energy Ball|p2a: Great Tusk
|-supereffective|p2a: Great Tusk
|-damage|p2a: Great Tusk|24/100
|
|-heal|p1a: Vikavolt|88/100|[from] item: Leftovers
|upkeep
|turn|4
|
|t:|1760875319
|move|p2a: Great Tusk|Close Combat|p1a: Vikavolt
|-resisted|p1a: Vikavolt
|-damage|p1a: Vikavolt|66/100
|-unboost|p2a: Great Tusk|def|1
|-unboost|p2a: Great Tusk|spd|1
|move|p1a: Vikavolt|Sticky Web|p2a: Great Tusk
|-sidestart|p2: iMaxynm|move: Sticky Web
|
|-heal|p1a: Vikavolt|72/100|[from] item: Leftovers
|upkeep
|turn|5
|
|t:|1760875328
|switch|p1a: Sinistcha|Sinistcha|100/100
|move|p2a: Great Tusk|Rapid Spin|p1a: Sinistcha
|-immune|p1a: Sinistcha
|
|upkeep
|turn|6
|
|t:|1760875339
|-end|p2a: Great Tusk|Protosynthesis|[silent]
|switch|p2a: Ninetales|Ninetales, F|100/100
|-activate|p2a: Ninetales|move: Sticky Web
|-unboost|p2a: Ninetales|spe|1
|-weather|SunnyDay|[from] ability: Drought|[of] p2a: Ninetales
|move|p1a: Sinistcha|Strength Sap|p2a: Ninetales
|-unboost|p2a: Ninetales|atk|1
|
|-weather|SunnyDay|[upkeep]
|upkeep
|turn|7
|
|t:|1760875355
|switch|p1a: Cinderace|Cinderace, M|100/100
|move|p2a: Ninetales|Weather Ball|p1a: Cinderace
|-resisted|p1a: Cinderace
|-damage|p1a: Cinderace|60/100
|
|-weather|SunnyDay|[upkeep]
|upkeep
|turn|8
|
|t:|1760875362
|move|p1a: Cinderace|Court Change|p1a: Cinderace
|-start|p1a: Cinderace|typechange|Normal|[from] ability: Libero
|-swapsideconditions
|-activate|p1a: Cinderace|move: Court Change
|move|p2a: Ninetales|Extrasensory|p1a: Cinderace
|-damage|p1a: Cinderace|29/100
|
|-weather|SunnyDay|[upkeep]
|upkeep
|turn|9
|
|t:|1760875373
|move|p1a: Cinderace|Pyro Ball|p2a: Ninetales
|-resisted|p2a: Ninetales
|-damage|p2a: Ninetales|58/100
|move|p2a: Ninetales|Weather Ball|p1a: Cinderace
|-damage|p1a: Cinderace|0 fnt
|faint|p1a: Cinderace
|
|-weather|SunnyDay|[upkeep]
|upkeep
|
|t:|1760875381
|switch|p1a: Hoopa|Hoopa-Unbound|100/100
|-activate|p1a: Hoopa|move: Sticky Web
|-unboost|p1a: Hoopa|spe|1
|turn|10
|
|t:|1760875396
|switch|p2a: Walking Wake|Walking Wake|100/100
|-activate|p2a: Walking Wake|ability: Protosynthesis
|-start|p2a: Walking Wake|protosynthesisspe
|move|p1a: Hoopa|Trick Room|p1a: Hoopa
|-fieldstart|move: Trick Room|[of] p1a: Hoopa
|
|-weather|SunnyDay|[upkeep]
|upkeep
|turn|11
|
|t:|1760875413
|move|p1a: Hoopa|Hyperspace Fury|p2a: Walking Wake
|-damage|p2a: Walking Wake|8/100
|-unboost|p1a: Hoopa|def|1
|move|p2a: Walking Wake|Hydro Steam|p1a: Hoopa
|-damage|p1a: Hoopa|26/100
|
|-weather|SunnyDay|[upkeep]
|upkeep
|turn|12
|
|t:|1760875429
|move|p1a: Hoopa|Drain Punch|p2a: Walking Wake
|-damage|p2a: Walking Wake|0 fnt
|-heal|p1a: Hoopa|30/100|[from] drain|[of] p2a: Walking Wake
|faint|p2a: Walking Wake
|-end|p2a: Walking Wake|Protosynthesis|[silent]
|
|-weather|SunnyDay|[upkeep]
|upkeep
|inactive|iMaxynm has 120 seconds left.
|
|t:|1760875445
|switch|p2a: Murkrow|Murkrow, M|100/100
|turn|13
|inactive|iMaxynm has 120 seconds left.
|
|t:|1760875453
|switch|p1a: Vikavolt|Vikavolt, M|72/100
|move|p2a: Murkrow|Thunder Wave|p1a: Vikavolt
|-immune|p1a: Vikavolt
|
|-weather|none
|-heal|p1a: Vikavolt|78/100|[from] item: Leftovers
|upkeep
|turn|14
|
|t:|1760875459
|move|p2a: Murkrow|Tailwind|p2a: Murkrow
|-sidestart|p2: iMaxynm|move: Tailwind
|move|p1a: Vikavolt|Thunderbolt|p2a: Murkrow
|-supereffective|p2a: Murkrow
|-crit|p2a: Murkrow
|-enditem|p2a: Murkrow|Focus Sash
|-damage|p2a: Murkrow|1/100
|
|-heal|p1a: Vikavolt|84/100|[from] item: Leftovers
|-fieldend|move: Trick Room
|upkeep
|turn|15
|
|t:|1760875478
|switch|p2a: Ninetales|Ninetales, F|58/100
|-weather|SunnyDay|[from] ability: Drought|[of] p2a: Ninetales
|move|p1a: Vikavolt|Volt Switch|p2a: Ninetales
|-damage|p2a: Ninetales|15/100
|
|t:|1760875483
|switch|p1a: Hatterene|Hatterene, F|100/100|[from] Volt Switch
|-activate|p1a: Hatterene|move: Sticky Web
|-unboost|p1a: Hatterene|spe|1
|
|-weather|SunnyDay|[upkeep]
|upkeep
|turn|16
|
|t:|1760875497
|switch|p2a: Venusaur|Venusaur, M|100/100
|move|p1a: Hatterene|Trick Room|p1a: Hatterene
|-fieldstart|move: Trick Room|[of] p1a: Hatterene
|
|-weather|SunnyDay|[upkeep]
|upkeep
|turn|17
|
|t:|1760875506
|-terastallize|p2a: Venusaur|Fire
|move|p1a: Hatterene|Future Sight|p2a: Venusaur
|-start|p1a: Hatterene|move: Future Sight
|move|p2a: Venusaur|Growth|p2a: Venusaur
|-boost|p2a: Venusaur|atk|2
|-boost|p2a: Venusaur|spa|2
|
|-weather|SunnyDay|[upkeep]
|-sideend|p2: iMaxynm|move: Tailwind
|upkeep
|turn|18
|
|t:|1760875516
|move|p1a: Hatterene|Healing Wish|p1a: Hatterene
|faint|p1a: Hatterene
|move|p2a: Venusaur|Weather Ball|p1: Hatterene|[notarget]
|-fail|p2a: Venusaur
|
|-weather|SunnyDay|[upkeep]
|upkeep
|
|t:|1760875521
|switch|p1a: Hoopa|Hoopa-Unbound|30/100
|-heal|p1a: Hoopa|100/100|[from] move: Healing Wish
|-activate|p1a: Hoopa|move: Sticky Web
|-unboost|p1a: Hoopa|spe|1
|turn|19
|
|t:|1760875526
|move|p1a: Hoopa|Hyperspace Fury|p2a: Venusaur
|-damage|p2a: Venusaur|0 fnt
|-unboost|p1a: Hoopa|def|1
|faint|p2a: Venusaur
|
|-weather|SunnyDay|[upkeep]
|-hint|Future Sight did not hit because the target is fainted.
|upkeep
|-message|iMaxynm forfeited.
|
|win|yobluntsoskimpy
|raw|yobluntsoskimpy's rating: 1250 &rarr; <strong>1278</strong><br />(+28 for winning)
|raw|iMaxynm's rating: 1288 &rarr; <strong>1260</strong><br />(-28 for losing)
|l|☆iMaxynm
|player|p2|
|l|☆yobluntsoskimpy
|player|p1|
