|j|☆HZBKAI7
|j|☆Monarith
|t:|1760849798
|gametype|singles
|player|p1|HZBKAI7|2|1126
|player|p2|Monarith|wicke|1186
|gen|9
|tier|[Gen 9] OU
|rated|
|rule|HP Percentage Mod: HP is shown in percentages
|rule|Endless Battle Clause: Forcing endless battles is banned
|rule|Species Clause: Limit one of each Pokémon
|rule|OHKO Clause: OHKO moves are banned
|rule|Evasion Items Clause: Evasion items are banned
|rule|Evasion Moves Clause: Evasion moves are banned
|rule|Evasion Abilities Clause: Evasion abilities are banned
|rule|Sleep Moves Clause: Sleep-inducing moves are banned
|clearpoke
|poke|p1|Kingambit, F|
|poke|p1|Iron Treads|
|poke|p1|Necrozma|
|poke|p1|Pecharunt|
|poke|p1|Enamorus, F|
|poke|p1|Samurott-Hisui, F|
|poke|p2|Eelektross, M|
|poke|p2|Dragapult, F|
|poke|p2|Hatterene, F|
|poke|p2|Iron Treads|
|poke|p2|Iron Moth|
|poke|p2|Ogerpon-Wellspring, F|
|teampreview
|
|t:|1760849805
|teamsize|p1|6
|teamsize|p2|6
|start
|switch|p1a: Iron Treads|Iron Treads|100/100
|switch|p2a: Dragapult|Dragapult, F|100/100
|turn|1
|
|t:|1760849807
|move|p2a: Dragapult|Will-O-Wisp|p1a: Iron Treads
|-status|p1a: Iron Treads|brn
|move|p1a: Iron Treads|Ice Spinner|p2a: Dragapult
|-supereffective|p2a: Dragapult
|-damage|p2a: Dragapult|72/100
|
|-damage|p1a: Iron Treads|94/100 brn|[from] brn
|upkeep
|turn|2
|
|t:|1760849813
|move|p2a: Dragapult|U-turn|p1a: Iron Treads
|-resisted|p1a: Iron Treads
|-damage|p1a: Iron Treads|87/100 brn
|
|t:|1760849821
|switch|p2a: Eelektross|Eelektross, M|100/100|[from] U-turn
|move|p1a: Iron Treads|Ice Spinner|p2a: Eelektross
|-damage|p2a: Eelektross|86/100
|
|-heal|p2a: Eelektross|92/100|[from] item: Leftovers
|-damage|p1a: Iron Treads|81/100 brn|[from] brn
|upkeep
|turn|3
|
|t:|1760849825
|move|p1a: Iron Treads|Earthquake|p2a: Eelektross
|-immune|p2a: Eelektross|[from] ability: Levitate
|move|p2a: Eelektross|Coil|p2a: Eelektross
|-boost|p2a: Eelektross|atk|1
|-boost|p2a: Eelektross|def|1
|-boost|p2a: Eelektross|accuracy|1
|
|-heal|p2a: Eelektross|99/100|[from] item: Leftovers
|-damage|p1a: Iron Treads|74/100 brn|[from] brn
|upkeep
|turn|4
|
|t:|1760849836
|move|p1a: Iron Treads|Earthquake|p2a: Eelektross
|-immune|p2a: Eelektross|[from] ability: Levitate
|move|p2a: Eelektross|Coil|p2a: Eelektross
|-boost|p2a: Eelektross|atk|1
|-boost|p2a: Eelektross|def|1
|-boost|p2a: Eelektross|accuracy|1
|
|-heal|p2a: Eelektross|100/100|[from] item: Leftovers
|-damage|p1a: Iron Treads|68/100 brn|[from] brn
|upkeep
|turn|5
|
|t:|1760849843
|move|p1a: Iron Treads|Earthquake|p2a: Eelektross
|-immune|p2a: Eelektross|[from] ability: Levitate
|move|p2a: Eelektross|Coil|p2a: Eelektross
|-boost|p2a: Eelektross|atk|1
|-boost|p2a: Eelektross|def|1
|-boost|p2a: Eelektross|accuracy|1
|
|-damage|p1a: Iron Treads|62/100 brn|[from] brn
|upkeep
|turn|6
|
|t:|1760849852
|move|p1a: Iron Treads|Earthquake|p2a: Eelektross
|-immune|p2a: Eelektross|[from] ability: Levitate
|move|p2a: Eelektross|Drain Punch|p1a: Iron Treads
|-supereffective|p1a: Iron Treads
|-damage|p1a: Iron Treads|0 fnt
|faint|p1a: Iron Treads
|-end|p1a: Iron Treads|Quark Drive|[silent]
|
|upkeep
|
|t:|1760849852
|switch|p1a: Necrozma|Necrozma, shiny|100/100
|turn|7
|
|t:|1760849858
|move|p1a: Necrozma|Earth Power|p2a: Eelektross
|-immune|p2a: Eelektross|[from] ability: Levitate
|move|p2a: Eelektross|Zap Cannon|p1a: Necrozma
|-damage|p1a: Necrozma|59/100
|-status|p1a: Necrozma|par
|
|upkeep
|turn|8
|
|t:|1760849865
|move|p2a: Eelektross|Knock Off|p1a: Necrozma
|-supereffective|p1a: Necrozma
|-crit|p1a: Necrozma
|-enditem|p1a: Necrozma|Colbur Berry|[eat]
|-enditem|p1a: Necrozma|Colbur Berry|[weaken]
|-damage|p1a: Necrozma|0 fnt
|faint|p1a: Necrozma
|
|upkeep
|
|t:|1760849865
|switch|p1a: Enamorus|Enamorus, F, shiny|100/100
|turn|9
|
|t:|1760849872
|move|p1a: Enamorus|Earth Power|p2a: Eelektross
|-immune|p2a: Eelektross|[from] ability: Levitate
|move|p2a: Eelektross|Zap Cannon|p1a: Enamorus
|-supereffective|p1a: Enamorus
|-damage|p1a: Enamorus|0 fnt
|faint|p1a: Enamorus
|
|upkeep
|
|t:|1760849872
|switch|p1a: Pecharunt|Pecharunt|100/100
|-item|p1a: Pecharunt|Air Balloon
|turn|10
|
|t:|1760849881
|move|p1a: Pecharunt|Malignant Chain|p2a: Eelektross
|-damage|p2a: Eelektross|76/100
|-status|p2a: Eelektross|tox
|-start|p2a: Eelektross|confusion|[from] ability: Poison Puppeteer|[of] p1a: Pecharunt
|-activate|p2a: Eelektross|confusion
|-damage|p2a: Eelektross|64/100 tox|[from] confusion
|
|-heal|p2a: Eelektross|70/100 tox|[from] item: Leftovers
|-damage|p2a: Eelektross|64/100 tox|[from] psn
|upkeep
|turn|11
|
|t:|1760849891
|move|p1a: Pecharunt|Malignant Chain|p2a: Eelektross
|-damage|p2a: Eelektross|38/100 tox
|-activate|p2a: Eelektross|confusion
|move|p2a: Eelektross|Zap Cannon|p1a: Pecharunt
|-damage|p1a: Pecharunt|58/100
|-status|p1a: Pecharunt|par
|-enditem|p1a: Pecharunt|Air Balloon
|
|-heal|p2a: Eelektross|44/100 tox|[from] item: Leftovers
|-damage|p2a: Eelektross|32/100 tox|[from] psn
|upkeep
|turn|12
|
|t:|1760849895
|move|p1a: Pecharunt|Malignant Chain|p2a: Eelektross
|-damage|p2a: Eelektross|6/100 tox
|-activate|p2a: Eelektross|confusion
|-damage|p2a: Eelektross|0 fnt|[from] confusion
|faint|p2a: Eelektross
|
|upkeep
|
|t:|1760849905
|switch|p2a: Dragapult|Dragapult, F|72/100
|turn|13
|
|t:|1760849907
|move|p2a: Dragapult|Hex|p1a: Pecharunt
|-supereffective|p1a: Pecharunt
|-damage|p1a: Pecharunt|0 fnt
|faint|p1a: Pecharunt
|
|upkeep
|
|t:|1760849907
|switch|p1a: Kingambit|Kingambit, F, shiny|100/100
|-activate|p1a: Kingambit|ability: Supreme Overlord
|-start|p1a: Kingambit|fallen4|[silent]
|turn|14
|
|t:|1760849914
|move|p2a: Dragapult|Will-O-Wisp|p1a: Kingambit|[miss]
|-miss|p2a: Dragapult|p1a: Kingambit
|move|p1a: Kingambit|Kowtow Cleave|p2a: Dragapult
|-supereffective|p2a: Dragapult
|-damage|p2a: Dragapult|0 fnt
|faint|p2a: Dragapult
|
|upkeep
|
|t:|1760849921
|switch|p2a: Iron Treads|Iron Treads|100/100
|turn|15
|
|t:|1760849923
|move|p2a: Iron Treads|Earthquake|p1a: Kingambit
|-supereffective|p1a: Kingambit
|-damage|p1a: Kingambit|33/100
|move|p1a: Kingambit|Kowtow Cleave|p2a: Iron Treads
|-damage|p2a: Iron Treads|21/100
|
|upkeep
|turn|16
|
|t:|1760849928
|move|p2a: Iron Treads|Earthquake|p1a: Kingambit
|-supereffective|p1a: Kingambit
|-crit|p1a: Kingambit
|-damage|p1a: Kingambit|0 fnt
|faint|p1a: Kingambit
|-end|p1a: Kingambit|fallen4|[silent]
|
|upkeep
|
|t:|1760849928
|switch|p1a: Samurott|Samurott-Hisui, F, shiny|100/100
|turn|17
|
|t:|1760849933
|move|p2a: Iron Treads|Earthquake|p1a: Samurott
|-damage|p1a: Samurott|38/100
|move|p1a: Samurott|Razor Shell|p2a: Iron Treads
|-supereffective|p2a: Iron Treads
|-damage|p2a: Iron Treads|0 fnt
|faint|p2a: Iron Treads
|-end|p2a: Iron Treads|Quark Drive|[silent]
|
|upkeep
|
|t:|1760849939
|switch|p2a: Iron Moth|Iron Moth|100/100
|-enditem|p2a: Iron Moth|Booster Energy
|-activate|p2a: Iron Moth|ability: Quark Drive|[fromitem]
|-start|p2a: Iron Moth|quarkdrivespe
|turn|18
|
|t:|1760849944
|move|p2a: Iron Moth|Energy Ball|p1a: Samurott
|-supereffective|p1a: Samurott
|-damage|p1a: Samurott|0 fnt
|faint|p1a: Samurott
|
|win|Monarith
|raw|HZBKAI7's rating: 1126 &rarr; <strong>1105</strong><br />(-21 for losing)
|raw|Monarith's rating: 1186 &rarr; <strong>1207</strong><br />(+21 for winning)
|l|☆HZBKAI7
|player|p1|
|l|☆Monarith
|player|p2|
