|j|☆laboratoria insano
|j|☆ineedtobealone
|t:|1760789616
|gametype|singles
|player|p1|laboratoria insano|ninjaboy|1194
|player|p2|ineedtobealone|winona|1259
|gen|9
|tier|[Gen 9] OU
|rated|
|rule|HP Percentage Mod: HP is shown in percentages
|rule|Endless Battle Clause: Forcing endless battles is banned
|rule|Species Clause: Limit one of each Pokémon
|rule|OHKO Clause: OHKO moves are banned
|rule|Evasion Items Clause: Evasion items are banned
|rule|Evasion Moves Clause: Evasion moves are banned
|rule|Evasion Abilities Clause: Evasion abilities are banned
|rule|Sleep Moves Clause: Sleep-inducing moves are banned
|clearpoke
|poke|p1|Brute Bonnet|
|poke|p1|Torkoal, F|
|poke|p1|Walking Wake|
|poke|p1|Thundurus-Therian, M|
|poke|p1|Hatterene, F|
|poke|p1|Ceruledge, M|
|poke|p2|Dragapult, M|
|poke|p2|Dragonite, F|
|poke|p2|Ting-Lu|
|poke|p2|Weezing-Galar, F|
|poke|p2|Iron Crown|
|poke|p2|Zapdos|
|teampreview
|inactive|Battle timer is ON: inactive players will automatically lose when time's up. (requested by ineedtobealone)
|
|t:|1760789661
|teamsize|p1|6
|teamsize|p2|6
|start
|switch|p1a: Shark|Walking Wake|100/100
|switch|p2a: Ting-Lu|Ting-Lu|100/100
|-ability|p2a: Ting-Lu|Vessel of Ruin
|turn|1
|
|t:|1760789670
|-terastallize|p2a: Ting-Lu|Water
|move|p1a: Shark|Flip Turn|p2a: Ting-Lu
|-resisted|p2a: Ting-Lu
|-damage|p2a: Ting-Lu|96/100
|
|t:|1760789679
|-end|p1a: Shark|Protosynthesis|[silent]
|switch|p1a: BRUTE FORCE|Brute Bonnet|100/100|[from] Flip Turn
|move|p2a: Ting-Lu|Stealth Rock|p1a: BRUTE FORCE
|-sidestart|p1: laboratoria insano|move: Stealth Rock
|
|-heal|p2a: Ting-Lu|100/100|[from] item: Leftovers
|upkeep
|turn|2
|
|t:|1760789688
|switch|p2a: Weezing|Weezing-Galar, F|100/100
|-ability|p2a: Weezing|Neutralizing Gas
|move|p1a: BRUTE FORCE|Bullet Seed|p2a: Weezing
|-resisted|p2a: Weezing
|-damage|p2a: Weezing|96/100
|-resisted|p2a: Weezing
|-damage|p2a: Weezing|92/100
|-resisted|p2a: Weezing
|-damage|p2a: Weezing|87/100
|-resisted|p2a: Weezing
|-damage|p2a: Weezing|82/100
|-hitcount|p2a: Weezing|4
|
|upkeep
|turn|3
|
|t:|1760789707
|-end|p1a: BRUTE FORCE|Protosynthesis|[silent]
|switch|p1a: Great Bait|Torkoal, F, shiny|100/100
|-damage|p1a: Great Bait|76/100|[from] Stealth Rock
|move|p2a: Weezing|Toxic Spikes|p1a: Great Bait
|-sidestart|p1: laboratoria insano|move: Toxic Spikes
|
|upkeep
|turn|4
|
|t:|1760789725
|-end|p2a: Weezing|ability: Neutralizing Gas
|-weather|SunnyDay|[from] ability: Drought|[of] p1a: Great Bait
|switch|p2a: Ting-Lu|Ting-Lu, tera:Water|100/100
|-ability|p2a: Ting-Lu|Vessel of Ruin
|move|p1a: Great Bait|Earthquake|p2a: Ting-Lu
|-damage|p2a: Ting-Lu|88/100
|
|-weather|SunnyDay|[upkeep]
|-heal|p2a: Ting-Lu|95/100|[from] item: Leftovers
|upkeep
|turn|5
|
|t:|1760789751
|move|p2a: Ting-Lu|Ruination|p1a: Great Bait
|-damage|p1a: Great Bait|38/100
|move|p1a: Great Bait|Rapid Spin|p2a: Ting-Lu
|-damage|p2a: Ting-Lu|89/100
|-boost|p1a: Great Bait|spe|1
|-sideend|p1: laboratoria insano|Toxic Spikes|[from] move: Rapid Spin|[of] p1a: Great Bait
|-sideend|p1: laboratoria insano|Stealth Rock|[from] move: Rapid Spin|[of] p1a: Great Bait
|
|-weather|SunnyDay|[upkeep]
|-heal|p2a: Ting-Lu|96/100|[from] item: Leftovers
|upkeep
|turn|6
|
|t:|1760789763
|switch|p1a: BRUTE FORCE|Brute Bonnet|100/100
|-activate|p1a: BRUTE FORCE|ability: Protosynthesis
|-start|p1a: BRUTE FORCE|protosynthesisatk
|move|p2a: Ting-Lu|Earthquake|p1a: BRUTE FORCE
|-resisted|p1a: BRUTE FORCE
|-damage|p1a: BRUTE FORCE|85/100
|
|-weather|SunnyDay|[upkeep]
|-heal|p2a: Ting-Lu|100/100|[from] item: Leftovers
|upkeep
|turn|7
|
|t:|1760789771
|switch|p2a: Weezing|Weezing-Galar, F|82/100
|-ability|p2a: Weezing|Neutralizing Gas
|move|p1a: BRUTE FORCE|Growth|p1a: BRUTE FORCE
|-boost|p1a: BRUTE FORCE|atk|2
|-boost|p1a: BRUTE FORCE|spa|2
|
|-weather|SunnyDay|[upkeep]
|upkeep
|turn|8
|
|t:|1760789783
|-terastallize|p1a: BRUTE FORCE|Fire
|move|p1a: BRUTE FORCE|Tera Blast|p2a: Weezing|[anim] Tera Blast Fire
|-damage|p2a: Weezing|0 fnt
|faint|p2a: Weezing
|-end|p2a: Weezing|ability: Neutralizing Gas
|
|-weather|SunnyDay|[upkeep]
|upkeep
|inactive|ineedtobealone has 120 seconds left.
|
|t:|1760789822
|switch|p2a: Dragonite|Dragonite, F|100/100
|turn|9
|
|t:|1760789829
|move|p1a: BRUTE FORCE|Sucker Punch||[still]
|-fail|p1a: BRUTE FORCE
|move|p2a: Dragonite|Dragon Dance|p2a: Dragonite
|-boost|p2a: Dragonite|atk|1
|-boost|p2a: Dragonite|spe|1
|
|-weather|SunnyDay|[upkeep]
|upkeep
|turn|10
|inactive|ineedtobealone has 120 seconds left.
|inactive|laboratoria insano has 120 seconds left.
|inactive|laboratoria insano has 90 seconds left.
|inactive|laboratoria insano has 60 seconds left.
|inactive|laboratoria insano has 30 seconds left.
|inactive|laboratoria insano has 20 seconds left.
|inactive|laboratoria insano has 15 seconds left.
|inactive|laboratoria insano has 10 seconds left.
|inactive|laboratoria insano has 5 seconds left.
|-message|laboratoria insano lost due to inactivity.
|
|win|ineedtobealone
|raw|laboratoria insano's rating: 1194 &rarr; <strong>1174</strong><br />(-20 for losing)
|raw|ineedtobealone's rating: 1259 &rarr; <strong>1279</strong><br />(+20 for winning)
|l|☆ineedtobealone
|player|p2|
