|j|☆boletus totatus
|j|☆Marcel aus Berlin
|t:|1760869703
|gametype|singles
|player|p1|boletus totatus|ethan|1423
|player|p2|Marcel aus Berlin|2|1451
|gen|9
|tier|[Gen 9] OU
|rated|
|rule|HP Percentage Mod: HP is shown in percentages
|rule|Endless Battle Clause: Forcing endless battles is banned
|rule|Species Clause: Limit one of each Pokémon
|rule|OHKO Clause: OHKO moves are banned
|rule|Evasion Items Clause: Evasion items are banned
|rule|Evasion Moves Clause: Evasion moves are banned
|rule|Evasion Abilities Clause: Evasion abilities are banned
|rule|Sleep Moves Clause: Sleep-inducing moves are banned
|clearpoke
|poke|p1|Scizor, F|
|poke|p1|Regidrago|
|poke|p1|Alomomola, F|
|poke|p1|Ribombee, F|
|poke|p1|Indeedee, M|
|poke|p1|Cinderace, M|
|poke|p2|Dondozo, M|
|poke|p2|Clodsire, M|
|poke|p2|Skarmory, F|
|poke|p2|Blissey, F|
|poke|p2|Sinistcha|
|poke|p2|Weavile, F|
|teampreview
|
|t:|1760869752
|teamsize|p1|6
|teamsize|p2|6
|start
|switch|p1a: Scizor|Scizor, F|100/100
|switch|p2a: Blissey|Blissey, F|100/100
|turn|1
|
|t:|1760869757
|switch|p2a: Skarmory|Skarmory, F|100/100
|move|p1a: Scizor|Knock Off|p2a: Skarmory
|-damage|p2a: Skarmory|64/100
|-damage|p1a: Scizor|84/100|[from] item: Rocky Helmet|[of] p2a: Skarmory
|-enditem|p2a: Skarmory|Rocky Helmet|[from] move: Knock Off|[of] p1a: Scizor
|
|upkeep
|turn|2
|
|t:|1760869762
|switch|p1a: Alomomola|Alomomola, F|100/100
|move|p2a: Skarmory|Roost|p2a: Skarmory
|-heal|p2a: Skarmory|100/100
|-singleturn|p2a: Skarmory|move: Roost
|
|upkeep
|turn|3
|
|t:|1760869769
|move|p2a: Skarmory|Spikes|p1a: Alomomola
|-sidestart|p1: boletus totatus|Spikes
|move|p1a: Alomomola|Flip Turn|p2a: Skarmory
|-damage|p2a: Skarmory|91/100
|
|t:|1760869781
|switch|p1a: Indeedee|Indeedee, M|100/100|[from] Flip Turn
|-damage|p1a: Indeedee|88/100|[from] Spikes
|-fieldstart|move: Psychic Terrain|[from] ability: Psychic Surge|[of] p1a: Indeedee
|
|upkeep
|turn|4
|
|t:|1760869790
|switch|p2a: Weavile|Weavile, F|100/100
|-ability|p2a: Weavile|Pressure
|move|p1a: Indeedee|Encore||[still]
|-fail|p1a: Indeedee
|
|upkeep
|turn|5
|
|t:|1760869795
|switch|p1a: Alomomola|Alomomola, F|100/100
|move|p2a: Weavile|Knock Off|p1a: Alomomola
|-damage|p1a: Alomomola|66/100
|-enditem|p1a: Alomomola|Heavy-Duty Boots|[from] move: Knock Off|[of] p2a: Weavile
|
|upkeep
|turn|6
|
|t:|1760869805
|move|p2a: Weavile|Swords Dance|p2a: Weavile
|-boost|p2a: Weavile|atk|2
|move|p1a: Alomomola|Wish|p1a: Alomomola
|
|upkeep
|turn|7
|
|t:|1760869810
|move|p2a: Weavile|Swords Dance|p2a: Weavile
|-boost|p2a: Weavile|atk|2
|move|p1a: Alomomola|Flip Turn|p2a: Weavile
|-damage|p2a: Weavile|72/100
|
|t:|1760869813
|switch|p1a: Scizor|Scizor, F|84/100|[from] Flip Turn
|-damage|p1a: Scizor|72/100|[from] Spikes
|
|-heal|p1a: Scizor|100/100|[from] move: Wish|[wisher] Alomomola
|-fieldend|move: Psychic Terrain
|upkeep
|turn|8
|
|t:|1760869817
|switch|p2a: Skarmory|Skarmory, F|91/100
|move|p1a: Scizor|Bullet Punch|p2a: Skarmory
|-resisted|p2a: Skarmory
|-damage|p2a: Skarmory|75/100
|
|upkeep
|turn|9
|
|t:|1760869854
|switch|p1a: Cinderace|Cinderace, M|100/100
|move|p2a: Skarmory|Spikes|p1a: Cinderace
|-sidestart|p1: boletus totatus|Spikes
|
|upkeep
|turn|10
|
|t:|1760869867
|switch|p2a: Dondozo|Dondozo, M|100/100
|move|p1a: Cinderace|Court Change|p1a: Cinderace
|-start|p1a: Cinderace|typechange|Normal|[from] ability: Libero
|-swapsideconditions
|-activate|p1a: Cinderace|move: Court Change
|
|upkeep
|turn|11
|
|t:|1760869877
|move|p1a: Cinderace|U-turn|p2a: Dondozo
|-damage|p2a: Dondozo|90/100
|
|t:|1760869880
|switch|p1a: Alomomola|Alomomola, F|99/100|[from] U-turn
|move|p2a: Dondozo|Waterfall|p1a: Alomomola
|-resisted|p1a: Alomomola
|-damage|p1a: Alomomola|89/100
|
|upkeep
|turn|12
|
|t:|1760869886
|switch|p2a: Skarmory|Skarmory, F|75/100
|move|p1a: Alomomola|Wish|p1a: Alomomola
|
|upkeep
|turn|13
|
|t:|1760869889
|move|p2a: Skarmory|Spikes|p1a: Alomomola
|-sidestart|p1: boletus totatus|Spikes
|move|p1a: Alomomola|Flip Turn|p2a: Skarmory
|-damage|p2a: Skarmory|65/100
|
|t:|1760869902
|switch|p1a: Regidrago|Regidrago|100/100|[from] Flip Turn
|-damage|p1a: Regidrago|88/100|[from] Spikes
|
|-heal|p1a: Regidrago|100/100|[from] move: Wish|[wisher] Alomomola
|upkeep
|turn|14
|
|t:|1760869906
|switch|p2a: Blissey|Blissey, F|100/100
|-damage|p2a: Blissey|84/100|[from] Spikes
|move|p1a: Regidrago|Dragon Energy|p2a: Blissey
|-damage|p2a: Blissey|32/100
|
|-heal|p2a: Blissey|39/100|[from] item: Leftovers
|upkeep
|turn|15
|
|t:|1760869914
|move|p1a: Regidrago|Dragon Energy|p2a: Blissey
|-damage|p2a: Blissey|0 fnt
|faint|p2a: Blissey
|
|upkeep
|
|t:|1760869918
|switch|p2a: Weavile|Weavile, F|72/100
|-ability|p2a: Weavile|Pressure
|turn|16
|
|t:|1760869930
|-terastallize|p1a: Regidrago|Steel
|move|p2a: Weavile|Triple Axel|p1a: Regidrago
|-resisted|p1a: Regidrago
|-damage|p1a: Regidrago|96/100
|-resisted|p1a: Regidrago
|-damage|p1a: Regidrago|85/100
|-resisted|p1a: Regidrago
|-damage|p1a: Regidrago|70/100
|-hitcount|p1a: Regidrago|3
|move|p1a: Regidrago|Dragon Energy|p2a: Weavile
|-damage|p2a: Weavile|0 fnt
|faint|p2a: Weavile
|
|upkeep
|
|t:|1760869937
|switch|p2a: Clodsire|Clodsire, M|100/100
|turn|17
|
|t:|1760869949
|switch|p1a: Alomomola|Alomomola, F|100/100
|-damage|p1a: Alomomola|88/100|[from] Spikes
|move|p2a: Clodsire|Earthquake|p1a: Alomomola
|-damage|p1a: Alomomola|66/100
|
|upkeep
|turn|18
|
|t:|1760869958
|move|p1a: Alomomola|Wish|p1a: Alomomola
|move|p2a: Clodsire|Stealth Rock|p1a: Alomomola
|-sidestart|p1: boletus totatus|move: Stealth Rock
|
|upkeep
|turn|19
|
|t:|1760869971
|move|p1a: Alomomola|Flip Turn|p2a: Clodsire
|-supereffective|p2a: Clodsire
|-damage|p2a: Clodsire|63/100
|
|t:|1760869977
|switch|p1a: Scizor|Scizor, F|100/100|[from] Flip Turn
|-damage|p1a: Scizor|88/100|[from] Spikes
|-damage|p1a: Scizor|76/100|[from] Stealth Rock
|move|p2a: Clodsire|Poison Jab|p1a: Scizor
|-immune|p1a: Scizor
|
|-heal|p1a: Scizor|100/100|[from] move: Wish|[wisher] Alomomola
|upkeep
|turn|20
|
|t:|1760869981
|switch|p2a: Skarmory|Skarmory, F|65/100
|move|p1a: Scizor|Knock Off|p2a: Skarmory
|-damage|p2a: Skarmory|40/100
|
|upkeep
|turn|21
|
|t:|1760869987
|switch|p1a: Alomomola|Alomomola, F|99/100
|-damage|p1a: Alomomola|87/100|[from] Spikes
|-damage|p1a: Alomomola|75/100|[from] Stealth Rock
|move|p2a: Skarmory|Roost|p2a: Skarmory
|-heal|p2a: Skarmory|90/100
|-singleturn|p2a: Skarmory|move: Roost
|
|upkeep
|turn|22
|
|t:|1760869991
|move|p2a: Skarmory|Spikes|p1a: Alomomola
|-sidestart|p1: boletus totatus|Spikes
|move|p1a: Alomomola|Wish|p1a: Alomomola
|
|upkeep
|turn|23
|
|t:|1760870004
|move|p2a: Skarmory|Spikes|p1a: Alomomola
|-sidestart|p1: boletus totatus|Spikes
|move|p1a: Alomomola|Flip Turn|p2a: Skarmory
|-damage|p2a: Skarmory|80/100
|
|t:|1760870009
|switch|p1a: Cinderace|Cinderace, M|100/100|[from] Flip Turn
|
|upkeep
|turn|24
|
|t:|1760870024
|move|p1a: Cinderace|Court Change|p1a: Cinderace
|-start|p1a: Cinderace|typechange|Normal|[from] ability: Libero
|-swapsideconditions
|-activate|p1a: Cinderace|move: Court Change
|move|p2a: Skarmory|Roost|p2a: Skarmory
|-heal|p2a: Skarmory|100/100
|-singleturn|p2a: Skarmory|move: Roost
|
|upkeep
|turn|25
|
|t:|1760870035
|move|p1a: Cinderace|Pyro Ball|p2a: Skarmory|[miss]
|-miss|p1a: Cinderace|p2a: Skarmory
|move|p2a: Skarmory|Spikes|p1a: Cinderace
|-sidestart|p1: boletus totatus|Spikes
|
|upkeep
|turn|26
|inactive|Battle timer is ON: inactive players will automatically lose when time's up. (requested by boletus totatus)
|
|t:|1760870067
|move|p1a: Cinderace|Pyro Ball|p2a: Skarmory
|-supereffective|p2a: Skarmory
|-damage|p2a: Skarmory|53/100
|move|p2a: Skarmory|Body Press|p1a: Cinderace
|-supereffective|p1a: Cinderace
|-damage|p1a: Cinderace|9/100
|
|upkeep
|turn|27
|inactive|boletus totatus has 120 seconds left.
|
|t:|1760870104
|move|p1a: Cinderace|Pyro Ball|p2a: Skarmory|[miss]
|-miss|p1a: Cinderace|p2a: Skarmory
|move|p2a: Skarmory|Roost|p2a: Skarmory
|-heal|p2a: Skarmory|100/100
|-singleturn|p2a: Skarmory|move: Roost
|
|upkeep
|turn|28
|
|t:|1760870109
|move|p1a: Cinderace|Pyro Ball|p2a: Skarmory
|-supereffective|p2a: Skarmory
|-damage|p2a: Skarmory|54/100
|move|p2a: Skarmory|Body Press|p1a: Cinderace
|-supereffective|p1a: Cinderace
|-damage|p1a: Cinderace|0 fnt
|faint|p1a: Cinderace
|
|upkeep
|
|t:|1760870116
|switch|p1a: Regidrago|Regidrago, tera:Steel|70/100
|-damage|p1a: Regidrago|45/100|[from] Spikes
|turn|29
|
|t:|1760870120
|move|p1a: Regidrago|Draco Meteor|p2a: Skarmory
|-resisted|p2a: Skarmory
|-damage|p2a: Skarmory|0 fnt
|-unboost|p1a: Regidrago|spa|2
|faint|p2a: Skarmory
|
|upkeep
|
|t:|1760870141
|switch|p2a: Clodsire|Clodsire, M|63/100
|turn|30
|
|t:|1760870155
|switch|p1a: Scizor|Scizor, F|100/100
|-damage|p1a: Scizor|76/100|[from] Spikes
|move|p2a: Clodsire|Recover|p2a: Clodsire
|-heal|p2a: Clodsire|100/100
|
|upkeep
|turn|31
|
|t:|1760870160
|switch|p2a: Dondozo|Dondozo, M|90/100
|move|p1a: Scizor|Knock Off|p2a: Dondozo
|-damage|p2a: Dondozo|67/100
|-enditem|p2a: Dondozo|Heavy-Duty Boots|[from] move: Knock Off|[of] p1a: Scizor
|
|upkeep
|turn|32
|
|t:|1760870171
|switch|p1a: Alomomola|Alomomola, F|100/100
|-damage|p1a: Alomomola|76/100|[from] Spikes
|move|p2a: Dondozo|Body Press|p1a: Alomomola
|-damage|p1a: Alomomola|53/100
|
|upkeep
|turn|33
|
|t:|1760870177
|move|p1a: Alomomola|Healing Wish|p1a: Alomomola
|faint|p1a: Alomomola
|move|p2a: Dondozo|Body Press|p1: Alomomola|[notarget]
|-fail|p2a: Dondozo
|
|upkeep
|
|t:|1760870180
|switch|p1a: Regidrago|Regidrago, tera:Steel|45/100
|-heal|p1a: Regidrago|100/100|[from] move: Healing Wish
|-damage|p1a: Regidrago|76/100|[from] Spikes
|turn|34
|
|t:|1760870186
|move|p1a: Regidrago|Dragon Energy|p2a: Dondozo
|-damage|p2a: Dondozo|0 fnt
|faint|p2a: Dondozo
|
|upkeep
|
|t:|1760870191
|switch|p2a: Clodsire|Clodsire, M|100/100
|turn|35
|
|t:|1760870195
|move|p1a: Regidrago|Dragon Energy|p2a: Clodsire
|-damage|p2a: Clodsire|34/100
|move|p2a: Clodsire|Earthquake|p1a: Regidrago
|-supereffective|p1a: Regidrago
|-damage|p1a: Regidrago|13/100
|
|upkeep
|turn|36
|
|t:|1760870203
|switch|p1a: Indeedee|Indeedee, M|88/100
|-damage|p1a: Indeedee|63/100|[from] Spikes
|-fieldstart|move: Psychic Terrain|[from] ability: Psychic Surge|[of] p1a: Indeedee
|move|p2a: Clodsire|Earthquake|p1a: Indeedee
|-damage|p1a: Indeedee|10/100
|
|upkeep
|turn|37
|
|t:|1760870205
|move|p1a: Indeedee|Expanding Force|p2a: Clodsire
|-supereffective|p2a: Clodsire
|-damage|p2a: Clodsire|0 fnt
|faint|p2a: Clodsire
|
|upkeep
|
|t:|1760870207
|switch|p2a: Sinistcha|Sinistcha|100/100
|turn|38
|
|t:|1760870213
|move|p1a: Indeedee|Expanding Force|p2a: Sinistcha
|-damage|p2a: Sinistcha|17/100
|move|p2a: Sinistcha|Calm Mind|p2a: Sinistcha
|-boost|p2a: Sinistcha|spa|1
|-boost|p2a: Sinistcha|spd|1
|
|upkeep
|turn|39
|
|t:|1760870217
|move|p1a: Indeedee|Expanding Force|p2a: Sinistcha
|-damage|p2a: Sinistcha|0 fnt
|faint|p2a: Sinistcha
|
|win|boletus totatus
|raw|boletus totatus's rating: 1423 &rarr; <strong>1445</strong><br />(+22 for winning)
|raw|Marcel aus Berlin's rating: 1451 &rarr; <strong>1429</strong><br />(-22 for losing)
|l|☆Marcel aus Berlin
|player|p2|
|l|☆boletus totatus
|player|p1|
