|j|☆saremos
|j|☆Verminator
|t:|1760781625
|gametype|singles
|player|p1|saremos|1|1293
|player|p2|Verminator|bruno|1306
|gen|9
|tier|[Gen 9] OU
|rated|
|rule|HP Percentage Mod: HP is shown in percentages
|rule|Endless Battle Clause: Forcing endless battles is banned
|rule|Species Clause: Limit one of each Pokémon
|rule|OHKO Clause: OHKO moves are banned
|rule|Evasion Items Clause: Evasion items are banned
|rule|Evasion Moves Clause: Evasion moves are banned
|rule|Evasion Abilities Clause: Evasion abilities are banned
|rule|Sleep Moves Clause: Sleep-inducing moves are banned
|clearpoke
|poke|p1|Dragonite, F|
|poke|p1|Metagross|
|poke|p1|Arcanine, F|
|poke|p1|Zapdos|
|poke|p1|Tentacruel, M|
|poke|p1|Goodra, M|
|poke|p2|Weavile, F|
|poke|p2|Slowking-Galar, F|
|poke|p2|Moltres|
|poke|p2|Scizor, M|
|poke|p2|Quagsire, M|
|poke|p2|Garchomp, F|
|teampreview
|
|t:|1760781631
|teamsize|p1|6
|teamsize|p2|6
|start
|switch|p1a: Metagross|Metagross|100/100
|switch|p2a: Quagsire|Quagsire, M|100/100
|turn|1
|inactive|Battle timer is ON: inactive players will automatically lose when time's up. (requested by saremos)
|
|t:|1760781639
|move|p1a: Metagross|Stealth Rock|p2a: Quagsire
|-sidestart|p2: Verminator|move: Stealth Rock
|move|p2a: Quagsire|Stealth Rock|p1a: Metagross
|-sidestart|p1: saremos|move: Stealth Rock
|
|upkeep
|turn|2
|
|t:|1760781645
|move|p1a: Metagross|Earthquake|p2a: Quagsire
|-damage|p2a: Quagsire|72/100
|move|p2a: Quagsire|Earthquake|p1a: Metagross
|-supereffective|p1a: Metagross
|-crit|p1a: Metagross
|-damage|p1a: Metagross|17/100
|
|-heal|p2a: Quagsire|78/100|[from] item: Leftovers
|upkeep
|turn|3
|
|t:|1760781654
|move|p1a: Metagross|Explosion|p2a: Quagsire
|-damage|p2a: Quagsire|7/100
|faint|p1a: Metagross
|move|p2a: Quagsire|Earthquake|p1: Metagross|[notarget]
|-fail|p2a: Quagsire
|
|-heal|p2a: Quagsire|13/100|[from] item: Leftovers
|upkeep
|
|t:|1760781663
|switch|p1a: Tentacruel|Tentacruel, M|100/100
|-damage|p1a: Tentacruel|88/100|[from] Stealth Rock
|turn|4
|
|t:|1760781668
|move|p1a: Tentacruel|Rapid Spin|p2a: Quagsire
|-damage|p2a: Quagsire|7/100
|-boost|p1a: Tentacruel|spe|1
|-sideend|p1: saremos|Stealth Rock|[from] move: Rapid Spin|[of] p1a: Tentacruel
|move|p2a: Quagsire|Recover|p2a: Quagsire
|-heal|p2a: Quagsire|57/100
|
|-heal|p1a: Tentacruel|94/100|[from] item: Leftovers
|-heal|p2a: Quagsire|63/100|[from] item: Leftovers
|upkeep
|turn|5
|
|t:|1760781681
|move|p1a: Tentacruel|Knock Off|p2a: Quagsire
|-damage|p2a: Quagsire|52/100
|-enditem|p2a: Quagsire|Leftovers|[from] move: Knock Off|[of] p1a: Tentacruel
|move|p2a: Quagsire|Earthquake|p1a: Tentacruel
|-supereffective|p1a: Tentacruel
|-damage|p1a: Tentacruel|28/100
|
|-heal|p1a: Tentacruel|34/100|[from] item: Leftovers
|upkeep
|turn|6
|
|t:|1760781692
|move|p1a: Tentacruel|Flip Turn|p2a: Quagsire
|-heal|p2a: Quagsire|77/100|[from] ability: Water Absorb|[of] p1a: Tentacruel
|move|p2a: Quagsire|Recover|p2a: Quagsire
|-heal|p2a: Quagsire|100/100
|
|-heal|p1a: Tentacruel|40/100|[from] item: Leftovers
|upkeep
|turn|7
|
|t:|1760781709
|switch|p1a: Zapdos|Zapdos|100/100
|move|p2a: Quagsire|Stealth Rock|p1a: Zapdos
|-sidestart|p1: saremos|move: Stealth Rock
|
|upkeep
|turn|8
|
|t:|1760781716
|move|p1a: Zapdos|Hurricane|p2a: Quagsire|[miss]
|-miss|p1a: Zapdos|p2a: Quagsire
|move|p2a: Quagsire|Toxic|p1a: Zapdos
|-status|p1a: Zapdos|tox
|
|-damage|p1a: Zapdos|94/100 tox|[from] psn
|upkeep
|turn|9
|-message|saremos forfeited.
|
|win|Verminator
|raw|saremos's rating: 1293 &rarr; <strong>1269</strong><br />(-24 for losing)
|raw|Verminator's rating: 1306 &rarr; <strong>1325</strong><br />(+19 for winning)
|l|☆saremos
|player|p1|
|l|☆Verminator
|player|p2|
