|j|☆VaporeonUser
|j|☆OP Earthquakes
|t:|1760883324
|gametype|singles
|player|p1|VaporeonUser|volkner|1579
|player|p2|OP Earthquakes|giovanni-masters|1568
|gen|9
|tier|[Gen 9] OU
|rated|
|rule|HP Percentage Mod: HP is shown in percentages
|rule|Endless Battle Clause: Forcing endless battles is banned
|rule|Species Clause: Limit one of each Pokémon
|rule|OHKO Clause: OHKO moves are banned
|rule|Evasion Items Clause: Evasion items are banned
|rule|Evasion Moves Clause: Evasion moves are banned
|rule|Evasion Abilities Clause: Evasion abilities are banned
|rule|Sleep Moves Clause: Sleep-inducing moves are banned
|clearpoke
|poke|p1|Gholdengo|
|poke|p1|Dragonite, M|
|poke|p1|Raging Bolt|
|poke|p1|Great Tusk|
|poke|p1|Iron Valiant|
|poke|p1|Ting-Lu|
|poke|p2|Excadrill, M|
|poke|p2|Hawlucha, M|
|poke|p2|Kyurem|
|poke|p2|Tyranitar, F|
|poke|p2|Pawmot, F|
|poke|p2|Thundurus-Therian, M|
|teampreview
|inactive|Battle timer is ON: inactive players will automatically lose when time's up. (requested by OP Earthquakes)
|inactive|OP Earthquakes has 120 seconds left.
|inactive|OP Earthquakes has 90 seconds left.
|c|☆OP Earthquakes|GLHF!
|
|t:|1760883411
|teamsize|p1|6
|teamsize|p2|6
|start
|switch|p1a: Great Tusk|Great Tusk|100/100
|switch|p2a: Frieza|Kyurem, shiny|100/100
|-ability|p2a: Frieza|Pressure
|turn|1
|
|t:|1760883417
|move|p2a: Frieza|Freeze-Dry|p1a: Great Tusk
|-supereffective|p1a: Great Tusk
|-damage|p1a: Great Tusk|9/100
|move|p1a: Great Tusk|Close Combat|p2a: Frieza
|-supereffective|p2a: Frieza
|-damage|p2a: Frieza|0 fnt
|-unboost|p1a: Great Tusk|def|1
|-unboost|p1a: Great Tusk|spd|1
|faint|p2a: Frieza
|
|upkeep
|
|t:|1760883423
|switch|p2a: Itachi|Hawlucha, M, shiny|100/100
|-ability|p2a: Itachi|Mold Breaker
|turn|2
|
|t:|1760883430
|-end|p1a: Great Tusk|Protosynthesis|[silent]
|switch|p1a: Great Neck|Raging Bolt|100/100
|move|p2a: Itachi|Brave Bird|p1a: Great Neck
|-resisted|p1a: Great Neck
|-damage|p1a: Great Neck|80/100
|-damage|p2a: Itachi|90/100|[from] Recoil
|
|upkeep
|turn|3
|
|t:|1760883435
|switch|p2a: Thundurus|Thundurus-Therian, M|100/100
|move|p1a: Great Neck|Draco Meteor|p2a: Thundurus
|-damage|p2a: Thundurus|0 fnt
|-unboost|p1a: Great Neck|spa|2
|faint|p2a: Thundurus
|
|upkeep
|
|t:|1760883437
|switch|p2a: Porunga|Pawmot, F|100/100
|turn|4
|
|t:|1760883444
|-end|p1a: Great Neck|Protosynthesis|[silent]
|switch|p1a: Gholdengo|Gholdengo|100/100
|move|p2a: Porunga|Revival Blessing|p2a: Porunga
|-enditem|p2a: Porunga|Leppa Berry|[eat]
|-activate|p2a: Porunga|item: Leppa Berry|Revival Blessing|[consumed]
|
|t:|1760883456
|-heal|p2: Frieza|50/100|[from] move: Revival Blessing
|
|upkeep
|turn|5
|
|t:|1760883462
|move|p2a: Porunga|Revival Blessing|p2a: Porunga
|
|t:|1760883464
|-heal|p2: Thundurus|50/100|[from] move: Revival Blessing
|move|p1a: Gholdengo|Make It Rain|p2a: Porunga
|-resisted|p2a: Porunga
|-damage|p2a: Porunga|30/100
|-unboost|p1a: Gholdengo|spa|1
|
|upkeep
|turn|6
|
|t:|1760883473
|move|p2a: Porunga|Rest|p2a: Porunga
|-status|p2a: Porunga|slp|[from] move: Rest
|-heal|p2a: Porunga|100/100 slp|[silent]
|move|p1a: Gholdengo|Make It Rain|p2a: Porunga
|-resisted|p2a: Porunga
|-damage|p2a: Porunga|48/100 slp
|-unboost|p1a: Gholdengo|spa|1
|
|upkeep
|turn|7
|
|t:|1760883480
|switch|p2a: Thundurus|Thundurus-Therian, M|50/100
|switch|p1a: Great Tusk|Great Tusk|9/100
|
|upkeep
|turn|8
|
|t:|1760883489
|-end|p1a: Great Tusk|Protosynthesis|[silent]
|switch|p1a: Great Neck|Raging Bolt|80/100
|move|p2a: Thundurus|Dark Pulse|p1a: Great Neck
|-damage|p1a: Great Neck|51/100
|
|upkeep
|turn|9
|
|t:|1760883496
|switch|p2a: Shukaku|Tyranitar, F, shiny|100/100
|-weather|Sandstorm|[from] ability: Sand Stream|[of] p2a: Shukaku
|move|p1a: Great Neck|Draco Meteor|p2a: Shukaku|[miss]
|-miss|p1a: Great Neck|p2a: Shukaku
|
|-weather|Sandstorm|[upkeep]
|-damage|p1a: Great Neck|45/100|[from] Sandstorm
|upkeep
|turn|10
|
|t:|1760883502
|-end|p1a: Great Neck|Protosynthesis|[silent]
|switch|p1a: Ting-Lu|Ting-Lu|100/100
|-ability|p1a: Ting-Lu|Vessel of Ruin
|move|p2a: Shukaku|Ice Beam|p1a: Ting-Lu
|-supereffective|p1a: Ting-Lu
|-damage|p1a: Ting-Lu|79/100
|
|-weather|Sandstorm|[upkeep]
|-heal|p1a: Ting-Lu|85/100|[from] item: Leftovers
|upkeep
|turn|11
|
|t:|1760883513
|switch|p2a: Itachi|Hawlucha, M, shiny|90/100
|-ability|p2a: Itachi|Mold Breaker
|move|p1a: Ting-Lu|Stealth Rock|p2a: Itachi
|-sidestart|p2: OP Earthquakes|move: Stealth Rock
|
|-weather|Sandstorm|[upkeep]
|-damage|p2a: Itachi|84/100|[from] Sandstorm
|-heal|p1a: Ting-Lu|91/100|[from] item: Leftovers
|upkeep
|turn|12
|
|t:|1760883517
|switch|p1a: Gholdengo|Gholdengo|100/100
|move|p2a: Itachi|Defog|p1a: Gholdengo
|-unboost|p1a: Gholdengo|evasion|1
|-sideend|p2: OP Earthquakes|Stealth Rock|[from] move: Defog|[of] p2a: Itachi
|
|-weather|Sandstorm|[upkeep]
|-damage|p2a: Itachi|78/100|[from] Sandstorm
|upkeep
|turn|13
|
|t:|1760883525
|switch|p2a: OP|Excadrill, M|100/100
|move|p1a: Gholdengo|Shadow Ball|p2a: OP
|-damage|p2a: OP|11/100
|
|-weather|Sandstorm|[upkeep]
|upkeep
|turn|14
|
|t:|1760883540
|switch|p1a: Dragonite|Dragonite, M|100/100
|move|p2a: OP|Earthquake|p1a: Dragonite
|-immune|p1a: Dragonite
|
|-weather|Sandstorm|[upkeep]
|-damage|p1a: Dragonite|94/100|[from] Sandstorm
|upkeep
|turn|15
|
|t:|1760883554
|switch|p2a: Frieza|Kyurem, shiny|50/100
|-ability|p2a: Frieza|Pressure
|move|p1a: Dragonite|Extreme Speed|p2a: Frieza
|-damage|p2a: Frieza|21/100
|
|-weather|Sandstorm|[upkeep]
|-damage|p2a: Frieza|15/100|[from] Sandstorm
|-damage|p1a: Dragonite|88/100|[from] Sandstorm
|upkeep
|turn|16
|
|t:|1760883565
|-terastallize|p2a: Frieza|Ghost
|move|p1a: Dragonite|Extreme Speed|p2a: Frieza
|-immune|p2a: Frieza
|move|p2a: Frieza|Freeze-Dry|p1a: Dragonite
|-supereffective|p1a: Dragonite
|-damage|p1a: Dragonite|0 fnt
|faint|p1a: Dragonite
|
|-weather|none
|upkeep
|
|t:|1760883569
|switch|p1a: Iron Valiant|Iron Valiant|100/100
|-enditem|p1a: Iron Valiant|Booster Energy
|-activate|p1a: Iron Valiant|ability: Quark Drive|[fromitem]
|-start|p1a: Iron Valiant|quarkdrivespe
|turn|17
|
|t:|1760883574
|switch|p2a: Shukaku|Tyranitar, F, shiny|100/100
|-weather|Sandstorm|[from] ability: Sand Stream|[of] p2a: Shukaku
|move|p1a: Iron Valiant|Shadow Ball|p2a: Shukaku
|-resisted|p2a: Shukaku
|-damage|p2a: Shukaku|92/100
|
|-weather|Sandstorm|[upkeep]
|-damage|p1a: Iron Valiant|94/100|[from] Sandstorm
|upkeep
|turn|18
|
|t:|1760883603
|switch|p2a: Frieza|Kyurem, shiny, tera:Ghost|15/100
|-ability|p2a: Frieza|Pressure
|move|p1a: Iron Valiant|Close Combat|p2a: Frieza
|-immune|p2a: Frieza
|
|-weather|Sandstorm|[upkeep]
|-damage|p1a: Iron Valiant|88/100|[from] Sandstorm
|-damage|p2a: Frieza|9/100|[from] Sandstorm
|upkeep
|turn|19
|inactive|OP Earthquakes has 120 seconds left.
|
|t:|1760883646
|move|p1a: Iron Valiant|Moonblast|p2a: Frieza
|-damage|p2a: Frieza|0 fnt
|faint|p2a: Frieza
|
|-weather|Sandstorm|[upkeep]
|-damage|p1a: Iron Valiant|82/100|[from] Sandstorm
|upkeep
|
|t:|1760883648
|switch|p2a: OP|Excadrill, M|11/100
|turn|20
|
|t:|1760883658
|-end|p1a: Iron Valiant|Quark Drive|[silent]
|switch|p1a: Great Tusk|Great Tusk|9/100
|move|p2a: OP|Earthquake|p1a: Great Tusk
|-damage|p1a: Great Tusk|0 fnt
|faint|p1a: Great Tusk
|-end|p1a: Great Tusk|Protosynthesis|[silent]
|
|-weather|Sandstorm|[upkeep]
|upkeep
|
|t:|1760883665
|switch|p1a: Gholdengo|Gholdengo|100/100
|turn|21
|
|t:|1760883669
|-terastallize|p1a: Gholdengo|Flying
|move|p2a: OP|Earthquake|p1a: Gholdengo
|-immune|p1a: Gholdengo
|move|p1a: Gholdengo|Shadow Ball|p2a: OP
|-damage|p2a: OP|0 fnt
|faint|p2a: OP
|
|-weather|Sandstorm|[upkeep]
|-damage|p1a: Gholdengo|94/100|[from] Sandstorm
|upkeep
|
|t:|1760883672
|switch|p2a: Thundurus|Thundurus-Therian, M|50/100
|turn|22
|
|t:|1760883674
|switch|p1a: Ting-Lu|Ting-Lu|91/100
|-ability|p1a: Ting-Lu|Vessel of Ruin
|move|p2a: Thundurus|Weather Ball|p1a: Ting-Lu
|-resisted|p1a: Ting-Lu
|-damage|p1a: Ting-Lu|82/100
|
|-weather|Sandstorm|[upkeep]
|-damage|p2a: Thundurus|44/100|[from] Sandstorm
|-heal|p1a: Ting-Lu|88/100|[from] item: Leftovers
|upkeep
|turn|23
|
|t:|1760883683
|switch|p2a: Itachi|Hawlucha, M, shiny|78/100
|-ability|p2a: Itachi|Mold Breaker
|move|p1a: Ting-Lu|Stealth Rock|p2a: Itachi
|-sidestart|p2: OP Earthquakes|move: Stealth Rock
|
|-weather|Sandstorm|[upkeep]
|-damage|p2a: Itachi|72/100|[from] Sandstorm
|-heal|p1a: Ting-Lu|94/100|[from] item: Leftovers
|upkeep
|turn|24
|
|t:|1760883690
|switch|p1a: Gholdengo|Gholdengo, tera:Flying|94/100
|move|p2a: Itachi|Defog|p1a: Gholdengo
|-unboost|p1a: Gholdengo|evasion|1
|-sideend|p2: OP Earthquakes|Stealth Rock|[from] move: Defog|[of] p2a: Itachi
|
|-weather|none
|upkeep
|turn|25
|
|t:|1760883708
|move|p2a: Itachi|Brave Bird|p1a: Gholdengo
|-damage|p1a: Gholdengo|43/100
|-damage|p2a: Itachi|54/100|[from] Recoil
|move|p1a: Gholdengo|Make It Rain|p2a: Itachi
|-damage|p2a: Itachi|0 fnt
|-unboost|p1a: Gholdengo|spa|1
|faint|p2a: Itachi
|
|upkeep
|
|t:|1760883714
|switch|p2a: Porunga|Pawmot, F|48/100 slp
|turn|26
|
|t:|1760883717
|cant|p2a: Porunga|slp
|move|p2a: Porunga|Sleep Talk|p2a: Porunga
|move|p2a: Porunga|Rest||[from] move: Sleep Talk|[still]
|-fail|p2a: Porunga
|move|p1a: Gholdengo|Make It Rain|p2a: Porunga
|-resisted|p2a: Porunga
|-damage|p2a: Porunga|0 fnt
|-unboost|p1a: Gholdengo|spa|1
|faint|p2a: Porunga
|
|upkeep
|
|t:|1760883722
|switch|p2a: Thundurus|Thundurus-Therian, M|44/100
|turn|27
|-message|OP Earthquakes forfeited.
|
|win|VaporeonUser
|raw|VaporeonUser's rating: 1579 &rarr; <strong>1598</strong><br />(+19 for winning)
|raw|OP Earthquakes's rating: 1568 &rarr; <strong>1549</strong><br />(-19 for losing)
|l|☆OP Earthquakes
|player|p2|
|l|☆VaporeonUser
|player|p1|
