|j|☆prettyhugedolphin
|j|☆painneverends0091
|t:|1760737747
|gametype|singles
|player|p1|prettyhugedolphin|veteran|1256
|player|p2|painneverends0091|fisherman-gen4|1291
|gen|9
|tier|[Gen 9] OU
|rated|
|rule|HP Percentage Mod: HP is shown in percentages
|rule|Endless Battle Clause: Forcing endless battles is banned
|rule|Species Clause: Limit one of each Pokémon
|rule|OHKO Clause: OHKO moves are banned
|rule|Evasion Items Clause: Evasion items are banned
|rule|Evasion Moves Clause: Evasion moves are banned
|rule|Evasion Abilities Clause: Evasion abilities are banned
|rule|Sleep Moves Clause: Sleep-inducing moves are banned
|clearpoke
|poke|p1|Conkeldurr, M|
|poke|p1|Quaquaval, M|
|poke|p1|Kommo-o, M|
|poke|p1|Blaziken, M|
|poke|p1|Hawlucha, M|
|poke|p1|Scrafty, M|
|poke|p2|Regidrago|
|poke|p2|Scizor, F|
|poke|p2|Armarouge, M|
|poke|p2|Weezing-Galar, F|
|poke|p2|Clodsire, M|
|poke|p2|Alomomola, F|
|teampreview
|inactive|Battle timer is ON: inactive players will automatically lose when time's up. (requested by painneverends0091)
|inactive|prettyhugedolphin also wants the timer to be on.
|
|t:|1760737769
|teamsize|p1|6
|teamsize|p2|6
|start
|switch|p1a: Scrafty|Scrafty, M|100/100
|switch|p2a: Regidrago|Regidrago|100/100
|turn|1
|
|t:|1760737774
|move|p2a: Regidrago|Dragon Energy|p1a: Scrafty
|-damage|p1a: Scrafty|0 fnt
|faint|p1a: Scrafty
|
|upkeep
|
|t:|1760737803
|switch|p1a: Blaziken|Blaziken, M, shiny|100/100
|turn|2
|inactive|painneverends0091 has 120 seconds left.
|
|t:|1760737835
|move|p1a: Blaziken|Protect|p1a: Blaziken
|-singleturn|p1a: Blaziken|Protect
|move|p2a: Regidrago|Dragon Energy|p1a: Blaziken
|-activate|p1a: Blaziken|move: Protect
|
|-ability|p1a: Blaziken|Speed Boost|boost
|-boost|p1a: Blaziken|spe|1
|upkeep
|turn|3
|
|t:|1760737845
|move|p1a: Blaziken|Close Combat|p2a: Regidrago
|-damage|p2a: Regidrago|12/100
|-unboost|p1a: Blaziken|def|1
|-unboost|p1a: Blaziken|spd|1
|-damage|p1a: Blaziken|91/100|[from] item: Life Orb
|move|p2a: Regidrago|Dragon Energy|p1a: Blaziken
|-damage|p1a: Blaziken|50/100
|
|-ability|p1a: Blaziken|Speed Boost|boost
|-boost|p1a: Blaziken|spe|1
|upkeep
|turn|4
|inactive|painneverends0091 has 120 seconds left.
|
|t:|1760737878
|switch|p1a: Conkeldurr|Conkeldurr, M, shiny|100/100
|move|p2a: Regidrago|Dragon Energy|p1a: Conkeldurr
|-damage|p1a: Conkeldurr|75/100
|
|upkeep
|turn|5
|
|t:|1760737885
|switch|p2a: Alomomola|Alomomola, F|100/100
|move|p1a: Conkeldurr|Bulk Up|p1a: Conkeldurr
|-boost|p1a: Conkeldurr|atk|1
|-boost|p1a: Conkeldurr|def|1
|
|upkeep
|turn|6
|
|t:|1760737890
|move|p1a: Conkeldurr|Dynamic Punch|p2a: Alomomola
|-damage|p2a: Alomomola|32/100
|-start|p2a: Alomomola|confusion
|-activate|p2a: Alomomola|confusion
|move|p2a: Alomomola|Flip Turn|p1a: Conkeldurr
|-damage|p1a: Conkeldurr|64/100
|
|t:|1760737899
|switch|p2a: Weezing|Weezing-Galar, F|100/100|[from] Flip Turn
|-ability|p2a: Weezing|Neutralizing Gas
|
|upkeep
|turn|7
|
|t:|1760737905
|move|p1a: Conkeldurr|Stomping Tantrum|p2a: Weezing
|-supereffective|p2a: Weezing
|-damage|p2a: Weezing|40/100
|move|p2a: Weezing|Strange Steam|p1a: Conkeldurr
|-supereffective|p1a: Conkeldurr
|-damage|p1a: Conkeldurr|0 fnt
|faint|p1a: Conkeldurr
|
|upkeep
|
|t:|1760737911
|switch|p1a: Quaquaval|Quaquaval, M, shiny|100/100
|turn|8
|
|t:|1760737932
|-terastallize|p1a: Quaquaval|Water
|move|p1a: Quaquaval|Swords Dance|p1a: Quaquaval
|-boost|p1a: Quaquaval|atk|2
|move|p2a: Weezing|Strange Steam|p1a: Quaquaval
|-damage|p1a: Quaquaval|64/100
|
|-heal|p1a: Quaquaval|70/100|[from] item: Leftovers
|upkeep
|turn|9
|
|t:|1760737945
|-terastallize|p2a: Weezing|Grass
|move|p1a: Quaquaval|Aqua Step|p2a: Weezing
|-resisted|p2a: Weezing
|-damage|p2a: Weezing|1/100
|-boost|p1a: Quaquaval|spe|1
|move|p2a: Weezing|Toxic|p1a: Quaquaval
|-status|p1a: Quaquaval|tox
|
|-heal|p1a: Quaquaval|76/100 tox|[from] item: Leftovers
|-damage|p1a: Quaquaval|70/100 tox|[from] psn
|upkeep
|turn|10
|
|t:|1760737954
|move|p1a: Quaquaval|Aqua Step|p2a: Weezing
|-resisted|p2a: Weezing
|-damage|p2a: Weezing|0 fnt
|-boost|p1a: Quaquaval|spe|1
|faint|p2a: Weezing
|-end|p2a: Weezing|ability: Neutralizing Gas
|-ability|p1a: Quaquaval|Moxie|boost
|-boost|p1a: Quaquaval|atk|1
|
|-heal|p1a: Quaquaval|76/100 tox|[from] item: Leftovers
|-damage|p1a: Quaquaval|64/100 tox|[from] psn
|upkeep
|
|t:|1760737956
|switch|p2a: Alomomola|Alomomola, F|65/100
|turn|11
|
|t:|1760737958
|move|p2a: Alomomola|Protect|p2a: Alomomola
|-singleturn|p2a: Alomomola|Protect
|move|p1a: Quaquaval|Close Combat|p2a: Alomomola
|-activate|p2a: Alomomola|move: Protect
|
|-heal|p1a: Quaquaval|70/100 tox|[from] item: Leftovers
|-damage|p1a: Quaquaval|52/100 tox|[from] psn
|upkeep
|turn|12
|
|t:|1760737970
|switch|p2a: Regidrago|Regidrago|12/100
|move|p1a: Quaquaval|Close Combat|p2a: Regidrago
|-damage|p2a: Regidrago|0 fnt
|-unboost|p1a: Quaquaval|def|1
|-unboost|p1a: Quaquaval|spd|1
|faint|p2a: Regidrago
|-ability|p1a: Quaquaval|Moxie|boost
|-boost|p1a: Quaquaval|atk|1
|
|-heal|p1a: Quaquaval|58/100 tox|[from] item: Leftovers
|-damage|p1a: Quaquaval|33/100 tox|[from] psn
|upkeep
|
|t:|1760737976
|switch|p2a: Alomomola|Alomomola, F|98/100
|turn|13
|
|t:|1760737984
|move|p2a: Alomomola|Protect|p2a: Alomomola
|-singleturn|p2a: Alomomola|Protect
|move|p1a: Quaquaval|Swords Dance|p1a: Quaquaval
|-boost|p1a: Quaquaval|atk|2
|
|-heal|p1a: Quaquaval|39/100 tox|[from] item: Leftovers
|-damage|p1a: Quaquaval|9/100 tox|[from] psn
|upkeep
|turn|14
|
|t:|1760737988
|switch|p2a: Clodsire|Clodsire, M|100/100
|move|p1a: Quaquaval|Close Combat|p2a: Clodsire
|-resisted|p2a: Clodsire
|-damage|p2a: Clodsire|64/100
|-unboost|p1a: Quaquaval|def|1
|-unboost|p1a: Quaquaval|spd|1
|
|-heal|p1a: Quaquaval|15/100 tox|[from] item: Leftovers
|-heal|p2a: Clodsire|70/100|[from] item: Leftovers
|-damage|p1a: Quaquaval|0 fnt|[from] psn
|faint|p1a: Quaquaval
|upkeep
|
|t:|1760738007
|switch|p1a: Kommo-o|Kommo-o, M|100/100
|turn|15
|
|t:|1760738017
|move|p1a: Kommo-o|Clangorous Soul|p1a: Kommo-o
|-boost|p1a: Kommo-o|atk|1
|-boost|p1a: Kommo-o|def|1
|-boost|p1a: Kommo-o|spa|1
|-boost|p1a: Kommo-o|spd|1
|-boost|p1a: Kommo-o|spe|1
|-damage|p1a: Kommo-o|68/100
|-enditem|p1a: Kommo-o|Throat Spray
|-boost|p1a: Kommo-o|spa|1|[from] item: Throat Spray
|move|p2a: Clodsire|Toxic|p1a: Kommo-o
|-status|p1a: Kommo-o|tox
|
|-heal|p2a: Clodsire|76/100|[from] item: Leftovers
|-damage|p1a: Kommo-o|61/100 tox|[from] psn
|upkeep
|turn|16
|
|t:|1760738024
|move|p1a: Kommo-o|Clanging Scales|p2a: Clodsire
|-damage|p2a: Clodsire|49/100
|-unboost|p1a: Kommo-o|def|1
|move|p2a: Clodsire|Recover|p2a: Clodsire
|-heal|p2a: Clodsire|99/100
|
|-heal|p2a: Clodsire|100/100|[from] item: Leftovers
|-damage|p1a: Kommo-o|49/100 tox|[from] psn
|upkeep
|turn|17
|
|t:|1760738031
|move|p1a: Kommo-o|Boomburst|p2a: Clodsire
|-damage|p2a: Clodsire|78/100
|move|p2a: Clodsire|Spikes|p1a: Kommo-o
|-sidestart|p1: prettyhugedolphin|Spikes
|
|-heal|p2a: Clodsire|85/100|[from] item: Leftovers
|-damage|p1a: Kommo-o|30/100 tox|[from] psn
|upkeep
|turn|18
|
|t:|1760738036
|move|p1a: Kommo-o|Clanging Scales|p2a: Clodsire
|-damage|p2a: Clodsire|61/100
|-unboost|p1a: Kommo-o|def|1
|move|p2a: Clodsire|Spikes|p1a: Kommo-o
|-sidestart|p1: prettyhugedolphin|Spikes
|
|-heal|p2a: Clodsire|67/100|[from] item: Leftovers
|-damage|p1a: Kommo-o|6/100 tox|[from] psn
|upkeep
|turn|19
|-message|prettyhugedolphin forfeited.
|
|win|painneverends0091
|raw|prettyhugedolphin's rating: 1256 &rarr; <strong>1234</strong><br />(-22 for losing)
|raw|painneverends0091's rating: 1291 &rarr; <strong>1313</strong><br />(+22 for winning)
|l|☆prettyhugedolphin
|player|p1|
|l|☆painneverends0091
|player|p2|
