|j|☆boldenhauer
|j|☆will114
|t:|1760738988
|gametype|singles
|player|p1|boldenhauer|265|1379
|player|p2|will114|shadowtriad|1373
|gen|9
|tier|[Gen 9] OU
|rated|
|rule|HP Percentage Mod: HP is shown in percentages
|rule|Endless Battle Clause: Forcing endless battles is banned
|rule|Species Clause: Limit one of each Pokémon
|rule|OHKO Clause: OHKO moves are banned
|rule|Evasion Items Clause: Evasion items are banned
|rule|Evasion Moves Clause: Evasion moves are banned
|rule|Evasion Abilities Clause: Evasion abilities are banned
|rule|Sleep Moves Clause: Sleep-inducing moves are banned
|clearpoke
|poke|p1|Tinkaton, F|
|poke|p1|Zapdos-Galar|
|poke|p1|Kyurem|
|poke|p1|Ting-Lu|
|poke|p1|Gholdengo|
|poke|p1|Morpeko, F|
|poke|p2|Zamazenta-*|
|poke|p2|Ninetales-Alola, F|
|poke|p2|Darkrai|
|poke|p2|Ceruledge, F|
|poke|p2|Hatterene, F|
|poke|p2|Gliscor, M|
|teampreview
|
|t:|1760738999
|teamsize|p1|6
|teamsize|p2|6
|start
|switch|p1a: Morpeko|Morpeko, F|100/100
|switch|p2a: Ceruledge|Ceruledge, F|100/100
|turn|1
|
|t:|1760739016
|switch|p2a: Gliscor|Gliscor, M|100/100
|move|p1a: Morpeko|Knock Off|p2a: Gliscor
|-damage|p2a: Gliscor|66/100
|-enditem|p2a: Gliscor|Toxic Orb|[from] move: Knock Off|[of] p1a: Morpeko
|
|-formechange|p1a: Morpeko|Morpeko-Hangry||[from] ability: Hunger Switch
|upkeep
|turn|2
|
|t:|1760739025
|move|p1a: Morpeko|Aura Wheel|p2a: Gliscor
|-damage|p2a: Gliscor|29/100
|-boost|p1a: Morpeko|spe|1
|move|p2a: Gliscor|Earthquake|p1a: Morpeko
|-supereffective|p1a: Morpeko
|-enditem|p1a: Morpeko|Focus Sash
|-damage|p1a: Morpeko|1/100
|
|-formechange|p1a: Morpeko|Morpeko||[from] ability: Hunger Switch
|upkeep
|turn|3
|
|t:|1760739034
|move|p1a: Morpeko|Reversal|p2a: Gliscor
|-resisted|p2a: Gliscor
|-damage|p2a: Gliscor|6/100
|move|p2a: Gliscor|Facade|p1a: Morpeko
|-damage|p1a: Morpeko|0 fnt
|faint|p1a: Morpeko
|
|upkeep
|
|t:|1760739040
|switch|p1a: Zapdos|Zapdos-Galar|100/100
|turn|4
|
|t:|1760739043
|move|p1a: Zapdos|Substitute|p1a: Zapdos
|-start|p1a: Zapdos|Substitute
|-damage|p1a: Zapdos|75/100
|move|p2a: Gliscor|Facade|p1a: Zapdos
|-activate|p1a: Zapdos|move: Substitute|[damage]
|
|-heal|p1a: Zapdos|82/100|[from] item: Leftovers
|upkeep
|turn|5
|
|t:|1760739056
|switch|p2a: Ceruledge|Ceruledge, F|100/100
|move|p1a: Zapdos|Bulk Up|p1a: Zapdos
|-boost|p1a: Zapdos|atk|1
|-boost|p1a: Zapdos|def|1
|
|-heal|p1a: Zapdos|88/100|[from] item: Leftovers
|upkeep
|turn|6
|
|t:|1760739063
|move|p1a: Zapdos|Bulk Up|p1a: Zapdos
|-boost|p1a: Zapdos|atk|1
|-boost|p1a: Zapdos|def|1
|move|p2a: Ceruledge|Swords Dance|p2a: Ceruledge
|-boost|p2a: Ceruledge|atk|2
|
|-heal|p1a: Zapdos|94/100|[from] item: Leftovers
|upkeep
|turn|7
|
|t:|1760739072
|move|p1a: Zapdos|Knock Off|p2a: Ceruledge
|-supereffective|p2a: Ceruledge
|-enditem|p2a: Ceruledge|Focus Sash
|-damage|p2a: Ceruledge|1/100
|-ability|p2a: Ceruledge|Weak Armor|boost
|-unboost|p2a: Ceruledge|def|1
|-boost|p2a: Ceruledge|spe|2
|move|p2a: Ceruledge|Bitter Blade|p1a: Zapdos
|-end|p1a: Zapdos|Substitute
|-heal|p2a: Ceruledge|6/100|[from] drain|[of] p1a: Zapdos
|
|-heal|p1a: Zapdos|100/100|[from] item: Leftovers
|upkeep
|turn|8
|
|t:|1760739090
|move|p2a: Ceruledge|Destiny Bond|p2a: Ceruledge
|-singlemove|p2a: Ceruledge|Destiny Bond
|move|p1a: Zapdos|Knock Off|p2a: Ceruledge
|-supereffective|p2a: Ceruledge
|-damage|p2a: Ceruledge|0 fnt
|faint|p2a: Ceruledge
|-activate|p2a: Ceruledge|move: Destiny Bond
|faint|p1a: Zapdos
|
|upkeep
|
|t:|1760739107
|switch|p1a: Tinkaton|Tinkaton, F|100/100
|switch|p2a: Gliscor|Gliscor, M|6/100
|-ability|p1a: Tinkaton|Mold Breaker
|-item|p1a: Tinkaton|Air Balloon
|turn|9
|
|t:|1760739125
|move|p1a: Tinkaton|Stealth Rock|p2a: Gliscor
|-sidestart|p2: will114|move: Stealth Rock
|move|p2a: Gliscor|Facade|p1a: Tinkaton
|-resisted|p1a: Tinkaton
|-crit|p1a: Tinkaton
|-damage|p1a: Tinkaton|84/100
|-enditem|p1a: Tinkaton|Air Balloon
|
|upkeep
|turn|10
|
|t:|1760739140
|move|p1a: Tinkaton|Knock Off|p2a: Gliscor
|-damage|p2a: Gliscor|0 fnt
|faint|p2a: Gliscor
|
|upkeep
|
|t:|1760739149
|switch|p2a: Darkrai|Darkrai|100/100
|-damage|p2a: Darkrai|88/100|[from] Stealth Rock
|turn|11
|
|t:|1760739156
|-terastallize|p2a: Darkrai|Poison
|move|p2a: Darkrai|Focus Blast|p1a: Tinkaton|[miss]
|-miss|p2a: Darkrai|p1a: Tinkaton
|move|p1a: Tinkaton|Encore|p2a: Darkrai
|-start|p2a: Darkrai|Encore
|
|upkeep
|turn|12
|
|t:|1760739162
|move|p2a: Darkrai|Focus Blast|p1a: Tinkaton
|-damage|p1a: Tinkaton|35/100
|-damage|p2a: Darkrai|78/100|[from] item: Life Orb
|move|p1a: Tinkaton|Knock Off|p2a: Darkrai
|-crit|p2a: Darkrai
|-damage|p2a: Darkrai|44/100
|-enditem|p2a: Darkrai|Life Orb|[from] move: Knock Off|[of] p1a: Tinkaton
|
|upkeep
|turn|13
|
|t:|1760739179
|move|p2a: Darkrai|Focus Blast|p1a: Tinkaton|[miss]
|-miss|p2a: Darkrai|p1a: Tinkaton
|move|p1a: Tinkaton|Gigaton Hammer|p2a: Darkrai
|-damage|p2a: Darkrai|0 fnt
|faint|p2a: Darkrai
|
|upkeep
|
|t:|1760739189
|switch|p2a: Zamazenta|Zamazenta|100/100
|-damage|p2a: Zamazenta|94/100|[from] Stealth Rock
|-ability|p2a: Zamazenta|Dauntless Shield|boost
|-boost|p2a: Zamazenta|def|1
|turn|14
|
|t:|1760739198
|move|p2a: Zamazenta|Crunch|p1a: Tinkaton
|-resisted|p1a: Tinkaton
|-damage|p1a: Tinkaton|20/100
|-unboost|p1a: Tinkaton|def|1
|move|p1a: Tinkaton|Encore|p2a: Zamazenta
|-start|p2a: Zamazenta|Encore
|
|upkeep
|turn|15
|-message|will114 forfeited.
|
|win|boldenhauer
|raw|boldenhauer's rating: 1379 &rarr; <strong>1399</strong><br />(+20 for winning)
|raw|will114's rating: 1373 &rarr; <strong>1353</strong><br />(-20 for losing)
|l|☆will114
|player|p2|
|l|☆boldenhauer
|player|p1|
