|j|☆AdWolfieshake
|j|☆Darkrius
|t:|1760849585
|gametype|singles
|player|p1|AdWolfieshake|janitor|1211
|player|p2|Darkrius|1|1175
|gen|9
|tier|[Gen 9] OU
|rated|
|rule|HP Percentage Mod: HP is shown in percentages
|rule|Endless Battle Clause: Forcing endless battles is banned
|rule|Species Clause: Limit one of each Pokémon
|rule|OHKO Clause: OHKO moves are banned
|rule|Evasion Items Clause: Evasion items are banned
|rule|Evasion Moves Clause: Evasion moves are banned
|rule|Evasion Abilities Clause: Evasion abilities are banned
|rule|Sleep Moves Clause: Sleep-inducing moves are banned
|clearpoke
|poke|p1|Glimmora, F|
|poke|p1|Gallade, M|
|poke|p1|Polteageist-Antique|
|poke|p1|Azumarill, F|
|poke|p1|Hydrapple, M|
|poke|p1|Maushold-Four|
|poke|p2|Dragonite, M|
|poke|p2|Rillaboom, F|
|poke|p2|Clefable, M|
|poke|p2|Cloyster, M|
|poke|p2|Polteageist|
|poke|p2|Corviknight, F|
|teampreview
|
|t:|1760849596
|teamsize|p1|6
|teamsize|p2|6
|start
|switch|p1a: Gallade|Gallade, M|100/100
|switch|p2a: Cloyster|Cloyster, M|100/100
|turn|1
|
|t:|1760849604
|move|p1a: Gallade|Sacred Sword|p2a: Cloyster
|-supereffective|p2a: Cloyster
|-enditem|p2a: Cloyster|Focus Sash
|-damage|p2a: Cloyster|1/100
|move|p2a: Cloyster|Shell Smash|p2a: Cloyster
|-unboost|p2a: Cloyster|def|1
|-unboost|p2a: Cloyster|spd|1
|-boost|p2a: Cloyster|atk|2
|-boost|p2a: Cloyster|spa|2
|-boost|p2a: Cloyster|spe|2
|
|upkeep
|turn|2
|
|t:|1760849609
|move|p2a: Cloyster|Icicle Spear|p1a: Gallade
|-damage|p1a: Gallade|58/100
|-damage|p1a: Gallade|20/100
|-damage|p1a: Gallade|0 fnt
|faint|p1a: Gallade
|-hitcount|p1: Gallade|3
|
|upkeep
|
|t:|1760849613
|switch|p1a: Azumarill|Azumarill, F, shiny|100/100
|turn|3
|
|t:|1760849616
|move|p1a: Azumarill|Aqua Jet|p2a: Cloyster
|-resisted|p2a: Cloyster
|-damage|p2a: Cloyster|0 fnt
|faint|p2a: Cloyster
|
|upkeep
|
|t:|1760849621
|switch|p2a: Rillaboom|Rillaboom, F|100/100
|-fieldstart|move: Grassy Terrain|[from] ability: Grassy Surge|[of] p2a: Rillaboom
|turn|4
|
|t:|1760849630
|switch|p1a: Glimmora|Glimmora, F|100/100
|move|p2a: Rillaboom|Swords Dance|p2a: Rillaboom
|-boost|p2a: Rillaboom|atk|2
|
|upkeep
|turn|5
|
|t:|1760849635
|move|p1a: Glimmora|Sludge Bomb|p2a: Rillaboom
|-supereffective|p2a: Rillaboom
|-damage|p2a: Rillaboom|0 fnt
|faint|p2a: Rillaboom
|
|upkeep
|
|t:|1760849645
|switch|p2a: Polteageist|Polteageist|100/100
|turn|6
|
|t:|1760849653
|move|p1a: Glimmora|Meteor Beam||[still]
|-prepare|p1a: Glimmora|Meteor Beam
|-boost|p1a: Glimmora|spa|1
|-enditem|p1a: Glimmora|Power Herb
|-anim|p1a: Glimmora|Meteor Beam|p2a: Polteageist
|-crit|p2a: Polteageist
|-enditem|p2a: Polteageist|Focus Sash
|-damage|p2a: Polteageist|1/100
|move|p2a: Polteageist|Shell Smash|p2a: Polteageist
|-unboost|p2a: Polteageist|def|1
|-unboost|p2a: Polteageist|spd|1
|-boost|p2a: Polteageist|atk|2
|-boost|p2a: Polteageist|spa|2
|-boost|p2a: Polteageist|spe|2
|
|-heal|p2a: Polteageist|7/100|[from] Grassy Terrain
|upkeep
|turn|7
|
|t:|1760849665
|move|p2a: Polteageist|Shadow Ball|p1a: Glimmora
|-damage|p1a: Glimmora|0 fnt
|faint|p1a: Glimmora
|
|-heal|p2a: Polteageist|13/100|[from] Grassy Terrain
|upkeep
|
|t:|1760849671
|switch|p1a: Azumarill|Azumarill, F, shiny|100/100
|turn|8
|
|t:|1760849674
|move|p1a: Azumarill|Aqua Jet|p2a: Polteageist
|-damage|p2a: Polteageist|0 fnt
|faint|p2a: Polteageist
|
|-fieldend|move: Grassy Terrain
|upkeep
|
|t:|1760849678
|switch|p2a: Dragonite|Dragonite, M|100/100
|turn|9
|
|t:|1760849685
|move|p2a: Dragonite|Dragon Dance|p2a: Dragonite
|-boost|p2a: Dragonite|atk|1
|-boost|p2a: Dragonite|spe|1
|move|p1a: Azumarill|Belly Drum|p1a: Azumarill
|-damage|p1a: Azumarill|51/100
|-setboost|p1a: Azumarill|atk|6|[from] move: Belly Drum
|
|upkeep
|turn|10
|
|t:|1760849698
|-terastallize|p1a: Azumarill|Steel
|move|p2a: Dragonite|Iron Head|p1a: Azumarill
|-resisted|p1a: Azumarill
|-damage|p1a: Azumarill|25/100
|-enditem|p1a: Azumarill|Sitrus Berry|[eat]
|-heal|p1a: Azumarill|50/100|[from] item: Sitrus Berry
|move|p1a: Azumarill|Play Rough|p2a: Dragonite
|-supereffective|p2a: Dragonite
|-damage|p2a: Dragonite|0 fnt
|faint|p2a: Dragonite
|
|upkeep
|
|t:|1760849705
|switch|p2a: Corviknight|Corviknight, F|100/100
|-ability|p2a: Corviknight|Pressure
|turn|11
|
|t:|1760849713
|move|p1a: Azumarill|Aqua Jet|p2a: Corviknight
|-damage|p2a: Corviknight|12/100
|move|p2a: Corviknight|Body Press|p1a: Azumarill
|-supereffective|p1a: Azumarill
|-damage|p1a: Azumarill|10/100
|
|-heal|p2a: Corviknight|19/100|[from] item: Leftovers
|upkeep
|turn|12
|
|t:|1760849719
|move|p1a: Azumarill|Aqua Jet|p2a: Corviknight
|-damage|p2a: Corviknight|0 fnt
|faint|p2a: Corviknight
|
|upkeep
|
|t:|1760849721
|switch|p2a: Clefable|Clefable, M|100/100
|turn|13
|
|t:|1760849729
|move|p1a: Azumarill|Aqua Jet|p2a: Clefable
|-damage|p2a: Clefable|0 fnt
|faint|p2a: Clefable
|
|win|AdWolfieshake
|raw|AdWolfieshake's rating: 1211 &rarr; <strong>1233</strong><br />(+22 for winning)
|raw|Darkrius's rating: 1175 &rarr; <strong>1153</strong><br />(-22 for losing)
|l|☆Darkrius
|player|p2|
|c|☆AdWolfieshake|gg mate
|l|☆AdWolfieshake
|player|p1|
