|j|☆kiarnjd
|j|☆KennytheslugSmith
|t:|1760867184
|gametype|singles
|player|p1|kiarnjd|red|1341
|player|p2|KennytheslugSmith|scientist-gen4dp|1377
|gen|9
|tier|[Gen 9] OU
|rated|
|rule|HP Percentage Mod: HP is shown in percentages
|rule|Endless Battle Clause: Forcing endless battles is banned
|rule|Species Clause: Limit one of each Pokémon
|rule|OHKO Clause: OHKO moves are banned
|rule|Evasion Items Clause: Evasion items are banned
|rule|Evasion Moves Clause: Evasion moves are banned
|rule|Evasion Abilities Clause: Evasion abilities are banned
|rule|Sleep Moves Clause: Sleep-inducing moves are banned
|clearpoke
|poke|p1|Keldeo-Resolute|
|poke|p1|Pelipper, M|
|poke|p1|Barraskewda, M|
|poke|p1|Iron Treads|
|poke|p1|Raging Bolt|
|poke|p1|Dragonite, M|
|poke|p2|Hydrapple, M|
|poke|p2|Skarmory, F|
|poke|p2|Tyranitar, M|
|poke|p2|Alomomola, F|
|poke|p2|Clodsire, M|
|poke|p2|Clefable, M|
|teampreview
|inactive|Battle timer is ON: inactive players will automatically lose when time's up. (requested by kiarnjd)
|
|t:|1760867195
|teamsize|p1|6
|teamsize|p2|6
|start
|switch|p1a: Pelipper|Pelipper, M|100/100
|switch|p2a: Tyranitar|Tyranitar, M|100/100
|-weather|Sandstorm|[from] ability: Sand Stream|[of] p2a: Tyranitar
|-weather|RainDance|[from] ability: Drizzle|[of] p1a: Pelipper
|turn|1
|
|t:|1760867205
|switch|p2a: Alomomola|Alomomola, F, shiny|100/100
|move|p1a: Pelipper|Surf|p2a: Alomomola
|-resisted|p2a: Alomomola
|-damage|p2a: Alomomola|80/100
|
|-weather|RainDance|[upkeep]
|upkeep
|turn|2
|
|t:|1760867213
|switch|p2a: Tyranitar|Tyranitar, M|100/100
|-weather|Sandstorm|[from] ability: Sand Stream|[of] p2a: Tyranitar
|move|p1a: Pelipper|U-turn|p2a: Tyranitar
|-supereffective|p2a: Tyranitar
|-damage|p2a: Tyranitar|87/100
|
|t:|1760867216
|switch|p1a: Iron Treads|Iron Treads|100/100|[from] U-turn
|
|-weather|Sandstorm|[upkeep]
|upkeep
|turn|3
|
|t:|1760867228
|switch|p2a: Alomomola|Alomomola, F, shiny|100/100
|move|p1a: Iron Treads|Stealth Rock|p2a: Alomomola
|-sidestart|p2: KennytheslugSmith|move: Stealth Rock
|
|-weather|Sandstorm|[upkeep]
|-damage|p2a: Alomomola|94/100|[from] Sandstorm
|upkeep
|turn|4
|
|t:|1760867241
|-end|p1a: Iron Treads|Quark Drive|[silent]
|switch|p1a: Raging Bolt|Raging Bolt|100/100
|move|p2a: Alomomola|Flip Turn|p1a: Raging Bolt
|-resisted|p1a: Raging Bolt
|-damage|p1a: Raging Bolt|94/100
|
|t:|1760867252
|switch|p2a: Tyranitar|Tyranitar, M|87/100|[from] Flip Turn
|
|-weather|Sandstorm|[upkeep]
|-damage|p1a: Raging Bolt|88/100|[from] Sandstorm
|upkeep
|turn|5
|
|t:|1760867272
|move|p1a: Raging Bolt|Draco Meteor|p2a: Tyranitar
|-damage|p2a: Tyranitar|54/100
|-unboost|p1a: Raging Bolt|spa|2
|move|p2a: Tyranitar|Stealth Rock|p1a: Raging Bolt
|-sidestart|p1: kiarnjd|move: Stealth Rock
|
|-weather|Sandstorm|[upkeep]
|-damage|p1a: Raging Bolt|82/100|[from] Sandstorm
|upkeep
|turn|6
|
|t:|1760867283
|-end|p1a: Raging Bolt|Protosynthesis|[silent]
|switch|p1a: Keldeo|Keldeo-Resolute|100/100
|-damage|p1a: Keldeo|94/100|[from] Stealth Rock
|move|p2a: Tyranitar|Knock Off|p1a: Keldeo
|-resisted|p1a: Keldeo
|-damage|p1a: Keldeo|71/100
|-ability|p1a: Keldeo|Justified|boost
|-boost|p1a: Keldeo|atk|1
|-enditem|p1a: Keldeo|Choice Specs|[from] move: Knock Off|[of] p2a: Tyranitar
|
|-weather|none
|upkeep
|turn|7
|
|t:|1760867298
|switch|p2a: Hydrapple|Hydrapple, M|100/100
|move|p1a: Keldeo|Secret Sword|p2a: Hydrapple
|-damage|p2a: Hydrapple|69/100
|
|upkeep
|turn|8
|
|t:|1760867309
|move|p1a: Keldeo|Secret Sword|p2a: Hydrapple
|-damage|p2a: Hydrapple|39/100
|move|p2a: Hydrapple|Giga Drain|p1a: Keldeo
|-supereffective|p1a: Keldeo
|-damage|p1a: Keldeo|0 fnt
|-heal|p2a: Hydrapple|66/100|[from] drain|[of] p1a: Keldeo
|faint|p1a: Keldeo
|
|upkeep
|
|t:|1760867312
|switch|p1a: Pelipper|Pelipper, M|100/100
|-damage|p1a: Pelipper|76/100|[from] Stealth Rock
|-weather|RainDance|[from] ability: Drizzle|[of] p1a: Pelipper
|turn|9
|
|t:|1760867323
|switch|p2a: Tyranitar|Tyranitar, M|54/100
|-weather|Sandstorm|[from] ability: Sand Stream|[of] p2a: Tyranitar
|move|p1a: Pelipper|Surf|p2a: Tyranitar
|-supereffective|p2a: Tyranitar
|-damage|p2a: Tyranitar|29/100
|
|-weather|Sandstorm|[upkeep]
|-damage|p1a: Pelipper|70/100|[from] Sandstorm
|upkeep
|turn|10
|
|t:|1760867336
|switch|p2a: Alomomola|Alomomola, F, shiny|100/100
|switch|p1a: Iron Treads|Iron Treads|100/100
|-damage|p1a: Iron Treads|97/100|[from] Stealth Rock
|
|-weather|Sandstorm|[upkeep]
|-damage|p2a: Alomomola|94/100|[from] Sandstorm
|upkeep
|turn|11
|
|t:|1760867346
|-end|p1a: Iron Treads|Quark Drive|[silent]
|switch|p1a: Pelipper|Pelipper, M|70/100
|-damage|p1a: Pelipper|45/100|[from] Stealth Rock
|-weather|RainDance|[from] ability: Drizzle|[of] p1a: Pelipper
|move|p2a: Alomomola|Wish|p2a: Alomomola
|
|-weather|RainDance|[upkeep]
|upkeep
|turn|12
|
|t:|1760867356
|move|p2a: Alomomola|Flip Turn|p1a: Pelipper
|-resisted|p1a: Pelipper
|-damage|p1a: Pelipper|35/100
|
|t:|1760867366
|switch|p2a: Tyranitar|Tyranitar, M|29/100|[from] Flip Turn
|-weather|Sandstorm|[from] ability: Sand Stream|[of] p2a: Tyranitar
|move|p1a: Pelipper|Hurricane|p2a: Tyranitar
|-resisted|p2a: Tyranitar
|-damage|p2a: Tyranitar|21/100
|
|-weather|Sandstorm|[upkeep]
|-damage|p1a: Pelipper|29/100|[from] Sandstorm
|-heal|p2a: Tyranitar|79/100|[from] move: Wish|[wisher] Alomomola
|upkeep
|turn|13
|
|t:|1760867379
|switch|p1a: Barraskewda|Barraskewda, M|100/100
|-damage|p1a: Barraskewda|88/100|[from] Stealth Rock
|move|p2a: Tyranitar|Knock Off|p1a: Barraskewda
|-damage|p1a: Barraskewda|12/100
|-enditem|p1a: Barraskewda|Choice Band|[from] move: Knock Off|[of] p2a: Tyranitar
|
|-weather|Sandstorm|[upkeep]
|-damage|p1a: Barraskewda|5/100|[from] Sandstorm
|upkeep
|turn|14
|
|t:|1760867390
|switch|p2a: Alomomola|Alomomola, F, shiny|100/100
|move|p1a: Barraskewda|Liquidation|p2a: Alomomola
|-resisted|p2a: Alomomola
|-damage|p2a: Alomomola|88/100
|
|-weather|Sandstorm|[upkeep]
|-damage|p1a: Barraskewda|0 fnt|[from] Sandstorm
|-damage|p2a: Alomomola|81/100|[from] Sandstorm
|faint|p1a: Barraskewda
|upkeep
|
|t:|1760867396
|switch|p1a: Dragonite|Dragonite, M|100/100
|turn|15
|
|t:|1760867405
|move|p1a: Dragonite|Hurricane|p2a: Alomomola
|-damage|p2a: Alomomola|43/100
|move|p2a: Alomomola|Flip Turn|p1a: Dragonite
|-resisted|p1a: Dragonite
|-damage|p1a: Dragonite|96/100
|
|t:|1760867413
|switch|p2a: Tyranitar|Tyranitar, M|79/100|[from] Flip Turn
|
|-weather|Sandstorm|[upkeep]
|-damage|p1a: Dragonite|90/100|[from] Sandstorm
|upkeep
|turn|16
|
|t:|1760867422
|-terastallize|p1a: Dragonite|Normal
|move|p1a: Dragonite|Earthquake|p2a: Tyranitar
|-supereffective|p2a: Tyranitar
|-damage|p2a: Tyranitar|18/100
|move|p2a: Tyranitar|Ice Beam|p1a: Dragonite
|-damage|p1a: Dragonite|66/100
|
|-weather|none
|upkeep
|turn|17
|
|t:|1760867434
|switch|p2a: Skarmory|Skarmory, F|100/100
|move|p1a: Dragonite|Extreme Speed|p2a: Skarmory
|-resisted|p2a: Skarmory
|-damage|p2a: Skarmory|86/100
|
|upkeep
|turn|18
|
|t:|1760867442
|switch|p1a: Pelipper|Pelipper, M|29/100
|-damage|p1a: Pelipper|4/100|[from] Stealth Rock
|-weather|RainDance|[from] ability: Drizzle|[of] p1a: Pelipper
|move|p2a: Skarmory|Body Press|p1a: Pelipper
|-resisted|p1a: Pelipper
|-damage|p1a: Pelipper|0 fnt
|faint|p1a: Pelipper
|
|-weather|RainDance|[upkeep]
|upkeep
|
|t:|1760867448
|switch|p1a: Raging Bolt|Raging Bolt|82/100
|-damage|p1a: Raging Bolt|69/100|[from] Stealth Rock
|turn|19
|
|t:|1760867458
|switch|p2a: Tyranitar|Tyranitar, M|18/100
|-weather|Sandstorm|[from] ability: Sand Stream|[of] p2a: Tyranitar
|move|p1a: Raging Bolt|Weather Ball|p2a: Tyranitar
|-damage|p2a: Tyranitar|1/100
|
|-weather|Sandstorm|[upkeep]
|-damage|p1a: Raging Bolt|63/100|[from] Sandstorm
|upkeep
|turn|20
|
|t:|1760867469
|switch|p2a: Clodsire|Clodsire, M|100/100
|move|p1a: Raging Bolt|Thunderclap||[still]
|-fail|p1a: Raging Bolt
|
|-weather|Sandstorm|[upkeep]
|-damage|p1a: Raging Bolt|57/100|[from] Sandstorm
|upkeep
|turn|21
|
|t:|1760867477
|move|p1a: Raging Bolt|Draco Meteor|p2a: Clodsire|[miss]
|-miss|p1a: Raging Bolt|p2a: Clodsire
|move|p2a: Clodsire|Earthquake|p1a: Raging Bolt
|-supereffective|p1a: Raging Bolt
|-damage|p1a: Raging Bolt|15/100
|
|-weather|Sandstorm|[upkeep]
|-damage|p1a: Raging Bolt|8/100|[from] Sandstorm
|upkeep
|turn|22
|
|t:|1760867486
|move|p1a: Raging Bolt|Draco Meteor|p2a: Clodsire
|-damage|p2a: Clodsire|56/100
|-unboost|p1a: Raging Bolt|spa|2
|move|p2a: Clodsire|Earthquake|p1a: Raging Bolt
|-supereffective|p1a: Raging Bolt
|-damage|p1a: Raging Bolt|0 fnt
|faint|p1a: Raging Bolt
|-end|p1a: Raging Bolt|Protosynthesis|[silent]
|
|-weather|Sandstorm|[upkeep]
|upkeep
|
|t:|1760867493
|switch|p1a: Dragonite|Dragonite, M, tera:Normal|66/100
|turn|23
|
|t:|1760867499
|switch|p2a: Skarmory|Skarmory, F|86/100
|move|p1a: Dragonite|Roost|p1a: Dragonite
|-heal|p1a: Dragonite|100/100
|
|-weather|none
|upkeep
|turn|24
|
|t:|1760867507
|move|p1a: Dragonite|Hurricane|p2a: Skarmory|[miss]
|-miss|p1a: Dragonite|p2a: Skarmory
|move|p2a: Skarmory|Iron Defense|p2a: Skarmory
|-boost|p2a: Skarmory|def|2
|
|upkeep
|turn|25
|c|☆kiarnjd|So fun
|-message|kiarnjd forfeited.
|
|win|KennytheslugSmith
|raw|kiarnjd's rating: 1341 &rarr; <strong>1323</strong><br />(-18 for losing)
|raw|KennytheslugSmith's rating: 1377 &rarr; <strong>1395</strong><br />(+18 for winning)
|l|☆kiarnjd
|player|p1|
|n|☆KennytheslugSmith|kennytheslugsmith
