|j|☆HahaGamingPart2
|j|☆bunweh's ass
|t:|1760847736
|gametype|singles
|player|p1|HahaGamingPart2|1|1056
|player|p2|bunweh's ass|101|1088
|gen|9
|tier|[Gen 9] OU
|rated|
|rule|HP Percentage Mod: HP is shown in percentages
|rule|Endless Battle Clause: Forcing endless battles is banned
|rule|Species Clause: Limit one of each Pokémon
|rule|OHKO Clause: OHKO moves are banned
|rule|Evasion Items Clause: Evasion items are banned
|rule|Evasion Moves Clause: Evasion moves are banned
|rule|Evasion Abilities Clause: Evasion abilities are banned
|rule|Sleep Moves Clause: Sleep-inducing moves are banned
|clearpoke
|poke|p1|Tyranitar, F|
|poke|p1|Excadrill, F|
|poke|p1|Houndstone, F|
|poke|p1|Hippowdon, F|
|poke|p1|Landorus-Therian, M|
|poke|p1|Ting-Lu|
|poke|p2|Meowscarada, F|
|poke|p2|Kingambit, M|
|poke|p2|Ogerpon-Wellspring, F|
|poke|p2|Pelipper, M|
|poke|p2|Barraskewda, M|
|poke|p2|Iron Valiant|
|teampreview
|inactive|Battle timer is ON: inactive players will automatically lose when time's up. (requested by bunweh's ass)
|
|t:|1760847748
|teamsize|p1|6
|teamsize|p2|6
|start
|switch|p1a: Hippowdon|Hippowdon, F|100/100
|switch|p2a: Meowscarada|Meowscarada, F|100/100
|-weather|Sandstorm|[from] ability: Sand Stream|[of] p1a: Hippowdon
|turn|1
|
|t:|1760847758
|move|p2a: Meowscarada|U-turn|p1a: Hippowdon
|-start|p2a: Meowscarada|typechange|Bug|[from] ability: Protean
|-damage|p1a: Hippowdon|67/100
|
|t:|1760847762
|switch|p2a: Pelipper|Pelipper, M|100/100|[from] U-turn
|-weather|RainDance|[from] ability: Drizzle|[of] p2a: Pelipper
|move|p1a: Hippowdon|Stone Edge|p2a: Pelipper
|-supereffective|p2a: Pelipper
|-damage|p2a: Pelipper|19/100
|
|-weather|RainDance|[upkeep]
|upkeep
|turn|2
|
|t:|1760847771
|switch|p1a: Tyranitar|Tyranitar, F|100/100
|-weather|Sandstorm|[from] ability: Sand Stream|[of] p1a: Tyranitar
|move|p2a: Pelipper|U-turn|p1a: Tyranitar
|-supereffective|p1a: Tyranitar
|-damage|p1a: Tyranitar|87/100
|
|t:|1760847778
|switch|p2a: Ogerpon|Ogerpon-Wellspring, F|100/100|[from] U-turn
|
|-weather|Sandstorm|[upkeep]
|-damage|p2a: Ogerpon|95/100|[from] Sandstorm
|upkeep
|turn|3
|
|t:|1760847787
|move|p2a: Ogerpon|Trailblaze|p1a: Tyranitar
|-supereffective|p1a: Tyranitar
|-damage|p1a: Tyranitar|39/100
|-boost|p2a: Ogerpon|spe|1
|move|p1a: Tyranitar|Crunch|p2a: Ogerpon
|-damage|p2a: Ogerpon|6/100
|
|-weather|Sandstorm|[upkeep]
|-damage|p2a: Ogerpon|0 fnt|[from] Sandstorm
|faint|p2a: Ogerpon
|upkeep
|
|t:|1760847798
|switch|p2a: Meowscarada|Meowscarada, F|100/100
|turn|4
|
|t:|1760847808
|move|p2a: Meowscarada|Flower Trick|p1a: Tyranitar
|-start|p2a: Meowscarada|typechange|Grass|[from] ability: Protean
|-supereffective|p1a: Tyranitar
|-crit|p1a: Tyranitar
|-damage|p1a: Tyranitar|0 fnt
|faint|p1a: Tyranitar
|
|-weather|Sandstorm|[upkeep]
|-damage|p2a: Meowscarada|94/100|[from] Sandstorm
|upkeep
|
|t:|1760847811
|switch|p1a: Excadrill|Excadrill, F|100/100
|turn|5
|
|t:|1760847820
|move|p1a: Excadrill|Iron Head|p2a: Meowscarada
|-damage|p2a: Meowscarada|0 fnt
|faint|p2a: Meowscarada
|
|-weather|Sandstorm|[upkeep]
|upkeep
|
|t:|1760847826
|switch|p2a: Pelipper|Pelipper, M|19/100
|-weather|RainDance|[from] ability: Drizzle|[of] p2a: Pelipper
|turn|6
|
|t:|1760847832
|move|p1a: Excadrill|Iron Head|p2a: Pelipper
|-resisted|p2a: Pelipper
|-damage|p2a: Pelipper|0 fnt
|faint|p2a: Pelipper
|
|-weather|RainDance|[upkeep]
|upkeep
|
|t:|1760847838
|switch|p2a: Barraskewda|Barraskewda, M|100/100
|turn|7
|
|t:|1760847859
|switch|p1a: Hippowdon|Hippowdon, F|67/100
|-weather|Sandstorm|[from] ability: Sand Stream|[of] p1a: Hippowdon
|-terastallize|p2a: Barraskewda|Water
|move|p2a: Barraskewda|Liquidation|p1a: Hippowdon
|-supereffective|p1a: Hippowdon
|-damage|p1a: Hippowdon|0 fnt
|faint|p1a: Hippowdon
|-damage|p2a: Barraskewda|91/100|[from] item: Life Orb
|
|-weather|Sandstorm|[upkeep]
|-damage|p2a: Barraskewda|85/100|[from] Sandstorm
|upkeep
|
|t:|1760847865
|switch|p1a: Houndstone|Houndstone, F|100/100
|turn|8
|
|t:|1760847874
|move|p1a: Houndstone|Play Rough|p2a: Barraskewda|[miss]
|-miss|p1a: Houndstone|p2a: Barraskewda
|move|p2a: Barraskewda|Liquidation|p1a: Houndstone
|-damage|p1a: Houndstone|1/100
|-damage|p2a: Barraskewda|75/100|[from] item: Life Orb
|
|-weather|Sandstorm|[upkeep]
|-damage|p2a: Barraskewda|69/100|[from] Sandstorm
|upkeep
|turn|9
|
|t:|1760847889
|move|p1a: Houndstone|Play Rough|p2a: Barraskewda
|-damage|p2a: Barraskewda|0 fnt
|faint|p2a: Barraskewda
|
|-weather|Sandstorm|[upkeep]
|upkeep
|
|t:|1760847895
|switch|p2a: Iron Valiant|Iron Valiant|100/100
|-enditem|p2a: Iron Valiant|Booster Energy
|-activate|p2a: Iron Valiant|ability: Quark Drive|[fromitem]
|-start|p2a: Iron Valiant|quarkdrivespe
|turn|10
|
|t:|1760847902
|move|p2a: Iron Valiant|Shadow Ball|p1a: Houndstone
|-supereffective|p1a: Houndstone
|-damage|p1a: Houndstone|0 fnt
|faint|p1a: Houndstone
|
|-weather|Sandstorm|[upkeep]
|-damage|p2a: Iron Valiant|94/100|[from] Sandstorm
|upkeep
|
|t:|1760847905
|switch|p1a: Excadrill|Excadrill, F|100/100
|turn|11
|
|t:|1760847913
|move|p1a: Excadrill|Iron Head|p2a: Iron Valiant
|-supereffective|p2a: Iron Valiant
|-damage|p2a: Iron Valiant|0 fnt
|faint|p2a: Iron Valiant
|-end|p2a: Iron Valiant|Quark Drive|[silent]
|
|-weather|none
|upkeep
|
|t:|1760847919
|switch|p2a: Kingambit|Kingambit, M|100/100
|-activate|p2a: Kingambit|ability: Supreme Overlord
|-start|p2a: Kingambit|fallen5|[silent]
|turn|12
|
|t:|1760847924
|switch|p1a: Landorus|Landorus-Therian, M|100/100
|-ability|p1a: Landorus|Intimidate|boost
|-unboost|p2a: Kingambit|atk|1
|move|p2a: Kingambit|Swords Dance|p2a: Kingambit
|-boost|p2a: Kingambit|atk|2
|
|upkeep
|turn|13
|
|t:|1760847933
|switch|p1a: Ting-Lu|Ting-Lu|100/100
|-ability|p1a: Ting-Lu|Vessel of Ruin
|move|p2a: Kingambit|Sucker Punch||[still]
|-fail|p2a: Kingambit
|
|upkeep
|turn|14
|
|t:|1760847940
|move|p2a: Kingambit|Iron Head|p1a: Ting-Lu
|-damage|p1a: Ting-Lu|50/100
|cant|p1a: Ting-Lu|flinch
|
|upkeep
|turn|15
|
|t:|1760847946
|move|p2a: Kingambit|Iron Head|p1a: Ting-Lu
|-damage|p1a: Ting-Lu|0 fnt
|faint|p1a: Ting-Lu
|
|upkeep
|
|t:|1760847948
|switch|p1a: Landorus|Landorus-Therian, M|100/100
|-ability|p1a: Landorus|Intimidate|boost
|-unboost|p2a: Kingambit|atk|1
|turn|16
|
|t:|1760847954
|move|p1a: Landorus|Earthquake|p2a: Kingambit
|-supereffective|p2a: Kingambit
|-damage|p2a: Kingambit|0 fnt
|faint|p2a: Kingambit
|-end|p2a: Kingambit|fallen5|[silent]
|
|win|HahaGamingPart2
|raw|HahaGamingPart2's rating: 1056 &rarr; <strong>1091</strong><br />(+35 for winning)
|raw|bunweh&apos;s ass's rating: 1088 &rarr; <strong>1063</strong><br />(-25 for losing)
|l|☆bunweh's ass
|player|p2|
|l|☆HahaGamingPart2
|player|p1|
