|j|☆ShadowOfTheHeart2
|j|☆RATTATAAA MASTER
|t:|1760845567
|gametype|singles
|player|p1|ShadowOfTheHeart2|102|1111
|player|p2|RATTATAAA MASTER|lance|1127
|gen|9
|tier|[Gen 9] OU
|rated|
|rule|HP Percentage Mod: HP is shown in percentages
|rule|Endless Battle Clause: Forcing endless battles is banned
|rule|Species Clause: Limit one of each Pokémon
|rule|OHKO Clause: OHKO moves are banned
|rule|Evasion Items Clause: Evasion items are banned
|rule|Evasion Moves Clause: Evasion moves are banned
|rule|Evasion Abilities Clause: Evasion abilities are banned
|rule|Sleep Moves Clause: Sleep-inducing moves are banned
|clearpoke
|poke|p1|Darkrai|
|poke|p1|Great Tusk|
|poke|p1|Gholdengo|
|poke|p1|Kingambit, F|
|poke|p1|Glimmora, M|
|poke|p1|Dragonite, M|
|poke|p2|Entei|
|poke|p2|Torkoal, M|
|poke|p2|Walking Wake|
|poke|p2|Great Tusk|
|poke|p2|Gholdengo|
|poke|p2|Venusaur, F|
|teampreview
|inactive|Battle timer is ON: inactive players will automatically lose when time's up. (requested by RATTATAAA MASTER)
|inactive|ShadowOfTheHeart2 has 120 seconds left.
|inactive|ShadowOfTheHeart2 has 90 seconds left.
|inactive|ShadowOfTheHeart2 has 60 seconds left.
|
|t:|1760845669
|teamsize|p1|6
|teamsize|p2|6
|start
|switch|p1a: Glimmora|Glimmora, M, shiny|100/100
|switch|p2a: Torkoal|Torkoal, M|100/100
|-weather|SunnyDay|[from] ability: Drought|[of] p2a: Torkoal
|turn|1
|
|t:|1760845685
|move|p1a: Glimmora|Stealth Rock|p2a: Torkoal
|-sidestart|p2: RATTATAAA MASTER|move: Stealth Rock
|move|p2a: Torkoal|Scorching Sands|p1a: Glimmora
|-supereffective|p1a: Glimmora
|-damage|p1a: Glimmora|28/100
|
|-weather|SunnyDay|[upkeep]
|upkeep
|turn|2
|inactive|ShadowOfTheHeart2 has 120 seconds left.
|inactive|ShadowOfTheHeart2 has 90 seconds left.
|
|t:|1760845733
|move|p1a: Glimmora|Meteor Beam||[still]
|-prepare|p1a: Glimmora|Meteor Beam
|-boost|p1a: Glimmora|spa|1
|-enditem|p1a: Glimmora|Power Herb
|-anim|p1a: Glimmora|Meteor Beam|p2a: Torkoal
|-supereffective|p2a: Torkoal
|-crit|p2a: Torkoal
|-damage|p2a: Torkoal|0 fnt
|faint|p2a: Torkoal
|
|-weather|SunnyDay|[upkeep]
|upkeep
|
|t:|1760845737
|switch|p2a: Venusaur|Venusaur, F|100/100
|-damage|p2a: Venusaur|88/100|[from] Stealth Rock
|turn|3
|
|t:|1760845750
|move|p2a: Venusaur|Solar Beam||[still]
|-prepare|p2a: Venusaur|Solar Beam
|-anim|p2a: Venusaur|Solar Beam|p1a: Glimmora
|-damage|p1a: Glimmora|0 fnt
|faint|p1a: Glimmora
|-damage|p2a: Venusaur|78/100|[from] item: Life Orb
|
|-weather|SunnyDay|[upkeep]
|upkeep
|inactive|ShadowOfTheHeart2 has 90 seconds left.
|
|t:|1760845766
|switch|p1a: Darkrai|Darkrai, shiny|100/100
|turn|4
|
|t:|1760845795
|-terastallize|p2a: Venusaur|Grass
|move|p2a: Venusaur|Solar Beam||[still]
|-prepare|p2a: Venusaur|Solar Beam
|-anim|p2a: Venusaur|Solar Beam|p1a: Darkrai
|-damage|p1a: Darkrai|0 fnt
|faint|p1a: Darkrai
|-damage|p2a: Venusaur|68/100|[from] item: Life Orb
|
|-weather|SunnyDay|[upkeep]
|upkeep
|inactive|ShadowOfTheHeart2 has 90 seconds left.
|
|t:|1760845818
|switch|p1a: Kingambit|Kingambit, F|100/100
|-activate|p1a: Kingambit|ability: Supreme Overlord
|-start|p1a: Kingambit|fallen2|[silent]
|turn|5
|
|t:|1760845823
|move|p1a: Kingambit|Sucker Punch|p2a: Venusaur
|-damage|p2a: Venusaur|0 fnt
|faint|p2a: Venusaur
|
|-weather|SunnyDay|[upkeep]
|upkeep
|
|t:|1760845826
|switch|p2a: Great Tusk|Great Tusk|100/100
|-damage|p2a: Great Tusk|97/100|[from] Stealth Rock
|-activate|p2a: Great Tusk|ability: Protosynthesis
|-start|p2a: Great Tusk|protosynthesisdef
|turn|6
|inactive|ShadowOfTheHeart2 has 90 seconds left.
|
|t:|1760845850
|-end|p1a: Kingambit|fallen2|[silent]
|switch|p1a: Dragonite|Dragonite, M, shiny|100/100
|move|p2a: Great Tusk|Ice Spinner|p1a: Dragonite
|-supereffective|p1a: Dragonite
|-damage|p1a: Dragonite|56/100
|
|-weather|SunnyDay|[upkeep]
|-heal|p2a: Great Tusk|100/100|[from] item: Leftovers
|upkeep
|turn|7
|
|t:|1760845858
|move|p1a: Dragonite|Roost|p1a: Dragonite
|-heal|p1a: Dragonite|100/100
|-singleturn|p1a: Dragonite|move: Roost
|move|p2a: Great Tusk|Rapid Spin|p1a: Dragonite
|-damage|p1a: Dragonite|94/100
|-boost|p2a: Great Tusk|spe|1
|-sideend|p2: RATTATAAA MASTER|Stealth Rock|[from] move: Rapid Spin|[of] p2a: Great Tusk
|
|-weather|SunnyDay|[upkeep]
|upkeep
|turn|8
|inactive|ShadowOfTheHeart2 has 90 seconds left.
|inactive|ShadowOfTheHeart2 has 60 seconds left.
|
|t:|1760845917
|move|p2a: Great Tusk|Ice Spinner|p1a: Dragonite
|-supereffective|p1a: Dragonite
|-damage|p1a: Dragonite|4/100
|move|p1a: Dragonite|Dragon Dance|p1a: Dragonite
|-boost|p1a: Dragonite|atk|1
|-boost|p1a: Dragonite|spe|1
|
|-weather|none
|-end|p2a: Great Tusk|Protosynthesis
|upkeep
|turn|9
|
|t:|1760845929
|move|p1a: Dragonite|Earthquake|p2a: Great Tusk
|-damage|p2a: Great Tusk|79/100
|move|p2a: Great Tusk|Rapid Spin|p1a: Dragonite
|-damage|p1a: Dragonite|0 fnt
|-boost|p2a: Great Tusk|spe|1
|faint|p1a: Dragonite
|
|-heal|p2a: Great Tusk|85/100|[from] item: Leftovers
|upkeep
|
|t:|1760845932
|switch|p1a: Gholdengo|Gholdengo, shiny|100/100
|-item|p1a: Gholdengo|Air Balloon
|turn|10
|inactive|ShadowOfTheHeart2 has 60 seconds left.
|
|t:|1760845946
|move|p2a: Great Tusk|Ice Spinner|p1a: Gholdengo
|-resisted|p1a: Gholdengo
|-damage|p1a: Gholdengo|87/100
|-enditem|p1a: Gholdengo|Air Balloon
|move|p1a: Gholdengo|Nasty Plot|p1a: Gholdengo
|-boost|p1a: Gholdengo|spa|2
|
|-heal|p2a: Great Tusk|92/100|[from] item: Leftovers
|upkeep
|turn|11
|inactive|ShadowOfTheHeart2 has 60 seconds left.
|
|t:|1760845960
|move|p2a: Great Tusk|Headlong Rush|p1a: Gholdengo
|-supereffective|p1a: Gholdengo
|-damage|p1a: Gholdengo|0 fnt
|-unboost|p2a: Great Tusk|def|1
|-unboost|p2a: Great Tusk|spd|1
|faint|p1a: Gholdengo
|
|-heal|p2a: Great Tusk|98/100|[from] item: Leftovers
|upkeep
|inactive|ShadowOfTheHeart2 has 60 seconds left.
|-message|ShadowOfTheHeart2 forfeited.
|
|win|RATTATAAA MASTER
|raw|ShadowOfTheHeart2's rating: 1111 &rarr; <strong>1089</strong><br />(-22 for losing)
|raw|RATTATAAA MASTER's rating: 1151 &rarr; <strong>1173</strong><br />(+22 for winning)
|l|☆ShadowOfTheHeart2
|player|p1|
