|j|☆AdventYasha
|j|☆lusaeon
|t:|1760807926
|gametype|singles
|player|p1|AdventYasha|gentleman|1096
|player|p2|lusaeon|1|1111
|gen|9
|tier|[Gen 9] OU
|rated|
|rule|HP Percentage Mod: HP is shown in percentages
|rule|Endless Battle Clause: Forcing endless battles is banned
|rule|Species Clause: Limit one of each Pokémon
|rule|OHKO Clause: OHKO moves are banned
|rule|Evasion Items Clause: Evasion items are banned
|rule|Evasion Moves Clause: Evasion moves are banned
|rule|Evasion Abilities Clause: Evasion abilities are banned
|rule|Sleep Moves Clause: Sleep-inducing moves are banned
|clearpoke
|poke|p1|Toxtricity-Low-Key, M|
|poke|p1|Zoroark-Hisui, F|
|poke|p1|Lycanroc-Midnight, F|
|poke|p1|Dragalge, F|
|poke|p1|Corviknight, M|
|poke|p1|Ceruledge, M|
|poke|p2|Slowking-Galar, M|
|poke|p2|Iron Valiant|
|poke|p2|Alomomola, F|
|poke|p2|Blissey, F|
|poke|p2|Gliscor, F|
|poke|p2|Skarmory, M|
|teampreview
|inactive|Battle timer is ON: inactive players will automatically lose when time's up. (requested by AdventYasha)
|
|t:|1760807956
|teamsize|p1|6
|teamsize|p2|6
|start
|switch|p1a: Corviknight|Corviknight, M|100/100
|switch|p2a: Gliscor|Gliscor, F|100/100
|turn|1
|
|t:|1760807964
|move|p2a: Gliscor|Protect|p2a: Gliscor
|-singleturn|p2a: Gliscor|Protect
|move|p1a: Corviknight|Nasty Plot|p1a: Corviknight
|-boost|p1a: Corviknight|spa|2
|
|-status|p2a: Gliscor|tox|[from] item: Toxic Orb
|upkeep
|turn|2
|
|t:|1760807972
|switch|p2a: Blissey|Blissey, F|100/100
|move|p1a: Corviknight|Nasty Plot|p1a: Corviknight
|-boost|p1a: Corviknight|spa|2
|
|upkeep
|turn|3
|
|t:|1760807979
|move|p1a: Corviknight|Nasty Plot|p1a: Corviknight
|-boost|p1a: Corviknight|spa|2
|move|p2a: Blissey|Calm Mind|p2a: Blissey
|-boost|p2a: Blissey|spa|1
|-boost|p2a: Blissey|spd|1
|
|upkeep
|turn|4
|c|☆AdventYasha|!weak blissey
|c| AdventYasha|/raw <div class="infobox">Blissey (ignoring abilities):<br /><span class="message-effect-weak">Weaknesses</span>: Fighting<br /><span class="message-effect-resist">Resistances</span>: <span class="gray">None</span><br /><span class="message-effect-immune">Immunities</span>: Ghost</div>
|
|t:|1760807994
|move|p1a: Corviknight|Focus Blast|p2a: Blissey
|-supereffective|p2a: Blissey
|-damage|p2a: Blissey|21/100
|move|p2a: Blissey|Calm Mind|p2a: Blissey
|-boost|p2a: Blissey|spa|1
|-boost|p2a: Blissey|spd|1
|
|upkeep
|turn|5
|
|t:|1760808001
|move|p1a: Corviknight|Focus Blast|p2a: Blissey
|-supereffective|p2a: Blissey
|-damage|p2a: Blissey|0 fnt
|faint|p2a: Blissey
|
|upkeep
|
|t:|1760808003
|switch|p2a: Iron Valiant|Iron Valiant|100/100
|turn|6
|c|☆AdventYasha|!weak iron valiant
|c| AdventYasha|/raw <div class="infobox">Iron Valiant (ignoring abilities):<br /><span class="message-effect-weak">Weaknesses</span>: Fairy, Flying, Poison, Psychic, Steel<br /><span class="message-effect-resist">Resistances</span>: <b>Bug</b>, <b>Dark</b>, Fighting, Rock<br /><span class="message-effect-immune">Immunities</span>: Dragon</div>
|
|t:|1760808032
|-terastallize|p2a: Iron Valiant|Dark
|move|p2a: Iron Valiant|Knock Off|p1a: Corviknight
|-supereffective|p1a: Corviknight
|-enditem|p1a: Corviknight|Focus Sash
|-damage|p1a: Corviknight|1/100
|replace|p1a: Zoroark|Zoroark-Hisui, F, shiny
|-end|p1a: Zoroark|Illusion
|move|p1a: Zoroark|Flamethrower|p2a: Iron Valiant
|-damage|p2a: Iron Valiant|0 fnt
|faint|p2a: Iron Valiant
|-end|p2a: Iron Valiant|Quark Drive|[silent]
|
|upkeep
|
|t:|1760808039
|switch|p2a: Skarmory|Skarmory, M|100/100
|turn|7
|
|t:|1760808046
|move|p1a: Zoroark|Flamethrower|p2a: Skarmory
|-supereffective|p2a: Skarmory
|-ability|p2a: Skarmory|Sturdy
|-damage|p2a: Skarmory|1/100
|move|p2a: Skarmory|Brave Bird|p1a: Zoroark
|-damage|p1a: Zoroark|0 fnt
|faint|p1a: Zoroark
|-damage|p2a: Skarmory|0 fnt|[from] Recoil
|faint|p2a: Skarmory
|
|upkeep
|
|t:|1760808060
|switch|p1a: Toxtricity|Toxtricity-Low-Key, M|100/100
|switch|p2a: Gliscor|Gliscor, F|100/100 tox
|turn|8
|c|☆AdventYasha|!weak Gliscor
|c| AdventYasha|/raw <div class="infobox">Gliscor (ignoring abilities):<br /><span class="message-effect-weak">Weaknesses</span>: <b>Ice</b>, Water<br /><span class="message-effect-resist">Resistances</span>: Bug, Fighting, Poison<br /><span class="message-effect-immune">Immunities</span>: Electric, Ground, Sandstorm damage</div>
|inactive|AdventYasha has 120 seconds left.
|
|t:|1760808084
|move|p1a: Toxtricity|Toxic Spikes|p2a: Gliscor
|-sidestart|p2: lusaeon|move: Toxic Spikes
|move|p2a: Gliscor|Earthquake|p1a: Toxtricity
|-supereffective|p1a: Toxtricity
|-damage|p1a: Toxtricity|0 fnt
|faint|p1a: Toxtricity
|
|upkeep
|inactive|AdventYasha has 120 seconds left.
|
|t:|1760808114
|switch|p1a: Dragalge|Dragalge, F, shiny|100/100
|turn|9
|
|t:|1760808123
|move|p2a: Gliscor|Protect|p2a: Gliscor
|-singleturn|p2a: Gliscor|Protect
|move|p1a: Dragalge|Hydro Pump|p2a: Gliscor
|-activate|p2a: Gliscor|move: Protect
|
|upkeep
|turn|10
|
|t:|1760808129
|switch|p2a: Slowking|Slowking-Galar, M|100/100
|-sideend|p2: lusaeon|move: Toxic Spikes|[of] p2a: Slowking
|move|p1a: Dragalge|Hydro Pump|p2a: Slowking
|-damage|p2a: Slowking|82/100
|
|upkeep
|turn|11
|
|t:|1760808137
|move|p1a: Dragalge|Toxic|p2a: Slowking
|-immune|p2a: Slowking
|move|p2a: Slowking|Future Sight|p1a: Dragalge
|-start|p2a: Slowking|move: Future Sight
|
|upkeep
|turn|12
|inactive|lusaeon has 120 seconds left.
|
|t:|1760808172
|switch|p1a: Ceruledge|Ceruledge, M, shiny|100/100
|-prepare|p2a: Slowking|Chilly Reception|[premajor]
|move|p2a: Slowking|Chilly Reception|p2a: Slowking
|-weather|Snowscape
|
|t:|1760808176
|switch|p2a: Gliscor|Gliscor, F|100/100 tox|[from] Chilly Reception
|
|-weather|Snowscape|[upkeep]
|upkeep
|turn|13
|
|t:|1760808191
|switch|p1a: Corviknight|Corviknight, M|100/100
|move|p2a: Gliscor|Earthquake|p1a: Corviknight
|-immune|p1a: Corviknight
|
|-weather|Snowscape|[upkeep]
|-end|p1a: Corviknight|move: Future Sight
|-resisted|p1a: Corviknight
|-damage|p1a: Corviknight|78/100
|-heal|p1a: Corviknight|84/100|[from] item: Leftovers
|upkeep
|turn|14
|inactive|lusaeon has 120 seconds left.
|
|t:|1760808217
|switch|p1a: Ceruledge|Ceruledge, M, shiny|100/100
|move|p2a: Gliscor|Spikes|p1a: Ceruledge
|-sidestart|p1: AdventYasha|Spikes
|
|-weather|Snowscape|[upkeep]
|upkeep
|turn|15
|
|t:|1760808227
|switch|p1a: Corviknight|Corviknight, M|84/100
|move|p2a: Gliscor|Earthquake|p1a: Corviknight
|-immune|p1a: Corviknight
|
|-weather|Snowscape|[upkeep]
|-heal|p1a: Corviknight|90/100|[from] item: Leftovers
|upkeep
|turn|16
|inactive|lusaeon has 120 seconds left.
|
|t:|1760808246
|move|p2a: Gliscor|Spikes|p1a: Corviknight
|-sidestart|p1: AdventYasha|Spikes
|move|p1a: Corviknight|Iron Defense|p1a: Corviknight
|-boost|p1a: Corviknight|def|2
|
|-weather|none
|-heal|p1a: Corviknight|96/100|[from] item: Leftovers
|upkeep
|turn|17
|
|t:|1760808254
|switch|p2a: Alomomola|Alomomola, F|100/100
|move|p1a: Corviknight|Iron Defense|p1a: Corviknight
|-boost|p1a: Corviknight|def|2
|
|-heal|p1a: Corviknight|100/100|[from] item: Leftovers
|upkeep
|turn|18
|inactive|AdventYasha has 120 seconds left.
|
|t:|1760808263
|move|p1a: Corviknight|Defog|p2a: Alomomola
|-unboost|p2a: Alomomola|evasion|1
|-sideend|p1: AdventYasha|Spikes|[from] move: Defog|[of] p1a: Corviknight
|move|p2a: Alomomola|Scald|p1a: Corviknight
|-damage|p1a: Corviknight|88/100
|
|-heal|p1a: Corviknight|94/100|[from] item: Leftovers
|upkeep
|turn|19
|
|t:|1760808272
|move|p1a: Corviknight|Body Press|p2a: Alomomola
|-crit|p2a: Alomomola
|-damage|p2a: Alomomola|35/100
|move|p2a: Alomomola|Scald|p1a: Corviknight
|-damage|p1a: Corviknight|81/100
|-status|p1a: Corviknight|brn
|
|-heal|p1a: Corviknight|87/100 brn|[from] item: Leftovers
|-damage|p1a: Corviknight|81/100 brn|[from] brn
|upkeep
|turn|20
|
|t:|1760808296
|move|p1a: Corviknight|Iron Defense|p1a: Corviknight
|-boost|p1a: Corviknight|def|2
|move|p2a: Alomomola|Wish|p2a: Alomomola
|
|-heal|p1a: Corviknight|87/100 brn|[from] item: Leftovers
|-damage|p1a: Corviknight|81/100 brn|[from] brn
|upkeep
|turn|21
|
|t:|1760808307
|move|p2a: Alomomola|Protect|p2a: Alomomola
|-singleturn|p2a: Alomomola|Protect
|move|p1a: Corviknight|Body Press|p2a: Alomomola
|-activate|p2a: Alomomola|move: Protect
|
|-heal|p2a: Alomomola|85/100|[from] move: Wish|[wisher] Alomomola
|-heal|p1a: Corviknight|87/100 brn|[from] item: Leftovers
|-damage|p1a: Corviknight|81/100 brn|[from] brn
|upkeep
|turn|22
|inactive|lusaeon has 120 seconds left.
|
|t:|1760808353
|move|p1a: Corviknight|Body Press|p2a: Alomomola
|-damage|p2a: Alomomola|57/100
|move|p2a: Alomomola|Flip Turn|p1a: Corviknight
|-damage|p1a: Corviknight|78/100 brn
|
|t:|1760808356
|switch|p2a: Gliscor|Gliscor, F|100/100 tox|[from] Flip Turn
|
|-heal|p1a: Corviknight|84/100 brn|[from] item: Leftovers
|-damage|p1a: Corviknight|78/100 brn|[from] brn
|upkeep
|turn|23
|inactive|AdventYasha has 120 seconds left.
|
|t:|1760808377
|move|p2a: Gliscor|Spikes|p1a: Corviknight
|-sidestart|p1: AdventYasha|Spikes
|move|p1a: Corviknight|Body Press|p2a: Gliscor
|-resisted|p2a: Gliscor
|-damage|p2a: Gliscor|83/100 tox
|
|-heal|p1a: Corviknight|84/100 brn|[from] item: Leftovers
|-heal|p2a: Gliscor|95/100 tox|[from] ability: Poison Heal
|-damage|p1a: Corviknight|78/100 brn|[from] brn
|upkeep
|turn|24
|inactive|AdventYasha has 120 seconds left.
|inactive|lusaeon has 120 seconds left.
|inactive|lusaeon has 90 seconds left.
|inactive|lusaeon has 60 seconds left.
|
|t:|1760808461
|switch|p1a: Lycanroc|Lycanroc-Midnight, F, shiny|100/100
|-damage|p1a: Lycanroc|88/100|[from] Spikes
|move|p2a: Gliscor|Spikes|p1a: Lycanroc
|-sidestart|p1: AdventYasha|Spikes
|
|-heal|p2a: Gliscor|100/100 tox|[from] ability: Poison Heal
|upkeep
|turn|25
|inactive|AdventYasha has 120 seconds left.
|
|t:|1760808485
|move|p2a: Gliscor|Earthquake|p1a: Lycanroc
|-supereffective|p1a: Lycanroc
|-damage|p1a: Lycanroc|18/100
|move|p1a: Lycanroc|Stone Edge|p2a: Gliscor
|-damage|p2a: Gliscor|53/100 tox
|-damage|p1a: Lycanroc|8/100|[from] item: Life Orb
|
|-heal|p2a: Gliscor|65/100 tox|[from] ability: Poison Heal
|upkeep
|turn|26
|
|t:|1760808498
|move|p1a: Lycanroc|Sucker Punch|p2a: Gliscor
|-damage|p2a: Gliscor|44/100 tox
|-damage|p1a: Lycanroc|0 fnt|[from] item: Life Orb
|faint|p1a: Lycanroc
|move|p2a: Gliscor|Earthquake|p1: Lycanroc|[notarget]
|-fail|p2a: Gliscor
|
|-heal|p2a: Gliscor|56/100 tox|[from] ability: Poison Heal
|upkeep
|
|t:|1760808507
|switch|p1a: Dragalge|Dragalge, F, shiny|100/100
|-damage|p1a: Dragalge|84/100|[from] Spikes
|turn|27
|
|t:|1760808516
|move|p2a: Gliscor|Protect|p2a: Gliscor
|-singleturn|p2a: Gliscor|Protect
|move|p1a: Dragalge|Hydro Pump|p2a: Gliscor
|-activate|p2a: Gliscor|move: Protect
|
|-heal|p1a: Dragalge|90/100|[from] item: Black Sludge
|-heal|p2a: Gliscor|68/100 tox|[from] ability: Poison Heal
|upkeep
|turn|28
|
|t:|1760808527
|switch|p2a: Slowking|Slowking-Galar, M|100/100
|move|p1a: Dragalge|Hydro Pump|p2a: Slowking
|-damage|p2a: Slowking|81/100
|
|-heal|p1a: Dragalge|96/100|[from] item: Black Sludge
|upkeep
|turn|29
|
|t:|1760808540
|switch|p1a: Ceruledge|Ceruledge, M, shiny|100/100
|-damage|p1a: Ceruledge|84/100|[from] Spikes
|move|p2a: Slowking|Future Sight|p1a: Ceruledge
|-start|p2a: Slowking|move: Future Sight
|
|-heal|p1a: Ceruledge|90/100|[from] item: Leftovers
|upkeep
|turn|30
|inactive|lusaeon has 90 seconds left.
|
|t:|1760808568
|switch|p2a: Alomomola|Alomomola, F|91/100
|move|p1a: Ceruledge|Swords Dance|p1a: Ceruledge
|-boost|p1a: Ceruledge|atk|2
|
|-heal|p1a: Ceruledge|96/100|[from] item: Leftovers
|upkeep
|turn|31
|inactive|AdventYasha has 120 seconds left.
|c|☆AdventYasha|!weak Alomomola
|c| AdventYasha|/raw <div class="infobox">Alomomola (ignoring abilities):<br /><span class="message-effect-weak">Weaknesses</span>: Electric, Grass<br /><span class="message-effect-resist">Resistances</span>: Fire, Ice, Steel, Water<br /><span class="message-effect-immune">Immunities</span>: <span class="gray">None</span></div>
|inactive|AdventYasha has 90 seconds left.
|
|t:|1760808603
|move|p1a: Ceruledge|Close Combat|p2a: Alomomola
|-damage|p2a: Alomomola|45/100
|-unboost|p1a: Ceruledge|def|1
|-unboost|p1a: Ceruledge|spd|1
|move|p2a: Alomomola|Scald|p1a: Ceruledge
|-supereffective|p1a: Ceruledge
|-damage|p1a: Ceruledge|47/100
|
|-end|p1a: Ceruledge|move: Future Sight
|-damage|p1a: Ceruledge|0 fnt
|faint|p1a: Ceruledge
|upkeep
|inactive|AdventYasha has 90 seconds left.
|
|t:|1760808617
|switch|p1a: Corviknight|Corviknight, M|78/100 brn
|turn|32
|
|t:|1760808622
|switch|p1a: Dragalge|Dragalge, F, shiny|96/100
|-damage|p1a: Dragalge|80/100|[from] Spikes
|move|p2a: Alomomola|Scald|p1a: Dragalge
|-resisted|p1a: Dragalge
|-damage|p1a: Dragalge|73/100
|-status|p1a: Dragalge|brn
|
|-heal|p1a: Dragalge|79/100 brn|[from] item: Black Sludge
|-damage|p1a: Dragalge|73/100 brn|[from] brn
|upkeep
|turn|33
|
|t:|1760808635
|switch|p2a: Slowking|Slowking-Galar, M|100/100
|move|p1a: Dragalge|Toxic|p2a: Slowking
|-immune|p2a: Slowking
|
|-heal|p1a: Dragalge|79/100 brn|[from] item: Black Sludge
|-damage|p1a: Dragalge|73/100 brn|[from] brn
|upkeep
|turn|34
|inactive|lusaeon has 120 seconds left.
|
|t:|1760808653
|move|p1a: Dragalge|Hydro Pump|p2a: Slowking
|-damage|p2a: Slowking|82/100
|move|p2a: Slowking|Future Sight|p1a: Dragalge
|-start|p2a: Slowking|move: Future Sight
|
|-heal|p1a: Dragalge|79/100 brn|[from] item: Black Sludge
|-damage|p1a: Dragalge|73/100 brn|[from] brn
|upkeep
|turn|35
|
|t:|1760808662
|move|p1a: Dragalge|Hydro Pump|p2a: Slowking
|-damage|p2a: Slowking|63/100
|-prepare|p2a: Slowking|Chilly Reception|[premajor]
|move|p2a: Slowking|Chilly Reception|p2a: Slowking
|-weather|Snowscape
|inactive|lusaeon has 120 seconds left.
|
|t:|1760808667
|switch|p2a: Alomomola|Alomomola, F|79/100|[from] Chilly Reception
|
|-weather|Snowscape|[upkeep]
|-heal|p1a: Dragalge|79/100 brn|[from] item: Black Sludge
|-damage|p1a: Dragalge|73/100 brn|[from] brn
|upkeep
|turn|36
|
|t:|1760808676
|switch|p1a: Corviknight|Corviknight, M|78/100 brn
|move|p2a: Alomomola|Scald|p1a: Corviknight
|-damage|p1a: Corviknight|65/100 brn
|
|-weather|Snowscape|[upkeep]
|-end|p1a: Corviknight|move: Future Sight
|-resisted|p1a: Corviknight
|-damage|p1a: Corviknight|41/100 brn
|-heal|p1a: Corviknight|47/100 brn|[from] item: Leftovers
|-damage|p1a: Corviknight|41/100 brn|[from] brn
|upkeep
|turn|37
|inactive|lusaeon has 120 seconds left.
|
|t:|1760808696
|move|p1a: Corviknight|Iron Defense|p1a: Corviknight
|-boost|p1a: Corviknight|def|2
|move|p2a: Alomomola|Scald|p1a: Corviknight
|-damage|p1a: Corviknight|27/100 brn
|
|-weather|Snowscape|[upkeep]
|-heal|p1a: Corviknight|33/100 brn|[from] item: Leftovers
|-damage|p1a: Corviknight|27/100 brn|[from] brn
|upkeep
|turn|38
|
|t:|1760808713
|move|p1a: Corviknight|Iron Head|p2a: Alomomola
|-resisted|p2a: Alomomola
|-damage|p2a: Alomomola|76/100
|move|p2a: Alomomola|Scald|p1a: Corviknight
|-damage|p1a: Corviknight|13/100 brn
|
|-weather|Snowscape|[upkeep]
|-heal|p1a: Corviknight|19/100 brn|[from] item: Leftovers
|-damage|p1a: Corviknight|13/100 brn|[from] brn
|upkeep
|turn|39
|
|t:|1760808729
|move|p1a: Corviknight|Body Press|p2a: Alomomola
|-damage|p2a: Alomomola|60/100
|move|p2a: Alomomola|Scald|p1a: Corviknight
|-damage|p1a: Corviknight|1/100 brn
|
|-weather|none
|-heal|p1a: Corviknight|7/100 brn|[from] item: Leftovers
|-damage|p1a: Corviknight|1/100 brn|[from] brn
|upkeep
|turn|40
|
|t:|1760808740
|move|p1a: Corviknight|Body Press|p2a: Alomomola
|-damage|p2a: Alomomola|47/100
|move|p2a: Alomomola|Scald|p1a: Corviknight
|-damage|p1a: Corviknight|0 fnt
|faint|p1a: Corviknight
|
|upkeep
|
|t:|1760808748
|switch|p1a: Dragalge|Dragalge, F, shiny|73/100 brn
|-damage|p1a: Dragalge|57/100 brn|[from] Spikes
|turn|41
|
|t:|1760808755
|move|p1a: Dragalge|Toxic|p2a: Alomomola
|-status|p2a: Alomomola|tox
|move|p2a: Alomomola|Flip Turn|p1a: Dragalge
|-resisted|p1a: Dragalge
|-damage|p1a: Dragalge|47/100 brn
|
|t:|1760808757
|switch|p2a: Gliscor|Gliscor, F|68/100 tox|[from] Flip Turn
|
|-heal|p1a: Dragalge|53/100 brn|[from] item: Black Sludge
|-heal|p2a: Gliscor|81/100 tox|[from] ability: Poison Heal
|-damage|p1a: Dragalge|47/100 brn|[from] brn
|upkeep
|turn|42
|inactive|AdventYasha has 120 seconds left.
|
|t:|1760808769
|move|p2a: Gliscor|Earthquake|p1a: Dragalge
|-supereffective|p1a: Dragalge
|-damage|p1a: Dragalge|0 fnt
|faint|p1a: Dragalge
|
|win|lusaeon
|raw|AdventYasha's rating: 1096 &rarr; <strong>1073</strong><br />(-23 for losing)
|raw|lusaeon's rating: 1111 &rarr; <strong>1135</strong><br />(+24 for winning)
|l|☆AdventYasha
|player|p1|
