|j|☆frrrer34343
|j|☆tytjejejeo
|t:|1760771847
|gametype|singles
|player|p1|frrrer34343|101|1466
|player|p2|tytjejejeo|101|1425
|gen|9
|tier|[Gen 9] OU
|rated|
|rule|HP Percentage Mod: HP is shown in percentages
|rule|Endless Battle Clause: Forcing endless battles is banned
|rule|Species Clause: Limit one of each Pokémon
|rule|OHKO Clause: OHKO moves are banned
|rule|Evasion Items Clause: Evasion items are banned
|rule|Evasion Moves Clause: Evasion moves are banned
|rule|Evasion Abilities Clause: Evasion abilities are banned
|rule|Sleep Moves Clause: Sleep-inducing moves are banned
|clearpoke
|poke|p1|Hatterene, F|
|poke|p1|Dragapult, M|
|poke|p1|Iron Treads|
|poke|p1|Umbreon, F|
|poke|p1|Gholdengo|
|poke|p1|Ogerpon-Wellspring, F|
|poke|p2|Gyarados, F|
|poke|p2|Moltres|
|poke|p2|Corviknight, F|
|poke|p2|Latias, F|
|poke|p2|Gliscor, M|
|poke|p2|Arbok, F|
|teampreview
|inactive|Battle timer is ON: inactive players will automatically lose when time's up. (requested by frrrer34343)
|
|t:|1760771861
|teamsize|p1|6
|teamsize|p2|6
|start
|switch|p1a: Dragapult|Dragapult, M|100/100
|switch|p2a: Arbok|Arbok, F|100/100
|-ability|p2a: Arbok|Intimidate|boost
|-fail|p1a: Dragapult|unboost|[from] ability: Clear Body|[of] p1a: Dragapult
|turn|1
|
|t:|1760771888
|move|p1a: Dragapult|Draco Meteor|p2a: Arbok
|-damage|p2a: Arbok|0 fnt
|-unboost|p1a: Dragapult|spa|2
|faint|p2a: Arbok
|
|upkeep
|
|t:|1760771898
|switch|p2a: Latias|Latias, F|100/100
|turn|2
|c|☆frrrer34343|Arbok needs an evolution '
|
|t:|1760771904
|switch|p1a: Gholdengo|Gholdengo|100/100
|move|p2a: Latias|Calm Mind|p2a: Latias
|-boost|p2a: Latias|spa|1
|-boost|p2a: Latias|spd|1
|
|upkeep
|turn|3
|
|t:|1760771909
|move|p2a: Latias|Calm Mind|p2a: Latias
|-boost|p2a: Latias|spa|1
|-boost|p2a: Latias|spd|1
|move|p1a: Gholdengo|Thunder Wave|p2a: Latias
|-status|p2a: Latias|par
|
|upkeep
|turn|4
|
|t:|1760771918
|switch|p1a: Ogerpon|Ogerpon-Wellspring, F|100/100
|move|p2a: Latias|Calm Mind|p2a: Latias
|-boost|p2a: Latias|spa|1
|-boost|p2a: Latias|spd|1
|
|upkeep
|turn|5
|
|t:|1760771929
|switch|p1a: Umbreon|Umbreon, F|100/100
|move|p2a: Latias|Recover||[still]
|-fail|p2a: Latias|heal
|
|upkeep
|turn|6
|
|t:|1760771935
|switch|p1a: Iron Treads|Iron Treads|100/100
|move|p2a: Latias|Aura Sphere|p1a: Iron Treads
|-supereffective|p1a: Iron Treads
|-damage|p1a: Iron Treads|19/100
|
|-heal|p1a: Iron Treads|25/100|[from] item: Leftovers
|upkeep
|turn|7
|
|t:|1760771944
|move|p1a: Iron Treads|Knock Off|p2a: Latias
|-supereffective|p2a: Latias
|-damage|p2a: Latias|58/100 par
|-enditem|p2a: Latias|Kee Berry|[from] move: Knock Off|[of] p1a: Iron Treads
|cant|p2a: Latias|par
|
|-heal|p1a: Iron Treads|31/100|[from] item: Leftovers
|upkeep
|turn|8
|
|t:|1760771953
|-end|p1a: Iron Treads|Quark Drive|[silent]
|switch|p1a: Dragapult|Dragapult, M|100/100
|move|p2a: Latias|Recover|p2a: Latias
|-heal|p2a: Latias|100/100 par
|
|upkeep
|turn|9
|
|t:|1760771965
|move|p1a: Dragapult|Hex|p2a: Latias
|-supereffective|p2a: Latias
|-damage|p2a: Latias|40/100 par
|move|p2a: Latias|Stored Power|p1a: Dragapult
|-damage|p1a: Dragapult|0 fnt
|faint|p1a: Dragapult
|
|upkeep
|
|t:|1760771973
|switch|p1a: Ogerpon|Ogerpon-Wellspring, F|100/100
|turn|10
|
|t:|1760771980
|move|p1a: Ogerpon|Play Rough|p2a: Latias
|-supereffective|p2a: Latias
|-damage|p2a: Latias|0 fnt
|faint|p2a: Latias
|
|upkeep
|
|t:|1760771991
|switch|p2a: Corviknight|Corviknight, F|100/100
|-ability|p2a: Corviknight|Pressure
|turn|11
|
|t:|1760771997
|switch|p1a: Gholdengo|Gholdengo|100/100
|move|p2a: Corviknight|U-turn|p1a: Gholdengo
|-resisted|p1a: Gholdengo
|-damage|p1a: Gholdengo|98/100
|
|t:|1760772000
|switch|p2a: Moltres|Moltres|100/100|[from] U-turn
|
|-heal|p1a: Gholdengo|100/100|[from] item: Leftovers
|upkeep
|turn|12
|
|t:|1760772005
|switch|p1a: Umbreon|Umbreon, F|100/100
|move|p2a: Moltres|Overheat|p1a: Umbreon
|-damage|p1a: Umbreon|62/100
|-unboost|p2a: Moltres|spa|2
|
|-heal|p1a: Umbreon|68/100|[from] item: Leftovers
|upkeep
|turn|13
|
|t:|1760772013
|switch|p1a: Ogerpon|Ogerpon-Wellspring, F|100/100
|move|p2a: Moltres|U-turn|p1a: Ogerpon
|-supereffective|p1a: Ogerpon
|-damage|p1a: Ogerpon|60/100
|
|t:|1760772018
|switch|p2a: Corviknight|Corviknight, F|100/100|[from] U-turn
|-ability|p2a: Corviknight|Pressure
|
|upkeep
|turn|14
|
|t:|1760772029
|move|p1a: Ogerpon|Ivy Cudgel|p2a: Corviknight|[anim] Ivy Cudgel Water
|-damage|p2a: Corviknight|55/100
|move|p2a: Corviknight|U-turn|p1a: Ogerpon
|-supereffective|p1a: Ogerpon
|-damage|p1a: Ogerpon|22/100
|
|t:|1760772037
|switch|p2a: Gliscor|Gliscor, M|100/100|[from] U-turn
|
|-status|p2a: Gliscor|tox|[from] item: Toxic Orb
|upkeep
|turn|15
|
|t:|1760772043
|move|p1a: Ogerpon|Power Whip|p2a: Gliscor
|-damage|p2a: Gliscor|56/100 tox
|move|p2a: Gliscor|U-turn|p1a: Ogerpon
|-supereffective|p1a: Ogerpon
|-damage|p1a: Ogerpon|0 fnt
|faint|p1a: Ogerpon
|
|t:|1760772054
|switch|p2a: Gyarados|Gyarados, F|100/100|[from] U-turn
|
|upkeep
|c|☆frrrer34343|THEY NEED TO FUCKING BAN PIVOTING
|
|t:|1760772067
|switch|p1a: Hatterene|Hatterene, F|100/100
|turn|16
|
|t:|1760772087
|move|p2a: Gyarados|Dragon Dance|p2a: Gyarados
|-boost|p2a: Gyarados|atk|1
|-boost|p2a: Gyarados|spe|1
|move|p1a: Hatterene|Nuzzle|p2a: Gyarados
|-supereffective|p2a: Gyarados
|-damage|p2a: Gyarados|81/100
|-status|p2a: Gyarados|par
|-enditem|p2a: Gyarados|Lum Berry|[eat]
|-curestatus|p2a: Gyarados|par|[msg]
|
|upkeep
|turn|17
|inactive|tytjejejeo has 120 seconds left.
|
|t:|1760772111
|-terastallize|p2a: Gyarados|Ground
|move|p2a: Gyarados|Waterfall|p1a: Hatterene
|-damage|p1a: Hatterene|49/100
|move|p1a: Hatterene|Nuzzle|p2a: Gyarados
|-immune|p2a: Gyarados
|
|-heal|p1a: Hatterene|55/100|[from] item: Leftovers
|upkeep
|turn|18
|
|t:|1760772120
|move|p2a: Gyarados|Earthquake|p1a: Hatterene
|-damage|p1a: Hatterene|0 fnt
|faint|p1a: Hatterene
|-ability|p2a: Gyarados|Moxie|boost
|-boost|p2a: Gyarados|atk|1
|
|upkeep
|
|t:|1760772123
|switch|p1a: Umbreon|Umbreon, F|68/100
|turn|19
|
|t:|1760772126
|move|p1a: Umbreon|Protect|p1a: Umbreon
|-singleturn|p1a: Umbreon|Protect
|move|p2a: Gyarados|Earthquake|p1a: Umbreon
|-activate|p1a: Umbreon|move: Protect
|
|-heal|p1a: Umbreon|74/100|[from] item: Leftovers
|upkeep
|turn|20
|
|t:|1760772129
|move|p2a: Gyarados|Earthquake|p1a: Umbreon
|-damage|p1a: Umbreon|13/100
|move|p1a: Umbreon|Foul Play|p2a: Gyarados
|-damage|p2a: Gyarados|0 fnt
|faint|p2a: Gyarados
|
|-heal|p1a: Umbreon|19/100|[from] item: Leftovers
|upkeep
|inactive|tytjejejeo has 120 seconds left.
|
|t:|1760772161
|switch|p2a: Gliscor|Gliscor, M|56/100 tox
|turn|21
|
|t:|1760772168
|move|p1a: Umbreon|Protect|p1a: Umbreon
|-singleturn|p1a: Umbreon|Protect
|move|p2a: Gliscor|Earthquake|p1a: Umbreon
|-activate|p1a: Umbreon|move: Protect
|
|-heal|p1a: Umbreon|25/100|[from] item: Leftovers
|-heal|p2a: Gliscor|69/100 tox|[from] ability: Poison Heal
|upkeep
|turn|22
|inactive|frrrer34343 has 120 seconds left.
|c|☆tytjejejeo|i meant to tera ground dd
|c|☆tytjejejeo|but i fd up
|c|☆tytjejejeo|damn
|
|t:|1760772222
|move|p2a: Gliscor|Earthquake|p1a: Umbreon
|-damage|p1a: Umbreon|4/100
|move|p1a: Umbreon|Wish|p1a: Umbreon
|
|-heal|p1a: Umbreon|10/100|[from] item: Leftovers
|-heal|p2a: Gliscor|81/100 tox|[from] ability: Poison Heal
|upkeep
|turn|23
|
|t:|1760772233
|move|p1a: Umbreon|Protect|p1a: Umbreon
|-singleturn|p1a: Umbreon|Protect
|move|p2a: Gliscor|Earthquake|p1a: Umbreon
|-activate|p1a: Umbreon|move: Protect
|
|-heal|p1a: Umbreon|60/100|[from] move: Wish|[wisher] Umbreon
|-heal|p1a: Umbreon|66/100|[from] item: Leftovers
|-heal|p2a: Gliscor|94/100 tox|[from] ability: Poison Heal
|upkeep
|turn|24
|
|t:|1760772237
|move|p2a: Gliscor|Toxic|p1a: Umbreon
|-status|p1a: Umbreon|tox
|-activate|p1a: Umbreon|ability: Synchronize
|-fail|p2a: Gliscor|tox
|move|p1a: Umbreon|Wish|p1a: Umbreon
|
|-heal|p1a: Umbreon|73/100 tox|[from] item: Leftovers
|-heal|p2a: Gliscor|100/100 tox|[from] ability: Poison Heal
|-damage|p1a: Umbreon|66/100 tox|[from] psn
|upkeep
|turn|25
|
|t:|1760772241
|switch|p1a: Gholdengo|Gholdengo|100/100
|move|p2a: Gliscor|Earthquake|p1a: Gholdengo
|-supereffective|p1a: Gholdengo
|-damage|p1a: Gholdengo|53/100
|
|-heal|p1a: Gholdengo|100/100|[from] move: Wish|[wisher] Umbreon
|upkeep
|turn|26
|
|t:|1760772249
|switch|p2a: Moltres|Moltres|100/100
|-terastallize|p1a: Gholdengo|Water
|move|p1a: Gholdengo|Hex|p2a: Moltres
|-damage|p2a: Moltres|71/100
|
|upkeep
|turn|27
|c|☆tytjejejeo|oh shit i lose
|c|☆frrrer34343|they need to ban tera and pivoting
|inactive|tytjejejeo has 120 seconds left.
|c|☆frrrer34343|this entire game was fucked up
|
|t:|1760772283
|switch|p2a: Gliscor|Gliscor, M|100/100 tox
|move|p1a: Gholdengo|Thunder Wave|p2a: Gliscor
|-immune|p2a: Gliscor
|
|upkeep
|turn|28
|inactive|tytjejejeo has 120 seconds left.
|
|t:|1760772294
|switch|p2a: Corviknight|Corviknight, F|55/100
|-ability|p2a: Corviknight|Pressure
|move|p1a: Gholdengo|Hex|p2a: Corviknight
|-damage|p2a: Corviknight|34/100
|
|-heal|p2a: Corviknight|40/100|[from] item: Leftovers
|upkeep
|turn|29
|
|t:|1760772302
|move|p1a: Gholdengo|Thunder Wave|p2a: Corviknight
|-status|p2a: Corviknight|par
|cant|p2a: Corviknight|par
|
|-heal|p2a: Corviknight|46/100 par|[from] item: Leftovers
|upkeep
|turn|30
|
|t:|1760772307
|move|p1a: Gholdengo|Hex|p2a: Corviknight
|-damage|p2a: Corviknight|4/100 par
|move|p2a: Corviknight|Roost|p2a: Corviknight
|-heal|p2a: Corviknight|54/100 par
|-singleturn|p2a: Corviknight|move: Roost
|
|-heal|p2a: Corviknight|61/100 par|[from] item: Leftovers
|upkeep
|turn|31
|
|t:|1760772316
|switch|p1a: Iron Treads|Iron Treads|31/100
|move|p2a: Corviknight|Roost|p2a: Corviknight
|-heal|p2a: Corviknight|100/100 par
|-singleturn|p2a: Corviknight|move: Roost
|
|-heal|p1a: Iron Treads|37/100|[from] item: Leftovers
|upkeep
|turn|32
|
|t:|1760772324
|switch|p2a: Moltres|Moltres|71/100
|move|p1a: Iron Treads|Knock Off|p2a: Moltres
|-damage|p2a: Moltres|55/100
|-enditem|p2a: Moltres|Heavy-Duty Boots|[from] move: Knock Off|[of] p1a: Iron Treads
|
|-heal|p1a: Iron Treads|43/100|[from] item: Leftovers
|upkeep
|turn|33
|
|t:|1760772331
|move|p1a: Iron Treads|Stealth Rock|p2a: Moltres
|-sidestart|p2: tytjejejeo|move: Stealth Rock
|move|p2a: Moltres|Overheat|p1a: Iron Treads
|-supereffective|p1a: Iron Treads
|-crit|p1a: Iron Treads
|-damage|p1a: Iron Treads|0 fnt
|-unboost|p2a: Moltres|spa|2
|faint|p1a: Iron Treads
|-end|p1a: Iron Treads|Quark Drive|[silent]
|
|upkeep
|
|t:|1760772336
|switch|p1a: Gholdengo|Gholdengo, tera:Water|100/100
|turn|34
|
|t:|1760772341
|switch|p2a: Corviknight|Corviknight, F|100/100 par
|-damage|p2a: Corviknight|88/100 par|[from] Stealth Rock
|-ability|p2a: Corviknight|Pressure
|move|p1a: Gholdengo|Hex|p2a: Corviknight
|-damage|p2a: Corviknight|51/100 par
|
|-heal|p2a: Corviknight|57/100 par|[from] item: Leftovers
|upkeep
|turn|35
|
|t:|1760772347
|move|p1a: Gholdengo|Hex|p2a: Corviknight
|-damage|p2a: Corviknight|20/100 par
|move|p2a: Corviknight|Roost|p2a: Corviknight
|-heal|p2a: Corviknight|70/100 par
|-singleturn|p2a: Corviknight|move: Roost
|
|-heal|p2a: Corviknight|76/100 par|[from] item: Leftovers
|upkeep
|turn|36
|
|t:|1760772352
|move|p1a: Gholdengo|Hex|p2a: Corviknight
|-crit|p2a: Corviknight
|-damage|p2a: Corviknight|22/100 par
|cant|p2a: Corviknight|par
|
|-heal|p2a: Corviknight|28/100 par|[from] item: Leftovers
|upkeep
|turn|37
|
|t:|1760772359
|move|p1a: Gholdengo|Hex|p2a: Corviknight
|-damage|p2a: Corviknight|0 fnt
|faint|p2a: Corviknight
|
|upkeep
|
|t:|1760772363
|switch|p2a: Gliscor|Gliscor, M|100/100 tox
|-damage|p2a: Gliscor|88/100 tox|[from] Stealth Rock
|turn|38
|
|t:|1760772370
|move|p2a: Gliscor|Protect|p2a: Gliscor
|-singleturn|p2a: Gliscor|Protect
|move|p1a: Gholdengo|Focus Blast|p2a: Gliscor
|-activate|p2a: Gliscor|move: Protect
|
|-heal|p2a: Gliscor|100/100 tox|[from] ability: Poison Heal
|upkeep
|turn|39
|
|t:|1760772374
|move|p2a: Gliscor|Earthquake|p1a: Gholdengo
|-damage|p1a: Gholdengo|78/100
|move|p1a: Gholdengo|Hex|p2a: Gliscor
|-damage|p2a: Gliscor|30/100 tox
|
|-heal|p1a: Gholdengo|84/100|[from] item: Leftovers
|-heal|p2a: Gliscor|43/100 tox|[from] ability: Poison Heal
|upkeep
|turn|40
|
|t:|1760772380
|move|p2a: Gliscor|Protect|p2a: Gliscor
|-singleturn|p2a: Gliscor|Protect
|move|p1a: Gholdengo|Focus Blast|p2a: Gliscor
|-activate|p2a: Gliscor|move: Protect
|
|-heal|p1a: Gholdengo|90/100|[from] item: Leftovers
|-heal|p2a: Gliscor|55/100 tox|[from] ability: Poison Heal
|upkeep
|turn|41
|
|t:|1760772387
|move|p2a: Gliscor|Protect||[still]
|-fail|p2a: Gliscor
|move|p1a: Gholdengo|Hex|p2a: Gliscor
|-damage|p2a: Gliscor|0 fnt
|faint|p2a: Gliscor
|
|-heal|p1a: Gholdengo|96/100|[from] item: Leftovers
|upkeep
|-message|tytjejejeo forfeited.
|
|win|frrrer34343
|raw|frrrer34343's rating: 1466 &rarr; <strong>1484</strong><br />(+18 for winning)
|raw|tytjejejeo's rating: 1425 &rarr; <strong>1407</strong><br />(-18 for losing)
|l|☆tytjejejeo
|player|p2|
