|j|☆eladictoalkebab
|j|☆Splitsplat13
|inactive|Battle timer is ON: inactive players will automatically lose when time's up.
|t:|1760827345
|gametype|singles
|player|p1|eladictoalkebab|hilbert|
|player|p2|Splitsplat13|ethan|
|gen|9
|tier|[Gen 9] OU
|rated|Tournament battle
|rule|HP Percentage Mod: HP is shown in percentages
|rule|Endless Battle Clause: Forcing endless battles is banned
|rule|Species Clause: Limit one of each Pokémon
|rule|OHKO Clause: OHKO moves are banned
|rule|Evasion Items Clause: Evasion items are banned
|rule|Evasion Moves Clause: Evasion moves are banned
|rule|Evasion Abilities Clause: Evasion abilities are banned
|rule|Sleep Moves Clause: Sleep-inducing moves are banned
|rule|Force of the Fallen Mod: Pok&émon pass the move in their last moveslot to their allies when they're KOed
|rule|Terastal Clause: You cannot Terastallize
|raw|<div class="infobox"><details class="readmore"><summary><strong>18 custom rules:</strong></summary> Force of the Fallen Mod, Standard OMs, Terastal Clause, -Enamorus, -Falinks, -Komala, -Kommo-o, -Lilligant-Hisui, -Rage Fist, *Belly Drum, *Extreme Speed, *Population Bomb, *Quiver Dance, *Revival Blessing, *Shell Smash, -Booster Energy, *Tail Glow, -Smeargle</details></div>
|clearpoke
|poke|p1|Gliscor, M|
|poke|p1|Dragapult, F|
|poke|p1|Scizor, F|
|poke|p1|Iron Valiant|
|poke|p1|Ogerpon-Wellspring, F|
|poke|p1|Iron Moth|
|poke|p2|Iron Moth|
|poke|p2|Gholdengo|
|poke|p2|Dragapult, M|
|poke|p2|Gliscor, M|
|poke|p2|Corviknight, M|
|teampreview
|j|*Lady Monita ☀
|
|t:|1760827367
|teamsize|p1|6
|teamsize|p2|5
|start
|switch|p1a: Ogerpon|Ogerpon-Wellspring, F|100/100
|switch|p2a: Gliscor|Gliscor, M|100/100
|turn|1
|
|t:|1760827379
|move|p1a: Ogerpon|Knock Off|p2a: Gliscor
|-damage|p2a: Gliscor|61/100
|-enditem|p2a: Gliscor|Toxic Orb|[from] move: Knock Off|[of] p1a: Ogerpon
|move|p2a: Gliscor|Gunk Shot|p1a: Ogerpon
|-supereffective|p1a: Ogerpon
|-damage|p1a: Ogerpon|5/100
|
|upkeep
|turn|2
|
|t:|1760827389
|move|p1a: Ogerpon|Ivy Cudgel|p2a: Gliscor|[anim] Ivy Cudgel Water
|-supereffective|p2a: Gliscor
|-damage|p2a: Gliscor|0 fnt
|faint|p2a: Gliscor
|
|upkeep
|
|t:|1760827396
|switch|p2a: Dragapult|Dragapult, M|100/100
|turn|3
|
|t:|1760827415
|switch|p1a: Iron Valiant|Iron Valiant|100/100
|move|p2a: Dragapult|Gunk Shot|p1a: Iron Valiant|[miss]
|-miss|p2a: Dragapult|p1a: Iron Valiant
|
|upkeep
|turn|4
|
|t:|1760827428
|move|p2a: Dragapult|Gunk Shot|p1a: Iron Valiant
|-supereffective|p1a: Iron Valiant
|-damage|p1a: Iron Valiant|12/100
|-status|p1a: Iron Valiant|psn
|-enditem|p1a: Iron Valiant|Salac Berry|[eat]
|-boost|p1a: Iron Valiant|spe|1|[from] item: Salac Berry
|move|p1a: Iron Valiant|Moonblast|p2a: Dragapult
|-supereffective|p2a: Dragapult
|-damage|p2a: Dragapult|0 fnt
|faint|p2a: Dragapult
|
|-damage|p1a: Iron Valiant|0 fnt|[from] psn
|faint|p1a: Iron Valiant
|-end|p1a: Iron Valiant|Quark Drive|[silent]
|upkeep
|
|t:|1760827445
|switch|p2a: Gholdengo|Gholdengo|100/100
|switch|p1a: Dragapult|Dragapult, F, shiny|100/100
|turn|5
|
|t:|1760827455
|move|p1a: Dragapult|Shadow Ball|p2a: Gholdengo
|-supereffective|p2a: Gholdengo
|-damage|p2a: Gholdengo|0 fnt
|faint|p2a: Gholdengo
|
|upkeep
|
|t:|1760827470
|switch|p2a: Iron Moth|Iron Moth|100/100
|turn|6
|inactive|Splitsplat13 has 120 seconds left.
|
|t:|1760827492
|move|p1a: Dragapult|Shadow Ball|p2a: Iron Moth
|-damage|p2a: Iron Moth|67/100
|-unboost|p2a: Iron Moth|spd|1
|move|p2a: Iron Moth|Gunk Shot|p1a: Dragapult
|-resisted|p1a: Dragapult
|-damage|p1a: Dragapult|78/100
|-status|p1a: Dragapult|psn
|
|-damage|p1a: Dragapult|66/100 psn|[from] psn
|upkeep
|turn|7
|inactive|Splitsplat13 has 120 seconds left.
|
|t:|1760827514
|move|p1a: Dragapult|Shadow Ball|p2a: Iron Moth
|-damage|p2a: Iron Moth|12/100
|move|p2a: Iron Moth|Flamethrower|p1a: Dragapult
|-resisted|p1a: Dragapult
|-damage|p1a: Dragapult|32/100 psn
|
|-damage|p1a: Dragapult|19/100 psn|[from] psn
|upkeep
|turn|8
|
|t:|1760827535
|move|p1a: Dragapult|Shadow Ball|p2a: Iron Moth
|-damage|p2a: Iron Moth|0 fnt
|faint|p2a: Iron Moth
|-end|p2a: Iron Moth|Quark Drive|[silent]
|
|-damage|p1a: Dragapult|7/100 psn|[from] psn
|upkeep
|
|t:|1760827542
|switch|p2a: Corviknight|Corviknight, M|100/100
|-ability|p2a: Corviknight|Pressure
|turn|9
|
|t:|1760827555
|switch|p1a: Scizor|Scizor, F|100/100
|move|p2a: Corviknight|Bulk Up|p2a: Corviknight
|-boost|p2a: Corviknight|atk|1
|-boost|p2a: Corviknight|def|1
|
|upkeep
|turn|10
|
|t:|1760827569
|move|p2a: Corviknight|Bulk Up|p2a: Corviknight
|-boost|p2a: Corviknight|atk|1
|-boost|p2a: Corviknight|def|1
|move|p1a: Scizor|Knock Off|p2a: Corviknight
|-damage|p2a: Corviknight|84/100
|-enditem|p2a: Corviknight|Choice Scarf|[from] move: Knock Off|[of] p1a: Scizor
|
|upkeep
|turn|11
|
|t:|1760827578
|move|p2a: Corviknight|Bulk Up|p2a: Corviknight
|-boost|p2a: Corviknight|atk|1
|-boost|p2a: Corviknight|def|1
|move|p1a: Scizor|U-turn|p2a: Corviknight
|-resisted|p2a: Corviknight
|-damage|p2a: Corviknight|80/100
|
|t:|1760827581
|switch|p1a: Iron Moth|Iron Moth|100/100|[from] U-turn
|
|upkeep
|turn|12
|inactive|Splitsplat13 has 120 seconds left.
|
|t:|1760827615
|move|p1a: Iron Moth|Fiery Dance|p2a: Corviknight
|-supereffective|p2a: Corviknight
|-damage|p2a: Corviknight|0 fnt
|-boost|p1a: Iron Moth|spa|1
|faint|p2a: Corviknight
|
|win|eladictoalkebab
|n|☆eladictoalkebab|eladictoalkebab
|n|☆Splitsplat13|splitsplat13
|n|*Lady Monita ☀|ladymonita
