|j|☆go b3yond
|j|☆Euzebio98
|t:|1760723670
|gametype|singles
|player|p1|go b3yond|waiter-gen4dp|1524
|player|p2|Euzebio98|1|1531
|gen|9
|tier|[Gen 9] OU
|rated|
|rule|HP Percentage Mod: HP is shown in percentages
|rule|Endless Battle Clause: Forcing endless battles is banned
|rule|Species Clause: Limit one of each Pokémon
|rule|OHKO Clause: OHKO moves are banned
|rule|Evasion Items Clause: Evasion items are banned
|rule|Evasion Moves Clause: Evasion moves are banned
|rule|Evasion Abilities Clause: Evasion abilities are banned
|rule|Sleep Moves Clause: Sleep-inducing moves are banned
|clearpoke
|poke|p1|Torkoal, F|
|poke|p1|Brute Bonnet|
|poke|p1|Walking Wake|
|poke|p1|Hatterene, F|
|poke|p1|Thundurus-Therian, M|
|poke|p1|Ceruledge, F|
|poke|p2|Ludicolo, M|
|poke|p2|Pelipper, M|
|poke|p2|Barraskewda, F|
|poke|p2|Iron Crown|
|poke|p2|Great Tusk|
|poke|p2|Moltres|
|teampreview
|inactive|Battle timer is ON: inactive players will automatically lose when time's up. (requested by Euzebio98)
|inactive|go b3yond has 120 seconds left.
|
|t:|1760723726
|teamsize|p1|6
|teamsize|p2|6
|start
|switch|p1a: Shark|Walking Wake|100/100
|switch|p2a: Speedy Gonzales|Barraskewda, F|100/100
|turn|1
|
|t:|1760723738
|move|p2a: Speedy Gonzales|Flip Turn|p1a: Shark
|-resisted|p1a: Shark
|-damage|p1a: Shark|88/100
|
|t:|1760723746
|switch|p2a: El Chapo|Ludicolo, M|100/100|[from] Flip Turn
|move|p1a: Shark|Draco Meteor|p2a: El Chapo
|-damage|p2a: El Chapo|29/100
|-unboost|p1a: Shark|spa|2
|
|upkeep
|turn|2
|
|t:|1760723755
|switch|p2a: Frida Khalo|Pelipper, M|100/100
|-weather|RainDance|[from] ability: Drizzle|[of] p2a: Frida Khalo
|move|p1a: Shark|Draco Meteor|p2a: Frida Khalo
|-damage|p2a: Frida Khalo|60/100
|-unboost|p1a: Shark|spa|2
|
|-weather|RainDance|[upkeep]
|upkeep
|turn|3
|
|t:|1760723763
|move|p1a: Shark|Flip Turn|p2a: Frida Khalo
|-resisted|p2a: Frida Khalo
|-damage|p2a: Frida Khalo|50/100
|
|t:|1760723769
|-end|p1a: Shark|Protosynthesis|[silent]
|switch|p1a: Witch|Hatterene, F, shiny|100/100|[from] Flip Turn
|move|p2a: Frida Khalo|Roost|p2a: Frida Khalo
|-heal|p2a: Frida Khalo|100/100
|-singleturn|p2a: Frida Khalo|move: Roost
|
|-weather|RainDance|[upkeep]
|upkeep
|turn|4
|
|t:|1760723774
|move|p1a: Witch|Nuzzle|p2a: Frida Khalo
|-supereffective|p2a: Frida Khalo
|-damage|p2a: Frida Khalo|88/100
|-status|p2a: Frida Khalo|par
|move|p2a: Frida Khalo|U-turn|p1a: Witch
|-damage|p1a: Witch|92/100
|-enditem|p1a: Witch|Eject Button
|
|t:|1760723781
|switch|p1a: Storm|Thundurus-Therian, M|100/100
|
|-weather|RainDance|[upkeep]
|upkeep
|turn|5
|
|t:|1760723785
|move|p1a: Storm|Weather Ball|p2a: Frida Khalo
|-resisted|p2a: Frida Khalo
|-damage|p2a: Frida Khalo|33/100 par
|move|p2a: Frida Khalo|U-turn|p1a: Storm
|-resisted|p1a: Storm
|-damage|p1a: Storm|93/100
|
|t:|1760723788
|switch|p2a: Speedy Gonzales|Barraskewda, F|100/100|[from] U-turn
|
|-weather|RainDance|[upkeep]
|upkeep
|turn|6
|
|t:|1760723795
|switch|p1a: Witch|Hatterene, F, shiny|92/100
|move|p2a: Speedy Gonzales|Close Combat|p1a: Witch
|-resisted|p1a: Witch
|-damage|p1a: Witch|76/100
|-unboost|p2a: Speedy Gonzales|def|1
|-unboost|p2a: Speedy Gonzales|spd|1
|
|-weather|RainDance|[upkeep]
|upkeep
|turn|7
|
|t:|1760723803
|switch|p2a: Frida Khalo|Pelipper, M|33/100 par
|move|p1a: Witch|Psychic Noise|p2a: Frida Khalo
|-damage|p2a: Frida Khalo|0 fnt
|faint|p2a: Frida Khalo
|
|-weather|RainDance|[upkeep]
|upkeep
|
|t:|1760723809
|switch|p2a: El Chapo|Ludicolo, M|29/100
|turn|8
|
|t:|1760723820
|move|p2a: El Chapo|Surf|p1a: Witch
|-damage|p1a: Witch|0 fnt
|faint|p1a: Witch
|-damage|p2a: El Chapo|19/100|[from] item: Life Orb
|
|-weather|RainDance|[upkeep]
|upkeep
|
|t:|1760723823
|switch|p1a: Great Bait|Torkoal, F, shiny|100/100
|-weather|SunnyDay|[from] ability: Drought|[of] p1a: Great Bait
|turn|9
|
|t:|1760723827
|switch|p1a: Shark|Walking Wake|88/100
|-activate|p1a: Shark|ability: Protosynthesis
|-start|p1a: Shark|protosynthesisspe
|move|p2a: El Chapo|Surf|p1a: Shark
|-resisted|p1a: Shark
|-damage|p1a: Shark|83/100
|-damage|p2a: El Chapo|9/100|[from] item: Life Orb
|
|-weather|SunnyDay|[upkeep]
|upkeep
|turn|10
|
|t:|1760723837
|move|p1a: Shark|Flamethrower|p2a: El Chapo
|-damage|p2a: El Chapo|0 fnt
|faint|p2a: El Chapo
|
|-weather|SunnyDay|[upkeep]
|upkeep
|-message|Euzebio98 forfeited.
|
|win|go b3yond
|raw|go b3yond's rating: 1524 &rarr; <strong>1544</strong><br />(+20 for winning)
|raw|Euzebio98's rating: 1531 &rarr; <strong>1511</strong><br />(-20 for losing)
|l|☆Euzebio98
|player|p2|
|l|☆go b3yond
|player|p1|
