|j|☆catdonut
|j|☆isramitopvp
|t:|1760755194
|gametype|singles
|player|p1|catdonut|169|1094
|player|p2|isramitopvp|norman|1101
|gen|9
|tier|[Gen 9] OU
|rated|
|rule|HP Percentage Mod: HP is shown in percentages
|rule|Endless Battle Clause: Forcing endless battles is banned
|rule|Species Clause: Limit one of each Pokémon
|rule|OHKO Clause: OHKO moves are banned
|rule|Evasion Items Clause: Evasion items are banned
|rule|Evasion Moves Clause: Evasion moves are banned
|rule|Evasion Abilities Clause: Evasion abilities are banned
|rule|Sleep Moves Clause: Sleep-inducing moves are banned
|clearpoke
|poke|p1|Basculin, M|
|poke|p1|Electrode-Hisui|
|poke|p1|Charjabug, M|
|poke|p1|Toxicroak, M|
|poke|p1|Zangoose, M|
|poke|p1|Zoroark, M|
|poke|p2|Metagross|
|poke|p2|Deoxys-Speed|
|poke|p2|Torkoal, M|
|poke|p2|Salamence, M|
|poke|p2|Blaziken, M|
|poke|p2|Regice|
|teampreview
|inactive|Battle timer is ON: inactive players will automatically lose when time's up. (requested by isramitopvp)
|
|t:|1760755214
|teamsize|p1|6
|teamsize|p2|6
|start
|switch|p1a: Zangoose|Zangoose, M|100/100
|switch|p2a: Torkoal|Torkoal, M|100/100
|-weather|SunnyDay|[from] ability: Drought|[of] p2a: Torkoal
|turn|1
|
|t:|1760755226
|move|p1a: Zangoose|Knock Off|p2a: Torkoal
|-damage|p2a: Torkoal|77/100
|-enditem|p2a: Torkoal|Assault Vest|[from] move: Knock Off|[of] p1a: Zangoose
|move|p2a: Torkoal|Weather Ball|p1a: Zangoose
|-damage|p1a: Zangoose|12/100
|
|-weather|SunnyDay|[upkeep]
|-status|p1a: Zangoose|tox|[from] item: Toxic Orb
|upkeep
|turn|2
|
|t:|1760755240
|-terastallize|p1a: Zangoose|Normal
|move|p1a: Zangoose|Facade|p2a: Torkoal
|-damage|p2a: Torkoal|0 fnt
|faint|p2a: Torkoal
|
|-weather|SunnyDay|[upkeep]
|-damage|p1a: Zangoose|6/100 tox|[from] psn
|upkeep
|
|t:|1760755256
|switch|p2a: Deoxys|Deoxys-Speed|100/100
|-ability|p2a: Deoxys|Pressure
|turn|3
|
|t:|1760755268
|move|p1a: Zangoose|Quick Attack|p2a: Deoxys
|-damage|p2a: Deoxys|65/100
|move|p2a: Deoxys|Light Screen|p2a: Deoxys
|-sidestart|p2: isramitopvp|move: Light Screen
|
|-weather|SunnyDay|[upkeep]
|-damage|p1a: Zangoose|0 fnt|[from] psn
|faint|p1a: Zangoose
|upkeep
|
|t:|1760755287
|switch|p1a: Charjabug|Charjabug, M|100/100
|turn|4
|
|t:|1760755292
|move|p2a: Deoxys|Reflect|p2a: Deoxys
|-sidestart|p2: isramitopvp|Reflect
|move|p1a: Charjabug|Dark Pulse|p2a: Deoxys
|-supereffective|p2a: Deoxys
|-damage|p2a: Deoxys|3/100
|-damage|p1a: Charjabug|91/100|[from] item: Life Orb
|
|-weather|SunnyDay|[upkeep]
|upkeep
|turn|5
|
|t:|1760755308
|move|p2a: Deoxys|Thunder Wave|p1a: Charjabug
|-status|p1a: Charjabug|par
|move|p1a: Charjabug|Dark Pulse|p2a: Deoxys
|-supereffective|p2a: Deoxys
|-damage|p2a: Deoxys|0 fnt
|faint|p2a: Deoxys
|-damage|p1a: Charjabug|81/100 par|[from] item: Life Orb
|
|-weather|none
|upkeep
|
|t:|1760755319
|switch|p2a: Blaziken|Blaziken, M|100/100
|turn|6
|
|t:|1760755326
|move|p2a: Blaziken|Swords Dance|p2a: Blaziken
|-boost|p2a: Blaziken|atk|2
|move|p1a: Charjabug|Nasty Plot|p1a: Charjabug
|-boost|p1a: Charjabug|spa|2
|
|-ability|p2a: Blaziken|Speed Boost|boost
|-boost|p2a: Blaziken|spe|1
|upkeep
|turn|7
|
|t:|1760755335
|move|p2a: Blaziken|Close Combat|p1a: Charjabug
|-supereffective|p1a: Charjabug
|-damage|p1a: Charjabug|0 fnt
|-unboost|p2a: Blaziken|def|1
|-unboost|p2a: Blaziken|spd|1
|replace|p1a: Zoroark|Zoroark, M
|-end|p1a: Zoroark|Illusion
|faint|p1a: Zoroark
|
|-ability|p2a: Blaziken|Speed Boost|boost
|-boost|p2a: Blaziken|spe|1
|upkeep
|
|t:|1760755342
|switch|p1a: Charjabug|Charjabug, M|100/100
|turn|8
|
|t:|1760755350
|move|p2a: Blaziken|Flare Blitz|p1a: Charjabug
|-supereffective|p1a: Charjabug
|-damage|p1a: Charjabug|0 fnt
|faint|p1a: Charjabug
|-damage|p2a: Blaziken|66/100|[from] Recoil
|
|-ability|p2a: Blaziken|Speed Boost|boost
|-boost|p2a: Blaziken|spe|1
|upkeep
|
|t:|1760755359
|switch|p1a: Basculin|Basculin, M|100/100
|turn|9
|
|t:|1760755363
|move|p1a: Basculin|Aqua Jet|p2a: Blaziken
|-supereffective|p2a: Blaziken
|-damage|p2a: Blaziken|12/100
|move|p2a: Blaziken|Close Combat|p1a: Basculin
|-damage|p1a: Basculin|0 fnt
|-unboost|p2a: Blaziken|def|1
|-unboost|p2a: Blaziken|spd|1
|faint|p1a: Basculin
|
|-ability|p2a: Blaziken|Speed Boost|boost
|-boost|p2a: Blaziken|spe|1
|upkeep
|-message|catdonut forfeited.
|
|win|isramitopvp
|raw|catdonut's rating: 1094 &rarr; <strong>1070</strong><br />(-24 for losing)
|raw|isramitopvp's rating: 1101 &rarr; <strong>1125</strong><br />(+24 for winning)
|l|☆catdonut
|player|p1|
|l|☆isramitopvp
|player|p2|
