|badge|p2|bronze|gen9ou|100-7
|uhtml|medal-msg|<div class="broadcast-blue">Curious what those medals under the avatar are? PS now has Ladder Seasons! For more information, check out the <a href="https://www.smogon.com/forums/threads/3740067/">thread on Smogon.</a></div>
|j|☆will1994
|j|☆ajonymousnon
|t:|1760821535
|gametype|singles
|player|p1|will1994|red|1707
|player|p2|ajonymousnon|1|1776
|gen|9
|tier|[Gen 9] OU
|rated|
|rule|HP Percentage Mod: HP is shown in percentages
|rule|Endless Battle Clause: Forcing endless battles is banned
|rule|Species Clause: Limit one of each Pokémon
|rule|OHKO Clause: OHKO moves are banned
|rule|Evasion Items Clause: Evasion items are banned
|rule|Evasion Moves Clause: Evasion moves are banned
|rule|Evasion Abilities Clause: Evasion abilities are banned
|rule|Sleep Moves Clause: Sleep-inducing moves are banned
|clearpoke
|poke|p1|Skeledirge, F|
|poke|p1|Corviknight, F|
|poke|p1|Dragapult, F|
|poke|p1|Kleavor, F|
|poke|p1|Clodsire, M|
|poke|p1|Rillaboom, F|
|poke|p2|Great Tusk|
|poke|p2|Ogerpon-Cornerstone, F|
|poke|p2|Rillaboom, M|
|poke|p2|Tyranitar, M|
|poke|p2|Corviknight, F|
|poke|p2|Dragapult, M|
|teampreview
|inactive|Battle timer is ON: inactive players will automatically lose when time's up. (requested by will1994)
|
|t:|1760821547
|teamsize|p1|6
|teamsize|p2|6
|start
|switch|p1a: Kleavor|Kleavor, F|100/100
|switch|p2a: Dragapult|Dragapult, M|100/100
|turn|1
|
|t:|1760821555
|move|p1a: Kleavor|Night Slash|p2a: Dragapult
|-supereffective|p2a: Dragapult
|-crit|p2a: Dragapult
|-damage|p2a: Dragapult|0 fnt
|faint|p2a: Dragapult
|
|upkeep
|
|t:|1760821562
|switch|p2a: Tyranitar|Tyranitar, M|100/100
|-weather|Sandstorm|[from] ability: Sand Stream|[of] p2a: Tyranitar
|turn|2
|
|t:|1760821569
|switch|p1a: Corviknight|Corviknight, F|100/100
|-ability|p1a: Corviknight|Pressure
|move|p2a: Tyranitar|Stealth Rock|p1a: Corviknight
|-sidestart|p1: will1994|move: Stealth Rock
|
|-weather|Sandstorm|[upkeep]
|upkeep
|turn|3
|
|t:|1760821573
|move|p1a: Corviknight|Defog|p2a: Tyranitar
|-unboost|p2a: Tyranitar|evasion|1
|-sideend|p1: will1994|Stealth Rock|[from] move: Defog|[of] p1a: Corviknight
|move|p2a: Tyranitar|Knock Off|p1a: Corviknight
|-damage|p1a: Corviknight|76/100
|-damage|p2a: Tyranitar|84/100|[from] item: Rocky Helmet|[of] p1a: Corviknight
|-enditem|p1a: Corviknight|Rocky Helmet|[from] move: Knock Off|[of] p2a: Tyranitar
|
|-weather|Sandstorm|[upkeep]
|-heal|p2a: Tyranitar|90/100|[from] item: Leftovers
|upkeep
|turn|4
|
|t:|1760821584
|switch|p2a: Corviknight|Corviknight, F|100/100
|-ability|p2a: Corviknight|Pressure
|move|p1a: Corviknight|U-turn|p2a: Corviknight
|-resisted|p2a: Corviknight
|-damage|p2a: Corviknight|98/100
|-damage|p1a: Corviknight|59/100|[from] item: Rocky Helmet|[of] p2a: Corviknight
|
|t:|1760821590
|switch|p1a: Skeledirge|Skeledirge, F|100/100|[from] U-turn
|
|-weather|Sandstorm|[upkeep]
|-damage|p1a: Skeledirge|94/100|[from] Sandstorm
|-heal|p1a: Skeledirge|100/100|[from] item: Leftovers
|upkeep
|turn|5
|
|t:|1760821593
|switch|p2a: Tyranitar|Tyranitar, M|90/100
|move|p1a: Skeledirge|Will-O-Wisp|p2a: Tyranitar|[miss]
|-miss|p1a: Skeledirge|p2a: Tyranitar
|
|-weather|Sandstorm|[upkeep]
|-damage|p1a: Skeledirge|94/100|[from] Sandstorm
|-heal|p1a: Skeledirge|100/100|[from] item: Leftovers
|-heal|p2a: Tyranitar|97/100|[from] item: Leftovers
|upkeep
|turn|6
|
|t:|1760821599
|switch|p2a: Ogerpon|Ogerpon-Cornerstone, F|100/100
|move|p1a: Skeledirge|Will-O-Wisp|p2a: Ogerpon
|-status|p2a: Ogerpon|brn
|
|-weather|none
|-damage|p2a: Ogerpon|94/100 brn|[from] brn
|upkeep
|turn|7
|
|t:|1760821608
|switch|p1a: Corviknight|Corviknight, F|59/100
|-ability|p1a: Corviknight|Pressure
|move|p2a: Ogerpon|Swords Dance|p2a: Ogerpon
|-boost|p2a: Ogerpon|atk|2
|
|-damage|p2a: Ogerpon|88/100 brn|[from] brn
|upkeep
|turn|8
|
|t:|1760821613
|move|p2a: Ogerpon|Ivy Cudgel|p1a: Corviknight|[anim] Ivy Cudgel Rock
|-damage|p1a: Corviknight|21/100
|move|p1a: Corviknight|U-turn|p2a: Ogerpon
|-supereffective|p2a: Ogerpon
|-damage|p2a: Ogerpon|50/100 brn
|
|t:|1760821617
|switch|p1a: Kleavor|Kleavor, F|100/100|[from] U-turn
|
|-damage|p2a: Ogerpon|44/100 brn|[from] brn
|upkeep
|turn|9
|
|t:|1760821620
|switch|p2a: Great Tusk|Great Tusk|100/100
|move|p1a: Kleavor|U-turn|p2a: Great Tusk
|-resisted|p2a: Great Tusk
|-damage|p2a: Great Tusk|89/100
|
|t:|1760821625
|switch|p1a: Dragapult|Dragapult, F|100/100|[from] U-turn
|
|upkeep
|turn|10
|
|t:|1760821633
|switch|p1a: Corviknight|Corviknight, F|21/100
|-ability|p1a: Corviknight|Pressure
|move|p2a: Great Tusk|Ice Spinner|p1a: Corviknight
|-damage|p1a: Corviknight|6/100
|
|upkeep
|turn|11
|
|t:|1760821638
|move|p2a: Great Tusk|Ice Spinner|p1a: Corviknight
|-damage|p1a: Corviknight|0 fnt
|faint|p1a: Corviknight
|
|upkeep
|
|t:|1760821644
|switch|p1a: Rillaboom|Rillaboom, F|100/100
|-fieldstart|move: Grassy Terrain|[from] ability: Grassy Surge|[of] p1a: Rillaboom
|turn|12
|
|t:|1760821649
|-end|p2a: Great Tusk|Protosynthesis|[silent]
|switch|p2a: Corviknight|Corviknight, F|98/100
|-ability|p2a: Corviknight|Pressure
|move|p1a: Rillaboom|Knock Off|p2a: Corviknight
|-damage|p2a: Corviknight|65/100
|-damage|p1a: Rillaboom|84/100|[from] item: Rocky Helmet|[of] p2a: Corviknight
|-enditem|p2a: Corviknight|Rocky Helmet|[from] move: Knock Off|[of] p1a: Rillaboom
|
|-heal|p1a: Rillaboom|90/100|[from] Grassy Terrain
|upkeep
|turn|13
|
|t:|1760821652
|switch|p1a: Skeledirge|Skeledirge, F|100/100
|move|p2a: Corviknight|U-turn|p1a: Skeledirge
|-resisted|p1a: Skeledirge
|-damage|p1a: Skeledirge|98/100
|
|t:|1760821656
|switch|p2a: Tyranitar|Tyranitar, M|97/100|[from] U-turn
|-weather|Sandstorm|[from] ability: Sand Stream|[of] p2a: Tyranitar
|
|-weather|Sandstorm|[upkeep]
|-damage|p1a: Skeledirge|92/100|[from] Sandstorm
|-heal|p1a: Skeledirge|98/100|[from] Grassy Terrain
|-heal|p1a: Skeledirge|100/100|[from] item: Leftovers
|-heal|p2a: Tyranitar|100/100|[from] Grassy Terrain
|upkeep
|turn|14
|
|t:|1760821662
|move|p1a: Skeledirge|Will-O-Wisp|p2a: Tyranitar
|-status|p2a: Tyranitar|brn
|move|p2a: Tyranitar|Knock Off|p1a: Skeledirge
|-supereffective|p1a: Skeledirge
|-damage|p1a: Skeledirge|63/100
|-enditem|p1a: Skeledirge|Leftovers|[from] move: Knock Off|[of] p2a: Tyranitar
|
|-weather|Sandstorm|[upkeep]
|-damage|p1a: Skeledirge|57/100|[from] Sandstorm
|-heal|p1a: Skeledirge|63/100|[from] Grassy Terrain
|-damage|p2a: Tyranitar|94/100 brn|[from] brn
|upkeep
|turn|15
|
|t:|1760821665
|move|p1a: Skeledirge|Torch Song|p2a: Tyranitar
|-resisted|p2a: Tyranitar
|-damage|p2a: Tyranitar|89/100 brn
|-boost|p1a: Skeledirge|spa|1
|move|p2a: Tyranitar|Stealth Rock|p1a: Skeledirge
|-sidestart|p1: will1994|move: Stealth Rock
|
|-weather|Sandstorm|[upkeep]
|-damage|p1a: Skeledirge|57/100|[from] Sandstorm
|-heal|p1a: Skeledirge|63/100|[from] Grassy Terrain
|-heal|p2a: Tyranitar|95/100 brn|[from] Grassy Terrain
|-heal|p2a: Tyranitar|100/100 brn|[from] item: Leftovers
|-damage|p2a: Tyranitar|94/100 brn|[from] brn
|upkeep
|turn|16
|
|t:|1760821674
|move|p1a: Skeledirge|Torch Song|p2a: Tyranitar
|-resisted|p2a: Tyranitar
|-damage|p2a: Tyranitar|86/100 brn
|-boost|p1a: Skeledirge|spa|1
|move|p2a: Tyranitar|Roar|p1a: Skeledirge
|drag|p1a: Rillaboom|Rillaboom, F|90/100
|-damage|p1a: Rillaboom|78/100|[from] Stealth Rock
|
|-weather|Sandstorm|[upkeep]
|-damage|p1a: Rillaboom|72/100|[from] Sandstorm
|-heal|p1a: Rillaboom|78/100|[from] Grassy Terrain
|-heal|p2a: Tyranitar|92/100 brn|[from] Grassy Terrain
|-heal|p2a: Tyranitar|98/100 brn|[from] item: Leftovers
|-damage|p2a: Tyranitar|92/100 brn|[from] brn
|-fieldend|move: Grassy Terrain
|upkeep
|turn|17
|
|t:|1760821679
|switch|p2a: Ogerpon|Ogerpon-Cornerstone, F|44/100 brn
|move|p1a: Rillaboom|U-turn|p2a: Ogerpon
|-supereffective|p2a: Ogerpon
|-damage|p2a: Ogerpon|0 fnt
|faint|p2a: Ogerpon
|
|t:|1760821704
|switch|p1a: Dragapult|Dragapult, F|100/100|[from] U-turn
|-damage|p1a: Dragapult|88/100|[from] Stealth Rock
|
|-weather|none
|upkeep
|
|t:|1760821710
|switch|p2a: Tyranitar|Tyranitar, M|92/100 brn
|-weather|Sandstorm|[from] ability: Sand Stream|[of] p2a: Tyranitar
|turn|18
|
|t:|1760821721
|switch|p1a: Skeledirge|Skeledirge, F|63/100
|-damage|p1a: Skeledirge|38/100|[from] Stealth Rock
|move|p2a: Tyranitar|Knock Off|p1a: Skeledirge
|-supereffective|p1a: Skeledirge
|-damage|p1a: Skeledirge|16/100
|
|-weather|Sandstorm|[upkeep]
|-damage|p1a: Skeledirge|9/100|[from] Sandstorm
|-heal|p2a: Tyranitar|98/100 brn|[from] item: Leftovers
|-damage|p2a: Tyranitar|92/100 brn|[from] brn
|upkeep
|turn|19
|
|t:|1760821724
|move|p1a: Skeledirge|Slack Off|p1a: Skeledirge
|-heal|p1a: Skeledirge|60/100
|move|p2a: Tyranitar|Knock Off|p1a: Skeledirge
|-supereffective|p1a: Skeledirge
|-damage|p1a: Skeledirge|36/100
|
|-weather|Sandstorm|[upkeep]
|-damage|p1a: Skeledirge|30/100|[from] Sandstorm
|-heal|p2a: Tyranitar|98/100 brn|[from] item: Leftovers
|-damage|p2a: Tyranitar|92/100 brn|[from] brn
|upkeep
|turn|20
|j| turquoiselink
|
|t:|1760821729
|move|p1a: Skeledirge|Slack Off|p1a: Skeledirge
|-heal|p1a: Skeledirge|80/100
|move|p2a: Tyranitar|Stone Edge|p1a: Skeledirge|[miss]
|-miss|p2a: Tyranitar|p1a: Skeledirge
|
|-weather|Sandstorm|[upkeep]
|-damage|p1a: Skeledirge|74/100|[from] Sandstorm
|-heal|p2a: Tyranitar|98/100 brn|[from] item: Leftovers
|-damage|p2a: Tyranitar|92/100 brn|[from] brn
|upkeep
|turn|21
|
|t:|1760821733
|move|p1a: Skeledirge|Torch Song|p2a: Tyranitar
|-resisted|p2a: Tyranitar
|-damage|p2a: Tyranitar|87/100 brn
|-boost|p1a: Skeledirge|spa|1
|move|p2a: Tyranitar|Stone Edge|p1a: Skeledirge
|-supereffective|p1a: Skeledirge
|-damage|p1a: Skeledirge|40/100
|
|-weather|Sandstorm|[upkeep]
|-damage|p1a: Skeledirge|34/100|[from] Sandstorm
|-heal|p2a: Tyranitar|93/100 brn|[from] item: Leftovers
|-damage|p2a: Tyranitar|87/100 brn|[from] brn
|upkeep
|turn|22
|
|t:|1760821739
|move|p1a: Skeledirge|Slack Off|p1a: Skeledirge
|-heal|p1a: Skeledirge|84/100
|move|p2a: Tyranitar|Stone Edge|p1a: Skeledirge
|-supereffective|p1a: Skeledirge
|-damage|p1a: Skeledirge|45/100
|
|-weather|none
|-heal|p2a: Tyranitar|93/100 brn|[from] item: Leftovers
|-damage|p2a: Tyranitar|87/100 brn|[from] brn
|upkeep
|turn|23
|
|t:|1760821742
|move|p1a: Skeledirge|Slack Off|p1a: Skeledirge
|-heal|p1a: Skeledirge|95/100
|move|p2a: Tyranitar|Roar|p1a: Skeledirge
|drag|p1a: Clodsire|Clodsire, M|100/100
|-damage|p1a: Clodsire|94/100|[from] Stealth Rock
|
|-heal|p2a: Tyranitar|93/100 brn|[from] item: Leftovers
|-heal|p1a: Clodsire|100/100|[from] item: Leftovers
|-damage|p2a: Tyranitar|87/100 brn|[from] brn
|upkeep
|turn|24
|j| No_Safe_Prayer
|
|t:|1760821746
|move|p2a: Tyranitar|Knock Off|p1a: Clodsire
|-damage|p1a: Clodsire|84/100
|-enditem|p1a: Clodsire|Leftovers|[from] move: Knock Off|[of] p2a: Tyranitar
|move|p1a: Clodsire|Stockpile|p1a: Clodsire
|-start|p1a: Clodsire|stockpile1
|-boost|p1a: Clodsire|def|1
|-boost|p1a: Clodsire|spd|1
|
|-heal|p2a: Tyranitar|93/100 brn|[from] item: Leftovers
|-damage|p2a: Tyranitar|87/100 brn|[from] brn
|upkeep
|turn|25
|
|t:|1760821749
|move|p1a: Clodsire|Body Press|p2a: Tyranitar
|-supereffective|p2a: Tyranitar
|-damage|p2a: Tyranitar|0 fnt
|faint|p2a: Tyranitar
|
|upkeep
|
|t:|1760821755
|switch|p2a: Great Tusk|Great Tusk|89/100
|turn|26
|
|t:|1760821761
|move|p2a: Great Tusk|Headlong Rush|p1a: Clodsire
|-supereffective|p1a: Clodsire
|-damage|p1a: Clodsire|27/100
|-unboost|p2a: Great Tusk|def|1
|-unboost|p2a: Great Tusk|spd|1
|move|p1a: Clodsire|Recover|p1a: Clodsire
|-heal|p1a: Clodsire|77/100
|
|upkeep
|turn|27
|
|t:|1760821771
|-terastallize|p1a: Clodsire|Fighting
|move|p2a: Great Tusk|Headlong Rush|p1a: Clodsire
|-damage|p1a: Clodsire|50/100
|-unboost|p2a: Great Tusk|def|1
|-unboost|p2a: Great Tusk|spd|1
|move|p1a: Clodsire|Stockpile|p1a: Clodsire
|-start|p1a: Clodsire|stockpile2
|-boost|p1a: Clodsire|def|1
|-boost|p1a: Clodsire|spd|1
|
|upkeep
|turn|28
|
|t:|1760821774
|-end|p2a: Great Tusk|Protosynthesis|[silent]
|switch|p2a: Corviknight|Corviknight, F|65/100
|-ability|p2a: Corviknight|Pressure
|move|p1a: Clodsire|Recover|p1a: Clodsire
|-heal|p1a: Clodsire|99/100
|
|upkeep
|turn|29
|
|t:|1760821777
|move|p2a: Corviknight|Brave Bird|p1a: Clodsire
|-supereffective|p1a: Clodsire
|-damage|p1a: Clodsire|74/100
|-damage|p2a: Corviknight|55/100|[from] Recoil
|move|p1a: Clodsire|Stockpile|p1a: Clodsire
|-start|p1a: Clodsire|stockpile3
|-boost|p1a: Clodsire|def|1
|-boost|p1a: Clodsire|spd|1
|
|upkeep
|turn|30
|
|t:|1760821780
|move|p2a: Corviknight|Brave Bird|p1a: Clodsire
|-supereffective|p1a: Clodsire
|-damage|p1a: Clodsire|53/100
|-damage|p2a: Corviknight|47/100|[from] Recoil
|move|p1a: Clodsire|Body Press|p2a: Corviknight
|-damage|p2a: Corviknight|9/100
|
|upkeep
|turn|31
|
|t:|1760821790
|move|p2a: Corviknight|Brave Bird|p1a: Clodsire
|-supereffective|p1a: Clodsire
|-damage|p1a: Clodsire|32/100
|-damage|p2a: Corviknight|1/100|[from] Recoil
|move|p1a: Clodsire|Body Press|p2a: Corviknight
|-damage|p2a: Corviknight|0 fnt
|faint|p2a: Corviknight
|
|upkeep
|
|t:|1760821794
|switch|p2a: Rillaboom|Rillaboom, M|100/100
|-fieldstart|move: Grassy Terrain|[from] ability: Grassy Surge|[of] p2a: Rillaboom
|turn|32
|
|t:|1760821796
|-terastallize|p2a: Rillaboom|Grass
|move|p2a: Rillaboom|Wood Hammer|p1a: Clodsire
|-damage|p1a: Clodsire|0 fnt
|faint|p1a: Clodsire
|-damage|p2a: Rillaboom|86/100|[from] Recoil
|
|-heal|p2a: Rillaboom|93/100|[from] Grassy Terrain
|upkeep
|
|t:|1760821809
|switch|p1a: Dragapult|Dragapult, F|88/100
|-damage|p1a: Dragapult|76/100|[from] Stealth Rock
|turn|33
|j| harinaremix
|
|t:|1760821812
|move|p1a: Dragapult|Will-O-Wisp|p2a: Rillaboom
|-status|p2a: Rillaboom|brn
|move|p2a: Rillaboom|Wood Hammer|p1a: Dragapult
|-resisted|p1a: Dragapult
|-damage|p1a: Dragapult|20/100
|-damage|p2a: Rillaboom|75/100 brn|[from] Recoil
|
|-heal|p1a: Dragapult|26/100|[from] Grassy Terrain
|-heal|p2a: Rillaboom|81/100 brn|[from] Grassy Terrain
|-damage|p2a: Rillaboom|75/100 brn|[from] brn
|upkeep
|turn|34
|
|t:|1760821817
|move|p1a: Dragapult|Hex|p2a: Rillaboom
|-damage|p2a: Rillaboom|0 fnt
|faint|p2a: Rillaboom
|
|-heal|p1a: Dragapult|32/100|[from] Grassy Terrain
|upkeep
|
|t:|1760821819
|switch|p2a: Great Tusk|Great Tusk|89/100
|turn|35
|
|t:|1760821822
|move|p1a: Dragapult|Will-O-Wisp|p2a: Great Tusk
|-status|p2a: Great Tusk|brn
|move|p2a: Great Tusk|Ice Spinner|p1a: Dragapult
|-supereffective|p1a: Dragapult
|-damage|p1a: Dragapult|0 fnt
|-fieldend|move: Grassy Terrain
|faint|p1a: Dragapult
|
|-damage|p2a: Great Tusk|82/100 brn|[from] brn
|upkeep
|
|t:|1760821826
|switch|p1a: Rillaboom|Rillaboom, F|78/100
|-damage|p1a: Rillaboom|66/100|[from] Stealth Rock
|-fieldstart|move: Grassy Terrain|[from] ability: Grassy Surge|[of] p1a: Rillaboom
|turn|36
|-message|ajonymousnon forfeited.
|
|win|will1994
|raw|will1994's rating: 1707 &rarr; <strong>1731</strong><br />(+24 for winning)
|raw|ajonymousnon's rating: 1776 &rarr; <strong>1752</strong><br />(-24 for losing)
|l|☆ajonymousnon
|player|p2|
|l| harinaremix
|l|☆will1994
|player|p1|
|l| No_Safe_Prayer
