|j|☆KV959vv
|j|☆Shuckle Brother888
|t:|1760882470
|gametype|singles
|player|p1|KV959vv|wallace|1567
|player|p2|Shuckle Brother888|1|1604
|gen|9
|tier|[Gen 9] OU
|rated|
|rule|HP Percentage Mod: HP is shown in percentages
|rule|Endless Battle Clause: Forcing endless battles is banned
|rule|Species Clause: Limit one of each Pokémon
|rule|OHKO Clause: OHKO moves are banned
|rule|Evasion Items Clause: Evasion items are banned
|rule|Evasion Moves Clause: Evasion moves are banned
|rule|Evasion Abilities Clause: Evasion abilities are banned
|rule|Sleep Moves Clause: Sleep-inducing moves are banned
|clearpoke
|poke|p1|Serperior, F|
|poke|p1|Samurott-Hisui, M|
|poke|p1|Iron Treads|
|poke|p1|Gholdengo|
|poke|p1|Moltres|
|poke|p1|Salamence, M|
|poke|p2|Pelipper, F|
|poke|p2|Barraskewda, M|
|poke|p2|Raging Bolt|
|poke|p2|Ogerpon-Wellspring, F|
|poke|p2|Iron Treads|
|poke|p2|Walking Wake|
|teampreview
|inactive|Battle timer is ON: inactive players will automatically lose when time's up. (requested by Shuckle Brother888)
|
|t:|1760882480
|teamsize|p1|6
|teamsize|p2|6
|start
|switch|p1a: Samurott|Samurott-Hisui, M, shiny|100/100
|switch|p2a: Pelipper|Pelipper, F|100/100
|-weather|RainDance|[from] ability: Drizzle|[of] p2a: Pelipper
|turn|1
|
|t:|1760882485
|move|p1a: Samurott|Ceaseless Edge|p2a: Pelipper
|-damage|p2a: Pelipper|61/100
|-sidestart|p2: Shuckle Brother888|Spikes
|move|p2a: Pelipper|U-turn|p1a: Samurott
|-supereffective|p1a: Samurott
|-damage|p1a: Samurott|81/100
|
|t:|1760882493
|switch|p2a: Ogerpon|Ogerpon-Wellspring, F|100/100|[from] U-turn
|-damage|p2a: Ogerpon|88/100|[from] Spikes
|
|-weather|RainDance|[upkeep]
|upkeep
|turn|2
|
|t:|1760882505
|move|p2a: Ogerpon|Ivy Cudgel|p1a: Samurott|[anim] Ivy Cudgel Water
|-resisted|p1a: Samurott
|-damage|p1a: Samurott|35/100
|move|p1a: Samurott|Ceaseless Edge|p2a: Ogerpon|[miss]
|-miss|p1a: Samurott|p2a: Ogerpon
|
|-weather|RainDance|[upkeep]
|upkeep
|turn|3
|
|t:|1760882510
|move|p2a: Ogerpon|Ivy Cudgel|p1a: Samurott|[anim] Ivy Cudgel Water
|-resisted|p1a: Samurott
|-damage|p1a: Samurott|0 fnt
|faint|p1a: Samurott
|
|-weather|RainDance|[upkeep]
|upkeep
|
|t:|1760882515
|switch|p1a: Serperior|Serperior, F, shiny|100/100
|turn|4
|
|t:|1760882532
|switch|p2a: Iron Treads|Iron Treads|100/100
|-damage|p2a: Iron Treads|88/100|[from] Spikes
|move|p1a: Serperior|Glare|p2a: Iron Treads
|-status|p2a: Iron Treads|par
|
|-weather|RainDance|[upkeep]
|upkeep
|turn|5
|
|t:|1760882539
|move|p1a: Serperior|Substitute|p1a: Serperior
|-start|p1a: Serperior|Substitute
|-damage|p1a: Serperior|76/100
|move|p2a: Iron Treads|Rapid Spin|p1a: Serperior
|-activate|p1a: Serperior|move: Substitute|[damage]
|-sideend|p2: Shuckle Brother888|Spikes|[from] move: Rapid Spin|[of] p2a: Iron Treads
|-boost|p2a: Iron Treads|spe|1
|
|-weather|RainDance|[upkeep]
|-heal|p1a: Serperior|82/100|[from] item: Leftovers
|upkeep
|turn|6
|
|t:|1760882544
|move|p1a: Serperior|Leech Seed|p2a: Iron Treads
|-start|p2a: Iron Treads|move: Leech Seed
|move|p2a: Iron Treads|Iron Head|p1a: Serperior
|-end|p1a: Serperior|Substitute
|
|-weather|RainDance|[upkeep]
|-heal|p1a: Serperior|88/100|[from] item: Leftovers
|-damage|p2a: Iron Treads|76/100 par|[from] Leech Seed|[of] p1a: Serperior
|-heal|p1a: Serperior|100/100|[silent]
|upkeep
|turn|7
|
|t:|1760882550
|move|p1a: Serperior|Substitute|p1a: Serperior
|-start|p1a: Serperior|Substitute
|-damage|p1a: Serperior|76/100
|move|p2a: Iron Treads|Rapid Spin|p1a: Serperior
|-activate|p1a: Serperior|move: Substitute|[damage]
|-end|p2a: Iron Treads|Leech Seed|[from] move: Rapid Spin|[of] p2a: Iron Treads
|-boost|p2a: Iron Treads|spe|1
|
|-weather|RainDance|[upkeep]
|-heal|p1a: Serperior|82/100|[from] item: Leftovers
|upkeep
|turn|8
|
|t:|1760882559
|move|p1a: Serperior|Leaf Storm|p2a: Iron Treads
|-damage|p2a: Iron Treads|34/100 par
|-boost|p1a: Serperior|spa|2
|move|p2a: Iron Treads|Rapid Spin|p1a: Serperior
|-end|p1a: Serperior|Substitute
|-boost|p2a: Iron Treads|spe|1
|
|-weather|none
|-heal|p1a: Serperior|88/100|[from] item: Leftovers
|upkeep
|turn|9
|
|t:|1760882566
|cant|p2a: Iron Treads|par
|move|p1a: Serperior|Substitute|p1a: Serperior
|-start|p1a: Serperior|Substitute
|-damage|p1a: Serperior|63/100
|
|-heal|p1a: Serperior|69/100|[from] item: Leftovers
|upkeep
|turn|10
|
|t:|1760882570
|move|p2a: Iron Treads|Ice Spinner|p1a: Serperior
|-supereffective|p1a: Serperior
|-end|p1a: Serperior|Substitute
|move|p1a: Serperior|Leaf Storm|p2a: Iron Treads
|-damage|p2a: Iron Treads|0 fnt
|-boost|p1a: Serperior|spa|2
|faint|p2a: Iron Treads
|-end|p2a: Iron Treads|Quark Drive|[silent]
|
|-heal|p1a: Serperior|76/100|[from] item: Leftovers
|upkeep
|
|t:|1760882577
|switch|p2a: Barraskewda|Barraskewda, M|100/100
|turn|11
|
|t:|1760882582
|move|p2a: Barraskewda|Poison Jab|p1a: Serperior
|-supereffective|p1a: Serperior
|-damage|p1a: Serperior|0 fnt
|faint|p1a: Serperior
|
|upkeep
|
|t:|1760882596
|switch|p1a: Salamence|Salamence, M|100/100
|turn|12
|
|t:|1760882603
|switch|p2a: Pelipper|Pelipper, F|61/100
|-weather|RainDance|[from] ability: Drizzle|[of] p2a: Pelipper
|move|p1a: Salamence|Dragon Dance|p1a: Salamence
|-boost|p1a: Salamence|atk|1
|-boost|p1a: Salamence|spe|1
|
|-weather|RainDance|[upkeep]
|upkeep
|turn|13
|
|t:|1760882611
|move|p1a: Salamence|Dragon Dance|p1a: Salamence
|-boost|p1a: Salamence|atk|1
|-boost|p1a: Salamence|spe|1
|move|p2a: Pelipper|Hurricane|p1a: Salamence
|-damage|p1a: Salamence|58/100
|-start|p1a: Salamence|confusion
|
|-weather|RainDance|[upkeep]
|upkeep
|turn|14
|
|t:|1760882622
|-activate|p1a: Salamence|confusion
|move|p1a: Salamence|Dragon Dance|p1a: Salamence
|-boost|p1a: Salamence|atk|1
|-boost|p1a: Salamence|spe|1
|move|p2a: Pelipper|Hurricane|p1a: Salamence
|-damage|p1a: Salamence|12/100
|
|-weather|RainDance|[upkeep]
|upkeep
|turn|15
|
|t:|1760882633
|-end|p1a: Salamence|confusion
|move|p1a: Salamence|Dual Wingbeat|p2a: Pelipper
|-damage|p2a: Pelipper|22/100
|-damage|p2a: Pelipper|0 fnt
|faint|p2a: Pelipper
|-ability|p1a: Salamence|Moxie|boost
|-boost|p1a: Salamence|atk|1
|-hitcount|p2: Pelipper|2
|
|-weather|RainDance|[upkeep]
|upkeep
|
|t:|1760882639
|switch|p2a: Barraskewda|Barraskewda, M|100/100
|turn|16
|
|t:|1760882643
|move|p1a: Salamence|Dual Wingbeat|p2a: Barraskewda
|-damage|p2a: Barraskewda|0 fnt
|faint|p2a: Barraskewda
|-ability|p1a: Salamence|Moxie|boost
|-boost|p1a: Salamence|atk|1
|-hitcount|p2: Barraskewda|1
|
|-weather|RainDance|[upkeep]
|upkeep
|
|t:|1760882648
|switch|p2a: Raging Bolt|Raging Bolt|100/100
|turn|17
|
|t:|1760882652
|move|p1a: Salamence|Earthquake|p2a: Raging Bolt
|-supereffective|p2a: Raging Bolt
|-damage|p2a: Raging Bolt|0 fnt
|faint|p2a: Raging Bolt
|-end|p2a: Raging Bolt|Protosynthesis|[silent]
|-ability|p1a: Salamence|Moxie|boost
|-boost|p1a: Salamence|atk|1
|
|-weather|RainDance|[upkeep]
|upkeep
|
|t:|1760882659
|switch|p2a: Walking Wake|Walking Wake|100/100
|turn|18
|
|t:|1760882665
|move|p1a: Salamence|Earthquake|p2a: Walking Wake
|-damage|p2a: Walking Wake|0 fnt
|faint|p2a: Walking Wake
|-end|p2a: Walking Wake|Protosynthesis|[silent]
|
|-weather|RainDance|[upkeep]
|upkeep
|-message|Shuckle Brother888 forfeited.
|
|win|KV959vv
|raw|KV959vv's rating: 1567 &rarr; <strong>1589</strong><br />(+22 for winning)
|raw|Shuckle Brother888's rating: 1604 &rarr; <strong>1582</strong><br />(-22 for losing)
|l|☆Shuckle Brother888
|player|p2|
|l|☆KV959vv
|player|p1|
