|j|☆Everystaraneye
|j|☆Noobula
|t:|1760721433
|gametype|singles
|player|p1|Everystaraneye|hilda-wonderlauncher|1385
|player|p2|Noobula|169|1414
|gen|9
|tier|[Gen 9] OU
|rated|
|rule|HP Percentage Mod: HP is shown in percentages
|rule|Endless Battle Clause: Forcing endless battles is banned
|rule|Species Clause: Limit one of each Pokémon
|rule|OHKO Clause: OHKO moves are banned
|rule|Evasion Items Clause: Evasion items are banned
|rule|Evasion Moves Clause: Evasion moves are banned
|rule|Evasion Abilities Clause: Evasion abilities are banned
|rule|Sleep Moves Clause: Sleep-inducing moves are banned
|clearpoke
|poke|p1|Great Tusk|
|poke|p1|Metagross|
|poke|p1|Ogerpon-Wellspring, F|
|poke|p1|Weezing-Galar, M|
|poke|p1|Darkrai|
|poke|p1|Clefable, M|
|poke|p2|Greninja-*, M|
|poke|p2|Scizor, M|
|poke|p2|Ogerpon-Wellspring, F|
|poke|p2|Tornadus-Therian, M|
|poke|p2|Grimmsnarl, M|
|poke|p2|Slowking-Galar, M|
|teampreview
|
|t:|1760721438
|teamsize|p1|6
|teamsize|p2|6
|start
|switch|p1a: Aquinas|Metagross|100/100
|switch|p2a: Tornadus|Tornadus-Therian, M|100/100
|turn|1
|
|t:|1760721447
|move|p2a: Tornadus|Knock Off|p1a: Aquinas
|-supereffective|p1a: Aquinas
|-damage|p1a: Aquinas|69/100
|-enditem|p1a: Aquinas|Assault Vest|[from] move: Knock Off|[of] p2a: Tornadus
|move|p1a: Aquinas|Heavy Slam|p2a: Tornadus
|-damage|p2a: Tornadus|31/100
|
|upkeep
|turn|2
|
|t:|1760721456
|switch|p2a: Slowking|Slowking-Galar, M|100/100
|move|p1a: Aquinas|Bullet Punch|p2a: Slowking
|-damage|p2a: Slowking|82/100
|
|upkeep
|turn|3
|
|t:|1760721464
|move|p1a: Aquinas|Knock Off|p2a: Slowking
|-supereffective|p2a: Slowking
|-damage|p2a: Slowking|17/100
|-enditem|p2a: Slowking|Heavy-Duty Boots|[from] move: Knock Off|[of] p1a: Aquinas
|move|p2a: Slowking|Future Sight|p1a: Aquinas
|-start|p2a: Slowking|move: Future Sight
|
|upkeep
|turn|4
|
|t:|1760721476
|switch|p2a: Scizor|Scizor, M|100/100
|move|p1a: Aquinas|Heavy Slam|p2a: Scizor
|-resisted|p2a: Scizor
|-damage|p2a: Scizor|69/100
|
|upkeep
|turn|5
|
|t:|1760721484
|move|p1a: Aquinas|Knock Off|p2a: Scizor
|-damage|p2a: Scizor|31/100
|-enditem|p2a: Scizor|Heavy-Duty Boots|[from] move: Knock Off|[of] p1a: Aquinas
|move|p2a: Scizor|Knock Off|p1a: Aquinas
|-supereffective|p1a: Aquinas
|-damage|p1a: Aquinas|32/100
|
|-end|p1a: Aquinas|move: Future Sight
|-resisted|p1a: Aquinas
|-crit|p1a: Aquinas
|-damage|p1a: Aquinas|16/100
|upkeep
|turn|6
|
|t:|1760721495
|switch|p2a: Ogerpon|Ogerpon-Wellspring, F|100/100
|move|p1a: Aquinas|Earthquake|p2a: Ogerpon
|-resisted|p2a: Ogerpon
|-damage|p2a: Ogerpon|75/100
|
|upkeep
|turn|7
|
|t:|1760721510
|move|p1a: Aquinas|Bullet Punch|p2a: Ogerpon
|-resisted|p2a: Ogerpon
|-crit|p2a: Ogerpon
|-damage|p2a: Ogerpon|51/100
|move|p2a: Ogerpon|Ivy Cudgel|p1a: Aquinas|[anim] Ivy Cudgel Water
|-damage|p1a: Aquinas|0 fnt
|faint|p1a: Aquinas
|
|upkeep
|
|t:|1760721528
|switch|p1a: Nietzsche|Darkrai|100/100
|turn|8
|
|t:|1760721533
|switch|p2a: Tornadus|Tornadus-Therian, M|64/100
|move|p1a: Nietzsche|Sludge Bomb|p2a: Tornadus
|-damage|p2a: Tornadus|43/100
|
|upkeep
|turn|9
|
|t:|1760721548
|switch|p2a: Scizor|Scizor, M|31/100
|move|p1a: Nietzsche|Ice Beam|p2a: Scizor
|-resisted|p2a: Scizor
|-damage|p2a: Scizor|11/100
|
|upkeep
|turn|10
|
|t:|1760721557
|move|p2a: Scizor|Bullet Punch|p1a: Nietzsche
|-damage|p1a: Nietzsche|56/100
|move|p1a: Nietzsche|Dark Pulse|p2a: Scizor
|-damage|p2a: Scizor|0 fnt
|faint|p2a: Scizor
|
|upkeep
|
|t:|1760721568
|switch|p2a: Grimmsnarl|Grimmsnarl, M|100/100
|turn|11
|
|t:|1760721575
|move|p1a: Nietzsche|Nasty Plot|p1a: Nietzsche
|-boost|p1a: Nietzsche|spa|2
|move|p2a: Grimmsnarl|Spirit Break|p1a: Nietzsche
|-supereffective|p1a: Nietzsche
|-damage|p1a: Nietzsche|0 fnt
|faint|p1a: Nietzsche
|
|upkeep
|
|t:|1760721581
|switch|p1a: Rand|Weezing-Galar, M|100/100
|-ability|p1a: Rand|Neutralizing Gas
|turn|12
|
|t:|1760721588
|move|p2a: Grimmsnarl|Parting Shot|p1a: Rand
|-unboost|p1a: Rand|atk|1
|-unboost|p1a: Rand|spa|1
|
|t:|1760721598
|switch|p2a: Greninja|Greninja, M|100/100|[from] Parting Shot
|move|p1a: Rand|Strange Steam|p2a: Greninja
|-supereffective|p2a: Greninja
|-damage|p2a: Greninja|41/100
|
|upkeep
|turn|13
|
|t:|1760721607
|move|p2a: Greninja|Surf|p1a: Rand
|-damage|p1a: Rand|32/100
|-damage|p2a: Greninja|31/100|[from] item: Life Orb
|move|p1a: Rand|Strange Steam|p2a: Greninja
|-supereffective|p2a: Greninja
|-damage|p2a: Greninja|0 fnt
|faint|p2a: Greninja
|
|upkeep
|
|t:|1760721613
|switch|p2a: Ogerpon|Ogerpon-Wellspring, F|51/100
|turn|14
|
|t:|1760721620
|-end|p1a: Rand|ability: Neutralizing Gas
|switch|p1a: Camus|Clefable, M|100/100
|move|p2a: Ogerpon|U-turn|p1a: Camus
|-resisted|p1a: Camus
|-damage|p1a: Camus|90/100
|
|t:|1760721626
|switch|p2a: Slowking|Slowking-Galar, M|50/100|[from] U-turn
|
|-heal|p1a: Camus|96/100|[from] item: Leftovers
|upkeep
|turn|15
|
|t:|1760721635
|switch|p1a: Machiavelli|Great Tusk|100/100
|move|p2a: Slowking|Future Sight|p1a: Machiavelli
|-start|p2a: Slowking|move: Future Sight
|
|upkeep
|turn|16
|
|t:|1760721645
|switch|p2a: Tornadus|Tornadus-Therian, M|76/100
|move|p1a: Machiavelli|Knock Off|p2a: Tornadus
|-damage|p2a: Tornadus|39/100
|-enditem|p2a: Tornadus|Assault Vest|[from] move: Knock Off|[of] p1a: Machiavelli
|
|upkeep
|turn|17
|
|t:|1760721657
|-end|p1a: Machiavelli|Protosynthesis|[silent]
|switch|p1a: Rand|Weezing-Galar, M|32/100
|-ability|p1a: Rand|Neutralizing Gas
|move|p2a: Tornadus|U-turn|p1a: Rand
|-resisted|p1a: Rand
|-damage|p1a: Rand|30/100
|
|t:|1760721666
|switch|p2a: Grimmsnarl|Grimmsnarl, M|100/100|[from] U-turn
|
|-end|p1a: Rand|move: Future Sight
|-supereffective|p1a: Rand
|-damage|p1a: Rand|0 fnt
|faint|p1a: Rand
|-end|p1a: Rand|ability: Neutralizing Gas
|upkeep
|
|t:|1760721686
|switch|p1a: Camus|Clefable, M|96/100
|turn|18
|
|t:|1760721690
|move|p2a: Grimmsnarl|Parting Shot|p1a: Camus
|-unboost|p1a: Camus|atk|1
|-unboost|p1a: Camus|spa|1
|
|t:|1760721696
|switch|p2a: Slowking|Slowking-Galar, M|83/100|[from] Parting Shot
|move|p1a: Camus|Moonblast|p2a: Slowking
|-resisted|p2a: Slowking
|-damage|p2a: Slowking|76/100
|
|-heal|p1a: Camus|100/100|[from] item: Leftovers
|upkeep
|turn|19
|
|t:|1760721705
|move|p1a: Camus|Thunder Wave|p2a: Slowking
|-status|p2a: Slowking|par
|move|p2a: Slowking|Chilling Water|p1a: Camus
|-damage|p1a: Camus|88/100
|-unboost|p1a: Camus|atk|1
|
|-heal|p1a: Camus|94/100|[from] item: Leftovers
|upkeep
|turn|20
|
|t:|1760721732
|move|p1a: Camus|Flamethrower|p2a: Slowking
|-damage|p2a: Slowking|66/100 par
|-prepare|p2a: Slowking|Chilly Reception|[premajor]
|move|p2a: Slowking|Chilly Reception|p2a: Slowking
|-weather|Snowscape
|
|t:|1760721742
|switch|p2a: Ogerpon|Ogerpon-Wellspring, F|51/100|[from] Chilly Reception
|
|-weather|Snowscape|[upkeep]
|-heal|p1a: Camus|99/100|[from] item: Leftovers
|upkeep
|turn|21
|
|t:|1760721751
|move|p2a: Ogerpon|U-turn|p1a: Camus
|-resisted|p1a: Camus
|-damage|p1a: Camus|89/100
|
|t:|1760721755
|switch|p2a: Tornadus|Tornadus-Therian, M|39/100|[from] U-turn
|move|p1a: Camus|Thunder Wave|p2a: Tornadus
|-status|p2a: Tornadus|par
|
|-weather|Snowscape|[upkeep]
|-heal|p1a: Camus|95/100|[from] item: Leftovers
|upkeep
|turn|22
|
|t:|1760721764
|cant|p2a: Tornadus|par
|move|p1a: Camus|Moonblast|p2a: Tornadus
|-damage|p2a: Tornadus|18/100 par
|-unboost|p2a: Tornadus|spa|1
|
|-weather|Snowscape|[upkeep]
|-heal|p1a: Camus|100/100|[from] item: Leftovers
|upkeep
|turn|23
|
|t:|1760721772
|switch|p2a: Slowking|Slowking-Galar, M|99/100 par
|move|p1a: Camus|Moonblast|p2a: Slowking
|-resisted|p2a: Slowking
|-damage|p2a: Slowking|92/100 par
|
|-weather|Snowscape|[upkeep]
|upkeep
|turn|24
|
|t:|1760721777
|switch|p2a: Tornadus|Tornadus-Therian, M|51/100 par
|move|p1a: Camus|Flamethrower|p2a: Tornadus
|-damage|p2a: Tornadus|38/100 par
|
|-weather|none
|upkeep
|turn|25
|
|t:|1760721786
|switch|p2a: Slowking|Slowking-Galar, M|100/100 par
|switch|p1a: Machiavelli|Great Tusk|100/100
|
|upkeep
|turn|26
|
|t:|1760721799
|-terastallize|p2a: Slowking|Bug
|move|p1a: Machiavelli|Ice Spinner|p2a: Slowking
|-damage|p2a: Slowking|79/100 par
|-prepare|p2a: Slowking|Chilly Reception|[premajor]
|move|p2a: Slowking|Chilly Reception|p2a: Slowking
|-weather|Snowscape
|
|t:|1760721807
|switch|p2a: Grimmsnarl|Grimmsnarl, M|100/100|[from] Chilly Reception
|
|-weather|Snowscape|[upkeep]
|upkeep
|turn|27
|
|t:|1760721824
|move|p1a: Machiavelli|Close Combat|p2a: Grimmsnarl
|-damage|p2a: Grimmsnarl|22/100
|-unboost|p1a: Machiavelli|def|1
|-unboost|p1a: Machiavelli|spd|1
|move|p2a: Grimmsnarl|Spirit Break|p1a: Machiavelli
|-supereffective|p1a: Machiavelli
|-damage|p1a: Machiavelli|17/100
|
|-weather|Snowscape|[upkeep]
|upkeep
|turn|28
|
|t:|1760721833
|move|p2a: Grimmsnarl|Sucker Punch|p1a: Machiavelli
|-resisted|p1a: Machiavelli
|-damage|p1a: Machiavelli|0 fnt
|faint|p1a: Machiavelli
|-end|p1a: Machiavelli|Protosynthesis|[silent]
|
|-weather|Snowscape|[upkeep]
|upkeep
|
|t:|1760721841
|switch|p1a: Hegel|Ogerpon-Wellspring, F|100/100
|turn|29
|
|t:|1760721844
|move|p2a: Grimmsnarl|Parting Shot|p1a: Hegel
|-unboost|p1a: Hegel|atk|1
|-unboost|p1a: Hegel|spa|1
|
|t:|1760721849
|switch|p2a: Tornadus|Tornadus-Therian, M|71/100 par|[from] Parting Shot
|move|p1a: Hegel|Swords Dance|p1a: Hegel
|-boost|p1a: Hegel|atk|2
|
|-weather|Snowscape|[upkeep]
|upkeep
|turn|30
|
|t:|1760721862
|switch|p2a: Ogerpon|Ogerpon-Wellspring, F|51/100
|-terastallize|p1a: Hegel|Water
|detailschange|p1a: Hegel|Ogerpon-Wellspring-Tera, F, tera:Water
|-ability|p1a: Hegel|Embody Aspect (Wellspring)|boost
|-boost|p1a: Hegel|spd|1
|move|p1a: Hegel|Ivy Cudgel|p2a: Ogerpon|[anim] Ivy Cudgel Water
|-heal|p2a: Ogerpon|76/100|[from] ability: Water Absorb|[of] p1a: Hegel
|
|-weather|none
|upkeep
|turn|31
|
|t:|1760721876
|move|p2a: Ogerpon|Encore|p1a: Hegel
|-start|p1a: Hegel|Encore
|move|p1a: Hegel|Ivy Cudgel|p2a: Ogerpon|[anim] Ivy Cudgel Water
|-heal|p2a: Ogerpon|100/100|[from] ability: Water Absorb|[of] p1a: Hegel
|
|upkeep
|turn|32
|
|t:|1760721885
|switch|p1a: Camus|Clefable, M|100/100
|move|p2a: Ogerpon|Ivy Cudgel|p1a: Camus|[anim] Ivy Cudgel Water
|-damage|p1a: Camus|59/100
|
|-heal|p1a: Camus|65/100|[from] item: Leftovers
|upkeep
|turn|33
|
|t:|1760721894
|switch|p2a: Slowking|Slowking-Galar, M, tera:Bug|100/100 par
|move|p1a: Camus|Thunder Wave|p2a: Slowking
|-fail|p2a: Slowking|par
|
|-heal|p1a: Camus|71/100|[from] item: Leftovers
|upkeep
|turn|34
|
|t:|1760721900
|move|p1a: Camus|Flamethrower|p2a: Slowking
|-supereffective|p2a: Slowking
|-damage|p2a: Slowking|70/100 par
|cant|p2a: Slowking|par
|
|-heal|p1a: Camus|77/100|[from] item: Leftovers
|upkeep
|turn|35
|
|t:|1760721905
|move|p1a: Camus|Flamethrower|p2a: Slowking
|-supereffective|p2a: Slowking
|-damage|p2a: Slowking|43/100 par
|move|p2a: Slowking|Sludge Bomb|p1a: Camus
|-supereffective|p1a: Camus
|-damage|p1a: Camus|18/100
|
|-heal|p1a: Camus|24/100|[from] item: Leftovers
|upkeep
|turn|36
|
|t:|1760721912
|move|p1a: Camus|Flamethrower|p2a: Slowking
|-supereffective|p2a: Slowking
|-damage|p2a: Slowking|13/100 par
|move|p2a: Slowking|Sludge Bomb|p1a: Camus
|-supereffective|p1a: Camus
|-damage|p1a: Camus|0 fnt
|faint|p1a: Camus
|
|upkeep
|
|t:|1760721917
|switch|p1a: Hegel|Ogerpon-Wellspring-Tera, F, tera:Water|100/100
|-ability|p1a: Hegel|Embody Aspect (Wellspring)|boost
|-boost|p1a: Hegel|spd|1
|turn|37
|
|t:|1760721928
|move|p1a: Hegel|Swords Dance|p1a: Hegel
|-boost|p1a: Hegel|atk|2
|move|p2a: Slowking|Chilling Water|p1a: Hegel
|-resisted|p1a: Hegel
|-damage|p1a: Hegel|96/100
|-unboost|p1a: Hegel|atk|1
|
|upkeep
|turn|38
|
|t:|1760721941
|move|p1a: Hegel|Horn Leech|p2a: Slowking
|-resisted|p2a: Slowking
|-damage|p2a: Slowking|0 fnt
|-heal|p1a: Hegel|100/100|[from] drain|[of] p2a: Slowking
|faint|p2a: Slowking
|
|upkeep
|
|t:|1760721944
|switch|p2a: Grimmsnarl|Grimmsnarl, M|22/100
|turn|39
|
|t:|1760721961
|move|p2a: Grimmsnarl|Parting Shot|p1a: Hegel
|-unboost|p1a: Hegel|atk|1
|-unboost|p1a: Hegel|spa|1
|
|t:|1760721965
|switch|p2a: Ogerpon|Ogerpon-Wellspring, F|100/100|[from] Parting Shot
|move|p1a: Hegel|Swords Dance|p1a: Hegel
|-boost|p1a: Hegel|atk|2
|
|upkeep
|turn|40
|
|t:|1760721974
|move|p1a: Hegel|Horn Leech|p2a: Ogerpon
|-damage|p2a: Ogerpon|0 fnt
|faint|p2a: Ogerpon
|
|upkeep
|
|t:|1760721976
|switch|p2a: Tornadus|Tornadus-Therian, M|100/100 par
|turn|41
|
|t:|1760721984
|move|p1a: Hegel|Ivy Cudgel|p2a: Tornadus|[anim] Ivy Cudgel Water
|-damage|p2a: Tornadus|0 fnt
|faint|p2a: Tornadus
|
|upkeep
|-message|Noobula forfeited.
|
|win|Everystaraneye
|raw|Everystaraneye's rating: 1385 &rarr; <strong>1407</strong><br />(+22 for winning)
|raw|Noobula's rating: 1414 &rarr; <strong>1392</strong><br />(-22 for losing)
|l|☆Noobula
|player|p2|
|c|☆Everystaraneye|ggwp
