|j|☆ikthoizzykil
|j|‽Uchiwahero
|t:|1760860938
|gametype|singles
|player|p1|ikthoizzykil|pokemaniac-gen3rs|1569
|player|p2|Uchiwahero|paxton|1603
|gen|9
|tier|[Gen 9] OU
|rated|
|rule|HP Percentage Mod: HP is shown in percentages
|rule|Endless Battle Clause: Forcing endless battles is banned
|rule|Species Clause: Limit one of each Pokémon
|rule|OHKO Clause: OHKO moves are banned
|rule|Evasion Items Clause: Evasion items are banned
|rule|Evasion Moves Clause: Evasion moves are banned
|rule|Evasion Abilities Clause: Evasion abilities are banned
|rule|Sleep Moves Clause: Sleep-inducing moves are banned
|clearpoke
|poke|p1|Landorus-Therian, M|
|poke|p1|Samurott-Hisui, F|
|poke|p1|Great Tusk|
|poke|p1|Slowking-Galar, M|
|poke|p1|Dragapult, F|
|poke|p1|Garganacl, M|
|poke|p2|Ninetales-Alola, M|
|poke|p2|Garchomp, F|
|poke|p2|Dragonite, M|
|poke|p2|Gholdengo|
|poke|p2|Darkrai|
|poke|p2|Zamazenta-*|
|teampreview
|inactive|Battle timer is ON: inactive players will automatically lose when time's up. (requested by ikthoizzykil)
|inactive|Uchiwahero also wants the timer to be on.
|
|t:|1760860949
|teamsize|p1|6
|teamsize|p2|6
|start
|switch|p1a: Slowking|Slowking-Galar, M|100/100
|switch|p2a: Garchomp|Garchomp, F|100/100
|turn|1
|
|t:|1760860954
|switch|p1a: Landorus|Landorus-Therian, M|100/100
|-ability|p1a: Landorus|Intimidate|boost
|-unboost|p2a: Garchomp|atk|1
|move|p2a: Garchomp|Stealth Rock|p1a: Landorus
|-sidestart|p1: ikthoizzykil|move: Stealth Rock
|
|upkeep
|turn|2
|j| LordAmateur77
|
|t:|1760860960
|move|p2a: Garchomp|Spikes|p1a: Landorus
|-sidestart|p1: ikthoizzykil|Spikes
|move|p1a: Landorus|Stealth Rock|p2a: Garchomp
|-sidestart|p2: Uchiwahero|move: Stealth Rock
|
|upkeep
|turn|3
|
|t:|1760860964
|switch|p1a: Great Tusk|Great Tusk|100/100
|-damage|p1a: Great Tusk|97/100|[from] Stealth Rock
|-damage|p1a: Great Tusk|85/100|[from] Spikes
|move|p2a: Garchomp|Spikes|p1a: Great Tusk
|-sidestart|p1: ikthoizzykil|Spikes
|
|-heal|p1a: Great Tusk|91/100|[from] item: Leftovers
|upkeep
|turn|4
|
|t:|1760860972
|switch|p2a: Gholdengo|Gholdengo|100/100
|-damage|p2a: Gholdengo|94/100|[from] Stealth Rock
|-item|p2a: Gholdengo|Air Balloon
|move|p1a: Great Tusk|Ice Spinner|p2a: Gholdengo
|-resisted|p2a: Gholdengo
|-damage|p2a: Gholdengo|84/100
|-enditem|p2a: Gholdengo|Air Balloon
|
|-heal|p1a: Great Tusk|97/100|[from] item: Leftovers
|upkeep
|turn|5
|
|t:|1760860987
|-terastallize|p2a: Gholdengo|Fighting
|move|p1a: Great Tusk|Earthquake|p2a: Gholdengo
|-crit|p2a: Gholdengo
|-damage|p2a: Gholdengo|23/100
|move|p2a: Gholdengo|Make It Rain|p1a: Great Tusk
|-damage|p1a: Great Tusk|12/100
|-unboost|p2a: Gholdengo|spa|1
|
|-heal|p1a: Great Tusk|18/100|[from] item: Leftovers
|upkeep
|turn|6
|
|t:|1760860997
|move|p1a: Great Tusk|Rapid Spin|p2a: Gholdengo
|-damage|p2a: Gholdengo|10/100
|-boost|p1a: Great Tusk|spe|1
|-sideend|p1: ikthoizzykil|Spikes|[from] move: Rapid Spin|[of] p1a: Great Tusk
|-sideend|p1: ikthoizzykil|Stealth Rock|[from] move: Rapid Spin|[of] p1a: Great Tusk
|move|p2a: Gholdengo|Make It Rain|p1a: Great Tusk
|-damage|p1a: Great Tusk|0 fnt
|-unboost|p2a: Gholdengo|spa|1
|faint|p1a: Great Tusk
|-end|p1a: Great Tusk|Protosynthesis|[silent]
|
|upkeep
|j| biryanilover
|
|t:|1760861008
|switch|p1a: Dragapult|Dragapult, F|100/100
|turn|7
|
|t:|1760861013
|move|p1a: Dragapult|U-turn|p2a: Gholdengo
|-resisted|p2a: Gholdengo
|-damage|p2a: Gholdengo|0 fnt
|faint|p2a: Gholdengo
|
|t:|1760861017
|switch|p1a: Landorus|Landorus-Therian, M|100/100|[from] U-turn
|
|upkeep
|
|t:|1760861020
|switch|p2a: Garchomp|Garchomp, F|100/100
|-damage|p2a: Garchomp|94/100|[from] Stealth Rock
|turn|8
|
|t:|1760861035
|switch|p1a: Dragapult|Dragapult, F|100/100
|move|p2a: Garchomp|Stealth Rock|p1a: Dragapult
|-sidestart|p1: ikthoizzykil|move: Stealth Rock
|
|upkeep
|turn|9
|
|t:|1760861042
|move|p1a: Dragapult|Will-O-Wisp|p2a: Garchomp
|-status|p2a: Garchomp|brn
|move|p2a: Garchomp|Spikes|p1a: Dragapult
|-sidestart|p1: ikthoizzykil|Spikes
|
|-damage|p2a: Garchomp|88/100 brn|[from] brn
|upkeep
|turn|10
|
|t:|1760861049
|move|p1a: Dragapult|Dragon Darts|p2a: Garchomp
|-supereffective|p2a: Garchomp
|-damage|p2a: Garchomp|62/100 brn
|-anim|p1a: Dragapult|Dragon Darts|p2a: Garchomp
|-supereffective|p2a: Garchomp
|-damage|p2a: Garchomp|36/100 brn
|move|p2a: Garchomp|Dragon Tail|p1a: Dragapult|[miss]
|-miss|p2a: Garchomp|p1a: Dragapult
|
|-damage|p2a: Garchomp|30/100 brn|[from] brn
|upkeep
|turn|11
|
|t:|1760861060
|move|p1a: Dragapult|Hex|p2a: Garchomp
|-damage|p2a: Garchomp|0 fnt
|faint|p2a: Garchomp
|
|upkeep
|
|t:|1760861063
|switch|p2a: Ninetales|Ninetales-Alola, M|100/100
|-damage|p2a: Ninetales|76/100|[from] Stealth Rock
|-weather|Snowscape|[from] ability: Snow Warning|[of] p2a: Ninetales
|turn|12
|
|t:|1760861077
|switch|p1a: Garganacl|Garganacl, M|100/100
|-damage|p1a: Garganacl|88/100|[from] Stealth Rock
|-damage|p1a: Garganacl|76/100|[from] Spikes
|move|p2a: Ninetales|Aurora Veil|p2a: Ninetales
|-sidestart|p2: Uchiwahero|move: Aurora Veil
|
|-weather|Snowscape|[upkeep]
|-heal|p1a: Garganacl|82/100|[from] item: Leftovers
|upkeep
|turn|13
|
|t:|1760861091
|switch|p2a: Darkrai|Darkrai|100/100
|-damage|p2a: Darkrai|88/100|[from] Stealth Rock
|move|p1a: Garganacl|Salt Cure|p2a: Darkrai
|-damage|p2a: Darkrai|80/100
|-start|p2a: Darkrai|Salt Cure
|
|-weather|Snowscape|[upkeep]
|-heal|p2a: Darkrai|86/100|[from] item: Leftovers
|-heal|p1a: Garganacl|88/100|[from] item: Leftovers
|-damage|p2a: Darkrai|73/100|[from] Salt Cure
|upkeep
|turn|14
|
|t:|1760861113
|switch|p2a: Zamazenta|Zamazenta|100/100
|-damage|p2a: Zamazenta|94/100|[from] Stealth Rock
|-ability|p2a: Zamazenta|Dauntless Shield|boost
|-boost|p2a: Zamazenta|def|1
|move|p1a: Garganacl|Earthquake|p2a: Zamazenta
|-damage|p2a: Zamazenta|89/100
|
|-weather|Snowscape|[upkeep]
|-heal|p2a: Zamazenta|95/100|[from] item: Leftovers
|-heal|p1a: Garganacl|94/100|[from] item: Leftovers
|upkeep
|turn|15
|
|t:|1760861127
|-terastallize|p1a: Garganacl|Fairy
|move|p2a: Zamazenta|Substitute|p2a: Zamazenta
|-start|p2a: Zamazenta|Substitute
|-damage|p2a: Zamazenta|70/100
|move|p1a: Garganacl|Salt Cure|p2a: Zamazenta
|-resisted|p2a: Zamazenta
|-activate|p2a: Zamazenta|move: Substitute|[damage]
|
|-weather|Snowscape|[upkeep]
|-heal|p2a: Zamazenta|77/100|[from] item: Leftovers
|-heal|p1a: Garganacl|100/100|[from] item: Leftovers
|upkeep
|turn|16
|
|t:|1760861136
|move|p2a: Zamazenta|Iron Defense|p2a: Zamazenta
|-boost|p2a: Zamazenta|def|2
|move|p1a: Garganacl|Curse|p1a: Garganacl
|-unboost|p1a: Garganacl|spe|1
|-boost|p1a: Garganacl|atk|1
|-boost|p1a: Garganacl|def|1
|
|-weather|none
|-heal|p2a: Zamazenta|83/100|[from] item: Leftovers
|upkeep
|turn|17
|j| Rainbow Chrome
|
|t:|1760861144
|move|p2a: Zamazenta|Iron Defense|p2a: Zamazenta
|-boost|p2a: Zamazenta|def|2
|move|p1a: Garganacl|Curse|p1a: Garganacl
|-unboost|p1a: Garganacl|spe|1
|-boost|p1a: Garganacl|atk|1
|-boost|p1a: Garganacl|def|1
|
|-heal|p2a: Zamazenta|89/100|[from] item: Leftovers
|upkeep
|turn|18
|
|t:|1760861151
|move|p2a: Zamazenta|Iron Defense|p2a: Zamazenta
|-boost|p2a: Zamazenta|def|1
|move|p1a: Garganacl|Curse|p1a: Garganacl
|-unboost|p1a: Garganacl|spe|1
|-boost|p1a: Garganacl|atk|1
|-boost|p1a: Garganacl|def|1
|
|-heal|p2a: Zamazenta|95/100|[from] item: Leftovers
|upkeep
|turn|19
|
|t:|1760861159
|move|p2a: Zamazenta|Body Press|p1a: Garganacl
|-resisted|p1a: Garganacl
|-damage|p1a: Garganacl|85/100
|move|p1a: Garganacl|Curse|p1a: Garganacl
|-unboost|p1a: Garganacl|spe|1
|-boost|p1a: Garganacl|atk|1
|-boost|p1a: Garganacl|def|1
|
|-heal|p2a: Zamazenta|100/100|[from] item: Leftovers
|-heal|p1a: Garganacl|91/100|[from] item: Leftovers
|-sideend|p2: Uchiwahero|move: Aurora Veil
|upkeep
|turn|20
|
|t:|1760861168
|switch|p2a: Ninetales|Ninetales-Alola, M|76/100
|-damage|p2a: Ninetales|51/100|[from] Stealth Rock
|-weather|Snowscape|[from] ability: Snow Warning|[of] p2a: Ninetales
|move|p1a: Garganacl|Salt Cure|p2a: Ninetales
|-supereffective|p2a: Ninetales
|-damage|p2a: Ninetales|0 fnt
|faint|p2a: Ninetales
|
|-weather|Snowscape|[upkeep]
|-heal|p1a: Garganacl|97/100|[from] item: Leftovers
|upkeep
|
|t:|1760861175
|switch|p2a: Darkrai|Darkrai|73/100
|-damage|p2a: Darkrai|61/100|[from] Stealth Rock
|turn|21
|
|t:|1760861183
|move|p2a: Darkrai|Sludge Bomb|p1a: Garganacl
|-supereffective|p1a: Garganacl
|-damage|p1a: Garganacl|55/100
|move|p1a: Garganacl|Earthquake|p2a: Darkrai
|-damage|p2a: Darkrai|0 fnt
|faint|p2a: Darkrai
|
|-weather|Snowscape|[upkeep]
|-heal|p1a: Garganacl|61/100|[from] item: Leftovers
|upkeep
|-message|Uchiwahero forfeited.
|
|win|ikthoizzykil
|raw|ikthoizzykil's rating: 1569 &rarr; <strong>1591</strong><br />(+22 for winning)
|raw|Uchiwahero's rating: 1603 &rarr; <strong>1581</strong><br />(-22 for losing)
|l|‽Uchiwahero
|player|p2|
|l|☆ikthoizzykil
|player|p1|
|l| LordAmateur77
|l| biryanilover
|l| Rainbow Chrome
