|j|☆Mygoo4you
|j|☆Dem Big Bois
|t:|1760869496
|gametype|singles
|player|p1|Mygoo4you|policeman|1196
|player|p2|Dem Big Bois|102|1281
|gen|9
|tier|[Gen 9] OU
|rated|
|rule|HP Percentage Mod: HP is shown in percentages
|rule|Endless Battle Clause: Forcing endless battles is banned
|rule|Species Clause: Limit one of each Pokémon
|rule|OHKO Clause: OHKO moves are banned
|rule|Evasion Items Clause: Evasion items are banned
|rule|Evasion Moves Clause: Evasion moves are banned
|rule|Evasion Abilities Clause: Evasion abilities are banned
|rule|Sleep Moves Clause: Sleep-inducing moves are banned
|clearpoke
|poke|p1|Alomomola, M|
|poke|p1|Lokix, M|
|poke|p1|Tinkaton, F|
|poke|p1|Bellibolt, M|
|poke|p1|Dragapult, M|
|poke|p1|Great Tusk|
|poke|p2|Kingdra, M|
|poke|p2|Rhydon, F|
|poke|p2|Golduck, M|
|poke|p2|Gyarados, M|
|poke|p2|Magnezone|
|poke|p2|Tentacruel, F|
|teampreview
|inactive|Battle timer is ON: inactive players will automatically lose when time's up. (requested by Mygoo4you)
|
|t:|1760869506
|teamsize|p1|6
|teamsize|p2|6
|start
|switch|p1a: Bellibolt|Bellibolt, M|100/100
|switch|p2a: Kingdra|Kingdra, M|100/100
|turn|1
|
|t:|1760869513
|move|p2a: Kingdra|Focus Energy|p2a: Kingdra
|-start|p2a: Kingdra|move: Focus Energy
|move|p1a: Bellibolt|Toxic|p2a: Kingdra
|-status|p2a: Kingdra|tox
|
|-damage|p2a: Kingdra|94/100 tox|[from] psn
|upkeep
|turn|2
|
|t:|1760869525
|-terastallize|p2a: Kingdra|Water
|move|p2a: Kingdra|Hydro Pump|p1a: Bellibolt
|-crit|p1a: Bellibolt
|-damage|p1a: Bellibolt|0 fnt
|faint|p1a: Bellibolt
|
|-damage|p2a: Kingdra|82/100 tox|[from] psn
|upkeep
|inactive|Mygoo4you has 120 seconds left.
|inactive|Mygoo4you has 90 seconds left.
|
|t:|1760869587
|switch|p1a: Alomomola|Alomomola, M|100/100
|turn|3
|
|t:|1760869593
|move|p2a: Kingdra|Draco Meteor|p1a: Alomomola
|-crit|p1a: Alomomola
|-damage|p1a: Alomomola|0 fnt
|-unboost|p2a: Kingdra|spa|2
|faint|p1a: Alomomola
|
|-damage|p2a: Kingdra|64/100 tox|[from] psn
|upkeep
|inactive|Mygoo4you has 90 seconds left.
|
|t:|1760869635
|switch|p1a: Lokix|Lokix, M|100/100
|turn|4
|
|t:|1760869649
|-terastallize|p1a: Lokix|Bug
|move|p1a: Lokix|First Impression|p2a: Kingdra
|-damage|p2a: Kingdra|0 fnt
|faint|p2a: Kingdra
|
|upkeep
|
|t:|1760869657
|switch|p2a: Rhydon|Rhydon, F|100/100
|turn|5
|
|t:|1760869665
|switch|p1a: Great Tusk|Great Tusk, shiny|100/100
|move|p2a: Rhydon|Stone Edge|p1a: Great Tusk
|-resisted|p1a: Great Tusk
|-damage|p1a: Great Tusk|92/100
|
|upkeep
|turn|6
|
|t:|1760869677
|switch|p2a: Gyarados|Gyarados, M|100/100
|-ability|p2a: Gyarados|Intimidate|boost
|-unboost|p1a: Great Tusk|atk|1
|move|p1a: Great Tusk|Stealth Rock|p2a: Gyarados
|-sidestart|p2: Dem Big Bois|move: Stealth Rock
|
|upkeep
|turn|7
|inactive|Mygoo4you has 90 seconds left.
|
|t:|1760869689
|-end|p1a: Great Tusk|Protosynthesis|[silent]
|switch|p1a: Tinkaton|Tinkaton, F|100/100
|-item|p1a: Tinkaton|Air Balloon
|move|p2a: Gyarados|Waterfall|p1a: Tinkaton
|-damage|p1a: Tinkaton|18/100
|-enditem|p1a: Tinkaton|Air Balloon
|-enditem|p2a: Gyarados|Choice Band|[silent]|[from] ability: Pickpocket|[of] p2a: Gyarados
|-item|p1a: Tinkaton|Choice Band|[from] ability: Pickpocket|[of] p2a: Gyarados
|
|upkeep
|turn|8
|inactive|Mygoo4you has 90 seconds left.
|
|t:|1760869702
|switch|p1a: Dragapult|Dragapult, M, shiny|100/100
|move|p2a: Gyarados|Waterfall|p1a: Dragapult
|-resisted|p1a: Dragapult
|-damage|p1a: Dragapult|68/100
|
|upkeep
|turn|9
|inactive|Mygoo4you has 90 seconds left.
|
|t:|1760869710
|move|p1a: Dragapult|Draco Meteor|p2a: Gyarados
|-damage|p2a: Gyarados|10/100
|-unboost|p1a: Dragapult|spa|2
|move|p2a: Gyarados|Outrage|p1a: Dragapult
|-supereffective|p1a: Dragapult
|-damage|p1a: Dragapult|0 fnt
|faint|p1a: Dragapult
|
|upkeep
|inactive|Mygoo4you has 90 seconds left.
|
|t:|1760869720
|switch|p1a: Tinkaton|Tinkaton, F|18/100
|turn|10
|inactive|Mygoo4you has 90 seconds left.
|
|t:|1760869730
|move|p1a: Tinkaton|Gigaton Hammer|p2a: Gyarados
|-resisted|p2a: Gyarados
|-damage|p2a: Gyarados|0 fnt
|faint|p2a: Gyarados
|
|upkeep
|
|t:|1760869738
|switch|p2a: Magnezone|Magnezone|100/100
|-damage|p2a: Magnezone|94/100|[from] Stealth Rock
|turn|11
|inactive|Mygoo4you has 90 seconds left.
|inactive|Mygoo4you has 60 seconds left.
|
|t:|1760869802
|switch|p1a: Great Tusk|Great Tusk, shiny|92/100
|move|p2a: Magnezone|Volt Switch|p1a: Great Tusk
|-immune|p1a: Great Tusk
|
|upkeep
|turn|12
|
|t:|1760869811
|switch|p2a: Tentacruel|Tentacruel, F|100/100
|-damage|p2a: Tentacruel|88/100|[from] Stealth Rock
|move|p1a: Great Tusk|Headlong Rush|p2a: Tentacruel
|-supereffective|p2a: Tentacruel
|-damage|p2a: Tentacruel|0 fnt
|-unboost|p1a: Great Tusk|def|1
|-unboost|p1a: Great Tusk|spd|1
|faint|p2a: Tentacruel
|
|upkeep
|
|t:|1760869829
|switch|p2a: Golduck|Golduck, M|100/100
|-damage|p2a: Golduck|88/100|[from] Stealth Rock
|-ability|p2a: Golduck|Cloud Nine
|turn|13
|inactive|Mygoo4you has 60 seconds left.
|
|t:|1760869838
|-end|p1a: Great Tusk|Protosynthesis|[silent]
|switch|p1a: Lokix|Lokix, M, tera:Bug|100/100
|switch|p2a: Rhydon|Rhydon, F|100/100
|-damage|p2a: Rhydon|95/100|[from] Stealth Rock
|
|upkeep
|turn|14
|
|t:|1760869847
|switch|p1a: Great Tusk|Great Tusk, shiny|92/100
|move|p2a: Rhydon|Stone Edge|p1a: Great Tusk
|-resisted|p1a: Great Tusk
|-damage|p1a: Great Tusk|83/100
|
|upkeep
|turn|15
|
|t:|1760869862
|move|p1a: Great Tusk|Headlong Rush|p2a: Rhydon
|-supereffective|p2a: Rhydon
|-damage|p2a: Rhydon|50/100
|-unboost|p1a: Great Tusk|def|1
|-unboost|p1a: Great Tusk|spd|1
|move|p2a: Rhydon|Drill Run|p1a: Great Tusk
|-damage|p1a: Great Tusk|38/100
|
|upkeep
|turn|16
|
|t:|1760869874
|-end|p1a: Great Tusk|Protosynthesis|[silent]
|switch|p1a: Tinkaton|Tinkaton, F|18/100
|move|p2a: Rhydon|Drill Run|p1a: Tinkaton
|-supereffective|p1a: Tinkaton
|-damage|p1a: Tinkaton|0 fnt
|faint|p1a: Tinkaton
|
|upkeep
|
|t:|1760869882
|switch|p1a: Lokix|Lokix, M, tera:Bug|100/100
|turn|17
|
|t:|1760869886
|move|p1a: Lokix|First Impression|p2a: Rhydon
|-damage|p2a: Rhydon|8/100
|move|p2a: Rhydon|Stone Edge|p1a: Lokix|[miss]
|-miss|p2a: Rhydon|p1a: Lokix
|
|upkeep
|turn|18
|
|t:|1760869893
|switch|p1a: Great Tusk|Great Tusk, shiny|38/100
|move|p2a: Rhydon|Stone Edge|p1a: Great Tusk
|-resisted|p1a: Great Tusk
|-damage|p1a: Great Tusk|29/100
|
|upkeep
|turn|19
|
|t:|1760869911
|move|p1a: Great Tusk|Headlong Rush|p2a: Rhydon
|-supereffective|p2a: Rhydon
|-damage|p2a: Rhydon|0 fnt
|-unboost|p1a: Great Tusk|def|1
|-unboost|p1a: Great Tusk|spd|1
|faint|p2a: Rhydon
|
|upkeep
|
|t:|1760869919
|switch|p2a: Golduck|Golduck, M|88/100
|-damage|p2a: Golduck|76/100|[from] Stealth Rock
|-ability|p2a: Golduck|Cloud Nine
|turn|20
|
|t:|1760869925
|move|p2a: Golduck|Aqua Jet|p1a: Great Tusk
|-supereffective|p1a: Great Tusk
|-damage|p1a: Great Tusk|6/100
|move|p1a: Great Tusk|Headlong Rush|p2a: Golduck
|-damage|p2a: Golduck|16/100
|-unboost|p1a: Great Tusk|def|1
|-unboost|p1a: Great Tusk|spd|1
|
|upkeep
|turn|21
|inactive|Mygoo4you has 90 seconds left.
|
|t:|1760869934
|move|p2a: Golduck|Aqua Jet|p1a: Great Tusk
|-supereffective|p1a: Great Tusk
|-damage|p1a: Great Tusk|0 fnt
|faint|p1a: Great Tusk
|-end|p1a: Great Tusk|Protosynthesis|[silent]
|
|upkeep
|inactive|Mygoo4you has 90 seconds left.
|
|t:|1760869939
|switch|p1a: Lokix|Lokix, M, tera:Bug|100/100
|turn|22
|
|t:|1760869944
|move|p2a: Golduck|Aqua Jet|p1a: Lokix
|-damage|p1a: Lokix|82/100
|move|p1a: Lokix|Leech Life|p2a: Golduck
|-damage|p2a: Golduck|0 fnt
|-heal|p1a: Lokix|92/100|[from] drain|[of] p2a: Golduck
|faint|p2a: Golduck
|
|upkeep
|
|t:|1760869951
|switch|p2a: Magnezone|Magnezone|94/100
|-damage|p2a: Magnezone|88/100|[from] Stealth Rock
|turn|23
|
|t:|1760869975
|move|p1a: Lokix|Leech Life|p2a: Magnezone
|-resisted|p2a: Magnezone
|-damage|p2a: Magnezone|10/100
|-heal|p1a: Lokix|100/100|[from] drain|[of] p2a: Magnezone
|move|p2a: Magnezone|Discharge|p1a: Lokix
|-damage|p1a: Lokix|0 fnt
|faint|p1a: Lokix
|
|win|Dem Big Bois
|raw|Mygoo4you's rating: 1196 &rarr; <strong>1177</strong><br />(-19 for losing)
|raw|Dem Big Bois's rating: 1281 &rarr; <strong>1300</strong><br />(+19 for winning)
|l|☆Mygoo4you
|player|p1|
|l|☆Dem Big Bois
|player|p2|
