|badge|p1|bronze|gen9ou|100-7
|uhtml|medal-msg|<div class="broadcast-blue">Curious what those medals under the avatar are? PS now has Ladder Seasons! For more information, check out the <a href="https://www.smogon.com/forums/threads/3740067/">thread on Smogon.</a></div>
|badge|p2|bronze|gen9ou|100-7
|uhtml|medal-msg|<div class="broadcast-blue">Curious what those medals under the avatar are? PS now has Ladder Seasons! For more information, check out the <a href="https://www.smogon.com/forums/threads/3740067/">thread on Smogon.</a></div>
|j|☆eros maniac
|j|☆kshuaib734
|t:|1760872839
|gametype|singles
|player|p1|eros maniac|hilbert-wonderlauncher|1870
|player|p2|kshuaib734|steven|1895
|gen|9
|tier|[Gen 9] OU
|rated|
|rule|HP Percentage Mod: HP is shown in percentages
|rule|Endless Battle Clause: Forcing endless battles is banned
|rule|Species Clause: Limit one of each Pokémon
|rule|OHKO Clause: OHKO moves are banned
|rule|Evasion Items Clause: Evasion items are banned
|rule|Evasion Moves Clause: Evasion moves are banned
|rule|Evasion Abilities Clause: Evasion abilities are banned
|rule|Sleep Moves Clause: Sleep-inducing moves are banned
|clearpoke
|poke|p1|Frosmoth, F|
|poke|p1|Maushold-Four|
|poke|p1|Krookodile, F|
|poke|p1|Sinistcha|
|poke|p1|Alomomola, M|
|poke|p1|Weezing-Galar, F|
|poke|p2|Tyranitar, M|
|poke|p2|Overqwil, M|
|poke|p2|Pelipper, M|
|poke|p2|Quaquaval, M|
|poke|p2|Kingdra, M|
|poke|p2|Excadrill, F|
|teampreview
|inactive|Battle timer is ON: inactive players will automatically lose when time's up. (requested by kshuaib734)
|
|t:|1760872856
|teamsize|p1|6
|teamsize|p2|6
|start
|switch|p1a: Krookodile|Krookodile, F|100/100
|switch|p2a: King Tyrant|Tyranitar, M|100/100
|-ability|p1a: Krookodile|Intimidate|boost
|-unboost|p2a: King Tyrant|atk|1
|-weather|Sandstorm|[from] ability: Sand Stream|[of] p2a: King Tyrant
|turn|1
|
|t:|1760872865
|switch|p2a: Tyrant's Downpour|Pelipper, M|100/100
|-weather|RainDance|[from] ability: Drizzle|[of] p2a: Tyrant's Downpour
|move|p1a: Krookodile|Close Combat|p2a: Tyrant's Downpour
|-resisted|p2a: Tyrant's Downpour
|-damage|p2a: Tyrant's Downpour|77/100
|-unboost|p1a: Krookodile|def|1
|-unboost|p1a: Krookodile|spd|1
|
|-weather|RainDance|[upkeep]
|upkeep
|turn|2
|
|t:|1760872874
|switch|p1a: Alomomola|Alomomola, M, shiny|100/100
|move|p2a: Tyrant's Downpour|U-turn|p1a: Alomomola
|-damage|p1a: Alomomola|94/100
|-damage|p2a: Tyrant's Downpour|60/100|[from] item: Rocky Helmet|[of] p1a: Alomomola
|
|t:|1760872881
|switch|p2a: Tyrant's Vengeance|Kingdra, M|100/100|[from] U-turn
|
|-weather|RainDance|[upkeep]
|upkeep
|turn|3
|
|t:|1760872888
|-terastallize|p2a: Tyrant's Vengeance|Water
|move|p2a: Tyrant's Vengeance|Weather Ball|p1a: Alomomola
|-resisted|p1a: Alomomola
|-damage|p1a: Alomomola|29/100
|move|p1a: Alomomola|Mirror Coat|p2a: Tyrant's Vengeance
|-damage|p2a: Tyrant's Vengeance|0 fnt
|faint|p2a: Tyrant's Vengeance
|
|-weather|RainDance|[upkeep]
|upkeep
|
|t:|1760872903
|switch|p2a: Tyrant's Legacy|Excadrill, F|100/100
|turn|4
|
|t:|1760872907
|switch|p1a: Sinistcha|Sinistcha, shiny|100/100
|move|p2a: Tyrant's Legacy|Stealth Rock|p1a: Sinistcha
|-sidestart|p1: eros maniac|move: Stealth Rock
|
|-weather|RainDance|[upkeep]
|upkeep
|turn|5
|
|t:|1760872921
|switch|p2a: Tyrant's Enforcer|Overqwil, M|100/100
|move|p1a: Sinistcha|Matcha Gotcha|p2a: Tyrant's Enforcer
|-resisted|p2a: Tyrant's Enforcer
|-damage|p2a: Tyrant's Enforcer|80/100
|
|-weather|RainDance|[upkeep]
|upkeep
|turn|6
|
|t:|1760872930
|move|p2a: Tyrant's Enforcer|Taunt|p1a: Sinistcha
|-start|p1a: Sinistcha|move: Taunt
|move|p1a: Sinistcha|Matcha Gotcha|p2a: Tyrant's Enforcer
|-resisted|p2a: Tyrant's Enforcer
|-damage|p2a: Tyrant's Enforcer|58/100
|
|-weather|RainDance|[upkeep]
|upkeep
|turn|7
|
|t:|1760872938
|move|p2a: Tyrant's Enforcer|Crunch|p1a: Sinistcha
|-supereffective|p1a: Sinistcha
|-enditem|p1a: Sinistcha|Colbur Berry|[eat]
|-enditem|p1a: Sinistcha|Colbur Berry|[weaken]
|-damage|p1a: Sinistcha|70/100
|move|p1a: Sinistcha|Matcha Gotcha|p2a: Tyrant's Enforcer
|-resisted|p2a: Tyrant's Enforcer
|-damage|p2a: Tyrant's Enforcer|36/100
|-heal|p1a: Sinistcha|81/100|[from] drain|[of] p2a: Tyrant's Enforcer
|
|-weather|RainDance|[upkeep]
|upkeep
|turn|8
|
|t:|1760872948
|switch|p1a: Krookodile|Krookodile, F|100/100
|-damage|p1a: Krookodile|94/100|[from] Stealth Rock
|-ability|p1a: Krookodile|Intimidate|boost
|-unboost|p2a: Tyrant's Enforcer|atk|1
|move|p2a: Tyrant's Enforcer|Spikes|p1a: Krookodile
|-sidestart|p1: eros maniac|Spikes
|
|-weather|none
|upkeep
|turn|9
|
|t:|1760872959
|switch|p2a: Tyrant's Downpour|Pelipper, M|60/100
|-weather|RainDance|[from] ability: Drizzle|[of] p2a: Tyrant's Downpour
|move|p1a: Krookodile|Knock Off|p2a: Tyrant's Downpour
|-damage|p2a: Tyrant's Downpour|0 fnt
|-enditem|p2a: Tyrant's Downpour|Damp Rock|[from] move: Knock Off|[of] p1a: Krookodile
|faint|p2a: Tyrant's Downpour
|
|-weather|RainDance|[upkeep]
|upkeep
|
|t:|1760872976
|switch|p2a: Tyrant's Endgame|Quaquaval, M|100/100
|turn|10
|
|t:|1760872988
|switch|p1a: Alomomola|Alomomola, M, shiny|62/100
|-damage|p1a: Alomomola|50/100|[from] Stealth Rock
|-damage|p1a: Alomomola|38/100|[from] Spikes
|move|p2a: Tyrant's Endgame|Wave Crash|p1a: Alomomola
|-resisted|p1a: Alomomola
|-damage|p1a: Alomomola|2/100
|-damage|p2a: Tyrant's Endgame|84/100|[from] item: Rocky Helmet|[of] p1a: Alomomola
|-damage|p2a: Tyrant's Endgame|64/100|[from] Recoil
|
|-weather|RainDance|[upkeep]
|upkeep
|turn|11
|
|t:|1760873001
|switch|p1a: Krookodile|Krookodile, F|94/100
|-damage|p1a: Krookodile|88/100|[from] Stealth Rock
|-damage|p1a: Krookodile|76/100|[from] Spikes
|-ability|p1a: Krookodile|Intimidate|boost
|-unboost|p2a: Tyrant's Endgame|atk|1
|move|p2a: Tyrant's Endgame|Wave Crash|p1a: Krookodile
|-supereffective|p1a: Krookodile
|-damage|p1a: Krookodile|0 fnt
|faint|p1a: Krookodile
|-ability|p2a: Tyrant's Endgame|Moxie|boost
|-boost|p2a: Tyrant's Endgame|atk|1
|-damage|p2a: Tyrant's Endgame|32/100|[from] Recoil
|
|-weather|RainDance|[upkeep]
|upkeep
|
|t:|1760873004
|switch|p1a: Maushold|Maushold-Four|100/100
|-damage|p1a: Maushold|88/100|[from] Stealth Rock
|-damage|p1a: Maushold|76/100|[from] Spikes
|turn|12
|
|t:|1760873022
|move|p2a: Tyrant's Endgame|Aqua Jet|p1a: Maushold
|-damage|p1a: Maushold|13/100
|move|p1a: Maushold|Population Bomb|p2a: Tyrant's Endgame
|-damage|p2a: Tyrant's Endgame|19/100
|-damage|p2a: Tyrant's Endgame|3/100
|-damage|p2a: Tyrant's Endgame|0 fnt
|faint|p2a: Tyrant's Endgame
|-hitcount|p2: Tyrant's Endgame|3
|
|-weather|RainDance|[upkeep]
|upkeep
|
|t:|1760873031
|switch|p2a: Tyrant's Enforcer|Overqwil, M|36/100
|turn|13
|
|t:|1760873036
|move|p2a: Tyrant's Enforcer|Crunch|p1a: Maushold
|-damage|p1a: Maushold|0 fnt
|faint|p1a: Maushold
|
|-weather|RainDance|[upkeep]
|upkeep
|
|t:|1760873039
|switch|p1a: Weezing|Weezing-Galar, F|100/100
|-ability|p1a: Weezing|Neutralizing Gas
|-damage|p1a: Weezing|88/100|[from] Stealth Rock
|-damage|p1a: Weezing|76/100|[from] Spikes
|turn|14
|
|t:|1760873046
|move|p2a: Tyrant's Enforcer|Self-Destruct|p1a: Weezing
|-damage|p1a: Weezing|26/100
|faint|p2a: Tyrant's Enforcer
|move|p1a: Weezing|Strange Steam|p2: Tyrant's Enforcer|[notarget]
|-fail|p1a: Weezing
|
|-weather|RainDance|[upkeep]
|upkeep
|
|t:|1760873056
|switch|p2a: Tyrant's Legacy|Excadrill, F|100/100
|turn|15
|
|t:|1760873065
|move|p2a: Tyrant's Legacy|Iron Head|p1a: Weezing
|-supereffective|p1a: Weezing
|-damage|p1a: Weezing|0 fnt
|faint|p1a: Weezing
|-end|p1a: Weezing|ability: Neutralizing Gas
|-damage|p2a: Tyrant's Legacy|91/100|[from] item: Life Orb
|
|-weather|RainDance|[upkeep]
|upkeep
|
|t:|1760873068
|switch|p1a: Sinistcha|Sinistcha, shiny|81/100
|-damage|p1a: Sinistcha|69/100|[from] Stealth Rock
|-damage|p1a: Sinistcha|57/100|[from] Spikes
|turn|16
|
|t:|1760873078
|switch|p2a: King Tyrant|Tyranitar, M|100/100
|-weather|Sandstorm|[from] ability: Sand Stream|[of] p2a: King Tyrant
|move|p1a: Sinistcha|Strength Sap|p2a: King Tyrant
|-unboost|p2a: King Tyrant|atk|1
|-heal|p1a: Sinistcha|100/100
|
|-weather|Sandstorm|[upkeep]
|-damage|p1a: Sinistcha|94/100|[from] Sandstorm
|upkeep
|turn|17
|
|t:|1760873098
|-terastallize|p1a: Sinistcha|Poison
|move|p1a: Sinistcha|Calm Mind|p1a: Sinistcha
|-boost|p1a: Sinistcha|spa|1
|-boost|p1a: Sinistcha|spd|1
|move|p2a: King Tyrant|Ice Beam|p1a: Sinistcha
|-damage|p1a: Sinistcha|77/100
|-status|p1a: Sinistcha|frz
|
|-weather|Sandstorm|[upkeep]
|-damage|p1a: Sinistcha|71/100 frz|[from] Sandstorm
|upkeep
|turn|18
|inactive|kshuaib734 has 120 seconds left.
|
|t:|1760873130
|switch|p2a: Tyrant's Legacy|Excadrill, F|91/100
|-curestatus|p1a: Sinistcha|frz|[from] move: Matcha Gotcha
|move|p1a: Sinistcha|Matcha Gotcha|p2a: Tyrant's Legacy
|-damage|p2a: Tyrant's Legacy|25/100
|-heal|p1a: Sinistcha|100/100|[from] drain|[of] p2a: Tyrant's Legacy
|-status|p2a: Tyrant's Legacy|brn
|
|-weather|Sandstorm|[upkeep]
|-damage|p1a: Sinistcha|94/100|[from] Sandstorm
|-damage|p2a: Tyrant's Legacy|19/100 brn|[from] brn
|upkeep
|turn|19
|inactive|kshuaib734 has 120 seconds left.
|
|t:|1760873143
|move|p2a: Tyrant's Legacy|Earthquake|p1a: Sinistcha
|-supereffective|p1a: Sinistcha
|-damage|p1a: Sinistcha|44/100
|-damage|p2a: Tyrant's Legacy|9/100 brn|[from] item: Life Orb
|move|p1a: Sinistcha|Calm Mind|p1a: Sinistcha
|-boost|p1a: Sinistcha|spa|1
|-boost|p1a: Sinistcha|spd|1
|
|-weather|Sandstorm|[upkeep]
|-damage|p1a: Sinistcha|38/100|[from] Sandstorm
|-damage|p2a: Tyrant's Legacy|3/100 brn|[from] brn
|upkeep
|turn|20
|
|t:|1760873159
|switch|p1a: Frosmoth|Frosmoth, F, shiny|100/100
|-damage|p1a: Frosmoth|50/100|[from] Stealth Rock
|-damage|p1a: Frosmoth|38/100|[from] Spikes
|move|p2a: Tyrant's Legacy|Earthquake|p1a: Frosmoth
|-resisted|p1a: Frosmoth
|-damage|p1a: Frosmoth|9/100
|-damage|p2a: Tyrant's Legacy|0 fnt|[from] item: Life Orb
|faint|p2a: Tyrant's Legacy
|
|-weather|none
|-heal|p1a: Frosmoth|15/100|[from] item: Leftovers
|upkeep
|inactive|kshuaib734 has 120 seconds left.
|
|t:|1760873170
|switch|p2a: King Tyrant|Tyranitar, M|100/100
|-weather|Sandstorm|[from] ability: Sand Stream|[of] p2a: King Tyrant
|turn|21
|
|t:|1760873174
|move|p1a: Frosmoth|Ice Beam|p2a: King Tyrant
|-damage|p2a: King Tyrant|82/100
|-status|p2a: King Tyrant|frz
|cant|p2a: King Tyrant|frz
|
|-weather|Sandstorm|[upkeep]
|-damage|p1a: Frosmoth|9/100|[from] Sandstorm
|-heal|p1a: Frosmoth|15/100|[from] item: Leftovers
|upkeep
|turn|22
|
|t:|1760873183
|move|p1a: Frosmoth|Ice Beam|p2a: King Tyrant
|-damage|p2a: King Tyrant|60/100 frz
|cant|p2a: King Tyrant|frz
|
|-weather|Sandstorm|[upkeep]
|-damage|p1a: Frosmoth|9/100|[from] Sandstorm
|-heal|p1a: Frosmoth|15/100|[from] item: Leftovers
|upkeep
|turn|23
|
|t:|1760873190
|move|p1a: Frosmoth|Ice Beam|p2a: King Tyrant
|-damage|p2a: King Tyrant|40/100 frz
|cant|p2a: King Tyrant|frz
|
|-weather|Sandstorm|[upkeep]
|-damage|p1a: Frosmoth|9/100|[from] Sandstorm
|-heal|p1a: Frosmoth|15/100|[from] item: Leftovers
|upkeep
|turn|24
|
|t:|1760873198
|move|p1a: Frosmoth|Ice Beam|p2a: King Tyrant
|-damage|p2a: King Tyrant|19/100 frz
|cant|p2a: King Tyrant|frz
|
|-weather|Sandstorm|[upkeep]
|-damage|p1a: Frosmoth|9/100|[from] Sandstorm
|-heal|p1a: Frosmoth|15/100|[from] item: Leftovers
|upkeep
|turn|25
|
|t:|1760873205
|move|p1a: Frosmoth|Ice Beam|p2a: King Tyrant
|-damage|p2a: King Tyrant|0 fnt
|faint|p2a: King Tyrant
|
|win|eros maniac
|raw|eros maniac's rating: 1870 &rarr; <strong>1891</strong><br />(+21 for winning)
|raw|kshuaib734's rating: 1895 &rarr; <strong>1874</strong><br />(-21 for losing)
|l|☆eros maniac
|player|p1|
|l|☆kshuaib734
|player|p2|
