|j|☆haldernspacemarie
|j|☆Igoodnamename
|t:|1760790205
|gametype|singles
|player|p1|haldernspacemarie|roxie|1387
|player|p2|Igoodnamename|medium|1365
|gen|9
|tier|[Gen 9] OU
|rated|
|rule|HP Percentage Mod: HP is shown in percentages
|rule|Endless Battle Clause: Forcing endless battles is banned
|rule|Species Clause: Limit one of each Pokémon
|rule|OHKO Clause: OHKO moves are banned
|rule|Evasion Items Clause: Evasion items are banned
|rule|Evasion Moves Clause: Evasion moves are banned
|rule|Evasion Abilities Clause: Evasion abilities are banned
|rule|Sleep Moves Clause: Sleep-inducing moves are banned
|clearpoke
|poke|p1|Great Tusk|
|poke|p1|Heatran, M|
|poke|p1|Weavile, M|
|poke|p1|Primarina, M|
|poke|p1|Ogerpon, F|
|poke|p1|Pecharunt|
|poke|p2|Torterra, F|
|poke|p2|Garganacl, F|
|poke|p2|Pecharunt|
|poke|p2|Slowking-Galar, F|
|poke|p2|Gliscor, F|
|poke|p2|Iron Treads|
|teampreview
|inactive|Battle timer is ON: inactive players will automatically lose when time's up. (requested by haldernspacemarie)
|
|t:|1760790225
|teamsize|p1|6
|teamsize|p2|6
|start
|switch|p1a: Celestine|Primarina, M, shiny|100/100
|switch|p2a: Garganacl|Garganacl, F|100/100
|turn|1
|inactive|haldernspacemarie has 120 seconds left.
|
|t:|1760790268
|-terastallize|p2a: Garganacl|Fairy
|move|p1a: Celestine|Psychic Noise|p2a: Garganacl
|-damage|p2a: Garganacl|74/100
|-start|p2a: Garganacl|move: Heal Block
|move|p2a: Garganacl|Salt Cure|p1a: Celestine
|-damage|p1a: Celestine|84/100
|-start|p1a: Celestine|Salt Cure
|
|-damage|p1a: Celestine|59/100|[from] Salt Cure
|upkeep
|turn|2
|
|t:|1760790279
|switch|p1a: Overseer|Pecharunt|100/100
|move|p2a: Garganacl|Stealth Rock|p1a: Overseer
|-sidestart|p1: haldernspacemarie|move: Stealth Rock
|
|-end|p2a: Garganacl|move: Heal Block
|upkeep
|turn|3
|
|t:|1760790284
|switch|p2a: Iron Treads|Iron Treads|100/100
|move|p1a: Overseer|Malignant Chain|p2a: Iron Treads
|-immune|p2a: Iron Treads
|
|upkeep
|turn|4
|
|t:|1760790290
|move|p2a: Iron Treads|Knock Off|p1a: Overseer
|-supereffective|p1a: Overseer
|-damage|p1a: Overseer|73/100
|-damage|p2a: Iron Treads|84/100|[from] item: Rocky Helmet|[of] p1a: Overseer
|-enditem|p1a: Overseer|Rocky Helmet|[from] move: Knock Off|[of] p2a: Iron Treads
|move|p1a: Overseer|Parting Shot|p2a: Iron Treads
|-unboost|p2a: Iron Treads|atk|1
|-unboost|p2a: Iron Treads|spa|1
|
|t:|1760790293
|switch|p1a: Behemoth|Great Tusk, shiny|100/100|[from] Parting Shot
|
|upkeep
|turn|5
|
|t:|1760790302
|-end|p2a: Iron Treads|Quark Drive|[silent]
|switch|p2a: Pecharunt|Pecharunt|100/100
|move|p1a: Behemoth|Headlong Rush|p2a: Pecharunt
|-supereffective|p2a: Pecharunt
|-damage|p2a: Pecharunt|37/100
|-unboost|p1a: Behemoth|def|1
|-unboost|p1a: Behemoth|spd|1
|
|upkeep
|turn|6
|
|t:|1760790312
|switch|p2a: Gliscor|Gliscor, F|100/100
|move|p1a: Behemoth|Ice Spinner|p2a: Gliscor
|-supereffective|p2a: Gliscor
|-damage|p2a: Gliscor|13/100
|
|-status|p2a: Gliscor|tox|[from] item: Toxic Orb
|upkeep
|turn|7
|-message|Igoodnamename forfeited.
|
|win|haldernspacemarie
|raw|haldernspacemarie's rating: 1387 &rarr; <strong>1406</strong><br />(+19 for winning)
|raw|Igoodnamename's rating: 1365 &rarr; <strong>1346</strong><br />(-19 for losing)
|l|☆Igoodnamename
|player|p2|
