|j|‽shindig42
|j|☆DurantLatios拉帝欧斯侠
|t:|1760852657
|gametype|singles
|player|p1|shindig42|brycen|1441
|player|p2|DurantLatios拉帝欧斯侠|102|1397
|gen|9
|tier|[Gen 9] OU
|rated|
|rule|HP Percentage Mod: HP is shown in percentages
|rule|Endless Battle Clause: Forcing endless battles is banned
|rule|Species Clause: Limit one of each Pokémon
|rule|OHKO Clause: OHKO moves are banned
|rule|Evasion Items Clause: Evasion items are banned
|rule|Evasion Moves Clause: Evasion moves are banned
|rule|Evasion Abilities Clause: Evasion abilities are banned
|rule|Sleep Moves Clause: Sleep-inducing moves are banned
|clearpoke
|poke|p1|Corviknight, M|
|poke|p1|Slowking-Galar, M|
|poke|p1|Landorus-Therian, M|
|poke|p1|Cinderace, F|
|poke|p1|Darkrai|
|poke|p1|Samurott-Hisui, F|
|poke|p2|Skarmory, M|
|poke|p2|Kyurem|
|poke|p2|Primarina, F|
|poke|p2|Moltres|
|poke|p2|Great Tusk|
|poke|p2|Raging Bolt|
|teampreview
|inactive|Battle timer is ON: inactive players will automatically lose when time's up. (requested by DurantLatios拉帝欧斯侠)
|
|t:|1760852670
|teamsize|p1|6
|teamsize|p2|6
|start
|switch|p1a: Cinderace|Cinderace, F|100/100
|switch|p2a: Great Tusk|Great Tusk|100/100
|turn|1
|
|t:|1760852680
|-end|p2a: Great Tusk|Protosynthesis|[silent]
|switch|p2a: Primarina|Primarina, F|100/100
|move|p1a: Cinderace|U-turn|p2a: Primarina
|-start|p1a: Cinderace|typechange|Bug|[from] ability: Libero
|-resisted|p2a: Primarina
|-damage|p2a: Primarina|77/100
|
|t:|1760852687
|switch|p1a: Slowking|Slowking-Galar, M|100/100|[from] U-turn
|
|upkeep
|turn|2
|
|t:|1760852699
|switch|p2a: Skarmory|Skarmory, M|100/100
|move|p1a: Slowking|Flamethrower|p2a: Skarmory
|-supereffective|p2a: Skarmory
|-damage|p2a: Skarmory|0 fnt
|faint|p2a: Skarmory
|
|upkeep
|
|t:|1760852708
|switch|p2a: Great Tusk|Great Tusk|100/100
|turn|3
|
|t:|1760852712
|switch|p1a: Corviknight|Corviknight, M|100/100
|-ability|p1a: Corviknight|Pressure
|move|p2a: Great Tusk|Stealth Rock|p1a: Corviknight
|-sidestart|p1: shindig42|move: Stealth Rock
|
|upkeep
|turn|4
|inactive|DurantLatios拉帝欧斯侠 has 120 seconds left.
|
|t:|1760852748
|-end|p2a: Great Tusk|Protosynthesis|[silent]
|switch|p2a: Raging Bolt|Raging Bolt|100/100
|move|p1a: Corviknight|U-turn|p2a: Raging Bolt
|-damage|p2a: Raging Bolt|87/100
|
|t:|1760852751
|switch|p1a: Cinderace|Cinderace, F|100/100|[from] U-turn
|
|upkeep
|turn|5
|
|t:|1760852758
|move|p1a: Cinderace|Court Change|p1a: Cinderace
|-start|p1a: Cinderace|typechange|Normal|[from] ability: Libero
|-swapsideconditions
|-activate|p1a: Cinderace|move: Court Change
|move|p2a: Raging Bolt|Volt Switch|p1a: Cinderace
|-damage|p1a: Cinderace|40/100
|
|t:|1760852761
|-end|p2a: Raging Bolt|Protosynthesis|[silent]
|switch|p2a: Great Tusk|Great Tusk|100/100|[from] Volt Switch
|
|upkeep
|turn|6
|
|t:|1760852768
|move|p1a: Cinderace|Pyro Ball|p2a: Great Tusk
|-damage|p2a: Great Tusk|75/100
|move|p2a: Great Tusk|Rapid Spin|p1a: Cinderace
|-damage|p1a: Cinderace|14/100
|-boost|p2a: Great Tusk|spe|1
|-sideend|p2: DurantLatios拉帝欧斯侠|Stealth Rock|[from] move: Rapid Spin|[of] p2a: Great Tusk
|
|upkeep
|turn|7
|
|t:|1760852777
|switch|p1a: Corviknight|Corviknight, M|100/100
|-ability|p1a: Corviknight|Pressure
|move|p2a: Great Tusk|Rapid Spin|p1a: Corviknight
|-resisted|p1a: Corviknight
|-damage|p1a: Corviknight|95/100
|-boost|p2a: Great Tusk|spe|1
|-damage|p2a: Great Tusk|58/100|[from] item: Rocky Helmet|[of] p1a: Corviknight
|
|upkeep
|turn|8
|
|t:|1760852783
|move|p2a: Great Tusk|Stealth Rock|p1a: Corviknight
|-sidestart|p1: shindig42|move: Stealth Rock
|move|p1a: Corviknight|U-turn|p2a: Great Tusk
|-resisted|p2a: Great Tusk
|-damage|p2a: Great Tusk|53/100
|
|t:|1760852787
|switch|p1a: Cinderace|Cinderace, F|14/100|[from] U-turn
|
|upkeep
|turn|9
|
|t:|1760852793
|switch|p1a: Corviknight|Corviknight, M|95/100
|-damage|p1a: Corviknight|83/100|[from] Stealth Rock
|-ability|p1a: Corviknight|Pressure
|move|p2a: Great Tusk|Rapid Spin|p1a: Corviknight
|-resisted|p1a: Corviknight
|-damage|p1a: Corviknight|77/100
|-boost|p2a: Great Tusk|spe|1
|-damage|p2a: Great Tusk|37/100|[from] item: Rocky Helmet|[of] p1a: Corviknight
|
|upkeep
|turn|10
|
|t:|1760852806
|move|p2a: Great Tusk|Ice Spinner|p1a: Corviknight
|-damage|p1a: Corviknight|57/100
|-damage|p2a: Great Tusk|20/100|[from] item: Rocky Helmet|[of] p1a: Corviknight
|move|p1a: Corviknight|U-turn|p2a: Great Tusk
|-resisted|p2a: Great Tusk
|-damage|p2a: Great Tusk|15/100
|
|t:|1760852809
|switch|p1a: Cinderace|Cinderace, F|14/100|[from] U-turn
|
|upkeep
|turn|11
|
|t:|1760852813
|switch|p1a: Corviknight|Corviknight, M|57/100
|-damage|p1a: Corviknight|45/100|[from] Stealth Rock
|-ability|p1a: Corviknight|Pressure
|move|p2a: Great Tusk|Ice Spinner|p1a: Corviknight
|-damage|p1a: Corviknight|27/100
|-damage|p2a: Great Tusk|0 fnt|[from] item: Rocky Helmet|[of] p1a: Corviknight
|faint|p2a: Great Tusk
|-end|p2a: Great Tusk|Protosynthesis|[silent]
|
|upkeep
|
|t:|1760852818
|switch|p2a: Moltres|Moltres|100/100
|turn|12
|
|t:|1760852820
|move|p2a: Moltres|Flamethrower|p1a: Corviknight
|-supereffective|p1a: Corviknight
|-damage|p1a: Corviknight|0 fnt
|faint|p1a: Corviknight
|
|upkeep
|
|t:|1760852823
|switch|p1a: Cinderace|Cinderace, F|14/100
|turn|13
|
|t:|1760852828
|move|p1a: Cinderace|Court Change|p1a: Cinderace
|-start|p1a: Cinderace|typechange|Normal|[from] ability: Libero
|-swapsideconditions
|-activate|p1a: Cinderace|move: Court Change
|move|p2a: Moltres|U-turn|p1a: Cinderace
|-damage|p1a: Cinderace|0 fnt
|faint|p1a: Cinderace
|
|t:|1760852833
|switch|p2a: Kyurem|Kyurem|100/100|[from] U-turn
|-damage|p2a: Kyurem|75/100|[from] Stealth Rock
|-ability|p2a: Kyurem|Pressure
|
|-heal|p2a: Kyurem|82/100|[from] item: Leftovers
|upkeep
|
|t:|1760852842
|switch|p1a: Samurott|Samurott-Hisui, F|100/100
|turn|14
|
|t:|1760852847
|move|p2a: Kyurem|Protect|p2a: Kyurem
|-singleturn|p2a: Kyurem|Protect
|move|p1a: Samurott|Sacred Sword|p2a: Kyurem
|-activate|p2a: Kyurem|move: Protect
|
|-heal|p2a: Kyurem|88/100|[from] item: Leftovers
|upkeep
|turn|15
|
|t:|1760852853
|switch|p2a: Primarina|Primarina, F|77/100
|-damage|p2a: Primarina|64/100|[from] Stealth Rock
|move|p1a: Samurott|Sacred Sword|p2a: Primarina
|-resisted|p2a: Primarina
|-damage|p2a: Primarina|35/100
|
|upkeep
|turn|16
|
|t:|1760852862
|switch|p1a: Slowking|Slowking-Galar, M|100/100
|move|p2a: Primarina|Moonblast|p1a: Slowking
|-resisted|p1a: Slowking
|-damage|p1a: Slowking|78/100
|
|upkeep
|turn|17
|
|t:|1760852868
|move|p2a: Primarina|Psychic Noise|p1a: Slowking
|-damage|p1a: Slowking|42/100
|-start|p1a: Slowking|move: Heal Block
|move|p1a: Slowking|Sludge Bomb|p2a: Primarina
|-supereffective|p2a: Primarina
|-damage|p2a: Primarina|0 fnt
|faint|p2a: Primarina
|
|upkeep
|
|t:|1760852872
|switch|p2a: Kyurem|Kyurem|88/100
|-damage|p2a: Kyurem|63/100|[from] Stealth Rock
|-ability|p2a: Kyurem|Pressure
|turn|18
|
|t:|1760852878
|move|p2a: Kyurem|Substitute|p2a: Kyurem
|-start|p2a: Kyurem|Substitute
|-damage|p2a: Kyurem|38/100
|move|p1a: Slowking|Sludge Bomb|p2a: Kyurem
|-end|p2a: Kyurem|Substitute
|
|-heal|p2a: Kyurem|44/100|[from] item: Leftovers
|-end|p1a: Slowking|move: Heal Block
|upkeep
|turn|19
|
|t:|1760852882
|move|p2a: Kyurem|Protect|p2a: Kyurem
|-singleturn|p2a: Kyurem|Protect
|move|p1a: Slowking|Sludge Bomb|p2a: Kyurem
|-activate|p2a: Kyurem|move: Protect
|
|-heal|p2a: Kyurem|50/100|[from] item: Leftovers
|upkeep
|turn|20
|
|t:|1760852886
|move|p2a: Kyurem|Earth Power|p1a: Slowking
|-supereffective|p1a: Slowking
|-damage|p1a: Slowking|0 fnt
|faint|p1a: Slowking
|
|-heal|p2a: Kyurem|56/100|[from] item: Leftovers
|upkeep
|
|t:|1760852889
|switch|p1a: Samurott|Samurott-Hisui, F|100/100
|turn|21
|
|t:|1760852894
|switch|p2a: Moltres|Moltres|100/100
|move|p1a: Samurott|Sacred Sword|p2a: Moltres
|-resisted|p2a: Moltres
|-damage|p2a: Moltres|86/100
|
|upkeep
|turn|22
|
|t:|1760852898
|move|p1a: Samurott|Aqua Cutter|p2a: Moltres
|-supereffective|p2a: Moltres
|-damage|p2a: Moltres|15/100
|move|p2a: Moltres|U-turn|p1a: Samurott
|-supereffective|p1a: Samurott
|-damage|p1a: Samurott|64/100
|
|t:|1760852904
|switch|p2a: Raging Bolt|Raging Bolt|87/100|[from] U-turn
|
|upkeep
|turn|23
|
|t:|1760852909
|move|p1a: Samurott|Ceaseless Edge|p2a: Raging Bolt|[miss]
|-miss|p1a: Samurott|p2a: Raging Bolt
|move|p2a: Raging Bolt|Draco Meteor|p1a: Samurott
|-damage|p1a: Samurott|0 fnt
|-unboost|p2a: Raging Bolt|spa|2
|faint|p1a: Samurott
|
|upkeep
|
|t:|1760852915
|switch|p1a: Darkrai|Darkrai|100/100
|turn|24
|
|t:|1760852924
|-end|p2a: Raging Bolt|Protosynthesis|[silent]
|switch|p2a: Moltres|Moltres|15/100
|move|p1a: Darkrai|Ice Beam|p2a: Moltres
|-damage|p2a: Moltres|0 fnt
|faint|p2a: Moltres
|
|upkeep
|
|t:|1760852929
|switch|p2a: Raging Bolt|Raging Bolt|87/100
|turn|25
|
|t:|1760852934
|-terastallize|p2a: Raging Bolt|Fairy
|move|p1a: Darkrai|Ice Beam|p2a: Raging Bolt
|-damage|p2a: Raging Bolt|38/100
|move|p2a: Raging Bolt|Thunderbolt|p1a: Darkrai
|-damage|p1a: Darkrai|30/100
|
|upkeep
|turn|26
|
|t:|1760852942
|move|p2a: Raging Bolt|Thunderclap|p1a: Darkrai
|-damage|p1a: Darkrai|0 fnt
|faint|p1a: Darkrai
|
|upkeep
|
|t:|1760852944
|switch|p1a: Landorus|Landorus-Therian, M|100/100
|-ability|p1a: Landorus|Intimidate|boost
|-unboost|p2a: Raging Bolt|atk|1
|turn|27
|
|t:|1760852945
|move|p1a: Landorus|Earthquake|p2a: Raging Bolt
|-damage|p2a: Raging Bolt|0 fnt
|faint|p2a: Raging Bolt
|-end|p2a: Raging Bolt|Protosynthesis|[silent]
|
|upkeep
|
|t:|1760852947
|switch|p2a: Kyurem|Kyurem|56/100
|-damage|p2a: Kyurem|31/100|[from] Stealth Rock
|-ability|p2a: Kyurem|Pressure
|turn|28
|
|t:|1760852950
|-terastallize|p1a: Landorus|Ice
|move|p1a: Landorus|Earthquake|p2a: Kyurem
|-damage|p2a: Kyurem|0 fnt
|faint|p2a: Kyurem
|
|win|shindig42
|raw|shindig42's rating: 1441 &rarr; <strong>1458</strong><br />(+17 for winning)
|raw|DurantLatios拉帝欧斯侠's rating: 1397 &rarr; <strong>1380</strong><br />(-17 for losing)
|l|☆DurantLatios拉帝欧斯侠
|player|p2|
|l|‽shindig42
|player|p1|
