|j|☆cowboykale
|j|☆Burnermf
|t:|1760794404
|gametype|singles
|player|p1|cowboykale|clay|1401
|player|p2|Burnermf|101|1339
|gen|9
|tier|[Gen 9] OU
|rated|
|rule|HP Percentage Mod: HP is shown in percentages
|rule|Endless Battle Clause: Forcing endless battles is banned
|rule|Species Clause: Limit one of each Pokémon
|rule|OHKO Clause: OHKO moves are banned
|rule|Evasion Items Clause: Evasion items are banned
|rule|Evasion Moves Clause: Evasion moves are banned
|rule|Evasion Abilities Clause: Evasion abilities are banned
|rule|Sleep Moves Clause: Sleep-inducing moves are banned
|clearpoke
|poke|p1|Lokix, M|
|poke|p1|Raging Bolt|
|poke|p1|Ogerpon-Wellspring, F|
|poke|p1|Skeledirge, F|
|poke|p1|Mamoswine, M|
|poke|p1|Glimmora, F|
|poke|p2|Kommo-o, M|
|poke|p2|Gholdengo|
|poke|p2|Ninetales-Alola, M|
|poke|p2|Hatterene, F|
|poke|p2|Zamazenta-*|
|poke|p2|Kingambit, M|
|teampreview
|inactive|Battle timer is ON: inactive players will automatically lose when time's up. (requested by cowboykale)
|
|t:|1760794418
|teamsize|p1|6
|teamsize|p2|6
|start
|switch|p1a: Karate Boi|Lokix, M|100/100
|switch|p2a: Zamazenta|Zamazenta|100/100
|-ability|p2a: Zamazenta|Dauntless Shield|boost
|-boost|p2a: Zamazenta|def|1
|turn|1
|
|t:|1760794437
|switch|p1a: RIP Steve Irwin|Skeledirge, F|100/100
|move|p2a: Zamazenta|Stone Edge|p1a: RIP Steve Irwin
|-supereffective|p1a: RIP Steve Irwin
|-damage|p1a: RIP Steve Irwin|25/100
|-damage|p2a: Zamazenta|91/100|[from] item: Life Orb
|
|upkeep
|turn|2
|
|t:|1760794449
|switch|p1a: IDK|Ogerpon-Wellspring, F|100/100
|move|p2a: Zamazenta|Crunch|p1a: IDK
|-damage|p1a: IDK|56/100
|-damage|p2a: Zamazenta|81/100|[from] item: Life Orb
|
|upkeep
|turn|3
|
|t:|1760794462
|move|p2a: Zamazenta|Close Combat|p1a: IDK
|-damage|p1a: IDK|0 fnt
|-unboost|p2a: Zamazenta|def|1
|-unboost|p2a: Zamazenta|spd|1
|faint|p1a: IDK
|-damage|p2a: Zamazenta|71/100|[from] item: Life Orb
|
|upkeep
|inactive|cowboykale has 120 seconds left.
|
|t:|1760794492
|switch|p1a: Long NECK|Raging Bolt|100/100
|turn|4
|inactive|cowboykale has 120 seconds left.
|inactive|Burnermf has 120 seconds left.
|
|t:|1760794535
|switch|p2a: Kingambit|Kingambit, M|100/100
|-item|p2a: Kingambit|Air Balloon
|move|p1a: Long NECK|Volt Switch|p2a: Kingambit
|-damage|p2a: Kingambit|37/100
|-enditem|p2a: Kingambit|Air Balloon
|inactive|cowboykale has 120 seconds left.
|
|t:|1760794551
|-end|p1a: Long NECK|Protosynthesis|[silent]
|switch|p1a: Karate Boi|Lokix, M|100/100|[from] Volt Switch
|
|upkeep
|turn|5
|inactive|Burnermf has 120 seconds left.
|
|t:|1760794563
|-end|p2a: Kingambit|fallenundefined|[silent]
|switch|p2a: Zamazenta|Zamazenta|71/100
|move|p1a: Karate Boi|First Impression|p2a: Zamazenta
|-resisted|p2a: Zamazenta
|-damage|p2a: Zamazenta|36/100
|
|upkeep
|turn|6
|inactive|Burnermf has 120 seconds left.
|inactive|cowboykale has 120 seconds left.
|
|t:|1760794602
|move|p1a: Karate Boi|Sucker Punch|p2a: Zamazenta
|-resisted|p2a: Zamazenta
|-damage|p2a: Zamazenta|9/100
|move|p2a: Zamazenta|Stone Edge|p1a: Karate Boi
|-supereffective|p1a: Karate Boi
|-damage|p1a: Karate Boi|0 fnt
|faint|p1a: Karate Boi
|-damage|p2a: Zamazenta|0 fnt|[from] item: Life Orb
|faint|p2a: Zamazenta
|
|upkeep
|inactive|Burnermf has 120 seconds left.
|
|t:|1760794616
|switch|p2a: Ninetales|Ninetales-Alola, M|100/100
|switch|p1a: UFO|Glimmora, F, shiny|100/100
|-weather|Snowscape|[from] ability: Snow Warning|[of] p2a: Ninetales
|turn|7
|inactive|Burnermf has 120 seconds left.
|inactive|cowboykale has 90 seconds left.
|
|t:|1760794631
|move|p2a: Ninetales|Aurora Veil|p2a: Ninetales
|-sidestart|p2: Burnermf|move: Aurora Veil
|move|p1a: UFO|Meteor Beam||[still]
|-prepare|p1a: UFO|Meteor Beam
|-boost|p1a: UFO|spa|1
|-enditem|p1a: UFO|Power Herb
|-anim|p1a: UFO|Meteor Beam|p2a: Ninetales
|-supereffective|p2a: Ninetales
|-damage|p2a: Ninetales|7/100
|
|-weather|Snowscape|[upkeep]
|upkeep
|turn|8
|
|t:|1760794639
|move|p2a: Ninetales|Encore|p1a: UFO
|-start|p1a: UFO|Encore
|move|p1a: UFO|Meteor Beam||[still]
|-prepare|p1a: UFO|Meteor Beam
|-boost|p1a: UFO|spa|1
|
|-weather|Snowscape|[upkeep]
|upkeep
|turn|9
|
|t:|1760794649
|move|p2a: Ninetales|Freeze-Dry|p1a: UFO
|-damage|p1a: UFO|74/100
|move|p1a: UFO|Meteor Beam|p2a: Ninetales|[from] lockedmove
|-supereffective|p2a: Ninetales
|-damage|p2a: Ninetales|0 fnt
|faint|p2a: Ninetales
|
|-weather|Snowscape|[upkeep]
|upkeep
|inactive|Burnermf has 120 seconds left.
|
|t:|1760794679
|switch|p2a: Kingambit|Kingambit, M|37/100
|-activate|p2a: Kingambit|ability: Supreme Overlord
|-start|p2a: Kingambit|fallen2|[silent]
|turn|10
|
|t:|1760794687
|move|p1a: UFO|Meteor Beam||[still]
|-prepare|p1a: UFO|Meteor Beam
|-boost|p1a: UFO|spa|1
|move|p2a: Kingambit|Iron Head|p1a: UFO
|-supereffective|p1a: UFO
|-damage|p1a: UFO|0 fnt
|-activate|p1a: UFO|ability: Toxic Debris
|-sidestart|p2: Burnermf|move: Toxic Spikes
|faint|p1a: UFO
|
|-weather|Snowscape|[upkeep]
|upkeep
|
|t:|1760794699
|switch|p1a: Manny|Mamoswine, M|100/100
|turn|11
|inactive|Burnermf has 120 seconds left.
|
|t:|1760794723
|move|p2a: Kingambit|Sucker Punch|p1a: Manny
|-damage|p1a: Manny|61/100
|move|p1a: Manny|Earthquake|p2a: Kingambit
|-supereffective|p2a: Kingambit
|-damage|p2a: Kingambit|0 fnt
|faint|p2a: Kingambit
|-end|p2a: Kingambit|fallen2|[silent]
|
|-weather|none
|upkeep
|inactive|Burnermf has 90 seconds left.
|
|t:|1760794746
|switch|p2a: Gholdengo|Gholdengo|100/100
|turn|12
|
|t:|1760794757
|switch|p1a: RIP Steve Irwin|Skeledirge, F|25/100
|move|p2a: Gholdengo|Shadow Ball|p1a: RIP Steve Irwin
|-supereffective|p1a: RIP Steve Irwin
|-damage|p1a: RIP Steve Irwin|0 fnt
|faint|p1a: RIP Steve Irwin
|
|upkeep
|inactive|cowboykale has 120 seconds left.
|
|t:|1760794767
|switch|p1a: Long NECK|Raging Bolt|100/100
|turn|13
|
|t:|1760794775
|move|p2a: Gholdengo|Shadow Ball|p1a: Long NECK
|-damage|p1a: Long NECK|55/100
|move|p1a: Long NECK|Thunderbolt|p2a: Gholdengo
|-damage|p2a: Gholdengo|54/100
|
|upkeep
|turn|14
|
|t:|1760794781
|move|p2a: Gholdengo|Shadow Ball|p1a: Long NECK
|-damage|p1a: Long NECK|12/100
|move|p1a: Long NECK|Thunderbolt|p2a: Gholdengo
|-damage|p2a: Gholdengo|10/100
|
|-sideend|p2: Burnermf|move: Aurora Veil
|upkeep
|turn|15
|inactive|Burnermf has 120 seconds left.
|-enditem|p2a: Gholdengo|Custap Berry|[eat]
|-activate|p2a: Gholdengo|item: Custap Berry|[consumed]
|
|t:|1760794796
|move|p2a: Gholdengo|Shadow Ball|p1a: Long NECK
|-damage|p1a: Long NECK|0 fnt
|faint|p1a: Long NECK
|-end|p1a: Long NECK|Protosynthesis|[silent]
|
|upkeep
|
|t:|1760794800
|switch|p1a: Manny|Mamoswine, M|61/100
|turn|16
|
|t:|1760794804
|move|p2a: Gholdengo|Focus Blast|p1a: Manny
|-supereffective|p1a: Manny
|-damage|p1a: Manny|0 fnt
|faint|p1a: Manny
|
|win|Burnermf
|raw|cowboykale's rating: 1384 &rarr; <strong>1361</strong><br />(-23 for losing)
|raw|Burnermf's rating: 1339 &rarr; <strong>1362</strong><br />(+23 for winning)
|l|☆cowboykale
|player|p1|
