|j|☆bio2.0
|j|☆arataomega1
|t:|1760801207
|gametype|singles
|player|p1|bio2.0|265|1289
|player|p2|arataomega1|marnie-masters3|1235
|gen|9
|tier|[Gen 9] OU
|rated|
|rule|HP Percentage Mod: HP is shown in percentages
|rule|Endless Battle Clause: Forcing endless battles is banned
|rule|Species Clause: Limit one of each Pokémon
|rule|OHKO Clause: OHKO moves are banned
|rule|Evasion Items Clause: Evasion items are banned
|rule|Evasion Moves Clause: Evasion moves are banned
|rule|Evasion Abilities Clause: Evasion abilities are banned
|rule|Sleep Moves Clause: Sleep-inducing moves are banned
|clearpoke
|poke|p1|Iron Boulder|
|poke|p1|Shiftry, F|
|poke|p1|Garchomp, M|
|poke|p1|Iron Valiant|
|poke|p1|Snorlax, F|
|poke|p1|Great Tusk|
|poke|p2|Cinderace, F|
|poke|p2|Gliscor, M|
|poke|p2|Zamazenta-*|
|poke|p2|Dragapult, F|
|poke|p2|Clefable, F|
|poke|p2|Garganacl, F|
|teampreview
|
|t:|1760801221
|teamsize|p1|6
|teamsize|p2|6
|start
|switch|p1a: Garchomp|Garchomp, M|100/100
|switch|p2a: OMEGA SIGMA !!|Clefable, F|100/100
|turn|1
|inactive|Battle timer is ON: inactive players will automatically lose when time's up. (requested by bio2.0)
|
|t:|1760801230
|switch|p1a: Snorlax|Snorlax, F|100/100
|move|p2a: OMEGA SIGMA !!|Trick|p1a: Snorlax
|-activate|p2a: OMEGA SIGMA !!|move: Trick|[of] p1a: Snorlax
|-item|p1a: Snorlax|Sticky Barb|[from] move: Trick
|-item|p2a: OMEGA SIGMA !!|Custap Berry|[from] move: Trick
|
|-damage|p1a: Snorlax|88/100|[from] item: Sticky Barb
|upkeep
|turn|2
|
|t:|1760801238
|move|p2a: OMEGA SIGMA !!|Moonblast|p1a: Snorlax
|-damage|p1a: Snorlax|69/100
|move|p1a: Snorlax|Double-Edge|p2a: OMEGA SIGMA !!
|-damage|p2a: OMEGA SIGMA !!|54/100
|-damage|p1a: Snorlax|57/100|[from] Recoil
|
|-damage|p1a: Snorlax|45/100|[from] item: Sticky Barb
|upkeep
|turn|3
|
|t:|1760801248
|move|p2a: OMEGA SIGMA !!|Moonlight|p2a: OMEGA SIGMA !!
|-heal|p2a: OMEGA SIGMA !!|100/100
|move|p1a: Snorlax|Double-Edge|p2a: OMEGA SIGMA !!
|-damage|p2a: OMEGA SIGMA !!|51/100
|-damage|p1a: Snorlax|33/100|[from] Recoil
|
|-damage|p1a: Snorlax|20/100|[from] item: Sticky Barb
|upkeep
|turn|4
|
|t:|1760801265
|switch|p1a: Shiftry|Shiftry, F|100/100
|move|p2a: OMEGA SIGMA !!|Moonlight|p2a: OMEGA SIGMA !!
|-heal|p2a: OMEGA SIGMA !!|100/100
|
|upkeep
|turn|5
|
|t:|1760801272
|move|p1a: Shiftry|Tailwind|p1a: Shiftry
|-sidestart|p1: bio2.0|move: Tailwind
|-ability|p1a: Shiftry|Wind Rider|boost
|-boost|p1a: Shiftry|atk|1
|move|p2a: OMEGA SIGMA !!|Moonblast|p1a: Shiftry
|-supereffective|p1a: Shiftry
|-damage|p1a: Shiftry|5/100
|
|upkeep
|turn|6
|
|t:|1760801280
|move|p1a: Shiftry|Explosion|p2a: OMEGA SIGMA !!
|-damage|p2a: OMEGA SIGMA !!|8/100
|faint|p1a: Shiftry
|move|p2a: OMEGA SIGMA !!|Moonblast|p1: Shiftry|[notarget]
|-fail|p2a: OMEGA SIGMA !!
|
|upkeep
|
|t:|1760801286
|switch|p1a: Snorlax|Snorlax, F|20/100
|turn|7
|-enditem|p2a: OMEGA SIGMA !!|Custap Berry|[eat]
|-activate|p2a: OMEGA SIGMA !!|item: Custap Berry|[consumed]
|
|t:|1760801290
|move|p2a: OMEGA SIGMA !!|Moonblast|p1a: Snorlax
|-damage|p1a: Snorlax|0 fnt
|faint|p1a: Snorlax
|
|upkeep
|
|t:|1760801296
|switch|p1a: Garchomp|Garchomp, M|100/100
|turn|8
|
|t:|1760801300
|move|p1a: Garchomp|Earthquake|p2a: OMEGA SIGMA !!
|-damage|p2a: OMEGA SIGMA !!|0 fnt
|faint|p2a: OMEGA SIGMA !!
|-damage|p1a: Garchomp|91/100|[from] item: Life Orb
|
|-sideend|p1: bio2.0|move: Tailwind
|upkeep
|
|t:|1760801309
|switch|p2a: Wolfang amadeus|Zamazenta, shiny|100/100
|-ability|p2a: Wolfang amadeus|Dauntless Shield|boost
|-boost|p2a: Wolfang amadeus|def|1
|turn|9
|
|t:|1760801316
|switch|p2a: Raphinha|Cinderace, F, shiny|100/100
|move|p1a: Garchomp|Draco Meteor|p2a: Raphinha
|-damage|p2a: Raphinha|0 fnt
|-unboost|p1a: Garchomp|spa|2
|faint|p2a: Raphinha
|-damage|p1a: Garchomp|81/100|[from] item: Life Orb
|
|upkeep
|
|t:|1760801327
|switch|p2a: See you in uber|Gliscor, M, shiny|100/100
|turn|10
|
|t:|1760801332
|switch|p1a: Great Tusk|Great Tusk|100/100
|-enditem|p1a: Great Tusk|Booster Energy
|-activate|p1a: Great Tusk|ability: Protosynthesis|[fromitem]
|-start|p1a: Great Tusk|protosynthesisatk
|move|p2a: See you in uber|Swords Dance|p2a: See you in uber
|-boost|p2a: See you in uber|atk|2
|
|-status|p2a: See you in uber|tox|[from] item: Toxic Orb
|upkeep
|turn|11
|
|t:|1760801343
|-terastallize|p2a: See you in uber|Normal
|move|p2a: See you in uber|Facade|p1a: Great Tusk
|-damage|p1a: Great Tusk|32/100
|move|p1a: Great Tusk|Roar|p2a: See you in uber
|drag|p2a: Wolfang amadeus|Zamazenta, shiny|100/100
|
|upkeep
|turn|12
|
|t:|1760801352
|-end|p1a: Great Tusk|Protosynthesis|[silent]
|switch|p1a: Garchomp|Garchomp, M|81/100
|move|p2a: Wolfang amadeus|Body Press|p1a: Garchomp
|-crit|p1a: Garchomp
|-damage|p1a: Garchomp|29/100
|-damage|p2a: Wolfang amadeus|88/100|[from] ability: Rough Skin|[of] p1a: Garchomp
|
|-heal|p2a: Wolfang amadeus|94/100|[from] item: Leftovers
|upkeep
|turn|13
|
|t:|1760801362
|move|p2a: Wolfang amadeus|Body Press|p1a: Garchomp
|-damage|p1a: Garchomp|0 fnt
|-damage|p2a: Wolfang amadeus|82/100|[from] ability: Rough Skin|[of] p1a: Garchomp
|faint|p1a: Garchomp
|
|-heal|p2a: Wolfang amadeus|88/100|[from] item: Leftovers
|upkeep
|
|t:|1760801369
|switch|p1a: Iron Valiant|Iron Valiant|100/100
|-enditem|p1a: Iron Valiant|Booster Energy
|-activate|p1a: Iron Valiant|ability: Quark Drive|[fromitem]
|-start|p1a: Iron Valiant|quarkdrivespe
|turn|14
|
|t:|1760801381
|switch|p2a: See you in uber|Gliscor, M, shiny, tera:Normal|100/100 tox
|move|p1a: Iron Valiant|Calm Mind|p1a: Iron Valiant
|-boost|p1a: Iron Valiant|spa|1
|-boost|p1a: Iron Valiant|spd|1
|
|upkeep
|turn|15
|
|t:|1760801389
|move|p1a: Iron Valiant|Moonblast|p2a: See you in uber
|-damage|p2a: See you in uber|31/100 tox
|move|p2a: See you in uber|Facade|p1a: Iron Valiant
|-damage|p1a: Iron Valiant|42/100
|
|-heal|p2a: See you in uber|43/100 tox|[from] ability: Poison Heal
|upkeep
|turn|16
|
|t:|1760801398
|move|p1a: Iron Valiant|Moonblast|p2a: See you in uber
|-damage|p2a: See you in uber|0 fnt
|faint|p2a: See you in uber
|
|upkeep
|
|t:|1760801403
|switch|p2a: 11 September|Dragapult, F, shiny|100/100
|turn|17
|
|t:|1760801406
|move|p1a: Iron Valiant|Moonblast|p2a: 11 September
|-supereffective|p2a: 11 September
|-damage|p2a: 11 September|0 fnt
|faint|p2a: 11 September
|
|upkeep
|
|t:|1760801411
|switch|p2a: Nouvelle strat|Garganacl, F, shiny|100/100
|turn|18
|c|☆bio2.0|booooom!
|
|t:|1760801415
|-terastallize|p1a: Iron Valiant|Ground
|move|p1a: Iron Valiant|Tera Blast|p2a: Nouvelle strat|[anim] Tera Blast Ground
|-supereffective|p2a: Nouvelle strat
|-crit|p2a: Nouvelle strat
|-damage|p2a: Nouvelle strat|0 fnt
|faint|p2a: Nouvelle strat
|
|upkeep
|-message|arataomega1 forfeited.
|
|win|bio2.0
|raw|bio2.0's rating: 1289 &rarr; <strong>1310</strong><br />(+21 for winning)
|raw|arataomega1's rating: 1235 &rarr; <strong>1214</strong><br />(-21 for losing)
|l|☆arataomega1
|player|p2|
|l|☆bio2.0
|player|p1|
