|j|☆Celsius44
|j|☆B/CFan
|t:|1760727905
|gametype|singles
|player|p1|Celsius44|steven|1482
|player|p2|B/CFan|102|1431
|gen|9
|tier|[Gen 9] OU
|rated|
|rule|HP Percentage Mod: HP is shown in percentages
|rule|Endless Battle Clause: Forcing endless battles is banned
|rule|Species Clause: Limit one of each Pokémon
|rule|OHKO Clause: OHKO moves are banned
|rule|Evasion Items Clause: Evasion items are banned
|rule|Evasion Moves Clause: Evasion moves are banned
|rule|Evasion Abilities Clause: Evasion abilities are banned
|rule|Sleep Moves Clause: Sleep-inducing moves are banned
|clearpoke
|poke|p1|Primarina, M|
|poke|p1|Cinderace, F|
|poke|p1|Great Tusk|
|poke|p1|Kyurem|
|poke|p1|Ninetales-Alola, M|
|poke|p1|Iron Crown|
|poke|p2|Cinderace, M|
|poke|p2|Galvantula, M|
|poke|p2|Excadrill, M|
|poke|p2|Dragapult, M|
|poke|p2|Serperior, F|
|poke|p2|Kingambit, M|
|teampreview
|inactive|Battle timer is ON: inactive players will automatically lose when time's up. (requested by Celsius44)
|
|t:|1760727910
|teamsize|p1|6
|teamsize|p2|6
|start
|switch|p1a: Cinderace|Cinderace, F|100/100
|switch|p2a: Galvantula|Galvantula, M|100/100
|turn|1
|
|t:|1760727940
|move|p1a: Cinderace|Pyro Ball|p2a: Galvantula
|-supereffective|p2a: Galvantula
|-enditem|p2a: Galvantula|Focus Sash
|-damage|p2a: Galvantula|1/100
|move|p2a: Galvantula|Sticky Web|p1a: Cinderace
|-sidestart|p1: Celsius44|move: Sticky Web
|
|upkeep
|turn|2
|
|t:|1760727946
|move|p1a: Cinderace|Pyro Ball|p2a: Galvantula|[miss]
|-miss|p1a: Cinderace|p2a: Galvantula
|move|p2a: Galvantula|Volt Switch|p1a: Cinderace
|-damage|p1a: Cinderace|57/100
|
|t:|1760727951
|switch|p2a: Cinderace|Cinderace, M|100/100|[from] Volt Switch
|
|upkeep
|turn|3
|
|t:|1760727957
|move|p2a: Cinderace|Court Change|p2a: Cinderace
|-start|p2a: Cinderace|typechange|Normal|[from] ability: Libero
|-swapsideconditions
|-activate|p2a: Cinderace|move: Court Change
|move|p1a: Cinderace|Court Change|p1a: Cinderace
|-start|p1a: Cinderace|typechange|Normal|[from] ability: Libero
|-swapsideconditions
|-activate|p1a: Cinderace|move: Court Change
|
|upkeep
|turn|4
|
|t:|1760727961
|move|p1a: Cinderace|Court Change|p1a: Cinderace
|-swapsideconditions
|-activate|p1a: Cinderace|move: Court Change
|move|p2a: Cinderace|Court Change|p2a: Cinderace
|-swapsideconditions
|-activate|p2a: Cinderace|move: Court Change
|
|upkeep
|turn|5
|
|t:|1760727964
|move|p2a: Cinderace|Sucker Punch||[still]
|-fail|p2a: Cinderace
|move|p1a: Cinderace|Court Change|p1a: Cinderace
|-swapsideconditions
|-activate|p1a: Cinderace|move: Court Change
|
|upkeep
|turn|6
|
|t:|1760727972
|switch|p1a: Primarina|Primarina, M|100/100
|move|p2a: Cinderace|U-turn|p1a: Primarina
|-resisted|p1a: Primarina
|-damage|p1a: Primarina|86/100
|
|t:|1760727981
|switch|p2a: Serperior|Serperior, F|100/100|[from] U-turn
|-activate|p2a: Serperior|move: Sticky Web
|-boost|p2a: Serperior|spe|1
|
|upkeep
|turn|7
|
|t:|1760728006
|switch|p1a: Cinderace|Cinderace, F|57/100
|move|p2a: Serperior|Leaf Storm|p1a: Cinderace|[miss]
|-miss|p2a: Serperior|p1a: Cinderace
|
|upkeep
|turn|8
|
|t:|1760728009
|move|p2a: Serperior|Leaf Storm|p1a: Cinderace
|-resisted|p1a: Cinderace
|-damage|p1a: Cinderace|25/100
|-boost|p2a: Serperior|spa|2
|move|p1a: Cinderace|U-turn|p2a: Serperior
|-start|p1a: Cinderace|typechange|Bug|[from] ability: Libero
|-supereffective|p2a: Serperior
|-damage|p2a: Serperior|26/100
|
|t:|1760728018
|switch|p1a: Kyurem|Kyurem|100/100|[from] U-turn
|-ability|p1a: Kyurem|Pressure
|
|-heal|p2a: Serperior|32/100|[from] item: Leftovers
|upkeep
|turn|9
|
|t:|1760728026
|-terastallize|p2a: Serperior|Fire
|move|p2a: Serperior|Substitute|p2a: Serperior
|-start|p2a: Serperior|Substitute
|-damage|p2a: Serperior|7/100
|move|p1a: Kyurem|Dragon Dance|p1a: Kyurem
|-boost|p1a: Kyurem|atk|1
|-boost|p1a: Kyurem|spe|1
|
|-heal|p2a: Serperior|13/100|[from] item: Leftovers
|upkeep
|turn|10
|
|t:|1760728046
|move|p2a: Serperior|Leaf Storm|p1a: Kyurem
|-resisted|p1a: Kyurem
|-damage|p1a: Kyurem|61/100
|-boost|p2a: Serperior|spa|2
|move|p1a: Kyurem|Dragon Dance|p1a: Kyurem
|-boost|p1a: Kyurem|atk|1
|-boost|p1a: Kyurem|spe|1
|
|-heal|p2a: Serperior|20/100|[from] item: Leftovers
|upkeep
|turn|11
|
|t:|1760728052
|move|p1a: Kyurem|Scale Shot|p2a: Serperior
|-end|p2a: Serperior|Substitute
|-crit|p2a: Serperior
|-damage|p2a: Serperior|0 fnt
|faint|p2a: Serperior
|-hitcount|p2: Serperior|2
|-unboost|p1a: Kyurem|def|1
|-boost|p1a: Kyurem|spe|1
|
|upkeep
|
|t:|1760728056
|switch|p2a: Cinderace|Cinderace, M|100/100
|turn|12
|
|t:|1760728061
|move|p2a: Cinderace|Sucker Punch|p1a: Kyurem
|-start|p2a: Cinderace|typechange|Dark|[from] ability: Libero
|-damage|p1a: Kyurem|8/100
|move|p1a: Kyurem|Scale Shot|p2a: Cinderace
|-damage|p2a: Cinderace|56/100
|-damage|p2a: Cinderace|15/100
|-damage|p2a: Cinderace|0 fnt
|faint|p2a: Cinderace
|-hitcount|p2: Cinderace|3
|-unboost|p1a: Kyurem|def|1
|-boost|p1a: Kyurem|spe|1
|
|upkeep
|
|t:|1760728066
|switch|p2a: Kingambit|Kingambit, M|100/100
|-activate|p2a: Kingambit|move: Sticky Web
|-unboost|p2a: Kingambit|spe|1
|-ability|p2a: Kingambit|Defiant|boost
|-boost|p2a: Kingambit|atk|2
|turn|13
|
|t:|1760728074
|move|p2a: Kingambit|Sucker Punch||[still]
|-fail|p2a: Kingambit
|move|p1a: Kyurem|Dragon Dance|p1a: Kyurem
|-boost|p1a: Kyurem|atk|1
|-boost|p1a: Kyurem|spe|1
|
|upkeep
|turn|14
|
|t:|1760728076
|move|p2a: Kingambit|Sucker Punch|p1a: Kyurem
|-damage|p1a: Kyurem|0 fnt
|faint|p1a: Kyurem
|
|upkeep
|
|t:|1760728078
|switch|p1a: Ninetales|Ninetales-Alola, M|100/100
|-weather|Snowscape|[from] ability: Snow Warning|[of] p1a: Ninetales
|turn|15
|
|t:|1760728081
|move|p1a: Ninetales|Aurora Veil|p1a: Ninetales
|-sidestart|p1: Celsius44|move: Aurora Veil
|move|p2a: Kingambit|Iron Head|p1a: Ninetales
|-supereffective|p1a: Ninetales
|-damage|p1a: Ninetales|0 fnt
|faint|p1a: Ninetales
|
|-weather|Snowscape|[upkeep]
|upkeep
|
|t:|1760728085
|switch|p1a: Great Tusk|Great Tusk|100/100
|turn|16
|
|t:|1760728092
|switch|p2a: Galvantula|Galvantula, M|1/100
|-activate|p2a: Galvantula|move: Sticky Web
|-unboost|p2a: Galvantula|spe|1
|move|p1a: Great Tusk|Headlong Rush|p2a: Galvantula
|-damage|p2a: Galvantula|0 fnt
|-unboost|p1a: Great Tusk|def|1
|-unboost|p1a: Great Tusk|spd|1
|faint|p2a: Galvantula
|
|-weather|Snowscape|[upkeep]
|upkeep
|
|t:|1760728096
|switch|p2a: Dragapult|Dragapult, M|100/100
|-activate|p2a: Dragapult|move: Sticky Web
|-fail|p2a: Dragapult|unboost|[from] ability: Clear Body|[of] p2a: Dragapult
|turn|17
|
|t:|1760728110
|move|p2a: Dragapult|Shadow Ball|p1a: Great Tusk
|-damage|p1a: Great Tusk|38/100
|-unboost|p1a: Great Tusk|spd|1
|move|p1a: Great Tusk|Ice Spinner|p2a: Dragapult
|-supereffective|p2a: Dragapult
|-damage|p2a: Dragapult|27/100
|
|-weather|Snowscape|[upkeep]
|-heal|p1a: Great Tusk|44/100|[from] item: Leftovers
|upkeep
|turn|18
|
|t:|1760728124
|move|p2a: Dragapult|Shadow Ball|p1a: Great Tusk
|-damage|p1a: Great Tusk|0 fnt
|faint|p1a: Great Tusk
|-end|p1a: Great Tusk|Protosynthesis|[silent]
|
|-weather|Snowscape|[upkeep]
|upkeep
|
|t:|1760728127
|switch|p1a: Iron Crown|Iron Crown|100/100
|turn|19
|
|t:|1760728129
|move|p2a: Dragapult|Shadow Ball|p1a: Iron Crown
|-supereffective|p1a: Iron Crown
|-damage|p1a: Iron Crown|61/100
|-enditem|p1a: Iron Crown|Weakness Policy
|-boost|p1a: Iron Crown|atk|2|[from] item: Weakness Policy
|-boost|p1a: Iron Crown|spa|2|[from] item: Weakness Policy
|move|p1a: Iron Crown|Agility|p1a: Iron Crown
|-boost|p1a: Iron Crown|spe|2
|
|-weather|none
|upkeep
|turn|20
|
|t:|1760728157
|move|p1a: Iron Crown|Calm Mind|p1a: Iron Crown
|-boost|p1a: Iron Crown|spa|1
|-boost|p1a: Iron Crown|spd|1
|move|p2a: Dragapult|Shadow Ball|p1a: Iron Crown
|-supereffective|p1a: Iron Crown
|-damage|p1a: Iron Crown|35/100
|
|upkeep
|turn|21
|
|t:|1760728164
|move|p1a: Iron Crown|Stored Power|p2a: Dragapult
|-damage|p2a: Dragapult|0 fnt
|faint|p2a: Dragapult
|
|upkeep
|
|t:|1760728167
|switch|p2a: Kingambit|Kingambit, M|100/100
|-activate|p2a: Kingambit|move: Sticky Web
|-unboost|p2a: Kingambit|spe|1
|-ability|p2a: Kingambit|Defiant|boost
|-boost|p2a: Kingambit|atk|2
|turn|22
|
|t:|1760728175
|move|p2a: Kingambit|Sucker Punch|p1a: Iron Crown
|-supereffective|p1a: Iron Crown
|-damage|p1a: Iron Crown|0 fnt
|faint|p1a: Iron Crown
|-end|p1a: Iron Crown|Quark Drive|[silent]
|
|-sideend|p1: Celsius44|move: Aurora Veil
|upkeep
|
|t:|1760728178
|switch|p1a: Primarina|Primarina, M|86/100
|turn|23
|
|t:|1760728208
|move|p1a: Primarina|Moonblast|p2a: Kingambit
|-damage|p2a: Kingambit|29/100
|move|p2a: Kingambit|Iron Head|p1a: Primarina
|-damage|p1a: Primarina|0 fnt
|faint|p1a: Primarina
|
|upkeep
|
|t:|1760728211
|switch|p1a: Cinderace|Cinderace, F|25/100
|turn|24
|
|t:|1760728213
|move|p2a: Kingambit|Sucker Punch||[still]
|-fail|p2a: Kingambit
|move|p1a: Cinderace|Will-O-Wisp|p2a: Kingambit
|-status|p2a: Kingambit|brn
|
|-damage|p2a: Kingambit|23/100 brn|[from] brn
|upkeep
|turn|25
|
|t:|1760728229
|move|p2a: Kingambit|Sucker Punch||[still]
|-fail|p2a: Kingambit
|move|p1a: Cinderace|Will-O-Wisp|p2a: Kingambit
|-fail|p2a: Kingambit|brn
|
|-damage|p2a: Kingambit|17/100 brn|[from] brn
|upkeep
|turn|26
|
|t:|1760728237
|move|p1a: Cinderace|Pyro Ball|p2a: Kingambit|[miss]
|-miss|p1a: Cinderace|p2a: Kingambit
|move|p2a: Kingambit|Kowtow Cleave|p1a: Cinderace
|-damage|p1a: Cinderace|0 fnt
|faint|p1a: Cinderace
|
|win|B/CFan
|raw|Celsius44's rating: 1482 &rarr; <strong>1459</strong><br />(-23 for losing)
|raw|B&#x2f;CFan's rating: 1431 &rarr; <strong>1454</strong><br />(+23 for winning)
|l|☆Celsius44
|player|p1|
|l|☆B/CFan
|player|p2|
