|j|☆nezk025
|j|☆sus skibidi
|t:|1760815790
|gametype|singles
|player|p1|nezk025|nate|1422
|player|p2|sus skibidi|miku-fire|1490
|gen|9
|tier|[Gen 9] OU
|rated|
|rule|HP Percentage Mod: HP is shown in percentages
|rule|Endless Battle Clause: Forcing endless battles is banned
|rule|Species Clause: Limit one of each Pokémon
|rule|OHKO Clause: OHKO moves are banned
|rule|Evasion Items Clause: Evasion items are banned
|rule|Evasion Moves Clause: Evasion moves are banned
|rule|Evasion Abilities Clause: Evasion abilities are banned
|rule|Sleep Moves Clause: Sleep-inducing moves are banned
|clearpoke
|poke|p1|Ogerpon-Wellspring, F|
|poke|p1|Kingambit, F|
|poke|p1|Landorus-Therian, M|
|poke|p1|Glimmora, F|
|poke|p1|Dragapult, F|
|poke|p1|Iron Valiant|
|poke|p2|Eelektross, M|
|poke|p2|Samurott-Hisui, F|
|poke|p2|Landorus-Therian, M|
|poke|p2|Zamazenta-*|
|poke|p2|Kingambit, M|
|poke|p2|Dragonite, F|
|teampreview
|inactive|Battle timer is ON: inactive players will automatically lose when time's up. (requested by sus skibidi)
|inactive|sus skibidi has 120 seconds left.
|
|t:|1760815838
|teamsize|p1|6
|teamsize|p2|6
|start
|switch|p1a: Landorus|Landorus-Therian, M|100/100
|switch|p2a: Samurott|Samurott-Hisui, F|100/100
|-ability|p1a: Landorus|Intimidate|boost
|-unboost|p2a: Samurott|atk|1
|turn|1
|
|t:|1760815851
|move|p1a: Landorus|U-turn|p2a: Samurott
|-supereffective|p2a: Samurott
|-damage|p2a: Samurott|50/100
|
|t:|1760815860
|switch|p1a: Ogerpon|Ogerpon-Wellspring, F|100/100|[from] U-turn
|move|p2a: Samurott|Ceaseless Edge|p1a: Ogerpon
|-damage|p1a: Ogerpon|60/100
|-sidestart|p1: nezk025|Spikes
|
|upkeep
|turn|2
|
|t:|1760815867
|move|p2a: Samurott|Sucker Punch|p1a: Ogerpon
|-damage|p1a: Ogerpon|32/100
|move|p1a: Ogerpon|Horn Leech|p2a: Samurott
|-supereffective|p2a: Samurott
|-crit|p2a: Samurott
|-damage|p2a: Samurott|0 fnt
|-heal|p1a: Ogerpon|64/100|[from] drain|[of] p2a: Samurott
|faint|p2a: Samurott
|
|upkeep
|
|t:|1760815876
|switch|p2a: Eelektross|Eelektross, M|100/100
|turn|3
|
|t:|1760815882
|move|p1a: Ogerpon|Ivy Cudgel|p2a: Eelektross|[anim] Ivy Cudgel Water
|-damage|p2a: Eelektross|39/100
|move|p2a: Eelektross|Coil|p2a: Eelektross
|-boost|p2a: Eelektross|atk|1
|-boost|p2a: Eelektross|def|1
|-boost|p2a: Eelektross|accuracy|1
|
|-heal|p2a: Eelektross|45/100|[from] item: Leftovers
|upkeep
|turn|4
|
|t:|1760815897
|switch|p1a: Landorus|Landorus-Therian, M|100/100
|-ability|p1a: Landorus|Intimidate|boost
|-unboost|p2a: Eelektross|atk|1
|move|p2a: Eelektross|Drain Punch|p1a: Landorus
|-resisted|p1a: Landorus
|-damage|p1a: Landorus|91/100
|-heal|p2a: Eelektross|50/100|[from] drain|[of] p1a: Landorus
|-damage|p2a: Eelektross|34/100|[from] item: Rocky Helmet|[of] p1a: Landorus
|
|-heal|p2a: Eelektross|40/100|[from] item: Leftovers
|upkeep
|turn|5
|
|t:|1760815907
|move|p1a: Landorus|U-turn|p2a: Eelektross
|-damage|p2a: Eelektross|22/100
|
|t:|1760815915
|switch|p1a: Ogerpon|Ogerpon-Wellspring, F|64/100|[from] U-turn
|-damage|p1a: Ogerpon|52/100|[from] Spikes
|move|p2a: Eelektross|Knock Off|p1a: Ogerpon
|-damage|p1a: Ogerpon|29/100
|
|-heal|p2a: Eelektross|29/100|[from] item: Leftovers
|upkeep
|turn|6
|
|t:|1760815924
|move|p1a: Ogerpon|Horn Leech|p2a: Eelektross
|-damage|p2a: Eelektross|0 fnt
|-heal|p1a: Ogerpon|46/100|[from] drain|[of] p2a: Eelektross
|faint|p2a: Eelektross
|
|upkeep
|
|t:|1760815939
|switch|p2a: Kingambit|Kingambit, M|100/100
|-activate|p2a: Kingambit|ability: Supreme Overlord
|-start|p2a: Kingambit|fallen2|[silent]
|turn|7
|
|t:|1760815950
|switch|p1a: Landorus|Landorus-Therian, M|91/100
|-ability|p1a: Landorus|Intimidate|boost
|-unboost|p2a: Kingambit|atk|1
|-end|p2a: Kingambit|fallen2|[silent]
|switch|p2a: Landorus|Landorus-Therian, M|100/100
|-ability|p2a: Landorus|Intimidate|boost
|-unboost|p1a: Landorus|atk|1
|
|upkeep
|turn|8
|
|t:|1760815961
|move|p2a: Landorus|Stealth Rock|p1a: Landorus
|-sidestart|p1: nezk025|move: Stealth Rock
|move|p1a: Landorus|U-turn|p2a: Landorus
|-resisted|p2a: Landorus
|-damage|p2a: Landorus|94/100
|-damage|p1a: Landorus|74/100|[from] item: Rocky Helmet|[of] p2a: Landorus
|
|t:|1760815970
|switch|p1a: Dragapult|Dragapult, F|100/100|[from] U-turn
|-damage|p1a: Dragapult|88/100|[from] Spikes
|-damage|p1a: Dragapult|76/100|[from] Stealth Rock
|
|upkeep
|turn|9
|
|t:|1760815978
|move|p1a: Dragapult|U-turn|p2a: Landorus
|-resisted|p2a: Landorus
|-damage|p2a: Landorus|86/100
|-damage|p1a: Dragapult|59/100|[from] item: Rocky Helmet|[of] p2a: Landorus
|
|t:|1760815985
|switch|p1a: Glimmora|Glimmora, F|100/100|[from] U-turn
|-damage|p1a: Glimmora|88/100|[from] Spikes
|-damage|p1a: Glimmora|76/100|[from] Stealth Rock
|move|p2a: Landorus|Earthquake|p1a: Glimmora
|-supereffective|p1a: Glimmora
|-damage|p1a: Glimmora|0 fnt
|-activate|p1a: Glimmora|ability: Toxic Debris
|-sidestart|p2: sus skibidi|move: Toxic Spikes
|faint|p1a: Glimmora
|
|upkeep
|
|t:|1760815997
|switch|p1a: Ogerpon|Ogerpon-Wellspring, F|46/100
|-damage|p1a: Ogerpon|34/100|[from] Spikes
|-damage|p1a: Ogerpon|22/100|[from] Stealth Rock
|turn|10
|
|t:|1760816009
|move|p1a: Ogerpon|Horn Leech|p2a: Landorus
|-damage|p2a: Landorus|43/100
|-heal|p1a: Ogerpon|49/100|[from] drain|[of] p2a: Landorus
|-damage|p1a: Ogerpon|32/100|[from] item: Rocky Helmet|[of] p2a: Landorus
|move|p2a: Landorus|U-turn|p1a: Ogerpon
|-supereffective|p1a: Ogerpon
|-damage|p1a: Ogerpon|0 fnt
|faint|p1a: Ogerpon
|
|t:|1760816030
|switch|p2a: Kingambit|Kingambit, M|100/100|[from] U-turn
|-activate|p2a: Kingambit|ability: Supreme Overlord
|-start|p2a: Kingambit|fallen2|[silent]
|
|upkeep
|
|t:|1760816037
|switch|p1a: Landorus|Landorus-Therian, M|74/100
|-damage|p1a: Landorus|62/100|[from] Stealth Rock
|-ability|p1a: Landorus|Intimidate|boost
|-unboost|p2a: Kingambit|atk|1
|turn|11
|
|t:|1760816041
|-end|p2a: Kingambit|fallen2|[silent]
|switch|p2a: Landorus|Landorus-Therian, M|43/100
|-ability|p2a: Landorus|Intimidate|boost
|-unboost|p1a: Landorus|atk|1
|move|p1a: Landorus|Stealth Rock|p2a: Landorus
|-sidestart|p2: sus skibidi|move: Stealth Rock
|
|upkeep
|turn|12
|
|t:|1760816048
|move|p2a: Landorus|Earthquake|p1a: Landorus
|-immune|p1a: Landorus
|move|p1a: Landorus|U-turn|p2a: Landorus
|-resisted|p2a: Landorus
|-damage|p2a: Landorus|35/100
|-damage|p1a: Landorus|45/100|[from] item: Rocky Helmet|[of] p2a: Landorus
|
|t:|1760816054
|switch|p1a: Kingambit|Kingambit, F|100/100|[from] U-turn
|-damage|p1a: Kingambit|88/100|[from] Spikes
|-damage|p1a: Kingambit|82/100|[from] Stealth Rock
|-activate|p1a: Kingambit|ability: Supreme Overlord
|-start|p1a: Kingambit|fallen2|[silent]
|
|-heal|p1a: Kingambit|88/100|[from] item: Leftovers
|upkeep
|turn|13
|
|t:|1760816059
|move|p1a: Kingambit|Sucker Punch||[still]
|-fail|p1a: Kingambit
|move|p2a: Landorus|Taunt|p1a: Kingambit
|-start|p1a: Kingambit|move: Taunt
|
|-heal|p1a: Kingambit|94/100|[from] item: Leftovers
|upkeep
|turn|14
|
|t:|1760816067
|move|p2a: Landorus|Taunt||[still]
|-fail|p2a: Landorus
|move|p1a: Kingambit|Iron Head|p2a: Landorus
|-damage|p2a: Landorus|0 fnt
|-damage|p1a: Kingambit|78/100|[from] item: Rocky Helmet|[of] p2a: Landorus
|faint|p2a: Landorus
|
|-heal|p1a: Kingambit|84/100|[from] item: Leftovers
|upkeep
|
|t:|1760816074
|switch|p2a: Zamazenta|Zamazenta|100/100
|-status|p2a: Zamazenta|psn
|-damage|p2a: Zamazenta|94/100 psn|[from] Stealth Rock
|-ability|p2a: Zamazenta|Dauntless Shield|boost
|-boost|p2a: Zamazenta|def|1
|turn|15
|
|t:|1760816081
|-end|p1a: Kingambit|fallen2|[silent]
|switch|p1a: Iron Valiant|Iron Valiant|100/100
|-damage|p1a: Iron Valiant|88/100|[from] Spikes
|-damage|p1a: Iron Valiant|82/100|[from] Stealth Rock
|-enditem|p1a: Iron Valiant|Booster Energy
|-activate|p1a: Iron Valiant|ability: Quark Drive|[fromitem]
|-start|p1a: Iron Valiant|quarkdrivespe
|move|p2a: Zamazenta|Iron Defense|p2a: Zamazenta
|-boost|p2a: Zamazenta|def|2
|
|-heal|p2a: Zamazenta|100/100 psn|[from] item: Leftovers
|-damage|p2a: Zamazenta|88/100 psn|[from] psn
|upkeep
|turn|16
|
|t:|1760816094
|move|p1a: Iron Valiant|Encore|p2a: Zamazenta
|-start|p2a: Zamazenta|Encore
|move|p2a: Zamazenta|Iron Defense|p2a: Zamazenta
|-boost|p2a: Zamazenta|def|2
|
|-heal|p2a: Zamazenta|94/100 psn|[from] item: Leftovers
|-damage|p2a: Zamazenta|82/100 psn|[from] psn
|upkeep
|turn|17
|
|t:|1760816097
|move|p1a: Iron Valiant|Swords Dance|p1a: Iron Valiant
|-boost|p1a: Iron Valiant|atk|2
|move|p2a: Zamazenta|Iron Defense|p2a: Zamazenta
|-boost|p2a: Zamazenta|def|1
|
|-heal|p2a: Zamazenta|88/100 psn|[from] item: Leftovers
|-damage|p2a: Zamazenta|76/100 psn|[from] psn
|upkeep
|turn|18
|-message|sus skibidi forfeited.
|
|win|nezk025
|raw|nezk025's rating: 1422 &rarr; <strong>1446</strong><br />(+24 for winning)
|raw|sus skibidi's rating: 1490 &rarr; <strong>1466</strong><br />(-24 for losing)
|l|☆sus skibidi
|player|p2|
|l|☆nezk025
|player|p1|
