|j|☆ImMikeyCzn
|j|☆asahi749
|t:|1760735373
|gametype|singles
|player|p1|ImMikeyCzn|guitarist|1058
|player|p2|asahi749|170|1011
|gen|9
|tier|[Gen 9] OU
|rated|
|rule|HP Percentage Mod: HP is shown in percentages
|rule|Endless Battle Clause: Forcing endless battles is banned
|rule|Species Clause: Limit one of each Pokémon
|rule|OHKO Clause: OHKO moves are banned
|rule|Evasion Items Clause: Evasion items are banned
|rule|Evasion Moves Clause: Evasion moves are banned
|rule|Evasion Abilities Clause: Evasion abilities are banned
|rule|Sleep Moves Clause: Sleep-inducing moves are banned
|clearpoke
|poke|p1|Breloom, M|
|poke|p1|Pelipper, M|
|poke|p1|Basculegion-F, F|
|poke|p1|Ogerpon-Wellspring, F|
|poke|p1|Zapdos|
|poke|p1|Clawitzer, M|
|poke|p2|Charizard, F|
|poke|p2|Snorlax, F|
|poke|p2|Jolteon, F|
|poke|p2|Dragonair, M|
|poke|p2|Haunter, M|
|poke|p2|Wigglytuff, F|
|teampreview
|inactive|Battle timer is ON: inactive players will automatically lose when time's up. (requested by ImMikeyCzn)
|inactive|ImMikeyCzn has 120 seconds left.
|
|t:|1760735404
|teamsize|p1|6
|teamsize|p2|6
|start
|switch|p1a: Pelipper|Pelipper, M|100/100
|switch|p2a: Haunter|Haunter, M|100/100
|-weather|RainDance|[from] ability: Drizzle|[of] p1a: Pelipper
|turn|1
|
|t:|1760735411
|move|p2a: Haunter|Toxic Spikes|p1a: Pelipper
|-sidestart|p1: ImMikeyCzn|move: Toxic Spikes
|move|p1a: Pelipper|U-turn|p2a: Haunter
|-resisted|p2a: Haunter
|-damage|p2a: Haunter|96/100
|
|t:|1760735419
|switch|p1a: Basculegion|Basculegion-F, F|100/100|[from] U-turn
|-status|p1a: Basculegion|psn
|
|-weather|RainDance|[upkeep]
|-damage|p1a: Basculegion|88/100 psn|[from] psn
|upkeep
|turn|2
|
|t:|1760735449
|move|p1a: Basculegion|Shadow Ball|p2a: Haunter
|-supereffective|p2a: Haunter
|-damage|p2a: Haunter|0 fnt
|faint|p2a: Haunter
|-damage|p1a: Basculegion|78/100 psn|[from] item: Life Orb
|
|-weather|RainDance|[upkeep]
|-damage|p1a: Basculegion|66/100 psn|[from] psn
|upkeep
|
|t:|1760735456
|switch|p2a: Dragonair|Dragonair, M, shiny|100/100
|turn|3
|
|t:|1760735475
|move|p1a: Basculegion|Ice Beam|p2a: Dragonair
|-supereffective|p2a: Dragonair
|-damage|p2a: Dragonair|0 fnt
|faint|p2a: Dragonair
|-damage|p1a: Basculegion|56/100 psn|[from] item: Life Orb
|
|-weather|RainDance|[upkeep]
|-damage|p1a: Basculegion|44/100 psn|[from] psn
|upkeep
|
|t:|1760735485
|switch|p2a: Jolteon|Jolteon, F|100/100
|turn|4
|
|t:|1760735494
|move|p1a: Basculegion|Flip Turn|p2a: Jolteon
|-damage|p2a: Jolteon|30/100
|-damage|p1a: Basculegion|34/100 psn|[from] item: Life Orb
|
|t:|1760735509
|switch|p1a: Breloom|Breloom, M|100/100|[from] Flip Turn
|-status|p1a: Breloom|psn
|move|p2a: Jolteon|Thunderbolt|p1a: Breloom
|-resisted|p1a: Breloom
|-damage|p1a: Breloom|65/100 psn
|
|-weather|RainDance|[upkeep]
|-heal|p1a: Breloom|78/100 psn|[from] ability: Poison Heal
|upkeep
|turn|5
|
|t:|1760735522
|switch|p2a: Charizard|Charizard, F, shiny|100/100
|move|p1a: Breloom|Seed Bomb|p2a: Charizard
|-resisted|p2a: Charizard
|-damage|p2a: Charizard|87/100
|
|-weather|RainDance|[upkeep]
|-heal|p1a: Breloom|90/100 psn|[from] ability: Poison Heal
|upkeep
|turn|6
|inactive|ImMikeyCzn has 120 seconds left.
|inactive|ImMikeyCzn has 90 seconds left.
|
|t:|1760735577
|switch|p1a: Clawitzer|Clawitzer, M|100/100
|-status|p1a: Clawitzer|psn
|move|p2a: Charizard|Flamethrower|p1a: Clawitzer
|-resisted|p1a: Clawitzer
|-damage|p1a: Clawitzer|93/100 psn
|
|-weather|RainDance|[upkeep]
|-damage|p1a: Clawitzer|81/100 psn|[from] psn
|upkeep
|turn|7
|
|t:|1760735589
|switch|p2a: Wigglytuff|Wigglytuff, F|100/100
|move|p1a: Clawitzer|Water Pulse|p2a: Wigglytuff
|-crit|p2a: Wigglytuff
|-damage|p2a: Wigglytuff|0 fnt
|faint|p2a: Wigglytuff
|
|-weather|RainDance|[upkeep]
|-damage|p1a: Clawitzer|69/100 psn|[from] psn
|upkeep
|
|t:|1760735597
|switch|p2a: Snorlax|Snorlax, F|100/100
|turn|8
|
|t:|1760735613
|move|p1a: Clawitzer|Aura Sphere|p2a: Snorlax
|-supereffective|p2a: Snorlax
|-damage|p2a: Snorlax|54/100
|move|p2a: Snorlax|Gunk Shot|p1a: Clawitzer|[miss]
|-miss|p2a: Snorlax|p1a: Clawitzer
|
|-weather|none
|-damage|p1a: Clawitzer|56/100 psn|[from] psn
|upkeep
|turn|9
|
|t:|1760735622
|move|p1a: Clawitzer|Aura Sphere|p2a: Snorlax
|-supereffective|p2a: Snorlax
|-damage|p2a: Snorlax|8/100
|move|p2a: Snorlax|Rest|p2a: Snorlax
|-status|p2a: Snorlax|slp|[from] move: Rest
|-heal|p2a: Snorlax|100/100 slp|[silent]
|
|-damage|p1a: Clawitzer|44/100 psn|[from] psn
|upkeep
|turn|10
|
|t:|1760735638
|move|p1a: Clawitzer|Aura Sphere|p2a: Snorlax
|-supereffective|p2a: Snorlax
|-damage|p2a: Snorlax|52/100 slp
|cant|p2a: Snorlax|slp
|move|p2a: Snorlax|Sleep Talk|p2a: Snorlax
|move|p2a: Snorlax|Body Slam|p1a: Clawitzer|[from] move: Sleep Talk
|-damage|p1a: Clawitzer|11/100 psn
|
|-damage|p1a: Clawitzer|0 fnt|[from] psn
|faint|p1a: Clawitzer
|upkeep
|inactive|ImMikeyCzn has 90 seconds left.
|
|t:|1760735665
|switch|p1a: Basculegion|Basculegion-F, F|34/100 psn
|turn|11
|
|t:|1760735670
|move|p1a: Basculegion|Flip Turn|p2a: Snorlax
|-damage|p2a: Snorlax|31/100 slp
|-damage|p1a: Basculegion|24/100 psn|[from] item: Life Orb
|
|t:|1760735682
|switch|p1a: Breloom|Breloom, M|90/100 psn|[from] Flip Turn
|cant|p2a: Snorlax|slp
|move|p2a: Snorlax|Sleep Talk|p2a: Snorlax
|move|p2a: Snorlax|Rest||[from] move: Sleep Talk|[still]
|-fail|p2a: Snorlax
|
|-heal|p1a: Breloom|100/100 psn|[from] ability: Poison Heal
|upkeep
|turn|12
|j| patchworrk
|
|t:|1760735693
|move|p1a: Breloom|Drain Punch|p2a: Snorlax
|-supereffective|p2a: Snorlax
|-damage|p2a: Snorlax|0 fnt
|faint|p2a: Snorlax
|
|upkeep
|
|t:|1760735698
|switch|p2a: Charizard|Charizard, F, shiny|87/100
|turn|13
|
|t:|1760735705
|move|p2a: Charizard|Flamethrower|p1a: Breloom
|-supereffective|p1a: Breloom
|-damage|p1a: Breloom|0 fnt
|faint|p1a: Breloom
|
|upkeep
|inactive|ImMikeyCzn has 90 seconds left.
|
|t:|1760735716
|switch|p1a: Ogerpon|Ogerpon-Wellspring, F|100/100
|-status|p1a: Ogerpon|psn
|turn|14
|inactive|ImMikeyCzn has 90 seconds left.
|
|t:|1760735728
|move|p1a: Ogerpon|Ivy Cudgel|p2a: Charizard|[anim] Ivy Cudgel Water
|-supereffective|p2a: Charizard
|-damage|p2a: Charizard|0 fnt
|faint|p2a: Charizard
|
|-damage|p1a: Ogerpon|88/100 psn|[from] psn
|upkeep
|
|t:|1760735734
|switch|p2a: Jolteon|Jolteon, F|30/100
|turn|15
|
|t:|1760735738
|move|p1a: Ogerpon|Encore||[still]
|-fail|p1a: Ogerpon
|move|p2a: Jolteon|Thunderbolt|p1a: Ogerpon
|-damage|p1a: Ogerpon|41/100 psn
|
|-damage|p1a: Ogerpon|28/100 psn|[from] psn
|upkeep
|turn|16
|
|t:|1760735746
|move|p1a: Ogerpon|Horn Leech|p2a: Jolteon
|-damage|p2a: Jolteon|0 fnt
|-heal|p1a: Ogerpon|44/100 psn|[from] drain|[of] p2a: Jolteon
|faint|p2a: Jolteon
|
|win|ImMikeyCzn
|raw|ImMikeyCzn's rating: 1058 &rarr; <strong>1085</strong><br />(+27 for winning)
|raw|asahi749's rating: 1011 &rarr; <strong>1001</strong><br />(-10 for losing)
|c|☆ImMikeyCzn|W encore
|l|☆asahi749
|player|p2|
