|j|☆amomg us
|j|☆c4ptain_barnacles
|t:|1760761091
|gametype|singles
|player|p1|amomg us|pokekid|1417
|player|p2|c4ptain_barnacles|170|1500
|gen|9
|tier|[Gen 9] OU
|rated|
|rule|HP Percentage Mod: HP is shown in percentages
|rule|Endless Battle Clause: Forcing endless battles is banned
|rule|Species Clause: Limit one of each Pokémon
|rule|OHKO Clause: OHKO moves are banned
|rule|Evasion Items Clause: Evasion items are banned
|rule|Evasion Moves Clause: Evasion moves are banned
|rule|Evasion Abilities Clause: Evasion abilities are banned
|rule|Sleep Moves Clause: Sleep-inducing moves are banned
|clearpoke
|poke|p1|Great Tusk|
|poke|p1|Heatran, F|
|poke|p1|Weavile, F|
|poke|p1|Primarina, F|
|poke|p1|Ogerpon, F|
|poke|p1|Pecharunt|
|poke|p2|Kingambit, F|
|poke|p2|Cinderace, F|
|poke|p2|Landorus-Therian, M|
|poke|p2|Iron Valiant|
|poke|p2|Kyurem|
|poke|p2|Slowking-Galar, M|
|teampreview
|inactive|Battle timer is ON: inactive players will automatically lose when time's up. (requested by c4ptain_barnacles)
|
|t:|1760761121
|teamsize|p1|6
|teamsize|p2|6
|start
|switch|p1a: Bandit|Weavile, F, shiny|100/100
|switch|p2a: Kyurem|Kyurem, shiny|100/100
|-ability|p1a: Bandit|Pressure
|-ability|p2a: Kyurem|Pressure
|turn|1
|
|t:|1760761130
|move|p1a: Bandit|Low Kick|p2a: Kyurem
|-supereffective|p2a: Kyurem
|-damage|p2a: Kyurem|0 fnt
|faint|p2a: Kyurem
|
|upkeep
|
|t:|1760761132
|switch|p2a: Cinderace|Cinderace, F, shiny|100/100
|turn|2
|inactive|amomg us has 120 seconds left.
|
|t:|1760761180
|switch|p1a: Chaos|Heatran, F, shiny|100/100
|-item|p1a: Chaos|Air Balloon
|move|p2a: Cinderace|U-turn|p1a: Chaos
|-resisted|p1a: Chaos
|-damage|p1a: Chaos|96/100
|-enditem|p1a: Chaos|Air Balloon
|
|t:|1760761191
|switch|p2a: Landorus|Landorus-Therian, M, shiny|100/100|[from] U-turn
|-ability|p2a: Landorus|Intimidate|boost
|-unboost|p1a: Chaos|atk|1
|
|upkeep
|turn|3
|
|t:|1760761205
|switch|p1a: Anonymous|Ogerpon, F|100/100
|move|p2a: Landorus|Earthquake|p1a: Anonymous
|-resisted|p1a: Anonymous
|-damage|p1a: Anonymous|69/100
|
|upkeep
|turn|4
|
|t:|1760761227
|move|p1a: Anonymous|Rock Tomb|p2a: Landorus
|-damage|p2a: Landorus|74/100
|-unboost|p2a: Landorus|spe|1
|move|p2a: Landorus|U-turn|p1a: Anonymous
|-supereffective|p1a: Anonymous
|-damage|p1a: Anonymous|8/100
|
|t:|1760761233
|switch|p2a: Cinderace|Cinderace, F, shiny|100/100|[from] U-turn
|
|upkeep
|turn|5
|
|t:|1760761241
|switch|p1a: Celestine|Primarina, F, shiny|100/100
|move|p2a: Cinderace|U-turn|p1a: Celestine
|-resisted|p1a: Celestine
|-damage|p1a: Celestine|90/100
|
|t:|1760761245
|switch|p2a: Slowking|Slowking-Galar, M, shiny|100/100|[from] U-turn
|
|upkeep
|turn|6
|
|t:|1760761249
|move|p1a: Celestine|Flip Turn|p2a: Slowking
|-damage|p2a: Slowking|85/100
|
|t:|1760761252
|switch|p1a: Chaos|Heatran, F, shiny|96/100|[from] Flip Turn
|move|p2a: Slowking|Thunder Wave|p1a: Chaos
|-status|p1a: Chaos|par
|
|upkeep
|turn|7
|
|t:|1760761257
|cant|p1a: Chaos|par
|-prepare|p2a: Slowking|Chilly Reception|[premajor]
|move|p2a: Slowking|Chilly Reception|p2a: Slowking
|-weather|Snowscape
|
|t:|1760761269
|switch|p2a: Landorus|Landorus-Therian, M, shiny|74/100|[from] Chilly Reception
|-ability|p2a: Landorus|Intimidate|boost
|-unboost|p1a: Chaos|atk|1
|
|-weather|Snowscape|[upkeep]
|upkeep
|turn|8
|
|t:|1760761293
|move|p2a: Landorus|Earthquake|p1a: Chaos
|-supereffective|p1a: Chaos
|-damage|p1a: Chaos|0 fnt
|faint|p1a: Chaos
|
|-weather|Snowscape|[upkeep]
|upkeep
|
|t:|1760761296
|switch|p1a: Bandit|Weavile, F, shiny|100/100
|-ability|p1a: Bandit|Pressure
|turn|9
|
|t:|1760761308
|switch|p2a: Cinderace|Cinderace, F, shiny|100/100
|-terastallize|p1a: Bandit|Ice
|move|p1a: Bandit|Triple Axel|p2a: Cinderace
|-resisted|p2a: Cinderace
|-damage|p2a: Cinderace|89/100
|-resisted|p2a: Cinderace
|-damage|p2a: Cinderace|67/100
|-resisted|p2a: Cinderace
|-damage|p2a: Cinderace|34/100
|-hitcount|p2a: Cinderace|3
|
|-weather|Snowscape|[upkeep]
|upkeep
|turn|10
|
|t:|1760761318
|move|p1a: Bandit|Triple Axel|p2a: Cinderace
|-resisted|p2a: Cinderace
|-damage|p2a: Cinderace|22/100
|-resisted|p2a: Cinderace
|-damage|p2a: Cinderace|0 fnt
|faint|p2a: Cinderace
|-hitcount|p2: Cinderace|2
|
|-weather|Snowscape|[upkeep]
|upkeep
|inactive|c4ptain_barnacles has 120 seconds left.
|
|t:|1760761350
|switch|p2a: Landorus|Landorus-Therian, M, shiny|74/100
|-ability|p2a: Landorus|Intimidate|boost
|-unboost|p1a: Bandit|atk|1
|turn|11
|inactive|c4ptain_barnacles has 120 seconds left.
|inactive|amomg us has 120 seconds left.
|
|t:|1760761398
|switch|p1a: Behemoth|Great Tusk, shiny|100/100
|move|p2a: Landorus|Earthquake|p1a: Behemoth
|-damage|p1a: Behemoth|65/100
|
|-weather|none
|upkeep
|turn|12
|
|t:|1760761408
|move|p2a: Landorus|Earthquake|p1a: Behemoth
|-damage|p1a: Behemoth|28/100
|move|p1a: Behemoth|Rapid Spin|p2a: Landorus
|-damage|p2a: Landorus|59/100
|-boost|p1a: Behemoth|spe|1
|-damage|p1a: Behemoth|12/100|[from] item: Rocky Helmet|[of] p2a: Landorus
|
|upkeep
|turn|13
|
|t:|1760761416
|move|p1a: Behemoth|Ice Spinner|p2a: Landorus
|-supereffective|p2a: Landorus
|-crit|p2a: Landorus
|-damage|p2a: Landorus|0 fnt
|-damage|p1a: Behemoth|0 fnt|[from] item: Rocky Helmet|[of] p2a: Landorus
|faint|p2a: Landorus
|faint|p1a: Behemoth
|-end|p1a: Behemoth|Protosynthesis|[silent]
|
|upkeep
|inactive|amomg us has 120 seconds left.
|
|t:|1760761426
|switch|p2a: Slowking|Slowking-Galar, M, shiny|100/100
|switch|p1a: Anonymous|Ogerpon, F|8/100
|turn|14
|
|t:|1760761433
|move|p1a: Anonymous|Knock Off|p2a: Slowking
|-supereffective|p2a: Slowking
|-damage|p2a: Slowking|0 fnt
|-enditem|p2a: Slowking|Heavy-Duty Boots|[from] move: Knock Off|[of] p1a: Anonymous
|faint|p2a: Slowking
|
|upkeep
|
|t:|1760761436
|switch|p2a: Iron Valiant|Iron Valiant|100/100
|-enditem|p2a: Iron Valiant|Booster Energy
|-activate|p2a: Iron Valiant|ability: Quark Drive|[fromitem]
|-start|p2a: Iron Valiant|quarkdrivespe
|turn|15
|
|t:|1760761442
|move|p2a: Iron Valiant|Encore|p1a: Anonymous
|-start|p1a: Anonymous|Encore
|move|p1a: Anonymous|Knock Off|p2a: Iron Valiant
|-resisted|p2a: Iron Valiant
|-damage|p2a: Iron Valiant|91/100
|
|upkeep
|turn|16
|
|t:|1760761448
|switch|p1a: Overseer|Pecharunt|100/100
|move|p2a: Iron Valiant|Calm Mind|p2a: Iron Valiant
|-boost|p2a: Iron Valiant|spa|1
|-boost|p2a: Iron Valiant|spd|1
|
|upkeep
|turn|17
|inactive|c4ptain_barnacles has 120 seconds left.
|
|t:|1760761481
|move|p2a: Iron Valiant|Calm Mind|p2a: Iron Valiant
|-boost|p2a: Iron Valiant|spa|1
|-boost|p2a: Iron Valiant|spd|1
|move|p1a: Overseer|Malignant Chain|p2a: Iron Valiant
|-supereffective|p2a: Iron Valiant
|-damage|p2a: Iron Valiant|30/100
|
|upkeep
|turn|18
|
|t:|1760761489
|move|p2a: Iron Valiant|Shadow Ball|p1a: Overseer
|-supereffective|p1a: Overseer
|-damage|p1a: Overseer|5/100
|move|p1a: Overseer|Malignant Chain|p2a: Iron Valiant
|-supereffective|p2a: Iron Valiant
|-damage|p2a: Iron Valiant|0 fnt
|faint|p2a: Iron Valiant
|-end|p2a: Iron Valiant|Quark Drive|[silent]
|
|upkeep
|
|t:|1760761492
|switch|p2a: Kingambit|Kingambit, F|100/100
|-activate|p2a: Kingambit|ability: Supreme Overlord
|-start|p2a: Kingambit|fallen5|[silent]
|turn|19
|
|t:|1760761501
|move|p1a: Overseer|Parting Shot|p2a: Kingambit
|-unboost|p2a: Kingambit|atk|1
|-unboost|p2a: Kingambit|spa|1
|
|t:|1760761505
|switch|p1a: Celestine|Primarina, F, shiny|90/100|[from] Parting Shot
|move|p2a: Kingambit|Swords Dance|p2a: Kingambit
|-boost|p2a: Kingambit|atk|2
|
|upkeep
|turn|20
|
|t:|1760761511
|move|p2a: Kingambit|Iron Head|p1a: Celestine
|-damage|p1a: Celestine|0 fnt
|faint|p1a: Celestine
|
|upkeep
|
|t:|1760761522
|switch|p1a: Overseer|Pecharunt|5/100
|turn|21
|
|t:|1760761525
|move|p1a: Overseer|Parting Shot|p2a: Kingambit
|-unboost|p2a: Kingambit|atk|1
|-unboost|p2a: Kingambit|spa|1
|
|t:|1760761528
|switch|p1a: Anonymous|Ogerpon, F|8/100|[from] Parting Shot
|move|p2a: Kingambit|Swords Dance|p2a: Kingambit
|-boost|p2a: Kingambit|atk|2
|
|upkeep
|turn|22
|
|t:|1760761535
|move|p2a: Kingambit|Sucker Punch|p1a: Anonymous
|-damage|p1a: Anonymous|0 fnt
|faint|p1a: Anonymous
|
|upkeep
|
|t:|1760761537
|switch|p1a: Bandit|Weavile, F, shiny, tera:Ice|100/100
|-ability|p1a: Bandit|Pressure
|turn|23
|
|t:|1760761540
|move|p2a: Kingambit|Sucker Punch|p1a: Bandit
|-damage|p1a: Bandit|0 fnt
|faint|p1a: Bandit
|
|upkeep
|-message|amomg us forfeited.
|
|win|c4ptain_barnacles
|raw|amomg us's rating: 1396 &rarr; <strong>1382</strong><br />(-14 for losing)
|raw|c4ptain_barnacles's rating: 1500 &rarr; <strong>1514</strong><br />(+14 for winning)
|l|☆amomg us
|player|p1|
|l|☆c4ptain_barnacles
|player|p2|
