|j|☆lightxn
|j|☆Doodieray
|t:|1760796412
|gametype|singles
|player|p1|lightxn|rosa|1394
|player|p2|Doodieray|medium|1427
|gen|9
|tier|[Gen 9] OU
|rated|
|rule|HP Percentage Mod: HP is shown in percentages
|rule|Endless Battle Clause: Forcing endless battles is banned
|rule|Species Clause: Limit one of each Pokémon
|rule|OHKO Clause: OHKO moves are banned
|rule|Evasion Items Clause: Evasion items are banned
|rule|Evasion Moves Clause: Evasion moves are banned
|rule|Evasion Abilities Clause: Evasion abilities are banned
|rule|Sleep Moves Clause: Sleep-inducing moves are banned
|clearpoke
|poke|p1|Enamorus, F|
|poke|p1|Kyurem|
|poke|p1|Landorus-Therian, M|
|poke|p1|Kingambit, F|
|poke|p1|Ogerpon-Wellspring, F|
|poke|p1|Glimmora, F|
|poke|p2|Corviknight, M|
|poke|p2|Cinderace, M|
|poke|p2|Regidrago|
|poke|p2|Great Tusk|
|poke|p2|Dondozo, F|
|poke|p2|Slowking-Galar, F|
|teampreview
|inactive|Battle timer is ON: inactive players will automatically lose when time's up. (requested by Doodieray)
|inactive|lightxn also wants the timer to be on.
|
|t:|1760796421
|teamsize|p1|6
|teamsize|p2|6
|start
|switch|p1a: Enamorus|Enamorus, F|100/100
|switch|p2a: Slowking|Slowking-Galar, F|100/100
|turn|1
|
|t:|1760796439
|switch|p1a: Landorus|Landorus-Therian, M|100/100
|-ability|p1a: Landorus|Intimidate|boost
|-unboost|p2a: Slowking|atk|1
|move|p2a: Slowking|Psychic|p1a: Landorus
|-damage|p1a: Landorus|62/100
|
|upkeep
|turn|2
|
|t:|1760796458
|switch|p2a: Corviknight|Corviknight, M|100/100
|move|p1a: Landorus|Stealth Rock|p2a: Corviknight
|-sidestart|p2: Doodieray|move: Stealth Rock
|
|upkeep
|turn|3
|
|t:|1760796462
|move|p1a: Landorus|Taunt|p2a: Corviknight
|-start|p2a: Corviknight|move: Taunt
|cant|p2a: Corviknight|move: Taunt|Defog
|
|upkeep
|turn|4
|
|t:|1760796468
|move|p1a: Landorus|U-turn|p2a: Corviknight
|-resisted|p2a: Corviknight
|-damage|p2a: Corviknight|96/100
|
|t:|1760796476
|switch|p1a: Ogerpon|Ogerpon-Wellspring, F|100/100|[from] U-turn
|move|p2a: Corviknight|Brave Bird|p1a: Ogerpon
|-supereffective|p1a: Ogerpon
|-damage|p1a: Ogerpon|8/100
|-damage|p2a: Corviknight|73/100|[from] Recoil
|
|-heal|p2a: Corviknight|79/100|[from] item: Leftovers
|upkeep
|turn|5
|
|t:|1760796487
|move|p1a: Ogerpon|U-turn|p2a: Corviknight
|-resisted|p2a: Corviknight
|-damage|p2a: Corviknight|74/100
|
|t:|1760796491
|switch|p1a: Glimmora|Glimmora, F|100/100|[from] U-turn
|move|p2a: Corviknight|U-turn|p1a: Glimmora
|-resisted|p1a: Glimmora
|-damage|p1a: Glimmora|95/100
|-activate|p1a: Glimmora|ability: Toxic Debris
|-sidestart|p2: Doodieray|move: Toxic Spikes
|-enditem|p1a: Glimmora|Red Card|[of] p2a: Corviknight
|drag|p2a: Dondozo|Dondozo, F|100/100
|-damage|p2a: Dondozo|88/100|[from] Stealth Rock
|-status|p2a: Dondozo|psn
|
|-damage|p2a: Dondozo|75/100 psn|[from] psn
|upkeep
|turn|6
|
|t:|1760796505
|switch|p1a: Ogerpon|Ogerpon-Wellspring, F|8/100
|move|p2a: Dondozo|Liquidation|p1a: Ogerpon
|-heal|p1a: Ogerpon|33/100|[from] ability: Water Absorb|[of] p2a: Dondozo
|
|-damage|p2a: Dondozo|63/100 psn|[from] psn
|upkeep
|turn|7
|
|t:|1760796522
|move|p1a: Ogerpon|Knock Off|p2a: Dondozo
|-damage|p2a: Dondozo|46/100 psn
|-enditem|p2a: Dondozo|Covert Cloak|[from] move: Knock Off|[of] p1a: Ogerpon
|move|p2a: Dondozo|Body Press|p1a: Ogerpon
|-damage|p1a: Ogerpon|0 fnt
|faint|p1a: Ogerpon
|
|-damage|p2a: Dondozo|34/100 psn|[from] psn
|upkeep
|
|t:|1760796541
|switch|p1a: Kyurem|Kyurem|100/100
|-ability|p1a: Kyurem|Pressure
|turn|8
|
|t:|1760796554
|move|p1a: Kyurem|Freeze-Dry|p2a: Dondozo
|-supereffective|p2a: Dondozo
|-damage|p2a: Dondozo|0 fnt
|faint|p2a: Dondozo
|
|upkeep
|
|t:|1760796557
|switch|p2a: Cinderace|Cinderace, M|100/100
|turn|9
|
|t:|1760796565
|switch|p1a: Glimmora|Glimmora, F|95/100
|move|p2a: Cinderace|Court Change|p2a: Cinderace
|-start|p2a: Cinderace|typechange|Normal|[from] ability: Libero
|-swapsideconditions
|-activate|p2a: Cinderace|move: Court Change
|
|upkeep
|turn|10
|
|t:|1760796572
|switch|p2a: Corviknight|Corviknight, M|74/100
|move|p1a: Glimmora|Mortal Spin|p2a: Corviknight
|-immune|p2a: Corviknight
|
|-heal|p2a: Corviknight|80/100|[from] item: Leftovers
|upkeep
|turn|11
|
|t:|1760796582
|switch|p1a: Landorus|Landorus-Therian, M|62/100
|-damage|p1a: Landorus|50/100|[from] Stealth Rock
|-ability|p1a: Landorus|Intimidate|boost
|-ability|p2a: Corviknight|Mirror Armor
|-unboost|p1a: Landorus|atk|1
|switch|p2a: Slowking|Slowking-Galar, F|100/100
|
|upkeep
|turn|12
|
|t:|1760796592
|switch|p2a: Corviknight|Corviknight, M|80/100
|move|p1a: Landorus|Earthquake|p2a: Corviknight
|-immune|p2a: Corviknight
|
|-heal|p2a: Corviknight|87/100|[from] item: Leftovers
|upkeep
|turn|13
|
|t:|1760796599
|switch|p2a: Great Tusk|Great Tusk|100/100
|move|p1a: Landorus|Taunt|p2a: Great Tusk
|-start|p2a: Great Tusk|move: Taunt
|
|upkeep
|turn|14
|
|t:|1760796607
|move|p1a: Landorus|U-turn|p2a: Great Tusk
|-resisted|p2a: Great Tusk
|-damage|p2a: Great Tusk|97/100
|
|t:|1760796611
|switch|p1a: Enamorus|Enamorus, F|100/100|[from] U-turn
|-damage|p1a: Enamorus|76/100|[from] Stealth Rock
|move|p2a: Great Tusk|Rapid Spin|p1a: Enamorus
|-crit|p1a: Enamorus
|-damage|p1a: Enamorus|39/100
|-boost|p2a: Great Tusk|spe|1
|
|-heal|p2a: Great Tusk|100/100|[from] item: Leftovers
|upkeep
|turn|15
|
|t:|1760796623
|-end|p2a: Great Tusk|Protosynthesis|[silent]
|switch|p2a: Slowking|Slowking-Galar, F|100/100
|move|p1a: Enamorus|Moonblast|p2a: Slowking
|-resisted|p2a: Slowking
|-damage|p2a: Slowking|85/100
|
|upkeep
|turn|16
|
|t:|1760796630
|switch|p1a: Glimmora|Glimmora, F|95/100
|-damage|p1a: Glimmora|83/100|[from] Stealth Rock
|-sideend|p1: lightxn|move: Toxic Spikes|[of] p1a: Glimmora
|-prepare|p2a: Slowking|Chilly Reception|[premajor]
|move|p2a: Slowking|Chilly Reception|p2a: Slowking
|-weather|Snowscape
|
|t:|1760796647
|switch|p2a: Regiman|Regidrago|100/100|[from] Chilly Reception
|
|-weather|Snowscape|[upkeep]
|upkeep
|turn|17
|
|t:|1760796659
|-terastallize|p2a: Regiman|Steel
|move|p2a: Regiman|Tera Blast|p1a: Glimmora|[anim] Tera Blast Steel
|-supereffective|p1a: Glimmora
|-damage|p1a: Glimmora|0 fnt
|faint|p1a: Glimmora
|
|-weather|Snowscape|[upkeep]
|upkeep
|
|t:|1760796676
|switch|p1a: Enamorus|Enamorus, F|39/100
|-damage|p1a: Enamorus|15/100|[from] Stealth Rock
|turn|18
|
|t:|1760796683
|switch|p2a: Corviknight|Corviknight, M|87/100
|move|p1a: Enamorus|Superpower|p2a: Corviknight
|-damage|p2a: Corviknight|60/100
|-boost|p1a: Enamorus|atk|1
|-boost|p1a: Enamorus|def|1
|
|-weather|Snowscape|[upkeep]
|-heal|p2a: Corviknight|66/100|[from] item: Leftovers
|upkeep
|turn|19
|
|t:|1760796696
|move|p1a: Enamorus|Superpower|p2a: Corviknight
|-damage|p2a: Corviknight|29/100
|-boost|p1a: Enamorus|atk|1
|-boost|p1a: Enamorus|def|1
|move|p2a: Corviknight|Brave Bird|p1a: Enamorus
|-damage|p1a: Enamorus|0 fnt
|faint|p1a: Enamorus
|-damage|p2a: Corviknight|26/100|[from] Recoil
|
|-weather|Snowscape|[upkeep]
|-heal|p2a: Corviknight|32/100|[from] item: Leftovers
|upkeep
|
|t:|1760796707
|switch|p1a: Kyurem|Kyurem|100/100
|-damage|p1a: Kyurem|76/100|[from] Stealth Rock
|-ability|p1a: Kyurem|Pressure
|turn|20
|
|t:|1760796717
|move|p1a: Kyurem|Draco Meteor|p2a: Corviknight
|-resisted|p2a: Corviknight
|-damage|p2a: Corviknight|6/100
|-unboost|p1a: Kyurem|spa|2
|move|p2a: Corviknight|Brave Bird|p1a: Kyurem
|-damage|p1a: Kyurem|52/100
|-damage|p2a: Corviknight|0 fnt|[from] Recoil
|faint|p2a: Corviknight
|
|-weather|none
|upkeep
|
|t:|1760796722
|switch|p2a: Cinderace|Cinderace, M|100/100
|turn|21
|
|t:|1760796729
|switch|p1a: Landorus|Landorus-Therian, M|50/100
|-damage|p1a: Landorus|37/100|[from] Stealth Rock
|-ability|p1a: Landorus|Intimidate|boost
|-unboost|p2a: Cinderace|atk|1
|move|p2a: Cinderace|Pyro Ball|p1a: Landorus
|-damage|p1a: Landorus|3/100
|
|upkeep
|turn|22
|
|t:|1760796743
|move|p2a: Cinderace|Pyro Ball|p1a: Landorus
|-crit|p1a: Landorus
|-damage|p1a: Landorus|0 fnt
|faint|p1a: Landorus
|
|upkeep
|
|t:|1760796748
|switch|p1a: Kyurem|Kyurem|52/100
|-damage|p1a: Kyurem|27/100|[from] Stealth Rock
|-ability|p1a: Kyurem|Pressure
|turn|23
|
|t:|1760796762
|move|p2a: Cinderace|Sucker Punch|p1a: Kyurem
|-start|p2a: Cinderace|typechange|Dark|[from] ability: Libero
|-damage|p1a: Kyurem|6/100
|move|p1a: Kyurem|Earth Power|p2a: Cinderace
|-damage|p2a: Cinderace|53/100
|
|upkeep
|turn|24
|
|t:|1760796769
|move|p1a: Kyurem|Earth Power|p2a: Cinderace
|-damage|p2a: Cinderace|7/100
|move|p2a: Cinderace|U-turn|p1a: Kyurem
|-damage|p1a: Kyurem|0 fnt
|faint|p1a: Kyurem
|
|t:|1760796776
|switch|p2a: Regiman|Regidrago, tera:Steel|100/100|[from] U-turn
|
|upkeep
|
|t:|1760796780
|switch|p1a: Kingambit|Kingambit, F|100/100
|-damage|p1a: Kingambit|94/100|[from] Stealth Rock
|-activate|p1a: Kingambit|ability: Supreme Overlord
|-start|p1a: Kingambit|fallen5|[silent]
|-item|p1a: Kingambit|Air Balloon
|turn|25
|
|t:|1760796787
|move|p2a: Regiman|Draco Meteor|p1a: Kingambit
|-resisted|p1a: Kingambit
|-damage|p1a: Kingambit|17/100
|-unboost|p2a: Regiman|spa|2
|-enditem|p1a: Kingambit|Air Balloon
|move|p1a: Kingambit|Low Kick|p2a: Regiman
|-supereffective|p2a: Regiman
|-damage|p2a: Regiman|0 fnt
|faint|p2a: Regiman
|
|upkeep
|
|t:|1760796790
|switch|p2a: Great Tusk|Great Tusk|100/100
|turn|26
|
|t:|1760796802
|-terastallize|p1a: Kingambit|Ghost
|move|p1a: Kingambit|Low Kick|p2a: Great Tusk
|-crit|p2a: Great Tusk
|-damage|p2a: Great Tusk|56/100
|move|p2a: Great Tusk|Knock Off|p1a: Kingambit
|-supereffective|p1a: Kingambit
|-damage|p1a: Kingambit|0 fnt
|faint|p1a: Kingambit
|-end|p1a: Kingambit|fallen5|[silent]
|
|win|Doodieray
|raw|lightxn's rating: 1394 &rarr; <strong>1376</strong><br />(-18 for losing)
|raw|Doodieray's rating: 1427 &rarr; <strong>1445</strong><br />(+18 for winning)
|l|☆Doodieray
|player|p2|
|l|☆lightxn
|player|p1|
