|j|☆UnaQuags Wooper
|j|☆Johnny tots
|t:|1760796722
|gametype|singles
|player|p1|UnaQuags Wooper|blackbelt-gen4dp|1631
|player|p2|Johnny tots|265|1671
|gen|9
|tier|[Gen 9] OU
|rated|
|rule|HP Percentage Mod: HP is shown in percentages
|rule|Endless Battle Clause: Forcing endless battles is banned
|rule|Species Clause: Limit one of each Pokémon
|rule|OHKO Clause: OHKO moves are banned
|rule|Evasion Items Clause: Evasion items are banned
|rule|Evasion Moves Clause: Evasion moves are banned
|rule|Evasion Abilities Clause: Evasion abilities are banned
|rule|Sleep Moves Clause: Sleep-inducing moves are banned
|clearpoke
|poke|p1|Zamazenta-*|
|poke|p1|Ninetales-Alola, F|
|poke|p1|Darkrai|
|poke|p1|Ceruledge, F|
|poke|p1|Gliscor, M|
|poke|p1|Hatterene, F|
|poke|p2|Rillaboom, F|
|poke|p2|Klefki, F|
|poke|p2|Manaphy|
|poke|p2|Ogerpon-Wellspring, F|
|poke|p2|Clefable, F|
|poke|p2|Dragapult, M|
|teampreview
|
|t:|1760796738
|teamsize|p1|6
|teamsize|p2|6
|start
|switch|p1a: Hatterene|Hatterene, F|100/100
|switch|p2a: Klefki|Klefki, F|100/100
|turn|1
|
|t:|1760796742
|move|p2a: Klefki|Light Screen|p2a: Klefki
|-sidestart|p2: Johnny tots|move: Light Screen
|move|p1a: Hatterene|Mystical Fire|p2a: Klefki
|-supereffective|p2a: Klefki
|-damage|p2a: Klefki|74/100
|-unboost|p2a: Klefki|spa|1
|
|upkeep
|turn|2
|
|t:|1760796750
|move|p2a: Klefki|Reflect|p2a: Klefki
|-sidestart|p2: Johnny tots|Reflect
|move|p1a: Hatterene|Calm Mind|p1a: Hatterene
|-boost|p1a: Hatterene|spa|1
|-boost|p1a: Hatterene|spd|1
|
|upkeep
|turn|3
|
|t:|1760796756
|switch|p2a: Rillaboom|Rillaboom, F|100/100
|-fieldstart|move: Grassy Terrain|[from] ability: Grassy Surge|[of] p2a: Rillaboom
|move|p1a: Hatterene|Mystical Fire|p2a: Rillaboom
|-supereffective|p2a: Rillaboom
|-damage|p2a: Rillaboom|62/100
|-unboost|p2a: Rillaboom|spa|1
|
|-heal|p2a: Rillaboom|68/100|[from] Grassy Terrain
|upkeep
|turn|4
|inactive|Battle timer is ON: inactive players will automatically lose when time's up. (requested by Johnny tots)
|
|t:|1760796779
|move|p2a: Rillaboom|Knock Off|p1a: Hatterene
|-damage|p1a: Hatterene|72/100
|-enditem|p1a: Hatterene|Leftovers|[from] move: Knock Off|[of] p2a: Rillaboom
|move|p1a: Hatterene|Mystical Fire|p2a: Rillaboom
|-supereffective|p2a: Rillaboom
|-damage|p2a: Rillaboom|24/100
|-unboost|p2a: Rillaboom|spa|1
|
|-heal|p2a: Rillaboom|30/100|[from] Grassy Terrain
|-heal|p1a: Hatterene|78/100|[from] Grassy Terrain
|upkeep
|turn|5
|
|t:|1760796792
|switch|p2a: Ogerpon|Ogerpon-Wellspring, F|100/100
|move|p1a: Hatterene|Mystical Fire|p2a: Ogerpon
|-damage|p2a: Ogerpon|79/100
|-unboost|p2a: Ogerpon|spa|1
|
|-heal|p2a: Ogerpon|85/100|[from] Grassy Terrain
|-heal|p1a: Hatterene|84/100|[from] Grassy Terrain
|upkeep
|turn|6
|
|t:|1760796797
|move|p2a: Ogerpon|Power Whip|p1a: Hatterene
|-damage|p1a: Hatterene|1/100
|move|p1a: Hatterene|Psyshock|p2a: Ogerpon
|-damage|p2a: Ogerpon|51/100
|
|-heal|p2a: Ogerpon|57/100|[from] Grassy Terrain
|-heal|p1a: Hatterene|7/100|[from] Grassy Terrain
|upkeep
|turn|7
|
|t:|1760796806
|move|p2a: Ogerpon|Ivy Cudgel|p1a: Hatterene|[anim] Ivy Cudgel Water
|-damage|p1a: Hatterene|0 fnt
|faint|p1a: Hatterene
|
|-heal|p2a: Ogerpon|63/100|[from] Grassy Terrain
|upkeep
|
|t:|1760796810
|switch|p1a: Ninetales|Ninetales-Alola, F|100/100
|-weather|Snowscape|[from] ability: Snow Warning|[of] p1a: Ninetales
|turn|8
|
|t:|1760796815
|move|p2a: Ogerpon|Swords Dance|p2a: Ogerpon
|-boost|p2a: Ogerpon|atk|2
|move|p1a: Ninetales|Aurora Veil|p1a: Ninetales
|-sidestart|p1: UnaQuags Wooper|move: Aurora Veil
|
|-weather|Snowscape|[upkeep]
|-heal|p2a: Ogerpon|69/100|[from] Grassy Terrain
|-sideend|p2: Johnny tots|move: Light Screen
|upkeep
|turn|9
|
|t:|1760796817
|move|p2a: Ogerpon|Ivy Cudgel|p1a: Ninetales|[anim] Ivy Cudgel Water
|-damage|p1a: Ninetales|53/100
|move|p1a: Ninetales|Roar|p2a: Ogerpon
|drag|p2a: Rillaboom|Rillaboom, F|30/100
|
|-weather|Snowscape|[upkeep]
|-heal|p1a: Ninetales|59/100|[from] Grassy Terrain
|-heal|p2a: Rillaboom|37/100|[from] Grassy Terrain
|-sideend|p2: Johnny tots|Reflect
|upkeep
|turn|10
|
|t:|1760796823
|switch|p2a: Klefki|Klefki, F|74/100
|move|p1a: Ninetales|Freeze-Dry|p2a: Klefki
|-resisted|p2a: Klefki
|-damage|p2a: Klefki|63/100
|
|-weather|Snowscape|[upkeep]
|-heal|p1a: Ninetales|65/100|[from] Grassy Terrain
|-heal|p2a: Klefki|69/100|[from] Grassy Terrain
|-fieldend|move: Grassy Terrain
|upkeep
|turn|11
|
|t:|1760796833
|move|p2a: Klefki|Spikes|p1a: Ninetales
|-sidestart|p1: UnaQuags Wooper|Spikes
|move|p1a: Ninetales|Roar|p2a: Klefki
|drag|p2a: Ogerpon|Ogerpon-Wellspring, F|69/100
|
|-weather|Snowscape|[upkeep]
|upkeep
|turn|12
|
|t:|1760796837
|switch|p2a: Clefable|Clefable, F|100/100
|switch|p1a: Gliscor|Gliscor, M|100/100
|
|-weather|none
|-status|p1a: Gliscor|tox|[from] item: Toxic Orb
|upkeep
|turn|13
|
|t:|1760796842
|switch|p2a: Ogerpon|Ogerpon-Wellspring, F|69/100
|move|p1a: Gliscor|Facade|p2a: Ogerpon
|-damage|p2a: Ogerpon|26/100
|
|upkeep
|turn|14
|
|t:|1760796849
|move|p2a: Ogerpon|Ivy Cudgel|p1a: Gliscor|[anim] Ivy Cudgel Water
|-supereffective|p1a: Gliscor
|-crit|p1a: Gliscor
|-damage|p1a: Gliscor|0 fnt
|faint|p1a: Gliscor
|
|upkeep
|j| woairibi
|l|☆Johnny tots
|inactive|Johnny tots disconnected and has a minute to reconnect!
|player|p2|
|
|t:|1760796877
|switch|p1a: Darkrai|Darkrai|100/100
|-damage|p1a: Darkrai|88/100|[from] Spikes
|turn|15
|j|☆Johnny tots
|inactive|Johnny tots reconnected and has 140 seconds left.
|player|p2|Johnny tots|265|
|inactive|UnaQuags Wooper has 120 seconds left.
|
|t:|1760796894
|move|p1a: Darkrai|Nasty Plot|p1a: Darkrai
|-boost|p1a: Darkrai|spa|2
|move|p2a: Ogerpon|Play Rough|p1a: Darkrai
|-supereffective|p1a: Darkrai
|-damage|p1a: Darkrai|42/100
|
|-heal|p1a: Darkrai|49/100|[from] item: Leftovers
|-sideend|p1: UnaQuags Wooper|move: Aurora Veil
|upkeep
|turn|16
|l|☆Johnny tots
|inactive|Johnny tots disconnected and has a minute to reconnect!
|player|p2|
|j|☆Johnny tots
|inactive|Johnny tots reconnected and has 130 seconds left.
|player|p2|Johnny tots|265|
|l|☆Johnny tots
|inactive|Johnny tots disconnected and has a minute to reconnect!
|player|p2|
|j|☆Johnny tots
|inactive|Johnny tots reconnected and has 120 seconds left.
|player|p2|Johnny tots|265|
|
|t:|1760796929
|move|p1a: Darkrai|Psyshock|p2a: Ogerpon
|-damage|p2a: Ogerpon|0 fnt
|faint|p2a: Ogerpon
|
|-heal|p1a: Darkrai|55/100|[from] item: Leftovers
|upkeep
|
|t:|1760796933
|switch|p2a: Rillaboom|Rillaboom, F|37/100
|-fieldstart|move: Grassy Terrain|[from] ability: Grassy Surge|[of] p2a: Rillaboom
|turn|17
|
|t:|1760796946
|-terastallize|p2a: Rillaboom|Grass
|move|p2a: Rillaboom|Grassy Glide|p1a: Darkrai
|-damage|p1a: Darkrai|0 fnt
|faint|p1a: Darkrai
|
|-heal|p2a: Rillaboom|43/100|[from] Grassy Terrain
|upkeep
|l|☆Johnny tots
|inactive|Johnny tots disconnected and has a minute to reconnect!
|player|p2|
|
|t:|1760796952
|switch|p1a: Zamazenta|Zamazenta|100/100
|-damage|p1a: Zamazenta|88/100|[from] Spikes
|-ability|p1a: Zamazenta|Dauntless Shield|boost
|-boost|p1a: Zamazenta|def|1
|turn|18
|j|☆Johnny tots
|inactive|Johnny tots reconnected and has 130 seconds left.
|player|p2|Johnny tots|265|
|
|t:|1760796966
|switch|p2a: Klefki|Klefki, F|69/100
|move|p1a: Zamazenta|Body Press|p2a: Klefki
|-damage|p2a: Klefki|29/100
|
|-heal|p1a: Zamazenta|94/100|[from] Grassy Terrain
|-heal|p2a: Klefki|35/100|[from] Grassy Terrain
|upkeep
|turn|19
|
|t:|1760796981
|switch|p1a: Ninetales|Ninetales-Alola, F|65/100
|-damage|p1a: Ninetales|53/100|[from] Spikes
|-weather|Snowscape|[from] ability: Snow Warning|[of] p1a: Ninetales
|move|p2a: Klefki|Reflect|p2a: Klefki
|-sidestart|p2: Johnny tots|Reflect
|
|-weather|Snowscape|[upkeep]
|-heal|p1a: Ninetales|59/100|[from] Grassy Terrain
|-heal|p2a: Klefki|41/100|[from] Grassy Terrain
|upkeep
|turn|20
|
|t:|1760796987
|move|p2a: Klefki|Thunder Wave|p1a: Ninetales
|-status|p1a: Ninetales|par
|cant|p1a: Ninetales|par
|
|-weather|Snowscape|[upkeep]
|-heal|p2a: Klefki|47/100|[from] Grassy Terrain
|-heal|p1a: Ninetales|65/100 par|[from] Grassy Terrain
|upkeep
|turn|21
|
|t:|1760797014
|move|p2a: Klefki|Spikes|p1a: Ninetales
|-sidestart|p1: UnaQuags Wooper|Spikes
|move|p1a: Ninetales|Aurora Veil|p1a: Ninetales
|-sidestart|p1: UnaQuags Wooper|move: Aurora Veil
|
|-weather|Snowscape|[upkeep]
|-heal|p2a: Klefki|53/100|[from] Grassy Terrain
|-heal|p1a: Ninetales|71/100 par|[from] Grassy Terrain
|upkeep
|turn|22
|
|t:|1760797031
|switch|p1a: Zamazenta|Zamazenta|94/100
|-damage|p1a: Zamazenta|78/100|[from] Spikes
|move|p2a: Klefki|Thunder Wave|p1a: Zamazenta
|-status|p1a: Zamazenta|par
|
|-weather|Snowscape|[upkeep]
|-heal|p1a: Zamazenta|84/100 par|[from] Grassy Terrain
|-heal|p2a: Klefki|59/100|[from] Grassy Terrain
|upkeep
|turn|23
|
|t:|1760797043
|switch|p2a: Manaphy|Manaphy|100/100
|move|p1a: Zamazenta|Iron Defense|p1a: Zamazenta
|-boost|p1a: Zamazenta|def|2
|
|-weather|none
|-heal|p1a: Zamazenta|90/100 par|[from] Grassy Terrain
|upkeep
|turn|24
|
|t:|1760797066
|move|p2a: Manaphy|Acid Armor|p2a: Manaphy
|-boost|p2a: Manaphy|def|2
|move|p1a: Zamazenta|Body Press|p2a: Manaphy
|-damage|p2a: Manaphy|85/100
|
|-heal|p2a: Manaphy|91/100|[from] Grassy Terrain
|-heal|p2a: Manaphy|97/100|[from] item: Leftovers
|-heal|p1a: Zamazenta|96/100 par|[from] Grassy Terrain
|-fieldend|move: Grassy Terrain
|upkeep
|turn|25
|
|t:|1760797072
|switch|p1a: Ninetales|Ninetales-Alola, F|71/100 par
|-damage|p1a: Ninetales|54/100 par|[from] Spikes
|-weather|Snowscape|[from] ability: Snow Warning|[of] p1a: Ninetales
|move|p2a: Manaphy|Take Heart|p2a: Manaphy
|-boost|p2a: Manaphy|spa|1
|-boost|p2a: Manaphy|spd|1
|
|-weather|Snowscape|[upkeep]
|-heal|p2a: Manaphy|100/100|[from] item: Leftovers
|upkeep
|turn|26
|
|t:|1760797077
|move|p2a: Manaphy|Scald|p1a: Ninetales
|-damage|p1a: Ninetales|26/100 par
|move|p1a: Ninetales|Roar|p2a: Manaphy
|drag|p2a: Clefable|Clefable, F|100/100
|
|-weather|Snowscape|[upkeep]
|-sideend|p2: Johnny tots|Reflect
|upkeep
|turn|27
|
|t:|1760797093
|switch|p2a: Klefki|Klefki, F|59/100
|move|p1a: Ninetales|Roar|p2a: Klefki
|drag|p2a: Clefable|Clefable, F|100/100
|
|-weather|Snowscape|[upkeep]
|upkeep
|turn|28
|inactive|Johnny tots has 120 seconds left.
|
|t:|1760797118
|move|p2a: Clefable|Fire Blast|p1a: Ninetales
|-supereffective|p1a: Ninetales
|-damage|p1a: Ninetales|0 fnt
|faint|p1a: Ninetales
|
|-weather|Snowscape|[upkeep]
|-sideend|p1: UnaQuags Wooper|move: Aurora Veil
|upkeep
|
|t:|1760797131
|switch|p1a: Ceruledge|Ceruledge, F|100/100
|-damage|p1a: Ceruledge|84/100|[from] Spikes
|turn|29
|inactive|Johnny tots has 120 seconds left.
|
|t:|1760797147
|switch|p2a: Rillaboom|Rillaboom, F, tera:Grass|43/100
|-fieldstart|move: Grassy Terrain|[from] ability: Grassy Surge|[of] p2a: Rillaboom
|move|p1a: Ceruledge|Bulk Up|p1a: Ceruledge
|-boost|p1a: Ceruledge|atk|1
|-boost|p1a: Ceruledge|def|1
|
|-weather|none
|-heal|p2a: Rillaboom|49/100|[from] Grassy Terrain
|-heal|p1a: Ceruledge|90/100|[from] Grassy Terrain
|upkeep
|turn|30
|
|t:|1760797154
|-terastallize|p1a: Ceruledge|Bug
|move|p2a: Rillaboom|Knock Off|p1a: Ceruledge
|-damage|p1a: Ceruledge|63/100
|-enditem|p1a: Ceruledge|Covert Cloak|[from] move: Knock Off|[of] p2a: Rillaboom
|move|p1a: Ceruledge|Bulk Up|p1a: Ceruledge
|-boost|p1a: Ceruledge|atk|1
|-boost|p1a: Ceruledge|def|1
|
|-heal|p2a: Rillaboom|55/100|[from] Grassy Terrain
|-heal|p1a: Ceruledge|69/100|[from] Grassy Terrain
|upkeep
|turn|31
|
|t:|1760797170
|move|p2a: Rillaboom|Bulk Up|p2a: Rillaboom
|-boost|p2a: Rillaboom|atk|1
|-boost|p2a: Rillaboom|def|1
|move|p1a: Ceruledge|Bulk Up|p1a: Ceruledge
|-boost|p1a: Ceruledge|atk|1
|-boost|p1a: Ceruledge|def|1
|
|-heal|p2a: Rillaboom|61/100|[from] Grassy Terrain
|-heal|p1a: Ceruledge|75/100|[from] Grassy Terrain
|upkeep
|turn|32
|
|t:|1760797174
|move|p2a: Rillaboom|Grassy Glide|p1a: Ceruledge
|-resisted|p1a: Ceruledge
|-damage|p1a: Ceruledge|59/100
|move|p1a: Ceruledge|Bulk Up|p1a: Ceruledge
|-boost|p1a: Ceruledge|atk|1
|-boost|p1a: Ceruledge|def|1
|
|-heal|p2a: Rillaboom|68/100|[from] Grassy Terrain
|-heal|p1a: Ceruledge|65/100|[from] Grassy Terrain
|upkeep
|turn|33
|
|t:|1760797178
|move|p2a: Rillaboom|Grassy Glide|p1a: Ceruledge
|-resisted|p1a: Ceruledge
|-damage|p1a: Ceruledge|49/100
|move|p1a: Ceruledge|Bulk Up|p1a: Ceruledge
|-boost|p1a: Ceruledge|atk|1
|-boost|p1a: Ceruledge|def|1
|
|-heal|p2a: Rillaboom|74/100|[from] Grassy Terrain
|-heal|p1a: Ceruledge|55/100|[from] Grassy Terrain
|upkeep
|turn|34
|
|t:|1760797182
|switch|p2a: Klefki|Klefki, F|59/100
|move|p1a: Ceruledge|Bulk Up|p1a: Ceruledge
|-boost|p1a: Ceruledge|atk|1
|-boost|p1a: Ceruledge|def|1
|
|-heal|p1a: Ceruledge|61/100|[from] Grassy Terrain
|-heal|p2a: Klefki|65/100|[from] Grassy Terrain
|upkeep
|turn|35
|
|t:|1760797185
|move|p2a: Klefki|Thunder Wave|p1a: Ceruledge
|-status|p1a: Ceruledge|par
|cant|p1a: Ceruledge|par
|
|-heal|p2a: Klefki|71/100|[from] Grassy Terrain
|-heal|p1a: Ceruledge|68/100 par|[from] Grassy Terrain
|upkeep
|turn|36
|
|t:|1760797188
|move|p2a: Klefki|Reflect|p2a: Klefki
|-sidestart|p2: Johnny tots|Reflect
|cant|p1a: Ceruledge|par
|
|-heal|p2a: Klefki|77/100|[from] Grassy Terrain
|-heal|p1a: Ceruledge|74/100 par|[from] Grassy Terrain
|-fieldend|move: Grassy Terrain
|upkeep
|turn|37
|
|t:|1760797192
|switch|p2a: Rillaboom|Rillaboom, F, tera:Grass|74/100
|-fieldstart|move: Grassy Terrain|[from] ability: Grassy Surge|[of] p2a: Rillaboom
|move|p1a: Ceruledge|Bitter Blade|p2a: Rillaboom
|-supereffective|p2a: Rillaboom
|-damage|p2a: Rillaboom|0 fnt
|-heal|p1a: Ceruledge|100/100 par|[from] drain|[of] p2a: Rillaboom
|faint|p2a: Rillaboom
|
|upkeep
|
|t:|1760797194
|switch|p2a: Manaphy|Manaphy|100/100
|turn|38
|
|t:|1760797201
|move|p2a: Manaphy|Acid Armor|p2a: Manaphy
|-boost|p2a: Manaphy|def|2
|cant|p1a: Ceruledge|par
|
|upkeep
|turn|39
|
|t:|1760797206
|move|p2a: Manaphy|Acid Armor|p2a: Manaphy
|-boost|p2a: Manaphy|def|2
|cant|p1a: Ceruledge|par
|
|upkeep
|turn|40
|
|t:|1760797212
|move|p2a: Manaphy|Take Heart|p2a: Manaphy
|-boost|p2a: Manaphy|spa|1
|-boost|p2a: Manaphy|spd|1
|move|p1a: Ceruledge|Taunt|p2a: Manaphy
|-start|p2a: Manaphy|move: Taunt
|
|upkeep
|turn|41
|
|t:|1760797216
|move|p2a: Manaphy|Stored Power|p1a: Ceruledge
|-damage|p1a: Ceruledge|49/100 par
|cant|p1a: Ceruledge|par
|
|-heal|p1a: Ceruledge|55/100 par|[from] Grassy Terrain
|upkeep
|turn|42
|-message|UnaQuags Wooper forfeited.
|
|win|Johnny tots
|raw|UnaQuags Wooper's rating: 1631 &rarr; <strong>1613</strong><br />(-18 for losing)
|raw|Johnny tots's rating: 1671 &rarr; <strong>1689</strong><br />(+18 for winning)
|l|☆UnaQuags Wooper
|player|p1|
|l|☆Johnny tots
|player|p2|
|l| woairibi
