|j|☆bronzong72
|j|☆Fogoit
|t:|1760847847
|gametype|singles
|player|p1|bronzong72|falkner|1236
|player|p2|Fogoit|gardenia|1282
|gen|9
|tier|[Gen 9] OU
|rated|
|rule|HP Percentage Mod: HP is shown in percentages
|rule|Endless Battle Clause: Forcing endless battles is banned
|rule|Species Clause: Limit one of each Pokémon
|rule|OHKO Clause: OHKO moves are banned
|rule|Evasion Items Clause: Evasion items are banned
|rule|Evasion Moves Clause: Evasion moves are banned
|rule|Evasion Abilities Clause: Evasion abilities are banned
|rule|Sleep Moves Clause: Sleep-inducing moves are banned
|clearpoke
|poke|p1|Primarina, M|
|poke|p1|Gholdengo|
|poke|p1|Muk-Alola, F|
|poke|p1|Great Tusk|
|poke|p1|Rillaboom, F|
|poke|p1|Zapdos|
|poke|p2|Moltres|
|poke|p2|Zamazenta-*|
|poke|p2|Darkrai|
|poke|p2|Hydrapple, M|
|poke|p2|Ting-Lu|
|poke|p2|Tinkaton, F|
|teampreview
|inactive|Battle timer is ON: inactive players will automatically lose when time's up. (requested by Fogoit)
|inactive|bronzong72 also wants the timer to be on.
|
|t:|1760847853
|teamsize|p1|6
|teamsize|p2|6
|start
|switch|p1a: Great Tusk|Great Tusk|100/100
|switch|p2a: Tinkaton|Tinkaton, F|100/100
|-ability|p2a: Tinkaton|Mold Breaker
|-item|p2a: Tinkaton|Air Balloon
|turn|1
|
|t:|1760847860
|move|p2a: Tinkaton|Stealth Rock|p1a: Great Tusk
|-sidestart|p1: bronzong72|move: Stealth Rock
|move|p1a: Great Tusk|Stealth Rock|p2a: Tinkaton
|-sidestart|p2: Fogoit|move: Stealth Rock
|
|upkeep
|turn|2
|
|t:|1760847865
|move|p2a: Tinkaton|Encore|p1a: Great Tusk
|-start|p1a: Great Tusk|Encore
|move|p1a: Great Tusk|Stealth Rock||[still]
|-fail|p1a: Great Tusk
|
|upkeep
|turn|3
|
|t:|1760847870
|-end|p1a: Great Tusk|Protosynthesis|[silent]
|switch|p1a: Gholdengo|Gholdengo|100/100
|-damage|p1a: Gholdengo|94/100|[from] Stealth Rock
|move|p2a: Tinkaton|Gigaton Hammer|p1a: Gholdengo
|-resisted|p1a: Gholdengo
|-damage|p1a: Gholdengo|67/100
|
|upkeep
|turn|4
|
|t:|1760847883
|switch|p2a: Ting-Lu|Ting-Lu|100/100
|-damage|p2a: Ting-Lu|94/100|[from] Stealth Rock
|-ability|p2a: Ting-Lu|Vessel of Ruin
|move|p1a: Gholdengo|Trick|p2a: Ting-Lu
|-activate|p1a: Gholdengo|move: Trick|[of] p2a: Ting-Lu
|-item|p2a: Ting-Lu|Choice Scarf|[from] move: Trick
|-item|p1a: Gholdengo|Leftovers|[from] move: Trick
|
|-heal|p1a: Gholdengo|74/100|[from] item: Leftovers
|upkeep
|turn|5
|
|t:|1760847902
|switch|p1a: Great Tusk|Great Tusk|100/100
|-damage|p1a: Great Tusk|98/100|[from] Stealth Rock
|move|p2a: Ting-Lu|Spikes|p1a: Great Tusk
|-sidestart|p1: bronzong72|Spikes
|
|upkeep
|turn|6
|
|t:|1760847910
|switch|p2a: Moltres|Moltres|100/100
|move|p1a: Great Tusk|Rapid Spin|p2a: Moltres
|-damage|p2a: Moltres|90/100
|-boost|p1a: Great Tusk|spe|1
|-sideend|p1: bronzong72|Spikes|[from] move: Rapid Spin|[of] p1a: Great Tusk
|-sideend|p1: bronzong72|Stealth Rock|[from] move: Rapid Spin|[of] p1a: Great Tusk
|
|upkeep
|turn|7
|
|t:|1760847922
|-end|p1a: Great Tusk|Protosynthesis|[silent]
|switch|p1a: Muk|Muk-Alola, F|100/100
|move|p2a: Moltres|U-turn|p1a: Muk
|-damage|p1a: Muk|84/100
|
|t:|1760847932
|switch|p2a: Ting-Lu|Ting-Lu|94/100|[from] U-turn
|-damage|p2a: Ting-Lu|88/100|[from] Stealth Rock
|-ability|p2a: Ting-Lu|Vessel of Ruin
|
|-heal|p1a: Muk|90/100|[from] item: Leftovers
|upkeep
|turn|8
|
|t:|1760847942
|switch|p1a: Zapdos|Zapdos|100/100
|move|p2a: Ting-Lu|Earthquake|p1a: Zapdos
|-immune|p1a: Zapdos
|
|upkeep
|turn|9
|
|t:|1760847952
|switch|p2a: Tinkaton|Tinkaton, F|100/100
|-damage|p2a: Tinkaton|94/100|[from] Stealth Rock
|-ability|p2a: Tinkaton|Mold Breaker
|-item|p2a: Tinkaton|Air Balloon
|move|p1a: Zapdos|Heat Wave|p2a: Tinkaton
|-supereffective|p2a: Tinkaton
|-damage|p2a: Tinkaton|49/100
|-enditem|p2a: Tinkaton|Air Balloon
|
|upkeep
|turn|10
|
|t:|1760847962
|switch|p2a: Ting-Lu|Ting-Lu|88/100
|-damage|p2a: Ting-Lu|82/100|[from] Stealth Rock
|-ability|p2a: Ting-Lu|Vessel of Ruin
|move|p1a: Zapdos|Heat Wave|p2a: Ting-Lu
|-damage|p2a: Ting-Lu|70/100
|
|upkeep
|turn|11
|
|t:|1760847976
|switch|p1a: Great Tusk|Great Tusk|98/100
|move|p2a: Ting-Lu|Spikes|p1a: Great Tusk
|-sidestart|p1: bronzong72|Spikes
|
|upkeep
|turn|12
|
|t:|1760847980
|switch|p2a: Moltres|Moltres|90/100
|move|p1a: Great Tusk|Rapid Spin|p2a: Moltres
|-damage|p2a: Moltres|78/100
|-boost|p1a: Great Tusk|spe|1
|-sideend|p1: bronzong72|Spikes|[from] move: Rapid Spin|[of] p1a: Great Tusk
|
|upkeep
|turn|13
|
|t:|1760847992
|-end|p1a: Great Tusk|Protosynthesis|[silent]
|switch|p1a: Zapdos|Zapdos|100/100
|move|p2a: Moltres|Flamethrower|p1a: Zapdos
|-damage|p1a: Zapdos|64/100
|
|upkeep
|turn|14
|
|t:|1760847998
|switch|p2a: Ting-Lu|Ting-Lu|70/100
|-damage|p2a: Ting-Lu|64/100|[from] Stealth Rock
|-ability|p2a: Ting-Lu|Vessel of Ruin
|move|p1a: Zapdos|Roost|p1a: Zapdos
|-heal|p1a: Zapdos|100/100
|-singleturn|p1a: Zapdos|move: Roost
|
|upkeep
|turn|15
|
|t:|1760848011
|switch|p1a: Primarina|Primarina, M|100/100
|move|p2a: Ting-Lu|Spikes|p1a: Primarina
|-sidestart|p1: bronzong72|Spikes
|
|upkeep
|turn|16
|
|t:|1760848018
|switch|p2a: Tinkaton|Tinkaton, F|49/100
|-damage|p2a: Tinkaton|43/100|[from] Stealth Rock
|-ability|p2a: Tinkaton|Mold Breaker
|move|p1a: Primarina|Surf|p2a: Tinkaton
|-damage|p2a: Tinkaton|0 fnt
|faint|p2a: Tinkaton
|
|upkeep
|
|t:|1760848021
|switch|p2a: Hydrapple|Hydrapple, M|100/100
|turn|17
|
|t:|1760848038
|-terastallize|p2a: Hydrapple|Poison
|move|p1a: Primarina|Flip Turn|p2a: Hydrapple
|-damage|p2a: Hydrapple|91/100
|
|t:|1760848066
|switch|p1a: Muk|Muk-Alola, F|90/100|[from] Flip Turn
|-damage|p1a: Muk|78/100|[from] Spikes
|move|p2a: Hydrapple|Giga Drain|p1a: Muk
|-resisted|p1a: Muk
|-damage|p1a: Muk|69/100
|-heal|p2a: Hydrapple|96/100|[from] drain|[of] p1a: Muk
|
|-heal|p1a: Muk|75/100|[from] item: Leftovers
|upkeep
|turn|18
|inactive|bronzong72 has 120 seconds left.
|inactive|Fogoit has 120 seconds left.
|
|t:|1760848101
|move|p1a: Muk|Knock Off|p2a: Hydrapple
|-damage|p2a: Hydrapple|74/100
|-enditem|p2a: Hydrapple|Heavy-Duty Boots|[from] move: Knock Off|[of] p1a: Muk
|move|p2a: Hydrapple|Nasty Plot|p2a: Hydrapple
|-boost|p2a: Hydrapple|spa|2
|
|-heal|p1a: Muk|81/100|[from] item: Leftovers
|upkeep
|turn|19
|inactive|Fogoit has 120 seconds left.
|
|t:|1760848112
|move|p1a: Muk|Knock Off|p2a: Hydrapple
|-damage|p2a: Hydrapple|60/100
|move|p2a: Hydrapple|Fickle Beam|p1a: Muk
|-damage|p1a: Muk|37/100
|
|-heal|p1a: Muk|43/100|[from] item: Leftovers
|upkeep
|turn|20
|
|t:|1760848125
|move|p1a: Muk|Ice Punch|p2a: Hydrapple
|-damage|p2a: Hydrapple|50/100
|move|p2a: Hydrapple|Nasty Plot|p2a: Hydrapple
|-boost|p2a: Hydrapple|spa|2
|
|-heal|p1a: Muk|50/100|[from] item: Leftovers
|upkeep
|turn|21
|
|t:|1760848132
|move|p1a: Muk|Ice Punch|p2a: Hydrapple
|-damage|p2a: Hydrapple|38/100
|move|p2a: Hydrapple|Nasty Plot|p2a: Hydrapple
|-boost|p2a: Hydrapple|spa|2
|
|-heal|p1a: Muk|56/100|[from] item: Leftovers
|upkeep
|turn|22
|
|t:|1760848140
|switch|p1a: Gholdengo|Gholdengo|74/100
|-damage|p1a: Gholdengo|61/100|[from] Spikes
|move|p2a: Hydrapple|Giga Drain|p1a: Gholdengo
|-resisted|p1a: Gholdengo
|-damage|p1a: Gholdengo|0 fnt
|-heal|p2a: Hydrapple|61/100|[from] drain|[of] p1a: Gholdengo
|faint|p1a: Gholdengo
|
|upkeep
|
|t:|1760848153
|switch|p1a: Great Tusk|Great Tusk|98/100
|-damage|p1a: Great Tusk|85/100|[from] Spikes
|turn|23
|
|t:|1760848159
|switch|p2a: Moltres|Moltres|78/100
|move|p1a: Great Tusk|Ice Spinner|p2a: Moltres
|-damage|p2a: Moltres|62/100
|-status|p1a: Great Tusk|brn|[from] ability: Flame Body|[of] p2a: Moltres
|
|-damage|p1a: Great Tusk|79/100 brn|[from] brn
|upkeep
|turn|24
|
|t:|1760848170
|-end|p1a: Great Tusk|Protosynthesis|[silent]
|switch|p1a: Zapdos|Zapdos|100/100
|move|p2a: Moltres|Roost|p2a: Moltres
|-heal|p2a: Moltres|100/100
|-singleturn|p2a: Moltres|move: Roost
|
|upkeep
|turn|25
|
|t:|1760848183
|move|p1a: Zapdos|Thunder Wave|p2a: Moltres
|-status|p2a: Moltres|par
|move|p2a: Moltres|Roost||[still]
|-fail|p2a: Moltres|heal
|
|upkeep
|turn|26
|
|t:|1760848193
|move|p1a: Zapdos|Volt Switch|p2a: Moltres
|-supereffective|p2a: Moltres
|-damage|p2a: Moltres|44/100 par
|
|t:|1760848199
|switch|p1a: Primarina|Primarina, M|100/100|[from] Volt Switch
|-damage|p1a: Primarina|88/100|[from] Spikes
|move|p2a: Moltres|Roost|p2a: Moltres
|-heal|p2a: Moltres|94/100 par
|-singleturn|p2a: Moltres|move: Roost
|
|upkeep
|turn|27
|
|t:|1760848206
|switch|p2a: Ting-Lu|Ting-Lu|64/100
|-damage|p2a: Ting-Lu|58/100|[from] Stealth Rock
|-ability|p2a: Ting-Lu|Vessel of Ruin
|move|p1a: Primarina|Surf|p2a: Ting-Lu
|-supereffective|p2a: Ting-Lu
|-damage|p2a: Ting-Lu|16/100
|
|upkeep
|turn|28
|
|t:|1760848213
|move|p1a: Primarina|Surf|p2a: Ting-Lu
|-supereffective|p2a: Ting-Lu
|-damage|p2a: Ting-Lu|0 fnt
|faint|p2a: Ting-Lu
|
|upkeep
|
|t:|1760848220
|switch|p2a: Darkrai|Darkrai, shiny|100/100
|turn|29
|
|t:|1760848234
|-terastallize|p1a: Primarina|Poison
|move|p2a: Darkrai|Sludge Bomb|p1a: Primarina
|-resisted|p1a: Primarina
|-damage|p1a: Primarina|77/100
|move|p1a: Primarina|Moonblast|p2a: Darkrai
|-supereffective|p2a: Darkrai
|-damage|p2a: Darkrai|0 fnt
|faint|p2a: Darkrai
|
|upkeep
|-message|Fogoit forfeited.
|
|win|bronzong72
|raw|bronzong72's rating: 1236 &rarr; <strong>1264</strong><br />(+28 for winning)
|raw|Fogoit's rating: 1282 &rarr; <strong>1254</strong><br />(-28 for losing)
|l|☆Fogoit
|player|p2|
|l|☆bronzong72
|player|p1|
