|j|☆S-993311
|j|☆Shaymas
|t:|1760883926
|gametype|singles
|player|p1|S-993311|fisherman-gen4|1489
|player|p2|Shaymas|rancher|1468
|gen|9
|tier|[Gen 9] OU
|rated|
|rule|HP Percentage Mod: HP is shown in percentages
|rule|Endless Battle Clause: Forcing endless battles is banned
|rule|Species Clause: Limit one of each Pokémon
|rule|OHKO Clause: OHKO moves are banned
|rule|Evasion Items Clause: Evasion items are banned
|rule|Evasion Moves Clause: Evasion moves are banned
|rule|Evasion Abilities Clause: Evasion abilities are banned
|rule|Sleep Moves Clause: Sleep-inducing moves are banned
|clearpoke
|poke|p1|Thundurus-Therian, M|
|poke|p1|Raging Bolt|
|poke|p1|Slowking-Galar, F|
|poke|p1|Kyurem|
|poke|p1|Great Tusk|
|poke|p1|Moltres|
|poke|p2|Dondozo, M|
|poke|p2|Weezing-Galar, F|
|poke|p2|Toxapex, F|
|poke|p2|Iron Treads|
|poke|p2|Blissey, F|
|poke|p2|Alomomola, F|
|teampreview
|inactive|Battle timer is ON: inactive players will automatically lose when time's up. (requested by S-993311)
|
|t:|1760883937
|teamsize|p1|6
|teamsize|p2|6
|start
|switch|p1a: Thundurus|Thundurus-Therian, M|100/100
|switch|p2a: Traverse Scott|Iron Treads|100/100
|turn|1
|
|t:|1760883945
|-end|p2a: Traverse Scott|Quark Drive|[silent]
|switch|p2a: Blissey Elliot|Blissey, F|100/100
|move|p1a: Thundurus|Focus Blast|p2a: Blissey Elliot|[miss]
|-miss|p1a: Thundurus|p2a: Blissey Elliot
|
|upkeep
|turn|2
|
|t:|1760883952
|switch|p1a: Slowking|Slowking-Galar, F|100/100
|move|p2a: Blissey Elliot|Calm Mind|p2a: Blissey Elliot
|-boost|p2a: Blissey Elliot|spa|1
|-boost|p2a: Blissey Elliot|spd|1
|
|upkeep
|turn|3
|
|t:|1760883958
|move|p2a: Blissey Elliot|Shadow Ball|p1a: Slowking
|-supereffective|p1a: Slowking
|-damage|p1a: Slowking|79/100
|move|p1a: Slowking|Psyshock|p2a: Blissey Elliot
|-damage|p2a: Blissey Elliot|61/100
|
|-heal|p2a: Blissey Elliot|67/100|[from] item: Leftovers
|upkeep
|turn|4
|
|t:|1760883971
|switch|p2a: certifiedpexophile|Toxapex, F|100/100
|switch|p1a: Moltres|Moltres|100/100
|
|upkeep
|turn|5
|
|t:|1760883978
|switch|p1a: Slowking|Slowking-Galar, F|100/100
|move|p2a: certifiedpexophile|Surf|p1a: Slowking
|-damage|p1a: Slowking|88/100
|
|upkeep
|turn|6
|
|t:|1760883984
|move|p2a: certifiedpexophile|Infestation|p1a: Slowking
|-damage|p1a: Slowking|86/100
|-activate|p1a: Slowking|move: Infestation|[of] p2a: certifiedpexophile
|move|p1a: Slowking|Psyshock|p2a: certifiedpexophile
|-supereffective|p2a: certifiedpexophile
|-damage|p2a: certifiedpexophile|50/100
|
|-damage|p1a: Slowking|74/100|[from] move: Infestation|[partiallytrapped]
|upkeep
|turn|7
|
|t:|1760883991
|switch|p2a: Wishy Minaj|Alomomola, F|100/100
|move|p1a: Slowking|Psyshock|p2a: Wishy Minaj
|-damage|p2a: Wishy Minaj|80/100
|
|-end|p1a: Slowking|Infestation|[partiallytrapped]|[silent]
|upkeep
|turn|8
|
|t:|1760883996
|switch|p2a: Wheezy F(og) Baby|Weezing-Galar, F|100/100
|-ability|p2a: Wheezy F(og) Baby|Neutralizing Gas
|move|p1a: Slowking|Sludge Bomb|p2a: Wheezy F(og) Baby
|-damage|p2a: Wheezy F(og) Baby|42/100
|
|upkeep
|turn|9
|
|t:|1760884015
|move|p2a: Wheezy F(og) Baby|Pain Split|p1a: Slowking
|-sethp|p1a: Slowking|55/100|[from] move: Pain Split|[silent]
|-sethp|p2a: Wheezy F(og) Baby|65/100|[from] move: Pain Split
|move|p1a: Slowking|Sludge Bomb|p2a: Wheezy F(og) Baby
|-damage|p2a: Wheezy F(og) Baby|5/100
|
|upkeep
|turn|10
|
|t:|1760884023
|move|p2a: Wheezy F(og) Baby|Pain Split|p1a: Slowking
|-sethp|p1a: Slowking|29/100|[from] move: Pain Split|[silent]
|-sethp|p2a: Wheezy F(og) Baby|35/100|[from] move: Pain Split
|move|p1a: Slowking|Sludge Bomb|p2a: Wheezy F(og) Baby
|-damage|p2a: Wheezy F(og) Baby|0 fnt
|faint|p2a: Wheezy F(og) Baby
|-end|p2a: Wheezy F(og) Baby|ability: Neutralizing Gas
|
|upkeep
|
|t:|1760884026
|switch|p2a: Traverse Scott|Iron Treads|100/100
|turn|11
|
|t:|1760884032
|switch|p1a: Moltres|Moltres|100/100
|move|p2a: Traverse Scott|Stealth Rock|p1a: Moltres
|-sidestart|p1: S-993311|move: Stealth Rock
|
|upkeep
|turn|12
|
|t:|1760884037
|-end|p2a: Traverse Scott|Quark Drive|[silent]
|switch|p2a: certifiedpexophile|Toxapex, F|84/100
|move|p1a: Moltres|U-turn|p2a: certifiedpexophile
|-resisted|p2a: certifiedpexophile
|-damage|p2a: certifiedpexophile|78/100
|
|t:|1760884042
|switch|p1a: Great Tusk|Great Tusk|100/100|[from] U-turn
|
|upkeep
|turn|13
|
|t:|1760884046
|move|p1a: Great Tusk|Rapid Spin|p2a: certifiedpexophile
|-damage|p2a: certifiedpexophile|68/100
|-boost|p1a: Great Tusk|spe|1
|-sideend|p1: S-993311|Stealth Rock|[from] move: Rapid Spin|[of] p1a: Great Tusk
|move|p2a: certifiedpexophile|Surf|p1a: Great Tusk
|-supereffective|p1a: Great Tusk
|-damage|p1a: Great Tusk|27/100
|
|upkeep
|turn|14
|
|t:|1760884053
|switch|p2a: Wishy Minaj|Alomomola, F|100/100
|move|p1a: Great Tusk|Stealth Rock|p2a: Wishy Minaj
|-sidestart|p2: Shaymas|move: Stealth Rock
|
|upkeep
|turn|15
|
|t:|1760884059
|-end|p1a: Great Tusk|Protosynthesis|[silent]
|switch|p1a: Thundurus|Thundurus-Therian, M|100/100
|move|p2a: Wishy Minaj|Flip Turn|p1a: Thundurus
|-damage|p1a: Thundurus|74/100
|
|t:|1760884061
|switch|p2a: Blissey Elliot|Blissey, F|67/100|[from] Flip Turn
|-damage|p2a: Blissey Elliot|55/100|[from] Stealth Rock
|
|-heal|p2a: Blissey Elliot|61/100|[from] item: Leftovers
|upkeep
|turn|16
|
|t:|1760884069
|move|p1a: Thundurus|Focus Blast|p2a: Blissey Elliot
|-supereffective|p2a: Blissey Elliot
|-damage|p2a: Blissey Elliot|16/100
|move|p2a: Blissey Elliot|Soft-Boiled|p2a: Blissey Elliot
|-heal|p2a: Blissey Elliot|66/100
|
|-heal|p2a: Blissey Elliot|72/100|[from] item: Leftovers
|upkeep
|turn|17
|
|t:|1760884076
|move|p1a: Thundurus|Focus Blast|p2a: Blissey Elliot
|-supereffective|p2a: Blissey Elliot
|-damage|p2a: Blissey Elliot|28/100
|move|p2a: Blissey Elliot|Calm Mind|p2a: Blissey Elliot
|-boost|p2a: Blissey Elliot|spa|1
|-boost|p2a: Blissey Elliot|spd|1
|
|-heal|p2a: Blissey Elliot|34/100|[from] item: Leftovers
|upkeep
|turn|18
|
|t:|1760884083
|move|p1a: Thundurus|Focus Blast|p2a: Blissey Elliot
|-supereffective|p2a: Blissey Elliot
|-damage|p2a: Blissey Elliot|5/100
|move|p2a: Blissey Elliot|Soft-Boiled|p2a: Blissey Elliot
|-heal|p2a: Blissey Elliot|55/100
|
|-heal|p2a: Blissey Elliot|61/100|[from] item: Leftovers
|upkeep
|turn|19
|
|t:|1760884090
|switch|p1a: Slowking|Slowking-Galar, F|63/100
|move|p2a: Blissey Elliot|Calm Mind|p2a: Blissey Elliot
|-boost|p2a: Blissey Elliot|spa|1
|-boost|p2a: Blissey Elliot|spd|1
|
|-heal|p2a: Blissey Elliot|67/100|[from] item: Leftovers
|upkeep
|turn|20
|
|t:|1760884098
|-terastallize|p2a: Blissey Elliot|Dark
|-terastallize|p1a: Slowking|Water
|move|p2a: Blissey Elliot|Shadow Ball|p1a: Slowking
|-damage|p1a: Slowking|47/100
|move|p1a: Slowking|Sludge Bomb|p2a: Blissey Elliot
|-damage|p2a: Blissey Elliot|61/100
|
|-heal|p2a: Blissey Elliot|67/100|[from] item: Leftovers
|upkeep
|turn|21
|
|t:|1760884107
|move|p2a: Blissey Elliot|Seismic Toss|p1a: Slowking
|-damage|p1a: Slowking|22/100
|move|p1a: Slowking|Sludge Bomb|p2a: Blissey Elliot
|-damage|p2a: Blissey Elliot|60/100
|-status|p2a: Blissey Elliot|psn
|
|-heal|p2a: Blissey Elliot|66/100 psn|[from] item: Leftovers
|-damage|p2a: Blissey Elliot|54/100 psn|[from] psn
|upkeep
|turn|22
|
|t:|1760884116
|switch|p1a: Moltres|Moltres|100/100
|move|p2a: Blissey Elliot|Soft-Boiled|p2a: Blissey Elliot
|-heal|p2a: Blissey Elliot|100/100 psn
|
|-damage|p2a: Blissey Elliot|88/100 psn|[from] psn
|upkeep
|turn|23
|
|t:|1760884123
|-curestatus|p2a: Blissey Elliot|psn|[from] ability: Natural Cure
|switch|p2a: Wishy Minaj|Alomomola, F|100/100
|-damage|p2a: Wishy Minaj|88/100|[from] Stealth Rock
|move|p1a: Moltres|Hurricane|p2a: Wishy Minaj
|-damage|p2a: Wishy Minaj|38/100
|
|upkeep
|turn|24
|
|t:|1760884131
|switch|p2a: certifiedpexophile|Toxapex, F|100/100
|-damage|p2a: certifiedpexophile|88/100|[from] Stealth Rock
|move|p1a: Moltres|Hurricane|p2a: certifiedpexophile
|-damage|p2a: certifiedpexophile|63/100
|-start|p2a: certifiedpexophile|confusion
|
|upkeep
|turn|25
|
|t:|1760884139
|switch|p1a: Raging Bolt|Raging Bolt|100/100
|-enditem|p1a: Raging Bolt|Booster Energy
|-activate|p1a: Raging Bolt|ability: Protosynthesis|[fromitem]
|-start|p1a: Raging Bolt|protosynthesisspa
|-activate|p2a: certifiedpexophile|confusion
|move|p2a: certifiedpexophile|Sludge Bomb|p1a: Raging Bolt
|-damage|p1a: Raging Bolt|78/100
|
|upkeep
|turn|26
|
|t:|1760884146
|move|p1a: Raging Bolt|Dragon Pulse|p2a: certifiedpexophile
|-damage|p2a: certifiedpexophile|27/100
|-end|p2a: certifiedpexophile|confusion
|move|p2a: certifiedpexophile|Ice Beam|p1a: Raging Bolt
|-supereffective|p1a: Raging Bolt
|-damage|p1a: Raging Bolt|51/100
|
|upkeep
|turn|27
|
|t:|1760884153
|switch|p2a: Traverse Scott|Iron Treads|100/100
|-damage|p2a: Traverse Scott|97/100|[from] Stealth Rock
|move|p1a: Raging Bolt|Dragon Pulse|p2a: Traverse Scott
|-resisted|p2a: Traverse Scott
|-damage|p2a: Traverse Scott|71/100
|
|-heal|p2a: Traverse Scott|77/100|[from] item: Leftovers
|upkeep
|turn|28
|
|t:|1760884170
|-end|p1a: Raging Bolt|Protosynthesis|[silent]
|switch|p1a: Moltres|Moltres|100/100
|move|p2a: Traverse Scott|Rapid Spin|p1a: Moltres
|-crit|p1a: Moltres
|-damage|p1a: Moltres|88/100
|-boost|p2a: Traverse Scott|spe|1
|-sideend|p2: Shaymas|Stealth Rock|[from] move: Rapid Spin|[of] p2a: Traverse Scott
|
|-heal|p2a: Traverse Scott|83/100|[from] item: Leftovers
|upkeep
|turn|29
|
|t:|1760884179
|move|p2a: Traverse Scott|Protect|p2a: Traverse Scott
|-singleturn|p2a: Traverse Scott|Protect
|move|p1a: Moltres|Flamethrower|p2a: Traverse Scott
|-activate|p2a: Traverse Scott|move: Protect
|
|-heal|p2a: Traverse Scott|90/100|[from] item: Leftovers
|upkeep
|turn|30
|
|t:|1760884188
|-end|p2a: Traverse Scott|Quark Drive|[silent]
|switch|p2a: certifiedpexophile|Toxapex, F|61/100
|switch|p1a: Great Tusk|Great Tusk|27/100
|
|upkeep
|turn|31
|
|t:|1760884193
|switch|p2a: Wishy Minaj|Alomomola, F|71/100
|move|p1a: Great Tusk|Headlong Rush|p2a: Wishy Minaj
|-damage|p2a: Wishy Minaj|43/100
|-unboost|p1a: Great Tusk|def|1
|-unboost|p1a: Great Tusk|spd|1
|-damage|p1a: Great Tusk|10/100|[from] item: Rocky Helmet|[of] p2a: Wishy Minaj
|
|upkeep
|turn|32
|
|t:|1760884207
|-end|p1a: Great Tusk|Protosynthesis|[silent]
|switch|p1a: Raging Bolt|Raging Bolt|51/100
|move|p2a: Wishy Minaj|Wish|p2a: Wishy Minaj
|
|upkeep
|turn|33
|
|t:|1760884212
|switch|p2a: Traverse Scott|Iron Treads|90/100
|move|p1a: Raging Bolt|Calm Mind|p1a: Raging Bolt
|-boost|p1a: Raging Bolt|spa|1
|-boost|p1a: Raging Bolt|spd|1
|
|-heal|p2a: Traverse Scott|100/100|[from] move: Wish|[wisher] Wishy Minaj
|upkeep
|turn|34
|
|t:|1760884229
|move|p2a: Traverse Scott|Earthquake|p1a: Raging Bolt
|-supereffective|p1a: Raging Bolt
|-damage|p1a: Raging Bolt|0 fnt
|faint|p1a: Raging Bolt
|-end|p1a: Raging Bolt|Protosynthesis|[silent]
|
|upkeep
|
|t:|1760884236
|switch|p1a: Thundurus|Thundurus-Therian, M|74/100
|turn|35
|
|t:|1760884240
|-end|p2a: Traverse Scott|Quark Drive|[silent]
|switch|p2a: Blissey Elliot|Blissey, F, tera:Dark|88/100
|move|p1a: Thundurus|Focus Blast|p2a: Blissey Elliot|[miss]
|-miss|p1a: Thundurus|p2a: Blissey Elliot
|
|-heal|p2a: Blissey Elliot|94/100|[from] item: Leftovers
|upkeep
|turn|36
|
|t:|1760884247
|move|p1a: Thundurus|Focus Blast|p2a: Blissey Elliot
|-supereffective|p2a: Blissey Elliot
|-damage|p2a: Blissey Elliot|53/100
|move|p2a: Blissey Elliot|Calm Mind|p2a: Blissey Elliot
|-boost|p2a: Blissey Elliot|spa|1
|-boost|p2a: Blissey Elliot|spd|1
|
|-heal|p2a: Blissey Elliot|60/100|[from] item: Leftovers
|upkeep
|turn|37
|
|t:|1760884256
|move|p1a: Thundurus|Focus Blast|p2a: Blissey Elliot|[miss]
|-miss|p1a: Thundurus|p2a: Blissey Elliot
|move|p2a: Blissey Elliot|Shadow Ball|p1a: Thundurus
|-damage|p1a: Thundurus|45/100
|-unboost|p1a: Thundurus|spd|1
|
|-heal|p2a: Blissey Elliot|66/100|[from] item: Leftovers
|upkeep
|turn|38
|
|t:|1760884267
|switch|p1a: Slowking|Slowking-Galar, F, tera:Water|55/100
|move|p2a: Blissey Elliot|Shadow Ball|p1a: Slowking
|-damage|p1a: Slowking|44/100
|
|-heal|p2a: Blissey Elliot|72/100|[from] item: Leftovers
|upkeep
|turn|39
|
|t:|1760884275
|switch|p1a: Thundurus|Thundurus-Therian, M|45/100
|move|p2a: Blissey Elliot|Seismic Toss|p1a: Thundurus
|-damage|p1a: Thundurus|12/100
|
|-heal|p2a: Blissey Elliot|78/100|[from] item: Leftovers
|upkeep
|turn|40
|
|t:|1760884282
|move|p1a: Thundurus|Volt Switch|p2a: Blissey Elliot
|-damage|p2a: Blissey Elliot|65/100
|
|t:|1760884285
|switch|p1a: Slowking|Slowking-Galar, F, tera:Water|77/100|[from] Volt Switch
|move|p2a: Blissey Elliot|Seismic Toss|p1a: Slowking
|-damage|p1a: Slowking|52/100
|
|-heal|p2a: Blissey Elliot|71/100|[from] item: Leftovers
|upkeep
|turn|41
|
|t:|1760884292
|move|p2a: Blissey Elliot|Seismic Toss|p1a: Slowking
|-damage|p1a: Slowking|26/100
|move|p1a: Slowking|Sludge Bomb|p2a: Blissey Elliot
|-damage|p2a: Blissey Elliot|62/100
|
|-heal|p2a: Blissey Elliot|68/100|[from] item: Leftovers
|upkeep
|turn|42
|
|t:|1760884299
|switch|p1a: Thundurus|Thundurus-Therian, M|12/100
|move|p2a: Blissey Elliot|Seismic Toss|p1a: Thundurus
|-damage|p1a: Thundurus|0 fnt
|faint|p1a: Thundurus
|
|-heal|p2a: Blissey Elliot|75/100|[from] item: Leftovers
|upkeep
|
|t:|1760884307
|switch|p1a: Slowking|Slowking-Galar, F, tera:Water|59/100
|turn|43
|
|t:|1760884310
|move|p2a: Blissey Elliot|Seismic Toss|p1a: Slowking
|-damage|p1a: Slowking|34/100
|move|p1a: Slowking|Sludge Bomb|p2a: Blissey Elliot
|-damage|p2a: Blissey Elliot|66/100
|-status|p2a: Blissey Elliot|psn
|
|-heal|p2a: Blissey Elliot|72/100 psn|[from] item: Leftovers
|-damage|p2a: Blissey Elliot|59/100 psn|[from] psn
|upkeep
|turn|44
|
|t:|1760884319
|switch|p1a: Moltres|Moltres|88/100
|move|p2a: Blissey Elliot|Soft-Boiled|p2a: Blissey Elliot
|-heal|p2a: Blissey Elliot|100/100 psn
|
|-damage|p2a: Blissey Elliot|88/100 psn|[from] psn
|upkeep
|turn|45
|
|t:|1760884325
|-curestatus|p2a: Blissey Elliot|psn|[from] ability: Natural Cure
|switch|p2a: certifiedpexophile|Toxapex, F|94/100
|move|p1a: Moltres|Hurricane|p2a: certifiedpexophile
|-damage|p2a: certifiedpexophile|68/100
|
|upkeep
|turn|46
|inactive|S-993311 has 120 seconds left.
|inactive|S-993311 has 90 seconds left.
|inactive|S-993311 has 60 seconds left.
|inactive|S-993311 has 30 seconds left.
|inactive|S-993311 has 20 seconds left.
|
|t:|1760884456
|switch|p1a: Kyurem|Kyurem|100/100
|-ability|p1a: Kyurem|Pressure
|move|p2a: certifiedpexophile|Sludge Bomb|p1a: Kyurem
|-damage|p1a: Kyurem|74/100
|
|upkeep
|turn|47
|inactive|S-993311 has 30 seconds left this turn.
|
|t:|1760884468
|move|p1a: Kyurem|Freeze-Dry|p2a: certifiedpexophile
|-supereffective|p2a: certifiedpexophile
|-damage|p2a: certifiedpexophile|26/100
|move|p2a: certifiedpexophile|Sludge Bomb|p1a: Kyurem
|-damage|p1a: Kyurem|47/100
|-status|p1a: Kyurem|psn
|
|-damage|p1a: Kyurem|35/100 psn|[from] psn
|upkeep
|turn|48
|inactive|S-993311 has 30 seconds left.
|
|t:|1760884478
|switch|p2a: Blissey Elliot|Blissey, F, tera:Dark|88/100
|move|p1a: Kyurem|Freeze-Dry|p2a: Blissey Elliot
|-damage|p2a: Blissey Elliot|77/100
|
|-heal|p2a: Blissey Elliot|83/100|[from] item: Leftovers
|-damage|p1a: Kyurem|22/100 psn|[from] psn
|upkeep
|turn|49
|
|t:|1760884488
|switch|p1a: Slowking|Slowking-Galar, F, tera:Water|67/100
|switch|p2a: certifiedpexophile|Toxapex, F|59/100
|
|upkeep
|turn|50
|
|t:|1760884494
|switch|p2a: Blissey Elliot|Blissey, F, tera:Dark|83/100
|move|p1a: Slowking|Psyshock|p2a: Blissey Elliot
|-immune|p2a: Blissey Elliot
|
|-heal|p2a: Blissey Elliot|89/100|[from] item: Leftovers
|upkeep
|turn|51
|
|t:|1760884496
|move|p2a: Blissey Elliot|Seismic Toss|p1a: Slowking
|-damage|p1a: Slowking|42/100
|move|p1a: Slowking|Sludge Bomb|p2a: Blissey Elliot
|-damage|p2a: Blissey Elliot|75/100
|
|-heal|p2a: Blissey Elliot|82/100|[from] item: Leftovers
|upkeep
|turn|52
|
|t:|1760884499
|move|p2a: Blissey Elliot|Seismic Toss|p1a: Slowking
|-damage|p1a: Slowking|16/100
|move|p1a: Slowking|Sludge Bomb|p2a: Blissey Elliot
|-damage|p2a: Blissey Elliot|70/100
|-status|p2a: Blissey Elliot|psn
|
|-heal|p2a: Blissey Elliot|76/100 psn|[from] item: Leftovers
|-damage|p2a: Blissey Elliot|63/100 psn|[from] psn
|upkeep
|turn|53
|
|t:|1760884506
|switch|p1a: Moltres|Moltres|88/100
|move|p2a: Blissey Elliot|Seismic Toss|p1a: Moltres
|-damage|p1a: Moltres|62/100
|
|-heal|p2a: Blissey Elliot|70/100 psn|[from] item: Leftovers
|-damage|p2a: Blissey Elliot|57/100 psn|[from] psn
|upkeep
|turn|54
|
|t:|1760884510
|-curestatus|p2a: Blissey Elliot|psn|[from] ability: Natural Cure
|switch|p2a: Wishy Minaj|Alomomola, F|77/100
|move|p1a: Moltres|Roost|p1a: Moltres
|-heal|p1a: Moltres|100/100
|-singleturn|p1a: Moltres|move: Roost
|
|upkeep
|turn|55
|
|t:|1760884518
|move|p1a: Moltres|Hurricane|p2a: Wishy Minaj
|-damage|p2a: Wishy Minaj|18/100
|move|p2a: Wishy Minaj|Wish|p2a: Wishy Minaj
|
|upkeep
|turn|56
|
|t:|1760884523
|switch|p2a: Blissey Elliot|Blissey, F, tera:Dark|57/100
|move|p1a: Moltres|Hurricane|p2a: Blissey Elliot
|-damage|p2a: Blissey Elliot|44/100
|
|-heal|p2a: Blissey Elliot|85/100|[from] move: Wish|[wisher] Wishy Minaj
|-heal|p2a: Blissey Elliot|91/100|[from] item: Leftovers
|upkeep
|turn|57
|inactive|S-993311 has 90 seconds left.
|
|t:|1760884531
|move|p1a: Moltres|Hurricane|p2a: Blissey Elliot
|-damage|p2a: Blissey Elliot|77/100
|move|p2a: Blissey Elliot|Calm Mind|p2a: Blissey Elliot
|-boost|p2a: Blissey Elliot|spa|1
|-boost|p2a: Blissey Elliot|spd|1
|
|-heal|p2a: Blissey Elliot|83/100|[from] item: Leftovers
|upkeep
|turn|58
|
|t:|1760884538
|move|p1a: Moltres|U-turn|p2a: Blissey Elliot
|-supereffective|p2a: Blissey Elliot
|-damage|p2a: Blissey Elliot|54/100
|
|t:|1760884541
|switch|p1a: Slowking|Slowking-Galar, F, tera:Water|50/100|[from] U-turn
|move|p2a: Blissey Elliot|Shadow Ball|p1a: Slowking
|-damage|p1a: Slowking|39/100
|
|-heal|p2a: Blissey Elliot|61/100|[from] item: Leftovers
|upkeep
|turn|59
|
|t:|1760884549
|move|p2a: Blissey Elliot|Seismic Toss|p1a: Slowking
|-damage|p1a: Slowking|13/100
|move|p1a: Slowking|Sludge Bomb|p2a: Blissey Elliot
|-damage|p2a: Blissey Elliot|51/100
|
|-heal|p2a: Blissey Elliot|57/100|[from] item: Leftovers
|upkeep
|turn|60
|
|t:|1760884556
|switch|p1a: Moltres|Moltres|100/100
|move|p2a: Blissey Elliot|Shadow Ball|p1a: Moltres
|-damage|p1a: Moltres|79/100
|
|-heal|p2a: Blissey Elliot|63/100|[from] item: Leftovers
|upkeep
|turn|61
|
|t:|1760884564
|switch|p1a: Slowking|Slowking-Galar, F, tera:Water|46/100
|switch|p2a: Wishy Minaj|Alomomola, F|51/100
|
|upkeep
|turn|62
|inactive|S-993311 has 120 seconds left.
|
|t:|1760884570
|move|p2a: Wishy Minaj|Flip Turn|p1a: Slowking
|-resisted|p1a: Slowking
|-damage|p1a: Slowking|38/100
|
|t:|1760884573
|switch|p2a: Blissey Elliot|Blissey, F, tera:Dark|63/100|[from] Flip Turn
|move|p1a: Slowking|Sludge Bomb|p2a: Blissey Elliot
|-damage|p2a: Blissey Elliot|49/100
|
|-heal|p2a: Blissey Elliot|56/100|[from] item: Leftovers
|upkeep
|turn|63
|
|t:|1760884580
|switch|p2a: Traverse Scott|Iron Treads|100/100
|switch|p1a: Moltres|Moltres|79/100
|
|upkeep
|turn|64
|
|t:|1760884587
|move|p2a: Traverse Scott|Stealth Rock|p1a: Moltres
|-sidestart|p1: S-993311|move: Stealth Rock
|move|p1a: Moltres|Flamethrower|p2a: Traverse Scott
|-supereffective|p2a: Traverse Scott
|-damage|p2a: Traverse Scott|44/100
|
|-heal|p2a: Traverse Scott|50/100|[from] item: Leftovers
|upkeep
|turn|65
|
|t:|1760884593
|move|p2a: Traverse Scott|Protect|p2a: Traverse Scott
|-singleturn|p2a: Traverse Scott|Protect
|move|p1a: Moltres|Flamethrower|p2a: Traverse Scott
|-activate|p2a: Traverse Scott|move: Protect
|
|-heal|p2a: Traverse Scott|57/100|[from] item: Leftovers
|upkeep
|turn|66
|inactive|S-993311 has 120 seconds left.
|inactive|S-993311 has 90 seconds left.
|inactive|S-993311 has 60 seconds left.
|inactive|S-993311 has 30 seconds left.
|inactive|S-993311 has 20 seconds left.
|
|t:|1760884724
|-end|p2a: Traverse Scott|Quark Drive|[silent]
|switch|p2a: certifiedpexophile|Toxapex, F|92/100
|move|p1a: Moltres|Flamethrower|p2a: certifiedpexophile
|-resisted|p2a: certifiedpexophile
|-damage|p2a: certifiedpexophile|81/100
|
|upkeep
|turn|67
|inactive|S-993311 has 30 seconds left this turn.
|
|t:|1760884730
|switch|p1a: Slowking|Slowking-Galar, F, tera:Water|71/100
|-damage|p1a: Slowking|58/100|[from] Stealth Rock
|move|p2a: certifiedpexophile|Sludge Bomb|p1a: Slowking
|-damage|p1a: Slowking|44/100
|
|upkeep
|turn|68
|inactive|S-993311 has 30 seconds left.
|
|t:|1760884737
|move|p2a: certifiedpexophile|Sludge Bomb|p1a: Slowking
|-damage|p1a: Slowking|31/100
|move|p1a: Slowking|Psyshock|p2a: certifiedpexophile
|-supereffective|p2a: certifiedpexophile
|-damage|p2a: certifiedpexophile|25/100
|
|upkeep
|turn|69
|
|t:|1760884745
|switch|p2a: Traverse Scott|Iron Treads|57/100
|move|p1a: Slowking|Psyshock|p2a: Traverse Scott
|-resisted|p2a: Traverse Scott
|-damage|p2a: Traverse Scott|43/100
|
|-heal|p2a: Traverse Scott|49/100|[from] item: Leftovers
|upkeep
|turn|70
|
|t:|1760884753
|switch|p1a: Moltres|Moltres|79/100
|move|p2a: Traverse Scott|Protect||[still]
|-fail|p2a: Traverse Scott
|
|-heal|p2a: Traverse Scott|55/100|[from] item: Leftovers
|upkeep
|turn|71
|
|t:|1760884759
|move|p2a: Traverse Scott|Protect|p2a: Traverse Scott
|-singleturn|p2a: Traverse Scott|Protect
|move|p1a: Moltres|Hurricane|p2a: Traverse Scott
|-activate|p2a: Traverse Scott|move: Protect
|
|-heal|p2a: Traverse Scott|61/100|[from] item: Leftovers
|upkeep
|turn|72
|
|t:|1760884765
|-end|p2a: Traverse Scott|Quark Drive|[silent]
|switch|p2a: certifiedpexophile|Toxapex, F|59/100
|move|p1a: Moltres|Hurricane|p2a: certifiedpexophile
|-damage|p2a: certifiedpexophile|32/100
|-start|p2a: certifiedpexophile|confusion
|
|upkeep
|turn|73
|
|t:|1760884772
|switch|p2a: Blissey Elliot|Blissey, F, tera:Dark|56/100
|move|p1a: Moltres|Hurricane|p2a: Blissey Elliot
|-damage|p2a: Blissey Elliot|42/100
|
|-heal|p2a: Blissey Elliot|48/100|[from] item: Leftovers
|upkeep
|turn|74
|inactive|S-993311 has 60 seconds left.
|
|t:|1760884778
|switch|p2a: Wishy Minaj|Alomomola, F|84/100
|move|p1a: Moltres|Flamethrower|p2a: Wishy Minaj
|-resisted|p2a: Wishy Minaj
|-damage|p2a: Wishy Minaj|63/100
|-status|p2a: Wishy Minaj|brn
|
|-damage|p2a: Wishy Minaj|57/100 brn|[from] brn
|upkeep
|turn|75
|
|t:|1760884787
|switch|p2a: Blissey Elliot|Blissey, F, tera:Dark|48/100
|move|p1a: Moltres|Flamethrower|p2a: Blissey Elliot
|-damage|p2a: Blissey Elliot|36/100
|
|-heal|p2a: Blissey Elliot|42/100|[from] item: Leftovers
|upkeep
|turn|76
|
|t:|1760884793
|move|p1a: Moltres|Hurricane|p2a: Blissey Elliot|[miss]
|-miss|p1a: Moltres|p2a: Blissey Elliot
|move|p2a: Blissey Elliot|Soft-Boiled|p2a: Blissey Elliot
|-heal|p2a: Blissey Elliot|92/100
|
|-heal|p2a: Blissey Elliot|99/100|[from] item: Leftovers
|upkeep
|turn|77
|
|t:|1760884800
|switch|p2a: certifiedpexophile|Toxapex, F|65/100
|move|p1a: Moltres|Hurricane|p2a: certifiedpexophile
|-damage|p2a: certifiedpexophile|39/100
|
|upkeep
|turn|78
|
|t:|1760884805
|move|p1a: Moltres|Hurricane|p2a: certifiedpexophile|[miss]
|-miss|p1a: Moltres|p2a: certifiedpexophile
|move|p2a: certifiedpexophile|Surf|p1a: Moltres
|-supereffective|p1a: Moltres
|-damage|p1a: Moltres|29/100
|
|upkeep
|turn|79
|
|t:|1760884811
|switch|p1a: Slowking|Slowking-Galar, F, tera:Water|65/100
|-damage|p1a: Slowking|52/100|[from] Stealth Rock
|move|p2a: certifiedpexophile|Sludge Bomb|p1a: Slowking
|-damage|p1a: Slowking|39/100
|
|upkeep
|turn|80
|inactive|S-993311 has 90 seconds left.
|
|t:|1760884818
|switch|p2a: Blissey Elliot|Blissey, F, tera:Dark|99/100
|move|p1a: Slowking|Psyshock|p2a: Blissey Elliot
|-immune|p2a: Blissey Elliot
|
|-heal|p2a: Blissey Elliot|100/100|[from] item: Leftovers
|upkeep
|turn|81
|
|t:|1760884825
|switch|p1a: Moltres|Moltres|29/100
|move|p2a: Blissey Elliot|Seismic Toss|p1a: Moltres
|-damage|p1a: Moltres|3/100
|
|upkeep
|turn|82
|
|t:|1760884837
|switch|p2a: certifiedpexophile|Toxapex, F|72/100
|move|p1a: Moltres|Roost|p1a: Moltres
|-heal|p1a: Moltres|53/100
|-singleturn|p1a: Moltres|move: Roost
|
|upkeep
|turn|83
|
|t:|1760884846
|switch|p1a: Slowking|Slowking-Galar, F, tera:Water|72/100
|-damage|p1a: Slowking|60/100|[from] Stealth Rock
|move|p2a: certifiedpexophile|Sludge Bomb|p1a: Slowking
|-damage|p1a: Slowking|47/100
|
|upkeep
|turn|84
|
|t:|1760884861
|switch|p2a: Blissey Elliot|Blissey, F, tera:Dark|100/100
|move|p1a: Slowking|Psyshock|p2a: Blissey Elliot
|-immune|p2a: Blissey Elliot
|
|upkeep
|turn|85
|
|t:|1760884867
|switch|p1a: Moltres|Moltres|53/100
|move|p2a: Blissey Elliot|Calm Mind|p2a: Blissey Elliot
|-boost|p2a: Blissey Elliot|spa|1
|-boost|p2a: Blissey Elliot|spd|1
|
|upkeep
|turn|86
|inactive|S-993311 has 120 seconds left.
|
|t:|1760884873
|move|p1a: Moltres|Roost|p1a: Moltres
|-heal|p1a: Moltres|100/100
|-singleturn|p1a: Moltres|move: Roost
|move|p2a: Blissey Elliot|Shadow Ball|p1a: Moltres
|-damage|p1a: Moltres|77/100
|
|upkeep
|turn|87
|
|t:|1760884880
|move|p1a: Moltres|Hurricane|p2a: Blissey Elliot|[miss]
|-miss|p1a: Moltres|p2a: Blissey Elliot
|move|p2a: Blissey Elliot|Calm Mind|p2a: Blissey Elliot
|-boost|p2a: Blissey Elliot|spa|1
|-boost|p2a: Blissey Elliot|spd|1
|
|upkeep
|turn|88
|
|t:|1760884886
|move|p1a: Moltres|Hurricane|p2a: Blissey Elliot|[miss]
|-miss|p1a: Moltres|p2a: Blissey Elliot
|move|p2a: Blissey Elliot|Calm Mind|p2a: Blissey Elliot
|-boost|p2a: Blissey Elliot|spa|1
|-boost|p2a: Blissey Elliot|spd|1
|
|upkeep
|turn|89
|
|t:|1760884892
|move|p1a: Moltres|Hurricane|p2a: Blissey Elliot|[miss]
|-miss|p1a: Moltres|p2a: Blissey Elliot
|move|p2a: Blissey Elliot|Shadow Ball|p1a: Moltres
|-damage|p1a: Moltres|39/100
|-unboost|p1a: Moltres|spd|1
|
|upkeep
|turn|90
|
|t:|1760884899
|move|p1a: Moltres|U-turn|p2a: Blissey Elliot
|-supereffective|p2a: Blissey Elliot
|-damage|p2a: Blissey Elliot|73/100
|
|t:|1760884902
|switch|p1a: Slowking|Slowking-Galar, F, tera:Water|80/100|[from] U-turn
|-damage|p1a: Slowking|68/100|[from] Stealth Rock
|move|p2a: Blissey Elliot|Shadow Ball|p1a: Slowking
|-damage|p1a: Slowking|50/100
|
|-heal|p2a: Blissey Elliot|79/100|[from] item: Leftovers
|upkeep
|turn|91
|inactive|S-993311 has 120 seconds left.
|inactive|S-993311 has 90 seconds left.
|c|☆Shaymas|is this covert cloak G-king?
|inactive|S-993311 has 60 seconds left.
|c|☆Shaymas|or am I really unlucky with prock chances
|inactive|S-993311 has 30 seconds left.
|
|t:|1760885032
|move|p2a: Blissey Elliot|Shadow Ball|p1a: Slowking
|-damage|p1a: Slowking|31/100
|move|p1a: Slowking|Sludge Bomb|p2a: Blissey Elliot
|-damage|p2a: Blissey Elliot|74/100
|-status|p2a: Blissey Elliot|psn
|
|-heal|p2a: Blissey Elliot|80/100 psn|[from] item: Leftovers
|-damage|p2a: Blissey Elliot|68/100 psn|[from] psn
|upkeep
|turn|92
|inactive|S-993311 has 30 seconds left.
|
|t:|1760885042
|switch|p1a: Great Tusk|Great Tusk|10/100
|move|p2a: Blissey Elliot|Seismic Toss|p1a: Great Tusk
|-damage|p1a: Great Tusk|0 fnt
|faint|p1a: Great Tusk
|-end|p1a: Great Tusk|Protosynthesis|[silent]
|
|-heal|p2a: Blissey Elliot|74/100 psn|[from] item: Leftovers
|-damage|p2a: Blissey Elliot|61/100 psn|[from] psn
|upkeep
|inactive|S-993311 has 30 seconds left.
|
|t:|1760885050
|switch|p1a: Slowking|Slowking-Galar, F, tera:Water|64/100
|-damage|p1a: Slowking|52/100|[from] Stealth Rock
|turn|93
|
|t:|1760885064
|-curestatus|p2a: Blissey Elliot|psn|[from] ability: Natural Cure
|switch|p2a: Traverse Scott|Iron Treads|61/100
|switch|p1a: Kyurem|Kyurem|22/100 psn
|-damage|p1a: Kyurem|0 fnt|[from] Stealth Rock
|faint|p1a: Kyurem
|
|-heal|p2a: Traverse Scott|68/100|[from] item: Leftovers
|upkeep
|
|t:|1760885072
|switch|p1a: Moltres|Moltres|39/100
|turn|94
|
|t:|1760885076
|move|p2a: Traverse Scott|Protect|p2a: Traverse Scott
|-singleturn|p2a: Traverse Scott|Protect
|move|p1a: Moltres|Roost|p1a: Moltres
|-heal|p1a: Moltres|90/100
|-singleturn|p1a: Moltres|move: Roost
|
|-heal|p2a: Traverse Scott|74/100|[from] item: Leftovers
|upkeep
|turn|95
|
|t:|1760885083
|-end|p2a: Traverse Scott|Quark Drive|[silent]
|switch|p2a: Wishy Minaj|Alomomola, F|91/100 brn
|move|p1a: Moltres|Hurricane|p2a: Wishy Minaj
|-damage|p2a: Wishy Minaj|36/100 brn
|-start|p2a: Wishy Minaj|confusion
|
|-damage|p2a: Wishy Minaj|30/100 brn|[from] brn
|upkeep
|turn|96
|inactive|S-993311 has 60 seconds left.
|
|t:|1760885091
|switch|p2a: certifiedpexophile|Toxapex, F|100/100
|move|p1a: Moltres|Flamethrower|p2a: certifiedpexophile
|-resisted|p2a: certifiedpexophile
|-damage|p2a: certifiedpexophile|89/100
|
|upkeep
|turn|97
|
|t:|1760885098
|switch|p1a: Slowking|Slowking-Galar, F, tera:Water|85/100
|-damage|p1a: Slowking|73/100|[from] Stealth Rock
|move|p2a: certifiedpexophile|Sludge Bomb|p1a: Slowking
|-damage|p1a: Slowking|60/100
|
|upkeep
|turn|98
|
|t:|1760885109
|switch|p2a: Traverse Scott|Iron Treads|74/100
|move|p1a: Slowking|Psyshock|p2a: Traverse Scott
|-resisted|p2a: Traverse Scott
|-damage|p2a: Traverse Scott|59/100
|
|-heal|p2a: Traverse Scott|65/100|[from] item: Leftovers
|upkeep
|turn|99
|
|t:|1760885117
|move|p2a: Traverse Scott|Protect|p2a: Traverse Scott
|-singleturn|p2a: Traverse Scott|Protect
|move|p1a: Slowking|Ice Beam|p2a: Traverse Scott
|-activate|p2a: Traverse Scott|move: Protect
|
|-heal|p2a: Traverse Scott|72/100|[from] item: Leftovers
|upkeep
|turn|100
|
|t:|1760885131
|-end|p2a: Traverse Scott|Quark Drive|[silent]
|switch|p2a: Blissey Elliot|Blissey, F, tera:Dark|61/100
|move|p1a: Slowking|Ice Beam|p2a: Blissey Elliot
|-damage|p2a: Blissey Elliot|52/100
|
|-heal|p2a: Blissey Elliot|58/100|[from] item: Leftovers
|upkeep
|turn|101
|
|t:|1760885140
|switch|p2a: certifiedpexophile|Toxapex, F|100/100
|move|p1a: Slowking|Sludge Bomb|p2a: certifiedpexophile
|-resisted|p2a: certifiedpexophile
|-damage|p2a: certifiedpexophile|89/100
|
|upkeep
|turn|102
|
|t:|1760885146
|move|p2a: certifiedpexophile|Sludge Bomb|p1a: Slowking
|-damage|p1a: Slowking|46/100
|move|p1a: Slowking|Sludge Bomb|p2a: certifiedpexophile
|-resisted|p2a: certifiedpexophile
|-damage|p2a: certifiedpexophile|77/100
|
|upkeep
|turn|103
|
|t:|1760885153
|move|p2a: certifiedpexophile|Sludge Bomb|p1a: Slowking
|-damage|p1a: Slowking|32/100
|-status|p1a: Slowking|psn
|move|p1a: Slowking|Psyshock|p2a: certifiedpexophile
|-supereffective|p2a: certifiedpexophile
|-damage|p2a: certifiedpexophile|27/100
|
|-damage|p1a: Slowking|20/100 psn|[from] psn
|upkeep
|turn|104
|
|t:|1760885162
|switch|p2a: Notorious ZZZ|Dondozo, M|100/100
|switch|p1a: Moltres|Moltres|90/100
|
|upkeep
|turn|105
|
|t:|1760885169
|switch|p2a: Wishy Minaj|Alomomola, F|63/100 brn
|move|p1a: Moltres|Flamethrower|p2a: Wishy Minaj
|-resisted|p2a: Wishy Minaj
|-damage|p2a: Wishy Minaj|41/100 brn
|
|-damage|p2a: Wishy Minaj|35/100 brn|[from] brn
|upkeep
|turn|106
|
|t:|1760885176
|switch|p2a: certifiedpexophile|Toxapex, F|61/100
|move|p1a: Moltres|Flamethrower|p2a: certifiedpexophile
|-resisted|p2a: certifiedpexophile
|-damage|p2a: certifiedpexophile|51/100
|
|upkeep
|turn|107
|
|t:|1760885182
|switch|p1a: Slowking|Slowking-Galar, F, tera:Water|53/100 psn
|-damage|p1a: Slowking|40/100 psn|[from] Stealth Rock
|switch|p2a: Wishy Minaj|Alomomola, F|68/100 brn
|
|-damage|p1a: Slowking|28/100 psn|[from] psn
|-damage|p2a: Wishy Minaj|62/100 brn|[from] brn
|upkeep
|turn|108
|
|t:|1760885190
|move|p2a: Wishy Minaj|Wish|p2a: Wishy Minaj
|move|p1a: Slowking|Psyshock|p2a: Wishy Minaj
|-damage|p2a: Wishy Minaj|41/100 brn
|
|-damage|p1a: Slowking|15/100 psn|[from] psn
|-damage|p2a: Wishy Minaj|35/100 brn|[from] brn
|upkeep
|turn|109
|
|t:|1760885197
|switch|p1a: Moltres|Moltres|90/100
|move|p2a: Wishy Minaj|Flip Turn|p1a: Moltres
|-supereffective|p1a: Moltres
|-damage|p1a: Moltres|79/100
|
|t:|1760885200
|switch|p2a: Blissey Elliot|Blissey, F, tera:Dark|58/100|[from] Flip Turn
|
|-heal|p2a: Blissey Elliot|99/100|[from] move: Wish|[wisher] Wishy Minaj
|-heal|p2a: Blissey Elliot|100/100|[from] item: Leftovers
|upkeep
|turn|110
|
|t:|1760885210
|move|p1a: Moltres|Flamethrower|p2a: Blissey Elliot
|-damage|p2a: Blissey Elliot|89/100
|move|p2a: Blissey Elliot|Calm Mind|p2a: Blissey Elliot
|-boost|p2a: Blissey Elliot|spa|1
|-boost|p2a: Blissey Elliot|spd|1
|
|-heal|p2a: Blissey Elliot|96/100|[from] item: Leftovers
|upkeep
|turn|111
|
|t:|1760885218
|move|p1a: Moltres|Flamethrower|p2a: Blissey Elliot
|-crit|p2a: Blissey Elliot
|-damage|p2a: Blissey Elliot|79/100
|move|p2a: Blissey Elliot|Calm Mind|p2a: Blissey Elliot
|-boost|p2a: Blissey Elliot|spa|1
|-boost|p2a: Blissey Elliot|spd|1
|
|-heal|p2a: Blissey Elliot|85/100|[from] item: Leftovers
|upkeep
|turn|112
|
|t:|1760885225
|move|p1a: Moltres|Flamethrower|p2a: Blissey Elliot
|-damage|p2a: Blissey Elliot|80/100
|move|p2a: Blissey Elliot|Calm Mind|p2a: Blissey Elliot
|-boost|p2a: Blissey Elliot|spa|1
|-boost|p2a: Blissey Elliot|spd|1
|
|-heal|p2a: Blissey Elliot|86/100|[from] item: Leftovers
|upkeep
|turn|113
|
|t:|1760885232
|move|p1a: Moltres|Flamethrower|p2a: Blissey Elliot
|-damage|p2a: Blissey Elliot|81/100
|move|p2a: Blissey Elliot|Calm Mind|p2a: Blissey Elliot
|-boost|p2a: Blissey Elliot|spa|1
|-boost|p2a: Blissey Elliot|spd|1
|
|-heal|p2a: Blissey Elliot|87/100|[from] item: Leftovers
|upkeep
|turn|114
|
|t:|1760885239
|move|p1a: Moltres|U-turn|p2a: Blissey Elliot
|-supereffective|p2a: Blissey Elliot
|-damage|p2a: Blissey Elliot|60/100
|
|t:|1760885241
|switch|p1a: Slowking|Slowking-Galar, F, tera:Water|49/100 psn|[from] U-turn
|-damage|p1a: Slowking|36/100 psn|[from] Stealth Rock
|move|p2a: Blissey Elliot|Calm Mind|p2a: Blissey Elliot
|-boost|p2a: Blissey Elliot|spa|1
|-boost|p2a: Blissey Elliot|spd|1
|
|-heal|p2a: Blissey Elliot|66/100|[from] item: Leftovers
|-damage|p1a: Slowking|24/100 psn|[from] psn
|upkeep
|turn|115
|inactive|S-993311 has 90 seconds left.
|
|t:|1760885250
|move|p2a: Blissey Elliot|Shadow Ball|p1a: Slowking
|-damage|p1a: Slowking|0 fnt
|faint|p1a: Slowking
|
|-heal|p2a: Blissey Elliot|72/100|[from] item: Leftovers
|upkeep
|inactive|S-993311 has 90 seconds left.
|
|t:|1760885257
|switch|p1a: Moltres|Moltres|79/100
|turn|116
|
|t:|1760885260
|move|p1a: Moltres|Roost|p1a: Moltres
|-heal|p1a: Moltres|100/100
|-singleturn|p1a: Moltres|move: Roost
|move|p2a: Blissey Elliot|Shadow Ball|p1a: Moltres
|-damage|p1a: Moltres|49/100
|
|-heal|p2a: Blissey Elliot|78/100|[from] item: Leftovers
|upkeep
|turn|117
|
|t:|1760885268
|move|p1a: Moltres|Roost|p1a: Moltres
|-heal|p1a: Moltres|99/100
|-singleturn|p1a: Moltres|move: Roost
|move|p2a: Blissey Elliot|Calm Mind|p2a: Blissey Elliot
|-boost|p2a: Blissey Elliot|spa|1
|-boost|p2a: Blissey Elliot|spd|1
|
|-heal|p2a: Blissey Elliot|84/100|[from] item: Leftovers
|upkeep
|turn|118
|
|t:|1760885277
|move|p1a: Moltres|Roost|p1a: Moltres
|-heal|p1a: Moltres|100/100
|-singleturn|p1a: Moltres|move: Roost
|move|p2a: Blissey Elliot|Calm Mind|p2a: Blissey Elliot
|-boost|p2a: Blissey Elliot|spa|0
|-boost|p2a: Blissey Elliot|spd|0
|
|-heal|p2a: Blissey Elliot|91/100|[from] item: Leftovers
|upkeep
|turn|119
|
|t:|1760885286
|move|p1a: Moltres|Roost||[still]
|-fail|p1a: Moltres|heal
|move|p2a: Blissey Elliot|Shadow Ball|p1a: Moltres
|-damage|p1a: Moltres|45/100
|-unboost|p1a: Moltres|spd|1
|
|-heal|p2a: Blissey Elliot|97/100|[from] item: Leftovers
|upkeep
|turn|120
|inactive|S-993311 has 90 seconds left.
|inactive|S-993311 has 60 seconds left.
|inactive|S-993311 has 30 seconds left.
|inactive|S-993311 has 20 seconds left.
|inactive|S-993311 has 15 seconds left.
|inactive|S-993311 has 10 seconds left.
|inactive|S-993311 has 5 seconds left.
|-message|S-993311 lost due to inactivity.
|
|win|Shaymas
|raw|S-993311's rating: 1489 &rarr; <strong>1468</strong><br />(-21 for losing)
|raw|Shaymas's rating: 1468 &rarr; <strong>1489</strong><br />(+21 for winning)
|c|☆S-993311|lucky win
|c|☆Shaymas|sure bbg
|c|☆Shaymas|totally not sacking the bolt
|c|☆Shaymas|or the thundurus
|c|☆Shaymas|or letting the whole team get poisoned
|c|☆Shaymas|lol
