|j|☆Igoodnamename
|j|☆Agenothree
|t:|1760794887
|gametype|singles
|player|p1|Igoodnamename|medium|1344
|player|p2|Agenothree|steven|1376
|gen|9
|tier|[Gen 9] OU
|rated|
|rule|HP Percentage Mod: HP is shown in percentages
|rule|Endless Battle Clause: Forcing endless battles is banned
|rule|Species Clause: Limit one of each Pokémon
|rule|OHKO Clause: OHKO moves are banned
|rule|Evasion Items Clause: Evasion items are banned
|rule|Evasion Moves Clause: Evasion moves are banned
|rule|Evasion Abilities Clause: Evasion abilities are banned
|rule|Sleep Moves Clause: Sleep-inducing moves are banned
|clearpoke
|poke|p1|Torterra, M|
|poke|p1|Sinistcha|
|poke|p1|Gholdengo|
|poke|p1|Samurott-Hisui, M|
|poke|p1|Garchomp, M|
|poke|p1|Scizor, M|
|poke|p2|Iron Jugulis|
|poke|p2|Barraskewda, F|
|poke|p2|Toxicroak, F|
|poke|p2|Pelipper, M|
|poke|p2|Iron Treads|
|poke|p2|Raging Bolt|
|teampreview
|
|t:|1760794912
|teamsize|p1|6
|teamsize|p2|6
|start
|switch|p1a: Garchomp|Garchomp, M|100/100
|switch|p2a: Pelipper|Pelipper, M|100/100
|-weather|RainDance|[from] ability: Drizzle|[of] p2a: Pelipper
|turn|1
|
|t:|1760794923
|move|p1a: Garchomp|Stealth Rock|p2a: Pelipper
|-sidestart|p2: Agenothree|move: Stealth Rock
|move|p2a: Pelipper|Knock Off|p1a: Garchomp
|-damage|p1a: Garchomp|92/100
|-damage|p2a: Pelipper|88/100|[from] ability: Rough Skin|[of] p1a: Garchomp
|-damage|p2a: Pelipper|72/100|[from] item: Rocky Helmet|[of] p1a: Garchomp
|-enditem|p1a: Garchomp|Rocky Helmet|[from] move: Knock Off|[of] p2a: Pelipper
|
|-weather|RainDance|[upkeep]
|upkeep
|turn|2
|
|t:|1760794932
|move|p2a: Pelipper|U-turn|p1a: Garchomp
|-damage|p1a: Garchomp|86/100
|-damage|p2a: Pelipper|59/100|[from] ability: Rough Skin|[of] p1a: Garchomp
|
|t:|1760794947
|switch|p2a: Iron Treads|Iron Treads|100/100|[from] U-turn
|-damage|p2a: Iron Treads|98/100|[from] Stealth Rock
|move|p1a: Garchomp|Dragon Tail|p2a: Iron Treads
|-resisted|p2a: Iron Treads
|-damage|p2a: Iron Treads|88/100
|-end|p2a: Iron Treads|Quark Drive|[silent]
|drag|p2a: Raging Bolt|Raging Bolt|100/100
|-damage|p2a: Raging Bolt|88/100|[from] Stealth Rock
|
|-weather|RainDance|[upkeep]
|upkeep
|turn|3
|
|t:|1760794959
|switch|p1a: Scizor|Scizor, M|100/100
|move|p2a: Raging Bolt|Draco Meteor|p1a: Scizor
|-resisted|p1a: Scizor
|-damage|p1a: Scizor|28/100
|-unboost|p2a: Raging Bolt|spa|2
|
|-weather|RainDance|[upkeep]
|upkeep
|turn|4
|
|t:|1760794968
|move|p1a: Scizor|Bullet Punch|p2a: Raging Bolt
|-resisted|p2a: Raging Bolt
|-damage|p2a: Raging Bolt|68/100
|move|p2a: Raging Bolt|Draco Meteor|p1a: Scizor
|-resisted|p1a: Scizor
|-damage|p1a: Scizor|0 fnt
|-unboost|p2a: Raging Bolt|spa|2
|faint|p1a: Scizor
|
|-weather|RainDance|[upkeep]
|upkeep
|
|t:|1760794971
|switch|p1a: Gholdengo|Gholdengo|100/100
|turn|5
|
|t:|1760794980
|-end|p2a: Raging Bolt|Protosynthesis|[silent]
|switch|p2a: Iron Treads|Iron Treads|88/100
|-damage|p2a: Iron Treads|85/100|[from] Stealth Rock
|move|p1a: Gholdengo|Trick|p2a: Iron Treads
|-activate|p1a: Gholdengo|move: Trick|[of] p2a: Iron Treads
|-item|p2a: Iron Treads|Choice Scarf|[from] move: Trick
|-item|p1a: Gholdengo|Leftovers|[from] move: Trick
|
|-weather|RainDance|[upkeep]
|upkeep
|turn|6
|
|t:|1760794990
|switch|p1a: Sinistcha|Sinistcha|100/100
|move|p2a: Iron Treads|Volt Switch|p1a: Sinistcha
|-resisted|p1a: Sinistcha
|-damage|p1a: Sinistcha|94/100
|
|t:|1760794999
|-end|p2a: Iron Treads|Quark Drive|[silent]
|switch|p2a: Iron Jugulis|Iron Jugulis|100/100|[from] Volt Switch
|-damage|p2a: Iron Jugulis|76/100|[from] Stealth Rock
|-enditem|p2a: Iron Jugulis|Booster Energy
|-activate|p2a: Iron Jugulis|ability: Quark Drive|[fromitem]
|-start|p2a: Iron Jugulis|quarkdrivespe
|
|-weather|RainDance|[upkeep]
|upkeep
|turn|7
|
|t:|1760795007
|switch|p1a: Samurott|Samurott-Hisui, M|100/100
|move|p2a: Iron Jugulis|Hurricane|p1a: Samurott
|-damage|p1a: Samurott|60/100
|-start|p1a: Samurott|confusion
|
|-weather|RainDance|[upkeep]
|upkeep
|turn|8
|
|t:|1760795036
|-end|p2a: Iron Jugulis|Quark Drive|[silent]
|switch|p2a: Toxicroak|Toxicroak, F|100/100
|-damage|p2a: Toxicroak|94/100|[from] Stealth Rock
|-activate|p1a: Samurott|confusion
|move|p1a: Samurott|Ceaseless Edge|p2a: Toxicroak
|-resisted|p2a: Toxicroak
|-damage|p2a: Toxicroak|74/100
|-damage|p1a: Samurott|44/100|[from] item: Rocky Helmet|[of] p2a: Toxicroak
|-sidestart|p2: Agenothree|Spikes
|
|-weather|none
|upkeep
|turn|9
|
|t:|1760795046
|switch|p1a: Garchomp|Garchomp, M|86/100
|move|p2a: Toxicroak|Drain Punch|p1a: Garchomp
|-damage|p1a: Garchomp|70/100
|-heal|p2a: Toxicroak|83/100|[from] drain|[of] p1a: Garchomp
|-damage|p2a: Toxicroak|71/100|[from] ability: Rough Skin|[of] p1a: Garchomp
|
|upkeep
|turn|10
|
|t:|1760795055
|switch|p2a: Pelipper|Pelipper, M|59/100
|-damage|p2a: Pelipper|35/100|[from] Stealth Rock
|-weather|RainDance|[from] ability: Drizzle|[of] p2a: Pelipper
|move|p1a: Garchomp|Dragon Tail|p2a: Pelipper
|-damage|p2a: Pelipper|9/100
|drag|p2a: Raging Bolt|Raging Bolt|68/100
|-damage|p2a: Raging Bolt|56/100|[from] Stealth Rock
|-damage|p2a: Raging Bolt|44/100|[from] Spikes
|
|-weather|RainDance|[upkeep]
|upkeep
|turn|11
|
|t:|1760795074
|switch|p1a: Gholdengo|Gholdengo|100/100
|move|p2a: Raging Bolt|Draco Meteor|p1a: Gholdengo
|-resisted|p1a: Gholdengo
|-damage|p1a: Gholdengo|33/100
|-unboost|p2a: Raging Bolt|spa|2
|
|-weather|RainDance|[upkeep]
|-heal|p1a: Gholdengo|39/100|[from] item: Leftovers
|upkeep
|turn|12
|
|t:|1760795085
|move|p1a: Gholdengo|Make It Rain|p2a: Raging Bolt
|-resisted|p2a: Raging Bolt
|-damage|p2a: Raging Bolt|19/100
|-unboost|p1a: Gholdengo|spa|1
|move|p2a: Raging Bolt|Draco Meteor|p1a: Gholdengo
|-resisted|p1a: Gholdengo
|-damage|p1a: Gholdengo|4/100
|-unboost|p2a: Raging Bolt|spa|2
|
|-weather|RainDance|[upkeep]
|-heal|p1a: Gholdengo|10/100|[from] item: Leftovers
|upkeep
|turn|13
|
|t:|1760795097
|switch|p1a: Torterra|Torterra, M|100/100
|move|p2a: Raging Bolt|Draco Meteor|p1a: Torterra
|-damage|p1a: Torterra|56/100
|-unboost|p2a: Raging Bolt|spa|2
|
|-weather|RainDance|[upkeep]
|upkeep
|turn|14
|
|t:|1760795106
|-end|p2a: Raging Bolt|Protosynthesis|[silent]
|switch|p2a: Barraskewda|Barraskewda, F|100/100
|-damage|p2a: Barraskewda|88/100|[from] Stealth Rock
|-damage|p2a: Barraskewda|76/100|[from] Spikes
|move|p1a: Torterra|Shell Smash|p1a: Torterra
|-unboost|p1a: Torterra|def|1
|-unboost|p1a: Torterra|spd|1
|-boost|p1a: Torterra|atk|2
|-boost|p1a: Torterra|spa|2
|-boost|p1a: Torterra|spe|2
|
|-weather|RainDance|[upkeep]
|upkeep
|turn|15
|
|t:|1760795123
|switch|p1a: Garchomp|Garchomp, M|70/100
|move|p2a: Barraskewda|Liquidation|p1a: Garchomp
|-damage|p1a: Garchomp|9/100
|-unboost|p1a: Garchomp|def|1
|-damage|p2a: Barraskewda|64/100|[from] ability: Rough Skin|[of] p1a: Garchomp
|
|-weather|RainDance|[upkeep]
|upkeep
|turn|16
|
|t:|1760795132
|move|p2a: Barraskewda|Liquidation|p1a: Garchomp
|-damage|p1a: Garchomp|0 fnt
|-damage|p2a: Barraskewda|52/100|[from] ability: Rough Skin|[of] p1a: Garchomp
|faint|p1a: Garchomp
|
|-weather|RainDance|[upkeep]
|upkeep
|
|t:|1760795142
|switch|p1a: Sinistcha|Sinistcha|94/100
|turn|17
|
|t:|1760795149
|switch|p2a: Raging Bolt|Raging Bolt|19/100
|-damage|p2a: Raging Bolt|7/100|[from] Stealth Rock
|-damage|p2a: Raging Bolt|0 fnt|[from] Spikes
|faint|p2a: Raging Bolt
|-end|p2a: Raging Bolt|Protosynthesis|[silent]
|move|p1a: Sinistcha|Matcha Gotcha|p2: Raging Bolt|[notarget]
|-fail|p1a: Sinistcha
|
|-weather|none
|upkeep
|
|t:|1760795158
|switch|p2a: Pelipper|Pelipper, M|9/100
|-damage|p2a: Pelipper|0 fnt|[from] Stealth Rock
|faint|p2a: Pelipper
|
|t:|1760795163
|switch|p2a: Iron Jugulis|Iron Jugulis|76/100
|-damage|p2a: Iron Jugulis|51/100|[from] Stealth Rock
|turn|18
|
|t:|1760795172
|switch|p1a: Gholdengo|Gholdengo|10/100
|move|p2a: Iron Jugulis|Hurricane|p1a: Gholdengo
|-resisted|p1a: Gholdengo
|-damage|p1a: Gholdengo|0 fnt
|faint|p1a: Gholdengo
|
|upkeep
|
|t:|1760795187
|switch|p1a: Samurott|Samurott-Hisui, M|44/100
|turn|19
|
|t:|1760795201
|-end|p2a: Iron Jugulis|Quark Drive|[silent]
|switch|p2a: Toxicroak|Toxicroak, F|71/100
|-damage|p2a: Toxicroak|65/100|[from] Stealth Rock
|-damage|p2a: Toxicroak|52/100|[from] Spikes
|move|p1a: Samurott|Sucker Punch||[still]
|-fail|p1a: Samurott
|
|upkeep
|turn|20
|
|t:|1760795214
|switch|p1a: Sinistcha|Sinistcha|94/100
|move|p2a: Toxicroak|Drain Punch|p1a: Sinistcha
|-immune|p1a: Sinistcha
|
|upkeep
|turn|21
|
|t:|1760795221
|move|p2a: Toxicroak|Toxic|p1a: Sinistcha
|-status|p1a: Sinistcha|tox
|move|p1a: Sinistcha|Calm Mind|p1a: Sinistcha
|-boost|p1a: Sinistcha|spa|1
|-boost|p1a: Sinistcha|spd|1
|
|-damage|p1a: Sinistcha|88/100 tox|[from] psn
|upkeep
|turn|22
|
|t:|1760795232
|move|p2a: Toxicroak|Encore|p1a: Sinistcha
|-start|p1a: Sinistcha|Encore
|move|p1a: Sinistcha|Calm Mind|p1a: Sinistcha
|-boost|p1a: Sinistcha|spa|1
|-boost|p1a: Sinistcha|spd|1
|
|-damage|p1a: Sinistcha|76/100 tox|[from] psn
|upkeep
|turn|23
|
|t:|1760795240
|switch|p1a: Samurott|Samurott-Hisui, M|44/100
|move|p2a: Toxicroak|Knock Off|p1a: Samurott
|-resisted|p1a: Samurott
|-damage|p1a: Samurott|32/100
|-enditem|p1a: Samurott|Assault Vest|[from] move: Knock Off|[of] p2a: Toxicroak
|
|upkeep
|turn|24
|
|t:|1760795249
|move|p2a: Toxicroak|Drain Punch|p1a: Samurott
|-supereffective|p1a: Samurott
|-damage|p1a: Samurott|0 fnt
|-heal|p2a: Toxicroak|69/100|[from] drain|[of] p1a: Samurott
|faint|p1a: Samurott
|
|upkeep
|
|t:|1760795252
|switch|p1a: Torterra|Torterra, M|56/100
|turn|25
|
|t:|1760795262
|move|p1a: Torterra|Shell Smash|p1a: Torterra
|-unboost|p1a: Torterra|def|1
|-unboost|p1a: Torterra|spd|1
|-boost|p1a: Torterra|atk|2
|-boost|p1a: Torterra|spa|2
|-boost|p1a: Torterra|spe|2
|move|p2a: Toxicroak|Toxic|p1a: Torterra
|-status|p1a: Torterra|tox
|
|-damage|p1a: Torterra|50/100 tox|[from] psn
|upkeep
|turn|26
|
|t:|1760795273
|move|p1a: Torterra|Earthquake|p2a: Toxicroak
|-supereffective|p2a: Toxicroak
|-damage|p2a: Toxicroak|0 fnt
|faint|p2a: Toxicroak
|
|-damage|p1a: Torterra|38/100 tox|[from] psn
|upkeep
|
|t:|1760795289
|switch|p2a: Barraskewda|Barraskewda, F|52/100
|-damage|p2a: Barraskewda|40/100|[from] Stealth Rock
|-damage|p2a: Barraskewda|27/100|[from] Spikes
|turn|27
|
|t:|1760795294
|move|p1a: Torterra|Earthquake|p2a: Barraskewda
|-damage|p2a: Barraskewda|0 fnt
|faint|p2a: Barraskewda
|
|-damage|p1a: Torterra|20/100 tox|[from] psn
|upkeep
|
|t:|1760795304
|switch|p2a: Iron Treads|Iron Treads|85/100
|-damage|p2a: Iron Treads|82/100|[from] Stealth Rock
|-damage|p2a: Iron Treads|70/100|[from] Spikes
|turn|28
|
|t:|1760795313
|-end|p2a: Iron Treads|Quark Drive|[silent]
|switch|p2a: Iron Jugulis|Iron Jugulis|51/100
|-damage|p2a: Iron Jugulis|26/100|[from] Stealth Rock
|move|p1a: Torterra|Earthquake|p2a: Iron Jugulis
|-immune|p2a: Iron Jugulis
|
|-damage|p1a: Torterra|0 fnt|[from] psn
|faint|p1a: Torterra
|upkeep
|
|t:|1760795319
|switch|p1a: Sinistcha|Sinistcha|76/100 tox
|turn|29
|
|t:|1760795326
|-terastallize|p1a: Sinistcha|Water
|move|p2a: Iron Jugulis|Dark Pulse|p1a: Sinistcha
|-damage|p1a: Sinistcha|26/100 tox
|move|p1a: Sinistcha|Strength Sap|p2a: Iron Jugulis
|-unboost|p2a: Iron Jugulis|atk|1
|-heal|p1a: Sinistcha|68/100 tox
|
|-damage|p1a: Sinistcha|62/100 tox|[from] psn
|upkeep
|turn|30
|
|t:|1760795336
|move|p2a: Iron Jugulis|Hurricane|p1a: Sinistcha|[miss]
|-miss|p2a: Iron Jugulis|p1a: Sinistcha
|move|p1a: Sinistcha|Matcha Gotcha|p2a: Iron Jugulis
|-resisted|p2a: Iron Jugulis
|-damage|p2a: Iron Jugulis|7/100
|-heal|p1a: Sinistcha|71/100 tox|[from] drain|[of] p2a: Iron Jugulis
|-status|p2a: Iron Jugulis|brn
|
|-damage|p1a: Sinistcha|59/100 tox|[from] psn
|-damage|p2a: Iron Jugulis|1/100 brn|[from] brn
|upkeep
|turn|31
|
|t:|1760795349
|move|p2a: Iron Jugulis|Hurricane|p1a: Sinistcha|[miss]
|-miss|p2a: Iron Jugulis|p1a: Sinistcha
|move|p1a: Sinistcha|Strength Sap|p2a: Iron Jugulis
|-unboost|p2a: Iron Jugulis|atk|1
|-heal|p1a: Sinistcha|87/100 tox
|
|-damage|p1a: Sinistcha|69/100 tox|[from] psn
|-damage|p2a: Iron Jugulis|0 fnt|[from] brn
|faint|p2a: Iron Jugulis
|-end|p2a: Iron Jugulis|Quark Drive|[silent]
|upkeep
|
|t:|1760795359
|switch|p2a: Iron Treads|Iron Treads|70/100
|-damage|p2a: Iron Treads|67/100|[from] Stealth Rock
|-damage|p2a: Iron Treads|55/100|[from] Spikes
|turn|32
|
|t:|1760795379
|move|p2a: Iron Treads|Earthquake|p1a: Sinistcha
|-damage|p1a: Sinistcha|46/100 tox
|move|p1a: Sinistcha|Matcha Gotcha|p2a: Iron Treads
|-crit|p2a: Iron Treads
|-damage|p2a: Iron Treads|16/100
|-heal|p1a: Sinistcha|68/100 tox|[from] drain|[of] p2a: Iron Treads
|
|-damage|p1a: Sinistcha|43/100 tox|[from] psn
|upkeep
|turn|33
|
|t:|1760795390
|move|p2a: Iron Treads|Earthquake|p1a: Sinistcha
|-damage|p1a: Sinistcha|18/100 tox
|move|p1a: Sinistcha|Shadow Ball|p2a: Iron Treads
|-damage|p2a: Iron Treads|0 fnt
|faint|p2a: Iron Treads
|-end|p2a: Iron Treads|Quark Drive|[silent]
|
|win|Igoodnamename
|raw|Igoodnamename's rating: 1344 &rarr; <strong>1366</strong><br />(+22 for winning)
|raw|Agenothree's rating: 1376 &rarr; <strong>1354</strong><br />(-22 for losing)
|l|☆Igoodnamename
|player|p1|
|l|☆Agenothree
|player|p2|
