|j|☆eucalipto69!
|j|☆cxksz666
|t:|1760838348
|gametype|singles
|player|p1|eucalipto69!|266|1240
|player|p2|cxksz666|red|1314
|gen|9
|tier|[Gen 9] OU
|rated|
|rule|HP Percentage Mod: HP is shown in percentages
|rule|Endless Battle Clause: Forcing endless battles is banned
|rule|Species Clause: Limit one of each Pokémon
|rule|OHKO Clause: OHKO moves are banned
|rule|Evasion Items Clause: Evasion items are banned
|rule|Evasion Moves Clause: Evasion moves are banned
|rule|Evasion Abilities Clause: Evasion abilities are banned
|rule|Sleep Moves Clause: Sleep-inducing moves are banned
|clearpoke
|poke|p1|Clefable, M|
|poke|p1|Dragonite, M|
|poke|p1|Scrafty, F|
|poke|p1|Meganium, M|
|poke|p1|Pyroar, M|
|poke|p1|Skarmory, M|
|poke|p2|Gengar, M|
|poke|p2|Kleavor, M|
|poke|p2|Umbreon, M|
|poke|p2|Snorlax, M|
|poke|p2|Kricketune, M|
|poke|p2|Garchomp, M|
|teampreview
|c|☆cxksz666|哇哦
|
|t:|1760838387
|teamsize|p1|6
|teamsize|p2|6
|start
|switch|p1a: Scrafty|Scrafty, F|100/100
|switch|p2a: Kleavor|Kleavor, M|100/100
|-ability|p1a: Scrafty|Intimidate|boost
|-unboost|p2a: Kleavor|atk|1
|turn|1
|inactive|Battle timer is ON: inactive players will automatically lose when time's up. (requested by eucalipto69!)
|
|t:|1760838396
|move|p1a: Scrafty|Fake Out|p2a: Kleavor
|-resisted|p2a: Kleavor
|-damage|p2a: Kleavor|93/100
|cant|p2a: Kleavor|flinch
|
|upkeep
|turn|2
|
|t:|1760838402
|move|p2a: Kleavor|Close Combat|p1a: Scrafty
|-supereffective|p1a: Scrafty
|-damage|p1a: Scrafty|41/100
|-unboost|p2a: Kleavor|def|1
|-unboost|p2a: Kleavor|spd|1
|move|p1a: Scrafty|Drain Punch|p2a: Kleavor
|-damage|p2a: Kleavor|27/100
|-heal|p1a: Scrafty|68/100|[from] drain|[of] p2a: Kleavor
|
|upkeep
|turn|3
|
|t:|1760838415
|switch|p1a: Dragonite|Dragonite, M|100/100
|move|p2a: Kleavor|Close Combat|p1a: Dragonite
|-resisted|p1a: Dragonite
|-damage|p1a: Dragonite|92/100
|-unboost|p2a: Kleavor|def|1
|-unboost|p2a: Kleavor|spd|1
|
|upkeep
|turn|4
|
|t:|1760838426
|switch|p2a: Umbreon|Umbreon, M|100/100
|move|p1a: Dragonite|Extreme Speed|p2a: Umbreon
|-damage|p2a: Umbreon|82/100
|
|upkeep
|turn|5
|
|t:|1760838436
|switch|p1a: Skarmory|Skarmory, M|100/100
|move|p2a: Umbreon|Foul Play|p1a: Skarmory
|-damage|p1a: Skarmory|83/100
|-damage|p2a: Umbreon|65/100|[from] item: Rocky Helmet|[of] p1a: Skarmory
|
|upkeep
|turn|6
|
|t:|1760838445
|switch|p2a: Gengar|Gengar, M|100/100
|move|p1a: Skarmory|Stealth Rock|p2a: Gengar
|-sidestart|p2: cxksz666|move: Stealth Rock
|
|upkeep
|turn|7
|
|t:|1760838452
|switch|p1a: Scrafty|Scrafty, F|68/100
|-ability|p1a: Scrafty|Intimidate|boost
|-unboost|p2a: Gengar|atk|1
|move|p2a: Gengar|Thunder Wave|p1a: Scrafty
|-status|p1a: Scrafty|par
|
|upkeep
|turn|8
|
|t:|1760838462
|move|p2a: Gengar|Sludge Bomb|p1a: Scrafty
|-damage|p1a: Scrafty|42/100 par
|move|p1a: Scrafty|Knock Off|p2a: Gengar
|-supereffective|p2a: Gengar
|-enditem|p2a: Gengar|Focus Sash
|-damage|p2a: Gengar|1/100
|-start|p1a: Scrafty|Disable|Knock Off|[from] ability: Cursed Body|[of] p2a: Gengar
|
|upkeep
|turn|9
|
|t:|1760838472
|move|p2a: Gengar|Sludge Bomb|p1a: Scrafty
|-damage|p1a: Scrafty|12/100 par
|move|p1a: Scrafty|Ice Punch|p2a: Gengar
|-damage|p2a: Gengar|0 fnt
|faint|p2a: Gengar
|
|upkeep
|
|t:|1760838480
|switch|p2a: Kleavor|Kleavor, M|27/100
|-damage|p2a: Kleavor|2/100|[from] Stealth Rock
|turn|10
|
|t:|1760838484
|switch|p1a: Skarmory|Skarmory, M|83/100
|move|p2a: Kleavor|Stone Axe|p1a: Skarmory
|-damage|p1a: Skarmory|51/100
|-damage|p2a: Kleavor|0 fnt|[from] item: Rocky Helmet|[of] p1a: Skarmory
|faint|p2a: Kleavor
|
|upkeep
|
|t:|1760838499
|switch|p2a: Snorlax|Snorlax, M|100/100
|-damage|p2a: Snorlax|88/100|[from] Stealth Rock
|turn|11
|
|t:|1760838505
|move|p1a: Skarmory|Body Press|p2a: Snorlax
|-supereffective|p2a: Snorlax
|-damage|p2a: Snorlax|43/100
|move|p2a: Snorlax|Supercell Slam|p1a: Skarmory
|-supereffective|p1a: Skarmory
|-damage|p1a: Skarmory|0 fnt
|-damage|p2a: Snorlax|27/100|[from] item: Rocky Helmet|[of] p1a: Skarmory
|faint|p1a: Skarmory
|
|upkeep
|
|t:|1760838515
|switch|p1a: Dragonite|Dragonite, M|92/100
|turn|12
|
|t:|1760838520
|move|p1a: Dragonite|Earthquake|p2a: Snorlax
|-damage|p2a: Snorlax|0 fnt
|faint|p2a: Snorlax
|
|upkeep
|
|t:|1760838525
|switch|p2a: Garchomp|Garchomp, M|100/100
|-damage|p2a: Garchomp|94/100|[from] Stealth Rock
|turn|13
|
|t:|1760838537
|switch|p1a: Scrafty|Scrafty, F|12/100 par
|-ability|p1a: Scrafty|Intimidate|boost
|-unboost|p2a: Garchomp|atk|1
|-terastallize|p2a: Garchomp|Water
|move|p2a: Garchomp|Swords Dance|p2a: Garchomp
|-boost|p2a: Garchomp|atk|2
|
|upkeep
|turn|14
|
|t:|1760838546
|cant|p1a: Scrafty|par
|move|p2a: Garchomp|Swords Dance|p2a: Garchomp
|-boost|p2a: Garchomp|atk|2
|
|upkeep
|turn|15
|
|t:|1760838558
|switch|p1a: Clefable|Clefable, M|100/100
|move|p2a: Garchomp|Liquidation|p1a: Clefable
|-damage|p1a: Clefable|0 fnt
|faint|p1a: Clefable
|
|upkeep
|
|t:|1760838570
|switch|p1a: Scrafty|Scrafty, F|12/100 par
|-ability|p1a: Scrafty|Intimidate|boost
|-unboost|p2a: Garchomp|atk|1
|turn|16
|
|t:|1760838575
|move|p1a: Scrafty|Fake Out|p2a: Garchomp
|-damage|p2a: Garchomp|83/100
|-damage|p1a: Scrafty|0 fnt|[from] ability: Rough Skin|[of] p2a: Garchomp
|faint|p1a: Scrafty
|cant|p2a: Garchomp|flinch
|
|upkeep
|
|t:|1760838593
|switch|p1a: Meganium|Meganium, M|100/100
|turn|17
|
|t:|1760838598
|move|p2a: Garchomp|Scale Shot|p1a: Meganium
|-damage|p1a: Meganium|75/100
|-damage|p1a: Meganium|50/100
|-crit|p1a: Meganium
|-damage|p1a: Meganium|15/100
|-damage|p1a: Meganium|0 fnt
|faint|p1a: Meganium
|-hitcount|p1: Meganium|4
|-unboost|p2a: Garchomp|def|1
|-boost|p2a: Garchomp|spe|1
|
|upkeep
|
|t:|1760838611
|switch|p1a: Pyroar|Pyroar, M|100/100
|-ability|p1a: Pyroar|Unnerve
|turn|18
|
|t:|1760838624
|move|p1a: Pyroar|Tera Blast|p2a: Garchomp
|-damage|p2a: Garchomp|44/100
|move|p2a: Garchomp|Earthquake|p1a: Pyroar
|-supereffective|p1a: Pyroar
|-damage|p1a: Pyroar|0 fnt
|faint|p1a: Pyroar
|
|upkeep
|
|t:|1760838629
|switch|p1a: Dragonite|Dragonite, M|92/100
|turn|19
|
|t:|1760838635
|-terastallize|p1a: Dragonite|Normal
|move|p1a: Dragonite|Extreme Speed|p2a: Garchomp
|-damage|p2a: Garchomp|0 fnt
|-damage|p1a: Dragonite|79/100|[from] ability: Rough Skin|[of] p2a: Garchomp
|faint|p2a: Garchomp
|
|upkeep
|
|t:|1760838643
|switch|p2a: Umbreon|Umbreon, M|65/100
|-damage|p2a: Umbreon|53/100|[from] Stealth Rock
|turn|20
|
|t:|1760838649
|move|p1a: Dragonite|Extreme Speed|p2a: Umbreon
|-damage|p2a: Umbreon|24/100
|move|p2a: Umbreon|Foul Play|p1a: Dragonite
|-damage|p1a: Dragonite|13/100
|
|upkeep
|turn|21
|
|t:|1760838656
|move|p1a: Dragonite|Extreme Speed|p2a: Umbreon
|-damage|p2a: Umbreon|0 fnt
|faint|p2a: Umbreon
|
|upkeep
|
|t:|1760838662
|switch|p2a: Kricketune|Kricketune, M|100/100
|-damage|p2a: Kricketune|75/100|[from] Stealth Rock
|turn|22
|
|t:|1760838668
|move|p1a: Dragonite|Roost|p1a: Dragonite
|-heal|p1a: Dragonite|63/100
|move|p2a: Kricketune|Knock Off|p1a: Dragonite
|-damage|p1a: Dragonite|21/100
|-enditem|p1a: Dragonite|Heavy-Duty Boots|[from] move: Knock Off|[of] p2a: Kricketune
|-damage|p2a: Kricketune|66/100|[from] item: Life Orb
|
|upkeep
|turn|23
|
|t:|1760838676
|move|p1a: Dragonite|Roost|p1a: Dragonite
|-heal|p1a: Dragonite|71/100
|move|p2a: Kricketune|Knock Off|p1a: Dragonite
|-damage|p1a: Dragonite|46/100
|-damage|p2a: Kricketune|56/100|[from] item: Life Orb
|
|upkeep
|turn|24
|
|t:|1760838690
|move|p1a: Dragonite|Roost|p1a: Dragonite
|-heal|p1a: Dragonite|96/100
|move|p2a: Kricketune|Fell Stinger|p1a: Dragonite
|-damage|p1a: Dragonite|51/100
|-damage|p2a: Kricketune|46/100|[from] item: Life Orb
|
|upkeep
|turn|25
|
|t:|1760838697
|move|p1a: Dragonite|Extreme Speed|p2a: Kricketune
|-crit|p2a: Kricketune
|-damage|p2a: Kricketune|0 fnt
|faint|p2a: Kricketune
|
|win|eucalipto69!
|raw|eucalipto69!'s rating: 1240 &rarr; <strong>1270</strong><br />(+30 for winning)
|raw|cxksz666's rating: 1314 &rarr; <strong>1290</strong><br />(-24 for losing)
|l|☆eucalipto69!
|player|p1|
|l|☆cxksz666
|player|p2|
