|j|☆esta man oe
|j|☆infinitehappiness
|t:|1760799111
|gametype|singles
|player|p1|esta man oe|preschooler|1146
|player|p2|infinitehappiness|pokemonbreeder-gen4|1094
|gen|9
|tier|[Gen 9] OU
|rated|
|rule|HP Percentage Mod: HP is shown in percentages
|rule|Endless Battle Clause: Forcing endless battles is banned
|rule|Species Clause: Limit one of each Pokémon
|rule|OHKO Clause: OHKO moves are banned
|rule|Evasion Items Clause: Evasion items are banned
|rule|Evasion Moves Clause: Evasion moves are banned
|rule|Evasion Abilities Clause: Evasion abilities are banned
|rule|Sleep Moves Clause: Sleep-inducing moves are banned
|clearpoke
|poke|p1|Torkoal, M|
|poke|p1|Pelipper, M|
|poke|p1|Raging Bolt|
|poke|p1|Walking Wake|
|poke|p1|Alomomola, F|
|poke|p1|Corviknight, M|
|poke|p2|Meganium, F|
|poke|p2|Chandelure, M|
|poke|p2|Klefki, F|
|poke|p2|Persian-Alola, M|
|poke|p2|Gyarados, F|
|poke|p2|Komala, F|
|teampreview
|inactive|Battle timer is ON: inactive players will automatically lose when time's up. (requested by esta man oe)
|
|t:|1760799117
|teamsize|p1|6
|teamsize|p2|6
|start
|switch|p1a: Raging Bolt|Raging Bolt|100/100
|switch|p2a: Persian|Persian-Alola, M|100/100
|turn|1
|
|t:|1760799123
|-end|p1a: Raging Bolt|Protosynthesis|[silent]
|switch|p1a: Corviknight|Corviknight, M|100/100
|move|p2a: Persian|U-turn|p1a: Corviknight
|-resisted|p1a: Corviknight
|-damage|p1a: Corviknight|99/100
|-damage|p2a: Persian|84/100|[from] item: Rocky Helmet|[of] p1a: Corviknight
|
|t:|1760799132
|switch|p2a: Chandelure|Chandelure, M|100/100|[from] U-turn
|
|upkeep
|turn|2
|
|t:|1760799137
|switch|p1a: Alomomola|Alomomola, F|100/100
|move|p2a: Chandelure|Flamethrower|p1a: Alomomola
|-resisted|p1a: Alomomola
|-damage|p1a: Alomomola|83/100
|
|upkeep
|turn|3
|
|t:|1760799148
|switch|p2a: Klefki|Klefki, F|100/100
|move|p1a: Alomomola|Flip Turn|p2a: Klefki
|-damage|p2a: Klefki|86/100
|-damage|p1a: Alomomola|66/100|[from] item: Rocky Helmet|[of] p2a: Klefki
|
|t:|1760799154
|switch|p1a: Torkoal|Torkoal, M|100/100|[from] Flip Turn
|-weather|SunnyDay|[from] ability: Drought|[of] p1a: Torkoal
|
|-weather|SunnyDay|[upkeep]
|upkeep
|turn|4
|
|t:|1760799161
|move|p2a: Klefki|Thunder Wave|p1a: Torkoal
|-status|p1a: Torkoal|par
|move|p1a: Torkoal|Lava Plume|p2a: Klefki
|-supereffective|p2a: Klefki
|-damage|p2a: Klefki|0 fnt
|faint|p2a: Klefki
|
|-weather|SunnyDay|[upkeep]
|upkeep
|
|t:|1760799170
|switch|p2a: Kaidos|Gyarados, F|100/100
|-ability|p2a: Kaidos|Intimidate|boost
|-unboost|p1a: Torkoal|atk|1
|turn|5
|
|t:|1760799176
|move|p2a: Kaidos|Waterfall|p1a: Torkoal
|-supereffective|p1a: Torkoal
|-damage|p1a: Torkoal|66/100 par
|-damage|p2a: Kaidos|91/100|[from] item: Life Orb
|cant|p1a: Torkoal|flinch
|
|-weather|SunnyDay|[upkeep]
|upkeep
|turn|6
|
|t:|1760799186
|-terastallize|p2a: Kaidos|Water
|move|p2a: Kaidos|Waterfall|p1a: Torkoal
|-supereffective|p1a: Torkoal
|-damage|p1a: Torkoal|26/100 par
|-damage|p2a: Kaidos|81/100|[from] item: Life Orb
|move|p1a: Torkoal|Will-O-Wisp|p2a: Kaidos|[miss]
|-miss|p1a: Torkoal|p2a: Kaidos
|
|-weather|SunnyDay|[upkeep]
|upkeep
|turn|7
|
|t:|1760799196
|switch|p1a: Alomomola|Alomomola, F|99/100
|move|p2a: Kaidos|Dragon Dance|p2a: Kaidos
|-boost|p2a: Kaidos|atk|1
|-boost|p2a: Kaidos|spe|1
|
|-weather|SunnyDay|[upkeep]
|upkeep
|turn|8
|
|t:|1760799206
|move|p2a: Kaidos|Crunch|p1a: Alomomola
|-damage|p1a: Alomomola|58/100
|-damage|p2a: Kaidos|71/100|[from] item: Life Orb
|move|p1a: Alomomola|Healing Wish|p1a: Alomomola
|faint|p1a: Alomomola
|
|-weather|SunnyDay|[upkeep]
|upkeep
|
|t:|1760799208
|switch|p1a: Torkoal|Torkoal, M|26/100 par
|-heal|p1a: Torkoal|100/100|[from] move: Healing Wish
|turn|9
|
|t:|1760799217
|-terastallize|p1a: Torkoal|Grass
|move|p2a: Kaidos|Waterfall|p1a: Torkoal
|-resisted|p1a: Torkoal
|-damage|p1a: Torkoal|84/100
|-damage|p2a: Kaidos|61/100|[from] item: Life Orb
|cant|p1a: Torkoal|flinch
|
|-weather|SunnyDay|[upkeep]
|upkeep
|turn|10
|
|t:|1760799231
|switch|p2a: Chandelure|Chandelure, M|100/100
|move|p1a: Torkoal|Will-O-Wisp|p2a: Chandelure
|-start|p2a: Chandelure|ability: Flash Fire
|
|-weather|none
|upkeep
|turn|11
|
|t:|1760799241
|switch|p1a: Pelipper|Pelipper, M|100/100
|-weather|RainDance|[from] ability: Drizzle|[of] p1a: Pelipper
|move|p2a: Chandelure|Flamethrower|p1a: Pelipper
|-resisted|p1a: Pelipper
|-damage|p1a: Pelipper|75/100
|
|-weather|RainDance|[upkeep]
|upkeep
|turn|12
|
|t:|1760799252
|-end|p2a: Chandelure|ability: Flash Fire|[silent]
|switch|p2a: Meganium|Meganium, F|100/100
|move|p1a: Pelipper|U-turn|p2a: Meganium
|-supereffective|p2a: Meganium
|-damage|p2a: Meganium|85/100
|
|t:|1760799258
|switch|p1a: Torkoal|Torkoal, M, tera:Grass|84/100|[from] U-turn
|-weather|SunnyDay|[from] ability: Drought|[of] p1a: Torkoal
|
|-weather|SunnyDay|[upkeep]
|-heal|p2a: Meganium|91/100|[from] item: Leftovers
|upkeep
|turn|13
|
|t:|1760799288
|switch|p2a: Persian|Persian-Alola, M|84/100
|move|p1a: Torkoal|Stealth Rock|p2a: Persian
|-sidestart|p2: infinitehappiness|move: Stealth Rock
|
|-weather|SunnyDay|[upkeep]
|upkeep
|turn|14
|
|t:|1760799303
|switch|p1a: Corviknight|Corviknight, M|99/100
|move|p2a: Persian|Shadow Ball|p1a: Corviknight
|-damage|p1a: Corviknight|80/100
|
|-weather|SunnyDay|[upkeep]
|upkeep
|turn|15
|
|t:|1760799311
|move|p2a: Persian|Thunderbolt|p1a: Corviknight
|-supereffective|p1a: Corviknight
|-damage|p1a: Corviknight|39/100
|move|p1a: Corviknight|U-turn|p2a: Persian
|-supereffective|p2a: Persian
|-damage|p2a: Persian|56/100
|
|t:|1760799316
|switch|p1a: Raging Bolt|Raging Bolt|100/100|[from] U-turn
|-activate|p1a: Raging Bolt|ability: Protosynthesis
|-start|p1a: Raging Bolt|protosynthesisspa
|
|-weather|SunnyDay|[upkeep]
|upkeep
|turn|16
|
|t:|1760799324
|move|p1a: Raging Bolt|Volt Switch|p2a: Persian
|-damage|p2a: Persian|0 fnt
|faint|p2a: Persian
|
|t:|1760799329
|-end|p1a: Raging Bolt|Protosynthesis|[silent]
|switch|p1a: Walking Wake|Walking Wake|100/100|[from] Volt Switch
|-activate|p1a: Walking Wake|ability: Protosynthesis
|-start|p1a: Walking Wake|protosynthesisspa
|
|-weather|SunnyDay|[upkeep]
|upkeep
|-message|infinitehappiness forfeited.
|
|win|esta man oe
|raw|esta man oe's rating: 1146 &rarr; <strong>1167</strong><br />(+21 for winning)
|raw|infinitehappiness's rating: 1094 &rarr; <strong>1073</strong><br />(-21 for losing)
|l|☆infinitehappiness
|player|p2|
