|badge|p2|bronze|gen9ou|100-7
|uhtml|medal-msg|<div class="broadcast-blue">Curious what those medals under the avatar are? PS now has Ladder Seasons! For more information, check out the <a href="https://www.smogon.com/forums/threads/3740067/">thread on Smogon.</a></div>
|j|☆Quiero mucho a Mar
|j|☆Ho3nConfirm3d
|t:|1760818257
|gametype|singles
|player|p1|Quiero mucho a Mar|firebreather-gen2|1766
|player|p2|Ho3nConfirm3d|#scl5shoguns|1866
|gen|9
|tier|[Gen 9] OU
|rated|
|rule|HP Percentage Mod: HP is shown in percentages
|rule|Endless Battle Clause: Forcing endless battles is banned
|rule|Species Clause: Limit one of each Pokémon
|rule|OHKO Clause: OHKO moves are banned
|rule|Evasion Items Clause: Evasion items are banned
|rule|Evasion Moves Clause: Evasion moves are banned
|rule|Evasion Abilities Clause: Evasion abilities are banned
|rule|Sleep Moves Clause: Sleep-inducing moves are banned
|clearpoke
|poke|p1|Yanmega, F|
|poke|p1|Great Tusk|
|poke|p1|Kyurem|
|poke|p1|Ogerpon-Wellspring, F|
|poke|p1|Ting-Lu|
|poke|p1|Hatterene, F|
|poke|p2|Gholdengo|
|poke|p2|Ting-Lu|
|poke|p2|Primarina, M|
|poke|p2|Dragonite, M|
|poke|p2|Zamazenta-*|
|poke|p2|Glimmora, M|
|teampreview
|inactive|Battle timer is ON: inactive players will automatically lose when time's up. (requested by Ho3nConfirm3d)
|inactive|Quiero mucho a Mar has 120 seconds left.
|inactive|Ho3nConfirm3d has 120 seconds left.
|j| egalvanc
|inactive|Ho3nConfirm3d has 90 seconds left.
|l| egalvanc
|
|t:|1760818335
|teamsize|p1|6
|teamsize|p2|6
|start
|switch|p1a: Ogerpon|Ogerpon-Wellspring, F|100/100
|switch|p2a: Primarina|Primarina, M|100/100
|turn|1
|
|t:|1760818345
|switch|p2a: Zamazenta|Zamazenta|100/100
|-ability|p2a: Zamazenta|Dauntless Shield|boost
|-boost|p2a: Zamazenta|def|1
|move|p1a: Ogerpon|Power Whip|p2a: Zamazenta
|-damage|p2a: Zamazenta|65/100
|
|upkeep
|turn|2
|
|t:|1760818351
|switch|p1a: Great Tusk|Great Tusk|100/100
|move|p2a: Zamazenta|Body Press|p1a: Great Tusk
|-damage|p1a: Great Tusk|66/100
|-damage|p2a: Zamazenta|49/100|[from] item: Rocky Helmet|[of] p1a: Great Tusk
|
|upkeep
|turn|3
|
|t:|1760818360
|move|p2a: Zamazenta|Body Press|p1a: Great Tusk
|-damage|p1a: Great Tusk|29/100
|-damage|p2a: Zamazenta|32/100|[from] item: Rocky Helmet|[of] p1a: Great Tusk
|move|p1a: Great Tusk|Stealth Rock|p2a: Zamazenta
|-sidestart|p2: Ho3nConfirm3d|move: Stealth Rock
|
|upkeep
|turn|4
|
|t:|1760818363
|-end|p1a: Great Tusk|Protosynthesis|[silent]
|switch|p1a: Hatterene|Hatterene, F|100/100
|move|p2a: Zamazenta|Rest|p2a: Zamazenta
|-status|p2a: Zamazenta|slp|[from] move: Rest
|-heal|p2a: Zamazenta|100/100 slp|[silent]
|-enditem|p2a: Zamazenta|Chesto Berry|[eat]
|-curestatus|p2a: Zamazenta|slp|[msg]
|
|upkeep
|turn|5
|
|t:|1760818366
|switch|p2a: Ting-Lu|Ting-Lu|100/100
|-damage|p2a: Ting-Lu|94/100|[from] Stealth Rock
|-ability|p2a: Ting-Lu|Vessel of Ruin
|move|p1a: Hatterene|Psychic Noise|p2a: Ting-Lu
|-immune|p2a: Ting-Lu
|
|upkeep
|turn|6
|
|t:|1760818370
|move|p2a: Ting-Lu|Ruination|p1a: Hatterene
|-damage|p1a: Hatterene|50/100
|move|p1a: Hatterene|Draining Kiss|p2a: Ting-Lu
|-supereffective|p2a: Ting-Lu
|-damage|p2a: Ting-Lu|72/100
|-heal|p1a: Hatterene|78/100|[from] drain|[of] p2a: Ting-Lu
|-damage|p1a: Hatterene|61/100|[from] item: Rocky Helmet|[of] p2a: Ting-Lu
|
|upkeep
|turn|7
|
|t:|1760818377
|switch|p2a: Gholdengo|Gholdengo|100/100
|-damage|p2a: Gholdengo|94/100|[from] Stealth Rock
|switch|p1a: Ogerpon|Ogerpon-Wellspring, F|100/100
|
|upkeep
|turn|8
|
|t:|1760818395
|move|p2a: Gholdengo|Shadow Ball|p1a: Ogerpon
|-damage|p1a: Ogerpon|46/100
|move|p1a: Ogerpon|Ivy Cudgel|p2a: Gholdengo|[anim] Ivy Cudgel Water
|-damage|p2a: Gholdengo|26/100
|
|upkeep
|turn|9
|
|t:|1760818402
|switch|p2a: Zamazenta|Zamazenta|100/100
|-damage|p2a: Zamazenta|94/100|[from] Stealth Rock
|switch|p1a: Ting-Lu|Ting-Lu|100/100
|-ability|p1a: Ting-Lu|Vessel of Ruin
|
|upkeep
|turn|10
|
|t:|1760818405
|switch|p2a: Gholdengo|Gholdengo|26/100
|-damage|p2a: Gholdengo|20/100|[from] Stealth Rock
|switch|p1a: Hatterene|Hatterene, F|61/100
|
|upkeep
|turn|11
|
|t:|1760818411
|switch|p1a: Ogerpon|Ogerpon-Wellspring, F|46/100
|move|p2a: Gholdengo|Recover|p2a: Gholdengo
|-heal|p2a: Gholdengo|70/100
|
|upkeep
|turn|12
|
|t:|1760818416
|switch|p2a: Zamazenta|Zamazenta|94/100
|-damage|p2a: Zamazenta|88/100|[from] Stealth Rock
|move|p1a: Ogerpon|Ivy Cudgel|p2a: Zamazenta|[anim] Ivy Cudgel Water
|-damage|p2a: Zamazenta|44/100
|
|upkeep
|turn|13
|
|t:|1760818420
|switch|p1a: Hatterene|Hatterene, F|61/100
|move|p2a: Zamazenta|Crunch|p1a: Hatterene
|-damage|p1a: Hatterene|42/100
|
|upkeep
|turn|14
|
|t:|1760818429
|switch|p2a: Glimmora|Glimmora, M|100/100
|-damage|p2a: Glimmora|88/100|[from] Stealth Rock
|move|p1a: Hatterene|Draining Kiss|p2a: Glimmora
|-resisted|p2a: Glimmora
|-damage|p2a: Glimmora|72/100
|-heal|p1a: Hatterene|54/100|[from] drain|[of] p2a: Glimmora
|
|upkeep
|turn|15
|
|t:|1760818432
|move|p2a: Glimmora|Meteor Beam||[still]
|-prepare|p2a: Glimmora|Meteor Beam
|-boost|p2a: Glimmora|spa|1
|-enditem|p2a: Glimmora|Power Herb
|-anim|p2a: Glimmora|Meteor Beam|p1a: Hatterene
|-damage|p1a: Hatterene|0 fnt
|faint|p1a: Hatterene
|
|upkeep
|
|t:|1760818436
|switch|p1a: Kyurem|Kyurem|100/100
|-ability|p1a: Kyurem|Pressure
|turn|16
|
|t:|1760818441
|switch|p2a: Primarina|Primarina, M|100/100
|-damage|p2a: Primarina|88/100|[from] Stealth Rock
|move|p1a: Kyurem|Earth Power|p2a: Primarina
|-damage|p2a: Primarina|69/100
|
|upkeep
|turn|17
|j| RIPhomieqwan
|
|t:|1760818457
|move|p1a: Kyurem|Freeze-Dry|p2a: Primarina
|-supereffective|p2a: Primarina
|-damage|p2a: Primarina|19/100
|move|p2a: Primarina|Moonblast|p1a: Kyurem
|-supereffective|p1a: Kyurem
|-damage|p1a: Kyurem|0 fnt
|faint|p1a: Kyurem
|
|upkeep
|
|t:|1760818460
|switch|p1a: Ogerpon|Ogerpon-Wellspring, F|46/100
|turn|18
|inactive|Ho3nConfirm3d has 120 seconds left.
|
|t:|1760818493
|move|p1a: Ogerpon|Ivy Cudgel|p2a: Primarina|[anim] Ivy Cudgel Water
|-resisted|p2a: Primarina
|-crit|p2a: Primarina
|-damage|p2a: Primarina|0 fnt
|faint|p2a: Primarina
|
|upkeep
|
|t:|1760818495
|switch|p2a: Dragonite|Dragonite, M|100/100
|turn|19
|
|t:|1760818508
|move|p1a: Ogerpon|U-turn|p2a: Dragonite
|-resisted|p2a: Dragonite
|-damage|p2a: Dragonite|92/100
|
|t:|1760818510
|switch|p1a: Great Tusk|Great Tusk|29/100|[from] U-turn
|move|p2a: Dragonite|Dragon Dance|p2a: Dragonite
|-boost|p2a: Dragonite|atk|1
|-boost|p2a: Dragonite|spe|1
|
|upkeep
|turn|20
|
|t:|1760818527
|-terastallize|p2a: Dragonite|Fairy
|move|p2a: Dragonite|Dragon Dance|p2a: Dragonite
|-boost|p2a: Dragonite|atk|1
|-boost|p2a: Dragonite|spe|1
|move|p1a: Great Tusk|Ice Spinner|p2a: Dragonite
|-crit|p2a: Dragonite
|-damage|p2a: Dragonite|50/100
|
|upkeep
|turn|21
|
|t:|1760818554
|move|p2a: Dragonite|Earthquake|p1a: Great Tusk
|-damage|p1a: Great Tusk|0 fnt
|faint|p1a: Great Tusk
|-end|p1a: Great Tusk|Protosynthesis|[silent]
|
|upkeep
|
|t:|1760818562
|switch|p1a: Ting-Lu|Ting-Lu|100/100
|-ability|p1a: Ting-Lu|Vessel of Ruin
|turn|22
|
|t:|1760818565
|move|p2a: Dragonite|Tera Blast|p1a: Ting-Lu|[anim] Tera Blast Fairy
|-supereffective|p1a: Ting-Lu
|-crit|p1a: Ting-Lu
|-damage|p1a: Ting-Lu|0 fnt
|faint|p1a: Ting-Lu
|
|upkeep
|-message|Quiero mucho a Mar forfeited.
|
|win|Ho3nConfirm3d
|raw|Quiero mucho a Mar's rating: 1745 &rarr; <strong>1732</strong><br />(-13 for losing)
|raw|Ho3nConfirm3d's rating: 1879 &rarr; <strong>1892</strong><br />(+13 for winning)
|l|☆Quiero mucho a Mar
|player|p1|
