|j|☆ArbysDealer23
|j|☆galinaito
|t:|1760885508
|gametype|singles
|player|p1|ArbysDealer23|nessa|1308
|player|p2|galinaito|nate|1262
|gen|9
|tier|[Gen 9] OU
|rated|
|rule|HP Percentage Mod: HP is shown in percentages
|rule|Endless Battle Clause: Forcing endless battles is banned
|rule|Species Clause: Limit one of each Pokémon
|rule|OHKO Clause: OHKO moves are banned
|rule|Evasion Items Clause: Evasion items are banned
|rule|Evasion Moves Clause: Evasion moves are banned
|rule|Evasion Abilities Clause: Evasion abilities are banned
|rule|Sleep Moves Clause: Sleep-inducing moves are banned
|clearpoke
|poke|p1|Hatterene, F|
|poke|p1|Ursaluna, F|
|poke|p1|Glastrier|
|poke|p1|Corviknight, M|
|poke|p1|Slowking-Galar, M|
|poke|p1|Dondozo, M|
|poke|p2|Scrafty, F|
|poke|p2|Zoroark-Hisui, M|
|poke|p2|Araquanid, M|
|poke|p2|Ursaluna, F|
|poke|p2|Scizor, F|
|poke|p2|Cinderace, M|
|teampreview
|
|t:|1760885516
|teamsize|p1|6
|teamsize|p2|6
|start
|switch|p1a: Mrs. Boomington|Hatterene, F|100/100
|switch|p2a: Araquanid|Araquanid, M|100/100
|turn|1
|inactive|Battle timer is ON: inactive players will automatically lose when time's up. (requested by ArbysDealer23)
|
|t:|1760885523
|move|p2a: Araquanid|Liquidation|p1a: Mrs. Boomington
|-damage|p1a: Mrs. Boomington|41/100
|move|p1a: Mrs. Boomington|Trick Room|p1a: Mrs. Boomington
|-fieldstart|move: Trick Room|[of] p1a: Mrs. Boomington
|
|upkeep
|turn|2
|
|t:|1760885530
|move|p1a: Mrs. Boomington|Healing Wish|p1a: Mrs. Boomington
|faint|p1a: Mrs. Boomington
|move|p2a: Araquanid|Liquidation|p1: Mrs. Boomington|[notarget]
|-fail|p2a: Araquanid
|
|upkeep
|
|t:|1760885556
|switch|p1a: Dan Honse|Glastrier|100/100
|turn|3
|
|t:|1760885560
|move|p1a: Dan Honse|Icicle Crash|p2a: Araquanid
|-resisted|p2a: Araquanid
|-damage|p2a: Araquanid|55/100
|move|p2a: Araquanid|Sticky Web|p1a: Dan Honse
|-sidestart|p1: ArbysDealer23|move: Sticky Web
|
|upkeep
|turn|4
|
|t:|1760885566
|move|p1a: Dan Honse|Icicle Crash|p2a: Araquanid
|-resisted|p2a: Araquanid
|-damage|p2a: Araquanid|12/100
|move|p2a: Araquanid|Liquidation|p1a: Dan Honse
|-damage|p1a: Dan Honse|64/100
|-unboost|p1a: Dan Honse|def|1
|
|upkeep
|turn|5
|-enditem|p2a: Araquanid|Custap Berry|[eat]
|-activate|p2a: Araquanid|item: Custap Berry|[consumed]
|
|t:|1760885575
|move|p2a: Araquanid|Liquidation|p1a: Dan Honse
|-damage|p1a: Dan Honse|6/100
|move|p1a: Dan Honse|Icicle Crash|p2a: Araquanid
|-resisted|p2a: Araquanid
|-damage|p2a: Araquanid|0 fnt
|faint|p2a: Araquanid
|-ability|p1a: Dan Honse|Chilling Neigh|boost
|-boost|p1a: Dan Honse|atk|1
|
|-fieldend|move: Trick Room
|upkeep
|
|t:|1760885587
|switch|p2a: Scizor|Scizor, F|100/100
|turn|6
|
|t:|1760885592
|move|p2a: Scizor|Bullet Punch|p1a: Dan Honse
|-supereffective|p1a: Dan Honse
|-damage|p1a: Dan Honse|0 fnt
|faint|p1a: Dan Honse
|
|upkeep
|
|t:|1760885601
|switch|p1a: T-Rectodactly|Corviknight, M|100/100
|-ability|p1a: T-Rectodactly|Pressure
|turn|7
|
|t:|1760885605
|move|p2a: Scizor|Knock Off|p1a: T-Rectodactly
|-damage|p1a: T-Rectodactly|79/100
|-enditem|p1a: T-Rectodactly|Leftovers|[from] move: Knock Off|[of] p2a: Scizor
|move|p1a: T-Rectodactly|U-turn|p2a: Scizor
|-resisted|p2a: Scizor
|-damage|p2a: Scizor|93/100
|
|t:|1760885608
|switch|p1a: Mario Judah|Ursaluna, F|100/100|[from] U-turn
|-activate|p1a: Mario Judah|move: Sticky Web
|-unboost|p1a: Mario Judah|spe|1
|
|-status|p1a: Mario Judah|brn|[from] item: Flame Orb
|upkeep
|turn|8
|
|t:|1760885619
|move|p2a: Scizor|Close Combat|p1a: Mario Judah
|-supereffective|p1a: Mario Judah
|-damage|p1a: Mario Judah|40/100 brn
|-unboost|p2a: Scizor|def|1
|-unboost|p2a: Scizor|spd|1
|move|p1a: Mario Judah|Headlong Rush|p2a: Scizor
|-damage|p2a: Scizor|0 fnt
|-unboost|p1a: Mario Judah|def|1
|-unboost|p1a: Mario Judah|spd|1
|faint|p2a: Scizor
|
|-damage|p1a: Mario Judah|34/100 brn|[from] brn
|upkeep
|
|t:|1760885632
|switch|p2a: Ursaluna|Ursaluna, F|100/100
|turn|9
|
|t:|1760885636
|switch|p1a: Donny J Grooves|Dondozo, M|100/100
|-activate|p1a: Donny J Grooves|move: Sticky Web
|-unboost|p1a: Donny J Grooves|spe|1
|move|p2a: Ursaluna|Hyper Voice|p1a: Donny J Grooves
|-damage|p1a: Donny J Grooves|48/100
|-enditem|p2a: Ursaluna|Throat Spray
|-boost|p2a: Ursaluna|spa|1|[from] item: Throat Spray
|
|-heal|p1a: Donny J Grooves|54/100|[from] item: Leftovers
|upkeep
|turn|10
|
|t:|1760885650
|move|p2a: Ursaluna|Bitter Malice|p1a: Donny J Grooves
|-damage|p1a: Donny J Grooves|15/100
|-unboost|p1a: Donny J Grooves|atk|1
|move|p1a: Donny J Grooves|Wave Crash|p2a: Ursaluna
|-damage|p2a: Ursaluna|54/100
|replace|p2a: Zoroark|Zoroark-Hisui, M
|-end|p2a: Zoroark|Illusion
|-damage|p1a: Donny J Grooves|5/100|[from] Recoil
|
|-heal|p1a: Donny J Grooves|11/100|[from] item: Leftovers
|upkeep
|turn|11
|
|t:|1760885664
|move|p2a: Zoroark|Hyper Voice|p1a: Donny J Grooves
|-damage|p1a: Donny J Grooves|0 fnt
|faint|p1a: Donny J Grooves
|
|upkeep
|
|t:|1760885667
|switch|p1a: King Room|Slowking-Galar, M|100/100
|-activate|p1a: King Room|move: Sticky Web
|-unboost|p1a: King Room|spe|1
|turn|12
|
|t:|1760885673
|-terastallize|p1a: King Room|Fire
|move|p2a: Zoroark|Bitter Malice|p1a: King Room
|-damage|p1a: King Room|49/100
|-unboost|p1a: King Room|atk|1
|move|p1a: King Room|Trick Room|p1a: King Room
|-fieldstart|move: Trick Room|[of] p1a: King Room
|
|upkeep
|turn|13
|
|t:|1760885684
|switch|p1a: Mario Judah|Ursaluna, F|34/100 brn
|-heal|p1a: Mario Judah|100/100|[from] move: Healing Wish
|-activate|p1a: Mario Judah|move: Sticky Web
|-unboost|p1a: Mario Judah|spe|1
|move|p2a: Zoroark|Hyper Voice|p1a: Mario Judah
|-damage|p1a: Mario Judah|39/100
|
|-status|p1a: Mario Judah|brn|[from] item: Flame Orb
|upkeep
|turn|14
|
|t:|1760885696
|move|p1a: Mario Judah|Headlong Rush|p2a: Zoroark
|-damage|p2a: Zoroark|0 fnt
|-unboost|p1a: Mario Judah|def|1
|-unboost|p1a: Mario Judah|spd|1
|faint|p2a: Zoroark
|
|-damage|p1a: Mario Judah|33/100 brn|[from] brn
|upkeep
|
|t:|1760885705
|switch|p2a: Cinderace|Cinderace, M|100/100
|turn|15
|
|t:|1760885709
|move|p1a: Mario Judah|Facade|p2a: Cinderace
|-damage|p2a: Cinderace|0 fnt
|faint|p2a: Cinderace
|
|-damage|p1a: Mario Judah|27/100 brn|[from] brn
|upkeep
|
|t:|1760885719
|switch|p2a: Scrafty|Scrafty, F|100/100
|-ability|p2a: Scrafty|Intimidate|boost
|-unboost|p1a: Mario Judah|atk|1
|turn|16
|
|t:|1760885726
|move|p1a: Mario Judah|Facade|p2a: Scrafty
|-damage|p2a: Scrafty|28/100
|move|p2a: Scrafty|Knock Off|p1a: Mario Judah
|-damage|p1a: Mario Judah|0 fnt
|-enditem|p1a: Mario Judah|Flame Orb|[from] move: Knock Off|[of] p2a: Scrafty
|faint|p1a: Mario Judah
|
|-heal|p2a: Scrafty|34/100|[from] item: Leftovers
|-fieldend|move: Trick Room
|upkeep
|
|t:|1760885734
|switch|p1a: King Room|Slowking-Galar, M, tera:Fire|82/100
|-activate|p1a: King Room|move: Sticky Web
|-unboost|p1a: King Room|spe|1
|turn|17
|
|t:|1760885741
|move|p2a: Scrafty|Knock Off|p1a: King Room
|-damage|p1a: King Room|35/100
|-enditem|p1a: King Room|Life Orb|[from] move: Knock Off|[of] p2a: Scrafty
|move|p1a: King Room|Trick Room|p1a: King Room
|-fieldstart|move: Trick Room|[of] p1a: King Room
|
|-heal|p2a: Scrafty|40/100|[from] item: Leftovers
|upkeep
|turn|18
|
|t:|1760885749
|move|p1a: King Room|Fire Blast|p2a: Scrafty
|-damage|p2a: Scrafty|0 fnt
|faint|p2a: Scrafty
|
|upkeep
|
|t:|1760885754
|switch|p2a: Ursaluna|Ursaluna, F|100/100
|turn|19
|
|t:|1760885763
|move|p1a: King Room|Psychic|p2a: Ursaluna
|-damage|p2a: Ursaluna|62/100
|move|p2a: Ursaluna|Facade|p1a: King Room
|-damage|p1a: King Room|0 fnt
|faint|p1a: King Room
|
|-status|p2a: Ursaluna|brn|[from] item: Flame Orb
|upkeep
|
|t:|1760885768
|switch|p1a: T-Rectodactly|Corviknight, M|79/100
|-ability|p1a: T-Rectodactly|Pressure
|turn|20
|
|t:|1760885777
|move|p1a: T-Rectodactly|Roost|p1a: T-Rectodactly
|-heal|p1a: T-Rectodactly|100/100
|-singleturn|p1a: T-Rectodactly|move: Roost
|move|p2a: Ursaluna|Fire Punch|p1a: T-Rectodactly
|-supereffective|p1a: T-Rectodactly
|-damage|p1a: T-Rectodactly|47/100
|
|-damage|p2a: Ursaluna|56/100 brn|[from] brn
|upkeep
|turn|21
|
|t:|1760885787
|move|p1a: T-Rectodactly|Brave Bird|p2a: Ursaluna
|-damage|p2a: Ursaluna|30/100 brn
|-damage|p1a: T-Rectodactly|37/100|[from] Recoil
|move|p2a: Ursaluna|Fire Punch|p1a: T-Rectodactly
|-supereffective|p1a: T-Rectodactly
|-damage|p1a: T-Rectodactly|0 fnt
|faint|p1a: T-Rectodactly
|
|win|galinaito
|raw|ArbysDealer23's rating: 1308 &rarr; <strong>1285</strong><br />(-23 for losing)
|raw|galinaito's rating: 1262 &rarr; <strong>1290</strong><br />(+28 for winning)
|l|☆ArbysDealer23
|player|p1|
|l|☆galinaito
|player|p2|
