|j|☆EdgingCeaselesslly
|j|☆Lord zebraman
|t:|1760848890
|gametype|singles
|player|p1|EdgingCeaselesslly|blaine|1463
|player|p2|Lord zebraman|169|1489
|gen|9
|tier|[Gen 9] OU
|rated|
|rule|HP Percentage Mod: HP is shown in percentages
|rule|Endless Battle Clause: Forcing endless battles is banned
|rule|Species Clause: Limit one of each Pokémon
|rule|OHKO Clause: OHKO moves are banned
|rule|Evasion Items Clause: Evasion items are banned
|rule|Evasion Moves Clause: Evasion moves are banned
|rule|Evasion Abilities Clause: Evasion abilities are banned
|rule|Sleep Moves Clause: Sleep-inducing moves are banned
|clearpoke
|poke|p1|Landorus-Therian, M|
|poke|p1|Samurott-Hisui, F|
|poke|p1|Scizor, F|
|poke|p1|Latios, M|
|poke|p1|Zamazenta-*|
|poke|p1|Gholdengo|
|poke|p2|Conkeldurr, M|
|poke|p2|Armarouge, M|
|poke|p2|Slowking, M|
|poke|p2|Weezing-Galar, F|
|poke|p2|Kingambit, M|
|poke|p2|Rillaboom, F|
|teampreview
|inactive|Battle timer is ON: inactive players will automatically lose when time's up. (requested by EdgingCeaselesslly)
|inactive|Lord zebraman also wants the timer to be on.
|
|t:|1760848898
|teamsize|p1|6
|teamsize|p2|6
|start
|switch|p1a: Landorus|Landorus-Therian, M|100/100
|switch|p2a: Rillaboom|Rillaboom, F|100/100
|-ability|p1a: Landorus|Intimidate|boost
|-unboost|p2a: Rillaboom|atk|1
|-fieldstart|move: Grassy Terrain|[from] ability: Grassy Surge|[of] p2a: Rillaboom
|turn|1
|
|t:|1760848912
|move|p1a: Landorus|U-turn|p2a: Rillaboom
|-supereffective|p2a: Rillaboom
|-damage|p2a: Rillaboom|53/100
|
|t:|1760848921
|switch|p1a: Scizor|Scizor, F|100/100|[from] U-turn
|move|p2a: Rillaboom|U-turn|p1a: Scizor
|-resisted|p1a: Scizor
|-damage|p1a: Scizor|91/100
|
|t:|1760848927
|switch|p2a: Armarouge|Armarouge, M, shiny|100/100|[from] U-turn
|
|-heal|p1a: Scizor|97/100|[from] Grassy Terrain
|upkeep
|turn|2
|
|t:|1760848937
|switch|p1a: Samurott|Samurott-Hisui, F|100/100
|move|p2a: Armarouge|Iron Defense|p2a: Armarouge
|-boost|p2a: Armarouge|def|2
|
|upkeep
|turn|3
|
|t:|1760848944
|-terastallize|p2a: Armarouge|Water
|move|p1a: Samurott|Ceaseless Edge|p2a: Armarouge
|-damage|p2a: Armarouge|79/100
|-ability|p2a: Armarouge|Weak Armor|boost
|-unboost|p2a: Armarouge|def|1
|-boost|p2a: Armarouge|spe|2
|-sidestart|p2: Lord zebraman|Spikes
|move|p2a: Armarouge|Iron Defense|p2a: Armarouge
|-boost|p2a: Armarouge|def|2
|
|-heal|p2a: Armarouge|85/100|[from] Grassy Terrain
|-heal|p2a: Armarouge|91/100|[from] item: Leftovers
|upkeep
|turn|4
|
|t:|1760848954
|move|p2a: Armarouge|Calm Mind|p2a: Armarouge
|-boost|p2a: Armarouge|spa|1
|-boost|p2a: Armarouge|spd|1
|move|p1a: Samurott|Ceaseless Edge|p2a: Armarouge
|-damage|p2a: Armarouge|74/100
|-ability|p2a: Armarouge|Weak Armor|boost
|-unboost|p2a: Armarouge|def|1
|-boost|p2a: Armarouge|spe|2
|-sidestart|p2: Lord zebraman|Spikes
|
|-heal|p2a: Armarouge|80/100|[from] Grassy Terrain
|-heal|p2a: Armarouge|86/100|[from] item: Leftovers
|upkeep
|turn|5
|
|t:|1760848968
|switch|p1a: Zamazenta|Zamazenta|100/100
|-ability|p1a: Zamazenta|Dauntless Shield|boost
|-boost|p1a: Zamazenta|def|1
|move|p2a: Armarouge|Calm Mind|p2a: Armarouge
|-boost|p2a: Armarouge|spa|1
|-boost|p2a: Armarouge|spd|1
|
|-heal|p2a: Armarouge|92/100|[from] Grassy Terrain
|-heal|p2a: Armarouge|99/100|[from] item: Leftovers
|upkeep
|turn|6
|
|t:|1760848974
|-terastallize|p1a: Zamazenta|Fire
|move|p2a: Armarouge|Stored Power|p1a: Zamazenta
|-damage|p1a: Zamazenta|0 fnt
|faint|p1a: Zamazenta
|
|-heal|p2a: Armarouge|100/100|[from] Grassy Terrain
|upkeep
|
|t:|1760848982
|switch|p1a: Latios|Latios, M|100/100
|turn|7
|
|t:|1760848988
|move|p2a: Armarouge|Stored Power|p1a: Latios
|-resisted|p1a: Latios
|-damage|p1a: Latios|0 fnt
|faint|p1a: Latios
|
|upkeep
|
|t:|1760848992
|switch|p1a: Samurott|Samurott-Hisui, F|100/100
|turn|8
|
|t:|1760848996
|move|p2a: Armarouge|Iron Defense|p2a: Armarouge
|-boost|p2a: Armarouge|def|2
|move|p1a: Samurott|Knock Off|p2a: Armarouge
|-damage|p2a: Armarouge|87/100
|-ability|p2a: Armarouge|Weak Armor|boost
|-unboost|p2a: Armarouge|def|1
|-boost|p2a: Armarouge|spe|2
|-enditem|p2a: Armarouge|Leftovers|[from] move: Knock Off|[of] p1a: Samurott
|
|-heal|p2a: Armarouge|93/100|[from] Grassy Terrain
|-fieldend|move: Grassy Terrain
|upkeep
|turn|9
|-message|EdgingCeaselesslly forfeited.
|
|win|Lord zebraman
|raw|EdgingCeaselesslly's rating: 1463 &rarr; <strong>1444</strong><br />(-19 for losing)
|raw|Lord zebraman's rating: 1489 &rarr; <strong>1508</strong><br />(+19 for winning)
|l|☆EdgingCeaselesslly
|player|p1|
|l|☆Lord zebraman
|player|p2|
