|j|☆Zorroark_RZ
|j|☆ChopsFCC
|t:|1760792511
|gametype|singles
|player|p1|Zorroark_RZ|n|1463
|player|p2|ChopsFCC|101|1558
|gen|9
|tier|[Gen 9] OU
|rated|
|rule|HP Percentage Mod: HP is shown in percentages
|rule|Endless Battle Clause: Forcing endless battles is banned
|rule|Species Clause: Limit one of each Pokémon
|rule|OHKO Clause: OHKO moves are banned
|rule|Evasion Items Clause: Evasion items are banned
|rule|Evasion Moves Clause: Evasion moves are banned
|rule|Evasion Abilities Clause: Evasion abilities are banned
|rule|Sleep Moves Clause: Sleep-inducing moves are banned
|clearpoke
|poke|p1|Darkrai|
|poke|p1|Zoroark-Hisui, M|
|poke|p1|Slowking, M|
|poke|p1|Zapdos|
|poke|p1|Cobalion|
|poke|p1|Garchomp, M|
|poke|p2|Tyranitar, M|
|poke|p2|Primarina, F|
|poke|p2|Excadrill, F|
|poke|p2|Pecharunt|
|poke|p2|Tornadus-Therian, M|
|poke|p2|Moltres|
|teampreview
|inactive|Battle timer is ON: inactive players will automatically lose when time's up. (requested by ChopsFCC)
|
|t:|1760792533
|teamsize|p1|6
|teamsize|p2|6
|start
|switch|p1a: Made in Heaven|Cobalion, shiny|100/100
|switch|p2a: Moltres|Moltres|100/100
|turn|1
|
|t:|1760792561
|switch|p1a: RedHotChilliPepper|Zapdos, shiny|100/100
|move|p2a: Moltres|Will-O-Wisp|p1a: RedHotChilliPepper|[miss]
|-miss|p2a: Moltres|p1a: RedHotChilliPepper
|
|upkeep
|turn|2
|inactive|Zorroark_RZ has 120 seconds left.
|
|t:|1760792595
|switch|p2a: Tyranitar|Tyranitar, M|100/100
|-weather|Sandstorm|[from] ability: Sand Stream|[of] p2a: Tyranitar
|move|p1a: RedHotChilliPepper|U-turn|p2a: Tyranitar
|-supereffective|p2a: Tyranitar
|-damage|p2a: Tyranitar|79/100
|
|t:|1760792598
|switch|p1a: Made in Heaven|Cobalion, shiny|100/100|[from] U-turn
|
|-weather|Sandstorm|[upkeep]
|-heal|p2a: Tyranitar|85/100|[from] item: Leftovers
|upkeep
|turn|3
|
|t:|1760792615
|move|p1a: Made in Heaven|Stealth Rock|p2a: Tyranitar
|-sidestart|p2: ChopsFCC|move: Stealth Rock
|move|p2a: Tyranitar|Stealth Rock|p1a: Made in Heaven
|-sidestart|p1: Zorroark_RZ|move: Stealth Rock
|
|-weather|Sandstorm|[upkeep]
|-heal|p2a: Tyranitar|91/100|[from] item: Leftovers
|upkeep
|turn|4
|
|t:|1760792623
|switch|p2a: Moltres|Moltres|100/100
|move|p1a: Made in Heaven|Volt Switch|p2a: Moltres
|-supereffective|p2a: Moltres
|-damage|p2a: Moltres|75/100
|
|t:|1760792635
|switch|p1a: RedHotChilliPepper|Zapdos, shiny|100/100|[from] Volt Switch
|
|-weather|Sandstorm|[upkeep]
|-damage|p1a: RedHotChilliPepper|94/100|[from] Sandstorm
|-damage|p2a: Moltres|69/100|[from] Sandstorm
|upkeep
|turn|5
|inactive|ChopsFCC has 120 seconds left.
|inactive|ChopsFCC has 90 seconds left.
|
|t:|1760792692
|move|p1a: RedHotChilliPepper|U-turn|p2a: Moltres
|-resisted|p2a: Moltres
|-damage|p2a: Moltres|67/100
|
|t:|1760792703
|switch|p1a: Glowking|Slowking, M|100/100|[from] U-turn
|move|p2a: Moltres|U-turn|p1a: Glowking
|-supereffective|p1a: Glowking
|-damage|p1a: Glowking|69/100
|
|t:|1760792710
|switch|p2a: Tyranitar|Tyranitar, M|91/100|[from] U-turn
|-damage|p2a: Tyranitar|79/100|[from] Stealth Rock
|
|-weather|Sandstorm|[upkeep]
|-damage|p1a: Glowking|63/100|[from] Sandstorm
|-heal|p2a: Tyranitar|85/100|[from] item: Leftovers
|upkeep
|turn|6
|
|t:|1760792716
|switch|p1a: Made in Heaven|Cobalion, shiny|100/100
|-damage|p1a: Made in Heaven|97/100|[from] Stealth Rock
|move|p2a: Tyranitar|Roar|p1a: Made in Heaven
|drag|p1a: Glowking|Slowking, M|97/100
|
|-weather|none
|-heal|p2a: Tyranitar|91/100|[from] item: Leftovers
|upkeep
|turn|7
|
|t:|1760792730
|switch|p1a: Made in Heaven|Cobalion, shiny|97/100
|-damage|p1a: Made in Heaven|94/100|[from] Stealth Rock
|move|p2a: Tyranitar|Roar|p1a: Made in Heaven
|drag|p1a: Glowking|Slowking, M|100/100
|
|-heal|p2a: Tyranitar|97/100|[from] item: Leftovers
|upkeep
|turn|8
|
|t:|1760792737
|move|p1a: Glowking|Low Kick|p2a: Tyranitar
|-supereffective|p2a: Tyranitar
|-damage|p2a: Tyranitar|0 fnt
|faint|p2a: Tyranitar
|
|upkeep
|
|t:|1760792755
|switch|p2a: Pecharunt|Pecharunt|100/100
|-damage|p2a: Pecharunt|88/100|[from] Stealth Rock
|turn|9
|
|t:|1760792769
|move|p1a: Glowking|Swords Dance|p1a: Glowking
|-boost|p1a: Glowking|atk|2
|move|p2a: Pecharunt|Malignant Chain|p1a: Glowking
|-resisted|p1a: Glowking
|-damage|p1a: Glowking|71/100
|replace|p1a: Man in the Mirror|Zoroark-Hisui, M
|-end|p1a: Man in the Mirror|Illusion
|
|upkeep
|turn|10
|
|t:|1760792780
|switch|p2a: Moltres|Moltres|67/100
|move|p1a: Man in the Mirror|Poltergeist|p2a: Moltres
|-activate|p2a: Moltres|move: Poltergeist|Heavy-Duty Boots
|-damage|p2a: Moltres|1/100
|
|upkeep
|turn|11
|
|t:|1760792790
|move|p1a: Man in the Mirror|Poltergeist|p2a: Moltres
|-activate|p2a: Moltres|move: Poltergeist|Heavy-Duty Boots
|-damage|p2a: Moltres|0 fnt
|faint|p2a: Moltres
|
|upkeep
|
|t:|1760792795
|switch|p2a: Tornadus|Tornadus-Therian, M|100/100
|-damage|p2a: Tornadus|76/100|[from] Stealth Rock
|turn|12
|
|t:|1760792804
|switch|p1a: Glowking|Slowking, M|100/100
|move|p2a: Tornadus|Bleakwind Storm|p1a: Glowking
|-damage|p1a: Glowking|66/100
|-damage|p2a: Tornadus|66/100|[from] item: Life Orb
|
|upkeep
|turn|13
|
|t:|1760792816
|switch|p2a: Primarina|Primarina, F|100/100
|-damage|p2a: Primarina|88/100|[from] Stealth Rock
|move|p1a: Glowking|Future Sight|p2a: Primarina
|-start|p1a: Glowking|move: Future Sight
|
|upkeep
|turn|14
|
|t:|1760792835
|switch|p1a: Made in Heaven|Cobalion, shiny|94/100
|-damage|p1a: Made in Heaven|91/100|[from] Stealth Rock
|move|p2a: Primarina|Moonblast|p1a: Made in Heaven
|-damage|p1a: Made in Heaven|35/100
|
|upkeep
|turn|15
|
|t:|1760792861
|move|p1a: Made in Heaven|Heavy Slam|p2a: Primarina
|-damage|p2a: Primarina|32/100
|move|p2a: Primarina|Moonblast|p1a: Made in Heaven
|-damage|p1a: Made in Heaven|0 fnt
|faint|p1a: Made in Heaven
|
|-end|p2a: Primarina|move: Future Sight
|-damage|p2a: Primarina|4/100
|upkeep
|
|t:|1760792890
|switch|p1a: Death 13|Darkrai, shiny|100/100
|turn|16
|
|t:|1760792896
|move|p1a: Death 13|Dark Pulse|p2a: Primarina
|-resisted|p2a: Primarina
|-damage|p2a: Primarina|0 fnt
|faint|p2a: Primarina
|
|upkeep
|
|t:|1760792904
|switch|p2a: Excadrill|Excadrill, F|100/100
|-damage|p2a: Excadrill|97/100|[from] Stealth Rock
|turn|17
|
|t:|1760792915
|switch|p1a: Death 13|Darkrai, shiny|71/100
|move|p2a: Excadrill|Rapid Spin|p1a: Death 13
|-immune|p1a: Death 13
|
|upkeep
|turn|18
|
|t:|1760792924
|move|p1a: Death 13|Poltergeist|p2a: Excadrill|[miss]
|-miss|p1a: Death 13|p2a: Excadrill
|move|p2a: Excadrill|Earthquake|p1a: Death 13
|-damage|p1a: Death 13|0 fnt
|replace|p1a: Man in the Mirror|Zoroark-Hisui, M
|-end|p1a: Man in the Mirror|Illusion
|faint|p1a: Man in the Mirror
|
|upkeep
|
|t:|1760792930
|switch|p1a: Oasis|Garchomp, M|100/100
|-damage|p1a: Oasis|94/100|[from] Stealth Rock
|turn|19
|inactive|ChopsFCC has 120 seconds left.
|
|t:|1760792946
|-terastallize|p2a: Excadrill|Ground
|move|p1a: Oasis|Earth Power|p2a: Excadrill
|-damage|p2a: Excadrill|25/100
|move|p2a: Excadrill|Rapid Spin|p1a: Oasis
|-damage|p1a: Oasis|76/100
|-boost|p2a: Excadrill|spe|1
|-damage|p2a: Excadrill|13/100|[from] ability: Rough Skin|[of] p1a: Oasis
|-sideend|p2: ChopsFCC|Stealth Rock|[from] move: Rapid Spin|[of] p2a: Excadrill
|
|upkeep
|turn|20
|inactive|ChopsFCC has 120 seconds left.
|
|t:|1760792958
|switch|p1a: RedHotChilliPepper|Zapdos, shiny|94/100
|move|p2a: Excadrill|Earthquake|p1a: RedHotChilliPepper
|-immune|p1a: RedHotChilliPepper
|
|upkeep
|turn|21
|
|t:|1760792964
|move|p2a: Excadrill|Rock Blast|p1a: RedHotChilliPepper|[miss]
|-miss|p2a: Excadrill|p1a: RedHotChilliPepper
|move|p1a: RedHotChilliPepper|U-turn|p2a: Excadrill
|-damage|p2a: Excadrill|0 fnt
|faint|p2a: Excadrill
|
|t:|1760792975
|switch|p1a: Oasis|Garchomp, M|76/100|[from] U-turn
|-damage|p1a: Oasis|69/100|[from] Stealth Rock
|
|upkeep
|
|t:|1760792980
|switch|p2a: Tornadus|Tornadus-Therian, M|99/100
|turn|22
|
|t:|1760792985
|move|p2a: Tornadus|Bleakwind Storm|p1a: Oasis
|-damage|p1a: Oasis|8/100
|-damage|p2a: Tornadus|89/100|[from] item: Life Orb
|move|p1a: Oasis|Draco Meteor|p2a: Tornadus
|-damage|p2a: Tornadus|0 fnt
|-unboost|p1a: Oasis|spa|2
|faint|p2a: Tornadus
|
|upkeep
|
|t:|1760792991
|switch|p2a: Pecharunt|Pecharunt|88/100
|turn|23
|
|t:|1760792995
|move|p1a: Oasis|Draco Meteor|p2a: Pecharunt
|-damage|p2a: Pecharunt|48/100
|-unboost|p1a: Oasis|spa|2
|move|p2a: Pecharunt|Malignant Chain|p1a: Oasis
|-resisted|p1a: Oasis
|-damage|p1a: Oasis|0 fnt
|faint|p1a: Oasis
|
|upkeep
|
|t:|1760793002
|switch|p1a: Death 13|Darkrai, shiny|100/100
|turn|24
|c|☆Zorroark_RZ|gg
|c|☆ChopsFCC|gg
|
|t:|1760793012
|move|p1a: Death 13|Dark Pulse|p2a: Pecharunt
|-supereffective|p2a: Pecharunt
|-damage|p2a: Pecharunt|0 fnt
|faint|p2a: Pecharunt
|
|win|Zorroark_RZ
|raw|Zorroark_RZ's rating: 1463 &rarr; <strong>1488</strong><br />(+25 for winning)
|raw|ChopsFCC's rating: 1558 &rarr; <strong>1533</strong><br />(-25 for losing)
|l|☆ChopsFCC
|player|p2|
|l|☆Zorroark_RZ
|player|p1|
