|j|☆aspiii
|j|☆Denvertzzz
|t:|1760857148
|gametype|singles
|player|p1|aspiii|volkner|1207
|player|p2|Denvertzzz|2|1223
|gen|9
|tier|[Gen 9] OU
|rated|
|rule|HP Percentage Mod: HP is shown in percentages
|rule|Endless Battle Clause: Forcing endless battles is banned
|rule|Species Clause: Limit one of each Pokémon
|rule|OHKO Clause: OHKO moves are banned
|rule|Evasion Items Clause: Evasion items are banned
|rule|Evasion Moves Clause: Evasion moves are banned
|rule|Evasion Abilities Clause: Evasion abilities are banned
|rule|Sleep Moves Clause: Sleep-inducing moves are banned
|clearpoke
|poke|p1|Landorus-Therian, M|
|poke|p1|Samurott-Hisui, M|
|poke|p1|Pecharunt|
|poke|p1|Scizor, F|
|poke|p1|Latios, M|
|poke|p1|Zamazenta-*|
|poke|p2|Grimmsnarl, M|
|poke|p2|Pincurchin, M|
|poke|p2|Raichu-Alola, M|
|poke|p2|Drifblim, M|
|poke|p2|Corviknight, M|
|poke|p2|Haxorus, M|
|teampreview
|inactive|Battle timer is ON: inactive players will automatically lose when time's up. (requested by aspiii)
|
|t:|1760857191
|teamsize|p1|6
|teamsize|p2|6
|start
|switch|p1a: Scizor|Scizor, F|100/100
|switch|p2a: Coolie|Haxorus, M, shiny|100/100
|-ability|p2a: Coolie|Mold Breaker
|turn|1
|
|t:|1760857216
|move|p2a: Coolie|Dragon Dance|p2a: Coolie
|-boost|p2a: Coolie|atk|1
|-boost|p2a: Coolie|spe|1
|move|p1a: Scizor|Knock Off|p2a: Coolie
|-damage|p2a: Coolie|56/100
|-enditem|p2a: Coolie|Life Orb|[from] move: Knock Off|[of] p1a: Scizor
|
|upkeep
|turn|2
|
|t:|1760857230
|-terastallize|p2a: Coolie|Steel
|move|p1a: Scizor|Bullet Punch|p2a: Coolie
|-resisted|p2a: Coolie
|-damage|p2a: Coolie|36/100
|move|p2a: Coolie|Close Combat|p1a: Scizor
|-damage|p1a: Scizor|5/100
|-unboost|p2a: Coolie|def|1
|-unboost|p2a: Coolie|spd|1
|
|upkeep
|turn|3
|
|t:|1760857241
|move|p1a: Scizor|Bullet Punch|p2a: Coolie
|-resisted|p2a: Coolie
|-damage|p2a: Coolie|2/100
|move|p2a: Coolie|Iron Head|p1a: Scizor
|-resisted|p1a: Scizor
|-damage|p1a: Scizor|0 fnt
|faint|p1a: Scizor
|
|upkeep
|
|t:|1760857247
|switch|p1a: Samurott|Samurott-Hisui, M|100/100
|turn|4
|
|t:|1760857253
|switch|p2a: Boogie|Corviknight, M, shiny|100/100
|move|p1a: Samurott|Aqua Jet|p2a: Boogie
|-damage|p2a: Boogie|86/100
|-damage|p1a: Samurott|84/100|[from] item: Rocky Helmet|[of] p2a: Boogie
|
|upkeep
|turn|5
|
|t:|1760857263
|switch|p1a: Landorus|Landorus-Therian, M|100/100
|-ability|p1a: Landorus|Intimidate|boost
|-ability|p2a: Boogie|Mirror Armor
|-unboost|p1a: Landorus|atk|1
|move|p2a: Boogie|Iron Defense|p2a: Boogie
|-boost|p2a: Boogie|def|2
|
|upkeep
|turn|6
|
|t:|1760857275
|switch|p2a: Fuzzie|Pincurchin, M, shiny|100/100
|-fieldstart|move: Electric Terrain|[from] ability: Electric Surge|[of] p2a: Fuzzie
|move|p1a: Landorus|Smack Down|p2a: Fuzzie
|-damage|p2a: Fuzzie|87/100
|
|upkeep
|turn|7
|
|t:|1760857285
|move|p1a: Landorus|Stealth Rock|p2a: Fuzzie
|-sidestart|p2: Denvertzzz|move: Stealth Rock
|move|p2a: Fuzzie|Liquidation|p1a: Landorus
|-supereffective|p1a: Landorus
|-damage|p1a: Landorus|50/100
|-damage|p2a: Fuzzie|71/100|[from] item: Rocky Helmet|[of] p1a: Landorus
|
|upkeep
|turn|8
|
|t:|1760857294
|move|p1a: Landorus|Earthquake|p2a: Fuzzie
|-supereffective|p2a: Fuzzie
|-damage|p2a: Fuzzie|0 fnt
|faint|p2a: Fuzzie
|
|upkeep
|
|t:|1760857299
|switch|p2a: Brownie|Raichu-Alola, M, shiny|100/100
|-damage|p2a: Brownie|88/100|[from] Stealth Rock
|turn|9
|
|t:|1760857312
|move|p2a: Brownie|Surf|p1a: Landorus
|-supereffective|p1a: Landorus
|-damage|p1a: Landorus|0 fnt
|faint|p1a: Landorus
|
|upkeep
|
|t:|1760857319
|switch|p1a: Zamazenta|Zamazenta|100/100
|-ability|p1a: Zamazenta|Dauntless Shield|boost
|-boost|p1a: Zamazenta|def|1
|turn|10
|
|t:|1760857329
|move|p2a: Brownie|Psychic|p1a: Zamazenta
|-supereffective|p1a: Zamazenta
|-damage|p1a: Zamazenta|22/100
|move|p1a: Zamazenta|Crunch|p2a: Brownie
|-supereffective|p2a: Brownie
|-damage|p2a: Brownie|0 fnt
|faint|p2a: Brownie
|
|-heal|p1a: Zamazenta|28/100|[from] item: Leftovers
|upkeep
|
|t:|1760857340
|switch|p2a: Glowie|Drifblim, M, shiny|100/100
|-damage|p2a: Glowie|75/100|[from] Stealth Rock
|-enditem|p2a: Glowie|Electric Seed
|-boost|p2a: Glowie|def|1|[from] item: Electric Seed
|turn|11
|
|t:|1760857349
|move|p2a: Glowie|Shadow Ball|p1a: Zamazenta
|-damage|p1a: Zamazenta|0 fnt
|faint|p1a: Zamazenta
|
|upkeep
|
|t:|1760857360
|switch|p1a: Latios|Latios, M|100/100
|turn|12
|
|t:|1760857366
|-terastallize|p1a: Latios|Steel
|move|p2a: Glowie|Calm Mind|p2a: Glowie
|-boost|p2a: Glowie|spa|1
|-boost|p2a: Glowie|spd|1
|move|p1a: Latios|Calm Mind|p1a: Latios
|-boost|p1a: Latios|spa|1
|-boost|p1a: Latios|spd|1
|
|upkeep
|turn|13
|
|t:|1760857378
|move|p2a: Glowie|Thunderbolt|p1a: Latios
|-damage|p1a: Latios|70/100
|move|p1a: Latios|Calm Mind|p1a: Latios
|-boost|p1a: Latios|spa|1
|-boost|p1a: Latios|spd|1
|
|-fieldend|move: Electric Terrain
|upkeep
|turn|14
|
|t:|1760857386
|move|p2a: Glowie|Shadow Ball|p1a: Latios
|-damage|p1a: Latios|43/100
|-unboost|p1a: Latios|spd|1
|move|p1a: Latios|Calm Mind|p1a: Latios
|-boost|p1a: Latios|spa|1
|-boost|p1a: Latios|spd|1
|
|upkeep
|turn|15
|
|t:|1760857401
|move|p2a: Glowie|Calm Mind|p2a: Glowie
|-boost|p2a: Glowie|spa|1
|-boost|p2a: Glowie|spd|1
|move|p1a: Latios|Recover|p1a: Latios
|-heal|p1a: Latios|93/100
|
|upkeep
|turn|16
|
|t:|1760857408
|move|p2a: Glowie|Calm Mind|p2a: Glowie
|-boost|p2a: Glowie|spa|1
|-boost|p2a: Glowie|spd|1
|move|p1a: Latios|Calm Mind|p1a: Latios
|-boost|p1a: Latios|spa|1
|-boost|p1a: Latios|spd|1
|
|upkeep
|turn|17
|
|t:|1760857415
|move|p2a: Glowie|Calm Mind|p2a: Glowie
|-boost|p2a: Glowie|spa|1
|-boost|p2a: Glowie|spd|1
|move|p1a: Latios|Calm Mind|p1a: Latios
|-boost|p1a: Latios|spa|1
|-boost|p1a: Latios|spd|1
|
|upkeep
|turn|18
|
|t:|1760857422
|move|p2a: Glowie|Thunderbolt|p1a: Latios
|-damage|p1a: Latios|67/100
|move|p1a: Latios|Draco Meteor|p2a: Glowie
|-damage|p2a: Glowie|0 fnt
|-unboost|p1a: Latios|spa|2
|faint|p2a: Glowie
|
|upkeep
|c|☆aspiii|lol
|
|t:|1760857434
|switch|p2a: Gringo|Grimmsnarl, M, shiny|100/100
|-damage|p2a: Gringo|88/100|[from] Stealth Rock
|turn|19
|
|t:|1760857443
|switch|p1a: Pecharunt|Pecharunt|100/100
|move|p2a: Gringo|Sucker Punch||[still]
|-fail|p2a: Gringo
|
|upkeep
|turn|20
|
|t:|1760857452
|switch|p2a: Boogie|Corviknight, M, shiny|86/100
|-damage|p2a: Boogie|74/100|[from] Stealth Rock
|move|p1a: Pecharunt|Parting Shot|p2a: Boogie
|-ability|p2a: Boogie|Mirror Armor
|-unboost|p1a: Pecharunt|atk|1
|-ability|p2a: Boogie|Mirror Armor
|-unboost|p1a: Pecharunt|spa|1
|
|t:|1760857456
|switch|p1a: Latios|Latios, M, tera:Steel|67/100|[from] Parting Shot
|
|upkeep
|turn|21
|
|t:|1760857468
|move|p1a: Latios|Psychic Noise|p2a: Boogie
|-resisted|p2a: Boogie
|-damage|p2a: Boogie|47/100
|-start|p2a: Boogie|move: Heal Block
|move|p2a: Boogie|Iron Defense|p2a: Boogie
|-boost|p2a: Boogie|def|2
|
|upkeep
|turn|22
|
|t:|1760857478
|switch|p1a: Pecharunt|Pecharunt|100/100
|move|p2a: Boogie|Body Press|p1a: Pecharunt
|-immune|p1a: Pecharunt
|
|-end|p2a: Boogie|move: Heal Block
|upkeep
|turn|23
|
|t:|1760857487
|move|p1a: Pecharunt|Shadow Ball|p2a: Boogie
|-damage|p2a: Boogie|20/100
|move|p2a: Boogie|Roost|p2a: Boogie
|-heal|p2a: Boogie|70/100
|-singleturn|p2a: Boogie|move: Roost
|
|upkeep
|turn|24
|
|t:|1760857496
|move|p1a: Pecharunt|Shadow Ball|p2a: Boogie
|-damage|p2a: Boogie|40/100
|-ability|p2a: Boogie|Mirror Armor
|-unboost|p1a: Pecharunt|spd|1
|move|p2a: Boogie|Brave Bird|p1a: Pecharunt
|-crit|p1a: Pecharunt
|-damage|p1a: Pecharunt|59/100
|-damage|p2a: Boogie|24/100|[from] Recoil
|
|upkeep
|turn|25
|
|t:|1760857506
|move|p1a: Pecharunt|Shadow Ball|p2a: Boogie
|-damage|p2a: Boogie|0 fnt
|faint|p2a: Boogie
|
|upkeep
|
|t:|1760857512
|switch|p2a: Gringo|Grimmsnarl, M, shiny|88/100
|-damage|p2a: Gringo|76/100|[from] Stealth Rock
|turn|26
|
|t:|1760857517
|move|p2a: Gringo|Bulk Up|p2a: Gringo
|-boost|p2a: Gringo|atk|1
|-boost|p2a: Gringo|def|1
|move|p1a: Pecharunt|Malignant Chain|p2a: Gringo
|-supereffective|p2a: Gringo
|-damage|p2a: Gringo|9/100
|
|upkeep
|turn|27
|
|t:|1760857526
|move|p2a: Gringo|Sucker Punch|p1a: Pecharunt
|-supereffective|p1a: Pecharunt
|-damage|p1a: Pecharunt|0 fnt
|faint|p1a: Pecharunt
|-damage|p2a: Gringo|0 fnt|[from] item: Life Orb
|faint|p2a: Gringo
|
|upkeep
|
|t:|1760857533
|switch|p1a: Samurott|Samurott-Hisui, M|84/100
|switch|p2a: Coolie|Haxorus, M, shiny, tera:Steel|2/100
|-damage|p2a: Coolie|0 fnt|[from] Stealth Rock
|faint|p2a: Coolie
|
|win|aspiii
|raw|aspiii's rating: 1207 &rarr; <strong>1233</strong><br />(+26 for winning)
|raw|Denvertzzz's rating: 1223 &rarr; <strong>1197</strong><br />(-26 for losing)
|l|☆aspiii
|player|p1|
|l| denvertzzz
