|j|☆venator
|j|☆WesLlocke
|t:|1760781864
|gametype|singles
|player|p1|venator|acetrainer-gen4dp|1203
|player|p2|WesLlocke|ethan|1196
|gen|9
|tier|[Gen 9] OU
|rated|
|rule|HP Percentage Mod: HP is shown in percentages
|rule|Endless Battle Clause: Forcing endless battles is banned
|rule|Species Clause: Limit one of each Pokémon
|rule|OHKO Clause: OHKO moves are banned
|rule|Evasion Items Clause: Evasion items are banned
|rule|Evasion Moves Clause: Evasion moves are banned
|rule|Evasion Abilities Clause: Evasion abilities are banned
|rule|Sleep Moves Clause: Sleep-inducing moves are banned
|clearpoke
|poke|p1|Magcargo, M|
|poke|p1|Toxapex, F|
|poke|p1|Dragonite, M|
|poke|p1|Breloom, M|
|poke|p1|Hatterene, F|
|poke|p1|Forretress, M|
|poke|p2|Garchomp, M|
|poke|p2|Corviknight, M|
|poke|p2|Ceruledge, M|
|poke|p2|Hatterene, F|
|poke|p2|Ogerpon-Wellspring, F|
|poke|p2|Glimmora, M|
|teampreview
|
|t:|1760781874
|teamsize|p1|6
|teamsize|p2|6
|start
|switch|p1a: Forretress|Forretress, M|100/100
|switch|p2a: Ogerpon|Ogerpon-Wellspring, F|100/100
|turn|1
|inactive|Battle timer is ON: inactive players will automatically lose when time's up. (requested by WesLlocke)
|
|t:|1760781880
|move|p2a: Ogerpon|Ivy Cudgel|p1a: Forretress|[anim] Ivy Cudgel Water
|-crit|p1a: Forretress
|-damage|p1a: Forretress|50/100
|move|p1a: Forretress|Stealth Rock|p2a: Ogerpon
|-sidestart|p2: WesLlocke|move: Stealth Rock
|
|upkeep
|turn|2
|
|t:|1760781894
|move|p2a: Ogerpon|Spikes|p1a: Forretress
|-sidestart|p1: venator|Spikes
|move|p1a: Forretress|Body Press|p2a: Ogerpon
|-damage|p2a: Ogerpon|60/100
|
|upkeep
|turn|3
|
|t:|1760781901
|switch|p2a: Ceruledge|Ceruledge, M|100/100
|-damage|p2a: Ceruledge|76/100|[from] Stealth Rock
|move|p1a: Forretress|Rapid Spin|p2a: Ceruledge
|-immune|p2a: Ceruledge
|
|upkeep
|turn|4
|
|t:|1760781911
|switch|p1a: Toxapex|Toxapex, F|100/100
|-damage|p1a: Toxapex|88/100|[from] Spikes
|move|p2a: Ceruledge|Bitter Blade|p1a: Toxapex
|-resisted|p1a: Toxapex
|-damage|p1a: Toxapex|74/100
|-heal|p2a: Ceruledge|83/100|[from] drain|[of] p1a: Toxapex
|
|-heal|p1a: Toxapex|80/100|[from] item: Leftovers
|upkeep
|turn|5
|
|t:|1760781929
|switch|p2a: Glimmora|Glimmora, M|100/100
|-damage|p2a: Glimmora|88/100|[from] Stealth Rock
|move|p1a: Toxapex|Water Pulse|p2a: Glimmora
|-supereffective|p2a: Glimmora
|-damage|p2a: Glimmora|53/100
|
|-heal|p1a: Toxapex|87/100|[from] item: Leftovers
|upkeep
|turn|6
|
|t:|1760781939
|move|p2a: Glimmora|Mortal Spin|p1a: Toxapex
|-resisted|p1a: Toxapex
|-damage|p1a: Toxapex|85/100
|-sideend|p2: WesLlocke|Stealth Rock|[from] move: Mortal Spin|[of] p2a: Glimmora
|move|p1a: Toxapex|Water Pulse|p2a: Glimmora
|-supereffective|p2a: Glimmora
|-damage|p2a: Glimmora|17/100
|
|-heal|p1a: Toxapex|91/100|[from] item: Leftovers
|upkeep
|turn|7
|
|t:|1760781948
|move|p2a: Glimmora|Stealth Rock|p1a: Toxapex
|-sidestart|p1: venator|move: Stealth Rock
|move|p1a: Toxapex|Water Pulse|p2a: Glimmora
|-supereffective|p2a: Glimmora
|-damage|p2a: Glimmora|0 fnt
|faint|p2a: Glimmora
|
|-heal|p1a: Toxapex|97/100|[from] item: Leftovers
|upkeep
|
|t:|1760781955
|switch|p2a: Hatterene|Hatterene, F|100/100
|turn|8
|
|t:|1760781960
|move|p1a: Toxapex|Water Pulse|p2a: Hatterene
|-damage|p2a: Hatterene|94/100
|move|p2a: Hatterene|Psychic Noise|p1a: Toxapex
|-supereffective|p1a: Toxapex
|-damage|p1a: Toxapex|26/100
|-start|p1a: Toxapex|move: Heal Block
|
|upkeep
|turn|9
|
|t:|1760781970
|-terastallize|p1a: Toxapex|Dark
|move|p1a: Toxapex|Water Pulse|p2a: Hatterene
|-damage|p2a: Hatterene|86/100
|move|p2a: Hatterene|Psychic Noise|p1a: Toxapex
|-immune|p1a: Toxapex
|
|-end|p1a: Toxapex|move: Heal Block
|upkeep
|turn|10
|
|t:|1760781981
|switch|p1a: Forretress|Forretress, M|50/100
|-damage|p1a: Forretress|38/100|[from] Spikes
|-damage|p1a: Forretress|25/100|[from] Stealth Rock
|move|p2a: Hatterene|Draining Kiss|p1a: Forretress
|-resisted|p1a: Forretress
|-damage|p1a: Forretress|8/100
|-heal|p2a: Hatterene|100/100|[from] drain|[of] p1a: Forretress
|
|upkeep
|turn|11
|
|t:|1760781991
|switch|p2a: Ceruledge|Ceruledge, M|83/100
|move|p1a: Forretress|Rapid Spin|p2a: Ceruledge
|-immune|p2a: Ceruledge
|
|upkeep
|turn|12
|
|t:|1760781998
|move|p2a: Ceruledge|Bitter Blade|p1a: Forretress
|-supereffective|p1a: Forretress
|-damage|p1a: Forretress|0 fnt
|-heal|p2a: Ceruledge|87/100|[from] drain|[of] p1a: Forretress
|faint|p1a: Forretress
|
|upkeep
|
|t:|1760782009
|switch|p1a: Dragonite|Dragonite, M|100/100
|turn|13
|
|t:|1760782012
|move|p2a: Ceruledge|Poltergeist|p1a: Dragonite
|-activate|p1a: Dragonite|move: Poltergeist|Heavy-Duty Boots
|-damage|p1a: Dragonite|66/100
|move|p1a: Dragonite|Dragon Dance|p1a: Dragonite
|-boost|p1a: Dragonite|atk|1
|-boost|p1a: Dragonite|spe|1
|
|upkeep
|turn|14
|
|t:|1760782021
|move|p2a: Ceruledge|Endure|p2a: Ceruledge
|-singleturn|p2a: Ceruledge|move: Endure
|move|p1a: Dragonite|Earthquake|p2a: Ceruledge
|-supereffective|p2a: Ceruledge
|-activate|p2a: Ceruledge|move: Endure
|-damage|p2a: Ceruledge|1/100
|-ability|p2a: Ceruledge|Weak Armor|boost
|-unboost|p2a: Ceruledge|def|1
|-boost|p2a: Ceruledge|spe|2
|-enditem|p2a: Ceruledge|Weakness Policy
|-boost|p2a: Ceruledge|atk|2|[from] item: Weakness Policy
|-boost|p2a: Ceruledge|spa|2|[from] item: Weakness Policy
|
|upkeep
|turn|15
|
|t:|1760782034
|move|p2a: Ceruledge|Poltergeist|p1a: Dragonite
|-activate|p1a: Dragonite|move: Poltergeist|Heavy-Duty Boots
|-damage|p1a: Dragonite|0 fnt
|faint|p1a: Dragonite
|
|upkeep
|
|t:|1760782043
|switch|p1a: Toxapex|Toxapex, F, tera:Dark|59/100
|-damage|p1a: Toxapex|47/100|[from] Spikes
|-damage|p1a: Toxapex|34/100|[from] Stealth Rock
|turn|16
|
|t:|1760782048
|move|p2a: Ceruledge|Close Combat|p1a: Toxapex
|-supereffective|p1a: Toxapex
|-damage|p1a: Toxapex|0 fnt
|-unboost|p2a: Ceruledge|def|1
|-unboost|p2a: Ceruledge|spd|1
|faint|p1a: Toxapex
|
|upkeep
|
|t:|1760782057
|switch|p1a: Magcargo|Magcargo, M|100/100
|-damage|p1a: Magcargo|88/100|[from] Spikes
|-damage|p1a: Magcargo|63/100|[from] Stealth Rock
|turn|17
|
|t:|1760782063
|move|p2a: Ceruledge|Close Combat|p1a: Magcargo
|-supereffective|p1a: Magcargo
|-damage|p1a: Magcargo|0 fnt
|-unboost|p2a: Ceruledge|def|1
|-unboost|p2a: Ceruledge|spd|1
|faint|p1a: Magcargo
|
|upkeep
|
|t:|1760782070
|switch|p1a: Hatterene|Hatterene, F|100/100
|-damage|p1a: Hatterene|88/100|[from] Spikes
|-damage|p1a: Hatterene|76/100|[from] Stealth Rock
|turn|18
|
|t:|1760782078
|move|p2a: Ceruledge|Bitter Blade|p1a: Hatterene
|-damage|p1a: Hatterene|0 fnt
|-heal|p2a: Ceruledge|42/100|[from] drain|[of] p1a: Hatterene
|faint|p1a: Hatterene
|
|upkeep
|-message|venator forfeited.
|
|win|WesLlocke
|raw|venator's rating: 1203 &rarr; <strong>1177</strong><br />(-26 for losing)
|raw|WesLlocke's rating: 1196 &rarr; <strong>1222</strong><br />(+26 for winning)
|l|☆venator
|player|p1|
|l|☆WesLlocke
|player|p2|
