|j|☆ykykp
|j|☆streetswontforget
|t:|1760885787
|gametype|singles
|player|p1|ykykp|266|1464
|player|p2|streetswontforget|beauty-gen6xy|1497
|gen|9
|tier|[Gen 9] OU
|rated|
|rule|HP Percentage Mod: HP is shown in percentages
|rule|Endless Battle Clause: Forcing endless battles is banned
|rule|Species Clause: Limit one of each Pokémon
|rule|OHKO Clause: OHKO moves are banned
|rule|Evasion Items Clause: Evasion items are banned
|rule|Evasion Moves Clause: Evasion moves are banned
|rule|Evasion Abilities Clause: Evasion abilities are banned
|rule|Sleep Moves Clause: Sleep-inducing moves are banned
|clearpoke
|poke|p1|Gardevoir, M|
|poke|p1|Sylveon, F|
|poke|p1|Maushold-Four|
|poke|p1|Deoxys-Speed|
|poke|p1|Iron Moth|
|poke|p1|Keldeo-Resolute|
|poke|p2|Garchomp, M|
|poke|p2|Darkrai|
|poke|p2|Gholdengo|
|poke|p2|Ogerpon-Wellspring, F|
|poke|p2|Iron Valiant|
|poke|p2|Iron Treads|
|teampreview
|inactive|Battle timer is ON: inactive players will automatically lose when time's up. (requested by streetswontforget)
|
|t:|1760885799
|teamsize|p1|6
|teamsize|p2|6
|start
|switch|p1a: Keldeo|Keldeo-Resolute|100/100
|switch|p2a: Darkrai|Darkrai|100/100
|turn|1
|
|t:|1760885811
|switch|p2a: Gholdengo|Gholdengo|100/100
|-item|p2a: Gholdengo|Air Balloon
|move|p1a: Keldeo|Secret Sword|p2a: Gholdengo
|-immune|p2a: Gholdengo
|
|upkeep
|turn|2
|
|t:|1760885814
|move|p1a: Keldeo|Surf|p2a: Gholdengo
|-crit|p2a: Gholdengo
|-damage|p2a: Gholdengo|33/100
|-enditem|p2a: Gholdengo|Air Balloon
|move|p2a: Gholdengo|Thunder Wave|p1a: Keldeo
|-status|p1a: Keldeo|par
|
|upkeep
|turn|3
|
|t:|1760885821
|move|p2a: Gholdengo|Recover|p2a: Gholdengo
|-heal|p2a: Gholdengo|83/100
|cant|p1a: Keldeo|par
|
|upkeep
|turn|4
|
|t:|1760885827
|move|p2a: Gholdengo|Hex|p1a: Keldeo
|-damage|p1a: Keldeo|33/100 par
|move|p1a: Keldeo|Surf|p2a: Gholdengo
|-damage|p2a: Gholdengo|41/100
|
|upkeep
|turn|5
|
|t:|1760885831
|move|p2a: Gholdengo|Recover|p2a: Gholdengo
|-heal|p2a: Gholdengo|91/100
|cant|p1a: Keldeo|par
|
|upkeep
|turn|6
|
|t:|1760885834
|move|p2a: Gholdengo|Hex|p1a: Keldeo
|-damage|p1a: Keldeo|0 fnt
|faint|p1a: Keldeo
|
|upkeep
|
|t:|1760885836
|switch|p1a: Iron Moth|Iron Moth|100/100
|-enditem|p1a: Iron Moth|Booster Energy
|-activate|p1a: Iron Moth|ability: Quark Drive|[fromitem]
|-start|p1a: Iron Moth|quarkdrivespe
|turn|7
|
|t:|1760885839
|switch|p2a: Garchomp|Garchomp, M|100/100
|move|p1a: Iron Moth|Substitute|p1a: Iron Moth
|-start|p1a: Iron Moth|Substitute
|-damage|p1a: Iron Moth|76/100
|
|upkeep
|turn|8
|
|t:|1760885844
|move|p1a: Iron Moth|Fiery Dance|p2a: Garchomp
|-resisted|p2a: Garchomp
|-damage|p2a: Garchomp|82/100
|-boost|p1a: Iron Moth|spa|1
|move|p2a: Garchomp|Earthquake|p1a: Iron Moth
|-supereffective|p1a: Iron Moth
|-end|p1a: Iron Moth|Substitute
|
|upkeep
|turn|9
|
|t:|1760885857
|-terastallize|p1a: Iron Moth|Grass
|move|p1a: Iron Moth|Substitute|p1a: Iron Moth
|-start|p1a: Iron Moth|Substitute
|-damage|p1a: Iron Moth|51/100
|move|p2a: Garchomp|Earthquake|p1a: Iron Moth
|-resisted|p1a: Iron Moth
|-end|p1a: Iron Moth|Substitute
|
|upkeep
|turn|10
|
|t:|1760885862
|move|p1a: Iron Moth|Energy Ball|p2a: Garchomp
|-damage|p2a: Garchomp|15/100
|move|p2a: Garchomp|Earthquake|p1a: Iron Moth
|-resisted|p1a: Iron Moth
|-damage|p1a: Iron Moth|17/100
|
|upkeep
|turn|11
|
|t:|1760885867
|move|p1a: Iron Moth|Fiery Dance|p2a: Garchomp
|-resisted|p2a: Garchomp
|-damage|p2a: Garchomp|0 fnt
|-boost|p1a: Iron Moth|spa|1
|faint|p2a: Garchomp
|
|upkeep
|
|t:|1760885871
|switch|p2a: Iron Valiant|Iron Valiant|100/100
|-enditem|p2a: Iron Valiant|Booster Energy
|-activate|p2a: Iron Valiant|ability: Quark Drive|[fromitem]
|-start|p2a: Iron Valiant|quarkdrivespe
|turn|12
|
|t:|1760885875
|-end|p1a: Iron Moth|Quark Drive|[silent]
|switch|p1a: Sylveon|Sylveon, F|100/100
|move|p2a: Iron Valiant|Moonblast|p1a: Sylveon
|-damage|p1a: Sylveon|70/100
|-unboost|p1a: Sylveon|spa|1
|
|upkeep
|turn|13
|
|t:|1760885879
|-terastallize|p2a: Iron Valiant|Electric
|move|p2a: Iron Valiant|Calm Mind|p2a: Iron Valiant
|-boost|p2a: Iron Valiant|spa|1
|-boost|p2a: Iron Valiant|spd|1
|move|p1a: Sylveon|Hyper Voice|p2a: Iron Valiant
|-damage|p2a: Iron Valiant|33/100
|
|upkeep
|turn|14
|
|t:|1760885882
|move|p2a: Iron Valiant|Thunderbolt|p1a: Sylveon
|-damage|p1a: Sylveon|23/100
|move|p1a: Sylveon|Hyper Voice|p2a: Iron Valiant
|-damage|p2a: Iron Valiant|0 fnt
|faint|p2a: Iron Valiant
|-end|p2a: Iron Valiant|Quark Drive|[silent]
|
|upkeep
|
|t:|1760885887
|switch|p2a: Ogerpon|Ogerpon-Wellspring, F|100/100
|turn|15
|
|t:|1760885891
|switch|p1a: Iron Moth|Iron Moth, tera:Grass|17/100
|move|p2a: Ogerpon|Trailblaze|p1a: Iron Moth
|-resisted|p1a: Iron Moth
|-damage|p1a: Iron Moth|0 fnt
|-boost|p2a: Ogerpon|spe|1
|faint|p1a: Iron Moth
|-end|p1a: Iron Moth|Quark Drive|[silent]
|
|upkeep
|
|t:|1760885894
|switch|p1a: Maushold|Maushold-Four|100/100
|turn|16
|
|t:|1760885902
|switch|p2a: Iron Treads|Iron Treads|100/100
|move|p1a: Maushold|Population Bomb|p2a: Iron Treads
|-resisted|p2a: Iron Treads
|-damage|p2a: Iron Treads|95/100
|-resisted|p2a: Iron Treads
|-damage|p2a: Iron Treads|91/100
|-resisted|p2a: Iron Treads
|-damage|p2a: Iron Treads|86/100
|-resisted|p2a: Iron Treads
|-damage|p2a: Iron Treads|81/100
|-resisted|p2a: Iron Treads
|-damage|p2a: Iron Treads|76/100
|-resisted|p2a: Iron Treads
|-damage|p2a: Iron Treads|72/100
|-resisted|p2a: Iron Treads
|-damage|p2a: Iron Treads|67/100
|-resisted|p2a: Iron Treads
|-damage|p2a: Iron Treads|63/100
|-resisted|p2a: Iron Treads
|-damage|p2a: Iron Treads|58/100
|-resisted|p2a: Iron Treads
|-damage|p2a: Iron Treads|54/100
|-hitcount|p2a: Iron Treads|10
|
|-heal|p2a: Iron Treads|60/100|[from] item: Leftovers
|upkeep
|turn|17
|
|t:|1760885907
|move|p1a: Maushold|Tidy Up|p1a: Maushold
|-boost|p1a: Maushold|atk|1
|-boost|p1a: Maushold|spe|1
|move|p2a: Iron Treads|Earthquake|p1a: Maushold
|-damage|p1a: Maushold|39/100
|
|-heal|p2a: Iron Treads|66/100|[from] item: Leftovers
|upkeep
|turn|18
|
|t:|1760885912
|move|p1a: Maushold|Population Bomb|p2a: Iron Treads
|-resisted|p2a: Iron Treads
|-damage|p2a: Iron Treads|58/100
|-resisted|p2a: Iron Treads
|-damage|p2a: Iron Treads|52/100
|-resisted|p2a: Iron Treads
|-damage|p2a: Iron Treads|43/100
|-resisted|p2a: Iron Treads
|-damage|p2a: Iron Treads|37/100
|-resisted|p2a: Iron Treads
|-damage|p2a: Iron Treads|29/100
|-resisted|p2a: Iron Treads
|-damage|p2a: Iron Treads|23/100
|-resisted|p2a: Iron Treads
|-damage|p2a: Iron Treads|16/100
|-resisted|p2a: Iron Treads
|-damage|p2a: Iron Treads|9/100
|-resisted|p2a: Iron Treads
|-damage|p2a: Iron Treads|1/100
|-resisted|p2a: Iron Treads
|-damage|p2a: Iron Treads|0 fnt
|faint|p2a: Iron Treads
|-end|p2a: Iron Treads|Quark Drive|[silent]
|-hitcount|p2: Iron Treads|10
|
|upkeep
|
|t:|1760885916
|switch|p2a: Gholdengo|Gholdengo|91/100
|turn|19
|
|t:|1760885920
|move|p1a: Maushold|Bite|p2a: Gholdengo
|-supereffective|p2a: Gholdengo
|-crit|p2a: Gholdengo
|-damage|p2a: Gholdengo|17/100
|move|p2a: Gholdengo|Make It Rain|p1a: Maushold
|-damage|p1a: Maushold|0 fnt
|-unboost|p2a: Gholdengo|spa|1
|faint|p1a: Maushold
|
|upkeep
|
|t:|1760885923
|switch|p1a: Deoxys|Deoxys-Speed|100/100
|-ability|p1a: Deoxys|Pressure
|turn|20
|
|t:|1760885926
|move|p1a: Deoxys|Knock Off|p2a: Gholdengo
|-supereffective|p2a: Gholdengo
|-damage|p2a: Gholdengo|0 fnt
|faint|p2a: Gholdengo
|-damage|p1a: Deoxys|91/100|[from] item: Life Orb
|
|upkeep
|
|t:|1760885928
|switch|p2a: Darkrai|Darkrai|100/100
|turn|21
|
|t:|1760885933
|switch|p1a: Gardevoir|Gardevoir, M|100/100
|-ability|p1a: Gardevoir|Bad Dreams|Trace|[from] ability: Trace|[of] p2a: Darkrai
|move|p2a: Darkrai|Dark Pulse|p1a: Gardevoir
|-damage|p1a: Gardevoir|63/100
|
|upkeep
|turn|22
|
|t:|1760885936
|move|p2a: Darkrai|Sludge Bomb|p1a: Gardevoir
|-supereffective|p1a: Gardevoir
|-damage|p1a: Gardevoir|8/100
|move|p1a: Gardevoir|Trick Room|p1a: Gardevoir
|-fieldstart|move: Trick Room|[of] p1a: Gardevoir
|
|upkeep
|turn|23
|
|t:|1760885940
|move|p1a: Gardevoir|Healing Wish|p1a: Gardevoir
|faint|p1a: Gardevoir
|move|p2a: Darkrai|Sludge Bomb|p1: Gardevoir|[notarget]
|-fail|p2a: Darkrai
|
|upkeep
|
|t:|1760885941
|switch|p1a: Sylveon|Sylveon, F|23/100
|-heal|p1a: Sylveon|100/100|[from] move: Healing Wish
|turn|24
|
|t:|1760885944
|move|p1a: Sylveon|Hyper Voice|p2a: Darkrai
|-supereffective|p2a: Darkrai
|-damage|p2a: Darkrai|0 fnt
|faint|p2a: Darkrai
|
|upkeep
|
|t:|1760885946
|switch|p2a: Ogerpon|Ogerpon-Wellspring, F|100/100
|turn|25
|
|t:|1760885952
|move|p1a: Sylveon|Hyper Voice|p2a: Ogerpon
|-damage|p2a: Ogerpon|12/100
|move|p2a: Ogerpon|Ivy Cudgel|p1a: Sylveon|[anim] Ivy Cudgel Water
|-damage|p1a: Sylveon|32/100
|
|upkeep
|turn|26
|
|t:|1760885958
|move|p1a: Sylveon|Hyper Voice|p2a: Ogerpon
|-crit|p2a: Ogerpon
|-damage|p2a: Ogerpon|0 fnt
|faint|p2a: Ogerpon
|
|win|ykykp
|raw|ykykp's rating: 1464 &rarr; <strong>1486</strong><br />(+22 for winning)
|raw|streetswontforget's rating: 1497 &rarr; <strong>1475</strong><br />(-22 for losing)
|l|☆ykykp
|player|p1|
|l|☆streetswontforget
|player|p2|
