|j|☆anewajou
|j|☆Abracadaver
|t:|1760725996
|gametype|singles
|player|p1|anewajou|266|1466
|player|p2|Abracadaver|2|1474
|gen|9
|tier|[Gen 9] OU
|rated|
|rule|HP Percentage Mod: HP is shown in percentages
|rule|Endless Battle Clause: Forcing endless battles is banned
|rule|Species Clause: Limit one of each Pokémon
|rule|OHKO Clause: OHKO moves are banned
|rule|Evasion Items Clause: Evasion items are banned
|rule|Evasion Moves Clause: Evasion moves are banned
|rule|Evasion Abilities Clause: Evasion abilities are banned
|rule|Sleep Moves Clause: Sleep-inducing moves are banned
|clearpoke
|poke|p1|Frosmoth, F|
|poke|p1|Heatran, M|
|poke|p1|Ninetales-Alola, M|
|poke|p1|Dragapult, M|
|poke|p1|Quaquaval, M|
|poke|p1|Conkeldurr, M|
|poke|p2|Ceruledge, F|
|poke|p2|Mimikyu, M|
|poke|p2|Dragonite, M|
|poke|p2|Umbreon, F|
|poke|p2|Zapdos|
|poke|p2|Gastrodon-East, M|
|teampreview
|inactive|Battle timer is ON: inactive players will automatically lose when time's up. (requested by Abracadaver)
|
|t:|1760726034
|teamsize|p1|6
|teamsize|p2|6
|start
|switch|p1a: Ninetales|Ninetales-Alola, M|100/100
|switch|p2a: Ceruledge|Ceruledge, F|100/100
|-weather|Snowscape|[from] ability: Snow Warning|[of] p1a: Ninetales
|turn|1
|
|t:|1760726041
|move|p1a: Ninetales|Aurora Veil|p1a: Ninetales
|-sidestart|p1: anewajou|move: Aurora Veil
|move|p2a: Ceruledge|Bitter Blade|p1a: Ninetales
|-supereffective|p1a: Ninetales
|-damage|p1a: Ninetales|63/100
|
|-weather|Snowscape|[upkeep]
|upkeep
|turn|2
|
|t:|1760726048
|move|p1a: Ninetales|Disable|p2a: Ceruledge
|-start|p2a: Ceruledge|Disable|Bitter Blade
|move|p2a: Ceruledge|Swords Dance|p2a: Ceruledge
|-boost|p2a: Ceruledge|atk|2
|
|-weather|Snowscape|[upkeep]
|upkeep
|turn|3
|
|t:|1760726054
|move|p2a: Ceruledge|Shadow Sneak|p1a: Ninetales
|-damage|p1a: Ninetales|45/100
|move|p1a: Ninetales|Encore|p2a: Ceruledge
|-start|p2a: Ceruledge|Encore
|
|-weather|Snowscape|[upkeep]
|upkeep
|turn|4
|
|t:|1760726062
|switch|p1a: Conkeldurr|Conkeldurr, M|100/100
|move|p2a: Ceruledge|Shadow Sneak|p1a: Conkeldurr
|-damage|p1a: Conkeldurr|77/100
|
|-weather|Snowscape|[upkeep]
|-heal|p1a: Conkeldurr|83/100|[from] item: Leftovers
|upkeep
|turn|5
|
|t:|1760726080
|switch|p2a: Zapdos|Zapdos|100/100
|move|p1a: Conkeldurr|Ice Punch|p2a: Zapdos
|-supereffective|p2a: Zapdos
|-damage|p2a: Zapdos|36/100
|
|-weather|none
|-heal|p1a: Conkeldurr|89/100|[from] item: Leftovers
|upkeep
|turn|6
|
|t:|1760726088
|move|p2a: Zapdos|Roost|p2a: Zapdos
|-heal|p2a: Zapdos|86/100
|-singleturn|p2a: Zapdos|move: Roost
|move|p1a: Conkeldurr|Earthquake|p2a: Zapdos
|-supereffective|p2a: Zapdos
|-damage|p2a: Zapdos|0 fnt
|faint|p2a: Zapdos
|
|-heal|p1a: Conkeldurr|96/100|[from] item: Leftovers
|upkeep
|
|t:|1760726097
|switch|p2a: Mimikyu|Mimikyu, M|100/100
|turn|7
|
|t:|1760726099
|move|p2a: Mimikyu|Swords Dance|p2a: Mimikyu
|-boost|p2a: Mimikyu|atk|2
|move|p1a: Conkeldurr|Ice Punch|p2a: Mimikyu
|-activate|p2a: Mimikyu|ability: Disguise
|-damage|p2a: Mimikyu|100/100
|detailschange|p2a: Mimikyu|Mimikyu-Busted, M
|-damage|p2a: Mimikyu|88/100|[from] pokemon: Mimikyu-Busted
|
|-heal|p1a: Conkeldurr|100/100|[from] item: Leftovers
|upkeep
|turn|8
|
|t:|1760726110
|move|p2a: Mimikyu|Play Rough|p1a: Conkeldurr
|-supereffective|p1a: Conkeldurr
|-damage|p1a: Conkeldurr|6/100
|-damage|p2a: Mimikyu|78/100|[from] item: Life Orb
|move|p1a: Conkeldurr|Earthquake|p2a: Mimikyu
|-damage|p2a: Mimikyu|16/100
|
|-heal|p1a: Conkeldurr|12/100|[from] item: Leftovers
|-sideend|p1: anewajou|move: Aurora Veil
|upkeep
|turn|9
|inactive|anewajou has 120 seconds left.
|
|t:|1760726143
|switch|p1a: Frosmoth|Frosmoth, F|100/100
|move|p2a: Mimikyu|Drain Punch|p1a: Frosmoth
|-damage|p1a: Frosmoth|20/100
|-heal|p2a: Mimikyu|70/100|[from] drain|[of] p1a: Frosmoth
|-damage|p2a: Mimikyu|60/100|[from] item: Life Orb
|
|-heal|p1a: Frosmoth|26/100|[from] item: Leftovers
|upkeep
|turn|10
|inactive|anewajou has 120 seconds left.
|
|t:|1760726157
|move|p2a: Mimikyu|Drain Punch|p1a: Frosmoth
|-damage|p1a: Frosmoth|0 fnt
|-heal|p2a: Mimikyu|77/100|[from] drain|[of] p1a: Frosmoth
|faint|p1a: Frosmoth
|-damage|p2a: Mimikyu|67/100|[from] item: Life Orb
|
|upkeep
|
|t:|1760726159
|switch|p1a: Heatran|Heatran, M|100/100
|-item|p1a: Heatran|Air Balloon
|turn|11
|
|t:|1760726167
|move|p2a: Mimikyu|Drain Punch|p1a: Heatran
|-supereffective|p1a: Heatran
|-damage|p1a: Heatran|21/100
|-heal|p2a: Mimikyu|100/100|[from] drain|[of] p1a: Heatran
|-enditem|p1a: Heatran|Air Balloon
|-damage|p2a: Mimikyu|91/100|[from] item: Life Orb
|move|p1a: Heatran|Will-O-Wisp|p2a: Mimikyu
|-status|p2a: Mimikyu|brn
|
|-damage|p2a: Mimikyu|85/100 brn|[from] brn
|upkeep
|turn|12
|
|t:|1760726178
|move|p2a: Mimikyu|Swords Dance|p2a: Mimikyu
|-boost|p2a: Mimikyu|atk|2
|move|p1a: Heatran|Stealth Rock|p2a: Mimikyu
|-sidestart|p2: Abracadaver|move: Stealth Rock
|
|-damage|p2a: Mimikyu|79/100 brn|[from] brn
|upkeep
|turn|13
|
|t:|1760726185
|move|p2a: Mimikyu|Drain Punch|p1a: Heatran
|-supereffective|p1a: Heatran
|-damage|p1a: Heatran|0 fnt
|-heal|p2a: Mimikyu|95/100 brn|[from] drain|[of] p1a: Heatran
|faint|p1a: Heatran
|-damage|p2a: Mimikyu|85/100 brn|[from] item: Life Orb
|
|-damage|p2a: Mimikyu|79/100 brn|[from] brn
|upkeep
|
|t:|1760726188
|switch|p1a: Ninetales|Ninetales-Alola, M|45/100
|-weather|Snowscape|[from] ability: Snow Warning|[of] p1a: Ninetales
|turn|14
|
|t:|1760726199
|move|p2a: Mimikyu|Shadow Sneak|p1a: Ninetales
|-damage|p1a: Ninetales|21/100
|-damage|p2a: Mimikyu|69/100 brn|[from] item: Life Orb
|move|p1a: Ninetales|Aurora Veil|p1a: Ninetales
|-sidestart|p1: anewajou|move: Aurora Veil
|
|-weather|Snowscape|[upkeep]
|-damage|p2a: Mimikyu|63/100 brn|[from] brn
|upkeep
|turn|15
|
|t:|1760726213
|move|p1a: Ninetales|Disable|p2a: Mimikyu
|-start|p2a: Mimikyu|Disable|Shadow Sneak
|move|p2a: Mimikyu|Drain Punch|p1a: Ninetales
|-damage|p1a: Ninetales|7/100
|-heal|p2a: Mimikyu|73/100 brn|[from] drain|[of] p1a: Ninetales
|-damage|p2a: Mimikyu|63/100 brn|[from] item: Life Orb
|
|-weather|Snowscape|[upkeep]
|-damage|p2a: Mimikyu|57/100 brn|[from] brn
|upkeep
|turn|16
|
|t:|1760726225
|move|p1a: Ninetales|Freeze-Dry|p2a: Mimikyu
|-crit|p2a: Mimikyu
|-damage|p2a: Mimikyu|19/100 brn
|move|p2a: Mimikyu|Swords Dance|p2a: Mimikyu
|-boost|p2a: Mimikyu|atk|2
|
|-weather|Snowscape|[upkeep]
|-damage|p2a: Mimikyu|13/100 brn|[from] brn
|upkeep
|turn|17
|
|t:|1760726233
|move|p1a: Ninetales|Freeze-Dry|p2a: Mimikyu
|-damage|p2a: Mimikyu|0 fnt
|faint|p2a: Mimikyu
|
|-weather|Snowscape|[upkeep]
|upkeep
|
|t:|1760726247
|switch|p2a: Dragonite|Dragonite, M|100/100
|turn|18
|
|t:|1760726250
|switch|p1a: Quaquaval|Quaquaval, M|100/100
|move|p2a: Dragonite|Dragon Dance|p2a: Dragonite
|-boost|p2a: Dragonite|atk|1
|-boost|p2a: Dragonite|spe|1
|
|-weather|none
|upkeep
|turn|19
|
|t:|1760726261
|move|p2a: Dragonite|Earthquake|p1a: Quaquaval
|-damage|p1a: Quaquaval|64/100
|move|p1a: Quaquaval|Triple Axel|p2a: Dragonite
|-supereffective|p2a: Dragonite
|-damage|p2a: Dragonite|81/100
|-supereffective|p2a: Dragonite
|-damage|p2a: Dragonite|6/100
|-supereffective|p2a: Dragonite
|-damage|p2a: Dragonite|0 fnt
|faint|p2a: Dragonite
|-ability|p1a: Quaquaval|Moxie|boost
|-boost|p1a: Quaquaval|atk|1
|-hitcount|p2: Dragonite|3
|
|upkeep
|
|t:|1760726279
|switch|p2a: Ceruledge|Ceruledge, F|100/100
|-damage|p2a: Ceruledge|76/100|[from] Stealth Rock
|turn|20
|
|t:|1760726285
|switch|p2a: Gastrodon|Gastrodon-East, M, shiny|100/100
|-damage|p2a: Gastrodon|94/100|[from] Stealth Rock
|move|p1a: Quaquaval|Aqua Step|p2a: Gastrodon
|-ability|p2a: Gastrodon|Storm Drain|boost
|-boost|p2a: Gastrodon|spa|1
|
|-heal|p2a: Gastrodon|100/100|[from] item: Leftovers
|upkeep
|turn|21
|
|t:|1760726294
|move|p1a: Quaquaval|Triple Axel|p2a: Gastrodon
|-damage|p2a: Gastrodon|88/100
|-damage|p2a: Gastrodon|65/100
|-crit|p2a: Gastrodon
|-damage|p2a: Gastrodon|12/100
|-hitcount|p2a: Gastrodon|3
|move|p2a: Gastrodon|Earth Power|p1a: Quaquaval
|-damage|p1a: Quaquaval|27/100
|
|-heal|p2a: Gastrodon|18/100|[from] item: Leftovers
|-sideend|p1: anewajou|move: Aurora Veil
|upkeep
|turn|22
|c|☆Abracadaver|pff come on..
|
|t:|1760726310
|move|p1a: Quaquaval|Tera Blast|p2a: Gastrodon
|-damage|p2a: Gastrodon|6/100
|move|p2a: Gastrodon|Recover|p2a: Gastrodon
|-heal|p2a: Gastrodon|56/100
|
|-heal|p2a: Gastrodon|62/100|[from] item: Leftovers
|upkeep
|turn|23
|
|t:|1760726331
|-terastallize|p2a: Gastrodon|Steel
|move|p1a: Quaquaval|Triple Axel|p2a: Gastrodon
|-resisted|p2a: Gastrodon
|-damage|p2a: Gastrodon|56/100
|-resisted|p2a: Gastrodon
|-damage|p2a: Gastrodon|43/100
|-resisted|p2a: Gastrodon
|-damage|p2a: Gastrodon|25/100
|-hitcount|p2a: Gastrodon|3
|move|p2a: Gastrodon|Earth Power|p1a: Quaquaval
|-damage|p1a: Quaquaval|0 fnt
|faint|p1a: Quaquaval
|
|-heal|p2a: Gastrodon|31/100|[from] item: Leftovers
|upkeep
|
|t:|1760726343
|switch|p1a: Ninetales|Ninetales-Alola, M|7/100
|-weather|Snowscape|[from] ability: Snow Warning|[of] p1a: Ninetales
|turn|24
|
|t:|1760726354
|move|p1a: Ninetales|Aurora Veil|p1a: Ninetales
|-sidestart|p1: anewajou|move: Aurora Veil
|move|p2a: Gastrodon|Recover|p2a: Gastrodon
|-heal|p2a: Gastrodon|81/100
|
|-weather|Snowscape|[upkeep]
|-heal|p2a: Gastrodon|88/100|[from] item: Leftovers
|upkeep
|turn|25
|
|t:|1760726361
|switch|p2a: Ceruledge|Ceruledge, F|76/100
|-damage|p2a: Ceruledge|51/100|[from] Stealth Rock
|move|p1a: Ninetales|Encore||[still]
|-fail|p1a: Ninetales
|
|-weather|Snowscape|[upkeep]
|upkeep
|turn|26
|
|t:|1760726375
|switch|p1a: Conkeldurr|Conkeldurr, M|12/100
|move|p2a: Ceruledge|Swords Dance|p2a: Ceruledge
|-boost|p2a: Ceruledge|atk|2
|
|-weather|Snowscape|[upkeep]
|-heal|p1a: Conkeldurr|18/100|[from] item: Leftovers
|upkeep
|turn|27
|
|t:|1760726382
|move|p2a: Ceruledge|Shadow Sneak|p1a: Conkeldurr
|-damage|p1a: Conkeldurr|0 fnt
|faint|p1a: Conkeldurr
|
|-weather|Snowscape|[upkeep]
|upkeep
|
|t:|1760726387
|switch|p1a: Dragapult|Dragapult, M|100/100
|turn|28
|
|t:|1760726394
|-terastallize|p1a: Dragapult|Ghost
|move|p2a: Ceruledge|Shadow Sneak|p1a: Dragapult
|-supereffective|p1a: Dragapult
|-damage|p1a: Dragapult|47/100
|move|p1a: Dragapult|Tera Blast|p2a: Ceruledge|[anim] Tera Blast Ghost
|-supereffective|p2a: Ceruledge
|-damage|p2a: Ceruledge|0 fnt
|faint|p2a: Ceruledge
|
|-weather|none
|upkeep
|
|t:|1760726403
|switch|p2a: Umbreon|Umbreon, F, shiny|100/100
|-damage|p2a: Umbreon|88/100|[from] Stealth Rock
|turn|29
|
|t:|1760726406
|move|p1a: Dragapult|Will-O-Wisp|p2a: Umbreon
|-status|p2a: Umbreon|brn
|-activate|p2a: Umbreon|ability: Synchronize
|-status|p1a: Dragapult|brn
|move|p2a: Umbreon|Foul Play|p1a: Dragapult
|-supereffective|p1a: Dragapult
|-damage|p1a: Dragapult|20/100 brn
|
|-heal|p2a: Umbreon|94/100 brn|[from] item: Leftovers
|-damage|p1a: Dragapult|14/100 brn|[from] brn
|-damage|p2a: Umbreon|88/100 brn|[from] brn
|upkeep
|turn|30
|
|t:|1760726417
|switch|p1a: Ninetales|Ninetales-Alola, M|7/100
|-weather|Snowscape|[from] ability: Snow Warning|[of] p1a: Ninetales
|move|p2a: Umbreon|Wish|p2a: Umbreon
|
|-weather|Snowscape|[upkeep]
|-heal|p2a: Umbreon|94/100 brn|[from] item: Leftovers
|-damage|p2a: Umbreon|88/100 brn|[from] brn
|upkeep
|turn|31
|
|t:|1760726427
|switch|p2a: Gastrodon|Gastrodon-East, M, shiny, tera:Steel|88/100
|-damage|p2a: Gastrodon|81/100|[from] Stealth Rock
|move|p1a: Ninetales|Encore||[still]
|-fail|p1a: Ninetales
|
|-weather|Snowscape|[upkeep]
|-heal|p2a: Gastrodon|100/100|[from] move: Wish|[wisher] Umbreon
|-sideend|p1: anewajou|move: Aurora Veil
|upkeep
|turn|32
|-message|anewajou forfeited.
|
|win|Abracadaver
|raw|anewajou's rating: 1466 &rarr; <strong>1446</strong><br />(-20 for losing)
|raw|Abracadaver's rating: 1474 &rarr; <strong>1494</strong><br />(+20 for winning)
|l|☆anewajou
|player|p1|
|c|☆Abracadaver|ggs
|l|☆Abracadaver
|player|p2|
