|j|☆aquagoboom
|j|☆kageno yuhada
|t:|1760867185
|gametype|singles
|player|p1|aquagoboom|1|1559
|player|p2|kageno yuhada|alec-anime|1538
|gen|9
|tier|[Gen 9] OU
|rated|
|rule|HP Percentage Mod: HP is shown in percentages
|rule|Endless Battle Clause: Forcing endless battles is banned
|rule|Species Clause: Limit one of each Pokémon
|rule|OHKO Clause: OHKO moves are banned
|rule|Evasion Items Clause: Evasion items are banned
|rule|Evasion Moves Clause: Evasion moves are banned
|rule|Evasion Abilities Clause: Evasion abilities are banned
|rule|Sleep Moves Clause: Sleep-inducing moves are banned
|clearpoke
|poke|p1|Garchomp, M|
|poke|p1|Darkrai|
|poke|p1|Gholdengo|
|poke|p1|Ogerpon-Wellspring, F|
|poke|p1|Iron Valiant|
|poke|p1|Iron Treads|
|poke|p2|Iron Moth|
|poke|p2|Kingambit, M|
|poke|p2|Dragonite, M|
|poke|p2|Ogerpon-Cornerstone, F|
|poke|p2|Iron Valiant|
|poke|p2|Raging Bolt|
|teampreview
|inactive|Battle timer is ON: inactive players will automatically lose when time's up. (requested by kageno yuhada)
|inactive|aquagoboom has 120 seconds left.
|
|t:|1760867220
|teamsize|p1|6
|teamsize|p2|6
|start
|switch|p1a: Garchomp|Garchomp, M|100/100
|switch|p2a: Manahau|Ogerpon-Cornerstone, F|100/100
|turn|1
|
|t:|1760867227
|move|p2a: Manahau|Swords Dance|p2a: Manahau
|-boost|p2a: Manahau|atk|2
|move|p1a: Garchomp|Dragon Tail|p2a: Manahau
|-crit|p2a: Manahau
|-damage|p2a: Manahau|48/100
|drag|p2a: Adam|Iron Moth|100/100
|-enditem|p2a: Adam|Booster Energy
|-activate|p2a: Adam|ability: Quark Drive|[fromitem]
|-start|p2a: Adam|quarkdrivespe
|
|upkeep
|turn|2
|
|t:|1760867248
|-end|p2a: Adam|Quark Drive|[silent]
|switch|p2a: Manahau|Ogerpon-Cornerstone, F|48/100
|move|p1a: Garchomp|Stealth Rock|p2a: Manahau
|-sidestart|p2: kageno yuhada|move: Stealth Rock
|
|upkeep
|turn|3
|
|t:|1760867254
|move|p2a: Manahau|Knock Off|p1a: Garchomp
|-damage|p1a: Garchomp|75/100
|-damage|p2a: Manahau|36/100|[from] ability: Rough Skin|[of] p1a: Garchomp
|-damage|p2a: Manahau|19/100|[from] item: Rocky Helmet|[of] p1a: Garchomp
|-enditem|p1a: Garchomp|Rocky Helmet|[from] move: Knock Off|[of] p2a: Manahau
|move|p1a: Garchomp|Dragon Tail|p2a: Manahau
|-damage|p2a: Manahau|0 fnt
|faint|p2a: Manahau
|
|upkeep
|inactive|kageno yuhada has 120 seconds left.
|j| JonhP451
|
|t:|1760867283
|switch|p2a: Nina|Iron Valiant, shiny|100/100
|-damage|p2a: Nina|94/100|[from] Stealth Rock
|-enditem|p2a: Nina|Booster Energy
|-activate|p2a: Nina|ability: Quark Drive|[fromitem]
|-start|p2a: Nina|quarkdrivespe
|turn|4
|inactive|kageno yuhada has 120 seconds left.
|
|t:|1760867293
|move|p2a: Nina|Destiny Bond|p2a: Nina
|-singlemove|p2a: Nina|Destiny Bond
|move|p1a: Garchomp|Spikes|p2a: Nina
|-sidestart|p2: kageno yuhada|Spikes
|
|upkeep
|turn|5
|
|t:|1760867300
|move|p2a: Nina|Close Combat|p1a: Garchomp
|-damage|p1a: Garchomp|33/100
|-unboost|p2a: Nina|def|1
|-unboost|p2a: Nina|spd|1
|-damage|p2a: Nina|82/100|[from] ability: Rough Skin|[of] p1a: Garchomp
|move|p1a: Garchomp|Spikes|p2a: Nina
|-sidestart|p2: kageno yuhada|Spikes
|
|upkeep
|turn|6
|
|t:|1760867309
|switch|p1a: Gholdengo|Gholdengo|100/100
|-item|p1a: Gholdengo|Air Balloon
|move|p2a: Nina|Close Combat|p1a: Gholdengo
|-immune|p1a: Gholdengo
|
|upkeep
|turn|7
|
|t:|1760867317
|move|p2a: Nina|Destiny Bond|p2a: Nina
|-singlemove|p2a: Nina|Destiny Bond
|move|p1a: Gholdengo|Thunder Wave|p2a: Nina
|-status|p2a: Nina|par
|
|upkeep
|turn|8
|
|t:|1760867323
|switch|p1a: Garchomp|Garchomp, M|33/100
|move|p2a: Nina|Knock Off|p1a: Garchomp
|-damage|p1a: Garchomp|19/100
|-damage|p2a: Nina|69/100 par|[from] ability: Rough Skin|[of] p1a: Garchomp
|
|upkeep
|turn|9
|
|t:|1760867330
|move|p2a: Nina|Close Combat|p1a: Garchomp
|-damage|p1a: Garchomp|0 fnt
|-unboost|p2a: Nina|def|1
|-unboost|p2a: Nina|spd|1
|-damage|p2a: Nina|57/100 par|[from] ability: Rough Skin|[of] p1a: Garchomp
|faint|p1a: Garchomp
|
|upkeep
|
|t:|1760867347
|switch|p1a: Ogerpon|Ogerpon-Wellspring, F|100/100
|turn|10
|
|t:|1760867352
|move|p1a: Ogerpon|Ivy Cudgel|p2a: Nina|[anim] Ivy Cudgel Water
|-crit|p2a: Nina
|-damage|p2a: Nina|0 fnt
|faint|p2a: Nina
|-end|p2a: Nina|Quark Drive|[silent]
|
|upkeep
|
|t:|1760867357
|switch|p2a: Manoa|Dragonite, M|100/100
|turn|11
|
|t:|1760867361
|switch|p1a: Gholdengo|Gholdengo|100/100
|-item|p1a: Gholdengo|Air Balloon
|move|p2a: Manoa|Dragon Dance|p2a: Manoa
|-boost|p2a: Manoa|atk|1
|-boost|p2a: Manoa|spe|1
|
|upkeep
|turn|12
|
|t:|1760867373
|move|p2a: Manoa|Dragon Dance|p2a: Manoa
|-boost|p2a: Manoa|atk|1
|-boost|p2a: Manoa|spe|1
|move|p1a: Gholdengo|Thunder Wave|p2a: Manoa
|-status|p2a: Manoa|par
|
|upkeep
|turn|13
|
|t:|1760867381
|-terastallize|p2a: Manoa|Flying
|cant|p2a: Manoa|par
|move|p1a: Gholdengo|Hex|p2a: Manoa
|-damage|p2a: Manoa|71/100 par
|
|upkeep
|turn|14
|
|t:|1760867388
|cant|p2a: Manoa|par
|move|p1a: Gholdengo|Hex|p2a: Manoa
|-damage|p2a: Manoa|7/100 par
|
|upkeep
|turn|15
|
|t:|1760867395
|move|p2a: Manoa|Tera Blast|p1a: Gholdengo|[anim] Tera Blast Flying
|-resisted|p1a: Gholdengo
|-damage|p1a: Gholdengo|55/100
|-enditem|p1a: Gholdengo|Air Balloon
|move|p1a: Gholdengo|Hex|p2a: Manoa
|-damage|p2a: Manoa|0 fnt
|faint|p2a: Manoa
|
|upkeep
|-message|kageno yuhada forfeited.
|
|win|aquagoboom
|raw|aquagoboom's rating: 1559 &rarr; <strong>1578</strong><br />(+19 for winning)
|raw|kageno yuhada's rating: 1538 &rarr; <strong>1519</strong><br />(-19 for losing)
|l|☆kageno yuhada
|player|p2|
|l|☆aquagoboom
|player|p1|
|l| JonhP451
