|j|☆lord ivory
|j|☆Ac_30
|t:|1760722654
|gametype|singles
|player|p1|lord ivory|palmer|1410
|player|p2|Ac_30|dancer|1396
|gen|9
|tier|[Gen 9] OU
|rated|
|rule|HP Percentage Mod: HP is shown in percentages
|rule|Endless Battle Clause: Forcing endless battles is banned
|rule|Species Clause: Limit one of each Pokémon
|rule|OHKO Clause: OHKO moves are banned
|rule|Evasion Items Clause: Evasion items are banned
|rule|Evasion Moves Clause: Evasion moves are banned
|rule|Evasion Abilities Clause: Evasion abilities are banned
|rule|Sleep Moves Clause: Sleep-inducing moves are banned
|clearpoke
|poke|p1|Dragonite, M|
|poke|p1|Gholdengo|
|poke|p1|Iron Treads|
|poke|p1|Quaquaval, M|
|poke|p1|Slowking-Galar, F|
|poke|p1|Ting-Lu|
|poke|p2|Scizor, M|
|poke|p2|Sinistcha|
|poke|p2|Araquanid, M|
|poke|p2|Chansey, F|
|poke|p2|Garganacl, M|
|poke|p2|Iron Hands|
|teampreview
|inactive|Battle timer is ON: inactive players will automatically lose when time's up. (requested by lord ivory)
|j| convilts
|
|t:|1760722667
|teamsize|p1|6
|teamsize|p2|6
|start
|switch|p1a: Quaquaval|Quaquaval, M|100/100
|switch|p2a: Rayman|Iron Hands|100/100
|turn|1
|
|t:|1760722677
|move|p1a: Quaquaval|U-turn|p2a: Rayman
|-resisted|p2a: Rayman
|-damage|p2a: Rayman|88/100
|
|t:|1760722681
|switch|p1a: Iron Treads|Iron Treads|100/100|[from] U-turn
|move|p2a: Rayman|Swords Dance|p2a: Rayman
|-boost|p2a: Rayman|atk|2
|
|upkeep
|turn|2
|
|t:|1760722697
|-terastallize|p2a: Rayman|Flying
|move|p1a: Iron Treads|Earthquake|p2a: Rayman
|-immune|p2a: Rayman
|move|p2a: Rayman|Drain Punch|p1a: Iron Treads
|-supereffective|p1a: Iron Treads
|-damage|p1a: Iron Treads|0 fnt
|-heal|p2a: Rayman|100/100|[from] drain|[of] p1a: Iron Treads
|faint|p1a: Iron Treads
|-end|p1a: Iron Treads|Quark Drive|[silent]
|
|upkeep
|l| convilts
|
|t:|1760722712
|switch|p1a: Ting-Lu|Ting-Lu|100/100
|-ability|p1a: Ting-Lu|Vessel of Ruin
|turn|3
|
|t:|1760722720
|-terastallize|p1a: Ting-Lu|Water
|move|p2a: Rayman|Drain Punch|p1a: Ting-Lu
|-damage|p1a: Ting-Lu|46/100
|move|p1a: Ting-Lu|Whirlwind|p2a: Rayman
|-end|p2a: Rayman|Quark Drive|[silent]
|drag|p2a: Oolong|Sinistcha|100/100
|
|-heal|p1a: Ting-Lu|52/100|[from] item: Leftovers
|upkeep
|turn|4
|
|t:|1760722737
|switch|p2a: Na|Garganacl, M, shiny|100/100
|move|p1a: Ting-Lu|Spikes|p2a: Na
|-sidestart|p2: Ac_30|Spikes
|
|-heal|p1a: Ting-Lu|58/100|[from] item: Leftovers
|upkeep
|turn|5
|
|t:|1760722747
|move|p1a: Ting-Lu|Earthquake|p2a: Na
|-supereffective|p2a: Na
|-damage|p2a: Na|53/100
|move|p2a: Na|Salt Cure|p1a: Ting-Lu
|-damage|p1a: Ting-Lu|51/100
|-start|p1a: Ting-Lu|Salt Cure
|
|-heal|p1a: Ting-Lu|57/100|[from] item: Leftovers
|-heal|p2a: Na|59/100|[from] item: Leftovers
|-damage|p1a: Ting-Lu|32/100|[from] Salt Cure
|upkeep
|turn|6
|
|t:|1760722756
|switch|p1a: Slowking|Slowking-Galar, F|100/100
|move|p2a: Na|Recover|p2a: Na
|-heal|p2a: Na|100/100
|
|upkeep
|turn|7
|
|t:|1760722759
|move|p2a: Na|Stealth Rock|p1a: Slowking
|-sidestart|p1: lord ivory|move: Stealth Rock
|move|p1a: Slowking|Future Sight|p2a: Na
|-start|p1a: Slowking|move: Future Sight
|
|upkeep
|turn|8
|
|t:|1760722778
|switch|p2a: Shang tsung|Chansey, F|100/100
|-damage|p2a: Shang tsung|88/100|[from] Spikes
|-prepare|p1a: Slowking|Chilly Reception|[premajor]
|move|p1a: Slowking|Chilly Reception|p1a: Slowking
|-weather|Snowscape
|
|t:|1760722781
|switch|p1a: Quaquaval|Quaquaval, M|100/100|[from] Chilly Reception
|-damage|p1a: Quaquaval|94/100|[from] Stealth Rock
|
|-weather|Snowscape|[upkeep]
|upkeep
|turn|9
|
|t:|1760722788
|move|p1a: Quaquaval|Aqua Step|p2a: Shang tsung
|-damage|p2a: Shang tsung|43/100
|-boost|p1a: Quaquaval|spe|1
|move|p2a: Shang tsung|Thunder Wave|p1a: Quaquaval
|-status|p1a: Quaquaval|par
|
|-weather|Snowscape|[upkeep]
|-end|p2a: Shang tsung|move: Future Sight
|-damage|p2a: Shang tsung|29/100
|upkeep
|turn|10
|
|t:|1760722806
|switch|p2a: Charlotte|Araquanid, M, shiny|100/100
|-damage|p2a: Charlotte|88/100|[from] Spikes
|move|p1a: Quaquaval|Aqua Step|p2a: Charlotte
|-resisted|p2a: Charlotte
|-damage|p2a: Charlotte|56/100
|-boost|p1a: Quaquaval|spe|1
|
|-weather|Snowscape|[upkeep]
|upkeep
|turn|11
|
|t:|1760722818
|switch|p1a: Gholdengo|Gholdengo|100/100
|-damage|p1a: Gholdengo|94/100|[from] Stealth Rock
|move|p2a: Charlotte|Liquidation|p1a: Gholdengo
|-damage|p1a: Gholdengo|47/100
|
|-weather|Snowscape|[upkeep]
|upkeep
|turn|12
|
|t:|1760722822
|move|p1a: Gholdengo|Shadow Ball|p2a: Charlotte
|-damage|p2a: Charlotte|28/100
|move|p2a: Charlotte|Liquidation|p1a: Gholdengo
|-damage|p1a: Gholdengo|1/100
|
|-weather|none
|upkeep
|turn|13
|
|t:|1760722829
|move|p2a: Charlotte|Endure|p2a: Charlotte
|-singleturn|p2a: Charlotte|move: Endure
|move|p1a: Gholdengo|Shadow Ball|p2a: Charlotte
|-activate|p2a: Charlotte|move: Endure
|-damage|p2a: Charlotte|1/100
|
|upkeep
|turn|14
|-enditem|p2a: Charlotte|Custap Berry|[eat]
|-activate|p2a: Charlotte|item: Custap Berry|[consumed]
|
|t:|1760722839
|move|p2a: Charlotte|Liquidation|p1a: Gholdengo
|-damage|p1a: Gholdengo|0 fnt
|faint|p1a: Gholdengo
|
|upkeep
|
|t:|1760722845
|switch|p1a: Dragonite|Dragonite, M|100/100
|turn|15
|
|t:|1760722849
|move|p1a: Dragonite|Extreme Speed|p2a: Charlotte
|-damage|p2a: Charlotte|0 fnt
|faint|p2a: Charlotte
|
|upkeep
|
|t:|1760722859
|switch|p2a: Rayman|Iron Hands, tera:Flying|100/100
|turn|16
|
|t:|1760722870
|move|p1a: Dragonite|Dragon Dance|p1a: Dragonite
|-boost|p1a: Dragonite|atk|1
|-boost|p1a: Dragonite|spe|1
|move|p2a: Rayman|Thunder Punch|p1a: Dragonite
|-damage|p1a: Dragonite|75/100
|
|upkeep
|turn|17
|
|t:|1760722878
|move|p1a: Dragonite|Dragon Dance|p1a: Dragonite
|-boost|p1a: Dragonite|atk|1
|-boost|p1a: Dragonite|spe|1
|move|p2a: Rayman|Ice Punch|p1a: Dragonite
|-supereffective|p1a: Dragonite
|-damage|p1a: Dragonite|0 fnt
|faint|p1a: Dragonite
|
|upkeep
|-message|lord ivory forfeited.
|
|win|Ac_30
|raw|lord ivory's rating: 1410 &rarr; <strong>1389</strong><br />(-21 for losing)
|raw|Ac_30's rating: 1396 &rarr; <strong>1417</strong><br />(+21 for winning)
|l|☆lord ivory
|player|p1|
|l|☆Ac_30
|player|p2|
