|j|☆AsierX
|j|☆wallik
|t:|1760786300
|gametype|singles
|player|p1|AsierX|skierf|1516
|player|p2|wallik|bugsy|1679
|gen|9
|tier|[Gen 9] OU
|rated|
|rule|HP Percentage Mod: HP is shown in percentages
|rule|Endless Battle Clause: Forcing endless battles is banned
|rule|Species Clause: Limit one of each Pokémon
|rule|OHKO Clause: OHKO moves are banned
|rule|Evasion Items Clause: Evasion items are banned
|rule|Evasion Moves Clause: Evasion moves are banned
|rule|Evasion Abilities Clause: Evasion abilities are banned
|rule|Sleep Moves Clause: Sleep-inducing moves are banned
|clearpoke
|poke|p1|Moltres-Galar|
|poke|p1|Zapdos-Galar|
|poke|p1|Ogerpon-Wellspring, F|
|poke|p1|Iron Boulder|
|poke|p1|Sandy Shocks|
|poke|p1|Cinderace, F|
|poke|p2|Cinderace, M|
|poke|p2|Great Tusk|
|poke|p2|Slowking-Galar, M|
|poke|p2|Corviknight, M|
|poke|p2|Raging Bolt|
|poke|p2|Whimsicott, F|
|teampreview
|
|t:|1760786309
|teamsize|p1|6
|teamsize|p2|6
|start
|switch|p1a: Birdbrain|Zapdos-Galar|100/100
|switch|p2a: Vape God|Raging Bolt|100/100
|turn|1
|
|t:|1760786314
|switch|p1a: 𝕷 𝖊 𝖌 𝖘|Sandy Shocks|100/100
|move|p2a: Vape God|Draco Meteor|p1a: 𝕷 𝖊 𝖌 𝖘
|-damage|p1a: 𝕷 𝖊 𝖌 𝖘|0 fnt
|-unboost|p2a: Vape God|spa|2
|faint|p1a: 𝕷 𝖊 𝖌 𝖘
|-end|p1a: 𝕷 𝖊 𝖌 𝖘|Protosynthesis|[silent]
|
|upkeep
|
|t:|1760786316
|switch|p1a: Big Bonk|Ogerpon-Wellspring, F|100/100
|turn|2
|
|t:|1760786318
|move|p1a: Big Bonk|Swords Dance|p1a: Big Bonk
|-boost|p1a: Big Bonk|atk|2
|move|p2a: Vape God|Draco Meteor|p1a: Big Bonk|[miss]
|-miss|p2a: Vape God|p1a: Big Bonk
|
|upkeep
|turn|3
|
|t:|1760786325
|-end|p2a: Vape God|Protosynthesis|[silent]
|switch|p2a: Ronaldo|Cinderace, M|100/100
|move|p1a: Big Bonk|Horn Leech|p2a: Ronaldo
|-resisted|p2a: Ronaldo
|-damage|p2a: Ronaldo|41/100
|
|upkeep
|turn|4
|
|t:|1760786329
|move|p2a: Ronaldo|U-turn|p1a: Big Bonk
|-start|p2a: Ronaldo|typechange|Bug|[from] ability: Libero
|-supereffective|p1a: Big Bonk
|-crit|p1a: Big Bonk
|-damage|p1a: Big Bonk|0 fnt
|faint|p1a: Big Bonk
|
|t:|1760786345
|switch|p2a: Vape God|Raging Bolt|100/100|[from] U-turn
|
|upkeep
|
|t:|1760786353
|switch|p1a: Battering Ram|Iron Boulder|100/100
|-enditem|p1a: Battering Ram|Booster Energy
|-activate|p1a: Battering Ram|ability: Quark Drive|[fromitem]
|-start|p1a: Battering Ram|quarkdrivespe
|turn|5
|
|t:|1760786359
|move|p1a: Battering Ram|Mighty Cleave|p2a: Vape God
|-crit|p2a: Vape God
|-damage|p2a: Vape God|33/100
|move|p2a: Vape God|Draco Meteor|p1a: Battering Ram
|-damage|p1a: Battering Ram|0 fnt
|-unboost|p2a: Vape God|spa|2
|faint|p1a: Battering Ram
|-end|p1a: Battering Ram|Quark Drive|[silent]
|
|upkeep
|
|t:|1760786363
|switch|p1a: Here's the kicker|Cinderace, F|100/100
|turn|6
|
|t:|1760786369
|-end|p2a: Vape God|Protosynthesis|[silent]
|switch|p2a: Packin Purple|Great Tusk|100/100
|move|p1a: Here's the kicker|Pyro Ball|p2a: Packin Purple
|-damage|p2a: Packin Purple|57/100
|
|-heal|p2a: Packin Purple|64/100|[from] item: Leftovers
|upkeep
|turn|7
|l|☆wallik
|player|p2|
|j|☆wallik
|player|p2|wallik|bugsy|
|inactive|Battle timer is ON: inactive players will automatically lose when time's up. (requested by AsierX)
|
|t:|1760786401
|move|p1a: Here's the kicker|U-turn|p2a: Packin Purple
|-start|p1a: Here's the kicker|typechange|Bug|[from] ability: Libero
|-resisted|p2a: Packin Purple
|-damage|p2a: Packin Purple|51/100
|
|t:|1760786405
|switch|p1a: Birdbrain|Zapdos-Galar|100/100|[from] U-turn
|move|p2a: Packin Purple|Stealth Rock|p1a: Birdbrain
|-sidestart|p1: AsierX|move: Stealth Rock
|
|-heal|p2a: Packin Purple|58/100|[from] item: Leftovers
|upkeep
|turn|8
|
|t:|1760786411
|-end|p2a: Packin Purple|Protosynthesis|[silent]
|switch|p2a: Gladys|Corviknight, M|100/100
|-ability|p2a: Gladys|Pressure
|move|p1a: Birdbrain|Knock Off|p2a: Gladys
|-damage|p2a: Gladys|78/100
|-damage|p1a: Birdbrain|84/100|[from] item: Rocky Helmet|[of] p2a: Gladys
|-enditem|p2a: Gladys|Rocky Helmet|[from] move: Knock Off|[of] p1a: Birdbrain
|
|upkeep
|turn|9
|
|t:|1760786413
|move|p1a: Birdbrain|Thunderous Kick|p2a: Gladys
|-damage|p2a: Gladys|48/100
|-unboost|p2a: Gladys|def|1
|move|p2a: Gladys|U-turn|p1a: Birdbrain
|-resisted|p1a: Birdbrain
|-damage|p1a: Birdbrain|80/100
|
|t:|1760786422
|switch|p2a: Whimsicott|Whimsicott, F|100/100|[from] U-turn
|
|upkeep
|turn|10
|
|t:|1760786425
|move|p2a: Whimsicott|Encore|p1a: Birdbrain
|-start|p1a: Birdbrain|Encore
|move|p1a: Birdbrain|Thunderous Kick|p2a: Whimsicott
|-resisted|p2a: Whimsicott
|-damage|p2a: Whimsicott|76/100
|-unboost|p2a: Whimsicott|def|1
|
|-heal|p2a: Whimsicott|82/100|[from] item: Leftovers
|upkeep
|turn|11
|
|t:|1760786430
|switch|p1a: Here's the kicker|Cinderace, F|100/100
|move|p2a: Whimsicott|Stun Spore|p1a: Here's the kicker
|-status|p1a: Here's the kicker|par
|
|-heal|p2a: Whimsicott|88/100|[from] item: Leftovers
|upkeep
|turn|12
|
|t:|1760786433
|move|p2a: Whimsicott|U-turn|p1a: Here's the kicker
|-resisted|p1a: Here's the kicker
|-damage|p1a: Here's the kicker|93/100 par
|
|t:|1760786439
|switch|p2a: Ronaldo|Cinderace, M|41/100|[from] U-turn
|cant|p1a: Here's the kicker|par
|
|upkeep
|turn|13
|
|t:|1760786443
|move|p2a: Ronaldo|High Jump Kick|p1a: Here's the kicker
|-start|p2a: Ronaldo|typechange|Fighting|[from] ability: Libero
|-damage|p1a: Here's the kicker|0 fnt
|faint|p1a: Here's the kicker
|
|upkeep
|
|t:|1760786449
|switch|p1a: 🔥I'm EVIL‼🔥|Moltres-Galar|100/100
|-damage|p1a: 🔥I'm EVIL‼🔥|76/100|[from] Stealth Rock
|turn|14
|
|t:|1760786452
|-terastallize|p1a: 🔥I'm EVIL‼🔥|Poison
|move|p2a: Ronaldo|High Jump Kick|p1a: 🔥I'm EVIL‼🔥
|-resisted|p1a: 🔥I'm EVIL‼🔥
|-crit|p1a: 🔥I'm EVIL‼🔥
|-damage|p1a: 🔥I'm EVIL‼🔥|0 fnt
|faint|p1a: 🔥I'm EVIL‼🔥
|
|upkeep
|-message|AsierX forfeited.
|
|win|wallik
|raw|AsierX's rating: 1516 &rarr; <strong>1505</strong><br />(-11 for losing)
|raw|wallik's rating: 1679 &rarr; <strong>1690</strong><br />(+11 for winning)
|l|☆AsierX
|player|p1|
|l|☆wallik
|player|p2|
