|j|☆Log God Neo✈️_✈️
|j|☆nmx123
|t:|1760855296
|gametype|singles
|player|p1|Log God Neo✈️_✈️|medium|1564
|player|p2|nmx123|2|1521
|gen|9
|tier|[Gen 9] OU
|rated|
|rule|HP Percentage Mod: HP is shown in percentages
|rule|Endless Battle Clause: Forcing endless battles is banned
|rule|Species Clause: Limit one of each Pokémon
|rule|OHKO Clause: OHKO moves are banned
|rule|Evasion Items Clause: Evasion items are banned
|rule|Evasion Moves Clause: Evasion moves are banned
|rule|Evasion Abilities Clause: Evasion abilities are banned
|rule|Sleep Moves Clause: Sleep-inducing moves are banned
|clearpoke
|poke|p1|Tyranitar, F|
|poke|p1|Kyurem|
|poke|p1|Staraptor, M|
|poke|p1|Garchomp, F|
|poke|p1|Torkoal, M|
|poke|p1|Dragonite, M|
|poke|p2|Zamazenta-*|
|poke|p2|Gholdengo|
|poke|p2|Raging Bolt|
|poke|p2|Great Tusk|
|poke|p2|Dragonite, M|
|poke|p2|Alomomola, F|
|teampreview
|inactive|Battle timer is ON: inactive players will automatically lose when time's up. (requested by Log God Neo✈️_✈️)
|inactive|nmx123 also wants the timer to be on.
|
|t:|1760855301
|teamsize|p1|6
|teamsize|p2|6
|start
|switch|p1a: VODECi III|Kyurem, shiny|100/100
|switch|p2a: Dragonite|Dragonite, M|100/100
|-ability|p1a: VODECi III|Pressure
|turn|1
|
|t:|1760855307
|switch|p2a: Zamazenta|Zamazenta|100/100
|-ability|p2a: Zamazenta|Dauntless Shield|boost
|-boost|p2a: Zamazenta|def|1
|move|p1a: VODECi III|Freeze-Dry|p2a: Zamazenta
|-damage|p2a: Zamazenta|44/100
|
|-heal|p2a: Zamazenta|50/100|[from] item: Leftovers
|upkeep
|turn|2
|
|t:|1760855314
|switch|p1a: I HAVE NO ENEMIES|Garchomp, F|100/100
|move|p2a: Zamazenta|Body Press|p1a: I HAVE NO ENEMIES
|-damage|p1a: I HAVE NO ENEMIES|67/100
|-damage|p2a: Zamazenta|38/100|[from] ability: Rough Skin|[of] p1a: I HAVE NO ENEMIES
|-damage|p2a: Zamazenta|22/100|[from] item: Rocky Helmet|[of] p1a: I HAVE NO ENEMIES
|
|-heal|p2a: Zamazenta|28/100|[from] item: Leftovers
|upkeep
|turn|3
|
|t:|1760855322
|switch|p2a: Great Tusk|Great Tusk|100/100
|switch|p1a: OVO CHUBBS|Torkoal, M, shiny|100/100
|-weather|SunnyDay|[from] ability: Drought|[of] p1a: OVO CHUBBS
|-activate|p2a: Great Tusk|ability: Protosynthesis
|-start|p2a: Great Tusk|protosynthesisatk
|
|-weather|SunnyDay|[upkeep]
|upkeep
|turn|4
|
|t:|1760855326
|move|p2a: Great Tusk|Stealth Rock|p1a: OVO CHUBBS
|-sidestart|p1: Log God Neo✈️_✈️|move: Stealth Rock
|move|p1a: OVO CHUBBS|Lava Plume|p2a: Great Tusk
|-damage|p2a: Great Tusk|68/100
|-status|p2a: Great Tusk|brn
|
|-weather|SunnyDay|[upkeep]
|-damage|p2a: Great Tusk|62/100 brn|[from] brn
|upkeep
|turn|5
|
|t:|1760855331
|switch|p1a: I HAVE NO ENEMIES|Garchomp, F|67/100
|-damage|p1a: I HAVE NO ENEMIES|60/100|[from] Stealth Rock
|move|p2a: Great Tusk|Knock Off|p1a: I HAVE NO ENEMIES
|-damage|p1a: I HAVE NO ENEMIES|48/100
|-damage|p2a: Great Tusk|49/100 brn|[from] ability: Rough Skin|[of] p1a: I HAVE NO ENEMIES
|-damage|p2a: Great Tusk|33/100 brn|[from] item: Rocky Helmet|[of] p1a: I HAVE NO ENEMIES
|-enditem|p1a: I HAVE NO ENEMIES|Rocky Helmet|[from] move: Knock Off|[of] p2a: Great Tusk
|
|-weather|SunnyDay|[upkeep]
|-damage|p2a: Great Tusk|27/100 brn|[from] brn
|upkeep
|turn|6
|
|t:|1760855340
|move|p1a: I HAVE NO ENEMIES|Stealth Rock|p2a: Great Tusk
|-sidestart|p2: nmx123|move: Stealth Rock
|move|p2a: Great Tusk|Close Combat|p1a: I HAVE NO ENEMIES
|-damage|p1a: I HAVE NO ENEMIES|27/100
|-unboost|p2a: Great Tusk|def|1
|-unboost|p2a: Great Tusk|spd|1
|-damage|p2a: Great Tusk|14/100 brn|[from] ability: Rough Skin|[of] p1a: I HAVE NO ENEMIES
|
|-weather|SunnyDay|[upkeep]
|-damage|p2a: Great Tusk|8/100 brn|[from] brn
|upkeep
|turn|7
|
|t:|1760855347
|-end|p2a: Great Tusk|Protosynthesis|[silent]
|switch|p2a: Alomomola|Alomomola, F|100/100
|move|p1a: I HAVE NO ENEMIES|Spikes|p2a: Alomomola
|-sidestart|p2: nmx123|Spikes
|
|-weather|none
|upkeep
|turn|8
|
|t:|1760855351
|move|p1a: I HAVE NO ENEMIES|Spikes|p2a: Alomomola
|-sidestart|p2: nmx123|Spikes
|move|p2a: Alomomola|Wish|p2a: Alomomola
|
|upkeep
|turn|9
|
|t:|1760855362
|move|p1a: I HAVE NO ENEMIES|Rest|p1a: I HAVE NO ENEMIES
|-status|p1a: I HAVE NO ENEMIES|slp|[from] move: Rest
|-heal|p1a: I HAVE NO ENEMIES|100/100 slp|[silent]
|move|p2a: Alomomola|Flip Turn|p1a: I HAVE NO ENEMIES
|-damage|p1a: I HAVE NO ENEMIES|90/100 slp
|-damage|p2a: Alomomola|88/100|[from] ability: Rough Skin|[of] p1a: I HAVE NO ENEMIES
|
|t:|1760855366
|switch|p2a: Dragonite|Dragonite, M|100/100|[from] Flip Turn
|
|upkeep
|turn|10
|
|t:|1760855369
|switch|p1a: OVO CHUBBS|Torkoal, M, shiny|100/100
|-weather|SunnyDay|[from] ability: Drought|[of] p1a: OVO CHUBBS
|move|p2a: Dragonite|Dragon Dance|p2a: Dragonite
|-boost|p2a: Dragonite|atk|1
|-boost|p2a: Dragonite|spe|1
|
|-weather|SunnyDay|[upkeep]
|upkeep
|turn|11
|
|t:|1760855374
|move|p2a: Dragonite|Earthquake|p1a: OVO CHUBBS
|-supereffective|p1a: OVO CHUBBS
|-damage|p1a: OVO CHUBBS|32/100
|move|p1a: OVO CHUBBS|Will-O-Wisp|p2a: Dragonite|[miss]
|-miss|p1a: OVO CHUBBS|p2a: Dragonite
|
|-weather|SunnyDay|[upkeep]
|upkeep
|turn|12
|
|t:|1760855381
|move|p2a: Dragonite|Earthquake|p1a: OVO CHUBBS
|-supereffective|p1a: OVO CHUBBS
|-crit|p1a: OVO CHUBBS
|-damage|p1a: OVO CHUBBS|0 fnt
|faint|p1a: OVO CHUBBS
|
|-weather|SunnyDay|[upkeep]
|upkeep
|
|t:|1760855383
|switch|p1a: DA LAST REX(3005)|Tyranitar, F, shiny|100/100
|-damage|p1a: DA LAST REX(3005)|88/100|[from] Stealth Rock
|-weather|Sandstorm|[from] ability: Sand Stream|[of] p1a: DA LAST REX(3005)
|turn|13
|
|t:|1760855388
|move|p2a: Dragonite|Earthquake|p1a: DA LAST REX(3005)
|-supereffective|p1a: DA LAST REX(3005)
|-damage|p1a: DA LAST REX(3005)|2/100
|move|p1a: DA LAST REX(3005)|Dragon Tail|p2a: Dragonite
|-supereffective|p2a: Dragonite
|-damage|p2a: Dragonite|80/100
|drag|p2a: Great Tusk|Great Tusk|8/100 brn
|-damage|p2a: Great Tusk|5/100 brn|[from] Stealth Rock
|-damage|p2a: Great Tusk|0 fnt|[from] Spikes
|faint|p2a: Great Tusk
|-end|p2a: Great Tusk|Protosynthesis|[silent]
|
|-weather|Sandstorm|[upkeep]
|upkeep
|j| blackgokuking
|
|t:|1760855398
|switch|p2a: Dragonite|Dragonite, M|80/100
|turn|14
|
|t:|1760855401
|move|p2a: Dragonite|Earthquake|p1a: DA LAST REX(3005)
|-supereffective|p1a: DA LAST REX(3005)
|-damage|p1a: DA LAST REX(3005)|0 fnt
|faint|p1a: DA LAST REX(3005)
|
|-weather|Sandstorm|[upkeep]
|-damage|p2a: Dragonite|74/100|[from] Sandstorm
|upkeep
|j| yarcii
|
|t:|1760855404
|switch|p1a: BIRD JESUS|Staraptor, M|100/100
|-damage|p1a: BIRD JESUS|75/100|[from] Stealth Rock
|turn|15
|
|t:|1760855410
|move|p1a: BIRD JESUS|Brave Bird|p2a: Dragonite
|-crit|p2a: Dragonite
|-damage|p2a: Dragonite|0 fnt
|faint|p2a: Dragonite
|-damage|p1a: BIRD JESUS|50/100|[from] Recoil
|
|-weather|Sandstorm|[upkeep]
|-damage|p1a: BIRD JESUS|44/100|[from] Sandstorm
|upkeep
|
|t:|1760855413
|switch|p2a: Gholdengo|Gholdengo|100/100
|-damage|p2a: Gholdengo|94/100|[from] Stealth Rock
|-damage|p2a: Gholdengo|78/100|[from] Spikes
|turn|16
|
|t:|1760855417
|move|p2a: Gholdengo|Shadow Ball|p1a: BIRD JESUS
|-immune|p1a: BIRD JESUS
|move|p1a: BIRD JESUS|Brave Bird|p2a: Gholdengo
|-resisted|p2a: Gholdengo
|-damage|p2a: Gholdengo|16/100
|-damage|p1a: BIRD JESUS|24/100|[from] Recoil
|
|-weather|Sandstorm|[upkeep]
|-damage|p1a: BIRD JESUS|18/100|[from] Sandstorm
|upkeep
|turn|17
|
|t:|1760855429
|move|p2a: Gholdengo|Shadow Ball|p1a: BIRD JESUS
|-immune|p1a: BIRD JESUS
|move|p1a: BIRD JESUS|Brave Bird|p2a: Gholdengo
|-resisted|p2a: Gholdengo
|-damage|p2a: Gholdengo|0 fnt
|faint|p2a: Gholdengo
|-damage|p1a: BIRD JESUS|13/100|[from] Recoil
|
|-weather|none
|upkeep
|
|t:|1760855432
|switch|p2a: Alomomola|Alomomola, F|100/100
|turn|18
|
|t:|1760855448
|move|p1a: BIRD JESUS|Brave Bird|p2a: Alomomola
|-damage|p2a: Alomomola|7/100
|-damage|p1a: BIRD JESUS|0 fnt|[from] Recoil
|faint|p1a: BIRD JESUS
|move|p2a: Alomomola|Wish|p2a: Alomomola
|
|upkeep
|
|t:|1760855451
|switch|p1a: VODECi III|Kyurem, shiny|100/100
|-damage|p1a: VODECi III|76/100|[from] Stealth Rock
|-ability|p1a: VODECi III|Pressure
|turn|19
|
|t:|1760855456
|move|p1a: VODECi III|Freeze-Dry|p2a: Alomomola
|-supereffective|p2a: Alomomola
|-damage|p2a: Alomomola|0 fnt
|faint|p2a: Alomomola
|
|upkeep
|
|t:|1760855458
|switch|p2a: Zamazenta|Zamazenta|28/100
|-damage|p2a: Zamazenta|22/100|[from] Stealth Rock
|-damage|p2a: Zamazenta|5/100|[from] Spikes
|turn|20
|
|t:|1760855463
|switch|p1a: I HAVE NO ENEMIES|Garchomp, F|90/100 slp
|-damage|p1a: I HAVE NO ENEMIES|84/100 slp|[from] Stealth Rock
|move|p2a: Zamazenta|Body Press|p1a: I HAVE NO ENEMIES
|-damage|p1a: I HAVE NO ENEMIES|60/100 slp
|-damage|p2a: Zamazenta|0 fnt|[from] ability: Rough Skin|[of] p1a: I HAVE NO ENEMIES
|faint|p2a: Zamazenta
|
|upkeep
|
|t:|1760855465
|switch|p2a: Raging Bolt|Raging Bolt|100/100
|-damage|p2a: Raging Bolt|88/100|[from] Stealth Rock
|-damage|p2a: Raging Bolt|72/100|[from] Spikes
|turn|21
|
|t:|1760855467
|switch|p1a: VODECi III|Kyurem, shiny|76/100
|-damage|p1a: VODECi III|51/100|[from] Stealth Rock
|-ability|p1a: VODECi III|Pressure
|move|p2a: Raging Bolt|Draco Meteor|p1a: VODECi III
|-supereffective|p1a: VODECi III
|-damage|p1a: VODECi III|0 fnt
|-unboost|p2a: Raging Bolt|spa|2
|faint|p1a: VODECi III
|-damage|p2a: Raging Bolt|62/100|[from] item: Life Orb
|
|upkeep
|
|t:|1760855471
|switch|p1a: FAT CHARIZARD|Dragonite, M, shiny|100/100
|turn|22
|
|t:|1760855474
|-terastallize|p1a: FAT CHARIZARD|Fairy
|-terastallize|p2a: Raging Bolt|Fairy
|move|p1a: FAT CHARIZARD|Tera Blast|p2a: Raging Bolt|[anim] Tera Blast Fairy
|-damage|p2a: Raging Bolt|26/100
|move|p2a: Raging Bolt|Draco Meteor|p1a: FAT CHARIZARD
|-immune|p1a: FAT CHARIZARD
|
|upkeep
|turn|23
|
|t:|1760855478
|move|p1a: FAT CHARIZARD|Tera Blast|p2a: Raging Bolt|[anim] Tera Blast Fairy
|-damage|p2a: Raging Bolt|0 fnt
|faint|p2a: Raging Bolt
|-end|p2a: Raging Bolt|Protosynthesis|[silent]
|
|win|Log God Neo✈️_✈️
|raw|Log God Neo✈️_✈️'s rating: 1564 &rarr; <strong>1582</strong><br />(+18 for winning)
|raw|nmx123's rating: 1521 &rarr; <strong>1503</strong><br />(-18 for losing)
|l|☆nmx123
|player|p2|
|l| blackgokuking
|l|☆Log God Neo✈️_✈️
|player|p1|
