|j|☆JacquesDeAlderberg
|j|☆uwontwinprobably
|t:|1760734756
|gametype|singles
|player|p1|JacquesDeAlderberg|plasmagrunt-gen5bw|1613
|player|p2|uwontwinprobably|acetrainer-gen4dp|1586
|gen|9
|tier|[Gen 9] OU
|rated|
|rule|HP Percentage Mod: HP is shown in percentages
|rule|Endless Battle Clause: Forcing endless battles is banned
|rule|Species Clause: Limit one of each Pokémon
|rule|OHKO Clause: OHKO moves are banned
|rule|Evasion Items Clause: Evasion items are banned
|rule|Evasion Moves Clause: Evasion moves are banned
|rule|Evasion Abilities Clause: Evasion abilities are banned
|rule|Sleep Moves Clause: Sleep-inducing moves are banned
|clearpoke
|poke|p1|Clodsire, F|
|poke|p1|Enamorus, F|
|poke|p1|Conkeldurr, F|
|poke|p1|Ceruledge, F|
|poke|p1|Skarmory, M|
|poke|p1|Sinistcha|
|poke|p2|Enamorus, F|
|poke|p2|Ogerpon-Wellspring, F|
|poke|p2|Volcanion|
|poke|p2|Glastrier|
|poke|p2|Electivire, M|
|poke|p2|Iron Hands|
|teampreview
|inactive|Battle timer is ON: inactive players will automatically lose when time's up. (requested by JacquesDeAlderberg)
|inactive|uwontwinprobably has 120 seconds left.
|
|t:|1760734818
|teamsize|p1|6
|teamsize|p2|6
|start
|switch|p1a: Ceruledge|Ceruledge, F|100/100
|switch|p2a: Volcanion|Volcanion|100/100
|turn|1
|
|t:|1760734826
|switch|p1a: Sinistcha|Sinistcha|100/100
|move|p2a: Volcanion|Steam Eruption|p1a: Sinistcha
|-resisted|p1a: Sinistcha
|-damage|p1a: Sinistcha|47/100
|
|upkeep
|turn|2
|
|t:|1760734833
|move|p2a: Volcanion|Steam Eruption|p1a: Sinistcha
|-resisted|p1a: Sinistcha
|-damage|p1a: Sinistcha|0 fnt
|faint|p1a: Sinistcha
|
|upkeep
|
|t:|1760734841
|switch|p1a: Skarmory|Skarmory, M|100/100
|turn|3
|
|t:|1760734846
|move|p1a: Skarmory|Stealth Rock|p2a: Volcanion
|-sidestart|p2: uwontwinprobably|move: Stealth Rock
|move|p2a: Volcanion|Steam Eruption|p1a: Skarmory|[miss]
|-miss|p2a: Volcanion|p1a: Skarmory
|
|upkeep
|turn|4
|
|t:|1760734850
|move|p1a: Skarmory|Spikes|p2a: Volcanion
|-sidestart|p2: uwontwinprobably|Spikes
|move|p2a: Volcanion|Steam Eruption|p1a: Skarmory
|-ability|p1a: Skarmory|Sturdy
|-damage|p1a: Skarmory|1/100
|
|upkeep
|turn|5
|-enditem|p1a: Skarmory|Custap Berry|[eat]
|-activate|p1a: Skarmory|item: Custap Berry|[consumed]
|
|t:|1760734854
|move|p1a: Skarmory|Brave Bird|p2a: Volcanion
|-damage|p2a: Volcanion|57/100
|-damage|p1a: Skarmory|0 fnt|[from] Recoil
|faint|p1a: Skarmory
|move|p2a: Volcanion|Steam Eruption|p1: Skarmory|[notarget]
|-fail|p2a: Volcanion
|
|upkeep
|
|t:|1760734864
|switch|p1a: Enamorus|Enamorus, F|100/100
|turn|6
|
|t:|1760734867
|move|p1a: Enamorus|Substitute|p1a: Enamorus
|-start|p1a: Enamorus|Substitute
|-damage|p1a: Enamorus|76/100
|move|p2a: Volcanion|Steam Eruption|p1a: Enamorus
|-end|p1a: Enamorus|Substitute
|
|-heal|p1a: Enamorus|82/100|[from] item: Leftovers
|upkeep
|turn|7
|
|t:|1760734869
|move|p1a: Enamorus|Substitute|p1a: Enamorus
|-start|p1a: Enamorus|Substitute
|-damage|p1a: Enamorus|57/100
|move|p2a: Volcanion|Steam Eruption|p1a: Enamorus
|-end|p1a: Enamorus|Substitute
|
|-heal|p1a: Enamorus|63/100|[from] item: Leftovers
|upkeep
|turn|8
|
|t:|1760734874
|move|p1a: Enamorus|Substitute|p1a: Enamorus
|-start|p1a: Enamorus|Substitute
|-damage|p1a: Enamorus|38/100
|move|p2a: Volcanion|Steam Eruption|p1a: Enamorus|[miss]
|-miss|p2a: Volcanion|p1a: Enamorus
|
|-heal|p1a: Enamorus|44/100|[from] item: Leftovers
|upkeep
|turn|9
|
|t:|1760734877
|move|p1a: Enamorus|Calm Mind|p1a: Enamorus
|-boost|p1a: Enamorus|spa|1
|-boost|p1a: Enamorus|spd|1
|-activate|p2a: Volcanion|move: Struggle
|move|p2a: Volcanion|Struggle|p1a: Enamorus
|-activate|p1a: Enamorus|move: Substitute|[damage]
|-damage|p2a: Volcanion|32/100|[from] recoil
|
|-heal|p1a: Enamorus|51/100|[from] item: Leftovers
|upkeep
|turn|10
|
|t:|1760734881
|move|p1a: Enamorus|Calm Mind|p1a: Enamorus
|-boost|p1a: Enamorus|spa|1
|-boost|p1a: Enamorus|spd|1
|-activate|p2a: Volcanion|move: Struggle
|move|p2a: Volcanion|Struggle|p1a: Enamorus
|-end|p1a: Enamorus|Substitute
|-damage|p2a: Volcanion|7/100|[from] recoil
|
|-heal|p1a: Enamorus|57/100|[from] item: Leftovers
|upkeep
|turn|11
|
|t:|1760734883
|move|p1a: Enamorus|Substitute|p1a: Enamorus
|-start|p1a: Enamorus|Substitute
|-damage|p1a: Enamorus|32/100
|-activate|p2a: Volcanion|move: Struggle
|move|p2a: Volcanion|Struggle|p1a: Enamorus
|-activate|p1a: Enamorus|move: Substitute|[damage]
|-damage|p2a: Volcanion|0 fnt|[from] recoil
|faint|p2a: Volcanion
|
|-heal|p1a: Enamorus|38/100|[from] item: Leftovers
|upkeep
|
|t:|1760734893
|switch|p2a: Enamorus|Enamorus, F|100/100
|-damage|p2a: Enamorus|76/100|[from] Stealth Rock
|turn|12
|
|t:|1760734896
|move|p2a: Enamorus|Mystical Fire|p1a: Enamorus
|-end|p1a: Enamorus|Substitute
|move|p1a: Enamorus|Moonblast|p2a: Enamorus
|-crit|p2a: Enamorus
|-damage|p2a: Enamorus|0 fnt
|faint|p2a: Enamorus
|
|-heal|p1a: Enamorus|44/100|[from] item: Leftovers
|upkeep
|
|t:|1760734903
|switch|p2a: Glastrier|Glastrier|100/100
|-damage|p2a: Glastrier|75/100|[from] Stealth Rock
|-damage|p2a: Glastrier|63/100|[from] Spikes
|turn|13
|
|t:|1760734905
|move|p1a: Enamorus|Moonblast|p2a: Glastrier
|-damage|p2a: Glastrier|16/100
|move|p2a: Glastrier|Avalanche|p1a: Enamorus
|-supereffective|p1a: Enamorus
|-damage|p1a: Enamorus|0 fnt
|faint|p1a: Enamorus
|-ability|p2a: Glastrier|Chilling Neigh|boost
|-boost|p2a: Glastrier|atk|1
|
|upkeep
|
|t:|1760734910
|switch|p1a: Conkeldurr|Conkeldurr, F|100/100
|turn|14
|
|t:|1760734923
|-terastallize|p2a: Glastrier|Fairy
|move|p1a: Conkeldurr|Mach Punch|p2a: Glastrier
|-resisted|p2a: Glastrier
|-damage|p2a: Glastrier|9/100
|move|p2a: Glastrier|Tera Blast|p1a: Conkeldurr|[anim] Tera Blast Fairy
|-supereffective|p1a: Conkeldurr
|-damage|p1a: Conkeldurr|9/100
|
|-status|p1a: Conkeldurr|brn|[from] item: Flame Orb
|upkeep
|turn|15
|
|t:|1760734932
|move|p1a: Conkeldurr|Mach Punch|p2a: Glastrier
|-resisted|p2a: Glastrier
|-damage|p2a: Glastrier|0 fnt
|faint|p2a: Glastrier
|
|-damage|p1a: Conkeldurr|3/100 brn|[from] brn
|upkeep
|
|t:|1760734941
|switch|p2a: Ogerpon|Ogerpon-Wellspring, F|100/100
|-damage|p2a: Ogerpon|88/100|[from] Stealth Rock
|-damage|p2a: Ogerpon|76/100|[from] Spikes
|turn|16
|
|t:|1760734944
|move|p1a: Conkeldurr|Mach Punch|p2a: Ogerpon
|-damage|p2a: Ogerpon|29/100
|move|p2a: Ogerpon|Trailblaze|p1a: Conkeldurr
|-damage|p1a: Conkeldurr|0 fnt
|-boost|p2a: Ogerpon|spe|1
|faint|p1a: Conkeldurr
|
|upkeep
|
|t:|1760734953
|switch|p1a: Ceruledge|Ceruledge, F|100/100
|turn|17
|
|t:|1760734965
|-terastallize|p1a: Ceruledge|Bug
|move|p2a: Ogerpon|Trailblaze|p1a: Ceruledge
|-resisted|p1a: Ceruledge
|-damage|p1a: Ceruledge|84/100
|-boost|p2a: Ogerpon|spe|1
|move|p1a: Ceruledge|Bitter Blade|p2a: Ogerpon
|-damage|p2a: Ogerpon|0 fnt
|-heal|p1a: Ceruledge|97/100|[from] drain|[of] p2a: Ogerpon
|faint|p2a: Ogerpon
|
|upkeep
|
|t:|1760734980
|switch|p2a: Electivire|Electivire, M|100/100
|-damage|p2a: Electivire|88/100|[from] Stealth Rock
|-damage|p2a: Electivire|76/100|[from] Spikes
|turn|18
|
|t:|1760734986
|move|p1a: Ceruledge|Bulk Up|p1a: Ceruledge
|-boost|p1a: Ceruledge|atk|1
|-boost|p1a: Ceruledge|def|1
|move|p2a: Electivire|Wild Charge|p1a: Ceruledge
|-damage|p1a: Ceruledge|61/100
|-damage|p2a: Electivire|67/100|[from] Recoil
|
|upkeep
|turn|19
|
|t:|1760734989
|move|p1a: Ceruledge|Bulk Up|p1a: Ceruledge
|-boost|p1a: Ceruledge|atk|1
|-boost|p1a: Ceruledge|def|1
|move|p2a: Electivire|Ice Punch|p1a: Ceruledge
|-damage|p1a: Ceruledge|47/100
|
|upkeep
|turn|20
|
|t:|1760734991
|move|p2a: Electivire|Ice Punch|p1a: Ceruledge
|-damage|p1a: Ceruledge|30/100
|move|p1a: Ceruledge|Bitter Blade|p2a: Electivire
|-damage|p2a: Electivire|0 fnt
|-heal|p1a: Ceruledge|63/100|[from] drain|[of] p2a: Electivire
|faint|p2a: Electivire
|
|upkeep
|
|t:|1760734993
|switch|p2a: Iron Hands|Iron Hands|100/100
|-damage|p2a: Iron Hands|94/100|[from] Stealth Rock
|-damage|p2a: Iron Hands|82/100|[from] Spikes
|turn|21
|
|t:|1760734995
|move|p1a: Ceruledge|Bitter Blade|p2a: Iron Hands
|-damage|p2a: Iron Hands|42/100
|-heal|p1a: Ceruledge|93/100|[from] drain|[of] p2a: Iron Hands
|move|p2a: Iron Hands|Supercell Slam|p1a: Ceruledge
|-damage|p1a: Ceruledge|63/100
|
|upkeep
|turn|22
|
|t:|1760734997
|move|p1a: Ceruledge|Bitter Blade|p2a: Iron Hands
|-damage|p2a: Iron Hands|6/100
|-heal|p1a: Ceruledge|89/100|[from] drain|[of] p2a: Iron Hands
|move|p2a: Iron Hands|Supercell Slam|p1a: Ceruledge
|-damage|p1a: Ceruledge|62/100
|
|upkeep
|turn|23
|
|t:|1760735000
|move|p1a: Ceruledge|Bitter Blade|p2a: Iron Hands
|-damage|p2a: Iron Hands|0 fnt
|-heal|p1a: Ceruledge|65/100|[from] drain|[of] p2a: Iron Hands
|faint|p2a: Iron Hands
|-end|p2a: Iron Hands|Quark Drive|[silent]
|
|win|JacquesDeAlderberg
|raw|JacquesDeAlderberg's rating: 1613 &rarr; <strong>1631</strong><br />(+18 for winning)
|raw|uwontwinprobably's rating: 1586 &rarr; <strong>1568</strong><br />(-18 for losing)
|l|☆uwontwinprobably
|player|p2|
|l|☆JacquesDeAlderberg
|player|p1|
