|j|☆meatrub
|j|☆Izlymoney
|t:|1760871195
|gametype|singles
|player|p1|meatrub|swimmer-gen4dp|1383
|player|p2|Izlymoney|dragontamer|1419
|gen|9
|tier|[Gen 9] OU
|rated|
|rule|HP Percentage Mod: HP is shown in percentages
|rule|Endless Battle Clause: Forcing endless battles is banned
|rule|Species Clause: Limit one of each Pokémon
|rule|OHKO Clause: OHKO moves are banned
|rule|Evasion Items Clause: Evasion items are banned
|rule|Evasion Moves Clause: Evasion moves are banned
|rule|Evasion Abilities Clause: Evasion abilities are banned
|rule|Sleep Moves Clause: Sleep-inducing moves are banned
|clearpoke
|poke|p1|Kommo-o, F|
|poke|p1|Iron Moth|
|poke|p1|Ninetales-Alola, M|
|poke|p1|Great Tusk|
|poke|p1|Ogerpon-Wellspring, F|
|poke|p1|Kingambit, M|
|poke|p2|Pelipper, M|
|poke|p2|Tornadus-Therian, M|
|poke|p2|Iron Treads|
|poke|p2|Decidueye-Hisui, M|
|poke|p2|Barraskewda, F|
|poke|p2|Raging Bolt|
|teampreview
|inactive|Battle timer is ON: inactive players will automatically lose when time's up. (requested by meatrub)
|
|t:|1760871218
|teamsize|p1|6
|teamsize|p2|6
|start
|switch|p1a: Kingambit|Kingambit, M|100/100
|switch|p2a: Tornadus|Tornadus-Therian, M|100/100
|-item|p1a: Kingambit|Air Balloon
|turn|1
|
|t:|1760871236
|switch|p2a: Decidueye|Decidueye-Hisui, M|100/100
|-terastallize|p1a: Kingambit|Ghost
|move|p1a: Kingambit|Swords Dance|p1a: Kingambit
|-boost|p1a: Kingambit|atk|2
|
|upkeep
|turn|2
|c|☆Izlymoney|Wtf
|
|t:|1760871253
|move|p1a: Kingambit|Swords Dance|p1a: Kingambit
|-boost|p1a: Kingambit|atk|2
|move|p2a: Decidueye|Triple Arrows|p1a: Kingambit
|-damage|p1a: Kingambit|71/100
|-unboost|p1a: Kingambit|def|1
|-enditem|p1a: Kingambit|Air Balloon
|
|upkeep
|turn|3
|c|☆Izlymoney|What's wrong dude
|
|t:|1760871267
|move|p1a: Kingambit|Iron Head|p2a: Decidueye
|-damage|p2a: Decidueye|0 fnt
|-damage|p1a: Kingambit|55/100|[from] item: Rocky Helmet|[of] p2a: Decidueye
|faint|p2a: Decidueye
|
|upkeep
|
|t:|1760871273
|switch|p2a: Barraskewda|Barraskewda, F|100/100
|turn|4
|
|t:|1760871277
|move|p2a: Barraskewda|Aqua Jet|p1a: Kingambit
|-damage|p1a: Kingambit|16/100
|-damage|p2a: Barraskewda|91/100|[from] item: Life Orb
|move|p1a: Kingambit|Sucker Punch||[still]
|-fail|p1a: Kingambit
|
|upkeep
|turn|5
|
|t:|1760871285
|move|p2a: Barraskewda|Aqua Jet|p1a: Kingambit
|-damage|p1a: Kingambit|0 fnt
|faint|p1a: Kingambit
|-end|p1a: Kingambit|fallenundefined|[silent]
|-damage|p2a: Barraskewda|81/100|[from] item: Life Orb
|
|upkeep
|
|t:|1760871292
|switch|p1a: Ninetales|Ninetales-Alola, M|100/100
|-weather|Snowscape|[from] ability: Snow Warning|[of] p1a: Ninetales
|turn|6
|c|☆Izlymoney|You wasted your tera turn 1 for this
|c|☆Izlymoney|Wow
|
|t:|1760871309
|switch|p2a: Iron Treads|Iron Treads|100/100
|move|p1a: Ninetales|Aurora Veil|p1a: Ninetales
|-sidestart|p1: meatrub|move: Aurora Veil
|
|-weather|Snowscape|[upkeep]
|upkeep
|turn|7
|
|t:|1760871322
|switch|p1a: Kommo-o|Kommo-o, F|100/100
|move|p2a: Iron Treads|Stealth Rock|p1a: Kommo-o
|-sidestart|p1: meatrub|move: Stealth Rock
|
|-weather|Snowscape|[upkeep]
|upkeep
|turn|8
|
|t:|1760871330
|-end|p2a: Iron Treads|Quark Drive|[silent]
|switch|p2a: Pelipper|Pelipper, M|100/100
|-weather|RainDance|[from] ability: Drizzle|[of] p2a: Pelipper
|move|p1a: Kommo-o|Clangorous Soul|p1a: Kommo-o
|-boost|p1a: Kommo-o|atk|1
|-boost|p1a: Kommo-o|def|1
|-boost|p1a: Kommo-o|spa|1
|-boost|p1a: Kommo-o|spd|1
|-boost|p1a: Kommo-o|spe|1
|-damage|p1a: Kommo-o|68/100
|-enditem|p1a: Kommo-o|Throat Spray
|-boost|p1a: Kommo-o|spa|1|[from] item: Throat Spray
|
|-weather|RainDance|[upkeep]
|upkeep
|turn|9
|
|t:|1760871343
|switch|p2a: Iron Treads|Iron Treads|100/100
|move|p1a: Kommo-o|Boomburst|p2a: Iron Treads
|-resisted|p2a: Iron Treads
|-damage|p2a: Iron Treads|68/100
|
|-weather|RainDance|[upkeep]
|-heal|p2a: Iron Treads|74/100|[from] item: Leftovers
|upkeep
|turn|10
|
|t:|1760871353
|move|p1a: Kommo-o|Flamethrower|p2a: Iron Treads
|-supereffective|p2a: Iron Treads
|-damage|p2a: Iron Treads|29/100
|move|p2a: Iron Treads|Earthquake|p1a: Kommo-o
|-damage|p1a: Kommo-o|56/100
|
|-weather|RainDance|[upkeep]
|-heal|p2a: Iron Treads|35/100|[from] item: Leftovers
|upkeep
|turn|11
|
|t:|1760871363
|-end|p2a: Iron Treads|Quark Drive|[silent]
|switch|p2a: Raging Bolt|Raging Bolt|100/100
|-enditem|p2a: Raging Bolt|Booster Energy
|-activate|p2a: Raging Bolt|ability: Protosynthesis|[fromitem]
|-start|p2a: Raging Bolt|protosynthesisspa
|move|p1a: Kommo-o|Clangorous Soul|p1a: Kommo-o
|-boost|p1a: Kommo-o|atk|1
|-boost|p1a: Kommo-o|def|1
|-boost|p1a: Kommo-o|spa|1
|-boost|p1a: Kommo-o|spd|1
|-boost|p1a: Kommo-o|spe|1
|-damage|p1a: Kommo-o|23/100
|
|-weather|RainDance|[upkeep]
|upkeep
|turn|12
|
|t:|1760871385
|move|p2a: Raging Bolt|Thunderclap|p1a: Kommo-o
|-resisted|p1a: Kommo-o
|-damage|p1a: Kommo-o|14/100
|move|p1a: Kommo-o|Boomburst|p2a: Raging Bolt
|-damage|p2a: Raging Bolt|7/100
|
|-weather|RainDance|[upkeep]
|upkeep
|turn|13
|
|t:|1760871393
|move|p2a: Raging Bolt|Thunderclap|p1a: Kommo-o
|-resisted|p1a: Kommo-o
|-damage|p1a: Kommo-o|6/100
|move|p1a: Kommo-o|Drain Punch|p2a: Raging Bolt
|-damage|p2a: Raging Bolt|0 fnt
|-heal|p1a: Kommo-o|11/100|[from] drain|[of] p2a: Raging Bolt
|faint|p2a: Raging Bolt
|-end|p2a: Raging Bolt|Protosynthesis|[silent]
|
|-weather|RainDance|[upkeep]
|-sideend|p1: meatrub|move: Aurora Veil
|upkeep
|
|t:|1760871396
|switch|p2a: Barraskewda|Barraskewda, F|81/100
|turn|14
|
|t:|1760871409
|move|p2a: Barraskewda|Liquidation|p1a: Kommo-o
|-resisted|p1a: Kommo-o
|-damage|p1a: Kommo-o|0 fnt
|faint|p1a: Kommo-o
|-damage|p2a: Barraskewda|71/100|[from] item: Life Orb
|
|-weather|RainDance|[upkeep]
|upkeep
|
|t:|1760871417
|switch|p1a: Ogerpon|Ogerpon-Wellspring, F|100/100
|-damage|p1a: Ogerpon|88/100|[from] Stealth Rock
|turn|15
|
|t:|1760871422
|switch|p2a: Iron Treads|Iron Treads|35/100
|move|p1a: Ogerpon|Swords Dance|p1a: Ogerpon
|-boost|p1a: Ogerpon|atk|2
|
|-weather|none
|-heal|p2a: Iron Treads|41/100|[from] item: Leftovers
|upkeep
|turn|16
|
|t:|1760871438
|-end|p2a: Iron Treads|Quark Drive|[silent]
|switch|p2a: Pelipper|Pelipper, M|100/100
|-weather|RainDance|[from] ability: Drizzle|[of] p2a: Pelipper
|move|p1a: Ogerpon|Ivy Cudgel|p2a: Pelipper|[anim] Ivy Cudgel Water
|-resisted|p2a: Pelipper
|-damage|p2a: Pelipper|27/100
|
|-weather|RainDance|[upkeep]
|upkeep
|turn|17
|
|t:|1760871448
|switch|p2a: Iron Treads|Iron Treads|41/100
|move|p1a: Ogerpon|Ivy Cudgel|p2a: Iron Treads|[anim] Ivy Cudgel Water
|-supereffective|p2a: Iron Treads
|-damage|p2a: Iron Treads|0 fnt
|faint|p2a: Iron Treads
|-end|p2a: Iron Treads|Quark Drive|[silent]
|
|-weather|RainDance|[upkeep]
|upkeep
|
|t:|1760871452
|switch|p2a: Tornadus|Tornadus-Therian, M|100/100
|turn|18
|
|t:|1760871462
|move|p2a: Tornadus|Hurricane|p1a: Ogerpon
|-supereffective|p1a: Ogerpon
|-damage|p1a: Ogerpon|0 fnt
|faint|p1a: Ogerpon
|
|-weather|RainDance|[upkeep]
|upkeep
|c|☆Izlymoney|You are crazy dude
|
|t:|1760871469
|switch|p1a: Ninetales|Ninetales-Alola, M|100/100
|-damage|p1a: Ninetales|76/100|[from] Stealth Rock
|-weather|Snowscape|[from] ability: Snow Warning|[of] p1a: Ninetales
|turn|19
|
|t:|1760871478
|switch|p1a: Iron Moth|Iron Moth|100/100
|-damage|p1a: Iron Moth|76/100|[from] Stealth Rock
|-enditem|p1a: Iron Moth|Booster Energy
|-activate|p1a: Iron Moth|ability: Quark Drive|[fromitem]
|-start|p1a: Iron Moth|quarkdrivespe
|move|p2a: Tornadus|Hurricane|p1a: Iron Moth
|-damage|p1a: Iron Moth|0 fnt
|faint|p1a: Iron Moth
|-end|p1a: Iron Moth|Quark Drive|[silent]
|
|-weather|Snowscape|[upkeep]
|upkeep
|
|t:|1760871490
|switch|p1a: Ninetales|Ninetales-Alola, M|76/100
|-damage|p1a: Ninetales|51/100|[from] Stealth Rock
|turn|20
|
|t:|1760871497
|switch|p2a: Pelipper|Pelipper, M|27/100
|-weather|RainDance|[from] ability: Drizzle|[of] p2a: Pelipper
|move|p1a: Ninetales|Aurora Veil||[still]
|-fail|p1a: Ninetales
|
|-weather|RainDance|[upkeep]
|upkeep
|turn|21
|-message|meatrub forfeited.
|
|win|Izlymoney
|raw|meatrub's rating: 1383 &rarr; <strong>1365</strong><br />(-18 for losing)
|raw|Izlymoney's rating: 1419 &rarr; <strong>1437</strong><br />(+18 for winning)
|l|☆meatrub
|player|p1|
|l|☆Izlymoney
|player|p2|
