|j|☆Gruntman200
|j|☆peej93
|t:|1760747710
|gametype|singles
|player|p1|Gruntman200|miku-ghost|1220
|player|p2|peej93|drayden|1249
|gen|9
|tier|[Gen 9] OU
|rated|
|rule|HP Percentage Mod: HP is shown in percentages
|rule|Endless Battle Clause: Forcing endless battles is banned
|rule|Species Clause: Limit one of each Pokémon
|rule|OHKO Clause: OHKO moves are banned
|rule|Evasion Items Clause: Evasion items are banned
|rule|Evasion Moves Clause: Evasion moves are banned
|rule|Evasion Abilities Clause: Evasion abilities are banned
|rule|Sleep Moves Clause: Sleep-inducing moves are banned
|clearpoke
|poke|p1|Ceruledge, F|
|poke|p1|Dragapult, F|
|poke|p1|Gholdengo|
|poke|p1|Darkrai|
|poke|p1|Meloetta|
|poke|p1|Polteageist|
|poke|p2|Hatterene, F|
|poke|p2|Okidogi, M|
|poke|p2|Weezing-Galar, F|
|poke|p2|Clefable, F|
|poke|p2|Electrode-Hisui|
|poke|p2|Lokix, M|
|teampreview
|inactive|Battle timer is ON: inactive players will automatically lose when time's up. (requested by peej93)
|
|t:|1760747726
|teamsize|p1|6
|teamsize|p2|6
|start
|switch|p1a: Meloetta|Meloetta|100/100
|switch|p2a: Hatterene|Hatterene, F|100/100
|turn|1
|inactive|Gruntman200 has 120 seconds left.
|inactive|peej93 has 120 seconds left.
|inactive|peej93 has 90 seconds left.
|
|t:|1760747804
|switch|p1a: Ceruledge|Ceruledge, F|100/100
|move|p2a: Hatterene|Nuzzle|p1a: Ceruledge
|-damage|p1a: Ceruledge|96/100
|-status|p1a: Ceruledge|par
|
|-heal|p1a: Ceruledge|100/100 par|[from] item: Leftovers
|upkeep
|turn|2
|
|t:|1760747818
|switch|p2a: Weezing|Weezing-Galar, F|100/100
|move|p1a: Ceruledge|Bulk Up|p1a: Ceruledge
|-boost|p1a: Ceruledge|atk|1
|-boost|p1a: Ceruledge|def|1
|
|upkeep
|turn|3
|inactive|Gruntman200 has 120 seconds left.
|inactive|Gruntman200 has 90 seconds left.
|
|t:|1760747874
|move|p2a: Weezing|Strange Steam|p1a: Ceruledge
|-resisted|p1a: Ceruledge
|-damage|p1a: Ceruledge|90/100 par
|-start|p1a: Ceruledge|confusion
|-activate|p1a: Ceruledge|confusion
|move|p1a: Ceruledge|Bulk Up|p1a: Ceruledge
|-boost|p1a: Ceruledge|atk|1
|-boost|p1a: Ceruledge|def|1
|
|-heal|p1a: Ceruledge|97/100 par|[from] item: Leftovers
|upkeep
|turn|4
|
|t:|1760747886
|switch|p2a: Clefable|Clefable, F|100/100
|-activate|p1a: Ceruledge|confusion
|move|p1a: Ceruledge|Bitter Blade|p2a: Clefable
|-damage|p2a: Clefable|73/100
|-heal|p1a: Ceruledge|100/100 par|[from] drain|[of] p2a: Clefable
|
|-heal|p2a: Clefable|79/100|[from] item: Leftovers
|upkeep
|turn|5
|
|t:|1760747895
|move|p2a: Clefable|Calm Mind|p2a: Clefable
|-boost|p2a: Clefable|spa|1
|-boost|p2a: Clefable|spd|1
|-end|p1a: Ceruledge|confusion
|cant|p1a: Ceruledge|par
|
|-heal|p2a: Clefable|85/100|[from] item: Leftovers
|upkeep
|turn|6
|inactive|peej93 has 90 seconds left.
|
|t:|1760747901
|move|p2a: Clefable|Calm Mind|p2a: Clefable
|-boost|p2a: Clefable|spa|1
|-boost|p2a: Clefable|spd|1
|move|p1a: Ceruledge|Taunt|p2a: Clefable
|-start|p2a: Clefable|move: Taunt
|
|-heal|p2a: Clefable|91/100|[from] item: Leftovers
|upkeep
|turn|7
|
|t:|1760747904
|move|p2a: Clefable|Moonblast|p1a: Ceruledge
|-resisted|p1a: Ceruledge
|-damage|p1a: Ceruledge|76/100 par
|-unboost|p1a: Ceruledge|spa|1
|move|p1a: Ceruledge|Bitter Blade|p2a: Clefable
|-damage|p2a: Clefable|60/100
|-heal|p1a: Ceruledge|93/100 par|[from] drain|[of] p2a: Clefable
|
|-heal|p2a: Clefable|66/100|[from] item: Leftovers
|-heal|p1a: Ceruledge|99/100 par|[from] item: Leftovers
|upkeep
|turn|8
|
|t:|1760747910
|move|p2a: Clefable|Moonblast|p1a: Ceruledge
|-resisted|p1a: Ceruledge
|-damage|p1a: Ceruledge|78/100 par
|move|p1a: Ceruledge|Bitter Blade|p2a: Clefable
|-damage|p2a: Clefable|37/100
|-heal|p1a: Ceruledge|95/100 par|[from] drain|[of] p2a: Clefable
|
|-heal|p2a: Clefable|43/100|[from] item: Leftovers
|-heal|p1a: Ceruledge|100/100 par|[from] item: Leftovers
|upkeep
|turn|9
|
|t:|1760747915
|move|p2a: Clefable|Moonblast|p1a: Ceruledge
|-resisted|p1a: Ceruledge
|-damage|p1a: Ceruledge|78/100 par
|-unboost|p1a: Ceruledge|spa|1
|move|p1a: Ceruledge|Bitter Blade|p2a: Clefable
|-damage|p2a: Clefable|17/100
|-heal|p1a: Ceruledge|92/100 par|[from] drain|[of] p2a: Clefable
|
|-heal|p2a: Clefable|23/100|[from] item: Leftovers
|-heal|p1a: Ceruledge|99/100 par|[from] item: Leftovers
|-end|p2a: Clefable|move: Taunt
|upkeep
|turn|10
|
|t:|1760747919
|move|p2a: Clefable|Moonlight|p2a: Clefable
|-heal|p2a: Clefable|73/100
|cant|p1a: Ceruledge|par
|
|-heal|p2a: Clefable|79/100|[from] item: Leftovers
|-heal|p1a: Ceruledge|100/100 par|[from] item: Leftovers
|upkeep
|turn|11
|
|t:|1760747925
|move|p2a: Clefable|Calm Mind|p2a: Clefable
|-boost|p2a: Clefable|spa|1
|-boost|p2a: Clefable|spd|1
|move|p1a: Ceruledge|Taunt|p2a: Clefable
|-start|p2a: Clefable|move: Taunt
|
|-heal|p2a: Clefable|85/100|[from] item: Leftovers
|upkeep
|turn|12
|
|t:|1760747928
|move|p2a: Clefable|Moonblast|p1a: Ceruledge
|-resisted|p1a: Ceruledge
|-damage|p1a: Ceruledge|73/100 par
|move|p1a: Ceruledge|Bitter Blade|p2a: Clefable
|-damage|p2a: Clefable|55/100
|-heal|p1a: Ceruledge|90/100 par|[from] drain|[of] p2a: Clefable
|
|-heal|p2a: Clefable|61/100|[from] item: Leftovers
|-heal|p1a: Ceruledge|96/100 par|[from] item: Leftovers
|upkeep
|turn|13
|
|t:|1760747933
|move|p2a: Clefable|Moonblast|p1a: Ceruledge
|-resisted|p1a: Ceruledge
|-crit|p1a: Ceruledge
|-damage|p1a: Ceruledge|53/100 par
|move|p1a: Ceruledge|Bitter Blade|p2a: Clefable
|-damage|p2a: Clefable|33/100
|-heal|p1a: Ceruledge|69/100 par|[from] drain|[of] p2a: Clefable
|
|-heal|p2a: Clefable|40/100|[from] item: Leftovers
|-heal|p1a: Ceruledge|75/100 par|[from] item: Leftovers
|upkeep
|turn|14
|
|t:|1760747936
|move|p2a: Clefable|Moonblast|p1a: Ceruledge
|-resisted|p1a: Ceruledge
|-damage|p1a: Ceruledge|48/100 par
|cant|p1a: Ceruledge|par
|
|-heal|p2a: Clefable|46/100|[from] item: Leftovers
|-heal|p1a: Ceruledge|54/100 par|[from] item: Leftovers
|-end|p2a: Clefable|move: Taunt
|upkeep
|turn|15
|
|t:|1760747944
|switch|p1a: Gholdengo|Gholdengo|100/100
|move|p2a: Clefable|Moonlight|p2a: Clefable
|-heal|p2a: Clefable|96/100
|
|-heal|p2a: Clefable|100/100|[from] item: Leftovers
|upkeep
|turn|16
|
|t:|1760747949
|switch|p2a: Electrode|Electrode-Hisui|100/100
|move|p1a: Gholdengo|Trick|p2a: Electrode
|-activate|p1a: Gholdengo|move: Trick|[of] p2a: Electrode
|-item|p2a: Electrode|Choice Scarf|[from] move: Trick
|-item|p1a: Gholdengo|Choice Specs|[from] move: Trick
|
|upkeep
|turn|17
|
|t:|1760747958
|switch|p1a: Ceruledge|Ceruledge, F|54/100 par
|move|p2a: Electrode|Volt Switch|p1a: Ceruledge
|-damage|p1a: Ceruledge|34/100 par
|
|t:|1760747964
|switch|p2a: Lokix|Lokix, M|100/100|[from] Volt Switch
|
|-heal|p1a: Ceruledge|40/100 par|[from] item: Leftovers
|upkeep
|turn|18
|
|t:|1760747971
|move|p2a: Lokix|First Impression|p1a: Ceruledge
|-resisted|p1a: Ceruledge
|-damage|p1a: Ceruledge|5/100 par
|-damage|p2a: Lokix|91/100|[from] item: Life Orb
|cant|p1a: Ceruledge|par
|
|-heal|p1a: Ceruledge|11/100 par|[from] item: Leftovers
|upkeep
|turn|19
|
|t:|1760747977
|move|p1a: Ceruledge|Shadow Sneak|p2a: Lokix
|-resisted|p2a: Lokix
|-damage|p2a: Lokix|79/100
|move|p2a: Lokix|Leech Life|p1a: Ceruledge
|-resisted|p1a: Ceruledge
|-damage|p1a: Ceruledge|0 fnt
|-heal|p2a: Lokix|85/100|[from] drain|[of] p1a: Ceruledge
|faint|p1a: Ceruledge
|-damage|p2a: Lokix|75/100|[from] item: Life Orb
|
|upkeep
|
|t:|1760747991
|switch|p1a: Gholdengo|Gholdengo|100/100
|turn|20
|
|t:|1760748002
|switch|p2a: Electrode|Electrode-Hisui|100/100
|move|p1a: Gholdengo|Focus Blast|p2a: Electrode
|-damage|p2a: Electrode|0 fnt
|faint|p2a: Electrode
|
|upkeep
|
|t:|1760748009
|switch|p2a: Hatterene|Hatterene, F|100/100
|turn|21
|
|t:|1760748024
|switch|p1a: Meloetta|Meloetta|100/100
|move|p2a: Hatterene|Calm Mind|p2a: Hatterene
|-boost|p2a: Hatterene|spa|1
|-boost|p2a: Hatterene|spd|1
|
|upkeep
|turn|22
|
|t:|1760748029
|move|p1a: Meloetta|Relic Song|p2a: Hatterene
|-damage|p2a: Hatterene|80/100
|-formechange|p1a: Meloetta|Meloetta-Pirouette|[msg]
|move|p2a: Hatterene|Nuzzle|p1a: Meloetta
|-damage|p1a: Meloetta|96/100
|-status|p1a: Meloetta|par
|
|-heal|p2a: Hatterene|86/100|[from] item: Leftovers
|upkeep
|turn|23
|
|t:|1760748033
|cant|p1a: Meloetta|par
|move|p2a: Hatterene|Draining Kiss|p1a: Meloetta
|-supereffective|p1a: Meloetta
|-damage|p1a: Meloetta|13/100 par
|-heal|p2a: Hatterene|100/100|[from] drain|[of] p1a: Meloetta
|
|upkeep
|turn|24
|
|t:|1760748036
|move|p1a: Meloetta|Triple Axel|p2a: Hatterene
|-damage|p2a: Hatterene|95/100
|-damage|p2a: Hatterene|83/100
|-damage|p2a: Hatterene|65/100
|-hitcount|p2a: Hatterene|3
|move|p2a: Hatterene|Draining Kiss|p1a: Meloetta
|-supereffective|p1a: Meloetta
|-damage|p1a: Meloetta|0 fnt
|-heal|p2a: Hatterene|74/100|[from] drain|[of] p1a: Meloetta
|faint|p1a: Meloetta
|
|-heal|p2a: Hatterene|80/100|[from] item: Leftovers
|upkeep
|
|t:|1760748039
|switch|p1a: Dragapult|Dragapult, F|100/100
|turn|25
|
|t:|1760748042
|move|p1a: Dragapult|Dragon Dance|p1a: Dragapult
|-boost|p1a: Dragapult|atk|1
|-boost|p1a: Dragapult|spe|1
|move|p2a: Hatterene|Draining Kiss|p1a: Dragapult
|-supereffective|p1a: Dragapult
|-damage|p1a: Dragapult|7/100
|-heal|p2a: Hatterene|100/100|[from] drain|[of] p1a: Dragapult
|-enditem|p1a: Dragapult|Weakness Policy
|-boost|p1a: Dragapult|atk|2|[from] item: Weakness Policy
|-boost|p1a: Dragapult|spa|2|[from] item: Weakness Policy
|
|upkeep
|turn|26
|
|t:|1760748045
|move|p1a: Dragapult|Phantom Force||[still]
|-prepare|p1a: Dragapult|Phantom Force
|move|p2a: Hatterene|Draining Kiss|p1a: Dragapult|[miss]
|-miss|p2a: Hatterene|p1a: Dragapult
|
|upkeep
|turn|27
|
|t:|1760748049
|move|p1a: Dragapult|Phantom Force|p2a: Hatterene|[from] lockedmove
|-supereffective|p2a: Hatterene
|-damage|p2a: Hatterene|0 fnt
|faint|p2a: Hatterene
|
|upkeep
|
|t:|1760748053
|switch|p2a: Lokix|Lokix, M|75/100
|turn|28
|
|t:|1760748056
|switch|p1a: Gholdengo|Gholdengo|100/100
|move|p2a: Lokix|First Impression|p1a: Gholdengo
|-resisted|p1a: Gholdengo
|-damage|p1a: Gholdengo|66/100
|-damage|p2a: Lokix|66/100|[from] item: Life Orb
|
|upkeep
|turn|29
|
|t:|1760748060
|-terastallize|p1a: Gholdengo|Steel
|move|p2a: Lokix|Sucker Punch|p1a: Gholdengo
|-damage|p1a: Gholdengo|11/100
|-damage|p2a: Lokix|56/100|[from] item: Life Orb
|move|p1a: Gholdengo|Focus Blast|p2a: Lokix
|-damage|p2a: Lokix|0 fnt
|faint|p2a: Lokix
|
|upkeep
|
|t:|1760748070
|switch|p2a: Clefable|Clefable, F|100/100
|turn|30
|
|t:|1760748077
|move|p1a: Gholdengo|Focus Blast|p2a: Clefable
|-resisted|p2a: Clefable
|-damage|p2a: Clefable|73/100
|move|p2a: Clefable|Moonblast|p1a: Gholdengo
|-resisted|p1a: Gholdengo
|-damage|p1a: Gholdengo|0 fnt
|faint|p1a: Gholdengo
|
|-heal|p2a: Clefable|79/100|[from] item: Leftovers
|upkeep
|
|t:|1760748080
|switch|p1a: Darkrai|Darkrai|100/100
|turn|31
|
|t:|1760748083
|move|p1a: Darkrai|Sludge Bomb|p2a: Clefable
|-supereffective|p2a: Clefable
|-damage|p2a: Clefable|20/100
|move|p2a: Clefable|Thunder Wave|p1a: Darkrai|[miss]
|-miss|p2a: Clefable|p1a: Darkrai
|
|-heal|p2a: Clefable|26/100|[from] item: Leftovers
|upkeep
|turn|32
|
|t:|1760748086
|move|p1a: Darkrai|Sludge Bomb|p2a: Clefable
|-supereffective|p2a: Clefable
|-damage|p2a: Clefable|0 fnt
|faint|p2a: Clefable
|
|upkeep
|
|t:|1760748088
|switch|p2a: Weezing|Weezing-Galar, F|100/100
|turn|33
|
|t:|1760748100
|move|p1a: Darkrai|Nasty Plot|p1a: Darkrai
|-boost|p1a: Darkrai|spa|2
|move|p2a: Weezing|Toxic|p1a: Darkrai
|-status|p1a: Darkrai|tox
|
|-damage|p1a: Darkrai|94/100 tox|[from] psn
|upkeep
|turn|34
|
|t:|1760748102
|move|p1a: Darkrai|Ice Beam|p2a: Weezing
|-damage|p2a: Weezing|33/100
|move|p2a: Weezing|Venoshock|p1a: Darkrai
|-damage|p1a: Darkrai|41/100 tox
|
|-heal|p2a: Weezing|39/100|[from] item: Black Sludge
|-damage|p1a: Darkrai|29/100 tox|[from] psn
|upkeep
|turn|35
|
|t:|1760748106
|move|p1a: Darkrai|Ice Beam|p2a: Weezing
|-damage|p2a: Weezing|0 fnt
|faint|p2a: Weezing
|
|-damage|p1a: Darkrai|10/100 tox|[from] psn
|upkeep
|
|t:|1760748108
|switch|p2a: Okidogi|Okidogi, M|100/100
|turn|36
|
|t:|1760748112
|move|p1a: Darkrai|Ice Beam|p2a: Okidogi
|-damage|p2a: Okidogi|55/100
|move|p2a: Okidogi|Bulk Up|p2a: Okidogi
|-boost|p2a: Okidogi|atk|1
|-boost|p2a: Okidogi|def|1
|
|-heal|p2a: Okidogi|61/100|[from] item: Leftovers
|-damage|p1a: Darkrai|0 fnt|[from] psn
|faint|p1a: Darkrai
|upkeep
|
|t:|1760748125
|switch|p1a: Polteageist|Polteageist|100/100
|turn|37
|
|t:|1760748130
|-terastallize|p2a: Okidogi|Dark
|move|p1a: Polteageist|Strength Sap|p2a: Okidogi
|-unboost|p2a: Okidogi|atk|1
|move|p2a: Okidogi|Knock Off|p1a: Polteageist
|-supereffective|p1a: Polteageist
|-damage|p1a: Polteageist|10/100
|-start|p2a: Okidogi|Disable|Knock Off|[from] ability: Cursed Body|[of] p1a: Polteageist
|-enditem|p1a: Polteageist|White Herb|[from] move: Knock Off|[of] p2a: Okidogi
|
|-heal|p2a: Okidogi|67/100|[from] item: Leftovers
|upkeep
|turn|38
|
|t:|1760748136
|move|p1a: Polteageist|Strength Sap|p2a: Okidogi
|-unboost|p2a: Okidogi|atk|1
|-heal|p1a: Polteageist|99/100
|move|p2a: Okidogi|Poison Jab|p1a: Polteageist
|-resisted|p1a: Polteageist
|-damage|p1a: Polteageist|86/100
|
|-heal|p2a: Okidogi|73/100|[from] item: Leftovers
|upkeep
|turn|39
|
|t:|1760748148
|move|p1a: Polteageist|Strength Sap|p2a: Okidogi
|-unboost|p2a: Okidogi|atk|1
|-heal|p1a: Polteageist|100/100
|move|p2a: Okidogi|Bulk Up|p2a: Okidogi
|-boost|p2a: Okidogi|atk|1
|-boost|p2a: Okidogi|def|1
|
|-heal|p2a: Okidogi|79/100|[from] item: Leftovers
|upkeep
|turn|40
|
|t:|1760748153
|move|p1a: Polteageist|Shell Smash|p1a: Polteageist
|-unboost|p1a: Polteageist|def|1
|-unboost|p1a: Polteageist|spd|1
|-boost|p1a: Polteageist|atk|2
|-boost|p1a: Polteageist|spa|2
|-boost|p1a: Polteageist|spe|2
|move|p2a: Okidogi|Poison Jab|p1a: Polteageist
|-resisted|p1a: Polteageist
|-damage|p1a: Polteageist|81/100
|-status|p1a: Polteageist|tox|[from] ability: Toxic Chain|[of] p2a: Okidogi
|
|-heal|p2a: Okidogi|85/100|[from] item: Leftovers
|-damage|p1a: Polteageist|75/100 tox|[from] psn
|-end|p2a: Okidogi|Disable
|upkeep
|turn|41
|
|t:|1760748157
|move|p1a: Polteageist|Shadow Ball|p2a: Okidogi
|-resisted|p2a: Okidogi
|-damage|p2a: Okidogi|61/100
|move|p2a: Okidogi|Knock Off|p1a: Polteageist
|-supereffective|p1a: Polteageist
|-damage|p1a: Polteageist|16/100 tox
|-start|p2a: Okidogi|Disable|Knock Off|[from] ability: Cursed Body|[of] p1a: Polteageist
|
|-heal|p2a: Okidogi|67/100|[from] item: Leftovers
|-damage|p1a: Polteageist|4/100 tox|[from] psn
|upkeep
|turn|42
|
|t:|1760748160
|move|p1a: Polteageist|Strength Sap|p2a: Okidogi
|-unboost|p2a: Okidogi|atk|1
|-heal|p1a: Polteageist|63/100 tox
|move|p2a: Okidogi|Bulk Up|p2a: Okidogi
|-boost|p2a: Okidogi|atk|1
|-boost|p2a: Okidogi|def|1
|
|-heal|p2a: Okidogi|73/100|[from] item: Leftovers
|-damage|p1a: Polteageist|45/100 tox|[from] psn
|upkeep
|turn|43
|
|t:|1760748164
|move|p1a: Polteageist|Shadow Ball|p2a: Okidogi
|-resisted|p2a: Okidogi
|-damage|p2a: Okidogi|49/100
|move|p2a: Okidogi|Bulk Up|p2a: Okidogi
|-boost|p2a: Okidogi|atk|1
|-boost|p2a: Okidogi|def|1
|
|-heal|p2a: Okidogi|55/100|[from] item: Leftovers
|-damage|p1a: Polteageist|20/100 tox|[from] psn
|upkeep
|turn|44
|
|t:|1760748167
|move|p1a: Polteageist|Shadow Ball|p2a: Okidogi
|-resisted|p2a: Okidogi
|-damage|p2a: Okidogi|30/100
|move|p2a: Okidogi|Bulk Up|p2a: Okidogi
|-boost|p2a: Okidogi|atk|1
|-boost|p2a: Okidogi|def|1
|
|-heal|p2a: Okidogi|36/100|[from] item: Leftovers
|-damage|p1a: Polteageist|0 fnt|[from] psn
|faint|p1a: Polteageist
|-end|p2a: Okidogi|Disable
|upkeep
|
|t:|1760748169
|switch|p1a: Dragapult|Dragapult, F|7/100
|turn|45
|
|t:|1760748173
|move|p1a: Dragapult|Dragon Darts|p2a: Okidogi
|-damage|p2a: Okidogi|30/100
|-anim|p1a: Dragapult|Dragon Darts|p2a: Okidogi
|-damage|p2a: Okidogi|25/100
|move|p2a: Okidogi|Knock Off|p1a: Dragapult
|-supereffective|p1a: Dragapult
|-damage|p1a: Dragapult|0 fnt
|faint|p1a: Dragapult
|
|win|peej93
|raw|Gruntman200's rating: 1220 &rarr; <strong>1197</strong><br />(-23 for losing)
|raw|peej93's rating: 1249 &rarr; <strong>1272</strong><br />(+23 for winning)
|l|☆Gruntman200
|player|p1|
|l|☆peej93
|player|p2|
