|badge|p1|silver|gen9ou|30-7
|uhtml|medal-msg|<div class="broadcast-blue">Curious what those medals under the avatar are? PS now has Ladder Seasons! For more information, check out the <a href="https://www.smogon.com/forums/threads/3740067/">thread on Smogon.</a></div>
|j|☆Chococroc
|j|☆healorant
|t:|1760804013
|gametype|singles
|player|p1|Chococroc|pokemaniac|1947
|player|p2|healorant|alder|1780
|gen|9
|tier|[Gen 9] OU
|rated|
|rule|HP Percentage Mod: HP is shown in percentages
|rule|Endless Battle Clause: Forcing endless battles is banned
|rule|Species Clause: Limit one of each Pokémon
|rule|OHKO Clause: OHKO moves are banned
|rule|Evasion Items Clause: Evasion items are banned
|rule|Evasion Moves Clause: Evasion moves are banned
|rule|Evasion Abilities Clause: Evasion abilities are banned
|rule|Sleep Moves Clause: Sleep-inducing moves are banned
|clearpoke
|poke|p1|Rillaboom, M|
|poke|p1|Hawlucha, M|
|poke|p1|Kyurem|
|poke|p1|Primarina, M|
|poke|p1|Cinderace, M|
|poke|p1|Iron Crown|
|poke|p2|Ogerpon-Cornerstone, F|
|poke|p2|Iron Moth|
|poke|p2|Great Tusk|
|poke|p2|Kingambit, M|
|poke|p2|Landorus-Therian, M|
|poke|p2|Iron Valiant|
|teampreview
|inactive|Battle timer is ON: inactive players will automatically lose when time's up. (requested by healorant)
|
|t:|1760804033
|teamsize|p1|6
|teamsize|p2|6
|start
|switch|p1a: Cinderace|Cinderace, M|100/100
|switch|p2a: Landorus|Landorus-Therian, M|100/100
|-ability|p2a: Landorus|Intimidate|boost
|-unboost|p1a: Cinderace|atk|1
|turn|1
|
|t:|1760804042
|switch|p1a: Rillaboom|Rillaboom, M|100/100
|-fieldstart|move: Grassy Terrain|[from] ability: Grassy Surge|[of] p1a: Rillaboom
|move|p2a: Landorus|Earthquake|p1a: Rillaboom
|-resisted|p1a: Rillaboom
|-damage|p1a: Rillaboom|84/100
|
|-heal|p1a: Rillaboom|90/100|[from] Grassy Terrain
|upkeep
|turn|2
|
|t:|1760804046
|move|p2a: Landorus|Stealth Rock|p1a: Rillaboom
|-sidestart|p1: Chococroc|move: Stealth Rock
|move|p1a: Rillaboom|Wood Hammer|p2a: Landorus
|-enditem|p2a: Landorus|Focus Sash
|-damage|p2a: Landorus|1/100
|-damage|p1a: Rillaboom|59/100|[from] Recoil
|
|-heal|p1a: Rillaboom|66/100|[from] Grassy Terrain
|upkeep
|turn|3
|
|t:|1760804060
|switch|p2a: Iron Moth|Iron Moth|100/100
|-enditem|p2a: Iron Moth|Booster Energy
|-activate|p2a: Iron Moth|ability: Quark Drive|[fromitem]
|-start|p2a: Iron Moth|quarkdrivespe
|switch|p1a: Cinderace|Cinderace, M|100/100
|
|upkeep
|turn|4
|
|t:|1760804066
|move|p2a: Iron Moth|Fiery Dance|p1a: Cinderace
|-resisted|p1a: Cinderace
|-damage|p1a: Cinderace|71/100
|-boost|p2a: Iron Moth|spa|1
|move|p1a: Cinderace|Court Change|p1a: Cinderace
|-start|p1a: Cinderace|typechange|Normal|[from] ability: Libero
|-swapsideconditions
|-activate|p1a: Cinderace|move: Court Change
|
|-heal|p1a: Cinderace|77/100|[from] Grassy Terrain
|upkeep
|turn|5
|
|t:|1760804070
|move|p2a: Iron Moth|Fiery Dance|p1a: Cinderace
|-damage|p1a: Cinderace|0 fnt
|faint|p1a: Cinderace
|
|-fieldend|move: Grassy Terrain
|upkeep
|j| corynet
|
|t:|1760804098
|switch|p1a: Kyurem|Kyurem|100/100
|-ability|p1a: Kyurem|Pressure
|turn|6
|
|t:|1760804114
|move|p2a: Iron Moth|Sludge Wave|p1a: Kyurem
|-damage|p1a: Kyurem|26/100
|move|p1a: Kyurem|Scale Shot|p2a: Iron Moth
|-damage|p2a: Iron Moth|83/100
|-damage|p2a: Iron Moth|63/100
|-damage|p2a: Iron Moth|42/100
|-damage|p2a: Iron Moth|25/100
|-damage|p2a: Iron Moth|5/100
|-hitcount|p2a: Iron Moth|5
|-unboost|p1a: Kyurem|def|1
|-boost|p1a: Kyurem|spe|1
|
|upkeep
|turn|7
|
|t:|1760804123
|move|p2a: Iron Moth|Fiery Dance|p1a: Kyurem
|-crit|p1a: Kyurem
|-damage|p1a: Kyurem|0 fnt
|-boost|p2a: Iron Moth|spa|1
|faint|p1a: Kyurem
|
|upkeep
|
|t:|1760804125
|switch|p1a: Rillaboom|Rillaboom, M|66/100
|-fieldstart|move: Grassy Terrain|[from] ability: Grassy Surge|[of] p1a: Rillaboom
|turn|8
|
|t:|1760804132
|move|p1a: Rillaboom|Grassy Glide|p2a: Iron Moth
|-resisted|p2a: Iron Moth
|-damage|p2a: Iron Moth|0 fnt
|faint|p2a: Iron Moth
|-end|p2a: Iron Moth|Quark Drive|[silent]
|
|-heal|p1a: Rillaboom|72/100|[from] Grassy Terrain
|upkeep
|
|t:|1760804136
|switch|p2a: Kingambit|Kingambit, M|100/100
|-damage|p2a: Kingambit|94/100|[from] Stealth Rock
|-activate|p2a: Kingambit|ability: Supreme Overlord
|-start|p2a: Kingambit|fallen1|[silent]
|turn|9
|
|t:|1760804153
|switch|p1a: Primarina|Primarina, M|100/100
|move|p2a: Kingambit|Iron Head|p1a: Primarina
|-damage|p1a: Primarina|64/100
|
|-heal|p2a: Kingambit|100/100|[from] Grassy Terrain
|-heal|p1a: Primarina|70/100|[from] Grassy Terrain
|-heal|p1a: Primarina|76/100|[from] item: Leftovers
|upkeep
|turn|10
|
|t:|1760804161
|switch|p1a: Iron Crown|Iron Crown|100/100
|-enditem|p1a: Iron Crown|Booster Energy
|-activate|p1a: Iron Crown|ability: Quark Drive|[fromitem]
|-start|p1a: Iron Crown|quarkdrivespe
|move|p2a: Kingambit|Swords Dance|p2a: Kingambit
|-boost|p2a: Kingambit|atk|2
|
|upkeep
|turn|11
|
|t:|1760804174
|-terastallize|p1a: Iron Crown|Fighting
|-terastallize|p2a: Kingambit|Ghost
|move|p1a: Iron Crown|Focus Blast|p2a: Kingambit
|-immune|p2a: Kingambit
|move|p2a: Kingambit|Kowtow Cleave|p1a: Iron Crown
|-resisted|p1a: Iron Crown
|-damage|p1a: Iron Crown|51/100
|
|-heal|p1a: Iron Crown|58/100|[from] Grassy Terrain
|upkeep
|turn|12
|
|t:|1760804182
|move|p1a: Iron Crown|Tachyon Cutter|p2a: Kingambit
|-damage|p2a: Kingambit|72/100
|-damage|p2a: Kingambit|45/100
|-hitcount|p2a: Kingambit|2
|move|p2a: Kingambit|Iron Head|p1a: Iron Crown
|-damage|p1a: Iron Crown|0 fnt
|faint|p1a: Iron Crown
|-end|p1a: Iron Crown|Quark Drive|[silent]
|
|-heal|p2a: Kingambit|51/100|[from] Grassy Terrain
|-heal|p2a: Kingambit|57/100|[from] item: Leftovers
|-fieldend|move: Grassy Terrain
|upkeep
|
|t:|1760804185
|switch|p1a: Rillaboom|Rillaboom, M|72/100
|-fieldstart|move: Grassy Terrain|[from] ability: Grassy Surge|[of] p1a: Rillaboom
|turn|13
|
|t:|1760804191
|-end|p2a: Kingambit|fallen1|[silent]
|switch|p2a: Landorus|Landorus-Therian, M|1/100
|-damage|p2a: Landorus|0 fnt|[from] Stealth Rock
|faint|p2a: Landorus
|move|p1a: Rillaboom|Knock Off|p2: Landorus|[notarget]
|-fail|p1a: Rillaboom
|
|-heal|p1a: Rillaboom|78/100|[from] Grassy Terrain
|upkeep
|
|t:|1760804199
|switch|p2a: Great Tusk|Great Tusk|100/100
|-damage|p2a: Great Tusk|98/100|[from] Stealth Rock
|-enditem|p2a: Great Tusk|Booster Energy
|-activate|p2a: Great Tusk|ability: Protosynthesis|[fromitem]
|-start|p2a: Great Tusk|protosynthesisspe
|turn|14
|j| Capitaine Tenace
|
|t:|1760804202
|switch|p1a: Primarina|Primarina, M|76/100
|move|p2a: Great Tusk|Rapid Spin|p1a: Primarina
|-damage|p1a: Primarina|64/100
|-boost|p2a: Great Tusk|spe|1
|-sideend|p2: healorant|Stealth Rock|[from] move: Rapid Spin|[of] p2a: Great Tusk
|
|-heal|p2a: Great Tusk|100/100|[from] Grassy Terrain
|-heal|p1a: Primarina|70/100|[from] Grassy Terrain
|-heal|p1a: Primarina|76/100|[from] item: Leftovers
|upkeep
|turn|15
|j| 16yxy
|
|t:|1760804210
|move|p2a: Great Tusk|Headlong Rush|p1a: Primarina
|-damage|p1a: Primarina|33/100
|-unboost|p2a: Great Tusk|def|1
|-unboost|p2a: Great Tusk|spd|1
|move|p1a: Primarina|Draining Kiss|p2a: Great Tusk
|-supereffective|p2a: Great Tusk
|-damage|p2a: Great Tusk|16/100
|-heal|p1a: Primarina|100/100|[from] drain|[of] p2a: Great Tusk
|
|-heal|p2a: Great Tusk|22/100|[from] Grassy Terrain
|upkeep
|turn|16
|
|t:|1760804217
|move|p2a: Great Tusk|Headlong Rush|p1a: Primarina
|-damage|p1a: Primarina|59/100
|-unboost|p2a: Great Tusk|def|1
|-unboost|p2a: Great Tusk|spd|1
|move|p1a: Primarina|Draining Kiss|p2a: Great Tusk
|-supereffective|p2a: Great Tusk
|-damage|p2a: Great Tusk|0 fnt
|-heal|p1a: Primarina|79/100|[from] drain|[of] p2a: Great Tusk
|faint|p2a: Great Tusk
|-end|p2a: Great Tusk|Protosynthesis|[silent]
|
|-heal|p1a: Primarina|85/100|[from] Grassy Terrain
|-heal|p1a: Primarina|91/100|[from] item: Leftovers
|upkeep
|j| Bloodhound Q50
|
|t:|1760804226
|switch|p2a: Ogerpon|Ogerpon-Cornerstone, F|100/100
|turn|17
|
|t:|1760804234
|move|p2a: Ogerpon|Horn Leech|p1a: Primarina
|-supereffective|p1a: Primarina
|-damage|p1a: Primarina|3/100
|move|p1a: Primarina|Psychic Noise|p2a: Ogerpon
|-damage|p2a: Ogerpon|66/100
|-start|p2a: Ogerpon|move: Heal Block
|
|-heal|p1a: Primarina|9/100|[from] Grassy Terrain
|-heal|p1a: Primarina|15/100|[from] item: Leftovers
|-fieldend|move: Grassy Terrain
|upkeep
|turn|18
|c|☆healorant|how
|
|t:|1760804243
|move|p2a: Ogerpon|Ivy Cudgel|p1a: Primarina|[anim] Ivy Cudgel Rock
|-damage|p1a: Primarina|0 fnt
|faint|p1a: Primarina
|
|-end|p2a: Ogerpon|move: Heal Block
|upkeep
|
|t:|1760804245
|switch|p1a: Rillaboom|Rillaboom, M|78/100
|-fieldstart|move: Grassy Terrain|[from] ability: Grassy Surge|[of] p1a: Rillaboom
|turn|19
|
|t:|1760804250
|move|p1a: Rillaboom|Grassy Glide|p2a: Ogerpon
|-damage|p2a: Ogerpon|0 fnt
|faint|p2a: Ogerpon
|
|-heal|p1a: Rillaboom|84/100|[from] Grassy Terrain
|upkeep
|
|t:|1760804257
|switch|p2a: Kingambit|Kingambit, M, tera:Ghost|57/100
|-activate|p2a: Kingambit|ability: Supreme Overlord
|-start|p2a: Kingambit|fallen4|[silent]
|turn|20
|
|t:|1760804259
|move|p1a: Rillaboom|Grassy Glide|p2a: Kingambit
|-damage|p2a: Kingambit|3/100
|move|p2a: Kingambit|Kowtow Cleave|p1a: Rillaboom
|-damage|p1a: Rillaboom|18/100
|
|-heal|p1a: Rillaboom|24/100|[from] Grassy Terrain
|-heal|p2a: Kingambit|9/100|[from] Grassy Terrain
|-heal|p2a: Kingambit|15/100|[from] item: Leftovers
|upkeep
|turn|21
|
|t:|1760804265
|move|p1a: Rillaboom|Grassy Glide|p2a: Kingambit
|-damage|p2a: Kingambit|0 fnt
|faint|p2a: Kingambit
|-end|p2a: Kingambit|fallen4|[silent]
|
|-heal|p1a: Rillaboom|30/100|[from] Grassy Terrain
|upkeep
|
|t:|1760804266
|switch|p2a: Iron Valiant|Iron Valiant|100/100
|-enditem|p2a: Iron Valiant|Booster Energy
|-activate|p2a: Iron Valiant|ability: Quark Drive|[fromitem]
|-start|p2a: Iron Valiant|quarkdrivespe
|turn|22
|
|t:|1760804270
|move|p1a: Rillaboom|Grassy Glide|p2a: Iron Valiant
|-damage|p2a: Iron Valiant|20/100
|move|p2a: Iron Valiant|Moonblast|p1a: Rillaboom
|-damage|p1a: Rillaboom|0 fnt
|faint|p1a: Rillaboom
|
|-heal|p2a: Iron Valiant|26/100|[from] Grassy Terrain
|upkeep
|
|t:|1760804272
|switch|p1a: Hawlucha|Hawlucha, M|100/100
|-enditem|p1a: Hawlucha|Grassy Seed
|-boost|p1a: Hawlucha|def|1|[from] item: Grassy Seed
|turn|23
|
|t:|1760804274
|move|p1a: Hawlucha|Acrobatics|p2a: Iron Valiant
|-supereffective|p2a: Iron Valiant
|-damage|p2a: Iron Valiant|0 fnt
|faint|p2a: Iron Valiant
|-end|p2a: Iron Valiant|Quark Drive|[silent]
|
|win|Chococroc
|raw|Chococroc's rating: 1947 &rarr; <strong>1958</strong><br />(+11 for winning)
|raw|healorant's rating: 1780 &rarr; <strong>1769</strong><br />(-11 for losing)
|l|☆healorant
|player|p2|
|l|☆Chococroc
|player|p1|
|l| 16yxy
|l| Bloodhound Q50
