|j|☆Waffle Plus
|j|☆yixing_onestar
|t:|1760784306
|gametype|singles
|player|p1|Waffle Plus|iris-gen5bw2|1234
|player|p2|yixing_onestar|swimmerf-gen4|1276
|gen|9
|tier|[Gen 9] OU
|rated|
|rule|HP Percentage Mod: HP is shown in percentages
|rule|Endless Battle Clause: Forcing endless battles is banned
|rule|Species Clause: Limit one of each Pokémon
|rule|OHKO Clause: OHKO moves are banned
|rule|Evasion Items Clause: Evasion items are banned
|rule|Evasion Moves Clause: Evasion moves are banned
|rule|Evasion Abilities Clause: Evasion abilities are banned
|rule|Sleep Moves Clause: Sleep-inducing moves are banned
|clearpoke
|poke|p1|Latios, M|
|poke|p1|Greninja-*, M|
|poke|p1|Arcanine-Hisui, F|
|poke|p1|Cobalion|
|poke|p1|Skeledirge, F|
|poke|p1|Thundurus-Therian, M|
|poke|p2|Ninetales-Alola, M|
|poke|p2|Cetitan, M|
|poke|p2|Kyurem|
|poke|p2|Sandslash-Alola, M|
|poke|p2|Chandelure, F|
|poke|p2|Meowscarada, M|
|teampreview
|
|t:|1760784328
|teamsize|p1|6
|teamsize|p2|6
|start
|switch|p1a: Arcanine|Arcanine-Hisui, F|100/100
|switch|p2a: Sandslash|Sandslash-Alola, M, shiny|100/100
|turn|1
|
|t:|1760784338
|move|p1a: Arcanine|Flare Blitz|p2a: Sandslash
|-supereffective|p2a: Sandslash
|-enditem|p2a: Sandslash|Focus Sash
|-damage|p2a: Sandslash|1/100
|-status|p2a: Sandslash|brn
|-damage|p1a: Arcanine|91/100|[from] item: Life Orb
|move|p2a: Sandslash|Stealth Rock|p1a: Arcanine
|-sidestart|p1: Waffle Plus|move: Stealth Rock
|
|-damage|p2a: Sandslash|0 fnt|[from] brn
|faint|p2a: Sandslash
|upkeep
|
|t:|1760784348
|switch|p2a: Ninetales|Ninetales-Alola, M, shiny|100/100
|-weather|Snowscape|[from] ability: Snow Warning|[of] p2a: Ninetales
|turn|2
|
|t:|1760784360
|switch|p2a: Chandelure|Chandelure, F|100/100
|move|p1a: Arcanine|Head Smash|p2a: Chandelure
|-supereffective|p2a: Chandelure
|-damage|p2a: Chandelure|0 fnt
|faint|p2a: Chandelure
|-damage|p1a: Arcanine|81/100|[from] item: Life Orb
|
|-weather|Snowscape|[upkeep]
|upkeep
|
|t:|1760784367
|switch|p2a: Cetitan|Cetitan, M, shiny|100/100
|turn|3
|
|t:|1760784375
|-terastallize|p2a: Cetitan|Ground
|move|p2a: Cetitan|Belly Drum|p2a: Cetitan
|-damage|p2a: Cetitan|51/100
|-setboost|p2a: Cetitan|atk|6|[from] move: Belly Drum
|move|p1a: Arcanine|Head Smash|p2a: Cetitan
|-resisted|p2a: Cetitan
|-damage|p2a: Cetitan|8/100
|-enditem|p2a: Cetitan|Sitrus Berry|[eat]
|-heal|p2a: Cetitan|33/100|[from] item: Sitrus Berry
|-damage|p1a: Arcanine|71/100|[from] item: Life Orb
|
|-weather|Snowscape|[upkeep]
|upkeep
|turn|4
|
|t:|1760784411
|move|p1a: Arcanine|Extreme Speed|p2a: Cetitan
|-damage|p2a: Cetitan|1/100
|-damage|p1a: Arcanine|61/100|[from] item: Life Orb
|move|p2a: Cetitan|Earthquake|p1a: Arcanine
|-supereffective|p1a: Arcanine
|-damage|p1a: Arcanine|0 fnt
|faint|p1a: Arcanine
|
|-weather|Snowscape|[upkeep]
|upkeep
|
|t:|1760784427
|switch|p1a: Greninja|Greninja, M|100/100
|-damage|p1a: Greninja|88/100|[from] Stealth Rock
|turn|5
|
|t:|1760784433
|move|p2a: Cetitan|Superpower|p1a: Greninja
|-supereffective|p1a: Greninja
|-damage|p1a: Greninja|0 fnt
|-unboost|p2a: Cetitan|atk|1
|-unboost|p2a: Cetitan|def|1
|faint|p1a: Greninja
|
|-weather|Snowscape|[upkeep]
|upkeep
|inactive|Battle timer is ON: inactive players will automatically lose when time's up. (requested by yixing_onestar)
|l|☆Waffle Plus
|inactive|Waffle Plus disconnected and has a minute to reconnect!
|player|p1|
|inactive|Waffle Plus has 30 seconds to reconnect!
|inactive|Waffle Plus has 20 seconds to reconnect!
|j|☆Waffle Plus
|inactive|Waffle Plus reconnected and has 90 seconds left.
|player|p1|Waffle Plus|iris-gen5bw2|
|
|t:|1760784555
|switch|p1a: Cobalion|Cobalion|100/100
|-damage|p1a: Cobalion|97/100|[from] Stealth Rock
|turn|6
|l|☆yixing_onestar
|inactive|yixing_onestar disconnected and has a minute to reconnect!
|player|p2|
|j|☆yixing_onestar
|inactive|yixing_onestar reconnected and has 115 seconds left.
|player|p2|yixing_onestar|swimmerf-gen4|
|
|t:|1760784598
|-terastallize|p1a: Cobalion|Water
|move|p2a: Cetitan|Earthquake|p1a: Cobalion
|-damage|p1a: Cobalion|0 fnt
|faint|p1a: Cobalion
|
|-weather|Snowscape|[upkeep]
|upkeep
|
|t:|1760784615
|switch|p1a: Latios|Latios, M|100/100
|-damage|p1a: Latios|88/100|[from] Stealth Rock
|turn|7
|inactive|yixing_onestar has 120 seconds left.
|
|t:|1760784635
|move|p2a: Cetitan|Ice Spinner|p1a: Latios
|-supereffective|p1a: Latios
|-damage|p1a: Latios|0 fnt
|faint|p1a: Latios
|
|-weather|Snowscape|[upkeep]
|upkeep
|
|t:|1760784641
|switch|p1a: Skeledirge|Skeledirge, F|100/100
|-damage|p1a: Skeledirge|75/100|[from] Stealth Rock
|turn|8
|
|t:|1760784646
|move|p2a: Cetitan|Earthquake|p1a: Skeledirge
|-supereffective|p1a: Skeledirge
|-damage|p1a: Skeledirge|0 fnt
|faint|p1a: Skeledirge
|
|-weather|Snowscape|[upkeep]
|upkeep
|-message|Waffle Plus forfeited.
|
|win|yixing_onestar
|raw|Waffle Plus's rating: 1234 &rarr; <strong>1212</strong><br />(-22 for losing)
|raw|yixing_onestar's rating: 1276 &rarr; <strong>1298</strong><br />(+22 for winning)
|l|☆Waffle Plus
|player|p1|
|l|☆yixing_onestar
|player|p2|
