|j|☆Simisear's#1fan
|j|☆NebulaTrainer
|t:|1760883870
|gametype|singles
|player|p1|Simisear's#1fan|cynthia-gen4|1581
|player|p2|NebulaTrainer|cynthia-gen4|1632
|gen|9
|tier|[Gen 9] OU
|rated|
|rule|HP Percentage Mod: HP is shown in percentages
|rule|Endless Battle Clause: Forcing endless battles is banned
|rule|Species Clause: Limit one of each Pokémon
|rule|OHKO Clause: OHKO moves are banned
|rule|Evasion Items Clause: Evasion items are banned
|rule|Evasion Moves Clause: Evasion moves are banned
|rule|Evasion Abilities Clause: Evasion abilities are banned
|rule|Sleep Moves Clause: Sleep-inducing moves are banned
|clearpoke
|poke|p1|Ninetales, M|
|poke|p1|Scovillain, M|
|poke|p1|Walking Wake|
|poke|p1|Hatterene, F|
|poke|p1|Great Tusk|
|poke|p1|Scizor, F|
|poke|p2|Hippowdon, M|
|poke|p2|Excadrill, M|
|poke|p2|Hydrapple, F|
|poke|p2|Tornadus-Therian, M|
|poke|p2|Heatran, M|
|poke|p2|Keldeo-Resolute|
|teampreview
|
|t:|1760883891
|teamsize|p1|6
|teamsize|p2|6
|start
|switch|p1a: Walking Wake|Walking Wake|100/100
|switch|p2a: Tornadus|Tornadus-Therian, M, shiny|100/100
|turn|1
|
|t:|1760883898
|-end|p1a: Walking Wake|Protosynthesis|[silent]
|switch|p1a: Scizor|Scizor, F|100/100
|move|p2a: Tornadus|Knock Off|p1a: Scizor
|-damage|p1a: Scizor|79/100
|-enditem|p1a: Scizor|Choice Band|[from] move: Knock Off|[of] p2a: Tornadus
|
|upkeep
|turn|2
|
|t:|1760883905
|switch|p1a: Ninetales|Ninetales, M|100/100
|-weather|SunnyDay|[from] ability: Drought|[of] p1a: Ninetales
|move|p2a: Tornadus|Heat Wave|p1a: Ninetales
|-resisted|p1a: Ninetales
|-damage|p1a: Ninetales|82/100
|
|-weather|SunnyDay|[upkeep]
|upkeep
|turn|3
|
|t:|1760883916
|switch|p1a: Walking Wake|Walking Wake|100/100
|-activate|p1a: Walking Wake|ability: Protosynthesis
|-start|p1a: Walking Wake|protosynthesisspe
|move|p2a: Tornadus|Knock Off|p1a: Walking Wake
|-damage|p1a: Walking Wake|78/100
|-enditem|p1a: Walking Wake|Choice Specs|[from] move: Knock Off|[of] p2a: Tornadus
|
|-weather|SunnyDay|[upkeep]
|upkeep
|turn|4
|
|t:|1760883926
|-terastallize|p1a: Walking Wake|Water
|move|p1a: Walking Wake|Hydro Steam|p2a: Tornadus
|-damage|p2a: Tornadus|49/100
|move|p2a: Tornadus|Hurricane|p1a: Walking Wake|[miss]
|-miss|p2a: Tornadus|p1a: Walking Wake
|
|-weather|SunnyDay|[upkeep]
|upkeep
|turn|5
|
|t:|1760883936
|switch|p2a: Hydrapple|Hydrapple, F|100/100
|move|p1a: Walking Wake|Hydro Steam|p2a: Hydrapple
|-resisted|p2a: Hydrapple
|-damage|p2a: Hydrapple|79/100
|
|-weather|SunnyDay|[upkeep]
|upkeep
|turn|6
|
|t:|1760883944
|switch|p2a: Heatran|Heatran, M, shiny|100/100
|move|p1a: Walking Wake|Draco Meteor|p2a: Heatran
|-resisted|p2a: Heatran
|-damage|p2a: Heatran|82/100
|-unboost|p1a: Walking Wake|spa|2
|
|-weather|SunnyDay|[upkeep]
|-heal|p2a: Heatran|88/100|[from] item: Leftovers
|upkeep
|turn|7
|
|t:|1760883954
|switch|p2a: Tornadus|Tornadus-Therian, M, shiny|82/100
|move|p1a: Walking Wake|Flip Turn|p2a: Tornadus
|-damage|p2a: Tornadus|69/100
|
|t:|1760883962
|-end|p1a: Walking Wake|Protosynthesis|[silent]
|switch|p1a: Scovillain|Scovillain, M|100/100|[from] Flip Turn
|
|-weather|SunnyDay|[upkeep]
|upkeep
|turn|8
|
|t:|1760883967
|move|p1a: Scovillain|Growth|p1a: Scovillain
|-boost|p1a: Scovillain|atk|2
|-boost|p1a: Scovillain|spa|2
|move|p2a: Tornadus|Hurricane|p1a: Scovillain|[miss]
|-miss|p2a: Tornadus|p1a: Scovillain
|
|-weather|SunnyDay|[upkeep]
|upkeep
|turn|9
|
|t:|1760883976
|move|p1a: Scovillain|Flamethrower|p2a: Tornadus
|-damage|p2a: Tornadus|0 fnt
|faint|p2a: Tornadus
|-damage|p1a: Scovillain|91/100|[from] item: Life Orb
|
|-weather|none
|upkeep
|
|t:|1760883983
|switch|p2a: Heatran|Heatran, M, shiny|88/100
|turn|10
|
|t:|1760883989
|switch|p1a: Hatterene|Hatterene, F|100/100
|move|p2a: Heatran|Magma Storm|p1a: Hatterene|[miss]
|-miss|p2a: Heatran|p1a: Hatterene
|
|-heal|p2a: Heatran|94/100|[from] item: Leftovers
|upkeep
|turn|11
|
|t:|1760883998
|switch|p2a: Hippowdon|Hippowdon, M, shiny|100/100
|-weather|Sandstorm|[from] ability: Sand Stream|[of] p2a: Hippowdon
|move|p1a: Hatterene|Nuzzle|p2a: Hippowdon
|-immune|p2a: Hippowdon
|
|-weather|Sandstorm|[upkeep]
|-damage|p1a: Hatterene|95/100|[from] Sandstorm
|upkeep
|turn|12
|
|t:|1760884009
|switch|p2a: Heatran|Heatran, M, shiny|94/100
|move|p1a: Hatterene|Psychic Noise|p2a: Heatran
|-resisted|p2a: Heatran
|-damage|p2a: Heatran|84/100
|-start|p2a: Heatran|move: Heal Block
|
|-weather|Sandstorm|[upkeep]
|-damage|p1a: Hatterene|89/100|[from] Sandstorm
|upkeep
|turn|13
|
|t:|1760884020
|switch|p2a: Excadrill|Excadrill, M, shiny|100/100
|move|p1a: Hatterene|Nuzzle|p2a: Excadrill
|-immune|p2a: Excadrill
|
|-weather|Sandstorm|[upkeep]
|-damage|p1a: Hatterene|83/100|[from] Sandstorm
|upkeep
|turn|14
|
|t:|1760884030
|switch|p1a: Great Tusk|Great Tusk|100/100
|move|p2a: Excadrill|Earthquake|p1a: Great Tusk
|-damage|p1a: Great Tusk|66/100
|
|-weather|Sandstorm|[upkeep]
|upkeep
|turn|15
|
|t:|1760884038
|switch|p2a: Hippowdon|Hippowdon, M, shiny|100/100
|move|p1a: Great Tusk|Ice Spinner|p2a: Hippowdon
|-supereffective|p2a: Hippowdon
|-damage|p2a: Hippowdon|78/100
|
|-weather|Sandstorm|[upkeep]
|upkeep
|turn|16
|
|t:|1760884048
|-end|p1a: Great Tusk|Protosynthesis|[silent]
|switch|p1a: Hatterene|Hatterene, F|83/100
|move|p2a: Hippowdon|Earthquake|p1a: Hatterene
|-damage|p1a: Hatterene|52/100
|-enditem|p1a: Hatterene|Eject Button
|
|t:|1760884056
|switch|p1a: Walking Wake|Walking Wake, tera:Water|78/100
|
|-weather|Sandstorm|[upkeep]
|-damage|p1a: Walking Wake|72/100|[from] Sandstorm
|upkeep
|turn|17
|
|t:|1760884069
|switch|p2a: Keldeo|Keldeo-Resolute|100/100
|move|p1a: Walking Wake|Flip Turn|p2a: Keldeo
|-resisted|p2a: Keldeo
|-damage|p2a: Keldeo|89/100
|
|t:|1760884076
|-end|p1a: Walking Wake|Protosynthesis|[silent]
|switch|p1a: Ninetales|Ninetales, M|82/100|[from] Flip Turn
|-weather|SunnyDay|[from] ability: Drought|[of] p1a: Ninetales
|
|-weather|SunnyDay|[upkeep]
|upkeep
|turn|18
|
|t:|1760884083
|switch|p1a: Walking Wake|Walking Wake, tera:Water|72/100
|-activate|p1a: Walking Wake|ability: Protosynthesis
|-start|p1a: Walking Wake|protosynthesisspe
|move|p2a: Keldeo|Flip Turn|p1a: Walking Wake
|-resisted|p1a: Walking Wake
|-damage|p1a: Walking Wake|68/100
|
|t:|1760884093
|switch|p2a: Hydrapple|Hydrapple, F|100/100|[from] Flip Turn
|
|-weather|SunnyDay|[upkeep]
|upkeep
|turn|19
|
|t:|1760884099
|-terastallize|p2a: Hydrapple|Fairy
|move|p1a: Walking Wake|Draco Meteor|p2a: Hydrapple
|-immune|p2a: Hydrapple
|move|p2a: Hydrapple|Fickle Beam|p1a: Walking Wake
|-damage|p1a: Walking Wake|20/100
|
|-weather|SunnyDay|[upkeep]
|upkeep
|turn|20
|
|t:|1760884110
|move|p1a: Walking Wake|Flip Turn|p2a: Hydrapple
|-damage|p2a: Hydrapple|93/100
|
|t:|1760884114
|-end|p1a: Walking Wake|Protosynthesis|[silent]
|switch|p1a: Scizor|Scizor, F|79/100|[from] Flip Turn
|move|p2a: Hydrapple|Giga Drain|p1a: Scizor
|-resisted|p1a: Scizor
|-damage|p1a: Scizor|65/100
|-heal|p2a: Hydrapple|99/100|[from] drain|[of] p1a: Scizor
|
|-weather|SunnyDay|[upkeep]
|upkeep
|turn|21
|
|t:|1760884125
|switch|p2a: Hippowdon|Hippowdon, M, shiny|78/100
|-weather|Sandstorm|[from] ability: Sand Stream|[of] p2a: Hippowdon
|move|p1a: Scizor|U-turn|p2a: Hippowdon
|-damage|p2a: Hippowdon|57/100
|
|t:|1760884130
|switch|p1a: Scovillain|Scovillain, M|91/100|[from] U-turn
|
|-weather|Sandstorm|[upkeep]
|-damage|p1a: Scovillain|85/100|[from] Sandstorm
|upkeep
|turn|22
|
|t:|1760884138
|switch|p2a: Heatran|Heatran, M, shiny|84/100
|move|p1a: Scovillain|Giga Drain|p2a: Heatran
|-resisted|p2a: Heatran
|-damage|p2a: Heatran|77/100
|-heal|p1a: Scovillain|89/100|[from] drain|[of] p2a: Heatran
|-damage|p1a: Scovillain|79/100|[from] item: Life Orb
|
|-weather|Sandstorm|[upkeep]
|-damage|p1a: Scovillain|74/100|[from] Sandstorm
|-heal|p2a: Heatran|83/100|[from] item: Leftovers
|upkeep
|turn|23
|
|t:|1760884150
|switch|p1a: Hatterene|Hatterene, F|52/100
|move|p2a: Heatran|Magma Storm|p1a: Hatterene
|-damage|p1a: Hatterene|5/100
|-activate|p1a: Hatterene|move: Magma Storm|[of] p2a: Heatran
|
|-weather|Sandstorm|[upkeep]
|-damage|p1a: Hatterene|0 fnt|[from] Sandstorm
|faint|p1a: Hatterene
|-heal|p2a: Heatran|89/100|[from] item: Leftovers
|upkeep
|
|t:|1760884155
|switch|p1a: Great Tusk|Great Tusk|66/100
|turn|24
|
|t:|1760884164
|switch|p2a: Hydrapple|Hydrapple, F, tera:Fairy|100/100
|move|p1a: Great Tusk|Stealth Rock|p2a: Hydrapple
|-sidestart|p2: NebulaTrainer|move: Stealth Rock
|
|-weather|Sandstorm|[upkeep]
|-damage|p2a: Hydrapple|94/100|[from] Sandstorm
|upkeep
|turn|25
|
|t:|1760884172
|-end|p1a: Great Tusk|Protosynthesis|[silent]
|switch|p1a: Scizor|Scizor, F|65/100
|move|p2a: Hydrapple|Earth Power|p1a: Scizor
|-damage|p1a: Scizor|20/100
|
|-weather|Sandstorm|[upkeep]
|-damage|p2a: Hydrapple|88/100|[from] Sandstorm
|upkeep
|turn|26
|
|t:|1760884181
|move|p1a: Scizor|U-turn|p2a: Hydrapple
|-resisted|p2a: Hydrapple
|-damage|p2a: Hydrapple|74/100
|
|t:|1760884186
|switch|p1a: Ninetales|Ninetales, M|82/100|[from] U-turn
|-weather|SunnyDay|[from] ability: Drought|[of] p1a: Ninetales
|move|p2a: Hydrapple|Earth Power|p1a: Ninetales
|-supereffective|p1a: Ninetales
|-damage|p1a: Ninetales|15/100
|
|-weather|SunnyDay|[upkeep]
|upkeep
|turn|27
|
|t:|1760884196
|switch|p1a: Scovillain|Scovillain, M|74/100
|switch|p2a: Heatran|Heatran, M, shiny|89/100
|-damage|p2a: Heatran|77/100|[from] Stealth Rock
|
|-weather|SunnyDay|[upkeep]
|-heal|p2a: Heatran|83/100|[from] item: Leftovers
|upkeep
|turn|28
|
|t:|1760884206
|switch|p1a: Great Tusk|Great Tusk|66/100
|-activate|p1a: Great Tusk|ability: Protosynthesis
|-start|p1a: Great Tusk|protosynthesisspe
|move|p2a: Heatran|Magma Storm|p1a: Great Tusk
|-damage|p1a: Great Tusk|0 fnt
|faint|p1a: Great Tusk
|-end|p1a: Great Tusk|Protosynthesis|[silent]
|
|-weather|SunnyDay|[upkeep]
|-heal|p2a: Heatran|89/100|[from] item: Leftovers
|upkeep
|
|t:|1760884210
|switch|p1a: Walking Wake|Walking Wake, tera:Water|20/100
|-activate|p1a: Walking Wake|ability: Protosynthesis
|-start|p1a: Walking Wake|protosynthesisspe
|turn|29
|
|t:|1760884221
|switch|p2a: Hippowdon|Hippowdon, M, shiny|57/100
|-damage|p2a: Hippowdon|51/100|[from] Stealth Rock
|-weather|Sandstorm|[from] ability: Sand Stream|[of] p2a: Hippowdon
|-end|p1a: Walking Wake|Protosynthesis
|move|p1a: Walking Wake|Hydro Steam|p2a: Hippowdon
|-supereffective|p2a: Hippowdon
|-damage|p2a: Hippowdon|0 fnt
|faint|p2a: Hippowdon
|
|-weather|Sandstorm|[upkeep]
|-damage|p1a: Walking Wake|14/100|[from] Sandstorm
|upkeep
|
|t:|1760884235
|switch|p2a: Excadrill|Excadrill, M, shiny|100/100
|-damage|p2a: Excadrill|97/100|[from] Stealth Rock
|turn|30
|
|t:|1760884240
|-end|p1a: Walking Wake|Protosynthesis|[silent]
|switch|p1a: Ninetales|Ninetales, M|15/100
|-weather|SunnyDay|[from] ability: Drought|[of] p1a: Ninetales
|move|p2a: Excadrill|Rapid Spin|p1a: Ninetales
|-damage|p1a: Ninetales|0 fnt
|-boost|p2a: Excadrill|spe|1
|-sideend|p2: NebulaTrainer|Stealth Rock|[from] move: Rapid Spin|[of] p2a: Excadrill
|faint|p1a: Ninetales
|
|-weather|SunnyDay|[upkeep]
|-heal|p2a: Excadrill|100/100|[from] item: Leftovers
|upkeep
|
|t:|1760884246
|switch|p1a: Walking Wake|Walking Wake, tera:Water|14/100
|-activate|p1a: Walking Wake|ability: Protosynthesis
|-start|p1a: Walking Wake|protosynthesisspe
|turn|31
|
|t:|1760884258
|switch|p2a: Keldeo|Keldeo-Resolute|89/100
|move|p1a: Walking Wake|Hydro Steam|p2a: Keldeo
|-resisted|p2a: Keldeo
|-damage|p2a: Keldeo|45/100
|
|-weather|SunnyDay|[upkeep]
|upkeep
|turn|32
|
|t:|1760884266
|-end|p1a: Walking Wake|Protosynthesis|[silent]
|switch|p1a: Scizor|Scizor, F|20/100
|move|p2a: Keldeo|Flip Turn|p1a: Scizor
|-damage|p1a: Scizor|12/100
|
|t:|1760884273
|switch|p2a: Heatran|Heatran, M, shiny|89/100|[from] Flip Turn
|
|-weather|SunnyDay|[upkeep]
|-heal|p2a: Heatran|96/100|[from] item: Leftovers
|upkeep
|turn|33
|
|t:|1760884279
|move|p2a: Heatran|Protect|p2a: Heatran
|-singleturn|p2a: Heatran|Protect
|move|p1a: Scizor|Close Combat|p2a: Heatran
|-activate|p2a: Heatran|move: Protect
|
|-weather|SunnyDay|[upkeep]
|-heal|p2a: Heatran|100/100|[from] item: Leftovers
|upkeep
|turn|34
|
|t:|1760884296
|switch|p1a: Walking Wake|Walking Wake, tera:Water|14/100
|-activate|p1a: Walking Wake|ability: Protosynthesis
|-start|p1a: Walking Wake|protosynthesisspe
|switch|p2a: Hydrapple|Hydrapple, F, tera:Fairy|100/100
|
|-weather|SunnyDay|[upkeep]
|upkeep
|turn|35
|
|t:|1760884306
|move|p1a: Walking Wake|Hydro Steam|p2a: Hydrapple
|-damage|p2a: Hydrapple|16/100
|move|p2a: Hydrapple|Giga Drain|p1a: Walking Wake
|-supereffective|p1a: Walking Wake
|-damage|p1a: Walking Wake|0 fnt
|-heal|p2a: Hydrapple|21/100|[from] drain|[of] p1a: Walking Wake
|faint|p1a: Walking Wake
|-end|p1a: Walking Wake|Protosynthesis|[silent]
|
|-weather|SunnyDay|[upkeep]
|upkeep
|-message|Simisear's#1fan forfeited.
|
|win|NebulaTrainer
|raw|Simisear&apos;s#1fan's rating: 1581 &rarr; <strong>1564</strong><br />(-17 for losing)
|raw|NebulaTrainer's rating: 1632 &rarr; <strong>1649</strong><br />(+17 for winning)
|l|☆Simisear's#1fan
|player|p1|
|l|☆NebulaTrainer
|player|p2|
