|j|☆renzard
|j|☆Bulging till
|t:|1760762703
|gametype|singles
|player|p1|renzard|265|1130
|player|p2|Bulging till|lass-gen4dp|1137
|gen|9
|tier|[Gen 9] OU
|rated|
|rule|HP Percentage Mod: HP is shown in percentages
|rule|Endless Battle Clause: Forcing endless battles is banned
|rule|Species Clause: Limit one of each Pokémon
|rule|OHKO Clause: OHKO moves are banned
|rule|Evasion Items Clause: Evasion items are banned
|rule|Evasion Moves Clause: Evasion moves are banned
|rule|Evasion Abilities Clause: Evasion abilities are banned
|rule|Sleep Moves Clause: Sleep-inducing moves are banned
|clearpoke
|poke|p1|Maushold-Four|
|poke|p1|Talonflame, F|
|poke|p1|Corviknight, M|
|poke|p1|Blissey, F|
|poke|p1|Noivern, M|
|poke|p1|Clodsire, F|
|poke|p2|Ninetales, M|
|poke|p2|Espeon, M|
|poke|p2|Great Tusk|
|poke|p2|Slither Wing|
|poke|p2|Iron Moth|
|poke|p2|Raging Bolt|
|teampreview
|
|t:|1760762719
|teamsize|p1|6
|teamsize|p2|6
|start
|switch|p1a: Talonflame|Talonflame, F, shiny|100/100
|switch|p2a: Ninetales|Ninetales, M|100/100
|-weather|SunnyDay|[from] ability: Drought|[of] p2a: Ninetales
|turn|1
|inactive|Battle timer is ON: inactive players will automatically lose when time's up. (requested by renzard)
|
|t:|1760762726
|switch|p2a: Raging Bolt|Raging Bolt|100/100
|-activate|p2a: Raging Bolt|ability: Protosynthesis
|-start|p2a: Raging Bolt|protosynthesisspa
|-terastallize|p1a: Talonflame|Ground
|move|p1a: Talonflame|Swords Dance|p1a: Talonflame
|-boost|p1a: Talonflame|atk|2
|
|-weather|SunnyDay|[upkeep]
|upkeep
|turn|2
|
|t:|1760762740
|move|p1a: Talonflame|Tera Blast|p2a: Raging Bolt|[anim] Tera Blast Ground
|-supereffective|p2a: Raging Bolt
|-damage|p2a: Raging Bolt|0 fnt
|faint|p2a: Raging Bolt
|-end|p2a: Raging Bolt|Protosynthesis|[silent]
|
|-weather|SunnyDay|[upkeep]
|upkeep
|
|t:|1760762744
|switch|p2a: Espeon|Espeon, M|100/100
|turn|3
|
|t:|1760762757
|move|p1a: Talonflame|Acrobatics|p2a: Espeon
|-damage|p2a: Espeon|0 fnt
|faint|p2a: Espeon
|
|-weather|SunnyDay|[upkeep]
|upkeep
|
|t:|1760762760
|switch|p2a: Slither Wing|Slither Wing|100/100
|-activate|p2a: Slither Wing|ability: Protosynthesis
|-start|p2a: Slither Wing|protosynthesisatk
|turn|4
|
|t:|1760762778
|move|p2a: Slither Wing|First Impression|p1a: Talonflame
|-damage|p1a: Talonflame|0 fnt
|faint|p1a: Talonflame
|
|-weather|SunnyDay|[upkeep]
|upkeep
|inactive|renzard has 120 seconds left.
|
|t:|1760762799
|switch|p1a: Corviknight|Corviknight, M|100/100
|turn|5
|
|t:|1760762805
|-end|p2a: Slither Wing|Protosynthesis|[silent]
|switch|p2a: Ninetales|Ninetales, M|100/100
|move|p1a: Corviknight|Bulk Up|p1a: Corviknight
|-boost|p1a: Corviknight|atk|1
|-boost|p1a: Corviknight|def|1
|
|-weather|SunnyDay|[upkeep]
|upkeep
|turn|6
|
|t:|1760762824
|switch|p1a: Clodsire|Clodsire, F|100/100
|move|p2a: Ninetales|Flamethrower|p1a: Clodsire
|-damage|p1a: Clodsire|71/100
|
|-weather|SunnyDay|[upkeep]
|upkeep
|turn|7
|
|t:|1760762832
|switch|p2a: Great Tusk|Great Tusk|100/100
|-activate|p2a: Great Tusk|ability: Protosynthesis
|-start|p2a: Great Tusk|protosynthesisatk
|move|p1a: Clodsire|Stealth Rock|p2a: Great Tusk
|-sidestart|p2: Bulging till|move: Stealth Rock
|
|-weather|SunnyDay|[upkeep]
|upkeep
|turn|8
|
|t:|1760762841
|switch|p1a: Noivern|Noivern, M, shiny|100/100
|move|p2a: Great Tusk|Close Combat|p1a: Noivern
|-resisted|p1a: Noivern
|-damage|p1a: Noivern|45/100
|-unboost|p2a: Great Tusk|def|1
|-unboost|p2a: Great Tusk|spd|1
|
|-weather|none
|-end|p2a: Great Tusk|Protosynthesis
|upkeep
|turn|9
|
|t:|1760762851
|-end|p2a: Great Tusk|Protosynthesis|[silent]
|switch|p2a: Ninetales|Ninetales, M|100/100
|-damage|p2a: Ninetales|76/100|[from] Stealth Rock
|-weather|SunnyDay|[from] ability: Drought|[of] p2a: Ninetales
|move|p1a: Noivern|Hurricane|p2a: Ninetales
|-damage|p2a: Ninetales|3/100
|-start|p2a: Ninetales|confusion
|
|-weather|SunnyDay|[upkeep]
|upkeep
|turn|10
|
|t:|1760762862
|move|p1a: Noivern|Hurricane|p2a: Ninetales|[miss]
|-miss|p1a: Noivern|p2a: Ninetales
|-activate|p2a: Ninetales|confusion
|move|p2a: Ninetales|Healing Wish|p2a: Ninetales
|faint|p2a: Ninetales
|
|-weather|SunnyDay|[upkeep]
|upkeep
|
|t:|1760762870
|switch|p2a: Iron Moth|Iron Moth|100/100
|-damage|p2a: Iron Moth|76/100|[from] Stealth Rock
|turn|11
|
|t:|1760762879
|move|p1a: Noivern|Hurricane|p2a: Iron Moth|[miss]
|-miss|p1a: Noivern|p2a: Iron Moth
|move|p2a: Iron Moth|Fiery Dance|p1a: Noivern
|-resisted|p1a: Noivern
|-damage|p1a: Noivern|0 fnt
|faint|p1a: Noivern
|
|-weather|SunnyDay|[upkeep]
|upkeep
|
|t:|1760762885
|switch|p1a: Blissey|Blissey, F|100/100
|turn|12
|
|t:|1760762890
|-end|p2a: Iron Moth|Quark Drive|[silent]
|switch|p2a: Great Tusk|Great Tusk|100/100
|-damage|p2a: Great Tusk|98/100|[from] Stealth Rock
|-activate|p2a: Great Tusk|ability: Protosynthesis
|-start|p2a: Great Tusk|protosynthesisatk
|switch|p1a: Corviknight|Corviknight, M|100/100
|
|-weather|SunnyDay|[upkeep]
|upkeep
|turn|13
|
|t:|1760762902
|-end|p2a: Great Tusk|Protosynthesis|[silent]
|switch|p2a: Iron Moth|Iron Moth|76/100
|-heal|p2a: Iron Moth|100/100|[from] move: Healing Wish
|-damage|p2a: Iron Moth|76/100|[from] Stealth Rock
|move|p1a: Corviknight|Bulk Up|p1a: Corviknight
|-boost|p1a: Corviknight|atk|1
|-boost|p1a: Corviknight|def|1
|
|-weather|SunnyDay|[upkeep]
|upkeep
|turn|14
|
|t:|1760762914
|move|p2a: Iron Moth|Fiery Dance|p1a: Corviknight
|-supereffective|p1a: Corviknight
|-damage|p1a: Corviknight|0 fnt
|-boost|p2a: Iron Moth|spa|1
|faint|p1a: Corviknight
|
|-weather|SunnyDay|[upkeep]
|upkeep
|
|t:|1760762918
|switch|p1a: Maushold|Maushold-Four, shiny|100/100
|turn|15
|
|t:|1760762923
|move|p1a: Maushold|Tidy Up|p1a: Maushold
|-sideend|p2: Bulging till|Stealth Rock
|-activate|p1a: Maushold|move: Tidy Up
|-boost|p1a: Maushold|atk|1
|-boost|p1a: Maushold|spe|1
|move|p2a: Iron Moth|Fiery Dance|p1a: Maushold
|-damage|p1a: Maushold|0 fnt
|-boost|p2a: Iron Moth|spa|1
|faint|p1a: Maushold
|
|-weather|SunnyDay|[upkeep]
|upkeep
|
|t:|1760762932
|switch|p1a: Clodsire|Clodsire, F|71/100
|turn|16
|
|t:|1760762935
|move|p2a: Iron Moth|Fiery Dance|p1a: Clodsire
|-damage|p1a: Clodsire|0 fnt
|-boost|p2a: Iron Moth|spa|1
|faint|p1a: Clodsire
|
|-weather|none
|upkeep
|-message|renzard forfeited.
|
|win|Bulging till
|raw|renzard's rating: 1130 &rarr; <strong>1106</strong><br />(-24 for losing)
|raw|Bulging till's rating: 1137 &rarr; <strong>1161</strong><br />(+24 for winning)
|l|☆renzard
|player|p1|
|l|☆Bulging till
|player|p2|
