|j|☆151htyrneh
|j|☆champ bogar
|t:|1760818034
|gametype|singles
|player|p1|151htyrneh|wallace|1789
|player|p2|champ bogar|cynthia-masters3|1803
|gen|9
|tier|[Gen 9] OU
|rated|
|rule|HP Percentage Mod: HP is shown in percentages
|rule|Endless Battle Clause: Forcing endless battles is banned
|rule|Species Clause: Limit one of each Pokémon
|rule|OHKO Clause: OHKO moves are banned
|rule|Evasion Items Clause: Evasion items are banned
|rule|Evasion Moves Clause: Evasion moves are banned
|rule|Evasion Abilities Clause: Evasion abilities are banned
|rule|Sleep Moves Clause: Sleep-inducing moves are banned
|clearpoke
|poke|p1|Dondozo, F|
|poke|p1|Blissey, F|
|poke|p1|Corviknight, F|
|poke|p1|Weezing-Galar, F|
|poke|p1|Gliscor, M|
|poke|p1|Toxapex, M|
|poke|p2|Garchomp, M|
|poke|p2|Darkrai|
|poke|p2|Deoxys-Speed|
|poke|p2|Clodsire, M|
|poke|p2|Corviknight, F|
|poke|p2|Cinderace, F|
|teampreview
|inactive|Battle timer is ON: inactive players will automatically lose when time's up. (requested by champ bogar)
|
|t:|1760818051
|teamsize|p1|6
|teamsize|p2|6
|start
|switch|p1a: Gliscor|Gliscor, M|100/100
|switch|p2a: Deoxys|Deoxys-Speed, shiny|100/100
|-ability|p2a: Deoxys|Pressure
|turn|1
|
|t:|1760818056
|move|p2a: Deoxys|Ice Beam|p1a: Gliscor
|-supereffective|p1a: Gliscor
|-damage|p1a: Gliscor|0 fnt
|faint|p1a: Gliscor
|-damage|p2a: Deoxys|91/100|[from] item: Life Orb
|
|upkeep
|j| tapu moxo
|
|t:|1760818064
|switch|p1a: Blissey|Blissey, F|100/100
|turn|2
|
|t:|1760818069
|switch|p1a: Toxapex|Toxapex, M|100/100
|move|p2a: Deoxys|Superpower|p1a: Toxapex
|-resisted|p1a: Toxapex
|-damage|p1a: Toxapex|86/100
|-unboost|p2a: Deoxys|atk|1
|-unboost|p2a: Deoxys|def|1
|-damage|p2a: Deoxys|81/100|[from] item: Life Orb
|
|-heal|p1a: Toxapex|93/100|[from] item: Leftovers
|upkeep
|turn|3
|
|t:|1760818080
|switch|p1a: Corviknight|Corviknight, F|100/100
|-ability|p1a: Corviknight|Pressure
|move|p2a: Deoxys|Psycho Boost|p1a: Corviknight|[miss]
|-miss|p2a: Deoxys|p1a: Corviknight
|
|upkeep
|turn|4
|j| yweryerr
|l| yweryerr
|
|t:|1760818089
|switch|p2a: Corviknight|Corviknight, F|100/100
|-ability|p2a: Corviknight|Pressure
|move|p1a: Corviknight|Body Press|p2a: Corviknight
|-damage|p2a: Corviknight|85/100
|-damage|p1a: Corviknight|84/100|[from] item: Rocky Helmet|[of] p2a: Corviknight
|
|-heal|p1a: Corviknight|90/100|[from] item: Leftovers
|upkeep
|turn|5
|
|t:|1760818102
|switch|p1a: Weezing|Weezing-Galar, F|100/100
|-ability|p1a: Weezing|Neutralizing Gas
|move|p2a: Corviknight|U-turn|p1a: Weezing
|-resisted|p1a: Weezing
|-damage|p1a: Weezing|98/100
|
|t:|1760818123
|switch|p2a: Deoxys|Deoxys-Speed, shiny|81/100|[from] U-turn
|
|upkeep
|turn|6
|
|t:|1760818128
|-end|p1a: Weezing|ability: Neutralizing Gas
|-ability|p2a: Deoxys|Pressure
|switch|p1a: Corviknight|Corviknight, F|90/100
|-ability|p1a: Corviknight|Pressure
|move|p2a: Deoxys|Psycho Boost|p1a: Corviknight
|-resisted|p1a: Corviknight
|-damage|p1a: Corviknight|50/100
|-unboost|p2a: Deoxys|spa|2
|-damage|p2a: Deoxys|71/100|[from] item: Life Orb
|
|-heal|p1a: Corviknight|56/100|[from] item: Leftovers
|upkeep
|turn|7
|
|t:|1760818139
|switch|p2a: Cinderace|Cinderace, F|100/100
|move|p1a: Corviknight|Roost|p1a: Corviknight
|-heal|p1a: Corviknight|100/100
|-singleturn|p1a: Corviknight|move: Roost
|
|upkeep
|turn|8
|
|t:|1760818147
|switch|p1a: Toxapex|Toxapex, M|100/100
|move|p2a: Cinderace|U-turn|p1a: Toxapex
|-start|p2a: Cinderace|typechange|Bug|[from] ability: Libero
|-resisted|p1a: Toxapex
|-damage|p1a: Toxapex|86/100
|
|t:|1760818150
|switch|p2a: Darkrai|Darkrai|100/100|[from] U-turn
|
|-heal|p1a: Toxapex|92/100|[from] item: Leftovers
|upkeep
|turn|9
|
|t:|1760818154
|move|p2a: Darkrai|Trick|p1a: Toxapex
|-activate|p2a: Darkrai|move: Trick|[of] p1a: Toxapex
|-item|p1a: Toxapex|Choice Specs|[from] move: Trick
|-item|p2a: Darkrai|Leftovers|[from] move: Trick
|move|p1a: Toxapex|Toxic|p2a: Darkrai
|-status|p2a: Darkrai|tox
|
|-damage|p2a: Darkrai|94/100 tox|[from] psn
|upkeep
|turn|10
|
|t:|1760818161
|switch|p2a: Clodsire|Clodsire, M|100/100
|switch|p1a: Weezing|Weezing-Galar, F|98/100
|-ability|p1a: Weezing|Neutralizing Gas
|
|upkeep
|turn|11
|
|t:|1760818167
|switch|p2a: Cinderace|Cinderace, F|100/100
|move|p1a: Weezing|Will-O-Wisp|p2a: Cinderace
|-immune|p2a: Cinderace
|
|upkeep
|turn|12
|
|t:|1760818171
|move|p2a: Cinderace|Pyro Ball|p1a: Weezing
|-damage|p1a: Weezing|59/100
|move|p1a: Weezing|Will-O-Wisp|p2a: Cinderace
|-immune|p2a: Cinderace
|
|upkeep
|turn|13
|
|t:|1760818174
|move|p2a: Cinderace|Pyro Ball|p1a: Weezing
|-damage|p1a: Weezing|22/100
|move|p1a: Weezing|Pain Split|p2a: Cinderace
|-sethp|p2a: Cinderace|62/100|[from] move: Pain Split|[silent]
|-sethp|p1a: Weezing|56/100|[from] move: Pain Split
|
|upkeep
|turn|14
|
|t:|1760818178
|-end|p1a: Weezing|ability: Neutralizing Gas
|switch|p1a: Toxapex|Toxapex, M|100/100
|move|p2a: Cinderace|Pyro Ball|p1a: Toxapex
|-resisted|p1a: Toxapex
|-damage|p1a: Toxapex|78/100
|
|upkeep
|turn|15
|
|t:|1760818181
|switch|p1a: Weezing|Weezing-Galar, F|56/100
|-ability|p1a: Weezing|Neutralizing Gas
|move|p2a: Cinderace|U-turn|p1a: Weezing
|-resisted|p1a: Weezing
|-damage|p1a: Weezing|53/100
|
|t:|1760818186
|switch|p2a: Garchomp|Garchomp, M|100/100|[from] U-turn
|
|upkeep
|turn|16
|
|t:|1760818192
|-end|p1a: Weezing|ability: Neutralizing Gas
|switch|p1a: Corviknight|Corviknight, F|100/100
|-ability|p1a: Corviknight|Pressure
|move|p2a: Garchomp|Earthquake|p1a: Corviknight
|-immune|p1a: Corviknight
|
|upkeep
|turn|17
|
|t:|1760818197
|switch|p1a: Weezing|Weezing-Galar, F|53/100
|-ability|p1a: Weezing|Neutralizing Gas
|move|p2a: Garchomp|Stealth Rock|p1a: Weezing
|-sidestart|p1: 151htyrneh|move: Stealth Rock
|
|upkeep
|turn|18
|
|t:|1760818204
|move|p2a: Garchomp|Earthquake|p1a: Weezing
|-supereffective|p1a: Weezing
|-damage|p1a: Weezing|0 fnt
|faint|p1a: Weezing
|-end|p1a: Weezing|ability: Neutralizing Gas
|
|upkeep
|
|t:|1760818210
|switch|p1a: Dondozo|Dondozo, F|100/100
|-damage|p1a: Dondozo|88/100|[from] Stealth Rock
|turn|19
|
|t:|1760818212
|move|p1a: Dondozo|Avalanche|p2a: Garchomp
|-supereffective|p2a: Garchomp
|-crit|p2a: Garchomp
|-damage|p2a: Garchomp|48/100
|-damage|p1a: Dondozo|76/100|[from] ability: Rough Skin|[of] p2a: Garchomp
|-damage|p1a: Dondozo|59/100|[from] item: Rocky Helmet|[of] p2a: Garchomp
|move|p2a: Garchomp|Dragon Tail|p1a: Dondozo
|-damage|p1a: Dondozo|48/100
|drag|p1a: Blissey|Blissey, F|100/100
|-damage|p1a: Blissey|88/100|[from] Stealth Rock
|
|-heal|p1a: Blissey|94/100|[from] item: Leftovers
|upkeep
|turn|20
|
|t:|1760818222
|switch|p1a: Corviknight|Corviknight, F|100/100
|-damage|p1a: Corviknight|88/100|[from] Stealth Rock
|-ability|p1a: Corviknight|Pressure
|move|p2a: Garchomp|Earthquake|p1a: Corviknight
|-immune|p1a: Corviknight
|
|-heal|p1a: Corviknight|94/100|[from] item: Leftovers
|upkeep
|turn|21
|
|t:|1760818227
|switch|p2a: Cinderace|Cinderace, F|62/100
|move|p1a: Corviknight|Defog|p2a: Cinderace
|-unboost|p2a: Cinderace|evasion|1
|-sideend|p1: 151htyrneh|Stealth Rock|[from] move: Defog|[of] p1a: Corviknight
|
|-heal|p1a: Corviknight|100/100|[from] item: Leftovers
|upkeep
|turn|22
|
|t:|1760818230
|switch|p1a: Toxapex|Toxapex, M|100/100
|move|p2a: Cinderace|U-turn|p1a: Toxapex
|-start|p2a: Cinderace|typechange|Bug|[from] ability: Libero
|-resisted|p1a: Toxapex
|-damage|p1a: Toxapex|88/100
|
|t:|1760818241
|switch|p2a: Deoxys|Deoxys-Speed, shiny|71/100|[from] U-turn
|-ability|p2a: Deoxys|Pressure
|
|upkeep
|turn|23
|
|t:|1760818245
|switch|p1a: Corviknight|Corviknight, F|100/100
|-ability|p1a: Corviknight|Pressure
|move|p2a: Deoxys|Psycho Boost|p1a: Corviknight
|-resisted|p1a: Corviknight
|-damage|p1a: Corviknight|66/100
|-unboost|p2a: Deoxys|spa|2
|-damage|p2a: Deoxys|61/100|[from] item: Life Orb
|
|-heal|p1a: Corviknight|73/100|[from] item: Leftovers
|upkeep
|turn|24
|
|t:|1760818250
|switch|p2a: Garchomp|Garchomp, M|48/100
|switch|p1a: Toxapex|Toxapex, M|100/100
|
|upkeep
|turn|25
|
|t:|1760818253
|move|p2a: Garchomp|Earthquake|p1a: Toxapex
|-supereffective|p1a: Toxapex
|-damage|p1a: Toxapex|37/100
|move|p1a: Toxapex|Toxic|p2a: Garchomp
|-status|p2a: Garchomp|tox
|
|-damage|p2a: Garchomp|42/100 tox|[from] psn
|upkeep
|turn|26
|
|t:|1760818258
|switch|p1a: Corviknight|Corviknight, F|73/100
|-ability|p1a: Corviknight|Pressure
|move|p2a: Garchomp|Stealth Rock|p1a: Corviknight
|-sidestart|p1: 151htyrneh|move: Stealth Rock
|
|-heal|p1a: Corviknight|79/100|[from] item: Leftovers
|-damage|p2a: Garchomp|30/100 tox|[from] psn
|upkeep
|turn|27
|
|t:|1760818272
|switch|p2a: Darkrai|Darkrai|94/100 tox
|move|p1a: Corviknight|Defog|p2a: Darkrai
|-unboost|p2a: Darkrai|evasion|1
|-sideend|p1: 151htyrneh|Stealth Rock|[from] move: Defog|[of] p1a: Corviknight
|
|-heal|p2a: Darkrai|100/100 tox|[from] item: Leftovers
|-heal|p1a: Corviknight|85/100|[from] item: Leftovers
|-damage|p2a: Darkrai|94/100 tox|[from] psn
|upkeep
|turn|28
|
|t:|1760818278
|switch|p1a: Blissey|Blissey, F|94/100
|move|p2a: Darkrai|Dark Pulse|p1a: Blissey
|-damage|p1a: Blissey|81/100
|
|-heal|p2a: Darkrai|100/100 tox|[from] item: Leftovers
|-heal|p1a: Blissey|88/100|[from] item: Leftovers
|-damage|p2a: Darkrai|88/100 tox|[from] psn
|upkeep
|turn|29
|
|t:|1760818284
|switch|p2a: Garchomp|Garchomp, M|30/100 tox
|move|p1a: Blissey|Seismic Toss|p2a: Garchomp
|-damage|p2a: Garchomp|6/100 tox
|-damage|p1a: Blissey|75/100|[from] ability: Rough Skin|[of] p2a: Garchomp
|-damage|p1a: Blissey|58/100|[from] item: Rocky Helmet|[of] p2a: Garchomp
|
|-heal|p1a: Blissey|65/100|[from] item: Leftovers
|-damage|p2a: Garchomp|0 fnt|[from] psn
|faint|p2a: Garchomp
|upkeep
|
|t:|1760818286
|switch|p2a: Cinderace|Cinderace, F|62/100
|turn|30
|
|t:|1760818291
|switch|p1a: Toxapex|Toxapex, M|71/100
|move|p2a: Cinderace|U-turn|p1a: Toxapex
|-start|p2a: Cinderace|typechange|Bug|[from] ability: Libero
|-resisted|p1a: Toxapex
|-crit|p1a: Toxapex
|-damage|p1a: Toxapex|51/100
|
|t:|1760818304
|switch|p2a: Clodsire|Clodsire, M|100/100|[from] U-turn
|
|upkeep
|turn|31
|
|t:|1760818309
|switch|p2a: Corviknight|Corviknight, F|85/100
|-ability|p2a: Corviknight|Pressure
|move|p1a: Toxapex|Recover|p1a: Toxapex
|-heal|p1a: Toxapex|100/100
|
|upkeep
|turn|32
|
|t:|1760818312
|switch|p1a: Dondozo|Dondozo, F|48/100
|move|p2a: Corviknight|Body Press|p1a: Dondozo
|-damage|p1a: Dondozo|36/100
|
|-heal|p1a: Dondozo|42/100|[from] item: Leftovers
|upkeep
|turn|33
|
|t:|1760818315
|move|p2a: Corviknight|U-turn|p1a: Dondozo
|-damage|p1a: Dondozo|35/100
|
|t:|1760818317
|switch|p2a: Clodsire|Clodsire, M|100/100|[from] U-turn
|move|p1a: Dondozo|Rest|p1a: Dondozo
|-status|p1a: Dondozo|slp|[from] move: Rest
|-heal|p1a: Dondozo|100/100 slp|[silent]
|
|upkeep
|turn|34
|
|t:|1760818329
|switch|p1a: Corviknight|Corviknight, F|85/100
|-ability|p1a: Corviknight|Pressure
|switch|p2a: Darkrai|Darkrai|88/100 tox
|
|-heal|p2a: Darkrai|94/100 tox|[from] item: Leftovers
|-heal|p1a: Corviknight|91/100|[from] item: Leftovers
|-damage|p2a: Darkrai|88/100 tox|[from] psn
|upkeep
|turn|35
|
|t:|1760818336
|switch|p1a: Blissey|Blissey, F|65/100
|move|p2a: Darkrai|Dark Pulse|p1a: Blissey
|-damage|p1a: Blissey|52/100
|
|-heal|p2a: Darkrai|94/100 tox|[from] item: Leftovers
|-heal|p1a: Blissey|58/100|[from] item: Leftovers
|-damage|p2a: Darkrai|82/100 tox|[from] psn
|upkeep
|turn|36
|
|t:|1760818339
|move|p2a: Darkrai|Sludge Bomb|p1a: Blissey
|-damage|p1a: Blissey|48/100
|move|p1a: Blissey|Soft-Boiled|p1a: Blissey
|-heal|p1a: Blissey|98/100
|
|-heal|p2a: Darkrai|88/100 tox|[from] item: Leftovers
|-heal|p1a: Blissey|100/100|[from] item: Leftovers
|-damage|p2a: Darkrai|70/100 tox|[from] psn
|upkeep
|turn|37
|
|t:|1760818343
|switch|p2a: Corviknight|Corviknight, F|85/100
|-ability|p2a: Corviknight|Pressure
|move|p1a: Blissey|Stealth Rock|p2a: Corviknight
|-sidestart|p2: champ bogar|move: Stealth Rock
|
|upkeep
|turn|38
|
|t:|1760818347
|switch|p1a: Corviknight|Corviknight, F|91/100
|-ability|p1a: Corviknight|Pressure
|move|p2a: Corviknight|U-turn|p1a: Corviknight
|-resisted|p1a: Corviknight
|-crit|p1a: Corviknight
|-damage|p1a: Corviknight|88/100
|
|t:|1760818349
|switch|p2a: Cinderace|Cinderace, F|62/100|[from] U-turn
|
|-heal|p1a: Corviknight|95/100|[from] item: Leftovers
|upkeep
|turn|39
|
|t:|1760818353
|move|p2a: Cinderace|Pyro Ball|p1a: Corviknight
|-supereffective|p1a: Corviknight
|-damage|p1a: Corviknight|23/100
|move|p1a: Corviknight|Body Press|p2a: Cinderace
|-damage|p2a: Cinderace|25/100
|
|-heal|p1a: Corviknight|29/100|[from] item: Leftovers
|upkeep
|turn|40
|
|t:|1760818357
|switch|p1a: Toxapex|Toxapex, M|100/100
|move|p2a: Cinderace|Court Change|p2a: Cinderace
|-start|p2a: Cinderace|typechange|Normal|[from] ability: Libero
|-swapsideconditions
|-activate|p2a: Cinderace|move: Court Change
|
|upkeep
|turn|41
|
|t:|1760818368
|move|p2a: Cinderace|U-turn|p1a: Toxapex
|-resisted|p1a: Toxapex
|-damage|p1a: Toxapex|92/100
|
|t:|1760818372
|switch|p2a: Clodsire|Clodsire, M|100/100|[from] U-turn
|move|p1a: Toxapex|Toxic Spikes|p2a: Clodsire
|-sidestart|p2: champ bogar|move: Toxic Spikes
|
|upkeep
|turn|42
|
|t:|1760818377
|switch|p1a: Corviknight|Corviknight, F|29/100
|-damage|p1a: Corviknight|16/100|[from] Stealth Rock
|-ability|p1a: Corviknight|Pressure
|switch|p2a: Cinderace|Cinderace, F|25/100
|
|-heal|p1a: Corviknight|23/100|[from] item: Leftovers
|upkeep
|turn|43
|
|t:|1760818380
|switch|p1a: Toxapex|Toxapex, M|100/100
|-damage|p1a: Toxapex|88/100|[from] Stealth Rock
|move|p2a: Cinderace|Pyro Ball|p1a: Toxapex
|-resisted|p1a: Toxapex
|-damage|p1a: Toxapex|64/100
|
|upkeep
|turn|44
|
|t:|1760818386
|move|p2a: Cinderace|U-turn|p1a: Toxapex
|-start|p2a: Cinderace|typechange|Bug|[from] ability: Libero
|-resisted|p1a: Toxapex
|-damage|p1a: Toxapex|51/100
|
|t:|1760818387
|switch|p2a: Clodsire|Clodsire, M|100/100|[from] U-turn
|-sideend|p2: champ bogar|move: Toxic Spikes|[of] p2a: Clodsire
|move|p1a: Toxapex|Toxic|p2a: Clodsire
|-immune|p2a: Clodsire
|
|upkeep
|turn|45
|
|t:|1760818392
|switch|p2a: Deoxys|Deoxys-Speed, shiny|61/100
|-ability|p2a: Deoxys|Pressure
|move|p1a: Toxapex|Toxic|p2a: Deoxys
|-status|p2a: Deoxys|tox
|
|-damage|p2a: Deoxys|54/100 tox|[from] psn
|upkeep
|turn|46
|
|t:|1760818399
|switch|p1a: Blissey|Blissey, F|100/100
|-damage|p1a: Blissey|88/100|[from] Stealth Rock
|move|p2a: Deoxys|Psycho Boost|p1a: Blissey|[miss]
|-miss|p2a: Deoxys|p1a: Blissey
|
|-heal|p1a: Blissey|94/100|[from] item: Leftovers
|-damage|p2a: Deoxys|42/100 tox|[from] psn
|upkeep
|turn|47
|
|t:|1760818406
|switch|p1a: Toxapex|Toxapex, M|85/100
|-damage|p1a: Toxapex|72/100|[from] Stealth Rock
|move|p2a: Deoxys|Superpower|p1a: Toxapex
|-resisted|p1a: Toxapex
|-damage|p1a: Toxapex|59/100
|-unboost|p2a: Deoxys|atk|1
|-unboost|p2a: Deoxys|def|1
|-damage|p2a: Deoxys|32/100 tox|[from] item: Life Orb
|
|-damage|p2a: Deoxys|13/100 tox|[from] psn
|upkeep
|turn|48
|-message|champ bogar forfeited.
|
|win|151htyrneh
|raw|151htyrneh's rating: 1789 &rarr; <strong>1810</strong><br />(+21 for winning)
|raw|champ bogar's rating: 1803 &rarr; <strong>1782</strong><br />(-21 for losing)
|l|☆champ bogar
|player|p2|
|l|☆151htyrneh
|player|p1|
