|j|☆thepippy27
|j|☆octillery chicken
|t:|1760751895
|gametype|singles
|player|p1|thepippy27|acetrainerf-gen4dp|1382
|player|p2|octillery chicken|harlequin|1397
|gen|9
|tier|[Gen 9] OU
|rated|
|rule|HP Percentage Mod: HP is shown in percentages
|rule|Endless Battle Clause: Forcing endless battles is banned
|rule|Species Clause: Limit one of each Pokémon
|rule|OHKO Clause: OHKO moves are banned
|rule|Evasion Items Clause: Evasion items are banned
|rule|Evasion Moves Clause: Evasion moves are banned
|rule|Evasion Abilities Clause: Evasion abilities are banned
|rule|Sleep Moves Clause: Sleep-inducing moves are banned
|clearpoke
|poke|p1|Glimmora, M|
|poke|p1|Ogerpon-Wellspring, F|
|poke|p1|Great Tusk|
|poke|p1|Incineroar, M|
|poke|p1|Deoxys-Speed|
|poke|p1|Rillaboom, F|
|poke|p2|Great Tusk|
|poke|p2|Amoonguss, F|
|poke|p2|Gholdengo|
|poke|p2|Tornadus-Therian, M|
|poke|p2|Hatterene, F|
|poke|p2|Darkrai|
|teampreview
|
|t:|1760751925
|teamsize|p1|6
|teamsize|p2|6
|start
|switch|p1a: Deoxys|Deoxys-Speed|100/100
|switch|p2a: Gholdengo|Gholdengo|100/100
|-ability|p1a: Deoxys|Pressure
|turn|1
|
|t:|1760751929
|switch|p2a: Hatterene|Hatterene, F|100/100
|move|p1a: Deoxys|Knock Off|p2a: Hatterene
|-damage|p2a: Hatterene|83/100
|-enditem|p2a: Hatterene|Leftovers|[from] move: Knock Off|[of] p1a: Deoxys
|
|upkeep
|turn|2
|
|t:|1760751938
|switch|p1a: Great Tusk|Great Tusk|100/100
|move|p2a: Hatterene|Draining Kiss|p1a: Great Tusk
|-supereffective|p1a: Great Tusk
|-damage|p1a: Great Tusk|31/100
|-heal|p2a: Hatterene|100/100|[from] drain|[of] p1a: Great Tusk
|
|upkeep
|turn|3
|
|t:|1760751948
|-end|p1a: Great Tusk|Protosynthesis|[silent]
|switch|p1a: Glimmora|Glimmora, M|100/100
|switch|p2a: Tornadus|Tornadus-Therian, M|100/100
|
|upkeep
|turn|4
|
|t:|1760751957
|switch|p2a: Amoonguss|Amoonguss, F|100/100
|move|p1a: Glimmora|Power Gem|p2a: Amoonguss
|-damage|p2a: Amoonguss|57/100
|
|upkeep
|turn|5
|
|t:|1760751963
|move|p1a: Glimmora|Power Gem|p2a: Amoonguss
|-damage|p2a: Amoonguss|13/100
|move|p2a: Amoonguss|Leaf Storm|p1a: Glimmora
|-damage|p1a: Glimmora|45/100
|-unboost|p2a: Amoonguss|spa|2
|-enditem|p2a: Amoonguss|Eject Pack
|
|t:|1760751979
|switch|p2a: Gholdengo|Gholdengo|100/100
|
|upkeep
|turn|6
|
|t:|1760751986
|switch|p1a: Incineroar|Incineroar, M, shiny|100/100
|-ability|p1a: Incineroar|Intimidate|boost
|-unboost|p2a: Gholdengo|atk|1
|move|p2a: Gholdengo|Focus Blast|p1a: Incineroar
|-supereffective|p1a: Incineroar
|-damage|p1a: Incineroar|39/100
|
|upkeep
|turn|7
|
|t:|1760751996
|switch|p2a: Great Tusk|Great Tusk|100/100
|move|p1a: Incineroar|Temper Flare|p2a: Great Tusk
|-damage|p2a: Great Tusk|78/100
|
|upkeep
|turn|8
|
|t:|1760752004
|switch|p1a: Rillaboom|Rillaboom, F, shiny|100/100
|-fieldstart|move: Grassy Terrain|[from] ability: Grassy Surge|[of] p1a: Rillaboom
|move|p2a: Great Tusk|Headlong Rush|p1a: Rillaboom
|-resisted|p1a: Rillaboom
|-damage|p1a: Rillaboom|66/100
|-unboost|p2a: Great Tusk|def|1
|-unboost|p2a: Great Tusk|spd|1
|
|-heal|p2a: Great Tusk|84/100|[from] Grassy Terrain
|-heal|p1a: Rillaboom|72/100|[from] Grassy Terrain
|upkeep
|turn|9
|
|t:|1760752012
|-end|p2a: Great Tusk|Protosynthesis|[silent]
|switch|p2a: Amoonguss|Amoonguss, F|46/100
|move|p1a: Rillaboom|U-turn|p2a: Amoonguss
|-damage|p2a: Amoonguss|19/100
|
|t:|1760752023
|switch|p1a: Deoxys|Deoxys-Speed|100/100|[from] U-turn
|-ability|p1a: Deoxys|Pressure
|
|-heal|p2a: Amoonguss|25/100|[from] Grassy Terrain
|upkeep
|turn|10
|
|t:|1760752031
|switch|p2a: Hatterene|Hatterene, F|100/100
|move|p1a: Deoxys|Ice Beam|p2a: Hatterene
|-damage|p2a: Hatterene|76/100
|-status|p2a: Hatterene|frz
|
|-heal|p2a: Hatterene|82/100 frz|[from] Grassy Terrain
|upkeep
|turn|11
|
|t:|1760752039
|switch|p1a: Ogerpon|Ogerpon-Wellspring, F|100/100
|cant|p2a: Hatterene|frz
|
|-heal|p2a: Hatterene|88/100 frz|[from] Grassy Terrain
|upkeep
|turn|12
|
|t:|1760752047
|switch|p2a: Tornadus|Tornadus-Therian, M|100/100
|move|p1a: Ogerpon|Swords Dance|p1a: Ogerpon
|-boost|p1a: Ogerpon|atk|2
|
|-fieldend|move: Grassy Terrain
|upkeep
|turn|13
|
|t:|1760752055
|-terastallize|p1a: Ogerpon|Water
|detailschange|p1a: Ogerpon|Ogerpon-Wellspring-Tera, F, tera:Water
|-ability|p1a: Ogerpon|Embody Aspect (Wellspring)|boost
|-boost|p1a: Ogerpon|spd|1
|move|p2a: Tornadus|U-turn|p1a: Ogerpon
|-damage|p1a: Ogerpon|82/100
|
|t:|1760752066
|switch|p2a: Hatterene|Hatterene, F|88/100 frz|[from] U-turn
|move|p1a: Ogerpon|Ivy Cudgel|p2a: Hatterene|[anim] Ivy Cudgel Water
|-damage|p2a: Hatterene|0 fnt
|faint|p2a: Hatterene
|
|upkeep
|
|t:|1760752069
|switch|p2a: Amoonguss|Amoonguss, F|59/100
|turn|14
|
|t:|1760752080
|move|p1a: Ogerpon|Spikes|p2a: Amoonguss
|-sidestart|p2: octillery chicken|Spikes
|move|p2a: Amoonguss|Foul Play|p1a: Ogerpon
|-damage|p1a: Ogerpon|6/100
|
|upkeep
|turn|15
|
|t:|1760752090
|move|p1a: Ogerpon|Ivy Cudgel|p2a: Amoonguss|[anim] Ivy Cudgel Water
|-resisted|p2a: Amoonguss
|-damage|p2a: Amoonguss|0 fnt
|faint|p2a: Amoonguss
|
|upkeep
|
|t:|1760752099
|switch|p2a: Tornadus|Tornadus-Therian, M|100/100
|turn|16
|
|t:|1760752105
|move|p2a: Tornadus|Knock Off|p1a: Ogerpon
|-damage|p1a: Ogerpon|0 fnt
|faint|p1a: Ogerpon
|detailschange|p1: Ogerpon|Ogerpon-Wellspring, F|[silent]
|
|upkeep
|
|t:|1760752109
|switch|p1a: Glimmora|Glimmora, M|45/100
|turn|17
|
|t:|1760752119
|switch|p2a: Gholdengo|Gholdengo|100/100
|-damage|p2a: Gholdengo|88/100|[from] Spikes
|move|p1a: Glimmora|Power Gem|p2a: Gholdengo
|-resisted|p2a: Gholdengo
|-damage|p2a: Gholdengo|60/100
|
|upkeep
|turn|18
|
|t:|1760752126
|switch|p1a: Incineroar|Incineroar, M, shiny|39/100
|-ability|p1a: Incineroar|Intimidate|boost
|-unboost|p2a: Gholdengo|atk|1
|move|p2a: Gholdengo|Make It Rain|p1a: Incineroar
|-resisted|p1a: Incineroar
|-damage|p1a: Incineroar|17/100
|-unboost|p2a: Gholdengo|spa|1
|
|upkeep
|turn|19
|
|t:|1760752134
|switch|p2a: Great Tusk|Great Tusk|84/100
|move|p1a: Incineroar|Parting Shot|p2a: Great Tusk
|-unboost|p2a: Great Tusk|atk|1
|-unboost|p2a: Great Tusk|spa|1
|
|t:|1760752139
|switch|p1a: Deoxys|Deoxys-Speed|100/100|[from] Parting Shot
|-ability|p1a: Deoxys|Pressure
|
|upkeep
|turn|20
|
|t:|1760752153
|-end|p2a: Great Tusk|Protosynthesis|[silent]
|switch|p2a: Darkrai|Darkrai|100/100
|-damage|p2a: Darkrai|88/100|[from] Spikes
|move|p1a: Deoxys|Ice Beam|p2a: Darkrai
|-damage|p2a: Darkrai|52/100
|
|upkeep
|turn|21
|
|t:|1760752165
|switch|p2a: Gholdengo|Gholdengo|60/100
|-damage|p2a: Gholdengo|47/100|[from] Spikes
|move|p1a: Deoxys|Knock Off|p2a: Gholdengo
|-supereffective|p2a: Gholdengo
|-damage|p2a: Gholdengo|0 fnt
|-enditem|p2a: Gholdengo|Choice Scarf|[from] move: Knock Off|[of] p1a: Deoxys
|faint|p2a: Gholdengo
|
|upkeep
|
|t:|1760752179
|switch|p2a: Tornadus|Tornadus-Therian, M|100/100
|turn|22
|
|t:|1760752184
|move|p1a: Deoxys|Knock Off|p2a: Tornadus
|-damage|p2a: Tornadus|74/100
|-enditem|p2a: Tornadus|Assault Vest|[from] move: Knock Off|[of] p1a: Deoxys
|move|p2a: Tornadus|Knock Off|p1a: Deoxys
|-supereffective|p1a: Deoxys
|-damage|p1a: Deoxys|27/100
|-enditem|p1a: Deoxys|Focus Sash|[from] move: Knock Off|[of] p2a: Tornadus
|
|upkeep
|turn|23
|
|t:|1760752192
|move|p1a: Deoxys|Stealth Rock|p2a: Tornadus
|-sidestart|p2: octillery chicken|move: Stealth Rock
|move|p2a: Tornadus|Knock Off|p1a: Deoxys
|-supereffective|p1a: Deoxys
|-damage|p1a: Deoxys|0 fnt
|faint|p1a: Deoxys
|
|upkeep
|
|t:|1760752202
|switch|p1a: Glimmora|Glimmora, M|45/100
|turn|24
|
|t:|1760752208
|switch|p2a: Great Tusk|Great Tusk|84/100
|move|p1a: Glimmora|Power Gem|p2a: Great Tusk
|-resisted|p2a: Great Tusk
|-damage|p2a: Great Tusk|65/100
|
|upkeep
|turn|25
|
|t:|1760752214
|switch|p1a: Incineroar|Incineroar, M, shiny|17/100
|-ability|p1a: Incineroar|Intimidate|boost
|-unboost|p2a: Great Tusk|atk|1
|move|p2a: Great Tusk|Rapid Spin|p1a: Incineroar
|-damage|p1a: Incineroar|6/100
|-boost|p2a: Great Tusk|spe|1
|-sideend|p2: octillery chicken|Spikes|[from] move: Rapid Spin|[of] p2a: Great Tusk
|-sideend|p2: octillery chicken|Stealth Rock|[from] move: Rapid Spin|[of] p2a: Great Tusk
|
|upkeep
|turn|26
|
|t:|1760752224
|switch|p1a: Rillaboom|Rillaboom, F, shiny|72/100
|-fieldstart|move: Grassy Terrain|[from] ability: Grassy Surge|[of] p1a: Rillaboom
|move|p2a: Great Tusk|Stealth Rock|p1a: Rillaboom
|-sidestart|p1: thepippy27|move: Stealth Rock
|
|-heal|p2a: Great Tusk|71/100|[from] Grassy Terrain
|-heal|p1a: Rillaboom|79/100|[from] Grassy Terrain
|upkeep
|turn|27
|
|t:|1760752233
|-end|p2a: Great Tusk|Protosynthesis|[silent]
|switch|p2a: Tornadus|Tornadus-Therian, M|100/100
|move|p1a: Rillaboom|Grassy Glide|p2a: Tornadus
|-resisted|p2a: Tornadus
|-damage|p2a: Tornadus|67/100
|
|-heal|p1a: Rillaboom|85/100|[from] Grassy Terrain
|upkeep
|turn|28
|
|t:|1760752241
|move|p1a: Rillaboom|Grassy Glide|p2a: Tornadus
|-resisted|p2a: Tornadus
|-damage|p2a: Tornadus|34/100
|move|p2a: Tornadus|Bleakwind Storm|p1a: Rillaboom
|-supereffective|p1a: Rillaboom
|-damage|p1a: Rillaboom|0 fnt
|faint|p1a: Rillaboom
|
|upkeep
|
|t:|1760752255
|switch|p1a: Glimmora|Glimmora, M|45/100
|-damage|p1a: Glimmora|32/100|[from] Stealth Rock
|turn|29
|
|t:|1760752266
|switch|p2a: Great Tusk|Great Tusk|71/100
|move|p1a: Glimmora|Energy Ball|p2a: Great Tusk
|-supereffective|p2a: Great Tusk
|-damage|p2a: Great Tusk|0 fnt
|faint|p2a: Great Tusk
|-end|p2a: Great Tusk|Protosynthesis|[silent]
|
|-heal|p1a: Glimmora|38/100|[from] Grassy Terrain
|upkeep
|
|t:|1760752271
|switch|p2a: Darkrai|Darkrai|52/100
|turn|30
|
|t:|1760752276
|switch|p1a: Incineroar|Incineroar, M, shiny|6/100
|-ability|p1a: Incineroar|Intimidate|boost
|-unboost|p2a: Darkrai|atk|1
|move|p2a: Darkrai|Ice Beam|p1a: Incineroar
|-resisted|p1a: Incineroar
|-damage|p1a: Incineroar|0 fnt
|faint|p1a: Incineroar
|
|-heal|p2a: Darkrai|59/100|[from] Grassy Terrain
|-fieldend|move: Grassy Terrain
|upkeep
|
|t:|1760752283
|switch|p1a: Glimmora|Glimmora, M|38/100
|-damage|p1a: Glimmora|26/100|[from] Stealth Rock
|turn|31
|
|t:|1760752288
|move|p1a: Glimmora|Power Gem|p2a: Darkrai
|-damage|p2a: Darkrai|0 fnt
|faint|p2a: Darkrai
|
|upkeep
|
|t:|1760752294
|switch|p2a: Tornadus|Tornadus-Therian, M|67/100
|turn|32
|c|☆thepippy27|gg
|
|t:|1760752301
|-terastallize|p2a: Tornadus|Steel
|move|p1a: Glimmora|Power Gem|p2a: Tornadus
|-resisted|p2a: Tornadus
|-damage|p2a: Tornadus|43/100
|move|p2a: Tornadus|Bleakwind Storm|p1a: Glimmora|[miss]
|-miss|p2a: Tornadus|p1a: Glimmora
|
|upkeep
|turn|33
|
|t:|1760752310
|move|p1a: Glimmora|Power Gem|p2a: Tornadus
|-resisted|p2a: Tornadus
|-crit|p2a: Tornadus
|-damage|p2a: Tornadus|9/100
|move|p2a: Tornadus|Bleakwind Storm|p1a: Glimmora
|-resisted|p1a: Glimmora
|-damage|p1a: Glimmora|2/100
|-unboost|p1a: Glimmora|spe|1
|
|upkeep
|turn|34
|
|t:|1760752324
|move|p2a: Tornadus|Knock Off|p1a: Glimmora
|-damage|p1a: Glimmora|0 fnt
|-activate|p1a: Glimmora|ability: Toxic Debris
|-sidestart|p2: octillery chicken|move: Toxic Spikes
|-enditem|p1a: Glimmora|Choice Scarf|[from] move: Knock Off|[of] p2a: Tornadus
|faint|p1a: Glimmora
|
|upkeep
|
|t:|1760752326
|switch|p1a: Great Tusk|Great Tusk|31/100
|turn|35
|
|t:|1760752329
|move|p2a: Tornadus|Bleakwind Storm|p1a: Great Tusk
|-supereffective|p1a: Great Tusk
|-damage|p1a: Great Tusk|0 fnt
|faint|p1a: Great Tusk
|-end|p1a: Great Tusk|Protosynthesis|[silent]
|
|win|octillery chicken
|raw|thepippy27's rating: 1382 &rarr; <strong>1363</strong><br />(-19 for losing)
|raw|octillery chicken's rating: 1397 &rarr; <strong>1416</strong><br />(+19 for winning)
|c|☆octillery chicken|gg
|l|☆thepippy27
|player|p1|
