|j|☆undertalethemovie
|j|☆hatebadplayas
|t:|1760860603
|gametype|singles
|player|p1|undertalethemovie|n|1142
|player|p2|hatebadplayas|parasollady|1185
|gen|9
|tier|[Gen 9] OU
|rated|
|rule|HP Percentage Mod: HP is shown in percentages
|rule|Endless Battle Clause: Forcing endless battles is banned
|rule|Species Clause: Limit one of each Pokémon
|rule|OHKO Clause: OHKO moves are banned
|rule|Evasion Items Clause: Evasion items are banned
|rule|Evasion Moves Clause: Evasion moves are banned
|rule|Evasion Abilities Clause: Evasion abilities are banned
|rule|Sleep Moves Clause: Sleep-inducing moves are banned
|clearpoke
|poke|p1|Clodsire, M|
|poke|p1|Ogerpon-Wellspring, F|
|poke|p1|Zoroark-Hisui, F|
|poke|p1|Zamazenta-*|
|poke|p1|Cinderace, M|
|poke|p1|Deoxys-Speed|
|poke|p2|Indeedee, M|
|poke|p2|Ursaluna, F|
|poke|p2|Iron Hands|
|poke|p2|Hoopa-Unbound|
|poke|p2|Mimikyu, M|
|poke|p2|Hatterene, F|
|teampreview
|inactive|Battle timer is ON: inactive players will automatically lose when time's up. (requested by hatebadplayas)
|
|t:|1760860616
|teamsize|p1|6
|teamsize|p2|6
|start
|switch|p1a: The Writer|Ogerpon-Wellspring, F|100/100
|switch|p2a: Indeedee|Indeedee, M, shiny|100/100
|-fieldstart|move: Psychic Terrain|[from] ability: Psychic Surge|[of] p2a: Indeedee
|turn|1
|
|t:|1760860621
|-terastallize|p1a: The Writer|Water
|detailschange|p1a: The Writer|Ogerpon-Wellspring-Tera, F, tera:Water
|-ability|p1a: The Writer|Embody Aspect (Wellspring)|boost
|-boost|p1a: The Writer|spd|1
|move|p1a: The Writer|Ivy Cudgel|p2a: Indeedee|[anim] Ivy Cudgel Water
|-damage|p2a: Indeedee|18/100
|move|p2a: Indeedee|Trick Room|p2a: Indeedee
|-fieldstart|move: Trick Room|[of] p2a: Indeedee
|
|upkeep
|turn|2
|
|t:|1760860628
|switch|p2a: Mimikyu|Mimikyu, M|100/100
|move|p1a: The Writer|U-turn|p2a: Mimikyu
|-activate|p2a: Mimikyu|ability: Disguise
|-damage|p2a: Mimikyu|100/100
|detailschange|p2a: Mimikyu|Mimikyu-Busted, M
|-damage|p2a: Mimikyu|88/100|[from] pokemon: Mimikyu-Busted
|-enditem|p2a: Mimikyu|Red Card|[of] p1a: The Writer
|drag|p1a: Minami Torishima|Deoxys-Speed|100/100
|-ability|p1a: Minami Torishima|Pressure
|
|upkeep
|turn|3
|
|t:|1760860638
|switch|p1a: Mumbo|Clodsire, M|100/100
|-item|p1a: Mumbo|Air Balloon
|move|p2a: Mimikyu|Play Rough|p1a: Mumbo
|-resisted|p1a: Mumbo
|-damage|p1a: Mumbo|85/100
|-enditem|p1a: Mumbo|Air Balloon
|
|upkeep
|turn|4
|
|t:|1760860642
|switch|p2a: Hatterene|Hatterene, F, shiny|100/100
|move|p1a: Mumbo|Toxic Spikes|p2a: Hatterene
|move|p2a: Hatterene|Toxic Spikes|p1a: Mumbo|[from] ability: Magic Bounce
|-sidestart|p1: undertalethemovie|move: Toxic Spikes
|
|upkeep
|turn|5
|
|t:|1760860648
|move|p2a: Hatterene|Expanding Force|p1a: Mumbo
|-supereffective|p1a: Mumbo
|-damage|p1a: Mumbo|0 fnt
|faint|p1a: Mumbo
|-damage|p2a: Hatterene|91/100|[from] item: Life Orb
|
|-fieldend|move: Trick Room
|upkeep
|
|t:|1760860652
|switch|p1a: Minami Torishima|Deoxys-Speed|100/100
|-item|p1a: Minami Torishima|Air Balloon
|turn|6
|
|t:|1760860660
|switch|p2a: Ursaluna|Ursaluna, F, shiny|100/100
|move|p1a: Minami Torishima|Hex|p2a: Ursaluna
|-immune|p2a: Ursaluna
|
|-status|p2a: Ursaluna|brn|[from] item: Flame Orb
|upkeep
|turn|7
|inactive|hatebadplayas has 120 seconds left.
|
|t:|1760860692
|move|p1a: Minami Torishima|Detect|p1a: Minami Torishima
|-singleturn|p1a: Minami Torishima|Protect
|move|p2a: Ursaluna|Supercell Slam|p1a: Minami Torishima
|-activate|p1a: Minami Torishima|move: Protect
|-damage|p2a: Ursaluna|51/100 brn|[from] supercellslam
|
|-damage|p2a: Ursaluna|45/100 brn|[from] brn
|upkeep
|turn|8
|
|t:|1760860699
|switch|p1a: Ingerland|Cinderace, M|100/100
|move|p2a: Ursaluna|Headlong Rush|p1a: Ingerland
|-supereffective|p1a: Ingerland
|-damage|p1a: Ingerland|0 fnt
|-unboost|p2a: Ursaluna|def|1
|-unboost|p2a: Ursaluna|spd|1
|faint|p1a: Ingerland
|
|-damage|p2a: Ursaluna|39/100 brn|[from] brn
|-fieldend|move: Psychic Terrain
|upkeep
|
|t:|1760860704
|switch|p1a: Pokemon Shield|Zamazenta|100/100
|-status|p1a: Pokemon Shield|psn
|-ability|p1a: Pokemon Shield|Dauntless Shield|boost
|-boost|p1a: Pokemon Shield|def|1
|turn|9
|
|t:|1760860709
|switch|p2a: Mimikyu|Mimikyu-Busted, M|88/100
|move|p1a: Pokemon Shield|Iron Head|p2a: Mimikyu
|-supereffective|p2a: Mimikyu
|-damage|p2a: Mimikyu|37/100
|
|-damage|p1a: Pokemon Shield|88/100 psn|[from] psn
|upkeep
|turn|10
|
|t:|1760860734
|-terastallize|p2a: Mimikyu|Ghost
|move|p1a: Pokemon Shield|Iron Head|p2a: Mimikyu
|-damage|p2a: Mimikyu|9/100
|move|p2a: Mimikyu|Trick Room|p2a: Mimikyu
|-fieldstart|move: Trick Room|[of] p2a: Mimikyu
|
|-damage|p1a: Pokemon Shield|76/100 psn|[from] psn
|upkeep
|turn|11
|
|t:|1760860740
|switch|p1a: Minami Torishima|Deoxys-Speed|100/100
|-item|p1a: Minami Torishima|Air Balloon
|move|p2a: Mimikyu|Destiny Bond|p2a: Mimikyu
|-singlemove|p2a: Mimikyu|Destiny Bond
|
|upkeep
|turn|12
|
|t:|1760860744
|move|p2a: Mimikyu|Curse|p1a: Minami Torishima
|-start|p1a: Minami Torishima|Curse|[of] p2a: Mimikyu
|-damage|p2a: Mimikyu|0 fnt
|faint|p2a: Mimikyu
|move|p1a: Minami Torishima|Will-O-Wisp|p2: Mimikyu|[notarget]
|-fail|p1a: Minami Torishima
|
|-damage|p1a: Minami Torishima|75/100|[from] Curse
|upkeep
|
|t:|1760860756
|switch|p2a: Hoopa|Hoopa-Unbound|100/100
|turn|13
|
|t:|1760860763
|switch|p1a: Pokemon Shield|Zamazenta|76/100 psn
|move|p2a: Hoopa|Hyperspace Fury|p1a: Pokemon Shield
|-resisted|p1a: Pokemon Shield
|-damage|p1a: Pokemon Shield|54/100 psn
|-unboost|p2a: Hoopa|def|1
|
|-damage|p1a: Pokemon Shield|41/100 psn|[from] psn
|upkeep
|turn|14
|
|t:|1760860767
|move|p2a: Hoopa|Expanding Force|p1a: Pokemon Shield
|-supereffective|p1a: Pokemon Shield
|-damage|p1a: Pokemon Shield|0 fnt
|faint|p1a: Pokemon Shield
|
|-fieldend|move: Trick Room
|upkeep
|
|t:|1760860773
|switch|p1a: Minami Torishima|Deoxys-Speed|75/100
|-item|p1a: Minami Torishima|Air Balloon
|turn|15
|
|t:|1760860801
|switch|p2a: Ursaluna|Ursaluna, F, shiny|39/100 brn
|move|p1a: Minami Torishima|Will-O-Wisp|p2a: Ursaluna
|-fail|p2a: Ursaluna|brn
|
|-damage|p2a: Ursaluna|32/100 brn|[from] brn
|upkeep
|turn|16
|
|t:|1760860808
|move|p1a: Minami Torishima|Detect|p1a: Minami Torishima
|-singleturn|p1a: Minami Torishima|Protect
|move|p2a: Ursaluna|Headlong Rush|p1a: Minami Torishima
|-activate|p1a: Minami Torishima|move: Protect
|
|-damage|p2a: Ursaluna|26/100 brn|[from] brn
|upkeep
|turn|17
|
|t:|1760860813
|switch|p1a: The Writer|Ogerpon-Wellspring-Tera, F, tera:Water|100/100
|-status|p1a: The Writer|psn
|-ability|p1a: The Writer|Embody Aspect (Wellspring)|boost
|-boost|p1a: The Writer|spd|1
|move|p2a: Ursaluna|Headlong Rush|p1a: The Writer
|-damage|p1a: The Writer|0 fnt
|-unboost|p2a: Ursaluna|def|1
|-unboost|p2a: Ursaluna|spd|1
|faint|p1a: The Writer
|detailschange|p1: The Writer|Ogerpon-Wellspring, F|[silent]
|
|-damage|p2a: Ursaluna|20/100 brn|[from] brn
|upkeep
|
|t:|1760860815
|switch|p1a: Minami Torishima|Deoxys-Speed|75/100
|-item|p1a: Minami Torishima|Air Balloon
|turn|18
|
|t:|1760860819
|move|p1a: Minami Torishima|Detect|p1a: Minami Torishima
|-singleturn|p1a: Minami Torishima|Protect
|move|p2a: Ursaluna|Ice Punch|p1a: Minami Torishima
|-activate|p1a: Minami Torishima|move: Protect
|
|-damage|p2a: Ursaluna|14/100 brn|[from] brn
|upkeep
|turn|19
|
|t:|1760860821
|move|p1a: Minami Torishima|Detect|p1a: Minami Torishima
|-singleturn|p1a: Minami Torishima|Protect
|move|p2a: Ursaluna|Supercell Slam|p1a: Minami Torishima
|-activate|p1a: Minami Torishima|move: Protect
|-damage|p2a: Ursaluna|0 fnt|[from] supercellslam
|faint|p2a: Ursaluna
|
|upkeep
|
|t:|1760860831
|switch|p2a: Indeedee|Indeedee, M, shiny|18/100
|-fieldstart|move: Psychic Terrain|[from] ability: Psychic Surge|[of] p2a: Indeedee
|turn|20
|
|t:|1760860835
|move|p1a: Minami Torishima|Hex|p2a: Indeedee
|-immune|p2a: Indeedee
|move|p2a: Indeedee|Trick Room|p2a: Indeedee
|-fieldstart|move: Trick Room|[of] p2a: Indeedee
|
|upkeep
|turn|21
|
|t:|1760860840
|move|p2a: Indeedee|Healing Wish|p2a: Indeedee
|faint|p2a: Indeedee
|move|p1a: Minami Torishima|Will-O-Wisp|p2: Indeedee|[notarget]
|-fail|p1a: Minami Torishima
|
|upkeep
|
|t:|1760860848
|switch|p2a: Hoopa|Hoopa-Unbound|100/100
|-enditem|p2a: Hoopa|Psychic Seed
|-boost|p2a: Hoopa|spd|1|[from] item: Psychic Seed
|turn|22
|
|t:|1760860856
|move|p2a: Hoopa|Hyperspace Fury|p1a: Minami Torishima
|-supereffective|p1a: Minami Torishima
|-damage|p1a: Minami Torishima|0 fnt
|-unboost|p2a: Hoopa|def|1
|replace|p1a: Count St. Germain|Zoroark-Hisui, F, shiny
|-end|p1a: Count St. Germain|Illusion
|-enditem|p1a: Count St. Germain|Air Balloon
|faint|p1a: Count St. Germain
|
|upkeep
|-message|undertalethemovie forfeited.
|
|win|hatebadplayas
|raw|undertalethemovie's rating: 1142 &rarr; <strong>1120</strong><br />(-22 for losing)
|raw|hatebadplayas's rating: 1185 &rarr; <strong>1207</strong><br />(+22 for winning)
|l|☆undertalethemovie
|player|p1|
