|j|☆Winter6097
|j|☆Chuck2025
|t:|1760764007
|gametype|singles
|player|p1|Winter6097|dancer|1433
|player|p2|Chuck2025|265|1397
|gen|9
|tier|[Gen 9] OU
|rated|
|rule|HP Percentage Mod: HP is shown in percentages
|rule|Endless Battle Clause: Forcing endless battles is banned
|rule|Species Clause: Limit one of each Pokémon
|rule|OHKO Clause: OHKO moves are banned
|rule|Evasion Items Clause: Evasion items are banned
|rule|Evasion Moves Clause: Evasion moves are banned
|rule|Evasion Abilities Clause: Evasion abilities are banned
|rule|Sleep Moves Clause: Sleep-inducing moves are banned
|clearpoke
|poke|p1|Polteageist|
|poke|p1|Indeedee-F, F|
|poke|p1|Hatterene, F|
|poke|p1|Hoopa-Unbound|
|poke|p1|Hawlucha, M|
|poke|p1|Delphox, F|
|poke|p2|Dragonite, F|
|poke|p2|Volcanion|
|poke|p2|Zamazenta-*|
|poke|p2|Meloetta|
|poke|p2|Iron Hands|
|poke|p2|Ogerpon-Wellspring, F|
|teampreview
|inactive|Battle timer is ON: inactive players will automatically lose when time's up. (requested by Winter6097)
|
|t:|1760764021
|teamsize|p1|6
|teamsize|p2|6
|start
|switch|p1a: Maiden|Indeedee-F, F|100/100
|switch|p2a: Meloetta|Meloetta|100/100
|-fieldstart|move: Psychic Terrain|[from] ability: Psychic Surge|[of] p1a: Maiden
|turn|1
|
|t:|1760764028
|switch|p1a: Megamind|Hoopa-Unbound|100/100
|move|p2a: Meloetta|Shadow Ball|p1a: Megamind
|-damage|p1a: Megamind|74/100
|
|upkeep
|turn|2
|
|t:|1760764039
|-terastallize|p2a: Meloetta|Fairy
|move|p1a: Megamind|Dark Pulse|p2a: Meloetta
|-resisted|p2a: Meloetta
|-crit|p2a: Meloetta
|-damage|p2a: Meloetta|68/100
|move|p2a: Meloetta|Alluring Voice|p1a: Megamind
|-supereffective|p1a: Megamind
|-damage|p1a: Megamind|0 fnt
|faint|p1a: Megamind
|
|upkeep
|
|t:|1760764042
|switch|p1a: Delphox|Delphox, F|100/100
|turn|3
|
|t:|1760764057
|switch|p2a: Volcanion|Volcanion|100/100
|move|p1a: Delphox|Nasty Plot|p1a: Delphox
|-boost|p1a: Delphox|spa|2
|
|upkeep
|turn|4
|
|t:|1760764063
|move|p1a: Delphox|Expanding Force|p2a: Volcanion
|-damage|p2a: Volcanion|0 fnt
|faint|p2a: Volcanion
|
|upkeep
|
|t:|1760764071
|switch|p2a: Dragonite|Dragonite, F|100/100
|turn|5
|
|t:|1760764075
|move|p1a: Delphox|Expanding Force|p2a: Dragonite
|-damage|p2a: Dragonite|32/100
|move|p2a: Dragonite|Earthquake|p1a: Delphox
|-supereffective|p1a: Delphox
|-enditem|p1a: Delphox|Focus Sash
|-damage|p1a: Delphox|1/100
|
|upkeep
|turn|6
|
|t:|1760764083
|move|p2a: Dragonite|Extreme Speed|p1a: Delphox
|-activate|p1a: Delphox|move: Psychic Terrain
|move|p1a: Delphox|Expanding Force|p2a: Dragonite
|-damage|p2a: Dragonite|0 fnt
|faint|p2a: Dragonite
|-item|p1a: Delphox|Heavy-Duty Boots|[from] ability: Magician|[of] p2: Dragonite
|
|upkeep
|
|t:|1760764094
|switch|p2a: Ogerpon|Ogerpon-Wellspring, F|100/100
|turn|7
|
|t:|1760764098
|move|p1a: Delphox|Expanding Force|p2a: Ogerpon
|-damage|p2a: Ogerpon|0 fnt
|faint|p2a: Ogerpon
|
|upkeep
|c|☆Chuck2025|Whaaat
|-message|Chuck2025 forfeited.
|
|win|Winter6097
|raw|Winter6097's rating: 1433 &rarr; <strong>1451</strong><br />(+18 for winning)
|raw|Chuck2025's rating: 1397 &rarr; <strong>1379</strong><br />(-18 for losing)
|l|☆Chuck2025
|player|p2|
