|j|☆Graveler's Delight
|j|☆njfkln
|t:|1760805737
|gametype|singles
|player|p1|Graveler's Delight|scientist-gen4dp|1252
|player|p2|njfkln|169|1196
|gen|9
|tier|[Gen 9] OU
|rated|
|rule|HP Percentage Mod: HP is shown in percentages
|rule|Endless Battle Clause: Forcing endless battles is banned
|rule|Species Clause: Limit one of each Pokémon
|rule|OHKO Clause: OHKO moves are banned
|rule|Evasion Items Clause: Evasion items are banned
|rule|Evasion Moves Clause: Evasion moves are banned
|rule|Evasion Abilities Clause: Evasion abilities are banned
|rule|Sleep Moves Clause: Sleep-inducing moves are banned
|clearpoke
|poke|p1|Hoopa-Unbound|
|poke|p1|Okidogi, M|
|poke|p1|Pecharunt|
|poke|p1|Ogerpon-Cornerstone, F|
|poke|p1|Heatran, M|
|poke|p1|Araquanid, M|
|poke|p2|Dragapult, F|
|poke|p2|Grimmsnarl, M|
|poke|p2|Iron Treads|
|poke|p2|Iron Moth|
|poke|p2|Pincurchin, F|
|poke|p2|Iron Hands|
|teampreview
|inactive|Battle timer is ON: inactive players will automatically lose when time's up. (requested by Graveler's Delight)
|
|t:|1760805761
|teamsize|p1|6
|teamsize|p2|6
|start
|switch|p1a: Ogerpon|Ogerpon-Cornerstone, F|100/100
|switch|p2a: Grimmsnarl|Grimmsnarl, M, shiny|100/100
|turn|1
|
|t:|1760805769
|move|p2a: Grimmsnarl|Reflect|p2a: Grimmsnarl
|-sidestart|p2: njfkln|Reflect
|move|p1a: Ogerpon|U-turn|p2a: Grimmsnarl
|-damage|p2a: Grimmsnarl|85/100
|
|t:|1760805779
|switch|p1a: Pecharunt|Pecharunt|100/100|[from] U-turn
|-item|p1a: Pecharunt|Air Balloon
|
|upkeep
|turn|2
|
|t:|1760805790
|move|p2a: Grimmsnarl|Light Screen|p2a: Grimmsnarl
|-sidestart|p2: njfkln|move: Light Screen
|move|p1a: Pecharunt|Curse|p2a: Grimmsnarl
|-start|p2a: Grimmsnarl|Curse|[of] p1a: Pecharunt
|-damage|p1a: Pecharunt|50/100
|
|-damage|p2a: Grimmsnarl|60/100|[from] Curse
|upkeep
|turn|3
|
|t:|1760805798
|move|p2a: Grimmsnarl|Parting Shot|p1a: Pecharunt
|-unboost|p1a: Pecharunt|atk|1
|-unboost|p1a: Pecharunt|spa|1
|
|t:|1760805802
|switch|p2a: Pincurchin|Pincurchin, F, shiny|100/100|[from] Parting Shot
|-fieldstart|move: Electric Terrain|[from] ability: Electric Surge|[of] p2a: Pincurchin
|move|p1a: Pecharunt|Recover|p1a: Pecharunt
|-heal|p1a: Pecharunt|100/100
|
|upkeep
|turn|4
|
|t:|1760805811
|switch|p2a: Iron Moth|Iron Moth, shiny|100/100
|-activate|p2a: Iron Moth|ability: Quark Drive
|-start|p2a: Iron Moth|quarkdrivespa
|move|p1a: Pecharunt|Malignant Chain|p2a: Iron Moth
|-resisted|p2a: Iron Moth
|-damage|p2a: Iron Moth|93/100
|
|upkeep
|turn|5
|
|t:|1760805821
|move|p2a: Iron Moth|Fiery Dance|p1a: Pecharunt
|-damage|p1a: Pecharunt|45/100
|-enditem|p1a: Pecharunt|Air Balloon
|move|p1a: Pecharunt|Curse|p2a: Iron Moth
|-start|p2a: Iron Moth|Curse|[of] p1a: Pecharunt
|-damage|p1a: Pecharunt|0 fnt
|faint|p1a: Pecharunt
|
|-damage|p2a: Iron Moth|68/100|[from] Curse
|upkeep
|
|t:|1760805828
|switch|p1a: Heatran|Heatran, M|100/100
|turn|6
|
|t:|1760805835
|move|p2a: Iron Moth|Fiery Dance|p1a: Heatran
|-damage|p1a: Heatran|52/100
|-boost|p2a: Iron Moth|spa|1
|move|p1a: Heatran|Stealth Rock|p2a: Iron Moth
|-sidestart|p2: njfkln|move: Stealth Rock
|
|-heal|p1a: Heatran|58/100|[from] item: Leftovers
|-damage|p2a: Iron Moth|43/100|[from] Curse
|upkeep
|turn|7
|
|t:|1760805845
|switch|p1a: Araquanid|Araquanid, M|100/100
|move|p2a: Iron Moth|Fiery Dance|p1a: Araquanid
|-damage|p1a: Araquanid|37/100
|
|-damage|p2a: Iron Moth|18/100|[from] Curse
|upkeep
|turn|8
|
|t:|1760805864
|move|p1a: Araquanid|Endure|p1a: Araquanid
|-singleturn|p1a: Araquanid|move: Endure
|move|p2a: Iron Moth|Fiery Dance|p1a: Araquanid
|-activate|p1a: Araquanid|move: Endure
|-damage|p1a: Araquanid|1/100
|
|-damage|p2a: Iron Moth|0 fnt|[from] Curse
|faint|p2a: Iron Moth
|-end|p2a: Iron Moth|Quark Drive|[silent]
|-sideend|p2: njfkln|Reflect
|upkeep
|
|t:|1760805868
|switch|p2a: Iron Hands|Iron Hands|100/100
|-damage|p2a: Iron Hands|94/100|[from] Stealth Rock
|-activate|p2a: Iron Hands|ability: Quark Drive
|-start|p2a: Iron Hands|quarkdriveatk
|turn|9
|-enditem|p1a: Araquanid|Custap Berry|[eat]
|-activate|p1a: Araquanid|item: Custap Berry|[consumed]
|
|t:|1760805886
|move|p1a: Araquanid|Sticky Web|p2a: Iron Hands
|-sidestart|p2: njfkln|move: Sticky Web
|move|p2a: Iron Hands|Drain Punch|p1a: Araquanid
|-resisted|p1a: Araquanid
|-damage|p1a: Araquanid|0 fnt
|-heal|p2a: Iron Hands|94/100|[from] drain|[of] p1a: Araquanid
|faint|p1a: Araquanid
|
|-heal|p2a: Iron Hands|100/100|[from] item: Leftovers
|-sideend|p2: njfkln|move: Light Screen
|upkeep
|
|t:|1760805902
|switch|p1a: Ogerpon|Ogerpon-Cornerstone, F|100/100
|turn|10
|
|t:|1760805908
|move|p1a: Ogerpon|Leech Seed|p2a: Iron Hands|[miss]
|-miss|p1a: Ogerpon|p2a: Iron Hands
|move|p2a: Iron Hands|Drain Punch|p1a: Ogerpon
|-supereffective|p1a: Ogerpon
|-ability|p1a: Ogerpon|Sturdy
|-damage|p1a: Ogerpon|1/100
|
|-fieldend|move: Electric Terrain
|-end|p2a: Iron Hands|Quark Drive
|upkeep
|turn|11
|
|t:|1760805914
|move|p1a: Ogerpon|Spiky Shield|p1a: Ogerpon
|-singleturn|p1a: Ogerpon|move: Protect
|move|p2a: Iron Hands|Drain Punch|p1a: Ogerpon
|-activate|p1a: Ogerpon|move: Protect
|-damage|p2a: Iron Hands|88/100|[from] Spiky Shield|[of] p1a: Ogerpon
|
|-heal|p2a: Iron Hands|94/100|[from] item: Leftovers
|upkeep
|turn|12
|
|t:|1760805923
|move|p1a: Ogerpon|Leech Seed|p2a: Iron Hands
|-start|p2a: Iron Hands|move: Leech Seed
|move|p2a: Iron Hands|Drain Punch|p1a: Ogerpon
|-supereffective|p1a: Ogerpon
|-damage|p1a: Ogerpon|0 fnt
|-heal|p2a: Iron Hands|94/100|[from] drain|[of] p1a: Ogerpon
|faint|p1a: Ogerpon
|
|-heal|p2a: Iron Hands|100/100|[from] item: Leftovers
|upkeep
|
|t:|1760805929
|switch|p1a: Impassible|Okidogi, M|100/100
|turn|13
|
|t:|1760805933
|move|p1a: Impassible|Bulk Up|p1a: Impassible
|-boost|p1a: Impassible|atk|1
|-boost|p1a: Impassible|def|1
|move|p2a: Iron Hands|Earthquake|p1a: Impassible
|-supereffective|p1a: Impassible
|-damage|p1a: Impassible|58/100
|
|-heal|p1a: Impassible|64/100|[from] item: Leftovers
|-damage|p2a: Iron Hands|88/100|[from] Leech Seed|[of] p1a: Impassible
|-heal|p1a: Impassible|81/100|[silent]
|upkeep
|turn|14
|
|t:|1760805939
|move|p1a: Impassible|Protect|p1a: Impassible
|-singleturn|p1a: Impassible|Protect
|move|p2a: Iron Hands|Earthquake|p1a: Impassible
|-activate|p1a: Impassible|move: Protect
|
|-heal|p1a: Impassible|87/100|[from] item: Leftovers
|-heal|p2a: Iron Hands|94/100|[from] item: Leftovers
|-damage|p2a: Iron Hands|82/100|[from] Leech Seed|[of] p1a: Impassible
|-heal|p1a: Impassible|100/100|[silent]
|upkeep
|turn|15
|
|t:|1760805947
|move|p1a: Impassible|Bulk Up|p1a: Impassible
|-boost|p1a: Impassible|atk|1
|-boost|p1a: Impassible|def|1
|move|p2a: Iron Hands|Earthquake|p1a: Impassible
|-supereffective|p1a: Impassible
|-damage|p1a: Impassible|70/100
|
|-heal|p1a: Impassible|76/100|[from] item: Leftovers
|-heal|p2a: Iron Hands|88/100|[from] item: Leftovers
|-damage|p2a: Iron Hands|75/100|[from] Leech Seed|[of] p1a: Impassible
|-heal|p1a: Impassible|93/100|[silent]
|upkeep
|turn|16
|
|t:|1760805958
|-end|p2a: Iron Hands|Quark Drive|[silent]
|switch|p2a: Grimmsnarl|Grimmsnarl, M, shiny|60/100
|-damage|p2a: Grimmsnarl|47/100|[from] Stealth Rock
|-activate|p2a: Grimmsnarl|move: Sticky Web
|-unboost|p2a: Grimmsnarl|spe|1
|move|p1a: Impassible|Bulk Up|p1a: Impassible
|-boost|p1a: Impassible|atk|1
|-boost|p1a: Impassible|def|1
|
|-heal|p1a: Impassible|99/100|[from] item: Leftovers
|upkeep
|turn|17
|
|t:|1760805965
|move|p2a: Grimmsnarl|Reflect|p2a: Grimmsnarl
|-sidestart|p2: njfkln|Reflect
|move|p1a: Impassible|Poison Jab|p2a: Grimmsnarl
|-supereffective|p2a: Grimmsnarl
|-damage|p2a: Grimmsnarl|0 fnt
|faint|p2a: Grimmsnarl
|
|-heal|p1a: Impassible|100/100|[from] item: Leftovers
|upkeep
|
|t:|1760805969
|switch|p2a: Pincurchin|Pincurchin, F, shiny|100/100
|-damage|p2a: Pincurchin|88/100|[from] Stealth Rock
|-activate|p2a: Pincurchin|move: Sticky Web
|-unboost|p2a: Pincurchin|spe|1
|-fieldstart|move: Electric Terrain|[from] ability: Electric Surge|[of] p2a: Pincurchin
|turn|18
|
|t:|1760805979
|move|p1a: Impassible|Protect|p1a: Impassible
|-singleturn|p1a: Impassible|Protect
|move|p2a: Pincurchin|Scald|p1a: Impassible
|-activate|p1a: Impassible|move: Protect
|
|upkeep
|turn|19
|
|t:|1760805986
|move|p1a: Impassible|Bulk Up|p1a: Impassible
|-boost|p1a: Impassible|atk|1
|-boost|p1a: Impassible|def|1
|move|p2a: Pincurchin|Scald|p1a: Impassible
|-damage|p1a: Impassible|87/100
|
|-heal|p1a: Impassible|93/100|[from] item: Leftovers
|upkeep
|turn|20
|
|t:|1760805994
|move|p1a: Impassible|Poison Jab|p2a: Pincurchin
|-damage|p2a: Pincurchin|46/100
|move|p2a: Pincurchin|Scald|p1a: Impassible
|-damage|p1a: Impassible|80/100
|
|-heal|p1a: Impassible|86/100|[from] item: Leftovers
|upkeep
|turn|21
|
|t:|1760806004
|move|p1a: Impassible|Drain Punch|p2a: Pincurchin
|-damage|p2a: Pincurchin|5/100
|-heal|p1a: Impassible|100/100|[from] drain|[of] p2a: Pincurchin
|move|p2a: Pincurchin|Recover|p2a: Pincurchin
|-heal|p2a: Pincurchin|55/100
|
|upkeep
|turn|22
|
|t:|1760806012
|move|p1a: Impassible|Bulk Up|p1a: Impassible
|-boost|p1a: Impassible|atk|1
|-boost|p1a: Impassible|def|1
|move|p2a: Pincurchin|Scald|p1a: Impassible
|-damage|p1a: Impassible|87/100
|
|-heal|p1a: Impassible|93/100|[from] item: Leftovers
|upkeep
|turn|23
|
|t:|1760806022
|move|p1a: Impassible|Poison Jab|p2a: Pincurchin
|-damage|p2a: Pincurchin|5/100
|-status|p2a: Pincurchin|psn
|move|p2a: Pincurchin|Scald|p1a: Impassible
|-damage|p1a: Impassible|79/100
|
|-heal|p1a: Impassible|85/100|[from] item: Leftovers
|-damage|p2a: Pincurchin|0 fnt|[from] psn
|faint|p2a: Pincurchin
|upkeep
|c|☆njfkln|where my burn bruh
|
|t:|1760806039
|switch|p2a: Dragapult|Dragapult, F, shiny|100/100
|-damage|p2a: Dragapult|88/100|[from] Stealth Rock
|-activate|p2a: Dragapult|move: Sticky Web
|-fail|p2a: Dragapult|unboost|[from] ability: Clear Body|[of] p2a: Dragapult
|turn|24
|c|☆Graveler's Delight|fr
|
|t:|1760806051
|move|p1a: Impassible|Protect|p1a: Impassible
|-singleturn|p1a: Impassible|Protect
|move|p2a: Dragapult|Dragon Dance|p2a: Dragapult
|-boost|p2a: Dragapult|atk|1
|-boost|p2a: Dragapult|spe|1
|
|-heal|p1a: Impassible|91/100|[from] item: Leftovers
|-sideend|p2: njfkln|Reflect
|upkeep
|turn|25
|
|t:|1760806061
|-terastallize|p2a: Dragapult|Steel
|-terastallize|p1a: Impassible|Fairy
|move|p2a: Dragapult|Tera Blast|p1a: Impassible|[anim] Tera Blast Steel
|-supereffective|p1a: Impassible
|-damage|p1a: Impassible|62/100
|move|p1a: Impassible|Poison Jab|p2a: Dragapult
|-immune|p2a: Dragapult
|
|-heal|p1a: Impassible|68/100|[from] item: Leftovers
|-fieldend|move: Electric Terrain
|upkeep
|turn|26
|
|t:|1760806070
|move|p2a: Dragapult|Tera Blast|p1a: Impassible|[anim] Tera Blast Steel
|-supereffective|p1a: Impassible
|-damage|p1a: Impassible|38/100
|move|p1a: Impassible|Drain Punch|p2a: Dragapult
|-supereffective|p2a: Dragapult
|-damage|p2a: Dragapult|0 fnt
|-heal|p1a: Impassible|75/100|[from] drain|[of] p2a: Dragapult
|faint|p2a: Dragapult
|
|-heal|p1a: Impassible|81/100|[from] item: Leftovers
|upkeep
|-message|njfkln forfeited.
|
|win|Graveler's Delight
|raw|Graveler&apos;s Delight's rating: 1252 &rarr; <strong>1273</strong><br />(+21 for winning)
|raw|njfkln's rating: 1196 &rarr; <strong>1175</strong><br />(-21 for losing)
|l|☆njfkln
|player|p2|
|l|☆Graveler's Delight
|player|p1|
