|j|☆crockcorak
|j|☆Force_ten
|t:|1760877599
|gametype|singles
|player|p1|crockcorak|1|1378
|player|p2|Force_ten|102|1394
|gen|9
|tier|[Gen 9] OU
|rated|
|rule|HP Percentage Mod: HP is shown in percentages
|rule|Endless Battle Clause: Forcing endless battles is banned
|rule|Species Clause: Limit one of each Pokémon
|rule|OHKO Clause: OHKO moves are banned
|rule|Evasion Items Clause: Evasion items are banned
|rule|Evasion Moves Clause: Evasion moves are banned
|rule|Evasion Abilities Clause: Evasion abilities are banned
|rule|Sleep Moves Clause: Sleep-inducing moves are banned
|clearpoke
|poke|p1|Blaziken, F|
|poke|p1|Sinistcha-Masterpiece|
|poke|p1|Kingambit, F|
|poke|p1|Dragapult, F|
|poke|p1|Primarina, M|
|poke|p1|Ting-Lu|
|poke|p2|Kingambit, F|
|poke|p2|Cinderace, F|
|poke|p2|Landorus-Therian, M|
|poke|p2|Iron Valiant|
|poke|p2|Kyurem|
|poke|p2|Slowking-Galar, M|
|teampreview
|inactive|Battle timer is ON: inactive players will automatically lose when time's up. (requested by crockcorak)
|
|t:|1760877615
|teamsize|p1|6
|teamsize|p2|6
|start
|switch|p1a: Dragapult|Dragapult, F|100/100
|switch|p2a: Landorus|Landorus-Therian, M, shiny|100/100
|-ability|p2a: Landorus|Intimidate|boost
|-unboost|p1a: Dragapult|atk|1
|turn|1
|
|t:|1760877620
|move|p1a: Dragapult|Draco Meteor|p2a: Landorus
|-damage|p2a: Landorus|0 fnt
|-unboost|p1a: Dragapult|spa|2
|faint|p2a: Landorus
|
|upkeep
|
|t:|1760877628
|switch|p2a: Kyurem|Kyurem, shiny|100/100
|-ability|p2a: Kyurem|Pressure
|turn|2
|
|t:|1760877634
|move|p1a: Dragapult|Draco Meteor|p2a: Kyurem
|-supereffective|p2a: Kyurem
|-damage|p2a: Kyurem|18/100
|-unboost|p1a: Dragapult|spa|2
|move|p2a: Kyurem|Substitute|p2a: Kyurem
|-fail|p2a: Kyurem|move: Substitute|[weak]
|
|-heal|p2a: Kyurem|24/100|[from] item: Leftovers
|upkeep
|turn|3
|
|t:|1760877640
|move|p2a: Kyurem|Protect|p2a: Kyurem
|-singleturn|p2a: Kyurem|Protect
|move|p1a: Dragapult|Draco Meteor|p2a: Kyurem
|-activate|p2a: Kyurem|move: Protect
|
|-heal|p2a: Kyurem|30/100|[from] item: Leftovers
|upkeep
|turn|4
|
|t:|1760877657
|switch|p2a: Iron Valiant|Iron Valiant|100/100
|-enditem|p2a: Iron Valiant|Booster Energy
|-activate|p2a: Iron Valiant|ability: Quark Drive|[fromitem]
|-start|p2a: Iron Valiant|quarkdrivespe
|move|p1a: Dragapult|Draco Meteor|p2a: Iron Valiant
|-immune|p2a: Iron Valiant
|
|upkeep
|turn|5
|
|t:|1760877663
|switch|p1a: Primarina|Primarina, M|100/100
|move|p2a: Iron Valiant|Calm Mind|p2a: Iron Valiant
|-boost|p2a: Iron Valiant|spa|1
|-boost|p2a: Iron Valiant|spd|1
|
|upkeep
|turn|6
|
|t:|1760877666
|-terastallize|p2a: Iron Valiant|Ghost
|move|p2a: Iron Valiant|Calm Mind|p2a: Iron Valiant
|-boost|p2a: Iron Valiant|spa|1
|-boost|p2a: Iron Valiant|spd|1
|move|p1a: Primarina|Draining Kiss|p2a: Iron Valiant
|-damage|p2a: Iron Valiant|77/100
|
|upkeep
|turn|7
|
|t:|1760877693
|-terastallize|p1a: Primarina|Steel
|move|p2a: Iron Valiant|Calm Mind|p2a: Iron Valiant
|-boost|p2a: Iron Valiant|spa|1
|-boost|p2a: Iron Valiant|spd|1
|move|p1a: Primarina|Psychic Noise|p2a: Iron Valiant
|-damage|p2a: Iron Valiant|45/100
|-start|p2a: Iron Valiant|move: Heal Block
|
|upkeep
|turn|8
|
|t:|1760877698
|move|p2a: Iron Valiant|Shadow Ball|p1a: Primarina
|-damage|p1a: Primarina|24/100
|move|p1a: Primarina|Psychic Noise|p2a: Iron Valiant
|-damage|p2a: Iron Valiant|17/100
|
|-heal|p1a: Primarina|30/100|[from] item: Leftovers
|-end|p2a: Iron Valiant|move: Heal Block
|upkeep
|turn|9
|
|t:|1760877703
|move|p2a: Iron Valiant|Moonblast|p1a: Primarina
|-resisted|p1a: Primarina
|-damage|p1a: Primarina|0 fnt
|faint|p1a: Primarina
|
|upkeep
|
|t:|1760877708
|switch|p1a: Kingambit|Kingambit, F|100/100
|-activate|p1a: Kingambit|ability: Supreme Overlord
|-start|p1a: Kingambit|fallen1|[silent]
|turn|10
|
|t:|1760877713
|move|p1a: Kingambit|Sucker Punch||[still]
|-fail|p1a: Kingambit
|move|p2a: Iron Valiant|Calm Mind|p2a: Iron Valiant
|-boost|p2a: Iron Valiant|spa|1
|-boost|p2a: Iron Valiant|spd|1
|
|upkeep
|turn|11
|
|t:|1760877717
|move|p1a: Kingambit|Sucker Punch||[still]
|-fail|p1a: Kingambit
|move|p2a: Iron Valiant|Encore|p1a: Kingambit
|-start|p1a: Kingambit|Encore
|
|upkeep
|turn|12
|
|t:|1760877720
|move|p1a: Kingambit|Sucker Punch||[still]
|-fail|p1a: Kingambit
|move|p2a: Iron Valiant|Calm Mind|p2a: Iron Valiant
|-boost|p2a: Iron Valiant|spa|1
|-boost|p2a: Iron Valiant|spd|1
|
|upkeep
|turn|13
|
|t:|1760877723
|move|p1a: Kingambit|Sucker Punch||[still]
|-fail|p1a: Kingambit
|move|p2a: Iron Valiant|Calm Mind|p2a: Iron Valiant
|-boost|p2a: Iron Valiant|spa|1
|-boost|p2a: Iron Valiant|spd|1
|
|upkeep
|turn|14
|
|t:|1760877725
|-end|p1a: Kingambit|fallen1|[silent]
|switch|p1a: Sinistcha|Sinistcha-Masterpiece|100/100
|move|p2a: Iron Valiant|Calm Mind|p2a: Iron Valiant
|-boost|p2a: Iron Valiant|spa|0
|-boost|p2a: Iron Valiant|spd|0
|
|upkeep
|turn|15
|
|t:|1760877729
|move|p2a: Iron Valiant|Moonblast|p1a: Sinistcha
|-damage|p1a: Sinistcha|0 fnt
|faint|p1a: Sinistcha
|
|upkeep
|
|t:|1760877732
|switch|p1a: Kingambit|Kingambit, F|100/100
|-activate|p1a: Kingambit|ability: Supreme Overlord
|-start|p1a: Kingambit|fallen2|[silent]
|turn|16
|
|t:|1760877734
|move|p1a: Kingambit|Sucker Punch|p2a: Iron Valiant
|-supereffective|p2a: Iron Valiant
|-damage|p2a: Iron Valiant|0 fnt
|faint|p2a: Iron Valiant
|-end|p2a: Iron Valiant|Quark Drive|[silent]
|
|upkeep
|
|t:|1760877737
|switch|p2a: Cinderace|Cinderace, F, shiny|100/100
|turn|17
|
|t:|1760877739
|-end|p1a: Kingambit|fallen2|[silent]
|switch|p1a: Ting-Lu|Ting-Lu|100/100
|-ability|p1a: Ting-Lu|Vessel of Ruin
|move|p2a: Cinderace|Will-O-Wisp|p1a: Ting-Lu
|-status|p1a: Ting-Lu|brn
|
|-damage|p1a: Ting-Lu|94/100 brn|[from] brn
|upkeep
|turn|18
|
|t:|1760877743
|move|p2a: Cinderace|Pyro Ball|p1a: Ting-Lu
|-damage|p1a: Ting-Lu|76/100 brn
|move|p1a: Ting-Lu|Stealth Rock|p2a: Cinderace
|-sidestart|p2: Force_ten|move: Stealth Rock
|
|-heal|p1a: Ting-Lu|82/100 brn|[from] item: Leftovers
|-damage|p1a: Ting-Lu|76/100 brn|[from] brn
|upkeep
|turn|19
|
|t:|1760877749
|move|p2a: Cinderace|Court Change|p2a: Cinderace
|-swapsideconditions
|-activate|p2a: Cinderace|move: Court Change
|move|p1a: Ting-Lu|Whirlwind|p2a: Cinderace
|drag|p2a: Slowking|Slowking-Galar, M, shiny|100/100
|
|-heal|p1a: Ting-Lu|82/100 brn|[from] item: Leftovers
|-damage|p1a: Ting-Lu|76/100 brn|[from] brn
|upkeep
|turn|20
|
|t:|1760877753
|move|p1a: Ting-Lu|Stealth Rock|p2a: Slowking
|-sidestart|p2: Force_ten|move: Stealth Rock
|-prepare|p2a: Slowking|Chilly Reception|[premajor]
|move|p2a: Slowking|Chilly Reception|p2a: Slowking
|-weather|Snowscape
|
|t:|1760877757
|switch|p2a: Kyurem|Kyurem, shiny|30/100|[from] Chilly Reception
|-damage|p2a: Kyurem|5/100|[from] Stealth Rock
|-ability|p2a: Kyurem|Pressure
|
|-weather|Snowscape|[upkeep]
|-heal|p2a: Kyurem|11/100|[from] item: Leftovers
|-heal|p1a: Ting-Lu|82/100 brn|[from] item: Leftovers
|-damage|p1a: Ting-Lu|76/100 brn|[from] brn
|upkeep
|turn|21
|
|t:|1760877761
|move|p2a: Kyurem|Protect|p2a: Kyurem
|-singleturn|p2a: Kyurem|Protect
|move|p1a: Ting-Lu|Whirlwind|p2a: Kyurem
|drag|p2a: Cinderace|Cinderace, F, shiny|100/100
|
|-weather|Snowscape|[upkeep]
|-heal|p1a: Ting-Lu|82/100 brn|[from] item: Leftovers
|-damage|p1a: Ting-Lu|76/100 brn|[from] brn
|upkeep
|turn|22
|
|t:|1760877765
|move|p2a: Cinderace|Pyro Ball|p1a: Ting-Lu
|-damage|p1a: Ting-Lu|56/100 brn
|move|p1a: Ting-Lu|Earthquake|p2a: Cinderace
|-supereffective|p2a: Cinderace
|-damage|p2a: Cinderace|54/100
|
|-weather|Snowscape|[upkeep]
|-heal|p1a: Ting-Lu|62/100 brn|[from] item: Leftovers
|-damage|p1a: Ting-Lu|56/100 brn|[from] brn
|upkeep
|turn|23
|
|t:|1760877769
|move|p2a: Cinderace|Pyro Ball|p1a: Ting-Lu
|-damage|p1a: Ting-Lu|36/100 brn
|move|p1a: Ting-Lu|Earthquake|p2a: Cinderace
|-supereffective|p2a: Cinderace
|-damage|p2a: Cinderace|14/100
|
|-weather|Snowscape|[upkeep]
|-heal|p1a: Ting-Lu|43/100 brn|[from] item: Leftovers
|-damage|p1a: Ting-Lu|36/100 brn|[from] brn
|upkeep
|turn|24
|
|t:|1760877773
|move|p2a: Cinderace|Pyro Ball|p1a: Ting-Lu
|-damage|p1a: Ting-Lu|6/100 brn
|move|p1a: Ting-Lu|Earthquake|p2a: Cinderace
|-supereffective|p2a: Cinderace
|-damage|p2a: Cinderace|0 fnt
|faint|p2a: Cinderace
|
|-weather|none
|-heal|p1a: Ting-Lu|12/100 brn|[from] item: Leftovers
|-damage|p1a: Ting-Lu|6/100 brn|[from] brn
|upkeep
|
|t:|1760877776
|switch|p2a: Kingambit|Kingambit, F|100/100
|-damage|p2a: Kingambit|94/100|[from] Stealth Rock
|-activate|p2a: Kingambit|ability: Supreme Overlord
|-start|p2a: Kingambit|fallen3|[silent]
|turn|25
|
|t:|1760877781
|move|p2a: Kingambit|Iron Head|p1a: Ting-Lu
|-damage|p1a: Ting-Lu|0 fnt
|faint|p1a: Ting-Lu
|
|-heal|p2a: Kingambit|100/100|[from] item: Leftovers
|upkeep
|
|t:|1760877783
|switch|p1a: Blaziken|Blaziken, F|100/100
|turn|26
|
|t:|1760877787
|move|p1a: Blaziken|Flare Blitz|p2a: Kingambit
|-supereffective|p2a: Kingambit
|-damage|p2a: Kingambit|0 fnt
|faint|p2a: Kingambit
|-end|p2a: Kingambit|fallen3|[silent]
|-damage|p1a: Blaziken|60/100|[from] Recoil
|
|-ability|p1a: Blaziken|Speed Boost|boost
|-boost|p1a: Blaziken|spe|1
|upkeep
|
|t:|1760877790
|switch|p2a: Slowking|Slowking-Galar, M, shiny|100/100
|turn|27
|
|t:|1760877794
|move|p1a: Blaziken|Flare Blitz|p2a: Slowking
|-damage|p2a: Slowking|35/100
|-damage|p1a: Blaziken|32/100|[from] Recoil
|move|p2a: Slowking|Psychic Noise|p1a: Blaziken
|-supereffective|p1a: Blaziken
|-damage|p1a: Blaziken|0 fnt
|faint|p1a: Blaziken
|
|upkeep
|-message|Force_ten forfeited.
|
|win|crockcorak
|raw|crockcorak's rating: 1378 &rarr; <strong>1400</strong><br />(+22 for winning)
|raw|Force_ten's rating: 1416 &rarr; <strong>1394</strong><br />(-22 for losing)
|l|☆Force_ten
|player|p2|
|l|☆crockcorak
|player|p1|
