|j|☆CorvusSumten
|j|☆badders
|t:|1760878234
|gametype|singles
|player|p1|CorvusSumten|ingo|1118
|player|p2|badders|swimmerf-gen4|1176
|gen|9
|tier|[Gen 9] OU
|rated|
|rule|HP Percentage Mod: HP is shown in percentages
|rule|Endless Battle Clause: Forcing endless battles is banned
|rule|Species Clause: Limit one of each Pokémon
|rule|OHKO Clause: OHKO moves are banned
|rule|Evasion Items Clause: Evasion items are banned
|rule|Evasion Moves Clause: Evasion moves are banned
|rule|Evasion Abilities Clause: Evasion abilities are banned
|rule|Sleep Moves Clause: Sleep-inducing moves are banned
|clearpoke
|poke|p1|Grimmsnarl, M|
|poke|p1|Farigiraf, M|
|poke|p1|Sinistcha|
|poke|p1|Maushold|
|poke|p1|Sandy Shocks|
|poke|p1|Arboliva, M|
|poke|p2|Walking Wake|
|poke|p2|Ninetales, F|
|poke|p2|Great Tusk|
|poke|p2|Alomomola, M|
|poke|p2|Raging Bolt|
|poke|p2|Kingambit, F|
|teampreview
|
|t:|1760878256
|teamsize|p1|6
|teamsize|p2|6
|start
|switch|p1a: Grimmsnarl|Grimmsnarl, M|100/100
|switch|p2a: Kingambit|Kingambit, F|100/100
|turn|1
|
|t:|1760878267
|move|p1a: Grimmsnarl|Light Screen|p1a: Grimmsnarl
|-sidestart|p1: CorvusSumten|move: Light Screen
|move|p2a: Kingambit|Iron Head|p1a: Grimmsnarl
|-supereffective|p1a: Grimmsnarl
|-damage|p1a: Grimmsnarl|0 fnt
|faint|p1a: Grimmsnarl
|
|upkeep
|inactive|Battle timer is ON: inactive players will automatically lose when time's up. (requested by badders)
|
|t:|1760878289
|switch|p1a: Arboliva|Arboliva, M|100/100
|turn|2
|
|t:|1760878300
|-end|p2a: Kingambit|fallenundefined|[silent]
|switch|p2a: Ninetales|Ninetales, F|100/100
|-weather|SunnyDay|[from] ability: Drought|[of] p2a: Ninetales
|move|p1a: Arboliva|Earth Power|p2a: Ninetales
|-supereffective|p2a: Ninetales
|-damage|p2a: Ninetales|42/100
|
|-weather|SunnyDay|[upkeep]
|upkeep
|turn|3
|
|t:|1760878316
|switch|p2a: Alomomola|Alomomola, M|100/100
|move|p1a: Arboliva|Giga Drain|p2a: Alomomola
|-supereffective|p2a: Alomomola
|-damage|p2a: Alomomola|28/100
|
|-weather|SunnyDay|[upkeep]
|upkeep
|turn|4
|
|t:|1760878342
|move|p2a: Alomomola|Protect|p2a: Alomomola
|-singleturn|p2a: Alomomola|Protect
|move|p1a: Arboliva|Hyper Voice|p2a: Alomomola
|-activate|p2a: Alomomola|move: Protect
|
|-weather|SunnyDay|[upkeep]
|upkeep
|turn|5
|
|t:|1760878357
|switch|p2a: Walking Wake|Walking Wake|100/100
|-activate|p2a: Walking Wake|ability: Protosynthesis
|-start|p2a: Walking Wake|protosynthesisspe
|move|p1a: Arboliva|Hyper Voice|p2a: Walking Wake
|-damage|p2a: Walking Wake|49/100
|
|-weather|SunnyDay|[upkeep]
|upkeep
|turn|6
|
|t:|1760878370
|move|p2a: Walking Wake|Weather Ball|p1a: Arboliva
|-supereffective|p1a: Arboliva
|-damage|p1a: Arboliva|63/100
|-fieldstart|move: Grassy Terrain|[from] ability: Seed Sower|[of] p1a: Arboliva
|move|p1a: Arboliva|Giga Drain|p2a: Walking Wake
|-damage|p2a: Walking Wake|0 fnt
|-heal|p1a: Arboliva|86/100|[from] drain|[of] p2a: Walking Wake
|faint|p2a: Walking Wake
|-end|p2a: Walking Wake|Protosynthesis|[silent]
|
|-weather|SunnyDay|[upkeep]
|-heal|p1a: Arboliva|92/100|[from] Grassy Terrain
|upkeep
|inactive|badders has 120 seconds left.
|
|t:|1760878387
|switch|p2a: Ninetales|Ninetales, F|42/100
|turn|7
|inactive|badders has 120 seconds left.
|c|☆CorvusSumten|You fool
|
|t:|1760878399
|move|p2a: Ninetales|Flamethrower|p1a: Arboliva
|-supereffective|p1a: Arboliva
|-damage|p1a: Arboliva|72/100
|move|p1a: Arboliva|Earth Power|p2a: Ninetales
|-supereffective|p2a: Ninetales
|-damage|p2a: Ninetales|0 fnt
|faint|p2a: Ninetales
|
|-weather|SunnyDay|[upkeep]
|-heal|p1a: Arboliva|78/100|[from] Grassy Terrain
|upkeep
|
|t:|1760878411
|switch|p2a: Alomomola|Alomomola, M|61/100
|turn|8
|
|t:|1760878418
|move|p2a: Alomomola|Protect|p2a: Alomomola
|-singleturn|p2a: Alomomola|Protect
|move|p1a: Arboliva|Giga Drain|p2a: Alomomola
|-activate|p2a: Alomomola|move: Protect
|
|-weather|SunnyDay|[upkeep]
|-heal|p2a: Alomomola|67/100|[from] Grassy Terrain
|-heal|p1a: Arboliva|84/100|[from] Grassy Terrain
|-sideend|p1: CorvusSumten|move: Light Screen
|upkeep
|turn|9
|inactive|badders has 120 seconds left.
|
|t:|1760878445
|switch|p2a: Raging Bolt|Raging Bolt|100/100
|-activate|p2a: Raging Bolt|ability: Protosynthesis
|-start|p2a: Raging Bolt|protosynthesisspa
|move|p1a: Arboliva|Giga Drain|p2a: Raging Bolt
|-resisted|p2a: Raging Bolt
|-damage|p2a: Raging Bolt|84/100
|-heal|p1a: Arboliva|93/100|[from] drain|[of] p2a: Raging Bolt
|
|-weather|none
|-end|p2a: Raging Bolt|Protosynthesis
|-heal|p2a: Raging Bolt|90/100|[from] Grassy Terrain
|-heal|p1a: Arboliva|99/100|[from] Grassy Terrain
|upkeep
|turn|10
|
|t:|1760878461
|move|p2a: Raging Bolt|Dragon Pulse|p1a: Arboliva
|-damage|p1a: Arboliva|72/100
|move|p1a: Arboliva|Earth Power|p2a: Raging Bolt
|-supereffective|p2a: Raging Bolt
|-damage|p2a: Raging Bolt|54/100
|-unboost|p2a: Raging Bolt|spd|1
|
|-heal|p2a: Raging Bolt|60/100|[from] Grassy Terrain
|-heal|p1a: Arboliva|79/100|[from] Grassy Terrain
|-fieldend|move: Grassy Terrain
|upkeep
|turn|11
|
|t:|1760878477
|-end|p2a: Raging Bolt|Protosynthesis|[silent]
|switch|p2a: Alomomola|Alomomola, M|100/100
|move|p1a: Arboliva|Giga Drain|p2a: Alomomola
|-supereffective|p2a: Alomomola
|-damage|p2a: Alomomola|29/100
|-heal|p1a: Arboliva|100/100|[from] drain|[of] p2a: Alomomola
|
|upkeep
|turn|12
|-message|badders forfeited.
|
|win|CorvusSumten
|raw|CorvusSumten's rating: 1118 &rarr; <strong>1147</strong><br />(+29 for winning)
|raw|badders's rating: 1176 &rarr; <strong>1147</strong><br />(-29 for losing)
|l|☆badders
|player|p2|
|l|☆CorvusSumten
|player|p1|
