|j|☆Tripleo20
|j|☆lumi678
|t:|1760857425
|gametype|singles
|player|p1|Tripleo20|101|1085
|player|p2|lumi678|caitlin|1139
|gen|9
|tier|[Gen 9] OU
|rated|
|rule|HP Percentage Mod: HP is shown in percentages
|rule|Endless Battle Clause: Forcing endless battles is banned
|rule|Species Clause: Limit one of each Pokémon
|rule|OHKO Clause: OHKO moves are banned
|rule|Evasion Items Clause: Evasion items are banned
|rule|Evasion Moves Clause: Evasion moves are banned
|rule|Evasion Abilities Clause: Evasion abilities are banned
|rule|Sleep Moves Clause: Sleep-inducing moves are banned
|clearpoke
|poke|p1|Ninetales-Alola, M|
|poke|p1|Cetitan, F|
|poke|p1|Avalugg, M|
|poke|p1|Weavile, M|
|poke|p1|Piloswine, M|
|poke|p1|Froslass, F|
|poke|p2|Glimmora, M|
|poke|p2|Hatterene, F|
|poke|p2|Dragapult, F|
|poke|p2|Ogerpon-Wellspring, F|
|poke|p2|Zamazenta-*|
|poke|p2|Darkrai|
|teampreview
|
|t:|1760857428
|teamsize|p1|6
|teamsize|p2|6
|start
|switch|p1a: Ninetales|Ninetales-Alola, M|100/100
|switch|p2a: Glimmora|Glimmora, M|100/100
|-weather|Snowscape|[from] ability: Snow Warning|[of] p1a: Ninetales
|turn|1
|
|t:|1760857435
|move|p1a: Ninetales|Aurora Veil|p1a: Ninetales
|-sidestart|p1: Tripleo20|move: Aurora Veil
|move|p2a: Glimmora|Stealth Rock|p1a: Ninetales
|-sidestart|p1: Tripleo20|move: Stealth Rock
|
|-weather|Snowscape|[upkeep]
|upkeep
|turn|2
|
|t:|1760857445
|-terastallize|p1a: Ninetales|Ice
|move|p1a: Ninetales|Blizzard|p2a: Glimmora
|-damage|p2a: Glimmora|31/100
|move|p2a: Glimmora|Power Gem|p1a: Ninetales
|-supereffective|p1a: Ninetales
|-damage|p1a: Ninetales|49/100
|
|-weather|Snowscape|[upkeep]
|upkeep
|turn|3
|
|t:|1760857454
|move|p1a: Ninetales|Blizzard|p2a: Glimmora
|-damage|p2a: Glimmora|0 fnt
|faint|p2a: Glimmora
|
|-weather|Snowscape|[upkeep]
|upkeep
|
|t:|1760857463
|switch|p2a: Zamazenta|Zamazenta|100/100
|-ability|p2a: Zamazenta|Dauntless Shield|boost
|-boost|p2a: Zamazenta|def|1
|turn|4
|
|t:|1760857474
|switch|p1a: Avalugg|Avalugg, M|100/100
|move|p2a: Zamazenta|Close Combat|p1a: Avalugg
|-supereffective|p1a: Avalugg
|-damage|p1a: Avalugg|78/100
|-unboost|p2a: Zamazenta|def|1
|-unboost|p2a: Zamazenta|spd|1
|-damage|p2a: Zamazenta|91/100|[from] item: Life Orb
|
|-weather|Snowscape|[upkeep]
|upkeep
|turn|5
|
|t:|1760857484
|switch|p2a: Hatterene|Hatterene, F|100/100
|move|p1a: Avalugg|Iron Defense|p1a: Avalugg
|-boost|p1a: Avalugg|def|2
|
|-weather|none
|-sideend|p1: Tripleo20|move: Aurora Veil
|upkeep
|turn|6
|
|t:|1760857493
|move|p2a: Hatterene|Calm Mind|p2a: Hatterene
|-boost|p2a: Hatterene|spa|1
|-boost|p2a: Hatterene|spd|1
|move|p1a: Avalugg|Rapid Spin|p2a: Hatterene
|-damage|p2a: Hatterene|90/100
|-boost|p1a: Avalugg|spe|1
|-sideend|p1: Tripleo20|Stealth Rock|[from] move: Rapid Spin|[of] p1a: Avalugg
|
|-heal|p2a: Hatterene|96/100|[from] item: Leftovers
|upkeep
|turn|7
|
|t:|1760857510
|switch|p1a: Cetitan|Cetitan, F|100/100
|move|p2a: Hatterene|Mystical Fire|p1a: Cetitan
|-supereffective|p1a: Cetitan
|-damage|p1a: Cetitan|63/100
|-unboost|p1a: Cetitan|spa|1
|
|-heal|p2a: Hatterene|100/100|[from] item: Leftovers
|upkeep
|turn|8
|
|t:|1760857519
|move|p1a: Cetitan|Belly Drum|p1a: Cetitan
|-damage|p1a: Cetitan|13/100
|-setboost|p1a: Cetitan|atk|6|[from] move: Belly Drum
|-enditem|p1a: Cetitan|Sitrus Berry|[eat]
|-heal|p1a: Cetitan|38/100|[from] item: Sitrus Berry
|move|p2a: Hatterene|Calm Mind|p2a: Hatterene
|-boost|p2a: Hatterene|spa|1
|-boost|p2a: Hatterene|spd|1
|
|upkeep
|turn|9
|
|t:|1760857528
|move|p1a: Cetitan|Icicle Crash|p2a: Hatterene
|-damage|p2a: Hatterene|0 fnt
|faint|p2a: Hatterene
|
|upkeep
|
|t:|1760857533
|switch|p2a: Zamazenta|Zamazenta|91/100
|turn|10
|
|t:|1760857582
|move|p2a: Zamazenta|Close Combat|p1a: Cetitan
|-supereffective|p1a: Cetitan
|-damage|p1a: Cetitan|0 fnt
|-unboost|p2a: Zamazenta|def|1
|-unboost|p2a: Zamazenta|spd|1
|faint|p1a: Cetitan
|-damage|p2a: Zamazenta|81/100|[from] item: Life Orb
|
|upkeep
|
|t:|1760857591
|switch|p1a: Froslass|Froslass, F|100/100
|turn|11
|
|t:|1760857595
|move|p2a: Zamazenta|Crunch|p1a: Froslass
|-supereffective|p1a: Froslass
|-enditem|p1a: Froslass|Focus Sash
|-damage|p1a: Froslass|1/100
|-unboost|p1a: Froslass|def|1
|-damage|p2a: Zamazenta|71/100|[from] item: Life Orb
|move|p1a: Froslass|Taunt|p2a: Zamazenta
|-start|p2a: Zamazenta|move: Taunt
|
|upkeep
|turn|12
|
|t:|1760857605
|move|p2a: Zamazenta|Crunch|p1a: Froslass
|-supereffective|p1a: Froslass
|-damage|p1a: Froslass|0 fnt
|faint|p1a: Froslass
|-damage|p2a: Zamazenta|61/100|[from] item: Life Orb
|
|upkeep
|
|t:|1760857614
|switch|p1a: Ninetales|Ninetales-Alola, M, tera:Ice|49/100
|-weather|Snowscape|[from] ability: Snow Warning|[of] p1a: Ninetales
|turn|13
|
|t:|1760857621
|move|p2a: Zamazenta|Close Combat|p1a: Ninetales
|-supereffective|p1a: Ninetales
|-damage|p1a: Ninetales|0 fnt
|-unboost|p2a: Zamazenta|def|1
|-unboost|p2a: Zamazenta|spd|1
|faint|p1a: Ninetales
|-damage|p2a: Zamazenta|51/100|[from] item: Life Orb
|
|-weather|Snowscape|[upkeep]
|upkeep
|
|t:|1760857632
|switch|p1a: Avalugg|Avalugg, M|78/100
|turn|14
|
|t:|1760857635
|switch|p2a: Dragapult|Dragapult, F|100/100
|move|p1a: Avalugg|Iron Defense|p1a: Avalugg
|-boost|p1a: Avalugg|def|2
|
|-weather|Snowscape|[upkeep]
|upkeep
|turn|15
|
|t:|1760857641
|move|p2a: Dragapult|Dragon Darts|p1a: Avalugg
|-damage|p1a: Avalugg|72/100
|-anim|p2a: Dragapult|Dragon Darts|p1a: Avalugg
|-damage|p1a: Avalugg|66/100
|move|p1a: Avalugg|Iron Defense|p1a: Avalugg
|-boost|p1a: Avalugg|def|2
|
|-weather|Snowscape|[upkeep]
|upkeep
|turn|16
|
|t:|1760857649
|move|p2a: Dragapult|Dragon Darts|p1a: Avalugg
|-damage|p1a: Avalugg|62/100
|-anim|p2a: Dragapult|Dragon Darts|p1a: Avalugg
|-damage|p1a: Avalugg|58/100
|move|p1a: Avalugg|Iron Defense|p1a: Avalugg
|-boost|p1a: Avalugg|def|2
|
|-weather|Snowscape|[upkeep]
|upkeep
|turn|17
|
|t:|1760857658
|move|p2a: Dragapult|Dragon Darts|p1a: Avalugg
|-damage|p1a: Avalugg|55/100
|-anim|p2a: Dragapult|Dragon Darts|p1a: Avalugg
|-damage|p1a: Avalugg|52/100
|move|p1a: Avalugg|Recover|p1a: Avalugg
|-heal|p1a: Avalugg|100/100
|
|-weather|none
|upkeep
|turn|18
|
|t:|1760857667
|move|p2a: Dragapult|Dragon Darts|p1a: Avalugg
|-damage|p1a: Avalugg|96/100
|-anim|p2a: Dragapult|Dragon Darts|p1a: Avalugg
|-damage|p1a: Avalugg|92/100
|move|p1a: Avalugg|Rapid Spin|p2a: Dragapult
|-immune|p2a: Dragapult
|
|upkeep
|turn|19
|
|t:|1760857674
|move|p2a: Dragapult|Dragon Darts|p1a: Avalugg
|-damage|p1a: Avalugg|88/100
|-anim|p2a: Dragapult|Dragon Darts|p1a: Avalugg
|-damage|p1a: Avalugg|84/100
|move|p1a: Avalugg|Rapid Spin|p2a: Dragapult
|-immune|p2a: Dragapult
|
|upkeep
|turn|20
|
|t:|1760857681
|move|p2a: Dragapult|Dragon Darts|p1a: Avalugg
|-damage|p1a: Avalugg|79/100
|-anim|p2a: Dragapult|Dragon Darts|p1a: Avalugg
|-damage|p1a: Avalugg|74/100
|move|p1a: Avalugg|Rapid Spin|p2a: Dragapult
|-immune|p2a: Dragapult
|
|upkeep
|turn|21
|
|t:|1760857688
|move|p2a: Dragapult|Dragon Darts|p1a: Avalugg
|-damage|p1a: Avalugg|70/100
|-anim|p2a: Dragapult|Dragon Darts|p1a: Avalugg
|-damage|p1a: Avalugg|65/100
|move|p1a: Avalugg|Rapid Spin|p2a: Dragapult
|-immune|p2a: Dragapult
|
|upkeep
|turn|22
|
|t:|1760857695
|move|p2a: Dragapult|Dragon Darts|p1a: Avalugg
|-damage|p1a: Avalugg|60/100
|-anim|p2a: Dragapult|Dragon Darts|p1a: Avalugg
|-damage|p1a: Avalugg|56/100
|move|p1a: Avalugg|Rapid Spin|p2a: Dragapult
|-immune|p2a: Dragapult
|
|upkeep
|turn|23
|
|t:|1760857702
|move|p2a: Dragapult|Dragon Darts|p1a: Avalugg
|-damage|p1a: Avalugg|52/100
|-anim|p2a: Dragapult|Dragon Darts|p1a: Avalugg
|-damage|p1a: Avalugg|48/100
|move|p1a: Avalugg|Recover|p1a: Avalugg
|-heal|p1a: Avalugg|98/100
|
|upkeep
|turn|24
|
|t:|1760857709
|switch|p2a: Darkrai|Darkrai|100/100
|move|p1a: Avalugg|Rapid Spin|p2a: Darkrai
|-damage|p2a: Darkrai|83/100
|-boost|p1a: Avalugg|spe|1
|
|upkeep
|turn|25
|
|t:|1760857717
|-terastallize|p2a: Darkrai|Poison
|move|p2a: Darkrai|Nasty Plot|p2a: Darkrai
|-boost|p2a: Darkrai|spa|2
|move|p1a: Avalugg|Body Press|p2a: Darkrai
|-resisted|p2a: Darkrai
|-damage|p2a: Darkrai|0 fnt
|faint|p2a: Darkrai
|
|upkeep
|-message|lumi678 forfeited.
|
|win|Tripleo20
|raw|Tripleo20's rating: 1085 &rarr; <strong>1116</strong><br />(+31 for winning)
|raw|lumi678's rating: 1139 &rarr; <strong>1110</strong><br />(-29 for losing)
|l|☆lumi678
|player|p2|
