|j|☆bigtestsofbig
|j|☆A1Randy
|t:|1760891002
|gametype|singles
|player|p1|bigtestsofbig|170|1521
|player|p2|A1Randy|burglar|1595
|gen|9
|tier|[Gen 9] OU
|rated|
|rule|HP Percentage Mod: HP is shown in percentages
|rule|Endless Battle Clause: Forcing endless battles is banned
|rule|Species Clause: Limit one of each Pokémon
|rule|OHKO Clause: OHKO moves are banned
|rule|Evasion Items Clause: Evasion items are banned
|rule|Evasion Moves Clause: Evasion moves are banned
|rule|Evasion Abilities Clause: Evasion abilities are banned
|rule|Sleep Moves Clause: Sleep-inducing moves are banned
|clearpoke
|poke|p1|Iron Jugulis|
|poke|p1|Pelipper, M|
|poke|p1|Floatzel, M|
|poke|p1|Walking Wake|
|poke|p1|Iron Treads|
|poke|p1|Scizor, F|
|poke|p2|Iron Crown|
|poke|p2|Kyurem|
|poke|p2|Dragonite, F|
|poke|p2|Kingambit, F|
|poke|p2|Iron Valiant|
|poke|p2|Hoopa-Unbound|
|teampreview
|
|t:|1760891010
|teamsize|p1|6
|teamsize|p2|6
|start
|switch|p1a: Pelipper|Pelipper, M|100/100
|switch|p2a: Kyurem|Kyurem|100/100
|-ability|p2a: Kyurem|Pressure
|-weather|RainDance|[from] ability: Drizzle|[of] p1a: Pelipper
|turn|1
|inactive|Battle timer is ON: inactive players will automatically lose when time's up. (requested by bigtestsofbig)
|
|t:|1760891016
|switch|p1a: Scizor|Scizor, F|100/100
|move|p2a: Kyurem|Dragon Dance|p2a: Kyurem
|-boost|p2a: Kyurem|atk|1
|-boost|p2a: Kyurem|spe|1
|
|-weather|RainDance|[upkeep]
|upkeep
|turn|2
|
|t:|1760891024
|-terastallize|p2a: Kyurem|Fire
|move|p2a: Kyurem|Tera Blast|p1a: Scizor|[anim] Tera Blast Fire
|-supereffective|p1a: Scizor
|-damage|p1a: Scizor|0 fnt
|faint|p1a: Scizor
|
|-weather|RainDance|[upkeep]
|upkeep
|
|t:|1760891029
|switch|p1a: Iron Treads|Iron Treads|100/100
|turn|3
|
|t:|1760891032
|move|p2a: Kyurem|Icicle Spear|p1a: Iron Treads
|-damage|p1a: Iron Treads|82/100
|-damage|p1a: Iron Treads|61/100
|-damage|p1a: Iron Treads|42/100
|-damage|p1a: Iron Treads|22/100
|-hitcount|p1a: Iron Treads|4
|move|p1a: Iron Treads|Earthquake|p2a: Kyurem
|-supereffective|p2a: Kyurem
|-damage|p2a: Kyurem|16/100
|
|-weather|RainDance|[upkeep]
|-heal|p1a: Iron Treads|28/100|[from] item: Leftovers
|upkeep
|turn|4
|
|t:|1760891039
|-end|p1a: Iron Treads|Quark Drive|[silent]
|switch|p1a: Floatzel|Floatzel, M|100/100
|move|p2a: Kyurem|Icicle Spear|p1a: Floatzel
|-resisted|p1a: Floatzel
|-damage|p1a: Floatzel|83/100
|-resisted|p1a: Floatzel
|-damage|p1a: Floatzel|63/100
|-resisted|p1a: Floatzel
|-damage|p1a: Floatzel|44/100
|-resisted|p1a: Floatzel
|-damage|p1a: Floatzel|23/100
|-hitcount|p1a: Floatzel|4
|
|-weather|RainDance|[upkeep]
|upkeep
|turn|5
|
|t:|1760891047
|move|p1a: Floatzel|Liquidation|p2a: Kyurem
|-supereffective|p2a: Kyurem
|-damage|p2a: Kyurem|0 fnt
|faint|p2a: Kyurem
|
|-weather|RainDance|[upkeep]
|upkeep
|
|t:|1760891049
|switch|p2a: Dragonite|Dragonite, F|100/100
|turn|6
|
|t:|1760891056
|move|p2a: Dragonite|Extreme Speed|p1a: Floatzel
|-damage|p1a: Floatzel|0 fnt
|faint|p1a: Floatzel
|
|-weather|RainDance|[upkeep]
|upkeep
|
|t:|1760891061
|switch|p1a: Iron Treads|Iron Treads|28/100
|turn|7
|
|t:|1760891081
|move|p1a: Iron Treads|Earthquake|p2a: Dragonite
|-immune|p2a: Dragonite
|move|p2a: Dragonite|Dragon Dance|p2a: Dragonite
|-boost|p2a: Dragonite|atk|1
|-boost|p2a: Dragonite|spe|1
|
|-weather|RainDance|[upkeep]
|-heal|p1a: Iron Treads|34/100|[from] item: Leftovers
|upkeep
|turn|8
|
|t:|1760891086
|move|p2a: Dragonite|Scale Shot|p1a: Iron Treads
|-resisted|p1a: Iron Treads
|-damage|p1a: Iron Treads|24/100
|-resisted|p1a: Iron Treads
|-damage|p1a: Iron Treads|15/100
|-resisted|p1a: Iron Treads
|-damage|p1a: Iron Treads|4/100
|-resisted|p1a: Iron Treads
|-damage|p1a: Iron Treads|0 fnt
|faint|p1a: Iron Treads
|-end|p1a: Iron Treads|Quark Drive|[silent]
|-hitcount|p1: Iron Treads|4
|-unboost|p2a: Dragonite|def|1
|-boost|p2a: Dragonite|spe|1
|
|-weather|none
|upkeep
|
|t:|1760891092
|switch|p1a: Pelipper|Pelipper, M|100/100
|-weather|RainDance|[from] ability: Drizzle|[of] p1a: Pelipper
|turn|9
|
|t:|1760891098
|move|p2a: Dragonite|Scale Shot|p1a: Pelipper
|-damage|p1a: Pelipper|80/100
|-damage|p1a: Pelipper|57/100
|-damage|p1a: Pelipper|37/100
|-damage|p1a: Pelipper|14/100
|-hitcount|p1a: Pelipper|4
|-unboost|p2a: Dragonite|def|1
|-boost|p2a: Dragonite|spe|1
|move|p1a: Pelipper|Hurricane|p2a: Dragonite
|-crit|p2a: Dragonite
|-damage|p2a: Dragonite|70/100
|-start|p2a: Dragonite|confusion
|
|-weather|RainDance|[upkeep]
|upkeep
|turn|10
|
|t:|1760891106
|-activate|p2a: Dragonite|confusion
|move|p2a: Dragonite|Scale Shot|p1a: Pelipper
|-damage|p1a: Pelipper|0 fnt
|faint|p1a: Pelipper
|-hitcount|p1: Pelipper|1
|-unboost|p2a: Dragonite|def|1
|-boost|p2a: Dragonite|spe|1
|
|-weather|RainDance|[upkeep]
|upkeep
|
|t:|1760891124
|switch|p1a: Iron Jugulis|Iron Jugulis|100/100
|turn|11
|
|t:|1760891127
|-activate|p2a: Dragonite|confusion
|move|p2a: Dragonite|Scale Shot|p1a: Iron Jugulis
|-damage|p1a: Iron Jugulis|74/100
|-damage|p1a: Iron Jugulis|47/100
|-damage|p1a: Iron Jugulis|21/100
|-damage|p1a: Iron Jugulis|0 fnt
|faint|p1a: Iron Jugulis
|-end|p1a: Iron Jugulis|Quark Drive|[silent]
|-hitcount|p1: Iron Jugulis|4
|-unboost|p2a: Dragonite|def|1
|-boost|p2a: Dragonite|spe|1
|
|-weather|RainDance|[upkeep]
|upkeep
|
|t:|1760891130
|switch|p1a: Walking Wake|Walking Wake|100/100
|-enditem|p1a: Walking Wake|Booster Energy
|-activate|p1a: Walking Wake|ability: Protosynthesis|[fromitem]
|-start|p1a: Walking Wake|protosynthesisspe
|turn|12
|
|t:|1760891138
|-terastallize|p1a: Walking Wake|Fairy
|-activate|p2a: Dragonite|confusion
|move|p2a: Dragonite|Scale Shot|p1a: Walking Wake
|-immune|p1a: Walking Wake
|move|p1a: Walking Wake|Dragon Pulse|p2a: Dragonite
|-supereffective|p2a: Dragonite
|-damage|p2a: Dragonite|0 fnt
|faint|p2a: Dragonite
|
|-weather|RainDance|[upkeep]
|upkeep
|
|t:|1760891141
|switch|p2a: Iron Crown|Iron Crown|100/100
|turn|13
|
|t:|1760891145
|move|p1a: Walking Wake|Hydro Pump|p2a: Iron Crown
|-damage|p2a: Iron Crown|15/100
|move|p2a: Iron Crown|Tachyon Cutter|p1a: Walking Wake
|-supereffective|p1a: Walking Wake
|-damage|p1a: Walking Wake|45/100
|-supereffective|p1a: Walking Wake
|-damage|p1a: Walking Wake|0 fnt
|faint|p1a: Walking Wake
|-end|p1a: Walking Wake|Protosynthesis|[silent]
|-hitcount|p1: Walking Wake|2
|
|win|A1Randy
|raw|bigtestsofbig's rating: 1521 &rarr; <strong>1505</strong><br />(-16 for losing)
|raw|A1Randy's rating: 1595 &rarr; <strong>1611</strong><br />(+16 for winning)
|l|☆bigtestsofbig
|player|p1|
|l|☆A1Randy
|player|p2|
