|j|☆AndreBenito
|j|☆himal_ad321
|t:|1760852480
|gametype|singles
|player|p1|AndreBenito|camper|1309
|player|p2|himal_ad321|cynthia|1320
|gen|9
|tier|[Gen 9] OU
|rated|
|rule|HP Percentage Mod: HP is shown in percentages
|rule|Endless Battle Clause: Forcing endless battles is banned
|rule|Species Clause: Limit one of each Pokémon
|rule|OHKO Clause: OHKO moves are banned
|rule|Evasion Items Clause: Evasion items are banned
|rule|Evasion Moves Clause: Evasion moves are banned
|rule|Evasion Abilities Clause: Evasion abilities are banned
|rule|Sleep Moves Clause: Sleep-inducing moves are banned
|clearpoke
|poke|p1|Kommo-o, M|
|poke|p1|Gholdengo|
|poke|p1|Ninetales-Alola, F|
|poke|p1|Hatterene, F|
|poke|p1|Zamazenta-*|
|poke|p1|Kingambit, F|
|poke|p2|Arcanine-Hisui, M|
|poke|p2|Darkrai|
|poke|p2|Great Tusk|
|poke|p2|Hatterene, F|
|poke|p2|Ogerpon-Wellspring, F|
|poke|p2|Zapdos|
|teampreview
|inactive|Battle timer is ON: inactive players will automatically lose when time's up. (requested by himal_ad321)
|
|t:|1760852499
|teamsize|p1|6
|teamsize|p2|6
|start
|switch|p1a: Ninetales|Ninetales-Alola, F|100/100
|switch|p2a: Ogerpon|Ogerpon-Wellspring, F|100/100
|-weather|Snowscape|[from] ability: Snow Warning|[of] p1a: Ninetales
|turn|1
|
|t:|1760852503
|move|p2a: Ogerpon|Spikes|p1a: Ninetales
|-sidestart|p1: AndreBenito|Spikes
|move|p1a: Ninetales|Aurora Veil|p1a: Ninetales
|-sidestart|p1: AndreBenito|move: Aurora Veil
|
|-weather|Snowscape|[upkeep]
|upkeep
|turn|2
|
|t:|1760852509
|move|p2a: Ogerpon|Knock Off|p1a: Ninetales
|-resisted|p1a: Ninetales
|-damage|p1a: Ninetales|93/100
|-enditem|p1a: Ninetales|Light Clay|[from] move: Knock Off|[of] p2a: Ogerpon
|move|p1a: Ninetales|Freeze-Dry|p2a: Ogerpon
|-supereffective|p2a: Ogerpon
|-damage|p2a: Ogerpon|5/100
|
|-weather|Snowscape|[upkeep]
|upkeep
|turn|3
|
|t:|1760852518
|switch|p1a: Kommo-o|Kommo-o, M|100/100
|-damage|p1a: Kommo-o|88/100|[from] Spikes
|move|p2a: Ogerpon|U-turn|p1a: Kommo-o
|-resisted|p1a: Kommo-o
|-damage|p1a: Kommo-o|82/100
|
|t:|1760852527
|switch|p2a: Hatterene|Hatterene, F|100/100|[from] U-turn
|
|-weather|Snowscape|[upkeep]
|upkeep
|turn|4
|
|t:|1760852533
|move|p1a: Kommo-o|Clangorous Soul|p1a: Kommo-o
|-boost|p1a: Kommo-o|atk|1
|-boost|p1a: Kommo-o|def|1
|-boost|p1a: Kommo-o|spa|1
|-boost|p1a: Kommo-o|spd|1
|-boost|p1a: Kommo-o|spe|1
|-damage|p1a: Kommo-o|49/100
|-enditem|p1a: Kommo-o|Throat Spray
|-boost|p1a: Kommo-o|spa|1|[from] item: Throat Spray
|move|p2a: Hatterene|Nuzzle|p1a: Kommo-o
|-resisted|p1a: Kommo-o
|-damage|p1a: Kommo-o|49/100
|-status|p1a: Kommo-o|par
|
|-weather|Snowscape|[upkeep]
|upkeep
|turn|5
|
|t:|1760852546
|move|p1a: Kommo-o|Boomburst|p2a: Hatterene
|-damage|p2a: Hatterene|49/100
|move|p2a: Hatterene|Draining Kiss|p1a: Kommo-o
|-supereffective|p1a: Kommo-o
|-damage|p1a: Kommo-o|9/100 par
|-heal|p2a: Hatterene|77/100|[from] drain|[of] p1a: Kommo-o
|
|-weather|none
|upkeep
|turn|6
|
|t:|1760852556
|cant|p1a: Kommo-o|par
|move|p2a: Hatterene|Draining Kiss|p1a: Kommo-o
|-supereffective|p1a: Kommo-o
|-damage|p1a: Kommo-o|0 fnt
|-heal|p2a: Hatterene|82/100|[from] drain|[of] p1a: Kommo-o
|faint|p1a: Kommo-o
|
|upkeep
|
|t:|1760852560
|switch|p1a: Gholdengo|Gholdengo|100/100
|-damage|p1a: Gholdengo|88/100|[from] Spikes
|turn|7
|
|t:|1760852567
|switch|p2a: Zapdos|Zapdos|100/100
|move|p1a: Gholdengo|Nasty Plot|p1a: Gholdengo
|-boost|p1a: Gholdengo|spa|2
|
|upkeep
|turn|8
|
|t:|1760852572
|move|p1a: Gholdengo|Shadow Ball|p2a: Zapdos
|-crit|p2a: Zapdos
|-damage|p2a: Zapdos|0 fnt
|faint|p2a: Zapdos
|
|-sideend|p1: AndreBenito|move: Aurora Veil
|upkeep
|
|t:|1760852584
|switch|p2a: Arcanine|Arcanine-Hisui, M|100/100
|turn|9
|
|t:|1760852589
|switch|p1a: Zamazenta|Zamazenta|100/100
|-damage|p1a: Zamazenta|88/100|[from] Spikes
|-ability|p1a: Zamazenta|Dauntless Shield|boost
|-boost|p1a: Zamazenta|def|1
|move|p2a: Arcanine|Flare Blitz|p1a: Zamazenta
|-damage|p1a: Zamazenta|36/100
|
|upkeep
|turn|10
|
|t:|1760852600
|switch|p2a: Hatterene|Hatterene, F|82/100
|move|p1a: Zamazenta|Close Combat|p2a: Hatterene
|-resisted|p2a: Hatterene
|-damage|p2a: Hatterene|62/100
|-unboost|p1a: Zamazenta|def|1
|-unboost|p1a: Zamazenta|spd|1
|-damage|p1a: Zamazenta|26/100|[from] item: Life Orb
|
|upkeep
|turn|11
|
|t:|1760852607
|move|p1a: Zamazenta|Heavy Slam|p2a: Hatterene
|-supereffective|p2a: Hatterene
|-damage|p2a: Hatterene|0 fnt
|faint|p2a: Hatterene
|-damage|p1a: Zamazenta|16/100|[from] item: Life Orb
|
|upkeep
|
|t:|1760852618
|switch|p2a: Darkrai|Darkrai|100/100
|turn|12
|
|t:|1760852623
|move|p2a: Darkrai|Dark Pulse|p1a: Zamazenta
|-resisted|p1a: Zamazenta
|-damage|p1a: Zamazenta|0 fnt
|faint|p1a: Zamazenta
|
|upkeep
|
|t:|1760852626
|switch|p1a: Ninetales|Ninetales-Alola, F|93/100
|-damage|p1a: Ninetales|81/100|[from] Spikes
|-weather|Snowscape|[from] ability: Snow Warning|[of] p1a: Ninetales
|turn|13
|
|t:|1760852633
|switch|p2a: Arcanine|Arcanine-Hisui, M|100/100
|move|p1a: Ninetales|Aurora Veil|p1a: Ninetales
|-sidestart|p1: AndreBenito|move: Aurora Veil
|
|-weather|Snowscape|[upkeep]
|upkeep
|turn|14
|
|t:|1760852639
|switch|p1a: Hatterene|Hatterene, F|100/100
|-damage|p1a: Hatterene|88/100|[from] Spikes
|move|p2a: Arcanine|Flare Blitz|p1a: Hatterene
|-damage|p1a: Hatterene|50/100
|
|-weather|Snowscape|[upkeep]
|upkeep
|turn|15
|
|t:|1760852647
|move|p2a: Arcanine|Flare Blitz|p1a: Hatterene
|-damage|p1a: Hatterene|14/100
|move|p1a: Hatterene|Calm Mind|p1a: Hatterene
|-boost|p1a: Hatterene|spa|1
|-boost|p1a: Hatterene|spd|1
|
|-weather|Snowscape|[upkeep]
|upkeep
|turn|16
|
|t:|1760852653
|-terastallize|p1a: Hatterene|Water
|move|p2a: Arcanine|Flare Blitz|p1a: Hatterene
|-resisted|p1a: Hatterene
|-damage|p1a: Hatterene|0 fnt
|faint|p1a: Hatterene
|
|-weather|Snowscape|[upkeep]
|upkeep
|
|t:|1760852661
|switch|p1a: Gholdengo|Gholdengo|88/100
|-damage|p1a: Gholdengo|76/100|[from] Spikes
|turn|17
|
|t:|1760852666
|move|p2a: Arcanine|Flare Blitz|p1a: Gholdengo
|-supereffective|p1a: Gholdengo
|-damage|p1a: Gholdengo|0 fnt
|faint|p1a: Gholdengo
|
|-weather|none
|-sideend|p1: AndreBenito|move: Aurora Veil
|upkeep
|-message|AndreBenito forfeited.
|
|win|himal_ad321
|raw|AndreBenito's rating: 1309 &rarr; <strong>1290</strong><br />(-19 for losing)
|raw|himal_ad321's rating: 1320 &rarr; <strong>1339</strong><br />(+19 for winning)
|l|☆AndreBenito
|player|p1|
|l|☆himal_ad321
|player|p2|
