|j|☆KennytheslugSmith
|j|☆yyyyp
|t:|1760857316
|gametype|singles
|player|p1|KennytheslugSmith|scientist-gen4dp|1105
|player|p2|yyyyp|bugsy|1145
|gen|9
|tier|[Gen 9] OU
|rated|
|rule|HP Percentage Mod: HP is shown in percentages
|rule|Endless Battle Clause: Forcing endless battles is banned
|rule|Species Clause: Limit one of each Pokémon
|rule|OHKO Clause: OHKO moves are banned
|rule|Evasion Items Clause: Evasion items are banned
|rule|Evasion Moves Clause: Evasion moves are banned
|rule|Evasion Abilities Clause: Evasion abilities are banned
|rule|Sleep Moves Clause: Sleep-inducing moves are banned
|clearpoke
|poke|p1|Hydrapple, M|
|poke|p1|Skarmory, M|
|poke|p1|Tyranitar, F|
|poke|p1|Alomomola, M|
|poke|p1|Clodsire, F|
|poke|p1|Clefable, M|
|poke|p2|Cinderace, M|
|poke|p2|Deoxys-Speed|
|poke|p2|Dragapult, M|
|poke|p2|Enamorus, F|
|poke|p2|Hoopa|
|poke|p2|Ogerpon-Wellspring, F|
|teampreview
|inactive|Battle timer is ON: inactive players will automatically lose when time's up. (requested by yyyyp)
|
|t:|1760857324
|teamsize|p1|6
|teamsize|p2|6
|start
|switch|p1a: Tyranitar|Tyranitar, F|100/100
|switch|p2a: Enamorus|Enamorus, F|100/100
|-weather|Sandstorm|[from] ability: Sand Stream|[of] p1a: Tyranitar
|turn|1
|
|t:|1760857332
|switch|p1a: Clodsire|Clodsire, F|100/100
|move|p2a: Enamorus|Superpower|p1a: Clodsire
|-resisted|p1a: Clodsire
|-damage|p1a: Clodsire|77/100
|-boost|p2a: Enamorus|atk|1
|-boost|p2a: Enamorus|def|1
|-damage|p2a: Enamorus|91/100|[from] item: Life Orb
|
|-weather|Sandstorm|[upkeep]
|-damage|p2a: Enamorus|85/100|[from] Sandstorm
|upkeep
|turn|2
|
|t:|1760857346
|move|p2a: Enamorus|Superpower|p1a: Clodsire
|-resisted|p1a: Clodsire
|-damage|p1a: Clodsire|52/100
|-boost|p2a: Enamorus|atk|1
|-boost|p2a: Enamorus|def|1
|-damage|p2a: Enamorus|75/100|[from] item: Life Orb
|move|p1a: Clodsire|Recover|p1a: Clodsire
|-heal|p1a: Clodsire|100/100
|
|-weather|Sandstorm|[upkeep]
|-damage|p2a: Enamorus|69/100|[from] Sandstorm
|upkeep
|turn|3
|
|t:|1760857358
|move|p2a: Enamorus|Extrasensory|p1a: Clodsire
|-supereffective|p1a: Clodsire
|-damage|p1a: Clodsire|67/100
|-damage|p2a: Enamorus|59/100|[from] item: Life Orb
|move|p1a: Clodsire|Toxic|p2a: Enamorus
|-status|p2a: Enamorus|tox
|
|-weather|Sandstorm|[upkeep]
|-damage|p2a: Enamorus|53/100 tox|[from] Sandstorm
|-damage|p2a: Enamorus|47/100 tox|[from] psn
|upkeep
|turn|4
|
|t:|1760857370
|move|p2a: Enamorus|Outrage|p1a: Clodsire
|-damage|p1a: Clodsire|23/100
|-damage|p2a: Enamorus|37/100 tox|[from] item: Life Orb
|move|p1a: Clodsire|Recover|p1a: Clodsire
|-heal|p1a: Clodsire|73/100
|
|-weather|Sandstorm|[upkeep]
|-damage|p2a: Enamorus|31/100 tox|[from] Sandstorm
|-damage|p2a: Enamorus|18/100 tox|[from] psn
|upkeep
|turn|5
|
|t:|1760857381
|move|p2a: Enamorus|Outrage|p1a: Clodsire|[from] lockedmove
|-damage|p1a: Clodsire|25/100
|-damage|p2a: Enamorus|8/100 tox|[from] item: Life Orb
|-start|p2a: Enamorus|confusion|[fatigue]
|move|p1a: Clodsire|Recover|p1a: Clodsire
|-heal|p1a: Clodsire|75/100
|
|-weather|none
|-damage|p2a: Enamorus|0 fnt|[from] psn
|faint|p2a: Enamorus
|upkeep
|
|t:|1760857386
|switch|p2a: Ogerpon|Ogerpon-Wellspring, F|100/100
|turn|6
|
|t:|1760857395
|switch|p1a: Hydrapple|Hydrapple, M|100/100
|move|p2a: Ogerpon|Knock Off|p1a: Hydrapple
|-damage|p1a: Hydrapple|81/100
|-enditem|p1a: Hydrapple|Heavy-Duty Boots|[from] move: Knock Off|[of] p2a: Ogerpon
|
|upkeep
|turn|7
|
|t:|1760857402
|move|p2a: Ogerpon|Play Rough|p1a: Hydrapple
|-supereffective|p1a: Hydrapple
|-damage|p1a: Hydrapple|45/100
|move|p1a: Hydrapple|Fickle Beam|p2a: Ogerpon
|-damage|p2a: Ogerpon|66/100
|
|upkeep
|turn|8
|
|t:|1760857414
|switch|p1a: Skarmory|Skarmory, M|100/100
|move|p2a: Ogerpon|Play Rough|p1a: Skarmory
|-resisted|p1a: Skarmory
|-damage|p1a: Skarmory|91/100
|
|upkeep
|turn|9
|
|t:|1760857421
|switch|p1a: Hydrapple|Hydrapple, M|79/100
|move|p2a: Ogerpon|Knock Off|p1a: Hydrapple
|-damage|p1a: Hydrapple|65/100
|
|upkeep
|turn|10
|
|t:|1760857433
|switch|p1a: Clefable|Clefable, M|100/100
|move|p2a: Ogerpon|Play Rough|p1a: Clefable
|-damage|p1a: Clefable|80/100
|
|upkeep
|turn|11
|
|t:|1760857440
|move|p2a: Ogerpon|Play Rough|p1a: Clefable
|-damage|p1a: Clefable|56/100
|move|p1a: Clefable|Wish|p1a: Clefable
|
|upkeep
|turn|12
|
|t:|1760857445
|move|p1a: Clefable|Protect|p1a: Clefable
|-singleturn|p1a: Clefable|Protect
|move|p2a: Ogerpon|Knock Off|p1a: Clefable
|-activate|p1a: Clefable|move: Protect
|
|-heal|p1a: Clefable|100/100|[from] move: Wish|[wisher] Clefable
|upkeep
|turn|13
|
|t:|1760857457
|move|p2a: Ogerpon|Ivy Cudgel|p1a: Clefable|[anim] Ivy Cudgel Water
|-damage|p1a: Clefable|62/100
|move|p1a: Clefable|Wish|p1a: Clefable
|
|upkeep
|turn|14
|
|t:|1760857462
|move|p2a: Ogerpon|Ivy Cudgel|p1a: Clefable|[anim] Ivy Cudgel Water
|-damage|p1a: Clefable|24/100
|move|p1a: Clefable|Moonblast|p2a: Ogerpon
|-damage|p2a: Ogerpon|31/100
|
|-heal|p1a: Clefable|74/100|[from] move: Wish|[wisher] Clefable
|upkeep
|turn|15
|
|t:|1760857472
|move|p2a: Ogerpon|Ivy Cudgel|p1a: Clefable|[anim] Ivy Cudgel Water
|-damage|p1a: Clefable|37/100
|move|p1a: Clefable|Wish|p1a: Clefable
|
|upkeep
|turn|16
|
|t:|1760857478
|move|p1a: Clefable|Protect|p1a: Clefable
|-singleturn|p1a: Clefable|Protect
|move|p2a: Ogerpon|Ivy Cudgel|p1a: Clefable|[anim] Ivy Cudgel Water
|-activate|p1a: Clefable|move: Protect
|
|-heal|p1a: Clefable|87/100|[from] move: Wish|[wisher] Clefable
|upkeep
|turn|17
|
|t:|1760857486
|move|p2a: Ogerpon|Ivy Cudgel|p1a: Clefable|[anim] Ivy Cudgel Water
|-damage|p1a: Clefable|49/100
|move|p1a: Clefable|Wish|p1a: Clefable
|
|upkeep
|turn|18
|
|t:|1760857492
|move|p2a: Ogerpon|Ivy Cudgel|p1a: Clefable|[anim] Ivy Cudgel Water
|-damage|p1a: Clefable|14/100
|move|p1a: Clefable|Moonblast|p2a: Ogerpon
|-damage|p2a: Ogerpon|0 fnt
|faint|p2a: Ogerpon
|
|-heal|p1a: Clefable|64/100|[from] move: Wish|[wisher] Clefable
|upkeep
|
|t:|1760857498
|switch|p2a: Hoopa|Hoopa|100/100
|turn|19
|
|t:|1760857504
|move|p1a: Clefable|Protect|p1a: Clefable
|-singleturn|p1a: Clefable|Protect
|move|p2a: Hoopa|Knock Off|p1a: Clefable
|-activate|p1a: Clefable|move: Protect
|
|upkeep
|turn|20
|
|t:|1760857512
|move|p2a: Hoopa|Knock Off|p1a: Clefable
|-resisted|p1a: Clefable
|-damage|p1a: Clefable|53/100
|-enditem|p1a: Clefable|Sticky Barb|[from] move: Knock Off|[of] p2a: Hoopa
|-damage|p2a: Hoopa|91/100|[from] item: Life Orb
|move|p1a: Clefable|Knock Off|p2a: Hoopa
|-supereffective|p2a: Hoopa
|-damage|p2a: Hoopa|0 fnt
|-enditem|p2a: Hoopa|Life Orb|[from] move: Knock Off|[of] p1a: Clefable
|faint|p2a: Hoopa
|
|upkeep
|
|t:|1760857522
|switch|p2a: Deoxys|Deoxys-Speed, shiny|100/100
|-ability|p2a: Deoxys|Pressure
|turn|21
|
|t:|1760857528
|switch|p1a: Tyranitar|Tyranitar, F|100/100
|-weather|Sandstorm|[from] ability: Sand Stream|[of] p1a: Tyranitar
|-terastallize|p2a: Deoxys|Psychic
|move|p2a: Deoxys|Expanding Force|p1a: Tyranitar
|-immune|p1a: Tyranitar
|
|-weather|Sandstorm|[upkeep]
|-damage|p2a: Deoxys|94/100|[from] Sandstorm
|upkeep
|turn|22
|
|t:|1760857540
|switch|p2a: Dragapult|Dragapult, M|100/100
|switch|p1a: Alomomola|Alomomola, M, shiny|100/100
|
|-weather|Sandstorm|[upkeep]
|-damage|p2a: Dragapult|95/100|[from] Sandstorm
|-damage|p1a: Alomomola|94/100|[from] Sandstorm
|upkeep
|turn|23
|
|t:|1760857550
|move|p1a: Alomomola|Protect|p1a: Alomomola
|-singleturn|p1a: Alomomola|Protect
|move|p2a: Dragapult|Dragon Darts|p1a: Alomomola
|-activate|p1a: Alomomola|move: Protect
|
|-weather|Sandstorm|[upkeep]
|-damage|p2a: Dragapult|89/100|[from] Sandstorm
|-damage|p1a: Alomomola|88/100|[from] Sandstorm
|upkeep
|turn|24
|
|t:|1760857559
|move|p2a: Dragapult|Dragon Darts|p1a: Alomomola
|-damage|p1a: Alomomola|65/100
|-anim|p2a: Dragapult|Dragon Darts|p1a: Alomomola
|-damage|p1a: Alomomola|42/100
|move|p1a: Alomomola|Wish|p1a: Alomomola
|
|-weather|Sandstorm|[upkeep]
|-damage|p2a: Dragapult|83/100|[from] Sandstorm
|-damage|p1a: Alomomola|36/100|[from] Sandstorm
|upkeep
|turn|25
|
|t:|1760857569
|switch|p1a: Clefable|Clefable, M|53/100
|move|p2a: Dragapult|Dragon Darts|p1a: Clefable
|-immune|p1a: Clefable
|
|-weather|none
|-heal|p1a: Clefable|100/100|[from] move: Wish|[wisher] Alomomola
|upkeep
|turn|26
|
|t:|1760857577
|switch|p2a: Cinderace|Cinderace, M|100/100
|move|p1a: Clefable|Moonblast|p2a: Cinderace
|-resisted|p2a: Cinderace
|-damage|p2a: Cinderace|85/100
|
|upkeep
|turn|27
|
|t:|1760857585
|switch|p1a: Alomomola|Alomomola, M, shiny|70/100
|move|p2a: Cinderace|High Jump Kick|p1a: Alomomola
|-start|p2a: Cinderace|typechange|Fighting|[from] ability: Libero
|-damage|p1a: Alomomola|33/100
|
|upkeep
|turn|28
|
|t:|1760857593
|switch|p1a: Clefable|Clefable, M|100/100
|move|p2a: Cinderace|High Jump Kick|p1a: Clefable
|-resisted|p1a: Clefable
|-damage|p1a: Clefable|75/100
|
|upkeep
|turn|29
|
|t:|1760857600
|move|p2a: Cinderace|Flare Blitz|p1a: Clefable
|-damage|p1a: Clefable|46/100
|-damage|p2a: Cinderace|72/100|[from] Recoil
|move|p1a: Clefable|Wish|p1a: Clefable
|
|upkeep
|turn|30
|
|t:|1760857607
|move|p1a: Clefable|Protect|p1a: Clefable
|-singleturn|p1a: Clefable|Protect
|move|p2a: Cinderace|High Jump Kick|p1a: Clefable
|-activate|p1a: Clefable|move: Protect
|-damage|p2a: Cinderace|22/100|[from] highjumpkick
|
|-heal|p1a: Clefable|96/100|[from] move: Wish|[wisher] Clefable
|upkeep
|turn|31
|
|t:|1760857618
|move|p2a: Cinderace|High Jump Kick|p1a: Clefable
|-resisted|p1a: Clefable
|-damage|p1a: Clefable|72/100
|move|p1a: Clefable|Wish|p1a: Clefable
|
|upkeep
|turn|32
|
|t:|1760857624
|move|p2a: Cinderace|Flare Blitz|p1a: Clefable
|-damage|p1a: Clefable|43/100
|-damage|p2a: Cinderace|9/100|[from] Recoil
|move|p1a: Clefable|Moonblast|p2a: Cinderace
|-supereffective|p2a: Cinderace
|-damage|p2a: Cinderace|0 fnt
|faint|p2a: Cinderace
|
|-heal|p1a: Clefable|93/100|[from] move: Wish|[wisher] Clefable
|upkeep
|
|t:|1760857629
|switch|p2a: Deoxys|Deoxys-Speed, shiny, tera:Psychic|94/100
|-ability|p2a: Deoxys|Pressure
|turn|33
|
|t:|1760857641
|move|p1a: Clefable|Protect|p1a: Clefable
|-singleturn|p1a: Clefable|Protect
|move|p2a: Deoxys|Energy Ball|p1a: Clefable
|-activate|p1a: Clefable|move: Protect
|
|upkeep
|turn|34
|
|t:|1760857648
|switch|p1a: Hydrapple|Hydrapple, M|98/100
|move|p2a: Deoxys|Energy Ball|p1a: Hydrapple
|-resisted|p1a: Hydrapple
|-damage|p1a: Hydrapple|89/100
|
|upkeep
|turn|35
|-message|yyyyp forfeited.
|
|win|KennytheslugSmith
|raw|KennytheslugSmith's rating: 1105 &rarr; <strong>1133</strong><br />(+28 for winning)
|raw|yyyyp's rating: 1145 &rarr; <strong>1117</strong><br />(-28 for losing)
|l|☆yyyyp
|player|p2|
|l|☆KennytheslugSmith
|player|p1|
