|j|☆redcolorcap
|j|☆KennytheslugSmith
|t:|1760864030
|gametype|singles
|player|p1|redcolorcap|gentleman|1364
|player|p2|KennytheslugSmith|scientist-gen4dp|1314
|gen|9
|tier|[Gen 9] OU
|rated|
|rule|HP Percentage Mod: HP is shown in percentages
|rule|Endless Battle Clause: Forcing endless battles is banned
|rule|Species Clause: Limit one of each Pokémon
|rule|OHKO Clause: OHKO moves are banned
|rule|Evasion Items Clause: Evasion items are banned
|rule|Evasion Moves Clause: Evasion moves are banned
|rule|Evasion Abilities Clause: Evasion abilities are banned
|rule|Sleep Moves Clause: Sleep-inducing moves are banned
|clearpoke
|poke|p1|Dondozo, M|
|poke|p1|Gholdengo|
|poke|p1|Cinderace, M|
|poke|p1|Umbreon, F|
|poke|p1|Enamorus, F|
|poke|p1|Great Tusk|
|poke|p2|Hydrapple, M|
|poke|p2|Skarmory, M|
|poke|p2|Tyranitar, M|
|poke|p2|Alomomola, M|
|poke|p2|Clodsire, M|
|poke|p2|Clefable, F|
|teampreview
|inactive|Battle timer is ON: inactive players will automatically lose when time's up. (requested by redcolorcap)
|
|t:|1760864049
|teamsize|p1|6
|teamsize|p2|6
|start
|switch|p1a: Cinderace|Cinderace, M, shiny|100/100
|switch|p2a: Tyranitar|Tyranitar, M|100/100
|-weather|Sandstorm|[from] ability: Sand Stream|[of] p2a: Tyranitar
|turn|1
|
|t:|1760864058
|switch|p2a: Alomomola|Alomomola, M, shiny|100/100
|move|p1a: Cinderace|High Jump Kick|p2a: Alomomola|[miss]
|-start|p1a: Cinderace|typechange|Fighting|[from] ability: Libero
|-miss|p1a: Cinderace|p2a: Alomomola
|-damage|p1a: Cinderace|51/100|[from] highjumpkick
|
|-weather|Sandstorm|[upkeep]
|-damage|p1a: Cinderace|45/100|[from] Sandstorm
|-damage|p2a: Alomomola|94/100|[from] Sandstorm
|upkeep
|turn|2
|
|t:|1760864069
|move|p1a: Cinderace|U-turn|p2a: Alomomola
|-damage|p2a: Alomomola|80/100
|
|t:|1760864079
|switch|p1a: Dondozo|Dondozo, M|100/100|[from] U-turn
|move|p2a: Alomomola|Flip Turn|p1a: Dondozo
|-resisted|p1a: Dondozo
|-damage|p1a: Dondozo|97/100
|
|t:|1760864086
|switch|p2a: Hydrapple|Hydrapple, M|100/100|[from] Flip Turn
|
|-weather|Sandstorm|[upkeep]
|-damage|p2a: Hydrapple|94/100|[from] Sandstorm
|-damage|p1a: Dondozo|91/100|[from] Sandstorm
|-heal|p1a: Dondozo|97/100|[from] item: Leftovers
|upkeep
|turn|3
|
|t:|1760864096
|switch|p1a: Umbreon|Umbreon, F|100/100
|move|p2a: Hydrapple|Nasty Plot|p2a: Hydrapple
|-boost|p2a: Hydrapple|spa|2
|
|-weather|Sandstorm|[upkeep]
|-damage|p1a: Umbreon|94/100|[from] Sandstorm
|-damage|p2a: Hydrapple|88/100|[from] Sandstorm
|-heal|p1a: Umbreon|100/100|[from] item: Leftovers
|upkeep
|turn|4
|
|t:|1760864106
|switch|p2a: Clefable|Clefable, F|100/100
|move|p1a: Umbreon|Toxic|p2a: Clefable
|-status|p2a: Clefable|tox
|
|-weather|Sandstorm|[upkeep]
|-damage|p1a: Umbreon|94/100|[from] Sandstorm
|-heal|p1a: Umbreon|100/100|[from] item: Leftovers
|upkeep
|turn|5
|
|t:|1760864115
|move|p1a: Umbreon|Wish|p1a: Umbreon
|move|p2a: Clefable|Knock Off|p1a: Umbreon
|-resisted|p1a: Umbreon
|-damage|p1a: Umbreon|94/100
|-enditem|p1a: Umbreon|Leftovers|[from] move: Knock Off|[of] p2a: Clefable
|
|-weather|none
|upkeep
|turn|6
|
|t:|1760864123
|switch|p1a: Cinderace|Cinderace, M, shiny|45/100
|move|p2a: Clefable|Moonblast|p1a: Cinderace
|-resisted|p1a: Cinderace
|-damage|p1a: Cinderace|22/100
|
|-heal|p1a: Cinderace|88/100|[from] move: Wish|[wisher] Umbreon
|upkeep
|turn|7
|
|t:|1760864132
|move|p1a: Cinderace|U-turn|p2a: Clefable
|-start|p1a: Cinderace|typechange|Bug|[from] ability: Libero
|-resisted|p2a: Clefable
|-damage|p2a: Clefable|87/100 tox
|
|t:|1760864135
|switch|p1a: Umbreon|Umbreon, F|94/100|[from] U-turn
|move|p2a: Clefable|Knock Off|p1a: Umbreon
|-resisted|p1a: Umbreon
|-damage|p1a: Umbreon|91/100
|
|upkeep
|turn|8
|
|t:|1760864142
|move|p1a: Umbreon|Wish|p1a: Umbreon
|move|p2a: Clefable|Moonblast|p1a: Umbreon
|-supereffective|p1a: Umbreon
|-damage|p1a: Umbreon|59/100
|
|upkeep
|turn|9
|
|t:|1760864148
|move|p1a: Umbreon|Foul Play|p2a: Clefable
|-resisted|p2a: Clefable
|-damage|p2a: Clefable|78/100 tox
|move|p2a: Clefable|Knock Off|p1a: Umbreon
|-resisted|p1a: Umbreon
|-damage|p1a: Umbreon|52/100
|
|-heal|p1a: Umbreon|100/100|[from] move: Wish|[wisher] Umbreon
|upkeep
|turn|10
|
|t:|1760864158
|move|p1a: Umbreon|Wish|p1a: Umbreon
|move|p2a: Clefable|Moonblast|p1a: Umbreon
|-supereffective|p1a: Umbreon
|-damage|p1a: Umbreon|67/100
|
|upkeep
|turn|11
|
|t:|1760864176
|move|p1a: Umbreon|Foul Play|p2a: Clefable
|-resisted|p2a: Clefable
|-damage|p2a: Clefable|69/100 tox
|move|p2a: Clefable|Knock Off|p1a: Umbreon
|-resisted|p1a: Umbreon
|-damage|p1a: Umbreon|61/100
|
|-heal|p1a: Umbreon|100/100|[from] move: Wish|[wisher] Umbreon
|upkeep
|turn|12
|inactive|redcolorcap has 120 seconds left.
|
|t:|1760864206
|move|p1a: Umbreon|Wish|p1a: Umbreon
|move|p2a: Clefable|Wish|p2a: Clefable
|
|upkeep
|turn|13
|
|t:|1760864211
|move|p1a: Umbreon|Foul Play|p2a: Clefable
|-resisted|p2a: Clefable
|-damage|p2a: Clefable|61/100 tox
|move|p2a: Clefable|Moonblast|p1a: Umbreon
|-supereffective|p1a: Umbreon
|-damage|p1a: Umbreon|68/100
|-unboost|p1a: Umbreon|spa|1
|
|-heal|p1a: Umbreon|100/100|[from] move: Wish|[wisher] Umbreon
|-heal|p2a: Clefable|100/100 tox|[from] move: Wish|[wisher] Clefable
|-damage|p1a: Umbreon|88/100|[from] item: Sticky Barb
|upkeep
|turn|14
|
|t:|1760864224
|move|p1a: Umbreon|Wish|p1a: Umbreon
|move|p2a: Clefable|Moonblast|p1a: Umbreon
|-supereffective|p1a: Umbreon
|-damage|p1a: Umbreon|55/100
|
|-damage|p1a: Umbreon|42/100|[from] item: Sticky Barb
|upkeep
|turn|15
|
|t:|1760864233
|move|p1a: Umbreon|Protect|p1a: Umbreon
|-singleturn|p1a: Umbreon|Protect
|move|p2a: Clefable|Moonblast|p1a: Umbreon
|-activate|p1a: Umbreon|move: Protect
|
|-heal|p1a: Umbreon|92/100|[from] move: Wish|[wisher] Umbreon
|-damage|p1a: Umbreon|80/100|[from] item: Sticky Barb
|upkeep
|turn|16
|
|t:|1760864243
|move|p1a: Umbreon|Wish|p1a: Umbreon
|move|p2a: Clefable|Moonblast|p1a: Umbreon
|-supereffective|p1a: Umbreon
|-damage|p1a: Umbreon|46/100
|-unboost|p1a: Umbreon|spa|1
|
|-damage|p1a: Umbreon|33/100|[from] item: Sticky Barb
|upkeep
|turn|17
|
|t:|1760864270
|move|p1a: Umbreon|Protect|p1a: Umbreon
|-singleturn|p1a: Umbreon|Protect
|move|p2a: Clefable|Knock Off|p1a: Umbreon
|-activate|p1a: Umbreon|move: Protect
|
|-heal|p1a: Umbreon|83/100|[from] move: Wish|[wisher] Umbreon
|-damage|p1a: Umbreon|71/100|[from] item: Sticky Barb
|upkeep
|turn|18
|inactive|redcolorcap has 120 seconds left.
|
|t:|1760864286
|switch|p1a: Gholdengo|Gholdengo|100/100
|switch|p2a: Tyranitar|Tyranitar, M|100/100
|-weather|Sandstorm|[from] ability: Sand Stream|[of] p2a: Tyranitar
|
|-weather|Sandstorm|[upkeep]
|upkeep
|turn|19
|inactive|redcolorcap has 120 seconds left.
|
|t:|1760864314
|switch|p1a: Dondozo|Dondozo, M|97/100
|move|p2a: Tyranitar|Knock Off|p1a: Dondozo
|-damage|p1a: Dondozo|78/100
|-enditem|p1a: Dondozo|Leftovers|[from] move: Knock Off|[of] p2a: Tyranitar
|
|-weather|Sandstorm|[upkeep]
|-damage|p1a: Dondozo|72/100|[from] Sandstorm
|upkeep
|turn|20
|
|t:|1760864323
|move|p2a: Tyranitar|Stealth Rock|p1a: Dondozo
|-sidestart|p1: redcolorcap|move: Stealth Rock
|move|p1a: Dondozo|Body Press|p2a: Tyranitar
|-supereffective|p2a: Tyranitar
|-damage|p2a: Tyranitar|12/100
|
|-weather|Sandstorm|[upkeep]
|-damage|p1a: Dondozo|66/100|[from] Sandstorm
|upkeep
|turn|21
|
|t:|1760864335
|switch|p2a: Hydrapple|Hydrapple, M|100/100
|move|p1a: Dondozo|Earthquake|p2a: Hydrapple
|-resisted|p2a: Hydrapple
|-crit|p2a: Hydrapple
|-damage|p2a: Hydrapple|90/100
|
|-weather|Sandstorm|[upkeep]
|-damage|p2a: Hydrapple|84/100|[from] Sandstorm
|-damage|p1a: Dondozo|59/100|[from] Sandstorm
|upkeep
|turn|22
|
|t:|1760864344
|switch|p1a: Umbreon|Umbreon, F|71/100
|-damage|p1a: Umbreon|58/100|[from] Stealth Rock
|move|p2a: Hydrapple|Nasty Plot|p2a: Hydrapple
|-boost|p2a: Hydrapple|spa|2
|
|-weather|none
|-damage|p1a: Umbreon|46/100|[from] item: Sticky Barb
|upkeep
|turn|23
|inactive|redcolorcap has 120 seconds left.
|
|t:|1760864355
|move|p1a: Umbreon|Wish|p1a: Umbreon
|move|p2a: Hydrapple|Fickle Beam|p1a: Umbreon|[anim] Fickle Beam All Out
|-activate|p2a: Hydrapple|move: Fickle Beam
|-damage|p1a: Umbreon|0 fnt
|faint|p1a: Umbreon
|
|upkeep
|inactive|redcolorcap has 120 seconds left.
|
|t:|1760864368
|switch|p1a: Enamorus|Enamorus, F|100/100
|turn|24
|
|t:|1760864372
|switch|p2a: Clodsire|Clodsire, M|100/100
|move|p1a: Enamorus|Moonblast|p2a: Clodsire
|-resisted|p2a: Clodsire
|-damage|p2a: Clodsire|85/100
|
|upkeep
|turn|25
|
|t:|1760864383
|move|p1a: Enamorus|Earth Power|p2a: Clodsire
|-supereffective|p2a: Clodsire
|-damage|p2a: Clodsire|51/100
|move|p2a: Clodsire|Toxic|p1a: Enamorus
|-status|p1a: Enamorus|tox
|
|-damage|p1a: Enamorus|94/100 tox|[from] psn
|upkeep
|turn|26
|
|t:|1760864392
|switch|p1a: Gholdengo|Gholdengo|100/100
|-damage|p1a: Gholdengo|94/100|[from] Stealth Rock
|move|p2a: Clodsire|Recover|p2a: Clodsire
|-heal|p2a: Clodsire|100/100
|
|-heal|p1a: Gholdengo|100/100|[from] item: Leftovers
|upkeep
|turn|27
|
|t:|1760864406
|-terastallize|p1a: Gholdengo|Fairy
|move|p1a: Gholdengo|Nasty Plot|p1a: Gholdengo
|-boost|p1a: Gholdengo|spa|2
|move|p2a: Clodsire|Earthquake|p1a: Gholdengo
|-damage|p1a: Gholdengo|82/100
|
|-heal|p1a: Gholdengo|88/100|[from] item: Leftovers
|upkeep
|turn|28
|
|t:|1760864416
|move|p1a: Gholdengo|Nasty Plot|p1a: Gholdengo
|-boost|p1a: Gholdengo|spa|2
|move|p2a: Clodsire|Amnesia|p2a: Clodsire
|-boost|p2a: Clodsire|spd|2
|
|-heal|p1a: Gholdengo|94/100|[from] item: Leftovers
|upkeep
|turn|29
|
|t:|1760864424
|move|p1a: Gholdengo|Nasty Plot|p1a: Gholdengo
|-boost|p1a: Gholdengo|spa|2
|move|p2a: Clodsire|Toxic|p1a: Gholdengo
|-immune|p1a: Gholdengo|[from] ability: Good as Gold
|
|-heal|p1a: Gholdengo|99/100|[from] item: Leftovers
|upkeep
|turn|30
|
|t:|1760864434
|move|p1a: Gholdengo|Nasty Plot|p1a: Gholdengo
|-boost|p1a: Gholdengo|spa|0
|move|p2a: Clodsire|Amnesia|p2a: Clodsire
|-boost|p2a: Clodsire|spd|2
|
|-heal|p1a: Gholdengo|100/100|[from] item: Leftovers
|upkeep
|turn|31
|
|t:|1760864443
|move|p1a: Gholdengo|Nasty Plot|p1a: Gholdengo
|-boost|p1a: Gholdengo|spa|0
|move|p2a: Clodsire|Toxic|p1a: Gholdengo
|-immune|p1a: Gholdengo|[from] ability: Good as Gold
|
|upkeep
|turn|32
|
|t:|1760864450
|move|p1a: Gholdengo|Thunder Wave|p2a: Clodsire
|-immune|p2a: Clodsire
|move|p2a: Clodsire|Amnesia|p2a: Clodsire
|-boost|p2a: Clodsire|spd|2
|
|upkeep
|turn|33
|
|t:|1760864457
|move|p1a: Gholdengo|Thunder Wave|p2a: Clodsire
|-immune|p2a: Clodsire
|move|p2a: Clodsire|Earthquake|p1a: Gholdengo
|-damage|p1a: Gholdengo|82/100
|
|-heal|p1a: Gholdengo|88/100|[from] item: Leftovers
|upkeep
|turn|34
|
|t:|1760864465
|move|p1a: Gholdengo|Thunder Wave|p2a: Clodsire
|-immune|p2a: Clodsire
|move|p2a: Clodsire|Earthquake|p1a: Gholdengo
|-crit|p1a: Gholdengo
|-damage|p1a: Gholdengo|63/100
|
|-heal|p1a: Gholdengo|69/100|[from] item: Leftovers
|upkeep
|turn|35
|
|t:|1760864474
|move|p1a: Gholdengo|Thunder Wave|p2a: Clodsire
|-immune|p2a: Clodsire
|move|p2a: Clodsire|Earthquake|p1a: Gholdengo
|-damage|p1a: Gholdengo|49/100
|
|-heal|p1a: Gholdengo|55/100|[from] item: Leftovers
|upkeep
|turn|36
|
|t:|1760864483
|switch|p2a: Tyranitar|Tyranitar, M|12/100
|-weather|Sandstorm|[from] ability: Sand Stream|[of] p2a: Tyranitar
|move|p1a: Gholdengo|Thunder Wave|p2a: Tyranitar
|-status|p2a: Tyranitar|par
|
|-weather|Sandstorm|[upkeep]
|-damage|p1a: Gholdengo|49/100|[from] Sandstorm
|-heal|p1a: Gholdengo|55/100|[from] item: Leftovers
|upkeep
|turn|37
|
|t:|1760864494
|switch|p2a: Clodsire|Clodsire, M|100/100
|move|p1a: Gholdengo|Hex|p2a: Clodsire
|-damage|p2a: Clodsire|83/100
|
|-weather|Sandstorm|[upkeep]
|-damage|p1a: Gholdengo|49/100|[from] Sandstorm
|-heal|p1a: Gholdengo|55/100|[from] item: Leftovers
|upkeep
|turn|38
|
|t:|1760864504
|move|p1a: Gholdengo|Thunder Wave|p2a: Clodsire
|-immune|p2a: Clodsire
|move|p2a: Clodsire|Amnesia|p2a: Clodsire
|-boost|p2a: Clodsire|spd|2
|
|-weather|Sandstorm|[upkeep]
|-damage|p1a: Gholdengo|49/100|[from] Sandstorm
|-heal|p1a: Gholdengo|55/100|[from] item: Leftovers
|upkeep
|turn|39
|c|☆KennytheslugSmith|Thats an awful set man
|
|t:|1760864517
|move|p1a: Gholdengo|Thunder Wave|p2a: Clodsire
|-immune|p2a: Clodsire
|move|p2a: Clodsire|Amnesia|p2a: Clodsire
|-boost|p2a: Clodsire|spd|2
|
|-weather|Sandstorm|[upkeep]
|-damage|p1a: Gholdengo|49/100|[from] Sandstorm
|-heal|p1a: Gholdengo|55/100|[from] item: Leftovers
|upkeep
|turn|40
|
|t:|1760864533
|move|p1a: Gholdengo|Thunder Wave|p2a: Clodsire
|-immune|p2a: Clodsire
|move|p2a: Clodsire|Earthquake|p1a: Gholdengo
|-damage|p1a: Gholdengo|36/100
|
|-weather|none
|-heal|p1a: Gholdengo|42/100|[from] item: Leftovers
|upkeep
|turn|41
|
|t:|1760864546
|switch|p2a: Tyranitar|Tyranitar, M|12/100 par
|-weather|Sandstorm|[from] ability: Sand Stream|[of] p2a: Tyranitar
|move|p1a: Gholdengo|Nasty Plot|p1a: Gholdengo
|-boost|p1a: Gholdengo|spa|0
|
|-weather|Sandstorm|[upkeep]
|-damage|p1a: Gholdengo|36/100|[from] Sandstorm
|-heal|p1a: Gholdengo|42/100|[from] item: Leftovers
|upkeep
|turn|42
|
|t:|1760864557
|switch|p2a: Clodsire|Clodsire, M|83/100
|move|p1a: Gholdengo|Hex|p2a: Clodsire
|-damage|p2a: Clodsire|66/100
|
|-weather|Sandstorm|[upkeep]
|-damage|p1a: Gholdengo|36/100|[from] Sandstorm
|-heal|p1a: Gholdengo|42/100|[from] item: Leftovers
|upkeep
|turn|43
|
|t:|1760864567
|move|p1a: Gholdengo|Recover|p1a: Gholdengo
|-heal|p1a: Gholdengo|92/100
|move|p2a: Clodsire|Amnesia|p2a: Clodsire
|-boost|p2a: Clodsire|spd|2
|
|-weather|Sandstorm|[upkeep]
|-damage|p1a: Gholdengo|86/100|[from] Sandstorm
|-heal|p1a: Gholdengo|92/100|[from] item: Leftovers
|upkeep
|turn|44
|
|t:|1760864580
|move|p1a: Gholdengo|Nasty Plot|p1a: Gholdengo
|-boost|p1a: Gholdengo|spa|0
|move|p2a: Clodsire|Earthquake|p1a: Gholdengo
|-damage|p1a: Gholdengo|72/100
|
|-weather|Sandstorm|[upkeep]
|-damage|p1a: Gholdengo|66/100|[from] Sandstorm
|-heal|p1a: Gholdengo|72/100|[from] item: Leftovers
|upkeep
|turn|45
|
|t:|1760864591
|move|p1a: Gholdengo|Nasty Plot|p1a: Gholdengo
|-boost|p1a: Gholdengo|spa|0
|move|p2a: Clodsire|Earthquake|p1a: Gholdengo
|-damage|p1a: Gholdengo|54/100
|
|-weather|none
|-heal|p1a: Gholdengo|60/100|[from] item: Leftovers
|upkeep
|turn|46
|
|t:|1760864601
|move|p1a: Gholdengo|Hex|p2a: Clodsire
|-damage|p2a: Clodsire|57/100
|move|p2a: Clodsire|Amnesia|p2a: Clodsire
|-boost|p2a: Clodsire|spd|2
|
|-heal|p1a: Gholdengo|66/100|[from] item: Leftovers
|upkeep
|turn|47
|
|t:|1760864609
|move|p1a: Gholdengo|Thunder Wave|p2a: Clodsire
|-immune|p2a: Clodsire
|move|p2a: Clodsire|Earthquake|p1a: Gholdengo
|-damage|p1a: Gholdengo|47/100
|
|-heal|p1a: Gholdengo|53/100|[from] item: Leftovers
|upkeep
|turn|48
|
|t:|1760864618
|move|p1a: Gholdengo|Hex|p2a: Clodsire
|-damage|p2a: Clodsire|51/100
|move|p2a: Clodsire|Recover|p2a: Clodsire
|-heal|p2a: Clodsire|100/100
|
|-heal|p1a: Gholdengo|59/100|[from] item: Leftovers
|upkeep
|turn|49
|
|t:|1760864626
|switch|p2a: Tyranitar|Tyranitar, M|12/100 par
|-weather|Sandstorm|[from] ability: Sand Stream|[of] p2a: Tyranitar
|move|p1a: Gholdengo|Nasty Plot|p1a: Gholdengo
|-boost|p1a: Gholdengo|spa|0
|
|-weather|Sandstorm|[upkeep]
|-damage|p1a: Gholdengo|53/100|[from] Sandstorm
|-heal|p1a: Gholdengo|59/100|[from] item: Leftovers
|upkeep
|turn|50
|
|t:|1760864637
|switch|p2a: Clodsire|Clodsire, M|100/100
|move|p1a: Gholdengo|Hex|p2a: Clodsire
|-damage|p2a: Clodsire|85/100
|
|-weather|Sandstorm|[upkeep]
|-damage|p1a: Gholdengo|53/100|[from] Sandstorm
|-heal|p1a: Gholdengo|59/100|[from] item: Leftovers
|upkeep
|turn|51
|
|t:|1760864647
|move|p1a: Gholdengo|Nasty Plot|p1a: Gholdengo
|-boost|p1a: Gholdengo|spa|0
|move|p2a: Clodsire|Amnesia|p2a: Clodsire
|-boost|p2a: Clodsire|spd|2
|
|-weather|Sandstorm|[upkeep]
|-damage|p1a: Gholdengo|53/100|[from] Sandstorm
|-heal|p1a: Gholdengo|59/100|[from] item: Leftovers
|upkeep
|turn|52
|
|t:|1760864657
|move|p1a: Gholdengo|Nasty Plot|p1a: Gholdengo
|-boost|p1a: Gholdengo|spa|0
|move|p2a: Clodsire|Amnesia|p2a: Clodsire
|-boost|p2a: Clodsire|spd|2
|
|-weather|Sandstorm|[upkeep]
|-damage|p1a: Gholdengo|53/100|[from] Sandstorm
|-heal|p1a: Gholdengo|59/100|[from] item: Leftovers
|upkeep
|turn|53
|
|t:|1760864666
|move|p1a: Gholdengo|Nasty Plot|p1a: Gholdengo
|-boost|p1a: Gholdengo|spa|0
|move|p2a: Clodsire|Earthquake|p1a: Gholdengo
|-damage|p1a: Gholdengo|41/100
|
|-weather|none
|-heal|p1a: Gholdengo|47/100|[from] item: Leftovers
|upkeep
|turn|54
|
|t:|1760864675
|move|p1a: Gholdengo|Nasty Plot|p1a: Gholdengo
|-boost|p1a: Gholdengo|spa|0
|move|p2a: Clodsire|Amnesia|p2a: Clodsire
|-boost|p2a: Clodsire|spd|2
|
|-heal|p1a: Gholdengo|53/100|[from] item: Leftovers
|upkeep
|turn|55
|
|t:|1760864684
|switch|p2a: Tyranitar|Tyranitar, M|12/100 par
|-weather|Sandstorm|[from] ability: Sand Stream|[of] p2a: Tyranitar
|move|p1a: Gholdengo|Nasty Plot|p1a: Gholdengo
|-boost|p1a: Gholdengo|spa|0
|
|-weather|Sandstorm|[upkeep]
|-damage|p1a: Gholdengo|47/100|[from] Sandstorm
|-heal|p1a: Gholdengo|53/100|[from] item: Leftovers
|upkeep
|turn|56
|
|t:|1760864695
|switch|p2a: Clodsire|Clodsire, M|85/100
|move|p1a: Gholdengo|Hex|p2a: Clodsire
|-damage|p2a: Clodsire|70/100
|
|-weather|Sandstorm|[upkeep]
|-damage|p1a: Gholdengo|47/100|[from] Sandstorm
|-heal|p1a: Gholdengo|53/100|[from] item: Leftovers
|upkeep
|turn|57
|
|t:|1760864706
|move|p1a: Gholdengo|Nasty Plot|p1a: Gholdengo
|-boost|p1a: Gholdengo|spa|0
|move|p2a: Clodsire|Amnesia|p2a: Clodsire
|-boost|p2a: Clodsire|spd|2
|
|-weather|Sandstorm|[upkeep]
|-damage|p1a: Gholdengo|47/100|[from] Sandstorm
|-heal|p1a: Gholdengo|53/100|[from] item: Leftovers
|upkeep
|turn|58
|
|t:|1760864716
|move|p1a: Gholdengo|Thunder Wave|p2a: Clodsire
|-immune|p2a: Clodsire
|move|p2a: Clodsire|Amnesia|p2a: Clodsire
|-boost|p2a: Clodsire|spd|2
|
|-weather|Sandstorm|[upkeep]
|-damage|p1a: Gholdengo|47/100|[from] Sandstorm
|-heal|p1a: Gholdengo|53/100|[from] item: Leftovers
|upkeep
|turn|59
|
|t:|1760864726
|move|p1a: Gholdengo|Nasty Plot|p1a: Gholdengo
|-boost|p1a: Gholdengo|spa|0
|move|p2a: Clodsire|Earthquake|p1a: Gholdengo
|-damage|p1a: Gholdengo|36/100
|
|-weather|none
|-heal|p1a: Gholdengo|42/100|[from] item: Leftovers
|upkeep
|turn|60
|
|t:|1760864734
|switch|p2a: Tyranitar|Tyranitar, M|12/100 par
|-weather|Sandstorm|[from] ability: Sand Stream|[of] p2a: Tyranitar
|move|p1a: Gholdengo|Hex|p2a: Tyranitar
|-resisted|p2a: Tyranitar
|-damage|p2a: Tyranitar|0 fnt
|faint|p2a: Tyranitar
|
|-weather|Sandstorm|[upkeep]
|-damage|p1a: Gholdengo|36/100|[from] Sandstorm
|-heal|p1a: Gholdengo|42/100|[from] item: Leftovers
|upkeep
|
|t:|1760864748
|switch|p2a: Clodsire|Clodsire, M|70/100
|turn|61
|
|t:|1760864752
|move|p1a: Gholdengo|Recover|p1a: Gholdengo
|-heal|p1a: Gholdengo|92/100
|move|p2a: Clodsire|Earthquake|p1a: Gholdengo
|-damage|p1a: Gholdengo|74/100
|
|-weather|Sandstorm|[upkeep]
|-damage|p1a: Gholdengo|68/100|[from] Sandstorm
|-heal|p1a: Gholdengo|74/100|[from] item: Leftovers
|upkeep
|turn|62
|
|t:|1760864763
|move|p1a: Gholdengo|Nasty Plot|p1a: Gholdengo
|-boost|p1a: Gholdengo|spa|0
|move|p2a: Clodsire|Amnesia|p2a: Clodsire
|-boost|p2a: Clodsire|spd|2
|
|-weather|Sandstorm|[upkeep]
|-damage|p1a: Gholdengo|68/100|[from] Sandstorm
|-heal|p1a: Gholdengo|74/100|[from] item: Leftovers
|upkeep
|turn|63
|
|t:|1760864773
|move|p1a: Gholdengo|Nasty Plot|p1a: Gholdengo
|-boost|p1a: Gholdengo|spa|0
|move|p2a: Clodsire|Amnesia|p2a: Clodsire
|-boost|p2a: Clodsire|spd|2
|
|-weather|Sandstorm|[upkeep]
|-damage|p1a: Gholdengo|68/100|[from] Sandstorm
|-heal|p1a: Gholdengo|74/100|[from] item: Leftovers
|upkeep
|turn|64
|
|t:|1760864785
|switch|p2a: Clefable|Clefable, F|100/100 tox
|move|p1a: Gholdengo|Nasty Plot|p1a: Gholdengo
|-boost|p1a: Gholdengo|spa|0
|
|-weather|none
|-heal|p1a: Gholdengo|80/100|[from] item: Leftovers
|upkeep
|turn|65
|
|t:|1760864793
|switch|p2a: Clodsire|Clodsire, M|70/100
|move|p1a: Gholdengo|Hex|p2a: Clodsire
|-damage|p2a: Clodsire|53/100
|
|-heal|p1a: Gholdengo|86/100|[from] item: Leftovers
|upkeep
|turn|66
|
|t:|1760864802
|move|p1a: Gholdengo|Thunder Wave|p2a: Clodsire
|-immune|p2a: Clodsire
|move|p2a: Clodsire|Recover|p2a: Clodsire
|-heal|p2a: Clodsire|100/100
|
|-heal|p1a: Gholdengo|93/100|[from] item: Leftovers
|upkeep
|turn|67
|
|t:|1760864811
|switch|p2a: Clefable|Clefable, F|100/100 tox
|move|p1a: Gholdengo|Thunder Wave||[still]
|-fail|p1a: Gholdengo
|
|-heal|p1a: Gholdengo|99/100|[from] item: Leftovers
|upkeep
|turn|68
|
|t:|1760864819
|switch|p2a: Clodsire|Clodsire, M|100/100
|move|p1a: Gholdengo|Thunder Wave|p2a: Clodsire
|-immune|p2a: Clodsire
|
|-heal|p1a: Gholdengo|100/100|[from] item: Leftovers
|upkeep
|turn|69
|
|t:|1760864827
|move|p1a: Gholdengo|Thunder Wave|p2a: Clodsire
|-immune|p2a: Clodsire
|move|p2a: Clodsire|Toxic|p1a: Gholdengo
|-immune|p1a: Gholdengo|[from] ability: Good as Gold
|
|upkeep
|turn|70
|
|t:|1760864835
|move|p1a: Gholdengo|Thunder Wave|p2a: Clodsire
|-immune|p2a: Clodsire
|move|p2a: Clodsire|Toxic|p1a: Gholdengo
|-immune|p1a: Gholdengo|[from] ability: Good as Gold
|
|upkeep
|turn|71
|
|t:|1760864842
|switch|p2a: Clefable|Clefable, F|100/100 tox
|move|p1a: Gholdengo|Thunder Wave||[still]
|-fail|p1a: Gholdengo
|
|upkeep
|turn|72
|
|t:|1760864847
|switch|p2a: Clodsire|Clodsire, M|100/100
|move|p1a: Gholdengo|Thunder Wave|p2a: Clodsire
|-immune|p2a: Clodsire
|
|upkeep
|turn|73
|
|t:|1760864854
|switch|p2a: Clefable|Clefable, F|100/100 tox
|move|p1a: Gholdengo|Nasty Plot|p1a: Gholdengo
|-boost|p1a: Gholdengo|spa|0
|
|upkeep
|turn|74
|
|t:|1760864860
|switch|p2a: Clodsire|Clodsire, M|100/100
|move|p1a: Gholdengo|Nasty Plot|p1a: Gholdengo
|-boost|p1a: Gholdengo|spa|0
|
|upkeep
|turn|75
|j| hgghgbc
|
|t:|1760864867
|move|p1a: Gholdengo|Hex|p2a: Clodsire
|-damage|p2a: Clodsire|84/100
|move|p2a: Clodsire|Amnesia|p2a: Clodsire
|-boost|p2a: Clodsire|spd|2
|
|upkeep
|turn|76
|
|t:|1760864874
|switch|p2a: Clefable|Clefable, F|100/100 tox
|move|p1a: Gholdengo|Hex|p2a: Clefable
|-damage|p2a: Clefable|0 fnt
|faint|p2a: Clefable
|
|upkeep
|
|t:|1760864882
|switch|p2a: Clodsire|Clodsire, M|84/100
|turn|77
|
|t:|1760864886
|switch|p2a: Hydrapple|Hydrapple, M|100/100
|move|p1a: Gholdengo|Thunder Wave|p2a: Hydrapple
|-status|p2a: Hydrapple|par
|
|upkeep
|turn|78
|
|t:|1760864892
|switch|p2a: Clodsire|Clodsire, M|84/100
|move|p1a: Gholdengo|Nasty Plot|p1a: Gholdengo
|-boost|p1a: Gholdengo|spa|0
|
|upkeep
|turn|79
|
|t:|1760864899
|switch|p2a: Hydrapple|Hydrapple, M|100/100 par
|move|p1a: Gholdengo|Thunder Wave|p2a: Hydrapple
|-fail|p2a: Hydrapple|par
|
|upkeep
|turn|80
|
|t:|1760864906
|switch|p2a: Clodsire|Clodsire, M|84/100
|move|p1a: Gholdengo|Nasty Plot|p1a: Gholdengo
|-boost|p1a: Gholdengo|spa|0
|
|upkeep
|turn|81
|
|t:|1760864914
|move|p1a: Gholdengo|Hex|p2a: Clodsire
|-damage|p2a: Clodsire|67/100
|move|p2a: Clodsire|Amnesia|p2a: Clodsire
|-boost|p2a: Clodsire|spd|2
|
|upkeep
|turn|82
|
|t:|1760864920
|move|p1a: Gholdengo|Nasty Plot|p1a: Gholdengo
|-boost|p1a: Gholdengo|spa|0
|move|p2a: Clodsire|Recover|p2a: Clodsire
|-heal|p2a: Clodsire|100/100
|
|upkeep
|turn|83
|
|t:|1760864927
|move|p1a: Gholdengo|Hex|p2a: Clodsire
|-damage|p2a: Clodsire|93/100
|move|p2a: Clodsire|Amnesia|p2a: Clodsire
|-boost|p2a: Clodsire|spd|2
|
|upkeep
|turn|84
|
|t:|1760864933
|switch|p2a: Hydrapple|Hydrapple, M|100/100 par
|move|p1a: Gholdengo|Nasty Plot|p1a: Gholdengo
|-boost|p1a: Gholdengo|spa|0
|
|upkeep
|turn|85
|
|t:|1760864940
|switch|p2a: Clodsire|Clodsire, M|93/100
|move|p1a: Gholdengo|Thunder Wave|p2a: Clodsire
|-immune|p2a: Clodsire
|
|upkeep
|turn|86
|
|t:|1760864947
|move|p1a: Gholdengo|Hex|p2a: Clodsire
|-damage|p2a: Clodsire|77/100
|move|p2a: Clodsire|Amnesia|p2a: Clodsire
|-boost|p2a: Clodsire|spd|2
|
|upkeep
|turn|87
|
|t:|1760864953
|move|p1a: Gholdengo|Thunder Wave|p2a: Clodsire
|-immune|p2a: Clodsire
|move|p2a: Clodsire|Amnesia|p2a: Clodsire
|-boost|p2a: Clodsire|spd|2
|
|upkeep
|turn|88
|
|t:|1760864960
|move|p1a: Gholdengo|Hex|p2a: Clodsire
|-damage|p2a: Clodsire|71/100
|move|p2a: Clodsire|Earthquake|p1a: Gholdengo
|-damage|p1a: Gholdengo|83/100
|
|-heal|p1a: Gholdengo|89/100|[from] item: Leftovers
|upkeep
|turn|89
|
|t:|1760864969
|move|p1a: Gholdengo|Thunder Wave|p2a: Clodsire
|-immune|p2a: Clodsire
|move|p2a: Clodsire|Recover|p2a: Clodsire
|-heal|p2a: Clodsire|100/100
|
|-heal|p1a: Gholdengo|95/100|[from] item: Leftovers
|upkeep
|turn|90
|
|t:|1760864977
|move|p1a: Gholdengo|Hex|p2a: Clodsire
|-damage|p2a: Clodsire|95/100
|move|p2a: Clodsire|Amnesia|p2a: Clodsire
|-boost|p2a: Clodsire|spd|2
|
|-heal|p1a: Gholdengo|100/100|[from] item: Leftovers
|upkeep
|turn|91
|
|t:|1760864988
|move|p1a: Gholdengo|Nasty Plot|p1a: Gholdengo
|-boost|p1a: Gholdengo|spa|0
|move|p2a: Clodsire|Earthquake|p1a: Gholdengo
|-damage|p1a: Gholdengo|81/100
|
|-heal|p1a: Gholdengo|87/100|[from] item: Leftovers
|upkeep
|turn|92
|
|t:|1760864997
|move|p1a: Gholdengo|Nasty Plot|p1a: Gholdengo
|-boost|p1a: Gholdengo|spa|0
|move|p2a: Clodsire|Earthquake|p1a: Gholdengo
|-damage|p1a: Gholdengo|70/100
|
|-heal|p1a: Gholdengo|76/100|[from] item: Leftovers
|upkeep
|turn|93
|
|t:|1760865005
|move|p1a: Gholdengo|Hex|p2a: Clodsire
|-damage|p2a: Clodsire|90/100
|move|p2a: Clodsire|Earthquake|p1a: Gholdengo
|-damage|p1a: Gholdengo|59/100
|
|-heal|p1a: Gholdengo|65/100|[from] item: Leftovers
|upkeep
|turn|94
|
|t:|1760865013
|switch|p2a: Hydrapple|Hydrapple, M|100/100 par
|move|p1a: Gholdengo|Thunder Wave|p2a: Hydrapple
|-fail|p2a: Hydrapple|par
|
|-heal|p1a: Gholdengo|71/100|[from] item: Leftovers
|upkeep
|turn|95
|
|t:|1760865021
|move|p1a: Gholdengo|Nasty Plot|p1a: Gholdengo
|-boost|p1a: Gholdengo|spa|0
|move|p2a: Hydrapple|Nasty Plot|p2a: Hydrapple
|-boost|p2a: Hydrapple|spa|2
|
|-heal|p1a: Gholdengo|77/100|[from] item: Leftovers
|upkeep
|turn|96
|
|t:|1760865030
|switch|p1a: Enamorus|Enamorus, F|94/100 tox
|cant|p2a: Hydrapple|par
|
|-damage|p1a: Enamorus|88/100 tox|[from] psn
|upkeep
|turn|97
|
|t:|1760865039
|switch|p2a: Clodsire|Clodsire, M|90/100
|move|p1a: Enamorus|Earth Power|p2a: Clodsire
|-supereffective|p2a: Clodsire
|-damage|p2a: Clodsire|51/100
|
|-damage|p1a: Enamorus|76/100 tox|[from] psn
|upkeep
|turn|98
|l| hgghgbc
|
|t:|1760865055
|switch|p1a: Cinderace|Cinderace, M, shiny|88/100
|move|p2a: Clodsire|Recover|p2a: Clodsire
|-heal|p2a: Clodsire|100/100
|
|upkeep
|turn|99
|
|t:|1760865062
|switch|p2a: Alomomola|Alomomola, M, shiny|100/100
|move|p1a: Cinderace|Court Change|p1a: Cinderace
|-start|p1a: Cinderace|typechange|Normal|[from] ability: Libero
|-swapsideconditions
|-activate|p1a: Cinderace|move: Court Change
|
|upkeep
|turn|100
|
|t:|1760865068
|move|p1a: Cinderace|U-turn|p2a: Alomomola
|-damage|p2a: Alomomola|86/100
|
|t:|1760865074
|switch|p1a: Gholdengo|Gholdengo, tera:Fairy|77/100|[from] U-turn
|move|p2a: Alomomola|Flip Turn|p1a: Gholdengo
|-damage|p1a: Gholdengo|65/100
|
|t:|1760865082
|switch|p2a: Hydrapple|Hydrapple, M|100/100 par|[from] Flip Turn
|
|-heal|p1a: Gholdengo|71/100|[from] item: Leftovers
|upkeep
|turn|101
|
|t:|1760865089
|switch|p1a: Enamorus|Enamorus, F|76/100 tox
|move|p2a: Hydrapple|Giga Drain|p1a: Enamorus
|-resisted|p1a: Enamorus
|-damage|p1a: Enamorus|51/100 tox
|
|-damage|p1a: Enamorus|44/100 tox|[from] psn
|upkeep
|turn|102
|
|t:|1760865098
|move|p1a: Enamorus|Earth Power|p2a: Hydrapple
|-resisted|p2a: Hydrapple
|-damage|p2a: Hydrapple|84/100 par
|move|p2a: Hydrapple|Giga Drain|p1a: Enamorus
|-resisted|p1a: Enamorus
|-damage|p1a: Enamorus|17/100 tox
|-heal|p2a: Hydrapple|93/100 par|[from] drain|[of] p1a: Enamorus
|
|-damage|p1a: Enamorus|5/100 tox|[from] psn
|upkeep
|turn|103
|
|t:|1760865108
|switch|p2a: Clodsire|Clodsire, M|100/100
|move|p1a: Enamorus|Moonblast|p2a: Clodsire
|-resisted|p2a: Clodsire
|-damage|p2a: Clodsire|86/100
|
|-damage|p1a: Enamorus|0 fnt|[from] psn
|faint|p1a: Enamorus
|upkeep
|
|t:|1760865132
|switch|p1a: Cinderace|Cinderace, M, shiny|88/100
|turn|104
|
|t:|1760865137
|switch|p2a: Alomomola|Alomomola, M, shiny|100/100
|move|p1a: Cinderace|U-turn|p2a: Alomomola
|-start|p1a: Cinderace|typechange|Bug|[from] ability: Libero
|-damage|p2a: Alomomola|81/100
|c|☆KennytheslugSmith|All that and nothing to show for it
|
|t:|1760865156
|switch|p1a: Great Tusk|Great Tusk|100/100|[from] U-turn
|
|upkeep
|turn|105
|
|t:|1760865165
|move|p1a: Great Tusk|Knock Off|p2a: Alomomola
|-damage|p2a: Alomomola|63/100
|-enditem|p2a: Alomomola|Heavy-Duty Boots|[from] move: Knock Off|[of] p1a: Great Tusk
|move|p2a: Alomomola|Wish|p2a: Alomomola
|
|upkeep
|turn|106
|
|t:|1760865175
|move|p1a: Great Tusk|Knock Off|p2a: Alomomola
|-damage|p2a: Alomomola|51/100
|move|p2a: Alomomola|Body Slam|p1a: Great Tusk
|-damage|p1a: Great Tusk|91/100
|
|-heal|p2a: Alomomola|100/100|[from] move: Wish|[wisher] Alomomola
|upkeep
|turn|107
|
|t:|1760865184
|move|p1a: Great Tusk|Rapid Spin|p2a: Alomomola
|-damage|p2a: Alomomola|92/100
|-boost|p1a: Great Tusk|spe|1
|move|p2a: Alomomola|Body Slam|p1a: Great Tusk
|-damage|p1a: Great Tusk|81/100
|-status|p1a: Great Tusk|par
|
|upkeep
|turn|108
|
|t:|1760865193
|move|p1a: Great Tusk|Rapid Spin|p2a: Alomomola
|-damage|p2a: Alomomola|82/100
|-boost|p1a: Great Tusk|spe|1
|move|p2a: Alomomola|Flip Turn|p1a: Great Tusk
|-supereffective|p1a: Great Tusk
|-damage|p1a: Great Tusk|61/100 par
|
|t:|1760865200
|switch|p2a: Hydrapple|Hydrapple, M|100/100 par|[from] Flip Turn
|
|upkeep
|turn|109
|
|t:|1760865205
|switch|p2a: Alomomola|Alomomola, M, shiny|100/100
|-damage|p2a: Alomomola|88/100|[from] Stealth Rock
|move|p1a: Great Tusk|Knock Off|p2a: Alomomola
|-damage|p2a: Alomomola|76/100
|
|upkeep
|turn|110
|
|t:|1760865214
|-end|p1a: Great Tusk|Protosynthesis|[silent]
|switch|p1a: Dondozo|Dondozo, M|59/100
|move|p2a: Alomomola|Flip Turn|p1a: Dondozo
|-resisted|p1a: Dondozo
|-damage|p1a: Dondozo|56/100
|
|t:|1760865220
|switch|p2a: Hydrapple|Hydrapple, M|100/100 par|[from] Flip Turn
|
|upkeep
|turn|111
|inactive|redcolorcap has 120 seconds left.
|
|t:|1760865244
|move|p1a: Dondozo|Liquidation|p2a: Hydrapple
|-resisted|p2a: Hydrapple
|-crit|p2a: Hydrapple
|-damage|p2a: Hydrapple|94/100 par
|move|p2a: Hydrapple|Nasty Plot|p2a: Hydrapple
|-boost|p2a: Hydrapple|spa|2
|
|upkeep
|turn|112
|inactive|redcolorcap has 120 seconds left.
|
|t:|1760865268
|move|p1a: Dondozo|Liquidation|p2a: Hydrapple
|-resisted|p2a: Hydrapple
|-damage|p2a: Hydrapple|90/100 par
|move|p2a: Hydrapple|Giga Drain|p1a: Dondozo
|-supereffective|p1a: Dondozo
|-damage|p1a: Dondozo|0 fnt
|-heal|p2a: Hydrapple|100/100 par|[from] drain|[of] p1a: Dondozo
|faint|p1a: Dondozo
|
|upkeep
|
|t:|1760865281
|switch|p1a: Cinderace|Cinderace, M, shiny|88/100
|turn|113
|
|t:|1760865285
|move|p1a: Cinderace|U-turn|p2a: Hydrapple
|-start|p1a: Cinderace|typechange|Bug|[from] ability: Libero
|-supereffective|p2a: Hydrapple
|-damage|p2a: Hydrapple|62/100 par
|
|t:|1760865290
|switch|p1a: Gholdengo|Gholdengo, tera:Fairy|71/100|[from] U-turn
|move|p2a: Hydrapple|Fickle Beam|p1a: Gholdengo
|-immune|p1a: Gholdengo
|
|-heal|p1a: Gholdengo|77/100|[from] item: Leftovers
|upkeep
|turn|114
|
|t:|1760865299
|move|p1a: Gholdengo|Thunder Wave|p2a: Hydrapple
|-fail|p2a: Hydrapple|par
|move|p2a: Hydrapple|Giga Drain|p1a: Gholdengo
|-damage|p1a: Gholdengo|11/100
|-heal|p2a: Hydrapple|93/100 par|[from] drain|[of] p1a: Gholdengo
|
|-heal|p1a: Gholdengo|17/100|[from] item: Leftovers
|upkeep
|turn|115
|
|t:|1760865308
|move|p1a: Gholdengo|Recover|p1a: Gholdengo
|-heal|p1a: Gholdengo|67/100
|cant|p2a: Hydrapple|par
|
|-heal|p1a: Gholdengo|73/100|[from] item: Leftovers
|upkeep
|turn|116
|
|t:|1760865320
|move|p1a: Gholdengo|Thunder Wave|p2a: Hydrapple
|-fail|p2a: Hydrapple|par
|cant|p2a: Hydrapple|par
|
|-heal|p1a: Gholdengo|79/100|[from] item: Leftovers
|upkeep
|turn|117
|
|t:|1760865327
|move|p1a: Gholdengo|Thunder Wave|p2a: Hydrapple
|-fail|p2a: Hydrapple|par
|move|p2a: Hydrapple|Giga Drain|p1a: Gholdengo
|-damage|p1a: Gholdengo|16/100
|-heal|p2a: Hydrapple|100/100 par|[from] drain|[of] p1a: Gholdengo
|
|-heal|p1a: Gholdengo|22/100|[from] item: Leftovers
|upkeep
|turn|118
|
|t:|1760865336
|move|p1a: Gholdengo|Thunder Wave|p2a: Hydrapple
|-fail|p2a: Hydrapple|par
|move|p2a: Hydrapple|Nasty Plot|p2a: Hydrapple
|-boost|p2a: Hydrapple|spa|2
|
|-heal|p1a: Gholdengo|28/100|[from] item: Leftovers
|upkeep
|turn|119
|
|t:|1760865345
|move|p1a: Gholdengo|Thunder Wave|p2a: Hydrapple
|-fail|p2a: Hydrapple|par
|move|p2a: Hydrapple|Giga Drain|p1a: Gholdengo
|-damage|p1a: Gholdengo|0 fnt
|faint|p1a: Gholdengo
|
|upkeep
|
|t:|1760865347
|switch|p1a: Cinderace|Cinderace, M, shiny|88/100
|turn|120
|
|t:|1760865355
|move|p1a: Cinderace|High Jump Kick|p2a: Hydrapple
|-start|p1a: Cinderace|typechange|Fighting|[from] ability: Libero
|-damage|p2a: Hydrapple|65/100 par
|move|p2a: Hydrapple|Giga Drain|p1a: Cinderace
|-damage|p1a: Cinderace|0 fnt
|-heal|p2a: Hydrapple|97/100 par|[from] drain|[of] p1a: Cinderace
|faint|p1a: Cinderace
|
|upkeep
|
|t:|1760865359
|switch|p1a: Great Tusk|Great Tusk|61/100 par
|turn|121
|
|t:|1760865367
|move|p1a: Great Tusk|Knock Off|p2a: Hydrapple
|-damage|p2a: Hydrapple|80/100 par
|-enditem|p2a: Hydrapple|Heavy-Duty Boots|[from] move: Knock Off|[of] p1a: Great Tusk
|move|p2a: Hydrapple|Giga Drain|p1a: Great Tusk
|-supereffective|p1a: Great Tusk
|-damage|p1a: Great Tusk|0 fnt
|-heal|p2a: Hydrapple|100/100 par|[from] drain|[of] p1a: Great Tusk
|faint|p1a: Great Tusk
|-end|p1a: Great Tusk|Protosynthesis|[silent]
|
|win|KennytheslugSmith
|raw|redcolorcap's rating: 1364 &rarr; <strong>1341</strong><br />(-23 for losing)
|raw|KennytheslugSmith's rating: 1314 &rarr; <strong>1337</strong><br />(+23 for winning)
|l|☆redcolorcap
|player|p1|
