|j|☆123qazwsx
|j|☆DISTEWY
|t:|1760762044
|gametype|singles
|player|p1|123qazwsx|swimmerf|1193
|player|p2|DISTEWY|266|1235
|gen|9
|tier|[Gen 9] OU
|rated|
|rule|HP Percentage Mod: HP is shown in percentages
|rule|Endless Battle Clause: Forcing endless battles is banned
|rule|Species Clause: Limit one of each Pokémon
|rule|OHKO Clause: OHKO moves are banned
|rule|Evasion Items Clause: Evasion items are banned
|rule|Evasion Moves Clause: Evasion moves are banned
|rule|Evasion Abilities Clause: Evasion abilities are banned
|rule|Sleep Moves Clause: Sleep-inducing moves are banned
|clearpoke
|poke|p1|Torkoal, F|
|poke|p1|Hatterene, F|
|poke|p1|Raging Bolt|
|poke|p1|Slither Wing|
|poke|p1|Venusaur, F|
|poke|p1|Walking Wake|
|poke|p2|Ogerpon-Wellspring, F|
|poke|p2|Pelipper, F|
|poke|p2|Rotom-Wash|
|poke|p2|Toxapex, M|
|poke|p2|Gastrodon, M|
|poke|p2|Barraskewda, M|
|teampreview
|inactive|Battle timer is ON: inactive players will automatically lose when time's up. (requested by 123qazwsx)
|
|t:|1760762053
|teamsize|p1|6
|teamsize|p2|6
|start
|switch|p1a: Raging Bolt|Raging Bolt|100/100
|switch|p2a: Pelipper|Pelipper, F|100/100
|-weather|RainDance|[from] ability: Drizzle|[of] p2a: Pelipper
|turn|1
|
|t:|1760762060
|switch|p2a: Gastrodon|Gastrodon, M|100/100
|move|p1a: Raging Bolt|Dragon Pulse|p2a: Gastrodon
|-damage|p2a: Gastrodon|43/100
|-damage|p1a: Raging Bolt|91/100|[from] item: Life Orb
|
|-weather|RainDance|[upkeep]
|-heal|p2a: Gastrodon|50/100|[from] item: Leftovers
|upkeep
|turn|2
|
|t:|1760762065
|switch|p2a: Toxapex|Toxapex, M|100/100
|move|p1a: Raging Bolt|Dragon Pulse|p2a: Toxapex
|-damage|p2a: Toxapex|62/100
|-damage|p1a: Raging Bolt|81/100|[from] item: Life Orb
|
|-weather|RainDance|[upkeep]
|upkeep
|turn|3
|
|t:|1760762074
|-end|p1a: Raging Bolt|Protosynthesis|[silent]
|switch|p1a: Hatterene|Hatterene, F|100/100
|-item|p1a: Hatterene|Air Balloon
|switch|p2a: Gastrodon|Gastrodon, M|50/100
|
|-weather|RainDance|[upkeep]
|-heal|p2a: Gastrodon|56/100|[from] item: Leftovers
|upkeep
|turn|4
|
|t:|1760762085
|move|p2a: Gastrodon|Clear Smog|p1a: Hatterene
|-supereffective|p1a: Hatterene
|-damage|p1a: Hatterene|78/100
|-clearboost|p1a: Hatterene
|-enditem|p1a: Hatterene|Air Balloon
|move|p1a: Hatterene|Psychic Noise|p2a: Gastrodon
|-damage|p2a: Gastrodon|23/100
|-start|p2a: Gastrodon|move: Heal Block
|
|-weather|RainDance|[upkeep]
|upkeep
|turn|5
|
|t:|1760762115
|move|p2a: Gastrodon|Earth Power|p1a: Hatterene
|-damage|p1a: Hatterene|50/100
|move|p1a: Hatterene|Dazzling Gleam|p2a: Gastrodon
|-damage|p2a: Gastrodon|0 fnt
|faint|p2a: Gastrodon
|
|-weather|RainDance|[upkeep]
|upkeep
|
|t:|1760762123
|switch|p2a: Barraskewda|Barraskewda, M|100/100
|turn|6
|
|t:|1760762131
|switch|p1a: Raging Bolt|Raging Bolt|81/100
|move|p2a: Barraskewda|Flip Turn|p1a: Raging Bolt
|-resisted|p1a: Raging Bolt
|-damage|p1a: Raging Bolt|47/100
|l|☆DISTEWY
|inactive|DISTEWY disconnected and has a minute to reconnect!
|player|p2|
|j|☆DISTEWY
|inactive|DISTEWY reconnected and has 115 seconds left.
|player|p2|DISTEWY|266|
|
|t:|1760762177
|switch|p2a: Ogerpon|Ogerpon-Wellspring, F|100/100|[from] Flip Turn
|
|-weather|RainDance|[upkeep]
|upkeep
|turn|7
|
|t:|1760762189
|-end|p1a: Raging Bolt|Protosynthesis|[silent]
|switch|p1a: Torkoal|Torkoal, F|100/100
|-weather|SunnyDay|[from] ability: Drought|[of] p1a: Torkoal
|move|p2a: Ogerpon|Play Rough|p1a: Torkoal
|-resisted|p1a: Torkoal
|-damage|p1a: Torkoal|85/100
|
|-weather|SunnyDay|[upkeep]
|upkeep
|turn|8
|
|t:|1760762195
|switch|p2a: Pelipper|Pelipper, F|100/100
|-weather|RainDance|[from] ability: Drizzle|[of] p2a: Pelipper
|move|p1a: Torkoal|Stealth Rock|p2a: Pelipper
|-sidestart|p2: DISTEWY|move: Stealth Rock
|
|-weather|RainDance|[upkeep]
|upkeep
|turn|9
|
|t:|1760762209
|switch|p1a: Raging Bolt|Raging Bolt|47/100
|move|p2a: Pelipper|Ice Beam|p1a: Raging Bolt
|-supereffective|p1a: Raging Bolt
|-damage|p1a: Raging Bolt|0 fnt
|faint|p1a: Raging Bolt
|-end|p1a: Raging Bolt|Protosynthesis|[silent]
|
|-weather|RainDance|[upkeep]
|upkeep
|
|t:|1760762213
|switch|p1a: Torkoal|Torkoal, F|85/100
|-weather|SunnyDay|[from] ability: Drought|[of] p1a: Torkoal
|turn|10
|
|t:|1760762216
|move|p2a: Pelipper|U-turn|p1a: Torkoal
|-resisted|p1a: Torkoal
|-damage|p1a: Torkoal|81/100
|
|t:|1760762220
|switch|p2a: Toxapex|Toxapex, M|95/100|[from] U-turn
|-damage|p2a: Toxapex|83/100|[from] Stealth Rock
|move|p1a: Torkoal|Eruption|p2a: Toxapex
|-resisted|p2a: Toxapex
|-crit|p2a: Toxapex
|-damage|p2a: Toxapex|51/100
|
|-weather|SunnyDay|[upkeep]
|upkeep
|turn|11
|
|t:|1760762231
|switch|p1a: Hatterene|Hatterene, F|50/100
|move|p2a: Toxapex|Acid Spray|p1a: Hatterene
|-supereffective|p1a: Hatterene
|-damage|p1a: Hatterene|34/100
|-unboost|p1a: Hatterene|spd|2
|
|-weather|SunnyDay|[upkeep]
|upkeep
|turn|12
|
|t:|1760762242
|move|p2a: Toxapex|Acid Spray|p1a: Hatterene
|-supereffective|p1a: Hatterene
|-damage|p1a: Hatterene|0 fnt
|faint|p1a: Hatterene
|
|-weather|SunnyDay|[upkeep]
|upkeep
|
|t:|1760762248
|switch|p1a: Walking Wake|Walking Wake|100/100
|-activate|p1a: Walking Wake|ability: Protosynthesis
|-start|p1a: Walking Wake|protosynthesisspe
|turn|13
|
|t:|1760762254
|move|p1a: Walking Wake|Hydro Steam|p2a: Toxapex
|-resisted|p2a: Toxapex
|-damage|p2a: Toxapex|31/100
|move|p2a: Toxapex|Icy Wind|p1a: Walking Wake
|-damage|p1a: Walking Wake|92/100
|-unboost|p1a: Walking Wake|spe|1
|
|-weather|SunnyDay|[upkeep]
|upkeep
|turn|14
|
|t:|1760762269
|switch|p2a: Ogerpon|Ogerpon-Wellspring, F|100/100
|-damage|p2a: Ogerpon|88/100|[from] Stealth Rock
|move|p1a: Walking Wake|Flip Turn|p2a: Ogerpon
|-heal|p2a: Ogerpon|100/100|[from] ability: Water Absorb|[of] p1a: Walking Wake
|
|-weather|SunnyDay|[upkeep]
|upkeep
|turn|15
|
|t:|1760762292
|-terastallize|p1a: Walking Wake|Fairy
|move|p2a: Ogerpon|Swords Dance|p2a: Ogerpon
|-boost|p2a: Ogerpon|atk|2
|move|p1a: Walking Wake|Draco Meteor|p2a: Ogerpon
|-damage|p2a: Ogerpon|21/100
|-unboost|p1a: Walking Wake|spa|2
|
|-weather|SunnyDay|[upkeep]
|upkeep
|turn|16
|
|t:|1760762302
|move|p2a: Ogerpon|Ivy Cudgel|p1a: Walking Wake|[anim] Ivy Cudgel Water
|-damage|p1a: Walking Wake|25/100
|move|p1a: Walking Wake|Draco Meteor|p2a: Ogerpon|[miss]
|-miss|p1a: Walking Wake|p2a: Ogerpon
|
|-weather|SunnyDay|[upkeep]
|upkeep
|turn|17
|
|t:|1760762310
|-end|p1a: Walking Wake|Protosynthesis|[silent]
|switch|p1a: Venusaur|Venusaur, F|100/100
|move|p2a: Ogerpon|Trailblaze|p1a: Venusaur
|-resisted|p1a: Venusaur
|-damage|p1a: Venusaur|80/100
|-boost|p2a: Ogerpon|spe|1
|
|-weather|none
|upkeep
|turn|18
|
|t:|1760762328
|move|p2a: Ogerpon|Ivy Cudgel|p1a: Venusaur|[anim] Ivy Cudgel Water
|-resisted|p1a: Venusaur
|-damage|p1a: Venusaur|0 fnt
|faint|p1a: Venusaur
|
|upkeep
|
|t:|1760762333
|switch|p1a: Slither Wing|Slither Wing|100/100
|turn|19
|
|t:|1760762338
|move|p1a: Slither Wing|First Impression|p2a: Ogerpon
|-supereffective|p2a: Ogerpon
|-damage|p2a: Ogerpon|0 fnt
|faint|p2a: Ogerpon
|
|upkeep
|
|t:|1760762345
|switch|p2a: Toxapex|Toxapex, M|65/100
|-damage|p2a: Toxapex|52/100|[from] Stealth Rock
|turn|20
|
|t:|1760762362
|move|p1a: Slither Wing|Earthquake|p2a: Toxapex
|-supereffective|p2a: Toxapex
|-damage|p2a: Toxapex|5/100
|move|p2a: Toxapex|Infestation|p1a: Slither Wing
|-resisted|p1a: Slither Wing
|-damage|p1a: Slither Wing|99/100
|-activate|p1a: Slither Wing|move: Infestation|[of] p2a: Toxapex
|
|-damage|p1a: Slither Wing|87/100|[from] move: Infestation|[partiallytrapped]
|upkeep
|turn|21
|
|t:|1760762368
|switch|p2a: Pelipper|Pelipper, F|100/100
|-damage|p2a: Pelipper|75/100|[from] Stealth Rock
|-weather|RainDance|[from] ability: Drizzle|[of] p2a: Pelipper
|move|p1a: Slither Wing|Earthquake|p2a: Pelipper
|-immune|p2a: Pelipper
|
|-weather|RainDance|[upkeep]
|-end|p1a: Slither Wing|Infestation|[partiallytrapped]|[silent]
|upkeep
|turn|22
|
|t:|1760762379
|-end|p1a: Slither Wing|Protosynthesis|[silent]
|switch|p1a: Torkoal|Torkoal, F|81/100
|-weather|SunnyDay|[from] ability: Drought|[of] p1a: Torkoal
|move|p2a: Pelipper|Hydro Pump|p1a: Torkoal
|-supereffective|p1a: Torkoal
|-damage|p1a: Torkoal|19/100
|
|-weather|SunnyDay|[upkeep]
|upkeep
|turn|23
|
|t:|1760762403
|switch|p1a: Slither Wing|Slither Wing|87/100
|-activate|p1a: Slither Wing|ability: Protosynthesis
|-start|p1a: Slither Wing|protosynthesisatk
|move|p2a: Pelipper|Hydro Pump|p1a: Slither Wing
|-damage|p1a: Slither Wing|71/100
|
|-weather|SunnyDay|[upkeep]
|upkeep
|turn|24
|
|t:|1760762415
|move|p1a: Slither Wing|First Impression|p2a: Pelipper
|-resisted|p2a: Pelipper
|-damage|p2a: Pelipper|37/100
|move|p2a: Pelipper|Hurricane|p1a: Slither Wing|[miss]
|-miss|p2a: Pelipper|p1a: Slither Wing
|
|-weather|SunnyDay|[upkeep]
|upkeep
|turn|25
|
|t:|1760762424
|move|p1a: Slither Wing|U-turn|p2a: Pelipper
|-resisted|p2a: Pelipper
|-damage|p2a: Pelipper|7/100
|
|t:|1760762430
|-end|p1a: Slither Wing|Protosynthesis|[silent]
|switch|p1a: Walking Wake|Walking Wake, tera:Fairy|25/100|[from] U-turn
|-activate|p1a: Walking Wake|ability: Protosynthesis
|-start|p1a: Walking Wake|protosynthesisspe
|move|p2a: Pelipper|Hurricane|p1a: Walking Wake
|-damage|p1a: Walking Wake|0 fnt
|faint|p1a: Walking Wake
|-end|p1a: Walking Wake|Protosynthesis|[silent]
|
|-weather|SunnyDay|[upkeep]
|upkeep
|
|t:|1760762432
|switch|p1a: Slither Wing|Slither Wing|71/100
|-activate|p1a: Slither Wing|ability: Protosynthesis
|-start|p1a: Slither Wing|protosynthesisatk
|turn|26
|
|t:|1760762444
|move|p1a: Slither Wing|Temper Flare|p2a: Pelipper
|-resisted|p2a: Pelipper
|-damage|p2a: Pelipper|0 fnt
|faint|p2a: Pelipper
|
|-weather|SunnyDay|[upkeep]
|upkeep
|
|t:|1760762449
|switch|p2a: Rotom|Rotom-Wash|100/100
|-damage|p2a: Rotom|88/100|[from] Stealth Rock
|turn|27
|
|t:|1760762457
|move|p2a: Rotom|Will-O-Wisp|p1a: Slither Wing
|-status|p1a: Slither Wing|brn
|move|p1a: Slither Wing|U-turn|p2a: Rotom
|-damage|p2a: Rotom|54/100
|
|t:|1760762461
|-end|p1a: Slither Wing|Protosynthesis|[silent]
|switch|p1a: Torkoal|Torkoal, F|19/100|[from] U-turn
|
|-weather|SunnyDay|[upkeep]
|upkeep
|turn|28
|
|t:|1760762468
|move|p2a: Rotom|Hex|p1a: Torkoal
|-damage|p1a: Torkoal|0 fnt
|faint|p1a: Torkoal
|
|-weather|SunnyDay|[upkeep]
|upkeep
|
|t:|1760762470
|switch|p1a: Slither Wing|Slither Wing|71/100 brn
|-activate|p1a: Slither Wing|ability: Protosynthesis
|-start|p1a: Slither Wing|protosynthesisatk
|turn|29
|
|t:|1760762475
|switch|p2a: Toxapex|Toxapex, M|39/100
|-damage|p2a: Toxapex|27/100|[from] Stealth Rock
|move|p1a: Slither Wing|First Impression|p2a: Toxapex
|-resisted|p2a: Toxapex
|-damage|p2a: Toxapex|16/100
|
|-weather|none
|-end|p1a: Slither Wing|Protosynthesis
|-damage|p1a: Slither Wing|65/100 brn|[from] brn
|upkeep
|turn|30
|
|t:|1760762483
|switch|p2a: Rotom|Rotom-Wash|54/100
|-damage|p2a: Rotom|41/100|[from] Stealth Rock
|-enditem|p2a: Rotom|Sitrus Berry|[eat]
|-heal|p2a: Rotom|66/100|[from] item: Sitrus Berry
|move|p1a: Slither Wing|Earthquake|p2a: Rotom
|-immune|p2a: Rotom|[from] ability: Levitate
|
|-damage|p1a: Slither Wing|59/100 brn|[from] brn
|upkeep
|turn|31
|inactive|123qazwsx has 120 seconds left.
|l|☆123qazwsx
|inactive|123qazwsx disconnected and has a minute to reconnect!
|player|p1|
|inactive|123qazwsx has 30 seconds to reconnect!
|inactive|123qazwsx has 20 seconds to reconnect!
|inactive|123qazwsx has 15 seconds to reconnect!
|inactive|123qazwsx has 10 seconds to reconnect!
|inactive|123qazwsx has 5 seconds to reconnect!
|-message|123qazwsx lost due to inactivity.
|
|win|DISTEWY
|raw|123qazwsx's rating: 1193 &rarr; <strong>1171</strong><br />(-22 for losing)
|raw|DISTEWY's rating: 1235 &rarr; <strong>1257</strong><br />(+22 for winning)
