|j|☆healboy009
|j|‽falas
|t:|1760856528
|gametype|singles
|player|p1|healboy009|backpacker|1415
|player|p2|falas|1|1414
|gen|9
|tier|[Gen 9] OU
|rated|
|rule|HP Percentage Mod: HP is shown in percentages
|rule|Endless Battle Clause: Forcing endless battles is banned
|rule|Species Clause: Limit one of each Pokémon
|rule|OHKO Clause: OHKO moves are banned
|rule|Evasion Items Clause: Evasion items are banned
|rule|Evasion Moves Clause: Evasion moves are banned
|rule|Evasion Abilities Clause: Evasion abilities are banned
|rule|Sleep Moves Clause: Sleep-inducing moves are banned
|clearpoke
|poke|p1|Ceruledge, M|
|poke|p1|Rotom-Wash|
|poke|p1|Hydrapple, M|
|poke|p1|Ting-Lu|
|poke|p1|Weezing-Galar, F|
|poke|p1|Skarmory, F|
|poke|p2|Pecharunt|
|poke|p2|Great Tusk|
|poke|p2|Ogerpon-Wellspring, F|
|poke|p2|Iron Crown|
|poke|p2|Landorus-Therian, M|
|poke|p2|Samurott-Hisui, M|
|teampreview
|inactive|Battle timer is ON: inactive players will automatically lose when time's up. (requested by falas)
|inactive|healboy009 has 120 seconds left.
|
|t:|1760856566
|teamsize|p1|6
|teamsize|p2|6
|start
|switch|p1a: Rotom|Rotom-Wash, shiny|100/100
|switch|p2a: Landorus|Landorus-Therian, M|100/100
|-ability|p2a: Landorus|Intimidate|boost
|-unboost|p1a: Rotom|atk|1
|turn|1
|
|t:|1760856572
|move|p1a: Rotom|Hydro Pump|p2a: Landorus|[miss]
|-miss|p1a: Rotom|p2a: Landorus
|move|p2a: Landorus|U-turn|p1a: Rotom
|-damage|p1a: Rotom|61/100
|c|☆healboy009|Lel
|
|t:|1760856578
|switch|p2a: Samurott|Samurott-Hisui, M|100/100|[from] U-turn
|
|upkeep
|turn|2
|
|t:|1760856584
|switch|p1a: Weezing|Weezing-Galar, F|100/100
|-ability|p1a: Weezing|Neutralizing Gas
|move|p2a: Samurott|Ceaseless Edge|p1a: Weezing
|-resisted|p1a: Weezing
|-damage|p1a: Weezing|88/100
|-sidestart|p1: healboy009|Spikes
|
|upkeep
|turn|3
|
|t:|1760856587
|move|p2a: Samurott|Flip Turn|p1a: Weezing
|-damage|p1a: Weezing|65/100
|
|t:|1760856591
|switch|p2a: Pecharunt|Pecharunt|100/100|[from] Flip Turn
|move|p1a: Weezing|Will-O-Wisp|p2a: Pecharunt
|-status|p2a: Pecharunt|brn
|
|-damage|p2a: Pecharunt|94/100 brn|[from] brn
|upkeep
|turn|4
|
|t:|1760856597
|move|p1a: Weezing|Pain Split|p2a: Pecharunt
|-sethp|p2a: Pecharunt|70/100 brn|[from] move: Pain Split|[silent]
|-sethp|p1a: Weezing|99/100|[from] move: Pain Split
|move|p2a: Pecharunt|Parting Shot|p1a: Weezing
|-unboost|p1a: Weezing|atk|1
|-unboost|p1a: Weezing|spa|1
|
|t:|1760856607
|switch|p2a: Iron Crown|Iron Crown|100/100|[from] Parting Shot
|
|upkeep
|turn|5
|
|t:|1760856617
|-end|p1a: Weezing|ability: Neutralizing Gas
|switch|p1a: Ting-Lu|Ting-Lu|100/100
|-damage|p1a: Ting-Lu|88/100|[from] Spikes
|-ability|p1a: Ting-Lu|Vessel of Ruin
|move|p2a: Iron Crown|Tachyon Cutter|p1a: Ting-Lu
|-damage|p1a: Ting-Lu|73/100
|-damage|p1a: Ting-Lu|56/100
|-hitcount|p1a: Ting-Lu|2
|
|-heal|p1a: Ting-Lu|62/100|[from] item: Leftovers
|upkeep
|turn|6
|
|t:|1760856627
|-end|p2a: Iron Crown|Quark Drive|[silent]
|switch|p2a: Ogerpon|Ogerpon-Wellspring, F|100/100
|move|p1a: Ting-Lu|Stealth Rock|p2a: Ogerpon
|-sidestart|p2: falas|move: Stealth Rock
|
|-heal|p1a: Ting-Lu|69/100|[from] item: Leftovers
|upkeep
|turn|7
|
|t:|1760856631
|switch|p1a: Hydrapple|Hydrapple, M|100/100
|-damage|p1a: Hydrapple|88/100|[from] Spikes
|move|p2a: Ogerpon|Trailblaze|p1a: Hydrapple
|-resisted|p1a: Hydrapple
|-damage|p1a: Hydrapple|84/100
|-boost|p2a: Ogerpon|spe|1
|-damage|p2a: Ogerpon|84/100|[from] item: Rocky Helmet|[of] p1a: Hydrapple
|
|upkeep
|turn|8
|
|t:|1760856642
|switch|p2a: Iron Crown|Iron Crown|100/100
|-damage|p2a: Iron Crown|94/100|[from] Stealth Rock
|move|p1a: Hydrapple|Nasty Plot|p1a: Hydrapple
|-boost|p1a: Hydrapple|spa|2
|
|upkeep
|turn|9
|
|t:|1760856652
|move|p2a: Iron Crown|Tachyon Cutter|p1a: Hydrapple
|-damage|p1a: Hydrapple|44/100
|-damage|p1a: Hydrapple|4/100
|-hitcount|p1a: Hydrapple|2
|move|p1a: Hydrapple|Earth Power|p2a: Iron Crown
|-supereffective|p2a: Iron Crown
|-damage|p2a: Iron Crown|0 fnt
|faint|p2a: Iron Crown
|-end|p2a: Iron Crown|Quark Drive|[silent]
|
|upkeep
|
|t:|1760856661
|switch|p2a: Great Tusk|Great Tusk|100/100
|-damage|p2a: Great Tusk|98/100|[from] Stealth Rock
|-enditem|p2a: Great Tusk|Booster Energy
|-activate|p2a: Great Tusk|ability: Protosynthesis|[fromitem]
|-start|p2a: Great Tusk|protosynthesisspe
|turn|10
|
|t:|1760856672
|switch|p1a: Rotom|Rotom-Wash, shiny|61/100
|move|p2a: Great Tusk|Rapid Spin|p1a: Rotom
|-damage|p1a: Rotom|42/100
|-boost|p2a: Great Tusk|spe|1
|-sideend|p2: falas|Stealth Rock|[from] move: Rapid Spin|[of] p2a: Great Tusk
|
|upkeep
|turn|11
|
|t:|1760856677
|move|p2a: Great Tusk|Knock Off|p1a: Rotom
|-damage|p1a: Rotom|3/100
|-enditem|p1a: Rotom|Choice Scarf|[from] move: Knock Off|[of] p2a: Great Tusk
|move|p1a: Rotom|Hydro Pump|p2a: Great Tusk
|-supereffective|p2a: Great Tusk
|-damage|p2a: Great Tusk|0 fnt
|faint|p2a: Great Tusk
|-end|p2a: Great Tusk|Protosynthesis|[silent]
|
|upkeep
|
|t:|1760856695
|switch|p2a: Ogerpon|Ogerpon-Wellspring, F|84/100
|turn|12
|
|t:|1760856711
|move|p1a: Rotom|Pain Split|p2a: Ogerpon
|-sethp|p2a: Ogerpon|43/100|[from] move: Pain Split|[silent]
|-sethp|p1a: Rotom|64/100|[from] move: Pain Split
|move|p2a: Ogerpon|Swords Dance|p2a: Ogerpon
|-boost|p2a: Ogerpon|atk|2
|
|upkeep
|turn|13
|
|t:|1760856717
|move|p1a: Rotom|Volt Switch|p2a: Ogerpon
|-damage|p2a: Ogerpon|15/100
|
|t:|1760856722
|switch|p1a: Hydrapple|Hydrapple, M|38/100|[from] Volt Switch
|-damage|p1a: Hydrapple|25/100|[from] Spikes
|move|p2a: Ogerpon|Horn Leech|p1a: Hydrapple
|-resisted|p1a: Hydrapple
|-damage|p1a: Hydrapple|11/100
|-heal|p2a: Ogerpon|23/100|[from] drain|[of] p1a: Hydrapple
|-damage|p2a: Ogerpon|7/100|[from] item: Rocky Helmet|[of] p1a: Hydrapple
|
|upkeep
|turn|14
|
|t:|1760856734
|move|p2a: Ogerpon|Ivy Cudgel|p1a: Hydrapple|[anim] Ivy Cudgel Water
|-resisted|p1a: Hydrapple
|-damage|p1a: Hydrapple|0 fnt
|faint|p1a: Hydrapple
|
|upkeep
|
|t:|1760856746
|switch|p1a: Rotom|Rotom-Wash, shiny|64/100
|turn|15
|
|t:|1760856754
|switch|p2a: Landorus|Landorus-Therian, M|100/100
|-ability|p2a: Landorus|Intimidate|boost
|-unboost|p1a: Rotom|atk|1
|move|p1a: Rotom|Volt Switch|p2a: Landorus
|-immune|p2a: Landorus
|
|upkeep
|turn|16
|
|t:|1760856759
|move|p2a: Landorus|U-turn|p1a: Rotom
|-damage|p1a: Rotom|28/100
|
|t:|1760856763
|switch|p2a: Samurott|Samurott-Hisui, M|100/100|[from] U-turn
|move|p1a: Rotom|Volt Switch|p2a: Samurott
|-supereffective|p2a: Samurott
|-damage|p2a: Samurott|40/100
|
|t:|1760856778
|switch|p1a: Weezing|Weezing-Galar, F|99/100|[from] Volt Switch
|-ability|p1a: Weezing|Neutralizing Gas
|
|upkeep
|turn|17
|
|t:|1760856781
|move|p2a: Samurott|Ceaseless Edge|p1a: Weezing
|-resisted|p1a: Weezing
|-damage|p1a: Weezing|84/100
|-sidestart|p1: healboy009|Spikes
|move|p1a: Weezing|Sludge Wave|p2a: Samurott
|-damage|p2a: Samurott|15/100
|
|upkeep
|turn|18
|
|t:|1760856787
|move|p2a: Samurott|Ceaseless Edge|p1a: Weezing
|-resisted|p1a: Weezing
|-damage|p1a: Weezing|71/100
|-sidestart|p1: healboy009|Spikes
|move|p1a: Weezing|Sludge Wave|p2a: Samurott
|-damage|p2a: Samurott|0 fnt
|faint|p2a: Samurott
|
|upkeep
|
|t:|1760856791
|switch|p2a: Pecharunt|Pecharunt|70/100 brn
|turn|19
|
|t:|1760856795
|move|p1a: Weezing|Defog|p2a: Pecharunt
|-unboost|p2a: Pecharunt|evasion|1
|-sideend|p1: healboy009|Spikes|[from] move: Defog|[of] p1a: Weezing
|move|p2a: Pecharunt|Parting Shot|p1a: Weezing
|-unboost|p1a: Weezing|atk|1
|-unboost|p1a: Weezing|spa|1
|
|t:|1760856800
|switch|p2a: Ogerpon|Ogerpon-Wellspring, F|7/100|[from] Parting Shot
|
|upkeep
|turn|20
|
|t:|1760856809
|move|p2a: Ogerpon|Ivy Cudgel|p1a: Weezing|[anim] Ivy Cudgel Water
|-damage|p1a: Weezing|26/100
|move|p1a: Weezing|Sludge Wave|p2a: Ogerpon
|-supereffective|p2a: Ogerpon
|-damage|p2a: Ogerpon|0 fnt
|faint|p2a: Ogerpon
|
|upkeep
|
|t:|1760856812
|switch|p2a: Landorus|Landorus-Therian, M|100/100
|turn|21
|
|t:|1760856820
|move|p2a: Landorus|Stone Edge|p1a: Weezing
|-damage|p1a: Weezing|0 fnt
|faint|p1a: Weezing
|-end|p1a: Weezing|ability: Neutralizing Gas
|
|upkeep
|
|t:|1760856825
|switch|p1a: Ceruledge|Ceruledge, M|100/100
|turn|22
|
|t:|1760856827
|move|p2a: Landorus|Stone Edge|p1a: Ceruledge
|-supereffective|p1a: Ceruledge
|-enditem|p1a: Ceruledge|Focus Sash
|-damage|p1a: Ceruledge|1/100
|-ability|p1a: Ceruledge|Weak Armor|boost
|-unboost|p1a: Ceruledge|def|1
|-boost|p1a: Ceruledge|spe|2
|move|p1a: Ceruledge|Swords Dance|p1a: Ceruledge
|-boost|p1a: Ceruledge|atk|2
|
|upkeep
|turn|23
|
|t:|1760856834
|move|p1a: Ceruledge|Poltergeist|p2a: Landorus
|-activate|p2a: Landorus|move: Poltergeist|Choice Scarf
|-damage|p2a: Landorus|0 fnt
|faint|p2a: Landorus
|
|upkeep
|-message|falas forfeited.
|
|win|healboy009
|raw|healboy009's rating: 1415 &rarr; <strong>1435</strong><br />(+20 for winning)
|raw|falas's rating: 1414 &rarr; <strong>1394</strong><br />(-20 for losing)
|l|‽falas
|player|p2|
