|j|☆crackstone
|j|☆Jesterdoodle
|t:|1760807456
|gametype|singles
|player|p1|crackstone|265|1299
|player|p2|Jesterdoodle|265|1267
|gen|9
|tier|[Gen 9] OU
|rated|
|rule|HP Percentage Mod: HP is shown in percentages
|rule|Endless Battle Clause: Forcing endless battles is banned
|rule|Species Clause: Limit one of each Pokémon
|rule|OHKO Clause: OHKO moves are banned
|rule|Evasion Items Clause: Evasion items are banned
|rule|Evasion Moves Clause: Evasion moves are banned
|rule|Evasion Abilities Clause: Evasion abilities are banned
|rule|Sleep Moves Clause: Sleep-inducing moves are banned
|clearpoke
|poke|p1|Kingambit, F|
|poke|p1|Garchomp, M|
|poke|p1|Ting-Lu|
|poke|p1|Keldeo|
|poke|p1|Iron Moth|
|poke|p1|Gholdengo|
|poke|p2|Skeledirge, M|
|poke|p2|Ditto|
|poke|p2|Zoroark-Hisui, M|
|poke|p2|Spiritomb, M|
|poke|p2|Mimikyu, F|
|poke|p2|Pecharunt|
|teampreview
|
|t:|1760807464
|teamsize|p1|6
|teamsize|p2|6
|start
|switch|p1a: Ting-Lu|Ting-Lu|100/100
|switch|p2a: Skeledirge|Skeledirge, M|100/100
|-ability|p1a: Ting-Lu|Vessel of Ruin
|turn|1
|inactive|Battle timer is ON: inactive players will automatically lose when time's up. (requested by Jesterdoodle)
|
|t:|1760807486
|move|p2a: Skeledirge|Trick|p1a: Ting-Lu
|-activate|p2a: Skeledirge|move: Trick|[of] p1a: Ting-Lu
|-item|p1a: Ting-Lu|Choice Specs|[from] move: Trick
|-item|p2a: Skeledirge|Leftovers|[from] move: Trick
|move|p1a: Ting-Lu|Stealth Rock|p2a: Skeledirge
|-sidestart|p2: Jesterdoodle|move: Stealth Rock
|
|upkeep
|turn|2
|
|t:|1760807493
|switch|p1a: Keldeo|Keldeo, shiny|100/100
|move|p2a: Skeledirge|Bitter Malice|p1a: Keldeo
|-damage|p1a: Keldeo|60/100
|-unboost|p1a: Keldeo|atk|1
|
|upkeep
|turn|3
|
|t:|1760807503
|move|p2a: Skeledirge|Psychic|p1a: Keldeo
|-supereffective|p1a: Keldeo
|-damage|p1a: Keldeo|0 fnt
|faint|p1a: Keldeo
|
|upkeep
|
|t:|1760807506
|switch|p1a: Garchomp|Garchomp, M, shiny|100/100
|turn|4
|
|t:|1760807512
|move|p2a: Skeledirge|Bitter Malice|p1a: Garchomp
|-damage|p1a: Garchomp|67/100
|-unboost|p1a: Garchomp|atk|1
|move|p1a: Garchomp|Earthquake|p2a: Skeledirge
|-damage|p2a: Skeledirge|40/100
|replace|p2a: Zoroark|Zoroark-Hisui, M
|-end|p2a: Zoroark|Illusion
|
|-heal|p2a: Zoroark|46/100|[from] item: Leftovers
|-heal|p1a: Garchomp|74/100|[from] item: Leftovers
|upkeep
|turn|5
|
|t:|1760807525
|switch|p1a: Ting-Lu|Ting-Lu|100/100
|-ability|p1a: Ting-Lu|Vessel of Ruin
|move|p2a: Zoroark|Bitter Malice|p1a: Ting-Lu
|-resisted|p1a: Ting-Lu
|-damage|p1a: Ting-Lu|91/100
|-unboost|p1a: Ting-Lu|atk|1
|
|-heal|p2a: Zoroark|52/100|[from] item: Leftovers
|upkeep
|turn|6
|
|t:|1760807538
|switch|p2a: Ditto|Ditto|100/100
|-damage|p2a: Ditto|88/100|[from] Stealth Rock
|-transform|p2a: Ditto|p1a: Ting-Lu|[from] ability: Imposter
|-ability|p2a: Ditto|Vessel of Ruin
|move|p1a: Ting-Lu|Spikes|p2a: Ditto
|-sidestart|p2: Jesterdoodle|Spikes
|
|upkeep
|turn|7
|
|t:|1760807549
|switch|p1a: Meruem|Kingambit, F|100/100
|-activate|p1a: Meruem|ability: Supreme Overlord
|-start|p1a: Meruem|fallen1|[silent]
|move|p2a: Ditto|Spikes|p1a: Meruem
|-sidestart|p1: crackstone|Spikes
|
|upkeep
|turn|8
|inactive|crackstone has 120 seconds left.
|
|t:|1760807586
|move|p2a: Ditto|Spikes|p1a: Meruem
|-sidestart|p1: crackstone|Spikes
|move|p1a: Meruem|Iron Head|p2a: Ditto
|-damage|p2a: Ditto|50/100
|
|upkeep
|turn|9
|
|t:|1760807591
|move|p2a: Ditto|Spikes|p1a: Meruem
|-sidestart|p1: crackstone|Spikes
|move|p1a: Meruem|Low Kick|p2a: Ditto
|-supereffective|p2a: Ditto
|-damage|p2a: Ditto|0 fnt
|faint|p2a: Ditto
|
|upkeep
|
|t:|1760807600
|switch|p2a: Spiritomb|Spiritomb, M|100/100
|-damage|p2a: Spiritomb|88/100|[from] Stealth Rock
|-damage|p2a: Spiritomb|75/100|[from] Spikes
|turn|10
|
|t:|1760807618
|move|p1a: Meruem|Iron Head|p2a: Spiritomb
|-damage|p2a: Spiritomb|20/100
|move|p2a: Spiritomb|Will-O-Wisp|p1a: Meruem|[miss]
|-miss|p2a: Spiritomb|p1a: Meruem
|
|-heal|p2a: Spiritomb|26/100|[from] item: Leftovers
|upkeep
|turn|11
|
|t:|1760807626
|move|p1a: Meruem|Iron Head|p2a: Spiritomb
|-damage|p2a: Spiritomb|0 fnt
|faint|p2a: Spiritomb
|
|upkeep
|
|t:|1760807631
|switch|p2a: Skeledirge|Skeledirge, M|100/100
|-damage|p2a: Skeledirge|76/100|[from] Stealth Rock
|-damage|p2a: Skeledirge|63/100|[from] Spikes
|turn|12
|
|t:|1760807637
|-terastallize|p2a: Skeledirge|Normal
|move|p2a: Skeledirge|Will-O-Wisp|p1a: Meruem
|-status|p1a: Meruem|brn
|move|p1a: Meruem|Low Kick|p2a: Skeledirge
|-supereffective|p2a: Skeledirge
|-damage|p2a: Skeledirge|30/100
|
|-heal|p2a: Skeledirge|36/100|[from] item: Leftovers
|-damage|p1a: Meruem|94/100 brn|[from] brn
|upkeep
|turn|13
|
|t:|1760807649
|move|p2a: Skeledirge|Slack Off|p2a: Skeledirge
|-heal|p2a: Skeledirge|86/100
|move|p1a: Meruem|Low Kick|p2a: Skeledirge
|-supereffective|p2a: Skeledirge
|-damage|p2a: Skeledirge|55/100
|
|-heal|p2a: Skeledirge|61/100|[from] item: Leftovers
|-heal|p1a: Meruem|100/100 brn|[from] item: Leftovers
|-damage|p1a: Meruem|94/100 brn|[from] brn
|upkeep
|turn|14
|
|t:|1760807662
|move|p2a: Skeledirge|Torch Song|p1a: Meruem
|-supereffective|p1a: Meruem
|-damage|p1a: Meruem|33/100 brn
|-boost|p2a: Skeledirge|spa|1
|move|p1a: Meruem|Swords Dance|p1a: Meruem
|-boost|p1a: Meruem|atk|2
|
|-heal|p2a: Skeledirge|67/100|[from] item: Leftovers
|-heal|p1a: Meruem|39/100 brn|[from] item: Leftovers
|-damage|p1a: Meruem|33/100 brn|[from] brn
|upkeep
|turn|15
|
|t:|1760807673
|move|p2a: Skeledirge|Slack Off|p2a: Skeledirge
|-heal|p2a: Skeledirge|100/100
|move|p1a: Meruem|Low Kick|p2a: Skeledirge
|-supereffective|p2a: Skeledirge
|-damage|p2a: Skeledirge|69/100
|
|-heal|p2a: Skeledirge|75/100|[from] item: Leftovers
|-heal|p1a: Meruem|39/100 brn|[from] item: Leftovers
|-damage|p1a: Meruem|33/100 brn|[from] brn
|upkeep
|turn|16
|
|t:|1760807683
|move|p2a: Skeledirge|Torch Song|p1a: Meruem
|-supereffective|p1a: Meruem
|-damage|p1a: Meruem|0 fnt
|-boost|p2a: Skeledirge|spa|1
|faint|p1a: Meruem
|-end|p1a: Meruem|fallen1|[silent]
|
|-heal|p2a: Skeledirge|81/100|[from] item: Leftovers
|upkeep
|
|t:|1760807697
|switch|p1a: Anomаly|Iron Moth|100/100
|-damage|p1a: Anomаly|76/100|[from] Spikes
|-enditem|p1a: Anomаly|Booster Energy
|-activate|p1a: Anomаly|ability: Quark Drive|[fromitem]
|-start|p1a: Anomаly|quarkdrivespe
|turn|17
|
|t:|1760807705
|move|p1a: Anomаly|Fiery Dance|p2a: Skeledirge
|-damage|p2a: Skeledirge|37/100
|-boost|p1a: Anomаly|spa|1
|move|p2a: Skeledirge|Earth Power|p1a: Anomаly
|-supereffective|p1a: Anomаly
|-damage|p1a: Anomаly|0 fnt
|faint|p1a: Anomаly
|-end|p1a: Anomаly|Quark Drive|[silent]
|
|-heal|p2a: Skeledirge|44/100|[from] item: Leftovers
|upkeep
|inactive|crackstone has 120 seconds left.
|
|t:|1760807745
|switch|p1a: Garchomp|Garchomp, M, shiny|74/100
|-damage|p1a: Garchomp|49/100|[from] Spikes
|turn|18
|
|t:|1760807750
|move|p1a: Garchomp|Earthquake|p2a: Skeledirge
|-damage|p2a: Skeledirge|17/100
|move|p2a: Skeledirge|Slack Off|p2a: Skeledirge
|-heal|p2a: Skeledirge|67/100
|
|-heal|p1a: Garchomp|55/100|[from] item: Leftovers
|-heal|p2a: Skeledirge|73/100|[from] item: Leftovers
|upkeep
|turn|19
|
|t:|1760807759
|move|p1a: Garchomp|Swords Dance|p1a: Garchomp
|-boost|p1a: Garchomp|atk|2
|move|p2a: Skeledirge|Will-O-Wisp|p1a: Garchomp
|-status|p1a: Garchomp|brn
|
|-heal|p1a: Garchomp|61/100 brn|[from] item: Leftovers
|-heal|p2a: Skeledirge|79/100|[from] item: Leftovers
|-damage|p1a: Garchomp|55/100 brn|[from] brn
|upkeep
|turn|20
|-message|crackstone forfeited.
|
|win|Jesterdoodle
|raw|crackstone's rating: 1252 &rarr; <strong>1228</strong><br />(-24 for losing)
|raw|Jesterdoodle's rating: 1267 &rarr; <strong>1291</strong><br />(+24 for winning)
|l|☆crackstone
|player|p1|
|l|☆Jesterdoodle
|player|p2|
