|j|☆nevidebla
|j|☆kabutopzboy
|t:|1760771517
|gametype|singles
|player|p1|nevidebla|psychicf-gen4|1248
|player|p2|kabutopzboy|acetrainer-gen4|1237
|gen|9
|tier|[Gen 9] OU
|rated|
|rule|HP Percentage Mod: HP is shown in percentages
|rule|Endless Battle Clause: Forcing endless battles is banned
|rule|Species Clause: Limit one of each Pokémon
|rule|OHKO Clause: OHKO moves are banned
|rule|Evasion Items Clause: Evasion items are banned
|rule|Evasion Moves Clause: Evasion moves are banned
|rule|Evasion Abilities Clause: Evasion abilities are banned
|rule|Sleep Moves Clause: Sleep-inducing moves are banned
|clearpoke
|poke|p1|Ogerpon-Wellspring, F|
|poke|p1|Zamazenta-*|
|poke|p1|Hydreigon, M|
|poke|p1|Heatran, M|
|poke|p1|Slowking-Galar, M|
|poke|p1|Weezing-Galar, M|
|poke|p2|Dragapult, M|
|poke|p2|Great Tusk|
|poke|p2|Zangoose, F|
|poke|p2|Zapdos|
|poke|p2|Clodsire, F|
|poke|p2|Ursaluna, F|
|teampreview
|
|t:|1760771548
|teamsize|p1|6
|teamsize|p2|6
|start
|switch|p1a: Hydreigon|Hydreigon, M|100/100
|switch|p2a: Great Tusk|Great Tusk|100/100
|-enditem|p2a: Great Tusk|Booster Energy
|-activate|p2a: Great Tusk|ability: Protosynthesis|[fromitem]
|-start|p2a: Great Tusk|protosynthesisspe
|turn|1
|
|t:|1760771557
|switch|p1a: Zamazenta|Zamazenta|100/100
|-ability|p1a: Zamazenta|Dauntless Shield|boost
|-boost|p1a: Zamazenta|def|1
|-terastallize|p2a: Great Tusk|Ice
|move|p2a: Great Tusk|Bulk Up|p2a: Great Tusk
|-boost|p2a: Great Tusk|atk|1
|-boost|p2a: Great Tusk|def|1
|
|upkeep
|turn|2
|
|t:|1760771569
|-end|p2a: Great Tusk|Protosynthesis|[silent]
|switch|p2a: Dragapult|Dragapult, M|100/100
|move|p1a: Zamazenta|Body Press|p2a: Dragapult
|-immune|p2a: Dragapult
|
|upkeep
|turn|3
|
|t:|1760771574
|move|p1a: Zamazenta|Crunch|p2a: Dragapult
|-supereffective|p2a: Dragapult
|-damage|p2a: Dragapult|55/100
|-enditem|p2a: Dragapult|Weakness Policy
|-boost|p2a: Dragapult|atk|2|[from] item: Weakness Policy
|-boost|p2a: Dragapult|spa|2|[from] item: Weakness Policy
|move|p2a: Dragapult|Will-O-Wisp|p1a: Zamazenta
|-status|p1a: Zamazenta|brn
|
|-damage|p1a: Zamazenta|94/100 brn|[from] brn
|upkeep
|turn|4
|
|t:|1760771617
|move|p1a: Zamazenta|Crunch|p2a: Dragapult
|-supereffective|p2a: Dragapult
|-damage|p2a: Dragapult|32/100
|move|p2a: Dragapult|Hex|p1a: Zamazenta
|-damage|p1a: Zamazenta|12/100 brn
|
|-heal|p1a: Zamazenta|18/100 brn|[from] item: Leftovers
|-damage|p1a: Zamazenta|12/100 brn|[from] brn
|upkeep
|turn|5
|
|t:|1760771625
|move|p1a: Zamazenta|Crunch|p2a: Dragapult
|-supereffective|p2a: Dragapult
|-damage|p2a: Dragapult|8/100
|move|p2a: Dragapult|Hex|p1a: Zamazenta
|-damage|p1a: Zamazenta|0 fnt
|faint|p1a: Zamazenta
|
|upkeep
|
|t:|1760771631
|switch|p1a: Weezing|Weezing-Galar, M|100/100
|turn|6
|
|t:|1760771642
|switch|p2a: Clodsire|Clodsire, F|100/100
|move|p1a: Weezing|Sludge Wave|p2a: Clodsire
|-resisted|p2a: Clodsire
|-damage|p2a: Clodsire|96/100
|
|upkeep
|turn|7
|
|t:|1760771652
|move|p1a: Weezing|Will-O-Wisp|p2a: Clodsire
|-status|p2a: Clodsire|brn
|move|p2a: Clodsire|Toxic Spikes|p1a: Weezing
|-sidestart|p1: nevidebla|move: Toxic Spikes
|
|-damage|p2a: Clodsire|89/100 brn|[from] brn
|upkeep
|turn|8
|
|t:|1760771664
|switch|p1a: Slowking|Slowking-Galar, M|100/100
|-sideend|p1: nevidebla|move: Toxic Spikes|[of] p1a: Slowking
|move|p2a: Clodsire|Earthquake|p1a: Slowking
|-supereffective|p1a: Slowking
|-enditem|p1a: Slowking|Shuca Berry|[eat]
|-enditem|p1a: Slowking|Shuca Berry|[weaken]
|-damage|p1a: Slowking|87/100
|
|-damage|p2a: Clodsire|83/100 brn|[from] brn
|upkeep
|turn|9
|
|t:|1760771675
|move|p1a: Slowking|Psychic|p2a: Clodsire
|-supereffective|p2a: Clodsire
|-damage|p2a: Clodsire|26/100 brn
|-enditem|p2a: Clodsire|Sitrus Berry|[eat]
|-heal|p2a: Clodsire|51/100 brn|[from] item: Sitrus Berry
|move|p2a: Clodsire|Earthquake|p1a: Slowking
|-supereffective|p1a: Slowking
|-damage|p1a: Slowking|58/100
|
|-damage|p2a: Clodsire|44/100 brn|[from] brn
|upkeep
|turn|10
|
|t:|1760771684
|switch|p2a: Zapp|Zapdos|100/100
|move|p1a: Slowking|Psychic|p2a: Zapp
|-damage|p2a: Zapp|62/100
|
|-heal|p2a: Zapp|69/100|[from] item: Leftovers
|upkeep
|turn|11
|
|t:|1760771691
|move|p2a: Zapp|Tailwind|p2a: Zapp
|-sidestart|p2: kabutopzboy|move: Tailwind
|move|p1a: Slowking|Ice Beam|p2a: Zapp
|-supereffective|p2a: Zapp
|-damage|p2a: Zapp|23/100
|
|-heal|p2a: Zapp|29/100|[from] item: Leftovers
|upkeep
|turn|12
|
|t:|1760771699
|switch|p2a: Zangoose|Zangoose, F, shiny|100/100
|move|p1a: Slowking|Ice Beam|p2a: Zangoose
|-damage|p2a: Zangoose|55/100
|
|-status|p2a: Zangoose|tox|[from] item: Toxic Orb
|upkeep
|turn|13
|
|t:|1760771715
|switch|p1a: Weezing|Weezing-Galar, M|100/100
|move|p2a: Zangoose|Knock Off|p1a: Weezing
|-resisted|p1a: Weezing
|-damage|p1a: Weezing|83/100
|-enditem|p1a: Weezing|Leftovers|[from] move: Knock Off|[of] p2a: Zangoose
|
|-damage|p2a: Zangoose|49/100 tox|[from] psn
|upkeep
|turn|14
|
|t:|1760771722
|move|p2a: Zangoose|Facade|p1a: Weezing
|-damage|p1a: Weezing|15/100
|move|p1a: Weezing|Sludge Wave|p2a: Zangoose
|-damage|p2a: Zangoose|0 fnt
|faint|p2a: Zangoose
|
|-sideend|p2: kabutopzboy|move: Tailwind
|upkeep
|
|t:|1760771729
|switch|p2a: Zapp|Zapdos|29/100
|turn|15
|
|t:|1760771733
|move|p2a: Zapp|Tailwind|p2a: Zapp
|-sidestart|p2: kabutopzboy|move: Tailwind
|move|p1a: Weezing|Pain Split|p2a: Zapp
|-sethp|p2a: Zapp|22/100|[from] move: Pain Split|[silent]
|-sethp|p1a: Weezing|21/100|[from] move: Pain Split
|
|-heal|p2a: Zapp|28/100|[from] item: Leftovers
|upkeep
|turn|16
|
|t:|1760771740
|move|p2a: Zapp|Discharge|p1a: Weezing
|-damage|p1a: Weezing|0 fnt
|faint|p1a: Weezing
|
|-heal|p2a: Zapp|35/100|[from] item: Leftovers
|upkeep
|
|t:|1760771743
|switch|p1a: Heatran|Heatran, M|100/100
|turn|17
|
|t:|1760771748
|switch|p2a: Ursaluna|Ursaluna, F|100/100
|move|p1a: Heatran|Magma Storm|p2a: Ursaluna
|-damage|p2a: Ursaluna|69/100
|-activate|p2a: Ursaluna|move: Magma Storm|[of] p1a: Heatran
|
|-damage|p2a: Ursaluna|56/100|[from] move: Magma Storm|[partiallytrapped]
|-status|p2a: Ursaluna|brn|[from] item: Flame Orb
|upkeep
|turn|18
|
|t:|1760771760
|-terastallize|p1a: Heatran|Grass
|move|p2a: Ursaluna|Close Combat|p1a: Heatran
|-damage|p1a: Heatran|57/100
|-unboost|p2a: Ursaluna|def|1
|-unboost|p2a: Ursaluna|spd|1
|move|p1a: Heatran|Magma Storm|p2a: Ursaluna
|-damage|p2a: Ursaluna|7/100 brn
|
|-heal|p1a: Heatran|64/100|[from] item: Leftovers
|-damage|p2a: Ursaluna|0 fnt|[from] brn
|faint|p2a: Ursaluna
|-sideend|p2: kabutopzboy|move: Tailwind
|upkeep
|
|t:|1760771772
|switch|p2a: Great Tusk|Great Tusk, tera:Ice|100/100
|turn|19
|
|t:|1760771780
|move|p2a: Great Tusk|Bulk Up|p2a: Great Tusk
|-boost|p2a: Great Tusk|atk|1
|-boost|p2a: Great Tusk|def|1
|move|p1a: Heatran|Magma Storm|p2a: Great Tusk
|-supereffective|p2a: Great Tusk
|-damage|p2a: Great Tusk|0 fnt
|faint|p2a: Great Tusk
|-end|p2a: Great Tusk|Protosynthesis|[silent]
|
|-heal|p1a: Heatran|70/100|[from] item: Leftovers
|upkeep
|
|t:|1760771789
|switch|p2a: Zapp|Zapdos|35/100
|turn|20
|
|t:|1760771792
|move|p2a: Zapp|Brave Bird|p1a: Heatran
|-supereffective|p1a: Heatran
|-damage|p1a: Heatran|9/100
|-damage|p2a: Zapp|10/100|[from] Recoil
|move|p1a: Heatran|Magma Storm|p2a: Zapp
|-damage|p2a: Zapp|0 fnt
|faint|p2a: Zapp
|
|-heal|p1a: Heatran|15/100|[from] item: Leftovers
|upkeep
|
|t:|1760771801
|switch|p2a: Dragapult|Dragapult, M|8/100
|turn|21
|
|t:|1760771806
|move|p2a: Dragapult|Dragon Darts|p1a: Heatran
|-damage|p1a: Heatran|0 fnt
|faint|p1a: Heatran
|
|upkeep
|
|t:|1760771815
|switch|p1a: Hydreigon|Hydreigon, M|100/100
|turn|22
|
|t:|1760771819
|move|p1a: Hydreigon|Dark Pulse|p2a: Dragapult
|-supereffective|p2a: Dragapult
|-damage|p2a: Dragapult|0 fnt
|faint|p2a: Dragapult
|
|upkeep
|
|t:|1760771823
|switch|p2a: Clodsire|Clodsire, F|44/100 brn
|turn|23
|
|t:|1760771827
|move|p1a: Hydreigon|Dark Pulse|p2a: Clodsire
|-damage|p2a: Clodsire|16/100 brn
|cant|p2a: Clodsire|flinch
|
|-damage|p2a: Clodsire|10/100 brn|[from] brn
|upkeep
|turn|24
|
|t:|1760771833
|move|p1a: Hydreigon|Dark Pulse|p2a: Clodsire
|-damage|p2a: Clodsire|0 fnt
|faint|p2a: Clodsire
|
|win|nevidebla
|raw|nevidebla's rating: 1248 &rarr; <strong>1272</strong><br />(+24 for winning)
|raw|kabutopzboy's rating: 1237 &rarr; <strong>1213</strong><br />(-24 for losing)
|l|☆nevidebla
|player|p1|
|l|☆kabutopzboy
|player|p2|
