|j|☆AlmostNamedOne
|j|☆Denvertzzz
|t:|1760847017
|gametype|singles
|player|p1|AlmostNamedOne|169|1278
|player|p2|Denvertzzz|169|1206
|gen|9
|tier|[Gen 9] OU
|rated|
|rule|HP Percentage Mod: HP is shown in percentages
|rule|Endless Battle Clause: Forcing endless battles is banned
|rule|Species Clause: Limit one of each Pokémon
|rule|OHKO Clause: OHKO moves are banned
|rule|Evasion Items Clause: Evasion items are banned
|rule|Evasion Moves Clause: Evasion moves are banned
|rule|Evasion Abilities Clause: Evasion abilities are banned
|rule|Sleep Moves Clause: Sleep-inducing moves are banned
|clearpoke
|poke|p1|Dragonite, M|
|poke|p1|Ting-Lu|
|poke|p1|Ogerpon-Wellspring, F|
|poke|p1|Gholdengo|
|poke|p1|Iron Valiant|
|poke|p1|Samurott-Hisui, F|
|poke|p2|Grimmsnarl, M|
|poke|p2|Pincurchin, M|
|poke|p2|Raichu-Alola, M|
|poke|p2|Drifblim, M|
|poke|p2|Corviknight, M|
|poke|p2|Haxorus, M|
|teampreview
|inactive|Battle timer is ON: inactive players will automatically lose when time's up. (requested by Denvertzzz)
|c|☆AlmostNamedOne|this looks like an alcremie team I used
|
|t:|1760847046
|teamsize|p1|6
|teamsize|p2|6
|start
|switch|p1a: Iron Valiant|Iron Valiant|100/100
|switch|p2a: Gringo|Grimmsnarl, M, shiny|100/100
|-enditem|p1a: Iron Valiant|Booster Energy
|-activate|p1a: Iron Valiant|ability: Quark Drive|[fromitem]
|-start|p1a: Iron Valiant|quarkdrivespe
|turn|1
|
|t:|1760847060
|-terastallize|p2a: Gringo|Fire
|move|p2a: Gringo|Bulk Up|p2a: Gringo
|-boost|p2a: Gringo|atk|1
|-boost|p2a: Gringo|def|1
|move|p1a: Iron Valiant|Moonblast|p2a: Gringo
|-resisted|p2a: Gringo
|-damage|p2a: Gringo|81/100
|
|upkeep
|turn|2
|
|t:|1760847078
|-end|p1a: Iron Valiant|Quark Drive|[silent]
|switch|p1a: Samurott|Samurott-Hisui, F|100/100
|move|p2a: Gringo|Spirit Break|p1a: Samurott
|-supereffective|p1a: Samurott
|-damage|p1a: Samurott|0 fnt
|faint|p1a: Samurott
|-damage|p2a: Gringo|71/100|[from] item: Life Orb
|
|upkeep
|
|t:|1760847087
|switch|p1a: Ogerpon|Ogerpon-Wellspring, F|100/100
|turn|3
|
|t:|1760847091
|move|p2a: Gringo|Sucker Punch|p1a: Ogerpon
|-crit|p1a: Ogerpon
|-damage|p1a: Ogerpon|0 fnt
|faint|p1a: Ogerpon
|-damage|p2a: Gringo|61/100|[from] item: Life Orb
|
|upkeep
|c|☆AlmostNamedOne|WELL OKAY
|
|t:|1760847104
|switch|p1a: Dragonite|Dragonite, M|100/100
|turn|4
|
|t:|1760847108
|move|p1a: Dragonite|Earthquake|p2a: Gringo
|-supereffective|p2a: Gringo
|-damage|p2a: Gringo|0 fnt
|faint|p2a: Gringo
|
|upkeep
|
|t:|1760847115
|switch|p2a: Fuzzie|Pincurchin, M, shiny|100/100
|-fieldstart|move: Electric Terrain|[from] ability: Electric Surge|[of] p2a: Fuzzie
|turn|5
|
|t:|1760847121
|move|p1a: Dragonite|Earthquake|p2a: Fuzzie
|-supereffective|p2a: Fuzzie
|-damage|p2a: Fuzzie|16/100
|move|p2a: Fuzzie|Thunder Wave|p1a: Dragonite
|-status|p1a: Dragonite|par
|
|upkeep
|turn|6
|
|t:|1760847129
|switch|p2a: Glowie|Drifblim, M, shiny|100/100
|-enditem|p2a: Glowie|Electric Seed
|-boost|p2a: Glowie|def|1|[from] item: Electric Seed
|move|p1a: Dragonite|Earthquake|p2a: Glowie
|-immune|p2a: Glowie
|
|upkeep
|turn|7
|
|t:|1760847138
|switch|p1a: Gholdengo|Gholdengo|100/100
|-item|p1a: Gholdengo|Air Balloon
|move|p2a: Glowie|Calm Mind|p2a: Glowie
|-boost|p2a: Glowie|spa|1
|-boost|p2a: Glowie|spd|1
|
|upkeep
|turn|8
|
|t:|1760847147
|-terastallize|p1a: Gholdengo|Steel
|move|p2a: Glowie|Calm Mind|p2a: Glowie
|-boost|p2a: Glowie|spa|1
|-boost|p2a: Glowie|spd|1
|move|p1a: Gholdengo|Shadow Ball|p2a: Glowie
|-supereffective|p2a: Glowie
|-damage|p2a: Glowie|57/100
|-unboost|p2a: Glowie|spd|1
|
|upkeep
|turn|9
|
|t:|1760847161
|move|p2a: Glowie|Calm Mind|p2a: Glowie
|-boost|p2a: Glowie|spa|1
|-boost|p2a: Glowie|spd|1
|move|p1a: Gholdengo|Nasty Plot|p1a: Gholdengo
|-boost|p1a: Gholdengo|spa|2
|
|upkeep
|turn|10
|
|t:|1760847172
|move|p2a: Glowie|Thunderbolt|p1a: Gholdengo
|-damage|p1a: Gholdengo|20/100
|-status|p1a: Gholdengo|par
|-enditem|p1a: Gholdengo|Air Balloon
|move|p1a: Gholdengo|Shadow Ball|p2a: Glowie
|-supereffective|p2a: Glowie
|-damage|p2a: Glowie|0 fnt
|faint|p2a: Glowie
|
|upkeep
|
|t:|1760847189
|switch|p2a: Coolie|Haxorus, M, shiny|100/100
|-ability|p2a: Coolie|Mold Breaker
|turn|11
|
|t:|1760847194
|move|p2a: Coolie|Dragon Dance|p2a: Coolie
|-boost|p2a: Coolie|atk|1
|-boost|p2a: Coolie|spe|1
|move|p1a: Gholdengo|Make It Rain|p2a: Coolie
|-damage|p2a: Coolie|0 fnt
|-unboost|p1a: Gholdengo|spa|1
|faint|p2a: Coolie
|
|upkeep
|
|t:|1760847204
|switch|p2a: Boogie|Corviknight, M, shiny|100/100
|turn|12
|c|☆AlmostNamedOne|tera steel 2x spatk and you dragon dance?
|
|t:|1760847210
|move|p2a: Boogie|Iron Defense|p2a: Boogie
|-boost|p2a: Boogie|def|2
|move|p1a: Gholdengo|Recover|p1a: Gholdengo
|-heal|p1a: Gholdengo|70/100 par
|
|-fieldend|move: Electric Terrain
|upkeep
|turn|13
|
|t:|1760847217
|move|p2a: Boogie|Iron Defense|p2a: Boogie
|-boost|p2a: Boogie|def|2
|move|p1a: Gholdengo|Shadow Ball|p2a: Boogie
|-damage|p2a: Boogie|22/100
|-ability|p2a: Boogie|Mirror Armor
|-unboost|p1a: Gholdengo|spd|1
|
|upkeep
|turn|14
|
|t:|1760847227
|move|p2a: Boogie|Body Press|p1a: Gholdengo
|-supereffective|p1a: Gholdengo
|-damage|p1a: Gholdengo|0 fnt
|faint|p1a: Gholdengo
|
|upkeep
|
|t:|1760847236
|switch|p1a: Iron Valiant|Iron Valiant|100/100
|turn|15
|
|t:|1760847241
|move|p1a: Iron Valiant|Shadow Ball|p2a: Boogie
|-damage|p2a: Boogie|0 fnt
|faint|p2a: Boogie
|
|upkeep
|
|t:|1760847247
|switch|p2a: Fuzzie|Pincurchin, M, shiny|16/100
|-fieldstart|move: Electric Terrain|[from] ability: Electric Surge|[of] p2a: Fuzzie
|-activate|p1a: Iron Valiant|ability: Quark Drive
|-start|p1a: Iron Valiant|quarkdrivespe
|turn|16
|
|t:|1760847254
|move|p1a: Iron Valiant|Moonblast|p2a: Fuzzie
|-damage|p2a: Fuzzie|0 fnt
|faint|p2a: Fuzzie
|
|upkeep
|
|t:|1760847260
|switch|p2a: Brownie|Raichu-Alola, M, shiny|100/100
|turn|17
|c|☆AlmostNamedOne|oh yikes I have ting lu
|
|t:|1760847267
|move|p2a: Brownie|Thunderbolt|p1a: Iron Valiant
|-damage|p1a: Iron Valiant|0 fnt
|faint|p1a: Iron Valiant
|-end|p1a: Iron Valiant|Quark Drive|[silent]
|
|upkeep
|
|t:|1760847272
|switch|p1a: Ting-Lu|Ting-Lu|100/100
|-ability|p1a: Ting-Lu|Vessel of Ruin
|turn|18
|
|t:|1760847278
|move|p2a: Brownie|Nasty Plot|p2a: Brownie
|-boost|p2a: Brownie|spa|2
|move|p1a: Ting-Lu|Earthquake|p2a: Brownie
|-supereffective|p2a: Brownie
|-enditem|p2a: Brownie|Focus Sash
|-damage|p2a: Brownie|1/100
|
|upkeep
|turn|19
|
|t:|1760847287
|move|p2a: Brownie|Surf|p1a: Ting-Lu
|-supereffective|p1a: Ting-Lu
|-damage|p1a: Ting-Lu|52/100
|move|p1a: Ting-Lu|Earthquake|p2a: Brownie
|-supereffective|p2a: Brownie
|-damage|p2a: Brownie|0 fnt
|faint|p2a: Brownie
|
|win|AlmostNamedOne
|raw|AlmostNamedOne's rating: 1278 &rarr; <strong>1298</strong><br />(+20 for winning)
|raw|Denvertzzz's rating: 1206 &rarr; <strong>1186</strong><br />(-20 for losing)
|l|☆Denvertzzz
|player|p2|
|l|☆AlmostNamedOne
|player|p1|
