|j|☆SSSSSheng
|j|☆bludsconio
|t:|1760847848
|gametype|singles
|player|p1|SSSSSheng|102|1479
|player|p2|bludsconio|102|1494
|gen|9
|tier|[Gen 9] OU
|rated|
|rule|HP Percentage Mod: HP is shown in percentages
|rule|Endless Battle Clause: Forcing endless battles is banned
|rule|Species Clause: Limit one of each Pokémon
|rule|OHKO Clause: OHKO moves are banned
|rule|Evasion Items Clause: Evasion items are banned
|rule|Evasion Moves Clause: Evasion moves are banned
|rule|Evasion Abilities Clause: Evasion abilities are banned
|rule|Sleep Moves Clause: Sleep-inducing moves are banned
|clearpoke
|poke|p1|Torkoal, M|
|poke|p1|Charizard, M|
|poke|p1|Hatterene, F|
|poke|p1|Great Tusk|
|poke|p1|Walking Wake|
|poke|p1|Torterra, F|
|poke|p2|Skeledirge, M|
|poke|p2|Ogerpon-Wellspring, F|
|poke|p2|Dragapult, F|
|poke|p2|Weezing-Galar, F|
|poke|p2|Ting-Lu|
|poke|p2|Corviknight, M|
|teampreview
|inactive|Battle timer is ON: inactive players will automatically lose when time's up. (requested by SSSSSheng)
|
|t:|1760847881
|teamsize|p1|6
|teamsize|p2|6
|start
|switch|p1a: Torkoal|Torkoal, M|100/100
|switch|p2a: Dragapult|Dragapult, F|100/100
|-weather|SunnyDay|[from] ability: Drought|[of] p1a: Torkoal
|turn|1
|
|t:|1760847889
|switch|p1a: Hatterene|Hatterene, F|100/100
|move|p2a: Dragapult|Shadow Ball|p1a: Hatterene
|-supereffective|p1a: Hatterene
|-damage|p1a: Hatterene|0 fnt
|faint|p1a: Hatterene
|
|-weather|SunnyDay|[upkeep]
|upkeep
|
|t:|1760847892
|switch|p1a: Walking Wake|Walking Wake|100/100
|-activate|p1a: Walking Wake|ability: Protosynthesis
|-start|p1a: Walking Wake|protosynthesisspe
|turn|2
|inactive|bludsconio has 120 seconds left.
|
|t:|1760847938
|switch|p2a: Ogerpon|Ogerpon-Wellspring, F|100/100
|move|p1a: Walking Wake|Draco Meteor|p2a: Ogerpon
|-damage|p2a: Ogerpon|0 fnt
|-unboost|p1a: Walking Wake|spa|2
|faint|p2a: Ogerpon
|
|-weather|SunnyDay|[upkeep]
|upkeep
|
|t:|1760847948
|switch|p2a: Ting-Lu|Ting-Lu, shiny|100/100
|-ability|p2a: Ting-Lu|Vessel of Ruin
|turn|3
|
|t:|1760847954
|-end|p1a: Walking Wake|Protosynthesis|[silent]
|switch|p1a: Great Tusk|Great Tusk|100/100
|-activate|p1a: Great Tusk|ability: Protosynthesis
|-start|p1a: Great Tusk|protosynthesisatk
|move|p2a: Ting-Lu|Stealth Rock|p1a: Great Tusk
|-sidestart|p1: SSSSSheng|move: Stealth Rock
|
|-weather|SunnyDay|[upkeep]
|upkeep
|turn|4
|
|t:|1760847961
|switch|p2a: Corviknight|Corviknight, M|100/100
|-ability|p2a: Corviknight|Pressure
|move|p1a: Great Tusk|Rapid Spin|p2a: Corviknight
|-resisted|p2a: Corviknight
|-damage|p2a: Corviknight|94/100
|-boost|p1a: Great Tusk|spe|1
|-damage|p1a: Great Tusk|84/100|[from] item: Rocky Helmet|[of] p2a: Corviknight
|-sideend|p1: SSSSSheng|Stealth Rock|[from] move: Rapid Spin|[of] p1a: Great Tusk
|
|-weather|SunnyDay|[upkeep]
|upkeep
|turn|5
|
|t:|1760847970
|move|p1a: Great Tusk|Ice Spinner|p2a: Corviknight
|-damage|p2a: Corviknight|71/100
|-damage|p1a: Great Tusk|68/100|[from] item: Rocky Helmet|[of] p2a: Corviknight
|move|p2a: Corviknight|U-turn|p1a: Great Tusk
|-resisted|p1a: Great Tusk
|-damage|p1a: Great Tusk|62/100
|
|t:|1760847979
|switch|p2a: Dragapult|Dragapult, F|100/100|[from] U-turn
|
|-weather|SunnyDay|[upkeep]
|upkeep
|turn|6
|
|t:|1760847983
|switch|p2a: Corviknight|Corviknight, M|71/100
|-ability|p2a: Corviknight|Pressure
|move|p1a: Great Tusk|Ice Spinner|p2a: Corviknight
|-damage|p2a: Corviknight|51/100
|-damage|p1a: Great Tusk|46/100|[from] item: Rocky Helmet|[of] p2a: Corviknight
|
|-weather|SunnyDay|[upkeep]
|upkeep
|turn|7
|
|t:|1760847989
|-end|p1a: Great Tusk|Protosynthesis|[silent]
|switch|p1a: Charizard|Charizard, M|100/100
|move|p2a: Corviknight|Roost|p2a: Corviknight
|-heal|p2a: Corviknight|100/100
|-singleturn|p2a: Corviknight|move: Roost
|
|-weather|SunnyDay|[upkeep]
|-damage|p1a: Charizard|88/100|[from] ability: Solar Power|[of] p1a: Charizard
|upkeep
|turn|8
|
|t:|1760847993
|switch|p2a: Skeledirge|Skeledirge, M|100/100
|move|p1a: Charizard|Weather Ball|p2a: Skeledirge
|-resisted|p2a: Skeledirge
|-damage|p2a: Skeledirge|41/100
|
|-weather|none
|upkeep
|turn|9
|
|t:|1760848002
|switch|p1a: Torkoal|Torkoal, M|100/100
|-weather|SunnyDay|[from] ability: Drought|[of] p1a: Torkoal
|move|p2a: Skeledirge|Slack Off|p2a: Skeledirge
|-heal|p2a: Skeledirge|91/100
|
|-weather|SunnyDay|[upkeep]
|upkeep
|turn|10
|
|t:|1760848004
|move|p2a: Skeledirge|Earth Power|p1a: Torkoal
|-supereffective|p1a: Torkoal
|-damage|p1a: Torkoal|45/100
|move|p1a: Torkoal|Stealth Rock|p2a: Skeledirge
|-sidestart|p2: bludsconio|move: Stealth Rock
|
|-weather|SunnyDay|[upkeep]
|upkeep
|turn|11
|
|t:|1760848011
|switch|p1a: Great Tusk|Great Tusk|46/100
|-activate|p1a: Great Tusk|ability: Protosynthesis
|-start|p1a: Great Tusk|protosynthesisatk
|move|p2a: Skeledirge|Earth Power|p1a: Great Tusk
|-damage|p1a: Great Tusk|13/100
|
|-weather|SunnyDay|[upkeep]
|upkeep
|turn|12
|
|t:|1760848020
|switch|p2a: Corviknight|Corviknight, M|100/100
|-damage|p2a: Corviknight|88/100|[from] Stealth Rock
|-ability|p2a: Corviknight|Pressure
|move|p1a: Great Tusk|Ice Spinner|p2a: Corviknight
|-damage|p2a: Corviknight|64/100
|-damage|p1a: Great Tusk|0 fnt|[from] item: Rocky Helmet|[of] p2a: Corviknight
|faint|p1a: Great Tusk
|-end|p1a: Great Tusk|Protosynthesis|[silent]
|
|-weather|SunnyDay|[upkeep]
|upkeep
|
|t:|1760848024
|switch|p1a: Walking Wake|Walking Wake|100/100
|-activate|p1a: Walking Wake|ability: Protosynthesis
|-start|p1a: Walking Wake|protosynthesisspe
|turn|13
|
|t:|1760848046
|switch|p2a: Weezing|Weezing-Galar, F|100/100
|-ability|p2a: Weezing|Neutralizing Gas
|move|p1a: Walking Wake|Hydro Steam|p2a: Weezing
|-damage|p2a: Weezing|0 fnt
|faint|p2a: Weezing
|-end|p2a: Weezing|ability: Neutralizing Gas
|
|-weather|SunnyDay|[upkeep]
|upkeep
|
|t:|1760848056
|switch|p2a: Ting-Lu|Ting-Lu, shiny|100/100
|-damage|p2a: Ting-Lu|94/100|[from] Stealth Rock
|-ability|p2a: Ting-Lu|Vessel of Ruin
|turn|14
|
|t:|1760848059
|-terastallize|p2a: Ting-Lu|Fairy
|move|p1a: Walking Wake|Hydro Steam|p2a: Ting-Lu
|-damage|p2a: Ting-Lu|57/100
|move|p2a: Ting-Lu|Stealth Rock|p1a: Walking Wake
|-sidestart|p1: SSSSSheng|move: Stealth Rock
|
|-weather|SunnyDay|[upkeep]
|-heal|p2a: Ting-Lu|63/100|[from] item: Leftovers
|upkeep
|turn|15
|
|t:|1760848073
|move|p1a: Walking Wake|Hydro Steam|p2a: Ting-Lu
|-damage|p2a: Ting-Lu|27/100
|move|p2a: Ting-Lu|Rest|p2a: Ting-Lu
|-status|p2a: Ting-Lu|slp|[from] move: Rest
|-heal|p2a: Ting-Lu|100/100 slp|[silent]
|
|-weather|SunnyDay|[upkeep]
|upkeep
|turn|16
|
|t:|1760848083
|-end|p1a: Walking Wake|Protosynthesis|[silent]
|switch|p1a: Torterra|Torterra, F|100/100
|-damage|p1a: Torterra|94/100|[from] Stealth Rock
|cant|p2a: Ting-Lu|slp
|
|-weather|none
|upkeep
|turn|17
|
|t:|1760848094
|switch|p2a: Skeledirge|Skeledirge, M|91/100
|move|p1a: Torterra|Shell Smash|p1a: Torterra
|-unboost|p1a: Torterra|def|1
|-unboost|p1a: Torterra|spd|1
|-boost|p1a: Torterra|atk|2
|-boost|p1a: Torterra|spa|2
|-boost|p1a: Torterra|spe|2
|
|upkeep
|turn|18
|
|t:|1760848099
|move|p1a: Torterra|Rock Blast|p2a: Skeledirge
|-supereffective|p2a: Skeledirge
|-damage|p2a: Skeledirge|77/100
|-supereffective|p2a: Skeledirge
|-damage|p2a: Skeledirge|61/100
|-supereffective|p2a: Skeledirge
|-damage|p2a: Skeledirge|47/100
|-supereffective|p2a: Skeledirge
|-damage|p2a: Skeledirge|32/100
|-hitcount|p2a: Skeledirge|4
|move|p2a: Skeledirge|Will-O-Wisp|p1a: Torterra
|-status|p1a: Torterra|brn
|
|-damage|p1a: Torterra|88/100 brn|[from] brn
|upkeep
|turn|19
|
|t:|1760848111
|move|p1a: Torterra|Rock Blast|p2a: Skeledirge
|-supereffective|p2a: Skeledirge
|-damage|p2a: Skeledirge|25/100
|-supereffective|p2a: Skeledirge
|-damage|p2a: Skeledirge|18/100
|-supereffective|p2a: Skeledirge
|-damage|p2a: Skeledirge|10/100
|-supereffective|p2a: Skeledirge
|-damage|p2a: Skeledirge|3/100
|-hitcount|p2a: Skeledirge|4
|move|p2a: Skeledirge|Slack Off|p2a: Skeledirge
|-heal|p2a: Skeledirge|53/100
|
|-damage|p1a: Torterra|82/100 brn|[from] brn
|upkeep
|turn|20
|
|t:|1760848121
|switch|p1a: Torkoal|Torkoal, M|45/100
|-damage|p1a: Torkoal|20/100|[from] Stealth Rock
|-weather|SunnyDay|[from] ability: Drought|[of] p1a: Torkoal
|move|p2a: Skeledirge|Slack Off|p2a: Skeledirge
|-heal|p2a: Skeledirge|100/100
|
|-weather|SunnyDay|[upkeep]
|upkeep
|turn|21
|
|t:|1760848126
|move|p2a: Skeledirge|Torch Song|p1a: Torkoal
|-resisted|p1a: Torkoal
|-damage|p1a: Torkoal|0 fnt
|-boost|p2a: Skeledirge|spa|1
|faint|p1a: Torkoal
|
|-weather|SunnyDay|[upkeep]
|upkeep
|
|t:|1760848130
|switch|p1a: Walking Wake|Walking Wake|100/100
|-damage|p1a: Walking Wake|88/100|[from] Stealth Rock
|-activate|p1a: Walking Wake|ability: Protosynthesis
|-start|p1a: Walking Wake|protosynthesisspe
|turn|22
|
|t:|1760848143
|switch|p2a: Ting-Lu|Ting-Lu, shiny, tera:Fairy|100/100 slp
|-damage|p2a: Ting-Lu|88/100 slp|[from] Stealth Rock
|-ability|p2a: Ting-Lu|Vessel of Ruin
|-terastallize|p1a: Walking Wake|Water
|move|p1a: Walking Wake|Hydro Steam|p2a: Ting-Lu
|-damage|p2a: Ting-Lu|38/100 slp
|
|-weather|SunnyDay|[upkeep]
|-heal|p2a: Ting-Lu|44/100 slp|[from] item: Leftovers
|upkeep
|turn|23
|
|t:|1760848152
|move|p1a: Walking Wake|Hydro Steam|p2a: Ting-Lu
|-damage|p2a: Ting-Lu|0 fnt
|faint|p2a: Ting-Lu
|
|-weather|SunnyDay|[upkeep]
|upkeep
|
|t:|1760848170
|switch|p2a: Corviknight|Corviknight, M|64/100
|-damage|p2a: Corviknight|52/100|[from] Stealth Rock
|-ability|p2a: Corviknight|Pressure
|turn|24
|
|t:|1760848172
|move|p1a: Walking Wake|Hydro Steam|p2a: Corviknight
|-damage|p2a: Corviknight|0 fnt
|faint|p2a: Corviknight
|
|-weather|SunnyDay|[upkeep]
|upkeep
|
|t:|1760848176
|switch|p2a: Dragapult|Dragapult, F|100/100
|-damage|p2a: Dragapult|88/100|[from] Stealth Rock
|turn|25
|
|t:|1760848180
|-end|p1a: Walking Wake|Protosynthesis|[silent]
|switch|p1a: Torterra|Torterra, F|82/100 brn
|-damage|p1a: Torterra|76/100 brn|[from] Stealth Rock
|move|p2a: Dragapult|Draco Meteor|p1a: Torterra
|-damage|p1a: Torterra|0 fnt
|-unboost|p2a: Dragapult|spa|2
|faint|p1a: Torterra
|
|-weather|SunnyDay|[upkeep]
|upkeep
|
|t:|1760848182
|switch|p1a: Walking Wake|Walking Wake, tera:Water|88/100
|-damage|p1a: Walking Wake|76/100|[from] Stealth Rock
|-activate|p1a: Walking Wake|ability: Protosynthesis
|-start|p1a: Walking Wake|protosynthesisspe
|turn|26
|
|t:|1760848203
|move|p1a: Walking Wake|Hydro Steam|p2a: Dragapult
|-resisted|p2a: Dragapult
|-crit|p2a: Dragapult
|-damage|p2a: Dragapult|0 fnt
|faint|p2a: Dragapult
|
|-weather|SunnyDay|[upkeep]
|upkeep
|
|t:|1760848207
|switch|p2a: Skeledirge|Skeledirge, M|100/100
|turn|27
|
|t:|1760848212
|move|p1a: Walking Wake|Hydro Steam|p2a: Skeledirge
|-supereffective|p2a: Skeledirge
|-damage|p2a: Skeledirge|0 fnt
|faint|p2a: Skeledirge
|
|win|SSSSSheng
|raw|SSSSSheng's rating: 1479 &rarr; <strong>1500</strong><br />(+21 for winning)
|raw|bludsconio's rating: 1494 &rarr; <strong>1473</strong><br />(-21 for losing)
|l|☆SSSSSheng
|player|p1|
|l|☆bludsconio
|player|p2|
