|j|☆LityL
|j|☆151htyrneh
|t:|1760867874
|gametype|singles
|player|p1|LityL|ltsurge|1592
|player|p2|151htyrneh|wallace|1742
|gen|9
|tier|[Gen 9] OU
|rated|
|rule|HP Percentage Mod: HP is shown in percentages
|rule|Endless Battle Clause: Forcing endless battles is banned
|rule|Species Clause: Limit one of each Pokémon
|rule|OHKO Clause: OHKO moves are banned
|rule|Evasion Items Clause: Evasion items are banned
|rule|Evasion Moves Clause: Evasion moves are banned
|rule|Evasion Abilities Clause: Evasion abilities are banned
|rule|Sleep Moves Clause: Sleep-inducing moves are banned
|clearpoke
|poke|p1|Darkrai|
|poke|p1|Dragapult, M|
|poke|p1|Ogerpon-Wellspring, F|
|poke|p1|Corviknight, F|
|poke|p1|Great Tusk|
|poke|p1|Slowking-Galar, F|
|poke|p2|Zapdos|
|poke|p2|Iron Valiant|
|poke|p2|Great Tusk|
|poke|p2|Alomomola, F|
|poke|p2|Slowking-Galar, M|
|poke|p2|Cinderace, M|
|teampreview
|inactive|Battle timer is ON: inactive players will automatically lose when time's up. (requested by LityL)
|
|t:|1760867900
|teamsize|p1|6
|teamsize|p2|6
|start
|switch|p1a: Darkrai|Darkrai, shiny|100/100
|switch|p2a: Iron Valiant|Iron Valiant|100/100
|turn|1
|
|t:|1760867904
|switch|p1a: Slowking|Slowking-Galar, F|100/100
|move|p2a: Iron Valiant|Close Combat|p1a: Slowking
|-resisted|p1a: Slowking
|-damage|p1a: Slowking|75/100
|-unboost|p2a: Iron Valiant|def|1
|-unboost|p2a: Iron Valiant|spd|1
|
|upkeep
|turn|2
|
|t:|1760867921
|-end|p2a: Iron Valiant|Quark Drive|[silent]
|switch|p2a: Slowking|Slowking-Galar, M|100/100
|switch|p1a: Darkrai|Darkrai, shiny|100/100
|
|upkeep
|turn|3
|
|t:|1760867930
|switch|p2a: Alomomola|Alomomola, F|100/100
|-terastallize|p1a: Darkrai|Dark
|move|p1a: Darkrai|Dark Pulse|p2a: Alomomola
|-damage|p2a: Alomomola|62/100
|
|upkeep
|turn|4
|c|☆LityL|wtf
|c|☆LityL|252 hp 252 spdef av mola
|
|t:|1760867945
|-terastallize|p2a: Alomomola|Dark
|move|p1a: Darkrai|Dark Pulse|p2a: Alomomola
|-resisted|p2a: Alomomola
|-damage|p2a: Alomomola|41/100
|cant|p2a: Alomomola|flinch
|
|upkeep
|turn|5
|c|☆LityL|hell nah
|
|t:|1760867955
|switch|p1a: Ogerpon|Ogerpon-Wellspring, F|100/100
|move|p2a: Alomomola|Flip Turn|p1a: Ogerpon
|-immune|p1a: Ogerpon|[from] ability: Water Absorb
|
|upkeep
|turn|6
|
|t:|1760867967
|switch|p2a: Slowking|Slowking-Galar, M|100/100
|move|p1a: Ogerpon|Knock Off|p2a: Slowking
|-supereffective|p2a: Slowking
|-damage|p2a: Slowking|49/100
|-enditem|p2a: Slowking|Shuca Berry|[from] move: Knock Off|[of] p1a: Ogerpon
|
|upkeep
|turn|7
|
|t:|1760867972
|switch|p1a: Slowking|Slowking-Galar, F|100/100
|-prepare|p2a: Slowking|Chilly Reception|[premajor]
|move|p2a: Slowking|Chilly Reception|p2a: Slowking
|-weather|Snowscape
|
|t:|1760867975
|switch|p2a: Great Tusk|Great Tusk|100/100|[from] Chilly Reception
|
|-weather|Snowscape|[upkeep]
|upkeep
|turn|8
|
|t:|1760867978
|-end|p2a: Great Tusk|Protosynthesis|[silent]
|switch|p2a: Zapdos|Zapdos|100/100
|move|p1a: Slowking|Ice Beam|p2a: Zapdos
|-supereffective|p2a: Zapdos
|-damage|p2a: Zapdos|43/100
|-status|p2a: Zapdos|frz
|
|-weather|Snowscape|[upkeep]
|upkeep
|turn|9
|
|t:|1760867982
|cant|p2a: Zapdos|frz
|move|p1a: Slowking|Psyshock|p2a: Zapdos
|-damage|p2a: Zapdos|17/100 frz
|
|-weather|Snowscape|[upkeep]
|upkeep
|turn|10
|
|t:|1760867984
|cant|p2a: Zapdos|frz
|move|p1a: Slowking|Psyshock|p2a: Zapdos
|-damage|p2a: Zapdos|0 fnt
|faint|p2a: Zapdos
|
|-weather|Snowscape|[upkeep]
|upkeep
|
|t:|1760867987
|switch|p2a: Great Tusk|Great Tusk|100/100
|turn|11
|
|t:|1760867989
|switch|p1a: Corviknight|Corviknight, F, shiny|100/100
|-ability|p1a: Corviknight|Pressure
|move|p2a: Great Tusk|Headlong Rush|p1a: Corviknight
|-immune|p1a: Corviknight
|
|-weather|none
|upkeep
|turn|12
|
|t:|1760867993
|-end|p2a: Great Tusk|Protosynthesis|[silent]
|switch|p2a: Slowking|Slowking-Galar, M|82/100
|move|p1a: Corviknight|U-turn|p2a: Slowking
|-damage|p2a: Slowking|73/100
|
|t:|1760867995
|switch|p1a: Darkrai|Darkrai, shiny, tera:Dark|100/100|[from] U-turn
|
|upkeep
|turn|13
|
|t:|1760868008
|move|p1a: Darkrai|Trick|p2a: Slowking
|-activate|p1a: Darkrai|move: Trick|[of] p2a: Slowking
|-item|p2a: Slowking|Choice Specs|[from] move: Trick
|-enditem|p1a: Darkrai|Choice Specs|[silent]|[from] move: Trick
|-prepare|p2a: Slowking|Chilly Reception|[premajor]
|move|p2a: Slowking|Chilly Reception|p2a: Slowking
|-weather|Snowscape
|
|t:|1760868013
|switch|p2a: Iron Valiant|Iron Valiant|100/100|[from] Chilly Reception
|
|-weather|Snowscape|[upkeep]
|upkeep
|turn|14
|
|t:|1760868015
|-end|p2a: Iron Valiant|Quark Drive|[silent]
|switch|p2a: Slowking|Slowking-Galar, M|100/100
|move|p1a: Darkrai|Sludge Bomb|p2a: Slowking
|-resisted|p2a: Slowking
|-damage|p2a: Slowking|88/100
|
|-weather|Snowscape|[upkeep]
|upkeep
|turn|15
|
|t:|1760868017
|switch|p2a: Alomomola|Alomomola, F, tera:Dark|75/100
|move|p1a: Darkrai|Dark Pulse|p2a: Alomomola
|-resisted|p2a: Alomomola
|-damage|p2a: Alomomola|61/100
|
|-weather|Snowscape|[upkeep]
|upkeep
|turn|16
|
|t:|1760868020
|move|p1a: Darkrai|Sludge Bomb|p2a: Alomomola
|-damage|p2a: Alomomola|44/100
|-status|p2a: Alomomola|psn
|move|p2a: Alomomola|Flip Turn|p1a: Darkrai
|-crit|p1a: Darkrai
|-damage|p1a: Darkrai|67/100
|
|t:|1760868022
|switch|p2a: Great Tusk|Great Tusk|100/100|[from] Flip Turn
|
|-weather|Snowscape|[upkeep]
|upkeep
|turn|17
|
|t:|1760868025
|move|p2a: Great Tusk|Close Combat|p1a: Darkrai
|-supereffective|p1a: Darkrai
|-damage|p1a: Darkrai|0 fnt
|-unboost|p2a: Great Tusk|def|1
|-unboost|p2a: Great Tusk|spd|1
|faint|p1a: Darkrai
|
|-weather|none
|upkeep
|
|t:|1760868030
|switch|p1a: Dragapult|Dragapult, M|100/100
|turn|18
|
|t:|1760868035
|-end|p2a: Great Tusk|Protosynthesis|[silent]
|switch|p2a: Slowking|Slowking-Galar, M|100/100
|move|p1a: Dragapult|Dragon Darts|p2a: Slowking
|-damage|p2a: Slowking|85/100
|-anim|p1a: Dragapult|Dragon Darts|p2a: Slowking
|-damage|p2a: Slowking|71/100
|
|upkeep
|turn|19
|
|t:|1760868038
|move|p1a: Dragapult|U-turn|p2a: Slowking
|-damage|p2a: Slowking|57/100
|
|t:|1760868039
|switch|p1a: Slowking|Slowking-Galar, F|100/100|[from] U-turn
|move|p2a: Slowking|Ice Beam|p1a: Slowking
|-damage|p1a: Slowking|83/100
|
|upkeep
|turn|20
|
|t:|1760868044
|switch|p1a: Ogerpon|Ogerpon-Wellspring, F|100/100
|move|p2a: Slowking|Ice Beam|p1a: Ogerpon
|-damage|p1a: Ogerpon|61/100
|
|upkeep
|turn|21
|
|t:|1760868049
|move|p1a: Ogerpon|Ivy Cudgel|p2a: Slowking|[anim] Ivy Cudgel Water
|-damage|p2a: Slowking|14/100
|move|p2a: Slowking|Ice Beam|p1a: Ogerpon
|-damage|p1a: Ogerpon|23/100
|
|upkeep
|turn|22
|
|t:|1760868053
|switch|p2a: Iron Valiant|Iron Valiant|100/100
|move|p1a: Ogerpon|Horn Leech|p2a: Iron Valiant
|-damage|p2a: Iron Valiant|44/100
|-heal|p1a: Ogerpon|50/100|[from] drain|[of] p2a: Iron Valiant
|
|upkeep
|turn|23
|
|t:|1760868058
|switch|p1a: Corviknight|Corviknight, F, shiny|100/100
|-ability|p1a: Corviknight|Pressure
|move|p2a: Iron Valiant|Knock Off|p1a: Corviknight
|-damage|p1a: Corviknight|68/100
|-damage|p2a: Iron Valiant|28/100|[from] item: Rocky Helmet|[of] p1a: Corviknight
|-enditem|p1a: Corviknight|Rocky Helmet|[from] move: Knock Off|[of] p2a: Iron Valiant
|
|upkeep
|turn|24
|
|t:|1760868073
|-end|p2a: Iron Valiant|Quark Drive|[silent]
|switch|p2a: Slowking|Slowking-Galar, M|48/100
|move|p1a: Corviknight|Roost|p1a: Corviknight
|-heal|p1a: Corviknight|100/100
|-singleturn|p1a: Corviknight|move: Roost
|
|upkeep
|turn|25
|
|t:|1760868079
|switch|p1a: Slowking|Slowking-Galar, F|100/100
|move|p2a: Slowking|Sludge Bomb|p1a: Slowking
|-resisted|p1a: Slowking
|-damage|p1a: Slowking|89/100
|
|upkeep
|turn|26
|
|t:|1760868087
|switch|p2a: Alomomola|Alomomola, F, tera:Dark|78/100 psn
|move|p1a: Slowking|Sludge Bomb|p2a: Alomomola
|-damage|p2a: Alomomola|57/100 psn
|
|-damage|p2a: Alomomola|44/100 psn|[from] psn
|upkeep
|turn|27
|
|t:|1760868091
|move|p2a: Alomomola|Body Slam|p1a: Slowking
|-damage|p1a: Slowking|73/100
|move|p1a: Slowking|Sludge Bomb|p2a: Alomomola
|-damage|p2a: Alomomola|25/100 psn
|
|-damage|p2a: Alomomola|13/100 psn|[from] psn
|upkeep
|turn|28
|
|t:|1760868095
|switch|p1a: Ogerpon|Ogerpon-Wellspring, F|50/100
|move|p2a: Alomomola|Body Slam|p1a: Ogerpon
|-damage|p1a: Ogerpon|30/100
|-status|p1a: Ogerpon|par
|
|-damage|p2a: Alomomola|0 fnt|[from] psn
|faint|p2a: Alomomola
|upkeep
|
|t:|1760868098
|switch|p2a: Cinderace|Cinderace, M|100/100
|turn|29
|
|t:|1760868103
|move|p2a: Cinderace|Pyro Ball|p1a: Ogerpon
|-damage|p1a: Ogerpon|0 fnt
|faint|p1a: Ogerpon
|
|upkeep
|
|t:|1760868105
|switch|p1a: Great Tusk|Great Tusk|100/100
|turn|30
|
|t:|1760868109
|move|p2a: Cinderace|Will-O-Wisp|p1a: Great Tusk
|-status|p1a: Great Tusk|brn
|move|p1a: Great Tusk|Headlong Rush|p2a: Cinderace
|-supereffective|p2a: Cinderace
|-damage|p2a: Cinderace|23/100
|-unboost|p1a: Great Tusk|def|1
|-unboost|p1a: Great Tusk|spd|1
|
|-damage|p1a: Great Tusk|94/100 brn|[from] brn
|upkeep
|turn|31
|
|t:|1760868115
|move|p2a: Cinderace|U-turn|p1a: Great Tusk
|-resisted|p1a: Great Tusk
|-damage|p1a: Great Tusk|84/100 brn
|
|t:|1760868122
|switch|p2a: Great Tusk|Great Tusk|100/100|[from] U-turn
|move|p1a: Great Tusk|Headlong Rush|p2a: Great Tusk
|-damage|p2a: Great Tusk|77/100
|-unboost|p1a: Great Tusk|def|1
|-unboost|p1a: Great Tusk|spd|1
|
|-damage|p1a: Great Tusk|77/100 brn|[from] brn
|upkeep
|turn|32
|
|t:|1760868125
|-end|p2a: Great Tusk|Protosynthesis|[silent]
|switch|p2a: Cinderace|Cinderace, M|23/100
|-end|p1a: Great Tusk|Protosynthesis|[silent]
|switch|p1a: Corviknight|Corviknight, F, shiny|100/100
|-ability|p1a: Corviknight|Pressure
|
|upkeep
|turn|33
|
|t:|1760868130
|switch|p1a: Dragapult|Dragapult, M|100/100
|move|p2a: Cinderace|Pyro Ball|p1a: Dragapult
|-resisted|p1a: Dragapult
|-damage|p1a: Dragapult|51/100
|
|upkeep
|turn|34
|
|t:|1760868135
|switch|p2a: Iron Valiant|Iron Valiant|28/100
|move|p1a: Dragapult|Will-O-Wisp|p2a: Iron Valiant|[miss]
|-miss|p1a: Dragapult|p2a: Iron Valiant
|
|upkeep
|turn|35
|
|t:|1760868139
|move|p2a: Iron Valiant|Shadow Sneak|p1a: Dragapult
|-supereffective|p1a: Dragapult
|-crit|p1a: Dragapult
|-damage|p1a: Dragapult|0 fnt
|faint|p1a: Dragapult
|
|upkeep
|
|t:|1760868146
|switch|p1a: Slowking|Slowking-Galar, F|100/100
|turn|36
|
|t:|1760868149
|move|p2a: Iron Valiant|Shadow Sneak|p1a: Slowking
|-supereffective|p1a: Slowking
|-damage|p1a: Slowking|57/100
|move|p1a: Slowking|Psyshock|p2a: Iron Valiant
|-supereffective|p2a: Iron Valiant
|-damage|p2a: Iron Valiant|0 fnt
|faint|p2a: Iron Valiant
|-end|p2a: Iron Valiant|Quark Drive|[silent]
|
|upkeep
|
|t:|1760868151
|switch|p2a: Cinderace|Cinderace, M|23/100
|turn|37
|
|t:|1760868160
|switch|p1a: Great Tusk|Great Tusk|77/100 brn
|move|p2a: Cinderace|U-turn|p1a: Great Tusk
|-resisted|p1a: Great Tusk
|-damage|p1a: Great Tusk|70/100 brn
|
|t:|1760868162
|switch|p2a: Slowking|Slowking-Galar, M|81/100|[from] U-turn
|
|-damage|p1a: Great Tusk|64/100 brn|[from] brn
|upkeep
|turn|38
|
|t:|1760868171
|-end|p1a: Great Tusk|Protosynthesis|[silent]
|switch|p1a: Slowking|Slowking-Galar, F|91/100
|-prepare|p2a: Slowking|Chilly Reception|[premajor]
|move|p2a: Slowking|Chilly Reception|p2a: Slowking
|-weather|Snowscape
|
|t:|1760868173
|switch|p2a: Great Tusk|Great Tusk|77/100|[from] Chilly Reception
|
|-weather|Snowscape|[upkeep]
|upkeep
|turn|39
|
|t:|1760868176
|move|p2a: Great Tusk|Close Combat|p1a: Slowking
|-resisted|p1a: Slowking
|-damage|p1a: Slowking|74/100
|-unboost|p2a: Great Tusk|def|1
|-unboost|p2a: Great Tusk|spd|1
|move|p1a: Slowking|Ice Beam|p2a: Great Tusk
|-supereffective|p2a: Great Tusk
|-damage|p2a: Great Tusk|0 fnt
|faint|p2a: Great Tusk
|-end|p2a: Great Tusk|Protosynthesis|[silent]
|
|-weather|Snowscape|[upkeep]
|upkeep
|
|t:|1760868178
|switch|p2a: Cinderace|Cinderace, M|23/100
|turn|40
|
|t:|1760868182
|switch|p1a: Corviknight|Corviknight, F, shiny|100/100
|-ability|p1a: Corviknight|Pressure
|move|p2a: Cinderace|Pyro Ball|p1a: Corviknight
|-supereffective|p1a: Corviknight
|-damage|p1a: Corviknight|7/100
|
|-weather|Snowscape|[upkeep]
|upkeep
|turn|41
|
|t:|1760868188
|move|p2a: Cinderace|Pyro Ball|p1a: Corviknight
|-supereffective|p1a: Corviknight
|-damage|p1a: Corviknight|0 fnt
|faint|p1a: Corviknight
|
|-weather|Snowscape|[upkeep]
|upkeep
|
|t:|1760868190
|switch|p1a: Great Tusk|Great Tusk|64/100 brn
|turn|42
|
|t:|1760868193
|move|p2a: Cinderace|U-turn|p1a: Great Tusk
|-resisted|p1a: Great Tusk
|-damage|p1a: Great Tusk|58/100 brn
|
|t:|1760868194
|switch|p2a: Slowking|Slowking-Galar, M|100/100|[from] U-turn
|move|p1a: Great Tusk|Headlong Rush|p2a: Slowking
|-supereffective|p2a: Slowking
|-damage|p2a: Slowking|55/100
|-unboost|p1a: Great Tusk|def|1
|-unboost|p1a: Great Tusk|spd|1
|
|-weather|none
|-damage|p1a: Great Tusk|51/100 brn|[from] brn
|upkeep
|turn|43
|
|t:|1760868206
|move|p1a: Great Tusk|Headlong Rush|p2a: Slowking
|-supereffective|p2a: Slowking
|-damage|p2a: Slowking|13/100
|-unboost|p1a: Great Tusk|def|1
|-unboost|p1a: Great Tusk|spd|1
|move|p2a: Slowking|Ice Beam|p1a: Great Tusk
|-supereffective|p1a: Great Tusk
|-damage|p1a: Great Tusk|0 fnt
|faint|p1a: Great Tusk
|-end|p1a: Great Tusk|Protosynthesis|[silent]
|
|upkeep
|
|t:|1760868208
|switch|p1a: Slowking|Slowking-Galar, F|100/100
|turn|44
|
|t:|1760868210
|move|p1a: Slowking|Psyshock|p2a: Slowking
|-damage|p2a: Slowking|0 fnt
|faint|p2a: Slowking
|
|upkeep
|
|t:|1760868211
|switch|p2a: Cinderace|Cinderace, M|23/100
|turn|45
|
|t:|1760868212
|move|p2a: Cinderace|Pyro Ball|p1a: Slowking
|-damage|p1a: Slowking|23/100
|move|p1a: Slowking|Psyshock|p2a: Cinderace
|-damage|p2a: Cinderace|0 fnt
|faint|p2a: Cinderace
|
|win|LityL
|raw|LityL's rating: 1592 &rarr; <strong>1620</strong><br />(+28 for winning)
|raw|151htyrneh's rating: 1742 &rarr; <strong>1714</strong><br />(-28 for losing)
|l|☆LityL
|player|p1|
|l|☆151htyrneh
|player|p2|
