|j|☆RNG Savage
|j|☆soboredawq
|t:|1760861781
|gametype|singles
|player|p1|RNG Savage|giovanni-gen3|1377
|player|p2|soboredawq|wallace|1425
|gen|9
|tier|[Gen 9] OU
|rated|
|rule|HP Percentage Mod: HP is shown in percentages
|rule|Endless Battle Clause: Forcing endless battles is banned
|rule|Species Clause: Limit one of each Pokémon
|rule|OHKO Clause: OHKO moves are banned
|rule|Evasion Items Clause: Evasion items are banned
|rule|Evasion Moves Clause: Evasion moves are banned
|rule|Evasion Abilities Clause: Evasion abilities are banned
|rule|Sleep Moves Clause: Sleep-inducing moves are banned
|clearpoke
|poke|p1|Samurott-Hisui, M|
|poke|p1|Kleavor, M|
|poke|p1|Gallade, M|
|poke|p1|Latias, F|
|poke|p1|Scizor, F|
|poke|p1|Sandy Shocks|
|poke|p2|Ribombee, F|
|poke|p2|Gholdengo|
|poke|p2|Great Tusk|
|poke|p2|Raging Bolt|
|poke|p2|Ogerpon-Cornerstone, F|
|poke|p2|Ceruledge, M|
|teampreview
|
|t:|1760861804
|teamsize|p1|6
|teamsize|p2|6
|start
|switch|p1a: Samurott|Samurott-Hisui, M, shiny|100/100
|switch|p2a: NEW DROP|Ribombee, F, shiny|100/100
|turn|1
|
|t:|1760861807
|move|p2a: NEW DROP|Sticky Web|p1a: Samurott
|-sidestart|p1: RNG Savage|move: Sticky Web
|move|p1a: Samurott|Ceaseless Edge|p2a: NEW DROP|[miss]
|-miss|p1a: Samurott|p2a: NEW DROP
|
|upkeep
|turn|2
|
|t:|1760861810
|move|p2a: NEW DROP|Moonblast|p1a: Samurott
|-supereffective|p1a: Samurott
|-damage|p1a: Samurott|15/100
|-unboost|p1a: Samurott|spa|1
|move|p1a: Samurott|Ceaseless Edge|p2a: NEW DROP
|-resisted|p2a: NEW DROP
|-damage|p2a: NEW DROP|57/100
|-sidestart|p2: soboredawq|Spikes
|
|upkeep
|turn|3
|
|t:|1760861813
|move|p2a: NEW DROP|Moonblast|p1a: Samurott
|-supereffective|p1a: Samurott
|-damage|p1a: Samurott|0 fnt
|faint|p1a: Samurott
|
|upkeep
|
|t:|1760861814
|switch|p1a: Kleavor|Kleavor, M|100/100
|-activate|p1a: Kleavor|move: Sticky Web
|-unboost|p1a: Kleavor|spe|1
|turn|4
|
|t:|1760861819
|switch|p2a: BANDIT|Great Tusk, shiny|100/100
|-damage|p2a: BANDIT|88/100|[from] Spikes
|-enditem|p2a: BANDIT|Booster Energy
|-activate|p2a: BANDIT|ability: Protosynthesis|[fromitem]
|-start|p2a: BANDIT|protosynthesisatk
|move|p1a: Kleavor|Stone Axe|p2a: BANDIT
|-resisted|p2a: BANDIT
|-damage|p2a: BANDIT|80/100
|-sidestart|p2: soboredawq|move: Stealth Rock
|
|upkeep
|turn|5
|
|t:|1760861826
|move|p2a: BANDIT|Rapid Spin|p1a: Kleavor
|-resisted|p1a: Kleavor
|-damage|p1a: Kleavor|90/100
|-boost|p2a: BANDIT|spe|1
|-sideend|p2: soboredawq|Spikes|[from] move: Rapid Spin|[of] p2a: BANDIT
|-sideend|p2: soboredawq|Stealth Rock|[from] move: Rapid Spin|[of] p2a: BANDIT
|move|p1a: Kleavor|Swords Dance|p1a: Kleavor
|-boost|p1a: Kleavor|atk|2
|
|upkeep
|turn|6
|
|t:|1760861830
|move|p2a: BANDIT|Headlong Rush|p1a: Kleavor
|-damage|p1a: Kleavor|11/100
|-unboost|p2a: BANDIT|def|1
|-unboost|p2a: BANDIT|spd|1
|move|p1a: Kleavor|Stone Axe|p2a: BANDIT
|-resisted|p2a: BANDIT
|-damage|p2a: BANDIT|56/100
|-sidestart|p2: soboredawq|move: Stealth Rock
|
|upkeep
|turn|7
|
|t:|1760861835
|move|p2a: BANDIT|Rapid Spin|p1a: Kleavor
|-resisted|p1a: Kleavor
|-damage|p1a: Kleavor|0 fnt
|-boost|p2a: BANDIT|spe|1
|-sideend|p2: soboredawq|Stealth Rock|[from] move: Rapid Spin|[of] p2a: BANDIT
|faint|p1a: Kleavor
|
|upkeep
|
|t:|1760861836
|switch|p1a: Latias|Latias, F|100/100
|turn|8
|
|t:|1760861840
|move|p2a: BANDIT|Ice Spinner|p1a: Latias
|-supereffective|p1a: Latias
|-damage|p1a: Latias|46/100
|-enditem|p1a: Latias|Weakness Policy
|-boost|p1a: Latias|atk|2|[from] item: Weakness Policy
|-boost|p1a: Latias|spa|2|[from] item: Weakness Policy
|move|p1a: Latias|Draining Kiss|p2a: BANDIT
|-supereffective|p2a: BANDIT
|-damage|p2a: BANDIT|0 fnt
|-heal|p1a: Latias|88/100|[from] drain|[of] p2a: BANDIT
|faint|p2a: BANDIT
|-end|p2a: BANDIT|Protosynthesis|[silent]
|
|upkeep
|
|t:|1760861848
|switch|p2a: KRYPTONITE|Gholdengo, shiny|100/100
|-item|p2a: KRYPTONITE|Air Balloon
|turn|9
|
|t:|1760861857
|-terastallize|p1a: Latias|Poison
|move|p1a: Latias|Calm Mind|p1a: Latias
|-boost|p1a: Latias|spa|1
|-boost|p1a: Latias|spd|1
|move|p2a: KRYPTONITE|Shadow Ball|p1a: Latias
|-damage|p1a: Latias|63/100
|
|upkeep
|turn|10
|
|t:|1760861867
|move|p1a: Latias|Calm Mind|p1a: Latias
|-boost|p1a: Latias|spa|1
|-boost|p1a: Latias|spd|1
|move|p2a: KRYPTONITE|Psyshock|p1a: Latias
|-supereffective|p1a: Latias
|-damage|p1a: Latias|15/100
|
|upkeep
|turn|11
|
|t:|1760861870
|move|p1a: Latias|Recover|p1a: Latias
|-heal|p1a: Latias|65/100
|move|p2a: KRYPTONITE|Psyshock|p1a: Latias
|-supereffective|p1a: Latias
|-damage|p1a: Latias|23/100
|
|upkeep
|turn|12
|
|t:|1760861873
|move|p1a: Latias|Recover|p1a: Latias
|-heal|p1a: Latias|73/100
|move|p2a: KRYPTONITE|Psyshock|p1a: Latias
|-supereffective|p1a: Latias
|-damage|p1a: Latias|30/100
|
|upkeep
|turn|13
|
|t:|1760861875
|move|p1a: Latias|Recover|p1a: Latias
|-heal|p1a: Latias|80/100
|move|p2a: KRYPTONITE|Psyshock|p1a: Latias
|-supereffective|p1a: Latias
|-damage|p1a: Latias|37/100
|
|upkeep
|turn|14
|
|t:|1760861877
|move|p1a: Latias|Recover|p1a: Latias
|-heal|p1a: Latias|87/100
|move|p2a: KRYPTONITE|Nasty Plot|p2a: KRYPTONITE
|-boost|p2a: KRYPTONITE|spa|2
|
|upkeep
|turn|15
|
|t:|1760861880
|move|p1a: Latias|Stored Power|p2a: KRYPTONITE
|-resisted|p2a: KRYPTONITE
|-damage|p2a: KRYPTONITE|0 fnt
|-enditem|p2a: KRYPTONITE|Air Balloon
|faint|p2a: KRYPTONITE
|
|upkeep
|
|t:|1760861887
|switch|p2a: BROTHER STONE|Ogerpon-Cornerstone, F|100/100
|turn|16
|
|t:|1760861893
|-terastallize|p2a: BROTHER STONE|Rock
|detailschange|p2a: BROTHER STONE|Ogerpon-Cornerstone-Tera, F, tera:Rock
|-ability|p2a: BROTHER STONE|Embody Aspect (Cornerstone)|boost
|-boost|p2a: BROTHER STONE|def|1
|move|p2a: BROTHER STONE|Ivy Cudgel|p1a: Latias|[anim] Ivy Cudgel Rock
|-damage|p1a: Latias|24/100
|move|p1a: Latias|Draining Kiss|p2a: BROTHER STONE
|-damage|p2a: BROTHER STONE|54/100
|-heal|p1a: Latias|53/100|[from] drain|[of] p2a: BROTHER STONE
|
|upkeep
|turn|17
|
|t:|1760861911
|move|p2a: BROTHER STONE|Ivy Cudgel|p1a: Latias|[anim] Ivy Cudgel Rock
|-crit|p1a: Latias
|-damage|p1a: Latias|0 fnt
|faint|p1a: Latias
|
|upkeep
|
|t:|1760861918
|switch|p1a: Scizor|Scizor, F, shiny|100/100
|-activate|p1a: Scizor|move: Sticky Web
|-fail|p1a: Scizor|unboost|[from] item: Clear Amulet|[of] p1a: Scizor
|turn|18
|
|t:|1760861924
|switch|p2a: GREAT NECK|Raging Bolt|100/100
|-enditem|p2a: GREAT NECK|Booster Energy
|-activate|p2a: GREAT NECK|ability: Protosynthesis|[fromitem]
|-start|p2a: GREAT NECK|protosynthesisspa
|move|p1a: Scizor|Swords Dance|p1a: Scizor
|-boost|p1a: Scizor|atk|2
|
|upkeep
|turn|19
|
|t:|1760861932
|move|p2a: GREAT NECK|Thunderbolt|p1a: Scizor
|-damage|p1a: Scizor|22/100
|move|p1a: Scizor|Close Combat|p2a: GREAT NECK
|-damage|p2a: GREAT NECK|35/100
|-unboost|p1a: Scizor|def|1
|-unboost|p1a: Scizor|spd|1
|
|upkeep
|turn|20
|
|t:|1760861940
|switch|p1a: Sandy Shocks|Sandy Shocks, shiny|100/100
|-activate|p1a: Sandy Shocks|move: Sticky Web
|-unboost|p1a: Sandy Shocks|spe|1
|-enditem|p1a: Sandy Shocks|Booster Energy
|-activate|p1a: Sandy Shocks|ability: Protosynthesis|[fromitem]
|-start|p1a: Sandy Shocks|protosynthesisdef
|move|p2a: GREAT NECK|Thunderclap||[still]
|-fail|p2a: GREAT NECK
|
|upkeep
|turn|21
|
|t:|1760861958
|move|p2a: GREAT NECK|Dragon Pulse|p1a: Sandy Shocks
|-damage|p1a: Sandy Shocks|15/100
|move|p1a: Sandy Shocks|Body Press|p2a: GREAT NECK
|-damage|p2a: GREAT NECK|15/100
|
|upkeep
|turn|22
|
|t:|1760861961
|move|p2a: GREAT NECK|Dragon Pulse|p1a: Sandy Shocks
|-damage|p1a: Sandy Shocks|0 fnt
|faint|p1a: Sandy Shocks
|-end|p1a: Sandy Shocks|Protosynthesis|[silent]
|
|upkeep
|
|t:|1760861964
|switch|p1a: Gallade|Gallade, M, shiny|100/100
|-activate|p1a: Gallade|move: Sticky Web
|-fail|p1a: Gallade|unboost|[from] item: Clear Amulet|[of] p1a: Gallade
|turn|23
|
|t:|1760861967
|move|p2a: GREAT NECK|Thunderclap||[still]
|-fail|p2a: GREAT NECK
|move|p1a: Gallade|Agility|p1a: Gallade
|-boost|p1a: Gallade|spe|2
|
|upkeep
|turn|24
|
|t:|1760861972
|move|p2a: GREAT NECK|Thunderclap||[still]
|-fail|p2a: GREAT NECK
|move|p1a: Gallade|Swords Dance|p1a: Gallade
|-boost|p1a: Gallade|atk|2
|
|upkeep
|turn|25
|
|t:|1760861975
|move|p2a: GREAT NECK|Thunderclap|p1a: Gallade
|-damage|p1a: Gallade|42/100
|move|p1a: Gallade|Psycho Cut|p2a: GREAT NECK
|-damage|p2a: GREAT NECK|0 fnt
|faint|p2a: GREAT NECK
|-end|p2a: GREAT NECK|Protosynthesis|[silent]
|
|upkeep
|
|t:|1760861977
|switch|p2a: TORE UP|Ceruledge, M, shiny|100/100
|turn|26
|
|t:|1760861983
|move|p2a: TORE UP|Shadow Sneak|p1a: Gallade
|-supereffective|p1a: Gallade
|-damage|p1a: Gallade|0 fnt
|faint|p1a: Gallade
|
|upkeep
|-message|RNG Savage forfeited.
|
|win|soboredawq
|raw|RNG Savage's rating: 1377 &rarr; <strong>1360</strong><br />(-17 for losing)
|raw|soboredawq's rating: 1425 &rarr; <strong>1442</strong><br />(+17 for winning)
|l|☆RNG Savage
|player|p1|
|l|☆soboredawq
|player|p2|
