|j|☆geeknaut
|j|☆cozyprincemshroom
|t:|1760739938
|gametype|singles
|player|p1|geeknaut|schoolkid-gen4|1201
|player|p2|cozyprincemshroom|waiter|1190
|gen|9
|tier|[Gen 9] OU
|rated|
|rule|HP Percentage Mod: HP is shown in percentages
|rule|Endless Battle Clause: Forcing endless battles is banned
|rule|Species Clause: Limit one of each Pokémon
|rule|OHKO Clause: OHKO moves are banned
|rule|Evasion Items Clause: Evasion items are banned
|rule|Evasion Moves Clause: Evasion moves are banned
|rule|Evasion Abilities Clause: Evasion abilities are banned
|rule|Sleep Moves Clause: Sleep-inducing moves are banned
|clearpoke
|poke|p1|Meowscarada, M|
|poke|p1|Dragapult, M|
|poke|p1|Corviknight, M|
|poke|p1|Clodsire, M|
|poke|p1|Jolteon, F|
|poke|p1|Scizor, M|
|poke|p2|Munkidori, M|
|poke|p2|Lycanroc-Dusk, F|
|poke|p2|Altaria, M|
|poke|p2|Meganium, M|
|poke|p2|Inteleon, M|
|poke|p2|Mew|
|teampreview
|inactive|Battle timer is ON: inactive players will automatically lose when time's up. (requested by cozyprincemshroom)
|
|t:|1760739952
|teamsize|p1|6
|teamsize|p2|6
|start
|switch|p1a: Clodsire|Clodsire, M|100/100
|switch|p2a: Lycanroc|Lycanroc-Dusk, F|100/100
|turn|1
|
|t:|1760739958
|move|p2a: Lycanroc|Drill Run|p1a: Clodsire
|-supereffective|p1a: Clodsire
|-damage|p1a: Clodsire|32/100
|-damage|p2a: Lycanroc|91/100|[from] item: Life Orb
|move|p1a: Clodsire|Toxic|p2a: Lycanroc
|-status|p2a: Lycanroc|tox
|
|-damage|p2a: Lycanroc|84/100 tox|[from] psn
|upkeep
|turn|2
|
|t:|1760739986
|switch|p2a: Altaria|Altaria, M|100/100
|switch|p1a: Corviknight|Corviknight, M|100/100
|
|upkeep
|turn|3
|inactive|geeknaut has 120 seconds left.
|
|t:|1760740006
|move|p2a: Altaria|Will-O-Wisp|p1a: Corviknight
|-status|p1a: Corviknight|brn
|move|p1a: Corviknight|U-turn|p2a: Altaria
|-resisted|p2a: Altaria
|-damage|p2a: Altaria|97/100
|inactive|geeknaut has 120 seconds left.
|
|t:|1760740014
|switch|p1a: Meowscarada|Meowscarada, M|100/100|[from] U-turn
|
|-heal|p2a: Altaria|100/100|[from] item: Leftovers
|upkeep
|turn|4
|
|t:|1760740021
|switch|p2a: Inteleon|Inteleon, M|100/100
|move|p1a: Meowscarada|Triple Axel|p2a: Inteleon|[miss]
|-start|p1a: Meowscarada|typechange|Ice|[from] ability: Protean
|-miss|p1a: Meowscarada|p2a: Inteleon
|
|upkeep
|turn|5
|c|☆geeknaut|triple axel bruh
|inactive|geeknaut has 120 seconds left.
|c|☆cozyprincemshroom|Yup
|
|t:|1760740053
|move|p2a: Inteleon|Dark Pulse|p1a: Meowscarada
|-damage|p1a: Meowscarada|55/100
|cant|p1a: Meowscarada|flinch
|
|upkeep
|turn|6
|
|t:|1760740068
|move|p2a: Inteleon|Dark Pulse|p1a: Meowscarada
|-damage|p1a: Meowscarada|17/100
|move|p1a: Meowscarada|Flower Trick|p2a: Inteleon
|-supereffective|p2a: Inteleon
|-crit|p2a: Inteleon
|-damage|p2a: Inteleon|0 fnt
|faint|p2a: Inteleon
|
|upkeep
|
|t:|1760740079
|switch|p2a: Munkidori|Munkidori, M|100/100
|turn|7
|
|t:|1760740100
|switch|p1a: Clodsire|Clodsire, M|32/100
|move|p2a: Munkidori|Tera Blast|p1a: Clodsire
|-damage|p1a: Clodsire|15/100
|
|upkeep
|turn|8
|
|t:|1760740106
|move|p2a: Munkidori|Tera Blast|p1a: Clodsire
|-damage|p1a: Clodsire|0 fnt
|faint|p1a: Clodsire
|
|upkeep
|
|t:|1760740113
|switch|p1a: Dragapult|Dragapult, M|100/100
|turn|9
|c|☆cozyprincemshroom|R u calling?
|inactive|geeknaut has 90 seconds left.
|
|t:|1760740139
|switch|p2a: Meganium|Meganium, M|100/100
|move|p1a: Dragapult|Hex|p2a: Meganium
|-damage|p2a: Meganium|80/100
|
|-heal|p2a: Meganium|86/100|[from] item: Leftovers
|upkeep
|turn|10
|c|☆cozyprincemshroom|Calcing*?
|inactive|geeknaut has 90 seconds left.
|
|t:|1760740151
|switch|p1a: Corviknight|Corviknight, M|100/100 brn
|move|p2a: Meganium|Leech Seed|p1a: Corviknight
|-start|p1a: Corviknight|move: Leech Seed
|
|-heal|p2a: Meganium|92/100|[from] item: Leftovers
|-damage|p1a: Corviknight|88/100 brn|[from] Leech Seed|[of] p2a: Meganium
|-heal|p2a: Meganium|100/100|[silent]
|-damage|p1a: Corviknight|82/100 brn|[from] brn
|upkeep
|turn|11
|inactive|geeknaut has 90 seconds left.
|c|☆geeknaut|no srry i was talking to someone
|
|t:|1760740168
|switch|p2a: Lycanroc|Lycanroc-Dusk, F|84/100 tox
|move|p1a: Corviknight|Defog|p2a: Lycanroc
|-unboost|p2a: Lycanroc|evasion|1
|
|-damage|p1a: Corviknight|70/100 brn|[from] Leech Seed|[of] p2a: Lycanroc
|-heal|p2a: Lycanroc|100/100 tox|[silent]
|-damage|p2a: Lycanroc|94/100 tox|[from] psn
|-damage|p1a: Corviknight|64/100 brn|[from] brn
|upkeep
|turn|12
|inactive|geeknaut has 90 seconds left.
|c|☆geeknaut|oh i cant defog that lol
|
|t:|1760740193
|move|p2a: Lycanroc|Swords Dance|p2a: Lycanroc
|-boost|p2a: Lycanroc|atk|2
|move|p1a: Corviknight|Roost|p1a: Corviknight
|-heal|p1a: Corviknight|100/100 brn
|-singleturn|p1a: Corviknight|move: Roost
|
|-damage|p1a: Corviknight|88/100 brn|[from] Leech Seed|[of] p2a: Lycanroc
|-heal|p2a: Lycanroc|100/100 tox|[silent]
|-damage|p2a: Lycanroc|88/100 tox|[from] psn
|-damage|p1a: Corviknight|82/100 brn|[from] brn
|upkeep
|turn|13
|
|t:|1760740209
|move|p2a: Lycanroc|Swords Dance|p2a: Lycanroc
|-boost|p2a: Lycanroc|atk|2
|move|p1a: Corviknight|U-turn|p2a: Lycanroc
|-damage|p2a: Lycanroc|75/100 tox
|
|t:|1760740219
|switch|p1a: Meowscarada|Meowscarada, M|17/100|[from] U-turn
|
|-damage|p2a: Lycanroc|57/100 tox|[from] psn
|upkeep
|turn|14
|
|t:|1760740233
|move|p2a: Lycanroc|Accelerock|p1a: Meowscarada
|-damage|p1a: Meowscarada|0 fnt
|faint|p1a: Meowscarada
|-damage|p2a: Lycanroc|47/100 tox|[from] item: Life Orb
|
|-damage|p2a: Lycanroc|22/100 tox|[from] psn
|upkeep
|
|t:|1760740239
|switch|p1a: Scizor|Scizor, M|100/100
|turn|15
|
|t:|1760740246
|move|p2a: Lycanroc|Accelerock|p1a: Scizor
|-damage|p1a: Scizor|0 fnt
|faint|p1a: Scizor
|-damage|p2a: Lycanroc|12/100 tox|[from] item: Life Orb
|
|-damage|p2a: Lycanroc|0 fnt|[from] psn
|faint|p2a: Lycanroc
|upkeep
|inactive|geeknaut has 60 seconds left.
|
|t:|1760740263
|switch|p2a: Munkidori|Munkidori, M|100/100
|switch|p1a: Corviknight|Corviknight, M|82/100 brn
|turn|16
|inactive|geeknaut has 60 seconds left.
|
|t:|1760740287
|-terastallize|p2a: Munkidori|Fire
|move|p2a: Munkidori|Tera Blast|p1a: Corviknight|[anim] Tera Blast Fire
|-supereffective|p1a: Corviknight
|-damage|p1a: Corviknight|2/100 brn
|move|p1a: Corviknight|U-turn|p2a: Munkidori
|-resisted|p2a: Munkidori
|-damage|p2a: Munkidori|95/100
|
|t:|1760740313
|switch|p1a: Dragapult|Dragapult, M|100/100|[from] U-turn
|
|upkeep
|turn|17
|
|t:|1760740318
|switch|p2a: Meganium|Meganium, M|100/100
|move|p1a: Dragapult|Draco Meteor|p2a: Meganium
|-damage|p2a: Meganium|59/100
|-unboost|p1a: Dragapult|spa|2
|
|-heal|p2a: Meganium|65/100|[from] item: Leftovers
|upkeep
|turn|18
|
|t:|1760740334
|switch|p1a: Corviknight|Corviknight, M|2/100 brn
|move|p2a: Meganium|Leech Seed|p1a: Corviknight|[miss]
|-miss|p2a: Meganium|p1a: Corviknight
|
|-heal|p2a: Meganium|71/100|[from] item: Leftovers
|-damage|p1a: Corviknight|0 fnt|[from] brn
|faint|p1a: Corviknight
|upkeep
|
|t:|1760740341
|switch|p1a: Dragapult|Dragapult, M|100/100
|turn|19
|
|t:|1760740347
|move|p1a: Dragapult|Flamethrower|p2a: Meganium
|-supereffective|p2a: Meganium
|-damage|p2a: Meganium|38/100
|move|p2a: Meganium|Leech Seed|p1a: Dragapult
|-start|p1a: Dragapult|move: Leech Seed
|
|-heal|p2a: Meganium|44/100|[from] item: Leftovers
|-damage|p1a: Dragapult|88/100|[from] Leech Seed|[of] p2a: Meganium
|-heal|p2a: Meganium|54/100|[silent]
|upkeep
|turn|20
|
|t:|1760740357
|move|p1a: Dragapult|Flamethrower|p2a: Meganium
|-supereffective|p2a: Meganium
|-damage|p2a: Meganium|19/100
|move|p2a: Meganium|Synthesis|p2a: Meganium
|-heal|p2a: Meganium|69/100
|
|-heal|p2a: Meganium|75/100|[from] item: Leftovers
|-damage|p1a: Dragapult|76/100|[from] Leech Seed|[of] p2a: Meganium
|-heal|p2a: Meganium|85/100|[silent]
|upkeep
|turn|21
|
|t:|1760740367
|switch|p2a: Munkidori|Munkidori, M, tera:Fire|95/100
|move|p1a: Dragapult|Flamethrower|p2a: Munkidori
|-resisted|p2a: Munkidori
|-damage|p2a: Munkidori|81/100
|
|-damage|p1a: Dragapult|64/100|[from] Leech Seed|[of] p2a: Munkidori
|-heal|p2a: Munkidori|93/100|[silent]
|upkeep
|turn|22
|
|t:|1760740377
|move|p1a: Dragapult|Flamethrower|p2a: Munkidori
|-resisted|p2a: Munkidori
|-damage|p2a: Munkidori|78/100
|move|p2a: Munkidori|Psychic|p1a: Dragapult
|-damage|p1a: Dragapult|5/100
|
|-damage|p1a: Dragapult|0 fnt|[from] Leech Seed|[of] p2a: Munkidori
|-heal|p2a: Munkidori|83/100|[silent]
|faint|p1a: Dragapult
|upkeep
|
|t:|1760740383
|switch|p1a: Jolteon|Jolteon, F|100/100
|turn|23
|
|t:|1760740393
|move|p2a: Munkidori|Psychic|p1a: Jolteon
|-damage|p1a: Jolteon|43/100
|move|p1a: Jolteon|Calm Mind|p1a: Jolteon
|-boost|p1a: Jolteon|spa|1
|-boost|p1a: Jolteon|spd|1
|
|upkeep
|turn|24
|inactive|geeknaut has 60 seconds left.
|
|t:|1760740408
|-terastallize|p1a: Jolteon|Fairy
|move|p2a: Munkidori|Psychic|p1a: Jolteon
|-damage|p1a: Jolteon|2/100
|move|p1a: Jolteon|Alluring Voice|p2a: Munkidori
|-resisted|p2a: Munkidori
|-damage|p2a: Munkidori|52/100
|
|upkeep
|turn|25
|
|t:|1760740417
|move|p2a: Munkidori|Psychic|p1a: Jolteon
|-damage|p1a: Jolteon|0 fnt
|faint|p1a: Jolteon
|
|win|cozyprincemshroom
|raw|geeknaut's rating: 1201 &rarr; <strong>1175</strong><br />(-26 for losing)
|raw|cozyprincemshroom's rating: 1190 &rarr; <strong>1216</strong><br />(+26 for winning)
|l|☆cozyprincemshroom
|player|p2|
|c|☆geeknaut|ggs your team is very cool
|l|☆geeknaut
|player|p1|
