|j|☆FeeDWeeB
|j|☆deusyancha
|t:|1760803526
|gametype|singles
|player|p1|FeeDWeeB|102|1365
|player|p2|deusyancha|102|1372
|gen|9
|tier|[Gen 9] OU
|rated|
|rule|HP Percentage Mod: HP is shown in percentages
|rule|Endless Battle Clause: Forcing endless battles is banned
|rule|Species Clause: Limit one of each Pokémon
|rule|OHKO Clause: OHKO moves are banned
|rule|Evasion Items Clause: Evasion items are banned
|rule|Evasion Moves Clause: Evasion moves are banned
|rule|Evasion Abilities Clause: Evasion abilities are banned
|rule|Sleep Moves Clause: Sleep-inducing moves are banned
|clearpoke
|poke|p1|Dragapult, F|
|poke|p1|Landorus-Therian, M|
|poke|p1|Heatran, M|
|poke|p1|Raikou|
|poke|p1|Greninja-*, M|
|poke|p1|Zamazenta-*|
|poke|p2|Ursaluna, M|
|poke|p2|Alomomola, M|
|poke|p2|Rillaboom, F|
|poke|p2|Zamazenta-*|
|poke|p2|Corviknight, F|
|poke|p2|Enamorus, F|
|teampreview
|inactive|Battle timer is ON: inactive players will automatically lose when time's up. (requested by FeeDWeeB)
|
|t:|1760803544
|teamsize|p1|6
|teamsize|p2|6
|start
|switch|p1a: Raikou|Raikou|100/100
|switch|p2a: Rillaboom|Rillaboom, F|100/100
|-fieldstart|move: Grassy Terrain|[from] ability: Grassy Surge|[of] p2a: Rillaboom
|turn|1
|
|t:|1760803551
|move|p1a: Raikou|Extrasensory|p2a: Rillaboom
|-damage|p2a: Rillaboom|73/100
|cant|p2a: Rillaboom|flinch
|
|-heal|p2a: Rillaboom|79/100|[from] Grassy Terrain
|upkeep
|turn|2
|
|t:|1760803557
|switch|p1a: Heatran|Heatran, M|100/100
|move|p2a: Rillaboom|U-turn|p1a: Heatran
|-resisted|p1a: Heatran
|-damage|p1a: Heatran|95/100
|
|t:|1760803563
|switch|p2a: Ursaluna|Ursaluna, M|100/100|[from] U-turn
|
|-heal|p1a: Heatran|100/100|[from] Grassy Terrain
|upkeep
|turn|3
|
|t:|1760803569
|switch|p1a: Landorus|Landorus-Therian, M|100/100
|-ability|p1a: Landorus|Intimidate|boost
|-unboost|p2a: Ursaluna|atk|1
|move|p2a: Ursaluna|Bulk Up|p2a: Ursaluna
|-boost|p2a: Ursaluna|atk|1
|-boost|p2a: Ursaluna|def|1
|
|upkeep
|turn|4
|
|t:|1760803576
|move|p1a: Landorus|Earthquake|p2a: Ursaluna
|-damage|p2a: Ursaluna|88/100
|move|p2a: Ursaluna|Bulk Up|p2a: Ursaluna
|-boost|p2a: Ursaluna|atk|1
|-boost|p2a: Ursaluna|def|1
|
|-heal|p2a: Ursaluna|94/100|[from] Grassy Terrain
|-heal|p2a: Ursaluna|99/100|[from] item: Leftovers
|upkeep
|turn|5
|
|t:|1760803583
|switch|p1a: Greninja|Greninja, M|100/100
|move|p2a: Ursaluna|Body Slam|p1a: Greninja
|-damage|p1a: Greninja|0 fnt
|faint|p1a: Greninja
|
|-heal|p2a: Ursaluna|100/100|[from] Grassy Terrain
|upkeep
|
|t:|1760803588
|switch|p1a: Zamazenta|Zamazenta|100/100
|-ability|p1a: Zamazenta|Dauntless Shield|boost
|-boost|p1a: Zamazenta|def|1
|turn|6
|
|t:|1760803608
|switch|p2a: Enamorus|Enamorus, F|100/100
|move|p1a: Zamazenta|Iron Defense|p1a: Zamazenta
|-boost|p1a: Zamazenta|def|2
|
|upkeep
|turn|7
|
|t:|1760803614
|-terastallize|p1a: Zamazenta|Fire
|move|p2a: Enamorus|Moonblast|p1a: Zamazenta
|-resisted|p1a: Zamazenta
|-damage|p1a: Zamazenta|79/100
|move|p1a: Zamazenta|Iron Defense|p1a: Zamazenta
|-boost|p1a: Zamazenta|def|2
|
|-heal|p1a: Zamazenta|86/100|[from] Grassy Terrain
|upkeep
|turn|8
|
|t:|1760803623
|switch|p2a: Corviknight|Corviknight, F|100/100
|-ability|p2a: Corviknight|Pressure
|move|p1a: Zamazenta|Body Press|p2a: Corviknight
|-damage|p2a: Corviknight|26/100
|
|-heal|p1a: Zamazenta|92/100|[from] Grassy Terrain
|-heal|p2a: Corviknight|32/100|[from] item: Leftovers
|-fieldend|move: Grassy Terrain
|upkeep
|turn|9
|
|t:|1760803630
|move|p1a: Zamazenta|Body Press|p2a: Corviknight
|-damage|p2a: Corviknight|0 fnt
|faint|p2a: Corviknight
|
|upkeep
|
|t:|1760803632
|switch|p2a: Enamorus|Enamorus, F|100/100
|turn|10
|
|t:|1760803634
|move|p2a: Enamorus|Earth Power|p1a: Zamazenta
|-supereffective|p1a: Zamazenta
|-damage|p1a: Zamazenta|33/100
|move|p1a: Zamazenta|Body Press|p2a: Enamorus
|-resisted|p2a: Enamorus
|-damage|p2a: Enamorus|57/100
|
|upkeep
|turn|11
|
|t:|1760803641
|switch|p1a: Landorus|Landorus-Therian, M|100/100
|-ability|p1a: Landorus|Intimidate|boost
|-boost|p2a: Enamorus|atk|1
|move|p2a: Enamorus|Earth Power|p1a: Landorus
|-immune|p1a: Landorus
|
|upkeep
|turn|12
|
|t:|1760803645
|switch|p2a: Alomomola|Alomomola, M|100/100
|move|p1a: Landorus|Stealth Rock|p2a: Alomomola
|-sidestart|p2: deusyancha|move: Stealth Rock
|
|upkeep
|turn|13
|
|t:|1760803652
|switch|p1a: Dragapult|Dragapult, F|100/100
|move|p2a: Alomomola|Flip Turn|p1a: Dragapult
|-resisted|p1a: Dragapult
|-damage|p1a: Dragapult|90/100
|
|t:|1760803655
|switch|p2a: Rillaboom|Rillaboom, F|79/100|[from] Flip Turn
|-damage|p2a: Rillaboom|66/100|[from] Stealth Rock
|-fieldstart|move: Grassy Terrain|[from] ability: Grassy Surge|[of] p2a: Rillaboom
|
|-heal|p1a: Dragapult|96/100|[from] Grassy Terrain
|-heal|p2a: Rillaboom|72/100|[from] Grassy Terrain
|upkeep
|turn|14
|
|t:|1760803663
|move|p1a: Dragapult|Thunderbolt|p2a: Rillaboom
|-resisted|p2a: Rillaboom
|-damage|p2a: Rillaboom|49/100
|move|p2a: Rillaboom|U-turn|p1a: Dragapult
|-resisted|p1a: Dragapult
|-damage|p1a: Dragapult|77/100
|
|t:|1760803666
|switch|p2a: Ursaluna|Ursaluna, M|100/100|[from] U-turn
|-damage|p2a: Ursaluna|94/100|[from] Stealth Rock
|
|-heal|p1a: Dragapult|83/100|[from] Grassy Terrain
|-heal|p2a: Ursaluna|100/100|[from] Grassy Terrain
|upkeep
|turn|15
|
|t:|1760803678
|switch|p1a: Landorus|Landorus-Therian, M|100/100
|-ability|p1a: Landorus|Intimidate|boost
|-unboost|p2a: Ursaluna|atk|1
|move|p2a: Ursaluna|Bulk Up|p2a: Ursaluna
|-boost|p2a: Ursaluna|atk|1
|-boost|p2a: Ursaluna|def|1
|
|upkeep
|turn|16
|
|t:|1760803682
|move|p1a: Landorus|U-turn|p2a: Ursaluna
|-damage|p2a: Ursaluna|88/100
|
|t:|1760803685
|switch|p1a: Dragapult|Dragapult, F|83/100|[from] U-turn
|move|p2a: Ursaluna|Bulk Up|p2a: Ursaluna
|-boost|p2a: Ursaluna|atk|1
|-boost|p2a: Ursaluna|def|1
|
|-heal|p1a: Dragapult|89/100|[from] Grassy Terrain
|-heal|p2a: Ursaluna|94/100|[from] Grassy Terrain
|-heal|p2a: Ursaluna|99/100|[from] item: Leftovers
|upkeep
|turn|17
|
|t:|1760803687
|move|p1a: Dragapult|Draco Meteor|p2a: Ursaluna
|-damage|p2a: Ursaluna|21/100
|-unboost|p1a: Dragapult|spa|2
|move|p2a: Ursaluna|Earthquake|p1a: Dragapult
|-damage|p1a: Dragapult|27/100
|
|-heal|p1a: Dragapult|33/100|[from] Grassy Terrain
|-heal|p2a: Ursaluna|27/100|[from] Grassy Terrain
|-heal|p2a: Ursaluna|33/100|[from] item: Leftovers
|upkeep
|turn|18
|
|t:|1760803691
|move|p2a: Ursaluna|Protect|p2a: Ursaluna
|-singleturn|p2a: Ursaluna|Protect
|move|p1a: Dragapult|Draco Meteor|p2a: Ursaluna
|-activate|p2a: Ursaluna|move: Protect
|
|-heal|p1a: Dragapult|39/100|[from] Grassy Terrain
|-heal|p2a: Ursaluna|39/100|[from] Grassy Terrain
|-heal|p2a: Ursaluna|45/100|[from] item: Leftovers
|upkeep
|turn|19
|
|t:|1760803694
|move|p1a: Dragapult|Draco Meteor|p2a: Ursaluna
|-damage|p2a: Ursaluna|10/100
|-unboost|p1a: Dragapult|spa|2
|move|p2a: Ursaluna|Earthquake|p1a: Dragapult
|-crit|p1a: Dragapult
|-damage|p1a: Dragapult|0 fnt
|faint|p1a: Dragapult
|
|-heal|p2a: Ursaluna|16/100|[from] Grassy Terrain
|-heal|p2a: Ursaluna|22/100|[from] item: Leftovers
|upkeep
|
|t:|1760803697
|switch|p1a: Raikou|Raikou|100/100
|turn|20
|
|t:|1760803703
|move|p2a: Ursaluna|Protect|p2a: Ursaluna
|-singleturn|p2a: Ursaluna|Protect
|move|p1a: Raikou|Aura Sphere|p2a: Ursaluna
|-activate|p2a: Ursaluna|move: Protect
|
|-heal|p2a: Ursaluna|28/100|[from] Grassy Terrain
|-heal|p2a: Ursaluna|34/100|[from] item: Leftovers
|-fieldend|move: Grassy Terrain
|upkeep
|turn|21
|
|t:|1760803711
|-terastallize|p2a: Ursaluna|Poison
|move|p1a: Raikou|Aura Sphere|p2a: Ursaluna
|-resisted|p2a: Ursaluna
|-damage|p2a: Ursaluna|23/100
|move|p2a: Ursaluna|Earthquake|p1a: Raikou
|-supereffective|p1a: Raikou
|-damage|p1a: Raikou|0 fnt
|faint|p1a: Raikou
|
|-heal|p2a: Ursaluna|29/100|[from] item: Leftovers
|upkeep
|
|t:|1760803717
|switch|p1a: Landorus|Landorus-Therian, M|100/100
|-ability|p1a: Landorus|Intimidate|boost
|-unboost|p2a: Ursaluna|atk|1
|turn|22
|
|t:|1760803722
|move|p2a: Ursaluna|Protect|p2a: Ursaluna
|-singleturn|p2a: Ursaluna|Protect
|move|p1a: Landorus|U-turn|p2a: Ursaluna
|-activate|p2a: Ursaluna|move: Protect
|
|-heal|p2a: Ursaluna|35/100|[from] item: Leftovers
|upkeep
|turn|23
|
|t:|1760803735
|switch|p2a: Enamorus|Enamorus, F|57/100
|-damage|p2a: Enamorus|32/100|[from] Stealth Rock
|move|p1a: Landorus|U-turn|p2a: Enamorus
|-resisted|p2a: Enamorus
|-damage|p2a: Enamorus|21/100
|
|t:|1760803740
|switch|p1a: Heatran|Heatran, M|100/100|[from] U-turn
|
|upkeep
|turn|24
|
|t:|1760803746
|move|p2a: Enamorus|Healing Wish|p2a: Enamorus
|faint|p2a: Enamorus
|move|p1a: Heatran|Flamethrower|p2: Enamorus|[notarget]
|-fail|p1a: Heatran
|
|upkeep
|
|t:|1760803748
|switch|p2a: Ursaluna|Ursaluna, M, tera:Poison|35/100
|-heal|p2a: Ursaluna|100/100|[from] move: Healing Wish
|-damage|p2a: Ursaluna|88/100|[from] Stealth Rock
|turn|25
|
|t:|1760803753
|move|p1a: Heatran|Earth Power|p2a: Ursaluna
|-supereffective|p2a: Ursaluna
|-damage|p2a: Ursaluna|42/100
|move|p2a: Ursaluna|Bulk Up|p2a: Ursaluna
|-boost|p2a: Ursaluna|atk|1
|-boost|p2a: Ursaluna|def|1
|
|-heal|p2a: Ursaluna|48/100|[from] item: Leftovers
|upkeep
|turn|26
|
|t:|1760803757
|move|p2a: Ursaluna|Protect|p2a: Ursaluna
|-singleturn|p2a: Ursaluna|Protect
|move|p1a: Heatran|Earth Power|p2a: Ursaluna
|-activate|p2a: Ursaluna|move: Protect
|
|-heal|p2a: Ursaluna|54/100|[from] item: Leftovers
|upkeep
|turn|27
|
|t:|1760803762
|switch|p1a: Landorus|Landorus-Therian, M|100/100
|-ability|p1a: Landorus|Intimidate|boost
|-unboost|p2a: Ursaluna|atk|1
|move|p2a: Ursaluna|Earthquake|p1a: Landorus
|-immune|p1a: Landorus
|
|-heal|p2a: Ursaluna|61/100|[from] item: Leftovers
|upkeep
|turn|28
|
|t:|1760803767
|move|p2a: Ursaluna|Protect|p2a: Ursaluna
|-singleturn|p2a: Ursaluna|Protect
|move|p1a: Landorus|Earthquake|p2a: Ursaluna
|-activate|p2a: Ursaluna|move: Protect
|
|-heal|p2a: Ursaluna|67/100|[from] item: Leftovers
|upkeep
|turn|29
|
|t:|1760803772
|move|p1a: Landorus|Earthquake|p2a: Ursaluna
|-supereffective|p2a: Ursaluna
|-damage|p2a: Ursaluna|11/100
|move|p2a: Ursaluna|Bulk Up|p2a: Ursaluna
|-boost|p2a: Ursaluna|atk|1
|-boost|p2a: Ursaluna|def|1
|
|-heal|p2a: Ursaluna|17/100|[from] item: Leftovers
|upkeep
|turn|30
|
|t:|1760803775
|move|p2a: Ursaluna|Protect|p2a: Ursaluna
|-singleturn|p2a: Ursaluna|Protect
|move|p1a: Landorus|Earthquake|p2a: Ursaluna
|-activate|p2a: Ursaluna|move: Protect
|
|-heal|p2a: Ursaluna|23/100|[from] item: Leftovers
|upkeep
|turn|31
|
|t:|1760803782
|switch|p2a: Alomomola|Alomomola, M|100/100
|move|p1a: Landorus|Earthquake|p2a: Alomomola
|-damage|p2a: Alomomola|72/100
|
|upkeep
|turn|32
|
|t:|1760803787
|switch|p1a: Zamazenta|Zamazenta, tera:Fire|33/100
|move|p2a: Alomomola|Wish|p2a: Alomomola
|
|upkeep
|turn|33
|
|t:|1760803789
|move|p1a: Zamazenta|Rest|p1a: Zamazenta
|-status|p1a: Zamazenta|slp|[from] move: Rest
|-heal|p1a: Zamazenta|100/100 slp|[silent]
|-enditem|p1a: Zamazenta|Chesto Berry|[eat]
|-curestatus|p1a: Zamazenta|slp|[msg]
|move|p2a: Alomomola|Flip Turn|p1a: Zamazenta
|-supereffective|p1a: Zamazenta
|-damage|p1a: Zamazenta|79/100
|
|t:|1760803795
|switch|p2a: Ursaluna|Ursaluna, M, tera:Poison|23/100|[from] Flip Turn
|-damage|p2a: Ursaluna|11/100|[from] Stealth Rock
|
|-heal|p2a: Ursaluna|68/100|[from] move: Wish|[wisher] Alomomola
|-heal|p2a: Ursaluna|74/100|[from] item: Leftovers
|upkeep
|turn|34
|
|t:|1760803801
|move|p1a: Zamazenta|Iron Defense|p1a: Zamazenta
|-boost|p1a: Zamazenta|def|2
|move|p2a: Ursaluna|Earthquake|p1a: Zamazenta
|-supereffective|p1a: Zamazenta
|-damage|p1a: Zamazenta|39/100
|
|-heal|p2a: Ursaluna|80/100|[from] item: Leftovers
|upkeep
|turn|35
|
|t:|1760803806
|switch|p1a: Landorus|Landorus-Therian, M|100/100
|-ability|p1a: Landorus|Intimidate|boost
|-unboost|p2a: Ursaluna|atk|1
|move|p2a: Ursaluna|Earthquake|p1a: Landorus
|-immune|p1a: Landorus
|
|-heal|p2a: Ursaluna|86/100|[from] item: Leftovers
|upkeep
|turn|36
|
|t:|1760803813
|switch|p2a: Alomomola|Alomomola, M|100/100
|move|p1a: Landorus|Earthquake|p2a: Alomomola
|-damage|p2a: Alomomola|71/100
|
|upkeep
|turn|37
|
|t:|1760803818
|move|p1a: Landorus|Earthquake|p2a: Alomomola
|-damage|p2a: Alomomola|40/100
|move|p2a: Alomomola|Wish|p2a: Alomomola
|
|upkeep
|turn|38
|
|t:|1760803821
|move|p1a: Landorus|Earthquake|p2a: Alomomola
|-damage|p2a: Alomomola|8/100
|move|p2a: Alomomola|Scald|p1a: Landorus
|-supereffective|p1a: Landorus
|-damage|p1a: Landorus|65/100
|
|-heal|p2a: Alomomola|58/100|[from] move: Wish|[wisher] Alomomola
|upkeep
|turn|39
|
|t:|1760803824
|move|p1a: Landorus|Earthquake|p2a: Alomomola
|-damage|p2a: Alomomola|26/100
|move|p2a: Alomomola|Flip Turn|p1a: Landorus
|-supereffective|p1a: Landorus
|-damage|p1a: Landorus|27/100
|
|t:|1760803826
|switch|p2a: Rillaboom|Rillaboom, F|49/100|[from] Flip Turn
|-damage|p2a: Rillaboom|36/100|[from] Stealth Rock
|-fieldstart|move: Grassy Terrain|[from] ability: Grassy Surge|[of] p2a: Rillaboom
|
|-heal|p2a: Rillaboom|43/100|[from] Grassy Terrain
|upkeep
|turn|40
|
|t:|1760803834
|switch|p1a: Heatran|Heatran, M|100/100
|move|p2a: Rillaboom|Grassy Glide|p1a: Heatran
|-resisted|p1a: Heatran
|-damage|p1a: Heatran|91/100
|
|-heal|p2a: Rillaboom|49/100|[from] Grassy Terrain
|-heal|p1a: Heatran|98/100|[from] Grassy Terrain
|-heal|p1a: Heatran|100/100|[from] item: Leftovers
|upkeep
|turn|41
|
|t:|1760803839
|switch|p2a: Zamazenta|Zamazenta|100/100
|-damage|p2a: Zamazenta|94/100|[from] Stealth Rock
|-ability|p2a: Zamazenta|Dauntless Shield|boost
|-boost|p2a: Zamazenta|def|1
|move|p1a: Heatran|Earth Power|p2a: Zamazenta
|-damage|p2a: Zamazenta|75/100
|-unboost|p2a: Zamazenta|spd|1
|
|-heal|p2a: Zamazenta|82/100|[from] Grassy Terrain
|-heal|p2a: Zamazenta|88/100|[from] item: Leftovers
|upkeep
|turn|42
|
|t:|1760803855
|move|p2a: Zamazenta|Body Press|p1a: Heatran
|-supereffective|p1a: Heatran
|-damage|p1a: Heatran|18/100
|move|p1a: Heatran|Flamethrower|p2a: Zamazenta
|-damage|p2a: Zamazenta|41/100
|-status|p2a: Zamazenta|brn
|
|-heal|p2a: Zamazenta|48/100 brn|[from] Grassy Terrain
|-heal|p2a: Zamazenta|54/100 brn|[from] item: Leftovers
|-heal|p1a: Heatran|24/100|[from] Grassy Terrain
|-heal|p1a: Heatran|30/100|[from] item: Leftovers
|-damage|p2a: Zamazenta|48/100 brn|[from] brn
|upkeep
|turn|43
|
|t:|1760803864
|switch|p1a: Zamazenta|Zamazenta, tera:Fire|39/100
|move|p2a: Zamazenta|Body Press|p1a: Zamazenta
|-damage|p1a: Zamazenta|21/100
|
|-heal|p2a: Zamazenta|54/100 brn|[from] Grassy Terrain
|-heal|p2a: Zamazenta|60/100 brn|[from] item: Leftovers
|-heal|p1a: Zamazenta|27/100|[from] Grassy Terrain
|-damage|p2a: Zamazenta|54/100 brn|[from] brn
|upkeep
|turn|44
|
|t:|1760803870
|move|p2a: Zamazenta|Body Press|p1a: Zamazenta
|-damage|p1a: Zamazenta|9/100
|move|p1a: Zamazenta|Rest|p1a: Zamazenta
|-status|p1a: Zamazenta|slp|[from] move: Rest
|-heal|p1a: Zamazenta|100/100 slp|[silent]
|
|-heal|p2a: Zamazenta|60/100 brn|[from] Grassy Terrain
|-heal|p2a: Zamazenta|66/100 brn|[from] item: Leftovers
|-damage|p2a: Zamazenta|60/100 brn|[from] brn
|upkeep
|turn|45
|
|t:|1760803876
|move|p2a: Zamazenta|Iron Defense|p2a: Zamazenta
|-boost|p2a: Zamazenta|def|2
|cant|p1a: Zamazenta|slp
|
|-heal|p2a: Zamazenta|66/100 brn|[from] Grassy Terrain
|-heal|p2a: Zamazenta|72/100 brn|[from] item: Leftovers
|-damage|p2a: Zamazenta|66/100 brn|[from] brn
|upkeep
|turn|46
|
|t:|1760803881
|move|p2a: Zamazenta|Iron Defense|p2a: Zamazenta
|-boost|p2a: Zamazenta|def|2
|cant|p1a: Zamazenta|slp
|
|-heal|p2a: Zamazenta|72/100 brn|[from] Grassy Terrain
|-heal|p2a: Zamazenta|79/100 brn|[from] item: Leftovers
|-damage|p2a: Zamazenta|72/100 brn|[from] brn
|-fieldend|move: Grassy Terrain
|upkeep
|turn|47
|
|t:|1760803884
|move|p2a: Zamazenta|Body Press|p1a: Zamazenta
|-crit|p1a: Zamazenta
|-damage|p1a: Zamazenta|35/100 slp
|-curestatus|p1a: Zamazenta|slp|[msg]
|move|p1a: Zamazenta|Iron Defense|p1a: Zamazenta
|-boost|p1a: Zamazenta|def|2
|
|-heal|p2a: Zamazenta|79/100 brn|[from] item: Leftovers
|-damage|p2a: Zamazenta|72/100 brn|[from] brn
|upkeep
|turn|48
|
|t:|1760803891
|move|p2a: Zamazenta|Body Press|p1a: Zamazenta
|-damage|p1a: Zamazenta|16/100
|move|p1a: Zamazenta|Rest|p1a: Zamazenta
|-status|p1a: Zamazenta|slp|[from] move: Rest
|-heal|p1a: Zamazenta|100/100 slp|[silent]
|
|-heal|p2a: Zamazenta|79/100 brn|[from] item: Leftovers
|-damage|p2a: Zamazenta|72/100 brn|[from] brn
|upkeep
|turn|49
|
|t:|1760803895
|cant|p1a: Zamazenta|slp
|move|p2a: Zamazenta|Roar|p1a: Zamazenta
|drag|p1a: Landorus|Landorus-Therian, M|27/100
|-ability|p1a: Landorus|Intimidate|boost
|-unboost|p2a: Zamazenta|atk|1
|
|-heal|p2a: Zamazenta|79/100 brn|[from] item: Leftovers
|-damage|p2a: Zamazenta|72/100 brn|[from] brn
|upkeep
|turn|50
|
|t:|1760803904
|move|p1a: Landorus|U-turn|p2a: Zamazenta
|-resisted|p2a: Zamazenta
|-crit|p2a: Zamazenta
|-damage|p2a: Zamazenta|59/100 brn
|
|t:|1760803907
|switch|p1a: Zamazenta|Zamazenta, tera:Fire|100/100 slp|[from] U-turn
|move|p2a: Zamazenta|Body Press|p1a: Zamazenta
|-damage|p1a: Zamazenta|57/100 slp
|
|-heal|p2a: Zamazenta|65/100 brn|[from] item: Leftovers
|-damage|p2a: Zamazenta|59/100 brn|[from] brn
|upkeep
|turn|51
|
|t:|1760803911
|move|p2a: Zamazenta|Iron Defense|p2a: Zamazenta
|-boost|p2a: Zamazenta|def|1
|cant|p1a: Zamazenta|slp
|
|-heal|p2a: Zamazenta|65/100 brn|[from] item: Leftovers
|-damage|p2a: Zamazenta|59/100 brn|[from] brn
|upkeep
|turn|52
|
|t:|1760803915
|move|p2a: Zamazenta|Body Press|p1a: Zamazenta
|-damage|p1a: Zamazenta|14/100 slp
|-curestatus|p1a: Zamazenta|slp|[msg]
|move|p1a: Zamazenta|Body Press|p2a: Zamazenta
|-damage|p2a: Zamazenta|52/100 brn
|
|-heal|p2a: Zamazenta|58/100 brn|[from] item: Leftovers
|-damage|p2a: Zamazenta|52/100 brn|[from] brn
|upkeep
|turn|53
|
|t:|1760803919
|move|p2a: Zamazenta|Body Press|p1a: Zamazenta
|-damage|p1a: Zamazenta|0 fnt
|faint|p1a: Zamazenta
|
|-heal|p2a: Zamazenta|58/100 brn|[from] item: Leftovers
|-damage|p2a: Zamazenta|52/100 brn|[from] brn
|upkeep
|-message|FeeDWeeB forfeited.
|
|win|deusyancha
|raw|FeeDWeeB's rating: 1365 &rarr; <strong>1345</strong><br />(-20 for losing)
|raw|deusyancha's rating: 1372 &rarr; <strong>1392</strong><br />(+20 for winning)
|l|☆FeeDWeeB
|player|p1|
