|j|☆Verminator
|j|☆Unevensteven51
|t:|1760721392
|gametype|singles
|player|p1|Verminator|bruno|1199
|player|p2|Unevensteven51|palmer|1243
|gen|9
|tier|[Gen 9] OU
|rated|
|rule|HP Percentage Mod: HP is shown in percentages
|rule|Endless Battle Clause: Forcing endless battles is banned
|rule|Species Clause: Limit one of each Pokémon
|rule|OHKO Clause: OHKO moves are banned
|rule|Evasion Items Clause: Evasion items are banned
|rule|Evasion Moves Clause: Evasion moves are banned
|rule|Evasion Abilities Clause: Evasion abilities are banned
|rule|Sleep Moves Clause: Sleep-inducing moves are banned
|clearpoke
|poke|p1|Weavile, F|
|poke|p1|Slowking-Galar, M|
|poke|p1|Moltres|
|poke|p1|Scizor, M|
|poke|p1|Quagsire, F|
|poke|p1|Garchomp, M|
|poke|p2|Torkoal, F|
|poke|p2|Walking Wake|
|poke|p2|Raging Bolt|
|poke|p2|Corviknight, M|
|poke|p2|Landorus-Therian, M|
|poke|p2|Iron Boulder|
|teampreview
|inactive|Battle timer is ON: inactive players will automatically lose when time's up. (requested by Unevensteven51)
|
|t:|1760721403
|teamsize|p1|6
|teamsize|p2|6
|start
|switch|p1a: Slowking|Slowking-Galar, M|100/100
|switch|p2a: Torkoal|Torkoal, F, shiny|100/100
|-weather|SunnyDay|[from] ability: Drought|[of] p2a: Torkoal
|turn|1
|
|t:|1760721412
|move|p1a: Slowking|Toxic|p2a: Torkoal
|-status|p2a: Torkoal|tox
|move|p2a: Torkoal|Eruption|p1a: Slowking
|-damage|p1a: Slowking|62/100
|
|-weather|SunnyDay|[upkeep]
|-heal|p1a: Slowking|69/100|[from] item: Leftovers
|-damage|p2a: Torkoal|94/100 tox|[from] psn
|upkeep
|turn|2
|
|t:|1760721420
|-prepare|p1a: Slowking|Chilly Reception|[premajor]
|move|p1a: Slowking|Chilly Reception|p1a: Slowking
|-weather|Snowscape
|
|t:|1760721425
|switch|p1a: Moltres|Moltres|100/100|[from] Chilly Reception
|move|p2a: Torkoal|Will-O-Wisp|p1a: Moltres
|-immune|p1a: Moltres
|
|-weather|Snowscape|[upkeep]
|-damage|p2a: Torkoal|82/100 tox|[from] psn
|upkeep
|turn|3
|
|t:|1760721432
|switch|p2a: Landorus|Landorus-Therian, M|100/100
|-ability|p2a: Landorus|Intimidate|boost
|-unboost|p1a: Moltres|atk|1
|move|p1a: Moltres|U-turn|p2a: Landorus
|-resisted|p2a: Landorus
|-damage|p2a: Landorus|96/100
|
|t:|1760721438
|switch|p1a: Weavile|Weavile, F|100/100|[from] U-turn
|
|-weather|Snowscape|[upkeep]
|upkeep
|turn|4
|
|t:|1760721443
|switch|p2a: Torkoal|Torkoal, F, shiny|82/100 tox
|-weather|SunnyDay|[from] ability: Drought|[of] p2a: Torkoal
|move|p1a: Weavile|Icicle Crash|p2a: Torkoal
|-resisted|p2a: Torkoal
|-damage|p2a: Torkoal|62/100 tox
|-damage|p1a: Weavile|91/100|[from] item: Life Orb
|
|-weather|SunnyDay|[upkeep]
|-damage|p2a: Torkoal|56/100 tox|[from] psn
|upkeep
|turn|5
|
|t:|1760721452
|switch|p1a: Slowking|Slowking-Galar, M|100/100
|switch|p2a: Walking Wake|Walking Wake|100/100
|-activate|p2a: Walking Wake|ability: Protosynthesis
|-start|p2a: Walking Wake|protosynthesisspa
|
|-weather|SunnyDay|[upkeep]
|upkeep
|turn|6
|
|t:|1760721456
|-terastallize|p2a: Walking Wake|Water
|move|p2a: Walking Wake|Hydro Steam|p1a: Slowking
|-damage|p1a: Slowking|43/100
|-prepare|p1a: Slowking|Chilly Reception|[premajor]
|move|p1a: Slowking|Chilly Reception|p1a: Slowking
|-weather|Snowscape
|-end|p2a: Walking Wake|Protosynthesis
|
|t:|1760721465
|switch|p1a: Quagsire|Quagsire, F|100/100|[from] Chilly Reception
|
|-weather|Snowscape|[upkeep]
|upkeep
|turn|7
|
|t:|1760721473
|-end|p2a: Walking Wake|Protosynthesis|[silent]
|switch|p2a: Corviknight|Corviknight, M, shiny|100/100
|move|p1a: Quagsire|Stealth Rock|p2a: Corviknight
|-sidestart|p2: Unevensteven51|move: Stealth Rock
|
|-weather|Snowscape|[upkeep]
|upkeep
|turn|8
|
|t:|1760721481
|switch|p1a: Moltres|Moltres|100/100
|move|p2a: Corviknight|Iron Defense|p2a: Corviknight
|-boost|p2a: Corviknight|def|2
|
|-weather|Snowscape|[upkeep]
|upkeep
|turn|9
|
|t:|1760721489
|switch|p2a: Raging Bolt|Raging Bolt|100/100
|-damage|p2a: Raging Bolt|88/100|[from] Stealth Rock
|move|p1a: Moltres|Flamethrower|p2a: Raging Bolt
|-resisted|p2a: Raging Bolt
|-damage|p2a: Raging Bolt|77/100
|
|-weather|Snowscape|[upkeep]
|upkeep
|turn|10
|
|t:|1760721498
|switch|p1a: Quagsire|Quagsire, F|100/100
|move|p2a: Raging Bolt|Weather Ball|p1a: Quagsire
|-damage|p1a: Quagsire|62/100
|
|-weather|none
|-heal|p1a: Quagsire|69/100|[from] item: Leftovers
|upkeep
|turn|11
|
|t:|1760721506
|move|p2a: Raging Bolt|Draco Meteor|p1a: Quagsire
|-damage|p1a: Quagsire|0 fnt
|-unboost|p2a: Raging Bolt|spa|2
|faint|p1a: Quagsire
|
|upkeep
|
|t:|1760721513
|switch|p1a: Weavile|Weavile, F|91/100
|turn|12
|
|t:|1760721522
|-end|p2a: Raging Bolt|Protosynthesis|[silent]
|switch|p2a: Corviknight|Corviknight, M, shiny|100/100
|-damage|p2a: Corviknight|88/100|[from] Stealth Rock
|move|p1a: Weavile|Icicle Crash|p2a: Corviknight|[miss]
|-miss|p1a: Weavile|p2a: Corviknight
|
|-heal|p2a: Corviknight|94/100|[from] item: Leftovers
|upkeep
|turn|13
|
|t:|1760721532
|switch|p1a: Moltres|Moltres|100/100
|switch|p2a: Raging Bolt|Raging Bolt|77/100
|-damage|p2a: Raging Bolt|65/100|[from] Stealth Rock
|
|upkeep
|turn|14
|
|t:|1760721540
|switch|p1a: Slowking|Slowking-Galar, M|76/100
|move|p2a: Raging Bolt|Thunderbolt|p1a: Slowking
|-damage|p1a: Slowking|49/100
|
|-heal|p1a: Slowking|56/100|[from] item: Leftovers
|upkeep
|turn|15
|
|t:|1760721552
|move|p2a: Raging Bolt|Thunderbolt|p1a: Slowking
|-damage|p1a: Slowking|30/100
|-prepare|p1a: Slowking|Chilly Reception|[premajor]
|move|p1a: Slowking|Chilly Reception|p1a: Slowking
|-weather|Snowscape
|
|t:|1760721558
|switch|p1a: Garchomp|Garchomp, M|100/100|[from] Chilly Reception
|
|-weather|Snowscape|[upkeep]
|upkeep
|turn|16
|
|t:|1760721571
|move|p1a: Garchomp|Swords Dance|p1a: Garchomp
|-boost|p1a: Garchomp|atk|2
|move|p2a: Raging Bolt|Weather Ball|p1a: Garchomp
|-supereffective|p1a: Garchomp
|-damage|p1a: Garchomp|0 fnt
|faint|p1a: Garchomp
|
|-weather|Snowscape|[upkeep]
|upkeep
|-message|Verminator forfeited.
|
|win|Unevensteven51
|raw|Verminator's rating: 1199 &rarr; <strong>1177</strong><br />(-22 for losing)
|raw|Unevensteven51's rating: 1243 &rarr; <strong>1265</strong><br />(+22 for winning)
|l|☆Verminator
|player|p1|
|l|☆Unevensteven51
|player|p2|
