|j|☆Mc_Spiny
|j|☆ThegreatHK
|t:|1760762095
|gametype|singles
|player|p1|Mc_Spiny|2|1245
|player|p2|ThegreatHK|unknown|1305
|gen|9
|tier|[Gen 9] OU
|rated|
|rule|HP Percentage Mod: HP is shown in percentages
|rule|Endless Battle Clause: Forcing endless battles is banned
|rule|Species Clause: Limit one of each Pokémon
|rule|OHKO Clause: OHKO moves are banned
|rule|Evasion Items Clause: Evasion items are banned
|rule|Evasion Moves Clause: Evasion moves are banned
|rule|Evasion Abilities Clause: Evasion abilities are banned
|rule|Sleep Moves Clause: Sleep-inducing moves are banned
|clearpoke
|poke|p1|Arcanine, M|
|poke|p1|Great Tusk|
|poke|p1|Slowking-Galar, M|
|poke|p1|Kyurem|
|poke|p1|Gholdengo|
|poke|p1|Ogerpon-Wellspring, F|
|poke|p2|Meowscarada, M|
|poke|p2|Zapdos-Galar|
|poke|p2|Iron Treads|
|poke|p2|Slowking-Galar, F|
|poke|p2|Garchomp, F|
|poke|p2|Polteageist|
|teampreview
|inactive|Battle timer is ON: inactive players will automatically lose when time's up. (requested by ThegreatHK)
|inactive|Mc_Spiny also wants the timer to be on.
|c|☆ThegreatHK|glhf
|
|t:|1760762108
|teamsize|p1|6
|teamsize|p2|6
|start
|switch|p1a: Arcanine|Arcanine, M|100/100
|switch|p2a: Meowscarada|Meowscarada, M|100/100
|-ability|p1a: Arcanine|Intimidate|boost
|-unboost|p2a: Meowscarada|atk|1
|turn|1
|inactive|Mc_Spiny has 120 seconds left.
|
|t:|1760762143
|move|p2a: Meowscarada|U-turn|p1a: Arcanine
|-start|p2a: Meowscarada|typechange|Bug|[from] ability: Protean
|-resisted|p1a: Arcanine
|-damage|p1a: Arcanine|93/100
|
|t:|1760762146
|switch|p2a: Garchomp|Garchomp, F|100/100|[from] U-turn
|move|p1a: Arcanine|Will-O-Wisp|p2a: Garchomp
|-status|p2a: Garchomp|brn
|
|-damage|p2a: Garchomp|94/100 brn|[from] brn
|upkeep
|turn|2
|
|t:|1760762152
|switch|p1a: Great Tusk|Great Tusk|100/100
|move|p2a: Garchomp|Spikes|p1a: Great Tusk
|-sidestart|p1: Mc_Spiny|Spikes
|
|-damage|p2a: Garchomp|88/100 brn|[from] brn
|upkeep
|turn|3
|
|t:|1760762155
|move|p2a: Garchomp|Liquidation|p1a: Great Tusk
|-supereffective|p1a: Great Tusk
|-damage|p1a: Great Tusk|88/100
|-unboost|p1a: Great Tusk|def|1
|-damage|p2a: Garchomp|71/100 brn|[from] item: Rocky Helmet|[of] p1a: Great Tusk
|move|p1a: Great Tusk|Knock Off|p2a: Garchomp
|-damage|p2a: Garchomp|52/100 brn
|-damage|p1a: Great Tusk|76/100|[from] ability: Rough Skin|[of] p2a: Garchomp
|-damage|p1a: Great Tusk|59/100|[from] item: Rocky Helmet|[of] p2a: Garchomp
|-enditem|p2a: Garchomp|Rocky Helmet|[from] move: Knock Off|[of] p1a: Great Tusk
|
|-damage|p2a: Garchomp|46/100 brn|[from] brn
|upkeep
|turn|4
|
|t:|1760762165
|switch|p2a: Zapdos|Zapdos-Galar|100/100
|-end|p1a: Great Tusk|Protosynthesis|[silent]
|switch|p1a: Ogerpon|Ogerpon-Wellspring, F|100/100
|-damage|p1a: Ogerpon|88/100|[from] Spikes
|
|upkeep
|turn|5
|
|t:|1760762194
|switch|p1a: Arcanine|Arcanine, M|93/100
|-ability|p1a: Arcanine|Intimidate|boost
|-unboost|p2a: Zapdos|atk|1
|-ability|p2a: Zapdos|Defiant|boost
|-boost|p2a: Zapdos|atk|2
|move|p2a: Zapdos|Brave Bird|p1a: Arcanine
|-damage|p1a: Arcanine|0 fnt
|faint|p1a: Arcanine
|-damage|p2a: Zapdos|64/100|[from] Recoil
|
|upkeep
|-message|Mc_Spiny forfeited.
|
|win|ThegreatHK
|raw|Mc_Spiny's rating: 1245 &rarr; <strong>1224</strong><br />(-21 for losing)
|raw|ThegreatHK's rating: 1305 &rarr; <strong>1322</strong><br />(+17 for winning)
|l|☆Mc_Spiny
|player|p1|
|l|☆ThegreatHK
|player|p2|
