|j|☆p0lt
|j|☆Shockmoth
|t:|1760826366
|gametype|singles
|player|p1|p0lt|#agplivlionsden|1827
|player|p2|Shockmoth|wattson|1855
|gen|9
|tier|[Gen 9] OU
|rated|
|rule|HP Percentage Mod: HP is shown in percentages
|rule|Endless Battle Clause: Forcing endless battles is banned
|rule|Species Clause: Limit one of each Pokémon
|rule|OHKO Clause: OHKO moves are banned
|rule|Evasion Items Clause: Evasion items are banned
|rule|Evasion Moves Clause: Evasion moves are banned
|rule|Evasion Abilities Clause: Evasion abilities are banned
|rule|Sleep Moves Clause: Sleep-inducing moves are banned
|clearpoke
|poke|p1|Gholdengo|
|poke|p1|Zamazenta-*|
|poke|p1|Ting-Lu|
|poke|p1|Clefable, F|
|poke|p1|Dragonite, M|
|poke|p1|Deoxys-Speed|
|poke|p2|Frosmoth, F|
|poke|p2|Pincurchin, M|
|poke|p2|Raichu-Alola, F|
|poke|p2|Iron Hands|
|poke|p2|Rotom-Wash|
|poke|p2|Pawmot, F|
|teampreview
|inactive|Battle timer is ON: inactive players will automatically lose when time's up. (requested by Shockmoth)
|inactive|p0lt also wants the timer to be on.
|c|☆p0lt|hf
|c|☆Shockmoth|U2
|
|t:|1760826375
|teamsize|p1|6
|teamsize|p2|6
|start
|switch|p1a: Ting-Lu|Ting-Lu|100/100
|switch|p2a: OH YEAH!!! YEAH!!|Pincurchin, M|100/100
|-ability|p1a: Ting-Lu|Vessel of Ruin
|-fieldstart|move: Electric Terrain|[from] ability: Electric Surge|[of] p2a: OH YEAH!!! YEAH!!
|turn|1
|
|t:|1760826377
|switch|p2a: William O' Wisp|Rotom-Wash|100/100
|move|p1a: Ting-Lu|Spikes|p2a: William O' Wisp
|-sidestart|p2: Shockmoth|Spikes
|
|upkeep
|turn|2
|
|t:|1760826381
|switch|p1a: Dragonite|Dragonite, M|100/100
|move|p2a: William O' Wisp|Light Screen|p2a: William O' Wisp
|-sidestart|p2: Shockmoth|move: Light Screen
|
|upkeep
|turn|3
|
|t:|1760826387
|switch|p1a: Ting-Lu|Ting-Lu|100/100
|-ability|p1a: Ting-Lu|Vessel of Ruin
|move|p2a: William O' Wisp|Reflect|p2a: William O' Wisp
|-sidestart|p2: Shockmoth|Reflect
|
|upkeep
|turn|4
|
|t:|1760826390
|move|p2a: William O' Wisp|Hydro Pump|p1a: Ting-Lu
|-supereffective|p1a: Ting-Lu
|-damage|p1a: Ting-Lu|55/100
|move|p1a: Ting-Lu|Spikes|p2a: William O' Wisp
|-sidestart|p2: Shockmoth|Spikes
|
|-heal|p1a: Ting-Lu|61/100|[from] item: Leftovers
|upkeep
|turn|5
|
|t:|1760826393
|move|p2a: William O' Wisp|Hydro Pump|p1a: Ting-Lu
|-supereffective|p1a: Ting-Lu
|-damage|p1a: Ting-Lu|16/100
|move|p1a: Ting-Lu|Spikes|p2a: William O' Wisp
|-sidestart|p2: Shockmoth|Spikes
|
|-heal|p1a: Ting-Lu|22/100|[from] item: Leftovers
|upkeep
|turn|6
|
|t:|1760826395
|switch|p1a: Dragonite|Dragonite, M|100/100
|move|p2a: William O' Wisp|Hydro Pump|p1a: Dragonite
|-resisted|p1a: Dragonite
|-damage|p1a: Dragonite|89/100
|
|upkeep
|turn|7
|
|t:|1760826398
|move|p2a: William O' Wisp|Volt Switch|p1a: Dragonite
|-damage|p1a: Dragonite|56/100
|j| GoldenTTRex1
|
|t:|1760826399
|switch|p2a: Iron Deficiency|Iron Hands|100/100|[from] Volt Switch
|-damage|p2a: Iron Deficiency|75/100|[from] Spikes
|-activate|p2a: Iron Deficiency|ability: Quark Drive
|-start|p2a: Iron Deficiency|quarkdriveatk
|move|p1a: Dragonite|Roost|p1a: Dragonite
|-heal|p1a: Dragonite|100/100
|-singleturn|p1a: Dragonite|move: Roost
|
|upkeep
|turn|8
|
|t:|1760826406
|switch|p1a: Clefable|Clefable, F|100/100
|move|p2a: Iron Deficiency|Swords Dance|p2a: Iron Deficiency
|-boost|p2a: Iron Deficiency|atk|2
|
|-fieldend|move: Electric Terrain
|-end|p2a: Iron Deficiency|Quark Drive
|upkeep
|turn|9
|
|t:|1760826411
|-end|p2a: Iron Deficiency|Quark Drive|[silent]
|switch|p2a: Finger Eleven|Frosmoth, F, shiny|100/100
|move|p1a: Clefable|Stealth Rock|p2a: Finger Eleven
|-sidestart|p2: Shockmoth|move: Stealth Rock
|
|-sideend|p2: Shockmoth|move: Light Screen
|upkeep
|turn|10
|
|t:|1760826414
|move|p2a: Finger Eleven|Defog|p1a: Clefable
|-unboost|p1a: Clefable|evasion|1
|-sideend|p2: Shockmoth|Spikes|[from] move: Defog|[of] p2a: Finger Eleven
|-sideend|p2: Shockmoth|Stealth Rock|[from] move: Defog|[of] p2a: Finger Eleven
|move|p1a: Clefable|Knock Off|p2a: Finger Eleven
|-damage|p2a: Finger Eleven|87/100
|-enditem|p2a: Finger Eleven|Heavy-Duty Boots|[from] move: Knock Off|[of] p1a: Clefable
|
|-sideend|p2: Shockmoth|Reflect
|upkeep
|turn|11
|
|t:|1760826418
|move|p2a: Finger Eleven|Quiver Dance|p2a: Finger Eleven
|-boost|p2a: Finger Eleven|spa|1
|-boost|p2a: Finger Eleven|spd|1
|-boost|p2a: Finger Eleven|spe|1
|move|p1a: Clefable|Stealth Rock|p2a: Finger Eleven
|-sidestart|p2: Shockmoth|move: Stealth Rock
|
|upkeep
|turn|12
|
|t:|1760826425
|switch|p1a: Zamazenta|Zamazenta|100/100
|-ability|p1a: Zamazenta|Dauntless Shield|boost
|-boost|p1a: Zamazenta|def|1
|move|p2a: Finger Eleven|Ice Beam|p1a: Zamazenta
|-damage|p1a: Zamazenta|41/100
|-status|p1a: Zamazenta|frz
|
|upkeep
|turn|13
|
|t:|1760826432
|switch|p1a: Dragonite|Dragonite, M|100/100
|move|p2a: Finger Eleven|Ice Beam|p1a: Dragonite
|-supereffective|p1a: Dragonite
|-damage|p1a: Dragonite|0 fnt
|faint|p1a: Dragonite
|
|upkeep
|
|t:|1760826442
|switch|p1a: Ting-Lu|Ting-Lu|22/100
|-ability|p1a: Ting-Lu|Vessel of Ruin
|turn|14
|
|t:|1760826447
|move|p2a: Finger Eleven|Ice Beam|p1a: Ting-Lu
|-supereffective|p1a: Ting-Lu
|-damage|p1a: Ting-Lu|0 fnt
|faint|p1a: Ting-Lu
|
|upkeep
|
|t:|1760826455
|switch|p1a: Gholdengo|Gholdengo|100/100
|turn|15
|
|t:|1760826463
|-terastallize|p2a: Finger Eleven|Electric
|move|p2a: Finger Eleven|Tera Blast|p1a: Gholdengo|[anim] Tera Blast Electric
|-damage|p1a: Gholdengo|49/100
|move|p1a: Gholdengo|Nasty Plot|p1a: Gholdengo
|-boost|p1a: Gholdengo|spa|2
|
|upkeep
|turn|16
|
|t:|1760826466
|move|p2a: Finger Eleven|Tera Blast|p1a: Gholdengo|[anim] Tera Blast Electric
|-damage|p1a: Gholdengo|0 fnt
|faint|p1a: Gholdengo
|
|upkeep
|c|☆p0lt|gg
|-message|p0lt forfeited.
|
|win|Shockmoth
|raw|p0lt's rating: 1827 &rarr; <strong>1809</strong><br />(-18 for losing)
|raw|Shockmoth's rating: 1855 &rarr; <strong>1873</strong><br />(+18 for winning)
|l|☆p0lt
|player|p1|
|c|☆Shockmoth|Gg
|l| GoldenTTRex1
