|j|☆NotHyperFlare
|j|☆rodwaveoneofone
|t:|1760819506
|gametype|singles
|player|p1|NotHyperFlare|ghetsis|
|player|p2|rodwaveoneofone|2|
|gen|9
|tier|[Gen 9] OU
|rule|HP Percentage Mod: HP is shown in percentages
|rule|Endless Battle Clause: Forcing endless battles is banned
|rule|Species Clause: Limit one of each Pokémon
|rule|OHKO Clause: OHKO moves are banned
|rule|Evasion Items Clause: Evasion items are banned
|rule|Evasion Moves Clause: Evasion moves are banned
|rule|Evasion Abilities Clause: Evasion abilities are banned
|rule|Sleep Moves Clause: Sleep-inducing moves are banned
|clearpoke
|poke|p1|Cinderace, M|
|poke|p1|Ursaluna, M|
|poke|p1|Ogerpon-Wellspring, F|
|poke|p1|Glimmora, F|
|poke|p1|Rillaboom, F|
|poke|p1|Arcanine-Hisui, M|
|poke|p2|Reuniclus, M|
|poke|p2|Kingambit, F|
|poke|p2|Ogerpon-Wellspring, F|
|poke|p2|Landorus-Therian, M|
|poke|p2|Iron Valiant|
|poke|p2|Cinderace, M|
|teampreview
|
|t:|1760819524
|teamsize|p1|6
|teamsize|p2|6
|start
|switch|p1a: Ogerpon|Ogerpon-Wellspring, F|100/100
|switch|p2a: Landorus|Landorus-Therian, M|100/100
|-ability|p2a: Landorus|Intimidate|boost
|-unboost|p1a: Ogerpon|atk|1
|turn|1
|
|t:|1760819539
|-terastallize|p2a: Landorus|Water
|move|p1a: Ogerpon|Ivy Cudgel|p2a: Landorus|[anim] Ivy Cudgel Water
|-resisted|p2a: Landorus
|-crit|p2a: Landorus
|-damage|p2a: Landorus|57/100
|move|p2a: Landorus|Earthquake|p1a: Ogerpon
|-resisted|p1a: Ogerpon
|-damage|p1a: Ogerpon|67/100
|
|upkeep
|turn|2
|
|t:|1760819548
|move|p1a: Ogerpon|Horn Leech|p2a: Landorus
|-supereffective|p2a: Landorus
|-damage|p2a: Landorus|5/100
|-heal|p1a: Ogerpon|99/100|[from] drain|[of] p2a: Landorus
|-damage|p1a: Ogerpon|83/100|[from] item: Rocky Helmet|[of] p2a: Landorus
|move|p2a: Landorus|Stealth Rock|p1a: Ogerpon
|-sidestart|p1: NotHyperFlare|move: Stealth Rock
|
|upkeep
|turn|3
|
|t:|1760819558
|switch|p2a: Cinderace|Cinderace, M|100/100
|move|p1a: Ogerpon|Swords Dance|p1a: Ogerpon
|-boost|p1a: Ogerpon|atk|2
|
|upkeep
|turn|4
|
|t:|1760819573
|move|p2a: Cinderace|U-turn|p1a: Ogerpon
|-start|p2a: Cinderace|typechange|Bug|[from] ability: Libero
|-supereffective|p1a: Ogerpon
|-damage|p1a: Ogerpon|0 fnt
|faint|p1a: Ogerpon
|
|t:|1760819585
|switch|p2a: Ogerpon|Ogerpon-Wellspring, F|100/100|[from] U-turn
|
|upkeep
|
|t:|1760819591
|switch|p1a: Rillaboom|Rillaboom, F, shiny|100/100
|-damage|p1a: Rillaboom|88/100|[from] Stealth Rock
|-fieldstart|move: Grassy Terrain|[from] ability: Grassy Surge|[of] p1a: Rillaboom
|-enditem|p1a: Rillaboom|Grassy Seed
|-boost|p1a: Rillaboom|def|1|[from] item: Grassy Seed
|turn|5
|
|t:|1760819622
|switch|p2a: Iron Valiant|Iron Valiant|100/100
|move|p1a: Rillaboom|Acrobatics|p2a: Iron Valiant
|-supereffective|p2a: Iron Valiant
|-damage|p2a: Iron Valiant|5/100
|
|-heal|p2a: Iron Valiant|11/100|[from] Grassy Terrain
|-heal|p1a: Rillaboom|94/100|[from] Grassy Terrain
|upkeep
|turn|6
|
|t:|1760819634
|move|p1a: Rillaboom|Grassy Glide|p2a: Iron Valiant
|-damage|p2a: Iron Valiant|0 fnt
|faint|p2a: Iron Valiant
|-end|p2a: Iron Valiant|Quark Drive|[silent]
|
|-heal|p1a: Rillaboom|100/100|[from] Grassy Terrain
|upkeep
|
|t:|1760819638
|switch|p2a: Cinderace|Cinderace, M|100/100
|turn|7
|
|t:|1760819660
|switch|p1a: Cinderace|Cinderace, M|100/100
|-damage|p1a: Cinderace|76/100|[from] Stealth Rock
|move|p2a: Cinderace|Pyro Ball|p1a: Cinderace
|-resisted|p1a: Cinderace
|-damage|p1a: Cinderace|37/100
|
|-heal|p1a: Cinderace|43/100|[from] Grassy Terrain
|upkeep
|turn|8
|
|t:|1760819669
|move|p2a: Cinderace|Pyro Ball|p1a: Cinderace|[miss]
|-miss|p2a: Cinderace|p1a: Cinderace
|move|p1a: Cinderace|Fling|p2a: Cinderace
|-start|p1a: Cinderace|typechange|Dark|[from] ability: Libero
|-damage|p2a: Cinderace|79/100
|-status|p2a: Cinderace|par
|-enditem|p1a: Cinderace|Light Ball|[from] move: Fling
|
|-heal|p1a: Cinderace|49/100|[from] Grassy Terrain
|-heal|p2a: Cinderace|85/100 par|[from] Grassy Terrain
|upkeep
|turn|9
|
|t:|1760819687
|switch|p1a: Glimmora|Glimmora, F|100/100
|-damage|p1a: Glimmora|88/100|[from] Stealth Rock
|move|p2a: Cinderace|Pyro Ball|p1a: Glimmora
|-resisted|p1a: Glimmora
|-damage|p1a: Glimmora|59/100
|-status|p1a: Glimmora|brn
|-activate|p1a: Glimmora|ability: Toxic Debris
|-sidestart|p2: rodwaveoneofone|move: Toxic Spikes
|
|-heal|p1a: Glimmora|65/100 brn|[from] Grassy Terrain
|-heal|p2a: Cinderace|91/100 par|[from] Grassy Terrain
|-damage|p1a: Glimmora|59/100 brn|[from] brn
|-fieldend|move: Grassy Terrain
|upkeep
|turn|10
|
|t:|1760819701
|move|p1a: Glimmora|Mortal Spin|p2a: Cinderace
|-damage|p2a: Cinderace|86/100 par
|-sideend|p1: NotHyperFlare|Stealth Rock|[from] move: Mortal Spin|[of] p1a: Glimmora
|move|p2a: Cinderace|Gunk Shot|p1a: Glimmora
|-start|p2a: Cinderace|typechange|Poison|[from] ability: Libero
|-resisted|p1a: Glimmora
|-damage|p1a: Glimmora|45/100 brn
|-activate|p1a: Glimmora|ability: Toxic Debris
|-sidestart|p2: rodwaveoneofone|move: Toxic Spikes
|
|-damage|p1a: Glimmora|39/100 brn|[from] brn
|upkeep
|turn|11
|
|t:|1760819734
|move|p1a: Glimmora|Stealth Rock|p2a: Cinderace
|-sidestart|p2: rodwaveoneofone|move: Stealth Rock
|cant|p2a: Cinderace|par
|
|-damage|p1a: Glimmora|33/100 brn|[from] brn
|upkeep
|turn|12
|
|t:|1760819739
|move|p1a: Glimmora|Earth Power|p2a: Cinderace
|-supereffective|p2a: Cinderace
|-damage|p2a: Cinderace|8/100 par
|move|p2a: Cinderace|Pyro Ball|p1a: Glimmora
|-resisted|p1a: Glimmora
|-damage|p1a: Glimmora|13/100 brn
|
|-damage|p1a: Glimmora|6/100 brn|[from] brn
|upkeep
|turn|13
|
|t:|1760819750
|switch|p2a: Reuniclus|Reuniclus, M|100/100
|-status|p2a: Reuniclus|tox
|move|p1a: Glimmora|Earth Power|p2a: Reuniclus
|-crit|p2a: Reuniclus
|-damage|p2a: Reuniclus|62/100 tox
|
|-damage|p1a: Glimmora|0 fnt|[from] brn
|faint|p1a: Glimmora
|upkeep
|
|t:|1760819772
|switch|p1a: Cinderace|Cinderace, M|49/100
|turn|14
|
|t:|1760819783
|-terastallize|p1a: Cinderace|Flying
|move|p1a: Cinderace|Acrobatics|p2a: Reuniclus
|-damage|p2a: Reuniclus|5/100 tox
|move|p2a: Reuniclus|Trick Room|p2a: Reuniclus
|-fieldstart|move: Trick Room|[of] p2a: Reuniclus
|
|upkeep
|turn|15
|
|t:|1760819805
|switch|p1a: Ursaluna|Ursaluna, M, shiny|100/100
|move|p2a: Reuniclus|Focus Blast|p1a: Ursaluna|[miss]
|-miss|p2a: Reuniclus|p1a: Ursaluna
|
|-status|p1a: Ursaluna|brn|[from] item: Flame Orb
|upkeep
|turn|16
|
|t:|1760819828
|move|p2a: Reuniclus|Focus Blast|p1a: Ursaluna|[miss]
|-miss|p2a: Reuniclus|p1a: Ursaluna
|move|p1a: Ursaluna|Play Rough|p2a: Reuniclus
|-damage|p2a: Reuniclus|0 fnt
|faint|p2a: Reuniclus
|
|-damage|p1a: Ursaluna|94/100 brn|[from] brn
|upkeep
|
|t:|1760819843
|switch|p2a: Ogerpon|Ogerpon-Wellspring, F|100/100
|-status|p2a: Ogerpon|tox
|-damage|p2a: Ogerpon|88/100 tox|[from] Stealth Rock
|turn|17
|
|t:|1760819849
|move|p1a: Ursaluna|Gunk Shot|p2a: Ogerpon|[miss]
|-miss|p1a: Ursaluna|p2a: Ogerpon
|move|p2a: Ogerpon|Horn Leech|p1a: Ursaluna
|-supereffective|p1a: Ursaluna
|-damage|p1a: Ursaluna|26/100 brn
|-heal|p2a: Ogerpon|100/100 tox|[from] drain|[of] p1a: Ursaluna
|
|-damage|p2a: Ogerpon|95/100 tox|[from] psn
|-damage|p1a: Ursaluna|20/100 brn|[from] brn
|upkeep
|turn|18
|
|t:|1760819860
|move|p1a: Ursaluna|Gunk Shot|p2a: Ogerpon|[miss]
|-miss|p1a: Ursaluna|p2a: Ogerpon
|move|p2a: Ogerpon|Substitute|p2a: Ogerpon
|-start|p2a: Ogerpon|Substitute
|-damage|p2a: Ogerpon|70/100 tox
|
|-damage|p2a: Ogerpon|58/100 tox|[from] psn
|-damage|p1a: Ursaluna|14/100 brn|[from] brn
|-fieldend|move: Trick Room
|upkeep
|turn|19
|
|t:|1760819870
|move|p2a: Ogerpon|Horn Leech|p1a: Ursaluna
|-supereffective|p1a: Ursaluna
|-damage|p1a: Ursaluna|0 fnt
|-heal|p2a: Ogerpon|68/100 tox|[from] drain|[of] p1a: Ursaluna
|faint|p1a: Ursaluna
|
|-damage|p2a: Ogerpon|50/100 tox|[from] psn
|upkeep
|
|t:|1760819880
|switch|p1a: Rillaboom|Rillaboom, F, shiny|100/100
|-fieldstart|move: Grassy Terrain|[from] ability: Grassy Surge|[of] p1a: Rillaboom
|turn|20
|
|t:|1760819886
|move|p2a: Ogerpon|Swords Dance|p2a: Ogerpon
|-boost|p2a: Ogerpon|atk|2
|move|p1a: Rillaboom|Acrobatics|p2a: Ogerpon
|-supereffective|p2a: Ogerpon
|-end|p2a: Ogerpon|Substitute
|
|-heal|p2a: Ogerpon|56/100 tox|[from] Grassy Terrain
|-damage|p2a: Ogerpon|32/100 tox|[from] psn
|upkeep
|turn|21
|
|t:|1760819915
|switch|p2a: Kingambit|Kingambit, F|100/100
|-damage|p2a: Kingambit|94/100|[from] Stealth Rock
|-activate|p2a: Kingambit|ability: Supreme Overlord
|-start|p2a: Kingambit|fallen2|[silent]
|move|p1a: Rillaboom|Grassy Glide|p2a: Kingambit
|-resisted|p2a: Kingambit
|-damage|p2a: Kingambit|80/100
|
|-heal|p2a: Kingambit|86/100|[from] Grassy Terrain
|-heal|p2a: Kingambit|92/100|[from] item: Leftovers
|upkeep
|turn|22
|
|t:|1760819931
|move|p2a: Kingambit|Sucker Punch||[still]
|-fail|p2a: Kingambit
|move|p1a: Rillaboom|Swords Dance|p1a: Rillaboom
|-boost|p1a: Rillaboom|atk|2
|
|-heal|p2a: Kingambit|98/100|[from] Grassy Terrain
|-heal|p2a: Kingambit|100/100|[from] item: Leftovers
|upkeep
|turn|23
|
|t:|1760819972
|move|p1a: Rillaboom|Grassy Glide|p2a: Kingambit
|-resisted|p2a: Kingambit
|-damage|p2a: Kingambit|73/100
|move|p2a: Kingambit|Sucker Punch||[still]
|-fail|p2a: Kingambit
|
|-heal|p2a: Kingambit|79/100|[from] Grassy Terrain
|-heal|p2a: Kingambit|85/100|[from] item: Leftovers
|upkeep
|turn|24
|
|t:|1760819985
|move|p1a: Rillaboom|Grassy Glide|p2a: Kingambit
|-resisted|p2a: Kingambit
|-damage|p2a: Kingambit|59/100
|move|p2a: Kingambit|Sucker Punch||[still]
|-fail|p2a: Kingambit
|
|-heal|p2a: Kingambit|65/100|[from] Grassy Terrain
|-heal|p2a: Kingambit|71/100|[from] item: Leftovers
|-fieldend|move: Grassy Terrain
|upkeep
|turn|25
|
|t:|1760819999
|move|p1a: Rillaboom|Earthquake|p2a: Kingambit
|-supereffective|p2a: Kingambit
|-damage|p2a: Kingambit|0 fnt
|faint|p2a: Kingambit
|-end|p2a: Kingambit|fallen2|[silent]
|
|upkeep
|
|t:|1760820012
|switch|p2a: Ogerpon|Ogerpon-Wellspring, F|32/100 tox
|-damage|p2a: Ogerpon|20/100 tox|[from] Stealth Rock
|turn|26
|
|t:|1760820027
|move|p2a: Ogerpon|Substitute|p2a: Ogerpon
|-fail|p2a: Ogerpon|move: Substitute|[weak]
|move|p1a: Rillaboom|Acrobatics|p2a: Ogerpon
|-supereffective|p2a: Ogerpon
|-damage|p2a: Ogerpon|0 fnt
|faint|p2a: Ogerpon
|
|upkeep
|
|t:|1760820037
|switch|p2a: Landorus|Landorus-Therian, M, tera:Water|5/100
|-status|p2a: Landorus|tox
|-damage|p2a: Landorus|0 fnt|[from] Stealth Rock
|faint|p2a: Landorus
|
|t:|1760820048
|switch|p2a: Cinderace|Cinderace, M|8/100 par
|turn|27
|
|t:|1760820055
|move|p1a: Rillaboom|Acrobatics|p2a: Cinderace
|-damage|p2a: Cinderace|0 fnt
|faint|p2a: Cinderace
|
|win|NotHyperFlare
