|j|☆wangischangis
|j|☆dinosushi
|t:|1760890152
|gametype|singles
|player|p1|wangischangis|266|1051
|player|p2|dinosushi|n|1043
|gen|9
|tier|[Gen 9] OU
|rated|
|rule|HP Percentage Mod: HP is shown in percentages
|rule|Endless Battle Clause: Forcing endless battles is banned
|rule|Species Clause: Limit one of each Pokémon
|rule|OHKO Clause: OHKO moves are banned
|rule|Evasion Items Clause: Evasion items are banned
|rule|Evasion Moves Clause: Evasion moves are banned
|rule|Evasion Abilities Clause: Evasion abilities are banned
|rule|Sleep Moves Clause: Sleep-inducing moves are banned
|clearpoke
|poke|p1|Alomomola, F|
|poke|p1|Scizor, F|
|poke|p1|Incineroar, F|
|poke|p1|Porygon2|
|poke|p1|Glimmora, M|
|poke|p1|Gliscor, M|
|poke|p2|Cinderace, F|
|poke|p2|Clefable, F|
|poke|p2|Slowking-Galar, F|
|poke|p2|Maushold|
|poke|p2|Dragapult, F|
|poke|p2|Dragonite, F|
|teampreview
|
|t:|1760890159
|teamsize|p1|6
|teamsize|p2|6
|start
|switch|p1a: Gliscor|Gliscor, M|100/100
|switch|p2a: Slowking|Slowking-Galar, F, shiny|100/100
|turn|1
|
|t:|1760890165
|move|p1a: Gliscor|Protect|p1a: Gliscor
|-singleturn|p1a: Gliscor|Protect
|move|p2a: Slowking|Toxic Spikes|p1a: Gliscor
|-sidestart|p1: wangischangis|move: Toxic Spikes
|
|-status|p1a: Gliscor|tox|[from] item: Toxic Orb
|upkeep
|turn|2
|
|t:|1760890172
|move|p1a: Gliscor|Stealth Rock|p2a: Slowking
|-sidestart|p2: dinosushi|move: Stealth Rock
|move|p2a: Slowking|Toxic Spikes|p1a: Gliscor
|-sidestart|p1: wangischangis|move: Toxic Spikes
|
|upkeep
|turn|3
|
|t:|1760890192
|switch|p2a: Dragapult|Dragapult, F, shiny|100/100
|-damage|p2a: Dragapult|88/100|[from] Stealth Rock
|move|p1a: Gliscor|Swords Dance|p1a: Gliscor
|-boost|p1a: Gliscor|atk|2
|
|upkeep
|turn|4
|
|t:|1760890202
|move|p1a: Gliscor|Protect|p1a: Gliscor
|-singleturn|p1a: Gliscor|Protect
|move|p2a: Dragapult|Hydro Pump|p1a: Gliscor
|-activate|p1a: Gliscor|move: Protect
|
|upkeep
|turn|5
|
|t:|1760890206
|move|p2a: Dragapult|Hydro Pump|p1a: Gliscor
|-supereffective|p1a: Gliscor
|-damage|p1a: Gliscor|3/100 tox
|move|p1a: Gliscor|X-Scissor|p2a: Dragapult
|-resisted|p2a: Dragapult
|-damage|p2a: Dragapult|58/100
|
|-heal|p1a: Gliscor|16/100 tox|[from] ability: Poison Heal
|upkeep
|turn|6
|
|t:|1760890208
|move|p1a: Gliscor|Protect|p1a: Gliscor
|-singleturn|p1a: Gliscor|Protect
|move|p2a: Dragapult|Hydro Pump|p1a: Gliscor
|-activate|p1a: Gliscor|move: Protect
|
|-heal|p1a: Gliscor|28/100 tox|[from] ability: Poison Heal
|upkeep
|turn|7
|
|t:|1760890217
|switch|p1a: Alomomola|Alomomola, F|100/100
|-status|p1a: Alomomola|tox
|move|p2a: Dragapult|Hydro Pump|p1a: Alomomola
|-resisted|p1a: Alomomola
|-damage|p1a: Alomomola|80/100 tox
|-enditem|p1a: Alomomola|Eject Button
|
|t:|1760890219
|switch|p1a: Glimmora|Glimmora, M|100/100
|-sideend|p1: wangischangis|move: Toxic Spikes|[of] p1a: Glimmora
|
|upkeep
|turn|8
|
|t:|1760890227
|switch|p1a: Alomomola|Alomomola, F|100/100 tox
|move|p2a: Dragapult|Hydro Pump|p1a: Alomomola|[miss]
|-miss|p2a: Dragapult|p1a: Alomomola
|
|-damage|p1a: Alomomola|94/100 tox|[from] psn
|upkeep
|turn|9
|
|t:|1760890242
|switch|p2a: Maushold|Maushold, shiny|100/100
|-damage|p2a: Maushold|88/100|[from] Stealth Rock
|move|p1a: Alomomola|Flip Turn|p2a: Maushold
|-damage|p2a: Maushold|63/100
|
|t:|1760890246
|switch|p1a: Gliscor|Gliscor, M|28/100 tox|[from] Flip Turn
|
|-heal|p1a: Gliscor|40/100 tox|[from] ability: Poison Heal
|upkeep
|turn|10
|
|t:|1760890260
|move|p2a: Maushold|Tidy Up|p2a: Maushold
|-sideend|p2: dinosushi|Stealth Rock
|-activate|p2a: Maushold|move: Tidy Up
|-boost|p2a: Maushold|atk|1
|-boost|p2a: Maushold|spe|1
|move|p1a: Gliscor|Swords Dance|p1a: Gliscor
|-boost|p1a: Gliscor|atk|2
|
|-heal|p1a: Gliscor|53/100 tox|[from] ability: Poison Heal
|upkeep
|turn|11
|
|t:|1760890264
|move|p1a: Gliscor|Protect|p1a: Gliscor
|-singleturn|p1a: Gliscor|Protect
|move|p2a: Maushold|Population Bomb|p1a: Gliscor
|-activate|p1a: Gliscor|move: Protect
|
|-heal|p1a: Gliscor|65/100 tox|[from] ability: Poison Heal
|upkeep
|turn|12
|
|t:|1760890274
|move|p2a: Maushold|Population Bomb|p1a: Gliscor|[miss]
|-miss|p2a: Maushold|p1a: Gliscor
|move|p1a: Gliscor|X-Scissor|p2a: Maushold
|-damage|p2a: Maushold|0 fnt
|faint|p2a: Maushold
|
|-heal|p1a: Gliscor|78/100 tox|[from] ability: Poison Heal
|upkeep
|
|t:|1760890282
|switch|p2a: Dragapult|Dragapult, F, shiny|58/100
|turn|13
|
|t:|1760890294
|switch|p1a: Porygon2|Porygon2|100/100
|-ability|p1a: Porygon2|Download|boost
|-boost|p1a: Porygon2|atk|1
|move|p2a: Dragapult|Shadow Ball|p1a: Porygon2
|-immune|p1a: Porygon2
|
|upkeep
|turn|14
|
|t:|1760890301
|switch|p2a: Cinderace|Cinderace, F, shiny|100/100
|move|p1a: Porygon2|Ice Beam|p2a: Cinderace
|-resisted|p2a: Cinderace
|-damage|p2a: Cinderace|81/100
|
|upkeep
|turn|15
|
|t:|1760890308
|-terastallize|p1a: Porygon2|Ground
|move|p2a: Cinderace|Swords Dance|p2a: Cinderace
|-start|p2a: Cinderace|typechange|Normal|[from] ability: Libero
|-boost|p2a: Cinderace|atk|2
|move|p1a: Porygon2|Tera Blast|p2a: Cinderace|[anim] Tera Blast Ground
|-damage|p2a: Cinderace|28/100
|
|upkeep
|turn|16
|
|t:|1760890324
|move|p2a: Cinderace|Pyro Ball|p1a: Porygon2
|-damage|p1a: Porygon2|39/100
|-damage|p2a: Cinderace|18/100|[from] item: Life Orb
|move|p1a: Porygon2|Trick Room|p1a: Porygon2
|-fieldstart|move: Trick Room|[of] p1a: Porygon2
|
|upkeep
|turn|17
|
|t:|1760890334
|switch|p2a: Clefable|Clefable, F, shiny|100/100
|move|p1a: Porygon2|Tera Blast|p2a: Clefable|[anim] Tera Blast Ground
|-damage|p2a: Clefable|69/100
|
|-heal|p2a: Clefable|75/100|[from] item: Leftovers
|upkeep
|turn|18
|
|t:|1760890346
|switch|p1a: Scizor|Scizor, F|100/100
|move|p2a: Clefable|Alluring Voice|p1a: Scizor
|-resisted|p1a: Scizor
|-damage|p1a: Scizor|89/100
|
|-heal|p2a: Clefable|81/100|[from] item: Leftovers
|upkeep
|turn|19
|
|t:|1760890353
|switch|p2a: Dragonite|Dragonite, F, shiny|100/100
|move|p1a: Scizor|Bullet Punch|p2a: Dragonite
|-damage|p2a: Dragonite|60/100
|
|upkeep
|turn|20
|inactive|Battle timer is ON: inactive players will automatically lose when time's up. (requested by dinosushi)
|
|t:|1760890380
|move|p1a: Scizor|Trailblaze|p2a: Dragonite
|-resisted|p2a: Dragonite
|-damage|p2a: Dragonite|53/100
|-boost|p1a: Scizor|spe|1
|move|p2a: Dragonite|Earthquake|p1a: Scizor
|-damage|p1a: Scizor|52/100
|
|-fieldend|move: Trick Room
|upkeep
|turn|21
|
|t:|1760890393
|move|p2a: Dragonite|Earthquake|p1a: Scizor
|-damage|p1a: Scizor|20/100
|move|p1a: Scizor|Dual Wingbeat|p2a: Dragonite|[miss]
|-miss|p1a: Scizor|p2a: Dragonite
|
|upkeep
|turn|22
|
|t:|1760890406
|move|p1a: Scizor|Bullet Punch|p2a: Dragonite
|-damage|p2a: Dragonite|17/100
|move|p2a: Dragonite|Earthquake|p1a: Scizor
|-damage|p1a: Scizor|0 fnt
|faint|p1a: Scizor
|
|upkeep
|
|t:|1760890409
|switch|p1a: Incineroar|Incineroar, F|100/100
|-ability|p1a: Incineroar|Intimidate|boost
|-fail|p2a: Dragonite|unboost|Attack|[from] ability: Inner Focus|[of] p2a: Dragonite
|turn|23
|
|t:|1760890418
|move|p1a: Incineroar|Fake Out|p2a: Dragonite
|-damage|p2a: Dragonite|3/100
|move|p2a: Dragonite|Earthquake|p1a: Incineroar
|-supereffective|p1a: Incineroar
|-crit|p1a: Incineroar
|-damage|p1a: Incineroar|3/100
|
|-heal|p1a: Incineroar|9/100|[from] item: Leftovers
|upkeep
|turn|24
|
|t:|1760890430
|move|p2a: Dragonite|Earthquake|p1a: Incineroar
|-supereffective|p1a: Incineroar
|-damage|p1a: Incineroar|0 fnt
|faint|p1a: Incineroar
|
|upkeep
|
|t:|1760890433
|switch|p1a: Alomomola|Alomomola, F|100/100 tox
|turn|25
|
|t:|1760890438
|move|p2a: Dragonite|Dragon Claw|p1a: Alomomola
|-damage|p1a: Alomomola|73/100 tox
|move|p1a: Alomomola|Wish|p1a: Alomomola
|
|-damage|p1a: Alomomola|67/100 tox|[from] psn
|upkeep
|turn|26
|
|t:|1760890447
|move|p2a: Dragonite|Dragon Claw|p1a: Alomomola
|-damage|p1a: Alomomola|39/100 tox
|move|p1a: Alomomola|Flip Turn|p2a: Dragonite
|-resisted|p2a: Dragonite
|-damage|p2a: Dragonite|0 fnt
|faint|p2a: Dragonite
|
|t:|1760890474
|switch|p1a: Porygon2|Porygon2, tera:Ground|39/100|[from] Flip Turn
|
|-heal|p1a: Porygon2|100/100|[from] move: Wish|[wisher] Alomomola
|upkeep
|
|t:|1760890486
|switch|p2a: Dragapult|Dragapult, F, shiny|58/100
|turn|27
|
|t:|1760890490
|move|p2a: Dragapult|Draco Meteor|p1a: Porygon2
|-damage|p1a: Porygon2|44/100
|-unboost|p2a: Dragapult|spa|2
|move|p1a: Porygon2|Ice Beam|p2a: Dragapult
|-supereffective|p2a: Dragapult
|-damage|p2a: Dragapult|0 fnt
|faint|p2a: Dragapult
|
|upkeep
|
|t:|1760890502
|switch|p2a: Clefable|Clefable, F, shiny|81/100
|turn|28
|
|t:|1760890513
|switch|p1a: Gliscor|Gliscor, M|78/100 tox
|move|p2a: Clefable|Calm Mind|p2a: Clefable
|-boost|p2a: Clefable|spa|1
|-boost|p2a: Clefable|spd|1
|
|-heal|p2a: Clefable|87/100|[from] item: Leftovers
|-heal|p1a: Gliscor|90/100 tox|[from] ability: Poison Heal
|upkeep
|turn|29
|
|t:|1760890522
|move|p1a: Gliscor|Swords Dance|p1a: Gliscor
|-boost|p1a: Gliscor|atk|2
|move|p2a: Clefable|Stored Power|p1a: Gliscor
|-damage|p1a: Gliscor|69/100 tox
|
|-heal|p2a: Clefable|93/100|[from] item: Leftovers
|-heal|p1a: Gliscor|81/100 tox|[from] ability: Poison Heal
|upkeep
|turn|30
|
|t:|1760890536
|move|p1a: Gliscor|X-Scissor|p2a: Clefable
|-resisted|p2a: Clefable
|-damage|p2a: Clefable|74/100
|move|p2a: Clefable|Stored Power|p1a: Gliscor
|-crit|p1a: Gliscor
|-damage|p1a: Gliscor|50/100 tox
|
|-heal|p2a: Clefable|80/100|[from] item: Leftovers
|-heal|p1a: Gliscor|62/100 tox|[from] ability: Poison Heal
|upkeep
|turn|31
|
|t:|1760890552
|move|p1a: Gliscor|Protect|p1a: Gliscor
|-singleturn|p1a: Gliscor|Protect
|move|p2a: Clefable|Calm Mind|p2a: Clefable
|-boost|p2a: Clefable|spa|1
|-boost|p2a: Clefable|spd|1
|
|-heal|p2a: Clefable|87/100|[from] item: Leftovers
|-heal|p1a: Gliscor|74/100 tox|[from] ability: Poison Heal
|upkeep
|turn|32
|
|t:|1760890566
|move|p1a: Gliscor|Swords Dance|p1a: Gliscor
|-boost|p1a: Gliscor|atk|2
|move|p2a: Clefable|Calm Mind|p2a: Clefable
|-boost|p2a: Clefable|spa|1
|-boost|p2a: Clefable|spd|1
|
|-heal|p2a: Clefable|93/100|[from] item: Leftovers
|-heal|p1a: Gliscor|87/100 tox|[from] ability: Poison Heal
|upkeep
|turn|33
|
|t:|1760890576
|move|p1a: Gliscor|Protect|p1a: Gliscor
|-singleturn|p1a: Gliscor|Protect
|move|p2a: Clefable|Stored Power|p1a: Gliscor
|-activate|p1a: Gliscor|move: Protect
|
|-heal|p2a: Clefable|99/100|[from] item: Leftovers
|-heal|p1a: Gliscor|99/100 tox|[from] ability: Poison Heal
|upkeep
|turn|34
|
|t:|1760890585
|move|p1a: Gliscor|X-Scissor|p2a: Clefable
|-resisted|p2a: Clefable
|-damage|p2a: Clefable|71/100
|move|p2a: Clefable|Calm Mind|p2a: Clefable
|-boost|p2a: Clefable|spa|1
|-boost|p2a: Clefable|spd|1
|
|-heal|p2a: Clefable|77/100|[from] item: Leftovers
|-heal|p1a: Gliscor|100/100 tox|[from] ability: Poison Heal
|upkeep
|turn|35
|
|t:|1760890597
|move|p1a: Gliscor|X-Scissor|p2a: Clefable
|-resisted|p2a: Clefable
|-damage|p2a: Clefable|52/100
|move|p2a: Clefable|Stored Power|p1a: Gliscor
|-damage|p1a: Gliscor|0 fnt
|faint|p1a: Gliscor
|
|-heal|p2a: Clefable|58/100|[from] item: Leftovers
|upkeep
|
|t:|1760890607
|switch|p1a: Glimmora|Glimmora, M|100/100
|turn|36
|
|t:|1760890612
|move|p1a: Glimmora|Meteor Beam||[still]
|-prepare|p1a: Glimmora|Meteor Beam
|-boost|p1a: Glimmora|spa|1
|-enditem|p1a: Glimmora|Power Herb
|-anim|p1a: Glimmora|Meteor Beam|p2a: Clefable
|-damage|p2a: Clefable|31/100
|move|p2a: Clefable|Stored Power|p1a: Glimmora
|-supereffective|p1a: Glimmora
|-damage|p1a: Glimmora|0 fnt
|faint|p1a: Glimmora
|
|-heal|p2a: Clefable|37/100|[from] item: Leftovers
|upkeep
|
|t:|1760890614
|switch|p1a: Porygon2|Porygon2, tera:Ground|44/100
|-ability|p1a: Porygon2|Download|boost
|-boost|p1a: Porygon2|atk|1
|turn|37
|
|t:|1760890639
|move|p2a: Clefable|Stored Power|p1a: Porygon2
|-damage|p1a: Porygon2|0 fnt
|faint|p1a: Porygon2
|
|-heal|p2a: Clefable|43/100|[from] item: Leftovers
|upkeep
|
|t:|1760890648
|switch|p1a: Alomomola|Alomomola, F|73/100 tox
|turn|38
|-message|wangischangis forfeited.
|
|win|dinosushi
|raw|wangischangis's rating: 1051 &rarr; <strong>1033</strong><br />(-18 for losing)
|raw|dinosushi's rating: 1043 &rarr; <strong>1077</strong><br />(+34 for winning)
|l|☆wangischangis
|player|p1|
