|j|☆xijueaa
|j|☆ProboZap
|t:|1760766366
|gametype|singles
|player|p1|xijueaa|cynthia|1212
|player|p2|ProboZap|thorton|1180
|gen|9
|tier|[Gen 9] OU
|rated|
|rule|HP Percentage Mod: HP is shown in percentages
|rule|Endless Battle Clause: Forcing endless battles is banned
|rule|Species Clause: Limit one of each Pokémon
|rule|OHKO Clause: OHKO moves are banned
|rule|Evasion Items Clause: Evasion items are banned
|rule|Evasion Moves Clause: Evasion moves are banned
|rule|Evasion Abilities Clause: Evasion abilities are banned
|rule|Sleep Moves Clause: Sleep-inducing moves are banned
|clearpoke
|poke|p1|Moltres|
|poke|p1|Ogerpon-Wellspring, F|
|poke|p1|Great Tusk|
|poke|p1|Ceruledge, M|
|poke|p1|Hatterene, F|
|poke|p1|Gliscor, F|
|poke|p2|Scovillain, F|
|poke|p2|Walking Wake|
|poke|p2|Empoleon, F|
|poke|p2|Torkoal, F|
|poke|p2|Hydreigon, M|
|poke|p2|Necrozma|
|teampreview
|
|t:|1760766383
|teamsize|p1|6
|teamsize|p2|6
|start
|switch|p1a: Ceruledge|Ceruledge, M|100/100
|switch|p2a: Torkoal|Torkoal, F|100/100
|-weather|SunnyDay|[from] ability: Drought|[of] p2a: Torkoal
|turn|1
|
|t:|1760766390
|move|p1a: Ceruledge|Swords Dance|p1a: Ceruledge
|-boost|p1a: Ceruledge|atk|2
|move|p2a: Torkoal|Iron Defense|p2a: Torkoal
|-boost|p2a: Torkoal|def|2
|
|-weather|SunnyDay|[upkeep]
|upkeep
|turn|2
|
|t:|1760766400
|move|p1a: Ceruledge|Swords Dance|p1a: Ceruledge
|-boost|p1a: Ceruledge|atk|2
|move|p2a: Torkoal|Iron Defense|p2a: Torkoal
|-boost|p2a: Torkoal|def|2
|
|-weather|SunnyDay|[upkeep]
|upkeep
|turn|3
|
|t:|1760766402
|move|p1a: Ceruledge|Poltergeist|p2a: Torkoal
|-activate|p2a: Torkoal|move: Poltergeist|Heat Rock
|-damage|p2a: Torkoal|66/100
|move|p2a: Torkoal|Iron Defense|p2a: Torkoal
|-boost|p2a: Torkoal|def|2
|
|-weather|SunnyDay|[upkeep]
|upkeep
|turn|4
|
|t:|1760766408
|move|p1a: Ceruledge|Poltergeist|p2a: Torkoal|[miss]
|-miss|p1a: Ceruledge|p2a: Torkoal
|move|p2a: Torkoal|Stealth Rock|p1a: Ceruledge
|-sidestart|p1: xijueaa|move: Stealth Rock
|
|-weather|SunnyDay|[upkeep]
|upkeep
|turn|5
|
|t:|1760766414
|move|p1a: Ceruledge|Poltergeist|p2a: Torkoal
|-activate|p2a: Torkoal|move: Poltergeist|Heat Rock
|-damage|p2a: Torkoal|37/100
|move|p2a: Torkoal|Lava Plume|p1a: Ceruledge
|-resisted|p1a: Ceruledge
|-damage|p1a: Ceruledge|77/100
|
|-weather|SunnyDay|[upkeep]
|upkeep
|turn|6
|
|t:|1760766418
|move|p1a: Ceruledge|Bitter Blade|p2a: Torkoal
|-resisted|p2a: Torkoal
|-damage|p2a: Torkoal|20/100
|-heal|p1a: Ceruledge|88/100|[from] drain|[of] p2a: Torkoal
|move|p2a: Torkoal|Lava Plume|p1a: Ceruledge
|-resisted|p1a: Ceruledge
|-damage|p1a: Ceruledge|65/100
|
|-weather|SunnyDay|[upkeep]
|upkeep
|turn|7
|
|t:|1760766439
|switch|p2a: Empoleon|Empoleon, F|100/100
|move|p1a: Ceruledge|Bitter Blade|p2a: Empoleon
|-enditem|p2a: Empoleon|Focus Sash
|-damage|p2a: Empoleon|1/100
|-heal|p1a: Ceruledge|100/100|[from] drain|[of] p2a: Empoleon
|
|-weather|SunnyDay|[upkeep]
|upkeep
|turn|8
|
|t:|1760766447
|move|p1a: Ceruledge|Bitter Blade|p2a: Empoleon
|-damage|p2a: Empoleon|0 fnt
|faint|p2a: Empoleon
|
|-weather|none
|upkeep
|
|t:|1760766456
|switch|p2a: Hydreigon|Hydreigon, M|100/100
|turn|9
|
|t:|1760766462
|move|p2a: Hydreigon|Dark Pulse|p1a: Ceruledge
|-supereffective|p1a: Ceruledge
|-damage|p1a: Ceruledge|12/100
|move|p1a: Ceruledge|Poltergeist|p2a: Hydreigon
|-activate|p2a: Hydreigon|move: Poltergeist|Choice Scarf
|-resisted|p2a: Hydreigon
|-damage|p2a: Hydreigon|0 fnt
|faint|p2a: Hydreigon
|
|upkeep
|
|t:|1760766472
|switch|p2a: Walking Wake|Walking Wake|100/100
|turn|10
|
|t:|1760766483
|move|p2a: Walking Wake|Flamethrower|p1a: Ceruledge
|-resisted|p1a: Ceruledge
|-damage|p1a: Ceruledge|0 fnt
|faint|p1a: Ceruledge
|
|upkeep
|
|t:|1760766497
|switch|p1a: Hatterene|Hatterene, F|100/100
|-damage|p1a: Hatterene|88/100|[from] Stealth Rock
|turn|11
|
|t:|1760766505
|-end|p2a: Walking Wake|Protosynthesis|[silent]
|switch|p2a: Torkoal|Torkoal, F|20/100
|-weather|SunnyDay|[from] ability: Drought|[of] p2a: Torkoal
|move|p1a: Hatterene|Draining Kiss|p2a: Torkoal
|-resisted|p2a: Torkoal
|-damage|p2a: Torkoal|6/100
|-heal|p1a: Hatterene|99/100|[from] drain|[of] p2a: Torkoal
|
|-weather|SunnyDay|[upkeep]
|upkeep
|turn|12
|
|t:|1760766516
|switch|p2a: Scovillain|Scovillain, F|100/100
|move|p1a: Hatterene|Draining Kiss|p2a: Scovillain
|-resisted|p2a: Scovillain
|-damage|p2a: Scovillain|78/100
|-heal|p1a: Hatterene|100/100|[from] drain|[of] p2a: Scovillain
|
|-weather|SunnyDay|[upkeep]
|upkeep
|turn|13
|
|t:|1760766556
|move|p2a: Scovillain|Overheat|p1a: Hatterene
|-damage|p1a: Hatterene|23/100
|-unboost|p2a: Scovillain|spa|2
|-damage|p2a: Scovillain|68/100|[from] item: Life Orb
|move|p1a: Hatterene|Nuzzle|p2a: Scovillain
|-resisted|p2a: Scovillain
|-damage|p2a: Scovillain|65/100
|-status|p2a: Scovillain|par
|
|-weather|SunnyDay|[upkeep]
|upkeep
|turn|14
|
|t:|1760766561
|move|p2a: Scovillain|Solar Beam||[still]
|-prepare|p2a: Scovillain|Solar Beam
|-anim|p2a: Scovillain|Solar Beam|p1a: Hatterene
|-damage|p1a: Hatterene|0 fnt
|faint|p1a: Hatterene
|-damage|p2a: Scovillain|55/100 par|[from] item: Life Orb
|
|-weather|SunnyDay|[upkeep]
|upkeep
|
|t:|1760766576
|switch|p1a: Ogerpon|Ogerpon-Wellspring, F|100/100
|-damage|p1a: Ogerpon|88/100|[from] Stealth Rock
|turn|15
|
|t:|1760766584
|move|p1a: Ogerpon|Ivy Cudgel|p2a: Scovillain|[anim] Ivy Cudgel Water
|-crit|p2a: Scovillain
|-damage|p2a: Scovillain|0 fnt
|faint|p2a: Scovillain
|
|-weather|SunnyDay|[upkeep]
|upkeep
|
|t:|1760766594
|switch|p2a: Necrozma|Necrozma|100/100
|turn|16
|
|t:|1760766597
|move|p1a: Ogerpon|Knock Off|p2a: Necrozma
|-supereffective|p2a: Necrozma
|-damage|p2a: Necrozma|63/100
|-enditem|p2a: Necrozma|Weakness Policy
|-boost|p2a: Necrozma|atk|2|[from] item: Weakness Policy
|-boost|p2a: Necrozma|spa|2|[from] item: Weakness Policy
|move|p2a: Necrozma|Trick Room|p2a: Necrozma
|-fieldstart|move: Trick Room|[of] p2a: Necrozma
|
|-weather|SunnyDay|[upkeep]
|upkeep
|turn|17
|
|t:|1760766607
|move|p2a: Necrozma|Photon Geyser|p1a: Ogerpon
|-damage|p1a: Ogerpon|0 fnt
|faint|p1a: Ogerpon
|
|-weather|SunnyDay|[upkeep]
|upkeep
|
|t:|1760766629
|switch|p1a: Gliscor|Gliscor, F|100/100
|-damage|p1a: Gliscor|88/100|[from] Stealth Rock
|turn|18
|
|t:|1760766636
|move|p2a: Necrozma|Photon Geyser|p1a: Gliscor
|-damage|p1a: Gliscor|0 fnt
|faint|p1a: Gliscor
|
|-weather|none
|upkeep
|
|t:|1760766640
|switch|p1a: Great Tusk|Great Tusk, shiny|100/100
|turn|19
|
|t:|1760766642
|move|p2a: Necrozma|Photon Geyser|p1a: Great Tusk
|-supereffective|p1a: Great Tusk
|-damage|p1a: Great Tusk|0 fnt
|faint|p1a: Great Tusk
|-end|p1a: Great Tusk|Protosynthesis|[silent]
|
|upkeep
|
|t:|1760766643
|switch|p1a: Moltres|Moltres|100/100
|turn|20
|
|t:|1760766645
|move|p1a: Moltres|Protect|p1a: Moltres
|-singleturn|p1a: Moltres|Protect
|move|p2a: Necrozma|Photon Geyser|p1a: Moltres
|-activate|p1a: Moltres|move: Protect
|
|-fieldend|move: Trick Room
|upkeep
|turn|21
|
|t:|1760766646
|move|p1a: Moltres|Flamethrower|p2a: Necrozma
|-damage|p2a: Necrozma|25/100
|move|p2a: Necrozma|Photon Geyser|p1a: Moltres
|-damage|p1a: Moltres|0 fnt
|faint|p1a: Moltres
|
|win|ProboZap
|raw|xijueaa's rating: 1212 &rarr; <strong>1185</strong><br />(-27 for losing)
|raw|ProboZap's rating: 1180 &rarr; <strong>1207</strong><br />(+27 for winning)
|l|☆xijueaa
|player|p1|
|l|☆ProboZap
|player|p2|
