|j|☆omi999
|j|☆Andrewtre
|t:|1760721220
|gametype|singles
|player|p1|omi999|sage|1112
|player|p2|Andrewtre|psychic|1061
|gen|9
|tier|[Gen 9] OU
|rated|
|rule|HP Percentage Mod: HP is shown in percentages
|rule|Endless Battle Clause: Forcing endless battles is banned
|rule|Species Clause: Limit one of each Pokémon
|rule|OHKO Clause: OHKO moves are banned
|rule|Evasion Items Clause: Evasion items are banned
|rule|Evasion Moves Clause: Evasion moves are banned
|rule|Evasion Abilities Clause: Evasion abilities are banned
|rule|Sleep Moves Clause: Sleep-inducing moves are banned
|clearpoke
|poke|p1|Volcanion|
|poke|p1|Torkoal, F|
|poke|p1|Lilligant-Hisui, F|
|poke|p1|Kingambit, M|
|poke|p1|Mandibuzz, F|
|poke|p1|Electrode-Hisui|
|poke|p2|Slowking, F|
|poke|p2|Farigiraf, F|
|poke|p2|Hatterene, F|
|poke|p2|Gengar, M|
|poke|p2|Golurk|
|poke|p2|Golduck, M|
|teampreview
|inactive|Battle timer is ON: inactive players will automatically lose when time's up. (requested by Andrewtre)
|
|t:|1760721224
|teamsize|p1|6
|teamsize|p2|6
|start
|switch|p1a: Electrode|Electrode-Hisui|100/100
|switch|p2a: Hatterene|Hatterene, F|100/100
|turn|1
|
|t:|1760721231
|move|p1a: Electrode|Volt Switch|p2a: Hatterene
|-damage|p2a: Hatterene|73/100
|
|t:|1760721234
|switch|p1a: Kingambit|Kingambit, M|100/100|[from] Volt Switch
|move|p2a: Hatterene|Psychic|p1a: Kingambit
|-immune|p1a: Kingambit
|
|upkeep
|turn|2
|
|t:|1760721254
|move|p1a: Kingambit|Swords Dance|p1a: Kingambit
|-boost|p1a: Kingambit|atk|2
|move|p2a: Hatterene|Trick Room|p2a: Hatterene
|-fieldstart|move: Trick Room|[of] p2a: Hatterene
|
|upkeep
|turn|3
|
|t:|1760721264
|move|p2a: Hatterene|Mystical Fire|p1a: Kingambit
|-supereffective|p1a: Kingambit
|-damage|p1a: Kingambit|41/100
|-unboost|p1a: Kingambit|spa|1
|-ability|p1a: Kingambit|Defiant|boost
|-boost|p1a: Kingambit|atk|2
|move|p1a: Kingambit|Iron Head|p2a: Hatterene
|-supereffective|p2a: Hatterene
|-crit|p2a: Hatterene
|-damage|p2a: Hatterene|0 fnt
|faint|p2a: Hatterene
|-damage|p1a: Kingambit|32/100|[from] item: Life Orb
|
|upkeep
|inactive|Andrewtre has 120 seconds left.
|
|t:|1760721292
|switch|p2a: Farigiraf|Farigiraf, F|100/100
|turn|4
|
|t:|1760721296
|-terastallize|p2a: Farigiraf|Fighting
|move|p1a: Kingambit|Sucker Punch||[still]
|cant|p2a: Farigiraf|ability: Armor Tail|Sucker Punch|[of] p1a: Kingambit
|move|p2a: Farigiraf|Tera Blast|p1a: Kingambit|[anim] Tera Blast Fighting
|-supereffective|p1a: Kingambit
|-damage|p1a: Kingambit|0 fnt
|faint|p1a: Kingambit
|-damage|p2a: Farigiraf|91/100|[from] item: Life Orb
|
|upkeep
|
|t:|1760721309
|switch|p1a: Torkoal|Torkoal, F|100/100
|-weather|SunnyDay|[from] ability: Drought|[of] p1a: Torkoal
|turn|5
|
|t:|1760721314
|move|p1a: Torkoal|Lava Plume|p2a: Farigiraf
|-damage|p2a: Farigiraf|37/100
|move|p2a: Farigiraf|Tera Blast|p1a: Torkoal|[anim] Tera Blast Fighting
|-damage|p1a: Torkoal|35/100
|-damage|p2a: Farigiraf|27/100|[from] item: Life Orb
|
|-weather|SunnyDay|[upkeep]
|-heal|p1a: Torkoal|41/100|[from] item: Leftovers
|upkeep
|turn|6
|
|t:|1760721324
|move|p1a: Torkoal|Lava Plume|p2a: Farigiraf
|-damage|p2a: Farigiraf|0 fnt
|faint|p2a: Farigiraf
|
|-weather|SunnyDay|[upkeep]
|-heal|p1a: Torkoal|47/100|[from] item: Leftovers
|-fieldend|move: Trick Room
|upkeep
|
|t:|1760721327
|switch|p2a: Golurk|Golurk|100/100
|turn|7
|
|t:|1760721342
|move|p2a: Golurk|Stealth Rock|p1a: Torkoal
|-sidestart|p1: omi999|move: Stealth Rock
|move|p1a: Torkoal|Solar Beam||[still]
|-prepare|p1a: Torkoal|Solar Beam
|-anim|p1a: Torkoal|Solar Beam|p2a: Golurk
|-supereffective|p2a: Golurk
|-damage|p2a: Golurk|32/100
|
|-weather|SunnyDay|[upkeep]
|-heal|p1a: Torkoal|53/100|[from] item: Leftovers
|upkeep
|turn|8
|
|t:|1760721348
|move|p2a: Golurk|Earthquake|p1a: Torkoal
|-supereffective|p1a: Torkoal
|-damage|p1a: Torkoal|0 fnt
|faint|p1a: Torkoal
|-damage|p2a: Golurk|23/100|[from] item: Life Orb
|
|-weather|SunnyDay|[upkeep]
|upkeep
|
|t:|1760721351
|switch|p1a: Lilligant|Lilligant-Hisui, F|100/100
|-damage|p1a: Lilligant|94/100|[from] Stealth Rock
|turn|9
|
|t:|1760721364
|move|p1a: Lilligant|Victory Dance|p1a: Lilligant
|-boost|p1a: Lilligant|atk|1
|-boost|p1a: Lilligant|def|1
|-boost|p1a: Lilligant|spe|1
|move|p2a: Golurk|Dynamic Punch|p1a: Lilligant
|-damage|p1a: Lilligant|49/100
|-start|p1a: Lilligant|confusion
|-damage|p2a: Golurk|13/100|[from] item: Life Orb
|
|-weather|none
|-heal|p1a: Lilligant|55/100|[from] item: Leftovers
|upkeep
|turn|10
|
|t:|1760721374
|-activate|p1a: Lilligant|confusion
|move|p1a: Lilligant|Leaf Blade|p2a: Golurk
|-supereffective|p2a: Golurk
|-damage|p2a: Golurk|0 fnt
|faint|p2a: Golurk
|
|-heal|p1a: Lilligant|61/100|[from] item: Leftovers
|upkeep
|
|t:|1760721379
|switch|p2a: Gengar|Gengar, M, shiny|100/100
|turn|11
|
|t:|1760721387
|-end|p1a: Lilligant|confusion
|move|p1a: Lilligant|Ice Spinner|p2a: Gengar
|-damage|p2a: Gengar|35/100
|move|p2a: Gengar|Sludge Bomb|p1a: Lilligant
|-supereffective|p1a: Lilligant
|-damage|p1a: Lilligant|0 fnt
|faint|p1a: Lilligant
|
|upkeep
|
|t:|1760721397
|switch|p1a: Mandibuzz|Mandibuzz, F|100/100
|-damage|p1a: Mandibuzz|76/100|[from] Stealth Rock
|turn|12
|
|t:|1760721406
|move|p2a: Gengar|Sludge Bomb|p1a: Mandibuzz
|-damage|p1a: Mandibuzz|30/100
|move|p1a: Mandibuzz|Defog|p2a: Gengar
|-unboost|p2a: Gengar|evasion|1
|-sideend|p1: omi999|Stealth Rock|[from] move: Defog|[of] p1a: Mandibuzz
|
|upkeep
|turn|13
|
|t:|1760721411
|move|p2a: Gengar|Sludge Bomb|p1a: Mandibuzz
|-damage|p1a: Mandibuzz|0 fnt
|faint|p1a: Mandibuzz
|
|upkeep
|
|t:|1760721414
|switch|p1a: Electrode|Electrode-Hisui|100/100
|turn|14
|
|t:|1760721418
|move|p2a: Gengar|Sludge Bomb|p1a: Electrode
|-supereffective|p1a: Electrode
|-damage|p1a: Electrode|0 fnt
|faint|p1a: Electrode
|
|upkeep
|
|t:|1760721422
|switch|p1a: Volcanion|Volcanion|100/100
|turn|15
|
|t:|1760721434
|-terastallize|p1a: Volcanion|Poison
|move|p2a: Gengar|Sludge Bomb|p1a: Volcanion
|-resisted|p1a: Volcanion
|-damage|p1a: Volcanion|75/100
|move|p1a: Volcanion|Steam Eruption|p2a: Gengar
|-damage|p2a: Gengar|0 fnt
|faint|p2a: Gengar
|
|-heal|p1a: Volcanion|81/100|[from] item: Leftovers
|upkeep
|
|t:|1760721447
|switch|p2a: Slowking|Slowking, F|100/100
|turn|16
|
|t:|1760721457
|move|p1a: Volcanion|Sludge Wave|p2a: Slowking
|-damage|p2a: Slowking|57/100
|move|p2a: Slowking|Psychic|p1a: Volcanion
|-supereffective|p1a: Volcanion
|-damage|p1a: Volcanion|0 fnt
|faint|p1a: Volcanion
|-damage|p2a: Slowking|47/100|[from] item: Life Orb
|
|win|Andrewtre
|raw|omi999's rating: 1112 &rarr; <strong>1083</strong><br />(-29 for losing)
|raw|Andrewtre's rating: 1061 &rarr; <strong>1096</strong><br />(+35 for winning)
|l|☆omi999
|player|p1|
|l|☆Andrewtre
|player|p2|
