|j|☆napkin_56
|j|☆Porygon 32
|t:|1760748557
|gametype|singles
|player|p1|napkin_56|policeman-gen4|1326
|player|p2|Porygon 32|gambler|1321
|gen|9
|tier|[Gen 9] OU
|rated|
|rule|HP Percentage Mod: HP is shown in percentages
|rule|Endless Battle Clause: Forcing endless battles is banned
|rule|Species Clause: Limit one of each Pokémon
|rule|OHKO Clause: OHKO moves are banned
|rule|Evasion Items Clause: Evasion items are banned
|rule|Evasion Moves Clause: Evasion moves are banned
|rule|Evasion Abilities Clause: Evasion abilities are banned
|rule|Sleep Moves Clause: Sleep-inducing moves are banned
|clearpoke
|poke|p1|Landorus-Therian, M|
|poke|p1|Samurott-Hisui, M|
|poke|p1|Pecharunt|
|poke|p1|Dragonite, F|
|poke|p1|Clefable, F|
|poke|p1|Heatran, F|
|poke|p2|Suicune|
|poke|p2|Dragalge, M|
|poke|p2|Moltres-Galar|
|poke|p2|Great Tusk|
|poke|p2|Slowking-Galar, F|
|poke|p2|Scizor, M|
|teampreview
|inactive|Battle timer is ON: inactive players will automatically lose when time's up. (requested by napkin_56)
|
|t:|1760748569
|teamsize|p1|6
|teamsize|p2|6
|start
|switch|p1a: Samurott|Samurott-Hisui, M|100/100
|switch|p2a: Dragalge|Dragalge, M|100/100
|turn|1
|
|t:|1760748577
|move|p1a: Samurott|Flip Turn|p2a: Dragalge
|-resisted|p2a: Dragalge
|-damage|p2a: Dragalge|92/100
|
|t:|1760748579
|switch|p1a: Heatran|Heatran, F|100/100|[from] Flip Turn
|move|p2a: Dragalge|Flip Turn|p1a: Heatran
|-supereffective|p1a: Heatran
|-damage|p1a: Heatran|86/100
|
|t:|1760748588
|switch|p2a: Suicune|Suicune|100/100|[from] Flip Turn
|-ability|p2a: Suicune|Pressure
|
|-heal|p1a: Heatran|92/100|[from] item: Leftovers
|upkeep
|turn|2
|
|t:|1760748594
|switch|p1a: Clefable|Clefable, F|100/100
|move|p2a: Suicune|Substitute|p2a: Suicune
|-start|p2a: Suicune|Substitute
|-damage|p2a: Suicune|75/100
|
|-heal|p2a: Suicune|82/100|[from] item: Leftovers
|upkeep
|turn|3
|
|t:|1760748598
|switch|p2a: Dragalge|Dragalge, M|92/100
|move|p1a: Clefable|Moonblast|p2a: Dragalge
|-damage|p2a: Dragalge|67/100
|-unboost|p2a: Dragalge|spa|1
|
|upkeep
|turn|4
|
|t:|1760748602
|move|p1a: Clefable|Protect|p1a: Clefable
|-singleturn|p1a: Clefable|Protect
|move|p2a: Dragalge|Toxic|p1a: Clefable
|-activate|p1a: Clefable|move: Protect
|
|upkeep
|turn|5
|
|t:|1760748608
|switch|p1a: Pecharunt|Pecharunt|100/100
|move|p2a: Dragalge|Toxic|p1a: Pecharunt
|-immune|p1a: Pecharunt
|
|upkeep
|turn|6
|
|t:|1760748615
|move|p1a: Pecharunt|Parting Shot|p2a: Dragalge
|-unboost|p2a: Dragalge|atk|1
|-unboost|p2a: Dragalge|spa|1
|
|t:|1760748623
|switch|p1a: Samurott|Samurott-Hisui, M|100/100|[from] Parting Shot
|move|p2a: Dragalge|Flip Turn|p1a: Samurott
|-resisted|p1a: Samurott
|-damage|p1a: Samurott|97/100
|
|t:|1760748629
|switch|p2a: Moltres|Moltres-Galar|100/100|[from] Flip Turn
|
|upkeep
|turn|7
|
|t:|1760748632
|switch|p2a: Dragalge|Dragalge, M|67/100
|move|p1a: Samurott|Knock Off|p2a: Dragalge
|-damage|p2a: Dragalge|33/100
|-status|p1a: Samurott|psn|[from] ability: Poison Point|[of] p2a: Dragalge
|-enditem|p2a: Dragalge|Heavy-Duty Boots|[from] move: Knock Off|[of] p1a: Samurott
|
|-damage|p1a: Samurott|85/100 psn|[from] psn
|upkeep
|turn|8
|
|t:|1760748641
|move|p1a: Samurott|Ceaseless Edge|p2a: Dragalge
|-damage|p2a: Dragalge|2/100
|-sidestart|p2: Porygon 32|Spikes
|move|p2a: Dragalge|Scald|p1a: Samurott
|-resisted|p1a: Samurott
|-damage|p1a: Samurott|73/100 psn
|
|-damage|p1a: Samurott|61/100 psn|[from] psn
|upkeep
|turn|9
|
|t:|1760748647
|move|p1a: Samurott|Flip Turn|p2a: Dragalge
|-resisted|p2a: Dragalge
|-damage|p2a: Dragalge|0 fnt
|faint|p2a: Dragalge
|
|t:|1760748658
|switch|p1a: Pecharunt|Pecharunt|100/100|[from] Flip Turn
|
|upkeep
|
|t:|1760748660
|switch|p2a: Moltres|Moltres-Galar|100/100
|turn|10
|
|t:|1760748667
|move|p2a: Moltres|Nasty Plot|p2a: Moltres
|-boost|p2a: Moltres|spa|2
|move|p1a: Pecharunt|Malignant Chain|p2a: Moltres
|-damage|p2a: Moltres|77/100
|-status|p2a: Moltres|tox
|-start|p2a: Moltres|confusion|[from] ability: Poison Puppeteer|[of] p1a: Pecharunt
|
|-damage|p2a: Moltres|71/100 tox|[from] psn
|upkeep
|turn|11
|
|t:|1760748676
|switch|p1a: Clefable|Clefable, F|100/100
|-activate|p2a: Moltres|confusion
|move|p2a: Moltres|Fiery Wrath|p1a: Clefable
|-resisted|p1a: Clefable
|-damage|p1a: Clefable|57/100
|
|-heal|p1a: Clefable|63/100|[from] item: Leftovers
|-damage|p2a: Moltres|59/100 tox|[from] psn
|upkeep
|turn|12
|
|t:|1760748683
|-activate|p2a: Moltres|confusion
|move|p2a: Moltres|Hurricane|p1a: Clefable|[miss]
|-miss|p2a: Moltres|p1a: Clefable
|move|p1a: Clefable|Wish|p1a: Clefable
|
|-heal|p1a: Clefable|69/100|[from] item: Leftovers
|-damage|p2a: Moltres|40/100 tox|[from] psn
|upkeep
|-enditem|p2a: Moltres|Sitrus Berry|[eat]
|-heal|p2a: Moltres|65/100 tox|[from] item: Sitrus Berry
|turn|13
|
|t:|1760748686
|-end|p2a: Moltres|confusion
|move|p2a: Moltres|Hurricane|p1a: Clefable
|-damage|p1a: Clefable|0 fnt
|faint|p1a: Clefable
|
|-damage|p2a: Moltres|40/100 tox|[from] psn
|upkeep
|
|t:|1760748696
|switch|p1a: Heatran|Heatran, F|92/100
|turn|14
|
|t:|1760748701
|move|p2a: Moltres|Fiery Wrath|p1a: Heatran
|-damage|p1a: Heatran|34/100
|cant|p1a: Heatran|flinch
|
|-heal|p1a: Heatran|41/100|[from] item: Leftovers
|-damage|p2a: Moltres|10/100 tox|[from] psn
|upkeep
|turn|15
|
|t:|1760748705
|move|p2a: Moltres|Pain Split|p1a: Heatran
|-sethp|p1a: Heatran|25/100|[from] move: Pain Split|[silent]
|-sethp|p2a: Moltres|25/100 tox|[from] move: Pain Split
|move|p1a: Heatran|Flash Cannon|p2a: Moltres
|-damage|p2a: Moltres|0 fnt
|faint|p2a: Moltres
|
|-heal|p1a: Heatran|31/100|[from] item: Leftovers
|upkeep
|
|t:|1760748714
|switch|p2a: Suicune|Suicune|82/100
|-damage|p2a: Suicune|69/100|[from] Spikes
|-ability|p2a: Suicune|Pressure
|turn|16
|
|t:|1760748720
|move|p2a: Suicune|Scald|p1a: Heatran
|-supereffective|p1a: Heatran
|-damage|p1a: Heatran|0 fnt
|faint|p1a: Heatran
|
|-heal|p2a: Suicune|75/100|[from] item: Leftovers
|upkeep
|
|t:|1760748724
|switch|p1a: Pecharunt|Pecharunt|100/100
|turn|17
|
|t:|1760748726
|move|p2a: Suicune|Substitute|p2a: Suicune
|-start|p2a: Suicune|Substitute
|-damage|p2a: Suicune|50/100
|move|p1a: Pecharunt|Malignant Chain|p2a: Suicune
|-activate|p2a: Suicune|move: Substitute|[damage]
|
|-heal|p2a: Suicune|57/100|[from] item: Leftovers
|upkeep
|turn|18
|
|t:|1760748731
|move|p2a: Suicune|Calm Mind|p2a: Suicune
|-boost|p2a: Suicune|spa|1
|-boost|p2a: Suicune|spd|1
|move|p1a: Pecharunt|Malignant Chain|p2a: Suicune
|-end|p2a: Suicune|Substitute
|
|-heal|p2a: Suicune|63/100|[from] item: Leftovers
|upkeep
|turn|19
|
|t:|1760748737
|move|p2a: Suicune|Substitute|p2a: Suicune
|-start|p2a: Suicune|Substitute
|-damage|p2a: Suicune|38/100
|move|p1a: Pecharunt|Parting Shot|p2a: Suicune
|-unboost|p2a: Suicune|atk|1
|-unboost|p2a: Suicune|spa|1
|
|t:|1760748757
|switch|p1a: Dragonite|Dragonite, F|100/100|[from] Parting Shot
|
|-heal|p2a: Suicune|44/100|[from] item: Leftovers
|upkeep
|turn|20
|
|t:|1760748760
|move|p1a: Dragonite|Extreme Speed|p2a: Suicune
|-activate|p2a: Suicune|move: Substitute|[damage]
|move|p2a: Suicune|Scald|p1a: Dragonite
|-resisted|p1a: Dragonite
|-damage|p1a: Dragonite|93/100
|
|-heal|p2a: Suicune|50/100|[from] item: Leftovers
|upkeep
|turn|21
|
|t:|1760748766
|move|p1a: Dragonite|Earthquake|p2a: Suicune
|-end|p2a: Suicune|Substitute
|move|p2a: Suicune|Scald|p1a: Dragonite
|-resisted|p1a: Dragonite
|-damage|p1a: Dragonite|80/100
|-status|p1a: Dragonite|brn
|
|-heal|p2a: Suicune|56/100|[from] item: Leftovers
|-damage|p1a: Dragonite|73/100 brn|[from] brn
|upkeep
|turn|22
|
|t:|1760748772
|switch|p1a: Pecharunt|Pecharunt|100/100
|move|p2a: Suicune|Substitute|p2a: Suicune
|-start|p2a: Suicune|Substitute
|-damage|p2a: Suicune|31/100
|
|-heal|p2a: Suicune|38/100|[from] item: Leftovers
|upkeep
|turn|23
|
|t:|1760748775
|move|p2a: Suicune|Calm Mind|p2a: Suicune
|-boost|p2a: Suicune|spa|1
|-boost|p2a: Suicune|spd|1
|move|p1a: Pecharunt|Malignant Chain|p2a: Suicune
|-activate|p2a: Suicune|move: Substitute|[damage]
|
|-heal|p2a: Suicune|44/100|[from] item: Leftovers
|upkeep
|turn|24
|
|t:|1760748781
|move|p2a: Suicune|Calm Mind|p2a: Suicune
|-boost|p2a: Suicune|spa|1
|-boost|p2a: Suicune|spd|1
|move|p1a: Pecharunt|Parting Shot|p2a: Suicune
|-unboost|p2a: Suicune|atk|1
|-unboost|p2a: Suicune|spa|1
|
|t:|1760748791
|switch|p1a: Samurott|Samurott-Hisui, M|61/100 psn|[from] Parting Shot
|
|-heal|p2a: Suicune|50/100|[from] item: Leftovers
|-damage|p1a: Samurott|48/100 psn|[from] psn
|upkeep
|turn|25
|
|t:|1760748798
|move|p1a: Samurott|Ceaseless Edge|p2a: Suicune
|-end|p2a: Suicune|Substitute
|-sidestart|p2: Porygon 32|Spikes
|move|p2a: Suicune|Substitute|p2a: Suicune
|-start|p2a: Suicune|Substitute
|-damage|p2a: Suicune|25/100
|
|-heal|p2a: Suicune|31/100|[from] item: Leftovers
|-damage|p1a: Samurott|36/100 psn|[from] psn
|upkeep
|turn|26
|
|t:|1760748804
|move|p1a: Samurott|Ceaseless Edge|p2a: Suicune
|-crit|p2a: Suicune
|-end|p2a: Suicune|Substitute
|-sidestart|p2: Porygon 32|Spikes
|move|p2a: Suicune|Scald|p1a: Samurott
|-resisted|p1a: Samurott
|-damage|p1a: Samurott|10/100 psn
|
|-heal|p2a: Suicune|37/100|[from] item: Leftovers
|-damage|p1a: Samurott|0 fnt|[from] psn
|faint|p1a: Samurott
|upkeep
|
|t:|1760748816
|switch|p1a: Landorus|Landorus-Therian, M|100/100
|-ability|p1a: Landorus|Intimidate|boost
|-unboost|p2a: Suicune|atk|1
|turn|27
|
|t:|1760748819
|move|p2a: Suicune|Scald|p1a: Landorus
|-supereffective|p1a: Landorus
|-damage|p1a: Landorus|8/100
|move|p1a: Landorus|Earthquake|p2a: Suicune
|-damage|p2a: Suicune|5/100
|
|-heal|p2a: Suicune|11/100|[from] item: Leftovers
|upkeep
|turn|28
|
|t:|1760748823
|move|p2a: Suicune|Scald|p1a: Landorus
|-supereffective|p1a: Landorus
|-crit|p1a: Landorus
|-damage|p1a: Landorus|0 fnt
|faint|p1a: Landorus
|
|-heal|p2a: Suicune|17/100|[from] item: Leftovers
|upkeep
|
|t:|1760748833
|switch|p1a: Dragonite|Dragonite, F|73/100 brn
|turn|29
|
|t:|1760748835
|move|p1a: Dragonite|Earthquake|p2a: Suicune
|-crit|p2a: Suicune
|-damage|p2a: Suicune|0 fnt
|faint|p2a: Suicune
|
|-damage|p1a: Dragonite|67/100 brn|[from] brn
|upkeep
|
|t:|1760748838
|switch|p2a: Great Tusk|Great Tusk|100/100
|-damage|p2a: Great Tusk|76/100|[from] Spikes
|-enditem|p2a: Great Tusk|Booster Energy
|-activate|p2a: Great Tusk|ability: Protosynthesis|[fromitem]
|-start|p2a: Great Tusk|protosynthesisatk
|turn|30
|
|t:|1760748841
|move|p1a: Dragonite|Dragon Dance|p1a: Dragonite
|-boost|p1a: Dragonite|atk|1
|-boost|p1a: Dragonite|spe|1
|move|p2a: Great Tusk|Rapid Spin|p1a: Dragonite
|-damage|p1a: Dragonite|43/100 brn
|-boost|p2a: Great Tusk|spe|1
|-sideend|p2: Porygon 32|Spikes|[from] move: Rapid Spin|[of] p2a: Great Tusk
|
|-damage|p1a: Dragonite|36/100 brn|[from] brn
|upkeep
|turn|31
|
|t:|1760748852
|-terastallize|p1a: Dragonite|Fire
|move|p1a: Dragonite|Dragon Dance|p1a: Dragonite
|-boost|p1a: Dragonite|atk|1
|-boost|p1a: Dragonite|spe|1
|move|p2a: Great Tusk|Ice Spinner|p1a: Dragonite
|-resisted|p1a: Dragonite
|-damage|p1a: Dragonite|18/100 brn
|
|-damage|p1a: Dragonite|12/100 brn|[from] brn
|upkeep
|turn|32
|
|t:|1760748861
|move|p1a: Dragonite|Fire Punch|p2a: Great Tusk
|-damage|p2a: Great Tusk|48/100
|-status|p2a: Great Tusk|brn
|move|p2a: Great Tusk|Rapid Spin|p1a: Dragonite
|-damage|p1a: Dragonite|0 fnt
|-boost|p2a: Great Tusk|spe|1
|faint|p1a: Dragonite
|
|-damage|p2a: Great Tusk|42/100 brn|[from] brn
|upkeep
|
|t:|1760748864
|switch|p1a: Pecharunt|Pecharunt|100/100
|turn|33
|
|t:|1760748867
|move|p2a: Great Tusk|Earthquake|p1a: Pecharunt
|-supereffective|p1a: Pecharunt
|-damage|p1a: Pecharunt|68/100
|move|p1a: Pecharunt|Recover|p1a: Pecharunt
|-heal|p1a: Pecharunt|100/100
|
|-damage|p2a: Great Tusk|35/100 brn|[from] brn
|upkeep
|turn|34
|
|t:|1760748870
|move|p2a: Great Tusk|Earthquake|p1a: Pecharunt
|-supereffective|p1a: Pecharunt
|-damage|p1a: Pecharunt|67/100
|move|p1a: Pecharunt|Shadow Ball|p2a: Great Tusk
|-damage|p2a: Great Tusk|3/100 brn
|
|-damage|p2a: Great Tusk|0 fnt|[from] brn
|faint|p2a: Great Tusk
|-end|p2a: Great Tusk|Protosynthesis|[silent]
|upkeep
|
|t:|1760748871
|switch|p2a: Slowking|Slowking-Galar, F|100/100
|turn|35
|
|t:|1760748876
|move|p1a: Pecharunt|Shadow Ball|p2a: Slowking
|-supereffective|p2a: Slowking
|-damage|p2a: Slowking|71/100
|move|p2a: Slowking|Future Sight|p1a: Pecharunt
|-start|p2a: Slowking|move: Future Sight
|
|upkeep
|turn|36
|
|t:|1760748880
|move|p1a: Pecharunt|Recover|p1a: Pecharunt
|-heal|p1a: Pecharunt|100/100
|move|p2a: Slowking|Fire Blast|p1a: Pecharunt
|-damage|p1a: Pecharunt|65/100
|
|upkeep
|turn|37
|
|t:|1760748885
|move|p1a: Pecharunt|Recover|p1a: Pecharunt
|-heal|p1a: Pecharunt|100/100
|move|p2a: Slowking|Fire Blast|p1a: Pecharunt
|-damage|p1a: Pecharunt|60/100
|
|-end|p1a: Pecharunt|move: Future Sight
|-supereffective|p1a: Pecharunt
|-damage|p1a: Pecharunt|0 fnt
|faint|p1a: Pecharunt
|
|win|Porygon 32
|raw|napkin_56's rating: 1326 &rarr; <strong>1306</strong><br />(-20 for losing)
|raw|Porygon 32's rating: 1321 &rarr; <strong>1341</strong><br />(+20 for winning)
|l|☆napkin_56
|player|p1|
|l|☆Porygon 32
|player|p2|
