|j|☆luca1996
|j|☆WonderGuardWill
|t:|1760741202
|gametype|singles
|player|p1|luca1996|boarder|1430
|player|p2|WonderGuardWill|dancer|1409
|gen|9
|tier|[Gen 9] OU
|rated|
|rule|HP Percentage Mod: HP is shown in percentages
|rule|Endless Battle Clause: Forcing endless battles is banned
|rule|Species Clause: Limit one of each Pokémon
|rule|OHKO Clause: OHKO moves are banned
|rule|Evasion Items Clause: Evasion items are banned
|rule|Evasion Moves Clause: Evasion moves are banned
|rule|Evasion Abilities Clause: Evasion abilities are banned
|rule|Sleep Moves Clause: Sleep-inducing moves are banned
|clearpoke
|poke|p1|Gurdurr, F|
|poke|p1|Araquanid, M|
|poke|p1|Moltres-Galar|
|poke|p1|Entei|
|poke|p1|Great Tusk|
|poke|p1|Primarina, F|
|poke|p2|Darkrai|
|poke|p2|Garganacl, F|
|poke|p2|Espeon, M|
|poke|p2|Clodsire, F|
|poke|p2|Heatran, M|
|poke|p2|Gholdengo|
|teampreview
|inactive|Battle timer is ON: inactive players will automatically lose when time's up. (requested by luca1996)
|
|t:|1760741219
|teamsize|p1|6
|teamsize|p2|6
|start
|switch|p1a: Araquanid|Araquanid, M|100/100
|switch|p2a: Garganacl|Garganacl, F|100/100
|turn|1
|
|t:|1760741226
|move|p1a: Araquanid|Liquidation|p2a: Garganacl
|-supereffective|p2a: Garganacl
|-damage|p2a: Garganacl|41/100
|-unboost|p2a: Garganacl|def|1
|move|p2a: Garganacl|Salt Cure|p1a: Araquanid
|-supereffective|p1a: Araquanid
|-damage|p1a: Araquanid|68/100
|-start|p1a: Araquanid|Salt Cure
|
|-heal|p2a: Garganacl|47/100|[from] item: Leftovers
|-damage|p1a: Araquanid|43/100|[from] Salt Cure
|upkeep
|turn|2
|
|t:|1760741230
|move|p2a: Garganacl|Protect|p2a: Garganacl
|-singleturn|p2a: Garganacl|Protect
|move|p1a: Araquanid|Liquidation|p2a: Garganacl
|-activate|p2a: Garganacl|move: Protect
|
|-heal|p2a: Garganacl|53/100|[from] item: Leftovers
|-damage|p1a: Araquanid|18/100|[from] Salt Cure
|upkeep
|turn|3
|-enditem|p1a: Araquanid|Custap Berry|[eat]
|-activate|p1a: Araquanid|item: Custap Berry|[consumed]
|
|t:|1760741235
|switch|p2a: Espeon|Espeon, M|100/100
|move|p1a: Araquanid|Liquidation|p2a: Espeon
|-damage|p2a: Espeon|0 fnt
|faint|p2a: Espeon
|
|-damage|p1a: Araquanid|0 fnt|[from] Salt Cure
|faint|p1a: Araquanid
|upkeep
|
|t:|1760741250
|switch|p2a: Gholdengo|Gholdengo|100/100
|switch|p1a: Primarina|Primarina, F|100/100
|turn|4
|
|t:|1760741253
|switch|p1a: Moltres|Moltres-Galar|100/100
|move|p2a: Gholdengo|Trick|p1a: Moltres
|-activate|p2a: Gholdengo|move: Trick|[of] p1a: Moltres
|-item|p1a: Moltres|Choice Scarf|[from] move: Trick
|-item|p2a: Gholdengo|Heavy-Duty Boots|[from] move: Trick
|
|upkeep
|turn|5
|
|t:|1760741261
|switch|p2a: Clodsire|Clodsire, F|100/100
|move|p1a: Moltres|Fiery Wrath|p2a: Clodsire
|-damage|p2a: Clodsire|78/100
|
|-heal|p2a: Clodsire|84/100|[from] item: Leftovers
|upkeep
|turn|6
|
|t:|1760741266
|move|p1a: Moltres|Fiery Wrath|p2a: Clodsire
|-damage|p2a: Clodsire|61/100
|move|p2a: Clodsire|Toxic|p1a: Moltres
|-status|p1a: Moltres|tox
|
|-heal|p2a: Clodsire|67/100|[from] item: Leftovers
|-damage|p1a: Moltres|94/100 tox|[from] psn
|upkeep
|turn|7
|
|t:|1760741271
|move|p1a: Moltres|Fiery Wrath|p2a: Clodsire
|-damage|p2a: Clodsire|43/100
|move|p2a: Clodsire|Toxic|p1a: Moltres
|-fail|p1a: Moltres|tox
|
|-heal|p2a: Clodsire|49/100|[from] item: Leftovers
|-damage|p1a: Moltres|82/100 tox|[from] psn
|upkeep
|turn|8
|c|☆luca1996|unawar for sure
|
|t:|1760741275
|move|p1a: Moltres|Fiery Wrath|p2a: Clodsire
|-damage|p2a: Clodsire|26/100
|move|p2a: Clodsire|Recover|p2a: Clodsire
|-heal|p2a: Clodsire|76/100
|
|-heal|p2a: Clodsire|82/100|[from] item: Leftovers
|-damage|p1a: Moltres|64/100 tox|[from] psn
|upkeep
|turn|9
|
|t:|1760741278
|move|p1a: Moltres|Fiery Wrath|p2a: Clodsire
|-damage|p2a: Clodsire|58/100
|move|p2a: Clodsire|Toxic Spikes|p1a: Moltres
|-sidestart|p1: luca1996|move: Toxic Spikes
|
|-heal|p2a: Clodsire|64/100|[from] item: Leftovers
|-damage|p1a: Moltres|39/100 tox|[from] psn
|upkeep
|turn|10
|
|t:|1760741280
|move|p1a: Moltres|Fiery Wrath|p2a: Clodsire
|-damage|p2a: Clodsire|40/100
|move|p2a: Clodsire|Recover|p2a: Clodsire
|-heal|p2a: Clodsire|90/100
|
|-heal|p2a: Clodsire|96/100|[from] item: Leftovers
|-damage|p1a: Moltres|8/100 tox|[from] psn
|upkeep
|turn|11
|
|t:|1760741282
|move|p1a: Moltres|Fiery Wrath|p2a: Clodsire
|-damage|p2a: Clodsire|73/100
|move|p2a: Clodsire|Toxic Spikes|p1a: Moltres
|-sidestart|p1: luca1996|move: Toxic Spikes
|
|-heal|p2a: Clodsire|79/100|[from] item: Leftovers
|-damage|p1a: Moltres|0 fnt|[from] psn
|faint|p1a: Moltres
|upkeep
|
|t:|1760741288
|switch|p1a: Primarina|Primarina, F|100/100
|-status|p1a: Primarina|tox
|turn|12
|
|t:|1760741294
|move|p1a: Primarina|Surf|p2a: Clodsire
|-heal|p2a: Clodsire|100/100|[from] ability: Water Absorb|[of] p1a: Primarina
|move|p2a: Clodsire|Earthquake|p1a: Primarina
|-damage|p1a: Primarina|66/100 tox
|
|-damage|p1a: Primarina|60/100 tox|[from] psn
|upkeep
|turn|13
|
|t:|1760741298
|switch|p2a: Gholdengo|Gholdengo|100/100
|move|p1a: Primarina|Psychic Noise|p2a: Gholdengo
|-resisted|p2a: Gholdengo
|-damage|p2a: Gholdengo|85/100
|-start|p2a: Gholdengo|move: Heal Block
|
|-damage|p1a: Primarina|48/100 tox|[from] psn
|upkeep
|turn|14
|c|☆luca1996|nevermind
|
|t:|1760741304
|move|p2a: Gholdengo|Shadow Ball|p1a: Primarina
|-damage|p1a: Primarina|26/100 tox
|move|p1a: Primarina|Surf|p2a: Gholdengo
|-damage|p2a: Gholdengo|0 fnt
|faint|p2a: Gholdengo
|
|-damage|p1a: Primarina|8/100 tox|[from] psn
|upkeep
|
|t:|1760741313
|switch|p2a: Garganacl|Garganacl, F|53/100
|turn|15
|
|t:|1760741322
|move|p2a: Garganacl|Protect|p2a: Garganacl
|-singleturn|p2a: Garganacl|Protect
|move|p1a: Primarina|Surf|p2a: Garganacl
|-activate|p2a: Garganacl|move: Protect
|
|-heal|p2a: Garganacl|59/100|[from] item: Leftovers
|-damage|p1a: Primarina|0 fnt|[from] psn
|faint|p1a: Primarina
|upkeep
|
|t:|1760741326
|switch|p1a: Gurdurr|Gurdurr, F|100/100
|-status|p1a: Gurdurr|tox
|turn|16
|
|t:|1760741329
|-terastallize|p2a: Garganacl|Flying
|move|p1a: Gurdurr|Bulk Up|p1a: Gurdurr
|-boost|p1a: Gurdurr|atk|1
|-boost|p1a: Gurdurr|def|1
|move|p2a: Garganacl|Salt Cure|p1a: Gurdurr
|-resisted|p1a: Gurdurr
|-damage|p1a: Gurdurr|97/100 tox
|-start|p1a: Gurdurr|Salt Cure
|
|-heal|p2a: Garganacl|65/100|[from] item: Leftovers
|-damage|p1a: Gurdurr|91/100 tox|[from] psn
|-damage|p1a: Gurdurr|79/100 tox|[from] Salt Cure
|upkeep
|turn|17
|
|t:|1760741338
|move|p1a: Gurdurr|Knock Off|p2a: Garganacl
|-damage|p2a: Garganacl|39/100
|-enditem|p2a: Garganacl|Leftovers|[from] move: Knock Off|[of] p1a: Gurdurr
|move|p2a: Garganacl|Recover|p2a: Garganacl
|-heal|p2a: Garganacl|89/100
|
|-damage|p1a: Gurdurr|67/100 tox|[from] psn
|-damage|p1a: Gurdurr|54/100 tox|[from] Salt Cure
|upkeep
|turn|18
|
|t:|1760741345
|switch|p1a: Entei|Entei|100/100
|-status|p1a: Entei|tox
|move|p2a: Garganacl|Body Press|p1a: Entei
|-damage|p1a: Entei|70/100 tox
|
|-damage|p1a: Entei|64/100 tox|[from] psn
|upkeep
|turn|19
|c|☆luca1996|gg
|
|t:|1760741354
|switch|p2a: Heatran|Heatran, M|100/100
|-item|p2a: Heatran|Air Balloon
|move|p1a: Entei|Swagger|p2a: Heatran
|-boost|p2a: Heatran|atk|2
|-start|p2a: Heatran|confusion
|-enditem|p1a: Entei|Mirror Herb
|-boost|p1a: Entei|atk|2|[from] item: Mirror Herb
|
|-damage|p1a: Entei|51/100 tox|[from] psn
|upkeep
|turn|20
|
|t:|1760741364
|move|p1a: Entei|Extreme Speed|p2a: Heatran
|-resisted|p2a: Heatran
|-damage|p2a: Heatran|78/100
|-enditem|p2a: Heatran|Air Balloon
|-activate|p2a: Heatran|confusion
|move|p2a: Heatran|Stealth Rock|p1a: Entei
|-sidestart|p1: luca1996|move: Stealth Rock
|
|-damage|p1a: Entei|33/100 tox|[from] psn
|upkeep
|turn|21
|
|t:|1760741367
|switch|p2a: Garganacl|Garganacl, F, tera:Flying|89/100
|move|p1a: Entei|Stomping Tantrum|p2a: Garganacl
|-immune|p2a: Garganacl
|
|-damage|p1a: Entei|8/100 tox|[from] psn
|upkeep
|turn|22
|
|t:|1760741370
|move|p2a: Garganacl|Protect|p2a: Garganacl
|-singleturn|p2a: Garganacl|Protect
|move|p1a: Entei|Sacred Fire|p2a: Garganacl
|-activate|p2a: Garganacl|move: Protect
|
|-damage|p1a: Entei|0 fnt|[from] psn
|faint|p1a: Entei
|upkeep
|l|☆luca1996
|inactive|luca1996 disconnected and has a minute to reconnect!
|player|p1|
|j|☆luca1996
|inactive|luca1996 reconnected and has 125 seconds left.
|player|p1|luca1996|boarder|
|inactive|luca1996 has 120 seconds left.
|
|t:|1760741411
|switch|p1a: Great Tusk|Great Tusk|100/100
|-status|p1a: Great Tusk|tox
|-damage|p1a: Great Tusk|98/100 tox|[from] Stealth Rock
|turn|23
|
|t:|1760741416
|move|p1a: Great Tusk|Rapid Spin|p2a: Garganacl
|-damage|p2a: Garganacl|80/100
|-boost|p1a: Great Tusk|spe|1
|-sideend|p1: luca1996|Toxic Spikes|[from] move: Rapid Spin|[of] p1a: Great Tusk
|-sideend|p1: luca1996|Stealth Rock|[from] move: Rapid Spin|[of] p1a: Great Tusk
|move|p2a: Garganacl|Salt Cure|p1a: Great Tusk
|-resisted|p1a: Great Tusk
|-damage|p1a: Great Tusk|95/100 tox
|-start|p1a: Great Tusk|Salt Cure
|
|-damage|p1a: Great Tusk|89/100 tox|[from] psn
|-damage|p1a: Great Tusk|77/100 tox|[from] Salt Cure
|upkeep
|turn|24
|
|t:|1760741419
|move|p2a: Garganacl|Protect|p2a: Garganacl
|-singleturn|p2a: Garganacl|Protect
|move|p1a: Great Tusk|Ice Spinner|p2a: Garganacl
|-activate|p2a: Garganacl|move: Protect
|
|-damage|p1a: Great Tusk|64/100 tox|[from] psn
|-damage|p1a: Great Tusk|52/100 tox|[from] Salt Cure
|upkeep
|turn|25
|
|t:|1760741426
|move|p1a: Great Tusk|Ice Spinner|p2a: Garganacl
|-supereffective|p2a: Garganacl
|-damage|p2a: Garganacl|50/100
|move|p2a: Garganacl|Recover|p2a: Garganacl
|-heal|p2a: Garganacl|100/100
|
|-damage|p1a: Great Tusk|33/100 tox|[from] psn
|-damage|p1a: Great Tusk|21/100 tox|[from] Salt Cure
|upkeep
|turn|26
|
|t:|1760741431
|move|p2a: Garganacl|Protect|p2a: Garganacl
|-singleturn|p2a: Garganacl|Protect
|move|p1a: Great Tusk|Ice Spinner|p2a: Garganacl
|-activate|p2a: Garganacl|move: Protect
|
|-damage|p1a: Great Tusk|0 fnt|[from] psn
|faint|p1a: Great Tusk
|-end|p1a: Great Tusk|Protosynthesis|[silent]
|upkeep
|l|☆luca1996
|inactive|luca1996 disconnected and has a minute to reconnect!
|player|p1|
|inactive|luca1996 has 30 seconds to reconnect!
|inactive|luca1996 has 20 seconds to reconnect!
|inactive|luca1996 has 15 seconds to reconnect!
|inactive|luca1996 has 10 seconds to reconnect!
|inactive|luca1996 has 5 seconds to reconnect!
|-message|luca1996 lost due to inactivity.
|
|win|WonderGuardWill
|raw|luca1996's rating: 1430 &rarr; <strong>1409</strong><br />(-21 for losing)
|raw|WonderGuardWill's rating: 1409 &rarr; <strong>1430</strong><br />(+21 for winning)
|l|☆WonderGuardWill
|player|p2|
|j|☆WonderGuardWill
|player|p2|WonderGuardWill|dancer|
|l|☆WonderGuardWill
|player|p2|
