|j|‽Morthill
|j|☆Brayoke
|t:|1760748339
|gametype|singles
|player|p1|Morthill|169|1365
|player|p2|Brayoke|266|1341
|gen|9
|tier|[Gen 9] OU
|rated|
|rule|HP Percentage Mod: HP is shown in percentages
|rule|Endless Battle Clause: Forcing endless battles is banned
|rule|Species Clause: Limit one of each Pokémon
|rule|OHKO Clause: OHKO moves are banned
|rule|Evasion Items Clause: Evasion items are banned
|rule|Evasion Moves Clause: Evasion moves are banned
|rule|Evasion Abilities Clause: Evasion abilities are banned
|rule|Sleep Moves Clause: Sleep-inducing moves are banned
|clearpoke
|poke|p1|Slowking-Galar, M|
|poke|p1|Ninetales-Alola, M|
|poke|p1|Cetitan, M|
|poke|p1|Frosmoth, M|
|poke|p1|Avalugg, M|
|poke|p1|Kyurem|
|poke|p2|Alomomola, M|
|poke|p2|Deoxys-Speed|
|poke|p2|Smeargle, F|
|poke|p2|Thundurus-Therian, M|
|poke|p2|Dragonite, F|
|poke|p2|Ogerpon-Wellspring, F|
|teampreview
|inactive|Battle timer is ON: inactive players will automatically lose when time's up. (requested by Morthill)
|c|☆Brayoke|glhf
|c|☆Brayoke|n-ice team
|
|t:|1760748347
|teamsize|p1|6
|teamsize|p2|6
|start
|switch|p1a: Ninetales|Ninetales-Alola, M|100/100
|switch|p2a: Smeargle|Smeargle, F, shiny|100/100
|-weather|Snowscape|[from] ability: Snow Warning|[of] p1a: Ninetales
|turn|1
|
|t:|1760748354
|move|p1a: Ninetales|Moonblast|p2a: Smeargle
|-damage|p2a: Smeargle|24/100
|move|p2a: Smeargle|Sticky Web|p1a: Ninetales
|-sidestart|p1: Morthill|move: Sticky Web
|
|-weather|Snowscape|[upkeep]
|upkeep
|turn|2
|
|t:|1760748360
|move|p2a: Smeargle|Burning Bulwark|p2a: Smeargle
|-singleturn|p2a: Smeargle|move: Protect
|move|p1a: Ninetales|Aurora Veil|p1a: Ninetales
|-sidestart|p1: Morthill|move: Aurora Veil
|
|-weather|Snowscape|[upkeep]
|upkeep
|turn|3
|
|t:|1760748382
|switch|p1a: Avalugg|Avalugg, M, shiny|100/100
|-activate|p1a: Avalugg|move: Sticky Web
|-unboost|p1a: Avalugg|spe|1
|move|p2a: Smeargle|Salt Cure|p1a: Avalugg
|-supereffective|p1a: Avalugg
|-damage|p1a: Avalugg|99/100
|-start|p1a: Avalugg|Salt Cure
|
|-weather|Snowscape|[upkeep]
|-heal|p1a: Avalugg|100/100|[from] ability: Ice Body
|-damage|p1a: Avalugg|88/100|[from] Salt Cure
|upkeep
|turn|4
|
|t:|1760748390
|move|p2a: Smeargle|Burning Bulwark|p2a: Smeargle
|-singleturn|p2a: Smeargle|move: Protect
|move|p1a: Avalugg|Iron Defense|p1a: Avalugg
|-boost|p1a: Avalugg|def|2
|
|-weather|Snowscape|[upkeep]
|-heal|p1a: Avalugg|94/100|[from] ability: Ice Body
|-damage|p1a: Avalugg|82/100|[from] Salt Cure
|upkeep
|turn|5
|
|t:|1760748394
|move|p2a: Smeargle|Encore|p1a: Avalugg
|-start|p1a: Avalugg|Encore
|move|p1a: Avalugg|Iron Defense|p1a: Avalugg
|-boost|p1a: Avalugg|def|2
|
|-weather|Snowscape|[upkeep]
|-heal|p1a: Avalugg|88/100|[from] ability: Ice Body
|-damage|p1a: Avalugg|75/100|[from] Salt Cure
|upkeep
|turn|6
|
|t:|1760748405
|switch|p1a: Slowking|Slowking-Galar, M|100/100
|-activate|p1a: Slowking|move: Sticky Web
|-unboost|p1a: Slowking|spe|1
|move|p2a: Smeargle|Salt Cure|p1a: Slowking
|-crit|p1a: Slowking
|-damage|p1a: Slowking|94/100
|-start|p1a: Slowking|Salt Cure
|
|-weather|Snowscape|[upkeep]
|-damage|p1a: Slowking|81/100|[from] Salt Cure
|-sideend|p1: Morthill|move: Aurora Veil
|upkeep
|turn|7
|
|t:|1760748420
|switch|p2a: Deoxys|Deoxys-Speed, shiny|100/100
|-ability|p2a: Deoxys|Pressure
|move|p1a: Slowking|Sludge Bomb|p2a: Deoxys
|-damage|p2a: Deoxys|41/100
|
|-weather|Snowscape|[upkeep]
|-heal|p2a: Deoxys|47/100|[from] item: Leftovers
|-damage|p1a: Slowking|69/100|[from] Salt Cure
|upkeep
|turn|8
|
|t:|1760748448
|switch|p1a: Kyurem|Kyurem, shiny|100/100
|-activate|p1a: Kyurem|move: Sticky Web
|-unboost|p1a: Kyurem|spe|1
|-ability|p1a: Kyurem|Pressure
|move|p2a: Deoxys|Stealth Rock|p1a: Kyurem
|-sidestart|p1: Morthill|move: Stealth Rock
|
|-weather|none
|-heal|p2a: Deoxys|53/100|[from] item: Leftovers
|upkeep
|turn|9
|
|t:|1760748457
|move|p2a: Deoxys|Thunder Wave|p1a: Kyurem
|-status|p1a: Kyurem|par
|move|p1a: Kyurem|Draco Meteor|p2a: Deoxys
|-damage|p2a: Deoxys|0 fnt
|-unboost|p1a: Kyurem|spa|2
|faint|p2a: Deoxys
|
|upkeep
|
|t:|1760748462
|switch|p2a: Dragonite|Dragonite, F, shiny|100/100
|turn|10
|
|t:|1760748465
|move|p2a: Dragonite|Dragon Dance|p2a: Dragonite
|-boost|p2a: Dragonite|atk|1
|-boost|p2a: Dragonite|spe|1
|move|p1a: Kyurem|Ice Beam|p2a: Dragonite
|-supereffective|p2a: Dragonite
|-damage|p2a: Dragonite|69/100
|
|-heal|p2a: Dragonite|76/100|[from] item: Leftovers
|upkeep
|turn|11
|
|t:|1760748471
|-terastallize|p2a: Dragonite|Fairy
|move|p2a: Dragonite|Dragon Dance|p2a: Dragonite
|-boost|p2a: Dragonite|atk|1
|-boost|p2a: Dragonite|spe|1
|move|p1a: Kyurem|Ice Beam|p2a: Dragonite
|-damage|p2a: Dragonite|58/100
|-status|p2a: Dragonite|frz
|
|-heal|p2a: Dragonite|64/100 frz|[from] item: Leftovers
|upkeep
|turn|12
|c|☆Brayoke|bruh
|
|t:|1760748479
|switch|p1a: Slowking|Slowking-Galar, M|100/100
|-activate|p1a: Slowking|move: Sticky Web
|-unboost|p1a: Slowking|spe|1
|-damage|p1a: Slowking|88/100|[from] Stealth Rock
|cant|p2a: Dragonite|frz
|
|-heal|p2a: Dragonite|70/100 frz|[from] item: Leftovers
|upkeep
|turn|13
|
|t:|1760748483
|-curestatus|p2a: Dragonite|frz|[msg]
|move|p2a: Dragonite|Earthquake|p1a: Slowking
|-supereffective|p1a: Slowking
|-damage|p1a: Slowking|0 fnt
|faint|p1a: Slowking
|
|-heal|p2a: Dragonite|76/100|[from] item: Leftovers
|upkeep
|c|☆Brayoke|lol
|
|t:|1760748490
|switch|p1a: Ninetales|Ninetales-Alola, M|100/100
|-activate|p1a: Ninetales|move: Sticky Web
|-unboost|p1a: Ninetales|spe|1
|-damage|p1a: Ninetales|75/100|[from] Stealth Rock
|-weather|Snowscape|[from] ability: Snow Warning|[of] p1a: Ninetales
|turn|14
|c|☆Brayoke|w dragonite
|
|t:|1760748496
|move|p2a: Dragonite|Tera Blast|p1a: Ninetales|[anim] Tera Blast Fairy
|-damage|p1a: Ninetales|9/100
|move|p1a: Ninetales|Aurora Veil|p1a: Ninetales
|-sidestart|p1: Morthill|move: Aurora Veil
|
|-weather|Snowscape|[upkeep]
|-heal|p2a: Dragonite|83/100|[from] item: Leftovers
|upkeep
|turn|15
|
|t:|1760748504
|move|p2a: Dragonite|Tera Blast|p1a: Ninetales|[anim] Tera Blast Fairy
|-damage|p1a: Ninetales|0 fnt
|faint|p1a: Ninetales
|
|-weather|Snowscape|[upkeep]
|-heal|p2a: Dragonite|89/100|[from] item: Leftovers
|upkeep
|
|t:|1760748515
|switch|p1a: Frosmoth|Frosmoth, M, shiny|100/100
|turn|16
|
|t:|1760748521
|switch|p2a: Smeargle|Smeargle, F, shiny|24/100
|-terastallize|p1a: Frosmoth|Ground
|move|p1a: Frosmoth|Quiver Dance|p1a: Frosmoth
|-boost|p1a: Frosmoth|spa|1
|-boost|p1a: Frosmoth|spd|1
|-boost|p1a: Frosmoth|spe|1
|
|-weather|Snowscape|[upkeep]
|upkeep
|turn|17
|
|t:|1760748529
|move|p2a: Smeargle|Encore|p1a: Frosmoth
|-start|p1a: Frosmoth|Encore
|move|p1a: Frosmoth|Quiver Dance|p1a: Frosmoth
|-boost|p1a: Frosmoth|spa|1
|-boost|p1a: Frosmoth|spd|1
|-boost|p1a: Frosmoth|spe|1
|
|-weather|Snowscape|[upkeep]
|upkeep
|turn|18
|
|t:|1760748542
|switch|p2a: Ogerpon|Ogerpon-Wellspring, F|100/100
|move|p1a: Frosmoth|Quiver Dance|p1a: Frosmoth
|-boost|p1a: Frosmoth|spa|1
|-boost|p1a: Frosmoth|spd|1
|-boost|p1a: Frosmoth|spe|1
|
|-weather|Snowscape|[upkeep]
|-sideend|p1: Morthill|move: Aurora Veil
|upkeep
|turn|19
|
|t:|1760748549
|switch|p1a: Avalugg|Avalugg, M, shiny|75/100
|-activate|p1a: Avalugg|move: Sticky Web
|-unboost|p1a: Avalugg|spe|1
|-damage|p1a: Avalugg|50/100|[from] Stealth Rock
|move|p2a: Ogerpon|Ivy Cudgel|p1a: Avalugg|[anim] Ivy Cudgel Water
|-damage|p1a: Avalugg|35/100
|
|-weather|Snowscape|[upkeep]
|-heal|p1a: Avalugg|41/100|[from] ability: Ice Body
|upkeep
|turn|20
|
|t:|1760748554
|move|p2a: Ogerpon|Knock Off|p1a: Avalugg
|-damage|p1a: Avalugg|31/100
|-damage|p2a: Ogerpon|84/100|[from] item: Rocky Helmet|[of] p1a: Avalugg
|-enditem|p1a: Avalugg|Rocky Helmet|[from] move: Knock Off|[of] p2a: Ogerpon
|move|p1a: Avalugg|Rapid Spin|p2a: Ogerpon
|-damage|p2a: Ogerpon|67/100
|-boost|p1a: Avalugg|spe|1
|-sideend|p1: Morthill|Stealth Rock|[from] move: Rapid Spin|[of] p1a: Avalugg
|-sideend|p1: Morthill|Sticky Web|[from] move: Rapid Spin|[of] p1a: Avalugg
|
|-weather|Snowscape|[upkeep]
|-heal|p1a: Avalugg|37/100|[from] ability: Ice Body
|upkeep
|turn|21
|
|t:|1760748561
|move|p2a: Ogerpon|Ivy Cudgel|p1a: Avalugg|[anim] Ivy Cudgel Water
|-damage|p1a: Avalugg|22/100
|move|p1a: Avalugg|Aurora Veil|p1a: Avalugg
|-sidestart|p1: Morthill|move: Aurora Veil
|
|-weather|none
|upkeep
|turn|22
|
|t:|1760748573
|move|p2a: Ogerpon|Encore|p1a: Avalugg
|-start|p1a: Avalugg|Encore
|move|p1a: Avalugg|Aurora Veil||[still]
|-fail|p1a: Avalugg
|
|upkeep
|turn|23
|
|t:|1760748576
|switch|p1a: Kyurem|Kyurem, shiny|100/100 par
|-ability|p1a: Kyurem|Pressure
|move|p2a: Ogerpon|Knock Off|p1a: Kyurem
|-damage|p1a: Kyurem|83/100 par
|-enditem|p1a: Kyurem|Assault Vest|[from] move: Knock Off|[of] p2a: Ogerpon
|
|upkeep
|turn|24
|
|t:|1760748585
|switch|p2a: Smeargle|Smeargle, F, shiny|24/100
|cant|p1a: Kyurem|par
|
|upkeep
|turn|25
|
|t:|1760748589
|move|p2a: Smeargle|Sticky Web|p1a: Kyurem
|-sidestart|p1: Morthill|move: Sticky Web
|move|p1a: Kyurem|Ice Beam|p2a: Smeargle
|-damage|p2a: Smeargle|0 fnt
|faint|p2a: Smeargle
|
|-sideend|p1: Morthill|move: Aurora Veil
|upkeep
|
|t:|1760748594
|switch|p2a: Dragonite|Dragonite, F, shiny, tera:Fairy|89/100
|turn|26
|
|t:|1760748597
|move|p2a: Dragonite|Dragon Dance|p2a: Dragonite
|-boost|p2a: Dragonite|atk|1
|-boost|p2a: Dragonite|spe|1
|move|p1a: Kyurem|Flash Cannon|p2a: Dragonite
|-supereffective|p2a: Dragonite
|-damage|p2a: Dragonite|49/100
|
|-heal|p2a: Dragonite|55/100|[from] item: Leftovers
|upkeep
|turn|27
|
|t:|1760748605
|move|p2a: Dragonite|Roost|p2a: Dragonite
|-heal|p2a: Dragonite|100/100
|move|p1a: Kyurem|Flash Cannon|p2a: Dragonite
|-supereffective|p2a: Dragonite
|-damage|p2a: Dragonite|79/100
|
|-heal|p2a: Dragonite|85/100|[from] item: Leftovers
|upkeep
|turn|28
|
|t:|1760748623
|move|p2a: Dragonite|Tera Blast|p1a: Kyurem|[anim] Tera Blast Fairy
|-supereffective|p1a: Kyurem
|-damage|p1a: Kyurem|0 fnt
|faint|p1a: Kyurem
|
|-heal|p2a: Dragonite|92/100|[from] item: Leftovers
|upkeep
|
|t:|1760748625
|switch|p1a: Cetitan|Cetitan, M, shiny|100/100
|-activate|p1a: Cetitan|move: Sticky Web
|-unboost|p1a: Cetitan|spe|1
|turn|29
|
|t:|1760748633
|move|p2a: Dragonite|Tera Blast|p1a: Cetitan|[anim] Tera Blast Fairy
|-damage|p1a: Cetitan|49/100
|-enditem|p1a: Cetitan|Sitrus Berry|[eat]
|-heal|p1a: Cetitan|74/100|[from] item: Sitrus Berry
|move|p1a: Cetitan|Belly Drum|p1a: Cetitan
|-damage|p1a: Cetitan|24/100
|-setboost|p1a: Cetitan|atk|6|[from] move: Belly Drum
|
|-heal|p2a: Dragonite|98/100|[from] item: Leftovers
|upkeep
|turn|30
|
|t:|1760748640
|move|p1a: Cetitan|Ice Shard|p2a: Dragonite
|-damage|p2a: Dragonite|29/100
|move|p2a: Dragonite|Tera Blast|p1a: Cetitan|[anim] Tera Blast Fairy
|-damage|p1a: Cetitan|0 fnt
|faint|p1a: Cetitan
|
|-heal|p2a: Dragonite|35/100|[from] item: Leftovers
|upkeep
|
|t:|1760748646
|switch|p1a: Frosmoth|Frosmoth, M, shiny, tera:Ground|100/100
|turn|31
|
|t:|1760748650
|move|p2a: Dragonite|Tera Blast|p1a: Frosmoth|[anim] Tera Blast Fairy
|-damage|p1a: Frosmoth|10/100
|move|p1a: Frosmoth|Quiver Dance|p1a: Frosmoth
|-boost|p1a: Frosmoth|spa|1
|-boost|p1a: Frosmoth|spd|1
|-boost|p1a: Frosmoth|spe|1
|
|-heal|p2a: Dragonite|41/100|[from] item: Leftovers
|upkeep
|turn|32
|
|t:|1760748656
|move|p2a: Dragonite|Roost|p2a: Dragonite
|-heal|p2a: Dragonite|91/100
|move|p1a: Frosmoth|Ice Beam|p2a: Dragonite
|-crit|p2a: Dragonite
|-damage|p2a: Dragonite|28/100
|
|-heal|p2a: Dragonite|34/100|[from] item: Leftovers
|upkeep
|turn|33
|
|t:|1760748663
|move|p2a: Dragonite|Roost|p2a: Dragonite
|-heal|p2a: Dragonite|84/100
|move|p1a: Frosmoth|Giga Drain|p2a: Dragonite
|-damage|p2a: Dragonite|61/100
|-heal|p1a: Frosmoth|25/100|[from] drain|[of] p2a: Dragonite
|
|-heal|p2a: Dragonite|67/100|[from] item: Leftovers
|upkeep
|turn|34
|
|t:|1760748669
|move|p2a: Dragonite|Tera Blast|p1a: Frosmoth|[anim] Tera Blast Fairy
|-damage|p1a: Frosmoth|0 fnt
|faint|p1a: Frosmoth
|
|-heal|p2a: Dragonite|73/100|[from] item: Leftovers
|upkeep
|
|t:|1760748671
|switch|p1a: Avalugg|Avalugg, M, shiny|22/100
|-activate|p1a: Avalugg|move: Sticky Web
|-unboost|p1a: Avalugg|spe|1
|turn|35
|
|t:|1760748673
|move|p2a: Dragonite|Tera Blast|p1a: Avalugg|[anim] Tera Blast Fairy
|-damage|p1a: Avalugg|1/100
|move|p1a: Avalugg|Iron Defense|p1a: Avalugg
|-boost|p1a: Avalugg|def|2
|
|-heal|p2a: Dragonite|80/100|[from] item: Leftovers
|upkeep
|turn|36
|
|t:|1760748676
|move|p2a: Dragonite|Tera Blast|p1a: Avalugg|[anim] Tera Blast Fairy
|-damage|p1a: Avalugg|0 fnt
|faint|p1a: Avalugg
|
|win|Brayoke
|raw|Morthill's rating: 1365 &rarr; <strong>1344</strong><br />(-21 for losing)
|raw|Brayoke's rating: 1341 &rarr; <strong>1362</strong><br />(+21 for winning)
|c|☆Brayoke|tanky ass avalugg
|l|‽Morthill
|player|p1|
|l|☆Brayoke
|player|p2|
