|j|☆metrobotalt
|j|☆MooFarmer
|t:|1760797541
|gametype|singles
|player|p1|metrobotalt|lucas|1602
|player|p2|MooFarmer|1|1786
|gen|9
|tier|[Gen 9] OU
|rated|
|rule|HP Percentage Mod: HP is shown in percentages
|rule|Endless Battle Clause: Forcing endless battles is banned
|rule|Species Clause: Limit one of each Pokémon
|rule|OHKO Clause: OHKO moves are banned
|rule|Evasion Items Clause: Evasion items are banned
|rule|Evasion Moves Clause: Evasion moves are banned
|rule|Evasion Abilities Clause: Evasion abilities are banned
|rule|Sleep Moves Clause: Sleep-inducing moves are banned
|clearpoke
|poke|p1|Deoxys-Speed|
|poke|p1|Kyurem|
|poke|p1|Zamazenta-*|
|poke|p1|Gholdengo|
|poke|p1|Moltres-Galar|
|poke|p1|Great Tusk|
|poke|p2|Kyurem|
|poke|p2|Corviknight, F|
|poke|p2|Ting-Lu|
|poke|p2|Dondozo, F|
|poke|p2|Slowking-Galar, L99, F|
|poke|p2|Cinderace, M|
|teampreview
|
|t:|1760797589
|teamsize|p1|6
|teamsize|p2|6
|start
|switch|p1a: Deoxys|Deoxys-Speed|100/100
|switch|p2a: Slowking|Slowking-Galar, L99, F|100/100
|-ability|p1a: Deoxys|Pressure
|turn|1
|inactive|Battle timer is ON: inactive players will automatically lose when time's up. (requested by MooFarmer)
|inactive|MooFarmer has 120 seconds left.
|
|t:|1760797635
|switch|p2a: Cinderace|Cinderace, M|100/100
|move|p1a: Deoxys|Taunt|p2a: Cinderace
|-start|p2a: Cinderace|move: Taunt
|
|upkeep
|turn|2
|inactive|MooFarmer has 120 seconds left.
|
|t:|1760797680
|move|p1a: Deoxys|Reflect|p1a: Deoxys
|-sidestart|p1: metrobotalt|Reflect
|move|p2a: Cinderace|Pyro Ball|p1a: Deoxys
|-damage|p1a: Deoxys|71/100
|
|upkeep
|turn|3
|inactive|MooFarmer has 90 seconds left.
|
|t:|1760797726
|move|p2a: Cinderace|Pyro Ball|p1a: Deoxys
|-damage|p1a: Deoxys|42/100
|move|p1a: Deoxys|Teleport|p1a: Deoxys
|inactive|metrobotalt has 120 seconds left.
|
|t:|1760797747
|switch|p1a: Moltres|Moltres-Galar|100/100|[from] Teleport
|
|-end|p2a: Cinderace|move: Taunt
|upkeep
|turn|4
|inactive|MooFarmer has 60 seconds left.
|j| Scoob252525
|
|t:|1760797792
|move|p2a: Cinderace|U-turn|p1a: Moltres
|-damage|p1a: Moltres|92/100
|
|t:|1760797801
|switch|p2a: Kyurem|Kyurem|100/100|[from] U-turn
|-ability|p2a: Kyurem|Pressure
|move|p1a: Moltres|Hurricane|p2a: Kyurem
|-damage|p2a: Kyurem|59/100
|
|-heal|p2a: Kyurem|65/100|[from] item: Leftovers
|upkeep
|turn|5
|
|t:|1760797815
|move|p2a: Kyurem|Freeze-Dry|p1a: Moltres
|-supereffective|p1a: Moltres
|-damage|p1a: Moltres|46/100
|-ability|p1a: Moltres|Berserk|boost
|-boost|p1a: Moltres|spa|1
|-enditem|p1a: Moltres|Sitrus Berry|[eat]
|-heal|p1a: Moltres|71/100|[from] item: Sitrus Berry
|move|p1a: Moltres|Hurricane|p2a: Kyurem
|-damage|p2a: Kyurem|0 fnt
|faint|p2a: Kyurem
|
|upkeep
|
|t:|1760797823
|switch|p2a: Slowking|Slowking-Galar, L99, F|100/100
|turn|6
|
|t:|1760797832
|move|p1a: Moltres|Fiery Wrath|p2a: Slowking
|-supereffective|p2a: Slowking
|-damage|p2a: Slowking|31/100
|move|p2a: Slowking|Toxic|p1a: Moltres
|-status|p1a: Moltres|tox
|
|-damage|p1a: Moltres|65/100 tox|[from] psn
|upkeep
|turn|7
|inactive|MooFarmer has 60 seconds left.
|
|t:|1760797840
|switch|p2a: Ting-Lu|Ting-Lu|100/100
|-ability|p2a: Ting-Lu|Vessel of Ruin
|move|p1a: Moltres|Hurricane|p2a: Ting-Lu
|-damage|p2a: Ting-Lu|72/100
|
|-heal|p2a: Ting-Lu|78/100|[from] item: Leftovers
|-damage|p1a: Moltres|52/100 tox|[from] psn
|upkeep
|turn|8
|
|t:|1760797849
|move|p1a: Moltres|Nasty Plot|p1a: Moltres
|-boost|p1a: Moltres|spa|2
|move|p2a: Ting-Lu|Earthquake|p1a: Moltres
|-immune|p1a: Moltres
|
|-heal|p2a: Ting-Lu|84/100|[from] item: Leftovers
|-damage|p1a: Moltres|34/100 tox|[from] psn
|upkeep
|turn|9
|
|t:|1760797857
|move|p1a: Moltres|Hurricane|p2a: Ting-Lu
|-damage|p2a: Ting-Lu|38/100
|-start|p2a: Ting-Lu|confusion
|-activate|p2a: Ting-Lu|confusion
|-damage|p2a: Ting-Lu|33/100|[from] confusion
|
|-heal|p2a: Ting-Lu|39/100|[from] item: Leftovers
|-damage|p1a: Moltres|9/100 tox|[from] psn
|-sideend|p1: metrobotalt|Reflect
|upkeep
|turn|10
|
|t:|1760797866
|switch|p2a: Dondozo|Dondozo, F|100/100
|move|p1a: Moltres|Fiery Wrath|p2a: Dondozo
|-damage|p2a: Dondozo|65/100
|
|-heal|p2a: Dondozo|71/100|[from] item: Leftovers
|-damage|p1a: Moltres|0 fnt|[from] psn
|faint|p1a: Moltres
|upkeep
|
|t:|1760797880
|switch|p1a: Gholdengo|Gholdengo|100/100
|-item|p1a: Gholdengo|Air Balloon
|turn|11
|
|t:|1760797889
|move|p1a: Gholdengo|Shadow Ball|p2a: Dondozo
|-damage|p2a: Dondozo|27/100
|move|p2a: Dondozo|Waterfall|p1a: Gholdengo
|-damage|p1a: Gholdengo|69/100
|-enditem|p1a: Gholdengo|Air Balloon
|
|-heal|p2a: Dondozo|34/100|[from] item: Leftovers
|upkeep
|turn|12
|inactive|MooFarmer has 90 seconds left.
|inactive|MooFarmer has 60 seconds left.
|
|t:|1760797937
|switch|p2a: Ting-Lu|Ting-Lu|39/100
|-ability|p2a: Ting-Lu|Vessel of Ruin
|move|p1a: Gholdengo|Shadow Ball|p2a: Ting-Lu
|-resisted|p2a: Ting-Lu
|-damage|p2a: Ting-Lu|30/100
|-unboost|p2a: Ting-Lu|spd|1
|
|-heal|p2a: Ting-Lu|36/100|[from] item: Leftovers
|upkeep
|turn|13
|inactive|MooFarmer has 30 seconds left.
|inactive|MooFarmer has 20 seconds left.
|inactive|MooFarmer has 15 seconds left.
|
|t:|1760797983
|switch|p2a: Slowking|Slowking-Galar, L99, F|64/100
|move|p1a: Gholdengo|Focus Blast|p2a: Slowking
|-resisted|p2a: Slowking
|-damage|p2a: Slowking|58/100
|
|upkeep
|turn|14
|inactive|MooFarmer has 25 seconds left this turn.
|inactive|MooFarmer has 20 seconds left.
|
|t:|1760797991
|switch|p2a: Ting-Lu|Ting-Lu|36/100
|-ability|p2a: Ting-Lu|Vessel of Ruin
|move|p1a: Gholdengo|Shadow Ball|p2a: Ting-Lu
|-resisted|p2a: Ting-Lu
|-damage|p2a: Ting-Lu|27/100
|
|-heal|p2a: Ting-Lu|33/100|[from] item: Leftovers
|upkeep
|turn|15
|inactive|MooFarmer has 30 seconds left this turn.
|
|t:|1760798000
|move|p1a: Gholdengo|Focus Blast|p2a: Ting-Lu
|-supereffective|p2a: Ting-Lu
|-damage|p2a: Ting-Lu|0 fnt
|faint|p2a: Ting-Lu
|
|upkeep
|inactive|MooFarmer has 30 seconds left this turn.
|
|t:|1760798009
|switch|p2a: Cinderace|Cinderace, M|100/100
|turn|16
|inactive|MooFarmer has 30 seconds left.
|
|t:|1760798031
|switch|p1a: Deoxys|Deoxys-Speed|42/100
|-ability|p1a: Deoxys|Pressure
|move|p2a: Cinderace|Pyro Ball|p1a: Deoxys
|-damage|p1a: Deoxys|0 fnt
|faint|p1a: Deoxys
|
|upkeep
|inactive|metrobotalt has 120 seconds left.
|
|t:|1760798046
|switch|p1a: Kyurem|Kyurem|100/100
|-ability|p1a: Kyurem|Pressure
|turn|17
|
|t:|1760798055
|-terastallize|p1a: Kyurem|Ground
|move|p2a: Cinderace|U-turn|p1a: Kyurem
|-damage|p1a: Kyurem|81/100
|
|t:|1760798064
|switch|p2a: Corviknight|Corviknight, F|100/100|[from] U-turn
|-ability|p2a: Corviknight|Pressure
|move|p1a: Kyurem|Dragon Dance|p1a: Kyurem
|-boost|p1a: Kyurem|atk|1
|-boost|p1a: Kyurem|spe|1
|
|upkeep
|turn|18
|
|t:|1760798072
|move|p1a: Kyurem|Freeze-Dry|p2a: Corviknight
|-damage|p2a: Corviknight|63/100
|-status|p2a: Corviknight|frz
|cant|p2a: Corviknight|frz
|
|upkeep
|turn|19
|
|t:|1760798081
|switch|p2a: Slowking|Slowking-Galar, L99, F|91/100
|move|p1a: Kyurem|Freeze-Dry|p2a: Slowking
|-damage|p2a: Slowking|67/100
|
|upkeep
|turn|20
|
|t:|1760798102
|move|p1a: Kyurem|Icicle Spear|p2a: Slowking
|-damage|p2a: Slowking|45/100
|-damage|p2a: Slowking|22/100
|-damage|p2a: Slowking|0 fnt
|faint|p2a: Slowking
|-hitcount|p2: Slowking|3
|
|upkeep
|
|t:|1760798111
|switch|p2a: Cinderace|Cinderace, M|100/100
|turn|21
|inactive|MooFarmer has 60 seconds left.
|
|t:|1760798120
|move|p1a: Kyurem|Earth Power|p2a: Cinderace
|-supereffective|p2a: Cinderace
|-damage|p2a: Cinderace|1/100
|move|p2a: Cinderace|Will-O-Wisp|p1a: Kyurem
|-status|p1a: Kyurem|brn
|
|-damage|p1a: Kyurem|75/100 brn|[from] brn
|upkeep
|turn|22
|
|t:|1760798128
|move|p1a: Kyurem|Freeze-Dry|p2a: Cinderace
|-resisted|p2a: Cinderace
|-damage|p2a: Cinderace|0 fnt
|faint|p2a: Cinderace
|
|-damage|p1a: Kyurem|69/100 brn|[from] brn
|upkeep
|
|t:|1760798136
|switch|p2a: Dondozo|Dondozo, F|34/100
|turn|23
|c|☆metrobotalt|gg ts broken
|
|t:|1760798144
|switch|p2a: Corviknight|Corviknight, F|63/100 frz
|-ability|p2a: Corviknight|Pressure
|move|p1a: Kyurem|Freeze-Dry|p2a: Corviknight
|-damage|p2a: Corviknight|23/100 frz
|
|-damage|p1a: Kyurem|63/100 brn|[from] brn
|upkeep
|turn|24
|
|t:|1760798151
|switch|p2a: Dondozo|Dondozo, F|34/100
|move|p1a: Kyurem|Freeze-Dry|p2a: Dondozo
|-supereffective|p2a: Dondozo
|-damage|p2a: Dondozo|0 fnt
|faint|p2a: Dondozo
|
|-damage|p1a: Kyurem|57/100 brn|[from] brn
|upkeep
|
|t:|1760798155
|switch|p2a: Corviknight|Corviknight, F|23/100 frz
|-ability|p2a: Corviknight|Pressure
|turn|25
|
|t:|1760798159
|move|p1a: Kyurem|Freeze-Dry|p2a: Corviknight
|-damage|p2a: Corviknight|0 fnt
|faint|p2a: Corviknight
|
|win|metrobotalt
|raw|metrobotalt's rating: 1602 &rarr; <strong>1632</strong><br />(+30 for winning)
|raw|MooFarmer's rating: 1786 &rarr; <strong>1756</strong><br />(-30 for losing)
|l|☆MooFarmer
|player|p2|
|l| Scoob252525
|l|☆metrobotalt
|player|p1|
