|j|☆kate10956
|j|☆ovulationman
|t:|1760761093
|gametype|singles
|player|p1|kate10956|misty|1278
|player|p2|ovulationman|ghetsis-gen5bw|1228
|gen|9
|tier|[Gen 9] OU
|rated|
|rule|HP Percentage Mod: HP is shown in percentages
|rule|Endless Battle Clause: Forcing endless battles is banned
|rule|Species Clause: Limit one of each Pokémon
|rule|OHKO Clause: OHKO moves are banned
|rule|Evasion Items Clause: Evasion items are banned
|rule|Evasion Moves Clause: Evasion moves are banned
|rule|Evasion Abilities Clause: Evasion abilities are banned
|rule|Sleep Moves Clause: Sleep-inducing moves are banned
|clearpoke
|poke|p1|Pelipper, M|
|poke|p1|Kilowattrel, F|
|poke|p1|Dragapult, F|
|poke|p1|Amoonguss, F|
|poke|p1|Floatzel, M|
|poke|p1|Walking Wake|
|poke|p2|Ursaluna, M|
|poke|p2|Garganacl, F|
|poke|p2|Landorus-Therian, M|
|poke|p2|Weezing-Galar, M|
|poke|p2|Zapdos|
|poke|p2|Slowking-Galar, M|
|teampreview
|
|t:|1760761100
|teamsize|p1|6
|teamsize|p2|6
|start
|switch|p1a: Gulliver|Pelipper, M|100/100
|switch|p2a: Garganacl|Garganacl, F|100/100
|-weather|RainDance|[from] ability: Drizzle|[of] p1a: Gulliver
|turn|1
|
|t:|1760761104
|switch|p2a: Slowking|Slowking-Galar, M|100/100
|move|p1a: Gulliver|U-turn|p2a: Slowking
|-damage|p2a: Slowking|92/100
|
|t:|1760761106
|switch|p1a: Ripple|Floatzel, M|100/100|[from] U-turn
|
|-weather|RainDance|[upkeep]
|upkeep
|turn|2
|
|t:|1760761111
|move|p1a: Ripple|Flip Turn|p2a: Slowking
|-damage|p2a: Slowking|19/100
|
|t:|1760761116
|switch|p1a: Joule|Kilowattrel, F|100/100|[from] Flip Turn
|move|p2a: Slowking|Sludge Bomb|p1a: Joule
|-damage|p1a: Joule|24/100
|
|-weather|RainDance|[upkeep]
|upkeep
|turn|3
|
|t:|1760761122
|switch|p2a: Garganacl|Garganacl, F|100/100
|move|p1a: Joule|Hurricane|p2a: Garganacl
|-resisted|p2a: Garganacl
|-damage|p2a: Garganacl|74/100
|
|-weather|RainDance|[upkeep]
|-heal|p2a: Garganacl|80/100|[from] item: Leftovers
|upkeep
|turn|4
|
|t:|1760761127
|switch|p1a: Amanita|Amoonguss, F|100/100
|move|p2a: Garganacl|Stealth Rock|p1a: Amanita
|-sidestart|p1: kate10956|move: Stealth Rock
|
|-weather|RainDance|[upkeep]
|-heal|p2a: Garganacl|86/100|[from] item: Leftovers
|upkeep
|turn|5
|
|t:|1760761134
|switch|p2a: Slowking|Slowking-Galar, M|53/100
|move|p1a: Amanita|Giga Drain|p2a: Slowking
|-resisted|p2a: Slowking
|-damage|p2a: Slowking|47/100
|
|-weather|RainDance|[upkeep]
|upkeep
|turn|6
|
|t:|1760761139
|move|p2a: Slowking|Flamethrower|p1a: Amanita
|-supereffective|p1a: Amanita
|-damage|p1a: Amanita|75/100
|-enditem|p1a: Amanita|Eject Button
|
|t:|1760761143
|switch|p1a: Ripple|Floatzel, M|100/100
|-damage|p1a: Ripple|88/100|[from] Stealth Rock
|
|-weather|RainDance|[upkeep]
|upkeep
|turn|7
|
|t:|1760761160
|switch|p2a: Weezing|Weezing-Galar, M, shiny|100/100
|-ability|p2a: Weezing|Neutralizing Gas
|move|p1a: Ripple|Flip Turn|p2a: Weezing
|-damage|p2a: Weezing|55/100
|
|t:|1760761168
|switch|p1a: Rivulet|Walking Wake|100/100|[from] Flip Turn
|-damage|p1a: Rivulet|88/100|[from] Stealth Rock
|
|-weather|RainDance|[upkeep]
|upkeep
|turn|8
|
|t:|1760761197
|-end|p2a: Weezing|ability: Neutralizing Gas
|switch|p2a: Slowking|Slowking-Galar, M|80/100
|move|p1a: Rivulet|Surf|p2a: Slowking
|-crit|p2a: Slowking
|-damage|p2a: Slowking|6/100
|
|-weather|none
|upkeep
|turn|9
|
|t:|1760761217
|switch|p2a: Zapdos|Zapdos|100/100
|move|p1a: Rivulet|Surf|p2a: Zapdos
|-damage|p2a: Zapdos|17/100
|
|upkeep
|turn|10
|
|t:|1760761225
|move|p1a: Rivulet|Surf|p2a: Zapdos
|-crit|p2a: Zapdos
|-damage|p2a: Zapdos|0 fnt
|faint|p2a: Zapdos
|
|upkeep
|
|t:|1760761245
|switch|p2a: Garganacl|Garganacl, F|86/100
|turn|11
|
|t:|1760761254
|-terastallize|p2a: Garganacl|Fairy
|move|p1a: Rivulet|Surf|p2a: Garganacl
|-damage|p2a: Garganacl|39/100
|move|p2a: Garganacl|Salt Cure|p1a: Rivulet
|-crit|p1a: Rivulet
|-damage|p1a: Rivulet|65/100
|-start|p1a: Rivulet|Salt Cure
|
|-heal|p2a: Garganacl|46/100|[from] item: Leftovers
|-damage|p1a: Rivulet|40/100|[from] Salt Cure
|upkeep
|turn|12
|
|t:|1760761261
|move|p1a: Rivulet|Surf|p2a: Garganacl
|-damage|p2a: Garganacl|0 fnt
|faint|p2a: Garganacl
|
|-damage|p1a: Rivulet|16/100|[from] Salt Cure
|upkeep
|
|t:|1760761264
|switch|p2a: Slowking|Slowking-Galar, M|39/100
|turn|13
|
|t:|1760761268
|move|p1a: Rivulet|Surf|p2a: Slowking
|-damage|p2a: Slowking|8/100
|move|p2a: Slowking|Sludge Bomb|p1a: Rivulet
|-damage|p1a: Rivulet|0 fnt
|faint|p1a: Rivulet
|-end|p1a: Rivulet|Protosynthesis|[silent]
|
|upkeep
|
|t:|1760761273
|switch|p1a: Gulliver|Pelipper, M|100/100
|-damage|p1a: Gulliver|75/100|[from] Stealth Rock
|-weather|RainDance|[from] ability: Drizzle|[of] p1a: Gulliver
|turn|14
|
|t:|1760761299
|switch|p2a: Weezing|Weezing-Galar, M, shiny|55/100
|-ability|p2a: Weezing|Neutralizing Gas
|move|p1a: Gulliver|Hurricane|p2a: Weezing
|-damage|p2a: Weezing|8/100
|
|-weather|RainDance|[upkeep]
|upkeep
|turn|15
|
|t:|1760761308
|move|p1a: Gulliver|Hurricane|p2a: Weezing
|-damage|p2a: Weezing|0 fnt
|faint|p2a: Weezing
|-end|p2a: Weezing|ability: Neutralizing Gas
|
|-weather|RainDance|[upkeep]
|upkeep
|
|t:|1760761319
|switch|p2a: Slowking|Slowking-Galar, M|42/100
|turn|16
|
|t:|1760761324
|move|p1a: Gulliver|Hurricane|p2a: Slowking
|-damage|p2a: Slowking|25/100
|-start|p2a: Slowking|confusion
|-activate|p2a: Slowking|confusion
|move|p2a: Slowking|Sludge Bomb|p1a: Gulliver
|-damage|p1a: Gulliver|17/100
|-status|p1a: Gulliver|psn
|
|-weather|RainDance|[upkeep]
|-damage|p1a: Gulliver|5/100 psn|[from] psn
|upkeep
|turn|17
|
|t:|1760761360
|move|p1a: Gulliver|Hurricane|p2a: Slowking
|-damage|p2a: Slowking|9/100
|-activate|p2a: Slowking|confusion
|move|p2a: Slowking|Ice Beam|p1a: Gulliver
|-damage|p1a: Gulliver|0 fnt
|faint|p1a: Gulliver
|
|-weather|RainDance|[upkeep]
|upkeep
|
|t:|1760761379
|switch|p1a: Spectra|Dragapult, F, shiny|100/100
|-damage|p1a: Spectra|88/100|[from] Stealth Rock
|turn|18
|
|t:|1760761384
|move|p1a: Spectra|U-turn|p2a: Slowking
|-damage|p2a: Slowking|0 fnt
|faint|p2a: Slowking
|
|t:|1760761391
|switch|p1a: Ripple|Floatzel, M|88/100|[from] U-turn
|-damage|p1a: Ripple|76/100|[from] Stealth Rock
|
|-weather|RainDance|[upkeep]
|upkeep
|
|t:|1760761394
|switch|p2a: Landorus|Landorus-Therian, M|100/100
|-ability|p2a: Landorus|Intimidate|boost
|-unboost|p1a: Ripple|atk|1
|turn|19
|
|t:|1760761404
|move|p1a: Ripple|Wave Crash|p2a: Landorus
|-supereffective|p2a: Landorus
|-damage|p2a: Landorus|0 fnt
|faint|p2a: Landorus
|-damage|p1a: Ripple|42/100|[from] Recoil
|
|-weather|RainDance|[upkeep]
|upkeep
|
|t:|1760761407
|switch|p2a: Ursaluna|Ursaluna, M, shiny|100/100
|turn|20
|
|t:|1760761414
|move|p1a: Ripple|Wave Crash|p2a: Ursaluna
|-supereffective|p2a: Ursaluna
|-damage|p2a: Ursaluna|0 fnt
|faint|p2a: Ursaluna
|-damage|p1a: Ripple|0 fnt|[from] Recoil
|faint|p1a: Ripple
|
|win|kate10956
|raw|kate10956's rating: 1278 &rarr; <strong>1299</strong><br />(+21 for winning)
|raw|ovulationman's rating: 1228 &rarr; <strong>1207</strong><br />(-21 for losing)
|l|☆ovulationman
|player|p2|
|l|☆kate10956
|player|p1|
