|j|☆21 Xans
|j|☆tomatic
|t:|1760795978
|gametype|singles
|player|p1|21 Xans|bertha|1603
|player|p2|tomatic|blackbelt-gen4dp|1523
|gen|9
|tier|[Gen 9] OU
|rated|
|rule|HP Percentage Mod: HP is shown in percentages
|rule|Endless Battle Clause: Forcing endless battles is banned
|rule|Species Clause: Limit one of each Pokémon
|rule|OHKO Clause: OHKO moves are banned
|rule|Evasion Items Clause: Evasion items are banned
|rule|Evasion Moves Clause: Evasion moves are banned
|rule|Evasion Abilities Clause: Evasion abilities are banned
|rule|Sleep Moves Clause: Sleep-inducing moves are banned
|clearpoke
|poke|p1|Latios, M|
|poke|p1|Moltres|
|poke|p1|Scizor, M|
|poke|p1|Walking Wake|
|poke|p1|Dragonite, F|
|poke|p1|Iron Treads|
|poke|p2|Maushold-Four|
|poke|p2|Scizor, F|
|poke|p2|Landorus-Therian, M|
|poke|p2|Dragonite, F|
|poke|p2|Hatterene, F|
|poke|p2|Rotom-Wash|
|teampreview
|inactive|Battle timer is ON: inactive players will automatically lose when time's up. (requested by 21 Xans)
|
|t:|1760795999
|teamsize|p1|6
|teamsize|p2|6
|start
|switch|p1a: Walking Wake|Walking Wake|100/100
|switch|p2a: Rotom|Rotom-Wash|100/100
|turn|1
|
|t:|1760796012
|move|p1a: Walking Wake|Draco Meteor|p2a: Rotom|[miss]
|-miss|p1a: Walking Wake|p2a: Rotom
|move|p2a: Rotom|Volt Switch|p1a: Walking Wake
|-damage|p1a: Walking Wake|63/100
|
|t:|1760796017
|switch|p2a: Hatterene|Hatterene, F|100/100|[from] Volt Switch
|
|upkeep
|turn|2
|
|t:|1760796021
|-end|p1a: Walking Wake|Protosynthesis|[silent]
|switch|p1a: Moltres|Moltres|100/100
|move|p2a: Hatterene|Mystical Fire|p1a: Moltres
|-resisted|p1a: Moltres
|-damage|p1a: Moltres|86/100
|-unboost|p1a: Moltres|spa|1
|
|upkeep
|turn|3
|
|t:|1760796030
|switch|p1a: Scizor|Scizor, M|100/100
|move|p2a: Hatterene|Psychic Noise|p1a: Scizor
|-resisted|p1a: Scizor
|-damage|p1a: Scizor|72/100
|-start|p1a: Scizor|move: Heal Block
|
|upkeep
|turn|4
|
|t:|1760796034
|switch|p2a: Landorus|Landorus-Therian, M|100/100
|-ability|p2a: Landorus|Intimidate|boost
|-unboost|p1a: Scizor|atk|1
|move|p1a: Scizor|U-turn|p2a: Landorus
|-resisted|p2a: Landorus
|-damage|p2a: Landorus|81/100
|-damage|p1a: Scizor|56/100|[from] item: Rocky Helmet|[of] p2a: Landorus
|
|t:|1760796039
|switch|p1a: Latios|Latios, M|100/100|[from] U-turn
|
|upkeep
|turn|5
|
|t:|1760796045
|switch|p2a: Hatterene|Hatterene, F|100/100
|move|p1a: Latios|Flip Turn|p2a: Hatterene
|-damage|p2a: Hatterene|88/100
|
|t:|1760796048
|switch|p1a: Scizor|Scizor, M|56/100|[from] Flip Turn
|
|upkeep
|turn|6
|
|t:|1760796053
|switch|p2a: Rotom|Rotom-Wash|100/100
|move|p1a: Scizor|Knock Off|p2a: Rotom
|-damage|p2a: Rotom|25/100
|-enditem|p2a: Rotom|Choice Scarf|[from] move: Knock Off|[of] p1a: Scizor
|
|upkeep
|turn|7
|
|t:|1760796061
|switch|p1a: Walking Wake|Walking Wake|63/100
|move|p2a: Rotom|Pain Split|p1a: Walking Wake
|-sethp|p1a: Walking Wake|41/100|[from] move: Pain Split|[silent]
|-sethp|p2a: Rotom|57/100|[from] move: Pain Split
|
|upkeep
|turn|8
|
|t:|1760796067
|switch|p2a: Hatterene|Hatterene, F|88/100
|move|p1a: Walking Wake|Surf|p2a: Hatterene
|-damage|p2a: Hatterene|56/100
|
|upkeep
|turn|9
|
|t:|1760796080
|move|p1a: Walking Wake|Surf|p2a: Hatterene
|-damage|p2a: Hatterene|21/100
|move|p2a: Hatterene|Psychic Noise|p1a: Walking Wake
|-damage|p1a: Walking Wake|0 fnt
|faint|p1a: Walking Wake
|-end|p1a: Walking Wake|Protosynthesis|[silent]
|
|upkeep
|
|t:|1760796084
|switch|p1a: Iron Treads|Iron Treads|100/100
|turn|10
|inactive|tomatic has 120 seconds left.
|
|t:|1760796140
|-end|p1a: Iron Treads|Quark Drive|[silent]
|switch|p1a: Latios|Latios, M|100/100
|move|p2a: Hatterene|Mystical Fire|p1a: Latios
|-resisted|p1a: Latios
|-damage|p1a: Latios|85/100
|-unboost|p1a: Latios|spa|1
|
|upkeep
|turn|11
|
|t:|1760796151
|move|p1a: Latios|Flip Turn|p2a: Hatterene
|-damage|p2a: Hatterene|7/100
|
|t:|1760796158
|switch|p1a: Scizor|Scizor, M|56/100|[from] Flip Turn
|move|p2a: Hatterene|Draining Kiss|p1a: Scizor
|-resisted|p1a: Scizor
|-damage|p1a: Scizor|37/100
|-heal|p2a: Hatterene|20/100|[from] drain|[of] p1a: Scizor
|
|upkeep
|turn|12
|
|t:|1760796163
|switch|p2a: Landorus|Landorus-Therian, M|81/100
|-ability|p2a: Landorus|Intimidate|boost
|-unboost|p1a: Scizor|atk|1
|move|p1a: Scizor|U-turn|p2a: Landorus
|-resisted|p2a: Landorus
|-damage|p2a: Landorus|61/100
|-damage|p1a: Scizor|21/100|[from] item: Rocky Helmet|[of] p2a: Landorus
|
|t:|1760796165
|switch|p1a: Latios|Latios, M|85/100|[from] U-turn
|
|upkeep
|turn|13
|
|t:|1760796169
|switch|p2a: Rotom|Rotom-Wash|57/100
|move|p1a: Latios|Luster Purge|p2a: Rotom
|-damage|p2a: Rotom|0 fnt
|faint|p2a: Rotom
|
|upkeep
|
|t:|1760796175
|switch|p2a: Scizor|Scizor, F|100/100
|turn|14
|
|t:|1760796182
|switch|p1a: Moltres|Moltres|86/100
|move|p2a: Scizor|Knock Off|p1a: Moltres
|-damage|p1a: Moltres|60/100
|-enditem|p1a: Moltres|Heavy-Duty Boots|[from] move: Knock Off|[of] p2a: Scizor
|
|upkeep
|turn|15
|
|t:|1760796189
|switch|p2a: Hatterene|Hatterene, F|20/100
|move|p1a: Moltres|Flamethrower|p2a: Hatterene
|-damage|p2a: Hatterene|0 fnt
|faint|p2a: Hatterene
|
|upkeep
|
|t:|1760796195
|switch|p2a: Landorus|Landorus-Therian, M|61/100
|-ability|p2a: Landorus|Intimidate|boost
|-unboost|p1a: Moltres|atk|1
|turn|16
|
|t:|1760796201
|move|p2a: Landorus|Stealth Rock|p1a: Moltres
|-sidestart|p1: 21 Xans|move: Stealth Rock
|move|p1a: Moltres|Flamethrower|p2a: Landorus
|-damage|p2a: Landorus|16/100
|
|upkeep
|turn|17
|
|t:|1760796205
|move|p2a: Landorus|Stone Edge|p1a: Moltres|[miss]
|-miss|p2a: Landorus|p1a: Moltres
|move|p1a: Moltres|Roost|p1a: Moltres
|-heal|p1a: Moltres|100/100
|-singleturn|p1a: Moltres|move: Roost
|
|upkeep
|turn|18
|
|t:|1760796223
|switch|p1a: Latios|Latios, M|85/100
|-damage|p1a: Latios|73/100|[from] Stealth Rock
|move|p2a: Landorus|Earth Power|p1a: Latios
|-immune|p1a: Latios|[from] ability: Levitate
|
|upkeep
|turn|19
|
|t:|1760796228
|switch|p2a: Scizor|Scizor, F|100/100
|move|p1a: Latios|Flip Turn|p2a: Scizor
|-damage|p2a: Scizor|89/100
|
|t:|1760796231
|switch|p1a: Iron Treads|Iron Treads|100/100|[from] Flip Turn
|-damage|p1a: Iron Treads|97/100|[from] Stealth Rock
|
|upkeep
|turn|20
|
|t:|1760796233
|move|p1a: Iron Treads|Rapid Spin|p2a: Scizor
|-resisted|p2a: Scizor
|-damage|p2a: Scizor|80/100
|-boost|p1a: Iron Treads|spe|1
|-sideend|p1: 21 Xans|Stealth Rock|[from] move: Rapid Spin|[of] p1a: Iron Treads
|move|p2a: Scizor|Close Combat|p1a: Iron Treads
|-supereffective|p1a: Iron Treads
|-damage|p1a: Iron Treads|7/100
|-unboost|p2a: Scizor|def|1
|-unboost|p2a: Scizor|spd|1
|
|upkeep
|turn|21
|
|t:|1760796242
|switch|p2a: Landorus|Landorus-Therian, M|16/100
|-ability|p2a: Landorus|Intimidate|boost
|-unboost|p1a: Iron Treads|atk|1
|move|p1a: Iron Treads|Ice Spinner|p2a: Landorus
|-supereffective|p2a: Landorus
|-crit|p2a: Landorus
|-damage|p2a: Landorus|0 fnt
|-damage|p1a: Iron Treads|0 fnt|[from] item: Rocky Helmet|[of] p2a: Landorus
|faint|p2a: Landorus
|faint|p1a: Iron Treads
|-end|p1a: Iron Treads|Quark Drive|[silent]
|
|upkeep
|
|t:|1760796253
|switch|p1a: Dragonite|Dragonite, F|100/100
|switch|p2a: Scizor|Scizor, F|80/100
|turn|22
|
|t:|1760796266
|move|p1a: Dragonite|Fire Punch|p2a: Scizor
|-supereffective|p2a: Scizor
|-damage|p2a: Scizor|0 fnt
|faint|p2a: Scizor
|
|upkeep
|
|t:|1760796274
|switch|p2a: Maushold|Maushold-Four|100/100
|turn|23
|
|t:|1760796286
|move|p2a: Maushold|Tidy Up|p2a: Maushold
|-boost|p2a: Maushold|atk|1
|-boost|p2a: Maushold|spe|1
|move|p1a: Dragonite|Scale Shot|p2a: Maushold
|-damage|p2a: Maushold|79/100
|-damage|p2a: Maushold|59/100
|-damage|p2a: Maushold|39/100
|-damage|p2a: Maushold|16/100
|-hitcount|p2a: Maushold|4
|-unboost|p1a: Dragonite|def|1
|-boost|p1a: Dragonite|spe|1
|
|upkeep
|turn|24
|
|t:|1760796301
|switch|p1a: Latios|Latios, M|73/100
|move|p2a: Maushold|Population Bomb|p1a: Latios
|-damage|p1a: Latios|53/100
|-damage|p1a: Latios|30/100
|-damage|p1a: Latios|9/100
|-damage|p1a: Latios|0 fnt
|faint|p1a: Latios
|-hitcount|p1: Latios|4
|
|upkeep
|
|t:|1760796307
|switch|p1a: Scizor|Scizor, M|21/100
|turn|25
|
|t:|1760796310
|move|p1a: Scizor|Bullet Punch|p2a: Maushold
|-damage|p2a: Maushold|0 fnt
|faint|p2a: Maushold
|
|upkeep
|
|t:|1760796311
|switch|p2a: Dragonite|Dragonite, F|100/100
|turn|26
|
|t:|1760796318
|move|p1a: Scizor|Bullet Punch|p2a: Dragonite
|-damage|p2a: Dragonite|71/100
|move|p2a: Dragonite|Dragon Dance|p2a: Dragonite
|-boost|p2a: Dragonite|atk|1
|-boost|p2a: Dragonite|spe|1
|
|-heal|p2a: Dragonite|78/100|[from] item: Leftovers
|upkeep
|turn|27
|
|t:|1760796340
|move|p1a: Scizor|Bullet Punch|p2a: Dragonite
|-crit|p2a: Dragonite
|-damage|p2a: Dragonite|0 fnt
|faint|p2a: Dragonite
|
|win|21 Xans
|raw|21 Xans's rating: 1603 &rarr; <strong>1618</strong><br />(+15 for winning)
|raw|tomatic's rating: 1523 &rarr; <strong>1508</strong><br />(-15 for losing)
|c|☆tomatic|gg
|l|☆21 Xans
|player|p1|
|l|☆tomatic
|player|p2|
