|j|☆Ahzaeth
|j|☆XXWQWE
|t:|1760852517
|gametype|singles
|player|p1|Ahzaeth|fisherman-gen4|1074
|player|p2|XXWQWE|169|1076
|gen|9
|tier|[Gen 9] OU
|rated|
|rule|HP Percentage Mod: HP is shown in percentages
|rule|Endless Battle Clause: Forcing endless battles is banned
|rule|Species Clause: Limit one of each Pokémon
|rule|OHKO Clause: OHKO moves are banned
|rule|Evasion Items Clause: Evasion items are banned
|rule|Evasion Moves Clause: Evasion moves are banned
|rule|Evasion Abilities Clause: Evasion abilities are banned
|rule|Sleep Moves Clause: Sleep-inducing moves are banned
|clearpoke
|poke|p1|Pelipper, F|
|poke|p1|Kingdra, F|
|poke|p1|Thundurus-Therian, M|
|poke|p1|Toxicroak, F|
|poke|p1|Moltres-Galar|
|poke|p1|Basculegion, M|
|poke|p2|Scizor, M|
|poke|p2|Pelipper, M|
|poke|p2|Excadrill, F|
|poke|p2|Crawdaunt, F|
|poke|p2|Ludicolo, M|
|poke|p2|Kingdra, F|
|teampreview
|
|t:|1760852528
|teamsize|p1|6
|teamsize|p2|6
|start
|switch|p1a: Toxicroak|Toxicroak, F|100/100
|switch|p2a: Excadrill|Excadrill, F|100/100
|-ability|p2a: Excadrill|Mold Breaker
|turn|1
|
|t:|1760852537
|move|p1a: Toxicroak|Fake Out|p2a: Excadrill
|-resisted|p2a: Excadrill
|-damage|p2a: Excadrill|94/100
|cant|p2a: Excadrill|flinch
|
|upkeep
|turn|2
|
|t:|1760852544
|switch|p1a: Pelipper|Pelipper, F|100/100
|-weather|RainDance|[from] ability: Drizzle|[of] p1a: Pelipper
|move|p2a: Excadrill|Stealth Rock|p1a: Pelipper
|-sidestart|p1: Ahzaeth|move: Stealth Rock
|
|-weather|RainDance|[upkeep]
|upkeep
|turn|3
|
|t:|1760852554
|switch|p2a: Ludicolo|Ludicolo, M|100/100
|move|p1a: Pelipper|Knock Off|p2a: Ludicolo
|-crit|p2a: Ludicolo
|-damage|p2a: Ludicolo|71/100
|-enditem|p2a: Ludicolo|Life Orb|[from] move: Knock Off|[of] p1a: Pelipper
|
|-weather|RainDance|[upkeep]
|upkeep
|turn|4
|
|t:|1760852570
|move|p2a: Ludicolo|Giga Drain|p1a: Pelipper
|-damage|p1a: Pelipper|69/100
|-heal|p2a: Ludicolo|87/100|[from] drain|[of] p1a: Pelipper
|move|p1a: Pelipper|Hurricane|p2a: Ludicolo
|-supereffective|p2a: Ludicolo
|-damage|p2a: Ludicolo|11/100
|
|-weather|RainDance|[upkeep]
|upkeep
|turn|5
|
|t:|1760852582
|move|p2a: Ludicolo|Ice Beam|p1a: Pelipper
|-damage|p1a: Pelipper|41/100
|move|p1a: Pelipper|U-turn|p2a: Ludicolo
|-supereffective|p2a: Ludicolo
|-damage|p2a: Ludicolo|0 fnt
|faint|p2a: Ludicolo
|
|t:|1760852592
|switch|p1a: Toxicroak|Toxicroak, F|100/100|[from] U-turn
|-damage|p1a: Toxicroak|94/100|[from] Stealth Rock
|
|-weather|RainDance|[upkeep]
|-heal|p1a: Toxicroak|100/100|[from] ability: Dry Skin
|upkeep
|
|t:|1760852601
|switch|p2a: Kingdra|Kingdra, F|100/100
|turn|6
|
|t:|1760852607
|move|p1a: Toxicroak|Fake Out|p2a: Kingdra
|-crit|p2a: Kingdra
|-damage|p2a: Kingdra|84/100
|cant|p2a: Kingdra|flinch
|
|-weather|RainDance|[upkeep]
|upkeep
|turn|7
|
|t:|1760852616
|move|p2a: Kingdra|Hydro Pump|p1a: Toxicroak
|-immune|p1a: Toxicroak|[from] ability: Dry Skin
|move|p1a: Toxicroak|Toxic|p2a: Kingdra
|-status|p2a: Kingdra|tox
|
|-weather|RainDance|[upkeep]
|-damage|p2a: Kingdra|78/100 tox|[from] psn
|upkeep
|turn|8
|
|t:|1760852628
|move|p2a: Kingdra|Hydro Pump|p1a: Toxicroak
|-immune|p1a: Toxicroak|[from] ability: Dry Skin
|move|p1a: Toxicroak|Knock Off|p2a: Kingdra
|-damage|p2a: Kingdra|51/100 tox
|-enditem|p2a: Kingdra|Choice Specs|[from] move: Knock Off|[of] p1a: Toxicroak
|
|-weather|RainDance|[upkeep]
|-damage|p2a: Kingdra|39/100 tox|[from] psn
|upkeep
|turn|9
|
|t:|1760852647
|switch|p2a: Scizor|Scizor, M|100/100
|move|p1a: Toxicroak|Drain Punch|p2a: Scizor
|-damage|p2a: Scizor|71/100
|
|-weather|none
|upkeep
|turn|10
|
|t:|1760852668
|switch|p1a: Thundurus|Thundurus-Therian, M|100/100
|move|p2a: Scizor|Bullet Punch|p1a: Thundurus
|-resisted|p1a: Thundurus
|-damage|p1a: Thundurus|58/100
|
|upkeep
|turn|11
|
|t:|1760852677
|switch|p2a: Excadrill|Excadrill, F|94/100
|-ability|p2a: Excadrill|Mold Breaker
|move|p1a: Thundurus|Volt Switch|p2a: Excadrill
|-immune|p2a: Excadrill
|
|upkeep
|turn|12
|
|t:|1760852691
|switch|p1a: Pelipper|Pelipper, F|41/100
|-damage|p1a: Pelipper|17/100|[from] Stealth Rock
|-weather|RainDance|[from] ability: Drizzle|[of] p1a: Pelipper
|move|p2a: Excadrill|Rock Slide|p1a: Pelipper
|-supereffective|p1a: Pelipper
|-damage|p1a: Pelipper|0 fnt
|faint|p1a: Pelipper
|
|-weather|RainDance|[upkeep]
|upkeep
|
|t:|1760852709
|switch|p1a: Toxicroak|Toxicroak, F|100/100
|-damage|p1a: Toxicroak|94/100|[from] Stealth Rock
|turn|13
|
|t:|1760852731
|switch|p2a: Crawdaunt|Crawdaunt, F|100/100
|move|p1a: Toxicroak|Fake Out|p2a: Crawdaunt
|-crit|p2a: Crawdaunt
|-damage|p2a: Crawdaunt|78/100
|
|-weather|RainDance|[upkeep]
|-heal|p1a: Toxicroak|100/100|[from] ability: Dry Skin
|upkeep
|turn|14
|
|t:|1760852743
|-terastallize|p1a: Toxicroak|Fighting
|move|p2a: Crawdaunt|Swords Dance|p2a: Crawdaunt
|-boost|p2a: Crawdaunt|atk|2
|move|p1a: Toxicroak|Drain Punch|p2a: Crawdaunt
|-supereffective|p2a: Crawdaunt
|-damage|p2a: Crawdaunt|0 fnt
|faint|p2a: Crawdaunt
|
|-weather|RainDance|[upkeep]
|upkeep
|
|t:|1760852759
|switch|p2a: Scizor|Scizor, M|71/100
|turn|15
|
|t:|1760852768
|move|p2a: Scizor|Bullet Punch|p1a: Toxicroak
|-damage|p1a: Toxicroak|59/100
|move|p1a: Toxicroak|Knock Off|p2a: Scizor
|-damage|p2a: Scizor|49/100
|-enditem|p2a: Scizor|Choice Band|[from] move: Knock Off|[of] p1a: Toxicroak
|
|-weather|RainDance|[upkeep]
|-heal|p1a: Toxicroak|72/100|[from] ability: Dry Skin
|-heal|p1a: Toxicroak|78/100|[from] item: Leftovers
|upkeep
|turn|16
|
|t:|1760852782
|move|p1a: Toxicroak|Drain Punch|p2a: Scizor
|-damage|p2a: Scizor|11/100
|-heal|p1a: Toxicroak|95/100|[from] drain|[of] p2a: Scizor
|move|p2a: Scizor|Dual Wingbeat|p1a: Toxicroak
|-supereffective|p1a: Toxicroak
|-damage|p1a: Toxicroak|58/100
|-supereffective|p1a: Toxicroak
|-damage|p1a: Toxicroak|20/100
|-hitcount|p1a: Toxicroak|2
|
|-weather|RainDance|[upkeep]
|-heal|p1a: Toxicroak|32/100|[from] ability: Dry Skin
|-heal|p1a: Toxicroak|38/100|[from] item: Leftovers
|upkeep
|turn|17
|
|t:|1760852796
|move|p2a: Scizor|Bullet Punch|p1a: Toxicroak
|-damage|p1a: Toxicroak|7/100
|move|p1a: Toxicroak|Drain Punch|p2a: Scizor
|-damage|p2a: Scizor|0 fnt
|-heal|p1a: Toxicroak|12/100|[from] drain|[of] p2a: Scizor
|faint|p2a: Scizor
|
|-weather|RainDance|[upkeep]
|-heal|p1a: Toxicroak|25/100|[from] ability: Dry Skin
|-heal|p1a: Toxicroak|31/100|[from] item: Leftovers
|upkeep
|
|t:|1760852812
|switch|p2a: Excadrill|Excadrill, F|94/100
|-ability|p2a: Excadrill|Mold Breaker
|turn|18
|
|t:|1760852833
|switch|p1a: Kingdra|Kingdra, F|100/100
|-damage|p1a: Kingdra|88/100|[from] Stealth Rock
|move|p2a: Excadrill|Earthquake|p1a: Kingdra
|-damage|p1a: Kingdra|23/100
|
|-weather|RainDance|[upkeep]
|upkeep
|turn|19
|
|t:|1760852849
|switch|p2a: Pelipper|Pelipper, M|100/100
|move|p1a: Kingdra|Weather Ball|p2a: Pelipper
|-resisted|p2a: Pelipper
|-damage|p2a: Pelipper|37/100
|
|-weather|none
|upkeep
|turn|20
|
|t:|1760852861
|switch|p1a: Thundurus|Thundurus-Therian, M|58/100
|move|p2a: Pelipper|Roost|p2a: Pelipper
|-heal|p2a: Pelipper|87/100
|-singleturn|p2a: Pelipper|move: Roost
|
|upkeep
|turn|21
|
|t:|1760852873
|switch|p2a: Excadrill|Excadrill, F|94/100
|-ability|p2a: Excadrill|Mold Breaker
|move|p1a: Thundurus|Volt Switch|p2a: Excadrill
|-immune|p2a: Excadrill
|
|upkeep
|turn|22
|
|t:|1760852881
|move|p1a: Thundurus|Focus Blast|p2a: Excadrill
|-supereffective|p2a: Excadrill
|-damage|p2a: Excadrill|0 fnt
|faint|p2a: Excadrill
|
|upkeep
|
|t:|1760852888
|switch|p2a: Pelipper|Pelipper, M|87/100
|-weather|RainDance|[from] ability: Drizzle|[of] p2a: Pelipper
|turn|23
|
|t:|1760852896
|switch|p1a: Toxicroak|Toxicroak, F, tera:Fighting|31/100
|-damage|p1a: Toxicroak|25/100|[from] Stealth Rock
|move|p2a: Pelipper|Hurricane|p1a: Toxicroak
|-supereffective|p1a: Toxicroak
|-damage|p1a: Toxicroak|0 fnt
|faint|p1a: Toxicroak
|
|-weather|RainDance|[upkeep]
|upkeep
|
|t:|1760852913
|switch|p1a: Basculegion|Basculegion, M|100/100
|-damage|p1a: Basculegion|88/100|[from] Stealth Rock
|turn|24
|
|t:|1760852918
|move|p1a: Basculegion|Liquidation|p2a: Pelipper
|-resisted|p2a: Pelipper
|-damage|p2a: Pelipper|55/100
|move|p2a: Pelipper|Hurricane|p1a: Basculegion
|-damage|p1a: Basculegion|47/100
|
|-weather|RainDance|[upkeep]
|upkeep
|turn|25
|
|t:|1760852928
|move|p1a: Basculegion|Liquidation|p2a: Pelipper
|-resisted|p2a: Pelipper
|-damage|p2a: Pelipper|20/100
|move|p2a: Pelipper|Hurricane|p1a: Basculegion
|-damage|p1a: Basculegion|3/100
|
|-weather|RainDance|[upkeep]
|upkeep
|turn|26
|
|t:|1760852939
|move|p1a: Basculegion|Liquidation|p2a: Pelipper
|-resisted|p2a: Pelipper
|-damage|p2a: Pelipper|0 fnt
|faint|p2a: Pelipper
|
|-weather|RainDance|[upkeep]
|upkeep
|
|t:|1760852946
|switch|p2a: Kingdra|Kingdra, F|39/100 tox
|turn|27
|
|t:|1760852952
|move|p2a: Kingdra|Weather Ball|p1a: Basculegion
|-resisted|p1a: Basculegion
|-damage|p1a: Basculegion|0 fnt
|faint|p1a: Basculegion
|
|-weather|RainDance|[upkeep]
|-damage|p2a: Kingdra|33/100 tox|[from] psn
|upkeep
|
|t:|1760852962
|switch|p1a: Kingdra|Kingdra, F|23/100
|-damage|p1a: Kingdra|11/100|[from] Stealth Rock
|turn|28
|
|t:|1760852967
|move|p2a: Kingdra|Weather Ball|p1a: Kingdra
|-resisted|p1a: Kingdra
|-damage|p1a: Kingdra|0 fnt
|faint|p1a: Kingdra
|
|-weather|RainDance|[upkeep]
|-damage|p2a: Kingdra|20/100 tox|[from] psn
|upkeep
|
|t:|1760852978
|switch|p1a: Moltres|Moltres-Galar|100/100
|-damage|p1a: Moltres|76/100|[from] Stealth Rock
|turn|29
|
|t:|1760852986
|move|p2a: Kingdra|Draco Meteor|p1a: Moltres
|-damage|p1a: Moltres|24/100
|-unboost|p2a: Kingdra|spa|2
|-ability|p1a: Moltres|Berserk|boost
|-boost|p1a: Moltres|spa|1
|-enditem|p1a: Moltres|Sitrus Berry|[eat]
|-heal|p1a: Moltres|49/100|[from] item: Sitrus Berry
|move|p1a: Moltres|Nasty Plot|p1a: Moltres
|-boost|p1a: Moltres|spa|2
|
|-weather|RainDance|[upkeep]
|-damage|p2a: Kingdra|2/100 tox|[from] psn
|upkeep
|turn|30
|
|t:|1760853000
|move|p2a: Kingdra|Draco Meteor|p1a: Moltres
|-damage|p1a: Moltres|22/100
|-unboost|p2a: Kingdra|spa|2
|move|p1a: Moltres|Fiery Wrath|p2a: Kingdra
|-damage|p2a: Kingdra|0 fnt
|faint|p2a: Kingdra
|
|win|Ahzaeth
|raw|Ahzaeth's rating: 1074 &rarr; <strong>1103</strong><br />(+29 for winning)
|raw|XXWQWE's rating: 1076 &rarr; <strong>1054</strong><br />(-22 for losing)
|l|☆Ahzaeth
|player|p1|
|l|☆XXWQWE
|player|p2|
