|j|☆ChasemanY2K
|j|☆7yy7y7y7
|t:|1760721991
|gametype|singles
|player|p1|ChasemanY2K|265|1241
|player|p2|7yy7y7y7|169|1245
|gen|9
|tier|[Gen 9] OU
|rated|
|rule|HP Percentage Mod: HP is shown in percentages
|rule|Endless Battle Clause: Forcing endless battles is banned
|rule|Species Clause: Limit one of each Pokémon
|rule|OHKO Clause: OHKO moves are banned
|rule|Evasion Items Clause: Evasion items are banned
|rule|Evasion Moves Clause: Evasion moves are banned
|rule|Evasion Abilities Clause: Evasion abilities are banned
|rule|Sleep Moves Clause: Sleep-inducing moves are banned
|clearpoke
|poke|p1|Corviknight, M|
|poke|p1|Tyranitar, F|
|poke|p1|Landorus-Therian, M|
|poke|p1|Kommo-o, F|
|poke|p1|Enamorus-Therian, F|
|poke|p1|Sandy Shocks|
|poke|p2|Clefable, F|
|poke|p2|Dondozo, F|
|poke|p2|Blissey, F|
|poke|p2|Clodsire, M|
|poke|p2|Corviknight, M|
|poke|p2|Gliscor, F|
|teampreview
|inactive|Battle timer is ON: inactive players will automatically lose when time's up. (requested by 7yy7y7y7)
|j| koroyev1
|
|t:|1760722020
|teamsize|p1|6
|teamsize|p2|6
|start
|switch|p1a: Sandy Cheeks|Sandy Shocks|100/100
|switch|p2a: Clefable|Clefable, F|100/100
|turn|1
|
|t:|1760722036
|move|p1a: Sandy Cheeks|Volt Switch|p2a: Clefable
|-damage|p2a: Clefable|67/100
|
|t:|1760722045
|-end|p1a: Sandy Cheeks|Protosynthesis|[silent]
|switch|p1a: Lando|Landorus-Therian, M|100/100|[from] Volt Switch
|-ability|p1a: Lando|Intimidate|boost
|-unboost|p2a: Clefable|atk|1
|move|p2a: Clefable|Stealth Rock|p1a: Lando
|-sidestart|p1: ChasemanY2K|move: Stealth Rock
|
|-heal|p2a: Clefable|73/100|[from] item: Leftovers
|upkeep
|turn|2
|
|t:|1760722055
|move|p1a: Lando|Earthquake|p2a: Clefable
|-damage|p2a: Clefable|27/100
|move|p2a: Clefable|Moonlight|p2a: Clefable
|-heal|p2a: Clefable|77/100
|
|-heal|p2a: Clefable|83/100|[from] item: Leftovers
|upkeep
|turn|3
|
|t:|1760722075
|move|p1a: Lando|Earthquake|p2a: Clefable
|-damage|p2a: Clefable|37/100
|move|p2a: Clefable|Knock Off|p1a: Lando
|-damage|p1a: Lando|88/100
|-enditem|p1a: Lando|Choice Scarf|[from] move: Knock Off|[of] p2a: Clefable
|
|-heal|p2a: Clefable|43/100|[from] item: Leftovers
|upkeep
|turn|4
|inactive|ChasemanY2K has 120 seconds left.
|
|t:|1760722102
|switch|p2a: Gliscor|Gliscor, F|100/100
|move|p1a: Lando|Earthquake|p2a: Gliscor
|-immune|p2a: Gliscor
|
|-status|p2a: Gliscor|tox|[from] item: Toxic Orb
|upkeep
|turn|5
|inactive|ChasemanY2K has 120 seconds left.
|
|t:|1760722115
|switch|p1a: Corv|Corviknight, M|100/100
|-damage|p1a: Corv|88/100|[from] Stealth Rock
|-ability|p1a: Corv|Pressure
|move|p2a: Gliscor|Toxic|p1a: Corv
|-immune|p1a: Corv
|
|upkeep
|turn|6
|inactive|ChasemanY2K has 120 seconds left.
|
|t:|1760722128
|switch|p2a: Clefable|Clefable, F|43/100
|move|p1a: Corv|Defog|p2a: Clefable
|-unboost|p2a: Clefable|evasion|1
|-sideend|p1: ChasemanY2K|Stealth Rock|[from] move: Defog|[of] p1a: Corv
|
|-heal|p2a: Clefable|49/100|[from] item: Leftovers
|upkeep
|turn|7
|inactive|ChasemanY2K has 120 seconds left.
|
|t:|1760722150
|switch|p1a: Lando|Landorus-Therian, M|88/100
|-ability|p1a: Lando|Intimidate|boost
|-unboost|p2a: Clefable|atk|1
|move|p2a: Clefable|Moonlight|p2a: Clefable
|-heal|p2a: Clefable|99/100
|
|-heal|p2a: Clefable|100/100|[from] item: Leftovers
|upkeep
|turn|8
|
|t:|1760722163
|move|p1a: Lando|U-turn|p2a: Clefable
|-resisted|p2a: Clefable
|-damage|p2a: Clefable|89/100
|
|t:|1760722182
|switch|p1a: Sandy Cheeks|Sandy Shocks|100/100|[from] U-turn
|move|p2a: Clefable|Stealth Rock|p1a: Sandy Cheeks
|-sidestart|p1: ChasemanY2K|move: Stealth Rock
|
|-heal|p2a: Clefable|95/100|[from] item: Leftovers
|upkeep
|turn|9
|
|t:|1760722194
|-terastallize|p1a: Sandy Cheeks|Ice
|move|p1a: Sandy Cheeks|Tera Blast|p2a: Clefable|[anim] Tera Blast Ice
|-damage|p2a: Clefable|52/100
|move|p2a: Clefable|Knock Off|p1a: Sandy Cheeks
|-damage|p1a: Sandy Cheeks|90/100
|-enditem|p1a: Sandy Cheeks|Choice Scarf|[from] move: Knock Off|[of] p2a: Clefable
|
|-heal|p2a: Clefable|58/100|[from] item: Leftovers
|upkeep
|turn|10
|
|t:|1760722216
|switch|p2a: Blissey|Blissey, F|100/100
|move|p1a: Sandy Cheeks|Volt Switch|p2a: Blissey
|-damage|p2a: Blissey|88/100
|
|t:|1760722222
|-end|p1a: Sandy Cheeks|Protosynthesis|[silent]
|switch|p1a: Corv|Corviknight, M|88/100|[from] Volt Switch
|-damage|p1a: Corv|75/100|[from] Stealth Rock
|-ability|p1a: Corv|Pressure
|
|upkeep
|turn|11
|
|t:|1760722250
|switch|p2a: Clefable|Clefable, F|58/100
|move|p1a: Corv|Brave Bird|p2a: Clefable
|-damage|p2a: Clefable|31/100
|-damage|p1a: Corv|67/100|[from] Recoil
|
|-heal|p2a: Clefable|37/100|[from] item: Leftovers
|upkeep
|turn|12
|inactive|ChasemanY2K has 90 seconds left.
|
|t:|1760722278
|move|p1a: Corv|Defog|p2a: Clefable
|-unboost|p2a: Clefable|evasion|1
|-sideend|p1: ChasemanY2K|Stealth Rock|[from] move: Defog|[of] p1a: Corv
|move|p2a: Clefable|Moonlight|p2a: Clefable
|-heal|p2a: Clefable|87/100
|
|-heal|p2a: Clefable|93/100|[from] item: Leftovers
|upkeep
|turn|13
|
|t:|1760722289
|move|p1a: Corv|U-turn|p2a: Clefable
|-resisted|p2a: Clefable
|-damage|p2a: Clefable|88/100
|inactive|ChasemanY2K has 60 seconds left.
|
|t:|1760722315
|switch|p1a: Sandy Cheeks|Sandy Shocks, tera:Ice|90/100|[from] U-turn
|move|p2a: Clefable|Knock Off|p1a: Sandy Cheeks
|-damage|p1a: Sandy Cheeks|78/100
|
|-heal|p2a: Clefable|94/100|[from] item: Leftovers
|upkeep
|turn|14
|inactive|ChasemanY2K has 60 seconds left.
|
|t:|1760722328
|move|p1a: Sandy Cheeks|Discharge|p2a: Clefable
|-damage|p2a: Clefable|55/100
|-status|p2a: Clefable|par
|cant|p2a: Clefable|par
|
|-heal|p2a: Clefable|61/100 par|[from] item: Leftovers
|upkeep
|turn|15
|
|t:|1760722340
|switch|p2a: Blissey|Blissey, F|88/100
|move|p1a: Sandy Cheeks|Volt Switch|p2a: Blissey
|-damage|p2a: Blissey|76/100
|
|t:|1760722350
|-end|p1a: Sandy Cheeks|Protosynthesis|[silent]
|switch|p1a: Velociraptor Man|Kommo-o, F|100/100|[from] Volt Switch
|
|upkeep
|turn|16
|inactive|ChasemanY2K has 60 seconds left.
|
|t:|1760722366
|switch|p2a: Gliscor|Gliscor, F|100/100 tox
|move|p1a: Velociraptor Man|Drain Punch|p2a: Gliscor
|-resisted|p2a: Gliscor
|-damage|p2a: Gliscor|93/100 tox
|
|-heal|p2a: Gliscor|100/100 tox|[from] ability: Poison Heal
|upkeep
|turn|17
|l| koroyev1
|
|t:|1760722375
|switch|p1a: Corv|Corviknight, M|67/100
|-ability|p1a: Corv|Pressure
|move|p2a: Gliscor|Spikes|p1a: Corv
|-sidestart|p1: ChasemanY2K|Spikes
|
|upkeep
|turn|18
|
|t:|1760722388
|switch|p2a: Corviknight|Corviknight, M|100/100
|-ability|p2a: Corviknight|Pressure
|move|p1a: Corv|Roost|p1a: Corv
|-heal|p1a: Corv|100/100
|-singleturn|p1a: Corv|move: Roost
|
|upkeep
|turn|19
|
|t:|1760722399
|move|p2a: Corviknight|Iron Defense|p2a: Corviknight
|-boost|p2a: Corviknight|def|2
|move|p1a: Corv|Defog|p2a: Corviknight
|-unboost|p2a: Corviknight|evasion|1
|-sideend|p1: ChasemanY2K|Spikes|[from] move: Defog|[of] p1a: Corv
|
|upkeep
|turn|20
|inactive|ChasemanY2K has 60 seconds left.
|
|t:|1760722422
|move|p2a: Corviknight|Iron Defense|p2a: Corviknight
|-boost|p2a: Corviknight|def|2
|move|p1a: Corv|U-turn|p2a: Corviknight
|-resisted|p2a: Corviknight
|-damage|p2a: Corviknight|99/100
|-damage|p1a: Corv|84/100|[from] item: Rocky Helmet|[of] p2a: Corviknight
|inactive|ChasemanY2K has 60 seconds left.
|
|t:|1760722435
|switch|p1a: Enamory Glands|Enamorus-Therian, F|100/100|[from] U-turn
|
|upkeep
|turn|21
|inactive|ChasemanY2K has 60 seconds left.
|
|t:|1760722456
|switch|p2a: Clodsire|Clodsire, M|100/100
|move|p1a: Enamory Glands|Mystical Fire|p2a: Clodsire
|-damage|p2a: Clodsire|84/100
|-unboost|p2a: Clodsire|spa|1
|
|upkeep
|turn|22
|inactive|ChasemanY2K has 60 seconds left.
|
|t:|1760722469
|switch|p1a: Corv|Corviknight, M|84/100
|-ability|p1a: Corv|Pressure
|move|p2a: Clodsire|Gunk Shot|p1a: Corv
|-immune|p1a: Corv
|
|upkeep
|turn|23
|inactive|ChasemanY2K has 60 seconds left.
|
|t:|1760722489
|switch|p2a: Clefable|Clefable, F|61/100 par
|move|p1a: Corv|Roost|p1a: Corv
|-heal|p1a: Corv|100/100
|-singleturn|p1a: Corv|move: Roost
|
|-heal|p2a: Clefable|67/100 par|[from] item: Leftovers
|upkeep
|turn|24
|
|t:|1760722500
|move|p1a: Corv|U-turn|p2a: Clefable
|-resisted|p2a: Clefable
|-damage|p2a: Clefable|62/100 par
|inactive|ChasemanY2K has 60 seconds left.
|
|t:|1760722518
|switch|p1a: Sandy Cheeks|Sandy Shocks, tera:Ice|78/100|[from] U-turn
|move|p2a: Clefable|Stealth Rock|p1a: Sandy Cheeks
|-sidestart|p1: ChasemanY2K|move: Stealth Rock
|
|-heal|p2a: Clefable|68/100 par|[from] item: Leftovers
|upkeep
|turn|25
|
|t:|1760722527
|switch|p2a: Blissey|Blissey, F|76/100
|move|p1a: Sandy Cheeks|Discharge|p2a: Blissey
|-damage|p2a: Blissey|63/100
|
|upkeep
|turn|26
|inactive|ChasemanY2K has 60 seconds left.
|
|t:|1760722535
|move|p1a: Sandy Cheeks|Volt Switch|p2a: Blissey
|-damage|p2a: Blissey|51/100
|
|t:|1760722538
|-end|p1a: Sandy Cheeks|Protosynthesis|[silent]
|switch|p1a: Corv|Corviknight, M|100/100|[from] Volt Switch
|-damage|p1a: Corv|88/100|[from] Stealth Rock
|-ability|p1a: Corv|Pressure
|move|p2a: Blissey|Soft-Boiled|p2a: Blissey
|-heal|p2a: Blissey|100/100
|
|upkeep
|turn|27
|
|t:|1760722549
|switch|p2a: Dondozo|Dondozo, F|100/100
|move|p1a: Corv|Defog|p2a: Dondozo
|-unboost|p2a: Dondozo|evasion|1
|-sideend|p1: ChasemanY2K|Stealth Rock|[from] move: Defog|[of] p1a: Corv
|
|upkeep
|turn|28
|inactive|ChasemanY2K has 60 seconds left.
|
|t:|1760722570
|move|p1a: Corv|U-turn|p2a: Dondozo
|-damage|p2a: Dondozo|94/100
|
|t:|1760722575
|switch|p1a: Sandy Cheeks|Sandy Shocks, tera:Ice|78/100|[from] U-turn
|move|p2a: Dondozo|Waterfall|p1a: Sandy Cheeks
|-damage|p1a: Sandy Cheeks|47/100
|
|upkeep
|turn|29
|
|t:|1760722590
|switch|p2a: Gliscor|Gliscor, F|100/100 tox
|move|p1a: Sandy Cheeks|Discharge|p2a: Gliscor
|-immune|p2a: Gliscor
|
|upkeep
|turn|30
|
|t:|1760722600
|move|p2a: Gliscor|Protect|p2a: Gliscor
|-singleturn|p2a: Gliscor|Protect
|move|p1a: Sandy Cheeks|Tera Blast|p2a: Gliscor|[anim] Tera Blast Ice
|-activate|p2a: Gliscor|move: Protect
|
|upkeep
|turn|31
|
|t:|1760722609
|switch|p2a: Blissey|Blissey, F|100/100
|move|p1a: Sandy Cheeks|Tera Blast|p2a: Blissey|[anim] Tera Blast Ice
|-damage|p2a: Blissey|88/100
|
|upkeep
|turn|32
|
|t:|1760722616
|move|p1a: Sandy Cheeks|Volt Switch|p2a: Blissey
|-damage|p2a: Blissey|77/100
|
|t:|1760722621
|-end|p1a: Sandy Cheeks|Protosynthesis|[silent]
|switch|p1a: Tyran|Tyranitar, F|100/100|[from] Volt Switch
|-weather|Sandstorm|[from] ability: Sand Stream|[of] p1a: Tyran
|move|p2a: Blissey|Seismic Toss|p1a: Tyran
|-damage|p1a: Tyran|76/100
|
|-weather|Sandstorm|[upkeep]
|-damage|p2a: Blissey|71/100|[from] Sandstorm
|upkeep
|turn|33
|
|t:|1760722635
|switch|p2a: Dondozo|Dondozo, F|94/100
|move|p1a: Tyran|Crunch|p2a: Dondozo
|-damage|p2a: Dondozo|74/100
|
|-weather|Sandstorm|[upkeep]
|-damage|p2a: Dondozo|68/100|[from] Sandstorm
|upkeep
|turn|34
|inactive|ChasemanY2K has 90 seconds left.
|
|t:|1760722660
|move|p1a: Tyran|Stone Edge|p2a: Dondozo
|-damage|p2a: Dondozo|40/100
|move|p2a: Dondozo|Waterfall|p1a: Tyran
|-supereffective|p1a: Tyran
|-damage|p1a: Tyran|34/100
|
|-weather|Sandstorm|[upkeep]
|-damage|p2a: Dondozo|34/100|[from] Sandstorm
|upkeep
|turn|35
|inactive|ChasemanY2K has 90 seconds left.
|
|t:|1760722669
|move|p1a: Tyran|Stone Edge|p2a: Dondozo
|-damage|p2a: Dondozo|7/100
|move|p2a: Dondozo|Rest|p2a: Dondozo
|-status|p2a: Dondozo|slp|[from] move: Rest
|-heal|p2a: Dondozo|100/100 slp|[silent]
|
|-weather|Sandstorm|[upkeep]
|-damage|p2a: Dondozo|94/100 slp|[from] Sandstorm
|upkeep
|turn|36
|
|t:|1760722679
|move|p1a: Tyran|Crunch|p2a: Dondozo
|-damage|p2a: Dondozo|75/100 slp
|-unboost|p2a: Dondozo|def|1
|cant|p2a: Dondozo|slp
|move|p2a: Dondozo|Sleep Talk|p2a: Dondozo
|move|p2a: Dondozo|Curse|p2a: Dondozo|[from] move: Sleep Talk
|-unboost|p2a: Dondozo|spe|1
|-boost|p2a: Dondozo|atk|1
|-boost|p2a: Dondozo|def|1
|
|-weather|none
|upkeep
|turn|37
|inactive|ChasemanY2K has 90 seconds left.
|
|t:|1760722720
|move|p1a: Tyran|Stone Edge|p2a: Dondozo
|-damage|p2a: Dondozo|48/100 slp
|cant|p2a: Dondozo|slp
|move|p2a: Dondozo|Sleep Talk|p2a: Dondozo
|move|p2a: Dondozo|Rest||[from] move: Sleep Talk|[still]
|-fail|p2a: Dondozo
|
|upkeep
|turn|38
|j| koroyev1
|
|t:|1760722731
|move|p1a: Tyran|Stone Edge|p2a: Dondozo
|-damage|p2a: Dondozo|24/100 slp
|-curestatus|p2a: Dondozo|slp|[msg]
|move|p2a: Dondozo|Rest|p2a: Dondozo
|-status|p2a: Dondozo|slp|[from] move: Rest
|-heal|p2a: Dondozo|100/100 slp|[silent]
|
|upkeep
|turn|39
|
|t:|1760722744
|switch|p1a: Sandy Cheeks|Sandy Shocks, tera:Ice|47/100
|cant|p2a: Dondozo|slp
|move|p2a: Dondozo|Sleep Talk|p2a: Dondozo
|move|p2a: Dondozo|Rest||[from] move: Sleep Talk|[still]
|-fail|p2a: Dondozo
|
|upkeep
|turn|40
|
|t:|1760722758
|switch|p2a: Clodsire|Clodsire, M|84/100
|move|p1a: Sandy Cheeks|Tera Blast|p2a: Clodsire|[anim] Tera Blast Ice
|-supereffective|p2a: Clodsire
|-damage|p2a: Clodsire|39/100
|
|upkeep
|turn|41
|
|t:|1760722768
|move|p1a: Sandy Cheeks|Tera Blast|p2a: Clodsire|[anim] Tera Blast Ice
|-supereffective|p2a: Clodsire
|-damage|p2a: Clodsire|0 fnt
|faint|p2a: Clodsire
|
|upkeep
|
|t:|1760722786
|switch|p2a: Clefable|Clefable, F|68/100 par
|turn|42
|
|t:|1760722796
|move|p1a: Sandy Cheeks|Volt Switch|p2a: Clefable
|-damage|p2a: Clefable|35/100 par
|
|t:|1760722801
|-end|p1a: Sandy Cheeks|Protosynthesis|[silent]
|switch|p1a: Lando|Landorus-Therian, M|88/100|[from] Volt Switch
|-ability|p1a: Lando|Intimidate|boost
|-unboost|p2a: Clefable|atk|1
|move|p2a: Clefable|Stealth Rock|p1a: Lando
|-sidestart|p1: ChasemanY2K|move: Stealth Rock
|
|-heal|p2a: Clefable|41/100 par|[from] item: Leftovers
|upkeep
|turn|43
|
|t:|1760722812
|switch|p2a: Dondozo|Dondozo, F|100/100 slp
|move|p1a: Lando|Stone Edge|p2a: Dondozo
|-damage|p2a: Dondozo|81/100 slp
|
|upkeep
|turn|44
|
|t:|1760722823
|move|p1a: Lando|U-turn|p2a: Dondozo
|-damage|p2a: Dondozo|68/100 slp
|
|t:|1760722826
|switch|p1a: Corv|Corviknight, M|88/100|[from] U-turn
|-damage|p1a: Corv|75/100|[from] Stealth Rock
|-ability|p1a: Corv|Pressure
|cant|p2a: Dondozo|slp
|move|p2a: Dondozo|Sleep Talk|p2a: Dondozo
|move|p2a: Dondozo|Curse|p2a: Dondozo|[from] move: Sleep Talk
|-unboost|p2a: Dondozo|spe|1
|-boost|p2a: Dondozo|atk|1
|-boost|p2a: Dondozo|def|1
|
|upkeep
|turn|45
|inactive|ChasemanY2K has 90 seconds left.
|
|t:|1760722840
|move|p1a: Corv|Defog|p2a: Dondozo
|-unboost|p2a: Dondozo|evasion|1
|-sideend|p1: ChasemanY2K|Stealth Rock|[from] move: Defog|[of] p1a: Corv
|-curestatus|p2a: Dondozo|slp|[msg]
|move|p2a: Dondozo|Curse|p2a: Dondozo
|-unboost|p2a: Dondozo|spe|1
|-boost|p2a: Dondozo|atk|1
|-boost|p2a: Dondozo|def|1
|
|upkeep
|turn|46
|inactive|ChasemanY2K has 90 seconds left.
|
|t:|1760722849
|move|p1a: Corv|Roost|p1a: Corv
|-heal|p1a: Corv|100/100
|-singleturn|p1a: Corv|move: Roost
|move|p2a: Dondozo|Waterfall|p1a: Corv
|-damage|p1a: Corv|55/100
|
|upkeep
|turn|47
|inactive|ChasemanY2K has 90 seconds left.
|
|t:|1760722860
|move|p1a: Corv|U-turn|p2a: Dondozo
|-crit|p2a: Dondozo
|-damage|p2a: Dondozo|58/100
|
|t:|1760722865
|switch|p1a: Tyran|Tyranitar, F|34/100|[from] U-turn
|-weather|Sandstorm|[from] ability: Sand Stream|[of] p1a: Tyran
|move|p2a: Dondozo|Waterfall|p1a: Tyran
|-supereffective|p1a: Tyran
|-damage|p1a: Tyran|0 fnt
|faint|p1a: Tyran
|
|-weather|Sandstorm|[upkeep]
|-damage|p2a: Dondozo|52/100|[from] Sandstorm
|upkeep
|inactive|ChasemanY2K has 90 seconds left.
|
|t:|1760722875
|switch|p1a: Sandy Cheeks|Sandy Shocks, tera:Ice|47/100
|turn|48
|inactive|ChasemanY2K has 90 seconds left.
|
|t:|1760722890
|switch|p2a: Blissey|Blissey, F|71/100
|move|p1a: Sandy Cheeks|Discharge|p2a: Blissey
|-damage|p2a: Blissey|58/100
|
|-weather|Sandstorm|[upkeep]
|-damage|p1a: Sandy Cheeks|41/100|[from] Sandstorm
|-damage|p2a: Blissey|52/100|[from] Sandstorm
|upkeep
|turn|49
|
|t:|1760722899
|move|p1a: Sandy Cheeks|Volt Switch|p2a: Blissey
|-damage|p2a: Blissey|41/100
|
|t:|1760722904
|-end|p1a: Sandy Cheeks|Protosynthesis|[silent]
|switch|p1a: Corv|Corviknight, M|55/100|[from] Volt Switch
|-ability|p1a: Corv|Pressure
|move|p2a: Blissey|Soft-Boiled|p2a: Blissey
|-heal|p2a: Blissey|91/100
|
|-weather|Sandstorm|[upkeep]
|-damage|p2a: Blissey|85/100|[from] Sandstorm
|upkeep
|turn|50
|
|t:|1760722914
|move|p1a: Corv|Roost|p1a: Corv
|-heal|p1a: Corv|100/100
|-singleturn|p1a: Corv|move: Roost
|move|p2a: Blissey|Seismic Toss|p1a: Corv
|-damage|p1a: Corv|75/100
|
|-weather|Sandstorm|[upkeep]
|-damage|p2a: Blissey|79/100|[from] Sandstorm
|upkeep
|turn|51
|
|t:|1760722926
|move|p1a: Corv|Brave Bird|p2a: Blissey
|-damage|p2a: Blissey|41/100
|-damage|p1a: Corv|55/100|[from] Recoil
|move|p2a: Blissey|Calm Mind|p2a: Blissey
|-boost|p2a: Blissey|spa|1
|-boost|p2a: Blissey|spd|1
|
|-weather|none
|upkeep
|turn|52
|inactive|ChasemanY2K has 90 seconds left.
|
|t:|1760722952
|move|p1a: Corv|Brave Bird|p2a: Blissey
|-damage|p2a: Blissey|5/100
|-damage|p1a: Corv|36/100|[from] Recoil
|move|p2a: Blissey|Soft-Boiled|p2a: Blissey
|-heal|p2a: Blissey|55/100
|
|upkeep
|turn|53
|
|t:|1760722961
|move|p1a: Corv|Roost|p1a: Corv
|-heal|p1a: Corv|86/100
|-singleturn|p1a: Corv|move: Roost
|move|p2a: Blissey|Soft-Boiled|p2a: Blissey
|-heal|p2a: Blissey|100/100
|
|upkeep
|turn|54
|
|t:|1760722977
|switch|p2a: Corviknight|Corviknight, M|99/100
|-ability|p2a: Corviknight|Pressure
|move|p1a: Corv|U-turn|p2a: Corviknight
|-resisted|p2a: Corviknight
|-damage|p2a: Corviknight|97/100
|-damage|p1a: Corv|69/100|[from] item: Rocky Helmet|[of] p2a: Corviknight
|inactive|ChasemanY2K has 90 seconds left.
|
|t:|1760722998
|switch|p1a: Enamory Glands|Enamorus-Therian, F|100/100|[from] U-turn
|
|upkeep
|turn|55
|
|t:|1760723008
|switch|p2a: Blissey|Blissey, F|100/100
|move|p1a: Enamory Glands|Mystical Fire|p2a: Blissey
|-damage|p2a: Blissey|91/100
|-unboost|p2a: Blissey|spa|1
|
|upkeep
|turn|56
|inactive|ChasemanY2K has 90 seconds left.
|
|t:|1760723048
|switch|p1a: Velociraptor Man|Kommo-o, F|100/100
|move|p2a: Blissey|Seismic Toss|p1a: Velociraptor Man
|-damage|p1a: Velociraptor Man|66/100
|
|upkeep
|turn|57
|
|t:|1760723055
|switch|p2a: Gliscor|Gliscor, F|100/100 tox
|move|p1a: Velociraptor Man|Drain Punch|p2a: Gliscor
|-resisted|p2a: Gliscor
|-damage|p2a: Gliscor|93/100 tox
|-heal|p1a: Velociraptor Man|71/100|[from] drain|[of] p2a: Gliscor
|
|-heal|p2a: Gliscor|100/100 tox|[from] ability: Poison Heal
|upkeep
|turn|58
|
|t:|1760723065
|switch|p1a: Corv|Corviknight, M|69/100
|-ability|p1a: Corv|Pressure
|move|p2a: Gliscor|Toxic|p1a: Corv
|-immune|p1a: Corv
|
|upkeep
|turn|59
|
|t:|1760723086
|switch|p2a: Corviknight|Corviknight, M|97/100
|-ability|p2a: Corviknight|Pressure
|move|p1a: Corv|U-turn|p2a: Corviknight
|-resisted|p2a: Corviknight
|-damage|p2a: Corviknight|95/100
|-damage|p1a: Corv|53/100|[from] item: Rocky Helmet|[of] p2a: Corviknight
|inactive|ChasemanY2K has 60 seconds left.
|
|t:|1760723126
|switch|p1a: Enamory Glands|Enamorus-Therian, F|100/100|[from] U-turn
|
|upkeep
|turn|60
|
|t:|1760723132
|switch|p2a: Blissey|Blissey, F|91/100
|move|p1a: Enamory Glands|Mystical Fire|p2a: Blissey
|-damage|p2a: Blissey|81/100
|-unboost|p2a: Blissey|spa|1
|
|upkeep
|turn|61
|
|t:|1760723152
|move|p2a: Blissey|Seismic Toss|p1a: Enamory Glands
|-damage|p1a: Enamory Glands|68/100
|move|p1a: Enamory Glands|Moonblast|p2a: Blissey
|-damage|p2a: Blissey|63/100
|
|upkeep
|turn|62
|
|t:|1760723164
|move|p2a: Blissey|Soft-Boiled|p2a: Blissey
|-heal|p2a: Blissey|100/100
|move|p1a: Enamory Glands|Draining Kiss|p2a: Blissey
|-damage|p2a: Blissey|92/100
|-heal|p1a: Enamory Glands|81/100|[from] drain|[of] p2a: Blissey
|
|upkeep
|turn|63
|
|t:|1760723176
|switch|p1a: Corv|Corviknight, M|53/100
|-ability|p1a: Corv|Pressure
|move|p2a: Blissey|Seismic Toss|p1a: Corv
|-damage|p1a: Corv|28/100
|
|upkeep
|turn|64
|
|t:|1760723184
|move|p1a: Corv|Roost|p1a: Corv
|-heal|p1a: Corv|78/100
|-singleturn|p1a: Corv|move: Roost
|move|p2a: Blissey|Seismic Toss|p1a: Corv
|-damage|p1a: Corv|53/100
|
|upkeep
|turn|65
|
|t:|1760723191
|move|p1a: Corv|Brave Bird|p2a: Blissey
|-damage|p2a: Blissey|52/100
|-damage|p1a: Corv|31/100|[from] Recoil
|move|p2a: Blissey|Seismic Toss|p1a: Corv
|-damage|p1a: Corv|6/100
|
|upkeep
|turn|66
|
|t:|1760723202
|move|p1a: Corv|Roost|p1a: Corv
|-heal|p1a: Corv|56/100
|-singleturn|p1a: Corv|move: Roost
|move|p2a: Blissey|Soft-Boiled|p2a: Blissey
|-heal|p2a: Blissey|100/100
|
|upkeep
|turn|67
|
|t:|1760723209
|switch|p2a: Corviknight|Corviknight, M|95/100
|-ability|p2a: Corviknight|Pressure
|move|p1a: Corv|U-turn|p2a: Corviknight
|-resisted|p2a: Corviknight
|-damage|p2a: Corviknight|93/100
|-damage|p1a: Corv|40/100|[from] item: Rocky Helmet|[of] p2a: Corviknight
|inactive|ChasemanY2K has 30 seconds left.
|inactive|ChasemanY2K has 20 seconds left.
|inactive|ChasemanY2K has 15 seconds left.
|
|t:|1760723257
|switch|p1a: Velociraptor Man|Kommo-o, F|71/100|[from] U-turn
|
|upkeep
|turn|68
|inactive|ChasemanY2K has 25 seconds left this turn.
|inactive|ChasemanY2K has 20 seconds left.
|inactive|ChasemanY2K has 15 seconds left.
|inactive|ChasemanY2K has 10 seconds left.
|
|t:|1760723274
|switch|p2a: Dondozo|Dondozo, F|52/100
|move|p1a: Velociraptor Man|Drain Punch|p2a: Dondozo
|-damage|p2a: Dondozo|41/100
|-heal|p1a: Velociraptor Man|81/100|[from] drain|[of] p2a: Dondozo
|
|upkeep
|turn|69
|inactive|ChasemanY2K has 20 seconds left this turn.
|inactive|ChasemanY2K has 15 seconds left.
|inactive|ChasemanY2K has 10 seconds left.
|
|t:|1760723291
|move|p1a: Velociraptor Man|Boomburst|p2a: Dondozo
|-damage|p2a: Dondozo|5/100
|-enditem|p1a: Velociraptor Man|Throat Spray
|-boost|p1a: Velociraptor Man|spa|1|[from] item: Throat Spray
|move|p2a: Dondozo|Rest|p2a: Dondozo
|-status|p2a: Dondozo|slp|[from] move: Rest
|-heal|p2a: Dondozo|100/100 slp|[silent]
|
|upkeep
|turn|70
|inactive|ChasemanY2K has 20 seconds left this turn.
|inactive|ChasemanY2K has 15 seconds left.
|
|t:|1760723314
|switch|p2a: Corviknight|Corviknight, M|93/100
|-ability|p2a: Corviknight|Pressure
|move|p1a: Velociraptor Man|Boomburst|p2a: Corviknight
|-resisted|p2a: Corviknight
|-damage|p2a: Corviknight|65/100
|
|upkeep
|turn|71
|inactive|ChasemanY2K has 25 seconds left this turn.
|inactive|ChasemanY2K has 20 seconds left.
|inactive|ChasemanY2K has 15 seconds left.
|
|t:|1760723328
|move|p1a: Velociraptor Man|Drain Punch|p2a: Corviknight
|-damage|p2a: Corviknight|52/100
|-heal|p1a: Velociraptor Man|91/100|[from] drain|[of] p2a: Corviknight
|-damage|p1a: Velociraptor Man|74/100|[from] item: Rocky Helmet|[of] p2a: Corviknight
|move|p2a: Corviknight|Brave Bird|p1a: Velociraptor Man
|-supereffective|p1a: Velociraptor Man
|-damage|p1a: Velociraptor Man|0 fnt
|faint|p1a: Velociraptor Man
|-damage|p2a: Corviknight|34/100|[from] Recoil
|
|upkeep
|inactive|ChasemanY2K has 20 seconds left this turn.
|inactive|ChasemanY2K has 15 seconds left.
|inactive|ChasemanY2K has 10 seconds left.
|
|t:|1760723339
|switch|p1a: Sandy Cheeks|Sandy Shocks, tera:Ice|41/100
|turn|72
|inactive|ChasemanY2K has 20 seconds left this turn.
|inactive|ChasemanY2K has 15 seconds left.
|inactive|7yy7y7y7 has 120 seconds left.
|
|t:|1760723380
|switch|p2a: Dondozo|Dondozo, F|100/100 slp
|move|p1a: Sandy Cheeks|Volt Switch|p2a: Dondozo
|-supereffective|p2a: Dondozo
|-damage|p2a: Dondozo|23/100 slp
|inactive|ChasemanY2K has 20 seconds left this turn.
|inactive|ChasemanY2K has 15 seconds left.
|
|t:|1760723389
|-end|p1a: Sandy Cheeks|Protosynthesis|[silent]
|switch|p1a: Lando|Landorus-Therian, M|88/100|[from] Volt Switch
|-ability|p1a: Lando|Intimidate|boost
|-unboost|p2a: Dondozo|atk|1
|
|upkeep
|turn|73
|inactive|ChasemanY2K has 25 seconds left this turn.
|inactive|ChasemanY2K has 20 seconds left.
|
|t:|1760723397
|move|p1a: Lando|Earthquake|p2a: Dondozo
|-damage|p2a: Dondozo|0 fnt
|faint|p2a: Dondozo
|
|upkeep
|
|t:|1760723409
|switch|p2a: Corviknight|Corviknight, M|34/100
|-ability|p2a: Corviknight|Pressure
|turn|74
|inactive|ChasemanY2K has 30 seconds left.
|
|t:|1760723416
|move|p1a: Lando|Stone Edge|p2a: Corviknight
|-crit|p2a: Corviknight
|-damage|p2a: Corviknight|0 fnt
|faint|p2a: Corviknight
|
|upkeep
|
|t:|1760723422
|switch|p2a: Gliscor|Gliscor, F|100/100 tox
|turn|75
|inactive|7yy7y7y7 has 120 seconds left.
|
|t:|1760723431
|switch|p1a: Corv|Corviknight, M|40/100
|-ability|p1a: Corv|Pressure
|move|p2a: Gliscor|Spikes|p1a: Corv
|-sidestart|p1: ChasemanY2K|Spikes
|
|upkeep
|turn|76
|j| GingerDerp96
|
|t:|1760723439
|move|p2a: Gliscor|Spikes|p1a: Corv
|-sidestart|p1: ChasemanY2K|Spikes
|move|p1a: Corv|Roost|p1a: Corv
|-heal|p1a: Corv|90/100
|-singleturn|p1a: Corv|move: Roost
|
|upkeep
|turn|77
|
|t:|1760723448
|switch|p2a: Clefable|Clefable, F|41/100 par
|move|p1a: Corv|Defog|p2a: Clefable
|-unboost|p2a: Clefable|evasion|1
|-sideend|p1: ChasemanY2K|Spikes|[from] move: Defog|[of] p1a: Corv
|
|-heal|p2a: Clefable|47/100 par|[from] item: Leftovers
|upkeep
|turn|78
|
|t:|1760723461
|move|p1a: Corv|Brave Bird|p2a: Clefable
|-crit|p2a: Clefable
|-damage|p2a: Clefable|1/100 par
|-damage|p1a: Corv|75/100|[from] Recoil
|move|p2a: Clefable|Moonlight|p2a: Clefable
|-heal|p2a: Clefable|51/100 par
|
|-heal|p2a: Clefable|57/100 par|[from] item: Leftovers
|upkeep
|turn|79
|
|t:|1760723472
|move|p1a: Corv|Brave Bird|p2a: Clefable
|-damage|p2a: Clefable|28/100 par
|-damage|p1a: Corv|65/100|[from] Recoil
|cant|p2a: Clefable|par
|
|-heal|p2a: Clefable|35/100 par|[from] item: Leftovers
|upkeep
|turn|80
|
|t:|1760723485
|move|p1a: Corv|Brave Bird|p2a: Clefable
|-damage|p2a: Clefable|6/100 par
|-damage|p1a: Corv|56/100|[from] Recoil
|move|p2a: Clefable|Moonlight|p2a: Clefable
|-heal|p2a: Clefable|56/100 par
|
|-heal|p2a: Clefable|62/100 par|[from] item: Leftovers
|upkeep
|turn|81
|inactive|ChasemanY2K has 60 seconds left.
|
|t:|1760723495
|switch|p2a: Gliscor|Gliscor, F|100/100 tox
|move|p1a: Corv|U-turn|p2a: Gliscor
|-resisted|p2a: Gliscor
|-damage|p2a: Gliscor|96/100 tox
|inactive|ChasemanY2K has 60 seconds left.
|
|t:|1760723500
|switch|p1a: Sandy Cheeks|Sandy Shocks, tera:Ice|41/100|[from] U-turn
|
|-heal|p2a: Gliscor|100/100 tox|[from] ability: Poison Heal
|upkeep
|turn|82
|
|t:|1760723523
|-terastallize|p2a: Gliscor|Ghost
|move|p1a: Sandy Cheeks|Tera Blast|p2a: Gliscor|[anim] Tera Blast Ice
|-damage|p2a: Gliscor|49/100 tox
|move|p2a: Gliscor|Toxic|p1a: Sandy Cheeks
|-status|p1a: Sandy Cheeks|tox
|
|-damage|p1a: Sandy Cheeks|35/100 tox|[from] psn
|-heal|p2a: Gliscor|62/100 tox|[from] ability: Poison Heal
|upkeep
|turn|83
|inactive|ChasemanY2K has 60 seconds left.
|
|t:|1760723548
|-end|p1a: Sandy Cheeks|Protosynthesis|[silent]
|switch|p1a: Corv|Corviknight, M|56/100
|-ability|p1a: Corv|Pressure
|move|p2a: Gliscor|Protect||[still]
|-fail|p2a: Gliscor
|
|-heal|p2a: Gliscor|74/100 tox|[from] ability: Poison Heal
|upkeep
|turn|84
|inactive|ChasemanY2K has 60 seconds left.
|
|t:|1760723564
|switch|p2a: Clefable|Clefable, F|62/100 par
|move|p1a: Corv|U-turn|p2a: Clefable
|-resisted|p2a: Clefable
|-damage|p2a: Clefable|57/100 par
|inactive|ChasemanY2K has 60 seconds left.
|
|t:|1760723572
|switch|p1a: Lando|Landorus-Therian, M|88/100|[from] U-turn
|-ability|p1a: Lando|Intimidate|boost
|-unboost|p2a: Clefable|atk|1
|
|-heal|p2a: Clefable|63/100 par|[from] item: Leftovers
|upkeep
|turn|85
|
|t:|1760723580
|switch|p2a: Gliscor|Gliscor, F, tera:Ghost|74/100 tox
|move|p1a: Lando|Earthquake|p2a: Gliscor
|-damage|p2a: Gliscor|39/100 tox
|
|-heal|p2a: Gliscor|52/100 tox|[from] ability: Poison Heal
|upkeep
|turn|86
|
|t:|1760723592
|switch|p1a: Corv|Corviknight, M|56/100
|-ability|p1a: Corv|Pressure
|move|p2a: Gliscor|Protect||[still]
|-fail|p2a: Gliscor
|
|-heal|p2a: Gliscor|64/100 tox|[from] ability: Poison Heal
|upkeep
|turn|87
|
|t:|1760723610
|move|p2a: Gliscor|Spikes|p1a: Corv
|-sidestart|p1: ChasemanY2K|Spikes
|move|p1a: Corv|U-turn|p2a: Gliscor
|-resisted|p2a: Gliscor
|-damage|p2a: Gliscor|60/100 tox
|
|t:|1760723615
|switch|p1a: Lando|Landorus-Therian, M|88/100|[from] U-turn
|-ability|p1a: Lando|Intimidate|boost
|-unboost|p2a: Gliscor|atk|1
|
|-heal|p2a: Gliscor|73/100 tox|[from] ability: Poison Heal
|upkeep
|turn|88
|
|t:|1760723626
|switch|p1a: Corv|Corviknight, M|56/100
|-ability|p1a: Corv|Pressure
|move|p2a: Gliscor|Toxic|p1a: Corv
|-immune|p1a: Corv
|
|-heal|p2a: Gliscor|85/100 tox|[from] ability: Poison Heal
|upkeep
|turn|89
|
|t:|1760723636
|move|p2a: Gliscor|Spikes|p1a: Corv
|-sidestart|p1: ChasemanY2K|Spikes
|move|p1a: Corv|Defog|p2a: Gliscor
|-unboost|p2a: Gliscor|evasion|1
|-sideend|p1: ChasemanY2K|Spikes|[from] move: Defog|[of] p1a: Corv
|
|-heal|p2a: Gliscor|98/100 tox|[from] ability: Poison Heal
|upkeep
|turn|90
|
|t:|1760723649
|move|p2a: Gliscor|Spikes|p1a: Corv
|-sidestart|p1: ChasemanY2K|Spikes
|move|p1a: Corv|U-turn|p2a: Gliscor
|-resisted|p2a: Gliscor
|-damage|p2a: Gliscor|93/100 tox
|
|t:|1760723655
|switch|p1a: Lando|Landorus-Therian, M|88/100|[from] U-turn
|-ability|p1a: Lando|Intimidate|boost
|-unboost|p2a: Gliscor|atk|1
|
|-heal|p2a: Gliscor|100/100 tox|[from] ability: Poison Heal
|upkeep
|turn|91
|
|t:|1760723663
|switch|p1a: Corv|Corviknight, M|56/100
|-ability|p1a: Corv|Pressure
|move|p2a: Gliscor|Spikes|p1a: Corv
|-sidestart|p1: ChasemanY2K|Spikes
|
|upkeep
|turn|92
|
|t:|1760723674
|switch|p2a: Clefable|Clefable, F|63/100 par
|move|p1a: Corv|Defog|p2a: Clefable
|-unboost|p2a: Clefable|evasion|1
|-sideend|p1: ChasemanY2K|Spikes|[from] move: Defog|[of] p1a: Corv
|
|-heal|p2a: Clefable|69/100 par|[from] item: Leftovers
|upkeep
|turn|93
|
|t:|1760723683
|move|p1a: Corv|U-turn|p2a: Clefable
|-resisted|p2a: Clefable
|-damage|p2a: Clefable|63/100 par
|
|t:|1760723688
|switch|p1a: Lando|Landorus-Therian, M|88/100|[from] U-turn
|-ability|p1a: Lando|Intimidate|boost
|-unboost|p2a: Clefable|atk|1
|move|p2a: Clefable|Stealth Rock|p1a: Lando
|-sidestart|p1: ChasemanY2K|move: Stealth Rock
|
|-heal|p2a: Clefable|69/100 par|[from] item: Leftovers
|upkeep
|turn|94
|inactive|ChasemanY2K has 90 seconds left.
|
|t:|1760723698
|switch|p2a: Gliscor|Gliscor, F, tera:Ghost|100/100 tox
|move|p1a: Lando|Stone Edge|p2a: Gliscor
|-damage|p2a: Gliscor|76/100 tox
|
|-heal|p2a: Gliscor|89/100 tox|[from] ability: Poison Heal
|upkeep
|turn|95
|
|t:|1760723709
|switch|p1a: Corv|Corviknight, M|56/100
|-damage|p1a: Corv|43/100|[from] Stealth Rock
|-ability|p1a: Corv|Pressure
|move|p2a: Gliscor|Spikes|p1a: Corv
|-sidestart|p1: ChasemanY2K|Spikes
|
|-heal|p2a: Gliscor|100/100 tox|[from] ability: Poison Heal
|upkeep
|turn|96
|inactive|ChasemanY2K has 90 seconds left.
|
|t:|1760723732
|switch|p2a: Clefable|Clefable, F|69/100 par
|move|p1a: Corv|Defog|p2a: Clefable
|-unboost|p2a: Clefable|evasion|1
|-sideend|p1: ChasemanY2K|Spikes|[from] move: Defog|[of] p1a: Corv
|-sideend|p1: ChasemanY2K|Stealth Rock|[from] move: Defog|[of] p1a: Corv
|
|-heal|p2a: Clefable|75/100 par|[from] item: Leftovers
|upkeep
|turn|97
|inactive|ChasemanY2K has 90 seconds left.
|
|t:|1760723744
|move|p1a: Corv|U-turn|p2a: Clefable
|-resisted|p2a: Clefable
|-damage|p2a: Clefable|70/100 par
|
|t:|1760723752
|switch|p1a: Lando|Landorus-Therian, M|88/100|[from] U-turn
|-ability|p1a: Lando|Intimidate|boost
|-unboost|p2a: Clefable|atk|1
|cant|p2a: Clefable|par
|
|-heal|p2a: Clefable|76/100 par|[from] item: Leftovers
|upkeep
|turn|98
|inactive|ChasemanY2K has 90 seconds left.
|
|t:|1760723767
|switch|p2a: Gliscor|Gliscor, F, tera:Ghost|100/100 tox
|move|p1a: Lando|Earthquake|p2a: Gliscor
|-damage|p2a: Gliscor|61/100 tox
|
|-heal|p2a: Gliscor|74/100 tox|[from] ability: Poison Heal
|upkeep
|turn|99
|
|t:|1760723776
|move|p1a: Lando|Earthquake|p2a: Gliscor
|-damage|p2a: Gliscor|34/100 tox
|move|p2a: Gliscor|Spikes|p1a: Lando
|-sidestart|p1: ChasemanY2K|Spikes
|
|-heal|p2a: Gliscor|47/100 tox|[from] ability: Poison Heal
|upkeep
|turn|100
|c| GingerDerp96|This is the worst
|
|t:|1760723788
|move|p2a: Gliscor|Protect|p2a: Gliscor
|-singleturn|p2a: Gliscor|Protect
|move|p1a: Lando|U-turn|p2a: Gliscor
|-activate|p2a: Gliscor|move: Protect
|
|-heal|p2a: Gliscor|59/100 tox|[from] ability: Poison Heal
|upkeep
|turn|101
|
|t:|1760723797
|move|p1a: Lando|U-turn|p2a: Gliscor
|-resisted|p2a: Gliscor
|-damage|p2a: Gliscor|51/100 tox
|
|t:|1760723801
|switch|p1a: Corv|Corviknight, M|43/100|[from] U-turn
|-ability|p1a: Corv|Pressure
|move|p2a: Gliscor|Toxic|p1a: Corv
|-immune|p1a: Corv
|
|-heal|p2a: Gliscor|63/100 tox|[from] ability: Poison Heal
|upkeep
|turn|102
|c| GingerDerp96|SOMEBODY DIE
|
|t:|1760723812
|move|p2a: Gliscor|Spikes|p1a: Corv
|-sidestart|p1: ChasemanY2K|Spikes
|move|p1a: Corv|Defog|p2a: Gliscor
|-unboost|p2a: Gliscor|evasion|1
|-sideend|p1: ChasemanY2K|Spikes|[from] move: Defog|[of] p1a: Corv
|
|-heal|p2a: Gliscor|76/100 tox|[from] ability: Poison Heal
|upkeep
|turn|103
|inactive|ChasemanY2K has 90 seconds left.
|
|t:|1760723826
|move|p2a: Gliscor|Spikes|p1a: Corv
|-sidestart|p1: ChasemanY2K|Spikes
|move|p1a: Corv|U-turn|p2a: Gliscor
|-resisted|p2a: Gliscor
|-damage|p2a: Gliscor|72/100 tox
|inactive|ChasemanY2K has 90 seconds left.
|
|t:|1760723832
|switch|p1a: Lando|Landorus-Therian, M|88/100|[from] U-turn
|-ability|p1a: Lando|Intimidate|boost
|-unboost|p2a: Gliscor|atk|1
|
|-heal|p2a: Gliscor|84/100 tox|[from] ability: Poison Heal
|upkeep
|turn|104
|inactive|ChasemanY2K has 90 seconds left.
|
|t:|1760723840
|move|p1a: Lando|U-turn|p2a: Gliscor
|-resisted|p2a: Gliscor
|-damage|p2a: Gliscor|75/100 tox
|
|t:|1760723843
|switch|p1a: Corv|Corviknight, M|43/100|[from] U-turn
|-ability|p1a: Corv|Pressure
|move|p2a: Gliscor|Spikes|p1a: Corv
|-sidestart|p1: ChasemanY2K|Spikes
|
|-heal|p2a: Gliscor|87/100 tox|[from] ability: Poison Heal
|upkeep
|turn|105
|
|t:|1760723856
|move|p2a: Gliscor|Toxic|p1a: Corv
|-immune|p1a: Corv
|move|p1a: Corv|Defog|p2a: Gliscor
|-unboost|p2a: Gliscor|evasion|1
|-sideend|p1: ChasemanY2K|Spikes|[from] move: Defog|[of] p1a: Corv
|
|-heal|p2a: Gliscor|99/100 tox|[from] ability: Poison Heal
|upkeep
|turn|106
|inactive|ChasemanY2K has 90 seconds left.
|
|t:|1760723870
|move|p2a: Gliscor|Spikes|p1a: Corv
|-sidestart|p1: ChasemanY2K|Spikes
|move|p1a: Corv|U-turn|p2a: Gliscor
|-resisted|p2a: Gliscor
|-damage|p2a: Gliscor|96/100 tox
|inactive|ChasemanY2K has 90 seconds left.
|
|t:|1760723875
|switch|p1a: Lando|Landorus-Therian, M|88/100|[from] U-turn
|-ability|p1a: Lando|Intimidate|boost
|-unboost|p2a: Gliscor|atk|1
|
|-heal|p2a: Gliscor|100/100 tox|[from] ability: Poison Heal
|upkeep
|turn|107
|inactive|ChasemanY2K has 90 seconds left.
|
|t:|1760723884
|move|p1a: Lando|U-turn|p2a: Gliscor
|-resisted|p2a: Gliscor
|-damage|p2a: Gliscor|92/100 tox
|
|t:|1760723887
|switch|p1a: Corv|Corviknight, M|43/100|[from] U-turn
|-ability|p1a: Corv|Pressure
|move|p2a: Gliscor|Spikes|p1a: Corv
|-sidestart|p1: ChasemanY2K|Spikes
|
|-heal|p2a: Gliscor|100/100 tox|[from] ability: Poison Heal
|upkeep
|turn|108
|inactive|ChasemanY2K has 90 seconds left.
|
|t:|1760723899
|switch|p2a: Clefable|Clefable, F|76/100 par
|move|p1a: Corv|Defog|p2a: Clefable
|-unboost|p2a: Clefable|evasion|1
|-sideend|p1: ChasemanY2K|Spikes|[from] move: Defog|[of] p1a: Corv
|
|-heal|p2a: Clefable|82/100 par|[from] item: Leftovers
|upkeep
|turn|109
|inactive|ChasemanY2K has 90 seconds left.
|c| koroyev1|Stall teams lol, why is there no cure for cancer
|
|t:|1760723918
|move|p1a: Corv|Brave Bird|p2a: Clefable
|-damage|p2a: Clefable|55/100 par
|-damage|p1a: Corv|35/100|[from] Recoil
|move|p2a: Clefable|Stealth Rock|p1a: Corv
|-sidestart|p1: ChasemanY2K|move: Stealth Rock
|
|-heal|p2a: Clefable|61/100 par|[from] item: Leftovers
|upkeep
|turn|110
|
|t:|1760723930
|move|p1a: Corv|Defog|p2a: Clefable
|-unboost|p2a: Clefable|evasion|1
|-sideend|p1: ChasemanY2K|Stealth Rock|[from] move: Defog|[of] p1a: Corv
|move|p2a: Clefable|Knock Off|p1a: Corv
|-damage|p1a: Corv|22/100
|-enditem|p1a: Corv|Covert Cloak|[from] move: Knock Off|[of] p2a: Clefable
|
|-heal|p2a: Clefable|68/100 par|[from] item: Leftovers
|upkeep
|turn|111
|
|t:|1760723941
|move|p1a: Corv|U-turn|p2a: Clefable
|-resisted|p2a: Clefable
|-damage|p2a: Clefable|62/100 par
|
|t:|1760723958
|switch|p1a: Lando|Landorus-Therian, M|88/100|[from] U-turn
|-ability|p1a: Lando|Intimidate|boost
|-unboost|p2a: Clefable|atk|1
|move|p2a: Clefable|Stealth Rock|p1a: Lando
|-sidestart|p1: ChasemanY2K|move: Stealth Rock
|
|-heal|p2a: Clefable|68/100 par|[from] item: Leftovers
|upkeep
|turn|112
|
|t:|1760723969
|switch|p2a: Gliscor|Gliscor, F, tera:Ghost|100/100 tox
|move|p1a: Lando|Earthquake|p2a: Gliscor
|-crit|p2a: Gliscor
|-damage|p2a: Gliscor|48/100 tox
|
|-heal|p2a: Gliscor|61/100 tox|[from] ability: Poison Heal
|upkeep
|turn|113
|
|t:|1760723978
|move|p1a: Lando|U-turn|p2a: Gliscor
|-resisted|p2a: Gliscor
|-damage|p2a: Gliscor|53/100 tox
|
|t:|1760723983
|switch|p1a: Corv|Corviknight, M|22/100|[from] U-turn
|-damage|p1a: Corv|10/100|[from] Stealth Rock
|-ability|p1a: Corv|Pressure
|move|p2a: Gliscor|Toxic|p1a: Corv
|-immune|p1a: Corv
|
|-heal|p2a: Gliscor|65/100 tox|[from] ability: Poison Heal
|upkeep
|turn|114
|
|t:|1760723997
|move|p2a: Gliscor|Protect|p2a: Gliscor
|-singleturn|p2a: Gliscor|Protect
|move|p1a: Corv|Defog|p2a: Gliscor
|-activate|p2a: Gliscor|move: Protect
|
|-heal|p2a: Gliscor|78/100 tox|[from] ability: Poison Heal
|upkeep
|turn|115
|inactive|ChasemanY2K has 60 seconds left.
|
|t:|1760724012
|switch|p2a: Clefable|Clefable, F|68/100 par
|move|p1a: Corv|Defog|p2a: Clefable
|-unboost|p2a: Clefable|evasion|1
|-sideend|p1: ChasemanY2K|Stealth Rock|[from] move: Defog|[of] p1a: Corv
|
|-heal|p2a: Clefable|74/100 par|[from] item: Leftovers
|upkeep
|turn|116
|inactive|ChasemanY2K has 60 seconds left.
|
|t:|1760724023
|move|p1a: Corv|Defog|p2a: Clefable
|-unboost|p2a: Clefable|evasion|1
|move|p2a: Clefable|Stealth Rock|p1a: Corv
|-sidestart|p1: ChasemanY2K|move: Stealth Rock
|
|-heal|p2a: Clefable|80/100 par|[from] item: Leftovers
|upkeep
|turn|117
|
|t:|1760724031
|move|p1a: Corv|Defog|p2a: Clefable
|-unboost|p2a: Clefable|evasion|1
|-sideend|p1: ChasemanY2K|Stealth Rock|[from] move: Defog|[of] p1a: Corv
|move|p2a: Clefable|Knock Off|p1a: Corv
|-damage|p1a: Corv|2/100
|
|-heal|p2a: Clefable|87/100 par|[from] item: Leftovers
|upkeep
|turn|118
|
|t:|1760724040
|move|p1a: Corv|U-turn|p2a: Clefable
|-resisted|p2a: Clefable
|-damage|p2a: Clefable|81/100 par
|
|t:|1760724046
|switch|p1a: Enamory Glands|Enamorus-Therian, F|81/100|[from] U-turn
|move|p2a: Clefable|Stealth Rock|p1a: Enamory Glands
|-sidestart|p1: ChasemanY2K|move: Stealth Rock
|
|-heal|p2a: Clefable|87/100 par|[from] item: Leftovers
|upkeep
|turn|119
|
|t:|1760724060
|move|p1a: Enamory Glands|Moonblast|p2a: Clefable
|-damage|p2a: Clefable|35/100 par
|-unboost|p2a: Clefable|spa|1
|move|p2a: Clefable|Moonblast|p1a: Enamory Glands
|-damage|p1a: Enamory Glands|66/100
|
|-heal|p2a: Clefable|41/100 par|[from] item: Leftovers
|upkeep
|turn|120
|
|t:|1760724080
|switch|p2a: Blissey|Blissey, F|100/100
|move|p1a: Enamory Glands|Moonblast|p2a: Blissey
|-damage|p2a: Blissey|83/100
|-unboost|p2a: Blissey|spa|1
|
|upkeep
|turn|121
|inactive|ChasemanY2K has 30 seconds left.
|
|t:|1760724098
|move|p2a: Blissey|Seismic Toss|p1a: Enamory Glands
|-damage|p1a: Enamory Glands|33/100
|move|p1a: Enamory Glands|Draining Kiss|p2a: Blissey
|-damage|p2a: Blissey|74/100
|-heal|p1a: Enamory Glands|46/100|[from] drain|[of] p2a: Blissey
|
|upkeep
|turn|122
|inactive|ChasemanY2K has 30 seconds left.
|
|t:|1760724106
|switch|p1a: Corv|Corviknight, M|2/100
|-damage|p1a: Corv|0 fnt|[from] Stealth Rock
|faint|p1a: Corv
|move|p2a: Blissey|Seismic Toss|p1: Corv|[notarget]
|-fail|p2a: Blissey
|
|upkeep
|inactive|ChasemanY2K has 30 seconds left.
|
|t:|1760724114
|switch|p1a: Lando|Landorus-Therian, M|88/100
|-damage|p1a: Lando|76/100|[from] Stealth Rock
|-ability|p1a: Lando|Intimidate|boost
|-unboost|p2a: Blissey|atk|1
|turn|123
|inactive|ChasemanY2K has 30 seconds left.
|
|t:|1760724125
|switch|p2a: Gliscor|Gliscor, F, tera:Ghost|78/100 tox
|move|p1a: Lando|Earthquake|p2a: Gliscor
|-damage|p2a: Gliscor|43/100 tox
|
|-heal|p2a: Gliscor|56/100 tox|[from] ability: Poison Heal
|upkeep
|turn|124
|inactive|ChasemanY2K has 30 seconds left this turn.
|inactive|ChasemanY2K has 20 seconds left.
|
|t:|1760724136
|move|p1a: Lando|Earthquake|p2a: Gliscor
|-damage|p2a: Gliscor|18/100 tox
|move|p2a: Gliscor|Toxic|p1a: Lando
|-status|p1a: Lando|tox
|
|-damage|p1a: Lando|70/100 tox|[from] psn
|-heal|p2a: Gliscor|31/100 tox|[from] ability: Poison Heal
|upkeep
|turn|125
|inactive|ChasemanY2K has 25 seconds left this turn.
|inactive|ChasemanY2K has 20 seconds left.
|
|t:|1760724146
|move|p2a: Gliscor|Protect|p2a: Gliscor
|-singleturn|p2a: Gliscor|Protect
|move|p1a: Lando|Earthquake|p2a: Gliscor
|-activate|p2a: Gliscor|move: Protect
|
|-damage|p1a: Lando|58/100 tox|[from] psn
|-heal|p2a: Gliscor|43/100 tox|[from] ability: Poison Heal
|upkeep
|turn|126
|inactive|ChasemanY2K has 25 seconds left this turn.
|inactive|ChasemanY2K has 20 seconds left.
|inactive|7yy7y7y7 has 120 seconds left.
|
|t:|1760724158
|switch|p2a: Clefable|Clefable, F|41/100 par
|move|p1a: Lando|Earthquake|p2a: Clefable
|-damage|p2a: Clefable|0 fnt
|faint|p2a: Clefable
|
|-damage|p1a: Lando|40/100 tox|[from] psn
|upkeep
|inactive|7yy7y7y7 has 120 seconds left.
|
|t:|1760724168
|switch|p2a: Gliscor|Gliscor, F, tera:Ghost|43/100 tox
|turn|127
|inactive|ChasemanY2K has 30 seconds left this turn.
|inactive|7yy7y7y7 has 120 seconds left.
|
|t:|1760724175
|switch|p1a: Sandy Cheeks|Sandy Shocks, tera:Ice|35/100 tox
|-damage|p1a: Sandy Cheeks|10/100 tox|[from] Stealth Rock
|move|p2a: Gliscor|Protect||[still]
|-fail|p2a: Gliscor
|
|-damage|p1a: Sandy Cheeks|4/100 tox|[from] psn
|-heal|p2a: Gliscor|56/100 tox|[from] ability: Poison Heal
|upkeep
|turn|128
|inactive|ChasemanY2K has 30 seconds left.
|inactive|7yy7y7y7 has 120 seconds left.
|
|t:|1760724187
|switch|p2a: Blissey|Blissey, F|74/100
|move|p1a: Sandy Cheeks|Earth Power|p2a: Blissey
|-damage|p2a: Blissey|59/100
|
|-damage|p1a: Sandy Cheeks|0 fnt|[from] psn
|faint|p1a: Sandy Cheeks
|-end|p1a: Sandy Cheeks|Protosynthesis|[silent]
|upkeep
|inactive|ChasemanY2K has 30 seconds left this turn.
|inactive|ChasemanY2K has 20 seconds left.
|inactive|ChasemanY2K has 15 seconds left.
|
|t:|1760724203
|switch|p1a: Enamory Glands|Enamorus-Therian, F|46/100
|-damage|p1a: Enamory Glands|22/100|[from] Stealth Rock
|turn|129
|inactive|ChasemanY2K has 20 seconds left this turn.
|inactive|ChasemanY2K has 15 seconds left.
|inactive|7yy7y7y7 has 120 seconds left.
|
|t:|1760724213
|move|p2a: Blissey|Seismic Toss|p1a: Enamory Glands
|-damage|p1a: Enamory Glands|0 fnt
|faint|p1a: Enamory Glands
|
|upkeep
|inactive|ChasemanY2K has 20 seconds left this turn.
|
|t:|1760724215
|switch|p1a: Lando|Landorus-Therian, M|40/100 tox
|-damage|p1a: Lando|28/100 tox|[from] Stealth Rock
|-ability|p1a: Lando|Intimidate|boost
|-unboost|p2a: Blissey|atk|1
|turn|130
|inactive|ChasemanY2K has 25 seconds left this turn.
|inactive|ChasemanY2K has 20 seconds left.
|
|t:|1760724224
|move|p1a: Lando|Stone Edge|p2a: Blissey
|-damage|p2a: Blissey|13/100
|move|p2a: Blissey|Soft-Boiled|p2a: Blissey
|-heal|p2a: Blissey|63/100
|
|-damage|p1a: Lando|22/100 tox|[from] psn
|upkeep
|turn|131
|inactive|ChasemanY2K has 25 seconds left this turn.
|inactive|ChasemanY2K has 20 seconds left.
|
|t:|1760724233
|move|p1a: Lando|Earthquake|p2a: Blissey
|-damage|p2a: Blissey|3/100
|move|p2a: Blissey|Soft-Boiled|p2a: Blissey
|-heal|p2a: Blissey|53/100
|
|-damage|p1a: Lando|10/100 tox|[from] psn
|upkeep
|turn|132
|inactive|ChasemanY2K has 25 seconds left this turn.
|inactive|ChasemanY2K has 20 seconds left.
|inactive|ChasemanY2K has 15 seconds left.
|
|t:|1760724243
|move|p1a: Lando|Earthquake|p2a: Blissey
|-damage|p2a: Blissey|0 fnt
|faint|p2a: Blissey
|
|-damage|p1a: Lando|0 fnt|[from] psn
|faint|p1a: Lando
|
|win|7yy7y7y7
|raw|ChasemanY2K's rating: 1241 &rarr; <strong>1216</strong><br />(-25 for losing)
|raw|7yy7y7y7's rating: 1245 &rarr; <strong>1270</strong><br />(+25 for winning)
|l| koroyev1
|l| GingerDerp96
|l|☆7yy7y7y7
|player|p2|
|l|☆ChasemanY2K
|player|p1|
