|j|☆dmdkdkddkk
|j|☆Queersss
|t:|1760750234
|gametype|singles
|player|p1|dmdkdkddkk|265|1130
|player|p2|Queersss|cynthia-gen4|1176
|gen|9
|tier|[Gen 9] OU
|rated|
|rule|HP Percentage Mod: HP is shown in percentages
|rule|Endless Battle Clause: Forcing endless battles is banned
|rule|Species Clause: Limit one of each Pokémon
|rule|OHKO Clause: OHKO moves are banned
|rule|Evasion Items Clause: Evasion items are banned
|rule|Evasion Moves Clause: Evasion moves are banned
|rule|Evasion Abilities Clause: Evasion abilities are banned
|rule|Sleep Moves Clause: Sleep-inducing moves are banned
|clearpoke
|poke|p1|Lokix, M|
|poke|p1|Alomomola, M|
|poke|p1|Slowking-Galar, F|
|poke|p1|Cinderace, F|
|poke|p1|Drifblim, M|
|poke|p1|Gliscor, F|
|poke|p2|Garchomp, M|
|poke|p2|Dragonite, M|
|poke|p2|Duraludon, M|
|poke|p2|Dragalge, M|
|poke|p2|Cyclizar, M|
|poke|p2|Hydreigon, M|
|teampreview
|inactive|Battle timer is ON: inactive players will automatically lose when time's up. (requested by Queersss)
|
|t:|1760750243
|teamsize|p1|6
|teamsize|p2|6
|start
|switch|p1a: Lokix|Lokix, M|100/100
|switch|p2a: Duraludon|Duraludon, M, shiny|100/100
|turn|1
|
|t:|1760750251
|-terastallize|p1a: Lokix|Bug
|move|p1a: Lokix|U-turn|p2a: Duraludon
|-resisted|p2a: Duraludon
|-damage|p2a: Duraludon|61/100
|
|t:|1760750255
|switch|p1a: Slowking|Slowking-Galar, F|100/100|[from] U-turn
|move|p2a: Duraludon|Thunder Wave|p1a: Slowking
|-status|p1a: Slowking|par
|
|upkeep
|turn|2
|
|t:|1760750263
|move|p2a: Duraludon|Body Slam|p1a: Slowking
|-damage|p1a: Slowking|71/100 par
|-prepare|p1a: Slowking|Chilly Reception|[premajor]
|move|p1a: Slowking|Chilly Reception|p1a: Slowking
|-weather|Snowscape
|
|t:|1760750266
|switch|p1a: Lokix|Lokix, M, tera:Bug|100/100|[from] Chilly Reception
|
|-weather|Snowscape|[upkeep]
|upkeep
|turn|3
|
|t:|1760750274
|move|p1a: Lokix|U-turn|p2a: Duraludon
|-resisted|p2a: Duraludon
|-damage|p2a: Duraludon|25/100
|
|t:|1760750276
|switch|p1a: Slowking|Slowking-Galar, F|100/100 par|[from] U-turn
|move|p2a: Duraludon|Body Slam|p1a: Slowking
|-damage|p1a: Slowking|71/100 par
|
|-weather|Snowscape|[upkeep]
|-heal|p1a: Slowking|77/100 par|[from] item: Black Sludge
|upkeep
|turn|4
|
|t:|1760750286
|move|p2a: Duraludon|Body Slam|p1a: Slowking
|-damage|p1a: Slowking|48/100 par
|-prepare|p1a: Slowking|Chilly Reception|[premajor]
|move|p1a: Slowking|Chilly Reception|p1a: Slowking
|
|t:|1760750288
|switch|p1a: Lokix|Lokix, M, tera:Bug|100/100|[from] Chilly Reception
|
|-weather|Snowscape|[upkeep]
|upkeep
|turn|5
|
|t:|1760750300
|switch|p2a: Garchomp|Garchomp, M, shiny|100/100
|move|p1a: Lokix|U-turn|p2a: Garchomp
|-crit|p2a: Garchomp
|-damage|p2a: Garchomp|12/100
|-damage|p1a: Lokix|88/100|[from] ability: Rough Skin|[of] p2a: Garchomp
|-damage|p1a: Lokix|72/100|[from] item: Rocky Helmet|[of] p2a: Garchomp
|
|t:|1760750304
|switch|p1a: Cinderace|Cinderace, F|100/100|[from] U-turn
|
|-weather|Snowscape|[upkeep]
|upkeep
|turn|6
|
|t:|1760750315
|move|p1a: Cinderace|U-turn|p2a: Garchomp
|-start|p1a: Cinderace|typechange|Bug|[from] ability: Libero
|-damage|p2a: Garchomp|0 fnt
|-damage|p1a: Cinderace|88/100|[from] ability: Rough Skin|[of] p2a: Garchomp
|-damage|p1a: Cinderace|72/100|[from] item: Rocky Helmet|[of] p2a: Garchomp
|faint|p2a: Garchomp
|
|t:|1760750317
|switch|p1a: Lokix|Lokix, M, tera:Bug|72/100|[from] U-turn
|
|-weather|none
|upkeep
|
|t:|1760750330
|switch|p2a: Cyclizar|Cyclizar, M, shiny|100/100
|turn|7
|
|t:|1760750335
|switch|p1a: Alomomola|Alomomola, M|100/100
|move|p2a: Cyclizar|Shift Gear|p2a: Cyclizar
|-boost|p2a: Cyclizar|spe|2
|-boost|p2a: Cyclizar|atk|1
|
|upkeep
|turn|8
|
|t:|1760750346
|move|p1a: Alomomola|Flip Turn|p2a: Cyclizar
|-resisted|p2a: Cyclizar
|-damage|p2a: Cyclizar|86/100
|
|t:|1760750350
|switch|p1a: Drifblim|Drifblim, M|100/100|[from] Flip Turn
|move|p2a: Cyclizar|Dragon Tail|p1a: Drifblim
|-damage|p1a: Drifblim|68/100
|-damage|p2a: Cyclizar|70/100|[from] item: Rocky Helmet|[of] p1a: Drifblim
|drag|p1a: Gliscor|Gliscor, F|100/100
|
|-status|p1a: Gliscor|tox|[from] item: Toxic Orb
|upkeep
|turn|9
|
|t:|1760750361
|switch|p1a: Alomomola|Alomomola, M|100/100
|move|p2a: Cyclizar|Dragon Tail|p1a: Alomomola|[miss]
|-miss|p2a: Cyclizar|p1a: Alomomola
|
|upkeep
|turn|10
|
|t:|1760750367
|move|p1a: Alomomola|Wish|p1a: Alomomola
|move|p2a: Cyclizar|Dragon Tail|p1a: Alomomola
|-damage|p1a: Alomomola|77/100
|drag|p1a: Slowking|Slowking-Galar, F|82/100 par
|
|-heal|p1a: Slowking|88/100 par|[from] item: Black Sludge
|upkeep
|turn|11
|
|t:|1760750377
|switch|p1a: Alomomola|Alomomola, M|100/100
|move|p2a: Cyclizar|Dragon Tail|p1a: Alomomola
|-damage|p1a: Alomomola|79/100
|drag|p1a: Drifblim|Drifblim, M|68/100
|
|-heal|p1a: Drifblim|100/100|[from] move: Wish|[wisher] Alomomola
|upkeep
|turn|12
|
|t:|1760750388
|switch|p1a: Alomomola|Alomomola, M|100/100
|move|p2a: Cyclizar|Shift Gear|p2a: Cyclizar
|-boost|p2a: Cyclizar|spe|2
|-boost|p2a: Cyclizar|atk|1
|
|upkeep
|turn|13
|
|t:|1760750400
|move|p1a: Alomomola|Scald|p2a: Cyclizar
|-resisted|p2a: Cyclizar
|-damage|p2a: Cyclizar|58/100
|-status|p2a: Cyclizar|brn
|move|p2a: Cyclizar|Dragon Tail|p1a: Alomomola
|-damage|p1a: Alomomola|86/100
|drag|p1a: Drifblim|Drifblim, M|100/100
|
|-activate|p2a: Cyclizar|ability: Shed Skin
|-curestatus|p2a: Cyclizar|brn|[msg]
|upkeep
|turn|14
|
|t:|1760750412
|move|p1a: Drifblim|Will-O-Wisp|p2a: Cyclizar
|-status|p2a: Cyclizar|brn
|move|p2a: Cyclizar|Dragon Tail|p1a: Drifblim
|-damage|p1a: Drifblim|80/100
|-damage|p2a: Cyclizar|42/100 brn|[from] item: Rocky Helmet|[of] p1a: Drifblim
|drag|p1a: Lokix|Lokix, M, tera:Bug|72/100
|
|-damage|p2a: Cyclizar|36/100 brn|[from] brn
|upkeep
|turn|15
|
|t:|1760750424
|move|p1a: Lokix|First Impression|p2a: Cyclizar
|-damage|p2a: Cyclizar|0 fnt
|faint|p2a: Cyclizar
|
|upkeep
|
|t:|1760750430
|switch|p2a: Dragonite|Dragonite, M, shiny|100/100
|turn|16
|
|t:|1760750434
|switch|p1a: Drifblim|Drifblim, M|80/100
|move|p2a: Dragonite|Dragon Dance|p2a: Dragonite
|-boost|p2a: Dragonite|atk|1
|-boost|p2a: Dragonite|spe|1
|
|upkeep
|turn|17
|
|t:|1760750444
|move|p2a: Dragonite|Fire Punch|p1a: Drifblim
|-damage|p1a: Drifblim|38/100
|-status|p1a: Drifblim|brn
|-damage|p2a: Dragonite|84/100|[from] item: Rocky Helmet|[of] p1a: Drifblim
|-damage|p2a: Dragonite|74/100|[from] item: Life Orb
|move|p1a: Drifblim|Strength Sap|p2a: Dragonite
|-unboost|p2a: Dragonite|atk|1
|-heal|p1a: Drifblim|100/100 brn
|
|-damage|p1a: Drifblim|94/100 brn|[from] brn
|upkeep
|turn|18
|-message|Queersss forfeited.
|
|win|dmdkdkddkk
|raw|dmdkdkddkk's rating: 1130 &rarr; <strong>1158</strong><br />(+28 for winning)
|raw|Queersss's rating: 1176 &rarr; <strong>1148</strong><br />(-28 for losing)
|l|☆Queersss
|player|p2|
|l|☆dmdkdkddkk
|player|p1|
