|j|☆ALLTY2
|j|☆HZBKAI10
|t:|1760854088
|gametype|singles
|player|p1|ALLTY2|265|1060
|player|p2|HZBKAI10|1|1075
|gen|9
|tier|[Gen 9] OU
|rated|
|rule|HP Percentage Mod: HP is shown in percentages
|rule|Endless Battle Clause: Forcing endless battles is banned
|rule|Species Clause: Limit one of each Pokémon
|rule|OHKO Clause: OHKO moves are banned
|rule|Evasion Items Clause: Evasion items are banned
|rule|Evasion Moves Clause: Evasion moves are banned
|rule|Evasion Abilities Clause: Evasion abilities are banned
|rule|Sleep Moves Clause: Sleep-inducing moves are banned
|clearpoke
|poke|p1|Galvantula, F|
|poke|p1|Lucario, M|
|poke|p1|Quagsire, M|
|poke|p1|Dragonite, F|
|poke|p1|Bisharp, F|
|poke|p1|Cinccino, M|
|poke|p2|Iron Crown|
|poke|p2|Primarina, F|
|poke|p2|Toedscruel, M|
|poke|p2|Walking Wake|
|poke|p2|Heatran, F|
|poke|p2|Dragonite, F|
|teampreview
|
|t:|1760854124
|teamsize|p1|6
|teamsize|p2|6
|start
|switch|p1a: Quagsire|Quagsire, M|100/100
|switch|p2a: Walking Wake|Walking Wake|100/100
|turn|1
|
|t:|1760854130
|move|p2a: Walking Wake|Draco Meteor|p1a: Quagsire
|-damage|p1a: Quagsire|20/100
|-unboost|p2a: Walking Wake|spa|2
|move|p1a: Quagsire|Toxic|p2a: Walking Wake
|-status|p2a: Walking Wake|tox
|
|-heal|p1a: Quagsire|26/100|[from] item: Leftovers
|-damage|p2a: Walking Wake|94/100 tox|[from] psn
|upkeep
|turn|2
|
|t:|1760854139
|move|p2a: Walking Wake|Draco Meteor|p1a: Quagsire
|-damage|p1a: Quagsire|0 fnt
|-unboost|p2a: Walking Wake|spa|2
|faint|p1a: Quagsire
|
|-damage|p2a: Walking Wake|82/100 tox|[from] psn
|upkeep
|
|t:|1760854149
|switch|p1a: Dragonite|Dragonite, F|100/100
|turn|3
|
|t:|1760854152
|move|p2a: Walking Wake|Draco Meteor|p1a: Dragonite
|-supereffective|p1a: Dragonite
|-damage|p1a: Dragonite|76/100
|-unboost|p2a: Walking Wake|spa|2
|move|p1a: Dragonite|Dragon Claw|p2a: Walking Wake
|-supereffective|p2a: Walking Wake
|-damage|p2a: Walking Wake|0 fnt
|faint|p2a: Walking Wake
|-end|p2a: Walking Wake|Protosynthesis|[silent]
|
|-heal|p1a: Dragonite|82/100|[from] item: Leftovers
|upkeep
|
|t:|1760854152
|switch|p2a: Dragonite|Dragonite, F|100/100
|turn|4
|
|t:|1760854165
|move|p2a: Dragonite|Ice Spinner|p1a: Dragonite
|-supereffective|p1a: Dragonite
|-damage|p1a: Dragonite|0 fnt
|faint|p1a: Dragonite
|
|upkeep
|
|t:|1760854183
|switch|p1a: Cinccino|Cinccino, M|100/100
|turn|5
|
|t:|1760854188
|move|p1a: Cinccino|Tidy Up|p1a: Cinccino
|-boost|p1a: Cinccino|atk|1
|-boost|p1a: Cinccino|spe|1
|move|p2a: Dragonite|Earthquake|p1a: Cinccino
|-damage|p1a: Cinccino|35/100
|
|upkeep
|turn|6
|
|t:|1760854193
|move|p1a: Cinccino|Tail Slap|p2a: Dragonite|[miss]
|-miss|p1a: Cinccino|p2a: Dragonite
|move|p2a: Dragonite|Earthquake|p1a: Cinccino
|-damage|p1a: Cinccino|0 fnt
|faint|p1a: Cinccino
|
|upkeep
|
|t:|1760854206
|switch|p1a: Bisharp|Bisharp, F|100/100
|turn|7
|
|t:|1760854210
|move|p1a: Bisharp|Sucker Punch|p2a: Dragonite
|-damage|p2a: Dragonite|77/100
|move|p2a: Dragonite|Earthquake|p1a: Bisharp
|-supereffective|p1a: Bisharp
|-damage|p1a: Bisharp|40/100
|
|upkeep
|turn|8
|
|t:|1760854218
|move|p1a: Bisharp|Sucker Punch|p2a: Dragonite
|-damage|p2a: Dragonite|34/100
|move|p2a: Dragonite|Earthquake|p1a: Bisharp
|-supereffective|p1a: Bisharp
|-damage|p1a: Bisharp|0 fnt
|faint|p1a: Bisharp
|
|upkeep
|
|t:|1760854225
|switch|p1a: Galvantula|Galvantula, F, shiny|100/100
|turn|9
|
|t:|1760854229
|move|p1a: Galvantula|Thunder|p2a: Dragonite
|-damage|p2a: Dragonite|0 fnt
|faint|p2a: Dragonite
|
|upkeep
|
|t:|1760854229
|switch|p2a: Heatran|Heatran, F|100/100
|turn|10
|
|t:|1760854236
|move|p1a: Galvantula|Thunder Wave|p2a: Heatran|[miss]
|-miss|p1a: Galvantula|p2a: Heatran
|move|p2a: Heatran|Magma Storm|p1a: Galvantula
|-supereffective|p1a: Galvantula
|-enditem|p1a: Galvantula|Focus Sash
|-damage|p1a: Galvantula|1/100
|-activate|p1a: Galvantula|move: Magma Storm|[of] p2a: Heatran
|
|-damage|p1a: Galvantula|0 fnt|[from] move: Magma Storm|[partiallytrapped]
|faint|p1a: Galvantula
|upkeep
|
|t:|1760854245
|switch|p1a: Lucario|Lucario, M|100/100
|turn|11
|
|t:|1760854250
|move|p1a: Lucario|Close Combat|p2a: Heatran
|-supereffective|p2a: Heatran
|-damage|p2a: Heatran|0 fnt
|-unboost|p1a: Lucario|def|1
|-unboost|p1a: Lucario|spd|1
|faint|p2a: Heatran
|-damage|p1a: Lucario|91/100|[from] item: Life Orb
|
|upkeep
|
|t:|1760854250
|switch|p2a: Iron Crown|Iron Crown|100/100
|turn|12
|
|t:|1760854261
|move|p2a: Iron Crown|Focus Blast|p1a: Lucario
|-supereffective|p1a: Lucario
|-damage|p1a: Lucario|0 fnt
|faint|p1a: Lucario
|
|win|HZBKAI10
|raw|ALLTY2's rating: 1060 &rarr; <strong>1042</strong><br />(-18 for losing)
|raw|HZBKAI10's rating: 1075 &rarr; <strong>1103</strong><br />(+28 for winning)
|l|☆HZBKAI10
|player|p2|
|l|☆ALLTY2
|player|p1|
