|j|☆Shuckle Brother888
|j|☆jarrodbennett
|t:|1760882697
|gametype|singles
|player|p1|Shuckle Brother888|1|1582
|player|p2|jarrodbennett|170|1540
|gen|9
|tier|[Gen 9] OU
|rated|
|rule|HP Percentage Mod: HP is shown in percentages
|rule|Endless Battle Clause: Forcing endless battles is banned
|rule|Species Clause: Limit one of each Pokémon
|rule|OHKO Clause: OHKO moves are banned
|rule|Evasion Items Clause: Evasion items are banned
|rule|Evasion Moves Clause: Evasion moves are banned
|rule|Evasion Abilities Clause: Evasion abilities are banned
|rule|Sleep Moves Clause: Sleep-inducing moves are banned
|clearpoke
|poke|p1|Pelipper, M|
|poke|p1|Barraskewda, M|
|poke|p1|Raging Bolt|
|poke|p1|Ogerpon-Wellspring, F|
|poke|p1|Iron Treads|
|poke|p1|Walking Wake|
|poke|p2|Ribombee, F|
|poke|p2|Cinderace, F|
|poke|p2|Serperior, M|
|poke|p2|Hitmonlee, M|
|poke|p2|Empoleon, M|
|poke|p2|Kingambit, M|
|teampreview
|inactive|Battle timer is ON: inactive players will automatically lose when time's up. (requested by Shuckle Brother888)
|
|t:|1760882704
|teamsize|p1|6
|teamsize|p2|6
|start
|switch|p1a: Barraskewda|Barraskewda, M|100/100
|switch|p2a: Ya Like Jazz?|Ribombee, F|100/100
|turn|1
|
|t:|1760882716
|move|p2a: Ya Like Jazz?|Sticky Web|p1a: Barraskewda
|-sidestart|p1: Shuckle Brother888|move: Sticky Web
|move|p1a: Barraskewda|Flip Turn|p2a: Ya Like Jazz?
|-damage|p2a: Ya Like Jazz?|1/100
|
|t:|1760882720
|switch|p1a: Iron Treads|Iron Treads|100/100|[from] Flip Turn
|-activate|p1a: Iron Treads|move: Sticky Web
|-unboost|p1a: Iron Treads|spe|1
|
|upkeep
|turn|2
|
|t:|1760882727
|-terastallize|p2a: Ya Like Jazz?|Ghost
|move|p2a: Ya Like Jazz?|Charm|p1a: Iron Treads
|-unboost|p1a: Iron Treads|atk|2
|move|p1a: Iron Treads|Rapid Spin|p2a: Ya Like Jazz?
|-immune|p2a: Ya Like Jazz?
|
|upkeep
|turn|3
|
|t:|1760882735
|move|p2a: Ya Like Jazz?|Moonblast|p1a: Iron Treads
|-resisted|p1a: Iron Treads
|-damage|p1a: Iron Treads|80/100
|move|p1a: Iron Treads|Ice Spinner|p2a: Ya Like Jazz?
|-damage|p2a: Ya Like Jazz?|0 fnt
|faint|p2a: Ya Like Jazz?
|
|upkeep
|
|t:|1760882742
|switch|p2a: What's Up Doc?|Cinderace, F|100/100
|turn|4
|
|t:|1760882748
|-end|p1a: Iron Treads|Quark Drive|[silent]
|switch|p1a: Pelipper|Pelipper, M|100/100
|-weather|RainDance|[from] ability: Drizzle|[of] p1a: Pelipper
|move|p2a: What's Up Doc?|Court Change|p2a: What's Up Doc?
|-start|p2a: What's Up Doc?|typechange|Normal|[from] ability: Libero
|-swapsideconditions
|-activate|p2a: What's Up Doc?|move: Court Change
|
|-weather|RainDance|[upkeep]
|upkeep
|turn|5
|
|t:|1760882761
|switch|p2a: Taking a Dump|Kingambit, M|100/100
|-activate|p2a: Taking a Dump|move: Sticky Web
|-unboost|p2a: Taking a Dump|spe|1
|-ability|p2a: Taking a Dump|Defiant|boost
|-boost|p2a: Taking a Dump|atk|2
|switch|p1a: Walking Wake|Walking Wake|100/100
|
|-weather|RainDance|[upkeep]
|upkeep
|turn|6
|
|t:|1760882772
|move|p1a: Walking Wake|Surf|p2a: Taking a Dump
|-damage|p2a: Taking a Dump|30/100
|move|p2a: Taking a Dump|Kowtow Cleave|p1a: Walking Wake
|-damage|p1a: Walking Wake|3/100
|
|-weather|RainDance|[upkeep]
|upkeep
|turn|7
|
|t:|1760882788
|move|p2a: Taking a Dump|Sucker Punch|p1a: Walking Wake
|-damage|p1a: Walking Wake|0 fnt
|faint|p1a: Walking Wake
|-end|p1a: Walking Wake|Protosynthesis|[silent]
|
|-weather|RainDance|[upkeep]
|upkeep
|
|t:|1760882791
|switch|p1a: Raging Bolt|Raging Bolt|100/100
|turn|8
|
|t:|1760882800
|switch|p2a: What's Up Doc?|Cinderace, F|100/100
|move|p1a: Raging Bolt|Thunderclap||[still]
|-fail|p1a: Raging Bolt
|
|-weather|RainDance|[upkeep]
|upkeep
|turn|9
|
|t:|1760882807
|move|p2a: What's Up Doc?|High Jump Kick|p1a: Raging Bolt
|-start|p2a: What's Up Doc?|typechange|Fighting|[from] ability: Libero
|-damage|p1a: Raging Bolt|49/100
|move|p1a: Raging Bolt|Thunder|p2a: What's Up Doc?
|-damage|p2a: What's Up Doc?|0 fnt
|faint|p2a: What's Up Doc?
|
|-weather|RainDance|[upkeep]
|upkeep
|
|t:|1760882819
|switch|p2a: Kickin' Nugget|Hitmonlee, M|100/100
|-activate|p2a: Kickin' Nugget|move: Sticky Web
|-unboost|p2a: Kickin' Nugget|spe|1
|-enditem|p2a: Kickin' Nugget|White Herb
|-clearnegativeboost|p2a: Kickin' Nugget|[silent]
|turn|10
|
|t:|1760882836
|move|p2a: Kickin' Nugget|Swords Dance|p2a: Kickin' Nugget
|-boost|p2a: Kickin' Nugget|atk|2
|move|p1a: Raging Bolt|Thunder|p2a: Kickin' Nugget
|-damage|p2a: Kickin' Nugget|0 fnt
|faint|p2a: Kickin' Nugget
|
|-weather|RainDance|[upkeep]
|upkeep
|
|t:|1760882845
|switch|p2a: Slytherin|Serperior, M|100/100
|-activate|p2a: Slytherin|move: Sticky Web
|-boost|p2a: Slytherin|spe|1
|turn|11
|
|t:|1760882851
|move|p2a: Slytherin|Leaf Storm|p1a: Raging Bolt
|-resisted|p1a: Raging Bolt
|-damage|p1a: Raging Bolt|30/100
|-boost|p2a: Slytherin|spa|2
|move|p1a: Raging Bolt|Draco Meteor|p2a: Slytherin
|-damage|p2a: Slytherin|0 fnt
|-unboost|p1a: Raging Bolt|spa|2
|faint|p2a: Slytherin
|
|-weather|none
|upkeep
|
|t:|1760882863
|switch|p2a: Taking a Dump|Kingambit, M|30/100
|-activate|p2a: Taking a Dump|move: Sticky Web
|-unboost|p2a: Taking a Dump|spe|1
|-ability|p2a: Taking a Dump|Defiant|boost
|-boost|p2a: Taking a Dump|atk|2
|turn|12
|
|t:|1760882869
|-end|p1a: Raging Bolt|Protosynthesis|[silent]
|switch|p1a: Pelipper|Pelipper, M|100/100
|-weather|RainDance|[from] ability: Drizzle|[of] p1a: Pelipper
|move|p2a: Taking a Dump|Kowtow Cleave|p1a: Pelipper
|-damage|p1a: Pelipper|26/100
|
|-weather|RainDance|[upkeep]
|upkeep
|turn|13
|
|t:|1760882878
|move|p1a: Pelipper|Surf|p2a: Taking a Dump
|-damage|p2a: Taking a Dump|0 fnt
|faint|p2a: Taking a Dump
|
|-weather|RainDance|[upkeep]
|upkeep
|
|t:|1760882884
|switch|p2a: Big Z|Empoleon, M|100/100
|-activate|p2a: Big Z|move: Sticky Web
|-unboost|p2a: Big Z|spe|1
|-ability|p2a: Big Z|Competitive|boost
|-boost|p2a: Big Z|spa|2
|turn|14
|
|t:|1760882889
|move|p1a: Pelipper|U-turn|p2a: Big Z
|-resisted|p2a: Big Z
|-damage|p2a: Big Z|96/100
|
|t:|1760882900
|switch|p1a: Barraskewda|Barraskewda, M|100/100|[from] U-turn
|move|p2a: Big Z|Ice Beam|p1a: Barraskewda
|-resisted|p1a: Barraskewda
|-damage|p1a: Barraskewda|36/100
|
|-weather|RainDance|[upkeep]
|upkeep
|turn|15
|
|t:|1760882909
|move|p2a: Big Z|Vacuum Wave|p1a: Barraskewda
|-damage|p1a: Barraskewda|0 fnt
|faint|p1a: Barraskewda
|
|-weather|RainDance|[upkeep]
|upkeep
|
|t:|1760882914
|switch|p1a: Raging Bolt|Raging Bolt|30/100
|turn|16
|
|t:|1760882918
|-terastallize|p1a: Raging Bolt|Fairy
|move|p2a: Big Z|Vacuum Wave|p1a: Raging Bolt
|-resisted|p1a: Raging Bolt
|-damage|p1a: Raging Bolt|19/100
|move|p1a: Raging Bolt|Thunder|p2a: Big Z
|-supereffective|p2a: Big Z
|-damage|p2a: Big Z|0 fnt
|faint|p2a: Big Z
|
|win|Shuckle Brother888
|raw|Shuckle Brother888's rating: 1582 &rarr; <strong>1600</strong><br />(+18 for winning)
|raw|jarrodbennett's rating: 1540 &rarr; <strong>1522</strong><br />(-18 for losing)
|l|☆jarrodbennett
|player|p2|
|l|☆Shuckle Brother888
|player|p1|
