|j|☆Durianelitemandem
|j|☆javiconb
|t:|1760737633
|gametype|singles
|player|p1|Durianelitemandem|lucas|1255
|player|p2|javiconb|170|1261
|gen|9
|tier|[Gen 9] OU
|rated|
|rule|HP Percentage Mod: HP is shown in percentages
|rule|Endless Battle Clause: Forcing endless battles is banned
|rule|Species Clause: Limit one of each Pokémon
|rule|OHKO Clause: OHKO moves are banned
|rule|Evasion Items Clause: Evasion items are banned
|rule|Evasion Moves Clause: Evasion moves are banned
|rule|Evasion Abilities Clause: Evasion abilities are banned
|rule|Sleep Moves Clause: Sleep-inducing moves are banned
|clearpoke
|poke|p1|Blastoise, M|
|poke|p1|Scizor, M|
|poke|p1|Arcanine-Hisui, M|
|poke|p1|Sinistcha-Masterpiece|
|poke|p1|Excadrill, F|
|poke|p1|Conkeldurr, F|
|poke|p2|Rabsca, M|
|poke|p2|Slowking-Galar, F|
|poke|p2|Ursaluna, F|
|poke|p2|Azumarill, F|
|poke|p2|Mimikyu, F|
|poke|p2|Kingambit, M|
|teampreview
|inactive|Battle timer is ON: inactive players will automatically lose when time's up. (requested by Durianelitemandem)
|
|t:|1760737639
|teamsize|p1|6
|teamsize|p2|6
|start
|switch|p1a: Arcanine|Arcanine-Hisui, M|100/100
|switch|p2a: Azumarill|Azumarill, F|100/100
|turn|1
|
|t:|1760737650
|move|p1a: Arcanine|Stealth Rock|p2a: Azumarill
|-sidestart|p2: javiconb|move: Stealth Rock
|move|p2a: Azumarill|Liquidation|p1a: Arcanine
|-supereffective|p1a: Arcanine
|-enditem|p1a: Arcanine|Focus Sash
|-damage|p1a: Arcanine|1/100
|
|upkeep
|turn|2
|
|t:|1760737655
|move|p2a: Azumarill|Aqua Jet|p1a: Arcanine
|-supereffective|p1a: Arcanine
|-damage|p1a: Arcanine|0 fnt
|faint|p1a: Arcanine
|
|upkeep
|
|t:|1760737661
|switch|p1a: Sinistcha|Sinistcha-Masterpiece|100/100
|turn|3
|
|t:|1760737665
|move|p1a: Sinistcha|Calm Mind|p1a: Sinistcha
|-boost|p1a: Sinistcha|spa|1
|-boost|p1a: Sinistcha|spd|1
|move|p2a: Azumarill|Knock Off|p1a: Sinistcha
|-supereffective|p1a: Sinistcha
|-damage|p1a: Sinistcha|45/100
|-enditem|p1a: Sinistcha|Heavy-Duty Boots|[from] move: Knock Off|[of] p2a: Azumarill
|
|upkeep
|turn|4
|
|t:|1760737687
|switch|p2a: Slowking|Slowking-Galar, F|100/100
|-damage|p2a: Slowking|88/100|[from] Stealth Rock
|move|p1a: Sinistcha|Strength Sap|p2a: Slowking
|-unboost|p2a: Slowking|atk|1
|-heal|p1a: Sinistcha|84/100
|
|upkeep
|turn|5
|
|t:|1760737695
|move|p1a: Sinistcha|Calm Mind|p1a: Sinistcha
|-boost|p1a: Sinistcha|spa|1
|-boost|p1a: Sinistcha|spd|1
|move|p2a: Slowking|Trick Room|p2a: Slowking
|-fieldstart|move: Trick Room|[of] p2a: Slowking
|
|upkeep
|turn|6
|
|t:|1760737699
|move|p2a: Slowking|Sludge Wave|p1a: Sinistcha
|-damage|p1a: Sinistcha|45/100
|-damage|p2a: Slowking|78/100|[from] item: Life Orb
|move|p1a: Sinistcha|Calm Mind|p1a: Sinistcha
|-boost|p1a: Sinistcha|spa|1
|-boost|p1a: Sinistcha|spd|1
|
|upkeep
|turn|7
|
|t:|1760737705
|move|p2a: Slowking|Sludge Wave|p1a: Sinistcha
|-damage|p1a: Sinistcha|13/100
|-damage|p2a: Slowking|68/100|[from] item: Life Orb
|move|p1a: Sinistcha|Shadow Ball|p2a: Slowking
|-supereffective|p2a: Slowking
|-damage|p2a: Slowking|0 fnt
|faint|p2a: Slowking
|
|upkeep
|
|t:|1760737712
|switch|p2a: Ursaluna|Ursaluna, F|100/100
|-damage|p2a: Ursaluna|94/100|[from] Stealth Rock
|turn|8
|
|t:|1760737715
|move|p2a: Ursaluna|Crunch|p1a: Sinistcha
|-supereffective|p1a: Sinistcha
|-damage|p1a: Sinistcha|0 fnt
|faint|p1a: Sinistcha
|
|-status|p2a: Ursaluna|brn|[from] item: Flame Orb
|upkeep
|
|t:|1760737727
|switch|p1a: Conkeldurr|Conkeldurr, F|100/100
|turn|9
|
|t:|1760737733
|-terastallize|p2a: Ursaluna|Normal
|move|p1a: Conkeldurr|Mach Punch|p2a: Ursaluna
|-supereffective|p2a: Ursaluna
|-damage|p2a: Ursaluna|63/100 brn
|move|p2a: Ursaluna|Facade|p1a: Conkeldurr
|-damage|p1a: Conkeldurr|0 fnt
|faint|p1a: Conkeldurr
|
|-damage|p2a: Ursaluna|57/100 brn|[from] brn
|-fieldend|move: Trick Room
|upkeep
|inactive|Durianelitemandem has 120 seconds left.
|
|t:|1760737769
|switch|p1a: Scizor|Scizor, M|100/100
|turn|10
|
|t:|1760737777
|switch|p2a: Azumarill|Azumarill, F|100/100
|-damage|p2a: Azumarill|88/100|[from] Stealth Rock
|move|p1a: Scizor|U-turn|p2a: Azumarill
|-resisted|p2a: Azumarill
|-damage|p2a: Azumarill|69/100
|
|t:|1760737783
|switch|p1a: Excadrill|Excadrill, F|100/100|[from] U-turn
|-ability|p1a: Excadrill|Mold Breaker
|-item|p1a: Excadrill|Air Balloon
|
|upkeep
|turn|11
|
|t:|1760737789
|move|p2a: Azumarill|Aqua Jet|p1a: Excadrill
|-supereffective|p1a: Excadrill
|-damage|p1a: Excadrill|30/100
|-enditem|p1a: Excadrill|Air Balloon
|move|p1a: Excadrill|Iron Head|p2a: Azumarill
|-damage|p2a: Azumarill|27/100
|
|upkeep
|turn|12
|
|t:|1760737799
|move|p2a: Azumarill|Aqua Jet|p1a: Excadrill
|-supereffective|p1a: Excadrill
|-damage|p1a: Excadrill|0 fnt
|faint|p1a: Excadrill
|
|upkeep
|
|t:|1760737804
|switch|p1a: Scizor|Scizor, M|100/100
|turn|13
|
|t:|1760737808
|move|p1a: Scizor|Bullet Punch|p2a: Azumarill
|-damage|p2a: Azumarill|0 fnt
|faint|p2a: Azumarill
|
|upkeep
|
|t:|1760737821
|switch|p2a: Rabsca|Rabsca, M|100/100
|turn|14
|
|t:|1760737823
|move|p1a: Scizor|Knock Off|p2a: Rabsca
|-supereffective|p2a: Rabsca
|-damage|p2a: Rabsca|39/100
|-enditem|p2a: Rabsca|Heavy-Duty Boots|[from] move: Knock Off|[of] p1a: Scizor
|move|p2a: Rabsca|Trick Room|p2a: Rabsca
|-fieldstart|move: Trick Room|[of] p2a: Rabsca
|
|upkeep
|turn|15
|
|t:|1760737829
|move|p2a: Rabsca|Memento|p1a: Scizor
|-unboost|p1a: Scizor|atk|2
|-unboost|p1a: Scizor|spa|2
|faint|p2a: Rabsca
|move|p1a: Scizor|Knock Off|p2: Rabsca|[notarget]
|-fail|p1a: Scizor
|
|upkeep
|
|t:|1760737833
|switch|p2a: Ursaluna|Ursaluna, F, tera:Normal|57/100 brn
|-damage|p2a: Ursaluna|45/100 brn|[from] Stealth Rock
|turn|16
|inactive|javiconb has 120 seconds left.
|
|t:|1760737886
|move|p2a: Ursaluna|Headlong Rush|p1a: Scizor
|-damage|p1a: Scizor|0 fnt
|-unboost|p2a: Ursaluna|def|1
|-unboost|p2a: Ursaluna|spd|1
|faint|p1a: Scizor
|
|-damage|p2a: Ursaluna|39/100 brn|[from] brn
|upkeep
|
|t:|1760737890
|switch|p1a: Blastoise|Blastoise, M|100/100
|turn|17
|-message|Durianelitemandem forfeited.
|
|win|javiconb
|raw|Durianelitemandem's rating: 1255 &rarr; <strong>1230</strong><br />(-25 for losing)
|raw|javiconb's rating: 1261 &rarr; <strong>1286</strong><br />(+25 for winning)
|l|☆Durianelitemandem
|player|p1|
|l|☆javiconb
|player|p2|
