|j|‽kensukeushio
|j|☆hehe moon
|t:|1760807710
|gametype|singles
|player|p1|kensukeushio|fantina|1555
|player|p2|hehe moon|cheryl|1517
|gen|9
|tier|[Gen 9] OU
|rated|
|rule|HP Percentage Mod: HP is shown in percentages
|rule|Endless Battle Clause: Forcing endless battles is banned
|rule|Species Clause: Limit one of each Pokémon
|rule|OHKO Clause: OHKO moves are banned
|rule|Evasion Items Clause: Evasion items are banned
|rule|Evasion Moves Clause: Evasion moves are banned
|rule|Evasion Abilities Clause: Evasion abilities are banned
|rule|Sleep Moves Clause: Sleep-inducing moves are banned
|clearpoke
|poke|p1|Araquanid, M|
|poke|p1|Cinderace, F|
|poke|p1|Kingambit, M|
|poke|p1|Serperior, M|
|poke|p1|Ceruledge, M|
|poke|p1|Enamorus, F|
|poke|p2|Araquanid, M|
|poke|p2|Gholdengo|
|poke|p2|Kingambit, M|
|poke|p2|Iron Moth|
|poke|p2|Raging Bolt|
|poke|p2|Enamorus, F|
|teampreview
|inactive|Battle timer is ON: inactive players will automatically lose when time's up. (requested by hehe moon)
|
|t:|1760807738
|teamsize|p1|6
|teamsize|p2|6
|start
|switch|p1a: Araquanid|Araquanid, M|100/100
|switch|p2a: Enamorus|Enamorus, F|100/100
|turn|1
|
|t:|1760807750
|move|p2a: Enamorus|Moonblast|p1a: Araquanid
|-damage|p1a: Araquanid|38/100
|-unboost|p1a: Araquanid|spa|1
|move|p1a: Araquanid|Sticky Web|p2a: Enamorus
|-sidestart|p2: hehe moon|move: Sticky Web
|
|upkeep
|turn|2
|
|t:|1760807753
|move|p1a: Araquanid|Endure|p1a: Araquanid
|-singleturn|p1a: Araquanid|move: Endure
|move|p2a: Enamorus|Moonblast|p1a: Araquanid
|-activate|p1a: Araquanid|move: Endure
|-damage|p1a: Araquanid|1/100
|
|upkeep
|turn|3
|-enditem|p1a: Araquanid|Custap Berry|[eat]
|-activate|p1a: Araquanid|item: Custap Berry|[consumed]
|
|t:|1760807756
|switch|p2a: Araquanid|Araquanid, M|100/100
|-activate|p2a: Araquanid|move: Sticky Web
|-unboost|p2a: Araquanid|spe|1
|move|p1a: Araquanid|Surf|p2a: Araquanid
|-resisted|p2a: Araquanid
|-damage|p2a: Araquanid|86/100
|
|upkeep
|turn|4
|
|t:|1760807763
|move|p1a: Araquanid|Endeavor|p2a: Araquanid
|-damage|p2a: Araquanid|1/100
|move|p2a: Araquanid|Surf|p1a: Araquanid
|-resisted|p1a: Araquanid
|-damage|p1a: Araquanid|0 fnt
|faint|p1a: Araquanid
|
|upkeep
|
|t:|1760807768
|switch|p1a: Serperior|Serperior, M|100/100
|turn|5
|-enditem|p2a: Araquanid|Custap Berry|[eat]
|-activate|p2a: Araquanid|item: Custap Berry|[consumed]
|
|t:|1760807769
|switch|p1a: Ceruledge|Ceruledge, M|100/100
|move|p2a: Araquanid|Endeavor|p1a: Ceruledge
|-immune|p1a: Ceruledge
|
|upkeep
|turn|6
|
|t:|1760807774
|move|p1a: Ceruledge|Shadow Sneak|p2a: Araquanid
|-crit|p2a: Araquanid
|-damage|p2a: Araquanid|0 fnt
|faint|p2a: Araquanid
|
|upkeep
|
|t:|1760807787
|switch|p2a: Raging Bolt|Raging Bolt|100/100
|-activate|p2a: Raging Bolt|move: Sticky Web
|-unboost|p2a: Raging Bolt|spe|1
|-enditem|p2a: Raging Bolt|Booster Energy
|-activate|p2a: Raging Bolt|ability: Protosynthesis|[fromitem]
|-start|p2a: Raging Bolt|protosynthesisspa
|turn|7
|
|t:|1760807816
|move|p1a: Ceruledge|Close Combat|p2a: Raging Bolt
|-damage|p2a: Raging Bolt|57/100
|-unboost|p1a: Ceruledge|def|1
|-unboost|p1a: Ceruledge|spd|1
|move|p2a: Raging Bolt|Calm Mind|p2a: Raging Bolt
|-boost|p2a: Raging Bolt|spa|1
|-boost|p2a: Raging Bolt|spd|1
|
|upkeep
|turn|8
|
|t:|1760807821
|move|p1a: Ceruledge|Close Combat|p2a: Raging Bolt
|-damage|p2a: Raging Bolt|16/100
|-unboost|p1a: Ceruledge|def|1
|-unboost|p1a: Ceruledge|spd|1
|move|p2a: Raging Bolt|Thunderbolt|p1a: Ceruledge
|-enditem|p1a: Ceruledge|Focus Sash
|-damage|p1a: Ceruledge|1/100
|
|upkeep
|turn|9
|
|t:|1760807825
|move|p1a: Ceruledge|Shadow Sneak|p2a: Raging Bolt
|-damage|p2a: Raging Bolt|0 fnt
|faint|p2a: Raging Bolt
|-end|p2a: Raging Bolt|Protosynthesis|[silent]
|
|upkeep
|
|t:|1760807828
|switch|p2a: Kingambit|Kingambit, M|100/100
|-activate|p2a: Kingambit|move: Sticky Web
|-unboost|p2a: Kingambit|spe|1
|-activate|p2a: Kingambit|ability: Supreme Overlord
|-start|p2a: Kingambit|fallen2|[silent]
|turn|10
|
|t:|1760807832
|move|p2a: Kingambit|Sucker Punch|p1a: Ceruledge
|-supereffective|p1a: Ceruledge
|-damage|p1a: Ceruledge|0 fnt
|faint|p1a: Ceruledge
|
|upkeep
|
|t:|1760807836
|switch|p1a: Cinderace|Cinderace, F|100/100
|turn|11
|
|t:|1760807839
|-end|p2a: Kingambit|fallen2|[silent]
|switch|p2a: Iron Moth|Iron Moth|100/100
|-activate|p2a: Iron Moth|move: Sticky Web
|-unboost|p2a: Iron Moth|spe|1
|-enditem|p2a: Iron Moth|Booster Energy
|-activate|p2a: Iron Moth|ability: Quark Drive|[fromitem]
|-start|p2a: Iron Moth|quarkdrivespa
|move|p1a: Cinderace|Pyro Ball|p2a: Iron Moth
|-resisted|p2a: Iron Moth
|-damage|p2a: Iron Moth|55/100
|
|upkeep
|turn|12
|
|t:|1760807851
|move|p1a: Cinderace|Sucker Punch|p2a: Iron Moth
|-start|p1a: Cinderace|typechange|Dark|[from] ability: Libero
|-damage|p2a: Iron Moth|6/100
|move|p2a: Iron Moth|Fiery Dance|p1a: Cinderace
|-damage|p1a: Cinderace|19/100
|
|upkeep
|turn|13
|
|t:|1760807854
|move|p1a: Cinderace|Pyro Ball|p2a: Iron Moth
|-resisted|p2a: Iron Moth
|-damage|p2a: Iron Moth|0 fnt
|faint|p2a: Iron Moth
|-end|p2a: Iron Moth|Quark Drive|[silent]
|
|upkeep
|
|t:|1760807859
|switch|p2a: Kingambit|Kingambit, M|100/100
|-activate|p2a: Kingambit|move: Sticky Web
|-unboost|p2a: Kingambit|spe|1
|-activate|p2a: Kingambit|ability: Supreme Overlord
|-start|p2a: Kingambit|fallen3|[silent]
|turn|14
|
|t:|1760807872
|move|p1a: Cinderace|High Jump Kick|p2a: Kingambit
|-supereffective|p2a: Kingambit
|-damage|p2a: Kingambit|0 fnt
|faint|p2a: Kingambit
|-end|p2a: Kingambit|fallen3|[silent]
|
|upkeep
|
|t:|1760807877
|switch|p2a: Gholdengo|Gholdengo|100/100
|-item|p2a: Gholdengo|Air Balloon
|turn|15
|
|t:|1760807882
|-terastallize|p2a: Gholdengo|Fairy
|move|p1a: Cinderace|Pyro Ball|p2a: Gholdengo
|-damage|p2a: Gholdengo|53/100
|-enditem|p2a: Gholdengo|Air Balloon
|move|p2a: Gholdengo|Shadow Ball|p1a: Cinderace
|-resisted|p1a: Cinderace
|-damage|p1a: Cinderace|0 fnt
|faint|p1a: Cinderace
|
|upkeep
|
|t:|1760807897
|switch|p1a: Enamorus|Enamorus, F|100/100
|turn|16
|
|t:|1760807900
|move|p1a: Enamorus|Moonblast|p2a: Gholdengo
|-crit|p2a: Gholdengo
|-damage|p2a: Gholdengo|0 fnt
|faint|p2a: Gholdengo
|
|upkeep
|
|t:|1760807903
|switch|p2a: Enamorus|Enamorus, F|100/100
|turn|17
|
|t:|1760807906
|move|p2a: Enamorus|Moonblast|p1a: Enamorus
|-damage|p1a: Enamorus|0 fnt
|faint|p1a: Enamorus
|
|upkeep
|
|t:|1760807910
|switch|p1a: Kingambit|Kingambit, M|100/100
|-activate|p1a: Kingambit|ability: Supreme Overlord
|-start|p1a: Kingambit|fallen4|[silent]
|turn|18
|
|t:|1760807912
|move|p2a: Enamorus|Moonblast|p1a: Kingambit
|-damage|p1a: Kingambit|27/100
|move|p1a: Kingambit|Iron Head|p2a: Enamorus
|-supereffective|p2a: Enamorus
|-damage|p2a: Enamorus|0 fnt
|faint|p2a: Enamorus
|
|win|kensukeushio
|raw|kensukeushio's rating: 1555 &rarr; <strong>1573</strong><br />(+18 for winning)
|raw|hehe moon's rating: 1517 &rarr; <strong>1499</strong><br />(-18 for losing)
|l|☆hehe moon
|player|p2|
|l|‽kensukeushio
|player|p1|
