|j|☆luisito rey yt
|j|☆jadhe
|t:|1760837650
|gametype|singles
|player|p1|luisito rey yt|unknown|1223
|player|p2|jadhe|2|1169
|gen|9
|tier|[Gen 9] OU
|rated|
|rule|HP Percentage Mod: HP is shown in percentages
|rule|Endless Battle Clause: Forcing endless battles is banned
|rule|Species Clause: Limit one of each Pokémon
|rule|OHKO Clause: OHKO moves are banned
|rule|Evasion Items Clause: Evasion items are banned
|rule|Evasion Moves Clause: Evasion moves are banned
|rule|Evasion Abilities Clause: Evasion abilities are banned
|rule|Sleep Moves Clause: Sleep-inducing moves are banned
|clearpoke
|poke|p1|Skeledirge, M|
|poke|p1|Iron Valiant|
|poke|p1|Serperior, M|
|poke|p1|Zapdos-Galar|
|poke|p1|Dragonite, F|
|poke|p1|Maushold|
|poke|p2|Gliscor, F|
|poke|p2|Tropius, M|
|poke|p2|Cinderace, M|
|poke|p2|Indeedee, M|
|poke|p2|Iron Treads|
|poke|p2|Heatran, M|
|teampreview
|
|t:|1760837659
|teamsize|p1|6
|teamsize|p2|6
|start
|switch|p1a: Zapdos|Zapdos-Galar|100/100
|switch|p2a: Cinderace|Cinderace, M|100/100
|turn|1
|
|t:|1760837670
|move|p1a: Zapdos|Brave Bird|p2a: Cinderace
|-damage|p2a: Cinderace|6/100
|-damage|p1a: Zapdos|72/100|[from] Recoil
|move|p2a: Cinderace|U-turn|p1a: Zapdos
|-start|p2a: Cinderace|typechange|Bug|[from] ability: Libero
|-resisted|p1a: Zapdos
|-damage|p1a: Zapdos|59/100
|-damage|p2a: Cinderace|0 fnt|[from] item: Life Orb
|faint|p2a: Cinderace
|
|upkeep
|
|t:|1760837683
|switch|p2a: Gliscor|Gliscor, F|100/100
|turn|2
|
|t:|1760837688
|move|p1a: Zapdos|Brave Bird|p2a: Gliscor
|-damage|p2a: Gliscor|65/100
|-damage|p1a: Zapdos|47/100|[from] Recoil
|move|p2a: Gliscor|Substitute|p2a: Gliscor
|-start|p2a: Gliscor|Substitute
|-damage|p2a: Gliscor|41/100
|
|-status|p2a: Gliscor|tox|[from] item: Toxic Orb
|upkeep
|turn|3
|
|t:|1760837696
|switch|p1a: Skeledirge|Skeledirge, M, shiny|100/100
|move|p2a: Gliscor|Protect||[still]
|-fail|p2a: Gliscor
|
|-heal|p2a: Gliscor|53/100 tox|[from] ability: Poison Heal
|upkeep
|turn|4
|
|t:|1760837703
|-terastallize|p1a: Skeledirge|Normal
|move|p2a: Gliscor|Toxic|p1a: Skeledirge
|-status|p1a: Skeledirge|tox
|move|p1a: Skeledirge|Torch Song|p2a: Gliscor
|-damage|p2a: Gliscor|15/100 tox
|-boost|p1a: Skeledirge|spa|1
|
|-heal|p2a: Gliscor|27/100 tox|[from] ability: Poison Heal
|-damage|p1a: Skeledirge|94/100 tox|[from] psn
|upkeep
|turn|5
|
|t:|1760837716
|move|p2a: Gliscor|Protect|p2a: Gliscor
|-singleturn|p2a: Gliscor|Protect
|move|p1a: Skeledirge|Hex|p2a: Gliscor
|-activate|p2a: Gliscor|move: Protect
|
|-heal|p1a: Skeledirge|100/100 tox|[from] item: Leftovers
|-heal|p2a: Gliscor|39/100 tox|[from] ability: Poison Heal
|-damage|p1a: Skeledirge|88/100 tox|[from] psn
|upkeep
|turn|6
|inactive|Battle timer is ON: inactive players will automatically lose when time's up. (requested by luisito rey yt)
|
|t:|1760837760
|-terastallize|p2a: Gliscor|Water
|move|p2a: Gliscor|Substitute|p2a: Gliscor
|-fail|p2a: Gliscor|move: Substitute
|move|p1a: Skeledirge|Torch Song|p2a: Gliscor
|-resisted|p2a: Gliscor
|-damage|p2a: Gliscor|12/100 tox
|-boost|p1a: Skeledirge|spa|1
|
|-heal|p1a: Skeledirge|94/100 tox|[from] item: Leftovers
|-heal|p2a: Gliscor|24/100 tox|[from] ability: Poison Heal
|-damage|p1a: Skeledirge|76/100 tox|[from] psn
|upkeep
|turn|7
|
|t:|1760837774
|move|p2a: Gliscor|Protect|p2a: Gliscor
|-singleturn|p2a: Gliscor|Protect
|move|p1a: Skeledirge|Slack Off|p1a: Skeledirge
|-heal|p1a: Skeledirge|100/100 tox
|
|-heal|p2a: Gliscor|37/100 tox|[from] ability: Poison Heal
|-damage|p1a: Skeledirge|76/100 tox|[from] psn
|upkeep
|turn|8
|
|t:|1760837790
|move|p2a: Gliscor|Earthquake|p1a: Skeledirge
|-damage|p1a: Skeledirge|49/100 tox
|move|p1a: Skeledirge|Torch Song|p2a: Gliscor
|-resisted|p2a: Gliscor
|-damage|p2a: Gliscor|0 fnt
|-boost|p1a: Skeledirge|spa|1
|faint|p2a: Gliscor
|
|-heal|p1a: Skeledirge|56/100 tox|[from] item: Leftovers
|-damage|p1a: Skeledirge|25/100 tox|[from] psn
|upkeep
|inactive|jadhe has 120 seconds left.
|
|t:|1760837826
|switch|p2a: Indeedee|Indeedee, M|100/100
|-fieldstart|move: Psychic Terrain|[from] ability: Psychic Surge|[of] p2a: Indeedee
|turn|9
|
|t:|1760837829
|move|p2a: Indeedee|Psychic|p1a: Skeledirge
|-damage|p1a: Skeledirge|0 fnt
|faint|p1a: Skeledirge
|
|upkeep
|
|t:|1760837837
|switch|p1a: Serperior|Serperior, M, shiny|100/100
|turn|10
|
|t:|1760837843
|move|p2a: Indeedee|Psychic|p1a: Serperior
|-damage|p1a: Serperior|28/100
|move|p1a: Serperior|Leaf Storm|p2a: Indeedee
|-damage|p2a: Indeedee|33/100
|-boost|p1a: Serperior|spa|2
|
|upkeep
|turn|11
|
|t:|1760837850
|move|p2a: Indeedee|Psychic|p1a: Serperior
|-damage|p1a: Serperior|0 fnt
|faint|p1a: Serperior
|
|upkeep
|
|t:|1760837857
|switch|p1a: Dragonite|Dragonite, F, shiny|100/100
|turn|12
|
|t:|1760837867
|move|p2a: Indeedee|Psychic|p1a: Dragonite
|-damage|p1a: Dragonite|70/100
|-unboost|p1a: Dragonite|spd|1
|move|p1a: Dragonite|Earthquake|p2a: Indeedee
|-damage|p2a: Indeedee|0 fnt
|faint|p2a: Indeedee
|
|upkeep
|
|t:|1760837877
|switch|p2a: Heatran|Heatran, M|100/100
|-item|p2a: Heatran|Air Balloon
|turn|13
|
|t:|1760837887
|switch|p1a: Zapdos|Zapdos-Galar|47/100
|move|p2a: Heatran|Flash Cannon|p1a: Zapdos
|-damage|p1a: Zapdos|0 fnt
|faint|p1a: Zapdos
|
|-fieldend|move: Psychic Terrain
|upkeep
|
|t:|1760837898
|switch|p1a: Iron Valiant|Iron Valiant, shiny|100/100
|-enditem|p1a: Iron Valiant|Booster Energy
|-activate|p1a: Iron Valiant|ability: Quark Drive|[fromitem]
|-start|p1a: Iron Valiant|quarkdrivespe
|turn|14
|
|t:|1760837908
|switch|p2a: Tropius|Tropius, M|100/100
|move|p1a: Iron Valiant|Destiny Bond|p1a: Iron Valiant
|-singlemove|p1a: Iron Valiant|Destiny Bond
|
|upkeep
|turn|15
|
|t:|1760837915
|move|p1a: Iron Valiant|Poison Jab|p2a: Tropius
|-supereffective|p2a: Tropius
|-damage|p2a: Tropius|46/100
|-enditem|p2a: Tropius|Sitrus Berry|[eat]
|-heal|p2a: Tropius|71/100|[from] item: Sitrus Berry
|move|p2a: Tropius|Substitute|p2a: Tropius
|-start|p2a: Tropius|Substitute
|-damage|p2a: Tropius|46/100
|
|upkeep
|turn|16
|
|t:|1760837922
|move|p2a: Tropius|Protect|p2a: Tropius
|-singleturn|p2a: Tropius|Protect
|move|p1a: Iron Valiant|Poison Jab|p2a: Tropius
|-activate|p2a: Tropius|move: Protect
|
|upkeep
|turn|17
|
|t:|1760837928
|move|p1a: Iron Valiant|Poison Jab|p2a: Tropius
|-supereffective|p2a: Tropius
|-end|p2a: Tropius|Substitute
|move|p2a: Tropius|Leech Seed|p1a: Iron Valiant
|-start|p1a: Iron Valiant|move: Leech Seed
|
|-damage|p1a: Iron Valiant|88/100|[from] Leech Seed|[of] p2a: Tropius
|-heal|p2a: Tropius|55/100|[silent]
|upkeep
|turn|18
|
|t:|1760837939
|-end|p1a: Iron Valiant|Quark Drive|[silent]
|switch|p1a: Maushold|Maushold, shiny|100/100
|move|p2a: Tropius|Protect||[still]
|-fail|p2a: Tropius
|
|-item|p2a: Tropius|Sitrus Berry|[from] ability: Harvest
|upkeep
|turn|19
|
|t:|1760837951
|move|p1a: Maushold|Population Bomb|p2a: Tropius
|-damage|p2a: Tropius|43/100
|-enditem|p2a: Tropius|Sitrus Berry|[eat]
|-heal|p2a: Tropius|68/100|[from] item: Sitrus Berry
|-hitcount|p2a: Tropius|1
|move|p2a: Tropius|Leech Seed|p1a: Maushold
|-start|p1a: Maushold|move: Leech Seed
|
|-damage|p1a: Maushold|88/100|[from] Leech Seed|[of] p2a: Tropius
|-heal|p2a: Tropius|77/100|[silent]
|upkeep
|turn|20
|
|t:|1760837963
|switch|p1a: Iron Valiant|Iron Valiant, shiny|88/100
|move|p2a: Tropius|Protect||[still]
|-fail|p2a: Tropius
|
|-item|p2a: Tropius|Sitrus Berry|[from] ability: Harvest
|upkeep
|turn|21
|
|t:|1760837970
|move|p1a: Iron Valiant|Poison Jab|p2a: Tropius
|-supereffective|p2a: Tropius
|-damage|p2a: Tropius|17/100
|-enditem|p2a: Tropius|Sitrus Berry|[eat]
|-heal|p2a: Tropius|42/100|[from] item: Sitrus Berry
|move|p2a: Tropius|Leech Seed|p1a: Iron Valiant
|-start|p1a: Iron Valiant|move: Leech Seed
|
|-damage|p1a: Iron Valiant|76/100|[from] Leech Seed|[of] p2a: Tropius
|-heal|p2a: Tropius|51/100|[silent]
|-item|p2a: Tropius|Sitrus Berry|[from] ability: Harvest
|upkeep
|turn|22
|
|t:|1760837986
|-end|p1a: Iron Valiant|Quark Drive|[silent]
|switch|p1a: Maushold|Maushold, shiny|88/100
|switch|p2a: Iron Treads|Iron Treads|100/100
|-enditem|p2a: Iron Treads|Booster Energy
|-activate|p2a: Iron Treads|ability: Quark Drive|[fromitem]
|-start|p2a: Iron Treads|quarkdrivespe
|
|upkeep
|turn|23
|
|t:|1760837996
|move|p2a: Iron Treads|Earthquake|p1a: Maushold
|-damage|p1a: Maushold|31/100
|move|p1a: Maushold|Tidy Up|p1a: Maushold
|-boost|p1a: Maushold|atk|1
|-boost|p1a: Maushold|spe|1
|
|upkeep
|turn|24
|
|t:|1760838003
|move|p1a: Maushold|Bullet Seed|p2a: Iron Treads
|-damage|p2a: Iron Treads|89/100
|-damage|p2a: Iron Treads|79/100
|-damage|p2a: Iron Treads|70/100
|-hitcount|p2a: Iron Treads|3
|move|p2a: Iron Treads|Ice Spinner|p1a: Maushold
|-damage|p1a: Maushold|0 fnt
|faint|p1a: Maushold
|
|upkeep
|
|t:|1760838011
|switch|p1a: Dragonite|Dragonite, F, shiny|70/100
|turn|25
|
|t:|1760838014
|move|p2a: Iron Treads|Ice Spinner|p1a: Dragonite
|-supereffective|p1a: Dragonite
|-damage|p1a: Dragonite|0 fnt
|faint|p1a: Dragonite
|
|upkeep
|-message|luisito rey yt forfeited.
|
|win|jadhe
|raw|luisito rey yt's rating: 1223 &rarr; <strong>1194</strong><br />(-29 for losing)
|raw|jadhe's rating: 1169 &rarr; <strong>1198</strong><br />(+29 for winning)
|l|☆luisito rey yt
|player|p1|
|l|☆jadhe
|player|p2|
