|j|☆Kis Vegallomas
|j|☆jfkkkkf
|t:|1760735417
|gametype|singles
|player|p1|Kis Vegallomas|1|1438
|player|p2|jfkkkkf|101|1465
|gen|9
|tier|[Gen 9] OU
|rated|
|rule|HP Percentage Mod: HP is shown in percentages
|rule|Endless Battle Clause: Forcing endless battles is banned
|rule|Species Clause: Limit one of each Pokémon
|rule|OHKO Clause: OHKO moves are banned
|rule|Evasion Items Clause: Evasion items are banned
|rule|Evasion Moves Clause: Evasion moves are banned
|rule|Evasion Abilities Clause: Evasion abilities are banned
|rule|Sleep Moves Clause: Sleep-inducing moves are banned
|clearpoke
|poke|p1|Garchomp, M|
|poke|p1|Slowking-Galar, M|
|poke|p1|Keldeo-Resolute|
|poke|p1|Grimmsnarl, M|
|poke|p1|Iron Crown|
|poke|p1|Primeape, M|
|poke|p2|Great Tusk|
|poke|p2|Ninetales, M|
|poke|p2|Walking Wake|
|poke|p2|Raging Bolt|
|poke|p2|Torkoal, F|
|poke|p2|Venusaur, M|
|teampreview
|
|t:|1760735446
|teamsize|p1|6
|teamsize|p2|6
|start
|switch|p1a: Grimmsnarl|Grimmsnarl, M|100/100
|switch|p2a: Torkoal|Torkoal, F|100/100
|-weather|SunnyDay|[from] ability: Drought|[of] p2a: Torkoal
|turn|1
|
|t:|1760735454
|move|p1a: Grimmsnarl|Light Screen|p1a: Grimmsnarl
|-sidestart|p1: Kis Vegallomas|move: Light Screen
|move|p2a: Torkoal|Stealth Rock|p1a: Grimmsnarl
|-sidestart|p1: Kis Vegallomas|move: Stealth Rock
|
|-weather|SunnyDay|[upkeep]
|upkeep
|turn|2
|
|t:|1760735462
|switch|p2a: Great Tusk|Great Tusk|100/100
|-activate|p2a: Great Tusk|ability: Protosynthesis
|-start|p2a: Great Tusk|protosynthesisatk
|move|p1a: Grimmsnarl|Reflect|p1a: Grimmsnarl
|-sidestart|p1: Kis Vegallomas|Reflect
|
|-weather|SunnyDay|[upkeep]
|upkeep
|turn|3
|
|t:|1760735469
|move|p1a: Grimmsnarl|Parting Shot|p2a: Great Tusk
|-unboost|p2a: Great Tusk|atk|1
|-unboost|p2a: Great Tusk|spa|1
|
|t:|1760735474
|switch|p1a: Primeape|Primeape, M|100/100|[from] Parting Shot
|-damage|p1a: Primeape|95/100|[from] Stealth Rock
|move|p2a: Great Tusk|Brick Break|p1a: Primeape
|-sideend|p1: Kis Vegallomas|Reflect
|-sideend|p1: Kis Vegallomas|move: Light Screen
|-damage|p1a: Primeape|64/100
|
|-weather|SunnyDay|[upkeep]
|upkeep
|turn|4
|
|t:|1760735487
|-end|p2a: Great Tusk|Protosynthesis|[silent]
|switch|p2a: Ninetales|Ninetales, M|100/100
|move|p1a: Primeape|Bulk Up|p1a: Primeape
|-boost|p1a: Primeape|atk|1
|-boost|p1a: Primeape|def|1
|
|-weather|SunnyDay|[upkeep]
|upkeep
|turn|5
|
|t:|1760735495
|switch|p1a: Garchomp|Garchomp, M|100/100
|-damage|p1a: Garchomp|94/100|[from] Stealth Rock
|move|p2a: Ninetales|Encore||[still]
|-fail|p2a: Ninetales
|
|-weather|SunnyDay|[upkeep]
|upkeep
|turn|6
|
|t:|1760735504
|switch|p2a: Walking Wake|Walking Wake|100/100
|-activate|p2a: Walking Wake|ability: Protosynthesis
|-start|p2a: Walking Wake|protosynthesisspa
|move|p1a: Garchomp|Earthquake|p2a: Walking Wake
|-damage|p2a: Walking Wake|43/100
|
|-weather|SunnyDay|[upkeep]
|upkeep
|turn|7
|
|t:|1760735514
|move|p2a: Walking Wake|Hydro Steam|p1a: Garchomp
|-damage|p1a: Garchomp|16/100
|move|p1a: Garchomp|Scale Shot|p2a: Walking Wake
|-supereffective|p2a: Walking Wake
|-damage|p2a: Walking Wake|15/100
|-supereffective|p2a: Walking Wake
|-damage|p2a: Walking Wake|0 fnt
|faint|p2a: Walking Wake
|-end|p2a: Walking Wake|Protosynthesis|[silent]
|-hitcount|p2: Walking Wake|2
|-unboost|p1a: Garchomp|def|1
|-boost|p1a: Garchomp|spe|1
|
|-weather|SunnyDay|[upkeep]
|upkeep
|
|t:|1760735528
|switch|p2a: Venusaur|Venusaur, M|100/100
|turn|8
|
|t:|1760735547
|move|p2a: Venusaur|Earth Power|p1a: Garchomp
|-damage|p1a: Garchomp|0 fnt
|faint|p1a: Garchomp
|
|-weather|none
|upkeep
|
|t:|1760735557
|switch|p1a: Slowking|Slowking-Galar, M|100/100
|-damage|p1a: Slowking|88/100|[from] Stealth Rock
|turn|9
|
|t:|1760735576
|move|p2a: Venusaur|Earth Power|p1a: Slowking
|-supereffective|p1a: Slowking
|-damage|p1a: Slowking|42/100
|move|p1a: Slowking|Sludge Bomb|p2a: Venusaur
|-damage|p2a: Venusaur|46/100
|
|upkeep
|turn|10
|
|t:|1760735594
|move|p2a: Venusaur|Earth Power|p1a: Slowking
|-supereffective|p1a: Slowking
|-damage|p1a: Slowking|0 fnt
|faint|p1a: Slowking
|
|upkeep
|
|t:|1760735597
|switch|p1a: Grimmsnarl|Grimmsnarl, M|100/100
|-damage|p1a: Grimmsnarl|88/100|[from] Stealth Rock
|turn|11
|
|t:|1760735604
|move|p1a: Grimmsnarl|Light Screen|p1a: Grimmsnarl
|-sidestart|p1: Kis Vegallomas|move: Light Screen
|move|p2a: Venusaur|Sludge Bomb|p1a: Grimmsnarl
|-supereffective|p1a: Grimmsnarl
|-damage|p1a: Grimmsnarl|55/100
|
|upkeep
|turn|12
|
|t:|1760735612
|switch|p2a: Great Tusk|Great Tusk|100/100
|move|p1a: Grimmsnarl|Reflect|p1a: Grimmsnarl
|-sidestart|p1: Kis Vegallomas|Reflect
|
|upkeep
|turn|13
|
|t:|1760735621
|move|p1a: Grimmsnarl|Parting Shot|p2a: Great Tusk
|-unboost|p2a: Great Tusk|atk|1
|-unboost|p2a: Great Tusk|spa|1
|
|t:|1760735625
|switch|p1a: Iron Crown|Iron Crown|100/100|[from] Parting Shot
|-damage|p1a: Iron Crown|95/100|[from] Stealth Rock
|move|p2a: Great Tusk|Brick Break|p1a: Iron Crown
|-sideend|p1: Kis Vegallomas|Reflect
|-sideend|p1: Kis Vegallomas|move: Light Screen
|-damage|p1a: Iron Crown|72/100
|
|upkeep
|turn|14
|
|t:|1760735638
|-end|p2a: Great Tusk|Protosynthesis|[silent]
|switch|p2a: Ninetales|Ninetales, M|100/100
|-weather|SunnyDay|[from] ability: Drought|[of] p2a: Ninetales
|move|p1a: Iron Crown|Agility|p1a: Iron Crown
|-boost|p1a: Iron Crown|spe|2
|
|-weather|SunnyDay|[upkeep]
|upkeep
|turn|15
|
|t:|1760735649
|-end|p1a: Iron Crown|Quark Drive|[silent]
|switch|p1a: Grimmsnarl|Grimmsnarl, M|55/100
|-damage|p1a: Grimmsnarl|43/100|[from] Stealth Rock
|move|p2a: Ninetales|Roar|p1a: Grimmsnarl
|drag|p1a: Iron Crown|Iron Crown|72/100
|-damage|p1a: Iron Crown|66/100|[from] Stealth Rock
|
|-weather|SunnyDay|[upkeep]
|upkeep
|turn|16
|
|t:|1760735659
|-end|p1a: Iron Crown|Quark Drive|[silent]
|switch|p1a: Grimmsnarl|Grimmsnarl, M|43/100
|-damage|p1a: Grimmsnarl|30/100|[from] Stealth Rock
|move|p2a: Ninetales|Overheat|p1a: Grimmsnarl
|-damage|p1a: Grimmsnarl|0 fnt
|-unboost|p2a: Ninetales|spa|2
|faint|p1a: Grimmsnarl
|
|-weather|SunnyDay|[upkeep]
|upkeep
|
|t:|1760735662
|switch|p1a: Primeape|Primeape, M|64/100
|-damage|p1a: Primeape|58/100|[from] Stealth Rock
|turn|17
|
|t:|1760735683
|move|p2a: Ninetales|Healing Wish|p2a: Ninetales
|faint|p2a: Ninetales
|move|p1a: Primeape|Drain Punch|p2: Ninetales|[notarget]
|-fail|p1a: Primeape
|
|-weather|SunnyDay|[upkeep]
|upkeep
|
|t:|1760735691
|switch|p2a: Venusaur|Venusaur, M|46/100
|-heal|p2a: Venusaur|100/100|[from] move: Healing Wish
|turn|18
|
|t:|1760735700
|-terastallize|p2a: Venusaur|Fire
|move|p2a: Venusaur|Weather Ball|p1a: Primeape
|-damage|p1a: Primeape|6/100
|move|p1a: Primeape|Rage Fist|p2a: Venusaur
|-damage|p2a: Venusaur|46/100
|
|-weather|SunnyDay|[upkeep]
|upkeep
|turn|19
|
|t:|1760735714
|move|p2a: Venusaur|Weather Ball|p1a: Primeape
|-damage|p1a: Primeape|0 fnt
|faint|p1a: Primeape
|
|-weather|SunnyDay|[upkeep]
|upkeep
|
|t:|1760735716
|switch|p1a: Iron Crown|Iron Crown|66/100
|-damage|p1a: Iron Crown|60/100|[from] Stealth Rock
|turn|20
|
|t:|1760735723
|-end|p1a: Iron Crown|Quark Drive|[silent]
|switch|p1a: Keldeo|Keldeo-Resolute|100/100
|-damage|p1a: Keldeo|94/100|[from] Stealth Rock
|move|p2a: Venusaur|Weather Ball|p1a: Keldeo
|-resisted|p1a: Keldeo
|-damage|p1a: Keldeo|51/100
|
|-weather|SunnyDay|[upkeep]
|-heal|p1a: Keldeo|57/100|[from] item: Leftovers
|upkeep
|turn|21
|
|t:|1760735737
|-terastallize|p1a: Keldeo|Fighting
|move|p1a: Keldeo|Vacuum Wave|p2a: Venusaur
|-damage|p2a: Venusaur|23/100
|move|p2a: Venusaur|Giga Drain|p1a: Keldeo
|-damage|p1a: Keldeo|13/100
|-heal|p2a: Venusaur|47/100|[from] drain|[of] p1a: Keldeo
|
|-weather|none
|-heal|p1a: Keldeo|19/100|[from] item: Leftovers
|upkeep
|turn|22
|
|t:|1760735751
|switch|p2a: Torkoal|Torkoal, F|100/100
|-weather|SunnyDay|[from] ability: Drought|[of] p2a: Torkoal
|move|p1a: Keldeo|Surf|p2a: Torkoal
|-supereffective|p2a: Torkoal
|-crit|p2a: Torkoal
|-damage|p2a: Torkoal|39/100
|
|-weather|SunnyDay|[upkeep]
|-heal|p1a: Keldeo|25/100|[from] item: Leftovers
|upkeep
|turn|23
|
|t:|1760735761
|move|p1a: Keldeo|Surf|p2a: Torkoal
|-supereffective|p2a: Torkoal
|-damage|p2a: Torkoal|0 fnt
|faint|p2a: Torkoal
|
|-weather|SunnyDay|[upkeep]
|-heal|p1a: Keldeo|31/100|[from] item: Leftovers
|upkeep
|
|t:|1760735769
|switch|p2a: Venusaur|Venusaur, M, tera:Fire|47/100
|turn|24
|
|t:|1760735782
|move|p1a: Keldeo|Vacuum Wave|p2a: Venusaur
|-damage|p2a: Venusaur|28/100
|move|p2a: Venusaur|Giga Drain|p1a: Keldeo
|-damage|p1a: Keldeo|0 fnt
|-heal|p2a: Venusaur|44/100|[from] drain|[of] p1a: Keldeo
|faint|p1a: Keldeo
|
|-weather|SunnyDay|[upkeep]
|upkeep
|
|t:|1760735785
|switch|p1a: Iron Crown|Iron Crown|60/100
|-damage|p1a: Iron Crown|54/100|[from] Stealth Rock
|turn|25
|
|t:|1760735794
|move|p2a: Venusaur|Weather Ball|p1a: Iron Crown
|-supereffective|p1a: Iron Crown
|-damage|p1a: Iron Crown|0 fnt
|faint|p1a: Iron Crown
|-end|p1a: Iron Crown|Quark Drive|[silent]
|
|win|jfkkkkf
|raw|Kis Vegallomas's rating: 1438 &rarr; <strong>1420</strong><br />(-18 for losing)
|raw|jfkkkkf's rating: 1465 &rarr; <strong>1483</strong><br />(+18 for winning)
|l|☆jfkkkkf
|player|p2|
|l|☆Kis Vegallomas
|player|p1|
