|j|☆tekkaiice09
|j|☆RUSSO0907
|t:|1760799445
|gametype|singles
|player|p1|tekkaiice09|gentleman-gen4|
|player|p2|RUSSO0907|swimmer-gen4dp|
|gen|9
|tier|[Gen 9] OU
|rule|HP Percentage Mod: HP is shown in percentages
|rule|Endless Battle Clause: Forcing endless battles is banned
|rule|Species Clause: Limit one of each Pokémon
|rule|OHKO Clause: OHKO moves are banned
|rule|Evasion Items Clause: Evasion items are banned
|rule|Evasion Moves Clause: Evasion moves are banned
|rule|Evasion Abilities Clause: Evasion abilities are banned
|rule|Sleep Moves Clause: Sleep-inducing moves are banned
|clearpoke
|poke|p1|Blaziken, M|
|poke|p1|Weavile, M|
|poke|p1|Kommo-o, F|
|poke|p1|Gastrodon-East, M|
|poke|p1|Sableye, M|
|poke|p1|Revavroom, M|
|poke|p2|Milotic, M|
|poke|p2|Tauros-Paldea-Blaze, M|
|poke|p2|Weavile, M|
|poke|p2|Ogerpon-Wellspring, F|
|poke|p2|Revavroom, F|
|poke|p2|Polteageist|
|teampreview
|
|t:|1760799452
|teamsize|p1|6
|teamsize|p2|6
|start
|switch|p1a: Sableye|Sableye, M|100/100
|switch|p2a: Tauros|Tauros-Paldea-Blaze, M|100/100
|-ability|p2a: Tauros|Intimidate|boost
|-unboost|p1a: Sableye|atk|1
|turn|1
|
|t:|1760799460
|move|p1a: Sableye|Will-O-Wisp|p2a: Tauros|[miss]
|-miss|p1a: Sableye|p2a: Tauros
|move|p2a: Tauros|Bulk Up|p2a: Tauros
|-boost|p2a: Tauros|atk|1
|-boost|p2a: Tauros|def|1
|
|upkeep
|turn|2
|
|t:|1760799471
|move|p1a: Sableye|Will-O-Wisp|p2a: Tauros
|-immune|p2a: Tauros
|move|p2a: Tauros|Flare Blitz|p1a: Sableye
|-damage|p1a: Sableye|0 fnt
|faint|p1a: Sableye
|-damage|p2a: Tauros|66/100|[from] Recoil
|
|-heal|p2a: Tauros|72/100|[from] item: Leftovers
|upkeep
|
|t:|1760799485
|switch|p1a: Gastrodon|Gastrodon-East, M|100/100
|turn|3
|
|t:|1760799491
|-terastallize|p2a: Tauros|Grass
|move|p2a: Tauros|Trailblaze|p1a: Gastrodon
|-supereffective|p1a: Gastrodon
|-damage|p1a: Gastrodon|0 fnt
|-boost|p2a: Tauros|spe|1
|-damage|p2a: Tauros|56/100|[from] item: Rocky Helmet|[of] p1a: Gastrodon
|faint|p1a: Gastrodon
|
|-heal|p2a: Tauros|62/100|[from] item: Leftovers
|upkeep
|
|t:|1760799503
|switch|p1a: Revavroom|Revavroom, M|100/100
|-item|p1a: Revavroom|Air Balloon
|turn|4
|
|t:|1760799509
|-terastallize|p1a: Revavroom|Fire
|move|p2a: Tauros|Flare Blitz|p1a: Revavroom
|-resisted|p1a: Revavroom
|-damage|p1a: Revavroom|47/100
|-enditem|p1a: Revavroom|Air Balloon
|-damage|p2a: Tauros|44/100|[from] Recoil
|move|p1a: Revavroom|Shift Gear|p1a: Revavroom
|-boost|p1a: Revavroom|spe|2
|-boost|p1a: Revavroom|atk|1
|
|-heal|p2a: Tauros|50/100|[from] item: Leftovers
|upkeep
|turn|5
|
|t:|1760799524
|move|p1a: Revavroom|Temper Flare|p2a: Tauros
|-supereffective|p2a: Tauros
|-damage|p2a: Tauros|0 fnt
|faint|p2a: Tauros
|
|upkeep
|
|t:|1760799531
|switch|p2a: Milotic|Milotic, M|100/100
|turn|6
|
|t:|1760799540
|move|p1a: Revavroom|Gunk Shot|p2a: Milotic|[miss]
|-miss|p1a: Revavroom|p2a: Milotic
|move|p2a: Milotic|Scald|p1a: Revavroom
|-supereffective|p1a: Revavroom
|-damage|p1a: Revavroom|0 fnt
|faint|p1a: Revavroom
|
|upkeep
|
|t:|1760799549
|switch|p1a: Weavile|Weavile, M|100/100
|-ability|p1a: Weavile|Pressure
|turn|7
|
|t:|1760799555
|move|p1a: Weavile|Swords Dance|p1a: Weavile
|-boost|p1a: Weavile|atk|2
|move|p2a: Milotic|Haze|p2a: Milotic
|-clearallboost
|
|upkeep
|turn|8
|
|t:|1760799571
|move|p1a: Weavile|Knock Off|p2a: Milotic
|-damage|p2a: Milotic|61/100
|-enditem|p2a: Milotic|Heavy-Duty Boots|[from] move: Knock Off|[of] p1a: Weavile
|move|p2a: Milotic|Scald|p1a: Weavile
|-damage|p1a: Weavile|61/100
|
|upkeep
|turn|9
|
|t:|1760799579
|move|p1a: Weavile|Swords Dance|p1a: Weavile
|-boost|p1a: Weavile|atk|2
|move|p2a: Milotic|Scald|p1a: Weavile
|-damage|p1a: Weavile|24/100
|-status|p1a: Weavile|brn
|
|-damage|p1a: Weavile|18/100 brn|[from] brn
|upkeep
|turn|10
|
|t:|1760799589
|move|p1a: Weavile|Knock Off|p2a: Milotic
|-damage|p2a: Milotic|37/100
|move|p2a: Milotic|Haze|p2a: Milotic
|-clearallboost
|
|-damage|p1a: Weavile|12/100 brn|[from] brn
|upkeep
|turn|11
|
|t:|1760799598
|move|p1a: Weavile|Triple Axel|p2a: Milotic
|-resisted|p2a: Milotic
|-damage|p2a: Milotic|35/100
|-resisted|p2a: Milotic
|-damage|p2a: Milotic|31/100
|-hitcount|p2a: Milotic|2
|move|p2a: Milotic|Scald|p1a: Weavile
|-damage|p1a: Weavile|0 fnt
|faint|p1a: Weavile
|
|upkeep
|
|t:|1760799608
|switch|p1a: Blaziken|Blaziken, M|100/100
|turn|12
|
|t:|1760799614
|move|p1a: Blaziken|Protect|p1a: Blaziken
|-singleturn|p1a: Blaziken|Protect
|move|p2a: Milotic|Scald|p1a: Blaziken
|-activate|p1a: Blaziken|move: Protect
|
|-ability|p1a: Blaziken|Speed Boost|boost
|-boost|p1a: Blaziken|spe|1
|upkeep
|turn|13
|
|t:|1760799630
|move|p1a: Blaziken|Swords Dance|p1a: Blaziken
|-boost|p1a: Blaziken|atk|2
|move|p2a: Milotic|Haze|p2a: Milotic
|-clearallboost
|
|-ability|p1a: Blaziken|Speed Boost|boost
|-boost|p1a: Blaziken|spe|1
|upkeep
|turn|14
|
|t:|1760799639
|move|p1a: Blaziken|Swords Dance|p1a: Blaziken
|-boost|p1a: Blaziken|atk|2
|move|p2a: Milotic|Flip Turn|p1a: Blaziken
|-supereffective|p1a: Blaziken
|-damage|p1a: Blaziken|62/100
|
|t:|1760799646
|switch|p2a: Polteageist|Polteageist|100/100|[from] Flip Turn
|
|-heal|p1a: Blaziken|68/100|[from] item: Leftovers
|-ability|p1a: Blaziken|Speed Boost|boost
|-boost|p1a: Blaziken|spe|1
|upkeep
|turn|15
|
|t:|1760799654
|move|p1a: Blaziken|Flare Blitz|p2a: Polteageist
|-enditem|p2a: Polteageist|Focus Sash
|-damage|p2a: Polteageist|1/100
|-ability|p2a: Polteageist|Weak Armor|boost
|-unboost|p2a: Polteageist|def|1
|-boost|p2a: Polteageist|spe|2
|-damage|p1a: Blaziken|39/100|[from] Recoil
|move|p2a: Polteageist|Shell Smash|p2a: Polteageist
|-unboost|p2a: Polteageist|def|1
|-unboost|p2a: Polteageist|spd|1
|-boost|p2a: Polteageist|atk|2
|-boost|p2a: Polteageist|spa|2
|-boost|p2a: Polteageist|spe|2
|
|-heal|p1a: Blaziken|45/100|[from] item: Leftovers
|-ability|p1a: Blaziken|Speed Boost|boost
|-boost|p1a: Blaziken|spe|1
|upkeep
|turn|16
|
|t:|1760799670
|move|p1a: Blaziken|Protect|p1a: Blaziken
|-singleturn|p1a: Blaziken|Protect
|move|p2a: Polteageist|Stored Power|p1a: Blaziken
|-activate|p1a: Blaziken|move: Protect
|
|-heal|p1a: Blaziken|51/100|[from] item: Leftovers
|-ability|p1a: Blaziken|Speed Boost|boost
|-boost|p1a: Blaziken|spe|1
|upkeep
|turn|17
|
|t:|1760799680
|move|p1a: Blaziken|Flare Blitz|p2a: Polteageist
|-damage|p2a: Polteageist|0 fnt
|faint|p2a: Polteageist
|-damage|p1a: Blaziken|51/100|[from] Recoil
|
|-heal|p1a: Blaziken|57/100|[from] item: Leftovers
|-ability|p1a: Blaziken|Speed Boost|boost
|-boost|p1a: Blaziken|spe|1
|upkeep
|
|t:|1760799686
|switch|p2a: Ogerpon|Ogerpon-Wellspring, F|100/100
|turn|18
|
|t:|1760799696
|move|p1a: Blaziken|Close Combat|p2a: Ogerpon
|-damage|p2a: Ogerpon|0 fnt
|-unboost|p1a: Blaziken|def|1
|-unboost|p1a: Blaziken|spd|1
|faint|p2a: Ogerpon
|
|-heal|p1a: Blaziken|63/100|[from] item: Leftovers
|-ability|p1a: Blaziken|Speed Boost|boost
|-boost|p1a: Blaziken|spe|1
|upkeep
|
|t:|1760799704
|switch|p2a: Milotic|Milotic, M|31/100
|turn|19
|
|t:|1760799712
|move|p1a: Blaziken|Close Combat|p2a: Milotic
|-damage|p2a: Milotic|0 fnt
|-unboost|p1a: Blaziken|def|1
|-unboost|p1a: Blaziken|spd|1
|faint|p2a: Milotic
|
|-heal|p1a: Blaziken|69/100|[from] item: Leftovers
|upkeep
|
|t:|1760799716
|switch|p2a: Revavroom|Revavroom, F|100/100
|-item|p2a: Revavroom|Air Balloon
|turn|20
|
|t:|1760799727
|move|p1a: Blaziken|Flare Blitz|p2a: Revavroom
|-supereffective|p2a: Revavroom
|-damage|p2a: Revavroom|0 fnt
|-enditem|p2a: Revavroom|Air Balloon
|faint|p2a: Revavroom
|-damage|p1a: Blaziken|36/100|[from] Recoil
|
|-heal|p1a: Blaziken|42/100|[from] item: Leftovers
|upkeep
|
|t:|1760799730
|switch|p2a: Weavile|Weavile, M|100/100
|-ability|p2a: Weavile|Pressure
|turn|21
|
|t:|1760799741
|move|p1a: Blaziken|Protect|p1a: Blaziken
|-singleturn|p1a: Blaziken|Protect
|move|p2a: Weavile|Ice Shard|p1a: Blaziken
|-activate|p1a: Blaziken|move: Protect
|
|-heal|p1a: Blaziken|48/100|[from] item: Leftovers
|upkeep
|turn|22
|
|t:|1760799749
|move|p2a: Weavile|Ice Shard|p1a: Blaziken
|-resisted|p1a: Blaziken
|-damage|p1a: Blaziken|16/100
|move|p1a: Blaziken|Close Combat|p2a: Weavile
|-supereffective|p2a: Weavile
|-damage|p2a: Weavile|0 fnt
|-unboost|p1a: Blaziken|def|1
|-unboost|p1a: Blaziken|spd|1
|faint|p2a: Weavile
|
|win|tekkaiice09
