|j|☆Akkoooo
|j|☆beeboobaa
|t:|1760784181
|gametype|singles
|player|p1|Akkoooo|101|1421
|player|p2|beeboobaa|265|1340
|gen|9
|tier|[Gen 9] OU
|rated|
|rule|HP Percentage Mod: HP is shown in percentages
|rule|Endless Battle Clause: Forcing endless battles is banned
|rule|Species Clause: Limit one of each Pokémon
|rule|OHKO Clause: OHKO moves are banned
|rule|Evasion Items Clause: Evasion items are banned
|rule|Evasion Moves Clause: Evasion moves are banned
|rule|Evasion Abilities Clause: Evasion abilities are banned
|rule|Sleep Moves Clause: Sleep-inducing moves are banned
|clearpoke
|poke|p1|Skeledirge, F|
|poke|p1|Ogerpon-Wellspring, F|
|poke|p1|Dragapult, F|
|poke|p1|Weezing-Galar, M|
|poke|p1|Ting-Lu|
|poke|p1|Corviknight, F|
|poke|p2|Blastoise, M|
|poke|p2|Clefable, F|
|poke|p2|Chansey, F|
|poke|p2|Ditto|
|poke|p2|Zapdos|
|poke|p2|Dragonite, M|
|teampreview
|inactive|Battle timer is ON: inactive players will automatically lose when time's up. (requested by beeboobaa)
|
|t:|1760784200
|teamsize|p1|6
|teamsize|p2|6
|start
|switch|p1a: Ting-Lu|Ting-Lu, shiny|100/100
|switch|p2a: Blastoise|Blastoise, M|100/100
|-ability|p1a: Ting-Lu|Vessel of Ruin
|turn|1
|
|t:|1760784207
|switch|p1a: Ogerpon|Ogerpon-Wellspring, F|100/100
|move|p2a: Blastoise|Ice Beam|p1a: Ogerpon
|-damage|p1a: Ogerpon|82/100
|
|upkeep
|turn|2
|
|t:|1760784217
|switch|p2a: Dragonite|Dragonite, M|100/100
|move|p1a: Ogerpon|Knock Off|p2a: Dragonite
|-damage|p2a: Dragonite|85/100
|-enditem|p2a: Dragonite|Heavy-Duty Boots|[from] move: Knock Off|[of] p1a: Ogerpon
|
|upkeep
|turn|3
|
|t:|1760784224
|switch|p1a: Corviknight|Corviknight, F|100/100
|-ability|p1a: Corviknight|Pressure
|move|p2a: Dragonite|Dragon Dance|p2a: Dragonite
|-boost|p2a: Dragonite|atk|1
|-boost|p2a: Dragonite|spe|1
|
|upkeep
|turn|4
|
|t:|1760784236
|move|p2a: Dragonite|Roost|p2a: Dragonite
|-heal|p2a: Dragonite|100/100
|-singleturn|p2a: Dragonite|move: Roost
|move|p1a: Corviknight|Iron Defense|p1a: Corviknight
|-boost|p1a: Corviknight|def|2
|
|upkeep
|turn|5
|
|t:|1760784240
|switch|p2a: Zapdos|Zapdos|100/100
|move|p1a: Corviknight|Body Press|p2a: Zapdos
|-resisted|p2a: Zapdos
|-damage|p2a: Zapdos|77/100
|-status|p1a: Corviknight|par|[from] ability: Static|[of] p2a: Zapdos
|
|upkeep
|turn|6
|
|t:|1760784248
|switch|p1a: Ting-Lu|Ting-Lu, shiny|100/100
|-ability|p1a: Ting-Lu|Vessel of Ruin
|move|p2a: Zapdos|Hurricane|p1a: Ting-Lu
|-damage|p1a: Ting-Lu|81/100
|
|-heal|p1a: Ting-Lu|87/100|[from] item: Leftovers
|upkeep
|turn|7
|
|t:|1760784253
|move|p2a: Zapdos|Volt Switch|p1a: Ting-Lu
|-immune|p1a: Ting-Lu
|move|p1a: Ting-Lu|Stealth Rock|p2a: Zapdos
|-sidestart|p2: beeboobaa|move: Stealth Rock
|
|-heal|p1a: Ting-Lu|94/100|[from] item: Leftovers
|upkeep
|turn|8
|
|t:|1760784267
|switch|p2a: Clefable|Clefable, F|100/100
|move|p1a: Ting-Lu|Throat Chop|p2a: Clefable
|-resisted|p2a: Clefable
|-damage|p2a: Clefable|89/100
|-start|p2a: Clefable|Throat Chop|[silent]
|-damage|p1a: Ting-Lu|77/100|[from] item: Rocky Helmet|[of] p2a: Clefable
|
|-heal|p1a: Ting-Lu|83/100|[from] item: Leftovers
|upkeep
|turn|9
|
|t:|1760784283
|switch|p1a: Skeledirge|Skeledirge, F|100/100
|move|p2a: Clefable|Moonblast|p1a: Skeledirge
|-resisted|p1a: Skeledirge
|-damage|p1a: Skeledirge|89/100
|
|-end|p2a: Clefable|Throat Chop|[silent]
|upkeep
|turn|10
|
|t:|1760784287
|move|p1a: Skeledirge|Will-O-Wisp|p2a: Clefable
|-status|p2a: Clefable|brn
|move|p2a: Clefable|Thunder Wave|p1a: Skeledirge
|-status|p1a: Skeledirge|par
|
|upkeep
|turn|11
|
|t:|1760784304
|switch|p2a: Chansey|Chansey, F|100/100
|-damage|p2a: Chansey|88/100|[from] Stealth Rock
|move|p1a: Skeledirge|Torch Song|p2a: Chansey
|-damage|p2a: Chansey|80/100
|-boost|p1a: Skeledirge|spa|1
|
|upkeep
|turn|12
|
|t:|1760784313
|move|p2a: Chansey|Calm Mind|p2a: Chansey
|-boost|p2a: Chansey|spa|1
|-boost|p2a: Chansey|spd|1
|move|p1a: Skeledirge|Will-O-Wisp|p2a: Chansey|[miss]
|-miss|p1a: Skeledirge|p2a: Chansey
|
|upkeep
|turn|13
|
|t:|1760784316
|move|p2a: Chansey|Calm Mind|p2a: Chansey
|-boost|p2a: Chansey|spa|1
|-boost|p2a: Chansey|spd|1
|move|p1a: Skeledirge|Will-O-Wisp|p2a: Chansey|[miss]
|-miss|p1a: Skeledirge|p2a: Chansey
|
|upkeep
|turn|14
|
|t:|1760784323
|move|p2a: Chansey|Shadow Ball|p1a: Skeledirge
|-supereffective|p1a: Skeledirge
|-damage|p1a: Skeledirge|76/100 par
|cant|p1a: Skeledirge|par
|
|upkeep
|turn|15
|
|t:|1760784331
|move|p2a: Chansey|Shadow Ball|p1a: Skeledirge
|-supereffective|p1a: Skeledirge
|-damage|p1a: Skeledirge|64/100 par
|cant|p1a: Skeledirge|par
|
|upkeep
|turn|16
|c|☆beeboobaa|wow
|c|☆beeboobaa|pokemon rng
|
|t:|1760784345
|move|p2a: Chansey|Shadow Ball|p1a: Skeledirge
|-supereffective|p1a: Skeledirge
|-damage|p1a: Skeledirge|52/100 par
|move|p1a: Skeledirge|Will-O-Wisp|p2a: Chansey
|-status|p2a: Chansey|brn
|
|-damage|p2a: Chansey|74/100 brn|[from] brn
|upkeep
|turn|17
|
|t:|1760784349
|move|p2a: Chansey|Shadow Ball|p1a: Skeledirge
|-supereffective|p1a: Skeledirge
|-damage|p1a: Skeledirge|39/100 par
|-unboost|p1a: Skeledirge|spd|1
|move|p1a: Skeledirge|Slack Off|p1a: Skeledirge
|-heal|p1a: Skeledirge|89/100 par
|
|-damage|p2a: Chansey|68/100 brn|[from] brn
|upkeep
|turn|18
|
|t:|1760784363
|switch|p1a: Ting-Lu|Ting-Lu, shiny|83/100
|-ability|p1a: Ting-Lu|Vessel of Ruin
|move|p2a: Chansey|Shadow Ball|p1a: Ting-Lu
|-resisted|p1a: Ting-Lu
|-damage|p1a: Ting-Lu|80/100
|
|-heal|p1a: Ting-Lu|86/100|[from] item: Leftovers
|-damage|p2a: Chansey|62/100 brn|[from] brn
|upkeep
|turn|19
|
|t:|1760784368
|move|p2a: Chansey|Soft-Boiled|p2a: Chansey
|-heal|p2a: Chansey|100/100 brn
|move|p1a: Ting-Lu|Earthquake|p2a: Chansey
|-damage|p2a: Chansey|76/100 brn
|
|-heal|p1a: Ting-Lu|92/100|[from] item: Leftovers
|-damage|p2a: Chansey|69/100 brn|[from] brn
|upkeep
|turn|20
|
|t:|1760784382
|-curestatus|p2a: Chansey|brn|[from] ability: Natural Cure
|switch|p2a: Blastoise|Blastoise, M|100/100
|-damage|p2a: Blastoise|88/100|[from] Stealth Rock
|switch|p1a: Ogerpon|Ogerpon-Wellspring, F|82/100
|
|upkeep
|turn|21
|
|t:|1760784388
|switch|p2a: Dragonite|Dragonite, M|100/100
|-damage|p2a: Dragonite|76/100|[from] Stealth Rock
|move|p1a: Ogerpon|Knock Off|p2a: Dragonite
|-damage|p2a: Dragonite|52/100
|
|upkeep
|turn|22
|
|t:|1760784396
|switch|p1a: Corviknight|Corviknight, F|100/100 par
|-ability|p1a: Corviknight|Pressure
|move|p2a: Dragonite|Roost|p2a: Dragonite
|-heal|p2a: Dragonite|100/100
|-singleturn|p2a: Dragonite|move: Roost
|
|upkeep
|turn|23
|
|t:|1760784416
|move|p2a: Dragonite|Ice Spinner|p1a: Corviknight
|-damage|p1a: Corviknight|81/100 par
|-damage|p2a: Dragonite|84/100|[from] item: Rocky Helmet|[of] p1a: Corviknight
|move|p1a: Corviknight|Iron Defense|p1a: Corviknight
|-boost|p1a: Corviknight|def|2
|
|upkeep
|turn|24
|
|t:|1760784423
|move|p2a: Dragonite|Dragon Dance|p2a: Dragonite
|-boost|p2a: Dragonite|atk|1
|-boost|p2a: Dragonite|spe|1
|move|p1a: Corviknight|Body Press|p2a: Dragonite
|-resisted|p2a: Dragonite
|-damage|p2a: Dragonite|57/100
|
|upkeep
|turn|25
|
|t:|1760784427
|move|p2a: Dragonite|Roost|p2a: Dragonite
|-heal|p2a: Dragonite|100/100
|-singleturn|p2a: Dragonite|move: Roost
|move|p1a: Corviknight|Iron Defense|p1a: Corviknight
|-boost|p1a: Corviknight|def|2
|
|upkeep
|turn|26
|
|t:|1760784437
|move|p2a: Dragonite|Dragon Dance|p2a: Dragonite
|-boost|p2a: Dragonite|atk|1
|-boost|p2a: Dragonite|spe|1
|cant|p1a: Corviknight|par
|
|upkeep
|turn|27
|
|t:|1760784442
|move|p2a: Dragonite|Dragon Dance|p2a: Dragonite
|-boost|p2a: Dragonite|atk|1
|-boost|p2a: Dragonite|spe|1
|cant|p1a: Corviknight|par
|
|upkeep
|turn|28
|
|t:|1760784447
|move|p2a: Dragonite|Dragon Dance|p2a: Dragonite
|-boost|p2a: Dragonite|atk|1
|-boost|p2a: Dragonite|spe|1
|move|p1a: Corviknight|Body Press|p2a: Dragonite
|-resisted|p2a: Dragonite
|-damage|p2a: Dragonite|80/100
|
|upkeep
|turn|29
|
|t:|1760784452
|move|p2a: Dragonite|Dragon Dance|p2a: Dragonite
|-boost|p2a: Dragonite|atk|1
|-boost|p2a: Dragonite|spe|1
|move|p1a: Corviknight|Iron Defense|p1a: Corviknight
|-boost|p1a: Corviknight|def|2
|
|upkeep
|turn|30
|
|t:|1760784469
|move|p2a: Dragonite|Ice Spinner|p1a: Corviknight
|-damage|p1a: Corviknight|64/100 par
|-damage|p2a: Dragonite|64/100|[from] item: Rocky Helmet|[of] p1a: Corviknight
|move|p1a: Corviknight|Body Press|p2a: Dragonite
|-resisted|p2a: Dragonite
|-damage|p2a: Dragonite|12/100
|
|upkeep
|turn|31
|
|t:|1760784477
|move|p2a: Dragonite|Roost|p2a: Dragonite
|-heal|p2a: Dragonite|62/100
|-singleturn|p2a: Dragonite|move: Roost
|move|p1a: Corviknight|Roost|p1a: Corviknight
|-heal|p1a: Corviknight|100/100 par
|-singleturn|p1a: Corviknight|move: Roost
|
|upkeep
|turn|32
|
|t:|1760784480
|move|p2a: Dragonite|Roost|p2a: Dragonite
|-heal|p2a: Dragonite|100/100
|-singleturn|p2a: Dragonite|move: Roost
|move|p1a: Corviknight|Body Press|p2a: Dragonite
|-damage|p2a: Dragonite|48/100
|
|upkeep
|turn|33
|
|t:|1760784489
|move|p2a: Dragonite|Ice Spinner|p1a: Corviknight
|-damage|p1a: Corviknight|84/100 par
|-damage|p2a: Dragonite|32/100|[from] item: Rocky Helmet|[of] p1a: Corviknight
|move|p1a: Corviknight|Body Press|p2a: Dragonite
|-resisted|p2a: Dragonite
|-damage|p2a: Dragonite|0 fnt
|faint|p2a: Dragonite
|
|upkeep
|
|t:|1760784493
|switch|p2a: Ditto|Ditto|100/100
|-damage|p2a: Ditto|88/100|[from] Stealth Rock
|-transform|p2a: Ditto|p1a: Corviknight|[from] ability: Imposter
|-ability|p2a: Ditto|Pressure
|turn|34
|
|t:|1760784499
|switch|p1a: Skeledirge|Skeledirge, F|89/100 par
|move|p2a: Ditto|Body Press|p1a: Skeledirge
|-immune|p1a: Skeledirge
|
|upkeep
|turn|35
|
|t:|1760784523
|switch|p2a: Clefable|Clefable, F|89/100 brn
|move|p1a: Skeledirge|Will-O-Wisp|p2a: Clefable
|-fail|p2a: Clefable|brn
|
|upkeep
|turn|36
|
|t:|1760784541
|switch|p2a: Chansey|Chansey, F|69/100
|-damage|p2a: Chansey|57/100|[from] Stealth Rock
|move|p1a: Skeledirge|Torch Song|p2a: Chansey
|-damage|p2a: Chansey|49/100
|-boost|p1a: Skeledirge|spa|1
|
|upkeep
|turn|37
|
|t:|1760784554
|move|p2a: Chansey|Soft-Boiled|p2a: Chansey
|-heal|p2a: Chansey|99/100
|move|p1a: Skeledirge|Will-O-Wisp|p2a: Chansey
|-status|p2a: Chansey|brn
|
|-damage|p2a: Chansey|93/100 brn|[from] brn
|upkeep
|turn|38
|
|t:|1760784575
|switch|p1a: Ogerpon|Ogerpon-Wellspring, F|82/100
|move|p2a: Chansey|Calm Mind|p2a: Chansey
|-boost|p2a: Chansey|spa|1
|-boost|p2a: Chansey|spd|1
|
|-damage|p2a: Chansey|87/100 brn|[from] brn
|upkeep
|turn|39
|
|t:|1760784579
|move|p1a: Ogerpon|Knock Off|p2a: Chansey
|-damage|p2a: Chansey|63/100 brn
|-enditem|p2a: Chansey|Eviolite|[from] move: Knock Off|[of] p1a: Ogerpon
|move|p2a: Chansey|Calm Mind|p2a: Chansey
|-boost|p2a: Chansey|spa|1
|-boost|p2a: Chansey|spd|1
|
|-damage|p2a: Chansey|57/100 brn|[from] brn
|upkeep
|turn|40
|
|t:|1760784585
|move|p1a: Ogerpon|Spikes|p2a: Chansey
|-sidestart|p2: beeboobaa|Spikes
|move|p2a: Chansey|Seismic Toss|p1a: Ogerpon
|-damage|p1a: Ogerpon|54/100
|
|-damage|p2a: Chansey|51/100 brn|[from] brn
|upkeep
|turn|41
|
|t:|1760784588
|move|p1a: Ogerpon|Spikes|p2a: Chansey
|-sidestart|p2: beeboobaa|Spikes
|move|p2a: Chansey|Seismic Toss|p1a: Ogerpon
|-damage|p1a: Ogerpon|27/100
|
|-damage|p2a: Chansey|45/100 brn|[from] brn
|upkeep
|turn|42
|
|t:|1760784591
|move|p1a: Ogerpon|Synthesis|p1a: Ogerpon
|-heal|p1a: Ogerpon|77/100
|move|p2a: Chansey|Soft-Boiled|p2a: Chansey
|-heal|p2a: Chansey|95/100 brn
|
|-damage|p2a: Chansey|89/100 brn|[from] brn
|upkeep
|turn|43
|
|t:|1760784595
|move|p1a: Ogerpon|Ivy Cudgel|p2a: Chansey|[anim] Ivy Cudgel Water
|-damage|p2a: Chansey|29/100 brn
|move|p2a: Chansey|Seismic Toss|p1a: Ogerpon
|-damage|p1a: Ogerpon|49/100
|
|-damage|p2a: Chansey|23/100 brn|[from] brn
|upkeep
|turn|44
|
|t:|1760784605
|-curestatus|p2a: Chansey|brn|[from] ability: Natural Cure
|switch|p2a: Zapdos|Zapdos|77/100
|move|p1a: Ogerpon|Synthesis|p1a: Ogerpon
|-heal|p1a: Ogerpon|99/100
|
|upkeep
|turn|45
|
|t:|1760784611
|switch|p1a: Ting-Lu|Ting-Lu, shiny|92/100
|-ability|p1a: Ting-Lu|Vessel of Ruin
|move|p2a: Zapdos|Thunder Wave|p1a: Ting-Lu
|-immune|p1a: Ting-Lu
|
|-heal|p1a: Ting-Lu|99/100|[from] item: Leftovers
|upkeep
|turn|46
|
|t:|1760784620
|switch|p2a: Chansey|Chansey, F|23/100
|-damage|p2a: Chansey|11/100|[from] Stealth Rock
|-damage|p2a: Chansey|0 fnt|[from] Spikes
|faint|p2a: Chansey
|move|p1a: Ting-Lu|Throat Chop|p2: Chansey|[notarget]
|-fail|p1a: Ting-Lu
|
|-heal|p1a: Ting-Lu|100/100|[from] item: Leftovers
|upkeep
|
|t:|1760784629
|switch|p2a: Clefable|Clefable, F|89/100 brn
|turn|47
|
|t:|1760784638
|switch|p1a: Skeledirge|Skeledirge, F|89/100 par
|move|p2a: Clefable|Calm Mind|p2a: Clefable
|-boost|p2a: Clefable|spa|1
|-boost|p2a: Clefable|spd|1
|
|upkeep
|turn|48
|
|t:|1760784648
|move|p2a: Clefable|Moonblast|p1a: Skeledirge
|-resisted|p1a: Skeledirge
|-damage|p1a: Skeledirge|77/100 par
|cant|p1a: Skeledirge|par
|
|upkeep
|turn|49
|
|t:|1760784655
|move|p2a: Clefable|Calm Mind|p2a: Clefable
|-boost|p2a: Clefable|spa|1
|-boost|p2a: Clefable|spd|1
|move|p1a: Skeledirge|Torch Song|p2a: Clefable
|-damage|p2a: Clefable|63/100 brn
|-boost|p1a: Skeledirge|spa|1
|
|upkeep
|turn|50
|
|t:|1760784657
|move|p2a: Clefable|Moonblast|p1a: Skeledirge
|-resisted|p1a: Skeledirge
|-damage|p1a: Skeledirge|65/100 par
|move|p1a: Skeledirge|Torch Song|p2a: Clefable
|-damage|p2a: Clefable|23/100 brn
|-boost|p1a: Skeledirge|spa|1
|
|upkeep
|turn|51
|
|t:|1760784663
|move|p2a: Clefable|Moonlight|p2a: Clefable
|-heal|p2a: Clefable|73/100 brn
|move|p1a: Skeledirge|Torch Song|p2a: Clefable
|-damage|p2a: Clefable|19/100 brn
|-boost|p1a: Skeledirge|spa|1
|
|upkeep
|turn|52
|
|t:|1760784669
|move|p2a: Clefable|Moonlight|p2a: Clefable
|-heal|p2a: Clefable|69/100 brn
|move|p1a: Skeledirge|Slack Off|p1a: Skeledirge
|-heal|p1a: Skeledirge|100/100 par
|
|upkeep
|turn|53
|
|t:|1760784680
|switch|p2a: Blastoise|Blastoise, M|88/100
|-damage|p2a: Blastoise|76/100|[from] Stealth Rock
|-damage|p2a: Blastoise|59/100|[from] Spikes
|move|p1a: Skeledirge|Torch Song|p2a: Blastoise
|-resisted|p2a: Blastoise
|-damage|p2a: Blastoise|27/100
|-boost|p1a: Skeledirge|spa|1
|
|upkeep
|turn|54
|
|t:|1760784691
|switch|p1a: Dragapult|Dragapult, F|100/100
|move|p2a: Blastoise|Earthquake|p1a: Dragapult
|-damage|p1a: Dragapult|75/100
|
|upkeep
|turn|55
|
|t:|1760784704
|move|p1a: Dragapult|Shadow Ball|p2a: Blastoise
|-damage|p2a: Blastoise|0 fnt
|faint|p2a: Blastoise
|
|upkeep
|
|t:|1760784709
|switch|p2a: Zapdos|Zapdos|77/100
|turn|56
|
|t:|1760784716
|switch|p1a: Ting-Lu|Ting-Lu, shiny|100/100
|-ability|p1a: Ting-Lu|Vessel of Ruin
|move|p2a: Zapdos|Thunder Wave|p1a: Ting-Lu
|-immune|p1a: Ting-Lu
|
|upkeep
|turn|57
|
|t:|1760784723
|switch|p2a: Clefable|Clefable, F|69/100 brn
|move|p1a: Ting-Lu|Stealth Rock||[still]
|-fail|p1a: Ting-Lu
|
|upkeep
|turn|58
|
|t:|1760784729
|move|p2a: Clefable|Moonlight|p2a: Clefable
|-heal|p2a: Clefable|100/100 brn
|move|p1a: Ting-Lu|Earthquake|p2a: Clefable
|-damage|p2a: Clefable|72/100 brn
|
|upkeep
|turn|59
|
|t:|1760784738
|switch|p1a: Skeledirge|Skeledirge, F|100/100 par
|move|p2a: Clefable|Calm Mind|p2a: Clefable
|-boost|p2a: Clefable|spa|1
|-boost|p2a: Clefable|spd|1
|
|upkeep
|turn|60
|
|t:|1760784747
|move|p2a: Clefable|Calm Mind|p2a: Clefable
|-boost|p2a: Clefable|spa|1
|-boost|p2a: Clefable|spd|1
|move|p1a: Skeledirge|Torch Song|p2a: Clefable
|-damage|p2a: Clefable|43/100 brn
|-boost|p1a: Skeledirge|spa|1
|
|upkeep
|turn|61
|
|t:|1760784750
|move|p2a: Clefable|Moonlight|p2a: Clefable
|-heal|p2a: Clefable|93/100 brn
|move|p1a: Skeledirge|Torch Song|p2a: Clefable
|-damage|p2a: Clefable|54/100 brn
|-boost|p1a: Skeledirge|spa|1
|
|upkeep
|turn|62
|
|t:|1760784755
|move|p2a: Clefable|Moonlight|p2a: Clefable
|-heal|p2a: Clefable|100/100 brn
|cant|p1a: Skeledirge|par
|
|upkeep
|turn|63
|
|t:|1760784773
|switch|p2a: Ditto|Ditto|88/100
|-damage|p2a: Ditto|76/100|[from] Stealth Rock
|-damage|p2a: Ditto|59/100|[from] Spikes
|-transform|p2a: Ditto|p1a: Skeledirge|[from] ability: Imposter
|move|p1a: Skeledirge|Torch Song|p2a: Ditto
|-resisted|p2a: Ditto
|-damage|p2a: Ditto|46/100
|-boost|p1a: Skeledirge|spa|1
|
|upkeep
|turn|64
|
|t:|1760784786
|move|p2a: Ditto|Torch Song|p1a: Skeledirge
|-resisted|p1a: Skeledirge
|-crit|p1a: Skeledirge
|-damage|p1a: Skeledirge|85/100 par
|-boost|p2a: Ditto|spa|1
|move|p1a: Skeledirge|Earth Power|p2a: Ditto
|-supereffective|p2a: Ditto
|-damage|p2a: Ditto|4/100
|
|upkeep
|turn|65
|
|t:|1760784794
|move|p2a: Ditto|Torch Song|p1a: Skeledirge
|-resisted|p1a: Skeledirge
|-damage|p1a: Skeledirge|73/100 par
|-boost|p2a: Ditto|spa|1
|move|p1a: Skeledirge|Earth Power|p2a: Ditto
|-supereffective|p2a: Ditto
|-damage|p2a: Ditto|0 fnt
|faint|p2a: Ditto
|
|upkeep
|c|☆beeboobaa|ahh gg
|inactive|beeboobaa has 120 seconds left.
|-message|beeboobaa forfeited.
|
|win|Akkoooo
|raw|Akkoooo's rating: 1421 &rarr; <strong>1437</strong><br />(+16 for winning)
|raw|beeboobaa's rating: 1357 &rarr; <strong>1341</strong><br />(-16 for losing)
|l|☆beeboobaa
|player|p2|
|l|☆Akkoooo
|player|p1|
