|j|☆WALOSA DE ELITE
|j|☆levijoseph
|t:|1760825010
|gametype|singles
|player|p1|WALOSA DE ELITE|101|1563
|player|p2|levijoseph|nate|1584
|gen|9
|tier|[Gen 9] OU
|rated|
|rule|HP Percentage Mod: HP is shown in percentages
|rule|Endless Battle Clause: Forcing endless battles is banned
|rule|Species Clause: Limit one of each Pokémon
|rule|OHKO Clause: OHKO moves are banned
|rule|Evasion Items Clause: Evasion items are banned
|rule|Evasion Moves Clause: Evasion moves are banned
|rule|Evasion Abilities Clause: Evasion abilities are banned
|rule|Sleep Moves Clause: Sleep-inducing moves are banned
|clearpoke
|poke|p1|Grimmsnarl, M|
|poke|p1|Armarouge, M|
|poke|p1|Clefable, M|
|poke|p1|Latias, F|
|poke|p1|Kyurem|
|poke|p1|Glimmora, F|
|poke|p2|Serperior, M|
|poke|p2|Clefable, F|
|poke|p2|Thundurus, M|
|poke|p2|Scizor, M|
|poke|p2|Smeargle, M|
|poke|p2|Ceruledge, M|
|teampreview
|
|t:|1760825016
|teamsize|p1|6
|teamsize|p2|6
|start
|switch|p1a: Grimmsnarl|Grimmsnarl, M|100/100
|switch|p2a: Smeargle|Smeargle, M|100/100
|turn|1
|inactive|Battle timer is ON: inactive players will automatically lose when time's up. (requested by levijoseph)
|
|t:|1760825026
|move|p2a: Smeargle|Nuzzle|p1a: Grimmsnarl
|-damage|p1a: Grimmsnarl|98/100
|-status|p1a: Grimmsnarl|par
|move|p1a: Grimmsnarl|Spirit Break|p2a: Smeargle
|-damage|p2a: Smeargle|33/100
|-unboost|p2a: Smeargle|spa|1
|
|upkeep
|turn|2
|
|t:|1760825028
|move|p2a: Smeargle|Stealth Rock|p1a: Grimmsnarl
|-sidestart|p1: WALOSA DE ELITE|move: Stealth Rock
|move|p1a: Grimmsnarl|Spirit Break|p2a: Smeargle
|-damage|p2a: Smeargle|0 fnt
|faint|p2a: Smeargle
|
|upkeep
|
|t:|1760825036
|switch|p2a: Serperior|Serperior, M|100/100
|turn|3
|
|t:|1760825038
|move|p1a: Grimmsnarl|Light Screen|p1a: Grimmsnarl
|-sidestart|p1: WALOSA DE ELITE|move: Light Screen
|move|p2a: Serperior|Substitute|p2a: Serperior
|-start|p2a: Serperior|Substitute
|-damage|p2a: Serperior|76/100
|
|-heal|p2a: Serperior|82/100|[from] item: Leftovers
|upkeep
|turn|4
|
|t:|1760825041
|cant|p1a: Grimmsnarl|par
|move|p2a: Serperior|Leech Seed|p1a: Grimmsnarl
|-start|p1a: Grimmsnarl|move: Leech Seed
|
|-heal|p2a: Serperior|88/100|[from] item: Leftovers
|-damage|p1a: Grimmsnarl|86/100 par|[from] Leech Seed|[of] p2a: Serperior
|-heal|p2a: Serperior|100/100|[silent]
|upkeep
|turn|5
|
|t:|1760825047
|move|p1a: Grimmsnarl|Taunt|p2a: Serperior
|-start|p2a: Serperior|move: Taunt
|move|p2a: Serperior|Leaf Storm|p1a: Grimmsnarl|[miss]
|-miss|p2a: Serperior|p1a: Grimmsnarl
|
|-damage|p1a: Grimmsnarl|73/100 par|[from] Leech Seed|[of] p2a: Serperior
|upkeep
|turn|6
|
|t:|1760825050
|switch|p1a: Glimmora|Glimmora, F|100/100
|-damage|p1a: Glimmora|88/100|[from] Stealth Rock
|move|p2a: Serperior|Leaf Storm|p1a: Glimmora
|-damage|p1a: Glimmora|67/100
|-boost|p2a: Serperior|spa|2
|
|upkeep
|turn|7
|
|t:|1760825056
|move|p1a: Glimmora|Power Gem|p2a: Serperior
|-end|p2a: Serperior|Substitute
|move|p2a: Serperior|Leaf Storm|p1a: Glimmora
|-damage|p1a: Glimmora|16/100
|-boost|p2a: Serperior|spa|2
|
|-end|p2a: Serperior|move: Taunt
|upkeep
|turn|8
|
|t:|1760825062
|move|p1a: Glimmora|Power Gem|p2a: Serperior
|-damage|p2a: Serperior|58/100
|move|p2a: Serperior|Leaf Storm|p1a: Glimmora
|-damage|p1a: Glimmora|0 fnt
|-boost|p2a: Serperior|spa|2
|faint|p1a: Glimmora
|
|-heal|p2a: Serperior|64/100|[from] item: Leftovers
|upkeep
|
|t:|1760825079
|switch|p1a: Armarouge|Armarouge, M|100/100
|-damage|p1a: Armarouge|76/100|[from] Stealth Rock
|turn|9
|
|t:|1760825083
|move|p2a: Serperior|Glare|p1a: Armarouge
|-status|p1a: Armarouge|par
|move|p1a: Armarouge|Mystical Fire|p2a: Serperior
|-supereffective|p2a: Serperior
|-damage|p2a: Serperior|0 fnt
|faint|p2a: Serperior
|
|upkeep
|
|t:|1760825089
|switch|p2a: Scizor|Scizor, M|100/100
|turn|10
|
|t:|1760825092
|move|p2a: Scizor|Knock Off|p1a: Armarouge
|-supereffective|p1a: Armarouge
|-damage|p1a: Armarouge|12/100 par
|-ability|p1a: Armarouge|Weak Armor|boost
|-unboost|p1a: Armarouge|def|1
|-boost|p1a: Armarouge|spe|2
|-enditem|p1a: Armarouge|Chesto Berry|[from] move: Knock Off|[of] p2a: Scizor
|cant|p1a: Armarouge|par
|
|-sideend|p1: WALOSA DE ELITE|move: Light Screen
|upkeep
|turn|11
|
|t:|1760825097
|move|p2a: Scizor|Bullet Punch|p1a: Armarouge
|-resisted|p1a: Armarouge
|-damage|p1a: Armarouge|0 fnt
|faint|p1a: Armarouge
|
|upkeep
|inactive|WALOSA DE ELITE has 120 seconds left.
|
|t:|1760825127
|switch|p1a: Clefable|Clefable, M|100/100
|-damage|p1a: Clefable|88/100|[from] Stealth Rock
|turn|12
|l|☆levijoseph
|inactive|levijoseph disconnected and has a minute to reconnect!
|player|p2|
|j|☆levijoseph
|inactive|levijoseph reconnected and has 120 seconds left.
|player|p2|levijoseph|nate|
|
|t:|1760825174
|-terastallize|p1a: Clefable|Steel
|move|p2a: Scizor|Bullet Punch|p1a: Clefable
|-resisted|p1a: Clefable
|-damage|p1a: Clefable|74/100
|move|p1a: Clefable|Cosmic Power|p1a: Clefable
|-boost|p1a: Clefable|def|1
|-boost|p1a: Clefable|spd|1
|
|-heal|p1a: Clefable|80/100|[from] item: Leftovers
|upkeep
|turn|13
|
|t:|1760825178
|switch|p2a: Thundurus|Thundurus, M|100/100
|move|p1a: Clefable|Cosmic Power|p1a: Clefable
|-boost|p1a: Clefable|def|1
|-boost|p1a: Clefable|spd|1
|
|-heal|p1a: Clefable|86/100|[from] item: Leftovers
|upkeep
|turn|14
|
|t:|1760825184
|move|p2a: Thundurus|Thunder Wave|p1a: Clefable
|-status|p1a: Clefable|par
|move|p1a: Clefable|Moonblast|p2a: Thundurus
|-damage|p2a: Thundurus|56/100
|
|-heal|p1a: Clefable|92/100 par|[from] item: Leftovers
|upkeep
|turn|15
|inactive|levijoseph has 120 seconds left.
|
|t:|1760825215
|switch|p2a: Ceruledge|Ceruledge, M|100/100
|cant|p1a: Clefable|par
|
|-heal|p1a: Clefable|98/100 par|[from] item: Leftovers
|upkeep
|turn|16
|
|t:|1760825223
|switch|p1a: Grimmsnarl|Grimmsnarl, M|73/100 par
|-damage|p1a: Grimmsnarl|61/100 par|[from] Stealth Rock
|move|p2a: Ceruledge|Bitter Blade|p1a: Grimmsnarl
|-damage|p1a: Grimmsnarl|12/100 par
|
|upkeep
|turn|17
|inactive|levijoseph has 120 seconds left.
|
|t:|1760825228
|move|p1a: Grimmsnarl|Reflect|p1a: Grimmsnarl
|-sidestart|p1: WALOSA DE ELITE|Reflect
|move|p2a: Ceruledge|Bitter Blade|p1a: Grimmsnarl
|-damage|p1a: Grimmsnarl|0 fnt
|faint|p1a: Grimmsnarl
|
|upkeep
|
|t:|1760825234
|switch|p1a: Kyurem|Kyurem|100/100
|-damage|p1a: Kyurem|76/100|[from] Stealth Rock
|-ability|p1a: Kyurem|Pressure
|turn|18
|
|t:|1760825240
|move|p1a: Kyurem|Earth Power|p2a: Ceruledge
|-supereffective|p2a: Ceruledge
|-damage|p2a: Ceruledge|52/100
|move|p2a: Ceruledge|Bulk Up|p2a: Ceruledge
|-boost|p2a: Ceruledge|atk|1
|-boost|p2a: Ceruledge|def|1
|
|-heal|p1a: Kyurem|82/100|[from] item: Leftovers
|-heal|p2a: Ceruledge|59/100|[from] item: Leftovers
|upkeep
|turn|19
|
|t:|1760825243
|move|p1a: Kyurem|Earth Power|p2a: Ceruledge
|-supereffective|p2a: Ceruledge
|-damage|p2a: Ceruledge|10/100
|move|p2a: Ceruledge|Bitter Blade|p1a: Kyurem
|-damage|p1a: Kyurem|53/100
|-heal|p2a: Ceruledge|26/100|[from] drain|[of] p1a: Kyurem
|
|-heal|p1a: Kyurem|59/100|[from] item: Leftovers
|-heal|p2a: Ceruledge|32/100|[from] item: Leftovers
|upkeep
|turn|20
|
|t:|1760825246
|move|p1a: Kyurem|Earth Power|p2a: Ceruledge
|-supereffective|p2a: Ceruledge
|-damage|p2a: Ceruledge|0 fnt
|faint|p2a: Ceruledge
|
|-heal|p1a: Kyurem|65/100|[from] item: Leftovers
|upkeep
|
|t:|1760825247
|switch|p2a: Thundurus|Thundurus, M|56/100
|turn|21
|
|t:|1760825253
|move|p2a: Thundurus|Thunder Wave|p1a: Kyurem
|-status|p1a: Kyurem|par
|move|p1a: Kyurem|Freeze-Dry|p2a: Thundurus
|-supereffective|p2a: Thundurus
|-crit|p2a: Thundurus
|-damage|p2a: Thundurus|0 fnt
|faint|p2a: Thundurus
|
|-heal|p1a: Kyurem|72/100 par|[from] item: Leftovers
|upkeep
|
|t:|1760825255
|switch|p2a: Scizor|Scizor, M|100/100
|turn|22
|
|t:|1760825257
|move|p2a: Scizor|Swords Dance|p2a: Scizor
|-boost|p2a: Scizor|atk|2
|move|p1a: Kyurem|Earth Power|p2a: Scizor
|-damage|p2a: Scizor|64/100
|
|-heal|p1a: Kyurem|78/100 par|[from] item: Leftovers
|upkeep
|turn|23
|
|t:|1760825260
|move|p2a: Scizor|Swords Dance|p2a: Scizor
|-boost|p2a: Scizor|atk|2
|move|p1a: Kyurem|Earth Power|p2a: Scizor
|-damage|p2a: Scizor|29/100
|
|-heal|p1a: Kyurem|84/100 par|[from] item: Leftovers
|upkeep
|turn|24
|
|t:|1760825262
|move|p2a: Scizor|Bullet Punch|p1a: Kyurem
|-supereffective|p1a: Kyurem
|-damage|p1a: Kyurem|0 fnt
|faint|p1a: Kyurem
|
|-sideend|p1: WALOSA DE ELITE|Reflect
|upkeep
|
|t:|1760825267
|switch|p1a: Clefable|Clefable, M, tera:Steel|98/100 par
|-damage|p1a: Clefable|92/100 par|[from] Stealth Rock
|turn|25
|
|t:|1760825270
|move|p2a: Scizor|Knock Off|p1a: Clefable
|-damage|p1a: Clefable|65/100 par
|-enditem|p1a: Clefable|Leftovers|[from] move: Knock Off|[of] p2a: Scizor
|move|p1a: Clefable|Cosmic Power|p1a: Clefable
|-boost|p1a: Clefable|def|1
|-boost|p1a: Clefable|spd|1
|
|upkeep
|turn|26
|
|t:|1760825279
|switch|p2a: Clefable|Clefable, F|100/100
|move|p1a: Clefable|Moonlight|p1a: Clefable
|-heal|p1a: Clefable|100/100 par
|
|upkeep
|turn|27
|
|t:|1760825285
|move|p2a: Clefable|Cosmic Power|p2a: Clefable
|-boost|p2a: Clefable|def|1
|-boost|p2a: Clefable|spd|1
|move|p1a: Clefable|Cosmic Power|p1a: Clefable
|-boost|p1a: Clefable|def|1
|-boost|p1a: Clefable|spd|1
|
|upkeep
|turn|28
|
|t:|1760825289
|move|p2a: Clefable|Cosmic Power|p2a: Clefable
|-boost|p2a: Clefable|def|1
|-boost|p2a: Clefable|spd|1
|move|p1a: Clefable|Cosmic Power|p1a: Clefable
|-boost|p1a: Clefable|def|1
|-boost|p1a: Clefable|spd|1
|
|upkeep
|turn|29
|
|t:|1760825292
|move|p2a: Clefable|Cosmic Power|p2a: Clefable
|-boost|p2a: Clefable|def|1
|-boost|p2a: Clefable|spd|1
|move|p1a: Clefable|Cosmic Power|p1a: Clefable
|-boost|p1a: Clefable|def|1
|-boost|p1a: Clefable|spd|1
|
|upkeep
|turn|30
|
|t:|1760825294
|move|p2a: Clefable|Cosmic Power|p2a: Clefable
|-boost|p2a: Clefable|def|1
|-boost|p2a: Clefable|spd|1
|move|p1a: Clefable|Cosmic Power|p1a: Clefable
|-boost|p1a: Clefable|def|1
|-boost|p1a: Clefable|spd|1
|
|upkeep
|turn|31
|
|t:|1760825297
|move|p2a: Clefable|Cosmic Power|p2a: Clefable
|-boost|p2a: Clefable|def|1
|-boost|p2a: Clefable|spd|1
|move|p1a: Clefable|Cosmic Power|p1a: Clefable
|-boost|p1a: Clefable|def|1
|-boost|p1a: Clefable|spd|1
|
|upkeep
|turn|32
|
|t:|1760825299
|move|p2a: Clefable|Cosmic Power|p2a: Clefable
|-boost|p2a: Clefable|def|1
|-boost|p2a: Clefable|spd|1
|move|p1a: Clefable|Moonblast|p2a: Clefable
|-damage|p2a: Clefable|69/100
|
|-heal|p2a: Clefable|75/100|[from] item: Leftovers
|upkeep
|turn|33
|
|t:|1760825303
|move|p2a: Clefable|Stored Power|p1a: Clefable
|-resisted|p1a: Clefable
|-damage|p1a: Clefable|61/100 par
|cant|p1a: Clefable|par
|
|-heal|p2a: Clefable|81/100|[from] item: Leftovers
|upkeep
|turn|34
|
|t:|1760825317
|move|p2a: Clefable|Stored Power|p1a: Clefable
|-resisted|p1a: Clefable
|-damage|p1a: Clefable|22/100 par
|move|p1a: Clefable|Moonlight|p1a: Clefable
|-heal|p1a: Clefable|72/100 par
|
|-heal|p2a: Clefable|87/100|[from] item: Leftovers
|upkeep
|turn|35
|
|t:|1760825324
|move|p2a: Clefable|Stored Power|p1a: Clefable
|-resisted|p1a: Clefable
|-damage|p1a: Clefable|32/100 par
|cant|p1a: Clefable|par
|
|-heal|p2a: Clefable|93/100|[from] item: Leftovers
|upkeep
|turn|36
|c|☆WALOSA DE ELITE|why max spatack???????????????
|c|☆WALOSA DE ELITE|wtf
|
|t:|1760825347
|move|p2a: Clefable|Stored Power|p1a: Clefable
|-resisted|p1a: Clefable
|-damage|p1a: Clefable|0 fnt
|faint|p1a: Clefable
|
|-heal|p2a: Clefable|99/100|[from] item: Leftovers
|upkeep
|
|t:|1760825349
|switch|p1a: Latias|Latias, F|100/100
|-damage|p1a: Latias|88/100|[from] Stealth Rock
|turn|37
|
|t:|1760825352
|move|p1a: Latias|Agility|p1a: Latias
|-boost|p1a: Latias|spe|2
|move|p2a: Clefable|Stored Power|p1a: Latias
|-resisted|p1a: Latias
|-damage|p1a: Latias|56/100
|
|-heal|p2a: Clefable|100/100|[from] item: Leftovers
|upkeep
|turn|38
|
|t:|1760825356
|move|p1a: Latias|Calm Mind|p1a: Latias
|-boost|p1a: Latias|spa|1
|-boost|p1a: Latias|spd|1
|move|p2a: Clefable|Stored Power|p1a: Latias
|-resisted|p1a: Latias
|-damage|p1a: Latias|24/100
|
|upkeep
|turn|39
|j| riyuezi
|
|t:|1760825361
|move|p1a: Latias|Draining Kiss|p2a: Clefable
|-damage|p2a: Clefable|97/100
|-heal|p1a: Latias|27/100|[from] drain|[of] p2a: Clefable
|move|p2a: Clefable|Stored Power|p1a: Latias
|-resisted|p1a: Latias
|-damage|p1a: Latias|0 fnt
|faint|p1a: Latias
|
|win|levijoseph
|raw|WALOSA DE ELITE's rating: 1563 &rarr; <strong>1544</strong><br />(-19 for losing)
|raw|levijoseph's rating: 1584 &rarr; <strong>1603</strong><br />(+19 for winning)
|c|☆levijoseph|Ez
|l| riyuezi
|l|☆levijoseph
|player|p2|
|l|☆WALOSA DE ELITE
|player|p1|
