|j|☆Perola Pe
|j|☆xiaoshenyoukaigual
|t:|1760887437
|gametype|singles
|player|p1|Perola Pe|dawn|1500
|player|p2|xiaoshenyoukaigual|hilbert|1432
|gen|9
|tier|[Gen 9] OU
|rated|
|rule|HP Percentage Mod: HP is shown in percentages
|rule|Endless Battle Clause: Forcing endless battles is banned
|rule|Species Clause: Limit one of each Pokémon
|rule|OHKO Clause: OHKO moves are banned
|rule|Evasion Items Clause: Evasion items are banned
|rule|Evasion Moves Clause: Evasion moves are banned
|rule|Evasion Abilities Clause: Evasion abilities are banned
|rule|Sleep Moves Clause: Sleep-inducing moves are banned
|clearpoke
|poke|p1|Raging Bolt|
|poke|p1|Primarina, F|
|poke|p1|Heatran, F|
|poke|p1|Enamorus, F|
|poke|p1|Cinderace, M|
|poke|p1|Zamazenta-*|
|poke|p2|Garganacl, F|
|poke|p2|Clodsire, F|
|poke|p2|Corviknight, F|
|poke|p2|Alomomola, M|
|poke|p2|Ogerpon-Wellspring, F|
|poke|p2|Skeledirge, M|
|teampreview
|
|t:|1760887461
|teamsize|p1|6
|teamsize|p2|6
|start
|switch|p1a: Cinderace|Cinderace, M|100/100
|switch|p2a: Clodsire|Clodsire, F, shiny|100/100
|turn|1
|
|t:|1760887468
|move|p1a: Cinderace|Pyro Ball|p2a: Clodsire
|-damage|p2a: Clodsire|36/100
|move|p2a: Clodsire|Toxic|p1a: Cinderace
|-status|p1a: Cinderace|tox
|
|-heal|p2a: Clodsire|43/100|[from] item: Black Sludge
|-damage|p1a: Cinderace|94/100 tox|[from] psn
|upkeep
|turn|2
|
|t:|1760887475
|move|p2a: Clodsire|Protect|p2a: Clodsire
|-singleturn|p2a: Clodsire|Protect
|move|p1a: Cinderace|U-turn|p2a: Clodsire
|-start|p1a: Cinderace|typechange|Bug|[from] ability: Libero
|-activate|p2a: Clodsire|move: Protect
|
|-heal|p2a: Clodsire|49/100|[from] item: Black Sludge
|-damage|p1a: Cinderace|82/100 tox|[from] psn
|upkeep
|turn|3
|
|t:|1760887485
|switch|p2a: Alomomola|Alomomola, M, shiny|100/100
|move|p1a: Cinderace|Pyro Ball|p2a: Alomomola
|-resisted|p2a: Alomomola
|-damage|p2a: Alomomola|91/100
|
|-heal|p2a: Alomomola|97/100|[from] item: Leftovers
|-damage|p1a: Cinderace|64/100 tox|[from] psn
|upkeep
|turn|4
|
|t:|1760887495
|switch|p1a: Heatran|Heatran, F|100/100
|move|p2a: Alomomola|Flip Turn|p1a: Heatran
|-supereffective|p1a: Heatran
|-damage|p1a: Heatran|74/100
|-status|p2a: Alomomola|brn|[from] ability: Flame Body|[of] p1a: Heatran
|inactive|Battle timer is ON: inactive players will automatically lose when time's up. (requested by Perola Pe)
|
|t:|1760887505
|switch|p2a: Ogerpon|Ogerpon-Wellspring, F|100/100|[from] Flip Turn
|
|-heal|p1a: Heatran|80/100|[from] item: Leftovers
|upkeep
|turn|5
|
|t:|1760887510
|move|p1a: Heatran|Protect|p1a: Heatran
|-singleturn|p1a: Heatran|Protect
|move|p2a: Ogerpon|Substitute|p2a: Ogerpon
|-start|p2a: Ogerpon|Substitute
|-damage|p2a: Ogerpon|76/100
|
|-heal|p1a: Heatran|87/100|[from] item: Leftovers
|upkeep
|turn|6
|
|t:|1760887520
|switch|p1a: Cinderace|Cinderace, M|64/100 tox
|move|p2a: Ogerpon|Swords Dance|p2a: Ogerpon
|-boost|p2a: Ogerpon|atk|2
|
|-damage|p1a: Cinderace|58/100 tox|[from] psn
|upkeep
|turn|7
|
|t:|1760887528
|move|p1a: Cinderace|Pyro Ball|p2a: Ogerpon
|-end|p2a: Ogerpon|Substitute
|move|p2a: Ogerpon|Ivy Cudgel|p1a: Cinderace|[anim] Ivy Cudgel Water
|-supereffective|p1a: Cinderace
|-damage|p1a: Cinderace|0 fnt
|faint|p1a: Cinderace
|
|upkeep
|
|t:|1760887543
|switch|p1a: Zamazenta|Zamazenta|100/100
|-ability|p1a: Zamazenta|Dauntless Shield|boost
|-boost|p1a: Zamazenta|def|1
|turn|8
|
|t:|1760887550
|switch|p2a: Alomomola|Alomomola, M, shiny|100/100 brn
|move|p1a: Zamazenta|Close Combat|p2a: Alomomola
|-damage|p2a: Alomomola|55/100 brn
|-unboost|p1a: Zamazenta|def|1
|-unboost|p1a: Zamazenta|spd|1
|-damage|p1a: Zamazenta|91/100|[from] item: Life Orb
|
|-heal|p2a: Alomomola|62/100 brn|[from] item: Leftovers
|-damage|p2a: Alomomola|55/100 brn|[from] brn
|upkeep
|turn|9
|
|t:|1760887566
|move|p1a: Zamazenta|Close Combat|p2a: Alomomola
|-damage|p2a: Alomomola|16/100 brn
|-unboost|p1a: Zamazenta|def|1
|-unboost|p1a: Zamazenta|spd|1
|-damage|p1a: Zamazenta|81/100|[from] item: Life Orb
|move|p2a: Alomomola|Wish|p2a: Alomomola
|
|-heal|p2a: Alomomola|22/100 brn|[from] item: Leftovers
|-damage|p2a: Alomomola|16/100 brn|[from] brn
|upkeep
|turn|10
|
|t:|1760887587
|switch|p1a: Primarina|Primarina, F|100/100
|switch|p2a: Clodsire|Clodsire, F, shiny|49/100
|
|-heal|p2a: Clodsire|100/100|[from] move: Wish|[wisher] Alomomola
|upkeep
|turn|11
|
|t:|1760887603
|move|p2a: Clodsire|Protect|p2a: Clodsire
|-singleturn|p2a: Clodsire|Protect
|move|p1a: Primarina|Psychic Noise|p2a: Clodsire
|-activate|p2a: Clodsire|move: Protect
|
|upkeep
|turn|12
|
|t:|1760887612
|switch|p2a: Corviknight|Corviknight, F, shiny|100/100
|-ability|p2a: Corviknight|Unnerve
|move|p1a: Primarina|Psychic Noise|p2a: Corviknight
|-resisted|p2a: Corviknight
|-damage|p2a: Corviknight|86/100
|-start|p2a: Corviknight|move: Heal Block
|
|upkeep
|turn|13
|inactive|xiaoshenyoukaigual has 120 seconds left.
|
|t:|1760887655
|move|p1a: Primarina|Psychic Noise|p2a: Corviknight
|-resisted|p2a: Corviknight
|-damage|p2a: Corviknight|70/100
|move|p2a: Corviknight|Iron Head|p1a: Primarina
|-damage|p1a: Primarina|62/100
|
|-end|p2a: Corviknight|move: Heal Block
|upkeep
|turn|14
|
|t:|1760887664
|switch|p1a: Heatran|Heatran, F|87/100
|move|p2a: Corviknight|Iron Head|p1a: Heatran
|-resisted|p1a: Heatran
|-damage|p1a: Heatran|81/100
|
|-heal|p1a: Heatran|87/100|[from] item: Leftovers
|upkeep
|turn|15
|inactive|xiaoshenyoukaigual has 120 seconds left.
|
|t:|1760887680
|switch|p2a: Skeledirge|Skeledirge, M, shiny|100/100
|move|p1a: Heatran|Stealth Rock|p2a: Skeledirge
|-sidestart|p2: xiaoshenyoukaigual|move: Stealth Rock
|
|-heal|p1a: Heatran|93/100|[from] item: Leftovers
|upkeep
|turn|16
|
|t:|1760887691
|move|p1a: Heatran|Magma Storm|p2a: Skeledirge|[miss]
|-miss|p1a: Heatran|p2a: Skeledirge
|move|p2a: Skeledirge|Torch Song|p1a: Heatran
|-damage|p1a: Heatran|67/100
|-boost|p2a: Skeledirge|spa|1
|
|-heal|p1a: Heatran|73/100|[from] item: Leftovers
|upkeep
|turn|17
|
|t:|1760887703
|switch|p1a: Enamorus|Enamorus, F|100/100
|move|p2a: Skeledirge|Torch Song|p1a: Enamorus
|-damage|p1a: Enamorus|28/100
|-boost|p2a: Skeledirge|spa|1
|
|upkeep
|turn|18
|
|t:|1760887716
|move|p1a: Enamorus|Earth Power|p2a: Skeledirge
|-supereffective|p2a: Skeledirge
|-damage|p2a: Skeledirge|49/100
|move|p2a: Skeledirge|Torch Song|p1a: Enamorus
|-damage|p1a: Enamorus|0 fnt
|-boost|p2a: Skeledirge|spa|1
|faint|p1a: Enamorus
|
|-heal|p2a: Skeledirge|55/100|[from] item: Leftovers
|upkeep
|
|t:|1760887730
|switch|p1a: Primarina|Primarina, F|62/100
|turn|19
|
|t:|1760887736
|-terastallize|p2a: Skeledirge|Grass
|move|p1a: Primarina|Psychic Noise|p2a: Skeledirge
|-damage|p2a: Skeledirge|21/100
|-start|p2a: Skeledirge|move: Heal Block
|cant|p2a: Skeledirge|move: Heal Block|Slack Off
|
|upkeep
|turn|20
|l|☆Perola Pe
|inactive|Perola Pe disconnected and has a minute to reconnect!
|player|p1|
|inactive|Perola Pe has 30 seconds to reconnect!
|j|☆Perola Pe
|inactive|Perola Pe reconnected and has 105 seconds left.
|player|p1|Perola Pe|dawn|
|
|t:|1760887787
|switch|p2a: Corviknight|Corviknight, F, shiny|70/100
|-ability|p2a: Corviknight|Unnerve
|-damage|p2a: Corviknight|57/100|[from] Stealth Rock
|move|p1a: Primarina|Psychic Noise|p2a: Corviknight
|-resisted|p2a: Corviknight
|-damage|p2a: Corviknight|42/100
|-start|p2a: Corviknight|move: Heal Block
|
|upkeep
|turn|21
|
|t:|1760887800
|switch|p1a: Heatran|Heatran, F|73/100
|move|p2a: Corviknight|Iron Head|p1a: Heatran
|-resisted|p1a: Heatran
|-damage|p1a: Heatran|67/100
|
|-heal|p1a: Heatran|73/100|[from] item: Leftovers
|-end|p2a: Corviknight|move: Heal Block
|upkeep
|turn|22
|
|t:|1760887809
|switch|p2a: Alomomola|Alomomola, M, shiny|49/100 brn
|-damage|p2a: Alomomola|36/100 brn|[from] Stealth Rock
|move|p1a: Heatran|Magma Storm|p2a: Alomomola
|-resisted|p2a: Alomomola
|-crit|p2a: Alomomola
|-damage|p2a: Alomomola|3/100 brn
|-activate|p2a: Alomomola|move: Magma Storm|[of] p1a: Heatran
|
|-heal|p1a: Heatran|79/100|[from] item: Leftovers
|-heal|p2a: Alomomola|9/100 brn|[from] item: Leftovers
|-damage|p2a: Alomomola|3/100 brn|[from] brn
|-damage|p2a: Alomomola|0 fnt|[from] move: Magma Storm|[partiallytrapped]
|faint|p2a: Alomomola
|upkeep
|
|t:|1760887814
|switch|p2a: Ogerpon|Ogerpon-Wellspring, F|76/100
|-damage|p2a: Ogerpon|63/100|[from] Stealth Rock
|turn|23
|inactive|Perola Pe has 90 seconds left.
|
|t:|1760887852
|switch|p1a: Raging Bolt|Raging Bolt|100/100
|move|p2a: Ogerpon|Ivy Cudgel|p1a: Raging Bolt|[anim] Ivy Cudgel Water
|-resisted|p1a: Raging Bolt
|-damage|p1a: Raging Bolt|77/100
|
|upkeep
|turn|24
|inactive|Perola Pe has 90 seconds left.
|
|t:|1760887882
|switch|p2a: Clodsire|Clodsire, F, shiny|100/100
|-damage|p2a: Clodsire|94/100|[from] Stealth Rock
|move|p1a: Raging Bolt|Dragon Pulse|p2a: Clodsire
|-damage|p2a: Clodsire|68/100
|
|-heal|p2a: Clodsire|74/100|[from] item: Black Sludge
|upkeep
|turn|25
|
|t:|1760887891
|-end|p1a: Raging Bolt|Protosynthesis|[silent]
|switch|p1a: Primarina|Primarina, F|62/100
|move|p2a: Clodsire|Toxic|p1a: Primarina
|-status|p1a: Primarina|tox
|
|-heal|p2a: Clodsire|80/100|[from] item: Black Sludge
|-damage|p1a: Primarina|56/100 tox|[from] psn
|upkeep
|turn|26
|
|t:|1760887899
|move|p2a: Clodsire|Protect|p2a: Clodsire
|-singleturn|p2a: Clodsire|Protect
|move|p1a: Primarina|Psychic Noise|p2a: Clodsire
|-activate|p2a: Clodsire|move: Protect
|
|-heal|p2a: Clodsire|86/100|[from] item: Black Sludge
|-damage|p1a: Primarina|44/100 tox|[from] psn
|upkeep
|turn|27
|
|t:|1760887914
|switch|p2a: Skeledirge|Skeledirge, M, shiny, tera:Grass|21/100
|-damage|p2a: Skeledirge|8/100|[from] Stealth Rock
|move|p1a: Primarina|Psychic Noise|p2a: Skeledirge
|-damage|p2a: Skeledirge|0 fnt
|faint|p2a: Skeledirge
|
|-damage|p1a: Primarina|26/100 tox|[from] psn
|upkeep
|
|t:|1760887918
|switch|p2a: Corviknight|Corviknight, F, shiny|42/100
|-ability|p2a: Corviknight|Unnerve
|-damage|p2a: Corviknight|29/100|[from] Stealth Rock
|turn|28
|
|t:|1760887923
|move|p1a: Primarina|Psychic Noise|p2a: Corviknight
|-resisted|p2a: Corviknight
|-damage|p2a: Corviknight|15/100
|-start|p2a: Corviknight|move: Heal Block
|move|p2a: Corviknight|Defog|p1a: Primarina
|-unboost|p1a: Primarina|evasion|1
|-sideend|p2: xiaoshenyoukaigual|Stealth Rock|[from] move: Defog|[of] p2a: Corviknight
|
|-damage|p1a: Primarina|2/100 tox|[from] psn
|upkeep
|turn|29
|inactive|Perola Pe has 120 seconds left.
|
|t:|1760887936
|move|p1a: Primarina|Psychic Noise|p2a: Corviknight
|-resisted|p2a: Corviknight
|-damage|p2a: Corviknight|0 fnt
|faint|p2a: Corviknight
|
|-damage|p1a: Primarina|0 fnt|[from] psn
|faint|p1a: Primarina
|upkeep
|inactive|Perola Pe has 120 seconds left.
|inactive|Perola Pe has 90 seconds left.
|
|t:|1760887975
|switch|p1a: Heatran|Heatran, F|79/100
|switch|p2a: Clodsire|Clodsire, F, shiny|86/100
|turn|30
|inactive|Perola Pe has 90 seconds left.
|
|t:|1760887985
|-terastallize|p1a: Heatran|Bug
|move|p1a: Heatran|Magma Storm|p2a: Clodsire|[miss]
|-miss|p1a: Heatran|p2a: Clodsire
|move|p2a: Clodsire|Earthquake|p1a: Heatran
|-resisted|p1a: Heatran
|-crit|p1a: Heatran
|-damage|p1a: Heatran|60/100
|
|-heal|p1a: Heatran|67/100|[from] item: Leftovers
|-heal|p2a: Clodsire|93/100|[from] item: Black Sludge
|upkeep
|turn|31
|
|t:|1760887991
|move|p1a: Heatran|Magma Storm|p2a: Clodsire
|-damage|p2a: Clodsire|70/100
|-activate|p2a: Clodsire|move: Magma Storm|[of] p1a: Heatran
|move|p2a: Clodsire|Toxic|p1a: Heatran
|-status|p1a: Heatran|tox
|
|-heal|p1a: Heatran|73/100 tox|[from] item: Leftovers
|-heal|p2a: Clodsire|76/100|[from] item: Black Sludge
|-damage|p1a: Heatran|67/100 tox|[from] psn
|-damage|p2a: Clodsire|64/100|[from] move: Magma Storm|[partiallytrapped]
|upkeep
|turn|32
|
|t:|1760887995
|move|p1a: Heatran|Taunt|p2a: Clodsire
|-start|p2a: Clodsire|move: Taunt
|cant|p2a: Clodsire|move: Taunt|Recover
|
|-heal|p1a: Heatran|73/100 tox|[from] item: Leftovers
|-heal|p2a: Clodsire|70/100|[from] item: Black Sludge
|-damage|p1a: Heatran|60/100 tox|[from] psn
|-damage|p2a: Clodsire|58/100|[from] move: Magma Storm|[partiallytrapped]
|upkeep
|turn|33
|
|t:|1760888004
|move|p1a: Heatran|Stealth Rock|p2a: Clodsire
|-sidestart|p2: xiaoshenyoukaigual|move: Stealth Rock
|move|p2a: Clodsire|Earthquake|p1a: Heatran
|-resisted|p1a: Heatran
|-damage|p1a: Heatran|49/100 tox
|
|-heal|p1a: Heatran|55/100 tox|[from] item: Leftovers
|-heal|p2a: Clodsire|64/100|[from] item: Black Sludge
|-damage|p1a: Heatran|37/100 tox|[from] psn
|-damage|p2a: Clodsire|51/100|[from] move: Magma Storm|[partiallytrapped]
|upkeep
|turn|34
|
|t:|1760888009
|move|p1a: Heatran|Magma Storm|p2a: Clodsire
|-damage|p2a: Clodsire|27/100
|move|p2a: Clodsire|Earthquake|p1a: Heatran
|-resisted|p1a: Heatran
|-damage|p1a: Heatran|25/100 tox
|
|-heal|p1a: Heatran|32/100 tox|[from] item: Leftovers
|-heal|p2a: Clodsire|33/100|[from] item: Black Sludge
|-damage|p1a: Heatran|7/100 tox|[from] psn
|-damage|p2a: Clodsire|20/100|[from] move: Magma Storm|[partiallytrapped]
|-end|p2a: Clodsire|move: Taunt
|upkeep
|turn|35
|
|t:|1760888019
|move|p2a: Clodsire|Protect|p2a: Clodsire
|-singleturn|p2a: Clodsire|Protect
|move|p1a: Heatran|Taunt|p2a: Clodsire
|-activate|p2a: Clodsire|move: Protect
|
|-heal|p1a: Heatran|13/100 tox|[from] item: Leftovers
|-heal|p2a: Clodsire|27/100|[from] item: Black Sludge
|-damage|p1a: Heatran|0 fnt|[from] psn
|faint|p1a: Heatran
|-end|p2a: Clodsire|Magma Storm|[partiallytrapped]
|upkeep
|
|t:|1760888028
|switch|p1a: Zamazenta|Zamazenta|81/100
|turn|36
|
|t:|1760888034
|switch|p2a: Ogerpon|Ogerpon-Wellspring, F|63/100
|-damage|p2a: Ogerpon|51/100|[from] Stealth Rock
|move|p1a: Zamazenta|Crunch|p2a: Ogerpon
|-damage|p2a: Ogerpon|9/100
|-damage|p1a: Zamazenta|71/100|[from] item: Life Orb
|
|upkeep
|turn|37
|
|t:|1760888045
|move|p1a: Zamazenta|Crunch|p2a: Ogerpon
|-damage|p2a: Ogerpon|0 fnt
|faint|p2a: Ogerpon
|-damage|p1a: Zamazenta|61/100|[from] item: Life Orb
|
|upkeep
|
|t:|1760888049
|switch|p2a: Clodsire|Clodsire, F, shiny|27/100
|-damage|p2a: Clodsire|20/100|[from] Stealth Rock
|turn|38
|
|t:|1760888052
|move|p2a: Clodsire|Protect|p2a: Clodsire
|-singleturn|p2a: Clodsire|Protect
|move|p1a: Zamazenta|Crunch|p2a: Clodsire
|-activate|p2a: Clodsire|move: Protect
|
|-heal|p2a: Clodsire|27/100|[from] item: Black Sludge
|upkeep
|turn|39
|
|t:|1760888056
|move|p1a: Zamazenta|Crunch|p2a: Clodsire
|-damage|p2a: Clodsire|0 fnt
|faint|p2a: Clodsire
|-damage|p1a: Zamazenta|51/100|[from] item: Life Orb
|
|upkeep
|
|t:|1760888059
|switch|p2a: Garganacl|Garganacl, F, shiny|100/100
|-damage|p2a: Garganacl|88/100|[from] Stealth Rock
|turn|40
|
|t:|1760888063
|move|p2a: Garganacl|Protect|p2a: Garganacl
|-singleturn|p2a: Garganacl|Protect
|move|p1a: Zamazenta|Close Combat|p2a: Garganacl
|-activate|p2a: Garganacl|move: Protect
|
|-heal|p2a: Garganacl|94/100|[from] item: Leftovers
|upkeep
|turn|41
|
|t:|1760888066
|move|p1a: Zamazenta|Close Combat|p2a: Garganacl
|-supereffective|p2a: Garganacl
|-damage|p2a: Garganacl|0 fnt
|-unboost|p1a: Zamazenta|def|1
|-unboost|p1a: Zamazenta|spd|1
|faint|p2a: Garganacl
|-damage|p1a: Zamazenta|41/100|[from] item: Life Orb
|
|win|Perola Pe
|raw|Perola Pe's rating: 1500 &rarr; <strong>1516</strong><br />(+16 for winning)
|raw|xiaoshenyoukaigual's rating: 1432 &rarr; <strong>1416</strong><br />(-16 for losing)
