|j|☆WolfStern
|j|☆Duqki
|t:|1760858095
|gametype|singles
|player|p1|WolfStern|n|1108
|player|p2|Duqki|1|1017
|gen|9
|tier|[Gen 9] OU
|rated|
|rule|HP Percentage Mod: HP is shown in percentages
|rule|Endless Battle Clause: Forcing endless battles is banned
|rule|Species Clause: Limit one of each Pokémon
|rule|OHKO Clause: OHKO moves are banned
|rule|Evasion Items Clause: Evasion items are banned
|rule|Evasion Moves Clause: Evasion moves are banned
|rule|Evasion Abilities Clause: Evasion abilities are banned
|rule|Sleep Moves Clause: Sleep-inducing moves are banned
|clearpoke
|poke|p1|Jolteon, M|
|poke|p1|Emboar, M|
|poke|p1|Landorus-Therian, M|
|poke|p1|Iron Crown|
|poke|p1|Alomomola, F|
|poke|p1|Muk-Alola, F|
|poke|p2|Torkoal, M|
|poke|p2|Walking Wake|
|poke|p2|Arcanine-Hisui, F|
|poke|p2|Grimmsnarl, M|
|poke|p2|Venusaur, M|
|poke|p2|Gliscor, M|
|teampreview
|inactive|Battle timer is ON: inactive players will automatically lose when time's up. (requested by Duqki)
|
|t:|1760858119
|teamsize|p1|6
|teamsize|p2|6
|start
|switch|p1a: Jolteon|Jolteon, M|100/100
|switch|p2a: Grimmsnarl|Grimmsnarl, M|100/100
|turn|1
|
|t:|1760858132
|move|p2a: Grimmsnarl|Trick|p1a: Jolteon
|-activate|p2a: Grimmsnarl|move: Trick|[of] p1a: Jolteon
|-item|p1a: Jolteon|Iron Ball|[from] move: Trick
|-item|p2a: Grimmsnarl|Magnet|[from] move: Trick
|move|p1a: Jolteon|Volt Switch|p2a: Grimmsnarl
|-damage|p2a: Grimmsnarl|69/100
|
|t:|1760858145
|switch|p1a: Iron Crown|Iron Crown|100/100|[from] Volt Switch
|
|upkeep
|turn|2
|
|t:|1760858155
|move|p2a: Grimmsnarl|Trick|p1a: Iron Crown
|-activate|p2a: Grimmsnarl|move: Trick|[of] p1a: Iron Crown
|-item|p1a: Iron Crown|Magnet|[from] move: Trick
|-item|p2a: Grimmsnarl|Expert Belt|[from] move: Trick
|move|p1a: Iron Crown|Flash Cannon|p2a: Grimmsnarl
|-supereffective|p2a: Grimmsnarl
|-damage|p2a: Grimmsnarl|0 fnt
|faint|p2a: Grimmsnarl
|
|upkeep
|
|t:|1760858169
|switch|p2a: Torkoal|Torkoal, M|100/100
|-weather|SunnyDay|[from] ability: Drought|[of] p2a: Torkoal
|turn|3
|
|t:|1760858177
|move|p1a: Iron Crown|Volt Switch|p2a: Torkoal
|-damage|p2a: Torkoal|64/100
|
|t:|1760858189
|-end|p1a: Iron Crown|Quark Drive|[silent]
|switch|p1a: Alomomola|Alomomola, F|100/100|[from] Volt Switch
|move|p2a: Torkoal|Lava Plume|p1a: Alomomola
|-resisted|p1a: Alomomola
|-damage|p1a: Alomomola|79/100
|
|-weather|SunnyDay|[upkeep]
|-heal|p1a: Alomomola|85/100|[from] item: Leftovers
|upkeep
|turn|4
|
|t:|1760858200
|switch|p2a: Venusaur|Venusaur, M|100/100
|move|p1a: Alomomola|Flip Turn|p2a: Venusaur
|-resisted|p2a: Venusaur
|-damage|p2a: Venusaur|96/100
|
|t:|1760858212
|switch|p1a: Emboar|Emboar, M|100/100|[from] Flip Turn
|
|-weather|SunnyDay|[upkeep]
|upkeep
|turn|5
|
|t:|1760858223
|-terastallize|p2a: Venusaur|Fire
|-terastallize|p1a: Emboar|Fire
|move|p2a: Venusaur|Growth|p2a: Venusaur
|-boost|p2a: Venusaur|atk|2
|-boost|p2a: Venusaur|spa|2
|move|p1a: Emboar|Flare Blitz|p2a: Venusaur
|-resisted|p2a: Venusaur
|-damage|p2a: Venusaur|0 fnt
|faint|p2a: Venusaur
|-damage|p1a: Emboar|78/100|[from] Recoil
|-damage|p1a: Emboar|68/100|[from] item: Life Orb
|
|-weather|SunnyDay|[upkeep]
|upkeep
|c|☆Duqki|HOLY
|
|t:|1760858236
|switch|p2a: Walking Wake|Walking Wake|100/100
|-activate|p2a: Walking Wake|ability: Protosynthesis
|-start|p2a: Walking Wake|protosynthesisspe
|turn|6
|c|☆WolfStern|the sun helped alot
|c|☆Duqki|jeezus
|
|t:|1760858265
|switch|p1a: Muk|Muk-Alola, F|100/100
|move|p2a: Walking Wake|Hydro Steam|p1a: Muk
|-damage|p1a: Muk|69/100
|-damage|p2a: Walking Wake|91/100|[from] item: Life Orb
|
|-weather|SunnyDay|[upkeep]
|upkeep
|turn|7
|
|t:|1760858277
|-end|p2a: Walking Wake|Protosynthesis|[silent]
|switch|p2a: Arcanine|Arcanine-Hisui, F|100/100
|move|p1a: Muk|Knock Off|p2a: Arcanine
|-damage|p2a: Arcanine|61/100
|-enditem|p2a: Arcanine|Life Orb|[from] move: Knock Off|[of] p1a: Muk
|
|-weather|SunnyDay|[upkeep]
|upkeep
|turn|8
|
|t:|1760858289
|switch|p1a: Landorus|Landorus-Therian, M|100/100
|-ability|p1a: Landorus|Intimidate|boost
|-unboost|p2a: Arcanine|atk|1
|move|p2a: Arcanine|Head Smash|p1a: Landorus
|-damage|p1a: Landorus|40/100
|
|-weather|SunnyDay|[upkeep]
|upkeep
|turn|9
|c|☆Duqki|rain summon teams are so much better
|c|☆Duqki|than
|c|☆Duqki|heat summon
|inactive|WolfStern has 120 seconds left.
|c|☆WolfStern|yeah true
|
|t:|1760858313
|move|p1a: Landorus|U-turn|p2a: Arcanine
|-resisted|p2a: Arcanine
|-crit|p2a: Arcanine
|-damage|p2a: Arcanine|36/100
|
|t:|1760858317
|switch|p1a: Alomomola|Alomomola, F|100/100|[from] U-turn
|move|p2a: Arcanine|Flame Charge|p1a: Alomomola
|-resisted|p1a: Alomomola
|-damage|p1a: Alomomola|94/100
|-boost|p2a: Arcanine|spe|1
|
|-weather|SunnyDay|[upkeep]
|-heal|p1a: Alomomola|99/100|[from] item: Leftovers
|upkeep
|turn|10
|
|t:|1760858326
|move|p2a: Arcanine|Head Smash|p1a: Alomomola
|-damage|p1a: Alomomola|71/100
|move|p1a: Alomomola|Wish|p1a: Alomomola
|
|-weather|none
|-heal|p1a: Alomomola|77/100|[from] item: Leftovers
|upkeep
|turn|11
|
|t:|1760858333
|move|p2a: Arcanine|Flare Blitz|p1a: Alomomola
|-resisted|p1a: Alomomola
|-damage|p1a: Alomomola|65/100
|move|p1a: Alomomola|Flip Turn|p2a: Arcanine
|-supereffective|p2a: Arcanine
|-damage|p2a: Arcanine|0 fnt
|faint|p2a: Arcanine
|-message|Duqki forfeited.
|
|win|WolfStern
|raw|WolfStern's rating: 1108 &rarr; <strong>1127</strong><br />(+19 for winning)
|raw|Duqki's rating: 1017 &rarr; <strong>1008</strong><br />(-9 for losing)
|l|☆Duqki
|player|p2|
|c|☆WolfStern|gg
