|j|☆Free6lackpanther
|j|‽kgbagent01
|t:|1760760099
|gametype|singles
|player|p1|Free6lackpanther|101|1244
|player|p2|kgbagent01|265|1162
|gen|9
|tier|[Gen 9] OU
|rated|
|rule|HP Percentage Mod: HP is shown in percentages
|rule|Endless Battle Clause: Forcing endless battles is banned
|rule|Species Clause: Limit one of each Pokémon
|rule|OHKO Clause: OHKO moves are banned
|rule|Evasion Items Clause: Evasion items are banned
|rule|Evasion Moves Clause: Evasion moves are banned
|rule|Evasion Abilities Clause: Evasion abilities are banned
|rule|Sleep Moves Clause: Sleep-inducing moves are banned
|clearpoke
|poke|p1|Ogerpon-Wellspring, F|
|poke|p1|Rotom-Wash|
|poke|p1|Scizor, M|
|poke|p1|Zapdos|
|poke|p1|Tyranitar, M|
|poke|p1|Ninetales-Alola, M|
|poke|p2|Incineroar, F|
|poke|p2|Lucario, M|
|poke|p2|Tyranitar, F|
|poke|p2|Gliscor, F|
|poke|p2|Garchomp, M|
|poke|p2|Blastoise, M|
|teampreview
|inactive|Battle timer is ON: inactive players will automatically lose when time's up. (requested by Free6lackpanther)
|
|t:|1760760107
|teamsize|p1|6
|teamsize|p2|6
|start
|switch|p1a: Rotom|Rotom-Wash|100/100
|switch|p2a: Lucario|Lucario, M|100/100
|turn|1
|
|t:|1760760114
|move|p2a: Lucario|Nasty Plot|p2a: Lucario
|-boost|p2a: Lucario|spa|2
|move|p1a: Rotom|Will-O-Wisp|p2a: Lucario
|-status|p2a: Lucario|brn
|
|-damage|p2a: Lucario|94/100 brn|[from] brn
|upkeep
|turn|2
|
|t:|1760760124
|move|p2a: Lucario|Shadow Ball|p1a: Rotom
|-damage|p1a: Rotom|27/100
|-damage|p2a: Lucario|84/100 brn|[from] item: Life Orb
|move|p1a: Rotom|Volt Switch|p2a: Lucario
|-damage|p2a: Lucario|41/100 brn
|
|t:|1760760139
|switch|p1a: Tyranitar|Tyranitar, M|100/100|[from] Volt Switch
|-weather|Sandstorm|[from] ability: Sand Stream|[of] p1a: Tyranitar
|
|-weather|Sandstorm|[upkeep]
|-damage|p2a: Lucario|35/100 brn|[from] brn
|upkeep
|turn|3
|
|t:|1760760147
|move|p2a: Lucario|Vacuum Wave|p1a: Tyranitar
|-supereffective|p1a: Tyranitar
|-damage|p1a: Tyranitar|8/100
|-damage|p2a: Lucario|25/100 brn|[from] item: Life Orb
|move|p1a: Tyranitar|Earthquake|p2a: Lucario
|-supereffective|p2a: Lucario
|-damage|p2a: Lucario|0 fnt
|faint|p2a: Lucario
|
|-weather|Sandstorm|[upkeep]
|upkeep
|
|t:|1760760161
|switch|p2a: Gliscor|Gliscor, F|100/100
|turn|4
|
|t:|1760760164
|move|p2a: Gliscor|Earthquake|p1a: Tyranitar
|-supereffective|p1a: Tyranitar
|-damage|p1a: Tyranitar|0 fnt
|faint|p1a: Tyranitar
|
|-weather|Sandstorm|[upkeep]
|-status|p2a: Gliscor|tox|[from] item: Toxic Orb
|upkeep
|
|t:|1760760173
|switch|p1a: Ninetales|Ninetales-Alola, M|100/100
|-weather|Snowscape|[from] ability: Snow Warning|[of] p1a: Ninetales
|turn|5
|
|t:|1760760177
|move|p1a: Ninetales|Blizzard|p2a: Gliscor
|-supereffective|p2a: Gliscor
|-damage|p2a: Gliscor|0 fnt
|faint|p2a: Gliscor
|
|-weather|Snowscape|[upkeep]
|upkeep
|
|t:|1760760181
|switch|p2a: Tyranitar|Tyranitar, F|100/100
|-weather|Sandstorm|[from] ability: Sand Stream|[of] p2a: Tyranitar
|turn|6
|
|t:|1760760190
|switch|p1a: Rotom|Rotom-Wash|27/100
|move|p2a: Tyranitar|Dragon Dance|p2a: Tyranitar
|-boost|p2a: Tyranitar|atk|1
|-boost|p2a: Tyranitar|spe|1
|
|-weather|Sandstorm|[upkeep]
|-damage|p1a: Rotom|21/100|[from] Sandstorm
|-heal|p1a: Rotom|27/100|[from] item: Leftovers
|upkeep
|turn|7
|
|t:|1760760200
|move|p2a: Tyranitar|Lash Out|p1a: Rotom
|-damage|p1a: Rotom|0 fnt
|faint|p1a: Rotom
|
|-weather|Sandstorm|[upkeep]
|upkeep
|
|t:|1760760206
|switch|p1a: Scizor|Scizor, M|100/100
|turn|8
|
|t:|1760760210
|-terastallize|p2a: Tyranitar|Flying
|move|p2a: Tyranitar|Tera Blast|p1a: Scizor|[anim] Tera Blast Flying
|-damage|p1a: Scizor|28/100
|move|p1a: Scizor|Swords Dance|p1a: Scizor
|-boost|p1a: Scizor|atk|2
|
|-weather|Sandstorm|[upkeep]
|-damage|p2a: Tyranitar|94/100|[from] Sandstorm
|-heal|p1a: Scizor|34/100|[from] item: Leftovers
|upkeep
|turn|9
|
|t:|1760760222
|move|p1a: Scizor|Bullet Punch|p2a: Tyranitar
|-damage|p2a: Tyranitar|27/100
|move|p2a: Tyranitar|Tera Blast|p1a: Scizor|[anim] Tera Blast Flying
|-damage|p1a: Scizor|0 fnt
|faint|p1a: Scizor
|
|-weather|Sandstorm|[upkeep]
|-damage|p2a: Tyranitar|20/100|[from] Sandstorm
|upkeep
|
|t:|1760760232
|switch|p1a: Ninetales|Ninetales-Alola, M|100/100
|-weather|Snowscape|[from] ability: Snow Warning|[of] p1a: Ninetales
|turn|10
|
|t:|1760760237
|move|p1a: Ninetales|Aurora Veil|p1a: Ninetales
|-sidestart|p1: Free6lackpanther|move: Aurora Veil
|move|p2a: Tyranitar|Stone Edge|p1a: Ninetales
|-supereffective|p1a: Ninetales
|-crit|p1a: Ninetales
|-damage|p1a: Ninetales|0 fnt
|faint|p1a: Ninetales
|
|-weather|Snowscape|[upkeep]
|upkeep
|
|t:|1760760245
|switch|p1a: Zapdos|Zapdos|100/100
|turn|11
|
|t:|1760760250
|move|p2a: Tyranitar|Stone Edge|p1a: Zapdos
|-supereffective|p1a: Zapdos
|-crit|p1a: Zapdos
|-damage|p1a: Zapdos|0 fnt
|faint|p1a: Zapdos
|
|-weather|Snowscape|[upkeep]
|upkeep
|
|t:|1760760257
|switch|p1a: Ogerpon|Ogerpon-Wellspring, F|100/100
|turn|12
|
|t:|1760760261
|-terastallize|p1a: Ogerpon|Water
|detailschange|p1a: Ogerpon|Ogerpon-Wellspring-Tera, F, tera:Water
|-ability|p1a: Ogerpon|Embody Aspect (Wellspring)|boost
|-boost|p1a: Ogerpon|spd|1
|move|p1a: Ogerpon|Ivy Cudgel|p2a: Tyranitar|[anim] Ivy Cudgel Water
|-damage|p2a: Tyranitar|0 fnt
|faint|p2a: Tyranitar
|
|-weather|Snowscape|[upkeep]
|upkeep
|
|t:|1760760269
|switch|p2a: Incineroar|Incineroar, F|100/100
|-ability|p2a: Incineroar|Intimidate|boost
|-unboost|p1a: Ogerpon|atk|1
|turn|13
|
|t:|1760760275
|move|p2a: Incineroar|Fake Out|p1a: Ogerpon
|-damage|p1a: Ogerpon|93/100
|cant|p1a: Ogerpon|flinch
|
|-weather|Snowscape|[upkeep]
|upkeep
|turn|14
|
|t:|1760760282
|switch|p2a: Blastoise|Blastoise, M|100/100
|move|p1a: Ogerpon|Substitute|p1a: Ogerpon
|-start|p1a: Ogerpon|Substitute
|-damage|p1a: Ogerpon|68/100
|
|-weather|none
|upkeep
|turn|15
|
|t:|1760760293
|move|p1a: Ogerpon|Swords Dance|p1a: Ogerpon
|-boost|p1a: Ogerpon|atk|2
|move|p2a: Blastoise|Shell Smash|p2a: Blastoise
|-unboost|p2a: Blastoise|def|1
|-unboost|p2a: Blastoise|spd|1
|-boost|p2a: Blastoise|atk|2
|-boost|p2a: Blastoise|spa|2
|-boost|p2a: Blastoise|spe|2
|-enditem|p2a: Blastoise|White Herb
|-clearnegativeboost|p2a: Blastoise|[silent]
|
|upkeep
|turn|16
|
|t:|1760760303
|move|p2a: Blastoise|Tera Blast|p1a: Ogerpon
|-activate|p1a: Ogerpon|move: Substitute|[damage]
|move|p1a: Ogerpon|Horn Leech|p2a: Blastoise
|-supereffective|p2a: Blastoise
|-damage|p2a: Blastoise|0 fnt
|-heal|p1a: Ogerpon|100/100|[from] drain|[of] p2a: Blastoise
|faint|p2a: Blastoise
|
|upkeep
|
|t:|1760760309
|switch|p2a: Incineroar|Incineroar, F|100/100
|-ability|p2a: Incineroar|Intimidate|boost
|-immune|p1a: Ogerpon
|turn|17
|
|t:|1760760318
|move|p2a: Incineroar|Fake Out|p1a: Ogerpon
|-activate|p1a: Ogerpon|move: Substitute|[damage]
|move|p1a: Ogerpon|Swords Dance|p1a: Ogerpon
|-boost|p1a: Ogerpon|atk|2
|
|-sideend|p1: Free6lackpanther|move: Aurora Veil
|upkeep
|turn|18
|
|t:|1760760326
|move|p1a: Ogerpon|Ivy Cudgel|p2a: Incineroar|[anim] Ivy Cudgel Water
|-supereffective|p2a: Incineroar
|-damage|p2a: Incineroar|0 fnt
|faint|p2a: Incineroar
|
|upkeep
|
|t:|1760760329
|switch|p2a: Garchomp|Garchomp, M|100/100
|turn|19
|
|t:|1760760334
|move|p1a: Ogerpon|Ivy Cudgel|p2a: Garchomp|[anim] Ivy Cudgel Water
|-damage|p2a: Garchomp|0 fnt
|faint|p2a: Garchomp
|
|win|Free6lackpanther
|raw|Free6lackpanther's rating: 1244 &rarr; <strong>1263</strong><br />(+19 for winning)
|raw|kgbagent01's rating: 1162 &rarr; <strong>1143</strong><br />(-19 for losing)
|l|‽kgbagent01
|player|p2|
|l|☆Free6lackpanther
|player|p1|
