|j|‽gholdengofinance
|j|☆Lolproplayer
|t:|1760811005
|gametype|singles
|player|p1|gholdengofinance|leaf-masters2|1696
|player|p2|Lolproplayer|101|1666
|gen|9
|tier|[Gen 9] OU
|rated|
|rule|HP Percentage Mod: HP is shown in percentages
|rule|Endless Battle Clause: Forcing endless battles is banned
|rule|Species Clause: Limit one of each Pokémon
|rule|OHKO Clause: OHKO moves are banned
|rule|Evasion Items Clause: Evasion items are banned
|rule|Evasion Moves Clause: Evasion moves are banned
|rule|Evasion Abilities Clause: Evasion abilities are banned
|rule|Sleep Moves Clause: Sleep-inducing moves are banned
|clearpoke
|poke|p1|Armarouge, M|
|poke|p1|Great Tusk|
|poke|p1|Gholdengo|
|poke|p1|Landorus-Therian, M|
|poke|p1|Iron Crown|
|poke|p1|Samurott-Hisui, M|
|poke|p2|Ursaluna, F|
|poke|p2|Cresselia, F|
|poke|p2|Iron Hands|
|poke|p2|Volcanion|
|poke|p2|Hatterene, F|
|poke|p2|Porygon2|
|teampreview
|inactive|Battle timer is ON: inactive players will automatically lose when time's up. (requested by Lolproplayer)
|
|t:|1760811021
|teamsize|p1|6
|teamsize|p2|6
|start
|switch|p1a: Samurott|Samurott-Hisui, M|100/100
|switch|p2a: Iron Hands|Iron Hands|100/100
|-enditem|p2a: Iron Hands|Booster Energy
|-activate|p2a: Iron Hands|ability: Quark Drive|[fromitem]
|-start|p2a: Iron Hands|quarkdriveatk
|turn|1
|j| lord shiddenfards
|
|t:|1760811029
|switch|p1a: Landorus|Landorus-Therian, M|100/100
|-ability|p1a: Landorus|Intimidate|boost
|-unboost|p2a: Iron Hands|atk|1
|move|p2a: Iron Hands|Swords Dance|p2a: Iron Hands
|-boost|p2a: Iron Hands|atk|2
|
|upkeep
|turn|2
|
|t:|1760811037
|move|p1a: Landorus|Stealth Rock|p2a: Iron Hands
|-sidestart|p2: Lolproplayer|move: Stealth Rock
|move|p2a: Iron Hands|Ice Punch|p1a: Landorus
|-supereffective|p1a: Landorus
|-damage|p1a: Landorus|0 fnt
|-damage|p2a: Iron Hands|84/100|[from] item: Rocky Helmet|[of] p1a: Landorus
|faint|p1a: Landorus
|
|upkeep
|
|t:|1760811042
|switch|p1a: Great Tusk|Great Tusk|100/100
|turn|3
|
|t:|1760811052
|-end|p2a: Iron Hands|Quark Drive|[silent]
|switch|p2a: Cresselia|Cresselia, F|100/100
|-damage|p2a: Cresselia|88/100|[from] Stealth Rock
|move|p1a: Great Tusk|Headlong Rush|p2a: Cresselia
|-immune|p2a: Cresselia|[from] ability: Levitate
|
|upkeep
|turn|4
|j| encostoo
|
|t:|1760811060
|-end|p1a: Great Tusk|Protosynthesis|[silent]
|switch|p1a: Samurott|Samurott-Hisui, M|100/100
|move|p2a: Cresselia|Trick Room|p2a: Cresselia
|-fieldstart|move: Trick Room|[of] p2a: Cresselia
|
|upkeep
|turn|5
|j| blackgokuking
|
|t:|1760811066
|switch|p2a: Iron Hands|Iron Hands|84/100
|-damage|p2a: Iron Hands|78/100|[from] Stealth Rock
|move|p1a: Samurott|Ceaseless Edge|p2a: Iron Hands
|-resisted|p2a: Iron Hands
|-damage|p2a: Iron Hands|63/100
|-sidestart|p2: Lolproplayer|Spikes
|
|upkeep
|turn|6
|
|t:|1760811075
|move|p2a: Iron Hands|Drain Punch|p1a: Samurott
|-supereffective|p1a: Samurott
|-damage|p1a: Samurott|0 fnt
|-heal|p2a: Iron Hands|100/100|[from] drain|[of] p1a: Samurott
|faint|p1a: Samurott
|
|upkeep
|
|t:|1760811078
|switch|p1a: Armarouge|Armarouge, M|100/100
|turn|7
|
|t:|1760811083
|move|p2a: Iron Hands|Wild Charge|p1a: Armarouge
|-damage|p1a: Armarouge|37/100
|-ability|p1a: Armarouge|Weak Armor|boost
|-unboost|p1a: Armarouge|def|1
|-boost|p1a: Armarouge|spe|2
|-damage|p2a: Iron Hands|91/100|[from] Recoil
|move|p1a: Armarouge|Psychic|p2a: Iron Hands
|-supereffective|p2a: Iron Hands
|-damage|p2a: Iron Hands|0 fnt
|faint|p2a: Iron Hands
|-end|p2a: Iron Hands|Quark Drive|[silent]
|
|upkeep
|
|t:|1760811098
|switch|p2a: Volcanion|Volcanion|100/100
|-damage|p2a: Volcanion|75/100|[from] Stealth Rock
|-damage|p2a: Volcanion|63/100|[from] Spikes
|turn|8
|
|t:|1760811103
|switch|p1a: Gholdengo|Gholdengo|100/100
|move|p2a: Volcanion|Steam Eruption|p1a: Gholdengo
|-damage|p1a: Gholdengo|8/100
|-status|p1a: Gholdengo|brn
|
|-damage|p1a: Gholdengo|2/100 brn|[from] brn
|-fieldend|move: Trick Room
|upkeep
|turn|9
|
|t:|1760811118
|move|p1a: Gholdengo|Thunder Wave|p2a: Volcanion
|-status|p2a: Volcanion|par
|cant|p2a: Volcanion|par
|
|-damage|p1a: Gholdengo|0 fnt|[from] brn
|faint|p1a: Gholdengo
|upkeep
|
|t:|1760811125
|switch|p1a: Iron Crown|Iron Crown|100/100
|-enditem|p1a: Iron Crown|Booster Energy
|-activate|p1a: Iron Crown|ability: Quark Drive|[fromitem]
|-start|p1a: Iron Crown|quarkdrivespe
|turn|10
|
|t:|1760811139
|-terastallize|p1a: Iron Crown|Dark
|move|p1a: Iron Crown|Calm Mind|p1a: Iron Crown
|-boost|p1a: Iron Crown|spa|1
|-boost|p1a: Iron Crown|spd|1
|move|p2a: Volcanion|Steam Eruption|p1a: Iron Crown
|-damage|p1a: Iron Crown|35/100
|
|upkeep
|turn|11
|
|t:|1760811148
|move|p1a: Iron Crown|Psyshock|p2a: Volcanion
|-damage|p2a: Volcanion|14/100 par
|cant|p2a: Volcanion|par
|
|upkeep
|turn|12
|
|t:|1760811154
|move|p1a: Iron Crown|Psyshock|p2a: Volcanion
|-damage|p2a: Volcanion|0 fnt
|faint|p2a: Volcanion
|
|upkeep
|
|t:|1760811163
|switch|p2a: Cresselia|Cresselia, F|88/100
|-damage|p2a: Cresselia|76/100|[from] Stealth Rock
|turn|13
|
|t:|1760811168
|move|p1a: Iron Crown|Tera Blast|p2a: Cresselia|[anim] Tera Blast Dark
|-supereffective|p2a: Cresselia
|-damage|p2a: Cresselia|11/100
|move|p2a: Cresselia|Trick Room|p2a: Cresselia
|-fieldstart|move: Trick Room|[of] p2a: Cresselia
|
|upkeep
|turn|14
|
|t:|1760811174
|move|p2a: Cresselia|Lunar Dance|p2a: Cresselia
|faint|p2a: Cresselia
|move|p1a: Iron Crown|Calm Mind|p1a: Iron Crown
|-boost|p1a: Iron Crown|spa|1
|-boost|p1a: Iron Crown|spd|1
|
|upkeep
|
|t:|1760811181
|switch|p2a: Ursaluna|Ursaluna, F|100/100
|-damage|p2a: Ursaluna|94/100|[from] Stealth Rock
|-damage|p2a: Ursaluna|82/100|[from] Spikes
|turn|15
|
|t:|1760811190
|-terastallize|p2a: Ursaluna|Normal
|move|p2a: Ursaluna|Facade|p1a: Iron Crown
|-crit|p1a: Iron Crown
|-damage|p1a: Iron Crown|0 fnt
|faint|p1a: Iron Crown
|-end|p1a: Iron Crown|Quark Drive|[silent]
|
|-status|p2a: Ursaluna|brn|[from] item: Flame Orb
|upkeep
|
|t:|1760811195
|switch|p1a: Great Tusk|Great Tusk|100/100
|turn|16
|
|t:|1760811201
|move|p2a: Ursaluna|Facade|p1a: Great Tusk
|-damage|p1a: Great Tusk|0 fnt
|faint|p1a: Great Tusk
|-end|p1a: Great Tusk|Protosynthesis|[silent]
|
|-damage|p2a: Ursaluna|75/100 brn|[from] brn
|upkeep
|
|t:|1760811204
|switch|p1a: Armarouge|Armarouge, M|37/100
|turn|17
|
|t:|1760811210
|move|p2a: Ursaluna|Facade|p1a: Armarouge
|-damage|p1a: Armarouge|0 fnt
|faint|p1a: Armarouge
|
|win|Lolproplayer
|raw|gholdengofinance's rating: 1696 &rarr; <strong>1674</strong><br />(-22 for losing)
|raw|Lolproplayer's rating: 1666 &rarr; <strong>1688</strong><br />(+22 for winning)
|l|‽gholdengofinance
|player|p1|
|l| lord shiddenfards
|l| blackgokuking
|l|☆Lolproplayer
|player|p2|
