|j|☆Catchyg
|j|☆360nah
|t:|1760791321
|gametype|singles
|player|p1|Catchyg|grimsley|1151
|player|p2|360nah|palmer|1181
|gen|9
|tier|[Gen 9] OU
|rated|
|rule|HP Percentage Mod: HP is shown in percentages
|rule|Endless Battle Clause: Forcing endless battles is banned
|rule|Species Clause: Limit one of each Pokémon
|rule|OHKO Clause: OHKO moves are banned
|rule|Evasion Items Clause: Evasion items are banned
|rule|Evasion Moves Clause: Evasion moves are banned
|rule|Evasion Abilities Clause: Evasion abilities are banned
|rule|Sleep Moves Clause: Sleep-inducing moves are banned
|clearpoke
|poke|p1|Ninetales-Alola, M|
|poke|p1|Garganacl, M|
|poke|p1|Murkrow, F|
|poke|p1|Great Tusk|
|poke|p1|Kyurem|
|poke|p1|Cetitan, M|
|poke|p2|Araquanid, M|
|poke|p2|Hawlucha, M|
|poke|p2|Great Tusk|
|poke|p2|Rillaboom, M|
|poke|p2|Cinderace, M|
|poke|p2|Raging Bolt|
|teampreview
|inactive|Battle timer is ON: inactive players will automatically lose when time's up. (requested by 360nah)
|inactive|Catchyg also wants the timer to be on.
|
|t:|1760791338
|teamsize|p1|6
|teamsize|p2|6
|start
|switch|p1a: Ninetales|Ninetales-Alola, M|100/100
|switch|p2a: Rillaboom|Rillaboom, M, shiny|100/100
|-weather|Snowscape|[from] ability: Snow Warning|[of] p1a: Ninetales
|-fieldstart|move: Grassy Terrain|[from] ability: Grassy Surge|[of] p2a: Rillaboom
|turn|1
|
|t:|1760791345
|switch|p2a: Araquanid|Araquanid, M, shiny|100/100
|move|p1a: Ninetales|Aurora Veil|p1a: Ninetales
|-sidestart|p1: Catchyg|move: Aurora Veil
|
|-weather|Snowscape|[upkeep]
|upkeep
|turn|2
|
|t:|1760791351
|move|p1a: Ninetales|Freeze-Dry|p2a: Araquanid
|-supereffective|p2a: Araquanid
|-damage|p2a: Araquanid|68/100
|move|p2a: Araquanid|Surf|p1a: Ninetales
|-damage|p1a: Ninetales|75/100
|
|-weather|Snowscape|[upkeep]
|-heal|p1a: Ninetales|81/100|[from] Grassy Terrain
|-heal|p2a: Araquanid|74/100|[from] Grassy Terrain
|upkeep
|turn|3
|
|t:|1760791361
|switch|p2a: Cinderace|Cinderace, M|100/100
|move|p1a: Ninetales|Freeze-Dry|p2a: Cinderace
|-resisted|p2a: Cinderace
|-damage|p2a: Cinderace|84/100
|
|-weather|Snowscape|[upkeep]
|-heal|p2a: Cinderace|90/100|[from] Grassy Terrain
|-heal|p1a: Ninetales|87/100|[from] Grassy Terrain
|upkeep
|turn|4
|
|t:|1760791366
|switch|p1a: Garganacl|Garganacl, M|100/100
|move|p2a: Cinderace|Court Change|p2a: Cinderace
|-swapsideconditions
|-activate|p2a: Cinderace|move: Court Change
|
|-weather|Snowscape|[upkeep]
|-heal|p2a: Cinderace|96/100|[from] Grassy Terrain
|upkeep
|turn|5
|
|t:|1760791372
|move|p2a: Cinderace|U-turn|p1a: Garganacl
|-damage|p1a: Garganacl|87/100
|
|t:|1760791378
|switch|p2a: Great Tusk|Great Tusk|100/100|[from] U-turn
|move|p1a: Garganacl|Iron Defense|p1a: Garganacl
|-boost|p1a: Garganacl|def|2
|
|-weather|none
|-heal|p1a: Garganacl|94/100|[from] Grassy Terrain
|-heal|p1a: Garganacl|99/100|[from] item: Leftovers
|upkeep
|turn|6
|
|t:|1760791382
|move|p2a: Great Tusk|Headlong Rush|p1a: Garganacl
|-supereffective|p1a: Garganacl
|-damage|p1a: Garganacl|67/100
|-unboost|p2a: Great Tusk|def|1
|-unboost|p2a: Great Tusk|spd|1
|move|p1a: Garganacl|Iron Defense|p1a: Garganacl
|-boost|p1a: Garganacl|def|2
|
|-heal|p1a: Garganacl|73/100|[from] Grassy Terrain
|-heal|p1a: Garganacl|79/100|[from] item: Leftovers
|upkeep
|turn|7
|
|t:|1760791386
|-end|p2a: Great Tusk|Protosynthesis|[silent]
|switch|p2a: Araquanid|Araquanid, M, shiny|74/100
|move|p1a: Garganacl|Iron Defense|p1a: Garganacl
|-boost|p1a: Garganacl|def|2
|
|-heal|p2a: Araquanid|80/100|[from] Grassy Terrain
|-heal|p1a: Garganacl|86/100|[from] Grassy Terrain
|-heal|p1a: Garganacl|92/100|[from] item: Leftovers
|upkeep
|turn|8
|
|t:|1760791389
|move|p2a: Araquanid|Surf|p1a: Garganacl
|-supereffective|p1a: Garganacl
|-damage|p1a: Garganacl|33/100
|move|p1a: Garganacl|Salt Cure|p2a: Araquanid
|-supereffective|p2a: Araquanid
|-damage|p2a: Araquanid|64/100
|-start|p2a: Araquanid|Salt Cure
|
|-heal|p2a: Araquanid|70/100|[from] Grassy Terrain
|-heal|p1a: Garganacl|40/100|[from] Grassy Terrain
|-heal|p1a: Garganacl|46/100|[from] item: Leftovers
|-damage|p2a: Araquanid|45/100|[from] Salt Cure
|-sideend|p2: 360nah|move: Aurora Veil
|-fieldend|move: Grassy Terrain
|upkeep
|turn|9
|
|t:|1760791397
|switch|p1a: Ninetales|Ninetales-Alola, M|87/100
|-weather|Snowscape|[from] ability: Snow Warning|[of] p1a: Ninetales
|move|p2a: Araquanid|Surf|p1a: Ninetales
|-damage|p1a: Ninetales|40/100
|
|-weather|Snowscape|[upkeep]
|-damage|p2a: Araquanid|20/100|[from] Salt Cure
|upkeep
|turn|10
|
|t:|1760791407
|switch|p1a: Great Tusk|Great Tusk|100/100
|switch|p2a: Cinderace|Cinderace, M|96/100
|
|-weather|Snowscape|[upkeep]
|upkeep
|turn|11
|
|t:|1760791412
|move|p2a: Cinderace|Will-O-Wisp|p1a: Great Tusk
|-status|p1a: Great Tusk|brn
|move|p1a: Great Tusk|Close Combat|p2a: Cinderace
|-damage|p2a: Cinderace|58/100
|-unboost|p1a: Great Tusk|def|1
|-unboost|p1a: Great Tusk|spd|1
|
|-weather|Snowscape|[upkeep]
|-damage|p1a: Great Tusk|94/100 brn|[from] brn
|upkeep
|turn|12
|
|t:|1760791421
|switch|p2a: Great Tusk|Great Tusk|100/100
|move|p1a: Great Tusk|Earthquake|p2a: Great Tusk
|-damage|p2a: Great Tusk|85/100
|
|-weather|Snowscape|[upkeep]
|-damage|p1a: Great Tusk|88/100 brn|[from] brn
|upkeep
|turn|13
|
|t:|1760791433
|move|p1a: Great Tusk|Stealth Rock|p2a: Great Tusk
|-sidestart|p2: 360nah|move: Stealth Rock
|move|p2a: Great Tusk|Stealth Rock|p1a: Great Tusk
|-sidestart|p1: Catchyg|move: Stealth Rock
|
|-weather|none
|-damage|p1a: Great Tusk|82/100 brn|[from] brn
|upkeep
|turn|14
|
|t:|1760791438
|move|p2a: Great Tusk|Ice Spinner|p1a: Great Tusk
|-supereffective|p1a: Great Tusk
|-damage|p1a: Great Tusk|30/100 brn
|move|p1a: Great Tusk|Rapid Spin|p2a: Great Tusk
|-damage|p2a: Great Tusk|80/100
|-boost|p1a: Great Tusk|spe|1
|-damage|p1a: Great Tusk|13/100 brn|[from] item: Rocky Helmet|[of] p2a: Great Tusk
|-sideend|p1: Catchyg|Stealth Rock|[from] move: Rapid Spin|[of] p1a: Great Tusk
|
|-damage|p1a: Great Tusk|7/100 brn|[from] brn
|upkeep
|turn|15
|
|t:|1760791445
|move|p1a: Great Tusk|Close Combat|p2a: Great Tusk
|-damage|p2a: Great Tusk|60/100
|-unboost|p1a: Great Tusk|def|1
|-unboost|p1a: Great Tusk|spd|1
|-damage|p1a: Great Tusk|0 fnt|[from] item: Rocky Helmet|[of] p2a: Great Tusk
|faint|p1a: Great Tusk
|-end|p1a: Great Tusk|Protosynthesis|[silent]
|move|p2a: Great Tusk|Rapid Spin|p1: Great Tusk|[notarget]
|-fail|p2a: Great Tusk
|
|upkeep
|
|t:|1760791448
|switch|p1a: Ninetales|Ninetales-Alola, M|40/100
|-weather|Snowscape|[from] ability: Snow Warning|[of] p1a: Ninetales
|turn|16
|
|t:|1760791451
|-end|p2a: Great Tusk|Protosynthesis|[silent]
|switch|p2a: Cinderace|Cinderace, M|58/100
|move|p1a: Ninetales|Foul Play|p2a: Cinderace
|-damage|p2a: Cinderace|26/100
|
|-weather|Snowscape|[upkeep]
|upkeep
|turn|17
|
|t:|1760791458
|move|p2a: Cinderace|U-turn|p1a: Ninetales
|-resisted|p1a: Ninetales
|-damage|p1a: Ninetales|30/100
|
|t:|1760791467
|switch|p2a: Rillaboom|Rillaboom, M, shiny|100/100|[from] U-turn
|-damage|p2a: Rillaboom|88/100|[from] Stealth Rock
|-fieldstart|move: Grassy Terrain|[from] ability: Grassy Surge|[of] p2a: Rillaboom
|move|p1a: Ninetales|Foul Play|p2a: Rillaboom
|-damage|p2a: Rillaboom|56/100
|
|-weather|Snowscape|[upkeep]
|-heal|p1a: Ninetales|36/100|[from] Grassy Terrain
|-heal|p2a: Rillaboom|62/100|[from] Grassy Terrain
|upkeep
|turn|18
|
|t:|1760791477
|move|p2a: Rillaboom|Grassy Glide|p1a: Ninetales
|-damage|p1a: Ninetales|0 fnt
|faint|p1a: Ninetales
|
|-weather|Snowscape|[upkeep]
|-heal|p2a: Rillaboom|68/100|[from] Grassy Terrain
|upkeep
|
|t:|1760791481
|switch|p1a: Cetitan|Cetitan, M|100/100
|turn|19
|
|t:|1760791492
|switch|p2a: Cinderace|Cinderace, M|26/100
|move|p1a: Cetitan|Ice Spinner|p2a: Cinderace
|-resisted|p2a: Cinderace
|-damage|p2a: Cinderace|0 fnt
|-fieldend|move: Grassy Terrain
|faint|p2a: Cinderace
|
|-weather|Snowscape|[upkeep]
|upkeep
|
|t:|1760791504
|switch|p2a: Rillaboom|Rillaboom, M, shiny|68/100
|-damage|p2a: Rillaboom|55/100|[from] Stealth Rock
|-fieldstart|move: Grassy Terrain|[from] ability: Grassy Surge|[of] p2a: Rillaboom
|turn|20
|
|t:|1760791511
|switch|p2a: Araquanid|Araquanid, M, shiny|20/100
|-damage|p2a: Araquanid|0 fnt|[from] Stealth Rock
|faint|p2a: Araquanid
|move|p1a: Cetitan|Ice Spinner|p2: Araquanid|[notarget]
|-fail|p1a: Cetitan
|
|-weather|none
|upkeep
|
|t:|1760791517
|switch|p2a: Hawlucha|Hawlucha, M|100/100
|-damage|p2a: Hawlucha|88/100|[from] Stealth Rock
|-enditem|p2a: Hawlucha|Grassy Seed
|-boost|p2a: Hawlucha|def|1|[from] item: Grassy Seed
|turn|21
|
|t:|1760791521
|switch|p1a: Garganacl|Garganacl, M|46/100
|move|p2a: Hawlucha|Close Combat|p1a: Garganacl
|-supereffective|p1a: Garganacl
|-damage|p1a: Garganacl|0 fnt
|-unboost|p2a: Hawlucha|def|1
|-unboost|p2a: Hawlucha|spd|1
|faint|p1a: Garganacl
|
|upkeep
|
|t:|1760791523
|switch|p1a: Murkrow|Murkrow, F|100/100
|turn|22
|
|t:|1760791533
|move|p1a: Murkrow|Thunder Wave|p2a: Hawlucha
|-status|p2a: Hawlucha|par
|move|p2a: Hawlucha|Swords Dance|p2a: Hawlucha
|-boost|p2a: Hawlucha|atk|2
|
|upkeep
|turn|23
|
|t:|1760791540
|move|p2a: Hawlucha|Acrobatics|p1a: Murkrow
|-enditem|p1a: Murkrow|Focus Sash
|-damage|p1a: Murkrow|1/100
|move|p1a: Murkrow|Foul Play|p2a: Hawlucha
|-resisted|p2a: Hawlucha
|-damage|p2a: Hawlucha|22/100 par
|
|upkeep
|turn|24
|
|t:|1760791546
|move|p1a: Murkrow|Tailwind|p1a: Murkrow
|-sidestart|p1: Catchyg|move: Tailwind
|move|p2a: Hawlucha|Acrobatics|p1a: Murkrow
|-damage|p1a: Murkrow|0 fnt
|faint|p1a: Murkrow
|
|upkeep
|
|t:|1760791549
|switch|p1a: Cetitan|Cetitan, M|100/100
|turn|25
|
|t:|1760791551
|move|p1a: Cetitan|Ice Spinner|p2a: Hawlucha
|-supereffective|p2a: Hawlucha
|-damage|p2a: Hawlucha|0 fnt
|-fieldend|move: Grassy Terrain
|faint|p2a: Hawlucha
|
|upkeep
|
|t:|1760791561
|switch|p2a: Rillaboom|Rillaboom, M, shiny|55/100
|-damage|p2a: Rillaboom|43/100|[from] Stealth Rock
|-fieldstart|move: Grassy Terrain|[from] ability: Grassy Surge|[of] p2a: Rillaboom
|turn|26
|
|t:|1760791564
|-terastallize|p1a: Cetitan|Ice
|move|p1a: Cetitan|Ice Spinner|p2a: Rillaboom
|-supereffective|p2a: Rillaboom
|-damage|p2a: Rillaboom|0 fnt
|-fieldend|move: Grassy Terrain
|faint|p2a: Rillaboom
|
|upkeep
|
|t:|1760791571
|switch|p2a: Raging Bolt|Raging Bolt|100/100
|-damage|p2a: Raging Bolt|88/100|[from] Stealth Rock
|turn|27
|
|t:|1760791574
|-terastallize|p2a: Raging Bolt|Fairy
|move|p1a: Cetitan|Ice Spinner|p2a: Raging Bolt
|-damage|p2a: Raging Bolt|27/100
|move|p2a: Raging Bolt|Thunderbolt|p1a: Cetitan
|-damage|p1a: Cetitan|40/100
|
|-sideend|p1: Catchyg|move: Tailwind
|upkeep
|turn|28
|
|t:|1760791581
|move|p2a: Raging Bolt|Thunderclap|p1a: Cetitan
|-damage|p1a: Cetitan|0 fnt
|faint|p1a: Cetitan
|
|upkeep
|
|t:|1760791583
|switch|p1a: Kyurem|Kyurem|100/100
|-ability|p1a: Kyurem|Pressure
|turn|29
|
|t:|1760791587
|move|p2a: Raging Bolt|Thunderclap||[still]
|-fail|p2a: Raging Bolt
|move|p1a: Kyurem|Dragon Dance|p1a: Kyurem
|-boost|p1a: Kyurem|atk|1
|-boost|p1a: Kyurem|spe|1
|
|upkeep
|turn|30
|
|t:|1760791590
|move|p1a: Kyurem|Icicle Spear|p2a: Raging Bolt
|-damage|p2a: Raging Bolt|8/100
|-damage|p2a: Raging Bolt|0 fnt
|faint|p2a: Raging Bolt
|-end|p2a: Raging Bolt|Protosynthesis|[silent]
|-hitcount|p2: Raging Bolt|2
|
|upkeep
|
|t:|1760791593
|switch|p2a: Great Tusk|Great Tusk|60/100
|-damage|p2a: Great Tusk|57/100|[from] Stealth Rock
|turn|31
|
|t:|1760791596
|move|p1a: Kyurem|Icicle Spear|p2a: Great Tusk
|-supereffective|p2a: Great Tusk
|-damage|p2a: Great Tusk|29/100
|-supereffective|p2a: Great Tusk
|-crit|p2a: Great Tusk
|-damage|p2a: Great Tusk|0 fnt
|faint|p2a: Great Tusk
|-end|p2a: Great Tusk|Protosynthesis|[silent]
|-hitcount|p2: Great Tusk|2
|
|win|Catchyg
|raw|Catchyg's rating: 1151 &rarr; <strong>1178</strong><br />(+27 for winning)
|raw|360nah's rating: 1181 &rarr; <strong>1154</strong><br />(-27 for losing)
|l|☆360nah
|player|p2|
|l|☆Catchyg
|player|p1|
