|j|☆Adamsludicoloo
|j|☆Cupcakebud
|t:|1760742814
|gametype|singles
|player|p1|Adamsludicoloo|brock|1158
|player|p2|Cupcakebud|cynthia|1198
|gen|9
|tier|[Gen 9] OU
|rated|
|rule|HP Percentage Mod: HP is shown in percentages
|rule|Endless Battle Clause: Forcing endless battles is banned
|rule|Species Clause: Limit one of each Pokémon
|rule|OHKO Clause: OHKO moves are banned
|rule|Evasion Items Clause: Evasion items are banned
|rule|Evasion Moves Clause: Evasion moves are banned
|rule|Evasion Abilities Clause: Evasion abilities are banned
|rule|Sleep Moves Clause: Sleep-inducing moves are banned
|clearpoke
|poke|p1|Floatzel, M|
|poke|p1|Staraptor, F|
|poke|p1|Hitmonchan, M|
|poke|p1|Rotom-Wash|
|poke|p1|Ludicolo, F|
|poke|p1|Quagsire, F|
|poke|p2|Pelipper, F|
|poke|p2|Kingambit, F|
|poke|p2|Gliscor, F|
|poke|p2|Pecharunt|
|poke|p2|Clefable, F|
|poke|p2|Kleavor, F|
|teampreview
|
|t:|1760742820
|teamsize|p1|6
|teamsize|p2|6
|start
|switch|p1a: Rotom|Rotom-Wash|100/100
|switch|p2a: Kleavor|Kleavor, F|100/100
|turn|1
|inactive|Battle timer is ON: inactive players will automatically lose when time's up. (requested by Adamsludicoloo)
|
|t:|1760742826
|move|p1a: Rotom|Thunder Wave|p2a: Kleavor
|-status|p2a: Kleavor|par
|move|p2a: Kleavor|Stone Axe|p1a: Rotom
|-damage|p1a: Rotom|27/100
|-sidestart|p1: Adamsludicoloo|move: Stealth Rock
|
|upkeep
|turn|2
|
|t:|1760742835
|move|p1a: Rotom|Rain Dance|p1a: Rotom
|-weather|RainDance
|cant|p2a: Kleavor|par
|
|-weather|RainDance|[upkeep]
|upkeep
|turn|3
|
|t:|1760742841
|move|p1a: Rotom|Thunder|p2a: Kleavor
|-damage|p2a: Kleavor|23/100 par
|move|p2a: Kleavor|Trailblaze|p1a: Rotom
|-supereffective|p1a: Rotom
|-damage|p1a: Rotom|0 fnt
|-boost|p2a: Kleavor|spe|1
|faint|p1a: Rotom
|
|-weather|RainDance|[upkeep]
|upkeep
|
|t:|1760742850
|switch|p1a: Floatzel|Floatzel, M|100/100
|-damage|p1a: Floatzel|88/100|[from] Stealth Rock
|turn|4
|
|t:|1760742856
|move|p1a: Floatzel|Wave Crash|p2a: Kleavor
|-supereffective|p2a: Kleavor
|-damage|p2a: Kleavor|0 fnt
|faint|p2a: Kleavor
|-damage|p1a: Floatzel|82/100|[from] Recoil
|
|-weather|RainDance|[upkeep]
|upkeep
|
|t:|1760742876
|switch|p2a: Clefable|Clefable, F|100/100
|turn|5
|
|t:|1760742882
|move|p1a: Floatzel|Wave Crash|p2a: Clefable
|-damage|p2a: Clefable|0 fnt
|faint|p2a: Clefable
|-damage|p1a: Floatzel|40/100|[from] Recoil
|
|-weather|RainDance|[upkeep]
|upkeep
|
|t:|1760742886
|switch|p2a: Kingambit|Kingambit, F, shiny|100/100
|-activate|p2a: Kingambit|ability: Supreme Overlord
|-start|p2a: Kingambit|fallen2|[silent]
|turn|6
|
|t:|1760742890
|move|p2a: Kingambit|Sucker Punch|p1a: Floatzel
|-damage|p1a: Floatzel|0 fnt
|faint|p1a: Floatzel
|
|-weather|RainDance|[upkeep]
|upkeep
|
|t:|1760742895
|switch|p1a: Hitmonchan|Hitmonchan, M|100/100
|-damage|p1a: Hitmonchan|95/100|[from] Stealth Rock
|turn|7
|
|t:|1760742900
|-end|p2a: Kingambit|fallen2|[silent]
|switch|p2a: Pecharunt|Pecharunt|100/100
|move|p1a: Hitmonchan|Rapid Spin|p2a: Pecharunt
|-immune|p2a: Pecharunt
|
|-weather|RainDance|[upkeep]
|upkeep
|turn|8
|
|t:|1760742909
|switch|p1a: Quagsire|Quagsire, F|100/100
|-damage|p1a: Quagsire|94/100|[from] Stealth Rock
|move|p2a: Pecharunt|Malignant Chain|p1a: Quagsire
|-resisted|p1a: Quagsire
|-damage|p1a: Quagsire|75/100
|
|-weather|RainDance|[upkeep]
|-heal|p1a: Quagsire|81/100|[from] item: Leftovers
|upkeep
|turn|9
|
|t:|1760742919
|move|p2a: Pecharunt|Parting Shot|p1a: Quagsire
|-unboost|p1a: Quagsire|atk|1
|-unboost|p1a: Quagsire|spa|1
|
|t:|1760742923
|switch|p2a: Kingambit|Kingambit, F, shiny|100/100|[from] Parting Shot
|-activate|p2a: Kingambit|ability: Supreme Overlord
|-start|p2a: Kingambit|fallen2|[silent]
|move|p1a: Quagsire|Earthquake|p2a: Kingambit
|-supereffective|p2a: Kingambit
|-damage|p2a: Kingambit|69/100
|
|-weather|none
|-heal|p1a: Quagsire|88/100|[from] item: Leftovers
|upkeep
|turn|10
|
|t:|1760742936
|move|p2a: Kingambit|Swords Dance|p2a: Kingambit
|-boost|p2a: Kingambit|atk|2
|move|p1a: Quagsire|Earthquake|p2a: Kingambit
|-supereffective|p2a: Kingambit
|-damage|p2a: Kingambit|39/100
|
|-heal|p1a: Quagsire|94/100|[from] item: Leftovers
|upkeep
|turn|11
|
|t:|1760742942
|move|p2a: Kingambit|Kowtow Cleave|p1a: Quagsire
|-damage|p1a: Quagsire|52/100
|-heal|p2a: Kingambit|44/100|[from] item: Shell Bell|[of] p1a: Quagsire
|move|p1a: Quagsire|Earthquake|p2a: Kingambit
|-supereffective|p2a: Kingambit
|-damage|p2a: Kingambit|14/100
|
|-heal|p1a: Quagsire|58/100|[from] item: Leftovers
|upkeep
|turn|12
|
|t:|1760742948
|move|p2a: Kingambit|Iron Head|p1a: Quagsire
|-resisted|p1a: Quagsire
|-damage|p1a: Quagsire|38/100
|-heal|p2a: Kingambit|16/100|[from] item: Shell Bell|[of] p1a: Quagsire
|cant|p1a: Quagsire|flinch
|
|-heal|p1a: Quagsire|44/100|[from] item: Leftovers
|upkeep
|turn|13
|
|t:|1760742957
|move|p1a: Quagsire|Protect|p1a: Quagsire
|-singleturn|p1a: Quagsire|Protect
|move|p2a: Kingambit|Kowtow Cleave|p1a: Quagsire
|-activate|p1a: Quagsire|move: Protect
|
|-heal|p1a: Quagsire|50/100|[from] item: Leftovers
|upkeep
|turn|14
|
|t:|1760742963
|move|p2a: Kingambit|Kowtow Cleave|p1a: Quagsire
|-damage|p1a: Quagsire|6/100
|-heal|p2a: Kingambit|21/100|[from] item: Shell Bell|[of] p1a: Quagsire
|move|p1a: Quagsire|Recover|p1a: Quagsire
|-heal|p1a: Quagsire|56/100
|
|-heal|p1a: Quagsire|62/100|[from] item: Leftovers
|upkeep
|turn|15
|
|t:|1760742973
|move|p2a: Kingambit|Kowtow Cleave|p1a: Quagsire
|-damage|p1a: Quagsire|18/100
|-heal|p2a: Kingambit|26/100|[from] item: Shell Bell|[of] p1a: Quagsire
|move|p1a: Quagsire|Earthquake|p2a: Kingambit
|-supereffective|p2a: Kingambit
|-damage|p2a: Kingambit|0 fnt
|faint|p2a: Kingambit
|-end|p2a: Kingambit|fallen2|[silent]
|
|-heal|p1a: Quagsire|24/100|[from] item: Leftovers
|upkeep
|
|t:|1760742989
|switch|p2a: Pelipper|Pelipper, F, shiny|100/100
|-weather|RainDance|[from] ability: Drizzle|[of] p2a: Pelipper
|turn|16
|
|t:|1760742994
|move|p2a: Pelipper|Air Slash|p1a: Quagsire
|-damage|p1a: Quagsire|0 fnt
|faint|p1a: Quagsire
|
|-weather|RainDance|[upkeep]
|upkeep
|
|t:|1760743001
|switch|p1a: Staraptor|Staraptor, F|100/100
|-damage|p1a: Staraptor|76/100|[from] Stealth Rock
|turn|17
|
|t:|1760743010
|switch|p2a: Gliscor|Gliscor, F|100/100
|move|p1a: Staraptor|Brave Bird|p2a: Gliscor
|-damage|p2a: Gliscor|54/100
|-damage|p1a: Staraptor|58/100|[from] Recoil
|
|-weather|RainDance|[upkeep]
|-status|p2a: Gliscor|tox|[from] item: Toxic Orb
|upkeep
|turn|18
|
|t:|1760743019
|switch|p1a: Hitmonchan|Hitmonchan, M|95/100
|-damage|p1a: Hitmonchan|89/100|[from] Stealth Rock
|move|p2a: Gliscor|Protect||[still]
|-fail|p2a: Gliscor
|
|-weather|RainDance|[upkeep]
|-heal|p2a: Gliscor|66/100 tox|[from] ability: Poison Heal
|upkeep
|turn|19
|
|t:|1760743034
|-terastallize|p1a: Hitmonchan|Ice
|move|p2a: Gliscor|Knock Off|p1a: Hitmonchan
|-damage|p1a: Hitmonchan|58/100
|-enditem|p1a: Hitmonchan|Assault Vest|[from] move: Knock Off|[of] p2a: Gliscor
|move|p1a: Hitmonchan|Rapid Spin|p2a: Gliscor
|-damage|p2a: Gliscor|55/100 tox
|-boost|p1a: Hitmonchan|spe|1
|-sideend|p1: Adamsludicoloo|Stealth Rock|[from] move: Rapid Spin|[of] p1a: Hitmonchan
|
|-weather|RainDance|[upkeep]
|-heal|p2a: Gliscor|67/100 tox|[from] ability: Poison Heal
|upkeep
|turn|20
|
|t:|1760743050
|-terastallize|p2a: Gliscor|Poison
|move|p1a: Hitmonchan|Ice Punch|p2a: Gliscor
|-damage|p2a: Gliscor|41/100 tox
|move|p2a: Gliscor|Swords Dance|p2a: Gliscor
|-boost|p2a: Gliscor|atk|2
|
|-weather|none
|-heal|p2a: Gliscor|53/100 tox|[from] ability: Poison Heal
|upkeep
|turn|21
|
|t:|1760743067
|move|p1a: Hitmonchan|Ice Punch|p2a: Gliscor
|-damage|p2a: Gliscor|24/100 tox
|move|p2a: Gliscor|Knock Off|p1a: Hitmonchan
|-damage|p1a: Hitmonchan|20/100
|
|-heal|p2a: Gliscor|37/100 tox|[from] ability: Poison Heal
|upkeep
|turn|22
|
|t:|1760743073
|move|p2a: Gliscor|Protect|p2a: Gliscor
|-singleturn|p2a: Gliscor|Protect
|move|p1a: Hitmonchan|Ice Punch|p2a: Gliscor
|-activate|p2a: Gliscor|move: Protect
|
|-heal|p2a: Gliscor|49/100 tox|[from] ability: Poison Heal
|upkeep
|turn|23
|
|t:|1760743083
|move|p1a: Hitmonchan|Ice Punch|p2a: Gliscor
|-damage|p2a: Gliscor|22/100 tox
|move|p2a: Gliscor|Knock Off|p1a: Hitmonchan
|-damage|p1a: Hitmonchan|0 fnt
|faint|p1a: Hitmonchan
|
|-heal|p2a: Gliscor|34/100 tox|[from] ability: Poison Heal
|upkeep
|
|t:|1760743091
|switch|p1a: Staraptor|Staraptor, F|58/100
|turn|24
|
|t:|1760743095
|move|p2a: Gliscor|Protect|p2a: Gliscor
|-singleturn|p2a: Gliscor|Protect
|move|p1a: Staraptor|Brave Bird|p2a: Gliscor
|-activate|p2a: Gliscor|move: Protect
|
|-heal|p2a: Gliscor|47/100 tox|[from] ability: Poison Heal
|upkeep
|turn|25
|
|t:|1760743112
|switch|p1a: Ludicolo|Ludicolo, F|100/100
|move|p2a: Gliscor|Knock Off|p1a: Ludicolo
|-damage|p1a: Ludicolo|51/100
|-enditem|p1a: Ludicolo|Leftovers|[from] move: Knock Off|[of] p2a: Gliscor
|
|-heal|p2a: Gliscor|59/100 tox|[from] ability: Poison Heal
|upkeep
|turn|26
|
|t:|1760743128
|move|p2a: Gliscor|Earthquake|p1a: Ludicolo
|-resisted|p1a: Ludicolo
|-damage|p1a: Ludicolo|7/100
|move|p1a: Ludicolo|Leech Seed|p2a: Gliscor
|-start|p2a: Gliscor|move: Leech Seed
|
|-damage|p2a: Gliscor|47/100 tox|[from] Leech Seed|[of] p1a: Ludicolo
|-heal|p1a: Ludicolo|20/100|[silent]
|-heal|p2a: Gliscor|59/100 tox|[from] ability: Poison Heal
|upkeep
|turn|27
|
|t:|1760743137
|move|p1a: Ludicolo|Protect|p1a: Ludicolo
|-singleturn|p1a: Ludicolo|Protect
|move|p2a: Gliscor|Earthquake|p1a: Ludicolo
|-activate|p1a: Ludicolo|move: Protect
|
|-damage|p2a: Gliscor|47/100 tox|[from] Leech Seed|[of] p1a: Ludicolo
|-heal|p1a: Ludicolo|32/100|[silent]
|-heal|p2a: Gliscor|59/100 tox|[from] ability: Poison Heal
|upkeep
|turn|28
|
|t:|1760743146
|switch|p1a: Staraptor|Staraptor, F|58/100
|move|p2a: Gliscor|Earthquake|p1a: Staraptor
|-immune|p1a: Staraptor
|
|-damage|p2a: Gliscor|47/100 tox|[from] Leech Seed|[of] p1a: Staraptor
|-heal|p1a: Staraptor|72/100|[silent]
|-heal|p2a: Gliscor|59/100 tox|[from] ability: Poison Heal
|upkeep
|turn|29
|
|t:|1760743155
|switch|p1a: Ludicolo|Ludicolo, F|32/100
|move|p2a: Gliscor|Knock Off|p1a: Ludicolo
|-damage|p1a: Ludicolo|0 fnt
|faint|p1a: Ludicolo
|
|-heal|p2a: Gliscor|72/100 tox|[from] ability: Poison Heal
|upkeep
|
|t:|1760743162
|switch|p1a: Staraptor|Staraptor, F|72/100
|turn|30
|
|t:|1760743168
|move|p1a: Staraptor|Brave Bird|p2a: Gliscor
|-damage|p2a: Gliscor|23/100 tox
|-damage|p1a: Staraptor|54/100|[from] Recoil
|move|p2a: Gliscor|Knock Off|p1a: Staraptor
|-damage|p1a: Staraptor|0 fnt
|-enditem|p1a: Staraptor|Choice Scarf|[from] move: Knock Off|[of] p2a: Gliscor
|faint|p1a: Staraptor
|
|win|Cupcakebud
|raw|Adamsludicoloo's rating: 1158 &rarr; <strong>1136</strong><br />(-22 for losing)
|raw|Cupcakebud's rating: 1198 &rarr; <strong>1220</strong><br />(+22 for winning)
|l|☆Adamsludicoloo
|player|p1|
|l|☆Cupcakebud
|player|p2|
