|j|☆ho3nconfirm3d
|j|☆cr aries
|t:|1760876850
|gametype|singles
|player|p1|ho3nconfirm3d|#scl5shoguns|1711
|player|p2|cr aries|2|1657
|gen|9
|tier|[Gen 9] OU
|rated|
|rule|HP Percentage Mod: HP is shown in percentages
|rule|Endless Battle Clause: Forcing endless battles is banned
|rule|Species Clause: Limit one of each Pokémon
|rule|OHKO Clause: OHKO moves are banned
|rule|Evasion Items Clause: Evasion items are banned
|rule|Evasion Moves Clause: Evasion moves are banned
|rule|Evasion Abilities Clause: Evasion abilities are banned
|rule|Sleep Moves Clause: Sleep-inducing moves are banned
|clearpoke
|poke|p1|Venusaur, M|
|poke|p1|Hatterene, F|
|poke|p1|Alomomola, M|
|poke|p1|Great Tusk|
|poke|p1|Weavile, M|
|poke|p1|Dragonite, F|
|poke|p2|Weavile, F|
|poke|p2|Gholdengo|
|poke|p2|Slowking-Galar, M|
|poke|p2|Corviknight, F|
|poke|p2|Sandy Shocks|
|poke|p2|Heatran, F|
|teampreview
|inactive|Battle timer is ON: inactive players will automatically lose when time's up. (requested by ho3nconfirm3d)
|
|t:|1760876868
|teamsize|p1|6
|teamsize|p2|6
|start
|switch|p1a: Weavile|Weavile, M|100/100
|switch|p2a: Gholdengo|Gholdengo|100/100
|-ability|p1a: Weavile|Pressure
|turn|1
|
|t:|1760876876
|switch|p2a: Corviknight|Corviknight, F|100/100
|-ability|p2a: Corviknight|Pressure
|move|p1a: Weavile|Knock Off|p2a: Corviknight
|-damage|p2a: Corviknight|55/100
|-damage|p1a: Weavile|84/100|[from] item: Rocky Helmet|[of] p2a: Corviknight
|-enditem|p2a: Corviknight|Rocky Helmet|[from] move: Knock Off|[of] p1a: Weavile
|
|upkeep
|turn|2
|inactive|cr aries has 120 seconds left.
|
|t:|1760876910
|switch|p1a: Hatterene|Hatterene, F|100/100
|move|p2a: Corviknight|Roost|p2a: Corviknight
|-heal|p2a: Corviknight|100/100
|-singleturn|p2a: Corviknight|move: Roost
|
|upkeep
|turn|3
|
|t:|1760876913
|switch|p2a: Gholdengo|Gholdengo|100/100
|move|p1a: Hatterene|Nuzzle|p2a: Gholdengo
|-damage|p2a: Gholdengo|98/100
|
|upkeep
|turn|4
|
|t:|1760876916
|switch|p1a: Alomomola|Alomomola, M|100/100
|move|p2a: Gholdengo|Shadow Ball|p1a: Alomomola
|-damage|p1a: Alomomola|82/100
|
|upkeep
|turn|5
|
|t:|1760876919
|move|p2a: Gholdengo|Nasty Plot|p2a: Gholdengo
|-boost|p2a: Gholdengo|spa|2
|move|p1a: Alomomola|Flip Turn|p2a: Gholdengo
|-damage|p2a: Gholdengo|88/100
|
|t:|1760876922
|switch|p1a: Weavile|Weavile, M|84/100|[from] Flip Turn
|-ability|p1a: Weavile|Pressure
|
|upkeep
|turn|6
|
|t:|1760876926
|switch|p2a: Corviknight|Corviknight, F|100/100
|-ability|p2a: Corviknight|Pressure
|move|p1a: Weavile|Triple Axel|p2a: Corviknight
|-damage|p2a: Corviknight|91/100
|-hitcount|p2a: Corviknight|1
|
|upkeep
|turn|7
|
|t:|1760876934
|switch|p1a: Hatterene|Hatterene, F|100/100
|move|p2a: Corviknight|U-turn|p1a: Hatterene
|-damage|p1a: Hatterene|88/100
|-damage|p2a: Corviknight|75/100|[from] item: Rocky Helmet|[of] p1a: Hatterene
|
|t:|1760876939
|switch|p2a: Heatran|Heatran, F|100/100|[from] U-turn
|
|upkeep
|turn|8
|
|t:|1760876942
|move|p2a: Heatran|Magma Storm|p1a: Hatterene|[miss]
|-miss|p2a: Heatran|p1a: Hatterene
|move|p1a: Hatterene|Nuzzle|p2a: Heatran
|-damage|p2a: Heatran|98/100
|-status|p2a: Heatran|par
|
|-heal|p2a: Heatran|100/100 par|[from] item: Leftovers
|upkeep
|turn|9
|
|t:|1760876945
|switch|p1a: Alomomola|Alomomola, M|100/100
|move|p2a: Heatran|Magma Storm|p1a: Alomomola
|-resisted|p1a: Alomomola
|-damage|p1a: Alomomola|89/100
|-activate|p1a: Alomomola|move: Magma Storm|[of] p2a: Heatran
|
|-damage|p1a: Alomomola|77/100|[from] move: Magma Storm|[partiallytrapped]
|upkeep
|turn|10
|
|t:|1760876948
|move|p1a: Alomomola|Flip Turn|p2a: Heatran
|-supereffective|p2a: Heatran
|-damage|p2a: Heatran|80/100 par
|
|t:|1760876950
|switch|p1a: Hatterene|Hatterene, F|88/100|[from] Flip Turn
|cant|p2a: Heatran|par
|
|-heal|p2a: Heatran|87/100 par|[from] item: Leftovers
|upkeep
|turn|11
|
|t:|1760876955
|switch|p1a: Alomomola|Alomomola, M|100/100
|move|p2a: Heatran|Magma Storm|p1a: Alomomola
|-resisted|p1a: Alomomola
|-damage|p1a: Alomomola|90/100
|-activate|p1a: Alomomola|move: Magma Storm|[of] p2a: Heatran
|
|-heal|p2a: Heatran|93/100 par|[from] item: Leftovers
|-damage|p1a: Alomomola|78/100|[from] move: Magma Storm|[partiallytrapped]
|upkeep
|turn|12
|
|t:|1760876958
|move|p2a: Heatran|Protect|p2a: Heatran
|-singleturn|p2a: Heatran|Protect
|move|p1a: Alomomola|Flip Turn|p2a: Heatran
|-activate|p2a: Heatran|move: Protect
|
|-heal|p2a: Heatran|99/100 par|[from] item: Leftovers
|-damage|p1a: Alomomola|66/100|[from] move: Magma Storm|[partiallytrapped]
|upkeep
|turn|13
|
|t:|1760876962
|move|p1a: Alomomola|Flip Turn|p2a: Heatran
|-supereffective|p2a: Heatran
|-damage|p2a: Heatran|80/100 par
|
|t:|1760876963
|switch|p1a: Great Tusk|Great Tusk|100/100|[from] Flip Turn
|move|p2a: Heatran|Taunt|p1a: Great Tusk
|-start|p1a: Great Tusk|move: Taunt
|
|-heal|p2a: Heatran|86/100 par|[from] item: Leftovers
|upkeep
|turn|14
|
|t:|1760876967
|switch|p2a: Corviknight|Corviknight, F|75/100
|-ability|p2a: Corviknight|Pressure
|move|p1a: Great Tusk|Knock Off|p2a: Corviknight
|-damage|p2a: Corviknight|62/100
|
|upkeep
|turn|15
|
|t:|1760876969
|-end|p1a: Great Tusk|Protosynthesis|[silent]
|switch|p1a: Hatterene|Hatterene, F|88/100
|move|p2a: Corviknight|Roost|p2a: Corviknight
|-heal|p2a: Corviknight|100/100
|-singleturn|p2a: Corviknight|move: Roost
|
|upkeep
|turn|16
|
|t:|1760876973
|switch|p2a: Heatran|Heatran, F|86/100 par
|move|p1a: Hatterene|Psychic Noise|p2a: Heatran
|-resisted|p2a: Heatran
|-crit|p2a: Heatran
|-damage|p2a: Heatran|66/100 par
|-start|p2a: Heatran|move: Heal Block
|
|upkeep
|turn|17
|
|t:|1760876976
|switch|p1a: Alomomola|Alomomola, M|99/100
|switch|p2a: Gholdengo|Gholdengo|88/100
|
|upkeep
|turn|18
|
|t:|1760876985
|move|p2a: Gholdengo|Nasty Plot|p2a: Gholdengo
|-boost|p2a: Gholdengo|spa|2
|move|p1a: Alomomola|Flip Turn|p2a: Gholdengo
|-crit|p2a: Gholdengo
|-damage|p2a: Gholdengo|70/100
|
|t:|1760876990
|switch|p1a: Weavile|Weavile, M|84/100|[from] Flip Turn
|-ability|p1a: Weavile|Pressure
|
|upkeep
|turn|19
|
|t:|1760876993
|switch|p2a: Corviknight|Corviknight, F|100/100
|-ability|p2a: Corviknight|Pressure
|move|p1a: Weavile|Knock Off|p2a: Corviknight
|-damage|p2a: Corviknight|73/100
|
|upkeep
|turn|20
|
|t:|1760876996
|switch|p1a: Hatterene|Hatterene, F|88/100
|move|p2a: Corviknight|U-turn|p1a: Hatterene
|-damage|p1a: Hatterene|74/100
|-damage|p2a: Corviknight|57/100|[from] item: Rocky Helmet|[of] p1a: Hatterene
|
|t:|1760876998
|switch|p2a: Slowking|Slowking-Galar, M|100/100|[from] U-turn
|
|upkeep
|turn|21
|
|t:|1760877000
|move|p1a: Hatterene|Nuzzle|p2a: Slowking
|-damage|p2a: Slowking|97/100
|-status|p2a: Slowking|par
|move|p2a: Slowking|Sludge Bomb|p1a: Hatterene
|-supereffective|p1a: Hatterene
|-damage|p1a: Hatterene|8/100
|
|upkeep
|turn|22
|
|t:|1760877002
|move|p1a: Hatterene|Pain Split|p2a: Slowking
|-sethp|p2a: Slowking|52/100 par|[from] move: Pain Split|[silent]
|-sethp|p1a: Hatterene|64/100|[from] move: Pain Split
|move|p2a: Slowking|Sludge Bomb|p1a: Hatterene
|-supereffective|p1a: Hatterene
|-damage|p1a: Hatterene|0 fnt
|faint|p1a: Hatterene
|
|upkeep
|
|t:|1760877007
|switch|p1a: Great Tusk|Great Tusk|100/100
|turn|23
|j| riyuezi
|
|t:|1760877011
|switch|p2a: Corviknight|Corviknight, F|57/100
|-ability|p2a: Corviknight|Pressure
|move|p1a: Great Tusk|Stealth Rock|p2a: Corviknight
|-sidestart|p2: cr aries|move: Stealth Rock
|
|upkeep
|turn|24
|
|t:|1760877022
|-end|p1a: Great Tusk|Protosynthesis|[silent]
|switch|p1a: Dragonite|Dragonite, F|100/100
|move|p2a: Corviknight|Roost|p2a: Corviknight
|-heal|p2a: Corviknight|100/100
|-singleturn|p2a: Corviknight|move: Roost
|
|upkeep
|turn|25
|
|t:|1760877025
|move|p1a: Dragonite|Encore|p2a: Corviknight
|-start|p2a: Corviknight|Encore
|move|p2a: Corviknight|Roost||[still]
|-fail|p2a: Corviknight|heal
|
|upkeep
|turn|26
|
|t:|1760877027
|switch|p2a: Weavile|Weavile, F|100/100
|move|p1a: Dragonite|Dragon Dance|p1a: Dragonite
|-boost|p1a: Dragonite|atk|1
|-boost|p1a: Dragonite|spe|1
|
|upkeep
|turn|27
|
|t:|1760877029
|-terastallize|p1a: Dragonite|Fairy
|-terastallize|p2a: Weavile|Ghost
|move|p1a: Dragonite|Tera Blast|p2a: Weavile|[anim] Tera Blast Fairy
|-damage|p2a: Weavile|0 fnt
|faint|p2a: Weavile
|
|upkeep
|
|t:|1760877039
|switch|p2a: Corviknight|Corviknight, F|100/100
|-damage|p2a: Corviknight|88/100|[from] Stealth Rock
|-ability|p2a: Corviknight|Pressure
|turn|28
|
|t:|1760877041
|move|p1a: Dragonite|Dragon Dance|p1a: Dragonite
|-boost|p1a: Dragonite|atk|1
|-boost|p1a: Dragonite|spe|1
|move|p2a: Corviknight|Brave Bird|p1a: Dragonite
|-damage|p1a: Dragonite|80/100
|-damage|p2a: Corviknight|83/100|[from] Recoil
|
|-heal|p1a: Dragonite|86/100|[from] item: Leftovers
|upkeep
|turn|29
|
|t:|1760877046
|move|p1a: Dragonite|Tera Blast|p2a: Corviknight|[anim] Tera Blast Fairy
|-resisted|p2a: Corviknight
|-damage|p2a: Corviknight|58/100
|move|p2a: Corviknight|Brave Bird|p1a: Dragonite
|-damage|p1a: Dragonite|47/100
|-damage|p2a: Corviknight|47/100|[from] Recoil
|
|-heal|p1a: Dragonite|53/100|[from] item: Leftovers
|upkeep
|turn|30
|
|t:|1760877053
|move|p1a: Dragonite|Tera Blast|p2a: Corviknight|[anim] Tera Blast Fairy
|-resisted|p2a: Corviknight
|-damage|p2a: Corviknight|24/100
|move|p2a: Corviknight|Brave Bird|p1a: Dragonite
|-damage|p1a: Dragonite|10/100
|-damage|p2a: Corviknight|12/100|[from] Recoil
|
|-heal|p1a: Dragonite|16/100|[from] item: Leftovers
|upkeep
|turn|31
|
|t:|1760877058
|move|p1a: Dragonite|Tera Blast|p2a: Corviknight|[anim] Tera Blast Fairy
|-resisted|p2a: Corviknight
|-damage|p2a: Corviknight|0 fnt
|faint|p2a: Corviknight
|
|-heal|p1a: Dragonite|22/100|[from] item: Leftovers
|upkeep
|j| paola bracho
|
|t:|1760877066
|switch|p2a: Sandy Shocks|Sandy Shocks|100/100
|-damage|p2a: Sandy Shocks|94/100|[from] Stealth Rock
|-enditem|p2a: Sandy Shocks|Booster Energy
|-activate|p2a: Sandy Shocks|ability: Protosynthesis|[fromitem]
|-start|p2a: Sandy Shocks|protosynthesisspe
|turn|32
|
|t:|1760877070
|move|p1a: Dragonite|Tera Blast|p2a: Sandy Shocks|[anim] Tera Blast Fairy
|-damage|p2a: Sandy Shocks|8/100
|move|p2a: Sandy Shocks|Thunderbolt|p1a: Dragonite
|-damage|p1a: Dragonite|0 fnt
|faint|p1a: Dragonite
|
|upkeep
|
|t:|1760877079
|switch|p1a: Venusaur|Venusaur, M|100/100
|turn|33
|
|t:|1760877081
|move|p2a: Sandy Shocks|Earth Power|p1a: Venusaur
|-damage|p1a: Venusaur|61/100
|-unboost|p1a: Venusaur|spd|1
|move|p1a: Venusaur|Knock Off|p2a: Sandy Shocks
|-damage|p2a: Sandy Shocks|0 fnt
|faint|p2a: Sandy Shocks
|-end|p2a: Sandy Shocks|Protosynthesis|[silent]
|
|-heal|p1a: Venusaur|67/100|[from] item: Leftovers
|upkeep
|
|t:|1760877090
|switch|p2a: Slowking|Slowking-Galar, M|85/100 par
|turn|34
|
|t:|1760877093
|switch|p1a: Weavile|Weavile, M|84/100
|-ability|p1a: Weavile|Pressure
|move|p2a: Slowking|Toxic Spikes|p1a: Weavile
|-sidestart|p1: ho3nconfirm3d|move: Toxic Spikes
|
|upkeep
|turn|35
|
|t:|1760877096
|move|p1a: Weavile|Knock Off|p2a: Slowking
|-supereffective|p2a: Slowking
|-damage|p2a: Slowking|0 fnt
|-enditem|p2a: Slowking|Heavy-Duty Boots|[from] move: Knock Off|[of] p1a: Weavile
|faint|p2a: Slowking
|
|upkeep
|
|t:|1760877098
|switch|p2a: Heatran|Heatran, F|66/100 par
|-damage|p2a: Heatran|53/100 par|[from] Stealth Rock
|turn|36
|j| nonchalantbufalant
|
|t:|1760877102
|switch|p1a: Venusaur|Venusaur, M|67/100
|-sideend|p1: ho3nconfirm3d|move: Toxic Spikes|[of] p1a: Venusaur
|move|p2a: Heatran|Magma Storm|p1a: Venusaur|[miss]
|-miss|p2a: Heatran|p1a: Venusaur
|
|-heal|p1a: Venusaur|73/100|[from] item: Leftovers
|-heal|p2a: Heatran|59/100 par|[from] item: Leftovers
|upkeep
|turn|37
|-message|cr aries forfeited.
|
|win|ho3nconfirm3d
|raw|ho3nconfirm3d's rating: 1711 &rarr; <strong>1728</strong><br />(+17 for winning)
|raw|cr aries's rating: 1657 &rarr; <strong>1640</strong><br />(-17 for losing)
|l|☆cr aries
|player|p2|
|l| paola bracho
|l|☆ho3nconfirm3d
|player|p1|
|l| nonchalantbufalant
