|j|☆DDanMurp
|j|‽poloniumew
|t:|1760723917
|gametype|singles
|player|p1|DDanMurp|266|1342
|player|p2|poloniumew|serena-masters3|1335
|gen|9
|tier|[Gen 9] OU
|rated|
|rule|HP Percentage Mod: HP is shown in percentages
|rule|Endless Battle Clause: Forcing endless battles is banned
|rule|Species Clause: Limit one of each Pokémon
|rule|OHKO Clause: OHKO moves are banned
|rule|Evasion Items Clause: Evasion items are banned
|rule|Evasion Moves Clause: Evasion moves are banned
|rule|Evasion Abilities Clause: Evasion abilities are banned
|rule|Sleep Moves Clause: Sleep-inducing moves are banned
|clearpoke
|poke|p1|Thundurus, M|
|poke|p1|Iron Valiant|
|poke|p1|Iron Treads|
|poke|p1|Raging Bolt|
|poke|p1|Iron Hands|
|poke|p1|Iron Leaves|
|poke|p2|Weezing-Galar, F|
|poke|p2|Hawlucha, M|
|poke|p2|Great Tusk|
|poke|p2|Gholdengo|
|poke|p2|Ogerpon-Wellspring, F|
|poke|p2|Deoxys-Speed|
|teampreview
|inactive|Battle timer is ON: inactive players will automatically lose when time's up. (requested by poloniumew)
|
|t:|1760723935
|teamsize|p1|6
|teamsize|p2|6
|start
|switch|p1a: HeHeHeHa!|Thundurus, M|100/100
|switch|p2a: Deoxys|Deoxys-Speed|100/100
|-ability|p2a: Deoxys|Pressure
|turn|1
|
|t:|1760723942
|switch|p2a: Weezing|Weezing-Galar, F|100/100
|-fieldstart|move: Misty Terrain|[from] ability: Misty Surge|[of] p2a: Weezing
|move|p1a: HeHeHeHa!|U-turn|p2a: Weezing
|-resisted|p2a: Weezing
|-damage|p2a: Weezing|95/100
|
|t:|1760723957
|switch|p1a: Iron Treads|Iron Treads|100/100|[from] U-turn
|
|-heal|p2a: Weezing|100/100|[from] item: Leftovers
|upkeep
|turn|2
|
|t:|1760723961
|move|p1a: Iron Treads|Stealth Rock|p2a: Weezing
|-sidestart|p2: poloniumew|move: Stealth Rock
|move|p2a: Weezing|Fire Blast|p1a: Iron Treads
|-supereffective|p1a: Iron Treads
|-damage|p1a: Iron Treads|20/100
|
|-heal|p1a: Iron Treads|27/100|[from] item: Leftovers
|upkeep
|turn|3
|
|t:|1760723970
|-end|p1a: Iron Treads|Quark Drive|[silent]
|switch|p1a: HeHeHeHa!|Thundurus, M|100/100
|switch|p2a: Great Tusk|Great Tusk|100/100
|-damage|p2a: Great Tusk|98/100|[from] Stealth Rock
|-enditem|p2a: Great Tusk|Booster Energy
|-activate|p2a: Great Tusk|ability: Protosynthesis|[fromitem]
|-start|p2a: Great Tusk|protosynthesisspe
|
|upkeep
|turn|4
|
|t:|1760723989
|switch|p1a: Iron Hands|Iron Hands|100/100
|move|p2a: Great Tusk|Bulk Up|p2a: Great Tusk
|-boost|p2a: Great Tusk|atk|1
|-boost|p2a: Great Tusk|def|1
|
|upkeep
|turn|5
|
|t:|1760723993
|move|p2a: Great Tusk|Bulk Up|p2a: Great Tusk
|-boost|p2a: Great Tusk|atk|1
|-boost|p2a: Great Tusk|def|1
|move|p1a: Iron Hands|Swords Dance|p1a: Iron Hands
|-boost|p1a: Iron Hands|atk|2
|
|-fieldend|Misty Terrain
|upkeep
|turn|6
|
|t:|1760724000
|move|p2a: Great Tusk|Headlong Rush|p1a: Iron Hands
|-supereffective|p1a: Iron Hands
|-enditem|p1a: Iron Hands|Shuca Berry|[eat]
|-enditem|p1a: Iron Hands|Shuca Berry|[weaken]
|-damage|p1a: Iron Hands|37/100
|-unboost|p2a: Great Tusk|def|1
|-unboost|p2a: Great Tusk|spd|1
|move|p1a: Iron Hands|Ice Punch|p2a: Great Tusk
|-supereffective|p2a: Great Tusk
|-damage|p2a: Great Tusk|45/100
|
|upkeep
|turn|7
|
|t:|1760724014
|-end|p1a: Iron Hands|Quark Drive|[silent]
|switch|p1a: HeHeHeHa!|Thundurus, M|100/100
|move|p2a: Great Tusk|Bulk Up|p2a: Great Tusk
|-boost|p2a: Great Tusk|atk|1
|-boost|p2a: Great Tusk|def|1
|
|upkeep
|turn|8
|
|t:|1760724019
|move|p1a: HeHeHeHa!|Electric Terrain|p1a: HeHeHeHa!
|-fieldstart|move: Electric Terrain
|move|p2a: Great Tusk|Ice Spinner|p1a: HeHeHeHa!
|-supereffective|p1a: HeHeHeHa!
|-damage|p1a: HeHeHeHa!|0 fnt
|-fieldend|move: Electric Terrain
|faint|p1a: HeHeHeHa!
|
|upkeep
|
|t:|1760724026
|switch|p1a: Iron Leaves|Iron Leaves|100/100
|-enditem|p1a: Iron Leaves|Booster Energy
|-activate|p1a: Iron Leaves|ability: Quark Drive|[fromitem]
|-start|p1a: Iron Leaves|quarkdrivespe
|turn|9
|
|t:|1760724030
|move|p1a: Iron Leaves|Leaf Blade|p2a: Great Tusk
|-supereffective|p2a: Great Tusk
|-crit|p2a: Great Tusk
|-damage|p2a: Great Tusk|0 fnt
|faint|p2a: Great Tusk
|-end|p2a: Great Tusk|Protosynthesis|[silent]
|
|upkeep
|
|t:|1760724056
|switch|p2a: Weezing|Weezing-Galar, F|100/100
|-damage|p2a: Weezing|88/100|[from] Stealth Rock
|-fieldstart|move: Misty Terrain|[from] ability: Misty Surge|[of] p2a: Weezing
|turn|10
|
|t:|1760724080
|move|p1a: Iron Leaves|Psyblade|p2a: Weezing
|-supereffective|p2a: Weezing
|-damage|p2a: Weezing|5/100
|move|p2a: Weezing|Sludge Wave|p1a: Iron Leaves
|-supereffective|p1a: Iron Leaves
|-damage|p1a: Iron Leaves|27/100
|
|-heal|p2a: Weezing|12/100|[from] item: Leftovers
|upkeep
|turn|11
|
|t:|1760724096
|move|p1a: Iron Leaves|Leaf Blade|p2a: Weezing
|-resisted|p2a: Weezing
|-damage|p2a: Weezing|0 fnt
|faint|p2a: Weezing
|
|upkeep
|
|t:|1760724097
|switch|p2a: Hawlucha|Hawlucha, M|100/100
|-damage|p2a: Hawlucha|88/100|[from] Stealth Rock
|-enditem|p2a: Hawlucha|Misty Seed
|-boost|p2a: Hawlucha|spd|1|[from] item: Misty Seed
|turn|12
|
|t:|1760724112
|move|p2a: Hawlucha|Encore|p1a: Iron Leaves
|-start|p1a: Iron Leaves|Encore
|move|p1a: Iron Leaves|Leaf Blade|p2a: Hawlucha
|-resisted|p2a: Hawlucha
|-damage|p2a: Hawlucha|58/100
|
|upkeep
|turn|13
|
|t:|1760724115
|-end|p1a: Iron Leaves|Quark Drive|[silent]
|switch|p1a: Raging Bolt|Raging Bolt|100/100
|move|p2a: Hawlucha|Swords Dance|p2a: Hawlucha
|-boost|p2a: Hawlucha|atk|2
|
|upkeep
|turn|14
|
|t:|1760724124
|-terastallize|p2a: Hawlucha|Ground
|move|p2a: Hawlucha|Swords Dance|p2a: Hawlucha
|-boost|p2a: Hawlucha|atk|2
|move|p1a: Raging Bolt|Volt Switch|p2a: Hawlucha
|-immune|p2a: Hawlucha
|
|-fieldend|Misty Terrain
|upkeep
|turn|15
|
|t:|1760724136
|move|p2a: Hawlucha|Close Combat|p1a: Raging Bolt
|-crit|p1a: Raging Bolt
|-damage|p1a: Raging Bolt|0 fnt
|-unboost|p2a: Hawlucha|def|1
|-unboost|p2a: Hawlucha|spd|1
|faint|p1a: Raging Bolt
|-end|p1a: Raging Bolt|Protosynthesis|[silent]
|
|upkeep
|inactive|DDanMurp has 120 seconds left.
|
|t:|1760724168
|switch|p1a: Iron Valiant|Iron Valiant|100/100
|turn|16
|
|t:|1760724172
|move|p2a: Hawlucha|Acrobatics|p1a: Iron Valiant
|-supereffective|p1a: Iron Valiant
|-damage|p1a: Iron Valiant|0 fnt
|faint|p1a: Iron Valiant
|-end|p1a: Iron Valiant|Quark Drive|[silent]
|
|upkeep
|
|t:|1760724182
|switch|p1a: Iron Hands|Iron Hands|37/100
|turn|17
|
|t:|1760724184
|move|p2a: Hawlucha|Acrobatics|p1a: Iron Hands
|-damage|p1a: Iron Hands|0 fnt
|faint|p1a: Iron Hands
|-end|p1a: Iron Hands|Quark Drive|[silent]
|
|upkeep
|inactive|DDanMurp has 120 seconds left.
|inactive|DDanMurp has 90 seconds left.
|inactive|DDanMurp has 60 seconds left.
|inactive|DDanMurp has 30 seconds left.
|inactive|DDanMurp has 20 seconds left.
|inactive|DDanMurp has 15 seconds left.
|inactive|DDanMurp has 10 seconds left.
|inactive|DDanMurp has 5 seconds left.
|-message|DDanMurp lost due to inactivity.
|
|win|poloniumew
|raw|DDanMurp's rating: 1342 &rarr; <strong>1322</strong><br />(-20 for losing)
|raw|poloniumew's rating: 1335 &rarr; <strong>1355</strong><br />(+20 for winning)
|l|‽poloniumew
|player|p2|
|l|☆DDanMurp
|player|p1|
