|j|☆cuajada
|j|☆Stinsky
|t:|1760809844
|gametype|singles
|player|p1|cuajada|ltsurge|1296
|player|p2|Stinsky|brawly|1316
|gen|9
|tier|[Gen 9] OU
|rated|
|rule|HP Percentage Mod: HP is shown in percentages
|rule|Endless Battle Clause: Forcing endless battles is banned
|rule|Species Clause: Limit one of each Pokémon
|rule|OHKO Clause: OHKO moves are banned
|rule|Evasion Items Clause: Evasion items are banned
|rule|Evasion Moves Clause: Evasion moves are banned
|rule|Evasion Abilities Clause: Evasion abilities are banned
|rule|Sleep Moves Clause: Sleep-inducing moves are banned
|clearpoke
|poke|p1|Ambipom, F|
|poke|p1|Swampert, F|
|poke|p1|Zapdos|
|poke|p1|Blaziken, F|
|poke|p1|Blastoise, M|
|poke|p1|Latios, M|
|poke|p2|Ninetales, M|
|poke|p2|Kingambit, M|
|poke|p2|Hatterene, F|
|poke|p2|Great Tusk|
|poke|p2|Walking Wake|
|poke|p2|Venusaur, M|
|teampreview
|
|t:|1760809850
|teamsize|p1|6
|teamsize|p2|6
|start
|switch|p1a: Shinobi Shadow|Ambipom, F|100/100
|switch|p2a: Ninetales|Ninetales, M|100/100
|-weather|SunnyDay|[from] ability: Drought|[of] p2a: Ninetales
|turn|1
|
|t:|1760809874
|switch|p2a: Hatterene|Hatterene, F|100/100
|move|p1a: Shinobi Shadow|Fake Out|p2a: Hatterene
|-damage|p2a: Hatterene|76/100
|-enditem|p2a: Hatterene|Eject Button
|inactive|Battle timer is ON: inactive players will automatically lose when time's up. (requested by cuajada)
|
|t:|1760809892
|switch|p2a: Great Tusk|Great Tusk|100/100
|-activate|p2a: Great Tusk|ability: Protosynthesis
|-start|p2a: Great Tusk|protosynthesisspe
|
|-weather|SunnyDay|[upkeep]
|upkeep
|turn|2
|
|t:|1760809918
|switch|p1a: PIKAZA|Zapdos|100/100
|move|p2a: Great Tusk|Stealth Rock|p1a: PIKAZA
|-sidestart|p1: cuajada|move: Stealth Rock
|
|-weather|SunnyDay|[upkeep]
|upkeep
|turn|3
|inactive|Stinsky has 120 seconds left.
|
|t:|1760809939
|move|p2a: Great Tusk|Ice Spinner|p1a: PIKAZA
|-supereffective|p1a: PIKAZA
|-damage|p1a: PIKAZA|68/100
|move|p1a: PIKAZA|Heat Wave|p2a: Great Tusk
|-damage|p2a: Great Tusk|49/100
|
|-weather|SunnyDay|[upkeep]
|upkeep
|turn|4
|inactive|Stinsky has 120 seconds left.
|
|t:|1760809955
|-end|p2a: Great Tusk|Protosynthesis|[silent]
|switch|p2a: Hatterene|Hatterene, F|76/100
|move|p1a: PIKAZA|Heat Wave|p2a: Hatterene
|-damage|p2a: Hatterene|39/100
|
|-weather|SunnyDay|[upkeep]
|upkeep
|turn|5
|inactive|Stinsky has 120 seconds left.
|
|t:|1760809973
|move|p1a: PIKAZA|Thunderbolt|p2a: Hatterene
|-damage|p2a: Hatterene|2/100
|move|p2a: Hatterene|Dazzling Gleam|p1a: PIKAZA
|-damage|p1a: PIKAZA|33/100
|
|-weather|SunnyDay|[upkeep]
|upkeep
|turn|6
|
|t:|1760809984
|move|p1a: PIKAZA|Roost|p1a: PIKAZA
|-heal|p1a: PIKAZA|83/100
|-singleturn|p1a: PIKAZA|move: Roost
|move|p2a: Hatterene|Dazzling Gleam|p1a: PIKAZA
|-damage|p1a: PIKAZA|49/100
|
|-weather|SunnyDay|[upkeep]
|upkeep
|turn|7
|inactive|Stinsky has 120 seconds left.
|
|t:|1760809995
|move|p1a: PIKAZA|Volt Switch|p2a: Hatterene
|-damage|p2a: Hatterene|0 fnt
|faint|p2a: Hatterene
|
|t:|1760810003
|switch|p1a: TenGen|Blastoise, M|100/100|[from] Volt Switch
|-damage|p1a: TenGen|88/100|[from] Stealth Rock
|
|-weather|SunnyDay|[upkeep]
|upkeep
|
|t:|1760810012
|switch|p2a: Walking Wake|Walking Wake|100/100
|-activate|p2a: Walking Wake|ability: Protosynthesis
|-start|p2a: Walking Wake|protosynthesisspa
|turn|8
|inactive|Stinsky has 120 seconds left.
|
|t:|1760810029
|move|p2a: Walking Wake|Draco Meteor|p1a: TenGen
|-damage|p1a: TenGen|0 fnt
|-unboost|p2a: Walking Wake|spa|2
|faint|p1a: TenGen
|
|-weather|none
|-end|p2a: Walking Wake|Protosynthesis
|upkeep
|
|t:|1760810044
|switch|p1a: Shinobi Shadow|Ambipom, F|100/100
|-damage|p1a: Shinobi Shadow|88/100|[from] Stealth Rock
|turn|9
|inactive|Stinsky has 120 seconds left.
|
|t:|1760810059
|-end|p2a: Walking Wake|Protosynthesis|[silent]
|switch|p2a: Ninetales|Ninetales, M|100/100
|-weather|SunnyDay|[from] ability: Drought|[of] p2a: Ninetales
|move|p1a: Shinobi Shadow|Knock Off|p2a: Ninetales
|-damage|p2a: Ninetales|66/100
|-enditem|p2a: Ninetales|Heat Rock|[from] move: Knock Off|[of] p1a: Shinobi Shadow
|
|-weather|SunnyDay|[upkeep]
|upkeep
|turn|10
|inactive|Stinsky has 120 seconds left.
|
|t:|1760810077
|switch|p2a: Venusaur|Venusaur, M|100/100
|move|p1a: Shinobi Shadow|U-turn|p2a: Venusaur
|-damage|p2a: Venusaur|73/100
|
|t:|1760810088
|switch|p1a: Maya|Blaziken, F|100/100|[from] U-turn
|-damage|p1a: Maya|88/100|[from] Stealth Rock
|
|-weather|SunnyDay|[upkeep]
|upkeep
|turn|11
|inactive|Stinsky has 120 seconds left.
|
|t:|1760810112
|-terastallize|p2a: Venusaur|Fire
|move|p2a: Venusaur|Growth|p2a: Venusaur
|-boost|p2a: Venusaur|atk|2
|-boost|p2a: Venusaur|spa|2
|move|p1a: Maya|Swords Dance|p1a: Maya
|-boost|p1a: Maya|atk|2
|
|-weather|SunnyDay|[upkeep]
|-ability|p1a: Maya|Speed Boost|boost
|-boost|p1a: Maya|spe|1
|upkeep
|turn|12
|
|t:|1760810127
|move|p1a: Maya|Protect|p1a: Maya
|-singleturn|p1a: Maya|Protect
|move|p2a: Venusaur|Weather Ball|p1a: Maya
|-activate|p1a: Maya|move: Protect
|
|-weather|SunnyDay|[upkeep]
|-ability|p1a: Maya|Speed Boost|boost
|-boost|p1a: Maya|spe|1
|upkeep
|turn|13
|
|t:|1760810140
|move|p1a: Maya|Close Combat|p2a: Venusaur
|-damage|p2a: Venusaur|0 fnt
|-unboost|p1a: Maya|def|1
|-unboost|p1a: Maya|spd|1
|faint|p2a: Venusaur
|-damage|p1a: Maya|78/100|[from] item: Life Orb
|
|-weather|SunnyDay|[upkeep]
|-ability|p1a: Maya|Speed Boost|boost
|-boost|p1a: Maya|spe|1
|upkeep
|
|t:|1760810153
|switch|p2a: Walking Wake|Walking Wake|100/100
|-activate|p2a: Walking Wake|ability: Protosynthesis
|-start|p2a: Walking Wake|protosynthesisspa
|turn|14
|
|t:|1760810159
|move|p1a: Maya|Protect|p1a: Maya
|-singleturn|p1a: Maya|Protect
|move|p2a: Walking Wake|Hydro Steam|p1a: Maya
|-activate|p1a: Maya|move: Protect
|
|-weather|SunnyDay|[upkeep]
|-ability|p1a: Maya|Speed Boost|boost
|-boost|p1a: Maya|spe|1
|upkeep
|turn|15
|
|t:|1760810168
|move|p1a: Maya|Close Combat|p2a: Walking Wake
|-damage|p2a: Walking Wake|0 fnt
|-unboost|p1a: Maya|def|1
|-unboost|p1a: Maya|spd|1
|faint|p2a: Walking Wake
|-end|p2a: Walking Wake|Protosynthesis|[silent]
|-damage|p1a: Maya|68/100|[from] item: Life Orb
|
|-weather|SunnyDay|[upkeep]
|-ability|p1a: Maya|Speed Boost|boost
|-boost|p1a: Maya|spe|1
|upkeep
|
|t:|1760810173
|switch|p2a: Great Tusk|Great Tusk|49/100
|-activate|p2a: Great Tusk|ability: Protosynthesis
|-start|p2a: Great Tusk|protosynthesisspe
|turn|16
|
|t:|1760810182
|move|p1a: Maya|Close Combat|p2a: Great Tusk
|-damage|p2a: Great Tusk|0 fnt
|-unboost|p1a: Maya|def|1
|-unboost|p1a: Maya|spd|1
|-damage|p1a: Maya|52/100|[from] item: Rocky Helmet|[of] p2a: Great Tusk
|faint|p2a: Great Tusk
|-end|p2a: Great Tusk|Protosynthesis|[silent]
|-damage|p1a: Maya|42/100|[from] item: Life Orb
|
|-weather|none
|-ability|p1a: Maya|Speed Boost|boost
|-boost|p1a: Maya|spe|1
|upkeep
|
|t:|1760810186
|switch|p2a: Ninetales|Ninetales, M|66/100
|-weather|SunnyDay|[from] ability: Drought|[of] p2a: Ninetales
|turn|17
|
|t:|1760810197
|move|p1a: Maya|Close Combat|p2a: Ninetales
|-damage|p2a: Ninetales|0 fnt
|-unboost|p1a: Maya|def|1
|-unboost|p1a: Maya|spd|1
|faint|p2a: Ninetales
|-damage|p1a: Maya|32/100|[from] item: Life Orb
|
|-weather|SunnyDay|[upkeep]
|upkeep
|
|t:|1760810199
|switch|p2a: Kingambit|Kingambit, M|100/100
|-activate|p2a: Kingambit|ability: Supreme Overlord
|-start|p2a: Kingambit|fallen5|[silent]
|-item|p2a: Kingambit|Air Balloon
|turn|18
|
|t:|1760810210
|move|p2a: Kingambit|Sucker Punch|p1a: Maya
|-resisted|p1a: Maya
|-damage|p1a: Maya|0 fnt
|faint|p1a: Maya
|
|-weather|SunnyDay|[upkeep]
|upkeep
|
|t:|1760810225
|switch|p1a: Naruto|Swampert, F|100/100
|-damage|p1a: Naruto|94/100|[from] Stealth Rock
|turn|19
|
|t:|1760810245
|move|p2a: Kingambit|Swords Dance|p2a: Kingambit
|-boost|p2a: Kingambit|atk|2
|move|p1a: Naruto|Ice Beam|p2a: Kingambit
|-resisted|p2a: Kingambit
|-damage|p2a: Kingambit|90/100
|-enditem|p2a: Kingambit|Air Balloon
|
|-weather|SunnyDay|[upkeep]
|-heal|p1a: Naruto|100/100|[from] item: Leftovers
|upkeep
|turn|20
|
|t:|1760810255
|move|p2a: Kingambit|Kowtow Cleave|p1a: Naruto
|-damage|p1a: Naruto|11/100
|move|p1a: Naruto|Earthquake|p2a: Kingambit
|-supereffective|p2a: Kingambit
|-damage|p2a: Kingambit|25/100
|
|-weather|SunnyDay|[upkeep]
|-heal|p1a: Naruto|17/100|[from] item: Leftovers
|upkeep
|turn|21
|
|t:|1760810265
|move|p2a: Kingambit|Kowtow Cleave|p1a: Naruto
|-damage|p1a: Naruto|0 fnt
|faint|p1a: Naruto
|
|-weather|none
|upkeep
|inactive|cuajada has 120 seconds left.
|
|t:|1760810288
|switch|p1a: Shinobi Shadow|Ambipom, F|88/100
|-damage|p1a: Shinobi Shadow|76/100|[from] Stealth Rock
|turn|22
|
|t:|1760810292
|move|p1a: Shinobi Shadow|Fake Out|p2a: Kingambit
|-resisted|p2a: Kingambit
|-damage|p2a: Kingambit|12/100
|cant|p2a: Kingambit|flinch
|
|upkeep
|turn|23
|
|t:|1760810299
|switch|p1a: PIKAZA|Zapdos|49/100
|move|p2a: Kingambit|Sucker Punch||[still]
|-fail|p2a: Kingambit
|
|upkeep
|turn|24
|
|t:|1760810305
|move|p1a: PIKAZA|Roost|p1a: PIKAZA
|-heal|p1a: PIKAZA|99/100
|-singleturn|p1a: PIKAZA|move: Roost
|move|p2a: Kingambit|Kowtow Cleave|p1a: PIKAZA
|-damage|p1a: PIKAZA|0 fnt
|faint|p1a: PIKAZA
|
|upkeep
|
|t:|1760810314
|switch|p1a: Shinobi Shadow|Ambipom, F|76/100
|-damage|p1a: Shinobi Shadow|63/100|[from] Stealth Rock
|turn|25
|
|t:|1760810325
|move|p1a: Shinobi Shadow|Fake Out|p2a: Kingambit
|-resisted|p2a: Kingambit
|-damage|p2a: Kingambit|0 fnt
|faint|p2a: Kingambit
|-end|p2a: Kingambit|fallen5|[silent]
|
|win|cuajada
|raw|cuajada's rating: 1296 &rarr; <strong>1322</strong><br />(+26 for winning)
|raw|Stinsky's rating: 1316 &rarr; <strong>1295</strong><br />(-21 for losing)
|l|☆Stinsky
|player|p2|
|l|☆cuajada
|player|p1|
