|j|☆ShyBlizz-
|j|☆TheDittoKid
|t:|1760825971
|gametype|singles
|player|p1|ShyBlizz-|tuber|1212
|player|p2|TheDittoKid|169|1249
|gen|9
|tier|[Gen 9] OU
|rated|
|rule|HP Percentage Mod: HP is shown in percentages
|rule|Endless Battle Clause: Forcing endless battles is banned
|rule|Species Clause: Limit one of each Pokémon
|rule|OHKO Clause: OHKO moves are banned
|rule|Evasion Items Clause: Evasion items are banned
|rule|Evasion Moves Clause: Evasion moves are banned
|rule|Evasion Abilities Clause: Evasion abilities are banned
|rule|Sleep Moves Clause: Sleep-inducing moves are banned
|clearpoke
|poke|p1|Breloom, F|
|poke|p1|Zapdos|
|poke|p1|Rillaboom, F|
|poke|p1|Okidogi, M|
|poke|p1|Toxapex, M|
|poke|p1|Hitmonchan, M|
|poke|p2|Salamence, M|
|poke|p2|Iron Valiant|
|poke|p2|Slowking-Galar, M|
|poke|p2|Conkeldurr, M|
|poke|p2|Clefable, F|
|poke|p2|Iron Treads|
|teampreview
|
|t:|1760825981
|teamsize|p1|6
|teamsize|p2|6
|start
|switch|p1a: Rillaboom|Rillaboom, F|100/100
|switch|p2a: Slowking|Slowking-Galar, M|100/100
|-fieldstart|move: Grassy Terrain|[from] ability: Grassy Surge|[of] p1a: Rillaboom
|turn|1
|
|t:|1760825983
|move|p1a: Rillaboom|Knock Off|p2a: Slowking
|-supereffective|p2a: Slowking
|-damage|p2a: Slowking|28/100
|-enditem|p2a: Slowking|Assault Vest|[from] move: Knock Off|[of] p1a: Rillaboom
|move|p2a: Slowking|Sludge Bomb|p1a: Rillaboom
|-supereffective|p1a: Rillaboom
|-damage|p1a: Rillaboom|18/100
|
|-heal|p1a: Rillaboom|24/100|[from] Grassy Terrain
|-heal|p2a: Slowking|35/100|[from] Grassy Terrain
|upkeep
|turn|2
|
|t:|1760825992
|switch|p2a: Iron Treads|Iron Treads|100/100
|move|p1a: Rillaboom|U-turn|p2a: Iron Treads
|-resisted|p2a: Iron Treads
|-damage|p2a: Iron Treads|92/100
|
|t:|1760825995
|switch|p1a: Hitmonchan|Hitmonchan, M|100/100|[from] U-turn
|
|-heal|p2a: Iron Treads|98/100|[from] Grassy Terrain
|upkeep
|turn|3
|
|t:|1760825998
|move|p2a: Iron Treads|Volt Switch|p1a: Hitmonchan
|-damage|p1a: Hitmonchan|91/100
|
|t:|1760826001
|-end|p2a: Iron Treads|Quark Drive|[silent]
|switch|p2a: Clefable|Clefable, F|100/100|[from] Volt Switch
|move|p1a: Hitmonchan|Knock Off|p2a: Clefable
|-resisted|p2a: Clefable
|-damage|p2a: Clefable|82/100
|-enditem|p2a: Clefable|Leftovers|[from] move: Knock Off|[of] p1a: Hitmonchan
|
|-heal|p1a: Hitmonchan|97/100|[from] Grassy Terrain
|-heal|p2a: Clefable|89/100|[from] Grassy Terrain
|upkeep
|turn|4
|
|t:|1760826010
|switch|p1a: Toxapex|Toxapex, M, shiny|100/100
|move|p2a: Clefable|Stealth Rock|p1a: Toxapex
|-sidestart|p1: ShyBlizz-|move: Stealth Rock
|
|-heal|p2a: Clefable|95/100|[from] Grassy Terrain
|upkeep
|turn|5
|
|t:|1760826018
|move|p2a: Clefable|Knock Off|p1a: Toxapex
|-damage|p1a: Toxapex|90/100
|-enditem|p1a: Toxapex|Black Sludge|[from] move: Knock Off|[of] p2a: Clefable
|move|p1a: Toxapex|Toxic Spikes|p2a: Clefable
|-sidestart|p2: TheDittoKid|move: Toxic Spikes
|
|-heal|p2a: Clefable|100/100|[from] Grassy Terrain
|-heal|p1a: Toxapex|96/100|[from] Grassy Terrain
|upkeep
|turn|6
|
|t:|1760826025
|switch|p2a: Slowking|Slowking-Galar, M|68/100
|-sideend|p2: TheDittoKid|move: Toxic Spikes|[of] p2a: Slowking
|move|p1a: Toxapex|Toxic Spikes|p2a: Slowking
|-sidestart|p2: TheDittoKid|move: Toxic Spikes
|
|-heal|p1a: Toxapex|100/100|[from] Grassy Terrain
|-heal|p2a: Slowking|74/100|[from] Grassy Terrain
|upkeep
|turn|7
|
|t:|1760826033
|move|p1a: Toxapex|Baneful Bunker|p1a: Toxapex
|-singleturn|p1a: Toxapex|move: Protect
|move|p2a: Slowking|Future Sight|p1a: Toxapex
|-start|p2a: Slowking|move: Future Sight
|
|-heal|p2a: Slowking|80/100|[from] Grassy Terrain
|upkeep
|turn|8
|
|t:|1760826038
|switch|p2a: Iron Treads|Iron Treads|98/100
|move|p1a: Toxapex|Icy Wind|p2a: Iron Treads
|-damage|p2a: Iron Treads|89/100
|-unboost|p2a: Iron Treads|spe|1
|
|-heal|p2a: Iron Treads|96/100|[from] Grassy Terrain
|-fieldend|move: Grassy Terrain
|upkeep
|turn|9
|
|t:|1760826045
|move|p1a: Toxapex|Baneful Bunker|p1a: Toxapex
|-singleturn|p1a: Toxapex|move: Protect
|move|p2a: Iron Treads|Rapid Spin|p1a: Toxapex
|-activate|p1a: Toxapex|move: Protect
|
|-end|p1a: Toxapex|move: Future Sight
|-supereffective|p1a: Toxapex
|-damage|p1a: Toxapex|29/100
|upkeep
|turn|10
|
|t:|1760826056
|move|p2a: Iron Treads|Volt Switch|p1a: Toxapex
|-supereffective|p1a: Toxapex
|-damage|p1a: Toxapex|8/100
|
|t:|1760826058
|-end|p2a: Iron Treads|Quark Drive|[silent]
|switch|p2a: Slowking|Slowking-Galar, M|100/100|[from] Volt Switch
|-sideend|p2: TheDittoKid|move: Toxic Spikes|[of] p2a: Slowking
|move|p1a: Toxapex|Recover|p1a: Toxapex
|-heal|p1a: Toxapex|58/100
|
|upkeep
|turn|11
|
|t:|1760826063
|move|p1a: Toxapex|Icy Wind|p2a: Slowking
|-damage|p2a: Slowking|95/100
|-unboost|p2a: Slowking|spe|1
|move|p2a: Slowking|Future Sight|p1a: Toxapex
|-start|p2a: Slowking|move: Future Sight
|
|upkeep
|turn|12
|
|t:|1760826070
|switch|p1a: Rillaboom|Rillaboom, F|24/100
|-damage|p1a: Rillaboom|12/100|[from] Stealth Rock
|-fieldstart|move: Grassy Terrain|[from] ability: Grassy Surge|[of] p1a: Rillaboom
|switch|p2a: Iron Treads|Iron Treads|96/100
|
|-heal|p1a: Rillaboom|18/100|[from] Grassy Terrain
|-heal|p2a: Iron Treads|100/100|[from] Grassy Terrain
|upkeep
|turn|13
|
|t:|1760826079
|-end|p2a: Iron Treads|Quark Drive|[silent]
|switch|p2a: Salamence|Salamence, M|100/100
|-ability|p2a: Salamence|Intimidate|boost
|-unboost|p1a: Rillaboom|atk|1
|move|p1a: Rillaboom|Grassy Glide|p2a: Salamence
|-resisted|p2a: Salamence
|-damage|p2a: Salamence|94/100
|
|-end|p1a: Rillaboom|move: Future Sight
|-damage|p1a: Rillaboom|0 fnt
|faint|p1a: Rillaboom
|upkeep
|
|t:|1760826085
|switch|p1a: Toxapex|Toxapex, M, shiny|92/100
|-damage|p1a: Toxapex|79/100|[from] Stealth Rock
|turn|14
|
|t:|1760826091
|switch|p2a: Slowking|Slowking-Galar, M|100/100
|move|p1a: Toxapex|Icy Wind|p2a: Slowking
|-damage|p2a: Slowking|96/100
|-unboost|p2a: Slowking|spe|1
|
|-heal|p1a: Toxapex|85/100|[from] Grassy Terrain
|-heal|p2a: Slowking|100/100|[from] Grassy Terrain
|upkeep
|turn|15
|
|t:|1760826098
|switch|p1a: Zapdos|Zapdos, shiny|100/100
|-damage|p1a: Zapdos|76/100|[from] Stealth Rock
|move|p2a: Slowking|Future Sight|p1a: Zapdos
|-start|p2a: Slowking|move: Future Sight
|
|upkeep
|turn|16
|
|t:|1760826101
|move|p1a: Zapdos|Light Screen|p1a: Zapdos
|-sidestart|p1: ShyBlizz-|move: Light Screen
|move|p2a: Slowking|Sludge Bomb|p1a: Zapdos
|-damage|p1a: Zapdos|56/100
|
|upkeep
|turn|17
|
|t:|1760826106
|move|p1a: Zapdos|Hurricane|p2a: Slowking
|-damage|p2a: Slowking|75/100
|-start|p2a: Slowking|confusion
|-activate|p2a: Slowking|confusion
|move|p2a: Slowking|Sludge Bomb|p1a: Zapdos
|-damage|p1a: Zapdos|36/100
|
|-end|p1a: Zapdos|move: Future Sight
|-damage|p1a: Zapdos|9/100
|-heal|p2a: Slowking|81/100|[from] Grassy Terrain
|upkeep
|turn|18
|
|t:|1760826116
|move|p1a: Zapdos|Roost|p1a: Zapdos
|-heal|p1a: Zapdos|59/100
|-singleturn|p1a: Zapdos|move: Roost
|-activate|p2a: Slowking|confusion
|move|p2a: Slowking|Chilling Water|p1a: Zapdos
|-damage|p1a: Zapdos|52/100
|-unboost|p1a: Zapdos|atk|1
|
|-heal|p1a: Zapdos|58/100|[from] Grassy Terrain
|-heal|p2a: Slowking|87/100|[from] Grassy Terrain
|upkeep
|turn|19
|
|t:|1760826121
|move|p1a: Zapdos|Hurricane|p2a: Slowking
|-damage|p2a: Slowking|59/100
|-activate|p2a: Slowking|confusion
|-damage|p2a: Slowking|54/100|[from] confusion
|
|-heal|p2a: Slowking|60/100|[from] Grassy Terrain
|-fieldend|move: Grassy Terrain
|upkeep
|turn|20
|
|t:|1760826127
|move|p1a: Zapdos|Hurricane|p2a: Slowking
|-damage|p2a: Slowking|33/100
|-activate|p2a: Slowking|confusion
|-damage|p2a: Slowking|28/100|[from] confusion
|
|-sideend|p1: ShyBlizz-|move: Light Screen
|upkeep
|turn|21
|
|t:|1760826135
|switch|p2a: Clefable|Clefable, F|100/100
|move|p1a: Zapdos|Roost|p1a: Zapdos
|-heal|p1a: Zapdos|100/100
|-singleturn|p1a: Zapdos|move: Roost
|
|upkeep
|turn|22
|
|t:|1760826140
|move|p1a: Zapdos|Light Screen|p1a: Zapdos
|-sidestart|p1: ShyBlizz-|move: Light Screen
|move|p2a: Clefable|Knock Off|p1a: Zapdos
|-damage|p1a: Zapdos|86/100
|-status|p2a: Clefable|par|[from] ability: Static|[of] p1a: Zapdos
|-enditem|p1a: Zapdos|Weakness Policy|[from] move: Knock Off|[of] p2a: Clefable
|
|upkeep
|turn|23
|
|t:|1760826148
|move|p1a: Zapdos|Hurricane|p2a: Clefable
|-damage|p2a: Clefable|72/100 par
|-start|p2a: Clefable|confusion
|-activate|p2a: Clefable|confusion
|move|p2a: Clefable|Stealth Rock||[still]
|-fail|p2a: Clefable
|
|upkeep
|turn|24
|
|t:|1760826154
|move|p1a: Zapdos|Hurricane|p2a: Clefable|[miss]
|-miss|p1a: Zapdos|p2a: Clefable
|-activate|p2a: Clefable|confusion
|-damage|p2a: Clefable|65/100 par|[from] confusion
|
|upkeep
|turn|25
|
|t:|1760826159
|move|p1a: Zapdos|Hurricane|p2a: Clefable
|-damage|p2a: Clefable|34/100 par
|-activate|p2a: Clefable|confusion
|move|p2a: Clefable|Wish|p2a: Clefable
|
|upkeep
|turn|26
|
|t:|1760826165
|switch|p2a: Slowking|Slowking-Galar, M|61/100
|move|p1a: Zapdos|Volt Switch|p2a: Slowking
|-crit|p2a: Slowking
|-damage|p2a: Slowking|34/100
|
|t:|1760826176
|switch|p1a: Okidogi|Okidogi, M|100/100|[from] Volt Switch
|-damage|p1a: Okidogi|94/100|[from] Stealth Rock
|
|-heal|p2a: Slowking|84/100|[from] move: Wish|[wisher] Clefable
|-sideend|p1: ShyBlizz-|move: Light Screen
|upkeep
|turn|27
|
|t:|1760826185
|move|p1a: Okidogi|Knock Off|p2a: Slowking
|-supereffective|p2a: Slowking
|-damage|p2a: Slowking|43/100
|move|p2a: Slowking|Chilling Water|p1a: Okidogi
|-damage|p1a: Okidogi|87/100
|-unboost|p1a: Okidogi|atk|1
|
|upkeep
|turn|28
|l|☆TheDittoKid
|player|p2|
|j|☆TheDittoKid
|player|p2|TheDittoKid|169|
|l|☆TheDittoKid
|player|p2|
|j|☆TheDittoKid
|player|p2|TheDittoKid|169|
|
|t:|1760826213
|switch|p1a: Zapdos|Zapdos, shiny|86/100
|-damage|p1a: Zapdos|61/100|[from] Stealth Rock
|switch|p2a: Iron Treads|Iron Treads|100/100
|
|upkeep
|turn|29
|
|t:|1760826219
|move|p1a: Zapdos|Hurricane|p2a: Iron Treads|[miss]
|-miss|p1a: Zapdos|p2a: Iron Treads
|move|p2a: Iron Treads|Volt Switch|p1a: Zapdos
|-damage|p1a: Zapdos|47/100
|
|t:|1760826231
|-end|p2a: Iron Treads|Quark Drive|[silent]
|switch|p2a: Slowking|Slowking-Galar, M|76/100|[from] Volt Switch
|
|upkeep
|turn|30
|
|t:|1760826234
|move|p1a: Zapdos|Light Screen|p1a: Zapdos
|-sidestart|p1: ShyBlizz-|move: Light Screen
|move|p2a: Slowking|Future Sight|p1a: Zapdos
|-start|p2a: Slowking|move: Future Sight
|
|upkeep
|turn|31
|
|t:|1760826239
|move|p1a: Zapdos|Roost|p1a: Zapdos
|-heal|p1a: Zapdos|97/100
|-singleturn|p1a: Zapdos|move: Roost
|move|p2a: Slowking|Sludge Bomb|p1a: Zapdos
|-damage|p1a: Zapdos|79/100
|
|upkeep
|turn|32
|
|t:|1760826242
|move|p1a: Zapdos|Hurricane|p2a: Slowking
|-damage|p2a: Slowking|47/100
|-start|p2a: Slowking|confusion
|-activate|p2a: Slowking|confusion
|move|p2a: Slowking|Sludge Bomb|p1a: Zapdos
|-damage|p1a: Zapdos|61/100
|
|-end|p1a: Zapdos|move: Future Sight
|-damage|p1a: Zapdos|33/100
|upkeep
|turn|33
|c|☆TheDittoKid|Very interesting how many confusions and self hits and statics have happened compared to sludge bomb poisons
|c|☆TheDittoKid|very neat
|
|t:|1760826274
|switch|p2a: Iron Treads|Iron Treads|100/100
|move|p1a: Zapdos|Hurricane|p2a: Iron Treads|[miss]
|-miss|p1a: Zapdos|p2a: Iron Treads
|
|upkeep
|turn|34
|
|t:|1760826282
|switch|p1a: Hitmonchan|Hitmonchan, M|97/100
|-damage|p1a: Hitmonchan|91/100|[from] Stealth Rock
|move|p2a: Iron Treads|Volt Switch|p1a: Hitmonchan
|-damage|p1a: Hitmonchan|86/100
|
|t:|1760826290
|-end|p2a: Iron Treads|Quark Drive|[silent]
|switch|p2a: Salamence|Salamence, M|94/100|[from] Volt Switch
|-ability|p2a: Salamence|Intimidate|boost
|-fail|p1a: Hitmonchan|unboost|Attack|[from] ability: Inner Focus|[of] p1a: Hitmonchan
|
|-sideend|p1: ShyBlizz-|move: Light Screen
|upkeep
|turn|35
|
|t:|1760826297
|move|p2a: Salamence|Hurricane|p1a: Hitmonchan
|-supereffective|p1a: Hitmonchan
|-damage|p1a: Hitmonchan|6/100
|move|p1a: Hitmonchan|Rapid Spin|p2a: Salamence
|-damage|p2a: Salamence|78/100
|-boost|p1a: Hitmonchan|spe|1
|-sideend|p1: ShyBlizz-|Stealth Rock|[from] move: Rapid Spin|[of] p1a: Hitmonchan
|
|upkeep
|turn|36
|
|t:|1760826303
|move|p1a: Hitmonchan|Knock Off|p2a: Salamence
|-damage|p2a: Salamence|45/100
|-enditem|p2a: Salamence|Blunder Policy|[from] move: Knock Off|[of] p1a: Hitmonchan
|move|p2a: Salamence|Hurricane|p1a: Hitmonchan
|-supereffective|p1a: Hitmonchan
|-damage|p1a: Hitmonchan|0 fnt
|faint|p1a: Hitmonchan
|
|upkeep
|
|t:|1760826314
|switch|p1a: Zapdos|Zapdos, shiny|33/100
|turn|37
|
|t:|1760826316
|move|p1a: Zapdos|Roost|p1a: Zapdos
|-heal|p1a: Zapdos|83/100
|-singleturn|p1a: Zapdos|move: Roost
|move|p2a: Salamence|Roost|p2a: Salamence
|-heal|p2a: Salamence|95/100
|-singleturn|p2a: Salamence|move: Roost
|
|upkeep
|turn|38
|
|t:|1760826319
|move|p1a: Zapdos|Light Screen|p1a: Zapdos
|-sidestart|p1: ShyBlizz-|move: Light Screen
|move|p2a: Salamence|Draco Meteor|p1a: Zapdos
|-damage|p1a: Zapdos|43/100
|-unboost|p2a: Salamence|spa|2
|
|upkeep
|turn|39
|
|t:|1760826327
|switch|p2a: Slowking|Slowking-Galar, M|80/100
|move|p1a: Zapdos|Roost|p1a: Zapdos
|-heal|p1a: Zapdos|93/100
|-singleturn|p1a: Zapdos|move: Roost
|
|upkeep
|turn|40
|
|t:|1760826329
|move|p1a: Zapdos|Hurricane|p2a: Slowking|[miss]
|-miss|p1a: Zapdos|p2a: Slowking
|move|p2a: Slowking|Sludge Bomb|p1a: Zapdos
|-damage|p1a: Zapdos|75/100
|
|upkeep
|turn|41
|
|t:|1760826337
|move|p1a: Zapdos|Hurricane|p2a: Slowking|[miss]
|-miss|p1a: Zapdos|p2a: Slowking
|move|p2a: Slowking|Sludge Bomb|p1a: Zapdos
|-damage|p1a: Zapdos|54/100
|
|upkeep
|turn|42
|
|t:|1760826340
|move|p1a: Zapdos|Roost|p1a: Zapdos
|-heal|p1a: Zapdos|100/100
|-singleturn|p1a: Zapdos|move: Roost
|move|p2a: Slowking|Sludge Bomb|p1a: Zapdos
|-damage|p1a: Zapdos|80/100
|-status|p1a: Zapdos|psn
|
|-damage|p1a: Zapdos|67/100 psn|[from] psn
|-sideend|p1: ShyBlizz-|move: Light Screen
|upkeep
|turn|43
|
|t:|1760826342
|move|p1a: Zapdos|Hurricane|p2a: Slowking
|-damage|p2a: Slowking|53/100
|move|p2a: Slowking|Future Sight|p1a: Zapdos
|-start|p2a: Slowking|move: Future Sight
|
|-damage|p1a: Zapdos|55/100 psn|[from] psn
|upkeep
|turn|44
|
|t:|1760826361
|switch|p2a: Iron Treads|Iron Treads|100/100
|move|p1a: Zapdos|Light Screen|p1a: Zapdos
|-sidestart|p1: ShyBlizz-|move: Light Screen
|
|-damage|p1a: Zapdos|42/100 psn|[from] psn
|upkeep
|turn|45
|
|t:|1760826368
|move|p1a: Zapdos|Roost|p1a: Zapdos
|-heal|p1a: Zapdos|92/100 psn
|-singleturn|p1a: Zapdos|move: Roost
|move|p2a: Iron Treads|Volt Switch|p1a: Zapdos
|-resisted|p1a: Zapdos
|-damage|p1a: Zapdos|89/100 psn
|
|t:|1760826378
|-end|p2a: Iron Treads|Quark Drive|[silent]
|switch|p2a: Slowking|Slowking-Galar, M|87/100|[from] Volt Switch
|
|-end|p1a: Zapdos|move: Future Sight
|-damage|p1a: Zapdos|63/100 psn
|-damage|p1a: Zapdos|51/100 psn|[from] psn
|upkeep
|turn|46
|
|t:|1760826382
|switch|p2a: Iron Treads|Iron Treads|100/100
|move|p1a: Zapdos|Volt Switch|p2a: Iron Treads
|-immune|p2a: Iron Treads
|
|-damage|p1a: Zapdos|39/100 psn|[from] psn
|upkeep
|turn|47
|
|t:|1760826390
|move|p1a: Zapdos|Roost|p1a: Zapdos
|-heal|p1a: Zapdos|89/100 psn
|-singleturn|p1a: Zapdos|move: Roost
|move|p2a: Iron Treads|Earthquake|p1a: Zapdos
|-supereffective|p1a: Zapdos
|-damage|p1a: Zapdos|23/100 psn
|
|-damage|p1a: Zapdos|10/100 psn|[from] psn
|upkeep
|turn|48
|
|t:|1760826403
|switch|p1a: Breloom|Breloom, F, shiny|100/100
|move|p2a: Iron Treads|Rapid Spin|p1a: Breloom
|-damage|p1a: Breloom|86/100
|-boost|p2a: Iron Treads|spe|1
|
|-sideend|p1: ShyBlizz-|move: Light Screen
|-status|p1a: Breloom|tox|[from] item: Toxic Orb
|upkeep
|turn|49
|
|t:|1760826408
|move|p2a: Iron Treads|Volt Switch|p1a: Breloom
|-resisted|p1a: Breloom
|-damage|p1a: Breloom|76/100 tox
|
|t:|1760826421
|-end|p2a: Iron Treads|Quark Drive|[silent]
|switch|p2a: Conkeldurr|Conkeldurr, M|100/100|[from] Volt Switch
|move|p1a: Breloom|Substitute|p1a: Breloom
|-start|p1a: Breloom|Substitute
|-damage|p1a: Breloom|51/100 tox
|
|-heal|p1a: Breloom|64/100 tox|[from] ability: Poison Heal
|-status|p2a: Conkeldurr|brn|[from] item: Flame Orb
|upkeep
|turn|50
|
|t:|1760826429
|move|p1a: Breloom|Bullet Seed|p2a: Conkeldurr
|-damage|p2a: Conkeldurr|88/100 brn
|-damage|p2a: Conkeldurr|76/100 brn
|-damage|p2a: Conkeldurr|65/100 brn
|-hitcount|p2a: Conkeldurr|3
|move|p2a: Conkeldurr|Drain Punch|p1a: Breloom
|-end|p1a: Breloom|Substitute
|-heal|p2a: Conkeldurr|74/100 brn|[from] drain|[of] p1a: Breloom
|
|-heal|p1a: Breloom|76/100 tox|[from] ability: Poison Heal
|-damage|p2a: Conkeldurr|68/100 brn|[from] brn
|upkeep
|turn|51
|
|t:|1760826448
|-terastallize|p1a: Breloom|Ghost
|move|p1a: Breloom|Leech Seed|p2a: Conkeldurr
|-start|p2a: Conkeldurr|move: Leech Seed
|move|p2a: Conkeldurr|Drain Punch|p1a: Breloom
|-immune|p1a: Breloom
|
|-damage|p2a: Conkeldurr|56/100 brn|[from] Leech Seed|[of] p1a: Breloom
|-heal|p1a: Breloom|92/100 tox|[silent]
|-heal|p1a: Breloom|100/100 tox|[from] ability: Poison Heal
|-damage|p2a: Conkeldurr|50/100 brn|[from] brn
|upkeep
|turn|52
|
|t:|1760826459
|switch|p2a: Slowking|Slowking-Galar, M|100/100
|move|p1a: Breloom|Substitute|p1a: Breloom
|-start|p1a: Breloom|Substitute
|-damage|p1a: Breloom|76/100 tox
|
|-heal|p1a: Breloom|88/100 tox|[from] ability: Poison Heal
|upkeep
|turn|53
|
|t:|1760826462
|move|p1a: Breloom|Swords Dance|p1a: Breloom
|-boost|p1a: Breloom|atk|2
|move|p2a: Slowking|Future Sight|p1a: Breloom
|-start|p2a: Slowking|move: Future Sight
|
|-heal|p1a: Breloom|100/100 tox|[from] ability: Poison Heal
|upkeep
|turn|54
|
|t:|1760826469
|switch|p2a: Clefable|Clefable, F|34/100 par
|move|p1a: Breloom|Bullet Seed|p2a: Clefable
|-damage|p2a: Clefable|18/100 par
|-crit|p2a: Clefable
|-damage|p2a: Clefable|0 fnt
|faint|p2a: Clefable
|-hitcount|p2: Clefable|2
|
|upkeep
|-message|TheDittoKid forfeited.
|
|win|ShyBlizz-
|raw|ShyBlizz-'s rating: 1212 &rarr; <strong>1240</strong><br />(+28 for winning)
|raw|TheDittoKid's rating: 1249 &rarr; <strong>1221</strong><br />(-28 for losing)
|l|☆TheDittoKid
|player|p2|
|l|☆ShyBlizz-
|player|p1|
