|j|☆jhghjkhipkjnlp
|j|☆Tsoxatsat
|t:|1760846606
|gametype|singles
|player|p1|jhghjkhipkjnlp|266|1385
|player|p2|Tsoxatsat|170|1424
|gen|9
|tier|[Gen 9] OU
|rated|
|rule|HP Percentage Mod: HP is shown in percentages
|rule|Endless Battle Clause: Forcing endless battles is banned
|rule|Species Clause: Limit one of each Pokémon
|rule|OHKO Clause: OHKO moves are banned
|rule|Evasion Items Clause: Evasion items are banned
|rule|Evasion Moves Clause: Evasion moves are banned
|rule|Evasion Abilities Clause: Evasion abilities are banned
|rule|Sleep Moves Clause: Sleep-inducing moves are banned
|clearpoke
|poke|p1|Ninetales, M|
|poke|p1|Glimmora, F|
|poke|p1|Hatterene, F|
|poke|p1|Lilligant-Hisui, F|
|poke|p1|Walking Wake|
|poke|p1|Ursaluna, F|
|poke|p2|Hatterene, F|
|poke|p2|Iron Treads|
|poke|p2|Dragonite, F|
|poke|p2|Iron Valiant|
|poke|p2|Ogerpon-Wellspring, F|
|poke|p2|Weavile, F|
|teampreview
|inactive|Battle timer is ON: inactive players will automatically lose when time's up. (requested by jhghjkhipkjnlp)
|inactive|Tsoxatsat also wants the timer to be on.
|
|t:|1760846633
|teamsize|p1|6
|teamsize|p2|6
|start
|switch|p1a: Ninetales|Ninetales, M|100/100
|switch|p2a: Iron Treads|Iron Treads|100/100
|-weather|SunnyDay|[from] ability: Drought|[of] p1a: Ninetales
|turn|1
|
|t:|1760846648
|switch|p1a: Hatterene|Hatterene, F|100/100
|-item|p1a: Hatterene|Air Balloon
|move|p2a: Iron Treads|Earthquake|p1a: Hatterene
|-immune|p1a: Hatterene
|
|-weather|SunnyDay|[upkeep]
|upkeep
|turn|2
|
|t:|1760846658
|-end|p2a: Iron Treads|Quark Drive|[silent]
|switch|p2a: Hatterene|Hatterene, F|100/100
|move|p1a: Hatterene|Trick Room|p1a: Hatterene
|-fieldstart|move: Trick Room|[of] p1a: Hatterene
|
|-weather|SunnyDay|[upkeep]
|upkeep
|turn|3
|
|t:|1760846665
|switch|p1a: Ursaluna|Ursaluna, F|100/100
|move|p2a: Hatterene|Psychic Noise|p1a: Ursaluna
|-damage|p1a: Ursaluna|72/100
|-start|p1a: Ursaluna|move: Heal Block
|
|-weather|SunnyDay|[upkeep]
|-status|p1a: Ursaluna|brn|[from] item: Flame Orb
|upkeep
|turn|4
|
|t:|1760846678
|-terastallize|p1a: Ursaluna|Normal
|move|p2a: Hatterene|Pain Split|p1a: Ursaluna
|-sethp|p1a: Ursaluna|70/100 brn|[from] move: Pain Split|[silent]
|-sethp|p2a: Hatterene|100/100|[from] move: Pain Split
|move|p1a: Ursaluna|Facade|p2a: Hatterene
|-damage|p2a: Hatterene|0 fnt
|-damage|p1a: Ursaluna|54/100 brn|[from] item: Rocky Helmet|[of] p2a: Hatterene
|faint|p2a: Hatterene
|
|-weather|SunnyDay|[upkeep]
|-damage|p1a: Ursaluna|47/100 brn|[from] brn
|-end|p1a: Ursaluna|move: Heal Block
|upkeep
|
|t:|1760846695
|switch|p2a: Weavile|Weavile, F|100/100
|-ability|p2a: Weavile|Pressure
|turn|5
|
|t:|1760846700
|switch|p1a: Glimmora|Glimmora, F|100/100
|-terastallize|p2a: Weavile|Ice
|move|p2a: Weavile|Ice Shard|p1a: Glimmora
|-damage|p1a: Glimmora|56/100
|-activate|p1a: Glimmora|ability: Toxic Debris
|-sidestart|p2: Tsoxatsat|move: Toxic Spikes
|-enditem|p1a: Glimmora|Eject Button
|
|t:|1760846727
|switch|p1a: Hatterene|Hatterene, F|100/100
|-item|p1a: Hatterene|Air Balloon
|
|-weather|SunnyDay|[upkeep]
|upkeep
|turn|6
|
|t:|1760846739
|switch|p2a: Iron Treads|Iron Treads|100/100
|move|p1a: Hatterene|Mystical Fire|p2a: Iron Treads
|-supereffective|p2a: Iron Treads
|-damage|p2a: Iron Treads|0 fnt
|faint|p2a: Iron Treads
|-end|p2a: Iron Treads|Quark Drive|[silent]
|
|-weather|SunnyDay|[upkeep]
|-fieldend|move: Trick Room
|upkeep
|
|t:|1760846747
|switch|p2a: Weavile|Weavile, F, tera:Ice|100/100
|-status|p2a: Weavile|psn
|-ability|p2a: Weavile|Pressure
|turn|7
|
|t:|1760846754
|switch|p1a: Glimmora|Glimmora, F|56/100
|move|p2a: Weavile|Triple Axel|p1a: Glimmora
|-damage|p1a: Glimmora|31/100
|-activate|p1a: Glimmora|ability: Toxic Debris
|-sidestart|p2: Tsoxatsat|move: Toxic Spikes
|-crit|p1a: Glimmora
|-damage|p1a: Glimmora|0 fnt
|faint|p1a: Glimmora
|-hitcount|p1: Glimmora|2
|
|-weather|SunnyDay|[upkeep]
|-damage|p2a: Weavile|88/100 psn|[from] psn
|upkeep
|
|t:|1760846771
|switch|p1a: Lilligant|Lilligant-Hisui, F|100/100
|turn|8
|
|t:|1760846777
|switch|p2a: Ogerpon|Ogerpon-Wellspring, F|100/100
|-status|p2a: Ogerpon|tox
|move|p1a: Lilligant|Close Combat|p2a: Ogerpon
|-damage|p2a: Ogerpon|0 fnt
|-unboost|p1a: Lilligant|def|1
|-unboost|p1a: Lilligant|spd|1
|faint|p2a: Ogerpon
|-damage|p1a: Lilligant|91/100|[from] item: Life Orb
|
|-weather|none
|upkeep
|
|t:|1760846784
|switch|p2a: Weavile|Weavile, F, tera:Ice|88/100 psn
|-ability|p2a: Weavile|Pressure
|turn|9
|
|t:|1760846803
|switch|p1a: Ninetales|Ninetales, M|100/100
|-weather|SunnyDay|[from] ability: Drought|[of] p1a: Ninetales
|move|p2a: Weavile|Triple Axel|p1a: Ninetales
|-resisted|p1a: Ninetales
|-damage|p1a: Ninetales|87/100
|-resisted|p1a: Ninetales
|-damage|p1a: Ninetales|65/100
|-resisted|p1a: Ninetales
|-damage|p1a: Ninetales|30/100
|-hitcount|p1a: Ninetales|3
|
|-weather|SunnyDay|[upkeep]
|-damage|p2a: Weavile|76/100 psn|[from] psn
|upkeep
|turn|10
|inactive|jhghjkhipkjnlp has 120 seconds left.
|
|t:|1760846831
|move|p2a: Weavile|Triple Axel|p1a: Ninetales
|-resisted|p1a: Ninetales
|-damage|p1a: Ninetales|18/100
|-resisted|p1a: Ninetales
|-damage|p1a: Ninetales|0 fnt
|faint|p1a: Ninetales
|-hitcount|p1: Ninetales|2
|
|-weather|SunnyDay|[upkeep]
|-damage|p2a: Weavile|63/100 psn|[from] psn
|upkeep
|inactive|jhghjkhipkjnlp has 120 seconds left.
|
|t:|1760846841
|switch|p1a: Lilligant|Lilligant-Hisui, F|91/100
|turn|11
|inactive|jhghjkhipkjnlp has 120 seconds left.
|
|t:|1760846847
|switch|p2a: Dragonite|Dragonite, F|100/100
|move|p1a: Lilligant|Close Combat|p2a: Dragonite
|-resisted|p2a: Dragonite
|-damage|p2a: Dragonite|78/100
|-unboost|p1a: Lilligant|def|1
|-unboost|p1a: Lilligant|spd|1
|-damage|p1a: Lilligant|81/100|[from] item: Life Orb
|
|-weather|SunnyDay|[upkeep]
|upkeep
|turn|12
|
|t:|1760846856
|move|p1a: Lilligant|Triple Axel|p2a: Dragonite
|-supereffective|p2a: Dragonite
|-damage|p2a: Dragonite|36/100
|-hitcount|p2a: Dragonite|1
|-damage|p1a: Lilligant|71/100|[from] item: Life Orb
|move|p2a: Dragonite|Draco Meteor|p1a: Lilligant
|-crit|p1a: Lilligant
|-damage|p1a: Lilligant|0 fnt
|-unboost|p2a: Dragonite|spa|2
|faint|p1a: Lilligant
|
|-weather|SunnyDay|[upkeep]
|upkeep
|inactive|jhghjkhipkjnlp has 120 seconds left.
|
|t:|1760846870
|switch|p1a: Hatterene|Hatterene, F|100/100
|-item|p1a: Hatterene|Air Balloon
|turn|13
|inactive|jhghjkhipkjnlp has 120 seconds left.
|
|t:|1760846886
|move|p2a: Dragonite|Draco Meteor|p1a: Hatterene
|-immune|p1a: Hatterene
|move|p1a: Hatterene|Dazzling Gleam|p2a: Dragonite
|-supereffective|p2a: Dragonite
|-damage|p2a: Dragonite|0 fnt
|faint|p2a: Dragonite
|
|-weather|SunnyDay|[upkeep]
|upkeep
|
|t:|1760846888
|switch|p2a: Weavile|Weavile, F, tera:Ice|63/100 psn
|-ability|p2a: Weavile|Pressure
|turn|14
|inactive|jhghjkhipkjnlp has 120 seconds left.
|
|t:|1760846906
|switch|p1a: Ursaluna|Ursaluna, F, tera:Normal|47/100 brn
|move|p2a: Weavile|Triple Axel|p1a: Ursaluna
|-damage|p1a: Ursaluna|35/100 brn
|-damage|p1a: Ursaluna|4/100 brn
|-damage|p1a: Ursaluna|0 fnt
|faint|p1a: Ursaluna
|-hitcount|p1: Ursaluna|3
|
|-weather|SunnyDay|[upkeep]
|-damage|p2a: Weavile|51/100 psn|[from] psn
|upkeep
|
|t:|1760846917
|switch|p1a: Walking Wake|Walking Wake|100/100
|-activate|p1a: Walking Wake|ability: Protosynthesis
|-start|p1a: Walking Wake|protosynthesisspe
|turn|15
|
|t:|1760846923
|move|p1a: Walking Wake|Hydro Steam|p2a: Weavile
|-damage|p2a: Weavile|0 fnt
|faint|p2a: Weavile
|
|-weather|SunnyDay|[upkeep]
|upkeep
|
|t:|1760846924
|switch|p2a: Iron Valiant|Iron Valiant|100/100
|-status|p2a: Iron Valiant|tox
|-enditem|p2a: Iron Valiant|Booster Energy
|-activate|p2a: Iron Valiant|ability: Quark Drive|[fromitem]
|-start|p2a: Iron Valiant|quarkdrivespe
|turn|16
|inactive|jhghjkhipkjnlp has 120 seconds left.
|
|t:|1760846934
|move|p2a: Iron Valiant|Calm Mind|p2a: Iron Valiant
|-boost|p2a: Iron Valiant|spa|1
|-boost|p2a: Iron Valiant|spd|1
|move|p1a: Walking Wake|Hydro Steam|p2a: Iron Valiant
|-damage|p2a: Iron Valiant|25/100 tox
|
|-weather|none
|-end|p1a: Walking Wake|Protosynthesis
|-damage|p2a: Iron Valiant|18/100 tox|[from] psn
|upkeep
|turn|17
|
|t:|1760846943
|move|p2a: Iron Valiant|Moonblast|p1a: Walking Wake
|-supereffective|p1a: Walking Wake
|-damage|p1a: Walking Wake|0 fnt
|faint|p1a: Walking Wake
|-end|p1a: Walking Wake|Protosynthesis|[silent]
|
|-damage|p2a: Iron Valiant|6/100 tox|[from] psn
|upkeep
|
|t:|1760846948
|switch|p1a: Hatterene|Hatterene, F|100/100
|-item|p1a: Hatterene|Air Balloon
|turn|18
|
|t:|1760846954
|move|p2a: Iron Valiant|Moonblast|p1a: Hatterene
|-damage|p1a: Hatterene|24/100
|-enditem|p1a: Hatterene|Air Balloon
|move|p1a: Hatterene|Dazzling Gleam|p2a: Iron Valiant
|-supereffective|p2a: Iron Valiant
|-damage|p2a: Iron Valiant|0 fnt
|faint|p2a: Iron Valiant
|-end|p2a: Iron Valiant|Quark Drive|[silent]
|
|win|jhghjkhipkjnlp
|raw|jhghjkhipkjnlp's rating: 1385 &rarr; <strong>1407</strong><br />(+22 for winning)
|raw|Tsoxatsat's rating: 1424 &rarr; <strong>1402</strong><br />(-22 for losing)
|l|☆Tsoxatsat
|player|p2|
|l|☆jhghjkhipkjnlp
|player|p1|
