|j|☆Brigadi25
|j|‽Cherrybomb15
|t:|1760814570
|gametype|singles
|player|p1|Brigadi25|bugcatcher-gen4dp|1368
|player|p2|Cherrybomb15|170|1377
|gen|9
|tier|[Gen 9] OU
|rated|
|rule|HP Percentage Mod: HP is shown in percentages
|rule|Endless Battle Clause: Forcing endless battles is banned
|rule|Species Clause: Limit one of each Pokémon
|rule|OHKO Clause: OHKO moves are banned
|rule|Evasion Items Clause: Evasion items are banned
|rule|Evasion Moves Clause: Evasion moves are banned
|rule|Evasion Abilities Clause: Evasion abilities are banned
|rule|Sleep Moves Clause: Sleep-inducing moves are banned
|clearpoke
|poke|p1|Kleavor, M|
|poke|p1|Ogerpon-Wellspring, F|
|poke|p1|Tornadus-Therian, M|
|poke|p1|Goodra, F|
|poke|p1|Serperior, F|
|poke|p1|Iron Treads|
|poke|p2|Dondozo, F|
|poke|p2|Slowking-Galar, F|
|poke|p2|Cinderace, F|
|poke|p2|Gholdengo|
|poke|p2|Hatterene, F|
|poke|p2|Landorus-Therian, M|
|teampreview
|inactive|Battle timer is ON: inactive players will automatically lose when time's up. (requested by Cherrybomb15)
|
|t:|1760814584
|teamsize|p1|6
|teamsize|p2|6
|start
|switch|p1a: Iron Treads|Iron Treads|100/100
|switch|p2a: Gholdengo|Gholdengo|100/100
|turn|1
|
|t:|1760814591
|move|p2a: Gholdengo|Focus Blast|p1a: Iron Treads
|-supereffective|p1a: Iron Treads
|-damage|p1a: Iron Treads|26/100
|-unboost|p1a: Iron Treads|spd|1
|move|p1a: Iron Treads|Ice Spinner|p2a: Gholdengo
|-resisted|p2a: Gholdengo
|-damage|p2a: Gholdengo|86/100
|
|upkeep
|turn|2
|
|t:|1760814602
|switch|p2a: Landorus|Landorus-Therian, M|100/100
|-ability|p2a: Landorus|Intimidate|boost
|-unboost|p1a: Iron Treads|atk|1
|-end|p1a: Iron Treads|Quark Drive|[silent]
|switch|p1a: Goodra|Goodra, F|100/100
|
|upkeep
|turn|3
|
|t:|1760814609
|move|p2a: Landorus|U-turn|p1a: Goodra
|-damage|p1a: Goodra|64/100
|
|t:|1760814613
|switch|p2a: Hatterene|Hatterene, F|100/100|[from] U-turn
|move|p1a: Goodra|Scald|p2a: Hatterene
|-damage|p2a: Hatterene|76/100
|-status|p2a: Hatterene|brn
|
|-heal|p2a: Hatterene|82/100 brn|[from] item: Leftovers
|-damage|p2a: Hatterene|76/100 brn|[from] brn
|upkeep
|turn|4
|
|t:|1760814629
|move|p1a: Goodra|Sludge Bomb|p2a: Hatterene
|-supereffective|p2a: Hatterene
|-damage|p2a: Hatterene|28/100 brn
|move|p2a: Hatterene|Draining Kiss|p1a: Goodra
|-supereffective|p1a: Goodra
|-damage|p1a: Goodra|44/100
|-heal|p2a: Hatterene|45/100 brn|[from] drain|[of] p1a: Goodra
|
|-heal|p2a: Hatterene|51/100 brn|[from] item: Leftovers
|-damage|p2a: Hatterene|45/100 brn|[from] brn
|upkeep
|turn|5
|
|t:|1760814644
|move|p1a: Goodra|Earthquake|p2a: Hatterene
|-damage|p2a: Hatterene|28/100 brn
|move|p2a: Hatterene|Draining Kiss|p1a: Goodra
|-supereffective|p1a: Goodra
|-damage|p1a: Goodra|23/100
|-heal|p2a: Hatterene|47/100 brn|[from] drain|[of] p1a: Goodra
|
|-heal|p2a: Hatterene|53/100 brn|[from] item: Leftovers
|-damage|p2a: Hatterene|47/100 brn|[from] brn
|upkeep
|turn|6
|
|t:|1760814653
|switch|p2a: Gholdengo|Gholdengo|86/100
|move|p1a: Goodra|Sludge Bomb|p2a: Gholdengo
|-immune|p2a: Gholdengo
|
|upkeep
|turn|7
|
|t:|1760814658
|move|p2a: Gholdengo|Shadow Ball|p1a: Goodra
|-damage|p1a: Goodra|2/100
|-unboost|p1a: Goodra|spd|1
|move|p1a: Goodra|Earthquake|p2a: Gholdengo
|-supereffective|p2a: Gholdengo
|-damage|p2a: Gholdengo|43/100
|
|upkeep
|turn|8
|
|t:|1760814666
|move|p2a: Gholdengo|Shadow Ball|p1a: Goodra
|-damage|p1a: Goodra|0 fnt
|faint|p1a: Goodra
|
|upkeep
|
|t:|1760814671
|switch|p1a: Kleavor|Kleavor, M|100/100
|turn|9
|
|t:|1760814680
|move|p1a: Kleavor|Stone Axe|p2a: Gholdengo
|-resisted|p2a: Gholdengo
|-damage|p2a: Gholdengo|13/100
|-sidestart|p2: Cherrybomb15|move: Stealth Rock
|move|p2a: Gholdengo|Shadow Ball|p1a: Kleavor
|-damage|p1a: Kleavor|29/100
|-unboost|p1a: Kleavor|spd|1
|
|upkeep
|turn|10
|
|t:|1760814694
|switch|p1a: Serperior|Serperior, F|100/100
|switch|p2a: Dondozo|Dondozo, F|100/100
|-damage|p2a: Dondozo|88/100|[from] Stealth Rock
|
|-heal|p2a: Dondozo|94/100|[from] item: Leftovers
|upkeep
|turn|11
|
|t:|1760814702
|switch|p2a: Slowking|Slowking-Galar, F|100/100
|move|p1a: Serperior|Substitute|p1a: Serperior
|-start|p1a: Serperior|Substitute
|-damage|p1a: Serperior|76/100
|
|-heal|p1a: Serperior|82/100|[from] item: Leftovers
|upkeep
|turn|12
|
|t:|1760814710
|move|p1a: Serperior|Leech Seed|p2a: Slowking
|-start|p2a: Slowking|move: Leech Seed
|move|p2a: Slowking|Future Sight|p1a: Serperior
|-start|p2a: Slowking|move: Future Sight
|
|-heal|p1a: Serperior|88/100|[from] item: Leftovers
|-damage|p2a: Slowking|88/100|[from] Leech Seed|[of] p1a: Serperior
|-heal|p1a: Serperior|100/100|[silent]
|upkeep
|turn|13
|
|t:|1760814717
|switch|p2a: Gholdengo|Gholdengo|13/100
|-damage|p2a: Gholdengo|7/100|[from] Stealth Rock
|move|p1a: Serperior|Glare|p2a: Gholdengo
|-immune|p2a: Gholdengo|[from] ability: Good as Gold
|
|upkeep
|turn|14
|
|t:|1760814723
|move|p2a: Gholdengo|Shadow Ball|p1a: Serperior
|-end|p1a: Serperior|Substitute
|move|p1a: Serperior|Leaf Storm|p2a: Gholdengo
|-resisted|p2a: Gholdengo
|-damage|p2a: Gholdengo|0 fnt
|-boost|p1a: Serperior|spa|2
|faint|p2a: Gholdengo
|
|-end|p1a: Serperior|move: Future Sight
|-damage|p1a: Serperior|52/100
|-heal|p1a: Serperior|58/100|[from] item: Leftovers
|upkeep
|
|t:|1760814730
|switch|p2a: Cinderace|Cinderace, F|100/100
|turn|15
|
|t:|1760814740
|switch|p1a: Tornadus|Tornadus-Therian, M|100/100
|move|p2a: Cinderace|Pyro Ball|p1a: Tornadus
|-damage|p1a: Tornadus|33/100
|
|upkeep
|turn|16
|
|t:|1760814747
|-terastallize|p1a: Tornadus|Fire
|move|p1a: Tornadus|Bleakwind Storm|p2a: Cinderace|[miss]
|-miss|p1a: Tornadus|p2a: Cinderace
|move|p2a: Cinderace|Pyro Ball|p1a: Tornadus
|-resisted|p1a: Tornadus
|-damage|p1a: Tornadus|0 fnt
|faint|p1a: Tornadus
|
|upkeep
|
|t:|1760814756
|switch|p1a: Ogerpon|Ogerpon-Wellspring, F|100/100
|turn|17
|
|t:|1760814759
|move|p2a: Cinderace|U-turn|p1a: Ogerpon
|-start|p2a: Cinderace|typechange|Bug|[from] ability: Libero
|-supereffective|p1a: Ogerpon
|-damage|p1a: Ogerpon|15/100
|
|t:|1760814763
|switch|p2a: Hatterene|Hatterene, F|47/100 brn|[from] U-turn
|-damage|p2a: Hatterene|35/100 brn|[from] Stealth Rock
|move|p1a: Ogerpon|Ivy Cudgel|p2a: Hatterene|[anim] Ivy Cudgel Water
|-damage|p2a: Hatterene|0 fnt
|faint|p2a: Hatterene
|
|upkeep
|
|t:|1760814765
|switch|p2a: Cinderace|Cinderace, F|100/100
|turn|18
|
|t:|1760814772
|move|p2a: Cinderace|U-turn|p1a: Ogerpon
|-start|p2a: Cinderace|typechange|Bug|[from] ability: Libero
|-supereffective|p1a: Ogerpon
|-damage|p1a: Ogerpon|0 fnt
|faint|p1a: Ogerpon
|
|t:|1760814777
|switch|p2a: Landorus|Landorus-Therian, M|100/100|[from] U-turn
|-damage|p2a: Landorus|88/100|[from] Stealth Rock
|
|upkeep
|
|t:|1760814784
|switch|p1a: Serperior|Serperior, F|58/100
|turn|19
|
|t:|1760814790
|move|p2a: Landorus|U-turn|p1a: Serperior
|-supereffective|p1a: Serperior
|-damage|p1a: Serperior|0 fnt
|faint|p1a: Serperior
|
|t:|1760814793
|switch|p2a: Cinderace|Cinderace, F|100/100|[from] U-turn
|
|upkeep
|
|t:|1760814796
|switch|p1a: Kleavor|Kleavor, M|29/100
|turn|20
|
|t:|1760814809
|move|p2a: Cinderace|Sucker Punch|p1a: Kleavor
|-start|p2a: Cinderace|typechange|Dark|[from] ability: Libero
|-damage|p1a: Kleavor|0 fnt
|faint|p1a: Kleavor
|
|upkeep
|
|t:|1760814814
|switch|p1a: Iron Treads|Iron Treads|26/100
|turn|21
|-message|Brigadi25 forfeited.
|
|win|Cherrybomb15
|raw|Brigadi25's rating: 1368 &rarr; <strong>1349</strong><br />(-19 for losing)
|raw|Cherrybomb15's rating: 1377 &rarr; <strong>1396</strong><br />(+19 for winning)
|l|☆Brigadi25
|player|p1|
|l|‽Cherrybomb15
|player|p2|
