|j|☆jjjmmmaaa
|j|☆am2268
|t:|1760769597
|gametype|singles
|player|p1|jjjmmmaaa|wallace|1107
|player|p2|am2268|cynthia-gen4|1126
|gen|9
|tier|[Gen 9] OU
|rated|
|rule|HP Percentage Mod: HP is shown in percentages
|rule|Endless Battle Clause: Forcing endless battles is banned
|rule|Species Clause: Limit one of each Pokémon
|rule|OHKO Clause: OHKO moves are banned
|rule|Evasion Items Clause: Evasion items are banned
|rule|Evasion Moves Clause: Evasion moves are banned
|rule|Evasion Abilities Clause: Evasion abilities are banned
|rule|Sleep Moves Clause: Sleep-inducing moves are banned
|clearpoke
|poke|p1|Pelipper, M|
|poke|p1|Kingdra, M|
|poke|p1|Quaquaval, M|
|poke|p1|Zapdos|
|poke|p1|Garchomp, F|
|poke|p1|Scizor, F|
|poke|p2|Dragonite, F|
|poke|p2|Cloyster, F|
|poke|p2|Orthworm, F|
|poke|p2|Rotom-Wash|
|poke|p2|Landorus-Therian, M|
|poke|p2|Gyarados, F|
|teampreview
|inactive|Battle timer is ON: inactive players will automatically lose when time's up. (requested by am2268)
|
|t:|1760769605
|teamsize|p1|6
|teamsize|p2|6
|start
|switch|p1a: Garchomp|Garchomp, F, shiny|100/100
|switch|p2a: Rotom|Rotom-Wash|100/100
|turn|1
|
|t:|1760769616
|move|p2a: Rotom|Hydro Pump|p1a: Garchomp
|-damage|p1a: Garchomp|53/100
|move|p1a: Garchomp|Stealth Rock|p2a: Rotom
|-sidestart|p2: am2268|move: Stealth Rock
|
|upkeep
|turn|2
|
|t:|1760769624
|move|p2a: Rotom|Hydro Pump|p1a: Garchomp
|-damage|p1a: Garchomp|4/100
|move|p1a: Garchomp|Spikes|p2a: Rotom
|-sidestart|p2: am2268|Spikes
|
|upkeep
|turn|3
|
|t:|1760769632
|move|p2a: Rotom|Hydro Pump|p1a: Garchomp
|-damage|p1a: Garchomp|0 fnt
|faint|p1a: Garchomp
|
|upkeep
|
|t:|1760769638
|switch|p1a: Pelipper|Pelipper, M, shiny|100/100
|-weather|RainDance|[from] ability: Drizzle|[of] p1a: Pelipper
|turn|4
|
|t:|1760769651
|switch|p2a: Landorus|Landorus-Therian, M|100/100
|-damage|p2a: Landorus|88/100|[from] Stealth Rock
|-ability|p2a: Landorus|Intimidate|boost
|-unboost|p1a: Pelipper|atk|1
|move|p1a: Pelipper|U-turn|p2a: Landorus
|-resisted|p2a: Landorus
|-damage|p2a: Landorus|85/100
|
|t:|1760769659
|switch|p1a: Kingdra|Kingdra, M, shiny|100/100|[from] U-turn
|
|-weather|RainDance|[upkeep]
|upkeep
|turn|5
|
|t:|1760769669
|move|p1a: Kingdra|Draco Meteor|p2a: Landorus
|-damage|p2a: Landorus|0 fnt
|-unboost|p1a: Kingdra|spa|2
|faint|p2a: Landorus
|
|-weather|RainDance|[upkeep]
|upkeep
|
|t:|1760769683
|switch|p2a: Rotom|Rotom-Wash|100/100
|-damage|p2a: Rotom|88/100|[from] Stealth Rock
|turn|6
|
|t:|1760769687
|move|p1a: Kingdra|Draco Meteor|p2a: Rotom
|-damage|p2a: Rotom|30/100
|-unboost|p1a: Kingdra|spa|2
|move|p2a: Rotom|Volt Switch|p1a: Kingdra
|-damage|p1a: Kingdra|46/100
|
|t:|1760769695
|switch|p2a: Orthworm|Orthworm, F|100/100|[from] Volt Switch
|-damage|p2a: Orthworm|94/100|[from] Stealth Rock
|-damage|p2a: Orthworm|82/100|[from] Spikes
|
|-weather|RainDance|[upkeep]
|-heal|p2a: Orthworm|88/100|[from] item: Leftovers
|upkeep
|turn|7
|
|t:|1760769711
|switch|p1a: Zapdos|Zapdos|100/100
|move|p2a: Orthworm|Iron Defense|p2a: Orthworm
|-boost|p2a: Orthworm|def|2
|
|-weather|RainDance|[upkeep]
|-heal|p2a: Orthworm|94/100|[from] item: Leftovers
|upkeep
|turn|8
|
|t:|1760769723
|move|p1a: Zapdos|Thunder Wave|p2a: Orthworm
|-status|p2a: Orthworm|par
|cant|p2a: Orthworm|par
|
|-weather|RainDance|[upkeep]
|-heal|p2a: Orthworm|100/100 par|[from] item: Leftovers
|upkeep
|turn|9
|
|t:|1760769735
|move|p1a: Zapdos|Volt Switch|p2a: Orthworm
|-damage|p2a: Orthworm|70/100 par
|
|t:|1760769741
|switch|p1a: Kingdra|Kingdra, M, shiny|46/100|[from] Volt Switch
|move|p2a: Orthworm|Stealth Rock|p1a: Kingdra
|-sidestart|p1: jjjmmmaaa|move: Stealth Rock
|
|-weather|RainDance|[upkeep]
|-heal|p2a: Orthworm|77/100 par|[from] item: Leftovers
|upkeep
|turn|10
|
|t:|1760769749
|move|p1a: Kingdra|Weather Ball|p2a: Orthworm
|-damage|p2a: Orthworm|0 fnt
|faint|p2a: Orthworm
|
|-weather|RainDance|[upkeep]
|upkeep
|
|t:|1760769756
|switch|p2a: Rotom|Rotom-Wash|30/100
|-damage|p2a: Rotom|17/100|[from] Stealth Rock
|turn|11
|
|t:|1760769760
|move|p1a: Kingdra|Weather Ball|p2a: Rotom
|-resisted|p2a: Rotom
|-damage|p2a: Rotom|0 fnt
|faint|p2a: Rotom
|
|-weather|none
|upkeep
|
|t:|1760769766
|switch|p2a: Cloyster|Cloyster, F|100/100
|-damage|p2a: Cloyster|76/100|[from] Stealth Rock
|-damage|p2a: Cloyster|63/100|[from] Spikes
|turn|12
|
|t:|1760769771
|switch|p1a: Pelipper|Pelipper, M, shiny|100/100
|-damage|p1a: Pelipper|75/100|[from] Stealth Rock
|-weather|RainDance|[from] ability: Drizzle|[of] p1a: Pelipper
|move|p2a: Cloyster|Shell Smash|p2a: Cloyster
|-unboost|p2a: Cloyster|def|1
|-unboost|p2a: Cloyster|spd|1
|-boost|p2a: Cloyster|atk|2
|-boost|p2a: Cloyster|spa|2
|-boost|p2a: Cloyster|spe|2
|
|-weather|RainDance|[upkeep]
|upkeep
|turn|13
|
|t:|1760769784
|switch|p1a: Scizor|Scizor, F|100/100
|-damage|p1a: Scizor|88/100|[from] Stealth Rock
|move|p2a: Cloyster|Icicle Spear|p1a: Scizor
|-resisted|p1a: Scizor
|-damage|p1a: Scizor|75/100
|-resisted|p1a: Scizor
|-damage|p1a: Scizor|60/100
|-resisted|p1a: Scizor
|-damage|p1a: Scizor|45/100
|-resisted|p1a: Scizor
|-damage|p1a: Scizor|32/100
|-resisted|p1a: Scizor
|-damage|p1a: Scizor|17/100
|-hitcount|p1a: Scizor|5
|
|-weather|RainDance|[upkeep]
|upkeep
|turn|14
|
|t:|1760769799
|move|p1a: Scizor|Bullet Punch|p2a: Cloyster
|-damage|p2a: Cloyster|18/100
|move|p2a: Cloyster|Liquidation|p1a: Scizor
|-damage|p1a: Scizor|0 fnt
|faint|p1a: Scizor
|
|-weather|RainDance|[upkeep]
|upkeep
|
|t:|1760769810
|switch|p1a: Kingdra|Kingdra, M, shiny|46/100
|-damage|p1a: Kingdra|34/100|[from] Stealth Rock
|turn|15
|
|t:|1760769814
|move|p1a: Kingdra|Dragon Pulse|p2a: Cloyster
|-damage|p2a: Cloyster|0 fnt
|faint|p2a: Cloyster
|
|-weather|RainDance|[upkeep]
|upkeep
|
|t:|1760769819
|switch|p2a: Gyarados|Gyarados, F|100/100
|-damage|p2a: Gyarados|76/100|[from] Stealth Rock
|-ability|p2a: Gyarados|Intimidate|boost
|-unboost|p1a: Kingdra|atk|1
|turn|16
|
|t:|1760769825
|move|p1a: Kingdra|Dragon Pulse|p2a: Gyarados
|-damage|p2a: Gyarados|16/100
|move|p2a: Gyarados|Thunder Wave|p1a: Kingdra
|-status|p1a: Kingdra|par
|
|-weather|RainDance|[upkeep]
|upkeep
|turn|17
|
|t:|1760769834
|move|p1a: Kingdra|Dragon Pulse|p2a: Gyarados
|-damage|p2a: Gyarados|0 fnt
|faint|p2a: Gyarados
|
|-weather|RainDance|[upkeep]
|upkeep
|
|t:|1760769840
|switch|p2a: Dragonite|Dragonite, F|100/100
|-damage|p2a: Dragonite|76/100|[from] Stealth Rock
|turn|18
|
|t:|1760769849
|-terastallize|p2a: Dragonite|Normal
|move|p1a: Kingdra|Dragon Pulse|p2a: Dragonite
|-damage|p2a: Dragonite|17/100
|move|p2a: Dragonite|Dragon Dance|p2a: Dragonite
|-boost|p2a: Dragonite|atk|1
|-boost|p2a: Dragonite|spe|1
|
|-weather|RainDance|[upkeep]
|upkeep
|turn|19
|
|t:|1760769859
|move|p2a: Dragonite|Extreme Speed|p1a: Kingdra
|-damage|p1a: Kingdra|0 fnt
|faint|p1a: Kingdra
|
|-weather|none
|upkeep
|
|t:|1760769867
|switch|p1a: Zapdos|Zapdos|100/100
|-damage|p1a: Zapdos|75/100|[from] Stealth Rock
|turn|20
|
|t:|1760769875
|-terastallize|p1a: Zapdos|Steel
|move|p2a: Dragonite|Extreme Speed|p1a: Zapdos
|-resisted|p1a: Zapdos
|-damage|p1a: Zapdos|50/100
|-status|p2a: Dragonite|par|[from] ability: Static|[of] p1a: Zapdos
|-enditem|p2a: Dragonite|Lum Berry|[eat]
|-curestatus|p2a: Dragonite|par|[msg]
|move|p1a: Zapdos|Thunder Wave|p2a: Dragonite
|-status|p2a: Dragonite|par
|
|-heal|p1a: Zapdos|57/100|[from] item: Leftovers
|upkeep
|turn|21
|
|t:|1760769891
|move|p1a: Zapdos|Roost|p1a: Zapdos
|-heal|p1a: Zapdos|100/100
|move|p2a: Dragonite|Fire Punch|p1a: Zapdos
|-supereffective|p1a: Zapdos
|-damage|p1a: Zapdos|32/100
|
|-heal|p1a: Zapdos|38/100|[from] item: Leftovers
|upkeep
|turn|22
|
|t:|1760769902
|move|p1a: Zapdos|Volt Switch|p2a: Dragonite
|-damage|p2a: Dragonite|0 fnt
|faint|p2a: Dragonite
|
|win|jjjmmmaaa
|raw|jjjmmmaaa's rating: 1107 &rarr; <strong>1133</strong><br />(+26 for winning)
|raw|am2268's rating: 1126 &rarr; <strong>1100</strong><br />(-26 for losing)
|l|☆jjjmmmaaa
|player|p1|
|l|☆am2268
|player|p2|
