|j|☆kantain1
|j|☆wuweiwushi11
|t:|1760792329
|gametype|singles
|player|p1|kantain1|ghetsis|1239
|player|p2|wuweiwushi11|cynthia-gen4|1287
|gen|9
|tier|[Gen 9] OU
|rated|
|rule|HP Percentage Mod: HP is shown in percentages
|rule|Endless Battle Clause: Forcing endless battles is banned
|rule|Species Clause: Limit one of each Pokémon
|rule|OHKO Clause: OHKO moves are banned
|rule|Evasion Items Clause: Evasion items are banned
|rule|Evasion Moves Clause: Evasion moves are banned
|rule|Evasion Abilities Clause: Evasion abilities are banned
|rule|Sleep Moves Clause: Sleep-inducing moves are banned
|clearpoke
|poke|p1|Raging Bolt|
|poke|p1|Moltres|
|poke|p1|Gholdengo|
|poke|p1|Iron Valiant|
|poke|p1|Tentacruel, M|
|poke|p1|Weavile, F|
|poke|p2|Heatran, M|
|poke|p2|Rillaboom, M|
|poke|p2|Ogerpon-Wellspring, F|
|poke|p2|Dragapult, M|
|poke|p2|Great Tusk|
|poke|p2|Bronzong|
|teampreview
|inactive|Battle timer is ON: inactive players will automatically lose when time's up. (requested by kantain1)
|
|t:|1760792334
|teamsize|p1|6
|teamsize|p2|6
|start
|switch|p1a: Weavile|Weavile, F|100/100
|switch|p2a: Bronzong|Bronzong, shiny|100/100
|-ability|p1a: Weavile|Pressure
|turn|1
|
|t:|1760792341
|move|p1a: Weavile|Fake Out|p2a: Bronzong
|-resisted|p2a: Bronzong
|-crit|p2a: Bronzong
|-damage|p2a: Bronzong|94/100
|cant|p2a: Bronzong|flinch
|
|upkeep
|turn|2
|
|t:|1760792347
|move|p1a: Weavile|Knock Off|p2a: Bronzong
|-supereffective|p2a: Bronzong
|-enditem|p2a: Bronzong|Colbur Berry|[eat]
|-enditem|p2a: Bronzong|Colbur Berry|[weaken]
|-damage|p2a: Bronzong|64/100
|move|p2a: Bronzong|Body Press|p1a: Weavile
|-supereffective|p1a: Weavile
|-enditem|p1a: Weavile|Focus Sash
|-damage|p1a: Weavile|1/100
|
|upkeep
|turn|3
|
|t:|1760792354
|move|p1a: Weavile|Knock Off|p2a: Bronzong
|-supereffective|p2a: Bronzong
|-damage|p2a: Bronzong|25/100
|move|p2a: Bronzong|Stealth Rock|p1a: Weavile
|-sidestart|p1: kantain1|move: Stealth Rock
|
|upkeep
|turn|4
|
|t:|1760792362
|move|p1a: Weavile|Knock Off|p2a: Bronzong
|-supereffective|p2a: Bronzong
|-damage|p2a: Bronzong|0 fnt
|faint|p2a: Bronzong
|
|upkeep
|
|t:|1760792365
|switch|p2a: Rillaboom|Rillaboom, M, shiny|100/100
|-fieldstart|move: Grassy Terrain|[from] ability: Grassy Surge|[of] p2a: Rillaboom
|turn|5
|
|t:|1760792371
|switch|p1a: Moltres|Moltres|100/100
|move|p2a: Rillaboom|Grassy Glide|p1a: Moltres
|-resisted|p1a: Moltres
|-damage|p1a: Moltres|93/100
|
|upkeep
|turn|6
|
|t:|1760792379
|switch|p2a: Heatran|Heatran, M, shiny|100/100
|move|p1a: Moltres|Scorching Sands|p2a: Heatran
|-supereffective|p2a: Heatran
|-damage|p2a: Heatran|45/100
|
|-heal|p2a: Heatran|51/100|[from] Grassy Terrain
|-heal|p2a: Heatran|57/100|[from] item: Leftovers
|upkeep
|turn|7
|
|t:|1760792387
|-terastallize|p2a: Heatran|Grass
|move|p1a: Moltres|Scorching Sands|p2a: Heatran
|-resisted|p2a: Heatran
|-damage|p2a: Heatran|50/100
|-status|p2a: Heatran|brn
|move|p2a: Heatran|Magma Storm|p1a: Moltres
|-resisted|p1a: Moltres
|-damage|p1a: Moltres|70/100
|-activate|p1a: Moltres|move: Magma Storm|[of] p2a: Heatran
|
|-heal|p2a: Heatran|56/100 brn|[from] Grassy Terrain
|-heal|p2a: Heatran|62/100 brn|[from] item: Leftovers
|-damage|p2a: Heatran|56/100 brn|[from] brn
|-damage|p1a: Moltres|58/100|[from] move: Magma Storm|[partiallytrapped]
|upkeep
|turn|8
|
|t:|1760792402
|move|p1a: Moltres|Air Slash|p2a: Heatran
|-supereffective|p2a: Heatran
|-damage|p2a: Heatran|16/100 brn
|move|p2a: Heatran|Taunt|p1a: Moltres
|-start|p1a: Moltres|move: Taunt
|
|-heal|p2a: Heatran|22/100 brn|[from] Grassy Terrain
|-heal|p2a: Heatran|28/100 brn|[from] item: Leftovers
|-damage|p2a: Heatran|22/100 brn|[from] brn
|-damage|p1a: Moltres|45/100|[from] move: Magma Storm|[partiallytrapped]
|upkeep
|turn|9
|
|t:|1760792412
|switch|p2a: Dragapult|Dragapult, M, shiny|100/100
|move|p1a: Moltres|Air Slash|p2a: Dragapult
|-damage|p2a: Dragapult|53/100
|
|-heal|p2a: Dragapult|59/100|[from] Grassy Terrain
|-end|p1a: Moltres|Magma Storm|[partiallytrapped]|[silent]
|upkeep
|turn|10
|
|t:|1760792424
|switch|p1a: Weavile|Weavile, F|1/100
|-damage|p1a: Weavile|0 fnt|[from] Stealth Rock
|faint|p1a: Weavile
|move|p2a: Dragapult|Shadow Ball|p1: Weavile|[notarget]
|-fail|p2a: Dragapult
|
|-heal|p2a: Dragapult|65/100|[from] Grassy Terrain
|upkeep
|
|t:|1760792432
|switch|p1a: Iron Valiant|Iron Valiant|100/100
|-damage|p1a: Iron Valiant|94/100|[from] Stealth Rock
|turn|11
|
|t:|1760792440
|switch|p2a: Heatran|Heatran, M, shiny, tera:Grass|22/100 brn
|move|p1a: Iron Valiant|Moonblast|p2a: Heatran
|-damage|p2a: Heatran|0 fnt
|faint|p2a: Heatran
|
|-heal|p1a: Iron Valiant|100/100|[from] Grassy Terrain
|upkeep
|
|t:|1760792448
|switch|p2a: Ogerpon|Ogerpon-Wellspring, F|100/100
|turn|12
|
|t:|1760792454
|-end|p1a: Iron Valiant|Quark Drive|[silent]
|switch|p1a: Raging Bolt|Raging Bolt|100/100
|-damage|p1a: Raging Bolt|88/100|[from] Stealth Rock
|-enditem|p1a: Raging Bolt|Booster Energy
|-activate|p1a: Raging Bolt|ability: Protosynthesis|[fromitem]
|-start|p1a: Raging Bolt|protosynthesisspa
|move|p2a: Ogerpon|Play Rough|p1a: Raging Bolt
|-supereffective|p1a: Raging Bolt
|-damage|p1a: Raging Bolt|14/100
|
|-heal|p1a: Raging Bolt|20/100|[from] Grassy Terrain
|-fieldend|move: Grassy Terrain
|upkeep
|turn|13
|
|t:|1760792465
|move|p2a: Ogerpon|Horn Leech|p1a: Raging Bolt
|-resisted|p1a: Raging Bolt
|-damage|p1a: Raging Bolt|0 fnt
|faint|p1a: Raging Bolt
|-end|p1a: Raging Bolt|Protosynthesis|[silent]
|
|upkeep
|
|t:|1760792470
|switch|p1a: Tentacruel|Tentacruel, M|100/100
|-damage|p1a: Tentacruel|88/100|[from] Stealth Rock
|-item|p1a: Tentacruel|Air Balloon
|turn|14
|
|t:|1760792476
|switch|p2a: Great Tusk|Great Tusk, shiny|100/100
|move|p1a: Tentacruel|Rapid Spin|p2a: Great Tusk
|-damage|p2a: Great Tusk|95/100
|-boost|p1a: Tentacruel|spe|1
|-sideend|p1: kantain1|Stealth Rock|[from] move: Rapid Spin|[of] p1a: Tentacruel
|
|upkeep
|turn|15
|
|t:|1760792482
|move|p1a: Tentacruel|Surf|p2a: Great Tusk
|-supereffective|p2a: Great Tusk
|-damage|p2a: Great Tusk|0 fnt
|faint|p2a: Great Tusk
|-end|p2a: Great Tusk|Protosynthesis|[silent]
|
|upkeep
|
|t:|1760792485
|switch|p2a: Rillaboom|Rillaboom, M, shiny|100/100
|-fieldstart|move: Grassy Terrain|[from] ability: Grassy Surge|[of] p2a: Rillaboom
|turn|16
|
|t:|1760792489
|move|p1a: Tentacruel|Toxic Spikes|p2a: Rillaboom
|-sidestart|p2: wuweiwushi11|move: Toxic Spikes
|move|p2a: Rillaboom|U-turn|p1a: Tentacruel
|-resisted|p1a: Tentacruel
|-damage|p1a: Tentacruel|67/100
|-enditem|p1a: Tentacruel|Air Balloon
|
|t:|1760792495
|switch|p2a: Ogerpon|Ogerpon-Wellspring, F|100/100|[from] U-turn
|-status|p2a: Ogerpon|psn
|
|-heal|p1a: Tentacruel|73/100|[from] Grassy Terrain
|-damage|p2a: Ogerpon|88/100 psn|[from] psn
|upkeep
|turn|17
|
|t:|1760792512
|switch|p1a: Gholdengo|Gholdengo|100/100
|move|p2a: Ogerpon|Swords Dance|p2a: Ogerpon
|-boost|p2a: Ogerpon|atk|2
|
|-heal|p2a: Ogerpon|94/100 psn|[from] Grassy Terrain
|-damage|p2a: Ogerpon|82/100 psn|[from] psn
|upkeep
|turn|18
|
|t:|1760792519
|move|p2a: Ogerpon|Ivy Cudgel|p1a: Gholdengo|[anim] Ivy Cudgel Water
|-damage|p1a: Gholdengo|0 fnt
|faint|p1a: Gholdengo
|
|-heal|p2a: Ogerpon|88/100 psn|[from] Grassy Terrain
|-damage|p2a: Ogerpon|76/100 psn|[from] psn
|upkeep
|
|t:|1760792529
|switch|p1a: Tentacruel|Tentacruel, M|73/100
|turn|19
|
|t:|1760792533
|move|p1a: Tentacruel|Rapid Spin|p2a: Ogerpon
|-damage|p2a: Ogerpon|65/100 psn
|-boost|p1a: Tentacruel|spe|1
|move|p2a: Ogerpon|Horn Leech|p1a: Tentacruel
|-damage|p1a: Tentacruel|0 fnt
|-heal|p2a: Ogerpon|100/100 psn|[from] drain|[of] p1a: Tentacruel
|faint|p1a: Tentacruel
|
|-damage|p2a: Ogerpon|88/100 psn|[from] psn
|upkeep
|
|t:|1760792542
|switch|p1a: Iron Valiant|Iron Valiant|100/100
|turn|20
|
|t:|1760792546
|move|p1a: Iron Valiant|Close Combat|p2a: Ogerpon
|-damage|p2a: Ogerpon|13/100 psn
|-unboost|p1a: Iron Valiant|def|1
|-unboost|p1a: Iron Valiant|spd|1
|move|p2a: Ogerpon|Ivy Cudgel|p1a: Iron Valiant|[anim] Ivy Cudgel Water
|-crit|p1a: Iron Valiant
|-damage|p1a: Iron Valiant|0 fnt
|faint|p1a: Iron Valiant
|-end|p1a: Iron Valiant|Quark Drive|[silent]
|
|-heal|p2a: Ogerpon|19/100 psn|[from] Grassy Terrain
|-damage|p2a: Ogerpon|7/100 psn|[from] psn
|upkeep
|-message|kantain1 forfeited.
|
|win|wuweiwushi11
|raw|kantain1's rating: 1239 &rarr; <strong>1217</strong><br />(-22 for losing)
|raw|wuweiwushi11's rating: 1287 &rarr; <strong>1309</strong><br />(+22 for winning)
|l|☆kantain1
|player|p1|
|l|☆wuweiwushi11
|player|p2|
