|j|☆lize910
|j|☆hehe moon
|t:|1760725667
|gametype|singles
|player|p1|lize910|gambler|1309
|player|p2|hehe moon|cheryl|1313
|gen|9
|tier|[Gen 9] OU
|rated|
|rule|HP Percentage Mod: HP is shown in percentages
|rule|Endless Battle Clause: Forcing endless battles is banned
|rule|Species Clause: Limit one of each Pokémon
|rule|OHKO Clause: OHKO moves are banned
|rule|Evasion Items Clause: Evasion items are banned
|rule|Evasion Moves Clause: Evasion moves are banned
|rule|Evasion Abilities Clause: Evasion abilities are banned
|rule|Sleep Moves Clause: Sleep-inducing moves are banned
|clearpoke
|poke|p1|Skeledirge, F|
|poke|p1|Zapdos|
|poke|p1|Sableye, M|
|poke|p1|Rillaboom, F|
|poke|p1|Iron Treads|
|poke|p1|Dragapult, F|
|poke|p2|Araquanid, F|
|poke|p2|Gholdengo|
|poke|p2|Kingambit, M|
|poke|p2|Iron Moth|
|poke|p2|Raging Bolt|
|poke|p2|Enamorus, F|
|teampreview
|inactive|Battle timer is ON: inactive players will automatically lose when time's up. (requested by hehe moon)
|
|t:|1760725680
|teamsize|p1|6
|teamsize|p2|6
|start
|switch|p1a: Sableye|Sableye, M|100/100
|switch|p2a: Enamorus|Enamorus, F|100/100
|turn|1
|
|t:|1760725683
|switch|p1a: Iron Treads|Iron Treads|100/100
|move|p2a: Enamorus|Moonblast|p1a: Iron Treads
|-resisted|p1a: Iron Treads
|-damage|p1a: Iron Treads|49/100
|
|upkeep
|turn|2
|
|t:|1760725689
|-end|p1a: Iron Treads|Quark Drive|[silent]
|switch|p1a: Skeledirge|Skeledirge, F|100/100
|move|p2a: Enamorus|Moonblast|p1a: Skeledirge
|-resisted|p1a: Skeledirge
|-damage|p1a: Skeledirge|69/100
|-unboost|p1a: Skeledirge|spa|1
|
|-heal|p1a: Skeledirge|75/100|[from] item: Leftovers
|upkeep
|turn|3
|
|t:|1760725694
|switch|p2a: Araquanid|Araquanid, F|100/100
|move|p1a: Skeledirge|Torch Song|p2a: Araquanid
|-damage|p2a: Araquanid|92/100
|-boost|p1a: Skeledirge|spa|1
|
|-heal|p1a: Skeledirge|82/100|[from] item: Leftovers
|upkeep
|turn|4
|
|t:|1760725697
|switch|p1a: Rillaboom|Rillaboom, F|100/100
|-fieldstart|move: Grassy Terrain|[from] ability: Grassy Surge|[of] p1a: Rillaboom
|move|p2a: Araquanid|Surf|p1a: Rillaboom
|-resisted|p1a: Rillaboom
|-damage|p1a: Rillaboom|66/100
|
|-heal|p1a: Rillaboom|72/100|[from] Grassy Terrain
|-heal|p2a: Araquanid|98/100|[from] Grassy Terrain
|upkeep
|turn|5
|
|t:|1760725704
|move|p1a: Rillaboom|High Horsepower|p2a: Araquanid
|-resisted|p2a: Araquanid
|-damage|p2a: Araquanid|77/100
|-damage|p1a: Rillaboom|62/100|[from] item: Life Orb
|move|p2a: Araquanid|Sticky Web|p1a: Rillaboom
|-sidestart|p1: lize910|move: Sticky Web
|
|-heal|p1a: Rillaboom|68/100|[from] Grassy Terrain
|-heal|p2a: Araquanid|83/100|[from] Grassy Terrain
|upkeep
|turn|6
|
|t:|1760725708
|move|p1a: Rillaboom|Wood Hammer|p2a: Araquanid
|-damage|p2a: Araquanid|0 fnt
|faint|p2a: Araquanid
|-damage|p1a: Rillaboom|41/100|[from] Recoil
|-damage|p1a: Rillaboom|31/100|[from] item: Life Orb
|
|-heal|p1a: Rillaboom|37/100|[from] Grassy Terrain
|upkeep
|
|t:|1760725712
|switch|p2a: Enamorus|Enamorus, F|100/100
|turn|7
|
|t:|1760725718
|switch|p1a: Skeledirge|Skeledirge, F|82/100
|-activate|p1a: Skeledirge|move: Sticky Web
|-unboost|p1a: Skeledirge|spe|1
|move|p2a: Enamorus|Moonblast|p1a: Skeledirge
|-resisted|p1a: Skeledirge
|-damage|p1a: Skeledirge|51/100
|-unboost|p1a: Skeledirge|spa|1
|
|-heal|p1a: Skeledirge|57/100|[from] Grassy Terrain
|-heal|p1a: Skeledirge|63/100|[from] item: Leftovers
|upkeep
|turn|8
|
|t:|1760725724
|switch|p2a: Iron Moth|Iron Moth|100/100
|-enditem|p2a: Iron Moth|Booster Energy
|-activate|p2a: Iron Moth|ability: Quark Drive|[fromitem]
|-start|p2a: Iron Moth|quarkdrivespe
|move|p1a: Skeledirge|Torch Song|p2a: Iron Moth
|-resisted|p2a: Iron Moth
|-damage|p2a: Iron Moth|90/100
|-boost|p1a: Skeledirge|spa|1
|
|-heal|p2a: Iron Moth|96/100|[from] Grassy Terrain
|-heal|p1a: Skeledirge|69/100|[from] Grassy Terrain
|-heal|p1a: Skeledirge|75/100|[from] item: Leftovers
|-fieldend|move: Grassy Terrain
|upkeep
|turn|9
|
|t:|1760725727
|move|p2a: Iron Moth|Substitute|p2a: Iron Moth
|-start|p2a: Iron Moth|Substitute
|-damage|p2a: Iron Moth|71/100
|move|p1a: Skeledirge|Slack Off|p1a: Skeledirge
|-heal|p1a: Skeledirge|100/100
|
|upkeep
|turn|10
|
|t:|1760725730
|move|p2a: Iron Moth|Fiery Dance|p1a: Skeledirge
|-resisted|p1a: Skeledirge
|-damage|p1a: Skeledirge|85/100
|move|p1a: Skeledirge|Torch Song|p2a: Iron Moth
|-resisted|p2a: Iron Moth
|-damage|p2a: Iron Moth|57/100
|-boost|p1a: Skeledirge|spa|1
|
|-heal|p1a: Skeledirge|91/100|[from] item: Leftovers
|upkeep
|turn|11
|
|t:|1760725733
|move|p2a: Iron Moth|Sludge Wave|p1a: Skeledirge
|-resisted|p1a: Skeledirge
|-damage|p1a: Skeledirge|71/100
|move|p1a: Skeledirge|Torch Song|p2a: Iron Moth
|-resisted|p2a: Iron Moth
|-damage|p2a: Iron Moth|31/100
|-boost|p1a: Skeledirge|spa|1
|
|-heal|p1a: Skeledirge|77/100|[from] item: Leftovers
|upkeep
|turn|12
|
|t:|1760725736
|move|p2a: Iron Moth|Sludge Wave|p1a: Skeledirge
|-resisted|p1a: Skeledirge
|-damage|p1a: Skeledirge|57/100
|move|p1a: Skeledirge|Hex|p2a: Iron Moth
|-end|p2a: Iron Moth|Substitute
|
|-heal|p1a: Skeledirge|63/100|[from] item: Leftovers
|upkeep
|turn|13
|
|t:|1760725738
|move|p2a: Iron Moth|Sludge Wave|p1a: Skeledirge
|-resisted|p1a: Skeledirge
|-damage|p1a: Skeledirge|46/100
|move|p1a: Skeledirge|Hex|p2a: Iron Moth
|-damage|p2a: Iron Moth|0 fnt
|faint|p2a: Iron Moth
|-end|p2a: Iron Moth|Quark Drive|[silent]
|
|-heal|p1a: Skeledirge|52/100|[from] item: Leftovers
|upkeep
|
|t:|1760725743
|switch|p2a: Gholdengo|Gholdengo|100/100
|-item|p2a: Gholdengo|Air Balloon
|turn|14
|
|t:|1760725749
|-terastallize|p1a: Skeledirge|Grass
|move|p2a: Gholdengo|Shadow Ball|p1a: Skeledirge
|-damage|p1a: Skeledirge|19/100
|move|p1a: Skeledirge|Slack Off|p1a: Skeledirge
|-heal|p1a: Skeledirge|69/100
|
|-heal|p1a: Skeledirge|75/100|[from] item: Leftovers
|upkeep
|turn|15
|
|t:|1760725769
|move|p2a: Gholdengo|Make It Rain|p1a: Skeledirge
|-damage|p1a: Skeledirge|24/100
|-unboost|p2a: Gholdengo|spa|1
|move|p1a: Skeledirge|Torch Song|p2a: Gholdengo
|-supereffective|p2a: Gholdengo
|-damage|p2a: Gholdengo|0 fnt
|-boost|p1a: Skeledirge|spa|1
|-enditem|p2a: Gholdengo|Air Balloon
|faint|p2a: Gholdengo
|
|-heal|p1a: Skeledirge|30/100|[from] item: Leftovers
|upkeep
|
|t:|1760725773
|switch|p2a: Enamorus|Enamorus, F|100/100
|turn|16
|
|t:|1760725784
|move|p2a: Enamorus|Moonblast|p1a: Skeledirge
|-damage|p1a: Skeledirge|0 fnt
|faint|p1a: Skeledirge
|
|upkeep
|
|t:|1760725798
|switch|p1a: Zapdos|Zapdos|100/100
|turn|17
|
|t:|1760725802
|switch|p2a: Raging Bolt|Raging Bolt|100/100
|-enditem|p2a: Raging Bolt|Booster Energy
|-activate|p2a: Raging Bolt|ability: Protosynthesis|[fromitem]
|-start|p2a: Raging Bolt|protosynthesisspa
|move|p1a: Zapdos|Hurricane|p2a: Raging Bolt
|-resisted|p2a: Raging Bolt
|-damage|p2a: Raging Bolt|76/100
|-start|p2a: Raging Bolt|confusion
|
|upkeep
|turn|18
|
|t:|1760725805
|move|p1a: Zapdos|U-turn|p2a: Raging Bolt
|-damage|p2a: Raging Bolt|64/100
|
|t:|1760725807
|switch|p1a: Iron Treads|Iron Treads|49/100|[from] U-turn
|-activate|p1a: Iron Treads|move: Sticky Web
|-unboost|p1a: Iron Treads|spe|1
|-activate|p2a: Raging Bolt|confusion
|-damage|p2a: Raging Bolt|59/100|[from] confusion
|
|upkeep
|turn|19
|
|t:|1760725812
|-activate|p2a: Raging Bolt|confusion
|move|p2a: Raging Bolt|Dragon Pulse|p1a: Iron Treads
|-resisted|p1a: Iron Treads
|-damage|p1a: Iron Treads|6/100
|move|p1a: Iron Treads|Ice Spinner|p2a: Raging Bolt
|-supereffective|p2a: Raging Bolt
|-damage|p2a: Raging Bolt|0 fnt
|faint|p2a: Raging Bolt
|-end|p2a: Raging Bolt|Protosynthesis|[silent]
|
|upkeep
|
|t:|1760725815
|switch|p2a: Enamorus|Enamorus, F|100/100
|turn|20
|
|t:|1760725824
|move|p2a: Enamorus|Moonblast|p1a: Iron Treads
|-resisted|p1a: Iron Treads
|-damage|p1a: Iron Treads|0 fnt
|faint|p1a: Iron Treads
|-end|p1a: Iron Treads|Quark Drive|[silent]
|
|upkeep
|
|t:|1760725832
|switch|p1a: Zapdos|Zapdos|100/100
|turn|21
|
|t:|1760725842
|-terastallize|p2a: Enamorus|Stellar
|move|p2a: Enamorus|Moonblast|p1a: Zapdos
|-damage|p1a: Zapdos|0 fnt
|faint|p1a: Zapdos
|
|upkeep
|
|t:|1760725849
|switch|p1a: Rillaboom|Rillaboom, F|37/100
|-activate|p1a: Rillaboom|move: Sticky Web
|-unboost|p1a: Rillaboom|spe|1
|-fieldstart|move: Grassy Terrain|[from] ability: Grassy Surge|[of] p1a: Rillaboom
|turn|22
|
|t:|1760725851
|move|p1a: Rillaboom|Grassy Glide|p2a: Enamorus
|-resisted|p2a: Enamorus
|-damage|p2a: Enamorus|63/100
|-damage|p1a: Rillaboom|27/100|[from] item: Life Orb
|move|p2a: Enamorus|Moonblast|p1a: Rillaboom
|-damage|p1a: Rillaboom|0 fnt
|faint|p1a: Rillaboom
|
|upkeep
|
|t:|1760725854
|switch|p1a: Dragapult|Dragapult, F|100/100
|-activate|p1a: Dragapult|move: Sticky Web
|-unboost|p1a: Dragapult|spe|1
|turn|23
|
|t:|1760725863
|move|p1a: Dragapult|Tera Blast|p2a: Enamorus
|-damage|p2a: Enamorus|40/100
|move|p2a: Enamorus|Moonblast|p1a: Dragapult
|-supereffective|p1a: Dragapult
|-damage|p1a: Dragapult|0 fnt
|faint|p1a: Dragapult
|
|upkeep
|-message|lize910 forfeited.
|
|win|hehe moon
|raw|lize910's rating: 1309 &rarr; <strong>1289</strong><br />(-20 for losing)
|raw|hehe moon's rating: 1313 &rarr; <strong>1333</strong><br />(+20 for winning)
|l|☆lize910
|player|p1|
|l|☆hehe moon
|player|p2|
