|j|☆hubcap13
|j|☆Rat Conjoe
|t:|1760762182
|gametype|singles
|player|p1|hubcap13|blue|1085
|player|p2|Rat Conjoe|dawn|1103
|gen|9
|tier|[Gen 9] OU
|rated|
|rule|HP Percentage Mod: HP is shown in percentages
|rule|Endless Battle Clause: Forcing endless battles is banned
|rule|Species Clause: Limit one of each Pokémon
|rule|OHKO Clause: OHKO moves are banned
|rule|Evasion Items Clause: Evasion items are banned
|rule|Evasion Moves Clause: Evasion moves are banned
|rule|Evasion Abilities Clause: Evasion abilities are banned
|rule|Sleep Moves Clause: Sleep-inducing moves are banned
|clearpoke
|poke|p1|Garganacl, F|
|poke|p1|Dragapult, F|
|poke|p1|Ogerpon-Wellspring, F|
|poke|p1|Moltres|
|poke|p1|Zamazenta-*|
|poke|p1|Iron Treads|
|poke|p2|Flygon, M|
|poke|p2|Ceruledge, M|
|poke|p2|Umbreon, F|
|poke|p2|Eelektross, F|
|poke|p2|Scizor, M|
|poke|p2|Meowscarada, F|
|teampreview
|inactive|Battle timer is ON: inactive players will automatically lose when time's up. (requested by hubcap13)
|
|t:|1760762194
|teamsize|p1|6
|teamsize|p2|6
|start
|switch|p1a: Iron Treads|Iron Treads, shiny|100/100
|switch|p2a: Eelektross|Eelektross, F|100/100
|turn|1
|
|t:|1760762199
|move|p1a: Iron Treads|Stealth Rock|p2a: Eelektross
|-sidestart|p2: Rat Conjoe|move: Stealth Rock
|move|p2a: Eelektross|Flamethrower|p1a: Iron Treads
|-supereffective|p1a: Iron Treads
|-damage|p1a: Iron Treads|56/100
|
|-heal|p1a: Iron Treads|62/100|[from] item: Leftovers
|upkeep
|turn|2
|
|t:|1760762206
|move|p1a: Iron Treads|Knock Off|p2a: Eelektross
|-damage|p2a: Eelektross|75/100
|-enditem|p2a: Eelektross|Assault Vest|[from] move: Knock Off|[of] p1a: Iron Treads
|move|p2a: Eelektross|Knock Off|p1a: Iron Treads
|-damage|p1a: Iron Treads|41/100
|-enditem|p1a: Iron Treads|Leftovers|[from] move: Knock Off|[of] p2a: Eelektross
|
|upkeep
|turn|3
|
|t:|1760762217
|move|p1a: Iron Treads|Earthquake|p2a: Eelektross
|-immune|p2a: Eelektross|[from] ability: Levitate
|move|p2a: Eelektross|Flamethrower|p1a: Iron Treads
|-supereffective|p1a: Iron Treads
|-damage|p1a: Iron Treads|0 fnt
|faint|p1a: Iron Treads
|-end|p1a: Iron Treads|Quark Drive|[silent]
|
|upkeep
|
|t:|1760762233
|switch|p1a: Garganacl|Garganacl, F|100/100
|turn|4
|
|t:|1760762238
|move|p2a: Eelektross|Giga Drain|p1a: Garganacl
|-supereffective|p1a: Garganacl
|-damage|p1a: Garganacl|71/100
|-heal|p2a: Eelektross|91/100|[from] drain|[of] p1a: Garganacl
|move|p1a: Garganacl|Salt Cure|p2a: Eelektross
|-damage|p2a: Eelektross|75/100
|-start|p2a: Eelektross|Salt Cure
|
|-heal|p1a: Garganacl|77/100|[from] item: Leftovers
|-damage|p2a: Eelektross|63/100|[from] Salt Cure
|upkeep
|turn|5
|
|t:|1760762248
|move|p2a: Eelektross|Knock Off|p1a: Garganacl
|-damage|p1a: Garganacl|61/100
|-enditem|p1a: Garganacl|Leftovers|[from] move: Knock Off|[of] p2a: Eelektross
|move|p1a: Garganacl|Iron Defense|p1a: Garganacl
|-boost|p1a: Garganacl|def|2
|
|-damage|p2a: Eelektross|51/100|[from] Salt Cure
|upkeep
|turn|6
|
|t:|1760762261
|move|p2a: Eelektross|Volt Switch|p1a: Garganacl
|-damage|p1a: Garganacl|38/100
|
|t:|1760762264
|switch|p2a: Meowscarada|Meowscarada, F|100/100|[from] Volt Switch
|-damage|p2a: Meowscarada|88/100|[from] Stealth Rock
|move|p1a: Garganacl|Iron Defense|p1a: Garganacl
|-boost|p1a: Garganacl|def|2
|
|upkeep
|turn|7
|
|t:|1760762281
|-terastallize|p1a: Garganacl|Electric
|move|p2a: Meowscarada|Flower Trick|p1a: Garganacl
|-start|p2a: Meowscarada|typechange|Grass|[from] ability: Protean
|-crit|p1a: Garganacl
|-damage|p1a: Garganacl|0 fnt
|faint|p1a: Garganacl
|
|upkeep
|
|t:|1760762290
|switch|p1a: Moltres|Moltres, shiny|100/100
|turn|8
|
|t:|1760762295
|switch|p2a: Flygon|Flygon, M|100/100
|-damage|p2a: Flygon|95/100|[from] Stealth Rock
|move|p1a: Moltres|Will-O-Wisp|p2a: Flygon
|-status|p2a: Flygon|brn
|
|-damage|p2a: Flygon|89/100 brn|[from] brn
|upkeep
|turn|9
|
|t:|1760762304
|move|p2a: Flygon|Stone Edge|p1a: Moltres
|-supereffective|p1a: Moltres
|-crit|p1a: Moltres
|-damage|p1a: Moltres|31/100
|move|p1a: Moltres|Roar|p2a: Flygon
|drag|p2a: Ceruledge|Ceruledge, M|100/100
|-damage|p2a: Ceruledge|76/100|[from] Stealth Rock
|
|upkeep
|turn|10
|
|t:|1760762314
|move|p2a: Ceruledge|Shadow Sneak|p1a: Moltres
|-damage|p1a: Moltres|15/100
|move|p1a: Moltres|Roost|p1a: Moltres
|-heal|p1a: Moltres|65/100
|-singleturn|p1a: Moltres|move: Roost
|
|upkeep
|turn|11
|
|t:|1760762323
|move|p2a: Ceruledge|Shadow Sneak|p1a: Moltres
|-damage|p1a: Moltres|50/100
|move|p1a: Moltres|Flamethrower|p2a: Ceruledge
|-resisted|p2a: Ceruledge
|-damage|p2a: Ceruledge|52/100
|
|upkeep
|turn|12
|
|t:|1760762330
|move|p2a: Ceruledge|Close Combat|p1a: Moltres
|-resisted|p1a: Moltres
|-damage|p1a: Moltres|33/100
|-unboost|p2a: Ceruledge|def|1
|-unboost|p2a: Ceruledge|spd|1
|move|p1a: Moltres|Roost|p1a: Moltres
|-heal|p1a: Moltres|83/100
|-singleturn|p1a: Moltres|move: Roost
|
|upkeep
|turn|13
|
|t:|1760762340
|move|p2a: Ceruledge|Close Combat|p1a: Moltres
|-resisted|p1a: Moltres
|-damage|p1a: Moltres|67/100
|-unboost|p2a: Ceruledge|def|1
|-unboost|p2a: Ceruledge|spd|1
|move|p1a: Moltres|Flamethrower|p2a: Ceruledge
|-resisted|p2a: Ceruledge
|-damage|p2a: Ceruledge|8/100
|
|upkeep
|turn|14
|
|t:|1760762352
|switch|p2a: Eelektross|Eelektross, F|51/100
|-damage|p2a: Eelektross|38/100|[from] Stealth Rock
|move|p1a: Moltres|Roost|p1a: Moltres
|-heal|p1a: Moltres|100/100
|-singleturn|p1a: Moltres|move: Roost
|
|upkeep
|turn|15
|
|t:|1760762360
|move|p1a: Moltres|Flamethrower|p2a: Eelektross
|-damage|p2a: Eelektross|0 fnt
|faint|p2a: Eelektross
|
|upkeep
|
|t:|1760762370
|switch|p2a: Umbreon|Umbreon, F, shiny|100/100
|turn|16
|inactive|hubcap13 has 120 seconds left.
|
|t:|1760762401
|move|p1a: Moltres|Will-O-Wisp|p2a: Umbreon
|-status|p2a: Umbreon|brn
|-activate|p2a: Umbreon|ability: Synchronize
|-immune|p1a: Moltres
|move|p2a: Umbreon|Toxic|p1a: Moltres
|-status|p1a: Moltres|tox
|
|-damage|p1a: Moltres|94/100 tox|[from] psn
|-damage|p2a: Umbreon|94/100 brn|[from] brn
|upkeep
|turn|17
|inactive|hubcap13 has 120 seconds left.
|
|t:|1760762413
|move|p2a: Umbreon|Wish|p2a: Umbreon
|move|p1a: Moltres|Roar|p2a: Umbreon
|drag|p2a: Ceruledge|Ceruledge, M|8/100
|-damage|p2a: Ceruledge|0 fnt|[from] Stealth Rock
|faint|p2a: Ceruledge
|
|-damage|p1a: Moltres|82/100 tox|[from] psn
|upkeep
|
|t:|1760762422
|switch|p2a: Umbreon|Umbreon, F, shiny|94/100 brn
|turn|18
|
|t:|1760762428
|move|p2a: Umbreon|Foul Play|p1a: Moltres
|-damage|p1a: Moltres|72/100 tox
|move|p1a: Moltres|Roar|p2a: Umbreon
|drag|p2a: Meowscarada|Meowscarada, F|88/100
|-damage|p2a: Meowscarada|76/100|[from] Stealth Rock
|
|-heal|p2a: Meowscarada|100/100|[from] move: Wish|[wisher] Umbreon
|-damage|p1a: Moltres|54/100 tox|[from] psn
|upkeep
|turn|19
|inactive|hubcap13 has 120 seconds left.
|inactive|hubcap13 has 90 seconds left.
|
|t:|1760762488
|move|p2a: Meowscarada|Triple Axel|p1a: Moltres
|-start|p2a: Meowscarada|typechange|Ice|[from] ability: Protean
|-crit|p1a: Moltres
|-damage|p1a: Moltres|36/100 tox
|-status|p2a: Meowscarada|brn|[from] ability: Flame Body|[of] p1a: Moltres
|-crit|p1a: Moltres
|-damage|p1a: Moltres|20/100 tox
|-hitcount|p1a: Moltres|2
|move|p1a: Moltres|Will-O-Wisp|p2a: Meowscarada
|-fail|p2a: Meowscarada|brn
|
|-damage|p1a: Moltres|0 fnt|[from] psn
|faint|p1a: Moltres
|-damage|p2a: Meowscarada|94/100 brn|[from] brn
|upkeep
|inactive|hubcap13 has 90 seconds left.
|
|t:|1760762501
|switch|p1a: Zamazenta|Zamazenta, shiny|100/100
|-ability|p1a: Zamazenta|Dauntless Shield|boost
|-boost|p1a: Zamazenta|def|1
|turn|20
|inactive|hubcap13 has 90 seconds left.
|
|t:|1760762511
|switch|p2a: Flygon|Flygon, M|89/100 brn
|-damage|p2a: Flygon|83/100 brn|[from] Stealth Rock
|move|p1a: Zamazenta|Heavy Slam|p2a: Flygon
|-damage|p2a: Flygon|54/100 brn
|
|-damage|p2a: Flygon|48/100 brn|[from] brn
|upkeep
|turn|21
|inactive|hubcap13 has 90 seconds left.
|
|t:|1760762525
|move|p2a: Flygon|Earthquake|p1a: Zamazenta
|-damage|p1a: Zamazenta|87/100
|move|p1a: Zamazenta|Ice Fang|p2a: Flygon
|-supereffective|p2a: Flygon
|-damage|p2a: Flygon|0 fnt
|faint|p2a: Flygon
|
|upkeep
|
|t:|1760762532
|switch|p2a: Umbreon|Umbreon, F, shiny|94/100 brn
|turn|22
|
|t:|1760762539
|-terastallize|p2a: Umbreon|Poison
|move|p1a: Zamazenta|Close Combat|p2a: Umbreon
|-resisted|p2a: Umbreon
|-damage|p2a: Umbreon|70/100 brn
|-unboost|p1a: Zamazenta|def|1
|-unboost|p1a: Zamazenta|spd|1
|move|p2a: Umbreon|Toxic|p1a: Zamazenta
|-status|p1a: Zamazenta|tox
|
|-damage|p1a: Zamazenta|81/100 tox|[from] psn
|-damage|p2a: Umbreon|64/100 brn|[from] brn
|upkeep
|turn|23
|
|t:|1760762550
|move|p1a: Zamazenta|Heavy Slam|p2a: Umbreon
|-damage|p2a: Umbreon|30/100 brn
|move|p2a: Umbreon|Wish|p2a: Umbreon
|
|-damage|p1a: Zamazenta|69/100 tox|[from] psn
|-damage|p2a: Umbreon|24/100 brn|[from] brn
|upkeep
|turn|24
|
|t:|1760762560
|move|p1a: Zamazenta|Heavy Slam|p2a: Umbreon
|-damage|p2a: Umbreon|0 fnt
|faint|p2a: Umbreon
|
|-damage|p1a: Zamazenta|50/100 tox|[from] psn
|upkeep
|
|t:|1760762569
|switch|p2a: Scizor|Scizor, M|100/100
|-damage|p2a: Scizor|88/100|[from] Stealth Rock
|turn|25
|inactive|hubcap13 has 120 seconds left.
|
|t:|1760762576
|move|p2a: Scizor|Bullet Punch|p1a: Zamazenta
|-damage|p1a: Zamazenta|0 fnt
|faint|p1a: Zamazenta
|
|upkeep
|inactive|hubcap13 has 120 seconds left.
|
|t:|1760762583
|switch|p1a: Ogerpon|Ogerpon-Wellspring, F|100/100
|turn|26
|
|t:|1760762590
|move|p2a: Scizor|Bullet Punch|p1a: Ogerpon
|-resisted|p1a: Ogerpon
|-damage|p1a: Ogerpon|74/100
|move|p1a: Ogerpon|Swords Dance|p1a: Ogerpon
|-boost|p1a: Ogerpon|atk|2
|
|upkeep
|turn|27
|
|t:|1760762599
|move|p2a: Scizor|Bullet Punch|p1a: Ogerpon
|-resisted|p1a: Ogerpon
|-damage|p1a: Ogerpon|47/100
|move|p1a: Ogerpon|Ivy Cudgel|p2a: Scizor|[anim] Ivy Cudgel Water
|-damage|p2a: Scizor|0 fnt
|faint|p2a: Scizor
|
|upkeep
|
|t:|1760762606
|switch|p2a: Meowscarada|Meowscarada, F|94/100 brn
|-damage|p2a: Meowscarada|82/100 brn|[from] Stealth Rock
|turn|28
|
|t:|1760762617
|move|p2a: Meowscarada|Triple Axel|p1a: Ogerpon
|-start|p2a: Meowscarada|typechange|Ice|[from] ability: Protean
|-damage|p1a: Ogerpon|39/100
|-damage|p1a: Ogerpon|23/100
|-damage|p1a: Ogerpon|0 fnt
|faint|p1a: Ogerpon
|-hitcount|p1: Ogerpon|3
|
|-damage|p2a: Meowscarada|76/100 brn|[from] brn
|upkeep
|
|t:|1760762624
|switch|p1a: Dragapult|Dragapult, F, shiny|100/100
|turn|29
|
|t:|1760762632
|move|p1a: Dragapult|Hex|p2a: Meowscarada
|-damage|p2a: Meowscarada|0 fnt
|faint|p2a: Meowscarada
|
|win|hubcap13
|raw|hubcap13's rating: 1085 &rarr; <strong>1114</strong><br />(+29 for winning)
|raw|Rat Conjoe's rating: 1103 &rarr; <strong>1077</strong><br />(-26 for losing)
|c|☆Rat Conjoe|GGs
|c|☆hubcap13|gg
|l|☆hubcap13
|player|p1|
|l|☆Rat Conjoe
|player|p2|
