|j|☆Mackoy507
|j|☆the flavius
|t:|1760878831
|gametype|singles
|player|p1|Mackoy507|nate|1331
|player|p2|the flavius|aaron|1347
|gen|9
|tier|[Gen 9] OU
|rated|
|rule|HP Percentage Mod: HP is shown in percentages
|rule|Endless Battle Clause: Forcing endless battles is banned
|rule|Species Clause: Limit one of each Pokémon
|rule|OHKO Clause: OHKO moves are banned
|rule|Evasion Items Clause: Evasion items are banned
|rule|Evasion Moves Clause: Evasion moves are banned
|rule|Evasion Abilities Clause: Evasion abilities are banned
|rule|Sleep Moves Clause: Sleep-inducing moves are banned
|clearpoke
|poke|p1|Alomomola, F|
|poke|p1|Great Tusk|
|poke|p1|Dondozo, F|
|poke|p1|Blissey, F|
|poke|p1|Heatran, F|
|poke|p1|Ogerpon-Wellspring, F|
|poke|p2|Mismagius, M|
|poke|p2|Lilligant, F|
|poke|p2|Salazzle, F|
|poke|p2|Torkoal, F|
|poke|p2|Milotic, M|
|poke|p2|Flygon, M|
|teampreview
|inactive|Battle timer is ON: inactive players will automatically lose when time's up. (requested by the flavius)
|
|t:|1760878838
|teamsize|p1|6
|teamsize|p2|6
|start
|switch|p1a: Heatran|Heatran, F|100/100
|switch|p2a: Light Shower|Torkoal, F|100/100
|-weather|SunnyDay|[from] ability: Drought|[of] p2a: Light Shower
|turn|1
|
|t:|1760878845
|switch|p2a: Rain|Milotic, M|100/100
|move|p1a: Heatran|Earth Power|p2a: Rain
|-damage|p2a: Rain|80/100
|
|-weather|SunnyDay|[upkeep]
|-heal|p2a: Rain|86/100|[from] item: Leftovers
|upkeep
|turn|2
|
|t:|1760878850
|switch|p1a: Ogerpon|Ogerpon-Wellspring, F|100/100
|move|p2a: Rain|Wrap|p1a: Ogerpon
|-damage|p1a: Ogerpon|98/100
|-activate|p1a: Ogerpon|move: Wrap|[of] p2a: Rain
|
|-weather|SunnyDay|[upkeep]
|-heal|p2a: Rain|92/100|[from] item: Leftovers
|-damage|p1a: Ogerpon|85/100|[from] move: Wrap|[partiallytrapped]
|upkeep
|turn|3
|
|t:|1760878856
|switch|p2a: Light Shower|Torkoal, F|100/100
|move|p1a: Ogerpon|Encore||[still]
|-fail|p1a: Ogerpon
|
|-weather|SunnyDay|[upkeep]
|-end|p1a: Ogerpon|Wrap|[partiallytrapped]|[silent]
|upkeep
|turn|4
|
|t:|1760878867
|switch|p1a: Heatran|Heatran, F|100/100
|move|p2a: Light Shower|Stealth Rock|p1a: Heatran
|-sidestart|p1: Mackoy507|move: Stealth Rock
|
|-weather|SunnyDay|[upkeep]
|upkeep
|turn|5
|
|t:|1760878873
|switch|p2a: Rain|Milotic, M|92/100
|move|p1a: Heatran|Earth Power|p2a: Rain
|-damage|p2a: Rain|73/100
|
|-weather|none
|-heal|p2a: Rain|79/100|[from] item: Leftovers
|upkeep
|turn|6
|
|t:|1760878881
|switch|p1a: Ogerpon|Ogerpon-Wellspring, F|85/100
|-damage|p1a: Ogerpon|73/100|[from] Stealth Rock
|move|p2a: Rain|Wrap|p1a: Ogerpon
|-damage|p1a: Ogerpon|70/100
|-activate|p1a: Ogerpon|move: Wrap|[of] p2a: Rain
|
|-heal|p2a: Rain|85/100|[from] item: Leftovers
|-damage|p1a: Ogerpon|58/100|[from] move: Wrap|[partiallytrapped]
|upkeep
|turn|7
|
|t:|1760878893
|switch|p2a: Light Shower|Torkoal, F|100/100
|-weather|SunnyDay|[from] ability: Drought|[of] p2a: Light Shower
|move|p1a: Ogerpon|Ivy Cudgel|p2a: Light Shower|[anim] Ivy Cudgel Water
|-supereffective|p2a: Light Shower
|-damage|p2a: Light Shower|67/100
|
|-weather|SunnyDay|[upkeep]
|-end|p1a: Ogerpon|Wrap|[partiallytrapped]|[silent]
|upkeep
|turn|8
|
|t:|1760878900
|switch|p2a: Sabrina|Lilligant, F|100/100
|move|p1a: Ogerpon|Ivy Cudgel|p2a: Sabrina|[anim] Ivy Cudgel Water
|-resisted|p2a: Sabrina
|-damage|p2a: Sabrina|77/100
|
|-weather|SunnyDay|[upkeep]
|upkeep
|turn|9
|
|t:|1760878904
|move|p2a: Sabrina|Solar Beam||[still]
|-prepare|p2a: Sabrina|Solar Beam
|-anim|p2a: Sabrina|Solar Beam|p1a: Ogerpon
|-damage|p1a: Ogerpon|0 fnt
|faint|p1a: Ogerpon
|
|-weather|SunnyDay|[upkeep]
|upkeep
|
|t:|1760878909
|switch|p1a: Blissey|Blissey, F|100/100
|-damage|p1a: Blissey|88/100|[from] Stealth Rock
|turn|10
|
|t:|1760878912
|switch|p2a: Wiccano|Mismagius, M|100/100
|move|p1a: Blissey|Thunder Wave|p2a: Wiccano
|-status|p2a: Wiccano|par
|
|-weather|SunnyDay|[upkeep]
|-heal|p1a: Blissey|94/100|[from] item: Leftovers
|upkeep
|turn|11
|
|t:|1760878929
|switch|p1a: Alomomola|Alomomola, F|100/100
|-damage|p1a: Alomomola|88/100|[from] Stealth Rock
|cant|p2a: Wiccano|par
|
|-weather|none
|upkeep
|turn|12
|
|t:|1760878936
|move|p2a: Wiccano|Trick|p1a: Alomomola
|-activate|p2a: Wiccano|move: Trick|[of] p1a: Alomomola
|-item|p1a: Alomomola|Choice Scarf|[from] move: Trick
|-item|p2a: Wiccano|Rocky Helmet|[from] move: Trick
|move|p1a: Alomomola|Flip Turn|p2a: Wiccano
|-damage|p2a: Wiccano|74/100 par
|-damage|p1a: Alomomola|71/100|[from] item: Rocky Helmet|[of] p2a: Wiccano
|
|t:|1760878948
|switch|p1a: Great Tusk|Great Tusk|100/100|[from] Flip Turn
|-damage|p1a: Great Tusk|98/100|[from] Stealth Rock
|
|-heal|p1a: Great Tusk|100/100|[from] item: Leftovers
|upkeep
|turn|13
|
|t:|1760878953
|move|p1a: Great Tusk|Headlong Rush|p2a: Wiccano
|-immune|p2a: Wiccano|[from] ability: Levitate
|move|p2a: Wiccano|Will-O-Wisp|p1a: Great Tusk
|-status|p1a: Great Tusk|brn
|
|-damage|p1a: Great Tusk|94/100 brn|[from] brn
|upkeep
|turn|14
|
|t:|1760878961
|-end|p1a: Great Tusk|Protosynthesis|[silent]
|switch|p1a: Blissey|Blissey, F|94/100
|-damage|p1a: Blissey|82/100|[from] Stealth Rock
|move|p2a: Wiccano|Destiny Bond|p2a: Wiccano
|-singlemove|p2a: Wiccano|Destiny Bond
|
|-heal|p1a: Blissey|88/100|[from] item: Leftovers
|upkeep
|turn|15
|
|t:|1760878969
|move|p2a: Wiccano|Trick|p1a: Blissey
|-activate|p2a: Wiccano|move: Trick|[of] p1a: Blissey
|-item|p1a: Blissey|Rocky Helmet|[from] move: Trick
|-item|p2a: Wiccano|Leftovers|[from] move: Trick
|move|p1a: Blissey|Heal Bell|p1a: Blissey
|-activate|p1a: Blissey|move: Heal Bell
|-curestatus|p1: Great Tusk|brn|[msg]
|
|-heal|p2a: Wiccano|80/100 par|[from] item: Leftovers
|upkeep
|turn|16
|
|t:|1760878977
|switch|p1a: Great Tusk|Great Tusk|94/100
|-damage|p1a: Great Tusk|91/100|[from] Stealth Rock
|move|p2a: Wiccano|Shadow Ball|p1a: Great Tusk
|-damage|p1a: Great Tusk|40/100
|
|-heal|p1a: Great Tusk|46/100|[from] item: Leftovers
|-heal|p2a: Wiccano|86/100 par|[from] item: Leftovers
|upkeep
|turn|17
|
|t:|1760878985
|move|p1a: Great Tusk|Ice Spinner|p2a: Wiccano
|-damage|p2a: Wiccano|28/100 par
|move|p2a: Wiccano|Will-O-Wisp|p1a: Great Tusk
|-status|p1a: Great Tusk|brn
|
|-heal|p1a: Great Tusk|52/100 brn|[from] item: Leftovers
|-heal|p2a: Wiccano|34/100 par|[from] item: Leftovers
|-damage|p1a: Great Tusk|46/100 brn|[from] brn
|upkeep
|turn|18
|
|t:|1760878995
|-end|p1a: Great Tusk|Protosynthesis|[silent]
|switch|p1a: Alomomola|Alomomola, F|100/100
|-damage|p1a: Alomomola|88/100|[from] Stealth Rock
|move|p2a: Wiccano|Shadow Ball|p1a: Alomomola
|-damage|p1a: Alomomola|46/100
|
|-heal|p2a: Wiccano|40/100 par|[from] item: Leftovers
|upkeep
|turn|19
|
|t:|1760879004
|move|p1a: Alomomola|Wish|p1a: Alomomola
|move|p2a: Wiccano|Shadow Ball|p1a: Alomomola
|-damage|p1a: Alomomola|3/100
|
|-heal|p2a: Wiccano|46/100 par|[from] item: Leftovers
|upkeep
|turn|20
|
|t:|1760879016
|switch|p1a: Great Tusk|Great Tusk|46/100 brn
|-damage|p1a: Great Tusk|43/100 brn|[from] Stealth Rock
|switch|p2a: Light Shower|Torkoal, F|67/100
|-weather|SunnyDay|[from] ability: Drought|[of] p2a: Light Shower
|-activate|p1a: Great Tusk|ability: Protosynthesis
|-start|p1a: Great Tusk|protosynthesisatk
|
|-weather|SunnyDay|[upkeep]
|-heal|p1a: Great Tusk|100/100 brn|[from] move: Wish|[wisher] Alomomola
|-damage|p1a: Great Tusk|94/100 brn|[from] brn
|upkeep
|turn|21
|
|t:|1760879023
|switch|p2a: Wiccano|Mismagius, M|46/100 par
|move|p1a: Great Tusk|Headlong Rush|p2a: Wiccano
|-immune|p2a: Wiccano|[from] ability: Levitate
|
|-weather|SunnyDay|[upkeep]
|-heal|p1a: Great Tusk|100/100 brn|[from] item: Leftovers
|-heal|p2a: Wiccano|53/100 par|[from] item: Leftovers
|-damage|p1a: Great Tusk|94/100 brn|[from] brn
|upkeep
|turn|22
|
|t:|1760879029
|move|p1a: Great Tusk|Ice Spinner|p2a: Wiccano
|-damage|p2a: Wiccano|17/100 par
|move|p2a: Wiccano|Shadow Ball|p1a: Great Tusk
|-damage|p1a: Great Tusk|38/100 brn
|
|-weather|SunnyDay|[upkeep]
|-heal|p1a: Great Tusk|44/100 brn|[from] item: Leftovers
|-heal|p2a: Wiccano|23/100 par|[from] item: Leftovers
|-damage|p1a: Great Tusk|38/100 brn|[from] brn
|upkeep
|turn|23
|
|t:|1760879039
|switch|p2a: Moon cycle|Salazzle, F|100/100
|move|p1a: Great Tusk|Ice Spinner|p2a: Moon cycle
|-resisted|p2a: Moon cycle
|-damage|p2a: Moon cycle|84/100
|
|-weather|SunnyDay|[upkeep]
|-heal|p1a: Great Tusk|44/100 brn|[from] item: Leftovers
|-damage|p1a: Great Tusk|38/100 brn|[from] brn
|upkeep
|turn|24
|
|t:|1760879043
|-end|p1a: Great Tusk|Protosynthesis|[silent]
|switch|p1a: Blissey|Blissey, F|88/100
|-damage|p1a: Blissey|75/100|[from] Stealth Rock
|move|p2a: Moon cycle|Flamethrower|p1a: Blissey
|-damage|p1a: Blissey|52/100
|
|-weather|none
|upkeep
|turn|25
|
|t:|1760879051
|move|p2a: Moon cycle|Toxic|p1a: Blissey
|-status|p1a: Blissey|tox
|move|p1a: Blissey|Thunder Wave|p2a: Moon cycle
|-status|p2a: Moon cycle|par
|
|-damage|p1a: Blissey|46/100 tox|[from] psn
|upkeep
|turn|26
|
|t:|1760879056
|switch|p2a: Rain|Milotic, M|85/100
|move|p1a: Blissey|Heal Bell|p1a: Blissey
|-activate|p1a: Blissey|move: Heal Bell
|-curestatus|p1a: Blissey|tox|[msg]
|-curestatus|p1: Great Tusk|brn|[msg]
|
|-heal|p2a: Rain|91/100|[from] item: Leftovers
|upkeep
|turn|27
|
|t:|1760879060
|move|p2a: Rain|Wrap|p1a: Blissey
|-damage|p1a: Blissey|44/100
|-activate|p1a: Blissey|move: Wrap|[of] p2a: Rain
|-damage|p2a: Rain|75/100|[from] item: Rocky Helmet|[of] p1a: Blissey
|move|p1a: Blissey|Soft-Boiled|p1a: Blissey
|-heal|p1a: Blissey|94/100
|
|-heal|p2a: Rain|81/100|[from] item: Leftovers
|-damage|p1a: Blissey|82/100|[from] move: Wrap|[partiallytrapped]
|upkeep
|turn|28
|
|t:|1760879066
|move|p2a: Rain|Scald|p1a: Blissey
|-damage|p1a: Blissey|73/100
|move|p1a: Blissey|Thunder Wave|p2a: Rain
|-status|p2a: Rain|par
|
|-heal|p2a: Rain|87/100 par|[from] item: Leftovers
|-damage|p1a: Blissey|60/100|[from] move: Wrap|[partiallytrapped]
|upkeep
|turn|29
|
|t:|1760879070
|move|p1a: Blissey|Seismic Toss|p2a: Rain
|-damage|p2a: Rain|59/100 par
|cant|p2a: Rain|par
|
|-heal|p2a: Rain|65/100 par|[from] item: Leftovers
|-damage|p1a: Blissey|48/100|[from] move: Wrap|[partiallytrapped]
|upkeep
|turn|30
|
|t:|1760879076
|move|p1a: Blissey|Seismic Toss|p2a: Rain
|-damage|p2a: Rain|38/100 par
|cant|p2a: Rain|par
|
|-heal|p2a: Rain|44/100 par|[from] item: Leftovers
|-damage|p1a: Blissey|35/100|[from] move: Wrap|[partiallytrapped]
|upkeep
|turn|31
|
|t:|1760879082
|move|p1a: Blissey|Soft-Boiled|p1a: Blissey
|-heal|p1a: Blissey|85/100
|move|p2a: Rain|Recover|p2a: Rain
|-heal|p2a: Rain|94/100 par
|
|-heal|p2a: Rain|99/100 par|[from] item: Leftovers
|-damage|p1a: Blissey|73/100|[from] move: Wrap|[partiallytrapped]
|upkeep
|turn|32
|
|t:|1760879091
|move|p1a: Blissey|Seismic Toss|p2a: Rain
|-damage|p2a: Rain|72/100 par
|move|p2a: Rain|Scald|p1a: Blissey
|-damage|p1a: Blissey|64/100
|-status|p1a: Blissey|brn
|
|-heal|p2a: Rain|78/100 par|[from] item: Leftovers
|-damage|p1a: Blissey|57/100 brn|[from] brn
|-end|p1a: Blissey|Wrap|[partiallytrapped]
|upkeep
|turn|33
|
|t:|1760879103
|move|p1a: Blissey|Seismic Toss|p2a: Rain
|-damage|p2a: Rain|51/100 par
|move|p2a: Rain|Wrap|p1a: Blissey
|-damage|p1a: Blissey|55/100 brn
|-activate|p1a: Blissey|move: Wrap|[of] p2a: Rain
|-damage|p2a: Rain|34/100 par|[from] item: Rocky Helmet|[of] p1a: Blissey
|
|-heal|p2a: Rain|40/100 par|[from] item: Leftovers
|-damage|p1a: Blissey|49/100 brn|[from] brn
|-damage|p1a: Blissey|37/100 brn|[from] move: Wrap|[partiallytrapped]
|upkeep
|turn|34
|
|t:|1760879116
|move|p1a: Blissey|Soft-Boiled|p1a: Blissey
|-heal|p1a: Blissey|87/100 brn
|cant|p2a: Rain|par
|
|-heal|p2a: Rain|47/100 par|[from] item: Leftovers
|-damage|p1a: Blissey|81/100 brn|[from] brn
|-damage|p1a: Blissey|68/100 brn|[from] move: Wrap|[partiallytrapped]
|upkeep
|turn|35
|
|t:|1760879120
|move|p1a: Blissey|Heal Bell|p1a: Blissey
|-activate|p1a: Blissey|move: Heal Bell
|-curestatus|p1a: Blissey|brn|[msg]
|move|p2a: Rain|Recover|p2a: Rain
|-heal|p2a: Rain|97/100 par
|
|-heal|p2a: Rain|100/100 par|[from] item: Leftovers
|-damage|p1a: Blissey|56/100|[from] move: Wrap|[partiallytrapped]
|upkeep
|turn|36
|
|t:|1760879129
|switch|p2a: Wiccano|Mismagius, M|23/100 par
|move|p1a: Blissey|Seismic Toss|p2a: Wiccano
|-immune|p2a: Wiccano
|
|-heal|p2a: Wiccano|30/100 par|[from] item: Leftovers
|-end|p1a: Blissey|Wrap|[partiallytrapped]|[silent]
|upkeep
|turn|37
|
|t:|1760879136
|switch|p1a: Heatran|Heatran, F|100/100
|-damage|p1a: Heatran|88/100|[from] Stealth Rock
|move|p2a: Wiccano|Will-O-Wisp|p1a: Heatran
|-start|p1a: Heatran|ability: Flash Fire
|
|-heal|p1a: Heatran|94/100|[from] item: Leftovers
|-heal|p2a: Wiccano|36/100 par|[from] item: Leftovers
|upkeep
|turn|38
|
|t:|1760879144
|switch|p2a: Rain|Milotic, M|100/100 par
|move|p1a: Heatran|Flamethrower|p2a: Rain
|-resisted|p2a: Rain
|-crit|p2a: Rain
|-damage|p2a: Rain|69/100 par
|
|-heal|p1a: Heatran|100/100|[from] item: Leftovers
|-heal|p2a: Rain|75/100 par|[from] item: Leftovers
|upkeep
|turn|39
|
|t:|1760879154
|-terastallize|p1a: Heatran|Grass
|move|p1a: Heatran|Earth Power|p2a: Rain
|-damage|p2a: Rain|54/100 par
|-unboost|p2a: Rain|spd|1
|move|p2a: Rain|Wrap|p1a: Heatran
|-damage|p1a: Heatran|98/100
|-activate|p1a: Heatran|move: Wrap|[of] p2a: Rain
|
|-heal|p1a: Heatran|100/100|[from] item: Leftovers
|-heal|p2a: Rain|60/100 par|[from] item: Leftovers
|-damage|p1a: Heatran|88/100|[from] move: Wrap|[partiallytrapped]
|upkeep
|turn|40
|
|t:|1760879166
|move|p1a: Heatran|Earth Power|p2a: Rain
|-damage|p2a: Rain|27/100 par
|move|p2a: Rain|Recover|p2a: Rain
|-heal|p2a: Rain|77/100 par
|
|-heal|p1a: Heatran|94/100|[from] item: Leftovers
|-heal|p2a: Rain|83/100 par|[from] item: Leftovers
|-damage|p1a: Heatran|82/100|[from] move: Wrap|[partiallytrapped]
|upkeep
|turn|41
|
|t:|1760879171
|move|p1a: Heatran|Earth Power|p2a: Rain
|-damage|p2a: Rain|56/100 par
|cant|p2a: Rain|par
|
|-heal|p1a: Heatran|88/100|[from] item: Leftovers
|-heal|p2a: Rain|62/100 par|[from] item: Leftovers
|-damage|p1a: Heatran|76/100|[from] move: Wrap|[partiallytrapped]
|upkeep
|turn|42
|
|t:|1760879175
|move|p1a: Heatran|Earth Power|p2a: Rain
|-damage|p2a: Rain|32/100 par
|move|p2a: Rain|Haze|p2a: Rain
|-clearallboost
|
|-heal|p1a: Heatran|82/100|[from] item: Leftovers
|-heal|p2a: Rain|39/100 par|[from] item: Leftovers
|-damage|p1a: Heatran|70/100|[from] move: Wrap|[partiallytrapped]
|upkeep
|turn|43
|
|t:|1760879184
|move|p1a: Heatran|Earth Power|p2a: Rain
|-damage|p2a: Rain|19/100 par
|move|p2a: Rain|Recover|p2a: Rain
|-heal|p2a: Rain|69/100 par
|
|-heal|p1a: Heatran|76/100|[from] item: Leftovers
|-heal|p2a: Rain|75/100 par|[from] item: Leftovers
|-end|p1a: Heatran|Wrap|[partiallytrapped]
|upkeep
|turn|44
|
|t:|1760879190
|move|p1a: Heatran|Earth Power|p2a: Rain
|-damage|p2a: Rain|57/100 par
|move|p2a: Rain|Wrap|p1a: Heatran
|-damage|p1a: Heatran|73/100
|-activate|p1a: Heatran|move: Wrap|[of] p2a: Rain
|
|-heal|p1a: Heatran|79/100|[from] item: Leftovers
|-heal|p2a: Rain|63/100 par|[from] item: Leftovers
|-damage|p1a: Heatran|67/100|[from] move: Wrap|[partiallytrapped]
|upkeep
|turn|45
|
|t:|1760879194
|move|p1a: Heatran|Earth Power|p2a: Rain
|-damage|p2a: Rain|43/100 par
|move|p2a: Rain|Scald|p1a: Heatran
|-resisted|p1a: Heatran
|-damage|p1a: Heatran|53/100
|
|-heal|p1a: Heatran|59/100|[from] item: Leftovers
|-heal|p2a: Rain|49/100 par|[from] item: Leftovers
|-damage|p1a: Heatran|47/100|[from] move: Wrap|[partiallytrapped]
|upkeep
|turn|46
|
|t:|1760879203
|move|p1a: Heatran|Earth Power|p2a: Rain
|-damage|p2a: Rain|29/100 par
|move|p2a: Rain|Recover|p2a: Rain
|-heal|p2a: Rain|79/100 par
|
|-heal|p1a: Heatran|53/100|[from] item: Leftovers
|-heal|p2a: Rain|85/100 par|[from] item: Leftovers
|-damage|p1a: Heatran|40/100|[from] move: Wrap|[partiallytrapped]
|upkeep
|turn|47
|
|t:|1760879209
|move|p1a: Heatran|Earth Power|p2a: Rain
|-damage|p2a: Rain|67/100 par
|move|p2a: Rain|Scald|p1a: Heatran
|-resisted|p1a: Heatran
|-damage|p1a: Heatran|28/100
|
|-heal|p1a: Heatran|34/100|[from] item: Leftovers
|-heal|p2a: Rain|73/100 par|[from] item: Leftovers
|-damage|p1a: Heatran|22/100|[from] move: Wrap|[partiallytrapped]
|upkeep
|turn|48
|
|t:|1760879219
|move|p1a: Heatran|Earth Power|p2a: Rain
|-damage|p2a: Rain|51/100 par
|move|p2a: Rain|Scald|p1a: Heatran
|-resisted|p1a: Heatran
|-damage|p1a: Heatran|9/100
|-status|p1a: Heatran|brn
|
|-heal|p1a: Heatran|15/100 brn|[from] item: Leftovers
|-heal|p2a: Rain|57/100 par|[from] item: Leftovers
|-damage|p1a: Heatran|9/100 brn|[from] brn
|-damage|p1a: Heatran|0 fnt|[from] move: Wrap|[partiallytrapped]
|faint|p1a: Heatran
|upkeep
|
|t:|1760879227
|switch|p1a: Great Tusk|Great Tusk|38/100
|-damage|p1a: Great Tusk|35/100|[from] Stealth Rock
|turn|49
|
|t:|1760879233
|switch|p2a: Wiccano|Mismagius, M|36/100 par
|move|p1a: Great Tusk|Rapid Spin|p2a: Wiccano
|-immune|p2a: Wiccano
|
|-heal|p1a: Great Tusk|41/100|[from] item: Leftovers
|-heal|p2a: Wiccano|42/100 par|[from] item: Leftovers
|upkeep
|turn|50
|
|t:|1760879237
|switch|p2a: Light Shower|Torkoal, F|67/100
|-weather|SunnyDay|[from] ability: Drought|[of] p2a: Light Shower
|-activate|p1a: Great Tusk|ability: Protosynthesis
|-start|p1a: Great Tusk|protosynthesisatk
|move|p1a: Great Tusk|Ice Spinner|p2a: Light Shower
|-resisted|p2a: Light Shower
|-damage|p2a: Light Shower|56/100
|
|-weather|SunnyDay|[upkeep]
|-heal|p1a: Great Tusk|48/100|[from] item: Leftovers
|upkeep
|turn|51
|
|t:|1760879244
|switch|p2a: Wiccano|Mismagius, M|42/100 par
|move|p1a: Great Tusk|Headlong Rush|p2a: Wiccano
|-immune|p2a: Wiccano|[from] ability: Levitate
|
|-weather|SunnyDay|[upkeep]
|-heal|p1a: Great Tusk|54/100|[from] item: Leftovers
|-heal|p2a: Wiccano|48/100 par|[from] item: Leftovers
|upkeep
|turn|52
|
|t:|1760879248
|move|p1a: Great Tusk|Ice Spinner|p2a: Wiccano
|-damage|p2a: Wiccano|0 fnt
|faint|p2a: Wiccano
|
|-weather|SunnyDay|[upkeep]
|-heal|p1a: Great Tusk|60/100|[from] item: Leftovers
|upkeep
|
|t:|1760879250
|switch|p2a: Sabrina|Lilligant, F|77/100
|turn|53
|
|t:|1760879254
|-end|p1a: Great Tusk|Protosynthesis|[silent]
|switch|p1a: Blissey|Blissey, F|56/100
|-damage|p1a: Blissey|43/100|[from] Stealth Rock
|move|p2a: Sabrina|Solar Beam||[still]
|-prepare|p2a: Sabrina|Solar Beam
|-anim|p2a: Sabrina|Solar Beam|p1a: Blissey
|-damage|p1a: Blissey|22/100
|
|-weather|SunnyDay|[upkeep]
|upkeep
|turn|54
|
|t:|1760879257
|move|p2a: Sabrina|Solar Beam||[still]
|-prepare|p2a: Sabrina|Solar Beam
|-anim|p2a: Sabrina|Solar Beam|p1a: Blissey
|-damage|p1a: Blissey|2/100
|move|p1a: Blissey|Soft-Boiled|p1a: Blissey
|-heal|p1a: Blissey|52/100
|
|-weather|none
|upkeep
|turn|55
|
|t:|1760879262
|switch|p2a: Rain|Milotic, M|57/100 par
|move|p1a: Blissey|Soft-Boiled|p1a: Blissey
|-heal|p1a: Blissey|100/100
|
|-heal|p2a: Rain|63/100 par|[from] item: Leftovers
|upkeep
|turn|56
|
|t:|1760879266
|switch|p1a: Alomomola|Alomomola, F|37/100
|-damage|p1a: Alomomola|24/100|[from] Stealth Rock
|move|p2a: Rain|Scald|p1a: Alomomola
|-resisted|p1a: Alomomola
|-damage|p1a: Alomomola|8/100
|
|-heal|p2a: Rain|69/100 par|[from] item: Leftovers
|upkeep
|turn|57
|
|t:|1760879272
|move|p1a: Alomomola|Wish|p1a: Alomomola
|move|p2a: Rain|Scald|p1a: Alomomola
|-resisted|p1a: Alomomola
|-damage|p1a: Alomomola|0 fnt
|faint|p1a: Alomomola
|
|-heal|p2a: Rain|75/100 par|[from] item: Leftovers
|upkeep
|
|t:|1760879279
|switch|p1a: Great Tusk|Great Tusk|60/100
|-damage|p1a: Great Tusk|57/100|[from] Stealth Rock
|turn|58
|
|t:|1760879282
|move|p1a: Great Tusk|Rapid Spin|p2a: Rain
|-damage|p2a: Rain|64/100 par
|-boost|p1a: Great Tusk|spe|1
|-sideend|p1: Mackoy507|Stealth Rock|[from] move: Rapid Spin|[of] p1a: Great Tusk
|move|p2a: Rain|Scald|p1a: Great Tusk
|-supereffective|p1a: Great Tusk
|-damage|p1a: Great Tusk|0 fnt
|faint|p1a: Great Tusk
|-end|p1a: Great Tusk|Protosynthesis|[silent]
|
|-heal|p2a: Rain|70/100 par|[from] item: Leftovers
|upkeep
|
|t:|1760879286
|switch|p1a: Dondozo|Dondozo, F|100/100
|turn|59
|
|t:|1760879296
|switch|p2a: Sabrina|Lilligant, F|77/100
|move|p1a: Dondozo|Liquidation|p2a: Sabrina
|-resisted|p2a: Sabrina
|-damage|p2a: Sabrina|48/100
|
|upkeep
|turn|60
|
|t:|1760879300
|switch|p1a: Blissey|Blissey, F|100/100
|move|p2a: Sabrina|Giga Drain|p1a: Blissey
|-damage|p1a: Blissey|88/100
|-heal|p2a: Sabrina|63/100|[from] drain|[of] p1a: Blissey
|
|upkeep
|turn|61
|
|t:|1760879304
|switch|p2a: Light Shower|Torkoal, F|56/100
|-weather|SunnyDay|[from] ability: Drought|[of] p2a: Light Shower
|move|p1a: Blissey|Thunder Wave|p2a: Light Shower
|-status|p2a: Light Shower|par
|
|-weather|SunnyDay|[upkeep]
|upkeep
|turn|62
|
|t:|1760879307
|move|p1a: Blissey|Seismic Toss|p2a: Light Shower
|-damage|p2a: Light Shower|26/100 par
|move|p2a: Light Shower|Stealth Rock|p1a: Blissey
|-sidestart|p1: Mackoy507|move: Stealth Rock
|
|-weather|SunnyDay|[upkeep]
|upkeep
|turn|63
|
|t:|1760879313
|switch|p1a: Dondozo|Dondozo, F|100/100
|-damage|p1a: Dondozo|88/100|[from] Stealth Rock
|move|p2a: Light Shower|Body Press|p1a: Dondozo
|-damage|p1a: Dondozo|72/100
|-damage|p2a: Light Shower|10/100 par|[from] item: Rocky Helmet|[of] p1a: Dondozo
|
|-weather|SunnyDay|[upkeep]
|upkeep
|turn|64
|
|t:|1760879321
|switch|p2a: Sabrina|Lilligant, F|63/100
|move|p1a: Dondozo|Liquidation|p2a: Sabrina
|-resisted|p2a: Sabrina
|-damage|p2a: Sabrina|50/100
|
|-weather|SunnyDay|[upkeep]
|upkeep
|turn|65
|
|t:|1760879325
|move|p2a: Sabrina|Giga Drain|p1a: Dondozo
|-supereffective|p1a: Dondozo
|-crit|p1a: Dondozo
|-damage|p1a: Dondozo|0 fnt
|-heal|p2a: Sabrina|100/100|[from] drain|[of] p1a: Dondozo
|faint|p1a: Dondozo
|
|-weather|none
|upkeep
|-message|Mackoy507 forfeited.
|
|win|the flavius
|raw|Mackoy507's rating: 1331 &rarr; <strong>1312</strong><br />(-19 for losing)
|raw|the flavius's rating: 1347 &rarr; <strong>1366</strong><br />(+19 for winning)
|l|☆Mackoy507
|player|p1|
|l|☆the flavius
|player|p2|
