|j|☆Jdawg_2100
|j|☆doubledgit
|t:|1760837129
|gametype|singles
|player|p1|Jdawg_2100|hilbert|1318
|player|p2|doubledgit|byron|1324
|gen|9
|tier|[Gen 9] OU
|rated|
|rule|HP Percentage Mod: HP is shown in percentages
|rule|Endless Battle Clause: Forcing endless battles is banned
|rule|Species Clause: Limit one of each Pokémon
|rule|OHKO Clause: OHKO moves are banned
|rule|Evasion Items Clause: Evasion items are banned
|rule|Evasion Moves Clause: Evasion moves are banned
|rule|Evasion Abilities Clause: Evasion abilities are banned
|rule|Sleep Moves Clause: Sleep-inducing moves are banned
|clearpoke
|poke|p1|Rhydon, M|
|poke|p1|Torkoal, M|
|poke|p1|Iron Hands|
|poke|p1|Cresselia, F|
|poke|p1|Hatterene, F|
|poke|p1|Slowking, M|
|poke|p2|Kyurem|
|poke|p2|Slowking-Galar, M|
|poke|p2|Corviknight, F|
|poke|p2|Darkrai|
|poke|p2|Hatterene, F|
|poke|p2|Dragapult, F|
|teampreview
|inactive|Battle timer is ON: inactive players will automatically lose when time's up. (requested by Jdawg_2100)
|
|t:|1760837152
|teamsize|p1|6
|teamsize|p2|6
|start
|switch|p1a: Hatterene|Hatterene, F, shiny|100/100
|switch|p2a: Dragapult|Dragapult, F|100/100
|turn|1
|
|t:|1760837155
|move|p2a: Dragapult|Shadow Ball|p1a: Hatterene
|-supereffective|p1a: Hatterene
|-enditem|p1a: Hatterene|Focus Sash
|-damage|p1a: Hatterene|1/100
|move|p1a: Hatterene|Trick Room|p1a: Hatterene
|-fieldstart|move: Trick Room|[of] p1a: Hatterene
|
|upkeep
|turn|2
|
|t:|1760837163
|switch|p2a: Hatterene|Hatterene, F|100/100
|move|p1a: Hatterene|Healing Wish|p1a: Hatterene
|faint|p1a: Hatterene
|
|upkeep
|
|t:|1760837170
|switch|p1a: Torkoal|Torkoal, M, shiny|100/100
|-weather|SunnyDay|[from] ability: Drought|[of] p1a: Torkoal
|turn|3
|
|t:|1760837174
|-terastallize|p2a: Hatterene|Water
|move|p1a: Torkoal|Eruption|p2a: Hatterene
|-resisted|p2a: Hatterene
|-damage|p2a: Hatterene|35/100
|move|p2a: Hatterene|Calm Mind|p2a: Hatterene
|-boost|p2a: Hatterene|spa|1
|-boost|p2a: Hatterene|spd|1
|
|-weather|SunnyDay|[upkeep]
|-heal|p2a: Hatterene|41/100|[from] item: Leftovers
|upkeep
|turn|4
|
|t:|1760837187
|move|p1a: Torkoal|Solar Beam||[still]
|-prepare|p1a: Torkoal|Solar Beam
|-anim|p1a: Torkoal|Solar Beam|p2a: Hatterene
|-supereffective|p2a: Hatterene
|-damage|p2a: Hatterene|0 fnt
|faint|p2a: Hatterene
|
|-weather|SunnyDay|[upkeep]
|upkeep
|
|t:|1760837191
|switch|p2a: Slowking|Slowking-Galar, M|100/100
|turn|5
|
|t:|1760837198
|move|p1a: Torkoal|Eruption|p2a: Slowking
|-damage|p2a: Slowking|33/100
|-prepare|p2a: Slowking|Chilly Reception|[premajor]
|move|p2a: Slowking|Chilly Reception|p2a: Slowking
|-weather|Snowscape
|
|t:|1760837201
|switch|p2a: Dragapult|Dragapult, F|100/100|[from] Chilly Reception
|
|-weather|Snowscape|[upkeep]
|-fieldend|move: Trick Room
|upkeep
|turn|6
|
|t:|1760837215
|switch|p1a: Cresselia|Cresselia, F, shiny|100/100
|move|p2a: Dragapult|Shadow Ball|p1a: Cresselia
|-supereffective|p1a: Cresselia
|-damage|p1a: Cresselia|35/100
|
|-weather|Snowscape|[upkeep]
|-heal|p1a: Cresselia|41/100|[from] item: Leftovers
|upkeep
|turn|7
|
|t:|1760837220
|move|p2a: Dragapult|Shadow Ball|p1a: Cresselia
|-supereffective|p1a: Cresselia
|-damage|p1a: Cresselia|0 fnt
|faint|p1a: Cresselia
|
|-weather|Snowscape|[upkeep]
|upkeep
|
|t:|1760837230
|switch|p1a: Slowking|Slowking, M, shiny|100/100
|turn|8
|
|t:|1760837235
|switch|p2a: Slowking|Slowking-Galar, M|66/100
|move|p1a: Slowking|Trick Room|p1a: Slowking
|-fieldstart|move: Trick Room|[of] p1a: Slowking
|
|-weather|Snowscape|[upkeep]
|upkeep
|turn|9
|
|t:|1760837239
|move|p2a: Slowking|Future Sight|p1a: Slowking
|-start|p2a: Slowking|move: Future Sight
|move|p1a: Slowking|Future Sight|p2a: Slowking
|-start|p1a: Slowking|move: Future Sight
|
|-weather|none
|upkeep
|turn|10
|
|t:|1760837246
|-prepare|p2a: Slowking|Chilly Reception|[premajor]
|move|p2a: Slowking|Chilly Reception|p2a: Slowking
|-weather|Snowscape
|
|t:|1760837249
|switch|p2a: Darkrai|Darkrai|100/100|[from] Chilly Reception
|-prepare|p1a: Slowking|Chilly Reception|[premajor]
|move|p1a: Slowking|Chilly Reception|p1a: Slowking
|
|t:|1760837260
|switch|p1a: Torkoal|Torkoal, M, shiny|100/100|[from] Chilly Reception
|-weather|SunnyDay|[from] ability: Drought|[of] p1a: Torkoal
|
|-weather|SunnyDay|[upkeep]
|upkeep
|turn|11
|
|t:|1760837269
|move|p1a: Torkoal|Eruption|p2a: Darkrai
|-damage|p2a: Darkrai|0 fnt
|faint|p2a: Darkrai
|
|-weather|SunnyDay|[upkeep]
|-end|p1a: Torkoal|move: Future Sight
|-damage|p1a: Torkoal|44/100
|-hint|Future Sight did not hit because the target is fainted.
|upkeep
|
|t:|1760837271
|switch|p2a: Slowking|Slowking-Galar, M|99/100
|turn|12
|
|t:|1760837279
|-terastallize|p1a: Torkoal|Fire
|move|p1a: Torkoal|Flamethrower|p2a: Slowking
|-damage|p2a: Slowking|44/100
|move|p2a: Slowking|Future Sight|p1a: Torkoal
|-start|p2a: Slowking|move: Future Sight
|
|-weather|SunnyDay|[upkeep]
|-fieldend|move: Trick Room
|upkeep
|turn|13
|
|t:|1760837289
|switch|p1a: Slowking|Slowking, M, shiny|100/100
|-prepare|p2a: Slowking|Chilly Reception|[premajor]
|move|p2a: Slowking|Chilly Reception|p2a: Slowking
|-weather|Snowscape
|
|t:|1760837292
|switch|p2a: Dragapult|Dragapult, F|100/100|[from] Chilly Reception
|
|-weather|Snowscape|[upkeep]
|upkeep
|turn|14
|
|t:|1760837314
|move|p2a: Dragapult|Shadow Ball|p1a: Slowking
|-supereffective|p1a: Slowking
|-damage|p1a: Slowking|24/100
|move|p1a: Slowking|Future Sight|p2a: Dragapult
|-start|p1a: Slowking|move: Future Sight
|
|-weather|Snowscape|[upkeep]
|-end|p1a: Slowking|move: Future Sight
|-resisted|p1a: Slowking
|-damage|p1a: Slowking|6/100
|upkeep
|turn|15
|
|t:|1760837318
|move|p2a: Dragapult|Shadow Ball|p1a: Slowking
|-supereffective|p1a: Slowking
|-damage|p1a: Slowking|0 fnt
|faint|p1a: Slowking
|
|-weather|Snowscape|[upkeep]
|upkeep
|
|t:|1760837330
|switch|p1a: Iron Hands|Iron Hands, shiny|100/100
|turn|16
|
|t:|1760837334
|switch|p2a: Corviknight|Corviknight, F|100/100
|-ability|p2a: Corviknight|Pressure
|move|p1a: Iron Hands|Ice Punch|p2a: Corviknight
|-damage|p2a: Corviknight|76/100
|-damage|p1a: Iron Hands|84/100|[from] item: Rocky Helmet|[of] p2a: Corviknight
|-damage|p1a: Iron Hands|74/100|[from] item: Life Orb
|
|-weather|Snowscape|[upkeep]
|-end|p2a: Corviknight|move: Future Sight
|-resisted|p2a: Corviknight
|-damage|p2a: Corviknight|56/100
|upkeep
|turn|17
|
|t:|1760837339
|move|p2a: Corviknight|Brave Bird|p1a: Iron Hands
|-damage|p1a: Iron Hands|52/100
|-damage|p2a: Corviknight|47/100|[from] Recoil
|move|p1a: Iron Hands|Thunder Punch|p2a: Corviknight
|-supereffective|p2a: Corviknight
|-damage|p2a: Corviknight|0 fnt
|-damage|p1a: Iron Hands|36/100|[from] item: Rocky Helmet|[of] p2a: Corviknight
|faint|p2a: Corviknight
|-damage|p1a: Iron Hands|26/100|[from] item: Life Orb
|
|-weather|none
|upkeep
|
|t:|1760837342
|switch|p2a: Dragapult|Dragapult, F|100/100
|turn|18
|
|t:|1760837353
|move|p2a: Dragapult|Shadow Ball|p1a: Iron Hands
|-damage|p1a: Iron Hands|0 fnt
|faint|p1a: Iron Hands
|-end|p1a: Iron Hands|Quark Drive|[silent]
|
|upkeep
|
|t:|1760837362
|switch|p1a: Rhydon|Rhydon, M, shiny|100/100
|turn|19
|
|t:|1760837374
|move|p2a: Dragapult|Shadow Ball|p1a: Rhydon
|-damage|p1a: Rhydon|47/100
|-unboost|p1a: Rhydon|spd|1
|move|p1a: Rhydon|Ice Punch|p2a: Dragapult
|-supereffective|p2a: Dragapult
|-damage|p2a: Dragapult|22/100
|
|upkeep
|turn|20
|
|t:|1760837379
|move|p2a: Dragapult|Shadow Ball|p1a: Rhydon
|-damage|p1a: Rhydon|0 fnt
|faint|p1a: Rhydon
|
|upkeep
|-message|Jdawg_2100 forfeited.
|
|win|doubledgit
|raw|Jdawg_2100's rating: 1318 &rarr; <strong>1298</strong><br />(-20 for losing)
|raw|doubledgit's rating: 1324 &rarr; <strong>1344</strong><br />(+20 for winning)
|l|☆Jdawg_2100
|player|p1|
|l|☆doubledgit
|player|p2|
|j|☆doubledgit
|player|p2|doubledgit|byron|
|l|☆doubledgit
|player|p2|
