|j|☆lovrdu94
|j|☆sdksod
|t:|1760864942
|gametype|singles
|player|p1|lovrdu94|265|1348
|player|p2|sdksod|266|1446
|gen|9
|tier|[Gen 9] OU
|rated|
|rule|HP Percentage Mod: HP is shown in percentages
|rule|Endless Battle Clause: Forcing endless battles is banned
|rule|Species Clause: Limit one of each Pokémon
|rule|OHKO Clause: OHKO moves are banned
|rule|Evasion Items Clause: Evasion items are banned
|rule|Evasion Moves Clause: Evasion moves are banned
|rule|Evasion Abilities Clause: Evasion abilities are banned
|rule|Sleep Moves Clause: Sleep-inducing moves are banned
|clearpoke
|poke|p1|Diancie|
|poke|p1|Staraptor, F|
|poke|p1|Volcanion|
|poke|p1|Serperior, M|
|poke|p1|Weezing-Galar, M|
|poke|p1|Gallade, M|
|poke|p2|Ceruledge, M|
|poke|p2|Ogerpon-Wellspring, F|
|poke|p2|Landorus-Therian, M|
|poke|p2|Deoxys-Speed|
|poke|p2|Iron Valiant|
|poke|p2|Kingambit, M|
|teampreview
|inactive|Battle timer is ON: inactive players will automatically lose when time's up. (requested by sdksod)
|
|t:|1760864954
|teamsize|p1|6
|teamsize|p2|6
|start
|switch|p1a: Stealth Rock|Diancie|100/100
|switch|p2a: Landorus|Landorus-Therian, M|100/100
|-ability|p2a: Landorus|Intimidate|boost
|-fail|p1a: Stealth Rock|unboost|[from] ability: Clear Body|[of] p1a: Stealth Rock
|turn|1
|
|t:|1760864963
|move|p2a: Landorus|Earth Power|p1a: Stealth Rock
|-supereffective|p1a: Stealth Rock
|-crit|p1a: Stealth Rock
|-damage|p1a: Stealth Rock|25/100
|-enditem|p1a: Stealth Rock|Weakness Policy
|-boost|p1a: Stealth Rock|atk|2|[from] item: Weakness Policy
|-boost|p1a: Stealth Rock|spa|2|[from] item: Weakness Policy
|move|p1a: Stealth Rock|Trick Room|p1a: Stealth Rock
|-fieldstart|move: Trick Room|[of] p1a: Stealth Rock
|
|upkeep
|turn|2
|
|t:|1760864977
|move|p1a: Stealth Rock|Diamond Storm|p2a: Landorus
|-damage|p2a: Landorus|28/100
|-boost|p1a: Stealth Rock|def|2
|move|p2a: Landorus|Earth Power|p1a: Stealth Rock
|-supereffective|p1a: Stealth Rock
|-damage|p1a: Stealth Rock|0 fnt
|faint|p1a: Stealth Rock
|
|upkeep
|
|t:|1760864984
|switch|p1a: Earth power|Volcanion|100/100
|turn|3
|
|t:|1760864994
|move|p1a: Earth power|Flamethrower|p2a: Landorus
|-damage|p2a: Landorus|0 fnt
|faint|p2a: Landorus
|
|upkeep
|
|t:|1760865022
|switch|p2a: Ceruledge|Ceruledge, M|100/100
|-item|p2a: Ceruledge|Air Balloon
|turn|4
|
|t:|1760865032
|move|p1a: Earth power|Steam Eruption|p2a: Ceruledge
|-supereffective|p2a: Ceruledge
|-damage|p2a: Ceruledge|0 fnt
|-enditem|p2a: Ceruledge|Air Balloon
|faint|p2a: Ceruledge
|
|upkeep
|
|t:|1760865046
|switch|p2a: Deoxys|Deoxys-Speed|100/100
|-ability|p2a: Deoxys|Pressure
|turn|5
|
|t:|1760865054
|move|p1a: Earth power|Steam Eruption|p2a: Deoxys
|-damage|p2a: Deoxys|17/100
|-status|p2a: Deoxys|brn
|move|p2a: Deoxys|Light Screen|p2a: Deoxys
|-sidestart|p2: sdksod|move: Light Screen
|
|-damage|p2a: Deoxys|11/100 brn|[from] brn
|-fieldend|move: Trick Room
|upkeep
|turn|6
|
|t:|1760865063
|move|p2a: Deoxys|Reflect|p2a: Deoxys
|-sidestart|p2: sdksod|Reflect
|move|p1a: Earth power|Flamethrower|p2a: Deoxys
|-damage|p2a: Deoxys|0 fnt
|faint|p2a: Deoxys
|
|upkeep
|
|t:|1760865072
|switch|p2a: Ogerpon|Ogerpon-Wellspring, F|100/100
|turn|7
|
|t:|1760865078
|switch|p1a: Flamethrower|Weezing-Galar, M|100/100
|move|p2a: Ogerpon|Swords Dance|p2a: Ogerpon
|-boost|p2a: Ogerpon|atk|2
|
|upkeep
|turn|8
|
|t:|1760865091
|-terastallize|p2a: Ogerpon|Water
|detailschange|p2a: Ogerpon|Ogerpon-Wellspring-Tera, F, tera:Water
|-ability|p2a: Ogerpon|Embody Aspect (Wellspring)|boost
|-boost|p2a: Ogerpon|spd|1
|move|p2a: Ogerpon|Ivy Cudgel|p1a: Flamethrower|[anim] Ivy Cudgel Water
|-damage|p1a: Flamethrower|0 fnt
|faint|p1a: Flamethrower
|
|upkeep
|
|t:|1760865103
|switch|p1a: Shadow sneak|Gallade, M|100/100
|turn|9
|
|t:|1760865107
|move|p2a: Ogerpon|Ivy Cudgel|p1a: Shadow sneak|[anim] Ivy Cudgel Water
|-enditem|p1a: Shadow sneak|Focus Sash
|-damage|p1a: Shadow sneak|1/100
|move|p1a: Shadow sneak|Sacred Sword|p2a: Ogerpon
|-damage|p2a: Ogerpon|53/100
|
|upkeep
|turn|10
|
|t:|1760865120
|move|p2a: Ogerpon|Trailblaze|p1a: Shadow sneak
|-damage|p1a: Shadow sneak|0 fnt
|-boost|p2a: Ogerpon|spe|1
|faint|p1a: Shadow sneak
|
|upkeep
|
|t:|1760865131
|switch|p1a: Earth power|Volcanion|100/100
|turn|11
|
|t:|1760865138
|move|p2a: Ogerpon|Synthesis|p2a: Ogerpon
|-heal|p2a: Ogerpon|100/100
|move|p1a: Earth power|Flamethrower|p2a: Ogerpon
|-resisted|p2a: Ogerpon
|-damage|p2a: Ogerpon|91/100
|-status|p2a: Ogerpon|brn
|
|-damage|p2a: Ogerpon|85/100 brn|[from] brn
|upkeep
|turn|12
|
|t:|1760865150
|move|p2a: Ogerpon|Swords Dance|p2a: Ogerpon
|-boost|p2a: Ogerpon|atk|2
|move|p1a: Earth power|Sludge Wave|p2a: Ogerpon
|-damage|p2a: Ogerpon|70/100 brn
|
|-damage|p2a: Ogerpon|64/100 brn|[from] brn
|-sideend|p2: sdksod|move: Light Screen
|upkeep
|turn|13
|
|t:|1760865159
|move|p2a: Ogerpon|Trailblaze|p1a: Earth power
|-damage|p1a: Earth power|63/100
|-boost|p2a: Ogerpon|spe|1
|move|p1a: Earth power|Sludge Wave|p2a: Ogerpon
|-damage|p2a: Ogerpon|37/100 brn
|
|-damage|p2a: Ogerpon|31/100 brn|[from] brn
|-sideend|p2: sdksod|Reflect
|upkeep
|turn|14
|
|t:|1760865170
|-terastallize|p1a: Earth power|Grass
|move|p2a: Ogerpon|Synthesis|p2a: Ogerpon
|-heal|p2a: Ogerpon|81/100 brn
|move|p1a: Earth power|Sludge Wave|p2a: Ogerpon
|-damage|p2a: Ogerpon|55/100 brn
|
|-damage|p2a: Ogerpon|49/100 brn|[from] brn
|upkeep
|turn|15
|
|t:|1760865183
|move|p2a: Ogerpon|Ivy Cudgel|p1a: Earth power|[anim] Ivy Cudgel Water
|-heal|p1a: Earth power|88/100|[from] ability: Water Absorb|[of] p2a: Ogerpon
|move|p1a: Earth power|Body Press|p2a: Ogerpon
|-damage|p2a: Ogerpon|11/100 brn
|
|-damage|p2a: Ogerpon|5/100 brn|[from] brn
|upkeep
|turn|16
|
|t:|1760865192
|move|p2a: Ogerpon|Trailblaze|p1a: Earth power
|-resisted|p1a: Earth power
|-damage|p1a: Earth power|71/100
|-boost|p2a: Ogerpon|spe|1
|move|p1a: Earth power|Body Press|p2a: Ogerpon
|-damage|p2a: Ogerpon|0 fnt
|faint|p2a: Ogerpon
|detailschange|p2: Ogerpon|Ogerpon-Wellspring, F|[silent]
|
|upkeep
|
|t:|1760865204
|switch|p2a: Kingambit|Kingambit, M|100/100
|-activate|p2a: Kingambit|ability: Supreme Overlord
|-start|p2a: Kingambit|fallen4|[silent]
|turn|17
|
|t:|1760865222
|move|p2a: Kingambit|Sucker Punch|p1a: Earth power
|-damage|p1a: Earth power|25/100
|move|p1a: Earth power|Flamethrower|p2a: Kingambit
|-supereffective|p2a: Kingambit
|-damage|p2a: Kingambit|0 fnt
|faint|p2a: Kingambit
|-end|p2a: Kingambit|fallen4|[silent]
|
|upkeep
|
|t:|1760865228
|switch|p2a: Iron Valiant|Iron Valiant|100/100
|-enditem|p2a: Iron Valiant|Booster Energy
|-activate|p2a: Iron Valiant|ability: Quark Drive|[fromitem]
|-start|p2a: Iron Valiant|quarkdrivespe
|turn|18
|
|t:|1760865235
|move|p2a: Iron Valiant|Moonblast|p1a: Earth power
|-damage|p1a: Earth power|0 fnt
|faint|p1a: Earth power
|
|upkeep
|
|t:|1760865242
|switch|p1a: Final Gambit|Staraptor, F|100/100
|turn|19
|
|t:|1760865255
|move|p2a: Iron Valiant|Moonblast|p1a: Final Gambit
|-damage|p1a: Final Gambit|25/100
|move|p1a: Final Gambit|Brave Bird|p2a: Iron Valiant
|-supereffective|p2a: Iron Valiant
|-damage|p2a: Iron Valiant|0 fnt
|faint|p2a: Iron Valiant
|-end|p2a: Iron Valiant|Quark Drive|[silent]
|-damage|p1a: Final Gambit|0 fnt|[from] Recoil
|faint|p1a: Final Gambit
|
|win|lovrdu94
|raw|lovrdu94's rating: 1348 &rarr; <strong>1373</strong><br />(+25 for winning)
|raw|sdksod's rating: 1446 &rarr; <strong>1421</strong><br />(-25 for losing)
|l|☆sdksod
|player|p2|
|l|☆lovrdu94
|player|p1|
