|badge|p2|bronze|gen9ou|100-7
|uhtml|medal-msg|<div class="broadcast-blue">Curious what those medals under the avatar are? PS now has Ladder Seasons! For more information, check out the <a href="https://www.smogon.com/forums/threads/3740067/">thread on Smogon.</a></div>
|j|☆stallincorporated
|j|☆LT124YH Prav33n
|t:|1760837052
|gametype|singles
|player|p1|stallincorporated|allister|1743
|player|p2|LT124YH Prav33n|koga|1777
|gen|9
|tier|[Gen 9] OU
|rated|
|rule|HP Percentage Mod: HP is shown in percentages
|rule|Endless Battle Clause: Forcing endless battles is banned
|rule|Species Clause: Limit one of each Pokémon
|rule|OHKO Clause: OHKO moves are banned
|rule|Evasion Items Clause: Evasion items are banned
|rule|Evasion Moves Clause: Evasion moves are banned
|rule|Evasion Abilities Clause: Evasion abilities are banned
|rule|Sleep Moves Clause: Sleep-inducing moves are banned
|clearpoke
|poke|p1|Clefable, M|
|poke|p1|Dondozo, F|
|poke|p1|Blissey, F|
|poke|p1|Clodsire, F|
|poke|p1|Corviknight, M|
|poke|p1|Gliscor, M|
|poke|p2|Kyurem|
|poke|p2|Great Tusk|
|poke|p2|Ogerpon-Wellspring, F|
|poke|p2|Heatran, M|
|poke|p2|Enamorus, F|
|poke|p2|Pecharunt|
|teampreview
|inactive|Battle timer is ON: inactive players will automatically lose when time's up. (requested by LT124YH Prav33n)
|j| crowv2
|j| simplegent
|c|☆stallincorporated|why oger look different
|inactive|stallincorporated has 120 seconds left.
|
|t:|1760837088
|teamsize|p1|6
|teamsize|p2|6
|start
|switch|p1a: Clefable|Clefable, M|100/100
|switch|p2a: Ogerpon|Ogerpon-Wellspring, F|100/100
|turn|1
|c| crowv2|they were sued and have to use the back up
|
|t:|1760837096
|move|p2a: Ogerpon|Ivy Cudgel|p1a: Clefable|[anim] Ivy Cudgel Water
|-damage|p1a: Clefable|56/100
|move|p1a: Clefable|Stealth Rock|p2a: Ogerpon
|-sidestart|p2: LT124YH Prav33n|move: Stealth Rock
|
|-heal|p1a: Clefable|62/100|[from] item: Leftovers
|upkeep
|turn|2
|
|t:|1760837104
|switch|p1a: Dondozo|Dondozo, F|100/100
|move|p2a: Ogerpon|Ivy Cudgel|p1a: Dondozo|[anim] Ivy Cudgel Water
|-resisted|p1a: Dondozo
|-damage|p1a: Dondozo|87/100
|
|upkeep
|turn|3
|
|t:|1760837109
|switch|p1a: Corviknight|Corviknight, M|100/100
|-ability|p1a: Corviknight|Pressure
|move|p2a: Ogerpon|Power Whip|p1a: Corviknight
|-resisted|p1a: Corviknight
|-damage|p1a: Corviknight|90/100
|-damage|p2a: Ogerpon|84/100|[from] item: Rocky Helmet|[of] p1a: Corviknight
|
|upkeep
|turn|4
|
|t:|1760837116
|switch|p2a: Great Tusk|Great Tusk|100/100
|move|p1a: Corviknight|Drill Peck|p2a: Great Tusk
|-supereffective|p2a: Great Tusk
|-damage|p2a: Great Tusk|68/100
|
|upkeep
|turn|5
|
|t:|1760837122
|-end|p2a: Great Tusk|Protosynthesis|[silent]
|switch|p2a: Heatran|Heatran, M|100/100
|-damage|p2a: Heatran|88/100|[from] Stealth Rock
|move|p1a: Corviknight|Iron Defense|p1a: Corviknight
|-boost|p1a: Corviknight|def|2
|
|-heal|p2a: Heatran|94/100|[from] item: Leftovers
|upkeep
|turn|6
|
|t:|1760837129
|switch|p1a: Clodsire|Clodsire, F|100/100
|move|p2a: Heatran|Magma Storm|p1a: Clodsire
|-damage|p1a: Clodsire|79/100
|-activate|p1a: Clodsire|move: Magma Storm|[of] p2a: Heatran
|
|-heal|p2a: Heatran|100/100|[from] item: Leftovers
|-damage|p1a: Clodsire|67/100|[from] move: Magma Storm|[partiallytrapped]
|upkeep
|turn|7
|
|t:|1760837135
|switch|p2a: Great Tusk|Great Tusk|68/100
|move|p1a: Clodsire|Bulldoze|p2a: Great Tusk
|-damage|p2a: Great Tusk|55/100
|-unboost|p2a: Great Tusk|spe|1
|
|-end|p1a: Clodsire|Magma Storm|[partiallytrapped]|[silent]
|upkeep
|turn|8
|
|t:|1760837139
|switch|p1a: Corviknight|Corviknight, M|90/100
|-ability|p1a: Corviknight|Pressure
|move|p2a: Great Tusk|Rapid Spin|p1a: Corviknight
|-resisted|p1a: Corviknight
|-damage|p1a: Corviknight|85/100
|-boost|p2a: Great Tusk|spe|1
|-damage|p2a: Great Tusk|39/100|[from] item: Rocky Helmet|[of] p1a: Corviknight
|-sideend|p2: LT124YH Prav33n|Stealth Rock|[from] move: Rapid Spin|[of] p2a: Great Tusk
|
|upkeep
|turn|9
|
|t:|1760837146
|-end|p2a: Great Tusk|Protosynthesis|[silent]
|switch|p2a: Heatran|Heatran, M|100/100
|move|p1a: Corviknight|Drill Peck|p2a: Heatran
|-resisted|p2a: Heatran
|-damage|p2a: Heatran|90/100
|
|-heal|p2a: Heatran|97/100|[from] item: Leftovers
|upkeep
|turn|10
|
|t:|1760837157
|switch|p1a: Blissey|Blissey, F|100/100
|move|p2a: Heatran|Magma Storm|p1a: Blissey
|-damage|p1a: Blissey|88/100
|-activate|p1a: Blissey|move: Magma Storm|[of] p2a: Heatran
|
|-heal|p2a: Heatran|100/100|[from] item: Leftovers
|-damage|p1a: Blissey|75/100|[from] move: Magma Storm|[partiallytrapped]
|upkeep
|turn|11
|
|t:|1760837162
|move|p2a: Heatran|Taunt|p1a: Blissey
|-start|p1a: Blissey|move: Taunt
|move|p1a: Blissey|Seismic Toss|p2a: Heatran
|-damage|p2a: Heatran|75/100
|
|-heal|p2a: Heatran|81/100|[from] item: Leftovers
|-damage|p1a: Blissey|63/100|[from] move: Magma Storm|[partiallytrapped]
|upkeep
|turn|12
|
|t:|1760837164
|move|p2a: Heatran|Magma Storm|p1a: Blissey
|-damage|p1a: Blissey|50/100
|move|p1a: Blissey|Seismic Toss|p2a: Heatran
|-damage|p2a: Heatran|55/100
|
|-heal|p2a: Heatran|61/100|[from] item: Leftovers
|-damage|p1a: Blissey|37/100|[from] move: Magma Storm|[partiallytrapped]
|upkeep
|turn|13
|
|t:|1760837169
|move|p2a: Heatran|Magma Storm|p1a: Blissey
|-damage|p1a: Blissey|24/100
|move|p1a: Blissey|Seismic Toss|p2a: Heatran
|-damage|p2a: Heatran|35/100
|
|-heal|p2a: Heatran|41/100|[from] item: Leftovers
|-damage|p1a: Blissey|12/100|[from] move: Magma Storm|[partiallytrapped]
|-end|p1a: Blissey|move: Taunt
|upkeep
|turn|14
|
|t:|1760837173
|move|p2a: Heatran|Taunt|p1a: Blissey
|-start|p1a: Blissey|move: Taunt
|move|p1a: Blissey|Seismic Toss|p2a: Heatran
|-damage|p2a: Heatran|16/100
|
|-heal|p2a: Heatran|22/100|[from] item: Leftovers
|-end|p1a: Blissey|Magma Storm|[partiallytrapped]
|upkeep
|turn|15
|
|t:|1760837180
|switch|p1a: Clodsire|Clodsire, F|67/100
|move|p2a: Heatran|Magma Storm|p1a: Clodsire|[miss]
|-miss|p2a: Heatran|p1a: Clodsire
|
|-heal|p2a: Heatran|28/100|[from] item: Leftovers
|upkeep
|turn|16
|
|t:|1760837188
|move|p2a: Heatran|Stealth Rock|p1a: Clodsire
|-sidestart|p1: stallincorporated|move: Stealth Rock
|move|p1a: Clodsire|Bulldoze|p2a: Heatran
|-supereffective|p2a: Heatran
|-damage|p2a: Heatran|0 fnt
|faint|p2a: Heatran
|
|upkeep
|
|t:|1760837191
|switch|p2a: Great Tusk|Great Tusk|39/100
|turn|17
|
|t:|1760837202
|switch|p1a: Corviknight|Corviknight, M|85/100
|-damage|p1a: Corviknight|72/100|[from] Stealth Rock
|-ability|p1a: Corviknight|Pressure
|move|p2a: Great Tusk|Close Combat|p1a: Corviknight
|-damage|p1a: Corviknight|34/100
|-unboost|p2a: Great Tusk|def|1
|-unboost|p2a: Great Tusk|spd|1
|-damage|p2a: Great Tusk|23/100|[from] item: Rocky Helmet|[of] p1a: Corviknight
|
|upkeep
|turn|18
|
|t:|1760837209
|switch|p1a: Gliscor|Gliscor, M|100/100
|-damage|p1a: Gliscor|88/100|[from] Stealth Rock
|move|p2a: Great Tusk|Close Combat|p1a: Gliscor
|-resisted|p1a: Gliscor
|-damage|p1a: Gliscor|69/100
|-unboost|p2a: Great Tusk|def|1
|-unboost|p2a: Great Tusk|spd|1
|
|-status|p1a: Gliscor|tox|[from] item: Toxic Orb
|upkeep
|turn|19
|
|t:|1760837214
|move|p1a: Gliscor|Protect|p1a: Gliscor
|-singleturn|p1a: Gliscor|Protect
|move|p2a: Great Tusk|Ice Spinner|p1a: Gliscor
|-activate|p1a: Gliscor|move: Protect
|
|-heal|p1a: Gliscor|82/100 tox|[from] ability: Poison Heal
|upkeep
|turn|20
|
|t:|1760837217
|move|p2a: Great Tusk|Ice Spinner|p1a: Gliscor
|-supereffective|p1a: Gliscor
|-damage|p1a: Gliscor|12/100 tox
|move|p1a: Gliscor|Spikes|p2a: Great Tusk
|-sidestart|p2: LT124YH Prav33n|Spikes
|
|-heal|p1a: Gliscor|25/100 tox|[from] ability: Poison Heal
|upkeep
|turn|21
|
|t:|1760837221
|move|p1a: Gliscor|Protect|p1a: Gliscor
|-singleturn|p1a: Gliscor|Protect
|move|p2a: Great Tusk|Ice Spinner|p1a: Gliscor
|-activate|p1a: Gliscor|move: Protect
|
|-heal|p1a: Gliscor|37/100 tox|[from] ability: Poison Heal
|upkeep
|turn|22
|
|t:|1760837223
|switch|p1a: Corviknight|Corviknight, M|34/100
|-damage|p1a: Corviknight|21/100|[from] Stealth Rock
|-ability|p1a: Corviknight|Pressure
|move|p2a: Great Tusk|Ice Spinner|p1a: Corviknight
|-damage|p1a: Corviknight|3/100
|-damage|p2a: Great Tusk|6/100|[from] item: Rocky Helmet|[of] p1a: Corviknight
|
|upkeep
|turn|23
|
|t:|1760837228
|move|p2a: Great Tusk|Ice Spinner|p1a: Corviknight
|-damage|p1a: Corviknight|0 fnt
|-damage|p2a: Great Tusk|0 fnt|[from] item: Rocky Helmet|[of] p1a: Corviknight
|faint|p1a: Corviknight
|faint|p2a: Great Tusk
|-end|p2a: Great Tusk|Protosynthesis|[silent]
|
|upkeep
|
|t:|1760837241
|switch|p2a: Ogerpon|Ogerpon-Wellspring, F|84/100
|switch|p1a: Clefable|Clefable, M|62/100
|-damage|p2a: Ogerpon|72/100|[from] Spikes
|turn|24
|
|t:|1760837248
|move|p2a: Ogerpon|Power Whip|p1a: Clefable
|-damage|p1a: Clefable|6/100
|move|p1a: Clefable|Moonblast|p2a: Ogerpon
|-damage|p2a: Ogerpon|38/100
|
|-heal|p1a: Clefable|12/100|[from] item: Leftovers
|upkeep
|turn|25
|
|t:|1760837255
|move|p2a: Ogerpon|Synthesis|p2a: Ogerpon
|-heal|p2a: Ogerpon|88/100
|move|p1a: Clefable|Stealth Rock|p2a: Ogerpon
|-sidestart|p2: LT124YH Prav33n|move: Stealth Rock
|
|-heal|p1a: Clefable|18/100|[from] item: Leftovers
|upkeep
|turn|26
|
|t:|1760837258
|move|p2a: Ogerpon|Ivy Cudgel|p1a: Clefable|[anim] Ivy Cudgel Water
|-damage|p1a: Clefable|0 fnt
|faint|p1a: Clefable
|
|upkeep
|
|t:|1760837263
|switch|p1a: Gliscor|Gliscor, M|37/100 tox
|-damage|p1a: Gliscor|25/100 tox|[from] Stealth Rock
|turn|27
|
|t:|1760837271
|move|p1a: Gliscor|Protect|p1a: Gliscor
|-singleturn|p1a: Gliscor|Protect
|move|p2a: Ogerpon|Power Whip|p1a: Gliscor
|-activate|p1a: Gliscor|move: Protect
|
|-heal|p1a: Gliscor|37/100 tox|[from] ability: Poison Heal
|upkeep
|turn|28
|l| crowv2
|
|t:|1760837289
|switch|p1a: Blissey|Blissey, F|12/100
|move|p2a: Ogerpon|Ivy Cudgel|p1a: Blissey|[anim] Ivy Cudgel Water
|-damage|p1a: Blissey|0 fnt
|faint|p1a: Blissey
|
|upkeep
|
|t:|1760837293
|switch|p1a: Dondozo|Dondozo, F|87/100
|turn|29
|
|t:|1760837297
|-terastallize|p1a: Dondozo|Fighting
|move|p2a: Ogerpon|Power Whip|p1a: Dondozo
|-damage|p1a: Dondozo|53/100
|move|p1a: Dondozo|Curse|p1a: Dondozo
|-unboost|p1a: Dondozo|spe|1
|-boost|p1a: Dondozo|atk|1
|-boost|p1a: Dondozo|def|1
|
|upkeep
|turn|30
|j| pacmanz
|
|t:|1760837301
|move|p2a: Ogerpon|U-turn|p1a: Dondozo
|-resisted|p1a: Dondozo
|-damage|p1a: Dondozo|49/100
|j| crowv2
|
|t:|1760837305
|switch|p2a: Pecharunt|Pecharunt|100/100|[from] U-turn
|-damage|p2a: Pecharunt|88/100|[from] Stealth Rock
|-item|p2a: Pecharunt|Air Balloon
|move|p1a: Dondozo|Rest|p1a: Dondozo
|-status|p1a: Dondozo|slp|[from] move: Rest
|-heal|p1a: Dondozo|100/100 slp|[silent]
|
|upkeep
|turn|31
|
|t:|1760837309
|move|p2a: Pecharunt|Parting Shot|p1a: Dondozo
|-unboost|p1a: Dondozo|atk|1
|-unboost|p1a: Dondozo|spa|1
|
|t:|1760837311
|switch|p2a: Enamorus|Enamorus, F, shiny|100/100|[from] Parting Shot
|-damage|p2a: Enamorus|76/100|[from] Stealth Rock
|cant|p1a: Dondozo|slp
|move|p1a: Dondozo|Sleep Talk|p1a: Dondozo
|move|p1a: Dondozo|Rest||[from] move: Sleep Talk|[still]
|-fail|p1a: Dondozo
|
|upkeep
|turn|32
|
|t:|1760837326
|move|p2a: Enamorus|Earth Power|p1a: Dondozo
|-damage|p1a: Dondozo|65/100 slp
|-unboost|p1a: Dondozo|spd|1
|cant|p1a: Dondozo|slp
|move|p1a: Dondozo|Sleep Talk|p1a: Dondozo
|move|p1a: Dondozo|Curse|p1a: Dondozo|[from] move: Sleep Talk
|-unboost|p1a: Dondozo|spe|1
|-boost|p1a: Dondozo|atk|1
|-boost|p1a: Dondozo|def|1
|
|upkeep
|turn|33
|
|t:|1760837340
|move|p2a: Enamorus|Earth Power|p1a: Dondozo
|-damage|p1a: Dondozo|17/100 slp
|-curestatus|p1a: Dondozo|slp|[msg]
|move|p1a: Dondozo|Avalanche|p2a: Enamorus
|-supereffective|p2a: Enamorus
|-damage|p2a: Enamorus|0 fnt
|faint|p2a: Enamorus
|
|upkeep
|
|t:|1760837344
|switch|p2a: Kyurem|Kyurem, shiny|100/100
|-damage|p2a: Kyurem|88/100|[from] Spikes
|-damage|p2a: Kyurem|63/100|[from] Stealth Rock
|-ability|p2a: Kyurem|Pressure
|turn|34
|
|t:|1760837348
|-terastallize|p2a: Kyurem|Ground
|move|p2a: Kyurem|Earth Power|p1a: Dondozo
|-damage|p1a: Dondozo|0 fnt
|faint|p1a: Dondozo
|
|-heal|p2a: Kyurem|69/100|[from] item: Leftovers
|upkeep
|
|t:|1760837351
|switch|p1a: Gliscor|Gliscor, M|37/100 tox
|-damage|p1a: Gliscor|25/100 tox|[from] Stealth Rock
|turn|35
|
|t:|1760837354
|move|p2a: Kyurem|Substitute|p2a: Kyurem
|-start|p2a: Kyurem|Substitute
|-damage|p2a: Kyurem|44/100
|move|p1a: Gliscor|Toxic|p2a: Kyurem|[miss]
|-miss|p1a: Gliscor|p2a: Kyurem
|
|-heal|p2a: Kyurem|50/100|[from] item: Leftovers
|-heal|p1a: Gliscor|37/100 tox|[from] ability: Poison Heal
|upkeep
|turn|36
|-message|stallincorporated forfeited.
|
|win|LT124YH Prav33n
|raw|stallincorporated's rating: 1743 &rarr; <strong>1725</strong><br />(-18 for losing)
|raw|LT124YH Prav33n's rating: 1777 &rarr; <strong>1795</strong><br />(+18 for winning)
|l|☆stallincorporated
|player|p1|
|l| crowv2
|l| simplegent
