|j|☆HacherM4
|j|☆Yigufeng
|t:|1760793399
|gametype|singles
|player|p1|HacherM4|misty|1074
|player|p2|Yigufeng|cynthia|1087
|gen|9
|tier|[Gen 9] OU
|rated|
|rule|HP Percentage Mod: HP is shown in percentages
|rule|Endless Battle Clause: Forcing endless battles is banned
|rule|Species Clause: Limit one of each Pokémon
|rule|OHKO Clause: OHKO moves are banned
|rule|Evasion Items Clause: Evasion items are banned
|rule|Evasion Moves Clause: Evasion moves are banned
|rule|Evasion Abilities Clause: Evasion abilities are banned
|rule|Sleep Moves Clause: Sleep-inducing moves are banned
|clearpoke
|poke|p1|Ting-Lu|
|poke|p1|Dondozo, M|
|poke|p1|Clefable, F|
|poke|p1|Iron Hands|
|poke|p1|Mandibuzz, F|
|poke|p1|Chansey, F|
|poke|p2|Skarmory, F|
|poke|p2|Glimmora, F|
|poke|p2|Eiscue, F|
|poke|p2|Grimmsnarl, M|
|poke|p2|Raging Bolt|
|poke|p2|Great Tusk|
|teampreview
|
|t:|1760793408
|teamsize|p1|6
|teamsize|p2|6
|start
|switch|p1a: Clefable|Clefable, F|100/100
|switch|p2a: Glimmora|Glimmora, F, shiny|100/100
|turn|1
|
|t:|1760793419
|move|p2a: Glimmora|Stealth Rock|p1a: Clefable
|-sidestart|p1: HacherM4|move: Stealth Rock
|move|p1a: Clefable|Cosmic Power|p1a: Clefable
|-boost|p1a: Clefable|def|1
|-boost|p1a: Clefable|spd|1
|
|upkeep
|turn|2
|
|t:|1760793427
|move|p2a: Glimmora|Spikes|p1a: Clefable
|-sidestart|p1: HacherM4|Spikes
|move|p1a: Clefable|Cosmic Power|p1a: Clefable
|-boost|p1a: Clefable|def|1
|-boost|p1a: Clefable|spd|1
|
|upkeep
|turn|3
|
|t:|1760793434
|move|p2a: Glimmora|Spikes|p1a: Clefable
|-sidestart|p1: HacherM4|Spikes
|move|p1a: Clefable|Cosmic Power|p1a: Clefable
|-boost|p1a: Clefable|def|1
|-boost|p1a: Clefable|spd|1
|
|upkeep
|turn|4
|
|t:|1760793441
|switch|p2a: Skarmory|Skarmory, F|100/100
|move|p1a: Clefable|Cosmic Power|p1a: Clefable
|-boost|p1a: Clefable|def|1
|-boost|p1a: Clefable|spd|1
|
|upkeep
|turn|5
|
|t:|1760793451
|move|p1a: Clefable|Stored Power|p2a: Skarmory
|-resisted|p2a: Skarmory
|-damage|p2a: Skarmory|53/100
|move|p2a: Skarmory|Roar|p1a: Clefable
|drag|p1a: Mandibuzz|Mandibuzz, F|100/100
|-damage|p1a: Mandibuzz|76/100|[from] Stealth Rock
|
|upkeep
|turn|6
|
|t:|1760793463
|move|p1a: Mandibuzz|Knock Off|p2a: Skarmory
|-damage|p2a: Skarmory|39/100
|-damage|p1a: Mandibuzz|59/100|[from] item: Rocky Helmet|[of] p2a: Skarmory
|-enditem|p2a: Skarmory|Rocky Helmet|[from] move: Knock Off|[of] p1a: Mandibuzz
|move|p2a: Skarmory|Iron Defense|p2a: Skarmory
|-boost|p2a: Skarmory|def|2
|
|upkeep
|turn|7
|
|t:|1760793475
|move|p1a: Mandibuzz|U-turn|p2a: Skarmory
|-resisted|p2a: Skarmory
|-damage|p2a: Skarmory|38/100
|
|t:|1760793489
|switch|p1a: Iron Hands|Iron Hands|100/100|[from] U-turn
|-damage|p1a: Iron Hands|94/100|[from] Stealth Rock
|-damage|p1a: Iron Hands|78/100|[from] Spikes
|-enditem|p1a: Iron Hands|Booster Energy
|-activate|p1a: Iron Hands|ability: Quark Drive|[fromitem]
|-start|p1a: Iron Hands|quarkdriveatk
|move|p2a: Skarmory|Roost|p2a: Skarmory
|-heal|p2a: Skarmory|88/100
|-singleturn|p2a: Skarmory|move: Roost
|
|upkeep
|turn|8
|
|t:|1760793510
|move|p2a: Skarmory|Body Press|p1a: Iron Hands
|-damage|p1a: Iron Hands|36/100
|move|p1a: Iron Hands|Thunder Punch|p2a: Skarmory
|-supereffective|p2a: Skarmory
|-damage|p2a: Skarmory|55/100
|
|upkeep
|turn|9
|
|t:|1760793517
|move|p2a: Skarmory|Body Press|p1a: Iron Hands
|-damage|p1a: Iron Hands|0 fnt
|faint|p1a: Iron Hands
|-end|p1a: Iron Hands|Quark Drive|[silent]
|
|upkeep
|
|t:|1760793528
|switch|p1a: Clefable|Clefable, F|100/100
|turn|10
|
|t:|1760793532
|move|p2a: Skarmory|Iron Defense|p2a: Skarmory
|-boost|p2a: Skarmory|def|2
|move|p1a: Clefable|Moonblast|p2a: Skarmory
|-resisted|p2a: Skarmory
|-damage|p2a: Skarmory|19/100
|-unboost|p2a: Skarmory|spa|1
|
|upkeep
|turn|11
|
|t:|1760793541
|move|p2a: Skarmory|Roost|p2a: Skarmory
|-heal|p2a: Skarmory|69/100
|-singleturn|p2a: Skarmory|move: Roost
|move|p1a: Clefable|Moonblast|p2a: Skarmory
|-resisted|p2a: Skarmory
|-damage|p2a: Skarmory|30/100
|
|upkeep
|turn|12
|
|t:|1760793549
|move|p2a: Skarmory|Roost|p2a: Skarmory
|-heal|p2a: Skarmory|80/100
|-singleturn|p2a: Skarmory|move: Roost
|move|p1a: Clefable|Moonblast|p2a: Skarmory
|-resisted|p2a: Skarmory
|-damage|p2a: Skarmory|39/100
|
|upkeep
|turn|13
|
|t:|1760793563
|move|p1a: Clefable|Moonblast|p2a: Skarmory
|-resisted|p2a: Skarmory
|-damage|p2a: Skarmory|0 fnt
|faint|p2a: Skarmory
|
|upkeep
|
|t:|1760793571
|switch|p2a: Grimmsnarl|Grimmsnarl, M|100/100
|turn|14
|
|t:|1760793575
|move|p2a: Grimmsnarl|Light Screen|p2a: Grimmsnarl
|-sidestart|p2: Yigufeng|move: Light Screen
|move|p1a: Clefable|Cosmic Power|p1a: Clefable
|-boost|p1a: Clefable|def|1
|-boost|p1a: Clefable|spd|1
|
|upkeep
|turn|15
|
|t:|1760793589
|move|p2a: Grimmsnarl|Spirit Break|p1a: Clefable
|-damage|p1a: Clefable|77/100
|-unboost|p1a: Clefable|spa|1
|move|p1a: Clefable|Cosmic Power|p1a: Clefable
|-boost|p1a: Clefable|def|1
|-boost|p1a: Clefable|spd|1
|
|upkeep
|turn|16
|
|t:|1760793609
|move|p2a: Grimmsnarl|Parting Shot|p1a: Clefable
|-unboost|p1a: Clefable|atk|1
|-unboost|p1a: Clefable|spa|1
|
|t:|1760793616
|switch|p2a: Great Tusk|Great Tusk|100/100|[from] Parting Shot
|move|p1a: Clefable|Cosmic Power|p1a: Clefable
|-boost|p1a: Clefable|def|1
|-boost|p1a: Clefable|spd|1
|
|upkeep
|turn|17
|
|t:|1760793629
|move|p2a: Great Tusk|Headlong Rush|p1a: Clefable
|-damage|p1a: Clefable|39/100
|-unboost|p2a: Great Tusk|def|1
|-unboost|p2a: Great Tusk|spd|1
|-damage|p2a: Great Tusk|91/100|[from] item: Life Orb
|move|p1a: Clefable|Cosmic Power|p1a: Clefable
|-boost|p1a: Clefable|def|1
|-boost|p1a: Clefable|spd|1
|
|upkeep
|turn|18
|
|t:|1760793642
|move|p2a: Great Tusk|Headlong Rush|p1a: Clefable
|-damage|p1a: Clefable|6/100
|-unboost|p2a: Great Tusk|def|1
|-unboost|p2a: Great Tusk|spd|1
|-damage|p2a: Great Tusk|81/100|[from] item: Life Orb
|move|p1a: Clefable|Moonlight|p1a: Clefable
|-heal|p1a: Clefable|56/100
|
|upkeep
|turn|19
|
|t:|1760793656
|-end|p2a: Great Tusk|Protosynthesis|[silent]
|switch|p2a: Grimmsnarl|Grimmsnarl, M|100/100
|move|p1a: Clefable|Moonlight|p1a: Clefable
|-heal|p1a: Clefable|100/100
|
|upkeep
|turn|20
|
|t:|1760793667
|move|p2a: Grimmsnarl|Spirit Break|p1a: Clefable
|-damage|p1a: Clefable|88/100
|-unboost|p1a: Clefable|spa|1
|move|p1a: Clefable|Moonblast|p2a: Grimmsnarl
|-supereffective|p2a: Grimmsnarl
|-damage|p2a: Grimmsnarl|74/100
|-unboost|p2a: Grimmsnarl|spa|1
|
|upkeep
|turn|21
|
|t:|1760793677
|move|p2a: Grimmsnarl|Parting Shot|p1a: Clefable
|-unboost|p1a: Clefable|atk|1
|-unboost|p1a: Clefable|spa|1
|
|t:|1760793688
|switch|p2a: Great Tusk|Great Tusk|81/100|[from] Parting Shot
|move|p1a: Clefable|Moonlight|p1a: Clefable
|-heal|p1a: Clefable|100/100
|
|-sideend|p2: Yigufeng|move: Light Screen
|upkeep
|turn|22
|
|t:|1760793698
|move|p2a: Great Tusk|Earthquake|p1a: Clefable
|-damage|p1a: Clefable|73/100
|-damage|p2a: Great Tusk|71/100|[from] item: Life Orb
|move|p1a: Clefable|Stored Power|p2a: Great Tusk
|-supereffective|p2a: Great Tusk
|-damage|p2a: Great Tusk|0 fnt
|faint|p2a: Great Tusk
|-end|p2a: Great Tusk|Protosynthesis|[silent]
|
|upkeep
|
|t:|1760793707
|switch|p2a: Eiscue|Eiscue, F|100/100
|turn|23
|
|t:|1760793710
|move|p2a: Eiscue|Belly Drum|p2a: Eiscue
|-damage|p2a: Eiscue|50/100
|-setboost|p2a: Eiscue|atk|6|[from] move: Belly Drum
|move|p1a: Clefable|Stored Power|p2a: Eiscue
|-damage|p2a: Eiscue|22/100
|
|upkeep
|turn|24
|
|t:|1760793719
|move|p2a: Eiscue|Icicle Spear|p1a: Clefable
|-damage|p1a: Clefable|56/100
|-damage|p1a: Clefable|40/100
|-damage|p1a: Clefable|24/100
|-damage|p1a: Clefable|8/100
|-hitcount|p1a: Clefable|4
|move|p1a: Clefable|Stored Power|p2a: Eiscue
|-damage|p2a: Eiscue|0 fnt
|faint|p2a: Eiscue
|
|upkeep
|
|t:|1760793728
|switch|p2a: Raging Bolt|Raging Bolt|100/100
|turn|25
|
|t:|1760793733
|move|p2a: Raging Bolt|Thunderclap||[still]
|-fail|p2a: Raging Bolt
|move|p1a: Clefable|Moonlight|p1a: Clefable
|-heal|p1a: Clefable|58/100
|
|upkeep
|turn|26
|-message|Yigufeng forfeited.
|
|win|HacherM4
|raw|HacherM4's rating: 1074 &rarr; <strong>1104</strong><br />(+30 for winning)
|raw|Yigufeng's rating: 1087 &rarr; <strong>1063</strong><br />(-24 for losing)
|l|☆Yigufeng
|player|p2|
|l|☆HacherM4
|player|p1|
