|j|☆witcher7777
|j|☆chefjojo
|t:|1760873318
|gametype|singles
|player|p1|witcher7777|swimmer-gen4dp|1376
|player|p2|chefjojo|1|1431
|gen|9
|tier|[Gen 9] OU
|rated|
|rule|HP Percentage Mod: HP is shown in percentages
|rule|Endless Battle Clause: Forcing endless battles is banned
|rule|Species Clause: Limit one of each Pokémon
|rule|OHKO Clause: OHKO moves are banned
|rule|Evasion Items Clause: Evasion items are banned
|rule|Evasion Moves Clause: Evasion moves are banned
|rule|Evasion Abilities Clause: Evasion abilities are banned
|rule|Sleep Moves Clause: Sleep-inducing moves are banned
|clearpoke
|poke|p1|Rhyperior, F|
|poke|p1|Darkrai|
|poke|p1|Gholdengo|
|poke|p1|Iron Crown|
|poke|p1|Cinderace, F|
|poke|p1|Zapdos|
|poke|p2|Cinderace, M|
|poke|p2|Darkrai|
|poke|p2|Landorus-Therian, M|
|poke|p2|Zamazenta-*|
|poke|p2|Pecharunt|
|poke|p2|Primarina, F|
|teampreview
|inactive|Battle timer is ON: inactive players will automatically lose when time's up. (requested by chefjojo)
|inactive|witcher7777 has 120 seconds left.
|
|t:|1760873359
|teamsize|p1|6
|teamsize|p2|6
|start
|switch|p1a: Cinderace|Cinderace, F|100/100
|switch|p2a: Cinderace|Cinderace, M|100/100
|turn|1
|
|t:|1760873364
|move|p2a: Cinderace|Pyro Ball|p1a: Cinderace
|-resisted|p1a: Cinderace
|-damage|p1a: Cinderace|56/100
|move|p1a: Cinderace|U-turn|p2a: Cinderace
|-start|p1a: Cinderace|typechange|Bug|[from] ability: Libero
|-resisted|p2a: Cinderace
|-damage|p2a: Cinderace|75/100
|
|t:|1760873376
|switch|p1a: Darkrai|Darkrai|100/100|[from] U-turn
|
|upkeep
|turn|2
|
|t:|1760873381
|move|p1a: Darkrai|Dark Pulse|p2a: Cinderace
|-damage|p2a: Cinderace|13/100
|move|p2a: Cinderace|U-turn|p1a: Darkrai
|-start|p2a: Cinderace|typechange|Bug|[from] ability: Libero
|-supereffective|p1a: Darkrai
|-damage|p1a: Darkrai|8/100
|
|t:|1760873388
|switch|p2a: Zamazenta|Zamazenta|100/100|[from] U-turn
|-ability|p2a: Zamazenta|Dauntless Shield|boost
|-boost|p2a: Zamazenta|def|1
|
|upkeep
|turn|3
|
|t:|1760873392
|switch|p1a: Zapdos|Zapdos|100/100
|move|p2a: Zamazenta|Crunch|p1a: Zapdos
|-damage|p1a: Zapdos|81/100
|
|upkeep
|turn|4
|
|t:|1760873398
|switch|p1a: Darkrai|Darkrai|8/100
|move|p2a: Zamazenta|Stone Edge|p1a: Darkrai
|-crit|p1a: Darkrai
|-damage|p1a: Darkrai|0 fnt
|faint|p1a: Darkrai
|
|upkeep
|
|t:|1760873404
|switch|p1a: Gholdengo|Gholdengo|100/100
|-item|p1a: Gholdengo|Air Balloon
|turn|5
|
|t:|1760873408
|switch|p2a: Darkrai|Darkrai|100/100
|move|p1a: Gholdengo|Make It Rain|p2a: Darkrai
|-damage|p2a: Darkrai|25/100
|-unboost|p1a: Gholdengo|spa|1
|
|upkeep
|turn|6
|
|t:|1760873413
|switch|p1a: Rhyperior|Rhyperior, F|100/100
|move|p2a: Darkrai|Dark Pulse|p1a: Rhyperior
|-damage|p1a: Rhyperior|76/100
|
|upkeep
|turn|7
|
|t:|1760873421
|switch|p2a: Landorus|Landorus-Therian, M|100/100
|-ability|p2a: Landorus|Intimidate|boost
|-unboost|p1a: Rhyperior|atk|1
|move|p1a: Rhyperior|Ice Punch|p2a: Landorus
|-supereffective|p2a: Landorus
|-damage|p2a: Landorus|33/100
|-damage|p1a: Rhyperior|59/100|[from] item: Rocky Helmet|[of] p2a: Landorus
|
|upkeep
|turn|8
|
|t:|1760873432
|switch|p1a: Gholdengo|Gholdengo|100/100
|-item|p1a: Gholdengo|Air Balloon
|move|p2a: Landorus|Stealth Rock|p1a: Gholdengo
|-sidestart|p1: witcher7777|move: Stealth Rock
|
|upkeep
|turn|9
|
|t:|1760873437
|move|p2a: Landorus|U-turn|p1a: Gholdengo
|-resisted|p1a: Gholdengo
|-damage|p1a: Gholdengo|97/100
|-enditem|p1a: Gholdengo|Air Balloon
|
|t:|1760873441
|switch|p2a: Primarina|Primarina, F|100/100|[from] U-turn
|move|p1a: Gholdengo|Make It Rain|p2a: Primarina
|-damage|p2a: Primarina|51/100
|-unboost|p1a: Gholdengo|spa|1
|
|upkeep
|turn|10
|
|t:|1760873446
|move|p1a: Gholdengo|Thunder Wave|p2a: Primarina
|-status|p2a: Primarina|par
|move|p2a: Primarina|Surf|p1a: Gholdengo
|-damage|p1a: Gholdengo|50/100
|
|upkeep
|turn|11
|
|t:|1760873451
|move|p1a: Gholdengo|Recover|p1a: Gholdengo
|-heal|p1a: Gholdengo|99/100
|move|p2a: Primarina|Surf|p1a: Gholdengo
|-damage|p1a: Gholdengo|52/100
|
|upkeep
|turn|12
|
|t:|1760873453
|move|p1a: Gholdengo|Recover|p1a: Gholdengo
|-heal|p1a: Gholdengo|100/100
|cant|p2a: Primarina|par
|
|upkeep
|turn|13
|
|t:|1760873457
|move|p1a: Gholdengo|Hex|p2a: Primarina
|-damage|p2a: Primarina|13/100 par
|cant|p2a: Primarina|par
|
|upkeep
|turn|14
|
|t:|1760873463
|move|p1a: Gholdengo|Hex|p2a: Primarina
|-damage|p2a: Primarina|0 fnt
|faint|p2a: Primarina
|
|upkeep
|
|t:|1760873467
|switch|p2a: Cinderace|Cinderace, M|13/100
|turn|15
|
|t:|1760873472
|switch|p1a: Zapdos|Zapdos|81/100
|move|p2a: Cinderace|Pyro Ball|p1a: Zapdos
|-damage|p1a: Zapdos|43/100
|
|upkeep
|turn|16
|
|t:|1760873481
|move|p2a: Cinderace|Pyro Ball|p1a: Zapdos
|-damage|p1a: Zapdos|0 fnt
|faint|p1a: Zapdos
|
|upkeep
|
|t:|1760873487
|switch|p1a: Cinderace|Cinderace, F|56/100
|turn|17
|
|t:|1760873493
|switch|p2a: Landorus|Landorus-Therian, M|33/100
|-ability|p2a: Landorus|Intimidate|boost
|-unboost|p1a: Cinderace|atk|1
|move|p1a: Cinderace|Court Change|p1a: Cinderace
|-start|p1a: Cinderace|typechange|Normal|[from] ability: Libero
|-swapsideconditions
|-activate|p1a: Cinderace|move: Court Change
|
|upkeep
|turn|18
|
|t:|1760873498
|move|p1a: Cinderace|Pyro Ball|p2a: Landorus
|-damage|p2a: Landorus|8/100
|move|p2a: Landorus|Stealth Rock|p1a: Cinderace
|-sidestart|p1: witcher7777|move: Stealth Rock
|
|upkeep
|turn|19
|
|t:|1760873503
|move|p1a: Cinderace|U-turn|p2a: Landorus
|-resisted|p2a: Landorus
|-damage|p2a: Landorus|0 fnt
|-damage|p1a: Cinderace|39/100|[from] item: Rocky Helmet|[of] p2a: Landorus
|faint|p2a: Landorus
|
|t:|1760873509
|switch|p1a: Rhyperior|Rhyperior, F|59/100|[from] U-turn
|-damage|p1a: Rhyperior|53/100|[from] Stealth Rock
|
|upkeep
|
|t:|1760873516
|switch|p2a: Zamazenta|Zamazenta|100/100
|turn|20
|
|t:|1760873523
|switch|p1a: Gholdengo|Gholdengo|100/100
|-damage|p1a: Gholdengo|94/100|[from] Stealth Rock
|move|p2a: Zamazenta|Crunch|p1a: Gholdengo
|-supereffective|p1a: Gholdengo
|-damage|p1a: Gholdengo|57/100
|
|upkeep
|turn|21
|
|t:|1760873532
|move|p2a: Zamazenta|Crunch|p1a: Gholdengo
|-supereffective|p1a: Gholdengo
|-damage|p1a: Gholdengo|16/100
|move|p1a: Gholdengo|Thunder Wave|p2a: Zamazenta
|-status|p2a: Zamazenta|par
|
|upkeep
|turn|22
|
|t:|1760873538
|switch|p2a: Darkrai|Darkrai|25/100
|-terastallize|p1a: Gholdengo|Fairy
|move|p1a: Gholdengo|Recover|p1a: Gholdengo
|-heal|p1a: Gholdengo|66/100
|
|upkeep
|turn|23
|
|t:|1760873550
|switch|p1a: Rhyperior|Rhyperior, F|53/100
|-damage|p1a: Rhyperior|47/100|[from] Stealth Rock
|-terastallize|p2a: Darkrai|Poison
|move|p2a: Darkrai|Sludge Bomb|p1a: Rhyperior
|-resisted|p1a: Rhyperior
|-damage|p1a: Rhyperior|40/100
|-status|p1a: Rhyperior|psn
|
|-damage|p1a: Rhyperior|27/100 psn|[from] psn
|upkeep
|turn|24
|
|t:|1760873565
|switch|p2a: Zamazenta|Zamazenta|100/100 par
|move|p1a: Rhyperior|Earthquake|p2a: Zamazenta
|-damage|p2a: Zamazenta|51/100 par
|
|-damage|p1a: Rhyperior|15/100 psn|[from] psn
|upkeep
|turn|25
|
|t:|1760873569
|move|p2a: Zamazenta|Heavy Slam|p1a: Rhyperior
|-supereffective|p1a: Rhyperior
|-damage|p1a: Rhyperior|0 fnt
|faint|p1a: Rhyperior
|
|upkeep
|
|t:|1760873571
|switch|p1a: Gholdengo|Gholdengo, tera:Fairy|66/100
|-damage|p1a: Gholdengo|54/100|[from] Stealth Rock
|turn|26
|
|t:|1760873574
|move|p1a: Gholdengo|Recover|p1a: Gholdengo
|-heal|p1a: Gholdengo|100/100
|move|p2a: Zamazenta|Heavy Slam|p1a: Gholdengo
|-supereffective|p1a: Gholdengo
|-damage|p1a: Gholdengo|49/100
|
|upkeep
|turn|27
|
|t:|1760873579
|move|p1a: Gholdengo|Recover|p1a: Gholdengo
|-heal|p1a: Gholdengo|99/100
|cant|p2a: Zamazenta|par
|
|upkeep
|turn|28
|
|t:|1760873584
|move|p1a: Gholdengo|Hex|p2a: Zamazenta
|-damage|p2a: Zamazenta|0 fnt
|faint|p2a: Zamazenta
|
|upkeep
|
|t:|1760873586
|switch|p2a: Cinderace|Cinderace, M|13/100
|turn|29
|
|t:|1760873595
|move|p2a: Cinderace|Gunk Shot|p1a: Gholdengo
|-start|p2a: Cinderace|typechange|Poison|[from] ability: Libero
|-supereffective|p1a: Gholdengo
|-damage|p1a: Gholdengo|10/100
|move|p1a: Gholdengo|Hex|p2a: Cinderace
|-damage|p2a: Cinderace|0 fnt
|faint|p2a: Cinderace
|
|upkeep
|
|t:|1760873605
|switch|p2a: Darkrai|Darkrai, tera:Poison|25/100
|turn|30
|
|t:|1760873611
|move|p2a: Darkrai|Dark Pulse|p1a: Gholdengo
|-resisted|p1a: Gholdengo
|-damage|p1a: Gholdengo|0 fnt
|faint|p1a: Gholdengo
|
|upkeep
|
|t:|1760873618
|switch|p1a: Iron Crown|Iron Crown|100/100
|-damage|p1a: Iron Crown|94/100|[from] Stealth Rock
|turn|31
|
|t:|1760873620
|move|p2a: Darkrai|Dark Pulse|p1a: Iron Crown
|-supereffective|p1a: Iron Crown
|-damage|p1a: Iron Crown|4/100
|move|p1a: Iron Crown|Tachyon Cutter|p2a: Darkrai
|-damage|p2a: Darkrai|0 fnt
|faint|p2a: Darkrai
|-hitcount|p2: Darkrai|1
|
|upkeep
|
|t:|1760873624
|switch|p2a: Pecharunt|Pecharunt|100/100
|turn|32
|
|t:|1760873627
|move|p1a: Iron Crown|Tachyon Cutter|p2a: Pecharunt
|-damage|p2a: Pecharunt|66/100
|-crit|p2a: Pecharunt
|-damage|p2a: Pecharunt|9/100
|-hitcount|p2a: Pecharunt|2
|move|p2a: Pecharunt|Shadow Ball|p1a: Iron Crown
|-supereffective|p1a: Iron Crown
|-damage|p1a: Iron Crown|0 fnt
|faint|p1a: Iron Crown
|-end|p1a: Iron Crown|Quark Drive|[silent]
|
|upkeep
|
|t:|1760873633
|switch|p1a: Cinderace|Cinderace, F|39/100
|turn|33
|c|☆chefjojo|ok
|c|☆chefjojo|unlukz
|
|t:|1760873640
|move|p1a: Cinderace|Pyro Ball|p2a: Pecharunt
|-damage|p2a: Pecharunt|0 fnt
|faint|p2a: Pecharunt
|
|win|witcher7777
|raw|witcher7777's rating: 1376 &rarr; <strong>1399</strong><br />(+23 for winning)
|raw|chefjojo's rating: 1431 &rarr; <strong>1408</strong><br />(-23 for losing)
|c|☆chefjojo|sad
|l|☆witcher7777
|player|p1|
|l|☆chefjojo
|player|p2|
