|j|☆6 7 reasons why
|j|☆redmists
|t:|1760877093
|gametype|singles
|player|p1|6 7 reasons why|265|1368
|player|p2|redmists|1|1343
|gen|9
|tier|[Gen 9] OU
|rated|
|rule|HP Percentage Mod: HP is shown in percentages
|rule|Endless Battle Clause: Forcing endless battles is banned
|rule|Species Clause: Limit one of each Pokémon
|rule|OHKO Clause: OHKO moves are banned
|rule|Evasion Items Clause: Evasion items are banned
|rule|Evasion Moves Clause: Evasion moves are banned
|rule|Evasion Abilities Clause: Evasion abilities are banned
|rule|Sleep Moves Clause: Sleep-inducing moves are banned
|clearpoke
|poke|p1|Zamazenta-*|
|poke|p1|Ninetales-Alola, F|
|poke|p1|Darkrai|
|poke|p1|Ceruledge, M|
|poke|p1|Gliscor, M|
|poke|p1|Hatterene, F|
|poke|p2|Deoxys-Speed|
|poke|p2|Kingambit, F|
|poke|p2|Zamazenta-*|
|poke|p2|Ogerpon-Wellspring, F|
|poke|p2|Slowking-Galar, M|
|poke|p2|Gliscor, M|
|teampreview
|inactive|Battle timer is ON: inactive players will automatically lose when time's up. (requested by 6 7 reasons why)
|
|t:|1760877110
|teamsize|p1|6
|teamsize|p2|6
|start
|switch|p1a: Ceruledge|Ceruledge, M|100/100
|switch|p2a: Kingambit|Kingambit, F|100/100
|turn|1
|
|t:|1760877129
|move|p1a: Ceruledge|Bitter Blade|p2a: Kingambit
|-supereffective|p2a: Kingambit
|-damage|p2a: Kingambit|43/100
|move|p2a: Kingambit|Kowtow Cleave|p1a: Ceruledge
|-supereffective|p1a: Ceruledge
|-damage|p1a: Ceruledge|0 fnt
|faint|p1a: Ceruledge
|
|-heal|p2a: Kingambit|49/100|[from] item: Leftovers
|upkeep
|
|t:|1760877141
|switch|p1a: Gliscor|Gliscor, M|100/100
|turn|2
|
|t:|1760877153
|-end|p2a: Kingambit|fallenundefined|[silent]
|switch|p2a: Ogerpon|Ogerpon-Wellspring, F|100/100
|move|p1a: Gliscor|Swords Dance|p1a: Gliscor
|-boost|p1a: Gliscor|atk|2
|
|-status|p1a: Gliscor|tox|[from] item: Toxic Orb
|upkeep
|turn|3
|
|t:|1760877163
|switch|p1a: Ninetales|Ninetales-Alola, F|100/100
|-weather|Snowscape|[from] ability: Snow Warning|[of] p1a: Ninetales
|-terastallize|p2a: Ogerpon|Water
|detailschange|p2a: Ogerpon|Ogerpon-Wellspring-Tera, F, tera:Water
|-ability|p2a: Ogerpon|Embody Aspect (Wellspring)|boost
|-boost|p2a: Ogerpon|spd|1
|move|p2a: Ogerpon|Ivy Cudgel|p1a: Ninetales|[anim] Ivy Cudgel Water
|-crit|p1a: Ninetales
|-damage|p1a: Ninetales|1/100
|
|-weather|Snowscape|[upkeep]
|upkeep
|turn|4
|
|t:|1760877177
|move|p2a: Ogerpon|U-turn|p1a: Ninetales
|-resisted|p1a: Ninetales
|-damage|p1a: Ninetales|0 fnt
|faint|p1a: Ninetales
|
|t:|1760877181
|switch|p2a: Gliscor|Gliscor, M|100/100|[from] U-turn
|
|-weather|Snowscape|[upkeep]
|-status|p2a: Gliscor|tox|[from] item: Toxic Orb
|upkeep
|
|t:|1760877198
|switch|p1a: Gliscor|Gliscor, M|100/100 tox
|turn|5
|
|t:|1760877203
|move|p1a: Gliscor|Agility|p1a: Gliscor
|-boost|p1a: Gliscor|spe|2
|move|p2a: Gliscor|Swords Dance|p2a: Gliscor
|-boost|p2a: Gliscor|atk|2
|
|-weather|Snowscape|[upkeep]
|upkeep
|turn|6
|
|t:|1760877211
|move|p1a: Gliscor|Swords Dance|p1a: Gliscor
|-boost|p1a: Gliscor|atk|2
|move|p2a: Gliscor|Facade|p1a: Gliscor
|-damage|p1a: Gliscor|52/100 tox
|
|-weather|Snowscape|[upkeep]
|-heal|p1a: Gliscor|64/100 tox|[from] ability: Poison Heal
|upkeep
|turn|7
|
|t:|1760877220
|-terastallize|p1a: Gliscor|Normal
|move|p1a: Gliscor|Facade|p2a: Gliscor
|-damage|p2a: Gliscor|39/100 tox
|move|p2a: Gliscor|Facade|p1a: Gliscor
|-damage|p1a: Gliscor|18/100 tox
|
|-weather|none
|-heal|p1a: Gliscor|31/100 tox|[from] ability: Poison Heal
|-heal|p2a: Gliscor|52/100 tox|[from] ability: Poison Heal
|upkeep
|turn|8
|
|t:|1760877237
|move|p2a: Gliscor|Protect|p2a: Gliscor
|-singleturn|p2a: Gliscor|Protect
|move|p1a: Gliscor|Facade|p2a: Gliscor
|-activate|p2a: Gliscor|move: Protect
|
|-heal|p1a: Gliscor|43/100 tox|[from] ability: Poison Heal
|-heal|p2a: Gliscor|64/100 tox|[from] ability: Poison Heal
|upkeep
|turn|9
|
|t:|1760877246
|move|p1a: Gliscor|Facade|p2a: Gliscor
|-damage|p2a: Gliscor|4/100 tox
|move|p2a: Gliscor|Facade|p1a: Gliscor
|-damage|p1a: Gliscor|0 fnt
|faint|p1a: Gliscor
|
|-heal|p2a: Gliscor|16/100 tox|[from] ability: Poison Heal
|upkeep
|
|t:|1760877254
|switch|p1a: Darkrai|Darkrai|100/100
|turn|10
|
|t:|1760877258
|move|p2a: Gliscor|Protect|p2a: Gliscor
|-singleturn|p2a: Gliscor|Protect
|move|p1a: Darkrai|Nasty Plot|p1a: Darkrai
|-boost|p1a: Darkrai|spa|2
|
|-heal|p2a: Gliscor|29/100 tox|[from] ability: Poison Heal
|upkeep
|turn|11
|
|t:|1760877268
|move|p1a: Darkrai|Dark Pulse|p2a: Gliscor
|-damage|p2a: Gliscor|0 fnt
|faint|p2a: Gliscor
|
|upkeep
|
|t:|1760877273
|switch|p2a: Zamazenta|Zamazenta|100/100
|-ability|p2a: Zamazenta|Dauntless Shield|boost
|-boost|p2a: Zamazenta|def|1
|turn|12
|
|t:|1760877279
|move|p2a: Zamazenta|Body Press|p1a: Darkrai
|-supereffective|p1a: Darkrai
|-crit|p1a: Darkrai
|-damage|p1a: Darkrai|0 fnt
|faint|p1a: Darkrai
|
|upkeep
|
|t:|1760877283
|switch|p1a: Hatterene|Hatterene, F|100/100
|turn|13
|
|t:|1760877288
|move|p2a: Zamazenta|Crunch|p1a: Hatterene
|-damage|p1a: Hatterene|78/100
|-unboost|p1a: Hatterene|def|1
|move|p1a: Hatterene|Calm Mind|p1a: Hatterene
|-boost|p1a: Hatterene|spa|1
|-boost|p1a: Hatterene|spd|1
|
|-heal|p1a: Hatterene|84/100|[from] item: Leftovers
|upkeep
|turn|14
|
|t:|1760877297
|move|p2a: Zamazenta|Crunch|p1a: Hatterene
|-damage|p1a: Hatterene|49/100
|move|p1a: Hatterene|Draining Kiss|p2a: Zamazenta
|-supereffective|p2a: Zamazenta
|-damage|p2a: Zamazenta|38/100
|-heal|p1a: Hatterene|98/100|[from] drain|[of] p2a: Zamazenta
|
|-heal|p2a: Zamazenta|44/100|[from] item: Leftovers
|-heal|p1a: Hatterene|100/100|[from] item: Leftovers
|upkeep
|turn|15
|
|t:|1760877307
|move|p2a: Zamazenta|Crunch|p1a: Hatterene
|-damage|p1a: Hatterene|68/100
|move|p1a: Hatterene|Draining Kiss|p2a: Zamazenta
|-supereffective|p2a: Zamazenta
|-damage|p2a: Zamazenta|0 fnt
|-heal|p1a: Hatterene|100/100|[from] drain|[of] p2a: Zamazenta
|faint|p2a: Zamazenta
|
|upkeep
|
|t:|1760877317
|switch|p2a: Kingambit|Kingambit, F|49/100
|-activate|p2a: Kingambit|ability: Supreme Overlord
|-start|p2a: Kingambit|fallen2|[silent]
|turn|16
|
|t:|1760877321
|switch|p1a: Zamazenta|Zamazenta|100/100
|-ability|p1a: Zamazenta|Dauntless Shield|boost
|-boost|p1a: Zamazenta|def|1
|move|p2a: Kingambit|Iron Head|p1a: Zamazenta
|-damage|p1a: Zamazenta|71/100
|
|-heal|p2a: Kingambit|55/100|[from] item: Leftovers
|upkeep
|turn|17
|
|t:|1760877335
|move|p1a: Zamazenta|Crunch|p2a: Kingambit
|-resisted|p2a: Kingambit
|-damage|p2a: Kingambit|46/100
|-unboost|p2a: Kingambit|def|1
|move|p2a: Kingambit|Iron Head|p1a: Zamazenta
|-crit|p1a: Zamazenta
|-damage|p1a: Zamazenta|1/100
|
|-heal|p2a: Kingambit|52/100|[from] item: Leftovers
|upkeep
|turn|18
|
|t:|1760877346
|move|p2a: Kingambit|Sucker Punch||[still]
|-fail|p2a: Kingambit
|move|p1a: Zamazenta|Iron Defense|p1a: Zamazenta
|-boost|p1a: Zamazenta|def|2
|
|-heal|p2a: Kingambit|59/100|[from] item: Leftovers
|upkeep
|turn|19
|
|t:|1760877353
|move|p2a: Kingambit|Sucker Punch||[still]
|-fail|p2a: Kingambit
|move|p1a: Zamazenta|Rest|p1a: Zamazenta
|-status|p1a: Zamazenta|slp|[from] move: Rest
|-heal|p1a: Zamazenta|100/100 slp|[silent]
|-enditem|p1a: Zamazenta|Chesto Berry|[eat]
|-curestatus|p1a: Zamazenta|slp|[msg]
|
|-heal|p2a: Kingambit|65/100|[from] item: Leftovers
|upkeep
|turn|20
|
|t:|1760877364
|move|p1a: Zamazenta|Body Press|p2a: Kingambit
|-supereffective|p2a: Kingambit
|-damage|p2a: Kingambit|0 fnt
|faint|p2a: Kingambit
|-end|p2a: Kingambit|fallen2|[silent]
|
|upkeep
|
|t:|1760877370
|switch|p2a: Slowking|Slowking-Galar, M|100/100
|turn|21
|
|t:|1760877375
|move|p1a: Zamazenta|Crunch|p2a: Slowking
|-supereffective|p2a: Slowking
|-damage|p2a: Slowking|50/100
|move|p2a: Slowking|Psychic Noise|p1a: Zamazenta
|-supereffective|p1a: Zamazenta
|-damage|p1a: Zamazenta|50/100
|-start|p1a: Zamazenta|move: Heal Block
|
|-heal|p2a: Slowking|56/100|[from] item: Leftovers
|upkeep
|turn|22
|
|t:|1760877387
|move|p1a: Zamazenta|Crunch|p2a: Slowking
|-supereffective|p2a: Slowking
|-damage|p2a: Slowking|6/100
|-unboost|p2a: Slowking|def|1
|move|p2a: Slowking|Psychic Noise|p1a: Zamazenta
|-supereffective|p1a: Zamazenta
|-damage|p1a: Zamazenta|0 fnt
|faint|p1a: Zamazenta
|
|-heal|p2a: Slowking|12/100|[from] item: Leftovers
|upkeep
|
|t:|1760877392
|switch|p1a: Hatterene|Hatterene, F|100/100
|turn|23
|
|t:|1760877403
|move|p1a: Hatterene|Calm Mind|p1a: Hatterene
|-boost|p1a: Hatterene|spa|1
|-boost|p1a: Hatterene|spd|1
|move|p2a: Slowking|Slack Off|p2a: Slowking
|-heal|p2a: Slowking|62/100
|
|-heal|p2a: Slowking|68/100|[from] item: Leftovers
|upkeep
|turn|24
|
|t:|1760877414
|move|p1a: Hatterene|Calm Mind|p1a: Hatterene
|-boost|p1a: Hatterene|spa|1
|-boost|p1a: Hatterene|spd|1
|move|p2a: Slowking|Sludge Bomb|p1a: Hatterene
|-supereffective|p1a: Hatterene
|-damage|p1a: Hatterene|66/100
|
|-heal|p1a: Hatterene|72/100|[from] item: Leftovers
|-heal|p2a: Slowking|74/100|[from] item: Leftovers
|upkeep
|turn|25
|
|t:|1760877423
|move|p1a: Hatterene|Psyshock|p2a: Slowking
|-damage|p2a: Slowking|0 fnt
|faint|p2a: Slowking
|
|-heal|p1a: Hatterene|78/100|[from] item: Leftovers
|upkeep
|
|t:|1760877430
|switch|p2a: Deoxys|Deoxys-Speed|100/100
|-ability|p2a: Deoxys|Pressure
|turn|26
|
|t:|1760877436
|move|p2a: Deoxys|Psycho Boost|p1a: Hatterene
|-resisted|p1a: Hatterene
|-damage|p1a: Hatterene|62/100
|-unboost|p2a: Deoxys|spa|2
|move|p1a: Hatterene|Draining Kiss|p2a: Deoxys
|-damage|p2a: Deoxys|27/100
|-heal|p1a: Hatterene|100/100|[from] drain|[of] p2a: Deoxys
|
|upkeep
|turn|27
|
|t:|1760877446
|move|p2a: Deoxys|Thunderbolt|p1a: Hatterene
|-damage|p1a: Hatterene|94/100
|move|p1a: Hatterene|Calm Mind|p1a: Hatterene
|-boost|p1a: Hatterene|spa|1
|-boost|p1a: Hatterene|spd|1
|
|-heal|p1a: Hatterene|99/100|[from] item: Leftovers
|upkeep
|turn|28
|
|t:|1760877458
|move|p2a: Deoxys|Thunderbolt|p1a: Hatterene
|-damage|p1a: Hatterene|94/100
|-status|p1a: Hatterene|par
|move|p1a: Hatterene|Calm Mind|p1a: Hatterene
|-boost|p1a: Hatterene|spa|1
|-boost|p1a: Hatterene|spd|1
|
|-heal|p1a: Hatterene|99/100 par|[from] item: Leftovers
|upkeep
|turn|29
|
|t:|1760877468
|move|p2a: Deoxys|Psycho Boost|p1a: Hatterene
|-resisted|p1a: Hatterene
|-damage|p1a: Hatterene|95/100 par
|-unboost|p2a: Deoxys|spa|2
|cant|p1a: Hatterene|par
|
|-heal|p1a: Hatterene|100/100 par|[from] item: Leftovers
|upkeep
|turn|30
|
|t:|1760877478
|move|p2a: Deoxys|Thunderbolt|p1a: Hatterene
|-damage|p1a: Hatterene|97/100 par
|move|p1a: Hatterene|Calm Mind|p1a: Hatterene
|-boost|p1a: Hatterene|spa|1
|-boost|p1a: Hatterene|spd|1
|
|-heal|p1a: Hatterene|100/100 par|[from] item: Leftovers
|upkeep
|turn|31
|
|t:|1760877486
|switch|p2a: Ogerpon|Ogerpon-Wellspring-Tera, F, tera:Water|100/100
|-ability|p2a: Ogerpon|Embody Aspect (Wellspring)|boost
|-boost|p2a: Ogerpon|spd|1
|cant|p1a: Hatterene|par
|
|upkeep
|turn|32
|
|t:|1760877495
|move|p2a: Ogerpon|Ivy Cudgel|p1a: Hatterene|[anim] Ivy Cudgel Water
|-damage|p1a: Hatterene|29/100 par
|move|p1a: Hatterene|Psyshock|p2a: Ogerpon
|-damage|p2a: Ogerpon|0 fnt
|faint|p2a: Ogerpon
|detailschange|p2: Ogerpon|Ogerpon-Wellspring, F|[silent]
|
|-heal|p1a: Hatterene|35/100 par|[from] item: Leftovers
|upkeep
|
|t:|1760877506
|switch|p2a: Deoxys|Deoxys-Speed|27/100
|-ability|p2a: Deoxys|Pressure
|turn|33
|
|t:|1760877512
|move|p2a: Deoxys|Thunderbolt|p1a: Hatterene
|-crit|p1a: Hatterene
|-damage|p1a: Hatterene|0 fnt
|faint|p1a: Hatterene
|
|win|redmists
|raw|6 7 reasons why's rating: 1368 &rarr; <strong>1347</strong><br />(-21 for losing)
|raw|redmists's rating: 1343 &rarr; <strong>1364</strong><br />(+21 for winning)
