|j|☆qchita
|j|☆srandomg
|t:|1760752263
|gametype|singles
|player|p1|qchita|pokekid|1689
|player|p2|srandomg|burglar|1660
|gen|9
|tier|[Gen 9] OU
|rated|
|rule|HP Percentage Mod: HP is shown in percentages
|rule|Endless Battle Clause: Forcing endless battles is banned
|rule|Species Clause: Limit one of each Pokémon
|rule|OHKO Clause: OHKO moves are banned
|rule|Evasion Items Clause: Evasion items are banned
|rule|Evasion Moves Clause: Evasion moves are banned
|rule|Evasion Abilities Clause: Evasion abilities are banned
|rule|Sleep Moves Clause: Sleep-inducing moves are banned
|clearpoke
|poke|p1|Dragapult, F|
|poke|p1|Cresselia, F|
|poke|p1|Pecharunt|
|poke|p1|Kingambit, M|
|poke|p1|Great Tusk|
|poke|p1|Kyurem|
|poke|p2|Pelipper, M|
|poke|p2|Beartic, M|
|poke|p2|Barraskewda, F|
|poke|p2|Ogerpon-Wellspring, F|
|poke|p2|Zapdos|
|poke|p2|Hatterene, F|
|teampreview
|
|t:|1760752274
|teamsize|p1|6
|teamsize|p2|6
|start
|switch|p1a: Kyurem|Kyurem|100/100
|switch|p2a: Pelipper|Pelipper, M|100/100
|-ability|p1a: Kyurem|Pressure
|-weather|RainDance|[from] ability: Drizzle|[of] p2a: Pelipper
|turn|1
|
|t:|1760752279
|switch|p2a: Beartic|Beartic, M|100/100
|move|p1a: Kyurem|Substitute|p1a: Kyurem
|-start|p1a: Kyurem|Substitute
|-damage|p1a: Kyurem|76/100
|
|-weather|RainDance|[upkeep]
|-heal|p1a: Kyurem|82/100|[from] item: Leftovers
|upkeep
|turn|2
|
|t:|1760752284
|move|p1a: Kyurem|Protect|p1a: Kyurem
|-singleturn|p1a: Kyurem|Protect
|move|p2a: Beartic|Icicle Spear|p1a: Kyurem
|-activate|p1a: Kyurem|move: Protect
|
|-weather|RainDance|[upkeep]
|-heal|p1a: Kyurem|88/100|[from] item: Leftovers
|upkeep
|turn|3
|
|t:|1760752287
|move|p2a: Beartic|Icicle Spear|p1a: Kyurem
|-activate|p1a: Kyurem|move: Substitute|[damage]
|-end|p1a: Kyurem|Substitute
|-damage|p1a: Kyurem|75/100
|-damage|p1a: Kyurem|62/100
|-hitcount|p1a: Kyurem|4
|move|p1a: Kyurem|Earth Power|p2a: Beartic
|-damage|p2a: Beartic|62/100
|
|-weather|RainDance|[upkeep]
|-heal|p1a: Kyurem|68/100|[from] item: Leftovers
|upkeep
|turn|4
|
|t:|1760752290
|move|p1a: Kyurem|Protect|p1a: Kyurem
|-singleturn|p1a: Kyurem|Protect
|move|p2a: Beartic|Close Combat|p1a: Kyurem
|-activate|p1a: Kyurem|move: Protect
|
|-weather|RainDance|[upkeep]
|-heal|p1a: Kyurem|74/100|[from] item: Leftovers
|upkeep
|turn|5
|
|t:|1760752294
|switch|p1a: Cresselia|Cresselia, F|100/100
|move|p2a: Beartic|Earthquake|p1a: Cresselia
|-immune|p1a: Cresselia|[from] ability: Levitate
|
|-weather|RainDance|[upkeep]
|upkeep
|turn|6
|
|t:|1760752297
|switch|p2a: Hatterene|Hatterene, F|100/100
|move|p1a: Cresselia|Thunder Wave|p2a: Hatterene
|move|p2a: Hatterene|Thunder Wave|p1a: Cresselia|[from] ability: Magic Bounce
|-status|p1a: Cresselia|par
|
|-weather|RainDance|[upkeep]
|upkeep
|turn|7
|
|t:|1760752302
|switch|p1a: Kingambit|Kingambit, M|100/100
|switch|p2a: Barraskewda|Barraskewda, F|100/100
|
|-weather|RainDance|[upkeep]
|upkeep
|turn|8
|
|t:|1760752306
|-end|p1a: Kingambit|fallenundefined|[silent]
|switch|p1a: Cresselia|Cresselia, F|100/100 par
|move|p2a: Barraskewda|Flip Turn|p1a: Cresselia
|-damage|p1a: Cresselia|69/100 par
|-damage|p2a: Barraskewda|84/100|[from] item: Rocky Helmet|[of] p1a: Cresselia
|
|t:|1760752311
|switch|p2a: Ogerpon|Ogerpon-Wellspring, F|100/100|[from] Flip Turn
|
|-weather|none
|upkeep
|turn|9
|
|t:|1760752315
|switch|p2a: Zapdos|Zapdos|100/100
|move|p1a: Cresselia|Thunder Wave|p2a: Zapdos|[miss]
|-miss|p1a: Cresselia|p2a: Zapdos
|
|upkeep
|turn|10
|
|t:|1760752318
|move|p2a: Zapdos|Volt Switch|p1a: Cresselia
|-damage|p1a: Cresselia|47/100 par
|
|t:|1760752321
|switch|p2a: Ogerpon|Ogerpon-Wellspring, F|100/100|[from] Volt Switch
|move|p1a: Cresselia|Moonlight|p1a: Cresselia
|-heal|p1a: Cresselia|97/100 par
|
|upkeep
|turn|11
|inactive|Battle timer is ON: inactive players will automatically lose when time's up. (requested by qchita)
|
|t:|1760752325
|switch|p1a: Kyurem|Kyurem|74/100
|-ability|p1a: Kyurem|Pressure
|move|p2a: Ogerpon|Encore||[still]
|-fail|p2a: Ogerpon
|
|-heal|p1a: Kyurem|81/100|[from] item: Leftovers
|upkeep
|turn|12
|
|t:|1760752331
|move|p2a: Ogerpon|Play Rough|p1a: Kyurem
|-supereffective|p1a: Kyurem
|-damage|p1a: Kyurem|19/100
|move|p1a: Kyurem|Freeze-Dry|p2a: Ogerpon
|-supereffective|p2a: Ogerpon
|-damage|p2a: Ogerpon|0 fnt
|faint|p2a: Ogerpon
|
|-heal|p1a: Kyurem|25/100|[from] item: Leftovers
|upkeep
|
|t:|1760752342
|switch|p2a: Barraskewda|Barraskewda, F|84/100
|turn|13
|
|t:|1760752345
|move|p1a: Kyurem|Protect|p1a: Kyurem
|-singleturn|p1a: Kyurem|Protect
|move|p2a: Barraskewda|Liquidation|p1a: Kyurem
|-activate|p1a: Kyurem|move: Protect
|
|-heal|p1a: Kyurem|31/100|[from] item: Leftovers
|upkeep
|turn|14
|
|t:|1760752349
|move|p2a: Barraskewda|Close Combat|p1a: Kyurem
|-supereffective|p1a: Kyurem
|-damage|p1a: Kyurem|0 fnt
|-unboost|p2a: Barraskewda|def|1
|-unboost|p2a: Barraskewda|spd|1
|faint|p1a: Kyurem
|
|upkeep
|
|t:|1760752357
|switch|p1a: Dragapult|Dragapult, F|100/100
|turn|15
|
|t:|1760752363
|switch|p2a: Zapdos|Zapdos|100/100
|move|p1a: Dragapult|Will-O-Wisp|p2a: Zapdos
|-status|p2a: Zapdos|brn
|
|-damage|p2a: Zapdos|94/100 brn|[from] brn
|upkeep
|turn|16
|
|t:|1760752367
|move|p1a: Dragapult|Hex|p2a: Zapdos
|-damage|p2a: Zapdos|57/100 brn
|move|p2a: Zapdos|Hurricane|p1a: Dragapult
|-damage|p1a: Dragapult|8/100
|-start|p1a: Dragapult|confusion
|
|-damage|p2a: Zapdos|51/100 brn|[from] brn
|upkeep
|turn|17
|
|t:|1760752374
|switch|p1a: Cresselia|Cresselia, F|97/100 par
|switch|p2a: Pelipper|Pelipper, M|100/100
|-weather|RainDance|[from] ability: Drizzle|[of] p2a: Pelipper
|
|-weather|RainDance|[upkeep]
|upkeep
|turn|18
|
|t:|1760752378
|switch|p2a: Zapdos|Zapdos|51/100 brn
|move|p1a: Cresselia|Lunar Dance|p1a: Cresselia
|faint|p1a: Cresselia
|
|-weather|RainDance|[upkeep]
|-damage|p2a: Zapdos|44/100 brn|[from] brn
|upkeep
|
|t:|1760752386
|switch|p1a: Dragapult|Dragapult, F|8/100
|-heal|p1a: Dragapult|100/100|[from] move: Lunar Dance
|turn|19
|
|t:|1760752390
|move|p1a: Dragapult|Hex|p2a: Zapdos
|-damage|p2a: Zapdos|7/100 brn
|move|p2a: Zapdos|Hurricane|p1a: Dragapult
|-damage|p1a: Dragapult|12/100
|
|-weather|RainDance|[upkeep]
|-damage|p2a: Zapdos|0 fnt|[from] brn
|faint|p2a: Zapdos
|upkeep
|
|t:|1760752392
|switch|p2a: Barraskewda|Barraskewda, F|84/100
|turn|20
|
|t:|1760752396
|move|p2a: Barraskewda|Flip Turn|p1a: Dragapult
|-resisted|p1a: Dragapult
|-damage|p1a: Dragapult|0 fnt
|faint|p1a: Dragapult
|
|t:|1760752405
|switch|p2a: Pelipper|Pelipper, M|100/100|[from] Flip Turn
|
|-weather|RainDance|[upkeep]
|upkeep
|
|t:|1760752409
|switch|p1a: Pecharunt|Pecharunt|100/100
|turn|21
|
|t:|1760752411
|move|p1a: Pecharunt|Malignant Chain|p2a: Pelipper
|-damage|p2a: Pelipper|57/100
|-status|p2a: Pelipper|tox
|-start|p2a: Pelipper|confusion|[from] ability: Poison Puppeteer|[of] p1a: Pecharunt
|-activate|p2a: Pelipper|confusion
|move|p2a: Pelipper|Surf|p1a: Pecharunt
|-damage|p1a: Pecharunt|57/100
|
|-weather|RainDance|[upkeep]
|-damage|p2a: Pelipper|51/100 tox|[from] psn
|upkeep
|turn|22
|
|t:|1760752416
|switch|p2a: Barraskewda|Barraskewda, F|84/100
|move|p1a: Pecharunt|Recover|p1a: Pecharunt
|-heal|p1a: Pecharunt|100/100
|
|-weather|RainDance|[upkeep]
|upkeep
|turn|23
|
|t:|1760752428
|-terastallize|p2a: Barraskewda|Water
|move|p2a: Barraskewda|Flip Turn|p1a: Pecharunt
|-damage|p1a: Pecharunt|56/100
|
|t:|1760752430
|switch|p2a: Hatterene|Hatterene, F|100/100|[from] Flip Turn
|move|p1a: Pecharunt|Malignant Chain|p2a: Hatterene
|-supereffective|p2a: Hatterene
|-damage|p2a: Hatterene|34/100
|-enditem|p2a: Hatterene|Eject Button
|
|t:|1760752431
|switch|p2a: Barraskewda|Barraskewda, F, tera:Water|84/100
|
|-weather|RainDance|[upkeep]
|upkeep
|turn|24
|
|t:|1760752436
|switch|p1a: Great Tusk|Great Tusk|100/100
|move|p2a: Barraskewda|Liquidation|p1a: Great Tusk
|-supereffective|p1a: Great Tusk
|-damage|p1a: Great Tusk|0 fnt
|faint|p1a: Great Tusk
|-end|p1a: Great Tusk|Protosynthesis|[silent]
|
|-weather|none
|upkeep
|
|t:|1760752438
|switch|p1a: Pecharunt|Pecharunt|56/100
|turn|25
|
|t:|1760752441
|move|p2a: Barraskewda|Flip Turn|p1a: Pecharunt
|-damage|p1a: Pecharunt|23/100
|
|t:|1760752442
|switch|p2a: Pelipper|Pelipper, M|51/100 tox|[from] Flip Turn
|-weather|RainDance|[from] ability: Drizzle|[of] p2a: Pelipper
|move|p1a: Pecharunt|Recover|p1a: Pecharunt
|-heal|p1a: Pecharunt|73/100
|
|-weather|RainDance|[upkeep]
|-damage|p2a: Pelipper|45/100 tox|[from] psn
|upkeep
|turn|26
|
|t:|1760752451
|move|p1a: Pecharunt|Recover|p1a: Pecharunt
|-heal|p1a: Pecharunt|100/100
|move|p2a: Pelipper|Surf|p1a: Pecharunt
|-damage|p1a: Pecharunt|54/100
|
|-weather|RainDance|[upkeep]
|-damage|p2a: Pelipper|32/100 tox|[from] psn
|upkeep
|turn|27
|
|t:|1760752453
|move|p1a: Pecharunt|Recover|p1a: Pecharunt
|-heal|p1a: Pecharunt|100/100
|move|p2a: Pelipper|Surf|p1a: Pecharunt
|-damage|p1a: Pecharunt|55/100
|
|-weather|RainDance|[upkeep]
|-damage|p2a: Pelipper|14/100 tox|[from] psn
|upkeep
|turn|28
|
|t:|1760752455
|move|p1a: Pecharunt|Recover|p1a: Pecharunt
|-heal|p1a: Pecharunt|100/100
|move|p2a: Pelipper|Surf|p1a: Pecharunt
|-crit|p1a: Pecharunt
|-damage|p1a: Pecharunt|29/100
|
|-weather|RainDance|[upkeep]
|-damage|p2a: Pelipper|0 fnt|[from] psn
|faint|p2a: Pelipper
|upkeep
|
|t:|1760752458
|switch|p2a: Barraskewda|Barraskewda, F, tera:Water|84/100
|turn|29
|
|t:|1760752465
|move|p2a: Barraskewda|Liquidation|p1a: Pecharunt
|-damage|p1a: Pecharunt|0 fnt
|faint|p1a: Pecharunt
|
|-weather|RainDance|[upkeep]
|upkeep
|
|t:|1760752466
|switch|p1a: Kingambit|Kingambit, M|100/100
|-activate|p1a: Kingambit|ability: Supreme Overlord
|-start|p1a: Kingambit|fallen5|[silent]
|turn|30
|
|t:|1760752471
|-terastallize|p1a: Kingambit|Flying
|move|p2a: Barraskewda|Close Combat|p1a: Kingambit
|-resisted|p1a: Kingambit
|-damage|p1a: Kingambit|82/100
|-unboost|p2a: Barraskewda|def|1
|-unboost|p2a: Barraskewda|spd|1
|move|p1a: Kingambit|Kowtow Cleave|p2a: Barraskewda
|-damage|p2a: Barraskewda|0 fnt
|faint|p2a: Barraskewda
|
|-weather|RainDance|[upkeep]
|-heal|p1a: Kingambit|89/100|[from] item: Leftovers
|upkeep
|
|t:|1760752475
|switch|p2a: Beartic|Beartic, M|62/100
|turn|31
|
|t:|1760752479
|move|p2a: Beartic|Substitute|p2a: Beartic
|-start|p2a: Beartic|Substitute
|-damage|p2a: Beartic|38/100
|move|p1a: Kingambit|Iron Head|p2a: Beartic
|-supereffective|p2a: Beartic
|-end|p2a: Beartic|Substitute
|
|-weather|RainDance|[upkeep]
|-heal|p1a: Kingambit|95/100|[from] item: Leftovers
|upkeep
|turn|32
|
|t:|1760752485
|move|p2a: Beartic|Substitute|p2a: Beartic
|-start|p2a: Beartic|Substitute
|-damage|p2a: Beartic|13/100
|move|p1a: Kingambit|Iron Head|p2a: Beartic
|-supereffective|p2a: Beartic
|-end|p2a: Beartic|Substitute
|
|-weather|none
|-heal|p1a: Kingambit|100/100|[from] item: Leftovers
|upkeep
|turn|33
|
|t:|1760752490
|move|p1a: Kingambit|Sucker Punch||[still]
|-fail|p1a: Kingambit
|move|p2a: Beartic|Substitute|p2a: Beartic
|-fail|p2a: Beartic|move: Substitute|[weak]
|
|upkeep
|turn|34
|
|t:|1760752498
|move|p1a: Kingambit|Sucker Punch||[still]
|-fail|p1a: Kingambit
|move|p2a: Beartic|Substitute|p2a: Beartic
|-fail|p2a: Beartic|move: Substitute|[weak]
|
|upkeep
|turn|35
|
|t:|1760752504
|move|p1a: Kingambit|Sucker Punch|p2a: Beartic
|-damage|p2a: Beartic|0 fnt
|faint|p2a: Beartic
|
|upkeep
|-message|srandomg forfeited.
|
|win|qchita
|raw|qchita's rating: 1689 &rarr; <strong>1707</strong><br />(+18 for winning)
|raw|srandomg's rating: 1660 &rarr; <strong>1642</strong><br />(-18 for losing)
|l|☆srandomg
|player|p2|
|l|☆qchita
|player|p1|
