|j|☆venton e
|j|☆reudige Gurke
|t:|1760811044
|gametype|singles
|player|p1|venton e|janine|1237
|player|p2|reudige Gurke|265|1260
|gen|9
|tier|[Gen 9] OU
|rated|
|rule|HP Percentage Mod: HP is shown in percentages
|rule|Endless Battle Clause: Forcing endless battles is banned
|rule|Species Clause: Limit one of each Pokémon
|rule|OHKO Clause: OHKO moves are banned
|rule|Evasion Items Clause: Evasion items are banned
|rule|Evasion Moves Clause: Evasion moves are banned
|rule|Evasion Abilities Clause: Evasion abilities are banned
|rule|Sleep Moves Clause: Sleep-inducing moves are banned
|clearpoke
|poke|p1|Landorus-Therian, M|
|poke|p1|Darkrai|
|poke|p1|Walking Wake|
|poke|p1|Ninetales, M|
|poke|p1|Tornadus-Therian, M|
|poke|p1|Gholdengo|
|poke|p2|Mew|
|poke|p2|Alomomola, F|
|poke|p2|Cinderace, F|
|poke|p2|Primarina, F|
|poke|p2|Persian-Alola, F|
|poke|p2|Kyurem|
|teampreview
|
|t:|1760811057
|teamsize|p1|6
|teamsize|p2|6
|start
|switch|p1a: Tornadus|Tornadus-Therian, M|100/100
|switch|p2a: Persian|Persian-Alola, F|100/100
|turn|1
|
|t:|1760811063
|move|p2a: Persian|Thunder Wave|p1a: Tornadus
|-status|p1a: Tornadus|par
|move|p1a: Tornadus|Knock Off|p2a: Persian
|-resisted|p2a: Persian
|-crit|p2a: Persian
|-damage|p2a: Persian|89/100
|-enditem|p2a: Persian|Choice Scarf|[from] move: Knock Off|[of] p1a: Tornadus
|
|upkeep
|turn|2
|
|t:|1760811072
|move|p2a: Persian|Parting Shot|p1a: Tornadus
|-unboost|p1a: Tornadus|atk|1
|-unboost|p1a: Tornadus|spa|1
|
|t:|1760811074
|switch|p2a: Mew|Mew|100/100|[from] Parting Shot
|move|p1a: Tornadus|Taunt|p2a: Mew
|-start|p2a: Mew|move: Taunt
|
|upkeep
|turn|3
|
|t:|1760811080
|switch|p2a: Persian|Persian-Alola, F|89/100
|move|p1a: Tornadus|U-turn|p2a: Persian
|-supereffective|p2a: Persian
|-damage|p2a: Persian|73/100
|
|t:|1760811089
|switch|p1a: Ninetales|Ninetales, M|100/100|[from] U-turn
|-weather|SunnyDay|[from] ability: Drought|[of] p1a: Ninetales
|
|-weather|SunnyDay|[upkeep]
|upkeep
|turn|4
|
|t:|1760811098
|move|p2a: Persian|Thunder Wave|p1a: Ninetales
|-status|p1a: Ninetales|par
|move|p1a: Ninetales|Will-O-Wisp|p2a: Persian|[miss]
|-miss|p1a: Ninetales|p2a: Persian
|
|-weather|SunnyDay|[upkeep]
|upkeep
|turn|5
|
|t:|1760811107
|switch|p1a: Tornadus|Tornadus-Therian, M|100/100 par
|move|p2a: Persian|Switcheroo|p1a: Tornadus
|-activate|p2a: Persian|move: Trick|[of] p1a: Tornadus
|-enditem|p1a: Tornadus|Heavy-Duty Boots|[silent]|[from] move: Switcheroo
|-item|p2a: Persian|Heavy-Duty Boots|[from] move: Switcheroo
|
|-weather|SunnyDay|[upkeep]
|upkeep
|turn|6
|
|t:|1760811120
|move|p2a: Persian|Parting Shot|p1a: Tornadus
|-unboost|p1a: Tornadus|atk|1
|-unboost|p1a: Tornadus|spa|1
|
|t:|1760811122
|switch|p2a: Mew|Mew|100/100|[from] Parting Shot
|move|p1a: Tornadus|U-turn|p2a: Mew
|-supereffective|p2a: Mew
|-crit|p2a: Mew
|-damage|p2a: Mew|71/100
|-enditem|p2a: Mew|Weakness Policy
|-boost|p2a: Mew|atk|2|[from] item: Weakness Policy
|-boost|p2a: Mew|spa|2|[from] item: Weakness Policy
|
|t:|1760811133
|switch|p1a: Darkrai|Darkrai|100/100|[from] U-turn
|
|-weather|SunnyDay|[upkeep]
|upkeep
|turn|7
|
|t:|1760811163
|-terastallize|p2a: Mew|Fairy
|move|p1a: Darkrai|Dark Pulse|p2a: Mew
|-resisted|p2a: Mew
|-damage|p2a: Mew|43/100
|move|p2a: Mew|Agility|p2a: Mew
|-boost|p2a: Mew|spe|2
|
|-weather|SunnyDay|[upkeep]
|upkeep
|turn|8
|
|t:|1760811176
|switch|p1a: Tornadus|Tornadus-Therian, M|100/100 par
|move|p2a: Mew|Stored Power|p1a: Tornadus
|-damage|p1a: Tornadus|0 fnt
|faint|p1a: Tornadus
|
|-weather|SunnyDay|[upkeep]
|upkeep
|inactive|Battle timer is ON: inactive players will automatically lose when time's up. (requested by reudige Gurke)
|
|t:|1760811188
|switch|p1a: Walking Wake|Walking Wake|100/100
|-activate|p1a: Walking Wake|ability: Protosynthesis
|-start|p1a: Walking Wake|protosynthesisspa
|turn|9
|
|t:|1760811195
|-end|p1a: Walking Wake|Protosynthesis|[silent]
|switch|p1a: Darkrai|Darkrai|100/100
|move|p2a: Mew|Draining Kiss|p1a: Darkrai
|-supereffective|p1a: Darkrai
|-damage|p1a: Darkrai|0 fnt
|-heal|p2a: Mew|96/100|[from] drain|[of] p1a: Darkrai
|faint|p1a: Darkrai
|
|-weather|SunnyDay|[upkeep]
|upkeep
|-message|venton e forfeited.
|
|win|reudige Gurke
|raw|venton e's rating: 1237 &rarr; <strong>1214</strong><br />(-23 for losing)
|raw|reudige Gurke's rating: 1260 &rarr; <strong>1283</strong><br />(+23 for winning)
|l|☆venton e
|player|p1|
|l|☆reudige Gurke
|player|p2|
