|j|☆Ju2.0
|j|☆chon123
|t:|1760856423
|gametype|singles
|player|p1|Ju2.0|wattson|1098
|player|p2|chon123|wallace|1121
|gen|9
|tier|[Gen 9] OU
|rated|
|rule|HP Percentage Mod: HP is shown in percentages
|rule|Endless Battle Clause: Forcing endless battles is banned
|rule|Species Clause: Limit one of each Pokémon
|rule|OHKO Clause: OHKO moves are banned
|rule|Evasion Items Clause: Evasion items are banned
|rule|Evasion Moves Clause: Evasion moves are banned
|rule|Evasion Abilities Clause: Evasion abilities are banned
|rule|Sleep Moves Clause: Sleep-inducing moves are banned
|clearpoke
|poke|p1|Cinderace, M|
|poke|p1|Scizor, F|
|poke|p1|Zapdos|
|poke|p1|Samurott-Hisui, F|
|poke|p1|Landorus-Therian, M|
|poke|p1|Slowking-Galar, F|
|poke|p2|Pelipper, F|
|poke|p2|Rillaboom, M|
|poke|p2|Kingambit, F|
|poke|p2|Floatzel, M|
|poke|p2|Ludicolo, F|
|poke|p2|Gastrodon, M|
|teampreview
|
|t:|1760856438
|teamsize|p1|6
|teamsize|p2|6
|start
|switch|p1a: Zapdos|Zapdos|100/100
|switch|p2a: Pelipper|Pelipper, F|100/100
|-weather|RainDance|[from] ability: Drizzle|[of] p2a: Pelipper
|turn|1
|
|t:|1760856454
|switch|p1a: Samurott|Samurott-Hisui, F|100/100
|switch|p2a: Gastrodon|Gastrodon, M|100/100
|
|-weather|RainDance|[upkeep]
|upkeep
|turn|2
|
|t:|1760856471
|switch|p2a: Rillaboom|Rillaboom, M|100/100
|-fieldstart|move: Grassy Terrain|[from] ability: Grassy Surge|[of] p2a: Rillaboom
|move|p1a: Samurott|Knock Off|p2a: Rillaboom
|-damage|p2a: Rillaboom|20/100
|-enditem|p2a: Rillaboom|Life Orb|[from] move: Knock Off|[of] p1a: Samurott
|
|-weather|RainDance|[upkeep]
|-heal|p2a: Rillaboom|26/100|[from] Grassy Terrain
|upkeep
|turn|3
|
|t:|1760856494
|switch|p1a: Slowking|Slowking-Galar, F|100/100
|move|p2a: Rillaboom|Wood Hammer|p1a: Slowking
|-resisted|p1a: Slowking
|-crit|p1a: Slowking
|-damage|p1a: Slowking|45/100
|-damage|p2a: Rillaboom|9/100|[from] Recoil
|
|-weather|RainDance|[upkeep]
|-heal|p2a: Rillaboom|15/100|[from] Grassy Terrain
|-heal|p1a: Slowking|51/100|[from] Grassy Terrain
|-heal|p1a: Slowking|57/100|[from] item: Black Sludge
|upkeep
|turn|4
|
|t:|1760856511
|move|p2a: Rillaboom|Knock Off|p1a: Slowking
|-supereffective|p1a: Slowking
|-damage|p1a: Slowking|4/100
|-enditem|p1a: Slowking|Black Sludge|[from] move: Knock Off|[of] p2a: Rillaboom
|move|p1a: Slowking|Ice Beam|p2a: Rillaboom
|-supereffective|p2a: Rillaboom
|-damage|p2a: Rillaboom|0 fnt
|faint|p2a: Rillaboom
|
|-weather|RainDance|[upkeep]
|-heal|p1a: Slowking|10/100|[from] Grassy Terrain
|upkeep
|
|t:|1760856522
|switch|p2a: Floatzel|Floatzel, M|100/100
|turn|5
|
|t:|1760856537
|switch|p1a: Samurott|Samurott-Hisui, F|100/100
|move|p2a: Floatzel|Flip Turn|p1a: Samurott
|-resisted|p1a: Samurott
|-crit|p1a: Samurott
|-damage|p1a: Samurott|41/100
|
|t:|1760856544
|switch|p2a: Ludicolo|Ludicolo, F|100/100|[from] Flip Turn
|
|-weather|RainDance|[upkeep]
|-heal|p1a: Samurott|47/100|[from] Grassy Terrain
|upkeep
|turn|6
|
|t:|1760856554
|move|p2a: Ludicolo|Giga Drain|p1a: Samurott
|-supereffective|p1a: Samurott
|-damage|p1a: Samurott|0 fnt
|faint|p1a: Samurott
|
|-weather|RainDance|[upkeep]
|-fieldend|move: Grassy Terrain
|upkeep
|
|t:|1760856574
|switch|p1a: Scizor|Scizor, F|100/100
|turn|7
|
|t:|1760856590
|-terastallize|p2a: Ludicolo|Stellar
|move|p2a: Ludicolo|Weather Ball|p1a: Scizor
|-damage|p1a: Scizor|0 fnt
|faint|p1a: Scizor
|
|-weather|RainDance|[upkeep]
|upkeep
|-message|Ju2.0 forfeited.
|
|win|chon123
|raw|Ju2.0's rating: 1098 &rarr; <strong>1075</strong><br />(-23 for losing)
|raw|chon123's rating: 1121 &rarr; <strong>1144</strong><br />(+23 for winning)
|l|☆Ju2.0
|player|p1|
|l|☆chon123
|player|p2|
