|j|☆sargentcharge
|j|☆a1m_t3am
|t:|1760863316
|gametype|singles
|player|p1|sargentcharge|pilot|1149
|player|p2|a1m_t3am|hilda|1216
|gen|9
|tier|[Gen 9] OU
|rated|
|rule|HP Percentage Mod: HP is shown in percentages
|rule|Endless Battle Clause: Forcing endless battles is banned
|rule|Species Clause: Limit one of each Pokémon
|rule|OHKO Clause: OHKO moves are banned
|rule|Evasion Items Clause: Evasion items are banned
|rule|Evasion Moves Clause: Evasion moves are banned
|rule|Evasion Abilities Clause: Evasion abilities are banned
|rule|Sleep Moves Clause: Sleep-inducing moves are banned
|clearpoke
|poke|p1|Avalugg-Hisui, F|
|poke|p1|Landorus-Therian, M|
|poke|p1|Ceruledge, M|
|poke|p1|Iron Valiant|
|poke|p1|Gengar, M|
|poke|p1|Iron Moth|
|poke|p2|Pelipper, F|
|poke|p2|Zapdos|
|poke|p2|Raging Bolt|
|poke|p2|Toxicroak, F|
|poke|p2|Barraskewda, F|
|poke|p2|Walking Wake|
|teampreview
|inactive|Battle timer is ON: inactive players will automatically lose when time's up. (requested by a1m_t3am)
|
|t:|1760863320
|teamsize|p1|6
|teamsize|p2|6
|start
|switch|p1a: Landorus|Landorus-Therian, M|100/100
|switch|p2a: Pelipper|Pelipper, F|100/100
|-ability|p1a: Landorus|Intimidate|boost
|-unboost|p2a: Pelipper|atk|1
|-weather|RainDance|[from] ability: Drizzle|[of] p2a: Pelipper
|turn|1
|
|t:|1760863328
|move|p1a: Landorus|U-turn|p2a: Pelipper
|-resisted|p2a: Pelipper
|-damage|p2a: Pelipper|89/100
|
|t:|1760863334
|switch|p1a: Avalugg|Avalugg-Hisui, F|100/100|[from] U-turn
|move|p2a: Pelipper|Weather Ball|p1a: Avalugg
|-supereffective|p1a: Avalugg
|-damage|p1a: Avalugg|0 fnt
|faint|p1a: Avalugg
|
|-weather|RainDance|[upkeep]
|upkeep
|
|t:|1760863348
|switch|p1a: Iron Valiant|Iron Valiant|100/100
|-enditem|p1a: Iron Valiant|Booster Energy
|-activate|p1a: Iron Valiant|ability: Quark Drive|[fromitem]
|-start|p1a: Iron Valiant|quarkdrivespa
|turn|2
|
|t:|1760863356
|switch|p2a: Raging Bolt|Raging Bolt|100/100
|-enditem|p2a: Raging Bolt|Booster Energy
|-activate|p2a: Raging Bolt|ability: Protosynthesis|[fromitem]
|-start|p2a: Raging Bolt|protosynthesisspa
|move|p1a: Iron Valiant|Thunderbolt|p2a: Raging Bolt
|-resisted|p2a: Raging Bolt
|-damage|p2a: Raging Bolt|92/100
|
|-weather|RainDance|[upkeep]
|upkeep
|turn|3
|
|t:|1760863369
|-end|p1a: Iron Valiant|Quark Drive|[silent]
|switch|p1a: Landorus|Landorus-Therian, M|100/100
|-ability|p1a: Landorus|Intimidate|boost
|-unboost|p2a: Raging Bolt|atk|1
|move|p2a: Raging Bolt|Thunder|p1a: Landorus
|-immune|p1a: Landorus
|
|-weather|RainDance|[upkeep]
|upkeep
|turn|4
|
|t:|1760863380
|move|p1a: Landorus|Earthquake|p2a: Raging Bolt
|-supereffective|p2a: Raging Bolt
|-damage|p2a: Raging Bolt|0 fnt
|faint|p2a: Raging Bolt
|-end|p2a: Raging Bolt|Protosynthesis|[silent]
|
|-weather|RainDance|[upkeep]
|upkeep
|
|t:|1760863384
|switch|p2a: Zapdos|Zapdos|100/100
|turn|5
|
|t:|1760863403
|switch|p1a: Iron Moth|Iron Moth|100/100
|move|p2a: Zapdos|Weather Ball|p1a: Iron Moth
|-supereffective|p1a: Iron Moth
|-damage|p1a: Iron Moth|3/100
|
|-weather|RainDance|[upkeep]
|upkeep
|turn|6
|
|t:|1760863424
|move|p1a: Iron Moth|Sludge Wave|p2a: Zapdos
|-damage|p2a: Zapdos|7/100
|move|p2a: Zapdos|Volt Switch|p1a: Iron Moth
|-damage|p1a: Iron Moth|0 fnt
|faint|p1a: Iron Moth
|-end|p1a: Iron Moth|Quark Drive|[silent]
|
|t:|1760863428
|switch|p2a: Barraskewda|Barraskewda, F|100/100|[from] Volt Switch
|
|-weather|RainDance|[upkeep]
|upkeep
|
|t:|1760863436
|switch|p1a: Iron Valiant|Iron Valiant|100/100
|turn|7
|
|t:|1760863441
|move|p2a: Barraskewda|Liquidation|p1a: Iron Valiant
|-damage|p1a: Iron Valiant|0 fnt
|faint|p1a: Iron Valiant
|-end|p1a: Iron Valiant|Quark Drive|[silent]
|
|-weather|RainDance|[upkeep]
|upkeep
|
|t:|1760863449
|switch|p1a: Ceruledge|Ceruledge, M|100/100
|turn|8
|
|t:|1760863457
|switch|p2a: Zapdos|Zapdos|7/100
|move|p1a: Ceruledge|Will-O-Wisp|p2a: Zapdos|[miss]
|-miss|p1a: Ceruledge|p2a: Zapdos
|
|-weather|none
|upkeep
|turn|9
|
|t:|1760863463
|move|p1a: Ceruledge|Shadow Sneak|p2a: Zapdos
|-damage|p2a: Zapdos|0 fnt
|faint|p2a: Zapdos
|
|upkeep
|
|t:|1760863471
|switch|p2a: Pelipper|Pelipper, F|89/100
|-weather|RainDance|[from] ability: Drizzle|[of] p2a: Pelipper
|turn|10
|
|t:|1760863478
|move|p1a: Ceruledge|Will-O-Wisp|p2a: Pelipper
|-status|p2a: Pelipper|brn
|move|p2a: Pelipper|Weather Ball|p1a: Ceruledge
|-supereffective|p1a: Ceruledge
|-crit|p1a: Ceruledge
|-enditem|p1a: Ceruledge|Focus Sash
|-damage|p1a: Ceruledge|1/100
|
|-weather|RainDance|[upkeep]
|-damage|p2a: Pelipper|83/100 brn|[from] brn
|upkeep
|turn|11
|
|t:|1760863489
|move|p1a: Ceruledge|Destiny Bond|p1a: Ceruledge
|-singlemove|p1a: Ceruledge|Destiny Bond
|move|p2a: Pelipper|U-turn|p1a: Ceruledge
|-resisted|p1a: Ceruledge
|-crit|p1a: Ceruledge
|-damage|p1a: Ceruledge|0 fnt
|faint|p1a: Ceruledge
|-activate|p1a: Ceruledge|move: Destiny Bond
|faint|p2a: Pelipper
|
|-weather|RainDance|[upkeep]
|upkeep
|
|t:|1760863503
|switch|p1a: Landorus|Landorus-Therian, M|100/100
|switch|p2a: Barraskewda|Barraskewda, F|100/100
|-ability|p1a: Landorus|Intimidate|boost
|-unboost|p2a: Barraskewda|atk|1
|turn|12
|
|t:|1760863511
|-terastallize|p2a: Barraskewda|Water
|move|p2a: Barraskewda|Liquidation|p1a: Landorus
|-supereffective|p1a: Landorus
|-damage|p1a: Landorus|0 fnt
|faint|p1a: Landorus
|
|-weather|RainDance|[upkeep]
|upkeep
|
|t:|1760863518
|switch|p1a: Gengar|Gengar, M|100/100
|turn|13
|
|t:|1760863527
|move|p2a: Barraskewda|Liquidation|p1a: Gengar
|-damage|p1a: Gengar|0 fnt
|-start|p2a: Barraskewda|Disable|Liquidation|[from] ability: Cursed Body|[of] p1a: Gengar
|faint|p1a: Gengar
|
|win|a1m_t3am
|raw|sargentcharge's rating: 1149 &rarr; <strong>1129</strong><br />(-20 for losing)
|raw|a1m_t3am's rating: 1216 &rarr; <strong>1236</strong><br />(+20 for winning)
|l|☆a1m_t3am
|player|p2|
|l|☆sargentcharge
|player|p1|
