|j|☆Crooksieee
|j|☆99steps_stuts
|t:|1760760902
|gametype|singles
|player|p1|Crooksieee|1|1488
|player|p2|99steps_stuts|brycenman|1505
|gen|9
|tier|[Gen 9] OU
|rated|
|rule|HP Percentage Mod: HP is shown in percentages
|rule|Endless Battle Clause: Forcing endless battles is banned
|rule|Species Clause: Limit one of each Pokémon
|rule|OHKO Clause: OHKO moves are banned
|rule|Evasion Items Clause: Evasion items are banned
|rule|Evasion Moves Clause: Evasion moves are banned
|rule|Evasion Abilities Clause: Evasion abilities are banned
|rule|Sleep Moves Clause: Sleep-inducing moves are banned
|clearpoke
|poke|p1|Scizor, F|
|poke|p1|Glimmora, M|
|poke|p1|Samurott-Hisui, M|
|poke|p1|Great Tusk|
|poke|p1|Gholdengo|
|poke|p1|Dragapult, M|
|poke|p2|Clefable, F|
|poke|p2|Incineroar, M|
|poke|p2|Clodsire, M|
|poke|p2|Zapdos-Galar|
|poke|p2|Gholdengo|
|poke|p2|Dragapult, F|
|teampreview
|inactive|Battle timer is ON: inactive players will automatically lose when time's up. (requested by 99steps_stuts)
|
|t:|1760760917
|teamsize|p1|6
|teamsize|p2|6
|start
|switch|p1a: Glimmora|Glimmora, M|100/100
|switch|p2a: Zapdos|Zapdos-Galar, shiny|100/100
|turn|1
|
|t:|1760760928
|move|p1a: Glimmora|Power Gem|p2a: Zapdos
|-damage|p2a: Zapdos|51/100
|move|p2a: Zapdos|Thunderous Kick|p1a: Glimmora
|-damage|p1a: Glimmora|41/100
|-unboost|p1a: Glimmora|def|1
|-activate|p1a: Glimmora|ability: Toxic Debris
|-sidestart|p2: 99steps_stuts|move: Toxic Spikes
|
|upkeep
|turn|2
|
|t:|1760760940
|switch|p2a: Quaqsire|Clodsire, M, shiny|100/100
|-sideend|p2: 99steps_stuts|move: Toxic Spikes|[of] p2a: Quaqsire
|move|p1a: Glimmora|Power Gem|p2a: Quaqsire
|-resisted|p2a: Quaqsire
|-damage|p2a: Quaqsire|89/100
|
|-heal|p2a: Quaqsire|95/100|[from] item: Black Sludge
|upkeep
|turn|3
|
|t:|1760760950
|switch|p1a: Scizor|Scizor, F|100/100
|move|p2a: Quaqsire|Stealth Rock|p1a: Scizor
|-sidestart|p1: Crooksieee|move: Stealth Rock
|
|-heal|p2a: Quaqsire|100/100|[from] item: Black Sludge
|upkeep
|turn|4
|
|t:|1760760957
|switch|p2a: Incineroar|Incineroar, M, shiny|100/100
|-ability|p2a: Incineroar|Intimidate|boost
|-unboost|p1a: Scizor|atk|1
|move|p1a: Scizor|U-turn|p2a: Incineroar
|-damage|p2a: Incineroar|62/100
|
|t:|1760760968
|switch|p1a: Samurott|Samurott-Hisui, M|100/100|[from] U-turn
|-damage|p1a: Samurott|88/100|[from] Stealth Rock
|
|upkeep
|turn|5
|
|t:|1760760979
|move|p1a: Samurott|Ceaseless Edge|p2a: Incineroar
|-resisted|p2a: Incineroar
|-damage|p2a: Incineroar|40/100
|-sidestart|p2: 99steps_stuts|Spikes
|move|p2a: Incineroar|U-turn|p1a: Samurott
|-supereffective|p1a: Samurott
|-damage|p1a: Samurott|28/100
|
|t:|1760760985
|switch|p2a: Zapdos|Zapdos-Galar, shiny|51/100|[from] U-turn
|
|upkeep
|turn|6
|
|t:|1760760997
|switch|p1a: Great Tusk|Great Tusk|100/100
|-damage|p1a: Great Tusk|98/100|[from] Stealth Rock
|move|p2a: Zapdos|Thunderous Kick|p1a: Great Tusk
|-crit|p1a: Great Tusk
|-damage|p1a: Great Tusk|47/100
|-unboost|p1a: Great Tusk|def|1
|
|-heal|p1a: Great Tusk|53/100|[from] item: Leftovers
|upkeep
|turn|7
|inactive|Crooksieee has 120 seconds left.
|
|t:|1760761033
|-end|p1a: Great Tusk|Protosynthesis|[silent]
|switch|p1a: Gholdengo|Gholdengo|100/100
|-damage|p1a: Gholdengo|94/100|[from] Stealth Rock
|move|p2a: Zapdos|Brave Bird|p1a: Gholdengo
|-resisted|p1a: Gholdengo
|-damage|p1a: Gholdengo|63/100
|-damage|p2a: Zapdos|39/100|[from] Recoil
|
|upkeep
|turn|8
|inactive|Crooksieee has 120 seconds left.
|
|t:|1760761047
|move|p2a: Zapdos|Knock Off|p1a: Gholdengo
|-supereffective|p1a: Gholdengo
|-damage|p1a: Gholdengo|0 fnt
|-enditem|p1a: Gholdengo|Covert Cloak|[from] move: Knock Off|[of] p2a: Zapdos
|faint|p1a: Gholdengo
|
|upkeep
|
|t:|1760761054
|switch|p1a: Dragapult|Dragapult, M|100/100
|-damage|p1a: Dragapult|88/100|[from] Stealth Rock
|turn|9
|inactive|Crooksieee has 120 seconds left.
|
|t:|1760761059
|switch|p2a: Quaqsire|Clodsire, M, shiny|100/100
|-damage|p2a: Quaqsire|88/100|[from] Spikes
|move|p1a: Dragapult|Draco Meteor|p2a: Quaqsire
|-damage|p2a: Quaqsire|55/100
|-unboost|p1a: Dragapult|spa|2
|-enditem|p1a: Dragapult|Eject Pack
|inactive|Crooksieee has 120 seconds left.
|
|t:|1760761070
|switch|p1a: Great Tusk|Great Tusk|53/100
|-damage|p1a: Great Tusk|50/100|[from] Stealth Rock
|
|-heal|p1a: Great Tusk|57/100|[from] item: Leftovers
|-heal|p2a: Quaqsire|61/100|[from] item: Black Sludge
|upkeep
|turn|10
|inactive|Crooksieee has 120 seconds left.
|
|t:|1760761079
|switch|p2a: Gholdengo|Gholdengo, shiny|100/100
|-item|p2a: Gholdengo|Air Balloon
|move|p1a: Great Tusk|Rapid Spin|p2a: Gholdengo
|-immune|p2a: Gholdengo
|
|-heal|p1a: Great Tusk|63/100|[from] item: Leftovers
|upkeep
|turn|11
|inactive|Crooksieee has 120 seconds left.
|
|t:|1760761091
|move|p1a: Great Tusk|Ice Spinner|p2a: Gholdengo
|-resisted|p2a: Gholdengo
|-damage|p2a: Gholdengo|87/100
|-enditem|p2a: Gholdengo|Air Balloon
|move|p2a: Gholdengo|Make It Rain|p1a: Great Tusk
|-damage|p1a: Great Tusk|0 fnt
|-unboost|p2a: Gholdengo|spa|1
|faint|p1a: Great Tusk
|-end|p1a: Great Tusk|Protosynthesis|[silent]
|
|upkeep
|inactive|Crooksieee has 120 seconds left.
|
|t:|1760761109
|switch|p1a: Scizor|Scizor, F|100/100
|-damage|p1a: Scizor|88/100|[from] Stealth Rock
|turn|12
|
|t:|1760761116
|move|p2a: Gholdengo|Shadow Ball|p1a: Scizor
|-damage|p1a: Scizor|50/100
|-unboost|p1a: Scizor|spd|1
|move|p1a: Scizor|Knock Off|p2a: Gholdengo
|-supereffective|p2a: Gholdengo
|-damage|p2a: Gholdengo|4/100
|
|upkeep
|turn|13
|inactive|Crooksieee has 120 seconds left.
|
|t:|1760761132
|switch|p1a: Samurott|Samurott-Hisui, M|28/100
|-damage|p1a: Samurott|16/100|[from] Stealth Rock
|move|p2a: Gholdengo|Make It Rain|p1a: Samurott
|-resisted|p1a: Samurott
|-damage|p1a: Samurott|0 fnt
|-unboost|p2a: Gholdengo|spa|1
|faint|p1a: Samurott
|
|upkeep
|inactive|Crooksieee has 120 seconds left.
|
|t:|1760761146
|switch|p1a: Dragapult|Dragapult, M|88/100
|-damage|p1a: Dragapult|76/100|[from] Stealth Rock
|turn|14
|
|t:|1760761151
|move|p1a: Dragapult|Hex|p2a: Gholdengo
|-supereffective|p2a: Gholdengo
|-damage|p2a: Gholdengo|0 fnt
|faint|p2a: Gholdengo
|
|upkeep
|
|t:|1760761156
|switch|p2a: Quaqsire|Clodsire, M, shiny|61/100
|-damage|p2a: Quaqsire|49/100|[from] Spikes
|turn|15
|
|t:|1760761170
|switch|p1a: Scizor|Scizor, F|50/100
|-damage|p1a: Scizor|38/100|[from] Stealth Rock
|move|p2a: Quaqsire|Recover|p2a: Quaqsire
|-heal|p2a: Quaqsire|99/100
|
|-heal|p2a: Quaqsire|100/100|[from] item: Black Sludge
|upkeep
|turn|16
|
|t:|1760761179
|switch|p2a: Incineroar|Incineroar, M, shiny|40/100
|-ability|p2a: Incineroar|Intimidate|boost
|-unboost|p1a: Scizor|atk|1
|move|p1a: Scizor|U-turn|p2a: Incineroar
|-damage|p2a: Incineroar|3/100
|
|t:|1760761196
|switch|p1a: Dragapult|Dragapult, M|76/100|[from] U-turn
|-damage|p1a: Dragapult|64/100|[from] Stealth Rock
|
|upkeep
|turn|17
|inactive|99steps_stuts has 120 seconds left.
|inactive|99steps_stuts has 90 seconds left.
|inactive|99steps_stuts has 60 seconds left.
|
|t:|1760761288
|move|p1a: Dragapult|Hex|p2a: Incineroar
|-resisted|p2a: Incineroar
|-damage|p2a: Incineroar|0 fnt
|faint|p2a: Incineroar
|
|upkeep
|inactive|99steps_stuts has 60 seconds left.
|
|t:|1760761306
|switch|p2a: Dragapult|Dragapult, F|100/100
|turn|18
|
|t:|1760761310
|-terastallize|p1a: Dragapult|Fairy
|-terastallize|p2a: Dragapult|Fairy
|move|p2a: Dragapult|Dragon Darts|p1a: Dragapult
|-immune|p1a: Dragapult
|move|p1a: Dragapult|Draco Meteor|p2a: Dragapult
|-immune|p2a: Dragapult
|
|upkeep
|turn|19
|c|☆Crooksieee|Lol
|
|t:|1760761329
|move|p2a: Dragapult|Hex|p1a: Dragapult
|-damage|p1a: Dragapult|32/100
|move|p1a: Dragapult|Will-O-Wisp|p2a: Dragapult
|-status|p2a: Dragapult|brn
|
|-damage|p2a: Dragapult|95/100 brn|[from] brn
|upkeep
|turn|20
|
|t:|1760761338
|move|p1a: Dragapult|Hex|p2a: Dragapult
|-damage|p2a: Dragapult|15/100 brn
|move|p2a: Dragapult|Hex|p1a: Dragapult
|-damage|p1a: Dragapult|0 fnt
|faint|p1a: Dragapult
|
|-damage|p2a: Dragapult|9/100 brn|[from] brn
|upkeep
|c|☆99steps_stuts|i messed up
|c|☆99steps_stuts|lol
|
|t:|1760761361
|switch|p1a: Scizor|Scizor, F|38/100
|-damage|p1a: Scizor|25/100|[from] Stealth Rock
|turn|21
|c|☆99steps_stuts|im bad
|
|t:|1760761367
|move|p1a: Scizor|Bullet Punch|p2a: Dragapult
|-supereffective|p2a: Dragapult
|-damage|p2a: Dragapult|0 fnt
|faint|p2a: Dragapult
|
|upkeep
|
|t:|1760761370
|switch|p2a: Quaqsire|Clodsire, M, shiny|100/100
|-damage|p2a: Quaqsire|88/100|[from] Spikes
|turn|22
|
|t:|1760761376
|move|p1a: Scizor|Bullet Punch|p2a: Quaqsire
|-damage|p2a: Quaqsire|36/100
|move|p2a: Quaqsire|Earthquake|p1a: Scizor
|-damage|p1a: Scizor|0 fnt
|faint|p1a: Scizor
|
|-heal|p2a: Quaqsire|42/100|[from] item: Black Sludge
|upkeep
|
|t:|1760761385
|switch|p1a: Glimmora|Glimmora, M|41/100
|-damage|p1a: Glimmora|29/100|[from] Stealth Rock
|turn|23
|
|t:|1760761398
|move|p1a: Glimmora|Earth Power|p2a: Quaqsire
|-supereffective|p2a: Quaqsire
|-damage|p2a: Quaqsire|5/100
|move|p2a: Quaqsire|Earthquake|p1a: Glimmora
|-supereffective|p1a: Glimmora
|-crit|p1a: Glimmora
|-damage|p1a: Glimmora|0 fnt
|-activate|p1a: Glimmora|ability: Toxic Debris
|-sidestart|p2: 99steps_stuts|move: Toxic Spikes
|faint|p1a: Glimmora
|
|win|99steps_stuts
|raw|Crooksieee's rating: 1488 &rarr; <strong>1469</strong><br />(-19 for losing)
|raw|99steps_stuts's rating: 1505 &rarr; <strong>1524</strong><br />(+19 for winning)
|l|☆99steps_stuts
|player|p2|
|l|☆Crooksieee
|player|p1|
