|j|☆daffoself
|j|☆sabu_emari
|t:|1760737264
|gametype|singles
|player|p1|daffoself|n|1229
|player|p2|sabu_emari|265|1239
|gen|9
|tier|[Gen 9] OU
|rated|
|rule|HP Percentage Mod: HP is shown in percentages
|rule|Endless Battle Clause: Forcing endless battles is banned
|rule|Species Clause: Limit one of each Pokémon
|rule|OHKO Clause: OHKO moves are banned
|rule|Evasion Items Clause: Evasion items are banned
|rule|Evasion Moves Clause: Evasion moves are banned
|rule|Evasion Abilities Clause: Evasion abilities are banned
|rule|Sleep Moves Clause: Sleep-inducing moves are banned
|clearpoke
|poke|p1|Hatterene, F|
|poke|p1|Slowking-Galar, M|
|poke|p1|Avalugg, F|
|poke|p1|Garganacl, F|
|poke|p1|Rillaboom, F|
|poke|p1|Coalossal, M|
|poke|p2|Blaziken, F|
|poke|p2|Lapras, F|
|poke|p2|Landorus-Therian, M|
|poke|p2|Hydrapple, M|
|poke|p2|Oricorio-Sensu, M|
|poke|p2|Metagross|
|teampreview
|inactive|Battle timer is ON: inactive players will automatically lose when time's up. (requested by daffoself)
|inactive|sabu_emari has 120 seconds left.
|
|t:|1760737350
|teamsize|p1|6
|teamsize|p2|6
|start
|switch|p1a: Hatterene|Hatterene, F|100/100
|switch|p2a: Landorus|Landorus-Therian, M|100/100
|-ability|p2a: Landorus|Intimidate|boost
|-unboost|p1a: Hatterene|atk|1
|turn|1
|
|t:|1760737365
|move|p2a: Landorus|Taunt|p1a: Hatterene
|move|p1a: Hatterene|Taunt|p2a: Landorus|[from] ability: Magic Bounce
|-start|p2a: Landorus|move: Taunt
|move|p1a: Hatterene|Draining Kiss|p2a: Landorus
|-damage|p2a: Landorus|66/100
|-damage|p1a: Hatterene|84/100|[from] item: Rocky Helmet|[of] p2a: Landorus
|
|upkeep
|turn|2
|
|t:|1760737382
|move|p2a: Landorus|U-turn|p1a: Hatterene
|-damage|p1a: Hatterene|61/100
|
|t:|1760737385
|switch|p2a: Metagross|Metagross|100/100|[from] U-turn
|move|p1a: Hatterene|Mystical Fire|p2a: Metagross
|-supereffective|p2a: Metagross
|-damage|p2a: Metagross|41/100
|-enditem|p2a: Metagross|Weakness Policy
|-boost|p2a: Metagross|atk|2|[from] item: Weakness Policy
|-boost|p2a: Metagross|spa|2|[from] item: Weakness Policy
|
|upkeep
|turn|3
|
|t:|1760737397
|switch|p1a: Rillaboom|Rillaboom, F|100/100
|-fieldstart|move: Grassy Terrain|[from] ability: Grassy Surge|[of] p1a: Rillaboom
|move|p2a: Metagross|Bullet Punch|p1a: Rillaboom
|-damage|p1a: Rillaboom|71/100
|
|-heal|p1a: Rillaboom|77/100|[from] Grassy Terrain
|-heal|p2a: Metagross|47/100|[from] Grassy Terrain
|upkeep
|turn|4
|
|t:|1760737426
|move|p1a: Rillaboom|U-turn|p2a: Metagross
|-damage|p2a: Metagross|33/100
|
|t:|1760737439
|switch|p1a: Garganacl|Garganacl, F|100/100|[from] U-turn
|move|p2a: Metagross|Hammer Arm|p1a: Garganacl
|-supereffective|p1a: Garganacl
|-damage|p1a: Garganacl|0 fnt
|-unboost|p2a: Metagross|spe|1
|faint|p1a: Garganacl
|
|-heal|p2a: Metagross|39/100|[from] Grassy Terrain
|upkeep
|
|t:|1760737449
|switch|p1a: Rillaboom|Rillaboom, F|77/100
|turn|5
|
|t:|1760737472
|move|p1a: Rillaboom|Fake Out|p2a: Metagross
|-resisted|p2a: Metagross
|-damage|p2a: Metagross|35/100
|cant|p2a: Metagross|flinch
|
|-heal|p1a: Rillaboom|83/100|[from] Grassy Terrain
|-heal|p2a: Metagross|41/100|[from] Grassy Terrain
|upkeep
|turn|6
|
|t:|1760737484
|move|p1a: Rillaboom|Leech Seed|p2a: Metagross
|-start|p2a: Metagross|move: Leech Seed
|move|p2a: Metagross|Psychic Fangs|p1a: Rillaboom
|-damage|p1a: Rillaboom|21/100
|
|-heal|p1a: Rillaboom|27/100|[from] Grassy Terrain
|-heal|p2a: Metagross|47/100|[from] Grassy Terrain
|-damage|p2a: Metagross|35/100|[from] Leech Seed|[of] p1a: Rillaboom
|-heal|p1a: Rillaboom|39/100|[silent]
|upkeep
|turn|7
|
|t:|1760737496
|move|p1a: Rillaboom|U-turn|p2a: Metagross
|-damage|p2a: Metagross|21/100
|
|t:|1760737503
|switch|p1a: Hatterene|Hatterene, F|61/100|[from] U-turn
|move|p2a: Metagross|Psychic Fangs|p1a: Hatterene
|-resisted|p1a: Hatterene
|-damage|p1a: Hatterene|7/100
|-enditem|p1a: Hatterene|Sitrus Berry|[eat]
|-heal|p1a: Hatterene|32/100|[from] item: Sitrus Berry
|
|-heal|p2a: Metagross|27/100|[from] Grassy Terrain
|-heal|p1a: Hatterene|38/100|[from] Grassy Terrain
|-damage|p2a: Metagross|14/100|[from] Leech Seed|[of] p1a: Hatterene
|-heal|p1a: Hatterene|52/100|[silent]
|upkeep
|turn|8
|
|t:|1760737517
|switch|p1a: Rillaboom|Rillaboom, F|39/100
|move|p2a: Metagross|Bullet Punch|p1a: Rillaboom
|-damage|p1a: Rillaboom|5/100
|
|-heal|p1a: Rillaboom|11/100|[from] Grassy Terrain
|-heal|p2a: Metagross|20/100|[from] Grassy Terrain
|-damage|p2a: Metagross|8/100|[from] Leech Seed|[of] p1a: Rillaboom
|-heal|p1a: Rillaboom|23/100|[silent]
|upkeep
|turn|9
|
|t:|1760737526
|move|p1a: Rillaboom|Fake Out|p2a: Metagross
|-resisted|p2a: Metagross
|-damage|p2a: Metagross|4/100
|cant|p2a: Metagross|flinch
|
|-heal|p1a: Rillaboom|29/100|[from] Grassy Terrain
|-heal|p2a: Metagross|10/100|[from] Grassy Terrain
|-damage|p2a: Metagross|0 fnt|[from] Leech Seed|[of] p1a: Rillaboom
|-heal|p1a: Rillaboom|37/100|[silent]
|faint|p2a: Metagross
|upkeep
|
|t:|1760737542
|switch|p2a: Landorus|Landorus-Therian, M|66/100
|-ability|p2a: Landorus|Intimidate|boost
|-unboost|p1a: Rillaboom|atk|1
|turn|10
|
|t:|1760737561
|move|p2a: Landorus|Stealth Rock|p1a: Rillaboom
|-sidestart|p1: daffoself|move: Stealth Rock
|move|p1a: Rillaboom|Leech Seed|p2a: Landorus
|-start|p2a: Landorus|move: Leech Seed
|
|-heal|p1a: Rillaboom|43/100|[from] Grassy Terrain
|-damage|p2a: Landorus|53/100|[from] Leech Seed|[of] p1a: Rillaboom
|-heal|p1a: Rillaboom|55/100|[silent]
|-fieldend|move: Grassy Terrain
|upkeep
|turn|11
|
|t:|1760737571
|switch|p1a: Coalossal|Coalossal, M|100/100
|move|p2a: Landorus|U-turn|p1a: Coalossal
|-resisted|p1a: Coalossal
|-damage|p1a: Coalossal|96/100
|
|t:|1760737582
|switch|p2a: Lapras|Lapras, F|100/100|[from] U-turn
|
|upkeep
|turn|12
|
|t:|1760737599
|switch|p1a: Slowking|Slowking-Galar, M|100/100
|move|p2a: Lapras|Whirlpool|p1a: Slowking|[miss]
|-miss|p2a: Lapras|p1a: Slowking
|
|upkeep
|turn|13
|
|t:|1760737608
|move|p2a: Lapras|Freeze-Dry|p1a: Slowking
|-damage|p1a: Slowking|87/100
|move|p1a: Slowking|Toxic|p2a: Lapras
|-status|p2a: Lapras|tox
|
|-damage|p2a: Lapras|94/100 tox|[from] psn
|upkeep
|turn|14
|inactive|sabu_emari has 120 seconds left.
|
|t:|1760737642
|move|p2a: Lapras|Whirlpool|p1a: Slowking
|-damage|p1a: Slowking|80/100
|-activate|p1a: Slowking|move: Whirlpool|[of] p2a: Lapras
|move|p1a: Slowking|Toxic|p2a: Lapras
|-fail|p2a: Lapras|tox
|
|-heal|p2a: Lapras|100/100 tox|[from] item: Leftovers
|-damage|p2a: Lapras|88/100 tox|[from] psn
|-damage|p1a: Slowking|68/100|[from] move: Whirlpool|[partiallytrapped]
|upkeep
|turn|15
|inactive|sabu_emari has 120 seconds left.
|
|t:|1760737654
|move|p2a: Lapras|Perish Song|p2a: Lapras
|-start|p1a: Slowking|perish3|[silent]
|-start|p2a: Lapras|perish3|[silent]
|-fieldactivate|move: Perish Song
|move|p1a: Slowking|Psychic Noise|p2a: Lapras
|-damage|p2a: Lapras|72/100 tox
|-start|p2a: Lapras|move: Heal Block
|
|-damage|p2a: Lapras|54/100 tox|[from] psn
|-damage|p1a: Slowking|56/100|[from] move: Whirlpool|[partiallytrapped]
|-start|p2a: Lapras|perish3
|-start|p1a: Slowking|perish3
|upkeep
|turn|16
|inactive|sabu_emari has 120 seconds left.
|
|t:|1760737667
|move|p2a: Lapras|Protect|p2a: Lapras
|-singleturn|p2a: Lapras|Protect
|move|p1a: Slowking|Slack Off|p1a: Slowking
|-heal|p1a: Slowking|100/100
|
|-damage|p2a: Lapras|30/100 tox|[from] psn
|-damage|p1a: Slowking|88/100|[from] move: Whirlpool|[partiallytrapped]
|-end|p2a: Lapras|move: Heal Block
|-start|p2a: Lapras|perish2
|-start|p1a: Slowking|perish2
|upkeep
|turn|17
|inactive|sabu_emari has 120 seconds left.
|
|t:|1760737691
|move|p2a: Lapras|Freeze-Dry|p1a: Slowking
|-damage|p1a: Slowking|77/100
|move|p1a: Slowking|Psychic Noise|p2a: Lapras
|-damage|p2a: Lapras|14/100 tox
|-start|p2a: Lapras|move: Heal Block
|
|-damage|p2a: Lapras|0 fnt|[from] psn
|faint|p2a: Lapras
|-end|p1a: Slowking|Whirlpool|[partiallytrapped]|[silent]
|-start|p1a: Slowking|perish1
|upkeep
|
|t:|1760737705
|switch|p2a: Oricorio|Oricorio-Sensu, M|100/100
|turn|18
|
|t:|1760737716
|switch|p1a: Coalossal|Coalossal, M|96/100
|move|p2a: Oricorio|Quiver Dance|p2a: Oricorio
|-boost|p2a: Oricorio|spa|1
|-boost|p2a: Oricorio|spd|1
|-boost|p2a: Oricorio|spe|1
|
|upkeep
|turn|19
|inactive|sabu_emari has 120 seconds left.
|
|t:|1760737729
|-terastallize|p2a: Oricorio|Ground
|move|p2a: Oricorio|Quiver Dance|p2a: Oricorio
|-boost|p2a: Oricorio|spa|1
|-boost|p2a: Oricorio|spd|1
|-boost|p2a: Oricorio|spe|1
|move|p1a: Coalossal|Heat Crash|p2a: Oricorio
|-damage|p2a: Oricorio|71/100
|
|upkeep
|turn|20
|inactive|sabu_emari has 120 seconds left.
|
|t:|1760737738
|move|p2a: Oricorio|Revelation Dance|p1a: Coalossal
|-supereffective|p1a: Coalossal
|-damage|p1a: Coalossal|0 fnt
|faint|p1a: Coalossal
|
|upkeep
|
|t:|1760737753
|switch|p1a: Slowking|Slowking-Galar, M|100/100
|turn|21
|
|t:|1760737759
|move|p2a: Oricorio|Revelation Dance|p1a: Slowking
|-supereffective|p1a: Slowking
|-damage|p1a: Slowking|25/100
|move|p1a: Slowking|Toxic|p2a: Oricorio
|-status|p2a: Oricorio|tox
|
|-damage|p2a: Oricorio|65/100 tox|[from] psn
|upkeep
|turn|22
|
|t:|1760737769
|switch|p1a: Rillaboom|Rillaboom, F|55/100
|-damage|p1a: Rillaboom|42/100|[from] Stealth Rock
|-fieldstart|move: Grassy Terrain|[from] ability: Grassy Surge|[of] p1a: Rillaboom
|move|p2a: Oricorio|Revelation Dance|p1a: Rillaboom
|-resisted|p1a: Rillaboom
|-damage|p1a: Rillaboom|9/100
|
|-heal|p2a: Oricorio|71/100 tox|[from] Grassy Terrain
|-heal|p1a: Rillaboom|15/100|[from] Grassy Terrain
|-damage|p2a: Oricorio|59/100 tox|[from] psn
|upkeep
|turn|23
|
|t:|1760737782
|move|p1a: Rillaboom|Fake Out|p2a: Oricorio
|-damage|p2a: Oricorio|49/100 tox
|cant|p2a: Oricorio|flinch
|
|-heal|p2a: Oricorio|55/100 tox|[from] Grassy Terrain
|-heal|p1a: Rillaboom|21/100|[from] Grassy Terrain
|-damage|p2a: Oricorio|36/100 tox|[from] psn
|upkeep
|turn|24
|
|t:|1760737802
|move|p2a: Oricorio|Roost|p2a: Oricorio
|-heal|p2a: Oricorio|86/100 tox
|move|p1a: Rillaboom|Leech Seed|p2a: Oricorio
|-start|p2a: Oricorio|move: Leech Seed
|
|-heal|p2a: Oricorio|92/100 tox|[from] Grassy Terrain
|-heal|p1a: Rillaboom|27/100|[from] Grassy Terrain
|-damage|p2a: Oricorio|80/100 tox|[from] Leech Seed|[of] p1a: Rillaboom
|-heal|p1a: Rillaboom|38/100|[silent]
|-damage|p2a: Oricorio|55/100 tox|[from] psn
|upkeep
|turn|25
|
|t:|1760737812
|move|p2a: Oricorio|Hurricane|p1a: Rillaboom
|-supereffective|p1a: Rillaboom
|-damage|p1a: Rillaboom|0 fnt
|faint|p1a: Rillaboom
|
|-heal|p2a: Oricorio|61/100 tox|[from] Grassy Terrain
|-damage|p2a: Oricorio|30/100 tox|[from] psn
|upkeep
|
|t:|1760737836
|switch|p1a: Hatterene|Hatterene, F|52/100
|-damage|p1a: Hatterene|39/100|[from] Stealth Rock
|turn|26
|
|t:|1760737843
|move|p2a: Oricorio|Revelation Dance|p1a: Hatterene
|-damage|p1a: Hatterene|0 fnt
|faint|p1a: Hatterene
|
|-heal|p2a: Oricorio|36/100 tox|[from] Grassy Terrain
|-damage|p2a: Oricorio|0 fnt|[from] psn
|faint|p2a: Oricorio
|upkeep
|
|t:|1760737857
|switch|p2a: Landorus|Landorus-Therian, M|53/100
|switch|p1a: Slowking|Slowking-Galar, M|59/100
|-ability|p2a: Landorus|Intimidate|boost
|-unboost|p1a: Slowking|atk|1
|turn|27
|
|t:|1760737865
|move|p2a: Landorus|Earth Power|p1a: Slowking
|-supereffective|p1a: Slowking
|-damage|p1a: Slowking|22/100
|move|p1a: Slowking|Slack Off|p1a: Slowking
|-heal|p1a: Slowking|72/100
|
|-heal|p1a: Slowking|78/100|[from] Grassy Terrain
|upkeep
|turn|28
|
|t:|1760737874
|move|p2a: Landorus|Taunt|p1a: Slowking
|-start|p1a: Slowking|move: Taunt
|cant|p1a: Slowking|move: Taunt|Toxic
|
|-heal|p1a: Slowking|84/100|[from] Grassy Terrain
|upkeep
|turn|29
|
|t:|1760737880
|move|p2a: Landorus|Earth Power|p1a: Slowking
|-supereffective|p1a: Slowking
|-damage|p1a: Slowking|43/100
|-unboost|p1a: Slowking|spd|1
|move|p1a: Slowking|Psychic Noise|p2a: Landorus
|-damage|p2a: Landorus|22/100
|-start|p2a: Landorus|move: Heal Block
|
|-heal|p1a: Slowking|49/100|[from] Grassy Terrain
|-fieldend|move: Grassy Terrain
|upkeep
|turn|30
|
|t:|1760737900
|move|p2a: Landorus|Earth Power|p1a: Slowking
|-supereffective|p1a: Slowking
|-damage|p1a: Slowking|0 fnt
|faint|p1a: Slowking
|
|-end|p2a: Landorus|move: Heal Block
|upkeep
|
|t:|1760737905
|switch|p1a: Avalugg|Avalugg, F|100/100
|turn|31
|
|t:|1760737917
|move|p2a: Landorus|Earth Power|p1a: Avalugg
|-damage|p1a: Avalugg|68/100
|move|p1a: Avalugg|Body Press|p2a: Landorus
|-resisted|p2a: Landorus
|-damage|p2a: Landorus|12/100
|-damage|p1a: Avalugg|51/100|[from] item: Rocky Helmet|[of] p2a: Landorus
|
|upkeep
|turn|32
|
|t:|1760737930
|move|p2a: Landorus|Earth Power|p1a: Avalugg
|-damage|p1a: Avalugg|22/100
|-unboost|p1a: Avalugg|spd|1
|move|p1a: Avalugg|Body Press|p2a: Landorus
|-resisted|p2a: Landorus
|-damage|p2a: Landorus|1/100
|-damage|p1a: Avalugg|5/100|[from] item: Rocky Helmet|[of] p2a: Landorus
|
|upkeep
|turn|33
|
|t:|1760737939
|move|p2a: Landorus|U-turn|p1a: Avalugg
|-damage|p1a: Avalugg|0 fnt
|faint|p1a: Avalugg
|
|win|sabu_emari
|raw|daffoself's rating: 1229 &rarr; <strong>1205</strong><br />(-24 for losing)
|raw|sabu_emari's rating: 1239 &rarr; <strong>1263</strong><br />(+24 for winning)
|l|☆daffoself
|player|p1|
|l|☆sabu_emari
|player|p2|
