|j|☆Pixeled One
|j|☆pioneer7569
|t:|1760886182
|gametype|singles
|player|p1|Pixeled One|flint|1124
|player|p2|pioneer7569|101|1149
|gen|9
|tier|[Gen 9] OU
|rated|
|rule|HP Percentage Mod: HP is shown in percentages
|rule|Endless Battle Clause: Forcing endless battles is banned
|rule|Species Clause: Limit one of each Pokémon
|rule|OHKO Clause: OHKO moves are banned
|rule|Evasion Items Clause: Evasion items are banned
|rule|Evasion Moves Clause: Evasion moves are banned
|rule|Evasion Abilities Clause: Evasion abilities are banned
|rule|Sleep Moves Clause: Sleep-inducing moves are banned
|clearpoke
|poke|p1|Tyranitar, M|
|poke|p1|Hatterene, F|
|poke|p1|Excadrill, M|
|poke|p1|Garchomp, M|
|poke|p1|Raging Bolt|
|poke|p1|Gastrodon, F|
|poke|p2|Dragapult, M|
|poke|p2|Gliscor, M|
|poke|p2|Kingambit, F|
|poke|p2|Scizor, M|
|poke|p2|Blaziken, F|
|poke|p2|Great Tusk|
|teampreview
|inactive|Battle timer is ON: inactive players will automatically lose when time's up. (requested by Pixeled One)
|
|t:|1760886200
|teamsize|p1|6
|teamsize|p2|6
|start
|switch|p1a: Draco|Tyranitar, M, shiny|100/100
|switch|p2a: Gliscor|Gliscor, M|100/100
|-weather|Sandstorm|[from] ability: Sand Stream|[of] p1a: Draco
|turn|1
|
|t:|1760886221
|switch|p1a: Hobbit|Hatterene, F, shiny|100/100
|move|p2a: Gliscor|Earthquake|p1a: Hobbit
|-damage|p1a: Hobbit|68/100
|-enditem|p1a: Hobbit|Eject Button
|
|t:|1760886229
|switch|p1a: Blade|Excadrill, M, shiny|100/100
|
|-weather|Sandstorm|[upkeep]
|-status|p2a: Gliscor|tox|[from] item: Toxic Orb
|upkeep
|turn|2
|
|t:|1760886239
|-terastallize|p1a: Blade|Water
|move|p1a: Blade|Tera Blast|p2a: Gliscor|[anim] Tera Blast Water
|-supereffective|p2a: Gliscor
|-damage|p2a: Gliscor|0 fnt
|faint|p2a: Gliscor
|
|-weather|Sandstorm|[upkeep]
|upkeep
|inactive|pioneer7569 has 120 seconds left.
|
|t:|1760886276
|switch|p2a: Scizor|Scizor, M|100/100
|turn|3
|
|t:|1760886288
|switch|p1a: Fang|Garchomp, M, shiny|100/100
|move|p2a: Scizor|Bug Bite|p1a: Fang
|-damage|p1a: Fang|32/100
|-damage|p2a: Scizor|88/100|[from] ability: Rough Skin|[of] p1a: Fang
|-damage|p2a: Scizor|78/100|[from] item: Life Orb
|
|-weather|Sandstorm|[upkeep]
|upkeep
|turn|4
|inactive|pioneer7569 has 120 seconds left.
|
|t:|1760886306
|move|p2a: Scizor|Bullet Punch|p1a: Fang
|-damage|p1a: Fang|0 fnt
|-damage|p2a: Scizor|66/100|[from] ability: Rough Skin|[of] p1a: Fang
|faint|p1a: Fang
|-damage|p2a: Scizor|56/100|[from] item: Life Orb
|
|-weather|Sandstorm|[upkeep]
|upkeep
|inactive|Pixeled One has 120 seconds left.
|
|t:|1760886331
|switch|p1a: Volt|Raging Bolt|100/100
|turn|5
|
|t:|1760886343
|move|p2a: Scizor|Bullet Punch|p1a: Volt
|-resisted|p1a: Volt
|-damage|p1a: Volt|81/100
|-damage|p2a: Scizor|46/100|[from] item: Life Orb
|move|p1a: Volt|Calm Mind|p1a: Volt
|-boost|p1a: Volt|spa|1
|-boost|p1a: Volt|spd|1
|
|-weather|Sandstorm|[upkeep]
|upkeep
|turn|6
|inactive|Pixeled One has 120 seconds left.
|
|t:|1760886357
|move|p1a: Volt|Thunderbolt|p2a: Scizor
|-damage|p2a: Scizor|0 fnt
|faint|p2a: Scizor
|
|-weather|Sandstorm|[upkeep]
|upkeep
|
|t:|1760886362
|switch|p2a: Great Tusk|Great Tusk|100/100
|-enditem|p2a: Great Tusk|Booster Energy
|-activate|p2a: Great Tusk|ability: Protosynthesis|[fromitem]
|-start|p2a: Great Tusk|protosynthesisatk
|turn|7
|
|t:|1760886369
|move|p2a: Great Tusk|Ice Spinner|p1a: Volt
|-supereffective|p1a: Volt
|-damage|p1a: Volt|13/100
|move|p1a: Volt|Draco Meteor|p2a: Great Tusk
|-damage|p2a: Great Tusk|0 fnt
|-unboost|p1a: Volt|spa|2
|faint|p2a: Great Tusk
|-end|p2a: Great Tusk|Protosynthesis|[silent]
|
|-weather|Sandstorm|[upkeep]
|upkeep
|
|t:|1760886384
|switch|p2a: Dragapult|Dragapult, M|100/100
|turn|8
|
|t:|1760886400
|move|p1a: Volt|Thunderclap||[still]
|-fail|p1a: Volt
|move|p2a: Dragapult|Dragon Dance|p2a: Dragapult
|-boost|p2a: Dragapult|atk|1
|-boost|p2a: Dragapult|spe|1
|
|-weather|none
|upkeep
|turn|9
|inactive|pioneer7569 has 120 seconds left.
|
|t:|1760886417
|move|p2a: Dragapult|Sucker Punch|p1a: Volt
|-damage|p1a: Volt|0 fnt
|faint|p1a: Volt
|-end|p1a: Volt|Protosynthesis|[silent]
|
|upkeep
|
|t:|1760886422
|switch|p1a: Draco|Tyranitar, M, shiny|100/100
|-weather|Sandstorm|[from] ability: Sand Stream|[of] p1a: Draco
|turn|10
|
|t:|1760886429
|move|p2a: Dragapult|Dragon Darts|p1a: Draco
|-damage|p1a: Draco|71/100
|-anim|p2a: Dragapult|Dragon Darts|p1a: Draco
|-damage|p1a: Draco|42/100
|move|p1a: Draco|Thunder Wave|p2a: Dragapult
|-status|p2a: Dragapult|par
|
|-weather|Sandstorm|[upkeep]
|-damage|p2a: Dragapult|95/100 par|[from] Sandstorm
|upkeep
|turn|11
|
|t:|1760886443
|switch|p1a: Hobbit|Hatterene, F, shiny|68/100
|move|p2a: Dragapult|Dragon Darts|p1a: Hobbit
|-immune|p1a: Hobbit
|
|-weather|Sandstorm|[upkeep]
|-damage|p2a: Dragapult|89/100 par|[from] Sandstorm
|-damage|p1a: Hobbit|62/100|[from] Sandstorm
|upkeep
|turn|12
|
|t:|1760886457
|move|p2a: Dragapult|Phantom Force||[still]
|-prepare|p2a: Dragapult|Phantom Force
|move|p1a: Hobbit|Draining Kiss|p2a: Dragapult|[miss]
|-miss|p1a: Hobbit|p2a: Dragapult
|
|-weather|Sandstorm|[upkeep]
|-damage|p2a: Dragapult|83/100 par|[from] Sandstorm
|-damage|p1a: Hobbit|56/100|[from] Sandstorm
|upkeep
|turn|13
|
|t:|1760886468
|move|p2a: Dragapult|Phantom Force|p1a: Hobbit|[from] lockedmove
|-supereffective|p1a: Hobbit
|-damage|p1a: Hobbit|0 fnt
|faint|p1a: Hobbit
|
|-weather|Sandstorm|[upkeep]
|-damage|p2a: Dragapult|77/100 par|[from] Sandstorm
|upkeep
|
|t:|1760886477
|switch|p1a: Blade|Excadrill, M, shiny, tera:Water|100/100
|turn|14
|
|t:|1760886482
|move|p1a: Blade|Shadow Claw|p2a: Dragapult
|-supereffective|p2a: Dragapult
|-damage|p2a: Dragapult|0 fnt
|faint|p2a: Dragapult
|
|-weather|Sandstorm|[upkeep]
|upkeep
|
|t:|1760886502
|switch|p2a: Blaziken|Blaziken, F|100/100
|turn|15
|
|t:|1760886510
|switch|p1a: Slugg|Gastrodon, F, shiny|100/100
|move|p2a: Blaziken|Protect||[still]
|-fail|p2a: Blaziken
|
|-weather|Sandstorm|[upkeep]
|-damage|p2a: Blaziken|95/100|[from] Sandstorm
|-heal|p2a: Blaziken|100/100|[from] item: Leftovers
|-ability|p2a: Blaziken|Speed Boost|boost
|-boost|p2a: Blaziken|spe|1
|upkeep
|turn|16
|
|t:|1760886522
|move|p2a: Blaziken|Protect|p2a: Blaziken
|-singleturn|p2a: Blaziken|Protect
|move|p1a: Slugg|Earth Power|p2a: Blaziken
|-activate|p2a: Blaziken|move: Protect
|
|-weather|Sandstorm|[upkeep]
|-damage|p2a: Blaziken|95/100|[from] Sandstorm
|-heal|p2a: Blaziken|100/100|[from] item: Leftovers
|-ability|p2a: Blaziken|Speed Boost|boost
|-boost|p2a: Blaziken|spe|1
|upkeep
|turn|17
|
|t:|1760886534
|-terastallize|p2a: Blaziken|Flying
|move|p2a: Blaziken|Swords Dance|p2a: Blaziken
|-boost|p2a: Blaziken|atk|2
|move|p1a: Slugg|Earth Power|p2a: Blaziken
|-immune|p2a: Blaziken
|
|-weather|none
|-ability|p2a: Blaziken|Speed Boost|boost
|-boost|p2a: Blaziken|spe|1
|upkeep
|turn|18
|
|t:|1760886545
|move|p2a: Blaziken|Protect|p2a: Blaziken
|-singleturn|p2a: Blaziken|Protect
|move|p1a: Slugg|Ice Beam|p2a: Blaziken
|-activate|p2a: Blaziken|move: Protect
|
|-ability|p2a: Blaziken|Speed Boost|boost
|-boost|p2a: Blaziken|spe|1
|upkeep
|turn|19
|
|t:|1760886553
|move|p2a: Blaziken|Close Combat|p1a: Slugg
|-damage|p1a: Slugg|0 fnt
|-unboost|p2a: Blaziken|def|1
|-unboost|p2a: Blaziken|spd|1
|faint|p1a: Slugg
|
|-ability|p2a: Blaziken|Speed Boost|boost
|-boost|p2a: Blaziken|spe|1
|upkeep
|
|t:|1760886562
|switch|p1a: Draco|Tyranitar, M, shiny|42/100
|-weather|Sandstorm|[from] ability: Sand Stream|[of] p1a: Draco
|turn|20
|
|t:|1760886568
|move|p2a: Blaziken|Protect|p2a: Blaziken
|-singleturn|p2a: Blaziken|Protect
|move|p1a: Draco|Thunder Wave|p2a: Blaziken
|-activate|p2a: Blaziken|move: Protect
|
|-weather|Sandstorm|[upkeep]
|-damage|p2a: Blaziken|95/100|[from] Sandstorm
|-heal|p2a: Blaziken|100/100|[from] item: Leftovers
|-ability|p2a: Blaziken|Speed Boost|boost
|-boost|p2a: Blaziken|spe|1
|upkeep
|turn|21
|
|t:|1760886581
|move|p2a: Blaziken|Close Combat|p1a: Draco
|-supereffective|p1a: Draco
|-crit|p1a: Draco
|-damage|p1a: Draco|0 fnt
|-unboost|p2a: Blaziken|def|1
|-unboost|p2a: Blaziken|spd|1
|faint|p1a: Draco
|
|-weather|Sandstorm|[upkeep]
|-damage|p2a: Blaziken|95/100|[from] Sandstorm
|-heal|p2a: Blaziken|100/100|[from] item: Leftovers
|upkeep
|
|t:|1760886592
|switch|p1a: Blade|Excadrill, M, shiny, tera:Water|100/100
|turn|22
|
|t:|1760886599
|move|p2a: Blaziken|Protect|p2a: Blaziken
|-singleturn|p2a: Blaziken|Protect
|move|p1a: Blade|Tera Blast|p2a: Blaziken|[anim] Tera Blast Water
|-activate|p2a: Blaziken|move: Protect
|
|-weather|Sandstorm|[upkeep]
|-damage|p2a: Blaziken|95/100|[from] Sandstorm
|-heal|p2a: Blaziken|100/100|[from] item: Leftovers
|upkeep
|turn|23
|
|t:|1760886608
|move|p2a: Blaziken|Close Combat|p1a: Blade
|-damage|p1a: Blade|0 fnt
|-unboost|p2a: Blaziken|def|1
|-unboost|p2a: Blaziken|spd|1
|faint|p1a: Blade
|
|win|pioneer7569
|raw|Pixeled One's rating: 1124 &rarr; <strong>1101</strong><br />(-23 for losing)
|raw|pioneer7569's rating: 1149 &rarr; <strong>1172</strong><br />(+23 for winning)
|c|☆Pixeled One|Gg
