|j|☆slorpo
|j|☆himal_ad321
|t:|1760784698
|gametype|singles
|player|p1|slorpo|petrel|1223
|player|p2|himal_ad321|cynthia|1270
|gen|9
|tier|[Gen 9] OU
|rated|
|rule|HP Percentage Mod: HP is shown in percentages
|rule|Endless Battle Clause: Forcing endless battles is banned
|rule|Species Clause: Limit one of each Pokémon
|rule|OHKO Clause: OHKO moves are banned
|rule|Evasion Items Clause: Evasion items are banned
|rule|Evasion Moves Clause: Evasion moves are banned
|rule|Evasion Abilities Clause: Evasion abilities are banned
|rule|Sleep Moves Clause: Sleep-inducing moves are banned
|clearpoke
|poke|p1|Garganacl, M|
|poke|p1|Skarmory, M|
|poke|p1|Sinistcha|
|poke|p1|Clefable, M|
|poke|p1|Slowking-Galar, M|
|poke|p1|Cyclizar, M|
|poke|p2|Arcanine-Hisui, M|
|poke|p2|Darkrai|
|poke|p2|Great Tusk|
|poke|p2|Hatterene, F|
|poke|p2|Ogerpon-Wellspring, F|
|poke|p2|Zapdos|
|teampreview
|
|t:|1760784737
|teamsize|p1|6
|teamsize|p2|6
|start
|switch|p1a: Skarmory|Skarmory, M|100/100
|switch|p2a: Arcanine|Arcanine-Hisui, M|100/100
|turn|1
|inactive|Battle timer is ON: inactive players will automatically lose when time's up. (requested by slorpo)
|
|t:|1760784749
|move|p2a: Arcanine|Head Smash|p1a: Skarmory
|-damage|p1a: Skarmory|34/100
|-damage|p2a: Arcanine|84/100|[from] item: Rocky Helmet|[of] p1a: Skarmory
|move|p1a: Skarmory|Stealth Rock|p2a: Arcanine
|-sidestart|p2: himal_ad321|move: Stealth Rock
|
|upkeep
|turn|2
|
|t:|1760784755
|move|p2a: Arcanine|Head Smash|p1a: Skarmory
|-damage|p1a: Skarmory|0 fnt
|-damage|p2a: Arcanine|67/100|[from] item: Rocky Helmet|[of] p1a: Skarmory
|faint|p1a: Skarmory
|
|upkeep
|
|t:|1760784763
|switch|p1a: Garganacl|Garganacl, M|100/100
|turn|3
|
|t:|1760784788
|switch|p2a: Zapdos|Zapdos|100/100
|move|p1a: Garganacl|Salt Cure|p2a: Zapdos
|-supereffective|p2a: Zapdos
|-damage|p2a: Zapdos|80/100
|-start|p2a: Zapdos|Salt Cure
|
|-damage|p2a: Zapdos|68/100|[from] Salt Cure
|upkeep
|turn|4
|
|t:|1760784800
|move|p2a: Zapdos|Roost|p2a: Zapdos
|-heal|p2a: Zapdos|100/100
|-singleturn|p2a: Zapdos|move: Roost
|move|p1a: Garganacl|Salt Cure|p2a: Zapdos
|-damage|p2a: Zapdos|91/100
|
|-damage|p2a: Zapdos|79/100|[from] Salt Cure
|upkeep
|turn|5
|
|t:|1760784817
|switch|p1a: Slowking|Slowking-Galar, M|100/100
|move|p2a: Zapdos|Thunder Wave|p1a: Slowking
|-status|p1a: Slowking|par
|
|-damage|p2a: Zapdos|66/100|[from] Salt Cure
|upkeep
|turn|6
|
|t:|1760784825
|move|p2a: Zapdos|Roost|p2a: Zapdos
|-heal|p2a: Zapdos|100/100
|-singleturn|p2a: Zapdos|move: Roost
|move|p1a: Slowking|Toxic|p2a: Zapdos
|-status|p2a: Zapdos|tox
|
|-damage|p2a: Zapdos|94/100 tox|[from] psn
|-damage|p2a: Zapdos|82/100 tox|[from] Salt Cure
|upkeep
|turn|7
|
|t:|1760784833
|move|p2a: Zapdos|Volt Switch|p1a: Slowking
|-damage|p1a: Slowking|84/100 par
|
|t:|1760784840
|switch|p2a: Great Tusk|Great Tusk|100/100|[from] Volt Switch
|-damage|p2a: Great Tusk|98/100|[from] Stealth Rock
|move|p1a: Slowking|Eerie Spell|p2a: Great Tusk
|-supereffective|p2a: Great Tusk
|-damage|p2a: Great Tusk|2/100
|
|-heal|p1a: Slowking|90/100 par|[from] item: Black Sludge
|upkeep
|turn|8
|
|t:|1760784850
|switch|p1a: Sinistcha|Sinistcha|100/100
|move|p2a: Great Tusk|Headlong Rush|p1a: Sinistcha
|-resisted|p1a: Sinistcha
|-damage|p1a: Sinistcha|80/100
|-unboost|p2a: Great Tusk|def|1
|-unboost|p2a: Great Tusk|spd|1
|
|upkeep
|turn|9
|
|t:|1760784871
|move|p2a: Great Tusk|Stealth Rock|p1a: Sinistcha
|-sidestart|p1: slorpo|move: Stealth Rock
|move|p1a: Sinistcha|Calm Mind|p1a: Sinistcha
|-boost|p1a: Sinistcha|spa|1
|-boost|p1a: Sinistcha|spd|1
|
|upkeep
|turn|10
|
|t:|1760784875
|move|p2a: Great Tusk|Ice Spinner|p1a: Sinistcha
|-supereffective|p1a: Sinistcha
|-damage|p1a: Sinistcha|42/100
|move|p1a: Sinistcha|Calm Mind|p1a: Sinistcha
|-boost|p1a: Sinistcha|spa|1
|-boost|p1a: Sinistcha|spd|1
|
|upkeep
|turn|11
|
|t:|1760784881
|move|p2a: Great Tusk|Ice Spinner|p1a: Sinistcha
|-supereffective|p1a: Sinistcha
|-damage|p1a: Sinistcha|5/100
|move|p1a: Sinistcha|Strength Sap|p2a: Great Tusk
|-unboost|p2a: Great Tusk|atk|1
|-heal|p1a: Sinistcha|100/100
|
|upkeep
|turn|12
|
|t:|1760784889
|move|p2a: Great Tusk|Ice Spinner|p1a: Sinistcha
|-supereffective|p1a: Sinistcha
|-damage|p1a: Sinistcha|74/100
|move|p1a: Sinistcha|Matcha Gotcha|p2a: Great Tusk
|-supereffective|p2a: Great Tusk
|-damage|p2a: Great Tusk|0 fnt
|-heal|p1a: Sinistcha|74/100|[from] drain|[of] p2a: Great Tusk
|faint|p2a: Great Tusk
|-end|p2a: Great Tusk|Protosynthesis|[silent]
|
|upkeep
|
|t:|1760784914
|switch|p2a: Arcanine|Arcanine-Hisui, M|67/100
|-damage|p2a: Arcanine|42/100|[from] Stealth Rock
|turn|13
|
|t:|1760784924
|switch|p1a: Garganacl|Garganacl, M|100/100
|-damage|p1a: Garganacl|88/100|[from] Stealth Rock
|move|p2a: Arcanine|Flare Blitz|p1a: Garganacl
|-resisted|p1a: Garganacl
|-crit|p1a: Garganacl
|-damage|p1a: Garganacl|53/100
|
|-heal|p1a: Garganacl|60/100|[from] item: Leftovers
|upkeep
|turn|14
|
|t:|1760784945
|switch|p2a: Darkrai|Darkrai|100/100
|-damage|p2a: Darkrai|88/100|[from] Stealth Rock
|move|p1a: Garganacl|Salt Cure|p2a: Darkrai
|-damage|p2a: Darkrai|69/100
|-start|p2a: Darkrai|Salt Cure
|
|-heal|p1a: Garganacl|66/100|[from] item: Leftovers
|-damage|p2a: Darkrai|56/100|[from] Salt Cure
|upkeep
|turn|15
|
|t:|1760784956
|switch|p1a: Clefable|Clefable, M|100/100
|move|p2a: Darkrai|Trick|p1a: Clefable
|-activate|p2a: Darkrai|move: Trick|[of] p1a: Clefable
|-item|p1a: Clefable|Choice Scarf|[from] move: Trick
|-item|p2a: Darkrai|Heavy-Duty Boots|[from] move: Trick
|
|-damage|p2a: Darkrai|44/100|[from] Salt Cure
|upkeep
|turn|16
|
|t:|1760784965
|switch|p2a: Zapdos|Zapdos|82/100 tox
|move|p1a: Clefable|Moonblast|p2a: Zapdos
|-damage|p2a: Zapdos|52/100 tox
|
|-damage|p2a: Zapdos|46/100 tox|[from] psn
|upkeep
|turn|17
|
|t:|1760784972
|move|p2a: Zapdos|Roost|p2a: Zapdos
|-heal|p2a: Zapdos|97/100 tox
|-singleturn|p2a: Zapdos|move: Roost
|move|p1a: Clefable|Moonblast|p2a: Zapdos
|-damage|p2a: Zapdos|67/100 tox
|
|-damage|p2a: Zapdos|55/100 tox|[from] psn
|upkeep
|turn|18
|
|t:|1760784980
|move|p2a: Zapdos|Volt Switch|p1a: Clefable
|-damage|p1a: Clefable|73/100
|
|t:|1760784995
|switch|p2a: Hatterene|Hatterene, F|100/100|[from] Volt Switch
|-damage|p2a: Hatterene|88/100|[from] Stealth Rock
|move|p1a: Clefable|Moonblast|p2a: Hatterene
|-damage|p2a: Hatterene|69/100
|
|upkeep
|turn|19
|
|t:|1760785012
|switch|p1a: Slowking|Slowking-Galar, M|100/100 par
|-damage|p1a: Slowking|88/100 par|[from] Stealth Rock
|move|p2a: Hatterene|Draining Kiss|p1a: Slowking
|-resisted|p1a: Slowking
|-damage|p1a: Slowking|80/100 par
|-heal|p2a: Hatterene|77/100|[from] drain|[of] p1a: Slowking
|
|-heal|p1a: Slowking|87/100 par|[from] item: Black Sludge
|upkeep
|turn|20
|
|t:|1760785019
|move|p2a: Hatterene|Psyshock|p1a: Slowking
|-damage|p1a: Slowking|43/100 par
|move|p1a: Slowking|Sludge Bomb|p2a: Hatterene
|-supereffective|p2a: Hatterene
|-crit|p2a: Hatterene
|-damage|p2a: Hatterene|6/100
|
|-heal|p1a: Slowking|49/100 par|[from] item: Black Sludge
|upkeep
|turn|21
|
|t:|1760785041
|move|p2a: Hatterene|Psyshock|p1a: Slowking
|-damage|p1a: Slowking|4/100 par
|cant|p1a: Slowking|par
|
|-heal|p1a: Slowking|10/100 par|[from] item: Black Sludge
|upkeep
|turn|22
|
|t:|1760785052
|switch|p1a: Clefable|Clefable, M|73/100
|-damage|p1a: Clefable|60/100|[from] Stealth Rock
|move|p2a: Hatterene|Psyshock|p1a: Clefable
|-crit|p1a: Clefable
|-damage|p1a: Clefable|9/100
|
|upkeep
|turn|23
|
|t:|1760785060
|move|p1a: Clefable|Moonlight|p1a: Clefable
|-heal|p1a: Clefable|59/100
|move|p2a: Hatterene|Draining Kiss|p1a: Clefable
|-damage|p1a: Clefable|33/100
|-heal|p2a: Hatterene|30/100|[from] drain|[of] p1a: Clefable
|
|upkeep
|turn|24
|
|t:|1760785068
|move|p1a: Clefable|Moonlight|p1a: Clefable
|-heal|p1a: Clefable|83/100
|move|p2a: Hatterene|Nuzzle|p1a: Clefable
|-damage|p1a: Clefable|80/100
|-status|p1a: Clefable|par
|
|upkeep
|turn|25
|
|t:|1760785075
|switch|p1a: Sinistcha|Sinistcha|74/100
|move|p2a: Hatterene|Draining Kiss|p1a: Sinistcha
|-damage|p1a: Sinistcha|41/100
|-heal|p2a: Hatterene|58/100|[from] drain|[of] p1a: Sinistcha
|
|upkeep
|turn|26
|
|t:|1760785084
|move|p1a: Sinistcha|Shadow Ball|p2a: Hatterene
|-supereffective|p2a: Hatterene
|-damage|p2a: Hatterene|20/100
|-unboost|p2a: Hatterene|spd|1
|move|p2a: Hatterene|Mystical Fire|p1a: Sinistcha
|-supereffective|p1a: Sinistcha
|-damage|p1a: Sinistcha|7/100
|-unboost|p1a: Sinistcha|spa|1
|
|upkeep
|turn|27
|
|t:|1760785093
|move|p1a: Sinistcha|Shadow Ball|p2a: Hatterene
|-supereffective|p2a: Hatterene
|-damage|p2a: Hatterene|0 fnt
|faint|p2a: Hatterene
|
|upkeep
|
|t:|1760785105
|switch|p2a: Ogerpon|Ogerpon-Wellspring, F|100/100
|-damage|p2a: Ogerpon|88/100|[from] Stealth Rock
|turn|28
|
|t:|1760785110
|move|p2a: Ogerpon|Knock Off|p1a: Sinistcha
|-supereffective|p1a: Sinistcha
|-damage|p1a: Sinistcha|0 fnt
|-enditem|p1a: Sinistcha|Heavy-Duty Boots|[from] move: Knock Off|[of] p2a: Ogerpon
|faint|p1a: Sinistcha
|
|upkeep
|
|t:|1760785112
|switch|p1a: Garganacl|Garganacl, M|66/100
|-damage|p1a: Garganacl|53/100|[from] Stealth Rock
|turn|29
|
|t:|1760785119
|-terastallize|p2a: Ogerpon|Water
|detailschange|p2a: Ogerpon|Ogerpon-Wellspring-Tera, F, tera:Water
|-ability|p2a: Ogerpon|Embody Aspect (Wellspring)|boost
|-boost|p2a: Ogerpon|spd|1
|-terastallize|p1a: Garganacl|Water
|move|p2a: Ogerpon|Ivy Cudgel|p1a: Garganacl|[anim] Ivy Cudgel Water
|-resisted|p1a: Garganacl
|-damage|p1a: Garganacl|31/100
|move|p1a: Garganacl|Recover|p1a: Garganacl
|-heal|p1a: Garganacl|81/100
|
|-heal|p1a: Garganacl|87/100|[from] item: Leftovers
|upkeep
|turn|30
|
|t:|1760785129
|move|p2a: Ogerpon|Spikes|p1a: Garganacl
|-sidestart|p1: slorpo|Spikes
|move|p1a: Garganacl|Salt Cure|p2a: Ogerpon
|-damage|p2a: Ogerpon|70/100
|-start|p2a: Ogerpon|Salt Cure
|
|-heal|p1a: Garganacl|94/100|[from] item: Leftovers
|-damage|p2a: Ogerpon|45/100|[from] Salt Cure
|upkeep
|turn|31
|
|t:|1760785137
|move|p2a: Ogerpon|U-turn|p1a: Garganacl
|-damage|p1a: Garganacl|79/100
|
|t:|1760785140
|switch|p2a: Zapdos|Zapdos|55/100 tox|[from] U-turn
|move|p1a: Garganacl|Curse|p1a: Garganacl
|-unboost|p1a: Garganacl|spe|1
|-boost|p1a: Garganacl|atk|1
|-boost|p1a: Garganacl|def|1
|
|-heal|p1a: Garganacl|85/100|[from] item: Leftovers
|-damage|p2a: Zapdos|49/100 tox|[from] psn
|upkeep
|turn|32
|
|t:|1760785145
|move|p2a: Zapdos|Roost|p2a: Zapdos
|-heal|p2a: Zapdos|99/100 tox
|-singleturn|p2a: Zapdos|move: Roost
|move|p1a: Garganacl|Salt Cure|p2a: Zapdos
|-damage|p2a: Zapdos|85/100 tox
|-start|p2a: Zapdos|Salt Cure
|
|-heal|p1a: Garganacl|92/100|[from] item: Leftovers
|-damage|p2a: Zapdos|73/100 tox|[from] psn
|-damage|p2a: Zapdos|61/100 tox|[from] Salt Cure
|upkeep
|turn|33
|
|t:|1760785178
|move|p2a: Zapdos|Volt Switch|p1a: Garganacl
|-supereffective|p1a: Garganacl
|-damage|p1a: Garganacl|49/100
|
|t:|1760785189
|switch|p2a: Darkrai|Darkrai|44/100|[from] Volt Switch
|move|p1a: Garganacl|Salt Cure|p2a: Darkrai
|-damage|p2a: Darkrai|17/100
|-start|p2a: Darkrai|Salt Cure
|
|-heal|p1a: Garganacl|55/100|[from] item: Leftovers
|-damage|p2a: Darkrai|5/100|[from] Salt Cure
|upkeep
|turn|34
|
|t:|1760785198
|move|p2a: Darkrai|Dark Pulse|p1a: Garganacl
|-damage|p1a: Garganacl|19/100
|cant|p1a: Garganacl|flinch
|
|-heal|p1a: Garganacl|25/100|[from] item: Leftovers
|-damage|p2a: Darkrai|0 fnt|[from] Salt Cure
|faint|p2a: Darkrai
|upkeep
|
|t:|1760785213
|switch|p2a: Zapdos|Zapdos|61/100 tox
|turn|35
|
|t:|1760785217
|switch|p1a: Clefable|Clefable, M|80/100 par
|-damage|p1a: Clefable|68/100 par|[from] Stealth Rock
|-damage|p1a: Clefable|55/100 par|[from] Spikes
|move|p2a: Zapdos|Volt Switch|p1a: Clefable
|-damage|p1a: Clefable|27/100 par
|
|t:|1760785224
|switch|p2a: Ogerpon|Ogerpon-Wellspring-Tera, F, tera:Water|45/100|[from] Volt Switch
|-damage|p2a: Ogerpon|33/100|[from] Stealth Rock
|-ability|p2a: Ogerpon|Embody Aspect (Wellspring)|boost
|-boost|p2a: Ogerpon|spd|1
|
|upkeep
|turn|36
|
|t:|1760785233
|move|p2a: Ogerpon|Ivy Cudgel|p1a: Clefable|[anim] Ivy Cudgel Water
|-damage|p1a: Clefable|0 fnt
|faint|p1a: Clefable
|
|upkeep
|
|t:|1760785236
|switch|p1a: Cyclizar|Cyclizar, M|100/100
|turn|37
|inactive|himal_ad321 has 120 seconds left.
|
|t:|1760785284
|move|p1a: Cyclizar|Rapid Spin|p2a: Ogerpon
|-damage|p2a: Ogerpon|5/100
|-boost|p1a: Cyclizar|spe|1
|-sideend|p1: slorpo|Spikes|[from] move: Rapid Spin|[of] p1a: Cyclizar
|-sideend|p1: slorpo|Stealth Rock|[from] move: Rapid Spin|[of] p1a: Cyclizar
|move|p2a: Ogerpon|Ivy Cudgel|p1a: Cyclizar|[anim] Ivy Cudgel Water
|-resisted|p1a: Cyclizar
|-damage|p1a: Cyclizar|34/100
|
|upkeep
|turn|38
|
|t:|1760785294
|move|p1a: Cyclizar|U-turn|p2a: Ogerpon
|-damage|p2a: Ogerpon|0 fnt
|faint|p2a: Ogerpon
|detailschange|p2: Ogerpon|Ogerpon-Wellspring, F|[silent]
|
|t:|1760785296
|switch|p1a: Slowking|Slowking-Galar, M|43/100 par|[from] U-turn
|
|-heal|p1a: Slowking|49/100 par|[from] item: Black Sludge
|upkeep
|
|t:|1760785309
|switch|p2a: Zapdos|Zapdos|61/100 tox
|turn|39
|
|t:|1760785321
|move|p2a: Zapdos|Roost|p2a: Zapdos
|-heal|p2a: Zapdos|100/100 tox
|-singleturn|p2a: Zapdos|move: Roost
|-prepare|p1a: Slowking|Chilly Reception|[premajor]
|move|p1a: Slowking|Chilly Reception|p1a: Slowking
|-weather|Snowscape
|
|t:|1760785332
|switch|p1a: Garganacl|Garganacl, M, tera:Water|25/100|[from] Chilly Reception
|
|-weather|Snowscape|[upkeep]
|-heal|p1a: Garganacl|31/100|[from] item: Leftovers
|-damage|p2a: Zapdos|94/100 tox|[from] psn
|upkeep
|turn|40
|
|t:|1760785340
|switch|p1a: Slowking|Slowking-Galar, M|82/100 par
|move|p2a: Zapdos|Volt Switch|p1a: Slowking
|-damage|p1a: Slowking|65/100 par
|inactive|himal_ad321 has 120 seconds left.
|
|t:|1760785375
|switch|p2a: Arcanine|Arcanine-Hisui, M|42/100|[from] Volt Switch
|-damage|p2a: Arcanine|18/100|[from] Stealth Rock
|
|-weather|Snowscape|[upkeep]
|-heal|p1a: Slowking|71/100 par|[from] item: Black Sludge
|upkeep
|turn|41
|
|t:|1760785400
|switch|p1a: Cyclizar|Cyclizar, M|67/100
|move|p2a: Arcanine|Flare Blitz|p1a: Cyclizar
|-resisted|p1a: Cyclizar
|-damage|p1a: Cyclizar|0 fnt
|faint|p1a: Cyclizar
|
|-weather|Snowscape|[upkeep]
|upkeep
|
|t:|1760785403
|switch|p1a: Garganacl|Garganacl, M, tera:Water|31/100
|turn|42
|
|t:|1760785406
|move|p2a: Arcanine|Flare Blitz|p1a: Garganacl
|-resisted|p1a: Garganacl
|-damage|p1a: Garganacl|7/100
|move|p1a: Garganacl|Recover|p1a: Garganacl
|-heal|p1a: Garganacl|57/100
|
|-weather|Snowscape|[upkeep]
|-heal|p1a: Garganacl|63/100|[from] item: Leftovers
|upkeep
|turn|43
|
|t:|1760785413
|switch|p2a: Zapdos|Zapdos|94/100 tox
|move|p1a: Garganacl|Recover|p1a: Garganacl
|-heal|p1a: Garganacl|100/100
|
|-weather|none
|-damage|p2a: Zapdos|88/100 tox|[from] psn
|upkeep
|turn|44
|
|t:|1760785418
|move|p2a: Zapdos|Thunder Wave|p1a: Garganacl
|-immune|p1a: Garganacl|[from] ability: Purifying Salt
|move|p1a: Garganacl|Salt Cure|p2a: Zapdos
|-supereffective|p2a: Zapdos
|-damage|p2a: Zapdos|68/100 tox
|-start|p2a: Zapdos|Salt Cure
|
|-damage|p2a: Zapdos|56/100 tox|[from] psn
|-damage|p2a: Zapdos|43/100 tox|[from] Salt Cure
|upkeep
|turn|45
|
|t:|1760785429
|switch|p1a: Slowking|Slowking-Galar, M|100/100 par
|move|p2a: Zapdos|Roost|p2a: Zapdos
|-heal|p2a: Zapdos|93/100 tox
|-singleturn|p2a: Zapdos|move: Roost
|
|-damage|p2a: Zapdos|75/100 tox|[from] psn
|-damage|p2a: Zapdos|63/100 tox|[from] Salt Cure
|upkeep
|turn|46
|
|t:|1760785440
|move|p2a: Zapdos|Volt Switch|p1a: Slowking
|-damage|p1a: Slowking|84/100 par
|
|t:|1760785443
|switch|p2a: Arcanine|Arcanine-Hisui, M|18/100|[from] Volt Switch
|-damage|p2a: Arcanine|0 fnt|[from] Stealth Rock
|faint|p2a: Arcanine
|move|p1a: Slowking|Eerie Spell|p2: Arcanine|[notarget]
|-fail|p1a: Slowking
|
|-heal|p1a: Slowking|90/100 par|[from] item: Black Sludge
|upkeep
|
|t:|1760785446
|switch|p2a: Zapdos|Zapdos|63/100 tox
|turn|47
|
|t:|1760785450
|move|p2a: Zapdos|Hurricane|p1a: Slowking|[miss]
|-miss|p2a: Zapdos|p1a: Slowking
|move|p1a: Slowking|Eerie Spell|p2a: Zapdos
|-damage|p2a: Zapdos|33/100 tox
|-activate|p2a: Zapdos|move: Eerie Spell|Hurricane|3
|
|-heal|p1a: Slowking|96/100 par|[from] item: Black Sludge
|-damage|p2a: Zapdos|27/100 tox|[from] psn
|upkeep
|turn|48
|
|t:|1760785457
|move|p2a: Zapdos|Hurricane|p1a: Slowking
|-damage|p1a: Slowking|71/100 par
|-start|p1a: Slowking|confusion
|-activate|p1a: Slowking|confusion
|-damage|p1a: Slowking|65/100 par|[from] confusion
|
|-heal|p1a: Slowking|72/100 par|[from] item: Black Sludge
|-damage|p2a: Zapdos|15/100 tox|[from] psn
|upkeep
|turn|49
|c|☆himal_ad321|gg
|-message|himal_ad321 forfeited.
|
|win|slorpo
|raw|slorpo's rating: 1223 &rarr; <strong>1251</strong><br />(+28 for winning)
|raw|himal_ad321's rating: 1270 &rarr; <strong>1242</strong><br />(-28 for losing)
|l|☆himal_ad321
|player|p2|
|c|☆slorpo|ggs
|l|☆slorpo
|player|p1|
