|j|☆sgCURRY3
|j|☆theboatsbrokendad
|t:|1760856180
|gametype|singles
|player|p1|sgCURRY3|cynthia|1470
|player|p2|theboatsbrokendad|170|1543
|gen|9
|tier|[Gen 9] OU
|rated|
|rule|HP Percentage Mod: HP is shown in percentages
|rule|Endless Battle Clause: Forcing endless battles is banned
|rule|Species Clause: Limit one of each Pokémon
|rule|OHKO Clause: OHKO moves are banned
|rule|Evasion Items Clause: Evasion items are banned
|rule|Evasion Moves Clause: Evasion moves are banned
|rule|Evasion Abilities Clause: Evasion abilities are banned
|rule|Sleep Moves Clause: Sleep-inducing moves are banned
|clearpoke
|poke|p1|Greninja-*, M|
|poke|p1|Dragapult, M|
|poke|p1|Glimmora, M|
|poke|p1|Corviknight, F|
|poke|p1|Great Tusk|
|poke|p1|Hoopa-Unbound|
|poke|p2|Emboar, M|
|poke|p2|Cramorant, M|
|poke|p2|Hydrapple, M|
|poke|p2|Ursaluna, F|
|poke|p2|Greninja-*, M|
|poke|p2|Tinkaton, F|
|teampreview
|inactive|Battle timer is ON: inactive players will automatically lose when time's up. (requested by theboatsbrokendad)
|inactive|theboatsbrokendad has 120 seconds left.
|
|t:|1760856210
|teamsize|p1|6
|teamsize|p2|6
|start
|switch|p1a: 狠人|Hoopa-Unbound|100/100
|switch|p2a: wonkatonk|Tinkaton, F|100/100
|-ability|p2a: wonkatonk|Mold Breaker
|-item|p2a: wonkatonk|Air Balloon
|turn|1
|
|t:|1760856237
|switch|p1a: 开出钉子就赢|Glimmora, M|100/100
|move|p2a: wonkatonk|Gigaton Hammer|p1a: 开出钉子就赢
|-supereffective|p1a: 开出钉子就赢
|-enditem|p1a: 开出钉子就赢|Focus Sash
|-damage|p1a: 开出钉子就赢|1/100
|-activate|p1a: 开出钉子就赢|ability: Toxic Debris
|-sidestart|p2: theboatsbrokendad|move: Toxic Spikes
|
|upkeep
|turn|2
|inactive|theboatsbrokendad has 120 seconds left.
|
|t:|1760856255
|move|p2a: wonkatonk|Knock Off|p1a: 开出钉子就赢
|-damage|p1a: 开出钉子就赢|0 fnt
|-activate|p1a: 开出钉子就赢|ability: Toxic Debris
|-sidestart|p2: theboatsbrokendad|move: Toxic Spikes
|faint|p1a: 开出钉子就赢
|
|upkeep
|
|t:|1760856264
|switch|p1a: 黄毛|Dragapult, M, shiny|100/100
|turn|3
|
|t:|1760856278
|switch|p1a: 盔甲鸟|Corviknight, F|100/100
|-ability|p1a: 盔甲鸟|Pressure
|move|p2a: wonkatonk|Stealth Rock|p1a: 盔甲鸟
|-sidestart|p1: sgCURRY3|move: Stealth Rock
|
|upkeep
|turn|4
|
|t:|1760856286
|switch|p2a: Ja Morant|Cramorant, M|100/100
|move|p1a: 盔甲鸟|Body Press|p2a: Ja Morant
|-resisted|p2a: Ja Morant
|-damage|p2a: Ja Morant|78/100
|
|upkeep
|turn|5
|
|t:|1760856298
|move|p2a: Ja Morant|Surf|p1a: 盔甲鸟
|-formechange|p2a: Ja Morant|Cramorant-Gulping|
|-damage|p1a: 盔甲鸟|68/100
|move|p1a: 盔甲鸟|U-turn|p2a: Ja Morant
|-resisted|p2a: Ja Morant
|-damage|p2a: Ja Morant|64/100
|-damage|p1a: 盔甲鸟|43/100|[from] ability: Gulp Missile|[of] p2a: Ja Morant
|-unboost|p1a: 盔甲鸟|def|1
|-formechange|p2a: Ja Morant|Cramorant|
|
|t:|1760856314
|switch|p1a: 黄毛|Dragapult, M, shiny|100/100|[from] U-turn
|-damage|p1a: 黄毛|88/100|[from] Stealth Rock
|
|upkeep
|turn|6
|inactive|sgCURRY3 has 120 seconds left.
|
|t:|1760856364
|switch|p2a: wonkatonk|Tinkaton, F|100/100
|-ability|p2a: wonkatonk|Mold Breaker
|-item|p2a: wonkatonk|Air Balloon
|move|p1a: 黄毛|Shadow Ball|p2a: wonkatonk
|-damage|p2a: wonkatonk|46/100
|-enditem|p2a: wonkatonk|Air Balloon
|
|upkeep
|turn|7
|inactive|theboatsbrokendad has 120 seconds left.
|
|t:|1760856387
|switch|p2a: grape ape|Ursaluna, F|100/100
|-status|p2a: grape ape|tox
|move|p1a: 黄毛|Shadow Ball|p2a: grape ape
|-immune|p2a: grape ape
|
|-damage|p2a: grape ape|94/100 tox|[from] psn
|upkeep
|turn|8
|inactive|theboatsbrokendad has 120 seconds left.
|
|t:|1760856404
|switch|p1a: 盔甲鸟|Corviknight, F|43/100
|-damage|p1a: 盔甲鸟|30/100|[from] Stealth Rock
|-ability|p1a: 盔甲鸟|Pressure
|move|p2a: grape ape|Facade|p1a: 盔甲鸟
|-resisted|p1a: 盔甲鸟
|-damage|p1a: 盔甲鸟|0 fnt
|-damage|p2a: grape ape|78/100 tox|[from] item: Rocky Helmet|[of] p1a: 盔甲鸟
|faint|p1a: 盔甲鸟
|
|-damage|p2a: grape ape|66/100 tox|[from] psn
|upkeep
|
|t:|1760856406
|switch|p1a: 猛犸象|Great Tusk, shiny|100/100
|-damage|p1a: 猛犸象|98/100|[from] Stealth Rock
|turn|9
|inactive|theboatsbrokendad has 120 seconds left.
|
|t:|1760856415
|move|p1a: 猛犸象|Rapid Spin|p2a: grape ape
|-damage|p2a: grape ape|53/100 tox
|-boost|p1a: 猛犸象|spe|1
|-sideend|p1: sgCURRY3|Stealth Rock|[from] move: Rapid Spin|[of] p1a: 猛犸象
|move|p2a: grape ape|Facade|p1a: 猛犸象
|-damage|p1a: 猛犸象|0 fnt
|faint|p1a: 猛犸象
|-end|p1a: 猛犸象|Protosynthesis|[silent]
|
|-damage|p2a: grape ape|35/100 tox|[from] psn
|upkeep
|
|t:|1760856422
|switch|p1a: sgcurry3版忍蛙|Greninja, M|100/100
|turn|10
|inactive|theboatsbrokendad has 120 seconds left.
|
|t:|1760856443
|move|p1a: sgcurry3版忍蛙|Ice Beam|p2a: grape ape
|-supereffective|p2a: grape ape
|-damage|p2a: grape ape|0 fnt
|faint|p2a: grape ape
|-ability|p1a: sgcurry3版忍蛙|Battle Bond|boost
|-boost|p1a: sgcurry3版忍蛙|atk|1
|-boost|p1a: sgcurry3版忍蛙|spa|1
|-boost|p1a: sgcurry3版忍蛙|spe|1
|-activate|p1a: sgcurry3版忍蛙|ability: Battle Bond
|-damage|p1a: sgcurry3版忍蛙|91/100|[from] item: Life Orb
|
|upkeep
|
|t:|1760856449
|switch|p2a: Emborg|Emboar, M|100/100
|-status|p2a: Emborg|tox
|turn|11
|
|t:|1760856451
|move|p1a: sgcurry3版忍蛙|Hydro Pump|p2a: Emborg
|-supereffective|p2a: Emborg
|-damage|p2a: Emborg|0 fnt
|faint|p2a: Emborg
|-damage|p1a: sgcurry3版忍蛙|81/100|[from] item: Life Orb
|
|upkeep
|inactive|theboatsbrokendad has 120 seconds left.
|
|t:|1760856463
|switch|p2a: rock candy|Hydrapple, M|100/100
|turn|12
|
|t:|1760856467
|-terastallize|p2a: rock candy|Fairy
|move|p1a: sgcurry3版忍蛙|Ice Beam|p2a: rock candy
|-damage|p2a: rock candy|50/100
|-damage|p1a: sgcurry3版忍蛙|71/100|[from] item: Life Orb
|move|p2a: rock candy|Giga Drain|p1a: sgcurry3版忍蛙
|-supereffective|p1a: sgcurry3版忍蛙
|-damage|p1a: sgcurry3版忍蛙|0 fnt
|-heal|p2a: rock candy|75/100|[from] drain|[of] p1a: sgcurry3版忍蛙
|faint|p1a: sgcurry3版忍蛙
|
|upkeep
|
|t:|1760856471
|switch|p1a: 狠人|Hoopa-Unbound|100/100
|turn|13
|
|t:|1760856490
|switch|p2a: Ja Morant|Cramorant, M|64/100
|move|p1a: 狠人|Gunk Shot|p2a: Ja Morant|[miss]
|-miss|p1a: 狠人|p2a: Ja Morant
|
|upkeep
|turn|14
|
|t:|1760856494
|move|p2a: Ja Morant|Surf|p1a: 狠人
|-formechange|p2a: Ja Morant|Cramorant-Gulping|
|-damage|p1a: 狠人|75/100
|move|p1a: 狠人|Gunk Shot|p2a: Ja Morant
|-damage|p2a: Ja Morant|0 fnt
|-damage|p1a: 狠人|50/100|[from] ability: Gulp Missile|[of] p2a: Ja Morant
|-unboost|p1a: 狠人|def|1
|-formechange|p2a: Ja Morant|Cramorant|
|faint|p2a: Ja Morant
|
|upkeep
|
|t:|1760856502
|switch|p2a: wonkatonk|Tinkaton, F|46/100
|-ability|p2a: wonkatonk|Mold Breaker
|turn|15
|
|t:|1760856510
|switch|p1a: 黄毛|Dragapult, M, shiny|88/100
|move|p2a: wonkatonk|Knock Off|p1a: 黄毛
|-supereffective|p1a: 黄毛
|-damage|p1a: 黄毛|21/100
|-enditem|p1a: 黄毛|Choice Specs|[from] move: Knock Off|[of] p2a: wonkatonk
|
|upkeep
|turn|16
|
|t:|1760856525
|move|p1a: 黄毛|Flamethrower|p2a: wonkatonk
|-supereffective|p2a: wonkatonk
|-crit|p2a: wonkatonk
|-damage|p2a: wonkatonk|0 fnt
|faint|p2a: wonkatonk
|
|upkeep
|
|t:|1760856530
|switch|p2a: ligma|Greninja, M|100/100
|-status|p2a: ligma|tox
|turn|17
|
|t:|1760856541
|move|p1a: 黄毛|Draco Meteor|p2a: ligma
|-damage|p2a: ligma|11/100 tox
|-unboost|p1a: 黄毛|spa|2
|move|p2a: ligma|Surf|p1a: 黄毛
|-resisted|p1a: 黄毛
|-damage|p1a: 黄毛|0 fnt
|faint|p1a: 黄毛
|-ability|p2a: ligma|Battle Bond|boost
|-boost|p2a: ligma|atk|1
|-boost|p2a: ligma|spa|1
|-boost|p2a: ligma|spe|1
|-activate|p2a: ligma|ability: Battle Bond
|-damage|p2a: ligma|1/100 tox|[from] item: Life Orb
|
|-damage|p2a: ligma|0 fnt|[from] psn
|faint|p2a: ligma
|upkeep
|
|t:|1760856545
|switch|p1a: 狠人|Hoopa-Unbound|50/100
|switch|p2a: rock candy|Hydrapple, M, tera:Fairy|100/100
|turn|18
|inactive|theboatsbrokendad has 120 seconds left.
|
|t:|1760856576
|-terastallize|p1a: 狠人|Poison
|move|p1a: 狠人|Gunk Shot|p2a: rock candy|[miss]
|-miss|p1a: 狠人|p2a: rock candy
|move|p2a: rock candy|Fickle Beam|p1a: 狠人
|-damage|p1a: 狠人|15/100
|
|upkeep
|turn|19
|inactive|theboatsbrokendad has 120 seconds left.
|
|t:|1760856594
|move|p1a: 狠人|Gunk Shot|p2a: rock candy|[miss]
|-miss|p1a: 狠人|p2a: rock candy
|move|p2a: rock candy|Fickle Beam|p1a: 狠人
|-damage|p1a: 狠人|0 fnt
|faint|p1a: 狠人
|
|win|theboatsbrokendad
|raw|sgCURRY3's rating: 1470 &rarr; <strong>1454</strong><br />(-16 for losing)
|raw|theboatsbrokendad's rating: 1543 &rarr; <strong>1559</strong><br />(+16 for winning)
|l|☆sgCURRY3
|player|p1|
