|j|☆Siisisihisia
|j|☆doodieray
|t:|1760883850
|gametype|singles
|player|p1|Siisisihisia|102|1567
|player|p2|doodieray|medium|1493
|gen|9
|tier|[Gen 9] OU
|rated|
|rule|HP Percentage Mod: HP is shown in percentages
|rule|Endless Battle Clause: Forcing endless battles is banned
|rule|Species Clause: Limit one of each Pokémon
|rule|OHKO Clause: OHKO moves are banned
|rule|Evasion Items Clause: Evasion items are banned
|rule|Evasion Moves Clause: Evasion moves are banned
|rule|Evasion Abilities Clause: Evasion abilities are banned
|rule|Sleep Moves Clause: Sleep-inducing moves are banned
|clearpoke
|poke|p1|Pelipper, F|
|poke|p1|Araquanid, F|
|poke|p1|Thundurus-Therian, M|
|poke|p1|Iron Treads|
|poke|p1|Basculegion, M|
|poke|p1|Hydrapple, M|
|poke|p2|Kyurem|
|poke|p2|Slowking-Galar, F|
|poke|p2|Iron Crown|
|poke|p2|Alomomola, M|
|poke|p2|Ogerpon, F|
|poke|p2|Great Tusk|
|teampreview
|inactive|Battle timer is ON: inactive players will automatically lose when time's up. (requested by doodieray)
|
|t:|1760883860
|teamsize|p1|6
|teamsize|p2|6
|start
|switch|p1a: Thundurus|Thundurus-Therian, M|100/100
|switch|p2a: Iron Crown|Iron Crown|100/100
|turn|1
|
|t:|1760883864
|move|p1a: Thundurus|Volt Switch|p2a: Iron Crown
|-damage|p2a: Iron Crown|72/100
|
|t:|1760883867
|switch|p1a: Iron Treads|Iron Treads|100/100|[from] Volt Switch
|move|p2a: Iron Crown|Future Sight|p1a: Iron Treads
|-start|p2a: Iron Crown|move: Future Sight
|
|upkeep
|turn|2
|
|t:|1760883873
|-end|p2a: Iron Crown|Quark Drive|[silent]
|switch|p2a: Alomomola|Alomomola, M|100/100
|move|p1a: Iron Treads|Stealth Rock|p2a: Alomomola
|-sidestart|p2: doodieray|move: Stealth Rock
|
|upkeep
|turn|3
|
|t:|1760883877
|move|p1a: Iron Treads|Earthquake|p2a: Alomomola
|-damage|p2a: Alomomola|79/100
|move|p2a: Alomomola|Flip Turn|p1a: Iron Treads
|-supereffective|p1a: Iron Treads
|-damage|p1a: Iron Treads|73/100
|
|t:|1760883886
|switch|p2a: Ogerpon|Ogerpon, F|100/100|[from] Flip Turn
|-damage|p2a: Ogerpon|88/100|[from] Stealth Rock
|
|-end|p1a: Iron Treads|move: Future Sight
|-resisted|p1a: Iron Treads
|-damage|p1a: Iron Treads|38/100
|upkeep
|turn|4
|
|t:|1760883891
|-end|p1a: Iron Treads|Quark Drive|[silent]
|switch|p1a: Hydrapple|Hydrapple, M|100/100
|move|p2a: Ogerpon|Ivy Cudgel|p1a: Hydrapple
|-resisted|p1a: Hydrapple
|-damage|p1a: Hydrapple|86/100
|
|upkeep
|turn|5
|
|t:|1760883897
|switch|p2a: Slowking|Slowking-Galar, F|100/100
|move|p1a: Hydrapple|Nasty Plot|p1a: Hydrapple
|-boost|p1a: Hydrapple|spa|2
|
|upkeep
|turn|6
|
|t:|1760883900
|move|p1a: Hydrapple|Earth Power|p2a: Slowking
|-supereffective|p2a: Slowking
|-damage|p2a: Slowking|25/100
|move|p2a: Slowking|Ice Beam|p1a: Hydrapple
|-supereffective|p1a: Hydrapple
|-damage|p1a: Hydrapple|4/100
|-status|p1a: Hydrapple|frz
|
|upkeep
|turn|7
|
|t:|1760883909
|cant|p1a: Hydrapple|frz
|-prepare|p2a: Slowking|Chilly Reception|[premajor]
|move|p2a: Slowking|Chilly Reception|p2a: Slowking
|-weather|Snowscape
|
|t:|1760883923
|switch|p2a: Ogerpon|Ogerpon, F|88/100|[from] Chilly Reception
|-damage|p2a: Ogerpon|76/100|[from] Stealth Rock
|
|-weather|Snowscape|[upkeep]
|upkeep
|turn|8
|
|t:|1760883929
|switch|p1a: Iron Treads|Iron Treads|38/100
|move|p2a: Ogerpon|U-turn|p1a: Iron Treads
|-resisted|p1a: Iron Treads
|-damage|p1a: Iron Treads|25/100
|
|t:|1760883936
|switch|p2a: Great Tusk|Great Tusk|100/100|[from] U-turn
|
|-weather|Snowscape|[upkeep]
|upkeep
|turn|9
|
|t:|1760883939
|-end|p1a: Iron Treads|Quark Drive|[silent]
|switch|p1a: Basculegion|Basculegion, M|100/100
|move|p2a: Great Tusk|Rapid Spin|p1a: Basculegion
|-immune|p1a: Basculegion
|
|-weather|Snowscape|[upkeep]
|upkeep
|turn|10
|
|t:|1760883942
|move|p2a: Great Tusk|Headlong Rush|p1a: Basculegion
|-damage|p1a: Basculegion|8/100
|-unboost|p2a: Great Tusk|def|1
|-unboost|p2a: Great Tusk|spd|1
|move|p1a: Basculegion|Wave Crash|p2a: Great Tusk
|-supereffective|p2a: Great Tusk
|-damage|p2a: Great Tusk|0 fnt
|faint|p2a: Great Tusk
|-end|p2a: Great Tusk|Protosynthesis|[silent]
|-damage|p1a: Basculegion|0 fnt|[from] Recoil
|faint|p1a: Basculegion
|
|-weather|Snowscape|[upkeep]
|upkeep
|
|t:|1760883948
|switch|p2a: Alomomola|Alomomola, M|100/100
|switch|p1a: Pelipper|Pelipper, F|100/100
|-weather|RainDance|[from] ability: Drizzle|[of] p1a: Pelipper
|turn|11
|
|t:|1760883951
|move|p1a: Pelipper|Hurricane|p2a: Alomomola
|-damage|p2a: Alomomola|56/100
|move|p2a: Alomomola|Wish|p2a: Alomomola
|
|-weather|RainDance|[upkeep]
|upkeep
|turn|12
|
|t:|1760883956
|move|p1a: Pelipper|U-turn|p2a: Alomomola
|-damage|p2a: Alomomola|50/100
|
|t:|1760883959
|switch|p1a: Araquanid|Araquanid, F|100/100|[from] U-turn
|move|p2a: Alomomola|Flip Turn|p1a: Araquanid
|-resisted|p1a: Araquanid
|-damage|p1a: Araquanid|87/100
|
|t:|1760883963
|switch|p2a: Kyurem|Kyurem|100/100|[from] Flip Turn
|-damage|p2a: Kyurem|76/100|[from] Stealth Rock
|-ability|p2a: Kyurem|Pressure
|
|-weather|RainDance|[upkeep]
|-heal|p2a: Kyurem|100/100|[from] move: Wish|[wisher] Alomomola
|upkeep
|turn|13
|
|t:|1760883967
|move|p2a: Kyurem|Freeze-Dry|p1a: Araquanid
|-supereffective|p1a: Araquanid
|-damage|p1a: Araquanid|4/100
|-status|p1a: Araquanid|frz
|cant|p1a: Araquanid|frz
|
|-weather|RainDance|[upkeep]
|upkeep
|turn|14
|
|t:|1760883977
|move|p2a: Kyurem|Freeze-Dry|p1a: Araquanid
|-supereffective|p1a: Araquanid
|-damage|p1a: Araquanid|0 fnt
|faint|p1a: Araquanid
|
|-weather|RainDance|[upkeep]
|upkeep
|
|t:|1760883978
|switch|p1a: Thundurus|Thundurus-Therian, M|100/100
|turn|15
|c|☆doodieray|Sry
|
|t:|1760883989
|-terastallize|p1a: Thundurus|Fairy
|move|p1a: Thundurus|Tera Blast|p2a: Kyurem|[anim] Tera Blast Fairy
|-supereffective|p2a: Kyurem
|-damage|p2a: Kyurem|8/100
|move|p2a: Kyurem|Freeze-Dry|p1a: Thundurus
|-damage|p1a: Thundurus|26/100
|-status|p1a: Thundurus|frz
|
|-weather|RainDance|[upkeep]
|upkeep
|turn|16
|c|☆Siisisihisia|It is what it is
|c|☆doodieray|Omg
|
|t:|1760884006
|cant|p1a: Thundurus|frz
|move|p2a: Kyurem|Freeze-Dry|p1a: Thundurus
|-damage|p1a: Thundurus|0 fnt
|faint|p1a: Thundurus
|
|-weather|RainDance|[upkeep]
|upkeep
|
|t:|1760884010
|switch|p1a: Iron Treads|Iron Treads|25/100
|turn|17
|
|t:|1760884018
|move|p1a: Iron Treads|Earthquake|p2a: Kyurem
|-damage|p2a: Kyurem|0 fnt
|faint|p2a: Kyurem
|
|-weather|RainDance|[upkeep]
|upkeep
|
|t:|1760884023
|switch|p2a: Ogerpon|Ogerpon, F|76/100
|-damage|p2a: Ogerpon|64/100|[from] Stealth Rock
|turn|18
|
|t:|1760884029
|-end|p1a: Iron Treads|Quark Drive|[silent]
|switch|p1a: Hydrapple|Hydrapple, M|37/100 frz
|move|p2a: Ogerpon|Ivy Cudgel|p1a: Hydrapple
|-resisted|p1a: Hydrapple
|-crit|p1a: Hydrapple
|-damage|p1a: Hydrapple|15/100 frz
|
|-weather|none
|upkeep
|turn|19
|
|t:|1760884034
|switch|p1a: Pelipper|Pelipper, F|100/100
|-weather|RainDance|[from] ability: Drizzle|[of] p1a: Pelipper
|-terastallize|p2a: Ogerpon|Grass
|detailschange|p2a: Ogerpon|Ogerpon-Teal-Tera, F, tera:Grass
|-ability|p2a: Ogerpon|Embody Aspect (Teal)|boost
|-boost|p2a: Ogerpon|spe|1
|move|p2a: Ogerpon|Ivy Cudgel|p1a: Pelipper
|-damage|p1a: Pelipper|20/100
|
|-weather|RainDance|[upkeep]
|upkeep
|turn|20
|
|t:|1760884037
|move|p2a: Ogerpon|Ivy Cudgel|p1a: Pelipper
|-damage|p1a: Pelipper|0 fnt
|faint|p1a: Pelipper
|
|-weather|RainDance|[upkeep]
|upkeep
|
|t:|1760884038
|switch|p1a: Hydrapple|Hydrapple, M|49/100 frz
|turn|21
|
|t:|1760884042
|switch|p2a: Slowking|Slowking-Galar, F|58/100
|cant|p1a: Hydrapple|frz
|
|-weather|RainDance|[upkeep]
|upkeep
|turn|22
|
|t:|1760884050
|switch|p1a: Iron Treads|Iron Treads|25/100
|move|p2a: Slowking|Ice Beam|p1a: Iron Treads
|-damage|p1a: Iron Treads|0 fnt
|faint|p1a: Iron Treads
|-end|p1a: Iron Treads|Quark Drive|[silent]
|
|-weather|RainDance|[upkeep]
|upkeep
|
|t:|1760884052
|switch|p1a: Hydrapple|Hydrapple, M|82/100 frz
|turn|23
|
|t:|1760884054
|cant|p1a: Hydrapple|frz
|move|p2a: Slowking|Ice Beam|p1a: Hydrapple
|-supereffective|p1a: Hydrapple
|-damage|p1a: Hydrapple|0 fnt
|faint|p1a: Hydrapple
|
|win|doodieray
|raw|Siisisihisia's rating: 1567 &rarr; <strong>1543</strong><br />(-24 for losing)
|raw|doodieray's rating: 1493 &rarr; <strong>1517</strong><br />(+24 for winning)
|l|☆Siisisihisia
|player|p1|
