|j|☆magikarp soup
|j|☆LT124YH Prav33n
|t:|1760834799
|gametype|singles
|player|p1|magikarp soup|medium|1623
|player|p2|LT124YH Prav33n|koga|1842
|gen|9
|tier|[Gen 9] OU
|rated|
|rule|HP Percentage Mod: HP is shown in percentages
|rule|Endless Battle Clause: Forcing endless battles is banned
|rule|Species Clause: Limit one of each Pokémon
|rule|OHKO Clause: OHKO moves are banned
|rule|Evasion Items Clause: Evasion items are banned
|rule|Evasion Moves Clause: Evasion moves are banned
|rule|Evasion Abilities Clause: Evasion abilities are banned
|rule|Sleep Moves Clause: Sleep-inducing moves are banned
|clearpoke
|poke|p1|Breloom, F|
|poke|p1|Alomomola, F|
|poke|p1|Raging Bolt|
|poke|p1|Scizor, F|
|poke|p1|Landorus-Therian, M|
|poke|p1|Dragapult, F|
|poke|p2|Kyurem|
|poke|p2|Great Tusk|
|poke|p2|Ogerpon-Wellspring, F|
|poke|p2|Heatran, F|
|poke|p2|Enamorus, F|
|poke|p2|Pecharunt|
|teampreview
|inactive|Battle timer is ON: inactive players will automatically lose when time's up. (requested by LT124YH Prav33n)
|inactive|magikarp soup has 120 seconds left.
|inactive|LT124YH Prav33n has 120 seconds left.
|inactive|magikarp soup has 90 seconds left.
|
|t:|1760834864
|teamsize|p1|6
|teamsize|p2|6
|start
|switch|p1a: Breloom|Breloom, F|100/100
|switch|p2a: Ogerpon|Ogerpon-Wellspring, F|100/100
|turn|1
|
|t:|1760834871
|move|p2a: Ogerpon|U-turn|p1a: Breloom
|-damage|p1a: Breloom|56/100
|
|t:|1760834873
|switch|p2a: Enamorus|Enamorus, F, shiny|100/100|[from] U-turn
|move|p1a: Breloom|Swords Dance|p1a: Breloom
|-boost|p1a: Breloom|atk|2
|
|upkeep
|turn|2
|
|t:|1760834886
|switch|p1a: Alomomola|Alomomola, F|100/100
|move|p2a: Enamorus|Moonblast|p1a: Alomomola
|-damage|p1a: Alomomola|71/100
|-unboost|p1a: Alomomola|spa|1
|
|upkeep
|turn|3
|
|t:|1760834898
|switch|p2a: Pecharunt|Pecharunt|100/100
|-item|p2a: Pecharunt|Air Balloon
|move|p1a: Alomomola|Body Slam|p2a: Pecharunt
|-immune|p2a: Pecharunt
|
|upkeep
|turn|4
|
|t:|1760834901
|move|p2a: Pecharunt|Parting Shot|p1a: Alomomola
|-unboost|p1a: Alomomola|atk|1
|-unboost|p1a: Alomomola|spa|1
|
|t:|1760834903
|switch|p2a: Ogerpon|Ogerpon-Wellspring, F|100/100|[from] Parting Shot
|move|p1a: Alomomola|Flip Turn|p2a: Ogerpon
|-immune|p2a: Ogerpon|[from] ability: Water Absorb
|
|upkeep
|turn|5
|
|t:|1760834909
|switch|p1a: Raging Bolt|Raging Bolt|100/100
|move|p2a: Ogerpon|Power Whip|p1a: Raging Bolt
|-resisted|p1a: Raging Bolt
|-damage|p1a: Raging Bolt|66/100
|
|upkeep
|turn|6
|
|t:|1760834921
|move|p2a: Ogerpon|U-turn|p1a: Raging Bolt
|-damage|p1a: Raging Bolt|40/100
|
|t:|1760834933
|switch|p2a: Heatran|Heatran, F|100/100|[from] U-turn
|move|p1a: Raging Bolt|Calm Mind|p1a: Raging Bolt
|-boost|p1a: Raging Bolt|spa|1
|-boost|p1a: Raging Bolt|spd|1
|
|upkeep
|turn|7
|
|t:|1760834940
|switch|p2a: Great Tusk|Great Tusk|100/100
|move|p1a: Raging Bolt|Volt Switch|p2a: Great Tusk
|-immune|p2a: Great Tusk
|
|upkeep
|turn|8
|
|t:|1760834942
|-terastallize|p1a: Raging Bolt|Flying
|move|p2a: Great Tusk|Headlong Rush|p1a: Raging Bolt
|-immune|p1a: Raging Bolt
|move|p1a: Raging Bolt|Draco Meteor|p2a: Great Tusk
|-damage|p2a: Great Tusk|0 fnt
|-unboost|p1a: Raging Bolt|spa|2
|faint|p2a: Great Tusk
|-end|p2a: Great Tusk|Protosynthesis|[silent]
|-damage|p1a: Raging Bolt|30/100|[from] item: Life Orb
|
|upkeep
|
|t:|1760834946
|switch|p2a: Kyurem|Kyurem, shiny|100/100
|-ability|p2a: Kyurem|Pressure
|turn|9
|
|t:|1760834953
|-end|p1a: Raging Bolt|Protosynthesis|[silent]
|switch|p1a: Scizor|Scizor, F|100/100
|move|p2a: Kyurem|Substitute|p2a: Kyurem
|-start|p2a: Kyurem|Substitute
|-damage|p2a: Kyurem|75/100
|
|-heal|p2a: Kyurem|82/100|[from] item: Leftovers
|upkeep
|turn|10
|
|t:|1760834962
|switch|p1a: Alomomola|Alomomola, F|100/100
|move|p2a: Kyurem|Protect||[still]
|-fail|p2a: Kyurem
|
|-heal|p2a: Kyurem|88/100|[from] item: Leftovers
|upkeep
|turn|11
|
|t:|1760834967
|move|p2a: Kyurem|Freeze-Dry|p1a: Alomomola
|-supereffective|p1a: Alomomola
|-damage|p1a: Alomomola|61/100
|move|p1a: Alomomola|Mirror Coat|p2a: Kyurem
|-end|p2a: Kyurem|Substitute
|
|-heal|p2a: Kyurem|94/100|[from] item: Leftovers
|upkeep
|turn|12
|
|t:|1760834975
|move|p2a: Kyurem|Protect|p2a: Kyurem
|-singleturn|p2a: Kyurem|Protect
|move|p1a: Alomomola|Body Slam|p2a: Kyurem
|-activate|p2a: Kyurem|move: Protect
|
|-heal|p2a: Kyurem|99/100|[from] item: Leftovers
|upkeep
|turn|13
|
|t:|1760834978
|move|p2a: Kyurem|Substitute|p2a: Kyurem
|-start|p2a: Kyurem|Substitute
|-damage|p2a: Kyurem|75/100
|move|p1a: Alomomola|Body Slam|p2a: Kyurem
|-activate|p2a: Kyurem|move: Substitute|[damage]
|
|-heal|p2a: Kyurem|81/100|[from] item: Leftovers
|upkeep
|turn|14
|
|t:|1760834984
|move|p2a: Kyurem|Protect|p2a: Kyurem
|-singleturn|p2a: Kyurem|Protect
|move|p1a: Alomomola|Scald|p2a: Kyurem
|-activate|p2a: Kyurem|move: Protect
|
|-heal|p2a: Kyurem|88/100|[from] item: Leftovers
|upkeep
|turn|15
|
|t:|1760834987
|move|p2a: Kyurem|Freeze-Dry|p1a: Alomomola
|-supereffective|p1a: Alomomola
|-damage|p1a: Alomomola|22/100
|move|p1a: Alomomola|Scald|p2a: Kyurem
|-resisted|p2a: Kyurem
|-activate|p2a: Kyurem|move: Substitute|[damage]
|
|-heal|p2a: Kyurem|94/100|[from] item: Leftovers
|upkeep
|turn|16
|
|t:|1760834994
|switch|p1a: Scizor|Scizor, F|100/100
|move|p2a: Kyurem|Freeze-Dry|p1a: Scizor
|-resisted|p1a: Scizor
|-damage|p1a: Scizor|79/100
|
|-heal|p2a: Kyurem|99/100|[from] item: Leftovers
|upkeep
|turn|17
|
|t:|1760835007
|-terastallize|p2a: Kyurem|Ground
|move|p2a: Kyurem|Earth Power|p1a: Scizor
|-damage|p1a: Scizor|27/100
|-enditem|p1a: Scizor|Sitrus Berry|[eat]
|-heal|p1a: Scizor|52/100|[from] item: Sitrus Berry
|move|p1a: Scizor|Knock Off|p2a: Kyurem
|-end|p2a: Kyurem|Substitute
|
|-heal|p2a: Kyurem|100/100|[from] item: Leftovers
|upkeep
|turn|18
|
|t:|1760835019
|move|p2a: Kyurem|Protect|p2a: Kyurem
|-singleturn|p2a: Kyurem|Protect
|move|p1a: Scizor|Bullet Punch|p2a: Kyurem
|-activate|p2a: Kyurem|move: Protect
|
|upkeep
|turn|19
|
|t:|1760835031
|switch|p2a: Ogerpon|Ogerpon-Wellspring, F|100/100
|move|p1a: Scizor|U-turn|p2a: Ogerpon
|-supereffective|p2a: Ogerpon
|-crit|p2a: Ogerpon
|-damage|p2a: Ogerpon|0 fnt
|faint|p2a: Ogerpon
|
|t:|1760835053
|switch|p1a: Alomomola|Alomomola, F|55/100|[from] U-turn
|
|upkeep
|
|t:|1760835057
|switch|p2a: Kyurem|Kyurem, shiny, tera:Ground|100/100
|-ability|p2a: Kyurem|Pressure
|turn|20
|
|t:|1760835065
|move|p2a: Kyurem|Freeze-Dry|p1a: Alomomola
|-supereffective|p1a: Alomomola
|-damage|p1a: Alomomola|13/100
|-status|p1a: Alomomola|frz
|cant|p1a: Alomomola|frz
|
|upkeep
|turn|21
|
|t:|1760835073
|switch|p1a: Scizor|Scizor, F|52/100
|move|p2a: Kyurem|Substitute|p2a: Kyurem
|-start|p2a: Kyurem|Substitute
|-damage|p2a: Kyurem|75/100
|
|-heal|p2a: Kyurem|82/100|[from] item: Leftovers
|upkeep
|turn|22
|
|t:|1760835078
|move|p2a: Kyurem|Protect|p2a: Kyurem
|-singleturn|p2a: Kyurem|Protect
|move|p1a: Scizor|U-turn|p2a: Kyurem
|-activate|p2a: Kyurem|move: Protect
|
|-heal|p2a: Kyurem|88/100|[from] item: Leftovers
|upkeep
|turn|23
|
|t:|1760835081
|move|p1a: Scizor|Bullet Punch|p2a: Kyurem
|-end|p2a: Kyurem|Substitute
|move|p2a: Kyurem|Earth Power|p1a: Scizor
|-damage|p1a: Scizor|1/100
|
|-heal|p2a: Kyurem|94/100|[from] item: Leftovers
|upkeep
|turn|24
|
|t:|1760835089
|move|p2a: Kyurem|Protect|p2a: Kyurem
|-singleturn|p2a: Kyurem|Protect
|move|p1a: Scizor|Bullet Punch|p2a: Kyurem
|-activate|p2a: Kyurem|move: Protect
|
|-heal|p2a: Kyurem|99/100|[from] item: Leftovers
|upkeep
|turn|25
|
|t:|1760835111
|switch|p2a: Pecharunt|Pecharunt|100/100
|-item|p2a: Pecharunt|Air Balloon
|switch|p1a: Breloom|Breloom, F|56/100
|
|upkeep
|turn|26
|
|t:|1760835121
|move|p1a: Breloom|Bullet Seed|p2a: Pecharunt
|-resisted|p2a: Pecharunt
|-damage|p2a: Pecharunt|94/100
|-enditem|p2a: Pecharunt|Air Balloon
|-resisted|p2a: Pecharunt
|-damage|p2a: Pecharunt|88/100
|-resisted|p2a: Pecharunt
|-damage|p2a: Pecharunt|82/100
|-hitcount|p2a: Pecharunt|3
|-damage|p1a: Breloom|46/100|[from] item: Life Orb
|move|p2a: Pecharunt|Malignant Chain|p1a: Breloom
|-supereffective|p1a: Breloom
|-damage|p1a: Breloom|0 fnt
|faint|p1a: Breloom
|
|upkeep
|
|t:|1760835131
|switch|p1a: Alomomola|Alomomola, F|46/100 frz
|turn|27
|
|t:|1760835141
|move|p2a: Pecharunt|Parting Shot|p1a: Alomomola
|-unboost|p1a: Alomomola|atk|1
|-unboost|p1a: Alomomola|spa|1
|
|t:|1760835142
|switch|p2a: Kyurem|Kyurem, shiny, tera:Ground|99/100|[from] Parting Shot
|-ability|p2a: Kyurem|Pressure
|-curestatus|p1a: Alomomola|frz|[from] move: Scald
|move|p1a: Alomomola|Scald|p2a: Kyurem
|-supereffective|p2a: Kyurem
|-damage|p2a: Kyurem|82/100
|
|-heal|p2a: Kyurem|89/100|[from] item: Leftovers
|upkeep
|turn|28
|j| any2
|l| any2
|
|t:|1760835155
|move|p2a: Kyurem|Freeze-Dry|p1a: Alomomola
|-supereffective|p1a: Alomomola
|-damage|p1a: Alomomola|4/100
|move|p1a: Alomomola|Flip Turn|p2a: Kyurem
|-supereffective|p2a: Kyurem
|-damage|p2a: Kyurem|70/100
|
|t:|1760835175
|switch|p1a: Scizor|Scizor, F|1/100|[from] Flip Turn
|
|-heal|p2a: Kyurem|76/100|[from] item: Leftovers
|upkeep
|turn|29
|
|t:|1760835182
|move|p2a: Kyurem|Protect|p2a: Kyurem
|-singleturn|p2a: Kyurem|Protect
|move|p1a: Scizor|Bullet Punch|p2a: Kyurem
|-activate|p2a: Kyurem|move: Protect
|
|-heal|p2a: Kyurem|83/100|[from] item: Leftovers
|upkeep
|turn|30
|
|t:|1760835185
|switch|p2a: Heatran|Heatran, F|100/100
|move|p1a: Scizor|Bullet Punch|p2a: Heatran
|-resisted|p2a: Heatran
|-damage|p2a: Heatran|94/100
|
|-heal|p2a: Heatran|99/100|[from] item: Leftovers
|upkeep
|turn|31
|
|t:|1760835191
|move|p2a: Heatran|Stealth Rock|p1a: Scizor
|-sidestart|p1: magikarp soup|move: Stealth Rock
|move|p1a: Scizor|Defog|p2a: Heatran
|-unboost|p2a: Heatran|evasion|1
|-sideend|p1: magikarp soup|Stealth Rock|[from] move: Defog|[of] p1a: Scizor
|
|-heal|p2a: Heatran|100/100|[from] item: Leftovers
|upkeep
|turn|32
|
|t:|1760835197
|switch|p1a: Raging Bolt|Raging Bolt, tera:Flying|30/100
|move|p2a: Heatran|Stealth Rock|p1a: Raging Bolt
|-sidestart|p1: magikarp soup|move: Stealth Rock
|
|upkeep
|turn|33
|
|t:|1760835205
|move|p1a: Raging Bolt|Volt Switch|p2a: Heatran
|-damage|p2a: Heatran|69/100
|-damage|p1a: Raging Bolt|20/100|[from] item: Life Orb
|
|t:|1760835210
|-end|p1a: Raging Bolt|Protosynthesis|[silent]
|switch|p1a: Scizor|Scizor, F|1/100|[from] Volt Switch
|-damage|p1a: Scizor|0 fnt|[from] Stealth Rock
|faint|p1a: Scizor
|move|p2a: Heatran|Magma Storm|p1: Scizor|[notarget]
|-fail|p2a: Heatran
|
|-heal|p2a: Heatran|75/100|[from] item: Leftovers
|upkeep
|j| ty-tyui↻
|
|t:|1760835213
|switch|p1a: Landorus|Landorus-Therian, M|100/100
|-damage|p1a: Landorus|88/100|[from] Stealth Rock
|-ability|p1a: Landorus|Intimidate|boost
|-unboost|p2a: Heatran|atk|1
|turn|34
|
|t:|1760835221
|switch|p2a: Enamorus|Enamorus, F, shiny|100/100
|move|p1a: Landorus|Earth Power|p2a: Enamorus
|-immune|p2a: Enamorus
|
|upkeep
|turn|35
|
|t:|1760835225
|switch|p1a: Raging Bolt|Raging Bolt, tera:Flying|20/100
|-damage|p1a: Raging Bolt|0 fnt|[from] Stealth Rock
|faint|p1a: Raging Bolt
|-end|p1a: Raging Bolt|Protosynthesis|[silent]
|move|p2a: Enamorus|Moonblast|p1: Raging Bolt|[notarget]
|-fail|p2a: Enamorus
|
|upkeep
|
|t:|1760835228
|switch|p1a: Alomomola|Alomomola, F|37/100
|-damage|p1a: Alomomola|25/100|[from] Stealth Rock
|turn|36
|
|t:|1760835236
|switch|p1a: Landorus|Landorus-Therian, M|88/100
|-damage|p1a: Landorus|76/100|[from] Stealth Rock
|-ability|p1a: Landorus|Intimidate|boost
|-boost|p2a: Enamorus|atk|1
|move|p2a: Enamorus|Moonblast|p1a: Landorus
|-damage|p1a: Landorus|13/100
|-unboost|p1a: Landorus|spa|1
|
|upkeep
|turn|37
|
|t:|1760835240
|move|p2a: Enamorus|Moonblast|p1a: Landorus
|-damage|p1a: Landorus|0 fnt
|faint|p1a: Landorus
|
|upkeep
|
|t:|1760835242
|switch|p1a: Alomomola|Alomomola, F|58/100
|-damage|p1a: Alomomola|45/100|[from] Stealth Rock
|turn|38
|
|t:|1760835248
|move|p2a: Enamorus|Moonblast|p1a: Alomomola
|-damage|p1a: Alomomola|13/100
|move|p1a: Alomomola|Flip Turn|p2a: Enamorus
|-damage|p2a: Enamorus|74/100
|
|t:|1760835251
|switch|p1a: Dragapult|Dragapult, F|100/100|[from] Flip Turn
|-damage|p1a: Dragapult|88/100|[from] Stealth Rock
|
|upkeep
|turn|39
|
|t:|1760835257
|move|p2a: Enamorus|Moonblast|p1a: Dragapult
|-supereffective|p1a: Dragapult
|-damage|p1a: Dragapult|0 fnt
|faint|p1a: Dragapult
|
|upkeep
|
|t:|1760835259
|switch|p1a: Alomomola|Alomomola, F|46/100
|-damage|p1a: Alomomola|34/100|[from] Stealth Rock
|turn|40
|
|t:|1760835262
|move|p2a: Enamorus|Moonblast|p1a: Alomomola
|-damage|p1a: Alomomola|2/100
|-unboost|p1a: Alomomola|spa|1
|move|p1a: Alomomola|Mirror Coat|p2a: Enamorus
|-damage|p2a: Enamorus|0 fnt
|faint|p2a: Enamorus
|
|upkeep
|
|t:|1760835264
|switch|p2a: Kyurem|Kyurem, shiny, tera:Ground|83/100
|-ability|p2a: Kyurem|Pressure
|turn|41
|
|t:|1760835269
|move|p2a: Kyurem|Freeze-Dry|p1a: Alomomola
|-supereffective|p1a: Alomomola
|-damage|p1a: Alomomola|0 fnt
|faint|p1a: Alomomola
|
|win|LT124YH Prav33n
|raw|magikarp soup's rating: 1623 &rarr; <strong>1614</strong><br />(-9 for losing)
|raw|LT124YH Prav33n's rating: 1842 &rarr; <strong>1851</strong><br />(+9 for winning)
|l| ty-tyui↻
|l|☆magikarp soup
|player|p1|
|j|☆magikarp soup
|player|p1|magikarp soup|medium|
