|j|☆liam2803
|j|☆adestructive
|t:|1760760519
|gametype|singles
|player|p1|liam2803|2|1297
|player|p2|adestructive|1|1336
|gen|9
|tier|[Gen 9] OU
|rated|
|rule|HP Percentage Mod: HP is shown in percentages
|rule|Endless Battle Clause: Forcing endless battles is banned
|rule|Species Clause: Limit one of each Pokémon
|rule|OHKO Clause: OHKO moves are banned
|rule|Evasion Items Clause: Evasion items are banned
|rule|Evasion Moves Clause: Evasion moves are banned
|rule|Evasion Abilities Clause: Evasion abilities are banned
|rule|Sleep Moves Clause: Sleep-inducing moves are banned
|clearpoke
|poke|p1|Moltres|
|poke|p1|Iron Hands|
|poke|p1|Iron Treads|
|poke|p1|Pecharunt|
|poke|p1|Meowscarada, F|
|poke|p1|Toxapex, F|
|poke|p2|Primarina, F|
|poke|p2|Dragapult, M|
|poke|p2|Gliscor, M|
|poke|p2|Kyurem|
|poke|p2|Slowking-Galar, M|
|poke|p2|Great Tusk|
|teampreview
|
|t:|1760760550
|teamsize|p1|6
|teamsize|p2|6
|start
|switch|p1a: Meowscarada|Meowscarada, F, shiny|100/100
|switch|p2a: Dragapult|Dragapult, M|100/100
|turn|1
|
|t:|1760760557
|switch|p2a: Primarina|Primarina, F|100/100
|move|p1a: Meowscarada|Knock Off|p2a: Primarina
|-start|p1a: Meowscarada|typechange|Dark|[from] ability: Protean
|-resisted|p2a: Primarina
|-damage|p2a: Primarina|69/100
|-enditem|p2a: Primarina|Assault Vest|[from] move: Knock Off|[of] p1a: Meowscarada
|
|upkeep
|turn|2
|
|t:|1760760569
|switch|p1a: Toxapex|Toxapex, F, shiny|100/100
|move|p2a: Primarina|Psychic Noise|p1a: Toxapex
|-supereffective|p1a: Toxapex
|-damage|p1a: Toxapex|66/100
|-start|p1a: Toxapex|move: Heal Block
|
|upkeep
|turn|3
|
|t:|1760760577
|move|p2a: Primarina|Flip Turn|p1a: Toxapex
|-resisted|p1a: Toxapex
|-damage|p1a: Toxapex|60/100
|
|t:|1760760584
|switch|p2a: Gliscor|Gliscor, M|100/100|[from] Flip Turn
|move|p1a: Toxapex|Toxic|p2a: Gliscor
|-status|p2a: Gliscor|tox
|
|-end|p1a: Toxapex|move: Heal Block
|upkeep
|turn|4
|inactive|Battle timer is ON: inactive players will automatically lose when time's up. (requested by adestructive)
|
|t:|1760760595
|move|p2a: Gliscor|Swords Dance|p2a: Gliscor
|-boost|p2a: Gliscor|atk|2
|move|p1a: Toxapex|Surf|p2a: Gliscor
|-supereffective|p2a: Gliscor
|-damage|p2a: Gliscor|60/100 tox
|
|-heal|p1a: Toxapex|66/100|[from] item: Black Sludge
|-heal|p2a: Gliscor|72/100 tox|[from] ability: Poison Heal
|upkeep
|turn|5
|
|t:|1760760604
|switch|p1a: Moltres|Moltres, shiny|100/100
|move|p2a: Gliscor|Swords Dance|p2a: Gliscor
|-boost|p2a: Gliscor|atk|2
|
|-heal|p2a: Gliscor|85/100 tox|[from] ability: Poison Heal
|upkeep
|turn|6
|
|t:|1760760612
|move|p2a: Gliscor|Knock Off|p1a: Moltres
|-damage|p1a: Moltres|60/100
|-enditem|p1a: Moltres|Heavy-Duty Boots|[from] move: Knock Off|[of] p2a: Gliscor
|move|p1a: Moltres|Flamethrower|p2a: Gliscor
|-damage|p2a: Gliscor|41/100 tox
|
|-heal|p2a: Gliscor|54/100 tox|[from] ability: Poison Heal
|upkeep
|turn|7
|
|t:|1760760620
|move|p2a: Gliscor|Facade|p1a: Moltres
|-damage|p1a: Moltres|0 fnt
|faint|p1a: Moltres
|
|-heal|p2a: Gliscor|66/100 tox|[from] ability: Poison Heal
|upkeep
|
|t:|1760760627
|switch|p1a: Iron Hands|Iron Hands, shiny|100/100
|turn|8
|
|t:|1760760630
|-terastallize|p1a: Iron Hands|Flying
|move|p2a: Gliscor|Protect|p2a: Gliscor
|-singleturn|p2a: Gliscor|Protect
|move|p1a: Iron Hands|Ice Punch|p2a: Gliscor
|-activate|p2a: Gliscor|move: Protect
|
|-heal|p2a: Gliscor|79/100 tox|[from] ability: Poison Heal
|upkeep
|turn|9
|
|t:|1760760645
|-terastallize|p2a: Gliscor|Water
|move|p2a: Gliscor|Swords Dance|p2a: Gliscor
|-boost|p2a: Gliscor|atk|2
|move|p1a: Iron Hands|Ice Punch|p2a: Gliscor
|-resisted|p2a: Gliscor
|-damage|p2a: Gliscor|68/100 tox
|
|-heal|p2a: Gliscor|81/100 tox|[from] ability: Poison Heal
|upkeep
|turn|10
|
|t:|1760760654
|move|p2a: Gliscor|Protect|p2a: Gliscor
|-singleturn|p2a: Gliscor|Protect
|move|p1a: Iron Hands|Thunder Punch|p2a: Gliscor
|-activate|p2a: Gliscor|move: Protect
|
|-heal|p2a: Gliscor|93/100 tox|[from] ability: Poison Heal
|upkeep
|turn|11
|
|t:|1760760660
|move|p2a: Gliscor|Facade|p1a: Iron Hands
|-damage|p1a: Iron Hands|11/100
|move|p1a: Iron Hands|Thunder Punch|p2a: Gliscor
|-supereffective|p2a: Gliscor
|-damage|p2a: Gliscor|23/100 tox
|
|-heal|p2a: Gliscor|36/100 tox|[from] ability: Poison Heal
|upkeep
|turn|12
|
|t:|1760760673
|-end|p1a: Iron Hands|Quark Drive|[silent]
|switch|p1a: Pecharunt|Pecharunt|100/100
|move|p2a: Gliscor|Protect||[still]
|-fail|p2a: Gliscor
|
|-heal|p2a: Gliscor|48/100 tox|[from] ability: Poison Heal
|upkeep
|turn|13
|
|t:|1760760679
|move|p2a: Gliscor|Knock Off|p1a: Pecharunt
|-supereffective|p1a: Pecharunt
|-damage|p1a: Pecharunt|16/100
|-enditem|p1a: Pecharunt|Leftovers|[from] move: Knock Off|[of] p2a: Gliscor
|move|p1a: Pecharunt|Malignant Chain|p2a: Gliscor
|-damage|p2a: Gliscor|16/100 tox
|
|-heal|p2a: Gliscor|29/100 tox|[from] ability: Poison Heal
|upkeep
|turn|14
|
|t:|1760760687
|move|p2a: Gliscor|Knock Off|p1a: Pecharunt
|-supereffective|p1a: Pecharunt
|-damage|p1a: Pecharunt|0 fnt
|faint|p1a: Pecharunt
|
|-heal|p2a: Gliscor|41/100 tox|[from] ability: Poison Heal
|upkeep
|-message|liam2803 forfeited.
|
|win|adestructive
|raw|liam2803's rating: 1297 &rarr; <strong>1276</strong><br />(-21 for losing)
|raw|adestructive's rating: 1351 &rarr; <strong>1368</strong><br />(+17 for winning)
|l|☆liam2803
|player|p1|
