|j|‽The Hang Dude
|j|☆Seizureaclock
|t:|1760847046
|gametype|singles
|player|p1|The Hang Dude|2|1586
|player|p2|Seizureaclock|candice|1636
|gen|9
|tier|[Gen 9] OU
|rated|
|rule|HP Percentage Mod: HP is shown in percentages
|rule|Endless Battle Clause: Forcing endless battles is banned
|rule|Species Clause: Limit one of each Pokémon
|rule|OHKO Clause: OHKO moves are banned
|rule|Evasion Items Clause: Evasion items are banned
|rule|Evasion Moves Clause: Evasion moves are banned
|rule|Evasion Abilities Clause: Evasion abilities are banned
|rule|Sleep Moves Clause: Sleep-inducing moves are banned
|clearpoke
|poke|p1|Kingambit, F|
|poke|p1|Deoxys-Speed|
|poke|p1|Great Tusk|
|poke|p1|Dragonite, M|
|poke|p1|Iron Moth|
|poke|p1|Primarina, M|
|poke|p2|Slowking-Galar, F|
|poke|p2|Great Tusk|
|poke|p2|Arcanine-Hisui, F|
|poke|p2|Corviknight, F|
|poke|p2|Dragapult, F|
|poke|p2|Darkrai|
|teampreview
|inactive|Battle timer is ON: inactive players will automatically lose when time's up. (requested by Seizureaclock)
|
|t:|1760847058
|teamsize|p1|6
|teamsize|p2|6
|start
|switch|p1a: Primarina|Primarina, M|100/100
|switch|p2a: Slowking|Slowking-Galar, F|100/100
|turn|1
|
|t:|1760847063
|move|p1a: Primarina|Flip Turn|p2a: Slowking
|-damage|p2a: Slowking|85/100
|
|t:|1760847065
|switch|p1a: Great Tusk|Great Tusk|100/100|[from] Flip Turn
|-enditem|p1a: Great Tusk|Booster Energy
|-activate|p1a: Great Tusk|ability: Protosynthesis|[fromitem]
|-start|p1a: Great Tusk|protosynthesisatk
|-prepare|p2a: Slowking|Chilly Reception|[premajor]
|move|p2a: Slowking|Chilly Reception|p2a: Slowking
|-weather|Snowscape
|
|t:|1760847071
|switch|p2a: Dragapult|Dragapult, F|100/100|[from] Chilly Reception
|
|-weather|Snowscape|[upkeep]
|upkeep
|turn|2
|
|t:|1760847081
|-end|p1a: Great Tusk|Protosynthesis|[silent]
|switch|p1a: Primarina|Primarina, M|100/100
|move|p2a: Dragapult|Will-O-Wisp|p1a: Primarina
|-status|p1a: Primarina|brn
|
|-weather|Snowscape|[upkeep]
|-damage|p1a: Primarina|94/100 brn|[from] brn
|upkeep
|turn|3
|
|t:|1760847089
|switch|p2a: Slowking|Slowking-Galar, F|100/100
|move|p1a: Primarina|Flip Turn|p2a: Slowking
|-damage|p2a: Slowking|92/100
|
|t:|1760847091
|switch|p1a: Great Tusk|Great Tusk|100/100|[from] Flip Turn
|
|-weather|Snowscape|[upkeep]
|upkeep
|turn|4
|
|t:|1760847095
|switch|p2a: Corviknight|Corviknight, F|100/100
|-ability|p2a: Corviknight|Pressure
|move|p1a: Great Tusk|Stealth Rock|p2a: Corviknight
|-sidestart|p2: Seizureaclock|move: Stealth Rock
|
|-weather|Snowscape|[upkeep]
|upkeep
|turn|5
|
|t:|1760847121
|-end|p1a: Great Tusk|Protosynthesis|[silent]
|switch|p1a: Primarina|Primarina, M|94/100 brn
|move|p2a: Corviknight|Defog|p1a: Primarina
|-unboost|p1a: Primarina|evasion|1
|-sideend|p2: Seizureaclock|Stealth Rock|[from] move: Defog|[of] p2a: Corviknight
|
|-weather|none
|-damage|p1a: Primarina|88/100 brn|[from] brn
|upkeep
|turn|6
|
|t:|1760847127
|move|p1a: Primarina|Surf|p2a: Corviknight
|-damage|p2a: Corviknight|52/100
|move|p2a: Corviknight|U-turn|p1a: Primarina
|-resisted|p1a: Primarina
|-damage|p1a: Primarina|77/100 brn
|
|t:|1760847132
|switch|p2a: Slowking|Slowking-Galar, F|100/100|[from] U-turn
|
|-damage|p1a: Primarina|71/100 brn|[from] brn
|upkeep
|turn|7
|
|t:|1760847137
|move|p1a: Primarina|Surf|p2a: Slowking
|-damage|p2a: Slowking|73/100
|move|p2a: Slowking|Future Sight|p1a: Primarina
|-start|p2a: Slowking|move: Future Sight
|
|-damage|p1a: Primarina|65/100 brn|[from] brn
|upkeep
|turn|8
|
|t:|1760847142
|move|p1a: Primarina|Flip Turn|p2a: Slowking
|-damage|p2a: Slowking|65/100
|
|t:|1760847144
|switch|p1a: Kingambit|Kingambit, F|100/100|[from] Flip Turn
|-prepare|p2a: Slowking|Chilly Reception|[premajor]
|move|p2a: Slowking|Chilly Reception|p2a: Slowking
|-weather|Snowscape
|
|t:|1760847147
|switch|p2a: Great Tusk|Great Tusk|100/100|[from] Chilly Reception
|
|-weather|Snowscape|[upkeep]
|upkeep
|turn|9
|j| Itachi23
|
|t:|1760847159
|move|p2a: Great Tusk|Stealth Rock|p1a: Kingambit
|-sidestart|p1: The Hang Dude|move: Stealth Rock
|move|p1a: Kingambit|Iron Head|p2a: Great Tusk
|-damage|p2a: Great Tusk|67/100
|
|-weather|Snowscape|[upkeep]
|-end|p1a: Kingambit|move: Future Sight
|-immune|p1a: Kingambit
|upkeep
|turn|10
|
|t:|1760847164
|move|p2a: Great Tusk|Headlong Rush|p1a: Kingambit
|-supereffective|p1a: Kingambit
|-damage|p1a: Kingambit|3/100
|-unboost|p2a: Great Tusk|def|1
|-unboost|p2a: Great Tusk|spd|1
|move|p1a: Kingambit|Swords Dance|p1a: Kingambit
|-boost|p1a: Kingambit|atk|2
|
|-weather|Snowscape|[upkeep]
|-heal|p1a: Kingambit|9/100|[from] item: Leftovers
|upkeep
|turn|11
|
|t:|1760847172
|-end|p2a: Great Tusk|Protosynthesis|[silent]
|switch|p2a: Arcanine|Arcanine-Hisui, F, shiny|100/100
|move|p1a: Kingambit|Sucker Punch||[still]
|-fail|p1a: Kingambit
|
|-weather|Snowscape|[upkeep]
|-heal|p1a: Kingambit|15/100|[from] item: Leftovers
|upkeep
|turn|12
|
|t:|1760847193
|-terastallize|p1a: Kingambit|Ghost
|move|p2a: Arcanine|Extreme Speed|p1a: Kingambit
|-immune|p1a: Kingambit
|move|p1a: Kingambit|Sucker Punch||[still]
|-fail|p1a: Kingambit
|
|-weather|none
|-heal|p1a: Kingambit|21/100|[from] item: Leftovers
|upkeep
|turn|13
|
|t:|1760847202
|switch|p2a: Corviknight|Corviknight, F|52/100
|-ability|p2a: Corviknight|Pressure
|move|p1a: Kingambit|Swords Dance|p1a: Kingambit
|-boost|p1a: Kingambit|atk|2
|
|-heal|p1a: Kingambit|27/100|[from] item: Leftovers
|upkeep
|turn|14
|
|t:|1760847210
|move|p1a: Kingambit|Sucker Punch|p2a: Corviknight
|-damage|p2a: Corviknight|0 fnt
|-damage|p1a: Kingambit|10/100|[from] item: Rocky Helmet|[of] p2a: Corviknight
|faint|p2a: Corviknight
|
|-heal|p1a: Kingambit|16/100|[from] item: Leftovers
|upkeep
|
|t:|1760847214
|switch|p2a: Darkrai|Darkrai, shiny|100/100
|turn|15
|l| Itachi23
|
|t:|1760847219
|move|p1a: Kingambit|Sucker Punch|p2a: Darkrai
|-resisted|p2a: Darkrai
|-damage|p2a: Darkrai|23/100
|move|p2a: Darkrai|Dark Pulse|p1a: Kingambit
|-supereffective|p1a: Kingambit
|-damage|p1a: Kingambit|0 fnt
|faint|p1a: Kingambit
|-end|p1a: Kingambit|fallenundefined|[silent]
|
|-heal|p2a: Darkrai|29/100|[from] item: Leftovers
|upkeep
|
|t:|1760847233
|switch|p1a: Great Tusk|Great Tusk|100/100
|-damage|p1a: Great Tusk|98/100|[from] Stealth Rock
|turn|16
|
|t:|1760847237
|move|p2a: Darkrai|Will-O-Wisp|p1a: Great Tusk
|-status|p1a: Great Tusk|brn
|move|p1a: Great Tusk|Rapid Spin|p2a: Darkrai
|-damage|p2a: Darkrai|18/100
|-boost|p1a: Great Tusk|spe|1
|-sideend|p1: The Hang Dude|Stealth Rock|[from] move: Rapid Spin|[of] p1a: Great Tusk
|
|-heal|p2a: Darkrai|24/100|[from] item: Leftovers
|-damage|p1a: Great Tusk|91/100 brn|[from] brn
|upkeep
|turn|17
|
|t:|1760847242
|switch|p2a: Great Tusk|Great Tusk|67/100
|move|p1a: Great Tusk|Stealth Rock|p2a: Great Tusk
|-sidestart|p2: Seizureaclock|move: Stealth Rock
|
|-damage|p1a: Great Tusk|85/100 brn|[from] brn
|upkeep
|turn|18
|
|t:|1760847248
|move|p1a: Great Tusk|Stealth Rock||[still]
|-fail|p1a: Great Tusk
|move|p2a: Great Tusk|Rapid Spin|p1a: Great Tusk
|-damage|p1a: Great Tusk|73/100 brn
|-boost|p2a: Great Tusk|spe|1
|-sideend|p2: Seizureaclock|Stealth Rock|[from] move: Rapid Spin|[of] p2a: Great Tusk
|
|-damage|p1a: Great Tusk|67/100 brn|[from] brn
|upkeep
|turn|19
|
|t:|1760847257
|-end|p1a: Great Tusk|Protosynthesis|[silent]
|switch|p1a: Deoxys|Deoxys-Speed|100/100
|-ability|p1a: Deoxys|Pressure
|move|p2a: Great Tusk|Ice Spinner|p1a: Deoxys
|-damage|p1a: Deoxys|58/100
|
|upkeep
|turn|20
|
|t:|1760847263
|-end|p2a: Great Tusk|Protosynthesis|[silent]
|switch|p2a: Slowking|Slowking-Galar, F|98/100
|move|p1a: Deoxys|Psycho Boost|p2a: Slowking
|-damage|p2a: Slowking|49/100
|-unboost|p1a: Deoxys|spa|2
|-damage|p1a: Deoxys|48/100|[from] item: Life Orb
|
|upkeep
|turn|21
|
|t:|1760847270
|switch|p1a: Great Tusk|Great Tusk|67/100 brn
|move|p2a: Slowking|Sludge Bomb|p1a: Great Tusk
|-resisted|p1a: Great Tusk
|-damage|p1a: Great Tusk|42/100 brn
|
|-damage|p1a: Great Tusk|36/100 brn|[from] brn
|upkeep
|turn|22
|
|t:|1760847274
|switch|p2a: Great Tusk|Great Tusk|67/100
|move|p1a: Great Tusk|Stealth Rock|p2a: Great Tusk
|-sidestart|p2: Seizureaclock|move: Stealth Rock
|
|-damage|p1a: Great Tusk|30/100 brn|[from] brn
|upkeep
|turn|23
|
|t:|1760847279
|move|p2a: Great Tusk|Rapid Spin|p1a: Great Tusk
|-damage|p1a: Great Tusk|16/100 brn
|-boost|p2a: Great Tusk|spe|1
|-sideend|p2: Seizureaclock|Stealth Rock|[from] move: Rapid Spin|[of] p2a: Great Tusk
|move|p1a: Great Tusk|Headlong Rush|p2a: Great Tusk
|-damage|p2a: Great Tusk|41/100
|-unboost|p1a: Great Tusk|def|1
|-unboost|p1a: Great Tusk|spd|1
|
|-damage|p1a: Great Tusk|10/100 brn|[from] brn
|upkeep
|turn|24
|
|t:|1760847283
|move|p2a: Great Tusk|Stealth Rock|p1a: Great Tusk
|-sidestart|p1: The Hang Dude|move: Stealth Rock
|move|p1a: Great Tusk|Stealth Rock|p2a: Great Tusk
|-sidestart|p2: Seizureaclock|move: Stealth Rock
|
|-damage|p1a: Great Tusk|3/100 brn|[from] brn
|upkeep
|turn|25
|
|t:|1760847287
|move|p2a: Great Tusk|Rapid Spin|p1a: Great Tusk
|-damage|p1a: Great Tusk|0 fnt
|-boost|p2a: Great Tusk|spe|1
|-sideend|p2: Seizureaclock|Stealth Rock|[from] move: Rapid Spin|[of] p2a: Great Tusk
|faint|p1a: Great Tusk
|-end|p1a: Great Tusk|Protosynthesis|[silent]
|
|upkeep
|
|t:|1760847314
|switch|p1a: Primarina|Primarina, M|65/100 brn
|-damage|p1a: Primarina|53/100 brn|[from] Stealth Rock
|turn|26
|
|t:|1760847332
|move|p2a: Great Tusk|Headlong Rush|p1a: Primarina
|-damage|p1a: Primarina|0 fnt
|-unboost|p2a: Great Tusk|def|1
|-unboost|p2a: Great Tusk|spd|1
|faint|p1a: Primarina
|
|upkeep
|
|t:|1760847335
|switch|p1a: Dragonite|Dragonite, M, shiny|100/100
|-damage|p1a: Dragonite|76/100|[from] Stealth Rock
|turn|27
|
|t:|1760847348
|-terastallize|p2a: Great Tusk|Steel
|move|p1a: Dragonite|Extreme Speed|p2a: Great Tusk
|-resisted|p2a: Great Tusk
|-damage|p2a: Great Tusk|15/100
|move|p2a: Great Tusk|Ice Spinner|p1a: Dragonite
|-supereffective|p1a: Dragonite
|-damage|p1a: Dragonite|0 fnt
|faint|p1a: Dragonite
|
|upkeep
|-message|The Hang Dude forfeited.
|
|win|Seizureaclock
|raw|The Hang Dude's rating: 1586 &rarr; <strong>1569</strong><br />(-17 for losing)
|raw|Seizureaclock's rating: 1636 &rarr; <strong>1653</strong><br />(+17 for winning)
|l|‽The Hang Dude
|player|p1|
|l|☆Seizureaclock
|player|p2|
