|j|☆Brigadi25
|j|☆1l0vm4r13
|t:|1760790101
|gametype|singles
|player|p1|Brigadi25|bugcatcher-gen4dp|1285
|player|p2|1l0vm4r13|2|1213
|gen|9
|tier|[Gen 9] OU
|rated|
|rule|HP Percentage Mod: HP is shown in percentages
|rule|Endless Battle Clause: Forcing endless battles is banned
|rule|Species Clause: Limit one of each Pokémon
|rule|OHKO Clause: OHKO moves are banned
|rule|Evasion Items Clause: Evasion items are banned
|rule|Evasion Moves Clause: Evasion moves are banned
|rule|Evasion Abilities Clause: Evasion abilities are banned
|rule|Sleep Moves Clause: Sleep-inducing moves are banned
|clearpoke
|poke|p1|Kleavor, M|
|poke|p1|Ogerpon-Wellspring, F|
|poke|p1|Tornadus-Therian, M|
|poke|p1|Goodra, F|
|poke|p1|Serperior, M|
|poke|p1|Iron Treads|
|poke|p2|Skeledirge, M|
|poke|p2|Slowking-Galar, M|
|poke|p2|Meowscarada, F|
|poke|p2|Great Tusk|
|poke|p2|Ogerpon-Wellspring, F|
|poke|p2|Landorus-Therian, M|
|teampreview
|inactive|Battle timer is ON: inactive players will automatically lose when time's up. (requested by Brigadi25)
|
|t:|1760790113
|teamsize|p1|6
|teamsize|p2|6
|start
|switch|p1a: Tornadus|Tornadus-Therian, M|100/100
|switch|p2a: Moustache U|Landorus-Therian, M|100/100
|-ability|p2a: Moustache U|Intimidate|boost
|-unboost|p1a: Tornadus|atk|1
|turn|1
|
|t:|1760790133
|move|p1a: Tornadus|Taunt|p2a: Moustache U
|-start|p2a: Moustache U|move: Taunt
|cant|p2a: Moustache U|move: Taunt|Taunt
|
|upkeep
|turn|2
|
|t:|1760790142
|move|p1a: Tornadus|U-turn|p2a: Moustache U
|-resisted|p2a: Moustache U
|-damage|p2a: Moustache U|95/100
|
|t:|1760790153
|switch|p1a: Kleavor|Kleavor, M|100/100|[from] U-turn
|move|p2a: Moustache U|U-turn|p1a: Kleavor
|-damage|p1a: Kleavor|67/100
|
|t:|1760790160
|switch|p2a: Taylor Sweep|Meowscarada, F|100/100|[from] U-turn
|
|upkeep
|turn|3
|
|t:|1760790171
|move|p2a: Taylor Sweep|U-turn|p1a: Kleavor
|-start|p2a: Taylor Sweep|typechange|Bug|[from] ability: Protean
|-damage|p1a: Kleavor|27/100
|
|t:|1760790188
|switch|p2a: Moustache U|Landorus-Therian, M|95/100|[from] U-turn
|-ability|p2a: Moustache U|Intimidate|boost
|-unboost|p1a: Kleavor|atk|1
|move|p1a: Kleavor|U-turn|p2a: Moustache U
|-resisted|p2a: Moustache U
|-damage|p2a: Moustache U|81/100
|
|t:|1760790195
|switch|p1a: Ogerpon|Ogerpon-Wellspring, F|100/100|[from] U-turn
|
|-heal|p2a: Moustache U|87/100|[from] item: Leftovers
|upkeep
|turn|4
|
|t:|1760790202
|move|p1a: Ogerpon|Ivy Cudgel|p2a: Moustache U|[anim] Ivy Cudgel Water
|-supereffective|p2a: Moustache U
|-damage|p2a: Moustache U|0 fnt
|faint|p2a: Moustache U
|
|upkeep
|
|t:|1760790207
|switch|p2a: Taylor Sweep|Meowscarada, F|100/100
|turn|5
|
|t:|1760790229
|switch|p1a: Tornadus|Tornadus-Therian, M|100/100
|move|p2a: Taylor Sweep|U-turn|p1a: Tornadus
|-start|p2a: Taylor Sweep|typechange|Bug|[from] ability: Protean
|-resisted|p1a: Tornadus
|-damage|p1a: Tornadus|84/100
|
|t:|1760790237
|switch|p2a: Sida Crotte-de-nez|Slowking-Galar, M|100/100|[from] U-turn
|
|upkeep
|turn|6
|
|t:|1760790241
|move|p1a: Tornadus|Taunt|p2a: Sida Crotte-de-nez
|-start|p2a: Sida Crotte-de-nez|move: Taunt
|move|p2a: Sida Crotte-de-nez|Future Sight|p1a: Tornadus
|-start|p2a: Sida Crotte-de-nez|move: Future Sight
|
|upkeep
|turn|7
|
|t:|1760790259
|move|p1a: Tornadus|U-turn|p2a: Sida Crotte-de-nez
|-damage|p2a: Sida Crotte-de-nez|85/100
|
|t:|1760790261
|switch|p1a: Iron Treads|Iron Treads|100/100|[from] U-turn
|move|p2a: Sida Crotte-de-nez|Sludge Bomb|p1a: Iron Treads
|-immune|p1a: Iron Treads
|
|-heal|p2a: Sida Crotte-de-nez|91/100|[from] item: Black Sludge
|upkeep
|turn|8
|
|t:|1760790274
|switch|p2a: Cocofantoelefanto|Great Tusk|100/100
|move|p1a: Iron Treads|Ice Spinner|p2a: Cocofantoelefanto
|-supereffective|p2a: Cocofantoelefanto
|-damage|p2a: Cocofantoelefanto|63/100
|
|-end|p1a: Iron Treads|move: Future Sight
|-resisted|p1a: Iron Treads
|-damage|p1a: Iron Treads|71/100
|-heal|p2a: Cocofantoelefanto|69/100|[from] item: Leftovers
|upkeep
|turn|9
|
|t:|1760790289
|-end|p1a: Iron Treads|Quark Drive|[silent]
|switch|p1a: Tornadus|Tornadus-Therian, M|100/100
|move|p2a: Cocofantoelefanto|Rapid Spin|p1a: Tornadus
|-damage|p1a: Tornadus|81/100
|-boost|p2a: Cocofantoelefanto|spe|1
|
|-heal|p2a: Cocofantoelefanto|75/100|[from] item: Leftovers
|upkeep
|turn|10
|
|t:|1760790299
|move|p2a: Cocofantoelefanto|Ice Spinner|p1a: Tornadus
|-supereffective|p1a: Tornadus
|-damage|p1a: Tornadus|18/100
|move|p1a: Tornadus|Bleakwind Storm|p2a: Cocofantoelefanto
|-supereffective|p2a: Cocofantoelefanto
|-damage|p2a: Cocofantoelefanto|0 fnt
|faint|p2a: Cocofantoelefanto
|-end|p2a: Cocofantoelefanto|Protosynthesis|[silent]
|
|upkeep
|
|t:|1760790307
|switch|p2a: Sida Crotte-de-nez|Slowking-Galar, M|100/100
|turn|11
|
|t:|1760790318
|move|p1a: Tornadus|U-turn|p2a: Sida Crotte-de-nez
|-damage|p2a: Sida Crotte-de-nez|86/100
|
|t:|1760790320
|switch|p1a: Iron Treads|Iron Treads|71/100|[from] U-turn
|move|p2a: Sida Crotte-de-nez|Future Sight|p1a: Iron Treads
|-start|p2a: Sida Crotte-de-nez|move: Future Sight
|
|-heal|p2a: Sida Crotte-de-nez|92/100|[from] item: Black Sludge
|upkeep
|turn|12
|
|t:|1760790329
|switch|p2a: Majora|Ogerpon-Wellspring, F|100/100
|move|p1a: Iron Treads|Earthquake|p2a: Majora
|-resisted|p2a: Majora
|-damage|p2a: Majora|72/100
|
|upkeep
|turn|13
|inactive|Brigadi25 has 120 seconds left.
|
|t:|1760790367
|-end|p1a: Iron Treads|Quark Drive|[silent]
|switch|p1a: Serperior|Serperior, M|100/100
|move|p2a: Majora|Horn Leech|p1a: Serperior
|-resisted|p1a: Serperior
|-damage|p1a: Serperior|76/100
|-heal|p2a: Majora|85/100|[from] drain|[of] p1a: Serperior
|
|-end|p1a: Serperior|move: Future Sight
|-damage|p1a: Serperior|13/100
|-heal|p1a: Serperior|19/100|[from] item: Leftovers
|upkeep
|turn|14
|inactive|Brigadi25 has 120 seconds left.
|
|t:|1760790379
|move|p1a: Serperior|Glare|p2a: Majora
|-status|p2a: Majora|par
|move|p2a: Majora|Horn Leech|p1a: Serperior
|-resisted|p1a: Serperior
|-damage|p1a: Serperior|0 fnt
|-heal|p2a: Majora|96/100 par|[from] drain|[of] p1a: Serperior
|faint|p1a: Serperior
|
|upkeep
|
|t:|1760790392
|switch|p1a: Tornadus|Tornadus-Therian, M|51/100
|turn|15
|
|t:|1760790397
|-terastallize|p2a: Majora|Water
|detailschange|p2a: Majora|Ogerpon-Wellspring-Tera, F, tera:Water
|-ability|p2a: Majora|Embody Aspect (Wellspring)|boost
|-boost|p2a: Majora|spd|1
|move|p1a: Tornadus|Bleakwind Storm|p2a: Majora
|-damage|p2a: Majora|67/100 par
|move|p2a: Majora|Ivy Cudgel|p1a: Tornadus|[anim] Ivy Cudgel Water
|-damage|p1a: Tornadus|0 fnt
|faint|p1a: Tornadus
|
|upkeep
|inactive|Brigadi25 has 120 seconds left.
|
|t:|1760790408
|switch|p1a: Kleavor|Kleavor, M|27/100
|turn|16
|
|t:|1760790412
|move|p1a: Kleavor|Stone Axe|p2a: Majora|[miss]
|-miss|p1a: Kleavor|p2a: Majora
|move|p2a: Majora|Ivy Cudgel|p1a: Kleavor|[anim] Ivy Cudgel Water
|-supereffective|p1a: Kleavor
|-damage|p1a: Kleavor|0 fnt
|faint|p1a: Kleavor
|
|upkeep
|
|t:|1760790419
|switch|p1a: Ogerpon|Ogerpon-Wellspring, F|100/100
|turn|17
|
|t:|1760790428
|switch|p2a: Sida Crotte-de-nez|Slowking-Galar, M|100/100
|move|p1a: Ogerpon|Encore||[still]
|-fail|p1a: Ogerpon
|
|upkeep
|turn|18
|
|t:|1760790434
|move|p1a: Ogerpon|Knock Off|p2a: Sida Crotte-de-nez
|-supereffective|p2a: Sida Crotte-de-nez
|-damage|p2a: Sida Crotte-de-nez|19/100
|-enditem|p2a: Sida Crotte-de-nez|Black Sludge|[from] move: Knock Off|[of] p1a: Ogerpon
|move|p2a: Sida Crotte-de-nez|Future Sight|p1a: Ogerpon
|-start|p2a: Sida Crotte-de-nez|move: Future Sight
|
|upkeep
|turn|19
|
|t:|1760790442
|move|p1a: Ogerpon|U-turn|p2a: Sida Crotte-de-nez
|-damage|p2a: Sida Crotte-de-nez|0 fnt
|faint|p2a: Sida Crotte-de-nez
|
|t:|1760790461
|switch|p1a: Goodra|Goodra, F|100/100|[from] U-turn
|
|upkeep
|
|t:|1760790468
|switch|p2a: Majora|Ogerpon-Wellspring-Tera, F, tera:Water|67/100 par
|-ability|p2a: Majora|Embody Aspect (Wellspring)|boost
|-boost|p2a: Majora|spd|1
|turn|20
|
|t:|1760790489
|move|p1a: Goodra|Sludge Bomb|p2a: Majora
|-damage|p2a: Majora|49/100 par
|move|p2a: Majora|Play Rough|p1a: Goodra
|-supereffective|p1a: Goodra
|-damage|p1a: Goodra|13/100
|
|-end|p1a: Goodra|move: Future Sight
|-damage|p1a: Goodra|0 fnt
|faint|p1a: Goodra
|upkeep
|inactive|Brigadi25 has 120 seconds left.
|
|t:|1760790526
|switch|p1a: Iron Treads|Iron Treads|71/100
|turn|21
|
|t:|1760790535
|move|p1a: Iron Treads|Earthquake|p2a: Majora
|-damage|p2a: Majora|0 fnt
|faint|p2a: Majora
|detailschange|p2: Majora|Ogerpon-Wellspring, F|[silent]
|
|upkeep
|
|t:|1760790542
|switch|p2a: Pavarotti|Skeledirge, M|100/100
|turn|22
|
|t:|1760790551
|-terastallize|p1a: Iron Treads|Ghost
|move|p1a: Iron Treads|Earthquake|p2a: Pavarotti
|-supereffective|p2a: Pavarotti
|-damage|p2a: Pavarotti|18/100
|move|p2a: Pavarotti|Torch Song|p1a: Iron Treads
|-damage|p1a: Iron Treads|45/100
|-boost|p2a: Pavarotti|spa|1
|
|upkeep
|turn|23
|
|t:|1760790565
|move|p1a: Iron Treads|Earthquake|p2a: Pavarotti
|-supereffective|p2a: Pavarotti
|-damage|p2a: Pavarotti|0 fnt
|faint|p2a: Pavarotti
|
|upkeep
|
|t:|1760790569
|switch|p2a: Taylor Sweep|Meowscarada, F|100/100
|turn|24
|inactive|Brigadi25 has 120 seconds left.
|
|t:|1760790574
|move|p2a: Taylor Sweep|U-turn|p1a: Iron Treads
|-start|p2a: Taylor Sweep|typechange|Bug|[from] ability: Protean
|-resisted|p1a: Iron Treads
|-damage|p1a: Iron Treads|29/100
|move|p1a: Iron Treads|Ice Spinner|p2a: Taylor Sweep
|-damage|p2a: Taylor Sweep|58/100
|
|upkeep
|turn|25
|
|t:|1760790584
|move|p2a: Taylor Sweep|U-turn|p1a: Iron Treads
|-resisted|p1a: Iron Treads
|-damage|p1a: Iron Treads|14/100
|move|p1a: Iron Treads|Rapid Spin|p2a: Taylor Sweep
|-damage|p2a: Taylor Sweep|33/100
|-boost|p1a: Iron Treads|spe|1
|
|upkeep
|turn|26
|
|t:|1760790590
|move|p2a: Taylor Sweep|U-turn|p1a: Iron Treads
|-resisted|p1a: Iron Treads
|-damage|p1a: Iron Treads|0 fnt
|faint|p1a: Iron Treads
|-end|p1a: Iron Treads|Quark Drive|[silent]
|
|upkeep
|
|t:|1760790594
|switch|p1a: Ogerpon|Ogerpon-Wellspring, F|100/100
|turn|27
|
|t:|1760790600
|move|p2a: Taylor Sweep|U-turn|p1a: Ogerpon
|-supereffective|p1a: Ogerpon
|-damage|p1a: Ogerpon|17/100
|move|p1a: Ogerpon|Ivy Cudgel|p2a: Taylor Sweep|[anim] Ivy Cudgel Water
|-damage|p2a: Taylor Sweep|0 fnt
|faint|p2a: Taylor Sweep
|
|win|Brigadi25
|raw|Brigadi25's rating: 1285 &rarr; <strong>1305</strong><br />(+20 for winning)
|raw|1l0vm4r13's rating: 1213 &rarr; <strong>1193</strong><br />(-20 for losing)
|l|☆1l0vm4r13
|player|p2|
|l|☆Brigadi25
|player|p1|
