|j|☆PrunJus
|j|☆usucklatias
|t:|1760749816
|gametype|singles
|player|p1|PrunJus|preschooler|1163
|player|p2|usucklatias|brycenman|1151
|gen|9
|tier|[Gen 9] OU
|rated|
|rule|HP Percentage Mod: HP is shown in percentages
|rule|Endless Battle Clause: Forcing endless battles is banned
|rule|Species Clause: Limit one of each Pokémon
|rule|OHKO Clause: OHKO moves are banned
|rule|Evasion Items Clause: Evasion items are banned
|rule|Evasion Moves Clause: Evasion moves are banned
|rule|Evasion Abilities Clause: Evasion abilities are banned
|rule|Sleep Moves Clause: Sleep-inducing moves are banned
|clearpoke
|poke|p1|Glimmora, F|
|poke|p1|Toxapex, M|
|poke|p1|Mismagius, M|
|poke|p1|Hydreigon, M|
|poke|p1|Ninetales-Alola, F|
|poke|p1|Rhyperior, F|
|poke|p2|Hoopa-Unbound|
|poke|p2|Hydrapple, F|
|poke|p2|Gliscor, F|
|poke|p2|Cinderace, F|
|poke|p2|Alomomola, M|
|poke|p2|Gholdengo|
|teampreview
|
|t:|1760749823
|teamsize|p1|6
|teamsize|p2|6
|start
|switch|p1a: Should be ghost|Ninetales-Alola, F|100/100
|switch|p2a: Alomomola|Alomomola, M|100/100
|-weather|Snowscape|[from] ability: Snow Warning|[of] p1a: Should be ghost
|turn|1
|
|t:|1760749832
|move|p1a: Should be ghost|Aurora Veil|p1a: Should be ghost
|-sidestart|p1: PrunJus|move: Aurora Veil
|move|p2a: Alomomola|Flip Turn|p1a: Should be ghost
|-damage|p1a: Should be ghost|93/100
|
|t:|1760749837
|switch|p2a: Gliscor|Gliscor, F|100/100|[from] Flip Turn
|
|-weather|Snowscape|[upkeep]
|-status|p2a: Gliscor|tox|[from] item: Toxic Orb
|upkeep
|turn|2
|
|t:|1760749864
|switch|p1a: Drill run|Rhyperior, F|100/100
|-terastallize|p2a: Gliscor|Fairy
|move|p2a: Gliscor|Spikes|p1a: Drill run
|-sidestart|p1: PrunJus|Spikes
|
|-weather|Snowscape|[upkeep]
|upkeep
|turn|3
|
|t:|1760749873
|move|p2a: Gliscor|Spikes|p1a: Drill run
|-sidestart|p1: PrunJus|Spikes
|move|p1a: Drill run|Rock Polish|p1a: Drill run
|-boost|p1a: Drill run|spe|2
|
|-weather|Snowscape|[upkeep]
|upkeep
|turn|4
|
|t:|1760749882
|move|p1a: Drill run|Stone Edge|p2a: Gliscor
|-damage|p2a: Gliscor|55/100 tox
|move|p2a: Gliscor|Spikes|p1a: Drill run
|-sidestart|p1: PrunJus|Spikes
|
|-weather|Snowscape|[upkeep]
|-heal|p2a: Gliscor|68/100 tox|[from] ability: Poison Heal
|upkeep
|turn|5
|
|t:|1760749895
|switch|p2a: Alomomola|Alomomola, M|100/100
|move|p1a: Drill run|Stone Edge|p2a: Alomomola
|-damage|p2a: Alomomola|53/100
|
|-weather|none
|upkeep
|turn|6
|
|t:|1760749905
|move|p1a: Drill run|Supercell Slam|p2a: Alomomola
|-supereffective|p2a: Alomomola
|-damage|p2a: Alomomola|0 fnt
|faint|p2a: Alomomola
|
|upkeep
|
|t:|1760749912
|switch|p2a: Hydrapple|Hydrapple, F, shiny|100/100
|turn|7
|
|t:|1760749928
|move|p1a: Drill run|Stone Edge|p2a: Hydrapple
|-damage|p2a: Hydrapple|60/100
|move|p2a: Hydrapple|Nasty Plot|p2a: Hydrapple
|-boost|p2a: Hydrapple|spa|2
|
|upkeep
|turn|8
|
|t:|1760749935
|move|p1a: Drill run|Stone Edge|p2a: Hydrapple
|-damage|p2a: Hydrapple|16/100
|move|p2a: Hydrapple|Giga Drain|p1a: Drill run
|-supereffective|p1a: Drill run
|-damage|p1a: Drill run|0 fnt
|-heal|p2a: Hydrapple|62/100|[from] drain|[of] p1a: Drill run
|faint|p1a: Drill run
|
|-sideend|p1: PrunJus|move: Aurora Veil
|upkeep
|
|t:|1760749952
|switch|p1a: My setup|Hydreigon, M|100/100
|turn|9
|
|t:|1760749957
|move|p1a: My setup|Scale Shot|p2a: Hydrapple
|-supereffective|p2a: Hydrapple
|-crit|p2a: Hydrapple
|-damage|p2a: Hydrapple|35/100
|-supereffective|p2a: Hydrapple
|-damage|p2a: Hydrapple|17/100
|-supereffective|p2a: Hydrapple
|-damage|p2a: Hydrapple|0 fnt
|faint|p2a: Hydrapple
|-hitcount|p2: Hydrapple|3
|-unboost|p1a: My setup|def|1
|-boost|p1a: My setup|spe|1
|
|upkeep
|
|t:|1760749974
|switch|p2a: Hoopa|Hoopa-Unbound|100/100
|turn|10
|
|t:|1760749981
|move|p1a: My setup|Dragon Dance|p1a: My setup
|-boost|p1a: My setup|atk|1
|-boost|p1a: My setup|spe|1
|move|p2a: Hoopa|Psychic Noise|p1a: My setup
|-immune|p1a: My setup
|
|upkeep
|turn|11
|c|☆PrunJus|huh
|
|t:|1760749996
|switch|p2a: Gliscor|Gliscor, F, tera:Fairy|68/100 tox
|move|p1a: My setup|Dragon Dance|p1a: My setup
|-boost|p1a: My setup|atk|1
|-boost|p1a: My setup|spe|1
|
|-heal|p2a: Gliscor|80/100 tox|[from] ability: Poison Heal
|upkeep
|turn|12
|c|☆PrunJus|ur like me
|
|t:|1760750010
|-terastallize|p1a: My setup|Steel
|move|p1a: My setup|Earthquake|p2a: Gliscor
|-damage|p2a: Gliscor|32/100 tox
|move|p2a: Gliscor|Toxic|p1a: My setup
|-immune|p1a: My setup
|
|-heal|p2a: Gliscor|44/100 tox|[from] ability: Poison Heal
|upkeep
|turn|13
|
|t:|1760750023
|switch|p2a: Cinderace|Cinderace, F|100/100
|move|p1a: My setup|Earthquake|p2a: Cinderace
|-supereffective|p2a: Cinderace
|-damage|p2a: Cinderace|0 fnt
|faint|p2a: Cinderace
|
|upkeep
|-message|usucklatias forfeited.
|
|win|PrunJus
|raw|PrunJus's rating: 1163 &rarr; <strong>1187</strong><br />(+24 for winning)
|raw|usucklatias's rating: 1151 &rarr; <strong>1127</strong><br />(-24 for losing)
|l|☆usucklatias
|player|p2|
|l|☆PrunJus
|player|p1|
