|j|☆igorcda
|j|☆Flex Plays Only
|t:|1760738405
|gametype|singles
|player|p1|igorcda|richboy-gen4|1670
|player|p2|Flex Plays Only|miku-fairy|1667
|gen|9
|tier|[Gen 9] OU
|rated|
|rule|HP Percentage Mod: HP is shown in percentages
|rule|Endless Battle Clause: Forcing endless battles is banned
|rule|Species Clause: Limit one of each Pokémon
|rule|OHKO Clause: OHKO moves are banned
|rule|Evasion Items Clause: Evasion items are banned
|rule|Evasion Moves Clause: Evasion moves are banned
|rule|Evasion Abilities Clause: Evasion abilities are banned
|rule|Sleep Moves Clause: Sleep-inducing moves are banned
|clearpoke
|poke|p1|Dragapult, M|
|poke|p1|Pawmot, M|
|poke|p1|Empoleon, M|
|poke|p1|Ursaluna, M|
|poke|p1|Lokix, M|
|poke|p1|Houndoom, M|
|poke|p2|Dragonite, M|
|poke|p2|Gholdengo|
|poke|p2|Great Tusk|
|poke|p2|Iron Crown|
|poke|p2|Iron Moth|
|poke|p2|Deoxys-Speed|
|teampreview
|
|t:|1760738417
|teamsize|p1|6
|teamsize|p2|6
|start
|switch|p1a: Houndoom|Houndoom, M|100/100
|switch|p2a: Dragonite|Dragonite, M|100/100
|turn|1
|inactive|Battle timer is ON: inactive players will automatically lose when time's up. (requested by igorcda)
|
|t:|1760738425
|switch|p1a: Ursaluno|Ursaluna, M, shiny|100/100
|switch|p2a: Deoxys|Deoxys-Speed|100/100
|-ability|p2a: Deoxys|Pressure
|
|-status|p1a: Ursaluno|brn|[from] item: Flame Orb
|upkeep
|turn|2
|
|t:|1760738437
|move|p2a: Deoxys|Reflect|p2a: Deoxys
|-sidestart|p2: Flex Plays Only|Reflect
|move|p1a: Ursaluno|Earthquake|p2a: Deoxys
|-damage|p2a: Deoxys|42/100
|
|-damage|p1a: Ursaluno|94/100 brn|[from] brn
|upkeep
|turn|3
|
|t:|1760738447
|move|p2a: Deoxys|Light Screen|p2a: Deoxys
|-sidestart|p2: Flex Plays Only|move: Light Screen
|move|p1a: Ursaluno|Facade|p2a: Deoxys
|-damage|p2a: Deoxys|0 fnt
|faint|p2a: Deoxys
|
|-damage|p1a: Ursaluno|88/100 brn|[from] brn
|upkeep
|
|t:|1760738453
|switch|p2a: Gholdengo|Gholdengo|100/100
|turn|4
|
|t:|1760738463
|move|p2a: Gholdengo|Make It Rain|p1a: Ursaluno
|-damage|p1a: Ursaluno|0 fnt
|-unboost|p2a: Gholdengo|spa|1
|faint|p1a: Ursaluno
|
|upkeep
|
|t:|1760738466
|switch|p1a: Lokix|Lokix, M, shiny|100/100
|turn|5
|
|t:|1760738469
|move|p1a: Lokix|Swords Dance|p1a: Lokix
|-boost|p1a: Lokix|atk|2
|move|p2a: Gholdengo|Make It Rain|p1a: Lokix
|-damage|p1a: Lokix|0 fnt
|-unboost|p2a: Gholdengo|spa|1
|faint|p1a: Lokix
|
|upkeep
|
|t:|1760738481
|switch|p1a: PaulMot|Pawmot, M|100/100
|turn|6
|
|t:|1760738484
|switch|p2a: Iron Moth|Iron Moth|100/100
|-enditem|p2a: Iron Moth|Booster Energy
|-activate|p2a: Iron Moth|ability: Quark Drive|[fromitem]
|-start|p2a: Iron Moth|quarkdrivespe
|move|p1a: PaulMot|Revival Blessing|p1a: PaulMot
|-enditem|p1a: PaulMot|Leppa Berry|[eat]
|-activate|p1a: PaulMot|item: Leppa Berry|Revival Blessing|[consumed]
|
|t:|1760738486
|-heal|p1: Lokix|50/100|[from] move: Revival Blessing
|
|upkeep
|turn|7
|
|t:|1760738489
|switch|p1a: Kingpoleon|Empoleon, M, shiny|100/100
|move|p2a: Iron Moth|Toxic Spikes|p1a: Kingpoleon
|-sidestart|p1: igorcda|move: Toxic Spikes
|
|upkeep
|turn|8
|
|t:|1760738495
|move|p2a: Iron Moth|Fiery Dance|p1a: Kingpoleon
|-damage|p1a: Kingpoleon|78/100
|move|p1a: Kingpoleon|Hydro Pump|p2a: Iron Moth|[miss]
|-miss|p1a: Kingpoleon|p2a: Iron Moth
|
|upkeep
|turn|9
|
|t:|1760738499
|move|p2a: Iron Moth|Fiery Dance|p1a: Kingpoleon
|-damage|p1a: Kingpoleon|54/100
|move|p1a: Kingpoleon|Hydro Pump|p2a: Iron Moth
|-supereffective|p2a: Iron Moth
|-damage|p2a: Iron Moth|50/100
|
|-sideend|p2: Flex Plays Only|Reflect
|upkeep
|turn|10
|
|t:|1760738503
|move|p2a: Iron Moth|Fiery Dance|p1a: Kingpoleon
|-damage|p1a: Kingpoleon|32/100
|move|p1a: Kingpoleon|Hydro Pump|p2a: Iron Moth
|-supereffective|p2a: Iron Moth
|-damage|p2a: Iron Moth|0 fnt
|faint|p2a: Iron Moth
|-end|p2a: Iron Moth|Quark Drive|[silent]
|
|-sideend|p2: Flex Plays Only|move: Light Screen
|upkeep
|
|t:|1760738513
|switch|p2a: Great Tusk|Great Tusk|100/100
|turn|11
|
|t:|1760738534
|-terastallize|p1a: Kingpoleon|Flying
|move|p2a: Great Tusk|Headlong Rush|p1a: Kingpoleon
|-immune|p1a: Kingpoleon
|move|p1a: Kingpoleon|Hydro Pump|p2a: Great Tusk
|-supereffective|p2a: Great Tusk
|-damage|p2a: Great Tusk|0 fnt
|faint|p2a: Great Tusk
|-end|p2a: Great Tusk|Protosynthesis|[silent]
|
|upkeep
|
|t:|1760738543
|switch|p2a: Gholdengo|Gholdengo|100/100
|turn|12
|
|t:|1760738547
|move|p2a: Gholdengo|Thunderbolt|p1a: Kingpoleon
|-supereffective|p1a: Kingpoleon
|-damage|p1a: Kingpoleon|0 fnt
|faint|p1a: Kingpoleon
|
|upkeep
|
|t:|1760738551
|switch|p1a: Houndoom|Houndoom, M|100/100
|-status|p1a: Houndoom|psn
|turn|13
|
|t:|1760738554
|move|p1a: Houndoom|Flamethrower|p2a: Gholdengo
|-supereffective|p2a: Gholdengo
|-damage|p2a: Gholdengo|0 fnt
|faint|p2a: Gholdengo
|
|-damage|p1a: Houndoom|88/100 psn|[from] psn
|upkeep
|
|t:|1760738556
|switch|p2a: Dragonite|Dragonite, M|100/100
|turn|14
|
|t:|1760738565
|move|p1a: Houndoom|Flamethrower|p2a: Dragonite
|-resisted|p2a: Dragonite
|-damage|p2a: Dragonite|91/100
|move|p2a: Dragonite|Dragon Dance|p2a: Dragonite
|-boost|p2a: Dragonite|atk|1
|-boost|p2a: Dragonite|spe|1
|
|-heal|p2a: Dragonite|97/100|[from] item: Leftovers
|-damage|p1a: Houndoom|76/100 psn|[from] psn
|upkeep
|turn|15
|
|t:|1760738570
|move|p2a: Dragonite|Dragon Dance|p2a: Dragonite
|-boost|p2a: Dragonite|atk|1
|-boost|p2a: Dragonite|spe|1
|move|p1a: Houndoom|Destiny Bond|p1a: Houndoom
|-singlemove|p1a: Houndoom|Destiny Bond
|
|-heal|p2a: Dragonite|100/100|[from] item: Leftovers
|-damage|p1a: Houndoom|63/100 psn|[from] psn
|upkeep
|turn|16
|
|t:|1760738576
|move|p2a: Dragonite|Encore|p1a: Houndoom
|-start|p1a: Houndoom|Encore
|move|p1a: Houndoom|Destiny Bond||[still]
|-fail|p1a: Houndoom
|
|-damage|p1a: Houndoom|51/100 psn|[from] psn
|upkeep
|turn|17
|
|t:|1760738579
|move|p2a: Dragonite|Dragon Dance|p2a: Dragonite
|-boost|p2a: Dragonite|atk|1
|-boost|p2a: Dragonite|spe|1
|move|p1a: Houndoom|Destiny Bond|p1a: Houndoom
|-singlemove|p1a: Houndoom|Destiny Bond
|
|-damage|p1a: Houndoom|39/100 psn|[from] psn
|upkeep
|turn|18
|
|t:|1760738588
|move|p2a: Dragonite|Dragon Dance|p2a: Dragonite
|-boost|p2a: Dragonite|atk|1
|-boost|p2a: Dragonite|spe|1
|move|p1a: Houndoom|Destiny Bond||[still]
|-fail|p1a: Houndoom
|
|-damage|p1a: Houndoom|26/100 psn|[from] psn
|-end|p1a: Houndoom|Encore
|upkeep
|turn|19
|
|t:|1760738600
|move|p2a: Dragonite|Encore|p1a: Houndoom
|-start|p1a: Houndoom|Encore
|move|p1a: Houndoom|Destiny Bond|p1a: Houndoom
|-singlemove|p1a: Houndoom|Destiny Bond
|
|-damage|p1a: Houndoom|14/100 psn|[from] psn
|upkeep
|turn|20
|
|t:|1760738603
|switch|p1a: Cataputa|Dragapult, M|100/100
|-status|p1a: Cataputa|psn
|move|p2a: Dragonite|Dragon Dance|p2a: Dragonite
|-boost|p2a: Dragonite|atk|1
|-boost|p2a: Dragonite|spe|1
|
|-damage|p1a: Cataputa|88/100 psn|[from] psn
|upkeep
|turn|21
|
|t:|1760738609
|switch|p1a: Lokix|Lokix, M, shiny|50/100
|-terastallize|p2a: Dragonite|Flying
|move|p2a: Dragonite|Tera Blast|p1a: Lokix|[anim] Tera Blast Flying
|-supereffective|p1a: Lokix
|-damage|p1a: Lokix|0 fnt
|faint|p1a: Lokix
|
|upkeep
|
|t:|1760738614
|switch|p1a: PaulMot|Pawmot, M|100/100
|-status|p1a: PaulMot|psn
|turn|22
|
|t:|1760738616
|move|p1a: PaulMot|Fake Out|p2a: Dragonite
|-damage|p2a: Dragonite|93/100
|cant|p2a: Dragonite|flinch
|
|-heal|p2a: Dragonite|99/100|[from] item: Leftovers
|-damage|p1a: PaulMot|88/100 psn|[from] psn
|upkeep
|turn|23
|
|t:|1760738621
|move|p2a: Dragonite|Tera Blast|p1a: PaulMot|[anim] Tera Blast Flying
|-damage|p1a: PaulMot|0 fnt
|faint|p1a: PaulMot
|
|-heal|p2a: Dragonite|100/100|[from] item: Leftovers
|upkeep
|-message|igorcda forfeited.
|
|win|Flex Plays Only
|raw|igorcda's rating: 1670 &rarr; <strong>1650</strong><br />(-20 for losing)
|raw|Flex Plays Only's rating: 1667 &rarr; <strong>1687</strong><br />(+20 for winning)
|l|☆igorcda
|player|p1|
|l|☆Flex Plays Only
|player|p2|
