|j|☆how play pkm
|j|☆Luka Dooncic
|t:|1760772539
|gametype|singles
|player|p1|how play pkm|#bltxiipangoros|1646
|player|p2|Luka Dooncic|giovanni|1561
|gen|9
|tier|[Gen 9] OU
|rated|
|rule|HP Percentage Mod: HP is shown in percentages
|rule|Endless Battle Clause: Forcing endless battles is banned
|rule|Species Clause: Limit one of each Pokémon
|rule|OHKO Clause: OHKO moves are banned
|rule|Evasion Items Clause: Evasion items are banned
|rule|Evasion Moves Clause: Evasion moves are banned
|rule|Evasion Abilities Clause: Evasion abilities are banned
|rule|Sleep Moves Clause: Sleep-inducing moves are banned
|clearpoke
|poke|p1|Ceruledge, M|
|poke|p1|Comfey, F|
|poke|p1|Mew|
|poke|p1|Glimmora, M|
|poke|p1|Dragonite, M|
|poke|p1|Iron Crown|
|poke|p2|Ogerpon-Wellspring, F|
|poke|p2|Ting-Lu|
|poke|p2|Iron Moth|
|poke|p2|Dragapult, M|
|poke|p2|Zapdos|
|poke|p2|Great Tusk|
|teampreview
|inactive|Battle timer is ON: inactive players will automatically lose when time's up. (requested by how play pkm)
|
|t:|1760772563
|teamsize|p1|6
|teamsize|p2|6
|start
|switch|p1a: Mew|Mew|100/100
|switch|p2a: Great Tusk|Great Tusk|100/100
|turn|1
|inactive|Luka Dooncic has 120 seconds left.
|
|t:|1760772596
|-end|p2a: Great Tusk|Protosynthesis|[silent]
|switch|p2a: Dragapult|Dragapult, M|100/100
|move|p1a: Mew|Will-O-Wisp|p2a: Dragapult
|-status|p2a: Dragapult|brn
|
|-damage|p2a: Dragapult|95/100 brn|[from] brn
|upkeep
|turn|2
|
|t:|1760772602
|move|p2a: Dragapult|Shadow Ball|p1a: Mew
|-supereffective|p1a: Mew
|-damage|p1a: Mew|5/100
|move|p1a: Mew|Light Screen|p1a: Mew
|-sidestart|p1: how play pkm|move: Light Screen
|
|-damage|p2a: Dragapult|89/100 brn|[from] brn
|upkeep
|turn|3
|
|t:|1760772610
|switch|p1a: Comfey|Comfey, F|100/100
|move|p2a: Dragapult|Shadow Ball|p1a: Comfey
|-damage|p1a: Comfey|75/100
|
|-damage|p2a: Dragapult|83/100 brn|[from] brn
|upkeep
|turn|4
|inactive|Luka Dooncic has 120 seconds left.
|
|t:|1760772634
|switch|p2a: Iron Moth|Iron Moth|100/100
|-enditem|p2a: Iron Moth|Booster Energy
|-activate|p2a: Iron Moth|ability: Quark Drive|[fromitem]
|-start|p2a: Iron Moth|quarkdrivespa
|move|p1a: Comfey|Calm Mind|p1a: Comfey
|-boost|p1a: Comfey|spa|1
|-boost|p1a: Comfey|spd|1
|
|upkeep
|turn|5
|
|t:|1760772643
|switch|p1a: Glimmora|Glimmora, M|100/100
|move|p2a: Iron Moth|Sludge Wave|p1a: Glimmora
|-resisted|p1a: Glimmora
|-damage|p1a: Glimmora|90/100
|
|upkeep
|turn|6
|
|t:|1760772654
|-end|p2a: Iron Moth|Quark Drive|[silent]
|switch|p2a: Ting-Lu|Ting-Lu|100/100
|-ability|p2a: Ting-Lu|Vessel of Ruin
|move|p1a: Glimmora|Meteor Beam||[still]
|-prepare|p1a: Glimmora|Meteor Beam
|-boost|p1a: Glimmora|spa|1
|-enditem|p1a: Glimmora|Power Herb
|-anim|p1a: Glimmora|Meteor Beam|p2a: Ting-Lu|[miss]
|-miss|p1a: Glimmora|p2a: Ting-Lu
|
|upkeep
|turn|7
|
|t:|1760772662
|move|p1a: Glimmora|Dazzling Gleam|p2a: Ting-Lu
|-supereffective|p2a: Ting-Lu
|-damage|p2a: Ting-Lu|65/100
|move|p2a: Ting-Lu|Earthquake|p1a: Glimmora
|-supereffective|p1a: Glimmora
|-damage|p1a: Glimmora|0 fnt
|-activate|p1a: Glimmora|ability: Toxic Debris
|-sidestart|p2: Luka Dooncic|move: Toxic Spikes
|faint|p1a: Glimmora
|
|-heal|p2a: Ting-Lu|72/100|[from] item: Leftovers
|upkeep
|
|t:|1760772667
|switch|p1a: Ceruledge|Ceruledge, M|100/100
|turn|8
|
|t:|1760772675
|switch|p2a: Zapdos|Zapdos|100/100
|move|p1a: Ceruledge|Swords Dance|p1a: Ceruledge
|-boost|p1a: Ceruledge|atk|2
|
|upkeep
|turn|9
|
|t:|1760772684
|move|p1a: Ceruledge|Poltergeist|p2a: Zapdos
|-activate|p2a: Zapdos|move: Poltergeist|Rocky Helmet
|-damage|p2a: Zapdos|0 fnt
|faint|p2a: Zapdos
|-damage|p1a: Ceruledge|91/100|[from] item: Life Orb
|
|-sideend|p1: how play pkm|move: Light Screen
|upkeep
|
|t:|1760772692
|switch|p2a: Great Tusk|Great Tusk|100/100
|-status|p2a: Great Tusk|psn
|turn|10
|
|t:|1760772701
|-terastallize|p1a: Ceruledge|Ghost
|move|p2a: Great Tusk|Headlong Rush|p1a: Ceruledge
|-damage|p1a: Ceruledge|3/100
|-unboost|p2a: Great Tusk|def|1
|-unboost|p2a: Great Tusk|spd|1
|-ability|p1a: Ceruledge|Weak Armor|boost
|-unboost|p1a: Ceruledge|def|1
|-boost|p1a: Ceruledge|spe|2
|move|p1a: Ceruledge|Bitter Blade|p2a: Great Tusk
|-damage|p2a: Great Tusk|0 fnt
|-heal|p1a: Ceruledge|67/100|[from] drain|[of] p2a: Great Tusk
|faint|p2a: Great Tusk
|-end|p2a: Great Tusk|Protosynthesis|[silent]
|-damage|p1a: Ceruledge|57/100|[from] item: Life Orb
|
|upkeep
|
|t:|1760772717
|switch|p2a: Ogerpon|Ogerpon-Wellspring, F|100/100
|-status|p2a: Ogerpon|psn
|turn|11
|
|t:|1760772723
|move|p1a: Ceruledge|Poltergeist|p2a: Ogerpon
|-activate|p2a: Ogerpon|move: Poltergeist|Wellspring Mask
|-damage|p2a: Ogerpon|0 fnt
|faint|p2a: Ogerpon
|-damage|p1a: Ceruledge|47/100|[from] item: Life Orb
|
|upkeep
|-message|Luka Dooncic forfeited.
|
|win|how play pkm
|raw|how play pkm's rating: 1646 &rarr; <strong>1661</strong><br />(+15 for winning)
|raw|Luka Dooncic's rating: 1561 &rarr; <strong>1546</strong><br />(-15 for losing)
|l|☆Luka Dooncic
|player|p2|
|l|☆how play pkm
|player|p1|
