|j|☆Number?Wynx
|j|☆steezy1
|t:|1760720644
|gametype|singles
|player|p1|Number?Wynx|waiter|1337
|player|p2|steezy1|101|1307
|gen|9
|tier|[Gen 9] OU
|rated|
|rule|HP Percentage Mod: HP is shown in percentages
|rule|Endless Battle Clause: Forcing endless battles is banned
|rule|Species Clause: Limit one of each Pokémon
|rule|OHKO Clause: OHKO moves are banned
|rule|Evasion Items Clause: Evasion items are banned
|rule|Evasion Moves Clause: Evasion moves are banned
|rule|Evasion Abilities Clause: Evasion abilities are banned
|rule|Sleep Moves Clause: Sleep-inducing moves are banned
|clearpoke
|poke|p1|Cinderace, M|
|poke|p1|Dragapult, F|
|poke|p1|Landorus-Therian, M|
|poke|p1|Kingambit, F|
|poke|p1|Ogerpon-Wellspring, F|
|poke|p1|Iron Moth|
|poke|p2|Barraskewda, M|
|poke|p2|Pelipper, M|
|poke|p2|Basculegion-F, F|
|poke|p2|Overqwil, M|
|poke|p2|Clodsire, M|
|poke|p2|Cyclizar, M|
|teampreview
|inactive|Battle timer is ON: inactive players will automatically lose when time's up. (requested by Number?Wynx)
|
|t:|1760720658
|teamsize|p1|6
|teamsize|p2|6
|start
|switch|p1a: Landorus|Landorus-Therian, M|100/100
|switch|p2a: Barraskewda|Barraskewda, M|100/100
|-ability|p1a: Landorus|Intimidate|boost
|-unboost|p2a: Barraskewda|atk|1
|turn|1
|
|t:|1760720668
|switch|p1a: Dragapult|Dragapult, F|100/100
|move|p2a: Barraskewda|Close Combat|p1a: Dragapult
|-immune|p1a: Dragapult
|
|upkeep
|turn|2
|
|t:|1760720677
|switch|p2a: Clodsire|Clodsire, M|100/100
|move|p1a: Dragapult|Hex|p2a: Clodsire
|-damage|p2a: Clodsire|85/100
|
|-heal|p2a: Clodsire|91/100|[from] item: Leftovers
|upkeep
|turn|3
|
|t:|1760720687
|move|p1a: Dragapult|Will-O-Wisp|p2a: Clodsire
|-status|p2a: Clodsire|brn
|move|p2a: Clodsire|Stealth Rock|p1a: Dragapult
|-sidestart|p1: Number?Wynx|move: Stealth Rock
|
|-heal|p2a: Clodsire|97/100 brn|[from] item: Leftovers
|-damage|p2a: Clodsire|91/100 brn|[from] brn
|upkeep
|turn|4
|
|t:|1760720692
|move|p1a: Dragapult|Hex|p2a: Clodsire
|-damage|p2a: Clodsire|58/100 brn
|move|p2a: Clodsire|Earthquake|p1a: Dragapult
|-damage|p1a: Dragapult|80/100
|
|-heal|p2a: Clodsire|65/100 brn|[from] item: Leftovers
|-damage|p2a: Clodsire|58/100 brn|[from] brn
|upkeep
|turn|5
|
|t:|1760720701
|move|p1a: Dragapult|Hex|p2a: Clodsire
|-damage|p2a: Clodsire|26/100 brn
|move|p2a: Clodsire|Toxic Spikes|p1a: Dragapult
|-sidestart|p1: Number?Wynx|move: Toxic Spikes
|
|-heal|p2a: Clodsire|32/100 brn|[from] item: Leftovers
|-damage|p2a: Clodsire|26/100 brn|[from] brn
|upkeep
|turn|6
|
|t:|1760720707
|switch|p2a: Cyclizar|Cyclizar, M|100/100
|move|p1a: Dragapult|Hex|p2a: Cyclizar
|-immune|p2a: Cyclizar
|
|upkeep
|turn|7
|
|t:|1760720718
|switch|p2a: Clodsire|Clodsire, M|26/100 brn
|move|p1a: Dragapult|U-turn|p2a: Clodsire
|-resisted|p2a: Clodsire
|-damage|p2a: Clodsire|18/100 brn
|
|t:|1760720728
|switch|p1a: Landorus|Landorus-Therian, M|100/100|[from] U-turn
|-damage|p1a: Landorus|88/100|[from] Stealth Rock
|-ability|p1a: Landorus|Intimidate|boost
|-unboost|p2a: Clodsire|atk|1
|
|-heal|p2a: Clodsire|24/100 brn|[from] item: Leftovers
|-damage|p2a: Clodsire|18/100 brn|[from] brn
|upkeep
|turn|8
|
|t:|1760720734
|switch|p2a: Pelipper|Pelipper, M|100/100
|-weather|RainDance|[from] ability: Drizzle|[of] p2a: Pelipper
|move|p1a: Landorus|Psychic|p2a: Pelipper
|-damage|p2a: Pelipper|74/100
|
|-weather|RainDance|[upkeep]
|upkeep
|turn|9
|
|t:|1760720752
|move|p1a: Landorus|Psychic|p2a: Pelipper
|-damage|p2a: Pelipper|46/100
|move|p2a: Pelipper|U-turn|p1a: Landorus
|-resisted|p1a: Landorus
|-damage|p1a: Landorus|84/100
|-damage|p2a: Pelipper|30/100|[from] item: Rocky Helmet|[of] p1a: Landorus
|
|t:|1760720756
|switch|p2a: Overqwil|Overqwil, M|100/100|[from] U-turn
|
|-weather|RainDance|[upkeep]
|upkeep
|turn|10
|
|t:|1760720777
|-terastallize|p1a: Landorus|Water
|move|p2a: Overqwil|Swords Dance|p2a: Overqwil
|-boost|p2a: Overqwil|atk|2
|move|p1a: Landorus|Earth Power|p2a: Overqwil
|-supereffective|p2a: Overqwil
|-damage|p2a: Overqwil|0 fnt
|faint|p2a: Overqwil
|
|-weather|RainDance|[upkeep]
|upkeep
|
|t:|1760720789
|switch|p2a: Basculegion|Basculegion-F, F|100/100
|turn|11
|
|t:|1760720802
|switch|p1a: Kingambit|Kingambit, F|100/100
|-damage|p1a: Kingambit|94/100|[from] Stealth Rock
|move|p2a: Basculegion|Shadow Ball|p1a: Kingambit
|-resisted|p1a: Kingambit
|-damage|p1a: Kingambit|77/100
|
|-weather|RainDance|[upkeep]
|-heal|p1a: Kingambit|84/100|[from] item: Leftovers
|upkeep
|turn|12
|
|t:|1760720817
|-terastallize|p2a: Basculegion|Fairy
|move|p2a: Basculegion|Surf|p1a: Kingambit
|-damage|p1a: Kingambit|17/100
|move|p1a: Kingambit|Swords Dance|p1a: Kingambit
|-boost|p1a: Kingambit|atk|2
|
|-weather|RainDance|[upkeep]
|-heal|p1a: Kingambit|23/100|[from] item: Leftovers
|upkeep
|turn|13
|
|t:|1760720829
|move|p1a: Kingambit|Sucker Punch|p2a: Basculegion
|-resisted|p2a: Basculegion
|-damage|p2a: Basculegion|50/100
|move|p2a: Basculegion|Surf|p1a: Kingambit
|-damage|p1a: Kingambit|0 fnt
|faint|p1a: Kingambit
|-end|p1a: Kingambit|fallenundefined|[silent]
|
|-weather|RainDance|[upkeep]
|upkeep
|
|t:|1760720842
|switch|p1a: Landorus|Landorus-Therian, M, tera:Water|84/100
|-damage|p1a: Landorus|72/100|[from] Stealth Rock
|-status|p1a: Landorus|psn
|-ability|p1a: Landorus|Intimidate|boost
|-unboost|p2a: Basculegion|atk|1
|turn|14
|
|t:|1760720859
|switch|p2a: Clodsire|Clodsire, M|18/100 brn
|move|p1a: Landorus|Earth Power|p2a: Clodsire
|-supereffective|p2a: Clodsire
|-damage|p2a: Clodsire|0 fnt
|faint|p2a: Clodsire
|
|-weather|RainDance|[upkeep]
|-damage|p1a: Landorus|60/100 psn|[from] psn
|upkeep
|
|t:|1760720866
|switch|p2a: Cyclizar|Cyclizar, M|100/100
|turn|15
|
|t:|1760720875
|move|p2a: Cyclizar|Knock Off|p1a: Landorus
|-damage|p1a: Landorus|34/100 psn
|-damage|p2a: Cyclizar|84/100|[from] item: Rocky Helmet|[of] p1a: Landorus
|-enditem|p1a: Landorus|Rocky Helmet|[from] move: Knock Off|[of] p2a: Cyclizar
|move|p1a: Landorus|U-turn|p2a: Cyclizar
|-damage|p2a: Cyclizar|49/100
|
|t:|1760720882
|switch|p1a: Cinderace|Cinderace, M|100/100|[from] U-turn
|
|-weather|none
|upkeep
|turn|16
|
|t:|1760720891
|move|p2a: Cyclizar|Knock Off|p1a: Cinderace
|-damage|p1a: Cinderace|60/100
|-enditem|p1a: Cinderace|Heavy-Duty Boots|[from] move: Knock Off|[of] p2a: Cyclizar
|move|p1a: Cinderace|U-turn|p2a: Cyclizar
|-start|p1a: Cinderace|typechange|Bug|[from] ability: Libero
|-damage|p2a: Cyclizar|0 fnt
|faint|p2a: Cyclizar
|
|t:|1760720900
|switch|p1a: Landorus|Landorus-Therian, M, tera:Water|34/100 psn|[from] U-turn
|-damage|p1a: Landorus|21/100 psn|[from] Stealth Rock
|
|-damage|p1a: Landorus|9/100 psn|[from] psn
|upkeep
|
|t:|1760720909
|switch|p2a: Barraskewda|Barraskewda, M|100/100
|turn|17
|
|t:|1760720918
|move|p2a: Barraskewda|Flip Turn|p1a: Landorus
|-resisted|p1a: Landorus
|-damage|p1a: Landorus|0 fnt
|faint|p1a: Landorus
|
|t:|1760720921
|switch|p2a: Pelipper|Pelipper, M|30/100|[from] Flip Turn
|-weather|RainDance|[from] ability: Drizzle|[of] p2a: Pelipper
|
|-weather|RainDance|[upkeep]
|upkeep
|
|t:|1760720930
|switch|p1a: Cinderace|Cinderace, M|60/100
|-damage|p1a: Cinderace|35/100|[from] Stealth Rock
|-status|p1a: Cinderace|psn
|turn|18
|
|t:|1760720947
|switch|p2a: Basculegion|Basculegion-F, F, tera:Fairy|50/100
|move|p1a: Cinderace|Court Change|p1a: Cinderace
|-start|p1a: Cinderace|typechange|Normal|[from] ability: Libero
|-swapsideconditions
|-activate|p1a: Cinderace|move: Court Change
|
|-weather|RainDance|[upkeep]
|-damage|p1a: Cinderace|23/100 psn|[from] psn
|upkeep
|turn|19
|
|t:|1760720955
|move|p2a: Basculegion|Tera Blast|p1a: Cinderace|[anim] Tera Blast Fairy
|-damage|p1a: Cinderace|0 fnt
|faint|p1a: Cinderace
|
|-weather|RainDance|[upkeep]
|upkeep
|
|t:|1760720969
|switch|p1a: Ogerpon|Ogerpon-Wellspring, F|100/100
|turn|20
|
|t:|1760720978
|move|p2a: Basculegion|Shadow Ball|p1a: Ogerpon
|-damage|p1a: Ogerpon|55/100
|move|p1a: Ogerpon|Ivy Cudgel|p2a: Basculegion|[anim] Ivy Cudgel Water
|-damage|p2a: Basculegion|0 fnt
|faint|p2a: Basculegion
|
|-weather|RainDance|[upkeep]
|upkeep
|
|t:|1760720985
|switch|p2a: Barraskewda|Barraskewda, M|100/100
|-damage|p2a: Barraskewda|88/100|[from] Stealth Rock
|-status|p2a: Barraskewda|psn
|turn|21
|
|t:|1760720992
|move|p2a: Barraskewda|Liquidation|p1a: Ogerpon
|-heal|p1a: Ogerpon|80/100|[from] ability: Water Absorb|[of] p2a: Barraskewda
|move|p1a: Ogerpon|Ivy Cudgel|p2a: Barraskewda|[anim] Ivy Cudgel Water
|-resisted|p2a: Barraskewda
|-damage|p2a: Barraskewda|0 fnt
|faint|p2a: Barraskewda
|
|-weather|RainDance|[upkeep]
|upkeep
|-message|steezy1 forfeited.
|
|win|Number?Wynx
|raw|Number?Wynx's rating: 1337 &rarr; <strong>1355</strong><br />(+18 for winning)
|raw|steezy1's rating: 1307 &rarr; <strong>1289</strong><br />(-18 for losing)
|l|☆steezy1
|player|p2|
|l|☆Number?Wynx
|player|p1|
