|j|☆SpongeGar & Patar
|j|☆how play pkm
|t:|1760846375
|gametype|singles
|player|p1|SpongeGar & Patar|101|1737
|player|p2|how play pkm|yellow|1672
|gen|9
|tier|[Gen 9] OU
|rated|
|rule|HP Percentage Mod: HP is shown in percentages
|rule|Endless Battle Clause: Forcing endless battles is banned
|rule|Species Clause: Limit one of each Pokémon
|rule|OHKO Clause: OHKO moves are banned
|rule|Evasion Items Clause: Evasion items are banned
|rule|Evasion Moves Clause: Evasion moves are banned
|rule|Evasion Abilities Clause: Evasion abilities are banned
|rule|Sleep Moves Clause: Sleep-inducing moves are banned
|clearpoke
|poke|p1|Kyurem|
|poke|p1|Corviknight, M|
|poke|p1|Ting-Lu|
|poke|p1|Dondozo, F|
|poke|p1|Slowking-Galar, L99, M|
|poke|p1|Cinderace, F|
|poke|p2|Ceruledge, M|
|poke|p2|Mew|
|poke|p2|Dragonite, M|
|poke|p2|Latias, F|
|poke|p2|Tyranitar, F|
|poke|p2|Excadrill, F|
|teampreview
|inactive|Battle timer is ON: inactive players will automatically lose when time's up. (requested by how play pkm)
|inactive|SpongeGar & Patar has 120 seconds left.
|
|t:|1760846426
|teamsize|p1|6
|teamsize|p2|6
|start
|switch|p1a: Ting-Lu|Ting-Lu|100/100
|switch|p2a: Tyranitar|Tyranitar, F|100/100
|-weather|Sandstorm|[from] ability: Sand Stream|[of] p2a: Tyranitar
|-ability|p1a: Ting-Lu|Vessel of Ruin
|turn|1
|inactive|SpongeGar & Patar also wants the timer to be on.
|inactive|SpongeGar & Patar has 120 seconds left.
|
|t:|1760846474
|move|p2a: Tyranitar|Knock Off|p1a: Ting-Lu
|-resisted|p1a: Ting-Lu
|-damage|p1a: Ting-Lu|86/100
|-enditem|p1a: Ting-Lu|Leftovers|[from] move: Knock Off|[of] p2a: Tyranitar
|move|p1a: Ting-Lu|Earthquake|p2a: Tyranitar
|-supereffective|p2a: Tyranitar
|-damage|p2a: Tyranitar|34/100
|
|-weather|Sandstorm|[upkeep]
|upkeep
|turn|2
|j| FaronAan
|inactive|SpongeGar & Patar has 90 seconds left.
|
|t:|1760846524
|move|p2a: Tyranitar|Low Kick|p1a: Ting-Lu
|-supereffective|p1a: Ting-Lu
|-damage|p1a: Ting-Lu|33/100
|move|p1a: Ting-Lu|Earthquake|p2a: Tyranitar
|-supereffective|p2a: Tyranitar
|-damage|p2a: Tyranitar|0 fnt
|faint|p2a: Tyranitar
|
|-weather|Sandstorm|[upkeep]
|upkeep
|
|t:|1760846530
|switch|p2a: Excadrill|Excadrill, F|100/100
|turn|3
|inactive|SpongeGar & Patar has 60 seconds left.
|
|t:|1760846578
|switch|p1a: Corviknight|Corviknight, M|100/100
|-ability|p1a: Corviknight|Pressure
|move|p2a: Excadrill|Earthquake|p1a: Corviknight
|-immune|p1a: Corviknight
|
|-weather|Sandstorm|[upkeep]
|upkeep
|turn|4
|
|t:|1760846587
|move|p2a: Excadrill|Swords Dance|p2a: Excadrill
|-boost|p2a: Excadrill|atk|2
|move|p1a: Corviknight|Brave Bird|p2a: Excadrill
|-resisted|p2a: Excadrill
|-damage|p2a: Excadrill|76/100
|-damage|p1a: Corviknight|93/100|[from] Recoil
|
|-weather|Sandstorm|[upkeep]
|upkeep
|turn|5
|
|t:|1760846598
|move|p2a: Excadrill|Rock Slide|p1a: Corviknight
|-damage|p1a: Corviknight|56/100
|cant|p1a: Corviknight|flinch
|
|-weather|none
|upkeep
|turn|6
|
|t:|1760846609
|move|p2a: Excadrill|Rock Slide|p1a: Corviknight|[miss]
|-miss|p2a: Excadrill|p1a: Corviknight
|move|p1a: Corviknight|Roost|p1a: Corviknight
|-heal|p1a: Corviknight|100/100
|-singleturn|p1a: Corviknight|move: Roost
|
|upkeep
|turn|7
|
|t:|1760846619
|switch|p1a: Dondozo|Dondozo, F|100/100
|move|p2a: Excadrill|Swords Dance|p2a: Excadrill
|-boost|p2a: Excadrill|atk|2
|
|upkeep
|turn|8
|
|t:|1760846628
|move|p2a: Excadrill|Earthquake|p1a: Dondozo
|-damage|p1a: Dondozo|69/100
|move|p1a: Dondozo|Waterfall|p2a: Excadrill
|-supereffective|p2a: Excadrill
|-damage|p2a: Excadrill|0 fnt
|faint|p2a: Excadrill
|
|-heal|p1a: Dondozo|76/100|[from] item: Leftovers
|upkeep
|
|t:|1760846631
|switch|p2a: Latias|Latias, F|100/100
|turn|9
|
|t:|1760846641
|switch|p1a: Slowking|Slowking-Galar, L99, M|100/100
|move|p2a: Latias|Trick|p1a: Slowking
|-activate|p2a: Latias|move: Trick|[of] p1a: Slowking
|-item|p1a: Slowking|Choice Scarf|[from] move: Trick
|-item|p2a: Latias|Heavy-Duty Boots|[from] move: Trick
|
|upkeep
|turn|10
|
|t:|1760846651
|switch|p2a: Mew|Mew|100/100
|move|p1a: Slowking|Toxic|p2a: Mew
|-status|p2a: Mew|tox
|-activate|p2a: Mew|ability: Synchronize
|-immune|p1a: Slowking
|
|-damage|p2a: Mew|94/100 tox|[from] psn
|upkeep
|turn|11
|
|t:|1760846660
|move|p2a: Mew|U-turn|p1a: Slowking
|-damage|p1a: Slowking|84/100
|
|t:|1760846664
|switch|p2a: Latias|Latias, F|100/100|[from] U-turn
|move|p1a: Slowking|Toxic|p2a: Latias
|-status|p2a: Latias|tox
|
|-damage|p2a: Latias|95/100 tox|[from] psn
|upkeep
|turn|12
|
|t:|1760846673
|move|p2a: Latias|Draco Meteor|p1a: Slowking
|-damage|p1a: Slowking|49/100
|-unboost|p2a: Latias|spa|2
|move|p1a: Slowking|Toxic|p2a: Latias
|-fail|p2a: Latias|tox
|
|-damage|p2a: Latias|83/100 tox|[from] psn
|upkeep
|turn|13
|inactive|SpongeGar & Patar has 90 seconds left.
|
|t:|1760846683
|move|p2a: Latias|Draco Meteor|p1a: Slowking
|-damage|p1a: Slowking|32/100
|-unboost|p2a: Latias|spa|2
|move|p1a: Slowking|Toxic|p2a: Latias
|-fail|p2a: Latias|tox
|
|-damage|p2a: Latias|65/100 tox|[from] psn
|upkeep
|turn|14
|inactive|SpongeGar & Patar has 90 seconds left.
|inactive|SpongeGar & Patar has 60 seconds left.
|
|t:|1760846731
|switch|p2a: Mew|Mew|94/100 tox
|switch|p1a: Kyurem|Kyurem|100/100
|-ability|p1a: Kyurem|Pressure
|
|-damage|p2a: Mew|88/100 tox|[from] psn
|upkeep
|turn|15
|inactive|SpongeGar & Patar has 60 seconds left.
|inactive|SpongeGar & Patar has 30 seconds left.
|inactive|SpongeGar & Patar has 20 seconds left.
|
|t:|1760846780
|move|p2a: Mew|Will-O-Wisp|p1a: Kyurem
|-status|p1a: Kyurem|brn
|move|p1a: Kyurem|Freeze-Dry|p2a: Mew
|-damage|p2a: Mew|60/100 tox
|
|-damage|p2a: Mew|48/100 tox|[from] psn
|-damage|p1a: Kyurem|94/100 brn|[from] brn
|upkeep
|turn|16
|inactive|SpongeGar & Patar has 30 seconds left this turn.
|
|t:|1760846790
|move|p2a: Mew|Light Screen|p2a: Mew
|-sidestart|p2: how play pkm|move: Light Screen
|move|p1a: Kyurem|Freeze-Dry|p2a: Mew
|-damage|p2a: Mew|33/100 tox
|
|-heal|p1a: Kyurem|100/100 brn|[from] item: Leftovers
|-damage|p2a: Mew|15/100 tox|[from] psn
|-damage|p1a: Kyurem|94/100 brn|[from] brn
|upkeep
|turn|17
|inactive|SpongeGar & Patar has 30 seconds left.
|
|t:|1760846799
|move|p1a: Kyurem|Protect|p1a: Kyurem
|-singleturn|p1a: Kyurem|Protect
|move|p2a: Mew|Reflect|p2a: Mew
|-sidestart|p2: how play pkm|Reflect
|
|-heal|p1a: Kyurem|100/100 brn|[from] item: Leftovers
|-damage|p2a: Mew|0 fnt|[from] psn
|faint|p2a: Mew
|-damage|p1a: Kyurem|94/100 brn|[from] brn
|upkeep
|
|t:|1760846802
|switch|p2a: Ceruledge|Ceruledge, M|100/100
|turn|18
|
|t:|1760846811
|switch|p1a: Dondozo|Dondozo, F|76/100
|move|p2a: Ceruledge|Swords Dance|p2a: Ceruledge
|-boost|p2a: Ceruledge|atk|2
|
|-heal|p1a: Dondozo|82/100|[from] item: Leftovers
|upkeep
|turn|19
|
|t:|1760846821
|-terastallize|p2a: Ceruledge|Ghost
|move|p2a: Ceruledge|Poltergeist|p1a: Dondozo
|-activate|p1a: Dondozo|move: Poltergeist|Leftovers
|-damage|p1a: Dondozo|36/100
|-damage|p2a: Ceruledge|91/100|[from] item: Life Orb
|move|p1a: Dondozo|Curse|p1a: Dondozo
|-unboost|p1a: Dondozo|spe|1
|-boost|p1a: Dondozo|atk|1
|-boost|p1a: Dondozo|def|1
|
|-heal|p1a: Dondozo|42/100|[from] item: Leftovers
|upkeep
|turn|20
|
|t:|1760846831
|move|p2a: Ceruledge|Poltergeist|p1a: Dondozo
|-activate|p1a: Dondozo|move: Poltergeist|Leftovers
|-damage|p1a: Dondozo|9/100
|-damage|p2a: Ceruledge|81/100|[from] item: Life Orb
|move|p1a: Dondozo|Rest|p1a: Dondozo
|-status|p1a: Dondozo|slp|[from] move: Rest
|-heal|p1a: Dondozo|100/100 slp|[silent]
|
|upkeep
|turn|21
|
|t:|1760846841
|move|p2a: Ceruledge|Poltergeist|p1a: Dondozo
|-activate|p1a: Dondozo|move: Poltergeist|Leftovers
|-damage|p1a: Dondozo|69/100 slp
|-damage|p2a: Ceruledge|71/100|[from] item: Life Orb
|cant|p1a: Dondozo|slp
|
|-heal|p1a: Dondozo|76/100 slp|[from] item: Leftovers
|upkeep
|turn|22
|
|t:|1760846850
|switch|p2a: Latias|Latias, F|65/100 tox
|cant|p1a: Dondozo|slp
|
|-heal|p1a: Dondozo|82/100 slp|[from] item: Leftovers
|-damage|p2a: Latias|59/100 tox|[from] psn
|upkeep
|turn|23
|inactive|SpongeGar & Patar has 60 seconds left.
|
|t:|1760846859
|switch|p1a: Slowking|Slowking-Galar, L99, M|65/100
|move|p2a: Latias|Draco Meteor|p1a: Slowking
|-damage|p1a: Slowking|27/100
|-unboost|p2a: Latias|spa|2
|
|-damage|p2a: Latias|47/100 tox|[from] psn
|-sideend|p2: how play pkm|move: Light Screen
|upkeep
|turn|24
|
|t:|1760846869
|move|p2a: Latias|Draco Meteor|p1a: Slowking
|-damage|p1a: Slowking|10/100
|-unboost|p2a: Latias|spa|2
|-prepare|p1a: Slowking|Chilly Reception|[premajor]
|move|p1a: Slowking|Chilly Reception|p1a: Slowking
|-weather|Snowscape
|
|t:|1760846878
|switch|p1a: Kyurem|Kyurem|94/100 brn|[from] Chilly Reception
|-ability|p1a: Kyurem|Pressure
|
|-weather|Snowscape|[upkeep]
|-heal|p1a: Kyurem|100/100 brn|[from] item: Leftovers
|-damage|p2a: Latias|29/100 tox|[from] psn
|-damage|p1a: Kyurem|94/100 brn|[from] brn
|-sideend|p2: how play pkm|Reflect
|upkeep
|turn|25
|
|t:|1760846887
|switch|p1a: Slowking|Slowking-Galar, L99, M|44/100
|move|p2a: Latias|Healing Wish|p2a: Latias
|faint|p2a: Latias
|
|-weather|Snowscape|[upkeep]
|upkeep
|
|t:|1760846890
|switch|p2a: Ceruledge|Ceruledge, M, tera:Ghost|71/100
|-heal|p2a: Ceruledge|100/100|[from] move: Healing Wish
|turn|26
|
|t:|1760846899
|switch|p1a: Ting-Lu|Ting-Lu|33/100
|-ability|p1a: Ting-Lu|Vessel of Ruin
|move|p2a: Ceruledge|Poltergeist||[still]
|-fail|p2a: Ceruledge
|
|-weather|Snowscape|[upkeep]
|upkeep
|turn|27
|
|t:|1760846909
|move|p2a: Ceruledge|Swords Dance|p2a: Ceruledge
|-boost|p2a: Ceruledge|atk|2
|move|p1a: Ting-Lu|Payback|p2a: Ceruledge
|-supereffective|p2a: Ceruledge
|-damage|p2a: Ceruledge|3/100
|-ability|p2a: Ceruledge|Weak Armor|boost
|-unboost|p2a: Ceruledge|def|1
|-boost|p2a: Ceruledge|spe|2
|
|-weather|Snowscape|[upkeep]
|upkeep
|turn|28
|inactive|SpongeGar & Patar has 90 seconds left.
|
|t:|1760846918
|switch|p1a: Dondozo|Dondozo, F|82/100 slp
|move|p2a: Ceruledge|Bitter Blade|p1a: Dondozo
|-resisted|p1a: Dondozo
|-damage|p1a: Dondozo|68/100 slp
|-heal|p2a: Ceruledge|15/100|[from] drain|[of] p1a: Dondozo
|-damage|p2a: Ceruledge|5/100|[from] item: Life Orb
|
|-weather|none
|-heal|p1a: Dondozo|74/100 slp|[from] item: Leftovers
|upkeep
|turn|29
|
|t:|1760846927
|move|p2a: Ceruledge|Poltergeist|p1a: Dondozo
|-activate|p1a: Dondozo|move: Poltergeist|Leftovers
|-damage|p1a: Dondozo|27/100 slp
|-damage|p2a: Ceruledge|0 fnt|[from] item: Life Orb
|faint|p2a: Ceruledge
|-curestatus|p1a: Dondozo|slp|[msg]
|move|p1a: Dondozo|Curse|p1a: Dondozo
|-unboost|p1a: Dondozo|spe|1
|-boost|p1a: Dondozo|atk|1
|-boost|p1a: Dondozo|def|1
|
|-heal|p1a: Dondozo|33/100|[from] item: Leftovers
|upkeep
|
|t:|1760846931
|switch|p2a: Dragonite|Dragonite, M|100/100
|turn|30
|inactive|SpongeGar & Patar has 90 seconds left.
|
|t:|1760846972
|switch|p1a: Kyurem|Kyurem|94/100 brn
|-ability|p1a: Kyurem|Pressure
|move|p2a: Dragonite|Earthquake|p1a: Kyurem
|-damage|p1a: Kyurem|57/100 brn
|
|-heal|p1a: Kyurem|63/100 brn|[from] item: Leftovers
|-damage|p1a: Kyurem|57/100 brn|[from] brn
|upkeep
|turn|31
|inactive|SpongeGar & Patar has 60 seconds left.
|
|t:|1760847014
|move|p1a: Kyurem|Freeze-Dry|p2a: Dragonite
|-supereffective|p2a: Dragonite
|-damage|p2a: Dragonite|26/100
|move|p2a: Dragonite|Dragon Dance|p2a: Dragonite
|-boost|p2a: Dragonite|atk|1
|-boost|p2a: Dragonite|spe|1
|
|-heal|p1a: Kyurem|63/100 brn|[from] item: Leftovers
|-damage|p1a: Kyurem|57/100 brn|[from] brn
|upkeep
|turn|32
|
|t:|1760847021
|move|p2a: Dragonite|Earthquake|p1a: Kyurem
|-damage|p1a: Kyurem|6/100 brn
|move|p1a: Kyurem|Freeze-Dry|p2a: Dragonite
|-supereffective|p2a: Dragonite
|-damage|p2a: Dragonite|0 fnt
|faint|p2a: Dragonite
|
|win|SpongeGar & Patar
|raw|SpongeGar &amp; Patar's rating: 1737 &rarr; <strong>1753</strong><br />(+16 for winning)
|raw|how play pkm's rating: 1672 &rarr; <strong>1656</strong><br />(-16 for losing)
|l|☆SpongeGar & Patar
|player|p1|
|l|☆how play pkm
|player|p2|
