|j|☆doodoogirl69
|j|☆usucklatias
|t:|1760767605
|gametype|singles
|player|p1|doodoogirl69|266|1095
|player|p2|usucklatias|brycenman|1100
|gen|9
|tier|[Gen 9] OU
|rated|
|rule|HP Percentage Mod: HP is shown in percentages
|rule|Endless Battle Clause: Forcing endless battles is banned
|rule|Species Clause: Limit one of each Pokémon
|rule|OHKO Clause: OHKO moves are banned
|rule|Evasion Items Clause: Evasion items are banned
|rule|Evasion Moves Clause: Evasion moves are banned
|rule|Evasion Abilities Clause: Evasion abilities are banned
|rule|Sleep Moves Clause: Sleep-inducing moves are banned
|clearpoke
|poke|p1|Gallade, M|
|poke|p1|Chandelure, M|
|poke|p1|Torterra, M|
|poke|p1|Revavroom, M|
|poke|p1|Vaporeon, F|
|poke|p1|Gastrodon, M|
|poke|p2|Hoopa-Unbound|
|poke|p2|Hydrapple, M|
|poke|p2|Gliscor, M|
|poke|p2|Cinderace, M|
|poke|p2|Alomomola, F|
|poke|p2|Gholdengo|
|teampreview
|inactive|Battle timer is ON: inactive players will automatically lose when time's up. (requested by doodoogirl69)
|
|t:|1760767611
|teamsize|p1|6
|teamsize|p2|6
|start
|switch|p1a: Chandelure|Chandelure, M|100/100
|switch|p2a: Gliscor|Gliscor, M|100/100
|turn|1
|
|t:|1760767619
|move|p2a: Gliscor|Protect|p2a: Gliscor
|-singleturn|p2a: Gliscor|Protect
|move|p1a: Chandelure|Trick|p2a: Gliscor
|-activate|p2a: Gliscor|move: Protect
|
|-status|p2a: Gliscor|tox|[from] item: Toxic Orb
|upkeep
|turn|2
|
|t:|1760767627
|switch|p1a: Revavroom|Revavroom, M|100/100
|-item|p1a: Revavroom|Air Balloon
|move|p2a: Gliscor|Toxic|p1a: Revavroom
|-immune|p1a: Revavroom
|
|upkeep
|turn|3
|
|t:|1760767639
|switch|p1a: Gallade|Gallade, M|100/100
|move|p2a: Gliscor|Earthquake|p1a: Gallade
|-damage|p1a: Gallade|39/100
|
|upkeep
|turn|4
|
|t:|1760767647
|move|p1a: Gallade|Triple Axel|p2a: Gliscor
|-supereffective|p2a: Gliscor
|-damage|p2a: Gliscor|70/100 tox
|-hitcount|p2a: Gliscor|1
|move|p2a: Gliscor|Earthquake|p1a: Gallade
|-damage|p1a: Gallade|0 fnt
|faint|p1a: Gallade
|
|-heal|p2a: Gliscor|83/100 tox|[from] ability: Poison Heal
|upkeep
|
|t:|1760767664
|switch|p1a: Gastrodon|Gastrodon, M|100/100
|turn|5
|
|t:|1760767671
|move|p2a: Gliscor|Spikes|p1a: Gastrodon
|-sidestart|p1: doodoogirl69|Spikes
|move|p1a: Gastrodon|Rain Dance|p1a: Gastrodon
|-weather|RainDance
|
|-weather|RainDance|[upkeep]
|-heal|p2a: Gliscor|95/100 tox|[from] ability: Poison Heal
|upkeep
|turn|6
|
|t:|1760767679
|switch|p2a: Alomomola|Alomomola, F|100/100
|switch|p1a: Vaporeon|Vaporeon, F|100/100
|-damage|p1a: Vaporeon|88/100|[from] Spikes
|
|-weather|RainDance|[upkeep]
|-heal|p1a: Vaporeon|94/100|[from] item: Leftovers
|upkeep
|turn|7
|
|t:|1760767689
|move|p1a: Vaporeon|Acid Armor|p1a: Vaporeon
|-boost|p1a: Vaporeon|def|2
|move|p2a: Alomomola|Mirror Coat||[still]
|-fail|p2a: Alomomola
|
|-weather|RainDance|[upkeep]
|-heal|p1a: Vaporeon|100/100|[from] item: Leftovers
|upkeep
|turn|8
|
|t:|1760767697
|move|p1a: Vaporeon|Calm Mind|p1a: Vaporeon
|-boost|p1a: Vaporeon|spa|1
|-boost|p1a: Vaporeon|spd|1
|move|p2a: Alomomola|Body Slam|p1a: Vaporeon
|-damage|p1a: Vaporeon|94/100
|
|-weather|RainDance|[upkeep]
|-heal|p1a: Vaporeon|100/100|[from] item: Leftovers
|upkeep
|turn|9
|
|t:|1760767707
|switch|p2a: Hydrapple|Hydrapple, M, shiny|100/100
|move|p1a: Vaporeon|Acid Armor|p1a: Vaporeon
|-boost|p1a: Vaporeon|def|2
|
|-weather|RainDance|[upkeep]
|upkeep
|turn|10
|
|t:|1760767714
|-terastallize|p1a: Vaporeon|Fairy
|move|p1a: Vaporeon|Calm Mind|p1a: Vaporeon
|-boost|p1a: Vaporeon|spa|1
|-boost|p1a: Vaporeon|spd|1
|move|p2a: Hydrapple|Giga Drain|p1a: Vaporeon
|-damage|p1a: Vaporeon|88/100
|
|-weather|RainDance|[upkeep]
|-heal|p1a: Vaporeon|94/100|[from] item: Leftovers
|upkeep
|turn|11
|
|t:|1760767725
|switch|p2a: Gliscor|Gliscor, M|95/100 tox
|move|p1a: Vaporeon|Calm Mind|p1a: Vaporeon
|-boost|p1a: Vaporeon|spa|1
|-boost|p1a: Vaporeon|spd|1
|
|-weather|RainDance|[upkeep]
|-heal|p1a: Vaporeon|99/100|[from] item: Leftovers
|-heal|p2a: Gliscor|100/100 tox|[from] ability: Poison Heal
|upkeep
|turn|12
|
|t:|1760767736
|-terastallize|p2a: Gliscor|Fairy
|move|p2a: Gliscor|Toxic|p1a: Vaporeon
|-status|p1a: Vaporeon|tox
|move|p1a: Vaporeon|Scald|p2a: Gliscor
|-damage|p2a: Gliscor|5/100 tox
|
|-weather|none
|-heal|p1a: Vaporeon|100/100 tox|[from] item: Leftovers
|-heal|p2a: Gliscor|18/100 tox|[from] ability: Poison Heal
|-damage|p1a: Vaporeon|94/100 tox|[from] psn
|upkeep
|turn|13
|
|t:|1760767749
|move|p2a: Gliscor|Protect|p2a: Gliscor
|-singleturn|p2a: Gliscor|Protect
|move|p1a: Vaporeon|Calm Mind|p1a: Vaporeon
|-boost|p1a: Vaporeon|spa|1
|-boost|p1a: Vaporeon|spd|1
|
|-heal|p1a: Vaporeon|100/100 tox|[from] item: Leftovers
|-heal|p2a: Gliscor|30/100 tox|[from] ability: Poison Heal
|-damage|p1a: Vaporeon|88/100 tox|[from] psn
|upkeep
|turn|14
|
|t:|1760767761
|switch|p2a: Alomomola|Alomomola, F|100/100
|move|p1a: Vaporeon|Scald|p2a: Alomomola
|-resisted|p2a: Alomomola
|-damage|p2a: Alomomola|79/100
|
|-heal|p1a: Vaporeon|94/100 tox|[from] item: Leftovers
|-damage|p1a: Vaporeon|76/100 tox|[from] psn
|upkeep
|turn|15
|
|t:|1760767771
|move|p1a: Vaporeon|Stored Power|p2a: Alomomola
|-damage|p2a: Alomomola|0 fnt
|faint|p2a: Alomomola
|
|-heal|p1a: Vaporeon|82/100 tox|[from] item: Leftovers
|-damage|p1a: Vaporeon|57/100 tox|[from] psn
|upkeep
|
|t:|1760767781
|switch|p2a: Gliscor|Gliscor, M, tera:Fairy|30/100 tox
|turn|16
|
|t:|1760767785
|move|p2a: Gliscor|Protect|p2a: Gliscor
|-singleturn|p2a: Gliscor|Protect
|move|p1a: Vaporeon|Calm Mind|p1a: Vaporeon
|-boost|p1a: Vaporeon|spa|1
|-boost|p1a: Vaporeon|spd|1
|
|-heal|p1a: Vaporeon|63/100 tox|[from] item: Leftovers
|-heal|p2a: Gliscor|43/100 tox|[from] ability: Poison Heal
|-damage|p1a: Vaporeon|32/100 tox|[from] psn
|upkeep
|turn|17
|
|t:|1760767796
|move|p2a: Gliscor|Protect|p2a: Gliscor
|-singleturn|p2a: Gliscor|Protect
|move|p1a: Vaporeon|Stored Power|p2a: Gliscor
|-activate|p2a: Gliscor|move: Protect
|
|-heal|p1a: Vaporeon|39/100 tox|[from] item: Leftovers
|-heal|p2a: Gliscor|55/100 tox|[from] ability: Poison Heal
|-damage|p1a: Vaporeon|1/100 tox|[from] psn
|upkeep
|turn|18
|-message|doodoogirl69 forfeited.
|
|win|usucklatias
|raw|doodoogirl69's rating: 1095 &rarr; <strong>1071</strong><br />(-24 for losing)
|raw|usucklatias's rating: 1100 &rarr; <strong>1125</strong><br />(+25 for winning)
|l|☆doodoogirl69
|player|p1|
|l|☆usucklatias
|player|p2|
