|j|☆splogop
|j|☆SuceurDeFildrong
|t:|1760865231
|gametype|singles
|player|p1|splogop|169|1517
|player|p2|SuceurDeFildrong|101|1511
|gen|9
|tier|[Gen 9] OU
|rated|
|rule|HP Percentage Mod: HP is shown in percentages
|rule|Endless Battle Clause: Forcing endless battles is banned
|rule|Species Clause: Limit one of each Pokémon
|rule|OHKO Clause: OHKO moves are banned
|rule|Evasion Items Clause: Evasion items are banned
|rule|Evasion Moves Clause: Evasion moves are banned
|rule|Evasion Abilities Clause: Evasion abilities are banned
|rule|Sleep Moves Clause: Sleep-inducing moves are banned
|clearpoke
|poke|p1|Skarmory, F|
|poke|p1|Hatterene, F|
|poke|p1|Dragapult, M|
|poke|p1|Samurott-Hisui, F|
|poke|p1|Weezing-Galar, F|
|poke|p1|Landorus-Therian, M|
|poke|p2|Garchomp, M|
|poke|p2|Greninja-*, M|
|poke|p2|Dragonite, M|
|poke|p2|Sandy Shocks|
|poke|p2|Iron Valiant|
|poke|p2|Kingambit, M|
|teampreview
|l|☆SuceurDeFildrong
|player|p2|
|j|☆SuceurDeFildrong
|player|p2|SuceurDeFildrong|101|
|inactive|Battle timer is ON: inactive players will automatically lose when time's up. (requested by SuceurDeFildrong)
|
|t:|1760865254
|teamsize|p1|6
|teamsize|p2|6
|start
|switch|p1a: Hatterene|Hatterene, F|100/100
|switch|p2a: Garchomp|Garchomp, M|100/100
|-item|p1a: Hatterene|Air Balloon
|turn|1
|
|t:|1760865260
|switch|p2a: Kingambit|Kingambit, M|100/100
|move|p1a: Hatterene|Dazzling Gleam|p2a: Kingambit
|-damage|p2a: Kingambit|61/100
|
|upkeep
|turn|2
|
|t:|1760865266
|switch|p1a: Landorus|Landorus-Therian, M|100/100
|-ability|p1a: Landorus|Intimidate|boost
|-unboost|p2a: Kingambit|atk|1
|move|p2a: Kingambit|Iron Head|p1a: Landorus
|-damage|p1a: Landorus|61/100
|
|upkeep
|turn|3
|
|t:|1760865273
|-end|p2a: Kingambit|fallenundefined|[silent]
|switch|p2a: Garchomp|Garchomp, M|100/100
|move|p1a: Landorus|Stealth Rock|p2a: Garchomp
|-sidestart|p2: SuceurDeFildrong|move: Stealth Rock
|
|upkeep
|turn|4
|
|t:|1760865277
|switch|p1a: Hatterene|Hatterene, F|100/100
|-item|p1a: Hatterene|Air Balloon
|switch|p2a: Kingambit|Kingambit, M|61/100
|-damage|p2a: Kingambit|55/100|[from] Stealth Rock
|
|upkeep
|turn|5
|
|t:|1760865285
|switch|p1a: Samurott|Samurott-Hisui, F|100/100
|move|p2a: Kingambit|Iron Head|p1a: Samurott
|-resisted|p1a: Samurott
|-damage|p1a: Samurott|70/100
|
|upkeep
|turn|6
|
|t:|1760865291
|-end|p2a: Kingambit|fallenundefined|[silent]
|switch|p2a: Garchomp|Garchomp, M|100/100
|-damage|p2a: Garchomp|94/100|[from] Stealth Rock
|move|p1a: Samurott|Ceaseless Edge|p2a: Garchomp
|-damage|p2a: Garchomp|64/100
|-damage|p1a: Samurott|58/100|[from] ability: Rough Skin|[of] p2a: Garchomp
|-damage|p1a: Samurott|41/100|[from] item: Rocky Helmet|[of] p2a: Garchomp
|-sidestart|p2: SuceurDeFildrong|Spikes
|
|upkeep
|turn|7
|
|t:|1760865301
|switch|p1a: Hatterene|Hatterene, F|100/100
|-item|p1a: Hatterene|Air Balloon
|move|p2a: Garchomp|Stealth Rock|p1a: Hatterene
|move|p1a: Hatterene|Stealth Rock||[from] ability: Magic Bounce|[still]
|-fail|p1a: Hatterene
|
|upkeep
|turn|8
|
|t:|1760865307
|switch|p2a: Kingambit|Kingambit, M|55/100
|-damage|p2a: Kingambit|49/100|[from] Stealth Rock
|-damage|p2a: Kingambit|37/100|[from] Spikes
|move|p1a: Hatterene|Dazzling Gleam|p2a: Kingambit
|-damage|p2a: Kingambit|0 fnt
|faint|p2a: Kingambit
|-end|p2a: Kingambit|fallenundefined|[silent]
|
|upkeep
|
|t:|1760865316
|switch|p2a: Sandy Shocks|Sandy Shocks|100/100
|-damage|p2a: Sandy Shocks|94/100|[from] Stealth Rock
|-damage|p2a: Sandy Shocks|82/100|[from] Spikes
|-enditem|p2a: Sandy Shocks|Booster Energy
|-activate|p2a: Sandy Shocks|ability: Protosynthesis|[fromitem]
|-start|p2a: Sandy Shocks|protosynthesisspe
|turn|9
|c|☆splogop|rough start
|
|t:|1760865325
|switch|p1a: Landorus|Landorus-Therian, M|61/100
|-ability|p1a: Landorus|Intimidate|boost
|-unboost|p2a: Sandy Shocks|atk|1
|move|p2a: Sandy Shocks|Thunderbolt|p1a: Landorus
|-immune|p1a: Landorus
|
|upkeep
|turn|10
|
|t:|1760865334
|-terastallize|p2a: Sandy Shocks|Ice
|move|p2a: Sandy Shocks|Tera Blast|p1a: Landorus|[anim] Tera Blast Ice
|-supereffective|p1a: Landorus
|-damage|p1a: Landorus|0 fnt
|faint|p1a: Landorus
|
|upkeep
|
|t:|1760865362
|switch|p1a: Hatterene|Hatterene, F|100/100
|-item|p1a: Hatterene|Air Balloon
|turn|11
|
|t:|1760865371
|move|p2a: Sandy Shocks|Thunderbolt|p1a: Hatterene
|-damage|p1a: Hatterene|57/100
|-enditem|p1a: Hatterene|Air Balloon
|move|p1a: Hatterene|Nuzzle|p2a: Sandy Shocks
|-damage|p2a: Sandy Shocks|77/100
|-status|p2a: Sandy Shocks|par
|
|upkeep
|turn|12
|
|t:|1760865374
|move|p2a: Sandy Shocks|Thunderbolt|p1a: Hatterene
|-damage|p1a: Hatterene|13/100
|move|p1a: Hatterene|Dazzling Gleam|p2a: Sandy Shocks
|-damage|p2a: Sandy Shocks|34/100 par
|
|upkeep
|turn|13
|
|t:|1760865392
|move|p2a: Sandy Shocks|Tera Blast|p1a: Hatterene|[anim] Tera Blast Ice
|-damage|p1a: Hatterene|0 fnt
|faint|p1a: Hatterene
|
|upkeep
|
|t:|1760865394
|switch|p1a: Samurott|Samurott-Hisui, F|41/100
|turn|14
|
|t:|1760865399
|move|p1a: Samurott|Ceaseless Edge|p2a: Sandy Shocks
|-damage|p2a: Sandy Shocks|0 fnt
|-sidestart|p2: SuceurDeFildrong|Spikes
|faint|p2a: Sandy Shocks
|-end|p2a: Sandy Shocks|Protosynthesis|[silent]
|
|upkeep
|
|t:|1760865401
|switch|p2a: Garchomp|Garchomp, M|64/100
|-damage|p2a: Garchomp|57/100|[from] Stealth Rock
|-damage|p2a: Garchomp|41/100|[from] Spikes
|turn|15
|
|t:|1760865407
|move|p2a: Garchomp|Stealth Rock|p1a: Samurott
|-sidestart|p1: splogop|move: Stealth Rock
|move|p1a: Samurott|Ceaseless Edge|p2a: Garchomp|[miss]
|-miss|p1a: Samurott|p2a: Garchomp
|
|upkeep
|turn|16
|
|t:|1760865419
|move|p2a: Garchomp|Spikes|p1a: Samurott
|-sidestart|p1: splogop|Spikes
|move|p1a: Samurott|Ceaseless Edge|p2a: Garchomp
|-damage|p2a: Garchomp|8/100
|-damage|p1a: Samurott|29/100|[from] ability: Rough Skin|[of] p2a: Garchomp
|-damage|p1a: Samurott|12/100|[from] item: Rocky Helmet|[of] p2a: Garchomp
|-sidestart|p2: SuceurDeFildrong|Spikes
|
|upkeep
|turn|17
|
|t:|1760865425
|move|p1a: Samurott|Aqua Jet|p2a: Garchomp
|-damage|p2a: Garchomp|0 fnt
|-damage|p1a: Samurott|0 fnt|[from] ability: Rough Skin|[of] p2a: Garchomp
|faint|p2a: Garchomp
|faint|p1a: Samurott
|
|upkeep
|
|t:|1760865446
|switch|p2a: Greninja|Greninja, M|100/100
|switch|p1a: Mega skarm|Skarmory, F|100/100
|-damage|p2a: Greninja|88/100|[from] Stealth Rock
|-damage|p2a: Greninja|63/100|[from] Spikes
|-damage|p1a: Mega skarm|88/100|[from] Stealth Rock
|turn|18
|
|t:|1760865461
|move|p2a: Greninja|Dark Pulse|p1a: Mega skarm
|-damage|p1a: Mega skarm|12/100
|-damage|p2a: Greninja|53/100|[from] item: Life Orb
|cant|p1a: Mega skarm|flinch
|
|-heal|p1a: Mega skarm|18/100|[from] item: Leftovers
|upkeep
|turn|19
|c|☆splogop|bruh
|
|t:|1760865473
|switch|p1a: Weezing|Weezing-Galar, F|100/100
|-ability|p1a: Weezing|Neutralizing Gas
|move|p2a: Greninja|Surf|p1a: Weezing
|-damage|p1a: Weezing|35/100
|-damage|p2a: Greninja|44/100|[from] item: Life Orb
|
|upkeep
|turn|20
|
|t:|1760865483
|move|p2a: Greninja|Surf|p1a: Weezing
|-damage|p1a: Weezing|0 fnt
|faint|p1a: Weezing
|-end|p1a: Weezing|ability: Neutralizing Gas
|-ability|p2a: Greninja|Battle Bond|boost
|-boost|p2a: Greninja|atk|1
|-boost|p2a: Greninja|spa|1
|-boost|p2a: Greninja|spe|1
|-activate|p2a: Greninja|ability: Battle Bond
|-damage|p2a: Greninja|34/100|[from] item: Life Orb
|
|upkeep
|c|☆splogop|that flinch man
|
|t:|1760865503
|switch|p1a: Dragapult|Dragapult, M|100/100
|-damage|p1a: Dragapult|88/100|[from] Stealth Rock
|-damage|p1a: Dragapult|76/100|[from] Spikes
|turn|21
|
|t:|1760865512
|-terastallize|p1a: Dragapult|Fairy
|move|p2a: Greninja|Dark Pulse|p1a: Dragapult
|-resisted|p1a: Dragapult
|-damage|p1a: Dragapult|27/100
|-damage|p2a: Greninja|24/100|[from] item: Life Orb
|move|p1a: Dragapult|Dragon Darts|p2a: Greninja
|-damage|p2a: Greninja|0 fnt
|faint|p2a: Greninja
|
|-heal|p1a: Dragapult|33/100|[from] item: Leftovers
|upkeep
|
|t:|1760865517
|switch|p2a: Iron Valiant|Iron Valiant|100/100
|-damage|p2a: Iron Valiant|94/100|[from] Stealth Rock
|-damage|p2a: Iron Valiant|69/100|[from] Spikes
|-enditem|p2a: Iron Valiant|Booster Energy
|-activate|p2a: Iron Valiant|ability: Quark Drive|[fromitem]
|-start|p2a: Iron Valiant|quarkdrivespe
|turn|22
|
|t:|1760865526
|move|p2a: Iron Valiant|Moonblast|p1a: Dragapult
|-damage|p1a: Dragapult|0 fnt
|faint|p1a: Dragapult
|
|upkeep
|-message|splogop forfeited.
|
|win|SuceurDeFildrong
|raw|splogop's rating: 1517 &rarr; <strong>1497</strong><br />(-20 for losing)
|raw|SuceurDeFildrong's rating: 1511 &rarr; <strong>1531</strong><br />(+20 for winning)
|l|☆splogop
|player|p1|
|l|☆SuceurDeFildrong
|player|p2|
