|j|☆NotFunnyIsAlive
|j|☆asde444
|t:|1760737936
|gametype|singles
|player|p1|NotFunnyIsAlive|youngster-gen4dp|1127
|player|p2|asde444|265|1077
|gen|9
|tier|[Gen 9] OU
|rated|
|rule|HP Percentage Mod: HP is shown in percentages
|rule|Endless Battle Clause: Forcing endless battles is banned
|rule|Species Clause: Limit one of each Pokémon
|rule|OHKO Clause: OHKO moves are banned
|rule|Evasion Items Clause: Evasion items are banned
|rule|Evasion Moves Clause: Evasion moves are banned
|rule|Evasion Abilities Clause: Evasion abilities are banned
|rule|Sleep Moves Clause: Sleep-inducing moves are banned
|clearpoke
|poke|p1|Dragapult, M|
|poke|p1|Ogerpon-Wellspring, F|
|poke|p1|Great Tusk|
|poke|p1|Slowking-Galar, F|
|poke|p1|Landorus-Therian, M|
|poke|p1|Kingambit, M|
|poke|p2|Gliscor, F|
|poke|p2|Weavile, M|
|poke|p2|Reuniclus, F|
|poke|p2|Muk, M|
|poke|p2|Alomomola, F|
|poke|p2|Vileplume, M|
|teampreview
|
|t:|1760737964
|teamsize|p1|6
|teamsize|p2|6
|start
|switch|p1a: Great Tusk|Great Tusk|100/100
|switch|p2a: Gliscor|Gliscor, F|100/100
|turn|1
|inactive|Battle timer is ON: inactive players will automatically lose when time's up. (requested by asde444)
|
|t:|1760737972
|move|p2a: Gliscor|Protect|p2a: Gliscor
|-singleturn|p2a: Gliscor|Protect
|move|p1a: Great Tusk|Ice Spinner|p2a: Gliscor
|-activate|p2a: Gliscor|move: Protect
|
|-status|p2a: Gliscor|tox|[from] item: Toxic Orb
|upkeep
|turn|2
|
|t:|1760737977
|switch|p2a: Alomomola|Alomomola, F|100/100
|move|p1a: Great Tusk|Ice Spinner|p2a: Alomomola
|-resisted|p2a: Alomomola
|-damage|p2a: Alomomola|92/100
|
|upkeep
|turn|3
|
|t:|1760737983
|-end|p1a: Great Tusk|Protosynthesis|[silent]
|switch|p1a: Ogerpon|Ogerpon-Wellspring, F|100/100
|move|p2a: Alomomola|Flip Turn|p1a: Ogerpon
|-immune|p1a: Ogerpon|[from] ability: Water Absorb
|
|upkeep
|turn|4
|
|t:|1760737988
|switch|p2a: Vileplume|Vileplume, M|100/100
|move|p1a: Ogerpon|Knock Off|p2a: Vileplume
|-damage|p2a: Vileplume|73/100
|-enditem|p2a: Vileplume|Heavy-Duty Boots|[from] move: Knock Off|[of] p1a: Ogerpon
|
|upkeep
|turn|5
|
|t:|1760737999
|move|p1a: Ogerpon|Spikes|p2a: Vileplume
|-sidestart|p2: asde444|Spikes
|move|p2a: Vileplume|Sludge Bomb|p1a: Ogerpon
|-supereffective|p1a: Ogerpon
|-damage|p1a: Ogerpon|22/100
|
|upkeep
|turn|6
|
|t:|1760738004
|move|p1a: Ogerpon|U-turn|p2a: Vileplume
|-damage|p2a: Vileplume|50/100
|
|t:|1760738010
|switch|p1a: Kingambit|Kingambit, M|100/100|[from] U-turn
|move|p2a: Vileplume|Sludge Bomb|p1a: Kingambit
|-immune|p1a: Kingambit
|
|upkeep
|turn|7
|
|t:|1760738020
|move|p1a: Kingambit|Iron Head|p2a: Vileplume
|-damage|p2a: Vileplume|15/100
|move|p2a: Vileplume|Strength Sap|p1a: Kingambit
|-unboost|p1a: Kingambit|atk|1
|-heal|p2a: Vileplume|100/100
|
|upkeep
|turn|8
|
|t:|1760738032
|-end|p1a: Kingambit|fallenundefined|[silent]
|switch|p1a: Dragapult|Dragapult, M|100/100
|move|p2a: Vileplume|Leech Seed|p1a: Dragapult
|-start|p1a: Dragapult|move: Leech Seed
|
|-damage|p1a: Dragapult|88/100|[from] Leech Seed|[of] p2a: Vileplume
|upkeep
|turn|9
|
|t:|1760738039
|switch|p2a: Gliscor|Gliscor, F|100/100 tox
|move|p1a: Dragapult|Flamethrower|p2a: Gliscor
|-damage|p2a: Gliscor|67/100 tox
|
|-damage|p1a: Dragapult|76/100|[from] Leech Seed|[of] p2a: Gliscor
|-heal|p2a: Gliscor|78/100 tox|[silent]
|-heal|p2a: Gliscor|90/100 tox|[from] ability: Poison Heal
|upkeep
|turn|10
|
|t:|1760738047
|switch|p1a: Landorus|Landorus-Therian, M|100/100
|-ability|p1a: Landorus|Intimidate|boost
|-unboost|p2a: Gliscor|atk|1
|move|p2a: Gliscor|Earthquake|p1a: Landorus
|-immune|p1a: Landorus
|
|-heal|p2a: Gliscor|100/100 tox|[from] ability: Poison Heal
|upkeep
|turn|11
|
|t:|1760738054
|move|p1a: Landorus|Taunt|p2a: Gliscor
|-start|p2a: Gliscor|move: Taunt
|cant|p2a: Gliscor|move: Taunt|Toxic
|
|upkeep
|turn|12
|
|t:|1760738059
|switch|p2a: Alomomola|Alomomola, F|100/100
|move|p1a: Landorus|U-turn|p2a: Alomomola
|-damage|p2a: Alomomola|89/100
|
|t:|1760738076
|switch|p1a: Ogerpon|Ogerpon-Wellspring, F|22/100|[from] U-turn
|
|upkeep
|turn|13
|
|t:|1760738084
|switch|p2a: Vileplume|Vileplume, M|100/100
|-damage|p2a: Vileplume|88/100|[from] Spikes
|move|p1a: Ogerpon|Knock Off|p2a: Vileplume
|-damage|p2a: Vileplume|69/100
|
|upkeep
|turn|14
|
|t:|1760738094
|move|p1a: Ogerpon|U-turn|p2a: Vileplume
|-damage|p2a: Vileplume|47/100
|
|t:|1760738097
|switch|p1a: Slowking|Slowking-Galar, F|100/100|[from] U-turn
|move|p2a: Vileplume|Giga Drain|p1a: Slowking
|-resisted|p1a: Slowking
|-damage|p1a: Slowking|93/100
|-heal|p2a: Vileplume|51/100|[from] drain|[of] p1a: Slowking
|
|upkeep
|turn|15
|
|t:|1760738108
|move|p2a: Vileplume|Strength Sap|p1a: Slowking
|-unboost|p1a: Slowking|atk|1
|-heal|p2a: Vileplume|89/100
|move|p1a: Slowking|Future Sight|p2a: Vileplume
|-start|p1a: Slowking|move: Future Sight
|
|upkeep
|turn|16
|
|t:|1760738117
|switch|p2a: Gliscor|Gliscor, F|100/100 tox
|move|p1a: Slowking|Thunder Wave|p2a: Gliscor
|-immune|p2a: Gliscor
|
|upkeep
|turn|17
|
|t:|1760738128
|switch|p1a: Landorus|Landorus-Therian, M|100/100
|-ability|p1a: Landorus|Intimidate|boost
|-unboost|p2a: Gliscor|atk|1
|move|p2a: Gliscor|Protect||[still]
|-fail|p2a: Gliscor
|
|-end|p2a: Gliscor|move: Future Sight
|-damage|p2a: Gliscor|66/100 tox
|-heal|p2a: Gliscor|78/100 tox|[from] ability: Poison Heal
|upkeep
|turn|18
|
|t:|1760738141
|move|p2a: Gliscor|Protect|p2a: Gliscor
|-singleturn|p2a: Gliscor|Protect
|move|p1a: Landorus|Taunt|p2a: Gliscor
|-activate|p2a: Gliscor|move: Protect
|
|-heal|p2a: Gliscor|91/100 tox|[from] ability: Poison Heal
|upkeep
|turn|19
|
|t:|1760738154
|switch|p2a: Weavile|Weavile, M|100/100
|-ability|p2a: Weavile|Pressure
|move|p1a: Landorus|Taunt|p2a: Weavile
|-start|p2a: Weavile|move: Taunt
|
|upkeep
|turn|20
|
|t:|1760738163
|move|p2a: Weavile|Triple Axel|p1a: Landorus
|-supereffective|p1a: Landorus
|-damage|p1a: Landorus|65/100
|-supereffective|p1a: Landorus
|-damage|p1a: Landorus|0 fnt
|faint|p1a: Landorus
|-hitcount|p1: Landorus|2
|
|upkeep
|
|t:|1760738176
|switch|p1a: Dragapult|Dragapult, M|76/100
|turn|21
|
|t:|1760738182
|switch|p2a: Alomomola|Alomomola, F|100/100
|move|p1a: Dragapult|Flamethrower|p2a: Alomomola
|-resisted|p2a: Alomomola
|-damage|p2a: Alomomola|84/100
|
|upkeep
|turn|22
|
|t:|1760738195
|switch|p1a: Ogerpon|Ogerpon-Wellspring, F|22/100
|switch|p2a: Weavile|Weavile, M|100/100
|-ability|p2a: Weavile|Pressure
|
|upkeep
|turn|23
|
|t:|1760738208
|switch|p1a: Slowking|Slowking-Galar, F|100/100
|move|p2a: Weavile|Knock Off|p1a: Slowking
|-supereffective|p1a: Slowking
|-damage|p1a: Slowking|0 fnt
|-enditem|p1a: Slowking|Heavy-Duty Boots|[from] move: Knock Off|[of] p2a: Weavile
|faint|p1a: Slowking
|
|upkeep
|
|t:|1760738219
|switch|p1a: Dragapult|Dragapult, M|76/100
|turn|24
|
|t:|1760738223
|switch|p2a: Gliscor|Gliscor, F|91/100 tox
|move|p1a: Dragapult|Flamethrower|p2a: Gliscor
|-damage|p2a: Gliscor|56/100 tox
|
|-heal|p2a: Gliscor|68/100 tox|[from] ability: Poison Heal
|upkeep
|turn|25
|
|t:|1760738233
|switch|p1a: Great Tusk|Great Tusk|100/100
|move|p2a: Gliscor|Toxic|p1a: Great Tusk
|-status|p1a: Great Tusk|tox
|
|-damage|p1a: Great Tusk|94/100 tox|[from] psn
|-heal|p2a: Gliscor|80/100 tox|[from] ability: Poison Heal
|upkeep
|turn|26
|
|t:|1760738240
|switch|p2a: Alomomola|Alomomola, F|100/100
|move|p1a: Great Tusk|Stealth Rock|p2a: Alomomola
|-sidestart|p2: asde444|move: Stealth Rock
|
|-damage|p1a: Great Tusk|82/100 tox|[from] psn
|upkeep
|turn|27
|
|t:|1760738249
|-end|p1a: Great Tusk|Protosynthesis|[silent]
|switch|p1a: Ogerpon|Ogerpon-Wellspring, F|22/100
|move|p2a: Alomomola|Flip Turn|p1a: Ogerpon
|-heal|p1a: Ogerpon|47/100|[from] ability: Water Absorb|[of] p2a: Alomomola
|
|upkeep
|turn|28
|
|t:|1760738258
|switch|p2a: Vileplume|Vileplume, M|89/100
|-damage|p2a: Vileplume|77/100|[from] Spikes
|-damage|p2a: Vileplume|64/100|[from] Stealth Rock
|move|p1a: Ogerpon|Knock Off|p2a: Vileplume
|-damage|p2a: Vileplume|44/100
|
|upkeep
|turn|29
|
|t:|1760738263
|move|p1a: Ogerpon|U-turn|p2a: Vileplume
|-damage|p2a: Vileplume|21/100
|
|t:|1760738268
|switch|p1a: Dragapult|Dragapult, M|76/100|[from] U-turn
|move|p2a: Vileplume|Strength Sap|p1a: Dragapult
|-unboost|p1a: Dragapult|atk|1
|-heal|p2a: Vileplume|91/100
|
|upkeep
|turn|30
|
|t:|1760738272
|switch|p2a: Gliscor|Gliscor, F|80/100 tox
|-damage|p2a: Gliscor|68/100 tox|[from] Stealth Rock
|move|p1a: Dragapult|Flamethrower|p2a: Gliscor
|-damage|p2a: Gliscor|37/100 tox
|
|-heal|p2a: Gliscor|49/100 tox|[from] ability: Poison Heal
|upkeep
|turn|31
|
|t:|1760738282
|switch|p1a: Ogerpon|Ogerpon-Wellspring, F|47/100
|move|p2a: Gliscor|Earthquake|p1a: Ogerpon
|-resisted|p1a: Ogerpon
|-damage|p1a: Ogerpon|24/100
|
|-heal|p2a: Gliscor|62/100 tox|[from] ability: Poison Heal
|upkeep
|turn|32
|
|t:|1760738293
|switch|p2a: Muk|Muk, M|100/100
|move|p1a: Ogerpon|Ivy Cudgel|p2a: Muk|[anim] Ivy Cudgel Water
|-damage|p2a: Muk|60/100
|
|upkeep
|turn|33
|
|t:|1760738305
|move|p1a: Ogerpon|U-turn|p2a: Muk
|-resisted|p2a: Muk
|-damage|p2a: Muk|50/100
|
|t:|1760738308
|switch|p1a: Great Tusk|Great Tusk|82/100 tox|[from] U-turn
|move|p2a: Muk|Poison Jab|p1a: Great Tusk
|-resisted|p1a: Great Tusk
|-damage|p1a: Great Tusk|71/100 tox
|
|-damage|p1a: Great Tusk|64/100 tox|[from] psn
|upkeep
|turn|34
|
|t:|1760738322
|switch|p2a: Vileplume|Vileplume, M|91/100
|-damage|p2a: Vileplume|79/100|[from] Spikes
|-damage|p2a: Vileplume|66/100|[from] Stealth Rock
|move|p1a: Great Tusk|Headlong Rush|p2a: Vileplume
|-damage|p2a: Vileplume|20/100
|-unboost|p1a: Great Tusk|def|1
|-unboost|p1a: Great Tusk|spd|1
|
|-damage|p1a: Great Tusk|52/100 tox|[from] psn
|upkeep
|turn|35
|
|t:|1760738333
|move|p1a: Great Tusk|Ice Spinner|p2a: Vileplume
|-supereffective|p2a: Vileplume
|-damage|p2a: Vileplume|0 fnt
|faint|p2a: Vileplume
|
|-damage|p1a: Great Tusk|33/100 tox|[from] psn
|upkeep
|
|t:|1760738335
|switch|p2a: Weavile|Weavile, M|100/100
|-ability|p2a: Weavile|Pressure
|turn|36
|
|t:|1760738353
|move|p2a: Weavile|Triple Axel|p1a: Great Tusk
|-supereffective|p1a: Great Tusk
|-damage|p1a: Great Tusk|10/100 tox
|-supereffective|p1a: Great Tusk
|-damage|p1a: Great Tusk|0 fnt
|faint|p1a: Great Tusk
|-end|p1a: Great Tusk|Protosynthesis|[silent]
|-hitcount|p1: Great Tusk|2
|
|upkeep
|
|t:|1760738357
|switch|p1a: Dragapult|Dragapult, M|76/100
|turn|37
|
|t:|1760738367
|switch|p2a: Alomomola|Alomomola, F|100/100
|move|p1a: Dragapult|U-turn|p2a: Alomomola
|-damage|p2a: Alomomola|90/100
|
|t:|1760738372
|switch|p1a: Ogerpon|Ogerpon-Wellspring, F|24/100|[from] U-turn
|
|upkeep
|turn|38
|
|t:|1760738382
|switch|p2a: Reuniclus|Reuniclus, F|100/100
|move|p1a: Ogerpon|Knock Off|p2a: Reuniclus
|-supereffective|p2a: Reuniclus
|-damage|p2a: Reuniclus|46/100
|-enditem|p2a: Reuniclus|Leftovers|[from] move: Knock Off|[of] p1a: Ogerpon
|
|upkeep
|turn|39
|
|t:|1760738393
|move|p1a: Ogerpon|Ivy Cudgel|p2a: Reuniclus|[anim] Ivy Cudgel Water
|-damage|p2a: Reuniclus|3/100
|move|p2a: Reuniclus|Psychic Noise|p1a: Ogerpon
|-damage|p1a: Ogerpon|0 fnt
|faint|p1a: Ogerpon
|
|upkeep
|
|t:|1760738405
|switch|p1a: Dragapult|Dragapult, M|76/100
|turn|40
|
|t:|1760738415
|move|p1a: Dragapult|U-turn|p2a: Reuniclus
|-supereffective|p2a: Reuniclus
|-damage|p2a: Reuniclus|0 fnt
|faint|p2a: Reuniclus
|
|t:|1760738417
|switch|p1a: Kingambit|Kingambit, M|100/100|[from] U-turn
|-activate|p1a: Kingambit|ability: Supreme Overlord
|-start|p1a: Kingambit|fallen4|[silent]
|
|upkeep
|
|t:|1760738438
|switch|p2a: Muk|Muk, M|50/100
|turn|41
|
|t:|1760738448
|-terastallize|p1a: Kingambit|Ghost
|move|p1a: Kingambit|Swords Dance|p1a: Kingambit
|-boost|p1a: Kingambit|atk|2
|move|p2a: Muk|Drain Punch|p1a: Kingambit
|-immune|p1a: Kingambit
|
|upkeep
|turn|42
|-message|asde444 forfeited.
|
|win|NotFunnyIsAlive
|raw|NotFunnyIsAlive's rating: 1127 &rarr; <strong>1148</strong><br />(+21 for winning)
|raw|asde444's rating: 1077 &rarr; <strong>1059</strong><br />(-18 for losing)
|l|☆NotFunnyIsAlive
|player|p1|
|l|☆asde444
|player|p2|
|j|☆asde444
|player|p2|asde444|265|
|l|☆asde444
|player|p2|
