|j|☆Free6lackpanther
|j|☆lousiv
|t:|1760848537
|gametype|singles
|player|p1|Free6lackpanther|2|1185
|player|p2|lousiv|ltsurge|1154
|gen|9
|tier|[Gen 9] OU
|rated|
|rule|HP Percentage Mod: HP is shown in percentages
|rule|Endless Battle Clause: Forcing endless battles is banned
|rule|Species Clause: Limit one of each Pokémon
|rule|OHKO Clause: OHKO moves are banned
|rule|Evasion Items Clause: Evasion items are banned
|rule|Evasion Moves Clause: Evasion moves are banned
|rule|Evasion Abilities Clause: Evasion abilities are banned
|rule|Sleep Moves Clause: Sleep-inducing moves are banned
|clearpoke
|poke|p1|Ogerpon-Wellspring, F|
|poke|p1|Rotom-Wash|
|poke|p1|Scizor, F|
|poke|p1|Zapdos|
|poke|p1|Tyranitar, F|
|poke|p1|Ninetales-Alola, F|
|poke|p2|Krookodile, F|
|poke|p2|Azumarill, F|
|poke|p2|Goodra-Hisui, M|
|poke|p2|Dusknoir, F|
|poke|p2|Great Tusk|
|poke|p2|Reuniclus, M|
|teampreview
|inactive|Battle timer is ON: inactive players will automatically lose when time's up. (requested by Free6lackpanther)
|
|t:|1760848559
|teamsize|p1|6
|teamsize|p2|6
|start
|switch|p1a: Rotom|Rotom-Wash|100/100
|switch|p2a: Goodra|Goodra-Hisui, M|100/100
|turn|1
|
|t:|1760848568
|move|p1a: Rotom|Volt Switch|p2a: Goodra
|-resisted|p2a: Goodra
|-damage|p2a: Goodra|95/100
|
|t:|1760848573
|switch|p1a: Scizor|Scizor, F|100/100|[from] Volt Switch
|move|p2a: Goodra|Draco Meteor|p1a: Scizor
|-resisted|p1a: Scizor
|-damage|p1a: Scizor|62/100
|-unboost|p2a: Goodra|spa|2
|
|-heal|p1a: Scizor|68/100|[from] item: Leftovers
|upkeep
|turn|2
|
|t:|1760848586
|move|p1a: Scizor|Knock Off|p2a: Goodra
|-damage|p2a: Goodra|62/100
|-enditem|p2a: Goodra|Assault Vest|[from] move: Knock Off|[of] p1a: Scizor
|move|p2a: Goodra|Flamethrower|p1a: Scizor
|-supereffective|p1a: Scizor
|-damage|p1a: Scizor|0 fnt
|faint|p1a: Scizor
|
|upkeep
|
|t:|1760848595
|switch|p1a: Ninetales|Ninetales-Alola, F|100/100
|-weather|Snowscape|[from] ability: Snow Warning|[of] p1a: Ninetales
|turn|3
|
|t:|1760848600
|move|p1a: Ninetales|Aurora Veil|p1a: Ninetales
|-sidestart|p1: Free6lackpanther|move: Aurora Veil
|move|p2a: Goodra|Flash Cannon|p1a: Ninetales
|-supereffective|p1a: Ninetales
|-damage|p1a: Ninetales|48/100
|
|-weather|Snowscape|[upkeep]
|upkeep
|turn|4
|
|t:|1760848613
|switch|p1a: Tyranitar|Tyranitar, F|100/100
|-weather|Sandstorm|[from] ability: Sand Stream|[of] p1a: Tyranitar
|switch|p2a: Dusknoir|Dusknoir, F|100/100
|-ability|p2a: Dusknoir|Pressure
|
|-weather|Sandstorm|[upkeep]
|-damage|p2a: Dusknoir|94/100|[from] Sandstorm
|-heal|p2a: Dusknoir|100/100|[from] item: Leftovers
|upkeep
|turn|5
|
|t:|1760848626
|move|p1a: Tyranitar|Dragon Dance|p1a: Tyranitar
|-boost|p1a: Tyranitar|atk|1
|-boost|p1a: Tyranitar|spe|1
|move|p2a: Dusknoir|Will-O-Wisp|p1a: Tyranitar|[miss]
|-miss|p2a: Dusknoir|p1a: Tyranitar
|
|-weather|Sandstorm|[upkeep]
|-damage|p2a: Dusknoir|94/100|[from] Sandstorm
|-heal|p2a: Dusknoir|100/100|[from] item: Leftovers
|upkeep
|turn|6
|
|t:|1760848636
|move|p1a: Tyranitar|Knock Off|p2a: Dusknoir
|-supereffective|p2a: Dusknoir
|-crit|p2a: Dusknoir
|-damage|p2a: Dusknoir|0 fnt
|-enditem|p2a: Dusknoir|Leftovers|[from] move: Knock Off|[of] p1a: Tyranitar
|faint|p2a: Dusknoir
|
|-weather|Sandstorm|[upkeep]
|upkeep
|
|t:|1760848644
|switch|p2a: Krookodile|Krookodile, F|100/100
|-ability|p2a: Krookodile|Intimidate|boost
|-unboost|p1a: Tyranitar|atk|1
|turn|7
|
|t:|1760848651
|switch|p1a: Rotom|Rotom-Wash|100/100
|move|p2a: Krookodile|Stealth Rock|p1a: Rotom
|-sidestart|p1: Free6lackpanther|move: Stealth Rock
|
|-weather|Sandstorm|[upkeep]
|-damage|p1a: Rotom|94/100|[from] Sandstorm
|-heal|p1a: Rotom|100/100|[from] item: Leftovers
|upkeep
|turn|8
|
|t:|1760848660
|move|p2a: Krookodile|Knock Off|p1a: Rotom
|-damage|p1a: Rotom|83/100
|-enditem|p1a: Rotom|Leftovers|[from] move: Knock Off|[of] p2a: Krookodile
|move|p1a: Rotom|Will-O-Wisp|p2a: Krookodile
|-status|p2a: Krookodile|brn
|
|-weather|none
|-damage|p2a: Krookodile|94/100 brn|[from] brn
|upkeep
|turn|9
|
|t:|1760848675
|switch|p2a: Goodra|Goodra-Hisui, M|62/100
|move|p1a: Rotom|Hydro Pump|p2a: Goodra
|-resisted|p2a: Goodra
|-damage|p2a: Goodra|48/100
|
|upkeep
|turn|10
|
|t:|1760848683
|move|p1a: Rotom|Will-O-Wisp|p2a: Goodra
|-status|p2a: Goodra|brn
|move|p2a: Goodra|Draco Meteor|p1a: Rotom
|-damage|p1a: Rotom|48/100
|-unboost|p2a: Goodra|spa|2
|
|-damage|p2a: Goodra|42/100 brn|[from] brn
|-sideend|p1: Free6lackpanther|move: Aurora Veil
|upkeep
|turn|11
|
|t:|1760848695
|move|p1a: Rotom|Volt Switch|p2a: Goodra
|-resisted|p2a: Goodra
|-damage|p2a: Goodra|34/100 brn
|
|t:|1760848699
|switch|p1a: Ninetales|Ninetales-Alola, F|48/100|[from] Volt Switch
|-damage|p1a: Ninetales|23/100|[from] Stealth Rock
|-weather|Snowscape|[from] ability: Snow Warning|[of] p1a: Ninetales
|move|p2a: Goodra|Flash Cannon|p1a: Ninetales
|-supereffective|p1a: Ninetales
|-damage|p1a: Ninetales|0 fnt
|faint|p1a: Ninetales
|
|-weather|Snowscape|[upkeep]
|-damage|p2a: Goodra|28/100 brn|[from] brn
|upkeep
|inactive|Free6lackpanther has 120 seconds left.
|
|t:|1760848730
|switch|p1a: Ogerpon|Ogerpon-Wellspring, F|100/100
|-damage|p1a: Ogerpon|88/100|[from] Stealth Rock
|turn|12
|inactive|Free6lackpanther has 120 seconds left.
|
|t:|1760848742
|-terastallize|p1a: Ogerpon|Water
|detailschange|p1a: Ogerpon|Ogerpon-Wellspring-Tera, F, tera:Water
|-ability|p1a: Ogerpon|Embody Aspect (Wellspring)|boost
|-boost|p1a: Ogerpon|spd|1
|move|p1a: Ogerpon|Substitute|p1a: Ogerpon
|-start|p1a: Ogerpon|Substitute
|-damage|p1a: Ogerpon|63/100
|move|p2a: Goodra|Draco Meteor|p1a: Ogerpon
|-end|p1a: Ogerpon|Substitute
|-unboost|p2a: Goodra|spa|2
|
|-weather|Snowscape|[upkeep]
|-damage|p2a: Goodra|22/100 brn|[from] brn
|upkeep
|turn|13
|inactive|Free6lackpanther has 120 seconds left.
|
|t:|1760848756
|move|p1a: Ogerpon|Substitute|p1a: Ogerpon
|-start|p1a: Ogerpon|Substitute
|-damage|p1a: Ogerpon|38/100
|move|p2a: Goodra|Draco Meteor|p1a: Ogerpon
|-activate|p1a: Ogerpon|move: Substitute|[damage]
|-unboost|p2a: Goodra|spa|2
|
|-weather|Snowscape|[upkeep]
|-damage|p2a: Goodra|16/100 brn|[from] brn
|upkeep
|turn|14
|inactive|Free6lackpanther has 120 seconds left.
|
|t:|1760848766
|move|p1a: Ogerpon|Swords Dance|p1a: Ogerpon
|-boost|p1a: Ogerpon|atk|2
|move|p2a: Goodra|Draco Meteor|p1a: Ogerpon
|-end|p1a: Ogerpon|Substitute
|
|-weather|Snowscape|[upkeep]
|-damage|p2a: Goodra|10/100 brn|[from] brn
|upkeep
|turn|15
|
|t:|1760848776
|move|p1a: Ogerpon|Substitute|p1a: Ogerpon
|-start|p1a: Ogerpon|Substitute
|-damage|p1a: Ogerpon|13/100
|move|p2a: Goodra|Draco Meteor|p1a: Ogerpon
|-activate|p1a: Ogerpon|move: Substitute|[damage]
|
|-weather|none
|-damage|p2a: Goodra|4/100 brn|[from] brn
|upkeep
|turn|16
|
|t:|1760848785
|move|p1a: Ogerpon|Horn Leech|p2a: Goodra
|-ability|p2a: Goodra|Sap Sipper|boost
|-boost|p2a: Goodra|atk|1
|move|p2a: Goodra|Draco Meteor|p1a: Ogerpon
|-activate|p1a: Ogerpon|move: Substitute|[damage]
|
|-damage|p2a: Goodra|0 fnt|[from] brn
|faint|p2a: Goodra
|upkeep
|
|t:|1760848791
|switch|p2a: Reuniclus|Reuniclus, M|100/100
|turn|17
|
|t:|1760848803
|move|p1a: Ogerpon|Horn Leech|p2a: Reuniclus
|-damage|p2a: Reuniclus|40/100
|-heal|p1a: Ogerpon|56/100|[from] drain|[of] p2a: Reuniclus
|move|p2a: Reuniclus|Psychic Noise|p1a: Ogerpon
|-damage|p1a: Ogerpon|30/100
|-start|p1a: Ogerpon|move: Heal Block
|
|upkeep
|turn|18
|
|t:|1760848822
|move|p1a: Ogerpon|Swords Dance|p1a: Ogerpon
|-boost|p1a: Ogerpon|atk|2
|move|p2a: Reuniclus|Psychic Noise|p1a: Ogerpon
|-damage|p1a: Ogerpon|6/100
|
|-end|p1a: Ogerpon|move: Heal Block
|upkeep
|turn|19
|-message|lousiv forfeited.
|
|win|Free6lackpanther
|raw|Free6lackpanther's rating: 1185 &rarr; <strong>1208</strong><br />(+23 for winning)
|raw|lousiv's rating: 1154 &rarr; <strong>1131</strong><br />(-23 for losing)
|l|☆lousiv
|player|p2|
|l|☆Free6lackpanther
|player|p1|
