|j|☆exlqrd
|j|☆Sakamotouno
|t:|1760725703
|gametype|singles
|player|p1|exlqrd|lana|1569
|player|p2|Sakamotouno|drayden|1557
|gen|9
|tier|[Gen 9] OU
|rated|
|rule|HP Percentage Mod: HP is shown in percentages
|rule|Endless Battle Clause: Forcing endless battles is banned
|rule|Species Clause: Limit one of each Pokémon
|rule|OHKO Clause: OHKO moves are banned
|rule|Evasion Items Clause: Evasion items are banned
|rule|Evasion Moves Clause: Evasion moves are banned
|rule|Evasion Abilities Clause: Evasion abilities are banned
|rule|Sleep Moves Clause: Sleep-inducing moves are banned
|clearpoke
|poke|p1|Zamazenta-*|
|poke|p1|Ninetales-Alola, M|
|poke|p1|Iron Valiant|
|poke|p1|Scizor, M|
|poke|p1|Gliscor, M|
|poke|p1|Hatterene, F|
|poke|p2|Tyranitar, F|
|poke|p2|Excadrill, F|
|poke|p2|Keldeo-Resolute|
|poke|p2|Garganacl, M|
|poke|p2|Pecharunt|
|poke|p2|Tornadus-Therian, M|
|teampreview
|inactive|Battle timer is ON: inactive players will automatically lose when time's up. (requested by Sakamotouno)
|
|t:|1760725722
|teamsize|p1|6
|teamsize|p2|6
|start
|switch|p1a: キュウコン|Ninetales-Alola, M|100/100
|switch|p2a: Keldeo|Keldeo-Resolute|100/100
|-weather|Snowscape|[from] ability: Snow Warning|[of] p1a: キュウコン
|turn|1
|
|t:|1760725732
|switch|p2a: Tyranitar|Tyranitar, F|100/100
|-weather|Sandstorm|[from] ability: Sand Stream|[of] p2a: Tyranitar
|move|p1a: キュウコン|Aurora Veil||[still]
|-fail|p1a: キュウコン
|
|-weather|Sandstorm|[upkeep]
|-damage|p1a: キュウコン|94/100|[from] Sandstorm
|upkeep
|turn|2
|inactive|exlqrd has 120 seconds left.
|
|t:|1760725763
|switch|p1a: ザマゼンタ|Zamazenta|100/100
|-ability|p1a: ザマゼンタ|Dauntless Shield|boost
|-boost|p1a: ザマゼンタ|def|1
|move|p2a: Tyranitar|Knock Off|p1a: ザマゼンタ
|-resisted|p1a: ザマゼンタ
|-damage|p1a: ザマゼンタ|88/100
|-enditem|p1a: ザマゼンタ|Chesto Berry|[from] move: Knock Off|[of] p2a: Tyranitar
|
|-weather|Sandstorm|[upkeep]
|-damage|p1a: ザマゼンタ|82/100|[from] Sandstorm
|upkeep
|turn|3
|
|t:|1760725770
|switch|p2a: Pecharunt|Pecharunt|100/100
|move|p1a: ザマゼンタ|Crunch|p2a: Pecharunt
|-supereffective|p2a: Pecharunt
|-damage|p2a: Pecharunt|73/100
|-unboost|p2a: Pecharunt|def|1
|
|-weather|Sandstorm|[upkeep]
|-damage|p1a: ザマゼンタ|76/100|[from] Sandstorm
|-damage|p2a: Pecharunt|67/100|[from] Sandstorm
|upkeep
|turn|4
|
|t:|1760725779
|switch|p2a: Keldeo|Keldeo-Resolute|100/100
|move|p1a: ザマゼンタ|Crunch|p2a: Keldeo
|-resisted|p2a: Keldeo
|-damage|p2a: Keldeo|88/100
|-ability|p2a: Keldeo|Justified|boost
|-boost|p2a: Keldeo|atk|1
|
|-weather|Sandstorm|[upkeep]
|-damage|p1a: ザマゼンタ|70/100|[from] Sandstorm
|-damage|p2a: Keldeo|82/100|[from] Sandstorm
|upkeep
|turn|5
|
|t:|1760725787
|move|p1a: ザマゼンタ|Iron Defense|p1a: ザマゼンタ
|-boost|p1a: ザマゼンタ|def|2
|move|p2a: Keldeo|Surf|p1a: ザマゼンタ
|-damage|p1a: ザマゼンタ|10/100
|
|-weather|Sandstorm|[upkeep]
|-damage|p1a: ザマゼンタ|4/100|[from] Sandstorm
|-damage|p2a: Keldeo|76/100|[from] Sandstorm
|upkeep
|turn|6
|
|t:|1760725790
|switch|p2a: Pecharunt|Pecharunt|67/100
|move|p1a: ザマゼンタ|Body Press|p2a: Pecharunt
|-immune|p2a: Pecharunt
|
|-weather|Sandstorm|[upkeep]
|-damage|p1a: ザマゼンタ|0 fnt|[from] Sandstorm
|-damage|p2a: Pecharunt|60/100|[from] Sandstorm
|faint|p1a: ザマゼンタ
|upkeep
|
|t:|1760725798
|switch|p1a: テツノブジン|Iron Valiant|100/100
|-enditem|p1a: テツノブジン|Booster Energy
|-activate|p1a: テツノブジン|ability: Quark Drive|[fromitem]
|-start|p1a: テツノブジン|quarkdrivespe
|turn|7
|
|t:|1760725809
|move|p1a: テツノブジン|Shadow Ball|p2a: Pecharunt
|-supereffective|p2a: Pecharunt
|-damage|p2a: Pecharunt|11/100
|move|p2a: Pecharunt|Toxic|p1a: テツノブジン
|-status|p1a: テツノブジン|tox
|-start|p1a: テツノブジン|confusion|[from] ability: Poison Puppeteer|[of] p2a: Pecharunt
|
|-weather|Sandstorm|[upkeep]
|-damage|p1a: テツノブジン|94/100 tox|[from] Sandstorm
|-damage|p2a: Pecharunt|5/100|[from] Sandstorm
|-damage|p1a: テツノブジン|88/100 tox|[from] psn
|upkeep
|turn|8
|
|t:|1760725821
|-activate|p1a: テツノブジン|confusion
|move|p1a: テツノブジン|Moonblast|p2a: Pecharunt
|-resisted|p2a: Pecharunt
|-damage|p2a: Pecharunt|0 fnt
|faint|p2a: Pecharunt
|
|-weather|none
|-damage|p1a: テツノブジン|76/100 tox|[from] psn
|upkeep
|
|t:|1760725824
|switch|p2a: Tyranitar|Tyranitar, F|100/100
|-weather|Sandstorm|[from] ability: Sand Stream|[of] p2a: Tyranitar
|turn|9
|
|t:|1760725839
|-end|p1a: テツノブジン|confusion
|move|p1a: テツノブジン|Moonblast|p2a: Tyranitar
|-supereffective|p2a: Tyranitar
|-damage|p2a: Tyranitar|60/100
|move|p2a: Tyranitar|Stealth Rock|p1a: テツノブジン
|-sidestart|p1: exlqrd|move: Stealth Rock
|
|-weather|Sandstorm|[upkeep]
|-damage|p1a: テツノブジン|69/100 tox|[from] Sandstorm
|-damage|p1a: テツノブジン|51/100 tox|[from] psn
|upkeep
|turn|10
|
|t:|1760725849
|switch|p2a: Garganacl|Garganacl, M|100/100
|move|p1a: テツノブジン|Moonblast|p2a: Garganacl
|-damage|p2a: Garganacl|75/100
|
|-weather|Sandstorm|[upkeep]
|-damage|p1a: テツノブジン|44/100 tox|[from] Sandstorm
|-heal|p2a: Garganacl|81/100|[from] item: Leftovers
|-damage|p1a: テツノブジン|20/100 tox|[from] psn
|upkeep
|turn|11
|
|t:|1760725857
|move|p1a: テツノブジン|Moonblast|p2a: Garganacl
|-damage|p2a: Garganacl|55/100
|move|p2a: Garganacl|Recover|p2a: Garganacl
|-heal|p2a: Garganacl|100/100
|
|-weather|Sandstorm|[upkeep]
|-damage|p1a: テツノブジン|13/100 tox|[from] Sandstorm
|-damage|p1a: テツノブジン|0 fnt|[from] psn
|faint|p1a: テツノブジン
|-end|p1a: テツノブジン|Quark Drive|[silent]
|upkeep
|
|t:|1760725864
|switch|p1a: キュウコン|Ninetales-Alola, M|94/100
|-damage|p1a: キュウコン|70/100|[from] Stealth Rock
|-weather|Snowscape|[from] ability: Snow Warning|[of] p1a: キュウコン
|turn|12
|
|t:|1760725870
|switch|p2a: Tyranitar|Tyranitar, F|60/100
|-weather|Sandstorm|[from] ability: Sand Stream|[of] p2a: Tyranitar
|move|p1a: キュウコン|Encore||[still]
|-fail|p1a: キュウコン
|
|-weather|Sandstorm|[upkeep]
|-damage|p1a: キュウコン|64/100|[from] Sandstorm
|upkeep
|turn|13
|
|t:|1760725878
|switch|p1a: ハッサム|Scizor, M|100/100
|-damage|p1a: ハッサム|88/100|[from] Stealth Rock
|move|p2a: Tyranitar|Knock Off|p1a: ハッサム
|-damage|p1a: ハッサム|44/100
|-enditem|p1a: ハッサム|Leftovers|[from] move: Knock Off|[of] p2a: Tyranitar
|
|-weather|Sandstorm|[upkeep]
|upkeep
|turn|14
|
|t:|1760725889
|switch|p2a: Tornadus|Tornadus-Therian, M|100/100
|move|p1a: ハッサム|Swords Dance|p1a: ハッサム
|-boost|p1a: ハッサム|atk|2
|
|-weather|Sandstorm|[upkeep]
|-damage|p2a: Tornadus|94/100|[from] Sandstorm
|upkeep
|turn|15
|
|t:|1760725901
|-terastallize|p1a: ハッサム|Steel
|move|p1a: ハッサム|Bullet Punch|p2a: Tornadus
|-damage|p2a: Tornadus|0 fnt
|faint|p2a: Tornadus
|
|-weather|Sandstorm|[upkeep]
|upkeep
|
|t:|1760725905
|switch|p2a: Excadrill|Excadrill, F|100/100
|-item|p2a: Excadrill|Air Balloon
|turn|16
|
|t:|1760725910
|move|p1a: ハッサム|Bullet Punch|p2a: Excadrill
|-resisted|p2a: Excadrill
|-damage|p2a: Excadrill|28/100
|-enditem|p2a: Excadrill|Air Balloon
|move|p2a: Excadrill|Earthquake|p1a: ハッサム
|-supereffective|p1a: ハッサム
|-damage|p1a: ハッサム|0 fnt
|faint|p1a: ハッサム
|
|-weather|Sandstorm|[upkeep]
|upkeep
|
|t:|1760725922
|switch|p1a: グライオン|Gliscor, M, shiny|100/100
|-damage|p1a: グライオン|88/100|[from] Stealth Rock
|turn|17
|
|t:|1760725932
|move|p2a: Excadrill|Swords Dance|p2a: Excadrill
|-boost|p2a: Excadrill|atk|2
|move|p1a: グライオン|Earthquake|p2a: Excadrill
|-supereffective|p2a: Excadrill
|-damage|p2a: Excadrill|0 fnt
|faint|p2a: Excadrill
|
|-weather|Sandstorm|[upkeep]
|-status|p1a: グライオン|tox|[from] item: Toxic Orb
|upkeep
|
|t:|1760725935
|switch|p2a: Keldeo|Keldeo-Resolute|76/100
|turn|18
|
|t:|1760725951
|move|p2a: Keldeo|Surf|p1a: グライオン
|-supereffective|p1a: グライオン
|-damage|p1a: グライオン|0 fnt
|faint|p1a: グライオン
|
|-weather|Sandstorm|[upkeep]
|-damage|p2a: Keldeo|70/100|[from] Sandstorm
|upkeep
|
|t:|1760725954
|switch|p1a: ブリムオン|Hatterene, F, shiny|100/100
|-damage|p1a: ブリムオン|88/100|[from] Stealth Rock
|turn|19
|
|t:|1760725963
|switch|p2a: Garganacl|Garganacl, M|100/100
|move|p1a: ブリムオン|Psyshock|p2a: Garganacl
|-damage|p2a: Garganacl|82/100
|
|-weather|none
|-heal|p1a: ブリムオン|94/100|[from] item: Leftovers
|-heal|p2a: Garganacl|88/100|[from] item: Leftovers
|upkeep
|turn|20
|
|t:|1760725971
|move|p1a: ブリムオン|Calm Mind|p1a: ブリムオン
|-boost|p1a: ブリムオン|spa|1
|-boost|p1a: ブリムオン|spd|1
|move|p2a: Garganacl|Curse|p2a: Garganacl
|-unboost|p2a: Garganacl|spe|1
|-boost|p2a: Garganacl|atk|1
|-boost|p2a: Garganacl|def|1
|
|-heal|p1a: ブリムオン|99/100|[from] item: Leftovers
|-heal|p2a: Garganacl|94/100|[from] item: Leftovers
|upkeep
|turn|21
|
|t:|1760725976
|move|p1a: ブリムオン|Calm Mind|p1a: ブリムオン
|-boost|p1a: ブリムオン|spa|1
|-boost|p1a: ブリムオン|spd|1
|move|p2a: Garganacl|Salt Cure|p1a: ブリムオン
|-damage|p1a: ブリムオン|81/100
|-start|p1a: ブリムオン|Salt Cure
|
|-heal|p1a: ブリムオン|87/100|[from] item: Leftovers
|-heal|p2a: Garganacl|100/100|[from] item: Leftovers
|-damage|p1a: ブリムオン|75/100|[from] Salt Cure
|upkeep
|turn|22
|
|t:|1760725978
|move|p1a: ブリムオン|Calm Mind|p1a: ブリムオン
|-boost|p1a: ブリムオン|spa|1
|-boost|p1a: ブリムオン|spd|1
|move|p2a: Garganacl|Curse|p2a: Garganacl
|-unboost|p2a: Garganacl|spe|1
|-boost|p2a: Garganacl|atk|1
|-boost|p2a: Garganacl|def|1
|
|-heal|p1a: ブリムオン|81/100|[from] item: Leftovers
|-damage|p1a: ブリムオン|68/100|[from] Salt Cure
|upkeep
|turn|23
|
|t:|1760725981
|move|p1a: ブリムオン|Calm Mind|p1a: ブリムオン
|-boost|p1a: ブリムオン|spa|1
|-boost|p1a: ブリムオン|spd|1
|move|p2a: Garganacl|Earthquake|p1a: ブリムオン
|-damage|p1a: ブリムオン|32/100
|
|-heal|p1a: ブリムオン|38/100|[from] item: Leftovers
|-damage|p1a: ブリムオン|26/100|[from] Salt Cure
|upkeep
|turn|24
|
|t:|1760725986
|move|p1a: ブリムオン|Draining Kiss|p2a: Garganacl
|-damage|p2a: Garganacl|41/100
|-heal|p1a: ブリムオン|83/100|[from] drain|[of] p2a: Garganacl
|move|p2a: Garganacl|Earthquake|p1a: ブリムオン
|-damage|p1a: ブリムオン|45/100
|
|-heal|p1a: ブリムオン|51/100|[from] item: Leftovers
|-heal|p2a: Garganacl|47/100|[from] item: Leftovers
|-damage|p1a: ブリムオン|39/100|[from] Salt Cure
|upkeep
|turn|25
|
|t:|1760725990
|move|p1a: ブリムオン|Draining Kiss|p2a: Garganacl
|-damage|p2a: Garganacl|0 fnt
|-heal|p1a: ブリムオン|84/100|[from] drain|[of] p2a: Garganacl
|faint|p2a: Garganacl
|
|-heal|p1a: ブリムオン|90/100|[from] item: Leftovers
|-damage|p1a: ブリムオン|77/100|[from] Salt Cure
|upkeep
|
|t:|1760725993
|switch|p2a: Keldeo|Keldeo-Resolute|70/100
|turn|26
|
|t:|1760725997
|-terastallize|p2a: Keldeo|Water
|move|p2a: Keldeo|Surf|p1a: ブリムオン
|-damage|p1a: ブリムオン|43/100
|move|p1a: ブリムオン|Draining Kiss|p2a: Keldeo
|-damage|p2a: Keldeo|0 fnt
|-heal|p1a: ブリムオン|95/100|[from] drain|[of] p2a: Keldeo
|faint|p2a: Keldeo
|
|-heal|p1a: ブリムオン|100/100|[from] item: Leftovers
|-damage|p1a: ブリムオン|88/100|[from] Salt Cure
|upkeep
|-message|Sakamotouno forfeited.
|
|win|exlqrd
|raw|exlqrd's rating: 1569 &rarr; <strong>1588</strong><br />(+19 for winning)
|raw|Sakamotouno's rating: 1557 &rarr; <strong>1538</strong><br />(-19 for losing)
|l|☆Sakamotouno
|player|p2|
|l|☆exlqrd
|player|p1|
