|j|☆Kayanne97
|j|☆nmx123
|t:|1760767083
|gametype|singles
|player|p1|Kayanne97|rosa|1581
|player|p2|nmx123|266|1616
|gen|9
|tier|[Gen 9] OU
|rated|
|rule|HP Percentage Mod: HP is shown in percentages
|rule|Endless Battle Clause: Forcing endless battles is banned
|rule|Species Clause: Limit one of each Pokémon
|rule|OHKO Clause: OHKO moves are banned
|rule|Evasion Items Clause: Evasion items are banned
|rule|Evasion Moves Clause: Evasion moves are banned
|rule|Evasion Abilities Clause: Evasion abilities are banned
|rule|Sleep Moves Clause: Sleep-inducing moves are banned
|clearpoke
|poke|p1|Great Tusk|
|poke|p1|Kingambit, M|
|poke|p1|Moltres|
|poke|p1|Tinkaton, F|
|poke|p1|Samurott-Hisui, M|
|poke|p1|Kyurem|
|poke|p2|Dragonite, F|
|poke|p2|Zamazenta-*|
|poke|p2|Gholdengo|
|poke|p2|Raging Bolt|
|poke|p2|Great Tusk|
|poke|p2|Alomomola, M|
|teampreview
|inactive|Battle timer is ON: inactive players will automatically lose when time's up. (requested by nmx123)
|inactive|Kayanne97 also wants the timer to be on.
|
|t:|1760767099
|teamsize|p1|6
|teamsize|p2|6
|start
|switch|p1a: Tinkaton|Tinkaton, F|100/100
|switch|p2a: Great Tusk|Great Tusk|100/100
|-item|p1a: Tinkaton|Air Balloon
|turn|1
|
|t:|1760767109
|switch|p1a: Moltres|Moltres|100/100
|move|p2a: Great Tusk|Knock Off|p1a: Moltres
|-damage|p1a: Moltres|80/100
|-status|p2a: Great Tusk|brn|[from] ability: Flame Body|[of] p1a: Moltres
|-enditem|p1a: Moltres|Heavy-Duty Boots|[from] move: Knock Off|[of] p2a: Great Tusk
|
|-damage|p2a: Great Tusk|94/100 brn|[from] brn
|upkeep
|turn|2
|
|t:|1760767115
|move|p1a: Moltres|Flamethrower|p2a: Great Tusk
|-damage|p2a: Great Tusk|60/100 brn
|move|p2a: Great Tusk|Stealth Rock|p1a: Moltres
|-sidestart|p1: Kayanne97|move: Stealth Rock
|
|-damage|p2a: Great Tusk|54/100 brn|[from] brn
|upkeep
|turn|3
|inactive|nmx123 has 120 seconds left.
|
|t:|1760767157
|-end|p2a: Great Tusk|Protosynthesis|[silent]
|switch|p2a: Alomomola|Alomomola, M|100/100
|move|p1a: Moltres|Flamethrower|p2a: Alomomola
|-resisted|p2a: Alomomola
|-damage|p2a: Alomomola|86/100
|-status|p2a: Alomomola|brn
|
|-damage|p2a: Alomomola|80/100 brn|[from] brn
|upkeep
|turn|4
|
|t:|1760767165
|switch|p1a: Tinkaton|Tinkaton, F|100/100
|-damage|p1a: Tinkaton|94/100|[from] Stealth Rock
|-item|p1a: Tinkaton|Air Balloon
|move|p2a: Alomomola|Wish|p2a: Alomomola
|
|-damage|p2a: Alomomola|73/100 brn|[from] brn
|upkeep
|turn|5
|j| Scoob252525
|
|t:|1760767172
|move|p1a: Tinkaton|Stealth Rock|p2a: Alomomola
|-sidestart|p2: nmx123|move: Stealth Rock
|move|p2a: Alomomola|Flip Turn|p1a: Tinkaton
|-damage|p1a: Tinkaton|85/100
|-enditem|p1a: Tinkaton|Air Balloon
|-enditem|p2a: Alomomola|Heavy-Duty Boots|[silent]|[from] ability: Pickpocket|[of] p2a: Alomomola
|-item|p1a: Tinkaton|Heavy-Duty Boots|[from] ability: Pickpocket|[of] p2a: Alomomola
|
|t:|1760767176
|switch|p2a: Great Tusk|Great Tusk|54/100 brn|[from] Flip Turn
|-damage|p2a: Great Tusk|50/100 brn|[from] Stealth Rock
|
|-heal|p2a: Great Tusk|100/100 brn|[from] move: Wish|[wisher] Alomomola
|-damage|p2a: Great Tusk|94/100 brn|[from] brn
|upkeep
|turn|6
|
|t:|1760767190
|switch|p1a: Great Tusk|Great Tusk|100/100
|move|p2a: Great Tusk|Rapid Spin|p1a: Great Tusk
|-damage|p1a: Great Tusk|95/100
|-boost|p2a: Great Tusk|spe|1
|-sideend|p2: nmx123|Stealth Rock|[from] move: Rapid Spin|[of] p2a: Great Tusk
|
|-damage|p2a: Great Tusk|88/100 brn|[from] brn
|upkeep
|turn|7
|
|t:|1760767207
|-end|p2a: Great Tusk|Protosynthesis|[silent]
|switch|p2a: Zamazenta|Zamazenta|100/100
|-ability|p2a: Zamazenta|Dauntless Shield|boost
|-boost|p2a: Zamazenta|def|1
|move|p1a: Great Tusk|Ice Spinner|p2a: Zamazenta
|-damage|p2a: Zamazenta|86/100
|
|-heal|p2a: Zamazenta|93/100|[from] item: Leftovers
|upkeep
|turn|8
|
|t:|1760767211
|move|p2a: Zamazenta|Body Press|p1a: Great Tusk
|-damage|p1a: Great Tusk|50/100
|move|p1a: Great Tusk|Rapid Spin|p2a: Zamazenta
|-damage|p2a: Zamazenta|84/100
|-boost|p1a: Great Tusk|spe|1
|-sideend|p1: Kayanne97|Stealth Rock|[from] move: Rapid Spin|[of] p1a: Great Tusk
|
|-heal|p2a: Zamazenta|90/100|[from] item: Leftovers
|upkeep
|turn|9
|
|t:|1760767221
|-end|p1a: Great Tusk|Protosynthesis|[silent]
|switch|p1a: Moltres|Moltres|80/100
|switch|p2a: Great Tusk|Great Tusk|88/100 brn
|
|-damage|p2a: Great Tusk|82/100 brn|[from] brn
|upkeep
|turn|10
|
|t:|1760767227
|move|p1a: Moltres|Flamethrower|p2a: Great Tusk
|-damage|p2a: Great Tusk|50/100 brn
|move|p2a: Great Tusk|Stealth Rock|p1a: Moltres
|-sidestart|p1: Kayanne97|move: Stealth Rock
|
|-damage|p2a: Great Tusk|44/100 brn|[from] brn
|upkeep
|turn|11
|j| epitap
|
|t:|1760767234
|-end|p2a: Great Tusk|Protosynthesis|[silent]
|switch|p2a: Alomomola|Alomomola, M|100/100 brn
|move|p1a: Moltres|Flamethrower|p2a: Alomomola
|-resisted|p2a: Alomomola
|-damage|p2a: Alomomola|86/100 brn
|
|-damage|p2a: Alomomola|80/100 brn|[from] brn
|upkeep
|turn|12
|
|t:|1760767242
|move|p2a: Alomomola|Wish|p2a: Alomomola
|move|p1a: Moltres|Roar|p2a: Alomomola
|drag|p2a: Zamazenta|Zamazenta|90/100
|
|-heal|p2a: Zamazenta|96/100|[from] item: Leftovers
|upkeep
|turn|13
|
|t:|1760767252
|switch|p2a: Raging Bolt|Raging Bolt|100/100
|move|p1a: Moltres|Flamethrower|p2a: Raging Bolt
|-resisted|p2a: Raging Bolt
|-damage|p2a: Raging Bolt|84/100
|
|-heal|p2a: Raging Bolt|100/100|[from] move: Wish|[wisher] Alomomola
|upkeep
|turn|14
|
|t:|1760767259
|switch|p1a: Tinkaton|Tinkaton, F|85/100
|move|p2a: Raging Bolt|Draco Meteor|p1a: Tinkaton
|-immune|p1a: Tinkaton
|
|upkeep
|turn|15
|
|t:|1760767264
|move|p1a: Tinkaton|Stealth Rock|p2a: Raging Bolt
|-sidestart|p2: nmx123|move: Stealth Rock
|move|p2a: Raging Bolt|Thunderbolt|p1a: Tinkaton
|-damage|p1a: Tinkaton|26/100
|-damage|p2a: Raging Bolt|91/100|[from] item: Life Orb
|
|upkeep
|turn|16
|
|t:|1760767269
|move|p1a: Tinkaton|Knock Off|p2a: Raging Bolt
|-damage|p2a: Raging Bolt|77/100
|-enditem|p2a: Raging Bolt|Life Orb|[from] move: Knock Off|[of] p1a: Tinkaton
|move|p2a: Raging Bolt|Thunderbolt|p1a: Tinkaton
|-damage|p1a: Tinkaton|0 fnt
|faint|p1a: Tinkaton
|
|upkeep
|
|t:|1760767272
|switch|p1a: Great Tusk|Great Tusk|50/100
|turn|17
|
|t:|1760767277
|-end|p2a: Raging Bolt|Protosynthesis|[silent]
|switch|p2a: Zamazenta|Zamazenta|96/100
|-damage|p2a: Zamazenta|90/100|[from] Stealth Rock
|move|p1a: Great Tusk|Rapid Spin|p2a: Zamazenta
|-damage|p2a: Zamazenta|77/100
|-boost|p1a: Great Tusk|spe|1
|-sideend|p1: Kayanne97|Stealth Rock|[from] move: Rapid Spin|[of] p1a: Great Tusk
|
|-heal|p2a: Zamazenta|83/100|[from] item: Leftovers
|upkeep
|turn|18
|
|t:|1760767284
|move|p1a: Great Tusk|Taunt|p2a: Zamazenta
|-start|p2a: Zamazenta|move: Taunt
|cant|p2a: Zamazenta|move: Taunt|Iron Defense
|
|-heal|p2a: Zamazenta|89/100|[from] item: Leftovers
|upkeep
|turn|19
|
|t:|1760767292
|-end|p1a: Great Tusk|Protosynthesis|[silent]
|switch|p1a: Moltres|Moltres|80/100
|switch|p2a: Alomomola|Alomomola, M|100/100 brn
|-damage|p2a: Alomomola|88/100 brn|[from] Stealth Rock
|
|-damage|p2a: Alomomola|82/100 brn|[from] brn
|upkeep
|turn|20
|
|t:|1760767295
|move|p2a: Alomomola|Wish|p2a: Alomomola
|move|p1a: Moltres|Roar|p2a: Alomomola
|drag|p2a: Gholdengo|Gholdengo|100/100
|-damage|p2a: Gholdengo|94/100|[from] Stealth Rock
|
|upkeep
|turn|21
|
|t:|1760767301
|switch|p2a: Great Tusk|Great Tusk|44/100 brn
|-damage|p2a: Great Tusk|41/100 brn|[from] Stealth Rock
|move|p1a: Moltres|Flamethrower|p2a: Great Tusk
|-damage|p2a: Great Tusk|9/100 brn
|
|-heal|p2a: Great Tusk|77/100 brn|[from] move: Wish|[wisher] Alomomola
|-damage|p2a: Great Tusk|71/100 brn|[from] brn
|upkeep
|turn|22
|
|t:|1760767317
|switch|p1a: Samurott|Samurott-Hisui, M|100/100
|move|p2a: Great Tusk|Stealth Rock|p1a: Samurott
|-sidestart|p1: Kayanne97|move: Stealth Rock
|
|-damage|p2a: Great Tusk|65/100 brn|[from] brn
|upkeep
|turn|23
|
|t:|1760767322
|-end|p2a: Great Tusk|Protosynthesis|[silent]
|switch|p2a: Zamazenta|Zamazenta|89/100
|-damage|p2a: Zamazenta|83/100|[from] Stealth Rock
|move|p1a: Samurott|Aqua Cutter|p2a: Zamazenta
|-damage|p2a: Zamazenta|48/100
|
|-heal|p2a: Zamazenta|54/100|[from] item: Leftovers
|upkeep
|turn|24
|
|t:|1760767330
|move|p1a: Samurott|Aqua Cutter|p2a: Zamazenta
|-damage|p2a: Zamazenta|19/100
|move|p2a: Zamazenta|Iron Defense|p2a: Zamazenta
|-boost|p2a: Zamazenta|def|2
|
|-heal|p2a: Zamazenta|25/100|[from] item: Leftovers
|upkeep
|turn|25
|
|t:|1760767336
|move|p1a: Samurott|Aqua Cutter|p2a: Zamazenta
|-damage|p2a: Zamazenta|5/100
|move|p2a: Zamazenta|Body Press|p1a: Samurott
|-supereffective|p1a: Samurott
|-damage|p1a: Samurott|0 fnt
|faint|p1a: Samurott
|
|-heal|p2a: Zamazenta|12/100|[from] item: Leftovers
|upkeep
|
|t:|1760767340
|switch|p1a: Great Tusk|Great Tusk|50/100
|turn|26
|
|t:|1760767342
|move|p2a: Zamazenta|Body Press|p1a: Great Tusk
|-damage|p1a: Great Tusk|0 fnt
|faint|p1a: Great Tusk
|-end|p1a: Great Tusk|Protosynthesis|[silent]
|
|-heal|p2a: Zamazenta|18/100|[from] item: Leftovers
|upkeep
|
|t:|1760767349
|switch|p1a: Moltres|Moltres|80/100
|-damage|p1a: Moltres|30/100|[from] Stealth Rock
|turn|27
|
|t:|1760767353
|move|p2a: Zamazenta|Body Press|p1a: Moltres
|-resisted|p1a: Moltres
|-damage|p1a: Moltres|2/100
|move|p1a: Moltres|Roost|p1a: Moltres
|-heal|p1a: Moltres|52/100
|-singleturn|p1a: Moltres|move: Roost
|
|-heal|p2a: Zamazenta|24/100|[from] item: Leftovers
|upkeep
|turn|28
|
|t:|1760767363
|switch|p2a: Alomomola|Alomomola, M|100/100 brn
|-damage|p2a: Alomomola|88/100 brn|[from] Stealth Rock
|move|p1a: Moltres|Roost|p1a: Moltres
|-heal|p1a: Moltres|100/100
|-singleturn|p1a: Moltres|move: Roost
|
|-damage|p2a: Alomomola|82/100 brn|[from] brn
|upkeep
|turn|29
|
|t:|1760767367
|move|p1a: Moltres|U-turn|p2a: Alomomola
|-damage|p2a: Alomomola|70/100 brn
|
|t:|1760767368
|switch|p1a: Kyurem|Kyurem, shiny|100/100|[from] U-turn
|-damage|p1a: Kyurem|76/100|[from] Stealth Rock
|-ability|p1a: Kyurem|Pressure
|move|p2a: Alomomola|Wish|p2a: Alomomola
|
|-damage|p2a: Alomomola|64/100 brn|[from] brn
|upkeep
|turn|30
|
|t:|1760767375
|move|p1a: Kyurem|Freeze-Dry|p2a: Alomomola
|-supereffective|p2a: Alomomola
|-damage|p2a: Alomomola|12/100 brn
|move|p2a: Alomomola|Flip Turn|p1a: Kyurem
|-resisted|p1a: Kyurem
|-crit|p1a: Kyurem
|-damage|p1a: Kyurem|70/100
|
|t:|1760767378
|switch|p2a: Zamazenta|Zamazenta|24/100|[from] Flip Turn
|-damage|p2a: Zamazenta|18/100|[from] Stealth Rock
|
|-heal|p2a: Zamazenta|99/100|[from] move: Wish|[wisher] Alomomola
|-heal|p2a: Zamazenta|100/100|[from] item: Leftovers
|upkeep
|turn|31
|
|t:|1760767388
|-terastallize|p2a: Zamazenta|Fire
|move|p2a: Zamazenta|Iron Defense|p2a: Zamazenta
|-boost|p2a: Zamazenta|def|2
|move|p1a: Kyurem|Ice Beam|p2a: Zamazenta
|-resisted|p2a: Zamazenta
|-damage|p2a: Zamazenta|80/100
|-status|p2a: Zamazenta|frz
|
|-heal|p2a: Zamazenta|86/100 frz|[from] item: Leftovers
|upkeep
|turn|32
|
|t:|1760767394
|cant|p2a: Zamazenta|frz
|move|p1a: Kyurem|Earth Power|p2a: Zamazenta
|-supereffective|p2a: Zamazenta
|-damage|p2a: Zamazenta|25/100 frz
|
|-heal|p2a: Zamazenta|31/100 frz|[from] item: Leftovers
|upkeep
|turn|33
|
|t:|1760767396
|cant|p2a: Zamazenta|frz
|move|p1a: Kyurem|Earth Power|p2a: Zamazenta
|-supereffective|p2a: Zamazenta
|-damage|p2a: Zamazenta|0 fnt
|faint|p2a: Zamazenta
|
|upkeep
|
|t:|1760767399
|switch|p2a: Gholdengo|Gholdengo|94/100
|-damage|p2a: Gholdengo|88/100|[from] Stealth Rock
|turn|34
|
|t:|1760767403
|move|p2a: Gholdengo|Shadow Ball|p1a: Kyurem
|-damage|p1a: Kyurem|27/100
|move|p1a: Kyurem|Earth Power|p2a: Gholdengo
|-supereffective|p2a: Gholdengo
|-damage|p2a: Gholdengo|0 fnt
|faint|p2a: Gholdengo
|
|upkeep
|
|t:|1760767417
|switch|p2a: Dragonite|Dragonite, F|100/100
|-damage|p2a: Dragonite|75/100|[from] Stealth Rock
|turn|35
|
|t:|1760767422
|move|p2a: Dragonite|Extreme Speed|p1a: Kyurem
|-damage|p1a: Kyurem|0 fnt
|faint|p1a: Kyurem
|
|upkeep
|
|t:|1760767427
|switch|p1a: Moltres|Moltres|100/100
|-damage|p1a: Moltres|51/100|[from] Stealth Rock
|turn|36
|
|t:|1760767430
|move|p2a: Dragonite|Extreme Speed|p1a: Moltres
|-damage|p1a: Moltres|17/100
|-status|p2a: Dragonite|brn|[from] ability: Flame Body|[of] p1a: Moltres
|move|p1a: Moltres|U-turn|p2a: Dragonite
|-resisted|p2a: Dragonite
|-damage|p2a: Dragonite|68/100 brn
|
|t:|1760767433
|switch|p1a: Kingambit|Kingambit, M|100/100|[from] U-turn
|-damage|p1a: Kingambit|94/100|[from] Stealth Rock
|-activate|p1a: Kingambit|ability: Supreme Overlord
|-start|p1a: Kingambit|fallen4|[silent]
|
|-heal|p1a: Kingambit|100/100|[from] item: Leftovers
|-damage|p2a: Dragonite|62/100 brn|[from] brn
|upkeep
|turn|37
|
|t:|1760767438
|switch|p2a: Great Tusk|Great Tusk|65/100 brn
|-damage|p2a: Great Tusk|62/100 brn|[from] Stealth Rock
|move|p1a: Kingambit|Swords Dance|p1a: Kingambit
|-boost|p1a: Kingambit|atk|2
|
|-damage|p2a: Great Tusk|56/100 brn|[from] brn
|upkeep
|turn|38
|
|t:|1760767446
|move|p2a: Great Tusk|Knock Off|p1a: Kingambit
|-resisted|p1a: Kingambit
|-damage|p1a: Kingambit|94/100
|-enditem|p1a: Kingambit|Leftovers|[from] move: Knock Off|[of] p2a: Great Tusk
|move|p1a: Kingambit|Kowtow Cleave|p2a: Great Tusk
|-resisted|p2a: Great Tusk
|-damage|p2a: Great Tusk|6/100 brn
|-damage|p1a: Kingambit|78/100|[from] item: Rocky Helmet|[of] p2a: Great Tusk
|
|-damage|p2a: Great Tusk|0 fnt|[from] brn
|faint|p2a: Great Tusk
|-end|p2a: Great Tusk|Protosynthesis|[silent]
|upkeep
|
|t:|1760767456
|switch|p2a: Raging Bolt|Raging Bolt|77/100
|-damage|p2a: Raging Bolt|64/100|[from] Stealth Rock
|turn|39
|
|t:|1760767466
|move|p2a: Raging Bolt|Thunderbolt|p1a: Kingambit
|-damage|p1a: Kingambit|18/100
|move|p1a: Kingambit|Kowtow Cleave|p2a: Raging Bolt
|-damage|p2a: Raging Bolt|0 fnt
|faint|p2a: Raging Bolt
|-end|p2a: Raging Bolt|Protosynthesis|[silent]
|
|upkeep
|l| Scoob252525
|
|t:|1760767481
|switch|p2a: Dragonite|Dragonite, F|62/100 brn
|-damage|p2a: Dragonite|37/100 brn|[from] Stealth Rock
|turn|40
|
|t:|1760767487
|move|p2a: Dragonite|Earthquake|p1a: Kingambit
|-supereffective|p1a: Kingambit
|-damage|p1a: Kingambit|0 fnt
|faint|p1a: Kingambit
|-end|p1a: Kingambit|fallen4|[silent]
|
|-damage|p2a: Dragonite|31/100 brn|[from] brn
|upkeep
|-message|Kayanne97 forfeited.
|
|win|nmx123
|raw|Kayanne97's rating: 1581 &rarr; <strong>1563</strong><br />(-18 for losing)
|raw|nmx123's rating: 1616 &rarr; <strong>1634</strong><br />(+18 for winning)
|l|☆Kayanne97
|player|p1|
|l|☆nmx123
|player|p2|
