|j|☆deusyancha
|j|☆Fhantazy
|t:|1760719463
|gametype|singles
|player|p1|deusyancha|266|1396
|player|p2|Fhantazy|morty-masters|1378
|gen|9
|tier|[Gen 9] OU
|rated|
|rule|HP Percentage Mod: HP is shown in percentages
|rule|Endless Battle Clause: Forcing endless battles is banned
|rule|Species Clause: Limit one of each Pokémon
|rule|OHKO Clause: OHKO moves are banned
|rule|Evasion Items Clause: Evasion items are banned
|rule|Evasion Moves Clause: Evasion moves are banned
|rule|Evasion Abilities Clause: Evasion abilities are banned
|rule|Sleep Moves Clause: Sleep-inducing moves are banned
|clearpoke
|poke|p1|Deoxys-Speed|
|poke|p1|Raging Bolt|
|poke|p1|Kyurem|
|poke|p1|Darkrai|
|poke|p1|Corviknight, M|
|poke|p1|Ceruledge, M|
|poke|p2|Slowbro-Galar, F|
|poke|p2|Greninja-*, F|
|poke|p2|Rillaboom, F|
|poke|p2|Donphan, M|
|poke|p2|Dragonite, F|
|poke|p2|Gholdengo|
|teampreview
|
|t:|1760719469
|teamsize|p1|6
|teamsize|p2|6
|start
|switch|p1a: Deoxys|Deoxys-Speed|100/100
|switch|p2a: Greninja|Greninja, F|100/100
|-ability|p1a: Deoxys|Pressure
|turn|1
|
|t:|1760719475
|move|p1a: Deoxys|Light Screen|p1a: Deoxys
|-sidestart|p1: deusyancha|move: Light Screen
|move|p2a: Greninja|Toxic Spikes|p1a: Deoxys
|-start|p2a: Greninja|typechange|Poison|[from] ability: Protean
|-sidestart|p1: deusyancha|move: Toxic Spikes
|
|upkeep
|turn|2
|
|t:|1760719487
|move|p2a: Greninja|Spikes|p1a: Deoxys
|-sidestart|p1: deusyancha|Spikes
|move|p1a: Deoxys|Teleport|p1a: Deoxys
|
|t:|1760719494
|switch|p1a: Corviknight|Corviknight, M|100/100|[from] Teleport
|-ability|p1a: Corviknight|Pressure
|
|upkeep
|turn|3
|
|t:|1760719498
|switch|p2a: Gholdengo|Gholdengo|100/100
|move|p1a: Corviknight|Defog|p2a: Gholdengo
|-immune|p2a: Gholdengo|[from] ability: Good as Gold
|
|upkeep
|turn|4
|
|t:|1760719510
|switch|p2a: Greninja|Greninja, F|100/100
|move|p1a: Corviknight|U-turn|p2a: Greninja
|-supereffective|p2a: Greninja
|-damage|p2a: Greninja|56/100
|
|t:|1760719525
|switch|p1a: Ceruledge|Ceruledge, M|100/100|[from] U-turn
|-status|p1a: Ceruledge|psn
|-damage|p1a: Ceruledge|88/100 psn|[from] Spikes
|
|-damage|p1a: Ceruledge|76/100 psn|[from] psn
|upkeep
|turn|5
|
|t:|1760719534
|switch|p1a: Corviknight|Corviknight, M|100/100
|-ability|p1a: Corviknight|Pressure
|move|p2a: Greninja|Spikes|p1a: Corviknight
|-start|p2a: Greninja|typechange|Ground|[from] ability: Protean
|-sidestart|p1: deusyancha|Spikes
|
|upkeep
|turn|6
|
|t:|1760719538
|move|p2a: Greninja|Taunt|p1a: Corviknight
|-start|p1a: Corviknight|move: Taunt
|move|p1a: Corviknight|U-turn|p2a: Greninja
|-damage|p2a: Greninja|33/100
|
|t:|1760719544
|switch|p1a: Ceruledge|Ceruledge, M|76/100 psn|[from] U-turn
|-damage|p1a: Ceruledge|59/100 psn|[from] Spikes
|
|-damage|p1a: Ceruledge|47/100 psn|[from] psn
|upkeep
|turn|7
|
|t:|1760719555
|move|p1a: Ceruledge|Shadow Sneak|p2a: Greninja
|-damage|p2a: Greninja|4/100
|move|p2a: Greninja|Spikes|p1a: Ceruledge
|-sidestart|p1: deusyancha|Spikes
|
|-damage|p1a: Ceruledge|34/100 psn|[from] psn
|upkeep
|turn|8
|
|t:|1760719564
|switch|p2a: Rillaboom|Rillaboom, F|100/100
|-fieldstart|move: Grassy Terrain|[from] ability: Grassy Surge|[of] p2a: Rillaboom
|move|p1a: Ceruledge|Shadow Sneak|p2a: Rillaboom
|-damage|p2a: Rillaboom|83/100
|
|-heal|p2a: Rillaboom|89/100|[from] Grassy Terrain
|-heal|p2a: Rillaboom|95/100|[from] item: Leftovers
|-heal|p1a: Ceruledge|40/100 psn|[from] Grassy Terrain
|-damage|p1a: Ceruledge|28/100 psn|[from] psn
|-sideend|p1: deusyancha|move: Light Screen
|upkeep
|turn|9
|
|t:|1760719578
|switch|p2a: Greninja|Greninja, F|4/100
|move|p1a: Ceruledge|Bitter Blade|p2a: Greninja
|-resisted|p2a: Greninja
|-damage|p2a: Greninja|0 fnt
|-heal|p1a: Ceruledge|29/100 psn|[from] drain|[of] p2a: Greninja
|faint|p2a: Greninja
|
|-heal|p1a: Ceruledge|36/100 psn|[from] Grassy Terrain
|-damage|p1a: Ceruledge|23/100 psn|[from] psn
|upkeep
|
|t:|1760719594
|switch|p2a: Gholdengo|Gholdengo|100/100
|turn|10
|
|t:|1760719598
|move|p1a: Ceruledge|Shadow Sneak|p2a: Gholdengo
|-supereffective|p2a: Gholdengo
|-damage|p2a: Gholdengo|62/100
|move|p2a: Gholdengo|Shadow Ball|p1a: Ceruledge
|-supereffective|p1a: Ceruledge
|-crit|p1a: Ceruledge
|-damage|p1a: Ceruledge|0 fnt
|faint|p1a: Ceruledge
|
|-heal|p2a: Gholdengo|68/100|[from] Grassy Terrain
|upkeep
|
|t:|1760719603
|switch|p1a: Darkrai|Darkrai|100/100
|-status|p1a: Darkrai|psn
|-damage|p1a: Darkrai|76/100 psn|[from] Spikes
|turn|11
|
|t:|1760719616
|switch|p2a: Rillaboom|Rillaboom, F|95/100
|move|p1a: Darkrai|Dark Pulse|p2a: Rillaboom
|-damage|p2a: Rillaboom|37/100
|
|-heal|p1a: Darkrai|82/100 psn|[from] Grassy Terrain
|-heal|p1a: Darkrai|88/100 psn|[from] item: Leftovers
|-heal|p2a: Rillaboom|43/100|[from] Grassy Terrain
|-heal|p2a: Rillaboom|49/100|[from] item: Leftovers
|-damage|p1a: Darkrai|75/100 psn|[from] psn
|upkeep
|turn|12
|
|t:|1760719623
|move|p2a: Rillaboom|Grassy Glide|p1a: Darkrai
|-damage|p1a: Darkrai|26/100 psn
|move|p1a: Darkrai|Ice Beam|p2a: Rillaboom
|-supereffective|p2a: Rillaboom
|-damage|p2a: Rillaboom|0 fnt
|faint|p2a: Rillaboom
|
|-heal|p1a: Darkrai|32/100 psn|[from] Grassy Terrain
|-heal|p1a: Darkrai|38/100 psn|[from] item: Leftovers
|-damage|p1a: Darkrai|26/100 psn|[from] psn
|-fieldend|move: Grassy Terrain
|upkeep
|
|t:|1760719633
|switch|p2a: Dragonite|Dragonite, F|100/100
|turn|13
|
|t:|1760719635
|move|p2a: Dragonite|Extreme Speed|p1a: Darkrai
|-damage|p1a: Darkrai|0 fnt
|faint|p1a: Darkrai
|
|upkeep
|
|t:|1760719638
|switch|p1a: Corviknight|Corviknight, M|100/100
|-ability|p1a: Corviknight|Pressure
|turn|14
|
|t:|1760719645
|switch|p2a: Gholdengo|Gholdengo|68/100
|move|p1a: Corviknight|U-turn|p2a: Gholdengo
|-resisted|p2a: Gholdengo
|-damage|p2a: Gholdengo|65/100
|
|t:|1760719663
|switch|p1a: Raging Bolt|Raging Bolt|100/100|[from] U-turn
|-status|p1a: Raging Bolt|psn
|-damage|p1a: Raging Bolt|76/100 psn|[from] Spikes
|-enditem|p1a: Raging Bolt|Booster Energy
|-activate|p1a: Raging Bolt|ability: Protosynthesis|[fromitem]
|-start|p1a: Raging Bolt|protosynthesisspa
|
|-damage|p1a: Raging Bolt|63/100 psn|[from] psn
|upkeep
|turn|15
|
|t:|1760719675
|switch|p2a: Donphan|Donphan, M|100/100
|move|p1a: Raging Bolt|Dragon Pulse|p2a: Donphan
|-damage|p2a: Donphan|8/100
|
|-damage|p1a: Raging Bolt|51/100 psn|[from] psn
|upkeep
|turn|16
|
|t:|1760719697
|move|p2a: Donphan|Ice Shard|p1a: Raging Bolt
|-supereffective|p1a: Raging Bolt
|-damage|p1a: Raging Bolt|24/100 psn
|move|p1a: Raging Bolt|Dragon Pulse|p2a: Donphan
|-damage|p2a: Donphan|0 fnt
|faint|p2a: Donphan
|
|-damage|p1a: Raging Bolt|12/100 psn|[from] psn
|upkeep
|
|t:|1760719705
|switch|p2a: Dragonite|Dragonite, F|100/100
|turn|17
|
|t:|1760719708
|move|p2a: Dragonite|Extreme Speed|p1a: Raging Bolt
|-damage|p1a: Raging Bolt|0 fnt
|faint|p1a: Raging Bolt
|-end|p1a: Raging Bolt|Protosynthesis|[silent]
|
|upkeep
|
|t:|1760719715
|switch|p1a: Kyurem|Kyurem|100/100
|-status|p1a: Kyurem|psn
|-damage|p1a: Kyurem|76/100 psn|[from] Spikes
|-ability|p1a: Kyurem|Pressure
|turn|18
|
|t:|1760719724
|move|p1a: Kyurem|Icicle Spear|p2a: Dragonite
|-supereffective|p2a: Dragonite
|-damage|p2a: Dragonite|65/100
|-supereffective|p2a: Dragonite
|-damage|p2a: Dragonite|1/100
|-supereffective|p2a: Dragonite
|-damage|p2a: Dragonite|0 fnt
|faint|p2a: Dragonite
|-hitcount|p2: Dragonite|3
|
|-damage|p1a: Kyurem|63/100 psn|[from] psn
|upkeep
|
|t:|1760719726
|switch|p2a: Gholdengo|Gholdengo|65/100
|turn|19
|
|t:|1760719729
|-terastallize|p1a: Kyurem|Fire
|move|p2a: Gholdengo|Make It Rain|p1a: Kyurem
|-resisted|p1a: Kyurem
|-damage|p1a: Kyurem|35/100 psn
|-unboost|p2a: Gholdengo|spa|1
|move|p1a: Kyurem|Tera Blast|p2a: Gholdengo|[anim] Tera Blast Fire
|-supereffective|p2a: Gholdengo
|-damage|p2a: Gholdengo|0 fnt
|faint|p2a: Gholdengo
|
|-damage|p1a: Kyurem|22/100 psn|[from] psn
|upkeep
|
|t:|1760719733
|switch|p2a: Slowbro|Slowbro-Galar, F|100/100
|turn|20
|
|t:|1760719739
|move|p1a: Kyurem|Scale Shot|p2a: Slowbro|[miss]
|-miss|p1a: Kyurem|p2a: Slowbro
|move|p2a: Slowbro|Earthquake|p1a: Kyurem
|-supereffective|p1a: Kyurem
|-damage|p1a: Kyurem|0 fnt
|faint|p1a: Kyurem
|
|upkeep
|
|t:|1760719742
|switch|p1a: Corviknight|Corviknight, M|100/100
|-ability|p1a: Corviknight|Pressure
|turn|21
|
|t:|1760719747
|move|p1a: Corviknight|Defog|p2a: Slowbro
|-unboost|p2a: Slowbro|evasion|1
|-sideend|p1: deusyancha|Spikes|[from] move: Defog|[of] p1a: Corviknight
|-sideend|p1: deusyancha|Toxic Spikes|[from] move: Defog|[of] p1a: Corviknight
|move|p2a: Slowbro|Belly Drum|p2a: Slowbro
|-damage|p2a: Slowbro|51/100
|-setboost|p2a: Slowbro|atk|6|[from] move: Belly Drum
|
|upkeep
|turn|22
|-activate|p2a: Slowbro|ability: Quick Draw
|
|t:|1760719754
|move|p2a: Slowbro|Drain Punch|p1a: Corviknight
|-damage|p1a: Corviknight|45/100
|-heal|p2a: Slowbro|79/100|[from] drain|[of] p1a: Corviknight
|-damage|p2a: Slowbro|62/100|[from] item: Rocky Helmet|[of] p1a: Corviknight
|move|p1a: Corviknight|U-turn|p2a: Slowbro
|-damage|p2a: Slowbro|49/100
|
|t:|1760719760
|switch|p1a: Deoxys|Deoxys-Speed|100/100|[from] U-turn
|-ability|p1a: Deoxys|Pressure
|
|upkeep
|turn|23
|-activate|p2a: Slowbro|item: Quick Claw
|
|t:|1760719764
|move|p2a: Slowbro|Earthquake|p1a: Deoxys
|-damage|p1a: Deoxys|0 fnt
|faint|p1a: Deoxys
|
|upkeep
|
|t:|1760719768
|switch|p1a: Corviknight|Corviknight, M|45/100
|-ability|p1a: Corviknight|Pressure
|turn|24
|
|t:|1760719772
|move|p1a: Corviknight|Body Press|p2a: Slowbro
|-resisted|p2a: Slowbro
|-damage|p2a: Slowbro|43/100
|move|p2a: Slowbro|Drain Punch|p1a: Corviknight
|-damage|p1a: Corviknight|0 fnt
|-heal|p2a: Slowbro|66/100|[from] drain|[of] p1a: Corviknight
|-damage|p2a: Slowbro|49/100|[from] item: Rocky Helmet|[of] p1a: Corviknight
|faint|p1a: Corviknight
|
|win|Fhantazy
|raw|deusyancha's rating: 1396 &rarr; <strong>1375</strong><br />(-21 for losing)
|raw|Fhantazy's rating: 1378 &rarr; <strong>1399</strong><br />(+21 for winning)
|l|☆Fhantazy
|player|p2|
