|j|☆vapelordell
|j|☆Mars-Snako
|t:|1760890800
|gametype|singles
|player|p1|vapelordell|101|1467
|player|p2|Mars-Snako|wallace|1451
|gen|9
|tier|[Gen 9] OU
|rated|
|rule|HP Percentage Mod: HP is shown in percentages
|rule|Endless Battle Clause: Forcing endless battles is banned
|rule|Species Clause: Limit one of each Pokémon
|rule|OHKO Clause: OHKO moves are banned
|rule|Evasion Items Clause: Evasion items are banned
|rule|Evasion Moves Clause: Evasion moves are banned
|rule|Evasion Abilities Clause: Evasion abilities are banned
|rule|Sleep Moves Clause: Sleep-inducing moves are banned
|clearpoke
|poke|p1|Dondozo, F|
|poke|p1|Blissey, F|
|poke|p1|Corviknight, M|
|poke|p1|Weezing-Galar, M|
|poke|p1|Gliscor, F|
|poke|p1|Toxapex, M|
|poke|p2|Gholdengo|
|poke|p2|Kleavor, M|
|poke|p2|Hatterene, F|
|poke|p2|Kyurem|
|poke|p2|Iron Hands|
|poke|p2|Moltres|
|teampreview
|inactive|Battle timer is ON: inactive players will automatically lose when time's up. (requested by Mars-Snako)
|
|t:|1760890815
|teamsize|p1|6
|teamsize|p2|6
|start
|switch|p1a: Weezing|Weezing-Galar, M|100/100
|switch|p2a: Kleavor|Kleavor, M|100/100
|-ability|p1a: Weezing|Neutralizing Gas
|turn|1
|
|t:|1760890820
|move|p2a: Kleavor|Stone Axe|p1a: Weezing
|-damage|p1a: Weezing|79/100
|-sidestart|p1: vapelordell|move: Stealth Rock
|move|p1a: Weezing|Will-O-Wisp|p2a: Kleavor|[miss]
|-miss|p1a: Weezing|p2a: Kleavor
|
|upkeep
|turn|2
|
|t:|1760890826
|switch|p2a: Gholdengo|Gholdengo|100/100
|move|p1a: Weezing|Will-O-Wisp|p2a: Gholdengo
|-status|p2a: Gholdengo|brn
|
|-damage|p2a: Gholdengo|94/100 brn|[from] brn
|upkeep
|turn|3
|
|t:|1760890838
|switch|p2a: Iron Hands|Iron Hands|100/100
|-end|p1a: Weezing|ability: Neutralizing Gas
|switch|p1a: Blissey|Blissey, F|100/100
|-damage|p1a: Blissey|88/100|[from] Stealth Rock
|
|-heal|p1a: Blissey|94/100|[from] item: Leftovers
|upkeep
|turn|4
|
|t:|1760890848
|switch|p1a: Gliscor|Gliscor, F|100/100
|-damage|p1a: Gliscor|88/100|[from] Stealth Rock
|move|p2a: Iron Hands|Close Combat|p1a: Gliscor
|-resisted|p1a: Gliscor
|-damage|p1a: Gliscor|51/100
|-unboost|p2a: Iron Hands|def|1
|-unboost|p2a: Iron Hands|spd|1
|-damage|p2a: Iron Hands|91/100|[from] item: Life Orb
|
|-status|p1a: Gliscor|tox|[from] item: Toxic Orb
|upkeep
|turn|5
|
|t:|1760890856
|-end|p2a: Iron Hands|Quark Drive|[silent]
|switch|p2a: Kyurem|Kyurem|100/100
|-ability|p2a: Kyurem|Pressure
|move|p1a: Gliscor|Protect||[still]
|-fail|p1a: Gliscor
|
|-heal|p1a: Gliscor|64/100 tox|[from] ability: Poison Heal
|upkeep
|turn|6
|
|t:|1760890863
|move|p1a: Gliscor|Protect|p1a: Gliscor
|-singleturn|p1a: Gliscor|Protect
|move|p2a: Kyurem|Ice Beam|p1a: Gliscor
|-activate|p1a: Gliscor|move: Protect
|
|-heal|p1a: Gliscor|76/100 tox|[from] ability: Poison Heal
|upkeep
|turn|7
|
|t:|1760890870
|move|p2a: Kyurem|Ice Beam|p1a: Gliscor
|-supereffective|p1a: Gliscor
|-damage|p1a: Gliscor|0 fnt
|faint|p1a: Gliscor
|
|upkeep
|
|t:|1760890872
|switch|p1a: Blissey|Blissey, F|94/100
|-damage|p1a: Blissey|82/100|[from] Stealth Rock
|turn|8
|
|t:|1760890882
|switch|p2a: Hatterene|Hatterene, F|100/100
|move|p1a: Blissey|Stealth Rock|p2a: Hatterene
|move|p2a: Hatterene|Stealth Rock||[from] ability: Magic Bounce|[still]
|-fail|p2a: Hatterene
|
|-heal|p1a: Blissey|88/100|[from] item: Leftovers
|upkeep
|turn|9
|
|t:|1760890893
|switch|p2a: Iron Hands|Iron Hands|91/100
|move|p1a: Blissey|Seismic Toss|p2a: Iron Hands
|-damage|p2a: Iron Hands|71/100
|
|-heal|p1a: Blissey|94/100|[from] item: Leftovers
|upkeep
|turn|10
|
|t:|1760890902
|switch|p1a: Weezing|Weezing-Galar, M|79/100
|-ability|p1a: Weezing|Neutralizing Gas
|move|p2a: Iron Hands|Supercell Slam|p1a: Weezing
|-damage|p1a: Weezing|27/100
|-damage|p2a: Iron Hands|61/100|[from] item: Life Orb
|
|upkeep
|turn|11
|
|t:|1760890915
|-end|p2a: Iron Hands|Quark Drive|[silent]
|switch|p2a: Gholdengo|Gholdengo|94/100 brn
|move|p1a: Weezing|Defog|p2a: Gholdengo
|-unboost|p2a: Gholdengo|evasion|1
|-sideend|p1: vapelordell|Stealth Rock|[from] move: Defog|[of] p1a: Weezing
|
|-damage|p2a: Gholdengo|88/100 brn|[from] brn
|upkeep
|turn|12
|
|t:|1760890928
|switch|p2a: Kleavor|Kleavor, M|100/100
|move|p1a: Weezing|Pain Split|p2a: Kleavor
|-sethp|p2a: Kleavor|66/100|[from] move: Pain Split|[silent]
|-sethp|p1a: Weezing|56/100|[from] move: Pain Split
|
|upkeep
|turn|13
|
|t:|1760890939
|switch|p2a: Gholdengo|Gholdengo|88/100 brn
|move|p1a: Weezing|Will-O-Wisp|p2a: Gholdengo|[miss]
|-miss|p1a: Weezing|p2a: Gholdengo
|
|-damage|p2a: Gholdengo|82/100 brn|[from] brn
|upkeep
|turn|14
|
|t:|1760890945
|-end|p1a: Weezing|ability: Neutralizing Gas
|switch|p1a: Blissey|Blissey, F|94/100
|move|p2a: Gholdengo|Make It Rain|p1a: Blissey
|-damage|p1a: Blissey|73/100
|-unboost|p2a: Gholdengo|spa|1
|
|-heal|p1a: Blissey|79/100|[from] item: Leftovers
|-damage|p2a: Gholdengo|76/100 brn|[from] brn
|upkeep
|turn|15
|
|t:|1760890953
|switch|p2a: Hatterene|Hatterene, F|100/100
|move|p1a: Blissey|Seismic Toss|p2a: Hatterene
|-damage|p2a: Hatterene|68/100
|
|-heal|p1a: Blissey|85/100|[from] item: Leftovers
|upkeep
|turn|16
|
|t:|1760890957
|move|p1a: Blissey|Seismic Toss|p2a: Hatterene
|-damage|p2a: Hatterene|36/100
|move|p2a: Hatterene|Draining Kiss|p1a: Blissey
|-damage|p1a: Blissey|76/100
|-heal|p2a: Hatterene|51/100|[from] drain|[of] p1a: Blissey
|
|-heal|p1a: Blissey|82/100|[from] item: Leftovers
|upkeep
|turn|17
|
|t:|1760890964
|switch|p2a: Iron Hands|Iron Hands|61/100
|move|p1a: Blissey|Seismic Toss|p2a: Iron Hands
|-damage|p2a: Iron Hands|41/100
|
|-heal|p1a: Blissey|88/100|[from] item: Leftovers
|upkeep
|turn|18
|
|t:|1760890970
|switch|p1a: Toxapex|Toxapex, M|100/100
|move|p2a: Iron Hands|Supercell Slam|p1a: Toxapex
|-supereffective|p1a: Toxapex
|-damage|p1a: Toxapex|0 fnt
|faint|p1a: Toxapex
|-damage|p2a: Iron Hands|31/100|[from] item: Life Orb
|
|upkeep
|
|t:|1760890977
|switch|p1a: Weezing|Weezing-Galar, M|56/100
|-ability|p1a: Weezing|Neutralizing Gas
|turn|19
|
|t:|1760890982
|-end|p2a: Iron Hands|Quark Drive|[silent]
|switch|p2a: Gholdengo|Gholdengo|76/100 brn
|move|p1a: Weezing|Strange Steam|p2a: Gholdengo
|-resisted|p2a: Gholdengo
|-damage|p2a: Gholdengo|63/100 brn
|
|-damage|p2a: Gholdengo|57/100 brn|[from] brn
|upkeep
|turn|20
|
|t:|1760890985
|-end|p1a: Weezing|ability: Neutralizing Gas
|switch|p1a: Blissey|Blissey, F|88/100
|move|p2a: Gholdengo|Recover|p2a: Gholdengo
|-heal|p2a: Gholdengo|100/100 brn
|
|-heal|p1a: Blissey|95/100|[from] item: Leftovers
|-damage|p2a: Gholdengo|94/100 brn|[from] brn
|upkeep
|turn|21
|
|t:|1760890988
|switch|p2a: Kleavor|Kleavor, M|66/100
|move|p1a: Blissey|Stealth Rock|p2a: Kleavor
|-sidestart|p2: Mars-Snako|move: Stealth Rock
|
|-heal|p1a: Blissey|100/100|[from] item: Leftovers
|upkeep
|turn|22
|
|t:|1760890992
|switch|p1a: Weezing|Weezing-Galar, M|56/100
|-ability|p1a: Weezing|Neutralizing Gas
|move|p2a: Kleavor|Stone Axe|p1a: Weezing
|-damage|p1a: Weezing|35/100
|-sidestart|p1: vapelordell|move: Stealth Rock
|
|upkeep
|turn|23
|
|t:|1760891007
|switch|p2a: Moltres|Moltres|100/100
|move|p1a: Weezing|Defog|p2a: Moltres
|-unboost|p2a: Moltres|evasion|1
|-sideend|p2: Mars-Snako|Stealth Rock|[from] move: Defog|[of] p1a: Weezing
|-sideend|p1: vapelordell|Stealth Rock|[from] move: Defog|[of] p1a: Weezing
|
|upkeep
|turn|24
|
|t:|1760891019
|move|p2a: Moltres|Flamethrower|p1a: Weezing
|-damage|p1a: Weezing|0 fnt
|faint|p1a: Weezing
|-end|p1a: Weezing|ability: Neutralizing Gas
|
|upkeep
|
|t:|1760891027
|switch|p1a: Blissey|Blissey, F|100/100
|turn|25
|
|t:|1760891031
|move|p2a: Moltres|U-turn|p1a: Blissey
|-damage|p1a: Blissey|85/100
|
|t:|1760891043
|switch|p2a: Kleavor|Kleavor, M|66/100|[from] U-turn
|move|p1a: Blissey|Seismic Toss|p2a: Kleavor
|-damage|p2a: Kleavor|31/100
|
|-heal|p1a: Blissey|91/100|[from] item: Leftovers
|upkeep
|turn|26
|
|t:|1760891051
|move|p2a: Kleavor|Stone Axe|p1a: Blissey
|-damage|p1a: Blissey|36/100
|-sidestart|p1: vapelordell|move: Stealth Rock
|move|p1a: Blissey|Seismic Toss|p2a: Kleavor
|-damage|p2a: Kleavor|0 fnt
|faint|p2a: Kleavor
|
|-heal|p1a: Blissey|42/100|[from] item: Leftovers
|upkeep
|
|t:|1760891067
|switch|p2a: Iron Hands|Iron Hands|31/100
|turn|27
|
|t:|1760891072
|move|p1a: Blissey|Seismic Toss|p2a: Iron Hands
|-damage|p2a: Iron Hands|12/100
|move|p2a: Iron Hands|Supercell Slam|p1a: Blissey
|-damage|p1a: Blissey|0 fnt
|faint|p1a: Blissey
|-damage|p2a: Iron Hands|2/100|[from] item: Life Orb
|
|upkeep
|
|t:|1760891078
|switch|p1a: Dondozo|Dondozo, F|100/100
|-damage|p1a: Dondozo|88/100|[from] Stealth Rock
|turn|28
|
|t:|1760891086
|move|p2a: Iron Hands|Supercell Slam|p1a: Dondozo
|-supereffective|p1a: Dondozo
|-damage|p1a: Dondozo|17/100
|-damage|p2a: Iron Hands|0 fnt|[from] item: Life Orb
|faint|p2a: Iron Hands
|-end|p2a: Iron Hands|Quark Drive|[silent]
|move|p1a: Dondozo|Body Press|p2: Iron Hands|[notarget]
|-fail|p1a: Dondozo
|
|-heal|p1a: Dondozo|23/100|[from] item: Leftovers
|upkeep
|
|t:|1760891095
|switch|p2a: Kyurem|Kyurem|100/100
|-ability|p2a: Kyurem|Pressure
|turn|29
|
|t:|1760891100
|move|p2a: Kyurem|Freeze-Dry|p1a: Dondozo
|-supereffective|p1a: Dondozo
|-damage|p1a: Dondozo|0 fnt
|faint|p1a: Dondozo
|
|upkeep
|
|t:|1760891102
|switch|p1a: Corviknight|Corviknight, M|100/100
|-damage|p1a: Corviknight|88/100|[from] Stealth Rock
|-ability|p1a: Corviknight|Pressure
|turn|30
|
|t:|1760891108
|move|p2a: Kyurem|Freeze-Dry|p1a: Corviknight
|-damage|p1a: Corviknight|38/100
|move|p1a: Corviknight|Iron Defense|p1a: Corviknight
|-boost|p1a: Corviknight|def|2
|
|-heal|p1a: Corviknight|44/100|[from] item: Leftovers
|upkeep
|turn|31
|
|t:|1760891113
|-terastallize|p1a: Corviknight|Fighting
|move|p2a: Kyurem|Freeze-Dry|p1a: Corviknight
|-damage|p1a: Corviknight|0 fnt
|faint|p1a: Corviknight
|
|win|Mars-Snako
|raw|vapelordell's rating: 1467 &rarr; <strong>1446</strong><br />(-21 for losing)
|raw|Mars-Snako's rating: 1451 &rarr; <strong>1472</strong><br />(+21 for winning)
|l|☆vapelordell
|player|p1|
|l|☆Mars-Snako
|player|p2|
