|j|☆HZBKAI8
|j|☆bronzong72
|t:|1760846744
|gametype|singles
|player|p1|HZBKAI8|266|1164
|player|p2|bronzong72|falkner|1211
|gen|9
|tier|[Gen 9] OU
|rated|
|rule|HP Percentage Mod: HP is shown in percentages
|rule|Endless Battle Clause: Forcing endless battles is banned
|rule|Species Clause: Limit one of each Pokémon
|rule|OHKO Clause: OHKO moves are banned
|rule|Evasion Items Clause: Evasion items are banned
|rule|Evasion Moves Clause: Evasion moves are banned
|rule|Evasion Abilities Clause: Evasion abilities are banned
|rule|Sleep Moves Clause: Sleep-inducing moves are banned
|clearpoke
|poke|p1|Dragapult, M|
|poke|p1|Tinkaton, F|
|poke|p1|Rotom-Heat|
|poke|p1|Ludicolo, F|
|poke|p1|Dugtrio-Alola, M|
|poke|p1|Hydrapple, F|
|poke|p2|Primarina, F|
|poke|p2|Gholdengo|
|poke|p2|Muk-Alola, M|
|poke|p2|Great Tusk|
|poke|p2|Rillaboom, M|
|poke|p2|Zapdos|
|teampreview
|inactive|Battle timer is ON: inactive players will automatically lose when time's up. (requested by bronzong72)
|
|t:|1760846748
|teamsize|p1|6
|teamsize|p2|6
|start
|switch|p1a: Rotom|Rotom-Heat|100/100
|switch|p2a: Muk|Muk-Alola, M|100/100
|turn|1
|
|t:|1760846754
|move|p1a: Rotom|Overheat|p2a: Muk
|-damage|p2a: Muk|64/100
|-unboost|p1a: Rotom|spa|2
|move|p2a: Muk|Knock Off|p1a: Rotom
|-crit|p1a: Rotom
|-damage|p1a: Rotom|34/100
|-status|p1a: Rotom|psn|[from] ability: Poison Touch|[of] p2a: Muk
|-enditem|p1a: Rotom|Leftovers|[from] move: Knock Off|[of] p2a: Muk
|
|-heal|p2a: Muk|70/100|[from] item: Leftovers
|-damage|p1a: Rotom|22/100 psn|[from] psn
|upkeep
|turn|2
|
|t:|1760846771
|move|p1a: Rotom|Overheat|p2a: Muk
|-damage|p2a: Muk|51/100
|-unboost|p1a: Rotom|spa|2
|move|p2a: Muk|Knock Off|p1a: Rotom
|-damage|p1a: Rotom|0 fnt
|faint|p1a: Rotom
|
|-heal|p2a: Muk|57/100|[from] item: Leftovers
|upkeep
|
|t:|1760846771
|switch|p1a: Dugtrio|Dugtrio-Alola, M|100/100
|turn|3
|
|t:|1760846775
|switch|p2a: Zapdos|Zapdos|100/100
|move|p1a: Dugtrio|Earthquake|p2a: Zapdos
|-immune|p2a: Zapdos
|
|upkeep
|turn|4
|
|t:|1760846778
|move|p1a: Dugtrio|Smack Down|p2a: Zapdos
|-supereffective|p2a: Zapdos
|-damage|p2a: Zapdos|79/100
|-start|p2a: Zapdos|Smack Down
|move|p2a: Zapdos|Heat Wave|p1a: Dugtrio
|-supereffective|p1a: Dugtrio
|-damage|p1a: Dugtrio|0 fnt
|faint|p1a: Dugtrio
|
|upkeep
|
|t:|1760846784
|switch|p1a: Dragapult|Dragapult, M|100/100
|turn|5
|
|t:|1760846791
|move|p1a: Dragapult|Draco Meteor|p2a: Zapdos
|-damage|p2a: Zapdos|13/100
|-unboost|p1a: Dragapult|spa|2
|-damage|p1a: Dragapult|91/100|[from] item: Life Orb
|move|p2a: Zapdos|Thunder Wave|p1a: Dragapult
|-status|p1a: Dragapult|par
|
|upkeep
|turn|6
|
|t:|1760846805
|switch|p2a: Primarina|Primarina, F|100/100
|cant|p1a: Dragapult|par
|
|upkeep
|turn|7
|
|t:|1760846812
|cant|p1a: Dragapult|par
|move|p2a: Primarina|Flip Turn|p1a: Dragapult
|-resisted|p1a: Dragapult
|-damage|p1a: Dragapult|81/100 par
|
|t:|1760846816
|switch|p2a: Muk|Muk-Alola, M|57/100|[from] Flip Turn
|
|-heal|p2a: Muk|63/100|[from] item: Leftovers
|upkeep
|turn|8
|
|t:|1760846821
|move|p1a: Dragapult|Draco Meteor|p2a: Muk
|-damage|p2a: Muk|42/100
|-unboost|p1a: Dragapult|spa|2
|-damage|p1a: Dragapult|71/100 par|[from] item: Life Orb
|move|p2a: Muk|Knock Off|p1a: Dragapult
|-supereffective|p1a: Dragapult
|-damage|p1a: Dragapult|0 fnt
|-enditem|p1a: Dragapult|Life Orb|[from] move: Knock Off|[of] p2a: Muk
|faint|p1a: Dragapult
|
|-heal|p2a: Muk|48/100|[from] item: Leftovers
|upkeep
|
|t:|1760846823
|switch|p1a: Tinkaton|Tinkaton, F|100/100
|-item|p1a: Tinkaton|Air Balloon
|turn|9
|inactive|bronzong72 has 120 seconds left.
|
|t:|1760846854
|switch|p2a: Zapdos|Zapdos|13/100
|move|p1a: Tinkaton|Gigaton Hammer|p2a: Zapdos
|-resisted|p2a: Zapdos
|-damage|p2a: Zapdos|0 fnt
|faint|p2a: Zapdos
|
|upkeep
|inactive|bronzong72 has 120 seconds left.
|
|t:|1760846867
|switch|p2a: Gholdengo|Gholdengo|100/100
|turn|10
|
|t:|1760846869
|move|p2a: Gholdengo|Trick|p1a: Tinkaton
|-activate|p2a: Gholdengo|move: Trick|[of] p1a: Tinkaton
|-item|p1a: Tinkaton|Choice Scarf|[from] move: Trick
|-item|p2a: Gholdengo|Air Balloon
|-item|p2a: Gholdengo|Air Balloon|[from] move: Trick
|move|p1a: Tinkaton|Thunder Wave|p2a: Gholdengo
|-immune|p2a: Gholdengo|[from] ability: Good as Gold
|
|upkeep
|turn|11
|
|t:|1760846879
|move|p1a: Tinkaton|Thunder Wave|p2a: Gholdengo
|-immune|p2a: Gholdengo|[from] ability: Good as Gold
|move|p2a: Gholdengo|Shadow Ball|p1a: Tinkaton
|-damage|p1a: Tinkaton|56/100
|
|upkeep
|turn|12
|
|t:|1760846885
|move|p1a: Tinkaton|Thunder Wave|p2a: Gholdengo
|-immune|p2a: Gholdengo|[from] ability: Good as Gold
|move|p2a: Gholdengo|Shadow Ball|p1a: Tinkaton
|-damage|p1a: Tinkaton|14/100
|
|upkeep
|turn|13
|
|t:|1760846891
|move|p1a: Tinkaton|Thunder Wave|p2a: Gholdengo
|-immune|p2a: Gholdengo|[from] ability: Good as Gold
|move|p2a: Gholdengo|Shadow Ball|p1a: Tinkaton
|-damage|p1a: Tinkaton|0 fnt
|faint|p1a: Tinkaton
|
|upkeep
|
|t:|1760846900
|switch|p1a: Hydrapple|Hydrapple, F|100/100
|turn|14
|
|t:|1760846908
|move|p2a: Gholdengo|Dazzling Gleam|p1a: Hydrapple
|-supereffective|p1a: Hydrapple
|-damage|p1a: Hydrapple|44/100
|move|p1a: Hydrapple|Earth Power|p2a: Gholdengo
|-immune|p2a: Gholdengo
|
|upkeep
|turn|15
|
|t:|1760846914
|move|p2a: Gholdengo|Dazzling Gleam|p1a: Hydrapple
|-supereffective|p1a: Hydrapple
|-damage|p1a: Hydrapple|0 fnt
|faint|p1a: Hydrapple
|
|upkeep
|
|t:|1760846915
|switch|p1a: Ludicolo|Ludicolo, F|100/100
|turn|16
|
|t:|1760846923
|move|p2a: Gholdengo|Trick|p1a: Ludicolo
|-activate|p2a: Gholdengo|move: Trick|[of] p1a: Ludicolo
|-item|p1a: Ludicolo|Air Balloon
|-item|p1a: Ludicolo|Air Balloon|[from] move: Trick
|-item|p2a: Gholdengo|Leftovers|[from] move: Trick
|move|p1a: Ludicolo|Bubble Beam|p2a: Gholdengo
|-damage|p2a: Gholdengo|67/100
|
|-heal|p2a: Gholdengo|73/100|[from] item: Leftovers
|upkeep
|turn|17
|
|t:|1760846930
|move|p2a: Gholdengo|Shadow Ball|p1a: Ludicolo
|-damage|p1a: Ludicolo|48/100
|-enditem|p1a: Ludicolo|Air Balloon
|move|p1a: Ludicolo|Bubble Beam|p2a: Gholdengo
|-damage|p2a: Gholdengo|37/100
|
|-heal|p2a: Gholdengo|43/100|[from] item: Leftovers
|upkeep
|turn|18
|
|t:|1760846937
|move|p2a: Gholdengo|Shadow Ball|p1a: Ludicolo
|-damage|p1a: Ludicolo|0 fnt
|faint|p1a: Ludicolo
|
|win|bronzong72
|raw|HZBKAI8's rating: 1164 &rarr; <strong>1142</strong><br />(-22 for losing)
|raw|bronzong72's rating: 1211 &rarr; <strong>1233</strong><br />(+22 for winning)
|l|☆HZBKAI8
|player|p1|
|l|☆bronzong72
|player|p2|
