|j|☆lzw00
|j|☆shadow12q
|t:|1760768365
|gametype|singles
|player|p1|lzw00|cynthia|1164
|player|p2|shadow12q|bede|1246
|gen|9
|tier|[Gen 9] OU
|rated|
|rule|HP Percentage Mod: HP is shown in percentages
|rule|Endless Battle Clause: Forcing endless battles is banned
|rule|Species Clause: Limit one of each Pokémon
|rule|OHKO Clause: OHKO moves are banned
|rule|Evasion Items Clause: Evasion items are banned
|rule|Evasion Moves Clause: Evasion moves are banned
|rule|Evasion Abilities Clause: Evasion abilities are banned
|rule|Sleep Moves Clause: Sleep-inducing moves are banned
|clearpoke
|poke|p1|Regidrago|
|poke|p1|Moltres-Galar|
|poke|p1|Great Tusk|
|poke|p1|Ceruledge, F|
|poke|p1|Fezandipiti, M|
|poke|p1|Zapdos|
|poke|p2|Tinkaton, F|
|poke|p2|Azumarill, M|
|poke|p2|Weezing-Galar, F|
|poke|p2|Gardevoir, F|
|poke|p2|Mimikyu, M|
|poke|p2|Hatterene, F|
|teampreview
|
|t:|1760768391
|teamsize|p1|6
|teamsize|p2|6
|start
|switch|p1a: Moltres|Moltres-Galar, shiny|100/100
|switch|p2a: Tinkaton|Tinkaton, F|100/100
|turn|1
|inactive|Battle timer is ON: inactive players will automatically lose when time's up. (requested by shadow12q)
|
|t:|1760768410
|move|p1a: Moltres|Nasty Plot|p1a: Moltres
|-boost|p1a: Moltres|spa|2
|move|p2a: Tinkaton|Thunder Wave|p1a: Moltres
|-status|p1a: Moltres|par
|
|upkeep
|turn|2
|
|t:|1760768417
|move|p2a: Tinkaton|Encore|p1a: Moltres
|-start|p1a: Moltres|Encore
|move|p1a: Moltres|Nasty Plot|p1a: Moltres
|-boost|p1a: Moltres|spa|2
|
|upkeep
|turn|3
|
|t:|1760768424
|switch|p2a: Azumarill|Azumarill, M, shiny|100/100
|cant|p1a: Moltres|par
|
|upkeep
|turn|4
|
|t:|1760768429
|move|p2a: Azumarill|Belly Drum|p2a: Azumarill
|-damage|p2a: Azumarill|50/100
|-setboost|p2a: Azumarill|atk|6|[from] move: Belly Drum
|-enditem|p2a: Azumarill|Sitrus Berry|[eat]
|-heal|p2a: Azumarill|75/100|[from] item: Sitrus Berry
|cant|p1a: Moltres|par
|
|-end|p1a: Moltres|Encore
|upkeep
|turn|5
|
|t:|1760768439
|move|p2a: Azumarill|Play Rough|p1a: Moltres
|-supereffective|p1a: Moltres
|-damage|p1a: Moltres|0 fnt
|faint|p1a: Moltres
|
|upkeep
|
|t:|1760768448
|switch|p1a: Zapdos|Zapdos|100/100
|-ability|p1a: Zapdos|Pressure
|turn|6
|
|t:|1760768455
|-terastallize|p2a: Azumarill|Steel
|move|p1a: Zapdos|Thunderbolt|p2a: Azumarill
|-damage|p2a: Azumarill|32/100
|move|p2a: Azumarill|Play Rough|p1a: Zapdos|[miss]
|-miss|p2a: Azumarill|p1a: Zapdos
|
|upkeep
|turn|7
|
|t:|1760768464
|move|p2a: Azumarill|Aqua Jet|p1a: Zapdos
|-damage|p1a: Zapdos|28/100
|move|p1a: Zapdos|Thunderbolt|p2a: Azumarill
|-damage|p2a: Azumarill|0 fnt
|faint|p2a: Azumarill
|
|upkeep
|
|t:|1760768473
|switch|p2a: Gardevoir|Gardevoir, F|100/100
|-ability|p2a: Gardevoir|Pressure|Trace|[from] ability: Trace|[of] p1a: Zapdos
|-ability|p2a: Gardevoir|Pressure
|turn|8
|
|t:|1760768479
|switch|p1a: Fezandipiti|Fezandipiti, M|100/100
|move|p2a: Gardevoir|Psychic|p1a: Fezandipiti
|-supereffective|p1a: Fezandipiti
|-damage|p1a: Fezandipiti|38/100
|
|upkeep
|turn|9
|
|t:|1760768486
|-terastallize|p1a: Fezandipiti|Dark
|move|p2a: Gardevoir|Psychic|p1a: Fezandipiti
|-immune|p1a: Fezandipiti
|move|p1a: Fezandipiti|Roost|p1a: Fezandipiti
|-heal|p1a: Fezandipiti|88/100
|
|upkeep
|turn|10
|
|t:|1760768495
|switch|p2a: Tinkaton|Tinkaton, F|100/100
|move|p1a: Fezandipiti|Beat Up|p2a: Tinkaton
|-resisted|p2a: Tinkaton
|-crit|p2a: Tinkaton
|-damage|p2a: Tinkaton|97/100
|-resisted|p2a: Tinkaton
|-damage|p2a: Tinkaton|95/100
|-resisted|p2a: Tinkaton
|-damage|p2a: Tinkaton|92/100
|-resisted|p2a: Tinkaton
|-damage|p2a: Tinkaton|89/100
|-resisted|p2a: Tinkaton
|-crit|p2a: Tinkaton
|-damage|p2a: Tinkaton|85/100
|-hitcount|p2a: Tinkaton|5
|
|-heal|p2a: Tinkaton|92/100|[from] item: Leftovers
|upkeep
|turn|11
|
|t:|1760768510
|switch|p1a: Great Tusk|Great Tusk|100/100
|move|p2a: Tinkaton|Knock Off|p1a: Great Tusk
|-resisted|p1a: Great Tusk
|-crit|p1a: Great Tusk
|-damage|p1a: Great Tusk|91/100
|-enditem|p1a: Great Tusk|Heavy-Duty Boots|[from] move: Knock Off|[of] p2a: Tinkaton
|
|-heal|p2a: Tinkaton|98/100|[from] item: Leftovers
|upkeep
|turn|12
|
|t:|1760768526
|move|p1a: Great Tusk|Stealth Rock|p2a: Tinkaton
|-sidestart|p2: shadow12q|move: Stealth Rock
|move|p2a: Tinkaton|Gigaton Hammer|p1a: Great Tusk
|-damage|p1a: Great Tusk|58/100
|
|-heal|p2a: Tinkaton|100/100|[from] item: Leftovers
|upkeep
|turn|13
|
|t:|1760768535
|move|p1a: Great Tusk|Headlong Rush|p2a: Tinkaton
|-supereffective|p2a: Tinkaton
|-damage|p2a: Tinkaton|0 fnt
|-unboost|p1a: Great Tusk|def|1
|-unboost|p1a: Great Tusk|spd|1
|faint|p2a: Tinkaton
|
|upkeep
|
|t:|1760768546
|switch|p2a: Gardevoir|Gardevoir, F|100/100
|-damage|p2a: Gardevoir|88/100|[from] Stealth Rock
|turn|14
|
|t:|1760768552
|move|p2a: Gardevoir|Moonblast|p1a: Great Tusk
|-supereffective|p1a: Great Tusk
|-damage|p1a: Great Tusk|0 fnt
|faint|p1a: Great Tusk
|-end|p1a: Great Tusk|Protosynthesis|[silent]
|
|upkeep
|
|t:|1760768560
|switch|p1a: Regidrago|Regidrago|100/100
|-ability|p2a: Gardevoir|Dragon's Maw|Trace|[from] ability: Trace|[of] p1a: Regidrago
|turn|15
|
|t:|1760768567
|move|p1a: Regidrago|Earth Power|p2a: Gardevoir
|-damage|p2a: Gardevoir|61/100
|-unboost|p2a: Gardevoir|spd|1
|move|p2a: Gardevoir|Moonblast|p1a: Regidrago
|-supereffective|p1a: Regidrago
|-damage|p1a: Regidrago|0 fnt
|faint|p1a: Regidrago
|
|upkeep
|
|t:|1760768577
|switch|p1a: Fezandipiti|Fezandipiti, M, tera:Dark|88/100
|turn|16
|
|t:|1760768581
|move|p2a: Gardevoir|Moonblast|p1a: Fezandipiti
|-supereffective|p1a: Fezandipiti
|-damage|p1a: Fezandipiti|23/100
|-unboost|p1a: Fezandipiti|spa|1
|move|p1a: Fezandipiti|Beat Up|p2a: Gardevoir
|-damage|p2a: Gardevoir|54/100
|-damage|p2a: Gardevoir|43/100
|-status|p2a: Gardevoir|tox|[from] ability: Toxic Chain|[of] p1a: Fezandipiti
|-damage|p2a: Gardevoir|36/100 tox
|-hitcount|p2a: Gardevoir|3
|
|-damage|p2a: Gardevoir|29/100 tox|[from] psn
|upkeep
|turn|17
|
|t:|1760768595
|switch|p1a: Zapdos|Zapdos|28/100
|-ability|p1a: Zapdos|Pressure
|move|p2a: Gardevoir|Moonblast|p1a: Zapdos
|-damage|p1a: Zapdos|0 fnt
|faint|p1a: Zapdos
|
|-damage|p2a: Gardevoir|17/100 tox|[from] psn
|upkeep
|
|t:|1760768602
|switch|p1a: Ceruledge|Ceruledge, F|100/100
|turn|18
|
|t:|1760768608
|move|p1a: Ceruledge|Shadow Sneak|p2a: Gardevoir
|-supereffective|p2a: Gardevoir
|-damage|p2a: Gardevoir|0 fnt
|faint|p2a: Gardevoir
|
|upkeep
|
|t:|1760768624
|switch|p2a: Mimikyu|Mimikyu, M|100/100
|-damage|p2a: Mimikyu|88/100|[from] Stealth Rock
|turn|19
|
|t:|1760768631
|move|p1a: Ceruledge|Swords Dance|p1a: Ceruledge
|-boost|p1a: Ceruledge|atk|2
|move|p2a: Mimikyu|Shadow Claw|p1a: Ceruledge
|-supereffective|p1a: Ceruledge
|-enditem|p1a: Ceruledge|Focus Sash
|-damage|p1a: Ceruledge|1/100
|-ability|p1a: Ceruledge|Weak Armor|boost
|-unboost|p1a: Ceruledge|def|1
|-boost|p1a: Ceruledge|spe|2
|-damage|p2a: Mimikyu|78/100|[from] item: Life Orb
|
|upkeep
|turn|20
|
|t:|1760768643
|move|p2a: Mimikyu|Shadow Sneak|p1a: Ceruledge
|-supereffective|p1a: Ceruledge
|-damage|p1a: Ceruledge|0 fnt
|faint|p1a: Ceruledge
|-damage|p2a: Mimikyu|68/100|[from] item: Life Orb
|
|upkeep
|-message|lzw00 forfeited.
|
|win|shadow12q
|raw|lzw00's rating: 1164 &rarr; <strong>1145</strong><br />(-19 for losing)
|raw|shadow12q's rating: 1246 &rarr; <strong>1265</strong><br />(+19 for winning)
|l|☆lzw00
|player|p1|
|l|☆shadow12q
|player|p2|
