|j|☆Broadsword115
|j|☆esta man oe
|t:|1760748185
|gametype|singles
|player|p1|Broadsword115|2|1115
|player|p2|esta man oe|preschooler|1151
|gen|9
|tier|[Gen 9] OU
|rated|
|rule|HP Percentage Mod: HP is shown in percentages
|rule|Endless Battle Clause: Forcing endless battles is banned
|rule|Species Clause: Limit one of each Pokémon
|rule|OHKO Clause: OHKO moves are banned
|rule|Evasion Items Clause: Evasion items are banned
|rule|Evasion Moves Clause: Evasion moves are banned
|rule|Evasion Abilities Clause: Evasion abilities are banned
|rule|Sleep Moves Clause: Sleep-inducing moves are banned
|clearpoke
|poke|p1|Staraptor, M|
|poke|p1|Golurk|
|poke|p1|Rotom-Wash|
|poke|p1|Regidrago|
|poke|p1|Forretress, F|
|poke|p1|Infernape, F|
|poke|p2|Torkoal, M|
|poke|p2|Pelipper, M|
|poke|p2|Raging Bolt|
|poke|p2|Walking Wake|
|poke|p2|Alomomola, F|
|poke|p2|Corviknight, M|
|teampreview
|inactive|Battle timer is ON: inactive players will automatically lose when time's up. (requested by esta man oe)
|
|t:|1760748198
|teamsize|p1|6
|teamsize|p2|6
|start
|switch|p1a: Forretress|Forretress, F, shiny|100/100
|switch|p2a: Raging Bolt|Raging Bolt|100/100
|turn|1
|
|t:|1760748219
|move|p2a: Raging Bolt|Volt Switch|p1a: Forretress
|-damage|p1a: Forretress|48/100
|-enditem|p1a: Forretress|Red Card|[of] p2a: Raging Bolt
|-end|p2a: Raging Bolt|Protosynthesis|[silent]
|drag|p2a: Alomomola|Alomomola, F|100/100
|move|p1a: Forretress|Stealth Rock|p2a: Alomomola
|-sidestart|p2: esta man oe|move: Stealth Rock
|
|upkeep
|turn|2
|
|t:|1760748226
|switch|p1a: Rotom|Rotom-Wash|100/100
|move|p2a: Alomomola|Flip Turn|p1a: Rotom
|-resisted|p1a: Rotom
|-damage|p1a: Rotom|90/100
|
|t:|1760748231
|switch|p2a: Raging Bolt|Raging Bolt|100/100|[from] Flip Turn
|-damage|p2a: Raging Bolt|88/100|[from] Stealth Rock
|
|upkeep
|turn|3
|
|t:|1760748239
|switch|p1a: Golurk|Golurk, shiny|100/100
|move|p2a: Raging Bolt|Draco Meteor|p1a: Golurk
|-damage|p1a: Golurk|53/100
|-unboost|p2a: Raging Bolt|spa|2
|
|upkeep
|turn|4
|
|t:|1760748262
|-end|p2a: Raging Bolt|Protosynthesis|[silent]
|switch|p2a: Corviknight|Corviknight, M|100/100
|-damage|p2a: Corviknight|88/100|[from] Stealth Rock
|move|p1a: Golurk|Poltergeist|p2a: Corviknight
|-activate|p2a: Corviknight|move: Poltergeist|Rocky Helmet
|-damage|p2a: Corviknight|52/100
|
|upkeep
|turn|5
|
|t:|1760748288
|move|p1a: Golurk|Poltergeist|p2a: Corviknight
|-activate|p2a: Corviknight|move: Poltergeist|Rocky Helmet
|-damage|p2a: Corviknight|14/100
|move|p2a: Corviknight|Roost|p2a: Corviknight
|-heal|p2a: Corviknight|64/100
|-singleturn|p2a: Corviknight|move: Roost
|
|upkeep
|turn|6
|
|t:|1760748297
|switch|p1a: Rotom|Rotom-Wash|90/100
|move|p2a: Corviknight|Roost|p2a: Corviknight
|-heal|p2a: Corviknight|100/100
|-singleturn|p2a: Corviknight|move: Roost
|
|upkeep
|turn|7
|
|t:|1760748302
|switch|p2a: Raging Bolt|Raging Bolt|88/100
|-damage|p2a: Raging Bolt|75/100|[from] Stealth Rock
|move|p1a: Rotom|Volt Switch|p2a: Raging Bolt
|-resisted|p2a: Raging Bolt
|-damage|p2a: Raging Bolt|65/100
|
|t:|1760748307
|switch|p1a: Regidrago|Regidrago|100/100|[from] Volt Switch
|
|upkeep
|turn|8
|
|t:|1760748310
|-terastallize|p2a: Raging Bolt|Fairy
|move|p1a: Regidrago|Dragon Energy|p2a: Raging Bolt
|-immune|p2a: Raging Bolt
|move|p2a: Raging Bolt|Draco Meteor|p1a: Regidrago
|-supereffective|p1a: Regidrago
|-damage|p1a: Regidrago|0 fnt
|-unboost|p2a: Raging Bolt|spa|2
|faint|p1a: Regidrago
|
|upkeep
|
|t:|1760748314
|switch|p1a: Forretress|Forretress, F, shiny|48/100
|turn|9
|
|t:|1760748323
|-end|p2a: Raging Bolt|Protosynthesis|[silent]
|switch|p2a: Alomomola|Alomomola, F|100/100
|move|p1a: Forretress|Gyro Ball|p2a: Alomomola
|-resisted|p2a: Alomomola
|-damage|p2a: Alomomola|96/100
|
|upkeep
|turn|10
|
|t:|1760748351
|switch|p1a: Rotom|Rotom-Wash|90/100
|move|p2a: Alomomola|Flip Turn|p1a: Rotom
|-resisted|p1a: Rotom
|-damage|p1a: Rotom|78/100
|
|t:|1760748358
|switch|p2a: Raging Bolt|Raging Bolt, tera:Fairy|65/100|[from] Flip Turn
|-damage|p2a: Raging Bolt|53/100|[from] Stealth Rock
|
|upkeep
|turn|11
|inactive|Broadsword115 has 120 seconds left.
|
|t:|1760748395
|move|p2a: Raging Bolt|Draco Meteor|p1a: Rotom
|-damage|p1a: Rotom|0 fnt
|-unboost|p2a: Raging Bolt|spa|2
|faint|p1a: Rotom
|
|upkeep
|
|t:|1760748401
|switch|p1a: Staraptor|Staraptor, M|100/100
|turn|12
|
|t:|1760748403
|-end|p2a: Raging Bolt|Protosynthesis|[silent]
|switch|p2a: Corviknight|Corviknight, M|100/100
|-damage|p2a: Corviknight|88/100|[from] Stealth Rock
|move|p1a: Staraptor|Brave Bird|p2a: Corviknight
|-resisted|p2a: Corviknight
|-damage|p2a: Corviknight|68/100
|-damage|p1a: Staraptor|84/100|[from] item: Rocky Helmet|[of] p2a: Corviknight
|-damage|p1a: Staraptor|76/100|[from] Recoil
|
|upkeep
|turn|13
|
|t:|1760748407
|switch|p1a: Infernape|Infernape, F|100/100
|move|p2a: Corviknight|Roost|p2a: Corviknight
|-heal|p2a: Corviknight|100/100
|-singleturn|p2a: Corviknight|move: Roost
|
|upkeep
|turn|14
|
|t:|1760748409
|switch|p2a: Pelipper|Pelipper, M|100/100
|-damage|p2a: Pelipper|75/100|[from] Stealth Rock
|-weather|RainDance|[from] ability: Drizzle|[of] p2a: Pelipper
|move|p1a: Infernape|Swords Dance|p1a: Infernape
|-boost|p1a: Infernape|atk|2
|
|-weather|RainDance|[upkeep]
|upkeep
|turn|15
|
|t:|1760748416
|move|p1a: Infernape|Raging Fury|p2a: Pelipper
|-resisted|p2a: Pelipper
|-damage|p2a: Pelipper|55/100
|move|p2a: Pelipper|Hydro Pump|p1a: Infernape
|-supereffective|p1a: Infernape
|-damage|p1a: Infernape|0 fnt
|faint|p1a: Infernape
|
|-weather|RainDance|[upkeep]
|upkeep
|
|t:|1760748420
|switch|p1a: Golurk|Golurk, shiny|53/100
|turn|16
|
|t:|1760748429
|switch|p2a: Corviknight|Corviknight, M|100/100
|-damage|p2a: Corviknight|88/100|[from] Stealth Rock
|move|p1a: Golurk|Poltergeist|p2a: Corviknight
|-activate|p2a: Corviknight|move: Poltergeist|Rocky Helmet
|-damage|p2a: Corviknight|51/100
|
|-weather|RainDance|[upkeep]
|upkeep
|turn|17
|
|t:|1760748432
|move|p1a: Golurk|Dynamic Punch|p2a: Corviknight
|-damage|p2a: Corviknight|28/100
|-start|p2a: Corviknight|confusion
|-damage|p1a: Golurk|37/100|[from] item: Rocky Helmet|[of] p2a: Corviknight
|-activate|p2a: Corviknight|confusion
|move|p2a: Corviknight|Roost|p2a: Corviknight
|-heal|p2a: Corviknight|78/100
|-singleturn|p2a: Corviknight|move: Roost
|
|-weather|RainDance|[upkeep]
|upkeep
|turn|18
|
|t:|1760748439
|move|p1a: Golurk|Poltergeist|p2a: Corviknight
|-activate|p2a: Corviknight|move: Poltergeist|Rocky Helmet
|-damage|p2a: Corviknight|42/100
|-activate|p2a: Corviknight|confusion
|-damage|p2a: Corviknight|37/100|[from] confusion
|
|-weather|RainDance|[upkeep]
|upkeep
|turn|19
|
|t:|1760748445
|move|p1a: Golurk|Dynamic Punch|p2a: Corviknight
|-damage|p2a: Corviknight|14/100
|-damage|p1a: Golurk|20/100|[from] item: Rocky Helmet|[of] p2a: Corviknight
|-end|p2a: Corviknight|confusion
|move|p2a: Corviknight|U-turn|p1a: Golurk
|-resisted|p1a: Golurk
|-damage|p1a: Golurk|12/100
|
|t:|1760748455
|switch|p2a: Walking Wake|Walking Wake|100/100|[from] U-turn
|-damage|p2a: Walking Wake|88/100|[from] Stealth Rock
|
|-weather|RainDance|[upkeep]
|upkeep
|turn|20
|
|t:|1760748460
|switch|p1a: Forretress|Forretress, F, shiny|48/100
|move|p2a: Walking Wake|Hydro Steam|p1a: Forretress
|-damage|p1a: Forretress|0 fnt
|faint|p1a: Forretress
|
|-weather|RainDance|[upkeep]
|upkeep
|
|t:|1760748462
|switch|p1a: Staraptor|Staraptor, M|76/100
|turn|21
|
|t:|1760748466
|-end|p2a: Walking Wake|Protosynthesis|[silent]
|switch|p2a: Corviknight|Corviknight, M|14/100
|-damage|p2a: Corviknight|2/100|[from] Stealth Rock
|move|p1a: Staraptor|Brave Bird|p2a: Corviknight
|-resisted|p2a: Corviknight
|-damage|p2a: Corviknight|0 fnt
|-damage|p1a: Staraptor|59/100|[from] item: Rocky Helmet|[of] p2a: Corviknight
|faint|p2a: Corviknight
|-damage|p1a: Staraptor|59/100|[from] Recoil
|
|-weather|none
|upkeep
|
|t:|1760748472
|switch|p2a: Torkoal|Torkoal, M|100/100
|-damage|p2a: Torkoal|75/100|[from] Stealth Rock
|-weather|SunnyDay|[from] ability: Drought|[of] p2a: Torkoal
|turn|22
|
|t:|1760748478
|move|p1a: Staraptor|Brave Bird|p2a: Torkoal
|-damage|p2a: Torkoal|33/100
|-damage|p1a: Staraptor|43/100|[from] Recoil
|move|p2a: Torkoal|Will-O-Wisp|p1a: Staraptor
|-status|p1a: Staraptor|brn
|
|-weather|SunnyDay|[upkeep]
|-damage|p1a: Staraptor|37/100 brn|[from] brn
|upkeep
|turn|23
|
|t:|1760748485
|move|p1a: Staraptor|Brave Bird|p2a: Torkoal
|-damage|p2a: Torkoal|12/100
|-damage|p1a: Staraptor|29/100 brn|[from] Recoil
|move|p2a: Torkoal|Rapid Spin|p1a: Staraptor
|-damage|p1a: Staraptor|15/100 brn
|-boost|p2a: Torkoal|spe|1
|-sideend|p2: esta man oe|Stealth Rock|[from] move: Rapid Spin|[of] p2a: Torkoal
|
|-weather|SunnyDay|[upkeep]
|-damage|p1a: Staraptor|9/100 brn|[from] brn
|upkeep
|turn|24
|
|t:|1760748488
|switch|p2a: Alomomola|Alomomola, F|100/100
|move|p1a: Staraptor|Brave Bird|p2a: Alomomola
|-damage|p2a: Alomomola|76/100
|-damage|p1a: Staraptor|0 fnt|[from] Recoil
|faint|p1a: Staraptor
|
|-weather|SunnyDay|[upkeep]
|upkeep
|
|t:|1760748491
|switch|p1a: Golurk|Golurk, shiny|12/100
|turn|25
|
|t:|1760748494
|move|p1a: Golurk|Dynamic Punch|p2a: Alomomola
|-damage|p2a: Alomomola|47/100
|-start|p2a: Alomomola|confusion
|-activate|p2a: Alomomola|confusion
|move|p2a: Alomomola|Healing Wish|p2a: Alomomola
|faint|p2a: Alomomola
|
|-weather|SunnyDay|[upkeep]
|upkeep
|
|t:|1760748499
|switch|p2a: Walking Wake|Walking Wake|88/100
|-heal|p2a: Walking Wake|100/100|[from] move: Healing Wish
|-activate|p2a: Walking Wake|ability: Protosynthesis
|-start|p2a: Walking Wake|protosynthesisspa
|turn|26
|
|t:|1760748504
|-terastallize|p1a: Golurk|Water
|move|p2a: Walking Wake|Hydro Steam|p1a: Golurk
|-resisted|p1a: Golurk
|-damage|p1a: Golurk|0 fnt
|faint|p1a: Golurk
|
|win|esta man oe
|raw|Broadsword115's rating: 1115 &rarr; <strong>1093</strong><br />(-22 for losing)
|raw|esta man oe's rating: 1151 &rarr; <strong>1173</strong><br />(+22 for winning)
|c|☆Broadsword115|gg
