|j|☆aerii718
|j|☆maria marauders
|t:|1760792025
|gametype|singles
|player|p1|aerii718|170|1235
|player|p2|maria marauders|170|1233
|gen|9
|tier|[Gen 9] OU
|rated|
|rule|HP Percentage Mod: HP is shown in percentages
|rule|Endless Battle Clause: Forcing endless battles is banned
|rule|Species Clause: Limit one of each Pokémon
|rule|OHKO Clause: OHKO moves are banned
|rule|Evasion Items Clause: Evasion items are banned
|rule|Evasion Moves Clause: Evasion moves are banned
|rule|Evasion Abilities Clause: Evasion abilities are banned
|rule|Sleep Moves Clause: Sleep-inducing moves are banned
|clearpoke
|poke|p1|Ribombee, M|
|poke|p1|Rillaboom, F|
|poke|p1|Ursaluna, F|
|poke|p1|Hawlucha, M|
|poke|p1|Porygon-Z|
|poke|p1|Slowking-Galar, M|
|poke|p2|Hydrapple, M|
|poke|p2|Cinderace, F|
|poke|p2|Alomomola, F|
|poke|p2|Garchomp, F|
|poke|p2|Bronzong|
|poke|p2|Dragapult, M|
|teampreview
|inactive|Battle timer is ON: inactive players will automatically lose when time's up. (requested by aerii718)
|
|t:|1760792048
|teamsize|p1|6
|teamsize|p2|6
|start
|switch|p1a: Ribombee|Ribombee, M|100/100
|switch|p2a: Bronzong|Bronzong|100/100
|turn|1
|
|t:|1760792057
|move|p1a: Ribombee|Skill Swap|p2a: Bronzong
|-activate|p1a: Ribombee|move: Skill Swap|Levitate|Shield Dust|[of] p2a: Bronzong
|move|p2a: Bronzong|Stealth Rock|p1a: Ribombee
|-sidestart|p1: aerii718|move: Stealth Rock
|
|upkeep
|turn|2
|
|t:|1760792077
|move|p1a: Ribombee|Sticky Web|p2a: Bronzong
|-sidestart|p2: maria marauders|move: Sticky Web
|move|p2a: Bronzong|Psychic Noise|p1a: Ribombee
|-damage|p1a: Ribombee|64/100
|-start|p1a: Ribombee|move: Heal Block
|
|upkeep
|turn|3
|
|t:|1760792083
|move|p1a: Ribombee|Stun Spore|p2a: Bronzong|[miss]
|-miss|p1a: Ribombee|p2a: Bronzong
|move|p2a: Bronzong|Psychic Noise|p1a: Ribombee
|-damage|p1a: Ribombee|29/100
|
|-end|p1a: Ribombee|move: Heal Block
|upkeep
|turn|4
|
|t:|1760792089
|move|p1a: Ribombee|Stun Spore|p2a: Bronzong|[miss]
|-miss|p1a: Ribombee|p2a: Bronzong
|move|p2a: Bronzong|Psychic Noise|p1a: Ribombee
|-damage|p1a: Ribombee|0 fnt
|faint|p1a: Ribombee
|
|upkeep
|
|t:|1760792095
|switch|p1a: Rillaboom|Rillaboom, F|100/100
|-damage|p1a: Rillaboom|88/100|[from] Stealth Rock
|-fieldstart|move: Grassy Terrain|[from] ability: Grassy Surge|[of] p1a: Rillaboom
|turn|5
|
|t:|1760792101
|switch|p2a: Garchomp|Garchomp, F|100/100
|-activate|p2a: Garchomp|move: Sticky Web
|-unboost|p2a: Garchomp|spe|1
|move|p1a: Rillaboom|Knock Off|p2a: Garchomp
|-damage|p2a: Garchomp|75/100
|-damage|p1a: Rillaboom|75/100|[from] ability: Rough Skin|[of] p2a: Garchomp
|-damage|p1a: Rillaboom|59/100|[from] item: Rocky Helmet|[of] p2a: Garchomp
|-enditem|p2a: Garchomp|Rocky Helmet|[from] move: Knock Off|[of] p1a: Rillaboom
|
|-heal|p1a: Rillaboom|65/100|[from] Grassy Terrain
|-heal|p2a: Garchomp|81/100|[from] Grassy Terrain
|upkeep
|turn|6
|
|t:|1760792120
|move|p1a: Rillaboom|U-turn|p2a: Garchomp
|-damage|p2a: Garchomp|62/100
|-damage|p1a: Rillaboom|53/100|[from] ability: Rough Skin|[of] p2a: Garchomp
|
|t:|1760792126
|switch|p1a: Hawlucha|Hawlucha, M|100/100|[from] U-turn
|-damage|p1a: Hawlucha|88/100|[from] Stealth Rock
|-enditem|p1a: Hawlucha|Grassy Seed
|-boost|p1a: Hawlucha|def|1|[from] item: Grassy Seed
|move|p2a: Garchomp|Spikes|p1a: Hawlucha
|-sidestart|p1: aerii718|Spikes
|
|-heal|p2a: Garchomp|68/100|[from] Grassy Terrain
|upkeep
|turn|7
|
|t:|1760792134
|move|p1a: Hawlucha|Encore|p2a: Garchomp
|-start|p2a: Garchomp|Encore
|move|p2a: Garchomp|Spikes|p1a: Hawlucha
|-sidestart|p1: aerii718|Spikes
|
|-heal|p2a: Garchomp|74/100|[from] Grassy Terrain
|upkeep
|turn|8
|
|t:|1760792153
|switch|p2a: Bronzong|Bronzong|100/100
|move|p1a: Hawlucha|Swords Dance|p1a: Hawlucha
|-boost|p1a: Hawlucha|atk|2
|
|upkeep
|turn|9
|
|t:|1760792167
|switch|p2a: Hydrapple|Hydrapple, M|100/100
|-activate|p2a: Hydrapple|move: Sticky Web
|-unboost|p2a: Hydrapple|spe|1
|-terastallize|p1a: Hawlucha|Flying
|move|p1a: Hawlucha|Swords Dance|p1a: Hawlucha
|-boost|p1a: Hawlucha|atk|2
|
|upkeep
|turn|10
|
|t:|1760792180
|-terastallize|p2a: Hydrapple|Steel
|move|p1a: Hawlucha|Acrobatics|p2a: Hydrapple
|-resisted|p2a: Hydrapple
|-damage|p2a: Hydrapple|30/100
|-enditem|p2a: Hydrapple|Red Card|[of] p1a: Hawlucha
|drag|p1a: Ursaluna|Ursaluna, F|100/100
|-damage|p1a: Ursaluna|94/100|[from] Stealth Rock
|-damage|p1a: Ursaluna|78/100|[from] Spikes
|move|p2a: Hydrapple|Nasty Plot|p2a: Hydrapple
|-boost|p2a: Hydrapple|spa|2
|
|-heal|p1a: Ursaluna|84/100|[from] Grassy Terrain
|-heal|p2a: Hydrapple|36/100|[from] Grassy Terrain
|-status|p1a: Ursaluna|brn|[from] item: Flame Orb
|upkeep
|turn|11
|
|t:|1760792192
|switch|p2a: Bronzong|Bronzong|100/100
|move|p1a: Ursaluna|Fire Punch|p2a: Bronzong
|-supereffective|p2a: Bronzong
|-crit|p2a: Bronzong
|-damage|p2a: Bronzong|0 fnt
|faint|p2a: Bronzong
|
|-heal|p1a: Ursaluna|90/100 brn|[from] Grassy Terrain
|-damage|p1a: Ursaluna|84/100 brn|[from] brn
|upkeep
|
|t:|1760792198
|switch|p2a: Garchomp|Garchomp, F|74/100
|-activate|p2a: Garchomp|move: Sticky Web
|-unboost|p2a: Garchomp|spe|1
|turn|12
|
|t:|1760792202
|move|p1a: Ursaluna|Facade|p2a: Garchomp
|-damage|p2a: Garchomp|0 fnt
|-damage|p1a: Ursaluna|72/100 brn|[from] ability: Rough Skin|[of] p2a: Garchomp
|faint|p2a: Garchomp
|
|-heal|p1a: Ursaluna|78/100 brn|[from] Grassy Terrain
|-damage|p1a: Ursaluna|72/100 brn|[from] brn
|-fieldend|move: Grassy Terrain
|upkeep
|
|t:|1760792222
|switch|p2a: Cinderace|Cinderace, F|100/100
|turn|13
|
|t:|1760792225
|move|p2a: Cinderace|Pyro Ball|p1a: Ursaluna
|-damage|p1a: Ursaluna|22/100 brn
|move|p1a: Ursaluna|Facade|p2a: Cinderace
|-damage|p2a: Cinderace|0 fnt
|faint|p2a: Cinderace
|
|-damage|p1a: Ursaluna|16/100 brn|[from] brn
|upkeep
|
|t:|1760792231
|switch|p2a: Dragapult|Dragapult, M|100/100
|-activate|p2a: Dragapult|move: Sticky Web
|-unboost|p2a: Dragapult|spe|1
|turn|14
|
|t:|1760792238
|move|p2a: Dragapult|Dragon Darts|p1a: Ursaluna
|-damage|p1a: Ursaluna|0 fnt
|faint|p1a: Ursaluna
|
|upkeep
|
|t:|1760792243
|switch|p1a: Porygon-Z|Porygon-Z|100/100
|-damage|p1a: Porygon-Z|88/100|[from] Stealth Rock
|-damage|p1a: Porygon-Z|72/100|[from] Spikes
|turn|15
|
|t:|1760792248
|switch|p2a: Alomomola|Alomomola, F|100/100
|-activate|p2a: Alomomola|move: Sticky Web
|-unboost|p2a: Alomomola|spe|1
|move|p1a: Porygon-Z|Ice Beam|p2a: Alomomola
|-resisted|p2a: Alomomola
|-damage|p2a: Alomomola|91/100
|-status|p2a: Alomomola|frz
|-damage|p1a: Porygon-Z|62/100|[from] item: Life Orb
|
|upkeep
|turn|16
|
|t:|1760792254
|move|p1a: Porygon-Z|Nasty Plot|p1a: Porygon-Z
|-boost|p1a: Porygon-Z|spa|2
|cant|p2a: Alomomola|frz
|
|upkeep
|turn|17
|
|t:|1760792258
|move|p1a: Porygon-Z|Thunderbolt|p2a: Alomomola
|-supereffective|p2a: Alomomola
|-damage|p2a: Alomomola|15/100 frz
|-damage|p1a: Porygon-Z|52/100|[from] item: Life Orb
|-curestatus|p2a: Alomomola|frz|[msg]
|move|p2a: Alomomola|Flip Turn|p1a: Porygon-Z
|-damage|p1a: Porygon-Z|26/100
|
|t:|1760792264
|switch|p2a: Dragapult|Dragapult, M|100/100|[from] Flip Turn
|-activate|p2a: Dragapult|move: Sticky Web
|-unboost|p2a: Dragapult|spe|1
|
|upkeep
|turn|18
|
|t:|1760792268
|move|p2a: Dragapult|Dragon Darts|p1a: Porygon-Z
|-damage|p1a: Porygon-Z|0 fnt
|faint|p1a: Porygon-Z
|
|upkeep
|
|t:|1760792275
|switch|p1a: Rillaboom|Rillaboom, F|53/100
|-damage|p1a: Rillaboom|40/100|[from] Stealth Rock
|-damage|p1a: Rillaboom|23/100|[from] Spikes
|-fieldstart|move: Grassy Terrain|[from] ability: Grassy Surge|[of] p1a: Rillaboom
|turn|19
|
|t:|1760792279
|move|p1a: Rillaboom|Grassy Glide|p2a: Dragapult
|-resisted|p2a: Dragapult
|-damage|p2a: Dragapult|72/100
|move|p2a: Dragapult|Dragon Darts|p1a: Rillaboom
|-damage|p1a: Rillaboom|5/100
|-anim|p2a: Dragapult|Dragon Darts|p1a: Rillaboom
|-damage|p1a: Rillaboom|0 fnt
|faint|p1a: Rillaboom
|
|-heal|p2a: Dragapult|78/100|[from] Grassy Terrain
|upkeep
|-message|aerii718 forfeited.
|
|win|maria marauders
|raw|aerii718's rating: 1235 &rarr; <strong>1210</strong><br />(-25 for losing)
|raw|maria marauders's rating: 1233 &rarr; <strong>1258</strong><br />(+25 for winning)
|l|☆aerii718
|player|p1|
|l|☆maria marauders
|player|p2|
