|j|☆smokedsalmondawg
|j|☆chrxn't
|t:|1760849027
|gametype|singles
|player|p1|smokedsalmondawg|101|1058
|player|p2|chrxn't|psychic-gen4|1078
|gen|9
|tier|[Gen 9] OU
|rated|
|rule|HP Percentage Mod: HP is shown in percentages
|rule|Endless Battle Clause: Forcing endless battles is banned
|rule|Species Clause: Limit one of each Pokémon
|rule|OHKO Clause: OHKO moves are banned
|rule|Evasion Items Clause: Evasion items are banned
|rule|Evasion Moves Clause: Evasion moves are banned
|rule|Evasion Abilities Clause: Evasion abilities are banned
|rule|Sleep Moves Clause: Sleep-inducing moves are banned
|clearpoke
|poke|p1|Dragapult, F|
|poke|p1|Gliscor, F|
|poke|p1|Scizor, F|
|poke|p1|Overqwil, F|
|poke|p1|Blaziken, M|
|poke|p1|Primarina, F|
|poke|p2|Talonflame, F|
|poke|p2|Dragapult, F|
|poke|p2|Iron Valiant|
|poke|p2|Hawlucha, F|
|poke|p2|Iron Treads|
|poke|p2|Espeon, F|
|teampreview
|inactive|Battle timer is ON: inactive players will automatically lose when time's up. (requested by chrxn't)
|
|t:|1760849050
|teamsize|p1|6
|teamsize|p2|6
|start
|switch|p1a: augh|Overqwil, F|100/100
|switch|p2a: off brand moltres|Talonflame, F|100/100
|-ability|p1a: augh|Intimidate|boost
|-unboost|p2a: off brand moltres|atk|1
|turn|1
|
|t:|1760849057
|move|p2a: off brand moltres|U-turn|p1a: augh
|-damage|p1a: augh|85/100
|
|t:|1760849063
|switch|p2a: very boring name|Iron Treads|100/100|[from] U-turn
|-enditem|p2a: very boring name|Booster Energy
|-activate|p2a: very boring name|ability: Quark Drive|[fromitem]
|-start|p2a: very boring name|quarkdrivespe
|move|p1a: augh|Toxic Spikes|p2a: very boring name
|-sidestart|p2: chrxn't|move: Toxic Spikes
|
|-heal|p1a: augh|91/100|[from] item: Leftovers
|upkeep
|turn|2
|
|t:|1760849075
|switch|p1a: HeartAttackGiver|Dragapult, F|100/100
|move|p2a: very boring name|Earthquake|p1a: HeartAttackGiver
|-damage|p1a: HeartAttackGiver|32/100
|
|upkeep
|turn|3
|
|t:|1760849083
|move|p2a: very boring name|Ice Spinner|p1a: HeartAttackGiver
|-supereffective|p1a: HeartAttackGiver
|-damage|p1a: HeartAttackGiver|0 fnt
|faint|p1a: HeartAttackGiver
|
|upkeep
|
|t:|1760849106
|switch|p1a: KFC|Blaziken, M|100/100
|turn|4
|
|t:|1760849113
|move|p1a: KFC|Protect|p1a: KFC
|-singleturn|p1a: KFC|Protect
|move|p2a: very boring name|Ice Spinner|p1a: KFC
|-activate|p1a: KFC|move: Protect
|
|-ability|p1a: KFC|Speed Boost|boost
|-boost|p1a: KFC|spe|1
|upkeep
|turn|5
|
|t:|1760849122
|-terastallize|p2a: very boring name|Ground
|move|p2a: very boring name|Earthquake|p1a: KFC
|-supereffective|p1a: KFC
|-damage|p1a: KFC|0 fnt
|faint|p1a: KFC
|
|upkeep
|
|t:|1760849128
|switch|p1a: Waterisgood|Primarina, F|100/100
|turn|6
|
|t:|1760849133
|move|p2a: very boring name|Rapid Spin|p1a: Waterisgood
|-damage|p1a: Waterisgood|81/100
|-boost|p2a: very boring name|spe|1
|-sideend|p2: chrxn't|Toxic Spikes|[from] move: Rapid Spin|[of] p2a: very boring name
|move|p1a: Waterisgood|Hydro Pump|p2a: very boring name
|-supereffective|p2a: very boring name
|-damage|p2a: very boring name|0 fnt
|faint|p2a: very boring name
|-end|p2a: very boring name|Quark Drive|[silent]
|
|-heal|p1a: Waterisgood|87/100|[from] item: Leftovers
|upkeep
|
|t:|1760849138
|switch|p2a: off brand moltres|Talonflame, F|100/100
|turn|7
|
|t:|1760849147
|move|p2a: off brand moltres|U-turn|p1a: Waterisgood
|-resisted|p1a: Waterisgood
|-damage|p1a: Waterisgood|70/100
|
|t:|1760849149
|switch|p2a: random name|Dragapult, F|100/100|[from] U-turn
|move|p1a: Waterisgood|Hydro Pump|p2a: random name
|-resisted|p2a: random name
|-damage|p2a: random name|61/100
|
|-heal|p1a: Waterisgood|76/100|[from] item: Leftovers
|upkeep
|turn|8
|
|t:|1760849162
|move|p1a: Waterisgood|Protect|p1a: Waterisgood
|-singleturn|p1a: Waterisgood|Protect
|move|p2a: random name|Thunderbolt|p1a: Waterisgood
|-activate|p1a: Waterisgood|move: Protect
|
|-heal|p1a: Waterisgood|82/100|[from] item: Leftovers
|upkeep
|turn|9
|
|t:|1760849185
|switch|p1a: Balls|Gliscor, F|100/100
|move|p2a: random name|Shadow Ball|p1a: Balls
|-damage|p1a: Balls|50/100
|
|-status|p1a: Balls|tox|[from] item: Toxic Orb
|upkeep
|turn|10
|
|t:|1760849196
|move|p2a: random name|Shadow Ball|p1a: Balls
|-damage|p1a: Balls|0 fnt
|faint|p1a: Balls
|
|upkeep
|
|t:|1760849208
|switch|p1a: augh|Overqwil, F|91/100
|-ability|p1a: augh|Intimidate|boost
|-unboost|p2a: random name|atk|1
|turn|11
|
|t:|1760849217
|switch|p2a: Espeon|Espeon, F|100/100
|move|p1a: augh|Crunch|p2a: Espeon
|-supereffective|p2a: Espeon
|-damage|p2a: Espeon|0 fnt
|faint|p2a: Espeon
|
|-heal|p1a: augh|97/100|[from] item: Leftovers
|upkeep
|
|t:|1760849225
|switch|p2a: off brand moltres|Talonflame, F|100/100
|turn|12
|
|t:|1760849230
|move|p2a: off brand moltres|Brave Bird|p1a: augh
|-damage|p1a: augh|45/100
|-damage|p2a: off brand moltres|79/100|[from] Recoil
|move|p1a: augh|Aqua Jet|p2a: off brand moltres
|-supereffective|p2a: off brand moltres
|-damage|p2a: off brand moltres|46/100
|
|-heal|p1a: augh|51/100|[from] item: Leftovers
|upkeep
|turn|13
|
|t:|1760849249
|move|p1a: augh|Aqua Jet|p2a: off brand moltres
|-supereffective|p2a: off brand moltres
|-damage|p2a: off brand moltres|9/100
|move|p2a: off brand moltres|Brave Bird|p1a: augh
|-damage|p1a: augh|0 fnt
|faint|p1a: augh
|-damage|p2a: off brand moltres|0 fnt|[from] Recoil
|faint|p2a: off brand moltres
|
|upkeep
|inactive|smokedsalmondawg has 120 seconds left.
|
|t:|1760849269
|switch|p2a: Hawlucha|Hawlucha, F|100/100
|switch|p1a: pinchsmooveoff|Scizor, F|100/100
|turn|14
|inactive|chrxn't has 120 seconds left.
|
|t:|1760849304
|switch|p2a: absolute unit|Iron Valiant|100/100
|-enditem|p2a: absolute unit|Booster Energy
|-activate|p2a: absolute unit|ability: Quark Drive|[fromitem]
|-start|p2a: absolute unit|quarkdrivespe
|move|p1a: pinchsmooveoff|Acrobatics|p2a: absolute unit
|-supereffective|p2a: absolute unit
|-damage|p2a: absolute unit|0 fnt
|faint|p2a: absolute unit
|-end|p2a: absolute unit|Quark Drive|[silent]
|
|upkeep
|
|t:|1760849308
|switch|p2a: Hawlucha|Hawlucha, F|100/100
|turn|15
|
|t:|1760849324
|move|p2a: Hawlucha|Endure|p2a: Hawlucha
|-singleturn|p2a: Hawlucha|move: Endure
|move|p1a: pinchsmooveoff|Acrobatics|p2a: Hawlucha
|-supereffective|p2a: Hawlucha
|-activate|p2a: Hawlucha|move: Endure
|-damage|p2a: Hawlucha|1/100
|-enditem|p2a: Hawlucha|Liechi Berry|[eat]
|-boost|p2a: Hawlucha|atk|1|[from] item: Liechi Berry
|
|upkeep
|turn|16
|inactive|smokedsalmondawg has 120 seconds left.
|
|t:|1760849344
|switch|p1a: Waterisgood|Primarina, F|82/100
|move|p2a: Hawlucha|Upper Hand||[still]
|-fail|p2a: Hawlucha
|
|-heal|p1a: Waterisgood|88/100|[from] item: Leftovers
|upkeep
|turn|17
|inactive|smokedsalmondawg has 120 seconds left.
|
|t:|1760849375
|move|p2a: Hawlucha|Reversal|p1a: Waterisgood
|-resisted|p1a: Waterisgood
|-damage|p1a: Waterisgood|16/100
|move|p1a: Waterisgood|Moonblast|p2a: Hawlucha
|-supereffective|p2a: Hawlucha
|-damage|p2a: Hawlucha|0 fnt
|faint|p2a: Hawlucha
|
|-heal|p1a: Waterisgood|22/100|[from] item: Leftovers
|upkeep
|
|t:|1760849379
|switch|p2a: random name|Dragapult, F|61/100
|turn|18
|
|t:|1760849394
|move|p2a: random name|Shadow Ball|p1a: Waterisgood
|-crit|p1a: Waterisgood
|-damage|p1a: Waterisgood|0 fnt
|faint|p1a: Waterisgood
|
|upkeep
|
|t:|1760849399
|switch|p1a: pinchsmooveoff|Scizor, F|100/100
|turn|19
|
|t:|1760849406
|move|p1a: pinchsmooveoff|Bullet Punch|p2a: random name
|-damage|p2a: random name|0 fnt
|-start|p1a: pinchsmooveoff|Disable|Bullet Punch|[from] ability: Cursed Body|[of] p2a: random name
|faint|p2a: random name
|
|win|smokedsalmondawg
|raw|smokedsalmondawg's rating: 1058 &rarr; <strong>1091</strong><br />(+33 for winning)
|raw|chrxn&apos;t's rating: 1078 &rarr; <strong>1055</strong><br />(-23 for losing)
|c|☆smokedsalmondawg|lol
|c|☆smokedsalmondawg|bodied
|c|☆smokedsalmondawg|i win
|c|☆chrxn't|ok lmao
|c|☆smokedsalmondawg|and you
|c|☆chrxn't|gg
|c|☆smokedsalmondawg|lose
|c|☆smokedsalmondawg|take that
|c|☆smokedsalmondawg|with your tryhard ass team
|c|☆chrxn't|this is actually not a very good team lmao
|c|☆chrxn't|idk
|c|☆chrxn't|you litterally just said i had a good team so thanks i guess?
|c|☆smokedsalmondawg|"hey chatgpt make me a team that tells the person im playing against that i still wet the bed at night"
|c|☆smokedsalmondawg|i think if you had a good team you would have won
|c|☆smokedsalmondawg|its tryhard and still bad
|c|☆smokedsalmondawg|shame
|c|☆chrxn't|ok man?
|c|☆smokedsalmondawg|if i could please have your address i will mail you an apology letter
|c|☆chrxn't|overquill... bro must be a karen fan no offense
|c|☆smokedsalmondawg|overquill is cool because its a big fish
|c|☆smokedsalmondawg|and it goes augh
|c|☆smokedsalmondawg|augh
|c|☆chrxn't|i agree
|c|☆smokedsalmondawg|when you feed him
|c|☆smokedsalmondawg|"carrots"
|c|☆chrxn't|these are some old memes tho i cant tell if your old or young
|c|☆smokedsalmondawg|whats your BMI
|c|☆smokedsalmondawg|im 55
|c|☆smokedsalmondawg|im 67
|c|☆smokedsalmondawg|six sevennnnnnnnnn
|c|☆chrxn't|alright man good game ima go now
|l|☆chrxn't
|player|p2|
|c|☆smokedsalmondawg|no
|l|☆smokedsalmondawg
|player|p1|
