|j|☆RATTATAAA MASTER
|j|☆Ahzaeth
|t:|1760846100
|gametype|singles
|player|p1|RATTATAAA MASTER|lance|1193
|player|p2|Ahzaeth|fisherman-gen4|1185
|gen|9
|tier|[Gen 9] OU
|rated|
|rule|HP Percentage Mod: HP is shown in percentages
|rule|Endless Battle Clause: Forcing endless battles is banned
|rule|Species Clause: Limit one of each Pokémon
|rule|OHKO Clause: OHKO moves are banned
|rule|Evasion Items Clause: Evasion items are banned
|rule|Evasion Moves Clause: Evasion moves are banned
|rule|Evasion Abilities Clause: Evasion abilities are banned
|rule|Sleep Moves Clause: Sleep-inducing moves are banned
|clearpoke
|poke|p1|Entei|
|poke|p1|Torkoal, M|
|poke|p1|Walking Wake|
|poke|p1|Great Tusk|
|poke|p1|Gholdengo|
|poke|p1|Venusaur, F|
|poke|p2|Abomasnow, F|
|poke|p2|Avalugg-Hisui, F|
|poke|p2|Slowking-Galar, F|
|poke|p2|Zoroark-Hisui, F|
|poke|p2|Krookodile, F|
|poke|p2|Goodra-Hisui, F|
|teampreview
|inactive|Battle timer is ON: inactive players will automatically lose when time's up. (requested by RATTATAAA MASTER)
|
|t:|1760846110
|teamsize|p1|6
|teamsize|p2|6
|start
|switch|p1a: Torkoal|Torkoal, M|100/100
|switch|p2a: Slowking|Slowking-Galar, F|100/100
|-weather|SunnyDay|[from] ability: Drought|[of] p1a: Torkoal
|turn|1
|
|t:|1760846121
|move|p2a: Slowking|Toxic|p1a: Torkoal
|-status|p1a: Torkoal|tox
|move|p1a: Torkoal|Stealth Rock|p2a: Slowking
|-sidestart|p2: Ahzaeth|move: Stealth Rock
|
|-weather|SunnyDay|[upkeep]
|-damage|p1a: Torkoal|94/100 tox|[from] psn
|upkeep
|turn|2
|
|t:|1760846129
|switch|p1a: Gholdengo|Gholdengo|100/100
|-item|p1a: Gholdengo|Air Balloon
|-prepare|p2a: Slowking|Chilly Reception|[premajor]
|move|p2a: Slowking|Chilly Reception|p2a: Slowking
|-weather|Snowscape
|
|t:|1760846144
|switch|p2a: Krookodile|Krookodile, F|100/100|[from] Chilly Reception
|-damage|p2a: Krookodile|94/100|[from] Stealth Rock
|-ability|p2a: Krookodile|Intimidate|boost
|-unboost|p1a: Gholdengo|atk|1
|
|-weather|Snowscape|[upkeep]
|upkeep
|turn|3
|
|t:|1760846151
|switch|p1a: Great Tusk|Great Tusk|100/100
|move|p2a: Krookodile|Knock Off|p1a: Great Tusk
|-resisted|p1a: Great Tusk
|-damage|p1a: Great Tusk|85/100
|-enditem|p1a: Great Tusk|Leftovers|[from] move: Knock Off|[of] p2a: Krookodile
|
|-weather|Snowscape|[upkeep]
|upkeep
|turn|4
|
|t:|1760846170
|switch|p2a: Abomasnow|Abomasnow, F|100/100
|-damage|p2a: Abomasnow|76/100|[from] Stealth Rock
|move|p1a: Great Tusk|Ice Spinner|p2a: Abomasnow
|-damage|p2a: Abomasnow|60/100
|
|-weather|Snowscape|[upkeep]
|upkeep
|turn|5
|
|t:|1760846184
|-terastallize|p1a: Great Tusk|Steel
|-terastallize|p2a: Abomasnow|Ground
|move|p1a: Great Tusk|Rapid Spin|p2a: Abomasnow
|-damage|p2a: Abomasnow|43/100
|-boost|p1a: Great Tusk|spe|1
|move|p2a: Abomasnow|Aurora Veil|p2a: Abomasnow
|-sidestart|p2: Ahzaeth|move: Aurora Veil
|
|-weather|Snowscape|[upkeep]
|upkeep
|turn|6
|
|t:|1760846196
|move|p1a: Great Tusk|Bulk Up|p1a: Great Tusk
|-boost|p1a: Great Tusk|atk|1
|-boost|p1a: Great Tusk|def|1
|move|p2a: Abomasnow|Earth Power|p1a: Great Tusk
|-supereffective|p1a: Great Tusk
|-damage|p1a: Great Tusk|0 fnt
|faint|p1a: Great Tusk
|-end|p1a: Great Tusk|Protosynthesis|[silent]
|
|-weather|none
|upkeep
|
|t:|1760846216
|switch|p1a: Torkoal|Torkoal, M|94/100 tox
|-weather|SunnyDay|[from] ability: Drought|[of] p1a: Torkoal
|turn|7
|
|t:|1760846225
|switch|p1a: Gholdengo|Gholdengo|100/100
|-item|p1a: Gholdengo|Air Balloon
|move|p2a: Abomasnow|Earth Power|p1a: Gholdengo
|-immune|p1a: Gholdengo
|
|-weather|SunnyDay|[upkeep]
|upkeep
|turn|8
|
|t:|1760846235
|move|p1a: Gholdengo|Make It Rain|p2a: Abomasnow
|-crit|p2a: Abomasnow
|-damage|p2a: Abomasnow|0 fnt
|-unboost|p1a: Gholdengo|spa|1
|faint|p2a: Abomasnow
|
|-weather|SunnyDay|[upkeep]
|upkeep
|
|t:|1760846245
|switch|p2a: Krookodile|Krookodile, F|94/100
|-damage|p2a: Krookodile|88/100|[from] Stealth Rock
|-ability|p2a: Krookodile|Intimidate|boost
|-unboost|p1a: Gholdengo|atk|1
|turn|9
|
|t:|1760846252
|switch|p1a: Venusaur|Venusaur, F|100/100
|move|p2a: Krookodile|Knock Off|p1a: Venusaur
|-crit|p1a: Venusaur
|-damage|p1a: Venusaur|0 fnt
|-enditem|p1a: Venusaur|Life Orb|[from] move: Knock Off|[of] p2a: Krookodile
|faint|p1a: Venusaur
|
|-weather|SunnyDay|[upkeep]
|-sideend|p2: Ahzaeth|move: Aurora Veil
|upkeep
|
|t:|1760846259
|switch|p1a: Walking Wake|Walking Wake|100/100
|-activate|p1a: Walking Wake|ability: Protosynthesis
|-start|p1a: Walking Wake|protosynthesisspa
|turn|10
|
|t:|1760846270
|switch|p2a: Slowking|Slowking-Galar, F|100/100
|move|p1a: Walking Wake|Hydro Steam|p2a: Slowking
|-damage|p2a: Slowking|22/100
|-damage|p1a: Walking Wake|91/100|[from] item: Life Orb
|
|-weather|SunnyDay|[upkeep]
|upkeep
|turn|11
|
|t:|1760846279
|switch|p2a: Goodra|Goodra-Hisui, F|100/100
|-damage|p2a: Goodra|95/100|[from] Stealth Rock
|move|p1a: Walking Wake|Hydro Steam|p2a: Goodra
|-resisted|p2a: Goodra
|-damage|p2a: Goodra|52/100
|-damage|p1a: Walking Wake|81/100|[from] item: Life Orb
|
|-weather|SunnyDay|[upkeep]
|upkeep
|turn|12
|
|t:|1760846289
|move|p1a: Walking Wake|Flip Turn|p2a: Goodra
|-resisted|p2a: Goodra
|-damage|p2a: Goodra|48/100
|-damage|p1a: Walking Wake|65/100|[from] item: Rocky Helmet|[of] p2a: Goodra
|-ability|p2a: Goodra|Gooey
|-unboost|p1a: Walking Wake|spe|1
|-damage|p1a: Walking Wake|55/100|[from] item: Life Orb
|
|t:|1760846291
|-end|p1a: Walking Wake|Protosynthesis|[silent]
|switch|p1a: Entei|Entei|100/100|[from] Flip Turn
|-ability|p1a: Entei|Pressure
|move|p2a: Goodra|Draco Meteor|p1a: Entei
|-crit|p1a: Entei
|-damage|p1a: Entei|0 fnt
|-unboost|p2a: Goodra|spa|2
|faint|p1a: Entei
|
|-weather|SunnyDay|[upkeep]
|upkeep
|
|t:|1760846296
|switch|p1a: Gholdengo|Gholdengo|100/100
|-item|p1a: Gholdengo|Air Balloon
|turn|13
|inactive|Ahzaeth has 120 seconds left.
|
|t:|1760846330
|switch|p2a: Slowking|Slowking-Galar, F|55/100
|move|p1a: Gholdengo|Make It Rain|p2a: Slowking
|-damage|p2a: Slowking|5/100
|-unboost|p1a: Gholdengo|spa|1
|
|-weather|SunnyDay|[upkeep]
|upkeep
|turn|14
|inactive|Ahzaeth has 120 seconds left.
|
|t:|1760846341
|switch|p2a: Goodra|Goodra-Hisui, F|48/100
|-damage|p2a: Goodra|42/100|[from] Stealth Rock
|move|p1a: Gholdengo|Make It Rain|p2a: Goodra
|-resisted|p2a: Goodra
|-damage|p2a: Goodra|24/100
|-unboost|p1a: Gholdengo|spa|1
|
|-weather|none
|upkeep
|turn|15
|inactive|Ahzaeth has 120 seconds left.
|
|t:|1760846353
|move|p1a: Gholdengo|Nasty Plot|p1a: Gholdengo
|-boost|p1a: Gholdengo|spa|2
|move|p2a: Goodra|Draco Meteor|p1a: Gholdengo
|-resisted|p1a: Gholdengo
|-damage|p1a: Gholdengo|62/100
|-unboost|p2a: Goodra|spa|2
|-enditem|p1a: Gholdengo|Air Balloon
|
|upkeep
|turn|16
|inactive|Ahzaeth has 120 seconds left.
|
|t:|1760846374
|switch|p2a: Slowking|Slowking-Galar, F|38/100
|move|p1a: Gholdengo|Shadow Ball|p2a: Slowking
|-supereffective|p2a: Slowking
|-damage|p2a: Slowking|0 fnt
|faint|p2a: Slowking
|
|upkeep
|
|t:|1760846381
|switch|p2a: Avalugg|Avalugg-Hisui, F|100/100
|-damage|p2a: Avalugg|88/100|[from] Stealth Rock
|turn|17
|
|t:|1760846388
|switch|p1a: Torkoal|Torkoal, M|94/100 tox
|-weather|SunnyDay|[from] ability: Drought|[of] p1a: Torkoal
|move|p2a: Avalugg|Bitter Malice|p1a: Torkoal
|-crit|p1a: Torkoal
|-damage|p1a: Torkoal|24/100 tox
|-unboost|p1a: Torkoal|atk|1
|
|-weather|SunnyDay|[upkeep]
|-damage|p1a: Torkoal|17/100 tox|[from] psn
|upkeep
|turn|18
|inactive|Ahzaeth has 120 seconds left.
|
|t:|1760846401
|move|p2a: Avalugg|Nasty Plot|p2a: Avalugg
|-boost|p2a: Avalugg|spa|2
|move|p1a: Torkoal|Lava Plume|p2a: Avalugg
|-damage|p2a: Avalugg|7/100
|-status|p2a: Avalugg|brn
|replace|p2a: Zoroark|Zoroark-Hisui, F
|-end|p2a: Zoroark|Illusion
|
|-weather|SunnyDay|[upkeep]
|-damage|p1a: Torkoal|5/100 tox|[from] psn
|-damage|p2a: Zoroark|1/100 brn|[from] brn
|upkeep
|turn|19
|inactive|Ahzaeth has 120 seconds left.
|
|t:|1760846412
|move|p2a: Zoroark|Hyper Voice|p1a: Torkoal
|-damage|p1a: Torkoal|0 fnt
|faint|p1a: Torkoal
|
|-weather|SunnyDay|[upkeep]
|-damage|p2a: Zoroark|0 fnt|[from] brn
|faint|p2a: Zoroark
|upkeep
|inactive|Ahzaeth has 120 seconds left.
|
|t:|1760846432
|switch|p2a: Krookodile|Krookodile, F|88/100
|switch|p1a: Walking Wake|Walking Wake|55/100
|-damage|p2a: Krookodile|82/100|[from] Stealth Rock
|-ability|p2a: Krookodile|Intimidate|boost
|-unboost|p1a: Walking Wake|atk|1
|-activate|p1a: Walking Wake|ability: Protosynthesis
|-start|p1a: Walking Wake|protosynthesisspa
|turn|20
|
|t:|1760846446
|move|p1a: Walking Wake|Hydro Steam|p2a: Krookodile
|-supereffective|p2a: Krookodile
|-damage|p2a: Krookodile|0 fnt
|faint|p2a: Krookodile
|-damage|p1a: Walking Wake|45/100|[from] item: Life Orb
|
|-weather|SunnyDay|[upkeep]
|upkeep
|-message|Ahzaeth forfeited.
|
|win|RATTATAAA MASTER
|raw|RATTATAAA MASTER's rating: 1193 &rarr; <strong>1217</strong><br />(+24 for winning)
|raw|Ahzaeth's rating: 1185 &rarr; <strong>1161</strong><br />(-24 for losing)
|l|☆Ahzaeth
|player|p2|
