|j|☆aaronh2206
|j|‽occultsummoner
|t:|1760863549
|gametype|singles
|player|p1|aaronh2206|2|1108
|player|p2|occultsummoner|265|1118
|gen|9
|tier|[Gen 9] OU
|rated|
|rule|HP Percentage Mod: HP is shown in percentages
|rule|Endless Battle Clause: Forcing endless battles is banned
|rule|Species Clause: Limit one of each Pokémon
|rule|OHKO Clause: OHKO moves are banned
|rule|Evasion Items Clause: Evasion items are banned
|rule|Evasion Moves Clause: Evasion moves are banned
|rule|Evasion Abilities Clause: Evasion abilities are banned
|rule|Sleep Moves Clause: Sleep-inducing moves are banned
|clearpoke
|poke|p1|Hoopa-Unbound|
|poke|p1|Hydrapple, F|
|poke|p1|Gliscor, F|
|poke|p1|Cinderace, M|
|poke|p1|Alomomola, F|
|poke|p1|Gholdengo|
|poke|p2|Reuniclus, F|
|poke|p2|Kingambit, M|
|poke|p2|Ogerpon-Wellspring, F|
|poke|p2|Landorus-Therian, M|
|poke|p2|Iron Valiant|
|poke|p2|Cinderace, M|
|teampreview
|
|t:|1760863588
|teamsize|p1|6
|teamsize|p2|6
|start
|switch|p1a: Hoopa|Hoopa-Unbound|100/100
|switch|p2a: Landorus|Landorus-Therian, M|100/100
|-ability|p2a: Landorus|Intimidate|boost
|-unboost|p1a: Hoopa|atk|1
|turn|1
|
|t:|1760863613
|move|p1a: Hoopa|Knock Off|p2a: Landorus
|-damage|p2a: Landorus|64/100
|-damage|p1a: Hoopa|84/100|[from] item: Rocky Helmet|[of] p2a: Landorus
|-enditem|p2a: Landorus|Rocky Helmet|[from] move: Knock Off|[of] p1a: Hoopa
|move|p2a: Landorus|U-turn|p1a: Hoopa
|-supereffective|p1a: Hoopa
|-damage|p1a: Hoopa|0 fnt
|faint|p1a: Hoopa
|inactive|Battle timer is ON: inactive players will automatically lose when time's up. (requested by occultsummoner)
|
|t:|1760863623
|switch|p2a: Reuniclus|Reuniclus, F|100/100|[from] U-turn
|
|upkeep
|
|t:|1760863638
|switch|p1a: Cinderace|Cinderace, M|100/100
|turn|2
|
|t:|1760863646
|-terastallize|p2a: Reuniclus|Fighting
|move|p1a: Cinderace|U-turn|p2a: Reuniclus
|-resisted|p2a: Reuniclus
|-damage|p2a: Reuniclus|92/100
|
|t:|1760863650
|switch|p1a: Gholdengo|Gholdengo|100/100|[from] U-turn
|-item|p1a: Gholdengo|Air Balloon
|move|p2a: Reuniclus|Trick Room|p2a: Reuniclus
|-fieldstart|move: Trick Room|[of] p2a: Reuniclus
|
|upkeep
|turn|3
|
|t:|1760863661
|move|p2a: Reuniclus|Shadow Ball|p1a: Gholdengo
|-supereffective|p1a: Gholdengo
|-damage|p1a: Gholdengo|26/100
|-enditem|p1a: Gholdengo|Air Balloon
|move|p1a: Gholdengo|Thunder Wave|p2a: Reuniclus
|-status|p2a: Reuniclus|par
|
|upkeep
|turn|4
|
|t:|1760863670
|switch|p1a: Alomomola|Alomomola, F|100/100
|cant|p2a: Reuniclus|par
|
|upkeep
|turn|5
|
|t:|1760863679
|move|p2a: Reuniclus|Focus Blast|p1a: Alomomola
|-damage|p1a: Alomomola|54/100
|move|p1a: Alomomola|Scald|p2a: Reuniclus
|-damage|p2a: Reuniclus|80/100 par
|
|upkeep
|turn|6
|
|t:|1760863685
|cant|p2a: Reuniclus|par
|move|p1a: Alomomola|Mirror Coat||[still]
|-fail|p1a: Alomomola
|
|-fieldend|move: Trick Room
|upkeep
|turn|7
|
|t:|1760863690
|move|p1a: Alomomola|Flip Turn|p2a: Reuniclus
|-damage|p2a: Reuniclus|63/100 par
|
|t:|1760863693
|switch|p1a: Gholdengo|Gholdengo|26/100|[from] Flip Turn
|move|p2a: Reuniclus|Trick Room|p2a: Reuniclus
|-fieldstart|move: Trick Room|[of] p2a: Reuniclus
|
|upkeep
|turn|8
|
|t:|1760863699
|move|p2a: Reuniclus|Shadow Ball|p1a: Gholdengo
|-supereffective|p1a: Gholdengo
|-crit|p1a: Gholdengo
|-damage|p1a: Gholdengo|0 fnt
|faint|p1a: Gholdengo
|
|upkeep
|-message|aaronh2206 forfeited.
|
|win|occultsummoner
|raw|aaronh2206's rating: 1108 &rarr; <strong>1084</strong><br />(-24 for losing)
|raw|occultsummoner's rating: 1118 &rarr; <strong>1142</strong><br />(+24 for winning)
|l|☆aaronh2206
|player|p1|
|l|‽occultsummoner
|player|p2|
