|j|☆winslowyoudog
|j|☆Forever1507
|t:|1760747785
|gametype|singles
|player|p1|winslowyoudog|170|1797
|player|p2|Forever1507|youngster-gen4dp|1686
|gen|9
|tier|[Gen 9] OU
|rated|
|rule|HP Percentage Mod: HP is shown in percentages
|rule|Endless Battle Clause: Forcing endless battles is banned
|rule|Species Clause: Limit one of each Pokémon
|rule|OHKO Clause: OHKO moves are banned
|rule|Evasion Items Clause: Evasion items are banned
|rule|Evasion Moves Clause: Evasion moves are banned
|rule|Evasion Abilities Clause: Evasion abilities are banned
|rule|Sleep Moves Clause: Sleep-inducing moves are banned
|clearpoke
|poke|p1|Gholdengo|
|poke|p1|Hatterene, F|
|poke|p1|Darkrai|
|poke|p1|Landorus-Therian, M|
|poke|p1|Dragonite, M|
|poke|p1|Zamazenta-*|
|poke|p2|Dragapult, M|
|poke|p2|Incineroar, F|
|poke|p2|Zapdos|
|poke|p2|Great Tusk|
|poke|p2|Slowking-Galar, F|
|poke|p2|Iron Valiant|
|teampreview
|
|t:|1760747798
|teamsize|p1|6
|teamsize|p2|6
|start
|switch|p1a: Hatterene|Hatterene, F|100/100
|switch|p2a: Dragapult|Dragapult, M|100/100
|turn|1
|
|t:|1760747805
|move|p2a: Dragapult|U-turn|p1a: Hatterene
|-damage|p1a: Hatterene|64/100
|
|t:|1760747807
|switch|p2a: Incineroar|Incineroar, F|100/100|[from] U-turn
|-ability|p2a: Incineroar|Intimidate|boost
|-unboost|p1a: Hatterene|atk|1
|move|p1a: Hatterene|Draining Kiss|p2a: Incineroar
|-damage|p2a: Incineroar|79/100
|-heal|p1a: Hatterene|84/100|[from] drain|[of] p2a: Incineroar
|
|upkeep
|turn|2
|
|t:|1760747814
|switch|p1a: Landorus|Landorus-Therian, M|100/100
|-ability|p1a: Landorus|Intimidate|boost
|-unboost|p2a: Incineroar|atk|1
|move|p2a: Incineroar|Knock Off|p1a: Landorus
|-damage|p1a: Landorus|75/100
|-damage|p2a: Incineroar|62/100|[from] item: Rocky Helmet|[of] p1a: Landorus
|-enditem|p1a: Landorus|Rocky Helmet|[from] move: Knock Off|[of] p2a: Incineroar
|
|upkeep
|turn|3
|
|t:|1760747835
|move|p1a: Landorus|U-turn|p2a: Incineroar
|-damage|p2a: Incineroar|45/100
|inactive|Battle timer is ON: inactive players will automatically lose when time's up. (requested by Forever1507)
|
|t:|1760747842
|switch|p1a: Gholdengo|Gholdengo|100/100|[from] U-turn
|move|p2a: Incineroar|Will-O-Wisp|p1a: Gholdengo
|-immune|p1a: Gholdengo|[from] ability: Good as Gold
|
|upkeep
|turn|4
|
|t:|1760747848
|switch|p1a: Landorus|Landorus-Therian, M|75/100
|-ability|p1a: Landorus|Intimidate|boost
|-unboost|p2a: Incineroar|atk|1
|move|p2a: Incineroar|Knock Off|p1a: Landorus
|-crit|p1a: Landorus
|-damage|p1a: Landorus|36/100
|
|upkeep
|turn|5
|
|t:|1760747851
|switch|p2a: Zapdos|Zapdos|100/100
|move|p1a: Landorus|Earthquake|p2a: Zapdos
|-immune|p2a: Zapdos
|
|upkeep
|turn|6
|j| PrincessGardevoir
|
|t:|1760747858
|switch|p1a: Gholdengo|Gholdengo|100/100
|move|p2a: Zapdos|Hurricane|p1a: Gholdengo
|-resisted|p1a: Gholdengo
|-damage|p1a: Gholdengo|75/100
|
|upkeep
|turn|7
|
|t:|1760747862
|move|p1a: Gholdengo|Shadow Ball|p2a: Zapdos
|-damage|p2a: Zapdos|52/100
|move|p2a: Zapdos|Volt Switch|p1a: Gholdengo
|-damage|p1a: Gholdengo|45/100
|
|t:|1760747870
|switch|p2a: Incineroar|Incineroar, F|45/100|[from] Volt Switch
|-ability|p2a: Incineroar|Intimidate|boost
|-unboost|p1a: Gholdengo|atk|1
|
|upkeep
|turn|8
|
|t:|1760747875
|switch|p1a: Landorus|Landorus-Therian, M|36/100
|-ability|p1a: Landorus|Intimidate|boost
|-unboost|p2a: Incineroar|atk|1
|move|p2a: Incineroar|Flare Blitz|p1a: Landorus
|-damage|p1a: Landorus|6/100
|-status|p1a: Landorus|brn
|-damage|p2a: Incineroar|35/100|[from] Recoil
|
|-damage|p1a: Landorus|0 fnt|[from] brn
|faint|p1a: Landorus
|upkeep
|
|t:|1760747903
|switch|p1a: Zamazenta|Zamazenta|100/100
|-ability|p1a: Zamazenta|Dauntless Shield|boost
|-boost|p1a: Zamazenta|def|1
|turn|9
|
|t:|1760747912
|move|p1a: Zamazenta|Iron Defense|p1a: Zamazenta
|-boost|p1a: Zamazenta|def|2
|move|p2a: Incineroar|Will-O-Wisp|p1a: Zamazenta
|-status|p1a: Zamazenta|brn
|
|-damage|p1a: Zamazenta|94/100 brn|[from] brn
|upkeep
|turn|10
|
|t:|1760747918
|switch|p2a: Slowking|Slowking-Galar, F|100/100
|move|p1a: Zamazenta|Body Press|p2a: Slowking
|-resisted|p2a: Slowking
|-damage|p2a: Slowking|89/100
|
|-heal|p1a: Zamazenta|100/100 brn|[from] item: Leftovers
|-damage|p1a: Zamazenta|94/100 brn|[from] brn
|upkeep
|turn|11
|
|t:|1760747923
|move|p1a: Zamazenta|Crunch|p2a: Slowking
|-supereffective|p2a: Slowking
|-damage|p2a: Slowking|67/100
|move|p2a: Slowking|Psychic Noise|p1a: Zamazenta
|-supereffective|p1a: Zamazenta
|-damage|p1a: Zamazenta|32/100 brn
|-start|p1a: Zamazenta|move: Heal Block
|
|-damage|p1a: Zamazenta|25/100 brn|[from] brn
|upkeep
|turn|12
|
|t:|1760747930
|move|p1a: Zamazenta|Crunch|p2a: Slowking
|-supereffective|p2a: Slowking
|-damage|p2a: Slowking|45/100
|move|p2a: Slowking|Sludge Bomb|p1a: Zamazenta
|-damage|p1a: Zamazenta|0 fnt
|faint|p1a: Zamazenta
|
|upkeep
|
|t:|1760747933
|switch|p1a: Darkrai|Darkrai|100/100
|turn|13
|
|t:|1760747936
|switch|p2a: Incineroar|Incineroar, F|35/100
|-ability|p2a: Incineroar|Intimidate|boost
|-unboost|p1a: Darkrai|atk|1
|move|p1a: Darkrai|Knock Off|p2a: Incineroar
|-resisted|p2a: Incineroar
|-damage|p2a: Incineroar|25/100
|-enditem|p2a: Incineroar|Heavy-Duty Boots|[from] move: Knock Off|[of] p1a: Darkrai
|
|upkeep
|turn|14
|
|t:|1760747942
|move|p1a: Darkrai|Dark Pulse|p2a: Incineroar
|-resisted|p2a: Incineroar
|-damage|p2a: Incineroar|6/100
|move|p2a: Incineroar|Parting Shot|p1a: Darkrai
|-unboost|p1a: Darkrai|atk|1
|-unboost|p1a: Darkrai|spa|1
|
|t:|1760747948
|switch|p2a: Iron Valiant|Iron Valiant|100/100|[from] Parting Shot
|
|upkeep
|turn|15
|
|t:|1760747952
|switch|p1a: Hatterene|Hatterene, F|84/100
|move|p2a: Iron Valiant|Moonblast|p1a: Hatterene
|-damage|p1a: Hatterene|39/100
|
|upkeep
|turn|16
|
|t:|1760747964
|move|p2a: Iron Valiant|Moonblast|p1a: Hatterene
|-damage|p1a: Hatterene|0 fnt
|faint|p1a: Hatterene
|
|upkeep
|
|t:|1760747968
|switch|p1a: Gholdengo|Gholdengo|45/100
|turn|17
|
|t:|1760747973
|-terastallize|p2a: Iron Valiant|Fairy
|move|p2a: Iron Valiant|Moonblast|p1a: Gholdengo
|-resisted|p1a: Gholdengo
|-damage|p1a: Gholdengo|0 fnt
|faint|p1a: Gholdengo
|
|upkeep
|
|t:|1760747982
|switch|p1a: Dragonite|Dragonite, M|100/100
|turn|18
|
|t:|1760747992
|-terastallize|p1a: Dragonite|Flying
|move|p2a: Iron Valiant|Moonblast|p1a: Dragonite
|-damage|p1a: Dragonite|53/100
|move|p1a: Dragonite|Dragon Dance|p1a: Dragonite
|-boost|p1a: Dragonite|atk|1
|-boost|p1a: Dragonite|spe|1
|
|upkeep
|turn|19
|
|t:|1760747996
|move|p1a: Dragonite|Tera Blast|p2a: Iron Valiant|[anim] Tera Blast Flying
|-damage|p2a: Iron Valiant|0 fnt
|faint|p2a: Iron Valiant
|-end|p2a: Iron Valiant|Quark Drive|[silent]
|
|upkeep
|
|t:|1760747997
|switch|p2a: Incineroar|Incineroar, F|6/100
|-ability|p2a: Incineroar|Intimidate|boost
|-unboost|p1a: Dragonite|atk|1
|turn|20
|
|t:|1760748004
|move|p1a: Dragonite|Dragon Dance|p1a: Dragonite
|-boost|p1a: Dragonite|atk|1
|-boost|p1a: Dragonite|spe|1
|move|p2a: Incineroar|Will-O-Wisp|p1a: Dragonite
|-status|p1a: Dragonite|brn
|-enditem|p1a: Dragonite|Lum Berry|[eat]
|-curestatus|p1a: Dragonite|brn|[msg]
|
|upkeep
|turn|21
|
|t:|1760748006
|move|p1a: Dragonite|Tera Blast|p2a: Incineroar|[anim] Tera Blast Flying
|-damage|p2a: Incineroar|0 fnt
|faint|p2a: Incineroar
|
|upkeep
|
|t:|1760748009
|switch|p2a: Zapdos|Zapdos|52/100
|turn|22
|
|t:|1760748011
|move|p1a: Dragonite|Roost|p1a: Dragonite
|-heal|p1a: Dragonite|100/100
|-hint|If a Terastallized Pokemon uses Roost, it remains Flying-type.
|move|p2a: Zapdos|Volt Switch|p1a: Dragonite
|-supereffective|p1a: Dragonite
|-damage|p1a: Dragonite|67/100
|
|t:|1760748019
|switch|p2a: Great Tusk|Great Tusk|100/100|[from] Volt Switch
|
|upkeep
|turn|23
|
|t:|1760748021
|move|p1a: Dragonite|Tera Blast|p2a: Great Tusk|[anim] Tera Blast Flying
|-supereffective|p2a: Great Tusk
|-damage|p2a: Great Tusk|0 fnt
|faint|p2a: Great Tusk
|-end|p2a: Great Tusk|Protosynthesis|[silent]
|
|upkeep
|
|t:|1760748025
|switch|p2a: Zapdos|Zapdos|52/100
|turn|24
|
|t:|1760748027
|move|p1a: Dragonite|Roost|p1a: Dragonite
|-heal|p1a: Dragonite|100/100
|-hint|If a Terastallized Pokemon uses Roost, it remains Flying-type.
|move|p2a: Zapdos|Volt Switch|p1a: Dragonite
|-supereffective|p1a: Dragonite
|-damage|p1a: Dragonite|70/100
|
|t:|1760748034
|switch|p2a: Slowking|Slowking-Galar, F|79/100|[from] Volt Switch
|
|upkeep
|turn|25
|
|t:|1760748036
|move|p1a: Dragonite|Tera Blast|p2a: Slowking|[anim] Tera Blast Flying
|-damage|p2a: Slowking|0 fnt
|faint|p2a: Slowking
|
|upkeep
|
|t:|1760748041
|switch|p2a: Zapdos|Zapdos|52/100
|turn|26
|
|t:|1760748043
|move|p1a: Dragonite|Roost|p1a: Dragonite
|-heal|p1a: Dragonite|100/100
|-hint|If a Terastallized Pokemon uses Roost, it remains Flying-type.
|move|p2a: Zapdos|Roost|p2a: Zapdos
|-heal|p2a: Zapdos|100/100
|-singleturn|p2a: Zapdos|move: Roost
|
|upkeep
|turn|27
|
|t:|1760748047
|move|p1a: Dragonite|Dragon Dance|p1a: Dragonite
|-boost|p1a: Dragonite|atk|1
|-boost|p1a: Dragonite|spe|1
|move|p2a: Zapdos|Heat Wave|p1a: Dragonite
|-damage|p1a: Dragonite|85/100
|
|upkeep
|turn|28
|
|t:|1760748053
|move|p1a: Dragonite|Dragon Dance|p1a: Dragonite
|-boost|p1a: Dragonite|atk|1
|-boost|p1a: Dragonite|spe|1
|move|p2a: Zapdos|Heat Wave|p1a: Dragonite
|-damage|p1a: Dragonite|58/100
|
|upkeep
|turn|29
|
|t:|1760748057
|move|p1a: Dragonite|Roost|p1a: Dragonite
|-heal|p1a: Dragonite|100/100
|-hint|If a Terastallized Pokemon uses Roost, it remains Flying-type.
|move|p2a: Zapdos|Volt Switch|p1a: Dragonite
|-supereffective|p1a: Dragonite
|-damage|p1a: Dragonite|70/100
|
|t:|1760748059
|switch|p2a: Dragapult|Dragapult, M|100/100|[from] Volt Switch
|
|upkeep
|turn|30
|l|☆Forever1507
|inactive|Forever1507 disconnected and has a minute to reconnect!
|player|p2|
|inactive|Forever1507 has 30 seconds to reconnect!
|j|☆Forever1507
|inactive|Forever1507 reconnected and has 100 seconds left.
|player|p2|Forever1507|youngster-gen4dp|
|
|t:|1760748116
|move|p2a: Dragapult|Sucker Punch|p1a: Dragonite
|-damage|p1a: Dragonite|30/100
|move|p1a: Dragonite|Tera Blast|p2a: Dragapult|[anim] Tera Blast Flying
|-damage|p2a: Dragapult|0 fnt
|faint|p2a: Dragapult
|
|upkeep
|
|t:|1760748118
|switch|p2a: Zapdos|Zapdos|100/100
|turn|31
|
|t:|1760748121
|move|p1a: Dragonite|Tera Blast|p2a: Zapdos|[anim] Tera Blast Flying
|-resisted|p2a: Zapdos
|-crit|p2a: Zapdos
|-damage|p2a: Zapdos|20/100
|move|p2a: Zapdos|Volt Switch|p1a: Dragonite
|-supereffective|p1a: Dragonite
|-damage|p1a: Dragonite|0 fnt
|faint|p1a: Dragonite
|
|upkeep
|
|t:|1760748123
|switch|p1a: Darkrai|Darkrai|100/100
|turn|32
|
|t:|1760748128
|move|p1a: Darkrai|Dark Pulse|p2a: Zapdos
|-damage|p2a: Zapdos|0 fnt
|faint|p2a: Zapdos
|
|win|winslowyoudog
|raw|winslowyoudog's rating: 1797 &rarr; <strong>1811</strong><br />(+14 for winning)
|raw|Forever1507's rating: 1686 &rarr; <strong>1672</strong><br />(-14 for losing)
|l|☆winslowyoudog
|player|p1|
|j|☆winslowyoudog
|player|p1|winslowyoudog|170|
