|j|☆yeshirong
|j|☆xpoke94
|t:|1760805863
|gametype|singles
|player|p1|yeshirong|idol|1526
|player|p2|xpoke94|102|1450
|gen|9
|tier|[Gen 9] OU
|rated|
|rule|HP Percentage Mod: HP is shown in percentages
|rule|Endless Battle Clause: Forcing endless battles is banned
|rule|Species Clause: Limit one of each Pokémon
|rule|OHKO Clause: OHKO moves are banned
|rule|Evasion Items Clause: Evasion items are banned
|rule|Evasion Moves Clause: Evasion moves are banned
|rule|Evasion Abilities Clause: Evasion abilities are banned
|rule|Sleep Moves Clause: Sleep-inducing moves are banned
|clearpoke
|poke|p1|Indeedee, M|
|poke|p1|Gholdengo|
|poke|p1|Hoopa-Unbound|
|poke|p1|Alomomola, M|
|poke|p1|Cinderace, M|
|poke|p1|Meowscarada, F|
|poke|p2|Alomomola, M|
|poke|p2|Mandibuzz, F|
|poke|p2|Ting-Lu|
|poke|p2|Skeledirge, F|
|poke|p2|Goodra-Hisui, F|
|poke|p2|Rillaboom, F|
|teampreview
|inactive|Battle timer is ON: inactive players will automatically lose when time's up. (requested by yeshirong)
|
|t:|1760805870
|teamsize|p1|6
|teamsize|p2|6
|start
|switch|p1a: Meowscarada|Meowscarada, F|100/100
|switch|p2a: Goodra|Goodra-Hisui, F|100/100
|turn|1
|
|t:|1760805878
|switch|p2a: Mandibuzz|Mandibuzz, F|100/100
|move|p1a: Meowscarada|U-turn|p2a: Mandibuzz
|-start|p1a: Meowscarada|typechange|Bug|[from] ability: Protean
|-damage|p2a: Mandibuzz|74/100
|
|t:|1760805885
|switch|p1a: Hoopa|Hoopa-Unbound|100/100|[from] U-turn
|
|upkeep
|turn|2
|
|t:|1760805892
|switch|p1a: Alomomola|Alomomola, M|100/100
|move|p2a: Mandibuzz|Toxic|p1a: Alomomola
|-status|p1a: Alomomola|tox
|
|-damage|p1a: Alomomola|94/100 tox|[from] psn
|upkeep
|turn|3
|
|t:|1760805898
|switch|p2a: Goodra|Goodra-Hisui, F|100/100
|move|p1a: Alomomola|Flip Turn|p2a: Goodra
|-resisted|p2a: Goodra
|-damage|p2a: Goodra|93/100
|
|t:|1760805904
|switch|p1a: Indeedee|Indeedee, M|100/100|[from] Flip Turn
|-fieldstart|move: Psychic Terrain|[from] ability: Psychic Surge|[of] p1a: Indeedee
|
|upkeep
|turn|4
|
|t:|1760805910
|switch|p1a: Alomomola|Alomomola, M|100/100 tox
|move|p2a: Goodra|Acid Spray|p1a: Alomomola
|-damage|p1a: Alomomola|94/100 tox
|-unboost|p1a: Alomomola|spd|2
|
|-damage|p1a: Alomomola|88/100 tox|[from] psn
|upkeep
|turn|5
|inactive|yeshirong has 120 seconds left.
|inactive|yeshirong has 90 seconds left.
|
|t:|1760805989
|move|p2a: Goodra|Dragon Pulse|p1a: Alomomola
|-damage|p1a: Alomomola|45/100 tox
|move|p1a: Alomomola|Flip Turn|p2a: Goodra
|-resisted|p2a: Goodra
|-damage|p2a: Goodra|86/100
|
|t:|1760805991
|switch|p1a: Hoopa|Hoopa-Unbound|100/100|[from] Flip Turn
|
|upkeep
|turn|6
|
|t:|1760805999
|switch|p2a: Alomomola|Alomomola, M|100/100
|move|p1a: Hoopa|Drain Punch|p2a: Alomomola
|-damage|p2a: Alomomola|79/100
|-damage|p1a: Hoopa|84/100|[from] item: Rocky Helmet|[of] p2a: Alomomola
|-damage|p1a: Hoopa|74/100|[from] item: Life Orb
|
|upkeep
|turn|7
|
|t:|1760806006
|-terastallize|p1a: Hoopa|Psychic
|move|p2a: Alomomola|Protect|p2a: Alomomola
|-singleturn|p2a: Alomomola|Protect
|move|p1a: Hoopa|Expanding Force|p2a: Alomomola
|-activate|p2a: Alomomola|move: Protect
|
|upkeep
|turn|8
|
|t:|1760806013
|switch|p2a: Ting-Lu|Ting-Lu|100/100
|-ability|p2a: Ting-Lu|Vessel of Ruin
|move|p1a: Hoopa|Substitute|p1a: Hoopa
|-start|p1a: Hoopa|Substitute
|-damage|p1a: Hoopa|49/100
|
|upkeep
|turn|9
|
|t:|1760806017
|move|p1a: Hoopa|Drain Punch|p2a: Ting-Lu
|-supereffective|p2a: Ting-Lu
|-damage|p2a: Ting-Lu|50/100
|-heal|p1a: Hoopa|87/100|[from] drain|[of] p2a: Ting-Lu
|-enditem|p2a: Ting-Lu|Sitrus Berry|[eat]
|-heal|p2a: Ting-Lu|75/100|[from] item: Sitrus Berry
|-damage|p1a: Hoopa|77/100|[from] item: Life Orb
|move|p2a: Ting-Lu|Stealth Rock|p1a: Hoopa
|-sidestart|p1: yeshirong|move: Stealth Rock
|
|upkeep
|turn|10
|
|t:|1760806024
|switch|p2a: Mandibuzz|Mandibuzz, F|74/100
|move|p1a: Hoopa|Drain Punch|p2a: Mandibuzz
|-damage|p2a: Mandibuzz|42/100
|-heal|p1a: Hoopa|99/100|[from] drain|[of] p2a: Mandibuzz
|-damage|p1a: Hoopa|89/100|[from] item: Life Orb
|
|-fieldend|move: Psychic Terrain
|upkeep
|turn|11
|inactive|yeshirong has 120 seconds left.
|
|t:|1760806030
|move|p1a: Hoopa|Hyperspace Fury|p2a: Mandibuzz
|-resisted|p2a: Mandibuzz
|-damage|p2a: Mandibuzz|14/100
|-unboost|p1a: Hoopa|def|1
|-damage|p1a: Hoopa|79/100|[from] item: Life Orb
|move|p2a: Mandibuzz|Roost|p2a: Mandibuzz
|-heal|p2a: Mandibuzz|64/100
|-singleturn|p2a: Mandibuzz|move: Roost
|
|upkeep
|turn|12
|
|t:|1760806033
|move|p1a: Hoopa|Drain Punch|p2a: Mandibuzz
|-damage|p2a: Mandibuzz|35/100
|-heal|p1a: Hoopa|99/100|[from] drain|[of] p2a: Mandibuzz
|-damage|p1a: Hoopa|89/100|[from] item: Life Orb
|move|p2a: Mandibuzz|Roost|p2a: Mandibuzz
|-heal|p2a: Mandibuzz|85/100
|-singleturn|p2a: Mandibuzz|move: Roost
|
|upkeep
|turn|13
|
|t:|1760806036
|move|p1a: Hoopa|Drain Punch|p2a: Mandibuzz
|-damage|p2a: Mandibuzz|57/100
|-heal|p1a: Hoopa|100/100|[from] drain|[of] p2a: Mandibuzz
|-damage|p1a: Hoopa|91/100|[from] item: Life Orb
|move|p2a: Mandibuzz|Foul Play|p1a: Hoopa
|-supereffective|p1a: Hoopa
|-crit|p1a: Hoopa
|-end|p1a: Hoopa|Substitute
|
|upkeep
|turn|14
|
|t:|1760806044
|switch|p1a: Alomomola|Alomomola, M|78/100 tox
|-damage|p1a: Alomomola|66/100 tox|[from] Stealth Rock
|switch|p2a: Rillaboom|Rillaboom, F|100/100
|-fieldstart|move: Grassy Terrain|[from] ability: Grassy Surge|[of] p2a: Rillaboom
|
|-heal|p1a: Alomomola|72/100 tox|[from] Grassy Terrain
|-damage|p1a: Alomomola|66/100 tox|[from] psn
|upkeep
|turn|15
|
|t:|1760806048
|move|p2a: Rillaboom|Knock Off|p1a: Alomomola
|-damage|p1a: Alomomola|38/100 tox
|-enditem|p1a: Alomomola|Assault Vest|[from] move: Knock Off|[of] p2a: Rillaboom
|move|p1a: Alomomola|Flip Turn|p2a: Rillaboom
|-resisted|p2a: Rillaboom
|-damage|p2a: Rillaboom|94/100
|
|t:|1760806051
|switch|p1a: Cinderace|Cinderace, M|100/100|[from] Flip Turn
|
|-heal|p2a: Rillaboom|99/100|[from] Grassy Terrain
|upkeep
|turn|16
|
|t:|1760806057
|move|p1a: Cinderace|Court Change|p1a: Cinderace
|-swapsideconditions
|-activate|p1a: Cinderace|move: Court Change
|move|p2a: Rillaboom|Knock Off|p1a: Cinderace
|-damage|p1a: Cinderace|58/100
|-enditem|p1a: Cinderace|Heavy-Duty Boots|[from] move: Knock Off|[of] p2a: Rillaboom
|
|-heal|p1a: Cinderace|64/100|[from] Grassy Terrain
|-heal|p2a: Rillaboom|100/100|[from] Grassy Terrain
|upkeep
|turn|17
|inactive|yeshirong has 120 seconds left.
|
|t:|1760806095
|switch|p2a: Alomomola|Alomomola, M|100/100
|-damage|p2a: Alomomola|88/100|[from] Stealth Rock
|move|p1a: Cinderace|Pyro Ball|p2a: Alomomola
|-resisted|p2a: Alomomola
|-damage|p2a: Alomomola|75/100
|
|-heal|p1a: Cinderace|70/100|[from] Grassy Terrain
|-heal|p2a: Alomomola|81/100|[from] Grassy Terrain
|upkeep
|turn|18
|
|t:|1760806101
|move|p1a: Cinderace|U-turn|p2a: Alomomola
|-damage|p2a: Alomomola|71/100
|-damage|p1a: Cinderace|54/100|[from] item: Rocky Helmet|[of] p2a: Alomomola
|
|t:|1760806107
|switch|p1a: Meowscarada|Meowscarada, F|100/100|[from] U-turn
|move|p2a: Alomomola|Wish|p2a: Alomomola
|
|-heal|p2a: Alomomola|77/100|[from] Grassy Terrain
|-fieldend|move: Grassy Terrain
|upkeep
|turn|19
|
|t:|1760806111
|switch|p2a: Mandibuzz|Mandibuzz, F|57/100
|move|p1a: Meowscarada|Knock Off|p2a: Mandibuzz
|-start|p1a: Meowscarada|typechange|Dark|[from] ability: Protean
|-resisted|p2a: Mandibuzz
|-damage|p2a: Mandibuzz|41/100
|-enditem|p2a: Mandibuzz|Heavy-Duty Boots|[from] move: Knock Off|[of] p1a: Meowscarada
|
|-heal|p2a: Mandibuzz|100/100|[from] move: Wish|[wisher] Alomomola
|upkeep
|turn|20
|
|t:|1760806117
|switch|p1a: Alomomola|Alomomola, M|72/100 tox
|move|p2a: Mandibuzz|Defog|p1a: Alomomola
|-unboost|p1a: Alomomola|evasion|1
|-sideend|p2: xpoke94|Stealth Rock|[from] move: Defog|[of] p2a: Mandibuzz
|
|-damage|p1a: Alomomola|65/100 tox|[from] psn
|upkeep
|turn|21
|
|t:|1760806123
|switch|p2a: Alomomola|Alomomola, M|100/100
|move|p1a: Alomomola|Flip Turn|p2a: Alomomola
|-resisted|p2a: Alomomola
|-damage|p2a: Alomomola|96/100
|-damage|p1a: Alomomola|49/100 tox|[from] item: Rocky Helmet|[of] p2a: Alomomola
|
|t:|1760806128
|switch|p1a: Hoopa|Hoopa-Unbound, tera:Psychic|91/100|[from] Flip Turn
|
|upkeep
|turn|22
|
|t:|1760806133
|switch|p2a: Mandibuzz|Mandibuzz, F|100/100
|move|p1a: Hoopa|Expanding Force|p2a: Mandibuzz
|-immune|p2a: Mandibuzz
|
|upkeep
|turn|23
|
|t:|1760806140
|switch|p1a: Alomomola|Alomomola, M|82/100 tox
|move|p2a: Mandibuzz|Foul Play|p1a: Alomomola
|-damage|p1a: Alomomola|62/100 tox
|
|-damage|p1a: Alomomola|56/100 tox|[from] psn
|upkeep
|turn|24
|
|t:|1760806150
|move|p2a: Mandibuzz|Foul Play|p1a: Alomomola
|-damage|p1a: Alomomola|37/100 tox
|move|p1a: Alomomola|Flip Turn|p2a: Mandibuzz
|-damage|p2a: Mandibuzz|88/100
|
|t:|1760806160
|switch|p1a: Indeedee|Indeedee, M|100/100|[from] Flip Turn
|-fieldstart|move: Psychic Terrain|[from] ability: Psychic Surge|[of] p1a: Indeedee
|
|upkeep
|turn|25
|
|t:|1760806168
|switch|p1a: Alomomola|Alomomola, M|70/100 tox
|switch|p2a: Goodra|Goodra-Hisui, F|86/100
|
|-damage|p1a: Alomomola|64/100 tox|[from] psn
|upkeep
|turn|26
|
|t:|1760806171
|move|p2a: Goodra|Acid Spray|p1a: Alomomola
|-damage|p1a: Alomomola|54/100 tox
|-unboost|p1a: Alomomola|spd|2
|move|p1a: Alomomola|Flip Turn|p2a: Goodra
|-resisted|p2a: Goodra
|-damage|p2a: Goodra|78/100
|
|t:|1760806174
|switch|p1a: Hoopa|Hoopa-Unbound, tera:Psychic|91/100|[from] Flip Turn
|
|upkeep
|turn|27
|
|t:|1760806179
|move|p1a: Hoopa|Drain Punch|p2a: Goodra
|-supereffective|p2a: Goodra
|-damage|p2a: Goodra|0 fnt
|-heal|p1a: Hoopa|100/100|[from] drain|[of] p2a: Goodra
|faint|p2a: Goodra
|-damage|p1a: Hoopa|91/100|[from] item: Life Orb
|
|upkeep
|
|t:|1760806186
|switch|p2a: Ting-Lu|Ting-Lu|75/100
|-ability|p2a: Ting-Lu|Vessel of Ruin
|turn|28
|
|t:|1760806191
|move|p1a: Hoopa|Substitute|p1a: Hoopa
|-start|p1a: Hoopa|Substitute
|-damage|p1a: Hoopa|66/100
|move|p2a: Ting-Lu|Throat Chop|p1a: Hoopa
|-supereffective|p1a: Hoopa
|-end|p1a: Hoopa|Substitute
|
|upkeep
|turn|29
|
|t:|1760806208
|switch|p1a: Alomomola|Alomomola, M|87/100 tox
|move|p2a: Ting-Lu|Throat Chop|p1a: Alomomola
|-damage|p1a: Alomomola|56/100 tox
|-start|p1a: Alomomola|Throat Chop|[silent]
|
|-damage|p1a: Alomomola|50/100 tox|[from] psn
|upkeep
|turn|30
|
|t:|1760806212
|move|p2a: Ting-Lu|Stealth Rock|p1a: Alomomola
|-sidestart|p1: yeshirong|move: Stealth Rock
|move|p1a: Alomomola|Flip Turn|p2a: Ting-Lu
|-supereffective|p2a: Ting-Lu
|-damage|p2a: Ting-Lu|56/100
|
|t:|1760806225
|switch|p1a: Meowscarada|Meowscarada, F|100/100|[from] Flip Turn
|-damage|p1a: Meowscarada|88/100|[from] Stealth Rock
|
|upkeep
|turn|31
|
|t:|1760806230
|switch|p2a: Mandibuzz|Mandibuzz, F|88/100
|move|p1a: Meowscarada|Knock Off|p2a: Mandibuzz
|-start|p1a: Meowscarada|typechange|Dark|[from] ability: Protean
|-resisted|p2a: Mandibuzz
|-damage|p2a: Mandibuzz|77/100
|
|-fieldend|move: Psychic Terrain
|upkeep
|turn|32
|
|t:|1760806237
|switch|p1a: Alomomola|Alomomola, M|83/100 tox
|-damage|p1a: Alomomola|71/100 tox|[from] Stealth Rock
|move|p2a: Mandibuzz|Foul Play|p1a: Alomomola
|-damage|p1a: Alomomola|49/100 tox
|
|-damage|p1a: Alomomola|43/100 tox|[from] psn
|upkeep
|turn|33
|
|t:|1760806241
|switch|p2a: Alomomola|Alomomola, M|100/100
|move|p1a: Alomomola|Flip Turn|p2a: Alomomola
|-resisted|p2a: Alomomola
|-damage|p2a: Alomomola|96/100
|-damage|p1a: Alomomola|27/100 tox|[from] item: Rocky Helmet|[of] p2a: Alomomola
|
|t:|1760806245
|switch|p1a: Meowscarada|Meowscarada, F|88/100|[from] Flip Turn
|-damage|p1a: Meowscarada|76/100|[from] Stealth Rock
|
|upkeep
|turn|34
|
|t:|1760806252
|move|p1a: Meowscarada|Triple Axel|p2a: Alomomola
|-start|p1a: Meowscarada|typechange|Ice|[from] ability: Protean
|-resisted|p2a: Alomomola
|-damage|p2a: Alomomola|94/100
|-damage|p1a: Meowscarada|60/100|[from] item: Rocky Helmet|[of] p2a: Alomomola
|-resisted|p2a: Alomomola
|-damage|p2a: Alomomola|89/100
|-damage|p1a: Meowscarada|43/100|[from] item: Rocky Helmet|[of] p2a: Alomomola
|-hitcount|p2a: Alomomola|2
|move|p2a: Alomomola|Flip Turn|p1a: Meowscarada
|-damage|p1a: Meowscarada|19/100
|
|t:|1760806263
|switch|p2a: Rillaboom|Rillaboom, F|100/100|[from] Flip Turn
|-fieldstart|move: Grassy Terrain|[from] ability: Grassy Surge|[of] p2a: Rillaboom
|
|-heal|p1a: Meowscarada|25/100|[from] Grassy Terrain
|upkeep
|turn|35
|
|t:|1760806274
|switch|p1a: Gholdengo|Gholdengo|100/100
|-damage|p1a: Gholdengo|94/100|[from] Stealth Rock
|-item|p1a: Gholdengo|Air Balloon
|move|p2a: Rillaboom|Grassy Glide|p1a: Gholdengo
|-resisted|p1a: Gholdengo
|-damage|p1a: Gholdengo|81/100
|-enditem|p1a: Gholdengo|Air Balloon
|
|-heal|p1a: Gholdengo|88/100|[from] Grassy Terrain
|upkeep
|turn|36
|
|t:|1760806282
|move|p1a: Gholdengo|Nasty Plot|p1a: Gholdengo
|-boost|p1a: Gholdengo|spa|2
|move|p2a: Rillaboom|Knock Off|p1a: Gholdengo
|-supereffective|p1a: Gholdengo
|-damage|p1a: Gholdengo|56/100
|
|-heal|p1a: Gholdengo|62/100|[from] Grassy Terrain
|upkeep
|turn|37
|
|t:|1760806290
|-terastallize|p2a: Rillaboom|Fire
|move|p1a: Gholdengo|Recover|p1a: Gholdengo
|-heal|p1a: Gholdengo|100/100
|move|p2a: Rillaboom|Tera Blast|p1a: Gholdengo|[anim] Tera Blast Fire
|-supereffective|p1a: Gholdengo
|-damage|p1a: Gholdengo|43/100
|
|-heal|p1a: Gholdengo|49/100|[from] Grassy Terrain
|upkeep
|turn|38
|
|t:|1760806313
|move|p1a: Gholdengo|Make It Rain|p2a: Rillaboom
|-resisted|p2a: Rillaboom
|-damage|p2a: Rillaboom|37/100
|-unboost|p1a: Gholdengo|spa|1
|move|p2a: Rillaboom|Tera Blast|p1a: Gholdengo|[anim] Tera Blast Fire
|-supereffective|p1a: Gholdengo
|-damage|p1a: Gholdengo|0 fnt
|faint|p1a: Gholdengo
|
|-heal|p2a: Rillaboom|43/100|[from] Grassy Terrain
|-fieldend|move: Grassy Terrain
|upkeep
|
|t:|1760806315
|switch|p1a: Cinderace|Cinderace, M|54/100
|-damage|p1a: Cinderace|29/100|[from] Stealth Rock
|turn|39
|
|t:|1760806319
|move|p1a: Cinderace|Court Change|p1a: Cinderace
|-swapsideconditions
|-activate|p1a: Cinderace|move: Court Change
|move|p2a: Rillaboom|Knock Off|p1a: Cinderace
|-damage|p1a: Cinderace|0 fnt
|faint|p1a: Cinderace
|
|upkeep
|
|t:|1760806324
|switch|p1a: Hoopa|Hoopa-Unbound, tera:Psychic|66/100
|turn|40
|j| EnesBatur
|
|t:|1760806332
|switch|p2a: Mandibuzz|Mandibuzz, F|77/100
|-damage|p2a: Mandibuzz|52/100|[from] Stealth Rock
|move|p1a: Hoopa|Drain Punch|p2a: Mandibuzz
|-damage|p2a: Mandibuzz|21/100
|-heal|p1a: Hoopa|88/100|[from] drain|[of] p2a: Mandibuzz
|-damage|p1a: Hoopa|78/100|[from] item: Life Orb
|
|upkeep
|turn|41
|
|t:|1760806335
|move|p1a: Hoopa|Drain Punch|p2a: Mandibuzz
|-damage|p2a: Mandibuzz|0 fnt
|-heal|p1a: Hoopa|92/100|[from] drain|[of] p2a: Mandibuzz
|faint|p2a: Mandibuzz
|-damage|p1a: Hoopa|82/100|[from] item: Life Orb
|
|upkeep
|
|t:|1760806346
|switch|p2a: Ting-Lu|Ting-Lu|56/100
|-damage|p2a: Ting-Lu|49/100|[from] Stealth Rock
|-ability|p2a: Ting-Lu|Vessel of Ruin
|turn|42
|
|t:|1760806352
|move|p1a: Hoopa|Drain Punch|p2a: Ting-Lu
|-supereffective|p2a: Ting-Lu
|-damage|p2a: Ting-Lu|0 fnt
|-heal|p1a: Hoopa|100/100|[from] drain|[of] p2a: Ting-Lu
|faint|p2a: Ting-Lu
|-damage|p1a: Hoopa|91/100|[from] item: Life Orb
|
|upkeep
|-message|xpoke94 forfeited.
|
|win|yeshirong
|raw|yeshirong's rating: 1526 &rarr; <strong>1542</strong><br />(+16 for winning)
|raw|xpoke94's rating: 1450 &rarr; <strong>1434</strong><br />(-16 for losing)
|l|☆xpoke94
|player|p2|
|l|☆yeshirong
|player|p1|
|l| EnesBatur
