|j|☆yaotaiwon
|j|☆dot the dot
|t:|1760782328
|gametype|singles
|player|p1|yaotaiwon|102|1307
|player|p2|dot the dot|volo|1304
|gen|9
|tier|[Gen 9] OU
|rated|
|rule|HP Percentage Mod: HP is shown in percentages
|rule|Endless Battle Clause: Forcing endless battles is banned
|rule|Species Clause: Limit one of each Pokémon
|rule|OHKO Clause: OHKO moves are banned
|rule|Evasion Items Clause: Evasion items are banned
|rule|Evasion Moves Clause: Evasion moves are banned
|rule|Evasion Abilities Clause: Evasion abilities are banned
|rule|Sleep Moves Clause: Sleep-inducing moves are banned
|clearpoke
|poke|p1|Forretress, M|
|poke|p1|Kingambit, M|
|poke|p1|Hatterene, F|
|poke|p1|Ursaluna, F|
|poke|p1|Cresselia, F|
|poke|p1|Iron Hands|
|poke|p2|Pelipper, F|
|poke|p2|Barraskewda, M|
|poke|p2|Tornadus-Therian, M|
|poke|p2|Walking Wake|
|poke|p2|Manaphy|
|poke|p2|Toxapex, M|
|teampreview
|
|t:|1760782340
|teamsize|p1|6
|teamsize|p2|6
|start
|switch|p1a: Iron Hands|Iron Hands|100/100
|switch|p2a: Pelipper|Pelipper, F|100/100
|-weather|RainDance|[from] ability: Drizzle|[of] p2a: Pelipper
|turn|1
|
|t:|1760782352
|move|p1a: Iron Hands|Supercell Slam|p2a: Pelipper
|-supereffective|p2a: Pelipper
|-damage|p2a: Pelipper|0 fnt
|faint|p2a: Pelipper
|
|-weather|RainDance|[upkeep]
|upkeep
|
|t:|1760782358
|switch|p2a: Barraskewda|Barraskewda, M|100/100
|turn|2
|
|t:|1760782364
|-end|p1a: Iron Hands|Quark Drive|[silent]
|switch|p1a: Forretress|Forretress, M|100/100
|-terastallize|p2a: Barraskewda|Water
|move|p2a: Barraskewda|Liquidation|p1a: Forretress
|-damage|p1a: Forretress|27/100
|
|-weather|RainDance|[upkeep]
|-heal|p1a: Forretress|33/100|[from] item: Leftovers
|upkeep
|turn|3
|
|t:|1760782374
|move|p2a: Barraskewda|Liquidation|p1a: Forretress
|-damage|p1a: Forretress|0 fnt
|faint|p1a: Forretress
|
|-weather|RainDance|[upkeep]
|upkeep
|
|t:|1760782388
|switch|p1a: Kingambit|Kingambit, M|100/100
|-activate|p1a: Kingambit|ability: Supreme Overlord
|-start|p1a: Kingambit|fallen1|[silent]
|turn|4
|
|t:|1760782402
|switch|p2a: Manaphy|Manaphy|100/100
|move|p1a: Kingambit|Sucker Punch||[still]
|-fail|p1a: Kingambit
|
|-weather|RainDance|[upkeep]
|upkeep
|turn|5
|
|t:|1760782413
|-end|p1a: Kingambit|fallen1|[silent]
|switch|p1a: Hatterene|Hatterene, F|100/100
|move|p2a: Manaphy|Acid Armor|p2a: Manaphy
|-boost|p2a: Manaphy|def|2
|
|-weather|RainDance|[upkeep]
|upkeep
|turn|6
|
|t:|1760782418
|move|p2a: Manaphy|Take Heart|p2a: Manaphy
|-boost|p2a: Manaphy|spa|1
|-boost|p2a: Manaphy|spd|1
|move|p1a: Hatterene|Trick Room|p1a: Hatterene
|-fieldstart|move: Trick Room|[of] p1a: Hatterene
|
|-weather|RainDance|[upkeep]
|upkeep
|turn|7
|
|t:|1760782439
|move|p1a: Hatterene|Healing Wish|p1a: Hatterene
|faint|p1a: Hatterene
|move|p2a: Manaphy|Acid Armor|p2a: Manaphy
|-boost|p2a: Manaphy|def|2
|
|-weather|RainDance|[upkeep]
|upkeep
|
|t:|1760782450
|switch|p1a: Iron Hands|Iron Hands|100/100
|turn|8
|
|t:|1760782457
|move|p1a: Iron Hands|Supercell Slam|p2a: Manaphy
|-supereffective|p2a: Manaphy
|-damage|p2a: Manaphy|62/100
|move|p2a: Manaphy|Stored Power|p1a: Iron Hands
|-supereffective|p1a: Iron Hands
|-damage|p1a: Iron Hands|32/100
|
|-weather|none
|-heal|p2a: Manaphy|68/100|[from] item: Leftovers
|upkeep
|turn|9
|
|t:|1760782467
|move|p1a: Iron Hands|Supercell Slam|p2a: Manaphy|[miss]
|-miss|p1a: Iron Hands|p2a: Manaphy
|-damage|p1a: Iron Hands|0 fnt|[from] supercellslam
|faint|p1a: Iron Hands
|-end|p1a: Iron Hands|Quark Drive|[silent]
|move|p2a: Manaphy|Stored Power|p1: Iron Hands|[notarget]
|-fail|p2a: Manaphy
|
|-heal|p2a: Manaphy|74/100|[from] item: Leftovers
|upkeep
|
|t:|1760782471
|switch|p1a: Cresselia|Cresselia, F|100/100
|turn|10
|
|t:|1760782477
|move|p1a: Cresselia|Calm Mind|p1a: Cresselia
|-boost|p1a: Cresselia|spa|1
|-boost|p1a: Cresselia|spd|1
|move|p2a: Manaphy|Take Heart|p2a: Manaphy
|-boost|p2a: Manaphy|spa|1
|-boost|p2a: Manaphy|spd|1
|
|-heal|p2a: Manaphy|80/100|[from] item: Leftovers
|-fieldend|move: Trick Room
|upkeep
|turn|11
|
|t:|1760782484
|move|p2a: Manaphy|Take Heart|p2a: Manaphy
|-boost|p2a: Manaphy|spa|1
|-boost|p2a: Manaphy|spd|1
|move|p1a: Cresselia|Calm Mind|p1a: Cresselia
|-boost|p1a: Cresselia|spa|1
|-boost|p1a: Cresselia|spd|1
|
|-heal|p2a: Manaphy|86/100|[from] item: Leftovers
|upkeep
|turn|12
|
|t:|1760782494
|move|p2a: Manaphy|Take Heart|p2a: Manaphy
|-boost|p2a: Manaphy|spa|1
|-boost|p2a: Manaphy|spd|1
|move|p1a: Cresselia|Calm Mind|p1a: Cresselia
|-boost|p1a: Cresselia|spa|1
|-boost|p1a: Cresselia|spd|1
|
|-heal|p2a: Manaphy|93/100|[from] item: Leftovers
|upkeep
|turn|13
|
|t:|1760782503
|move|p2a: Manaphy|Take Heart|p2a: Manaphy
|-boost|p2a: Manaphy|spa|1
|-boost|p2a: Manaphy|spd|1
|move|p1a: Cresselia|Calm Mind|p1a: Cresselia
|-boost|p1a: Cresselia|spa|1
|-boost|p1a: Cresselia|spd|1
|
|-heal|p2a: Manaphy|99/100|[from] item: Leftovers
|upkeep
|turn|14
|
|t:|1760782509
|move|p2a: Manaphy|Take Heart|p2a: Manaphy
|-boost|p2a: Manaphy|spa|1
|-boost|p2a: Manaphy|spd|1
|move|p1a: Cresselia|Calm Mind|p1a: Cresselia
|-boost|p1a: Cresselia|spa|1
|-boost|p1a: Cresselia|spd|1
|
|-heal|p2a: Manaphy|100/100|[from] item: Leftovers
|upkeep
|turn|15
|
|t:|1760782515
|move|p2a: Manaphy|Stored Power|p1a: Cresselia
|-resisted|p1a: Cresselia
|-damage|p1a: Cresselia|61/100
|move|p1a: Cresselia|Calm Mind|p1a: Cresselia
|-boost|p1a: Cresselia|spa|1
|-boost|p1a: Cresselia|spd|1
|
|upkeep
|turn|16
|
|t:|1760782520
|move|p2a: Manaphy|Scald|p1a: Cresselia
|-damage|p1a: Cresselia|39/100
|-status|p1a: Cresselia|brn
|move|p1a: Cresselia|Moonlight|p1a: Cresselia
|-heal|p1a: Cresselia|89/100 brn
|
|-damage|p1a: Cresselia|83/100 brn|[from] brn
|upkeep
|turn|17
|
|t:|1760782528
|move|p2a: Manaphy|Acid Armor|p2a: Manaphy
|-boost|p2a: Manaphy|def|2
|move|p1a: Cresselia|Stored Power|p2a: Manaphy
|-damage|p2a: Manaphy|25/100
|
|-heal|p2a: Manaphy|32/100|[from] item: Leftovers
|-damage|p1a: Cresselia|77/100 brn|[from] brn
|upkeep
|turn|18
|
|t:|1760782532
|move|p2a: Manaphy|Stored Power|p1a: Cresselia
|-resisted|p1a: Cresselia
|-damage|p1a: Cresselia|43/100 brn
|move|p1a: Cresselia|Stored Power|p2a: Manaphy
|-damage|p2a: Manaphy|0 fnt
|faint|p2a: Manaphy
|
|-damage|p1a: Cresselia|37/100 brn|[from] brn
|upkeep
|
|t:|1760782540
|switch|p2a: Barraskewda|Barraskewda, M, tera:Water|100/100
|turn|19
|
|t:|1760782553
|-terastallize|p1a: Cresselia|Electric
|move|p2a: Barraskewda|Liquidation|p1a: Cresselia
|-damage|p1a: Cresselia|0 fnt
|faint|p1a: Cresselia
|
|upkeep
|
|t:|1760782555
|switch|p1a: Kingambit|Kingambit, M|100/100
|-activate|p1a: Kingambit|ability: Supreme Overlord
|-start|p1a: Kingambit|fallen4|[silent]
|turn|20
|
|t:|1760782580
|switch|p2a: Tornadus|Tornadus-Therian, M|100/100
|move|p1a: Kingambit|Sucker Punch||[still]
|-fail|p1a: Kingambit
|
|upkeep
|turn|21
|
|t:|1760782588
|-end|p1a: Kingambit|fallen4|[silent]
|switch|p1a: Ursaluna|Ursaluna, F|100/100
|move|p2a: Tornadus|Heat Wave|p1a: Ursaluna
|-damage|p1a: Ursaluna|74/100
|
|-status|p1a: Ursaluna|brn|[from] item: Flame Orb
|upkeep
|turn|22
|
|t:|1760782598
|move|p2a: Tornadus|Nasty Plot|p2a: Tornadus
|-boost|p2a: Tornadus|spa|2
|move|p1a: Ursaluna|Facade|p2a: Tornadus
|-damage|p2a: Tornadus|0 fnt
|faint|p2a: Tornadus
|
|-damage|p1a: Ursaluna|68/100 brn|[from] brn
|upkeep
|
|t:|1760782605
|switch|p2a: Walking Wake|Walking Wake|100/100
|-enditem|p2a: Walking Wake|Booster Energy
|-activate|p2a: Walking Wake|ability: Protosynthesis|[fromitem]
|-start|p2a: Walking Wake|protosynthesisspa
|turn|23
|
|t:|1760782611
|move|p2a: Walking Wake|Surf|p1a: Ursaluna
|-supereffective|p1a: Ursaluna
|-damage|p1a: Ursaluna|0 fnt
|faint|p1a: Ursaluna
|
|upkeep
|
|t:|1760782613
|switch|p1a: Kingambit|Kingambit, M|100/100
|-activate|p1a: Kingambit|ability: Supreme Overlord
|-start|p1a: Kingambit|fallen5|[silent]
|turn|24
|
|t:|1760782622
|move|p1a: Kingambit|Sucker Punch|p2a: Walking Wake
|-damage|p2a: Walking Wake|34/100
|move|p2a: Walking Wake|Flamethrower|p1a: Kingambit
|-supereffective|p1a: Kingambit
|-damage|p1a: Kingambit|31/100
|
|upkeep
|turn|25
|
|t:|1760782633
|move|p1a: Kingambit|Sucker Punch|p2a: Walking Wake
|-damage|p2a: Walking Wake|0 fnt
|faint|p2a: Walking Wake
|-end|p2a: Walking Wake|Protosynthesis|[silent]
|
|upkeep
|
|t:|1760782637
|switch|p2a: Barraskewda|Barraskewda, M, tera:Water|100/100
|turn|26
|
|t:|1760782641
|move|p2a: Barraskewda|Aqua Jet|p1a: Kingambit
|-damage|p1a: Kingambit|0 fnt
|faint|p1a: Kingambit
|-end|p1a: Kingambit|fallen5|[silent]
|
|win|dot the dot
|raw|yaotaiwon's rating: 1307 &rarr; <strong>1287</strong><br />(-20 for losing)
|raw|dot the dot's rating: 1304 &rarr; <strong>1324</strong><br />(+20 for winning)
|l|☆yaotaiwon
|player|p1|
|l|☆dot the dot
|player|p2|
