|j|☆King7D7
|j|‽destined1jnp
|t:|1760760846
|gametype|singles
|player|p1|King7D7|steven|1182
|player|p2|destined1jnp|will|1241
|gen|9
|tier|[Gen 9] OU
|rated|
|rule|HP Percentage Mod: HP is shown in percentages
|rule|Endless Battle Clause: Forcing endless battles is banned
|rule|Species Clause: Limit one of each Pokémon
|rule|OHKO Clause: OHKO moves are banned
|rule|Evasion Items Clause: Evasion items are banned
|rule|Evasion Moves Clause: Evasion moves are banned
|rule|Evasion Abilities Clause: Evasion abilities are banned
|rule|Sleep Moves Clause: Sleep-inducing moves are banned
|clearpoke
|poke|p1|Kingambit, F|
|poke|p1|Cinderace, F|
|poke|p1|Landorus-Therian, M|
|poke|p1|Iron Valiant|
|poke|p1|Kyurem|
|poke|p1|Slowking-Galar, M|
|poke|p2|Dondozo, M|
|poke|p2|Blissey, F|
|poke|p2|Corviknight, F|
|poke|p2|Weezing-Galar, M|
|poke|p2|Gliscor, M|
|poke|p2|Toxapex, F|
|teampreview
|inactive|Battle timer is ON: inactive players will automatically lose when time's up. (requested by King7D7)
|inactive|destined1jnp has 120 seconds left.
|
|t:|1760760878
|teamsize|p1|6
|teamsize|p2|6
|start
|switch|p1a: Cinderace|Cinderace, F, shiny|100/100
|switch|p2a: Toxapex|Toxapex, F, shiny|100/100
|turn|1
|
|t:|1760760890
|move|p1a: Cinderace|Will-O-Wisp|p2a: Toxapex
|-status|p2a: Toxapex|brn
|move|p2a: Toxapex|Toxic|p1a: Cinderace
|-status|p1a: Cinderace|tox
|
|-damage|p1a: Cinderace|94/100 tox|[from] psn
|-damage|p2a: Toxapex|94/100 brn|[from] brn
|upkeep
|turn|2
|
|t:|1760760908
|move|p1a: Cinderace|U-turn|p2a: Toxapex
|-start|p1a: Cinderace|typechange|Bug|[from] ability: Libero
|-resisted|p2a: Toxapex
|-damage|p2a: Toxapex|82/100 brn
|
|t:|1760760912
|switch|p1a: Slowking|Slowking-Galar, M, shiny|100/100|[from] U-turn
|move|p2a: Toxapex|Toxic|p1a: Slowking
|-immune|p1a: Slowking
|
|-heal|p2a: Toxapex|88/100 brn|[from] item: Leftovers
|-damage|p2a: Toxapex|82/100 brn|[from] brn
|upkeep
|turn|3
|
|t:|1760760922
|move|p2a: Toxapex|Toxic Spikes|p1a: Slowking
|-sidestart|p1: King7D7|move: Toxic Spikes
|move|p1a: Slowking|Future Sight|p2a: Toxapex
|-start|p1a: Slowking|move: Future Sight
|
|-heal|p2a: Toxapex|88/100 brn|[from] item: Leftovers
|-damage|p2a: Toxapex|82/100 brn|[from] brn
|upkeep
|turn|4
|
|t:|1760760932
|move|p2a: Toxapex|Toxic Spikes|p1a: Slowking
|-sidestart|p1: King7D7|move: Toxic Spikes
|-prepare|p1a: Slowking|Chilly Reception|[premajor]
|move|p1a: Slowking|Chilly Reception|p1a: Slowking
|-weather|Snowscape
|
|t:|1760760938
|switch|p1a: Cinderace|Cinderace, F, shiny|94/100 tox|[from] Chilly Reception
|
|-weather|Snowscape|[upkeep]
|-heal|p2a: Toxapex|88/100 brn|[from] item: Leftovers
|-damage|p1a: Cinderace|88/100 tox|[from] psn
|-damage|p2a: Toxapex|82/100 brn|[from] brn
|upkeep
|turn|5
|
|t:|1760760964
|switch|p1a: Slowking|Slowking-Galar, M, shiny|100/100
|-sideend|p1: King7D7|move: Toxic Spikes|[of] p1a: Slowking
|switch|p2a: Gliscor|Gliscor, M|100/100
|
|-weather|Snowscape|[upkeep]
|-end|p2a: Gliscor|move: Future Sight
|-damage|p2a: Gliscor|61/100
|-status|p2a: Gliscor|tox|[from] item: Toxic Orb
|upkeep
|turn|6
|
|t:|1760760983
|move|p2a: Gliscor|Protect|p2a: Gliscor
|-singleturn|p2a: Gliscor|Protect
|-prepare|p1a: Slowking|Chilly Reception|[premajor]
|move|p1a: Slowking|Chilly Reception|p1a: Slowking
|
|t:|1760760988
|switch|p1a: Kyurem|Kyurem, shiny|100/100|[from] Chilly Reception
|-ability|p1a: Kyurem|Pressure
|
|-weather|Snowscape|[upkeep]
|-heal|p2a: Gliscor|74/100 tox|[from] ability: Poison Heal
|upkeep
|turn|7
|
|t:|1760760997
|switch|p2a: Toxapex|Toxapex, F, shiny|100/100 brn
|move|p1a: Kyurem|Substitute|p1a: Kyurem
|-start|p1a: Kyurem|Substitute
|-damage|p1a: Kyurem|75/100
|
|-weather|Snowscape|[upkeep]
|-heal|p1a: Kyurem|82/100|[from] item: Leftovers
|-damage|p2a: Toxapex|94/100 brn|[from] brn
|upkeep
|turn|8
|
|t:|1760761009
|switch|p2a: Corviknight|Corviknight, F, shiny|100/100
|-ability|p2a: Corviknight|Pressure
|move|p1a: Kyurem|Freeze-Dry|p2a: Corviknight
|-damage|p2a: Corviknight|64/100
|
|-weather|none
|-heal|p1a: Kyurem|88/100|[from] item: Leftovers
|-heal|p2a: Corviknight|70/100|[from] item: Leftovers
|upkeep
|turn|9
|
|t:|1760761019
|move|p1a: Kyurem|Freeze-Dry|p2a: Corviknight
|-damage|p2a: Corviknight|33/100
|move|p2a: Corviknight|Body Press|p1a: Kyurem
|-supereffective|p1a: Kyurem
|-end|p1a: Kyurem|Substitute
|
|-heal|p1a: Kyurem|94/100|[from] item: Leftovers
|-heal|p2a: Corviknight|39/100|[from] item: Leftovers
|upkeep
|turn|10
|
|t:|1760761029
|move|p1a: Kyurem|Freeze-Dry|p2a: Corviknight
|-damage|p2a: Corviknight|2/100
|move|p2a: Corviknight|Roost|p2a: Corviknight
|-heal|p2a: Corviknight|52/100
|-singleturn|p2a: Corviknight|move: Roost
|
|-heal|p1a: Kyurem|99/100|[from] item: Leftovers
|-heal|p2a: Corviknight|59/100|[from] item: Leftovers
|upkeep
|turn|11
|
|t:|1760761044
|move|p1a: Kyurem|Freeze-Dry|p2a: Corviknight
|-damage|p2a: Corviknight|24/100
|move|p2a: Corviknight|Roost|p2a: Corviknight
|-heal|p2a: Corviknight|74/100
|-singleturn|p2a: Corviknight|move: Roost
|
|-heal|p1a: Kyurem|100/100|[from] item: Leftovers
|-heal|p2a: Corviknight|80/100|[from] item: Leftovers
|upkeep
|turn|12
|
|t:|1760761058
|switch|p1a: Cinderace|Cinderace, F, shiny|88/100 tox
|move|p2a: Corviknight|Body Press|p1a: Cinderace
|-damage|p1a: Cinderace|50/100 tox
|
|-heal|p2a: Corviknight|87/100|[from] item: Leftovers
|-damage|p1a: Cinderace|44/100 tox|[from] psn
|upkeep
|turn|13
|
|t:|1760761070
|switch|p2a: Toxapex|Toxapex, F, shiny|100/100 brn
|move|p1a: Cinderace|Pyro Ball|p2a: Toxapex
|-resisted|p2a: Toxapex
|-crit|p2a: Toxapex
|-damage|p2a: Toxapex|64/100 brn
|
|-heal|p2a: Toxapex|70/100 brn|[from] item: Leftovers
|-damage|p1a: Cinderace|32/100 tox|[from] psn
|-damage|p2a: Toxapex|64/100 brn|[from] brn
|upkeep
|turn|14
|
|t:|1760761081
|move|p1a: Cinderace|Pyro Ball|p2a: Toxapex
|-resisted|p2a: Toxapex
|-damage|p2a: Toxapex|40/100 brn
|move|p2a: Toxapex|Recover|p2a: Toxapex
|-heal|p2a: Toxapex|90/100 brn
|
|-heal|p2a: Toxapex|97/100 brn|[from] item: Leftovers
|-damage|p1a: Cinderace|13/100 tox|[from] psn
|-damage|p2a: Toxapex|90/100 brn|[from] brn
|upkeep
|turn|15
|
|t:|1760761092
|move|p1a: Cinderace|U-turn|p2a: Toxapex
|-start|p1a: Cinderace|typechange|Bug|[from] ability: Libero
|-resisted|p2a: Toxapex
|-damage|p2a: Toxapex|76/100 brn
|
|t:|1760761097
|switch|p1a: Slowking|Slowking-Galar, M, shiny|100/100|[from] U-turn
|move|p2a: Toxapex|Toxic Spikes|p1a: Slowking
|-sidestart|p1: King7D7|move: Toxic Spikes
|
|-heal|p2a: Toxapex|83/100 brn|[from] item: Leftovers
|-damage|p2a: Toxapex|76/100 brn|[from] brn
|upkeep
|turn|16
|
|t:|1760761110
|move|p2a: Toxapex|Toxic Spikes|p1a: Slowking
|-sidestart|p1: King7D7|move: Toxic Spikes
|move|p1a: Slowking|Future Sight|p2a: Toxapex
|-start|p1a: Slowking|move: Future Sight
|
|-heal|p2a: Toxapex|83/100 brn|[from] item: Leftovers
|-damage|p2a: Toxapex|76/100 brn|[from] brn
|upkeep
|turn|17
|
|t:|1760761124
|move|p2a: Toxapex|Toxic|p1a: Slowking
|-immune|p1a: Slowking
|-prepare|p1a: Slowking|Chilly Reception|[premajor]
|move|p1a: Slowking|Chilly Reception|p1a: Slowking
|-weather|Snowscape
|
|t:|1760761132
|switch|p1a: Cinderace|Cinderace, F, shiny|13/100 tox|[from] Chilly Reception
|
|-weather|Snowscape|[upkeep]
|-heal|p2a: Toxapex|83/100 brn|[from] item: Leftovers
|-damage|p1a: Cinderace|7/100 tox|[from] psn
|-damage|p2a: Toxapex|76/100 brn|[from] brn
|upkeep
|turn|18
|inactive|destined1jnp has 120 seconds left.
|
|t:|1760761162
|move|p1a: Cinderace|Court Change|p1a: Cinderace
|-start|p1a: Cinderace|typechange|Normal|[from] ability: Libero
|-swapsideconditions
|-activate|p1a: Cinderace|move: Court Change
|move|p2a: Toxapex|Recover|p2a: Toxapex
|-heal|p2a: Toxapex|100/100 brn
|
|-weather|Snowscape|[upkeep]
|-end|p2a: Toxapex|move: Future Sight
|-supereffective|p2a: Toxapex
|-damage|p2a: Toxapex|47/100 brn
|-heal|p2a: Toxapex|53/100 brn|[from] item: Leftovers
|-damage|p1a: Cinderace|0 fnt|[from] psn
|faint|p1a: Cinderace
|-damage|p2a: Toxapex|47/100 brn|[from] brn
|upkeep
|
|t:|1760761177
|switch|p1a: Landorus|Landorus-Therian, M, shiny|100/100
|-ability|p1a: Landorus|Intimidate|boost
|-unboost|p2a: Toxapex|atk|1
|turn|19
|inactive|destined1jnp has 120 seconds left.
|
|t:|1760761197
|switch|p2a: Corviknight|Corviknight, F, shiny|87/100
|-ability|p2a: Corviknight|Pressure
|move|p1a: Landorus|Stealth Rock|p2a: Corviknight
|-sidestart|p2: destined1jnp|move: Stealth Rock
|
|-weather|Snowscape|[upkeep]
|-heal|p2a: Corviknight|93/100|[from] item: Leftovers
|upkeep
|turn|20
|
|t:|1760761215
|switch|p1a: Slowking|Slowking-Galar, M, shiny|100/100
|move|p2a: Corviknight|Defog|p1a: Slowking
|-unboost|p1a: Slowking|evasion|1
|-sideend|p2: destined1jnp|Toxic Spikes|[from] move: Defog|[of] p2a: Corviknight
|-sideend|p2: destined1jnp|Stealth Rock|[from] move: Defog|[of] p2a: Corviknight
|
|-weather|Snowscape|[upkeep]
|-heal|p2a: Corviknight|99/100|[from] item: Leftovers
|upkeep
|turn|21
|inactive|destined1jnp has 120 seconds left.
|
|t:|1760761236
|switch|p2a: Blissey|Blissey, F|100/100
|move|p1a: Slowking|Thunder Wave|p2a: Blissey|[miss]
|-miss|p1a: Slowking|p2a: Blissey
|
|-weather|none
|upkeep
|turn|22
|inactive|destined1jnp has 120 seconds left.
|
|t:|1760761245
|move|p2a: Blissey|Stealth Rock|p1a: Slowking
|-sidestart|p1: King7D7|move: Stealth Rock
|move|p1a: Slowking|Thunder Wave|p2a: Blissey
|-status|p2a: Blissey|par
|
|upkeep
|turn|23
|
|t:|1760761253
|cant|p2a: Blissey|par
|-prepare|p1a: Slowking|Chilly Reception|[premajor]
|move|p1a: Slowking|Chilly Reception|p1a: Slowking
|-weather|Snowscape
|
|t:|1760761261
|switch|p1a: Iron Valiant|Iron Valiant|100/100|[from] Chilly Reception
|-damage|p1a: Iron Valiant|94/100|[from] Stealth Rock
|-enditem|p1a: Iron Valiant|Booster Energy
|-activate|p1a: Iron Valiant|ability: Quark Drive|[fromitem]
|-start|p1a: Iron Valiant|quarkdrivespe
|
|-weather|Snowscape|[upkeep]
|upkeep
|turn|24
|
|t:|1760761276
|-curestatus|p2a: Blissey|par|[from] ability: Natural Cure
|switch|p2a: Toxapex|Toxapex, F, shiny|80/100 brn
|move|p1a: Iron Valiant|Calm Mind|p1a: Iron Valiant
|-boost|p1a: Iron Valiant|spa|1
|-boost|p1a: Iron Valiant|spd|1
|
|-weather|Snowscape|[upkeep]
|-heal|p2a: Toxapex|87/100 brn|[from] item: Leftovers
|-damage|p2a: Toxapex|80/100 brn|[from] brn
|upkeep
|turn|25
|
|t:|1760761289
|move|p1a: Iron Valiant|Calm Mind|p1a: Iron Valiant
|-boost|p1a: Iron Valiant|spa|1
|-boost|p1a: Iron Valiant|spd|1
|move|p2a: Toxapex|Toxic|p1a: Iron Valiant
|-status|p1a: Iron Valiant|tox
|
|-weather|Snowscape|[upkeep]
|-heal|p2a: Toxapex|87/100 brn|[from] item: Leftovers
|-damage|p1a: Iron Valiant|88/100 tox|[from] psn
|-damage|p2a: Toxapex|80/100 brn|[from] brn
|upkeep
|turn|26
|
|t:|1760761301
|switch|p2a: Dondozo|Dondozo, M, shiny|100/100
|move|p1a: Iron Valiant|Encore||[still]
|-fail|p1a: Iron Valiant
|
|-weather|Snowscape|[upkeep]
|-damage|p1a: Iron Valiant|76/100 tox|[from] psn
|upkeep
|turn|27
|
|t:|1760761312
|move|p1a: Iron Valiant|Moonblast|p2a: Dondozo
|-damage|p2a: Dondozo|55/100
|move|p2a: Dondozo|Earthquake|p1a: Iron Valiant
|-damage|p1a: Iron Valiant|47/100 tox
|
|-weather|none
|-heal|p2a: Dondozo|61/100|[from] item: Leftovers
|-damage|p1a: Iron Valiant|28/100 tox|[from] psn
|upkeep
|turn|28
|
|t:|1760761322
|move|p1a: Iron Valiant|Moonblast|p2a: Dondozo
|-damage|p2a: Dondozo|20/100
|-unboost|p2a: Dondozo|spa|1
|move|p2a: Dondozo|Rest|p2a: Dondozo
|-status|p2a: Dondozo|slp|[from] move: Rest
|-heal|p2a: Dondozo|100/100 slp|[silent]
|
|-damage|p1a: Iron Valiant|3/100 tox|[from] psn
|upkeep
|turn|29
|inactive|destined1jnp has 120 seconds left.
|
|t:|1760761369
|switch|p2a: Blissey|Blissey, F|100/100
|move|p1a: Iron Valiant|Shadow Ball|p2a: Blissey
|-immune|p2a: Blissey
|
|-damage|p1a: Iron Valiant|0 fnt|[from] psn
|faint|p1a: Iron Valiant
|-end|p1a: Iron Valiant|Quark Drive|[silent]
|upkeep
|
|t:|1760761387
|switch|p1a: Slowking|Slowking-Galar, M, shiny|100/100
|turn|30
|
|t:|1760761395
|move|p2a: Blissey|Seismic Toss|p1a: Slowking
|-damage|p1a: Slowking|75/100
|move|p1a: Slowking|Future Sight|p2a: Blissey
|-start|p1a: Slowking|move: Future Sight
|
|upkeep
|turn|31
|
|t:|1760761400
|move|p2a: Blissey|Seismic Toss|p1a: Slowking
|-damage|p1a: Slowking|50/100
|-prepare|p1a: Slowking|Chilly Reception|[premajor]
|move|p1a: Slowking|Chilly Reception|p1a: Slowking
|-weather|Snowscape
|
|t:|1760761413
|switch|p1a: Landorus|Landorus-Therian, M, shiny|100/100|[from] Chilly Reception
|-damage|p1a: Landorus|88/100|[from] Stealth Rock
|-ability|p1a: Landorus|Intimidate|boost
|-unboost|p2a: Blissey|atk|1
|
|-weather|Snowscape|[upkeep]
|upkeep
|turn|32
|inactive|destined1jnp has 120 seconds left.
|
|t:|1760761436
|move|p1a: Landorus|Stealth Rock|p2a: Blissey
|-sidestart|p2: destined1jnp|move: Stealth Rock
|move|p2a: Blissey|Seismic Toss|p1a: Landorus
|-damage|p1a: Landorus|62/100
|-damage|p2a: Blissey|84/100|[from] item: Rocky Helmet|[of] p1a: Landorus
|
|-weather|Snowscape|[upkeep]
|-end|p2a: Blissey|move: Future Sight
|-damage|p2a: Blissey|70/100
|-heal|p2a: Blissey|77/100|[from] item: Leftovers
|upkeep
|turn|33
|inactive|destined1jnp has 120 seconds left.
|
|t:|1760761449
|switch|p2a: Gliscor|Gliscor, M|74/100 tox
|-damage|p2a: Gliscor|61/100 tox|[from] Stealth Rock
|move|p1a: Landorus|U-turn|p2a: Gliscor
|-resisted|p2a: Gliscor
|-damage|p2a: Gliscor|53/100 tox
|
|t:|1760761457
|switch|p1a: Kyurem|Kyurem, shiny|100/100|[from] U-turn
|-damage|p1a: Kyurem|75/100|[from] Stealth Rock
|-ability|p1a: Kyurem|Pressure
|
|-weather|Snowscape|[upkeep]
|-heal|p1a: Kyurem|82/100|[from] item: Leftovers
|-heal|p2a: Gliscor|65/100 tox|[from] ability: Poison Heal
|upkeep
|turn|34
|
|t:|1760761472
|move|p2a: Gliscor|Protect|p2a: Gliscor
|-singleturn|p2a: Gliscor|Protect
|move|p1a: Kyurem|Substitute|p1a: Kyurem
|-start|p1a: Kyurem|Substitute
|-damage|p1a: Kyurem|57/100
|
|-weather|Snowscape|[upkeep]
|-heal|p1a: Kyurem|63/100|[from] item: Leftovers
|-heal|p2a: Gliscor|78/100 tox|[from] ability: Poison Heal
|upkeep
|turn|35
|
|t:|1760761485
|switch|p2a: Blissey|Blissey, F|77/100
|-damage|p2a: Blissey|64/100|[from] Stealth Rock
|move|p1a: Kyurem|Freeze-Dry|p2a: Blissey
|-damage|p2a: Blissey|54/100
|-status|p2a: Blissey|frz
|
|-weather|none
|-heal|p1a: Kyurem|69/100|[from] item: Leftovers
|-heal|p2a: Blissey|60/100 frz|[from] item: Leftovers
|upkeep
|turn|36
|
|t:|1760761496
|move|p1a: Kyurem|Body Press|p2a: Blissey
|-supereffective|p2a: Blissey
|-damage|p2a: Blissey|28/100 frz
|-curestatus|p2a: Blissey|frz|[msg]
|move|p2a: Blissey|Soft-Boiled|p2a: Blissey
|-heal|p2a: Blissey|78/100
|
|-heal|p1a: Kyurem|75/100|[from] item: Leftovers
|-heal|p2a: Blissey|84/100|[from] item: Leftovers
|upkeep
|turn|37
|
|t:|1760761521
|move|p1a: Kyurem|Body Press|p2a: Blissey
|-supereffective|p2a: Blissey
|-damage|p2a: Blissey|50/100
|move|p2a: Blissey|Seismic Toss|p1a: Kyurem
|-activate|p1a: Kyurem|move: Substitute|[damage]
|
|-heal|p1a: Kyurem|81/100|[from] item: Leftovers
|-heal|p2a: Blissey|57/100|[from] item: Leftovers
|upkeep
|turn|38
|
|t:|1760761531
|move|p1a: Kyurem|Body Press|p2a: Blissey
|-supereffective|p2a: Blissey
|-damage|p2a: Blissey|20/100
|move|p2a: Blissey|Soft-Boiled|p2a: Blissey
|-heal|p2a: Blissey|70/100
|
|-heal|p1a: Kyurem|88/100|[from] item: Leftovers
|-heal|p2a: Blissey|77/100|[from] item: Leftovers
|upkeep
|turn|39
|
|t:|1760761540
|switch|p2a: Corviknight|Corviknight, F, shiny|99/100
|-damage|p2a: Corviknight|87/100|[from] Stealth Rock
|-ability|p2a: Corviknight|Pressure
|move|p1a: Kyurem|Body Press|p2a: Corviknight
|-damage|p2a: Corviknight|76/100
|
|-heal|p1a: Kyurem|94/100|[from] item: Leftovers
|-heal|p2a: Corviknight|83/100|[from] item: Leftovers
|upkeep
|turn|40
|
|t:|1760761552
|move|p1a: Kyurem|Freeze-Dry|p2a: Corviknight
|-damage|p2a: Corviknight|50/100
|move|p2a: Corviknight|Iron Defense|p2a: Corviknight
|-boost|p2a: Corviknight|def|2
|
|-heal|p1a: Kyurem|99/100|[from] item: Leftovers
|-heal|p2a: Corviknight|57/100|[from] item: Leftovers
|upkeep
|turn|41
|
|t:|1760761562
|move|p1a: Kyurem|Freeze-Dry|p2a: Corviknight
|-damage|p2a: Corviknight|22/100
|move|p2a: Corviknight|Iron Defense|p2a: Corviknight
|-boost|p2a: Corviknight|def|2
|
|-heal|p1a: Kyurem|100/100|[from] item: Leftovers
|-heal|p2a: Corviknight|28/100|[from] item: Leftovers
|upkeep
|turn|42
|
|t:|1760761570
|move|p1a: Kyurem|Freeze-Dry|p2a: Corviknight
|-damage|p2a: Corviknight|0 fnt
|faint|p2a: Corviknight
|
|upkeep
|
|t:|1760761581
|switch|p2a: Dondozo|Dondozo, M, shiny|100/100 slp
|-damage|p2a: Dondozo|88/100 slp|[from] Stealth Rock
|turn|43
|
|t:|1760761586
|move|p1a: Kyurem|Freeze-Dry|p2a: Dondozo
|-supereffective|p2a: Dondozo
|-damage|p2a: Dondozo|19/100 slp
|cant|p2a: Dondozo|slp
|move|p2a: Dondozo|Sleep Talk|p2a: Dondozo
|move|p2a: Dondozo|Earthquake|p1a: Kyurem|[from] move: Sleep Talk
|-end|p1a: Kyurem|Substitute
|
|-heal|p2a: Dondozo|25/100 slp|[from] item: Leftovers
|upkeep
|turn|44
|
|t:|1760761598
|switch|p2a: Blissey|Blissey, F|77/100
|-damage|p2a: Blissey|64/100|[from] Stealth Rock
|move|p1a: Kyurem|Freeze-Dry|p2a: Blissey
|-damage|p2a: Blissey|53/100
|
|-heal|p2a: Blissey|59/100|[from] item: Leftovers
|upkeep
|turn|45
|
|t:|1760761608
|move|p1a: Kyurem|Substitute|p1a: Kyurem
|-start|p1a: Kyurem|Substitute
|-damage|p1a: Kyurem|75/100
|move|p2a: Blissey|Seismic Toss|p1a: Kyurem
|-activate|p1a: Kyurem|move: Substitute|[damage]
|
|-heal|p1a: Kyurem|82/100|[from] item: Leftovers
|-heal|p2a: Blissey|66/100|[from] item: Leftovers
|upkeep
|turn|46
|
|t:|1760761617
|move|p1a: Kyurem|Body Press|p2a: Blissey
|-supereffective|p2a: Blissey
|-damage|p2a: Blissey|33/100
|move|p2a: Blissey|Seismic Toss|p1a: Kyurem
|-end|p1a: Kyurem|Substitute
|
|-heal|p1a: Kyurem|88/100|[from] item: Leftovers
|-heal|p2a: Blissey|39/100|[from] item: Leftovers
|upkeep
|turn|47
|
|t:|1760761627
|move|p1a: Kyurem|Substitute|p1a: Kyurem
|-start|p1a: Kyurem|Substitute
|-damage|p1a: Kyurem|63/100
|move|p2a: Blissey|Soft-Boiled|p2a: Blissey
|-heal|p2a: Blissey|89/100
|
|-heal|p1a: Kyurem|69/100|[from] item: Leftovers
|-heal|p2a: Blissey|95/100|[from] item: Leftovers
|upkeep
|turn|48
|
|t:|1760761635
|move|p1a: Kyurem|Body Press|p2a: Blissey
|-supereffective|p2a: Blissey
|-damage|p2a: Blissey|61/100
|move|p2a: Blissey|Seismic Toss|p1a: Kyurem
|-activate|p1a: Kyurem|move: Substitute|[damage]
|
|-heal|p1a: Kyurem|75/100|[from] item: Leftovers
|-heal|p2a: Blissey|67/100|[from] item: Leftovers
|upkeep
|turn|49
|
|t:|1760761645
|move|p1a: Kyurem|Body Press|p2a: Blissey
|-supereffective|p2a: Blissey
|-damage|p2a: Blissey|32/100
|move|p2a: Blissey|Seismic Toss|p1a: Kyurem
|-end|p1a: Kyurem|Substitute
|
|-heal|p1a: Kyurem|81/100|[from] item: Leftovers
|-heal|p2a: Blissey|38/100|[from] item: Leftovers
|upkeep
|turn|50
|
|t:|1760761655
|move|p1a: Kyurem|Body Press|p2a: Blissey
|-supereffective|p2a: Blissey
|-damage|p2a: Blissey|2/100
|move|p2a: Blissey|Seismic Toss|p1a: Kyurem
|-damage|p1a: Kyurem|57/100
|
|-heal|p1a: Kyurem|63/100|[from] item: Leftovers
|-heal|p2a: Blissey|8/100|[from] item: Leftovers
|upkeep
|turn|51
|
|t:|1760761665
|switch|p2a: Weezing|Weezing-Galar, M, shiny|100/100
|-ability|p2a: Weezing|Neutralizing Gas
|move|p1a: Kyurem|Freeze-Dry|p2a: Weezing
|-damage|p2a: Weezing|51/100
|
|-heal|p1a: Kyurem|69/100|[from] item: Leftovers
|upkeep
|turn|52
|
|t:|1760761677
|move|p1a: Kyurem|Earth Power|p2a: Weezing
|-supereffective|p2a: Weezing
|-damage|p2a: Weezing|0 fnt
|faint|p2a: Weezing
|-end|p2a: Weezing|ability: Neutralizing Gas
|-ability|p1a: Kyurem|Pressure
|
|-heal|p1a: Kyurem|75/100|[from] item: Leftovers
|upkeep
|
|t:|1760761684
|switch|p2a: Gliscor|Gliscor, M|78/100 tox
|-damage|p2a: Gliscor|65/100 tox|[from] Stealth Rock
|turn|53
|
|t:|1760761689
|move|p2a: Gliscor|Protect|p2a: Gliscor
|-singleturn|p2a: Gliscor|Protect
|move|p1a: Kyurem|Freeze-Dry|p2a: Gliscor
|-activate|p2a: Gliscor|move: Protect
|
|-heal|p1a: Kyurem|81/100|[from] item: Leftovers
|-heal|p2a: Gliscor|78/100 tox|[from] ability: Poison Heal
|upkeep
|turn|54
|
|t:|1760761707
|-terastallize|p2a: Gliscor|Water
|move|p1a: Kyurem|Substitute|p1a: Kyurem
|-start|p1a: Kyurem|Substitute
|-damage|p1a: Kyurem|56/100
|move|p2a: Gliscor|Knock Off|p1a: Kyurem
|-activate|p1a: Kyurem|move: Substitute|[damage]
|
|-heal|p1a: Kyurem|63/100|[from] item: Leftovers
|-heal|p2a: Gliscor|90/100 tox|[from] ability: Poison Heal
|upkeep
|turn|55
|
|t:|1760761717
|move|p1a: Kyurem|Freeze-Dry|p2a: Gliscor
|-supereffective|p2a: Gliscor
|-damage|p2a: Gliscor|28/100 tox
|move|p2a: Gliscor|Earthquake|p1a: Kyurem
|-end|p1a: Kyurem|Substitute
|
|-heal|p1a: Kyurem|69/100|[from] item: Leftovers
|-heal|p2a: Gliscor|41/100 tox|[from] ability: Poison Heal
|upkeep
|turn|56
|
|t:|1760761728
|move|p2a: Gliscor|Protect|p2a: Gliscor
|-singleturn|p2a: Gliscor|Protect
|move|p1a: Kyurem|Substitute|p1a: Kyurem
|-start|p1a: Kyurem|Substitute
|-damage|p1a: Kyurem|44/100
|
|-heal|p1a: Kyurem|50/100|[from] item: Leftovers
|-heal|p2a: Gliscor|53/100 tox|[from] ability: Poison Heal
|upkeep
|turn|57
|
|t:|1760761737
|move|p1a: Kyurem|Freeze-Dry|p2a: Gliscor
|-supereffective|p2a: Gliscor
|-damage|p2a: Gliscor|0 fnt
|faint|p2a: Gliscor
|
|-heal|p1a: Kyurem|56/100|[from] item: Leftovers
|upkeep
|
|t:|1760761740
|switch|p2a: Toxapex|Toxapex, F, shiny|100/100 brn
|-damage|p2a: Toxapex|88/100 brn|[from] Stealth Rock
|turn|58
|-message|destined1jnp forfeited.
|
|win|King7D7
|raw|King7D7's rating: 1182 &rarr; <strong>1211</strong><br />(+29 for winning)
|raw|destined1jnp's rating: 1241 &rarr; <strong>1212</strong><br />(-29 for losing)
|l|‽destined1jnp
|player|p2|
|l|☆King7D7
|player|p1|
