|j|☆khote
|j|☆Obito 2001
|t:|1760769199
|gametype|singles
|player|p1|khote|burglar|1693
|player|p2|Obito 2001|blue-gen3two|1743
|gen|9
|tier|[Gen 9] OU
|rated|
|rule|HP Percentage Mod: HP is shown in percentages
|rule|Endless Battle Clause: Forcing endless battles is banned
|rule|Species Clause: Limit one of each Pokémon
|rule|OHKO Clause: OHKO moves are banned
|rule|Evasion Items Clause: Evasion items are banned
|rule|Evasion Moves Clause: Evasion moves are banned
|rule|Evasion Abilities Clause: Evasion abilities are banned
|rule|Sleep Moves Clause: Sleep-inducing moves are banned
|clearpoke
|poke|p1|Iron Treads|
|poke|p1|Ogerpon-Wellspring, F|
|poke|p1|Zamazenta-*|
|poke|p1|Dragapult, F|
|poke|p1|Iron Valiant|
|poke|p1|Dragonite, F|
|poke|p2|Maushold-Four|
|poke|p2|Comfey, F|
|poke|p2|Grimmsnarl, M|
|poke|p2|Iron Crown|
|poke|p2|Ogerpon-Wellspring, F|
|poke|p2|Great Tusk|
|teampreview
|inactive|Battle timer is ON: inactive players will automatically lose when time's up. (requested by Obito 2001)
|
|t:|1760769229
|teamsize|p1|6
|teamsize|p2|6
|start
|switch|p1a: Iron Treads|Iron Treads|100/100
|switch|p2a: 🎭|Ogerpon-Wellspring, F|100/100
|turn|1
|
|t:|1760769234
|-end|p1a: Iron Treads|Quark Drive|[silent]
|switch|p1a: Dragapult|Dragapult, F|100/100
|move|p2a: 🎭|Swords Dance|p2a: 🎭
|-boost|p2a: 🎭|atk|2
|
|upkeep
|turn|2
|
|t:|1760769240
|switch|p2a: Screen Goblin|Grimmsnarl, M|100/100
|move|p1a: Dragapult|Will-O-Wisp|p2a: Screen Goblin|[miss]
|-miss|p1a: Dragapult|p2a: Screen Goblin
|
|upkeep
|turn|3
|
|t:|1760769249
|move|p1a: Dragapult|U-turn|p2a: Screen Goblin
|-damage|p2a: Screen Goblin|87/100
|
|t:|1760769251
|switch|p1a: Iron Treads|Iron Treads|100/100|[from] U-turn
|move|p2a: Screen Goblin|Spirit Break|p1a: Iron Treads
|-resisted|p1a: Iron Treads
|-damage|p1a: Iron Treads|89/100
|-unboost|p1a: Iron Treads|spa|1
|
|-heal|p1a: Iron Treads|96/100|[from] item: Leftovers
|upkeep
|turn|4
|
|t:|1760769257
|move|p2a: Screen Goblin|Parting Shot|p1a: Iron Treads
|-unboost|p1a: Iron Treads|atk|1
|-unboost|p1a: Iron Treads|spa|1
|
|t:|1760769258
|switch|p2a: 🎭|Ogerpon-Wellspring, F|100/100|[from] Parting Shot
|move|p1a: Iron Treads|Stealth Rock|p2a: 🎭
|-sidestart|p2: Obito 2001|move: Stealth Rock
|
|-heal|p1a: Iron Treads|100/100|[from] item: Leftovers
|upkeep
|turn|5
|
|t:|1760769263
|-end|p1a: Iron Treads|Quark Drive|[silent]
|switch|p1a: Dragapult|Dragapult, F|100/100
|move|p2a: 🎭|Trailblaze|p1a: Dragapult
|-resisted|p1a: Dragapult
|-damage|p1a: Dragapult|80/100
|-boost|p2a: 🎭|spe|1
|
|upkeep
|turn|6
|
|t:|1760769267
|move|p2a: 🎭|Play Rough|p1a: Dragapult
|-supereffective|p1a: Dragapult
|-damage|p1a: Dragapult|0 fnt
|faint|p1a: Dragapult
|
|upkeep
|
|t:|1760769285
|switch|p1a: Ogerpon|Ogerpon-Wellspring, F|100/100
|turn|7
|
|t:|1760769289
|move|p2a: 🎭|Swords Dance|p2a: 🎭
|-boost|p2a: 🎭|atk|2
|move|p1a: Ogerpon|Horn Leech|p2a: 🎭
|-damage|p2a: 🎭|39/100
|
|upkeep
|turn|8
|
|t:|1760769302
|move|p2a: 🎭|Play Rough|p1a: Ogerpon
|-damage|p1a: Ogerpon|0 fnt
|faint|p1a: Ogerpon
|
|upkeep
|
|t:|1760769306
|switch|p1a: Dragonite|Dragonite, F|100/100
|turn|9
|
|t:|1760769310
|switch|p2a: Mega Donphan|Great Tusk|100/100
|move|p1a: Dragonite|Extreme Speed|p2a: Mega Donphan
|-damage|p2a: Mega Donphan|79/100
|
|upkeep
|turn|10
|
|t:|1760769324
|switch|p1a: Zamazenta|Zamazenta|100/100
|-ability|p1a: Zamazenta|Dauntless Shield|boost
|-boost|p1a: Zamazenta|def|1
|move|p2a: Mega Donphan|Rapid Spin|p1a: Zamazenta
|-damage|p1a: Zamazenta|90/100
|-boost|p2a: Mega Donphan|spe|1
|-sideend|p2: Obito 2001|Stealth Rock|[from] move: Rapid Spin|[of] p2a: Mega Donphan
|
|-heal|p1a: Zamazenta|97/100|[from] item: Leftovers
|upkeep
|turn|11
|
|t:|1760769349
|move|p2a: Mega Donphan|Stealth Rock|p1a: Zamazenta
|-sidestart|p1: khote|move: Stealth Rock
|move|p1a: Zamazenta|Body Press|p2a: Mega Donphan
|-damage|p2a: Mega Donphan|48/100
|
|-heal|p1a: Zamazenta|100/100|[from] item: Leftovers
|upkeep
|turn|12
|
|t:|1760769358
|-end|p2a: Mega Donphan|Protosynthesis|[silent]
|switch|p2a: Screen Goblin|Grimmsnarl, M|87/100
|move|p1a: Zamazenta|Body Press|p2a: Screen Goblin
|-damage|p2a: Screen Goblin|43/100
|
|upkeep
|turn|13
|
|t:|1760769362
|switch|p1a: Iron Treads|Iron Treads|100/100
|-damage|p1a: Iron Treads|97/100|[from] Stealth Rock
|move|p2a: Screen Goblin|Reflect|p2a: Screen Goblin
|-sidestart|p2: Obito 2001|Reflect
|
|-heal|p1a: Iron Treads|100/100|[from] item: Leftovers
|upkeep
|turn|14
|
|t:|1760769367
|move|p2a: Screen Goblin|Parting Shot|p1a: Iron Treads
|-unboost|p1a: Iron Treads|atk|1
|-unboost|p1a: Iron Treads|spa|1
|
|t:|1760769375
|switch|p2a: 🎭|Ogerpon-Wellspring, F|39/100|[from] Parting Shot
|move|p1a: Iron Treads|Rapid Spin|p2a: 🎭
|-damage|p2a: 🎭|34/100
|-boost|p1a: Iron Treads|spe|1
|-sideend|p1: khote|Stealth Rock|[from] move: Rapid Spin|[of] p1a: Iron Treads
|
|upkeep
|turn|15
|
|t:|1760769385
|-end|p1a: Iron Treads|Quark Drive|[silent]
|switch|p1a: Dragonite|Dragonite, F|100/100
|move|p2a: 🎭|Ivy Cudgel|p1a: Dragonite|[anim] Ivy Cudgel Water
|-resisted|p1a: Dragonite
|-crit|p1a: Dragonite
|-damage|p1a: Dragonite|78/100
|
|upkeep
|turn|16
|
|t:|1760769393
|move|p1a: Dragonite|Extreme Speed|p2a: 🎭
|-damage|p2a: 🎭|16/100
|move|p2a: 🎭|Play Rough|p1a: Dragonite
|-supereffective|p1a: Dragonite
|-damage|p1a: Dragonite|6/100
|
|upkeep
|turn|17
|
|t:|1760769399
|switch|p2a: Mega Donphan|Great Tusk|48/100
|move|p1a: Dragonite|Extreme Speed|p2a: Mega Donphan
|-damage|p2a: Mega Donphan|39/100
|
|upkeep
|turn|18
|
|t:|1760769409
|move|p1a: Dragonite|Extreme Speed|p2a: Mega Donphan
|-damage|p2a: Mega Donphan|28/100
|move|p2a: Mega Donphan|Rapid Spin|p1a: Dragonite
|-damage|p1a: Dragonite|0 fnt
|-boost|p2a: Mega Donphan|spe|1
|faint|p1a: Dragonite
|
|upkeep
|
|t:|1760769413
|switch|p1a: Iron Valiant|Iron Valiant|100/100
|-enditem|p1a: Iron Valiant|Booster Energy
|-activate|p1a: Iron Valiant|ability: Quark Drive|[fromitem]
|-start|p1a: Iron Valiant|quarkdrivespe
|turn|19
|
|t:|1760769420
|move|p1a: Iron Valiant|Moonblast|p2a: Mega Donphan
|-supereffective|p2a: Mega Donphan
|-damage|p2a: Mega Donphan|0 fnt
|faint|p2a: Mega Donphan
|-end|p2a: Mega Donphan|Protosynthesis|[silent]
|
|upkeep
|
|t:|1760769423
|switch|p2a: Zanpakuto🗡️|Iron Crown|100/100
|turn|20
|
|t:|1760769431
|-end|p1a: Iron Valiant|Quark Drive|[silent]
|switch|p1a: Iron Treads|Iron Treads|100/100
|move|p2a: Zanpakuto🗡️|Tachyon Cutter|p1a: Iron Treads
|-resisted|p1a: Iron Treads
|-damage|p1a: Iron Treads|84/100
|-resisted|p1a: Iron Treads
|-damage|p1a: Iron Treads|69/100
|-hitcount|p1a: Iron Treads|2
|
|-heal|p1a: Iron Treads|75/100|[from] item: Leftovers
|-sideend|p2: Obito 2001|Reflect
|upkeep
|turn|21
|
|t:|1760769439
|-end|p2a: Zanpakuto🗡️|Quark Drive|[silent]
|switch|p2a: 🎭|Ogerpon-Wellspring, F|16/100
|move|p1a: Iron Treads|Earthquake|p2a: 🎭
|-resisted|p2a: 🎭
|-damage|p2a: 🎭|0 fnt
|faint|p2a: 🎭
|
|-heal|p1a: Iron Treads|81/100|[from] item: Leftovers
|upkeep
|
|t:|1760769442
|switch|p2a: Screen Goblin|Grimmsnarl, M|43/100
|turn|22
|
|t:|1760769445
|move|p2a: Screen Goblin|Reflect|p2a: Screen Goblin
|-sidestart|p2: Obito 2001|Reflect
|move|p1a: Iron Treads|Iron Head|p2a: Screen Goblin
|-supereffective|p2a: Screen Goblin
|-damage|p2a: Screen Goblin|16/100
|
|-heal|p1a: Iron Treads|87/100|[from] item: Leftovers
|upkeep
|turn|23
|j| PXT Alpha
|
|t:|1760769453
|move|p2a: Screen Goblin|Parting Shot|p1a: Iron Treads
|-unboost|p1a: Iron Treads|atk|1
|-unboost|p1a: Iron Treads|spa|1
|
|t:|1760769455
|switch|p2a: Gang bang|Maushold-Four|100/100|[from] Parting Shot
|move|p1a: Iron Treads|Stealth Rock|p2a: Gang bang
|-sidestart|p2: Obito 2001|move: Stealth Rock
|
|-heal|p1a: Iron Treads|94/100|[from] item: Leftovers
|upkeep
|turn|24
|
|t:|1760769459
|-end|p1a: Iron Treads|Quark Drive|[silent]
|switch|p1a: Zamazenta|Zamazenta|100/100
|move|p2a: Gang bang|Tidy Up|p2a: Gang bang
|-sideend|p2: Obito 2001|Stealth Rock
|-activate|p2a: Gang bang|move: Tidy Up
|-boost|p2a: Gang bang|atk|1
|-boost|p2a: Gang bang|spe|1
|
|upkeep
|turn|25
|
|t:|1760769468
|move|p2a: Gang bang|Population Bomb|p1a: Zamazenta
|-damage|p1a: Zamazenta|86/100
|-damage|p1a: Zamazenta|73/100
|-damage|p1a: Zamazenta|60/100
|-damage|p1a: Zamazenta|46/100
|-damage|p1a: Zamazenta|32/100
|-damage|p1a: Zamazenta|20/100
|-damage|p1a: Zamazenta|6/100
|-damage|p1a: Zamazenta|0 fnt
|faint|p1a: Zamazenta
|-hitcount|p1: Zamazenta|8
|
|upkeep
|
|t:|1760769471
|switch|p1a: Iron Valiant|Iron Valiant|100/100
|turn|26
|
|t:|1760769476
|-terastallize|p1a: Iron Valiant|Ghost
|move|p2a: Gang bang|Population Bomb|p1a: Iron Valiant
|-immune|p1a: Iron Valiant
|move|p1a: Iron Valiant|Moonblast|p2a: Gang bang
|-damage|p2a: Gang bang|26/100
|
|upkeep
|turn|27
|
|t:|1760769491
|move|p2a: Gang bang|Bite|p1a: Iron Valiant
|-supereffective|p1a: Iron Valiant
|-damage|p1a: Iron Valiant|23/100
|move|p1a: Iron Valiant|Moonblast|p2a: Gang bang
|-damage|p2a: Gang bang|0 fnt
|faint|p2a: Gang bang
|
|upkeep
|
|t:|1760769501
|switch|p2a: Huh-Yunjin💋|Comfey, F|100/100
|turn|28
|
|t:|1760769505
|-end|p1a: Iron Valiant|Quark Drive|[silent]
|switch|p1a: Iron Treads|Iron Treads|94/100
|move|p2a: Huh-Yunjin💋|Draining Kiss|p1a: Iron Treads
|-resisted|p1a: Iron Treads
|-damage|p1a: Iron Treads|86/100
|
|-heal|p1a: Iron Treads|92/100|[from] item: Leftovers
|upkeep
|turn|29
|
|t:|1760769514
|switch|p2a: Zanpakuto🗡️|Iron Crown|100/100
|move|p1a: Iron Treads|Earthquake|p2a: Zanpakuto🗡️
|-supereffective|p2a: Zanpakuto🗡️
|-damage|p2a: Zanpakuto🗡️|62/100
|
|-heal|p1a: Iron Treads|98/100|[from] item: Leftovers
|-sideend|p2: Obito 2001|Reflect
|upkeep
|turn|30
|
|t:|1760769521
|move|p2a: Zanpakuto🗡️|Focus Blast|p1a: Iron Treads
|-supereffective|p1a: Iron Treads
|-damage|p1a: Iron Treads|8/100
|move|p1a: Iron Treads|Earthquake|p2a: Zanpakuto🗡️
|-supereffective|p2a: Zanpakuto🗡️
|-damage|p2a: Zanpakuto🗡️|0 fnt
|faint|p2a: Zanpakuto🗡️
|-end|p2a: Zanpakuto🗡️|Quark Drive|[silent]
|
|-heal|p1a: Iron Treads|14/100|[from] item: Leftovers
|upkeep
|
|t:|1760769530
|switch|p2a: Screen Goblin|Grimmsnarl, M|16/100
|turn|31
|
|t:|1760769532
|move|p2a: Screen Goblin|Reflect|p2a: Screen Goblin
|-sidestart|p2: Obito 2001|Reflect
|move|p1a: Iron Treads|Iron Head|p2a: Screen Goblin
|-supereffective|p2a: Screen Goblin
|-damage|p2a: Screen Goblin|0 fnt
|faint|p2a: Screen Goblin
|
|-heal|p1a: Iron Treads|21/100|[from] item: Leftovers
|upkeep
|
|t:|1760769533
|switch|p2a: Huh-Yunjin💋|Comfey, F|100/100
|turn|32
|
|t:|1760769536
|move|p1a: Iron Treads|Iron Head|p2a: Huh-Yunjin💋
|-supereffective|p2a: Huh-Yunjin💋
|-damage|p2a: Huh-Yunjin💋|67/100
|move|p2a: Huh-Yunjin💋|Calm Mind|p2a: Huh-Yunjin💋
|-boost|p2a: Huh-Yunjin💋|spa|1
|-boost|p2a: Huh-Yunjin💋|spd|1
|
|-heal|p1a: Iron Treads|27/100|[from] item: Leftovers
|upkeep
|turn|33
|
|t:|1760769541
|move|p2a: Huh-Yunjin💋|Giga Drain|p1a: Iron Treads
|-damage|p1a: Iron Treads|3/100
|-heal|p2a: Huh-Yunjin💋|82/100|[from] drain|[of] p1a: Iron Treads
|move|p1a: Iron Treads|Iron Head|p2a: Huh-Yunjin💋
|-supereffective|p2a: Huh-Yunjin💋
|-damage|p2a: Huh-Yunjin💋|44/100
|
|-heal|p1a: Iron Treads|9/100|[from] item: Leftovers
|upkeep
|turn|34
|
|t:|1760769544
|move|p2a: Huh-Yunjin💋|Giga Drain|p1a: Iron Treads
|-damage|p1a: Iron Treads|0 fnt
|-heal|p2a: Huh-Yunjin💋|49/100|[from] drain|[of] p1a: Iron Treads
|faint|p1a: Iron Treads
|-end|p1a: Iron Treads|Quark Drive|[silent]
|
|upkeep
|
|t:|1760769546
|switch|p1a: Iron Valiant|Iron Valiant, tera:Ghost|23/100
|turn|35
|
|t:|1760769551
|move|p2a: Huh-Yunjin💋|Draining Kiss|p1a: Iron Valiant
|-damage|p1a: Iron Valiant|0 fnt
|-heal|p2a: Huh-Yunjin💋|66/100|[from] drain|[of] p1a: Iron Valiant
|faint|p1a: Iron Valiant
|-end|p1a: Iron Valiant|Quark Drive|[silent]
|
|win|Obito 2001
|raw|khote's rating: 1693 &rarr; <strong>1676</strong><br />(-17 for losing)
|raw|Obito 2001's rating: 1743 &rarr; <strong>1760</strong><br />(+17 for winning)
|l|☆Obito 2001
|player|p2|
|l|☆khote
|player|p1|
|l| PXT Alpha
