|j|☆HZBKAI9
|j|☆lesulie
|t:|1760849036
|gametype|singles
|player|p1|HZBKAI9|2|1150
|player|p2|lesulie|rosa|1141
|gen|9
|tier|[Gen 9] OU
|rated|
|rule|HP Percentage Mod: HP is shown in percentages
|rule|Endless Battle Clause: Forcing endless battles is banned
|rule|Species Clause: Limit one of each Pokémon
|rule|OHKO Clause: OHKO moves are banned
|rule|Evasion Items Clause: Evasion items are banned
|rule|Evasion Moves Clause: Evasion moves are banned
|rule|Evasion Abilities Clause: Evasion abilities are banned
|rule|Sleep Moves Clause: Sleep-inducing moves are banned
|clearpoke
|poke|p1|Hoopa-Unbound|
|poke|p1|Heatran, M|
|poke|p1|Drifblim, F|
|poke|p1|Kingambit, M|
|poke|p1|Dragonite, M|
|poke|p1|Gardevoir, M|
|poke|p2|Landorus-Therian, M|
|poke|p2|Sinistcha|
|poke|p2|Tinkaton, F|
|poke|p2|Moltres|
|poke|p2|Samurott-Hisui, M|
|poke|p2|Hydreigon, M|
|teampreview
|inactive|Battle timer is ON: inactive players will automatically lose when time's up. (requested by lesulie)
|
|t:|1760849061
|teamsize|p1|6
|teamsize|p2|6
|start
|switch|p1a: Heatran|Heatran, M|100/100
|switch|p2a: Samurott|Samurott-Hisui, M, shiny|100/100
|turn|1
|
|t:|1760849069
|move|p1a: Heatran|Earth Power|p2a: Samurott
|-damage|p2a: Samurott|54/100
|move|p2a: Samurott|Ceaseless Edge|p1a: Heatran
|-damage|p1a: Heatran|55/100
|-sidestart|p1: HZBKAI9|Spikes
|
|-heal|p1a: Heatran|61/100|[from] item: Leftovers
|upkeep
|turn|2
|
|t:|1760849083
|move|p1a: Heatran|Earth Power|p2a: Samurott
|-damage|p2a: Samurott|9/100
|move|p2a: Samurott|Flip Turn|p1a: Heatran
|-supereffective|p1a: Heatran
|-damage|p1a: Heatran|0 fnt
|faint|p1a: Heatran
|
|t:|1760849094
|switch|p2a: Hydreigon|Hydreigon, M, shiny|100/100|[from] Flip Turn
|
|upkeep
|
|t:|1760849094
|switch|p1a: Gardevoir|Gardevoir, M|100/100
|-damage|p1a: Gardevoir|88/100|[from] Spikes
|turn|3
|
|t:|1760849102
|-terastallize|p2a: Hydreigon|Steel
|move|p1a: Gardevoir|Draining Kiss|p2a: Hydreigon
|-resisted|p2a: Hydreigon
|-damage|p2a: Hydreigon|87/100
|-heal|p1a: Gardevoir|100/100|[from] drain|[of] p2a: Hydreigon
|move|p2a: Hydreigon|Flash Cannon|p1a: Gardevoir
|-supereffective|p1a: Gardevoir
|-damage|p1a: Gardevoir|0 fnt
|faint|p1a: Gardevoir
|
|upkeep
|
|t:|1760849103
|switch|p1a: Dragonite|Dragonite, M|100/100
|turn|4
|
|t:|1760849127
|move|p2a: Hydreigon|Flash Cannon|p1a: Dragonite
|-damage|p1a: Dragonite|68/100
|move|p1a: Dragonite|Earthquake|p2a: Hydreigon
|-immune|p2a: Hydreigon|[from] ability: Levitate
|
|upkeep
|turn|5
|
|t:|1760849145
|switch|p2a: Landorus|Landorus-Therian, M, shiny|100/100
|-ability|p2a: Landorus|Intimidate|boost
|-unboost|p1a: Dragonite|atk|1
|move|p1a: Dragonite|Earthquake|p2a: Landorus
|-immune|p2a: Landorus
|
|upkeep
|turn|6
|
|t:|1760849152
|move|p2a: Landorus|Stone Edge|p1a: Dragonite|[miss]
|-miss|p2a: Landorus|p1a: Dragonite
|move|p1a: Dragonite|Ice Spinner|p2a: Landorus
|-supereffective|p2a: Landorus
|-damage|p2a: Landorus|6/100
|
|upkeep
|turn|7
|
|t:|1760849157
|move|p2a: Landorus|Stone Edge|p1a: Dragonite|[miss]
|-miss|p2a: Landorus|p1a: Dragonite
|move|p1a: Dragonite|Ice Spinner|p2a: Landorus
|-supereffective|p2a: Landorus
|-damage|p2a: Landorus|0 fnt
|faint|p2a: Landorus
|
|upkeep
|c|☆lesulie|wow
|
|t:|1760849164
|switch|p2a: Hydreigon|Hydreigon, M, shiny, tera:Steel|87/100
|turn|8
|
|t:|1760849174
|move|p2a: Hydreigon|Draco Meteor|p1a: Dragonite
|-supereffective|p1a: Dragonite
|-damage|p1a: Dragonite|0 fnt
|-unboost|p2a: Hydreigon|spa|2
|faint|p1a: Dragonite
|
|upkeep
|
|t:|1760849174
|switch|p1a: Hoopa|Hoopa-Unbound|100/100
|-damage|p1a: Hoopa|88/100|[from] Spikes
|turn|9
|
|t:|1760849202
|switch|p2a: Samurott|Samurott-Hisui, M, shiny|9/100
|move|p1a: Hoopa|Drain Punch|p2a: Samurott
|-supereffective|p2a: Samurott
|-damage|p2a: Samurott|0 fnt
|-heal|p1a: Hoopa|92/100|[from] drain|[of] p2a: Samurott
|faint|p2a: Samurott
|
|upkeep
|inactive|lesulie has 120 seconds left.
|
|t:|1760849221
|switch|p2a: Moltres|Moltres, shiny|100/100
|turn|10
|
|t:|1760849225
|move|p2a: Moltres|Flamethrower|p1a: Hoopa
|-damage|p1a: Hoopa|73/100
|move|p1a: Hoopa|Thunderbolt|p2a: Moltres
|-supereffective|p2a: Moltres
|-damage|p2a: Moltres|39/100
|
|upkeep
|turn|11
|
|t:|1760849239
|move|p2a: Moltres|U-turn|p1a: Hoopa
|-supereffective|p1a: Hoopa
|-damage|p1a: Hoopa|6/100
|inactive|lesulie has 120 seconds left.
|
|t:|1760849255
|switch|p2a: Tinkaton|Tinkaton, F, shiny|100/100|[from] U-turn
|-item|p2a: Tinkaton|Air Balloon
|move|p1a: Hoopa|Thunderbolt|p2a: Tinkaton
|-damage|p2a: Tinkaton|63/100
|-enditem|p2a: Tinkaton|Air Balloon
|
|upkeep
|turn|12
|inactive|lesulie has 120 seconds left.
|
|t:|1760849264
|move|p2a: Tinkaton|Gigaton Hammer|p1a: Hoopa
|-damage|p1a: Hoopa|0 fnt
|faint|p1a: Hoopa
|
|upkeep
|
|t:|1760849264
|switch|p1a: Drifblim|Drifblim, F|100/100
|turn|13
|
|t:|1760849270
|move|p2a: Tinkaton|Ice Hammer|p1a: Drifblim
|-supereffective|p1a: Drifblim
|-damage|p1a: Drifblim|25/100
|-unboost|p2a: Tinkaton|spe|1
|move|p1a: Drifblim|Hex|p2a: Tinkaton
|-damage|p2a: Tinkaton|27/100
|
|upkeep
|turn|14
|
|t:|1760849283
|switch|p2a: Hydreigon|Hydreigon, M, shiny, tera:Steel|87/100
|move|p1a: Drifblim|Hex|p2a: Hydreigon
|-damage|p2a: Hydreigon|52/100
|
|upkeep
|turn|15
|
|t:|1760849299
|move|p2a: Hydreigon|Flash Cannon|p1a: Drifblim
|-damage|p1a: Drifblim|0 fnt
|faint|p1a: Drifblim
|
|upkeep
|
|t:|1760849299
|switch|p1a: Kingambit|Kingambit, M|100/100
|-damage|p1a: Kingambit|88/100|[from] Spikes
|-activate|p1a: Kingambit|ability: Supreme Overlord
|-start|p1a: Kingambit|fallen5|[silent]
|turn|16
|
|t:|1760849312
|switch|p2a: Tinkaton|Tinkaton, F, shiny|27/100
|move|p1a: Kingambit|Kowtow Cleave|p2a: Tinkaton
|-resisted|p2a: Tinkaton
|-damage|p2a: Tinkaton|0 fnt
|faint|p2a: Tinkaton
|
|-heal|p1a: Kingambit|94/100|[from] item: Leftovers
|upkeep
|
|t:|1760849320
|switch|p2a: Moltres|Moltres, shiny|39/100
|turn|17
|
|t:|1760849324
|move|p2a: Moltres|Flamethrower|p1a: Kingambit
|-supereffective|p1a: Kingambit
|-damage|p1a: Kingambit|11/100
|move|p1a: Kingambit|Kowtow Cleave|p2a: Moltres
|-damage|p2a: Moltres|0 fnt
|faint|p2a: Moltres
|
|-heal|p1a: Kingambit|17/100|[from] item: Leftovers
|upkeep
|
|t:|1760849332
|switch|p2a: Hydreigon|Hydreigon, M, shiny, tera:Steel|52/100
|turn|18
|
|t:|1760849336
|move|p2a: Hydreigon|Earth Power|p1a: Kingambit
|-supereffective|p1a: Kingambit
|-damage|p1a: Kingambit|0 fnt
|faint|p1a: Kingambit
|-end|p1a: Kingambit|fallen5|[silent]
|
|win|lesulie
|raw|HZBKAI9's rating: 1150 &rarr; <strong>1124</strong><br />(-26 for losing)
|raw|lesulie's rating: 1141 &rarr; <strong>1167</strong><br />(+26 for winning)
|l|☆HZBKAI9
|player|p1|
|l|☆lesulie
|player|p2|
