|j|☆xRiper
|j|☆bena13
|t:|1760741095
|gametype|singles
|player|p1|xRiper|volkner|1399
|player|p2|bena13|101|1382
|gen|9
|tier|[Gen 9] OU
|rated|
|rule|HP Percentage Mod: HP is shown in percentages
|rule|Endless Battle Clause: Forcing endless battles is banned
|rule|Species Clause: Limit one of each Pokémon
|rule|OHKO Clause: OHKO moves are banned
|rule|Evasion Items Clause: Evasion items are banned
|rule|Evasion Moves Clause: Evasion moves are banned
|rule|Evasion Abilities Clause: Evasion abilities are banned
|rule|Sleep Moves Clause: Sleep-inducing moves are banned
|clearpoke
|poke|p1|Samurott-Hisui, M|
|poke|p1|Iron Valiant|
|poke|p1|Landorus-Therian, M|
|poke|p1|Gholdengo|
|poke|p1|Kingambit, F|
|poke|p1|Dragonite, M|
|poke|p2|Spiritomb, M|
|poke|p2|Okidogi, M|
|poke|p2|Gastrodon, F|
|poke|p2|Vileplume, M|
|poke|p2|Salazzle, F|
|poke|p2|Haunter, F|
|teampreview
|inactive|Battle timer is ON: inactive players will automatically lose when time's up. (requested by xRiper)
|inactive|xRiper has 120 seconds left.
|
|t:|1760741138
|teamsize|p1|6
|teamsize|p2|6
|start
|switch|p1a: Landorus|Landorus-Therian, M|100/100
|switch|p2a: Salazzle|Salazzle, F|100/100
|-ability|p1a: Landorus|Intimidate|boost
|-fail|p2a: Salazzle|unboost|Attack|[from] ability: Oblivious|[of] p2a: Salazzle
|turn|1
|
|t:|1760741147
|-terastallize|p2a: Salazzle|Water
|move|p2a: Salazzle|Tera Blast|p1a: Landorus|[anim] Tera Blast Water
|-supereffective|p1a: Landorus
|-damage|p1a: Landorus|3/100
|-damage|p2a: Salazzle|91/100|[from] item: Life Orb
|move|p1a: Landorus|Stealth Rock|p2a: Salazzle
|-sidestart|p2: bena13|move: Stealth Rock
|
|upkeep
|turn|2
|c|☆xRiper|lol
|
|t:|1760741156
|switch|p1a: Samurott|Samurott-Hisui, M|100/100
|move|p2a: Salazzle|Sludge Bomb|p1a: Samurott
|-damage|p1a: Samurott|20/100
|-damage|p2a: Salazzle|81/100|[from] item: Life Orb
|
|upkeep
|turn|3
|
|t:|1760741164
|move|p2a: Salazzle|Sludge Bomb|p1a: Samurott
|-damage|p1a: Samurott|0 fnt
|faint|p1a: Samurott
|-damage|p2a: Salazzle|71/100|[from] item: Life Orb
|
|upkeep
|
|t:|1760741180
|switch|p1a: Iron Valiant|Iron Valiant|100/100
|-enditem|p1a: Iron Valiant|Booster Energy
|-activate|p1a: Iron Valiant|ability: Quark Drive|[fromitem]
|-start|p1a: Iron Valiant|quarkdrivespe
|turn|4
|
|t:|1760741186
|switch|p2a: Okidogi|Okidogi, M|100/100
|-damage|p2a: Okidogi|94/100|[from] Stealth Rock
|move|p1a: Iron Valiant|Close Combat|p2a: Okidogi
|-resisted|p2a: Okidogi
|-damage|p2a: Okidogi|73/100
|-unboost|p1a: Iron Valiant|def|1
|-unboost|p1a: Iron Valiant|spd|1
|
|-heal|p2a: Okidogi|79/100|[from] item: Leftovers
|upkeep
|turn|5
|
|t:|1760741197
|-end|p1a: Iron Valiant|Quark Drive|[silent]
|switch|p1a: Landorus|Landorus-Therian, M|3/100
|-ability|p1a: Landorus|Intimidate|boost
|-ability|p2a: Okidogi|Guard Dog|boost
|-boost|p2a: Okidogi|atk|1
|move|p2a: Okidogi|Poison Jab|p1a: Landorus
|-resisted|p1a: Landorus
|-damage|p1a: Landorus|0 fnt
|-damage|p2a: Okidogi|63/100|[from] item: Rocky Helmet|[of] p1a: Landorus
|faint|p1a: Landorus
|
|-heal|p2a: Okidogi|69/100|[from] item: Leftovers
|upkeep
|
|t:|1760741223
|switch|p1a: Dragonite|Dragonite, M|100/100
|turn|6
|
|t:|1760741227
|switch|p2a: Spiritomb|Spiritomb, M|100/100
|-damage|p2a: Spiritomb|88/100|[from] Stealth Rock
|move|p1a: Dragonite|Dragon Dance|p1a: Dragonite
|-boost|p1a: Dragonite|atk|1
|-boost|p1a: Dragonite|spe|1
|
|-heal|p2a: Spiritomb|94/100|[from] item: Leftovers
|upkeep
|turn|7
|
|t:|1760741237
|-terastallize|p1a: Dragonite|Fire
|move|p1a: Dragonite|Dragon Dance|p1a: Dragonite
|-boost|p1a: Dragonite|atk|1
|-boost|p1a: Dragonite|spe|1
|move|p2a: Spiritomb|Will-O-Wisp|p1a: Dragonite
|-immune|p1a: Dragonite
|
|-heal|p2a: Spiritomb|100/100|[from] item: Leftovers
|upkeep
|turn|8
|
|t:|1760741248
|switch|p2a: Haunter|Haunter, F|100/100
|-damage|p2a: Haunter|88/100|[from] Stealth Rock
|move|p1a: Dragonite|Earthquake|p2a: Haunter
|-immune|p2a: Haunter|[from] ability: Levitate
|
|upkeep
|turn|9
|
|t:|1760741256
|move|p1a: Dragonite|Ice Spinner|p2a: Haunter
|-damage|p2a: Haunter|0 fnt
|faint|p2a: Haunter
|
|upkeep
|
|t:|1760741264
|switch|p2a: Gastrodon|Gastrodon, F|100/100
|-damage|p2a: Gastrodon|94/100|[from] Stealth Rock
|turn|10
|
|t:|1760741269
|move|p1a: Dragonite|Earthquake|p2a: Gastrodon
|-damage|p2a: Gastrodon|14/100
|move|p2a: Gastrodon|Earth Power|p1a: Dragonite
|-supereffective|p1a: Dragonite
|-damage|p1a: Dragonite|59/100
|
|upkeep
|turn|11
|-message|bena13 forfeited.
|
|win|xRiper
|raw|xRiper's rating: 1399 &rarr; <strong>1418</strong><br />(+19 for winning)
|raw|bena13's rating: 1382 &rarr; <strong>1363</strong><br />(-19 for losing)
|l|☆bena13
|player|p2|
|l|☆xRiper
|player|p1|
