|j|☆malic3
|j|☆beentheredonepat
|t:|1760882332
|gametype|singles
|player|p1|malic3|2|1263
|player|p2|beentheredonepat|ethan|1255
|gen|9
|tier|[Gen 9] OU
|rated|
|rule|HP Percentage Mod: HP is shown in percentages
|rule|Endless Battle Clause: Forcing endless battles is banned
|rule|Species Clause: Limit one of each Pokémon
|rule|OHKO Clause: OHKO moves are banned
|rule|Evasion Items Clause: Evasion items are banned
|rule|Evasion Moves Clause: Evasion moves are banned
|rule|Evasion Abilities Clause: Evasion abilities are banned
|rule|Sleep Moves Clause: Sleep-inducing moves are banned
|clearpoke
|poke|p1|Ceruledge, F|
|poke|p1|Gliscor, M|
|poke|p1|Kingambit, F|
|poke|p1|Garchomp, F|
|poke|p1|Iron Valiant|
|poke|p1|Lokix, F|
|poke|p2|Typhlosion, M|
|poke|p2|Ninetales, F|
|poke|p2|Shiftry, M|
|poke|p2|Ursaluna, F|
|poke|p2|Torkoal, F|
|poke|p2|Hatterene, F|
|teampreview
|inactive|Battle timer is ON: inactive players will automatically lose when time's up. (requested by beentheredonepat)
|inactive|malic3 also wants the timer to be on.
|
|t:|1760882340
|teamsize|p1|6
|teamsize|p2|6
|start
|switch|p1a: Lokix|Lokix, F|100/100
|switch|p2a: Nymph|Hatterene, F|100/100
|turn|1
|
|t:|1760882347
|move|p1a: Lokix|First Impression|p2a: Nymph
|-damage|p2a: Nymph|42/100
|-damage|p1a: Lokix|91/100|[from] item: Life Orb
|move|p2a: Nymph|Trick Room|p2a: Nymph
|-fieldstart|move: Trick Room|[of] p2a: Nymph
|
|-heal|p2a: Nymph|49/100|[from] item: Leftovers
|upkeep
|turn|2
|
|t:|1760882359
|move|p1a: Lokix|Sucker Punch|p2a: Nymph
|-damage|p2a: Nymph|1/100
|-damage|p1a: Lokix|81/100|[from] item: Life Orb
|move|p2a: Nymph|Dazzling Gleam|p1a: Lokix
|-supereffective|p1a: Lokix
|-damage|p1a: Lokix|0 fnt
|faint|p1a: Lokix
|
|-heal|p2a: Nymph|8/100|[from] item: Leftovers
|upkeep
|
|t:|1760882376
|switch|p1a: Gliscor|Gliscor, M|100/100
|turn|3
|
|t:|1760882381
|move|p2a: Nymph|Healing Wish|p2a: Nymph
|faint|p2a: Nymph
|move|p1a: Gliscor|Substitute|p1a: Gliscor
|-start|p1a: Gliscor|Substitute
|-damage|p1a: Gliscor|76/100
|
|-status|p1a: Gliscor|tox|[from] item: Toxic Orb
|upkeep
|
|t:|1760882386
|switch|p2a: Tollomot|Ninetales, F|100/100
|-weather|SunnyDay|[from] ability: Drought|[of] p2a: Tollomot
|turn|4
|
|t:|1760882391
|move|p2a: Tollomot|Encore|p1a: Gliscor
|-start|p1a: Gliscor|Encore
|move|p1a: Gliscor|Substitute|p1a: Gliscor
|-fail|p1a: Gliscor|move: Substitute
|
|-weather|SunnyDay|[upkeep]
|-heal|p1a: Gliscor|88/100 tox|[from] ability: Poison Heal
|upkeep
|turn|5
|
|t:|1760882396
|switch|p1a: Ceruledge|Ceruledge, F|100/100
|move|p2a: Tollomot|Overheat|p1a: Ceruledge
|-resisted|p1a: Ceruledge
|-damage|p1a: Ceruledge|68/100
|-unboost|p2a: Tollomot|spa|2
|-enditem|p2a: Tollomot|Eject Pack
|
|t:|1760882403
|switch|p2a: Sol|Torkoal, F|100/100
|
|-weather|SunnyDay|[upkeep]
|-fieldend|move: Trick Room
|upkeep
|turn|6
|
|t:|1760882417
|move|p1a: Ceruledge|Swords Dance|p1a: Ceruledge
|-boost|p1a: Ceruledge|atk|2
|move|p2a: Sol|Earth Power|p1a: Ceruledge
|-supereffective|p1a: Ceruledge
|-damage|p1a: Ceruledge|10/100
|-enditem|p1a: Ceruledge|Weakness Policy
|-boost|p1a: Ceruledge|atk|2|[from] item: Weakness Policy
|-boost|p1a: Ceruledge|spa|2|[from] item: Weakness Policy
|
|-weather|SunnyDay|[upkeep]
|upkeep
|turn|7
|
|t:|1760882430
|move|p1a: Ceruledge|Poltergeist|p2a: Sol
|-activate|p2a: Sol|move: Poltergeist|Heat Rock
|-damage|p2a: Sol|0 fnt
|faint|p2a: Sol
|
|-weather|SunnyDay|[upkeep]
|upkeep
|
|t:|1760882434
|switch|p2a: Shinobi|Shiftry, M|100/100
|turn|8
|
|t:|1760882442
|move|p1a: Ceruledge|Bitter Blade|p2a: Shinobi
|-supereffective|p2a: Shinobi
|-enditem|p2a: Shinobi|Focus Sash
|-damage|p2a: Shinobi|1/100
|-heal|p1a: Ceruledge|66/100|[from] drain|[of] p2a: Shinobi
|move|p2a: Shinobi|Leaf Blade|p1a: Ceruledge
|-resisted|p1a: Ceruledge
|-crit|p1a: Ceruledge
|-damage|p1a: Ceruledge|22/100
|-ability|p1a: Ceruledge|Weak Armor|boost
|-unboost|p1a: Ceruledge|def|1
|-boost|p1a: Ceruledge|spe|2
|
|-weather|none
|upkeep
|turn|9
|
|t:|1760882455
|move|p1a: Ceruledge|Bitter Blade|p2a: Shinobi
|-supereffective|p2a: Shinobi
|-damage|p2a: Shinobi|0 fnt
|-heal|p1a: Ceruledge|22/100|[from] drain|[of] p2a: Shinobi
|faint|p2a: Shinobi
|
|upkeep
|
|t:|1760882458
|switch|p2a: Mama Bear|Ursaluna, F|100/100
|turn|10
|
|t:|1760882467
|move|p1a: Ceruledge|Close Combat|p2a: Mama Bear
|-supereffective|p2a: Mama Bear
|-damage|p2a: Mama Bear|0 fnt
|-unboost|p1a: Ceruledge|def|1
|-unboost|p1a: Ceruledge|spd|1
|faint|p2a: Mama Bear
|
|upkeep
|
|t:|1760882470
|switch|p2a: Tollomot|Ninetales, F|100/100
|-weather|SunnyDay|[from] ability: Drought|[of] p2a: Tollomot
|turn|11
|
|t:|1760882484
|move|p1a: Ceruledge|Close Combat|p2a: Tollomot
|-crit|p2a: Tollomot
|-damage|p2a: Tollomot|0 fnt
|-unboost|p1a: Ceruledge|def|1
|-unboost|p1a: Ceruledge|spd|1
|faint|p2a: Tollomot
|
|-weather|SunnyDay|[upkeep]
|upkeep
|
|t:|1760882489
|switch|p2a: Charlie|Typhlosion, M|100/100
|turn|12
|
|t:|1760882493
|-terastallize|p2a: Charlie|Fire
|move|p1a: Ceruledge|Close Combat|p2a: Charlie
|-damage|p2a: Charlie|0 fnt
|-unboost|p1a: Ceruledge|def|1
|-unboost|p1a: Ceruledge|spd|1
|faint|p2a: Charlie
|
|win|malic3
|raw|malic3's rating: 1263 &rarr; <strong>1287</strong><br />(+24 for winning)
|raw|beentheredonepat's rating: 1255 &rarr; <strong>1231</strong><br />(-24 for losing)
|l|☆beentheredonepat
|player|p2|
|l|☆malic3
|player|p1|
