|j|‽ItsMrstealyourrank
|j|☆remmyymmer
|t:|1760832300
|gametype|singles
|player|p1|ItsMrstealyourrank|brawly|1650
|player|p2|remmyymmer|miku-ghost|1575
|gen|9
|tier|[Gen 9] OU
|rated|
|rule|HP Percentage Mod: HP is shown in percentages
|rule|Endless Battle Clause: Forcing endless battles is banned
|rule|Species Clause: Limit one of each Pokémon
|rule|OHKO Clause: OHKO moves are banned
|rule|Evasion Items Clause: Evasion items are banned
|rule|Evasion Moves Clause: Evasion moves are banned
|rule|Evasion Abilities Clause: Evasion abilities are banned
|rule|Sleep Moves Clause: Sleep-inducing moves are banned
|clearpoke
|poke|p1|Ninetales-Alola, M|
|poke|p1|Klefki, M|
|poke|p1|Maushold-Four|
|poke|p1|Latias, F|
|poke|p1|Kyurem|
|poke|p1|Serperior, F|
|poke|p2|Tyranitar, M|
|poke|p2|Excadrill, F|
|poke|p2|Kingambit, M|
|poke|p2|Garchomp, F|
|poke|p2|Pecharunt|
|poke|p2|Rotom-Wash|
|teampreview
|inactive|Battle timer is ON: inactive players will automatically lose when time's up. (requested by remmyymmer)
|
|t:|1760832304
|teamsize|p1|6
|teamsize|p2|6
|start
|switch|p1a: Klefki|Klefki, M|100/100
|switch|p2a: Tyranitar|Tyranitar, M|100/100
|-weather|Sandstorm|[from] ability: Sand Stream|[of] p2a: Tyranitar
|turn|1
|
|t:|1760832308
|move|p1a: Klefki|Reflect|p1a: Klefki
|-sidestart|p1: ItsMrstealyourrank|Reflect
|move|p2a: Tyranitar|Stealth Rock|p1a: Klefki
|-sidestart|p1: ItsMrstealyourrank|move: Stealth Rock
|
|-weather|Sandstorm|[upkeep]
|upkeep
|turn|2
|
|t:|1760832312
|move|p1a: Klefki|Light Screen|p1a: Klefki
|-sidestart|p1: ItsMrstealyourrank|move: Light Screen
|move|p2a: Tyranitar|Knock Off|p1a: Klefki
|-resisted|p1a: Klefki
|-damage|p1a: Klefki|91/100
|-enditem|p1a: Klefki|Light Clay|[from] move: Knock Off|[of] p2a: Tyranitar
|
|-weather|Sandstorm|[upkeep]
|upkeep
|turn|3
|
|t:|1760832318
|switch|p1a: Latias|Latias, F|100/100
|-damage|p1a: Latias|88/100|[from] Stealth Rock
|switch|p2a: Garchomp|Garchomp, F|100/100
|
|-weather|Sandstorm|[upkeep]
|-damage|p1a: Latias|82/100|[from] Sandstorm
|upkeep
|turn|4
|
|t:|1760832324
|move|p2a: Garchomp|Swords Dance|p2a: Garchomp
|-boost|p2a: Garchomp|atk|2
|move|p1a: Latias|Calm Mind|p1a: Latias
|-boost|p1a: Latias|spa|1
|-boost|p1a: Latias|spd|1
|
|-weather|Sandstorm|[upkeep]
|-damage|p1a: Latias|76/100|[from] Sandstorm
|upkeep
|turn|5
|
|t:|1760832326
|-terastallize|p1a: Latias|Steel
|move|p2a: Garchomp|Scale Shot|p1a: Latias
|-resisted|p1a: Latias
|-damage|p1a: Latias|70/100
|-resisted|p1a: Latias
|-damage|p1a: Latias|63/100
|-resisted|p1a: Latias
|-damage|p1a: Latias|57/100
|-resisted|p1a: Latias
|-damage|p1a: Latias|51/100
|-hitcount|p1a: Latias|4
|-unboost|p2a: Garchomp|def|1
|-boost|p2a: Garchomp|spe|1
|move|p1a: Latias|Agility|p1a: Latias
|-boost|p1a: Latias|spe|2
|
|-weather|Sandstorm|[upkeep]
|upkeep
|turn|6
|
|t:|1760832335
|-terastallize|p2a: Garchomp|Fire
|move|p1a: Latias|Stored Power|p2a: Garchomp
|-damage|p2a: Garchomp|10/100
|move|p2a: Garchomp|Fire Fang|p1a: Latias
|-supereffective|p1a: Latias
|-damage|p1a: Latias|0 fnt
|faint|p1a: Latias
|
|-weather|Sandstorm|[upkeep]
|-damage|p2a: Garchomp|4/100|[from] Sandstorm
|upkeep
|
|t:|1760832342
|switch|p1a: Ninetales|Ninetales-Alola, M|100/100
|-damage|p1a: Ninetales|76/100|[from] Stealth Rock
|-weather|Snowscape|[from] ability: Snow Warning|[of] p1a: Ninetales
|turn|7
|
|t:|1760832353
|switch|p2a: Tyranitar|Tyranitar, M|100/100
|-weather|Sandstorm|[from] ability: Sand Stream|[of] p2a: Tyranitar
|move|p1a: Ninetales|Freeze-Dry|p2a: Tyranitar
|-damage|p2a: Tyranitar|93/100
|
|-weather|Sandstorm|[upkeep]
|-damage|p1a: Ninetales|70/100|[from] Sandstorm
|upkeep
|turn|8
|
|t:|1760832361
|switch|p1a: Klefki|Klefki, M|91/100
|-damage|p1a: Klefki|84/100|[from] Stealth Rock
|switch|p2a: Pecharunt|Pecharunt|100/100
|-item|p2a: Pecharunt|Air Balloon
|
|-weather|Sandstorm|[upkeep]
|-damage|p2a: Pecharunt|94/100|[from] Sandstorm
|-sideend|p1: ItsMrstealyourrank|Reflect
|upkeep
|turn|9
|
|t:|1760832367
|switch|p2a: Excadrill|Excadrill, F|100/100
|move|p1a: Klefki|Thunder Wave|p2a: Excadrill
|-immune|p2a: Excadrill
|
|-weather|Sandstorm|[upkeep]
|-sideend|p1: ItsMrstealyourrank|move: Light Screen
|upkeep
|turn|10
|
|t:|1760832372
|move|p1a: Klefki|Reflect|p1a: Klefki
|-sidestart|p1: ItsMrstealyourrank|Reflect
|move|p2a: Excadrill|Swords Dance|p2a: Excadrill
|-boost|p2a: Excadrill|atk|2
|
|-weather|Sandstorm|[upkeep]
|upkeep
|turn|11
|
|t:|1760832375
|switch|p1a: Ninetales|Ninetales-Alola, M|70/100
|-damage|p1a: Ninetales|45/100|[from] Stealth Rock
|-weather|Snowscape|[from] ability: Snow Warning|[of] p1a: Ninetales
|move|p2a: Excadrill|Rapid Spin|p1a: Ninetales
|-damage|p1a: Ninetales|25/100
|-boost|p2a: Excadrill|spe|1
|-damage|p2a: Excadrill|91/100|[from] item: Life Orb
|
|-weather|Snowscape|[upkeep]
|upkeep
|turn|12
|
|t:|1760832380
|switch|p1a: Klefki|Klefki, M|84/100
|-damage|p1a: Klefki|78/100|[from] Stealth Rock
|move|p2a: Excadrill|Earthquake|p1a: Klefki
|-supereffective|p1a: Klefki
|-damage|p1a: Klefki|0 fnt
|faint|p1a: Klefki
|-damage|p2a: Excadrill|81/100|[from] item: Life Orb
|
|-weather|Snowscape|[upkeep]
|upkeep
|
|t:|1760832381
|switch|p1a: Serperior|Serperior, F, shiny|100/100
|-damage|p1a: Serperior|88/100|[from] Stealth Rock
|turn|13
|
|t:|1760832389
|switch|p2a: Pecharunt|Pecharunt|94/100
|-item|p2a: Pecharunt|Air Balloon
|move|p1a: Serperior|Glare|p2a: Pecharunt
|-status|p2a: Pecharunt|par
|
|-weather|Snowscape|[upkeep]
|-heal|p1a: Serperior|94/100|[from] item: Leftovers
|upkeep
|turn|14
|
|t:|1760832392
|move|p1a: Serperior|Substitute|p1a: Serperior
|-start|p1a: Serperior|Substitute
|-damage|p1a: Serperior|69/100
|move|p2a: Pecharunt|Malignant Chain|p1a: Serperior
|-supereffective|p1a: Serperior
|-end|p1a: Serperior|Substitute
|
|-weather|Snowscape|[upkeep]
|-heal|p1a: Serperior|75/100|[from] item: Leftovers
|-sideend|p1: ItsMrstealyourrank|Reflect
|upkeep
|turn|15
|
|t:|1760832397
|move|p1a: Serperior|Substitute|p1a: Serperior
|-start|p1a: Serperior|Substitute
|-damage|p1a: Serperior|50/100
|move|p2a: Pecharunt|Malignant Chain|p1a: Serperior
|-supereffective|p1a: Serperior
|-end|p1a: Serperior|Substitute
|
|-weather|none
|-heal|p1a: Serperior|56/100|[from] item: Leftovers
|upkeep
|turn|16
|
|t:|1760832400
|move|p1a: Serperior|Substitute|p1a: Serperior
|-start|p1a: Serperior|Substitute
|-damage|p1a: Serperior|31/100
|move|p2a: Pecharunt|Malignant Chain|p1a: Serperior
|-supereffective|p1a: Serperior
|-end|p1a: Serperior|Substitute
|
|-heal|p1a: Serperior|37/100|[from] item: Leftovers
|upkeep
|turn|17
|
|t:|1760832402
|move|p1a: Serperior|Substitute|p1a: Serperior
|-start|p1a: Serperior|Substitute
|-damage|p1a: Serperior|13/100
|move|p2a: Pecharunt|Malignant Chain|p1a: Serperior
|-supereffective|p1a: Serperior
|-end|p1a: Serperior|Substitute
|
|-heal|p1a: Serperior|19/100|[from] item: Leftovers
|upkeep
|turn|18
|
|t:|1760832406
|move|p1a: Serperior|Leaf Storm|p2a: Pecharunt
|-resisted|p2a: Pecharunt
|-damage|p2a: Pecharunt|70/100 par
|-boost|p1a: Serperior|spa|2
|-enditem|p2a: Pecharunt|Air Balloon
|move|p2a: Pecharunt|Parting Shot|p1a: Serperior
|-boost|p1a: Serperior|atk|1
|-boost|p1a: Serperior|spa|1
|l|‽ItsMrstealyourrank
|inactive|ItsMrstealyourrank disconnected and has a minute to reconnect!
|player|p1|
|
|t:|1760832415
|switch|p2a: Kingambit|Kingambit, M|100/100|[from] Parting Shot
|
|-heal|p1a: Serperior|25/100|[from] item: Leftovers
|upkeep
|turn|19
|j|‽ItsMrstealyourrank
|inactive|ItsMrstealyourrank reconnected and has 140 seconds left.
|player|p1|ItsMrstealyourrank|brawly|
|
|t:|1760832432
|move|p1a: Serperior|Glare|p2a: Kingambit
|-status|p2a: Kingambit|par
|move|p2a: Kingambit|Kowtow Cleave|p1a: Serperior
|-damage|p1a: Serperior|0 fnt
|faint|p1a: Serperior
|
|upkeep
|
|t:|1760832435
|switch|p1a: Maushold|Maushold-Four|100/100
|-damage|p1a: Maushold|88/100|[from] Stealth Rock
|turn|20
|
|t:|1760832441
|-end|p2a: Kingambit|fallenundefined|[silent]
|switch|p2a: Garchomp|Garchomp, F, tera:Fire|4/100
|move|p1a: Maushold|Tidy Up|p1a: Maushold
|-sideend|p1: ItsMrstealyourrank|Stealth Rock
|-activate|p1a: Maushold|move: Tidy Up
|-boost|p1a: Maushold|atk|1
|-boost|p1a: Maushold|spe|1
|
|upkeep
|turn|21
|
|t:|1760832443
|move|p1a: Maushold|Bite|p2a: Garchomp
|-damage|p2a: Garchomp|0 fnt
|-damage|p1a: Maushold|76/100|[from] ability: Rough Skin|[of] p2a: Garchomp
|faint|p2a: Garchomp
|
|upkeep
|
|t:|1760832458
|switch|p2a: Tyranitar|Tyranitar, M|93/100
|-weather|Sandstorm|[from] ability: Sand Stream|[of] p2a: Tyranitar
|turn|22
|
|t:|1760832460
|move|p1a: Maushold|Population Bomb|p2a: Tyranitar
|-resisted|p2a: Tyranitar
|-damage|p2a: Tyranitar|86/100
|-resisted|p2a: Tyranitar
|-damage|p2a: Tyranitar|79/100
|-resisted|p2a: Tyranitar
|-damage|p2a: Tyranitar|72/100
|-resisted|p2a: Tyranitar
|-damage|p2a: Tyranitar|65/100
|-resisted|p2a: Tyranitar
|-damage|p2a: Tyranitar|58/100
|-resisted|p2a: Tyranitar
|-crit|p2a: Tyranitar
|-damage|p2a: Tyranitar|47/100
|-resisted|p2a: Tyranitar
|-damage|p2a: Tyranitar|40/100
|-resisted|p2a: Tyranitar
|-damage|p2a: Tyranitar|33/100
|-resisted|p2a: Tyranitar
|-damage|p2a: Tyranitar|26/100
|-resisted|p2a: Tyranitar
|-damage|p2a: Tyranitar|20/100
|-hitcount|p2a: Tyranitar|10
|move|p2a: Tyranitar|Thunder Wave|p1a: Maushold
|-status|p1a: Maushold|par
|
|-weather|Sandstorm|[upkeep]
|-damage|p1a: Maushold|70/100 par|[from] Sandstorm
|upkeep
|turn|23
|
|t:|1760832464
|move|p1a: Maushold|Population Bomb|p2a: Tyranitar
|-resisted|p2a: Tyranitar
|-damage|p2a: Tyranitar|13/100
|-resisted|p2a: Tyranitar
|-damage|p2a: Tyranitar|5/100
|-resisted|p2a: Tyranitar
|-damage|p2a: Tyranitar|0 fnt
|faint|p2a: Tyranitar
|-hitcount|p2: Tyranitar|3
|
|-weather|Sandstorm|[upkeep]
|-damage|p1a: Maushold|64/100 par|[from] Sandstorm
|upkeep
|
|t:|1760832466
|switch|p2a: Excadrill|Excadrill, F|81/100
|turn|24
|
|t:|1760832468
|move|p2a: Excadrill|Earthquake|p1a: Maushold
|-damage|p1a: Maushold|0 fnt
|faint|p1a: Maushold
|-damage|p2a: Excadrill|71/100|[from] item: Life Orb
|
|-weather|Sandstorm|[upkeep]
|upkeep
|
|t:|1760832471
|switch|p1a: Ninetales|Ninetales-Alola, M|25/100
|-weather|Snowscape|[from] ability: Snow Warning|[of] p1a: Ninetales
|turn|25
|
|t:|1760832474
|move|p1a: Ninetales|Aurora Veil|p1a: Ninetales
|-sidestart|p1: ItsMrstealyourrank|move: Aurora Veil
|move|p2a: Excadrill|Earthquake|p1a: Ninetales
|-damage|p1a: Ninetales|0 fnt
|faint|p1a: Ninetales
|-damage|p2a: Excadrill|61/100|[from] item: Life Orb
|
|-weather|Snowscape|[upkeep]
|upkeep
|
|t:|1760832476
|switch|p1a: Kyurem|Kyurem, shiny|100/100
|-ability|p1a: Kyurem|Pressure
|turn|26
|
|t:|1760832479
|switch|p2a: Rotom|Rotom-Wash|100/100
|move|p1a: Kyurem|Dragon Dance|p1a: Kyurem
|-boost|p1a: Kyurem|atk|1
|-boost|p1a: Kyurem|spe|1
|
|-weather|Snowscape|[upkeep]
|upkeep
|turn|27
|
|t:|1760832482
|move|p1a: Kyurem|Scale Shot|p2a: Rotom
|-damage|p2a: Rotom|82/100
|-damage|p2a: Rotom|64/100
|-damage|p2a: Rotom|46/100
|-damage|p2a: Rotom|28/100
|-damage|p2a: Rotom|12/100
|-hitcount|p2a: Rotom|5
|-unboost|p1a: Kyurem|def|1
|-boost|p1a: Kyurem|spe|1
|move|p2a: Rotom|Will-O-Wisp|p1a: Kyurem
|-status|p1a: Kyurem|brn
|
|-weather|Snowscape|[upkeep]
|-heal|p2a: Rotom|18/100|[from] item: Leftovers
|-damage|p1a: Kyurem|94/100 brn|[from] brn
|upkeep
|turn|28
|
|t:|1760832485
|move|p1a: Kyurem|Dragon Dance|p1a: Kyurem
|-boost|p1a: Kyurem|atk|1
|-boost|p1a: Kyurem|spe|1
|move|p2a: Rotom|Pain Split|p1a: Kyurem
|-sethp|p1a: Kyurem|54/100 brn|[from] move: Pain Split|[silent]
|-sethp|p2a: Rotom|71/100|[from] move: Pain Split
|
|-weather|Snowscape|[upkeep]
|-heal|p2a: Rotom|77/100|[from] item: Leftovers
|-damage|p1a: Kyurem|48/100 brn|[from] brn
|upkeep
|turn|29
|
|t:|1760832490
|move|p1a: Kyurem|Dragon Dance|p1a: Kyurem
|-boost|p1a: Kyurem|atk|1
|-boost|p1a: Kyurem|spe|1
|move|p2a: Rotom|Volt Switch|p1a: Kyurem
|-resisted|p1a: Kyurem
|-damage|p1a: Kyurem|43/100 brn
|
|t:|1760832496
|switch|p2a: Excadrill|Excadrill, F|61/100|[from] Volt Switch
|
|-weather|none
|-damage|p1a: Kyurem|37/100 brn|[from] brn
|upkeep
|turn|30
|
|t:|1760832499
|move|p1a: Kyurem|Icicle Spear|p2a: Excadrill
|-damage|p2a: Excadrill|35/100
|-damage|p2a: Excadrill|9/100
|-damage|p2a: Excadrill|0 fnt
|faint|p2a: Excadrill
|-hitcount|p2: Excadrill|3
|
|-damage|p1a: Kyurem|31/100 brn|[from] brn
|upkeep
|
|t:|1760832502
|switch|p2a: Kingambit|Kingambit, M|100/100 par
|-activate|p2a: Kingambit|ability: Supreme Overlord
|-start|p2a: Kingambit|fallen3|[silent]
|turn|31
|
|t:|1760832508
|move|p2a: Kingambit|Sucker Punch|p1a: Kyurem
|-damage|p1a: Kyurem|0 fnt
|faint|p1a: Kyurem
|
|win|remmyymmer
|raw|ItsMrstealyourrank's rating: 1650 &rarr; <strong>1626</strong><br />(-24 for losing)
|raw|remmyymmer's rating: 1575 &rarr; <strong>1599</strong><br />(+24 for winning)
|l|‽ItsMrstealyourrank
|player|p1|
|l|☆remmyymmer
|player|p2|
