|j|☆FZPIR
|j|☆skmtmzaka
|t:|1760869267
|gametype|singles
|player|p1|FZPIR|169|1217
|player|p2|skmtmzaka|scientist-gen4|1279
|gen|9
|tier|[Gen 9] OU
|rated|
|rule|HP Percentage Mod: HP is shown in percentages
|rule|Endless Battle Clause: Forcing endless battles is banned
|rule|Species Clause: Limit one of each Pokémon
|rule|OHKO Clause: OHKO moves are banned
|rule|Evasion Items Clause: Evasion items are banned
|rule|Evasion Moves Clause: Evasion moves are banned
|rule|Evasion Abilities Clause: Evasion abilities are banned
|rule|Sleep Moves Clause: Sleep-inducing moves are banned
|clearpoke
|poke|p1|Kleavor, F|
|poke|p1|Brambleghast, M|
|poke|p1|Mamoswine, F|
|poke|p1|Alomomola, F|
|poke|p1|Lokix, F|
|poke|p1|Corviknight, M|
|poke|p2|Gliscor, F|
|poke|p2|Blissey, F|
|poke|p2|Corviknight, M|
|poke|p2|Dondozo, F|
|poke|p2|Alomomola, F|
|poke|p2|Clodsire, F|
|teampreview
|inactive|Battle timer is ON: inactive players will automatically lose when time's up. (requested by skmtmzaka)
|
|t:|1760869275
|teamsize|p1|6
|teamsize|p2|6
|start
|switch|p1a: Kleavor|Kleavor, F|100/100
|switch|p2a: Gliscor|Gliscor, F|100/100
|turn|1
|
|t:|1760869286
|move|p2a: Gliscor|Protect|p2a: Gliscor
|-singleturn|p2a: Gliscor|Protect
|move|p1a: Kleavor|Stone Axe|p2a: Gliscor
|-activate|p2a: Gliscor|move: Protect
|
|-status|p2a: Gliscor|tox|[from] item: Toxic Orb
|upkeep
|turn|2
|
|t:|1760869298
|move|p1a: Kleavor|Stone Axe|p2a: Gliscor
|-damage|p2a: Gliscor|61/100 tox
|-sidestart|p2: skmtmzaka|move: Stealth Rock
|move|p2a: Gliscor|Toxic|p1a: Kleavor
|-status|p1a: Kleavor|tox
|
|-damage|p1a: Kleavor|94/100 tox|[from] psn
|-heal|p2a: Gliscor|73/100 tox|[from] ability: Poison Heal
|upkeep
|turn|3
|
|t:|1760869311
|move|p1a: Kleavor|Tailwind|p1a: Kleavor
|-sidestart|p1: FZPIR|move: Tailwind
|move|p2a: Gliscor|Knock Off|p1a: Kleavor
|-damage|p1a: Kleavor|70/100 tox
|-enditem|p1a: Kleavor|Focus Sash|[from] move: Knock Off|[of] p2a: Gliscor
|
|-damage|p1a: Kleavor|57/100 tox|[from] psn
|-heal|p2a: Gliscor|86/100 tox|[from] ability: Poison Heal
|upkeep
|turn|4
|
|t:|1760869321
|move|p1a: Kleavor|Stone Axe|p2a: Gliscor
|-damage|p2a: Gliscor|45/100 tox
|move|p2a: Gliscor|Stealth Rock|p1a: Kleavor
|-sidestart|p1: FZPIR|move: Stealth Rock
|
|-damage|p1a: Kleavor|39/100 tox|[from] psn
|-heal|p2a: Gliscor|58/100 tox|[from] ability: Poison Heal
|upkeep
|turn|5
|
|t:|1760869331
|switch|p1a: Brambleghast|Brambleghast, M|100/100
|-damage|p1a: Brambleghast|88/100|[from] Stealth Rock
|-ability|p1a: Brambleghast|Wind Rider|boost
|-boost|p1a: Brambleghast|atk|1
|move|p2a: Gliscor|Protect||[still]
|-fail|p2a: Gliscor
|
|-heal|p2a: Gliscor|70/100 tox|[from] ability: Poison Heal
|upkeep
|turn|6
|
|t:|1760869349
|switch|p2a: Corviknight|Corviknight, M|100/100
|-damage|p2a: Corviknight|88/100|[from] Stealth Rock
|-ability|p2a: Corviknight|Pressure
|-terastallize|p1a: Brambleghast|Ghost
|move|p1a: Brambleghast|Poltergeist|p2a: Corviknight
|-activate|p2a: Corviknight|move: Poltergeist|Rocky Helmet
|-damage|p2a: Corviknight|0 fnt
|faint|p2a: Corviknight
|-damage|p1a: Brambleghast|78/100|[from] item: Life Orb
|
|-sideend|p1: FZPIR|move: Tailwind
|upkeep
|
|t:|1760869364
|switch|p2a: Dondozo|Dondozo, F|100/100
|-damage|p2a: Dondozo|88/100|[from] Stealth Rock
|turn|7
|
|t:|1760869369
|move|p1a: Brambleghast|Power Whip|p2a: Dondozo|[miss]
|-miss|p1a: Brambleghast|p2a: Dondozo
|move|p2a: Dondozo|Avalanche|p1a: Brambleghast
|-damage|p1a: Brambleghast|55/100
|
|-heal|p2a: Dondozo|94/100|[from] item: Leftovers
|upkeep
|turn|8
|
|t:|1760869379
|move|p1a: Brambleghast|Power Whip|p2a: Dondozo
|-supereffective|p2a: Dondozo
|-damage|p2a: Dondozo|33/100
|-damage|p1a: Brambleghast|45/100|[from] item: Life Orb
|move|p2a: Dondozo|Avalanche|p1a: Brambleghast
|-damage|p1a: Brambleghast|0 fnt
|faint|p1a: Brambleghast
|
|-heal|p2a: Dondozo|39/100|[from] item: Leftovers
|upkeep
|
|t:|1760869392
|switch|p1a: Lokix|Lokix, F|100/100
|-damage|p1a: Lokix|76/100|[from] Stealth Rock
|turn|9
|
|t:|1760869397
|switch|p2a: Gliscor|Gliscor, F|70/100 tox
|-damage|p2a: Gliscor|58/100 tox|[from] Stealth Rock
|move|p1a: Lokix|U-turn|p2a: Gliscor
|-resisted|p2a: Gliscor
|-damage|p2a: Gliscor|23/100 tox
|
|t:|1760869401
|switch|p1a: Mamoswine|Mamoswine, F|100/100|[from] U-turn
|-damage|p1a: Mamoswine|88/100|[from] Stealth Rock
|
|-heal|p2a: Gliscor|35/100 tox|[from] ability: Poison Heal
|upkeep
|turn|10
|
|t:|1760869410
|move|p2a: Gliscor|Protect|p2a: Gliscor
|-singleturn|p2a: Gliscor|Protect
|move|p1a: Mamoswine|Icicle Crash|p2a: Gliscor
|-activate|p2a: Gliscor|move: Protect
|
|-heal|p2a: Gliscor|48/100 tox|[from] ability: Poison Heal
|upkeep
|turn|11
|
|t:|1760869419
|switch|p2a: Alomomola|Alomomola, F|100/100
|-damage|p2a: Alomomola|88/100|[from] Stealth Rock
|move|p1a: Mamoswine|Earthquake|p2a: Alomomola
|-damage|p2a: Alomomola|44/100
|
|upkeep
|turn|12
|
|t:|1760869428
|move|p1a: Mamoswine|Earthquake|p2a: Alomomola
|-damage|p2a: Alomomola|1/100
|move|p2a: Alomomola|Wish|p2a: Alomomola
|
|upkeep
|turn|13
|inactive|FZPIR has 120 seconds left.
|
|t:|1760869461
|switch|p2a: Dondozo|Dondozo, F|39/100
|-damage|p2a: Dondozo|27/100|[from] Stealth Rock
|move|p1a: Mamoswine|Earthquake|p2a: Dondozo
|-damage|p2a: Dondozo|2/100
|
|-heal|p2a: Dondozo|55/100|[from] move: Wish|[wisher] Alomomola
|-heal|p2a: Dondozo|62/100|[from] item: Leftovers
|upkeep
|turn|14
|inactive|FZPIR has 120 seconds left.
|
|t:|1760869484
|switch|p1a: Corviknight|Corviknight, M|100/100
|-damage|p1a: Corviknight|88/100|[from] Stealth Rock
|move|p2a: Dondozo|Rest|p2a: Dondozo
|-status|p2a: Dondozo|slp|[from] move: Rest
|-heal|p2a: Dondozo|100/100 slp|[silent]
|
|-heal|p1a: Corviknight|94/100|[from] item: Leftovers
|upkeep
|turn|15
|inactive|FZPIR has 120 seconds left.
|
|t:|1760869495
|move|p1a: Corviknight|Defog|p2a: Dondozo
|-unboost|p2a: Dondozo|evasion|1
|-sideend|p2: skmtmzaka|Stealth Rock|[from] move: Defog|[of] p1a: Corviknight
|-sideend|p1: FZPIR|Stealth Rock|[from] move: Defog|[of] p1a: Corviknight
|cant|p2a: Dondozo|slp
|move|p2a: Dondozo|Sleep Talk|p2a: Dondozo
|move|p2a: Dondozo|Avalanche|p1a: Corviknight|[from] move: Sleep Talk
|-damage|p1a: Corviknight|83/100
|
|-heal|p1a: Corviknight|89/100|[from] item: Leftovers
|upkeep
|turn|16
|
|t:|1760869508
|move|p1a: Corviknight|U-turn|p2a: Dondozo
|-damage|p2a: Dondozo|94/100 slp
|
|t:|1760869513
|switch|p1a: Alomomola|Alomomola, F|100/100|[from] U-turn
|cant|p2a: Dondozo|slp
|move|p2a: Dondozo|Sleep Talk|p2a: Dondozo
|move|p2a: Dondozo|Rest||[from] move: Sleep Talk|[still]
|-fail|p2a: Dondozo
|
|-heal|p2a: Dondozo|99/100 slp|[from] item: Leftovers
|upkeep
|turn|17
|
|t:|1760869526
|move|p1a: Alomomola|Wish|p1a: Alomomola
|-curestatus|p2a: Dondozo|slp|[msg]
|move|p2a: Dondozo|Body Press|p1a: Alomomola
|-damage|p1a: Alomomola|86/100
|-damage|p2a: Dondozo|84/100|[from] item: Rocky Helmet|[of] p1a: Alomomola
|
|-heal|p2a: Dondozo|90/100|[from] item: Leftovers
|upkeep
|turn|18
|
|t:|1760869537
|switch|p2a: Gliscor|Gliscor, F|48/100 tox
|move|p1a: Alomomola|Flip Turn|p2a: Gliscor
|-supereffective|p2a: Gliscor
|-damage|p2a: Gliscor|24/100 tox
|
|t:|1760869541
|switch|p1a: Mamoswine|Mamoswine, F|88/100|[from] Flip Turn
|
|-heal|p1a: Mamoswine|100/100|[from] move: Wish|[wisher] Alomomola
|-heal|p2a: Gliscor|36/100 tox|[from] ability: Poison Heal
|upkeep
|turn|19
|
|t:|1760869550
|move|p2a: Gliscor|Protect|p2a: Gliscor
|-singleturn|p2a: Gliscor|Protect
|move|p1a: Mamoswine|Icicle Crash|p2a: Gliscor
|-activate|p2a: Gliscor|move: Protect
|
|-heal|p2a: Gliscor|49/100 tox|[from] ability: Poison Heal
|upkeep
|turn|20
|
|t:|1760869561
|switch|p2a: Dondozo|Dondozo, F|90/100
|move|p1a: Mamoswine|Icicle Crash|p2a: Dondozo
|-resisted|p2a: Dondozo
|-damage|p2a: Dondozo|79/100
|
|-heal|p2a: Dondozo|85/100|[from] item: Leftovers
|upkeep
|turn|21
|
|t:|1760869579
|switch|p1a: Alomomola|Alomomola, F|100/100
|switch|p2a: Alomomola|Alomomola, F|34/100
|
|upkeep
|turn|22
|
|t:|1760869586
|switch|p2a: Gliscor|Gliscor, F|49/100 tox
|move|p1a: Alomomola|Flip Turn|p2a: Gliscor
|-supereffective|p2a: Gliscor
|-damage|p2a: Gliscor|20/100 tox
|
|t:|1760869592
|switch|p1a: Lokix|Lokix, F|76/100|[from] Flip Turn
|
|-heal|p2a: Gliscor|32/100 tox|[from] ability: Poison Heal
|upkeep
|turn|23
|
|t:|1760869599
|move|p2a: Gliscor|Protect|p2a: Gliscor
|-singleturn|p2a: Gliscor|Protect
|move|p1a: Lokix|U-turn|p2a: Gliscor
|-activate|p2a: Gliscor|move: Protect
|
|-heal|p2a: Gliscor|45/100 tox|[from] ability: Poison Heal
|upkeep
|turn|24
|
|t:|1760869608
|switch|p2a: Alomomola|Alomomola, F|68/100
|move|p1a: Lokix|U-turn|p2a: Alomomola
|-damage|p2a: Alomomola|30/100
|-damage|p1a: Lokix|59/100|[from] item: Rocky Helmet|[of] p2a: Alomomola
|
|t:|1760869611
|switch|p1a: Mamoswine|Mamoswine, F|100/100|[from] U-turn
|
|upkeep
|turn|25
|
|t:|1760869619
|switch|p2a: Dondozo|Dondozo, F|85/100
|move|p1a: Mamoswine|Icicle Crash|p2a: Dondozo
|-resisted|p2a: Dondozo
|-damage|p2a: Dondozo|75/100
|
|-heal|p2a: Dondozo|81/100|[from] item: Leftovers
|upkeep
|turn|26
|
|t:|1760869628
|switch|p1a: Alomomola|Alomomola, F|100/100
|move|p2a: Dondozo|Body Press|p1a: Alomomola
|-damage|p1a: Alomomola|85/100
|-damage|p2a: Dondozo|65/100|[from] item: Rocky Helmet|[of] p1a: Alomomola
|
|-heal|p2a: Dondozo|71/100|[from] item: Leftovers
|upkeep
|turn|27
|
|t:|1760869638
|switch|p2a: Alomomola|Alomomola, F|63/100
|move|p1a: Alomomola|Flip Turn|p2a: Alomomola
|-resisted|p2a: Alomomola
|-damage|p2a: Alomomola|56/100
|-damage|p1a: Alomomola|68/100|[from] item: Rocky Helmet|[of] p2a: Alomomola
|
|t:|1760869641
|switch|p1a: Lokix|Lokix, F|59/100|[from] Flip Turn
|
|upkeep
|turn|28
|
|t:|1760869653
|move|p1a: Lokix|First Impression|p2a: Alomomola
|-damage|p2a: Alomomola|7/100
|-damage|p1a: Lokix|43/100|[from] item: Rocky Helmet|[of] p2a: Alomomola
|move|p2a: Alomomola|Wish|p2a: Alomomola
|
|upkeep
|turn|29
|
|t:|1760869664
|switch|p1a: Kleavor|Kleavor, F|39/100 tox
|switch|p2a: Gliscor|Gliscor, F|45/100 tox
|
|-heal|p2a: Gliscor|100/100 tox|[from] move: Wish|[wisher] Alomomola
|-damage|p1a: Kleavor|33/100 tox|[from] psn
|upkeep
|turn|30
|
|t:|1760869675
|move|p1a: Kleavor|Stone Axe|p2a: Gliscor
|-damage|p2a: Gliscor|57/100 tox
|-sidestart|p2: skmtmzaka|move: Stealth Rock
|move|p2a: Gliscor|Stealth Rock|p1a: Kleavor
|-sidestart|p1: FZPIR|move: Stealth Rock
|
|-damage|p1a: Kleavor|21/100 tox|[from] psn
|-heal|p2a: Gliscor|70/100 tox|[from] ability: Poison Heal
|upkeep
|turn|31
|
|t:|1760869691
|switch|p1a: Alomomola|Alomomola, F|100/100
|-damage|p1a: Alomomola|88/100|[from] Stealth Rock
|move|p2a: Gliscor|Knock Off|p1a: Alomomola
|-damage|p1a: Alomomola|78/100
|-damage|p2a: Gliscor|53/100 tox|[from] item: Rocky Helmet|[of] p1a: Alomomola
|-enditem|p1a: Alomomola|Rocky Helmet|[from] move: Knock Off|[of] p2a: Gliscor
|
|-heal|p2a: Gliscor|65/100 tox|[from] ability: Poison Heal
|upkeep
|turn|32
|
|t:|1760869702
|move|p2a: Gliscor|Toxic|p1a: Alomomola
|-status|p1a: Alomomola|tox
|move|p1a: Alomomola|Flip Turn|p2a: Gliscor
|-supereffective|p2a: Gliscor
|-damage|p2a: Gliscor|41/100 tox
|
|t:|1760869710
|switch|p1a: Corviknight|Corviknight, M|89/100|[from] Flip Turn
|-damage|p1a: Corviknight|76/100|[from] Stealth Rock
|
|-heal|p1a: Corviknight|83/100|[from] item: Leftovers
|-heal|p2a: Gliscor|54/100 tox|[from] ability: Poison Heal
|upkeep
|turn|33
|
|t:|1760869719
|move|p2a: Gliscor|Knock Off|p1a: Corviknight
|-damage|p1a: Corviknight|65/100
|-enditem|p1a: Corviknight|Leftovers|[from] move: Knock Off|[of] p2a: Gliscor
|move|p1a: Corviknight|Defog|p2a: Gliscor
|-unboost|p2a: Gliscor|evasion|1
|-sideend|p2: skmtmzaka|Stealth Rock|[from] move: Defog|[of] p1a: Corviknight
|-sideend|p1: FZPIR|Stealth Rock|[from] move: Defog|[of] p1a: Corviknight
|
|-heal|p2a: Gliscor|66/100 tox|[from] ability: Poison Heal
|upkeep
|turn|34
|
|t:|1760869734
|move|p2a: Gliscor|Toxic|p1a: Corviknight
|-immune|p1a: Corviknight
|move|p1a: Corviknight|Roost|p1a: Corviknight
|-heal|p1a: Corviknight|100/100
|-singleturn|p1a: Corviknight|move: Roost
|
|-heal|p2a: Gliscor|78/100 tox|[from] ability: Poison Heal
|upkeep
|turn|35
|
|t:|1760869744
|switch|p1a: Alomomola|Alomomola, F|100/100 tox
|move|p2a: Gliscor|Stealth Rock|p1a: Alomomola
|-sidestart|p1: FZPIR|move: Stealth Rock
|
|-heal|p2a: Gliscor|91/100 tox|[from] ability: Poison Heal
|-damage|p1a: Alomomola|94/100 tox|[from] psn
|upkeep
|turn|36
|
|t:|1760869755
|switch|p2a: Clodsire|Clodsire, F|100/100
|move|p1a: Alomomola|Wish|p1a: Alomomola
|
|-damage|p1a: Alomomola|82/100 tox|[from] psn
|upkeep
|turn|37
|
|t:|1760869762
|move|p1a: Alomomola|Flip Turn|p2a: Clodsire
|-supereffective|p2a: Clodsire
|-damage|p2a: Clodsire|64/100
|
|t:|1760869774
|switch|p1a: Corviknight|Corviknight, M|100/100|[from] Flip Turn
|-damage|p1a: Corviknight|88/100|[from] Stealth Rock
|move|p2a: Clodsire|Spikes|p1a: Corviknight
|-sidestart|p1: FZPIR|Spikes
|
|-heal|p1a: Corviknight|100/100|[from] move: Wish|[wisher] Alomomola
|upkeep
|turn|38
|
|t:|1760869786
|switch|p2a: Alomomola|Alomomola, F|41/100
|move|p1a: Corviknight|Defog|p2a: Alomomola
|-unboost|p2a: Alomomola|evasion|1
|-sideend|p1: FZPIR|Spikes|[from] move: Defog|[of] p1a: Corviknight
|-sideend|p1: FZPIR|Stealth Rock|[from] move: Defog|[of] p1a: Corviknight
|
|upkeep
|turn|39
|
|t:|1760869797
|switch|p1a: Alomomola|Alomomola, F|100/100 tox
|move|p2a: Alomomola|Flip Turn|p1a: Alomomola
|-resisted|p1a: Alomomola
|-damage|p1a: Alomomola|97/100 tox
|
|t:|1760869804
|switch|p2a: Gliscor|Gliscor, F|91/100 tox|[from] Flip Turn
|
|-heal|p2a: Gliscor|100/100 tox|[from] ability: Poison Heal
|-damage|p1a: Alomomola|90/100 tox|[from] psn
|upkeep
|turn|40
|
|t:|1760869820
|move|p2a: Gliscor|Stealth Rock|p1a: Alomomola
|-sidestart|p1: FZPIR|move: Stealth Rock
|move|p1a: Alomomola|Flip Turn|p2a: Gliscor
|-supereffective|p2a: Gliscor
|-damage|p2a: Gliscor|72/100 tox
|
|t:|1760869824
|switch|p1a: Corviknight|Corviknight, M|100/100|[from] Flip Turn
|-damage|p1a: Corviknight|88/100|[from] Stealth Rock
|
|-heal|p2a: Gliscor|84/100 tox|[from] ability: Poison Heal
|upkeep
|turn|41
|
|t:|1760869837
|switch|p2a: Alomomola|Alomomola, F|74/100
|move|p1a: Corviknight|Defog|p2a: Alomomola
|-unboost|p2a: Alomomola|evasion|1
|-sideend|p1: FZPIR|Stealth Rock|[from] move: Defog|[of] p1a: Corviknight
|
|upkeep
|turn|42
|
|t:|1760869851
|switch|p1a: Lokix|Lokix, F|43/100
|switch|p2a: Gliscor|Gliscor, F|84/100 tox
|
|-heal|p2a: Gliscor|97/100 tox|[from] ability: Poison Heal
|upkeep
|turn|43
|
|t:|1760869860
|move|p1a: Lokix|U-turn|p2a: Gliscor
|-resisted|p2a: Gliscor
|-damage|p2a: Gliscor|57/100 tox
|
|t:|1760869869
|switch|p1a: Alomomola|Alomomola, F|100/100 tox|[from] U-turn
|move|p2a: Gliscor|Toxic|p1a: Alomomola
|-fail|p1a: Alomomola|tox
|
|-heal|p2a: Gliscor|69/100 tox|[from] ability: Poison Heal
|-damage|p1a: Alomomola|94/100 tox|[from] psn
|upkeep
|turn|44
|
|t:|1760869880
|move|p2a: Gliscor|Stealth Rock|p1a: Alomomola
|-sidestart|p1: FZPIR|move: Stealth Rock
|move|p1a: Alomomola|Wish|p1a: Alomomola
|
|-heal|p2a: Gliscor|82/100 tox|[from] ability: Poison Heal
|-damage|p1a: Alomomola|82/100 tox|[from] psn
|upkeep
|turn|45
|
|t:|1760869893
|switch|p2a: Alomomola|Alomomola, F|100/100
|move|p1a: Alomomola|Flip Turn|p2a: Alomomola
|-resisted|p2a: Alomomola
|-damage|p2a: Alomomola|94/100
|-damage|p1a: Alomomola|65/100 tox|[from] item: Rocky Helmet|[of] p2a: Alomomola
|
|t:|1760869896
|switch|p1a: Lokix|Lokix, F|43/100|[from] Flip Turn
|-damage|p1a: Lokix|18/100|[from] Stealth Rock
|
|-heal|p1a: Lokix|100/100|[from] move: Wish|[wisher] Alomomola
|upkeep
|turn|46
|
|t:|1760869910
|move|p1a: Lokix|Knock Off|p2a: Alomomola
|-damage|p2a: Alomomola|45/100
|-damage|p1a: Lokix|84/100|[from] item: Rocky Helmet|[of] p2a: Alomomola
|-enditem|p2a: Alomomola|Rocky Helmet|[from] move: Knock Off|[of] p1a: Lokix
|move|p2a: Alomomola|Scald|p1a: Lokix
|-damage|p1a: Lokix|56/100
|
|upkeep
|turn|47
|
|t:|1760869926
|switch|p1a: Alomomola|Alomomola, F|99/100 tox
|-damage|p1a: Alomomola|86/100 tox|[from] Stealth Rock
|switch|p2a: Gliscor|Gliscor, F|82/100 tox
|
|-heal|p2a: Gliscor|94/100 tox|[from] ability: Poison Heal
|-damage|p1a: Alomomola|80/100 tox|[from] psn
|upkeep
|turn|48
|
|t:|1760869937
|switch|p2a: Clodsire|Clodsire, F|64/100
|move|p1a: Alomomola|Wish|p1a: Alomomola
|
|-damage|p1a: Alomomola|68/100 tox|[from] psn
|upkeep
|turn|49
|
|t:|1760869949
|move|p1a: Alomomola|Flip Turn|p2a: Clodsire
|-supereffective|p2a: Clodsire
|-damage|p2a: Clodsire|25/100
|
|t:|1760869956
|switch|p1a: Kleavor|Kleavor, F|21/100 tox|[from] Flip Turn
|-damage|p1a: Kleavor|0 fnt|[from] Stealth Rock
|faint|p1a: Kleavor
|move|p2a: Clodsire|Recover|p2a: Clodsire
|-heal|p2a: Clodsire|75/100
|
|upkeep
|
|t:|1760869966
|switch|p1a: Lokix|Lokix, F|56/100
|-damage|p1a: Lokix|32/100|[from] Stealth Rock
|turn|50
|
|t:|1760869975
|switch|p2a: Dondozo|Dondozo, F|71/100
|move|p1a: Lokix|U-turn|p2a: Dondozo
|-damage|p2a: Dondozo|50/100
|
|t:|1760869988
|switch|p1a: Alomomola|Alomomola, F|100/100 tox|[from] U-turn
|-damage|p1a: Alomomola|88/100 tox|[from] Stealth Rock
|
|-heal|p2a: Dondozo|56/100|[from] item: Leftovers
|-damage|p1a: Alomomola|82/100 tox|[from] psn
|upkeep
|turn|51
|
|t:|1760870000
|move|p1a: Alomomola|Wish|p1a: Alomomola
|move|p2a: Dondozo|Rest|p2a: Dondozo
|-status|p2a: Dondozo|slp|[from] move: Rest
|-heal|p2a: Dondozo|100/100 slp|[silent]
|
|-damage|p1a: Alomomola|70/100 tox|[from] psn
|upkeep
|turn|52
|
|t:|1760870009
|move|p1a: Alomomola|Flip Turn|p2a: Dondozo
|-resisted|p2a: Dondozo
|-damage|p2a: Dondozo|97/100 slp
|
|t:|1760870013
|switch|p1a: Lokix|Lokix, F|32/100|[from] Flip Turn
|-damage|p1a: Lokix|7/100|[from] Stealth Rock
|cant|p2a: Dondozo|slp
|move|p2a: Dondozo|Sleep Talk|p2a: Dondozo
|move|p2a: Dondozo|Avalanche|p1a: Lokix|[from] move: Sleep Talk
|-crit|p1a: Lokix
|-damage|p1a: Lokix|0 fnt
|faint|p1a: Lokix
|
|-heal|p2a: Dondozo|100/100 slp|[from] item: Leftovers
|upkeep
|
|t:|1760870021
|switch|p1a: Mamoswine|Mamoswine, F|100/100
|-damage|p1a: Mamoswine|88/100|[from] Stealth Rock
|turn|53
|
|t:|1760870031
|move|p1a: Mamoswine|Earthquake|p2a: Dondozo
|-damage|p2a: Dondozo|74/100 slp
|cant|p2a: Dondozo|slp
|move|p2a: Dondozo|Sleep Talk|p2a: Dondozo
|move|p2a: Dondozo|Avalanche|p1a: Mamoswine|[from] move: Sleep Talk
|-damage|p1a: Mamoswine|56/100
|
|-heal|p2a: Dondozo|80/100 slp|[from] item: Leftovers
|upkeep
|turn|54
|
|t:|1760870043
|move|p1a: Mamoswine|Endeavor|p2a: Dondozo
|-damage|p2a: Dondozo|41/100 slp
|-curestatus|p2a: Dondozo|slp|[msg]
|move|p2a: Dondozo|Body Press|p1a: Mamoswine
|-supereffective|p1a: Mamoswine
|-damage|p1a: Mamoswine|0 fnt
|faint|p1a: Mamoswine
|
|-heal|p2a: Dondozo|47/100|[from] item: Leftovers
|upkeep
|
|t:|1760870050
|switch|p1a: Corviknight|Corviknight, M|88/100
|-damage|p1a: Corviknight|75/100|[from] Stealth Rock
|turn|55
|-message|FZPIR forfeited.
|
|win|skmtmzaka
|raw|FZPIR's rating: 1217 &rarr; <strong>1196</strong><br />(-21 for losing)
|raw|skmtmzaka's rating: 1279 &rarr; <strong>1300</strong><br />(+21 for winning)
|l|☆FZPIR
|player|p1|
|l|☆skmtmzaka
|player|p2|
