|j|☆MVL4
|j|☆Arceusmielpops
|t:|1760736248
|gametype|singles
|player|p1|MVL4|101|1106
|player|p2|Arceusmielpops|unknown|1053
|gen|9
|tier|[Gen 9] OU
|rated|
|rule|HP Percentage Mod: HP is shown in percentages
|rule|Endless Battle Clause: Forcing endless battles is banned
|rule|Species Clause: Limit one of each Pokémon
|rule|OHKO Clause: OHKO moves are banned
|rule|Evasion Items Clause: Evasion items are banned
|rule|Evasion Moves Clause: Evasion moves are banned
|rule|Evasion Abilities Clause: Evasion abilities are banned
|rule|Sleep Moves Clause: Sleep-inducing moves are banned
|clearpoke
|poke|p1|Lucario, F|
|poke|p1|Dragapult, M|
|poke|p1|Toxapex, M|
|poke|p1|Landorus-Therian, M|
|poke|p1|Rotom-Wash|
|poke|p1|Gholdengo|
|poke|p2|Vespiquen, F|
|poke|p2|Indeedee, M|
|poke|p2|Samurott-Hisui, F|
|poke|p2|Glimmora, M|
|poke|p2|Iron Valiant|
|poke|p2|Dragonite, F|
|teampreview
|inactive|Battle timer is ON: inactive players will automatically lose when time's up. (requested by MVL4)
|inactive|Arceusmielpops has 120 seconds left.
|
|t:|1760736306
|teamsize|p1|6
|teamsize|p2|6
|start
|switch|p1a: Landorus|Landorus-Therian, M|100/100
|switch|p2a: Samurott|Samurott-Hisui, F|100/100
|-ability|p1a: Landorus|Intimidate|boost
|-unboost|p2a: Samurott|atk|1
|turn|1
|
|t:|1760736319
|move|p2a: Samurott|Flip Turn|p1a: Landorus
|-supereffective|p1a: Landorus
|-damage|p1a: Landorus|71/100
|
|t:|1760736322
|switch|p2a: Glimmora|Glimmora, M|100/100|[from] Flip Turn
|move|p1a: Landorus|Stealth Rock|p2a: Glimmora
|-sidestart|p2: Arceusmielpops|move: Stealth Rock
|
|-heal|p1a: Landorus|77/100|[from] item: Leftovers
|upkeep
|turn|2
|
|t:|1760736331
|move|p2a: Glimmora|Mortal Spin|p1a: Landorus
|-resisted|p1a: Landorus
|-damage|p1a: Landorus|74/100
|-status|p1a: Landorus|psn
|-sideend|p2: Arceusmielpops|Stealth Rock|[from] move: Mortal Spin|[of] p2a: Glimmora
|move|p1a: Landorus|Earthquake|p2a: Glimmora
|-supereffective|p2a: Glimmora
|-enditem|p2a: Glimmora|Focus Sash
|-damage|p2a: Glimmora|1/100
|-activate|p2a: Glimmora|ability: Toxic Debris
|-sidestart|p1: MVL4|move: Toxic Spikes
|
|-heal|p1a: Landorus|80/100 psn|[from] item: Leftovers
|-damage|p1a: Landorus|68/100 psn|[from] psn
|upkeep
|turn|3
|
|t:|1760736346
|move|p2a: Glimmora|Stealth Rock|p1a: Landorus
|-sidestart|p1: MVL4|move: Stealth Rock
|move|p1a: Landorus|Stealth Rock|p2a: Glimmora
|-sidestart|p2: Arceusmielpops|move: Stealth Rock
|
|-heal|p1a: Landorus|74/100 psn|[from] item: Leftovers
|-damage|p1a: Landorus|62/100 psn|[from] psn
|upkeep
|turn|4
|
|t:|1760736353
|move|p2a: Glimmora|Mortal Spin|p1a: Landorus
|-resisted|p1a: Landorus
|-damage|p1a: Landorus|59/100 psn
|-sideend|p2: Arceusmielpops|Stealth Rock|[from] move: Mortal Spin|[of] p2a: Glimmora
|move|p1a: Landorus|U-turn|p2a: Glimmora
|-resisted|p2a: Glimmora
|-damage|p2a: Glimmora|0 fnt
|-activate|p2a: Glimmora|ability: Toxic Debris
|-sidestart|p1: MVL4|move: Toxic Spikes
|faint|p2a: Glimmora
|
|t:|1760736362
|switch|p1a: Toxapex|Toxapex, M|100/100|[from] U-turn
|-sideend|p1: MVL4|move: Toxic Spikes|[of] p1a: Toxapex
|-damage|p1a: Toxapex|88/100|[from] Stealth Rock
|
|upkeep
|
|t:|1760736371
|switch|p2a: Indeedee|Indeedee, M|100/100
|-fieldstart|move: Psychic Terrain|[from] ability: Psychic Surge|[of] p2a: Indeedee
|turn|5
|
|t:|1760736378
|switch|p2a: Vespiquen|Vespiquen, F|100/100
|-ability|p2a: Vespiquen|Unnerve
|-enditem|p2a: Vespiquen|Psychic Seed
|-boost|p2a: Vespiquen|spd|1|[from] item: Psychic Seed
|move|p1a: Toxapex|Toxic Spikes|p2a: Vespiquen
|-sidestart|p2: Arceusmielpops|move: Toxic Spikes
|
|upkeep
|turn|6
|
|t:|1760736398
|switch|p2a: Iron Valiant|Iron Valiant|100/100
|-status|p2a: Iron Valiant|psn
|-enditem|p2a: Iron Valiant|Booster Energy
|-activate|p2a: Iron Valiant|ability: Quark Drive|[fromitem]
|-start|p2a: Iron Valiant|quarkdrivespe
|move|p1a: Toxapex|Haze|p1a: Toxapex
|-clearallboost
|
|-damage|p2a: Iron Valiant|88/100 psn|[from] psn
|upkeep
|turn|7
|
|t:|1760736411
|move|p2a: Iron Valiant|Encore|p1a: Toxapex
|-start|p1a: Toxapex|Encore
|move|p1a: Toxapex|Haze|p1a: Toxapex
|-clearallboost
|
|-damage|p2a: Iron Valiant|76/100 psn|[from] psn
|upkeep
|turn|8
|
|t:|1760736422
|switch|p1a: Gholdengo|Gholdengo|100/100
|-damage|p1a: Gholdengo|94/100|[from] Stealth Rock
|-item|p1a: Gholdengo|Air Balloon
|move|p2a: Iron Valiant|Knock Off|p1a: Gholdengo
|-supereffective|p1a: Gholdengo
|-damage|p1a: Gholdengo|31/100
|-enditem|p1a: Gholdengo|Air Balloon
|
|-damage|p2a: Iron Valiant|63/100 psn|[from] psn
|upkeep
|turn|9
|
|t:|1760736445
|move|p2a: Iron Valiant|Knock Off|p1a: Gholdengo
|-supereffective|p1a: Gholdengo
|-damage|p1a: Gholdengo|0 fnt
|faint|p1a: Gholdengo
|
|-damage|p2a: Iron Valiant|51/100 psn|[from] psn
|upkeep
|
|t:|1760736454
|switch|p1a: Lucario|Lucario, F, shiny|100/100
|-damage|p1a: Lucario|98/100|[from] Stealth Rock
|turn|10
|
|t:|1760736460
|move|p1a: Lucario|Bullet Punch|p2a: Iron Valiant
|-activate|p2a: Iron Valiant|move: Psychic Terrain
|move|p2a: Iron Valiant|Close Combat|p1a: Lucario
|-supereffective|p1a: Lucario
|-damage|p1a: Lucario|0 fnt
|-unboost|p2a: Iron Valiant|def|1
|-unboost|p2a: Iron Valiant|spd|1
|faint|p1a: Lucario
|
|-damage|p2a: Iron Valiant|38/100 psn|[from] psn
|upkeep
|-message|MVL4 forfeited.
|
|win|Arceusmielpops
|raw|MVL4's rating: 1106 &rarr; <strong>1077</strong><br />(-29 for losing)
|raw|Arceusmielpops's rating: 1053 &rarr; <strong>1090</strong><br />(+37 for winning)
|l|☆MVL4
|player|p1|
|l|☆Arceusmielpops
|player|p2|
