|j|☆Obito 2001
|j|☆healorant
|t:|1760822350
|gametype|singles
|player|p1|Obito 2001|blue-gen3two|1745
|player|p2|healorant|alder|1714
|gen|9
|tier|[Gen 9] OU
|rated|
|rule|HP Percentage Mod: HP is shown in percentages
|rule|Endless Battle Clause: Forcing endless battles is banned
|rule|Species Clause: Limit one of each Pokémon
|rule|OHKO Clause: OHKO moves are banned
|rule|Evasion Items Clause: Evasion items are banned
|rule|Evasion Moves Clause: Evasion moves are banned
|rule|Evasion Abilities Clause: Evasion abilities are banned
|rule|Sleep Moves Clause: Sleep-inducing moves are banned
|clearpoke
|poke|p1|Maushold-Four|
|poke|p1|Comfey, F|
|poke|p1|Grimmsnarl, M|
|poke|p1|Iron Crown|
|poke|p1|Ogerpon-Wellspring, F|
|poke|p1|Great Tusk|
|poke|p2|Ursaluna, M|
|poke|p2|Rillaboom, F|
|poke|p2|Zamazenta-*|
|poke|p2|Raging Bolt|
|poke|p2|Weezing-Galar, M|
|poke|p2|Garganacl, M|
|teampreview
|inactive|Battle timer is ON: inactive players will automatically lose when time's up. (requested by Obito 2001)
|
|t:|1760822366
|teamsize|p1|6
|teamsize|p2|6
|start
|switch|p1a: Zanpakuto🗡️|Iron Crown|100/100
|switch|p2a: Garganacl|Garganacl, M|100/100
|turn|1
|
|t:|1760822372
|move|p2a: Garganacl|Protect|p2a: Garganacl
|-singleturn|p2a: Garganacl|Protect
|move|p1a: Zanpakuto🗡️|Tachyon Cutter|p2a: Garganacl
|-activate|p2a: Garganacl|move: Protect
|
|upkeep
|turn|2
|
|t:|1760822375
|switch|p2a: Raging Bolt|Raging Bolt|100/100
|move|p1a: Zanpakuto🗡️|Tachyon Cutter|p2a: Raging Bolt
|-resisted|p2a: Raging Bolt
|-damage|p2a: Raging Bolt|82/100
|-resisted|p2a: Raging Bolt
|-damage|p2a: Raging Bolt|63/100
|-hitcount|p2a: Raging Bolt|2
|
|upkeep
|turn|3
|
|t:|1760822384
|-end|p1a: Zanpakuto🗡️|Quark Drive|[silent]
|switch|p1a: Mega Donphan|Great Tusk|100/100
|move|p2a: Raging Bolt|Draco Meteor|p1a: Mega Donphan|[miss]
|-miss|p2a: Raging Bolt|p1a: Mega Donphan
|
|upkeep
|turn|4
|c|☆healorant|that sucks
|
|t:|1760822402
|-end|p1a: Mega Donphan|Protosynthesis|[silent]
|switch|p1a: Screen Goblin|Grimmsnarl, M|100/100
|-terastallize|p2a: Raging Bolt|Dragon
|move|p2a: Raging Bolt|Draco Meteor|p1a: Screen Goblin
|-immune|p1a: Screen Goblin
|
|upkeep
|turn|5
|
|t:|1760822415
|-end|p2a: Raging Bolt|Protosynthesis|[silent]
|switch|p2a: Garganacl|Garganacl, M|100/100
|move|p1a: Screen Goblin|Parting Shot|p2a: Garganacl
|-unboost|p2a: Garganacl|atk|1
|-unboost|p2a: Garganacl|spa|1
|j| anoxx17
|
|t:|1760822417
|switch|p1a: Zanpakuto🗡️|Iron Crown|100/100|[from] Parting Shot
|
|upkeep
|turn|6
|
|t:|1760822419
|move|p2a: Garganacl|Protect|p2a: Garganacl
|-singleturn|p2a: Garganacl|Protect
|move|p1a: Zanpakuto🗡️|Tachyon Cutter|p2a: Garganacl
|-activate|p2a: Garganacl|move: Protect
|
|upkeep
|turn|7
|
|t:|1760822421
|move|p1a: Zanpakuto🗡️|Tachyon Cutter|p2a: Garganacl
|-supereffective|p2a: Garganacl
|-damage|p2a: Garganacl|51/100
|-supereffective|p2a: Garganacl
|-damage|p2a: Garganacl|0 fnt
|faint|p2a: Garganacl
|-hitcount|p2: Garganacl|2
|
|upkeep
|
|t:|1760822424
|switch|p2a: Ursaluna|Ursaluna, M|100/100
|turn|8
|
|t:|1760822432
|-end|p1a: Zanpakuto🗡️|Quark Drive|[silent]
|switch|p1a: 🎭|Ogerpon-Wellspring, F|100/100
|move|p2a: Ursaluna|Body Slam|p1a: 🎭
|-damage|p1a: 🎭|28/100
|-status|p1a: 🎭|par
|
|upkeep
|turn|9
|
|t:|1760822436
|switch|p2a: Weezing|Weezing-Galar, M|100/100
|-ability|p2a: Weezing|Neutralizing Gas
|move|p1a: 🎭|Ivy Cudgel|p2a: Weezing|[anim] Ivy Cudgel Water
|-damage|p2a: Weezing|58/100
|
|upkeep
|turn|10
|
|t:|1760822441
|switch|p1a: Zanpakuto🗡️|Iron Crown|100/100
|move|p2a: Weezing|Toxic Spikes|p1a: Zanpakuto🗡️
|-sidestart|p1: Obito 2001|move: Toxic Spikes
|
|upkeep
|turn|11
|
|t:|1760822446
|move|p1a: Zanpakuto🗡️|Tachyon Cutter|p2a: Weezing
|-supereffective|p2a: Weezing
|-damage|p2a: Weezing|0 fnt
|faint|p2a: Weezing
|-end|p2a: Weezing|ability: Neutralizing Gas
|-hitcount|p2: Weezing|1
|
|upkeep
|
|t:|1760822448
|switch|p2a: Ursaluna|Ursaluna, M|100/100
|turn|12
|
|t:|1760822456
|-end|p1a: Zanpakuto🗡️|Quark Drive|[silent]
|switch|p1a: 🎭|Ogerpon-Wellspring, F|28/100 par
|move|p2a: Ursaluna|Headlong Rush|p1a: 🎭
|-resisted|p1a: 🎭
|-damage|p1a: 🎭|0 fnt
|-unboost|p2a: Ursaluna|def|1
|-unboost|p2a: Ursaluna|spd|1
|faint|p1a: 🎭
|
|upkeep
|
|t:|1760822458
|switch|p1a: Mega Donphan|Great Tusk|100/100
|turn|13
|
|t:|1760822462
|move|p1a: Mega Donphan|Ice Spinner|p2a: Ursaluna
|-supereffective|p2a: Ursaluna
|-damage|p2a: Ursaluna|43/100
|move|p2a: Ursaluna|Body Slam|p1a: Mega Donphan
|-crit|p1a: Mega Donphan
|-damage|p1a: Mega Donphan|46/100
|
|upkeep
|turn|14
|
|t:|1760822468
|switch|p2a: Zamazenta|Zamazenta|100/100
|-ability|p2a: Zamazenta|Dauntless Shield|boost
|-boost|p2a: Zamazenta|def|1
|move|p1a: Mega Donphan|Rapid Spin|p2a: Zamazenta
|-damage|p2a: Zamazenta|88/100
|-boost|p1a: Mega Donphan|spe|1
|-sideend|p1: Obito 2001|Toxic Spikes|[from] move: Rapid Spin|[of] p1a: Mega Donphan
|
|upkeep
|turn|15
|
|t:|1760822472
|move|p1a: Mega Donphan|Headlong Rush|p2a: Zamazenta
|-damage|p2a: Zamazenta|49/100
|-unboost|p1a: Mega Donphan|def|1
|-unboost|p1a: Mega Donphan|spd|1
|move|p2a: Zamazenta|Close Combat|p1a: Mega Donphan
|-damage|p1a: Mega Donphan|0 fnt
|-unboost|p2a: Zamazenta|def|1
|-unboost|p2a: Zamazenta|spd|1
|faint|p1a: Mega Donphan
|-end|p1a: Mega Donphan|Protosynthesis|[silent]
|-damage|p2a: Zamazenta|40/100|[from] item: Life Orb
|
|upkeep
|
|t:|1760822478
|switch|p1a: Screen Goblin|Grimmsnarl, M|100/100
|turn|16
|
|t:|1760822482
|switch|p2a: Rillaboom|Rillaboom, F|100/100
|-fieldstart|move: Grassy Terrain|[from] ability: Grassy Surge|[of] p2a: Rillaboom
|move|p1a: Screen Goblin|Reflect|p1a: Screen Goblin
|-sidestart|p1: Obito 2001|Reflect
|
|upkeep
|turn|17
|
|t:|1760822485
|move|p1a: Screen Goblin|Parting Shot|p2a: Rillaboom
|-unboost|p2a: Rillaboom|atk|1
|-unboost|p2a: Rillaboom|spa|1
|
|t:|1760822486
|switch|p1a: Zanpakuto🗡️|Iron Crown|100/100|[from] Parting Shot
|move|p2a: Rillaboom|Swords Dance|p2a: Rillaboom
|-boost|p2a: Rillaboom|atk|2
|
|upkeep
|turn|18
|
|t:|1760822490
|move|p1a: Zanpakuto🗡️|Tachyon Cutter|p2a: Rillaboom
|-damage|p2a: Rillaboom|53/100
|-damage|p2a: Rillaboom|2/100
|-hitcount|p2a: Rillaboom|2
|move|p2a: Rillaboom|Knock Off|p1a: Zanpakuto🗡️
|-supereffective|p1a: Zanpakuto🗡️
|-damage|p1a: Zanpakuto🗡️|46/100
|-enditem|p1a: Zanpakuto🗡️|Choice Specs|[from] move: Knock Off|[of] p2a: Rillaboom
|
|-heal|p1a: Zanpakuto🗡️|53/100|[from] Grassy Terrain
|-heal|p2a: Rillaboom|9/100|[from] Grassy Terrain
|-heal|p2a: Rillaboom|15/100|[from] item: Leftovers
|upkeep
|turn|19
|
|t:|1760822504
|switch|p2a: Raging Bolt|Raging Bolt, tera:Dragon|63/100
|move|p1a: Zanpakuto🗡️|Psyshock|p2a: Raging Bolt
|-damage|p2a: Raging Bolt|25/100
|
|-heal|p1a: Zanpakuto🗡️|59/100|[from] Grassy Terrain
|-heal|p2a: Raging Bolt|31/100|[from] Grassy Terrain
|upkeep
|turn|20
|
|t:|1760822509
|-end|p1a: Zanpakuto🗡️|Quark Drive|[silent]
|switch|p1a: Screen Goblin|Grimmsnarl, M|100/100
|move|p2a: Raging Bolt|Thunderclap||[still]
|-fail|p2a: Raging Bolt
|
|-heal|p2a: Raging Bolt|37/100|[from] Grassy Terrain
|-fieldend|move: Grassy Terrain
|upkeep
|turn|21
|
|t:|1760822512
|-end|p2a: Raging Bolt|Protosynthesis|[silent]
|switch|p2a: Rillaboom|Rillaboom, F|15/100
|-fieldstart|move: Grassy Terrain|[from] ability: Grassy Surge|[of] p2a: Rillaboom
|move|p1a: Screen Goblin|Light Screen|p1a: Screen Goblin
|-sidestart|p1: Obito 2001|move: Light Screen
|
|-heal|p2a: Rillaboom|21/100|[from] Grassy Terrain
|-heal|p2a: Rillaboom|27/100|[from] item: Leftovers
|upkeep
|turn|22
|
|t:|1760822515
|switch|p2a: Raging Bolt|Raging Bolt, tera:Dragon|37/100
|move|p1a: Screen Goblin|Parting Shot|p2a: Raging Bolt
|-unboost|p2a: Raging Bolt|atk|1
|-unboost|p2a: Raging Bolt|spa|1
|
|t:|1760822519
|switch|p1a: Zanpakuto🗡️|Iron Crown|59/100|[from] Parting Shot
|
|-heal|p1a: Zanpakuto🗡️|65/100|[from] Grassy Terrain
|-heal|p2a: Raging Bolt|43/100|[from] Grassy Terrain
|upkeep
|turn|23
|
|t:|1760822523
|move|p1a: Zanpakuto🗡️|Tachyon Cutter|p2a: Raging Bolt
|-damage|p2a: Raging Bolt|19/100
|-damage|p2a: Raging Bolt|0 fnt
|faint|p2a: Raging Bolt
|-end|p2a: Raging Bolt|Protosynthesis|[silent]
|-hitcount|p2: Raging Bolt|2
|
|-heal|p1a: Zanpakuto🗡️|71/100|[from] Grassy Terrain
|-sideend|p1: Obito 2001|Reflect
|upkeep
|
|t:|1760822525
|switch|p2a: Ursaluna|Ursaluna, M|43/100
|turn|24
|
|t:|1760822537
|move|p1a: Zanpakuto🗡️|Focus Blast|p2a: Ursaluna|[miss]
|-miss|p1a: Zanpakuto🗡️|p2a: Ursaluna
|move|p2a: Ursaluna|Body Slam|p1a: Zanpakuto🗡️
|-resisted|p1a: Zanpakuto🗡️
|-damage|p1a: Zanpakuto🗡️|45/100
|-status|p1a: Zanpakuto🗡️|par
|
|-heal|p1a: Zanpakuto🗡️|52/100 par|[from] Grassy Terrain
|-heal|p2a: Ursaluna|50/100|[from] Grassy Terrain
|upkeep
|turn|25
|
|t:|1760822540
|cant|p1a: Zanpakuto🗡️|par
|move|p2a: Ursaluna|Headlong Rush|p1a: Zanpakuto🗡️
|-supereffective|p1a: Zanpakuto🗡️
|-damage|p1a: Zanpakuto🗡️|0 fnt
|-unboost|p2a: Ursaluna|def|1
|-unboost|p2a: Ursaluna|spd|1
|faint|p1a: Zanpakuto🗡️
|-end|p1a: Zanpakuto🗡️|Quark Drive|[silent]
|
|-heal|p2a: Ursaluna|56/100|[from] Grassy Terrain
|-fieldend|move: Grassy Terrain
|upkeep
|
|t:|1760822547
|switch|p1a: Gang bang|Maushold-Four|100/100
|turn|26
|
|t:|1760822551
|switch|p2a: Rillaboom|Rillaboom, F|27/100
|-fieldstart|move: Grassy Terrain|[from] ability: Grassy Surge|[of] p2a: Rillaboom
|move|p1a: Gang bang|Population Bomb|p2a: Rillaboom
|-damage|p2a: Rillaboom|16/100
|-damage|p2a: Rillaboom|5/100
|-damage|p2a: Rillaboom|0 fnt
|faint|p2a: Rillaboom
|-hitcount|p2: Rillaboom|3
|
|upkeep
|
|t:|1760822555
|switch|p2a: Zamazenta|Zamazenta|40/100
|turn|27
|
|t:|1760822563
|switch|p1a: Screen Goblin|Grimmsnarl, M|100/100
|move|p2a: Zamazenta|Heavy Slam|p1a: Screen Goblin
|-supereffective|p1a: Screen Goblin
|-damage|p1a: Screen Goblin|42/100
|-damage|p2a: Zamazenta|30/100|[from] item: Life Orb
|
|-heal|p2a: Zamazenta|36/100|[from] Grassy Terrain
|-heal|p1a: Screen Goblin|48/100|[from] Grassy Terrain
|upkeep
|turn|28
|
|t:|1760822569
|switch|p2a: Ursaluna|Ursaluna, M|56/100
|move|p1a: Screen Goblin|Reflect|p1a: Screen Goblin
|-sidestart|p1: Obito 2001|Reflect
|
|-heal|p1a: Screen Goblin|54/100|[from] Grassy Terrain
|-heal|p2a: Ursaluna|62/100|[from] Grassy Terrain
|-sideend|p1: Obito 2001|move: Light Screen
|upkeep
|turn|29
|
|t:|1760822575
|move|p1a: Screen Goblin|Parting Shot|p2a: Ursaluna
|-unboost|p2a: Ursaluna|atk|1
|-unboost|p2a: Ursaluna|spa|1
|
|t:|1760822576
|switch|p1a: Gang bang|Maushold-Four|100/100|[from] Parting Shot
|move|p2a: Ursaluna|Body Slam|p1a: Gang bang
|-damage|p1a: Gang bang|71/100
|
|-heal|p1a: Gang bang|77/100|[from] Grassy Terrain
|-heal|p2a: Ursaluna|68/100|[from] Grassy Terrain
|upkeep
|turn|30
|
|t:|1760822580
|move|p1a: Gang bang|Population Bomb|p2a: Ursaluna
|-damage|p2a: Ursaluna|59/100
|-damage|p2a: Ursaluna|52/100
|-damage|p2a: Ursaluna|44/100
|-damage|p2a: Ursaluna|36/100
|-damage|p2a: Ursaluna|29/100
|-damage|p2a: Ursaluna|21/100
|-damage|p2a: Ursaluna|13/100
|-damage|p2a: Ursaluna|4/100
|-damage|p2a: Ursaluna|0 fnt
|faint|p2a: Ursaluna
|-hitcount|p2: Ursaluna|9
|
|-heal|p1a: Gang bang|84/100|[from] Grassy Terrain
|-fieldend|move: Grassy Terrain
|upkeep
|
|t:|1760822582
|switch|p2a: Zamazenta|Zamazenta|36/100
|turn|31
|
|t:|1760822585
|-terastallize|p1a: Gang bang|Fire
|move|p2a: Zamazenta|Crunch|p1a: Gang bang
|-damage|p1a: Gang bang|54/100
|-damage|p2a: Zamazenta|26/100|[from] item: Life Orb
|move|p1a: Gang bang|Population Bomb|p2a: Zamazenta
|-damage|p2a: Zamazenta|16/100
|-damage|p2a: Zamazenta|6/100
|-damage|p2a: Zamazenta|0 fnt
|faint|p2a: Zamazenta
|-hitcount|p2: Zamazenta|3
|
|win|Obito 2001
|raw|Obito 2001's rating: 1745 &rarr; <strong>1763</strong><br />(+18 for winning)
|raw|healorant's rating: 1714 &rarr; <strong>1696</strong><br />(-18 for losing)
|l|☆healorant
|player|p2|
