|j|☆Moonpoem_月诗
|j|☆BigTony91
|t:|1760880744
|gametype|singles
|player|p1|Moonpoem_月诗|iono|1105
|player|p2|BigTony91|170|1071
|gen|9
|tier|[Gen 9] OU
|rated|
|rule|HP Percentage Mod: HP is shown in percentages
|rule|Endless Battle Clause: Forcing endless battles is banned
|rule|Species Clause: Limit one of each Pokémon
|rule|OHKO Clause: OHKO moves are banned
|rule|Evasion Items Clause: Evasion items are banned
|rule|Evasion Moves Clause: Evasion moves are banned
|rule|Evasion Abilities Clause: Evasion abilities are banned
|rule|Sleep Moves Clause: Sleep-inducing moves are banned
|clearpoke
|poke|p1|Pelipper, F|
|poke|p1|Barraskewda, F|
|poke|p1|Hatterene, F|
|poke|p1|Raging Bolt|
|poke|p1|Hoopa-Unbound|
|poke|p1|Landorus-Therian, M|
|poke|p2|Politoed, F|
|poke|p2|Azumarill, F|
|poke|p2|Basculegion, M|
|poke|p2|Tatsugiri-Droopy, F|
|poke|p2|Pelipper, F|
|poke|p2|Tornadus, M|
|teampreview
|
|t:|1760880759
|teamsize|p1|6
|teamsize|p2|6
|start
|switch|p1a: Barraskewda|Barraskewda, F|100/100
|switch|p2a: Politoed|Politoed, F|100/100
|-weather|RainDance|[from] ability: Drizzle|[of] p2a: Politoed
|turn|1
|inactive|Battle timer is ON: inactive players will automatically lose when time's up. (requested by Moonpoem_月诗)
|
|t:|1760880768
|move|p1a: Barraskewda|Flip Turn|p2a: Politoed
|-resisted|p2a: Politoed
|-damage|p2a: Politoed|63/100
|-damage|p1a: Barraskewda|91/100|[from] item: Life Orb
|
|t:|1760880774
|switch|p1a: Raging Bolt|Raging Bolt|100/100|[from] Flip Turn
|-enditem|p1a: Raging Bolt|Booster Energy
|-activate|p1a: Raging Bolt|ability: Protosynthesis|[fromitem]
|-start|p1a: Raging Bolt|protosynthesisspa
|move|p2a: Politoed|Encore||[still]
|-fail|p2a: Politoed
|
|-weather|RainDance|[upkeep]
|upkeep
|turn|2
|
|t:|1760880792
|move|p1a: Raging Bolt|Thunder|p2a: Politoed
|-supereffective|p2a: Politoed
|-damage|p2a: Politoed|0 fnt
|faint|p2a: Politoed
|
|-weather|RainDance|[upkeep]
|upkeep
|
|t:|1760880806
|switch|p2a: Tatsugiri|Tatsugiri-Droopy, F|100/100
|turn|3
|
|t:|1760880812
|-terastallize|p2a: Tatsugiri|Fairy
|-terastallize|p1a: Raging Bolt|Fairy
|move|p2a: Tatsugiri|Nasty Plot|p2a: Tatsugiri
|-boost|p2a: Tatsugiri|spa|2
|move|p1a: Raging Bolt|Dragon Pulse|p2a: Tatsugiri
|-immune|p2a: Tatsugiri
|
|-weather|RainDance|[upkeep]
|upkeep
|turn|4
|
|t:|1760880823
|move|p1a: Raging Bolt|Thunderclap|p2a: Tatsugiri
|-damage|p2a: Tatsugiri|36/100
|move|p2a: Tatsugiri|Surf|p1a: Raging Bolt
|-damage|p1a: Raging Bolt|0 fnt
|faint|p1a: Raging Bolt
|-end|p1a: Raging Bolt|Protosynthesis|[silent]
|
|-weather|RainDance|[upkeep]
|upkeep
|
|t:|1760880827
|switch|p1a: Barraskewda|Barraskewda, F|91/100
|turn|5
|
|t:|1760880832
|move|p2a: Tatsugiri|Protect|p2a: Tatsugiri
|-singleturn|p2a: Tatsugiri|Protect
|move|p1a: Barraskewda|Aqua Jet|p2a: Tatsugiri
|-activate|p2a: Tatsugiri|move: Protect
|
|-weather|RainDance|[upkeep]
|upkeep
|turn|6
|
|t:|1760880841
|move|p1a: Barraskewda|Liquidation|p2a: Tatsugiri
|-ability|p2a: Tatsugiri|Storm Drain|boost
|-boost|p2a: Tatsugiri|spa|1
|move|p2a: Tatsugiri|Draco Meteor|p1a: Barraskewda|[miss]
|-miss|p2a: Tatsugiri|p1a: Barraskewda
|
|-weather|RainDance|[upkeep]
|upkeep
|turn|7
|
|t:|1760880852
|switch|p1a: Hatterene|Hatterene, F|100/100
|move|p2a: Tatsugiri|Nasty Plot|p2a: Tatsugiri
|-boost|p2a: Tatsugiri|spa|2
|
|-weather|RainDance|[upkeep]
|upkeep
|turn|8
|
|t:|1760880862
|move|p2a: Tatsugiri|Surf|p1a: Hatterene
|-damage|p1a: Hatterene|0 fnt
|faint|p1a: Hatterene
|
|-weather|none
|upkeep
|
|t:|1760880869
|switch|p1a: Landorus|Landorus-Therian, M|100/100
|-ability|p1a: Landorus|Intimidate|boost
|-unboost|p2a: Tatsugiri|atk|1
|turn|9
|
|t:|1760880880
|move|p2a: Tatsugiri|Protect|p2a: Tatsugiri
|-singleturn|p2a: Tatsugiri|Protect
|move|p1a: Landorus|Sandsear Storm|p2a: Tatsugiri
|-activate|p2a: Tatsugiri|move: Protect
|
|upkeep
|turn|10
|
|t:|1760880886
|move|p1a: Landorus|Sandsear Storm|p2a: Tatsugiri
|-damage|p2a: Tatsugiri|0 fnt
|faint|p2a: Tatsugiri
|
|upkeep
|
|t:|1760880894
|switch|p2a: Pelipper|Pelipper, F|100/100
|-weather|RainDance|[from] ability: Drizzle|[of] p2a: Pelipper
|turn|11
|
|t:|1760880900
|switch|p1a: Pelipper|Pelipper, F|100/100
|move|p2a: Pelipper|Weather Ball|p1a: Pelipper
|-resisted|p1a: Pelipper
|-damage|p1a: Pelipper|64/100
|
|-weather|RainDance|[upkeep]
|upkeep
|turn|12
|
|t:|1760880907
|move|p2a: Pelipper|Hurricane|p1a: Pelipper
|-damage|p1a: Pelipper|12/100
|move|p1a: Pelipper|Roost|p1a: Pelipper
|-heal|p1a: Pelipper|62/100
|-singleturn|p1a: Pelipper|move: Roost
|
|-weather|RainDance|[upkeep]
|upkeep
|turn|13
|
|t:|1760880914
|move|p2a: Pelipper|Hurricane|p1a: Pelipper
|-damage|p1a: Pelipper|11/100
|-start|p1a: Pelipper|confusion
|-activate|p1a: Pelipper|confusion
|-damage|p1a: Pelipper|6/100|[from] confusion
|
|-weather|RainDance|[upkeep]
|upkeep
|turn|14
|
|t:|1760880922
|move|p2a: Pelipper|U-turn|p1a: Pelipper
|-resisted|p1a: Pelipper
|-damage|p1a: Pelipper|3/100
|
|t:|1760880929
|switch|p2a: Basculegion|Basculegion, M|100/100|[from] U-turn
|-activate|p1a: Pelipper|confusion
|-damage|p1a: Pelipper|0 fnt|[from] confusion
|faint|p1a: Pelipper
|
|-weather|RainDance|[upkeep]
|upkeep
|
|t:|1760880948
|switch|p1a: Barraskewda|Barraskewda, F|91/100
|turn|15
|
|t:|1760880957
|move|p1a: Barraskewda|Flip Turn|p2a: Basculegion
|-resisted|p2a: Basculegion
|-damage|p2a: Basculegion|57/100
|-damage|p1a: Barraskewda|81/100|[from] item: Life Orb
|
|t:|1760880963
|switch|p1a: Landorus|Landorus-Therian, M|100/100|[from] Flip Turn
|-ability|p1a: Landorus|Intimidate|boost
|-unboost|p2a: Basculegion|atk|1
|move|p2a: Basculegion|Flip Turn|p1a: Landorus
|-supereffective|p1a: Landorus
|-damage|p1a: Landorus|0 fnt
|faint|p1a: Landorus
|
|t:|1760880974
|switch|p2a: Tornadus|Tornadus, M|100/100|[from] Flip Turn
|
|-weather|RainDance|[upkeep]
|upkeep
|
|t:|1760880980
|switch|p1a: Hoopa|Hoopa-Unbound|100/100
|turn|16
|
|t:|1760880992
|move|p2a: Tornadus|U-turn|p1a: Hoopa
|-supereffective|p1a: Hoopa
|-damage|p1a: Hoopa|0 fnt
|faint|p1a: Hoopa
|-message|Moonpoem_月诗 forfeited.
|
|win|BigTony91
|raw|Moonpoem_月诗's rating: 1105 &rarr; <strong>1078</strong><br />(-27 for losing)
|raw|BigTony91's rating: 1071 &rarr; <strong>1103</strong><br />(+32 for winning)
|l|☆Moonpoem_月诗
|player|p1|
|l|☆BigTony91
|player|p2|
