|j|☆cordonbloom
|j|☆Adoumi_
|t:|1760728762
|gametype|singles
|player|p1|cordonbloom|170|1084
|player|p2|Adoumi_|hiker-gen4|1071
|gen|9
|tier|[Gen 9] OU
|rated|
|rule|HP Percentage Mod: HP is shown in percentages
|rule|Endless Battle Clause: Forcing endless battles is banned
|rule|Species Clause: Limit one of each Pokémon
|rule|OHKO Clause: OHKO moves are banned
|rule|Evasion Items Clause: Evasion items are banned
|rule|Evasion Moves Clause: Evasion moves are banned
|rule|Evasion Abilities Clause: Evasion abilities are banned
|rule|Sleep Moves Clause: Sleep-inducing moves are banned
|clearpoke
|poke|p1|Glimmora, F|
|poke|p1|Samurott-Hisui, M|
|poke|p1|Gholdengo|
|poke|p1|Thundurus-Therian, M|
|poke|p1|Alomomola, F|
|poke|p1|Ting-Lu|
|poke|p2|Squawkabilly, M|
|poke|p2|Totodile, M|
|poke|p2|Calyrex|
|poke|p2|Crabominable, M|
|poke|p2|Drifblim, M|
|poke|p2|Clawitzer, M|
|teampreview
|inactive|Battle timer is ON: inactive players will automatically lose when time's up. (requested by Adoumi_)
|
|t:|1760728770
|teamsize|p1|6
|teamsize|p2|6
|start
|switch|p1a: Samurott|Samurott-Hisui, M|100/100
|switch|p2a: Haribo croco|Totodile, M|100/100
|turn|1
|
|t:|1760728779
|move|p1a: Samurott|Ceaseless Edge|p2a: Haribo croco
|-damage|p2a: Haribo croco|44/100
|-sidestart|p2: Adoumi_|Spikes
|move|p2a: Haribo croco|Dragon Dance|p2a: Haribo croco
|-boost|p2a: Haribo croco|atk|1
|-boost|p2a: Haribo croco|spe|1
|
|upkeep
|turn|2
|
|t:|1760728793
|move|p2a: Haribo croco|Liquidation|p1a: Samurott
|-resisted|p1a: Samurott
|-damage|p1a: Samurott|75/100
|move|p1a: Samurott|Ceaseless Edge|p2a: Haribo croco
|-damage|p2a: Haribo croco|0 fnt
|-sidestart|p2: Adoumi_|Spikes
|faint|p2a: Haribo croco
|
|upkeep
|
|t:|1760728806
|switch|p2a: Yanis|Squawkabilly, M|100/100
|turn|3
|
|t:|1760728811
|move|p2a: Yanis|U-turn|p1a: Samurott
|-supereffective|p1a: Samurott
|-damage|p1a: Samurott|0 fnt
|faint|p1a: Samurott
|
|t:|1760728817
|switch|p2a: Ballon|Drifblim, M|100/100|[from] U-turn
|
|-status|p2a: Ballon|brn|[from] item: Flame Orb
|upkeep
|
|t:|1760728824
|switch|p1a: Glimmora|Glimmora, F|100/100
|turn|4
|
|t:|1760728842
|move|p1a: Glimmora|Stealth Rock|p2a: Ballon
|-sidestart|p2: Adoumi_|move: Stealth Rock
|move|p2a: Ballon|Air Slash|p1a: Glimmora
|-resisted|p1a: Glimmora
|-damage|p1a: Glimmora|76/100
|-enditem|p1a: Glimmora|Red Card|[of] p2a: Ballon
|drag|p2a: Patate|Crabominable, M|100/100
|-damage|p2a: Patate|84/100|[from] Spikes
|-damage|p2a: Patate|72/100|[from] Stealth Rock
|
|-heal|p2a: Patate|78/100|[from] item: Leftovers
|upkeep
|turn|5
|
|t:|1760728859
|move|p1a: Glimmora|Power Gem|p2a: Patate
|-crit|p2a: Patate
|-damage|p2a: Patate|19/100
|move|p2a: Patate|Bulk Up|p2a: Patate
|-boost|p2a: Patate|atk|1
|-boost|p2a: Patate|def|1
|
|-heal|p2a: Patate|25/100|[from] item: Leftovers
|upkeep
|turn|6
|
|t:|1760728869
|-terastallize|p2a: Patate|Fighting
|move|p1a: Glimmora|Power Gem|p2a: Patate
|-resisted|p2a: Patate
|-damage|p2a: Patate|4/100
|move|p2a: Patate|Drain Punch|p1a: Glimmora
|-damage|p1a: Glimmora|0 fnt
|-heal|p2a: Patate|39/100|[from] drain|[of] p1a: Glimmora
|-activate|p1a: Glimmora|ability: Toxic Debris
|-sidestart|p2: Adoumi_|move: Toxic Spikes
|faint|p1a: Glimmora
|
|-heal|p2a: Patate|45/100|[from] item: Leftovers
|upkeep
|
|t:|1760728893
|switch|p1a: Thundurus|Thundurus-Therian, M|100/100
|turn|7
|
|t:|1760728911
|move|p1a: Thundurus|Thunderbolt|p2a: Patate
|-damage|p2a: Patate|0 fnt
|faint|p2a: Patate
|
|upkeep
|inactive|Adoumi_ has 120 seconds left.
|
|t:|1760728940
|switch|p2a: Sniper|Clawitzer, M|100/100
|-damage|p2a: Sniper|84/100|[from] Spikes
|-damage|p2a: Sniper|72/100|[from] Stealth Rock
|-status|p2a: Sniper|psn
|turn|8
|
|t:|1760728948
|move|p2a: Sniper|Ice Beam|p1a: Thundurus
|-supereffective|p1a: Thundurus
|-damage|p1a: Thundurus|32/100
|move|p1a: Thundurus|Thunderbolt|p2a: Sniper
|-supereffective|p2a: Sniper
|-damage|p2a: Sniper|0 fnt
|faint|p2a: Sniper
|
|upkeep
|
|t:|1760728959
|switch|p2a: Ballon|Drifblim, M|100/100 brn
|-damage|p2a: Ballon|76/100 brn|[from] Stealth Rock
|turn|9
|
|t:|1760728964
|move|p1a: Thundurus|Volt Switch|p2a: Ballon
|-supereffective|p2a: Ballon
|-damage|p2a: Ballon|0 fnt
|faint|p2a: Ballon
|
|t:|1760728971
|switch|p1a: Ting-Lu|Ting-Lu|100/100|[from] Volt Switch
|-ability|p1a: Ting-Lu|Vessel of Ruin
|
|upkeep
|-message|Adoumi_ forfeited.
|
|win|cordonbloom
|raw|cordonbloom's rating: 1084 &rarr; <strong>1110</strong><br />(+26 for winning)
|raw|Adoumi_'s rating: 1071 &rarr; <strong>1051</strong><br />(-20 for losing)
|l|☆Adoumi_
|player|p2|
|l|☆cordonbloom
|player|p1|
