|j|☆Msplem
|j|☆T9xxx
|t:|1760833757
|gametype|singles
|player|p1|Msplem|roxie|1137
|player|p2|T9xxx|102|1199
|gen|9
|tier|[Gen 9] OU
|rated|
|rule|HP Percentage Mod: HP is shown in percentages
|rule|Endless Battle Clause: Forcing endless battles is banned
|rule|Species Clause: Limit one of each Pokémon
|rule|OHKO Clause: OHKO moves are banned
|rule|Evasion Items Clause: Evasion items are banned
|rule|Evasion Moves Clause: Evasion moves are banned
|rule|Evasion Abilities Clause: Evasion abilities are banned
|rule|Sleep Moves Clause: Sleep-inducing moves are banned
|clearpoke
|poke|p1|Cinderace, F|
|poke|p1|Dondozo, F|
|poke|p1|Bronzong|
|poke|p1|Mudsdale, F|
|poke|p1|Scrafty, F|
|poke|p1|Hatterene, F|
|poke|p2|Hatterene, F|
|poke|p2|Tyranitar, F|
|poke|p2|Skarmory, F|
|poke|p2|Dragonite, F|
|poke|p2|Glimmora, M|
|poke|p2|Gholdengo|
|teampreview
|inactive|Battle timer is ON: inactive players will automatically lose when time's up. (requested by T9xxx)
|
|t:|1760833763
|teamsize|p1|6
|teamsize|p2|6
|start
|switch|p1a: Dong|Bronzong|100/100
|switch|p2a: Glimmora|Glimmora, M|100/100
|turn|1
|
|t:|1760833774
|switch|p2a: Tyranitar|Tyranitar, F|100/100
|-weather|Sandstorm|[from] ability: Sand Stream|[of] p2a: Tyranitar
|move|p1a: Dong|Earthquake|p2a: Tyranitar
|-supereffective|p2a: Tyranitar
|-damage|p2a: Tyranitar|65/100
|
|-weather|Sandstorm|[upkeep]
|upkeep
|turn|2
|
|t:|1760833782
|-terastallize|p1a: Dong|Steel
|move|p2a: Tyranitar|Knock Off|p1a: Dong
|-damage|p1a: Dong|47/100
|-enditem|p1a: Dong|Leftovers|[from] move: Knock Off|[of] p2a: Tyranitar
|move|p1a: Dong|Reflect|p1a: Dong
|-sidestart|p1: Msplem|Reflect
|
|-weather|Sandstorm|[upkeep]
|upkeep
|turn|3
|c|☆Msplem|Fav Mon?
|
|t:|1760833795
|switch|p2a: Skarmory|Skarmory, F|100/100
|move|p1a: Dong|Earthquake|p2a: Skarmory
|-immune|p2a: Skarmory
|
|-weather|Sandstorm|[upkeep]
|upkeep
|turn|4
|
|t:|1760833807
|switch|p2a: Tyranitar|Tyranitar, F|65/100
|switch|p1a: Star|Mudsdale, F|100/100
|
|-weather|Sandstorm|[upkeep]
|upkeep
|turn|5
|
|t:|1760833817
|move|p2a: Tyranitar|Knock Off|p1a: Star
|-damage|p1a: Star|80/100
|-ability|p1a: Star|Stamina|boost
|-boost|p1a: Star|def|1
|-enditem|p1a: Star|Leftovers|[from] move: Knock Off|[of] p2a: Tyranitar
|move|p1a: Star|Body Press|p2a: Tyranitar
|-supereffective|p2a: Tyranitar
|-damage|p2a: Tyranitar|0 fnt
|faint|p2a: Tyranitar
|
|-weather|none
|upkeep
|
|t:|1760833827
|switch|p2a: Glimmora|Glimmora, M|100/100
|turn|6
|
|t:|1760833833
|move|p2a: Glimmora|Spikes|p1a: Star
|-sidestart|p1: Msplem|Spikes
|move|p1a: Star|Earthquake|p2a: Glimmora
|-supereffective|p2a: Glimmora
|-enditem|p2a: Glimmora|Focus Sash
|-damage|p2a: Glimmora|1/100
|-activate|p2a: Glimmora|ability: Toxic Debris
|-sidestart|p1: Msplem|move: Toxic Spikes
|
|-sideend|p1: Msplem|Reflect
|upkeep
|turn|7
|
|t:|1760833842
|move|p2a: Glimmora|Mortal Spin|p1a: Star
|-resisted|p1a: Star
|-damage|p1a: Star|78/100
|-status|p1a: Star|psn
|-ability|p1a: Star|Stamina|boost
|-boost|p1a: Star|def|1
|move|p1a: Star|Earthquake|p2a: Glimmora
|-supereffective|p2a: Glimmora
|-damage|p2a: Glimmora|0 fnt
|-activate|p2a: Glimmora|ability: Toxic Debris
|-sidestart|p1: Msplem|move: Toxic Spikes
|faint|p2a: Glimmora
|
|-damage|p1a: Star|66/100 psn|[from] psn
|upkeep
|
|t:|1760833854
|switch|p2a: Skarmory|Skarmory, F|100/100
|turn|8
|
|t:|1760833861
|move|p1a: Star|Body Slam|p2a: Skarmory
|-resisted|p2a: Skarmory
|-damage|p2a: Skarmory|94/100
|-damage|p1a: Star|50/100 psn|[from] item: Rocky Helmet|[of] p2a: Skarmory
|move|p2a: Skarmory|Whirlwind|p1a: Star
|drag|p1a: Coquette|Hatterene, F, shiny|100/100
|-damage|p1a: Coquette|88/100|[from] Spikes
|-status|p1a: Coquette|tox
|
|-damage|p1a: Coquette|82/100 tox|[from] psn
|upkeep
|turn|9
|
|t:|1760833874
|switch|p2a: Hatterene|Hatterene, F|100/100
|move|p1a: Coquette|Nuzzle|p2a: Hatterene
|-damage|p2a: Hatterene|96/100
|-status|p2a: Hatterene|par
|
|-damage|p1a: Coquette|70/100 tox|[from] psn
|upkeep
|turn|10
|
|t:|1760833884
|move|p1a: Coquette|Mystical Fire|p2a: Hatterene
|-crit|p2a: Hatterene
|-damage|p2a: Hatterene|70/100 par
|-unboost|p2a: Hatterene|spa|1
|move|p2a: Hatterene|Psychic Noise|p1a: Coquette
|-resisted|p1a: Coquette
|-damage|p1a: Coquette|62/100 tox
|-start|p1a: Coquette|move: Heal Block
|
|-damage|p1a: Coquette|44/100 tox|[from] psn
|upkeep
|turn|11
|-message|T9xxx forfeited.
|
|win|Msplem
|raw|Msplem's rating: 1137 &rarr; <strong>1166</strong><br />(+29 for winning)
|raw|T9xxx's rating: 1199 &rarr; <strong>1170</strong><br />(-29 for losing)
|l|☆T9xxx
|player|p2|
|l|☆Msplem
|player|p1|
