|j|☆basedraybans
|j|☆Captainfreeze1
|t:|1760725787
|gametype|singles
|player|p1|basedraybans|265|1365
|player|p2|Captainfreeze1|hilbert|1377
|gen|9
|tier|[Gen 9] OU
|rated|
|rule|HP Percentage Mod: HP is shown in percentages
|rule|Endless Battle Clause: Forcing endless battles is banned
|rule|Species Clause: Limit one of each Pokémon
|rule|OHKO Clause: OHKO moves are banned
|rule|Evasion Items Clause: Evasion items are banned
|rule|Evasion Moves Clause: Evasion moves are banned
|rule|Evasion Abilities Clause: Evasion abilities are banned
|rule|Sleep Moves Clause: Sleep-inducing moves are banned
|clearpoke
|poke|p1|Pincurchin, F|
|poke|p1|Iron Hands|
|poke|p1|Raging Bolt|
|poke|p1|Tornadus-Therian, M|
|poke|p1|Bronzong|
|poke|p1|Excadrill, M|
|poke|p2|Darkrai|
|poke|p2|Great Tusk|
|poke|p2|Ogerpon-Wellspring, F|
|poke|p2|Gholdengo|
|poke|p2|Dragonite, F|
|poke|p2|Ting-Lu|
|teampreview
|inactive|Battle timer is ON: inactive players will automatically lose when time's up. (requested by basedraybans)
|
|t:|1760725802
|teamsize|p1|6
|teamsize|p2|6
|start
|switch|p1a: Tornadus|Tornadus-Therian, M|100/100
|switch|p2a: Darkrai|Darkrai|100/100
|turn|1
|
|t:|1760725809
|move|p2a: Darkrai|Ice Beam|p1a: Tornadus
|-supereffective|p1a: Tornadus
|-damage|p1a: Tornadus|45/100
|-status|p1a: Tornadus|frz
|cant|p1a: Tornadus|frz
|
|upkeep
|turn|2
|c|☆Captainfreeze1|unlucky
|
|t:|1760725821
|switch|p1a: Pincurchin|Pincurchin, F|100/100
|-fieldstart|move: Electric Terrain|[from] ability: Electric Surge|[of] p1a: Pincurchin
|move|p2a: Darkrai|Ice Beam|p1a: Pincurchin
|-damage|p1a: Pincurchin|64/100
|-status|p1a: Pincurchin|frz
|
|upkeep
|turn|3
|c|☆basedraybans|LMFAO
|c|☆Captainfreeze1|fuuu-
|
|t:|1760725835
|switch|p1a: Bronzong|Bronzong|100/100
|move|p2a: Darkrai|Dark Pulse|p1a: Bronzong
|-supereffective|p1a: Bronzong
|-damage|p1a: Bronzong|50/100
|
|-heal|p1a: Bronzong|56/100|[from] item: Leftovers
|upkeep
|turn|4
|
|t:|1760725841
|move|p2a: Darkrai|Dark Pulse|p1a: Bronzong
|-supereffective|p1a: Bronzong
|-damage|p1a: Bronzong|11/100
|move|p1a: Bronzong|Body Press|p2a: Darkrai
|-supereffective|p2a: Darkrai
|-damage|p2a: Darkrai|55/100
|
|-heal|p2a: Darkrai|61/100|[from] item: Leftovers
|-heal|p1a: Bronzong|18/100|[from] item: Leftovers
|upkeep
|turn|5
|
|t:|1760725848
|switch|p1a: Excadrill|Excadrill, M|100/100
|-ability|p1a: Excadrill|Mold Breaker
|move|p2a: Darkrai|Dark Pulse|p1a: Excadrill
|-crit|p1a: Excadrill
|-damage|p1a: Excadrill|45/100
|-enditem|p1a: Excadrill|Sitrus Berry|[eat]
|-heal|p1a: Excadrill|70/100|[from] item: Sitrus Berry
|
|-heal|p2a: Darkrai|67/100|[from] item: Leftovers
|upkeep
|turn|6
|
|t:|1760725853
|move|p2a: Darkrai|Ice Beam|p1a: Excadrill
|-damage|p1a: Excadrill|45/100
|move|p1a: Excadrill|Rapid Spin|p2a: Darkrai
|-damage|p2a: Darkrai|49/100
|-boost|p1a: Excadrill|spe|1
|
|-heal|p2a: Darkrai|55/100|[from] item: Leftovers
|upkeep
|turn|7
|
|t:|1760725862
|switch|p2a: Gholdengo|Gholdengo|100/100
|-item|p2a: Gholdengo|Air Balloon
|move|p1a: Excadrill|Earthquake|p2a: Gholdengo
|-immune|p2a: Gholdengo
|
|upkeep
|turn|8
|
|t:|1760725869
|move|p1a: Excadrill|Iron Head|p2a: Gholdengo
|-resisted|p2a: Gholdengo
|-damage|p2a: Gholdengo|86/100
|-enditem|p2a: Gholdengo|Air Balloon
|move|p2a: Gholdengo|Make It Rain|p1a: Excadrill
|-resisted|p1a: Excadrill
|-damage|p1a: Excadrill|18/100
|-unboost|p2a: Gholdengo|spa|1
|
|upkeep
|turn|9
|
|t:|1760725880
|switch|p2a: Dragonite|Dragonite, F|100/100
|move|p1a: Excadrill|Earthquake|p2a: Dragonite
|-immune|p2a: Dragonite
|
|-fieldend|move: Electric Terrain
|upkeep
|turn|10
|
|t:|1760725885
|-terastallize|p2a: Dragonite|Normal
|move|p2a: Dragonite|Extreme Speed|p1a: Excadrill
|-resisted|p1a: Excadrill
|-damage|p1a: Excadrill|0 fnt
|faint|p1a: Excadrill
|
|upkeep
|
|t:|1760725890
|switch|p1a: Iron Hands|Iron Hands|100/100
|turn|11
|
|t:|1760725896
|move|p2a: Dragonite|Earthquake|p1a: Iron Hands
|-supereffective|p1a: Iron Hands
|-enditem|p1a: Iron Hands|Shuca Berry|[eat]
|-enditem|p1a: Iron Hands|Shuca Berry|[weaken]
|-damage|p1a: Iron Hands|78/100
|move|p1a: Iron Hands|Swords Dance|p1a: Iron Hands
|-boost|p1a: Iron Hands|atk|2
|
|upkeep
|turn|12
|
|t:|1760725902
|move|p2a: Dragonite|Earthquake|p1a: Iron Hands
|-supereffective|p1a: Iron Hands
|-damage|p1a: Iron Hands|30/100
|move|p1a: Iron Hands|Close Combat|p2a: Dragonite
|-supereffective|p2a: Dragonite
|-damage|p2a: Dragonite|0 fnt
|-unboost|p1a: Iron Hands|def|1
|-unboost|p1a: Iron Hands|spd|1
|faint|p2a: Dragonite
|
|upkeep
|
|t:|1760725911
|switch|p2a: Ogerpon|Ogerpon-Wellspring, F|100/100
|turn|13
|
|t:|1760725917
|-end|p1a: Iron Hands|Quark Drive|[silent]
|switch|p1a: Tornadus|Tornadus-Therian, M|78/100 frz
|move|p2a: Ogerpon|Ivy Cudgel|p1a: Tornadus|[anim] Ivy Cudgel Water
|-damage|p1a: Tornadus|7/100 frz
|
|upkeep
|turn|14
|
|t:|1760725924
|cant|p1a: Tornadus|frz
|move|p2a: Ogerpon|Ivy Cudgel|p1a: Tornadus|[anim] Ivy Cudgel Water
|-crit|p1a: Tornadus
|-damage|p1a: Tornadus|0 fnt
|faint|p1a: Tornadus
|
|upkeep
|c|☆basedraybans|Well brother
|c|☆basedraybans|Gg
|c|☆Captainfreeze1|ggs
|-message|basedraybans forfeited.
|
|win|Captainfreeze1
|raw|basedraybans's rating: 1365 &rarr; <strong>1346</strong><br />(-19 for losing)
|raw|Captainfreeze1's rating: 1377 &rarr; <strong>1396</strong><br />(+19 for winning)
|l|☆basedraybans
|player|p1|
