|j|☆hsp20040923
|j|☆LLBattler
|t:|1760859884
|gametype|singles
|player|p1|hsp20040923|pokemonbreeder|1182
|player|p2|LLBattler|1|1064
|gen|9
|tier|[Gen 9] OU
|rated|
|rule|HP Percentage Mod: HP is shown in percentages
|rule|Endless Battle Clause: Forcing endless battles is banned
|rule|Species Clause: Limit one of each Pokémon
|rule|OHKO Clause: OHKO moves are banned
|rule|Evasion Items Clause: Evasion items are banned
|rule|Evasion Moves Clause: Evasion moves are banned
|rule|Evasion Abilities Clause: Evasion abilities are banned
|rule|Sleep Moves Clause: Sleep-inducing moves are banned
|clearpoke
|poke|p1|Ting-Lu|
|poke|p1|Heatran, F|
|poke|p1|Kingambit, F|
|poke|p1|Ogerpon-Wellspring, F|
|poke|p1|Iron Hands|
|poke|p1|Gholdengo|
|poke|p2|Arcanine-Hisui, F|
|poke|p2|Slowking-Galar, M|
|poke|p2|Great Tusk|
|poke|p2|Kingambit, F|
|poke|p2|Gliscor, F|
|poke|p2|Sinistcha|
|teampreview
|
|t:|1760859890
|teamsize|p1|6
|teamsize|p2|6
|start
|switch|p1a: Ogerpon|Ogerpon-Wellspring, F|100/100
|switch|p2a: Gliscor|Gliscor, F|100/100
|turn|1
|
|t:|1760859898
|move|p2a: Gliscor|Protect|p2a: Gliscor
|-singleturn|p2a: Gliscor|Protect
|move|p1a: Ogerpon|Swords Dance|p1a: Ogerpon
|-boost|p1a: Ogerpon|atk|2
|
|-status|p2a: Gliscor|tox|[from] item: Toxic Orb
|upkeep
|turn|2
|
|t:|1760859917
|switch|p2a: Top Dog|Arcanine-Hisui, F|100/100
|move|p1a: Ogerpon|Trailblaze|p2a: Top Dog
|-damage|p2a: Top Dog|17/100
|-boost|p1a: Ogerpon|spe|1
|
|upkeep
|turn|3
|inactive|Battle timer is ON: inactive players will automatically lose when time's up. (requested by LLBattler)
|
|t:|1760859928
|move|p2a: Top Dog|Extreme Speed|p1a: Ogerpon
|-damage|p1a: Ogerpon|53/100
|move|p1a: Ogerpon|Trailblaze|p2a: Top Dog
|-damage|p2a: Top Dog|0 fnt
|-boost|p1a: Ogerpon|spe|1
|faint|p2a: Top Dog
|
|upkeep
|
|t:|1760859936
|switch|p2a: Kingambit|Kingambit, F|100/100
|-activate|p2a: Kingambit|ability: Supreme Overlord
|-start|p2a: Kingambit|fallen1|[silent]
|turn|4
|
|t:|1760859941
|move|p2a: Kingambit|Sucker Punch|p1a: Ogerpon
|-damage|p1a: Ogerpon|4/100
|move|p1a: Ogerpon|Ivy Cudgel|p2a: Kingambit|[anim] Ivy Cudgel Water
|-damage|p2a: Kingambit|5/100
|
|-heal|p2a: Kingambit|11/100|[from] item: Leftovers
|upkeep
|turn|5
|
|t:|1760859950
|move|p2a: Kingambit|Sucker Punch||[still]
|-fail|p2a: Kingambit
|move|p1a: Ogerpon|Swords Dance|p1a: Ogerpon
|-boost|p1a: Ogerpon|atk|2
|
|-heal|p2a: Kingambit|17/100|[from] item: Leftovers
|upkeep
|turn|6
|
|t:|1760859956
|move|p2a: Kingambit|Sucker Punch||[still]
|-fail|p2a: Kingambit
|move|p1a: Ogerpon|Swords Dance|p1a: Ogerpon
|-boost|p1a: Ogerpon|atk|2
|
|-heal|p2a: Kingambit|23/100|[from] item: Leftovers
|upkeep
|turn|7
|
|t:|1760859966
|move|p1a: Ogerpon|Swords Dance|p1a: Ogerpon
|-boost|p1a: Ogerpon|atk|0
|move|p2a: Kingambit|Iron Head|p1a: Ogerpon
|-resisted|p1a: Ogerpon
|-damage|p1a: Ogerpon|0 fnt
|faint|p1a: Ogerpon
|
|-heal|p2a: Kingambit|30/100|[from] item: Leftovers
|upkeep
|
|t:|1760859974
|switch|p1a: Heatran|Heatran, F|100/100
|turn|8
|
|t:|1760859984
|switch|p1a: Iron Hands|Iron Hands|100/100
|-end|p2a: Kingambit|fallen1|[silent]
|switch|p2a: Gliscor|Gliscor, F|100/100 tox
|
|upkeep
|turn|9
|
|t:|1760859996
|move|p2a: Gliscor|Knock Off|p1a: Iron Hands
|-resisted|p1a: Iron Hands
|-damage|p1a: Iron Hands|93/100
|-enditem|p1a: Iron Hands|Assault Vest|[from] move: Knock Off|[of] p2a: Gliscor
|move|p1a: Iron Hands|Earthquake|p2a: Gliscor
|-immune|p2a: Gliscor
|
|upkeep
|turn|10
|
|t:|1760860008
|move|p2a: Gliscor|U-turn|p1a: Iron Hands
|-resisted|p1a: Iron Hands
|-damage|p1a: Iron Hands|89/100
|
|t:|1760860014
|switch|p2a: Great Tusk|Great Tusk, shiny|100/100|[from] U-turn
|move|p1a: Iron Hands|Earthquake|p2a: Great Tusk
|-damage|p2a: Great Tusk|76/100
|
|upkeep
|turn|11
|
|t:|1760860023
|-terastallize|p1a: Iron Hands|Ground
|move|p2a: Great Tusk|Headlong Rush|p1a: Iron Hands
|-damage|p1a: Iron Hands|56/100
|-unboost|p2a: Great Tusk|def|1
|-unboost|p2a: Great Tusk|spd|1
|move|p1a: Iron Hands|Earthquake|p2a: Great Tusk
|-damage|p2a: Great Tusk|16/100
|
|upkeep
|turn|12
|
|t:|1760860045
|-end|p2a: Great Tusk|Protosynthesis|[silent]
|switch|p2a: Gliscor|Gliscor, F|100/100 tox
|move|p1a: Iron Hands|Earthquake|p2a: Gliscor
|-immune|p2a: Gliscor
|
|upkeep
|turn|13
|
|t:|1760860052
|move|p2a: Gliscor|Knock Off|p1a: Iron Hands
|-damage|p1a: Iron Hands|47/100
|move|p1a: Iron Hands|Ice Punch|p2a: Gliscor
|-supereffective|p2a: Gliscor
|-damage|p2a: Gliscor|6/100 tox
|
|-heal|p2a: Gliscor|19/100 tox|[from] ability: Poison Heal
|upkeep
|turn|14
|
|t:|1760860060
|move|p2a: Gliscor|Protect|p2a: Gliscor
|-singleturn|p2a: Gliscor|Protect
|move|p1a: Iron Hands|Drain Punch|p2a: Gliscor
|-activate|p2a: Gliscor|move: Protect
|
|-heal|p2a: Gliscor|31/100 tox|[from] ability: Poison Heal
|upkeep
|turn|15
|
|t:|1760860069
|move|p2a: Gliscor|U-turn|p1a: Iron Hands
|-damage|p1a: Iron Hands|38/100
|
|t:|1760860073
|switch|p2a: Sinistcha|Sinistcha|100/100|[from] U-turn
|move|p1a: Iron Hands|Ice Punch|p2a: Sinistcha
|-supereffective|p2a: Sinistcha
|-damage|p2a: Sinistcha|57/100
|
|upkeep
|turn|16
|
|t:|1760860081
|-end|p1a: Iron Hands|Quark Drive|[silent]
|switch|p1a: Heatran|Heatran, F|100/100
|move|p2a: Sinistcha|Strength Sap|p1a: Heatran
|-unboost|p1a: Heatran|atk|1
|-heal|p2a: Sinistcha|100/100
|
|upkeep
|turn|17
|
|t:|1760860094
|-terastallize|p2a: Sinistcha|Normal
|move|p1a: Heatran|Flamethrower|p2a: Sinistcha
|-damage|p2a: Sinistcha|72/100
|move|p2a: Sinistcha|Shadow Ball|p1a: Heatran
|-damage|p1a: Heatran|83/100
|
|upkeep
|turn|18
|
|t:|1760860109
|move|p1a: Heatran|Flamethrower|p2a: Sinistcha
|-damage|p2a: Sinistcha|45/100
|-status|p2a: Sinistcha|brn
|move|p2a: Sinistcha|Calm Mind|p2a: Sinistcha
|-boost|p2a: Sinistcha|spa|1
|-boost|p2a: Sinistcha|spd|1
|
|-damage|p2a: Sinistcha|42/100 brn|[from] brn
|upkeep
|turn|19
|
|t:|1760860117
|switch|p1a: Kingambit|Kingambit, F|100/100
|-activate|p1a: Kingambit|ability: Supreme Overlord
|-start|p1a: Kingambit|fallen1|[silent]
|-item|p1a: Kingambit|Air Balloon
|move|p2a: Sinistcha|Strength Sap|p1a: Kingambit
|-unboost|p1a: Kingambit|atk|1
|-heal|p2a: Sinistcha|100/100 brn
|
|-damage|p2a: Sinistcha|98/100 brn|[from] brn
|upkeep
|turn|20
|
|t:|1760860131
|move|p2a: Sinistcha|Matcha Gotcha|p1a: Kingambit
|-resisted|p1a: Kingambit
|-damage|p1a: Kingambit|75/100
|-heal|p2a: Sinistcha|100/100 brn|[from] drain|[of] p1a: Kingambit
|-enditem|p1a: Kingambit|Air Balloon
|move|p1a: Kingambit|Swords Dance|p1a: Kingambit
|-boost|p1a: Kingambit|atk|2
|
|-damage|p2a: Sinistcha|98/100 brn|[from] brn
|upkeep
|turn|21
|
|t:|1760860143
|move|p2a: Sinistcha|Shadow Ball|p1a: Kingambit
|-resisted|p1a: Kingambit
|-crit|p1a: Kingambit
|-damage|p1a: Kingambit|43/100
|move|p1a: Kingambit|Swords Dance|p1a: Kingambit
|-boost|p1a: Kingambit|atk|2
|
|-damage|p2a: Sinistcha|95/100 brn|[from] brn
|upkeep
|turn|22
|inactive|LLBattler has 120 seconds left.
|
|t:|1760860190
|move|p2a: Sinistcha|Shadow Ball|p1a: Kingambit
|-resisted|p1a: Kingambit
|-damage|p1a: Kingambit|17/100
|move|p1a: Kingambit|Low Kick|p2a: Sinistcha
|-supereffective|p2a: Sinistcha
|-damage|p2a: Sinistcha|67/100 brn
|
|-damage|p2a: Sinistcha|64/100 brn|[from] brn
|upkeep
|turn|23
|
|t:|1760860200
|move|p1a: Kingambit|Sucker Punch||[still]
|-fail|p1a: Kingambit
|move|p2a: Sinistcha|Calm Mind|p2a: Sinistcha
|-boost|p2a: Sinistcha|spa|1
|-boost|p2a: Sinistcha|spd|1
|
|-damage|p2a: Sinistcha|61/100 brn|[from] brn
|upkeep
|turn|24
|
|t:|1760860209
|move|p1a: Kingambit|Sucker Punch||[still]
|-fail|p1a: Kingambit
|move|p2a: Sinistcha|Strength Sap|p1a: Kingambit
|-unboost|p1a: Kingambit|atk|1
|-heal|p2a: Sinistcha|100/100 brn
|
|-damage|p2a: Sinistcha|98/100 brn|[from] brn
|upkeep
|turn|25
|inactive|LLBattler has 120 seconds left.
|
|t:|1760860218
|move|p2a: Sinistcha|Shadow Ball|p1a: Kingambit
|-resisted|p1a: Kingambit
|-damage|p1a: Kingambit|0 fnt
|faint|p1a: Kingambit
|-end|p1a: Kingambit|fallen1|[silent]
|
|-damage|p2a: Sinistcha|95/100 brn|[from] brn
|upkeep
|
|t:|1760860228
|switch|p1a: Iron Hands|Iron Hands, tera:Ground|38/100
|turn|26
|
|t:|1760860234
|move|p2a: Sinistcha|Matcha Gotcha|p1a: Iron Hands
|-supereffective|p1a: Iron Hands
|-damage|p1a: Iron Hands|0 fnt
|-heal|p2a: Sinistcha|100/100 brn|[from] drain|[of] p1a: Iron Hands
|faint|p1a: Iron Hands
|-end|p1a: Iron Hands|Quark Drive|[silent]
|
|-damage|p2a: Sinistcha|98/100 brn|[from] brn
|upkeep
|
|t:|1760860243
|switch|p1a: Gholdengo|Gholdengo|100/100
|-item|p1a: Gholdengo|Air Balloon
|turn|27
|
|t:|1760860250
|move|p1a: Gholdengo|Nasty Plot|p1a: Gholdengo
|-boost|p1a: Gholdengo|spa|2
|move|p2a: Sinistcha|Shadow Ball|p1a: Gholdengo
|-supereffective|p1a: Gholdengo
|-damage|p1a: Gholdengo|0 fnt
|-enditem|p1a: Gholdengo|Air Balloon
|faint|p1a: Gholdengo
|
|-damage|p2a: Sinistcha|95/100 brn|[from] brn
|upkeep
|
|t:|1760860256
|switch|p1a: Ting-Lu|Ting-Lu|100/100
|-ability|p1a: Ting-Lu|Vessel of Ruin
|turn|28
|
|t:|1760860264
|move|p2a: Sinistcha|Matcha Gotcha|p1a: Ting-Lu
|-supereffective|p1a: Ting-Lu
|-damage|p1a: Ting-Lu|59/100
|-heal|p2a: Sinistcha|100/100 brn|[from] drain|[of] p1a: Ting-Lu
|-status|p1a: Ting-Lu|brn
|move|p1a: Ting-Lu|Heavy Slam|p2a: Sinistcha
|-damage|p2a: Sinistcha|89/100 brn
|
|-damage|p2a: Sinistcha|86/100 brn|[from] brn
|-damage|p1a: Ting-Lu|53/100 brn|[from] brn
|upkeep
|turn|29
|-message|hsp20040923 forfeited.
|
|win|LLBattler
|raw|hsp20040923's rating: 1182 &rarr; <strong>1149</strong><br />(-33 for losing)
|raw|LLBattler's rating: 1064 &rarr; <strong>1104</strong><br />(+40 for winning)
|l|☆hsp20040923
|player|p1|
