|j|☆BigJulius
|j|☆Clairrr03
|t:|1760725138
|gametype|singles
|player|p1|BigJulius|266|1456
|player|p2|Clairrr03|170|1441
|gen|9
|tier|[Gen 9] OU
|rated|
|rule|HP Percentage Mod: HP is shown in percentages
|rule|Endless Battle Clause: Forcing endless battles is banned
|rule|Species Clause: Limit one of each Pokémon
|rule|OHKO Clause: OHKO moves are banned
|rule|Evasion Items Clause: Evasion items are banned
|rule|Evasion Moves Clause: Evasion moves are banned
|rule|Evasion Abilities Clause: Evasion abilities are banned
|rule|Sleep Moves Clause: Sleep-inducing moves are banned
|clearpoke
|poke|p1|Clodsire, F|
|poke|p1|Rillaboom, F|
|poke|p1|Mandibuzz, F|
|poke|p1|Mienshao, F|
|poke|p1|Iron Valiant|
|poke|p1|Skeledirge, F|
|poke|p2|Ceruledge, F|
|poke|p2|Kyurem|
|poke|p2|Iron Treads|
|poke|p2|Primarina, M|
|poke|p2|Mandibuzz, F|
|poke|p2|Rillaboom, M|
|teampreview
|inactive|Battle timer is ON: inactive players will automatically lose when time's up. (requested by Clairrr03)
|inactive|BigJulius also wants the timer to be on.
|j| TheBergentruck
|l| TheBergentruck
|
|t:|1760725154
|teamsize|p1|6
|teamsize|p2|6
|start
|switch|p1a: Mienshao|Mienshao, F|100/100
|switch|p2a: Ceruledge|Ceruledge, F|100/100
|turn|1
|
|t:|1760725159
|switch|p2a: Mandibuzz|Mandibuzz, F|100/100
|move|p1a: Mienshao|Knock Off|p2a: Mandibuzz
|-resisted|p2a: Mandibuzz
|-damage|p2a: Mandibuzz|90/100
|-enditem|p2a: Mandibuzz|Heavy-Duty Boots|[from] move: Knock Off|[of] p1a: Mienshao
|
|upkeep
|turn|2
|
|t:|1760725166
|switch|p1a: Mandibuzz|Mandibuzz, F|100/100
|move|p2a: Mandibuzz|Toxic|p1a: Mandibuzz
|-status|p1a: Mandibuzz|tox
|
|-damage|p1a: Mandibuzz|94/100 tox|[from] psn
|upkeep
|turn|3
|
|t:|1760725171
|switch|p2a: Iron Treads|Iron Treads|100/100
|move|p1a: Mandibuzz|U-turn|p2a: Iron Treads
|-resisted|p2a: Iron Treads
|-damage|p2a: Iron Treads|95/100
|
|t:|1760725184
|switch|p1a: Mienshao|Mienshao, F|100/100|[from] U-turn
|
|-heal|p2a: Iron Treads|100/100|[from] item: Leftovers
|upkeep
|turn|4
|
|t:|1760725194
|-end|p2a: Iron Treads|Quark Drive|[silent]
|switch|p2a: Ceruledge|Ceruledge, F|100/100
|move|p1a: Mienshao|Knock Off|p2a: Ceruledge
|-supereffective|p2a: Ceruledge
|-damage|p2a: Ceruledge|4/100
|-enditem|p2a: Ceruledge|Choice Band|[from] move: Knock Off|[of] p1a: Mienshao
|
|upkeep
|turn|5
|
|t:|1760725200
|move|p1a: Mienshao|Knock Off|p2a: Ceruledge
|-supereffective|p2a: Ceruledge
|-damage|p2a: Ceruledge|0 fnt
|faint|p2a: Ceruledge
|
|upkeep
|
|t:|1760725203
|switch|p2a: Rillaboom|Rillaboom, M|100/100
|-fieldstart|move: Grassy Terrain|[from] ability: Grassy Surge|[of] p2a: Rillaboom
|turn|6
|
|t:|1760725208
|switch|p1a: Skeledirge|Skeledirge, F|100/100
|move|p2a: Rillaboom|Knock Off|p1a: Skeledirge
|-supereffective|p1a: Skeledirge
|-damage|p1a: Skeledirge|43/100
|-damage|p2a: Rillaboom|84/100|[from] item: Rocky Helmet|[of] p1a: Skeledirge
|-enditem|p1a: Skeledirge|Rocky Helmet|[from] move: Knock Off|[of] p2a: Rillaboom
|-damage|p2a: Rillaboom|74/100|[from] item: Life Orb
|
|-heal|p2a: Rillaboom|80/100|[from] Grassy Terrain
|-heal|p1a: Skeledirge|49/100|[from] Grassy Terrain
|upkeep
|turn|7
|
|t:|1760725220
|switch|p2a: Primarina|Primarina, M|100/100
|move|p1a: Skeledirge|Slack Off|p1a: Skeledirge
|-heal|p1a: Skeledirge|99/100
|
|-heal|p1a: Skeledirge|100/100|[from] Grassy Terrain
|upkeep
|turn|8
|
|t:|1760725227
|switch|p1a: Clodsire|Clodsire, F, shiny|100/100
|move|p2a: Primarina|Moonblast|p1a: Clodsire
|-resisted|p1a: Clodsire
|-damage|p1a: Clodsire|88/100
|-unboost|p1a: Clodsire|spa|1
|
|-heal|p1a: Clodsire|94/100|[from] Grassy Terrain
|-heal|p1a: Clodsire|99/100|[from] item: Leftovers
|upkeep
|turn|9
|
|t:|1760725231
|switch|p2a: Iron Treads|Iron Treads|100/100
|move|p1a: Clodsire|High Horsepower|p2a: Iron Treads
|-supereffective|p2a: Iron Treads
|-damage|p2a: Iron Treads|52/100
|
|-heal|p2a: Iron Treads|58/100|[from] Grassy Terrain
|-heal|p2a: Iron Treads|64/100|[from] item: Leftovers
|-heal|p1a: Clodsire|100/100|[from] Grassy Terrain
|upkeep
|turn|10
|
|t:|1760725249
|switch|p1a: Mandibuzz|Mandibuzz, F|94/100 tox
|move|p2a: Iron Treads|Knock Off|p1a: Mandibuzz
|-resisted|p1a: Mandibuzz
|-damage|p1a: Mandibuzz|86/100 tox
|-enditem|p1a: Mandibuzz|Heavy-Duty Boots|[from] move: Knock Off|[of] p2a: Iron Treads
|
|-heal|p2a: Iron Treads|71/100|[from] Grassy Terrain
|-heal|p2a: Iron Treads|77/100|[from] item: Leftovers
|-damage|p1a: Mandibuzz|80/100 tox|[from] psn
|-fieldend|move: Grassy Terrain
|upkeep
|turn|11
|inactive|BigJulius has 120 seconds left.
|inactive|BigJulius has 90 seconds left.
|inactive|BigJulius has 60 seconds left.
|
|t:|1760725345
|move|p2a: Iron Treads|Stealth Rock|p1a: Mandibuzz
|-sidestart|p1: BigJulius|move: Stealth Rock
|move|p1a: Mandibuzz|Foul Play|p2a: Iron Treads
|-damage|p2a: Iron Treads|39/100
|
|-heal|p2a: Iron Treads|45/100|[from] item: Leftovers
|-damage|p1a: Mandibuzz|68/100 tox|[from] psn
|upkeep
|turn|12
|
|t:|1760725367
|-end|p2a: Iron Treads|Quark Drive|[silent]
|switch|p2a: Kyurem|Kyurem|100/100
|-ability|p2a: Kyurem|Pressure
|move|p1a: Mandibuzz|Defog|p2a: Kyurem
|-unboost|p2a: Kyurem|evasion|1
|-sideend|p1: BigJulius|Stealth Rock|[from] move: Defog|[of] p1a: Mandibuzz
|
|-damage|p1a: Mandibuzz|50/100 tox|[from] psn
|upkeep
|turn|13
|inactive|BigJulius has 60 seconds left.
|
|t:|1760725384
|move|p2a: Kyurem|Ice Beam|p1a: Mandibuzz
|-supereffective|p1a: Mandibuzz
|-damage|p1a: Mandibuzz|0 fnt
|faint|p1a: Mandibuzz
|
|upkeep
|
|t:|1760725386
|switch|p1a: Mienshao|Mienshao, F|100/100
|turn|14
|
|t:|1760725410
|switch|p2a: Mandibuzz|Mandibuzz, F|90/100
|move|p1a: Mienshao|U-turn|p2a: Mandibuzz
|-damage|p2a: Mandibuzz|74/100
|inactive|BigJulius has 60 seconds left.
|inactive|BigJulius has 30 seconds left.
|inactive|BigJulius has 20 seconds left.
|inactive|BigJulius has 15 seconds left.
|inactive|BigJulius has 10 seconds left.
|inactive|BigJulius has 5 seconds left.
|-message|BigJulius lost due to inactivity.
|
|win|Clairrr03
|raw|BigJulius's rating: 1456 &rarr; <strong>1435</strong><br />(-21 for losing)
|raw|Clairrr03's rating: 1441 &rarr; <strong>1462</strong><br />(+21 for winning)
|l|☆Clairrr03
|player|p2|
