|j|☆erk7
|j|☆ProboZap
|t:|1760764113
|gametype|singles
|player|p1|erk7|266|1119
|player|p2|ProboZap|thorton|1183
|gen|9
|tier|[Gen 9] OU
|rated|
|rule|HP Percentage Mod: HP is shown in percentages
|rule|Endless Battle Clause: Forcing endless battles is banned
|rule|Species Clause: Limit one of each Pokémon
|rule|OHKO Clause: OHKO moves are banned
|rule|Evasion Items Clause: Evasion items are banned
|rule|Evasion Moves Clause: Evasion moves are banned
|rule|Evasion Abilities Clause: Evasion abilities are banned
|rule|Sleep Moves Clause: Sleep-inducing moves are banned
|clearpoke
|poke|p1|Scizor, F|
|poke|p1|Primarina, F|
|poke|p1|Salazzle, F|
|poke|p1|Brambleghast, F|
|poke|p1|Meloetta|
|poke|p1|Mudsdale, M|
|poke|p2|Scovillain, M|
|poke|p2|Walking Wake|
|poke|p2|Empoleon, F|
|poke|p2|Torkoal, F|
|poke|p2|Hydreigon, M|
|poke|p2|Qwilfish-Hisui, M|
|teampreview
|
|t:|1760764120
|teamsize|p1|6
|teamsize|p2|6
|start
|switch|p1a: Melometta|Meloetta|100/100
|switch|p2a: Hydreigon|Hydreigon, M|100/100
|turn|1
|
|t:|1760764129
|-terastallize|p1a: Melometta|Fairy
|move|p2a: Hydreigon|U-turn|p1a: Melometta
|-resisted|p1a: Melometta
|-damage|p1a: Melometta|91/100
|
|t:|1760764132
|switch|p2a: Torkoal|Torkoal, F|100/100|[from] U-turn
|-weather|SunnyDay|[from] ability: Drought|[of] p2a: Torkoal
|move|p1a: Melometta|Alluring Voice|p2a: Torkoal
|-resisted|p2a: Torkoal
|-damage|p2a: Torkoal|64/100
|
|-weather|SunnyDay|[upkeep]
|upkeep
|turn|2
|
|t:|1760764148
|switch|p1a: Lidia|Primarina, F|100/100
|move|p2a: Torkoal|Stealth Rock|p1a: Lidia
|-sidestart|p1: erk7|move: Stealth Rock
|
|-weather|SunnyDay|[upkeep]
|upkeep
|turn|3
|
|t:|1760764165
|switch|p2a: Empoleon|Empoleon, F|100/100
|move|p1a: Lidia|Moonblast|p2a: Empoleon
|-resisted|p2a: Empoleon
|-damage|p2a: Empoleon|88/100
|
|-weather|SunnyDay|[upkeep]
|-heal|p2a: Empoleon|94/100|[from] item: Leftovers
|upkeep
|turn|4
|
|t:|1760764178
|move|p1a: Lidia|Encore||[still]
|-fail|p1a: Lidia
|move|p2a: Empoleon|Ice Beam|p1a: Lidia
|-resisted|p1a: Lidia
|-damage|p1a: Lidia|92/100
|
|-weather|SunnyDay|[upkeep]
|-heal|p2a: Empoleon|99/100|[from] item: Leftovers
|upkeep
|turn|5
|
|t:|1760764192
|switch|p2a: Scovillain|Scovillain, M|100/100
|move|p1a: Lidia|Moonblast|p2a: Scovillain
|-resisted|p2a: Scovillain
|-damage|p2a: Scovillain|63/100
|
|-weather|SunnyDay|[upkeep]
|upkeep
|turn|6
|
|t:|1760764204
|switch|p1a: C va|Brambleghast, F|100/100
|-damage|p1a: C va|88/100|[from] Stealth Rock
|move|p2a: Scovillain|Solar Beam||[still]
|-prepare|p2a: Scovillain|Solar Beam
|-anim|p2a: Scovillain|Solar Beam|p1a: C va
|-resisted|p1a: C va
|-damage|p1a: C va|34/100
|-damage|p2a: Scovillain|53/100|[from] item: Life Orb
|
|-weather|SunnyDay|[upkeep]
|-heal|p1a: C va|40/100|[from] item: Leftovers
|upkeep
|turn|7
|
|t:|1760764225
|switch|p2a: Torkoal|Torkoal, F|64/100
|move|p1a: C va|Protect||[still]
|-fail|p1a: C va
|
|-weather|SunnyDay|[upkeep]
|-heal|p1a: C va|46/100|[from] item: Leftovers
|upkeep
|turn|8
|
|t:|1760764251
|switch|p2a: Empoleon|Empoleon, F|99/100
|move|p1a: C va|Leech Seed|p2a: Empoleon
|-start|p2a: Empoleon|move: Leech Seed
|
|-weather|none
|-heal|p1a: C va|52/100|[from] item: Leftovers
|-heal|p2a: Empoleon|100/100|[from] item: Leftovers
|-damage|p2a: Empoleon|88/100|[from] Leech Seed|[of] p1a: C va
|-heal|p1a: C va|70/100|[silent]
|upkeep
|turn|9
|
|t:|1760764261
|move|p1a: C va|Rapid Spin|p2a: Empoleon
|-resisted|p2a: Empoleon
|-damage|p2a: Empoleon|81/100
|-boost|p1a: C va|spe|1
|-sideend|p1: erk7|Stealth Rock|[from] move: Rapid Spin|[of] p1a: C va
|move|p2a: Empoleon|Flip Turn|p1a: C va
|-resisted|p1a: C va
|-damage|p1a: C va|61/100
|
|t:|1760764264
|switch|p2a: Torkoal|Torkoal, F|64/100|[from] Flip Turn
|-weather|SunnyDay|[from] ability: Drought|[of] p2a: Torkoal
|
|-weather|SunnyDay|[upkeep]
|-heal|p1a: C va|67/100|[from] item: Leftovers
|upkeep
|turn|10
|
|t:|1760764275
|move|p1a: C va|Leech Seed|p2a: Torkoal
|-start|p2a: Torkoal|move: Leech Seed
|move|p2a: Torkoal|Stealth Rock|p1a: C va
|-sidestart|p1: erk7|move: Stealth Rock
|
|-weather|SunnyDay|[upkeep]
|-heal|p1a: C va|73/100|[from] item: Leftovers
|-damage|p2a: Torkoal|51/100|[from] Leech Seed|[of] p1a: C va
|-heal|p1a: C va|90/100|[silent]
|upkeep
|turn|11
|
|t:|1760764285
|move|p1a: C va|Protect|p1a: C va
|-singleturn|p1a: C va|Protect
|move|p2a: Torkoal|Lava Plume|p1a: C va
|-activate|p1a: C va|move: Protect
|
|-weather|SunnyDay|[upkeep]
|-heal|p1a: C va|96/100|[from] item: Leftovers
|-damage|p2a: Torkoal|39/100|[from] Leech Seed|[of] p1a: C va
|-heal|p1a: C va|100/100|[silent]
|upkeep
|turn|12
|
|t:|1760764298
|move|p1a: C va|Rapid Spin|p2a: Torkoal
|-damage|p2a: Torkoal|30/100
|-boost|p1a: C va|spe|1
|-sideend|p1: erk7|Stealth Rock|[from] move: Rapid Spin|[of] p1a: C va
|move|p2a: Torkoal|Lava Plume|p1a: C va
|-supereffective|p1a: C va
|-damage|p1a: C va|0 fnt
|faint|p1a: C va
|
|-weather|SunnyDay|[upkeep]
|upkeep
|
|t:|1760764310
|switch|p1a: Machuki|Scizor, F|100/100
|turn|13
|
|t:|1760764319
|switch|p2a: Qwilfish|Qwilfish-Hisui, M|100/100
|-ability|p2a: Qwilfish|Intimidate|boost
|-unboost|p1a: Machuki|atk|1
|move|p1a: Machuki|Bullet Punch|p2a: Qwilfish
|-damage|p2a: Qwilfish|83/100
|
|-weather|SunnyDay|[upkeep]
|upkeep
|turn|14
|l|☆erk7
|player|p1|
|j|☆erk7
|player|p1|erk7|266|
|-message|erk7 forfeited.
|
|win|ProboZap
|raw|erk7's rating: 1119 &rarr; <strong>1099</strong><br />(-20 for losing)
|raw|ProboZap's rating: 1183 &rarr; <strong>1203</strong><br />(+20 for winning)
|l|☆erk7
|player|p1|
|l|☆ProboZap
|player|p2|
