|j|☆p23dish
|j|☆rosepample23
|t:|1760878214
|gametype|singles
|player|p1|p23dish|linebacker|1188
|player|p2|rosepample23|170|1162
|gen|9
|tier|[Gen 9] OU
|rated|
|rule|HP Percentage Mod: HP is shown in percentages
|rule|Endless Battle Clause: Forcing endless battles is banned
|rule|Species Clause: Limit one of each Pokémon
|rule|OHKO Clause: OHKO moves are banned
|rule|Evasion Items Clause: Evasion items are banned
|rule|Evasion Moves Clause: Evasion moves are banned
|rule|Evasion Abilities Clause: Evasion abilities are banned
|rule|Sleep Moves Clause: Sleep-inducing moves are banned
|clearpoke
|poke|p1|Hydrapple, M|
|poke|p1|Skarmory, M|
|poke|p1|Tyranitar, F|
|poke|p1|Alomomola, M|
|poke|p1|Clodsire, M|
|poke|p1|Clefable, M|
|poke|p2|Heracross, F|
|poke|p2|Gengar, M|
|poke|p2|Great Tusk|
|poke|p2|Rhydon, M|
|poke|p2|Hatterene, F|
|poke|p2|Regidrago|
|teampreview
|
|t:|1760878242
|teamsize|p1|6
|teamsize|p2|6
|start
|switch|p1a: Tyranitar|Tyranitar, F|100/100
|switch|p2a: Gengar|Gengar, M|100/100
|-weather|Sandstorm|[from] ability: Sand Stream|[of] p1a: Tyranitar
|turn|1
|inactive|Battle timer is ON: inactive players will automatically lose when time's up. (requested by rosepample23)
|
|t:|1760878259
|move|p2a: Gengar|Taunt|p1a: Tyranitar
|-start|p1a: Tyranitar|move: Taunt
|move|p1a: Tyranitar|Knock Off|p2a: Gengar
|-supereffective|p2a: Gengar
|-enditem|p2a: Gengar|Focus Sash
|-damage|p2a: Gengar|1/100
|-start|p1a: Tyranitar|Disable|Knock Off|[from] ability: Cursed Body|[of] p2a: Gengar
|
|-weather|Sandstorm|[upkeep]
|-damage|p2a: Gengar|0 fnt|[from] Sandstorm
|faint|p2a: Gengar
|upkeep
|
|t:|1760878279
|switch|p2a: Heracross|Heracross, F, shiny|100/100
|turn|2
|
|t:|1760878287
|switch|p1a: Alomomola|Alomomola, M, shiny|100/100
|move|p2a: Heracross|Trailblaze|p1a: Alomomola
|-supereffective|p1a: Alomomola
|-damage|p1a: Alomomola|81/100
|-boost|p2a: Heracross|spe|1
|
|-weather|Sandstorm|[upkeep]
|-damage|p2a: Heracross|95/100|[from] Sandstorm
|-damage|p1a: Alomomola|75/100|[from] Sandstorm
|upkeep
|turn|3
|
|t:|1760878297
|move|p2a: Heracross|Bullet Seed|p1a: Alomomola
|-supereffective|p1a: Alomomola
|-damage|p1a: Alomomola|65/100
|-supereffective|p1a: Alomomola
|-damage|p1a: Alomomola|54/100
|-supereffective|p1a: Alomomola
|-damage|p1a: Alomomola|44/100
|-supereffective|p1a: Alomomola
|-damage|p1a: Alomomola|32/100
|-hitcount|p1a: Alomomola|4
|move|p1a: Alomomola|Body Slam|p2a: Heracross
|-damage|p2a: Heracross|73/100
|
|-weather|Sandstorm|[upkeep]
|-damage|p2a: Heracross|67/100|[from] Sandstorm
|-damage|p1a: Alomomola|26/100|[from] Sandstorm
|upkeep
|turn|4
|
|t:|1760878309
|switch|p1a: Skarmory|Skarmory, M|100/100
|move|p2a: Heracross|Bullet Seed|p1a: Skarmory
|-resisted|p1a: Skarmory
|-damage|p1a: Skarmory|99/100
|-resisted|p1a: Skarmory
|-damage|p1a: Skarmory|98/100
|-resisted|p1a: Skarmory
|-damage|p1a: Skarmory|96/100
|-resisted|p1a: Skarmory
|-damage|p1a: Skarmory|95/100
|-hitcount|p1a: Skarmory|4
|
|-weather|Sandstorm|[upkeep]
|-damage|p2a: Heracross|61/100|[from] Sandstorm
|upkeep
|turn|5
|
|t:|1760878322
|move|p2a: Heracross|Rock Blast|p1a: Skarmory
|-damage|p1a: Skarmory|90/100
|-damage|p1a: Skarmory|84/100
|-damage|p1a: Skarmory|79/100
|-damage|p1a: Skarmory|73/100
|-hitcount|p1a: Skarmory|4
|move|p1a: Skarmory|Spikes|p2a: Heracross
|-sidestart|p2: rosepample23|Spikes
|
|-weather|none
|upkeep
|turn|6
|
|t:|1760878334
|switch|p2a: Hatterene|Hatterene, F|100/100
|-damage|p2a: Hatterene|88/100|[from] Spikes
|move|p1a: Skarmory|Iron Defense|p1a: Skarmory
|-boost|p1a: Skarmory|def|2
|
|-heal|p2a: Hatterene|94/100|[from] item: Leftovers
|upkeep
|turn|7
|
|t:|1760878346
|switch|p1a: Clodsire|Clodsire, M|100/100
|move|p2a: Hatterene|Trick Room|p2a: Hatterene
|-fieldstart|move: Trick Room|[of] p2a: Hatterene
|
|-heal|p2a: Hatterene|99/100|[from] item: Leftovers
|upkeep
|turn|8
|
|t:|1760878370
|move|p1a: Clodsire|Earthquake|p2a: Hatterene
|-damage|p2a: Hatterene|67/100
|move|p2a: Hatterene|Calm Mind|p2a: Hatterene
|-boost|p2a: Hatterene|spa|1
|-boost|p2a: Hatterene|spd|1
|
|-heal|p2a: Hatterene|73/100|[from] item: Leftovers
|upkeep
|turn|9
|
|t:|1760878383
|move|p1a: Clodsire|Amnesia|p1a: Clodsire
|-boost|p1a: Clodsire|spd|2
|move|p2a: Hatterene|Draining Kiss|p1a: Clodsire
|-resisted|p1a: Clodsire
|-damage|p1a: Clodsire|97/100
|-heal|p2a: Hatterene|77/100|[from] drain|[of] p1a: Clodsire
|
|-heal|p2a: Hatterene|83/100|[from] item: Leftovers
|upkeep
|turn|10
|
|t:|1760878392
|move|p1a: Clodsire|Earthquake|p2a: Hatterene
|-crit|p2a: Hatterene
|-damage|p2a: Hatterene|38/100
|move|p2a: Hatterene|Mystical Fire|p1a: Clodsire
|-damage|p1a: Clodsire|88/100
|-unboost|p1a: Clodsire|spa|1
|
|-heal|p2a: Hatterene|44/100|[from] item: Leftovers
|upkeep
|turn|11
|
|t:|1760878415
|move|p1a: Clodsire|Earthquake|p2a: Hatterene
|-damage|p2a: Hatterene|14/100
|move|p2a: Hatterene|Draining Kiss|p1a: Clodsire
|-resisted|p1a: Clodsire
|-damage|p1a: Clodsire|83/100
|-heal|p2a: Hatterene|19/100|[from] drain|[of] p1a: Clodsire
|
|-heal|p2a: Hatterene|25/100|[from] item: Leftovers
|-fieldend|move: Trick Room
|upkeep
|turn|12
|
|t:|1760878432
|switch|p2a: Great Tusk|Great Tusk|100/100
|-damage|p2a: Great Tusk|88/100|[from] Spikes
|-enditem|p2a: Great Tusk|Booster Energy
|-activate|p2a: Great Tusk|ability: Protosynthesis|[fromitem]
|-start|p2a: Great Tusk|protosynthesisatk
|move|p1a: Clodsire|Earthquake|p2a: Great Tusk
|-damage|p2a: Great Tusk|68/100
|
|upkeep
|turn|13
|
|t:|1760878446
|switch|p1a: Alomomola|Alomomola, M, shiny|60/100
|move|p2a: Great Tusk|Rapid Spin|p1a: Alomomola
|-damage|p1a: Alomomola|44/100
|-boost|p2a: Great Tusk|spe|1
|-sideend|p2: rosepample23|Spikes|[from] move: Rapid Spin|[of] p2a: Great Tusk
|
|upkeep
|turn|14
|
|t:|1760878454
|move|p2a: Great Tusk|Earthquake|p1a: Alomomola
|-damage|p1a: Alomomola|0 fnt
|faint|p1a: Alomomola
|
|upkeep
|
|t:|1760878460
|switch|p1a: Clefable|Clefable, M|100/100
|turn|15
|
|t:|1760878464
|move|p2a: Great Tusk|Earthquake|p1a: Clefable
|-damage|p1a: Clefable|45/100
|move|p1a: Clefable|Moonblast|p2a: Great Tusk
|-supereffective|p2a: Great Tusk
|-damage|p2a: Great Tusk|0 fnt
|faint|p2a: Great Tusk
|-end|p2a: Great Tusk|Protosynthesis|[silent]
|
|upkeep
|
|t:|1760878477
|switch|p2a: Heracross|Heracross, F, shiny|61/100
|turn|16
|
|t:|1760878492
|move|p2a: Heracross|Rock Blast|p1a: Clefable
|-damage|p1a: Clefable|39/100
|-damage|p1a: Clefable|32/100
|-damage|p1a: Clefable|25/100
|-damage|p1a: Clefable|19/100
|-hitcount|p1a: Clefable|4
|move|p1a: Clefable|Knock Off|p2a: Heracross
|-resisted|p2a: Heracross
|-damage|p2a: Heracross|51/100
|-enditem|p2a: Heracross|Loaded Dice|[from] move: Knock Off|[of] p1a: Clefable
|
|upkeep
|turn|17
|
|t:|1760878502
|switch|p1a: Skarmory|Skarmory, M|73/100
|move|p2a: Heracross|Pin Missile|p1a: Skarmory|[miss]
|-miss|p2a: Heracross|p1a: Skarmory
|
|upkeep
|turn|18
|
|t:|1760878510
|switch|p2a: Rhydon|Rhydon, M|100/100
|move|p1a: Skarmory|Roost|p1a: Skarmory
|-heal|p1a: Skarmory|100/100
|-singleturn|p1a: Skarmory|move: Roost
|
|upkeep
|turn|19
|
|t:|1760878519
|move|p1a: Skarmory|Spikes|p2a: Rhydon
|-sidestart|p2: rosepample23|Spikes
|move|p2a: Rhydon|Swords Dance|p2a: Rhydon
|-boost|p2a: Rhydon|atk|2
|
|upkeep
|turn|20
|
|t:|1760878530
|move|p1a: Skarmory|Iron Defense|p1a: Skarmory
|-boost|p1a: Skarmory|def|2
|move|p2a: Rhydon|Fire Punch|p1a: Skarmory
|-supereffective|p1a: Skarmory
|-damage|p1a: Skarmory|65/100
|
|upkeep
|turn|21
|
|t:|1760878538
|move|p1a: Skarmory|Body Press|p2a: Rhydon
|-supereffective|p2a: Rhydon
|-damage|p2a: Rhydon|47/100
|move|p2a: Rhydon|Swords Dance|p2a: Rhydon
|-boost|p2a: Rhydon|atk|2
|
|upkeep
|turn|22
|
|t:|1760878545
|-terastallize|p2a: Rhydon|Flying
|move|p1a: Skarmory|Roost|p1a: Skarmory
|-heal|p1a: Skarmory|100/100
|-singleturn|p1a: Skarmory|move: Roost
|move|p2a: Rhydon|Fire Punch|p1a: Skarmory
|-supereffective|p1a: Skarmory
|-damage|p1a: Skarmory|45/100
|
|upkeep
|turn|23
|
|t:|1760878566
|move|p1a: Skarmory|Roost|p1a: Skarmory
|-heal|p1a: Skarmory|95/100
|-singleturn|p1a: Skarmory|move: Roost
|move|p2a: Rhydon|Fire Punch|p1a: Skarmory
|-supereffective|p1a: Skarmory
|-damage|p1a: Skarmory|45/100
|
|upkeep
|turn|24
|
|t:|1760878576
|move|p1a: Skarmory|Body Press|p2a: Rhydon
|-resisted|p2a: Rhydon
|-damage|p2a: Rhydon|33/100
|move|p2a: Rhydon|Swords Dance|p2a: Rhydon
|-boost|p2a: Rhydon|atk|2
|
|upkeep
|turn|25
|inactive|p23dish has 120 seconds left.
|
|t:|1760878619
|move|p1a: Skarmory|Body Press|p2a: Rhydon
|-resisted|p2a: Rhydon
|-damage|p2a: Rhydon|20/100
|move|p2a: Rhydon|Fire Punch|p1a: Skarmory
|-supereffective|p1a: Skarmory
|-damage|p1a: Skarmory|0 fnt
|faint|p1a: Skarmory
|
|upkeep
|
|t:|1760878626
|switch|p1a: Hydrapple|Hydrapple, M|100/100
|turn|26
|
|t:|1760878633
|move|p1a: Hydrapple|Fickle Beam|p2a: Rhydon
|-damage|p2a: Rhydon|0 fnt
|faint|p2a: Rhydon
|
|upkeep
|
|t:|1760878644
|switch|p2a: Heracross|Heracross, F, shiny|51/100
|-damage|p2a: Heracross|38/100|[from] Spikes
|turn|27
|inactive|p23dish has 120 seconds left.
|
|t:|1760878662
|switch|p1a: Clodsire|Clodsire, M|83/100
|move|p2a: Heracross|Pin Missile|p1a: Clodsire
|-resisted|p1a: Clodsire
|-damage|p1a: Clodsire|77/100
|-resisted|p1a: Clodsire
|-damage|p1a: Clodsire|71/100
|-resisted|p1a: Clodsire
|-damage|p1a: Clodsire|64/100
|-hitcount|p1a: Clodsire|3
|
|upkeep
|turn|28
|
|t:|1760878678
|move|p2a: Heracross|Bullet Seed|p1a: Clodsire
|-damage|p1a: Clodsire|56/100
|-damage|p1a: Clodsire|48/100
|-hitcount|p1a: Clodsire|2
|move|p1a: Clodsire|Earthquake|p2a: Heracross
|-resisted|p2a: Heracross
|-damage|p2a: Heracross|20/100
|
|upkeep
|turn|29
|
|t:|1760878702
|move|p2a: Heracross|Pin Missile|p1a: Clodsire
|-resisted|p1a: Clodsire
|-damage|p1a: Clodsire|43/100
|-resisted|p1a: Clodsire
|-damage|p1a: Clodsire|36/100
|-hitcount|p1a: Clodsire|2
|move|p1a: Clodsire|Recover|p1a: Clodsire
|-heal|p1a: Clodsire|86/100
|
|upkeep
|turn|30
|inactive|rosepample23 has 120 seconds left.
|
|t:|1760878718
|move|p2a: Heracross|Trailblaze|p1a: Clodsire
|-damage|p1a: Clodsire|69/100
|-boost|p2a: Heracross|spe|1
|move|p1a: Clodsire|Earthquake|p2a: Heracross
|-resisted|p2a: Heracross
|-damage|p2a: Heracross|0 fnt
|faint|p2a: Heracross
|
|upkeep
|inactive|rosepample23 has 120 seconds left.
|
|t:|1760878728
|switch|p2a: Regidrago|Regidrago|100/100
|-damage|p2a: Regidrago|88/100|[from] Spikes
|turn|31
|
|t:|1760878739
|move|p2a: Regidrago|Earth Power|p1a: Clodsire
|-supereffective|p1a: Clodsire
|-damage|p1a: Clodsire|36/100
|move|p1a: Clodsire|Toxic|p2a: Regidrago
|-status|p2a: Regidrago|tox
|
|-damage|p2a: Regidrago|82/100 tox|[from] psn
|upkeep
|turn|32
|l|☆rosepample23
|inactive|rosepample23 disconnected and has a minute to reconnect!
|player|p2|
|inactive|rosepample23 has 30 seconds to reconnect!
|inactive|rosepample23 has 20 seconds to reconnect!
|inactive|rosepample23 has 15 seconds to reconnect!
|inactive|rosepample23 has 10 seconds to reconnect!
|inactive|rosepample23 has 5 seconds to reconnect!
|-message|rosepample23 lost due to inactivity.
|
|win|p23dish
|raw|p23dish's rating: 1188 &rarr; <strong>1211</strong><br />(+23 for winning)
|raw|rosepample23's rating: 1162 &rarr; <strong>1139</strong><br />(-23 for losing)
|l|☆p23dish
|player|p1|
