|j|☆01NoRu
|j|‽aria4games
|t:|1760866209
|gametype|singles
|player|p1|01NoRu|102|1291
|player|p2|aria4games|janine|1358
|gen|9
|tier|[Gen 9] OU
|rated|
|rule|HP Percentage Mod: HP is shown in percentages
|rule|Endless Battle Clause: Forcing endless battles is banned
|rule|Species Clause: Limit one of each Pokémon
|rule|OHKO Clause: OHKO moves are banned
|rule|Evasion Items Clause: Evasion items are banned
|rule|Evasion Moves Clause: Evasion moves are banned
|rule|Evasion Abilities Clause: Evasion abilities are banned
|rule|Sleep Moves Clause: Sleep-inducing moves are banned
|clearpoke
|poke|p1|Darkrai|
|poke|p1|Garchomp, M|
|poke|p1|Great Tusk|
|poke|p1|Moltres|
|poke|p1|Ogerpon-Wellspring, F|
|poke|p1|Pecharunt|
|poke|p2|Cinderace, M|
|poke|p2|Darkrai|
|poke|p2|Reuniclus, M|
|poke|p2|Kyurem|
|poke|p2|Keldeo-Resolute|
|poke|p2|Raging Bolt|
|teampreview
|inactive|Battle timer is ON: inactive players will automatically lose when time's up. (requested by 01NoRu)
|
|t:|1760866219
|teamsize|p1|6
|teamsize|p2|6
|start
|switch|p1a: Garchomp|Garchomp, M|100/100
|switch|p2a: Cinderace|Cinderace, M|100/100
|turn|1
|
|t:|1760866225
|move|p2a: Cinderace|U-turn|p1a: Garchomp
|-start|p2a: Cinderace|typechange|Bug|[from] ability: Libero
|-damage|p1a: Garchomp|77/100
|-damage|p2a: Cinderace|88/100|[from] ability: Rough Skin|[of] p1a: Garchomp
|-damage|p2a: Cinderace|72/100|[from] item: Rocky Helmet|[of] p1a: Garchomp
|
|t:|1760866232
|switch|p2a: Reuniclus|Reuniclus, M|100/100|[from] U-turn
|move|p1a: Garchomp|Stealth Rock|p2a: Reuniclus
|-sidestart|p2: aria4games|move: Stealth Rock
|
|upkeep
|turn|2
|
|t:|1760866237
|move|p1a: Garchomp|Spikes|p2a: Reuniclus
|-sidestart|p2: aria4games|Spikes
|move|p2a: Reuniclus|Future Sight|p1a: Garchomp
|-start|p2a: Reuniclus|move: Future Sight
|
|upkeep
|turn|3
|
|t:|1760866240
|move|p1a: Garchomp|Spikes|p2a: Reuniclus
|-sidestart|p2: aria4games|Spikes
|move|p2a: Reuniclus|Knock Off|p1a: Garchomp
|-damage|p1a: Garchomp|69/100
|-activate|p1a: Garchomp|ability: Rough Skin
|-enditem|p1a: Garchomp|Rocky Helmet|[from] move: Knock Off|[of] p2a: Reuniclus
|
|upkeep
|turn|4
|
|t:|1760866250
|move|p2a: Reuniclus|Thunder Wave|p1a: Garchomp
|-immune|p1a: Garchomp
|move|p1a: Garchomp|Dragon Tail|p2a: Reuniclus
|-damage|p2a: Reuniclus|83/100
|-damage|p1a: Garchomp|53/100|[from] item: Rocky Helmet|[of] p2a: Reuniclus
|drag|p2a: Keldeo|Keldeo-Resolute|100/100
|-damage|p2a: Keldeo|94/100|[from] Stealth Rock
|-damage|p2a: Keldeo|78/100|[from] Spikes
|
|-end|p1a: Garchomp|move: Future Sight
|-damage|p1a: Garchomp|9/100
|upkeep
|turn|5
|
|t:|1760866262
|move|p2a: Keldeo|Flip Turn|p1a: Garchomp
|-damage|p1a: Garchomp|0 fnt
|-damage|p2a: Keldeo|66/100|[from] ability: Rough Skin|[of] p1a: Garchomp
|faint|p1a: Garchomp
|
|t:|1760866270
|switch|p2a: Cinderace|Cinderace, M|72/100|[from] Flip Turn
|
|upkeep
|
|t:|1760866286
|switch|p1a: Ogerpon|Ogerpon-Wellspring, F|100/100
|turn|6
|
|t:|1760866299
|move|p2a: Cinderace|Court Change|p2a: Cinderace
|-start|p2a: Cinderace|typechange|Normal|[from] ability: Libero
|-swapsideconditions
|-activate|p2a: Cinderace|move: Court Change
|move|p1a: Ogerpon|Knock Off|p2a: Cinderace
|-damage|p2a: Cinderace|14/100
|-enditem|p2a: Cinderace|Heavy-Duty Boots|[from] move: Knock Off|[of] p1a: Ogerpon
|
|upkeep
|turn|7
|
|t:|1760866308
|move|p2a: Cinderace|U-turn|p1a: Ogerpon
|-supereffective|p1a: Ogerpon
|-damage|p1a: Ogerpon|44/100
|
|t:|1760866319
|switch|p2a: Reuniclus|Reuniclus, M|83/100|[from] U-turn
|move|p1a: Ogerpon|Knock Off|p2a: Reuniclus
|-supereffective|p2a: Reuniclus
|-damage|p2a: Reuniclus|25/100
|-damage|p1a: Ogerpon|27/100|[from] item: Rocky Helmet|[of] p2a: Reuniclus
|-enditem|p2a: Reuniclus|Rocky Helmet|[from] move: Knock Off|[of] p1a: Ogerpon
|
|upkeep
|turn|8
|
|t:|1760866327
|move|p1a: Ogerpon|Knock Off|p2a: Reuniclus
|-supereffective|p2a: Reuniclus
|-damage|p2a: Reuniclus|0 fnt
|faint|p2a: Reuniclus
|
|upkeep
|
|t:|1760866330
|switch|p2a: Darkrai|Darkrai, shiny|100/100
|turn|9
|
|t:|1760866339
|-terastallize|p1a: Ogerpon|Water
|detailschange|p1a: Ogerpon|Ogerpon-Wellspring-Tera, F, tera:Water
|-ability|p1a: Ogerpon|Embody Aspect (Wellspring)|boost
|-boost|p1a: Ogerpon|spd|1
|move|p2a: Darkrai|Ice Beam|p1a: Ogerpon
|-resisted|p1a: Ogerpon
|-damage|p1a: Ogerpon|10/100
|move|p1a: Ogerpon|Ivy Cudgel|p2a: Darkrai|[anim] Ivy Cudgel Water
|-damage|p2a: Darkrai|0 fnt
|faint|p2a: Darkrai
|
|upkeep
|
|t:|1760866348
|switch|p2a: Keldeo|Keldeo-Resolute|66/100
|turn|10
|
|t:|1760866355
|move|p2a: Keldeo|Surf|p1a: Ogerpon
|-resisted|p1a: Ogerpon
|-damage|p1a: Ogerpon|0 fnt
|faint|p1a: Ogerpon
|detailschange|p1: Ogerpon|Ogerpon-Wellspring, F|[silent]
|
|upkeep
|
|t:|1760866361
|switch|p1a: Darkrai|Darkrai|100/100
|-damage|p1a: Darkrai|88/100|[from] Stealth Rock
|-damage|p1a: Darkrai|72/100|[from] Spikes
|turn|11
|
|t:|1760866373
|move|p2a: Keldeo|Surf|p1a: Darkrai
|-damage|p1a: Darkrai|12/100
|move|p1a: Darkrai|Sludge Bomb|p2a: Keldeo
|-damage|p2a: Keldeo|36/100
|-status|p2a: Keldeo|psn
|
|-heal|p1a: Darkrai|18/100|[from] item: Leftovers
|-damage|p2a: Keldeo|24/100 psn|[from] psn
|upkeep
|turn|12
|
|t:|1760866383
|move|p2a: Keldeo|Surf|p1a: Darkrai
|-damage|p1a: Darkrai|0 fnt
|faint|p1a: Darkrai
|
|-damage|p2a: Keldeo|11/100 psn|[from] psn
|upkeep
|
|t:|1760866389
|switch|p1a: Pecharunt|Pecharunt|100/100
|turn|13
|
|t:|1760866398
|move|p2a: Keldeo|Surf|p1a: Pecharunt
|-damage|p1a: Pecharunt|48/100
|move|p1a: Pecharunt|Hex|p2a: Keldeo
|-damage|p2a: Keldeo|0 fnt
|faint|p2a: Keldeo
|
|upkeep
|
|t:|1760866413
|switch|p2a: Kyurem|Kyurem|100/100
|-ability|p2a: Kyurem|Pressure
|turn|14
|
|t:|1760866421
|move|p2a: Kyurem|Earth Power|p1a: Pecharunt
|-supereffective|p1a: Pecharunt
|-damage|p1a: Pecharunt|0 fnt
|faint|p1a: Pecharunt
|
|upkeep
|
|t:|1760866425
|switch|p1a: Moltres|Moltres|100/100
|turn|15
|
|t:|1760866433
|switch|p2a: Cinderace|Cinderace, M|14/100
|move|p1a: Moltres|Flamethrower|p2a: Cinderace
|-resisted|p2a: Cinderace
|-damage|p2a: Cinderace|0 fnt
|faint|p2a: Cinderace
|
|upkeep
|
|t:|1760866435
|switch|p2a: Raging Bolt|Raging Bolt|100/100
|-enditem|p2a: Raging Bolt|Booster Energy
|-activate|p2a: Raging Bolt|ability: Protosynthesis|[fromitem]
|-start|p2a: Raging Bolt|protosynthesisspa
|turn|16
|
|t:|1760866444
|move|p2a: Raging Bolt|Calm Mind|p2a: Raging Bolt
|-boost|p2a: Raging Bolt|spa|1
|-boost|p2a: Raging Bolt|spd|1
|move|p1a: Moltres|Flamethrower|p2a: Raging Bolt
|-resisted|p2a: Raging Bolt
|-damage|p2a: Raging Bolt|88/100
|
|upkeep
|turn|17
|
|t:|1760866454
|move|p2a: Raging Bolt|Thunderbolt|p1a: Moltres
|-supereffective|p1a: Moltres
|-damage|p1a: Moltres|0 fnt
|faint|p1a: Moltres
|
|upkeep
|
|t:|1760866456
|switch|p1a: Great Tusk|Great Tusk|100/100
|-damage|p1a: Great Tusk|98/100|[from] Stealth Rock
|-damage|p1a: Great Tusk|81/100|[from] Spikes
|turn|18
|
|t:|1760866462
|-terastallize|p2a: Raging Bolt|Bug
|move|p1a: Great Tusk|Rapid Spin|p2a: Raging Bolt
|-damage|p2a: Raging Bolt|73/100
|-boost|p1a: Great Tusk|spe|1
|-sideend|p1: 01NoRu|Spikes|[from] move: Rapid Spin|[of] p1a: Great Tusk
|-sideend|p1: 01NoRu|Stealth Rock|[from] move: Rapid Spin|[of] p1a: Great Tusk
|move|p2a: Raging Bolt|Dragon Pulse|p1a: Great Tusk
|-damage|p1a: Great Tusk|0 fnt
|faint|p1a: Great Tusk
|-end|p1a: Great Tusk|Protosynthesis|[silent]
|
|win|aria4games
|raw|01NoRu's rating: 1291 &rarr; <strong>1271</strong><br />(-20 for losing)
|raw|aria4games's rating: 1358 &rarr; <strong>1374</strong><br />(+16 for winning)
|l|☆01NoRu
|player|p1|
|l|‽aria4games
|player|p2|
