|j|☆dia90
|j|☆karakel
|t:|1760823584
|gametype|singles
|player|p1|dia90|265|1534
|player|p2|karakel|cowgirl|1533
|gen|9
|tier|[Gen 9] OU
|rated|
|rule|HP Percentage Mod: HP is shown in percentages
|rule|Endless Battle Clause: Forcing endless battles is banned
|rule|Species Clause: Limit one of each Pokémon
|rule|OHKO Clause: OHKO moves are banned
|rule|Evasion Items Clause: Evasion items are banned
|rule|Evasion Moves Clause: Evasion moves are banned
|rule|Evasion Abilities Clause: Evasion abilities are banned
|rule|Sleep Moves Clause: Sleep-inducing moves are banned
|clearpoke
|poke|p1|Samurott-Hisui, F|
|poke|p1|Rillaboom, F|
|poke|p1|Gholdengo|
|poke|p1|Emboar, F|
|poke|p1|Dondozo, F|
|poke|p1|Iron Treads|
|poke|p2|Lilligant-Hisui, F|
|poke|p2|Ninetales, M|
|poke|p2|Great Tusk|
|poke|p2|Walking Wake|
|poke|p2|Cresselia, F|
|poke|p2|Cinderace, F|
|teampreview
|j| strayrooster27
|
|t:|1760823601
|teamsize|p1|6
|teamsize|p2|6
|start
|switch|p1a: Rillaboom|Rillaboom, F|100/100
|switch|p2a: Ninetales|Ninetales, M|100/100
|-weather|SunnyDay|[from] ability: Drought|[of] p2a: Ninetales
|-fieldstart|move: Grassy Terrain|[from] ability: Grassy Surge|[of] p1a: Rillaboom
|turn|1
|inactive|Battle timer is ON: inactive players will automatically lose when time's up. (requested by karakel)
|inactive|dia90 also wants the timer to be on.
|l| strayrooster27
|
|t:|1760823628
|move|p2a: Ninetales|Overheat|p1a: Rillaboom
|-supereffective|p1a: Rillaboom
|-damage|p1a: Rillaboom|0 fnt
|-unboost|p2a: Ninetales|spa|2
|faint|p1a: Rillaboom
|
|-weather|SunnyDay|[upkeep]
|upkeep
|
|t:|1760823634
|switch|p1a: Emboar|Emboar, F|100/100
|turn|2
|
|t:|1760823637
|switch|p2a: Walking Wake|Walking Wake|100/100
|-activate|p2a: Walking Wake|ability: Protosynthesis
|-start|p2a: Walking Wake|protosynthesisspa
|move|p1a: Emboar|Bulk Up|p1a: Emboar
|-boost|p1a: Emboar|atk|1
|-boost|p1a: Emboar|def|1
|
|-weather|SunnyDay|[upkeep]
|upkeep
|turn|3
|
|t:|1760823647
|-terastallize|p1a: Emboar|Dark
|move|p1a: Emboar|Sucker Punch|p2a: Walking Wake
|-damage|p2a: Walking Wake|15/100
|-damage|p1a: Emboar|91/100|[from] item: Life Orb
|move|p2a: Walking Wake|Hydro Steam|p1a: Emboar
|-damage|p1a: Emboar|0 fnt
|faint|p1a: Emboar
|
|-weather|SunnyDay|[upkeep]
|-heal|p2a: Walking Wake|21/100|[from] Grassy Terrain
|upkeep
|
|t:|1760823658
|switch|p1a: Dondozo|Dondozo, F|100/100
|turn|4
|
|t:|1760823662
|-end|p2a: Walking Wake|Protosynthesis|[silent]
|switch|p2a: Lilligant|Lilligant-Hisui, F|100/100
|move|p1a: Dondozo|Curse|p1a: Dondozo
|-unboost|p1a: Dondozo|spe|1
|-boost|p1a: Dondozo|atk|1
|-boost|p1a: Dondozo|def|1
|
|-weather|SunnyDay|[upkeep]
|upkeep
|turn|5
|
|t:|1760823669
|switch|p2a: Ninetales|Ninetales, M|100/100
|move|p1a: Dondozo|Curse|p1a: Dondozo
|-unboost|p1a: Dondozo|spe|1
|-boost|p1a: Dondozo|atk|1
|-boost|p1a: Dondozo|def|1
|
|-weather|SunnyDay|[upkeep]
|upkeep
|turn|6
|
|t:|1760823677
|switch|p1a: Samurott|Samurott-Hisui, F|100/100
|move|p2a: Ninetales|Encore||[still]
|-fail|p2a: Ninetales
|
|-weather|SunnyDay|[upkeep]
|upkeep
|turn|7
|
|t:|1760823684
|switch|p2a: Great Tusk|Great Tusk|100/100
|-activate|p2a: Great Tusk|ability: Protosynthesis
|-start|p2a: Great Tusk|protosynthesisspe
|move|p1a: Samurott|Ceaseless Edge|p2a: Great Tusk
|-resisted|p2a: Great Tusk
|-damage|p2a: Great Tusk|77/100
|-sidestart|p2: karakel|Spikes
|
|-weather|SunnyDay|[upkeep]
|-heal|p2a: Great Tusk|83/100|[from] Grassy Terrain
|upkeep
|turn|8
|
|t:|1760823693
|move|p2a: Great Tusk|Close Combat|p1a: Samurott
|-supereffective|p1a: Samurott
|-damage|p1a: Samurott|0 fnt
|-unboost|p2a: Great Tusk|def|1
|-unboost|p2a: Great Tusk|spd|1
|faint|p1a: Samurott
|-enditem|p2a: Great Tusk|Eject Pack
|
|t:|1760823700
|-end|p2a: Great Tusk|Protosynthesis|[silent]
|switch|p2a: Cinderace|Cinderace, F|100/100
|-damage|p2a: Cinderace|88/100|[from] Spikes
|
|-weather|none
|-heal|p2a: Cinderace|94/100|[from] Grassy Terrain
|-fieldend|move: Grassy Terrain
|upkeep
|
|t:|1760823707
|switch|p1a: Dondozo|Dondozo, F|100/100
|turn|9
|
|t:|1760823713
|move|p2a: Cinderace|U-turn|p1a: Dondozo
|-start|p2a: Cinderace|typechange|Bug|[from] ability: Libero
|-damage|p1a: Dondozo|79/100
|
|t:|1760823716
|switch|p2a: Ninetales|Ninetales, M|100/100|[from] U-turn
|-damage|p2a: Ninetales|88/100|[from] Spikes
|-weather|SunnyDay|[from] ability: Drought|[of] p2a: Ninetales
|move|p1a: Dondozo|Body Press|p2a: Ninetales
|-damage|p2a: Ninetales|64/100
|
|-weather|SunnyDay|[upkeep]
|-heal|p1a: Dondozo|85/100|[from] item: Leftovers
|upkeep
|turn|10
|
|t:|1760823727
|switch|p2a: Cresselia|Cresselia, F|100/100
|move|p1a: Dondozo|Wave Crash|p2a: Cresselia
|-damage|p2a: Cresselia|87/100
|-damage|p1a: Dondozo|81/100|[from] Recoil
|-enditem|p2a: Cresselia|Eject Button
|
|t:|1760823732
|switch|p2a: Walking Wake|Walking Wake|21/100
|-damage|p2a: Walking Wake|9/100|[from] Spikes
|-activate|p2a: Walking Wake|ability: Protosynthesis
|-start|p2a: Walking Wake|protosynthesisspa
|
|-weather|SunnyDay|[upkeep]
|-heal|p1a: Dondozo|87/100|[from] item: Leftovers
|upkeep
|turn|11
|
|t:|1760823744
|-end|p2a: Walking Wake|Protosynthesis|[silent]
|switch|p2a: Cresselia|Cresselia, F|87/100
|move|p1a: Dondozo|Body Press|p2a: Cresselia
|-resisted|p2a: Cresselia
|-damage|p2a: Cresselia|81/100
|
|-weather|SunnyDay|[upkeep]
|-heal|p1a: Dondozo|94/100|[from] item: Leftovers
|upkeep
|turn|12
|
|t:|1760823761
|switch|p1a: Gholdengo|Gholdengo|100/100
|move|p2a: Cresselia|Thunder Wave|p1a: Gholdengo
|-immune|p1a: Gholdengo|[from] ability: Good as Gold
|
|-weather|SunnyDay|[upkeep]
|upkeep
|turn|13
|
|t:|1760823768
|move|p1a: Gholdengo|Thunder Wave|p2a: Cresselia
|-status|p2a: Cresselia|par
|move|p2a: Cresselia|Lunar Dance|p2a: Cresselia
|faint|p2a: Cresselia
|
|-weather|SunnyDay|[upkeep]
|upkeep
|
|t:|1760823774
|switch|p2a: Walking Wake|Walking Wake|9/100
|-heal|p2a: Walking Wake|100/100|[from] move: Lunar Dance
|-damage|p2a: Walking Wake|88/100|[from] Spikes
|-activate|p2a: Walking Wake|ability: Protosynthesis
|-start|p2a: Walking Wake|protosynthesisspa
|turn|14
|
|t:|1760823782
|switch|p1a: Iron Treads|Iron Treads|100/100
|-terastallize|p2a: Walking Wake|Water
|move|p2a: Walking Wake|Hydro Steam|p1a: Iron Treads
|-supereffective|p1a: Iron Treads
|-damage|p1a: Iron Treads|0 fnt
|faint|p1a: Iron Treads
|-end|p1a: Iron Treads|Quark Drive|[silent]
|
|-weather|SunnyDay|[upkeep]
|upkeep
|
|t:|1760823791
|switch|p1a: Dondozo|Dondozo, F|94/100
|turn|15
|
|t:|1760823796
|move|p2a: Walking Wake|Hydro Steam|p1a: Dondozo
|-resisted|p1a: Dondozo
|-damage|p1a: Dondozo|35/100
|move|p1a: Dondozo|Body Press|p2a: Walking Wake
|-damage|p2a: Walking Wake|67/100
|
|-weather|SunnyDay|[upkeep]
|-heal|p1a: Dondozo|41/100|[from] item: Leftovers
|upkeep
|turn|16
|
|t:|1760823804
|move|p2a: Walking Wake|Hydro Steam|p1a: Dondozo
|-resisted|p1a: Dondozo
|-damage|p1a: Dondozo|0 fnt
|faint|p1a: Dondozo
|
|-weather|none
|-end|p2a: Walking Wake|Protosynthesis
|upkeep
|c|☆karakel|gg
|
|t:|1760823810
|switch|p1a: Gholdengo|Gholdengo|100/100
|turn|17
|
|t:|1760823812
|move|p2a: Walking Wake|Hydro Steam|p1a: Gholdengo
|-damage|p1a: Gholdengo|8/100
|move|p1a: Gholdengo|Thunder Wave|p2a: Walking Wake
|-status|p2a: Walking Wake|par
|
|-heal|p1a: Gholdengo|15/100|[from] item: Leftovers
|upkeep
|turn|18
|
|t:|1760823820
|move|p1a: Gholdengo|Hex|p2a: Walking Wake
|-damage|p2a: Walking Wake|0 fnt
|faint|p2a: Walking Wake
|-end|p2a: Walking Wake|Protosynthesis|[silent]
|
|-heal|p1a: Gholdengo|21/100|[from] item: Leftovers
|upkeep
|
|t:|1760823824
|switch|p2a: Ninetales|Ninetales, M|64/100
|-damage|p2a: Ninetales|51/100|[from] Spikes
|-weather|SunnyDay|[from] ability: Drought|[of] p2a: Ninetales
|turn|19
|
|t:|1760823829
|move|p2a: Ninetales|Scorching Sands|p1a: Gholdengo
|-supereffective|p1a: Gholdengo
|-damage|p1a: Gholdengo|0 fnt
|faint|p1a: Gholdengo
|
|win|karakel
|raw|dia90's rating: 1534 &rarr; <strong>1514</strong><br />(-20 for losing)
|raw|karakel's rating: 1533 &rarr; <strong>1553</strong><br />(+20 for winning)
|l|☆dia90
|player|p1|
|l|☆karakel
|player|p2|
