|j|☆kerbonaut11
|j|☆King12345676
|t:|1760873071
|gametype|singles
|player|p1|kerbonaut11|ninjaboy|1326
|player|p2|King12345676|rocketgrunt|1262
|gen|9
|tier|[Gen 9] OU
|rated|
|rule|HP Percentage Mod: HP is shown in percentages
|rule|Endless Battle Clause: Forcing endless battles is banned
|rule|Species Clause: Limit one of each Pokémon
|rule|OHKO Clause: OHKO moves are banned
|rule|Evasion Items Clause: Evasion items are banned
|rule|Evasion Moves Clause: Evasion moves are banned
|rule|Evasion Abilities Clause: Evasion abilities are banned
|rule|Sleep Moves Clause: Sleep-inducing moves are banned
|clearpoke
|poke|p1|Rillaboom, M|
|poke|p1|Hatterene, F|
|poke|p1|Gliscor, F|
|poke|p1|Clefable, F|
|poke|p1|Scizor, M|
|poke|p1|Zapdos|
|poke|p2|Scream Tail|
|poke|p2|Raging Bolt|
|poke|p2|Heatran, F|
|poke|p2|Great Tusk|
|poke|p2|Scizor, M|
|poke|p2|Ogerpon-Wellspring, F|
|teampreview
|inactive|Battle timer is ON: inactive players will automatically lose when time's up. (requested by kerbonaut11)
|
|t:|1760873084
|teamsize|p1|6
|teamsize|p2|6
|start
|switch|p1a: Zapdos|Zapdos|100/100
|switch|p2a: Ogerpon|Ogerpon-Wellspring, F|100/100
|turn|1
|
|t:|1760873095
|switch|p2a: Scream Tail|Scream Tail|100/100
|move|p1a: Zapdos|Volt Switch|p2a: Scream Tail
|-crit|p2a: Scream Tail
|-damage|p2a: Scream Tail|71/100
|
|t:|1760873105
|switch|p1a: Scizor|Scizor, M|100/100|[from] Volt Switch
|
|upkeep
|turn|2
|
|t:|1760873110
|move|p2a: Scream Tail|Protect|p2a: Scream Tail
|-singleturn|p2a: Scream Tail|Protect
|move|p1a: Scizor|Knock Off|p2a: Scream Tail
|-activate|p2a: Scream Tail|move: Protect
|
|upkeep
|turn|3
|
|t:|1760873126
|-end|p2a: Scream Tail|Protosynthesis|[silent]
|switch|p2a: Ogerpon|Ogerpon-Wellspring, F|100/100
|move|p1a: Scizor|Knock Off|p2a: Ogerpon
|-damage|p2a: Ogerpon|50/100
|
|upkeep
|turn|4
|inactive|kerbonaut11 has 120 seconds left.
|
|t:|1760873164
|move|p2a: Ogerpon|Ivy Cudgel|p1a: Scizor|[anim] Ivy Cudgel Water
|-crit|p1a: Scizor
|-damage|p1a: Scizor|18/100
|move|p1a: Scizor|Knock Off|p2a: Ogerpon
|-damage|p2a: Ogerpon|0 fnt
|faint|p2a: Ogerpon
|
|upkeep
|
|t:|1760873180
|switch|p2a: Raging Bolt|Raging Bolt|100/100
|-enditem|p2a: Raging Bolt|Booster Energy
|-activate|p2a: Raging Bolt|ability: Protosynthesis|[fromitem]
|-start|p2a: Raging Bolt|protosynthesisspa
|turn|5
|inactive|kerbonaut11 has 120 seconds left.
|
|t:|1760873196
|move|p2a: Raging Bolt|Calm Mind|p2a: Raging Bolt
|-boost|p2a: Raging Bolt|spa|1
|-boost|p2a: Raging Bolt|spd|1
|move|p1a: Scizor|Knock Off|p2a: Raging Bolt
|-damage|p2a: Raging Bolt|72/100
|
|upkeep
|turn|6
|inactive|kerbonaut11 has 120 seconds left.
|
|t:|1760873221
|switch|p1a: Clefable|Clefable, F|100/100
|move|p2a: Raging Bolt|Thunderbolt|p1a: Clefable
|-damage|p1a: Clefable|3/100
|-status|p1a: Clefable|par
|
|-heal|p1a: Clefable|9/100 par|[from] item: Leftovers
|upkeep
|turn|7
|
|t:|1760873229
|move|p2a: Raging Bolt|Thunderbolt|p1a: Clefable
|-damage|p1a: Clefable|0 fnt
|faint|p1a: Clefable
|
|upkeep
|inactive|kerbonaut11 has 90 seconds left.
|
|t:|1760873257
|switch|p1a: Scizor|Scizor, M|18/100
|turn|8
|
|t:|1760873260
|move|p1a: Scizor|Bullet Punch|p2a: Raging Bolt
|-resisted|p2a: Raging Bolt
|-damage|p2a: Raging Bolt|50/100
|move|p2a: Raging Bolt|Thunderbolt|p1a: Scizor
|-damage|p1a: Scizor|0 fnt
|faint|p1a: Scizor
|
|upkeep
|inactive|kerbonaut11 has 90 seconds left.
|
|t:|1760873271
|switch|p1a: Gliscor|Gliscor, F|100/100
|turn|9
|
|t:|1760873277
|move|p1a: Gliscor|Earthquake|p2a: Raging Bolt
|-supereffective|p2a: Raging Bolt
|-damage|p2a: Raging Bolt|0 fnt
|faint|p2a: Raging Bolt
|-end|p2a: Raging Bolt|Protosynthesis|[silent]
|
|-status|p1a: Gliscor|tox|[from] item: Toxic Orb
|upkeep
|
|t:|1760873285
|switch|p2a: Great Tusk|Great Tusk|100/100
|turn|10
|
|t:|1760873300
|switch|p1a: Rillaboom|Rillaboom, M|100/100
|-fieldstart|move: Grassy Terrain|[from] ability: Grassy Surge|[of] p1a: Rillaboom
|move|p2a: Great Tusk|Ice Spinner|p1a: Rillaboom
|-supereffective|p1a: Rillaboom
|-damage|p1a: Rillaboom|48/100
|-fieldend|move: Grassy Terrain
|
|upkeep
|turn|11
|
|t:|1760873321
|-terastallize|p1a: Rillaboom|Dark
|move|p2a: Great Tusk|Ice Spinner|p1a: Rillaboom
|-damage|p1a: Rillaboom|22/100
|move|p1a: Rillaboom|Wood Hammer|p2a: Great Tusk
|-supereffective|p2a: Great Tusk
|-damage|p2a: Great Tusk|0 fnt
|faint|p2a: Great Tusk
|-end|p2a: Great Tusk|Protosynthesis|[silent]
|-damage|p1a: Rillaboom|0 fnt|[from] Recoil
|faint|p1a: Rillaboom
|
|upkeep
|inactive|kerbonaut11 has 90 seconds left.
|
|t:|1760873333
|switch|p2a: Heatran|Heatran, F|100/100
|switch|p1a: Zapdos|Zapdos|100/100
|turn|12
|
|t:|1760873339
|move|p1a: Zapdos|Discharge|p2a: Heatran
|-damage|p2a: Heatran|62/100
|move|p2a: Heatran|Stealth Rock|p1a: Zapdos
|-sidestart|p1: kerbonaut11|move: Stealth Rock
|
|-heal|p2a: Heatran|68/100|[from] item: Leftovers
|upkeep
|turn|13
|
|t:|1760873346
|move|p1a: Zapdos|Discharge|p2a: Heatran
|-damage|p2a: Heatran|30/100
|-status|p2a: Heatran|par
|cant|p2a: Heatran|par
|
|-heal|p2a: Heatran|36/100 par|[from] item: Leftovers
|upkeep
|turn|14
|
|t:|1760873356
|move|p1a: Zapdos|Discharge|p2a: Heatran
|-damage|p2a: Heatran|0 fnt
|faint|p2a: Heatran
|
|upkeep
|
|t:|1760873363
|switch|p2a: Scizor|Scizor, M|100/100
|turn|15
|
|t:|1760873366
|move|p1a: Zapdos|Heat Wave|p2a: Scizor
|-supereffective|p2a: Scizor
|-damage|p2a: Scizor|0 fnt
|faint|p2a: Scizor
|
|upkeep
|
|t:|1760873369
|switch|p2a: Scream Tail|Scream Tail|71/100
|turn|16
|
|t:|1760873375
|move|p1a: Zapdos|Discharge|p2a: Scream Tail
|-damage|p2a: Scream Tail|50/100
|move|p2a: Scream Tail|Wish|p2a: Scream Tail
|
|upkeep
|turn|17
|
|t:|1760873380
|move|p1a: Zapdos|Volt Switch|p2a: Scream Tail
|-damage|p2a: Scream Tail|33/100
|
|t:|1760873389
|switch|p1a: Gliscor|Gliscor, F|100/100 tox|[from] Volt Switch
|-damage|p1a: Gliscor|88/100 tox|[from] Stealth Rock
|move|p2a: Scream Tail|Psychic Noise|p1a: Gliscor
|-damage|p1a: Gliscor|67/100 tox
|-start|p1a: Gliscor|move: Heal Block
|
|-heal|p2a: Scream Tail|83/100|[from] move: Wish|[wisher] Scream Tail
|upkeep
|turn|18
|
|t:|1760873401
|move|p2a: Scream Tail|Protect|p2a: Scream Tail
|-singleturn|p2a: Scream Tail|Protect
|move|p1a: Gliscor|Facade|p2a: Scream Tail
|-activate|p2a: Scream Tail|move: Protect
|
|-end|p1a: Gliscor|move: Heal Block
|upkeep
|turn|19
|
|t:|1760873414
|move|p1a: Gliscor|Swords Dance|p1a: Gliscor
|-boost|p1a: Gliscor|atk|2
|move|p2a: Scream Tail|Wish|p2a: Scream Tail
|
|-heal|p1a: Gliscor|79/100 tox|[from] ability: Poison Heal
|upkeep
|turn|20
|
|t:|1760873418
|move|p1a: Gliscor|Facade|p2a: Scream Tail
|-damage|p2a: Scream Tail|35/100
|move|p2a: Scream Tail|Psychic Noise|p1a: Gliscor
|-damage|p1a: Gliscor|58/100 tox
|-start|p1a: Gliscor|move: Heal Block
|
|-heal|p2a: Scream Tail|85/100|[from] move: Wish|[wisher] Scream Tail
|upkeep
|turn|21
|
|t:|1760873426
|move|p1a: Gliscor|Swords Dance|p1a: Gliscor
|-boost|p1a: Gliscor|atk|2
|move|p2a: Scream Tail|Psychic Noise|p1a: Gliscor
|-damage|p1a: Gliscor|37/100 tox
|
|-end|p1a: Gliscor|move: Heal Block
|upkeep
|turn|22
|
|t:|1760873447
|move|p1a: Gliscor|Earthquake|p2a: Scream Tail
|-damage|p2a: Scream Tail|11/100
|move|p2a: Scream Tail|Psychic Noise|p1a: Gliscor
|-damage|p1a: Gliscor|13/100 tox
|-start|p1a: Gliscor|move: Heal Block
|
|upkeep
|turn|23
|
|t:|1760873452
|move|p1a: Gliscor|Earthquake|p2a: Scream Tail
|-damage|p2a: Scream Tail|0 fnt
|faint|p2a: Scream Tail
|-end|p2a: Scream Tail|Protosynthesis|[silent]
|
|win|kerbonaut11
|raw|kerbonaut11's rating: 1326 &rarr; <strong>1342</strong><br />(+16 for winning)
|raw|King12345676's rating: 1262 &rarr; <strong>1242</strong><br />(-20 for losing)
|l|☆kerbonaut11
|player|p1|
|l|☆King12345676
|player|p2|
