|j|☆vghhjg
|j|☆Joao V9898
|t:|1760810370
|gametype|singles
|player|p1|vghhjg|1|1689
|player|p2|Joao V9898|n|1670
|gen|9
|tier|[Gen 9] OU
|rated|
|rule|HP Percentage Mod: HP is shown in percentages
|rule|Endless Battle Clause: Forcing endless battles is banned
|rule|Species Clause: Limit one of each Pokémon
|rule|OHKO Clause: OHKO moves are banned
|rule|Evasion Items Clause: Evasion items are banned
|rule|Evasion Moves Clause: Evasion moves are banned
|rule|Evasion Abilities Clause: Evasion abilities are banned
|rule|Sleep Moves Clause: Sleep-inducing moves are banned
|clearpoke
|poke|p1|Ribombee, M|
|poke|p1|Gholdengo|
|poke|p1|Dragonite, F|
|poke|p1|Great Tusk|
|poke|p1|Kingambit, F|
|poke|p1|Dragapult, M|
|poke|p2|Torkoal, M|
|poke|p2|Hatterene, F|
|poke|p2|Walking Wake|
|poke|p2|Comfey, M|
|poke|p2|Great Tusk|
|poke|p2|Kingambit, M|
|teampreview
|inactive|Battle timer is ON: inactive players will automatically lose when time's up. (requested by Joao V9898)
|
|t:|1760810380
|teamsize|p1|6
|teamsize|p2|6
|start
|switch|p1a: Ribombee|Ribombee, M|100/100
|switch|p2a: Torkoal|Torkoal, M|100/100
|-weather|SunnyDay|[from] ability: Drought|[of] p2a: Torkoal
|turn|1
|
|t:|1760810386
|move|p1a: Ribombee|Stun Spore|p2a: Torkoal
|-status|p2a: Torkoal|par
|cant|p2a: Torkoal|par
|
|-weather|SunnyDay|[upkeep]
|upkeep
|turn|2
|
|t:|1760810390
|move|p1a: Ribombee|Sticky Web|p2a: Torkoal
|-sidestart|p2: Joao V9898|move: Sticky Web
|move|p2a: Torkoal|Stealth Rock|p1a: Ribombee
|-sidestart|p1: vghhjg|move: Stealth Rock
|
|-weather|SunnyDay|[upkeep]
|upkeep
|turn|3
|
|t:|1760810396
|switch|p1a: Dragapult|Dragapult, M|100/100
|-damage|p1a: Dragapult|88/100|[from] Stealth Rock
|move|p2a: Torkoal|Rapid Spin|p1a: Dragapult
|-immune|p1a: Dragapult
|
|-weather|SunnyDay|[upkeep]
|upkeep
|turn|4
|
|t:|1760810401
|switch|p2a: Hatterene|Hatterene, F|100/100
|-activate|p2a: Hatterene|move: Sticky Web
|-unboost|p2a: Hatterene|spe|1
|move|p1a: Dragapult|Dragon Dance|p1a: Dragapult
|-boost|p1a: Dragapult|atk|1
|-boost|p1a: Dragapult|spe|1
|
|-weather|SunnyDay|[upkeep]
|upkeep
|turn|5
|
|t:|1760810419
|move|p1a: Dragapult|Tera Blast|p2a: Hatterene
|-damage|p2a: Hatterene|84/100
|-enditem|p2a: Hatterene|Eject Button
|
|t:|1760810436
|switch|p2a: Mahoraga|Kingambit, M, shiny|100/100
|-activate|p2a: Mahoraga|move: Sticky Web
|-unboost|p2a: Mahoraga|spe|1
|
|-weather|SunnyDay|[upkeep]
|upkeep
|turn|6
|
|t:|1760810445
|switch|p1a: Ribombee|Ribombee, M|100/100
|-damage|p1a: Ribombee|75/100|[from] Stealth Rock
|-end|p2a: Mahoraga|fallenundefined|[silent]
|switch|p2a: Comfey|Comfey, M|100/100
|-activate|p2a: Comfey|move: Sticky Web
|-unboost|p2a: Comfey|spe|1
|
|-weather|SunnyDay|[upkeep]
|upkeep
|turn|7
|
|t:|1760810451
|move|p1a: Ribombee|Stun Spore|p2a: Comfey
|-status|p2a: Comfey|par
|move|p2a: Comfey|Growth|p2a: Comfey
|-boost|p2a: Comfey|atk|2
|-boost|p2a: Comfey|spa|2
|
|-weather|SunnyDay|[upkeep]
|upkeep
|turn|8
|
|t:|1760810456
|move|p1a: Ribombee|Skill Swap|p2a: Comfey
|-activate|p1a: Ribombee|move: Skill Swap|Triage|Shield Dust|[of] p2a: Comfey
|move|p2a: Comfey|Growth|p2a: Comfey
|-boost|p2a: Comfey|atk|2
|-boost|p2a: Comfey|spa|2
|
|-weather|none
|upkeep
|turn|9
|j| lord shiddenfards
|
|t:|1760810462
|move|p1a: Ribombee|Psychic Noise|p2a: Comfey
|-damage|p2a: Comfey|85/100 par
|move|p2a: Comfey|Draining Kiss|p1a: Ribombee
|-damage|p1a: Ribombee|0 fnt
|-heal|p2a: Comfey|100/100 par|[from] drain|[of] p1a: Ribombee
|faint|p1a: Ribombee
|-damage|p2a: Comfey|91/100 par|[from] item: Life Orb
|
|upkeep
|inactive|vghhjg has 120 seconds left.
|
|t:|1760810508
|switch|p1a: Dragonite|Dragonite, F|100/100
|-damage|p1a: Dragonite|75/100|[from] Stealth Rock
|turn|10
|
|t:|1760810511
|-terastallize|p1a: Dragonite|Flying
|move|p1a: Dragonite|Tera Blast|p2a: Comfey|[anim] Tera Blast Flying
|-damage|p2a: Comfey|14/100 par
|move|p2a: Comfey|Draining Kiss|p1a: Dragonite
|-damage|p1a: Dragonite|2/100
|-heal|p2a: Comfey|80/100 par|[from] drain|[of] p1a: Dragonite
|-damage|p2a: Comfey|70/100 par|[from] item: Life Orb
|
|-heal|p1a: Dragonite|9/100|[from] item: Leftovers
|upkeep
|turn|11
|inactive|vghhjg has 120 seconds left.
|
|t:|1760810530
|switch|p2a: Hatterene|Hatterene, F|84/100
|-activate|p2a: Hatterene|move: Sticky Web
|-unboost|p2a: Hatterene|spe|1
|move|p1a: Dragonite|Tera Blast|p2a: Hatterene|[anim] Tera Blast Flying
|-damage|p2a: Hatterene|34/100
|
|-heal|p1a: Dragonite|15/100|[from] item: Leftovers
|upkeep
|turn|12
|inactive|vghhjg has 120 seconds left.
|
|t:|1760810539
|move|p1a: Dragonite|Tera Blast|p2a: Hatterene|[anim] Tera Blast Flying
|-damage|p2a: Hatterene|0 fnt
|faint|p2a: Hatterene
|
|-heal|p1a: Dragonite|21/100|[from] item: Leftovers
|upkeep
|
|t:|1760810543
|switch|p2a: Comfey|Comfey, M|70/100 par
|-activate|p2a: Comfey|move: Sticky Web
|-unboost|p2a: Comfey|spe|1
|turn|13
|j| Capitaine Tenace
|inactive|vghhjg has 120 seconds left.
|
|t:|1760810560
|switch|p1a: Kingambit|Kingambit, F|100/100
|-damage|p1a: Kingambit|94/100|[from] Stealth Rock
|-activate|p1a: Kingambit|ability: Supreme Overlord
|-start|p1a: Kingambit|fallen1|[silent]
|move|p2a: Comfey|Draining Kiss|p1a: Kingambit
|-damage|p1a: Kingambit|65/100
|-heal|p2a: Comfey|95/100 par|[from] drain|[of] p1a: Kingambit
|-damage|p2a: Comfey|85/100 par|[from] item: Life Orb
|
|-heal|p1a: Kingambit|71/100|[from] item: Leftovers
|upkeep
|turn|14
|
|t:|1760810565
|switch|p2a: Torkoal|Torkoal, M|100/100 par
|-activate|p2a: Torkoal|move: Sticky Web
|-unboost|p2a: Torkoal|spe|1
|-weather|SunnyDay|[from] ability: Drought|[of] p2a: Torkoal
|move|p1a: Kingambit|Kowtow Cleave|p2a: Torkoal
|-damage|p2a: Torkoal|59/100 par
|
|-weather|SunnyDay|[upkeep]
|-heal|p1a: Kingambit|78/100|[from] item: Leftovers
|upkeep
|turn|15
|
|t:|1760810570
|-end|p1a: Kingambit|fallen1|[silent]
|switch|p1a: Dragapult|Dragapult, M|88/100
|-damage|p1a: Dragapult|76/100|[from] Stealth Rock
|move|p2a: Torkoal|Rapid Spin|p1a: Dragapult
|-immune|p1a: Dragapult
|
|-weather|SunnyDay|[upkeep]
|upkeep
|turn|16
|
|t:|1760810589
|switch|p2a: Mahoraga|Kingambit, M, shiny|100/100
|-activate|p2a: Mahoraga|move: Sticky Web
|-unboost|p2a: Mahoraga|spe|1
|-activate|p2a: Mahoraga|ability: Supreme Overlord
|-start|p2a: Mahoraga|fallen1|[silent]
|move|p1a: Dragapult|Reflect|p1a: Dragapult
|-sidestart|p1: vghhjg|Reflect
|
|-weather|SunnyDay|[upkeep]
|upkeep
|turn|17
|
|t:|1760810604
|switch|p1a: Great Tusk|Great Tusk|100/100
|-activate|p1a: Great Tusk|ability: Protosynthesis
|-start|p1a: Great Tusk|protosynthesisatk
|-end|p2a: Mahoraga|fallen1|[silent]
|switch|p2a: Comfey|Comfey, M|85/100 par
|-activate|p2a: Comfey|move: Sticky Web
|-unboost|p2a: Comfey|spe|1
|
|-weather|SunnyDay|[upkeep]
|upkeep
|turn|18
|
|t:|1760810623
|move|p1a: Great Tusk|Stealth Rock|p2a: Comfey
|-sidestart|p2: Joao V9898|move: Stealth Rock
|cant|p2a: Comfey|par
|
|-weather|SunnyDay|[upkeep]
|upkeep
|turn|19
|
|t:|1760810637
|-end|p1a: Great Tusk|Protosynthesis|[silent]
|switch|p1a: Kingambit|Kingambit, F|78/100
|-damage|p1a: Kingambit|71/100|[from] Stealth Rock
|-activate|p1a: Kingambit|ability: Supreme Overlord
|-start|p1a: Kingambit|fallen1|[silent]
|move|p2a: Comfey|Growth|p2a: Comfey
|-boost|p2a: Comfey|atk|2
|-boost|p2a: Comfey|spa|2
|
|-weather|SunnyDay|[upkeep]
|-heal|p1a: Kingambit|78/100|[from] item: Leftovers
|upkeep
|turn|20
|
|t:|1760810645
|-terastallize|p2a: Comfey|Steel
|move|p2a: Comfey|Draining Kiss|p1a: Kingambit
|-damage|p1a: Kingambit|20/100
|-heal|p2a: Comfey|100/100 par|[from] drain|[of] p1a: Kingambit
|-damage|p2a: Comfey|91/100 par|[from] item: Life Orb
|move|p1a: Kingambit|Kowtow Cleave|p2a: Comfey
|-damage|p2a: Comfey|22/100 par
|
|-weather|SunnyDay|[upkeep]
|-heal|p1a: Kingambit|26/100|[from] item: Leftovers
|-sideend|p1: vghhjg|Reflect
|upkeep
|turn|21
|
|t:|1760810659
|move|p2a: Comfey|Draining Kiss|p1a: Kingambit
|-damage|p1a: Kingambit|0 fnt
|-heal|p2a: Comfey|43/100 par|[from] drain|[of] p1a: Kingambit
|faint|p1a: Kingambit
|-end|p1a: Kingambit|fallen1|[silent]
|-damage|p2a: Comfey|34/100 par|[from] item: Life Orb
|
|-weather|none
|upkeep
|
|t:|1760810662
|switch|p1a: Gholdengo|Gholdengo|100/100
|-damage|p1a: Gholdengo|94/100|[from] Stealth Rock
|-item|p1a: Gholdengo|Air Balloon
|turn|22
|
|t:|1760810669
|switch|p2a: Torkoal|Torkoal, M|59/100 par
|-activate|p2a: Torkoal|move: Sticky Web
|-unboost|p2a: Torkoal|spe|1
|-damage|p2a: Torkoal|34/100 par|[from] Stealth Rock
|-weather|SunnyDay|[from] ability: Drought|[of] p2a: Torkoal
|move|p1a: Gholdengo|Shadow Ball|p2a: Torkoal
|-damage|p2a: Torkoal|0 fnt
|faint|p2a: Torkoal
|
|-weather|SunnyDay|[upkeep]
|upkeep
|
|t:|1760810674
|switch|p2a: Mahoraga|Kingambit, M, shiny|100/100
|-activate|p2a: Mahoraga|move: Sticky Web
|-unboost|p2a: Mahoraga|spe|1
|-damage|p2a: Mahoraga|94/100|[from] Stealth Rock
|-activate|p2a: Mahoraga|ability: Supreme Overlord
|-start|p2a: Mahoraga|fallen2|[silent]
|turn|23
|
|t:|1760810683
|switch|p1a: Great Tusk|Great Tusk|100/100
|-activate|p1a: Great Tusk|ability: Protosynthesis
|-start|p1a: Great Tusk|protosynthesisatk
|-end|p2a: Mahoraga|fallen2|[silent]
|switch|p2a: Walking Wake|Walking Wake|100/100
|-activate|p2a: Walking Wake|move: Sticky Web
|-unboost|p2a: Walking Wake|spe|1
|-damage|p2a: Walking Wake|88/100|[from] Stealth Rock
|-activate|p2a: Walking Wake|ability: Protosynthesis
|-start|p2a: Walking Wake|protosynthesisspa
|
|-weather|SunnyDay|[upkeep]
|upkeep
|turn|24
|
|t:|1760810710
|-end|p1a: Great Tusk|Protosynthesis|[silent]
|switch|p1a: Dragonite|Dragonite, F, tera:Flying|21/100
|-damage|p1a: Dragonite|0 fnt|[from] Stealth Rock
|faint|p1a: Dragonite
|move|p2a: Walking Wake|Hydro Steam|p1: Dragonite|[notarget]
|-fail|p2a: Walking Wake
|
|-weather|SunnyDay|[upkeep]
|upkeep
|
|t:|1760810713
|switch|p1a: Dragapult|Dragapult, M|76/100
|-damage|p1a: Dragapult|64/100|[from] Stealth Rock
|turn|25
|
|t:|1760810715
|move|p1a: Dragapult|Dragon Darts|p2a: Walking Wake
|-supereffective|p2a: Walking Wake
|-damage|p2a: Walking Wake|31/100
|-anim|p1a: Dragapult|Dragon Darts|p2a: Walking Wake
|-supereffective|p2a: Walking Wake
|-damage|p2a: Walking Wake|0 fnt
|faint|p2a: Walking Wake
|-end|p2a: Walking Wake|Protosynthesis|[silent]
|
|-weather|SunnyDay|[upkeep]
|upkeep
|
|t:|1760810722
|switch|p2a: Comfey|Comfey, M, tera:Steel|34/100 par
|-activate|p2a: Comfey|move: Sticky Web
|-unboost|p2a: Comfey|spe|1
|-damage|p2a: Comfey|27/100 par|[from] Stealth Rock
|turn|26
|
|t:|1760810728
|cant|p2a: Comfey|par
|move|p1a: Dragapult|Dragon Darts|p2a: Comfey
|-resisted|p2a: Comfey
|-damage|p2a: Comfey|11/100 par
|-anim|p1a: Dragapult|Dragon Darts|p2a: Comfey
|-resisted|p2a: Comfey
|-damage|p2a: Comfey|0 fnt
|faint|p2a: Comfey
|
|-weather|SunnyDay|[upkeep]
|upkeep
|c|☆Joao V9898|Robbed
|
|t:|1760810735
|switch|p2a: Great Tusk|Great Tusk|100/100
|-activate|p2a: Great Tusk|move: Sticky Web
|-unboost|p2a: Great Tusk|spe|1
|-damage|p2a: Great Tusk|98/100|[from] Stealth Rock
|-activate|p2a: Great Tusk|ability: Protosynthesis
|-start|p2a: Great Tusk|protosynthesisatk
|-enditem|p2a: Great Tusk|Eject Pack
|c|☆vghhjg|how
|
|t:|1760810738
|-end|p2a: Great Tusk|Protosynthesis|[silent]
|switch|p2a: Mahoraga|Kingambit, M, shiny|94/100
|-activate|p2a: Mahoraga|move: Sticky Web
|-unboost|p2a: Mahoraga|spe|1
|-damage|p2a: Mahoraga|88/100|[from] Stealth Rock
|-activate|p2a: Mahoraga|ability: Supreme Overlord
|-start|p2a: Mahoraga|fallen4|[silent]
|turn|27
|c|☆vghhjg|if you are never paralized i am the one robbed
|
|t:|1760810765
|switch|p1a: Great Tusk|Great Tusk|100/100
|-activate|p1a: Great Tusk|ability: Protosynthesis
|-start|p1a: Great Tusk|protosynthesisatk
|move|p2a: Mahoraga|Swords Dance|p2a: Mahoraga
|-boost|p2a: Mahoraga|atk|2
|
|-weather|SunnyDay|[upkeep]
|upkeep
|turn|28
|
|t:|1760810771
|move|p1a: Great Tusk|Headlong Rush|p2a: Mahoraga
|-supereffective|p2a: Mahoraga
|-damage|p2a: Mahoraga|0 fnt
|-unboost|p1a: Great Tusk|def|1
|-unboost|p1a: Great Tusk|spd|1
|faint|p2a: Mahoraga
|-end|p2a: Mahoraga|fallen4|[silent]
|
|-weather|SunnyDay|[upkeep]
|upkeep
|-message|Joao V9898 forfeited.
|
|win|vghhjg
|raw|vghhjg's rating: 1689 &rarr; <strong>1708</strong><br />(+19 for winning)
|raw|Joao V9898's rating: 1670 &rarr; <strong>1651</strong><br />(-19 for losing)
|l|☆Joao V9898
|player|p2|
|l|☆vghhjg
|player|p1|
|l| lord shiddenfards
