|j|☆Shwarmalama
|j|☆raymi28
|t:|1760718900
|gametype|singles
|player|p1|Shwarmalama|waitress-gen4|1305
|player|p2|raymi28|266|1282
|gen|9
|tier|[Gen 9] OU
|rated|
|rule|HP Percentage Mod: HP is shown in percentages
|rule|Endless Battle Clause: Forcing endless battles is banned
|rule|Species Clause: Limit one of each Pokémon
|rule|OHKO Clause: OHKO moves are banned
|rule|Evasion Items Clause: Evasion items are banned
|rule|Evasion Moves Clause: Evasion moves are banned
|rule|Evasion Abilities Clause: Evasion abilities are banned
|rule|Sleep Moves Clause: Sleep-inducing moves are banned
|clearpoke
|poke|p1|Kyurem|
|poke|p1|Rotom-Wash|
|poke|p1|Primarina, M|
|poke|p1|Sableye, F|
|poke|p1|Slowking-Galar, F|
|poke|p1|Slither Wing|
|poke|p2|Scizor, F|
|poke|p2|Landorus-Therian, M|
|poke|p2|Raging Bolt|
|poke|p2|Cinderace, F|
|poke|p2|Meowscarada, F|
|poke|p2|Samurott-Hisui, F|
|teampreview
|
|t:|1760718919
|teamsize|p1|6
|teamsize|p2|6
|start
|switch|p1a: Slither Wing|Slither Wing|100/100
|switch|p2a: Samurott|Samurott-Hisui, F|100/100
|turn|1
|
|t:|1760718929
|move|p2a: Samurott|Flip Turn|p1a: Slither Wing
|-damage|p1a: Slither Wing|79/100
|-damage|p2a: Samurott|84/100|[from] item: Rocky Helmet|[of] p1a: Slither Wing
|
|t:|1760718934
|switch|p2a: Landorus|Landorus-Therian, M|100/100|[from] Flip Turn
|-ability|p2a: Landorus|Intimidate|boost
|-unboost|p1a: Slither Wing|atk|1
|move|p1a: Slither Wing|U-turn|p2a: Landorus
|-resisted|p2a: Landorus
|-crit|p2a: Landorus
|-damage|p2a: Landorus|78/100
|-damage|p1a: Slither Wing|62/100|[from] item: Rocky Helmet|[of] p2a: Landorus
|inactive|Battle timer is ON: inactive players will automatically lose when time's up. (requested by raymi28)
|
|t:|1760718947
|-end|p1a: Slither Wing|Protosynthesis|[silent]
|switch|p1a: Mariah Kyurey|Kyurem|100/100|[from] U-turn
|-ability|p1a: Mariah Kyurey|Pressure
|
|upkeep
|turn|2
|inactive|raymi28 has 120 seconds left.
|
|t:|1760718989
|switch|p2a: Cinderace|Cinderace, F|100/100
|move|p1a: Mariah Kyurey|Freeze-Dry|p2a: Cinderace
|-resisted|p2a: Cinderace
|-damage|p2a: Cinderace|78/100
|
|upkeep
|turn|3
|
|t:|1760719004
|switch|p1a: Primarina|Primarina, M|100/100
|move|p2a: Cinderace|Low Kick|p1a: Primarina
|-start|p2a: Cinderace|typechange|Fighting|[from] ability: Libero
|-resisted|p1a: Primarina
|-damage|p1a: Primarina|79/100
|
|upkeep
|turn|4
|inactive|raymi28 has 120 seconds left.
|
|t:|1760719020
|switch|p2a: Landorus|Landorus-Therian, M|78/100
|-ability|p2a: Landorus|Intimidate|boost
|-unboost|p1a: Primarina|atk|1
|move|p1a: Primarina|Surf|p2a: Landorus
|-supereffective|p2a: Landorus
|-damage|p2a: Landorus|0 fnt
|faint|p2a: Landorus
|
|upkeep
|
|t:|1760719026
|switch|p2a: Great Neck|Raging Bolt|100/100
|turn|5
|
|t:|1760719045
|-terastallize|p1a: Primarina|Ghost
|move|p2a: Great Neck|Volt Switch|p1a: Primarina
|-damage|p1a: Primarina|38/100
|inactive|raymi28 has 120 seconds left.
|inactive|raymi28 has 90 seconds left.
|
|t:|1760719096
|-end|p2a: Great Neck|Protosynthesis|[silent]
|switch|p2a: Samurott|Samurott-Hisui, F|84/100|[from] Volt Switch
|move|p1a: Primarina|Moonblast|p2a: Samurott
|-supereffective|p2a: Samurott
|-damage|p2a: Samurott|0 fnt
|faint|p2a: Samurott
|
|upkeep
|
|t:|1760719103
|switch|p2a: Meowscarada|Meowscarada, F|100/100
|turn|6
|inactive|Shwarmalama has 120 seconds left.
|inactive|Shwarmalama has 90 seconds left.
|inactive|Shwarmalama has 60 seconds left.
|
|t:|1760719205
|switch|p1a: Slither Wing|Slither Wing|62/100
|move|p2a: Meowscarada|Knock Off|p1a: Slither Wing
|-start|p2a: Meowscarada|typechange|Dark|[from] ability: Protean
|-resisted|p1a: Slither Wing
|-damage|p1a: Slither Wing|45/100
|-damage|p2a: Meowscarada|84/100|[from] item: Rocky Helmet|[of] p1a: Slither Wing
|-enditem|p1a: Slither Wing|Rocky Helmet|[from] move: Knock Off|[of] p2a: Meowscarada
|
|upkeep
|turn|7
|
|t:|1760719212
|switch|p2a: Cinderace|Cinderace, F|78/100
|move|p1a: Slither Wing|First Impression|p2a: Cinderace
|-resisted|p2a: Cinderace
|-damage|p2a: Cinderace|47/100
|
|upkeep
|turn|8
|inactive|Shwarmalama has 60 seconds left.
|inactive|raymi28 has 90 seconds left.
|inactive|Shwarmalama has 30 seconds left.
|inactive|Shwarmalama has 20 seconds left.
|
|t:|1760719259
|-end|p1a: Slither Wing|Protosynthesis|[silent]
|switch|p1a: Rotom|Rotom-Wash|100/100
|move|p2a: Cinderace|Pyro Ball|p1a: Rotom
|-resisted|p1a: Rotom
|-damage|p1a: Rotom|78/100
|
|-heal|p1a: Rotom|84/100|[from] item: Leftovers
|upkeep
|turn|9
|inactive|Shwarmalama has 30 seconds left this turn.
|inactive|raymi28 has 90 seconds left.
|
|t:|1760719273
|move|p2a: Cinderace|U-turn|p1a: Rotom
|-start|p2a: Cinderace|typechange|Bug|[from] ability: Libero
|-crit|p1a: Rotom
|-damage|p1a: Rotom|46/100
|
|t:|1760719278
|switch|p2a: Great Neck|Raging Bolt|100/100|[from] U-turn
|move|p1a: Rotom|Will-O-Wisp|p2a: Great Neck
|-status|p2a: Great Neck|brn
|
|-heal|p1a: Rotom|52/100|[from] item: Leftovers
|-damage|p2a: Great Neck|94/100 brn|[from] brn
|upkeep
|turn|10
|inactive|Shwarmalama has 30 seconds left.
|inactive|Shwarmalama has 20 seconds left.
|
|t:|1760719299
|switch|p1a: Slowking|Slowking-Galar, F|100/100
|move|p2a: Great Neck|Discharge|p1a: Slowking
|-damage|p1a: Slowking|62/100
|
|-damage|p2a: Great Neck|88/100 brn|[from] brn
|upkeep
|turn|11
|inactive|Shwarmalama has 30 seconds left this turn.
|
|t:|1760719306
|move|p2a: Great Neck|Discharge|p1a: Slowking
|-damage|p1a: Slowking|25/100
|-status|p1a: Slowking|par
|-prepare|p1a: Slowking|Chilly Reception|[premajor]
|cant|p1a: Slowking|par
|
|-damage|p2a: Great Neck|82/100 brn|[from] brn
|upkeep
|turn|12
|inactive|Shwarmalama has 30 seconds left.
|
|t:|1760719320
|move|p2a: Great Neck|Discharge|p1a: Slowking
|-damage|p1a: Slowking|0 fnt
|faint|p1a: Slowking
|
|-damage|p2a: Great Neck|76/100 brn|[from] brn
|upkeep
|inactive|Shwarmalama has 30 seconds left this turn.
|inactive|Shwarmalama has 20 seconds left.
|inactive|Shwarmalama has 15 seconds left.
|
|t:|1760719339
|switch|p1a: Mariah Kyurey|Kyurem|100/100
|-ability|p1a: Mariah Kyurey|Pressure
|turn|13
|inactive|Shwarmalama has 25 seconds left this turn.
|inactive|Shwarmalama has 20 seconds left.
|
|t:|1760719347
|move|p2a: Great Neck|Thunderclap||[still]
|-fail|p2a: Great Neck
|move|p1a: Mariah Kyurey|Substitute|p1a: Mariah Kyurey
|-start|p1a: Mariah Kyurey|Substitute
|-damage|p1a: Mariah Kyurey|76/100
|
|-damage|p2a: Great Neck|70/100 brn|[from] brn
|upkeep
|turn|14
|inactive|Shwarmalama has 30 seconds left this turn.
|
|t:|1760719352
|move|p1a: Mariah Kyurey|Freeze-Dry|p2a: Great Neck
|-supereffective|p2a: Great Neck
|-damage|p2a: Great Neck|5/100 brn
|move|p2a: Great Neck|Draco Meteor|p1a: Mariah Kyurey
|-supereffective|p1a: Mariah Kyurey
|-end|p1a: Mariah Kyurey|Substitute
|-unboost|p2a: Great Neck|spa|2
|
|-damage|p2a: Great Neck|0 fnt|[from] brn
|faint|p2a: Great Neck
|-end|p2a: Great Neck|Protosynthesis|[silent]
|upkeep
|
|t:|1760719358
|switch|p2a: Scizor|Scizor, F, shiny|100/100
|turn|15
|
|t:|1760719362
|switch|p1a: Rotom|Rotom-Wash|52/100
|-terastallize|p2a: Scizor|Steel
|move|p2a: Scizor|Bullet Punch|p1a: Rotom
|-resisted|p1a: Rotom
|-damage|p1a: Rotom|38/100
|
|-heal|p1a: Rotom|44/100|[from] item: Leftovers
|upkeep
|turn|16
|
|t:|1760719371
|switch|p2a: Meowscarada|Meowscarada, F|84/100
|move|p1a: Rotom|Will-O-Wisp|p2a: Meowscarada
|-status|p2a: Meowscarada|brn
|
|-heal|p1a: Rotom|50/100|[from] item: Leftovers
|-damage|p2a: Meowscarada|78/100 brn|[from] brn
|upkeep
|turn|17
|inactive|raymi28 has 120 seconds left.
|
|t:|1760719411
|switch|p1a: Slither Wing|Slither Wing|45/100
|move|p2a: Meowscarada|Flower Trick|p1a: Slither Wing
|-start|p2a: Meowscarada|typechange|Grass|[from] ability: Protean
|-resisted|p1a: Slither Wing
|-crit|p1a: Slither Wing
|-damage|p1a: Slither Wing|36/100
|
|-damage|p2a: Meowscarada|72/100 brn|[from] brn
|upkeep
|turn|18
|inactive|Shwarmalama has 60 seconds left.
|inactive|raymi28 has 120 seconds left.
|
|t:|1760719423
|switch|p2a: Cinderace|Cinderace, F|47/100
|move|p1a: Slither Wing|U-turn|p2a: Cinderace
|-resisted|p2a: Cinderace
|-damage|p2a: Cinderace|26/100
|inactive|Shwarmalama has 30 seconds left.
|inactive|Shwarmalama has 20 seconds left.
|inactive|Shwarmalama has 15 seconds left.
|
|t:|1760719472
|-end|p1a: Slither Wing|Protosynthesis|[silent]
|switch|p1a: Mariah Kyurey|Kyurem|76/100|[from] U-turn
|-ability|p1a: Mariah Kyurey|Pressure
|
|upkeep
|turn|19
|inactive|Shwarmalama has 25 seconds left this turn.
|inactive|Shwarmalama has 20 seconds left.
|
|t:|1760719479
|switch|p1a: Slither Wing|Slither Wing|36/100
|move|p2a: Cinderace|Pyro Ball|p1a: Slither Wing
|-supereffective|p1a: Slither Wing
|-damage|p1a: Slither Wing|0 fnt
|faint|p1a: Slither Wing
|-end|p1a: Slither Wing|Protosynthesis|[silent]
|
|upkeep
|inactive|Shwarmalama has 25 seconds left this turn.
|inactive|Shwarmalama has 20 seconds left.
|
|t:|1760719487
|switch|p1a: Sableye|Sableye, F|100/100
|turn|20
|inactive|Shwarmalama has 30 seconds left this turn.
|
|t:|1760719494
|move|p2a: Cinderace|Pyro Ball|p1a: Sableye
|-damage|p1a: Sableye|15/100
|move|p1a: Sableye|Metal Burst|p2a: Cinderace
|-damage|p2a: Cinderace|0 fnt
|faint|p2a: Cinderace
|
|upkeep
|
|t:|1760719501
|switch|p2a: Meowscarada|Meowscarada, F|72/100 brn
|turn|21
|
|t:|1760719510
|move|p2a: Meowscarada|U-turn|p1a: Sableye
|-start|p2a: Meowscarada|typechange|Bug|[from] ability: Protean
|-damage|p1a: Sableye|0 fnt
|faint|p1a: Sableye
|
|t:|1760719518
|switch|p2a: Scizor|Scizor, F, shiny, tera:Steel|100/100|[from] U-turn
|
|upkeep
|
|t:|1760719530
|switch|p1a: Rotom|Rotom-Wash|50/100
|turn|22
|inactive|Shwarmalama has 30 seconds left.
|
|t:|1760719555
|switch|p2a: Meowscarada|Meowscarada, F|72/100 brn
|move|p1a: Rotom|Hex|p2a: Meowscarada
|-resisted|p2a: Meowscarada
|-damage|p2a: Meowscarada|48/100 brn
|
|-heal|p1a: Rotom|56/100|[from] item: Leftovers
|-damage|p2a: Meowscarada|42/100 brn|[from] brn
|upkeep
|turn|23
|inactive|Shwarmalama has 30 seconds left.
|
|t:|1760719564
|switch|p1a: Mariah Kyurey|Kyurem|76/100
|-ability|p1a: Mariah Kyurey|Pressure
|move|p2a: Meowscarada|Flower Trick|p1a: Mariah Kyurey
|-start|p2a: Meowscarada|typechange|Grass|[from] ability: Protean
|-resisted|p1a: Mariah Kyurey
|-crit|p1a: Mariah Kyurey
|-damage|p1a: Mariah Kyurey|64/100
|
|-damage|p2a: Meowscarada|36/100 brn|[from] brn
|upkeep
|turn|24
|inactive|Shwarmalama has 30 seconds left.
|
|t:|1760719583
|switch|p2a: Scizor|Scizor, F, shiny, tera:Steel|100/100
|move|p1a: Mariah Kyurey|Earth Power|p2a: Scizor
|-supereffective|p2a: Scizor
|-damage|p2a: Scizor|26/100
|
|upkeep
|turn|25
|inactive|Shwarmalama has 30 seconds left.
|
|t:|1760719603
|move|p1a: Mariah Kyurey|Earth Power|p2a: Scizor
|-supereffective|p2a: Scizor
|-damage|p2a: Scizor|0 fnt
|faint|p2a: Scizor
|
|upkeep
|-message|raymi28 forfeited.
|
|win|Shwarmalama
|raw|Shwarmalama's rating: 1305 &rarr; <strong>1324</strong><br />(+19 for winning)
|raw|raymi28's rating: 1282 &rarr; <strong>1259</strong><br />(-23 for losing)
|l|☆raymi28
|player|p2|
|l|☆Shwarmalama
|player|p1|
