|j|☆shitter69
|j|☆KennytheslugSmith
|t:|1760861036
|gametype|singles
|player|p1|shitter69|rood|1098
|player|p2|KennytheslugSmith|scientist-gen4dp|1169
|gen|9
|tier|[Gen 9] OU
|rated|
|rule|HP Percentage Mod: HP is shown in percentages
|rule|Endless Battle Clause: Forcing endless battles is banned
|rule|Species Clause: Limit one of each Pokémon
|rule|OHKO Clause: OHKO moves are banned
|rule|Evasion Items Clause: Evasion items are banned
|rule|Evasion Moves Clause: Evasion moves are banned
|rule|Evasion Abilities Clause: Evasion abilities are banned
|rule|Sleep Moves Clause: Sleep-inducing moves are banned
|clearpoke
|poke|p1|Zapdos|
|poke|p1|Gengar, M|
|poke|p1|Quagsire, F|
|poke|p1|Heatran, F|
|poke|p1|Azumarill, F|
|poke|p1|Dragonite, F|
|poke|p2|Hydrapple, M|
|poke|p2|Skarmory, F|
|poke|p2|Tyranitar, M|
|poke|p2|Alomomola, M|
|poke|p2|Clodsire, F|
|poke|p2|Clefable, M|
|teampreview
|inactive|Battle timer is ON: inactive players will automatically lose when time's up. (requested by KennytheslugSmith)
|
|t:|1760861049
|teamsize|p1|6
|teamsize|p2|6
|start
|switch|p1a: Quagsire|Quagsire, F|100/100
|switch|p2a: Tyranitar|Tyranitar, M|100/100
|-weather|Sandstorm|[from] ability: Sand Stream|[of] p2a: Tyranitar
|turn|1
|
|t:|1760861060
|switch|p2a: Clefable|Clefable, M|100/100
|move|p1a: Quagsire|Toxic|p2a: Clefable
|-status|p2a: Clefable|tox
|
|-weather|Sandstorm|[upkeep]
|upkeep
|turn|2
|
|t:|1760861069
|move|p2a: Clefable|Knock Off|p1a: Quagsire
|-damage|p1a: Quagsire|91/100
|-enditem|p1a: Quagsire|Rocky Helmet|[from] move: Knock Off|[of] p2a: Clefable
|move|p1a: Quagsire|Toxic Spikes|p2a: Clefable
|-sidestart|p2: KennytheslugSmith|move: Toxic Spikes
|
|-weather|Sandstorm|[upkeep]
|upkeep
|turn|3
|
|t:|1760861081
|switch|p1a: Zapdos|Zapdos|100/100
|move|p2a: Clefable|Moonblast|p1a: Zapdos
|-damage|p1a: Zapdos|63/100
|-unboost|p1a: Zapdos|spa|1
|
|-weather|Sandstorm|[upkeep]
|-damage|p1a: Zapdos|57/100|[from] Sandstorm
|upkeep
|turn|4
|
|t:|1760861091
|move|p1a: Zapdos|Volt Switch|p2a: Clefable
|-damage|p2a: Clefable|69/100 tox
|
|t:|1760861095
|switch|p1a: Quagsire|Quagsire, F|91/100|[from] Volt Switch
|move|p2a: Clefable|Moonblast|p1a: Quagsire
|-damage|p1a: Quagsire|50/100
|
|-weather|Sandstorm|[upkeep]
|upkeep
|turn|5
|
|t:|1760861105
|move|p2a: Clefable|Wish|p2a: Clefable
|move|p1a: Quagsire|Toxic Spikes|p2a: Clefable
|-sidestart|p2: KennytheslugSmith|move: Toxic Spikes
|
|-weather|none
|upkeep
|turn|6
|
|t:|1760861113
|switch|p1a: Azumarill|Azumarill, F|100/100
|move|p2a: Clefable|Moonblast|p1a: Azumarill
|-damage|p1a: Azumarill|80/100
|-unboost|p1a: Azumarill|spa|1
|
|-heal|p2a: Clefable|100/100 tox|[from] move: Wish|[wisher] Clefable
|upkeep
|turn|7
|
|t:|1760861130
|move|p2a: Clefable|Knock Off|p1a: Azumarill
|-resisted|p1a: Azumarill
|-damage|p1a: Azumarill|72/100
|-enditem|p1a: Azumarill|Assault Vest|[from] move: Knock Off|[of] p2a: Clefable
|move|p1a: Azumarill|Liquidation|p2a: Clefable
|-damage|p2a: Clefable|56/100 tox
|
|-damage|p1a: Azumarill|60/100|[from] item: Sticky Barb
|upkeep
|turn|8
|
|t:|1760861140
|move|p2a: Clefable|Wish|p2a: Clefable
|move|p1a: Azumarill|Liquidation|p2a: Clefable
|-damage|p2a: Clefable|16/100 tox
|
|-damage|p1a: Azumarill|47/100|[from] item: Sticky Barb
|upkeep
|turn|9
|
|t:|1760861152
|move|p2a: Clefable|Protect|p2a: Clefable
|-singleturn|p2a: Clefable|Protect
|move|p1a: Azumarill|Liquidation|p2a: Clefable
|-activate|p2a: Clefable|move: Protect
|
|-heal|p2a: Clefable|66/100 tox|[from] move: Wish|[wisher] Clefable
|-damage|p1a: Azumarill|35/100|[from] item: Sticky Barb
|upkeep
|turn|10
|
|t:|1760861164
|-terastallize|p1a: Azumarill|Water
|move|p2a: Clefable|Wish|p2a: Clefable
|move|p1a: Azumarill|Liquidation|p2a: Clefable
|-damage|p2a: Clefable|13/100 tox
|-unboost|p2a: Clefable|def|1
|
|-damage|p1a: Azumarill|23/100|[from] item: Sticky Barb
|upkeep
|turn|11
|
|t:|1760861176
|switch|p1a: Dragonite|Dragonite, F|100/100
|move|p2a: Clefable|Protect||[still]
|-fail|p2a: Clefable
|
|-heal|p2a: Clefable|63/100 tox|[from] move: Wish|[wisher] Clefable
|upkeep
|turn|12
|
|t:|1760861188
|switch|p2a: Skarmory|Skarmory, F|100/100
|move|p1a: Dragonite|Extreme Speed|p2a: Skarmory
|-resisted|p2a: Skarmory
|-damage|p2a: Skarmory|89/100
|
|upkeep
|turn|13
|
|t:|1760861196
|move|p2a: Skarmory|Spikes|p1a: Dragonite
|-sidestart|p1: shitter69|Spikes
|move|p1a: Dragonite|Fire Punch|p2a: Skarmory
|-supereffective|p2a: Skarmory
|-damage|p2a: Skarmory|54/100
|
|upkeep
|turn|14
|
|t:|1760861204
|move|p2a: Skarmory|Roost|p2a: Skarmory
|-heal|p2a: Skarmory|100/100
|-singleturn|p2a: Skarmory|move: Roost
|move|p1a: Dragonite|Fire Punch|p2a: Skarmory
|-supereffective|p2a: Skarmory
|-damage|p2a: Skarmory|62/100
|
|upkeep
|turn|15
|
|t:|1760861218
|switch|p1a: Zapdos|Zapdos|57/100
|move|p2a: Skarmory|Iron Defense|p2a: Skarmory
|-boost|p2a: Skarmory|def|2
|
|upkeep
|turn|16
|
|t:|1760861227
|switch|p2a: Clodsire|Clodsire, F|100/100
|-sideend|p2: KennytheslugSmith|move: Toxic Spikes|[of] p2a: Clodsire
|move|p1a: Zapdos|Heat Wave|p2a: Clodsire
|-damage|p2a: Clodsire|74/100
|
|upkeep
|turn|17
|
|t:|1760861243
|switch|p1a: Dragonite|Dragonite, F|100/100
|move|p2a: Clodsire|Toxic|p1a: Dragonite
|-status|p1a: Dragonite|tox
|
|-damage|p1a: Dragonite|94/100 tox|[from] psn
|upkeep
|turn|18
|
|t:|1760861254
|switch|p1a: Zapdos|Zapdos|57/100
|switch|p2a: Alomomola|Alomomola, M, shiny|100/100
|
|upkeep
|turn|19
|
|t:|1760861262
|switch|p2a: Clodsire|Clodsire, F|74/100
|move|p1a: Zapdos|Hurricane|p2a: Clodsire
|-damage|p2a: Clodsire|27/100
|
|upkeep
|turn|20
|
|t:|1760861269
|switch|p2a: Tyranitar|Tyranitar, M|100/100
|-weather|Sandstorm|[from] ability: Sand Stream|[of] p2a: Tyranitar
|move|p1a: Zapdos|Hurricane|p2a: Tyranitar
|-resisted|p2a: Tyranitar
|-damage|p2a: Tyranitar|84/100
|
|-weather|Sandstorm|[upkeep]
|-damage|p1a: Zapdos|51/100|[from] Sandstorm
|upkeep
|turn|21
|
|t:|1760861285
|switch|p1a: Azumarill|Azumarill, F, tera:Water|23/100
|-damage|p1a: Azumarill|10/100|[from] Spikes
|move|p2a: Tyranitar|Stealth Rock|p1a: Azumarill
|-sidestart|p1: shitter69|move: Stealth Rock
|
|-weather|Sandstorm|[upkeep]
|-damage|p1a: Azumarill|4/100|[from] Sandstorm
|-damage|p1a: Azumarill|0 fnt|[from] item: Sticky Barb
|faint|p1a: Azumarill
|upkeep
|inactive|shitter69 has 120 seconds left.
|
|t:|1760861315
|switch|p1a: Heatran|Heatran, F|100/100
|turn|22
|inactive|shitter69 has 120 seconds left.
|
|t:|1760861322
|move|p1a: Heatran|Earth Power|p2a: Tyranitar
|-supereffective|p2a: Tyranitar
|-damage|p2a: Tyranitar|57/100
|move|p2a: Tyranitar|Knock Off|p1a: Heatran
|-damage|p1a: Heatran|63/100
|-enditem|p1a: Heatran|Heavy-Duty Boots|[from] move: Knock Off|[of] p2a: Tyranitar
|
|-weather|Sandstorm|[upkeep]
|upkeep
|turn|23
|
|t:|1760861331
|switch|p2a: Alomomola|Alomomola, M, shiny|100/100
|move|p1a: Heatran|Flash Cannon|p2a: Alomomola
|-resisted|p2a: Alomomola
|-damage|p2a: Alomomola|81/100
|
|-weather|Sandstorm|[upkeep]
|-damage|p2a: Alomomola|75/100|[from] Sandstorm
|upkeep
|turn|24
|
|t:|1760861341
|switch|p1a: Quagsire|Quagsire, F|50/100
|-damage|p1a: Quagsire|38/100|[from] Spikes
|-damage|p1a: Quagsire|32/100|[from] Stealth Rock
|move|p2a: Alomomola|Wish|p2a: Alomomola
|
|-weather|none
|upkeep
|turn|25
|
|t:|1760861351
|move|p2a: Alomomola|Flip Turn|p1a: Quagsire
|-damage|p1a: Quagsire|21/100
|
|t:|1760861356
|switch|p2a: Clodsire|Clodsire, F|27/100|[from] Flip Turn
|move|p1a: Quagsire|Recover|p1a: Quagsire
|-heal|p1a: Quagsire|71/100
|
|-heal|p2a: Clodsire|78/100|[from] move: Wish|[wisher] Alomomola
|upkeep
|turn|26
|
|t:|1760861367
|switch|p2a: Clefable|Clefable, M|63/100 tox
|move|p1a: Quagsire|Stealth Rock|p2a: Clefable
|-sidestart|p2: KennytheslugSmith|move: Stealth Rock
|
|upkeep
|turn|27
|
|t:|1760861376
|switch|p1a: Gengar|Gengar, M|100/100
|-damage|p1a: Gengar|88/100|[from] Spikes
|-damage|p1a: Gengar|76/100|[from] Stealth Rock
|move|p2a: Clefable|Wish|p2a: Clefable
|
|upkeep
|turn|28
|
|t:|1760861384
|switch|p2a: Clodsire|Clodsire, F|78/100
|move|p1a: Gengar|Trick|p2a: Clodsire
|-activate|p1a: Gengar|move: Trick|[of] p2a: Clodsire
|-item|p2a: Clodsire|Choice Scarf|[from] move: Trick
|-item|p1a: Gengar|Heavy-Duty Boots|[from] move: Trick
|
|-heal|p2a: Clodsire|100/100|[from] move: Wish|[wisher] Clefable
|upkeep
|turn|29
|
|t:|1760861395
|move|p1a: Gengar|Psychic|p2a: Clodsire
|-supereffective|p2a: Clodsire
|-damage|p2a: Clodsire|63/100
|-unboost|p2a: Clodsire|spd|1
|move|p2a: Clodsire|Earthquake|p1a: Gengar
|-supereffective|p1a: Gengar
|-damage|p1a: Gengar|0 fnt
|faint|p1a: Gengar
|
|upkeep
|
|t:|1760861409
|switch|p1a: Dragonite|Dragonite, F|94/100 tox
|-damage|p1a: Dragonite|69/100 tox|[from] Stealth Rock
|turn|30
|-message|shitter69 forfeited.
|
|win|KennytheslugSmith
|raw|shitter69's rating: 1098 &rarr; <strong>1078</strong><br />(-20 for losing)
|raw|KennytheslugSmith's rating: 1169 &rarr; <strong>1189</strong><br />(+20 for winning)
|l|☆shitter69
|player|p1|
|l|☆KennytheslugSmith
|player|p2|
