|j|☆aeryaria
|j|☆majidshadow2015
|t:|1760730422
|gametype|singles
|player|p1|aeryaria|iris-gen5bw2|1221
|player|p2|majidshadow2015|101|1215
|gen|9
|tier|[Gen 9] OU
|rated|
|rule|HP Percentage Mod: HP is shown in percentages
|rule|Endless Battle Clause: Forcing endless battles is banned
|rule|Species Clause: Limit one of each Pokémon
|rule|OHKO Clause: OHKO moves are banned
|rule|Evasion Items Clause: Evasion items are banned
|rule|Evasion Moves Clause: Evasion moves are banned
|rule|Evasion Abilities Clause: Evasion abilities are banned
|rule|Sleep Moves Clause: Sleep-inducing moves are banned
|clearpoke
|poke|p1|Dondozo, F|
|poke|p1|Blissey, F|
|poke|p1|Corviknight, M|
|poke|p1|Weezing-Galar, M|
|poke|p1|Gliscor, F|
|poke|p1|Toxapex, M|
|poke|p2|Greninja-*, M|
|poke|p2|Meowscarada, F|
|poke|p2|Landorus-Therian, M|
|poke|p2|Garganacl, M|
|poke|p2|Dragonite, M|
|poke|p2|Goodra-Hisui, M|
|teampreview
|inactive|Battle timer is ON: inactive players will automatically lose when time's up. (requested by majidshadow2015)
|
|t:|1760730427
|teamsize|p1|6
|teamsize|p2|6
|start
|switch|p1a: Blissey|Blissey, F|100/100
|switch|p2a: Goodra|Goodra-Hisui, M|100/100
|turn|1
|
|t:|1760730442
|move|p2a: Goodra|Draco Meteor|p1a: Blissey
|-damage|p1a: Blissey|80/100
|-unboost|p2a: Goodra|spa|2
|move|p1a: Blissey|Stealth Rock|p2a: Goodra
|-sidestart|p2: majidshadow2015|move: Stealth Rock
|
|-heal|p1a: Blissey|86/100|[from] item: Leftovers
|upkeep
|turn|2
|
|t:|1760730461
|switch|p2a: Garganacl|Garganacl, M|100/100
|-damage|p2a: Garganacl|88/100|[from] Stealth Rock
|move|p1a: Blissey|Seismic Toss|p2a: Garganacl
|-damage|p2a: Garganacl|63/100
|
|-heal|p1a: Blissey|92/100|[from] item: Leftovers
|-heal|p2a: Garganacl|70/100|[from] item: Leftovers
|upkeep
|turn|3
|
|t:|1760730479
|move|p1a: Blissey|Seismic Toss|p2a: Garganacl
|-damage|p2a: Garganacl|45/100
|move|p2a: Garganacl|Salt Cure|p1a: Blissey
|-damage|p1a: Blissey|77/100
|-start|p1a: Blissey|Salt Cure
|
|-heal|p1a: Blissey|84/100|[from] item: Leftovers
|-heal|p2a: Garganacl|51/100|[from] item: Leftovers
|-damage|p1a: Blissey|71/100|[from] Salt Cure
|upkeep
|turn|4
|
|t:|1760730488
|move|p1a: Blissey|Seismic Toss|p2a: Garganacl
|-damage|p2a: Garganacl|26/100
|move|p2a: Garganacl|Recover|p2a: Garganacl
|-heal|p2a: Garganacl|76/100
|
|-heal|p1a: Blissey|77/100|[from] item: Leftovers
|-heal|p2a: Garganacl|82/100|[from] item: Leftovers
|-damage|p1a: Blissey|65/100|[from] Salt Cure
|upkeep
|turn|5
|
|t:|1760730496
|move|p1a: Blissey|Seismic Toss|p2a: Garganacl
|-damage|p2a: Garganacl|58/100
|move|p2a: Garganacl|Body Press|p1a: Blissey
|-supereffective|p1a: Blissey
|-crit|p1a: Blissey
|-damage|p1a: Blissey|0 fnt
|faint|p1a: Blissey
|
|-heal|p2a: Garganacl|64/100|[from] item: Leftovers
|upkeep
|
|t:|1760730510
|switch|p1a: Weezing|Weezing-Galar, M|100/100
|-ability|p1a: Weezing|Neutralizing Gas
|turn|6
|
|t:|1760730515
|move|p1a: Weezing|Will-O-Wisp|p2a: Garganacl
|-status|p2a: Garganacl|brn
|move|p2a: Garganacl|Recover|p2a: Garganacl
|-heal|p2a: Garganacl|100/100 brn
|
|-damage|p2a: Garganacl|94/100 brn|[from] brn
|upkeep
|turn|7
|
|t:|1760730525
|-end|p1a: Weezing|ability: Neutralizing Gas
|switch|p1a: Gliscor|Gliscor, F|100/100
|move|p2a: Garganacl|Salt Cure|p1a: Gliscor
|-damage|p1a: Gliscor|95/100
|-start|p1a: Gliscor|Salt Cure
|
|-heal|p2a: Garganacl|100/100 brn|[from] item: Leftovers
|-damage|p2a: Garganacl|94/100 brn|[from] brn
|-damage|p1a: Gliscor|82/100|[from] Salt Cure
|-status|p1a: Gliscor|tox|[from] item: Toxic Orb
|upkeep
|turn|8
|
|t:|1760730541
|move|p1a: Gliscor|Spikes|p2a: Garganacl
|-sidestart|p2: majidshadow2015|Spikes
|move|p2a: Garganacl|Stealth Rock|p1a: Gliscor
|-sidestart|p1: aeryaria|move: Stealth Rock
|
|-heal|p2a: Garganacl|100/100 brn|[from] item: Leftovers
|-heal|p1a: Gliscor|95/100 tox|[from] ability: Poison Heal
|-damage|p2a: Garganacl|94/100 brn|[from] brn
|-damage|p1a: Gliscor|82/100 tox|[from] Salt Cure
|upkeep
|turn|9
|l|☆majidshadow2015
|inactive|majidshadow2015 disconnected and has a minute to reconnect!
|player|p2|
|inactive|majidshadow2015 has 30 seconds to reconnect!
|inactive|majidshadow2015 has 20 seconds to reconnect!
|inactive|majidshadow2015 has 15 seconds to reconnect!
|inactive|majidshadow2015 has 10 seconds to reconnect!
|inactive|majidshadow2015 has 5 seconds to reconnect!
|j|☆majidshadow2015
|inactive|majidshadow2015 reconnected and has 75 seconds left.
|player|p2|majidshadow2015|101|
|
|t:|1760730620
|move|p1a: Gliscor|Spikes|p2a: Garganacl
|-sidestart|p2: majidshadow2015|Spikes
|move|p2a: Garganacl|Salt Cure|p1a: Gliscor
|-damage|p1a: Gliscor|76/100 tox
|
|-heal|p2a: Garganacl|100/100 brn|[from] item: Leftovers
|-heal|p1a: Gliscor|89/100 tox|[from] ability: Poison Heal
|-damage|p2a: Garganacl|94/100 brn|[from] brn
|-damage|p1a: Gliscor|76/100 tox|[from] Salt Cure
|upkeep
|turn|10
|
|t:|1760730632
|switch|p2a: Goodra|Goodra-Hisui, M|100/100
|-damage|p2a: Goodra|95/100|[from] Stealth Rock
|-damage|p2a: Goodra|78/100|[from] Spikes
|move|p1a: Gliscor|Spikes|p2a: Goodra
|-sidestart|p2: majidshadow2015|Spikes
|
|-heal|p1a: Gliscor|89/100 tox|[from] ability: Poison Heal
|-damage|p1a: Gliscor|76/100 tox|[from] Salt Cure
|upkeep
|turn|11
|
|t:|1760730646
|move|p1a: Gliscor|Protect|p1a: Gliscor
|-singleturn|p1a: Gliscor|Protect
|move|p2a: Goodra|Ice Beam|p1a: Gliscor
|-activate|p1a: Gliscor|move: Protect
|
|-heal|p1a: Gliscor|89/100 tox|[from] ability: Poison Heal
|-damage|p1a: Gliscor|76/100 tox|[from] Salt Cure
|upkeep
|turn|12
|
|t:|1760730664
|switch|p1a: Toxapex|Toxapex, M|100/100
|-damage|p1a: Toxapex|88/100|[from] Stealth Rock
|move|p2a: Goodra|Ice Beam|p1a: Toxapex
|-resisted|p1a: Toxapex
|-crit|p1a: Toxapex
|-damage|p1a: Toxapex|74/100
|
|-heal|p1a: Toxapex|80/100|[from] item: Leftovers
|upkeep
|turn|13
|
|t:|1760730675
|move|p2a: Goodra|Thunderbolt|p1a: Toxapex
|-supereffective|p1a: Toxapex
|-damage|p1a: Toxapex|42/100
|move|p1a: Toxapex|Toxic Spikes|p2a: Goodra
|-sidestart|p2: majidshadow2015|move: Toxic Spikes
|
|-heal|p1a: Toxapex|48/100|[from] item: Leftovers
|upkeep
|turn|14
|
|t:|1760730686
|switch|p1a: Weezing|Weezing-Galar, M|100/100
|-ability|p1a: Weezing|Neutralizing Gas
|move|p2a: Goodra|Thunderbolt|p1a: Weezing
|-damage|p1a: Weezing|56/100
|
|upkeep
|turn|15
|inactive|majidshadow2015 has 90 seconds left.
|
|t:|1760730705
|move|p1a: Weezing|Will-O-Wisp|p2a: Goodra
|-status|p2a: Goodra|brn
|move|p2a: Goodra|Ice Beam|p1a: Weezing
|-damage|p1a: Weezing|17/100
|
|-damage|p2a: Goodra|72/100 brn|[from] brn
|upkeep
|turn|16
|inactive|majidshadow2015 has 90 seconds left.
|
|t:|1760730713
|move|p1a: Weezing|Pain Split|p2a: Goodra
|-sethp|p2a: Goodra|45/100 brn|[from] move: Pain Split|[silent]
|-sethp|p1a: Weezing|41/100|[from] move: Pain Split
|move|p2a: Goodra|Thunderbolt|p1a: Weezing
|-damage|p1a: Weezing|0 fnt
|faint|p1a: Weezing
|-end|p1a: Weezing|ability: Neutralizing Gas
|
|-damage|p2a: Goodra|39/100 brn|[from] brn
|upkeep
|
|t:|1760730728
|switch|p1a: Gliscor|Gliscor, F|76/100 tox
|-damage|p1a: Gliscor|64/100 tox|[from] Stealth Rock
|turn|17
|
|t:|1760730732
|move|p1a: Gliscor|Earthquake|p2a: Goodra
|-supereffective|p2a: Goodra
|-damage|p2a: Goodra|0 fnt
|faint|p2a: Goodra
|
|-heal|p1a: Gliscor|76/100 tox|[from] ability: Poison Heal
|upkeep
|
|t:|1760730739
|switch|p2a: Garganacl|Garganacl, M|94/100 brn
|-damage|p2a: Garganacl|82/100 brn|[from] Stealth Rock
|-damage|p2a: Garganacl|57/100 brn|[from] Spikes
|turn|18
|
|t:|1760730746
|move|p1a: Gliscor|Earthquake|p2a: Garganacl
|-supereffective|p2a: Garganacl
|-damage|p2a: Garganacl|23/100 brn
|move|p2a: Garganacl|Recover|p2a: Garganacl
|-heal|p2a: Garganacl|73/100 brn
|
|-heal|p2a: Garganacl|79/100 brn|[from] item: Leftovers
|-heal|p1a: Gliscor|89/100 tox|[from] ability: Poison Heal
|-damage|p2a: Garganacl|73/100 brn|[from] brn
|upkeep
|turn|19
|
|t:|1760730755
|move|p1a: Gliscor|Knock Off|p2a: Garganacl
|-damage|p2a: Garganacl|61/100 brn
|-enditem|p2a: Garganacl|Leftovers|[from] move: Knock Off|[of] p1a: Gliscor
|move|p2a: Garganacl|Salt Cure|p1a: Gliscor
|-damage|p1a: Gliscor|83/100 tox
|-start|p1a: Gliscor|Salt Cure
|
|-heal|p1a: Gliscor|96/100 tox|[from] ability: Poison Heal
|-damage|p2a: Garganacl|55/100 brn|[from] brn
|-damage|p1a: Gliscor|83/100 tox|[from] Salt Cure
|upkeep
|turn|20
|inactive|majidshadow2015 has 120 seconds left.
|
|t:|1760730767
|move|p1a: Gliscor|Protect|p1a: Gliscor
|-singleturn|p1a: Gliscor|Protect
|move|p2a: Garganacl|Recover|p2a: Garganacl
|-heal|p2a: Garganacl|100/100 brn
|
|-heal|p1a: Gliscor|96/100 tox|[from] ability: Poison Heal
|-damage|p2a: Garganacl|94/100 brn|[from] brn
|-damage|p1a: Gliscor|83/100 tox|[from] Salt Cure
|upkeep
|turn|21
|inactive|majidshadow2015 has 120 seconds left.
|
|t:|1760730776
|move|p1a: Gliscor|Earthquake|p2a: Garganacl
|-supereffective|p2a: Garganacl
|-damage|p2a: Garganacl|63/100 brn
|move|p2a: Garganacl|Body Press|p1a: Gliscor
|-resisted|p1a: Gliscor
|-damage|p1a: Gliscor|77/100 tox
|
|-heal|p1a: Gliscor|90/100 tox|[from] ability: Poison Heal
|-damage|p2a: Garganacl|56/100 brn|[from] brn
|-damage|p1a: Gliscor|77/100 tox|[from] Salt Cure
|upkeep
|turn|22
|inactive|majidshadow2015 has 120 seconds left.
|
|t:|1760730794
|move|p1a: Gliscor|Earthquake|p2a: Garganacl
|-supereffective|p2a: Garganacl
|-damage|p2a: Garganacl|22/100 brn
|move|p2a: Garganacl|Salt Cure|p1a: Gliscor
|-damage|p1a: Gliscor|72/100 tox
|
|-heal|p1a: Gliscor|84/100 tox|[from] ability: Poison Heal
|-damage|p2a: Garganacl|16/100 brn|[from] brn
|-damage|p1a: Gliscor|72/100 tox|[from] Salt Cure
|upkeep
|turn|23
|
|t:|1760730803
|move|p1a: Gliscor|Earthquake|p2a: Garganacl
|-supereffective|p2a: Garganacl
|-damage|p2a: Garganacl|0 fnt
|faint|p2a: Garganacl
|
|-heal|p1a: Gliscor|84/100 tox|[from] ability: Poison Heal
|-damage|p1a: Gliscor|72/100 tox|[from] Salt Cure
|upkeep
|
|t:|1760730811
|switch|p2a: Greninja|Greninja, M|100/100
|-damage|p2a: Greninja|88/100|[from] Stealth Rock
|-damage|p2a: Greninja|63/100|[from] Spikes
|-status|p2a: Greninja|psn
|turn|24
|
|t:|1760730824
|move|p1a: Gliscor|Protect|p1a: Gliscor
|-singleturn|p1a: Gliscor|Protect
|move|p2a: Greninja|Ice Beam|p1a: Gliscor
|-activate|p1a: Gliscor|move: Protect
|
|-damage|p2a: Greninja|51/100 psn|[from] psn
|-heal|p1a: Gliscor|84/100 tox|[from] ability: Poison Heal
|-damage|p1a: Gliscor|72/100 tox|[from] Salt Cure
|upkeep
|turn|25
|
|t:|1760730846
|switch|p1a: Toxapex|Toxapex, M|81/100
|-damage|p1a: Toxapex|69/100|[from] Stealth Rock
|move|p2a: Greninja|Ice Beam|p1a: Toxapex
|-resisted|p1a: Toxapex
|-damage|p1a: Toxapex|60/100
|
|-heal|p1a: Toxapex|66/100|[from] item: Leftovers
|-damage|p2a: Greninja|39/100 psn|[from] psn
|upkeep
|turn|26
|
|t:|1760730861
|move|p2a: Greninja|Dark Pulse|p1a: Toxapex
|-damage|p1a: Toxapex|42/100
|move|p1a: Toxapex|Recover|p1a: Toxapex
|-heal|p1a: Toxapex|92/100
|
|-heal|p1a: Toxapex|98/100|[from] item: Leftovers
|-damage|p2a: Greninja|26/100 psn|[from] psn
|upkeep
|turn|27
|c|☆majidshadow2015|fuck ur annoying ass
|-message|majidshadow2015 forfeited.
|
|win|aeryaria
