|j|☆AlmightyHD
|j|☆S-993311
|t:|1760877900
|gametype|singles
|player|p1|AlmightyHD|acetrainerf-gen4dp|1460
|player|p2|S-993311|fisherman-gen4|1443
|gen|9
|tier|[Gen 9] OU
|rated|
|rule|HP Percentage Mod: HP is shown in percentages
|rule|Endless Battle Clause: Forcing endless battles is banned
|rule|Species Clause: Limit one of each Pokémon
|rule|OHKO Clause: OHKO moves are banned
|rule|Evasion Items Clause: Evasion items are banned
|rule|Evasion Moves Clause: Evasion moves are banned
|rule|Evasion Abilities Clause: Evasion abilities are banned
|rule|Sleep Moves Clause: Sleep-inducing moves are banned
|clearpoke
|poke|p1|Latios, M|
|poke|p1|Tyranitar, F|
|poke|p1|Excadrill, M|
|poke|p1|Ogerpon-Wellspring, F|
|poke|p1|Moltres|
|poke|p1|Uxie|
|poke|p2|Thundurus-Therian, M|
|poke|p2|Raging Bolt|
|poke|p2|Slowking-Galar, F|
|poke|p2|Kyurem|
|poke|p2|Great Tusk|
|poke|p2|Moltres|
|teampreview
|inactive|Battle timer is ON: inactive players will automatically lose when time's up. (requested by S-993311)
|
|t:|1760877922
|teamsize|p1|6
|teamsize|p2|6
|start
|switch|p1a: Latios|Latios, M|100/100
|switch|p2a: Thundurus|Thundurus-Therian, M|100/100
|turn|1
|
|t:|1760877931
|move|p1a: Latios|Draco Meteor|p2a: Thundurus
|-damage|p2a: Thundurus|6/100
|-unboost|p1a: Latios|spa|2
|move|p2a: Thundurus|Volt Switch|p1a: Latios
|-resisted|p1a: Latios
|-damage|p1a: Latios|72/100
|
|t:|1760877939
|switch|p2a: Slowking|Slowking-Galar, F|100/100|[from] Volt Switch
|
|upkeep
|turn|2
|
|t:|1760877946
|switch|p2a: Thundurus|Thundurus-Therian, M|6/100
|move|p1a: Latios|Draco Meteor|p2a: Thundurus
|-crit|p2a: Thundurus
|-damage|p2a: Thundurus|0 fnt
|-unboost|p1a: Latios|spa|2
|faint|p2a: Thundurus
|
|upkeep
|
|t:|1760877954
|switch|p2a: Raging Bolt|Raging Bolt|100/100
|-enditem|p2a: Raging Bolt|Booster Energy
|-activate|p2a: Raging Bolt|ability: Protosynthesis|[fromitem]
|-start|p2a: Raging Bolt|protosynthesisspa
|turn|3
|
|t:|1760877963
|switch|p1a: Excadrill|Excadrill, M|100/100
|-item|p1a: Excadrill|Air Balloon
|-terastallize|p2a: Raging Bolt|Fairy
|move|p2a: Raging Bolt|Calm Mind|p2a: Raging Bolt
|-boost|p2a: Raging Bolt|spa|1
|-boost|p2a: Raging Bolt|spd|1
|
|upkeep
|turn|4
|
|t:|1760877971
|move|p1a: Excadrill|Iron Head|p2a: Raging Bolt
|-supereffective|p2a: Raging Bolt
|-damage|p2a: Raging Bolt|30/100
|cant|p2a: Raging Bolt|flinch
|
|upkeep
|turn|5
|
|t:|1760877985
|-end|p2a: Raging Bolt|Protosynthesis|[silent]
|switch|p2a: Moltres|Moltres|100/100
|move|p1a: Excadrill|Rock Slide|p2a: Moltres
|-supereffective|p2a: Moltres
|-damage|p2a: Moltres|21/100
|
|upkeep
|turn|6
|
|t:|1760877996
|switch|p1a: Uxie|Uxie, shiny|100/100
|move|p2a: Moltres|Flamethrower|p1a: Uxie
|-damage|p1a: Uxie|72/100
|
|upkeep
|turn|7
|
|t:|1760878002
|move|p1a: Uxie|Stealth Rock|p2a: Moltres
|-sidestart|p2: S-993311|move: Stealth Rock
|move|p2a: Moltres|Roost|p2a: Moltres
|-heal|p2a: Moltres|71/100
|-singleturn|p2a: Moltres|move: Roost
|
|upkeep
|turn|8
|
|t:|1760878008
|move|p1a: Uxie|Knock Off|p2a: Moltres
|-crit|p2a: Moltres
|-damage|p2a: Moltres|55/100
|-enditem|p2a: Moltres|Heavy-Duty Boots|[from] move: Knock Off|[of] p1a: Uxie
|move|p2a: Moltres|Hurricane|p1a: Uxie
|-damage|p1a: Uxie|34/100
|
|upkeep
|turn|9
|
|t:|1760878030
|switch|p1a: Tyranitar|Tyranitar, F, shiny|100/100
|-weather|Sandstorm|[from] ability: Sand Stream|[of] p1a: Tyranitar
|move|p2a: Moltres|Roost|p2a: Moltres
|-heal|p2a: Moltres|100/100
|-singleturn|p2a: Moltres|move: Roost
|
|-weather|Sandstorm|[upkeep]
|-damage|p2a: Moltres|94/100|[from] Sandstorm
|upkeep
|turn|10
|
|t:|1760878047
|switch|p1a: Uxie|Uxie, shiny|34/100
|move|p2a: Moltres|Hurricane|p1a: Uxie
|-damage|p1a: Uxie|0 fnt
|faint|p1a: Uxie
|
|-weather|Sandstorm|[upkeep]
|-damage|p2a: Moltres|88/100|[from] Sandstorm
|upkeep
|inactive|AlmightyHD has 120 seconds left.
|
|t:|1760878063
|switch|p1a: Ogerpon|Ogerpon-Wellspring, F|100/100
|turn|11
|inactive|AlmightyHD has 120 seconds left.
|
|t:|1760878073
|move|p1a: Ogerpon|Ivy Cudgel|p2a: Moltres|[anim] Ivy Cudgel Water
|-supereffective|p2a: Moltres
|-damage|p2a: Moltres|7/100
|move|p2a: Moltres|Hurricane|p1a: Ogerpon
|-supereffective|p1a: Ogerpon
|-damage|p1a: Ogerpon|0 fnt
|faint|p1a: Ogerpon
|
|-weather|Sandstorm|[upkeep]
|-damage|p2a: Moltres|1/100|[from] Sandstorm
|upkeep
|
|t:|1760878077
|switch|p1a: Latios|Latios, M|72/100
|turn|12
|
|t:|1760878084
|move|p1a: Latios|Flip Turn|p2a: Moltres
|-supereffective|p2a: Moltres
|-damage|p2a: Moltres|0 fnt
|faint|p2a: Moltres
|
|t:|1760878088
|switch|p1a: Excadrill|Excadrill, M|100/100|[from] Flip Turn
|-item|p1a: Excadrill|Air Balloon
|
|-weather|Sandstorm|[upkeep]
|upkeep
|
|t:|1760878102
|switch|p2a: Great Tusk|Great Tusk|100/100
|turn|13
|
|t:|1760878106
|switch|p1a: Moltres|Moltres|100/100
|-ability|p1a: Moltres|Pressure
|move|p2a: Great Tusk|Rapid Spin|p1a: Moltres
|-damage|p1a: Moltres|91/100
|-boost|p2a: Great Tusk|spe|1
|-sideend|p2: S-993311|Stealth Rock|[from] move: Rapid Spin|[of] p2a: Great Tusk
|
|-weather|none
|upkeep
|turn|14
|
|t:|1760878114
|move|p2a: Great Tusk|Stealth Rock|p1a: Moltres
|-sidestart|p1: AlmightyHD|move: Stealth Rock
|move|p1a: Moltres|Will-O-Wisp|p2a: Great Tusk|[miss]
|-miss|p1a: Moltres|p2a: Great Tusk
|
|upkeep
|turn|15
|
|t:|1760878126
|-end|p2a: Great Tusk|Protosynthesis|[silent]
|switch|p2a: Slowking|Slowking-Galar, F|100/100
|move|p1a: Moltres|Will-O-Wisp|p2a: Slowking|[miss]
|-miss|p1a: Moltres|p2a: Slowking
|
|upkeep
|turn|16
|-message|AlmightyHD forfeited.
|
|win|S-993311
|raw|AlmightyHD's rating: 1460 &rarr; <strong>1439</strong><br />(-21 for losing)
|raw|S-993311's rating: 1443 &rarr; <strong>1464</strong><br />(+21 for winning)
|l|☆AlmightyHD
|player|p1|
|l|☆S-993311
|player|p2|
