|j|☆firecharmander004
|j|☆werearewe
|t:|1760799994
|gametype|singles
|player|p1|firecharmander004|102|1507
|player|p2|werearewe|1|1568
|gen|9
|tier|[Gen 9] OU
|rated|
|rule|HP Percentage Mod: HP is shown in percentages
|rule|Endless Battle Clause: Forcing endless battles is banned
|rule|Species Clause: Limit one of each Pokémon
|rule|OHKO Clause: OHKO moves are banned
|rule|Evasion Items Clause: Evasion items are banned
|rule|Evasion Moves Clause: Evasion moves are banned
|rule|Evasion Abilities Clause: Evasion abilities are banned
|rule|Sleep Moves Clause: Sleep-inducing moves are banned
|clearpoke
|poke|p1|Iron Treads|
|poke|p1|Ogerpon-Wellspring, F|
|poke|p1|Kingambit, F|
|poke|p1|Arcanine-Hisui, M|
|poke|p1|Iron Valiant|
|poke|p1|Dragapult, F|
|poke|p2|Ribombee, M|
|poke|p2|Cinderace, F|
|poke|p2|Ogerpon, F|
|poke|p2|Milotic, F|
|poke|p2|Kingambit, F|
|poke|p2|Empoleon, F|
|teampreview
|inactive|Battle timer is ON: inactive players will automatically lose when time's up. (requested by firecharmander004)
|
|t:|1760800018
|teamsize|p1|6
|teamsize|p2|6
|start
|switch|p1a: Iron Treads|Iron Treads|100/100
|switch|p2a: Ribombee|Ribombee, M|100/100
|-enditem|p1a: Iron Treads|Booster Energy
|-activate|p1a: Iron Treads|ability: Quark Drive|[fromitem]
|-start|p1a: Iron Treads|quarkdrivespe
|turn|1
|
|t:|1760800030
|switch|p2a: Ogerpon|Ogerpon, F|100/100
|move|p1a: Iron Treads|Stealth Rock|p2a: Ogerpon
|-sidestart|p2: werearewe|move: Stealth Rock
|
|upkeep
|turn|2
|
|t:|1760800037
|move|p1a: Iron Treads|Steel Beam|p2a: Ogerpon
|-damage|p2a: Ogerpon|41/100
|-damage|p1a: Iron Treads|50/100|[from] steelbeam
|move|p2a: Ogerpon|Knock Off|p1a: Iron Treads
|-damage|p1a: Iron Treads|30/100
|
|upkeep
|turn|3
|
|t:|1760800051
|move|p1a: Iron Treads|Steel Beam|p2a: Ogerpon
|-damage|p2a: Ogerpon|0 fnt
|-damage|p1a: Iron Treads|0 fnt|[from] steelbeam
|faint|p1a: Iron Treads
|-end|p1a: Iron Treads|Quark Drive|[silent]
|faint|p2a: Ogerpon
|
|upkeep
|
|t:|1760800065
|switch|p2a: Cinderace|Cinderace, F|100/100
|switch|p1a: Dragapult|Dragapult, F|100/100
|turn|4
|
|t:|1760800072
|move|p1a: Dragapult|Shadow Ball|p2a: Cinderace
|-damage|p2a: Cinderace|36/100
|move|p2a: Cinderace|Court Change|p2a: Cinderace
|-swapsideconditions
|-activate|p2a: Cinderace|move: Court Change
|
|upkeep
|turn|5
|
|t:|1760800080
|switch|p2a: Kingambit|Kingambit, F|100/100
|move|p1a: Dragapult|Shadow Ball|p2a: Kingambit
|-resisted|p2a: Kingambit
|-damage|p2a: Kingambit|83/100
|
|upkeep
|turn|6
|
|t:|1760800093
|switch|p1a: Arcanine|Arcanine-Hisui, M|100/100
|-damage|p1a: Arcanine|76/100|[from] Stealth Rock
|switch|p2a: Ribombee|Ribombee, M|100/100
|
|upkeep
|turn|7
|
|t:|1760800102
|move|p2a: Ribombee|Sticky Web|p1a: Arcanine
|-sidestart|p1: firecharmander004|move: Sticky Web
|move|p1a: Arcanine|Head Smash|p2a: Ribombee
|-supereffective|p2a: Ribombee
|-enditem|p2a: Ribombee|Focus Sash
|-damage|p2a: Ribombee|1/100
|
|upkeep
|turn|8
|
|t:|1760800114
|move|p2a: Ribombee|Stun Spore|p1a: Arcanine|[miss]
|-miss|p2a: Ribombee|p1a: Arcanine
|move|p1a: Arcanine|Head Smash|p2a: Ribombee|[miss]
|-miss|p1a: Arcanine|p2a: Ribombee
|
|upkeep
|turn|9
|
|t:|1760800122
|switch|p1a: Ogerpon|Ogerpon-Wellspring, F|100/100
|-damage|p1a: Ogerpon|88/100|[from] Stealth Rock
|-activate|p1a: Ogerpon|move: Sticky Web
|-unboost|p1a: Ogerpon|spe|1
|move|p2a: Ribombee|Stun Spore|p1a: Ogerpon
|-immune|p1a: Ogerpon
|
|upkeep
|turn|10
|
|t:|1760800130
|move|p2a: Ribombee|Moonblast|p1a: Ogerpon
|-damage|p1a: Ogerpon|42/100
|-unboost|p1a: Ogerpon|spa|1
|move|p1a: Ogerpon|Ivy Cudgel|p2a: Ribombee|[anim] Ivy Cudgel Water
|-crit|p2a: Ribombee
|-damage|p2a: Ribombee|0 fnt
|faint|p2a: Ribombee
|
|upkeep
|
|t:|1760800140
|switch|p2a: Cinderace|Cinderace, F|36/100
|turn|11
|
|t:|1760800151
|move|p2a: Cinderace|Court Change|p2a: Cinderace
|-swapsideconditions
|-activate|p2a: Cinderace|move: Court Change
|move|p1a: Ogerpon|Ivy Cudgel|p2a: Cinderace|[anim] Ivy Cudgel Water
|-supereffective|p2a: Cinderace
|-crit|p2a: Cinderace
|-damage|p2a: Cinderace|0 fnt
|faint|p2a: Cinderace
|
|upkeep
|
|t:|1760800166
|switch|p2a: Kingambit|Kingambit, F|83/100
|-damage|p2a: Kingambit|76/100|[from] Stealth Rock
|-activate|p2a: Kingambit|move: Sticky Web
|-unboost|p2a: Kingambit|spe|1
|-ability|p2a: Kingambit|Defiant|boost
|-boost|p2a: Kingambit|atk|2
|turn|12
|
|t:|1760800176
|move|p1a: Ogerpon|Ivy Cudgel|p2a: Kingambit|[anim] Ivy Cudgel Water
|-damage|p2a: Kingambit|31/100
|move|p2a: Kingambit|Kowtow Cleave|p1a: Ogerpon
|-damage|p1a: Ogerpon|0 fnt
|faint|p1a: Ogerpon
|
|upkeep
|
|t:|1760800183
|switch|p1a: Iron Valiant|Iron Valiant|100/100
|-enditem|p1a: Iron Valiant|Booster Energy
|-activate|p1a: Iron Valiant|ability: Quark Drive|[fromitem]
|-start|p1a: Iron Valiant|quarkdrivespe
|turn|13
|
|t:|1760800200
|switch|p2a: Milotic|Milotic, F|100/100
|-damage|p2a: Milotic|88/100|[from] Stealth Rock
|-activate|p2a: Milotic|move: Sticky Web
|-unboost|p2a: Milotic|spe|1
|-ability|p2a: Milotic|Competitive|boost
|-boost|p2a: Milotic|spa|2
|move|p1a: Iron Valiant|Moonblast|p2a: Milotic
|-damage|p2a: Milotic|67/100
|
|upkeep
|turn|14
|
|t:|1760800223
|-end|p1a: Iron Valiant|Quark Drive|[silent]
|switch|p1a: Dragapult|Dragapult, F|100/100
|move|p2a: Milotic|Draining Kiss|p1a: Dragapult
|-supereffective|p1a: Dragapult
|-damage|p1a: Dragapult|20/100
|-heal|p2a: Milotic|100/100|[from] drain|[of] p1a: Dragapult
|
|upkeep
|turn|15
|
|t:|1760800230
|move|p1a: Dragapult|Draco Meteor|p2a: Milotic
|-damage|p2a: Milotic|58/100
|-unboost|p1a: Dragapult|spa|2
|move|p2a: Milotic|Draining Kiss|p1a: Dragapult
|-supereffective|p1a: Dragapult
|-damage|p1a: Dragapult|0 fnt
|-heal|p2a: Milotic|70/100|[from] drain|[of] p1a: Dragapult
|faint|p1a: Dragapult
|
|upkeep
|
|t:|1760800242
|switch|p1a: Arcanine|Arcanine-Hisui, M|76/100
|turn|16
|inactive|firecharmander004 has 120 seconds left.
|inactive|werearewe has 120 seconds left.
|
|t:|1760800281
|switch|p2a: Kingambit|Kingambit, F|31/100
|-damage|p2a: Kingambit|25/100|[from] Stealth Rock
|-activate|p2a: Kingambit|move: Sticky Web
|-unboost|p2a: Kingambit|spe|1
|-ability|p2a: Kingambit|Defiant|boost
|-boost|p2a: Kingambit|atk|2
|move|p1a: Arcanine|Head Smash|p2a: Kingambit|[miss]
|-miss|p1a: Arcanine|p2a: Kingambit
|
|upkeep
|turn|17
|inactive|werearewe has 120 seconds left.
|
|t:|1760800302
|-terastallize|p2a: Kingambit|Fairy
|move|p1a: Arcanine|Head Smash|p2a: Kingambit
|-damage|p2a: Kingambit|0 fnt
|faint|p2a: Kingambit
|
|upkeep
|-message|werearewe forfeited.
|
|win|firecharmander004
|raw|firecharmander004's rating: 1507 &rarr; <strong>1530</strong><br />(+23 for winning)
|raw|werearewe's rating: 1568 &rarr; <strong>1545</strong><br />(-23 for losing)
|l|☆werearewe
|player|p2|
