|j|☆doodle0205
|j|☆Animologist
|t:|1760723884
|gametype|singles
|player|p1|doodle0205|2|1461
|player|p2|Animologist|gardenia|1399
|gen|9
|tier|[Gen 9] OU
|rated|
|rule|HP Percentage Mod: HP is shown in percentages
|rule|Endless Battle Clause: Forcing endless battles is banned
|rule|Species Clause: Limit one of each Pokémon
|rule|OHKO Clause: OHKO moves are banned
|rule|Evasion Items Clause: Evasion items are banned
|rule|Evasion Moves Clause: Evasion moves are banned
|rule|Evasion Abilities Clause: Evasion abilities are banned
|rule|Sleep Moves Clause: Sleep-inducing moves are banned
|clearpoke
|poke|p1|Garchomp, M|
|poke|p1|Darkrai|
|poke|p1|Gholdengo|
|poke|p1|Ogerpon-Wellspring, F|
|poke|p1|Iron Valiant|
|poke|p1|Iron Treads|
|poke|p2|Great Tusk|
|poke|p2|Torkoal, M|
|poke|p2|Whimsicott, F|
|poke|p2|Walking Wake|
|poke|p2|Heatran, M|
|poke|p2|Comfey, F|
|teampreview
|
|t:|1760723892
|teamsize|p1|6
|teamsize|p2|6
|start
|switch|p1a: Garchomp|Garchomp, M|100/100
|switch|p2a: Torkoal|Torkoal, M|100/100
|-weather|SunnyDay|[from] ability: Drought|[of] p2a: Torkoal
|turn|1
|
|t:|1760723901
|switch|p2a: Great Tusk|Great Tusk|100/100
|-activate|p2a: Great Tusk|ability: Protosynthesis
|-start|p2a: Great Tusk|protosynthesisspe
|move|p1a: Garchomp|Earthquake|p2a: Great Tusk
|-damage|p2a: Great Tusk|73/100
|
|-weather|SunnyDay|[upkeep]
|upkeep
|turn|2
|
|t:|1760723914
|move|p2a: Great Tusk|Ice Spinner|p1a: Garchomp
|-supereffective|p1a: Garchomp
|-crit|p1a: Garchomp
|-damage|p1a: Garchomp|8/100
|-damage|p2a: Great Tusk|60/100|[from] ability: Rough Skin|[of] p1a: Garchomp
|-damage|p2a: Great Tusk|44/100|[from] item: Rocky Helmet|[of] p1a: Garchomp
|move|p1a: Garchomp|Dragon Tail|p2a: Great Tusk
|-damage|p2a: Great Tusk|28/100
|-damage|p1a: Garchomp|0 fnt|[from] item: Rocky Helmet|[of] p2a: Great Tusk
|faint|p1a: Garchomp
|-end|p2a: Great Tusk|Protosynthesis|[silent]
|drag|p2a: Torkoal|Torkoal, M|100/100
|
|-weather|SunnyDay|[upkeep]
|upkeep
|
|t:|1760723925
|switch|p1a: Darkrai|Darkrai|100/100
|turn|3
|
|t:|1760723931
|switch|p2a: Comfey|Comfey, F|100/100
|move|p1a: Darkrai|Dark Pulse|p2a: Comfey
|-resisted|p2a: Comfey
|-damage|p2a: Comfey|79/100
|
|-weather|SunnyDay|[upkeep]
|-heal|p2a: Comfey|85/100|[from] item: Leftovers
|upkeep
|turn|4
|
|t:|1760723938
|switch|p1a: Iron Treads|Iron Treads|100/100
|move|p2a: Comfey|Growth|p2a: Comfey
|-boost|p2a: Comfey|atk|2
|-boost|p2a: Comfey|spa|2
|
|-weather|SunnyDay|[upkeep]
|-heal|p2a: Comfey|91/100|[from] item: Leftovers
|upkeep
|turn|5
|
|t:|1760723971
|switch|p2a: Walking Wake|Walking Wake|100/100
|-activate|p2a: Walking Wake|ability: Protosynthesis
|-start|p2a: Walking Wake|protosynthesisspe
|move|p1a: Iron Treads|Earthquake|p2a: Walking Wake
|-damage|p2a: Walking Wake|58/100
|
|-weather|SunnyDay|[upkeep]
|upkeep
|turn|6
|
|t:|1760723986
|-end|p1a: Iron Treads|Quark Drive|[silent]
|switch|p1a: Ogerpon|Ogerpon-Wellspring, F|100/100
|move|p2a: Walking Wake|Flamethrower|p1a: Ogerpon
|-damage|p1a: Ogerpon|33/100
|
|-weather|SunnyDay|[upkeep]
|upkeep
|turn|7
|
|t:|1760723994
|-terastallize|p1a: Ogerpon|Water
|detailschange|p1a: Ogerpon|Ogerpon-Wellspring-Tera, F, tera:Water
|-ability|p1a: Ogerpon|Embody Aspect (Wellspring)|boost
|-boost|p1a: Ogerpon|spd|1
|move|p2a: Walking Wake|Flamethrower|p1a: Ogerpon
|-resisted|p1a: Ogerpon
|-damage|p1a: Ogerpon|7/100
|move|p1a: Ogerpon|Synthesis|p1a: Ogerpon
|-heal|p1a: Ogerpon|73/100
|
|-weather|SunnyDay|[upkeep]
|upkeep
|turn|8
|
|t:|1760724013
|-end|p2a: Walking Wake|Protosynthesis|[silent]
|switch|p2a: Whimsicott|Whimsicott, F|100/100
|switch|p1a: Iron Valiant|Iron Valiant|100/100
|-enditem|p1a: Iron Valiant|Booster Energy
|-activate|p1a: Iron Valiant|ability: Quark Drive|[fromitem]
|-start|p1a: Iron Valiant|quarkdrivespe
|
|-weather|none
|upkeep
|turn|9
|
|t:|1760724021
|switch|p2a: Torkoal|Torkoal, M|100/100
|-weather|SunnyDay|[from] ability: Drought|[of] p2a: Torkoal
|move|p1a: Iron Valiant|Moonblast|p2a: Torkoal
|-resisted|p2a: Torkoal
|-damage|p2a: Torkoal|72/100
|-unboost|p2a: Torkoal|spa|1
|
|-weather|SunnyDay|[upkeep]
|upkeep
|turn|10
|
|t:|1760724031
|move|p1a: Iron Valiant|Thunderbolt|p2a: Torkoal
|-damage|p2a: Torkoal|32/100
|move|p2a: Torkoal|Stealth Rock|p1a: Iron Valiant
|-sidestart|p1: doodle0205|move: Stealth Rock
|
|-weather|SunnyDay|[upkeep]
|upkeep
|turn|11
|
|t:|1760724058
|switch|p2a: Comfey|Comfey, F|91/100
|move|p1a: Iron Valiant|Thunderbolt|p2a: Comfey
|-damage|p2a: Comfey|59/100
|
|-weather|SunnyDay|[upkeep]
|-heal|p2a: Comfey|65/100|[from] item: Leftovers
|upkeep
|turn|12
|
|t:|1760724068
|-end|p1a: Iron Valiant|Quark Drive|[silent]
|switch|p1a: Iron Treads|Iron Treads|100/100
|-damage|p1a: Iron Treads|98/100|[from] Stealth Rock
|move|p2a: Comfey|Growth|p2a: Comfey
|-boost|p2a: Comfey|atk|2
|-boost|p2a: Comfey|spa|2
|
|-weather|SunnyDay|[upkeep]
|-heal|p1a: Iron Treads|100/100|[from] item: Leftovers
|-heal|p2a: Comfey|71/100|[from] item: Leftovers
|upkeep
|turn|13
|
|t:|1760724080
|move|p1a: Iron Treads|Earthquake|p2a: Comfey
|-damage|p2a: Comfey|22/100
|move|p2a: Comfey|Growth|p2a: Comfey
|-boost|p2a: Comfey|atk|2
|-boost|p2a: Comfey|spa|2
|
|-weather|SunnyDay|[upkeep]
|-heal|p2a: Comfey|29/100|[from] item: Leftovers
|upkeep
|turn|14
|
|t:|1760724089
|move|p2a: Comfey|Synthesis|p2a: Comfey
|-heal|p2a: Comfey|95/100
|move|p1a: Iron Treads|Earthquake|p2a: Comfey
|-damage|p2a: Comfey|47/100
|
|-weather|SunnyDay|[upkeep]
|-heal|p2a: Comfey|53/100|[from] item: Leftovers
|upkeep
|turn|15
|
|t:|1760724105
|move|p2a: Comfey|Draining Kiss|p1a: Iron Treads
|-resisted|p1a: Iron Treads
|-damage|p1a: Iron Treads|70/100
|-heal|p2a: Comfey|78/100|[from] drain|[of] p1a: Iron Treads
|move|p1a: Iron Treads|Earthquake|p2a: Comfey
|-damage|p2a: Comfey|32/100
|
|-weather|SunnyDay|[upkeep]
|-heal|p1a: Iron Treads|76/100|[from] item: Leftovers
|-heal|p2a: Comfey|38/100|[from] item: Leftovers
|upkeep
|turn|16
|
|t:|1760724114
|move|p2a: Comfey|Draining Kiss|p1a: Iron Treads
|-resisted|p1a: Iron Treads
|-damage|p1a: Iron Treads|45/100
|-heal|p2a: Comfey|64/100|[from] drain|[of] p1a: Iron Treads
|move|p1a: Iron Treads|Earthquake|p2a: Comfey
|-damage|p2a: Comfey|22/100
|
|-weather|none
|-heal|p1a: Iron Treads|51/100|[from] item: Leftovers
|-heal|p2a: Comfey|28/100|[from] item: Leftovers
|upkeep
|turn|17
|
|t:|1760724140
|move|p2a: Comfey|Draining Kiss|p1a: Iron Treads
|-resisted|p1a: Iron Treads
|-damage|p1a: Iron Treads|18/100
|-heal|p2a: Comfey|55/100|[from] drain|[of] p1a: Iron Treads
|move|p1a: Iron Treads|Rapid Spin|p2a: Comfey
|-damage|p2a: Comfey|38/100
|-boost|p1a: Iron Treads|spe|1
|-sideend|p1: doodle0205|Stealth Rock|[from] move: Rapid Spin|[of] p1a: Iron Treads
|
|-heal|p1a: Iron Treads|24/100|[from] item: Leftovers
|-heal|p2a: Comfey|45/100|[from] item: Leftovers
|upkeep
|turn|18
|
|t:|1760724149
|-end|p1a: Iron Treads|Quark Drive|[silent]
|switch|p1a: Gholdengo|Gholdengo|100/100
|-item|p1a: Gholdengo|Air Balloon
|move|p2a: Comfey|Draining Kiss|p1a: Gholdengo
|-resisted|p1a: Gholdengo
|-damage|p1a: Gholdengo|69/100
|-heal|p2a: Comfey|74/100|[from] drain|[of] p1a: Gholdengo
|-enditem|p1a: Gholdengo|Air Balloon
|
|-heal|p2a: Comfey|80/100|[from] item: Leftovers
|upkeep
|turn|19
|
|t:|1760724185
|switch|p2a: Torkoal|Torkoal, M|32/100
|-weather|SunnyDay|[from] ability: Drought|[of] p2a: Torkoal
|move|p1a: Gholdengo|Make It Rain|p2a: Torkoal
|-resisted|p2a: Torkoal
|-damage|p2a: Torkoal|0 fnt
|-unboost|p1a: Gholdengo|spa|1
|faint|p2a: Torkoal
|
|-weather|SunnyDay|[upkeep]
|upkeep
|
|t:|1760724201
|switch|p2a: Walking Wake|Walking Wake|58/100
|-activate|p2a: Walking Wake|ability: Protosynthesis
|-start|p2a: Walking Wake|protosynthesisspe
|turn|20
|
|t:|1760724242
|switch|p1a: Iron Treads|Iron Treads|24/100
|move|p2a: Walking Wake|Hydro Steam|p1a: Iron Treads
|-supereffective|p1a: Iron Treads
|-damage|p1a: Iron Treads|0 fnt
|faint|p1a: Iron Treads
|-end|p1a: Iron Treads|Quark Drive|[silent]
|
|-weather|SunnyDay|[upkeep]
|upkeep
|
|t:|1760724249
|switch|p1a: Ogerpon|Ogerpon-Wellspring-Tera, F, tera:Water|73/100
|-ability|p1a: Ogerpon|Embody Aspect (Wellspring)|boost
|-boost|p1a: Ogerpon|spd|1
|turn|21
|
|t:|1760724265
|-end|p2a: Walking Wake|Protosynthesis|[silent]
|switch|p2a: Whimsicott|Whimsicott, F|100/100
|move|p1a: Ogerpon|Synthesis|p1a: Ogerpon
|-heal|p1a: Ogerpon|100/100
|
|-weather|SunnyDay|[upkeep]
|upkeep
|turn|22
|
|t:|1760724273
|switch|p1a: Gholdengo|Gholdengo|69/100
|move|p2a: Whimsicott|Growth|p2a: Whimsicott
|-boost|p2a: Whimsicott|atk|2
|-boost|p2a: Whimsicott|spa|2
|
|-weather|SunnyDay|[upkeep]
|upkeep
|turn|23
|
|t:|1760724281
|-terastallize|p2a: Whimsicott|Ghost
|move|p2a: Whimsicott|Shadow Ball|p1a: Gholdengo
|-supereffective|p1a: Gholdengo
|-damage|p1a: Gholdengo|0 fnt
|faint|p1a: Gholdengo
|-damage|p2a: Whimsicott|91/100|[from] item: Life Orb
|
|-weather|SunnyDay|[upkeep]
|upkeep
|
|t:|1760724288
|switch|p1a: Darkrai|Darkrai|100/100
|turn|24
|
|t:|1760724291
|switch|p1a: Ogerpon|Ogerpon-Wellspring-Tera, F, tera:Water|100/100
|-ability|p1a: Ogerpon|Embody Aspect (Wellspring)|boost
|-boost|p1a: Ogerpon|spd|1
|move|p2a: Whimsicott|Moonblast|p1a: Ogerpon
|-damage|p1a: Ogerpon|35/100
|-damage|p2a: Whimsicott|81/100|[from] item: Life Orb
|
|-weather|SunnyDay|[upkeep]
|upkeep
|turn|25
|
|t:|1760724300
|move|p2a: Whimsicott|Giga Drain|p1a: Ogerpon
|-supereffective|p1a: Ogerpon
|-damage|p1a: Ogerpon|0 fnt
|-heal|p2a: Whimsicott|100/100|[from] drain|[of] p1a: Ogerpon
|faint|p1a: Ogerpon
|detailschange|p1: Ogerpon|Ogerpon-Wellspring, F|[silent]
|-damage|p2a: Whimsicott|91/100|[from] item: Life Orb
|
|-weather|SunnyDay|[upkeep]
|upkeep
|
|t:|1760724306
|switch|p1a: Iron Valiant|Iron Valiant|100/100
|turn|26
|
|t:|1760724311
|move|p2a: Whimsicott|Moonblast|p1a: Iron Valiant
|-supereffective|p1a: Iron Valiant
|-damage|p1a: Iron Valiant|0 fnt
|faint|p1a: Iron Valiant
|-end|p1a: Iron Valiant|Quark Drive|[silent]
|-damage|p2a: Whimsicott|81/100|[from] item: Life Orb
|
|-weather|none
|upkeep
|
|t:|1760724313
|switch|p1a: Darkrai|Darkrai|100/100
|turn|27
|
|t:|1760724319
|move|p1a: Darkrai|Dark Pulse|p2a: Whimsicott
|-supereffective|p2a: Whimsicott
|-damage|p2a: Whimsicott|0 fnt
|faint|p2a: Whimsicott
|
|upkeep
|
|t:|1760724324
|switch|p2a: Comfey|Comfey, F|80/100
|turn|28
|
|t:|1760724327
|move|p2a: Comfey|Draining Kiss|p1a: Darkrai
|-supereffective|p1a: Darkrai
|-damage|p1a: Darkrai|34/100
|-heal|p2a: Comfey|100/100|[from] drain|[of] p1a: Darkrai
|move|p1a: Darkrai|Sludge Bomb|p2a: Comfey
|-supereffective|p2a: Comfey
|-damage|p2a: Comfey|36/100
|
|-heal|p2a: Comfey|42/100|[from] item: Leftovers
|upkeep
|turn|29
|
|t:|1760724336
|move|p2a: Comfey|Draining Kiss|p1a: Darkrai
|-supereffective|p1a: Darkrai
|-damage|p1a: Darkrai|0 fnt
|-heal|p2a: Comfey|65/100|[from] drain|[of] p1a: Darkrai
|faint|p1a: Darkrai
|
|win|Animologist
|raw|doodle0205's rating: 1461 &rarr; <strong>1437</strong><br />(-24 for losing)
|raw|Animologist's rating: 1399 &rarr; <strong>1423</strong><br />(+24 for winning)
|l|☆doodle0205
|player|p1|
