|j|☆anderek
|j|☆somebodygetthedoor
|t:|1760766520
|gametype|singles
|player|p1|anderek|fisherman-gen4|1117
|player|p2|somebodygetthedoor|anabel-gen7|1108
|gen|9
|tier|[Gen 9] OU
|rated|
|rule|HP Percentage Mod: HP is shown in percentages
|rule|Endless Battle Clause: Forcing endless battles is banned
|rule|Species Clause: Limit one of each Pokémon
|rule|OHKO Clause: OHKO moves are banned
|rule|Evasion Items Clause: Evasion items are banned
|rule|Evasion Moves Clause: Evasion moves are banned
|rule|Evasion Abilities Clause: Evasion abilities are banned
|rule|Sleep Moves Clause: Sleep-inducing moves are banned
|clearpoke
|poke|p1|Kyurem|
|poke|p1|Zapdos|
|poke|p1|Great Tusk|
|poke|p1|Samurott-Hisui, F|
|poke|p1|Slowking-Galar, F|
|poke|p1|Pelipper, M|
|poke|p2|Hydreigon, F|
|poke|p2|Scizor, F|
|poke|p2|Amoonguss, M|
|poke|p2|Gliscor, F|
|poke|p2|Toxtricity-Low-Key, M|
|poke|p2|Goodra-Hisui, F|
|teampreview
|inactive|Battle timer is ON: inactive players will automatically lose when time's up. (requested by anderek)
|inactive|somebodygetthedoor has 120 seconds left.
|
|t:|1760766568
|teamsize|p1|6
|teamsize|p2|6
|start
|switch|p1a: Samurott|Samurott-Hisui, F|100/100
|switch|p2a: Toxtricity|Toxtricity-Low-Key, M, shiny|100/100
|turn|1
|
|t:|1760766581
|move|p2a: Toxtricity|Overdrive|p1a: Samurott
|-supereffective|p1a: Samurott
|-enditem|p1a: Samurott|Focus Sash
|-damage|p1a: Samurott|1/100
|move|p1a: Samurott|Ceaseless Edge|p2a: Toxtricity
|-damage|p2a: Toxtricity|24/100
|-sidestart|p2: somebodygetthedoor|Spikes
|
|upkeep
|turn|2
|
|t:|1760766596
|move|p1a: Samurott|Sucker Punch|p2a: Toxtricity
|-damage|p2a: Toxtricity|0 fnt
|faint|p2a: Toxtricity
|
|upkeep
|
|t:|1760766602
|switch|p2a: Scizor|Scizor, F, shiny|100/100
|-damage|p2a: Scizor|88/100|[from] Spikes
|turn|3
|
|t:|1760766611
|switch|p1a: Zapdos|Zapdos|100/100
|move|p2a: Scizor|Bullet Punch|p1a: Zapdos
|-resisted|p1a: Zapdos
|-damage|p1a: Zapdos|76/100
|
|upkeep
|turn|4
|
|t:|1760766621
|switch|p2a: Gliscor|Gliscor, F, shiny|100/100
|move|p1a: Zapdos|Volt Switch|p2a: Gliscor
|-immune|p2a: Gliscor
|
|-status|p2a: Gliscor|tox|[from] item: Toxic Orb
|upkeep
|turn|5
|
|t:|1760766628
|switch|p1a: Slowking|Slowking-Galar, F|100/100
|move|p2a: Gliscor|Ice Fang|p1a: Slowking
|-damage|p1a: Slowking|88/100
|
|-heal|p1a: Slowking|94/100|[from] item: Black Sludge
|upkeep
|turn|6
|
|t:|1760766638
|move|p2a: Gliscor|Earthquake|p1a: Slowking
|-supereffective|p1a: Slowking
|-damage|p1a: Slowking|37/100
|-prepare|p1a: Slowking|Chilly Reception|[premajor]
|move|p1a: Slowking|Chilly Reception|p1a: Slowking
|-weather|Snowscape
|
|t:|1760766641
|switch|p1a: Kyurem|Kyurem|100/100|[from] Chilly Reception
|-ability|p1a: Kyurem|Pressure
|
|-weather|Snowscape|[upkeep]
|upkeep
|turn|7
|
|t:|1760766665
|switch|p2a: Scizor|Scizor, F, shiny|88/100
|-damage|p2a: Scizor|75/100|[from] Spikes
|move|p1a: Kyurem|Freeze-Dry|p2a: Scizor
|-resisted|p2a: Scizor
|-damage|p2a: Scizor|45/100
|
|-weather|Snowscape|[upkeep]
|upkeep
|turn|8
|
|t:|1760766679
|switch|p1a: Zapdos|Zapdos|76/100
|move|p2a: Scizor|Bullet Punch|p1a: Zapdos
|-resisted|p1a: Zapdos
|-crit|p1a: Zapdos
|-damage|p1a: Zapdos|42/100
|
|-weather|Snowscape|[upkeep]
|upkeep
|turn|9
|
|t:|1760766689
|move|p2a: Scizor|Bullet Punch|p1a: Zapdos
|-resisted|p1a: Zapdos
|-damage|p1a: Zapdos|15/100
|move|p1a: Zapdos|Weather Ball|p2a: Scizor
|-resisted|p2a: Scizor
|-damage|p2a: Scizor|23/100
|
|-weather|Snowscape|[upkeep]
|upkeep
|turn|10
|
|t:|1760766706
|move|p2a: Scizor|Bullet Punch|p1a: Zapdos
|-resisted|p1a: Zapdos
|-damage|p1a: Zapdos|0 fnt
|faint|p1a: Zapdos
|
|-weather|none
|upkeep
|
|t:|1760766720
|switch|p1a: Pelipper|Pelipper, M|100/100
|-weather|RainDance|[from] ability: Drizzle|[of] p1a: Pelipper
|turn|11
|
|t:|1760766734
|switch|p2a: Hydreigon|Hydreigon, F|100/100
|move|p1a: Pelipper|Weather Ball|p2a: Hydreigon
|-resisted|p2a: Hydreigon
|-damage|p2a: Hydreigon|74/100
|
|-weather|RainDance|[upkeep]
|upkeep
|turn|12
|
|t:|1760766744
|move|p2a: Hydreigon|Nasty Plot|p2a: Hydreigon
|-boost|p2a: Hydreigon|spa|2
|move|p1a: Pelipper|U-turn|p2a: Hydreigon
|-supereffective|p2a: Hydreigon
|-damage|p2a: Hydreigon|54/100
|
|t:|1760766759
|switch|p1a: Great Tusk|Great Tusk|100/100|[from] U-turn
|-enditem|p1a: Great Tusk|Booster Energy
|-activate|p1a: Great Tusk|ability: Protosynthesis|[fromitem]
|-start|p1a: Great Tusk|protosynthesisspe
|
|-weather|RainDance|[upkeep]
|upkeep
|turn|13
|inactive|somebodygetthedoor has 120 seconds left.
|
|t:|1760766807
|move|p1a: Great Tusk|Iron Head|p2a: Hydreigon
|-damage|p2a: Hydreigon|27/100
|cant|p2a: Hydreigon|flinch
|
|-weather|RainDance|[upkeep]
|upkeep
|turn|14
|
|t:|1760766815
|move|p1a: Great Tusk|Iron Head|p2a: Hydreigon
|-damage|p2a: Hydreigon|0 fnt
|faint|p2a: Hydreigon
|
|-weather|RainDance|[upkeep]
|upkeep
|inactive|somebodygetthedoor has 90 seconds left.
|
|t:|1760766843
|switch|p2a: Amoonguss|Amoonguss, M, shiny|100/100
|-damage|p2a: Amoonguss|88/100|[from] Spikes
|turn|15
|
|t:|1760766851
|-end|p1a: Great Tusk|Protosynthesis|[silent]
|switch|p1a: Slowking|Slowking-Galar, F|71/100
|move|p2a: Amoonguss|Protect||[still]
|-fail|p2a: Amoonguss
|
|-weather|none
|-heal|p1a: Slowking|77/100|[from] item: Black Sludge
|upkeep
|turn|16
|
|t:|1760766868
|switch|p2a: Gliscor|Gliscor, F, shiny|100/100 tox
|move|p1a: Slowking|Thunder Wave|p2a: Gliscor
|-immune|p2a: Gliscor
|
|-heal|p1a: Slowking|83/100|[from] item: Black Sludge
|upkeep
|turn|17
|
|t:|1760766877
|move|p2a: Gliscor|Earthquake|p1a: Slowking
|-supereffective|p1a: Slowking
|-damage|p1a: Slowking|28/100
|-prepare|p1a: Slowking|Chilly Reception|[premajor]
|move|p1a: Slowking|Chilly Reception|p1a: Slowking
|-weather|Snowscape
|
|t:|1760766881
|switch|p1a: Kyurem|Kyurem|100/100|[from] Chilly Reception
|-ability|p1a: Kyurem|Pressure
|
|-weather|Snowscape|[upkeep]
|upkeep
|turn|18
|inactive|somebodygetthedoor has 90 seconds left.
|inactive|somebodygetthedoor has 60 seconds left.
|
|t:|1760766944
|move|p1a: Kyurem|Freeze-Dry|p2a: Gliscor
|-supereffective|p2a: Gliscor
|-crit|p2a: Gliscor
|-damage|p2a: Gliscor|0 fnt
|faint|p2a: Gliscor
|
|-weather|Snowscape|[upkeep]
|upkeep
|
|t:|1760766949
|switch|p2a: Goodra|Goodra-Hisui, F|100/100
|-damage|p2a: Goodra|88/100|[from] Spikes
|turn|19
|inactive|somebodygetthedoor has 60 seconds left.
|
|t:|1760766966
|switch|p1a: Pelipper|Pelipper, M|100/100
|-weather|RainDance|[from] ability: Drizzle|[of] p1a: Pelipper
|move|p2a: Goodra|Flash Cannon|p1a: Pelipper
|-resisted|p1a: Pelipper
|-damage|p1a: Pelipper|84/100
|
|-weather|RainDance|[upkeep]
|upkeep
|turn|20
|
|t:|1760766978
|move|p1a: Pelipper|U-turn|p2a: Goodra
|-resisted|p2a: Goodra
|-damage|p2a: Goodra|84/100
|
|t:|1760766982
|switch|p1a: Great Tusk|Great Tusk|100/100|[from] U-turn
|move|p2a: Goodra|Knock Off|p1a: Great Tusk
|-resisted|p1a: Great Tusk
|-damage|p1a: Great Tusk|96/100
|
|-weather|RainDance|[upkeep]
|upkeep
|turn|21
|inactive|somebodygetthedoor has 60 seconds left.
|
|t:|1760766993
|-terastallize|p2a: Goodra|Fairy
|move|p1a: Great Tusk|Bulk Up|p1a: Great Tusk
|-boost|p1a: Great Tusk|atk|1
|-boost|p1a: Great Tusk|def|1
|move|p2a: Goodra|Ice Beam|p1a: Great Tusk
|-supereffective|p1a: Great Tusk
|-damage|p1a: Great Tusk|29/100
|
|-weather|RainDance|[upkeep]
|upkeep
|turn|22
|
|t:|1760767002
|move|p1a: Great Tusk|Iron Head|p2a: Goodra
|-supereffective|p2a: Goodra
|-damage|p2a: Goodra|17/100
|move|p2a: Goodra|Ice Beam|p1a: Great Tusk
|-supereffective|p1a: Great Tusk
|-damage|p1a: Great Tusk|0 fnt
|faint|p1a: Great Tusk
|-end|p1a: Great Tusk|Protosynthesis|[silent]
|
|-weather|RainDance|[upkeep]
|upkeep
|
|t:|1760767006
|switch|p1a: Samurott|Samurott-Hisui, F|1/100
|turn|23
|inactive|somebodygetthedoor has 60 seconds left.
|
|t:|1760767030
|move|p1a: Samurott|Razor Shell|p2a: Goodra
|-damage|p2a: Goodra|0 fnt
|faint|p2a: Goodra
|
|-weather|none
|upkeep
|inactive|somebodygetthedoor has 60 seconds left.
|
|t:|1760767036
|switch|p2a: Scizor|Scizor, F, shiny|23/100
|-damage|p2a: Scizor|11/100|[from] Spikes
|turn|24
|
|t:|1760767041
|move|p1a: Samurott|Sucker Punch|p2a: Scizor
|-damage|p2a: Scizor|0 fnt
|faint|p2a: Scizor
|
|upkeep
|
|t:|1760767046
|switch|p2a: Amoonguss|Amoonguss, M, shiny|100/100
|-damage|p2a: Amoonguss|88/100|[from] Spikes
|turn|25
|
|t:|1760767053
|-terastallize|p1a: Samurott|Water
|move|p1a: Samurott|Razor Shell|p2a: Amoonguss
|-resisted|p2a: Amoonguss
|-crit|p2a: Amoonguss
|-damage|p2a: Amoonguss|46/100
|-unboost|p2a: Amoonguss|def|1
|-damage|p1a: Samurott|0 fnt|[from] item: Rocky Helmet|[of] p2a: Amoonguss
|faint|p1a: Samurott
|move|p2a: Amoonguss|Toxic|p1: Samurott|[notarget]
|-fail|p2a: Amoonguss
|
|upkeep
|
|t:|1760767060
|switch|p1a: Kyurem|Kyurem|100/100
|-ability|p1a: Kyurem|Pressure
|turn|26
|inactive|somebodygetthedoor has 90 seconds left.
|
|t:|1760767065
|move|p2a: Amoonguss|Protect|p2a: Amoonguss
|-singleturn|p2a: Amoonguss|Protect
|move|p1a: Kyurem|Draco Meteor|p2a: Amoonguss
|-activate|p2a: Amoonguss|move: Protect
|
|upkeep
|turn|27
|
|t:|1760767073
|move|p1a: Kyurem|Draco Meteor|p2a: Amoonguss
|-damage|p2a: Amoonguss|0 fnt
|-unboost|p1a: Kyurem|spa|2
|faint|p2a: Amoonguss
|
|win|anderek
|raw|anderek's rating: 1117 &rarr; <strong>1141</strong><br />(+24 for winning)
|raw|somebodygetthedoor's rating: 1108 &rarr; <strong>1084</strong><br />(-24 for losing)
|l|☆anderek
|player|p1|
