|j|☆MicrowaveHeart
|j|☆steveurkle
|t:|1760746926
|gametype|singles
|player|p1|MicrowaveHeart|workerice|1592
|player|p2|steveurkle|101|1630
|gen|9
|tier|[Gen 9] OU
|rated|
|rule|HP Percentage Mod: HP is shown in percentages
|rule|Endless Battle Clause: Forcing endless battles is banned
|rule|Species Clause: Limit one of each Pokémon
|rule|OHKO Clause: OHKO moves are banned
|rule|Evasion Items Clause: Evasion items are banned
|rule|Evasion Moves Clause: Evasion moves are banned
|rule|Evasion Abilities Clause: Evasion abilities are banned
|rule|Sleep Moves Clause: Sleep-inducing moves are banned
|clearpoke
|poke|p1|Gholdengo|
|poke|p1|Incineroar, M|
|poke|p1|Ogerpon-Wellspring, F|
|poke|p1|Iron Treads|
|poke|p1|Tornadus-Therian, M|
|poke|p1|Mamoswine, F|
|poke|p2|Dragapult, F|
|poke|p2|Weezing-Galar, F|
|poke|p2|Slowking, F|
|poke|p2|Iron Boulder|
|poke|p2|Ting-Lu|
|poke|p2|Pelipper, M|
|teampreview
|l|☆steveurkle
|player|p2|
|j|☆steveurkle
|player|p2|steveurkle|101|
|
|t:|1760746966
|teamsize|p1|6
|teamsize|p2|6
|start
|switch|p1a: Tornadus|Tornadus-Therian, M|100/100
|switch|p2a: Pelipper|Pelipper, M|100/100
|-weather|RainDance|[from] ability: Drizzle|[of] p2a: Pelipper
|turn|1
|
|t:|1760746973
|move|p1a: Tornadus|Knock Off|p2a: Pelipper
|-damage|p2a: Pelipper|78/100
|-enditem|p2a: Pelipper|Choice Specs|[from] move: Knock Off|[of] p1a: Tornadus
|move|p2a: Pelipper|Hurricane|p1a: Tornadus
|-damage|p1a: Tornadus|64/100
|-start|p1a: Tornadus|confusion
|
|-weather|RainDance|[upkeep]
|upkeep
|turn|2
|
|t:|1760746987
|-activate|p1a: Tornadus|confusion
|move|p1a: Tornadus|Bleakwind Storm|p2a: Pelipper
|-damage|p2a: Pelipper|28/100
|move|p2a: Pelipper|Hurricane|p1a: Tornadus
|-damage|p1a: Tornadus|30/100
|
|-weather|RainDance|[upkeep]
|upkeep
|turn|3
|
|t:|1760747001
|-activate|p1a: Tornadus|confusion
|move|p1a: Tornadus|Bleakwind Storm|p2a: Pelipper
|-damage|p2a: Pelipper|0 fnt
|faint|p2a: Pelipper
|
|-weather|RainDance|[upkeep]
|upkeep
|
|t:|1760747011
|switch|p2a: Dragapult|Dragapult, F|100/100
|turn|4
|
|t:|1760747018
|switch|p1a: Incineroar|Incineroar, M|100/100
|-ability|p1a: Incineroar|Intimidate|boost
|-fail|p2a: Dragapult|unboost|[from] ability: Clear Body|[of] p2a: Dragapult
|move|p2a: Dragapult|Dragon Darts|p1a: Incineroar
|-damage|p1a: Incineroar|75/100
|-anim|p2a: Dragapult|Dragon Darts|p1a: Incineroar
|-damage|p1a: Incineroar|50/100
|
|-weather|RainDance|[upkeep]
|upkeep
|turn|5
|
|t:|1760747029
|switch|p1a: Iron Treads|Iron Treads|100/100
|move|p2a: Dragapult|Dragon Darts|p1a: Iron Treads
|-resisted|p1a: Iron Treads
|-damage|p1a: Iron Treads|87/100
|-anim|p2a: Dragapult|Dragon Darts|p1a: Iron Treads
|-resisted|p1a: Iron Treads
|-damage|p1a: Iron Treads|73/100
|
|-weather|none
|-heal|p1a: Iron Treads|79/100|[from] item: Leftovers
|upkeep
|turn|6
|
|t:|1760747046
|switch|p2a: Slowking|Slowking, F|100/100
|move|p1a: Iron Treads|Knock Off|p2a: Slowking
|-supereffective|p2a: Slowking
|-enditem|p2a: Slowking|Colbur Berry|[eat]
|-enditem|p2a: Slowking|Colbur Berry|[weaken]
|-damage|p2a: Slowking|78/100
|
|-heal|p1a: Iron Treads|85/100|[from] item: Leftovers
|upkeep
|turn|7
|
|t:|1760747060
|-end|p1a: Iron Treads|Quark Drive|[silent]
|switch|p1a: Ogerpon|Ogerpon-Wellspring, F|100/100
|move|p2a: Slowking|Future Sight|p1a: Ogerpon
|-start|p2a: Slowking|move: Future Sight
|
|upkeep
|turn|8
|inactive|Battle timer is ON: inactive players will automatically lose when time's up. (requested by steveurkle)
|
|t:|1760747094
|switch|p2a: Weezing|Weezing-Galar, F|100/100
|-ability|p2a: Weezing|Neutralizing Gas
|move|p1a: Ogerpon|Swords Dance|p1a: Ogerpon
|-boost|p1a: Ogerpon|atk|2
|
|upkeep
|turn|9
|
|t:|1760747108
|-terastallize|p1a: Ogerpon|Water
|detailschange|p1a: Ogerpon|Ogerpon-Wellspring-Tera, F, tera:Water
|move|p1a: Ogerpon|Ivy Cudgel|p2a: Weezing|[anim] Ivy Cudgel Water
|-damage|p2a: Weezing|0 fnt
|faint|p2a: Weezing
|-end|p2a: Weezing|ability: Neutralizing Gas
|-ability|p1a: Ogerpon|Embody Aspect (Wellspring)|boost
|-boost|p1a: Ogerpon|spd|1
|
|-end|p1a: Ogerpon|move: Future Sight
|-damage|p1a: Ogerpon|68/100
|upkeep
|
|t:|1760747122
|switch|p2a: Dragapult|Dragapult, F|100/100
|turn|10
|
|t:|1760747135
|switch|p1a: Iron Treads|Iron Treads|85/100
|move|p2a: Dragapult|U-turn|p1a: Iron Treads
|-resisted|p1a: Iron Treads
|-crit|p1a: Iron Treads
|-damage|p1a: Iron Treads|67/100
|
|t:|1760747146
|switch|p2a: Slowking|Slowking, F|100/100|[from] U-turn
|
|-heal|p1a: Iron Treads|73/100|[from] item: Leftovers
|upkeep
|turn|11
|
|t:|1760747153
|move|p1a: Iron Treads|Stealth Rock|p2a: Slowking
|-sidestart|p2: steveurkle|move: Stealth Rock
|move|p2a: Slowking|Scald|p1a: Iron Treads
|-supereffective|p1a: Iron Treads
|-damage|p1a: Iron Treads|32/100
|
|-heal|p1a: Iron Treads|39/100|[from] item: Leftovers
|upkeep
|turn|12
|
|t:|1760747168
|-end|p1a: Iron Treads|Quark Drive|[silent]
|switch|p1a: Tornadus|Tornadus-Therian, M|63/100
|move|p2a: Slowking|Scald|p1a: Tornadus
|-damage|p1a: Tornadus|44/100
|
|upkeep
|turn|13
|
|t:|1760747181
|move|p1a: Tornadus|U-turn|p2a: Slowking
|-supereffective|p2a: Slowking
|-damage|p2a: Slowking|75/100
|
|t:|1760747184
|switch|p1a: Ogerpon|Ogerpon-Wellspring-Tera, F, tera:Water|68/100|[from] U-turn
|-ability|p1a: Ogerpon|Embody Aspect (Wellspring)|boost
|-boost|p1a: Ogerpon|spd|1
|move|p2a: Slowking|Scald|p1a: Ogerpon
|-resisted|p1a: Ogerpon
|-damage|p1a: Ogerpon|57/100
|
|upkeep
|turn|14
|
|t:|1760747200
|switch|p2a: Dragapult|Dragapult, F|100/100
|-damage|p2a: Dragapult|88/100|[from] Stealth Rock
|move|p1a: Ogerpon|Horn Leech|p2a: Dragapult
|-resisted|p2a: Dragapult
|-crit|p2a: Dragapult
|-damage|p2a: Dragapult|42/100
|-heal|p1a: Ogerpon|82/100|[from] drain|[of] p2a: Dragapult
|
|upkeep
|turn|15
|
|t:|1760747214
|switch|p1a: Iron Treads|Iron Treads|39/100
|move|p2a: Dragapult|Dragon Darts|p1a: Iron Treads
|-resisted|p1a: Iron Treads
|-damage|p1a: Iron Treads|25/100
|-anim|p2a: Dragapult|Dragon Darts|p1a: Iron Treads
|-resisted|p1a: Iron Treads
|-damage|p1a: Iron Treads|11/100
|
|-heal|p1a: Iron Treads|17/100|[from] item: Leftovers
|upkeep
|turn|16
|
|t:|1760747228
|move|p2a: Dragapult|Dragon Darts|p1a: Iron Treads
|-resisted|p1a: Iron Treads
|-damage|p1a: Iron Treads|4/100
|-anim|p2a: Dragapult|Dragon Darts|p1a: Iron Treads
|-resisted|p1a: Iron Treads
|-damage|p1a: Iron Treads|0 fnt
|faint|p1a: Iron Treads
|-end|p1a: Iron Treads|Quark Drive|[silent]
|
|upkeep
|
|t:|1760747242
|switch|p1a: Mamoswine|Mamoswine, F, shiny|100/100
|turn|17
|
|t:|1760747246
|switch|p2a: Slowking|Slowking, F|100/100
|-damage|p2a: Slowking|88/100|[from] Stealth Rock
|move|p1a: Mamoswine|Curse|p1a: Mamoswine
|-unboost|p1a: Mamoswine|spe|1
|-boost|p1a: Mamoswine|atk|1
|-boost|p1a: Mamoswine|def|1
|
|upkeep
|turn|18
|
|t:|1760747260
|move|p1a: Mamoswine|Earthquake|p2a: Slowking
|-damage|p2a: Slowking|22/100
|move|p2a: Slowking|Scald|p1a: Mamoswine
|-supereffective|p1a: Mamoswine
|-damage|p1a: Mamoswine|35/100
|-status|p1a: Mamoswine|brn
|
|-damage|p1a: Mamoswine|29/100 brn|[from] brn
|upkeep
|turn|19
|
|t:|1760747272
|switch|p2a: Ting-Lu|Ting-Lu|100/100
|-damage|p2a: Ting-Lu|94/100|[from] Stealth Rock
|-ability|p2a: Ting-Lu|Vessel of Ruin
|move|p1a: Mamoswine|Earthquake|p2a: Ting-Lu
|-damage|p2a: Ting-Lu|72/100
|
|-heal|p2a: Ting-Lu|78/100|[from] item: Leftovers
|-damage|p1a: Mamoswine|23/100 brn|[from] brn
|upkeep
|turn|20
|
|t:|1760747283
|move|p1a: Mamoswine|Icicle Crash|p2a: Ting-Lu
|-supereffective|p2a: Ting-Lu
|-crit|p2a: Ting-Lu
|-damage|p2a: Ting-Lu|22/100
|move|p2a: Ting-Lu|Stealth Rock|p1a: Mamoswine
|-sidestart|p1: MicrowaveHeart|move: Stealth Rock
|
|-heal|p2a: Ting-Lu|29/100|[from] item: Leftovers
|-damage|p1a: Mamoswine|17/100 brn|[from] brn
|upkeep
|turn|21
|
|t:|1760747298
|move|p1a: Mamoswine|Earthquake|p2a: Ting-Lu
|-damage|p2a: Ting-Lu|7/100
|move|p2a: Ting-Lu|Whirlwind|p1a: Mamoswine
|drag|p1a: Incineroar|Incineroar, M|50/100
|-ability|p1a: Incineroar|Intimidate|boost
|-unboost|p2a: Ting-Lu|atk|1
|
|-heal|p2a: Ting-Lu|13/100|[from] item: Leftovers
|upkeep
|turn|22
|
|t:|1760747309
|move|p1a: Incineroar|Flare Blitz|p2a: Ting-Lu
|-damage|p2a: Ting-Lu|0 fnt
|faint|p2a: Ting-Lu
|-damage|p1a: Incineroar|45/100|[from] Recoil
|
|upkeep
|
|t:|1760747319
|switch|p2a: Dragapult|Dragapult, F|42/100
|-damage|p2a: Dragapult|30/100|[from] Stealth Rock
|turn|23
|
|t:|1760747328
|switch|p1a: Mamoswine|Mamoswine, F, shiny|17/100 brn
|-damage|p1a: Mamoswine|5/100 brn|[from] Stealth Rock
|move|p2a: Dragapult|Dragon Darts|p1a: Mamoswine
|-crit|p1a: Mamoswine
|-damage|p1a: Mamoswine|0 fnt
|faint|p1a: Mamoswine
|
|upkeep
|
|t:|1760747337
|switch|p1a: Gholdengo|Gholdengo|100/100
|-damage|p1a: Gholdengo|94/100|[from] Stealth Rock
|turn|24
|
|t:|1760747341
|switch|p2a: Slowking|Slowking, F|55/100
|-damage|p2a: Slowking|43/100|[from] Stealth Rock
|move|p1a: Gholdengo|Thunder Wave|p2a: Slowking
|-status|p2a: Slowking|par
|
|-heal|p1a: Gholdengo|100/100|[from] item: Leftovers
|upkeep
|turn|25
|
|t:|1760747354
|move|p1a: Gholdengo|Hex|p2a: Slowking
|-supereffective|p2a: Slowking
|-damage|p2a: Slowking|0 fnt
|faint|p2a: Slowking
|
|upkeep
|
|t:|1760747369
|switch|p2a: Dragapult|Dragapult, F|30/100
|-damage|p2a: Dragapult|18/100|[from] Stealth Rock
|turn|26
|
|t:|1760747392
|switch|p1a: Tornadus|Tornadus-Therian, M|78/100
|-damage|p1a: Tornadus|53/100|[from] Stealth Rock
|move|p2a: Dragapult|Phantom Force||[still]
|-prepare|p2a: Dragapult|Phantom Force
|
|upkeep
|turn|27
|
|t:|1760747401
|switch|p1a: Incineroar|Incineroar, M|45/100
|-ability|p1a: Incineroar|Intimidate|boost
|-fail|p2a: Dragapult|unboost|[from] ability: Clear Body|[of] p2a: Dragapult
|move|p2a: Dragapult|Phantom Force|p1a: Incineroar|[from] lockedmove
|-resisted|p1a: Incineroar
|-damage|p1a: Incineroar|22/100
|
|upkeep
|turn|28
|
|t:|1760747415
|-terastallize|p2a: Dragapult|Dragon
|move|p2a: Dragapult|Phantom Force||[still]
|-prepare|p2a: Dragapult|Phantom Force
|move|p1a: Incineroar|Parting Shot|p2a: Dragapult|[miss]
|-miss|p1a: Incineroar|p2a: Dragapult
|
|upkeep
|turn|29
|inactive|MicrowaveHeart has 120 seconds left.
|l|☆steveurkle
|inactive|steveurkle disconnected and has a minute to reconnect!
|player|p2|
|
|t:|1760747447
|switch|p1a: Tornadus|Tornadus-Therian, M|86/100
|-damage|p1a: Tornadus|61/100|[from] Stealth Rock
|move|p2a: Dragapult|Phantom Force|p1a: Tornadus|[from] lockedmove
|-damage|p1a: Tornadus|0 fnt
|faint|p1a: Tornadus
|
|upkeep
|j|☆steveurkle
|inactive|steveurkle reconnected.
|player|p2|steveurkle|101|
|
|t:|1760747462
|switch|p1a: Gholdengo|Gholdengo|100/100
|-damage|p1a: Gholdengo|94/100|[from] Stealth Rock
|turn|30
|
|t:|1760747469
|move|p2a: Dragapult|Phantom Force||[still]
|-prepare|p2a: Dragapult|Phantom Force
|move|p1a: Gholdengo|Thunder Wave|p2a: Dragapult|[miss]
|-miss|p1a: Gholdengo|p2a: Dragapult
|
|-heal|p1a: Gholdengo|100/100|[from] item: Leftovers
|upkeep
|turn|31
|inactive|MicrowaveHeart has 120 seconds left.
|
|t:|1760747482
|move|p2a: Dragapult|Phantom Force|p1a: Gholdengo|[from] lockedmove
|-supereffective|p1a: Gholdengo
|-damage|p1a: Gholdengo|11/100
|move|p1a: Gholdengo|Hex|p2a: Dragapult
|-damage|p2a: Dragapult|0 fnt
|faint|p2a: Dragapult
|
|-heal|p1a: Gholdengo|17/100|[from] item: Leftovers
|upkeep
|
|t:|1760747492
|switch|p2a: Iron Boulder|Iron Boulder|100/100
|-damage|p2a: Iron Boulder|88/100|[from] Stealth Rock
|-enditem|p2a: Iron Boulder|Booster Energy
|-activate|p2a: Iron Boulder|ability: Quark Drive|[fromitem]
|-start|p2a: Iron Boulder|quarkdrivespe
|turn|32
|
|t:|1760747501
|move|p2a: Iron Boulder|Earthquake|p1a: Gholdengo
|-supereffective|p1a: Gholdengo
|-damage|p1a: Gholdengo|0 fnt
|faint|p1a: Gholdengo
|
|upkeep
|
|t:|1760747506
|switch|p1a: Incineroar|Incineroar, M|22/100
|-ability|p1a: Incineroar|Intimidate|boost
|-unboost|p2a: Iron Boulder|atk|1
|turn|33
|
|t:|1760747512
|move|p2a: Iron Boulder|Swords Dance|p2a: Iron Boulder
|-boost|p2a: Iron Boulder|atk|2
|move|p1a: Incineroar|Will-O-Wisp|p2a: Iron Boulder
|-status|p2a: Iron Boulder|brn
|
|-damage|p2a: Iron Boulder|82/100 brn|[from] brn
|upkeep
|turn|34
|
|t:|1760747524
|move|p2a: Iron Boulder|Swords Dance|p2a: Iron Boulder
|-boost|p2a: Iron Boulder|atk|2
|move|p1a: Incineroar|Parting Shot|p2a: Iron Boulder
|-unboost|p2a: Iron Boulder|atk|1
|-unboost|p2a: Iron Boulder|spa|1
|
|t:|1760747531
|switch|p1a: Ogerpon|Ogerpon-Wellspring-Tera, F, tera:Water|82/100|[from] Parting Shot
|-damage|p1a: Ogerpon|69/100|[from] Stealth Rock
|-ability|p1a: Ogerpon|Embody Aspect (Wellspring)|boost
|-boost|p1a: Ogerpon|spd|1
|
|-damage|p2a: Iron Boulder|76/100 brn|[from] brn
|upkeep
|turn|35
|
|t:|1760747540
|switch|p1a: Incineroar|Incineroar, M|22/100
|-ability|p1a: Incineroar|Intimidate|boost
|-unboost|p2a: Iron Boulder|atk|1
|move|p2a: Iron Boulder|Mighty Cleave|p1a: Incineroar
|-supereffective|p1a: Incineroar
|-damage|p1a: Incineroar|0 fnt
|faint|p1a: Incineroar
|
|-damage|p2a: Iron Boulder|69/100 brn|[from] brn
|upkeep
|
|t:|1760747551
|switch|p1a: Ogerpon|Ogerpon-Wellspring-Tera, F, tera:Water|69/100
|-damage|p1a: Ogerpon|57/100|[from] Stealth Rock
|-ability|p1a: Ogerpon|Embody Aspect (Wellspring)|boost
|-boost|p1a: Ogerpon|spd|1
|turn|36
|
|t:|1760747556
|move|p2a: Iron Boulder|Mighty Cleave|p1a: Ogerpon
|-damage|p1a: Ogerpon|12/100
|move|p1a: Ogerpon|Ivy Cudgel|p2a: Iron Boulder|[anim] Ivy Cudgel Water
|-supereffective|p2a: Iron Boulder
|-damage|p2a: Iron Boulder|0 fnt
|faint|p2a: Iron Boulder
|-end|p2a: Iron Boulder|Quark Drive|[silent]
|
|win|MicrowaveHeart
|raw|MicrowaveHeart's rating: 1592 &rarr; <strong>1614</strong><br />(+22 for winning)
|raw|steveurkle's rating: 1630 &rarr; <strong>1608</strong><br />(-22 for losing)
|l|☆steveurkle
|player|p2|
|l|☆MicrowaveHeart
|player|p1|
