|j|☆aarush132451
|j|☆Xebec777
|t:|1760852712
|gametype|singles
|player|p1|aarush132451|volkner|1203
|player|p2|Xebec777|hilbert|1152
|gen|9
|tier|[Gen 9] OU
|rated|
|rule|HP Percentage Mod: HP is shown in percentages
|rule|Endless Battle Clause: Forcing endless battles is banned
|rule|Species Clause: Limit one of each Pokémon
|rule|OHKO Clause: OHKO moves are banned
|rule|Evasion Items Clause: Evasion items are banned
|rule|Evasion Moves Clause: Evasion moves are banned
|rule|Evasion Abilities Clause: Evasion abilities are banned
|rule|Sleep Moves Clause: Sleep-inducing moves are banned
|clearpoke
|poke|p1|Greninja-*, M|
|poke|p1|Dragonite, M|
|poke|p1|Blaziken, M|
|poke|p1|Iron Treads|
|poke|p1|Vikavolt, F|
|poke|p1|Umbreon, F|
|poke|p2|Incineroar, F|
|poke|p2|Dragonite, M|
|poke|p2|Corviknight, F|
|poke|p2|Glastrier|
|poke|p2|Deoxys-Defense|
|poke|p2|Iron Boulder|
|teampreview
|inactive|Battle timer is ON: inactive players will automatically lose when time's up. (requested by Xebec777)
|
|t:|1760852734
|teamsize|p1|6
|teamsize|p2|6
|start
|switch|p1a: Iron Treads|Iron Treads|100/100
|switch|p2a: Incineroar|Incineroar, F|100/100
|-ability|p2a: Incineroar|Intimidate|boost
|-unboost|p1a: Iron Treads|atk|1
|-enditem|p1a: Iron Treads|Booster Energy
|-activate|p1a: Iron Treads|ability: Quark Drive|[fromitem]
|-start|p1a: Iron Treads|quarkdrivespe
|turn|1
|
|t:|1760852746
|switch|p2a: Corviknight|Corviknight, F|100/100
|move|p1a: Iron Treads|Earthquake|p2a: Corviknight
|-immune|p2a: Corviknight
|
|upkeep
|turn|2
|
|t:|1760852757
|move|p1a: Iron Treads|Stealth Rock|p2a: Corviknight
|-sidestart|p2: Xebec777|move: Stealth Rock
|move|p2a: Corviknight|Iron Defense|p2a: Corviknight
|-boost|p2a: Corviknight|def|2
|
|upkeep
|turn|3
|
|t:|1760852767
|-end|p1a: Iron Treads|Quark Drive|[silent]
|switch|p1a: Vikavolt|Vikavolt, F, shiny|100/100
|move|p2a: Corviknight|Defog|p1a: Vikavolt
|-unboost|p1a: Vikavolt|evasion|1
|-sideend|p2: Xebec777|Stealth Rock|[from] move: Defog|[of] p2a: Corviknight
|
|upkeep
|turn|4
|
|t:|1760852776
|move|p1a: Vikavolt|Thunderbolt|p2a: Corviknight
|-supereffective|p2a: Corviknight
|-damage|p2a: Corviknight|4/100
|move|p2a: Corviknight|Body Press|p1a: Vikavolt
|-resisted|p1a: Vikavolt
|-damage|p1a: Vikavolt|70/100
|
|upkeep
|turn|5
|
|t:|1760852784
|move|p1a: Vikavolt|Agility|p1a: Vikavolt
|-boost|p1a: Vikavolt|spe|2
|move|p2a: Corviknight|Body Press|p1a: Vikavolt
|-resisted|p1a: Vikavolt
|-damage|p1a: Vikavolt|40/100
|
|upkeep
|turn|6
|
|t:|1760852793
|move|p1a: Vikavolt|Bug Buzz|p2a: Corviknight
|-resisted|p2a: Corviknight
|-damage|p2a: Corviknight|0 fnt
|faint|p2a: Corviknight
|-enditem|p1a: Vikavolt|Throat Spray
|-boost|p1a: Vikavolt|spa|1|[from] item: Throat Spray
|
|upkeep
|
|t:|1760852802
|switch|p2a: Glastrier|Glastrier|100/100
|turn|7
|
|t:|1760852808
|-terastallize|p1a: Vikavolt|Electric
|move|p1a: Vikavolt|Thunderbolt|p2a: Glastrier
|-damage|p2a: Glastrier|25/100
|move|p2a: Glastrier|Icicle Crash|p1a: Vikavolt
|-damage|p1a: Vikavolt|0 fnt
|faint|p1a: Vikavolt
|-ability|p2a: Glastrier|Chilling Neigh|boost
|-boost|p2a: Glastrier|atk|1
|
|-heal|p2a: Glastrier|31/100|[from] item: Leftovers
|upkeep
|
|t:|1760852823
|switch|p1a: Greninja|Greninja, M|100/100
|turn|8
|
|t:|1760852843
|move|p1a: Greninja|Hydro Pump|p2a: Glastrier
|-damage|p2a: Glastrier|0 fnt
|faint|p2a: Glastrier
|-ability|p1a: Greninja|Battle Bond|boost
|-boost|p1a: Greninja|atk|1
|-boost|p1a: Greninja|spa|1
|-boost|p1a: Greninja|spe|1
|-activate|p1a: Greninja|ability: Battle Bond
|
|upkeep
|
|t:|1760852851
|switch|p2a: Deoxys|Deoxys-Defense|100/100
|-ability|p2a: Deoxys|Pressure
|turn|9
|
|t:|1760852857
|move|p1a: Greninja|Dark Pulse|p2a: Deoxys
|-supereffective|p2a: Deoxys
|-damage|p2a: Deoxys|25/100
|cant|p2a: Deoxys|flinch
|
|upkeep
|turn|10
|
|t:|1760852865
|move|p1a: Greninja|Dark Pulse|p2a: Deoxys
|-supereffective|p2a: Deoxys
|-damage|p2a: Deoxys|0 fnt
|faint|p2a: Deoxys
|
|upkeep
|
|t:|1760852880
|switch|p2a: Incineroar|Incineroar, F|100/100
|-ability|p2a: Incineroar|Intimidate|boost
|-unboost|p1a: Greninja|atk|1
|turn|11
|
|t:|1760852885
|-terastallize|p2a: Incineroar|Water
|move|p1a: Greninja|Hydro Pump|p2a: Incineroar|[miss]
|-miss|p1a: Greninja|p2a: Incineroar
|move|p2a: Incineroar|Drain Punch|p1a: Greninja
|-supereffective|p1a: Greninja
|-damage|p1a: Greninja|23/100
|
|upkeep
|turn|12
|
|t:|1760852896
|move|p1a: Greninja|Dark Pulse|p2a: Incineroar
|-crit|p2a: Incineroar
|-damage|p2a: Incineroar|31/100
|-enditem|p2a: Incineroar|Sitrus Berry|[eat]
|-heal|p2a: Incineroar|56/100|[from] item: Sitrus Berry
|move|p2a: Incineroar|Bulk Up|p2a: Incineroar
|-boost|p2a: Incineroar|atk|1
|-boost|p2a: Incineroar|def|1
|
|upkeep
|turn|13
|
|t:|1760852906
|move|p1a: Greninja|Dark Pulse|p2a: Incineroar
|-damage|p2a: Incineroar|9/100
|move|p2a: Incineroar|Drain Punch|p1a: Greninja
|-supereffective|p1a: Greninja
|-damage|p1a: Greninja|0 fnt
|-heal|p2a: Incineroar|18/100|[from] drain|[of] p1a: Greninja
|faint|p1a: Greninja
|
|upkeep
|
|t:|1760852919
|switch|p1a: Dragonite|Dragonite, M|100/100
|turn|14
|
|t:|1760852923
|move|p1a: Dragonite|Dragon Dance|p1a: Dragonite
|-boost|p1a: Dragonite|atk|1
|-boost|p1a: Dragonite|spe|1
|move|p2a: Incineroar|Will-O-Wisp|p1a: Dragonite
|-status|p1a: Dragonite|brn
|
|-damage|p1a: Dragonite|94/100 brn|[from] brn
|upkeep
|turn|15
|
|t:|1760852929
|move|p1a: Dragonite|Dragon Claw|p2a: Incineroar
|-damage|p2a: Incineroar|2/100
|move|p2a: Incineroar|Flare Blitz|p1a: Dragonite
|-resisted|p1a: Dragonite
|-damage|p1a: Dragonite|53/100 brn
|-damage|p2a: Incineroar|0 fnt|[from] Recoil
|faint|p2a: Incineroar
|
|-damage|p1a: Dragonite|46/100 brn|[from] brn
|upkeep
|
|t:|1760852944
|switch|p2a: Dragonite|Dragonite, M|100/100
|turn|16
|
|t:|1760852948
|move|p1a: Dragonite|Dragon Claw|p2a: Dragonite
|-supereffective|p2a: Dragonite
|-damage|p2a: Dragonite|32/100
|-enditem|p2a: Dragonite|Weakness Policy
|-boost|p2a: Dragonite|atk|2|[from] item: Weakness Policy
|-boost|p2a: Dragonite|spa|2|[from] item: Weakness Policy
|move|p2a: Dragonite|Dragon Dance|p2a: Dragonite
|-boost|p2a: Dragonite|atk|1
|-boost|p2a: Dragonite|spe|1
|
|-damage|p1a: Dragonite|40/100 brn|[from] brn
|upkeep
|turn|17
|
|t:|1760852956
|move|p2a: Dragonite|Dragon Claw|p1a: Dragonite
|-supereffective|p1a: Dragonite
|-damage|p1a: Dragonite|0 fnt
|faint|p1a: Dragonite
|
|upkeep
|
|t:|1760852960
|switch|p1a: Iron Treads|Iron Treads|100/100
|turn|18
|
|t:|1760852964
|move|p2a: Dragonite|Earthquake|p1a: Iron Treads
|-supereffective|p1a: Iron Treads
|-damage|p1a: Iron Treads|0 fnt
|faint|p1a: Iron Treads
|-end|p1a: Iron Treads|Quark Drive|[silent]
|
|upkeep
|
|t:|1760852968
|switch|p1a: Umbreon|Umbreon, F, shiny|100/100
|turn|19
|
|t:|1760852972
|move|p2a: Dragonite|Dragon Claw|p1a: Umbreon
|-damage|p1a: Umbreon|34/100
|move|p1a: Umbreon|Foul Play|p2a: Dragonite
|-damage|p2a: Dragonite|0 fnt
|faint|p2a: Dragonite
|
|-heal|p1a: Umbreon|40/100|[from] item: Leftovers
|upkeep
|
|t:|1760852976
|switch|p2a: Iron Boulder|Iron Boulder|100/100
|-enditem|p2a: Iron Boulder|Booster Energy
|-activate|p2a: Iron Boulder|ability: Quark Drive|[fromitem]
|-start|p2a: Iron Boulder|quarkdrivespe
|turn|20
|
|t:|1760852986
|move|p2a: Iron Boulder|Mighty Cleave|p1a: Umbreon
|-damage|p1a: Umbreon|11/100
|move|p1a: Umbreon|Foul Play|p2a: Iron Boulder
|-supereffective|p2a: Iron Boulder
|-damage|p2a: Iron Boulder|0 fnt
|faint|p2a: Iron Boulder
|-end|p2a: Iron Boulder|Quark Drive|[silent]
|
|win|aarush132451
|raw|aarush132451's rating: 1203 &rarr; <strong>1224</strong><br />(+21 for winning)
|raw|Xebec777's rating: 1152 &rarr; <strong>1131</strong><br />(-21 for losing)
|l|☆Xebec777
|player|p2|
|l|☆aarush132451
|player|p1|
