|j|☆ballred
|j|☆supamoneybags
|t:|1760719996
|gametype|singles
|player|p1|ballred|2|1407
|player|p2|supamoneybags|169|1395
|gen|9
|tier|[Gen 9] OU
|rated|
|rule|HP Percentage Mod: HP is shown in percentages
|rule|Endless Battle Clause: Forcing endless battles is banned
|rule|Species Clause: Limit one of each Pokémon
|rule|OHKO Clause: OHKO moves are banned
|rule|Evasion Items Clause: Evasion items are banned
|rule|Evasion Moves Clause: Evasion moves are banned
|rule|Evasion Abilities Clause: Evasion abilities are banned
|rule|Sleep Moves Clause: Sleep-inducing moves are banned
|clearpoke
|poke|p1|Metagross|
|poke|p1|Cinderace, M|
|poke|p1|Hydrapple, F|
|poke|p1|Landorus-Therian, M|
|poke|p1|Raging Bolt|
|poke|p1|Alomomola, M|
|poke|p2|Mandibuzz, F|
|poke|p2|Cobalion|
|poke|p2|Slowking-Galar, M|
|poke|p2|Great Tusk|
|poke|p2|Corviknight, M|
|poke|p2|Clefable, M|
|teampreview
|inactive|Battle timer is ON: inactive players will automatically lose when time's up. (requested by supamoneybags)
|inactive|supamoneybags has 120 seconds left.
|
|t:|1760720034
|teamsize|p1|6
|teamsize|p2|6
|start
|switch|p1a: Applecrisp|Hydrapple, F|100/100
|switch|p2a: Cobalion|Cobalion|100/100
|turn|1
|
|t:|1760720046
|move|p2a: Cobalion|Volt Switch|p1a: Applecrisp
|-resisted|p1a: Applecrisp
|-damage|p1a: Applecrisp|96/100
|
|t:|1760720048
|switch|p2a: Clefable|Clefable, M|100/100|[from] Volt Switch
|move|p1a: Applecrisp|Earth Power|p2a: Clefable
|-damage|p2a: Clefable|78/100
|
|upkeep
|turn|2
|
|t:|1760720057
|switch|p1a: Professor X|Metagross, shiny|100/100
|move|p2a: Clefable|Moonblast|p1a: Professor X
|-resisted|p1a: Professor X
|-damage|p1a: Professor X|84/100
|
|-heal|p1a: Professor X|90/100|[from] item: Leftovers
|upkeep
|turn|3
|
|t:|1760720065
|switch|p2a: Corviknight|Corviknight, M|100/100
|-ability|p2a: Corviknight|Pressure
|move|p1a: Professor X|Knock Off|p2a: Corviknight
|-damage|p2a: Corviknight|76/100
|-enditem|p2a: Corviknight|Leftovers|[from] move: Knock Off|[of] p1a: Professor X
|
|-heal|p1a: Professor X|96/100|[from] item: Leftovers
|upkeep
|turn|4
|
|t:|1760720068
|switch|p1a: Chucharito|Cinderace, M|100/100
|move|p2a: Corviknight|U-turn|p1a: Chucharito
|-resisted|p1a: Chucharito
|-damage|p1a: Chucharito|90/100
|
|t:|1760720074
|switch|p2a: Slowking|Slowking-Galar, M|100/100|[from] U-turn
|
|upkeep
|turn|5
|
|t:|1760720085
|move|p1a: Chucharito|Pyro Ball|p2a: Slowking
|-damage|p2a: Slowking|40/100
|move|p2a: Slowking|Flamethrower|p1a: Chucharito
|-resisted|p1a: Chucharito
|-damage|p1a: Chucharito|70/100
|
|upkeep
|turn|6
|
|t:|1760720090
|switch|p2a: Great Tusk|Great Tusk|100/100
|-enditem|p2a: Great Tusk|Booster Energy
|-activate|p2a: Great Tusk|ability: Protosynthesis|[fromitem]
|-start|p2a: Great Tusk|protosynthesisspe
|move|p1a: Chucharito|Pyro Ball|p2a: Great Tusk
|-damage|p2a: Great Tusk|63/100
|
|upkeep
|turn|7
|
|t:|1760720106
|-end|p2a: Great Tusk|Protosynthesis|[silent]
|switch|p2a: Clefable|Clefable, M|78/100
|switch|p1a: Bubba|Alomomola, M|100/100
|
|upkeep
|turn|8
|
|t:|1760720112
|move|p2a: Clefable|Thunderbolt|p1a: Bubba
|-supereffective|p1a: Bubba
|-damage|p1a: Bubba|50/100
|move|p1a: Bubba|Flip Turn|p2a: Clefable
|-damage|p2a: Clefable|59/100
|inactive|ballred has 120 seconds left.
|inactive|ballred has 90 seconds left.
|inactive|ballred has 60 seconds left.
|inactive|ballred has 30 seconds left.
|inactive|ballred has 20 seconds left.
|inactive|ballred has 15 seconds left.
|inactive|ballred has 10 seconds left.
|inactive|ballred has 5 seconds left.
|-message|ballred lost due to inactivity.
|
|win|supamoneybags
|raw|ballred's rating: 1407 &rarr; <strong>1386</strong><br />(-21 for losing)
|raw|supamoneybags's rating: 1395 &rarr; <strong>1416</strong><br />(+21 for winning)
|l|☆supamoneybags
|player|p2|
|l|☆ballred
|player|p1|
