|j|☆XxZetaX
|j|☆Tito31
|t:|1760837967
|gametype|singles
|player|p1|XxZetaX|1|
|player|p2|Tito31|hilbert|
|gen|9
|tier|[Gen 9] OU
|rule|HP Percentage Mod: HP is shown in percentages
|rule|Endless Battle Clause: Forcing endless battles is banned
|rule|Species Clause: Limit one of each Pokémon
|rule|OHKO Clause: OHKO moves are banned
|rule|Evasion Items Clause: Evasion items are banned
|rule|Evasion Moves Clause: Evasion moves are banned
|rule|Evasion Abilities Clause: Evasion abilities are banned
|rule|Sleep Moves Clause: Sleep-inducing moves are banned
|clearpoke
|poke|p1|Landorus-Therian, M|
|poke|p1|Rotom-Wash|
|poke|p1|Slowbro, M|
|poke|p1|Hydreigon, M|
|poke|p1|Mienshao, F|
|poke|p1|Toxtricity, F|
|poke|p2|Garganacl, M|
|poke|p2|Iron Treads|
|poke|p2|Suicune|
|poke|p2|Chandelure, F|
|poke|p2|Grafaiai, F|
|poke|p2|Zarude|
|teampreview
|
|t:|1760837985
|teamsize|p1|6
|teamsize|p2|6
|start
|switch|p1a: Landorus|Landorus-Therian, M|100/100
|switch|p2a: Saladix|Garganacl, M|100/100
|-ability|p1a: Landorus|Intimidate|boost
|-unboost|p2a: Saladix|atk|1
|turn|1
|
|t:|1760838004
|move|p1a: Landorus|Stealth Rock|p2a: Saladix
|-sidestart|p2: Tito31|move: Stealth Rock
|move|p2a: Saladix|Stealth Rock|p1a: Landorus
|-sidestart|p1: XxZetaX|move: Stealth Rock
|
|upkeep
|turn|2
|j| Karibe con K
|
|t:|1760838019
|move|p1a: Landorus|Earthquake|p2a: Saladix
|-supereffective|p2a: Saladix
|-damage|p2a: Saladix|36/100
|move|p2a: Saladix|Salt Cure|p1a: Landorus
|-damage|p1a: Landorus|93/100
|-start|p1a: Landorus|Salt Cure
|
|-heal|p2a: Saladix|42/100|[from] item: Leftovers
|-damage|p1a: Landorus|81/100|[from] Salt Cure
|upkeep
|turn|3
|
|t:|1760838044
|move|p1a: Landorus|U-turn|p2a: Saladix
|-damage|p2a: Saladix|27/100
|
|t:|1760838059
|switch|p1a: Rotom|Rotom-Wash|100/100|[from] U-turn
|-damage|p1a: Rotom|88/100|[from] Stealth Rock
|move|p2a: Saladix|Recover|p2a: Saladix
|-heal|p2a: Saladix|77/100
|
|-heal|p1a: Rotom|94/100|[from] item: Leftovers
|-heal|p2a: Saladix|83/100|[from] item: Leftovers
|upkeep
|turn|4
|
|t:|1760838080
|switch|p2a: FERRODADA|Iron Treads|100/100
|-damage|p2a: FERRODADA|97/100|[from] Stealth Rock
|-enditem|p2a: FERRODADA|Booster Energy
|-activate|p2a: FERRODADA|ability: Quark Drive|[fromitem]
|-start|p2a: FERRODADA|quarkdrivespe
|move|p1a: Rotom|Hydro Pump|p2a: FERRODADA
|-supereffective|p2a: FERRODADA
|-damage|p2a: FERRODADA|0 fnt
|faint|p2a: FERRODADA
|-end|p2a: FERRODADA|Quark Drive|[silent]
|
|-heal|p1a: Rotom|100/100|[from] item: Leftovers
|upkeep
|
|t:|1760838094
|switch|p2a: Mojo jojo|Zarude|100/100
|-damage|p2a: Mojo jojo|88/100|[from] Stealth Rock
|turn|5
|
|t:|1760838100
|move|p1a: Rotom|Protect|p1a: Rotom
|-singleturn|p1a: Rotom|Protect
|move|p2a: Mojo jojo|Petal Blizzard|p1a: Rotom
|-activate|p1a: Rotom|move: Protect
|
|upkeep
|turn|6
|
|t:|1760838106
|move|p2a: Mojo jojo|Petal Blizzard|p1a: Rotom
|-supereffective|p1a: Rotom
|-damage|p1a: Rotom|0 fnt
|faint|p1a: Rotom
|
|upkeep
|
|t:|1760838122
|switch|p1a: Toxtricity|Toxtricity, F|100/100
|-damage|p1a: Toxtricity|88/100|[from] Stealth Rock
|turn|7
|
|t:|1760838133
|move|p2a: Mojo jojo|Petal Blizzard|p1a: Toxtricity
|-resisted|p1a: Toxtricity
|-damage|p1a: Toxtricity|32/100
|move|p1a: Toxtricity|Sludge Wave|p2a: Mojo jojo
|-supereffective|p2a: Mojo jojo
|-damage|p2a: Mojo jojo|0 fnt
|faint|p2a: Mojo jojo
|
|upkeep
|
|t:|1760838151
|switch|p2a: Lamparita|Chandelure, F|100/100
|-damage|p2a: Lamparita|76/100|[from] Stealth Rock
|turn|8
|
|t:|1760838163
|switch|p1a: Hydreigon|Hydreigon, M|100/100
|-damage|p1a: Hydreigon|88/100|[from] Stealth Rock
|move|p2a: Lamparita|Shadow Ball|p1a: Hydreigon
|-resisted|p1a: Hydreigon
|-damage|p1a: Hydreigon|61/100
|
|upkeep
|turn|9
|
|t:|1760838178
|switch|p2a: Picasso|Grafaiai, F|100/100
|-damage|p2a: Picasso|88/100|[from] Stealth Rock
|move|p1a: Hydreigon|Dark Pulse|p2a: Picasso
|-damage|p2a: Picasso|24/100
|
|upkeep
|turn|10
|
|t:|1760838195
|move|p2a: Picasso|Parting Shot|p1a: Hydreigon
|-hint|Since gen 7, Dark is immune to Prankster moves.
|-immune|p1a: Hydreigon
|move|p1a: Hydreigon|Dark Pulse|p2a: Picasso
|-damage|p2a: Picasso|0 fnt
|faint|p2a: Picasso
|
|upkeep
|
|t:|1760838207
|switch|p2a: Lamparita|Chandelure, F|76/100
|-damage|p2a: Lamparita|51/100|[from] Stealth Rock
|turn|11
|
|t:|1760838213
|-terastallize|p2a: Lamparita|Fairy
|move|p1a: Hydreigon|Dark Pulse|p2a: Lamparita
|-resisted|p2a: Lamparita
|-damage|p2a: Lamparita|21/100
|move|p2a: Lamparita|Tera Blast|p1a: Hydreigon|[anim] Tera Blast Fairy
|-supereffective|p1a: Hydreigon
|-damage|p1a: Hydreigon|0 fnt
|faint|p1a: Hydreigon
|
|upkeep
|
|t:|1760838226
|switch|p1a: Mienshao|Mienshao, F|100/100
|-damage|p1a: Mienshao|95/100|[from] Stealth Rock
|turn|12
|
|t:|1760838234
|move|p2a: Lamparita|Tera Blast|p1a: Mienshao|[anim] Tera Blast Fairy
|-supereffective|p1a: Mienshao
|-damage|p1a: Mienshao|0 fnt
|faint|p1a: Mienshao
|
|upkeep
|
|t:|1760838245
|switch|p1a: Slowbro|Slowbro, M|100/100
|turn|13
|
|t:|1760838254
|switch|p2a: ONDULAGUA´NT|Suicune|100/100
|-damage|p2a: ONDULAGUA´NT|88/100|[from] Stealth Rock
|-ability|p2a: ONDULAGUA´NT|Pressure
|move|p1a: Slowbro|Flamethrower|p2a: ONDULAGUA´NT
|-resisted|p2a: ONDULAGUA´NT
|-damage|p2a: ONDULAGUA´NT|80/100
|
|upkeep
|turn|14
|
|t:|1760838266
|-terastallize|p1a: Slowbro|Psychic
|move|p2a: ONDULAGUA´NT|Calm Mind|p2a: ONDULAGUA´NT
|-boost|p2a: ONDULAGUA´NT|spa|1
|-boost|p2a: ONDULAGUA´NT|spd|1
|move|p1a: Slowbro|Future Sight|p2a: ONDULAGUA´NT
|-start|p1a: Slowbro|move: Future Sight
|
|upkeep
|turn|15
|
|t:|1760838283
|switch|p1a: Toxtricity|Toxtricity, F|32/100
|-damage|p1a: Toxtricity|20/100|[from] Stealth Rock
|move|p2a: ONDULAGUA´NT|Calm Mind|p2a: ONDULAGUA´NT
|-boost|p2a: ONDULAGUA´NT|spa|1
|-boost|p2a: ONDULAGUA´NT|spd|1
|
|upkeep
|turn|16
|
|t:|1760838296
|move|p1a: Toxtricity|Overdrive|p2a: ONDULAGUA´NT
|-supereffective|p2a: ONDULAGUA´NT
|-damage|p2a: ONDULAGUA´NT|39/100
|-enditem|p1a: Toxtricity|Throat Spray
|-boost|p1a: Toxtricity|spa|1|[from] item: Throat Spray
|move|p2a: ONDULAGUA´NT|Scald|p1a: Toxtricity
|-damage|p1a: Toxtricity|0 fnt
|faint|p1a: Toxtricity
|
|-end|p2a: ONDULAGUA´NT|move: Future Sight
|-damage|p2a: ONDULAGUA´NT|17/100
|upkeep
|
|t:|1760838313
|switch|p1a: Slowbro|Slowbro, M, tera:Psychic|100/100
|turn|17
|
|t:|1760838317
|move|p2a: ONDULAGUA´NT|Rest|p2a: ONDULAGUA´NT
|-status|p2a: ONDULAGUA´NT|slp|[from] move: Rest
|-heal|p2a: ONDULAGUA´NT|100/100 slp|[silent]
|-enditem|p2a: ONDULAGUA´NT|Chesto Berry|[eat]
|-curestatus|p2a: ONDULAGUA´NT|slp|[msg]
|move|p1a: Slowbro|Future Sight|p2a: ONDULAGUA´NT
|-start|p1a: Slowbro|move: Future Sight
|
|upkeep
|turn|18
|
|t:|1760838330
|switch|p2a: Lamparita|Chandelure, F, tera:Fairy|21/100
|-damage|p2a: Lamparita|9/100|[from] Stealth Rock
|move|p1a: Slowbro|Ice Beam|p2a: Lamparita
|-damage|p2a: Lamparita|0 fnt
|faint|p2a: Lamparita
|
|upkeep
|
|t:|1760838337
|switch|p2a: Saladix|Garganacl, M|83/100
|-damage|p2a: Saladix|71/100|[from] Stealth Rock
|turn|19
|
|t:|1760838342
|move|p2a: Saladix|Salt Cure|p1a: Slowbro
|-damage|p1a: Slowbro|93/100
|-start|p1a: Slowbro|Salt Cure
|move|p1a: Slowbro|Ice Beam|p2a: Saladix
|-damage|p2a: Saladix|55/100
|
|-end|p2a: Saladix|move: Future Sight
|-damage|p2a: Saladix|15/100
|-heal|p2a: Saladix|21/100|[from] item: Leftovers
|-damage|p1a: Slowbro|80/100|[from] Salt Cure
|upkeep
|turn|20
|
|t:|1760838352
|switch|p1a: Landorus|Landorus-Therian, M|81/100
|-damage|p1a: Landorus|69/100|[from] Stealth Rock
|-ability|p1a: Landorus|Intimidate|boost
|-unboost|p2a: Saladix|atk|1
|move|p2a: Saladix|Recover|p2a: Saladix
|-heal|p2a: Saladix|71/100
|
|-heal|p2a: Saladix|77/100|[from] item: Leftovers
|upkeep
|turn|21
|
|t:|1760838363
|move|p1a: Landorus|Earthquake|p2a: Saladix
|-supereffective|p2a: Saladix
|-damage|p2a: Saladix|14/100
|move|p2a: Saladix|Salt Cure|p1a: Landorus
|-damage|p1a: Landorus|61/100
|-start|p1a: Landorus|Salt Cure
|
|-heal|p2a: Saladix|20/100|[from] item: Leftovers
|-damage|p1a: Landorus|49/100|[from] Salt Cure
|upkeep
|turn|22
|
|t:|1760838376
|move|p1a: Landorus|Earthquake|p2a: Saladix
|-supereffective|p2a: Saladix
|-damage|p2a: Saladix|0 fnt
|faint|p2a: Saladix
|
|-damage|p1a: Landorus|37/100|[from] Salt Cure
|upkeep
|
|t:|1760838382
|switch|p2a: ONDULAGUA´NT|Suicune|100/100
|-damage|p2a: ONDULAGUA´NT|88/100|[from] Stealth Rock
|-ability|p2a: ONDULAGUA´NT|Pressure
|turn|23
|
|t:|1760838390
|move|p1a: Landorus|Stone Edge|p2a: ONDULAGUA´NT
|-damage|p2a: ONDULAGUA´NT|71/100
|move|p2a: ONDULAGUA´NT|Ice Beam|p1a: Landorus
|-supereffective|p1a: Landorus
|-damage|p1a: Landorus|0 fnt
|faint|p1a: Landorus
|
|upkeep
|
|t:|1760838393
|switch|p1a: Slowbro|Slowbro, M, tera:Psychic|100/100
|turn|24
|
|t:|1760838398
|move|p2a: ONDULAGUA´NT|Calm Mind|p2a: ONDULAGUA´NT
|-boost|p2a: ONDULAGUA´NT|spa|1
|-boost|p2a: ONDULAGUA´NT|spd|1
|move|p1a: Slowbro|Future Sight|p2a: ONDULAGUA´NT
|-start|p1a: Slowbro|move: Future Sight
|
|upkeep
|turn|25
|
|t:|1760838407
|move|p2a: ONDULAGUA´NT|Calm Mind|p2a: ONDULAGUA´NT
|-boost|p2a: ONDULAGUA´NT|spa|1
|-boost|p2a: ONDULAGUA´NT|spd|1
|move|p1a: Slowbro|Ice Beam|p2a: ONDULAGUA´NT
|-resisted|p2a: ONDULAGUA´NT
|-damage|p2a: ONDULAGUA´NT|67/100
|
|upkeep
|turn|26
|
|t:|1760838414
|move|p2a: ONDULAGUA´NT|Calm Mind|p2a: ONDULAGUA´NT
|-boost|p2a: ONDULAGUA´NT|spa|1
|-boost|p2a: ONDULAGUA´NT|spd|1
|move|p1a: Slowbro|Ice Beam|p2a: ONDULAGUA´NT
|-resisted|p2a: ONDULAGUA´NT
|-damage|p2a: ONDULAGUA´NT|64/100
|
|-end|p2a: ONDULAGUA´NT|move: Future Sight
|-damage|p2a: ONDULAGUA´NT|48/100
|upkeep
|turn|27
|
|t:|1760838422
|move|p2a: ONDULAGUA´NT|Calm Mind|p2a: ONDULAGUA´NT
|-boost|p2a: ONDULAGUA´NT|spa|1
|-boost|p2a: ONDULAGUA´NT|spd|1
|move|p1a: Slowbro|Future Sight|p2a: ONDULAGUA´NT
|-start|p1a: Slowbro|move: Future Sight
|
|upkeep
|turn|28
|
|t:|1760838428
|move|p2a: ONDULAGUA´NT|Scald|p1a: Slowbro
|-damage|p1a: Slowbro|15/100
|move|p1a: Slowbro|Ice Beam|p2a: ONDULAGUA´NT
|-resisted|p2a: ONDULAGUA´NT
|-damage|p2a: ONDULAGUA´NT|46/100
|
|upkeep
|turn|29
|
|t:|1760838435
|move|p2a: ONDULAGUA´NT|Scald|p1a: Slowbro
|-damage|p1a: Slowbro|0 fnt
|faint|p1a: Slowbro
|
|win|Tito31
|l| Karibe con K
