|j|☆kingjot
|j|☆masterkisame123
|t:|1760718497
|gametype|singles
|player|p1|kingjot|caitlin|1522
|player|p2|masterkisame123|wallace-masters|1537
|gen|9
|tier|[Gen 9] OU
|rated|
|rule|HP Percentage Mod: HP is shown in percentages
|rule|Endless Battle Clause: Forcing endless battles is banned
|rule|Species Clause: Limit one of each Pokémon
|rule|OHKO Clause: OHKO moves are banned
|rule|Evasion Items Clause: Evasion items are banned
|rule|Evasion Moves Clause: Evasion moves are banned
|rule|Evasion Abilities Clause: Evasion abilities are banned
|rule|Sleep Moves Clause: Sleep-inducing moves are banned
|clearpoke
|poke|p1|Scizor, F|
|poke|p1|Zamazenta-*|
|poke|p1|Pecharunt|
|poke|p1|Great Tusk|
|poke|p1|Ogerpon-Wellspring, F|
|poke|p1|Primarina, M|
|poke|p2|Swampert, M|
|poke|p2|Heatran, F|
|poke|p2|Garganacl, M|
|poke|p2|Amoonguss, F|
|poke|p2|Zapdos|
|poke|p2|Scizor, F|
|teampreview
|inactive|Battle timer is ON: inactive players will automatically lose when time's up. (requested by masterkisame123)
|
|t:|1760718503
|teamsize|p1|6
|teamsize|p2|6
|start
|switch|p1a: Primarina|Primarina, M|100/100
|switch|p2a: Zapdos|Zapdos|100/100
|turn|1
|
|t:|1760718507
|move|p2a: Zapdos|Volt Switch|p1a: Primarina
|-supereffective|p1a: Primarina
|-damage|p1a: Primarina|59/100
|
|t:|1760718510
|switch|p2a: Amoonguss|Amoonguss, F|100/100|[from] Volt Switch
|move|p1a: Primarina|Flip Turn|p2a: Amoonguss
|-resisted|p2a: Amoonguss
|-damage|p2a: Amoonguss|95/100
|-damage|p1a: Primarina|42/100|[from] item: Rocky Helmet|[of] p2a: Amoonguss
|
|t:|1760718531
|switch|p1a: Scizor|Scizor, F|100/100|[from] Flip Turn
|
|upkeep
|turn|2
|
|t:|1760718538
|move|p1a: Scizor|Knock Off|p2a: Amoonguss
|-damage|p2a: Amoonguss|55/100
|-damage|p1a: Scizor|84/100|[from] item: Rocky Helmet|[of] p2a: Amoonguss
|-enditem|p2a: Amoonguss|Rocky Helmet|[from] move: Knock Off|[of] p1a: Scizor
|move|p2a: Amoonguss|Stun Spore|p1a: Scizor|[miss]
|-miss|p2a: Amoonguss|p1a: Scizor
|
|upkeep
|turn|3
|
|t:|1760718549
|switch|p1a: Primarina|Primarina, M|42/100
|move|p2a: Amoonguss|Synthesis|p2a: Amoonguss
|-heal|p2a: Amoonguss|100/100
|
|upkeep
|turn|4
|
|t:|1760718553
|move|p1a: Primarina|Psychic Noise|p2a: Amoonguss
|-supereffective|p2a: Amoonguss
|-damage|p2a: Amoonguss|49/100
|-start|p2a: Amoonguss|move: Heal Block
|move|p2a: Amoonguss|Toxic|p1a: Primarina
|-status|p1a: Primarina|tox
|
|-damage|p1a: Primarina|36/100 tox|[from] psn
|upkeep
|turn|5
|
|t:|1760718558
|switch|p2a: Zapdos|Zapdos|100/100
|move|p1a: Primarina|Psychic Noise|p2a: Zapdos
|-damage|p2a: Zapdos|72/100
|-start|p2a: Zapdos|move: Heal Block
|
|-damage|p1a: Primarina|24/100 tox|[from] psn
|upkeep
|turn|6
|
|t:|1760718563
|move|p2a: Zapdos|Volt Switch|p1a: Primarina
|-supereffective|p1a: Primarina
|-damage|p1a: Primarina|0 fnt
|faint|p1a: Primarina
|
|t:|1760718565
|switch|p2a: Amoonguss|Amoonguss, F|49/100|[from] Volt Switch
|
|upkeep
|
|t:|1760718581
|switch|p1a: Scizor|Scizor, F|84/100
|turn|7
|
|t:|1760718587
|-terastallize|p1a: Scizor|Steel
|move|p1a: Scizor|Bullet Punch|p2a: Amoonguss
|-damage|p2a: Amoonguss|0 fnt
|faint|p2a: Amoonguss
|
|upkeep
|
|t:|1760718598
|switch|p2a: Zapdos|Zapdos|72/100
|turn|8
|
|t:|1760718604
|switch|p1a: Pecharunt|Pecharunt|100/100
|move|p2a: Zapdos|Heat Wave|p1a: Pecharunt
|-damage|p1a: Pecharunt|71/100
|
|upkeep
|turn|9
|
|t:|1760718608
|move|p2a: Zapdos|Volt Switch|p1a: Pecharunt
|-damage|p1a: Pecharunt|38/100
|
|t:|1760718611
|switch|p2a: Garganacl|Garganacl, M|100/100|[from] Volt Switch
|move|p1a: Pecharunt|Malignant Chain|p2a: Garganacl
|-resisted|p2a: Garganacl
|-damage|p2a: Garganacl|90/100
|
|-heal|p2a: Garganacl|96/100|[from] item: Leftovers
|upkeep
|turn|10
|
|t:|1760718615
|move|p1a: Pecharunt|Recover|p1a: Pecharunt
|-heal|p1a: Pecharunt|88/100
|move|p2a: Garganacl|Curse|p2a: Garganacl
|-unboost|p2a: Garganacl|spe|1
|-boost|p2a: Garganacl|atk|1
|-boost|p2a: Garganacl|def|1
|
|-heal|p2a: Garganacl|100/100|[from] item: Leftovers
|upkeep
|turn|11
|
|t:|1760718618
|move|p1a: Pecharunt|Parting Shot|p2a: Garganacl
|-unboost|p2a: Garganacl|atk|1
|-unboost|p2a: Garganacl|spa|1
|
|t:|1760718621
|switch|p1a: Zamazenta|Zamazenta|100/100|[from] Parting Shot
|-ability|p1a: Zamazenta|Dauntless Shield|boost
|-boost|p1a: Zamazenta|def|1
|move|p2a: Garganacl|Curse|p2a: Garganacl
|-unboost|p2a: Garganacl|spe|1
|-boost|p2a: Garganacl|atk|1
|-boost|p2a: Garganacl|def|1
|
|upkeep
|turn|12
|
|t:|1760718625
|move|p1a: Zamazenta|Iron Defense|p1a: Zamazenta
|-boost|p1a: Zamazenta|def|2
|move|p2a: Garganacl|Salt Cure|p1a: Zamazenta
|-resisted|p1a: Zamazenta
|-damage|p1a: Zamazenta|97/100
|-start|p1a: Zamazenta|Salt Cure
|
|-heal|p1a: Zamazenta|100/100|[from] item: Leftovers
|-damage|p1a: Zamazenta|88/100|[from] Salt Cure
|upkeep
|turn|13
|
|t:|1760718628
|-terastallize|p2a: Garganacl|Flying
|move|p1a: Zamazenta|Iron Defense|p1a: Zamazenta
|-boost|p1a: Zamazenta|def|2
|move|p2a: Garganacl|Curse|p2a: Garganacl
|-unboost|p2a: Garganacl|spe|1
|-boost|p2a: Garganacl|atk|1
|-boost|p2a: Garganacl|def|1
|
|-heal|p1a: Zamazenta|94/100|[from] item: Leftovers
|-damage|p1a: Zamazenta|82/100|[from] Salt Cure
|upkeep
|turn|14
|
|t:|1760718632
|move|p2a: Garganacl|Curse|p2a: Garganacl
|-unboost|p2a: Garganacl|spe|1
|-boost|p2a: Garganacl|atk|1
|-boost|p2a: Garganacl|def|1
|move|p1a: Zamazenta|Roar|p2a: Garganacl
|drag|p2a: Swampert|Swampert, M|100/100
|
|-heal|p1a: Zamazenta|88/100|[from] item: Leftovers
|-damage|p1a: Zamazenta|76/100|[from] Salt Cure
|upkeep
|turn|15
|
|t:|1760718635
|move|p1a: Zamazenta|Body Press|p2a: Swampert
|-damage|p2a: Swampert|0 fnt
|faint|p2a: Swampert
|
|-heal|p1a: Zamazenta|82/100|[from] item: Leftovers
|-damage|p1a: Zamazenta|70/100|[from] Salt Cure
|upkeep
|
|t:|1760718638
|switch|p2a: Zapdos|Zapdos|72/100
|turn|16
|
|t:|1760718640
|move|p1a: Zamazenta|Body Press|p2a: Zapdos
|-resisted|p2a: Zapdos
|-crit|p2a: Zapdos
|-damage|p2a: Zapdos|3/100
|move|p2a: Zapdos|Hurricane|p1a: Zamazenta
|-supereffective|p1a: Zamazenta
|-damage|p1a: Zamazenta|0 fnt
|faint|p1a: Zamazenta
|
|upkeep
|
|t:|1760718645
|switch|p1a: Scizor|Scizor, F, tera:Steel|84/100
|turn|17
|
|t:|1760718649
|move|p2a: Zapdos|Roost|p2a: Zapdos
|-heal|p2a: Zapdos|53/100
|-singleturn|p2a: Zapdos|move: Roost
|move|p1a: Scizor|U-turn|p2a: Zapdos
|-damage|p2a: Zapdos|1/100
|-status|p1a: Scizor|par|[from] ability: Static|[of] p2a: Zapdos
|c|☆kingjot|fk
|
|t:|1760718657
|switch|p1a: Ogerpon|Ogerpon-Wellspring, F|100/100|[from] U-turn
|
|upkeep
|turn|18
|
|t:|1760718661
|move|p1a: Ogerpon|Ivy Cudgel|p2a: Zapdos|[anim] Ivy Cudgel Water
|-damage|p2a: Zapdos|0 fnt
|faint|p2a: Zapdos
|
|upkeep
|
|t:|1760718664
|switch|p2a: Scizor|Scizor, F|100/100
|turn|19
|
|t:|1760718672
|switch|p1a: Great Tusk|Great Tusk|100/100
|move|p2a: Scizor|U-turn|p1a: Great Tusk
|-resisted|p1a: Great Tusk
|-damage|p1a: Great Tusk|86/100
|
|t:|1760718674
|switch|p2a: Garganacl|Garganacl, M, tera:Flying|100/100|[from] U-turn
|
|upkeep
|turn|20
|
|t:|1760718693
|-end|p1a: Great Tusk|Protosynthesis|[silent]
|switch|p1a: Ogerpon|Ogerpon-Wellspring, F|100/100
|move|p2a: Garganacl|Curse|p2a: Garganacl
|-unboost|p2a: Garganacl|spe|1
|-boost|p2a: Garganacl|atk|1
|-boost|p2a: Garganacl|def|1
|
|upkeep
|turn|21
|
|t:|1760718699
|move|p1a: Ogerpon|Knock Off|p2a: Garganacl
|-damage|p2a: Garganacl|84/100
|-enditem|p2a: Garganacl|Leftovers|[from] move: Knock Off|[of] p1a: Ogerpon
|move|p2a: Garganacl|Salt Cure|p1a: Ogerpon
|-damage|p1a: Ogerpon|74/100
|-start|p1a: Ogerpon|Salt Cure
|
|-damage|p1a: Ogerpon|49/100|[from] Salt Cure
|upkeep
|turn|22
|
|t:|1760718704
|move|p1a: Ogerpon|U-turn|p2a: Garganacl
|-resisted|p2a: Garganacl
|-damage|p2a: Garganacl|77/100
|
|t:|1760718708
|switch|p1a: Pecharunt|Pecharunt|88/100|[from] U-turn
|move|p2a: Garganacl|Recover|p2a: Garganacl
|-heal|p2a: Garganacl|100/100
|
|upkeep
|turn|23
|
|t:|1760718712
|move|p1a: Pecharunt|Parting Shot|p2a: Garganacl
|-unboost|p2a: Garganacl|atk|1
|-unboost|p2a: Garganacl|spa|1
|
|t:|1760718715
|switch|p1a: Scizor|Scizor, F, tera:Steel|84/100 par|[from] Parting Shot
|move|p2a: Garganacl|Salt Cure|p1a: Scizor
|-resisted|p1a: Scizor
|-damage|p1a: Scizor|76/100 par
|-start|p1a: Scizor|Salt Cure
|
|-damage|p1a: Scizor|52/100 par|[from] Salt Cure
|upkeep
|turn|24
|
|t:|1760718719
|move|p1a: Scizor|Bullet Punch|p2a: Garganacl
|-damage|p2a: Garganacl|66/100
|move|p2a: Garganacl|Curse|p2a: Garganacl
|-unboost|p2a: Garganacl|spe|1
|-boost|p2a: Garganacl|atk|1
|-boost|p2a: Garganacl|def|1
|
|-damage|p1a: Scizor|27/100 par|[from] Salt Cure
|upkeep
|turn|25
|
|t:|1760718722
|move|p1a: Scizor|Bullet Punch|p2a: Garganacl
|-damage|p2a: Garganacl|44/100
|move|p2a: Garganacl|Recover|p2a: Garganacl
|-heal|p2a: Garganacl|94/100
|
|-damage|p1a: Scizor|2/100 par|[from] Salt Cure
|upkeep
|turn|26
|
|t:|1760718726
|move|p1a: Scizor|Bullet Punch|p2a: Garganacl
|-damage|p2a: Garganacl|70/100
|move|p2a: Garganacl|Curse|p2a: Garganacl
|-unboost|p2a: Garganacl|spe|1
|-boost|p2a: Garganacl|atk|1
|-boost|p2a: Garganacl|def|1
|
|-damage|p1a: Scizor|0 fnt|[from] Salt Cure
|faint|p1a: Scizor
|upkeep
|
|t:|1760718735
|switch|p1a: Pecharunt|Pecharunt|88/100
|turn|27
|
|t:|1760718738
|move|p1a: Pecharunt|Foul Play|p2a: Garganacl
|-damage|p2a: Garganacl|58/100
|move|p2a: Garganacl|Salt Cure|p1a: Pecharunt
|-damage|p1a: Pecharunt|74/100
|-start|p1a: Pecharunt|Salt Cure
|
|-damage|p1a: Pecharunt|62/100|[from] Salt Cure
|upkeep
|turn|28
|
|t:|1760718741
|move|p1a: Pecharunt|Malignant Chain|p2a: Garganacl
|-damage|p2a: Garganacl|36/100
|move|p2a: Garganacl|Recover|p2a: Garganacl
|-heal|p2a: Garganacl|86/100
|
|-damage|p1a: Pecharunt|49/100|[from] Salt Cure
|upkeep
|turn|29
|
|t:|1760718745
|move|p1a: Pecharunt|Malignant Chain|p2a: Garganacl
|-crit|p2a: Garganacl
|-damage|p2a: Garganacl|52/100
|move|p2a: Garganacl|Recover|p2a: Garganacl
|-heal|p2a: Garganacl|100/100
|
|-damage|p1a: Pecharunt|37/100|[from] Salt Cure
|upkeep
|turn|30
|
|t:|1760718748
|move|p1a: Pecharunt|Malignant Chain|p2a: Garganacl
|-damage|p2a: Garganacl|81/100
|move|p2a: Garganacl|Curse|p2a: Garganacl
|-unboost|p2a: Garganacl|spe|1
|-boost|p2a: Garganacl|atk|1
|-boost|p2a: Garganacl|def|1
|
|-damage|p1a: Pecharunt|25/100|[from] Salt Cure
|upkeep
|turn|31
|
|t:|1760718750
|move|p1a: Pecharunt|Recover|p1a: Pecharunt
|-heal|p1a: Pecharunt|75/100
|move|p2a: Garganacl|Curse|p2a: Garganacl
|-unboost|p2a: Garganacl|spe|1
|-boost|p2a: Garganacl|atk|1
|-boost|p2a: Garganacl|def|1
|
|-damage|p1a: Pecharunt|62/100|[from] Salt Cure
|upkeep
|turn|32
|
|t:|1760718752
|move|p1a: Pecharunt|Recover|p1a: Pecharunt
|-heal|p1a: Pecharunt|100/100
|move|p2a: Garganacl|Iron Head|p1a: Pecharunt
|-damage|p1a: Pecharunt|73/100
|
|-damage|p1a: Pecharunt|61/100|[from] Salt Cure
|upkeep
|turn|33
|
|t:|1760718758
|move|p1a: Pecharunt|Malignant Chain|p2a: Garganacl
|-damage|p2a: Garganacl|58/100
|move|p2a: Garganacl|Iron Head|p1a: Pecharunt
|-damage|p1a: Pecharunt|35/100
|
|-damage|p1a: Pecharunt|22/100|[from] Salt Cure
|upkeep
|turn|34
|
|t:|1760718765
|move|p1a: Pecharunt|Recover|p1a: Pecharunt
|-heal|p1a: Pecharunt|72/100
|move|p2a: Garganacl|Iron Head|p1a: Pecharunt
|-damage|p1a: Pecharunt|44/100
|
|-damage|p1a: Pecharunt|32/100|[from] Salt Cure
|upkeep
|turn|35
|j| iamfrhaan007
|
|t:|1760718774
|move|p1a: Pecharunt|Malignant Chain|p2a: Garganacl
|-damage|p2a: Garganacl|37/100
|move|p2a: Garganacl|Iron Head|p1a: Pecharunt
|-damage|p1a: Pecharunt|7/100
|
|-damage|p1a: Pecharunt|0 fnt|[from] Salt Cure
|faint|p1a: Pecharunt
|upkeep
|
|t:|1760718782
|switch|p1a: Great Tusk|Great Tusk|86/100
|turn|36
|
|t:|1760718784
|move|p1a: Great Tusk|Ice Spinner|p2a: Garganacl
|-supereffective|p2a: Garganacl
|-damage|p2a: Garganacl|26/100
|move|p2a: Garganacl|Recover|p2a: Garganacl
|-heal|p2a: Garganacl|76/100
|
|upkeep
|turn|37
|
|t:|1760718788
|move|p1a: Great Tusk|Ice Spinner|p2a: Garganacl
|-supereffective|p2a: Garganacl
|-damage|p2a: Garganacl|65/100
|move|p2a: Garganacl|Salt Cure|p1a: Great Tusk
|-resisted|p1a: Great Tusk
|-damage|p1a: Great Tusk|79/100
|-start|p1a: Great Tusk|Salt Cure
|
|-damage|p1a: Great Tusk|66/100|[from] Salt Cure
|upkeep
|turn|38
|c|☆masterkisame123|gg
|l| iamfrhaan007
|c|☆kingjot|gg
|
|t:|1760718797
|move|p1a: Great Tusk|Ice Spinner|p2a: Garganacl
|-supereffective|p2a: Garganacl
|-damage|p2a: Garganacl|55/100
|move|p2a: Garganacl|Recover|p2a: Garganacl
|-heal|p2a: Garganacl|100/100
|
|-damage|p1a: Great Tusk|54/100|[from] Salt Cure
|upkeep
|turn|39
|
|t:|1760718799
|move|p1a: Great Tusk|Ice Spinner|p2a: Garganacl
|-supereffective|p2a: Garganacl
|-damage|p2a: Garganacl|90/100
|move|p2a: Garganacl|Curse|p2a: Garganacl
|-unboost|p2a: Garganacl|spe|1
|-boost|p2a: Garganacl|atk|1
|-boost|p2a: Garganacl|def|1
|
|-damage|p1a: Great Tusk|41/100|[from] Salt Cure
|upkeep
|turn|40
|
|t:|1760718802
|move|p1a: Great Tusk|Ice Spinner|p2a: Garganacl
|-supereffective|p2a: Garganacl
|-damage|p2a: Garganacl|81/100
|move|p2a: Garganacl|Curse|p2a: Garganacl
|-boost|p2a: Garganacl|atk|1
|
|-damage|p1a: Great Tusk|29/100|[from] Salt Cure
|upkeep
|turn|41
|
|t:|1760718810
|move|p1a: Great Tusk|Ice Spinner|p2a: Garganacl
|-supereffective|p2a: Garganacl
|-damage|p2a: Garganacl|71/100
|move|p2a: Garganacl|Salt Cure|p1a: Great Tusk
|-resisted|p1a: Great Tusk
|-damage|p1a: Great Tusk|18/100
|
|-damage|p1a: Great Tusk|6/100|[from] Salt Cure
|upkeep
|turn|42
|
|t:|1760718814
|move|p1a: Great Tusk|Ice Spinner|p2a: Garganacl
|-supereffective|p2a: Garganacl
|-damage|p2a: Garganacl|61/100
|move|p2a: Garganacl|Recover|p2a: Garganacl
|-heal|p2a: Garganacl|100/100
|
|-damage|p1a: Great Tusk|0 fnt|[from] Salt Cure
|faint|p1a: Great Tusk
|-end|p1a: Great Tusk|Protosynthesis|[silent]
|upkeep
|
|t:|1760718817
|switch|p1a: Ogerpon|Ogerpon-Wellspring, F|49/100
|turn|43
|
|t:|1760718819
|move|p1a: Ogerpon|Ivy Cudgel|p2a: Garganacl|[anim] Ivy Cudgel Water
|-damage|p2a: Garganacl|90/100
|move|p2a: Garganacl|Salt Cure|p1a: Ogerpon
|-damage|p1a: Ogerpon|0 fnt
|faint|p1a: Ogerpon
|
|win|masterkisame123
|raw|kingjot's rating: 1522 &rarr; <strong>1503</strong><br />(-19 for losing)
|raw|masterkisame123's rating: 1537 &rarr; <strong>1556</strong><br />(+19 for winning)
|l|☆kingjot
|player|p1|
|l|☆masterkisame123
|player|p2|
