|j|☆Grace of Cynthia
|j|☆sportspencil
|t:|1760883042
|gametype|singles
|player|p1|Grace of Cynthia|picnicker|1572
|player|p2|sportspencil|byron|1567
|gen|9
|tier|[Gen 9] OU
|rated|
|rule|HP Percentage Mod: HP is shown in percentages
|rule|Endless Battle Clause: Forcing endless battles is banned
|rule|Species Clause: Limit one of each Pokémon
|rule|OHKO Clause: OHKO moves are banned
|rule|Evasion Items Clause: Evasion items are banned
|rule|Evasion Moves Clause: Evasion moves are banned
|rule|Evasion Abilities Clause: Evasion abilities are banned
|rule|Sleep Moves Clause: Sleep-inducing moves are banned
|clearpoke
|poke|p1|Pelipper, F|
|poke|p1|Greninja-*, M|
|poke|p1|Barraskewda, F|
|poke|p1|Dragapult, M|
|poke|p1|Golduck, F|
|poke|p1|Indeedee, M|
|poke|p2|Kyurem|
|poke|p2|Slowking-Galar, M|
|poke|p2|Primarina, M|
|poke|p2|Iron Moth|
|poke|p2|Landorus-Therian, M|
|poke|p2|Scizor, F|
|teampreview
|inactive|Battle timer is ON: inactive players will automatically lose when time's up. (requested by Grace of Cynthia)
|
|t:|1760883052
|teamsize|p1|6
|teamsize|p2|6
|start
|switch|p1a: Pelipper|Pelipper, F|100/100
|switch|p2a: Kyurem|Kyurem|100/100
|-ability|p2a: Kyurem|Pressure
|-weather|RainDance|[from] ability: Drizzle|[of] p1a: Pelipper
|turn|1
|
|t:|1760883066
|-terastallize|p1a: Pelipper|Steel
|move|p2a: Kyurem|Freeze-Dry|p1a: Pelipper
|-resisted|p1a: Pelipper
|-damage|p1a: Pelipper|63/100
|move|p1a: Pelipper|Hurricane|p2a: Kyurem
|-damage|p2a: Kyurem|63/100
|
|-weather|RainDance|[upkeep]
|upkeep
|turn|2
|
|t:|1760883081
|switch|p2a: Slowking|Slowking-Galar, M|100/100
|switch|p1a: Dragapult|Dragapult, M|100/100
|
|-weather|RainDance|[upkeep]
|upkeep
|turn|3
|
|t:|1760883086
|move|p1a: Dragapult|Shadow Ball|p2a: Slowking
|-supereffective|p2a: Slowking
|-damage|p2a: Slowking|48/100
|-damage|p1a: Dragapult|91/100|[from] item: Life Orb
|-prepare|p2a: Slowking|Chilly Reception|[premajor]
|move|p2a: Slowking|Chilly Reception|p2a: Slowking
|-weather|Snowscape
|
|t:|1760883097
|switch|p2a: Primarina|Primarina, M|100/100|[from] Chilly Reception
|
|-weather|Snowscape|[upkeep]
|upkeep
|turn|4
|
|t:|1760883105
|switch|p1a: Indeedee|Indeedee, M|100/100
|-fieldstart|move: Psychic Terrain|[from] ability: Psychic Surge|[of] p1a: Indeedee
|move|p2a: Primarina|Substitute|p2a: Primarina
|-start|p2a: Primarina|Substitute
|-damage|p2a: Primarina|75/100
|
|-weather|Snowscape|[upkeep]
|-heal|p2a: Primarina|82/100|[from] item: Leftovers
|upkeep
|turn|5
|
|t:|1760883112
|move|p1a: Indeedee|Encore|p2a: Primarina
|-start|p2a: Primarina|Encore
|move|p2a: Primarina|Substitute|p2a: Primarina
|-fail|p2a: Primarina|move: Substitute
|
|-weather|Snowscape|[upkeep]
|-heal|p2a: Primarina|88/100|[from] item: Leftovers
|upkeep
|turn|6
|
|t:|1760883116
|switch|p2a: Slowking|Slowking-Galar, M|82/100
|move|p1a: Indeedee|Psychic Noise|p2a: Slowking
|-damage|p2a: Slowking|62/100
|-start|p2a: Slowking|move: Heal Block
|
|-weather|Snowscape|[upkeep]
|upkeep
|turn|7
|
|t:|1760883124
|move|p1a: Indeedee|Psychic Noise|p2a: Slowking
|-damage|p2a: Slowking|41/100
|move|p2a: Slowking|Thunder Wave|p1a: Indeedee
|-status|p1a: Indeedee|par
|
|-weather|none
|-end|p2a: Slowking|move: Heal Block
|upkeep
|turn|8
|
|t:|1760883130
|move|p1a: Indeedee|Encore|p2a: Slowking
|-start|p2a: Slowking|Encore
|move|p2a: Slowking|Thunder Wave|p1a: Indeedee|[miss]
|-miss|p2a: Slowking|p1a: Indeedee
|
|upkeep
|turn|9
|
|t:|1760883134
|switch|p1a: Pelipper|Pelipper, F, tera:Steel|63/100
|-weather|RainDance|[from] ability: Drizzle|[of] p1a: Pelipper
|switch|p2a: Scizor|Scizor, F|100/100
|
|-weather|RainDance|[upkeep]
|upkeep
|turn|10
|
|t:|1760883143
|switch|p1a: Dragapult|Dragapult, M|91/100
|move|p2a: Scizor|U-turn|p1a: Dragapult
|-resisted|p1a: Dragapult
|-damage|p1a: Dragapult|67/100
|
|t:|1760883147
|switch|p2a: Primarina|Primarina, M|88/100|[from] U-turn
|
|-weather|RainDance|[upkeep]
|-heal|p2a: Primarina|94/100|[from] item: Leftovers
|upkeep
|turn|11
|
|t:|1760883152
|move|p1a: Dragapult|Thunder|p2a: Primarina
|-supereffective|p2a: Primarina
|-damage|p2a: Primarina|25/100
|-damage|p1a: Dragapult|57/100|[from] item: Life Orb
|move|p2a: Primarina|Psychic Noise|p1a: Dragapult
|-resisted|p1a: Dragapult
|-damage|p1a: Dragapult|25/100
|-start|p1a: Dragapult|move: Heal Block
|
|-weather|RainDance|[upkeep]
|-heal|p2a: Primarina|31/100|[from] item: Leftovers
|-fieldend|move: Psychic Terrain
|upkeep
|turn|12
|
|t:|1760883160
|switch|p2a: Slowking|Slowking-Galar, M|74/100
|move|p1a: Dragapult|Shadow Ball|p2a: Slowking
|-supereffective|p2a: Slowking
|-damage|p2a: Slowking|19/100
|-unboost|p2a: Slowking|spd|1
|-damage|p1a: Dragapult|15/100|[from] item: Life Orb
|
|-weather|RainDance|[upkeep]
|-end|p1a: Dragapult|move: Heal Block
|upkeep
|turn|13
|
|t:|1760883167
|switch|p2a: Primarina|Primarina, M|31/100
|move|p1a: Dragapult|Shadow Ball|p2a: Primarina
|-damage|p2a: Primarina|0 fnt
|faint|p2a: Primarina
|-damage|p1a: Dragapult|6/100|[from] item: Life Orb
|
|-weather|RainDance|[upkeep]
|upkeep
|
|t:|1760883170
|switch|p2a: Scizor|Scizor, F|100/100
|turn|14
|
|t:|1760883180
|move|p2a: Scizor|Bullet Punch|p1a: Dragapult
|-damage|p1a: Dragapult|0 fnt
|faint|p1a: Dragapult
|
|-weather|RainDance|[upkeep]
|upkeep
|
|t:|1760883187
|switch|p1a: Barraskewda|Barraskewda, F|100/100
|turn|15
|
|t:|1760883200
|move|p1a: Barraskewda|Liquidation|p2a: Scizor
|-damage|p2a: Scizor|30/100
|-damage|p1a: Barraskewda|91/100|[from] item: Life Orb
|move|p2a: Scizor|U-turn|p1a: Barraskewda
|-damage|p1a: Barraskewda|30/100
|
|t:|1760883209
|switch|p2a: Landorus|Landorus-Therian, M|100/100|[from] U-turn
|-ability|p2a: Landorus|Intimidate|boost
|-unboost|p1a: Barraskewda|atk|1
|
|-weather|RainDance|[upkeep]
|upkeep
|turn|16
|
|t:|1760883217
|-terastallize|p2a: Landorus|Water
|move|p1a: Barraskewda|Liquidation|p2a: Landorus
|-resisted|p2a: Landorus
|-damage|p2a: Landorus|73/100
|-damage|p1a: Barraskewda|13/100|[from] item: Rocky Helmet|[of] p2a: Landorus
|-damage|p1a: Barraskewda|4/100|[from] item: Life Orb
|move|p2a: Landorus|U-turn|p1a: Barraskewda
|-damage|p1a: Barraskewda|0 fnt
|faint|p1a: Barraskewda
|
|t:|1760883223
|switch|p2a: Slowking|Slowking-Galar, M|52/100|[from] U-turn
|
|-weather|none
|upkeep
|
|t:|1760883227
|switch|p1a: Greninja|Greninja, M|100/100
|turn|17
|
|t:|1760883242
|switch|p2a: Scizor|Scizor, F|30/100
|move|p1a: Greninja|Dark Pulse|p2a: Scizor
|-damage|p2a: Scizor|0 fnt
|faint|p2a: Scizor
|-ability|p1a: Greninja|Battle Bond|boost
|-boost|p1a: Greninja|atk|1
|-boost|p1a: Greninja|spa|1
|-boost|p1a: Greninja|spe|1
|-activate|p1a: Greninja|ability: Battle Bond
|-damage|p1a: Greninja|91/100|[from] item: Life Orb
|
|upkeep
|
|t:|1760883250
|switch|p2a: Kyurem|Kyurem|63/100
|-ability|p2a: Kyurem|Pressure
|turn|18
|
|t:|1760883252
|move|p1a: Greninja|Dark Pulse|p2a: Kyurem
|-damage|p2a: Kyurem|0 fnt
|faint|p2a: Kyurem
|-damage|p1a: Greninja|81/100|[from] item: Life Orb
|
|upkeep
|
|t:|1760883258
|switch|p2a: Slowking|Slowking-Galar, M|86/100
|turn|19
|
|t:|1760883260
|move|p1a: Greninja|Dark Pulse|p2a: Slowking
|-supereffective|p2a: Slowking
|-damage|p2a: Slowking|8/100
|-damage|p1a: Greninja|71/100|[from] item: Life Orb
|move|p2a: Slowking|Thunder Wave|p1a: Greninja|[miss]
|-miss|p2a: Slowking|p1a: Greninja
|
|upkeep
|turn|20
|
|t:|1760883278
|move|p1a: Greninja|Dark Pulse|p2a: Slowking
|-supereffective|p2a: Slowking
|-damage|p2a: Slowking|0 fnt
|faint|p2a: Slowking
|-damage|p1a: Greninja|61/100|[from] item: Life Orb
|
|upkeep
|
|t:|1760883279
|switch|p2a: Iron Moth|Iron Moth|100/100
|-enditem|p2a: Iron Moth|Booster Energy
|-activate|p2a: Iron Moth|ability: Quark Drive|[fromitem]
|-start|p2a: Iron Moth|quarkdrivespe
|turn|21
|
|t:|1760883284
|move|p1a: Greninja|Surf|p2a: Iron Moth
|-supereffective|p2a: Iron Moth
|-damage|p2a: Iron Moth|0 fnt
|faint|p2a: Iron Moth
|-end|p2a: Iron Moth|Quark Drive|[silent]
|-damage|p1a: Greninja|51/100|[from] item: Life Orb
|
|upkeep
|-message|sportspencil forfeited.
|
|win|Grace of Cynthia
|raw|Grace of Cynthia's rating: 1572 &rarr; <strong>1592</strong><br />(+20 for winning)
|raw|sportspencil's rating: 1567 &rarr; <strong>1547</strong><br />(-20 for losing)
|l|☆sportspencil
|player|p2|
