|j|‽destined1jnp
|j|☆qwp1027
|t:|1760834637
|gametype|singles
|player|p1|destined1jnp|will|1295
|player|p2|qwp1027|caitlin-masters|1333
|gen|9
|tier|[Gen 9] OU
|rated|
|rule|HP Percentage Mod: HP is shown in percentages
|rule|Endless Battle Clause: Forcing endless battles is banned
|rule|Species Clause: Limit one of each Pokémon
|rule|OHKO Clause: OHKO moves are banned
|rule|Evasion Items Clause: Evasion items are banned
|rule|Evasion Moves Clause: Evasion moves are banned
|rule|Evasion Abilities Clause: Evasion abilities are banned
|rule|Sleep Moves Clause: Sleep-inducing moves are banned
|clearpoke
|poke|p1|Dondozo, M|
|poke|p1|Blissey, F|
|poke|p1|Corviknight, F|
|poke|p1|Gliscor, F|
|poke|p1|Skeledirge, M|
|poke|p1|Toxapex, F|
|poke|p2|Pelipper, F|
|poke|p2|Kingdra, F|
|poke|p2|Iron Treads|
|poke|p2|Ogerpon-Wellspring, F|
|poke|p2|Raging Bolt|
|poke|p2|Basculegion-F, F|
|teampreview
|inactive|Battle timer is ON: inactive players will automatically lose when time's up. (requested by qwp1027)
|c|☆qwp1027|？
|inactive|destined1jnp has 120 seconds left.
|l|‽destined1jnp
|inactive|destined1jnp disconnected and has a minute to reconnect!
|player|p1|
|j|‽destined1jnp
|inactive|destined1jnp reconnected and has 120 seconds left.
|player|p1|destined1jnp|will|
|n|‽destined1jnp|destined1jnp
|
|t:|1760834694
|teamsize|p1|6
|teamsize|p2|6
|start
|switch|p1a: Toxapex|Toxapex, F, shiny|100/100
|switch|p2a: Pelipper|Pelipper, F|100/100
|-weather|RainDance|[from] ability: Drizzle|[of] p2a: Pelipper
|turn|1
|
|t:|1760834717
|switch|p2a: Basculegion|Basculegion-F, F|100/100
|switch|p1a: Corviknight|Corviknight, F, shiny|100/100
|-ability|p1a: Corviknight|Pressure
|
|-weather|RainDance|[upkeep]
|upkeep
|turn|2
|
|t:|1760834724
|switch|p1a: Toxapex|Toxapex, F, shiny|100/100
|move|p2a: Basculegion|Flip Turn|p1a: Toxapex
|-resisted|p1a: Toxapex
|-damage|p1a: Toxapex|83/100
|
|t:|1760834729
|switch|p2a: Raging Bolt|Raging Bolt|100/100|[from] Flip Turn
|-enditem|p2a: Raging Bolt|Booster Energy
|-activate|p2a: Raging Bolt|ability: Protosynthesis|[fromitem]
|-start|p2a: Raging Bolt|protosynthesisspa
|
|-weather|RainDance|[upkeep]
|-heal|p1a: Toxapex|89/100|[from] item: Leftovers
|upkeep
|turn|3
|
|t:|1760834734
|switch|p1a: Gliscor|Gliscor, F|100/100
|move|p2a: Raging Bolt|Dragon Pulse|p1a: Gliscor
|-damage|p1a: Gliscor|41/100
|
|-weather|RainDance|[upkeep]
|-status|p1a: Gliscor|tox|[from] item: Toxic Orb
|upkeep
|turn|4
|
|t:|1760834740
|move|p1a: Gliscor|Protect|p1a: Gliscor
|-singleturn|p1a: Gliscor|Protect
|move|p2a: Raging Bolt|Dragon Pulse|p1a: Gliscor
|-activate|p1a: Gliscor|move: Protect
|
|-weather|RainDance|[upkeep]
|-heal|p1a: Gliscor|54/100 tox|[from] ability: Poison Heal
|upkeep
|turn|5
|
|t:|1760834752
|switch|p1a: Blissey|Blissey, F|100/100
|move|p2a: Raging Bolt|Dragon Pulse|p1a: Blissey
|-crit|p1a: Blissey
|-damage|p1a: Blissey|69/100
|
|-weather|RainDance|[upkeep]
|-heal|p1a: Blissey|75/100|[from] item: Leftovers
|upkeep
|turn|6
|
|t:|1760834759
|-end|p2a: Raging Bolt|Protosynthesis|[silent]
|switch|p2a: Basculegion|Basculegion-F, F|100/100
|move|p1a: Blissey|Stealth Rock|p2a: Basculegion
|-sidestart|p2: qwp1027|move: Stealth Rock
|
|-weather|RainDance|[upkeep]
|-heal|p1a: Blissey|81/100|[from] item: Leftovers
|upkeep
|turn|7
|
|t:|1760834766
|switch|p1a: Toxapex|Toxapex, F, shiny|100/100
|move|p2a: Basculegion|Flip Turn|p1a: Toxapex
|-resisted|p1a: Toxapex
|-damage|p1a: Toxapex|80/100
|
|t:|1760834770
|switch|p2a: Iron Treads|Iron Treads|100/100|[from] Flip Turn
|-damage|p2a: Iron Treads|97/100|[from] Stealth Rock
|
|-weather|RainDance|[upkeep]
|-heal|p2a: Iron Treads|100/100|[from] item: Leftovers
|-heal|p1a: Toxapex|86/100|[from] item: Leftovers
|upkeep
|turn|8
|
|t:|1760834782
|switch|p1a: Corviknight|Corviknight, F, shiny|100/100
|-ability|p1a: Corviknight|Pressure
|move|p2a: Iron Treads|Rapid Spin|p1a: Corviknight
|-resisted|p1a: Corviknight
|-damage|p1a: Corviknight|96/100
|-boost|p2a: Iron Treads|spe|1
|-sideend|p2: qwp1027|Stealth Rock|[from] move: Rapid Spin|[of] p2a: Iron Treads
|
|-weather|none
|-heal|p1a: Corviknight|100/100|[from] item: Leftovers
|upkeep
|turn|9
|
|t:|1760834786
|-end|p2a: Iron Treads|Quark Drive|[silent]
|switch|p2a: Raging Bolt|Raging Bolt|100/100
|move|p1a: Corviknight|Body Press|p2a: Raging Bolt
|-damage|p2a: Raging Bolt|78/100
|
|upkeep
|turn|10
|
|t:|1760834797
|switch|p1a: Blissey|Blissey, F|81/100
|move|p2a: Raging Bolt|Calm Mind|p2a: Raging Bolt
|-boost|p2a: Raging Bolt|spa|1
|-boost|p2a: Raging Bolt|spd|1
|
|-heal|p1a: Blissey|88/100|[from] item: Leftovers
|upkeep
|turn|11
|
|t:|1760834803
|move|p2a: Raging Bolt|Calm Mind|p2a: Raging Bolt
|-boost|p2a: Raging Bolt|spa|1
|-boost|p2a: Raging Bolt|spd|1
|move|p1a: Blissey|Calm Mind|p1a: Blissey
|-boost|p1a: Blissey|spa|1
|-boost|p1a: Blissey|spd|1
|
|-heal|p1a: Blissey|94/100|[from] item: Leftovers
|upkeep
|turn|12
|
|t:|1760834807
|move|p2a: Raging Bolt|Thunderbolt|p1a: Blissey
|-damage|p1a: Blissey|70/100
|move|p1a: Blissey|Calm Mind|p1a: Blissey
|-boost|p1a: Blissey|spa|1
|-boost|p1a: Blissey|spd|1
|
|-heal|p1a: Blissey|76/100|[from] item: Leftovers
|upkeep
|turn|13
|
|t:|1760834811
|move|p2a: Raging Bolt|Thunderbolt|p1a: Blissey
|-damage|p1a: Blissey|61/100
|move|p1a: Blissey|Seismic Toss|p2a: Raging Bolt
|-damage|p2a: Raging Bolt|56/100
|
|-heal|p1a: Blissey|67/100|[from] item: Leftovers
|upkeep
|turn|14
|
|t:|1760834815
|-end|p2a: Raging Bolt|Protosynthesis|[silent]
|switch|p2a: Ogerpon|Ogerpon-Wellspring, F|100/100
|move|p1a: Blissey|Soft-Boiled|p1a: Blissey
|-heal|p1a: Blissey|100/100
|
|upkeep
|turn|15
|
|t:|1760834821
|switch|p1a: Toxapex|Toxapex, F, shiny|100/100
|-terastallize|p2a: Ogerpon|Water
|detailschange|p2a: Ogerpon|Ogerpon-Wellspring-Tera, F, tera:Water
|-ability|p2a: Ogerpon|Embody Aspect (Wellspring)|boost
|-boost|p2a: Ogerpon|spd|1
|move|p2a: Ogerpon|Swords Dance|p2a: Ogerpon
|-boost|p2a: Ogerpon|atk|2
|
|upkeep
|turn|16
|
|t:|1760834825
|move|p2a: Ogerpon|Horn Leech|p1a: Toxapex
|-damage|p1a: Toxapex|31/100
|move|p1a: Toxapex|Toxic|p2a: Ogerpon
|-status|p2a: Ogerpon|tox
|
|-heal|p1a: Toxapex|37/100|[from] item: Leftovers
|-damage|p2a: Ogerpon|95/100 tox|[from] psn
|upkeep
|turn|17
|
|t:|1760834835
|switch|p1a: Corviknight|Corviknight, F, shiny|100/100
|-ability|p1a: Corviknight|Pressure
|move|p2a: Ogerpon|Ivy Cudgel|p1a: Corviknight|[anim] Ivy Cudgel Water
|-damage|p1a: Corviknight|11/100
|
|-heal|p1a: Corviknight|18/100|[from] item: Leftovers
|-damage|p2a: Ogerpon|83/100 tox|[from] psn
|upkeep
|turn|18
|
|t:|1760834844
|switch|p1a: Dondozo|Dondozo, M, shiny|100/100
|move|p2a: Ogerpon|Ivy Cudgel|p1a: Dondozo|[anim] Ivy Cudgel Water
|-resisted|p1a: Dondozo
|-damage|p1a: Dondozo|82/100
|
|-heal|p1a: Dondozo|89/100|[from] item: Leftovers
|-damage|p2a: Ogerpon|65/100 tox|[from] psn
|upkeep
|turn|19
|
|t:|1760834853
|move|p2a: Ogerpon|Horn Leech|p1a: Dondozo
|-supereffective|p1a: Dondozo
|-damage|p1a: Dondozo|48/100
|-heal|p2a: Ogerpon|99/100 tox|[from] drain|[of] p1a: Dondozo
|move|p1a: Dondozo|Rest|p1a: Dondozo
|-status|p1a: Dondozo|slp|[from] move: Rest
|-heal|p1a: Dondozo|100/100 slp|[silent]
|
|-damage|p2a: Ogerpon|75/100 tox|[from] psn
|upkeep
|turn|20
|
|t:|1760834860
|move|p2a: Ogerpon|Horn Leech|p1a: Dondozo
|-supereffective|p1a: Dondozo
|-damage|p1a: Dondozo|58/100 slp
|-heal|p2a: Ogerpon|100/100 tox|[from] drain|[of] p1a: Dondozo
|cant|p1a: Dondozo|slp
|move|p1a: Dondozo|Sleep Talk|p1a: Dondozo
|move|p1a: Dondozo|Rest||[from] move: Sleep Talk|[still]
|-fail|p1a: Dondozo
|
|-heal|p1a: Dondozo|65/100 slp|[from] item: Leftovers
|-damage|p2a: Ogerpon|71/100 tox|[from] psn
|upkeep
|turn|21
|
|t:|1760834866
|move|p2a: Ogerpon|Horn Leech|p1a: Dondozo
|-supereffective|p1a: Dondozo
|-damage|p1a: Dondozo|25/100 slp
|-heal|p2a: Ogerpon|100/100 tox|[from] drain|[of] p1a: Dondozo
|cant|p1a: Dondozo|slp
|move|p1a: Dondozo|Sleep Talk|p1a: Dondozo
|move|p1a: Dondozo|Rest||[from] move: Sleep Talk|[still]
|-fail|p1a: Dondozo
|
|-heal|p1a: Dondozo|31/100 slp|[from] item: Leftovers
|-damage|p2a: Ogerpon|65/100 tox|[from] psn
|upkeep
|turn|22
|
|t:|1760834885
|-terastallize|p1a: Dondozo|Dragon
|move|p2a: Ogerpon|Horn Leech|p1a: Dondozo
|-resisted|p1a: Dondozo
|-damage|p1a: Dondozo|21/100 slp
|-heal|p2a: Ogerpon|73/100 tox|[from] drain|[of] p1a: Dondozo
|-curestatus|p1a: Dondozo|slp|[msg]
|move|p1a: Dondozo|Avalanche|p2a: Ogerpon
|-resisted|p2a: Ogerpon
|-damage|p2a: Ogerpon|55/100 tox
|
|-heal|p1a: Dondozo|27/100|[from] item: Leftovers
|-damage|p2a: Ogerpon|13/100 tox|[from] psn
|upkeep
|turn|23
|
|t:|1760834899
|move|p2a: Ogerpon|Play Rough|p1a: Dondozo
|-supereffective|p1a: Dondozo
|-damage|p1a: Dondozo|0 fnt
|faint|p1a: Dondozo
|
|-damage|p2a: Ogerpon|0 fnt|[from] psn
|faint|p2a: Ogerpon
|detailschange|p2: Ogerpon|Ogerpon-Wellspring, F|[silent]
|upkeep
|
|t:|1760834907
|switch|p2a: Basculegion|Basculegion-F, F|100/100
|switch|p1a: Toxapex|Toxapex, F, shiny|71/100
|turn|24
|
|t:|1760834911
|move|p2a: Basculegion|Flip Turn|p1a: Toxapex
|-resisted|p1a: Toxapex
|-damage|p1a: Toxapex|59/100
|
|t:|1760834915
|switch|p2a: Iron Treads|Iron Treads|100/100|[from] Flip Turn
|move|p1a: Toxapex|Toxic|p2a: Iron Treads
|-immune|p2a: Iron Treads
|
|-heal|p1a: Toxapex|65/100|[from] item: Leftovers
|upkeep
|turn|25
|
|t:|1760834928
|switch|p1a: Corviknight|Corviknight, F, shiny|18/100
|-ability|p1a: Corviknight|Pressure
|move|p2a: Iron Treads|Iron Head|p1a: Corviknight
|-resisted|p1a: Corviknight
|-damage|p1a: Corviknight|7/100
|
|-heal|p1a: Corviknight|13/100|[from] item: Leftovers
|upkeep
|turn|26
|
|t:|1760834934
|move|p2a: Iron Treads|Ice Spinner|p1a: Corviknight
|-damage|p1a: Corviknight|0 fnt
|faint|p1a: Corviknight
|
|upkeep
|
|t:|1760834937
|switch|p1a: Gliscor|Gliscor, F|54/100 tox
|turn|27
|
|t:|1760834939
|move|p2a: Iron Treads|Ice Spinner|p1a: Gliscor
|-supereffective|p1a: Gliscor
|-damage|p1a: Gliscor|0 fnt
|faint|p1a: Gliscor
|
|upkeep
|-message|destined1jnp forfeited.
|
|win|qwp1027
|raw|destined1jnp's rating: 1295 &rarr; <strong>1273</strong><br />(-22 for losing)
|raw|qwp1027's rating: 1333 &rarr; <strong>1351</strong><br />(+18 for winning)
|l|‽destined1jnp
|player|p1|
