|j|☆meatrub
|j|☆flagfrog
|t:|1760875044
|gametype|singles
|player|p1|meatrub|swimmer-gen4dp|1333
|player|p2|flagfrog|101|1381
|gen|9
|tier|[Gen 9] OU
|rated|
|rule|HP Percentage Mod: HP is shown in percentages
|rule|Endless Battle Clause: Forcing endless battles is banned
|rule|Species Clause: Limit one of each Pokémon
|rule|OHKO Clause: OHKO moves are banned
|rule|Evasion Items Clause: Evasion items are banned
|rule|Evasion Moves Clause: Evasion moves are banned
|rule|Evasion Abilities Clause: Evasion abilities are banned
|rule|Sleep Moves Clause: Sleep-inducing moves are banned
|clearpoke
|poke|p1|Kommo-o, F|
|poke|p1|Ninetales-Alola, M|
|poke|p1|Great Tusk|
|poke|p1|Ogerpon-Wellspring, F|
|poke|p1|Kingambit, M|
|poke|p1|Iron Moth|
|poke|p2|Slowking-Galar, F|
|poke|p2|Zamazenta-*|
|poke|p2|Kingambit, F|
|poke|p2|Pecharunt|
|poke|p2|Gliscor, F|
|poke|p2|Kyurem|
|teampreview
|inactive|Battle timer is ON: inactive players will automatically lose when time's up. (requested by flagfrog)
|
|t:|1760875049
|teamsize|p1|6
|teamsize|p2|6
|start
|switch|p1a: Ninetales|Ninetales-Alola, M|100/100
|switch|p2a: 先兆巡卫|Zamazenta|100/100
|-ability|p2a: 先兆巡卫|Dauntless Shield|boost
|-boost|p2a: 先兆巡卫|def|1
|-weather|Snowscape|[from] ability: Snow Warning|[of] p1a: Ninetales
|turn|1
|
|t:|1760875059
|-terastallize|p1a: Ninetales|Water
|move|p2a: 先兆巡卫|Heavy Slam|p1a: Ninetales
|-resisted|p1a: Ninetales
|-damage|p1a: Ninetales|64/100
|move|p1a: Ninetales|Aurora Veil|p1a: Ninetales
|-sidestart|p1: meatrub|move: Aurora Veil
|
|-weather|Snowscape|[upkeep]
|upkeep
|turn|2
|
|t:|1760875074
|switch|p2a: 寒言卜策|Slowking-Galar, F|100/100
|switch|p1a: Great Tusk|Great Tusk|100/100
|-enditem|p1a: Great Tusk|Booster Energy
|-activate|p1a: Great Tusk|ability: Protosynthesis|[fromitem]
|-start|p1a: Great Tusk|protosynthesisspe
|
|-weather|Snowscape|[upkeep]
|upkeep
|turn|3
|
|t:|1760875085
|switch|p2a: 牵丝孽果|Pecharunt|100/100
|-item|p2a: 牵丝孽果|Air Balloon
|move|p1a: Great Tusk|Bulk Up|p1a: Great Tusk
|-boost|p1a: Great Tusk|atk|1
|-boost|p1a: Great Tusk|def|1
|
|-weather|Snowscape|[upkeep]
|upkeep
|turn|4
|
|t:|1760875095
|move|p1a: Great Tusk|Ice Spinner|p2a: 牵丝孽果
|-damage|p2a: 牵丝孽果|85/100
|-enditem|p2a: 牵丝孽果|Air Balloon
|move|p2a: 牵丝孽果|Malignant Chain|p1a: Great Tusk
|-resisted|p1a: Great Tusk
|-damage|p1a: Great Tusk|90/100
|-status|p1a: Great Tusk|tox
|-start|p1a: Great Tusk|confusion|[from] ability: Poison Puppeteer|[of] p2a: 牵丝孽果
|
|-weather|Snowscape|[upkeep]
|-damage|p1a: Great Tusk|84/100 tox|[from] psn
|upkeep
|turn|5
|
|t:|1760875108
|-activate|p1a: Great Tusk|confusion
|move|p1a: Great Tusk|Headlong Rush|p2a: 牵丝孽果
|-supereffective|p2a: 牵丝孽果
|-damage|p2a: 牵丝孽果|15/100
|-unboost|p1a: Great Tusk|def|1
|-unboost|p1a: Great Tusk|spd|1
|move|p2a: 牵丝孽果|Recover|p2a: 牵丝孽果
|-heal|p2a: 牵丝孽果|65/100
|
|-weather|none
|-damage|p1a: Great Tusk|72/100 tox|[from] psn
|upkeep
|turn|6
|
|t:|1760875120
|switch|p2a: 蝠翼侠蝎|Gliscor, F, shiny|100/100
|-end|p1a: Great Tusk|confusion
|move|p1a: Great Tusk|Headlong Rush|p2a: 蝠翼侠蝎
|-immune|p2a: 蝠翼侠蝎
|
|-damage|p1a: Great Tusk|53/100 tox|[from] psn
|-status|p2a: 蝠翼侠蝎|tox|[from] item: Toxic Orb
|upkeep
|turn|7
|
|t:|1760875132
|move|p2a: 蝠翼侠蝎|Protect|p2a: 蝠翼侠蝎
|-singleturn|p2a: 蝠翼侠蝎|Protect
|move|p1a: Great Tusk|Ice Spinner|p2a: 蝠翼侠蝎
|-activate|p2a: 蝠翼侠蝎|move: Protect
|
|-damage|p1a: Great Tusk|28/100 tox|[from] psn
|upkeep
|turn|8
|
|t:|1760875149
|switch|p2a: 先兆巡卫|Zamazenta|100/100
|move|p1a: Great Tusk|Ice Spinner|p2a: 先兆巡卫
|-damage|p2a: 先兆巡卫|68/100
|
|-damage|p1a: Great Tusk|0 fnt|[from] psn
|faint|p1a: Great Tusk
|-end|p1a: Great Tusk|Protosynthesis|[silent]
|-sideend|p1: meatrub|move: Aurora Veil
|upkeep
|
|t:|1760875159
|switch|p1a: Ninetales|Ninetales-Alola, M, tera:Water|64/100
|-weather|Snowscape|[from] ability: Snow Warning|[of] p1a: Ninetales
|turn|9
|
|t:|1760875167
|-terastallize|p2a: 先兆巡卫|Fighting
|move|p2a: 先兆巡卫|Close Combat|p1a: Ninetales
|-damage|p1a: Ninetales|0 fnt
|-unboost|p2a: 先兆巡卫|def|1
|-unboost|p2a: 先兆巡卫|spd|1
|faint|p1a: Ninetales
|
|-weather|Snowscape|[upkeep]
|upkeep
|
|t:|1760875181
|switch|p1a: Iron Moth|Iron Moth|100/100
|-enditem|p1a: Iron Moth|Booster Energy
|-activate|p1a: Iron Moth|ability: Quark Drive|[fromitem]
|-start|p1a: Iron Moth|quarkdrivespe
|turn|10
|
|t:|1760875187
|switch|p2a: 寒言卜策|Slowking-Galar, F|100/100
|move|p1a: Iron Moth|Dazzling Gleam|p2a: 寒言卜策
|-resisted|p2a: 寒言卜策
|-damage|p2a: 寒言卜策|92/100
|
|-weather|Snowscape|[upkeep]
|upkeep
|turn|11
|
|t:|1760875197
|move|p1a: Iron Moth|Substitute|p1a: Iron Moth
|-start|p1a: Iron Moth|Substitute
|-damage|p1a: Iron Moth|76/100
|move|p2a: 寒言卜策|Thunder Wave||[still]
|-fail|p2a: 寒言卜策
|
|-weather|Snowscape|[upkeep]
|upkeep
|turn|12
|
|t:|1760875205
|move|p1a: Iron Moth|Fiery Dance|p2a: 寒言卜策
|-damage|p2a: 寒言卜策|69/100
|move|p2a: 寒言卜策|Future Sight|p1a: Iron Moth
|-start|p2a: 寒言卜策|move: Future Sight
|
|-weather|Snowscape|[upkeep]
|upkeep
|turn|13
|
|t:|1760875213
|move|p1a: Iron Moth|Fiery Dance|p2a: 寒言卜策
|-damage|p2a: 寒言卜策|44/100
|-boost|p1a: Iron Moth|spa|1
|move|p2a: 寒言卜策|Flamethrower|p1a: Iron Moth
|-resisted|p1a: Iron Moth
|-activate|p1a: Iron Moth|move: Substitute|[damage]
|
|-weather|none
|upkeep
|turn|14
|
|t:|1760875223
|move|p1a: Iron Moth|Fiery Dance|p2a: 寒言卜策
|-damage|p2a: 寒言卜策|10/100
|-prepare|p2a: 寒言卜策|Chilly Reception|[premajor]
|move|p2a: 寒言卜策|Chilly Reception|p2a: 寒言卜策
|-weather|Snowscape
|
|t:|1760875240
|switch|p2a: 蝠翼侠蝎|Gliscor, F, shiny|100/100 tox|[from] Chilly Reception
|
|-weather|Snowscape|[upkeep]
|-end|p1a: Iron Moth|move: Future Sight
|-supereffective|p1a: Iron Moth
|-end|p1a: Iron Moth|Substitute
|upkeep
|turn|15
|
|t:|1760875250
|move|p1a: Iron Moth|Substitute|p1a: Iron Moth
|-start|p1a: Iron Moth|Substitute
|-damage|p1a: Iron Moth|51/100
|move|p2a: 蝠翼侠蝎|Earthquake|p1a: Iron Moth
|-supereffective|p1a: Iron Moth
|-end|p1a: Iron Moth|Substitute
|
|-weather|Snowscape|[upkeep]
|upkeep
|turn|16
|
|t:|1760875259
|move|p1a: Iron Moth|Fiery Dance|p2a: 蝠翼侠蝎
|-damage|p2a: 蝠翼侠蝎|49/100 tox
|move|p2a: 蝠翼侠蝎|Earthquake|p1a: Iron Moth
|-supereffective|p1a: Iron Moth
|-damage|p1a: Iron Moth|0 fnt
|faint|p1a: Iron Moth
|-end|p1a: Iron Moth|Quark Drive|[silent]
|
|-weather|Snowscape|[upkeep]
|-heal|p2a: 蝠翼侠蝎|61/100 tox|[from] ability: Poison Heal
|upkeep
|
|t:|1760875277
|switch|p1a: Kommo-o|Kommo-o, F|100/100
|turn|17
|
|t:|1760875291
|move|p1a: Kommo-o|Clangorous Soul|p1a: Kommo-o
|-boost|p1a: Kommo-o|atk|1
|-boost|p1a: Kommo-o|def|1
|-boost|p1a: Kommo-o|spa|1
|-boost|p1a: Kommo-o|spd|1
|-boost|p1a: Kommo-o|spe|1
|-damage|p1a: Kommo-o|68/100
|-enditem|p1a: Kommo-o|Throat Spray
|-boost|p1a: Kommo-o|spa|1|[from] item: Throat Spray
|move|p2a: 蝠翼侠蝎|Earthquake|p1a: Kommo-o
|-damage|p1a: Kommo-o|45/100
|
|-weather|Snowscape|[upkeep]
|-heal|p2a: 蝠翼侠蝎|74/100 tox|[from] ability: Poison Heal
|upkeep
|turn|18
|
|t:|1760875305
|move|p2a: 蝠翼侠蝎|Protect|p2a: 蝠翼侠蝎
|-singleturn|p2a: 蝠翼侠蝎|Protect
|move|p1a: Kommo-o|Boomburst|p2a: 蝠翼侠蝎
|-activate|p2a: 蝠翼侠蝎|move: Protect
|
|-weather|none
|-heal|p2a: 蝠翼侠蝎|86/100 tox|[from] ability: Poison Heal
|upkeep
|turn|19
|
|t:|1760875314
|move|p1a: Kommo-o|Flamethrower|p2a: 蝠翼侠蝎
|-damage|p2a: 蝠翼侠蝎|39/100 tox
|move|p2a: 蝠翼侠蝎|Earthquake|p1a: Kommo-o
|-damage|p1a: Kommo-o|22/100
|
|-heal|p2a: 蝠翼侠蝎|51/100 tox|[from] ability: Poison Heal
|upkeep
|turn|20
|
|t:|1760875323
|move|p2a: 蝠翼侠蝎|Protect|p2a: 蝠翼侠蝎
|-singleturn|p2a: 蝠翼侠蝎|Protect
|move|p1a: Kommo-o|Flamethrower|p2a: 蝠翼侠蝎
|-activate|p2a: 蝠翼侠蝎|move: Protect
|
|-heal|p2a: 蝠翼侠蝎|64/100 tox|[from] ability: Poison Heal
|upkeep
|turn|21
|
|t:|1760875332
|move|p1a: Kommo-o|Boomburst|p2a: 蝠翼侠蝎
|-crit|p2a: 蝠翼侠蝎
|-damage|p2a: 蝠翼侠蝎|0 fnt
|faint|p2a: 蝠翼侠蝎
|
|upkeep
|
|t:|1760875339
|switch|p2a: Kingambit|Kingambit, F|100/100
|-activate|p2a: Kingambit|ability: Supreme Overlord
|-start|p2a: Kingambit|fallen1|[silent]
|turn|22
|
|t:|1760875348
|-end|p2a: Kingambit|fallen1|[silent]
|switch|p2a: 寒言卜策|Slowking-Galar, F|43/100
|move|p1a: Kommo-o|Flamethrower|p2a: 寒言卜策
|-damage|p2a: 寒言卜策|15/100
|
|upkeep
|turn|23
|
|t:|1760875357
|switch|p2a: 牵丝孽果|Pecharunt|65/100
|move|p1a: Kommo-o|Flamethrower|p2a: 牵丝孽果
|-damage|p2a: 牵丝孽果|12/100
|
|upkeep
|turn|24
|
|t:|1760875365
|move|p1a: Kommo-o|Flamethrower|p2a: 牵丝孽果
|-damage|p2a: 牵丝孽果|0 fnt
|faint|p2a: 牵丝孽果
|
|upkeep
|
|t:|1760875370
|switch|p2a: 寒言卜策|Slowking-Galar, F|48/100
|turn|25
|
|t:|1760875373
|move|p1a: Kommo-o|Boomburst|p2a: 寒言卜策
|-damage|p2a: 寒言卜策|0 fnt
|faint|p2a: 寒言卜策
|
|upkeep
|
|t:|1760875380
|switch|p2a: 凛冬宣言|Kyurem|100/100
|-ability|p2a: 凛冬宣言|Pressure
|turn|26
|
|t:|1760875384
|move|p1a: Kommo-o|Drain Punch|p2a: 凛冬宣言
|-supereffective|p2a: 凛冬宣言
|-damage|p2a: 凛冬宣言|16/100
|-heal|p1a: Kommo-o|79/100|[from] drain|[of] p2a: 凛冬宣言
|move|p2a: 凛冬宣言|Freeze-Dry|p1a: Kommo-o
|-supereffective|p1a: Kommo-o
|-damage|p1a: Kommo-o|23/100
|
|upkeep
|turn|27
|
|t:|1760875393
|move|p1a: Kommo-o|Drain Punch|p2a: 凛冬宣言
|-supereffective|p2a: 凛冬宣言
|-damage|p2a: 凛冬宣言|0 fnt
|-heal|p1a: Kommo-o|33/100|[from] drain|[of] p2a: 凛冬宣言
|faint|p2a: 凛冬宣言
|
|upkeep
|
|t:|1760875395
|switch|p2a: 先兆巡卫|Zamazenta, tera:Fighting|68/100
|turn|28
|
|t:|1760875402
|move|p1a: Kommo-o|Boomburst|p2a: 先兆巡卫
|-damage|p2a: 先兆巡卫|0 fnt
|faint|p2a: 先兆巡卫
|
|upkeep
|
|t:|1760875405
|switch|p2a: Kingambit|Kingambit, F|100/100
|-activate|p2a: Kingambit|ability: Supreme Overlord
|-start|p2a: Kingambit|fallen5|[silent]
|turn|29
|c|☆flagfrog|草泥马比
|c|☆flagfrog|赶你麻痹
|c|☆flagfrog|曹尼玛
|c|☆flagfrog|煞笔
|c|☆flagfrog|你妈死了
|c|☆flagfrog|运气狗
|c|☆flagfrog|干你妈
|inactive|flagfrog has 120 seconds left.
|c|☆meatrub|English
|
|t:|1760875453
|move|p2a: Kingambit|Sucker Punch|p1a: Kommo-o
|-resisted|p1a: Kommo-o
|-damage|p1a: Kommo-o|13/100
|move|p1a: Kommo-o|Drain Punch|p2a: Kingambit
|-supereffective|p2a: Kingambit
|-damage|p2a: Kingambit|0 fnt
|-heal|p1a: Kommo-o|74/100|[from] drain|[of] p2a: Kingambit
|faint|p2a: Kingambit
|-end|p2a: Kingambit|fallen5|[silent]
|
|win|meatrub
