|j|☆nknown
|j|☆B/CFan
|t:|1760726893
|gametype|singles
|player|p1|nknown|archer|1406
|player|p2|B/CFan|102|1387
|gen|9
|tier|[Gen 9] OU
|rated|
|rule|HP Percentage Mod: HP is shown in percentages
|rule|Endless Battle Clause: Forcing endless battles is banned
|rule|Species Clause: Limit one of each Pokémon
|rule|OHKO Clause: OHKO moves are banned
|rule|Evasion Items Clause: Evasion items are banned
|rule|Evasion Moves Clause: Evasion moves are banned
|rule|Evasion Abilities Clause: Evasion abilities are banned
|rule|Sleep Moves Clause: Sleep-inducing moves are banned
|clearpoke
|poke|p1|Salamence, M|
|poke|p1|Hoopa-Unbound|
|poke|p1|Hatterene, F|
|poke|p1|Zamazenta-*|
|poke|p1|Landorus-Therian, M|
|poke|p1|Glimmora, F|
|poke|p2|Cinderace, M|
|poke|p2|Galvantula, M|
|poke|p2|Excadrill, M|
|poke|p2|Dragapult, M|
|poke|p2|Serperior, F|
|poke|p2|Kingambit, M|
|teampreview
|
|t:|1760726898
|teamsize|p1|6
|teamsize|p2|6
|start
|switch|p1a: Pale Fire|Glimmora, F|100/100
|switch|p2a: Galvantula|Galvantula, M|100/100
|turn|1
|inactive|Battle timer is ON: inactive players will automatically lose when time's up. (requested by nknown)
|
|t:|1760726913
|move|p2a: Galvantula|Sticky Web|p1a: Pale Fire
|-sidestart|p1: nknown|move: Sticky Web
|move|p1a: Pale Fire|Mortal Spin|p2a: Galvantula
|-damage|p2a: Galvantula|89/100
|-status|p2a: Galvantula|psn
|-sideend|p1: nknown|Sticky Web|[from] move: Mortal Spin|[of] p1a: Pale Fire
|
|-damage|p2a: Galvantula|76/100 psn|[from] psn
|upkeep
|turn|2
|
|t:|1760726921
|switch|p1a: Misery|Hatterene, F|100/100
|move|p2a: Galvantula|Sticky Web|p1a: Misery
|move|p1a: Misery|Sticky Web|p2a: Galvantula|[from] ability: Magic Bounce
|-sidestart|p2: B/CFan|move: Sticky Web
|
|-damage|p2a: Galvantula|64/100 psn|[from] psn
|upkeep
|turn|3
|
|t:|1760726930
|switch|p1a: Grape of Wrath|Landorus-Therian, M|100/100
|-ability|p1a: Grape of Wrath|Intimidate|boost
|-unboost|p2a: Galvantula|atk|1
|move|p2a: Galvantula|Volt Switch|p1a: Grape of Wrath
|-immune|p1a: Grape of Wrath
|
|-damage|p2a: Galvantula|51/100 psn|[from] psn
|upkeep
|turn|4
|
|t:|1760726941
|switch|p2a: Serperior|Serperior, F|100/100
|-activate|p2a: Serperior|move: Sticky Web
|-boost|p2a: Serperior|spe|1
|move|p1a: Grape of Wrath|U-turn|p2a: Serperior
|-supereffective|p2a: Serperior
|-damage|p2a: Serperior|34/100
|
|t:|1760726947
|switch|p1a: Boyz II Mence|Salamence, M|100/100|[from] U-turn
|-ability|p1a: Boyz II Mence|Intimidate|boost
|-boost|p2a: Serperior|atk|1
|
|-heal|p2a: Serperior|40/100|[from] item: Leftovers
|upkeep
|turn|5
|
|t:|1760726953
|move|p2a: Serperior|Leech Seed|p1a: Boyz II Mence
|-start|p1a: Boyz II Mence|move: Leech Seed
|move|p1a: Boyz II Mence|Hurricane|p2a: Serperior
|-supereffective|p2a: Serperior
|-damage|p2a: Serperior|0 fnt
|faint|p2a: Serperior
|
|upkeep
|
|t:|1760726958
|switch|p2a: Kingambit|Kingambit, M|100/100
|-activate|p2a: Kingambit|move: Sticky Web
|-unboost|p2a: Kingambit|spe|1
|-ability|p2a: Kingambit|Defiant|boost
|-boost|p2a: Kingambit|atk|2
|turn|6
|
|t:|1760726963
|move|p2a: Kingambit|Sucker Punch|p1a: Boyz II Mence
|-damage|p1a: Boyz II Mence|33/100
|move|p1a: Boyz II Mence|Dragon Tail|p2a: Kingambit
|-resisted|p2a: Kingambit
|-crit|p2a: Kingambit
|-damage|p2a: Kingambit|85/100
|drag|p2a: Excadrill|Excadrill, M|100/100
|-ability|p2a: Excadrill|Mold Breaker
|-item|p2a: Excadrill|Air Balloon
|
|-damage|p1a: Boyz II Mence|20/100|[from] Leech Seed|[of] p2a: Excadrill
|upkeep
|turn|7
|
|t:|1760726974
|switch|p1a: Grape of Wrath|Landorus-Therian, M|100/100
|-ability|p1a: Grape of Wrath|Intimidate|boost
|-unboost|p2a: Excadrill|atk|1
|move|p2a: Excadrill|Iron Head|p1a: Grape of Wrath
|-damage|p1a: Grape of Wrath|64/100
|
|upkeep
|turn|8
|
|t:|1760726981
|switch|p2a: Galvantula|Galvantula, M|51/100 psn
|-activate|p2a: Galvantula|move: Sticky Web
|-unboost|p2a: Galvantula|spe|1
|move|p1a: Grape of Wrath|U-turn|p2a: Galvantula
|-damage|p2a: Galvantula|6/100 psn
|
|t:|1760726989
|switch|p1a: Pale Fire|Glimmora, F|100/100|[from] U-turn
|
|-damage|p2a: Galvantula|0 fnt|[from] psn
|faint|p2a: Galvantula
|upkeep
|
|t:|1760726996
|switch|p2a: Kingambit|Kingambit, M|85/100
|-activate|p2a: Kingambit|move: Sticky Web
|-unboost|p2a: Kingambit|spe|1
|-ability|p2a: Kingambit|Defiant|boost
|-boost|p2a: Kingambit|atk|2
|turn|9
|
|t:|1760727006
|switch|p1a: Zama Bin Ladderin|Zamazenta|100/100
|-ability|p1a: Zama Bin Ladderin|Dauntless Shield|boost
|-boost|p1a: Zama Bin Ladderin|def|1
|move|p2a: Kingambit|Iron Head|p1a: Zama Bin Ladderin
|-damage|p1a: Zama Bin Ladderin|45/100
|
|upkeep
|turn|10
|
|t:|1760727016
|-terastallize|p2a: Kingambit|Ghost
|move|p1a: Zama Bin Ladderin|Crunch|p2a: Kingambit
|-supereffective|p2a: Kingambit
|-damage|p2a: Kingambit|40/100
|-unboost|p2a: Kingambit|def|1
|-ability|p2a: Kingambit|Defiant|boost
|-boost|p2a: Kingambit|atk|2
|-damage|p1a: Zama Bin Ladderin|35/100|[from] item: Life Orb
|move|p2a: Kingambit|Iron Head|p1a: Zama Bin Ladderin
|-damage|p1a: Zama Bin Ladderin|0 fnt
|faint|p1a: Zama Bin Ladderin
|
|upkeep
|inactive|nknown has 120 seconds left.
|
|t:|1760727058
|switch|p1a: A Farewell to Arms|Hoopa-Unbound|100/100
|turn|11
|
|t:|1760727061
|-terastallize|p1a: A Farewell to Arms|Fairy
|move|p2a: Kingambit|Sucker Punch|p1a: A Farewell to Arms
|-resisted|p1a: A Farewell to Arms
|-damage|p1a: A Farewell to Arms|15/100
|move|p1a: A Farewell to Arms|Knock Off|p2a: Kingambit
|-supereffective|p2a: Kingambit
|-damage|p2a: Kingambit|0 fnt
|-enditem|p2a: Kingambit|Black Glasses|[from] move: Knock Off|[of] p1a: A Farewell to Arms
|faint|p2a: Kingambit
|
|upkeep
|
|t:|1760727068
|switch|p2a: Dragapult|Dragapult, M|100/100
|-activate|p2a: Dragapult|move: Sticky Web
|-fail|p2a: Dragapult|unboost|[from] ability: Clear Body|[of] p2a: Dragapult
|turn|12
|
|t:|1760727074
|move|p2a: Dragapult|Shadow Ball|p1a: A Farewell to Arms
|-damage|p1a: A Farewell to Arms|0 fnt
|faint|p1a: A Farewell to Arms
|
|upkeep
|inactive|nknown has 120 seconds left.
|
|t:|1760727086
|switch|p1a: Pale Fire|Glimmora, F|100/100
|turn|13
|
|t:|1760727089
|switch|p2a: Excadrill|Excadrill, M|100/100
|-ability|p2a: Excadrill|Mold Breaker
|-item|p2a: Excadrill|Air Balloon
|move|p1a: Pale Fire|Meteor Beam||[still]
|-prepare|p1a: Pale Fire|Meteor Beam
|-boost|p1a: Pale Fire|spa|1
|-enditem|p1a: Pale Fire|Power Herb
|-anim|p1a: Pale Fire|Meteor Beam|p2a: Excadrill
|-resisted|p2a: Excadrill
|-damage|p2a: Excadrill|65/100
|-enditem|p2a: Excadrill|Air Balloon
|
|upkeep
|turn|14
|
|t:|1760727104
|switch|p1a: Boyz II Mence|Salamence, M|20/100
|-ability|p1a: Boyz II Mence|Intimidate|boost
|-unboost|p2a: Excadrill|atk|1
|move|p2a: Excadrill|Earthquake|p1a: Boyz II Mence
|-immune|p1a: Boyz II Mence
|
|upkeep
|turn|15
|
|t:|1760727111
|move|p2a: Excadrill|Rapid Spin|p1a: Boyz II Mence
|-damage|p1a: Boyz II Mence|11/100
|-boost|p2a: Excadrill|spe|1
|-sideend|p2: B/CFan|Sticky Web|[from] move: Rapid Spin|[of] p2a: Excadrill
|move|p1a: Boyz II Mence|Roost|p1a: Boyz II Mence
|-heal|p1a: Boyz II Mence|61/100
|-singleturn|p1a: Boyz II Mence|move: Roost
|
|upkeep
|turn|16
|
|t:|1760727119
|move|p2a: Excadrill|Swords Dance|p2a: Excadrill
|-boost|p2a: Excadrill|atk|2
|move|p1a: Boyz II Mence|Flamethrower|p2a: Excadrill
|-supereffective|p2a: Excadrill
|-damage|p2a: Excadrill|3/100
|
|upkeep
|turn|17
|
|t:|1760727129
|switch|p1a: Misery|Hatterene, F|100/100
|move|p2a: Excadrill|Iron Head|p1a: Misery
|-supereffective|p1a: Misery
|-damage|p1a: Misery|0 fnt
|-damage|p2a: Excadrill|0 fnt|[from] item: Rocky Helmet|[of] p1a: Misery
|faint|p1a: Misery
|faint|p2a: Excadrill
|
|upkeep
|
|t:|1760727139
|switch|p2a: Dragapult|Dragapult, M|100/100
|switch|p1a: Pale Fire|Glimmora, F|100/100
|turn|18
|
|t:|1760727144
|move|p2a: Dragapult|Draco Meteor|p1a: Pale Fire
|-damage|p1a: Pale Fire|0 fnt
|-unboost|p2a: Dragapult|spa|2
|faint|p1a: Pale Fire
|
|upkeep
|
|t:|1760727149
|switch|p1a: Grape of Wrath|Landorus-Therian, M|64/100
|-ability|p1a: Grape of Wrath|Intimidate|boost
|-fail|p2a: Dragapult|unboost|[from] ability: Clear Body|[of] p2a: Dragapult
|turn|19
|
|t:|1760727153
|switch|p2a: Cinderace|Cinderace, M|100/100
|move|p1a: Grape of Wrath|Earthquake|p2a: Cinderace
|-supereffective|p2a: Cinderace
|-damage|p2a: Cinderace|0 fnt
|faint|p2a: Cinderace
|
|upkeep
|
|t:|1760727156
|switch|p2a: Dragapult|Dragapult, M|100/100
|turn|20
|
|t:|1760727161
|switch|p1a: Boyz II Mence|Salamence, M|61/100
|-ability|p1a: Boyz II Mence|Intimidate|boost
|-fail|p2a: Dragapult|unboost|[from] ability: Clear Body|[of] p2a: Dragapult
|move|p2a: Dragapult|Shadow Ball|p1a: Boyz II Mence
|-damage|p1a: Boyz II Mence|9/100
|-unboost|p1a: Boyz II Mence|spd|1
|
|upkeep
|turn|21
|
|t:|1760727172
|move|p2a: Dragapult|Shadow Ball|p1a: Boyz II Mence
|-damage|p1a: Boyz II Mence|0 fnt
|faint|p1a: Boyz II Mence
|
|upkeep
|
|t:|1760727176
|switch|p1a: Grape of Wrath|Landorus-Therian, M|64/100
|-ability|p1a: Grape of Wrath|Intimidate|boost
|-fail|p2a: Dragapult|unboost|[from] ability: Clear Body|[of] p2a: Dragapult
|turn|22
|
|t:|1760727180
|move|p1a: Grape of Wrath|Earthquake|p2a: Dragapult
|-damage|p2a: Dragapult|20/100
|move|p2a: Dragapult|Shadow Ball|p1a: Grape of Wrath
|-damage|p1a: Grape of Wrath|0 fnt
|faint|p1a: Grape of Wrath
|
|win|B/CFan
|raw|nknown's rating: 1406 &rarr; <strong>1385</strong><br />(-21 for losing)
|raw|B&#x2f;CFan's rating: 1387 &rarr; <strong>1408</strong><br />(+21 for winning)
|l|☆nknown
|player|p1|
|l|☆B/CFan
|player|p2|
