|j|☆levi6969
|j|☆Crystalbrightness
|t:|1760847194
|gametype|singles
|player|p1|levi6969|2|1469
|player|p2|Crystalbrightness|waitress-gen4|1544
|gen|9
|tier|[Gen 9] OU
|rated|
|rule|HP Percentage Mod: HP is shown in percentages
|rule|Endless Battle Clause: Forcing endless battles is banned
|rule|Species Clause: Limit one of each Pokémon
|rule|OHKO Clause: OHKO moves are banned
|rule|Evasion Items Clause: Evasion items are banned
|rule|Evasion Moves Clause: Evasion moves are banned
|rule|Evasion Abilities Clause: Evasion abilities are banned
|rule|Sleep Moves Clause: Sleep-inducing moves are banned
|clearpoke
|poke|p1|Mabosstiff, M|
|poke|p1|Cryogonal|
|poke|p1|Dragonite, F|
|poke|p1|Gholdengo|
|poke|p1|Ting-Lu|
|poke|p1|Dondozo, M|
|poke|p2|Landorus-Therian, M|
|poke|p2|Cinderace, F|
|poke|p2|Lokix, M|
|poke|p2|Alomomola, F|
|poke|p2|Keldeo-Resolute|
|poke|p2|Ogerpon, F|
|teampreview
|inactive|Battle timer is ON: inactive players will automatically lose when time's up. (requested by Crystalbrightness)
|
|t:|1760847209
|teamsize|p1|6
|teamsize|p2|6
|start
|switch|p1a: Mabosstiff|Mabosstiff, M, shiny|100/100
|switch|p2a: Keldeo|Keldeo-Resolute|100/100
|turn|1
|
|t:|1760847223
|-terastallize|p1a: Mabosstiff|Poison
|move|p2a: Keldeo|Secret Sword|p1a: Mabosstiff
|-resisted|p1a: Mabosstiff
|-damage|p1a: Mabosstiff|60/100
|move|p1a: Mabosstiff|Play Rough|p2a: Keldeo
|-supereffective|p2a: Keldeo
|-damage|p2a: Keldeo|0 fnt
|faint|p2a: Keldeo
|
|upkeep
|
|t:|1760847232
|switch|p2a: Landorus|Landorus-Therian, M|100/100
|-ability|p2a: Landorus|Intimidate|boost
|-unboost|p1a: Mabosstiff|atk|1
|turn|2
|
|t:|1760847237
|switch|p1a: Cryogonal|Cryogonal|100/100
|move|p2a: Landorus|Earthquake|p1a: Cryogonal
|-immune|p1a: Cryogonal|[from] ability: Levitate
|
|upkeep
|turn|3
|
|t:|1760847247
|switch|p2a: Alomomola|Alomomola, F|100/100
|move|p1a: Cryogonal|Freeze-Dry|p2a: Alomomola
|-supereffective|p2a: Alomomola
|-damage|p2a: Alomomola|65/100
|
|upkeep
|turn|4
|
|t:|1760847250
|move|p1a: Cryogonal|Freeze-Dry|p2a: Alomomola
|-supereffective|p2a: Alomomola
|-damage|p2a: Alomomola|31/100
|move|p2a: Alomomola|Flip Turn|p1a: Cryogonal
|-damage|p1a: Cryogonal|66/100
|
|t:|1760847252
|switch|p2a: Cinderace|Cinderace, F|100/100|[from] Flip Turn
|
|upkeep
|turn|5
|
|t:|1760847259
|switch|p1a: Dondozo|Dondozo, M|100/100
|move|p2a: Cinderace|U-turn|p1a: Dondozo
|-start|p2a: Cinderace|typechange|Bug|[from] ability: Libero
|-damage|p1a: Dondozo|87/100
|-damage|p2a: Cinderace|84/100|[from] item: Rocky Helmet|[of] p1a: Dondozo
|
|t:|1760847263
|switch|p2a: Ogerpon|Ogerpon, F|100/100|[from] U-turn
|
|upkeep
|turn|6
|
|t:|1760847268
|switch|p1a: Gholdengo|Gholdengo, shiny|100/100
|move|p2a: Ogerpon|U-turn|p1a: Gholdengo
|-resisted|p1a: Gholdengo
|-damage|p1a: Gholdengo|94/100
|
|t:|1760847272
|switch|p2a: Cinderace|Cinderace, F|84/100|[from] U-turn
|
|upkeep
|turn|7
|
|t:|1760847275
|switch|p1a: Dondozo|Dondozo, M|87/100
|move|p2a: Cinderace|Pyro Ball|p1a: Dondozo|[miss]
|-miss|p2a: Cinderace|p1a: Dondozo
|
|upkeep
|turn|8
|
|t:|1760847285
|switch|p2a: Ogerpon|Ogerpon, F|100/100
|move|p1a: Dondozo|Liquidation|p2a: Ogerpon
|-resisted|p2a: Ogerpon
|-damage|p2a: Ogerpon|82/100
|
|upkeep
|turn|9
|
|t:|1760847290
|switch|p1a: Gholdengo|Gholdengo, shiny|94/100
|-terastallize|p2a: Ogerpon|Grass
|detailschange|p2a: Ogerpon|Ogerpon-Teal-Tera, F, tera:Grass
|-ability|p2a: Ogerpon|Embody Aspect (Teal)|boost
|-boost|p2a: Ogerpon|spe|1
|move|p2a: Ogerpon|Ivy Cudgel|p1a: Gholdengo
|-resisted|p1a: Gholdengo
|-crit|p1a: Gholdengo
|-damage|p1a: Gholdengo|42/100
|
|upkeep
|turn|10
|
|t:|1760847298
|switch|p2a: Lokix|Lokix, M|100/100
|move|p1a: Gholdengo|Recover|p1a: Gholdengo
|-heal|p1a: Gholdengo|92/100
|
|upkeep
|turn|11
|
|t:|1760847301
|switch|p1a: Dondozo|Dondozo, M|87/100
|move|p2a: Lokix|Knock Off|p1a: Dondozo
|-damage|p1a: Dondozo|59/100
|-damage|p2a: Lokix|84/100|[from] item: Rocky Helmet|[of] p1a: Dondozo
|-enditem|p1a: Dondozo|Rocky Helmet|[from] move: Knock Off|[of] p2a: Lokix
|-damage|p2a: Lokix|74/100|[from] item: Life Orb
|
|upkeep
|turn|12
|
|t:|1760847307
|move|p2a: Lokix|U-turn|p1a: Dondozo
|-damage|p1a: Dondozo|39/100
|-damage|p2a: Lokix|64/100|[from] item: Life Orb
|
|t:|1760847318
|switch|p2a: Ogerpon|Ogerpon-Teal-Tera, F, tera:Grass|82/100|[from] U-turn
|-ability|p2a: Ogerpon|Embody Aspect (Teal)|boost
|-boost|p2a: Ogerpon|spe|1
|move|p1a: Dondozo|Curse|p1a: Dondozo
|-unboost|p1a: Dondozo|spe|1
|-boost|p1a: Dondozo|atk|1
|-boost|p1a: Dondozo|def|1
|
|upkeep
|turn|13
|
|t:|1760847324
|switch|p1a: Gholdengo|Gholdengo, shiny|92/100
|move|p2a: Ogerpon|Ivy Cudgel|p1a: Gholdengo
|-resisted|p1a: Gholdengo
|-damage|p1a: Gholdengo|57/100
|
|upkeep
|turn|14
|
|t:|1760847330
|switch|p2a: Lokix|Lokix, M|64/100
|move|p1a: Gholdengo|Make It Rain|p2a: Lokix
|-damage|p2a: Lokix|0 fnt
|-unboost|p1a: Gholdengo|spa|1
|faint|p2a: Lokix
|
|upkeep
|
|t:|1760847333
|switch|p2a: Cinderace|Cinderace, F|84/100
|turn|15
|
|t:|1760847337
|switch|p1a: Dondozo|Dondozo, M|39/100
|move|p2a: Cinderace|U-turn|p1a: Dondozo
|-start|p2a: Cinderace|typechange|Bug|[from] ability: Libero
|-damage|p1a: Dondozo|23/100
|
|t:|1760847338
|switch|p2a: Ogerpon|Ogerpon-Teal-Tera, F, tera:Grass|82/100|[from] U-turn
|-ability|p2a: Ogerpon|Embody Aspect (Teal)|boost
|-boost|p2a: Ogerpon|spe|1
|
|upkeep
|turn|16
|
|t:|1760847350
|move|p2a: Ogerpon|Ivy Cudgel|p1a: Dondozo
|-supereffective|p1a: Dondozo
|-damage|p1a: Dondozo|0 fnt
|faint|p1a: Dondozo
|
|upkeep
|
|t:|1760847358
|switch|p1a: Dragonite|Dragonite, F, shiny|100/100
|turn|17
|-message|Crystalbrightness forfeited.
|
|win|levi6969
|raw|levi6969's rating: 1469 &rarr; <strong>1493</strong><br />(+24 for winning)
|raw|Crystalbrightness's rating: 1544 &rarr; <strong>1520</strong><br />(-24 for losing)
|l|☆Crystalbrightness
|player|p2|
|l|☆levi6969
|player|p1|
