|j|☆hexonicgd
|j|☆ghostnoats
|t:|1760720720
|gametype|singles
|player|p1|hexonicgd|caitlin|1154
|player|p2|ghostnoats|266|1236
|gen|9
|tier|[Gen 9] OU
|rated|
|rule|HP Percentage Mod: HP is shown in percentages
|rule|Endless Battle Clause: Forcing endless battles is banned
|rule|Species Clause: Limit one of each Pokémon
|rule|OHKO Clause: OHKO moves are banned
|rule|Evasion Items Clause: Evasion items are banned
|rule|Evasion Moves Clause: Evasion moves are banned
|rule|Evasion Abilities Clause: Evasion abilities are banned
|rule|Sleep Moves Clause: Sleep-inducing moves are banned
|clearpoke
|poke|p1|Necrozma|
|poke|p1|Sandy Shocks|
|poke|p1|Great Tusk|
|poke|p1|Iron Valiant|
|poke|p1|Raging Bolt|
|poke|p1|Slowbro, M|
|poke|p2|Landorus-Therian, M|
|poke|p2|Quaquaval, M|
|poke|p2|Alomomola, F|
|poke|p2|Incineroar, M|
|poke|p2|Slowking-Galar, F|
|poke|p2|Iron Valiant|
|teampreview
|
|t:|1760720729
|teamsize|p1|6
|teamsize|p2|6
|start
|switch|p1a: SandyCheeks|Sandy Shocks|100/100
|switch|p2a: Incineroar|Incineroar, M|100/100
|-ability|p2a: Incineroar|Intimidate|boost
|-unboost|p1a: SandyCheeks|atk|1
|-enditem|p1a: SandyCheeks|Booster Energy
|-activate|p1a: SandyCheeks|ability: Protosynthesis|[fromitem]
|-start|p1a: SandyCheeks|protosynthesisspe
|turn|1
|
|t:|1760720740
|move|p2a: Incineroar|Fake Out|p1a: SandyCheeks
|-damage|p1a: SandyCheeks|85/100
|cant|p1a: SandyCheeks|flinch
|
|upkeep
|turn|2
|
|t:|1760720749
|switch|p2a: Landorus|Landorus-Therian, M|100/100
|-ability|p2a: Landorus|Intimidate|boost
|-unboost|p1a: SandyCheeks|atk|1
|move|p1a: SandyCheeks|Earth Power|p2a: Landorus
|-immune|p2a: Landorus
|
|upkeep
|turn|3
|
|t:|1760720759
|switch|p2a: Slowking|Slowking-Galar, F|100/100
|-terastallize|p1a: SandyCheeks|Ice
|move|p1a: SandyCheeks|Tera Blast|p2a: Slowking|[anim] Tera Blast Ice
|-damage|p2a: Slowking|80/100
|
|upkeep
|turn|4
|
|t:|1760720767
|move|p1a: SandyCheeks|Earth Power|p2a: Slowking
|-supereffective|p2a: Slowking
|-damage|p2a: Slowking|30/100
|move|p2a: Slowking|Future Sight|p1a: SandyCheeks
|-start|p2a: Slowking|move: Future Sight
|
|upkeep
|turn|5
|
|t:|1760720785
|switch|p2a: Incineroar|Incineroar, M|100/100
|-ability|p2a: Incineroar|Intimidate|boost
|-unboost|p1a: SandyCheeks|atk|1
|move|p1a: SandyCheeks|Stealth Rock|p2a: Incineroar
|-sidestart|p2: ghostnoats|move: Stealth Rock
|
|upkeep
|turn|6
|
|t:|1760720796
|-end|p1a: SandyCheeks|Protosynthesis|[silent]
|switch|p1a: Paul|Slowbro, M|100/100
|move|p2a: Incineroar|Parting Shot|p1a: Paul
|-unboost|p1a: Paul|atk|1
|-unboost|p1a: Paul|spa|1
|
|t:|1760720807
|switch|p2a: Slowking|Slowking-Galar, F|63/100|[from] Parting Shot
|-damage|p2a: Slowking|51/100|[from] Stealth Rock
|
|-end|p1a: Paul|move: Future Sight
|-resisted|p1a: Paul
|-damage|p1a: Paul|81/100
|upkeep
|turn|7
|
|t:|1760720819
|move|p2a: Slowking|Sludge Wave|p1a: Paul
|-damage|p1a: Paul|49/100
|move|p1a: Paul|Psychic|p2a: Slowking
|-damage|p2a: Slowking|36/100
|
|upkeep
|turn|8
|
|t:|1760720838
|move|p2a: Slowking|Future Sight|p1a: Paul
|-start|p2a: Slowking|move: Future Sight
|move|p1a: Paul|Scald|p2a: Slowking
|-damage|p2a: Slowking|22/100
|-status|p2a: Slowking|brn
|
|-damage|p2a: Slowking|16/100 brn|[from] brn
|upkeep
|turn|9
|
|t:|1760720853
|switch|p2a: Alomomola|Alomomola, F|100/100
|-damage|p2a: Alomomola|88/100|[from] Stealth Rock
|switch|p1a: Necrozma|Necrozma|100/100
|
|-heal|p2a: Alomomola|94/100|[from] item: Leftovers
|upkeep
|turn|10
|
|t:|1760720866
|switch|p1a: Paul|Slowbro, M|83/100
|move|p2a: Alomomola|Wish|p2a: Alomomola
|
|-end|p1a: Paul|move: Future Sight
|-resisted|p1a: Paul
|-damage|p1a: Paul|62/100
|-heal|p2a: Alomomola|100/100|[from] item: Leftovers
|upkeep
|turn|11
|inactive|Battle timer is ON: inactive players will automatically lose when time's up. (requested by ghostnoats)
|
|t:|1760720881
|move|p2a: Alomomola|Flip Turn|p1a: Paul
|-resisted|p1a: Paul
|-damage|p1a: Paul|56/100
|
|t:|1760720890
|switch|p2a: Incineroar|Incineroar, M|100/100|[from] Flip Turn
|-ability|p2a: Incineroar|Intimidate|boost
|-unboost|p1a: Paul|atk|1
|move|p1a: Paul|Psychic|p2a: Incineroar
|-immune|p2a: Incineroar
|
|upkeep
|turn|12
|c|☆ghostnoats|idk why but the name paul reminds me of Big Thief
|
|t:|1760720912
|move|p2a: Incineroar|Knock Off|p1a: Paul
|-supereffective|p1a: Paul
|-damage|p1a: Paul|0 fnt
|-enditem|p1a: Paul|Assault Vest|[from] move: Knock Off|[of] p2a: Incineroar
|faint|p1a: Paul
|
|upkeep
|-message|hexonicgd forfeited.
|
|win|ghostnoats
|raw|hexonicgd's rating: 1154 &rarr; <strong>1135</strong><br />(-19 for losing)
|raw|ghostnoats's rating: 1236 &rarr; <strong>1255</strong><br />(+19 for winning)
|l|☆hexonicgd
|player|p1|
|l|☆ghostnoats
|player|p2|
