|j|☆Rinorrudo
|j|☆yanyee
|t:|1760860551
|gametype|singles
|player|p1|Rinorrudo|flint|1190
|player|p2|yanyee|janine|1161
|gen|9
|tier|[Gen 9] OU
|rated|
|rule|HP Percentage Mod: HP is shown in percentages
|rule|Endless Battle Clause: Forcing endless battles is banned
|rule|Species Clause: Limit one of each Pokémon
|rule|OHKO Clause: OHKO moves are banned
|rule|Evasion Items Clause: Evasion items are banned
|rule|Evasion Moves Clause: Evasion moves are banned
|rule|Evasion Abilities Clause: Evasion abilities are banned
|rule|Sleep Moves Clause: Sleep-inducing moves are banned
|clearpoke
|poke|p1|Ninetales, M|
|poke|p1|Walking Wake|
|poke|p1|Great Tusk|
|poke|p1|Gliscor, F|
|poke|p1|Blissey, F|
|poke|p1|Weezing-Galar, M|
|poke|p2|Quagsire, M|
|poke|p2|Corviknight, F|
|poke|p2|Clodsire, F|
|poke|p2|Slowking, F|
|poke|p2|Dragapult, F|
|poke|p2|Electrode-Hisui|
|teampreview
|inactive|Battle timer is ON: inactive players will automatically lose when time's up. (requested by Rinorrudo)
|
|t:|1760860563
|teamsize|p1|6
|teamsize|p2|6
|start
|switch|p1a: Ninetales|Ninetales, M|100/100
|switch|p2a: Dragapult|Dragapult, F|100/100
|-weather|SunnyDay|[from] ability: Drought|[of] p1a: Ninetales
|turn|1
|
|t:|1760860589
|switch|p1a: Weezing|Weezing-Galar, M|100/100
|-ability|p1a: Weezing|Neutralizing Gas
|move|p2a: Dragapult|Light Screen|p2a: Dragapult
|-sidestart|p2: yanyee|move: Light Screen
|
|-weather|SunnyDay|[upkeep]
|upkeep
|turn|2
|
|t:|1760860602
|move|p2a: Dragapult|U-turn|p1a: Weezing
|-resisted|p1a: Weezing
|-damage|p1a: Weezing|96/100
|-damage|p2a: Dragapult|84/100|[from] item: Rocky Helmet|[of] p1a: Weezing
|c|☆yanyee|!data weezing galar
|c| yanyee|/raw <div class="message"><ul class="utilichart"><li class="result"><span class="col numcol">OU</span> <span class="col iconcol"><psicon pokemon="weezinggalar"/></span> <span class="col pokemonnamecol" style="white-space:nowrap"><a href="https://dex.pokemonshowdown.com/pokemon/weezinggalar" target="_blank">Weezing-Galar</a></span> <span class="col typecol"><img src="https://play.pokemonshowdown.com/sprites/types/Poison.png" alt="Poison" height="14" width="32"><img src="https://play.pokemonshowdown.com/sprites/types/Fairy.png" alt="Fairy" height="14" width="32"></span> <span style="float:left;min-height:26px"><span class="col twoabilitycol">Levitate<br />Neutralizing Gas</span><span class="col abilitycol"><em>Misty Surge</em></span></span><span style="float:left;min-height:26px"><span class="col statcol"><em>HP</em><br />65</span> <span class="col statcol"><em>Atk</em><br />90</span> <span class="col statcol"><em>Def</em><br />120</span> <span class="col statcol"><em>SpA</em><br />85</span> <span class="col statcol"><em>SpD</em><br />70</span> <span class="col statcol"><em>Spe</em><br />60</span> <span class="col bstcol"><em>BST<br />490</em></span> </span></li><li style="clear:both"></li></ul></div>

|
|t:|1760860610
|switch|p2a: Quagsire|Quagsire, M|100/100|[from] U-turn
|move|p1a: Weezing|Clear Smog|p2a: Quagsire
|-resisted|p2a: Quagsire
|-damage|p2a: Quagsire|96/100
|-clearboost|p2a: Quagsire
|
|-weather|SunnyDay|[upkeep]
|upkeep
|turn|3
|
|t:|1760860618
|move|p1a: Weezing|Defog|p2a: Quagsire
|-unboost|p2a: Quagsire|evasion|1
|-sideend|p2: yanyee|move: Light Screen
|move|p2a: Quagsire|Whirlpool|p1a: Weezing
|-damage|p1a: Weezing|92/100
|-activate|p1a: Weezing|move: Whirlpool|[of] p2a: Quagsire
|
|-weather|SunnyDay|[upkeep]
|-damage|p1a: Weezing|79/100|[from] move: Whirlpool|[partiallytrapped]
|upkeep
|turn|4
|
|t:|1760860627
|move|p1a: Weezing|Pain Split|p2a: Quagsire
|-sethp|p2a: Quagsire|81/100|[from] move: Pain Split|[silent]
|-sethp|p1a: Weezing|96/100|[from] move: Pain Split
|move|p2a: Quagsire|Earthquake|p1a: Weezing
|-supereffective|p1a: Weezing
|-damage|p1a: Weezing|56/100
|
|-weather|SunnyDay|[upkeep]
|-damage|p1a: Weezing|44/100|[from] move: Whirlpool|[partiallytrapped]
|upkeep
|turn|5
|
|t:|1760860634
|move|p1a: Weezing|Pain Split|p2a: Quagsire
|-sethp|p2a: Quagsire|59/100|[from] move: Pain Split|[silent]
|-sethp|p1a: Weezing|70/100|[from] move: Pain Split
|move|p2a: Quagsire|Earthquake|p1a: Weezing
|-supereffective|p1a: Weezing
|-damage|p1a: Weezing|25/100
|
|-weather|SunnyDay|[upkeep]
|-damage|p1a: Weezing|12/100|[from] move: Whirlpool|[partiallytrapped]
|upkeep
|turn|6
|
|t:|1760860640
|move|p1a: Weezing|Pain Split|p2a: Quagsire
|-sethp|p2a: Quagsire|35/100|[from] move: Pain Split|[silent]
|-sethp|p1a: Weezing|41/100|[from] move: Pain Split
|move|p2a: Quagsire|Earthquake|p1a: Weezing
|-supereffective|p1a: Weezing
|-damage|p1a: Weezing|0 fnt
|faint|p1a: Weezing
|-end|p1a: Weezing|ability: Neutralizing Gas
|
|-weather|SunnyDay|[upkeep]
|upkeep
|
|t:|1760860658
|switch|p1a: Gliscor|Gliscor, F|100/100
|turn|7
|
|t:|1760860661
|move|p1a: Gliscor|Toxic|p2a: Quagsire
|-status|p2a: Quagsire|tox
|move|p2a: Quagsire|Recover|p2a: Quagsire
|-heal|p2a: Quagsire|85/100 tox
|
|-weather|SunnyDay|[upkeep]
|-damage|p2a: Quagsire|79/100 tox|[from] psn
|-status|p1a: Gliscor|tox|[from] item: Toxic Orb
|upkeep
|turn|8
|
|t:|1760860670
|switch|p2a: Slowking|Slowking, F|100/100
|move|p1a: Gliscor|Protect||[still]
|-fail|p1a: Gliscor
|
|-weather|none
|upkeep
|turn|9
|
|t:|1760860682
|move|p1a: Gliscor|U-turn|p2a: Slowking
|-supereffective|p2a: Slowking
|-damage|p2a: Slowking|71/100
|
|t:|1760860687
|switch|p1a: Blissey|Blissey, F|100/100|[from] U-turn
|move|p2a: Slowking|Future Sight|p1a: Blissey
|-start|p2a: Slowking|move: Future Sight
|
|upkeep
|turn|10
|
|t:|1760860695
|move|p1a: Blissey|Stealth Rock|p2a: Slowking
|-sidestart|p2: yanyee|move: Stealth Rock
|-prepare|p2a: Slowking|Chilly Reception|[premajor]
|move|p2a: Slowking|Chilly Reception|p2a: Slowking
|-weather|Snowscape
|
|t:|1760860699
|switch|p2a: Dragapult|Dragapult, F|84/100|[from] Chilly Reception
|-damage|p2a: Dragapult|72/100|[from] Stealth Rock
|
|-weather|Snowscape|[upkeep]
|upkeep
|turn|11
|
|t:|1760860709
|switch|p1a: Gliscor|Gliscor, F|100/100 tox
|move|p2a: Dragapult|Dragon Darts|p1a: Gliscor
|-damage|p1a: Gliscor|85/100 tox
|-anim|p2a: Dragapult|Dragon Darts|p1a: Gliscor
|-damage|p1a: Gliscor|69/100 tox
|
|-weather|Snowscape|[upkeep]
|-end|p1a: Gliscor|move: Future Sight
|-damage|p1a: Gliscor|19/100 tox
|-heal|p1a: Gliscor|31/100 tox|[from] ability: Poison Heal
|upkeep
|turn|12
|
|t:|1760860713
|move|p1a: Gliscor|Protect|p1a: Gliscor
|-singleturn|p1a: Gliscor|Protect
|move|p2a: Dragapult|Dragon Darts|p1a: Gliscor
|-activate|p1a: Gliscor|move: Protect
|
|-weather|Snowscape|[upkeep]
|-heal|p1a: Gliscor|44/100 tox|[from] ability: Poison Heal
|upkeep
|turn|13
|inactive|Rinorrudo has 120 seconds left.
|
|t:|1760860767
|switch|p1a: Great Tusk|Great Tusk|100/100
|move|p2a: Dragapult|U-turn|p1a: Great Tusk
|-resisted|p1a: Great Tusk
|-damage|p1a: Great Tusk|92/100
|
|t:|1760860780
|switch|p2a: Corviknight|Corviknight, F|100/100|[from] U-turn
|-damage|p2a: Corviknight|88/100|[from] Stealth Rock
|
|-weather|Snowscape|[upkeep]
|upkeep
|turn|14
|
|t:|1760860792
|move|p1a: Great Tusk|Knock Off|p2a: Corviknight
|-damage|p2a: Corviknight|64/100
|-damage|p1a: Great Tusk|76/100|[from] item: Rocky Helmet|[of] p2a: Corviknight
|-enditem|p2a: Corviknight|Rocky Helmet|[from] move: Knock Off|[of] p1a: Great Tusk
|move|p2a: Corviknight|Defog|p1a: Great Tusk
|-unboost|p1a: Great Tusk|evasion|1
|-sideend|p2: yanyee|Stealth Rock|[from] move: Defog|[of] p2a: Corviknight
|
|-weather|none
|upkeep
|turn|15
|
|t:|1760860806
|-end|p1a: Great Tusk|Protosynthesis|[silent]
|switch|p1a: Ninetales|Ninetales, M|100/100
|-weather|SunnyDay|[from] ability: Drought|[of] p1a: Ninetales
|move|p2a: Corviknight|U-turn|p1a: Ninetales
|-resisted|p1a: Ninetales
|-damage|p1a: Ninetales|89/100
|
|t:|1760860812
|switch|p2a: Slowking|Slowking, F|100/100|[from] U-turn
|
|-weather|SunnyDay|[upkeep]
|upkeep
|turn|16
|inactive|Rinorrudo has 90 seconds left.
|
|t:|1760860851
|move|p1a: Ninetales|Shadow Ball|p2a: Slowking
|-supereffective|p2a: Slowking
|-damage|p2a: Slowking|74/100
|-prepare|p2a: Slowking|Chilly Reception|[premajor]
|move|p2a: Slowking|Chilly Reception|p2a: Slowking
|-weather|Snowscape
|
|t:|1760860875
|switch|p2a: Clodsire|Clodsire, F|100/100|[from] Chilly Reception
|
|-weather|Snowscape|[upkeep]
|upkeep
|turn|17
|
|t:|1760860883
|move|p1a: Ninetales|Weather Ball|p2a: Clodsire
|-supereffective|p2a: Clodsire
|-damage|p2a: Clodsire|75/100
|move|p2a: Clodsire|Earthquake|p1a: Ninetales
|-supereffective|p1a: Ninetales
|-damage|p1a: Ninetales|2/100
|
|-weather|Snowscape|[upkeep]
|upkeep
|turn|18
|
|t:|1760860891
|switch|p1a: Gliscor|Gliscor, F|44/100 tox
|move|p2a: Clodsire|Earthquake|p1a: Gliscor
|-immune|p1a: Gliscor
|
|-weather|Snowscape|[upkeep]
|-heal|p1a: Gliscor|56/100 tox|[from] ability: Poison Heal
|upkeep
|turn|19
|
|t:|1760860902
|switch|p2a: Corviknight|Corviknight, F|64/100
|move|p1a: Gliscor|Earthquake|p2a: Corviknight
|-immune|p2a: Corviknight
|
|-weather|Snowscape|[upkeep]
|-heal|p1a: Gliscor|69/100 tox|[from] ability: Poison Heal
|upkeep
|turn|20
|
|t:|1760860906
|move|p1a: Gliscor|Protect|p1a: Gliscor
|-singleturn|p1a: Gliscor|Protect
|move|p2a: Corviknight|U-turn|p1a: Gliscor
|-activate|p1a: Gliscor|move: Protect
|
|-weather|none
|-heal|p1a: Gliscor|81/100 tox|[from] ability: Poison Heal
|upkeep
|turn|21
|
|t:|1760860918
|move|p1a: Gliscor|U-turn|p2a: Corviknight
|-resisted|p2a: Corviknight
|-damage|p2a: Corviknight|61/100
|
|t:|1760860922
|switch|p1a: Ninetales|Ninetales, M|2/100|[from] U-turn
|-weather|SunnyDay|[from] ability: Drought|[of] p1a: Ninetales
|move|p2a: Corviknight|U-turn|p1a: Ninetales
|-resisted|p1a: Ninetales
|-damage|p1a: Ninetales|0 fnt
|faint|p1a: Ninetales
|
|t:|1760860926
|switch|p2a: Slowking|Slowking, F|100/100|[from] U-turn
|
|-weather|SunnyDay|[upkeep]
|upkeep
|inactive|Rinorrudo has 120 seconds left.
|
|t:|1760860934
|switch|p1a: Great Tusk|Great Tusk|76/100
|-activate|p1a: Great Tusk|ability: Protosynthesis
|-start|p1a: Great Tusk|protosynthesisatk
|turn|22
|
|t:|1760860941
|move|p1a: Great Tusk|Knock Off|p2a: Slowking
|-supereffective|p2a: Slowking
|-damage|p2a: Slowking|1/100
|-enditem|p2a: Slowking|Zoom Lens|[from] move: Knock Off|[of] p1a: Great Tusk
|-prepare|p2a: Slowking|Chilly Reception|[premajor]
|move|p2a: Slowking|Chilly Reception|p2a: Slowking
|-weather|Snowscape
|-end|p1a: Great Tusk|Protosynthesis
|
|t:|1760860947
|switch|p2a: Corviknight|Corviknight, F|61/100|[from] Chilly Reception
|
|-weather|Snowscape|[upkeep]
|upkeep
|turn|23
|
|t:|1760860954
|-end|p1a: Great Tusk|Protosynthesis|[silent]
|switch|p1a: Gliscor|Gliscor, F|81/100 tox
|move|p2a: Corviknight|U-turn|p1a: Gliscor
|-resisted|p1a: Gliscor
|-damage|p1a: Gliscor|77/100 tox
|
|t:|1760860961
|switch|p2a: Electrode|Electrode-Hisui|100/100|[from] U-turn
|
|-weather|Snowscape|[upkeep]
|-heal|p1a: Gliscor|89/100 tox|[from] ability: Poison Heal
|upkeep
|turn|24
|
|t:|1760860971
|move|p1a: Gliscor|Protect|p1a: Gliscor
|-singleturn|p1a: Gliscor|Protect
|move|p2a: Electrode|Energy Ball|p1a: Gliscor
|-activate|p1a: Gliscor|move: Protect
|
|-weather|Snowscape|[upkeep]
|-heal|p1a: Gliscor|100/100 tox|[from] ability: Poison Heal
|upkeep
|turn|25
|
|t:|1760860977
|switch|p1a: Blissey|Blissey, F|100/100
|move|p2a: Electrode|Energy Ball|p1a: Blissey
|-damage|p1a: Blissey|85/100
|
|-weather|Snowscape|[upkeep]
|-heal|p1a: Blissey|91/100|[from] item: Leftovers
|upkeep
|turn|26
|
|t:|1760860980
|switch|p2a: Slowking|Slowking, F|34/100
|move|p1a: Blissey|Stealth Rock|p2a: Slowking
|-sidestart|p2: yanyee|move: Stealth Rock
|
|-weather|none
|-heal|p1a: Blissey|97/100|[from] item: Leftovers
|upkeep
|turn|27
|
|t:|1760860990
|switch|p1a: Great Tusk|Great Tusk|76/100
|-prepare|p2a: Slowking|Chilly Reception|[premajor]
|move|p2a: Slowking|Chilly Reception|p2a: Slowking
|-weather|Snowscape
|
|t:|1760860994
|switch|p2a: Corviknight|Corviknight, F|61/100|[from] Chilly Reception
|-damage|p2a: Corviknight|49/100|[from] Stealth Rock
|
|-weather|Snowscape|[upkeep]
|upkeep
|turn|28
|inactive|Rinorrudo has 120 seconds left.
|
|t:|1760861028
|move|p1a: Great Tusk|Close Combat|p2a: Corviknight
|-damage|p2a: Corviknight|10/100
|-unboost|p1a: Great Tusk|def|1
|-unboost|p1a: Great Tusk|spd|1
|move|p2a: Corviknight|Defog|p1a: Great Tusk
|-unboost|p1a: Great Tusk|evasion|1
|-sideend|p2: yanyee|Stealth Rock|[from] move: Defog|[of] p2a: Corviknight
|
|-weather|Snowscape|[upkeep]
|upkeep
|turn|29
|
|t:|1760861045
|switch|p2a: Quagsire|Quagsire, M|79/100 tox
|move|p1a: Great Tusk|Close Combat|p2a: Quagsire
|-damage|p2a: Quagsire|32/100 tox
|-unboost|p1a: Great Tusk|def|1
|-unboost|p1a: Great Tusk|spd|1
|
|-weather|Snowscape|[upkeep]
|-damage|p2a: Quagsire|26/100 tox|[from] psn
|upkeep
|turn|30
|
|t:|1760861050
|-end|p1a: Great Tusk|Protosynthesis|[silent]
|switch|p1a: Gliscor|Gliscor, F|100/100 tox
|switch|p2a: Dragapult|Dragapult, F|72/100
|
|-weather|Snowscape|[upkeep]
|upkeep
|turn|31
|
|t:|1760861058
|move|p2a: Dragapult|Reflect|p2a: Dragapult
|-sidestart|p2: yanyee|Reflect
|move|p1a: Gliscor|Toxic|p2a: Dragapult
|-status|p2a: Dragapult|tox
|
|-weather|none
|-damage|p2a: Dragapult|66/100 tox|[from] psn
|upkeep
|turn|32
|
|t:|1760861064
|switch|p2a: Corviknight|Corviknight, F|10/100
|move|p1a: Gliscor|Protect||[still]
|-fail|p1a: Gliscor
|
|upkeep
|turn|33
|
|t:|1760861067
|move|p1a: Gliscor|U-turn|p2a: Corviknight
|-resisted|p2a: Corviknight
|-damage|p2a: Corviknight|9/100
|
|t:|1760861070
|switch|p1a: Walking Wake|Walking Wake|100/100|[from] U-turn
|move|p2a: Corviknight|Roost|p2a: Corviknight
|-heal|p2a: Corviknight|59/100
|-singleturn|p2a: Corviknight|move: Roost
|
|upkeep
|turn|34
|
|t:|1760861074
|switch|p2a: Slowking|Slowking, F|68/100
|move|p1a: Walking Wake|Hydro Steam|p2a: Slowking
|-resisted|p2a: Slowking
|-damage|p2a: Slowking|53/100
|-damage|p1a: Walking Wake|91/100|[from] item: Life Orb
|
|upkeep
|turn|35
|
|t:|1760861089
|-end|p1a: Walking Wake|Protosynthesis|[silent]
|switch|p1a: Gliscor|Gliscor, F|100/100 tox
|move|p2a: Slowking|Future Sight|p1a: Gliscor
|-start|p2a: Slowking|move: Future Sight
|
|upkeep
|turn|36
|
|t:|1760861098
|move|p1a: Gliscor|U-turn|p2a: Slowking
|-supereffective|p2a: Slowking
|-damage|p2a: Slowking|37/100
|
|t:|1760861105
|switch|p1a: Great Tusk|Great Tusk|76/100|[from] U-turn
|-prepare|p2a: Slowking|Chilly Reception|[premajor]
|move|p2a: Slowking|Chilly Reception|p2a: Slowking
|-weather|Snowscape
|
|t:|1760861109
|switch|p2a: Electrode|Electrode-Hisui|100/100|[from] Chilly Reception
|
|-weather|Snowscape|[upkeep]
|upkeep
|turn|37
|
|t:|1760861116
|-end|p1a: Great Tusk|Protosynthesis|[silent]
|switch|p1a: Blissey|Blissey, F|97/100
|move|p2a: Electrode|Energy Ball|p1a: Blissey
|-damage|p1a: Blissey|82/100
|
|-weather|Snowscape|[upkeep]
|-end|p1a: Blissey|move: Future Sight
|-damage|p1a: Blissey|70/100
|-heal|p1a: Blissey|76/100|[from] item: Leftovers
|upkeep
|turn|38
|
|t:|1760861126
|switch|p2a: Quagsire|Quagsire, M|26/100 tox
|move|p1a: Blissey|Stealth Rock|p2a: Quagsire
|-sidestart|p2: yanyee|move: Stealth Rock
|
|-weather|Snowscape|[upkeep]
|-heal|p1a: Blissey|83/100|[from] item: Leftovers
|-damage|p2a: Quagsire|20/100 tox|[from] psn
|-sideend|p2: yanyee|Reflect
|upkeep
|turn|39
|
|t:|1760861132
|switch|p1a: Gliscor|Gliscor, F|100/100 tox
|move|p2a: Quagsire|Recover|p2a: Quagsire
|-heal|p2a: Quagsire|70/100 tox
|
|-weather|Snowscape|[upkeep]
|-damage|p2a: Quagsire|58/100 tox|[from] psn
|upkeep
|turn|40
|
|t:|1760861145
|switch|p2a: Corviknight|Corviknight, F|59/100
|-damage|p2a: Corviknight|46/100|[from] Stealth Rock
|move|p1a: Gliscor|U-turn|p2a: Corviknight
|-resisted|p2a: Corviknight
|-damage|p2a: Corviknight|44/100
|
|t:|1760861152
|switch|p1a: Walking Wake|Walking Wake|91/100|[from] U-turn
|
|-weather|none
|upkeep
|turn|41
|
|t:|1760861163
|switch|p2a: Slowking|Slowking, F|70/100
|-damage|p2a: Slowking|57/100|[from] Stealth Rock
|move|p1a: Walking Wake|Hydro Steam|p2a: Slowking
|-resisted|p2a: Slowking
|-damage|p2a: Slowking|41/100
|-damage|p1a: Walking Wake|81/100|[from] item: Life Orb
|
|upkeep
|turn|42
|
|t:|1760861170
|-end|p1a: Walking Wake|Protosynthesis|[silent]
|switch|p1a: Blissey|Blissey, F|83/100
|-prepare|p2a: Slowking|Chilly Reception|[premajor]
|move|p2a: Slowking|Chilly Reception|p2a: Slowking
|-weather|Snowscape
|
|t:|1760861180
|switch|p2a: Corviknight|Corviknight, F|44/100|[from] Chilly Reception
|-damage|p2a: Corviknight|32/100|[from] Stealth Rock
|
|-weather|Snowscape|[upkeep]
|-heal|p1a: Blissey|89/100|[from] item: Leftovers
|upkeep
|turn|43
|
|t:|1760861186
|move|p1a: Blissey|Seismic Toss|p2a: Corviknight
|-damage|p2a: Corviknight|7/100
|move|p2a: Corviknight|Roost|p2a: Corviknight
|-heal|p2a: Corviknight|57/100
|-singleturn|p2a: Corviknight|move: Roost
|
|-weather|Snowscape|[upkeep]
|-heal|p1a: Blissey|95/100|[from] item: Leftovers
|upkeep
|turn|44
|
|t:|1760861192
|switch|p1a: Gliscor|Gliscor, F|100/100 tox
|move|p2a: Corviknight|Roost|p2a: Corviknight
|-heal|p2a: Corviknight|100/100
|-singleturn|p2a: Corviknight|move: Roost
|
|-weather|Snowscape|[upkeep]
|upkeep
|turn|45
|
|t:|1760861197
|move|p1a: Gliscor|Protect|p1a: Gliscor
|-singleturn|p1a: Gliscor|Protect
|move|p2a: Corviknight|Defog|p1a: Gliscor
|-activate|p1a: Gliscor|move: Protect
|
|-weather|Snowscape|[upkeep]
|upkeep
|turn|46
|
|t:|1760861221
|move|p1a: Gliscor|Toxic|p2a: Corviknight
|-immune|p2a: Corviknight
|move|p2a: Corviknight|Defog|p1a: Gliscor
|-unboost|p1a: Gliscor|evasion|1
|-sideend|p2: yanyee|Stealth Rock|[from] move: Defog|[of] p2a: Corviknight
|
|-weather|none
|upkeep
|turn|47
|
|t:|1760861225
|move|p1a: Gliscor|Protect|p1a: Gliscor
|-singleturn|p1a: Gliscor|Protect
|move|p2a: Corviknight|U-turn|p1a: Gliscor
|-activate|p1a: Gliscor|move: Protect
|
|upkeep
|turn|48
|
|t:|1760861236
|move|p1a: Gliscor|Earthquake|p2a: Corviknight
|-immune|p2a: Corviknight
|move|p2a: Corviknight|U-turn|p1a: Gliscor
|-resisted|p1a: Gliscor
|-damage|p1a: Gliscor|96/100 tox
|
|t:|1760861251
|switch|p2a: Dragapult|Dragapult, F|66/100 tox|[from] U-turn
|
|-damage|p2a: Dragapult|60/100 tox|[from] psn
|-heal|p1a: Gliscor|100/100 tox|[from] ability: Poison Heal
|upkeep
|turn|49
|
|t:|1760861262
|move|p2a: Dragapult|U-turn|p1a: Gliscor
|-resisted|p1a: Gliscor
|-damage|p1a: Gliscor|94/100 tox
|
|t:|1760861264
|switch|p2a: Slowking|Slowking, F|74/100|[from] U-turn
|move|p1a: Gliscor|U-turn|p2a: Slowking
|-supereffective|p2a: Slowking
|-damage|p2a: Slowking|43/100
|
|t:|1760861273
|switch|p1a: Great Tusk|Great Tusk|76/100|[from] U-turn
|
|upkeep
|turn|50
|
|t:|1760861278
|switch|p2a: Corviknight|Corviknight, F|100/100
|move|p1a: Great Tusk|Knock Off|p2a: Corviknight
|-damage|p2a: Corviknight|86/100
|
|upkeep
|turn|51
|
|t:|1760861281
|-end|p1a: Great Tusk|Protosynthesis|[silent]
|switch|p1a: Gliscor|Gliscor, F|94/100 tox
|move|p2a: Corviknight|Brave Bird|p1a: Gliscor
|-damage|p1a: Gliscor|70/100 tox
|-damage|p2a: Corviknight|79/100|[from] Recoil
|
|-heal|p1a: Gliscor|82/100 tox|[from] ability: Poison Heal
|upkeep
|turn|52
|
|t:|1760861291
|move|p1a: Gliscor|Protect|p1a: Gliscor
|-singleturn|p1a: Gliscor|Protect
|move|p2a: Corviknight|U-turn|p1a: Gliscor
|-activate|p1a: Gliscor|move: Protect
|
|-heal|p1a: Gliscor|95/100 tox|[from] ability: Poison Heal
|upkeep
|turn|53
|
|t:|1760861296
|move|p1a: Gliscor|Earthquake|p2a: Corviknight
|-immune|p2a: Corviknight
|move|p2a: Corviknight|U-turn|p1a: Gliscor
|-resisted|p1a: Gliscor
|-damage|p1a: Gliscor|90/100 tox
|
|t:|1760861306
|switch|p2a: Slowking|Slowking, F|77/100|[from] U-turn
|
|-heal|p1a: Gliscor|100/100 tox|[from] ability: Poison Heal
|upkeep
|turn|54
|
|t:|1760861310
|move|p1a: Gliscor|Toxic|p2a: Slowking
|-status|p2a: Slowking|tox
|move|p2a: Slowking|Future Sight|p1a: Gliscor
|-start|p2a: Slowking|move: Future Sight
|
|-damage|p2a: Slowking|71/100 tox|[from] psn
|upkeep
|turn|55
|
|t:|1760861318
|move|p1a: Gliscor|Protect|p1a: Gliscor
|-singleturn|p1a: Gliscor|Protect
|-prepare|p2a: Slowking|Chilly Reception|[premajor]
|move|p2a: Slowking|Chilly Reception|p2a: Slowking
|-weather|Snowscape
|
|t:|1760861323
|switch|p2a: Dragapult|Dragapult, F|60/100 tox|[from] Chilly Reception
|
|-weather|Snowscape|[upkeep]
|-damage|p2a: Dragapult|54/100 tox|[from] psn
|upkeep
|turn|56
|
|t:|1760861346
|move|p2a: Dragapult|Dragon Darts|p1a: Gliscor
|-damage|p1a: Gliscor|85/100 tox
|-anim|p2a: Dragapult|Dragon Darts|p1a: Gliscor
|-damage|p1a: Gliscor|69/100 tox
|move|p1a: Gliscor|U-turn|p2a: Dragapult
|-resisted|p2a: Dragapult
|-crit|p2a: Dragapult
|-damage|p2a: Dragapult|39/100 tox
|
|t:|1760861356
|switch|p1a: Great Tusk|Great Tusk|76/100|[from] U-turn
|
|-weather|Snowscape|[upkeep]
|-end|p1a: Great Tusk|move: Future Sight
|-supereffective|p1a: Great Tusk
|-damage|p1a: Great Tusk|0 fnt
|faint|p1a: Great Tusk
|-end|p1a: Great Tusk|Protosynthesis|[silent]
|-damage|p2a: Dragapult|27/100 tox|[from] psn
|upkeep
|
|t:|1760861361
|switch|p1a: Gliscor|Gliscor, F|69/100 tox
|turn|57
|
|t:|1760861368
|switch|p2a: Slowking|Slowking, F|100/100 tox
|move|p1a: Gliscor|Protect||[still]
|-fail|p1a: Gliscor
|
|-weather|Snowscape|[upkeep]
|-heal|p1a: Gliscor|82/100 tox|[from] ability: Poison Heal
|-damage|p2a: Slowking|94/100 tox|[from] psn
|upkeep
|turn|58
|
|t:|1760861374
|move|p1a: Gliscor|Earthquake|p2a: Slowking
|-damage|p2a: Slowking|62/100 tox
|move|p2a: Slowking|Future Sight|p1a: Gliscor
|-start|p2a: Slowking|move: Future Sight
|
|-weather|Snowscape|[upkeep]
|-heal|p1a: Gliscor|94/100 tox|[from] ability: Poison Heal
|-damage|p2a: Slowking|50/100 tox|[from] psn
|upkeep
|turn|59
|
|t:|1760861395
|move|p1a: Gliscor|Earthquake|p2a: Slowking
|-damage|p2a: Slowking|18/100 tox
|move|p2a: Slowking|Scald|p1a: Gliscor
|-supereffective|p1a: Gliscor
|-damage|p1a: Gliscor|22/100 tox
|
|-weather|none
|-heal|p1a: Gliscor|35/100 tox|[from] ability: Poison Heal
|-damage|p2a: Slowking|0 fnt|[from] psn
|faint|p2a: Slowking
|upkeep
|
|t:|1760861409
|switch|p2a: Dragapult|Dragapult, F|27/100 tox
|turn|60
|
|t:|1760861417
|move|p1a: Gliscor|Protect|p1a: Gliscor
|-singleturn|p1a: Gliscor|Protect
|move|p2a: Dragapult|Reflect|p2a: Dragapult
|-sidestart|p2: yanyee|Reflect
|
|-end|p1a: Gliscor|move: Future Sight
|-damage|p1a: Gliscor|0 fnt
|faint|p1a: Gliscor
|-damage|p2a: Dragapult|21/100 tox|[from] psn
|upkeep
|
|t:|1760861427
|switch|p1a: Blissey|Blissey, F|95/100
|turn|61
|
|t:|1760861441
|move|p2a: Dragapult|Dragon Darts|p1a: Blissey
|-damage|p1a: Blissey|44/100
|-anim|p2a: Dragapult|Dragon Darts|p1a: Blissey
|-damage|p1a: Blissey|0 fnt
|faint|p1a: Blissey
|
|-damage|p2a: Dragapult|9/100 tox|[from] psn
|upkeep
|
|t:|1760861445
|switch|p1a: Walking Wake|Walking Wake|81/100
|turn|62
|
|t:|1760861461
|-terastallize|p1a: Walking Wake|Fire
|move|p2a: Dragapult|Dragon Darts|p1a: Walking Wake
|-damage|p1a: Walking Wake|54/100
|-anim|p2a: Dragapult|Dragon Darts|p1a: Walking Wake
|-damage|p1a: Walking Wake|28/100
|move|p1a: Walking Wake|Hydro Steam|p2a: Dragapult
|-resisted|p2a: Dragapult
|-damage|p2a: Dragapult|0 fnt
|faint|p2a: Dragapult
|-damage|p1a: Walking Wake|18/100|[from] item: Life Orb
|
|upkeep
|
|t:|1760861466
|switch|p2a: Electrode|Electrode-Hisui|100/100
|turn|63
|
|t:|1760861469
|move|p2a: Electrode|Thunderbolt|p1a: Walking Wake
|-damage|p1a: Walking Wake|0 fnt
|faint|p1a: Walking Wake
|-end|p1a: Walking Wake|Protosynthesis|[silent]
|
|win|yanyee
|raw|Rinorrudo's rating: 1190 &rarr; <strong>1163</strong><br />(-27 for losing)
|raw|yanyee's rating: 1161 &rarr; <strong>1188</strong><br />(+27 for winning)
|l|☆yanyee
|player|p2|
|l|☆Rinorrudo
|player|p1|
