|badge|p2|bronze|gen9ou|100-7
|uhtml|medal-msg|<div class="broadcast-blue">Curious what those medals under the avatar are? PS now has Ladder Seasons! For more information, check out the <a href="https://www.smogon.com/forums/threads/3740067/">thread on Smogon.</a></div>
|j|☆A Welcome Guest
|j|☆eros maniac
|t:|1760804960
|gametype|singles
|player|p1|A Welcome Guest|n|1804
|player|p2|eros maniac|hilbert-wonderlauncher|1816
|gen|9
|tier|[Gen 9] OU
|rated|
|rule|HP Percentage Mod: HP is shown in percentages
|rule|Endless Battle Clause: Forcing endless battles is banned
|rule|Species Clause: Limit one of each Pokémon
|rule|OHKO Clause: OHKO moves are banned
|rule|Evasion Items Clause: Evasion items are banned
|rule|Evasion Moves Clause: Evasion moves are banned
|rule|Evasion Abilities Clause: Evasion abilities are banned
|rule|Sleep Moves Clause: Sleep-inducing moves are banned
|clearpoke
|poke|p1|Ogerpon-Cornerstone, F|
|poke|p1|Enamorus, F|
|poke|p1|Mandibuzz, F|
|poke|p1|Slowking-Galar, M|
|poke|p1|Cinderace, F|
|poke|p1|Rillaboom, F|
|poke|p2|Frosmoth, F|
|poke|p2|Maushold-Four|
|poke|p2|Krookodile, F|
|poke|p2|Sinistcha|
|poke|p2|Alomomola, F|
|poke|p2|Weezing-Galar, F|
|teampreview
|inactive|Battle timer is ON: inactive players will automatically lose when time's up. (requested by eros maniac)
|c|☆A Welcome Guest|hf
|j| skip the drip
|c|☆eros maniac|Hf
|
|t:|1760804988
|teamsize|p1|6
|teamsize|p2|6
|start
|switch|p1a: Ogerpon|Ogerpon-Cornerstone, F|100/100
|switch|p2a: Maushold|Maushold-Four|100/100
|turn|1
|
|t:|1760805008
|move|p2a: Maushold|Population Bomb|p1a: Ogerpon
|-resisted|p1a: Ogerpon
|-damage|p1a: Ogerpon|94/100
|-resisted|p1a: Ogerpon
|-damage|p1a: Ogerpon|87/100
|-resisted|p1a: Ogerpon
|-damage|p1a: Ogerpon|80/100
|-resisted|p1a: Ogerpon
|-damage|p1a: Ogerpon|72/100
|-resisted|p1a: Ogerpon
|-damage|p1a: Ogerpon|65/100
|-resisted|p1a: Ogerpon
|-damage|p1a: Ogerpon|58/100
|-resisted|p1a: Ogerpon
|-crit|p1a: Ogerpon
|-damage|p1a: Ogerpon|47/100
|-resisted|p1a: Ogerpon
|-damage|p1a: Ogerpon|40/100
|-resisted|p1a: Ogerpon
|-damage|p1a: Ogerpon|33/100
|-resisted|p1a: Ogerpon
|-damage|p1a: Ogerpon|26/100
|-hitcount|p1a: Ogerpon|10
|move|p1a: Ogerpon|Ivy Cudgel|p2a: Maushold|[anim] Ivy Cudgel Rock
|-crit|p2a: Maushold
|-damage|p2a: Maushold|0 fnt
|faint|p2a: Maushold
|
|upkeep
|
|t:|1760805015
|switch|p2a: Sinistcha|Sinistcha, shiny|100/100
|turn|2
|
|t:|1760805040
|switch|p1a: Slowking|Slowking-Galar, M|100/100
|move|p2a: Sinistcha|Shadow Ball|p1a: Slowking
|-supereffective|p1a: Slowking
|-damage|p1a: Slowking|69/100
|
|upkeep
|turn|3
|
|t:|1760805044
|switch|p2a: Krookodile|Krookodile, F|100/100
|-ability|p2a: Krookodile|Intimidate|boost
|-unboost|p1a: Slowking|atk|1
|move|p1a: Slowking|Future Sight|p2a: Krookodile
|-start|p1a: Slowking|move: Future Sight
|
|upkeep
|turn|4
|
|t:|1760805047
|switch|p1a: Mandibuzz|Mandibuzz, F|100/100
|move|p2a: Krookodile|Knock Off|p1a: Mandibuzz
|-resisted|p1a: Mandibuzz
|-damage|p1a: Mandibuzz|76/100
|-damage|p2a: Krookodile|84/100|[from] item: Rocky Helmet|[of] p1a: Mandibuzz
|-enditem|p1a: Mandibuzz|Rocky Helmet|[from] move: Knock Off|[of] p2a: Krookodile
|
|upkeep
|turn|5
|
|t:|1760805051
|switch|p2a: Alomomola|Alomomola, F, shiny|100/100
|move|p1a: Mandibuzz|U-turn|p2a: Alomomola
|-crit|p2a: Alomomola
|-damage|p2a: Alomomola|90/100
|-damage|p1a: Mandibuzz|59/100|[from] item: Rocky Helmet|[of] p2a: Alomomola
|
|t:|1760805059
|switch|p1a: Ogerpon|Ogerpon-Cornerstone, F|26/100|[from] U-turn
|
|-end|p2a: Alomomola|move: Future Sight
|-damage|p2a: Alomomola|44/100
|upkeep
|turn|6
|
|t:|1760805063
|switch|p2a: Weezing|Weezing-Galar, F|100/100
|-ability|p2a: Weezing|Neutralizing Gas
|move|p1a: Ogerpon|Power Whip|p2a: Weezing
|-resisted|p2a: Weezing
|-damage|p2a: Weezing|75/100
|
|upkeep
|turn|7
|
|t:|1760805068
|-end|p2a: Weezing|ability: Neutralizing Gas
|switch|p2a: Sinistcha|Sinistcha, shiny|100/100
|move|p1a: Ogerpon|Ivy Cudgel|p2a: Sinistcha|[anim] Ivy Cudgel Rock
|-crit|p2a: Sinistcha
|-damage|p2a: Sinistcha|35/100
|
|upkeep
|turn|8
|
|t:|1760805076
|switch|p2a: Krookodile|Krookodile, F|84/100
|-ability|p2a: Krookodile|Intimidate|boost
|-unboost|p1a: Ogerpon|atk|1
|move|p1a: Ogerpon|Ivy Cudgel|p2a: Krookodile|[anim] Ivy Cudgel Rock
|-resisted|p2a: Krookodile
|-damage|p2a: Krookodile|63/100
|
|upkeep
|turn|9
|
|t:|1760805081
|switch|p1a: Mandibuzz|Mandibuzz, F|59/100
|switch|p2a: Weezing|Weezing-Galar, F|75/100
|-ability|p2a: Weezing|Neutralizing Gas
|
|upkeep
|turn|10
|
|t:|1760805090
|move|p1a: Mandibuzz|U-turn|p2a: Weezing
|-resisted|p2a: Weezing
|-damage|p2a: Weezing|74/100
|
|t:|1760805091
|switch|p1a: Slowking|Slowking-Galar, M|100/100|[from] U-turn
|move|p2a: Weezing|Strange Steam|p1a: Slowking
|-resisted|p1a: Slowking
|-damage|p1a: Slowking|94/100
|
|upkeep
|turn|11
|j| Scoob252525
|
|t:|1760805095
|-end|p2a: Weezing|ability: Neutralizing Gas
|switch|p2a: Krookodile|Krookodile, F|63/100
|-ability|p2a: Krookodile|Intimidate|boost
|-unboost|p1a: Slowking|atk|1
|move|p1a: Slowking|Sludge Bomb|p2a: Krookodile
|-resisted|p2a: Krookodile
|-damage|p2a: Krookodile|43/100
|-status|p2a: Krookodile|psn
|
|-damage|p2a: Krookodile|30/100 psn|[from] psn
|upkeep
|turn|12
|
|t:|1760805100
|switch|p1a: Rillaboom|Rillaboom, F|100/100
|-fieldstart|move: Grassy Terrain|[from] ability: Grassy Surge|[of] p1a: Rillaboom
|move|p2a: Krookodile|Stone Edge|p1a: Rillaboom
|-damage|p1a: Rillaboom|46/100
|
|-heal|p1a: Rillaboom|52/100|[from] Grassy Terrain
|-heal|p2a: Krookodile|36/100 psn|[from] Grassy Terrain
|-damage|p2a: Krookodile|24/100 psn|[from] psn
|upkeep
|turn|13
|
|t:|1760805105
|move|p1a: Rillaboom|U-turn|p2a: Krookodile
|-supereffective|p2a: Krookodile
|-damage|p2a: Krookodile|0 fnt
|faint|p2a: Krookodile
|
|t:|1760805112
|switch|p1a: Slowking|Slowking-Galar, M|100/100|[from] U-turn
|
|upkeep
|
|t:|1760805123
|switch|p2a: Frosmoth|Frosmoth, F, shiny|100/100
|turn|14
|
|t:|1760805126
|move|p2a: Frosmoth|Substitute|p2a: Frosmoth
|-start|p2a: Frosmoth|Substitute
|-damage|p2a: Frosmoth|75/100
|move|p1a: Slowking|Flamethrower|p2a: Frosmoth
|-supereffective|p2a: Frosmoth
|-end|p2a: Frosmoth|Substitute
|
|-heal|p2a: Frosmoth|82/100|[from] Grassy Terrain
|-heal|p2a: Frosmoth|88/100|[from] item: Leftovers
|upkeep
|turn|15
|
|t:|1760805134
|-terastallize|p2a: Frosmoth|Electric
|move|p2a: Frosmoth|Substitute|p2a: Frosmoth
|-start|p2a: Frosmoth|Substitute
|-damage|p2a: Frosmoth|63/100
|move|p1a: Slowking|Flamethrower|p2a: Frosmoth
|-activate|p2a: Frosmoth|move: Substitute|[damage]
|
|-heal|p2a: Frosmoth|69/100|[from] Grassy Terrain
|-heal|p2a: Frosmoth|75/100|[from] item: Leftovers
|upkeep
|turn|16
|
|t:|1760805148
|switch|p1a: Cinderace|Cinderace, F|100/100
|move|p2a: Frosmoth|Quiver Dance|p2a: Frosmoth
|-boost|p2a: Frosmoth|spa|1
|-boost|p2a: Frosmoth|spd|1
|-boost|p2a: Frosmoth|spe|1
|
|-heal|p2a: Frosmoth|81/100|[from] Grassy Terrain
|-heal|p2a: Frosmoth|87/100|[from] item: Leftovers
|upkeep
|turn|17
|
|t:|1760805154
|move|p1a: Cinderace|Pyro Ball|p2a: Frosmoth
|-end|p2a: Frosmoth|Substitute
|move|p2a: Frosmoth|Quiver Dance|p2a: Frosmoth
|-boost|p2a: Frosmoth|spa|1
|-boost|p2a: Frosmoth|spd|1
|-boost|p2a: Frosmoth|spe|1
|
|-heal|p2a: Frosmoth|93/100|[from] Grassy Terrain
|-heal|p2a: Frosmoth|99/100|[from] item: Leftovers
|upkeep
|turn|18
|
|t:|1760805157
|move|p1a: Cinderace|Pyro Ball|p2a: Frosmoth
|-damage|p2a: Frosmoth|24/100
|move|p2a: Frosmoth|Quiver Dance|p2a: Frosmoth
|-boost|p2a: Frosmoth|spa|1
|-boost|p2a: Frosmoth|spd|1
|-boost|p2a: Frosmoth|spe|1
|
|-heal|p2a: Frosmoth|30/100|[from] Grassy Terrain
|-heal|p2a: Frosmoth|37/100|[from] item: Leftovers
|upkeep
|turn|19
|
|t:|1760805161
|move|p2a: Frosmoth|Tera Blast|p1a: Cinderace|[anim] Tera Blast Electric
|-damage|p1a: Cinderace|8/100
|move|p1a: Cinderace|Pyro Ball|p2a: Frosmoth
|-damage|p2a: Frosmoth|0 fnt
|faint|p2a: Frosmoth
|
|-heal|p1a: Cinderace|15/100|[from] Grassy Terrain
|-fieldend|move: Grassy Terrain
|upkeep
|
|t:|1760805169
|switch|p2a: Alomomola|Alomomola, F, shiny|77/100
|turn|20
|-message|eros maniac forfeited.
|
|win|A Welcome Guest
|raw|A Welcome Guest's rating: 1804 &rarr; <strong>1825</strong><br />(+21 for winning)
|raw|eros maniac's rating: 1816 &rarr; <strong>1795</strong><br />(-21 for losing)
|l|☆eros maniac
|player|p2|
|l|☆A Welcome Guest
|player|p1|
|l| skip the drip
