|j|☆mysticfgc
|j|☆riyuezi
|t:|1760848120
|gametype|singles
|player|p1|mysticfgc|cynthia|1129
|player|p2|riyuezi|rosa|1099
|gen|9
|tier|[Gen 9] OU
|rated|
|rule|HP Percentage Mod: HP is shown in percentages
|rule|Endless Battle Clause: Forcing endless battles is banned
|rule|Species Clause: Limit one of each Pokémon
|rule|OHKO Clause: OHKO moves are banned
|rule|Evasion Items Clause: Evasion items are banned
|rule|Evasion Moves Clause: Evasion moves are banned
|rule|Evasion Abilities Clause: Evasion abilities are banned
|rule|Sleep Moves Clause: Sleep-inducing moves are banned
|clearpoke
|poke|p1|Dragalge, M|
|poke|p1|Scrafty, F|
|poke|p1|Reuniclus, M|
|poke|p1|Primarina, F|
|poke|p1|Gliscor, M|
|poke|p1|Meowstic, M|
|poke|p2|Meowscarada, F|
|poke|p2|Serperior, F|
|poke|p2|Gardevoir, F|
|poke|p2|Haxorus, M|
|poke|p2|Sylveon, F|
|poke|p2|Cinderace, F|
|teampreview
|
|t:|1760848129
|teamsize|p1|6
|teamsize|p2|6
|start
|switch|p1a: Meowstic|Meowstic, M|100/100
|switch|p2a: 萌萌哒|Sylveon, F, shiny|100/100
|turn|1
|
|t:|1760848137
|move|p2a: 萌萌哒|Calm Mind|p2a: 萌萌哒
|-boost|p2a: 萌萌哒|spa|1
|-boost|p2a: 萌萌哒|spd|1
|move|p1a: Meowstic|Trick Room|p1a: Meowstic
|-fieldstart|move: Trick Room|[of] p1a: Meowstic
|
|upkeep
|turn|2
|
|t:|1760848149
|switch|p1a: Dragalge|Dragalge, M|100/100
|move|p2a: 萌萌哒|Hyper Voice|p1a: Dragalge
|-damage|p1a: Dragalge|35/100
|
|upkeep
|turn|3
|
|t:|1760848157
|-terastallize|p1a: Dragalge|Poison
|move|p1a: Dragalge|Sludge Wave|p2a: 萌萌哒
|-supereffective|p2a: 萌萌哒
|-damage|p2a: 萌萌哒|32/100
|-damage|p1a: Dragalge|25/100|[from] item: Life Orb
|move|p2a: 萌萌哒|Hyper Voice|p1a: Dragalge
|-resisted|p1a: Dragalge
|-damage|p1a: Dragalge|0 fnt
|faint|p1a: Dragalge
|
|-heal|p2a: 萌萌哒|39/100|[from] item: Leftovers
|upkeep
|c|☆mysticfgc|wtf
|c|☆mysticfgc|how much spd
|
|t:|1760848188
|switch|p1a: Reuniclus|Reuniclus, M|100/100
|turn|4
|
|t:|1760848192
|move|p1a: Reuniclus|Psyshock|p2a: 萌萌哒
|-damage|p2a: 萌萌哒|0 fnt
|faint|p2a: 萌萌哒
|
|upkeep
|
|t:|1760848203
|switch|p2a: 女王|Gardevoir, F, shiny|100/100
|-ability|p2a: 女王|Regenerator|Trace|[from] ability: Trace|[of] p1a: Reuniclus
|turn|5
|
|t:|1760848211
|switch|p1a: Meowstic|Meowstic, M|100/100
|move|p2a: 女王|Moonblast|p1a: Meowstic
|-damage|p1a: Meowstic|42/100
|-unboost|p1a: Meowstic|spa|1
|
|-fieldend|move: Trick Room
|upkeep
|turn|6
|
|t:|1760848221
|move|p1a: Meowstic|Light Screen|p1a: Meowstic
|-sidestart|p1: mysticfgc|move: Light Screen
|move|p2a: 女王|Moonblast|p1a: Meowstic
|-damage|p1a: Meowstic|13/100
|
|upkeep
|turn|7
|
|t:|1760848226
|move|p1a: Meowstic|Reflect|p1a: Meowstic
|-sidestart|p1: mysticfgc|Reflect
|move|p2a: 女王|Moonblast|p1a: Meowstic
|-damage|p1a: Meowstic|0 fnt
|faint|p1a: Meowstic
|
|upkeep
|
|t:|1760848231
|switch|p1a: Reuniclus|Reuniclus, M|100/100
|turn|8
|
|t:|1760848235
|move|p2a: 女王|Moonblast|p1a: Reuniclus
|-damage|p1a: Reuniclus|78/100
|move|p1a: Reuniclus|Trick Room|p1a: Reuniclus
|-fieldstart|move: Trick Room|[of] p1a: Reuniclus
|
|-heal|p1a: Reuniclus|84/100|[from] item: Leftovers
|upkeep
|turn|9
|inactive|Battle timer is ON: inactive players will automatically lose when time's up. (requested by mysticfgc)
|c|☆mysticfgc|;3
|
|t:|1760848245
|move|p1a: Reuniclus|Calm Mind|p1a: Reuniclus
|-boost|p1a: Reuniclus|spa|1
|-boost|p1a: Reuniclus|spd|1
|move|p2a: 女王|Moonblast|p1a: Reuniclus
|-damage|p1a: Reuniclus|68/100
|
|-heal|p1a: Reuniclus|74/100|[from] item: Leftovers
|upkeep
|turn|10
|
|t:|1760848255
|move|p1a: Reuniclus|Calm Mind|p1a: Reuniclus
|-boost|p1a: Reuniclus|spa|1
|-boost|p1a: Reuniclus|spd|1
|move|p2a: 女王|Moonblast|p1a: Reuniclus
|-damage|p1a: Reuniclus|63/100
|-unboost|p1a: Reuniclus|spa|1
|
|-heal|p1a: Reuniclus|69/100|[from] item: Leftovers
|upkeep
|turn|11
|
|t:|1760848265
|move|p1a: Reuniclus|Energy Ball|p2a: 女王
|-damage|p2a: 女王|58/100
|move|p2a: 女王|Moonblast|p1a: Reuniclus
|-damage|p1a: Reuniclus|58/100
|
|-heal|p1a: Reuniclus|64/100|[from] item: Leftovers
|upkeep
|turn|12
|
|t:|1760848274
|move|p1a: Reuniclus|Calm Mind|p1a: Reuniclus
|-boost|p1a: Reuniclus|spa|1
|-boost|p1a: Reuniclus|spd|1
|move|p2a: 女王|Moonblast|p1a: Reuniclus
|-damage|p1a: Reuniclus|55/100
|
|-heal|p1a: Reuniclus|61/100|[from] item: Leftovers
|-fieldend|move: Trick Room
|upkeep
|turn|13
|
|t:|1760848283
|move|p2a: 女王|Moonblast|p1a: Reuniclus
|-crit|p1a: Reuniclus
|-damage|p1a: Reuniclus|0 fnt
|faint|p1a: Reuniclus
|
|-sideend|p1: mysticfgc|move: Light Screen
|upkeep
|c|☆mysticfgc|bruh
|-message|mysticfgc forfeited.
|
|win|riyuezi
|raw|mysticfgc's rating: 1129 &rarr; <strong>1102</strong><br />(-27 for losing)
|raw|riyuezi's rating: 1099 &rarr; <strong>1126</strong><br />(+27 for winning)
|l|☆mysticfgc
|player|p1|
|l|☆riyuezi
|player|p2|
