|j|☆TrentMercer
|j|☆BorderofSeal
|t:|1760739934
|gametype|singles
|player|p1|TrentMercer|n|1659
|player|p2|BorderofSeal|169|1645
|gen|9
|tier|[Gen 9] OU
|rated|
|rule|HP Percentage Mod: HP is shown in percentages
|rule|Endless Battle Clause: Forcing endless battles is banned
|rule|Species Clause: Limit one of each Pokémon
|rule|OHKO Clause: OHKO moves are banned
|rule|Evasion Items Clause: Evasion items are banned
|rule|Evasion Moves Clause: Evasion moves are banned
|rule|Evasion Abilities Clause: Evasion abilities are banned
|rule|Sleep Moves Clause: Sleep-inducing moves are banned
|clearpoke
|poke|p1|Great Tusk|
|poke|p1|Slowking-Galar, M|
|poke|p1|Zapdos|
|poke|p1|Crawdaunt, F|
|poke|p1|Chandelure, F|
|poke|p1|Scizor, F|
|poke|p2|Heatran, F|
|poke|p2|Ogerpon-Wellspring, F|
|poke|p2|Pecharunt|
|poke|p2|Great Tusk|
|poke|p2|Kingambit, M|
|poke|p2|Tornadus-Therian, M|
|teampreview
|inactive|Battle timer is ON: inactive players will automatically lose when time's up. (requested by BorderofSeal)
|
|t:|1760739947
|teamsize|p1|6
|teamsize|p2|6
|start
|switch|p1a: Zapdos|Zapdos|100/100
|switch|p2a: Pecharunt|Pecharunt|100/100
|turn|1
|
|t:|1760739955
|move|p1a: Zapdos|Volt Switch|p2a: Pecharunt
|-damage|p2a: Pecharunt|71/100
|
|t:|1760739958
|switch|p1a: Slowking|Slowking-Galar, M|100/100|[from] Volt Switch
|move|p2a: Pecharunt|Parting Shot|p1a: Slowking
|-unboost|p1a: Slowking|atk|1
|-unboost|p1a: Slowking|spa|1
|
|t:|1760739972
|switch|p2a: Great Tusk|Great Tusk|100/100|[from] Parting Shot
|
|upkeep
|turn|2
|
|t:|1760739979
|switch|p1a: Zapdos|Zapdos|100/100
|move|p2a: Great Tusk|Knock Off|p1a: Zapdos
|-damage|p1a: Zapdos|78/100
|-status|p2a: Great Tusk|par|[from] ability: Static|[of] p1a: Zapdos
|-enditem|p1a: Zapdos|Heavy-Duty Boots|[from] move: Knock Off|[of] p2a: Great Tusk
|
|upkeep
|turn|3
|
|t:|1760739986
|-end|p2a: Great Tusk|Protosynthesis|[silent]
|switch|p2a: Heatran|Heatran, F|100/100
|move|p1a: Zapdos|Hurricane|p2a: Heatran
|-resisted|p2a: Heatran
|-damage|p2a: Heatran|87/100
|
|-heal|p2a: Heatran|93/100|[from] item: Leftovers
|upkeep
|turn|4
|
|t:|1760739993
|move|p1a: Zapdos|Volt Switch|p2a: Heatran
|-damage|p2a: Heatran|76/100
|
|t:|1760739998
|switch|p1a: Crawdaunt|Crawdaunt, F|100/100|[from] Volt Switch
|move|p2a: Heatran|Magma Storm|p1a: Crawdaunt
|-resisted|p1a: Crawdaunt
|-damage|p1a: Crawdaunt|57/100
|-activate|p1a: Crawdaunt|move: Magma Storm|[of] p2a: Heatran
|
|-heal|p2a: Heatran|82/100|[from] item: Leftovers
|-damage|p1a: Crawdaunt|44/100|[from] move: Magma Storm|[partiallytrapped]
|upkeep
|turn|5
|
|t:|1760740009
|move|p1a: Crawdaunt|Knock Off|p2a: Heatran
|-damage|p2a: Heatran|0 fnt
|-enditem|p2a: Heatran|Leftovers|[from] move: Knock Off|[of] p1a: Crawdaunt
|faint|p2a: Heatran
|
|-end|p1a: Crawdaunt|Magma Storm|[partiallytrapped]|[silent]
|upkeep
|
|t:|1760740013
|switch|p2a: Great Tusk|Great Tusk|100/100 par
|turn|6
|
|t:|1760740018
|switch|p1a: Zapdos|Zapdos|78/100
|cant|p2a: Great Tusk|par
|
|upkeep
|turn|7
|
|t:|1760740027
|move|p1a: Zapdos|Hurricane|p2a: Great Tusk
|-supereffective|p2a: Great Tusk
|-damage|p2a: Great Tusk|0 fnt
|faint|p2a: Great Tusk
|-end|p2a: Great Tusk|Protosynthesis|[silent]
|
|upkeep
|
|t:|1760740032
|switch|p2a: Tornadus|Tornadus-Therian, M|100/100
|turn|8
|
|t:|1760740051
|move|p2a: Tornadus|Sludge Bomb|p1a: Zapdos
|-damage|p1a: Zapdos|52/100
|move|p1a: Zapdos|Volt Switch|p2a: Tornadus
|-supereffective|p2a: Tornadus
|-crit|p2a: Tornadus
|-damage|p2a: Tornadus|26/100
|-message|BorderofSeal forfeited.
|
|win|TrentMercer
|raw|TrentMercer's rating: 1659 &rarr; <strong>1678</strong><br />(+19 for winning)
|raw|BorderofSeal's rating: 1645 &rarr; <strong>1626</strong><br />(-19 for losing)
|l|☆BorderofSeal
|player|p2|
|l|☆TrentMercer
|player|p1|
