|j|‽mizizizi
|j|☆LVL62Monoco
|t:|1760800470
|gametype|singles
|player|p1|mizizizi|silver|1356
|player|p2|LVL62Monoco|266|1397
|gen|9
|tier|[Gen 9] OU
|rated|
|rule|HP Percentage Mod: HP is shown in percentages
|rule|Endless Battle Clause: Forcing endless battles is banned
|rule|Species Clause: Limit one of each Pokémon
|rule|OHKO Clause: OHKO moves are banned
|rule|Evasion Items Clause: Evasion items are banned
|rule|Evasion Moves Clause: Evasion moves are banned
|rule|Evasion Abilities Clause: Evasion abilities are banned
|rule|Sleep Moves Clause: Sleep-inducing moves are banned
|clearpoke
|poke|p1|Lilligant, F|
|poke|p1|Heatran, F|
|poke|p1|Slither Wing|
|poke|p1|Walking Wake|
|poke|p1|Great Tusk|
|poke|p1|Torkoal, F|
|poke|p2|Ogerpon-Wellspring, F|
|poke|p2|Kingambit, M|
|poke|p2|Landorus-Therian, M|
|poke|p2|Glimmora, M|
|poke|p2|Dragapult, F|
|poke|p2|Iron Valiant|
|teampreview
|
|t:|1760800476
|teamsize|p1|6
|teamsize|p2|6
|start
|switch|p1a: Walking Wake|Walking Wake|100/100
|switch|p2a: Glimmora|Glimmora, M, shiny|100/100
|-enditem|p1a: Walking Wake|Booster Energy
|-activate|p1a: Walking Wake|ability: Protosynthesis|[fromitem]
|-start|p1a: Walking Wake|protosynthesisspa
|turn|1
|inactive|Battle timer is ON: inactive players will automatically lose when time's up. (requested by mizizizi)
|
|t:|1760800490
|switch|p2a: Ogerpon|Ogerpon-Wellspring, F|100/100
|move|p1a: Walking Wake|Dragon Pulse|p2a: Ogerpon
|-damage|p2a: Ogerpon|32/100
|
|upkeep
|turn|2
|
|t:|1760800504
|move|p2a: Ogerpon|Horn Leech|p1a: Walking Wake
|-damage|p1a: Walking Wake|50/100
|-heal|p2a: Ogerpon|60/100|[from] drain|[of] p1a: Walking Wake
|move|p1a: Walking Wake|Flamethrower|p2a: Ogerpon
|-damage|p2a: Ogerpon|17/100
|
|upkeep
|turn|3
|
|t:|1760800518
|-end|p1a: Walking Wake|Protosynthesis|[silent]
|switch|p1a: Slither Wing|Slither Wing|100/100
|move|p2a: Ogerpon|Ivy Cudgel|p1a: Slither Wing|[anim] Ivy Cudgel Water
|-damage|p1a: Slither Wing|16/100
|
|upkeep
|turn|4
|
|t:|1760800528
|switch|p2a: Glimmora|Glimmora, M, shiny|100/100
|move|p1a: Slither Wing|First Impression|p2a: Glimmora
|-resisted|p2a: Glimmora
|-damage|p2a: Glimmora|52/100
|-activate|p2a: Glimmora|ability: Toxic Debris
|-sidestart|p1: mizizizi|move: Toxic Spikes
|
|upkeep
|turn|5
|
|t:|1760800543
|-end|p1a: Slither Wing|Protosynthesis|[silent]
|switch|p1a: Great Tusk|Great Tusk|100/100
|-status|p1a: Great Tusk|psn
|move|p2a: Glimmora|Meteor Beam||[still]
|-prepare|p2a: Glimmora|Meteor Beam
|-boost|p2a: Glimmora|spa|1
|-enditem|p2a: Glimmora|Power Herb
|-anim|p2a: Glimmora|Meteor Beam|p1a: Great Tusk
|-resisted|p1a: Great Tusk
|-damage|p1a: Great Tusk|63/100 psn
|
|-heal|p1a: Great Tusk|69/100 psn|[from] item: Leftovers
|-damage|p1a: Great Tusk|57/100 psn|[from] psn
|upkeep
|turn|6
|
|t:|1760800555
|switch|p2a: Landorus|Landorus-Therian, M|100/100
|-ability|p2a: Landorus|Intimidate|boost
|-unboost|p1a: Great Tusk|atk|1
|move|p1a: Great Tusk|Knock Off|p2a: Landorus
|-damage|p2a: Landorus|78/100
|-damage|p1a: Great Tusk|40/100 psn|[from] item: Rocky Helmet|[of] p2a: Landorus
|-enditem|p2a: Landorus|Rocky Helmet|[from] move: Knock Off|[of] p1a: Great Tusk
|
|-heal|p1a: Great Tusk|46/100 psn|[from] item: Leftovers
|-damage|p1a: Great Tusk|34/100 psn|[from] psn
|upkeep
|turn|7
|c|☆LVL62Monoco|do you know when theyre gonna update for the new gen on here
|
|t:|1760800575
|move|p2a: Landorus|Earthquake|p1a: Great Tusk
|-damage|p1a: Great Tusk|0 fnt
|faint|p1a: Great Tusk
|-end|p1a: Great Tusk|Protosynthesis|[silent]
|
|upkeep
|
|t:|1760800586
|switch|p1a: Torkoal|Torkoal, F|100/100
|-status|p1a: Torkoal|psn
|-weather|SunnyDay|[from] ability: Drought|[of] p1a: Torkoal
|turn|8
|
|t:|1760800596
|move|p2a: Landorus|Earthquake|p1a: Torkoal
|-supereffective|p1a: Torkoal
|-damage|p1a: Torkoal|31/100 psn
|move|p1a: Torkoal|Rapid Spin|p2a: Landorus
|-damage|p2a: Landorus|69/100
|-boost|p1a: Torkoal|spe|1
|-sideend|p1: mizizizi|Toxic Spikes|[from] move: Rapid Spin|[of] p1a: Torkoal
|
|-weather|SunnyDay|[upkeep]
|-damage|p1a: Torkoal|18/100 psn|[from] psn
|upkeep
|turn|9
|
|t:|1760800606
|move|p2a: Landorus|Stealth Rock|p1a: Torkoal
|-sidestart|p1: mizizizi|move: Stealth Rock
|move|p1a: Torkoal|Stealth Rock|p2a: Landorus
|-sidestart|p2: LVL62Monoco|move: Stealth Rock
|
|-weather|SunnyDay|[upkeep]
|-damage|p1a: Torkoal|6/100 psn|[from] psn
|upkeep
|turn|10
|
|t:|1760800619
|move|p2a: Landorus|U-turn|p1a: Torkoal
|-resisted|p1a: Torkoal
|-damage|p1a: Torkoal|0 fnt
|faint|p1a: Torkoal
|
|t:|1760800625
|switch|p2a: Ogerpon|Ogerpon-Wellspring, F|17/100|[from] U-turn
|-damage|p2a: Ogerpon|5/100|[from] Stealth Rock
|
|-weather|SunnyDay|[upkeep]
|upkeep
|
|t:|1760800630
|switch|p1a: Lilligant|Lilligant, F|100/100
|-damage|p1a: Lilligant|88/100|[from] Stealth Rock
|turn|11
|
|t:|1760800641
|move|p2a: Ogerpon|Play Rough|p1a: Lilligant
|-damage|p1a: Lilligant|29/100
|move|p1a: Lilligant|Quiver Dance|p1a: Lilligant
|-boost|p1a: Lilligant|spa|1
|-boost|p1a: Lilligant|spd|1
|-boost|p1a: Lilligant|spe|1
|
|-weather|SunnyDay|[upkeep]
|-heal|p1a: Lilligant|35/100|[from] item: Leftovers
|upkeep
|turn|12
|
|t:|1760800650
|move|p1a: Lilligant|Giga Drain|p2a: Ogerpon
|-damage|p2a: Ogerpon|0 fnt
|-heal|p1a: Lilligant|37/100|[from] drain|[of] p2a: Ogerpon
|faint|p2a: Ogerpon
|
|-weather|SunnyDay|[upkeep]
|-heal|p1a: Lilligant|43/100|[from] item: Leftovers
|upkeep
|
|t:|1760800663
|switch|p2a: Dragapult|Dragapult, F|100/100
|-damage|p2a: Dragapult|88/100|[from] Stealth Rock
|turn|13
|
|t:|1760800672
|move|p1a: Lilligant|Leech Seed|p2a: Dragapult
|-start|p2a: Dragapult|move: Leech Seed
|move|p2a: Dragapult|Flamethrower|p1a: Lilligant
|-supereffective|p1a: Lilligant
|-damage|p1a: Lilligant|0 fnt
|faint|p1a: Lilligant
|
|-weather|SunnyDay|[upkeep]
|upkeep
|
|t:|1760800678
|switch|p1a: Slither Wing|Slither Wing|16/100
|-damage|p1a: Slither Wing|3/100|[from] Stealth Rock
|-activate|p1a: Slither Wing|ability: Protosynthesis
|-start|p1a: Slither Wing|protosynthesisatk
|turn|14
|
|t:|1760800684
|switch|p2a: Landorus|Landorus-Therian, M|69/100
|-damage|p2a: Landorus|56/100|[from] Stealth Rock
|-ability|p2a: Landorus|Intimidate|boost
|-unboost|p1a: Slither Wing|atk|1
|move|p1a: Slither Wing|First Impression|p2a: Landorus
|-resisted|p2a: Landorus
|-damage|p2a: Landorus|25/100
|
|-weather|SunnyDay|[upkeep]
|upkeep
|turn|15
|
|t:|1760800695
|move|p1a: Slither Wing|First Impression||[still]
|-hint|First Impression only works on your first turn out.
|-fail|p1a: Slither Wing
|move|p2a: Landorus|U-turn|p1a: Slither Wing
|-resisted|p1a: Slither Wing
|-damage|p1a: Slither Wing|0 fnt
|faint|p1a: Slither Wing
|-end|p1a: Slither Wing|Protosynthesis|[silent]
|
|t:|1760800713
|switch|p2a: Glimmora|Glimmora, M, shiny|52/100|[from] U-turn
|-damage|p2a: Glimmora|39/100|[from] Stealth Rock
|
|-weather|none
|upkeep
|
|t:|1760800717
|switch|p1a: Walking Wake|Walking Wake|50/100
|-damage|p1a: Walking Wake|38/100|[from] Stealth Rock
|turn|16
|
|t:|1760800724
|move|p1a: Walking Wake|Hydro Steam|p2a: Glimmora
|-supereffective|p2a: Glimmora
|-damage|p2a: Glimmora|0 fnt
|faint|p2a: Glimmora
|
|upkeep
|
|t:|1760800731
|switch|p2a: Iron Valiant|Iron Valiant, shiny|100/100
|-damage|p2a: Iron Valiant|94/100|[from] Stealth Rock
|-enditem|p2a: Iron Valiant|Booster Energy
|-activate|p2a: Iron Valiant|ability: Quark Drive|[fromitem]
|-start|p2a: Iron Valiant|quarkdrivespe
|turn|17
|
|t:|1760800742
|move|p2a: Iron Valiant|Spirit Break|p1a: Walking Wake
|-supereffective|p1a: Walking Wake
|-damage|p1a: Walking Wake|0 fnt
|faint|p1a: Walking Wake
|-end|p1a: Walking Wake|Protosynthesis|[silent]
|
|upkeep
|
|t:|1760800745
|switch|p1a: Heatran|Heatran, F|100/100
|-damage|p1a: Heatran|88/100|[from] Stealth Rock
|turn|18
|-message|mizizizi forfeited.
|
|win|LVL62Monoco
|raw|mizizizi's rating: 1356 &rarr; <strong>1338</strong><br />(-18 for losing)
|raw|LVL62Monoco's rating: 1397 &rarr; <strong>1415</strong><br />(+18 for winning)
|l|‽mizizizi
|player|p1|
|l|☆LVL62Monoco
|player|p2|
