|j|☆Perola Pe
|j|☆Chillmaxxer
|t:|1760823021
|gametype|singles
|player|p1|Perola Pe|wallace|1440
|player|p2|Chillmaxxer|scientist-gen4|1419
|gen|9
|tier|[Gen 9] OU
|rated|
|rule|HP Percentage Mod: HP is shown in percentages
|rule|Endless Battle Clause: Forcing endless battles is banned
|rule|Species Clause: Limit one of each Pokémon
|rule|OHKO Clause: OHKO moves are banned
|rule|Evasion Items Clause: Evasion items are banned
|rule|Evasion Moves Clause: Evasion moves are banned
|rule|Evasion Abilities Clause: Evasion abilities are banned
|rule|Sleep Moves Clause: Sleep-inducing moves are banned
|clearpoke
|poke|p1|Raging Bolt|
|poke|p1|Rillaboom, M|
|poke|p1|Enamorus, F|
|poke|p1|Zamazenta-*|
|poke|p1|Primarina, M|
|poke|p1|Cinderace, M|
|poke|p2|Indeedee, M|
|poke|p2|Deoxys-Speed|
|poke|p2|Great Tusk|
|poke|p2|Polteageist|
|poke|p2|Delphox, F|
|poke|p2|Hawlucha, F|
|teampreview
|
|t:|1760823042
|teamsize|p1|6
|teamsize|p2|6
|start
|switch|p1a: Cinderace|Cinderace, M|100/100
|switch|p2a: Indeedee|Indeedee, M|100/100
|-fieldstart|move: Psychic Terrain|[from] ability: Psychic Surge|[of] p2a: Indeedee
|turn|1
|inactive|Battle timer is ON: inactive players will automatically lose when time's up. (requested by Perola Pe)
|
|t:|1760823055
|switch|p2a: Polteageist|Polteageist|100/100
|move|p1a: Cinderace|U-turn|p2a: Polteageist
|-start|p1a: Cinderace|typechange|Bug|[from] ability: Libero
|-resisted|p2a: Polteageist
|-damage|p2a: Polteageist|75/100
|-ability|p2a: Polteageist|Weak Armor|boost
|-unboost|p2a: Polteageist|def|1
|-boost|p2a: Polteageist|spe|2
|-enditem|p2a: Polteageist|Red Card|[of] p1a: Cinderace
|drag|p1a: Zamazenta|Zamazenta|100/100
|-ability|p1a: Zamazenta|Dauntless Shield|boost
|-boost|p1a: Zamazenta|def|1
|
|upkeep
|turn|2
|
|t:|1760823072
|-terastallize|p2a: Polteageist|Fighting
|move|p2a: Polteageist|Shell Smash|p2a: Polteageist
|-unboost|p2a: Polteageist|def|1
|-unboost|p2a: Polteageist|spd|1
|-boost|p2a: Polteageist|atk|2
|-boost|p2a: Polteageist|spa|2
|-boost|p2a: Polteageist|spe|2
|move|p1a: Zamazenta|Crunch|p2a: Polteageist
|-resisted|p2a: Polteageist
|-damage|p2a: Polteageist|13/100
|-ability|p2a: Polteageist|Weak Armor|boost
|-unboost|p2a: Polteageist|def|1
|-boost|p2a: Polteageist|spe|2
|-damage|p1a: Zamazenta|91/100|[from] item: Life Orb
|
|upkeep
|turn|3
|
|t:|1760823083
|move|p2a: Polteageist|Stored Power|p1a: Zamazenta
|-supereffective|p1a: Zamazenta
|-damage|p1a: Zamazenta|0 fnt
|faint|p1a: Zamazenta
|
|upkeep
|
|t:|1760823088
|switch|p1a: Enamorus|Enamorus, F|100/100
|turn|4
|
|t:|1760823093
|move|p2a: Polteageist|Shadow Ball|p1a: Enamorus
|-enditem|p1a: Enamorus|Focus Sash
|-damage|p1a: Enamorus|1/100
|move|p1a: Enamorus|Moonblast|p2a: Polteageist
|-supereffective|p2a: Polteageist
|-damage|p2a: Polteageist|0 fnt
|faint|p2a: Polteageist
|
|upkeep
|
|t:|1760823119
|switch|p2a: Deoxys|Deoxys-Speed|100/100
|-ability|p2a: Deoxys|Pressure
|turn|5
|
|t:|1760823141
|move|p2a: Deoxys|Expanding Force|p1a: Enamorus
|-damage|p1a: Enamorus|0 fnt
|faint|p1a: Enamorus
|-damage|p2a: Deoxys|91/100|[from] item: Life Orb
|
|upkeep
|
|t:|1760823148
|switch|p1a: Rillaboom|Rillaboom, M|100/100
|-fieldstart|move: Grassy Terrain|[from] ability: Grassy Surge|[of] p1a: Rillaboom
|turn|6
|
|t:|1760823160
|switch|p2a: Indeedee|Indeedee, M|100/100
|-fieldstart|move: Psychic Terrain|[from] ability: Psychic Surge|[of] p2a: Indeedee
|-terastallize|p1a: Rillaboom|Dark
|move|p1a: Rillaboom|Knock Off|p2a: Indeedee
|-supereffective|p2a: Indeedee
|-damage|p2a: Indeedee|0 fnt
|-enditem|p2a: Indeedee|Terrain Extender|[from] move: Knock Off|[of] p1a: Rillaboom
|faint|p2a: Indeedee
|-damage|p1a: Rillaboom|91/100|[from] item: Life Orb
|
|upkeep
|
|t:|1760823171
|switch|p2a: Delphox|Delphox, F|100/100
|-enditem|p2a: Delphox|Psychic Seed
|-boost|p2a: Delphox|spd|1|[from] item: Psychic Seed
|turn|7
|
|t:|1760823179
|switch|p1a: Cinderace|Cinderace, M|100/100
|move|p2a: Delphox|Nasty Plot|p2a: Delphox
|-boost|p2a: Delphox|spa|2
|
|upkeep
|turn|8
|
|t:|1760823189
|move|p1a: Cinderace|U-turn|p2a: Delphox
|-start|p1a: Cinderace|typechange|Bug|[from] ability: Libero
|-damage|p2a: Delphox|49/100
|
|t:|1760823201
|switch|p1a: Rillaboom|Rillaboom, M, tera:Dark|91/100|[from] U-turn
|-fieldstart|move: Grassy Terrain|[from] ability: Grassy Surge|[of] p1a: Rillaboom
|move|p2a: Delphox|Agility|p2a: Delphox
|-boost|p2a: Delphox|spe|2
|
|-heal|p2a: Delphox|55/100|[from] Grassy Terrain
|-heal|p1a: Rillaboom|97/100|[from] Grassy Terrain
|upkeep
|turn|9
|
|t:|1760823221
|move|p1a: Rillaboom|Grassy Glide|p2a: Delphox
|-resisted|p2a: Delphox
|-damage|p2a: Delphox|20/100
|-damage|p1a: Rillaboom|87/100|[from] item: Life Orb
|move|p2a: Delphox|Fire Blast|p1a: Rillaboom
|-damage|p1a: Rillaboom|0 fnt
|faint|p1a: Rillaboom
|
|-heal|p2a: Delphox|26/100|[from] Grassy Terrain
|upkeep
|
|t:|1760823238
|switch|p1a: Raging Bolt|Raging Bolt|100/100
|turn|10
|
|t:|1760823247
|move|p1a: Raging Bolt|Thunderclap||[still]
|-fail|p1a: Raging Bolt
|move|p2a: Delphox|Nasty Plot|p2a: Delphox
|-boost|p2a: Delphox|spa|2
|
|-heal|p2a: Delphox|32/100|[from] Grassy Terrain
|upkeep
|turn|11
|
|t:|1760823256
|move|p1a: Raging Bolt|Thunderclap||[still]
|-fail|p1a: Raging Bolt
|move|p2a: Delphox|Nasty Plot|p2a: Delphox
|-boost|p2a: Delphox|spa|2
|
|-heal|p2a: Delphox|38/100|[from] Grassy Terrain
|upkeep
|turn|12
|
|t:|1760823263
|move|p2a: Delphox|Agility|p2a: Delphox
|-boost|p2a: Delphox|spe|2
|move|p1a: Raging Bolt|Thunderbolt|p2a: Delphox
|-damage|p2a: Delphox|0 fnt
|faint|p2a: Delphox
|
|-fieldend|move: Grassy Terrain
|upkeep
|
|t:|1760823267
|switch|p2a: Great Tusk|Great Tusk|100/100
|turn|13
|
|t:|1760823275
|move|p2a: Great Tusk|Headlong Rush|p1a: Raging Bolt
|-supereffective|p1a: Raging Bolt
|-enditem|p1a: Raging Bolt|Shuca Berry|[eat]
|-enditem|p1a: Raging Bolt|Shuca Berry|[weaken]
|-damage|p1a: Raging Bolt|42/100
|-unboost|p2a: Great Tusk|def|1
|-unboost|p2a: Great Tusk|spd|1
|move|p1a: Raging Bolt|Dragon Pulse|p2a: Great Tusk
|-damage|p2a: Great Tusk|0 fnt
|faint|p2a: Great Tusk
|-end|p2a: Great Tusk|Protosynthesis|[silent]
|
|upkeep
|c|☆Chillmaxxer|dafuq
|
|t:|1760823291
|switch|p2a: Deoxys|Deoxys-Speed|91/100
|-ability|p2a: Deoxys|Pressure
|turn|14
|c|☆Perola Pe|Nice trap
|
|t:|1760823309
|move|p1a: Raging Bolt|Thunderclap|p2a: Deoxys
|-damage|p2a: Deoxys|28/100
|move|p2a: Deoxys|Ice Beam|p1a: Raging Bolt
|-supereffective|p1a: Raging Bolt
|-damage|p1a: Raging Bolt|0 fnt
|faint|p1a: Raging Bolt
|-end|p1a: Raging Bolt|Protosynthesis|[silent]
|-damage|p2a: Deoxys|18/100|[from] item: Life Orb
|
|upkeep
|c|☆Chillmaxxer|not wrong
|
|t:|1760823321
|switch|p1a: Cinderace|Cinderace, M|100/100
|turn|15
|
|t:|1760823324
|move|p2a: Deoxys|Psyshock|p1a: Cinderace
|-damage|p1a: Cinderace|43/100
|-damage|p2a: Deoxys|8/100|[from] item: Life Orb
|move|p1a: Cinderace|U-turn|p2a: Deoxys
|-start|p1a: Cinderace|typechange|Bug|[from] ability: Libero
|-supereffective|p2a: Deoxys
|-damage|p2a: Deoxys|0 fnt
|faint|p2a: Deoxys
|
|t:|1760823328
|switch|p1a: Primarina|Primarina, M|100/100|[from] U-turn
|
|upkeep
|
|t:|1760823330
|switch|p2a: Hawlucha|Hawlucha, F|100/100
|turn|16
|c|☆Chillmaxxer|gg
|
|t:|1760823342
|move|p2a: Hawlucha|Stone Edge|p1a: Primarina|[miss]
|-miss|p2a: Hawlucha|p1a: Primarina
|move|p1a: Primarina|Moonblast|p2a: Hawlucha
|-supereffective|p2a: Hawlucha
|-damage|p2a: Hawlucha|0 fnt
|faint|p2a: Hawlucha
|
|win|Perola Pe
|raw|Perola Pe's rating: 1440 &rarr; <strong>1459</strong><br />(+19 for winning)
|raw|Chillmaxxer's rating: 1419 &rarr; <strong>1400</strong><br />(-19 for losing)
|l|☆Perola Pe
|player|p1|
|j|☆Perola Pe
|player|p1|Perola Pe|wallace|
|l|☆Perola Pe
|player|p1|
|j|☆Perola Pe
|player|p1|Perola Pe|wallace|
