|j|☆SgtKnicklicht
|j|‽Njdjdjf
|t:|1760879144
|gametype|singles
|player|p1|SgtKnicklicht|dawn|1123
|player|p2|Njdjdjf|265|1125
|gen|9
|tier|[Gen 9] OU
|rated|
|rule|HP Percentage Mod: HP is shown in percentages
|rule|Endless Battle Clause: Forcing endless battles is banned
|rule|Species Clause: Limit one of each Pokémon
|rule|OHKO Clause: OHKO moves are banned
|rule|Evasion Items Clause: Evasion items are banned
|rule|Evasion Moves Clause: Evasion moves are banned
|rule|Evasion Abilities Clause: Evasion abilities are banned
|rule|Sleep Moves Clause: Sleep-inducing moves are banned
|clearpoke
|poke|p1|Ursaluna, M|
|poke|p1|Cresselia, F|
|poke|p1|Iron Valiant|
|poke|p1|Hatterene, F|
|poke|p1|Keldeo-Resolute|
|poke|p1|Ogerpon, F|
|poke|p2|Yanmega, M|
|poke|p2|Noivern, F|
|poke|p2|Maushold|
|poke|p2|Shiftry, F|
|poke|p2|Quagsire, F|
|poke|p2|Clodsire, M|
|teampreview
|
|t:|1760879158
|teamsize|p1|6
|teamsize|p2|6
|start
|switch|p1a: Hatterene|Hatterene, F, shiny|100/100
|switch|p2a: Yanmega|Yanmega, M|100/100
|turn|1
|
|t:|1760879164
|move|p2a: Yanmega|Air Slash|p1a: Hatterene
|-damage|p1a: Hatterene|61/100
|move|p1a: Hatterene|Trick Room|p1a: Hatterene
|-fieldstart|move: Trick Room|[of] p1a: Hatterene
|
|-ability|p2a: Yanmega|Speed Boost|boost
|-boost|p2a: Yanmega|spe|1
|upkeep
|turn|2
|
|t:|1760879174
|move|p1a: Hatterene|Dazzling Gleam|p2a: Yanmega
|-damage|p2a: Yanmega|20/100
|move|p2a: Yanmega|Bug Buzz|p1a: Hatterene
|-damage|p1a: Hatterene|11/100
|-enditem|p2a: Yanmega|Throat Spray
|-boost|p2a: Yanmega|spa|1|[from] item: Throat Spray
|
|-ability|p2a: Yanmega|Speed Boost|boost
|-boost|p2a: Yanmega|spe|1
|upkeep
|turn|3
|
|t:|1760879182
|move|p1a: Hatterene|Dazzling Gleam|p2a: Yanmega
|-damage|p2a: Yanmega|0 fnt
|faint|p2a: Yanmega
|
|upkeep
|
|t:|1760879184
|switch|p2a: Clodsire|Clodsire, M|100/100
|turn|4
|
|t:|1760879199
|move|p1a: Hatterene|Psychic Noise|p2a: Clodsire
|-supereffective|p2a: Clodsire
|-damage|p2a: Clodsire|51/100
|-start|p2a: Clodsire|move: Heal Block
|move|p2a: Clodsire|Liquidation|p1a: Hatterene
|-damage|p1a: Hatterene|0 fnt
|faint|p1a: Hatterene
|
|upkeep
|
|t:|1760879209
|switch|p1a: Cresselia|Cresselia, F, shiny|100/100
|turn|5
|
|t:|1760879214
|switch|p2a: Shiftry|Shiftry, F|100/100
|move|p1a: Cresselia|Psychic|p2a: Shiftry
|-immune|p2a: Shiftry
|
|-fieldend|move: Trick Room
|upkeep
|turn|6
|
|t:|1760879220
|move|p2a: Shiftry|Tailwind|p2a: Shiftry
|-sidestart|p2: Njdjdjf|move: Tailwind
|-ability|p2a: Shiftry|Wind Rider|boost
|-boost|p2a: Shiftry|atk|1
|move|p1a: Cresselia|Trick Room|p1a: Cresselia
|-fieldstart|move: Trick Room|[of] p1a: Cresselia
|
|upkeep
|turn|7
|
|t:|1760879225
|move|p1a: Cresselia|Ice Beam|p2a: Shiftry
|-supereffective|p2a: Shiftry
|-damage|p2a: Shiftry|52/100
|move|p2a: Shiftry|Knock Off|p1a: Cresselia
|-supereffective|p1a: Cresselia
|-damage|p1a: Cresselia|0 fnt
|-damage|p2a: Shiftry|35/100|[from] item: Rocky Helmet|[of] p1a: Cresselia
|-enditem|p1a: Cresselia|Rocky Helmet|[from] move: Knock Off|[of] p2a: Shiftry
|faint|p1a: Cresselia
|-damage|p2a: Shiftry|25/100|[from] item: Life Orb
|
|upkeep
|
|t:|1760879236
|switch|p1a: Ursaluna|Ursaluna, M, shiny|100/100
|turn|8
|
|t:|1760879240
|-terastallize|p1a: Ursaluna|Normal
|move|p1a: Ursaluna|Fire Punch|p2a: Shiftry
|-supereffective|p2a: Shiftry
|-damage|p2a: Shiftry|0 fnt
|faint|p2a: Shiftry
|
|-status|p1a: Ursaluna|brn|[from] item: Flame Orb
|upkeep
|
|t:|1760879244
|switch|p2a: Quagsire|Quagsire, F|100/100
|turn|9
|
|t:|1760879250
|move|p1a: Ursaluna|Ice Punch|p2a: Quagsire
|-damage|p2a: Quagsire|67/100
|-damage|p1a: Ursaluna|84/100 brn|[from] item: Rocky Helmet|[of] p2a: Quagsire
|move|p2a: Quagsire|Encore|p1a: Ursaluna
|-start|p1a: Ursaluna|Encore
|
|-damage|p1a: Ursaluna|78/100 brn|[from] brn
|-sideend|p2: Njdjdjf|move: Tailwind
|upkeep
|turn|10
|
|t:|1760879259
|move|p1a: Ursaluna|Ice Punch|p2a: Quagsire
|-damage|p2a: Quagsire|36/100
|-damage|p1a: Ursaluna|61/100 brn|[from] item: Rocky Helmet|[of] p2a: Quagsire
|move|p2a: Quagsire|Recover|p2a: Quagsire
|-heal|p2a: Quagsire|86/100
|
|-damage|p1a: Ursaluna|55/100 brn|[from] brn
|-fieldend|move: Trick Room
|upkeep
|turn|11
|
|t:|1760879269
|switch|p1a: Ogerpon|Ogerpon, F|100/100
|move|p2a: Quagsire|Ice Punch|p1a: Ogerpon
|-supereffective|p1a: Ogerpon
|-damage|p1a: Ogerpon|62/100
|
|upkeep
|turn|12
|
|t:|1760879278
|-terastallize|p2a: Quagsire|Flying
|move|p1a: Ogerpon|Ivy Cudgel|p2a: Quagsire
|-resisted|p2a: Quagsire
|-damage|p2a: Quagsire|59/100
|move|p2a: Quagsire|Toxic|p1a: Ogerpon
|-status|p1a: Ogerpon|tox
|
|-damage|p1a: Ogerpon|56/100 tox|[from] psn
|upkeep
|turn|13
|
|t:|1760879289
|switch|p1a: Ursaluna|Ursaluna, M, shiny, tera:Normal|55/100 brn
|move|p2a: Quagsire|Recover|p2a: Quagsire
|-heal|p2a: Quagsire|100/100
|
|-damage|p1a: Ursaluna|49/100 brn|[from] brn
|upkeep
|turn|14
|
|t:|1760879296
|move|p2a: Quagsire|Ice Punch|p1a: Ursaluna
|-damage|p1a: Ursaluna|38/100 brn
|move|p1a: Ursaluna|Facade|p2a: Quagsire
|-damage|p2a: Quagsire|0 fnt
|-damage|p1a: Ursaluna|21/100 brn|[from] item: Rocky Helmet|[of] p2a: Quagsire
|faint|p2a: Quagsire
|
|-damage|p1a: Ursaluna|15/100 brn|[from] brn
|upkeep
|
|t:|1760879301
|switch|p2a: Noivern|Noivern, F|100/100
|-item|p1a: Ursaluna|Flame Orb|[from] ability: Frisk|[of] p2a: Noivern
|turn|15
|
|t:|1760879309
|move|p2a: Noivern|Boomburst|p1a: Ursaluna
|-crit|p1a: Ursaluna
|-damage|p1a: Ursaluna|0 fnt
|faint|p1a: Ursaluna
|-enditem|p2a: Noivern|Throat Spray
|-boost|p2a: Noivern|spa|1|[from] item: Throat Spray
|
|upkeep
|
|t:|1760879317
|switch|p1a: Iron Valiant|Iron Valiant|100/100
|-enditem|p1a: Iron Valiant|Booster Energy
|-activate|p1a: Iron Valiant|ability: Quark Drive|[fromitem]
|-start|p1a: Iron Valiant|quarkdrivespe
|turn|16
|
|t:|1760879322
|move|p1a: Iron Valiant|Moonblast|p2a: Noivern
|-supereffective|p2a: Noivern
|-crit|p2a: Noivern
|-damage|p2a: Noivern|0 fnt
|faint|p2a: Noivern
|
|upkeep
|
|t:|1760879327
|switch|p2a: Clodsire|Clodsire, M|51/100
|turn|17
|
|t:|1760879332
|move|p1a: Iron Valiant|Moonblast|p2a: Clodsire
|-resisted|p2a: Clodsire
|-damage|p2a: Clodsire|40/100
|-unboost|p2a: Clodsire|spa|1
|move|p2a: Clodsire|Poison Jab|p1a: Iron Valiant
|-supereffective|p1a: Iron Valiant
|-damage|p1a: Iron Valiant|47/100
|
|-heal|p2a: Clodsire|46/100|[from] item: Leftovers
|upkeep
|turn|18
|
|t:|1760879346
|move|p1a: Iron Valiant|Destiny Bond|p1a: Iron Valiant
|-singlemove|p1a: Iron Valiant|Destiny Bond
|move|p2a: Clodsire|Recover|p2a: Clodsire
|-heal|p2a: Clodsire|96/100
|
|-heal|p2a: Clodsire|100/100|[from] item: Leftovers
|upkeep
|turn|19
|
|t:|1760879353
|-end|p1a: Iron Valiant|Quark Drive|[silent]
|switch|p1a: Keldeo|Keldeo-Resolute|100/100
|move|p2a: Clodsire|Poison Jab|p1a: Keldeo
|-damage|p1a: Keldeo|74/100
|
|upkeep
|turn|20
|
|t:|1760879360
|move|p1a: Keldeo|Secret Sword|p2a: Clodsire
|-resisted|p2a: Clodsire
|-damage|p2a: Clodsire|60/100
|move|p2a: Clodsire|Earthquake|p1a: Keldeo
|-damage|p1a: Keldeo|43/100
|
|-heal|p2a: Clodsire|66/100|[from] item: Leftovers
|upkeep
|turn|21
|
|t:|1760879368
|move|p1a: Keldeo|Secret Sword|p2a: Clodsire
|-resisted|p2a: Clodsire
|-damage|p2a: Clodsire|27/100
|move|p2a: Clodsire|Recover|p2a: Clodsire
|-heal|p2a: Clodsire|77/100
|
|-heal|p2a: Clodsire|84/100|[from] item: Leftovers
|upkeep
|turn|22
|
|t:|1760879377
|move|p1a: Keldeo|Secret Sword|p2a: Clodsire
|-resisted|p2a: Clodsire
|-damage|p2a: Clodsire|40/100
|move|p2a: Clodsire|Poison Jab|p1a: Keldeo
|-damage|p1a: Keldeo|16/100
|-status|p1a: Keldeo|psn
|
|-heal|p2a: Clodsire|47/100|[from] item: Leftovers
|-damage|p1a: Keldeo|4/100 psn|[from] psn
|upkeep
|turn|23
|
|t:|1760879386
|move|p1a: Keldeo|Secret Sword|p2a: Clodsire
|-resisted|p2a: Clodsire
|-damage|p2a: Clodsire|7/100
|move|p2a: Clodsire|Recover|p2a: Clodsire
|-heal|p2a: Clodsire|57/100
|
|-heal|p2a: Clodsire|63/100|[from] item: Leftovers
|-damage|p1a: Keldeo|0 fnt|[from] psn
|faint|p1a: Keldeo
|upkeep
|
|t:|1760879395
|switch|p1a: Ogerpon|Ogerpon, F|56/100 tox
|turn|24
|
|t:|1760879401
|move|p1a: Ogerpon|Ivy Cudgel|p2a: Clodsire
|-damage|p2a: Clodsire|0 fnt
|faint|p2a: Clodsire
|
|-damage|p1a: Ogerpon|50/100 tox|[from] psn
|upkeep
|
|t:|1760879403
|switch|p2a: Maushold|Maushold|100/100
|turn|25
|
|t:|1760879411
|move|p1a: Ogerpon|Ivy Cudgel|p2a: Maushold
|-damage|p2a: Maushold|0 fnt
|faint|p2a: Maushold
|
|win|SgtKnicklicht
|raw|SgtKnicklicht's rating: 1123 &rarr; <strong>1148</strong><br />(+25 for winning)
|raw|Njdjdjf's rating: 1125 &rarr; <strong>1100</strong><br />(-25 for losing)
|l|‽Njdjdjf
|player|p2|
|l|☆SgtKnicklicht
|player|p1|
