|j|☆TapuTeao
|j|☆vipro
|t:|1760873202
|gametype|singles
|player|p1|TapuTeao|101|1404
|player|p2|vipro|alder|1324
|gen|9
|tier|[Gen 9] OU
|rated|
|rule|HP Percentage Mod: HP is shown in percentages
|rule|Endless Battle Clause: Forcing endless battles is banned
|rule|Species Clause: Limit one of each Pokémon
|rule|OHKO Clause: OHKO moves are banned
|rule|Evasion Items Clause: Evasion items are banned
|rule|Evasion Moves Clause: Evasion moves are banned
|rule|Evasion Abilities Clause: Evasion abilities are banned
|rule|Sleep Moves Clause: Sleep-inducing moves are banned
|clearpoke
|poke|p1|Necrozma|
|poke|p1|Kingambit, F|
|poke|p1|Samurott-Hisui, F|
|poke|p1|Iron Treads|
|poke|p1|Pecharunt|
|poke|p1|Enamorus, F|
|poke|p2|Iron Valiant|
|poke|p2|Ting-Lu|
|poke|p2|Gholdengo|
|poke|p2|Moltres|
|poke|p2|Ogerpon-Wellspring, F|
|poke|p2|Glimmora, M|
|teampreview
|inactive|Battle timer is ON: inactive players will automatically lose when time's up. (requested by TapuTeao)
|
|t:|1760873216
|teamsize|p1|6
|teamsize|p2|6
|start
|switch|p1a: Pecharunt|Pecharunt|100/100
|switch|p2a: Leyenda muerta|Ting-Lu|100/100
|-item|p1a: Pecharunt|Air Balloon
|-ability|p2a: Leyenda muerta|Vessel of Ruin
|turn|1
|
|t:|1760873224
|move|p1a: Pecharunt|Parting Shot|p2a: Leyenda muerta
|-unboost|p2a: Leyenda muerta|atk|1
|-unboost|p2a: Leyenda muerta|spa|1
|
|t:|1760873228
|switch|p1a: Enamorus|Enamorus, F|100/100|[from] Parting Shot
|move|p2a: Leyenda muerta|Stealth Rock|p1a: Enamorus
|-sidestart|p1: TapuTeao|move: Stealth Rock
|
|upkeep
|turn|2
|
|t:|1760873236
|switch|p2a: Loto ponzoñoso|Glimmora, M, shiny|100/100
|-terastallize|p1a: Enamorus|Stellar
|move|p1a: Enamorus|Tera Blast|p2a: Loto ponzoñoso|[anim] Tera Blast Stellar
|-damage|p2a: Loto ponzoñoso|65/100
|-boost|p1a: Enamorus|atk|1
|-boost|p1a: Enamorus|spa|1
|
|upkeep
|turn|3
|
|t:|1760873247
|switch|p1a: Iron Treads|Iron Treads|100/100
|-damage|p1a: Iron Treads|97/100|[from] Stealth Rock
|move|p2a: Loto ponzoñoso|Sludge Wave|p1a: Iron Treads
|-immune|p1a: Iron Treads
|
|upkeep
|turn|4
|
|t:|1760873258
|switch|p2a: Fénix cenizo|Moltres, shiny|100/100
|move|p1a: Iron Treads|Earthquake|p2a: Fénix cenizo
|-immune|p2a: Fénix cenizo
|
|upkeep
|turn|5
|
|t:|1760873266
|move|p1a: Iron Treads|Volt Switch|p2a: Fénix cenizo
|-supereffective|p2a: Fénix cenizo
|-damage|p2a: Fénix cenizo|80/100
|
|t:|1760873271
|-end|p1a: Iron Treads|Quark Drive|[silent]
|switch|p1a: Necrozma|Necrozma|100/100|[from] Volt Switch
|-damage|p1a: Necrozma|88/100|[from] Stealth Rock
|move|p2a: Fénix cenizo|Will-O-Wisp|p1a: Necrozma
|-status|p1a: Necrozma|brn
|
|-damage|p1a: Necrozma|82/100 brn|[from] brn
|upkeep
|turn|6
|
|t:|1760873284
|move|p2a: Fénix cenizo|U-turn|p1a: Necrozma
|-supereffective|p1a: Necrozma
|-damage|p1a: Necrozma|64/100 brn
|
|t:|1760873287
|switch|p2a: Leyenda muerta|Ting-Lu|100/100|[from] U-turn
|-ability|p2a: Leyenda muerta|Vessel of Ruin
|move|p1a: Necrozma|Photon Geyser|p2a: Leyenda muerta
|-immune|p2a: Leyenda muerta
|
|-damage|p1a: Necrozma|58/100 brn|[from] brn
|upkeep
|turn|7
|
|t:|1760873297
|switch|p1a: Iron Treads|Iron Treads|97/100
|-damage|p1a: Iron Treads|94/100|[from] Stealth Rock
|move|p2a: Leyenda muerta|Whirlwind|p1a: Iron Treads
|-end|p1a: Iron Treads|Quark Drive|[silent]
|drag|p1a: Enamorus|Enamorus, F, tera:Stellar|100/100
|-damage|p1a: Enamorus|76/100|[from] Stealth Rock
|
|upkeep
|turn|8
|c|☆vipro|Buena suerte Bro
|
|t:|1760873322
|move|p1a: Enamorus|Moonblast|p2a: Leyenda muerta
|-supereffective|p2a: Leyenda muerta
|-damage|p2a: Leyenda muerta|28/100
|-unboost|p2a: Leyenda muerta|spa|1
|move|p2a: Leyenda muerta|Earthquake|p1a: Enamorus
|-immune|p1a: Enamorus
|
|-heal|p2a: Leyenda muerta|34/100|[from] item: Leftovers
|upkeep
|turn|9
|
|t:|1760873336
|switch|p2a: Loto ponzoñoso|Glimmora, M, shiny|65/100
|move|p1a: Enamorus|Moonblast|p2a: Loto ponzoñoso
|-resisted|p2a: Loto ponzoñoso
|-damage|p2a: Loto ponzoñoso|44/100
|
|upkeep
|turn|10
|
|t:|1760873348
|switch|p1a: Necrozma|Necrozma|58/100 brn
|-damage|p1a: Necrozma|45/100 brn|[from] Stealth Rock
|move|p2a: Loto ponzoñoso|Earth Power|p1a: Necrozma
|-crit|p1a: Necrozma
|-damage|p1a: Necrozma|0 fnt
|faint|p1a: Necrozma
|
|upkeep
|
|t:|1760873359
|switch|p1a: Samurott|Samurott-Hisui, F|100/100
|-damage|p1a: Samurott|88/100|[from] Stealth Rock
|turn|11
|l|☆vipro
|inactive|vipro disconnected and has a minute to reconnect!
|player|p2|
|j|☆vipro
|inactive|vipro reconnected and has 105 seconds left.
|player|p2|vipro|alder|
|
|t:|1760873418
|move|p1a: Samurott|Ceaseless Edge|p2a: Loto ponzoñoso
|-damage|p2a: Loto ponzoñoso|0 fnt
|-activate|p2a: Loto ponzoñoso|ability: Toxic Debris
|-sidestart|p1: TapuTeao|move: Toxic Spikes
|-sidestart|p2: vipro|Spikes
|faint|p2a: Loto ponzoñoso
|
|upkeep
|
|t:|1760873422
|switch|p2a: Alma negra|Iron Valiant, shiny|100/100
|-damage|p2a: Alma negra|88/100|[from] Spikes
|turn|12
|
|t:|1760873431
|switch|p1a: Pecharunt|Pecharunt|100/100
|-damage|p1a: Pecharunt|88/100|[from] Stealth Rock
|-item|p1a: Pecharunt|Air Balloon
|move|p2a: Alma negra|Moonblast|p1a: Pecharunt
|-resisted|p1a: Pecharunt
|-damage|p1a: Pecharunt|56/100
|-enditem|p1a: Pecharunt|Air Balloon
|
|upkeep
|turn|13
|
|t:|1760873443
|move|p2a: Alma negra|Moonblast|p1a: Pecharunt
|-resisted|p1a: Pecharunt
|-damage|p1a: Pecharunt|23/100
|move|p1a: Pecharunt|Hex|p2a: Alma negra
|-damage|p2a: Alma negra|55/100
|
|upkeep
|turn|14
|
|t:|1760873450
|switch|p1a: Iron Treads|Iron Treads|94/100
|-damage|p1a: Iron Treads|91/100|[from] Stealth Rock
|move|p2a: Alma negra|Moonblast|p1a: Iron Treads
|-resisted|p1a: Iron Treads
|-damage|p1a: Iron Treads|60/100
|
|upkeep
|turn|15
|inactive|vipro has 120 seconds left.
|
|t:|1760873457
|-end|p2a: Alma negra|Quark Drive|[silent]
|switch|p2a: Fénix cenizo|Moltres, shiny|80/100
|move|p1a: Iron Treads|Rapid Spin|p2a: Fénix cenizo
|-damage|p2a: Fénix cenizo|68/100
|-boost|p1a: Iron Treads|spe|1
|-sideend|p1: TapuTeao|Toxic Spikes|[from] move: Rapid Spin|[of] p1a: Iron Treads
|-sideend|p1: TapuTeao|Stealth Rock|[from] move: Rapid Spin|[of] p1a: Iron Treads
|
|upkeep
|turn|16
|
|t:|1760873466
|move|p1a: Iron Treads|Volt Switch|p2a: Fénix cenizo
|-supereffective|p2a: Fénix cenizo
|-damage|p2a: Fénix cenizo|48/100
|
|t:|1760873469
|-end|p1a: Iron Treads|Quark Drive|[silent]
|switch|p1a: Samurott|Samurott-Hisui, F|88/100|[from] Volt Switch
|move|p2a: Fénix cenizo|Will-O-Wisp|p1a: Samurott
|-status|p1a: Samurott|brn
|
|-damage|p1a: Samurott|82/100 brn|[from] brn
|upkeep
|turn|17
|
|t:|1760873483
|switch|p2a: Vergel anegado|Ogerpon-Wellspring, F|100/100
|-damage|p2a: Vergel anegado|88/100|[from] Spikes
|move|p1a: Samurott|Ceaseless Edge|p2a: Vergel anegado
|-damage|p2a: Vergel anegado|39/100
|-sidestart|p2: vipro|Spikes
|
|-damage|p1a: Samurott|76/100 brn|[from] brn
|upkeep
|turn|18
|
|t:|1760873494
|switch|p1a: Pecharunt|Pecharunt|23/100
|move|p2a: Vergel anegado|Horn Leech|p1a: Pecharunt
|-resisted|p1a: Pecharunt
|-damage|p1a: Pecharunt|13/100
|-heal|p2a: Vergel anegado|45/100|[from] drain|[of] p1a: Pecharunt
|
|upkeep
|turn|19
|
|t:|1760873501
|move|p2a: Vergel anegado|Ivy Cudgel|p1a: Pecharunt|[anim] Ivy Cudgel Water
|-damage|p1a: Pecharunt|0 fnt
|faint|p1a: Pecharunt
|
|upkeep
|
|t:|1760873507
|switch|p1a: Enamorus|Enamorus, F, tera:Stellar|76/100
|turn|20
|
|t:|1760873517
|move|p1a: Enamorus|Tera Blast|p2a: Vergel anegado|[anim] Tera Blast Stellar
|-damage|p2a: Vergel anegado|0 fnt
|-boost|p1a: Enamorus|atk|1
|-boost|p1a: Enamorus|spa|1
|faint|p2a: Vergel anegado
|
|upkeep
|
|t:|1760873523
|switch|p2a: Aureo maltrecho|Gholdengo|100/100
|-damage|p2a: Aureo maltrecho|84/100|[from] Spikes
|turn|21
|
|t:|1760873528
|switch|p1a: Kingambit|Kingambit, F|100/100
|-activate|p1a: Kingambit|ability: Supreme Overlord
|-start|p1a: Kingambit|fallen2|[silent]
|move|p2a: Aureo maltrecho|Thunder Wave|p1a: Kingambit
|-status|p1a: Kingambit|par
|
|-heal|p2a: Aureo maltrecho|90/100|[from] item: Leftovers
|upkeep
|turn|22
|
|t:|1760873541
|switch|p2a: Leyenda muerta|Ting-Lu|34/100
|-damage|p2a: Leyenda muerta|18/100|[from] Spikes
|-ability|p2a: Leyenda muerta|Vessel of Ruin
|move|p1a: Kingambit|Kowtow Cleave|p2a: Leyenda muerta
|-resisted|p2a: Leyenda muerta
|-damage|p2a: Leyenda muerta|0 fnt
|faint|p2a: Leyenda muerta
|
|upkeep
|
|t:|1760873547
|switch|p2a: Alma negra|Iron Valiant, shiny|55/100
|-damage|p2a: Alma negra|38/100|[from] Spikes
|turn|23
|
|t:|1760873556
|move|p1a: Kingambit|Sucker Punch|p2a: Alma negra
|-resisted|p2a: Alma negra
|-damage|p2a: Alma negra|18/100
|move|p2a: Alma negra|Moonblast|p1a: Kingambit
|-damage|p1a: Kingambit|39/100 par
|-unboost|p1a: Kingambit|spa|1
|
|upkeep
|turn|24
|
|t:|1760873563
|move|p1a: Kingambit|Sucker Punch|p2a: Alma negra
|-resisted|p2a: Alma negra
|-damage|p2a: Alma negra|0 fnt
|faint|p2a: Alma negra
|-end|p2a: Alma negra|Quark Drive|[silent]
|
|upkeep
|
|t:|1760873566
|switch|p2a: Fénix cenizo|Moltres, shiny|48/100
|turn|25
|
|t:|1760873569
|move|p2a: Fénix cenizo|Roost|p2a: Fénix cenizo
|-heal|p2a: Fénix cenizo|98/100
|-singleturn|p2a: Fénix cenizo|move: Roost
|move|p1a: Kingambit|Kowtow Cleave|p2a: Fénix cenizo
|-damage|p2a: Fénix cenizo|43/100
|
|upkeep
|turn|26
|
|t:|1760873576
|move|p2a: Fénix cenizo|Roost|p2a: Fénix cenizo
|-heal|p2a: Fénix cenizo|93/100
|-singleturn|p2a: Fénix cenizo|move: Roost
|move|p1a: Kingambit|Kowtow Cleave|p2a: Fénix cenizo
|-damage|p2a: Fénix cenizo|39/100
|
|upkeep
|turn|27
|
|t:|1760873583
|move|p2a: Fénix cenizo|Roost|p2a: Fénix cenizo
|-heal|p2a: Fénix cenizo|89/100
|-singleturn|p2a: Fénix cenizo|move: Roost
|cant|p1a: Kingambit|par
|
|upkeep
|turn|28
|
|t:|1760873592
|move|p1a: Kingambit|Sucker Punch|p2a: Fénix cenizo
|-damage|p2a: Fénix cenizo|47/100
|move|p2a: Fénix cenizo|Flamethrower|p1a: Kingambit
|-supereffective|p1a: Kingambit
|-damage|p1a: Kingambit|0 fnt
|faint|p1a: Kingambit
|-end|p1a: Kingambit|fallen2|[silent]
|
|upkeep
|
|t:|1760873599
|switch|p1a: Samurott|Samurott-Hisui, F|76/100 brn
|turn|29
|
|t:|1760873601
|move|p1a: Samurott|Razor Shell|p2a: Fénix cenizo
|-supereffective|p2a: Fénix cenizo
|-damage|p2a: Fénix cenizo|0 fnt
|faint|p2a: Fénix cenizo
|
|-damage|p1a: Samurott|69/100 brn|[from] brn
|upkeep
|
|t:|1760873604
|switch|p2a: Aureo maltrecho|Gholdengo|90/100
|-damage|p2a: Aureo maltrecho|73/100|[from] Spikes
|turn|30
|
|t:|1760873610
|move|p1a: Samurott|Razor Shell|p2a: Aureo maltrecho
|-damage|p2a: Aureo maltrecho|35/100
|move|p2a: Aureo maltrecho|Hex|p1a: Samurott
|-resisted|p1a: Samurott
|-damage|p1a: Samurott|16/100 brn
|
|-heal|p2a: Aureo maltrecho|42/100|[from] item: Leftovers
|-damage|p1a: Samurott|10/100 brn|[from] brn
|upkeep
|turn|31
|
|t:|1760873618
|move|p1a: Samurott|Razor Shell|p2a: Aureo maltrecho
|-damage|p2a: Aureo maltrecho|0 fnt
|faint|p2a: Aureo maltrecho
|
|win|TapuTeao
|raw|TapuTeao's rating: 1404 &rarr; <strong>1419</strong><br />(+15 for winning)
|raw|vipro's rating: 1324 &rarr; <strong>1309</strong><br />(-15 for losing)
|l|☆TapuTeao
|player|p1|
|l|☆vipro
|player|p2|
