|j|☆UnitedDank
|j|☆Mreda
|t:|1760741279
|gametype|singles
|player|p1|UnitedDank|youngn|1488
|player|p2|Mreda|265|1490
|gen|9
|tier|[Gen 9] OU
|rated|
|rule|HP Percentage Mod: HP is shown in percentages
|rule|Endless Battle Clause: Forcing endless battles is banned
|rule|Species Clause: Limit one of each Pokémon
|rule|OHKO Clause: OHKO moves are banned
|rule|Evasion Items Clause: Evasion items are banned
|rule|Evasion Moves Clause: Evasion moves are banned
|rule|Evasion Abilities Clause: Evasion abilities are banned
|rule|Sleep Moves Clause: Sleep-inducing moves are banned
|clearpoke
|poke|p1|Raging Bolt|
|poke|p1|Great Tusk|
|poke|p1|Kingambit, M|
|poke|p1|Slowking-Galar, M|
|poke|p1|Ogerpon-Wellspring, F|
|poke|p1|Enamorus, F|
|poke|p2|Kommo-o, M|
|poke|p2|Zapdos|
|poke|p2|Slowking-Galar, M|
|poke|p2|Gholdengo|
|poke|p2|Great Tusk|
|poke|p2|Meowscarada, M|
|teampreview
|inactive|Battle timer is ON: inactive players will automatically lose when time's up. (requested by UnitedDank)
|
|t:|1760741295
|teamsize|p1|6
|teamsize|p2|6
|start
|switch|p1a: Ogerpon|Ogerpon-Wellspring, F|100/100
|switch|p2a: Jocker|Meowscarada, M, shiny|100/100
|turn|1
|
|t:|1760741307
|move|p2a: Jocker|U-turn|p1a: Ogerpon
|-start|p2a: Jocker|typechange|Bug|[from] ability: Protean
|-supereffective|p1a: Ogerpon
|-damage|p1a: Ogerpon|0 fnt
|faint|p1a: Ogerpon
|
|t:|1760741318
|switch|p2a: Donald T.|Slowking-Galar, M|100/100|[from] U-turn
|
|upkeep
|
|t:|1760741338
|switch|p1a: Kingambit|Kingambit, M|100/100
|-activate|p1a: Kingambit|ability: Supreme Overlord
|-start|p1a: Kingambit|fallen1|[silent]
|turn|2
|
|t:|1760741344
|switch|p2a: Thor|Zapdos|100/100
|move|p1a: Kingambit|Swords Dance|p1a: Kingambit
|-boost|p1a: Kingambit|atk|2
|
|upkeep
|turn|3
|
|t:|1760741354
|-end|p1a: Kingambit|fallen1|[silent]
|switch|p1a: Raging Bolt|Raging Bolt|100/100
|move|p2a: Thor|Heat Wave|p1a: Raging Bolt
|-resisted|p1a: Raging Bolt
|-damage|p1a: Raging Bolt|90/100
|
|upkeep
|turn|4
|
|t:|1760741364
|move|p2a: Thor|Volt Switch|p1a: Raging Bolt
|-resisted|p1a: Raging Bolt
|-damage|p1a: Raging Bolt|84/100
|
|t:|1760741368
|switch|p2a: Donald T.|Slowking-Galar, M|100/100|[from] Volt Switch
|move|p1a: Raging Bolt|Volt Switch|p2a: Donald T.
|-damage|p2a: Donald T.|71/100
|
|t:|1760741391
|-end|p1a: Raging Bolt|Protosynthesis|[silent]
|switch|p1a: Kingambit|Kingambit, M|100/100|[from] Volt Switch
|-activate|p1a: Kingambit|ability: Supreme Overlord
|-start|p1a: Kingambit|fallen1|[silent]
|
|upkeep
|turn|5
|
|t:|1760741399
|switch|p2a: Thor|Zapdos|100/100
|move|p1a: Kingambit|Kowtow Cleave|p2a: Thor
|-damage|p2a: Thor|61/100
|-status|p1a: Kingambit|par|[from] ability: Static|[of] p2a: Thor
|
|upkeep
|turn|6
|
|t:|1760741407
|-end|p1a: Kingambit|fallen1|[silent]
|switch|p1a: Raging Bolt|Raging Bolt|84/100
|move|p2a: Thor|Roost|p2a: Thor
|-heal|p2a: Thor|100/100
|-singleturn|p2a: Thor|move: Roost
|
|upkeep
|turn|7
|
|t:|1760741417
|move|p2a: Thor|Volt Switch|p1a: Raging Bolt
|-resisted|p1a: Raging Bolt
|-damage|p1a: Raging Bolt|76/100
|
|t:|1760741421
|switch|p2a: Donald T.|Slowking-Galar, M|100/100|[from] Volt Switch
|move|p1a: Raging Bolt|Volt Switch|p2a: Donald T.
|-damage|p2a: Donald T.|68/100
|inactive|UnitedDank has 120 seconds left.
|
|t:|1760741461
|-end|p1a: Raging Bolt|Protosynthesis|[silent]
|switch|p1a: Kingambit|Kingambit, M|100/100 par|[from] Volt Switch
|-activate|p1a: Kingambit|ability: Supreme Overlord
|-start|p1a: Kingambit|fallen1|[silent]
|
|upkeep
|turn|8
|
|t:|1760741467
|switch|p2a: Thor|Zapdos|100/100
|move|p1a: Kingambit|Kowtow Cleave|p2a: Thor
|-crit|p2a: Thor
|-damage|p2a: Thor|43/100
|
|upkeep
|turn|9
|inactive|UnitedDank has 120 seconds left.
|
|t:|1760741477
|-end|p1a: Kingambit|fallen1|[silent]
|switch|p1a: Slowking|Slowking-Galar, M|100/100
|move|p2a: Thor|Roost|p2a: Thor
|-heal|p2a: Thor|93/100
|-singleturn|p2a: Thor|move: Roost
|
|upkeep
|turn|10
|
|t:|1760741486
|move|p2a: Thor|Volt Switch|p1a: Slowking
|-damage|p1a: Slowking|84/100
|
|t:|1760741492
|switch|p2a: Donald T.|Slowking-Galar, M|100/100|[from] Volt Switch
|move|p1a: Slowking|Psychic Noise|p2a: Donald T.
|-damage|p2a: Donald T.|87/100
|-start|p2a: Donald T.|move: Heal Block
|
|upkeep
|turn|11
|
|t:|1760741501
|switch|p1a: Kingambit|Kingambit, M|100/100 par
|-activate|p1a: Kingambit|ability: Supreme Overlord
|-start|p1a: Kingambit|fallen1|[silent]
|move|p2a: Donald T.|Psyshock|p1a: Kingambit
|-immune|p1a: Kingambit
|
|-end|p2a: Donald T.|move: Heal Block
|upkeep
|turn|12
|
|t:|1760741518
|move|p2a: Donald T.|Flamethrower|p1a: Kingambit
|-supereffective|p1a: Kingambit
|-damage|p1a: Kingambit|41/100 par
|move|p1a: Kingambit|Swords Dance|p1a: Kingambit
|-boost|p1a: Kingambit|atk|2
|
|-heal|p1a: Kingambit|47/100 par|[from] item: Leftovers
|upkeep
|turn|13
|
|t:|1760741528
|switch|p2a: Thor|Zapdos|93/100
|move|p1a: Kingambit|Kowtow Cleave|p2a: Thor
|-damage|p2a: Thor|17/100
|
|-heal|p1a: Kingambit|53/100 par|[from] item: Leftovers
|upkeep
|turn|14
|
|t:|1760741538
|move|p2a: Thor|Heat Wave|p1a: Kingambit
|-supereffective|p1a: Kingambit
|-damage|p1a: Kingambit|6/100 par
|move|p1a: Kingambit|Kowtow Cleave|p2a: Thor
|-damage|p2a: Thor|0 fnt
|faint|p2a: Thor
|
|-heal|p1a: Kingambit|12/100 par|[from] item: Leftovers
|upkeep
|
|t:|1760741551
|switch|p2a: Jocker|Meowscarada, M, shiny|100/100
|turn|15
|
|t:|1760741572
|-end|p1a: Kingambit|fallen1|[silent]
|switch|p1a: Slowking|Slowking-Galar, M|100/100
|move|p2a: Jocker|U-turn|p1a: Slowking
|-start|p2a: Jocker|typechange|Bug|[from] ability: Protean
|-damage|p1a: Slowking|63/100
|
|t:|1760741581
|switch|p2a: Destroyer|Great Tusk|100/100|[from] U-turn
|
|upkeep
|turn|16
|
|t:|1760741588
|switch|p1a: Enamorus|Enamorus, F|100/100
|move|p2a: Destroyer|Stealth Rock|p1a: Enamorus
|-sidestart|p1: UnitedDank|move: Stealth Rock
|
|upkeep
|turn|17
|
|t:|1760741597
|-end|p2a: Destroyer|Protosynthesis|[silent]
|switch|p2a: Donald T.|Slowking-Galar, M|100/100
|move|p1a: Enamorus|Mystical Fire|p2a: Donald T.
|-damage|p2a: Donald T.|86/100
|-unboost|p2a: Donald T.|spa|1
|
|upkeep
|turn|18
|
|t:|1760741608
|switch|p1a: Great Tusk|Great Tusk|100/100
|move|p2a: Donald T.|Ice Beam|p1a: Great Tusk
|-supereffective|p1a: Great Tusk
|-damage|p1a: Great Tusk|42/100
|
|upkeep
|turn|19
|
|t:|1760741620
|switch|p2a: Destroyer|Great Tusk|100/100
|move|p1a: Great Tusk|Stealth Rock|p2a: Destroyer
|-sidestart|p2: Mreda|move: Stealth Rock
|
|upkeep
|turn|20
|
|t:|1760741626
|-end|p1a: Great Tusk|Protosynthesis|[silent]
|switch|p1a: Enamorus|Enamorus, F|100/100
|-damage|p1a: Enamorus|76/100|[from] Stealth Rock
|move|p2a: Destroyer|Rapid Spin|p1a: Enamorus
|-damage|p1a: Enamorus|48/100
|-boost|p2a: Destroyer|spe|1
|-sideend|p2: Mreda|Stealth Rock|[from] move: Rapid Spin|[of] p2a: Destroyer
|
|upkeep
|turn|21
|
|t:|1760741635
|move|p1a: Enamorus|Moonblast|p2a: Destroyer
|-supereffective|p2a: Destroyer
|-damage|p2a: Destroyer|0 fnt
|faint|p2a: Destroyer
|-end|p2a: Destroyer|Protosynthesis|[silent]
|
|upkeep
|
|t:|1760741644
|switch|p2a: Donald T.|Slowking-Galar, M|100/100
|turn|22
|
|t:|1760741648
|switch|p1a: Slowking|Slowking-Galar, M|96/100
|-damage|p1a: Slowking|84/100|[from] Stealth Rock
|move|p2a: Donald T.|Ice Beam|p1a: Slowking
|-damage|p1a: Slowking|68/100
|
|upkeep
|turn|23
|
|t:|1760741656
|move|p2a: Donald T.|Psyshock|p1a: Slowking
|-damage|p1a: Slowking|40/100
|move|p1a: Slowking|Psychic Noise|p2a: Donald T.
|-damage|p2a: Donald T.|86/100
|-start|p2a: Donald T.|move: Heal Block
|
|upkeep
|turn|24
|
|t:|1760741667
|move|p2a: Donald T.|Ice Beam|p1a: Slowking
|-damage|p1a: Slowking|23/100
|move|p1a: Slowking|Psychic Noise|p2a: Donald T.
|-damage|p2a: Donald T.|70/100
|
|-end|p2a: Donald T.|move: Heal Block
|upkeep
|turn|25
|
|t:|1760741676
|move|p2a: Donald T.|Psyshock|p1a: Slowking
|-damage|p1a: Slowking|0 fnt
|faint|p1a: Slowking
|
|upkeep
|
|t:|1760741686
|switch|p1a: Raging Bolt|Raging Bolt|76/100
|-damage|p1a: Raging Bolt|64/100|[from] Stealth Rock
|turn|26
|
|t:|1760741700
|move|p1a: Raging Bolt|Draco Meteor|p2a: Donald T.
|-damage|p2a: Donald T.|13/100
|-unboost|p1a: Raging Bolt|spa|2
|move|p2a: Donald T.|Ice Beam|p1a: Raging Bolt
|-supereffective|p1a: Raging Bolt
|-damage|p1a: Raging Bolt|10/100
|
|upkeep
|turn|27
|
|t:|1760741709
|switch|p2a: Gold|Gholdengo|100/100
|move|p1a: Raging Bolt|Draco Meteor|p2a: Gold
|-resisted|p2a: Gold
|-damage|p2a: Gold|66/100
|-unboost|p1a: Raging Bolt|spa|2
|
|upkeep
|turn|28
|
|t:|1760741720
|-end|p1a: Raging Bolt|Protosynthesis|[silent]
|switch|p1a: Great Tusk|Great Tusk|42/100
|move|p2a: Gold|Shadow Ball|p1a: Great Tusk
|-damage|p1a: Great Tusk|0 fnt
|faint|p1a: Great Tusk
|-end|p1a: Great Tusk|Protosynthesis|[silent]
|
|upkeep
|
|t:|1760741722
|switch|p1a: Enamorus|Enamorus, F|48/100
|-damage|p1a: Enamorus|23/100|[from] Stealth Rock
|turn|29
|
|t:|1760741743
|switch|p2a: Donald T.|Slowking-Galar, M|46/100
|move|p1a: Enamorus|Healing Wish|p1a: Enamorus
|faint|p1a: Enamorus
|
|upkeep
|
|t:|1760741747
|switch|p1a: Kingambit|Kingambit, M|12/100 par
|-heal|p1a: Kingambit|100/100|[from] move: Healing Wish
|-damage|p1a: Kingambit|94/100|[from] Stealth Rock
|-activate|p1a: Kingambit|ability: Supreme Overlord
|-start|p1a: Kingambit|fallen4|[silent]
|turn|30
|
|t:|1760741757
|move|p1a: Kingambit|Iron Head|p2a: Donald T.
|-damage|p2a: Donald T.|0 fnt
|faint|p2a: Donald T.
|
|-heal|p1a: Kingambit|100/100|[from] item: Leftovers
|upkeep
|
|t:|1760741767
|switch|p2a: Jocker|Meowscarada, M, shiny|100/100
|turn|31
|
|t:|1760741787
|move|p2a: Jocker|U-turn|p1a: Kingambit
|-start|p2a: Jocker|typechange|Bug|[from] ability: Protean
|-damage|p1a: Kingambit|63/100
|
|t:|1760741794
|switch|p2a: Gold|Gholdengo|66/100|[from] U-turn
|move|p1a: Kingambit|Swords Dance|p1a: Kingambit
|-boost|p1a: Kingambit|atk|2
|
|-heal|p1a: Kingambit|69/100|[from] item: Leftovers
|upkeep
|turn|32
|inactive|UnitedDank has 120 seconds left.
|
|t:|1760741822
|move|p1a: Kingambit|Sucker Punch||[still]
|-fail|p1a: Kingambit
|move|p2a: Gold|Trick|p1a: Kingambit
|-activate|p2a: Gold|move: Trick|[of] p1a: Kingambit
|-item|p1a: Kingambit|Choice Scarf|[from] move: Trick
|-item|p2a: Gold|Leftovers|[from] move: Trick
|
|-heal|p2a: Gold|72/100|[from] item: Leftovers
|upkeep
|turn|33
|
|t:|1760741837
|move|p2a: Gold|Recover|p2a: Gold
|-heal|p2a: Gold|100/100
|move|p1a: Kingambit|Kowtow Cleave|p2a: Gold
|-supereffective|p2a: Gold
|-damage|p2a: Gold|0 fnt
|faint|p2a: Gold
|
|upkeep
|
|t:|1760741846
|switch|p2a: Kaisar|Kommo-o, M|100/100
|turn|34
|c|☆Mreda|Gg
|c|☆UnitedDank|gg
|
|t:|1760741855
|-terastallize|p1a: Kingambit|Ghost
|move|p2a: Kaisar|Flamethrower|p1a: Kingambit
|-damage|p1a: Kingambit|44/100
|move|p1a: Kingambit|Kowtow Cleave|p2a: Kaisar
|-resisted|p2a: Kaisar
|-damage|p2a: Kaisar|35/100
|
|upkeep
|turn|35
|
|t:|1760741867
|move|p2a: Kaisar|Clanging Scales|p1a: Kingambit
|-damage|p1a: Kingambit|1/100
|-unboost|p2a: Kaisar|def|1
|-enditem|p2a: Kaisar|Throat Spray
|-boost|p2a: Kaisar|spa|1|[from] item: Throat Spray
|move|p1a: Kingambit|Kowtow Cleave|p2a: Kaisar
|-resisted|p2a: Kaisar
|-damage|p2a: Kaisar|0 fnt
|faint|p2a: Kaisar
|
|upkeep
|
|t:|1760741881
|switch|p2a: Jocker|Meowscarada, M, shiny|100/100
|turn|36
|
|t:|1760741890
|move|p2a: Jocker|Flower Trick|p1a: Kingambit
|-start|p2a: Jocker|typechange|Grass|[from] ability: Protean
|-crit|p1a: Kingambit
|-damage|p1a: Kingambit|0 fnt
|faint|p1a: Kingambit
|-end|p1a: Kingambit|fallen4|[silent]
|
|upkeep
|
|t:|1760741892
|switch|p1a: Raging Bolt|Raging Bolt|10/100
|-damage|p1a: Raging Bolt|0 fnt|[from] Stealth Rock
|faint|p1a: Raging Bolt
|-end|p1a: Raging Bolt|Protosynthesis|[silent]
|
|win|Mreda
|raw|UnitedDank's rating: 1488 &rarr; <strong>1468</strong><br />(-20 for losing)
|raw|Mreda's rating: 1490 &rarr; <strong>1510</strong><br />(+20 for winning)
|l|☆UnitedDank
|player|p1|
