|j|☆orientalnawolowina
|j|☆moi88764
|t:|1760810557
|gametype|singles
|player|p1|orientalnawolowina|266|1089
|player|p2|moi88764|buck|1108
|gen|9
|tier|[Gen 9] OU
|rated|
|rule|HP Percentage Mod: HP is shown in percentages
|rule|Endless Battle Clause: Forcing endless battles is banned
|rule|Species Clause: Limit one of each Pokémon
|rule|OHKO Clause: OHKO moves are banned
|rule|Evasion Items Clause: Evasion items are banned
|rule|Evasion Moves Clause: Evasion moves are banned
|rule|Evasion Abilities Clause: Evasion abilities are banned
|rule|Sleep Moves Clause: Sleep-inducing moves are banned
|clearpoke
|poke|p1|Sableye, M|
|poke|p1|Ninetales-Alola, M|
|poke|p1|Talonflame, F|
|poke|p1|Dragapult, F|
|poke|p1|Gallade, M|
|poke|p1|Rotom-Wash|
|poke|p2|Ninetales, M|
|poke|p2|Raging Bolt|
|poke|p2|Swampert, M|
|poke|p2|Bisharp, M|
|poke|p2|Lilligant-Hisui, F|
|poke|p2|Mandibuzz, F|
|teampreview
|inactive|Battle timer is ON: inactive players will automatically lose when time's up. (requested by orientalnawolowina)
|
|t:|1760810564
|teamsize|p1|6
|teamsize|p2|6
|start
|switch|p1a: Gallade|Gallade, M|100/100
|switch|p2a: Raging Bolt|Raging Bolt|100/100
|turn|1
|
|t:|1760810571
|move|p2a: Raging Bolt|Volt Switch|p1a: Gallade
|-damage|p1a: Gallade|58/100
|
|t:|1760810579
|-end|p2a: Raging Bolt|Protosynthesis|[silent]
|switch|p2a: Mandibuzz|Mandibuzz, F|100/100|[from] Volt Switch
|move|p1a: Gallade|Sacred Sword|p2a: Mandibuzz
|-crit|p2a: Mandibuzz
|-damage|p2a: Mandibuzz|18/100
|-damage|p1a: Gallade|42/100|[from] item: Rocky Helmet|[of] p2a: Mandibuzz
|-damage|p1a: Gallade|32/100|[from] item: Life Orb
|
|upkeep
|turn|2
|
|t:|1760810585
|move|p1a: Gallade|Sacred Sword|p2a: Mandibuzz
|-damage|p2a: Mandibuzz|0 fnt
|-damage|p1a: Gallade|15/100|[from] item: Rocky Helmet|[of] p2a: Mandibuzz
|faint|p2a: Mandibuzz
|-damage|p1a: Gallade|6/100|[from] item: Life Orb
|
|upkeep
|
|t:|1760810590
|switch|p2a: Raging Bolt|Raging Bolt|100/100
|turn|3
|
|t:|1760810602
|move|p2a: Raging Bolt|Volt Switch|p1a: Gallade
|-damage|p1a: Gallade|0 fnt
|faint|p1a: Gallade
|
|t:|1760810607
|-end|p2a: Raging Bolt|Protosynthesis|[silent]
|switch|p2a: Ninetales|Ninetales, M|100/100|[from] Volt Switch
|-weather|SunnyDay|[from] ability: Drought|[of] p2a: Ninetales
|
|-weather|SunnyDay|[upkeep]
|upkeep
|
|t:|1760810624
|switch|p1a: Dragapult|Dragapult, F|100/100
|turn|4
|
|t:|1760810628
|switch|p2a: Bisharp|Bisharp, M|100/100
|move|p1a: Dragapult|Draco Meteor|p2a: Bisharp
|-resisted|p2a: Bisharp
|-damage|p2a: Bisharp|54/100
|-unboost|p1a: Dragapult|spa|2
|
|-weather|SunnyDay|[upkeep]
|upkeep
|turn|5
|
|t:|1760810640
|switch|p1a: Talonflame|Talonflame, F|100/100
|move|p2a: Bisharp|Throat Chop|p1a: Talonflame
|-damage|p1a: Talonflame|28/100
|-start|p1a: Talonflame|Throat Chop|[silent]
|
|-weather|SunnyDay|[upkeep]
|upkeep
|turn|6
|
|t:|1760810653
|switch|p1a: Sableye|Sableye, M|100/100
|move|p2a: Bisharp|Sucker Punch||[still]
|-fail|p2a: Bisharp
|
|-weather|SunnyDay|[upkeep]
|upkeep
|turn|7
|
|t:|1760810659
|switch|p2a: Ninetales|Ninetales, M|100/100
|move|p1a: Sableye|Will-O-Wisp|p2a: Ninetales
|-immune|p2a: Ninetales
|
|-weather|none
|upkeep
|turn|8
|
|t:|1760810666
|move|p2a: Ninetales|Nasty Plot|p2a: Ninetales
|-boost|p2a: Ninetales|spa|2
|move|p1a: Sableye|Knock Off|p2a: Ninetales
|-damage|p2a: Ninetales|49/100
|-enditem|p2a: Ninetales|Leftovers|[from] move: Knock Off|[of] p1a: Sableye
|
|upkeep
|turn|9
|
|t:|1760810670
|move|p2a: Ninetales|Fire Blast|p1a: Sableye
|-damage|p1a: Sableye|0 fnt
|faint|p1a: Sableye
|
|upkeep
|
|t:|1760810678
|switch|p1a: Rotom|Rotom-Wash|100/100
|turn|10
|
|t:|1760810695
|switch|p2a: Lilligant|Lilligant-Hisui, F|100/100
|move|p1a: Rotom|Hydro Pump|p2a: Lilligant
|-resisted|p2a: Lilligant
|-damage|p2a: Lilligant|63/100
|
|-heal|p2a: Lilligant|69/100|[from] item: Leftovers
|upkeep
|turn|11
|
|t:|1760810701
|move|p2a: Lilligant|Leaf Blade|p1a: Rotom|[miss]
|-miss|p2a: Lilligant|p1a: Rotom
|move|p1a: Rotom|Thunder Wave|p2a: Lilligant
|-status|p2a: Lilligant|par
|
|-heal|p2a: Lilligant|75/100 par|[from] item: Leftovers
|upkeep
|turn|12
|
|t:|1760810707
|switch|p1a: Ninetales|Ninetales-Alola, M|100/100
|-weather|Snowscape|[from] ability: Snow Warning|[of] p1a: Ninetales
|move|p2a: Lilligant|Leaf Blade|p1a: Ninetales|[miss]
|-miss|p2a: Lilligant|p1a: Ninetales
|
|-weather|Snowscape|[upkeep]
|-heal|p2a: Lilligant|81/100 par|[from] item: Leftovers
|upkeep
|turn|13
|
|t:|1760810717
|switch|p1a: Talonflame|Talonflame, F|28/100
|move|p2a: Lilligant|Close Combat|p1a: Talonflame
|-resisted|p1a: Talonflame
|-damage|p1a: Talonflame|0 fnt
|-unboost|p2a: Lilligant|def|1
|-unboost|p2a: Lilligant|spd|1
|faint|p1a: Talonflame
|
|-weather|Snowscape|[upkeep]
|-heal|p2a: Lilligant|87/100 par|[from] item: Leftovers
|upkeep
|
|t:|1760810723
|switch|p1a: Ninetales|Ninetales-Alola, M|100/100
|turn|14
|
|t:|1760810731
|switch|p2a: Ninetales|Ninetales, M|49/100
|-weather|SunnyDay|[from] ability: Drought|[of] p2a: Ninetales
|move|p1a: Ninetales|Aurora Veil||[still]
|-fail|p1a: Ninetales
|
|-weather|SunnyDay|[upkeep]
|upkeep
|turn|15
|
|t:|1760810737
|switch|p1a: Rotom|Rotom-Wash|100/100
|move|p2a: Ninetales|Fire Blast|p1a: Rotom
|-resisted|p1a: Rotom
|-damage|p1a: Rotom|57/100
|
|-weather|SunnyDay|[upkeep]
|upkeep
|turn|16
|
|t:|1760810742
|move|p2a: Ninetales|Solar Beam||[still]
|-prepare|p2a: Ninetales|Solar Beam
|-anim|p2a: Ninetales|Solar Beam|p1a: Rotom
|-supereffective|p1a: Rotom
|-damage|p1a: Rotom|0 fnt
|faint|p1a: Rotom
|
|-weather|SunnyDay|[upkeep]
|upkeep
|
|t:|1760810748
|switch|p1a: Ninetales|Ninetales-Alola, M|100/100
|-weather|Snowscape|[from] ability: Snow Warning|[of] p1a: Ninetales
|turn|17
|
|t:|1760810752
|move|p1a: Ninetales|Aurora Veil|p1a: Ninetales
|-sidestart|p1: orientalnawolowina|move: Aurora Veil
|move|p2a: Ninetales|Fire Blast|p1a: Ninetales
|-supereffective|p1a: Ninetales
|-damage|p1a: Ninetales|49/100
|
|-weather|Snowscape|[upkeep]
|upkeep
|turn|18
|
|t:|1760810757
|switch|p1a: Dragapult|Dragapult, F|100/100
|move|p2a: Ninetales|Fire Blast|p1a: Dragapult
|-resisted|p1a: Dragapult
|-damage|p1a: Dragapult|87/100
|
|-weather|Snowscape|[upkeep]
|upkeep
|turn|19
|
|t:|1760810766
|switch|p2a: Lilligant|Lilligant-Hisui, F|87/100 par
|move|p1a: Dragapult|Flamethrower|p2a: Lilligant
|-supereffective|p2a: Lilligant
|-damage|p2a: Lilligant|0 fnt
|faint|p2a: Lilligant
|
|-weather|Snowscape|[upkeep]
|upkeep
|
|t:|1760810781
|switch|p2a: Swampert|Swampert, M|100/100
|turn|20
|
|t:|1760810784
|switch|p1a: Ninetales|Ninetales-Alola, M|49/100
|move|p2a: Swampert|Ice Punch|p1a: Ninetales
|-resisted|p1a: Ninetales
|-damage|p1a: Ninetales|43/100
|
|-weather|Snowscape|[upkeep]
|upkeep
|turn|21
|
|t:|1760810792
|switch|p2a: Ninetales|Ninetales, M|49/100
|-weather|SunnyDay|[from] ability: Drought|[of] p2a: Ninetales
|move|p1a: Ninetales|Blizzard|p2a: Ninetales
|-resisted|p2a: Ninetales
|-damage|p2a: Ninetales|24/100
|
|-weather|SunnyDay|[upkeep]
|upkeep
|turn|22
|
|t:|1760810800
|move|p1a: Ninetales|Blizzard|p2a: Ninetales
|-resisted|p2a: Ninetales
|-damage|p2a: Ninetales|0 fnt
|faint|p2a: Ninetales
|
|-weather|SunnyDay|[upkeep]
|upkeep
|
|t:|1760810803
|switch|p2a: Raging Bolt|Raging Bolt|100/100
|-activate|p2a: Raging Bolt|ability: Protosynthesis
|-start|p2a: Raging Bolt|protosynthesisspa
|turn|23
|
|t:|1760810809
|switch|p1a: Dragapult|Dragapult, F|87/100
|move|p2a: Raging Bolt|Thunderbolt|p1a: Dragapult
|-resisted|p1a: Dragapult
|-damage|p1a: Dragapult|65/100
|
|-weather|SunnyDay|[upkeep]
|upkeep
|turn|24
|
|t:|1760810823
|-end|p2a: Raging Bolt|Protosynthesis|[silent]
|switch|p2a: Swampert|Swampert, M|100/100
|move|p1a: Dragapult|Draco Meteor|p2a: Swampert
|-damage|p2a: Swampert|29/100
|-unboost|p1a: Dragapult|spa|2
|
|-weather|SunnyDay|[upkeep]
|-heal|p2a: Swampert|35/100|[from] item: Leftovers
|-sideend|p1: orientalnawolowina|move: Aurora Veil
|upkeep
|turn|25
|
|t:|1760810830
|switch|p1a: Ninetales|Ninetales-Alola, M|43/100
|-weather|Snowscape|[from] ability: Snow Warning|[of] p1a: Ninetales
|move|p2a: Swampert|Liquidation|p1a: Ninetales
|-damage|p1a: Ninetales|0 fnt
|faint|p1a: Ninetales
|
|-weather|Snowscape|[upkeep]
|-heal|p2a: Swampert|41/100|[from] item: Leftovers
|upkeep
|
|t:|1760810837
|switch|p1a: Dragapult|Dragapult, F|65/100
|turn|26
|
|t:|1760810849
|move|p1a: Dragapult|Shadow Ball|p2a: Swampert
|-damage|p2a: Swampert|0 fnt
|faint|p2a: Swampert
|
|-weather|Snowscape|[upkeep]
|upkeep
|
|t:|1760810855
|switch|p2a: Bisharp|Bisharp, M|54/100
|turn|27
|
|t:|1760810862
|-terastallize|p2a: Bisharp|Dark
|move|p2a: Bisharp|Sucker Punch|p1a: Dragapult
|-supereffective|p1a: Dragapult
|-damage|p1a: Dragapult|0 fnt
|faint|p1a: Dragapult
|
|win|moi88764
|raw|orientalnawolowina's rating: 1089 &rarr; <strong>1067</strong><br />(-22 for losing)
|raw|moi88764's rating: 1108 &rarr; <strong>1132</strong><br />(+24 for winning)
|l|☆orientalnawolowina
|player|p1|
