|j|☆jxrx
|j|☆Feyitomi
|t:|1760724262
|gametype|singles
|player|p1|jxrx|norman|1387
|player|p2|Feyitomi|102|1443
|gen|9
|tier|[Gen 9] OU
|rated|
|rule|HP Percentage Mod: HP is shown in percentages
|rule|Endless Battle Clause: Forcing endless battles is banned
|rule|Species Clause: Limit one of each Pokémon
|rule|OHKO Clause: OHKO moves are banned
|rule|Evasion Items Clause: Evasion items are banned
|rule|Evasion Moves Clause: Evasion moves are banned
|rule|Evasion Abilities Clause: Evasion abilities are banned
|rule|Sleep Moves Clause: Sleep-inducing moves are banned
|clearpoke
|poke|p1|Great Tusk|
|poke|p1|Vileplume, M|
|poke|p1|Houndoom, F|
|poke|p1|Dragapult, M|
|poke|p1|Gyarados, M|
|poke|p1|Pachirisu, F|
|poke|p2|Kingdra, F|
|poke|p2|Pelipper, F|
|poke|p2|Indeedee, M|
|poke|p2|Barraskewda, M|
|poke|p2|Iron Treads|
|poke|p2|Golduck, M|
|teampreview
|inactive|Battle timer is ON: inactive players will automatically lose when time's up. (requested by Feyitomi)
|inactive|jxrx has 120 seconds left.
|
|t:|1760724323
|teamsize|p1|6
|teamsize|p2|6
|start
|switch|p1a: Pachirisu|Pachirisu, F|100/100
|switch|p2a: Pelipper|Pelipper, F|100/100
|-weather|RainDance|[from] ability: Drizzle|[of] p2a: Pelipper
|turn|1
|inactive|jxrx has 120 seconds left.
|inactive|jxrx has 90 seconds left.
|
|t:|1760724389
|switch|p2a: Iron Treads|Iron Treads|100/100
|-enditem|p2a: Iron Treads|Booster Energy
|-activate|p2a: Iron Treads|ability: Quark Drive|[fromitem]
|-start|p2a: Iron Treads|quarkdrivespe
|move|p1a: Pachirisu|Super Fang|p2a: Iron Treads
|-damage|p2a: Iron Treads|51/100
|
|-weather|RainDance|[upkeep]
|upkeep
|turn|2
|inactive|jxrx has 90 seconds left.
|
|t:|1760724397
|switch|p1a: Great Tusk|Great Tusk|100/100
|move|p2a: Iron Treads|Stealth Rock|p1a: Great Tusk
|-sidestart|p1: jxrx|move: Stealth Rock
|
|-weather|RainDance|[upkeep]
|upkeep
|turn|3
|inactive|jxrx has 90 seconds left.
|
|t:|1760724425
|-end|p2a: Iron Treads|Quark Drive|[silent]
|switch|p2a: Golduck|Golduck, M|100/100
|move|p1a: Great Tusk|Rapid Spin|p2a: Golduck
|-damage|p2a: Golduck|80/100
|-boost|p1a: Great Tusk|spe|1
|-sideend|p1: jxrx|Stealth Rock|[from] move: Rapid Spin|[of] p1a: Great Tusk
|
|-weather|RainDance|[upkeep]
|upkeep
|turn|4
|
|t:|1760724435
|-end|p1a: Great Tusk|Protosynthesis|[silent]
|switch|p1a: Pachirisu|Pachirisu, F|100/100
|move|p2a: Golduck|Nasty Plot|p2a: Golduck
|-boost|p2a: Golduck|spa|2
|
|-weather|RainDance|[upkeep]
|upkeep
|turn|5
|
|t:|1760724443
|move|p2a: Golduck|Surf|p1a: Pachirisu
|-damage|p1a: Pachirisu|17/100
|-damage|p2a: Golduck|70/100|[from] item: Life Orb
|move|p1a: Pachirisu|Nuzzle|p2a: Golduck
|-supereffective|p2a: Golduck
|-damage|p2a: Golduck|60/100
|-status|p2a: Golduck|par
|
|-weather|RainDance|[upkeep]
|upkeep
|turn|6
|
|t:|1760724454
|cant|p2a: Golduck|par
|move|p1a: Pachirisu|Endeavor|p2a: Golduck
|-damage|p2a: Golduck|18/100 par
|
|-weather|RainDance|[upkeep]
|upkeep
|turn|7
|
|t:|1760724457
|move|p2a: Golduck|Surf|p1a: Pachirisu
|-damage|p1a: Pachirisu|0 fnt
|faint|p1a: Pachirisu
|-damage|p2a: Golduck|9/100 par|[from] item: Life Orb
|
|-weather|RainDance|[upkeep]
|upkeep
|inactive|jxrx has 90 seconds left.
|
|t:|1760724468
|switch|p1a: Dragapult|Dragapult, M|100/100
|turn|8
|
|t:|1760724474
|switch|p2a: Indeedee|Indeedee, M|100/100
|-fieldstart|move: Psychic Terrain|[from] ability: Psychic Surge|[of] p2a: Indeedee
|move|p1a: Dragapult|Dragon Darts|p2a: Indeedee
|-damage|p2a: Indeedee|60/100
|-anim|p1a: Dragapult|Dragon Darts|p2a: Indeedee
|-damage|p2a: Indeedee|20/100
|
|-weather|none
|upkeep
|turn|9
|inactive|jxrx has 90 seconds left.
|inactive|jxrx has 60 seconds left.
|
|t:|1760724546
|switch|p2a: Iron Treads|Iron Treads|51/100
|move|p1a: Dragapult|Dragon Darts|p2a: Iron Treads
|-resisted|p2a: Iron Treads
|-damage|p2a: Iron Treads|39/100
|-anim|p1a: Dragapult|Dragon Darts|p2a: Iron Treads
|-resisted|p2a: Iron Treads
|-damage|p2a: Iron Treads|28/100
|
|upkeep
|turn|10
|
|t:|1760724555
|move|p1a: Dragapult|Phantom Force||[still]
|-prepare|p1a: Dragapult|Phantom Force
|move|p2a: Iron Treads|Stealth Rock|p1a: Dragapult
|-sidestart|p1: jxrx|move: Stealth Rock
|
|upkeep
|turn|11
|inactive|jxrx has 30 seconds left.
|
|t:|1760724585
|-end|p2a: Iron Treads|Quark Drive|[silent]
|switch|p2a: Indeedee|Indeedee, M|20/100
|move|p1a: Dragapult|Phantom Force|p2a: Indeedee|[from] lockedmove
|-immune|p2a: Indeedee
|
|upkeep
|turn|12
|
|t:|1760724593
|switch|p2a: Pelipper|Pelipper, F|100/100
|-weather|RainDance|[from] ability: Drizzle|[of] p2a: Pelipper
|move|p1a: Dragapult|Dragon Darts|p2a: Pelipper
|-damage|p2a: Pelipper|82/100
|-anim|p1a: Dragapult|Dragon Darts|p2a: Pelipper
|-damage|p2a: Pelipper|64/100
|
|-weather|RainDance|[upkeep]
|upkeep
|turn|13
|
|t:|1760724603
|switch|p1a: Gyarados|Gyarados, M|100/100
|-damage|p1a: Gyarados|76/100|[from] Stealth Rock
|move|p2a: Pelipper|U-turn|p1a: Gyarados
|-resisted|p1a: Gyarados
|-damage|p1a: Gyarados|69/100
|
|t:|1760724611
|switch|p2a: Barraskewda|Barraskewda, M|100/100|[from] U-turn
|
|-weather|RainDance|[upkeep]
|-heal|p1a: Gyarados|75/100|[from] item: Leftovers
|upkeep
|turn|14
|
|t:|1760724633
|switch|p1a: Vileplume|Vileplume, M|100/100
|-damage|p1a: Vileplume|88/100|[from] Stealth Rock
|-terastallize|p2a: Barraskewda|Water
|move|p2a: Barraskewda|Liquidation|p1a: Vileplume
|-resisted|p1a: Vileplume
|-damage|p1a: Vileplume|39/100
|-damage|p2a: Barraskewda|84/100|[from] item: Rocky Helmet|[of] p1a: Vileplume
|-status|p2a: Barraskewda|slp|[from] ability: Effect Spore|[of] p1a: Vileplume
|-damage|p2a: Barraskewda|74/100 slp|[from] item: Life Orb
|
|-weather|RainDance|[upkeep]
|upkeep
|turn|15
|
|t:|1760724649
|switch|p2a: Indeedee|Indeedee, M|20/100
|move|p1a: Vileplume|Giga Drain|p2a: Indeedee
|-damage|p2a: Indeedee|0 fnt
|-heal|p1a: Vileplume|49/100|[from] drain|[of] p2a: Indeedee
|faint|p2a: Indeedee
|
|-weather|RainDance|[upkeep]
|-fieldend|move: Psychic Terrain
|upkeep
|-message|Feyitomi forfeited.
|
|win|jxrx
|raw|jxrx's rating: 1387 &rarr; <strong>1410</strong><br />(+23 for winning)
|raw|Feyitomi's rating: 1443 &rarr; <strong>1420</strong><br />(-23 for losing)
|l|☆Feyitomi
|player|p2|
|l|☆jxrx
|player|p1|
