|j|☆juncanti
|j|☆zmeygoryth
|t:|1760875759
|gametype|singles
|player|p1|juncanti|169|1190
|player|p2|zmeygoryth|rocketgrunt|1293
|gen|9
|tier|[Gen 9] OU
|rated|
|rule|HP Percentage Mod: HP is shown in percentages
|rule|Endless Battle Clause: Forcing endless battles is banned
|rule|Species Clause: Limit one of each Pokémon
|rule|OHKO Clause: OHKO moves are banned
|rule|Evasion Items Clause: Evasion items are banned
|rule|Evasion Moves Clause: Evasion moves are banned
|rule|Evasion Abilities Clause: Evasion abilities are banned
|rule|Sleep Moves Clause: Sleep-inducing moves are banned
|clearpoke
|poke|p1|Ogerpon-Wellspring, F|
|poke|p1|Cinderace, F|
|poke|p1|Clefable, F|
|poke|p1|Corviknight, F|
|poke|p1|Iron Valiant|
|poke|p1|Sandy Shocks|
|poke|p2|Snorlax, M|
|poke|p2|Magnezone|
|poke|p2|Quagsire, F|
|poke|p2|Kleavor, M|
|poke|p2|Forretress, F|
|poke|p2|Scizor, M|
|teampreview
|inactive|Battle timer is ON: inactive players will automatically lose when time's up. (requested by zmeygoryth)
|
|t:|1760875763
|teamsize|p1|6
|teamsize|p2|6
|start
|switch|p1a: Cinderace|Cinderace, F|100/100
|switch|p2a: Kleavor|Kleavor, M|100/100
|turn|1
|
|t:|1760875774
|move|p2a: Kleavor|Stone Axe|p1a: Cinderace
|-supereffective|p1a: Cinderace
|-damage|p1a: Cinderace|0 fnt
|-sidestart|p1: juncanti|move: Stealth Rock
|faint|p1a: Cinderace
|
|upkeep
|
|t:|1760875778
|switch|p1a: Corviknight|Corviknight, F|100/100
|-damage|p1a: Corviknight|88/100|[from] Stealth Rock
|turn|2
|
|t:|1760875781
|switch|p2a: Magnezone|Magnezone|100/100
|-item|p2a: Magnezone|Air Balloon
|move|p1a: Corviknight|Defog|p2a: Magnezone
|-unboost|p2a: Magnezone|evasion|1
|-sideend|p1: juncanti|Stealth Rock|[from] move: Defog|[of] p1a: Corviknight
|
|upkeep
|turn|3
|
|t:|1760875791
|move|p1a: Corviknight|Brave Bird|p2a: Magnezone
|-resisted|p2a: Magnezone
|-crit|p2a: Magnezone
|-damage|p2a: Magnezone|88/100
|-enditem|p2a: Magnezone|Air Balloon
|-damage|p1a: Corviknight|84/100|[from] Recoil
|move|p2a: Magnezone|Thunderbolt|p1a: Corviknight
|-supereffective|p1a: Corviknight
|-damage|p1a: Corviknight|0 fnt
|faint|p1a: Corviknight
|
|upkeep
|
|t:|1760875797
|switch|p1a: Sandy Shocks|Sandy Shocks|100/100
|turn|4
|
|t:|1760875818
|switch|p2a: Snorlax|Snorlax, M|100/100
|move|p1a: Sandy Shocks|Earth Power|p2a: Snorlax
|-damage|p2a: Snorlax|87/100
|
|upkeep
|turn|5
|
|t:|1760875826
|move|p1a: Sandy Shocks|Volt Switch|p2a: Snorlax
|-damage|p2a: Snorlax|76/100
|
|t:|1760875830
|-end|p1a: Sandy Shocks|Protosynthesis|[silent]
|switch|p1a: Ogerpon|Ogerpon-Wellspring, F|100/100|[from] Volt Switch
|move|p2a: Snorlax|Earthquake|p1a: Ogerpon
|-resisted|p1a: Ogerpon
|-damage|p1a: Ogerpon|85/100
|
|upkeep
|turn|6
|
|t:|1760875836
|switch|p2a: Forretress|Forretress, F|100/100
|move|p1a: Ogerpon|Ivy Cudgel|p2a: Forretress|[anim] Ivy Cudgel Water
|-damage|p2a: Forretress|70/100
|
|upkeep
|turn|7
|
|t:|1760875842
|move|p1a: Ogerpon|Ivy Cudgel|p2a: Forretress|[anim] Ivy Cudgel Water
|-damage|p2a: Forretress|38/100
|move|p2a: Forretress|Counter|p1a: Ogerpon
|-damage|p1a: Ogerpon|9/100
|
|upkeep
|turn|8
|
|t:|1760875848
|move|p1a: Ogerpon|Ivy Cudgel|p2a: Forretress|[anim] Ivy Cudgel Water
|-damage|p2a: Forretress|3/100
|move|p2a: Forretress|Spikes|p1a: Ogerpon
|-sidestart|p1: juncanti|Spikes
|
|upkeep
|turn|9
|
|t:|1760875852
|move|p1a: Ogerpon|Ivy Cudgel|p2a: Forretress|[anim] Ivy Cudgel Water
|-crit|p2a: Forretress
|-damage|p2a: Forretress|0 fnt
|faint|p2a: Forretress
|
|upkeep
|
|t:|1760875854
|switch|p2a: Kleavor|Kleavor, M|100/100
|turn|10
|
|t:|1760875858
|move|p2a: Kleavor|Stone Axe|p1a: Ogerpon
|-damage|p1a: Ogerpon|0 fnt
|-sidestart|p1: juncanti|move: Stealth Rock
|faint|p1a: Ogerpon
|
|upkeep
|
|t:|1760875861
|switch|p1a: Sandy Shocks|Sandy Shocks|100/100
|-damage|p1a: Sandy Shocks|88/100|[from] Spikes
|-damage|p1a: Sandy Shocks|82/100|[from] Stealth Rock
|turn|11
|
|t:|1760875867
|switch|p2a: Snorlax|Snorlax, M|76/100
|move|p1a: Sandy Shocks|Volt Switch|p2a: Snorlax
|-damage|p2a: Snorlax|65/100
|
|t:|1760875870
|-end|p1a: Sandy Shocks|Protosynthesis|[silent]
|switch|p1a: Iron Valiant|Iron Valiant|100/100|[from] Volt Switch
|-damage|p1a: Iron Valiant|88/100|[from] Spikes
|-damage|p1a: Iron Valiant|82/100|[from] Stealth Rock
|-enditem|p1a: Iron Valiant|Booster Energy
|-activate|p1a: Iron Valiant|ability: Quark Drive|[fromitem]
|-start|p1a: Iron Valiant|quarkdrivespe
|
|upkeep
|turn|12
|
|t:|1760875880
|move|p1a: Iron Valiant|Swords Dance|p1a: Iron Valiant
|-boost|p1a: Iron Valiant|atk|2
|move|p2a: Snorlax|Earthquake|p1a: Iron Valiant
|-damage|p1a: Iron Valiant|48/100
|
|upkeep
|turn|13
|
|t:|1760875885
|move|p1a: Iron Valiant|Swords Dance|p1a: Iron Valiant
|-boost|p1a: Iron Valiant|atk|2
|move|p2a: Snorlax|Earthquake|p1a: Iron Valiant
|-damage|p1a: Iron Valiant|15/100
|
|upkeep
|turn|14
|
|t:|1760875891
|move|p1a: Iron Valiant|Knock Off|p2a: Snorlax
|-damage|p2a: Snorlax|0 fnt
|-enditem|p2a: Snorlax|Assault Vest|[from] move: Knock Off|[of] p1a: Iron Valiant
|faint|p2a: Snorlax
|
|upkeep
|
|t:|1760875893
|switch|p2a: Scizor|Scizor, M|100/100
|turn|15
|
|t:|1760875898
|-terastallize|p2a: Scizor|Steel
|move|p2a: Scizor|Bullet Punch|p1a: Iron Valiant
|-supereffective|p1a: Iron Valiant
|-damage|p1a: Iron Valiant|0 fnt
|faint|p1a: Iron Valiant
|-end|p1a: Iron Valiant|Quark Drive|[silent]
|
|upkeep
|
|t:|1760875903
|switch|p1a: Sandy Shocks|Sandy Shocks|82/100
|-damage|p1a: Sandy Shocks|70/100|[from] Spikes
|-damage|p1a: Sandy Shocks|64/100|[from] Stealth Rock
|turn|16
|
|t:|1760875907
|switch|p2a: Quagsire|Quagsire, F|100/100
|move|p1a: Sandy Shocks|Earth Power|p2a: Quagsire
|-damage|p2a: Quagsire|49/100
|
|-heal|p1a: Sandy Shocks|70/100|[from] item: Leftovers
|-heal|p2a: Quagsire|55/100|[from] item: Leftovers
|upkeep
|turn|17
|
|t:|1760875912
|move|p1a: Sandy Shocks|Earth Power|p2a: Quagsire
|-crit|p2a: Quagsire
|-damage|p2a: Quagsire|0 fnt
|faint|p2a: Quagsire
|
|-heal|p1a: Sandy Shocks|76/100|[from] item: Leftovers
|upkeep
|
|t:|1760875919
|switch|p2a: Kleavor|Kleavor, M|100/100
|turn|18
|
|t:|1760875933
|move|p2a: Kleavor|X-Scissor|p1a: Sandy Shocks
|-damage|p1a: Sandy Shocks|1/100
|move|p1a: Sandy Shocks|Earth Power|p2a: Kleavor
|-damage|p2a: Kleavor|33/100
|
|-heal|p1a: Sandy Shocks|7/100|[from] item: Leftovers
|upkeep
|turn|19
|
|t:|1760875944
|move|p2a: Kleavor|X-Scissor|p1a: Sandy Shocks
|-damage|p1a: Sandy Shocks|0 fnt
|faint|p1a: Sandy Shocks
|-end|p1a: Sandy Shocks|Protosynthesis|[silent]
|
|upkeep
|
|t:|1760875947
|switch|p1a: Clefable|Clefable, F|100/100
|-damage|p1a: Clefable|88/100|[from] Spikes
|-damage|p1a: Clefable|76/100|[from] Stealth Rock
|turn|20
|
|t:|1760875951
|move|p2a: Kleavor|X-Scissor|p1a: Clefable
|-resisted|p1a: Clefable
|-damage|p1a: Clefable|41/100
|move|p1a: Clefable|Moonblast|p2a: Kleavor
|-damage|p2a: Kleavor|0 fnt
|faint|p2a: Kleavor
|-damage|p1a: Clefable|31/100|[from] item: Life Orb
|
|upkeep
|
|t:|1760875954
|switch|p2a: Scizor|Scizor, M, tera:Steel|100/100
|turn|21
|
|t:|1760875959
|-terastallize|p1a: Clefable|Fire
|move|p2a: Scizor|Bullet Punch|p1a: Clefable
|-resisted|p1a: Clefable
|-damage|p1a: Clefable|0 fnt
|faint|p1a: Clefable
|
|win|zmeygoryth
|raw|juncanti's rating: 1190 &rarr; <strong>1172</strong><br />(-18 for losing)
|raw|zmeygoryth's rating: 1293 &rarr; <strong>1311</strong><br />(+18 for winning)
|l|☆juncanti
|player|p1|
|l|☆zmeygoryth
|player|p2|
