|j|☆Loser I will lose
|j|☆kayoepic
|t:|1760750646
|gametype|singles
|player|p1|Loser I will lose|drayden|
|player|p2|kayoepic|veteran|
|gen|9
|tier|[Gen 9] OU
|rule|HP Percentage Mod: HP is shown in percentages
|rule|Endless Battle Clause: Forcing endless battles is banned
|rule|Species Clause: Limit one of each Pokémon
|rule|OHKO Clause: OHKO moves are banned
|rule|Evasion Items Clause: Evasion items are banned
|rule|Evasion Moves Clause: Evasion moves are banned
|rule|Evasion Abilities Clause: Evasion abilities are banned
|rule|Sleep Moves Clause: Sleep-inducing moves are banned
|clearpoke
|poke|p1|Ribombee, F|
|poke|p1|Alomomola, F|
|poke|p1|Excadrill, F|
|poke|p1|Glaceon, F|
|poke|p1|Rotom-Heat|
|poke|p1|Cyclizar, F|
|poke|p2|Ceruledge, F|
|poke|p2|Aipom, F|
|poke|p2|Corviknight, M|
|poke|p2|Garganacl, M|
|poke|p2|Haxorus, F|
|poke|p2|Swampert, M|
|teampreview
|
|t:|1760750659
|teamsize|p1|6
|teamsize|p2|6
|start
|switch|p1a: 150 (But ugly)|Excadrill, F|100/100
|switch|p2a: Ichigo|Ceruledge, F|100/100
|-ability|p1a: 150 (But ugly)|Mold Breaker
|turn|1
|
|t:|1760750683
|-terastallize|p1a: 150 (But ugly)|Dragon
|move|p1a: 150 (But ugly)|Earthquake|p2a: Ichigo
|-supereffective|p2a: Ichigo
|-damage|p2a: Ichigo|0 fnt
|faint|p2a: Ichigo
|
|upkeep
|
|t:|1760750689
|switch|p2a: Mason Troy adams|Haxorus, F|100/100
|-ability|p2a: Mason Troy adams|Mold Breaker
|turn|2
|
|t:|1760750693
|switch|p1a: 150 (But yellow)|Ribombee, F|100/100
|move|p2a: Mason Troy adams|Outrage|p1a: 150 (But yellow)
|-immune|p1a: 150 (But yellow)
|
|upkeep
|turn|3
|
|t:|1760750703
|switch|p2a: Gripper|Swampert, M|100/100
|move|p1a: 150 (But yellow)|Quiver Dance|p1a: 150 (But yellow)
|-boost|p1a: 150 (But yellow)|spa|1
|-boost|p1a: 150 (But yellow)|spd|1
|-boost|p1a: 150 (But yellow)|spe|1
|
|upkeep
|turn|4
|
|t:|1760750721
|move|p1a: 150 (But yellow)|Moonblast|p2a: Gripper
|-damage|p2a: Gripper|42/100
|move|p2a: Gripper|Ice Beam|p1a: 150 (But yellow)
|-damage|p1a: 150 (But yellow)|81/100
|
|upkeep
|turn|5
|
|t:|1760750728
|move|p1a: 150 (But yellow)|Quiver Dance|p1a: 150 (But yellow)
|-boost|p1a: 150 (But yellow)|spa|1
|-boost|p1a: 150 (But yellow)|spd|1
|-boost|p1a: 150 (But yellow)|spe|1
|move|p2a: Gripper|Stealth Rock|p1a: 150 (But yellow)
|-sidestart|p1: Loser I will lose|move: Stealth Rock
|
|upkeep
|turn|6
|
|t:|1760750738
|move|p1a: 150 (But yellow)|Quiver Dance|p1a: 150 (But yellow)
|-boost|p1a: 150 (But yellow)|spa|1
|-boost|p1a: 150 (But yellow)|spd|1
|-boost|p1a: 150 (But yellow)|spe|1
|move|p2a: Gripper|Flip Turn|p1a: 150 (But yellow)
|-damage|p1a: 150 (But yellow)|24/100
|
|t:|1760750747
|switch|p2a: Mattias Jackson|Aipom, F|100/100|[from] Flip Turn
|
|upkeep
|turn|7
|
|t:|1760750756
|move|p2a: Mattias Jackson|Fake Out|p1a: 150 (But yellow)
|-damage|p1a: 150 (But yellow)|0 fnt
|faint|p1a: 150 (But yellow)
|
|upkeep
|
|t:|1760750760
|switch|p1a: 50|Cyclizar, F|100/100
|-damage|p1a: 50|88/100|[from] Stealth Rock
|turn|8
|
|t:|1760750768
|move|p1a: 50|Rapid Spin|p2a: Mattias Jackson
|-damage|p2a: Mattias Jackson|77/100
|-boost|p1a: 50|spe|1
|-sideend|p1: Loser I will lose|Stealth Rock|[from] move: Rapid Spin|[of] p1a: 50
|move|p2a: Mattias Jackson|Low Kick|p1a: 50
|-supereffective|p1a: 50
|-damage|p1a: 50|43/100
|
|upkeep
|turn|9
|
|t:|1760750778
|move|p1a: 50|U-turn|p2a: Mattias Jackson
|-damage|p2a: Mattias Jackson|54/100
|
|t:|1760750784
|switch|p1a: 150 (But red)|Rotom-Heat|100/100|[from] U-turn
|move|p2a: Mattias Jackson|Low Kick|p1a: 150 (But red)
|-damage|p1a: 150 (But red)|95/100
|
|upkeep
|turn|10
|
|t:|1760750793
|move|p1a: 150 (But red)|Nasty Plot|p1a: 150 (But red)
|-boost|p1a: 150 (But red)|spa|2
|move|p2a: Mattias Jackson|U-turn|p1a: 150 (But red)
|-resisted|p1a: 150 (But red)
|-damage|p1a: 150 (But red)|85/100
|
|t:|1760750802
|switch|p2a: Mason Troy adams|Haxorus, F|100/100|[from] U-turn
|-ability|p2a: Mason Troy adams|Mold Breaker
|
|upkeep
|turn|11
|
|t:|1760750812
|switch|p1a: 150|Alomomola, F|100/100
|move|p2a: Mason Troy adams|Outrage|p1a: 150
|-damage|p1a: 150|65/100
|-damage|p2a: Mason Troy adams|84/100|[from] item: Rocky Helmet|[of] p1a: 150
|
|upkeep
|turn|12
|
|t:|1760750823
|move|p2a: Mason Troy adams|Outrage|p1a: 150|[from] lockedmove
|-damage|p1a: 150|30/100
|-damage|p2a: Mason Troy adams|68/100|[from] item: Rocky Helmet|[of] p1a: 150
|move|p1a: 150|Wish|p1a: 150
|
|upkeep
|turn|13
|
|t:|1760750834
|move|p1a: 150|Protect|p1a: 150
|-singleturn|p1a: 150|Protect
|move|p2a: Mason Troy adams|Outrage|p1a: 150|[from] lockedmove
|-activate|p1a: 150|move: Protect
|-start|p2a: Mason Troy adams|confusion|[fatigue]
|
|-heal|p1a: 150|80/100|[from] move: Wish|[wisher] 150
|upkeep
|turn|14
|
|t:|1760750850
|switch|p2a: Jessecore|Garganacl, M|100/100
|move|p1a: 150|Tickle|p2a: Jessecore
|-unboost|p2a: Jessecore|atk|1
|-unboost|p2a: Jessecore|def|1
|
|upkeep
|turn|15
|
|t:|1760750863
|-terastallize|p2a: Jessecore|Ghost
|move|p1a: 150|Flip Turn|p2a: Jessecore
|-damage|p2a: Jessecore|88/100
|
|t:|1760750869
|switch|p1a: 150 (But ugly)|Excadrill, F, tera:Dragon|100/100|[from] Flip Turn
|-ability|p1a: 150 (But ugly)|Mold Breaker
|move|p2a: Jessecore|Salt Cure|p1a: 150 (But ugly)
|-damage|p1a: 150 (But ugly)|86/100
|-start|p1a: 150 (But ugly)|Salt Cure
|
|-heal|p1a: 150 (But ugly)|92/100|[from] item: Leftovers
|-heal|p2a: Jessecore|95/100|[from] item: Leftovers
|-damage|p1a: 150 (But ugly)|79/100|[from] Salt Cure
|upkeep
|turn|16
|
|t:|1760750891
|move|p2a: Jessecore|Protect|p2a: Jessecore
|-singleturn|p2a: Jessecore|Protect
|move|p1a: 150 (But ugly)|Earthquake|p2a: Jessecore
|-activate|p2a: Jessecore|move: Protect
|
|-heal|p1a: 150 (But ugly)|85/100|[from] item: Leftovers
|-heal|p2a: Jessecore|100/100|[from] item: Leftovers
|-damage|p1a: 150 (But ugly)|73/100|[from] Salt Cure
|upkeep
|turn|17
|
|t:|1760750901
|move|p1a: 150 (But ugly)|Earthquake|p2a: Jessecore
|-damage|p2a: Jessecore|60/100
|move|p2a: Jessecore|Salt Cure|p1a: 150 (But ugly)
|-damage|p1a: 150 (But ugly)|59/100
|
|-heal|p1a: 150 (But ugly)|65/100|[from] item: Leftovers
|-heal|p2a: Jessecore|66/100|[from] item: Leftovers
|-damage|p1a: 150 (But ugly)|53/100|[from] Salt Cure
|upkeep
|turn|18
|
|t:|1760750915
|switch|p1a: 100|Glaceon, F|100/100
|move|p2a: Jessecore|Recover|p2a: Jessecore
|-heal|p2a: Jessecore|100/100
|
|upkeep
|turn|19
|
|t:|1760750933
|switch|p2a: Big Black Starly|Corviknight, M|100/100
|-ability|p2a: Big Black Starly|Pressure
|move|p1a: 100|Shadow Ball|p2a: Big Black Starly
|-damage|p2a: Big Black Starly|59/100
|
|-heal|p2a: Big Black Starly|65/100|[from] item: Leftovers
|upkeep
|turn|20
|
|t:|1760750952
|switch|p1a: 150|Alomomola, F|100/100
|move|p2a: Big Black Starly|U-turn|p1a: 150
|-damage|p1a: 150|93/100
|-damage|p2a: Big Black Starly|49/100|[from] item: Rocky Helmet|[of] p1a: 150
|
|t:|1760750957
|switch|p2a: Mattias Jackson|Aipom, F|54/100|[from] U-turn
|
|upkeep
|turn|21
|
|t:|1760750962
|move|p2a: Mattias Jackson|Fake Out|p1a: 150
|-crit|p1a: 150
|-damage|p1a: 150|82/100
|-damage|p2a: Mattias Jackson|38/100|[from] item: Rocky Helmet|[of] p1a: 150
|cant|p1a: 150|flinch
|
|upkeep
|turn|22
|
|t:|1760750969
|move|p2a: Mattias Jackson|Double Hit|p1a: 150
|-damage|p1a: 150|76/100
|-damage|p2a: Mattias Jackson|22/100|[from] item: Rocky Helmet|[of] p1a: 150
|-damage|p1a: 150|69/100
|-damage|p2a: Mattias Jackson|5/100|[from] item: Rocky Helmet|[of] p1a: 150
|-hitcount|p1a: 150|2
|move|p1a: 150|Wish|p1a: 150
|
|upkeep
|turn|23
|
|t:|1760750979
|move|p2a: Mattias Jackson|Low Kick|p1a: 150
|-damage|p1a: 150|62/100
|-damage|p2a: Mattias Jackson|0 fnt|[from] item: Rocky Helmet|[of] p1a: 150
|faint|p2a: Mattias Jackson
|move|p1a: 150|Flip Turn|p2: Mattias Jackson|[notarget]
|-fail|p1a: 150
|
|-heal|p1a: 150|100/100|[from] move: Wish|[wisher] 150
|upkeep
|
|t:|1760750994
|switch|p2a: Gripper|Swampert, M|42/100
|turn|24
|
|t:|1760751007
|move|p1a: 150|Wish|p1a: 150
|move|p2a: Gripper|Earthquake|p1a: 150
|-damage|p1a: 150|72/100
|
|upkeep
|turn|25
|
|t:|1760751014
|move|p1a: 150|Flip Turn|p2a: Gripper
|-damage|p2a: Gripper|28/100
|-damage|p1a: 150|56/100|[from] item: Rocky Helmet|[of] p2a: Gripper
|
|t:|1760751022
|switch|p1a: 150 (But red)|Rotom-Heat|85/100|[from] Flip Turn
|move|p2a: Gripper|Stealth Rock|p1a: 150 (But red)
|-sidestart|p1: Loser I will lose|move: Stealth Rock
|
|-heal|p1a: 150 (But red)|100/100|[from] move: Wish|[wisher] 150
|upkeep
|turn|26
|
|t:|1760751045
|move|p1a: 150 (But red)|Overheat|p2a: Gripper
|-resisted|p2a: Gripper
|-damage|p2a: Gripper|6/100
|-unboost|p1a: 150 (But red)|spa|2
|move|p2a: Gripper|Earthquake|p1a: 150 (But red)
|-immune|p1a: 150 (But red)|[from] ability: Levitate
|
|upkeep
|turn|27
|
|t:|1760751068
|move|p1a: 150 (But red)|Overheat|p2a: Gripper
|-resisted|p2a: Gripper
|-damage|p2a: Gripper|0 fnt
|-unboost|p1a: 150 (But red)|spa|2
|faint|p2a: Gripper
|
|upkeep
|
|t:|1760751080
|switch|p2a: Mason Troy adams|Haxorus, F|68/100
|-ability|p2a: Mason Troy adams|Mold Breaker
|turn|28
|
|t:|1760751092
|move|p2a: Mason Troy adams|Outrage|p1a: 150 (But red)
|-damage|p1a: 150 (But red)|25/100
|move|p1a: 150 (But red)|Volt Switch|p2a: Mason Troy adams
|-resisted|p2a: Mason Troy adams
|-damage|p2a: Mason Troy adams|61/100
|
|t:|1760751104
|switch|p1a: 150|Alomomola, F|89/100|[from] Volt Switch
|-damage|p1a: 150|77/100|[from] Stealth Rock
|
|upkeep
|turn|29
|
|t:|1760751108
|move|p2a: Mason Troy adams|Outrage|p1a: 150|[from] lockedmove
|-damage|p1a: 150|41/100
|-damage|p2a: Mason Troy adams|44/100|[from] item: Rocky Helmet|[of] p1a: 150
|-start|p2a: Mason Troy adams|confusion|[fatigue]
|move|p1a: 150|Wish|p1a: 150
|
|upkeep
|turn|30
|
|t:|1760751119
|switch|p1a: 150 (But ugly)|Excadrill, F, tera:Dragon|53/100
|-damage|p1a: 150 (But ugly)|41/100|[from] Stealth Rock
|-ability|p1a: 150 (But ugly)|Mold Breaker
|-activate|p2a: Mason Troy adams|confusion
|move|p2a: Mason Troy adams|Outrage|p1a: 150 (But ugly)
|-supereffective|p1a: 150 (But ugly)
|-damage|p1a: 150 (But ugly)|0 fnt
|faint|p1a: 150 (But ugly)
|
|upkeep
|
|t:|1760751133
|switch|p1a: 150|Alomomola, F|74/100
|-damage|p1a: 150|62/100|[from] Stealth Rock
|turn|31
|
|t:|1760751139
|-activate|p2a: Mason Troy adams|confusion
|-damage|p2a: Mason Troy adams|26/100|[from] confusion
|move|p1a: 150|Wish|p1a: 150
|
|upkeep
|turn|32
|
|t:|1760751148
|switch|p2a: Jessecore|Garganacl, M, tera:Ghost|100/100
|move|p1a: 150|Tickle|p2a: Jessecore
|-unboost|p2a: Jessecore|atk|1
|-unboost|p2a: Jessecore|def|1
|
|-heal|p1a: 150|100/100|[from] move: Wish|[wisher] 150
|upkeep
|turn|33
|
|t:|1760751157
|move|p1a: 150|Tickle|p2a: Jessecore
|-unboost|p2a: Jessecore|atk|1
|-unboost|p2a: Jessecore|def|1
|move|p2a: Jessecore|Salt Cure|p1a: 150
|-damage|p1a: 150|97/100
|-start|p1a: 150|Salt Cure
|
|-damage|p1a: 150|72/100|[from] Salt Cure
|upkeep
|turn|34
|
|t:|1760751168
|switch|p1a: 50|Cyclizar, F|76/100
|-damage|p1a: 50|64/100|[from] Stealth Rock
|move|p2a: Jessecore|Salt Cure|p1a: 50
|-damage|p1a: 50|54/100
|-start|p1a: 50|Salt Cure
|
|-damage|p1a: 50|42/100|[from] Salt Cure
|upkeep
|turn|35
|
|t:|1760751178
|move|p2a: Jessecore|Protect|p2a: Jessecore
|-singleturn|p2a: Jessecore|Protect
|move|p1a: 50|Knock Off|p2a: Jessecore
|-activate|p2a: Jessecore|move: Protect
|
|-damage|p1a: 50|29/100|[from] Salt Cure
|upkeep
|turn|36
|
|t:|1760751187
|switch|p2a: Big Black Starly|Corviknight, M|49/100
|-ability|p2a: Big Black Starly|Pressure
|move|p1a: 50|Knock Off|p2a: Big Black Starly
|-damage|p2a: Big Black Starly|35/100
|-enditem|p2a: Big Black Starly|Leftovers|[from] move: Knock Off|[of] p1a: 50
|
|-damage|p1a: 50|17/100|[from] Salt Cure
|upkeep
|turn|37
|
|t:|1760751197
|switch|p1a: 150|Alomomola, F|100/100
|-damage|p1a: 150|88/100|[from] Stealth Rock
|move|p2a: Big Black Starly|Brave Bird|p1a: 150
|-damage|p1a: 150|69/100
|-damage|p2a: Big Black Starly|19/100|[from] item: Rocky Helmet|[of] p1a: 150
|-damage|p2a: Big Black Starly|10/100|[from] Recoil
|
|upkeep
|turn|38
|
|t:|1760751207
|move|p2a: Big Black Starly|Roost|p2a: Big Black Starly
|-heal|p2a: Big Black Starly|60/100
|-singleturn|p2a: Big Black Starly|move: Roost
|move|p1a: 150|Wish|p1a: 150
|
|upkeep
|turn|39
|
|t:|1760751212
|move|p2a: Big Black Starly|Roost|p2a: Big Black Starly
|-heal|p2a: Big Black Starly|100/100
|-singleturn|p2a: Big Black Starly|move: Roost
|move|p1a: 150|Flip Turn|p2a: Big Black Starly
|-damage|p2a: Big Black Starly|91/100
|
|t:|1760751219
|switch|p1a: 150 (But red)|Rotom-Heat|25/100|[from] Flip Turn
|
|-heal|p1a: 150 (But red)|100/100|[from] move: Wish|[wisher] 150
|upkeep
|turn|40
|
|t:|1760751231
|move|p1a: 150 (But red)|Overheat|p2a: Big Black Starly|[miss]
|-miss|p1a: 150 (But red)|p2a: Big Black Starly
|move|p2a: Big Black Starly|Brave Bird|p1a: 150 (But red)
|-resisted|p1a: 150 (But red)
|-damage|p1a: 150 (But red)|80/100
|-damage|p2a: Big Black Starly|86/100|[from] Recoil
|
|upkeep
|turn|41
|
|t:|1760751248
|move|p1a: 150 (But red)|Overheat|p2a: Big Black Starly
|-supereffective|p2a: Big Black Starly
|-damage|p2a: Big Black Starly|0 fnt
|-unboost|p1a: 150 (But red)|spa|2
|faint|p2a: Big Black Starly
|
|upkeep
|
|t:|1760751251
|switch|p2a: Mason Troy adams|Haxorus, F|26/100
|-ability|p2a: Mason Troy adams|Mold Breaker
|turn|42
|
|t:|1760751261
|switch|p1a: 150|Alomomola, F|100/100
|-damage|p1a: 150|88/100|[from] Stealth Rock
|move|p2a: Mason Troy adams|Outrage|p1a: 150
|-damage|p1a: 150|50/100
|-damage|p2a: Mason Troy adams|9/100|[from] item: Rocky Helmet|[of] p1a: 150
|
|upkeep
|turn|43
|
|t:|1760751271
|move|p2a: Mason Troy adams|Outrage|p1a: 150|[from] lockedmove
|-damage|p1a: 150|10/100
|-damage|p2a: Mason Troy adams|0 fnt|[from] item: Rocky Helmet|[of] p1a: 150
|faint|p2a: Mason Troy adams
|move|p1a: 150|Wish|p1a: 150
|
|upkeep
|
|t:|1760751277
|switch|p2a: Jessecore|Garganacl, M, tera:Ghost|100/100
|turn|44
|
|t:|1760751284
|switch|p1a: 50|Cyclizar, F|50/100
|-damage|p1a: 50|38/100|[from] Stealth Rock
|move|p2a: Jessecore|Salt Cure|p1a: 50
|-damage|p1a: 50|22/100
|-start|p1a: 50|Salt Cure
|
|-heal|p1a: 50|100/100|[from] move: Wish|[wisher] 150
|-damage|p1a: 50|88/100|[from] Salt Cure
|upkeep
|turn|45
|
|t:|1760751295
|move|p1a: 50|Knock Off|p2a: Jessecore
|-supereffective|p2a: Jessecore
|-damage|p2a: Jessecore|78/100
|-enditem|p2a: Jessecore|Leftovers|[from] move: Knock Off|[of] p1a: 50
|move|p2a: Jessecore|Body Press|p1a: 50
|-supereffective|p1a: 50
|-damage|p1a: 50|15/100
|
|-damage|p1a: 50|3/100|[from] Salt Cure
|upkeep
|turn|46
|
|t:|1760751310
|switch|p1a: 150|Alomomola, F|44/100
|-damage|p1a: 150|31/100|[from] Stealth Rock
|move|p2a: Jessecore|Salt Cure|p1a: 150
|-damage|p1a: 150|24/100
|-start|p1a: 150|Salt Cure
|
|-damage|p1a: 150|0 fnt|[from] Salt Cure
|faint|p1a: 150
|upkeep
|
|t:|1760751327
|switch|p1a: 100|Glaceon, F|100/100
|-damage|p1a: 100|76/100|[from] Stealth Rock
|turn|47
|
|t:|1760751339
|move|p2a: Jessecore|Protect|p2a: Jessecore
|-singleturn|p2a: Jessecore|Protect
|move|p1a: 100|Shadow Ball|p2a: Jessecore
|-activate|p2a: Jessecore|move: Protect
|
|upkeep
|turn|48
|
|t:|1760751345
|move|p1a: 100|Shadow Ball|p2a: Jessecore
|-supereffective|p2a: Jessecore
|-damage|p2a: Jessecore|37/100
|move|p2a: Jessecore|Body Press|p1a: 100
|-supereffective|p1a: 100
|-damage|p1a: 100|1/100
|
|upkeep
|turn|49
|
|t:|1760751356
|move|p1a: 100|Shadow Ball|p2a: Jessecore
|-supereffective|p2a: Jessecore
|-damage|p2a: Jessecore|0 fnt
|faint|p2a: Jessecore
|
|win|Loser I will lose
|l|☆kayoepic
|player|p2|
