|j|☆Mouu'd
|j|☆Mega HowLucha ^_^
|t:|1760722683
|gametype|singles
|player|p1|Mouu'd|1|1300
|player|p2|Mega HowLucha ^_^|iris-gen5bw2|1344
|gen|9
|tier|[Gen 9] OU
|rated|
|rule|HP Percentage Mod: HP is shown in percentages
|rule|Endless Battle Clause: Forcing endless battles is banned
|rule|Species Clause: Limit one of each Pokémon
|rule|OHKO Clause: OHKO moves are banned
|rule|Evasion Items Clause: Evasion items are banned
|rule|Evasion Moves Clause: Evasion moves are banned
|rule|Evasion Abilities Clause: Evasion abilities are banned
|rule|Sleep Moves Clause: Sleep-inducing moves are banned
|clearpoke
|poke|p1|Slowbro, F|
|poke|p1|Diancie|
|poke|p1|Glastrier|
|poke|p1|Ursaluna, F|
|poke|p1|Exeggutor-Alola, F|
|poke|p1|Conkeldurr, M|
|poke|p2|Samurott-Hisui, F|
|poke|p2|Landorus-Therian, M|
|poke|p2|Dragapult, M|
|poke|p2|Zapdos|
|poke|p2|Iron Valiant|
|poke|p2|Gholdengo|
|teampreview
|inactive|Battle timer is ON: inactive players will automatically lose when time's up. (requested by Mouu'd)
|
|t:|1760722698
|teamsize|p1|6
|teamsize|p2|6
|start
|switch|p1a: Sodom|Exeggutor-Alola, F, shiny|100/100
|switch|p2a: Landorus|Landorus-Therian, M|100/100
|-ability|p2a: Landorus|Intimidate|boost
|-unboost|p1a: Sodom|atk|1
|turn|1
|
|t:|1760722712
|move|p2a: Landorus|U-turn|p1a: Sodom
|-supereffective|p1a: Sodom
|-damage|p1a: Sodom|59/100
|
|t:|1760722717
|switch|p2a: Gholdengo|Gholdengo|100/100|[from] U-turn
|move|p1a: Sodom|Trick Room|p1a: Sodom
|-fieldstart|move: Trick Room|[of] p1a: Sodom
|
|upkeep
|turn|2
|
|t:|1760722735
|switch|p2a: Zapdos|Zapdos|100/100
|move|p1a: Sodom|Flamethrower|p2a: Zapdos
|-damage|p2a: Zapdos|70/100
|
|upkeep
|turn|3
|
|t:|1760722748
|switch|p1a: Chopper|Ursaluna, F|100/100
|move|p2a: Zapdos|Hurricane|p1a: Chopper
|-damage|p1a: Chopper|58/100
|
|-status|p1a: Chopper|brn|[from] item: Flame Orb
|upkeep
|turn|4
|
|t:|1760722758
|switch|p2a: Landorus|Landorus-Therian, M|100/100
|-ability|p2a: Landorus|Intimidate|boost
|-unboost|p1a: Chopper|atk|1
|move|p1a: Chopper|Facade|p2a: Landorus
|-damage|p2a: Landorus|15/100
|-damage|p1a: Chopper|42/100 brn|[from] item: Rocky Helmet|[of] p2a: Landorus
|
|-damage|p1a: Chopper|36/100 brn|[from] brn
|upkeep
|turn|5
|
|t:|1760722775
|switch|p2a: Gholdengo|Gholdengo|100/100
|move|p1a: Chopper|Facade|p2a: Gholdengo
|-immune|p2a: Gholdengo
|
|-damage|p1a: Chopper|29/100 brn|[from] brn
|-fieldend|move: Trick Room
|upkeep
|turn|6
|
|t:|1760722790
|move|p2a: Gholdengo|Make It Rain|p1a: Chopper
|-damage|p1a: Chopper|0 fnt
|-unboost|p2a: Gholdengo|spa|1
|faint|p1a: Chopper
|
|upkeep
|inactive|Mouu'd has 120 seconds left.
|
|t:|1760722801
|switch|p1a: Jinbei|Slowbro, F, shiny|100/100
|turn|7
|
|t:|1760722828
|switch|p2a: Samurott|Samurott-Hisui, F|100/100
|move|p1a: Jinbei|Trick Room|p1a: Jinbei
|-fieldstart|move: Trick Room|[of] p1a: Jinbei
|
|upkeep
|turn|8
|inactive|Mouu'd has 120 seconds left.
|
|t:|1760722846
|switch|p1a: Luffy gear 4th|Conkeldurr, M|100/100
|move|p2a: Samurott|Ceaseless Edge|p1a: Luffy gear 4th|[miss]
|-miss|p2a: Samurott|p1a: Luffy gear 4th
|
|-status|p1a: Luffy gear 4th|brn|[from] item: Flame Orb
|upkeep
|turn|9
|inactive|Mouu'd has 120 seconds left.
|
|t:|1760722868
|switch|p2a: Zapdos|Zapdos|70/100
|move|p1a: Luffy gear 4th|Knock Off|p2a: Zapdos
|-damage|p2a: Zapdos|32/100
|-enditem|p2a: Zapdos|Heavy-Duty Boots|[from] move: Knock Off|[of] p1a: Luffy gear 4th
|
|-damage|p1a: Luffy gear 4th|94/100 brn|[from] brn
|upkeep
|turn|10
|
|t:|1760722880
|switch|p2a: Gholdengo|Gholdengo|100/100
|move|p1a: Luffy gear 4th|Ice Punch|p2a: Gholdengo
|-resisted|p2a: Gholdengo
|-damage|p2a: Gholdengo|75/100
|
|-damage|p1a: Luffy gear 4th|88/100 brn|[from] brn
|upkeep
|turn|11
|
|t:|1760722894
|switch|p2a: Zapdos|Zapdos|32/100
|move|p1a: Luffy gear 4th|Knock Off|p2a: Zapdos
|-damage|p2a: Zapdos|5/100
|
|-damage|p1a: Luffy gear 4th|82/100 brn|[from] brn
|-fieldend|move: Trick Room
|upkeep
|turn|12
|inactive|Mouu'd has 120 seconds left.
|
|t:|1760722907
|switch|p1a: Robin|Diancie|100/100
|move|p2a: Zapdos|Hurricane|p1a: Robin
|-resisted|p1a: Robin
|-damage|p1a: Robin|84/100
|-start|p1a: Robin|confusion
|
|upkeep
|turn|13
|inactive|Mouu'd has 120 seconds left.
|
|t:|1760722913
|move|p2a: Zapdos|Roost|p2a: Zapdos
|-heal|p2a: Zapdos|55/100
|-singleturn|p2a: Zapdos|move: Roost
|-activate|p1a: Robin|confusion
|-damage|p1a: Robin|77/100|[from] confusion
|
|upkeep
|turn|14
|inactive|Mouu'd has 120 seconds left.
|
|t:|1760722924
|switch|p2a: Landorus|Landorus-Therian, M|15/100
|-ability|p2a: Landorus|Intimidate|boost
|-fail|p1a: Robin|unboost|[from] ability: Clear Body|[of] p1a: Robin
|-activate|p1a: Robin|confusion
|-damage|p1a: Robin|71/100|[from] confusion
|
|upkeep
|turn|15
|
|t:|1760722933
|-terastallize|p1a: Robin|Fairy
|move|p2a: Landorus|Stealth Rock|p1a: Robin
|-sidestart|p1: Mouu'd|move: Stealth Rock
|-end|p1a: Robin|confusion
|move|p1a: Robin|Trick Room|p1a: Robin
|-fieldstart|move: Trick Room|[of] p1a: Robin
|
|upkeep
|turn|16
|
|t:|1760722944
|move|p1a: Robin|Moonblast|p2a: Landorus
|-damage|p2a: Landorus|0 fnt
|faint|p2a: Landorus
|
|upkeep
|inactive|Mega HowLucha ^_^ has 120 seconds left.
|l|☆Mega HowLucha ^_^
|inactive|Mega HowLucha ^_^ disconnected and has a minute to reconnect!
|player|p2|
|inactive|Mega HowLucha ^_^ has 30 seconds to reconnect!
|inactive|Mega HowLucha ^_^ has 20 seconds to reconnect!
|inactive|Mega HowLucha ^_^ has 15 seconds to reconnect!
|inactive|Mega HowLucha ^_^ has 10 seconds to reconnect!
|inactive|Mega HowLucha ^_^ has 5 seconds to reconnect!
|-message|Mega HowLucha ^_^ lost due to inactivity.
|
|win|Mouu'd
|raw|Mouu&apos;d's rating: 1300 &rarr; <strong>1328</strong><br />(+28 for winning)
|raw|Mega HowLucha ^_^'s rating: 1344 &rarr; <strong>1321</strong><br />(-23 for losing)
|j|☆Mega HowLucha ^_^
|player|p2|Mega HowLucha ^_^|iris-gen5bw2|
|l|☆Mouu'd
|player|p1|
|l|☆Mega HowLucha ^_^
|player|p2|
