|j|☆how play pkm
|j|☆Obito 2001
|t:|1760769583
|gametype|singles
|player|p1|how play pkm|#bltxiipangoros|1720
|player|p2|Obito 2001|blue-gen3two|1760
|gen|9
|tier|[Gen 9] OU
|rated|
|rule|HP Percentage Mod: HP is shown in percentages
|rule|Endless Battle Clause: Forcing endless battles is banned
|rule|Species Clause: Limit one of each Pokémon
|rule|OHKO Clause: OHKO moves are banned
|rule|Evasion Items Clause: Evasion items are banned
|rule|Evasion Moves Clause: Evasion moves are banned
|rule|Evasion Abilities Clause: Evasion abilities are banned
|rule|Sleep Moves Clause: Sleep-inducing moves are banned
|clearpoke
|poke|p1|Azumarill, F|
|poke|p1|Kingambit, M|
|poke|p1|Weezing-Galar, M|
|poke|p1|Ting-Lu|
|poke|p1|Garganacl, M|
|poke|p1|Ogerpon-Wellspring, F|
|poke|p2|Maushold-Four|
|poke|p2|Comfey, F|
|poke|p2|Grimmsnarl, M|
|poke|p2|Iron Crown|
|poke|p2|Ogerpon-Wellspring, F|
|poke|p2|Great Tusk|
|teampreview
|inactive|Battle timer is ON: inactive players will automatically lose when time's up. (requested by Obito 2001)
|inactive|how play pkm also wants the timer to be on.
|
|t:|1760769602
|teamsize|p1|6
|teamsize|p2|6
|start
|switch|p1a: Azumarill|Azumarill, F|100/100
|switch|p2a: Zanpakuto🗡️|Iron Crown|100/100
|turn|1
|
|t:|1760769609
|move|p2a: Zanpakuto🗡️|Volt Switch|p1a: Azumarill
|-supereffective|p1a: Azumarill
|-crit|p1a: Azumarill
|-damage|p1a: Azumarill|27/100
|
|t:|1760769616
|-end|p2a: Zanpakuto🗡️|Quark Drive|[silent]
|switch|p2a: 🎭|Ogerpon-Wellspring, F|100/100|[from] Volt Switch
|move|p1a: Azumarill|Knock Off|p2a: 🎭
|-damage|p2a: 🎭|61/100
|
|upkeep
|turn|2
|
|t:|1760769635
|switch|p1a: Weezing|Weezing-Galar, M|100/100
|move|p2a: 🎭|Trailblaze|p1a: Weezing
|-resisted|p1a: Weezing
|-damage|p1a: Weezing|90/100
|-boost|p2a: 🎭|spe|1
|-damage|p2a: 🎭|45/100|[from] item: Rocky Helmet|[of] p1a: Weezing
|
|upkeep
|turn|3
|
|t:|1760769641
|switch|p2a: Zanpakuto🗡️|Iron Crown|100/100
|move|p1a: Weezing|Will-O-Wisp|p2a: Zanpakuto🗡️|[miss]
|-miss|p1a: Weezing|p2a: Zanpakuto🗡️
|
|upkeep
|turn|4
|
|t:|1760769649
|switch|p1a: Azumarill|Azumarill, F|27/100
|move|p2a: Zanpakuto🗡️|Tachyon Cutter|p1a: Azumarill
|-damage|p1a: Azumarill|3/100
|-damage|p1a: Azumarill|0 fnt
|faint|p1a: Azumarill
|-hitcount|p1: Azumarill|2
|
|upkeep
|
|t:|1760769659
|switch|p1a: Ogerpon|Ogerpon-Wellspring, F|100/100
|turn|5
|
|t:|1760769662
|-end|p2a: Zanpakuto🗡️|Quark Drive|[silent]
|switch|p2a: 🎭|Ogerpon-Wellspring, F|45/100
|move|p1a: Ogerpon|Swords Dance|p1a: Ogerpon
|-boost|p1a: Ogerpon|atk|2
|
|upkeep
|turn|6
|
|t:|1760769667
|move|p1a: Ogerpon|Horn Leech|p2a: 🎭
|-damage|p2a: 🎭|0 fnt
|faint|p2a: 🎭
|
|upkeep
|
|t:|1760769671
|switch|p2a: Gang bang|Maushold-Four|100/100
|turn|7
|
|t:|1760769673
|switch|p1a: Weezing|Weezing-Galar, M|90/100
|move|p2a: Gang bang|Population Bomb|p1a: Weezing
|-damage|p1a: Weezing|82/100
|-damage|p2a: Gang bang|84/100|[from] item: Rocky Helmet|[of] p1a: Weezing
|-damage|p1a: Weezing|75/100
|-damage|p2a: Gang bang|67/100|[from] item: Rocky Helmet|[of] p1a: Weezing
|-damage|p1a: Weezing|67/100
|-damage|p2a: Gang bang|51/100|[from] item: Rocky Helmet|[of] p1a: Weezing
|-damage|p1a: Weezing|60/100
|-damage|p2a: Gang bang|34/100|[from] item: Rocky Helmet|[of] p1a: Weezing
|-damage|p1a: Weezing|53/100
|-damage|p2a: Gang bang|17/100|[from] item: Rocky Helmet|[of] p1a: Weezing
|-damage|p1a: Weezing|47/100
|-damage|p2a: Gang bang|1/100|[from] item: Rocky Helmet|[of] p1a: Weezing
|-damage|p1a: Weezing|40/100
|-damage|p2a: Gang bang|0 fnt|[from] item: Rocky Helmet|[of] p1a: Weezing
|faint|p2a: Gang bang
|-hitcount|p1a: Weezing|7
|
|upkeep
|
|t:|1760769678
|switch|p2a: Zanpakuto🗡️|Iron Crown|100/100
|turn|8
|
|t:|1760769686
|switch|p1a: Ting-Lu|Ting-Lu|100/100
|-ability|p1a: Ting-Lu|Vessel of Ruin
|move|p2a: Zanpakuto🗡️|Tachyon Cutter|p1a: Ting-Lu
|-damage|p1a: Ting-Lu|86/100
|-damage|p1a: Ting-Lu|70/100
|-hitcount|p1a: Ting-Lu|2
|
|-heal|p1a: Ting-Lu|76/100|[from] item: Leftovers
|upkeep
|turn|9
|
|t:|1760769690
|-end|p2a: Zanpakuto🗡️|Quark Drive|[silent]
|switch|p2a: Mega Donphan|Great Tusk|100/100
|move|p1a: Ting-Lu|Ruination|p2a: Mega Donphan|[miss]
|-miss|p1a: Ting-Lu|p2a: Mega Donphan
|
|-heal|p1a: Ting-Lu|82/100|[from] item: Leftovers
|upkeep
|turn|10
|
|t:|1760769694
|move|p2a: Mega Donphan|Stealth Rock|p1a: Ting-Lu
|-sidestart|p1: how play pkm|move: Stealth Rock
|move|p1a: Ting-Lu|Ruination|p2a: Mega Donphan
|-damage|p2a: Mega Donphan|51/100
|
|-heal|p1a: Ting-Lu|88/100|[from] item: Leftovers
|upkeep
|turn|11
|
|t:|1760769699
|move|p2a: Mega Donphan|Ice Spinner|p1a: Ting-Lu
|-supereffective|p1a: Ting-Lu
|-damage|p1a: Ting-Lu|58/100
|move|p1a: Ting-Lu|Ruination|p2a: Mega Donphan
|-damage|p2a: Mega Donphan|26/100
|
|-heal|p1a: Ting-Lu|65/100|[from] item: Leftovers
|upkeep
|turn|12
|
|t:|1760769702
|move|p2a: Mega Donphan|Ice Spinner|p1a: Ting-Lu
|-supereffective|p1a: Ting-Lu
|-damage|p1a: Ting-Lu|34/100
|move|p1a: Ting-Lu|Earthquake|p2a: Mega Donphan
|-damage|p2a: Mega Donphan|0 fnt
|faint|p2a: Mega Donphan
|-end|p2a: Mega Donphan|Protosynthesis|[silent]
|
|-heal|p1a: Ting-Lu|40/100|[from] item: Leftovers
|upkeep
|
|t:|1760769707
|switch|p2a: Screen Goblin|Grimmsnarl, M|100/100
|turn|13
|
|t:|1760769709
|move|p2a: Screen Goblin|Spirit Break|p1a: Ting-Lu
|-supereffective|p1a: Ting-Lu
|-damage|p1a: Ting-Lu|7/100
|-unboost|p1a: Ting-Lu|spa|1
|move|p1a: Ting-Lu|Ruination|p2a: Screen Goblin
|-damage|p2a: Screen Goblin|50/100
|
|-heal|p1a: Ting-Lu|14/100|[from] item: Leftovers
|upkeep
|turn|14
|
|t:|1760769714
|move|p2a: Screen Goblin|Spirit Break|p1a: Ting-Lu
|-supereffective|p1a: Ting-Lu
|-damage|p1a: Ting-Lu|0 fnt
|faint|p1a: Ting-Lu
|
|upkeep
|
|t:|1760769718
|switch|p1a: Weezing|Weezing-Galar, M|40/100
|-damage|p1a: Weezing|27/100|[from] Stealth Rock
|turn|15
|
|t:|1760769720
|switch|p2a: Zanpakuto🗡️|Iron Crown|100/100
|move|p1a: Weezing|Will-O-Wisp|p2a: Zanpakuto🗡️|[miss]
|-miss|p1a: Weezing|p2a: Zanpakuto🗡️
|
|upkeep
|turn|16
|
|t:|1760769728
|move|p2a: Zanpakuto🗡️|Volt Switch|p1a: Weezing
|-damage|p1a: Weezing|0 fnt
|faint|p1a: Weezing
|
|t:|1760769732
|-end|p2a: Zanpakuto🗡️|Quark Drive|[silent]
|switch|p2a: Screen Goblin|Grimmsnarl, M|50/100|[from] Volt Switch
|
|upkeep
|
|t:|1760769736
|switch|p1a: Garganacl|Garganacl, M|100/100
|-damage|p1a: Garganacl|88/100|[from] Stealth Rock
|turn|17
|
|t:|1760769739
|move|p2a: Screen Goblin|Reflect|p2a: Screen Goblin
|-sidestart|p2: Obito 2001|Reflect
|move|p1a: Garganacl|Salt Cure|p2a: Screen Goblin
|-damage|p2a: Screen Goblin|45/100
|-start|p2a: Screen Goblin|Salt Cure
|
|-heal|p1a: Garganacl|94/100|[from] item: Leftovers
|-damage|p2a: Screen Goblin|32/100|[from] Salt Cure
|upkeep
|turn|18
|
|t:|1760769742
|move|p2a: Screen Goblin|Parting Shot|p1a: Garganacl
|-unboost|p1a: Garganacl|atk|1
|-unboost|p1a: Garganacl|spa|1
|
|t:|1760769743
|switch|p2a: Huh-Yunjin💋|Comfey, F|100/100|[from] Parting Shot
|move|p1a: Garganacl|Iron Defense|p1a: Garganacl
|-boost|p1a: Garganacl|def|2
|
|-heal|p1a: Garganacl|100/100|[from] item: Leftovers
|upkeep
|turn|19
|
|t:|1760769749
|move|p2a: Huh-Yunjin💋|Calm Mind|p2a: Huh-Yunjin💋
|-boost|p2a: Huh-Yunjin💋|spa|1
|-boost|p2a: Huh-Yunjin💋|spd|1
|move|p1a: Garganacl|Salt Cure|p2a: Huh-Yunjin💋
|-damage|p2a: Huh-Yunjin💋|95/100
|
|upkeep
|turn|20
|
|t:|1760769753
|switch|p1a: Kingambit|Kingambit, M|100/100
|-damage|p1a: Kingambit|94/100|[from] Stealth Rock
|-activate|p1a: Kingambit|ability: Supreme Overlord
|-start|p1a: Kingambit|fallen3|[silent]
|move|p2a: Huh-Yunjin💋|Calm Mind|p2a: Huh-Yunjin💋
|-boost|p2a: Huh-Yunjin💋|spa|1
|-boost|p2a: Huh-Yunjin💋|spd|1
|
|-heal|p1a: Kingambit|100/100|[from] item: Leftovers
|upkeep
|turn|21
|
|t:|1760769757
|-terastallize|p2a: Huh-Yunjin💋|Steel
|move|p2a: Huh-Yunjin💋|Calm Mind|p2a: Huh-Yunjin💋
|-boost|p2a: Huh-Yunjin💋|spa|1
|-boost|p2a: Huh-Yunjin💋|spd|1
|move|p1a: Kingambit|Iron Head|p2a: Huh-Yunjin💋
|-resisted|p2a: Huh-Yunjin💋
|-damage|p2a: Huh-Yunjin💋|78/100
|
|upkeep
|turn|22
|
|t:|1760769763
|move|p2a: Huh-Yunjin💋|Calm Mind|p2a: Huh-Yunjin💋
|-boost|p2a: Huh-Yunjin💋|spa|1
|-boost|p2a: Huh-Yunjin💋|spd|1
|move|p1a: Kingambit|Kowtow Cleave|p2a: Huh-Yunjin💋
|-damage|p2a: Huh-Yunjin💋|34/100
|
|upkeep
|turn|23
|
|t:|1760769766
|move|p2a: Huh-Yunjin💋|Draining Kiss|p1a: Kingambit
|-damage|p1a: Kingambit|41/100
|-heal|p2a: Huh-Yunjin💋|94/100|[from] drain|[of] p1a: Kingambit
|move|p1a: Kingambit|Swords Dance|p1a: Kingambit
|-boost|p1a: Kingambit|atk|2
|
|-heal|p1a: Kingambit|47/100|[from] item: Leftovers
|upkeep
|turn|24
|
|t:|1760769771
|move|p2a: Huh-Yunjin💋|Draining Kiss|p1a: Kingambit
|-damage|p1a: Kingambit|0 fnt
|-heal|p2a: Huh-Yunjin💋|100/100|[from] drain|[of] p1a: Kingambit
|faint|p1a: Kingambit
|-end|p1a: Kingambit|fallen3|[silent]
|
|-sideend|p2: Obito 2001|Reflect
|upkeep
|
|t:|1760769772
|switch|p1a: Ogerpon|Ogerpon-Wellspring, F|100/100
|-damage|p1a: Ogerpon|88/100|[from] Stealth Rock
|turn|25
|
|t:|1760769778
|-terastallize|p1a: Ogerpon|Water
|detailschange|p1a: Ogerpon|Ogerpon-Wellspring-Tera, F, tera:Water
|-ability|p1a: Ogerpon|Embody Aspect (Wellspring)|boost
|-boost|p1a: Ogerpon|spd|1
|move|p2a: Huh-Yunjin💋|Giga Drain|p1a: Ogerpon
|-supereffective|p1a: Ogerpon
|-damage|p1a: Ogerpon|0 fnt
|faint|p1a: Ogerpon
|detailschange|p1: Ogerpon|Ogerpon-Wellspring, F|[silent]
|
|upkeep
|-message|how play pkm forfeited.
|
|win|Obito 2001
|raw|how play pkm's rating: 1720 &rarr; <strong>1702</strong><br />(-18 for losing)
|raw|Obito 2001's rating: 1760 &rarr; <strong>1778</strong><br />(+18 for winning)
|l|☆how play pkm
|player|p1|
|l|☆Obito 2001
|player|p2|
