|j|☆ripcold
|j|☆brinde mande
|t:|1760849540
|gametype|singles
|player|p1|ripcold|101|1064
|player|p2|brinde mande|102|1127
|gen|9
|tier|[Gen 9] OU
|rated|
|rule|HP Percentage Mod: HP is shown in percentages
|rule|Endless Battle Clause: Forcing endless battles is banned
|rule|Species Clause: Limit one of each Pokémon
|rule|OHKO Clause: OHKO moves are banned
|rule|Evasion Items Clause: Evasion items are banned
|rule|Evasion Moves Clause: Evasion moves are banned
|rule|Evasion Abilities Clause: Evasion abilities are banned
|rule|Sleep Moves Clause: Sleep-inducing moves are banned
|clearpoke
|poke|p1|Kingdra, M|
|poke|p1|Primarina, F|
|poke|p1|Iron Treads|
|poke|p1|Toxicroak, F|
|poke|p1|Lokix, F|
|poke|p1|Pelipper, F|
|poke|p2|Hoopa-Unbound|
|poke|p2|Moltres|
|poke|p2|Slowking-Galar, F|
|poke|p2|Zapdos|
|poke|p2|Scizor, F|
|poke|p2|Great Tusk|
|teampreview
|
|t:|1760849550
|teamsize|p1|6
|teamsize|p2|6
|start
|switch|p1a: I Murdered Nemo|Pelipper, F|100/100
|switch|p2a: Zapdos|Zapdos|100/100
|-weather|RainDance|[from] ability: Drizzle|[of] p1a: I Murdered Nemo
|turn|1
|inactive|Battle timer is ON: inactive players will automatically lose when time's up. (requested by brinde mande)
|
|t:|1760849568
|switch|p1a: Humu ki mummy|Iron Treads|100/100
|move|p2a: Zapdos|Volt Switch|p1a: Humu ki mummy
|-immune|p1a: Humu ki mummy
|
|-weather|RainDance|[upkeep]
|upkeep
|turn|2
|
|t:|1760849577
|move|p2a: Zapdos|Weather Ball|p1a: Humu ki mummy
|-supereffective|p1a: Humu ki mummy
|-damage|p1a: Humu ki mummy|0 fnt
|faint|p1a: Humu ki mummy
|-end|p1a: Humu ki mummy|Quark Drive|[silent]
|
|-weather|RainDance|[upkeep]
|upkeep
|
|t:|1760849585
|switch|p1a: 67|Kingdra, M, shiny|100/100
|turn|3
|
|t:|1760849596
|move|p1a: 67|Draco Meteor|p2a: Zapdos
|-damage|p2a: Zapdos|14/100
|-unboost|p1a: 67|spa|2
|move|p2a: Zapdos|Volt Switch|p1a: 67
|-damage|p1a: 67|65/100
|
|t:|1760849599
|switch|p2a: Slowking|Slowking-Galar, F|100/100|[from] Volt Switch
|
|-weather|RainDance|[upkeep]
|upkeep
|turn|4
|
|t:|1760849607
|move|p1a: 67|Draco Meteor|p2a: Slowking
|-damage|p2a: Slowking|78/100
|-unboost|p1a: 67|spa|2
|-prepare|p2a: Slowking|Chilly Reception|[premajor]
|move|p2a: Slowking|Chilly Reception|p2a: Slowking
|-weather|Snowscape
|
|t:|1760849611
|switch|p2a: Zapdos|Zapdos|14/100|[from] Chilly Reception
|
|-weather|Snowscape|[upkeep]
|upkeep
|turn|5
|
|t:|1760849616
|move|p2a: Zapdos|Thunderbolt|p1a: 67
|-damage|p1a: 67|22/100
|move|p1a: 67|Draco Meteor|p2a: Zapdos
|-damage|p2a: Zapdos|0 fnt
|-unboost|p1a: 67|spa|2
|faint|p2a: Zapdos
|
|-weather|Snowscape|[upkeep]
|upkeep
|
|t:|1760849622
|switch|p2a: Great Tusk|Great Tusk, shiny|100/100
|turn|6
|
|t:|1760849638
|switch|p1a: I Murdered Nemo|Pelipper, F|100/100
|-weather|RainDance|[from] ability: Drizzle|[of] p1a: I Murdered Nemo
|move|p2a: Great Tusk|Stealth Rock|p1a: I Murdered Nemo
|-sidestart|p1: ripcold|move: Stealth Rock
|
|-weather|RainDance|[upkeep]
|upkeep
|turn|7
|
|t:|1760849652
|-end|p2a: Great Tusk|Protosynthesis|[silent]
|switch|p2a: Slowking|Slowking-Galar, F|100/100
|move|p1a: I Murdered Nemo|Surf|p2a: Slowking
|-damage|p2a: Slowking|73/100
|
|-weather|RainDance|[upkeep]
|upkeep
|turn|8
|
|t:|1760849660
|move|p1a: I Murdered Nemo|U-turn|p2a: Slowking
|-damage|p2a: Slowking|63/100
|
|t:|1760849669
|switch|p1a: *Loki*|Lokix, F|100/100|[from] U-turn
|-damage|p1a: *Loki*|76/100|[from] Stealth Rock
|-prepare|p2a: Slowking|Chilly Reception|[premajor]
|move|p2a: Slowking|Chilly Reception|p2a: Slowking
|-weather|Snowscape
|
|t:|1760849673
|switch|p2a: Moltres|Moltres|100/100|[from] Chilly Reception
|
|-weather|Snowscape|[upkeep]
|upkeep
|turn|9
|
|t:|1760849680
|move|p1a: *Loki*|First Impression|p2a: Moltres
|-resisted|p2a: Moltres
|-damage|p2a: Moltres|84/100
|move|p2a: Moltres|Hurricane|p1a: *Loki*
|-supereffective|p1a: *Loki*
|-damage|p1a: *Loki*|0 fnt
|faint|p1a: *Loki*
|
|-weather|Snowscape|[upkeep]
|upkeep
|-message|ripcold forfeited.
|
|win|brinde mande
|raw|ripcold's rating: 1064 &rarr; <strong>1048</strong><br />(-16 for losing)
|raw|brinde mande's rating: 1127 &rarr; <strong>1148</strong><br />(+21 for winning)
|l|☆ripcold
|player|p1|
|l|☆brinde mande
|player|p2|
