|j|☆Magikarp but good
|j|☆Monfernep
|t:|1760879448
|gametype|singles
|player|p1|Magikarp but good|colress|1212
|player|p2|Monfernep|skyla|1204
|gen|9
|tier|[Gen 9] OU
|rated|
|rule|HP Percentage Mod: HP is shown in percentages
|rule|Endless Battle Clause: Forcing endless battles is banned
|rule|Species Clause: Limit one of each Pokémon
|rule|OHKO Clause: OHKO moves are banned
|rule|Evasion Items Clause: Evasion items are banned
|rule|Evasion Moves Clause: Evasion moves are banned
|rule|Evasion Abilities Clause: Evasion abilities are banned
|rule|Sleep Moves Clause: Sleep-inducing moves are banned
|clearpoke
|poke|p1|Komala, M|
|poke|p1|Moltres-Galar|
|poke|p1|Avalugg, F|
|poke|p1|Murkrow, M|
|poke|p1|Enamorus-Therian, F|
|poke|p1|Hattrem, F|
|poke|p2|Necrozma|
|poke|p2|Ribombee, M|
|poke|p2|Gholdengo|
|poke|p2|Ursaluna, F|
|poke|p2|Hoopa-Unbound|
|poke|p2|Avalugg, F|
|teampreview
|inactive|Battle timer is ON: inactive players will automatically lose when time's up. (requested by Magikarp but good)
|
|t:|1760879459
|teamsize|p1|6
|teamsize|p2|6
|start
|switch|p1a: Hattrem|Hattrem, F|100/100
|switch|p2a: Ribombee|Ribombee, M|100/100
|turn|1
|
|t:|1760879469
|switch|p2a: Ursaluna|Ursaluna, F|100/100
|move|p1a: Hattrem|Expanding Force|p2a: Ursaluna
|-damage|p2a: Ursaluna|61/100
|
|-status|p2a: Ursaluna|brn|[from] item: Flame Orb
|upkeep
|turn|2
|
|t:|1760879482
|switch|p1a: Murkrow|Murkrow, M|100/100
|move|p2a: Ursaluna|Facade|p1a: Murkrow
|-damage|p1a: Murkrow|0 fnt
|faint|p1a: Murkrow
|
|-damage|p2a: Ursaluna|54/100 brn|[from] brn
|upkeep
|
|t:|1760879498
|switch|p1a: Moltres|Moltres-Galar|100/100
|turn|3
|c|☆Monfernep|So freakin scary
|
|t:|1760879513
|move|p1a: Moltres|Foul Play|p2a: Ursaluna
|-damage|p2a: Ursaluna|11/100 brn
|move|p2a: Ursaluna|Supercell Slam|p1a: Moltres
|-supereffective|p1a: Moltres
|-damage|p1a: Moltres|0 fnt
|faint|p1a: Moltres
|
|-damage|p2a: Ursaluna|5/100 brn|[from] brn
|upkeep
|inactive|Magikarp but good has 120 seconds left.
|
|t:|1760879539
|switch|p1a: Komala|Komala, M|100/100
|-ability|p1a: Komala|Comatose
|turn|4
|inactive|Magikarp but good has 120 seconds left.
|
|t:|1760879548
|move|p1a: Komala|Body Slam|p2a: Ursaluna
|-damage|p2a: Ursaluna|0 fnt
|faint|p2a: Ursaluna
|
|upkeep
|
|t:|1760879562
|switch|p2a: Necrozma|Necrozma|100/100
|turn|5
|
|t:|1760879568
|-terastallize|p2a: Necrozma|Dark
|move|p2a: Necrozma|Photon Geyser|p1a: Komala
|-damage|p1a: Komala|5/100
|move|p1a: Komala|Body Slam|p2a: Necrozma
|-damage|p2a: Necrozma|54/100
|-status|p2a: Necrozma|par
|-heal|p1a: Komala|12/100|[from] item: Shell Bell|[of] p2a: Necrozma
|
|upkeep
|turn|6
|
|t:|1760879582
|move|p1a: Komala|Superpower|p2a: Necrozma
|-supereffective|p2a: Necrozma
|-damage|p2a: Necrozma|0 fnt
|-unboost|p1a: Komala|atk|1
|-unboost|p1a: Komala|def|1
|faint|p2a: Necrozma
|-heal|p1a: Komala|20/100|[from] item: Shell Bell|[of] p2: Necrozma
|
|upkeep
|
|t:|1760879588
|switch|p2a: Ribombee|Ribombee, M|100/100
|turn|7
|
|t:|1760879591
|switch|p1a: Hattrem|Hattrem, F|100/100
|move|p2a: Ribombee|Moonblast|p1a: Hattrem
|-damage|p1a: Hattrem|48/100
|
|upkeep
|turn|8
|
|t:|1760879602
|-terastallize|p1a: Hattrem|Fairy
|move|p2a: Ribombee|Moonblast|p1a: Hattrem
|-damage|p1a: Hattrem|0 fnt
|faint|p1a: Hattrem
|
|upkeep
|
|t:|1760879611
|switch|p1a: Avalugg|Avalugg, F|100/100
|turn|9
|
|t:|1760879616
|move|p2a: Ribombee|Moonblast|p1a: Avalugg
|-damage|p1a: Avalugg|50/100
|move|p1a: Avalugg|Iron Head|p2a: Ribombee
|-supereffective|p2a: Ribombee
|-enditem|p2a: Ribombee|Focus Sash
|-damage|p2a: Ribombee|1/100
|-damage|p1a: Avalugg|40/100|[from] item: Life Orb
|
|upkeep
|turn|10
|
|t:|1760879625
|switch|p2a: Gholdengo|Gholdengo|100/100
|move|p1a: Avalugg|Rock Slide|p2a: Gholdengo
|-resisted|p2a: Gholdengo
|-damage|p2a: Gholdengo|83/100
|-damage|p1a: Avalugg|30/100|[from] item: Life Orb
|
|upkeep
|turn|11
|
|t:|1760879633
|move|p2a: Gholdengo|Shadow Ball|p1a: Avalugg
|-damage|p1a: Avalugg|0 fnt
|faint|p1a: Avalugg
|
|upkeep
|
|t:|1760879639
|switch|p1a: Enamorus|Enamorus-Therian, F|100/100
|turn|12
|
|t:|1760879644
|switch|p1a: Komala|Komala, M|20/100
|-ability|p1a: Komala|Comatose
|move|p2a: Gholdengo|Nasty Plot|p2a: Gholdengo
|-boost|p2a: Gholdengo|spa|2
|
|upkeep
|turn|13
|
|t:|1760879652
|move|p1a: Komala|Earthquake|p2a: Gholdengo
|-supereffective|p2a: Gholdengo
|-crit|p2a: Gholdengo
|-damage|p2a: Gholdengo|0 fnt
|faint|p2a: Gholdengo
|-heal|p1a: Komala|33/100|[from] item: Shell Bell|[of] p2: Gholdengo
|
|upkeep
|
|t:|1760879657
|switch|p2a: Avalugg|Avalugg, F|100/100
|turn|14
|
|t:|1760879661
|move|p1a: Komala|Body Slam|p2a: Avalugg
|-damage|p2a: Avalugg|79/100
|-status|p2a: Avalugg|par
|-heal|p1a: Komala|37/100|[from] item: Shell Bell|[of] p2a: Avalugg
|move|p2a: Avalugg|Heavy Slam|p1a: Komala
|-damage|p1a: Komala|0 fnt
|faint|p1a: Komala
|
|upkeep
|
|t:|1760879670
|switch|p1a: Enamorus|Enamorus-Therian, F|100/100
|turn|15
|c|☆Monfernep|That's what I call a slam
|
|t:|1760879688
|move|p1a: Enamorus|Superpower|p2a: Avalugg
|-supereffective|p2a: Avalugg
|-damage|p2a: Avalugg|37/100 par
|-unboost|p1a: Enamorus|atk|1
|-unboost|p1a: Enamorus|def|1
|cant|p2a: Avalugg|par
|
|upkeep
|turn|16
|c|☆Magikarp but good|I did a lot better than what i thought
|
|t:|1760879704
|move|p1a: Enamorus|Superpower|p2a: Avalugg
|-supereffective|p2a: Avalugg
|-damage|p2a: Avalugg|11/100 par
|-unboost|p1a: Enamorus|atk|1
|-unboost|p1a: Enamorus|def|1
|cant|p2a: Avalugg|par
|
|upkeep
|turn|17
|c|☆Magikarp but good|I put the team through a randomizer
|
|t:|1760879720
|move|p1a: Enamorus|Play Rough|p2a: Avalugg
|-damage|p2a: Avalugg|1/100 par
|move|p2a: Avalugg|Icicle Crash|p1a: Enamorus
|-supereffective|p1a: Enamorus
|-damage|p1a: Enamorus|0 fnt
|faint|p1a: Enamorus
|
|win|Monfernep
|raw|Magikarp but good's rating: 1212 &rarr; <strong>1186</strong><br />(-26 for losing)
|raw|Monfernep's rating: 1204 &rarr; <strong>1230</strong><br />(+26 for winning)
|l|☆Magikarp but good
|player|p1|
