|j|☆AlejoGroot1534
|j|☆ceo o wo chien
|t:|1760849635
|gametype|singles
|player|p1|AlejoGroot1534|blue|1606
|player|p2|ceo o wo chien|blaine|1727
|gen|9
|tier|[Gen 9] OU
|rated|
|rule|HP Percentage Mod: HP is shown in percentages
|rule|Endless Battle Clause: Forcing endless battles is banned
|rule|Species Clause: Limit one of each Pokémon
|rule|OHKO Clause: OHKO moves are banned
|rule|Evasion Items Clause: Evasion items are banned
|rule|Evasion Moves Clause: Evasion moves are banned
|rule|Evasion Abilities Clause: Evasion abilities are banned
|rule|Sleep Moves Clause: Sleep-inducing moves are banned
|clearpoke
|poke|p1|Greninja-*, M|
|poke|p1|Zapdos|
|poke|p1|Great Tusk|
|poke|p1|Slowking-Galar, M|
|poke|p1|Meowscarada, F|
|poke|p1|Iron Valiant|
|poke|p2|Iron Valiant|
|poke|p2|Kyurem|
|poke|p2|Moltres|
|poke|p2|Samurott-Hisui, M|
|poke|p2|Pecharunt|
|poke|p2|Iron Treads|
|teampreview
|inactive|Battle timer is ON: inactive players will automatically lose when time's up. (requested by ceo o wo chien)
|inactive|AlejoGroot1534 also wants the timer to be on.
|
|t:|1760849644
|teamsize|p1|6
|teamsize|p2|6
|start
|switch|p1a: Greninja|Greninja, M|100/100
|switch|p2a: Samurott|Samurott-Hisui, M|100/100
|turn|1
|
|t:|1760849649
|switch|p1a: Great Tusk|Great Tusk, shiny|100/100
|move|p2a: Samurott|Ceaseless Edge|p1a: Great Tusk
|-resisted|p1a: Great Tusk
|-damage|p1a: Great Tusk|87/100
|-damage|p2a: Samurott|84/100|[from] item: Rocky Helmet|[of] p1a: Great Tusk
|-sidestart|p1: AlejoGroot1534|Spikes
|
|upkeep
|turn|2
|
|t:|1760849654
|switch|p2a: Moltres|Moltres|100/100
|move|p1a: Great Tusk|Stealth Rock|p2a: Moltres
|-sidestart|p2: ceo o wo chien|move: Stealth Rock
|
|upkeep
|turn|3
|
|t:|1760849658
|-end|p1a: Great Tusk|Protosynthesis|[silent]
|switch|p1a: Zapdos|Zapdos, shiny|100/100
|move|p2a: Moltres|Flamethrower|p1a: Zapdos
|-damage|p1a: Zapdos|64/100
|
|upkeep
|turn|4
|
|t:|1760849664
|switch|p2a: Iron Treads|Iron Treads|100/100
|-damage|p2a: Iron Treads|98/100|[from] Stealth Rock
|move|p1a: Zapdos|Roost|p1a: Zapdos
|-heal|p1a: Zapdos|100/100
|-singleturn|p1a: Zapdos|move: Roost
|
|upkeep
|turn|5
|
|t:|1760849667
|switch|p1a: Great Tusk|Great Tusk, shiny|87/100
|-damage|p1a: Great Tusk|75/100|[from] Spikes
|move|p2a: Iron Treads|Stealth Rock|p1a: Great Tusk
|-sidestart|p1: AlejoGroot1534|move: Stealth Rock
|
|upkeep
|turn|6
|
|t:|1760849671
|-end|p2a: Iron Treads|Quark Drive|[silent]
|switch|p2a: Pecharunt|Pecharunt|100/100
|move|p1a: Great Tusk|Headlong Rush|p2a: Pecharunt
|-supereffective|p2a: Pecharunt
|-damage|p2a: Pecharunt|46/100
|-unboost|p1a: Great Tusk|def|1
|-unboost|p1a: Great Tusk|spd|1
|
|upkeep
|turn|7
|
|t:|1760849676
|move|p1a: Great Tusk|Headlong Rush|p2a: Pecharunt
|-supereffective|p2a: Pecharunt
|-damage|p2a: Pecharunt|0 fnt
|-unboost|p1a: Great Tusk|def|1
|-unboost|p1a: Great Tusk|spd|1
|faint|p2a: Pecharunt
|
|upkeep
|
|t:|1760849677
|switch|p2a: Iron Valiant|Iron Valiant|100/100
|-damage|p2a: Iron Valiant|94/100|[from] Stealth Rock
|turn|8
|
|t:|1760849682
|-end|p1a: Great Tusk|Protosynthesis|[silent]
|switch|p1a: Slowking|Slowking-Galar, M, shiny|100/100
|move|p2a: Iron Valiant|Moonblast|p1a: Slowking
|-resisted|p1a: Slowking
|-damage|p1a: Slowking|88/100
|
|upkeep
|turn|9
|
|t:|1760849688
|-terastallize|p2a: Iron Valiant|Stellar
|move|p2a: Iron Valiant|Knock Off|p1a: Slowking
|-supereffective|p1a: Slowking
|-damage|p1a: Slowking|6/100
|-enditem|p1a: Slowking|Heavy-Duty Boots|[from] move: Knock Off|[of] p2a: Iron Valiant
|-prepare|p1a: Slowking|Chilly Reception|[premajor]
|move|p1a: Slowking|Chilly Reception|p1a: Slowking
|-weather|Snowscape
|
|t:|1760849699
|switch|p1a: Greninja|Greninja, M|100/100|[from] Chilly Reception
|-damage|p1a: Greninja|88/100|[from] Spikes
|-damage|p1a: Greninja|76/100|[from] Stealth Rock
|
|-weather|Snowscape|[upkeep]
|upkeep
|turn|10
|
|t:|1760849702
|-end|p2a: Iron Valiant|Quark Drive|[silent]
|switch|p2a: Samurott|Samurott-Hisui, M|84/100
|-damage|p2a: Samurott|72/100|[from] Stealth Rock
|move|p1a: Greninja|Sludge Wave|p2a: Samurott
|-damage|p2a: Samurott|45/100
|-status|p2a: Samurott|psn
|-damage|p1a: Greninja|66/100|[from] item: Life Orb
|
|-weather|Snowscape|[upkeep]
|-damage|p2a: Samurott|32/100 psn|[from] psn
|upkeep
|turn|11
|
|t:|1760849713
|switch|p1a: Great Tusk|Great Tusk, shiny|75/100
|-damage|p1a: Great Tusk|62/100|[from] Spikes
|-damage|p1a: Great Tusk|59/100|[from] Stealth Rock
|move|p2a: Samurott|Ceaseless Edge|p1a: Great Tusk
|-resisted|p1a: Great Tusk
|-damage|p1a: Great Tusk|45/100
|-damage|p2a: Samurott|16/100 psn|[from] item: Rocky Helmet|[of] p1a: Great Tusk
|-sidestart|p1: AlejoGroot1534|Spikes
|
|-weather|Snowscape|[upkeep]
|-damage|p2a: Samurott|4/100 psn|[from] psn
|upkeep
|turn|12
|
|t:|1760849716
|move|p2a: Samurott|Aqua Jet|p1a: Great Tusk
|-supereffective|p1a: Great Tusk
|-damage|p1a: Great Tusk|24/100
|-damage|p2a: Samurott|0 fnt|[from] item: Rocky Helmet|[of] p1a: Great Tusk
|faint|p2a: Samurott
|move|p1a: Great Tusk|Rapid Spin|p2: Samurott|[notarget]
|-fail|p1a: Great Tusk
|
|-weather|Snowscape|[upkeep]
|upkeep
|
|t:|1760849721
|switch|p2a: Kyurem|Kyurem|100/100
|-damage|p2a: Kyurem|76/100|[from] Stealth Rock
|-ability|p2a: Kyurem|Pressure
|turn|13
|
|t:|1760849725
|move|p2a: Kyurem|Scale Shot|p1a: Great Tusk
|-damage|p1a: Great Tusk|17/100
|-damage|p1a: Great Tusk|9/100
|-damage|p1a: Great Tusk|1/100
|-damage|p1a: Great Tusk|0 fnt
|faint|p1a: Great Tusk
|-end|p1a: Great Tusk|Protosynthesis|[silent]
|-hitcount|p1: Great Tusk|4
|-unboost|p2a: Kyurem|def|1
|-boost|p2a: Kyurem|spe|1
|
|-weather|none
|upkeep
|
|t:|1760849735
|switch|p1a: Iron Valiant|Iron Valiant, shiny|100/100
|-damage|p1a: Iron Valiant|84/100|[from] Spikes
|-damage|p1a: Iron Valiant|78/100|[from] Stealth Rock
|-enditem|p1a: Iron Valiant|Booster Energy
|-activate|p1a: Iron Valiant|ability: Quark Drive|[fromitem]
|-start|p1a: Iron Valiant|quarkdrivespe
|turn|14
|
|t:|1760849739
|switch|p2a: Moltres|Moltres|100/100
|move|p1a: Iron Valiant|Moonblast|p2a: Moltres
|-resisted|p2a: Moltres
|-damage|p2a: Moltres|82/100
|
|upkeep
|turn|15
|
|t:|1760849742
|move|p1a: Iron Valiant|Thunderbolt|p2a: Moltres
|-supereffective|p2a: Moltres
|-damage|p2a: Moltres|41/100
|move|p2a: Moltres|Flamethrower|p1a: Iron Valiant
|-damage|p1a: Iron Valiant|9/100
|
|upkeep
|turn|16
|
|t:|1760849745
|move|p1a: Iron Valiant|Thunderbolt|p2a: Moltres
|-supereffective|p2a: Moltres
|-damage|p2a: Moltres|0 fnt
|faint|p2a: Moltres
|
|upkeep
|
|t:|1760849747
|switch|p2a: Iron Treads|Iron Treads|98/100
|-damage|p2a: Iron Treads|95/100|[from] Stealth Rock
|turn|17
|
|t:|1760849756
|-end|p1a: Iron Valiant|Quark Drive|[silent]
|switch|p1a: Zapdos|Zapdos, shiny|100/100
|move|p2a: Iron Treads|Rapid Spin|p1a: Zapdos
|-damage|p1a: Zapdos|90/100
|-boost|p2a: Iron Treads|spe|1
|-sideend|p2: ceo o wo chien|Stealth Rock|[from] move: Rapid Spin|[of] p2a: Iron Treads
|
|upkeep
|turn|18
|
|t:|1760849760
|-end|p2a: Iron Treads|Quark Drive|[silent]
|switch|p2a: Kyurem|Kyurem|76/100
|-ability|p2a: Kyurem|Pressure
|move|p1a: Zapdos|Hurricane|p2a: Kyurem|[miss]
|-miss|p1a: Zapdos|p2a: Kyurem
|
|upkeep
|turn|19
|
|t:|1760849772
|move|p2a: Kyurem|Scale Shot|p1a: Zapdos
|-damage|p1a: Zapdos|81/100
|-damage|p1a: Zapdos|72/100
|-damage|p1a: Zapdos|64/100
|-damage|p1a: Zapdos|55/100
|-damage|p1a: Zapdos|46/100
|-hitcount|p1a: Zapdos|5
|-unboost|p2a: Kyurem|def|1
|-boost|p2a: Kyurem|spe|1
|move|p1a: Zapdos|Hurricane|p2a: Kyurem
|-damage|p2a: Kyurem|32/100
|
|upkeep
|turn|20
|
|t:|1760849779
|move|p2a: Kyurem|Icicle Spear|p1a: Zapdos
|-supereffective|p1a: Zapdos
|-damage|p1a: Zapdos|28/100
|-supereffective|p1a: Zapdos
|-damage|p1a: Zapdos|9/100
|-supereffective|p1a: Zapdos
|-damage|p1a: Zapdos|0 fnt
|faint|p1a: Zapdos
|-hitcount|p1: Zapdos|3
|
|upkeep
|
|t:|1760849787
|switch|p1a: Meowscarada|Meowscarada, F, shiny|100/100
|-damage|p1a: Meowscarada|84/100|[from] Spikes
|-damage|p1a: Meowscarada|72/100|[from] Stealth Rock
|turn|21
|
|t:|1760849790
|move|p2a: Kyurem|Icicle Spear|p1a: Meowscarada
|-supereffective|p1a: Meowscarada
|-damage|p1a: Meowscarada|35/100
|-supereffective|p1a: Meowscarada
|-damage|p1a: Meowscarada|0 fnt
|faint|p1a: Meowscarada
|-hitcount|p1: Meowscarada|2
|
|upkeep
|-message|AlejoGroot1534 forfeited.
|
|win|ceo o wo chien
|raw|AlejoGroot1534's rating: 1606 &rarr; <strong>1593</strong><br />(-13 for losing)
|raw|ceo o wo chien's rating: 1727 &rarr; <strong>1740</strong><br />(+13 for winning)
|l|☆AlejoGroot1534
|player|p1|
