|j|☆asdfghjkl896
|j|☆ripwal39
|t:|1760740477
|gametype|singles
|player|p1|asdfghjkl896|266|1189
|player|p2|ripwal39|170|1229
|gen|9
|tier|[Gen 9] OU
|rated|
|rule|HP Percentage Mod: HP is shown in percentages
|rule|Endless Battle Clause: Forcing endless battles is banned
|rule|Species Clause: Limit one of each Pokémon
|rule|OHKO Clause: OHKO moves are banned
|rule|Evasion Items Clause: Evasion items are banned
|rule|Evasion Moves Clause: Evasion moves are banned
|rule|Evasion Abilities Clause: Evasion abilities are banned
|rule|Sleep Moves Clause: Sleep-inducing moves are banned
|clearpoke
|poke|p1|Mew|
|poke|p1|Gliscor, F|
|poke|p1|Cinderace, F|
|poke|p1|Ting-Lu|
|poke|p1|Iron Moth|
|poke|p1|Nosepass, L1, M|
|poke|p2|Kingambit, F|
|poke|p2|Cinderace, F|
|poke|p2|Landorus-Therian, M|
|poke|p2|Iron Valiant|
|poke|p2|Kyurem|
|poke|p2|Slowking-Galar, M|
|teampreview
|
|t:|1760740493
|teamsize|p1|6
|teamsize|p2|6
|start
|switch|p1a: Gliscor|Gliscor, F|100/100
|switch|p2a: Kristine|Cinderace, F, shiny|100/100
|turn|1
|
|t:|1760740511
|move|p2a: Kristine|Will-O-Wisp|p1a: Gliscor
|-status|p1a: Gliscor|brn
|move|p1a: Gliscor|Toxic|p2a: Kristine
|-status|p2a: Kristine|tox
|
|-damage|p2a: Kristine|94/100 tox|[from] psn
|-damage|p1a: Gliscor|94/100 brn|[from] brn
|upkeep
|turn|2
|
|t:|1760740521
|move|p2a: Kristine|U-turn|p1a: Gliscor
|-resisted|p1a: Gliscor
|-damage|p1a: Gliscor|88/100 brn
|
|t:|1760740530
|switch|p2a: Mr. Freeze|Kyurem, shiny|100/100|[from] U-turn
|-ability|p2a: Mr. Freeze|Pressure
|move|p1a: Gliscor|Stealth Rock|p2a: Mr. Freeze
|-sidestart|p2: ripwal39|move: Stealth Rock
|
|-damage|p1a: Gliscor|82/100 brn|[from] brn
|upkeep
|turn|3
|
|t:|1760740562
|switch|p1a: Mew|Mew, shiny|100/100
|move|p2a: Mr. Freeze|Freeze-Dry|p1a: Mew
|-damage|p1a: Mew|80/100
|
|-heal|p1a: Mew|86/100|[from] item: Leftovers
|upkeep
|turn|4
|
|t:|1760740570
|move|p2a: Mr. Freeze|Substitute|p2a: Mr. Freeze
|-start|p2a: Mr. Freeze|Substitute
|-damage|p2a: Mr. Freeze|76/100
|move|p1a: Mew|Thunder Wave||[still]
|-fail|p1a: Mew
|
|-heal|p2a: Mr. Freeze|82/100|[from] item: Leftovers
|-heal|p1a: Mew|93/100|[from] item: Leftovers
|upkeep
|turn|5
|
|t:|1760740582
|switch|p1a: Cinderace|Cinderace, F|100/100
|move|p2a: Mr. Freeze|Freeze-Dry|p1a: Cinderace
|-resisted|p1a: Cinderace
|-damage|p1a: Cinderace|75/100
|
|-heal|p2a: Mr. Freeze|88/100|[from] item: Leftovers
|upkeep
|turn|6
|
|t:|1760740591
|move|p1a: Cinderace|Pyro Ball|p2a: Mr. Freeze
|-end|p2a: Mr. Freeze|Substitute
|move|p2a: Mr. Freeze|Earth Power|p1a: Cinderace
|-supereffective|p1a: Cinderace
|-damage|p1a: Cinderace|0 fnt
|faint|p1a: Cinderace
|
|-heal|p2a: Mr. Freeze|94/100|[from] item: Leftovers
|upkeep
|
|t:|1760740601
|switch|p1a: Iron Moth|Iron Moth|100/100
|-enditem|p1a: Iron Moth|Booster Energy
|-activate|p1a: Iron Moth|ability: Quark Drive|[fromitem]
|-start|p1a: Iron Moth|quarkdrivespe
|turn|7
|
|t:|1760740612
|move|p1a: Iron Moth|Sludge Wave|p2a: Mr. Freeze
|-damage|p2a: Mr. Freeze|52/100
|move|p2a: Mr. Freeze|Earth Power|p1a: Iron Moth
|-supereffective|p1a: Iron Moth
|-crit|p1a: Iron Moth
|-damage|p1a: Iron Moth|0 fnt
|faint|p1a: Iron Moth
|-end|p1a: Iron Moth|Quark Drive|[silent]
|
|-heal|p2a: Mr. Freeze|59/100|[from] item: Leftovers
|upkeep
|c|☆ripwal39|gg
|
|t:|1760740621
|switch|p1a: Nosepass|Nosepass, L1, M|100/100
|turn|8
|
|t:|1760740636
|move|p2a: Mr. Freeze|Substitute|p2a: Mr. Freeze
|-start|p2a: Mr. Freeze|Substitute
|-damage|p2a: Mr. Freeze|34/100
|move|p1a: Nosepass|Pain Split||[still]
|-fail|p1a: Nosepass
|
|-heal|p2a: Mr. Freeze|40/100|[from] item: Leftovers
|upkeep
|turn|9
|
|t:|1760740651
|switch|p1a: Mew|Mew, shiny|93/100
|move|p2a: Mr. Freeze|Freeze-Dry|p1a: Mew
|-damage|p1a: Mew|71/100
|
|-heal|p2a: Mr. Freeze|46/100|[from] item: Leftovers
|-heal|p1a: Mew|77/100|[from] item: Leftovers
|upkeep
|turn|10
|
|t:|1760740676
|switch|p1a: Ting-Lu|Ting-Lu|100/100
|-ability|p1a: Ting-Lu|Vessel of Ruin
|move|p2a: Mr. Freeze|Freeze-Dry|p1a: Ting-Lu
|-supereffective|p1a: Ting-Lu
|-damage|p1a: Ting-Lu|61/100
|
|-heal|p2a: Mr. Freeze|52/100|[from] item: Leftovers
|-heal|p1a: Ting-Lu|67/100|[from] item: Leftovers
|upkeep
|turn|11
|
|t:|1760740687
|move|p2a: Mr. Freeze|Freeze-Dry|p1a: Ting-Lu
|-supereffective|p1a: Ting-Lu
|-damage|p1a: Ting-Lu|26/100
|move|p1a: Ting-Lu|Whirlwind|p2a: Mr. Freeze
|drag|p2a: Daenerys|Kingambit, F|100/100
|-damage|p2a: Daenerys|94/100|[from] Stealth Rock
|
|-heal|p2a: Daenerys|100/100|[from] item: Leftovers
|-heal|p1a: Ting-Lu|32/100|[from] item: Leftovers
|upkeep
|turn|12
|
|t:|1760740705
|move|p2a: Daenerys|Iron Head|p1a: Ting-Lu
|-damage|p1a: Ting-Lu|12/100
|cant|p1a: Ting-Lu|flinch
|
|-heal|p1a: Ting-Lu|18/100|[from] item: Leftovers
|upkeep
|turn|13
|
|t:|1760740712
|move|p1a: Ting-Lu|Protect|p1a: Ting-Lu
|-singleturn|p1a: Ting-Lu|Protect
|move|p2a: Daenerys|Iron Head|p1a: Ting-Lu
|-activate|p1a: Ting-Lu|move: Protect
|
|-heal|p1a: Ting-Lu|24/100|[from] item: Leftovers
|upkeep
|turn|14
|
|t:|1760740720
|move|p2a: Daenerys|Iron Head|p1a: Ting-Lu
|-damage|p1a: Ting-Lu|4/100
|cant|p1a: Ting-Lu|flinch
|
|-heal|p1a: Ting-Lu|11/100|[from] item: Leftovers
|upkeep
|turn|15
|
|t:|1760740726
|move|p1a: Ting-Lu|Protect|p1a: Ting-Lu
|-singleturn|p1a: Ting-Lu|Protect
|move|p2a: Daenerys|Swords Dance|p2a: Daenerys
|-boost|p2a: Daenerys|atk|2
|
|-heal|p1a: Ting-Lu|17/100|[from] item: Leftovers
|upkeep
|turn|16
|
|t:|1760740734
|switch|p1a: Mew|Mew, shiny|77/100
|move|p2a: Daenerys|Iron Head|p1a: Mew
|-damage|p1a: Mew|3/100
|
|-heal|p1a: Mew|10/100|[from] item: Leftovers
|upkeep
|turn|17
|
|t:|1760740742
|-end|p2a: Daenerys|fallenundefined|[silent]
|switch|p2a: Kristine|Cinderace, F, shiny|94/100 tox
|move|p1a: Mew|Thunder Wave|p2a: Kristine|[miss]
|-miss|p1a: Mew|p2a: Kristine
|
|-heal|p1a: Mew|16/100|[from] item: Leftovers
|-damage|p2a: Kristine|88/100 tox|[from] psn
|upkeep
|turn|18
|
|t:|1760740754
|move|p2a: Kristine|Court Change|p2a: Kristine
|-swapsideconditions
|-activate|p2a: Kristine|move: Court Change
|move|p1a: Mew|Whirlpool|p2a: Kristine
|-supereffective|p2a: Kristine
|-damage|p2a: Kristine|70/100 tox
|-activate|p2a: Kristine|move: Whirlpool|[of] p1a: Mew
|
|-heal|p1a: Mew|22/100|[from] item: Leftovers
|-damage|p2a: Kristine|58/100 tox|[from] psn
|-damage|p2a: Kristine|45/100 tox|[from] move: Whirlpool|[partiallytrapped]
|upkeep
|turn|19
|
|t:|1760740770
|move|p2a: Kristine|U-turn|p1a: Mew
|-supereffective|p1a: Mew
|-damage|p1a: Mew|0 fnt
|faint|p1a: Mew
|
|t:|1760740774
|switch|p2a: Mr. Freeze|Kyurem, shiny|52/100|[from] U-turn
|-ability|p2a: Mr. Freeze|Pressure
|
|-heal|p2a: Mr. Freeze|58/100|[from] item: Leftovers
|upkeep
|
|t:|1760740784
|switch|p1a: Nosepass|Nosepass, L1, M|100/100
|-damage|p1a: Nosepass|91/100|[from] Stealth Rock
|turn|20
|
|t:|1760740790
|move|p2a: Mr. Freeze|Substitute|p2a: Mr. Freeze
|-start|p2a: Mr. Freeze|Substitute
|-damage|p2a: Mr. Freeze|33/100
|move|p1a: Nosepass|Pain Split||[still]
|-fail|p1a: Nosepass
|
|-heal|p2a: Mr. Freeze|40/100|[from] item: Leftovers
|upkeep
|turn|21
|inactive|Battle timer is ON: inactive players will automatically lose when time's up. (requested by ripwal39)
|inactive|asdfghjkl896 has 120 seconds left.
|inactive|asdfghjkl896 has 90 seconds left.
|c|☆ripwal39|hurry up, loser
|inactive|asdfghjkl896 has 60 seconds left.
|inactive|asdfghjkl896 has 30 seconds left.
|inactive|asdfghjkl896 has 20 seconds left.
|inactive|asdfghjkl896 has 15 seconds left.
|inactive|asdfghjkl896 has 10 seconds left.
|inactive|asdfghjkl896 has 5 seconds left.
|c|☆ripwal39|L
|c|☆ripwal39|L
|c|☆ripwal39|L
|c|☆ripwal39|L
|c|☆ripwal39|L
|c|☆ripwal39|L
|c|☆ripwal39|L
|c|☆ripwal39|L
|-message|asdfghjkl896 lost due to inactivity.
|
|win|ripwal39
|raw|asdfghjkl896's rating: 1189 &rarr; <strong>1167</strong><br />(-22 for losing)
|raw|ripwal39's rating: 1229 &rarr; <strong>1251</strong><br />(+22 for winning)
|c|☆ripwal39|L
|c|☆ripwal39|L
|c|☆ripwal39|L
|c|☆ripwal39|L
|c|☆ripwal39|L
|c|☆ripwal39|loser
|c|☆ripwal39|L
|c|☆ripwal39|L
|c|☆ripwal39|L
|c|☆ripwal39|L
|l|☆asdfghjkl896
|player|p1|
|l|☆ripwal39
|player|p2|
