|j|☆xp180
|j|☆S-993311
|t:|1760882814
|gametype|singles
|player|p1|xp180|169|1520
|player|p2|S-993311|fisherman-gen4|1489
|gen|9
|tier|[Gen 9] OU
|rated|
|rule|HP Percentage Mod: HP is shown in percentages
|rule|Endless Battle Clause: Forcing endless battles is banned
|rule|Species Clause: Limit one of each Pokémon
|rule|OHKO Clause: OHKO moves are banned
|rule|Evasion Items Clause: Evasion items are banned
|rule|Evasion Moves Clause: Evasion moves are banned
|rule|Evasion Abilities Clause: Evasion abilities are banned
|rule|Sleep Moves Clause: Sleep-inducing moves are banned
|clearpoke
|poke|p1|Dragapult, M|
|poke|p1|Dragonite, F|
|poke|p1|Iron Moth|
|poke|p1|Greninja-*, M|
|poke|p1|Serperior, F|
|poke|p1|Iron Treads|
|poke|p2|Thundurus-Therian, M|
|poke|p2|Raging Bolt|
|poke|p2|Slowking-Galar, F|
|poke|p2|Kyurem|
|poke|p2|Great Tusk|
|poke|p2|Moltres|
|teampreview
|inactive|Battle timer is ON: inactive players will automatically lose when time's up. (requested by S-993311)
|
|t:|1760882829
|teamsize|p1|6
|teamsize|p2|6
|start
|switch|p1a: Iron Treads|Iron Treads|100/100
|switch|p2a: Thundurus|Thundurus-Therian, M|100/100
|-enditem|p1a: Iron Treads|Booster Energy
|-activate|p1a: Iron Treads|ability: Quark Drive|[fromitem]
|-start|p1a: Iron Treads|quarkdrivespe
|turn|1
|
|t:|1760882838
|move|p1a: Iron Treads|Stealth Rock|p2a: Thundurus
|-sidestart|p2: S-993311|move: Stealth Rock
|move|p2a: Thundurus|Focus Blast|p1a: Iron Treads
|-supereffective|p1a: Iron Treads
|-damage|p1a: Iron Treads|0 fnt
|faint|p1a: Iron Treads
|-end|p1a: Iron Treads|Quark Drive|[silent]
|
|upkeep
|
|t:|1760882855
|switch|p1a: Dragapult|Dragapult, M|100/100
|turn|2
|
|t:|1760882861
|switch|p2a: Slowking|Slowking-Galar, F|100/100
|-damage|p2a: Slowking|88/100|[from] Stealth Rock
|move|p1a: Dragapult|Dragon Darts|p2a: Slowking
|-damage|p2a: Slowking|66/100
|-anim|p1a: Dragapult|Dragon Darts|p2a: Slowking
|-damage|p2a: Slowking|47/100
|
|upkeep
|turn|3
|
|t:|1760882875
|move|p1a: Dragapult|Will-O-Wisp|p2a: Slowking|[miss]
|-miss|p1a: Dragapult|p2a: Slowking
|move|p2a: Slowking|Ice Beam|p1a: Dragapult
|-supereffective|p1a: Dragapult
|-damage|p1a: Dragapult|18/100
|
|upkeep
|turn|4
|
|t:|1760882881
|move|p1a: Dragapult|Hex|p2a: Slowking
|-supereffective|p2a: Slowking
|-damage|p2a: Slowking|21/100
|move|p2a: Slowking|Sludge Bomb|p1a: Dragapult
|-resisted|p1a: Dragapult
|-damage|p1a: Dragapult|0 fnt
|faint|p1a: Dragapult
|
|upkeep
|
|t:|1760882886
|switch|p1a: Greninja|Greninja, M|100/100
|turn|5
|
|t:|1760882906
|switch|p2a: Raging Bolt|Raging Bolt|100/100
|-damage|p2a: Raging Bolt|88/100|[from] Stealth Rock
|-enditem|p2a: Raging Bolt|Booster Energy
|-activate|p2a: Raging Bolt|ability: Protosynthesis|[fromitem]
|-start|p2a: Raging Bolt|protosynthesisspa
|move|p1a: Greninja|Dark Pulse|p2a: Raging Bolt
|-damage|p2a: Raging Bolt|47/100
|-damage|p1a: Greninja|91/100|[from] item: Life Orb
|
|upkeep
|turn|6
|
|t:|1760882919
|move|p1a: Greninja|Ice Beam|p2a: Raging Bolt
|-supereffective|p2a: Raging Bolt
|-damage|p2a: Raging Bolt|0 fnt
|faint|p2a: Raging Bolt
|-end|p2a: Raging Bolt|Protosynthesis|[silent]
|-ability|p1a: Greninja|Battle Bond|boost
|-boost|p1a: Greninja|atk|1
|-boost|p1a: Greninja|spa|1
|-boost|p1a: Greninja|spe|1
|-activate|p1a: Greninja|ability: Battle Bond
|-damage|p1a: Greninja|81/100|[from] item: Life Orb
|
|upkeep
|l|☆xp180
|inactive|xp180 disconnected and has a minute to reconnect!
|player|p1|
|
|t:|1760882937
|switch|p2a: Thundurus|Thundurus-Therian, M|100/100
|-damage|p2a: Thundurus|76/100|[from] Stealth Rock
|turn|7
|j|☆xp180
|inactive|xp180 reconnected and has 145 seconds left.
|player|p1|xp180|169|
|
|t:|1760882951
|-terastallize|p2a: Thundurus|Fairy
|move|p1a: Greninja|Ice Beam|p2a: Thundurus
|-damage|p2a: Thundurus|5/100
|-damage|p1a: Greninja|71/100|[from] item: Life Orb
|move|p2a: Thundurus|Tera Blast|p1a: Greninja|[anim] Tera Blast Fairy
|-supereffective|p1a: Greninja
|-damage|p1a: Greninja|0 fnt
|faint|p1a: Greninja
|
|upkeep
|
|t:|1760882957
|switch|p1a: Serperior|Serperior, F|100/100
|turn|8
|
|t:|1760882963
|move|p1a: Serperior|Leaf Storm|p2a: Thundurus
|-damage|p2a: Thundurus|0 fnt
|-boost|p1a: Serperior|spa|2
|faint|p2a: Thundurus
|
|upkeep
|
|t:|1760882970
|switch|p2a: Kyurem|Kyurem|100/100
|-damage|p2a: Kyurem|76/100|[from] Stealth Rock
|-ability|p2a: Kyurem|Pressure
|turn|9
|l|☆xp180
|inactive|xp180 disconnected and has a minute to reconnect!
|player|p1|
|j|☆xp180
|inactive|xp180 reconnected and has 135 seconds left.
|player|p1|xp180|169|
|
|t:|1760882989
|move|p2a: Kyurem|Ice Beam|p1a: Serperior
|-supereffective|p1a: Serperior
|-damage|p1a: Serperior|0 fnt
|faint|p1a: Serperior
|
|upkeep
|
|t:|1760882993
|switch|p1a: Iron Moth|Iron Moth|100/100
|-enditem|p1a: Iron Moth|Booster Energy
|-activate|p1a: Iron Moth|ability: Quark Drive|[fromitem]
|-start|p1a: Iron Moth|quarkdrivespe
|turn|10
|
|t:|1760883003
|switch|p2a: Slowking|Slowking-Galar, F|54/100
|-damage|p2a: Slowking|42/100|[from] Stealth Rock
|move|p1a: Iron Moth|Fiery Dance|p2a: Slowking
|-damage|p2a: Slowking|23/100
|
|upkeep
|turn|11
|
|t:|1760883009
|move|p1a: Iron Moth|Fiery Dance|p2a: Slowking
|-damage|p2a: Slowking|5/100
|move|p2a: Slowking|Psyshock|p1a: Iron Moth
|-supereffective|p1a: Iron Moth
|-damage|p1a: Iron Moth|0 fnt
|faint|p1a: Iron Moth
|-end|p1a: Iron Moth|Quark Drive|[silent]
|
|upkeep
|
|t:|1760883018
|switch|p1a: Dragonite|Dragonite, F|100/100
|turn|12
|
|t:|1760883025
|move|p1a: Dragonite|Fire Punch|p2a: Slowking
|-damage|p2a: Slowking|0 fnt
|faint|p2a: Slowking
|
|upkeep
|
|t:|1760883032
|switch|p2a: Great Tusk|Great Tusk|100/100
|turn|13
|
|t:|1760883039
|-terastallize|p1a: Dragonite|Fire
|move|p2a: Great Tusk|Rapid Spin|p1a: Dragonite
|-damage|p1a: Dragonite|92/100
|-boost|p2a: Great Tusk|spe|1
|-sideend|p2: S-993311|Stealth Rock|[from] move: Rapid Spin|[of] p2a: Great Tusk
|move|p1a: Dragonite|Dragon Dance|p1a: Dragonite
|-boost|p1a: Dragonite|atk|1
|-boost|p1a: Dragonite|spe|1
|
|upkeep
|turn|14
|
|t:|1760883045
|move|p2a: Great Tusk|Headlong Rush|p1a: Dragonite
|-supereffective|p1a: Dragonite
|-damage|p1a: Dragonite|0 fnt
|-unboost|p2a: Great Tusk|def|1
|-unboost|p2a: Great Tusk|spd|1
|faint|p1a: Dragonite
|
|win|S-993311
|raw|xp180's rating: 1520 &rarr; <strong>1498</strong><br />(-22 for losing)
|raw|S-993311's rating: 1489 &rarr; <strong>1511</strong><br />(+22 for winning)
|l|☆xp180
|player|p1|
