|j|☆poilkjqweasd
|j|☆galar8
|t:|1760866956
|gametype|singles
|player|p1|poilkjqweasd|266|1110
|player|p2|galar8|caitlin-masters|1154
|gen|9
|tier|[Gen 9] OU
|rated|
|rule|HP Percentage Mod: HP is shown in percentages
|rule|Endless Battle Clause: Forcing endless battles is banned
|rule|Species Clause: Limit one of each Pokémon
|rule|OHKO Clause: OHKO moves are banned
|rule|Evasion Items Clause: Evasion items are banned
|rule|Evasion Moves Clause: Evasion moves are banned
|rule|Evasion Abilities Clause: Evasion abilities are banned
|rule|Sleep Moves Clause: Sleep-inducing moves are banned
|clearpoke
|poke|p1|Hitmonchan, M|
|poke|p1|Hitmonlee, M|
|poke|p1|Hitmontop, M|
|poke|p1|Ceruledge, F|
|poke|p1|Armarouge, F|
|poke|p1|Haxorus, M|
|poke|p2|Garganacl, M|
|poke|p2|Toxapex, M|
|poke|p2|Jumpluff, M|
|poke|p2|Corviknight, M|
|poke|p2|Lycanroc, F|
|poke|p2|Gliscor, F|
|teampreview
|inactive|Battle timer is ON: inactive players will automatically lose when time's up. (requested by galar8)
|
|t:|1760866962
|teamsize|p1|6
|teamsize|p2|6
|start
|switch|p1a: Haxorus|Haxorus, M|100/100
|switch|p2a: Lycanroc|Lycanroc, F|100/100
|turn|1
|
|t:|1760866965
|move|p2a: Lycanroc|Stealth Rock|p1a: Haxorus
|-sidestart|p1: poilkjqweasd|move: Stealth Rock
|move|p1a: Haxorus|Earthquake|p2a: Lycanroc
|-supereffective|p2a: Lycanroc
|-damage|p2a: Lycanroc|20/100
|
|upkeep
|turn|2
|
|t:|1760866971
|move|p2a: Lycanroc|Endeavor|p1a: Haxorus
|-damage|p1a: Haxorus|24/100
|move|p1a: Haxorus|Earthquake|p2a: Lycanroc
|-supereffective|p2a: Lycanroc
|-damage|p2a: Lycanroc|0 fnt
|faint|p2a: Lycanroc
|
|upkeep
|
|t:|1760866986
|switch|p2a: Gliscor|Gliscor, F|100/100
|turn|3
|
|t:|1760866991
|move|p1a: Haxorus|Iron Tail|p2a: Gliscor
|-damage|p2a: Gliscor|82/100
|move|p2a: Gliscor|Knock Off|p1a: Haxorus
|-damage|p1a: Haxorus|0 fnt
|-enditem|p1a: Haxorus|Silver Powder|[from] move: Knock Off|[of] p2a: Gliscor
|faint|p1a: Haxorus
|
|-status|p2a: Gliscor|tox|[from] item: Toxic Orb
|upkeep
|
|t:|1760866999
|switch|p1a: Hitmontop|Hitmontop, M|100/100
|-damage|p1a: Hitmontop|95/100|[from] Stealth Rock
|turn|4
|c|☆galar8|oh u love hitmon dont u
|
|t:|1760867007
|move|p2a: Gliscor|Earthquake|p1a: Hitmontop
|-damage|p1a: Hitmontop|59/100
|move|p1a: Hitmontop|Rapid Spin|p2a: Gliscor
|-damage|p2a: Gliscor|70/100 tox
|-boost|p1a: Hitmontop|spe|1
|-sideend|p1: poilkjqweasd|Stealth Rock|[from] move: Rapid Spin|[of] p1a: Hitmontop
|
|-heal|p2a: Gliscor|82/100 tox|[from] ability: Poison Heal
|upkeep
|turn|5
|
|t:|1760867012
|move|p1a: Hitmontop|Triple Axel|p2a: Gliscor
|-supereffective|p2a: Gliscor
|-damage|p2a: Gliscor|60/100 tox
|-supereffective|p2a: Gliscor
|-damage|p2a: Gliscor|17/100 tox
|-supereffective|p2a: Gliscor
|-damage|p2a: Gliscor|0 fnt
|faint|p2a: Gliscor
|-hitcount|p2: Gliscor|3
|
|upkeep
|
|t:|1760867022
|switch|p2a: Jumpluff|Jumpluff, M|100/100
|turn|6
|
|t:|1760867028
|-terastallize|p2a: Jumpluff|Water
|move|p2a: Jumpluff|Leech Seed|p1a: Hitmontop
|-start|p1a: Hitmontop|move: Leech Seed
|move|p1a: Hitmontop|Ice Spinner|p2a: Jumpluff
|-resisted|p2a: Jumpluff
|-damage|p2a: Jumpluff|86/100
|
|-damage|p1a: Hitmontop|47/100|[from] Leech Seed|[of] p2a: Jumpluff
|-heal|p2a: Jumpluff|97/100|[silent]
|upkeep
|turn|7
|
|t:|1760867037
|move|p2a: Jumpluff|Substitute|p2a: Jumpluff
|-start|p2a: Jumpluff|Substitute
|-damage|p2a: Jumpluff|72/100
|move|p1a: Hitmontop|Rapid Spin|p2a: Jumpluff
|-end|p2a: Jumpluff|Substitute
|-end|p1a: Hitmontop|Leech Seed|[from] move: Rapid Spin|[of] p1a: Hitmontop
|-boost|p1a: Hitmontop|spe|1
|
|upkeep
|turn|8
|
|t:|1760867043
|move|p1a: Hitmontop|Rapid Spin|p2a: Jumpluff
|-damage|p2a: Jumpluff|45/100
|-boost|p1a: Hitmontop|spe|1
|move|p2a: Jumpluff|Acrobatics|p1a: Hitmontop
|-supereffective|p1a: Hitmontop
|-damage|p1a: Hitmontop|0 fnt
|faint|p1a: Hitmontop
|
|upkeep
|
|t:|1760867049
|switch|p1a: Hitmonlee|Hitmonlee, M|100/100
|turn|9
|
|t:|1760867051
|move|p2a: Jumpluff|Leech Seed|p1a: Hitmonlee
|-start|p1a: Hitmonlee|move: Leech Seed
|move|p1a: Hitmonlee|Swords Dance|p1a: Hitmonlee
|-boost|p1a: Hitmonlee|atk|2
|
|-damage|p1a: Hitmonlee|88/100|[from] Leech Seed|[of] p2a: Jumpluff
|-heal|p2a: Jumpluff|53/100|[silent]
|upkeep
|turn|10
|
|t:|1760867055
|move|p2a: Jumpluff|Encore|p1a: Hitmonlee
|-start|p1a: Hitmonlee|Encore
|move|p1a: Hitmonlee|Swords Dance|p1a: Hitmonlee
|-boost|p1a: Hitmonlee|atk|2
|
|-damage|p1a: Hitmonlee|76/100|[from] Leech Seed|[of] p2a: Jumpluff
|-heal|p2a: Jumpluff|62/100|[silent]
|upkeep
|turn|11
|
|t:|1760867060
|move|p2a: Jumpluff|Substitute|p2a: Jumpluff
|-start|p2a: Jumpluff|Substitute
|-damage|p2a: Jumpluff|37/100
|move|p1a: Hitmonlee|Swords Dance|p1a: Hitmonlee
|-boost|p1a: Hitmonlee|atk|2
|
|-damage|p1a: Hitmonlee|63/100|[from] Leech Seed|[of] p2a: Jumpluff
|-heal|p2a: Jumpluff|45/100|[silent]
|upkeep
|turn|12
|c|☆galar8|😹
|
|t:|1760867066
|move|p2a: Jumpluff|Acrobatics|p1a: Hitmonlee
|-supereffective|p1a: Hitmonlee
|-damage|p1a: Hitmonlee|0 fnt
|faint|p1a: Hitmonlee
|
|upkeep
|
|t:|1760867077
|switch|p1a: Hitmonchan|Hitmonchan, M|100/100
|turn|13
|
|t:|1760867081
|move|p1a: Hitmonchan|Bullet Punch|p2a: Jumpluff
|-resisted|p2a: Jumpluff
|-activate|p2a: Jumpluff|move: Substitute|[damage]
|move|p2a: Jumpluff|Leech Seed|p1a: Hitmonchan
|-start|p1a: Hitmonchan|move: Leech Seed
|
|-damage|p1a: Hitmonchan|88/100|[from] Leech Seed|[of] p2a: Jumpluff
|-heal|p2a: Jumpluff|56/100|[silent]
|upkeep
|turn|14
|
|t:|1760867086
|move|p2a: Jumpluff|Encore|p1a: Hitmonchan
|-start|p1a: Hitmonchan|Encore
|move|p1a: Hitmonchan|Bullet Punch|p2a: Jumpluff
|-resisted|p2a: Jumpluff
|-activate|p2a: Jumpluff|move: Substitute|[damage]
|
|-damage|p1a: Hitmonchan|76/100|[from] Leech Seed|[of] p2a: Jumpluff
|-heal|p2a: Jumpluff|66/100|[silent]
|upkeep
|turn|15
|
|t:|1760867089
|move|p1a: Hitmonchan|Bullet Punch|p2a: Jumpluff
|-resisted|p2a: Jumpluff
|-end|p2a: Jumpluff|Substitute
|move|p2a: Jumpluff|Acrobatics|p1a: Hitmonchan
|-supereffective|p1a: Hitmonchan
|-damage|p1a: Hitmonchan|8/100
|
|-damage|p1a: Hitmonchan|0 fnt|[from] Leech Seed|[of] p2a: Jumpluff
|-heal|p2a: Jumpluff|73/100|[silent]
|faint|p1a: Hitmonchan
|upkeep
|
|t:|1760867101
|switch|p1a: Ceruledge|Ceruledge, F|100/100
|turn|16
|
|t:|1760867108
|move|p2a: Jumpluff|Leech Seed|p1a: Ceruledge
|-start|p1a: Ceruledge|move: Leech Seed
|move|p1a: Ceruledge|Dragon Claw|p2a: Jumpluff
|-damage|p2a: Jumpluff|38/100
|
|-damage|p1a: Ceruledge|88/100|[from] Leech Seed|[of] p2a: Jumpluff
|-heal|p2a: Jumpluff|48/100|[silent]
|upkeep
|turn|17
|
|t:|1760867117
|move|p2a: Jumpluff|Substitute|p2a: Jumpluff
|-start|p2a: Jumpluff|Substitute
|-damage|p2a: Jumpluff|23/100
|move|p1a: Ceruledge|Destiny Bond|p1a: Ceruledge
|-singlemove|p1a: Ceruledge|Destiny Bond
|
|-damage|p1a: Ceruledge|76/100|[from] Leech Seed|[of] p2a: Jumpluff
|-heal|p2a: Jumpluff|33/100|[silent]
|upkeep
|turn|18
|
|t:|1760867124
|move|p2a: Jumpluff|Encore|p1a: Ceruledge
|-start|p1a: Ceruledge|Encore
|move|p1a: Ceruledge|Destiny Bond||[still]
|-fail|p1a: Ceruledge
|
|-damage|p1a: Ceruledge|63/100|[from] Leech Seed|[of] p2a: Jumpluff
|-heal|p2a: Jumpluff|43/100|[silent]
|upkeep
|turn|19
|
|t:|1760867129
|move|p2a: Jumpluff|Acrobatics|p1a: Ceruledge
|-damage|p1a: Ceruledge|28/100
|-ability|p1a: Ceruledge|Weak Armor|boost
|-unboost|p1a: Ceruledge|def|1
|-boost|p1a: Ceruledge|spe|2
|move|p1a: Ceruledge|Destiny Bond|p1a: Ceruledge
|-singlemove|p1a: Ceruledge|Destiny Bond
|
|-damage|p1a: Ceruledge|16/100|[from] Leech Seed|[of] p2a: Jumpluff
|-heal|p2a: Jumpluff|53/100|[silent]
|upkeep
|turn|20
|
|t:|1760867136
|move|p1a: Ceruledge|Destiny Bond||[still]
|-fail|p1a: Ceruledge
|move|p2a: Jumpluff|Leech Seed||[still]
|-fail|p2a: Jumpluff
|
|-damage|p1a: Ceruledge|4/100|[from] Leech Seed|[of] p2a: Jumpluff
|-heal|p2a: Jumpluff|63/100|[silent]
|-end|p1a: Ceruledge|Encore
|upkeep
|turn|21
|
|t:|1760867144
|move|p1a: Ceruledge|Destiny Bond|p1a: Ceruledge
|-singlemove|p1a: Ceruledge|Destiny Bond
|move|p2a: Jumpluff|Acrobatics|p1a: Ceruledge
|-damage|p1a: Ceruledge|0 fnt
|faint|p1a: Ceruledge
|-activate|p1a: Ceruledge|move: Destiny Bond
|faint|p2a: Jumpluff
|
|upkeep
|
|t:|1760867150
|switch|p2a: Garganacl|Garganacl, M|100/100
|switch|p1a: Armarouge|Armarouge, F|100/100
|turn|22
|
|t:|1760867156
|-terastallize|p1a: Armarouge|Rock
|move|p1a: Armarouge|Aura Sphere|p2a: Garganacl
|-supereffective|p2a: Garganacl
|-damage|p2a: Garganacl|49/100
|move|p2a: Garganacl|Salt Cure|p1a: Armarouge
|-damage|p1a: Armarouge|88/100
|-start|p1a: Armarouge|Salt Cure
|
|-damage|p1a: Armarouge|76/100|[from] Salt Cure
|upkeep
|turn|23
|
|t:|1760867161
|switch|p2a: Toxapex|Toxapex, M, shiny|100/100
|move|p1a: Armarouge|Aura Sphere|p2a: Toxapex
|-resisted|p2a: Toxapex
|-damage|p2a: Toxapex|89/100
|
|-heal|p2a: Toxapex|95/100|[from] item: Leftovers
|-damage|p1a: Armarouge|64/100|[from] Salt Cure
|upkeep
|turn|24
|
|t:|1760867166
|move|p1a: Armarouge|Meteor Beam||[still]
|-prepare|p1a: Armarouge|Meteor Beam
|-boost|p1a: Armarouge|spa|1
|-enditem|p1a: Armarouge|Power Herb
|-anim|p1a: Armarouge|Meteor Beam|p2a: Toxapex
|-damage|p2a: Toxapex|6/100
|move|p2a: Toxapex|Recover|p2a: Toxapex
|-heal|p2a: Toxapex|56/100
|
|-heal|p2a: Toxapex|63/100|[from] item: Leftovers
|-damage|p1a: Armarouge|52/100|[from] Salt Cure
|upkeep
|turn|25
|
|t:|1760867175
|move|p1a: Armarouge|Meteor Beam||[still]
|-prepare|p1a: Armarouge|Meteor Beam
|-boost|p1a: Armarouge|spa|1
|move|p2a: Toxapex|Recover|p2a: Toxapex
|-heal|p2a: Toxapex|100/100
|
|-damage|p1a: Armarouge|39/100|[from] Salt Cure
|upkeep
|turn|26
|
|t:|1760867178
|move|p2a: Toxapex|Baneful Bunker|p2a: Toxapex
|-singleturn|p2a: Toxapex|move: Protect
|move|p1a: Armarouge|Meteor Beam|p2a: Toxapex|[from] lockedmove
|-activate|p2a: Toxapex|move: Protect
|
|-damage|p1a: Armarouge|27/100|[from] Salt Cure
|upkeep
|turn|27
|
|t:|1760867183
|move|p1a: Armarouge|Aura Sphere|p2a: Toxapex
|-resisted|p2a: Toxapex
|-damage|p2a: Toxapex|75/100
|move|p2a: Toxapex|Haze|p2a: Toxapex
|-clearallboost
|
|-heal|p2a: Toxapex|81/100|[from] item: Leftovers
|-damage|p1a: Armarouge|15/100|[from] Salt Cure
|upkeep
|turn|28
|
|t:|1760867187
|move|p1a: Armarouge|Armor Cannon|p2a: Toxapex
|-resisted|p2a: Toxapex
|-damage|p2a: Toxapex|53/100
|-unboost|p1a: Armarouge|def|1
|-unboost|p1a: Armarouge|spd|1
|move|p2a: Toxapex|Toxic Spikes|p1a: Armarouge
|-sidestart|p1: poilkjqweasd|move: Toxic Spikes
|
|-heal|p2a: Toxapex|59/100|[from] item: Leftovers
|-damage|p1a: Armarouge|2/100|[from] Salt Cure
|upkeep
|turn|29
|
|t:|1760867193
|move|p2a: Toxapex|Baneful Bunker|p2a: Toxapex
|-singleturn|p2a: Toxapex|move: Protect
|move|p1a: Armarouge|Armor Cannon|p2a: Toxapex
|-activate|p2a: Toxapex|move: Protect
|
|-heal|p2a: Toxapex|66/100|[from] item: Leftovers
|-damage|p1a: Armarouge|0 fnt|[from] Salt Cure
|faint|p1a: Armarouge
|
|win|galar8
|raw|poilkjqweasd's rating: 1110 &rarr; <strong>1088</strong><br />(-22 for losing)
|raw|galar8's rating: 1154 &rarr; <strong>1176</strong><br />(+22 for winning)
|l|☆poilkjqweasd
|player|p1|
|l|☆galar8
|player|p2|
