|j|☆berryjuicejoy
|j|☆Adlet
|t:|1760847621
|gametype|singles
|player|p1|berryjuicejoy|karen-gen2|1243
|player|p2|Adlet|101|1214
|gen|9
|tier|[Gen 9] OU
|rated|
|rule|HP Percentage Mod: HP is shown in percentages
|rule|Endless Battle Clause: Forcing endless battles is banned
|rule|Species Clause: Limit one of each Pokémon
|rule|OHKO Clause: OHKO moves are banned
|rule|Evasion Items Clause: Evasion items are banned
|rule|Evasion Moves Clause: Evasion moves are banned
|rule|Evasion Abilities Clause: Evasion abilities are banned
|rule|Sleep Moves Clause: Sleep-inducing moves are banned
|clearpoke
|poke|p1|Darkrai|
|poke|p1|Kyurem|
|poke|p1|Enamorus-Therian, F|
|poke|p1|Pecharunt|
|poke|p1|Pawmot, F|
|poke|p1|Grimmsnarl, M|
|poke|p2|Heatran, F|
|poke|p2|Iron Valiant|
|poke|p2|Iron Treads|
|poke|p2|Dragapult, M|
|poke|p2|Samurott-Hisui, M|
|poke|p2|Tornadus-Therian, M|
|teampreview
|inactive|Battle timer is ON: inactive players will automatically lose when time's up. (requested by Adlet)
|inactive|berryjuicejoy has 120 seconds left.
|
|t:|1760847667
|teamsize|p1|6
|teamsize|p2|6
|start
|switch|p1a: Darkrai|Darkrai|100/100
|switch|p2a: Dragapult|Dragapult, M|100/100
|turn|1
|
|t:|1760847674
|move|p2a: Dragapult|U-turn|p1a: Darkrai
|-supereffective|p1a: Darkrai
|-damage|p1a: Darkrai|16/100
|
|t:|1760847679
|switch|p2a: Samurott|Samurott-Hisui, M|100/100|[from] U-turn
|move|p1a: Darkrai|Dark Pulse|p2a: Samurott
|-resisted|p2a: Samurott
|-damage|p2a: Samurott|79/100
|-damage|p1a: Darkrai|6/100|[from] item: Life Orb
|
|upkeep
|turn|2
|
|t:|1760847688
|move|p1a: Darkrai|Sludge Bomb|p2a: Samurott
|-damage|p2a: Samurott|51/100
|-damage|p1a: Darkrai|0 fnt|[from] item: Life Orb
|faint|p1a: Darkrai
|move|p2a: Samurott|Ceaseless Edge|p1: Darkrai|[notarget]
|-fail|p2a: Samurott
|
|upkeep
|
|t:|1760847704
|switch|p1a: Grimmsnarl|Grimmsnarl, M|100/100
|turn|3
|
|t:|1760847710
|move|p1a: Grimmsnarl|Reflect|p1a: Grimmsnarl
|-sidestart|p1: berryjuicejoy|Reflect
|move|p2a: Samurott|Knock Off|p1a: Grimmsnarl
|-resisted|p1a: Grimmsnarl
|-damage|p1a: Grimmsnarl|94/100
|-enditem|p1a: Grimmsnarl|Light Clay|[from] move: Knock Off|[of] p2a: Samurott
|
|upkeep
|turn|4
|
|t:|1760847717
|move|p1a: Grimmsnarl|Light Screen|p1a: Grimmsnarl
|-sidestart|p1: berryjuicejoy|move: Light Screen
|move|p2a: Samurott|Ceaseless Edge|p1a: Grimmsnarl
|-resisted|p1a: Grimmsnarl
|-damage|p1a: Grimmsnarl|88/100
|-sidestart|p1: berryjuicejoy|Spikes
|
|upkeep
|turn|5
|
|t:|1760847723
|move|p2a: Samurott|Ceaseless Edge|p1a: Grimmsnarl
|-resisted|p1a: Grimmsnarl
|-damage|p1a: Grimmsnarl|81/100
|-sidestart|p1: berryjuicejoy|Spikes
|move|p1a: Grimmsnarl|Hammer Arm|p2a: Samurott
|-supereffective|p2a: Samurott
|-damage|p2a: Samurott|0 fnt
|-unboost|p1a: Grimmsnarl|spe|1
|faint|p2a: Samurott
|
|upkeep
|inactive|Adlet has 120 seconds left.
|
|t:|1760847753
|switch|p2a: Tornadus|Tornadus-Therian, M|100/100
|turn|6
|
|t:|1760847758
|move|p1a: Grimmsnarl|Parting Shot|p2a: Tornadus
|-unboost|p2a: Tornadus|atk|1
|-unboost|p2a: Tornadus|spa|1
|
|t:|1760847762
|switch|p1a: Enamorus|Enamorus-Therian, F|100/100|[from] Parting Shot
|move|p2a: Tornadus|Bleakwind Storm|p1a: Enamorus|[miss]
|-miss|p2a: Tornadus|p1a: Enamorus
|
|upkeep
|turn|7
|
|t:|1760847789
|move|p2a: Tornadus|Knock Off|p1a: Enamorus
|-resisted|p1a: Enamorus
|-damage|p1a: Enamorus|98/100
|-enditem|p1a: Enamorus|Leftovers|[from] move: Knock Off|[of] p2a: Tornadus
|move|p1a: Enamorus|Calm Mind|p1a: Enamorus
|-boost|p1a: Enamorus|spa|1
|-boost|p1a: Enamorus|spd|1
|
|upkeep
|turn|8
|
|t:|1760847811
|switch|p2a: Heatran|Heatran, F|100/100
|move|p1a: Enamorus|Iron Defense|p1a: Enamorus
|-boost|p1a: Enamorus|def|2
|
|-sideend|p1: berryjuicejoy|move: Light Screen
|upkeep
|turn|9
|
|t:|1760847825
|-terastallize|p1a: Enamorus|Ground
|move|p2a: Heatran|Will-O-Wisp|p1a: Enamorus
|-status|p1a: Enamorus|brn
|move|p1a: Enamorus|Earth Power|p2a: Heatran
|-supereffective|p2a: Heatran
|-damage|p2a: Heatran|0 fnt
|faint|p2a: Heatran
|
|-damage|p1a: Enamorus|92/100 brn|[from] brn
|upkeep
|-message|Adlet forfeited.
|
|win|berryjuicejoy
|raw|berryjuicejoy's rating: 1243 &rarr; <strong>1266</strong><br />(+23 for winning)
|raw|Adlet's rating: 1214 &rarr; <strong>1191</strong><br />(-23 for losing)
|l|☆Adlet
|player|p2|
|l|☆berryjuicejoy
|player|p1|
