|j|☆Fygarx
|j|☆halaman95
|t:|1760861538
|gametype|singles
|player|p1|Fygarx|zinzolin|1433
|player|p2|halaman95|266|1477
|gen|9
|tier|[Gen 9] OU
|rated|
|rule|HP Percentage Mod: HP is shown in percentages
|rule|Endless Battle Clause: Forcing endless battles is banned
|rule|Species Clause: Limit one of each Pokémon
|rule|OHKO Clause: OHKO moves are banned
|rule|Evasion Items Clause: Evasion items are banned
|rule|Evasion Moves Clause: Evasion moves are banned
|rule|Evasion Abilities Clause: Evasion abilities are banned
|rule|Sleep Moves Clause: Sleep-inducing moves are banned
|clearpoke
|poke|p1|Zamazenta-*|
|poke|p1|Ninetales-Alola, F|
|poke|p1|Darkrai|
|poke|p1|Ceruledge, F|
|poke|p1|Gliscor, M|
|poke|p1|Hatterene, F|
|poke|p2|Rillaboom, F|
|poke|p2|Manaphy|
|poke|p2|Pecharunt|
|poke|p2|Hawlucha, M|
|poke|p2|Comfey, M|
|poke|p2|Cinderace, M|
|teampreview
|inactive|Battle timer is ON: inactive players will automatically lose when time's up. (requested by halaman95)
|inactive|Fygarx has 120 seconds left.
|
|t:|1760861579
|teamsize|p1|6
|teamsize|p2|6
|start
|switch|p1a: Ceruledge|Ceruledge, F|100/100
|switch|p2a: Rillaboom|Rillaboom, F|100/100
|turn|1
|
|t:|1760861597
|switch|p2a: Manaphy|Manaphy|100/100
|move|p1a: Ceruledge|Bulk Up|p1a: Ceruledge
|-boost|p1a: Ceruledge|atk|1
|-boost|p1a: Ceruledge|def|1
|
|upkeep
|turn|2
|
|t:|1760861613
|switch|p1a: Ninetales|Ninetales-Alola, F|100/100
|-weather|Snowscape|[from] ability: Snow Warning|[of] p1a: Ninetales
|move|p2a: Manaphy|Acid Armor|p2a: Manaphy
|-boost|p2a: Manaphy|def|2
|
|-weather|Snowscape|[upkeep]
|upkeep
|turn|3
|
|t:|1760861621
|switch|p2a: Cinderace|Cinderace, M|100/100
|move|p1a: Ninetales|Encore||[still]
|-fail|p1a: Ninetales
|
|-weather|Snowscape|[upkeep]
|upkeep
|turn|4
|
|t:|1760861630
|switch|p1a: Ceruledge|Ceruledge, F|100/100
|move|p2a: Cinderace|Pyro Ball|p1a: Ceruledge
|-start|p1a: Ceruledge|ability: Flash Fire
|
|-weather|Snowscape|[upkeep]
|upkeep
|turn|5
|
|t:|1760861638
|switch|p2a: Manaphy|Manaphy|100/100
|move|p1a: Ceruledge|Bitter Blade|p2a: Manaphy
|-resisted|p2a: Manaphy
|-damage|p2a: Manaphy|79/100
|
|-weather|Snowscape|[upkeep]
|-heal|p2a: Manaphy|85/100|[from] item: Leftovers
|upkeep
|turn|6
|
|t:|1760861647
|-end|p1a: Ceruledge|ability: Flash Fire|[silent]
|switch|p1a: Ninetales|Ninetales-Alola, F|100/100
|move|p2a: Manaphy|Scald|p1a: Ninetales
|-damage|p1a: Ninetales|73/100
|-status|p1a: Ninetales|brn
|
|-weather|none
|-heal|p2a: Manaphy|91/100|[from] item: Leftovers
|-damage|p1a: Ninetales|67/100 brn|[from] brn
|upkeep
|turn|7
|
|t:|1760861656
|move|p1a: Ninetales|Freeze-Dry|p2a: Manaphy
|-supereffective|p2a: Manaphy
|-damage|p2a: Manaphy|60/100
|move|p2a: Manaphy|Scald|p1a: Ninetales
|-damage|p1a: Ninetales|38/100 brn
|
|-heal|p2a: Manaphy|66/100|[from] item: Leftovers
|-damage|p1a: Ninetales|32/100 brn|[from] brn
|upkeep
|turn|8
|
|t:|1760861677
|switch|p1a: Hatterene|Hatterene, F|100/100
|switch|p2a: Cinderace|Cinderace, M|100/100
|
|upkeep
|turn|9
|
|t:|1760861691
|move|p2a: Cinderace|U-turn|p1a: Hatterene
|-damage|p1a: Hatterene|83/100
|
|t:|1760861694
|switch|p2a: Rillaboom|Rillaboom, F|100/100|[from] U-turn
|move|p1a: Hatterene|Calm Mind|p1a: Hatterene
|-boost|p1a: Hatterene|spa|1
|-boost|p1a: Hatterene|spd|1
|
|-heal|p1a: Hatterene|89/100|[from] item: Leftovers
|upkeep
|turn|10
|
|t:|1760861702
|move|p2a: Rillaboom|Wood Hammer|p1a: Hatterene
|-damage|p1a: Hatterene|29/100
|-damage|p2a: Rillaboom|85/100|[from] Recoil
|move|p1a: Hatterene|Draining Kiss|p2a: Rillaboom
|-damage|p2a: Rillaboom|50/100
|-heal|p1a: Hatterene|63/100|[from] drain|[of] p2a: Rillaboom
|
|-heal|p1a: Hatterene|69/100|[from] item: Leftovers
|upkeep
|turn|11
|
|t:|1760861713
|move|p2a: Rillaboom|Wood Hammer|p1a: Hatterene
|-damage|p1a: Hatterene|14/100
|-damage|p2a: Rillaboom|36/100|[from] Recoil
|move|p1a: Hatterene|Draining Kiss|p2a: Rillaboom
|-damage|p2a: Rillaboom|0 fnt
|-heal|p1a: Hatterene|48/100|[from] drain|[of] p2a: Rillaboom
|faint|p2a: Rillaboom
|
|-heal|p1a: Hatterene|53/100|[from] item: Leftovers
|upkeep
|
|t:|1760861731
|switch|p2a: Manaphy|Manaphy|66/100
|turn|12
|
|t:|1760861738
|move|p2a: Manaphy|Take Heart|p2a: Manaphy
|-boost|p2a: Manaphy|spa|1
|-boost|p2a: Manaphy|spd|1
|move|p1a: Hatterene|Draining Kiss|p2a: Manaphy
|-damage|p2a: Manaphy|46/100
|-heal|p1a: Hatterene|73/100|[from] drain|[of] p2a: Manaphy
|
|-heal|p2a: Manaphy|52/100|[from] item: Leftovers
|-heal|p1a: Hatterene|79/100|[from] item: Leftovers
|upkeep
|turn|13
|
|t:|1760861746
|move|p2a: Manaphy|Take Heart|p2a: Manaphy
|-boost|p2a: Manaphy|spa|1
|-boost|p2a: Manaphy|spd|1
|move|p1a: Hatterene|Calm Mind|p1a: Hatterene
|-boost|p1a: Hatterene|spa|1
|-boost|p1a: Hatterene|spd|1
|
|-heal|p2a: Manaphy|58/100|[from] item: Leftovers
|-heal|p1a: Hatterene|85/100|[from] item: Leftovers
|upkeep
|turn|14
|
|t:|1760861759
|move|p2a: Manaphy|Take Heart|p2a: Manaphy
|-boost|p2a: Manaphy|spa|1
|-boost|p2a: Manaphy|spd|1
|move|p1a: Hatterene|Draining Kiss|p2a: Manaphy
|-damage|p2a: Manaphy|42/100
|-heal|p1a: Hatterene|100/100|[from] drain|[of] p2a: Manaphy
|
|-heal|p2a: Manaphy|48/100|[from] item: Leftovers
|upkeep
|turn|15
|
|t:|1760861767
|move|p2a: Manaphy|Take Heart|p2a: Manaphy
|-boost|p2a: Manaphy|spa|1
|-boost|p2a: Manaphy|spd|1
|move|p1a: Hatterene|Calm Mind|p1a: Hatterene
|-boost|p1a: Hatterene|spa|1
|-boost|p1a: Hatterene|spd|1
|
|-heal|p2a: Manaphy|54/100|[from] item: Leftovers
|upkeep
|turn|16
|
|t:|1760861775
|move|p2a: Manaphy|Scald|p1a: Hatterene
|-damage|p1a: Hatterene|65/100
|-status|p1a: Hatterene|brn
|move|p1a: Hatterene|Psyshock|p2a: Manaphy
|-damage|p2a: Manaphy|0 fnt
|faint|p2a: Manaphy
|
|-heal|p1a: Hatterene|71/100 brn|[from] item: Leftovers
|-damage|p1a: Hatterene|65/100 brn|[from] brn
|upkeep
|
|t:|1760861789
|switch|p2a: Cinderace|Cinderace, M|100/100
|turn|17
|
|t:|1760861791
|move|p2a: Cinderace|Pyro Ball|p1a: Hatterene
|-damage|p1a: Hatterene|20/100 brn
|move|p1a: Hatterene|Draining Kiss|p2a: Cinderace
|-resisted|p2a: Cinderace
|-damage|p2a: Cinderace|64/100
|-heal|p1a: Hatterene|46/100 brn|[from] drain|[of] p2a: Cinderace
|
|-heal|p1a: Hatterene|52/100 brn|[from] item: Leftovers
|-damage|p1a: Hatterene|46/100 brn|[from] brn
|upkeep
|turn|18
|
|t:|1760861807
|move|p2a: Cinderace|Pyro Ball|p1a: Hatterene
|-damage|p1a: Hatterene|0 fnt
|faint|p1a: Hatterene
|
|upkeep
|
|t:|1760861816
|switch|p1a: Ceruledge|Ceruledge, F|100/100
|turn|19
|
|t:|1760861830
|move|p2a: Cinderace|U-turn|p1a: Ceruledge
|-resisted|p1a: Ceruledge
|-damage|p1a: Ceruledge|95/100
|
|t:|1760861833
|switch|p2a: Hawlucha|Hawlucha, M|100/100|[from] U-turn
|move|p1a: Ceruledge|Bulk Up|p1a: Ceruledge
|-boost|p1a: Ceruledge|atk|1
|-boost|p1a: Ceruledge|def|1
|
|upkeep
|turn|20
|
|t:|1760861840
|move|p1a: Ceruledge|Shadow Sneak|p2a: Hawlucha
|-damage|p2a: Hawlucha|72/100
|move|p2a: Hawlucha|Encore|p1a: Ceruledge
|-start|p1a: Ceruledge|Encore
|
|upkeep
|turn|21
|
|t:|1760861854
|move|p1a: Ceruledge|Shadow Sneak|p2a: Hawlucha
|-damage|p2a: Hawlucha|42/100
|move|p2a: Hawlucha|Swords Dance|p2a: Hawlucha
|-boost|p2a: Hawlucha|atk|2
|
|upkeep
|turn|22
|
|t:|1760861859
|move|p1a: Ceruledge|Shadow Sneak|p2a: Hawlucha
|-crit|p2a: Hawlucha
|-damage|p2a: Hawlucha|0 fnt
|faint|p2a: Hawlucha
|
|upkeep
|
|t:|1760861868
|switch|p2a: Pecharunt|Pecharunt|100/100
|turn|23
|
|t:|1760861873
|move|p1a: Ceruledge|Shadow Sneak|p2a: Pecharunt
|-supereffective|p2a: Pecharunt
|-damage|p2a: Pecharunt|64/100
|move|p2a: Pecharunt|Malignant Chain|p1a: Ceruledge
|-resisted|p1a: Ceruledge
|-damage|p1a: Ceruledge|78/100
|
|-end|p1a: Ceruledge|Encore
|upkeep
|turn|24
|
|t:|1760861884
|move|p2a: Pecharunt|Recover|p2a: Pecharunt
|-heal|p2a: Pecharunt|100/100
|move|p1a: Ceruledge|Bitter Blade|p2a: Pecharunt
|-damage|p2a: Pecharunt|63/100
|-heal|p1a: Ceruledge|95/100|[from] drain|[of] p2a: Pecharunt
|
|upkeep
|turn|25
|
|t:|1760861900
|move|p2a: Pecharunt|Recover|p2a: Pecharunt
|-heal|p2a: Pecharunt|100/100
|move|p1a: Ceruledge|Bulk Up|p1a: Ceruledge
|-boost|p1a: Ceruledge|atk|1
|-boost|p1a: Ceruledge|def|1
|
|upkeep
|turn|26
|
|t:|1760861906
|move|p2a: Pecharunt|Malignant Chain|p1a: Ceruledge
|-resisted|p1a: Ceruledge
|-damage|p1a: Ceruledge|79/100
|move|p1a: Ceruledge|Bitter Blade|p2a: Pecharunt
|-damage|p2a: Pecharunt|48/100
|-heal|p1a: Ceruledge|100/100|[from] drain|[of] p2a: Pecharunt
|
|upkeep
|turn|27
|
|t:|1760861913
|move|p2a: Pecharunt|Malignant Chain|p1a: Ceruledge
|-resisted|p1a: Ceruledge
|-damage|p1a: Ceruledge|85/100
|move|p1a: Ceruledge|Taunt|p2a: Pecharunt
|-start|p2a: Pecharunt|move: Taunt
|
|upkeep
|turn|28
|
|t:|1760861920
|move|p2a: Pecharunt|Malignant Chain|p1a: Ceruledge
|-resisted|p1a: Ceruledge
|-damage|p1a: Ceruledge|70/100
|move|p1a: Ceruledge|Bitter Blade|p2a: Pecharunt
|-damage|p2a: Pecharunt|0 fnt
|-heal|p1a: Ceruledge|92/100|[from] drain|[of] p2a: Pecharunt
|faint|p2a: Pecharunt
|
|upkeep
|-message|halaman95 forfeited.
|
|win|Fygarx
|raw|Fygarx's rating: 1433 &rarr; <strong>1456</strong><br />(+23 for winning)
|raw|halaman95's rating: 1477 &rarr; <strong>1454</strong><br />(-23 for losing)
|l|☆halaman95
|player|p2|
|l|☆Fygarx
|player|p1|
