|j|☆utopiaan22
|j|☆ArcticJamaica
|t:|1760858260
|gametype|singles
|player|p1|utopiaan22|265|1116
|player|p2|ArcticJamaica|clerk|1172
|gen|9
|tier|[Gen 9] OU
|rated|
|rule|HP Percentage Mod: HP is shown in percentages
|rule|Endless Battle Clause: Forcing endless battles is banned
|rule|Species Clause: Limit one of each Pokémon
|rule|OHKO Clause: OHKO moves are banned
|rule|Evasion Items Clause: Evasion items are banned
|rule|Evasion Moves Clause: Evasion moves are banned
|rule|Evasion Abilities Clause: Evasion abilities are banned
|rule|Sleep Moves Clause: Sleep-inducing moves are banned
|clearpoke
|poke|p1|Tyranitar, F|
|poke|p1|Excadrill, M|
|poke|p1|Keldeo-Resolute|
|poke|p1|Tornadus-Therian, M|
|poke|p1|Heatran, M|
|poke|p1|Hydrapple, M|
|poke|p2|Tyranitar, F|
|poke|p2|Excadrill, M|
|poke|p2|Corviknight, M|
|poke|p2|Kingambit, F|
|poke|p2|Deoxys-Speed|
|poke|p2|Clefable, F|
|teampreview
|inactive|Battle timer is ON: inactive players will automatically lose when time's up. (requested by ArcticJamaica)
|c|☆ArcticJamaica|yooo
|c|☆utopiaan22|hey
|c|☆ArcticJamaica|uu team?
|inactive|ArcticJamaica has 120 seconds left.
|c|☆utopiaan22|yea wanted to try iit
|
|t:|1760858297
|teamsize|p1|6
|teamsize|p2|6
|start
|switch|p1a: Heatran|Heatran, M|100/100
|switch|p2a: Deoxys|Deoxys-Speed|100/100
|-ability|p2a: Deoxys|Pressure
|turn|1
|c|☆ArcticJamaica|tuff
|c|☆utopiaan22|its actually good this is a new account nd im like 5-1
|c|☆ArcticJamaica|sick bro
|
|t:|1760858321
|move|p2a: Deoxys|Superpower|p1a: Heatran
|-supereffective|p1a: Heatran
|-damage|p1a: Heatran|45/100
|-unboost|p2a: Deoxys|atk|1
|-unboost|p2a: Deoxys|def|1
|move|p1a: Heatran|Taunt|p2a: Deoxys
|-start|p2a: Deoxys|move: Taunt
|
|-heal|p1a: Heatran|51/100|[from] item: Leftovers
|upkeep
|turn|2
|
|t:|1760858343
|switch|p2a: Tyranitar|Tyranitar, F|100/100
|-weather|Sandstorm|[from] ability: Sand Stream|[of] p2a: Tyranitar
|move|p1a: Heatran|Magma Storm|p2a: Tyranitar|[miss]
|-miss|p1a: Heatran|p2a: Tyranitar
|
|-weather|Sandstorm|[upkeep]
|-heal|p1a: Heatran|57/100|[from] item: Leftovers
|upkeep
|turn|3
|
|t:|1760858354
|switch|p1a: Hydrapple|Hydrapple, M|100/100
|move|p2a: Tyranitar|Stone Edge|p1a: Hydrapple
|-damage|p1a: Hydrapple|65/100
|
|-weather|Sandstorm|[upkeep]
|-damage|p1a: Hydrapple|59/100|[from] Sandstorm
|upkeep
|turn|4
|
|t:|1760858363
|move|p2a: Tyranitar|Knock Off|p1a: Hydrapple
|-damage|p1a: Hydrapple|29/100
|-damage|p2a: Tyranitar|84/100|[from] item: Rocky Helmet|[of] p1a: Hydrapple
|-enditem|p1a: Hydrapple|Rocky Helmet|[from] move: Knock Off|[of] p2a: Tyranitar
|move|p1a: Hydrapple|Giga Drain|p2a: Tyranitar
|-supereffective|p2a: Tyranitar
|-damage|p2a: Tyranitar|60/100
|-heal|p1a: Hydrapple|41/100|[from] drain|[of] p2a: Tyranitar
|
|-weather|Sandstorm|[upkeep]
|-damage|p1a: Hydrapple|35/100|[from] Sandstorm
|upkeep
|turn|5
|inactive|ArcticJamaica has 120 seconds left.
|
|t:|1760858394
|switch|p2a: Corviknight|Corviknight, M|100/100
|-ability|p2a: Corviknight|Pressure
|switch|p1a: Heatran|Heatran, M|57/100
|
|-weather|Sandstorm|[upkeep]
|-heal|p1a: Heatran|63/100|[from] item: Leftovers
|upkeep
|turn|6
|inactive|ArcticJamaica has 120 seconds left.
|
|t:|1760858420
|move|p1a: Heatran|Magma Storm|p2a: Corviknight
|-supereffective|p2a: Corviknight
|-damage|p2a: Corviknight|41/100
|-activate|p2a: Corviknight|move: Magma Storm|[of] p1a: Heatran
|move|p2a: Corviknight|U-turn|p1a: Heatran
|-resisted|p1a: Heatran
|-damage|p1a: Heatran|60/100
|-status|p2a: Corviknight|brn|[from] ability: Flame Body|[of] p1a: Heatran
|
|t:|1760858426
|switch|p2a: Excadrill|Excadrill, M|100/100|[from] U-turn
|
|-weather|none
|-heal|p1a: Heatran|67/100|[from] item: Leftovers
|upkeep
|turn|7
|inactive|ArcticJamaica has 90 seconds left.
|
|t:|1760858455
|switch|p2a: Corviknight|Corviknight, M|41/100 brn
|-ability|p2a: Corviknight|Pressure
|switch|p1a: Tornadus|Tornadus-Therian, M|100/100
|
|-heal|p2a: Corviknight|48/100 brn|[from] item: Leftovers
|-damage|p2a: Corviknight|41/100 brn|[from] brn
|upkeep
|turn|8
|inactive|ArcticJamaica has 90 seconds left.
|
|t:|1760858463
|move|p1a: Tornadus|Heat Wave|p2a: Corviknight
|-supereffective|p2a: Corviknight
|-damage|p2a: Corviknight|10/100 brn
|move|p2a: Corviknight|Roost|p2a: Corviknight
|-heal|p2a: Corviknight|60/100 brn
|-singleturn|p2a: Corviknight|move: Roost
|
|-heal|p2a: Corviknight|66/100 brn|[from] item: Leftovers
|-damage|p2a: Corviknight|60/100 brn|[from] brn
|upkeep
|turn|9
|
|t:|1760858477
|switch|p1a: Heatran|Heatran, M|67/100
|move|p2a: Corviknight|Roost|p2a: Corviknight
|-heal|p2a: Corviknight|100/100 brn
|-singleturn|p2a: Corviknight|move: Roost
|
|-heal|p1a: Heatran|73/100|[from] item: Leftovers
|-damage|p2a: Corviknight|94/100 brn|[from] brn
|upkeep
|turn|10
|
|t:|1760858491
|move|p1a: Heatran|Magma Storm|p2a: Corviknight|[miss]
|-miss|p1a: Heatran|p2a: Corviknight
|move|p2a: Corviknight|U-turn|p1a: Heatran
|-resisted|p1a: Heatran
|-damage|p1a: Heatran|71/100
|
|t:|1760858494
|switch|p2a: Tyranitar|Tyranitar, F|60/100|[from] U-turn
|-weather|Sandstorm|[from] ability: Sand Stream|[of] p2a: Tyranitar
|
|-weather|Sandstorm|[upkeep]
|-heal|p1a: Heatran|77/100|[from] item: Leftovers
|upkeep
|turn|11
|inactive|ArcticJamaica has 90 seconds left.
|
|t:|1760858515
|move|p1a: Heatran|Earth Power|p2a: Tyranitar
|-supereffective|p2a: Tyranitar
|-damage|p2a: Tyranitar|41/100
|move|p2a: Tyranitar|Stone Edge|p1a: Heatran|[miss]
|-miss|p2a: Tyranitar|p1a: Heatran
|
|-weather|Sandstorm|[upkeep]
|-heal|p1a: Heatran|84/100|[from] item: Leftovers
|upkeep
|turn|12
|inactive|ArcticJamaica has 90 seconds left.
|
|t:|1760858529
|switch|p1a: Tyranitar|Tyranitar, F|100/100
|move|p2a: Tyranitar|Earthquake|p1a: Tyranitar
|-supereffective|p1a: Tyranitar
|-damage|p1a: Tyranitar|44/100
|
|-weather|Sandstorm|[upkeep]
|upkeep
|turn|13
|
|t:|1760858538
|switch|p2a: Corviknight|Corviknight, M|94/100 brn
|-ability|p2a: Corviknight|Pressure
|switch|p1a: Tornadus|Tornadus-Therian, M|100/100
|
|-weather|Sandstorm|[upkeep]
|-damage|p1a: Tornadus|94/100|[from] Sandstorm
|-heal|p2a: Corviknight|100/100 brn|[from] item: Leftovers
|-damage|p2a: Corviknight|94/100 brn|[from] brn
|upkeep
|turn|14
|
|t:|1760858552
|move|p1a: Tornadus|Taunt|p2a: Corviknight
|-start|p2a: Corviknight|move: Taunt
|cant|p2a: Corviknight|move: Taunt|Bulk Up
|
|-weather|none
|-heal|p2a: Corviknight|100/100 brn|[from] item: Leftovers
|-damage|p2a: Corviknight|94/100 brn|[from] brn
|upkeep
|turn|15
|
|t:|1760858559
|move|p1a: Tornadus|Heat Wave|p2a: Corviknight
|-supereffective|p2a: Corviknight
|-damage|p2a: Corviknight|59/100 brn
|move|p2a: Corviknight|Brave Bird|p1a: Tornadus
|-damage|p1a: Tornadus|74/100
|-damage|p2a: Corviknight|53/100 brn|[from] Recoil
|
|-heal|p2a: Corviknight|59/100 brn|[from] item: Leftovers
|-damage|p2a: Corviknight|53/100 brn|[from] brn
|upkeep
|turn|16
|
|t:|1760858567
|move|p1a: Tornadus|Heat Wave|p2a: Corviknight
|-supereffective|p2a: Corviknight
|-damage|p2a: Corviknight|19/100 brn
|move|p2a: Corviknight|U-turn|p1a: Tornadus
|-resisted|p1a: Tornadus
|-damage|p1a: Tornadus|71/100
|
|t:|1760858579
|switch|p2a: Tyranitar|Tyranitar, F|41/100|[from] U-turn
|-weather|Sandstorm|[from] ability: Sand Stream|[of] p2a: Tyranitar
|
|-weather|Sandstorm|[upkeep]
|-damage|p1a: Tornadus|64/100|[from] Sandstorm
|upkeep
|turn|17
|
|t:|1760858585
|move|p1a: Tornadus|U-turn|p2a: Tyranitar
|-supereffective|p2a: Tyranitar
|-damage|p2a: Tyranitar|18/100
|
|t:|1760858588
|switch|p1a: Excadrill|Excadrill, M|100/100|[from] U-turn
|-item|p1a: Excadrill|Air Balloon
|move|p2a: Tyranitar|Stone Edge|p1a: Excadrill
|-resisted|p1a: Excadrill
|-damage|p1a: Excadrill|79/100
|-enditem|p1a: Excadrill|Air Balloon
|
|-weather|Sandstorm|[upkeep]
|upkeep
|turn|18
|inactive|ArcticJamaica has 120 seconds left.
|
|t:|1760858607
|switch|p2a: Corviknight|Corviknight, M|19/100 brn
|-ability|p2a: Corviknight|Pressure
|move|p1a: Excadrill|Iron Head|p2a: Corviknight
|-resisted|p2a: Corviknight
|-damage|p2a: Corviknight|0 fnt
|faint|p2a: Corviknight
|
|-weather|Sandstorm|[upkeep]
|upkeep
|
|t:|1760858624
|switch|p2a: Deoxys|Deoxys-Speed|100/100
|-ability|p2a: Deoxys|Pressure
|turn|19
|inactive|ArcticJamaica has 90 seconds left.
|
|t:|1760858649
|-terastallize|p1a: Excadrill|Ghost
|move|p2a: Deoxys|Superpower|p1a: Excadrill
|-immune|p1a: Excadrill
|move|p1a: Excadrill|Earthquake|p2a: Deoxys
|-damage|p2a: Deoxys|0 fnt
|faint|p2a: Deoxys
|
|-weather|Sandstorm|[upkeep]
|upkeep
|
|t:|1760858660
|switch|p2a: Kingambit|Kingambit, F|100/100
|-activate|p2a: Kingambit|ability: Supreme Overlord
|-start|p2a: Kingambit|fallen2|[silent]
|turn|20
|
|t:|1760858673
|move|p2a: Kingambit|Sucker Punch|p1a: Excadrill
|-supereffective|p1a: Excadrill
|-damage|p1a: Excadrill|0 fnt
|faint|p1a: Excadrill
|
|-weather|none
|upkeep
|
|t:|1760858680
|switch|p1a: Keldeo|Keldeo-Resolute|100/100
|turn|21
|inactive|ArcticJamaica has 90 seconds left.
|
|t:|1760858696
|-end|p2a: Kingambit|fallen2|[silent]
|switch|p2a: Tyranitar|Tyranitar, F|18/100
|-weather|Sandstorm|[from] ability: Sand Stream|[of] p2a: Tyranitar
|move|p1a: Keldeo|Secret Sword|p2a: Tyranitar
|-supereffective|p2a: Tyranitar
|-damage|p2a: Tyranitar|0 fnt
|faint|p2a: Tyranitar
|
|-weather|Sandstorm|[upkeep]
|-damage|p1a: Keldeo|94/100|[from] Sandstorm
|upkeep
|
|t:|1760858698
|switch|p2a: Excadrill|Excadrill, M|100/100
|turn|22
|inactive|ArcticJamaica has 90 seconds left.
|
|t:|1760858723
|move|p2a: Excadrill|Rock Slide|p1a: Keldeo
|-resisted|p1a: Keldeo
|-damage|p1a: Keldeo|73/100
|-damage|p2a: Excadrill|91/100|[from] item: Life Orb
|cant|p1a: Keldeo|flinch
|
|-weather|Sandstorm|[upkeep]
|-damage|p1a: Keldeo|66/100|[from] Sandstorm
|upkeep
|turn|23
|
|t:|1760858732
|switch|p2a: Clefable|Clefable, F|100/100
|move|p1a: Keldeo|Secret Sword|p2a: Clefable
|-resisted|p2a: Clefable
|-damage|p2a: Clefable|62/100
|
|-weather|Sandstorm|[upkeep]
|-damage|p1a: Keldeo|60/100|[from] Sandstorm
|upkeep
|turn|24
|inactive|ArcticJamaica has 90 seconds left.
|
|t:|1760858741
|switch|p1a: Heatran|Heatran, M|84/100
|move|p2a: Clefable|Wish|p2a: Clefable
|
|-weather|Sandstorm|[upkeep]
|-heal|p1a: Heatran|90/100|[from] item: Leftovers
|upkeep
|turn|25
|
|t:|1760858750
|-terastallize|p2a: Clefable|Ghost
|move|p1a: Heatran|Magma Storm|p2a: Clefable|[miss]
|-miss|p1a: Heatran|p2a: Clefable
|move|p2a: Clefable|Thunder Wave|p1a: Heatran
|-status|p1a: Heatran|par
|
|-weather|none
|-heal|p2a: Clefable|100/100|[from] move: Wish|[wisher] Clefable
|-heal|p1a: Heatran|96/100 par|[from] item: Leftovers
|upkeep
|turn|26
|inactive|ArcticJamaica has 90 seconds left.
|
|t:|1760858767
|move|p2a: Clefable|Stealth Rock|p1a: Heatran
|-sidestart|p1: utopiaan22|move: Stealth Rock
|cant|p1a: Heatran|par
|
|-heal|p1a: Heatran|100/100 par|[from] item: Leftovers
|upkeep
|turn|27
|
|t:|1760858773
|move|p2a: Clefable|Moonblast|p1a: Heatran
|-resisted|p1a: Heatran
|-damage|p1a: Heatran|96/100 par
|cant|p1a: Heatran|par
|
|-heal|p1a: Heatran|100/100 par|[from] item: Leftovers
|upkeep
|turn|28
|
|t:|1760858788
|move|p2a: Clefable|Moonblast|p1a: Heatran
|-resisted|p1a: Heatran
|-damage|p1a: Heatran|96/100 par
|move|p1a: Heatran|Magma Storm|p2a: Clefable
|-damage|p2a: Clefable|73/100
|-activate|p2a: Clefable|move: Magma Storm|[of] p1a: Heatran
|
|-heal|p1a: Heatran|100/100 par|[from] item: Leftovers
|-damage|p2a: Clefable|60/100|[from] move: Magma Storm|[partiallytrapped]
|upkeep
|turn|29
|
|t:|1760858800
|move|p2a: Clefable|Wish|p2a: Clefable
|move|p1a: Heatran|Taunt|p2a: Clefable
|-start|p2a: Clefable|move: Taunt
|
|-damage|p2a: Clefable|48/100|[from] move: Magma Storm|[partiallytrapped]
|upkeep
|turn|30
|
|t:|1760858804
|move|p2a: Clefable|Moonblast|p1a: Heatran
|-resisted|p1a: Heatran
|-damage|p1a: Heatran|96/100 par
|-unboost|p1a: Heatran|spa|1
|move|p1a: Heatran|Earth Power|p2a: Clefable
|-damage|p2a: Clefable|29/100
|
|-heal|p2a: Clefable|79/100|[from] move: Wish|[wisher] Clefable
|-heal|p1a: Heatran|100/100 par|[from] item: Leftovers
|-damage|p2a: Clefable|67/100|[from] move: Magma Storm|[partiallytrapped]
|upkeep
|turn|31
|
|t:|1760858813
|switch|p2a: Excadrill|Excadrill, M|91/100
|move|p1a: Heatran|Stealth Rock|p2a: Excadrill
|-sidestart|p2: ArcticJamaica|move: Stealth Rock
|
|upkeep
|turn|32
|inactive|ArcticJamaica has 120 seconds left.
|
|t:|1760858823
|switch|p1a: Hydrapple|Hydrapple, M|68/100
|-damage|p1a: Hydrapple|56/100|[from] Stealth Rock
|move|p2a: Excadrill|Earthquake|p1a: Hydrapple
|-resisted|p1a: Hydrapple
|-damage|p1a: Hydrapple|34/100
|-damage|p2a: Excadrill|81/100|[from] item: Life Orb
|
|upkeep
|turn|33
|
|t:|1760858830
|move|p2a: Excadrill|Iron Head|p1a: Hydrapple
|-damage|p1a: Hydrapple|0 fnt
|faint|p1a: Hydrapple
|-damage|p2a: Excadrill|71/100|[from] item: Life Orb
|
|upkeep
|
|t:|1760858838
|switch|p1a: Tornadus|Tornadus-Therian, M|98/100
|turn|34
|
|t:|1760858843
|move|p1a: Tornadus|Heat Wave|p2a: Excadrill
|-supereffective|p2a: Excadrill
|-damage|p2a: Excadrill|10/100
|move|p2a: Excadrill|Rock Slide|p1a: Tornadus
|-supereffective|p1a: Tornadus
|-damage|p1a: Tornadus|21/100
|-damage|p2a: Excadrill|0 fnt|[from] item: Life Orb
|faint|p2a: Excadrill
|
|upkeep
|
|t:|1760858851
|switch|p2a: Clefable|Clefable, F, tera:Ghost|67/100
|-damage|p2a: Clefable|54/100|[from] Stealth Rock
|turn|35
|
|t:|1760858865
|switch|p2a: Kingambit|Kingambit, F|100/100
|-damage|p2a: Kingambit|94/100|[from] Stealth Rock
|-activate|p2a: Kingambit|ability: Supreme Overlord
|-start|p2a: Kingambit|fallen4|[silent]
|move|p1a: Tornadus|Bleakwind Storm|p2a: Kingambit
|-resisted|p2a: Kingambit
|-damage|p2a: Kingambit|77/100
|
|upkeep
|turn|36
|
|t:|1760858883
|move|p2a: Kingambit|Sucker Punch|p1a: Tornadus
|-crit|p1a: Tornadus
|-damage|p1a: Tornadus|0 fnt
|faint|p1a: Tornadus
|
|upkeep
|
|t:|1760858886
|switch|p1a: Heatran|Heatran, M|100/100 par
|-damage|p1a: Heatran|88/100 par|[from] Stealth Rock
|turn|37
|
|t:|1760858915
|move|p2a: Kingambit|Kowtow Cleave|p1a: Heatran
|-damage|p1a: Heatran|30/100 par
|move|p1a: Heatran|Earth Power|p2a: Kingambit
|-supereffective|p2a: Kingambit
|-damage|p2a: Kingambit|23/100
|
|-heal|p1a: Heatran|36/100 par|[from] item: Leftovers
|upkeep
|turn|38
|
|t:|1760858928
|move|p2a: Kingambit|Sucker Punch|p1a: Heatran
|-damage|p1a: Heatran|0 fnt
|-status|p2a: Kingambit|brn|[from] ability: Flame Body|[of] p1a: Heatran
|faint|p1a: Heatran
|
|-damage|p2a: Kingambit|17/100 brn|[from] brn
|upkeep
|
|t:|1760858934
|switch|p1a: Keldeo|Keldeo-Resolute|60/100
|-damage|p1a: Keldeo|54/100|[from] Stealth Rock
|turn|39
|
|t:|1760858941
|move|p1a: Keldeo|Surf|p2a: Kingambit
|-damage|p2a: Kingambit|0 fnt
|faint|p2a: Kingambit
|-end|p2a: Kingambit|fallen4|[silent]
|
|upkeep
|
|t:|1760858944
|switch|p2a: Clefable|Clefable, F, tera:Ghost|54/100
|-damage|p2a: Clefable|42/100|[from] Stealth Rock
|turn|40
|
|t:|1760858951
|move|p1a: Keldeo|Surf|p2a: Clefable
|-damage|p2a: Clefable|0 fnt
|faint|p2a: Clefable
|
|win|utopiaan22
|raw|utopiaan22's rating: 1116 &rarr; <strong>1145</strong><br />(+29 for winning)
|raw|ArcticJamaica's rating: 1172 &rarr; <strong>1143</strong><br />(-29 for losing)
|l|☆ArcticJamaica
|player|p2|
|c|☆utopiaan22|gg
