|j|☆BananaHau
|j|☆Scoobenvonduben
|t:|1760819736
|gametype|singles
|player|p1|BananaHau|alec-anime|1390
|player|p2|Scoobenvonduben|brawly|1365
|gen|9
|tier|[Gen 9] OU
|rated|
|rule|HP Percentage Mod: HP is shown in percentages
|rule|Endless Battle Clause: Forcing endless battles is banned
|rule|Species Clause: Limit one of each Pokémon
|rule|OHKO Clause: OHKO moves are banned
|rule|Evasion Items Clause: Evasion items are banned
|rule|Evasion Moves Clause: Evasion moves are banned
|rule|Evasion Abilities Clause: Evasion abilities are banned
|rule|Sleep Moves Clause: Sleep-inducing moves are banned
|clearpoke
|poke|p1|Great Tusk|
|poke|p1|Raging Bolt|
|poke|p1|Iron Valiant|
|poke|p1|Dudunsparce-*, M|
|poke|p1|Latios, M|
|poke|p1|Gholdengo|
|poke|p2|Blissey, F|
|poke|p2|Skeledirge, F|
|poke|p2|Gliscor, M|
|poke|p2|Gyarados, F|
|poke|p2|Corviknight, M|
|poke|p2|Grafaiai, M|
|teampreview
|inactive|Battle timer is ON: inactive players will automatically lose when time's up. (requested by BananaHau)
|
|t:|1760819800
|teamsize|p1|6
|teamsize|p2|6
|start
|switch|p1a: Dudunsparce|Dudunsparce-Three-Segment, M|100/100
|switch|p2a: Gliscor|Gliscor, M, shiny|100/100
|turn|1
|
|t:|1760819807
|move|p2a: Gliscor|Protect|p2a: Gliscor
|-singleturn|p2a: Gliscor|Protect
|move|p1a: Dudunsparce|Glare|p2a: Gliscor
|-activate|p2a: Gliscor|move: Protect
|
|-status|p2a: Gliscor|tox|[from] item: Toxic Orb
|upkeep
|turn|2
|
|t:|1760819812
|move|p2a: Gliscor|Toxic|p1a: Dudunsparce
|-status|p1a: Dudunsparce|tox
|move|p1a: Dudunsparce|Stealth Rock|p2a: Gliscor
|-sidestart|p2: Scoobenvonduben|move: Stealth Rock
|
|-damage|p1a: Dudunsparce|94/100 tox|[from] psn
|upkeep
|turn|3
|
|t:|1760819817
|switch|p1a: Gholdengo|Gholdengo|100/100
|move|p2a: Gliscor|Spikes|p1a: Gholdengo
|-sidestart|p1: BananaHau|Spikes
|
|upkeep
|turn|4
|
|t:|1760819823
|move|p1a: Gholdengo|Nasty Plot|p1a: Gholdengo
|-boost|p1a: Gholdengo|spa|2
|move|p2a: Gliscor|Earthquake|p1a: Gholdengo
|-supereffective|p1a: Gholdengo
|-damage|p1a: Gholdengo|31/100
|
|upkeep
|turn|5
|
|t:|1760819827
|move|p1a: Gholdengo|Make It Rain|p2a: Gliscor
|-damage|p2a: Gliscor|0 fnt
|-unboost|p1a: Gholdengo|spa|1
|faint|p2a: Gliscor
|
|upkeep
|
|t:|1760819832
|switch|p2a: Skeledirge|Skeledirge, F|100/100
|-damage|p2a: Skeledirge|76/100|[from] Stealth Rock
|turn|6
|
|t:|1760819838
|move|p1a: Gholdengo|Shadow Ball|p2a: Skeledirge
|-supereffective|p2a: Skeledirge
|-damage|p2a: Skeledirge|5/100
|move|p2a: Skeledirge|Torch Song|p1a: Gholdengo
|-supereffective|p1a: Gholdengo
|-damage|p1a: Gholdengo|0 fnt
|-boost|p2a: Skeledirge|spa|1
|faint|p1a: Gholdengo
|
|-heal|p2a: Skeledirge|11/100|[from] item: Leftovers
|upkeep
|
|t:|1760819860
|switch|p1a: Great Tusk|Great Tusk|100/100
|-damage|p1a: Great Tusk|88/100|[from] Spikes
|-enditem|p1a: Great Tusk|Booster Energy
|-activate|p1a: Great Tusk|ability: Protosynthesis|[fromitem]
|-start|p1a: Great Tusk|protosynthesisspe
|turn|7
|
|t:|1760819885
|move|p1a: Great Tusk|Headlong Rush|p2a: Skeledirge
|-supereffective|p2a: Skeledirge
|-damage|p2a: Skeledirge|0 fnt
|-unboost|p1a: Great Tusk|def|1
|-unboost|p1a: Great Tusk|spd|1
|faint|p2a: Skeledirge
|
|upkeep
|inactive|Scoobenvonduben has 120 seconds left.
|
|t:|1760819920
|switch|p2a: Gyarados|Gyarados, F, shiny|100/100
|-ability|p2a: Gyarados|Intimidate|boost
|-unboost|p1a: Great Tusk|atk|1
|turn|8
|
|t:|1760819930
|-end|p1a: Great Tusk|Protosynthesis|[silent]
|switch|p1a: Raging Bolt|Raging Bolt|100/100
|-damage|p1a: Raging Bolt|88/100|[from] Spikes
|-enditem|p1a: Raging Bolt|Booster Energy
|-activate|p1a: Raging Bolt|ability: Protosynthesis|[fromitem]
|-start|p1a: Raging Bolt|protosynthesisspa
|move|p2a: Gyarados|Dragon Dance|p2a: Gyarados
|-boost|p2a: Gyarados|atk|1
|-boost|p2a: Gyarados|spe|1
|
|upkeep
|turn|9
|
|t:|1760819942
|-end|p1a: Raging Bolt|Protosynthesis|[silent]
|switch|p1a: Latios|Latios, M|100/100
|-terastallize|p2a: Gyarados|Ground
|move|p2a: Gyarados|Earthquake|p1a: Latios
|-immune|p1a: Latios|[from] ability: Levitate
|
|upkeep
|turn|10
|
|t:|1760819953
|move|p2a: Gyarados|Ice Fang|p1a: Latios
|-supereffective|p1a: Latios
|-damage|p1a: Latios|0 fnt
|faint|p1a: Latios
|
|upkeep
|
|t:|1760819969
|switch|p1a: Iron Valiant|Iron Valiant|100/100
|-damage|p1a: Iron Valiant|88/100|[from] Spikes
|-enditem|p1a: Iron Valiant|Booster Energy
|-activate|p1a: Iron Valiant|ability: Quark Drive|[fromitem]
|-start|p1a: Iron Valiant|quarkdrivespe
|turn|11
|
|t:|1760819975
|move|p1a: Iron Valiant|Encore|p2a: Gyarados
|-start|p2a: Gyarados|Encore
|move|p2a: Gyarados|Ice Fang|p1a: Iron Valiant
|-damage|p1a: Iron Valiant|45/100
|
|upkeep
|turn|12
|
|t:|1760819980
|move|p1a: Iron Valiant|Moonblast|p2a: Gyarados
|-damage|p2a: Gyarados|50/100
|move|p2a: Gyarados|Ice Fang|p1a: Iron Valiant
|-damage|p1a: Iron Valiant|0 fnt
|faint|p1a: Iron Valiant
|-end|p1a: Iron Valiant|Quark Drive|[silent]
|
|upkeep
|
|t:|1760819986
|switch|p1a: Dudunsparce|Dudunsparce-Three-Segment, M|94/100 tox
|-damage|p1a: Dudunsparce|82/100 tox|[from] Spikes
|turn|13
|
|t:|1760819995
|switch|p2a: Blissey|Blissey, F|100/100
|-damage|p2a: Blissey|88/100|[from] Stealth Rock
|move|p1a: Dudunsparce|Boomburst|p2a: Blissey
|-damage|p2a: Blissey|65/100
|
|-heal|p1a: Dudunsparce|88/100 tox|[from] item: Leftovers
|-heal|p2a: Blissey|71/100|[from] item: Leftovers
|-damage|p1a: Dudunsparce|82/100 tox|[from] psn
|upkeep
|turn|14
|
|t:|1760819999
|switch|p1a: Great Tusk|Great Tusk|88/100
|-damage|p1a: Great Tusk|76/100|[from] Spikes
|move|p2a: Blissey|Stealth Rock|p1a: Great Tusk
|-sidestart|p1: BananaHau|move: Stealth Rock
|
|-heal|p2a: Blissey|77/100|[from] item: Leftovers
|upkeep
|turn|15
|
|t:|1760820011
|switch|p2a: Gyarados|Gyarados, F, shiny, tera:Ground|50/100
|-ability|p2a: Gyarados|Intimidate|boost
|-unboost|p1a: Great Tusk|atk|1
|move|p1a: Great Tusk|Bulk Up|p1a: Great Tusk
|-boost|p1a: Great Tusk|atk|1
|-boost|p1a: Great Tusk|def|1
|
|upkeep
|turn|16
|
|t:|1760820019
|move|p1a: Great Tusk|Ice Spinner|p2a: Gyarados
|-supereffective|p2a: Gyarados
|-damage|p2a: Gyarados|0 fnt
|faint|p2a: Gyarados
|
|upkeep
|
|t:|1760820023
|switch|p2a: Corviknight|Corviknight, M|100/100
|-damage|p2a: Corviknight|88/100|[from] Stealth Rock
|turn|17
|
|t:|1760820030
|-end|p1a: Great Tusk|Protosynthesis|[silent]
|switch|p1a: Dudunsparce|Dudunsparce-Three-Segment, M|82/100 tox
|-damage|p1a: Dudunsparce|70/100 tox|[from] Spikes
|-damage|p1a: Dudunsparce|57/100 tox|[from] Stealth Rock
|move|p2a: Corviknight|Iron Defense|p2a: Corviknight
|-boost|p2a: Corviknight|def|2
|
|-heal|p2a: Corviknight|94/100|[from] item: Leftovers
|-heal|p1a: Dudunsparce|64/100 tox|[from] item: Leftovers
|-damage|p1a: Dudunsparce|57/100 tox|[from] psn
|upkeep
|turn|18
|
|t:|1760820034
|move|p2a: Corviknight|Body Press|p1a: Dudunsparce
|-supereffective|p1a: Dudunsparce
|-damage|p1a: Dudunsparce|0 fnt
|faint|p1a: Dudunsparce
|
|-heal|p2a: Corviknight|100/100|[from] item: Leftovers
|upkeep
|
|t:|1760820037
|switch|p1a: Raging Bolt|Raging Bolt|88/100
|-damage|p1a: Raging Bolt|76/100|[from] Spikes
|-damage|p1a: Raging Bolt|64/100|[from] Stealth Rock
|turn|19
|
|t:|1760820042
|switch|p2a: Blissey|Blissey, F|77/100
|-damage|p2a: Blissey|65/100|[from] Stealth Rock
|move|p1a: Raging Bolt|Thunderbolt|p2a: Blissey
|-damage|p2a: Blissey|45/100
|-status|p2a: Blissey|par
|
|-heal|p2a: Blissey|51/100 par|[from] item: Leftovers
|upkeep
|turn|20
|
|t:|1760820047
|move|p1a: Raging Bolt|Calm Mind|p1a: Raging Bolt
|-boost|p1a: Raging Bolt|spa|1
|-boost|p1a: Raging Bolt|spd|1
|move|p2a: Blissey|Soft-Boiled|p2a: Blissey
|-heal|p2a: Blissey|100/100 par
|
|upkeep
|turn|21
|
|t:|1760820051
|-curestatus|p2a: Blissey|par|[from] ability: Natural Cure
|switch|p2a: Grafaiai|Grafaiai, M|100/100
|-damage|p2a: Grafaiai|88/100|[from] Stealth Rock
|move|p1a: Raging Bolt|Thunderbolt|p2a: Grafaiai
|-damage|p2a: Grafaiai|17/100
|-status|p2a: Grafaiai|par
|
|-heal|p2a: Grafaiai|23/100 par|[from] item: Leftovers
|upkeep
|turn|22
|
|t:|1760820058
|move|p2a: Grafaiai|Toxic|p1a: Raging Bolt
|-status|p1a: Raging Bolt|tox
|move|p1a: Raging Bolt|Thunderbolt|p2a: Grafaiai
|-damage|p2a: Grafaiai|0 fnt
|faint|p2a: Grafaiai
|
|-damage|p1a: Raging Bolt|58/100 tox|[from] psn
|upkeep
|
|t:|1760820061
|switch|p2a: Blissey|Blissey, F|100/100
|-damage|p2a: Blissey|88/100|[from] Stealth Rock
|turn|23
|
|t:|1760820076
|-end|p1a: Raging Bolt|Protosynthesis|[silent]
|switch|p1a: Great Tusk|Great Tusk|76/100
|-damage|p1a: Great Tusk|63/100|[from] Spikes
|-damage|p1a: Great Tusk|60/100|[from] Stealth Rock
|move|p2a: Blissey|Seismic Toss|p1a: Great Tusk
|-damage|p1a: Great Tusk|37/100
|
|-heal|p2a: Blissey|94/100|[from] item: Leftovers
|upkeep
|turn|24
|
|t:|1760820081
|switch|p2a: Corviknight|Corviknight, M|100/100
|-damage|p2a: Corviknight|88/100|[from] Stealth Rock
|move|p1a: Great Tusk|Rapid Spin|p2a: Corviknight
|-resisted|p2a: Corviknight
|-damage|p2a: Corviknight|82/100
|-boost|p1a: Great Tusk|spe|1
|-sideend|p1: BananaHau|Spikes|[from] move: Rapid Spin|[of] p1a: Great Tusk
|-sideend|p1: BananaHau|Stealth Rock|[from] move: Rapid Spin|[of] p1a: Great Tusk
|
|-heal|p2a: Corviknight|88/100|[from] item: Leftovers
|upkeep
|turn|25
|
|t:|1760820086
|-end|p1a: Great Tusk|Protosynthesis|[silent]
|switch|p1a: Raging Bolt|Raging Bolt|58/100 tox
|move|p2a: Corviknight|Body Press|p1a: Raging Bolt
|-crit|p1a: Raging Bolt
|-damage|p1a: Raging Bolt|31/100 tox
|
|-heal|p2a: Corviknight|94/100|[from] item: Leftovers
|-damage|p1a: Raging Bolt|25/100 tox|[from] psn
|upkeep
|turn|26
|
|t:|1760820089
|switch|p2a: Blissey|Blissey, F|94/100
|-damage|p2a: Blissey|82/100|[from] Stealth Rock
|move|p1a: Raging Bolt|Thunderbolt|p2a: Blissey
|-damage|p2a: Blissey|61/100
|
|-heal|p2a: Blissey|68/100|[from] item: Leftovers
|-damage|p1a: Raging Bolt|13/100 tox|[from] psn
|upkeep
|turn|27
|
|t:|1760820092
|move|p1a: Raging Bolt|Thunderbolt|p2a: Blissey
|-damage|p2a: Blissey|49/100
|move|p2a: Blissey|Stealth Rock|p1a: Raging Bolt
|-sidestart|p1: BananaHau|move: Stealth Rock
|
|-heal|p2a: Blissey|55/100|[from] item: Leftovers
|-damage|p1a: Raging Bolt|0 fnt|[from] psn
|faint|p1a: Raging Bolt
|-end|p1a: Raging Bolt|Protosynthesis|[silent]
|upkeep
|
|t:|1760820094
|switch|p1a: Great Tusk|Great Tusk|37/100
|-damage|p1a: Great Tusk|34/100|[from] Stealth Rock
|turn|28
|
|t:|1760820099
|move|p1a: Great Tusk|Headlong Rush|p2a: Blissey
|-damage|p2a: Blissey|10/100
|-unboost|p1a: Great Tusk|def|1
|-unboost|p1a: Great Tusk|spd|1
|move|p2a: Blissey|Seismic Toss|p1a: Great Tusk
|-damage|p1a: Great Tusk|11/100
|
|-heal|p2a: Blissey|16/100|[from] item: Leftovers
|upkeep
|turn|29
|-message|BananaHau forfeited.
|
|win|Scoobenvonduben
|raw|BananaHau's rating: 1390 &rarr; <strong>1369</strong><br />(-21 for losing)
|raw|Scoobenvonduben's rating: 1365 &rarr; <strong>1386</strong><br />(+21 for winning)
|l|☆BananaHau
|player|p1|
|l|☆Scoobenvonduben
|player|p2|
