|j|☆Simple99
|j|☆belialatrocity
|t:|1760848105
|gametype|singles
|player|p1|Simple99|170|1204
|player|p2|belialatrocity|veteran|1198
|gen|9
|tier|[Gen 9] OU
|rated|
|rule|HP Percentage Mod: HP is shown in percentages
|rule|Endless Battle Clause: Forcing endless battles is banned
|rule|Species Clause: Limit one of each Pokémon
|rule|OHKO Clause: OHKO moves are banned
|rule|Evasion Items Clause: Evasion items are banned
|rule|Evasion Moves Clause: Evasion moves are banned
|rule|Evasion Abilities Clause: Evasion abilities are banned
|rule|Sleep Moves Clause: Sleep-inducing moves are banned
|clearpoke
|poke|p1|Skarmory, M|
|poke|p1|Primarina, F|
|poke|p1|Great Tusk|
|poke|p1|Iron Boulder|
|poke|p1|Scizor, M|
|poke|p1|Dragapult, M|
|poke|p2|Kingambit, F|
|poke|p2|Deoxys-Speed|
|poke|p2|Great Tusk|
|poke|p2|Dragonite, F|
|poke|p2|Iron Moth|
|poke|p2|Primarina, F|
|teampreview
|inactive|Battle timer is ON: inactive players will automatically lose when time's up. (requested by Simple99)
|
|t:|1760848115
|teamsize|p1|6
|teamsize|p2|6
|start
|switch|p1a: Scizor|Scizor, M|100/100
|switch|p2a: Anomаly|Iron Moth|100/100
|-enditem|p2a: Anomаly|Booster Energy
|-activate|p2a: Anomаly|ability: Quark Drive|[fromitem]
|-start|p2a: Anomаly|quarkdrivespe
|turn|1
|
|t:|1760848137
|move|p1a: Scizor|Bullet Punch|p2a: Anomаly
|-resisted|p2a: Anomаly
|-damage|p2a: Anomаly|63/100
|move|p2a: Anomаly|Fiery Dance|p1a: Scizor
|-supereffective|p1a: Scizor
|-damage|p1a: Scizor|0 fnt
|faint|p1a: Scizor
|
|upkeep
|
|t:|1760848143
|switch|p1a: Primarina|Primarina, F|100/100
|turn|2
|
|t:|1760848158
|-terastallize|p1a: Primarina|Poison
|move|p2a: Anomаly|Sludge Wave|p1a: Primarina
|-resisted|p1a: Primarina
|-damage|p1a: Primarina|88/100
|move|p1a: Primarina|Psychic Noise|p2a: Anomаly
|-supereffective|p2a: Anomаly
|-damage|p2a: Anomаly|0 fnt
|faint|p2a: Anomаly
|-end|p2a: Anomаly|Quark Drive|[silent]
|
|upkeep
|
|t:|1760848165
|switch|p2a: Anomaly|Great Tusk|100/100
|-enditem|p2a: Anomaly|Booster Energy
|-activate|p2a: Anomaly|ability: Protosynthesis|[fromitem]
|-start|p2a: Anomaly|protosynthesisatk
|turn|3
|
|t:|1760848168
|switch|p1a: Skarmory|Skarmory, M|100/100
|move|p2a: Anomaly|Headlong Rush|p1a: Skarmory
|-immune|p1a: Skarmory
|
|upkeep
|turn|4
|
|t:|1760848189
|-end|p2a: Anomaly|Protosynthesis|[silent]
|switch|p2a: Yoshi|Dragonite, F, shiny|100/100
|move|p1a: Skarmory|Stealth Rock|p2a: Yoshi
|-sidestart|p2: belialatrocity|move: Stealth Rock
|
|upkeep
|turn|5
|
|t:|1760848203
|move|p2a: Yoshi|Fire Punch|p1a: Skarmory
|-supereffective|p1a: Skarmory
|-damage|p1a: Skarmory|50/100
|-damage|p2a: Yoshi|84/100|[from] item: Rocky Helmet|[of] p1a: Skarmory
|move|p1a: Skarmory|Iron Defense|p1a: Skarmory
|-boost|p1a: Skarmory|def|2
|
|upkeep
|turn|6
|
|t:|1760848215
|move|p2a: Yoshi|Fire Punch|p1a: Skarmory
|-supereffective|p1a: Skarmory
|-damage|p1a: Skarmory|21/100
|-damage|p2a: Yoshi|67/100|[from] item: Rocky Helmet|[of] p1a: Skarmory
|move|p1a: Skarmory|Roost|p1a: Skarmory
|-heal|p1a: Skarmory|71/100
|-singleturn|p1a: Skarmory|move: Roost
|
|upkeep
|turn|7
|
|t:|1760848223
|switch|p2a: Siren|Primarina, F|100/100
|-damage|p2a: Siren|88/100|[from] Stealth Rock
|move|p1a: Skarmory|Roost|p1a: Skarmory
|-heal|p1a: Skarmory|100/100
|-singleturn|p1a: Skarmory|move: Roost
|
|upkeep
|turn|8
|
|t:|1760848235
|switch|p1a: Primarina|Primarina, F, tera:Poison|88/100
|move|p2a: Siren|Psychic Noise|p1a: Primarina
|-supereffective|p1a: Primarina
|-damage|p1a: Primarina|59/100
|-start|p1a: Primarina|move: Heal Block
|
|upkeep
|turn|9
|
|t:|1760848261
|move|p2a: Siren|Whirlpool|p1a: Primarina
|-damage|p1a: Primarina|47/100
|-activate|p1a: Primarina|move: Whirlpool|[of] p2a: Siren
|move|p1a: Primarina|Flip Turn|p2a: Siren
|-resisted|p2a: Siren
|-damage|p2a: Siren|79/100
|
|t:|1760848272
|switch|p1a: Iron Boulder|Iron Boulder|100/100|[from] Flip Turn
|-enditem|p1a: Iron Boulder|Booster Energy
|-activate|p1a: Iron Boulder|ability: Quark Drive|[fromitem]
|-start|p1a: Iron Boulder|quarkdrivespe
|
|upkeep
|turn|10
|
|t:|1760848291
|-terastallize|p2a: Siren|Poison
|move|p1a: Iron Boulder|Mighty Cleave|p2a: Siren
|-damage|p2a: Siren|10/100
|move|p2a: Siren|Surf|p1a: Iron Boulder
|-supereffective|p1a: Iron Boulder
|-damage|p1a: Iron Boulder|0 fnt
|faint|p1a: Iron Boulder
|-end|p1a: Iron Boulder|Quark Drive|[silent]
|
|upkeep
|
|t:|1760848298
|switch|p1a: Dragapult|Dragapult, M|100/100
|turn|11
|
|t:|1760848306
|move|p1a: Dragapult|U-turn|p2a: Siren
|-resisted|p2a: Siren
|-damage|p2a: Siren|0 fnt
|faint|p2a: Siren
|
|t:|1760848315
|switch|p1a: Great Tusk|Great Tusk|100/100|[from] U-turn
|
|upkeep
|
|t:|1760848334
|switch|p2a: Moebius|Deoxys-Speed|100/100
|-damage|p2a: Moebius|88/100|[from] Stealth Rock
|-ability|p2a: Moebius|Pressure
|turn|12
|
|t:|1760848353
|-end|p1a: Great Tusk|Protosynthesis|[silent]
|switch|p1a: Skarmory|Skarmory, M|100/100
|move|p2a: Moebius|Psycho Boost|p1a: Skarmory
|-resisted|p1a: Skarmory
|-damage|p1a: Skarmory|43/100
|-unboost|p2a: Moebius|spa|2
|-damage|p2a: Moebius|78/100|[from] item: Life Orb
|
|upkeep
|turn|13
|
|t:|1760848364
|switch|p2a: Anomaly|Great Tusk|100/100
|-damage|p2a: Anomaly|98/100|[from] Stealth Rock
|move|p1a: Skarmory|Roost|p1a: Skarmory
|-heal|p1a: Skarmory|93/100
|-singleturn|p1a: Skarmory|move: Roost
|
|upkeep
|turn|14
|
|t:|1760848376
|switch|p1a: Primarina|Primarina, F, tera:Poison|47/100
|move|p2a: Anomaly|Rapid Spin|p1a: Primarina
|-damage|p1a: Primarina|27/100
|-boost|p2a: Anomaly|spe|1
|-sideend|p2: belialatrocity|Stealth Rock|[from] move: Rapid Spin|[of] p2a: Anomaly
|
|upkeep
|turn|15
|
|t:|1760848382
|move|p2a: Anomaly|Headlong Rush|p1a: Primarina
|-supereffective|p1a: Primarina
|-damage|p1a: Primarina|0 fnt
|-unboost|p2a: Anomaly|def|1
|-unboost|p2a: Anomaly|spd|1
|faint|p1a: Primarina
|
|upkeep
|
|t:|1760848389
|switch|p1a: Dragapult|Dragapult, M|100/100
|turn|16
|
|t:|1760848396
|move|p2a: Anomaly|Ice Spinner|p1a: Dragapult
|-supereffective|p1a: Dragapult
|-damage|p1a: Dragapult|26/100
|move|p1a: Dragapult|Shadow Ball|p2a: Anomaly
|-crit|p2a: Anomaly
|-damage|p2a: Anomaly|0 fnt
|faint|p2a: Anomaly
|-end|p2a: Anomaly|Protosynthesis|[silent]
|
|upkeep
|
|t:|1760848415
|switch|p2a: Moebius|Deoxys-Speed|78/100
|-ability|p2a: Moebius|Pressure
|turn|17
|inactive|belialatrocity has 120 seconds left.
|
|t:|1760848446
|move|p2a: Moebius|Shadow Ball|p1a: Dragapult
|-supereffective|p1a: Dragapult
|-crit|p1a: Dragapult
|-damage|p1a: Dragapult|0 fnt
|faint|p1a: Dragapult
|-damage|p2a: Moebius|69/100|[from] item: Life Orb
|
|upkeep
|
|t:|1760848453
|switch|p1a: Skarmory|Skarmory, M|93/100
|turn|18
|inactive|belialatrocity has 120 seconds left.
|
|t:|1760848469
|move|p2a: Moebius|Nasty Plot|p2a: Moebius
|-boost|p2a: Moebius|spa|2
|move|p1a: Skarmory|Roost|p1a: Skarmory
|-heal|p1a: Skarmory|100/100
|-singleturn|p1a: Skarmory|move: Roost
|
|upkeep
|turn|19
|inactive|belialatrocity has 120 seconds left.
|-message|Simple99 forfeited.
|
|win|belialatrocity
|raw|Simple99's rating: 1204 &rarr; <strong>1179</strong><br />(-25 for losing)
|raw|belialatrocity's rating: 1198 &rarr; <strong>1223</strong><br />(+25 for winning)
|l|☆Simple99
|player|p1|
|l|☆belialatrocity
|player|p2|
