|j|☆rookie22
|j|‽solascriptura1521
|t:|1760880961
|gametype|singles
|player|p1|rookie22|iris-gen5bw2|1676
|player|p2|solascriptura1521|266|1696
|gen|9
|tier|[Gen 9] OU
|rated|
|rule|HP Percentage Mod: HP is shown in percentages
|rule|Endless Battle Clause: Forcing endless battles is banned
|rule|Species Clause: Limit one of each Pokémon
|rule|OHKO Clause: OHKO moves are banned
|rule|Evasion Items Clause: Evasion items are banned
|rule|Evasion Moves Clause: Evasion moves are banned
|rule|Evasion Abilities Clause: Evasion abilities are banned
|rule|Sleep Moves Clause: Sleep-inducing moves are banned
|clearpoke
|poke|p1|Dragonite, M|
|poke|p1|Meowscarada, M|
|poke|p1|Keldeo|
|poke|p1|Iron Crown|
|poke|p1|Raging Bolt|
|poke|p1|Great Tusk|
|poke|p2|Torkoal, F|
|poke|p2|Walking Wake|
|poke|p2|Raging Bolt|
|poke|p2|Kingambit, M|
|poke|p2|Great Tusk|
|poke|p2|Hatterene, F|
|teampreview
|inactive|Battle timer is ON: inactive players will automatically lose when time's up. (requested by rookie22)
|
|t:|1760880971
|teamsize|p1|6
|teamsize|p2|6
|start
|switch|p1a: Raging Bolt|Raging Bolt|100/100
|switch|p2a: Hatterene|Hatterene, F|100/100
|turn|1
|
|t:|1760880977
|-end|p1a: Raging Bolt|Protosynthesis|[silent]
|switch|p1a: Bene Gesserit|Iron Crown|100/100
|move|p2a: Hatterene|Calm Mind|p2a: Hatterene
|-boost|p2a: Hatterene|spa|1
|-boost|p2a: Hatterene|spd|1
|
|upkeep
|turn|2
|
|t:|1760880986
|switch|p2a: Raging Bolt|Raging Bolt|100/100
|move|p1a: Bene Gesserit|Tachyon Cutter|p2a: Raging Bolt
|-resisted|p2a: Raging Bolt
|-damage|p2a: Raging Bolt|94/100
|-resisted|p2a: Raging Bolt
|-damage|p2a: Raging Bolt|87/100
|-hitcount|p2a: Raging Bolt|2
|
|upkeep
|turn|3
|
|t:|1760880990
|move|p1a: Bene Gesserit|Psyshock|p2a: Raging Bolt
|-damage|p2a: Raging Bolt|55/100
|move|p2a: Raging Bolt|Draco Meteor|p1a: Bene Gesserit
|-resisted|p1a: Bene Gesserit
|-damage|p1a: Bene Gesserit|76/100
|-unboost|p2a: Raging Bolt|spa|2
|
|upkeep
|turn|4
|
|t:|1760880994
|-end|p2a: Raging Bolt|Protosynthesis|[silent]
|switch|p2a: Kingambit|Kingambit, M|100/100
|move|p1a: Bene Gesserit|Psyshock|p2a: Kingambit
|-immune|p2a: Kingambit
|
|upkeep
|turn|5
|
|t:|1760880999
|-end|p1a: Bene Gesserit|Quark Drive|[silent]
|switch|p1a: Great Tusk|Great Tusk|100/100
|move|p2a: Kingambit|Kowtow Cleave|p1a: Great Tusk
|-resisted|p1a: Great Tusk
|-damage|p1a: Great Tusk|82/100
|
|-heal|p1a: Great Tusk|88/100|[from] item: Leftovers
|upkeep
|turn|6
|
|t:|1760881004
|-end|p2a: Kingambit|fallenundefined|[silent]
|switch|p2a: Hatterene|Hatterene, F|100/100
|move|p1a: Great Tusk|Earthquake|p2a: Hatterene
|-damage|p2a: Hatterene|50/100
|
|-heal|p1a: Great Tusk|94/100|[from] item: Leftovers
|-heal|p2a: Hatterene|56/100|[from] item: Leftovers
|upkeep
|turn|7
|
|t:|1760881014
|-end|p1a: Great Tusk|Protosynthesis|[silent]
|switch|p1a: Bene Gesserit|Iron Crown|76/100
|move|p2a: Hatterene|Mystical Fire|p1a: Bene Gesserit
|-supereffective|p1a: Bene Gesserit
|-damage|p1a: Bene Gesserit|46/100
|-unboost|p1a: Bene Gesserit|spa|1
|
|-heal|p2a: Hatterene|62/100|[from] item: Leftovers
|upkeep
|turn|8
|
|t:|1760881018
|switch|p2a: Raging Bolt|Raging Bolt|55/100
|move|p1a: Bene Gesserit|Tachyon Cutter|p2a: Raging Bolt
|-resisted|p2a: Raging Bolt
|-damage|p2a: Raging Bolt|50/100
|-resisted|p2a: Raging Bolt
|-damage|p2a: Raging Bolt|46/100
|-hitcount|p2a: Raging Bolt|2
|
|upkeep
|turn|9
|
|t:|1760881024
|move|p2a: Raging Bolt|Thunderclap|p1a: Bene Gesserit
|-damage|p1a: Bene Gesserit|17/100
|move|p1a: Bene Gesserit|Psyshock|p2a: Raging Bolt
|-damage|p2a: Raging Bolt|24/100
|
|upkeep
|turn|10
|
|t:|1760881039
|-end|p1a: Bene Gesserit|Quark Drive|[silent]
|switch|p1a: Great Tusk|Great Tusk|94/100
|move|p2a: Raging Bolt|Draco Meteor|p1a: Great Tusk|[miss]
|-miss|p2a: Raging Bolt|p1a: Great Tusk
|
|-heal|p1a: Great Tusk|99/100|[from] item: Leftovers
|upkeep
|turn|11
|
|t:|1760881047
|move|p1a: Great Tusk|Earthquake|p2a: Raging Bolt
|-supereffective|p2a: Raging Bolt
|-damage|p2a: Raging Bolt|0 fnt
|faint|p2a: Raging Bolt
|-end|p2a: Raging Bolt|Protosynthesis|[silent]
|
|-heal|p1a: Great Tusk|100/100|[from] item: Leftovers
|upkeep
|
|t:|1760881049
|switch|p2a: Walking Wake|Walking Wake|100/100
|turn|12
|
|t:|1760881052
|-end|p1a: Great Tusk|Protosynthesis|[silent]
|switch|p1a: Bene Gesserit|Iron Crown|17/100
|move|p2a: Walking Wake|Draco Meteor|p1a: Bene Gesserit|[miss]
|-miss|p2a: Walking Wake|p1a: Bene Gesserit
|
|upkeep
|turn|13
|
|t:|1760881058
|move|p2a: Walking Wake|Draco Meteor|p1a: Bene Gesserit|[miss]
|-miss|p2a: Walking Wake|p1a: Bene Gesserit
|move|p1a: Bene Gesserit|Psyshock|p2a: Walking Wake
|-damage|p2a: Walking Wake|56/100
|
|upkeep
|turn|14
|
|t:|1760881062
|move|p2a: Walking Wake|Draco Meteor|p1a: Bene Gesserit
|-resisted|p1a: Bene Gesserit
|-damage|p1a: Bene Gesserit|0 fnt
|-unboost|p2a: Walking Wake|spa|2
|faint|p1a: Bene Gesserit
|-end|p1a: Bene Gesserit|Quark Drive|[silent]
|
|upkeep
|
|t:|1760881082
|switch|p1a: Meowscarada|Meowscarada, M|100/100
|turn|15
|
|t:|1760881090
|-end|p2a: Walking Wake|Protosynthesis|[silent]
|switch|p2a: Torkoal|Torkoal, F|100/100
|-weather|SunnyDay|[from] ability: Drought|[of] p2a: Torkoal
|move|p1a: Meowscarada|Knock Off|p2a: Torkoal
|-start|p1a: Meowscarada|typechange|Dark|[from] ability: Protean
|-damage|p2a: Torkoal|70/100
|-enditem|p2a: Torkoal|Heat Rock|[from] move: Knock Off|[of] p1a: Meowscarada
|
|-weather|SunnyDay|[upkeep]
|upkeep
|turn|16
|
|t:|1760881095
|switch|p1a: Raging Bolt|Raging Bolt|100/100
|-activate|p1a: Raging Bolt|ability: Protosynthesis
|-start|p1a: Raging Bolt|protosynthesisspa
|move|p2a: Torkoal|Lava Plume|p1a: Raging Bolt
|-resisted|p1a: Raging Bolt
|-damage|p1a: Raging Bolt|85/100
|-status|p1a: Raging Bolt|brn
|
|-weather|SunnyDay|[upkeep]
|-heal|p1a: Raging Bolt|92/100 brn|[from] item: Leftovers
|-damage|p1a: Raging Bolt|85/100 brn|[from] brn
|upkeep
|turn|17
|
|t:|1760881106
|move|p1a: Raging Bolt|Thunderbolt|p2a: Torkoal
|-damage|p2a: Torkoal|0 fnt
|faint|p2a: Torkoal
|
|-weather|SunnyDay|[upkeep]
|-heal|p1a: Raging Bolt|92/100 brn|[from] item: Leftovers
|-damage|p1a: Raging Bolt|85/100 brn|[from] brn
|upkeep
|
|t:|1760881109
|switch|p2a: Great Tusk|Great Tusk|100/100
|-activate|p2a: Great Tusk|ability: Protosynthesis
|-start|p2a: Great Tusk|protosynthesisatk
|turn|18
|
|t:|1760881114
|-end|p1a: Raging Bolt|Protosynthesis|[silent]
|switch|p1a: Great Tusk|Great Tusk|100/100
|-activate|p1a: Great Tusk|ability: Protosynthesis
|-start|p1a: Great Tusk|protosynthesisatk
|move|p2a: Great Tusk|Headlong Rush|p1a: Great Tusk
|-damage|p1a: Great Tusk|51/100
|-unboost|p2a: Great Tusk|def|1
|-unboost|p2a: Great Tusk|spd|1
|
|-weather|SunnyDay|[upkeep]
|-heal|p1a: Great Tusk|57/100|[from] item: Leftovers
|upkeep
|turn|19
|
|t:|1760881120
|-end|p2a: Great Tusk|Protosynthesis|[silent]
|switch|p2a: Hatterene|Hatterene, F|62/100
|move|p1a: Great Tusk|Ice Spinner|p2a: Hatterene
|-damage|p2a: Hatterene|30/100
|
|-weather|SunnyDay|[upkeep]
|-heal|p1a: Great Tusk|63/100|[from] item: Leftovers
|-heal|p2a: Hatterene|36/100|[from] item: Leftovers
|upkeep
|turn|20
|
|t:|1760881123
|move|p1a: Great Tusk|Earthquake|p2a: Hatterene
|-damage|p2a: Hatterene|0 fnt
|faint|p2a: Hatterene
|
|-weather|SunnyDay|[upkeep]
|-heal|p1a: Great Tusk|69/100|[from] item: Leftovers
|upkeep
|
|t:|1760881127
|switch|p2a: Walking Wake|Walking Wake|56/100
|-activate|p2a: Walking Wake|ability: Protosynthesis
|-start|p2a: Walking Wake|protosynthesisspa
|turn|21
|
|t:|1760881144
|move|p2a: Walking Wake|Hydro Steam|p1a: Great Tusk
|-supereffective|p1a: Great Tusk
|-damage|p1a: Great Tusk|0 fnt
|faint|p1a: Great Tusk
|-end|p1a: Great Tusk|Protosynthesis|[silent]
|
|-weather|SunnyDay|[upkeep]
|upkeep
|
|t:|1760881148
|switch|p1a: Lisan Al Gaib|Keldeo|100/100
|turn|22
|
|t:|1760881151
|move|p2a: Walking Wake|Hydro Steam|p1a: Lisan Al Gaib
|-resisted|p1a: Lisan Al Gaib
|-damage|p1a: Lisan Al Gaib|31/100
|move|p1a: Lisan Al Gaib|Aura Sphere|p2a: Walking Wake
|-damage|p2a: Walking Wake|0 fnt
|faint|p2a: Walking Wake
|-end|p2a: Walking Wake|Protosynthesis|[silent]
|
|-weather|none
|upkeep
|
|t:|1760881158
|switch|p2a: Kingambit|Kingambit, M|100/100
|-activate|p2a: Kingambit|ability: Supreme Overlord
|-start|p2a: Kingambit|fallen4|[silent]
|turn|23
|
|t:|1760881171
|switch|p1a: Raging Bolt|Raging Bolt|85/100 brn
|-end|p2a: Kingambit|fallen4|[silent]
|switch|p2a: Great Tusk|Great Tusk|100/100
|
|-heal|p1a: Raging Bolt|92/100 brn|[from] item: Leftovers
|-damage|p1a: Raging Bolt|85/100 brn|[from] brn
|upkeep
|turn|24
|
|t:|1760881186
|-end|p1a: Raging Bolt|Protosynthesis|[silent]
|switch|p1a: Meowscarada|Meowscarada, M|100/100
|move|p2a: Great Tusk|Rapid Spin|p1a: Meowscarada
|-damage|p1a: Meowscarada|72/100
|-boost|p2a: Great Tusk|spe|1
|
|upkeep
|turn|25
|
|t:|1760881192
|move|p2a: Great Tusk|Close Combat|p1a: Meowscarada
|-supereffective|p1a: Meowscarada
|-damage|p1a: Meowscarada|0 fnt
|-unboost|p2a: Great Tusk|def|1
|-unboost|p2a: Great Tusk|spd|1
|faint|p1a: Meowscarada
|
|upkeep
|inactive|rookie22 has 120 seconds left.
|
|t:|1760881222
|switch|p1a: I'm the original.|Dragonite, M|100/100
|turn|26
|
|t:|1760881229
|-terastallize|p1a: I'm the original.|Flying
|move|p2a: Great Tusk|Bulk Up|p2a: Great Tusk
|-boost|p2a: Great Tusk|atk|1
|-boost|p2a: Great Tusk|def|1
|move|p1a: I'm the original.|Dragon Dance|p1a: I'm the original.
|-boost|p1a: I'm the original.|atk|1
|-boost|p1a: I'm the original.|spe|1
|
|upkeep
|turn|27
|
|t:|1760881236
|move|p2a: Great Tusk|Bulk Up|p2a: Great Tusk
|-boost|p2a: Great Tusk|atk|1
|-boost|p2a: Great Tusk|def|1
|move|p1a: I'm the original.|Tera Blast|p2a: Great Tusk|[anim] Tera Blast Flying
|-supereffective|p2a: Great Tusk
|-damage|p2a: Great Tusk|14/100
|
|-heal|p2a: Great Tusk|21/100|[from] item: Leftovers
|upkeep
|turn|28
|
|t:|1760881243
|move|p2a: Great Tusk|Close Combat|p1a: I'm the original.
|-resisted|p1a: I'm the original.
|-damage|p1a: I'm the original.|67/100
|-unboost|p2a: Great Tusk|def|1
|-unboost|p2a: Great Tusk|spd|1
|move|p1a: I'm the original.|Tera Blast|p2a: Great Tusk|[anim] Tera Blast Flying
|-supereffective|p2a: Great Tusk
|-damage|p2a: Great Tusk|0 fnt
|faint|p2a: Great Tusk
|-end|p2a: Great Tusk|Protosynthesis|[silent]
|
|upkeep
|
|t:|1760881248
|switch|p2a: Kingambit|Kingambit, M|100/100
|-activate|p2a: Kingambit|ability: Supreme Overlord
|-start|p2a: Kingambit|fallen5|[silent]
|turn|29
|
|t:|1760881257
|move|p2a: Kingambit|Sucker Punch|p1a: I'm the original.
|-damage|p1a: I'm the original.|0 fnt
|faint|p1a: I'm the original.
|
|upkeep
|
|t:|1760881265
|switch|p1a: Raging Bolt|Raging Bolt|85/100 brn
|turn|30
|
|t:|1760881270
|move|p1a: Raging Bolt|Thunderbolt|p2a: Kingambit
|-damage|p2a: Kingambit|46/100
|move|p2a: Kingambit|Kowtow Cleave|p1a: Raging Bolt
|-damage|p1a: Raging Bolt|5/100 brn
|
|-heal|p1a: Raging Bolt|11/100 brn|[from] item: Leftovers
|-damage|p1a: Raging Bolt|5/100 brn|[from] brn
|upkeep
|turn|31
|
|t:|1760881296
|-terastallize|p2a: Kingambit|Fairy
|move|p1a: Raging Bolt|Thunderclap|p2a: Kingambit
|-damage|p2a: Kingambit|4/100
|move|p2a: Kingambit|Kowtow Cleave|p1a: Raging Bolt
|-damage|p1a: Raging Bolt|0 fnt
|faint|p1a: Raging Bolt
|-end|p1a: Raging Bolt|Protosynthesis|[silent]
|
|upkeep
|
|t:|1760881301
|switch|p1a: Lisan Al Gaib|Keldeo|31/100
|turn|32
|
|t:|1760881304
|move|p1a: Lisan Al Gaib|Vacuum Wave|p2a: Kingambit
|-resisted|p2a: Kingambit
|-damage|p2a: Kingambit|0 fnt
|faint|p2a: Kingambit
|-end|p2a: Kingambit|fallen5|[silent]
|
|win|rookie22
|raw|rookie22's rating: 1676 &rarr; <strong>1697</strong><br />(+21 for winning)
|raw|solascriptura1521's rating: 1696 &rarr; <strong>1675</strong><br />(-21 for losing)
|l|☆rookie22
|player|p1|
|l|‽solascriptura1521
|player|p2|
