|j|‽Brigadi25
|j|☆Kevinsmogono
|t:|1760736304
|gametype|singles
|player|p1|Brigadi25|bugcatcher-gen4dp|1294
|player|p2|Kevinsmogono|1|1328
|gen|9
|tier|[Gen 9] OU
|rated|
|rule|HP Percentage Mod: HP is shown in percentages
|rule|Endless Battle Clause: Forcing endless battles is banned
|rule|Species Clause: Limit one of each Pokémon
|rule|OHKO Clause: OHKO moves are banned
|rule|Evasion Items Clause: Evasion items are banned
|rule|Evasion Moves Clause: Evasion moves are banned
|rule|Evasion Abilities Clause: Evasion abilities are banned
|rule|Sleep Moves Clause: Sleep-inducing moves are banned
|clearpoke
|poke|p1|Ribombee, M|
|poke|p1|Ogerpon-Wellspring, F|
|poke|p1|Tornadus-Therian, M|
|poke|p1|Goodra, M|
|poke|p1|Iron Crown|
|poke|p1|Iron Treads|
|poke|p2|Ceruledge, M|
|poke|p2|Tyranitar, F|
|poke|p2|Garchomp, M|
|poke|p2|Enamorus-Therian, F|
|poke|p2|Cinderace, M|
|poke|p2|Dragalge, F|
|teampreview
|inactive|Battle timer is ON: inactive players will automatically lose when time's up. (requested by Kevinsmogono)
|
|t:|1760736319
|teamsize|p1|6
|teamsize|p2|6
|start
|switch|p1a: Ogerpon|Ogerpon-Wellspring, F|100/100
|switch|p2a: Tyranitar|Tyranitar, F|100/100
|-weather|Sandstorm|[from] ability: Sand Stream|[of] p2a: Tyranitar
|turn|1
|
|t:|1760736327
|switch|p2a: Dragalge|Dragalge, F|100/100
|move|p1a: Ogerpon|Ivy Cudgel|p2a: Dragalge|[anim] Ivy Cudgel Water
|-resisted|p2a: Dragalge
|-damage|p2a: Dragalge|68/100
|
|-weather|Sandstorm|[upkeep]
|-damage|p1a: Ogerpon|95/100|[from] Sandstorm
|-damage|p2a: Dragalge|62/100|[from] Sandstorm
|-heal|p2a: Dragalge|68/100|[from] item: Leftovers
|upkeep
|turn|2
|
|t:|1760736339
|switch|p1a: Iron Treads|Iron Treads|100/100
|move|p2a: Dragalge|Toxic Spikes|p1a: Iron Treads
|-sidestart|p1: Brigadi25|move: Toxic Spikes
|
|-weather|Sandstorm|[upkeep]
|-damage|p2a: Dragalge|62/100|[from] Sandstorm
|-heal|p2a: Dragalge|68/100|[from] item: Leftovers
|upkeep
|turn|3
|
|t:|1760736347
|switch|p2a: Ceruledge|Ceruledge, M|100/100
|move|p1a: Iron Treads|Earthquake|p2a: Ceruledge
|-supereffective|p2a: Ceruledge
|-damage|p2a: Ceruledge|0 fnt
|faint|p2a: Ceruledge
|
|-weather|Sandstorm|[upkeep]
|upkeep
|
|t:|1760736352
|switch|p2a: Cinderace|Cinderace, M|100/100
|turn|4
|
|t:|1760736360
|-terastallize|p1a: Iron Treads|Ghost
|move|p2a: Cinderace|Pyro Ball|p1a: Iron Treads
|-damage|p1a: Iron Treads|28/100
|move|p1a: Iron Treads|Earthquake|p2a: Cinderace
|-supereffective|p2a: Cinderace
|-damage|p2a: Cinderace|0 fnt
|faint|p2a: Cinderace
|
|-weather|Sandstorm|[upkeep]
|-damage|p1a: Iron Treads|22/100|[from] Sandstorm
|upkeep
|
|t:|1760736371
|switch|p2a: Garchomp|Garchomp, M|100/100
|turn|5
|
|t:|1760736390
|move|p1a: Iron Treads|Rapid Spin|p2a: Garchomp
|-damage|p2a: Garchomp|84/100
|-boost|p1a: Iron Treads|spe|1
|-damage|p1a: Iron Treads|10/100|[from] ability: Rough Skin|[of] p2a: Garchomp
|-sideend|p1: Brigadi25|Toxic Spikes|[from] move: Rapid Spin|[of] p1a: Iron Treads
|move|p2a: Garchomp|Scale Shot|p1a: Iron Treads
|-damage|p1a: Iron Treads|0 fnt
|faint|p1a: Iron Treads
|-end|p1a: Iron Treads|Quark Drive|[silent]
|-hitcount|p1: Iron Treads|1
|-unboost|p2a: Garchomp|def|1
|-boost|p2a: Garchomp|spe|1
|
|-weather|none
|upkeep
|
|t:|1760736402
|switch|p1a: Ribombee|Ribombee, M|100/100
|turn|6
|
|t:|1760736408
|move|p2a: Garchomp|Fire Fang|p1a: Ribombee
|-supereffective|p1a: Ribombee
|-damage|p1a: Ribombee|6/100
|move|p1a: Ribombee|Moonblast|p2a: Garchomp
|-supereffective|p2a: Garchomp
|-damage|p2a: Garchomp|3/100
|
|upkeep
|turn|7
|
|t:|1760736426
|move|p2a: Garchomp|Fire Fang|p1a: Ribombee
|-supereffective|p1a: Ribombee
|-damage|p1a: Ribombee|0 fnt
|faint|p1a: Ribombee
|
|upkeep
|
|t:|1760736433
|switch|p1a: Tornadus|Tornadus-Therian, M|100/100
|turn|8
|
|t:|1760736439
|move|p2a: Garchomp|Scale Shot|p1a: Tornadus
|-damage|p1a: Tornadus|85/100
|-damage|p1a: Tornadus|71/100
|-damage|p1a: Tornadus|58/100
|-damage|p1a: Tornadus|44/100
|-crit|p1a: Tornadus
|-damage|p1a: Tornadus|22/100
|-hitcount|p1a: Tornadus|5
|-unboost|p2a: Garchomp|def|1
|-boost|p2a: Garchomp|spe|1
|move|p1a: Tornadus|U-turn|p2a: Garchomp
|-damage|p2a: Garchomp|0 fnt
|-damage|p1a: Tornadus|10/100|[from] ability: Rough Skin|[of] p2a: Garchomp
|faint|p2a: Garchomp
|inactive|Brigadi25 has 120 seconds left.
|
|t:|1760736462
|switch|p1a: Ogerpon|Ogerpon-Wellspring, F|95/100|[from] U-turn
|
|upkeep
|
|t:|1760736467
|switch|p2a: Dragalge|Dragalge, F|68/100
|turn|9
|
|t:|1760736475
|switch|p1a: Iron Crown|Iron Crown|100/100
|-enditem|p1a: Iron Crown|Booster Energy
|-activate|p1a: Iron Crown|ability: Quark Drive|[fromitem]
|-start|p1a: Iron Crown|quarkdrivespe
|move|p2a: Dragalge|Draco Meteor|p1a: Iron Crown
|-resisted|p1a: Iron Crown
|-damage|p1a: Iron Crown|66/100
|-unboost|p2a: Dragalge|spa|2
|
|-heal|p2a: Dragalge|74/100|[from] item: Leftovers
|upkeep
|turn|10
|
|t:|1760736487
|move|p1a: Iron Crown|Calm Mind|p1a: Iron Crown
|-boost|p1a: Iron Crown|spa|1
|-boost|p1a: Iron Crown|spd|1
|move|p2a: Dragalge|Toxic Spikes|p1a: Iron Crown
|-sidestart|p1: Brigadi25|move: Toxic Spikes
|
|-heal|p2a: Dragalge|80/100|[from] item: Leftovers
|upkeep
|turn|11
|-message|Kevinsmogono forfeited.
|
|win|Brigadi25
|raw|Brigadi25's rating: 1294 &rarr; <strong>1321</strong><br />(+27 for winning)
|raw|Kevinsmogono's rating: 1328 &rarr; <strong>1306</strong><br />(-22 for losing)
|l|☆Kevinsmogono
|player|p2|
