|j|☆healorant
|j|☆SpongeGar & Patar
|t:|1760869654
|gametype|singles
|player|p1|healorant|alder|1719
|player|p2|SpongeGar & Patar|101|1813
|gen|9
|tier|[Gen 9] OU
|rated|
|rule|HP Percentage Mod: HP is shown in percentages
|rule|Endless Battle Clause: Forcing endless battles is banned
|rule|Species Clause: Limit one of each Pokémon
|rule|OHKO Clause: OHKO moves are banned
|rule|Evasion Items Clause: Evasion items are banned
|rule|Evasion Moves Clause: Evasion moves are banned
|rule|Evasion Abilities Clause: Evasion abilities are banned
|rule|Sleep Moves Clause: Sleep-inducing moves are banned
|clearpoke
|poke|p1|Rillaboom, M|
|poke|p1|Hatterene, F|
|poke|p1|Tornadus-Therian, M|
|poke|p1|Kyurem|
|poke|p1|Garchomp, M|
|poke|p1|Darkrai|
|poke|p2|Kyurem|
|poke|p2|Corviknight, M|
|poke|p2|Ting-Lu|
|poke|p2|Dondozo, M|
|poke|p2|Slowking-Galar, L99, F|
|poke|p2|Cinderace, F|
|teampreview
|j| Disscratch
|
|t:|1760869705
|teamsize|p1|6
|teamsize|p2|6
|start
|switch|p1a: Tornadus|Tornadus-Therian, M|100/100
|switch|p2a: Slowking|Slowking-Galar, L99, F|100/100
|turn|1
|inactive|Battle timer is ON: inactive players will automatically lose when time's up. (requested by SpongeGar & Patar)
|j| Wowbigsmall
|inactive|SpongeGar & Patar has 120 seconds left.
|
|t:|1760869754
|move|p1a: Tornadus|Knock Off|p2a: Slowking
|-supereffective|p2a: Slowking
|-damage|p2a: Slowking|56/100
|-enditem|p2a: Slowking|Heavy-Duty Boots|[from] move: Knock Off|[of] p1a: Tornadus
|move|p2a: Slowking|Toxic|p1a: Tornadus
|-status|p1a: Tornadus|tox
|
|-damage|p1a: Tornadus|94/100 tox|[from] psn
|upkeep
|turn|2
|inactive|SpongeGar & Patar has 120 seconds left.
|c|☆healorant|bro hurry up
|
|t:|1760869803
|move|p1a: Tornadus|Knock Off|p2a: Slowking
|-supereffective|p2a: Slowking
|-damage|p2a: Slowking|27/100
|move|p2a: Slowking|Sludge Bomb|p1a: Tornadus
|-damage|p1a: Tornadus|73/100 tox
|
|-damage|p1a: Tornadus|61/100 tox|[from] psn
|upkeep
|turn|3
|j| nsdede
|c|☆healorant|why does it always takes you so long to make a play
|inactive|SpongeGar & Patar has 90 seconds left.
|
|t:|1760869853
|move|p1a: Tornadus|Knock Off|p2a: Slowking
|-supereffective|p2a: Slowking
|-damage|p2a: Slowking|0 fnt
|faint|p2a: Slowking
|
|-damage|p1a: Tornadus|42/100 tox|[from] psn
|upkeep
|inactive|SpongeGar & Patar has 60 seconds left.
|inactive|SpongeGar & Patar has 30 seconds left.
|
|t:|1760869902
|switch|p2a: Kyurem|Kyurem|100/100
|-ability|p2a: Kyurem|Pressure
|turn|4
|inactive|SpongeGar & Patar has 30 seconds left.
|
|t:|1760869914
|switch|p1a: Kyurem|Kyurem|100/100
|-ability|p1a: Kyurem|Pressure
|move|p2a: Kyurem|Freeze-Dry|p1a: Kyurem
|-damage|p1a: Kyurem|80/100
|
|upkeep
|turn|5
|inactive|SpongeGar & Patar has 30 seconds left.
|
|t:|1760869924
|move|p2a: Kyurem|Protect|p2a: Kyurem
|-singleturn|p2a: Kyurem|Protect
|move|p1a: Kyurem|Ice Beam|p2a: Kyurem
|-activate|p2a: Kyurem|move: Protect
|
|upkeep
|turn|6
|
|t:|1760869934
|switch|p2a: Ting-Lu|Ting-Lu|100/100
|-ability|p2a: Ting-Lu|Vessel of Ruin
|move|p1a: Kyurem|Ice Beam|p2a: Ting-Lu
|-supereffective|p2a: Ting-Lu
|-damage|p2a: Ting-Lu|63/100
|
|-heal|p2a: Ting-Lu|69/100|[from] item: Leftovers
|upkeep
|turn|7
|
|t:|1760869943
|switch|p1a: Rillaboom|Rillaboom, M|100/100
|-fieldstart|move: Grassy Terrain|[from] ability: Grassy Surge|[of] p1a: Rillaboom
|move|p2a: Ting-Lu|Payback|p1a: Rillaboom
|-damage|p1a: Rillaboom|82/100
|
|-heal|p1a: Rillaboom|88/100|[from] Grassy Terrain
|-heal|p2a: Ting-Lu|76/100|[from] Grassy Terrain
|-heal|p2a: Ting-Lu|82/100|[from] item: Leftovers
|upkeep
|turn|8
|
|t:|1760869954
|switch|p2a: Corviknight|Corviknight, M|100/100
|-ability|p2a: Corviknight|Pressure
|move|p1a: Rillaboom|Swords Dance|p1a: Rillaboom
|-boost|p1a: Rillaboom|atk|2
|
|-heal|p1a: Rillaboom|94/100|[from] Grassy Terrain
|upkeep
|turn|9
|
|t:|1760869963
|move|p1a: Rillaboom|Knock Off|p2a: Corviknight
|-damage|p2a: Corviknight|47/100
|-damage|p1a: Rillaboom|78/100|[from] item: Rocky Helmet|[of] p2a: Corviknight
|-enditem|p2a: Corviknight|Rocky Helmet|[from] move: Knock Off|[of] p1a: Rillaboom
|-damage|p1a: Rillaboom|68/100|[from] item: Life Orb
|move|p2a: Corviknight|U-turn|p1a: Rillaboom
|-supereffective|p1a: Rillaboom
|-damage|p1a: Rillaboom|38/100
|
|t:|1760869974
|switch|p2a: Cinderace|Cinderace, F|100/100|[from] U-turn
|
|-heal|p1a: Rillaboom|44/100|[from] Grassy Terrain
|upkeep
|turn|10
|
|t:|1760869984
|switch|p1a: Garchomp|Garchomp, M|100/100
|move|p2a: Cinderace|U-turn|p1a: Garchomp
|-damage|p1a: Garchomp|89/100
|-damage|p2a: Cinderace|88/100|[from] ability: Rough Skin|[of] p1a: Garchomp
|-damage|p2a: Cinderace|72/100|[from] item: Rocky Helmet|[of] p1a: Garchomp
|
|t:|1760869994
|switch|p2a: Corviknight|Corviknight, M|47/100|[from] U-turn
|-ability|p2a: Corviknight|Pressure
|
|-heal|p1a: Garchomp|95/100|[from] Grassy Terrain
|upkeep
|turn|11
|
|t:|1760870008
|switch|p1a: Darkrai|Darkrai|100/100
|move|p2a: Corviknight|Roost|p2a: Corviknight
|-heal|p2a: Corviknight|97/100
|-singleturn|p2a: Corviknight|move: Roost
|
|-heal|p2a: Corviknight|100/100|[from] Grassy Terrain
|-fieldend|move: Grassy Terrain
|upkeep
|turn|12
|
|t:|1760870017
|move|p1a: Darkrai|Nasty Plot|p1a: Darkrai
|-boost|p1a: Darkrai|spa|2
|move|p2a: Corviknight|U-turn|p1a: Darkrai
|-supereffective|p1a: Darkrai
|-damage|p1a: Darkrai|61/100
|
|t:|1760870028
|switch|p2a: Dondozo|Dondozo, M|100/100|[from] U-turn
|
|-heal|p1a: Darkrai|67/100|[from] item: Leftovers
|upkeep
|turn|13
|
|t:|1760870039
|switch|p1a: Hatterene|Hatterene, F|100/100
|move|p2a: Dondozo|Waterfall|p1a: Hatterene
|-damage|p1a: Hatterene|78/100
|-damage|p2a: Dondozo|84/100|[from] item: Rocky Helmet|[of] p1a: Hatterene
|
|-heal|p2a: Dondozo|90/100|[from] item: Leftovers
|upkeep
|turn|14
|inactive|SpongeGar & Patar has 60 seconds left.
|
|t:|1760870050
|switch|p2a: Cinderace|Cinderace, F|72/100
|move|p1a: Hatterene|Psychic Noise|p2a: Cinderace
|-damage|p2a: Cinderace|30/100
|-start|p2a: Cinderace|move: Heal Block
|
|upkeep
|turn|15
|inactive|SpongeGar & Patar has 60 seconds left.
|
|t:|1760870060
|switch|p1a: Garchomp|Garchomp, M|95/100
|move|p2a: Cinderace|Pyro Ball|p1a: Garchomp
|-resisted|p1a: Garchomp
|-damage|p1a: Garchomp|72/100
|
|-end|p2a: Cinderace|move: Heal Block
|upkeep
|turn|16
|inactive|SpongeGar & Patar has 60 seconds left.
|
|t:|1760870070
|-terastallize|p2a: Cinderace|Flying
|move|p2a: Cinderace|Will-O-Wisp|p1a: Garchomp
|-status|p1a: Garchomp|brn
|move|p1a: Garchomp|Earthquake|p2a: Cinderace
|-immune|p2a: Cinderace
|
|-damage|p1a: Garchomp|66/100 brn|[from] brn
|upkeep
|turn|17
|
|t:|1760870080
|move|p2a: Cinderace|Pyro Ball|p1a: Garchomp
|-resisted|p1a: Garchomp
|-damage|p1a: Garchomp|45/100 brn
|move|p1a: Garchomp|Stealth Rock|p2a: Cinderace
|-sidestart|p2: SpongeGar & Patar|move: Stealth Rock
|
|-damage|p1a: Garchomp|39/100 brn|[from] brn
|upkeep
|turn|18
|
|t:|1760870089
|move|p2a: Cinderace|Court Change|p2a: Cinderace
|-swapsideconditions
|-activate|p2a: Cinderace|move: Court Change
|move|p1a: Garchomp|Dragon Tail|p2a: Cinderace
|-damage|p2a: Cinderace|14/100
|drag|p2a: Dondozo|Dondozo, M|90/100
|
|-heal|p2a: Dondozo|96/100|[from] item: Leftovers
|-damage|p1a: Garchomp|33/100 brn|[from] brn
|upkeep
|turn|19
|
|t:|1760870099
|switch|p2a: Kyurem|Kyurem|100/100
|-ability|p2a: Kyurem|Pressure
|move|p1a: Garchomp|Stealth Rock|p2a: Kyurem
|-sidestart|p2: SpongeGar & Patar|move: Stealth Rock
|
|-damage|p1a: Garchomp|27/100 brn|[from] brn
|upkeep
|turn|20
|
|t:|1760870110
|move|p2a: Kyurem|Substitute|p2a: Kyurem
|-start|p2a: Kyurem|Substitute
|-damage|p2a: Kyurem|75/100
|move|p1a: Garchomp|Dragon Tail|p2a: Kyurem
|-supereffective|p2a: Kyurem
|-activate|p2a: Kyurem|move: Substitute|[damage]
|
|-heal|p2a: Kyurem|82/100|[from] item: Leftovers
|-damage|p1a: Garchomp|21/100 brn|[from] brn
|upkeep
|turn|21
|
|t:|1760870119
|move|p2a: Kyurem|Freeze-Dry|p1a: Garchomp
|-supereffective|p1a: Garchomp
|-damage|p1a: Garchomp|0 fnt
|faint|p1a: Garchomp
|
|-heal|p2a: Kyurem|88/100|[from] item: Leftovers
|upkeep
|
|t:|1760870133
|switch|p1a: Kyurem|Kyurem|80/100
|-damage|p1a: Kyurem|55/100|[from] Stealth Rock
|-ability|p1a: Kyurem|Pressure
|turn|22
|
|t:|1760870143
|move|p2a: Kyurem|Protect|p2a: Kyurem
|-singleturn|p2a: Kyurem|Protect
|move|p1a: Kyurem|Ice Beam|p2a: Kyurem
|-activate|p2a: Kyurem|move: Protect
|
|-heal|p2a: Kyurem|94/100|[from] item: Leftovers
|upkeep
|turn|23
|inactive|SpongeGar & Patar has 90 seconds left.
|inactive|SpongeGar & Patar has 60 seconds left.
|
|t:|1760870192
|move|p2a: Kyurem|Freeze-Dry|p1a: Kyurem
|-damage|p1a: Kyurem|31/100
|move|p1a: Kyurem|Ice Beam|p2a: Kyurem
|-end|p2a: Kyurem|Substitute
|
|-heal|p2a: Kyurem|99/100|[from] item: Leftovers
|upkeep
|turn|24
|inactive|SpongeGar & Patar has 60 seconds left.
|inactive|SpongeGar & Patar has 30 seconds left.
|
|t:|1760870241
|move|p2a: Kyurem|Protect|p2a: Kyurem
|-singleturn|p2a: Kyurem|Protect
|move|p1a: Kyurem|Flash Cannon|p2a: Kyurem
|-activate|p2a: Kyurem|move: Protect
|
|-heal|p2a: Kyurem|100/100|[from] item: Leftovers
|upkeep
|turn|25
|inactive|SpongeGar & Patar has 30 seconds left.
|
|t:|1760870250
|move|p2a: Kyurem|Freeze-Dry|p1a: Kyurem
|-damage|p1a: Kyurem|9/100
|move|p1a: Kyurem|Ice Beam|p2a: Kyurem
|-damage|p2a: Kyurem|61/100
|
|-heal|p2a: Kyurem|67/100|[from] item: Leftovers
|upkeep
|turn|26
|
|t:|1760870260
|move|p2a: Kyurem|Protect|p2a: Kyurem
|-singleturn|p2a: Kyurem|Protect
|move|p1a: Kyurem|Ice Beam|p2a: Kyurem
|-activate|p2a: Kyurem|move: Protect
|
|-heal|p2a: Kyurem|73/100|[from] item: Leftovers
|upkeep
|turn|27
|
|t:|1760870269
|move|p2a: Kyurem|Freeze-Dry|p1a: Kyurem
|-damage|p1a: Kyurem|0 fnt
|faint|p1a: Kyurem
|
|-heal|p2a: Kyurem|79/100|[from] item: Leftovers
|upkeep
|
|t:|1760870280
|switch|p1a: Darkrai|Darkrai|67/100
|-damage|p1a: Darkrai|55/100|[from] Stealth Rock
|turn|28
|
|t:|1760870290
|move|p1a: Darkrai|Sludge Bomb|p2a: Kyurem
|-damage|p2a: Kyurem|49/100
|move|p2a: Kyurem|Freeze-Dry|p1a: Darkrai
|-damage|p1a: Darkrai|5/100
|
|-heal|p1a: Darkrai|12/100|[from] item: Leftovers
|-heal|p2a: Kyurem|55/100|[from] item: Leftovers
|upkeep
|turn|29
|
|t:|1760870300
|move|p1a: Darkrai|Dark Pulse|p2a: Kyurem
|-damage|p2a: Kyurem|17/100
|cant|p2a: Kyurem|flinch
|
|-heal|p1a: Darkrai|18/100|[from] item: Leftovers
|-heal|p2a: Kyurem|24/100|[from] item: Leftovers
|upkeep
|turn|30
|inactive|SpongeGar & Patar has 60 seconds left.
|
|t:|1760870309
|switch|p2a: Ting-Lu|Ting-Lu|82/100
|-damage|p2a: Ting-Lu|76/100|[from] Stealth Rock
|-ability|p2a: Ting-Lu|Vessel of Ruin
|move|p1a: Darkrai|Ice Beam|p2a: Ting-Lu
|-supereffective|p2a: Ting-Lu
|-damage|p2a: Ting-Lu|49/100
|
|-heal|p1a: Darkrai|24/100|[from] item: Leftovers
|-heal|p2a: Ting-Lu|55/100|[from] item: Leftovers
|upkeep
|turn|31
|
|t:|1760870319
|move|p1a: Darkrai|Ice Beam|p2a: Ting-Lu
|-supereffective|p2a: Ting-Lu
|-damage|p2a: Ting-Lu|29/100
|move|p2a: Ting-Lu|Earthquake|p1a: Darkrai
|-damage|p1a: Darkrai|0 fnt
|faint|p1a: Darkrai
|
|-heal|p2a: Ting-Lu|35/100|[from] item: Leftovers
|upkeep
|
|t:|1760870324
|switch|p1a: Rillaboom|Rillaboom, M|44/100
|-damage|p1a: Rillaboom|31/100|[from] Stealth Rock
|-fieldstart|move: Grassy Terrain|[from] ability: Grassy Surge|[of] p1a: Rillaboom
|turn|32
|
|t:|1760870333
|switch|p2a: Corviknight|Corviknight, M|100/100
|-damage|p2a: Corviknight|88/100|[from] Stealth Rock
|-ability|p2a: Corviknight|Pressure
|move|p1a: Rillaboom|Swords Dance|p1a: Rillaboom
|-boost|p1a: Rillaboom|atk|2
|
|-heal|p1a: Rillaboom|37/100|[from] Grassy Terrain
|upkeep
|turn|33
|
|t:|1760870342
|move|p1a: Rillaboom|Knock Off|p2a: Corviknight
|-damage|p2a: Corviknight|52/100
|-damage|p1a: Rillaboom|27/100|[from] item: Life Orb
|move|p2a: Corviknight|Brave Bird|p1a: Rillaboom
|-supereffective|p1a: Rillaboom
|-damage|p1a: Rillaboom|0 fnt
|faint|p1a: Rillaboom
|-damage|p2a: Corviknight|44/100|[from] Recoil
|
|upkeep
|
|t:|1760870349
|switch|p1a: Tornadus|Tornadus-Therian, M|76/100 tox
|-damage|p1a: Tornadus|51/100 tox|[from] Stealth Rock
|turn|34
|inactive|SpongeGar & Patar has 90 seconds left.
|
|t:|1760870358
|move|p1a: Tornadus|Heat Wave|p2a: Corviknight
|-supereffective|p2a: Corviknight
|-damage|p2a: Corviknight|0 fnt
|faint|p2a: Corviknight
|
|-damage|p1a: Tornadus|45/100 tox|[from] psn
|upkeep
|inactive|SpongeGar & Patar has 90 seconds left.
|inactive|SpongeGar & Patar has 60 seconds left.
|
|t:|1760870405
|switch|p2a: Cinderace|Cinderace, F, tera:Flying|14/100
|turn|35
|inactive|SpongeGar & Patar has 30 seconds left.
|inactive|SpongeGar & Patar has 20 seconds left.
|inactive|SpongeGar & Patar has 15 seconds left.
|
|t:|1760870451
|switch|p1a: Hatterene|Hatterene, F|78/100
|-damage|p1a: Hatterene|66/100|[from] Stealth Rock
|switch|p2a: Ting-Lu|Ting-Lu|35/100
|-damage|p2a: Ting-Lu|29/100|[from] Stealth Rock
|-ability|p2a: Ting-Lu|Vessel of Ruin
|
|-heal|p2a: Ting-Lu|35/100|[from] Grassy Terrain
|-heal|p2a: Ting-Lu|41/100|[from] item: Leftovers
|-heal|p1a: Hatterene|72/100|[from] Grassy Terrain
|upkeep
|turn|36
|inactive|SpongeGar & Patar has 25 seconds left this turn.
|inactive|SpongeGar & Patar has 20 seconds left.
|
|t:|1760870465
|move|p2a: Ting-Lu|Earthquake|p1a: Hatterene
|-damage|p1a: Hatterene|56/100
|move|p1a: Hatterene|Draining Kiss|p2a: Ting-Lu
|-supereffective|p2a: Ting-Lu
|-damage|p2a: Ting-Lu|22/100
|-heal|p1a: Hatterene|80/100|[from] drain|[of] p2a: Ting-Lu
|
|-heal|p2a: Ting-Lu|28/100|[from] Grassy Terrain
|-heal|p2a: Ting-Lu|34/100|[from] item: Leftovers
|-heal|p1a: Hatterene|86/100|[from] Grassy Terrain
|-fieldend|move: Grassy Terrain
|upkeep
|turn|37
|inactive|SpongeGar & Patar has 30 seconds left this turn.
|inactive|SpongeGar & Patar has 20 seconds left.
|
|t:|1760870476
|switch|p1a: Tornadus|Tornadus-Therian, M|78/100 tox
|-damage|p1a: Tornadus|53/100 tox|[from] Stealth Rock
|move|p2a: Ting-Lu|Earthquake|p1a: Tornadus
|-immune|p1a: Tornadus
|
|-heal|p2a: Ting-Lu|40/100|[from] item: Leftovers
|-damage|p1a: Tornadus|47/100 tox|[from] psn
|upkeep
|turn|38
|inactive|SpongeGar & Patar has 30 seconds left this turn.
|
|t:|1760870485
|move|p1a: Tornadus|U-turn|p2a: Ting-Lu
|-supereffective|p2a: Ting-Lu
|-damage|p2a: Ting-Lu|25/100
|
|t:|1760870487
|switch|p1a: Hatterene|Hatterene, F|86/100|[from] U-turn
|-damage|p1a: Hatterene|74/100|[from] Stealth Rock
|move|p2a: Ting-Lu|Payback|p1a: Hatterene
|-damage|p1a: Hatterene|60/100
|-damage|p2a: Ting-Lu|9/100|[from] item: Rocky Helmet|[of] p1a: Hatterene
|
|-heal|p2a: Ting-Lu|15/100|[from] item: Leftovers
|upkeep
|turn|39
|inactive|SpongeGar & Patar has 30 seconds left.
|
|t:|1760870497
|move|p2a: Ting-Lu|Earthquake|p1a: Hatterene
|-damage|p1a: Hatterene|30/100
|move|p1a: Hatterene|Draining Kiss|p2a: Ting-Lu
|-supereffective|p2a: Ting-Lu
|-damage|p2a: Ting-Lu|0 fnt
|-heal|p1a: Hatterene|48/100|[from] drain|[of] p2a: Ting-Lu
|faint|p2a: Ting-Lu
|
|upkeep
|inactive|SpongeGar & Patar has 30 seconds left.
|
|t:|1760870507
|switch|p2a: Cinderace|Cinderace, F, tera:Flying|14/100
|turn|40
|
|t:|1760870515
|-terastallize|p1a: Hatterene|Water
|move|p2a: Cinderace|Pyro Ball|p1a: Hatterene
|-resisted|p1a: Hatterene
|-damage|p1a: Hatterene|19/100
|move|p1a: Hatterene|Draining Kiss|p2a: Cinderace
|-damage|p2a: Cinderace|0 fnt
|-heal|p1a: Hatterene|30/100|[from] drain|[of] p2a: Cinderace
|faint|p2a: Cinderace
|
|upkeep
|
|t:|1760870524
|switch|p2a: Dondozo|Dondozo, M|96/100
|-damage|p2a: Dondozo|84/100|[from] Stealth Rock
|turn|41
|
|t:|1760870532
|move|p1a: Hatterene|Pain Split|p2a: Dondozo
|-sethp|p2a: Dondozo|52/100|[from] move: Pain Split|[silent]
|-sethp|p1a: Hatterene|81/100|[from] move: Pain Split
|move|p2a: Dondozo|Body Press|p1a: Hatterene
|-damage|p1a: Hatterene|57/100
|-damage|p2a: Dondozo|35/100|[from] item: Rocky Helmet|[of] p1a: Hatterene
|
|-heal|p2a: Dondozo|41/100|[from] item: Leftovers
|upkeep
|turn|42
|
|t:|1760870540
|move|p1a: Hatterene|Psychic Noise|p2a: Dondozo
|-damage|p2a: Dondozo|12/100
|-start|p2a: Dondozo|move: Heal Block
|move|p2a: Dondozo|Curse|p2a: Dondozo
|-unboost|p2a: Dondozo|spe|1
|-boost|p2a: Dondozo|atk|1
|-boost|p2a: Dondozo|def|1
|
|upkeep
|turn|43
|
|t:|1760870546
|move|p1a: Hatterene|Psychic Noise|p2a: Dondozo
|-damage|p2a: Dondozo|0 fnt
|faint|p2a: Dondozo
|
|upkeep
|c|☆healorant|gg
|
|t:|1760870550
|switch|p2a: Kyurem|Kyurem|24/100
|-damage|p2a: Kyurem|0 fnt|[from] Stealth Rock
|faint|p2a: Kyurem
|
|win|healorant
|raw|healorant's rating: 1719 &rarr; <strong>1744</strong><br />(+25 for winning)
|raw|SpongeGar &amp; Patar's rating: 1813 &rarr; <strong>1788</strong><br />(-25 for losing)
|l|☆SpongeGar & Patar
|player|p2|
|l|☆healorant
|player|p1|
|l| Disscratch
|l| Wowbigsmall
