|j|☆graniteadmin3
|j|☆Ratatimboom
|t:|1760807955
|gametype|singles
|player|p1|graniteadmin3|proton|1450
|player|p2|Ratatimboom|guitarist-gen4|1459
|gen|9
|tier|[Gen 9] OU
|rated|
|rule|HP Percentage Mod: HP is shown in percentages
|rule|Endless Battle Clause: Forcing endless battles is banned
|rule|Species Clause: Limit one of each Pokémon
|rule|OHKO Clause: OHKO moves are banned
|rule|Evasion Items Clause: Evasion items are banned
|rule|Evasion Moves Clause: Evasion moves are banned
|rule|Evasion Abilities Clause: Evasion abilities are banned
|rule|Sleep Moves Clause: Sleep-inducing moves are banned
|clearpoke
|poke|p1|Pecharunt|
|poke|p1|Dudunsparce-*, F|
|poke|p1|Great Tusk|
|poke|p1|Iron Crown|
|poke|p1|Rillaboom, F|
|poke|p1|Hydreigon, F|
|poke|p2|Ceruledge, F|
|poke|p2|Darkrai|
|poke|p2|Dragonite, M|
|poke|p2|Zamazenta-*|
|poke|p2|Enamorus, F|
|poke|p2|Glimmora, M|
|teampreview
|c|☆graniteadmin3|glhf
|inactive|Battle timer is ON: inactive players will automatically lose when time's up. (requested by graniteadmin3)
|
|t:|1760807989
|teamsize|p1|6
|teamsize|p2|6
|start
|switch|p1a: Hydetrois|Hydreigon, F|100/100
|switch|p2a: Glimmora|Glimmora, M|100/100
|turn|1
|inactive|graniteadmin3 has 120 seconds left.
|
|t:|1760808040
|move|p1a: Hydetrois|Substitute|p1a: Hydetrois
|-start|p1a: Hydetrois|Substitute
|-damage|p1a: Hydetrois|76/100
|move|p2a: Glimmora|Stealth Rock|p1a: Hydetrois
|-sidestart|p1: graniteadmin3|move: Stealth Rock
|
|-heal|p1a: Hydetrois|82/100|[from] item: Leftovers
|upkeep
|turn|2
|
|t:|1760808069
|switch|p2a: Enamorus|Enamorus, F|100/100
|move|p1a: Hydetrois|Nasty Plot|p1a: Hydetrois
|-boost|p1a: Hydetrois|spa|2
|
|-heal|p1a: Hydetrois|88/100|[from] item: Leftovers
|upkeep
|turn|3
|
|t:|1760808080
|move|p2a: Enamorus|Moonblast|p1a: Hydetrois
|-supereffective|p1a: Hydetrois
|-end|p1a: Hydetrois|Substitute
|move|p1a: Hydetrois|Flash Cannon|p2a: Enamorus
|-supereffective|p2a: Enamorus
|-damage|p2a: Enamorus|0 fnt
|faint|p2a: Enamorus
|
|-heal|p1a: Hydetrois|94/100|[from] item: Leftovers
|upkeep
|
|t:|1760808083
|switch|p2a: Zamazenta|Zamazenta|100/100
|-ability|p2a: Zamazenta|Dauntless Shield|boost
|-boost|p2a: Zamazenta|def|1
|turn|4
|
|t:|1760808107
|-terastallize|p1a: Hydetrois|Poison
|move|p2a: Zamazenta|Iron Defense|p2a: Zamazenta
|-boost|p2a: Zamazenta|def|2
|move|p1a: Hydetrois|Dragon Pulse|p2a: Zamazenta
|-damage|p2a: Zamazenta|36/100
|
|-heal|p2a: Zamazenta|42/100|[from] item: Leftovers
|-heal|p1a: Hydetrois|99/100|[from] item: Leftovers
|upkeep
|turn|5
|
|t:|1760808115
|move|p2a: Zamazenta|Body Press|p1a: Hydetrois
|-resisted|p1a: Hydetrois
|-damage|p1a: Hydetrois|51/100
|move|p1a: Hydetrois|Dragon Pulse|p2a: Zamazenta
|-damage|p2a: Zamazenta|0 fnt
|faint|p2a: Zamazenta
|
|-heal|p1a: Hydetrois|57/100|[from] item: Leftovers
|upkeep
|
|t:|1760808126
|switch|p2a: Dragonite|Dragonite, M|100/100
|turn|6
|
|t:|1760808130
|move|p1a: Hydetrois|Dragon Pulse|p2a: Dragonite
|-supereffective|p2a: Dragonite
|-damage|p2a: Dragonite|12/100
|move|p2a: Dragonite|Dragon Dance|p2a: Dragonite
|-boost|p2a: Dragonite|atk|1
|-boost|p2a: Dragonite|spe|1
|
|-heal|p1a: Hydetrois|63/100|[from] item: Leftovers
|upkeep
|turn|7
|
|t:|1760808140
|move|p2a: Dragonite|Extreme Speed|p1a: Hydetrois
|-damage|p1a: Hydetrois|5/100
|move|p1a: Hydetrois|Dragon Pulse|p2a: Dragonite
|-supereffective|p2a: Dragonite
|-damage|p2a: Dragonite|0 fnt
|faint|p2a: Dragonite
|
|-heal|p1a: Hydetrois|11/100|[from] item: Leftovers
|upkeep
|
|t:|1760808143
|switch|p2a: Ceruledge|Ceruledge, F|100/100
|turn|8
|
|t:|1760808150
|move|p2a: Ceruledge|Shadow Sneak|p1a: Hydetrois
|-damage|p1a: Hydetrois|0 fnt
|faint|p1a: Hydetrois
|
|upkeep
|
|t:|1760808166
|switch|p1a: Doudou|Dudunsparce, F|100/100
|-damage|p1a: Doudou|88/100|[from] Stealth Rock
|turn|9
|
|t:|1760808171
|switch|p2a: Glimmora|Glimmora, M|100/100
|move|p1a: Doudou|Glare|p2a: Glimmora
|-status|p2a: Glimmora|par
|
|-heal|p1a: Doudou|94/100|[from] item: Leftovers
|upkeep
|turn|10
|
|t:|1760808177
|move|p1a: Doudou|Stealth Rock|p2a: Glimmora
|-sidestart|p2: Ratatimboom|move: Stealth Rock
|cant|p2a: Glimmora|par
|
|-heal|p1a: Doudou|100/100|[from] item: Leftovers
|upkeep
|turn|11
|
|t:|1760808180
|move|p1a: Doudou|Earth Power|p2a: Glimmora
|-supereffective|p2a: Glimmora
|-enditem|p2a: Glimmora|Focus Sash
|-damage|p2a: Glimmora|1/100 par
|move|p2a: Glimmora|Spikes|p1a: Doudou
|-sidestart|p1: graniteadmin3|Spikes
|
|upkeep
|turn|12
|
|t:|1760808188
|move|p1a: Doudou|Earth Power|p2a: Glimmora
|-supereffective|p2a: Glimmora
|-damage|p2a: Glimmora|0 fnt
|faint|p2a: Glimmora
|
|upkeep
|
|t:|1760808190
|switch|p2a: Darkrai|Darkrai|100/100
|-damage|p2a: Darkrai|88/100|[from] Stealth Rock
|turn|13
|
|t:|1760808196
|move|p2a: Darkrai|Nasty Plot|p2a: Darkrai
|-boost|p2a: Darkrai|spa|2
|move|p1a: Doudou|Glare|p2a: Darkrai
|-status|p2a: Darkrai|par
|
|-heal|p2a: Darkrai|94/100 par|[from] item: Leftovers
|upkeep
|turn|14
|
|t:|1760808199
|move|p2a: Darkrai|Dark Pulse|p1a: Doudou
|-damage|p1a: Doudou|23/100
|-ability|p1a: Doudou|Rattled|boost
|-boost|p1a: Doudou|spe|1
|move|p1a: Doudou|Boomburst|p2a: Darkrai
|-damage|p2a: Darkrai|12/100 par
|
|-heal|p1a: Doudou|29/100|[from] item: Leftovers
|-heal|p2a: Darkrai|18/100 par|[from] item: Leftovers
|upkeep
|turn|15
|
|t:|1760808206
|move|p1a: Doudou|Earth Power|p2a: Darkrai
|-damage|p2a: Darkrai|0 fnt
|faint|p2a: Darkrai
|
|-heal|p1a: Doudou|35/100|[from] item: Leftovers
|upkeep
|
|t:|1760808208
|switch|p2a: Ceruledge|Ceruledge, F|100/100
|-damage|p2a: Ceruledge|76/100|[from] Stealth Rock
|turn|16
|
|t:|1760808214
|move|p2a: Ceruledge|Bitter Blade|p1a: Doudou
|-damage|p1a: Doudou|0 fnt
|-heal|p2a: Ceruledge|99/100|[from] drain|[of] p1a: Doudou
|faint|p1a: Doudou
|
|upkeep
|
|t:|1760808220
|switch|p1a: Abaddonphant|Great Tusk|100/100
|turn|17
|
|t:|1760808224
|-terastallize|p2a: Ceruledge|Ghost
|move|p1a: Abaddonphant|Headlong Rush|p2a: Ceruledge
|-damage|p2a: Ceruledge|10/100
|-unboost|p1a: Abaddonphant|def|1
|-unboost|p1a: Abaddonphant|spd|1
|-ability|p2a: Ceruledge|Weak Armor|boost
|-unboost|p2a: Ceruledge|def|1
|-boost|p2a: Ceruledge|spe|2
|move|p2a: Ceruledge|Swords Dance|p2a: Ceruledge
|-boost|p2a: Ceruledge|atk|2
|
|upkeep
|turn|18
|
|t:|1760808230
|move|p2a: Ceruledge|Bitter Blade|p1a: Abaddonphant
|-damage|p1a: Abaddonphant|2/100
|-heal|p2a: Ceruledge|73/100|[from] drain|[of] p1a: Abaddonphant
|move|p1a: Abaddonphant|Headlong Rush|p2a: Ceruledge
|-damage|p2a: Ceruledge|0 fnt
|-unboost|p1a: Abaddonphant|def|1
|-unboost|p1a: Abaddonphant|spd|1
|faint|p2a: Ceruledge
|
|win|graniteadmin3
|raw|graniteadmin3's rating: 1450 &rarr; <strong>1471</strong><br />(+21 for winning)
|raw|Ratatimboom's rating: 1459 &rarr; <strong>1438</strong><br />(-21 for losing)
|l|☆Ratatimboom
|player|p2|
|c|☆graniteadmin3|gg
