|j|☆elikyle07
|j|☆Canned Furs
|t:|1760722981
|gametype|singles
|player|p1|elikyle07|170|1243
|player|p2|Canned Furs|wulfric|1315
|gen|9
|tier|[Gen 9] OU
|rated|
|rule|HP Percentage Mod: HP is shown in percentages
|rule|Endless Battle Clause: Forcing endless battles is banned
|rule|Species Clause: Limit one of each Pokémon
|rule|OHKO Clause: OHKO moves are banned
|rule|Evasion Items Clause: Evasion items are banned
|rule|Evasion Moves Clause: Evasion moves are banned
|rule|Evasion Abilities Clause: Evasion abilities are banned
|rule|Sleep Moves Clause: Sleep-inducing moves are banned
|clearpoke
|poke|p1|Araquanid, M|
|poke|p1|Gholdengo|
|poke|p1|Iron Moth|
|poke|p1|Raging Bolt|
|poke|p1|Lucario, M|
|poke|p1|Garchomp, M|
|poke|p2|Hawlucha, F|
|poke|p2|Rillaboom, M|
|poke|p2|Zamazenta-*|
|poke|p2|Iron Moth|
|poke|p2|Sandslash, M|
|poke|p2|Gholdengo|
|teampreview
|inactive|Battle timer is ON: inactive players will automatically lose when time's up. (requested by elikyle07)
|
|t:|1760722987
|teamsize|p1|6
|teamsize|p2|6
|start
|switch|p1a: Araquanid|Araquanid, M|100/100
|switch|p2a: Sandslash|Sandslash, M|100/100
|turn|1
|
|t:|1760723011
|move|p2a: Sandslash|Stealth Rock|p1a: Araquanid
|-sidestart|p1: elikyle07|move: Stealth Rock
|move|p1a: Araquanid|Surf|p2a: Sandslash
|-supereffective|p2a: Sandslash
|-enditem|p2a: Sandslash|Passho Berry|[eat]
|-enditem|p2a: Sandslash|Passho Berry|[weaken]
|-damage|p2a: Sandslash|12/100
|
|upkeep
|turn|2
|
|t:|1760723018
|move|p2a: Sandslash|Spikes|p1a: Araquanid
|-sidestart|p1: elikyle07|Spikes
|move|p1a: Araquanid|Surf|p2a: Sandslash
|-supereffective|p2a: Sandslash
|-damage|p2a: Sandslash|0 fnt
|faint|p2a: Sandslash
|
|upkeep
|
|t:|1760723024
|switch|p2a: Rillaboom|Rillaboom, M|100/100
|-fieldstart|move: Grassy Terrain|[from] ability: Grassy Surge|[of] p2a: Rillaboom
|turn|3
|
|t:|1760723028
|move|p2a: Rillaboom|Swords Dance|p2a: Rillaboom
|-boost|p2a: Rillaboom|atk|2
|move|p1a: Araquanid|Sticky Web|p2a: Rillaboom
|-sidestart|p2: Canned Furs|move: Sticky Web
|
|upkeep
|turn|4
|
|t:|1760723033
|move|p2a: Rillaboom|Grassy Glide|p1a: Araquanid
|-crit|p1a: Araquanid
|-damage|p1a: Araquanid|0 fnt
|faint|p1a: Araquanid
|
|upkeep
|
|t:|1760723044
|switch|p1a: Iron Moth|Iron Moth|100/100
|-damage|p1a: Iron Moth|76/100|[from] Stealth Rock
|-damage|p1a: Iron Moth|63/100|[from] Spikes
|-enditem|p1a: Iron Moth|Booster Energy
|-activate|p1a: Iron Moth|ability: Quark Drive|[fromitem]
|-start|p1a: Iron Moth|quarkdrivespa
|turn|5
|
|t:|1760723052
|move|p1a: Iron Moth|Fiery Dance|p2a: Rillaboom
|-supereffective|p2a: Rillaboom
|-damage|p2a: Rillaboom|0 fnt
|-boost|p1a: Iron Moth|spa|1
|faint|p2a: Rillaboom
|
|-heal|p1a: Iron Moth|69/100|[from] Grassy Terrain
|upkeep
|
|t:|1760723056
|switch|p2a: Hawlucha|Hawlucha, F|100/100
|-enditem|p2a: Hawlucha|Grassy Seed
|-boost|p2a: Hawlucha|def|1|[from] item: Grassy Seed
|turn|6
|
|t:|1760723068
|move|p2a: Hawlucha|Acrobatics|p1a: Iron Moth
|-damage|p1a: Iron Moth|0 fnt
|faint|p1a: Iron Moth
|-end|p1a: Iron Moth|Quark Drive|[silent]
|
|upkeep
|
|t:|1760723081
|switch|p1a: Raging Bolt|Raging Bolt|100/100
|-damage|p1a: Raging Bolt|88/100|[from] Stealth Rock
|-damage|p1a: Raging Bolt|76/100|[from] Spikes
|turn|7
|
|t:|1760723086
|move|p2a: Hawlucha|Swords Dance|p2a: Hawlucha
|-boost|p2a: Hawlucha|atk|2
|move|p1a: Raging Bolt|Thunderbolt|p2a: Hawlucha
|-supereffective|p2a: Hawlucha
|-damage|p2a: Hawlucha|0 fnt
|faint|p2a: Hawlucha
|
|-heal|p1a: Raging Bolt|82/100|[from] Grassy Terrain
|-heal|p1a: Raging Bolt|88/100|[from] item: Leftovers
|upkeep
|-message|Canned Furs forfeited.
|
|win|elikyle07
|raw|elikyle07's rating: 1243 &rarr; <strong>1273</strong><br />(+30 for winning)
|raw|Canned Furs's rating: 1315 &rarr; <strong>1291</strong><br />(-24 for losing)
|l|☆elikyle07
|player|p1|
