|j|☆LOCO90
|j|☆exposed king
|t:|1760890681
|gametype|singles
|player|p1|LOCO90|rocketgrunt|1419
|player|p2|exposed king|2|1451
|gen|9
|tier|[Gen 9] OU
|rated|
|rule|HP Percentage Mod: HP is shown in percentages
|rule|Endless Battle Clause: Forcing endless battles is banned
|rule|Species Clause: Limit one of each Pokémon
|rule|OHKO Clause: OHKO moves are banned
|rule|Evasion Items Clause: Evasion items are banned
|rule|Evasion Moves Clause: Evasion moves are banned
|rule|Evasion Abilities Clause: Evasion abilities are banned
|rule|Sleep Moves Clause: Sleep-inducing moves are banned
|clearpoke
|poke|p1|Zapdos|
|poke|p1|Mew|
|poke|p1|Dragonite, M|
|poke|p1|Hitmonlee, M|
|poke|p1|Clefable, F|
|poke|p1|Tentacruel, M|
|poke|p2|Darkrai|
|poke|p2|Garchomp, F|
|poke|p2|Ditto|
|poke|p2|Azumarill, F|
|poke|p2|Thundurus-Therian, M|
|poke|p2|Volcanion|
|teampreview
|
|t:|1760890699
|teamsize|p1|6
|teamsize|p2|6
|start
|switch|p1a: Tentacruel|Tentacruel, M|100/100
|switch|p2a: Darkrai|Darkrai|100/100
|turn|1
|
|t:|1760890707
|switch|p2a: Ditto|Ditto|100/100
|-transform|p2a: Ditto|p1a: Tentacruel|[from] ability: Imposter
|move|p1a: Tentacruel|Toxic|p2a: Ditto
|-immune|p2a: Ditto
|
|upkeep
|turn|2
|
|t:|1760890722
|move|p1a: Tentacruel|Knock Off|p2a: Ditto
|-damage|p2a: Ditto|83/100
|-enditem|p2a: Ditto|Heavy-Duty Boots|[from] move: Knock Off|[of] p1a: Tentacruel
|move|p2a: Ditto|Knock Off|p1a: Tentacruel
|-damage|p1a: Tentacruel|84/100
|-enditem|p1a: Tentacruel|Black Sludge|[from] move: Knock Off|[of] p2a: Ditto
|
|upkeep
|turn|3
|
|t:|1760890731
|move|p2a: Ditto|Knock Off|p1a: Tentacruel
|-damage|p1a: Tentacruel|74/100
|move|p1a: Tentacruel|Flip Turn|p2a: Ditto
|-resisted|p2a: Ditto
|-damage|p2a: Ditto|74/100
|
|t:|1760890748
|switch|p1a: Dragonite|Dragonite, M|100/100|[from] Flip Turn
|
|upkeep
|turn|4
|
|t:|1760890765
|switch|p2a: Thundurus|Thundurus-Therian, M|100/100
|move|p1a: Dragonite|Earthquake|p2a: Thundurus
|-immune|p2a: Thundurus
|
|upkeep
|turn|5
|
|t:|1760890770
|switch|p1a: Clefable|Clefable, F, shiny|100/100
|move|p2a: Thundurus|Volt Switch|p1a: Clefable
|-damage|p1a: Clefable|64/100
|
|t:|1760890779
|switch|p2a: Azumarill|Azumarill, F|100/100|[from] Volt Switch
|
|-heal|p1a: Clefable|70/100|[from] item: Leftovers
|upkeep
|turn|6
|
|t:|1760890785
|move|p1a: Clefable|Thunder Wave|p2a: Azumarill
|-status|p2a: Azumarill|par
|move|p2a: Azumarill|Knock Off|p1a: Clefable
|-resisted|p1a: Clefable
|-damage|p1a: Clefable|54/100
|-enditem|p1a: Clefable|Leftovers|[from] move: Knock Off|[of] p2a: Azumarill
|
|upkeep
|turn|7
|
|t:|1760890791
|move|p1a: Clefable|Moonlight|p1a: Clefable
|-heal|p1a: Clefable|100/100
|move|p2a: Azumarill|Play Rough|p1a: Clefable
|-damage|p1a: Clefable|50/100
|-unboost|p1a: Clefable|atk|1
|
|upkeep
|turn|8
|
|t:|1760890799
|move|p1a: Clefable|Moonlight|p1a: Clefable
|-heal|p1a: Clefable|99/100
|move|p2a: Azumarill|Play Rough|p1a: Clefable
|-damage|p1a: Clefable|51/100
|
|upkeep
|turn|9
|
|t:|1760890807
|switch|p2a: Volcanion|Volcanion|100/100
|move|p1a: Clefable|Stealth Rock|p2a: Volcanion
|-sidestart|p2: exposed king|move: Stealth Rock
|
|upkeep
|turn|10
|
|t:|1760890811
|switch|p2a: Ditto|Ditto|74/100
|-damage|p2a: Ditto|62/100|[from] Stealth Rock
|-transform|p2a: Ditto|p1a: Clefable|[from] ability: Imposter
|move|p1a: Clefable|Thunder Wave|p2a: Ditto|[miss]
|-miss|p1a: Clefable|p2a: Ditto
|
|upkeep
|turn|11
|
|t:|1760890822
|move|p1a: Clefable|Thunder Wave|p2a: Ditto
|-status|p2a: Ditto|par
|move|p2a: Ditto|Stealth Rock|p1a: Clefable
|-sidestart|p1: LOCO90|move: Stealth Rock
|
|upkeep
|turn|12
|
|t:|1760890827
|move|p1a: Clefable|Moonlight|p1a: Clefable
|-heal|p1a: Clefable|100/100
|move|p2a: Ditto|Moonlight|p2a: Ditto
|-heal|p2a: Ditto|100/100 par
|
|upkeep
|turn|13
|
|t:|1760890834
|move|p1a: Clefable|Moonblast|p2a: Ditto
|-damage|p2a: Ditto|63/100 par
|cant|p2a: Ditto|par
|
|upkeep
|turn|14
|
|t:|1760890840
|switch|p1a: Zapdos|Zapdos|100/100
|move|p2a: Ditto|Moonlight|p2a: Ditto
|-heal|p2a: Ditto|100/100 par
|
|upkeep
|turn|15
|
|t:|1760890844
|switch|p2a: Thundurus|Thundurus-Therian, M|100/100
|-damage|p2a: Thundurus|76/100|[from] Stealth Rock
|move|p1a: Zapdos|Hurricane|p2a: Thundurus
|-resisted|p2a: Thundurus
|-damage|p2a: Thundurus|47/100
|-start|p2a: Thundurus|confusion
|
|upkeep
|turn|16
|
|t:|1760890852
|-activate|p2a: Thundurus|confusion
|-damage|p2a: Thundurus|33/100|[from] confusion
|move|p1a: Zapdos|Hurricane|p2a: Thundurus|[miss]
|-miss|p1a: Zapdos|p2a: Thundurus
|
|upkeep
|turn|17
|
|t:|1760890856
|-end|p2a: Thundurus|confusion
|move|p2a: Thundurus|Volt Switch|p1a: Zapdos
|-crit|p1a: Zapdos
|-damage|p1a: Zapdos|35/100
|
|t:|1760890862
|switch|p2a: Ditto|Ditto|100/100 par|[from] Volt Switch
|-damage|p2a: Ditto|88/100 par|[from] Stealth Rock
|-transform|p2a: Ditto|p1a: Zapdos|[from] ability: Imposter
|move|p1a: Zapdos|Hurricane|p2a: Ditto|[miss]
|-miss|p1a: Zapdos|p2a: Ditto
|
|upkeep
|turn|18
|
|t:|1760890866
|move|p1a: Zapdos|Roost|p1a: Zapdos
|-heal|p1a: Zapdos|85/100
|-singleturn|p1a: Zapdos|move: Roost
|cant|p2a: Ditto|par
|
|upkeep
|turn|19
|
|t:|1760890870
|move|p1a: Zapdos|Hurricane|p2a: Ditto
|-resisted|p2a: Ditto
|-damage|p2a: Ditto|60/100 par
|cant|p2a: Ditto|par
|
|upkeep
|turn|20
|
|t:|1760890875
|move|p1a: Zapdos|Hurricane|p2a: Ditto
|-resisted|p2a: Ditto
|-damage|p2a: Ditto|34/100 par
|-start|p2a: Ditto|confusion
|-activate|p2a: Ditto|confusion
|move|p2a: Ditto|Roost|p2a: Ditto
|-heal|p2a: Ditto|84/100 par
|-singleturn|p2a: Ditto|move: Roost
|
|upkeep
|turn|21
|
|t:|1760890886
|switch|p2a: Garchomp|Garchomp, F|100/100
|-damage|p2a: Garchomp|94/100|[from] Stealth Rock
|move|p1a: Zapdos|U-turn|p2a: Garchomp
|-damage|p2a: Garchomp|85/100
|-damage|p1a: Zapdos|73/100|[from] ability: Rough Skin|[of] p2a: Garchomp
|-damage|p1a: Zapdos|56/100|[from] item: Rocky Helmet|[of] p2a: Garchomp
|
|t:|1760890890
|switch|p1a: Mew|Mew|100/100|[from] U-turn
|-damage|p1a: Mew|88/100|[from] Stealth Rock
|
|-heal|p1a: Mew|94/100|[from] item: Leftovers
|upkeep
|turn|22
|
|t:|1760890892
|move|p1a: Mew|Ice Beam|p2a: Garchomp
|-supereffective|p2a: Garchomp
|-damage|p2a: Garchomp|0 fnt
|faint|p2a: Garchomp
|
|-heal|p1a: Mew|100/100|[from] item: Leftovers
|upkeep
|
|t:|1760890896
|switch|p2a: Azumarill|Azumarill, F|100/100 par
|-damage|p2a: Azumarill|88/100 par|[from] Stealth Rock
|turn|23
|
|t:|1760890901
|move|p1a: Mew|Psyshock|p2a: Azumarill
|-damage|p2a: Azumarill|48/100 par
|move|p2a: Azumarill|Knock Off|p1a: Mew
|-supereffective|p1a: Mew
|-damage|p1a: Mew|20/100
|-enditem|p1a: Mew|Leftovers|[from] move: Knock Off|[of] p2a: Azumarill
|
|upkeep
|turn|24
|
|t:|1760890906
|move|p2a: Azumarill|Aqua Jet|p1a: Mew
|-damage|p1a: Mew|0 fnt
|faint|p1a: Mew
|
|upkeep
|
|t:|1760890909
|switch|p1a: Tentacruel|Tentacruel, M|74/100
|-damage|p1a: Tentacruel|62/100|[from] Stealth Rock
|turn|25
|
|t:|1760890922
|switch|p2a: Ditto|Ditto|84/100 par
|-damage|p2a: Ditto|72/100 par|[from] Stealth Rock
|-transform|p2a: Ditto|p1a: Tentacruel|[from] ability: Imposter
|move|p1a: Tentacruel|Rapid Spin|p2a: Ditto
|-damage|p2a: Ditto|62/100 par
|-boost|p1a: Tentacruel|spe|1
|-sideend|p1: LOCO90|Stealth Rock|[from] move: Rapid Spin|[of] p1a: Tentacruel
|
|upkeep
|turn|26
|
|t:|1760890929
|move|p1a: Tentacruel|Flip Turn|p2a: Ditto
|-resisted|p2a: Ditto
|-damage|p2a: Ditto|55/100 par
|
|t:|1760890931
|switch|p1a: Zapdos|Zapdos|56/100|[from] Flip Turn
|move|p2a: Ditto|Rapid Spin|p1a: Zapdos
|-damage|p1a: Zapdos|49/100
|-boost|p2a: Ditto|spe|1
|-sideend|p2: exposed king|Stealth Rock|[from] move: Rapid Spin|[of] p2a: Ditto
|
|upkeep
|turn|27
|
|t:|1760890937
|switch|p2a: Thundurus|Thundurus-Therian, M|33/100
|move|p1a: Zapdos|Roost|p1a: Zapdos
|-heal|p1a: Zapdos|99/100
|-singleturn|p1a: Zapdos|move: Roost
|
|upkeep
|turn|28
|
|t:|1760890941
|move|p2a: Thundurus|Thunderbolt|p1a: Zapdos
|-damage|p1a: Zapdos|42/100
|move|p1a: Zapdos|Hurricane|p2a: Thundurus|[miss]
|-miss|p1a: Zapdos|p2a: Thundurus
|
|upkeep
|turn|29
|
|t:|1760890956
|move|p2a: Thundurus|Thunderbolt|p1a: Zapdos
|-damage|p1a: Zapdos|0 fnt
|faint|p1a: Zapdos
|
|upkeep
|
|t:|1760890962
|switch|p1a: Dragonite|Dragonite, M|100/100
|turn|30
|
|t:|1760890989
|move|p1a: Dragonite|Extreme Speed|p2a: Thundurus
|-crit|p2a: Thundurus
|-damage|p2a: Thundurus|0 fnt
|faint|p2a: Thundurus
|
|upkeep
|
|t:|1760890992
|switch|p2a: Darkrai|Darkrai|100/100
|turn|31
|
|t:|1760890997
|switch|p1a: Tentacruel|Tentacruel, M|62/100
|move|p2a: Darkrai|Ice Beam|p1a: Tentacruel
|-resisted|p1a: Tentacruel
|-damage|p1a: Tentacruel|42/100
|
|upkeep
|turn|32
|
|t:|1760891004
|switch|p2a: Ditto|Ditto|55/100 par
|-transform|p2a: Ditto|p1a: Tentacruel|[from] ability: Imposter
|move|p1a: Tentacruel|Toxic||[still]
|-fail|p1a: Tentacruel
|
|upkeep
|turn|33
|
|t:|1760891010
|move|p1a: Tentacruel|Flip Turn|p2a: Ditto
|-resisted|p2a: Ditto
|-damage|p2a: Ditto|46/100 par
|
|t:|1760891016
|switch|p1a: Hitmonlee|Hitmonlee, M|100/100|[from] Flip Turn
|move|p2a: Ditto|Flip Turn|p1a: Hitmonlee
|-damage|p1a: Hitmonlee|61/100
|
|t:|1760891029
|switch|p2a: Volcanion|Volcanion|100/100|[from] Flip Turn
|
|upkeep
|turn|34
|
|t:|1760891035
|move|p1a: Hitmonlee|High Jump Kick|p2a: Volcanion
|-damage|p2a: Volcanion|0 fnt
|faint|p2a: Volcanion
|
|upkeep
|
|t:|1760891040
|switch|p2a: Darkrai|Darkrai|100/100
|turn|35
|
|t:|1760891055
|switch|p1a: Clefable|Clefable, F, shiny|100/100
|move|p2a: Darkrai|Ice Beam|p1a: Clefable
|-damage|p1a: Clefable|61/100
|
|upkeep
|turn|36
|
|t:|1760891061
|switch|p2a: Azumarill|Azumarill, F|48/100 par
|move|p1a: Clefable|Stealth Rock|p2a: Azumarill
|-sidestart|p2: exposed king|move: Stealth Rock
|
|upkeep
|turn|37
|
|t:|1760891066
|switch|p1a: Tentacruel|Tentacruel, M|42/100
|cant|p2a: Azumarill|par
|
|upkeep
|turn|38
|
|t:|1760891070
|move|p1a: Tentacruel|Rapid Spin|p2a: Azumarill
|-damage|p2a: Azumarill|37/100 par
|-boost|p1a: Tentacruel|spe|1
|move|p2a: Azumarill|Knock Off|p1a: Tentacruel
|-damage|p1a: Tentacruel|19/100
|
|upkeep
|turn|39
|
|t:|1760891076
|move|p1a: Tentacruel|Knock Off|p2a: Azumarill
|-resisted|p2a: Azumarill
|-crit|p2a: Azumarill
|-damage|p2a: Azumarill|24/100 par
|-enditem|p2a: Azumarill|Assault Vest|[from] move: Knock Off|[of] p1a: Tentacruel
|cant|p2a: Azumarill|par
|
|upkeep
|turn|40
|
|t:|1760891082
|move|p2a: Azumarill|Aqua Jet|p1a: Tentacruel
|-resisted|p1a: Tentacruel
|-damage|p1a: Tentacruel|9/100
|move|p1a: Tentacruel|Rapid Spin|p2a: Azumarill
|-damage|p2a: Azumarill|13/100 par
|-boost|p1a: Tentacruel|spe|1
|
|upkeep
|turn|41
|
|t:|1760891086
|move|p2a: Azumarill|Aqua Jet|p1a: Tentacruel
|-resisted|p1a: Tentacruel
|-damage|p1a: Tentacruel|0 fnt
|faint|p1a: Tentacruel
|
|upkeep
|
|t:|1760891089
|switch|p1a: Dragonite|Dragonite, M|100/100
|turn|42
|
|t:|1760891095
|-terastallize|p2a: Azumarill|Ghost
|move|p1a: Dragonite|Extreme Speed|p2a: Azumarill
|-immune|p2a: Azumarill
|move|p2a: Azumarill|Aqua Jet|p1a: Dragonite
|-resisted|p1a: Dragonite
|-damage|p1a: Dragonite|93/100
|
|upkeep
|turn|43
|
|t:|1760891102
|cant|p2a: Azumarill|par
|move|p1a: Dragonite|Earthquake|p2a: Azumarill
|-damage|p2a: Azumarill|0 fnt
|faint|p2a: Azumarill
|
|upkeep
|
|t:|1760891109
|switch|p2a: Darkrai|Darkrai|100/100
|-damage|p2a: Darkrai|88/100|[from] Stealth Rock
|turn|44
|
|t:|1760891115
|-terastallize|p1a: Dragonite|Normal
|move|p2a: Darkrai|Ice Beam|p1a: Dragonite
|-damage|p1a: Dragonite|45/100
|move|p1a: Dragonite|Dragon Dance|p1a: Dragonite
|-boost|p1a: Dragonite|atk|1
|-boost|p1a: Dragonite|spe|1
|
|upkeep
|turn|45
|
|t:|1760891121
|move|p1a: Dragonite|Extreme Speed|p2a: Darkrai
|-damage|p2a: Darkrai|0 fnt
|faint|p2a: Darkrai
|
|upkeep
|
|t:|1760891123
|switch|p2a: Ditto|Ditto|46/100 par
|-damage|p2a: Ditto|34/100 par|[from] Stealth Rock
|-transform|p2a: Ditto|p1a: Dragonite|[from] ability: Imposter
|-start|p2a: Ditto|typechange|Dragon/Flying|[silent]
|turn|46
|
|t:|1760891127
|move|p1a: Dragonite|Extreme Speed|p2a: Ditto
|-damage|p2a: Ditto|0 fnt
|faint|p2a: Ditto
|
|win|LOCO90
|raw|LOCO90's rating: 1419 &rarr; <strong>1441</strong><br />(+22 for winning)
|raw|exposed king's rating: 1451 &rarr; <strong>1429</strong><br />(-22 for losing)
|c|☆LOCO90|gg
|c|☆exposed king|gg
|l|☆LOCO90
|player|p1|
