|j|☆whaleliu1998
|j|☆meio_potato
|t:|1760887803
|gametype|singles
|player|p1|whaleliu1998|marlon|1506
|player|p2|meio_potato|dawn-gen4pt|1549
|gen|9
|tier|[Gen 9] OU
|rated|
|rule|HP Percentage Mod: HP is shown in percentages
|rule|Endless Battle Clause: Forcing endless battles is banned
|rule|Species Clause: Limit one of each Pokémon
|rule|OHKO Clause: OHKO moves are banned
|rule|Evasion Items Clause: Evasion items are banned
|rule|Evasion Moves Clause: Evasion moves are banned
|rule|Evasion Abilities Clause: Evasion abilities are banned
|rule|Sleep Moves Clause: Sleep-inducing moves are banned
|clearpoke
|poke|p1|Ursaluna, F|
|poke|p1|Cresselia, F|
|poke|p1|Enamorus-Therian, F|
|poke|p1|Hoopa-Unbound|
|poke|p1|Hatterene, F|
|poke|p1|Mimikyu, F|
|poke|p2|Kingambit, M|
|poke|p2|Ogerpon-Wellspring, F|
|poke|p2|Iron Moth|
|poke|p2|Cresselia, F|
|poke|p2|Zamazenta-*|
|poke|p2|Polteageist|
|teampreview
|inactive|Battle timer is ON: inactive players will automatically lose when time's up. (requested by meio_potato)
|inactive|whaleliu1998 also wants the timer to be on.
|
|t:|1760887817
|teamsize|p1|6
|teamsize|p2|6
|start
|switch|p1a: Enamorus|Enamorus-Therian, F|100/100
|switch|p2a: Ogerpon|Ogerpon-Wellspring, F|100/100
|turn|1
|
|t:|1760887820
|-terastallize|p1a: Enamorus|Fairy
|move|p2a: Ogerpon|Swords Dance|p2a: Ogerpon
|-boost|p2a: Ogerpon|atk|2
|move|p1a: Enamorus|Moonblast|p2a: Ogerpon
|-damage|p2a: Ogerpon|0 fnt
|faint|p2a: Ogerpon
|
|upkeep
|
|t:|1760887824
|switch|p2a: Teatime|Polteageist, shiny|100/100
|turn|2
|
|t:|1760887834
|move|p2a: Teatime|Shell Smash|p2a: Teatime
|-unboost|p2a: Teatime|def|1
|-unboost|p2a: Teatime|spd|1
|-boost|p2a: Teatime|atk|2
|-boost|p2a: Teatime|spa|2
|-boost|p2a: Teatime|spe|2
|move|p1a: Enamorus|Moonblast|p2a: Teatime
|-enditem|p2a: Teatime|Focus Sash
|-damage|p2a: Teatime|1/100
|-unboost|p2a: Teatime|spa|1
|
|upkeep
|turn|3
|
|t:|1760887849
|switch|p1a: Mimikyu|Mimikyu, F|100/100
|move|p2a: Teatime|Stored Power|p1a: Mimikyu
|-activate|p1a: Mimikyu|ability: Disguise
|-damage|p1a: Mimikyu|100/100
|detailschange|p1a: Mimikyu|Mimikyu-Busted, F
|-damage|p1a: Mimikyu|88/100|[from] pokemon: Mimikyu-Busted
|-enditem|p1a: Mimikyu|Red Card|[of] p2a: Teatime
|drag|p2a: Steak|Zamazenta|100/100
|-ability|p2a: Steak|Dauntless Shield|boost
|-boost|p2a: Steak|def|1
|
|upkeep
|turn|4
|
|t:|1760887866
|move|p2a: Steak|Iron Defense|p2a: Steak
|-boost|p2a: Steak|def|2
|move|p1a: Mimikyu|Trick Room|p1a: Mimikyu
|-fieldstart|move: Trick Room|[of] p1a: Mimikyu
|
|upkeep
|turn|5
|
|t:|1760887871
|switch|p1a: Enamorus|Enamorus-Therian, F, tera:Fairy|100/100
|move|p2a: Steak|Iron Defense|p2a: Steak
|-boost|p2a: Steak|def|2
|
|upkeep
|turn|6
|
|t:|1760887881
|-terastallize|p2a: Steak|Fire
|move|p1a: Enamorus|Moonblast|p2a: Steak
|-resisted|p2a: Steak
|-damage|p2a: Steak|65/100
|move|p2a: Steak|Body Press|p1a: Enamorus
|-resisted|p1a: Enamorus
|-damage|p1a: Enamorus|47/100
|
|-heal|p2a: Steak|71/100|[from] item: Leftovers
|upkeep
|turn|7
|
|t:|1760887895
|switch|p1a: Mimikyu|Mimikyu-Busted, F|88/100
|move|p2a: Steak|Body Press|p1a: Mimikyu
|-immune|p1a: Mimikyu
|
|-heal|p2a: Steak|77/100|[from] item: Leftovers
|upkeep
|turn|8
|
|t:|1760887903
|move|p1a: Mimikyu|Curse|p2a: Steak
|-start|p2a: Steak|Curse|[of] p1a: Mimikyu
|-damage|p1a: Mimikyu|38/100
|move|p2a: Steak|Roar|p1a: Mimikyu
|drag|p1a: Cresselia|Cresselia, F|100/100
|
|-heal|p2a: Steak|83/100|[from] item: Leftovers
|-damage|p2a: Steak|58/100|[from] Curse
|-fieldend|move: Trick Room
|upkeep
|turn|9
|
|t:|1760887915
|move|p2a: Steak|Crunch|p1a: Cresselia
|-supereffective|p1a: Cresselia
|-enditem|p1a: Cresselia|Colbur Berry|[eat]
|-enditem|p1a: Cresselia|Colbur Berry|[weaken]
|-damage|p1a: Cresselia|88/100
|-unboost|p1a: Cresselia|def|1
|move|p1a: Cresselia|Trick Room|p1a: Cresselia
|-fieldstart|move: Trick Room|[of] p1a: Cresselia
|
|-heal|p2a: Steak|64/100|[from] item: Leftovers
|-damage|p2a: Steak|40/100|[from] Curse
|upkeep
|turn|10
|
|t:|1760887927
|move|p1a: Cresselia|Lunar Dance|p1a: Cresselia
|faint|p1a: Cresselia
|move|p2a: Steak|Crunch|p1: Cresselia|[notarget]
|-fail|p2a: Steak
|
|-heal|p2a: Steak|46/100|[from] item: Leftovers
|-damage|p2a: Steak|21/100|[from] Curse
|upkeep
|
|t:|1760887932
|switch|p1a: Enamorus|Enamorus-Therian, F, tera:Fairy|47/100
|-heal|p1a: Enamorus|100/100|[from] move: Lunar Dance
|turn|11
|
|t:|1760887941
|move|p1a: Enamorus|Earth Power|p2a: Steak
|-supereffective|p2a: Steak
|-damage|p2a: Steak|0 fnt
|faint|p2a: Steak
|
|upkeep
|
|t:|1760887946
|switch|p2a: Moon|Cresselia, F, shiny|100/100
|turn|12
|
|t:|1760887949
|switch|p1a: Hoopa|Hoopa-Unbound|100/100
|move|p2a: Moon|Calm Mind|p2a: Moon
|-boost|p2a: Moon|spa|1
|-boost|p2a: Moon|spd|1
|
|upkeep
|turn|13
|
|t:|1760887952
|move|p1a: Hoopa|Hyperspace Fury|p2a: Moon
|-supereffective|p2a: Moon
|-damage|p2a: Moon|3/100
|-unboost|p1a: Hoopa|def|1
|-damage|p1a: Hoopa|91/100|[from] item: Life Orb
|move|p2a: Moon|Calm Mind|p2a: Moon
|-boost|p2a: Moon|spa|1
|-boost|p2a: Moon|spd|1
|
|-heal|p2a: Moon|9/100|[from] item: Leftovers
|-fieldend|move: Trick Room
|upkeep
|turn|14
|
|t:|1760887962
|move|p2a: Moon|Moonblast|p1a: Hoopa
|-supereffective|p1a: Hoopa
|-damage|p1a: Hoopa|35/100
|move|p1a: Hoopa|Trick Room|p1a: Hoopa
|-fieldstart|move: Trick Room|[of] p1a: Hoopa
|
|-heal|p2a: Moon|15/100|[from] item: Leftovers
|upkeep
|turn|15
|
|t:|1760887968
|move|p1a: Hoopa|Hyperspace Fury|p2a: Moon
|-supereffective|p2a: Moon
|-damage|p2a: Moon|0 fnt
|-unboost|p1a: Hoopa|def|1
|faint|p2a: Moon
|-damage|p1a: Hoopa|25/100|[from] item: Life Orb
|
|upkeep
|
|t:|1760887973
|switch|p2a: Harry|Kingambit, M|100/100
|-activate|p2a: Harry|ability: Supreme Overlord
|-start|p2a: Harry|fallen3|[silent]
|turn|16
|
|t:|1760887981
|move|p2a: Harry|Sucker Punch|p1a: Hoopa
|-damage|p1a: Hoopa|0 fnt
|faint|p1a: Hoopa
|
|upkeep
|
|t:|1760887986
|switch|p1a: Enamorus|Enamorus-Therian, F, tera:Fairy|100/100
|turn|17
|
|t:|1760887993
|-end|p2a: Harry|fallen3|[silent]
|switch|p2a: Teatime|Polteageist, shiny|1/100
|move|p1a: Enamorus|Moonblast|p2a: Teatime
|-damage|p2a: Teatime|0 fnt
|faint|p2a: Teatime
|
|upkeep
|
|t:|1760887995
|switch|p2a: Satoshi-Gekkouga|Iron Moth|100/100
|turn|18
|j| yarcii
|
|t:|1760888010
|switch|p1a: Ursaluna|Ursaluna, F|100/100
|move|p2a: Satoshi-Gekkouga|Fiery Dance|p1a: Ursaluna
|-crit|p1a: Ursaluna
|-damage|p1a: Ursaluna|34/100
|
|-fieldend|move: Trick Room
|-status|p1a: Ursaluna|brn|[from] item: Flame Orb
|upkeep
|turn|19
|
|t:|1760888020
|switch|p1a: Mimikyu|Mimikyu-Busted, F|38/100
|move|p2a: Satoshi-Gekkouga|Fiery Dance|p1a: Mimikyu
|-damage|p1a: Mimikyu|0 fnt
|faint|p1a: Mimikyu
|
|upkeep
|
|t:|1760888025
|switch|p1a: Hatterene|Hatterene, F|100/100
|turn|20
|
|t:|1760888030
|move|p2a: Satoshi-Gekkouga|Sludge Wave|p1a: Hatterene
|-supereffective|p1a: Hatterene
|-enditem|p1a: Hatterene|Focus Sash
|-damage|p1a: Hatterene|1/100
|move|p1a: Hatterene|Trick Room|p1a: Hatterene
|-fieldstart|move: Trick Room|[of] p1a: Hatterene
|
|upkeep
|turn|21
|
|t:|1760888037
|move|p1a: Hatterene|Healing Wish|p1a: Hatterene
|faint|p1a: Hatterene
|move|p2a: Satoshi-Gekkouga|Fiery Dance|p1: Hatterene|[notarget]
|-fail|p2a: Satoshi-Gekkouga
|
|upkeep
|
|t:|1760888046
|switch|p1a: Enamorus|Enamorus-Therian, F, tera:Fairy|100/100
|turn|22
|
|t:|1760888050
|move|p1a: Enamorus|Earth Power|p2a: Satoshi-Gekkouga
|-supereffective|p2a: Satoshi-Gekkouga
|-enditem|p2a: Satoshi-Gekkouga|Focus Sash
|-damage|p2a: Satoshi-Gekkouga|1/100
|move|p2a: Satoshi-Gekkouga|Sludge Wave|p1a: Enamorus
|-supereffective|p1a: Enamorus
|-damage|p1a: Enamorus|1/100
|
|upkeep
|turn|23
|
|t:|1760888055
|move|p1a: Enamorus|Earth Power|p2a: Satoshi-Gekkouga
|-supereffective|p2a: Satoshi-Gekkouga
|-damage|p2a: Satoshi-Gekkouga|0 fnt
|faint|p2a: Satoshi-Gekkouga
|-end|p2a: Satoshi-Gekkouga|Quark Drive|[silent]
|
|upkeep
|
|t:|1760888057
|switch|p2a: Harry|Kingambit, M|100/100
|-activate|p2a: Harry|ability: Supreme Overlord
|-start|p2a: Harry|fallen5|[silent]
|turn|24
|
|t:|1760888060
|move|p2a: Harry|Sucker Punch|p1a: Enamorus
|-resisted|p1a: Enamorus
|-damage|p1a: Enamorus|0 fnt
|faint|p1a: Enamorus
|
|-fieldend|move: Trick Room
|upkeep
|
|t:|1760888063
|switch|p1a: Ursaluna|Ursaluna, F|34/100 brn
|-heal|p1a: Ursaluna|100/100|[from] move: Healing Wish
|turn|25
|
|t:|1760888067
|move|p2a: Harry|Brick Break|p1a: Ursaluna
|-supereffective|p1a: Ursaluna
|-damage|p1a: Ursaluna|45/100
|move|p1a: Ursaluna|Headlong Rush|p2a: Harry
|-supereffective|p2a: Harry
|-damage|p2a: Harry|0 fnt
|-unboost|p1a: Ursaluna|def|1
|-unboost|p1a: Ursaluna|spd|1
|faint|p2a: Harry
|-end|p2a: Harry|fallen5|[silent]
|
|win|whaleliu1998
|raw|whaleliu1998's rating: 1506 &rarr; <strong>1528</strong><br />(+22 for winning)
|raw|meio_potato's rating: 1549 &rarr; <strong>1527</strong><br />(-22 for losing)
|l|☆meio_potato
|player|p2|
|c|☆whaleliu1998|gg
|l|☆whaleliu1998
|player|p1|
