|j|☆haa111
|j|☆ThighFish
|t:|1760834511
|gametype|singles
|player|p1|haa111|pokemonranger-gen4|1099
|player|p2|ThighFish|volkner|1139
|gen|9
|tier|[Gen 9] OU
|rated|
|rule|HP Percentage Mod: HP is shown in percentages
|rule|Endless Battle Clause: Forcing endless battles is banned
|rule|Species Clause: Limit one of each Pokémon
|rule|OHKO Clause: OHKO moves are banned
|rule|Evasion Items Clause: Evasion items are banned
|rule|Evasion Moves Clause: Evasion moves are banned
|rule|Evasion Abilities Clause: Evasion abilities are banned
|rule|Sleep Moves Clause: Sleep-inducing moves are banned
|clearpoke
|poke|p1|Excadrill, F|
|poke|p1|Indeedee, M|
|poke|p1|Hawlucha, M|
|poke|p1|Iron Treads|
|poke|p1|Torterra, M|
|poke|p1|Cinderace, M|
|poke|p2|Gholdengo|
|poke|p2|Zamazenta-*|
|poke|p2|Ting-Lu|
|poke|p2|Clefable, F|
|poke|p2|Dragonite, M|
|poke|p2|Deoxys-Speed|
|teampreview
|
|t:|1760834519
|teamsize|p1|6
|teamsize|p2|6
|start
|switch|p1a: Cinderace|Cinderace, M|100/100
|switch|p2a: Moonrock 350|Clefable, F|100/100
|turn|1
|inactive|Battle timer is ON: inactive players will automatically lose when time's up. (requested by ThighFish)
|
|t:|1760834528
|-terastallize|p1a: Cinderace|Fire
|move|p1a: Cinderace|Flare Blitz|p2a: Moonrock 350
|-damage|p2a: Moonrock 350|37/100
|-damage|p1a: Cinderace|84/100|[from] item: Rocky Helmet|[of] p2a: Moonrock 350
|-damage|p1a: Cinderace|56/100|[from] Recoil
|move|p2a: Moonrock 350|Stealth Rock|p1a: Cinderace
|-sidestart|p1: haa111|move: Stealth Rock
|
|upkeep
|turn|2
|
|t:|1760834542
|switch|p2a: Secret Service|Dragonite, M|100/100
|move|p1a: Cinderace|Flare Blitz|p2a: Secret Service
|-resisted|p2a: Secret Service
|-damage|p2a: Secret Service|84/100
|-damage|p1a: Cinderace|49/100|[from] Recoil
|
|upkeep
|turn|3
|
|t:|1760834555
|move|p1a: Cinderace|Sucker Punch|p2a: Secret Service
|-damage|p2a: Secret Service|64/100
|move|p2a: Secret Service|Earthquake|p1a: Cinderace
|-supereffective|p1a: Cinderace
|-damage|p1a: Cinderace|0 fnt
|faint|p1a: Cinderace
|
|upkeep
|
|t:|1760834564
|switch|p1a: Iron Treads|Iron Treads|100/100
|-damage|p1a: Iron Treads|97/100|[from] Stealth Rock
|-enditem|p1a: Iron Treads|Booster Energy
|-activate|p1a: Iron Treads|ability: Quark Drive|[fromitem]
|-start|p1a: Iron Treads|quarkdrivespe
|turn|4
|
|t:|1760834570
|move|p1a: Iron Treads|Supercell Slam|p2a: Secret Service
|-crit|p2a: Secret Service
|-damage|p2a: Secret Service|21/100
|move|p2a: Secret Service|Dragon Tail|p1a: Iron Treads
|-resisted|p1a: Iron Treads
|-damage|p1a: Iron Treads|83/100
|-end|p1a: Iron Treads|Quark Drive|[silent]
|drag|p1a: Hawlucha|Hawlucha, M|100/100
|-damage|p1a: Hawlucha|88/100|[from] Stealth Rock
|-ability|p1a: Hawlucha|Mold Breaker
|
|upkeep
|turn|5
|
|t:|1760834584
|move|p1a: Hawlucha|Throat Chop|p2a: Secret Service
|-damage|p2a: Secret Service|1/100
|-start|p2a: Secret Service|Throat Chop|[silent]
|move|p2a: Secret Service|Roost|p2a: Secret Service
|-heal|p2a: Secret Service|51/100
|-singleturn|p2a: Secret Service|move: Roost
|
|upkeep
|turn|6
|
|t:|1760834607
|switch|p1a: Indeedee|Indeedee, M|100/100
|-damage|p1a: Indeedee|88/100|[from] Stealth Rock
|-fieldstart|move: Psychic Terrain|[from] ability: Psychic Surge|[of] p1a: Indeedee
|move|p2a: Secret Service|Roost|p2a: Secret Service
|-heal|p2a: Secret Service|100/100
|-singleturn|p2a: Secret Service|move: Roost
|
|-end|p2a: Secret Service|Throat Chop|[silent]
|upkeep
|turn|7
|
|t:|1760834619
|move|p1a: Indeedee|Expanding Force|p2a: Secret Service
|-damage|p2a: Secret Service|68/100
|move|p2a: Secret Service|Dragon Tail|p1a: Indeedee|[miss]
|-miss|p2a: Secret Service|p1a: Indeedee
|
|upkeep
|turn|8
|
|t:|1760834627
|switch|p1a: Hawlucha|Hawlucha, M|88/100
|-damage|p1a: Hawlucha|76/100|[from] Stealth Rock
|-ability|p1a: Hawlucha|Mold Breaker
|-enditem|p1a: Hawlucha|Psychic Seed
|-boost|p1a: Hawlucha|spd|1|[from] item: Psychic Seed
|switch|p2a: Up Bowl On Em|Ting-Lu|100/100
|-ability|p2a: Up Bowl On Em|Vessel of Ruin
|
|upkeep
|turn|9
|
|t:|1760834644
|switch|p2a: Secret Service|Dragonite, M|68/100
|move|p1a: Hawlucha|Swords Dance|p1a: Hawlucha
|-boost|p1a: Hawlucha|atk|2
|
|upkeep
|turn|10
|
|t:|1760834652
|move|p1a: Hawlucha|Acrobatics|p2a: Secret Service
|-damage|p2a: Secret Service|0 fnt
|faint|p2a: Secret Service
|
|-fieldend|move: Psychic Terrain
|upkeep
|
|t:|1760834666
|switch|p2a: Djengo Unrained|Gholdengo|100/100
|turn|11
|
|t:|1760834674
|-terastallize|p2a: Djengo Unrained|Fairy
|move|p1a: Hawlucha|Throat Chop|p2a: Djengo Unrained
|-resisted|p2a: Djengo Unrained
|-damage|p2a: Djengo Unrained|85/100
|-start|p2a: Djengo Unrained|Throat Chop|[silent]
|move|p2a: Djengo Unrained|Make It Rain|p1a: Hawlucha
|-damage|p1a: Hawlucha|17/100
|-unboost|p2a: Djengo Unrained|spa|1
|
|upkeep
|turn|12
|
|t:|1760834685
|move|p1a: Hawlucha|Acrobatics|p2a: Djengo Unrained
|-damage|p2a: Djengo Unrained|17/100
|move|p2a: Djengo Unrained|Shadow Ball|p1a: Hawlucha
|-crit|p1a: Hawlucha
|-damage|p1a: Hawlucha|0 fnt
|faint|p1a: Hawlucha
|
|-end|p2a: Djengo Unrained|Throat Chop|[silent]
|upkeep
|
|t:|1760834695
|switch|p1a: Iron Treads|Iron Treads|83/100
|-damage|p1a: Iron Treads|80/100|[from] Stealth Rock
|turn|13
|
|t:|1760834705
|switch|p2a: Up Bowl On Em|Ting-Lu|100/100
|-ability|p2a: Up Bowl On Em|Vessel of Ruin
|move|p1a: Iron Treads|Steel Beam|p2a: Up Bowl On Em
|-damage|p2a: Up Bowl On Em|85/100
|-damage|p1a: Iron Treads|29/100|[from] steelbeam
|
|-heal|p2a: Up Bowl On Em|92/100|[from] item: Leftovers
|upkeep
|turn|14
|
|t:|1760834719
|move|p1a: Iron Treads|Ice Spinner|p2a: Up Bowl On Em
|-supereffective|p2a: Up Bowl On Em
|-damage|p2a: Up Bowl On Em|66/100
|move|p2a: Up Bowl On Em|Spikes|p1a: Iron Treads
|-sidestart|p1: haa111|Spikes
|
|-heal|p2a: Up Bowl On Em|72/100|[from] item: Leftovers
|upkeep
|turn|15
|
|t:|1760834727
|move|p1a: Iron Treads|Stealth Rock|p2a: Up Bowl On Em
|-sidestart|p2: ThighFish|move: Stealth Rock
|move|p2a: Up Bowl On Em|Spikes|p1a: Iron Treads
|-sidestart|p1: haa111|Spikes
|
|-heal|p2a: Up Bowl On Em|79/100|[from] item: Leftovers
|upkeep
|turn|16
|
|t:|1760834735
|move|p1a: Iron Treads|Ice Spinner|p2a: Up Bowl On Em
|-supereffective|p2a: Up Bowl On Em
|-damage|p2a: Up Bowl On Em|53/100
|move|p2a: Up Bowl On Em|Spikes|p1a: Iron Treads
|-sidestart|p1: haa111|Spikes
|
|-heal|p2a: Up Bowl On Em|59/100|[from] item: Leftovers
|upkeep
|turn|17
|
|t:|1760834743
|move|p1a: Iron Treads|Ice Spinner|p2a: Up Bowl On Em
|-supereffective|p2a: Up Bowl On Em
|-damage|p2a: Up Bowl On Em|33/100
|move|p2a: Up Bowl On Em|Whirlwind|p1a: Iron Treads
|-end|p1a: Iron Treads|Quark Drive|[silent]
|drag|p1a: Indeedee|Indeedee, M|88/100
|-damage|p1a: Indeedee|76/100|[from] Stealth Rock
|-damage|p1a: Indeedee|51/100|[from] Spikes
|-fieldstart|move: Psychic Terrain|[from] ability: Psychic Surge|[of] p1a: Indeedee
|
|-heal|p2a: Up Bowl On Em|39/100|[from] item: Leftovers
|upkeep
|turn|18
|
|t:|1760834759
|switch|p2a: CClifford|Zamazenta|100/100
|-ability|p2a: CClifford|Dauntless Shield|boost
|-boost|p2a: CClifford|def|1
|move|p1a: Indeedee|Fake Out|p2a: CClifford
|-activate|p2a: CClifford|move: Psychic Terrain
|
|upkeep
|turn|19
|
|t:|1760834772
|move|p2a: CClifford|Close Combat|p1a: Indeedee
|-damage|p1a: Indeedee|0 fnt
|-unboost|p2a: CClifford|def|1
|-unboost|p2a: CClifford|spd|1
|faint|p1a: Indeedee
|
|upkeep
|
|t:|1760834781
|switch|p1a: Torterra|Torterra, M|100/100
|-damage|p1a: Torterra|94/100|[from] Stealth Rock
|-damage|p1a: Torterra|69/100|[from] Spikes
|turn|20
|c|☆ThighFish|Why tf does it have Fake Out
|c|☆ThighFish|Its ability makes it literally useless
|
|t:|1760834809
|move|p2a: CClifford|Ice Fang|p1a: Torterra
|-supereffective|p1a: Torterra
|-damage|p1a: Torterra|0 fnt
|faint|p1a: Torterra
|
|upkeep
|
|t:|1760834814
|switch|p1a: Excadrill|Excadrill, F|100/100
|-damage|p1a: Excadrill|98/100|[from] Stealth Rock
|-damage|p1a: Excadrill|73/100|[from] Spikes
|-ability|p1a: Excadrill|Mold Breaker
|turn|21
|
|t:|1760834822
|move|p2a: CClifford|Close Combat|p1a: Excadrill
|-supereffective|p1a: Excadrill
|-damage|p1a: Excadrill|0 fnt
|-unboost|p2a: CClifford|def|1
|-unboost|p2a: CClifford|spd|1
|faint|p1a: Excadrill
|
|-fieldend|move: Psychic Terrain
|upkeep
|-message|haa111 forfeited.
|
|win|ThighFish
|raw|haa111's rating: 1099 &rarr; <strong>1077</strong><br />(-22 for losing)
|raw|ThighFish's rating: 1139 &rarr; <strong>1161</strong><br />(+22 for winning)
|l|☆haa111
|player|p1|
