|j|☆Asilentmusician
|j|☆p0lntless
|t:|1760776507
|gametype|singles
|player|p1|Asilentmusician|fantina|1248
|player|p2|p0lntless|265|1204
|gen|9
|tier|[Gen 9] OU
|rated|
|rule|HP Percentage Mod: HP is shown in percentages
|rule|Endless Battle Clause: Forcing endless battles is banned
|rule|Species Clause: Limit one of each Pokémon
|rule|OHKO Clause: OHKO moves are banned
|rule|Evasion Items Clause: Evasion items are banned
|rule|Evasion Moves Clause: Evasion moves are banned
|rule|Evasion Abilities Clause: Evasion abilities are banned
|rule|Sleep Moves Clause: Sleep-inducing moves are banned
|clearpoke
|poke|p1|Garchomp, F|
|poke|p1|Kyurem|
|poke|p1|Deoxys-Speed|
|poke|p1|Hatterene, F|
|poke|p1|Iron Crown|
|poke|p1|Landorus-Therian, M|
|poke|p2|Garchomp, M|
|poke|p2|Dondozo, M|
|poke|p2|Blastoise, F|
|poke|p2|Goodra-Hisui, M|
|poke|p2|Slaking, F|
|poke|p2|Chandelure, F|
|teampreview
|inactive|Battle timer is ON: inactive players will automatically lose when time's up. (requested by p0lntless)
|
|t:|1760776523
|teamsize|p1|6
|teamsize|p2|6
|start
|switch|p1a: Deoxys|Deoxys-Speed|100/100
|switch|p2a: Garchomp|Garchomp, M|100/100
|-ability|p1a: Deoxys|Pressure
|turn|1
|
|t:|1760776532
|move|p1a: Deoxys|Ice Beam|p2a: Garchomp
|-supereffective|p2a: Garchomp
|-damage|p2a: Garchomp|13/100
|move|p2a: Garchomp|Stealth Rock|p1a: Deoxys
|-sidestart|p1: Asilentmusician|move: Stealth Rock
|
|upkeep
|turn|2
|
|t:|1760776539
|move|p1a: Deoxys|Ice Beam|p2a: Garchomp
|-supereffective|p2a: Garchomp
|-damage|p2a: Garchomp|0 fnt
|faint|p2a: Garchomp
|
|upkeep
|
|t:|1760776543
|switch|p2a: Slaking|Slaking, F|100/100
|turn|3
|
|t:|1760776546
|move|p1a: Deoxys|Stealth Rock|p2a: Slaking
|-sidestart|p2: p0lntless|move: Stealth Rock
|move|p2a: Slaking|Knock Off|p1a: Deoxys
|-supereffective|p1a: Deoxys
|-enditem|p1a: Deoxys|Focus Sash
|-damage|p1a: Deoxys|1/100
|
|upkeep
|turn|4
|
|t:|1760776556
|switch|p2a: Goodra|Goodra-Hisui, M|100/100
|-damage|p2a: Goodra|94/100|[from] Stealth Rock
|move|p1a: Deoxys|Psycho Boost|p2a: Goodra
|-resisted|p2a: Goodra
|-damage|p2a: Goodra|82/100
|-unboost|p1a: Deoxys|spa|2
|
|upkeep
|turn|5
|
|t:|1760776564
|switch|p1a: Hatterene|Hatterene, F|100/100
|-damage|p1a: Hatterene|88/100|[from] Stealth Rock
|move|p2a: Goodra|Dragon Tail|p1a: Hatterene
|-immune|p1a: Hatterene
|
|-heal|p1a: Hatterene|94/100|[from] item: Leftovers
|upkeep
|turn|6
|
|t:|1760776576
|switch|p1a: Landorus|Landorus-Therian, M|100/100
|-damage|p1a: Landorus|88/100|[from] Stealth Rock
|-ability|p1a: Landorus|Intimidate|boost
|-unboost|p2a: Goodra|atk|1
|move|p2a: Goodra|Gyro Ball|p1a: Landorus
|-damage|p1a: Landorus|71/100
|-damage|p2a: Goodra|66/100|[from] item: Rocky Helmet|[of] p1a: Landorus
|
|upkeep
|turn|7
|
|t:|1760776584
|-terastallize|p2a: Goodra|Water
|move|p1a: Landorus|Earthquake|p2a: Goodra
|-damage|p2a: Goodra|18/100
|move|p2a: Goodra|Hydro Pump|p1a: Landorus|[miss]
|-miss|p2a: Goodra|p1a: Landorus
|
|upkeep
|turn|8
|
|t:|1760776591
|move|p1a: Landorus|Earthquake|p2a: Goodra
|-damage|p2a: Goodra|0 fnt
|faint|p2a: Goodra
|
|upkeep
|
|t:|1760776595
|switch|p2a: Blastoise|Blastoise, F|100/100
|-damage|p2a: Blastoise|88/100|[from] Stealth Rock
|turn|9
|
|t:|1760776598
|move|p1a: Landorus|Earthquake|p2a: Blastoise
|-damage|p2a: Blastoise|55/100
|move|p2a: Blastoise|Rapid Spin|p1a: Landorus
|-damage|p1a: Landorus|62/100
|-boost|p2a: Blastoise|spe|1
|-damage|p2a: Blastoise|38/100|[from] item: Rocky Helmet|[of] p1a: Landorus
|-sideend|p2: p0lntless|Stealth Rock|[from] move: Rapid Spin|[of] p2a: Blastoise
|
|upkeep
|turn|10
|
|t:|1760776604
|move|p1a: Landorus|Earthquake|p2a: Blastoise
|-damage|p2a: Blastoise|3/100
|move|p2a: Blastoise|Flip Turn|p1a: Landorus
|-supereffective|p1a: Landorus
|-damage|p1a: Landorus|27/100
|-damage|p2a: Blastoise|0 fnt|[from] item: Rocky Helmet|[of] p1a: Landorus
|faint|p2a: Blastoise
|
|upkeep
|
|t:|1760776613
|switch|p2a: Dondozo|Dondozo, M|100/100
|turn|11
|
|t:|1760776618
|move|p1a: Landorus|Earthquake|p2a: Dondozo
|-damage|p2a: Dondozo|81/100
|move|p2a: Dondozo|Liquidation|p1a: Landorus
|-supereffective|p1a: Landorus
|-damage|p1a: Landorus|0 fnt
|-damage|p2a: Dondozo|64/100|[from] item: Rocky Helmet|[of] p1a: Landorus
|faint|p1a: Landorus
|
|upkeep
|
|t:|1760776624
|switch|p1a: Iron Crown|Iron Crown|100/100
|-damage|p1a: Iron Crown|94/100|[from] Stealth Rock
|turn|12
|
|t:|1760776633
|move|p1a: Iron Crown|Volt Switch|p2a: Dondozo
|-supereffective|p2a: Dondozo
|-damage|p2a: Dondozo|17/100
|
|t:|1760776636
|-end|p1a: Iron Crown|Quark Drive|[silent]
|switch|p1a: Deoxys|Deoxys-Speed|1/100|[from] Volt Switch
|-damage|p1a: Deoxys|0 fnt|[from] Stealth Rock
|faint|p1a: Deoxys
|move|p2a: Dondozo|Liquidation|p1: Deoxys|[notarget]
|-fail|p2a: Dondozo
|
|upkeep
|
|t:|1760776643
|switch|p1a: Iron Crown|Iron Crown|94/100
|-damage|p1a: Iron Crown|88/100|[from] Stealth Rock
|turn|13
|
|t:|1760776646
|move|p1a: Iron Crown|Volt Switch|p2a: Dondozo
|-supereffective|p2a: Dondozo
|-damage|p2a: Dondozo|0 fnt
|faint|p2a: Dondozo
|
|t:|1760776649
|-end|p1a: Iron Crown|Quark Drive|[silent]
|switch|p1a: Garchomp|Garchomp, F|100/100|[from] Volt Switch
|-damage|p1a: Garchomp|94/100|[from] Stealth Rock
|
|upkeep
|
|t:|1760776655
|switch|p2a: Slaking|Slaking, F|100/100
|turn|14
|
|t:|1760776659
|move|p1a: Garchomp|Swords Dance|p1a: Garchomp
|-boost|p1a: Garchomp|atk|2
|move|p2a: Slaking|Giga Impact|p1a: Garchomp
|-damage|p1a: Garchomp|0 fnt
|-mustrecharge|p2a: Slaking
|-damage|p2a: Slaking|88/100|[from] ability: Rough Skin|[of] p1a: Garchomp
|faint|p1a: Garchomp
|
|upkeep
|
|t:|1760776667
|switch|p1a: Kyurem|Kyurem|100/100
|-damage|p1a: Kyurem|76/100|[from] Stealth Rock
|-ability|p1a: Kyurem|Pressure
|turn|15
|
|t:|1760776669
|cant|p2a: Slaking|recharge
|move|p1a: Kyurem|Scale Shot|p2a: Slaking|[miss]
|-miss|p1a: Kyurem|p2a: Slaking
|
|upkeep
|turn|16
|
|t:|1760776675
|switch|p1a: Iron Crown|Iron Crown|88/100
|-damage|p1a: Iron Crown|82/100|[from] Stealth Rock
|move|p2a: Slaking|Giga Impact|p1a: Iron Crown
|-resisted|p1a: Iron Crown
|-damage|p1a: Iron Crown|15/100
|-mustrecharge|p2a: Slaking
|
|upkeep
|turn|17
|
|t:|1760776684
|cant|p2a: Slaking|recharge
|move|p1a: Iron Crown|Tachyon Cutter|p2a: Slaking
|-damage|p2a: Slaking|58/100
|-damage|p2a: Slaking|29/100
|-hitcount|p2a: Slaking|2
|
|upkeep
|turn|18
|
|t:|1760776689
|move|p2a: Slaking|Giga Impact|p1a: Iron Crown
|-resisted|p1a: Iron Crown
|-damage|p1a: Iron Crown|0 fnt
|-mustrecharge|p2a: Slaking
|faint|p1a: Iron Crown
|-end|p1a: Iron Crown|Quark Drive|[silent]
|
|upkeep
|
|t:|1760776691
|switch|p1a: Kyurem|Kyurem|76/100
|-damage|p1a: Kyurem|51/100|[from] Stealth Rock
|-ability|p1a: Kyurem|Pressure
|turn|19
|
|t:|1760776692
|cant|p2a: Slaking|recharge
|move|p1a: Kyurem|Scale Shot|p2a: Slaking
|-damage|p2a: Slaking|17/100
|-damage|p2a: Slaking|6/100
|-damage|p2a: Slaking|0 fnt
|faint|p2a: Slaking
|-hitcount|p2: Slaking|3
|-unboost|p1a: Kyurem|def|1
|-boost|p1a: Kyurem|spe|1
|
|upkeep
|
|t:|1760776696
|switch|p2a: Chandelure|Chandelure, F|100/100
|turn|20
|
|t:|1760776700
|move|p1a: Kyurem|Scale Shot|p2a: Chandelure
|-damage|p2a: Chandelure|79/100
|-damage|p2a: Chandelure|58/100
|-damage|p2a: Chandelure|38/100
|-damage|p2a: Chandelure|16/100
|-damage|p2a: Chandelure|0 fnt
|faint|p2a: Chandelure
|-hitcount|p2: Chandelure|5
|
|win|Asilentmusician
|raw|Asilentmusician's rating: 1248 &rarr; <strong>1270</strong><br />(+22 for winning)
|raw|p0lntless's rating: 1204 &rarr; <strong>1182</strong><br />(-22 for losing)
|c|☆p0lntless|Gg
|l|☆p0lntless
|player|p2|
|l|☆Asilentmusician
|player|p1|
