|j|☆Megumyyy
|j|☆emeryns88
|t:|1760730693
|gametype|singles
|player|p1|Megumyyy|170|1353
|player|p2|emeryns88|hilbert|1353
|gen|9
|tier|[Gen 9] OU
|rated|
|rule|HP Percentage Mod: HP is shown in percentages
|rule|Endless Battle Clause: Forcing endless battles is banned
|rule|Species Clause: Limit one of each Pokémon
|rule|OHKO Clause: OHKO moves are banned
|rule|Evasion Items Clause: Evasion items are banned
|rule|Evasion Moves Clause: Evasion moves are banned
|rule|Evasion Abilities Clause: Evasion abilities are banned
|rule|Sleep Moves Clause: Sleep-inducing moves are banned
|clearpoke
|poke|p1|Vileplume, F|
|poke|p1|Torkoal, F|
|poke|p1|Walking Wake|
|poke|p1|Kingambit, F|
|poke|p1|Great Tusk|
|poke|p1|Hatterene, F|
|poke|p2|Dragonite, M|
|poke|p2|Iron Valiant|
|poke|p2|Gholdengo|
|poke|p2|Zapdos|
|poke|p2|Primarina, F|
|poke|p2|Ting-Lu|
|teampreview
|
|t:|1760730704
|teamsize|p1|6
|teamsize|p2|6
|start
|switch|p1a: Torkoal|Torkoal, F|100/100
|switch|p2a: Ting-Lu|Ting-Lu|100/100
|-ability|p2a: Ting-Lu|Vessel of Ruin
|-weather|SunnyDay|[from] ability: Drought|[of] p1a: Torkoal
|turn|1
|inactive|Battle timer is ON: inactive players will automatically lose when time's up. (requested by emeryns88)
|
|t:|1760730709
|move|p2a: Ting-Lu|Ruination|p1a: Torkoal
|-damage|p1a: Torkoal|50/100
|move|p1a: Torkoal|Stealth Rock|p2a: Ting-Lu
|-sidestart|p2: emeryns88|move: Stealth Rock
|
|-weather|SunnyDay|[upkeep]
|upkeep
|turn|2
|
|t:|1760730712
|switch|p1a: Vileplume|Vileplume, F|100/100
|move|p2a: Ting-Lu|Stealth Rock|p1a: Vileplume
|-sidestart|p1: Megumyyy|move: Stealth Rock
|
|-weather|SunnyDay|[upkeep]
|upkeep
|turn|3
|
|t:|1760730715
|move|p1a: Vileplume|Growth|p1a: Vileplume
|-boost|p1a: Vileplume|atk|2
|-boost|p1a: Vileplume|spa|2
|move|p2a: Ting-Lu|Whirlwind|p1a: Vileplume
|drag|p1a: Kingambit|Kingambit, F|100/100
|-damage|p1a: Kingambit|94/100|[from] Stealth Rock
|-item|p1a: Kingambit|Air Balloon
|
|-weather|SunnyDay|[upkeep]
|upkeep
|turn|4
|
|t:|1760730718
|move|p1a: Kingambit|Swords Dance|p1a: Kingambit
|-boost|p1a: Kingambit|atk|2
|move|p2a: Ting-Lu|Ruination|p1a: Kingambit|[miss]
|-miss|p2a: Ting-Lu|p1a: Kingambit
|
|-weather|SunnyDay|[upkeep]
|upkeep
|turn|5
|
|t:|1760730728
|move|p1a: Kingambit|Iron Head|p2a: Ting-Lu
|-damage|p2a: Ting-Lu|65/100
|cant|p2a: Ting-Lu|flinch
|
|-weather|SunnyDay|[upkeep]
|-heal|p2a: Ting-Lu|71/100|[from] item: Leftovers
|upkeep
|turn|6
|
|t:|1760730735
|move|p1a: Kingambit|Swords Dance|p1a: Kingambit
|-boost|p1a: Kingambit|atk|2
|move|p2a: Ting-Lu|Whirlwind|p1a: Kingambit
|-end|p1a: Kingambit|fallenundefined|[silent]
|drag|p1a: Torkoal|Torkoal, F|50/100
|-damage|p1a: Torkoal|25/100|[from] Stealth Rock
|
|-weather|SunnyDay|[upkeep]
|-heal|p2a: Ting-Lu|77/100|[from] item: Leftovers
|upkeep
|turn|7
|
|t:|1760730740
|switch|p1a: Walking Wake|Walking Wake|100/100
|-damage|p1a: Walking Wake|88/100|[from] Stealth Rock
|-activate|p1a: Walking Wake|ability: Protosynthesis
|-start|p1a: Walking Wake|protosynthesisspe
|move|p2a: Ting-Lu|Spikes|p1a: Walking Wake
|-sidestart|p1: Megumyyy|Spikes
|
|-weather|SunnyDay|[upkeep]
|-heal|p2a: Ting-Lu|84/100|[from] item: Leftovers
|upkeep
|turn|8
|
|t:|1760730742
|switch|p2a: Primarina|Primarina, F|100/100
|-damage|p2a: Primarina|88/100|[from] Stealth Rock
|move|p1a: Walking Wake|Hydro Steam|p2a: Primarina
|-resisted|p2a: Primarina
|-damage|p2a: Primarina|73/100
|
|-weather|none
|-end|p1a: Walking Wake|Protosynthesis
|upkeep
|turn|9
|
|t:|1760730747
|-end|p1a: Walking Wake|Protosynthesis|[silent]
|switch|p1a: Vileplume|Vileplume, F|100/100
|-damage|p1a: Vileplume|88/100|[from] Stealth Rock
|-damage|p1a: Vileplume|76/100|[from] Spikes
|move|p2a: Primarina|Draining Kiss|p1a: Vileplume
|-resisted|p1a: Vileplume
|-damage|p1a: Vileplume|57/100
|-heal|p2a: Primarina|84/100|[from] drain|[of] p1a: Vileplume
|
|-heal|p1a: Vileplume|63/100|[from] item: Leftovers
|upkeep
|turn|10
|
|t:|1760730752
|move|p1a: Vileplume|Giga Drain|p2a: Primarina
|-supereffective|p2a: Primarina
|-damage|p2a: Primarina|44/100
|-heal|p1a: Vileplume|88/100|[from] drain|[of] p2a: Primarina
|move|p2a: Primarina|Psychic Noise|p1a: Vileplume
|-supereffective|p1a: Vileplume
|-damage|p1a: Vileplume|11/100
|-start|p1a: Vileplume|move: Heal Block
|
|upkeep
|turn|11
|
|t:|1760730763
|move|p1a: Vileplume|Sludge Wave|p2a: Primarina
|-supereffective|p2a: Primarina
|-damage|p2a: Primarina|0 fnt
|faint|p2a: Primarina
|
|-end|p1a: Vileplume|move: Heal Block
|upkeep
|
|t:|1760730769
|switch|p2a: Dragonite|Dragonite, M|100/100
|turn|12
|
|t:|1760730771
|switch|p1a: Great Tusk|Great Tusk|100/100
|move|p2a: Dragonite|Extreme Speed|p1a: Great Tusk
|-damage|p1a: Great Tusk|79/100
|
|upkeep
|turn|13
|
|t:|1760730775
|switch|p2a: Gholdengo|Gholdengo|100/100
|-damage|p2a: Gholdengo|94/100|[from] Stealth Rock
|move|p1a: Great Tusk|Rapid Spin|p2a: Gholdengo
|-immune|p2a: Gholdengo
|
|upkeep
|turn|14
|
|t:|1760730781
|switch|p2a: Zapdos|Zapdos|100/100
|-damage|p2a: Zapdos|76/100|[from] Stealth Rock
|-end|p1a: Great Tusk|Protosynthesis|[silent]
|switch|p1a: Kingambit|Kingambit, F|94/100
|-damage|p1a: Kingambit|88/100|[from] Stealth Rock
|-item|p1a: Kingambit|Air Balloon
|
|upkeep
|turn|15
|
|t:|1760730786
|move|p2a: Zapdos|Heat Wave|p1a: Kingambit
|-supereffective|p1a: Kingambit
|-damage|p1a: Kingambit|4/100
|-enditem|p1a: Kingambit|Air Balloon
|move|p1a: Kingambit|Swords Dance|p1a: Kingambit
|-boost|p1a: Kingambit|atk|2
|
|upkeep
|turn|16
|
|t:|1760730791
|move|p2a: Zapdos|Roost|p2a: Zapdos
|-heal|p2a: Zapdos|100/100
|-singleturn|p2a: Zapdos|move: Roost
|move|p1a: Kingambit|Kowtow Cleave|p2a: Zapdos
|-damage|p2a: Zapdos|0 fnt
|-damage|p1a: Kingambit|0 fnt|[from] item: Rocky Helmet|[of] p2a: Zapdos
|faint|p2a: Zapdos
|faint|p1a: Kingambit
|-end|p1a: Kingambit|fallenundefined|[silent]
|
|upkeep
|
|t:|1760730798
|switch|p2a: Ting-Lu|Ting-Lu|84/100
|switch|p1a: Hatterene|Hatterene, F|100/100
|-damage|p2a: Ting-Lu|77/100|[from] Stealth Rock
|-ability|p2a: Ting-Lu|Vessel of Ruin
|-damage|p1a: Hatterene|88/100|[from] Stealth Rock
|-damage|p1a: Hatterene|76/100|[from] Spikes
|turn|17
|
|t:|1760730801
|move|p2a: Ting-Lu|Ruination|p1a: Hatterene
|-damage|p1a: Hatterene|38/100
|move|p1a: Hatterene|Calm Mind|p1a: Hatterene
|-boost|p1a: Hatterene|spa|1
|-boost|p1a: Hatterene|spd|1
|
|-heal|p2a: Ting-Lu|84/100|[from] item: Leftovers
|-heal|p1a: Hatterene|44/100|[from] item: Leftovers
|upkeep
|turn|18
|
|t:|1760730806
|move|p2a: Ting-Lu|Ruination|p1a: Hatterene
|-damage|p1a: Hatterene|23/100
|move|p1a: Hatterene|Draining Kiss|p2a: Ting-Lu
|-supereffective|p2a: Ting-Lu
|-damage|p2a: Ting-Lu|39/100
|-heal|p1a: Hatterene|76/100|[from] drain|[of] p2a: Ting-Lu
|
|-heal|p2a: Ting-Lu|45/100|[from] item: Leftovers
|-heal|p1a: Hatterene|82/100|[from] item: Leftovers
|upkeep
|turn|19
|
|t:|1760730810
|switch|p2a: Gholdengo|Gholdengo|94/100
|-damage|p2a: Gholdengo|88/100|[from] Stealth Rock
|move|p1a: Hatterene|Calm Mind|p1a: Hatterene
|-boost|p1a: Hatterene|spa|1
|-boost|p1a: Hatterene|spd|1
|
|-heal|p1a: Hatterene|88/100|[from] item: Leftovers
|upkeep
|turn|20
|
|t:|1760730825
|move|p2a: Gholdengo|Trick|p1a: Hatterene
|-activate|p2a: Gholdengo|move: Trick|[of] p1a: Hatterene
|-item|p1a: Hatterene|Choice Specs|[from] move: Trick
|-item|p2a: Gholdengo|Leftovers|[from] move: Trick
|move|p1a: Hatterene|Mystical Fire|p2a: Gholdengo
|-supereffective|p2a: Gholdengo
|-damage|p2a: Gholdengo|0 fnt
|faint|p2a: Gholdengo
|
|upkeep
|
|t:|1760730831
|switch|p2a: Ting-Lu|Ting-Lu|45/100
|-damage|p2a: Ting-Lu|39/100|[from] Stealth Rock
|-ability|p2a: Ting-Lu|Vessel of Ruin
|turn|21
|
|t:|1760730834
|move|p2a: Ting-Lu|Ruination|p1a: Hatterene
|-damage|p1a: Hatterene|45/100
|move|p1a: Hatterene|Mystical Fire|p2a: Ting-Lu
|-damage|p2a: Ting-Lu|0 fnt
|faint|p2a: Ting-Lu
|
|upkeep
|
|t:|1760730838
|switch|p2a: Dragonite|Dragonite, M|100/100
|turn|22
|
|t:|1760730843
|-terastallize|p2a: Dragonite|Normal
|move|p2a: Dragonite|Dragon Dance|p2a: Dragonite
|-boost|p2a: Dragonite|atk|1
|-boost|p2a: Dragonite|spe|1
|move|p1a: Hatterene|Mystical Fire|p2a: Dragonite
|-damage|p2a: Dragonite|66/100
|-unboost|p2a: Dragonite|spa|1
|
|upkeep
|turn|23
|
|t:|1760730846
|move|p2a: Dragonite|Extreme Speed|p1a: Hatterene
|-damage|p1a: Hatterene|0 fnt
|faint|p1a: Hatterene
|
|upkeep
|
|t:|1760730853
|switch|p1a: Great Tusk|Great Tusk|79/100
|turn|24
|
|t:|1760730855
|move|p2a: Dragonite|Ice Spinner|p1a: Great Tusk
|-supereffective|p1a: Great Tusk
|-damage|p1a: Great Tusk|17/100
|move|p1a: Great Tusk|Rapid Spin|p2a: Dragonite
|-damage|p2a: Dragonite|48/100
|-boost|p1a: Great Tusk|spe|1
|-sideend|p1: Megumyyy|Spikes|[from] move: Rapid Spin|[of] p1a: Great Tusk
|-sideend|p1: Megumyyy|Stealth Rock|[from] move: Rapid Spin|[of] p1a: Great Tusk
|
|upkeep
|turn|25
|
|t:|1760730862
|move|p2a: Dragonite|Extreme Speed|p1a: Great Tusk
|-damage|p1a: Great Tusk|0 fnt
|faint|p1a: Great Tusk
|-end|p1a: Great Tusk|Protosynthesis|[silent]
|
|upkeep
|
|t:|1760730869
|switch|p1a: Torkoal|Torkoal, F|25/100
|-weather|SunnyDay|[from] ability: Drought|[of] p1a: Torkoal
|turn|26
|
|t:|1760730872
|move|p2a: Dragonite|Earthquake|p1a: Torkoal
|-supereffective|p1a: Torkoal
|-damage|p1a: Torkoal|0 fnt
|faint|p1a: Torkoal
|
|-weather|SunnyDay|[upkeep]
|upkeep
|
|t:|1760730874
|switch|p1a: Walking Wake|Walking Wake|88/100
|-activate|p1a: Walking Wake|ability: Protosynthesis
|-start|p1a: Walking Wake|protosynthesisspe
|turn|27
|
|t:|1760730883
|move|p2a: Dragonite|Extreme Speed|p1a: Walking Wake
|-crit|p1a: Walking Wake
|-damage|p1a: Walking Wake|0 fnt
|faint|p1a: Walking Wake
|-end|p1a: Walking Wake|Protosynthesis|[silent]
|
|-weather|SunnyDay|[upkeep]
|upkeep
|
|t:|1760730885
|switch|p1a: Vileplume|Vileplume, F|11/100
|turn|28
|
|t:|1760730887
|move|p2a: Dragonite|Extreme Speed|p1a: Vileplume
|-damage|p1a: Vileplume|0 fnt
|faint|p1a: Vileplume
|
|win|emeryns88
|raw|Megumyyy's rating: 1353 &rarr; <strong>1333</strong><br />(-20 for losing)
|raw|emeryns88's rating: 1353 &rarr; <strong>1373</strong><br />(+20 for winning)
|l|☆Megumyyy
|player|p1|
|l|☆emeryns88
|player|p2|
|j|☆emeryns88
|player|p2|emeryns88|hilbert|
