|j|☆njfkln
|j|☆Xebec777
|t:|1760852396
|gametype|singles
|player|p1|njfkln|170|1133
|player|p2|Xebec777|hilbert|1127
|gen|9
|tier|[Gen 9] OU
|rated|
|rule|HP Percentage Mod: HP is shown in percentages
|rule|Endless Battle Clause: Forcing endless battles is banned
|rule|Species Clause: Limit one of each Pokémon
|rule|OHKO Clause: OHKO moves are banned
|rule|Evasion Items Clause: Evasion items are banned
|rule|Evasion Moves Clause: Evasion moves are banned
|rule|Evasion Abilities Clause: Evasion abilities are banned
|rule|Sleep Moves Clause: Sleep-inducing moves are banned
|clearpoke
|poke|p1|Iron Treads|
|poke|p1|Iron Moth|
|poke|p1|Pincurchin, F|
|poke|p1|Iron Hands|
|poke|p1|Grimmsnarl, M|
|poke|p1|Latios, M|
|poke|p2|Incineroar, F|
|poke|p2|Dragonite, M|
|poke|p2|Corviknight, F|
|poke|p2|Glastrier|
|poke|p2|Deoxys-Defense|
|poke|p2|Iron Boulder|
|teampreview
|inactive|Battle timer is ON: inactive players will automatically lose when time's up. (requested by njfkln)
|
|t:|1760852429
|teamsize|p1|6
|teamsize|p2|6
|start
|switch|p1a: Grimmsnarl|Grimmsnarl, M|100/100
|switch|p2a: Glastrier|Glastrier|100/100
|turn|1
|
|t:|1760852437
|move|p1a: Grimmsnarl|Reflect|p1a: Grimmsnarl
|-sidestart|p1: njfkln|Reflect
|move|p2a: Glastrier|Iron Defense|p2a: Glastrier
|-boost|p2a: Glastrier|def|2
|
|upkeep
|turn|2
|
|t:|1760852443
|move|p1a: Grimmsnarl|Thunder Wave|p2a: Glastrier
|-status|p2a: Glastrier|par
|move|p2a: Glastrier|Iron Defense|p2a: Glastrier
|-boost|p2a: Glastrier|def|2
|
|upkeep
|turn|3
|
|t:|1760852453
|move|p1a: Grimmsnarl|Parting Shot|p2a: Glastrier
|-unboost|p2a: Glastrier|atk|1
|-unboost|p2a: Glastrier|spa|1
|
|t:|1760852456
|switch|p1a: Iron Moth|Iron Moth, shiny|100/100|[from] Parting Shot
|cant|p2a: Glastrier|par
|
|upkeep
|turn|4
|
|t:|1760852476
|switch|p2a: Deoxys|Deoxys-Defense|100/100
|-ability|p2a: Deoxys|Pressure
|move|p1a: Iron Moth|Fiery Dance|p2a: Deoxys
|-damage|p2a: Deoxys|66/100
|-boost|p1a: Iron Moth|spa|1
|
|upkeep
|turn|5
|
|t:|1760852481
|move|p1a: Iron Moth|Fiery Dance|p2a: Deoxys
|-damage|p2a: Deoxys|12/100
|-boost|p1a: Iron Moth|spa|1
|move|p2a: Deoxys|Light Screen|p2a: Deoxys
|-sidestart|p2: Xebec777|move: Light Screen
|
|upkeep
|turn|6
|
|t:|1760852486
|move|p1a: Iron Moth|Fiery Dance|p2a: Deoxys
|-damage|p2a: Deoxys|0 fnt
|faint|p2a: Deoxys
|
|upkeep
|
|t:|1760852494
|switch|p2a: Iron Boulder|Iron Boulder|100/100
|-enditem|p2a: Iron Boulder|Booster Energy
|-activate|p2a: Iron Boulder|ability: Quark Drive|[fromitem]
|-start|p2a: Iron Boulder|quarkdrivespe
|turn|7
|
|t:|1760852504
|-end|p1a: Iron Moth|Quark Drive|[silent]
|switch|p1a: Pincurchin|Pincurchin, F, shiny|100/100
|-fieldstart|move: Electric Terrain|[from] ability: Electric Surge|[of] p1a: Pincurchin
|move|p2a: Iron Boulder|Swords Dance|p2a: Iron Boulder
|-boost|p2a: Iron Boulder|atk|2
|
|upkeep
|turn|8
|
|t:|1760852514
|move|p2a: Iron Boulder|Zen Headbutt|p1a: Pincurchin|[miss]
|-miss|p2a: Iron Boulder|p1a: Pincurchin
|move|p1a: Pincurchin|Electroweb|p2a: Iron Boulder
|-damage|p2a: Iron Boulder|88/100
|-unboost|p2a: Iron Boulder|spe|1
|
|-sideend|p1: njfkln|Reflect
|upkeep
|turn|9
|
|t:|1760852522
|switch|p1a: Grimmsnarl|Grimmsnarl, M|100/100
|move|p2a: Iron Boulder|Zen Headbutt|p1a: Grimmsnarl
|-immune|p1a: Grimmsnarl
|
|upkeep
|turn|10
|
|t:|1760852536
|move|p1a: Grimmsnarl|Reflect|p1a: Grimmsnarl
|-sidestart|p1: njfkln|Reflect
|move|p2a: Iron Boulder|Mighty Cleave|p1a: Grimmsnarl
|-crit|p1a: Grimmsnarl
|-damage|p1a: Grimmsnarl|0 fnt
|faint|p1a: Grimmsnarl
|
|upkeep
|
|t:|1760852554
|switch|p1a: Iron Moth|Iron Moth, shiny|100/100
|-activate|p1a: Iron Moth|ability: Quark Drive
|-start|p1a: Iron Moth|quarkdrivespa
|turn|11
|
|t:|1760852559
|move|p1a: Iron Moth|Sludge Wave|p2a: Iron Boulder
|-resisted|p2a: Iron Boulder
|-damage|p2a: Iron Boulder|70/100
|move|p2a: Iron Boulder|Mighty Cleave|p1a: Iron Moth
|-supereffective|p1a: Iron Moth
|-damage|p1a: Iron Moth|0 fnt
|faint|p1a: Iron Moth
|-end|p1a: Iron Moth|Quark Drive|[silent]
|
|upkeep
|
|t:|1760852568
|switch|p1a: Iron Treads|Iron Treads, shiny|100/100
|-enditem|p1a: Iron Treads|Electric Seed
|-boost|p1a: Iron Treads|def|1|[from] item: Electric Seed
|-activate|p1a: Iron Treads|ability: Quark Drive
|-start|p1a: Iron Treads|quarkdrivedef
|turn|12
|
|t:|1760852574
|move|p2a: Iron Boulder|Close Combat|p1a: Iron Treads
|-supereffective|p1a: Iron Treads
|-damage|p1a: Iron Treads|65/100
|-unboost|p2a: Iron Boulder|def|1
|-unboost|p2a: Iron Boulder|spd|1
|move|p1a: Iron Treads|Earthquake|p2a: Iron Boulder
|-supereffective|p2a: Iron Boulder
|-damage|p2a: Iron Boulder|0 fnt
|faint|p2a: Iron Boulder
|-end|p2a: Iron Boulder|Quark Drive|[silent]
|
|-sideend|p2: Xebec777|move: Light Screen
|upkeep
|
|t:|1760852583
|switch|p2a: Corviknight|Corviknight, F|100/100
|turn|13
|
|t:|1760852591
|-end|p1a: Iron Treads|Quark Drive|[silent]
|switch|p1a: Iron Hands|Iron Hands, shiny|100/100
|-activate|p1a: Iron Hands|ability: Quark Drive
|-start|p1a: Iron Hands|quarkdriveatk
|move|p2a: Corviknight|Iron Defense|p2a: Corviknight
|-boost|p2a: Corviknight|def|2
|
|upkeep
|turn|14
|
|t:|1760852598
|move|p2a: Corviknight|Iron Defense|p2a: Corviknight
|-boost|p2a: Corviknight|def|2
|move|p1a: Iron Hands|Wild Charge|p2a: Corviknight
|-supereffective|p2a: Corviknight
|-damage|p2a: Corviknight|63/100
|-damage|p1a: Iron Hands|84/100|[from] item: Rocky Helmet|[of] p2a: Corviknight
|-damage|p1a: Iron Hands|76/100|[from] Recoil
|
|-fieldend|move: Electric Terrain
|-end|p1a: Iron Hands|Quark Drive
|upkeep
|turn|15
|
|t:|1760852608
|move|p2a: Corviknight|Roost|p2a: Corviknight
|-heal|p2a: Corviknight|100/100
|-singleturn|p2a: Corviknight|move: Roost
|move|p1a: Iron Hands|Wild Charge|p2a: Corviknight
|-damage|p2a: Corviknight|90/100
|-damage|p1a: Iron Hands|60/100|[from] item: Rocky Helmet|[of] p2a: Corviknight
|-damage|p1a: Iron Hands|58/100|[from] Recoil
|
|upkeep
|turn|16
|
|t:|1760852614
|-end|p1a: Iron Hands|Quark Drive|[silent]
|switch|p1a: Latios|Latios, M|100/100
|move|p2a: Corviknight|Body Press|p1a: Latios
|-resisted|p1a: Latios
|-damage|p1a: Latios|76/100
|
|upkeep
|turn|17
|
|t:|1760852621
|move|p1a: Latios|Calm Mind|p1a: Latios
|-boost|p1a: Latios|spa|1
|-boost|p1a: Latios|spd|1
|move|p2a: Corviknight|Iron Defense|p2a: Corviknight
|-boost|p2a: Corviknight|def|2
|
|-sideend|p1: njfkln|Reflect
|upkeep
|turn|18
|
|t:|1760852624
|move|p1a: Latios|Calm Mind|p1a: Latios
|-boost|p1a: Latios|spa|1
|-boost|p1a: Latios|spd|1
|move|p2a: Corviknight|Body Press|p1a: Latios
|-resisted|p1a: Latios
|-damage|p1a: Latios|8/100
|
|upkeep
|turn|19
|
|t:|1760852648
|move|p1a: Latios|Luster Purge|p2a: Corviknight
|-resisted|p2a: Corviknight
|-damage|p2a: Corviknight|33/100
|move|p2a: Corviknight|Body Press|p1a: Latios
|-resisted|p1a: Latios
|-damage|p1a: Latios|0 fnt
|faint|p1a: Latios
|
|upkeep
|
|t:|1760852652
|switch|p1a: Pincurchin|Pincurchin, F, shiny|100/100
|-fieldstart|move: Electric Terrain|[from] ability: Electric Surge|[of] p1a: Pincurchin
|turn|20
|
|t:|1760852655
|move|p2a: Corviknight|Roost|p2a: Corviknight
|-heal|p2a: Corviknight|83/100
|-singleturn|p2a: Corviknight|move: Roost
|move|p1a: Pincurchin|Scald|p2a: Corviknight
|-damage|p2a: Corviknight|67/100
|-status|p2a: Corviknight|brn
|
|-damage|p2a: Corviknight|61/100 brn|[from] brn
|upkeep
|turn|21
|
|t:|1760852661
|switch|p1a: Iron Hands|Iron Hands, shiny|58/100
|-activate|p1a: Iron Hands|ability: Quark Drive
|-start|p1a: Iron Hands|quarkdriveatk
|move|p2a: Corviknight|Roost|p2a: Corviknight
|-heal|p2a: Corviknight|100/100 brn
|-singleturn|p2a: Corviknight|move: Roost
|
|-damage|p2a: Corviknight|94/100 brn|[from] brn
|upkeep
|turn|22
|
|t:|1760852666
|move|p2a: Corviknight|Body Press|p1a: Iron Hands
|-damage|p1a: Iron Hands|30/100
|move|p1a: Iron Hands|Drain Punch|p2a: Corviknight
|-damage|p2a: Corviknight|85/100 brn
|-heal|p1a: Iron Hands|33/100|[from] drain|[of] p2a: Corviknight
|-damage|p1a: Iron Hands|17/100|[from] item: Rocky Helmet|[of] p2a: Corviknight
|
|-damage|p2a: Corviknight|79/100 brn|[from] brn
|upkeep
|turn|23
|-enditem|p1a: Iron Hands|Custap Berry|[eat]
|-activate|p1a: Iron Hands|item: Custap Berry|[consumed]
|
|t:|1760852673
|move|p1a: Iron Hands|Drain Punch|p2a: Corviknight
|-damage|p2a: Corviknight|69/100 brn
|-heal|p1a: Iron Hands|21/100|[from] drain|[of] p2a: Corviknight
|-damage|p1a: Iron Hands|4/100|[from] item: Rocky Helmet|[of] p2a: Corviknight
|move|p2a: Corviknight|Body Press|p1a: Iron Hands
|-damage|p1a: Iron Hands|0 fnt
|faint|p1a: Iron Hands
|-end|p1a: Iron Hands|Quark Drive|[silent]
|
|-damage|p2a: Corviknight|63/100 brn|[from] brn
|upkeep
|-message|njfkln forfeited.
|
|win|Xebec777
|raw|njfkln's rating: 1133 &rarr; <strong>1108</strong><br />(-25 for losing)
|raw|Xebec777's rating: 1127 &rarr; <strong>1152</strong><br />(+25 for winning)
|l|☆Xebec777
|player|p2|
|l|☆njfkln
|player|p1|
