|badge|p2|bronze|gen9ou|100-7
|uhtml|medal-msg|<div class="broadcast-blue">Curious what those medals under the avatar are? PS now has Ladder Seasons! For more information, check out the <a href="https://www.smogon.com/forums/threads/3740067/">thread on Smogon.</a></div>
|j|☆MicrowaveHeart
|j|☆LT124YH Prav33n
|t:|1760836333
|gametype|singles
|player|p1|MicrowaveHeart|workerice|1673
|player|p2|LT124YH Prav33n|koga|1824
|gen|9
|tier|[Gen 9] OU
|rated|
|rule|HP Percentage Mod: HP is shown in percentages
|rule|Endless Battle Clause: Forcing endless battles is banned
|rule|Species Clause: Limit one of each Pokémon
|rule|OHKO Clause: OHKO moves are banned
|rule|Evasion Items Clause: Evasion items are banned
|rule|Evasion Moves Clause: Evasion moves are banned
|rule|Evasion Abilities Clause: Evasion abilities are banned
|rule|Sleep Moves Clause: Sleep-inducing moves are banned
|clearpoke
|poke|p1|Gholdengo|
|poke|p1|Incineroar, M|
|poke|p1|Ogerpon-Wellspring, F|
|poke|p1|Iron Treads|
|poke|p1|Tornadus-Therian, M|
|poke|p1|Mamoswine, F|
|poke|p2|Kyurem|
|poke|p2|Great Tusk|
|poke|p2|Ogerpon-Wellspring, F|
|poke|p2|Heatran, M|
|poke|p2|Enamorus, F|
|poke|p2|Pecharunt|
|teampreview
|inactive|Battle timer is ON: inactive players will automatically lose when time's up. (requested by LT124YH Prav33n)
|
|t:|1760836360
|teamsize|p1|6
|teamsize|p2|6
|start
|switch|p1a: Tornadus|Tornadus-Therian, M|100/100
|switch|p2a: Kyurem|Kyurem, shiny|100/100
|-ability|p2a: Kyurem|Pressure
|turn|1
|
|t:|1760836371
|move|p2a: Kyurem|Protect|p2a: Kyurem
|-singleturn|p2a: Kyurem|Protect
|move|p1a: Tornadus|Knock Off|p2a: Kyurem
|-activate|p2a: Kyurem|move: Protect
|
|upkeep
|turn|2
|
|t:|1760836382
|move|p1a: Tornadus|Knock Off|p2a: Kyurem
|-damage|p2a: Kyurem|82/100
|-enditem|p2a: Kyurem|Leftovers|[from] move: Knock Off|[of] p1a: Tornadus
|move|p2a: Kyurem|Freeze-Dry|p1a: Tornadus
|-supereffective|p1a: Tornadus
|-damage|p1a: Tornadus|54/100
|
|upkeep
|turn|3
|
|t:|1760836391
|move|p1a: Tornadus|U-turn|p2a: Kyurem
|-damage|p2a: Kyurem|68/100
|
|t:|1760836398
|switch|p1a: Gholdengo|Gholdengo|100/100|[from] U-turn
|move|p2a: Kyurem|Freeze-Dry|p1a: Gholdengo
|-resisted|p1a: Gholdengo
|-damage|p1a: Gholdengo|84/100
|
|-heal|p1a: Gholdengo|90/100|[from] item: Leftovers
|upkeep
|turn|4
|
|t:|1760836410
|switch|p2a: Ogerpon|Ogerpon-Wellspring, F|100/100
|move|p1a: Gholdengo|Thunder Wave|p2a: Ogerpon
|-status|p2a: Ogerpon|par
|
|-heal|p1a: Gholdengo|97/100|[from] item: Leftovers
|upkeep
|turn|5
|
|t:|1760836426
|switch|p2a: Heatran|Heatran, M|100/100
|move|p1a: Gholdengo|Hex|p2a: Heatran
|-damage|p2a: Heatran|83/100
|
|-heal|p1a: Gholdengo|100/100|[from] item: Leftovers
|-heal|p2a: Heatran|90/100|[from] item: Leftovers
|upkeep
|turn|6
|
|t:|1760836432
|switch|p1a: Tornadus|Tornadus-Therian, M|87/100
|switch|p2a: Great Tusk|Great Tusk|100/100
|
|upkeep
|turn|7
|
|t:|1760836438
|-end|p2a: Great Tusk|Protosynthesis|[silent]
|switch|p2a: Heatran|Heatran, M|90/100
|move|p1a: Tornadus|Bleakwind Storm|p2a: Heatran
|-resisted|p2a: Heatran
|-damage|p2a: Heatran|79/100
|
|-heal|p2a: Heatran|85/100|[from] item: Leftovers
|upkeep
|turn|8
|
|t:|1760836447
|move|p1a: Tornadus|Knock Off|p2a: Heatran
|-damage|p2a: Heatran|69/100
|-enditem|p2a: Heatran|Leftovers|[from] move: Knock Off|[of] p1a: Tornadus
|move|p2a: Heatran|Stealth Rock|p1a: Tornadus
|-sidestart|p1: MicrowaveHeart|move: Stealth Rock
|
|upkeep
|turn|9
|
|t:|1760836456
|move|p1a: Tornadus|Focus Blast|p2a: Heatran|[miss]
|-miss|p1a: Tornadus|p2a: Heatran
|move|p2a: Heatran|Magma Storm|p1a: Tornadus
|-damage|p1a: Tornadus|58/100
|-activate|p1a: Tornadus|move: Magma Storm|[of] p2a: Heatran
|
|-damage|p1a: Tornadus|45/100|[from] move: Magma Storm|[partiallytrapped]
|upkeep
|turn|10
|
|t:|1760836463
|move|p1a: Tornadus|U-turn|p2a: Heatran
|-resisted|p2a: Heatran
|-damage|p2a: Heatran|67/100
|
|t:|1760836468
|switch|p1a: Incineroar|Incineroar, M|100/100|[from] U-turn
|-ability|p1a: Incineroar|Intimidate|boost
|-unboost|p2a: Heatran|atk|1
|move|p2a: Heatran|Magma Storm|p1a: Incineroar
|-resisted|p1a: Incineroar
|-damage|p1a: Incineroar|79/100
|-activate|p1a: Incineroar|move: Magma Storm|[of] p2a: Heatran
|
|-damage|p1a: Incineroar|67/100|[from] move: Magma Storm|[partiallytrapped]
|upkeep
|turn|11
|
|t:|1760836476
|move|p2a: Heatran|Earth Power|p1a: Incineroar
|-supereffective|p1a: Incineroar
|-damage|p1a: Incineroar|21/100
|move|p1a: Incineroar|Parting Shot|p2a: Heatran
|-unboost|p2a: Heatran|atk|1
|-unboost|p2a: Heatran|spa|1
|
|t:|1760836482
|switch|p1a: Iron Treads|Iron Treads|100/100|[from] Parting Shot
|-damage|p1a: Iron Treads|97/100|[from] Stealth Rock
|
|-heal|p1a: Iron Treads|100/100|[from] item: Leftovers
|upkeep
|turn|12
|
|t:|1760836487
|switch|p2a: Great Tusk|Great Tusk|100/100
|move|p1a: Iron Treads|Rapid Spin|p2a: Great Tusk
|-damage|p2a: Great Tusk|92/100
|-boost|p1a: Iron Treads|spe|1
|-sideend|p1: MicrowaveHeart|Stealth Rock|[from] move: Rapid Spin|[of] p1a: Iron Treads
|
|upkeep
|turn|13
|
|t:|1760836499
|-end|p1a: Iron Treads|Quark Drive|[silent]
|switch|p1a: Tornadus|Tornadus-Therian, M|79/100
|move|p2a: Great Tusk|Rapid Spin|p1a: Tornadus
|-damage|p1a: Tornadus|56/100
|-boost|p2a: Great Tusk|spe|1
|
|upkeep
|turn|14
|
|t:|1760836505
|switch|p1a: Incineroar|Incineroar, M|21/100
|-ability|p1a: Incineroar|Intimidate|boost
|-unboost|p2a: Great Tusk|atk|1
|move|p2a: Great Tusk|Headlong Rush|p1a: Incineroar
|-supereffective|p1a: Incineroar
|-damage|p1a: Incineroar|0 fnt
|-unboost|p2a: Great Tusk|def|1
|-unboost|p2a: Great Tusk|spd|1
|faint|p1a: Incineroar
|
|upkeep
|
|t:|1760836517
|switch|p1a: Ogerpon|Ogerpon-Wellspring, F|100/100
|turn|15
|
|t:|1760836520
|-end|p2a: Great Tusk|Protosynthesis|[silent]
|switch|p2a: Pecharunt|Pecharunt|100/100
|-item|p2a: Pecharunt|Air Balloon
|move|p1a: Ogerpon|Swords Dance|p1a: Ogerpon
|-boost|p1a: Ogerpon|atk|2
|
|upkeep
|turn|16
|
|t:|1760836523
|-terastallize|p1a: Ogerpon|Water
|detailschange|p1a: Ogerpon|Ogerpon-Wellspring-Tera, F, tera:Water
|-ability|p1a: Ogerpon|Embody Aspect (Wellspring)|boost
|-boost|p1a: Ogerpon|spd|1
|move|p1a: Ogerpon|Ivy Cudgel|p2a: Pecharunt|[anim] Ivy Cudgel Water
|-damage|p2a: Pecharunt|26/100
|-enditem|p2a: Pecharunt|Air Balloon
|move|p2a: Pecharunt|Malignant Chain|p1a: Ogerpon
|-damage|p1a: Ogerpon|76/100
|-status|p1a: Ogerpon|tox
|-start|p1a: Ogerpon|confusion|[from] ability: Poison Puppeteer|[of] p2a: Pecharunt
|
|-damage|p1a: Ogerpon|70/100 tox|[from] psn
|upkeep
|turn|17
|
|t:|1760836534
|-activate|p1a: Ogerpon|confusion
|-damage|p1a: Ogerpon|34/100 tox|[from] confusion
|move|p2a: Pecharunt|Recover|p2a: Pecharunt
|-heal|p2a: Pecharunt|76/100
|
|-damage|p1a: Ogerpon|22/100 tox|[from] psn
|upkeep
|turn|18
|j| simplegent
|
|t:|1760836547
|-activate|p1a: Ogerpon|confusion
|move|p1a: Ogerpon|Horn Leech|p2a: Pecharunt
|-resisted|p2a: Pecharunt
|-damage|p2a: Pecharunt|55/100
|-heal|p1a: Ogerpon|35/100 tox|[from] drain|[of] p2a: Pecharunt
|move|p2a: Pecharunt|Parting Shot|p1a: Ogerpon
|-unboost|p1a: Ogerpon|atk|1
|-unboost|p1a: Ogerpon|spa|1
|
|t:|1760836555
|switch|p2a: Enamorus|Enamorus, F, shiny|100/100|[from] Parting Shot
|
|-damage|p1a: Ogerpon|17/100 tox|[from] psn
|upkeep
|turn|19
|
|t:|1760836565
|move|p2a: Enamorus|Moonblast|p1a: Ogerpon
|-damage|p1a: Ogerpon|0 fnt
|faint|p1a: Ogerpon
|detailschange|p1: Ogerpon|Ogerpon-Wellspring, F|[silent]
|
|upkeep
|
|t:|1760836573
|switch|p1a: Iron Treads|Iron Treads|100/100
|turn|20
|
|t:|1760836576
|switch|p2a: Great Tusk|Great Tusk|92/100
|move|p1a: Iron Treads|Stealth Rock|p2a: Great Tusk
|-sidestart|p2: LT124YH Prav33n|move: Stealth Rock
|
|upkeep
|turn|21
|
|t:|1760836587
|-end|p1a: Iron Treads|Quark Drive|[silent]
|switch|p1a: Gholdengo|Gholdengo|100/100
|move|p2a: Great Tusk|Rapid Spin|p1a: Gholdengo
|-immune|p1a: Gholdengo
|
|upkeep
|turn|22
|
|t:|1760836597
|-end|p2a: Great Tusk|Protosynthesis|[silent]
|switch|p2a: Heatran|Heatran, M|67/100
|-damage|p2a: Heatran|54/100|[from] Stealth Rock
|move|p1a: Gholdengo|Make It Rain|p2a: Heatran
|-resisted|p2a: Heatran
|-damage|p2a: Heatran|46/100
|-unboost|p1a: Gholdengo|spa|1
|
|upkeep
|turn|23
|
|t:|1760836608
|switch|p1a: Tornadus|Tornadus-Therian, M|90/100
|move|p2a: Heatran|Stealth Rock|p1a: Tornadus
|-sidestart|p1: MicrowaveHeart|move: Stealth Rock
|
|upkeep
|turn|24
|
|t:|1760836627
|move|p1a: Tornadus|Focus Blast|p2a: Heatran|[miss]
|-miss|p1a: Tornadus|p2a: Heatran
|move|p2a: Heatran|Magma Storm|p1a: Tornadus
|-damage|p1a: Tornadus|63/100
|-activate|p1a: Tornadus|move: Magma Storm|[of] p2a: Heatran
|
|-damage|p1a: Tornadus|50/100|[from] move: Magma Storm|[partiallytrapped]
|upkeep
|turn|25
|
|t:|1760836635
|move|p1a: Tornadus|Focus Blast|p2a: Heatran
|-supereffective|p2a: Heatran
|-damage|p2a: Heatran|9/100
|move|p2a: Heatran|Magma Storm|p1a: Tornadus|[miss]
|-miss|p2a: Heatran|p1a: Tornadus
|
|-damage|p1a: Tornadus|38/100|[from] move: Magma Storm|[partiallytrapped]
|upkeep
|turn|26
|
|t:|1760836640
|move|p1a: Tornadus|Focus Blast|p2a: Heatran
|-supereffective|p2a: Heatran
|-damage|p2a: Heatran|0 fnt
|faint|p2a: Heatran
|
|-end|p1a: Tornadus|Magma Storm|[partiallytrapped]|[silent]
|upkeep
|
|t:|1760836653
|switch|p2a: Enamorus|Enamorus, F, shiny|100/100
|-damage|p2a: Enamorus|76/100|[from] Stealth Rock
|turn|27
|
|t:|1760836660
|move|p2a: Enamorus|Healing Wish|p2a: Enamorus
|faint|p2a: Enamorus
|move|p1a: Tornadus|Knock Off|p2: Enamorus|[notarget]
|-fail|p1a: Tornadus
|
|upkeep
|
|t:|1760836663
|switch|p2a: Ogerpon|Ogerpon-Wellspring, F|100/100 par
|-heal|p2a: Ogerpon|100/100|[from] move: Healing Wish
|-damage|p2a: Ogerpon|88/100|[from] Stealth Rock
|turn|28
|
|t:|1760836669
|-terastallize|p2a: Ogerpon|Water
|detailschange|p2a: Ogerpon|Ogerpon-Wellspring-Tera, F, tera:Water
|-ability|p2a: Ogerpon|Embody Aspect (Wellspring)|boost
|-boost|p2a: Ogerpon|spd|1
|move|p1a: Tornadus|U-turn|p2a: Ogerpon
|-damage|p2a: Ogerpon|69/100
|
|t:|1760836677
|switch|p1a: Iron Treads|Iron Treads|100/100|[from] U-turn
|-damage|p1a: Iron Treads|97/100|[from] Stealth Rock
|move|p2a: Ogerpon|Ivy Cudgel|p1a: Iron Treads|[anim] Ivy Cudgel Water
|-supereffective|p1a: Iron Treads
|-damage|p1a: Iron Treads|0 fnt
|faint|p1a: Iron Treads
|-end|p1a: Iron Treads|Quark Drive|[silent]
|
|upkeep
|
|t:|1760836684
|switch|p1a: Gholdengo|Gholdengo|100/100
|-damage|p1a: Gholdengo|94/100|[from] Stealth Rock
|turn|29
|
|t:|1760836686
|move|p2a: Ogerpon|U-turn|p1a: Gholdengo
|-resisted|p1a: Gholdengo
|-damage|p1a: Gholdengo|90/100
|
|t:|1760836691
|switch|p2a: Pecharunt|Pecharunt|55/100|[from] U-turn
|-damage|p2a: Pecharunt|43/100|[from] Stealth Rock
|move|p1a: Gholdengo|Thunder Wave|p2a: Pecharunt
|-status|p2a: Pecharunt|par
|
|-heal|p1a: Gholdengo|96/100|[from] item: Leftovers
|upkeep
|turn|30
|j| FaronAan
|
|t:|1760836696
|move|p1a: Gholdengo|Hex|p2a: Pecharunt
|-supereffective|p2a: Pecharunt
|-damage|p2a: Pecharunt|0 fnt
|faint|p2a: Pecharunt
|
|-heal|p1a: Gholdengo|100/100|[from] item: Leftovers
|upkeep
|
|t:|1760836698
|switch|p2a: Great Tusk|Great Tusk|92/100
|turn|31
|
|t:|1760836713
|move|p2a: Great Tusk|Ice Spinner|p1a: Gholdengo
|-resisted|p1a: Gholdengo
|-damage|p1a: Gholdengo|90/100
|move|p1a: Gholdengo|Make It Rain|p2a: Great Tusk
|-damage|p2a: Great Tusk|15/100
|-unboost|p1a: Gholdengo|spa|1
|
|-heal|p1a: Gholdengo|97/100|[from] item: Leftovers
|upkeep
|turn|32
|
|t:|1760836732
|move|p2a: Great Tusk|Ice Spinner|p1a: Gholdengo
|-resisted|p1a: Gholdengo
|-damage|p1a: Gholdengo|88/100
|move|p1a: Gholdengo|Make It Rain|p2a: Great Tusk
|-damage|p2a: Great Tusk|0 fnt
|-unboost|p1a: Gholdengo|spa|1
|faint|p2a: Great Tusk
|-end|p2a: Great Tusk|Protosynthesis|[silent]
|
|-heal|p1a: Gholdengo|94/100|[from] item: Leftovers
|upkeep
|-message|LT124YH Prav33n forfeited.
|
|win|MicrowaveHeart
|raw|MicrowaveHeart's rating: 1673 &rarr; <strong>1701</strong><br />(+28 for winning)
|raw|LT124YH Prav33n's rating: 1824 &rarr; <strong>1796</strong><br />(-28 for losing)
|l|☆LT124YH Prav33n
|player|p2|
|l|☆MicrowaveHeart
|player|p1|
|l| simplegent
|l| FaronAan
