|j|‽ItsMrstealyourrank
|j|☆SpongeGar & Patar
|t:|1760837623
|gametype|singles
|player|p1|ItsMrstealyourrank|brawly|1742
|player|p2|SpongeGar & Patar|101|1721
|gen|9
|tier|[Gen 9] OU
|rated|
|rule|HP Percentage Mod: HP is shown in percentages
|rule|Endless Battle Clause: Forcing endless battles is banned
|rule|Species Clause: Limit one of each Pokémon
|rule|OHKO Clause: OHKO moves are banned
|rule|Evasion Items Clause: Evasion items are banned
|rule|Evasion Moves Clause: Evasion moves are banned
|rule|Evasion Abilities Clause: Evasion abilities are banned
|rule|Sleep Moves Clause: Sleep-inducing moves are banned
|clearpoke
|poke|p1|Ninetales-Alola, M|
|poke|p1|Klefki, M|
|poke|p1|Latias, F|
|poke|p1|Maushold-Four|
|poke|p1|Ogerpon-Wellspring, F|
|poke|p1|Kyurem|
|poke|p2|Kyurem|
|poke|p2|Corviknight, M|
|poke|p2|Ting-Lu|
|poke|p2|Dondozo, F|
|poke|p2|Slowking-Galar, L99, M|
|poke|p2|Cinderace, F|
|teampreview
|inactive|Battle timer is ON: inactive players will automatically lose when time's up. (requested by ItsMrstealyourrank)
|inactive|SpongeGar & Patar has 120 seconds left.
|
|t:|1760837673
|teamsize|p1|6
|teamsize|p2|6
|start
|switch|p1a: Klefki|Klefki, M|100/100
|switch|p2a: Cinderace|Cinderace, F|100/100
|turn|1
|inactive|SpongeGar & Patar also wants the timer to be on.
|j| simplegent
|inactive|SpongeGar & Patar has 120 seconds left.
|j| stariaki
|
|t:|1760837722
|move|p1a: Klefki|Reflect|p1a: Klefki
|-sidestart|p1: ItsMrstealyourrank|Reflect
|move|p2a: Cinderace|Pyro Ball|p1a: Klefki
|-supereffective|p1a: Klefki
|-damage|p1a: Klefki|53/100
|
|upkeep
|turn|2
|inactive|SpongeGar & Patar has 90 seconds left.
|inactive|ItsMrstealyourrank has 120 seconds left.
|
|t:|1760837774
|move|p1a: Klefki|Thunder Wave|p2a: Cinderace
|-status|p2a: Cinderace|par
|cant|p2a: Cinderace|par
|
|upkeep
|turn|3
|inactive|SpongeGar & Patar has 60 seconds left.
|j| LT123VB 87
|inactive|ItsMrstealyourrank has 90 seconds left.
|
|t:|1760837823
|switch|p1a: Latias|Latias, F|100/100
|switch|p2a: Slowking|Slowking-Galar, L99, M|100/100
|
|upkeep
|turn|4
|l| stariaki
|
|t:|1760837833
|-terastallize|p1a: Latias|Steel
|move|p1a: Latias|Calm Mind|p1a: Latias
|-boost|p1a: Latias|spa|1
|-boost|p1a: Latias|spd|1
|move|p2a: Slowking|Future Sight|p1a: Latias
|-start|p2a: Slowking|move: Future Sight
|
|upkeep
|turn|5
|
|t:|1760837842
|switch|p2a: Dondozo|Dondozo, F|100/100
|move|p1a: Latias|Calm Mind|p1a: Latias
|-boost|p1a: Latias|spa|1
|-boost|p1a: Latias|spd|1
|
|upkeep
|turn|6
|
|t:|1760837851
|move|p1a: Latias|Aura Sphere|p2a: Dondozo
|-damage|p2a: Dondozo|73/100
|move|p2a: Dondozo|Curse|p2a: Dondozo
|-unboost|p2a: Dondozo|spe|1
|-boost|p2a: Dondozo|atk|1
|-boost|p2a: Dondozo|def|1
|
|-end|p1a: Latias|move: Future Sight
|-resisted|p1a: Latias
|-damage|p1a: Latias|91/100
|-heal|p2a: Dondozo|79/100|[from] item: Leftovers
|upkeep
|turn|7
|j| skip the drip
|
|t:|1760837861
|move|p1a: Latias|Calm Mind|p1a: Latias
|-boost|p1a: Latias|spa|1
|-boost|p1a: Latias|spd|1
|move|p2a: Dondozo|Body Press|p1a: Latias
|-supereffective|p1a: Latias
|-damage|p1a: Latias|51/100
|-enditem|p1a: Latias|Weakness Policy
|-boost|p1a: Latias|atk|2|[from] item: Weakness Policy
|-boost|p1a: Latias|spa|2|[from] item: Weakness Policy
|
|-heal|p2a: Dondozo|85/100|[from] item: Leftovers
|upkeep
|turn|8
|inactive|SpongeGar & Patar has 60 seconds left.
|
|t:|1760837871
|-terastallize|p2a: Dondozo|Dark
|move|p1a: Latias|Aura Sphere|p2a: Dondozo
|-supereffective|p2a: Dondozo
|-damage|p2a: Dondozo|30/100
|move|p2a: Dondozo|Body Press|p1a: Latias
|-supereffective|p1a: Latias
|-damage|p1a: Latias|10/100
|
|-heal|p2a: Dondozo|36/100|[from] item: Leftovers
|-sideend|p1: ItsMrstealyourrank|Reflect
|upkeep
|turn|9
|
|t:|1760837880
|switch|p2a: Slowking|Slowking-Galar, L99, M|100/100
|move|p1a: Latias|Aura Sphere|p2a: Slowking
|-resisted|p2a: Slowking
|-damage|p2a: Slowking|86/100
|
|upkeep
|turn|10
|
|t:|1760837889
|switch|p2a: Dondozo|Dondozo, F, tera:Dark|36/100
|move|p1a: Latias|Agility|p1a: Latias
|-boost|p1a: Latias|spe|2
|
|-heal|p2a: Dondozo|42/100|[from] item: Leftovers
|upkeep
|turn|11
|
|t:|1760837899
|move|p1a: Latias|Aura Sphere|p2a: Dondozo
|-supereffective|p2a: Dondozo
|-damage|p2a: Dondozo|0 fnt
|faint|p2a: Dondozo
|
|upkeep
|
|t:|1760837908
|switch|p2a: Ting-Lu|Ting-Lu|100/100
|-ability|p2a: Ting-Lu|Vessel of Ruin
|turn|12
|
|t:|1760837917
|move|p1a: Latias|Aura Sphere|p2a: Ting-Lu
|-supereffective|p2a: Ting-Lu
|-damage|p2a: Ting-Lu|21/100
|move|p2a: Ting-Lu|Payback|p1a: Latias
|-damage|p1a: Latias|0 fnt
|faint|p1a: Latias
|
|-heal|p2a: Ting-Lu|27/100|[from] item: Leftovers
|upkeep
|j| madfarm
|
|t:|1760837925
|switch|p1a: Ogerpon|Ogerpon-Wellspring, F|100/100
|turn|13
|inactive|SpongeGar & Patar has 90 seconds left.
|
|t:|1760837935
|switch|p2a: Kyurem|Kyurem|100/100
|-ability|p2a: Kyurem|Pressure
|move|p1a: Ogerpon|Ivy Cudgel|p2a: Kyurem|[anim] Ivy Cudgel Water
|-resisted|p2a: Kyurem
|-damage|p2a: Kyurem|71/100
|
|-heal|p2a: Kyurem|77/100|[from] item: Leftovers
|upkeep
|turn|14
|inactive|SpongeGar & Patar has 90 seconds left.
|inactive|SpongeGar & Patar has 60 seconds left.
|
|t:|1760837983
|switch|p1a: Ninetales|Ninetales-Alola, M|100/100
|-weather|Snowscape|[from] ability: Snow Warning|[of] p1a: Ninetales
|move|p2a: Kyurem|Freeze-Dry|p1a: Ninetales
|-resisted|p1a: Ninetales
|-damage|p1a: Ninetales|80/100
|
|-weather|Snowscape|[upkeep]
|-heal|p2a: Kyurem|83/100|[from] item: Leftovers
|upkeep
|turn|15
|inactive|SpongeGar & Patar has 60 seconds left.
|inactive|SpongeGar & Patar has 30 seconds left.
|inactive|SpongeGar & Patar has 20 seconds left.
|
|t:|1760838033
|move|p1a: Ninetales|Aurora Veil|p1a: Ninetales
|-sidestart|p1: ItsMrstealyourrank|move: Aurora Veil
|move|p2a: Kyurem|Earth Power|p1a: Ninetales
|-damage|p1a: Ninetales|61/100
|
|-weather|Snowscape|[upkeep]
|-heal|p2a: Kyurem|89/100|[from] item: Leftovers
|upkeep
|turn|16
|inactive|SpongeGar & Patar has 30 seconds left this turn.
|
|t:|1760838045
|switch|p1a: Maushold|Maushold-Four|100/100
|switch|p2a: Slowking|Slowking-Galar, L99, M|100/100
|
|-weather|Snowscape|[upkeep]
|upkeep
|turn|17
|l| madfarm
|inactive|SpongeGar & Patar has 30 seconds left.
|
|t:|1760838054
|switch|p2a: Corviknight|Corviknight, M|100/100
|-ability|p2a: Corviknight|Pressure
|move|p1a: Maushold|Tidy Up|p1a: Maushold
|-boost|p1a: Maushold|atk|1
|-boost|p1a: Maushold|spe|1
|
|-weather|Snowscape|[upkeep]
|upkeep
|turn|18
|
|t:|1760838063
|move|p1a: Maushold|Tidy Up|p1a: Maushold
|-boost|p1a: Maushold|atk|1
|-boost|p1a: Maushold|spe|1
|move|p2a: Corviknight|Brave Bird|p1a: Maushold
|-damage|p1a: Maushold|75/100
|-damage|p2a: Corviknight|94/100|[from] Recoil
|
|-weather|none
|upkeep
|turn|19
|
|t:|1760838074
|move|p1a: Maushold|Bite|p2a: Corviknight
|-damage|p2a: Corviknight|67/100
|-damage|p1a: Maushold|58/100|[from] item: Rocky Helmet|[of] p2a: Corviknight
|move|p2a: Corviknight|Roost|p2a: Corviknight
|-heal|p2a: Corviknight|100/100
|-singleturn|p2a: Corviknight|move: Roost
|
|upkeep
|turn|20
|
|t:|1760838085
|move|p1a: Maushold|Encore|p2a: Corviknight
|-start|p2a: Corviknight|Encore
|move|p2a: Corviknight|Roost||[still]
|-fail|p2a: Corviknight|heal
|
|upkeep
|turn|21
|
|t:|1760838094
|switch|p2a: Ting-Lu|Ting-Lu|27/100
|-ability|p2a: Ting-Lu|Vessel of Ruin
|move|p1a: Maushold|Population Bomb|p2a: Ting-Lu
|-damage|p2a: Ting-Lu|14/100
|-damage|p2a: Ting-Lu|1/100
|-damage|p2a: Ting-Lu|0 fnt
|faint|p2a: Ting-Lu
|-hitcount|p2: Ting-Lu|3
|
|upkeep
|
|t:|1760838104
|switch|p2a: Corviknight|Corviknight, M|100/100
|-ability|p2a: Corviknight|Pressure
|turn|22
|
|t:|1760838113
|switch|p1a: Ninetales|Ninetales-Alola, M|61/100
|-weather|Snowscape|[from] ability: Snow Warning|[of] p1a: Ninetales
|move|p2a: Corviknight|Brave Bird|p1a: Ninetales
|-damage|p1a: Ninetales|48/100
|-damage|p2a: Corviknight|97/100|[from] Recoil
|
|-weather|Snowscape|[upkeep]
|-sideend|p1: ItsMrstealyourrank|move: Aurora Veil
|upkeep
|turn|23
|j| wyjmjl
|
|t:|1760838123
|move|p1a: Ninetales|Aurora Veil|p1a: Ninetales
|-sidestart|p1: ItsMrstealyourrank|move: Aurora Veil
|move|p2a: Corviknight|Brave Bird|p1a: Ninetales
|-crit|p1a: Ninetales
|-damage|p1a: Ninetales|6/100
|-damage|p2a: Corviknight|87/100|[from] Recoil
|
|-weather|Snowscape|[upkeep]
|upkeep
|turn|24
|
|t:|1760838133
|move|p1a: Ninetales|Encore|p2a: Corviknight
|-start|p2a: Corviknight|Encore
|move|p2a: Corviknight|Brave Bird|p1a: Ninetales
|-damage|p1a: Ninetales|0 fnt
|faint|p1a: Ninetales
|-damage|p2a: Corviknight|86/100|[from] Recoil
|
|-weather|Snowscape|[upkeep]
|upkeep
|
|t:|1760838134
|switch|p1a: Kyurem|Kyurem, shiny|100/100
|-ability|p1a: Kyurem|Pressure
|turn|25
|
|t:|1760838144
|switch|p2a: Slowking|Slowking-Galar, L99, M|100/100
|move|p1a: Kyurem|Dragon Dance|p1a: Kyurem
|-boost|p1a: Kyurem|atk|1
|-boost|p1a: Kyurem|spe|1
|
|-weather|Snowscape|[upkeep]
|upkeep
|turn|26
|
|t:|1760838153
|move|p1a: Kyurem|Icicle Spear|p2a: Slowking
|-damage|p2a: Slowking|79/100
|-damage|p2a: Slowking|57/100
|-damage|p2a: Slowking|35/100
|-damage|p2a: Slowking|12/100
|-damage|p2a: Slowking|0 fnt
|faint|p2a: Slowking
|-hitcount|p2: Slowking|5
|
|-weather|none
|upkeep
|
|t:|1760838163
|switch|p2a: Cinderace|Cinderace, F|100/100 par
|turn|27
|
|t:|1760838172
|move|p1a: Kyurem|Scale Shot|p2a: Cinderace
|-damage|p2a: Cinderace|73/100 par
|-damage|p2a: Cinderace|47/100 par
|-damage|p2a: Cinderace|21/100 par
|-damage|p2a: Cinderace|0 fnt
|faint|p2a: Cinderace
|-hitcount|p2: Cinderace|4
|-unboost|p1a: Kyurem|def|1
|-boost|p1a: Kyurem|spe|1
|
|upkeep
|
|t:|1760838181
|switch|p2a: Kyurem|Kyurem|89/100
|-ability|p2a: Kyurem|Pressure
|turn|28
|
|t:|1760838189
|move|p1a: Kyurem|Dragon Dance|p1a: Kyurem
|-boost|p1a: Kyurem|atk|1
|-boost|p1a: Kyurem|spe|1
|move|p2a: Kyurem|Earth Power|p1a: Kyurem
|-damage|p1a: Kyurem|85/100
|
|-heal|p2a: Kyurem|96/100|[from] item: Leftovers
|upkeep
|turn|29
|
|t:|1760838197
|move|p2a: Kyurem|Protect|p2a: Kyurem
|-singleturn|p2a: Kyurem|Protect
|move|p1a: Kyurem|Icicle Spear|p2a: Kyurem
|-activate|p2a: Kyurem|move: Protect
|
|-heal|p2a: Kyurem|100/100|[from] item: Leftovers
|upkeep
|turn|30
|inactive|SpongeGar & Patar has 90 seconds left.
|
|t:|1760838205
|move|p2a: Kyurem|Protect|p2a: Kyurem
|-singleturn|p2a: Kyurem|Protect
|move|p1a: Kyurem|Icicle Spear|p2a: Kyurem
|-activate|p2a: Kyurem|move: Protect
|
|-sideend|p1: ItsMrstealyourrank|move: Aurora Veil
|upkeep
|turn|31
|
|t:|1760838213
|switch|p2a: Corviknight|Corviknight, M|86/100
|-ability|p2a: Corviknight|Pressure
|move|p1a: Kyurem|Scale Shot|p2a: Corviknight
|-resisted|p2a: Corviknight
|-damage|p2a: Corviknight|78/100
|-resisted|p2a: Corviknight
|-damage|p2a: Corviknight|69/100
|-resisted|p2a: Corviknight
|-damage|p2a: Corviknight|61/100
|-resisted|p2a: Corviknight
|-damage|p2a: Corviknight|52/100
|-resisted|p2a: Corviknight
|-damage|p2a: Corviknight|43/100
|-hitcount|p2a: Corviknight|5
|-unboost|p1a: Kyurem|def|1
|-boost|p1a: Kyurem|spe|1
|
|upkeep
|turn|32
|
|t:|1760838221
|move|p1a: Kyurem|Icicle Spear|p2a: Corviknight
|-damage|p2a: Corviknight|27/100
|-damage|p2a: Corviknight|10/100
|-crit|p2a: Corviknight
|-damage|p2a: Corviknight|0 fnt
|faint|p2a: Corviknight
|-hitcount|p2: Corviknight|3
|
|upkeep
|
|t:|1760838228
|switch|p2a: Kyurem|Kyurem|100/100
|-ability|p2a: Kyurem|Pressure
|turn|33
|j| AbrarS
|
|t:|1760838234
|move|p2a: Kyurem|Protect|p2a: Kyurem
|-singleturn|p2a: Kyurem|Protect
|move|p1a: Kyurem|Icicle Spear|p2a: Kyurem
|-activate|p2a: Kyurem|move: Protect
|
|upkeep
|turn|34
|
|t:|1760838239
|move|p2a: Kyurem|Protect|p2a: Kyurem
|-singleturn|p2a: Kyurem|Protect
|move|p1a: Kyurem|Icicle Spear|p2a: Kyurem
|-activate|p2a: Kyurem|move: Protect
|
|upkeep
|turn|35
|
|t:|1760838243
|move|p2a: Kyurem|Protect||[still]
|-fail|p2a: Kyurem
|move|p1a: Kyurem|Icicle Spear|p2a: Kyurem
|-damage|p2a: Kyurem|73/100
|-damage|p2a: Kyurem|48/100
|-damage|p2a: Kyurem|23/100
|-damage|p2a: Kyurem|0 fnt
|faint|p2a: Kyurem
|-hitcount|p2: Kyurem|4
|
|win|ItsMrstealyourrank
|raw|ItsMrstealyourrank's rating: 1760 &rarr; <strong>1778</strong><br />(+18 for winning)
|raw|SpongeGar &amp; Patar's rating: 1721 &rarr; <strong>1703</strong><br />(-18 for losing)
|l|☆SpongeGar & Patar
|player|p2|
|c| AbrarS|Man vs machine
|l| simplegent
|l| AbrarS
|l| wyjmjl
|l| LT123VB 87
