|j|☆Plata251
|j|☆jarlaxleSHTD
|t:|1760817878
|gametype|singles
|player|p1|Plata251|pokefan-gen2|1190
|player|p2|jarlaxleSHTD|2|1201
|gen|9
|tier|[Gen 9] OU
|rated|
|rule|HP Percentage Mod: HP is shown in percentages
|rule|Endless Battle Clause: Forcing endless battles is banned
|rule|Species Clause: Limit one of each Pokémon
|rule|OHKO Clause: OHKO moves are banned
|rule|Evasion Items Clause: Evasion items are banned
|rule|Evasion Moves Clause: Evasion moves are banned
|rule|Evasion Abilities Clause: Evasion abilities are banned
|rule|Sleep Moves Clause: Sleep-inducing moves are banned
|clearpoke
|poke|p1|Munkidori, M|
|poke|p1|Alomomola, F|
|poke|p1|Blissey, F|
|poke|p1|Moltres|
|poke|p1|Ninetales-Alola, F|
|poke|p1|Tyranitar, F|
|poke|p2|Pelipper, F|
|poke|p2|Barraskewda, F|
|poke|p2|Iron Crown|
|poke|p2|Great Tusk|
|poke|p2|Moltres|
|poke|p2|Kingdra, M|
|teampreview
|inactive|Battle timer is ON: inactive players will automatically lose when time's up. (requested by jarlaxleSHTD)
|
|t:|1760817895
|teamsize|p1|6
|teamsize|p2|6
|start
|switch|p1a: Munkidori|Munkidori, M|100/100
|switch|p2a: Sergio Perez|Iron Crown|100/100
|turn|1
|
|t:|1760817905
|move|p1a: Munkidori|Fake Out|p2a: Sergio Perez
|-resisted|p2a: Sergio Perez
|-damage|p2a: Sergio Perez|95/100
|cant|p2a: Sergio Perez|flinch
|
|upkeep
|turn|2
|
|t:|1760817934
|move|p1a: Munkidori|U-turn|p2a: Sergio Perez
|-damage|p2a: Sergio Perez|77/100
|inactive|Plata251 has 120 seconds left.
|inactive|Plata251 has 90 seconds left.
|
|t:|1760817983
|switch|p1a: Blissey|Blissey, F|100/100|[from] U-turn
|move|p2a: Sergio Perez|Volt Switch|p1a: Blissey
|-damage|p1a: Blissey|93/100
|
|t:|1760817992
|-end|p2a: Sergio Perez|Quark Drive|[silent]
|switch|p2a: Frida Khalo|Pelipper, F|100/100|[from] Volt Switch
|-weather|RainDance|[from] ability: Drizzle|[of] p2a: Frida Khalo
|
|-weather|RainDance|[upkeep]
|upkeep
|turn|3
|inactive|Plata251 has 90 seconds left.
|
|t:|1760818022
|move|p1a: Blissey|Thunder Wave|p2a: Frida Khalo
|-status|p2a: Frida Khalo|par
|move|p2a: Frida Khalo|U-turn|p1a: Blissey
|-damage|p1a: Blissey|85/100
|
|t:|1760818040
|switch|p2a: Speedy Gonzales|Barraskewda, F|100/100|[from] U-turn
|
|-weather|RainDance|[upkeep]
|upkeep
|turn|4
|
|t:|1760818047
|switch|p1a: Alomomola|Alomomola, F|100/100
|move|p2a: Speedy Gonzales|Liquidation|p1a: Alomomola
|-resisted|p1a: Alomomola
|-damage|p1a: Alomomola|75/100
|
|-weather|RainDance|[upkeep]
|upkeep
|turn|5
|inactive|Plata251 has 90 seconds left.
|
|t:|1760818076
|switch|p2a: Sergio Perez|Iron Crown|77/100
|move|p1a: Alomomola|Wish|p1a: Alomomola
|
|-weather|RainDance|[upkeep]
|upkeep
|turn|6
|
|t:|1760818083
|switch|p1a: Blissey|Blissey, F|85/100
|move|p2a: Sergio Perez|Future Sight|p1a: Blissey
|-start|p2a: Sergio Perez|move: Future Sight
|
|-weather|RainDance|[upkeep]
|-heal|p1a: Blissey|100/100|[from] move: Wish|[wisher] Alomomola
|upkeep
|turn|7
|
|t:|1760818092
|move|p2a: Sergio Perez|Volt Switch|p1a: Blissey
|-damage|p1a: Blissey|93/100
|
|t:|1760818099
|-end|p2a: Sergio Perez|Quark Drive|[silent]
|switch|p2a: Kingdra|Kingdra, M|100/100|[from] Volt Switch
|move|p1a: Blissey|Seismic Toss|p2a: Kingdra
|-damage|p2a: Kingdra|66/100
|
|-weather|RainDance|[upkeep]
|upkeep
|turn|8
|
|t:|1760818108
|move|p2a: Kingdra|Flip Turn|p1a: Blissey
|-damage|p1a: Blissey|60/100
|
|t:|1760818114
|switch|p2a: Del Toro|Great Tusk|100/100|[from] Flip Turn
|-enditem|p2a: Del Toro|Booster Energy
|-activate|p2a: Del Toro|ability: Protosynthesis|[fromitem]
|-start|p2a: Del Toro|protosynthesisatk
|move|p1a: Blissey|Thunder Wave|p2a: Del Toro
|-immune|p2a: Del Toro
|
|-weather|RainDance|[upkeep]
|-end|p1a: Blissey|move: Future Sight
|-damage|p1a: Blissey|43/100
|upkeep
|turn|9
|
|t:|1760818125
|switch|p1a: Moltres|Moltres|100/100
|move|p2a: Del Toro|Stealth Rock|p1a: Moltres
|-sidestart|p1: Plata251|move: Stealth Rock
|
|-weather|none
|upkeep
|turn|10
|
|t:|1760818132
|-end|p2a: Del Toro|Protosynthesis|[silent]
|switch|p2a: Frida Khalo|Pelipper, F|100/100 par
|-weather|RainDance|[from] ability: Drizzle|[of] p2a: Frida Khalo
|move|p1a: Moltres|Flamethrower|p2a: Frida Khalo
|-resisted|p2a: Frida Khalo
|-damage|p2a: Frida Khalo|89/100 par
|
|-weather|RainDance|[upkeep]
|upkeep
|turn|11
|
|t:|1760818140
|switch|p1a: Blissey|Blissey, F|43/100
|switch|p2a: Kingdra|Kingdra, M|66/100
|
|-weather|RainDance|[upkeep]
|upkeep
|turn|12
|inactive|Plata251 has 120 seconds left.
|
|t:|1760818161
|move|p2a: Kingdra|Flip Turn|p1a: Blissey
|-damage|p1a: Blissey|8/100
|
|t:|1760818165
|switch|p2a: Del Toro|Great Tusk|100/100|[from] Flip Turn
|move|p1a: Blissey|Soft-Boiled|p1a: Blissey
|-heal|p1a: Blissey|58/100
|
|-weather|RainDance|[upkeep]
|upkeep
|turn|13
|
|t:|1760818174
|switch|p1a: Moltres|Moltres|100/100
|move|p2a: Del Toro|Ice Spinner|p1a: Moltres
|-damage|p1a: Moltres|75/100
|-status|p2a: Del Toro|brn|[from] ability: Flame Body|[of] p1a: Moltres
|
|-weather|RainDance|[upkeep]
|-damage|p2a: Del Toro|94/100 brn|[from] brn
|upkeep
|turn|14
|
|t:|1760818184
|-end|p2a: Del Toro|Protosynthesis|[silent]
|switch|p2a: Kingdra|Kingdra, M|66/100
|move|p1a: Moltres|U-turn|p2a: Kingdra
|-damage|p2a: Kingdra|48/100
|
|t:|1760818188
|switch|p1a: Blissey|Blissey, F|58/100|[from] U-turn
|
|-weather|RainDance|[upkeep]
|upkeep
|turn|15
|
|t:|1760818194
|move|p2a: Kingdra|Flip Turn|p1a: Blissey
|-damage|p1a: Blissey|24/100
|
|t:|1760818197
|switch|p2a: Speedy Gonzales|Barraskewda, F|100/100|[from] Flip Turn
|move|p1a: Blissey|Soft-Boiled|p1a: Blissey
|-heal|p1a: Blissey|74/100
|
|-weather|RainDance|[upkeep]
|upkeep
|turn|16
|
|t:|1760818204
|switch|p1a: Alomomola|Alomomola, F|100/100
|move|p2a: Speedy Gonzales|Liquidation|p1a: Alomomola
|-resisted|p1a: Alomomola
|-damage|p1a: Alomomola|70/100
|-unboost|p1a: Alomomola|def|1
|
|-weather|RainDance|[upkeep]
|upkeep
|turn|17
|
|t:|1760818214
|move|p2a: Speedy Gonzales|Liquidation|p1a: Alomomola
|-resisted|p1a: Alomomola
|-damage|p1a: Alomomola|25/100
|move|p1a: Alomomola|Flip Turn|p2a: Speedy Gonzales
|-resisted|p2a: Speedy Gonzales
|-damage|p2a: Speedy Gonzales|77/100
|
|t:|1760818220
|switch|p1a: Moltres|Moltres|75/100|[from] Flip Turn
|
|-weather|none
|upkeep
|turn|18
|
|t:|1760818229
|move|p2a: Speedy Gonzales|Liquidation|p1a: Moltres
|-supereffective|p1a: Moltres
|-damage|p1a: Moltres|0 fnt
|-status|p2a: Speedy Gonzales|brn|[from] ability: Flame Body|[of] p1a: Moltres
|faint|p1a: Moltres
|
|-damage|p2a: Speedy Gonzales|71/100 brn|[from] brn
|upkeep
|
|t:|1760818242
|switch|p1a: Ninetales|Ninetales-Alola, F|100/100
|-damage|p1a: Ninetales|76/100|[from] Stealth Rock
|-weather|Snowscape|[from] ability: Snow Warning|[of] p1a: Ninetales
|turn|19
|inactive|jarlaxleSHTD has 120 seconds left.
|
|t:|1760818284
|switch|p2a: Frida Khalo|Pelipper, F|89/100 par
|-weather|RainDance|[from] ability: Drizzle|[of] p2a: Frida Khalo
|move|p1a: Ninetales|Freeze-Dry|p2a: Frida Khalo
|-supereffective|p2a: Frida Khalo
|-damage|p2a: Frida Khalo|0 fnt
|faint|p2a: Frida Khalo
|
|-weather|RainDance|[upkeep]
|upkeep
|
|t:|1760818293
|switch|p2a: Sergio Perez|Iron Crown|77/100
|turn|20
|
|t:|1760818296
|switch|p1a: Blissey|Blissey, F|74/100
|move|p2a: Sergio Perez|Tachyon Cutter|p1a: Blissey
|-damage|p1a: Blissey|67/100
|-damage|p1a: Blissey|58/100
|-hitcount|p1a: Blissey|2
|
|-weather|RainDance|[upkeep]
|upkeep
|turn|21
|
|t:|1760818305
|-end|p2a: Sergio Perez|Quark Drive|[silent]
|switch|p2a: Del Toro|Great Tusk|94/100 brn
|move|p1a: Blissey|Seismic Toss|p2a: Del Toro
|-damage|p2a: Del Toro|67/100 brn
|
|-weather|RainDance|[upkeep]
|-damage|p2a: Del Toro|61/100 brn|[from] brn
|upkeep
|turn|22
|
|t:|1760818312
|switch|p1a: Alomomola|Alomomola, F|59/100
|move|p2a: Del Toro|Headlong Rush|p1a: Alomomola
|-damage|p1a: Alomomola|41/100
|-unboost|p2a: Del Toro|def|1
|-unboost|p2a: Del Toro|spd|1
|
|-weather|RainDance|[upkeep]
|-damage|p2a: Del Toro|55/100 brn|[from] brn
|upkeep
|turn|23
|
|t:|1760818324
|-end|p2a: Del Toro|Protosynthesis|[silent]
|switch|p2a: Sergio Perez|Iron Crown|77/100
|move|p1a: Alomomola|Wish|p1a: Alomomola
|
|-weather|RainDance|[upkeep]
|upkeep
|turn|24
|
|t:|1760818330
|switch|p1a: Blissey|Blissey, F|58/100
|move|p2a: Sergio Perez|Future Sight|p1a: Blissey
|-start|p2a: Sergio Perez|move: Future Sight
|
|-weather|RainDance|[upkeep]
|-heal|p1a: Blissey|99/100|[from] move: Wish|[wisher] Alomomola
|upkeep
|turn|25
|
|t:|1760818336
|move|p2a: Sergio Perez|Volt Switch|p1a: Blissey
|-damage|p1a: Blissey|93/100
|
|t:|1760818340
|-end|p2a: Sergio Perez|Quark Drive|[silent]
|switch|p2a: Speedy Gonzales|Barraskewda, F|71/100 brn|[from] Volt Switch
|move|p1a: Blissey|Seismic Toss|p2a: Speedy Gonzales
|-damage|p2a: Speedy Gonzales|33/100 brn
|
|-weather|RainDance|[upkeep]
|-damage|p2a: Speedy Gonzales|27/100 brn|[from] brn
|upkeep
|turn|26
|
|t:|1760818359
|switch|p1a: Alomomola|Alomomola, F|74/100
|move|p2a: Speedy Gonzales|Close Combat|p1a: Alomomola
|-damage|p1a: Alomomola|58/100
|-unboost|p2a: Speedy Gonzales|def|1
|-unboost|p2a: Speedy Gonzales|spd|1
|
|-weather|none
|-end|p1a: Alomomola|move: Future Sight
|-damage|p1a: Alomomola|0 fnt
|faint|p1a: Alomomola
|-damage|p2a: Speedy Gonzales|21/100 brn|[from] brn
|upkeep
|-message|jarlaxleSHTD forfeited.
|
|win|Plata251
|raw|Plata251's rating: 1190 &rarr; <strong>1216</strong><br />(+26 for winning)
|raw|jarlaxleSHTD's rating: 1201 &rarr; <strong>1175</strong><br />(-26 for losing)
|l|☆jarlaxleSHTD
|player|p2|
|l|☆Plata251
|player|p1|
