|j|☆khote
|j|☆vghhjg
|t:|1760721118
|gametype|singles
|player|p1|khote|burglar|1654
|player|p2|vghhjg|2|1666
|gen|9
|tier|[Gen 9] OU
|rated|
|rule|HP Percentage Mod: HP is shown in percentages
|rule|Endless Battle Clause: Forcing endless battles is banned
|rule|Species Clause: Limit one of each Pokémon
|rule|OHKO Clause: OHKO moves are banned
|rule|Evasion Items Clause: Evasion items are banned
|rule|Evasion Moves Clause: Evasion moves are banned
|rule|Evasion Abilities Clause: Evasion abilities are banned
|rule|Sleep Moves Clause: Sleep-inducing moves are banned
|clearpoke
|poke|p1|Iron Treads|
|poke|p1|Ogerpon-Wellspring, F|
|poke|p1|Zamazenta-*|
|poke|p1|Dragapult, F|
|poke|p1|Iron Valiant|
|poke|p1|Dragonite, M|
|poke|p2|Ribombee, F|
|poke|p2|Gholdengo|
|poke|p2|Dragonite, M|
|poke|p2|Iron Treads|
|poke|p2|Comfey, F|
|poke|p2|Malamar, F|
|teampreview
|inactive|Battle timer is ON: inactive players will automatically lose when time's up. (requested by khote)
|inactive|vghhjg has 120 seconds left.
|
|t:|1760721180
|teamsize|p1|6
|teamsize|p2|6
|start
|switch|p1a: Iron Treads|Iron Treads|100/100
|switch|p2a: Ribombee|Ribombee, F|100/100
|turn|1
|
|t:|1760721185
|move|p2a: Ribombee|Stun Spore|p1a: Iron Treads
|-status|p1a: Iron Treads|par
|move|p1a: Iron Treads|Stealth Rock|p2a: Ribombee
|-sidestart|p2: vghhjg|move: Stealth Rock
|
|upkeep
|turn|2
|
|t:|1760721190
|move|p2a: Ribombee|Sticky Web|p1a: Iron Treads
|-sidestart|p1: khote|move: Sticky Web
|cant|p1a: Iron Treads|par
|
|upkeep
|turn|3
|
|t:|1760721194
|move|p2a: Ribombee|Psychic Noise|p1a: Iron Treads
|-resisted|p1a: Iron Treads
|-damage|p1a: Iron Treads|94/100 par
|-start|p1a: Iron Treads|move: Heal Block
|cant|p1a: Iron Treads|par
|
|upkeep
|turn|4
|
|t:|1760721201
|switch|p2a: Gholdengo|Gholdengo|100/100
|-damage|p2a: Gholdengo|94/100|[from] Stealth Rock
|-item|p2a: Gholdengo|Air Balloon
|move|p1a: Iron Treads|Iron Head|p2a: Gholdengo
|-resisted|p2a: Gholdengo
|-damage|p2a: Gholdengo|78/100
|-enditem|p2a: Gholdengo|Air Balloon
|
|-end|p1a: Iron Treads|move: Heal Block
|upkeep
|turn|5
|
|t:|1760721205
|move|p2a: Gholdengo|Shadow Ball|p1a: Iron Treads
|-damage|p1a: Iron Treads|58/100 par
|move|p1a: Iron Treads|Earthquake|p2a: Gholdengo
|-supereffective|p2a: Gholdengo
|-damage|p2a: Gholdengo|0 fnt
|faint|p2a: Gholdengo
|
|-heal|p1a: Iron Treads|64/100 par|[from] item: Leftovers
|upkeep
|
|t:|1760721215
|switch|p2a: Malamar|Malamar, F|100/100
|-damage|p2a: Malamar|88/100|[from] Stealth Rock
|turn|6
|
|t:|1760721218
|move|p2a: Malamar|Superpower|p1a: Iron Treads
|-supereffective|p1a: Iron Treads
|-damage|p1a: Iron Treads|2/100 par
|-boost|p2a: Malamar|atk|1
|-boost|p2a: Malamar|def|1
|move|p1a: Iron Treads|Rapid Spin|p2a: Malamar
|-damage|p2a: Malamar|78/100
|-boost|p1a: Iron Treads|spe|1
|-sideend|p1: khote|Sticky Web|[from] move: Rapid Spin|[of] p1a: Iron Treads
|
|-heal|p1a: Iron Treads|8/100 par|[from] item: Leftovers
|upkeep
|turn|7
|
|t:|1760721230
|move|p2a: Malamar|Superpower|p1a: Iron Treads
|-supereffective|p1a: Iron Treads
|-damage|p1a: Iron Treads|0 fnt
|-boost|p2a: Malamar|atk|1
|-boost|p2a: Malamar|def|1
|faint|p1a: Iron Treads
|-end|p1a: Iron Treads|Quark Drive|[silent]
|
|upkeep
|
|t:|1760721240
|switch|p1a: Iron Valiant|Iron Valiant|100/100
|-enditem|p1a: Iron Valiant|Booster Energy
|-activate|p1a: Iron Valiant|ability: Quark Drive|[fromitem]
|-start|p1a: Iron Valiant|quarkdrivespe
|turn|8
|
|t:|1760721248
|-terastallize|p2a: Malamar|Fairy
|move|p1a: Iron Valiant|Moonblast|p2a: Malamar
|-damage|p2a: Malamar|36/100
|move|p2a: Malamar|Tera Blast|p1a: Iron Valiant|[anim] Tera Blast Fairy
|-supereffective|p1a: Iron Valiant
|-damage|p1a: Iron Valiant|0 fnt
|faint|p1a: Iron Valiant
|-end|p1a: Iron Valiant|Quark Drive|[silent]
|
|upkeep
|
|t:|1760721258
|switch|p1a: Dragapult|Dragapult, F|100/100
|turn|9
|
|t:|1760721268
|move|p1a: Dragapult|Hex|p2a: Malamar
|-damage|p2a: Malamar|12/100
|move|p2a: Malamar|Tera Blast|p1a: Dragapult|[anim] Tera Blast Fairy
|-supereffective|p1a: Dragapult
|-damage|p1a: Dragapult|0 fnt
|faint|p1a: Dragapult
|
|upkeep
|
|t:|1760721278
|switch|p1a: Ogerpon|Ogerpon-Wellspring, F|100/100
|turn|10
|
|t:|1760721282
|move|p1a: Ogerpon|Ivy Cudgel|p2a: Malamar|[anim] Ivy Cudgel Water
|-damage|p2a: Malamar|0 fnt
|faint|p2a: Malamar
|
|upkeep
|
|t:|1760721285
|switch|p2a: Ribombee|Ribombee, F|100/100
|-damage|p2a: Ribombee|75/100|[from] Stealth Rock
|turn|11
|
|t:|1760721293
|move|p2a: Ribombee|Sticky Web|p1a: Ogerpon
|-sidestart|p1: khote|move: Sticky Web
|move|p1a: Ogerpon|Encore|p2a: Ribombee
|-start|p2a: Ribombee|Encore
|
|upkeep
|turn|12
|
|t:|1760721298
|move|p2a: Ribombee|Sticky Web||[still]
|-fail|p2a: Ribombee
|move|p1a: Ogerpon|Swords Dance|p1a: Ogerpon
|-boost|p1a: Ogerpon|atk|2
|
|upkeep
|turn|13
|
|t:|1760721301
|move|p2a: Ribombee|Sticky Web||[still]
|-fail|p2a: Ribombee
|move|p1a: Ogerpon|Ivy Cudgel|p2a: Ribombee|[anim] Ivy Cudgel Water
|-damage|p2a: Ribombee|0 fnt
|faint|p2a: Ribombee
|
|upkeep
|
|t:|1760721312
|switch|p2a: Dragonite|Dragonite, M|100/100
|-damage|p2a: Dragonite|75/100|[from] Stealth Rock
|turn|14
|
|t:|1760721317
|move|p1a: Ogerpon|Ivy Cudgel|p2a: Dragonite|[anim] Ivy Cudgel Water
|-resisted|p2a: Dragonite
|-damage|p2a: Dragonite|23/100
|move|p2a: Dragonite|Dragon Dance|p2a: Dragonite
|-boost|p2a: Dragonite|atk|1
|-boost|p2a: Dragonite|spe|1
|
|-heal|p2a: Dragonite|30/100|[from] item: Leftovers
|upkeep
|turn|15
|
|t:|1760721324
|move|p1a: Ogerpon|Ivy Cudgel|p2a: Dragonite|[anim] Ivy Cudgel Water
|-resisted|p2a: Dragonite
|-damage|p2a: Dragonite|0 fnt
|faint|p2a: Dragonite
|
|upkeep
|-message|vghhjg forfeited.
|
|win|khote
|raw|khote's rating: 1654 &rarr; <strong>1675</strong><br />(+21 for winning)
|raw|vghhjg's rating: 1666 &rarr; <strong>1645</strong><br />(-21 for losing)
|l|☆vghhjg
|player|p2|
|l|☆khote
|player|p1|
