|j|☆coconutwader
|j|☆polgo
|t:|1760871872
|gametype|singles
|player|p1|coconutwader|swimmerf-gen4dp|1205
|player|p2|polgo|swimmer-gen4|1153
|gen|9
|tier|[Gen 9] OU
|rated|
|rule|HP Percentage Mod: HP is shown in percentages
|rule|Endless Battle Clause: Forcing endless battles is banned
|rule|Species Clause: Limit one of each Pokémon
|rule|OHKO Clause: OHKO moves are banned
|rule|Evasion Items Clause: Evasion items are banned
|rule|Evasion Moves Clause: Evasion moves are banned
|rule|Evasion Abilities Clause: Evasion abilities are banned
|rule|Sleep Moves Clause: Sleep-inducing moves are banned
|clearpoke
|poke|p1|Latios, M|
|poke|p1|Cinderace, M|
|poke|p1|Iron Valiant|
|poke|p1|Iron Moth|
|poke|p1|Dragapult, M|
|poke|p1|Kingambit, F|
|poke|p2|Krookodile, M|
|poke|p2|Ariados, M|
|poke|p2|Scrafty, M|
|poke|p2|Drifblim, M|
|poke|p2|Dewgong, F|
|poke|p2|Magnezone|
|teampreview
|
|t:|1760871901
|teamsize|p1|6
|teamsize|p2|6
|start
|switch|p1a: Clankerona|Iron Moth, shiny|100/100
|switch|p2a: Krookodile|Krookodile, M, shiny|100/100
|-enditem|p1a: Clankerona|Booster Energy
|-activate|p1a: Clankerona|ability: Quark Drive|[fromitem]
|-start|p1a: Clankerona|quarkdrivespe
|turn|1
|
|t:|1760871915
|-terastallize|p1a: Clankerona|Grass
|move|p1a: Clankerona|Energy Ball|p2a: Krookodile
|-supereffective|p2a: Krookodile
|-damage|p2a: Krookodile|0 fnt
|faint|p2a: Krookodile
|
|upkeep
|
|t:|1760871921
|switch|p2a: Ariados|Ariados, M, shiny|100/100
|turn|2
|
|t:|1760871924
|move|p1a: Clankerona|Fiery Dance|p2a: Ariados
|-supereffective|p2a: Ariados
|-enditem|p2a: Ariados|Focus Sash
|-damage|p2a: Ariados|1/100
|-boost|p1a: Clankerona|spa|1
|move|p2a: Ariados|Lunge|p1a: Clankerona
|-supereffective|p1a: Clankerona
|-damage|p1a: Clankerona|0 fnt
|faint|p1a: Clankerona
|-end|p1a: Clankerona|Quark Drive|[silent]
|
|upkeep
|
|t:|1760871943
|switch|p1a: Clanker gallade|Iron Valiant, shiny|100/100
|-enditem|p1a: Clanker gallade|Booster Energy
|-activate|p1a: Clanker gallade|ability: Quark Drive|[fromitem]
|-start|p1a: Clanker gallade|quarkdrivespe
|turn|3
|
|t:|1760871949
|move|p1a: Clanker gallade|Moonblast|p2a: Ariados
|-resisted|p2a: Ariados
|-damage|p2a: Ariados|0 fnt
|faint|p2a: Ariados
|
|upkeep
|
|t:|1760871954
|switch|p2a: Drifblim|Drifblim, M, shiny|100/100
|turn|4
|
|t:|1760871957
|move|p1a: Clanker gallade|Thunderbolt|p2a: Drifblim
|-supereffective|p2a: Drifblim
|-damage|p2a: Drifblim|29/100
|move|p2a: Drifblim|Strength Sap|p1a: Clanker gallade
|-unboost|p1a: Clanker gallade|atk|1
|-heal|p2a: Drifblim|96/100
|
|-status|p2a: Drifblim|brn|[from] item: Flame Orb
|upkeep
|turn|5
|
|t:|1760871964
|move|p1a: Clanker gallade|Thunderbolt|p2a: Drifblim
|-supereffective|p2a: Drifblim
|-damage|p2a: Drifblim|30/100 brn
|move|p2a: Drifblim|Air Slash|p1a: Clanker gallade
|-supereffective|p1a: Clanker gallade
|-damage|p1a: Clanker gallade|0 fnt
|faint|p1a: Clanker gallade
|-end|p1a: Clanker gallade|Quark Drive|[silent]
|
|-damage|p2a: Drifblim|23/100 brn|[from] brn
|upkeep
|
|t:|1760871976
|switch|p1a: Plane|Latios, M, shiny|100/100
|turn|6
|
|t:|1760871982
|switch|p2a: Scrafty|Scrafty, M, shiny|100/100
|move|p1a: Plane|Luster Purge|p2a: Scrafty
|-immune|p2a: Scrafty
|
|upkeep
|turn|7
|
|t:|1760871992
|move|p1a: Plane|Aura Sphere|p2a: Scrafty
|-supereffective|p2a: Scrafty
|-damage|p2a: Scrafty|59/100
|move|p2a: Scrafty|Bulk Up|p2a: Scrafty
|-boost|p2a: Scrafty|atk|1
|-boost|p2a: Scrafty|def|1
|
|-heal|p2a: Scrafty|65/100|[from] item: Leftovers
|upkeep
|turn|8
|
|t:|1760871998
|-terastallize|p2a: Scrafty|Poison
|move|p1a: Plane|Aura Sphere|p2a: Scrafty
|-resisted|p2a: Scrafty
|-damage|p2a: Scrafty|55/100
|move|p2a: Scrafty|Bulk Up|p2a: Scrafty
|-boost|p2a: Scrafty|atk|1
|-boost|p2a: Scrafty|def|1
|
|-heal|p2a: Scrafty|61/100|[from] item: Leftovers
|upkeep
|turn|9
|
|t:|1760872003
|move|p1a: Plane|Luster Purge|p2a: Scrafty
|-supereffective|p2a: Scrafty
|-damage|p2a: Scrafty|0 fnt
|faint|p2a: Scrafty
|
|upkeep
|-message|polgo forfeited.
|
|win|coconutwader
|raw|coconutwader's rating: 1205 &rarr; <strong>1226</strong><br />(+21 for winning)
|raw|polgo's rating: 1153 &rarr; <strong>1132</strong><br />(-21 for losing)
|l|☆polgo
|player|p2|
|c|☆coconutwader|??
|l|☆coconutwader
|player|p1|
