|j|☆SweetPoison12
|j|☆BugFailure
|t:|1760734018
|gametype|singles
|player|p1|SweetPoison12|miku-ghost|1197
|player|p2|BugFailure|bellelba|1193
|gen|9
|tier|[Gen 9] OU
|rated|
|rule|HP Percentage Mod: HP is shown in percentages
|rule|Endless Battle Clause: Forcing endless battles is banned
|rule|Species Clause: Limit one of each Pokémon
|rule|OHKO Clause: OHKO moves are banned
|rule|Evasion Items Clause: Evasion items are banned
|rule|Evasion Moves Clause: Evasion moves are banned
|rule|Evasion Abilities Clause: Evasion abilities are banned
|rule|Sleep Moves Clause: Sleep-inducing moves are banned
|clearpoke
|poke|p1|Meowscarada, M|
|poke|p1|Gliscor, F|
|poke|p1|Dragapult, M|
|poke|p1|Quaquaval, F|
|poke|p1|Iron Valiant|
|poke|p1|Tentacruel, M|
|poke|p2|Slowking-Galar, F|
|poke|p2|Landorus-Therian, M|
|poke|p2|Arboliva, M|
|poke|p2|Clodsire, F|
|poke|p2|Jolteon, F|
|poke|p2|Latias, F|
|teampreview
|
|t:|1760734025
|teamsize|p1|6
|teamsize|p2|6
|start
|switch|p1a: Meowscarada|Meowscarada, M|100/100
|switch|p2a: Latias|Latias, F|100/100
|turn|1
|
|t:|1760734033
|switch|p2a: Landorus|Landorus-Therian, M|100/100
|-ability|p2a: Landorus|Intimidate|boost
|-unboost|p1a: Meowscarada|atk|1
|move|p1a: Meowscarada|Knock Off|p2a: Landorus
|-start|p1a: Meowscarada|typechange|Dark|[from] ability: Protean
|-damage|p2a: Landorus|66/100
|-enditem|p2a: Landorus|Leftovers|[from] move: Knock Off|[of] p1a: Meowscarada
|
|upkeep
|turn|2
|
|t:|1760734045
|switch|p1a: Gliscor|Gliscor, F|100/100
|move|p2a: Landorus|U-turn|p1a: Gliscor
|-resisted|p1a: Gliscor
|-damage|p1a: Gliscor|89/100
|inactive|Battle timer is ON: inactive players will automatically lose when time's up. (requested by BugFailure)
|
|t:|1760734048
|switch|p2a: Latias|Latias, F|100/100|[from] U-turn
|
|-status|p1a: Gliscor|tox|[from] item: Toxic Orb
|upkeep
|turn|3
|
|t:|1760734052
|move|p2a: Latias|Ice Beam|p1a: Gliscor
|-supereffective|p1a: Gliscor
|-damage|p1a: Gliscor|0 fnt
|faint|p1a: Gliscor
|
|upkeep
|
|t:|1760734056
|switch|p1a: Meowscarada|Meowscarada, M|100/100
|turn|4
|
|t:|1760734059
|switch|p2a: Landorus|Landorus-Therian, M|66/100
|-ability|p2a: Landorus|Intimidate|boost
|-unboost|p1a: Meowscarada|atk|1
|move|p1a: Meowscarada|U-turn|p2a: Landorus
|-start|p1a: Meowscarada|typechange|Bug|[from] ability: Protean
|-resisted|p2a: Landorus
|-damage|p2a: Landorus|54/100
|
|t:|1760734064
|switch|p1a: Quaquaval|Quaquaval, F|100/100|[from] U-turn
|
|upkeep
|turn|5
|
|t:|1760734078
|switch|p2a: Slowking|Slowking-Galar, F|100/100
|move|p1a: Quaquaval|Aqua Step|p2a: Slowking
|-damage|p2a: Slowking|63/100
|-boost|p1a: Quaquaval|spe|1
|
|upkeep
|turn|6
|
|t:|1760734094
|move|p1a: Quaquaval|Aqua Step|p2a: Slowking
|-damage|p2a: Slowking|22/100
|-boost|p1a: Quaquaval|spe|1
|move|p2a: Slowking|Psyshock|p1a: Quaquaval
|-supereffective|p1a: Quaquaval
|-damage|p1a: Quaquaval|23/100
|
|upkeep
|turn|7
|
|t:|1760734105
|switch|p2a: Landorus|Landorus-Therian, M|54/100
|-ability|p2a: Landorus|Intimidate|boost
|-unboost|p1a: Quaquaval|atk|1
|move|p1a: Quaquaval|Aqua Step|p2a: Landorus
|-supereffective|p2a: Landorus
|-damage|p2a: Landorus|13/100
|-boost|p1a: Quaquaval|spe|1
|
|upkeep
|turn|8
|
|t:|1760734111
|switch|p2a: Latias|Latias, F|100/100
|move|p1a: Quaquaval|Aqua Step|p2a: Latias
|-resisted|p2a: Latias
|-damage|p2a: Latias|84/100
|-boost|p1a: Quaquaval|spe|1
|
|upkeep
|turn|9
|
|t:|1760734122
|move|p1a: Quaquaval|Ice Spinner|p2a: Latias
|-supereffective|p2a: Latias
|-damage|p2a: Latias|42/100
|move|p2a: Latias|Thunderbolt|p1a: Quaquaval
|-supereffective|p1a: Quaquaval
|-damage|p1a: Quaquaval|0 fnt
|faint|p1a: Quaquaval
|
|upkeep
|
|t:|1760734143
|switch|p1a: Meowscarada|Meowscarada, M|100/100
|turn|10
|
|t:|1760734148
|switch|p2a: Landorus|Landorus-Therian, M|13/100
|-ability|p2a: Landorus|Intimidate|boost
|-unboost|p1a: Meowscarada|atk|1
|move|p1a: Meowscarada|Flower Trick|p2a: Landorus
|-start|p1a: Meowscarada|typechange|Grass|[from] ability: Protean
|-crit|p2a: Landorus
|-damage|p2a: Landorus|0 fnt
|faint|p2a: Landorus
|
|upkeep
|
|t:|1760734162
|switch|p2a: Slowking|Slowking-Galar, F|55/100
|turn|11
|inactive|SweetPoison12 has 120 seconds left.
|
|t:|1760734199
|switch|p1a: Tentacruel|Tentacruel, M|100/100
|switch|p2a: Jolteon|Jolteon, F|100/100
|
|upkeep
|turn|12
|inactive|SweetPoison12 has 120 seconds left.
|
|t:|1760734204
|move|p2a: Jolteon|Volt Switch|p1a: Tentacruel
|-supereffective|p1a: Tentacruel
|-damage|p1a: Tentacruel|38/100
|
|t:|1760734208
|switch|p2a: Slowking|Slowking-Galar, F|89/100|[from] Volt Switch
|move|p1a: Tentacruel|Sludge Bomb|p2a: Slowking
|-resisted|p2a: Slowking
|-damage|p2a: Slowking|82/100
|
|-heal|p1a: Tentacruel|44/100|[from] item: Leftovers
|upkeep
|turn|13
|
|t:|1760734216
|move|p1a: Tentacruel|Toxic Spikes|p2a: Slowking
|-sidestart|p2: BugFailure|move: Toxic Spikes
|move|p2a: Slowking|Sludge Wave|p1a: Tentacruel
|-resisted|p1a: Tentacruel
|-damage|p1a: Tentacruel|28/100
|
|-heal|p1a: Tentacruel|34/100|[from] item: Leftovers
|upkeep
|turn|14
|
|t:|1760734220
|move|p1a: Tentacruel|Toxic Spikes|p2a: Slowking
|-sidestart|p2: BugFailure|move: Toxic Spikes
|move|p2a: Slowking|Psyshock|p1a: Tentacruel
|-supereffective|p1a: Tentacruel
|-damage|p1a: Tentacruel|0 fnt
|faint|p1a: Tentacruel
|
|upkeep
|
|t:|1760734223
|switch|p1a: Meowscarada|Meowscarada, M|100/100
|turn|15
|
|t:|1760734225
|switch|p2a: Jolteon|Jolteon, F|100/100
|move|p1a: Meowscarada|Knock Off|p2a: Jolteon
|-start|p1a: Meowscarada|typechange|Dark|[from] ability: Protean
|-damage|p2a: Jolteon|0 fnt
|-enditem|p2a: Jolteon|Heavy-Duty Boots|[from] move: Knock Off|[of] p1a: Meowscarada
|faint|p2a: Jolteon
|
|upkeep
|
|t:|1760734233
|switch|p2a: Slowking|Slowking-Galar, F|100/100
|-sideend|p2: BugFailure|move: Toxic Spikes|[of] p2a: Slowking
|turn|16
|
|t:|1760734236
|switch|p2a: Arboliva|Arboliva, M|100/100
|move|p1a: Meowscarada|Knock Off|p2a: Arboliva
|-damage|p2a: Arboliva|45/100
|-fieldstart|move: Grassy Terrain|[from] ability: Seed Sower|[of] p2a: Arboliva
|-enditem|p2a: Arboliva|Wiki Berry|[from] move: Knock Off|[of] p1a: Meowscarada
|
|-heal|p2a: Arboliva|51/100|[from] Grassy Terrain
|upkeep
|turn|17
|
|t:|1760734240
|switch|p1a: Iron Valiant|Iron Valiant|100/100
|-enditem|p1a: Iron Valiant|Booster Energy
|-activate|p1a: Iron Valiant|ability: Quark Drive|[fromitem]
|-start|p1a: Iron Valiant|quarkdrivespe
|move|p2a: Arboliva|Strength Sap|p1a: Iron Valiant
|-unboost|p1a: Iron Valiant|atk|1
|-heal|p2a: Arboliva|100/100
|
|upkeep
|turn|18
|
|t:|1760734244
|switch|p2a: Clodsire|Clodsire, F|100/100
|move|p1a: Iron Valiant|Calm Mind|p1a: Iron Valiant
|-boost|p1a: Iron Valiant|spa|1
|-boost|p1a: Iron Valiant|spd|1
|
|upkeep
|turn|19
|
|t:|1760734247
|move|p1a: Iron Valiant|Psychic|p2a: Clodsire
|-supereffective|p2a: Clodsire
|-damage|p2a: Clodsire|69/100
|-unboost|p2a: Clodsire|spd|1
|move|p2a: Clodsire|Toxic|p1a: Iron Valiant
|-status|p1a: Iron Valiant|tox
|
|-heal|p2a: Clodsire|76/100|[from] Grassy Terrain
|-heal|p2a: Clodsire|82/100|[from] item: Leftovers
|-damage|p1a: Iron Valiant|94/100 tox|[from] psn
|upkeep
|turn|20
|
|t:|1760734252
|switch|p2a: Slowking|Slowking-Galar, F|100/100
|move|p1a: Iron Valiant|Psychic|p2a: Slowking
|-damage|p2a: Slowking|81/100
|-unboost|p2a: Slowking|spd|1
|
|-heal|p1a: Iron Valiant|100/100 tox|[from] Grassy Terrain
|-heal|p2a: Slowking|87/100|[from] Grassy Terrain
|-damage|p1a: Iron Valiant|88/100 tox|[from] psn
|-fieldend|move: Grassy Terrain
|upkeep
|turn|21
|
|t:|1760734260
|switch|p2a: Clodsire|Clodsire, F|82/100
|move|p1a: Iron Valiant|Calm Mind|p1a: Iron Valiant
|-boost|p1a: Iron Valiant|spa|1
|-boost|p1a: Iron Valiant|spd|1
|
|-heal|p2a: Clodsire|88/100|[from] item: Leftovers
|-damage|p1a: Iron Valiant|69/100 tox|[from] psn
|upkeep
|turn|22
|
|t:|1760734266
|move|p1a: Iron Valiant|Psychic|p2a: Clodsire
|-supereffective|p2a: Clodsire
|-damage|p2a: Clodsire|58/100
|move|p2a: Clodsire|Spikes|p1a: Iron Valiant
|-sidestart|p1: SweetPoison12|Spikes
|
|-heal|p2a: Clodsire|65/100|[from] item: Leftovers
|-damage|p1a: Iron Valiant|44/100 tox|[from] psn
|upkeep
|turn|23
|
|t:|1760734270
|move|p1a: Iron Valiant|Psychic|p2a: Clodsire
|-supereffective|p2a: Clodsire
|-damage|p2a: Clodsire|30/100
|move|p2a: Clodsire|Recover|p2a: Clodsire
|-heal|p2a: Clodsire|80/100
|
|-heal|p2a: Clodsire|86/100|[from] item: Leftovers
|-damage|p1a: Iron Valiant|13/100 tox|[from] psn
|upkeep
|turn|24
|
|t:|1760734273
|move|p1a: Iron Valiant|Psychic|p2a: Clodsire
|-supereffective|p2a: Clodsire
|-damage|p2a: Clodsire|53/100
|move|p2a: Clodsire|Recover|p2a: Clodsire
|-heal|p2a: Clodsire|100/100
|
|-damage|p1a: Iron Valiant|0 fnt|[from] psn
|faint|p1a: Iron Valiant
|-end|p1a: Iron Valiant|Quark Drive|[silent]
|upkeep
|-message|BugFailure forfeited.
|
|win|SweetPoison12
|raw|SweetPoison12's rating: 1171 &rarr; <strong>1198</strong><br />(+27 for winning)
|raw|BugFailure's rating: 1193 &rarr; <strong>1166</strong><br />(-27 for losing)
|l|☆BugFailure
|player|p2|
|l|☆SweetPoison12
|player|p1|
