|j|☆NebulaTrainer
|j|‽Uchiwahero
|t:|1760832438
|gametype|singles
|player|p1|NebulaTrainer|cynthia-gen4|1609
|player|p2|Uchiwahero|paxton|1600
|gen|9
|tier|[Gen 9] OU
|rated|
|rule|HP Percentage Mod: HP is shown in percentages
|rule|Endless Battle Clause: Forcing endless battles is banned
|rule|Species Clause: Limit one of each Pokémon
|rule|OHKO Clause: OHKO moves are banned
|rule|Evasion Items Clause: Evasion items are banned
|rule|Evasion Moves Clause: Evasion moves are banned
|rule|Evasion Abilities Clause: Evasion abilities are banned
|rule|Sleep Moves Clause: Sleep-inducing moves are banned
|clearpoke
|poke|p1|Hippowdon, M|
|poke|p1|Excadrill, M|
|poke|p1|Hydrapple, F|
|poke|p1|Tornadus-Therian, M|
|poke|p1|Heatran, M|
|poke|p1|Keldeo-Resolute|
|poke|p2|Ninetales-Alola, M|
|poke|p2|Garchomp, M|
|poke|p2|Dragonite, M|
|poke|p2|Gholdengo|
|poke|p2|Darkrai|
|poke|p2|Zamazenta-*|
|teampreview
|inactive|Battle timer is ON: inactive players will automatically lose when time's up. (requested by Uchiwahero)
|
|t:|1760832455
|teamsize|p1|6
|teamsize|p2|6
|start
|switch|p1a: Heatran|Heatran, M, shiny|100/100
|switch|p2a: Garchomp|Garchomp, M|100/100
|turn|1
|
|t:|1760832462
|switch|p1a: Keldeo|Keldeo-Resolute|100/100
|move|p2a: Garchomp|Stealth Rock|p1a: Keldeo
|-sidestart|p1: NebulaTrainer|move: Stealth Rock
|
|upkeep
|turn|2
|
|t:|1760832482
|move|p1a: Keldeo|Hydro Pump|p2a: Garchomp
|-damage|p2a: Garchomp|28/100
|move|p2a: Garchomp|Spikes|p1a: Keldeo
|-sidestart|p1: NebulaTrainer|Spikes
|
|upkeep
|turn|3
|
|t:|1760832488
|move|p1a: Keldeo|Hydro Pump|p2a: Garchomp
|-damage|p2a: Garchomp|0 fnt
|faint|p2a: Garchomp
|
|upkeep
|
|t:|1760832490
|switch|p2a: Ninetales|Ninetales-Alola, M|100/100
|-weather|Snowscape|[from] ability: Snow Warning|[of] p2a: Ninetales
|turn|4
|
|t:|1760832497
|switch|p1a: Hippowdon|Hippowdon, M, shiny|100/100
|-damage|p1a: Hippowdon|94/100|[from] Stealth Rock
|-damage|p1a: Hippowdon|82/100|[from] Spikes
|-weather|Sandstorm|[from] ability: Sand Stream|[of] p1a: Hippowdon
|move|p2a: Ninetales|Aurora Veil||[still]
|-fail|p2a: Ninetales
|
|-weather|Sandstorm|[upkeep]
|-damage|p2a: Ninetales|94/100|[from] Sandstorm
|upkeep
|turn|5
|
|t:|1760832511
|switch|p1a: Excadrill|Excadrill, M, shiny|100/100
|-damage|p1a: Excadrill|97/100|[from] Stealth Rock
|-damage|p1a: Excadrill|85/100|[from] Spikes
|move|p2a: Ninetales|Snowscape|p2a: Ninetales
|-weather|Snowscape
|
|-weather|Snowscape|[upkeep]
|-heal|p1a: Excadrill|91/100|[from] item: Leftovers
|upkeep
|turn|6
|
|t:|1760832520
|switch|p2a: Gholdengo|Gholdengo|100/100
|-item|p2a: Gholdengo|Air Balloon
|move|p1a: Excadrill|Rapid Spin|p2a: Gholdengo
|-immune|p2a: Gholdengo
|
|-weather|Snowscape|[upkeep]
|-heal|p1a: Excadrill|97/100|[from] item: Leftovers
|upkeep
|turn|7
|
|t:|1760832533
|switch|p1a: Heatran|Heatran, M, shiny|100/100
|-damage|p1a: Heatran|88/100|[from] Stealth Rock
|-damage|p1a: Heatran|76/100|[from] Spikes
|move|p2a: Gholdengo|Shadow Ball|p1a: Heatran
|-damage|p1a: Heatran|46/100
|
|-weather|Snowscape|[upkeep]
|-heal|p1a: Heatran|52/100|[from] item: Leftovers
|upkeep
|turn|8
|
|t:|1760832543
|switch|p2a: Darkrai|Darkrai|100/100
|move|p1a: Heatran|Magma Storm|p2a: Darkrai
|-damage|p2a: Darkrai|48/100
|-activate|p2a: Darkrai|move: Magma Storm|[of] p1a: Heatran
|
|-weather|Snowscape|[upkeep]
|-heal|p2a: Darkrai|54/100|[from] item: Leftovers
|-heal|p1a: Heatran|59/100|[from] item: Leftovers
|-damage|p2a: Darkrai|42/100|[from] move: Magma Storm|[partiallytrapped]
|upkeep
|turn|9
|
|t:|1760832553
|move|p1a: Heatran|Protect|p1a: Heatran
|-singleturn|p1a: Heatran|Protect
|move|p2a: Darkrai|Dark Pulse|p1a: Heatran
|-activate|p1a: Heatran|move: Protect
|
|-weather|none
|-heal|p2a: Darkrai|48/100|[from] item: Leftovers
|-heal|p1a: Heatran|65/100|[from] item: Leftovers
|-damage|p2a: Darkrai|35/100|[from] move: Magma Storm|[partiallytrapped]
|upkeep
|turn|10
|
|t:|1760832563
|move|p2a: Darkrai|Dark Pulse|p1a: Heatran
|-damage|p1a: Heatran|40/100
|move|p1a: Heatran|Magma Storm|p2a: Darkrai
|-crit|p2a: Darkrai
|-damage|p2a: Darkrai|0 fnt
|faint|p2a: Darkrai
|
|-heal|p1a: Heatran|47/100|[from] item: Leftovers
|upkeep
|
|t:|1760832572
|switch|p2a: Ninetales|Ninetales-Alola, M|94/100
|-weather|Snowscape|[from] ability: Snow Warning|[of] p2a: Ninetales
|turn|11
|
|t:|1760832580
|move|p2a: Ninetales|Aurora Veil|p2a: Ninetales
|-sidestart|p2: Uchiwahero|move: Aurora Veil
|move|p1a: Heatran|Magma Storm|p2a: Ninetales|[miss]
|-miss|p1a: Heatran|p2a: Ninetales
|
|-weather|Snowscape|[upkeep]
|-heal|p1a: Heatran|53/100|[from] item: Leftovers
|upkeep
|turn|12
|
|t:|1760832591
|switch|p2a: Zamazenta|Zamazenta|100/100
|-ability|p2a: Zamazenta|Dauntless Shield|boost
|-boost|p2a: Zamazenta|def|1
|move|p1a: Heatran|Magma Storm|p2a: Zamazenta
|-damage|p2a: Zamazenta|85/100
|-activate|p2a: Zamazenta|move: Magma Storm|[of] p1a: Heatran
|
|-weather|Snowscape|[upkeep]
|-heal|p2a: Zamazenta|91/100|[from] item: Leftovers
|-heal|p1a: Heatran|59/100|[from] item: Leftovers
|-damage|p2a: Zamazenta|78/100|[from] move: Magma Storm|[partiallytrapped]
|upkeep
|turn|13
|
|t:|1760832605
|switch|p1a: Hippowdon|Hippowdon, M, shiny|82/100
|-damage|p1a: Hippowdon|76/100|[from] Stealth Rock
|-damage|p1a: Hippowdon|63/100|[from] Spikes
|-weather|Sandstorm|[from] ability: Sand Stream|[of] p1a: Hippowdon
|move|p2a: Zamazenta|Iron Defense|p2a: Zamazenta
|-boost|p2a: Zamazenta|def|2
|
|-weather|Sandstorm|[upkeep]
|-damage|p2a: Zamazenta|72/100|[from] Sandstorm
|-heal|p2a: Zamazenta|78/100|[from] item: Leftovers
|-end|p2a: Zamazenta|Magma Storm|[partiallytrapped]|[silent]
|upkeep
|turn|14
|
|t:|1760832618
|move|p2a: Zamazenta|Body Press|p1a: Hippowdon
|-damage|p1a: Hippowdon|20/100
|move|p1a: Hippowdon|Whirlwind|p2a: Zamazenta
|drag|p2a: Dragonite|Dragonite, M|100/100
|
|-weather|Sandstorm|[upkeep]
|-damage|p2a: Dragonite|94/100|[from] Sandstorm
|upkeep
|turn|15
|
|t:|1760832628
|move|p2a: Dragonite|Ice Spinner|p1a: Hippowdon
|-supereffective|p1a: Hippowdon
|-damage|p1a: Hippowdon|0 fnt
|faint|p1a: Hippowdon
|
|-weather|Sandstorm|[upkeep]
|-damage|p2a: Dragonite|88/100|[from] Sandstorm
|upkeep
|
|t:|1760832635
|switch|p1a: Keldeo|Keldeo-Resolute|100/100
|-damage|p1a: Keldeo|94/100|[from] Stealth Rock
|-damage|p1a: Keldeo|82/100|[from] Spikes
|turn|16
|
|t:|1760832641
|switch|p2a: Ninetales|Ninetales-Alola, M|94/100
|-weather|Snowscape|[from] ability: Snow Warning|[of] p2a: Ninetales
|move|p1a: Keldeo|Icy Wind|p2a: Ninetales
|-resisted|p2a: Ninetales
|-damage|p2a: Ninetales|87/100
|-unboost|p2a: Ninetales|spe|1
|
|-weather|Snowscape|[upkeep]
|upkeep
|turn|17
|
|t:|1760832657
|switch|p1a: Heatran|Heatran, M, shiny|59/100
|-damage|p1a: Heatran|47/100|[from] Stealth Rock
|-damage|p1a: Heatran|34/100|[from] Spikes
|move|p2a: Ninetales|Freeze-Dry|p1a: Heatran
|-resisted|p1a: Heatran
|-damage|p1a: Heatran|31/100
|
|-weather|Snowscape|[upkeep]
|-heal|p1a: Heatran|37/100|[from] item: Leftovers
|upkeep
|turn|18
|
|t:|1760832670
|switch|p2a: Zamazenta|Zamazenta|78/100
|move|p1a: Heatran|Magma Storm|p2a: Zamazenta
|-damage|p2a: Zamazenta|63/100
|-activate|p2a: Zamazenta|move: Magma Storm|[of] p1a: Heatran
|
|-weather|Snowscape|[upkeep]
|-heal|p2a: Zamazenta|69/100|[from] item: Leftovers
|-heal|p1a: Heatran|44/100|[from] item: Leftovers
|-damage|p2a: Zamazenta|57/100|[from] move: Magma Storm|[partiallytrapped]
|-sideend|p2: Uchiwahero|move: Aurora Veil
|upkeep
|turn|19
|
|t:|1760832680
|move|p2a: Zamazenta|Iron Defense|p2a: Zamazenta
|-boost|p2a: Zamazenta|def|2
|move|p1a: Heatran|Magma Storm|p2a: Zamazenta|[miss]
|-miss|p1a: Heatran|p2a: Zamazenta
|
|-weather|Snowscape|[upkeep]
|-heal|p2a: Zamazenta|63/100|[from] item: Leftovers
|-heal|p1a: Heatran|50/100|[from] item: Leftovers
|-damage|p2a: Zamazenta|50/100|[from] move: Magma Storm|[partiallytrapped]
|upkeep
|turn|20
|
|t:|1760832691
|switch|p1a: Tornadus|Tornadus-Therian, M, shiny|100/100
|-damage|p1a: Tornadus|76/100|[from] Stealth Rock
|move|p2a: Zamazenta|Body Press|p1a: Tornadus
|-resisted|p1a: Tornadus
|-damage|p1a: Tornadus|40/100
|
|-weather|none
|-heal|p2a: Zamazenta|57/100|[from] item: Leftovers
|-end|p2a: Zamazenta|Magma Storm|[partiallytrapped]|[silent]
|upkeep
|turn|21
|
|t:|1760832705
|-terastallize|p2a: Zamazenta|Fire
|move|p2a: Zamazenta|Body Press|p1a: Tornadus
|-resisted|p1a: Tornadus
|-damage|p1a: Tornadus|4/100
|move|p1a: Tornadus|Hurricane|p2a: Zamazenta
|-damage|p2a: Zamazenta|27/100
|
|-heal|p2a: Zamazenta|33/100|[from] item: Leftovers
|upkeep
|turn|22
|
|t:|1760832719
|move|p2a: Zamazenta|Body Press|p1a: Tornadus
|-resisted|p1a: Tornadus
|-damage|p1a: Tornadus|0 fnt
|faint|p1a: Tornadus
|
|-heal|p2a: Zamazenta|39/100|[from] item: Leftovers
|upkeep
|
|t:|1760832727
|switch|p1a: Hydrapple|Hydrapple, F|100/100
|turn|23
|
|t:|1760832731
|move|p2a: Zamazenta|Body Press|p1a: Hydrapple
|-damage|p1a: Hydrapple|52/100
|move|p1a: Hydrapple|Fickle Beam|p2a: Zamazenta
|-damage|p2a: Zamazenta|4/100
|
|-heal|p2a: Zamazenta|10/100|[from] item: Leftovers
|upkeep
|turn|24
|
|t:|1760832740
|move|p2a: Zamazenta|Body Press|p1a: Hydrapple
|-damage|p1a: Hydrapple|0 fnt
|faint|p1a: Hydrapple
|
|-heal|p2a: Zamazenta|16/100|[from] item: Leftovers
|upkeep
|
|t:|1760832747
|switch|p1a: Keldeo|Keldeo-Resolute|82/100
|-damage|p1a: Keldeo|76/100|[from] Stealth Rock
|-damage|p1a: Keldeo|63/100|[from] Spikes
|turn|25
|
|t:|1760832753
|move|p2a: Zamazenta|Body Press|p1a: Keldeo
|-damage|p1a: Keldeo|0 fnt
|faint|p1a: Keldeo
|
|-heal|p2a: Zamazenta|22/100|[from] item: Leftovers
|upkeep
|
|t:|1760832761
|switch|p1a: Heatran|Heatran, M, shiny|50/100
|-damage|p1a: Heatran|37/100|[from] Stealth Rock
|-damage|p1a: Heatran|25/100|[from] Spikes
|turn|26
|j| Little Cuack28
|inactive|NebulaTrainer has 120 seconds left.
|inactive|NebulaTrainer has 90 seconds left.
|inactive|NebulaTrainer has 60 seconds left.
|inactive|NebulaTrainer has 30 seconds left.
|inactive|NebulaTrainer has 20 seconds left.
|inactive|NebulaTrainer has 15 seconds left.
|inactive|NebulaTrainer has 10 seconds left.
|inactive|NebulaTrainer has 5 seconds left.
|-message|NebulaTrainer lost due to inactivity.
|
|win|Uchiwahero
|raw|NebulaTrainer's rating: 1609 &rarr; <strong>1588</strong><br />(-21 for losing)
|raw|Uchiwahero's rating: 1600 &rarr; <strong>1621</strong><br />(+21 for winning)
|l| Little Cuack28
|l|‽Uchiwahero
|player|p2|
|l|☆NebulaTrainer
|player|p1|
