|j|☆fraud101
|j|☆Savgok
|t:|1760819177
|gametype|singles
|player|p1|fraud101|170|1061
|player|p2|Savgok|n|1066
|gen|9
|tier|[Gen 9] OU
|rated|
|rule|HP Percentage Mod: HP is shown in percentages
|rule|Endless Battle Clause: Forcing endless battles is banned
|rule|Species Clause: Limit one of each Pokémon
|rule|OHKO Clause: OHKO moves are banned
|rule|Evasion Items Clause: Evasion items are banned
|rule|Evasion Moves Clause: Evasion moves are banned
|rule|Evasion Abilities Clause: Evasion abilities are banned
|rule|Sleep Moves Clause: Sleep-inducing moves are banned
|clearpoke
|poke|p1|Lucario, M|
|poke|p1|Dragapult, F|
|poke|p1|Iron Valiant|
|poke|p1|Ting-Lu|
|poke|p1|Corviknight, M|
|poke|p1|Kingambit, M|
|poke|p2|Tyranitar, M|
|poke|p2|Ceruledge, F|
|poke|p2|Metagross|
|poke|p2|Appletun, F|
|poke|p2|Mimikyu, M|
|poke|p2|Primarina, F|
|teampreview
|
|t:|1760819203
|teamsize|p1|6
|teamsize|p2|6
|start
|switch|p1a: Lucario|Lucario, M|100/100
|switch|p2a: Grokaillou|Metagross, shiny|100/100
|turn|1
|
|t:|1760819213
|move|p1a: Lucario|Calm Mind|p1a: Lucario
|-boost|p1a: Lucario|spa|1
|-boost|p1a: Lucario|spd|1
|move|p2a: Grokaillou|Psychic Fangs|p1a: Lucario
|-damage|p1a: Lucario|0 fnt
|faint|p1a: Lucario
|
|upkeep
|
|t:|1760819224
|switch|p1a: Dragapult|Dragapult, F|100/100
|turn|2
|
|t:|1760819236
|switch|p2a: Maskeyyy|Mimikyu, M, shiny|100/100
|move|p1a: Dragapult|Phantom Force||[still]
|-prepare|p1a: Dragapult|Phantom Force
|-enditem|p1a: Dragapult|Power Herb
|-anim|p1a: Dragapult|Phantom Force|p2a: Maskeyyy
|-activate|p2a: Maskeyyy|ability: Disguise
|-damage|p2a: Maskeyyy|100/100
|detailschange|p2a: Maskeyyy|Mimikyu-Busted, M, shiny
|-damage|p2a: Maskeyyy|88/100|[from] pokemon: Mimikyu-Busted
|-enditem|p2a: Maskeyyy|Red Card|[of] p1a: Dragapult
|drag|p1a: Ting-Lu|Ting-Lu|100/100
|-ability|p1a: Ting-Lu|Vessel of Ruin
|
|upkeep
|turn|3
|
|t:|1760819258
|move|p2a: Maskeyyy|Swords Dance|p2a: Maskeyyy
|-boost|p2a: Maskeyyy|atk|2
|move|p1a: Ting-Lu|Ruination|p2a: Maskeyyy|[miss]
|-miss|p1a: Ting-Lu|p2a: Maskeyyy
|
|upkeep
|turn|4
|
|t:|1760819269
|move|p2a: Maskeyyy|Play Rough|p1a: Ting-Lu
|-supereffective|p1a: Ting-Lu
|-damage|p1a: Ting-Lu|6/100
|-unboost|p1a: Ting-Lu|atk|1
|move|p1a: Ting-Lu|Taunt|p2a: Maskeyyy
|-start|p2a: Maskeyyy|move: Taunt
|
|-heal|p1a: Ting-Lu|12/100|[from] item: Leftovers
|upkeep
|turn|5
|
|t:|1760819280
|move|p2a: Maskeyyy|Shadow Sneak|p1a: Ting-Lu
|-resisted|p1a: Ting-Lu
|-damage|p1a: Ting-Lu|2/100
|move|p1a: Ting-Lu|Ruination|p2a: Maskeyyy
|-damage|p2a: Maskeyyy|44/100
|
|-heal|p1a: Ting-Lu|8/100|[from] item: Leftovers
|upkeep
|turn|6
|
|t:|1760819291
|move|p2a: Maskeyyy|Shadow Sneak|p1a: Ting-Lu
|-resisted|p1a: Ting-Lu
|-damage|p1a: Ting-Lu|0 fnt
|faint|p1a: Ting-Lu
|
|upkeep
|
|t:|1760819297
|switch|p1a: Dragapult|Dragapult, F|100/100
|turn|7
|
|t:|1760819304
|move|p2a: Maskeyyy|Shadow Sneak|p1a: Dragapult
|-supereffective|p1a: Dragapult
|-damage|p1a: Dragapult|8/100
|move|p1a: Dragapult|Phantom Force||[still]
|-prepare|p1a: Dragapult|Phantom Force
|
|-end|p2a: Maskeyyy|move: Taunt
|upkeep
|turn|8
|
|t:|1760819311
|move|p2a: Maskeyyy|Shadow Sneak|p1a: Dragapult|[miss]
|-miss|p2a: Maskeyyy|p1a: Dragapult
|move|p1a: Dragapult|Phantom Force|p2a: Maskeyyy|[from] lockedmove
|-supereffective|p2a: Maskeyyy
|-damage|p2a: Maskeyyy|0 fnt
|faint|p2a: Maskeyyy
|
|upkeep
|
|t:|1760819320
|switch|p2a: Grokaillou|Metagross, shiny|100/100
|turn|9
|
|t:|1760819324
|move|p2a: Grokaillou|Bullet Punch|p1a: Dragapult
|-damage|p1a: Dragapult|0 fnt
|faint|p1a: Dragapult
|
|upkeep
|
|t:|1760819331
|switch|p1a: Iron Valiant|Iron Valiant|100/100
|-enditem|p1a: Iron Valiant|Booster Energy
|-activate|p1a: Iron Valiant|ability: Quark Drive|[fromitem]
|-start|p1a: Iron Valiant|quarkdrivespe
|turn|10
|
|t:|1760819343
|switch|p2a: Tartopaume|Appletun, F, shiny|100/100
|-terastallize|p1a: Iron Valiant|Ghost
|move|p1a: Iron Valiant|Knock Off|p2a: Tartopaume
|-damage|p2a: Tartopaume|81/100
|-enditem|p2a: Tartopaume|Aguav Berry|[from] move: Knock Off|[of] p1a: Iron Valiant
|
|upkeep
|turn|11
|
|t:|1760819357
|move|p1a: Iron Valiant|Moonblast|p2a: Tartopaume
|-supereffective|p2a: Tartopaume
|-damage|p2a: Tartopaume|0 fnt
|faint|p2a: Tartopaume
|
|upkeep
|
|t:|1760819364
|switch|p2a: Principessa|Primarina, F|100/100
|turn|12
|
|t:|1760819373
|move|p1a: Iron Valiant|Moonblast|p2a: Principessa
|-damage|p2a: Principessa|61/100
|-unboost|p2a: Principessa|spa|1
|move|p2a: Principessa|Calm Mind|p2a: Principessa
|-boost|p2a: Principessa|spa|1
|-boost|p2a: Principessa|spd|1
|
|-heal|p2a: Principessa|67/100|[from] item: Leftovers
|upkeep
|turn|13
|
|t:|1760819384
|move|p1a: Iron Valiant|Moonblast|p2a: Principessa
|-damage|p2a: Principessa|41/100
|-unboost|p2a: Principessa|spa|1
|move|p2a: Principessa|Moonblast|p1a: Iron Valiant
|-damage|p1a: Iron Valiant|34/100
|-unboost|p1a: Iron Valiant|spa|1
|
|-heal|p2a: Principessa|47/100|[from] item: Leftovers
|upkeep
|turn|14
|
|t:|1760819404
|move|p1a: Iron Valiant|Moonblast|p2a: Principessa
|-damage|p2a: Principessa|32/100
|move|p2a: Principessa|Moonblast|p1a: Iron Valiant
|-damage|p1a: Iron Valiant|0 fnt
|faint|p1a: Iron Valiant
|-end|p1a: Iron Valiant|Quark Drive|[silent]
|
|-heal|p2a: Principessa|38/100|[from] item: Leftovers
|upkeep
|
|t:|1760819413
|switch|p1a: Corviknight|Corviknight, M|100/100
|-ability|p1a: Corviknight|Pressure
|turn|15
|
|t:|1760819422
|move|p1a: Corviknight|Iron Defense|p1a: Corviknight
|-boost|p1a: Corviknight|def|2
|move|p2a: Principessa|Surf|p1a: Corviknight
|-damage|p1a: Corviknight|68/100
|
|-heal|p2a: Principessa|44/100|[from] item: Leftovers
|upkeep
|turn|16
|
|t:|1760819429
|move|p1a: Corviknight|Body Press|p2a: Principessa
|-resisted|p2a: Principessa
|-damage|p2a: Principessa|17/100
|move|p2a: Principessa|Surf|p1a: Corviknight
|-damage|p1a: Corviknight|38/100
|
|-heal|p2a: Principessa|23/100|[from] item: Leftovers
|upkeep
|turn|17
|
|t:|1760819437
|move|p1a: Corviknight|Body Press|p2a: Principessa
|-resisted|p2a: Principessa
|-damage|p2a: Principessa|0 fnt
|faint|p2a: Principessa
|
|upkeep
|
|t:|1760819441
|switch|p2a: Omi|Tyranitar, M, shiny|100/100
|-weather|Sandstorm|[from] ability: Sand Stream|[of] p2a: Omi
|turn|18
|
|t:|1760819445
|-terastallize|p2a: Omi|Flying
|move|p2a: Omi|Dragon Dance|p2a: Omi
|-boost|p2a: Omi|atk|1
|-boost|p2a: Omi|spe|1
|move|p1a: Corviknight|Roost|p1a: Corviknight
|-heal|p1a: Corviknight|88/100
|-singleturn|p1a: Corviknight|move: Roost
|
|-weather|Sandstorm|[upkeep]
|-damage|p2a: Omi|94/100|[from] Sandstorm
|upkeep
|turn|19
|
|t:|1760819454
|move|p2a: Omi|Stone Edge|p1a: Corviknight
|-crit|p1a: Corviknight
|-damage|p1a: Corviknight|0 fnt
|faint|p1a: Corviknight
|
|-weather|Sandstorm|[upkeep]
|-damage|p2a: Omi|88/100|[from] Sandstorm
|upkeep
|
|t:|1760819460
|switch|p1a: Kingambit|Kingambit, M|100/100
|-activate|p1a: Kingambit|ability: Supreme Overlord
|-start|p1a: Kingambit|fallen5|[silent]
|turn|20
|
|t:|1760819465
|move|p1a: Kingambit|Sucker Punch|p2a: Omi
|-crit|p2a: Omi
|-damage|p2a: Omi|0 fnt
|faint|p2a: Omi
|-damage|p1a: Kingambit|91/100|[from] item: Life Orb
|
|-weather|Sandstorm|[upkeep]
|upkeep
|
|t:|1760819469
|switch|p2a: Grokaillou|Metagross, shiny|100/100
|turn|21
|
|t:|1760819475
|move|p2a: Grokaillou|Bullet Punch|p1a: Kingambit
|-resisted|p1a: Kingambit
|-damage|p1a: Kingambit|79/100
|move|p1a: Kingambit|Sucker Punch||[still]
|-fail|p1a: Kingambit
|
|-weather|Sandstorm|[upkeep]
|upkeep
|turn|22
|
|t:|1760819485
|move|p2a: Grokaillou|Bullet Punch|p1a: Kingambit
|-resisted|p1a: Kingambit
|-damage|p1a: Kingambit|67/100
|move|p1a: Kingambit|Kowtow Cleave|p2a: Grokaillou
|-supereffective|p2a: Grokaillou
|-damage|p2a: Grokaillou|0 fnt
|faint|p2a: Grokaillou
|-damage|p1a: Kingambit|57/100|[from] item: Life Orb
|
|-weather|none
|upkeep
|
|t:|1760819493
|switch|p2a: Yme|Ceruledge, F, shiny|100/100
|turn|23
|
|t:|1760819496
|move|p1a: Kingambit|Sucker Punch|p2a: Yme
|-supereffective|p2a: Yme
|-enditem|p2a: Yme|Focus Sash
|-damage|p2a: Yme|1/100
|-ability|p2a: Yme|Weak Armor|boost
|-unboost|p2a: Yme|def|1
|-boost|p2a: Yme|spe|2
|-damage|p1a: Kingambit|47/100|[from] item: Life Orb
|move|p2a: Yme|Bitter Blade|p1a: Kingambit
|-supereffective|p1a: Kingambit
|-damage|p1a: Kingambit|0 fnt
|-heal|p2a: Yme|33/100|[from] drain|[of] p1a: Kingambit
|faint|p1a: Kingambit
|-end|p1a: Kingambit|fallen5|[silent]
|
|win|Savgok
|raw|fraud101's rating: 1061 &rarr; <strong>1042</strong><br />(-19 for losing)
|raw|Savgok's rating: 1066 &rarr; <strong>1096</strong><br />(+30 for winning)
|l|☆Savgok
|player|p2|
|l|☆fraud101
|player|p1|
