|j|☆luciuslemon
|j|☆alexis77350
|t:|1760804032
|gametype|singles
|player|p1|luciuslemon|acetrainer-gen4dp|1167
|player|p2|alexis77350|265|1170
|gen|9
|tier|[Gen 9] OU
|rated|
|rule|HP Percentage Mod: HP is shown in percentages
|rule|Endless Battle Clause: Forcing endless battles is banned
|rule|Species Clause: Limit one of each Pokémon
|rule|OHKO Clause: OHKO moves are banned
|rule|Evasion Items Clause: Evasion items are banned
|rule|Evasion Moves Clause: Evasion moves are banned
|rule|Evasion Abilities Clause: Evasion abilities are banned
|rule|Sleep Moves Clause: Sleep-inducing moves are banned
|clearpoke
|poke|p1|Hatterene, F|
|poke|p1|Garganacl, M|
|poke|p1|Slowking-Galar, M|
|poke|p1|Hoopa-Unbound|
|poke|p1|Clefable, F|
|poke|p1|Typhlosion-Hisui, F|
|poke|p2|Ribombee, M|
|poke|p2|Cinderace, M|
|poke|p2|Serperior, M|
|poke|p2|Kingambit, F|
|poke|p2|Servine, F|
|poke|p2|Empoleon, M|
|teampreview
|
|t:|1760804050
|teamsize|p1|6
|teamsize|p2|6
|start
|switch|p1a: Typhlosion|Typhlosion-Hisui, F|100/100
|switch|p2a: Ribombee|Ribombee, M|100/100
|turn|1
|
|t:|1760804054
|move|p1a: Typhlosion|Eruption|p2a: Ribombee
|-supereffective|p2a: Ribombee
|-enditem|p2a: Ribombee|Focus Sash
|-damage|p2a: Ribombee|1/100
|move|p2a: Ribombee|Sticky Web|p1a: Typhlosion
|-sidestart|p1: luciuslemon|move: Sticky Web
|
|upkeep
|turn|2
|
|t:|1760804061
|move|p1a: Typhlosion|Eruption|p2a: Ribombee
|-supereffective|p2a: Ribombee
|-damage|p2a: Ribombee|0 fnt
|faint|p2a: Ribombee
|
|upkeep
|
|t:|1760804065
|switch|p2a: Cinderace|Cinderace, M|100/100
|turn|3
|
|t:|1760804070
|switch|p1a: Garganacl|Garganacl, M|100/100
|-activate|p1a: Garganacl|move: Sticky Web
|-unboost|p1a: Garganacl|spe|1
|move|p2a: Cinderace|Court Change|p2a: Cinderace
|-swapsideconditions
|-activate|p2a: Cinderace|move: Court Change
|
|upkeep
|turn|4
|
|t:|1760804089
|move|p2a: Cinderace|U-turn|p1a: Garganacl
|-damage|p1a: Garganacl|90/100
|
|t:|1760804091
|switch|p2a: Servine|Servine, F|100/100|[from] U-turn
|-activate|p2a: Servine|move: Sticky Web
|-boost|p2a: Servine|spe|1
|move|p1a: Garganacl|Salt Cure|p2a: Servine
|-damage|p2a: Servine|87/100
|-start|p2a: Servine|Salt Cure
|
|-heal|p1a: Garganacl|96/100|[from] item: Leftovers
|-damage|p2a: Servine|75/100|[from] Salt Cure
|upkeep
|turn|5
|
|t:|1760804101
|move|p1a: Garganacl|Protect|p1a: Garganacl
|-singleturn|p1a: Garganacl|Protect
|move|p2a: Servine|Leaf Storm|p1a: Garganacl
|-activate|p1a: Garganacl|move: Protect
|
|-heal|p1a: Garganacl|100/100|[from] item: Leftovers
|-damage|p2a: Servine|63/100|[from] Salt Cure
|upkeep
|turn|6
|
|t:|1760804108
|switch|p1a: Slowking|Slowking-Galar, M|100/100
|move|p2a: Servine|Leaf Storm|p1a: Slowking
|-resisted|p1a: Slowking
|-crit|p1a: Slowking
|-damage|p1a: Slowking|88/100
|-boost|p2a: Servine|spa|2
|
|-heal|p1a: Slowking|94/100|[from] item: Leftovers
|-damage|p2a: Servine|50/100|[from] Salt Cure
|upkeep
|turn|7
|
|t:|1760804114
|switch|p2a: Empoleon|Empoleon, M|100/100
|-activate|p2a: Empoleon|move: Sticky Web
|-unboost|p2a: Empoleon|spe|1
|-ability|p2a: Empoleon|Competitive|boost
|-boost|p2a: Empoleon|spa|2
|move|p1a: Slowking|Sludge Bomb|p2a: Empoleon
|-immune|p2a: Empoleon
|
|-heal|p1a: Slowking|99/100|[from] item: Leftovers
|upkeep
|turn|8
|
|t:|1760804120
|move|p2a: Empoleon|Surf|p1a: Slowking
|-damage|p1a: Slowking|51/100
|move|p1a: Slowking|Future Sight|p2a: Empoleon
|-start|p1a: Slowking|move: Future Sight
|
|-heal|p1a: Slowking|57/100|[from] item: Leftovers
|upkeep
|turn|9
|
|t:|1760804128
|move|p2a: Empoleon|Surf|p1a: Slowking
|-damage|p1a: Slowking|7/100
|-prepare|p1a: Slowking|Chilly Reception|[premajor]
|move|p1a: Slowking|Chilly Reception|p1a: Slowking
|-weather|Snowscape
|
|t:|1760804155
|switch|p1a: Hatterene|Hatterene, F|100/100|[from] Chilly Reception
|
|-weather|Snowscape|[upkeep]
|upkeep
|turn|10
|
|t:|1760804163
|move|p2a: Empoleon|Surf|p1a: Hatterene
|-damage|p1a: Hatterene|49/100
|move|p1a: Hatterene|Nuzzle|p2a: Empoleon
|-supereffective|p2a: Empoleon
|-damage|p2a: Empoleon|92/100
|-status|p2a: Empoleon|par
|
|-weather|Snowscape|[upkeep]
|-end|p2a: Empoleon|move: Future Sight
|-resisted|p2a: Empoleon
|-damage|p2a: Empoleon|72/100 par
|-heal|p2a: Empoleon|78/100 par|[from] item: Leftovers
|upkeep
|turn|11
|
|t:|1760804171
|move|p1a: Hatterene|Future Sight|p2a: Empoleon
|-start|p1a: Hatterene|move: Future Sight
|move|p2a: Empoleon|Surf|p1a: Hatterene
|-damage|p1a: Hatterene|0 fnt
|faint|p1a: Hatterene
|
|-weather|Snowscape|[upkeep]
|-heal|p2a: Empoleon|84/100 par|[from] item: Leftovers
|upkeep
|
|t:|1760804175
|switch|p1a: Garganacl|Garganacl, M|100/100
|turn|12
|
|t:|1760804203
|-terastallize|p1a: Garganacl|Flying
|move|p1a: Garganacl|Salt Cure|p2a: Empoleon
|-resisted|p2a: Empoleon
|-damage|p2a: Empoleon|77/100 par
|-start|p2a: Empoleon|Salt Cure
|move|p2a: Empoleon|Surf|p1a: Garganacl
|-damage|p1a: Garganacl|15/100
|
|-weather|Snowscape|[upkeep]
|-heal|p1a: Garganacl|21/100|[from] item: Leftovers
|-heal|p2a: Empoleon|83/100 par|[from] item: Leftovers
|-damage|p2a: Empoleon|58/100 par|[from] Salt Cure
|upkeep
|turn|13
|
|t:|1760804210
|move|p1a: Garganacl|Protect|p1a: Garganacl
|-singleturn|p1a: Garganacl|Protect
|cant|p2a: Empoleon|par
|
|-weather|none
|-end|p2a: Empoleon|move: Future Sight
|-resisted|p2a: Empoleon
|-damage|p2a: Empoleon|30/100 par
|-heal|p1a: Garganacl|27/100|[from] item: Leftovers
|-heal|p2a: Empoleon|36/100 par|[from] item: Leftovers
|-damage|p2a: Empoleon|11/100 par|[from] Salt Cure
|upkeep
|turn|14
|
|t:|1760804227
|switch|p1a: Clefable|Clefable, F|100/100
|move|p2a: Empoleon|Roost|p2a: Empoleon
|-heal|p2a: Empoleon|61/100 par
|-singleturn|p2a: Empoleon|move: Roost
|
|-heal|p2a: Empoleon|67/100 par|[from] item: Leftovers
|-damage|p2a: Empoleon|42/100 par|[from] Salt Cure
|upkeep
|turn|15
|
|t:|1760804234
|move|p1a: Clefable|Encore|p2a: Empoleon
|-start|p2a: Empoleon|Encore
|cant|p2a: Empoleon|par
|
|-heal|p2a: Empoleon|48/100 par|[from] item: Leftovers
|-damage|p2a: Empoleon|23/100 par|[from] Salt Cure
|upkeep
|turn|16
|
|t:|1760804238
|switch|p1a: Garganacl|Garganacl, M, tera:Flying|27/100
|move|p2a: Empoleon|Roost|p2a: Empoleon
|-heal|p2a: Empoleon|73/100 par
|-singleturn|p2a: Empoleon|move: Roost
|
|-heal|p1a: Garganacl|33/100|[from] item: Leftovers
|-heal|p2a: Empoleon|80/100 par|[from] item: Leftovers
|-damage|p2a: Empoleon|55/100 par|[from] Salt Cure
|upkeep
|turn|17
|
|t:|1760804242
|move|p1a: Garganacl|Recover|p1a: Garganacl
|-heal|p1a: Garganacl|83/100
|cant|p2a: Empoleon|par
|
|-heal|p1a: Garganacl|90/100|[from] item: Leftovers
|-heal|p2a: Empoleon|61/100 par|[from] item: Leftovers
|-damage|p2a: Empoleon|36/100 par|[from] Salt Cure
|-end|p2a: Empoleon|Encore
|upkeep
|turn|18
|
|t:|1760804248
|move|p1a: Garganacl|Substitute|p1a: Garganacl
|-start|p1a: Garganacl|Substitute
|-damage|p1a: Garganacl|65/100
|move|p2a: Empoleon|Surf|p1a: Garganacl
|-end|p1a: Garganacl|Substitute
|
|-heal|p1a: Garganacl|71/100|[from] item: Leftovers
|-heal|p2a: Empoleon|42/100 par|[from] item: Leftovers
|-damage|p2a: Empoleon|17/100 par|[from] Salt Cure
|upkeep
|turn|19
|
|t:|1760804260
|move|p1a: Garganacl|Salt Cure|p2a: Empoleon
|-resisted|p2a: Empoleon
|-damage|p2a: Empoleon|10/100 par
|move|p2a: Empoleon|Roost|p2a: Empoleon
|-heal|p2a: Empoleon|60/100 par
|-singleturn|p2a: Empoleon|move: Roost
|
|-heal|p1a: Garganacl|77/100|[from] item: Leftovers
|-heal|p2a: Empoleon|66/100 par|[from] item: Leftovers
|-damage|p2a: Empoleon|41/100 par|[from] Salt Cure
|upkeep
|turn|20
|
|t:|1760804267
|move|p1a: Garganacl|Protect|p1a: Garganacl
|-singleturn|p1a: Garganacl|Protect
|move|p2a: Empoleon|Roost|p2a: Empoleon
|-heal|p2a: Empoleon|91/100 par
|-singleturn|p2a: Empoleon|move: Roost
|
|-heal|p1a: Garganacl|83/100|[from] item: Leftovers
|-heal|p2a: Empoleon|97/100 par|[from] item: Leftovers
|-damage|p2a: Empoleon|72/100 par|[from] Salt Cure
|upkeep
|turn|21
|
|t:|1760804277
|switch|p2a: Cinderace|Cinderace, M|100/100
|move|p1a: Garganacl|Substitute|p1a: Garganacl
|-start|p1a: Garganacl|Substitute
|-damage|p1a: Garganacl|58/100
|
|-heal|p1a: Garganacl|64/100|[from] item: Leftovers
|upkeep
|turn|22
|
|t:|1760804282
|move|p2a: Cinderace|Pyro Ball|p1a: Garganacl
|-activate|p1a: Garganacl|move: Substitute|[damage]
|move|p1a: Garganacl|Salt Cure|p2a: Cinderace
|-supereffective|p2a: Cinderace
|-damage|p2a: Cinderace|66/100
|-start|p2a: Cinderace|Salt Cure
|
|-heal|p1a: Garganacl|71/100|[from] item: Leftovers
|-damage|p2a: Cinderace|54/100|[from] Salt Cure
|upkeep
|turn|23
|
|t:|1760804288
|move|p1a: Garganacl|Protect|p1a: Garganacl
|-singleturn|p1a: Garganacl|Protect
|move|p2a: Cinderace|U-turn|p1a: Garganacl
|-activate|p1a: Garganacl|move: Protect
|
|-heal|p1a: Garganacl|77/100|[from] item: Leftovers
|-damage|p2a: Cinderace|42/100|[from] Salt Cure
|upkeep
|turn|24
|
|t:|1760804297
|move|p2a: Cinderace|U-turn|p1a: Garganacl
|-resisted|p1a: Garganacl
|-end|p1a: Garganacl|Substitute
|
|t:|1760804300
|switch|p2a: Empoleon|Empoleon, M|72/100 par|[from] U-turn
|-activate|p2a: Empoleon|move: Sticky Web
|-unboost|p2a: Empoleon|spe|1
|-ability|p2a: Empoleon|Competitive|boost
|-boost|p2a: Empoleon|spa|2
|move|p1a: Garganacl|Salt Cure|p2a: Empoleon
|-resisted|p2a: Empoleon
|-damage|p2a: Empoleon|65/100 par
|-start|p2a: Empoleon|Salt Cure
|
|-heal|p1a: Garganacl|83/100|[from] item: Leftovers
|-heal|p2a: Empoleon|71/100 par|[from] item: Leftovers
|-damage|p2a: Empoleon|46/100 par|[from] Salt Cure
|upkeep
|turn|25
|
|t:|1760804310
|move|p1a: Garganacl|Protect|p1a: Garganacl
|-singleturn|p1a: Garganacl|Protect
|cant|p2a: Empoleon|par
|
|-heal|p1a: Garganacl|89/100|[from] item: Leftovers
|-heal|p2a: Empoleon|52/100 par|[from] item: Leftovers
|-damage|p2a: Empoleon|27/100 par|[from] Salt Cure
|upkeep
|turn|26
|
|t:|1760804315
|move|p1a: Garganacl|Substitute|p1a: Garganacl
|-start|p1a: Garganacl|Substitute
|-damage|p1a: Garganacl|64/100
|move|p2a: Empoleon|Roost|p2a: Empoleon
|-heal|p2a: Empoleon|77/100 par
|-singleturn|p2a: Empoleon|move: Roost
|
|-heal|p1a: Garganacl|70/100|[from] item: Leftovers
|-heal|p2a: Empoleon|83/100 par|[from] item: Leftovers
|-damage|p2a: Empoleon|58/100 par|[from] Salt Cure
|upkeep
|turn|27
|
|t:|1760804324
|move|p1a: Garganacl|Recover|p1a: Garganacl
|-heal|p1a: Garganacl|100/100
|move|p2a: Empoleon|Ice Beam|p1a: Garganacl
|-supereffective|p1a: Garganacl
|-end|p1a: Garganacl|Substitute
|
|-heal|p2a: Empoleon|64/100 par|[from] item: Leftovers
|-damage|p2a: Empoleon|39/100 par|[from] Salt Cure
|upkeep
|turn|28
|
|t:|1760804330
|move|p1a: Garganacl|Substitute|p1a: Garganacl
|-start|p1a: Garganacl|Substitute
|-damage|p1a: Garganacl|75/100
|cant|p2a: Empoleon|par
|
|-heal|p1a: Garganacl|82/100|[from] item: Leftovers
|-heal|p2a: Empoleon|46/100 par|[from] item: Leftovers
|-damage|p2a: Empoleon|21/100 par|[from] Salt Cure
|upkeep
|turn|29
|
|t:|1760804339
|move|p1a: Garganacl|Recover|p1a: Garganacl
|-heal|p1a: Garganacl|100/100
|move|p2a: Empoleon|Ice Beam|p1a: Garganacl
|-supereffective|p1a: Garganacl
|-end|p1a: Garganacl|Substitute
|
|-heal|p2a: Empoleon|27/100 par|[from] item: Leftovers
|-damage|p2a: Empoleon|2/100 par|[from] Salt Cure
|upkeep
|turn|30
|
|t:|1760804344
|move|p1a: Garganacl|Substitute|p1a: Garganacl
|-start|p1a: Garganacl|Substitute
|-damage|p1a: Garganacl|75/100
|cant|p2a: Empoleon|par
|
|-heal|p1a: Garganacl|82/100|[from] item: Leftovers
|-heal|p2a: Empoleon|8/100 par|[from] item: Leftovers
|-damage|p2a: Empoleon|0 fnt|[from] Salt Cure
|faint|p2a: Empoleon
|upkeep
|
|t:|1760804350
|switch|p2a: Kingambit|Kingambit, F|100/100
|-activate|p2a: Kingambit|move: Sticky Web
|-unboost|p2a: Kingambit|spe|1
|-ability|p2a: Kingambit|Defiant|boost
|-boost|p2a: Kingambit|atk|2
|turn|31
|
|t:|1760804352
|move|p2a: Kingambit|Iron Head|p1a: Garganacl
|-end|p1a: Garganacl|Substitute
|move|p1a: Garganacl|Salt Cure|p2a: Kingambit
|-resisted|p2a: Kingambit
|-damage|p2a: Kingambit|95/100
|-start|p2a: Kingambit|Salt Cure
|
|-heal|p2a: Kingambit|100/100|[from] item: Leftovers
|-heal|p1a: Garganacl|88/100|[from] item: Leftovers
|-damage|p2a: Kingambit|76/100|[from] Salt Cure
|upkeep
|turn|32
|
|t:|1760804364
|move|p2a: Kingambit|Iron Head|p1a: Garganacl
|-damage|p1a: Garganacl|36/100
|move|p1a: Garganacl|Substitute|p1a: Garganacl
|-start|p1a: Garganacl|Substitute
|-damage|p1a: Garganacl|11/100
|
|-heal|p2a: Kingambit|82/100|[from] item: Leftovers
|-heal|p1a: Garganacl|17/100|[from] item: Leftovers
|-damage|p2a: Kingambit|57/100|[from] Salt Cure
|upkeep
|turn|33
|
|t:|1760804373
|move|p1a: Garganacl|Protect|p1a: Garganacl
|-singleturn|p1a: Garganacl|Protect
|move|p2a: Kingambit|Swords Dance|p2a: Kingambit
|-boost|p2a: Kingambit|atk|2
|
|-heal|p2a: Kingambit|63/100|[from] item: Leftovers
|-heal|p1a: Garganacl|23/100|[from] item: Leftovers
|-damage|p2a: Kingambit|38/100|[from] Salt Cure
|upkeep
|turn|34
|
|t:|1760804377
|move|p2a: Kingambit|Iron Head|p1a: Garganacl
|-end|p1a: Garganacl|Substitute
|move|p1a: Garganacl|Recover|p1a: Garganacl
|-heal|p1a: Garganacl|73/100
|
|-heal|p2a: Kingambit|44/100|[from] item: Leftovers
|-heal|p1a: Garganacl|79/100|[from] item: Leftovers
|-damage|p2a: Kingambit|19/100|[from] Salt Cure
|upkeep
|turn|35
|
|t:|1760804384
|move|p1a: Garganacl|Protect|p1a: Garganacl
|-singleturn|p1a: Garganacl|Protect
|move|p2a: Kingambit|Kowtow Cleave|p1a: Garganacl
|-activate|p1a: Garganacl|move: Protect
|
|-heal|p2a: Kingambit|25/100|[from] item: Leftovers
|-heal|p1a: Garganacl|86/100|[from] item: Leftovers
|-damage|p2a: Kingambit|0 fnt|[from] Salt Cure
|faint|p2a: Kingambit
|upkeep
|
|t:|1760804387
|switch|p2a: Serperior|Serperior, M|100/100
|-activate|p2a: Serperior|move: Sticky Web
|-boost|p2a: Serperior|spe|1
|turn|36
|
|t:|1760804392
|move|p2a: Serperior|Leaf Storm|p1a: Garganacl
|-resisted|p1a: Garganacl
|-damage|p1a: Garganacl|63/100
|-boost|p2a: Serperior|spa|2
|move|p1a: Garganacl|Salt Cure|p2a: Serperior
|-damage|p2a: Serperior|82/100
|-start|p2a: Serperior|Salt Cure
|
|-heal|p2a: Serperior|88/100|[from] item: Leftovers
|-heal|p1a: Garganacl|69/100|[from] item: Leftovers
|-damage|p2a: Serperior|76/100|[from] Salt Cure
|upkeep
|turn|37
|
|t:|1760804401
|move|p1a: Garganacl|Protect|p1a: Garganacl
|-singleturn|p1a: Garganacl|Protect
|move|p2a: Serperior|Substitute|p2a: Serperior
|-start|p2a: Serperior|Substitute
|-damage|p2a: Serperior|51/100
|
|-heal|p2a: Serperior|57/100|[from] item: Leftovers
|-heal|p1a: Garganacl|75/100|[from] item: Leftovers
|-damage|p2a: Serperior|45/100|[from] Salt Cure
|upkeep
|turn|38
|
|t:|1760804405
|move|p2a: Serperior|Leaf Storm|p1a: Garganacl
|-resisted|p1a: Garganacl
|-damage|p1a: Garganacl|34/100
|-boost|p2a: Serperior|spa|2
|move|p1a: Garganacl|Substitute|p1a: Garganacl
|-start|p1a: Garganacl|Substitute
|-damage|p1a: Garganacl|9/100
|
|-heal|p2a: Serperior|51/100|[from] item: Leftovers
|-heal|p1a: Garganacl|15/100|[from] item: Leftovers
|-damage|p2a: Serperior|39/100|[from] Salt Cure
|upkeep
|turn|39
|
|t:|1760804414
|move|p1a: Garganacl|Protect|p1a: Garganacl
|-singleturn|p1a: Garganacl|Protect
|move|p2a: Serperior|Leaf Storm|p1a: Garganacl
|-activate|p1a: Garganacl|move: Protect
|
|-heal|p2a: Serperior|45/100|[from] item: Leftovers
|-heal|p1a: Garganacl|22/100|[from] item: Leftovers
|-damage|p2a: Serperior|32/100|[from] Salt Cure
|upkeep
|turn|40
|
|t:|1760804422
|move|p2a: Serperior|Leaf Storm|p1a: Garganacl
|-resisted|p1a: Garganacl
|-end|p1a: Garganacl|Substitute
|-boost|p2a: Serperior|spa|2
|move|p1a: Garganacl|Recover|p1a: Garganacl
|-heal|p1a: Garganacl|72/100
|
|-heal|p2a: Serperior|39/100|[from] item: Leftovers
|-heal|p1a: Garganacl|78/100|[from] item: Leftovers
|-damage|p2a: Serperior|26/100|[from] Salt Cure
|upkeep
|turn|41
|
|t:|1760804431
|move|p1a: Garganacl|Protect|p1a: Garganacl
|-singleturn|p1a: Garganacl|Protect
|move|p2a: Serperior|Leaf Storm|p1a: Garganacl
|-activate|p1a: Garganacl|move: Protect
|
|-heal|p2a: Serperior|32/100|[from] item: Leftovers
|-heal|p1a: Garganacl|84/100|[from] item: Leftovers
|-damage|p2a: Serperior|20/100|[from] Salt Cure
|upkeep
|turn|42
|
|t:|1760804436
|move|p2a: Serperior|Leaf Storm|p1a: Garganacl
|-resisted|p1a: Garganacl
|-damage|p1a: Garganacl|0 fnt
|faint|p1a: Garganacl
|
|-heal|p2a: Serperior|26/100|[from] item: Leftovers
|-damage|p2a: Serperior|14/100|[from] Salt Cure
|upkeep
|
|t:|1760804444
|switch|p1a: Hoopa|Hoopa-Unbound|100/100
|turn|43
|
|t:|1760804455
|switch|p1a: Slowking|Slowking-Galar, M|40/100
|move|p2a: Serperior|Leaf Storm|p1a: Slowking
|-resisted|p1a: Slowking
|-damage|p1a: Slowking|0 fnt
|faint|p1a: Slowking
|
|-heal|p2a: Serperior|20/100|[from] item: Leftovers
|-damage|p2a: Serperior|8/100|[from] Salt Cure
|upkeep
|
|t:|1760804463
|switch|p1a: Clefable|Clefable, F|100/100
|turn|44
|
|t:|1760804467
|move|p2a: Serperior|Leaf Storm|p1a: Clefable
|-damage|p1a: Clefable|70/100
|move|p1a: Clefable|Moonlight|p1a: Clefable
|-heal|p1a: Clefable|100/100
|
|-heal|p2a: Serperior|14/100|[from] item: Leftovers
|-damage|p2a: Serperior|2/100|[from] Salt Cure
|upkeep
|turn|45
|
|t:|1760804480
|move|p2a: Serperior|Tera Blast|p1a: Clefable
|-damage|p1a: Clefable|87/100
|move|p1a: Clefable|Thunder Wave|p2a: Serperior|[miss]
|-miss|p1a: Clefable|p2a: Serperior
|
|-heal|p2a: Serperior|8/100|[from] item: Leftovers
|-heal|p1a: Clefable|93/100|[from] item: Leftovers
|-damage|p2a: Serperior|0 fnt|[from] Salt Cure
|faint|p2a: Serperior
|upkeep
|
|t:|1760804485
|switch|p2a: Cinderace|Cinderace, M|42/100
|turn|46
|
|t:|1760804492
|move|p2a: Cinderace|Pyro Ball|p1a: Clefable
|-damage|p1a: Clefable|38/100
|move|p1a: Clefable|Thunder Wave|p2a: Cinderace
|-status|p2a: Cinderace|par
|
|-heal|p1a: Clefable|44/100|[from] item: Leftovers
|upkeep
|turn|47
|
|t:|1760804503
|switch|p1a: Typhlosion|Typhlosion-Hisui, F|100/100
|move|p2a: Cinderace|Pyro Ball|p1a: Typhlosion
|-resisted|p1a: Typhlosion
|-damage|p1a: Typhlosion|68/100
|
|upkeep
|turn|48
|
|t:|1760804509
|move|p1a: Typhlosion|Shadow Ball|p2a: Cinderace
|-damage|p2a: Cinderace|0 fnt
|faint|p2a: Cinderace
|
|upkeep
|
|t:|1760804511
|switch|p2a: Servine|Servine, F|50/100
|-activate|p2a: Servine|move: Sticky Web
|-boost|p2a: Servine|spe|1
|turn|49
|
|t:|1760804516
|-terastallize|p2a: Servine|Fire
|move|p1a: Typhlosion|Shadow Ball|p2a: Servine
|-damage|p2a: Servine|14/100
|move|p2a: Servine|Synthesis|p2a: Servine
|-heal|p2a: Servine|64/100
|
|upkeep
|turn|50
|
|t:|1760804523
|move|p1a: Typhlosion|Shadow Ball|p2a: Servine
|-damage|p2a: Servine|27/100
|-boost|p2a: Servine|spd|1
|move|p2a: Servine|Glare|p1a: Typhlosion
|-status|p1a: Typhlosion|par
|
|upkeep
|turn|51
|
|t:|1760804529
|move|p2a: Servine|Synthesis|p2a: Servine
|-heal|p2a: Servine|77/100
|move|p1a: Typhlosion|Shadow Ball|p2a: Servine
|-damage|p2a: Servine|55/100
|-boost|p2a: Servine|spd|1
|
|upkeep
|turn|52
|
|t:|1760804532
|switch|p1a: Clefable|Clefable, F|44/100
|move|p2a: Servine|Synthesis|p2a: Servine
|-heal|p2a: Servine|100/100
|
|-heal|p1a: Clefable|50/100|[from] item: Leftovers
|upkeep
|turn|53
|
|t:|1760804536
|move|p2a: Servine|Leaf Storm|p1a: Clefable
|-damage|p1a: Clefable|28/100
|-boost|p2a: Servine|spa|2
|move|p1a: Clefable|Moonlight|p1a: Clefable
|-heal|p1a: Clefable|78/100
|
|-heal|p1a: Clefable|84/100|[from] item: Leftovers
|upkeep
|turn|54
|
|t:|1760804545
|move|p2a: Servine|Glare|p1a: Clefable
|-status|p1a: Clefable|par
|move|p1a: Clefable|Thunder Wave|p2a: Servine
|-status|p2a: Servine|par
|
|-heal|p1a: Clefable|90/100 par|[from] item: Leftovers
|upkeep
|turn|55
|
|t:|1760804553
|move|p2a: Servine|Tera Blast|p1a: Clefable|[anim] Tera Blast Fire
|-damage|p1a: Clefable|77/100 par
|move|p1a: Clefable|Encore|p2a: Servine
|-start|p2a: Servine|Encore
|
|-heal|p1a: Clefable|83/100 par|[from] item: Leftovers
|upkeep
|turn|56
|
|t:|1760804566
|switch|p1a: Hoopa|Hoopa-Unbound|100/100
|move|p2a: Servine|Tera Blast|p1a: Hoopa|[anim] Tera Blast Fire
|-damage|p1a: Hoopa|68/100
|
|upkeep
|turn|57
|
|t:|1760804574
|move|p1a: Hoopa|Hyperspace Fury|p2a: Servine
|-damage|p2a: Servine|46/100 par
|-unboost|p1a: Hoopa|def|1
|cant|p2a: Servine|par
|
|upkeep
|turn|58
|
|t:|1760804579
|move|p1a: Hoopa|Hyperspace Fury|p2a: Servine
|-damage|p2a: Servine|0 fnt
|-unboost|p1a: Hoopa|def|1
|faint|p2a: Servine
|
|win|luciuslemon
|raw|luciuslemon's rating: 1167 &rarr; <strong>1192</strong><br />(+25 for winning)
|raw|alexis77350's rating: 1170 &rarr; <strong>1145</strong><br />(-25 for losing)
|l|☆alexis77350
|player|p2|
|l|☆luciuslemon
|player|p1|
