|j|☆scorpion257
|j|☆go b3yond
|t:|1760884704
|gametype|singles
|player|p1|scorpion257|giovanni|1755
|player|p2|go b3yond|waiter-gen4dp|1708
|gen|9
|tier|[Gen 9] OU
|rated|
|rule|HP Percentage Mod: HP is shown in percentages
|rule|Endless Battle Clause: Forcing endless battles is banned
|rule|Species Clause: Limit one of each Pokémon
|rule|OHKO Clause: OHKO moves are banned
|rule|Evasion Items Clause: Evasion items are banned
|rule|Evasion Moves Clause: Evasion moves are banned
|rule|Evasion Abilities Clause: Evasion abilities are banned
|rule|Sleep Moves Clause: Sleep-inducing moves are banned
|clearpoke
|poke|p1|Dondozo, M|
|poke|p1|Blissey, F|
|poke|p1|Corviknight, F|
|poke|p1|Weezing-Galar, M|
|poke|p1|Gliscor, F|
|poke|p1|Toxapex, M|
|poke|p2|Torkoal, M|
|poke|p2|Brute Bonnet|
|poke|p2|Hatterene, F|
|poke|p2|Walking Wake|
|poke|p2|Thundurus-Therian, M|
|poke|p2|Ceruledge, M|
|teampreview
|inactive|Battle timer is ON: inactive players will automatically lose when time's up. (requested by scorpion257)
|
|t:|1760884713
|teamsize|p1|6
|teamsize|p2|6
|start
|switch|p1a: Gliscor|Gliscor, F|100/100
|switch|p2a: GREAT Bait|Torkoal, M, shiny|100/100
|-weather|SunnyDay|[from] ability: Drought|[of] p2a: GREAT Bait
|turn|1
|
|t:|1760884719
|move|p1a: Gliscor|Protect|p1a: Gliscor
|-singleturn|p1a: Gliscor|Protect
|move|p2a: GREAT Bait|Overheat|p1a: Gliscor
|-activate|p1a: Gliscor|move: Protect
|
|-weather|SunnyDay|[upkeep]
|-status|p1a: Gliscor|tox|[from] item: Toxic Orb
|upkeep
|turn|2
|
|t:|1760884727
|switch|p1a: Toxapex|Toxapex, M|100/100
|switch|p2a: Hatterene|Hatterene, F|100/100
|
|-weather|SunnyDay|[upkeep]
|upkeep
|turn|3
|
|t:|1760884731
|switch|p1a: Gliscor|Gliscor, F|100/100 tox
|move|p2a: Hatterene|Psychic Noise|p1a: Gliscor
|-damage|p1a: Gliscor|74/100 tox
|-start|p1a: Gliscor|move: Heal Block
|
|-weather|SunnyDay|[upkeep]
|upkeep
|turn|4
|j| bloodhound q50
|
|t:|1760884736
|move|p1a: Gliscor|Earthquake|p2a: Hatterene
|-damage|p2a: Hatterene|71/100
|-enditem|p2a: Hatterene|Eject Button
|
|t:|1760884746
|switch|p2a: Walking Wake|Walking Wake|100/100
|-activate|p2a: Walking Wake|ability: Protosynthesis
|-start|p2a: Walking Wake|protosynthesisspe
|
|-weather|SunnyDay|[upkeep]
|-end|p1a: Gliscor|move: Heal Block
|upkeep
|turn|5
|
|t:|1760884751
|move|p1a: Gliscor|Protect|p1a: Gliscor
|-singleturn|p1a: Gliscor|Protect
|move|p2a: Walking Wake|Hydro Steam|p1a: Gliscor
|-activate|p1a: Gliscor|move: Protect
|
|-weather|SunnyDay|[upkeep]
|-heal|p1a: Gliscor|86/100 tox|[from] ability: Poison Heal
|upkeep
|turn|6
|
|t:|1760884755
|switch|p1a: Toxapex|Toxapex, M|100/100
|move|p2a: Walking Wake|Flip Turn|p1a: Toxapex
|-resisted|p1a: Toxapex
|-damage|p1a: Toxapex|98/100
|
|t:|1760884768
|-end|p2a: Walking Wake|Protosynthesis|[silent]
|switch|p2a: Thundurus|Thundurus-Therian, M|100/100|[from] Flip Turn
|
|-weather|SunnyDay|[upkeep]
|-heal|p1a: Toxapex|100/100|[from] item: Leftovers
|upkeep
|turn|7
|
|t:|1760884773
|switch|p1a: Gliscor|Gliscor, F|86/100 tox
|move|p2a: Thundurus|Weather Ball|p1a: Gliscor
|-damage|p1a: Gliscor|20/100 tox
|
|-weather|SunnyDay|[upkeep]
|-heal|p1a: Gliscor|32/100 tox|[from] ability: Poison Heal
|upkeep
|turn|8
|
|t:|1760884782
|move|p1a: Gliscor|Protect|p1a: Gliscor
|-singleturn|p1a: Gliscor|Protect
|move|p2a: Thundurus|Weather Ball|p1a: Gliscor
|-activate|p1a: Gliscor|move: Protect
|
|-weather|none
|-heal|p1a: Gliscor|45/100 tox|[from] ability: Poison Heal
|upkeep
|turn|9
|
|t:|1760884790
|switch|p2a: Hatterene|Hatterene, F|71/100
|move|p1a: Gliscor|Knock Off|p2a: Hatterene
|-damage|p2a: Hatterene|57/100
|
|-heal|p1a: Gliscor|57/100 tox|[from] ability: Poison Heal
|upkeep
|turn|10
|
|t:|1760884795
|move|p1a: Gliscor|Protect|p1a: Gliscor
|-singleturn|p1a: Gliscor|Protect
|move|p2a: Hatterene|Psychic Noise|p1a: Gliscor
|-activate|p1a: Gliscor|move: Protect
|
|-heal|p1a: Gliscor|70/100 tox|[from] ability: Poison Heal
|upkeep
|turn|11
|j| FaronAan
|l| FaronAan
|
|t:|1760884801
|move|p1a: Gliscor|Earthquake|p2a: Hatterene
|-damage|p2a: Hatterene|29/100
|move|p2a: Hatterene|Psychic Noise|p1a: Gliscor
|-damage|p1a: Gliscor|40/100 tox
|-start|p1a: Gliscor|move: Heal Block
|
|upkeep
|turn|12
|
|t:|1760884811
|move|p1a: Gliscor|Earthquake|p2a: Hatterene
|-damage|p2a: Hatterene|0 fnt
|faint|p2a: Hatterene
|
|-end|p1a: Gliscor|move: Heal Block
|upkeep
|
|t:|1760884816
|switch|p2a: GREAT Bait|Torkoal, M, shiny|100/100
|-weather|SunnyDay|[from] ability: Drought|[of] p2a: GREAT Bait
|turn|13
|
|t:|1760884821
|switch|p2a: Brute Bonnet|Brute Bonnet|100/100
|-activate|p2a: Brute Bonnet|ability: Protosynthesis
|-start|p2a: Brute Bonnet|protosynthesisatk
|move|p1a: Gliscor|Protect||[still]
|-fail|p1a: Gliscor
|
|-weather|SunnyDay|[upkeep]
|-heal|p1a: Gliscor|52/100 tox|[from] ability: Poison Heal
|upkeep
|turn|14
|
|t:|1760884824
|switch|p1a: Corviknight|Corviknight, F|100/100
|-ability|p1a: Corviknight|Pressure
|move|p2a: Brute Bonnet|Growth|p2a: Brute Bonnet
|-boost|p2a: Brute Bonnet|atk|2
|-boost|p2a: Brute Bonnet|spa|2
|
|-weather|SunnyDay|[upkeep]
|upkeep
|turn|15
|
|t:|1760884828
|-terastallize|p2a: Brute Bonnet|Fire
|move|p1a: Corviknight|Iron Defense|p1a: Corviknight
|-boost|p1a: Corviknight|def|2
|move|p2a: Brute Bonnet|Tera Blast|p1a: Corviknight|[anim] Tera Blast Fire
|-supereffective|p1a: Corviknight
|-damage|p1a: Corviknight|0 fnt
|faint|p1a: Corviknight
|
|-weather|SunnyDay|[upkeep]
|upkeep
|j| FaronAan
|
|t:|1760884836
|switch|p1a: Dondozo|Dondozo, M|100/100
|turn|16
|
|t:|1760884840
|-terastallize|p1a: Dondozo|Dragon
|move|p2a: Brute Bonnet|Bullet Seed|p1a: Dondozo
|-resisted|p1a: Dondozo
|-damage|p1a: Dondozo|97/100
|-resisted|p1a: Dondozo
|-damage|p1a: Dondozo|93/100
|-resisted|p1a: Dondozo
|-damage|p1a: Dondozo|88/100
|-resisted|p1a: Dondozo
|-damage|p1a: Dondozo|84/100
|-hitcount|p1a: Dondozo|4
|move|p1a: Dondozo|Body Press|p2a: Brute Bonnet
|-damage|p2a: Brute Bonnet|77/100
|
|-weather|SunnyDay|[upkeep]
|-heal|p1a: Dondozo|90/100|[from] item: Leftovers
|upkeep
|turn|17
|c| bloodhound q50|ooh
|
|t:|1760884846
|move|p2a: Brute Bonnet|Sucker Punch|p1a: Dondozo
|-damage|p1a: Dondozo|69/100
|move|p1a: Dondozo|Avalanche|p2a: Brute Bonnet
|-resisted|p2a: Brute Bonnet
|-damage|p2a: Brute Bonnet|64/100
|
|-weather|SunnyDay|[upkeep]
|-heal|p1a: Dondozo|75/100|[from] item: Leftovers
|upkeep
|turn|18
|
|t:|1760884865
|-end|p2a: Brute Bonnet|Protosynthesis|[silent]
|switch|p2a: Walking Wake|Walking Wake|100/100
|-activate|p2a: Walking Wake|ability: Protosynthesis
|-start|p2a: Walking Wake|protosynthesisspe
|move|p1a: Dondozo|Body Press|p2a: Walking Wake
|-crit|p2a: Walking Wake
|-damage|p2a: Walking Wake|56/100
|
|-weather|SunnyDay|[upkeep]
|-heal|p1a: Dondozo|81/100|[from] item: Leftovers
|upkeep
|turn|19
|
|t:|1760884868
|switch|p1a: Toxapex|Toxapex, M|100/100
|move|p2a: Walking Wake|Flip Turn|p1a: Toxapex
|-resisted|p1a: Toxapex
|-damage|p1a: Toxapex|98/100
|
|t:|1760884877
|-end|p2a: Walking Wake|Protosynthesis|[silent]
|switch|p2a: Thundurus|Thundurus-Therian, M|100/100|[from] Flip Turn
|
|-weather|SunnyDay|[upkeep]
|-heal|p1a: Toxapex|100/100|[from] item: Leftovers
|upkeep
|turn|20
|
|t:|1760884881
|switch|p1a: Blissey|Blissey, F|100/100
|move|p2a: Thundurus|Focus Blast|p1a: Blissey
|-supereffective|p1a: Blissey
|-damage|p1a: Blissey|56/100
|
|-weather|none
|-heal|p1a: Blissey|62/100|[from] item: Leftovers
|upkeep
|turn|21
|
|t:|1760884888
|switch|p1a: Gliscor|Gliscor, F|52/100 tox
|move|p2a: Thundurus|Focus Blast|p1a: Gliscor
|-resisted|p1a: Gliscor
|-damage|p1a: Gliscor|25/100 tox
|
|-heal|p1a: Gliscor|38/100 tox|[from] ability: Poison Heal
|upkeep
|turn|22
|
|t:|1760884898
|switch|p2a: GREAT Bait|Torkoal, M, shiny|100/100
|-weather|SunnyDay|[from] ability: Drought|[of] p2a: GREAT Bait
|move|p1a: Gliscor|Spikes|p2a: GREAT Bait
|-sidestart|p2: go b3yond|Spikes
|
|-weather|SunnyDay|[upkeep]
|-heal|p1a: Gliscor|50/100 tox|[from] ability: Poison Heal
|upkeep
|turn|23
|
|t:|1760884905
|move|p1a: Gliscor|Knock Off|p2a: GREAT Bait
|-damage|p2a: GREAT Bait|83/100
|-enditem|p2a: GREAT Bait|Heat Rock|[from] move: Knock Off|[of] p1a: Gliscor
|move|p2a: GREAT Bait|Eruption|p1a: Gliscor
|-damage|p1a: Gliscor|0 fnt
|faint|p1a: Gliscor
|
|-weather|SunnyDay|[upkeep]
|upkeep
|
|t:|1760884914
|switch|p1a: Toxapex|Toxapex, M|100/100
|turn|24
|
|t:|1760884916
|move|p1a: Toxapex|Toxic|p2a: GREAT Bait
|-status|p2a: GREAT Bait|tox
|move|p2a: GREAT Bait|Rapid Spin|p1a: Toxapex
|-damage|p1a: Toxapex|92/100
|-boost|p2a: GREAT Bait|spe|1
|-sideend|p2: go b3yond|Spikes|[from] move: Rapid Spin|[of] p2a: GREAT Bait
|
|-weather|SunnyDay|[upkeep]
|-heal|p1a: Toxapex|98/100|[from] item: Leftovers
|-damage|p2a: GREAT Bait|76/100 tox|[from] psn
|upkeep
|turn|25
|
|t:|1760884925
|switch|p2a: Walking Wake|Walking Wake|56/100
|-activate|p2a: Walking Wake|ability: Protosynthesis
|-start|p2a: Walking Wake|protosynthesisspe
|move|p1a: Toxapex|Toxic Spikes|p2a: Walking Wake
|-sidestart|p2: go b3yond|move: Toxic Spikes
|
|-weather|SunnyDay|[upkeep]
|-heal|p1a: Toxapex|100/100|[from] item: Leftovers
|upkeep
|turn|26
|
|t:|1760884931
|move|p2a: Walking Wake|Draco Meteor|p1a: Toxapex
|-crit|p1a: Toxapex
|-damage|p1a: Toxapex|37/100
|-unboost|p2a: Walking Wake|spa|2
|move|p1a: Toxapex|Toxic|p2a: Walking Wake
|-status|p2a: Walking Wake|tox
|
|-weather|SunnyDay|[upkeep]
|-heal|p1a: Toxapex|44/100|[from] item: Leftovers
|-damage|p2a: Walking Wake|50/100 tox|[from] psn
|upkeep
|turn|27
|
|t:|1760884935
|switch|p1a: Blissey|Blissey, F|62/100
|move|p2a: Walking Wake|Flip Turn|p1a: Blissey
|-damage|p1a: Blissey|54/100
|
|t:|1760884941
|-end|p2a: Walking Wake|Protosynthesis|[silent]
|switch|p2a: Ceruledge|Ceruledge, M|100/100|[from] Flip Turn
|-status|p2a: Ceruledge|psn
|
|-weather|SunnyDay|[upkeep]
|-heal|p1a: Blissey|60/100|[from] item: Leftovers
|-damage|p2a: Ceruledge|88/100 psn|[from] psn
|upkeep
|turn|28
|
|t:|1760884951
|switch|p2a: Thundurus|Thundurus-Therian, M|100/100
|switch|p1a: Dondozo|Dondozo, M, tera:Dragon|81/100
|
|-weather|SunnyDay|[upkeep]
|-heal|p1a: Dondozo|88/100|[from] item: Leftovers
|upkeep
|turn|29
|
|t:|1760884955
|switch|p1a: Toxapex|Toxapex, M|77/100
|move|p2a: Thundurus|Weather Ball|p1a: Toxapex
|-resisted|p1a: Toxapex
|-damage|p1a: Toxapex|50/100
|
|-weather|none
|-heal|p1a: Toxapex|56/100|[from] item: Leftovers
|upkeep
|turn|30
|j| Capitaine Tenace
|c|☆go b3yond|DAMN IT I MISSCLICKED
|c| Capitaine Tenace|come on beyond
|c|☆go b3yond|FUCJ
|c| bloodhound q50|man
|
|t:|1760884978
|switch|p2a: GREAT Bait|Torkoal, M, shiny|76/100 tox
|-weather|SunnyDay|[from] ability: Drought|[of] p2a: GREAT Bait
|move|p1a: Toxapex|Toxic|p2a: GREAT Bait
|-fail|p2a: GREAT Bait|tox
|
|-weather|SunnyDay|[upkeep]
|-heal|p1a: Toxapex|62/100|[from] item: Leftovers
|-damage|p2a: GREAT Bait|70/100 tox|[from] psn
|upkeep
|turn|31
|inactive|go b3yond has 120 seconds left.
|
|t:|1760885004
|switch|p1a: Blissey|Blissey, F|60/100
|switch|p2a: Thundurus|Thundurus-Therian, M|100/100
|
|-weather|SunnyDay|[upkeep]
|-heal|p1a: Blissey|66/100|[from] item: Leftovers
|upkeep
|turn|32
|inactive|go b3yond has 120 seconds left.
|
|t:|1760885012
|move|p2a: Thundurus|Focus Blast|p1a: Blissey|[miss]
|-miss|p2a: Thundurus|p1a: Blissey
|move|p1a: Blissey|Soft-Boiled|p1a: Blissey
|-heal|p1a: Blissey|100/100
|
|-weather|SunnyDay|[upkeep]
|upkeep
|turn|33
|
|t:|1760885016
|switch|p2a: Ceruledge|Ceruledge, M|88/100 psn
|move|p1a: Blissey|Stealth Rock|p2a: Ceruledge
|-sidestart|p2: go b3yond|move: Stealth Rock
|
|-weather|SunnyDay|[upkeep]
|-damage|p2a: Ceruledge|76/100 psn|[from] psn
|upkeep
|turn|34
|
|t:|1760885021
|switch|p1a: Dondozo|Dondozo, M, tera:Dragon|88/100
|move|p2a: Ceruledge|Close Combat|p1a: Dondozo
|-damage|p1a: Dondozo|70/100
|-unboost|p2a: Ceruledge|def|1
|-unboost|p2a: Ceruledge|spd|1
|
|-weather|none
|-heal|p1a: Dondozo|76/100|[from] item: Leftovers
|-damage|p2a: Ceruledge|63/100 psn|[from] psn
|upkeep
|turn|35
|
|t:|1760885029
|switch|p2a: GREAT Bait|Torkoal, M, shiny|70/100 tox
|-damage|p2a: GREAT Bait|45/100 tox|[from] Stealth Rock
|-weather|SunnyDay|[from] ability: Drought|[of] p2a: GREAT Bait
|move|p1a: Dondozo|Body Press|p2a: GREAT Bait
|-damage|p2a: GREAT Bait|21/100 tox
|
|-weather|SunnyDay|[upkeep]
|-heal|p1a: Dondozo|82/100|[from] item: Leftovers
|-damage|p2a: GREAT Bait|15/100 tox|[from] psn
|upkeep
|turn|36
|c|☆go b3yond|I lost
|c| Capitaine Tenace|no
|
|t:|1760885041
|switch|p1a: Blissey|Blissey, F|100/100
|move|p2a: GREAT Bait|Rapid Spin|p1a: Blissey
|-damage|p1a: Blissey|90/100
|-boost|p2a: GREAT Bait|spe|1
|-sideend|p2: go b3yond|Toxic Spikes|[from] move: Rapid Spin|[of] p2a: GREAT Bait
|-sideend|p2: go b3yond|Stealth Rock|[from] move: Rapid Spin|[of] p2a: GREAT Bait
|
|-weather|SunnyDay|[upkeep]
|-heal|p1a: Blissey|96/100|[from] item: Leftovers
|-damage|p2a: GREAT Bait|3/100 tox|[from] psn
|upkeep
|turn|37
|c| Capitaine Tenace|stall shit user can't win
|
|t:|1760885047
|move|p1a: Blissey|Stealth Rock|p2a: GREAT Bait
|-sidestart|p2: go b3yond|move: Stealth Rock
|move|p2a: GREAT Bait|Earthquake|p1a: Blissey
|-damage|p1a: Blissey|75/100
|
|-weather|SunnyDay|[upkeep]
|-heal|p1a: Blissey|81/100|[from] item: Leftovers
|-damage|p2a: GREAT Bait|0 fnt|[from] psn
|faint|p2a: GREAT Bait
|upkeep
|
|t:|1760885057
|switch|p2a: Brute Bonnet|Brute Bonnet, tera:Fire|64/100
|-damage|p2a: Brute Bonnet|39/100|[from] Stealth Rock
|-activate|p2a: Brute Bonnet|ability: Protosynthesis
|-start|p2a: Brute Bonnet|protosynthesisatk
|turn|38
|j| wgw2333
|
|t:|1760885063
|-end|p2a: Brute Bonnet|Protosynthesis|[silent]
|switch|p2a: Walking Wake|Walking Wake|50/100 tox
|-damage|p2a: Walking Wake|38/100 tox|[from] Stealth Rock
|-activate|p2a: Walking Wake|ability: Protosynthesis
|-start|p2a: Walking Wake|protosynthesisspe
|switch|p1a: Dondozo|Dondozo, M, tera:Dragon|82/100
|
|-weather|SunnyDay|[upkeep]
|-heal|p1a: Dondozo|88/100|[from] item: Leftovers
|-damage|p2a: Walking Wake|31/100 tox|[from] psn
|upkeep
|turn|39
|
|t:|1760885073
|switch|p1a: Toxapex|Toxapex, M|95/100
|move|p2a: Walking Wake|Flip Turn|p1a: Toxapex
|-resisted|p1a: Toxapex
|-damage|p1a: Toxapex|92/100
|
|t:|1760885076
|-end|p2a: Walking Wake|Protosynthesis|[silent]
|switch|p2a: Thundurus|Thundurus-Therian, M|100/100|[from] Flip Turn
|-damage|p2a: Thundurus|76/100|[from] Stealth Rock
|
|-weather|none
|-heal|p1a: Toxapex|98/100|[from] item: Leftovers
|upkeep
|turn|40
|
|t:|1760885079
|switch|p1a: Blissey|Blissey, F|81/100
|move|p2a: Thundurus|Thunderbolt|p1a: Blissey
|-damage|p1a: Blissey|56/100
|
|-heal|p1a: Blissey|62/100|[from] item: Leftovers
|upkeep
|turn|41
|
|t:|1760885084
|move|p2a: Thundurus|Thunderbolt|p1a: Blissey
|-damage|p1a: Blissey|38/100
|move|p1a: Blissey|Soft-Boiled|p1a: Blissey
|-heal|p1a: Blissey|88/100
|
|-heal|p1a: Blissey|94/100|[from] item: Leftovers
|upkeep
|turn|42
|c|☆go b3yond|Well its alright
|
|t:|1760885095
|move|p2a: Thundurus|Thunderbolt|p1a: Blissey
|-damage|p1a: Blissey|70/100
|move|p1a: Blissey|Seismic Toss|p2a: Thundurus
|-damage|p2a: Thundurus|42/100
|
|-heal|p1a: Blissey|76/100|[from] item: Leftovers
|upkeep
|turn|43
|
|t:|1760885103
|move|p2a: Thundurus|Thunderbolt|p1a: Blissey
|-damage|p1a: Blissey|52/100
|-status|p1a: Blissey|par
|move|p1a: Blissey|Seismic Toss|p2a: Thundurus
|-damage|p2a: Thundurus|9/100
|
|-heal|p1a: Blissey|59/100 par|[from] item: Leftovers
|upkeep
|turn|44
|
|t:|1760885107
|move|p2a: Thundurus|Thunderbolt|p1a: Blissey
|-damage|p1a: Blissey|37/100 par
|cant|p1a: Blissey|par
|
|-heal|p1a: Blissey|43/100 par|[from] item: Leftovers
|upkeep
|turn|45
|
|t:|1760885111
|move|p2a: Thundurus|Thunderbolt|p1a: Blissey
|-damage|p1a: Blissey|18/100 par
|move|p1a: Blissey|Soft-Boiled|p1a: Blissey
|-heal|p1a: Blissey|68/100 par
|
|-heal|p1a: Blissey|74/100 par|[from] item: Leftovers
|upkeep
|turn|46
|
|t:|1760885116
|move|p2a: Thundurus|Thunderbolt|p1a: Blissey
|-damage|p1a: Blissey|51/100 par
|cant|p1a: Blissey|par
|
|-heal|p1a: Blissey|57/100 par|[from] item: Leftovers
|upkeep
|turn|47
|
|t:|1760885119
|move|p2a: Thundurus|Thunderbolt|p1a: Blissey
|-damage|p1a: Blissey|34/100 par
|cant|p1a: Blissey|par
|
|-heal|p1a: Blissey|40/100 par|[from] item: Leftovers
|upkeep
|turn|48
|
|t:|1760885124
|move|p2a: Thundurus|Thunderbolt|p1a: Blissey
|-damage|p1a: Blissey|19/100 par
|move|p1a: Blissey|Seismic Toss|p2a: Thundurus
|-damage|p2a: Thundurus|0 fnt
|faint|p2a: Thundurus
|
|-heal|p1a: Blissey|25/100 par|[from] item: Leftovers
|upkeep
|
|t:|1760885128
|switch|p2a: Walking Wake|Walking Wake|31/100 tox
|-damage|p2a: Walking Wake|19/100 tox|[from] Stealth Rock
|turn|49
|
|t:|1760885132
|-curestatus|p1a: Blissey|par|[from] ability: Natural Cure
|switch|p1a: Toxapex|Toxapex, M|100/100
|move|p2a: Walking Wake|Hydro Steam|p1a: Toxapex
|-resisted|p1a: Toxapex
|-damage|p1a: Toxapex|87/100
|
|-heal|p1a: Toxapex|94/100|[from] item: Leftovers
|-damage|p2a: Walking Wake|13/100 tox|[from] psn
|upkeep
|turn|50
|c| bloodhound q50|no way
|-message|go b3yond forfeited.
|
|win|scorpion257
|raw|scorpion257's rating: 1755 &rarr; <strong>1772</strong><br />(+17 for winning)
|raw|go b3yond's rating: 1708 &rarr; <strong>1691</strong><br />(-17 for losing)
|c|☆scorpion257|GGs
|c|☆scorpion257|Well played
|c|☆go b3yond|Gg
|c|☆scorpion257|Close game
|l| bloodhound q50
|c|☆go b3yond|I was gonna click thunderbolt instead of wball
|c|☆go b3yond|God damn it
|c|☆scorpion257|Unlucky
|j| bloodhound q50
|l| bloodhound q50
|c|☆scorpion257|TBH, I should have EQed on torkoal and not knock
|l| Capitaine Tenace
|l|☆go b3yond
|player|p2|
|c|☆scorpion257|But the past is the past
|l|☆scorpion257
|player|p1|
