|j|☆Mist02
|j|☆Clefable1001
|t:|1760718879
|gametype|singles
|player|p1|Mist02|265|1294
|player|p2|Clefable1001|psychic-gen4|1339
|gen|9
|tier|[Gen 9] OU
|rated|
|rule|HP Percentage Mod: HP is shown in percentages
|rule|Endless Battle Clause: Forcing endless battles is banned
|rule|Species Clause: Limit one of each Pokémon
|rule|OHKO Clause: OHKO moves are banned
|rule|Evasion Items Clause: Evasion items are banned
|rule|Evasion Moves Clause: Evasion moves are banned
|rule|Evasion Abilities Clause: Evasion abilities are banned
|rule|Sleep Moves Clause: Sleep-inducing moves are banned
|clearpoke
|poke|p1|Hippowdon, M|
|poke|p1|Houndstone, F|
|poke|p1|Gastrodon, M|
|poke|p1|Glimmora, M|
|poke|p1|Corviknight, M|
|poke|p1|Lycanroc, F|
|poke|p2|Ogerpon-Wellspring, F|
|poke|p2|Kingambit, F|
|poke|p2|Landorus-Therian, M|
|poke|p2|Glimmora, F|
|poke|p2|Dragapult, F|
|poke|p2|Iron Valiant|
|teampreview
|
|t:|1760718886
|teamsize|p1|6
|teamsize|p2|6
|start
|switch|p1a: Hippowdon|Hippowdon, M|100/100
|switch|p2a: Landon|Landorus-Therian, M|100/100
|-ability|p2a: Landon|Intimidate|boost
|-unboost|p1a: Hippowdon|atk|1
|-weather|Sandstorm|[from] ability: Sand Stream|[of] p1a: Hippowdon
|turn|1
|
|t:|1760718905
|move|p2a: Landon|Stealth Rock|p1a: Hippowdon
|-sidestart|p1: Mist02|move: Stealth Rock
|move|p1a: Hippowdon|Stealth Rock|p2a: Landon
|-sidestart|p2: Clefable1001|move: Stealth Rock
|
|-weather|Sandstorm|[upkeep]
|upkeep
|turn|2
|
|t:|1760718914
|switch|p1a: Corviknight|Corviknight, M|100/100
|-damage|p1a: Corviknight|88/100|[from] Stealth Rock
|move|p2a: Landon|U-turn|p1a: Corviknight
|-resisted|p1a: Corviknight
|-damage|p1a: Corviknight|84/100
|-damage|p2a: Landon|84/100|[from] item: Rocky Helmet|[of] p1a: Corviknight
|
|t:|1760718923
|switch|p2a: C.P.S|Dragapult, F|100/100|[from] U-turn
|-damage|p2a: C.P.S|88/100|[from] Stealth Rock
|
|-weather|Sandstorm|[upkeep]
|-damage|p2a: C.P.S|82/100|[from] Sandstorm
|upkeep
|turn|3
|
|t:|1760718950
|move|p2a: C.P.S|Flamethrower|p1a: Corviknight
|-supereffective|p1a: Corviknight
|-damage|p1a: Corviknight|12/100
|move|p1a: Corviknight|U-turn|p2a: C.P.S
|-resisted|p2a: C.P.S
|-damage|p2a: C.P.S|73/100
|
|t:|1760718955
|switch|p1a: Glimmora|Glimmora, M|100/100|[from] U-turn
|-damage|p1a: Glimmora|88/100|[from] Stealth Rock
|
|-weather|Sandstorm|[upkeep]
|-damage|p2a: C.P.S|67/100|[from] Sandstorm
|upkeep
|turn|4
|
|t:|1760718965
|switch|p2a: STD|Glimmora, F|100/100
|-damage|p2a: STD|88/100|[from] Stealth Rock
|move|p1a: Glimmora|Mortal Spin|p2a: STD
|-resisted|p2a: STD
|-damage|p2a: STD|86/100
|-activate|p2a: STD|ability: Toxic Debris
|-sidestart|p1: Mist02|move: Toxic Spikes
|-sideend|p1: Mist02|Toxic Spikes|[from] move: Mortal Spin|[of] p1a: Glimmora
|-sideend|p1: Mist02|Stealth Rock|[from] move: Mortal Spin|[of] p1a: Glimmora
|
|-weather|Sandstorm|[upkeep]
|upkeep
|turn|5
|
|t:|1760718974
|move|p1a: Glimmora|Earth Power|p2a: STD
|-supereffective|p2a: STD
|-damage|p2a: STD|0 fnt
|faint|p2a: STD
|
|-weather|Sandstorm|[upkeep]
|upkeep
|
|t:|1760718984
|switch|p2a: C.P.S|Dragapult, F|67/100
|-damage|p2a: C.P.S|55/100|[from] Stealth Rock
|turn|6
|
|t:|1760719000
|move|p2a: C.P.S|Shadow Ball|p1a: Glimmora
|-damage|p1a: Glimmora|34/100
|move|p1a: Glimmora|Power Gem|p2a: C.P.S
|-damage|p2a: C.P.S|0 fnt
|faint|p2a: C.P.S
|
|-weather|Sandstorm|[upkeep]
|upkeep
|
|t:|1760719009
|switch|p2a: Onion|Ogerpon-Wellspring, F|100/100
|-damage|p2a: Onion|88/100|[from] Stealth Rock
|turn|7
|
|t:|1760719022
|switch|p1a: Gastrodon|Gastrodon, M|100/100
|move|p2a: Onion|Ivy Cudgel|p1a: Gastrodon|[anim] Ivy Cudgel Water
|-ability|p1a: Gastrodon|Storm Drain|boost
|-boost|p1a: Gastrodon|spa|1
|
|-weather|Sandstorm|[upkeep]
|-damage|p2a: Onion|82/100|[from] Sandstorm
|upkeep
|turn|8
|
|t:|1760719034
|-terastallize|p1a: Gastrodon|Grass
|move|p2a: Onion|Horn Leech|p1a: Gastrodon
|-resisted|p1a: Gastrodon
|-damage|p1a: Gastrodon|75/100
|-heal|p2a: Onion|100/100|[from] drain|[of] p1a: Gastrodon
|move|p1a: Gastrodon|Ice Beam|p2a: Onion
|-damage|p2a: Onion|37/100
|-damage|p1a: Gastrodon|65/100|[from] item: Life Orb
|
|-weather|none
|upkeep
|turn|9
|
|t:|1760719044
|switch|p2a: Super Soldier|Iron Valiant|100/100
|-damage|p2a: Super Soldier|94/100|[from] Stealth Rock
|-enditem|p2a: Super Soldier|Booster Energy
|-activate|p2a: Super Soldier|ability: Quark Drive|[fromitem]
|-start|p2a: Super Soldier|quarkdrivespe
|move|p1a: Gastrodon|Ice Beam|p2a: Super Soldier
|-damage|p2a: Super Soldier|0 fnt
|faint|p2a: Super Soldier
|-end|p2a: Super Soldier|Quark Drive|[silent]
|-damage|p1a: Gastrodon|55/100|[from] item: Life Orb
|
|upkeep
|
|t:|1760719050
|switch|p2a: CLOBBAH DAT KIRBY|Kingambit, F|100/100
|-damage|p2a: CLOBBAH DAT KIRBY|94/100|[from] Stealth Rock
|-activate|p2a: CLOBBAH DAT KIRBY|ability: Supreme Overlord
|-start|p2a: CLOBBAH DAT KIRBY|fallen3|[silent]
|turn|10
|
|t:|1760719059
|move|p2a: CLOBBAH DAT KIRBY|Kowtow Cleave|p1a: Gastrodon
|-damage|p1a: Gastrodon|0 fnt
|faint|p1a: Gastrodon
|
|-heal|p2a: CLOBBAH DAT KIRBY|100/100|[from] item: Leftovers
|upkeep
|
|t:|1760719067
|switch|p1a: Hippowdon|Hippowdon, M|100/100
|-weather|Sandstorm|[from] ability: Sand Stream|[of] p1a: Hippowdon
|turn|11
|
|t:|1760719073
|-end|p2a: CLOBBAH DAT KIRBY|fallen3|[silent]
|switch|p2a: Landon|Landorus-Therian, M|84/100
|-damage|p2a: Landon|72/100|[from] Stealth Rock
|-ability|p2a: Landon|Intimidate|boost
|-unboost|p1a: Hippowdon|atk|1
|move|p1a: Hippowdon|Body Press|p2a: Landon
|-resisted|p2a: Landon
|-damage|p2a: Landon|58/100
|-damage|p1a: Hippowdon|84/100|[from] item: Rocky Helmet|[of] p2a: Landon
|
|-weather|Sandstorm|[upkeep]
|upkeep
|turn|12
|
|t:|1760719084
|switch|p1a: Houndstone|Houndstone, F|100/100
|move|p2a: Landon|Stealth Rock|p1a: Houndstone
|-sidestart|p1: Mist02|move: Stealth Rock
|
|-weather|Sandstorm|[upkeep]
|upkeep
|turn|13
|
|t:|1760719090
|move|p1a: Houndstone|Poltergeist|p2a: Landon|[miss]
|-miss|p1a: Houndstone|p2a: Landon
|move|p2a: Landon|Earthquake|p1a: Houndstone
|-damage|p1a: Houndstone|43/100
|
|-weather|Sandstorm|[upkeep]
|upkeep
|turn|14
|
|t:|1760719097
|switch|p2a: CLOBBAH DAT KIRBY|Kingambit, F|100/100
|-damage|p2a: CLOBBAH DAT KIRBY|94/100|[from] Stealth Rock
|-activate|p2a: CLOBBAH DAT KIRBY|ability: Supreme Overlord
|-start|p2a: CLOBBAH DAT KIRBY|fallen3|[silent]
|move|p1a: Houndstone|Poltergeist|p2a: CLOBBAH DAT KIRBY
|-activate|p2a: CLOBBAH DAT KIRBY|move: Poltergeist|Leftovers
|-resisted|p2a: CLOBBAH DAT KIRBY
|-damage|p2a: CLOBBAH DAT KIRBY|74/100
|
|-weather|Sandstorm|[upkeep]
|-heal|p2a: CLOBBAH DAT KIRBY|80/100|[from] item: Leftovers
|upkeep
|turn|15
|
|t:|1760719115
|move|p2a: CLOBBAH DAT KIRBY|Sucker Punch|p1a: Houndstone
|-supereffective|p1a: Houndstone
|-damage|p1a: Houndstone|0 fnt
|faint|p1a: Houndstone
|
|-weather|Sandstorm|[upkeep]
|-heal|p2a: CLOBBAH DAT KIRBY|86/100|[from] item: Leftovers
|upkeep
|
|t:|1760719121
|switch|p1a: Lycanroc|Lycanroc, F|100/100
|-damage|p1a: Lycanroc|88/100|[from] Stealth Rock
|turn|16
|
|t:|1760719125
|-terastallize|p2a: CLOBBAH DAT KIRBY|Ghost
|move|p1a: Lycanroc|Close Combat|p2a: CLOBBAH DAT KIRBY
|-immune|p2a: CLOBBAH DAT KIRBY
|move|p2a: CLOBBAH DAT KIRBY|Iron Head|p1a: Lycanroc
|-supereffective|p1a: Lycanroc
|-damage|p1a: Lycanroc|0 fnt
|faint|p1a: Lycanroc
|
|-weather|Sandstorm|[upkeep]
|-damage|p2a: CLOBBAH DAT KIRBY|80/100|[from] Sandstorm
|-heal|p2a: CLOBBAH DAT KIRBY|86/100|[from] item: Leftovers
|upkeep
|-message|Mist02 forfeited.
|
|win|Clefable1001
|raw|Mist02's rating: 1294 &rarr; <strong>1272</strong><br />(-22 for losing)
|raw|Clefable1001's rating: 1339 &rarr; <strong>1356</strong><br />(+17 for winning)
|l|☆Mist02
|player|p1|
|l|☆Clefable1001
|player|p2|
