|j|☆thoserpeoplewhodie
|j|☆reylly
|t:|1760890142
|gametype|singles
|player|p1|thoserpeoplewhodie|musician|1156
|player|p2|reylly|clair|1123
|gen|9
|tier|[Gen 9] OU
|rated|
|rule|HP Percentage Mod: HP is shown in percentages
|rule|Endless Battle Clause: Forcing endless battles is banned
|rule|Species Clause: Limit one of each Pokémon
|rule|OHKO Clause: OHKO moves are banned
|rule|Evasion Items Clause: Evasion items are banned
|rule|Evasion Moves Clause: Evasion moves are banned
|rule|Evasion Abilities Clause: Evasion abilities are banned
|rule|Sleep Moves Clause: Sleep-inducing moves are banned
|clearpoke
|poke|p1|Vikavolt, F|
|poke|p1|Alomomola, M|
|poke|p1|Ting-Lu|
|poke|p1|Zamazenta-*|
|poke|p1|Weezing-Galar, F|
|poke|p1|Dragapult, F|
|poke|p2|Minior-Violet|
|poke|p2|Glimmora, F|
|poke|p2|Cloyster, F|
|poke|p2|Iron Moth|
|poke|p2|Brute Bonnet|
|poke|p2|Grafaiai, M|
|teampreview
|
|t:|1760890169
|teamsize|p1|6
|teamsize|p2|6
|start
|switch|p1a: Vikavolt|Vikavolt, F|100/100
|switch|p2a: Grafaiai|Grafaiai, M|100/100
|turn|1
|
|t:|1760890176
|move|p2a: Grafaiai|Swagger|p1a: Vikavolt
|-boost|p1a: Vikavolt|atk|2
|-start|p1a: Vikavolt|confusion
|-enditem|p2a: Grafaiai|Mirror Herb
|-boost|p2a: Grafaiai|atk|2|[from] item: Mirror Herb
|-activate|p1a: Vikavolt|confusion
|-damage|p1a: Vikavolt|90/100|[from] confusion
|
|upkeep
|turn|2
|
|t:|1760890191
|-terastallize|p2a: Grafaiai|Poison
|move|p2a: Grafaiai|Poison Jab|p1a: Vikavolt
|-damage|p1a: Vikavolt|0 fnt
|faint|p1a: Vikavolt
|
|upkeep
|
|t:|1760890196
|switch|p1a: Ting-Lu|Ting-Lu|100/100
|-ability|p1a: Ting-Lu|Vessel of Ruin
|turn|3
|
|t:|1760890209
|move|p2a: Grafaiai|Poison Jab|p1a: Ting-Lu
|-resisted|p1a: Ting-Lu
|-damage|p1a: Ting-Lu|74/100
|move|p1a: Ting-Lu|Whirlwind|p2a: Grafaiai
|drag|p2a: Glimmora|Glimmora, F|100/100
|
|-heal|p1a: Ting-Lu|80/100|[from] item: Leftovers
|upkeep
|turn|4
|
|t:|1760890218
|move|p2a: Glimmora|Stealth Rock|p1a: Ting-Lu
|-sidestart|p1: thoserpeoplewhodie|move: Stealth Rock
|move|p1a: Ting-Lu|Spikes|p2a: Glimmora
|-sidestart|p2: reylly|Spikes
|
|-heal|p1a: Ting-Lu|87/100|[from] item: Leftovers
|upkeep
|turn|5
|
|t:|1760890222
|move|p2a: Glimmora|Mortal Spin|p1a: Ting-Lu
|-resisted|p1a: Ting-Lu
|-damage|p1a: Ting-Lu|85/100
|-status|p1a: Ting-Lu|psn
|-sideend|p2: reylly|Spikes|[from] move: Mortal Spin|[of] p2a: Glimmora
|move|p1a: Ting-Lu|Earthquake|p2a: Glimmora
|-supereffective|p2a: Glimmora
|-damage|p2a: Glimmora|0 fnt
|-activate|p2a: Glimmora|ability: Toxic Debris
|-sidestart|p1: thoserpeoplewhodie|move: Toxic Spikes
|faint|p2a: Glimmora
|
|-heal|p1a: Ting-Lu|91/100 psn|[from] item: Leftovers
|-damage|p1a: Ting-Lu|79/100 psn|[from] psn
|upkeep
|
|t:|1760890232
|switch|p2a: Minior|Minior-Violet|100/100
|-formechange|p2a: Minior|Minior-Meteor||[from] ability: Shields Down
|turn|6
|
|t:|1760890237
|move|p2a: Minior|Shell Smash|p2a: Minior
|-unboost|p2a: Minior|def|1
|-unboost|p2a: Minior|spd|1
|-boost|p2a: Minior|atk|2
|-boost|p2a: Minior|spa|2
|-boost|p2a: Minior|spe|2
|-enditem|p2a: Minior|White Herb
|-clearnegativeboost|p2a: Minior|[silent]
|move|p1a: Ting-Lu|Whirlwind|p2a: Minior
|drag|p2a: Cloyster|Cloyster, F|100/100
|
|-heal|p1a: Ting-Lu|85/100 psn|[from] item: Leftovers
|-damage|p1a: Ting-Lu|72/100 psn|[from] psn
|upkeep
|turn|7
|
|t:|1760890243
|-terastallize|p1a: Ting-Lu|Poison
|move|p2a: Cloyster|Icicle Spear|p1a: Ting-Lu
|-damage|p1a: Ting-Lu|66/100 psn
|-crit|p1a: Ting-Lu
|-damage|p1a: Ting-Lu|56/100 psn
|-damage|p1a: Ting-Lu|49/100 psn
|-damage|p1a: Ting-Lu|42/100 psn
|-damage|p1a: Ting-Lu|36/100 psn
|-hitcount|p1a: Ting-Lu|5
|move|p1a: Ting-Lu|Whirlwind|p2a: Cloyster
|drag|p2a: Brute Bonnet|Brute Bonnet|100/100
|
|-heal|p1a: Ting-Lu|43/100 psn|[from] item: Leftovers
|-damage|p1a: Ting-Lu|30/100 psn|[from] psn
|upkeep
|turn|8
|
|t:|1760890250
|move|p2a: Brute Bonnet|Close Combat|p1a: Ting-Lu
|-resisted|p1a: Ting-Lu
|-damage|p1a: Ting-Lu|18/100 psn
|-unboost|p2a: Brute Bonnet|def|1
|-unboost|p2a: Brute Bonnet|spd|1
|-enditem|p2a: Brute Bonnet|White Herb
|-clearnegativeboost|p2a: Brute Bonnet|[silent]
|move|p1a: Ting-Lu|Spikes|p2a: Brute Bonnet
|-sidestart|p2: reylly|Spikes
|
|-heal|p1a: Ting-Lu|24/100 psn|[from] item: Leftovers
|-damage|p1a: Ting-Lu|12/100 psn|[from] psn
|upkeep
|turn|9
|
|t:|1760890254
|switch|p1a: Alomomola|Alomomola, M|100/100
|-damage|p1a: Alomomola|88/100|[from] Stealth Rock
|-status|p1a: Alomomola|psn
|move|p2a: Brute Bonnet|Sucker Punch||[still]
|-fail|p2a: Brute Bonnet
|
|-heal|p1a: Alomomola|94/100 psn|[from] item: Leftovers
|-damage|p1a: Alomomola|82/100 psn|[from] psn
|upkeep
|turn|10
|
|t:|1760890256
|move|p1a: Alomomola|Wish|p1a: Alomomola
|move|p2a: Brute Bonnet|Trailblaze|p1a: Alomomola
|-supereffective|p1a: Alomomola
|-damage|p1a: Alomomola|49/100 psn
|-boost|p2a: Brute Bonnet|spe|1
|
|-heal|p1a: Alomomola|56/100 psn|[from] item: Leftovers
|-damage|p1a: Alomomola|43/100 psn|[from] psn
|upkeep
|turn|11
|
|t:|1760890265
|move|p2a: Brute Bonnet|Trailblaze|p1a: Alomomola
|-supereffective|p1a: Alomomola
|-damage|p1a: Alomomola|9/100 psn
|-boost|p2a: Brute Bonnet|spe|1
|move|p1a: Alomomola|Scald|p2a: Brute Bonnet
|-resisted|p2a: Brute Bonnet
|-damage|p2a: Brute Bonnet|96/100
|-status|p2a: Brute Bonnet|brn
|
|-heal|p1a: Alomomola|59/100 psn|[from] move: Wish|[wisher] Alomomola
|-heal|p1a: Alomomola|65/100 psn|[from] item: Leftovers
|-damage|p1a: Alomomola|53/100 psn|[from] psn
|-damage|p2a: Brute Bonnet|90/100 brn|[from] brn
|upkeep
|turn|12
|
|t:|1760890274
|move|p2a: Brute Bonnet|Crunch|p1a: Alomomola
|-crit|p1a: Alomomola
|-damage|p1a: Alomomola|33/100 psn
|-unboost|p1a: Alomomola|def|1
|move|p1a: Alomomola|Wish|p1a: Alomomola
|
|-heal|p1a: Alomomola|40/100 psn|[from] item: Leftovers
|-damage|p1a: Alomomola|27/100 psn|[from] psn
|-damage|p2a: Brute Bonnet|84/100 brn|[from] brn
|upkeep
|turn|13
|
|t:|1760890282
|move|p2a: Brute Bonnet|Trailblaze|p1a: Alomomola
|-supereffective|p1a: Alomomola
|-damage|p1a: Alomomola|1/100 psn
|-boost|p2a: Brute Bonnet|spe|1
|move|p1a: Alomomola|Flip Turn|p2a: Brute Bonnet
|-resisted|p2a: Brute Bonnet
|-damage|p2a: Brute Bonnet|77/100 brn
|
|t:|1760890289
|switch|p1a: Ting-Lu|Ting-Lu, tera:Poison|12/100 psn|[from] Flip Turn
|-damage|p1a: Ting-Lu|0 fnt|[from] Stealth Rock
|faint|p1a: Ting-Lu
|
|-damage|p2a: Brute Bonnet|71/100 brn|[from] brn
|upkeep
|
|t:|1760890295
|switch|p1a: Weezing|Weezing-Galar, F|100/100
|-damage|p1a: Weezing|88/100|[from] Stealth Rock
|turn|14
|
|t:|1760890314
|move|p2a: Brute Bonnet|Close Combat|p1a: Weezing
|-resisted|p1a: Weezing
|-crit|p1a: Weezing
|-damage|p1a: Weezing|80/100
|-unboost|p2a: Brute Bonnet|def|1
|-unboost|p2a: Brute Bonnet|spd|1
|move|p1a: Weezing|Defog|p2a: Brute Bonnet
|-unboost|p2a: Brute Bonnet|evasion|1
|-sideend|p2: reylly|Spikes|[from] move: Defog|[of] p1a: Weezing
|-sideend|p1: thoserpeoplewhodie|Toxic Spikes|[from] move: Defog|[of] p1a: Weezing
|-sideend|p1: thoserpeoplewhodie|Stealth Rock|[from] move: Defog|[of] p1a: Weezing
|
|-heal|p1a: Weezing|86/100|[from] item: Leftovers
|-damage|p2a: Brute Bonnet|65/100 brn|[from] brn
|upkeep
|turn|15
|
|t:|1760890330
|move|p2a: Brute Bonnet|Trailblaze|p1a: Weezing
|-resisted|p1a: Weezing
|-damage|p1a: Weezing|80/100
|-boost|p2a: Brute Bonnet|spe|1
|move|p1a: Weezing|Gunk Shot|p2a: Brute Bonnet
|-supereffective|p2a: Brute Bonnet
|-damage|p2a: Brute Bonnet|0 fnt
|faint|p2a: Brute Bonnet
|-end|p2a: Brute Bonnet|Protosynthesis|[silent]
|
|-heal|p1a: Weezing|86/100|[from] item: Leftovers
|upkeep
|
|t:|1760890334
|switch|p2a: Minior|Minior-Violet|100/100
|-formechange|p2a: Minior|Minior-Meteor||[from] ability: Shields Down
|turn|16
|
|t:|1760890342
|move|p2a: Minior|Substitute|p2a: Minior
|-start|p2a: Minior|Substitute
|-damage|p2a: Minior|76/100
|move|p1a: Weezing|Will-O-Wisp||[still]
|-fail|p1a: Weezing
|
|-heal|p1a: Weezing|92/100|[from] item: Leftovers
|upkeep
|turn|17
|
|t:|1760890350
|switch|p1a: Alomomola|Alomomola, M|35/100 psn
|move|p2a: Minior|Shell Smash|p2a: Minior
|-unboost|p2a: Minior|def|1
|-unboost|p2a: Minior|spd|1
|-boost|p2a: Minior|atk|2
|-boost|p2a: Minior|spa|2
|-boost|p2a: Minior|spe|2
|
|-heal|p1a: Alomomola|41/100 psn|[from] item: Leftovers
|-damage|p1a: Alomomola|29/100 psn|[from] psn
|upkeep
|turn|18
|
|t:|1760890359
|move|p2a: Minior|Acrobatics|p1a: Alomomola
|-damage|p1a: Alomomola|0 fnt
|faint|p1a: Alomomola
|
|upkeep
|
|t:|1760890364
|switch|p1a: Zamazenta|Zamazenta|100/100
|-ability|p1a: Zamazenta|Dauntless Shield|boost
|-boost|p1a: Zamazenta|def|1
|turn|19
|
|t:|1760890369
|move|p2a: Minior|Acrobatics|p1a: Zamazenta
|-supereffective|p1a: Zamazenta
|-damage|p1a: Zamazenta|22/100
|-damage|p2a: Minior|59/100|[from] item: Rocky Helmet|[of] p1a: Zamazenta
|move|p1a: Zamazenta|Iron Head|p2a: Minior
|-supereffective|p2a: Minior
|-end|p2a: Minior|Substitute
|
|upkeep
|turn|20
|
|t:|1760890378
|move|p2a: Minior|Acrobatics|p1a: Zamazenta
|-supereffective|p1a: Zamazenta
|-damage|p1a: Zamazenta|0 fnt
|-damage|p2a: Minior|43/100|[from] item: Rocky Helmet|[of] p1a: Zamazenta
|faint|p1a: Zamazenta
|
|-formechange|p2a: Minior|Minior-Violet||[from] ability: Shields Down
|upkeep
|
|t:|1760890379
|switch|p1a: Dragapult|Dragapult, F|100/100
|turn|21
|
|t:|1760890393
|move|p1a: Dragapult|Sucker Punch|p2a: Minior
|-damage|p2a: Minior|0 fnt
|faint|p2a: Minior
|
|upkeep
|
|t:|1760890402
|switch|p2a: Cloyster|Cloyster, F|100/100
|turn|22
|
|t:|1760890408
|switch|p1a: Weezing|Weezing-Galar, F|92/100
|move|p2a: Cloyster|Shell Smash|p2a: Cloyster
|-unboost|p2a: Cloyster|def|1
|-unboost|p2a: Cloyster|spd|1
|-boost|p2a: Cloyster|atk|2
|-boost|p2a: Cloyster|spa|2
|-boost|p2a: Cloyster|spe|2
|-enditem|p2a: Cloyster|White Herb
|-clearnegativeboost|p2a: Cloyster|[silent]
|
|-heal|p1a: Weezing|98/100|[from] item: Leftovers
|upkeep
|turn|23
|
|t:|1760890421
|move|p2a: Cloyster|Rock Blast|p1a: Weezing
|-damage|p1a: Weezing|83/100
|-damage|p1a: Weezing|69/100
|-damage|p1a: Weezing|56/100
|-damage|p1a: Weezing|43/100
|-crit|p1a: Weezing
|-damage|p1a: Weezing|22/100
|-hitcount|p1a: Weezing|5
|move|p1a: Weezing|Will-O-Wisp|p2a: Cloyster
|-status|p2a: Cloyster|brn
|
|-heal|p1a: Weezing|28/100|[from] item: Leftovers
|-damage|p2a: Cloyster|94/100 brn|[from] brn
|upkeep
|turn|24
|
|t:|1760890446
|move|p2a: Cloyster|Icicle Spear|p1a: Weezing
|-damage|p1a: Weezing|18/100
|-damage|p1a: Weezing|8/100
|-damage|p1a: Weezing|0 fnt
|faint|p1a: Weezing
|-hitcount|p1: Weezing|3
|
|-damage|p2a: Cloyster|88/100 brn|[from] brn
|upkeep
|
|t:|1760890454
|switch|p1a: Dragapult|Dragapult, F|100/100
|turn|25
|
|t:|1760890464
|move|p2a: Cloyster|Icicle Spear|p1a: Dragapult
|-supereffective|p1a: Dragapult
|-damage|p1a: Dragapult|68/100
|-supereffective|p1a: Dragapult
|-damage|p1a: Dragapult|39/100
|-supereffective|p1a: Dragapult
|-damage|p1a: Dragapult|8/100
|-supereffective|p1a: Dragapult
|-damage|p1a: Dragapult|0 fnt
|faint|p1a: Dragapult
|-hitcount|p1: Dragapult|4
|
|win|reylly
|raw|thoserpeoplewhodie's rating: 1156 &rarr; <strong>1129</strong><br />(-27 for losing)
|raw|reylly's rating: 1123 &rarr; <strong>1150</strong><br />(+27 for winning)
|l|☆thoserpeoplewhodie
|player|p1|
|l|☆reylly
|player|p2|
