|j|☆thesunevitableone
|j|☆yellosun
|t:|1760865477
|gametype|singles
|player|p1|thesunevitableone|janine|1493
|player|p2|yellosun|battlegirl-gen4|1510
|gen|9
|tier|[Gen 9] OU
|rated|
|rule|HP Percentage Mod: HP is shown in percentages
|rule|Endless Battle Clause: Forcing endless battles is banned
|rule|Species Clause: Limit one of each Pokémon
|rule|OHKO Clause: OHKO moves are banned
|rule|Evasion Items Clause: Evasion items are banned
|rule|Evasion Moves Clause: Evasion moves are banned
|rule|Evasion Abilities Clause: Evasion abilities are banned
|rule|Sleep Moves Clause: Sleep-inducing moves are banned
|clearpoke
|poke|p1|Ribombee, M|
|poke|p1|Gholdengo|
|poke|p1|Great Tusk|
|poke|p1|Raging Bolt|
|poke|p1|Ogerpon-Cornerstone, F|
|poke|p1|Ceruledge, M|
|poke|p2|Deoxys-Speed|
|poke|p2|Dragonite, M|
|poke|p2|Darkrai|
|poke|p2|Iron Moth|
|poke|p2|Scizor, F|
|poke|p2|Great Tusk|
|teampreview
|inactive|Battle timer is ON: inactive players will automatically lose when time's up. (requested by yellosun)
|inactive|thesunevitableone has 120 seconds left.
|
|t:|1760865510
|teamsize|p1|6
|teamsize|p2|6
|start
|switch|p1a: NEW DROP|Ribombee, M, shiny|100/100
|switch|p2a: Deoxys|Deoxys-Speed|100/100
|-ability|p2a: Deoxys|Pressure
|turn|1
|
|t:|1760865517
|move|p2a: Deoxys|Taunt|p1a: NEW DROP
|-start|p1a: NEW DROP|move: Taunt
|cant|p1a: NEW DROP|move: Taunt|Sticky Web
|
|upkeep
|turn|2
|
|t:|1760865535
|move|p2a: Deoxys|Stealth Rock|p1a: NEW DROP
|-sidestart|p1: thesunevitableone|move: Stealth Rock
|move|p1a: NEW DROP|Moonblast|p2a: Deoxys
|-damage|p2a: Deoxys|52/100
|
|upkeep
|turn|3
|
|t:|1760865546
|move|p2a: Deoxys|Psycho Boost|p1a: NEW DROP
|-damage|p1a: NEW DROP|5/100
|-unboost|p2a: Deoxys|spa|2
|move|p1a: NEW DROP|Psychic Noise|p2a: Deoxys
|-resisted|p2a: Deoxys
|-damage|p2a: Deoxys|39/100
|-start|p2a: Deoxys|move: Heal Block
|
|-end|p1a: NEW DROP|move: Taunt
|upkeep
|turn|4
|
|t:|1760865572
|switch|p1a: KRYPTONITE|Gholdengo, shiny|100/100
|-damage|p1a: KRYPTONITE|94/100|[from] Stealth Rock
|-item|p1a: KRYPTONITE|Air Balloon
|move|p2a: Deoxys|Ice Beam|p1a: KRYPTONITE
|-resisted|p1a: KRYPTONITE
|-damage|p1a: KRYPTONITE|88/100
|-enditem|p1a: KRYPTONITE|Air Balloon
|
|-end|p2a: Deoxys|move: Heal Block
|upkeep
|turn|5
|inactive|thesunevitableone has 120 seconds left.
|
|t:|1760865590
|move|p2a: Deoxys|Psycho Boost|p1a: KRYPTONITE|[miss]
|-miss|p2a: Deoxys|p1a: KRYPTONITE
|move|p1a: KRYPTONITE|Shadow Ball|p2a: Deoxys
|-supereffective|p2a: Deoxys
|-damage|p2a: Deoxys|0 fnt
|faint|p2a: Deoxys
|
|upkeep
|
|t:|1760865594
|switch|p2a: Darkrai|Darkrai|100/100
|turn|6
|inactive|thesunevitableone has 120 seconds left.
|
|t:|1760865615
|switch|p1a: BANDIT|Great Tusk, shiny|100/100
|-damage|p1a: BANDIT|98/100|[from] Stealth Rock
|-enditem|p1a: BANDIT|Booster Energy
|-activate|p1a: BANDIT|ability: Protosynthesis|[fromitem]
|-start|p1a: BANDIT|protosynthesisatk
|move|p2a: Darkrai|Dark Pulse|p1a: BANDIT
|-resisted|p1a: BANDIT
|-damage|p1a: BANDIT|52/100
|-damage|p2a: Darkrai|91/100|[from] item: Life Orb
|
|upkeep
|turn|7
|inactive|thesunevitableone has 120 seconds left.
|
|t:|1760865630
|-terastallize|p1a: BANDIT|Ice
|move|p2a: Darkrai|Ice Beam|p1a: BANDIT
|-resisted|p1a: BANDIT
|-damage|p1a: BANDIT|22/100
|-damage|p2a: Darkrai|81/100|[from] item: Life Orb
|move|p1a: BANDIT|Rapid Spin|p2a: Darkrai
|-damage|p2a: Darkrai|48/100
|-boost|p1a: BANDIT|spe|1
|-sideend|p1: thesunevitableone|Stealth Rock|[from] move: Rapid Spin|[of] p1a: BANDIT
|
|upkeep
|turn|8
|inactive|thesunevitableone has 120 seconds left.
|inactive|yellosun has 120 seconds left.
|
|t:|1760865665
|switch|p2a: Great Tusk|Great Tusk|100/100
|-enditem|p2a: Great Tusk|Booster Energy
|-activate|p2a: Great Tusk|ability: Protosynthesis|[fromitem]
|-start|p2a: Great Tusk|protosynthesisspe
|move|p1a: BANDIT|Close Combat|p2a: Great Tusk
|-damage|p2a: Great Tusk|50/100
|-unboost|p1a: BANDIT|def|1
|-unboost|p1a: BANDIT|spd|1
|
|upkeep
|turn|9
|
|t:|1760865676
|move|p1a: BANDIT|Ice Spinner|p2a: Great Tusk
|-supereffective|p2a: Great Tusk
|-damage|p2a: Great Tusk|0 fnt
|faint|p2a: Great Tusk
|-end|p2a: Great Tusk|Protosynthesis|[silent]
|
|upkeep
|inactive|yellosun has 120 seconds left.
|
|t:|1760865694
|switch|p2a: Scizor|Scizor, F|100/100
|turn|10
|inactive|thesunevitableone has 90 seconds left.
|inactive|thesunevitableone has 60 seconds left.
|
|t:|1760865769
|move|p2a: Scizor|Bullet Punch|p1a: BANDIT
|-supereffective|p1a: BANDIT
|-damage|p1a: BANDIT|0 fnt
|faint|p1a: BANDIT
|-end|p1a: BANDIT|Protosynthesis|[silent]
|
|upkeep
|
|t:|1760865774
|switch|p1a: TORE UP|Ceruledge, M, shiny|100/100
|turn|11
|
|t:|1760865785
|switch|p2a: Dragonite|Dragonite, M|100/100
|move|p1a: TORE UP|Bitter Blade|p2a: Dragonite
|-resisted|p2a: Dragonite
|-damage|p2a: Dragonite|86/100
|
|upkeep
|turn|12
|inactive|thesunevitableone has 30 seconds left.
|
|t:|1760865824
|switch|p1a: NEW DROP|Ribombee, M, shiny|5/100
|move|p2a: Dragonite|Dragon Dance|p2a: Dragonite
|-boost|p2a: Dragonite|atk|1
|-boost|p2a: Dragonite|spe|1
|
|upkeep
|turn|13
|inactive|thesunevitableone has 30 seconds left.
|
|t:|1760865832
|move|p2a: Dragonite|Tera Blast|p1a: NEW DROP
|-damage|p1a: NEW DROP|0 fnt
|faint|p1a: NEW DROP
|
|upkeep
|inactive|thesunevitableone has 30 seconds left.
|
|t:|1760865847
|switch|p1a: BROTHER STONE|Ogerpon-Cornerstone, F|100/100
|turn|14
|
|t:|1760865853
|-terastallize|p2a: Dragonite|Ghost
|move|p2a: Dragonite|Dragon Dance|p2a: Dragonite
|-boost|p2a: Dragonite|atk|1
|-boost|p2a: Dragonite|spe|1
|move|p1a: BROTHER STONE|Ivy Cudgel|p2a: Dragonite|[anim] Ivy Cudgel Rock
|-damage|p2a: Dragonite|9/100
|
|upkeep
|turn|15
|inactive|thesunevitableone has 30 seconds left.
|inactive|thesunevitableone has 20 seconds left.
|
|t:|1760865881
|move|p2a: Dragonite|Tera Blast|p1a: BROTHER STONE|[anim] Tera Blast Ghost
|-ability|p1a: BROTHER STONE|Sturdy
|-damage|p1a: BROTHER STONE|1/100
|move|p1a: BROTHER STONE|Ivy Cudgel|p2a: Dragonite|[anim] Ivy Cudgel Rock
|-damage|p2a: Dragonite|0 fnt
|faint|p2a: Dragonite
|
|upkeep
|
|t:|1760865897
|switch|p2a: Iron Moth|Iron Moth|100/100
|-enditem|p2a: Iron Moth|Booster Energy
|-activate|p2a: Iron Moth|ability: Quark Drive|[fromitem]
|-start|p2a: Iron Moth|quarkdrivespe
|turn|16
|inactive|thesunevitableone has 30 seconds left.
|
|t:|1760865904
|move|p2a: Iron Moth|Fiery Dance|p1a: BROTHER STONE
|-damage|p1a: BROTHER STONE|0 fnt
|faint|p1a: BROTHER STONE
|
|upkeep
|inactive|thesunevitableone has 30 seconds left.
|
|t:|1760865917
|switch|p1a: GREAT NECK|Raging Bolt|100/100
|-enditem|p1a: GREAT NECK|Booster Energy
|-activate|p1a: GREAT NECK|ability: Protosynthesis|[fromitem]
|-start|p1a: GREAT NECK|protosynthesisspa
|turn|17
|inactive|thesunevitableone has 30 seconds left.
|
|t:|1760865926
|move|p2a: Iron Moth|Dazzling Gleam|p1a: GREAT NECK
|-supereffective|p1a: GREAT NECK
|-damage|p1a: GREAT NECK|51/100
|move|p1a: GREAT NECK|Thunderbolt|p2a: Iron Moth
|-crit|p2a: Iron Moth
|-damage|p2a: Iron Moth|0 fnt
|faint|p2a: Iron Moth
|-end|p2a: Iron Moth|Quark Drive|[silent]
|
|upkeep
|
|t:|1760865932
|switch|p2a: Scizor|Scizor, F|100/100
|turn|18
|
|t:|1760865943
|-end|p1a: GREAT NECK|Protosynthesis|[silent]
|switch|p1a: KRYPTONITE|Gholdengo, shiny|88/100
|move|p2a: Scizor|U-turn|p1a: KRYPTONITE
|-resisted|p1a: KRYPTONITE
|-damage|p1a: KRYPTONITE|73/100
|
|t:|1760865946
|switch|p2a: Darkrai|Darkrai|48/100|[from] U-turn
|
|upkeep
|turn|19
|
|t:|1760865954
|move|p2a: Darkrai|Dark Pulse|p1a: KRYPTONITE
|-supereffective|p1a: KRYPTONITE
|-crit|p1a: KRYPTONITE
|-damage|p1a: KRYPTONITE|0 fnt
|faint|p1a: KRYPTONITE
|-damage|p2a: Darkrai|38/100|[from] item: Life Orb
|
|upkeep
|
|t:|1760865970
|switch|p1a: GREAT NECK|Raging Bolt|51/100
|turn|20
|
|t:|1760865975
|switch|p2a: Scizor|Scizor, F|100/100
|move|p1a: GREAT NECK|Thunderclap||[still]
|-fail|p1a: GREAT NECK
|
|upkeep
|turn|21
|
|t:|1760865984
|-end|p1a: GREAT NECK|Protosynthesis|[silent]
|switch|p1a: TORE UP|Ceruledge, M, shiny|100/100
|move|p2a: Scizor|U-turn|p1a: TORE UP
|-resisted|p1a: TORE UP
|-damage|p1a: TORE UP|80/100
|-ability|p1a: TORE UP|Weak Armor|boost
|-unboost|p1a: TORE UP|def|1
|-boost|p1a: TORE UP|spe|2
|
|t:|1760865990
|switch|p2a: Darkrai|Darkrai|38/100|[from] U-turn
|
|upkeep
|turn|22
|inactive|thesunevitableone has 60 seconds left.
|
|t:|1760865997
|move|p1a: TORE UP|Bitter Blade|p2a: Darkrai
|-damage|p2a: Darkrai|0 fnt
|-heal|p1a: TORE UP|98/100|[from] drain|[of] p2a: Darkrai
|faint|p2a: Darkrai
|
|upkeep
|-message|yellosun forfeited.
|
|win|thesunevitableone
|raw|thesunevitableone's rating: 1493 &rarr; <strong>1514</strong><br />(+21 for winning)
|raw|yellosun's rating: 1510 &rarr; <strong>1489</strong><br />(-21 for losing)
|l|☆yellosun
|player|p2|
|l|☆thesunevitableone
|player|p1|
