|j|☆salty pepperer
|j|☆Ryu_NLF
|t:|1760728537
|gametype|singles
|player|p1|salty pepperer|1|1400
|player|p2|Ryu_NLF|jasmine|1386
|gen|9
|tier|[Gen 9] OU
|rated|
|rule|HP Percentage Mod: HP is shown in percentages
|rule|Endless Battle Clause: Forcing endless battles is banned
|rule|Species Clause: Limit one of each Pokémon
|rule|OHKO Clause: OHKO moves are banned
|rule|Evasion Items Clause: Evasion items are banned
|rule|Evasion Moves Clause: Evasion moves are banned
|rule|Evasion Abilities Clause: Evasion abilities are banned
|rule|Sleep Moves Clause: Sleep-inducing moves are banned
|clearpoke
|poke|p1|Ursaluna, M|
|poke|p1|Alomomola, M|
|poke|p1|Rillaboom, M|
|poke|p1|Tinkaton, F|
|poke|p1|Iron Treads|
|poke|p1|Samurott-Hisui, F|
|poke|p2|Vileplume, M|
|poke|p2|Swampert, F|
|poke|p2|Excadrill, M|
|poke|p2|Chandelure, F|
|poke|p2|Ribombee, F|
|poke|p2|Honchkrow, M|
|teampreview
|
|t:|1760728562
|teamsize|p1|6
|teamsize|p2|6
|start
|switch|p1a: Tinkaton|Tinkaton, F|100/100
|switch|p2a: Ribombee|Ribombee, F, shiny|100/100
|-ability|p1a: Tinkaton|Mold Breaker
|turn|1
|
|t:|1760728573
|switch|p2a: Swampert|Swampert, F|100/100
|move|p1a: Tinkaton|Gigaton Hammer|p2a: Swampert
|-resisted|p2a: Swampert
|-damage|p2a: Swampert|81/100
|
|-heal|p2a: Swampert|87/100|[from] item: Leftovers
|upkeep
|turn|2
|
|t:|1760728582
|switch|p1a: Rillaboom|Rillaboom, M|100/100
|-fieldstart|move: Grassy Terrain|[from] ability: Grassy Surge|[of] p1a: Rillaboom
|move|p2a: Swampert|Stealth Rock|p1a: Rillaboom
|-sidestart|p1: salty pepperer|move: Stealth Rock
|
|-heal|p2a: Swampert|94/100|[from] Grassy Terrain
|-heal|p2a: Swampert|99/100|[from] item: Leftovers
|upkeep
|turn|3
|
|t:|1760728598
|switch|p2a: Vileplume|Vileplume, M, shiny|100/100
|move|p1a: Rillaboom|Knock Off|p2a: Vileplume
|-damage|p2a: Vileplume|72/100
|-damage|p1a: Rillaboom|84/100|[from] item: Rocky Helmet|[of] p2a: Vileplume
|-enditem|p2a: Vileplume|Rocky Helmet|[from] move: Knock Off|[of] p1a: Rillaboom
|
|-heal|p1a: Rillaboom|90/100|[from] Grassy Terrain
|-heal|p2a: Vileplume|78/100|[from] Grassy Terrain
|upkeep
|turn|4
|
|t:|1760728615
|switch|p1a: Tinkaton|Tinkaton, F|100/100
|-damage|p1a: Tinkaton|94/100|[from] Stealth Rock
|-ability|p1a: Tinkaton|Mold Breaker
|move|p2a: Vileplume|Giga Drain|p1a: Tinkaton
|-resisted|p1a: Tinkaton
|-damage|p1a: Tinkaton|80/100
|-heal|p2a: Vileplume|86/100|[from] drain|[of] p1a: Tinkaton
|
|-heal|p1a: Tinkaton|86/100|[from] Grassy Terrain
|-heal|p1a: Tinkaton|92/100|[from] item: Leftovers
|-heal|p2a: Vileplume|93/100|[from] Grassy Terrain
|upkeep
|turn|5
|
|t:|1760728629
|move|p1a: Tinkaton|Stealth Rock|p2a: Vileplume
|-sidestart|p2: Ryu_NLF|move: Stealth Rock
|move|p2a: Vileplume|Strength Sap|p1a: Tinkaton
|-unboost|p1a: Tinkaton|atk|1
|-heal|p2a: Vileplume|100/100
|
|-heal|p1a: Tinkaton|98/100|[from] Grassy Terrain
|-heal|p1a: Tinkaton|100/100|[from] item: Leftovers
|upkeep
|turn|6
|
|t:|1760728639
|move|p1a: Tinkaton|Encore|p2a: Vileplume
|-start|p2a: Vileplume|Encore
|move|p2a: Vileplume|Strength Sap|p1a: Tinkaton
|-unboost|p1a: Tinkaton|atk|1
|
|-fieldend|move: Grassy Terrain
|upkeep
|turn|7
|
|t:|1760728652
|move|p1a: Tinkaton|Thunder Wave|p2a: Vileplume
|-status|p2a: Vileplume|par
|cant|p2a: Vileplume|par
|
|upkeep
|turn|8
|
|t:|1760728668
|switch|p2a: Excadrill|Excadrill, M|100/100
|-ability|p2a: Excadrill|Mold Breaker
|move|p1a: Tinkaton|Thunder Wave|p2a: Excadrill
|-immune|p2a: Excadrill
|
|upkeep
|turn|9
|
|t:|1760728677
|switch|p1a: Ursaluna|Ursaluna, M|100/100
|-damage|p1a: Ursaluna|94/100|[from] Stealth Rock
|move|p2a: Excadrill|Rapid Spin|p1a: Ursaluna
|-damage|p1a: Ursaluna|83/100
|-boost|p2a: Excadrill|spe|1
|-sideend|p2: Ryu_NLF|Stealth Rock|[from] move: Rapid Spin|[of] p2a: Excadrill
|
|-status|p1a: Ursaluna|brn|[from] item: Flame Orb
|upkeep
|turn|10
|
|t:|1760728692
|switch|p2a: Honchkrow|Honchkrow, M|100/100
|move|p1a: Ursaluna|Fire Punch|p2a: Honchkrow
|-damage|p2a: Honchkrow|20/100
|
|-damage|p1a: Ursaluna|77/100 brn|[from] brn
|upkeep
|turn|11
|
|t:|1760728703
|move|p2a: Honchkrow|Brave Bird|p1a: Ursaluna
|-damage|p1a: Ursaluna|34/100 brn
|-damage|p2a: Honchkrow|3/100|[from] Recoil
|move|p1a: Ursaluna|Fire Punch|p2a: Honchkrow
|-damage|p2a: Honchkrow|0 fnt
|faint|p2a: Honchkrow
|
|-damage|p1a: Ursaluna|28/100 brn|[from] brn
|upkeep
|
|t:|1760728719
|switch|p2a: Ribombee|Ribombee, F, shiny|100/100
|turn|12
|
|t:|1760728731
|switch|p1a: Tinkaton|Tinkaton, F|100/100
|-damage|p1a: Tinkaton|94/100|[from] Stealth Rock
|-ability|p1a: Tinkaton|Mold Breaker
|move|p2a: Ribombee|Moonblast|p1a: Tinkaton
|-resisted|p1a: Tinkaton
|-damage|p1a: Tinkaton|77/100
|
|-heal|p1a: Tinkaton|83/100|[from] item: Leftovers
|upkeep
|turn|13
|
|t:|1760728743
|switch|p2a: Excadrill|Excadrill, M|100/100
|-ability|p2a: Excadrill|Mold Breaker
|move|p1a: Tinkaton|Gigaton Hammer|p2a: Excadrill
|-resisted|p2a: Excadrill
|-damage|p2a: Excadrill|72/100
|
|-heal|p1a: Tinkaton|90/100|[from] item: Leftovers
|upkeep
|turn|14
|
|t:|1760728754
|switch|p1a: Alomomola|Alomomola, M|100/100
|move|p2a: Excadrill|Earthquake|p1a: Alomomola
|-damage|p1a: Alomomola|70/100
|
|upkeep
|turn|15
|
|t:|1760728761
|switch|p2a: Swampert|Swampert, F|99/100
|move|p1a: Alomomola|Wish|p1a: Alomomola
|
|-heal|p2a: Swampert|100/100|[from] item: Leftovers
|upkeep
|turn|16
|
|t:|1760728769
|move|p2a: Swampert|Knock Off|p1a: Alomomola
|-damage|p1a: Alomomola|56/100
|-enditem|p1a: Alomomola|Heavy-Duty Boots|[from] move: Knock Off|[of] p2a: Swampert
|move|p1a: Alomomola|Flip Turn|p2a: Swampert
|-damage|p2a: Swampert|85/100
|
|t:|1760728774
|switch|p1a: Ursaluna|Ursaluna, M|28/100 brn|[from] Flip Turn
|-damage|p1a: Ursaluna|22/100 brn|[from] Stealth Rock
|
|-heal|p1a: Ursaluna|87/100 brn|[from] move: Wish|[wisher] Alomomola
|-heal|p2a: Swampert|92/100|[from] item: Leftovers
|-damage|p1a: Ursaluna|81/100 brn|[from] brn
|upkeep
|turn|17
|
|t:|1760728785
|switch|p1a: Rillaboom|Rillaboom, M|90/100
|-fieldstart|move: Grassy Terrain|[from] ability: Grassy Surge|[of] p1a: Rillaboom
|move|p2a: Swampert|Flip Turn|p1a: Rillaboom
|-resisted|p1a: Rillaboom
|-damage|p1a: Rillaboom|79/100
|
|t:|1760728792
|switch|p2a: Chandelure|Chandelure, F|100/100|[from] Flip Turn
|
|-heal|p1a: Rillaboom|85/100|[from] Grassy Terrain
|upkeep
|turn|18
|
|t:|1760728800
|switch|p1a: Samurott|Samurott-Hisui, F|100/100
|-damage|p1a: Samurott|88/100|[from] Stealth Rock
|move|p2a: Chandelure|Energy Ball|p1a: Samurott
|-supereffective|p1a: Samurott
|-damage|p1a: Samurott|0 fnt
|faint|p1a: Samurott
|
|upkeep
|
|t:|1760728819
|switch|p1a: Iron Treads|Iron Treads|100/100
|-damage|p1a: Iron Treads|97/100|[from] Stealth Rock
|turn|19
|
|t:|1760728829
|-terastallize|p2a: Chandelure|Grass
|move|p2a: Chandelure|Energy Ball|p1a: Iron Treads
|-damage|p1a: Iron Treads|42/100
|move|p1a: Iron Treads|Knock Off|p2a: Chandelure
|-damage|p2a: Chandelure|60/100
|-enditem|p2a: Chandelure|Choice Scarf|[from] move: Knock Off|[of] p1a: Iron Treads
|
|-heal|p1a: Iron Treads|48/100|[from] Grassy Terrain
|-heal|p2a: Chandelure|66/100|[from] Grassy Terrain
|upkeep
|turn|20
|
|t:|1760728845
|move|p1a: Iron Treads|Rapid Spin|p2a: Chandelure
|-damage|p2a: Chandelure|45/100
|-boost|p1a: Iron Treads|spe|1
|-sideend|p1: salty pepperer|Stealth Rock|[from] move: Rapid Spin|[of] p1a: Iron Treads
|move|p2a: Chandelure|Energy Ball|p1a: Iron Treads
|-damage|p1a: Iron Treads|0 fnt
|faint|p1a: Iron Treads
|-end|p1a: Iron Treads|Quark Drive|[silent]
|
|-heal|p2a: Chandelure|51/100|[from] Grassy Terrain
|upkeep
|
|t:|1760728865
|switch|p1a: Tinkaton|Tinkaton, F|90/100
|-ability|p1a: Tinkaton|Mold Breaker
|turn|21
|
|t:|1760728870
|switch|p2a: Vileplume|Vileplume, M, shiny|100/100 par
|move|p1a: Tinkaton|Gigaton Hammer|p2a: Vileplume
|-damage|p2a: Vileplume|64/100 par
|
|-heal|p1a: Tinkaton|96/100|[from] Grassy Terrain
|-heal|p1a: Tinkaton|100/100|[from] item: Leftovers
|-heal|p2a: Vileplume|70/100 par|[from] Grassy Terrain
|-fieldend|move: Grassy Terrain
|upkeep
|turn|22
|
|t:|1760728884
|move|p1a: Tinkaton|Stealth Rock|p2a: Vileplume
|-sidestart|p2: Ryu_NLF|move: Stealth Rock
|move|p2a: Vileplume|Leech Seed|p1a: Tinkaton
|-start|p1a: Tinkaton|move: Leech Seed
|
|-damage|p1a: Tinkaton|88/100|[from] Leech Seed|[of] p2a: Vileplume
|-heal|p2a: Vileplume|83/100 par|[silent]
|upkeep
|turn|23
|
|t:|1760728895
|switch|p2a: Excadrill|Excadrill, M|72/100
|-ability|p2a: Excadrill|Mold Breaker
|move|p1a: Tinkaton|Encore||[still]
|-fail|p1a: Tinkaton
|
|-heal|p1a: Tinkaton|94/100|[from] item: Leftovers
|-damage|p1a: Tinkaton|82/100|[from] Leech Seed|[of] p2a: Excadrill
|-heal|p2a: Excadrill|85/100|[silent]
|upkeep
|turn|24
|
|t:|1760728905
|switch|p1a: Ursaluna|Ursaluna, M|81/100 brn
|move|p2a: Excadrill|Rapid Spin|p1a: Ursaluna
|-damage|p1a: Ursaluna|68/100 brn
|-boost|p2a: Excadrill|spe|1
|-sideend|p2: Ryu_NLF|Stealth Rock|[from] move: Rapid Spin|[of] p2a: Excadrill
|
|-damage|p1a: Ursaluna|62/100 brn|[from] brn
|upkeep
|turn|25
|
|t:|1760728919
|move|p2a: Excadrill|Earthquake|p1a: Ursaluna
|-damage|p1a: Ursaluna|25/100 brn
|move|p1a: Ursaluna|Headlong Rush|p2a: Excadrill
|-supereffective|p2a: Excadrill
|-damage|p2a: Excadrill|0 fnt
|-unboost|p1a: Ursaluna|def|1
|-unboost|p1a: Ursaluna|spd|1
|faint|p2a: Excadrill
|
|-damage|p1a: Ursaluna|19/100 brn|[from] brn
|upkeep
|
|t:|1760728932
|switch|p2a: Chandelure|Chandelure, F, tera:Grass|51/100
|turn|26
|
|t:|1760728947
|switch|p1a: Alomomola|Alomomola, M|89/100
|move|p2a: Chandelure|Fire Blast|p1a: Alomomola
|-resisted|p1a: Alomomola
|-damage|p1a: Alomomola|56/100
|
|upkeep
|turn|27
|
|t:|1760728955
|switch|p2a: Vileplume|Vileplume, M, shiny|83/100 par
|switch|p1a: Rillaboom|Rillaboom, M|85/100
|-fieldstart|move: Grassy Terrain|[from] ability: Grassy Surge|[of] p1a: Rillaboom
|
|-heal|p1a: Rillaboom|92/100|[from] Grassy Terrain
|-heal|p2a: Vileplume|89/100 par|[from] Grassy Terrain
|upkeep
|turn|28
|
|t:|1760728967
|switch|p1a: Alomomola|Alomomola, M|89/100
|move|p2a: Vileplume|Giga Drain|p1a: Alomomola
|-supereffective|p1a: Alomomola
|-damage|p1a: Alomomola|1/100
|-heal|p2a: Vileplume|100/100 par|[from] drain|[of] p1a: Alomomola
|
|-heal|p1a: Alomomola|7/100|[from] Grassy Terrain
|upkeep
|turn|29
|
|t:|1760728983
|switch|p1a: Tinkaton|Tinkaton, F|82/100
|-ability|p1a: Tinkaton|Mold Breaker
|move|p2a: Vileplume|Giga Drain|p1a: Tinkaton
|-resisted|p1a: Tinkaton
|-damage|p1a: Tinkaton|65/100
|
|-heal|p1a: Tinkaton|72/100|[from] Grassy Terrain
|-heal|p1a: Tinkaton|78/100|[from] item: Leftovers
|upkeep
|turn|30
|
|t:|1760728997
|switch|p2a: Swampert|Swampert, F|92/100
|move|p1a: Tinkaton|Stealth Rock|p2a: Swampert
|-sidestart|p2: Ryu_NLF|move: Stealth Rock
|
|-heal|p1a: Tinkaton|84/100|[from] Grassy Terrain
|-heal|p1a: Tinkaton|90/100|[from] item: Leftovers
|-heal|p2a: Swampert|98/100|[from] Grassy Terrain
|-heal|p2a: Swampert|100/100|[from] item: Leftovers
|upkeep
|turn|31
|
|t:|1760729007
|switch|p1a: Alomomola|Alomomola, M|41/100
|move|p2a: Swampert|Stealth Rock|p1a: Alomomola
|-sidestart|p1: salty pepperer|move: Stealth Rock
|
|-heal|p1a: Alomomola|47/100|[from] Grassy Terrain
|-fieldend|move: Grassy Terrain
|upkeep
|turn|32
|
|t:|1760729015
|move|p1a: Alomomola|Wish|p1a: Alomomola
|move|p2a: Swampert|Roar|p1a: Alomomola
|drag|p1a: Ursaluna|Ursaluna, M|19/100 brn
|-damage|p1a: Ursaluna|13/100 brn|[from] Stealth Rock
|
|-damage|p1a: Ursaluna|7/100 brn|[from] brn
|upkeep
|turn|33
|
|t:|1760729033
|switch|p1a: Rillaboom|Rillaboom, M|92/100
|-fieldstart|move: Grassy Terrain|[from] ability: Grassy Surge|[of] p1a: Rillaboom
|move|p2a: Swampert|Flip Turn|p1a: Rillaboom
|-resisted|p1a: Rillaboom
|-damage|p1a: Rillaboom|82/100
|
|t:|1760729043
|switch|p2a: Vileplume|Vileplume, M, shiny|100/100 par|[from] Flip Turn
|-damage|p2a: Vileplume|88/100 par|[from] Stealth Rock
|
|-heal|p1a: Rillaboom|100/100|[from] move: Wish|[wisher] Alomomola
|-heal|p2a: Vileplume|94/100 par|[from] Grassy Terrain
|upkeep
|turn|34
|
|t:|1760729052
|switch|p1a: Tinkaton|Tinkaton, F|90/100
|-damage|p1a: Tinkaton|84/100|[from] Stealth Rock
|-ability|p1a: Tinkaton|Mold Breaker
|move|p2a: Vileplume|Giga Drain|p1a: Tinkaton
|-resisted|p1a: Tinkaton
|-damage|p1a: Tinkaton|68/100
|-heal|p2a: Vileplume|100/100 par|[from] drain|[of] p1a: Tinkaton
|
|-heal|p1a: Tinkaton|75/100|[from] Grassy Terrain
|-heal|p1a: Tinkaton|81/100|[from] item: Leftovers
|upkeep
|turn|35
|-message|salty pepperer forfeited.
|
|win|Ryu_NLF
|raw|salty pepperer's rating: 1400 &rarr; <strong>1379</strong><br />(-21 for losing)
|raw|Ryu_NLF's rating: 1386 &rarr; <strong>1407</strong><br />(+21 for winning)
|l|☆salty pepperer
|player|p1|
|l|☆Ryu_NLF
|player|p2|
