|j|☆Asilentmusician
|j|☆Berryjuicejoy
|t:|1760775701
|gametype|singles
|player|p1|Asilentmusician|fantina|1299
|player|p2|Berryjuicejoy|karen-gen2|1254
|gen|9
|tier|[Gen 9] OU
|rated|
|rule|HP Percentage Mod: HP is shown in percentages
|rule|Endless Battle Clause: Forcing endless battles is banned
|rule|Species Clause: Limit one of each Pokémon
|rule|OHKO Clause: OHKO moves are banned
|rule|Evasion Items Clause: Evasion items are banned
|rule|Evasion Moves Clause: Evasion moves are banned
|rule|Evasion Abilities Clause: Evasion abilities are banned
|rule|Sleep Moves Clause: Sleep-inducing moves are banned
|clearpoke
|poke|p1|Tornadus-Therian, M|
|poke|p1|Ting-Lu|
|poke|p1|Slowking-Galar, F|
|poke|p1|Kyurem|
|poke|p1|Great Tusk|
|poke|p1|Pecharunt|
|poke|p2|Darkrai|
|poke|p2|Kyurem|
|poke|p2|Enamorus-Therian, F|
|poke|p2|Slowking-Galar, M|
|poke|p2|Cinderace, M|
|poke|p2|Tentacruel, F|
|teampreview
|
|t:|1760775709
|teamsize|p1|6
|teamsize|p2|6
|start
|switch|p1a: Slowking|Slowking-Galar, F|100/100
|switch|p2a: Kyurem|Kyurem|100/100
|-ability|p2a: Kyurem|Pressure
|turn|1
|
|t:|1760775714
|switch|p2a: Slowking|Slowking-Galar, M|100/100
|move|p1a: Slowking|Thunder Wave|p2a: Slowking
|-status|p2a: Slowking|par
|
|upkeep
|turn|2
|
|t:|1760775716
|move|p1a: Slowking|Future Sight|p2a: Slowking
|-start|p1a: Slowking|move: Future Sight
|cant|p2a: Slowking|par
|
|upkeep
|turn|3
|inactive|Battle timer is ON: inactive players will automatically lose when time's up. (requested by Berryjuicejoy)
|-activate|p2a: Slowking|item: Quick Claw
|
|t:|1760775721
|switch|p1a: Ting-Lu|Ting-Lu|100/100
|-ability|p1a: Ting-Lu|Vessel of Ruin
|move|p2a: Slowking|Future Sight|p1a: Ting-Lu
|-start|p2a: Slowking|move: Future Sight
|
|upkeep
|turn|4
|
|t:|1760775730
|move|p1a: Ting-Lu|Stealth Rock|p2a: Slowking
|-sidestart|p2: Berryjuicejoy|move: Stealth Rock
|-prepare|p2a: Slowking|Chilly Reception|[premajor]
|move|p2a: Slowking|Chilly Reception|p2a: Slowking
|-weather|Snowscape
|
|t:|1760775733
|switch|p2a: Kyurem|Kyurem|100/100|[from] Chilly Reception
|-damage|p2a: Kyurem|76/100|[from] Stealth Rock
|-ability|p2a: Kyurem|Pressure
|
|-weather|Snowscape|[upkeep]
|-end|p2a: Kyurem|move: Future Sight
|-damage|p2a: Kyurem|46/100
|upkeep
|turn|5
|
|t:|1760775739
|switch|p1a: Slowking|Slowking-Galar, F|100/100
|move|p2a: Kyurem|Ice Beam|p1a: Slowking
|-damage|p1a: Slowking|75/100
|
|-weather|Snowscape|[upkeep]
|-end|p1a: Slowking|move: Future Sight
|-damage|p1a: Slowking|42/100
|upkeep
|turn|6
|
|t:|1760775748
|move|p2a: Kyurem|Ice Beam|p1a: Slowking
|-damage|p1a: Slowking|13/100
|move|p1a: Slowking|Sludge Bomb|p2a: Kyurem
|-damage|p2a: Kyurem|15/100
|
|-weather|Snowscape|[upkeep]
|upkeep
|turn|7
|
|t:|1760775755
|switch|p1a: Pecharunt|Pecharunt|100/100
|move|p2a: Kyurem|Ice Beam|p1a: Pecharunt
|-damage|p1a: Pecharunt|56/100
|-status|p1a: Pecharunt|frz
|
|-weather|Snowscape|[upkeep]
|upkeep
|turn|8
|
|t:|1760775760
|move|p2a: Kyurem|Ice Beam|p1a: Pecharunt
|-damage|p1a: Pecharunt|12/100 frz
|-curestatus|p1a: Pecharunt|frz|[msg]
|move|p1a: Pecharunt|Malignant Chain|p2a: Kyurem
|-damage|p2a: Kyurem|0 fnt
|faint|p2a: Kyurem
|
|-weather|none
|upkeep
|
|t:|1760775766
|switch|p2a: Cinderace|Cinderace, M, shiny|100/100
|turn|9
|
|t:|1760775772
|switch|p1a: Ting-Lu|Ting-Lu|100/100
|-ability|p1a: Ting-Lu|Vessel of Ruin
|move|p2a: Cinderace|Court Change|p2a: Cinderace
|-start|p2a: Cinderace|typechange|Normal|[from] ability: Libero
|-swapsideconditions
|-activate|p2a: Cinderace|move: Court Change
|
|upkeep
|turn|10
|
|t:|1760775778
|switch|p1a: Tornadus|Tornadus-Therian, M|100/100
|move|p2a: Cinderace|U-turn|p1a: Tornadus
|-resisted|p1a: Tornadus
|-damage|p1a: Tornadus|86/100
|
|t:|1760775786
|switch|p2a: Enamorus|Enamorus-Therian, F|100/100|[from] U-turn
|
|upkeep
|turn|11
|
|t:|1760775795
|switch|p1a: Ting-Lu|Ting-Lu|100/100
|-damage|p1a: Ting-Lu|94/100|[from] Stealth Rock
|-ability|p1a: Ting-Lu|Vessel of Ruin
|move|p2a: Enamorus|Moonblast|p1a: Ting-Lu
|-supereffective|p1a: Ting-Lu
|-damage|p1a: Ting-Lu|49/100
|
|-heal|p1a: Ting-Lu|55/100|[from] item: Leftovers
|upkeep
|turn|12
|
|t:|1760775803
|move|p2a: Enamorus|Moonblast|p1a: Ting-Lu
|-supereffective|p1a: Ting-Lu
|-damage|p1a: Ting-Lu|9/100
|-unboost|p1a: Ting-Lu|spa|1
|move|p1a: Ting-Lu|Stealth Rock|p2a: Enamorus
|-sidestart|p2: Berryjuicejoy|move: Stealth Rock
|
|-heal|p1a: Ting-Lu|15/100|[from] item: Leftovers
|upkeep
|turn|13
|
|t:|1760775807
|switch|p1a: Slowking|Slowking-Galar, F|46/100
|move|p2a: Enamorus|Moonblast|p1a: Slowking
|-resisted|p1a: Slowking
|-damage|p1a: Slowking|31/100
|
|upkeep
|turn|14
|
|t:|1760775824
|-terastallize|p2a: Enamorus|Ground
|move|p2a: Enamorus|Tera Blast|p1a: Slowking|[anim] Tera Blast Ground
|-supereffective|p1a: Slowking
|-damage|p1a: Slowking|0 fnt
|faint|p1a: Slowking
|
|upkeep
|
|t:|1760775838
|switch|p1a: Kyurem|Kyurem|100/100
|-damage|p1a: Kyurem|76/100|[from] Stealth Rock
|-ability|p1a: Kyurem|Pressure
|turn|15
|
|t:|1760775841
|switch|p2a: Slowking|Slowking-Galar, M|100/100 par
|-damage|p2a: Slowking|88/100 par|[from] Stealth Rock
|move|p1a: Kyurem|Freeze-Dry|p2a: Slowking
|-damage|p2a: Slowking|44/100 par
|
|upkeep
|turn|16
|
|t:|1760775848
|move|p1a: Kyurem|Freeze-Dry|p2a: Slowking
|-damage|p2a: Slowking|0 fnt
|faint|p2a: Slowking
|
|upkeep
|
|t:|1760775853
|switch|p2a: Darkrai|Darkrai|100/100
|-damage|p2a: Darkrai|88/100|[from] Stealth Rock
|turn|17
|
|t:|1760775860
|switch|p1a: Pecharunt|Pecharunt|12/100
|-damage|p1a: Pecharunt|0 fnt|[from] Stealth Rock
|faint|p1a: Pecharunt
|move|p2a: Darkrai|Dark Pulse|p1: Pecharunt|[notarget]
|-fail|p2a: Darkrai
|
|upkeep
|
|t:|1760775865
|switch|p1a: Tornadus|Tornadus-Therian, M|100/100
|turn|18
|
|t:|1760775871
|switch|p2a: Enamorus|Enamorus-Therian, F, tera:Ground|100/100
|-damage|p2a: Enamorus|95/100|[from] Stealth Rock
|move|p1a: Tornadus|Hurricane|p2a: Enamorus
|-damage|p2a: Enamorus|64/100
|
|upkeep
|turn|19
|
|t:|1760775880
|move|p1a: Tornadus|U-turn|p2a: Enamorus
|-damage|p2a: Enamorus|51/100
|
|t:|1760775883
|switch|p1a: Ting-Lu|Ting-Lu|15/100|[from] U-turn
|-damage|p1a: Ting-Lu|9/100|[from] Stealth Rock
|-ability|p1a: Ting-Lu|Vessel of Ruin
|move|p2a: Enamorus|Moonblast|p1a: Ting-Lu
|-supereffective|p1a: Ting-Lu
|-damage|p1a: Ting-Lu|0 fnt
|faint|p1a: Ting-Lu
|
|upkeep
|
|t:|1760775892
|switch|p1a: Kyurem|Kyurem|76/100
|-damage|p1a: Kyurem|51/100|[from] Stealth Rock
|-ability|p1a: Kyurem|Pressure
|turn|20
|
|t:|1760775894
|switch|p2a: Tentacruel|Tentacruel, F|100/100
|-damage|p2a: Tentacruel|88/100|[from] Stealth Rock
|move|p1a: Kyurem|Freeze-Dry|p2a: Tentacruel
|-supereffective|p2a: Tentacruel
|-damage|p2a: Tentacruel|19/100
|
|upkeep
|turn|21
|
|t:|1760775900
|move|p1a: Kyurem|Freeze-Dry|p2a: Tentacruel
|-supereffective|p2a: Tentacruel
|-damage|p2a: Tentacruel|0 fnt
|faint|p2a: Tentacruel
|
|upkeep
|
|t:|1760775911
|switch|p2a: Cinderace|Cinderace, M, shiny|100/100
|turn|22
|
|t:|1760775922
|switch|p1a: Great Tusk|Great Tusk|100/100
|move|p2a: Cinderace|U-turn|p1a: Great Tusk
|-start|p2a: Cinderace|typechange|Bug|[from] ability: Libero
|-resisted|p1a: Great Tusk
|-damage|p1a: Great Tusk|91/100
|
|t:|1760775925
|switch|p2a: Enamorus|Enamorus-Therian, F, tera:Ground|51/100|[from] U-turn
|-damage|p2a: Enamorus|45/100|[from] Stealth Rock
|
|upkeep
|turn|23
|
|t:|1760775929
|-terastallize|p1a: Great Tusk|Water
|move|p1a: Great Tusk|Rapid Spin|p2a: Enamorus
|-damage|p2a: Enamorus|32/100
|-boost|p1a: Great Tusk|spe|1
|-sideend|p1: Asilentmusician|Stealth Rock|[from] move: Rapid Spin|[of] p1a: Great Tusk
|move|p2a: Enamorus|Moonblast|p1a: Great Tusk
|-damage|p1a: Great Tusk|23/100
|-unboost|p1a: Great Tusk|spa|1
|
|upkeep
|turn|24
|
|t:|1760775937
|move|p1a: Great Tusk|Headlong Rush|p2a: Enamorus
|-damage|p2a: Enamorus|0 fnt
|-unboost|p1a: Great Tusk|def|1
|-unboost|p1a: Great Tusk|spd|1
|faint|p2a: Enamorus
|
|upkeep
|
|t:|1760775940
|switch|p2a: Darkrai|Darkrai|88/100
|-damage|p2a: Darkrai|76/100|[from] Stealth Rock
|turn|25
|
|t:|1760775943
|move|p1a: Great Tusk|Endeavor|p2a: Darkrai
|-damage|p2a: Darkrai|35/100
|move|p2a: Darkrai|Dark Pulse|p1a: Great Tusk
|-damage|p1a: Great Tusk|0 fnt
|faint|p1a: Great Tusk
|-end|p1a: Great Tusk|Protosynthesis|[silent]
|-damage|p2a: Darkrai|25/100|[from] item: Life Orb
|
|upkeep
|
|t:|1760775948
|switch|p1a: Tornadus|Tornadus-Therian, M|100/100
|turn|26
|
|t:|1760775951
|move|p2a: Darkrai|Ice Beam|p1a: Tornadus
|-supereffective|p1a: Tornadus
|-damage|p1a: Tornadus|0 fnt
|faint|p1a: Tornadus
|-damage|p2a: Darkrai|15/100|[from] item: Life Orb
|
|upkeep
|
|t:|1760775955
|switch|p1a: Kyurem|Kyurem|51/100
|-ability|p1a: Kyurem|Pressure
|turn|27
|
|t:|1760775958
|move|p2a: Darkrai|Dark Pulse|p1a: Kyurem
|-damage|p1a: Kyurem|0 fnt
|faint|p1a: Kyurem
|-damage|p2a: Darkrai|5/100|[from] item: Life Orb
|
|win|Berryjuicejoy
|raw|Asilentmusician's rating: 1299 &rarr; <strong>1271</strong><br />(-28 for losing)
|raw|Berryjuicejoy's rating: 1254 &rarr; <strong>1282</strong><br />(+28 for winning)
|l|☆Asilentmusician
|player|p1|
|l|☆Berryjuicejoy
|player|p2|
