|j|‽Scrafty.YN
|j|☆amaterasu258
|t:|1760728533
|gametype|singles
|player|p1|Scrafty.YN|hoopster|1268
|player|p2|amaterasu258|n|1303
|gen|9
|tier|[Gen 9] OU
|rated|
|rule|HP Percentage Mod: HP is shown in percentages
|rule|Endless Battle Clause: Forcing endless battles is banned
|rule|Species Clause: Limit one of each Pokémon
|rule|OHKO Clause: OHKO moves are banned
|rule|Evasion Items Clause: Evasion items are banned
|rule|Evasion Moves Clause: Evasion moves are banned
|rule|Evasion Abilities Clause: Evasion abilities are banned
|rule|Sleep Moves Clause: Sleep-inducing moves are banned
|clearpoke
|poke|p1|Gholdengo|
|poke|p1|Clodsire, M|
|poke|p1|Skarmory, M|
|poke|p1|Hariyama, M|
|poke|p1|Darkrai|
|poke|p1|Gliscor, F|
|poke|p2|Samurott-Hisui, F|
|poke|p2|Gholdengo|
|poke|p2|Great Tusk|
|poke|p2|Ting-Lu|
|poke|p2|Zapdos|
|poke|p2|Iron Valiant|
|teampreview
|
|t:|1760728567
|teamsize|p1|6
|teamsize|p2|6
|start
|switch|p1a: Clodsire|Clodsire, M, shiny|100/100
|switch|p2a: Zapdos|Zapdos|100/100
|turn|1
|
|t:|1760728584
|move|p2a: Zapdos|U-turn|p1a: Clodsire
|-resisted|p1a: Clodsire
|-damage|p1a: Clodsire|93/100
|
|t:|1760728590
|switch|p2a: Great Tusk|Great Tusk|100/100|[from] U-turn
|move|p1a: Clodsire|Stealth Rock|p2a: Great Tusk
|-sidestart|p2: amaterasu258|move: Stealth Rock
|
|upkeep
|turn|2
|
|t:|1760728601
|switch|p1a: Gholdengo|Gholdengo|100/100
|-item|p1a: Gholdengo|Air Balloon
|move|p2a: Great Tusk|Rapid Spin|p1a: Gholdengo
|-immune|p1a: Gholdengo
|
|upkeep
|turn|3
|
|t:|1760728610
|-end|p2a: Great Tusk|Protosynthesis|[silent]
|switch|p2a: Ting-Lu|Ting-Lu|100/100
|-damage|p2a: Ting-Lu|94/100|[from] Stealth Rock
|-ability|p2a: Ting-Lu|Vessel of Ruin
|move|p1a: Gholdengo|Make It Rain|p2a: Ting-Lu
|-damage|p2a: Ting-Lu|65/100
|-unboost|p1a: Gholdengo|spa|1
|
|-heal|p2a: Ting-Lu|72/100|[from] item: Leftovers
|upkeep
|turn|4
|
|t:|1760728619
|switch|p1a: Skarmory|Skarmory, M|100/100
|move|p2a: Ting-Lu|Stealth Rock|p1a: Skarmory
|-sidestart|p1: Scrafty.YN|move: Stealth Rock
|
|-heal|p2a: Ting-Lu|78/100|[from] item: Leftovers
|upkeep
|turn|5
|
|t:|1760728647
|switch|p2a: Zapdos|Zapdos|100/100
|move|p1a: Skarmory|Spikes|p2a: Zapdos
|-sidestart|p2: amaterasu258|Spikes
|
|upkeep
|turn|6
|
|t:|1760728660
|switch|p1a: Clodsire|Clodsire, M, shiny|93/100
|move|p2a: Zapdos|U-turn|p1a: Clodsire
|-resisted|p1a: Clodsire
|-damage|p1a: Clodsire|85/100
|
|t:|1760728667
|switch|p2a: Great Tusk|Great Tusk|100/100|[from] U-turn
|
|upkeep
|turn|7
|
|t:|1760728671
|switch|p1a: Skarmory|Skarmory, M|100/100
|-damage|p1a: Skarmory|88/100|[from] Stealth Rock
|move|p2a: Great Tusk|Ice Spinner|p1a: Skarmory
|-damage|p1a: Skarmory|72/100
|-damage|p2a: Great Tusk|84/100|[from] item: Rocky Helmet|[of] p1a: Skarmory
|
|upkeep
|turn|8
|
|t:|1760728689
|-end|p2a: Great Tusk|Protosynthesis|[silent]
|switch|p2a: Zapdos|Zapdos|100/100
|switch|p1a: Gholdengo|Gholdengo|100/100
|-damage|p1a: Gholdengo|94/100|[from] Stealth Rock
|-item|p1a: Gholdengo|Air Balloon
|
|upkeep
|turn|9
|
|t:|1760728698
|switch|p1a: Clodsire|Clodsire, M, shiny|85/100
|move|p2a: Zapdos|Discharge|p1a: Clodsire
|-immune|p1a: Clodsire
|
|upkeep
|turn|10
|
|t:|1760728704
|move|p2a: Zapdos|U-turn|p1a: Clodsire
|-resisted|p1a: Clodsire
|-damage|p1a: Clodsire|78/100
|
|t:|1760728710
|switch|p2a: Gholdengo|Gholdengo|100/100|[from] U-turn
|-damage|p2a: Gholdengo|94/100|[from] Stealth Rock
|-item|p2a: Gholdengo|Air Balloon
|move|p1a: Clodsire|Toxic|p2a: Gholdengo
|-immune|p2a: Gholdengo|[from] ability: Good as Gold
|
|upkeep
|turn|11
|
|t:|1760728730
|switch|p1a: Hariyama|Hariyama, M, shiny|100/100
|-damage|p1a: Hariyama|94/100|[from] Stealth Rock
|move|p2a: Gholdengo|Make It Rain|p1a: Hariyama
|-damage|p1a: Hariyama|66/100
|-unboost|p2a: Gholdengo|spa|1
|
|upkeep
|turn|12
|
|t:|1760728740
|switch|p2a: Zapdos|Zapdos|100/100
|move|p1a: Hariyama|Knock Off|p2a: Zapdos
|-damage|p2a: Zapdos|80/100
|-enditem|p2a: Zapdos|Heavy-Duty Boots|[from] move: Knock Off|[of] p1a: Hariyama
|
|upkeep
|turn|13
|
|t:|1760728751
|switch|p1a: Clodsire|Clodsire, M, shiny|78/100
|move|p2a: Zapdos|U-turn|p1a: Clodsire
|-resisted|p1a: Clodsire
|-damage|p1a: Clodsire|70/100
|
|t:|1760728757
|switch|p2a: Great Tusk|Great Tusk|84/100|[from] U-turn
|
|upkeep
|turn|14
|
|t:|1760728771
|switch|p1a: Gholdengo|Gholdengo|94/100
|-damage|p1a: Gholdengo|88/100|[from] Stealth Rock
|-item|p1a: Gholdengo|Air Balloon
|move|p2a: Great Tusk|Ice Spinner|p1a: Gholdengo
|-resisted|p1a: Gholdengo
|-damage|p1a: Gholdengo|75/100
|-enditem|p1a: Gholdengo|Air Balloon
|
|upkeep
|turn|15
|
|t:|1760728779
|-terastallize|p1a: Gholdengo|Ghost
|move|p2a: Great Tusk|Headlong Rush|p1a: Gholdengo
|-damage|p1a: Gholdengo|19/100
|-unboost|p2a: Great Tusk|def|1
|-unboost|p2a: Great Tusk|spd|1
|move|p1a: Gholdengo|Make It Rain|p2a: Great Tusk
|-damage|p2a: Great Tusk|0 fnt
|-unboost|p1a: Gholdengo|spa|1
|faint|p2a: Great Tusk
|-end|p2a: Great Tusk|Protosynthesis|[silent]
|
|upkeep
|
|t:|1760728817
|switch|p2a: Iron Valiant|Iron Valiant|100/100
|-damage|p2a: Iron Valiant|94/100|[from] Stealth Rock
|-damage|p2a: Iron Valiant|82/100|[from] Spikes
|-enditem|p2a: Iron Valiant|Booster Energy
|-activate|p2a: Iron Valiant|ability: Quark Drive|[fromitem]
|-start|p2a: Iron Valiant|quarkdrivespe
|turn|16
|
|t:|1760728825
|move|p2a: Iron Valiant|Moonblast|p1a: Gholdengo
|-damage|p1a: Gholdengo|0 fnt
|faint|p1a: Gholdengo
|
|upkeep
|
|t:|1760728829
|switch|p1a: Clodsire|Clodsire, M, shiny|70/100
|turn|17
|
|t:|1760728838
|-end|p2a: Iron Valiant|Quark Drive|[silent]
|switch|p2a: Gholdengo|Gholdengo|94/100
|-damage|p2a: Gholdengo|88/100|[from] Stealth Rock
|-item|p2a: Gholdengo|Air Balloon
|move|p1a: Clodsire|Recover|p1a: Clodsire
|-heal|p1a: Clodsire|100/100
|
|upkeep
|turn|18
|
|t:|1760728845
|switch|p1a: Hariyama|Hariyama, M, shiny|66/100
|-damage|p1a: Hariyama|59/100|[from] Stealth Rock
|move|p2a: Gholdengo|Nasty Plot|p2a: Gholdengo
|-boost|p2a: Gholdengo|spa|2
|
|upkeep
|turn|19
|
|t:|1760728854
|-terastallize|p2a: Gholdengo|Fairy
|move|p2a: Gholdengo|Shadow Ball|p1a: Hariyama
|-damage|p1a: Hariyama|26/100
|move|p1a: Hariyama|Knock Off|p2a: Gholdengo
|-resisted|p2a: Gholdengo
|-crit|p2a: Gholdengo
|-damage|p2a: Gholdengo|72/100
|-enditem|p2a: Gholdengo|Air Balloon
|
|upkeep
|turn|20
|
|t:|1760728871
|move|p1a: Hariyama|Bullet Punch|p2a: Gholdengo
|-supereffective|p2a: Gholdengo
|-damage|p2a: Gholdengo|55/100
|move|p2a: Gholdengo|Shadow Ball|p1a: Hariyama
|-damage|p1a: Hariyama|0 fnt
|faint|p1a: Hariyama
|
|upkeep
|
|t:|1760728880
|switch|p1a: Darkrai|Darkrai|100/100
|turn|21
|
|t:|1760728889
|move|p1a: Darkrai|Sludge Bomb|p2a: Gholdengo
|-supereffective|p2a: Gholdengo
|-damage|p2a: Gholdengo|0 fnt
|faint|p2a: Gholdengo
|
|upkeep
|
|t:|1760728896
|switch|p2a: Samurott|Samurott-Hisui, F|100/100
|-damage|p2a: Samurott|88/100|[from] Stealth Rock
|-damage|p2a: Samurott|76/100|[from] Spikes
|turn|22
|
|t:|1760728901
|switch|p1a: Skarmory|Skarmory, M|72/100
|-damage|p1a: Skarmory|60/100|[from] Stealth Rock
|move|p2a: Samurott|Razor Shell|p1a: Skarmory
|-damage|p1a: Skarmory|30/100
|-unboost|p1a: Skarmory|def|1
|-damage|p2a: Samurott|60/100|[from] item: Rocky Helmet|[of] p1a: Skarmory
|
|upkeep
|turn|23
|
|t:|1760728912
|move|p2a: Samurott|Knock Off|p1a: Skarmory
|-damage|p1a: Skarmory|0 fnt
|-damage|p2a: Samurott|43/100|[from] item: Rocky Helmet|[of] p1a: Skarmory
|-enditem|p1a: Skarmory|Rocky Helmet|[from] move: Knock Off|[of] p2a: Samurott
|faint|p1a: Skarmory
|
|upkeep
|inactive|Battle timer is ON: inactive players will automatically lose when time's up. (requested by amaterasu258)
|
|t:|1760729001
|switch|p1a: Darkrai|Darkrai|100/100
|turn|24
|
|t:|1760729021
|switch|p2a: Ting-Lu|Ting-Lu|78/100
|-damage|p2a: Ting-Lu|72/100|[from] Stealth Rock
|-damage|p2a: Ting-Lu|59/100|[from] Spikes
|-ability|p2a: Ting-Lu|Vessel of Ruin
|move|p1a: Darkrai|Sludge Bomb|p2a: Ting-Lu
|-resisted|p2a: Ting-Lu
|-damage|p2a: Ting-Lu|52/100
|
|-heal|p2a: Ting-Lu|58/100|[from] item: Leftovers
|upkeep
|turn|25
|
|t:|1760729037
|switch|p1a: Gliscor|Gliscor, F, shiny|100/100
|-damage|p1a: Gliscor|88/100|[from] Stealth Rock
|move|p2a: Ting-Lu|Ruination|p1a: Gliscor
|-damage|p1a: Gliscor|44/100
|
|-heal|p2a: Ting-Lu|65/100|[from] item: Leftovers
|-status|p1a: Gliscor|tox|[from] item: Toxic Orb
|upkeep
|turn|26
|
|t:|1760729048
|move|p1a: Gliscor|Earthquake|p2a: Ting-Lu
|-damage|p2a: Ting-Lu|47/100
|move|p2a: Ting-Lu|Whirlwind|p1a: Gliscor
|drag|p1a: Darkrai|Darkrai|100/100
|
|-heal|p2a: Ting-Lu|53/100|[from] item: Leftovers
|upkeep
|turn|27
|
|t:|1760729059
|move|p1a: Darkrai|Taunt|p2a: Ting-Lu
|-start|p2a: Ting-Lu|move: Taunt
|move|p2a: Ting-Lu|Ruination|p1a: Darkrai
|-damage|p1a: Darkrai|51/100
|
|-heal|p2a: Ting-Lu|59/100|[from] item: Leftovers
|upkeep
|turn|28
|
|t:|1760729072
|switch|p1a: Gliscor|Gliscor, F, shiny|44/100 tox
|-damage|p1a: Gliscor|32/100 tox|[from] Stealth Rock
|move|p2a: Ting-Lu|Ruination|p1a: Gliscor
|-damage|p1a: Gliscor|16/100 tox
|
|-heal|p2a: Ting-Lu|66/100|[from] item: Leftovers
|-heal|p1a: Gliscor|29/100 tox|[from] ability: Poison Heal
|upkeep
|turn|29
|inactive|amaterasu258 has 120 seconds left.
|
|t:|1760729106
|move|p1a: Gliscor|Earthquake|p2a: Ting-Lu
|-damage|p2a: Ting-Lu|47/100
|move|p2a: Ting-Lu|Ruination|p1a: Gliscor
|-damage|p1a: Gliscor|15/100 tox
|
|-heal|p2a: Ting-Lu|53/100|[from] item: Leftovers
|-heal|p1a: Gliscor|27/100 tox|[from] ability: Poison Heal
|-end|p2a: Ting-Lu|move: Taunt
|upkeep
|turn|30
|inactive|amaterasu258 has 120 seconds left.
|
|t:|1760729120
|move|p1a: Gliscor|Earthquake|p2a: Ting-Lu
|-damage|p2a: Ting-Lu|36/100
|move|p2a: Ting-Lu|Whirlwind|p1a: Gliscor
|drag|p1a: Clodsire|Clodsire, M, shiny|100/100
|
|-heal|p2a: Ting-Lu|42/100|[from] item: Leftovers
|upkeep
|turn|31
|inactive|amaterasu258 has 120 seconds left.
|
|t:|1760729131
|move|p2a: Ting-Lu|Earthquake|p1a: Clodsire
|-supereffective|p1a: Clodsire
|-damage|p1a: Clodsire|15/100
|move|p1a: Clodsire|Toxic|p2a: Ting-Lu
|-status|p2a: Ting-Lu|tox
|
|-heal|p2a: Ting-Lu|48/100 tox|[from] item: Leftovers
|-damage|p2a: Ting-Lu|42/100 tox|[from] psn
|upkeep
|turn|32
|inactive|amaterasu258 has 120 seconds left.
|
|t:|1760729147
|move|p1a: Clodsire|Recover|p1a: Clodsire
|-heal|p1a: Clodsire|65/100
|move|p2a: Ting-Lu|Whirlwind|p1a: Clodsire
|drag|p1a: Gliscor|Gliscor, F, shiny|27/100 tox
|-damage|p1a: Gliscor|15/100 tox|[from] Stealth Rock
|
|-heal|p2a: Ting-Lu|48/100 tox|[from] item: Leftovers
|-heal|p1a: Gliscor|27/100 tox|[from] ability: Poison Heal
|-damage|p2a: Ting-Lu|36/100 tox|[from] psn
|upkeep
|turn|33
|inactive|amaterasu258 has 120 seconds left.
|inactive|Scrafty.YN has 120 seconds left.
|
|t:|1760729200
|switch|p2a: Zapdos|Zapdos|80/100
|-damage|p2a: Zapdos|56/100|[from] Stealth Rock
|move|p1a: Gliscor|Knock Off|p2a: Zapdos
|-damage|p2a: Zapdos|45/100
|
|-heal|p1a: Gliscor|39/100 tox|[from] ability: Poison Heal
|upkeep
|turn|34
|
|t:|1760729214
|move|p1a: Gliscor|Protect|p1a: Gliscor
|-singleturn|p1a: Gliscor|Protect
|move|p2a: Zapdos|Hurricane|p1a: Gliscor
|-activate|p1a: Gliscor|move: Protect
|
|-heal|p1a: Gliscor|52/100 tox|[from] ability: Poison Heal
|upkeep
|turn|35
|
|t:|1760729222
|switch|p1a: Clodsire|Clodsire, M, shiny|65/100
|move|p2a: Zapdos|Hurricane|p1a: Clodsire
|-damage|p1a: Clodsire|40/100
|
|upkeep
|turn|36
|
|t:|1760729230
|move|p2a: Zapdos|U-turn|p1a: Clodsire
|-resisted|p1a: Clodsire
|-damage|p1a: Clodsire|32/100
|
|t:|1760729233
|switch|p2a: Samurott|Samurott-Hisui, F|43/100|[from] U-turn
|-damage|p2a: Samurott|31/100|[from] Stealth Rock
|-damage|p2a: Samurott|19/100|[from] Spikes
|move|p1a: Clodsire|Recover|p1a: Clodsire
|-heal|p1a: Clodsire|82/100
|
|upkeep
|turn|37
|inactive|Scrafty.YN has 120 seconds left.
|
|t:|1760729245
|move|p2a: Samurott|Razor Shell|p1a: Clodsire
|-heal|p1a: Clodsire|100/100|[from] ability: Water Absorb|[of] p2a: Samurott
|move|p1a: Clodsire|Earthquake|p2a: Samurott
|-damage|p2a: Samurott|0 fnt
|faint|p2a: Samurott
|
|upkeep
|
|t:|1760729252
|switch|p2a: Zapdos|Zapdos|45/100
|-damage|p2a: Zapdos|20/100|[from] Stealth Rock
|turn|38
|
|t:|1760729257
|move|p2a: Zapdos|Hurricane|p1a: Clodsire
|-damage|p1a: Clodsire|77/100
|move|p1a: Clodsire|Toxic|p2a: Zapdos
|-status|p2a: Zapdos|tox
|
|-damage|p2a: Zapdos|14/100 tox|[from] psn
|upkeep
|turn|39
|
|t:|1760729273
|move|p2a: Zapdos|Roost|p2a: Zapdos
|-heal|p2a: Zapdos|64/100 tox
|-singleturn|p2a: Zapdos|move: Roost
|move|p1a: Clodsire|Earthquake|p2a: Zapdos
|-supereffective|p2a: Zapdos
|-damage|p2a: Zapdos|28/100 tox
|
|-damage|p2a: Zapdos|16/100 tox|[from] psn
|upkeep
|turn|40
|
|t:|1760729284
|move|p2a: Zapdos|U-turn|p1a: Clodsire
|-resisted|p1a: Clodsire
|-damage|p1a: Clodsire|69/100
|
|t:|1760729287
|switch|p2a: Ting-Lu|Ting-Lu|36/100 tox|[from] U-turn
|-damage|p2a: Ting-Lu|29/100 tox|[from] Stealth Rock
|-damage|p2a: Ting-Lu|17/100 tox|[from] Spikes
|-ability|p2a: Ting-Lu|Vessel of Ruin
|move|p1a: Clodsire|Earthquake|p2a: Ting-Lu
|-damage|p2a: Ting-Lu|3/100 tox
|
|-heal|p2a: Ting-Lu|9/100 tox|[from] item: Leftovers
|-damage|p2a: Ting-Lu|3/100 tox|[from] psn
|upkeep
|turn|41
|
|t:|1760729299
|switch|p1a: Gliscor|Gliscor, F, shiny|52/100 tox
|-damage|p1a: Gliscor|39/100 tox|[from] Stealth Rock
|move|p2a: Ting-Lu|Earthquake|p1a: Gliscor
|-immune|p1a: Gliscor
|
|-heal|p2a: Ting-Lu|9/100 tox|[from] item: Leftovers
|-heal|p1a: Gliscor|52/100 tox|[from] ability: Poison Heal
|-damage|p2a: Ting-Lu|0 fnt|[from] psn
|faint|p2a: Ting-Lu
|upkeep
|
|t:|1760729301
|switch|p2a: Iron Valiant|Iron Valiant|82/100
|-damage|p2a: Iron Valiant|76/100|[from] Stealth Rock
|-damage|p2a: Iron Valiant|63/100|[from] Spikes
|turn|42
|
|t:|1760729316
|move|p1a: Gliscor|Protect|p1a: Gliscor
|-singleturn|p1a: Gliscor|Protect
|move|p2a: Iron Valiant|Moonblast|p1a: Gliscor
|-activate|p1a: Gliscor|move: Protect
|
|-heal|p1a: Gliscor|64/100 tox|[from] ability: Poison Heal
|upkeep
|turn|43
|
|t:|1760729328
|move|p2a: Iron Valiant|Encore|p1a: Gliscor
|-start|p1a: Gliscor|Encore
|move|p1a: Gliscor|Protect||[still]
|-fail|p1a: Gliscor
|
|-heal|p1a: Gliscor|77/100 tox|[from] ability: Poison Heal
|upkeep
|turn|44
|
|t:|1760729333
|move|p1a: Gliscor|Protect|p1a: Gliscor
|-singleturn|p1a: Gliscor|Protect
|move|p2a: Iron Valiant|Calm Mind|p2a: Iron Valiant
|-boost|p2a: Iron Valiant|spa|1
|-boost|p2a: Iron Valiant|spd|1
|
|-heal|p1a: Gliscor|89/100 tox|[from] ability: Poison Heal
|upkeep
|turn|45
|
|t:|1760729339
|switch|p1a: Clodsire|Clodsire, M, shiny|69/100
|move|p2a: Iron Valiant|Calm Mind|p2a: Iron Valiant
|-boost|p2a: Iron Valiant|spa|1
|-boost|p2a: Iron Valiant|spd|1
|
|upkeep
|turn|46
|
|t:|1760729347
|move|p2a: Iron Valiant|Moonblast|p1a: Clodsire
|-resisted|p1a: Clodsire
|-damage|p1a: Clodsire|43/100
|-unboost|p1a: Clodsire|spa|1
|move|p1a: Clodsire|Toxic|p2a: Iron Valiant
|-status|p2a: Iron Valiant|tox
|
|-damage|p2a: Iron Valiant|57/100 tox|[from] psn
|upkeep
|turn|47
|
|t:|1760729356
|move|p2a: Iron Valiant|Moonblast|p1a: Clodsire
|-resisted|p1a: Clodsire
|-damage|p1a: Clodsire|17/100
|move|p1a: Clodsire|Recover|p1a: Clodsire
|-heal|p1a: Clodsire|67/100
|
|-damage|p2a: Iron Valiant|44/100 tox|[from] psn
|upkeep
|turn|48
|-message|amaterasu258 forfeited.
|
|win|Scrafty.YN
|raw|Scrafty.YN's rating: 1268 &rarr; <strong>1296</strong><br />(+28 for winning)
|raw|amaterasu258's rating: 1303 &rarr; <strong>1281</strong><br />(-22 for losing)
|l|☆amaterasu258
|player|p2|
