|j|☆WingedOnion
|j|☆a lil sweeper
|t:|1760865844
|gametype|singles
|player|p1|WingedOnion|102|1480
|player|p2|a lil sweeper|janitor|1478
|gen|9
|tier|[Gen 9] OU
|rated|
|rule|HP Percentage Mod: HP is shown in percentages
|rule|Endless Battle Clause: Forcing endless battles is banned
|rule|Species Clause: Limit one of each Pokémon
|rule|OHKO Clause: OHKO moves are banned
|rule|Evasion Items Clause: Evasion items are banned
|rule|Evasion Moves Clause: Evasion moves are banned
|rule|Evasion Abilities Clause: Evasion abilities are banned
|rule|Sleep Moves Clause: Sleep-inducing moves are banned
|clearpoke
|poke|p1|Great Tusk|
|poke|p1|Tornadus-Therian, M|
|poke|p1|Raging Bolt|
|poke|p1|Slowking-Galar, M|
|poke|p1|Hoopa-Unbound|
|poke|p1|Clefable, F|
|poke|p2|Grimmsnarl, M|
|poke|p2|Alcremie-Rainbow-Swirl, F|
|poke|p2|Pecharunt|
|poke|p2|Ogerpon-Wellspring, F|
|poke|p2|Iron Valiant|
|poke|p2|Heatran, M|
|teampreview
|inactive|Battle timer is ON: inactive players will automatically lose when time's up. (requested by WingedOnion)
|
|t:|1760865849
|teamsize|p1|6
|teamsize|p2|6
|start
|switch|p1a: Tornadus|Tornadus-Therian, M|100/100
|switch|p2a: Grimmsnarl|Grimmsnarl, M|100/100
|turn|1
|
|t:|1760865852
|move|p2a: Grimmsnarl|Light Screen|p2a: Grimmsnarl
|-sidestart|p2: a lil sweeper|move: Light Screen
|move|p1a: Tornadus|Knock Off|p2a: Grimmsnarl
|-resisted|p2a: Grimmsnarl
|-damage|p2a: Grimmsnarl|95/100
|-enditem|p2a: Grimmsnarl|Light Clay|[from] move: Knock Off|[of] p1a: Tornadus
|
|upkeep
|turn|2
|
|t:|1760865856
|move|p2a: Grimmsnarl|Reflect|p2a: Grimmsnarl
|-sidestart|p2: a lil sweeper|Reflect
|move|p1a: Tornadus|Bleakwind Storm|p2a: Grimmsnarl
|-damage|p2a: Grimmsnarl|80/100
|
|upkeep
|turn|3
|
|t:|1760865860
|move|p2a: Grimmsnarl|Parting Shot|p1a: Tornadus
|-unboost|p1a: Tornadus|atk|1
|-unboost|p1a: Tornadus|spa|1
|
|t:|1760865863
|switch|p2a: Alcremie|Alcremie-Rainbow-Swirl, F|100/100|[from] Parting Shot
|move|p1a: Tornadus|Bleakwind Storm|p2a: Alcremie|[miss]
|-miss|p1a: Tornadus|p2a: Alcremie
|
|upkeep
|turn|4
|
|t:|1760865869
|move|p1a: Tornadus|Knock Off|p2a: Alcremie
|-resisted|p2a: Alcremie
|-damage|p2a: Alcremie|96/100
|-enditem|p2a: Alcremie|Leftovers|[from] move: Knock Off|[of] p1a: Tornadus
|move|p2a: Alcremie|Calm Mind|p2a: Alcremie
|-boost|p2a: Alcremie|spa|1
|-boost|p2a: Alcremie|spd|1
|
|upkeep
|turn|5
|
|t:|1760865872
|move|p1a: Tornadus|U-turn|p2a: Alcremie
|-resisted|p2a: Alcremie
|-damage|p2a: Alcremie|93/100
|
|t:|1760865879
|switch|p1a: Slowking|Slowking-Galar, M|100/100|[from] U-turn
|move|p2a: Alcremie|Acid Armor|p2a: Alcremie
|-boost|p2a: Alcremie|def|2
|
|upkeep
|turn|6
|
|t:|1760865883
|-terastallize|p2a: Alcremie|Poison
|move|p2a: Alcremie|Calm Mind|p2a: Alcremie
|-boost|p2a: Alcremie|spa|1
|-boost|p2a: Alcremie|spd|1
|move|p1a: Slowking|Sludge Bomb|p2a: Alcremie
|-resisted|p2a: Alcremie
|-damage|p2a: Alcremie|90/100
|
|-sideend|p2: a lil sweeper|Reflect
|upkeep
|turn|7
|
|t:|1760865890
|move|p2a: Alcremie|Calm Mind|p2a: Alcremie
|-boost|p2a: Alcremie|spa|1
|-boost|p2a: Alcremie|spd|1
|move|p1a: Slowking|Future Sight|p2a: Alcremie
|-start|p1a: Slowking|move: Future Sight
|
|upkeep
|turn|8
|
|t:|1760865897
|move|p2a: Alcremie|Acid Armor|p2a: Alcremie
|-boost|p2a: Alcremie|def|2
|-prepare|p1a: Slowking|Chilly Reception|[premajor]
|move|p1a: Slowking|Chilly Reception|p1a: Slowking
|-weather|Snowscape
|
|t:|1760865907
|switch|p1a: Hoopa|Hoopa-Unbound|100/100|[from] Chilly Reception
|
|-weather|Snowscape|[upkeep]
|-sideend|p2: a lil sweeper|move: Light Screen
|upkeep
|turn|9
|
|t:|1760865910
|move|p1a: Hoopa|Zen Headbutt|p2a: Alcremie
|-supereffective|p2a: Alcremie
|-damage|p2a: Alcremie|15/100
|move|p2a: Alcremie|Alluring Voice|p1a: Hoopa
|-supereffective|p1a: Hoopa
|-damage|p1a: Hoopa|0 fnt
|faint|p1a: Hoopa
|
|-weather|Snowscape|[upkeep]
|-end|p2a: Alcremie|move: Future Sight
|-supereffective|p2a: Alcremie
|-damage|p2a: Alcremie|0 fnt
|faint|p2a: Alcremie
|upkeep
|
|t:|1760865939
|switch|p1a: Slowking|Slowking-Galar, M|100/100
|switch|p2a: Grimmsnarl|Grimmsnarl, M|80/100
|turn|10
|
|t:|1760865942
|move|p2a: Grimmsnarl|Light Screen|p2a: Grimmsnarl
|-sidestart|p2: a lil sweeper|move: Light Screen
|move|p1a: Slowking|Sludge Bomb|p2a: Grimmsnarl
|-supereffective|p2a: Grimmsnarl
|-damage|p2a: Grimmsnarl|52/100
|
|-weather|Snowscape|[upkeep]
|upkeep
|turn|11
|
|t:|1760865947
|move|p2a: Grimmsnarl|Reflect|p2a: Grimmsnarl
|-sidestart|p2: a lil sweeper|Reflect
|move|p1a: Slowking|Sludge Bomb|p2a: Grimmsnarl
|-supereffective|p2a: Grimmsnarl
|-damage|p2a: Grimmsnarl|23/100
|
|-weather|Snowscape|[upkeep]
|upkeep
|turn|12
|
|t:|1760865954
|move|p2a: Grimmsnarl|Parting Shot|p1a: Slowking
|-unboost|p1a: Slowking|atk|1
|-unboost|p1a: Slowking|spa|1
|
|t:|1760865958
|switch|p2a: Heatran|Heatran, M|100/100|[from] Parting Shot
|-prepare|p1a: Slowking|Chilly Reception|[premajor]
|move|p1a: Slowking|Chilly Reception|p1a: Slowking
|
|t:|1760865962
|switch|p1a: Great Tusk|Great Tusk|100/100|[from] Chilly Reception
|
|-weather|none
|upkeep
|turn|13
|
|t:|1760865967
|switch|p2a: Ogerpon|Ogerpon-Wellspring, F|100/100
|move|p1a: Great Tusk|Headlong Rush|p2a: Ogerpon
|-resisted|p2a: Ogerpon
|-damage|p2a: Ogerpon|81/100
|-unboost|p1a: Great Tusk|def|1
|-unboost|p1a: Great Tusk|spd|1
|
|upkeep
|turn|14
|
|t:|1760865972
|-end|p1a: Great Tusk|Protosynthesis|[silent]
|switch|p1a: Tornadus|Tornadus-Therian, M|100/100
|move|p2a: Ogerpon|Swords Dance|p2a: Ogerpon
|-boost|p2a: Ogerpon|atk|2
|
|-sideend|p2: a lil sweeper|move: Light Screen
|upkeep
|turn|15
|
|t:|1760865975
|move|p1a: Tornadus|Bleakwind Storm|p2a: Ogerpon
|-supereffective|p2a: Ogerpon
|-damage|p2a: Ogerpon|0 fnt
|faint|p2a: Ogerpon
|
|-sideend|p2: a lil sweeper|Reflect
|upkeep
|
|t:|1760865985
|switch|p2a: Heatran|Heatran, M|100/100
|turn|16
|
|t:|1760865987
|move|p1a: Tornadus|Knock Off|p2a: Heatran
|-damage|p2a: Heatran|82/100
|-enditem|p2a: Heatran|Leftovers|[from] move: Knock Off|[of] p1a: Tornadus
|move|p2a: Heatran|Magma Storm|p1a: Tornadus|[miss]
|-miss|p2a: Heatran|p1a: Tornadus
|
|upkeep
|turn|17
|
|t:|1760865992
|move|p1a: Tornadus|U-turn|p2a: Heatran
|-resisted|p2a: Heatran
|-damage|p2a: Heatran|79/100
|
|t:|1760865996
|switch|p1a: Slowking|Slowking-Galar, M|100/100|[from] U-turn
|move|p2a: Heatran|Magma Storm|p1a: Slowking
|-damage|p1a: Slowking|74/100
|-activate|p1a: Slowking|move: Magma Storm|[of] p2a: Heatran
|
|-damage|p1a: Slowking|61/100|[from] move: Magma Storm|[partiallytrapped]
|upkeep
|turn|18
|l|☆a lil sweeper
|inactive|a lil sweeper disconnected and has a minute to reconnect!
|player|p2|
|inactive|a lil sweeper has 30 seconds to reconnect!
|inactive|a lil sweeper has 20 seconds to reconnect!
|inactive|a lil sweeper has 15 seconds to reconnect!
|inactive|a lil sweeper has 10 seconds to reconnect!
|inactive|a lil sweeper has 5 seconds to reconnect!
|-message|a lil sweeper lost due to inactivity.
|
|win|WingedOnion
|raw|WingedOnion's rating: 1480 &rarr; <strong>1500</strong><br />(+20 for winning)
|raw|a lil sweeper's rating: 1478 &rarr; <strong>1458</strong><br />(-20 for losing)
|l|☆WingedOnion
|player|p1|
