|j|☆CroundAF
|j|☆jojosworld
|t:|1760826154
|gametype|singles
|player|p1|CroundAF|wattson|1390
|player|p2|jojosworld|cynthia|1449
|gen|9
|tier|[Gen 9] OU
|rated|
|rule|HP Percentage Mod: HP is shown in percentages
|rule|Endless Battle Clause: Forcing endless battles is banned
|rule|Species Clause: Limit one of each Pokémon
|rule|OHKO Clause: OHKO moves are banned
|rule|Evasion Items Clause: Evasion items are banned
|rule|Evasion Moves Clause: Evasion moves are banned
|rule|Evasion Abilities Clause: Evasion abilities are banned
|rule|Sleep Moves Clause: Sleep-inducing moves are banned
|clearpoke
|poke|p1|Moltres|
|poke|p1|Zamazenta-*|
|poke|p1|Darkrai|
|poke|p1|Hydrapple, M|
|poke|p1|Ting-Lu|
|poke|p1|Tinkaton, F|
|poke|p2|Dragapult, M|
|poke|p2|Alomomola, F|
|poke|p2|Clodsire, F|
|poke|p2|Corviknight, F|
|poke|p2|Fezandipiti, M|
|poke|p2|Incineroar, F|
|teampreview
|inactive|Battle timer is ON: inactive players will automatically lose when time's up. (requested by jojosworld)
|inactive|CroundAF has 120 seconds left.
|
|t:|1760826198
|teamsize|p1|6
|teamsize|p2|6
|start
|switch|p1a: Hydrapple|Hydrapple, M|100/100
|switch|p2a: Incineroar|Incineroar, F, shiny|100/100
|-ability|p2a: Incineroar|Intimidate|boost
|-unboost|p1a: Hydrapple|atk|1
|turn|1
|
|t:|1760826206
|move|p2a: Incineroar|Knock Off|p1a: Hydrapple
|-damage|p1a: Hydrapple|80/100
|-enditem|p1a: Hydrapple|Heavy-Duty Boots|[from] move: Knock Off|[of] p2a: Incineroar
|move|p1a: Hydrapple|Earth Power|p2a: Incineroar
|-supereffective|p2a: Incineroar
|-damage|p2a: Incineroar|64/100
|
|upkeep
|turn|2
|
|t:|1760826214
|move|p2a: Incineroar|Parting Shot|p1a: Hydrapple
|-unboost|p1a: Hydrapple|atk|1
|-unboost|p1a: Hydrapple|spa|1
|
|t:|1760826219
|switch|p2a: Fezandipiti|Fezandipiti, M|100/100|[from] Parting Shot
|move|p1a: Hydrapple|Fickle Beam|p2a: Fezandipiti
|-immune|p2a: Fezandipiti
|
|upkeep
|turn|3
|
|t:|1760826225
|switch|p1a: Tinkaton|Tinkaton, F|100/100
|-ability|p1a: Tinkaton|Mold Breaker
|-item|p1a: Tinkaton|Air Balloon
|move|p2a: Fezandipiti|Beat Up|p1a: Tinkaton
|-resisted|p1a: Tinkaton
|-damage|p1a: Tinkaton|98/100
|-enditem|p1a: Tinkaton|Air Balloon
|-resisted|p1a: Tinkaton
|-damage|p1a: Tinkaton|97/100
|-resisted|p1a: Tinkaton
|-damage|p1a: Tinkaton|95/100
|-resisted|p1a: Tinkaton
|-damage|p1a: Tinkaton|93/100
|-resisted|p1a: Tinkaton
|-crit|p1a: Tinkaton
|-damage|p1a: Tinkaton|89/100
|-resisted|p1a: Tinkaton
|-damage|p1a: Tinkaton|87/100
|-hitcount|p1a: Tinkaton|6
|
|upkeep
|turn|4
|
|t:|1760826242
|switch|p2a: Alomomola|Alomomola, F, shiny|100/100
|move|p1a: Tinkaton|Stealth Rock|p2a: Alomomola
|-sidestart|p2: jojosworld|move: Stealth Rock
|
|upkeep
|turn|5
|
|t:|1760826255
|move|p1a: Tinkaton|Thunder Wave|p2a: Alomomola|[miss]
|-miss|p1a: Tinkaton|p2a: Alomomola
|move|p2a: Alomomola|Flip Turn|p1a: Tinkaton
|-damage|p1a: Tinkaton|67/100
|
|t:|1760826277
|switch|p2a: Dragapult|Dragapult, M, shiny|100/100|[from] Flip Turn
|-damage|p2a: Dragapult|88/100|[from] Stealth Rock
|
|upkeep
|turn|6
|
|t:|1760826286
|switch|p1a: Ting-Lu|Ting-Lu|100/100
|-ability|p1a: Ting-Lu|Vessel of Ruin
|-terastallize|p2a: Dragapult|Ghost
|move|p2a: Dragapult|Tera Blast|p1a: Ting-Lu|[anim] Tera Blast Ghost
|-resisted|p1a: Ting-Lu
|-damage|p1a: Ting-Lu|77/100
|
|-heal|p1a: Ting-Lu|83/100|[from] item: Leftovers
|upkeep
|turn|7
|
|t:|1760826295
|switch|p2a: Fezandipiti|Fezandipiti, M|100/100
|move|p1a: Ting-Lu|Earthquake|p2a: Fezandipiti
|-supereffective|p2a: Fezandipiti
|-damage|p2a: Fezandipiti|18/100
|
|-heal|p1a: Ting-Lu|90/100|[from] item: Leftovers
|upkeep
|turn|8
|
|t:|1760826306
|switch|p1a: Tinkaton|Tinkaton, F|67/100
|-ability|p1a: Tinkaton|Mold Breaker
|move|p2a: Fezandipiti|U-turn|p1a: Tinkaton
|-resisted|p1a: Tinkaton
|-damage|p1a: Tinkaton|62/100
|
|t:|1760826308
|switch|p2a: Alomomola|Alomomola, F, shiny|100/100|[from] U-turn
|
|upkeep
|turn|9
|
|t:|1760826316
|move|p1a: Tinkaton|Thunder Wave|p2a: Alomomola
|-status|p2a: Alomomola|par
|move|p2a: Alomomola|Flip Turn|p1a: Tinkaton
|-damage|p1a: Tinkaton|43/100
|
|t:|1760826319
|switch|p2a: Dragapult|Dragapult, M, shiny, tera:Ghost|88/100|[from] Flip Turn
|-damage|p2a: Dragapult|76/100|[from] Stealth Rock
|
|upkeep
|turn|10
|
|t:|1760826324
|move|p2a: Dragapult|U-turn|p1a: Tinkaton
|-resisted|p1a: Tinkaton
|-crit|p1a: Tinkaton
|-damage|p1a: Tinkaton|26/100
|
|t:|1760826327
|switch|p2a: Alomomola|Alomomola, F, shiny|100/100 par|[from] U-turn
|move|p1a: Tinkaton|Gigaton Hammer|p2a: Alomomola
|-resisted|p2a: Alomomola
|-damage|p2a: Alomomola|89/100 par
|
|upkeep
|turn|11
|
|t:|1760826341
|switch|p1a: Hydrapple|Hydrapple, M|100/100
|cant|p2a: Alomomola|par
|
|upkeep
|turn|12
|
|t:|1760826349
|move|p1a: Hydrapple|Earth Power|p2a: Alomomola
|-damage|p2a: Alomomola|59/100 par
|move|p2a: Alomomola|Flip Turn|p1a: Hydrapple
|-resisted|p1a: Hydrapple
|-damage|p1a: Hydrapple|98/100
|
|t:|1760826353
|switch|p2a: Fezandipiti|Fezandipiti, M|18/100|[from] Flip Turn
|
|upkeep
|turn|13
|
|t:|1760826376
|switch|p1a: Moltres|Moltres|100/100
|move|p2a: Fezandipiti|Roost|p2a: Fezandipiti
|-heal|p2a: Fezandipiti|68/100
|-singleturn|p2a: Fezandipiti|move: Roost
|
|upkeep
|turn|14
|
|t:|1760826383
|move|p2a: Fezandipiti|Beat Up|p1a: Moltres
|-damage|p1a: Moltres|98/100
|-damage|p1a: Moltres|95/100
|-damage|p1a: Moltres|93/100
|-damage|p1a: Moltres|90/100
|-damage|p1a: Moltres|87/100
|-status|p1a: Moltres|tox|[from] ability: Toxic Chain|[of] p2a: Fezandipiti
|-hitcount|p1a: Moltres|5
|move|p1a: Moltres|Flamethrower|p2a: Fezandipiti
|-damage|p2a: Fezandipiti|45/100
|
|-damage|p1a: Moltres|81/100 tox|[from] psn
|upkeep
|turn|15
|
|t:|1760826396
|move|p2a: Fezandipiti|Roost|p2a: Fezandipiti
|-heal|p2a: Fezandipiti|95/100
|-singleturn|p2a: Fezandipiti|move: Roost
|move|p1a: Moltres|U-turn|p2a: Fezandipiti
|-resisted|p2a: Fezandipiti
|-damage|p2a: Fezandipiti|91/100
|inactive|CroundAF has 120 seconds left.
|
|t:|1760826438
|switch|p1a: Tinkaton|Tinkaton, F|26/100|[from] U-turn
|-ability|p1a: Tinkaton|Mold Breaker
|
|upkeep
|turn|16
|
|t:|1760826443
|switch|p2a: Alomomola|Alomomola, F, shiny|93/100 par
|move|p1a: Tinkaton|Gigaton Hammer|p2a: Alomomola
|-resisted|p2a: Alomomola
|-damage|p2a: Alomomola|82/100 par
|
|upkeep
|turn|17
|
|t:|1760826452
|switch|p1a: Hydrapple|Hydrapple, M|100/100
|move|p2a: Alomomola|Flip Turn|p1a: Hydrapple
|-resisted|p1a: Hydrapple
|-damage|p1a: Hydrapple|98/100
|
|t:|1760826458
|switch|p2a: Fezandipiti|Fezandipiti, M|91/100|[from] Flip Turn
|
|upkeep
|turn|18
|inactive|CroundAF has 120 seconds left.
|
|t:|1760826464
|move|p2a: Fezandipiti|Beat Up|p1a: Hydrapple
|-damage|p1a: Hydrapple|96/100
|-status|p1a: Hydrapple|tox|[from] ability: Toxic Chain|[of] p2a: Fezandipiti
|-damage|p1a: Hydrapple|93/100 tox
|-damage|p1a: Hydrapple|91/100 tox
|-damage|p1a: Hydrapple|89/100 tox
|-damage|p1a: Hydrapple|86/100 tox
|-hitcount|p1a: Hydrapple|5
|move|p1a: Hydrapple|Earth Power|p2a: Fezandipiti
|-supereffective|p2a: Fezandipiti
|-damage|p2a: Fezandipiti|59/100
|
|-damage|p1a: Hydrapple|80/100 tox|[from] psn
|upkeep
|turn|19
|
|t:|1760826474
|move|p2a: Fezandipiti|Roost|p2a: Fezandipiti
|-heal|p2a: Fezandipiti|100/100
|-singleturn|p2a: Fezandipiti|move: Roost
|move|p1a: Hydrapple|Fickle Beam|p2a: Fezandipiti
|-immune|p2a: Fezandipiti
|
|-damage|p1a: Hydrapple|68/100 tox|[from] psn
|upkeep
|turn|20
|
|t:|1760826478
|switch|p1a: Tinkaton|Tinkaton, F|26/100
|-ability|p1a: Tinkaton|Mold Breaker
|move|p2a: Fezandipiti|Play Rough|p1a: Tinkaton|[miss]
|-miss|p2a: Fezandipiti|p1a: Tinkaton
|
|upkeep
|turn|21
|
|t:|1760826486
|switch|p2a: Alomomola|Alomomola, F, shiny|100/100 par
|move|p1a: Tinkaton|Gigaton Hammer|p2a: Alomomola
|-resisted|p2a: Alomomola
|-damage|p2a: Alomomola|88/100 par
|
|upkeep
|turn|22
|
|t:|1760826488
|switch|p1a: Darkrai|Darkrai, shiny|100/100
|move|p2a: Alomomola|Flip Turn|p1a: Darkrai
|-damage|p1a: Darkrai|79/100
|
|t:|1760826490
|switch|p2a: Fezandipiti|Fezandipiti, M|100/100|[from] Flip Turn
|
|upkeep
|turn|23
|
|t:|1760826500
|-terastallize|p1a: Darkrai|Poison
|move|p1a: Darkrai|Knock Off|p2a: Fezandipiti
|-resisted|p2a: Fezandipiti
|-damage|p2a: Fezandipiti|85/100
|-enditem|p2a: Fezandipiti|Heavy-Duty Boots|[from] move: Knock Off|[of] p1a: Darkrai
|move|p2a: Fezandipiti|Beat Up|p1a: Darkrai
|-damage|p1a: Darkrai|75/100
|-damage|p1a: Darkrai|68/100
|-damage|p1a: Darkrai|64/100
|-damage|p1a: Darkrai|59/100
|-damage|p1a: Darkrai|54/100
|-hitcount|p1a: Darkrai|5
|
|upkeep
|turn|24
|
|t:|1760826511
|switch|p1a: Tinkaton|Tinkaton, F|26/100
|-ability|p1a: Tinkaton|Mold Breaker
|move|p2a: Fezandipiti|Beat Up|p1a: Tinkaton
|-resisted|p1a: Tinkaton
|-damage|p1a: Tinkaton|24/100
|-resisted|p1a: Tinkaton
|-damage|p1a: Tinkaton|21/100
|-resisted|p1a: Tinkaton
|-damage|p1a: Tinkaton|19/100
|-resisted|p1a: Tinkaton
|-damage|p1a: Tinkaton|17/100
|-resisted|p1a: Tinkaton
|-damage|p1a: Tinkaton|15/100
|-hitcount|p1a: Tinkaton|5
|
|upkeep
|turn|25
|
|t:|1760826518
|switch|p1a: Hydrapple|Hydrapple, M|100/100 tox
|switch|p2a: Alomomola|Alomomola, F, shiny|100/100 par
|
|-damage|p1a: Hydrapple|94/100 tox|[from] psn
|upkeep
|turn|26
|
|t:|1760826522
|switch|p2a: Fezandipiti|Fezandipiti, M|85/100
|-damage|p2a: Fezandipiti|73/100|[from] Stealth Rock
|move|p1a: Hydrapple|Giga Drain|p2a: Fezandipiti
|-resisted|p2a: Fezandipiti
|-damage|p2a: Fezandipiti|61/100
|-heal|p1a: Hydrapple|99/100 tox|[from] drain|[of] p2a: Fezandipiti
|
|-damage|p1a: Hydrapple|88/100 tox|[from] psn
|upkeep
|turn|27
|
|t:|1760826533
|switch|p1a: Moltres|Moltres|81/100 tox
|move|p2a: Fezandipiti|Roost|p2a: Fezandipiti
|-heal|p2a: Fezandipiti|100/100
|-singleturn|p2a: Fezandipiti|move: Roost
|
|-damage|p1a: Moltres|75/100 tox|[from] psn
|upkeep
|turn|28
|
|t:|1760826539
|move|p2a: Fezandipiti|Beat Up|p1a: Moltres
|-damage|p1a: Moltres|73/100 tox
|-damage|p1a: Moltres|70/100 tox
|-damage|p1a: Moltres|68/100 tox
|-damage|p1a: Moltres|65/100 tox
|-damage|p1a: Moltres|62/100 tox
|-hitcount|p1a: Moltres|5
|move|p1a: Moltres|Roar|p2a: Fezandipiti
|drag|p2a: Dragapult|Dragapult, M, shiny, tera:Ghost|76/100
|-damage|p2a: Dragapult|64/100|[from] Stealth Rock
|
|-damage|p1a: Moltres|50/100 tox|[from] psn
|upkeep
|turn|29
|
|t:|1760826549
|switch|p1a: Zamazenta|Zamazenta|100/100
|-ability|p1a: Zamazenta|Dauntless Shield|boost
|-boost|p1a: Zamazenta|def|1
|move|p2a: Dragapult|Tera Blast|p1a: Zamazenta|[anim] Tera Blast Ghost
|-damage|p1a: Zamazenta|43/100
|
|upkeep
|turn|30
|
|t:|1760826557
|move|p1a: Zamazenta|Crunch|p2a: Dragapult
|-supereffective|p2a: Dragapult
|-damage|p2a: Dragapult|0 fnt
|faint|p2a: Dragapult
|
|upkeep
|
|t:|1760826560
|switch|p2a: Fezandipiti|Fezandipiti, M|100/100
|-damage|p2a: Fezandipiti|88/100|[from] Stealth Rock
|turn|31
|
|t:|1760826571
|switch|p1a: Tinkaton|Tinkaton, F|15/100
|-ability|p1a: Tinkaton|Mold Breaker
|move|p2a: Fezandipiti|Beat Up|p1a: Tinkaton
|-resisted|p1a: Tinkaton
|-damage|p1a: Tinkaton|13/100
|-resisted|p1a: Tinkaton
|-damage|p1a: Tinkaton|11/100
|-resisted|p1a: Tinkaton
|-damage|p1a: Tinkaton|9/100
|-resisted|p1a: Tinkaton
|-damage|p1a: Tinkaton|7/100
|-hitcount|p1a: Tinkaton|4
|
|upkeep
|turn|32
|
|t:|1760826577
|switch|p2a: Corviknight|Corviknight, F, shiny|100/100
|-damage|p2a: Corviknight|88/100|[from] Stealth Rock
|-ability|p2a: Corviknight|Pressure
|move|p1a: Tinkaton|Gigaton Hammer|p2a: Corviknight
|-resisted|p2a: Corviknight
|-damage|p2a: Corviknight|74/100
|
|upkeep
|turn|33
|
|t:|1760826583
|switch|p2a: Alomomola|Alomomola, F, shiny|100/100 par
|move|p1a: Tinkaton|Thunder Wave|p2a: Alomomola
|-fail|p2a: Alomomola|par
|
|upkeep
|turn|34
|
|t:|1760826596
|switch|p1a: Darkrai|Darkrai, shiny, tera:Poison|54/100
|move|p2a: Alomomola|Flip Turn|p1a: Darkrai
|-damage|p1a: Darkrai|34/100
|
|t:|1760826599
|switch|p2a: Fezandipiti|Fezandipiti, M|88/100|[from] Flip Turn
|-damage|p2a: Fezandipiti|76/100|[from] Stealth Rock
|
|upkeep
|turn|35
|
|t:|1760826604
|move|p1a: Darkrai|Sludge Bomb|p2a: Fezandipiti
|-damage|p2a: Fezandipiti|45/100
|move|p2a: Fezandipiti|Beat Up|p1a: Darkrai
|-damage|p1a: Darkrai|29/100
|-damage|p1a: Darkrai|24/100
|-damage|p1a: Darkrai|19/100
|-crit|p1a: Darkrai
|-damage|p1a: Darkrai|13/100
|-hitcount|p1a: Darkrai|4
|
|upkeep
|turn|36
|
|t:|1760826609
|move|p1a: Darkrai|Sludge Bomb|p2a: Fezandipiti
|-damage|p2a: Fezandipiti|15/100
|move|p2a: Fezandipiti|Roost|p2a: Fezandipiti
|-heal|p2a: Fezandipiti|65/100
|-singleturn|p2a: Fezandipiti|move: Roost
|
|upkeep
|turn|37
|
|t:|1760826620
|move|p1a: Darkrai|Sludge Bomb|p2a: Fezandipiti
|-damage|p2a: Fezandipiti|35/100
|move|p2a: Fezandipiti|Roost|p2a: Fezandipiti
|-heal|p2a: Fezandipiti|85/100
|-singleturn|p2a: Fezandipiti|move: Roost
|
|upkeep
|turn|38
|
|t:|1760826627
|move|p1a: Darkrai|Sludge Bomb|p2a: Fezandipiti
|-damage|p2a: Fezandipiti|53/100
|move|p2a: Fezandipiti|Beat Up|p1a: Darkrai
|-crit|p1a: Darkrai
|-damage|p1a: Darkrai|5/100
|-damage|p1a: Darkrai|2/100
|-damage|p1a: Darkrai|0 fnt
|faint|p1a: Darkrai
|-hitcount|p1: Darkrai|3
|
|upkeep
|
|t:|1760826634
|switch|p1a: Zamazenta|Zamazenta|43/100
|turn|39
|
|t:|1760826637
|switch|p2a: Alomomola|Alomomola, F, shiny|100/100 par
|move|p1a: Zamazenta|Stone Edge|p2a: Alomomola|[miss]
|-miss|p1a: Zamazenta|p2a: Alomomola
|
|upkeep
|turn|40
|
|t:|1760826642
|switch|p1a: Hydrapple|Hydrapple, M|100/100 tox
|move|p2a: Alomomola|Flip Turn|p1a: Hydrapple
|-resisted|p1a: Hydrapple
|-damage|p1a: Hydrapple|98/100 tox
|
|t:|1760826644
|switch|p2a: Fezandipiti|Fezandipiti, M|53/100|[from] Flip Turn
|-damage|p2a: Fezandipiti|41/100|[from] Stealth Rock
|
|-damage|p1a: Hydrapple|92/100 tox|[from] psn
|upkeep
|turn|41
|
|t:|1760826649
|move|p2a: Fezandipiti|Roost|p2a: Fezandipiti
|-heal|p2a: Fezandipiti|91/100
|-singleturn|p2a: Fezandipiti|move: Roost
|move|p1a: Hydrapple|Earth Power|p2a: Fezandipiti
|-supereffective|p2a: Fezandipiti
|-damage|p2a: Fezandipiti|54/100
|
|-damage|p1a: Hydrapple|80/100 tox|[from] psn
|upkeep
|turn|42
|
|t:|1760826655
|switch|p1a: Moltres|Moltres|50/100 tox
|move|p2a: Fezandipiti|Play Rough|p1a: Moltres
|-resisted|p1a: Moltres
|-damage|p1a: Moltres|38/100 tox
|
|-damage|p1a: Moltres|32/100 tox|[from] psn
|upkeep
|turn|43
|
|t:|1760826660
|move|p2a: Fezandipiti|Beat Up|p1a: Moltres
|-damage|p1a: Moltres|29/100 tox
|-damage|p1a: Moltres|27/100 tox
|-damage|p1a: Moltres|24/100 tox
|-damage|p1a: Moltres|22/100 tox
|-hitcount|p1a: Moltres|4
|move|p1a: Moltres|Roost|p1a: Moltres
|-heal|p1a: Moltres|72/100 tox
|-singleturn|p1a: Moltres|move: Roost
|
|-damage|p1a: Moltres|60/100 tox|[from] psn
|upkeep
|turn|44
|
|t:|1760826665
|move|p2a: Fezandipiti|Roost|p2a: Fezandipiti
|-heal|p2a: Fezandipiti|100/100
|-singleturn|p2a: Fezandipiti|move: Roost
|move|p1a: Moltres|Roost|p1a: Moltres
|-heal|p1a: Moltres|100/100 tox
|-singleturn|p1a: Moltres|move: Roost
|
|-damage|p1a: Moltres|82/100 tox|[from] psn
|upkeep
|turn|45
|
|t:|1760826670
|switch|p2a: Alomomola|Alomomola, F, shiny|100/100 par
|move|p1a: Moltres|U-turn|p2a: Alomomola
|-damage|p2a: Alomomola|92/100 par
|
|t:|1760826672
|switch|p1a: Hydrapple|Hydrapple, M|100/100 tox|[from] U-turn
|
|-damage|p1a: Hydrapple|94/100 tox|[from] psn
|upkeep
|turn|46
|
|t:|1760826675
|switch|p2a: Corviknight|Corviknight, F, shiny|74/100
|-damage|p2a: Corviknight|62/100|[from] Stealth Rock
|-ability|p2a: Corviknight|Pressure
|move|p1a: Hydrapple|Nasty Plot|p1a: Hydrapple
|-boost|p1a: Hydrapple|spa|2
|
|-damage|p1a: Hydrapple|82/100 tox|[from] psn
|upkeep
|turn|47
|
|t:|1760826681
|move|p2a: Corviknight|Defog|p1a: Hydrapple
|-unboost|p1a: Hydrapple|evasion|1
|-sideend|p2: jojosworld|Stealth Rock|[from] move: Defog|[of] p2a: Corviknight
|move|p1a: Hydrapple|Fickle Beam|p2a: Corviknight
|-resisted|p2a: Corviknight
|-damage|p2a: Corviknight|31/100
|
|-damage|p1a: Hydrapple|64/100 tox|[from] psn
|upkeep
|turn|48
|
|t:|1760826690
|move|p2a: Corviknight|U-turn|p1a: Hydrapple
|-supereffective|p1a: Hydrapple
|-damage|p1a: Hydrapple|47/100 tox
|
|t:|1760826692
|switch|p2a: Fezandipiti|Fezandipiti, M|100/100|[from] U-turn
|move|p1a: Hydrapple|Giga Drain|p2a: Fezandipiti
|-resisted|p2a: Fezandipiti
|-damage|p2a: Fezandipiti|80/100
|-heal|p1a: Hydrapple|57/100 tox|[from] drain|[of] p2a: Fezandipiti
|
|-damage|p1a: Hydrapple|33/100 tox|[from] psn
|upkeep
|turn|49
|
|t:|1760826698
|switch|p1a: Moltres|Moltres|82/100 tox
|move|p2a: Fezandipiti|U-turn|p1a: Moltres
|-resisted|p1a: Moltres
|-damage|p1a: Moltres|80/100 tox
|
|t:|1760826704
|switch|p2a: Incineroar|Incineroar, F, shiny|64/100|[from] U-turn
|-ability|p2a: Incineroar|Intimidate|boost
|-unboost|p1a: Moltres|atk|1
|
|-damage|p1a: Moltres|74/100 tox|[from] psn
|upkeep
|turn|50
|
|t:|1760826710
|move|p1a: Moltres|U-turn|p2a: Incineroar
|-damage|p2a: Incineroar|55/100
|
|t:|1760826712
|switch|p1a: Zamazenta|Zamazenta|43/100|[from] U-turn
|move|p2a: Incineroar|Parting Shot|p1a: Zamazenta
|-unboost|p1a: Zamazenta|atk|1
|-unboost|p1a: Zamazenta|spa|1
|
|t:|1760826714
|switch|p2a: Fezandipiti|Fezandipiti, M|80/100|[from] Parting Shot
|
|upkeep
|turn|51
|
|t:|1760826720
|switch|p1a: Moltres|Moltres|74/100 tox
|move|p2a: Fezandipiti|Play Rough|p1a: Moltres
|-resisted|p1a: Moltres
|-damage|p1a: Moltres|62/100 tox
|-unboost|p1a: Moltres|atk|1
|-status|p2a: Fezandipiti|brn|[from] ability: Flame Body|[of] p1a: Moltres
|
|-damage|p1a: Moltres|56/100 tox|[from] psn
|-damage|p2a: Fezandipiti|74/100 brn|[from] brn
|upkeep
|turn|52
|
|t:|1760826723
|switch|p2a: Alomomola|Alomomola, F, shiny|100/100 par
|move|p1a: Moltres|Roost|p1a: Moltres
|-heal|p1a: Moltres|100/100 tox
|-singleturn|p1a: Moltres|move: Roost
|
|-damage|p1a: Moltres|88/100 tox|[from] psn
|upkeep
|turn|53
|
|t:|1760826726
|move|p1a: Moltres|U-turn|p2a: Alomomola
|-damage|p2a: Alomomola|96/100 par
|
|t:|1760826729
|switch|p1a: Hydrapple|Hydrapple, M|66/100 tox|[from] U-turn
|move|p2a: Alomomola|Flip Turn|p1a: Hydrapple
|-resisted|p1a: Hydrapple
|-damage|p1a: Hydrapple|64/100 tox
|
|t:|1760826731
|switch|p2a: Fezandipiti|Fezandipiti, M|74/100 brn|[from] Flip Turn
|
|-damage|p1a: Hydrapple|58/100 tox|[from] psn
|-damage|p2a: Fezandipiti|68/100 brn|[from] brn
|upkeep
|turn|54
|
|t:|1760826736
|move|p2a: Fezandipiti|U-turn|p1a: Hydrapple
|-supereffective|p1a: Hydrapple
|-damage|p1a: Hydrapple|46/100 tox
|
|t:|1760826740
|switch|p2a: Corviknight|Corviknight, F, shiny|31/100|[from] U-turn
|-ability|p2a: Corviknight|Pressure
|move|p1a: Hydrapple|Earth Power|p2a: Corviknight
|-immune|p2a: Corviknight
|
|-damage|p1a: Hydrapple|34/100 tox|[from] psn
|upkeep
|turn|55
|
|t:|1760826743
|switch|p1a: Ting-Lu|Ting-Lu|90/100
|-ability|p1a: Ting-Lu|Vessel of Ruin
|move|p2a: Corviknight|Roost|p2a: Corviknight
|-heal|p2a: Corviknight|81/100
|-singleturn|p2a: Corviknight|move: Roost
|
|-heal|p1a: Ting-Lu|96/100|[from] item: Leftovers
|upkeep
|turn|56
|
|t:|1760826746
|move|p2a: Corviknight|Body Press|p1a: Ting-Lu
|-supereffective|p1a: Ting-Lu
|-damage|p1a: Ting-Lu|69/100
|move|p1a: Ting-Lu|Spikes|p2a: Corviknight
|-sidestart|p2: jojosworld|Spikes
|
|-heal|p1a: Ting-Lu|75/100|[from] item: Leftovers
|upkeep
|turn|57
|
|t:|1760826749
|switch|p1a: Moltres|Moltres|88/100 tox
|move|p2a: Corviknight|Body Press|p1a: Moltres
|-resisted|p1a: Moltres
|-damage|p1a: Moltres|80/100 tox
|
|-damage|p1a: Moltres|74/100 tox|[from] psn
|upkeep
|turn|58
|
|t:|1760826758
|switch|p2a: Alomomola|Alomomola, F, shiny|100/100 par
|move|p1a: Moltres|Flamethrower|p2a: Alomomola
|-resisted|p2a: Alomomola
|-damage|p2a: Alomomola|79/100 par
|
|-damage|p1a: Moltres|62/100 tox|[from] psn
|upkeep
|turn|59
|
|t:|1760826764
|switch|p1a: Hydrapple|Hydrapple, M|67/100 tox
|move|p2a: Alomomola|Flip Turn|p1a: Hydrapple
|-resisted|p1a: Hydrapple
|-damage|p1a: Hydrapple|65/100 tox
|
|t:|1760826767
|switch|p2a: Corviknight|Corviknight, F, shiny|81/100|[from] Flip Turn
|-ability|p2a: Corviknight|Pressure
|
|-damage|p1a: Hydrapple|59/100 tox|[from] psn
|upkeep
|turn|60
|
|t:|1760826774
|switch|p1a: Moltres|Moltres|62/100 tox
|move|p2a: Corviknight|Defog|p1a: Moltres
|-unboost|p1a: Moltres|evasion|1
|-sideend|p2: jojosworld|Spikes|[from] move: Defog|[of] p2a: Corviknight
|
|-damage|p1a: Moltres|56/100 tox|[from] psn
|upkeep
|turn|61
|
|t:|1760826777
|switch|p2a: Alomomola|Alomomola, F, shiny|100/100 par
|move|p1a: Moltres|Roost|p1a: Moltres
|-heal|p1a: Moltres|100/100 tox
|-singleturn|p1a: Moltres|move: Roost
|
|-damage|p1a: Moltres|88/100 tox|[from] psn
|upkeep
|turn|62
|
|t:|1760826780
|switch|p1a: Hydrapple|Hydrapple, M|93/100 tox
|move|p2a: Alomomola|Flip Turn|p1a: Hydrapple
|-resisted|p1a: Hydrapple
|-damage|p1a: Hydrapple|90/100 tox
|
|t:|1760826785
|switch|p2a: Corviknight|Corviknight, F, shiny|81/100|[from] Flip Turn
|-ability|p2a: Corviknight|Pressure
|
|-damage|p1a: Hydrapple|84/100 tox|[from] psn
|upkeep
|turn|63
|
|t:|1760826791
|move|p2a: Corviknight|U-turn|p1a: Hydrapple
|-supereffective|p1a: Hydrapple
|-damage|p1a: Hydrapple|68/100 tox
|
|t:|1760826799
|switch|p2a: Fezandipiti|Fezandipiti, M|68/100 brn|[from] U-turn
|move|p1a: Hydrapple|Fickle Beam|p2a: Fezandipiti
|-immune|p2a: Fezandipiti
|
|-damage|p1a: Hydrapple|56/100 tox|[from] psn
|-damage|p2a: Fezandipiti|62/100 brn|[from] brn
|upkeep
|turn|64
|
|t:|1760826811
|switch|p1a: Moltres|Moltres|88/100 tox
|move|p2a: Fezandipiti|U-turn|p1a: Moltres
|-resisted|p1a: Moltres
|-damage|p1a: Moltres|87/100 tox
|
|t:|1760826817
|switch|p2a: Alomomola|Alomomola, F, shiny|100/100 par|[from] U-turn
|
|-damage|p1a: Moltres|81/100 tox|[from] psn
|upkeep
|turn|65
|
|t:|1760826826
|move|p1a: Moltres|U-turn|p2a: Alomomola
|-damage|p2a: Alomomola|93/100 par
|
|t:|1760826828
|switch|p1a: Hydrapple|Hydrapple, M|89/100 tox|[from] U-turn
|cant|p2a: Alomomola|par
|
|-damage|p1a: Hydrapple|83/100 tox|[from] psn
|upkeep
|turn|66
|
|t:|1760826838
|switch|p2a: Fezandipiti|Fezandipiti, M|62/100 brn
|move|p1a: Hydrapple|Giga Drain|p2a: Fezandipiti
|-resisted|p2a: Fezandipiti
|-damage|p2a: Fezandipiti|51/100 brn
|-heal|p1a: Hydrapple|88/100 tox|[from] drain|[of] p2a: Fezandipiti
|
|-damage|p1a: Hydrapple|76/100 tox|[from] psn
|-damage|p2a: Fezandipiti|45/100 brn|[from] brn
|upkeep
|turn|67
|
|t:|1760826851
|move|p2a: Fezandipiti|U-turn|p1a: Hydrapple
|-supereffective|p1a: Hydrapple
|-damage|p1a: Hydrapple|66/100 tox
|
|t:|1760826866
|switch|p2a: Corviknight|Corviknight, F, shiny|81/100|[from] U-turn
|-ability|p2a: Corviknight|Pressure
|move|p1a: Hydrapple|Fickle Beam|p2a: Corviknight
|-resisted|p2a: Corviknight
|-damage|p2a: Corviknight|63/100
|
|-damage|p1a: Hydrapple|48/100 tox|[from] psn
|upkeep
|turn|68
|
|t:|1760826874
|switch|p1a: Moltres|Moltres|81/100 tox
|move|p2a: Corviknight|U-turn|p1a: Moltres
|-resisted|p1a: Moltres
|-damage|p1a: Moltres|79/100 tox
|
|t:|1760826883
|switch|p2a: Clodsire|Clodsire, F, shiny|100/100|[from] U-turn
|
|-damage|p1a: Moltres|73/100 tox|[from] psn
|upkeep
|turn|69
|
|t:|1760826892
|move|p1a: Moltres|Flamethrower|p2a: Clodsire
|-damage|p2a: Clodsire|86/100
|move|p2a: Clodsire|Gunk Shot|p1a: Moltres
|-damage|p1a: Moltres|51/100 tox
|
|-damage|p1a: Moltres|39/100 tox|[from] psn
|upkeep
|turn|70
|
|t:|1760826899
|move|p1a: Moltres|U-turn|p2a: Clodsire
|-resisted|p2a: Clodsire
|-damage|p2a: Clodsire|78/100
|
|t:|1760826903
|switch|p1a: Tinkaton|Tinkaton, F|7/100|[from] U-turn
|-ability|p1a: Tinkaton|Mold Breaker
|move|p2a: Clodsire|Earthquake|p1a: Tinkaton
|-supereffective|p1a: Tinkaton
|-damage|p1a: Tinkaton|0 fnt
|faint|p1a: Tinkaton
|
|upkeep
|
|t:|1760826906
|switch|p1a: Ting-Lu|Ting-Lu|75/100
|-ability|p1a: Ting-Lu|Vessel of Ruin
|turn|71
|
|t:|1760826915
|switch|p2a: Corviknight|Corviknight, F, shiny|63/100
|-ability|p2a: Corviknight|Pressure
|move|p1a: Ting-Lu|Ruination|p2a: Corviknight
|-damage|p2a: Corviknight|32/100
|
|-heal|p1a: Ting-Lu|81/100|[from] item: Leftovers
|upkeep
|turn|72
|
|t:|1760826924
|switch|p1a: Moltres|Moltres|39/100 tox
|move|p2a: Corviknight|Roost|p2a: Corviknight
|-heal|p2a: Corviknight|82/100
|-singleturn|p2a: Corviknight|move: Roost
|
|-damage|p1a: Moltres|33/100 tox|[from] psn
|upkeep
|turn|73
|
|t:|1760826934
|switch|p2a: Alomomola|Alomomola, F, shiny|100/100 par
|move|p1a: Moltres|Roost|p1a: Moltres
|-heal|p1a: Moltres|83/100 tox
|-singleturn|p1a: Moltres|move: Roost
|
|-damage|p1a: Moltres|71/100 tox|[from] psn
|upkeep
|turn|74
|
|t:|1760826936
|switch|p1a: Hydrapple|Hydrapple, M|81/100 tox
|move|p2a: Alomomola|Flip Turn|p1a: Hydrapple
|-resisted|p1a: Hydrapple
|-damage|p1a: Hydrapple|79/100 tox
|
|t:|1760826940
|switch|p2a: Corviknight|Corviknight, F, shiny|82/100|[from] Flip Turn
|-ability|p2a: Corviknight|Pressure
|
|-damage|p1a: Hydrapple|73/100 tox|[from] psn
|upkeep
|turn|75
|
|t:|1760826946
|switch|p1a: Moltres|Moltres|71/100 tox
|move|p2a: Corviknight|U-turn|p1a: Moltres
|-resisted|p1a: Moltres
|-damage|p1a: Moltres|68/100 tox
|
|t:|1760826955
|switch|p2a: Alomomola|Alomomola, F, shiny|100/100 par|[from] U-turn
|
|-damage|p1a: Moltres|62/100 tox|[from] psn
|upkeep
|turn|76
|
|t:|1760826958
|switch|p1a: Hydrapple|Hydrapple, M|100/100 tox
|move|p2a: Alomomola|Wish|p2a: Alomomola
|
|-damage|p1a: Hydrapple|94/100 tox|[from] psn
|upkeep
|turn|77
|
|t:|1760826968
|switch|p2a: Fezandipiti|Fezandipiti, M|45/100 brn
|move|p1a: Hydrapple|Nasty Plot|p1a: Hydrapple
|-boost|p1a: Hydrapple|spa|2
|
|-heal|p2a: Fezandipiti|100/100 brn|[from] move: Wish|[wisher] Alomomola
|-damage|p1a: Hydrapple|82/100 tox|[from] psn
|-damage|p2a: Fezandipiti|94/100 brn|[from] brn
|upkeep
|turn|78
|
|t:|1760826982
|move|p2a: Fezandipiti|U-turn|p1a: Hydrapple
|-supereffective|p1a: Hydrapple
|-damage|p1a: Hydrapple|73/100 tox
|
|t:|1760826985
|switch|p2a: Corviknight|Corviknight, F, shiny|82/100|[from] U-turn
|-ability|p2a: Corviknight|Pressure
|move|p1a: Hydrapple|Giga Drain|p2a: Corviknight
|-resisted|p2a: Corviknight
|-damage|p2a: Corviknight|67/100
|-heal|p1a: Hydrapple|80/100 tox|[from] drain|[of] p2a: Corviknight
|
|-damage|p1a: Hydrapple|62/100 tox|[from] psn
|upkeep
|turn|79
|
|t:|1760826993
|switch|p1a: Moltres|Moltres|62/100 tox
|move|p2a: Corviknight|Roost|p2a: Corviknight
|-heal|p2a: Corviknight|100/100
|-singleturn|p2a: Corviknight|move: Roost
|
|-damage|p1a: Moltres|56/100 tox|[from] psn
|upkeep
|turn|80
|
|t:|1760827001
|switch|p2a: Alomomola|Alomomola, F, shiny|100/100 par
|move|p1a: Moltres|Roost|p1a: Moltres
|-heal|p1a: Moltres|100/100 tox
|-singleturn|p1a: Moltres|move: Roost
|
|-damage|p1a: Moltres|88/100 tox|[from] psn
|upkeep
|turn|81
|
|t:|1760827006
|move|p1a: Moltres|U-turn|p2a: Alomomola
|-damage|p2a: Alomomola|92/100 par
|
|t:|1760827010
|switch|p1a: Hydrapple|Hydrapple, M|95/100 tox|[from] U-turn
|move|p2a: Alomomola|Flip Turn|p1a: Hydrapple
|-resisted|p1a: Hydrapple
|-damage|p1a: Hydrapple|93/100 tox
|
|t:|1760827014
|switch|p2a: Corviknight|Corviknight, F, shiny|100/100|[from] Flip Turn
|-ability|p2a: Corviknight|Pressure
|
|-damage|p1a: Hydrapple|87/100 tox|[from] psn
|upkeep
|turn|82
|
|t:|1760827018
|switch|p1a: Moltres|Moltres|88/100 tox
|move|p2a: Corviknight|U-turn|p1a: Moltres
|-resisted|p1a: Moltres
|-damage|p1a: Moltres|86/100 tox
|
|t:|1760827022
|switch|p2a: Alomomola|Alomomola, F, shiny|100/100 par|[from] U-turn
|
|-damage|p1a: Moltres|80/100 tox|[from] psn
|upkeep
|turn|83
|
|t:|1760827028
|switch|p1a: Hydrapple|Hydrapple, M|100/100 tox
|cant|p2a: Alomomola|par
|
|-damage|p1a: Hydrapple|94/100 tox|[from] psn
|upkeep
|turn|84
|
|t:|1760827032
|move|p1a: Hydrapple|Giga Drain|p2a: Alomomola
|-supereffective|p2a: Alomomola
|-damage|p2a: Alomomola|17/100 par
|-heal|p1a: Hydrapple|100/100 tox|[from] drain|[of] p2a: Alomomola
|cant|p2a: Alomomola|par
|
|-damage|p1a: Hydrapple|88/100 tox|[from] psn
|upkeep
|turn|85
|
|t:|1760827040
|switch|p1a: Moltres|Moltres|80/100 tox
|switch|p2a: Corviknight|Corviknight, F, shiny|100/100
|-ability|p2a: Corviknight|Pressure
|
|-damage|p1a: Moltres|74/100 tox|[from] psn
|upkeep
|turn|86
|
|t:|1760827050
|switch|p2a: Alomomola|Alomomola, F, shiny|50/100 par
|move|p1a: Moltres|U-turn|p2a: Alomomola
|-damage|p2a: Alomomola|43/100 par
|
|t:|1760827055
|switch|p1a: Hydrapple|Hydrapple, M|100/100 tox|[from] U-turn
|
|-damage|p1a: Hydrapple|94/100 tox|[from] psn
|upkeep
|turn|87
|
|t:|1760827062
|switch|p2a: Corviknight|Corviknight, F, shiny|100/100
|-ability|p2a: Corviknight|Pressure
|move|p1a: Hydrapple|Earth Power|p2a: Corviknight
|-immune|p2a: Corviknight
|
|-damage|p1a: Hydrapple|82/100 tox|[from] psn
|upkeep
|turn|88
|
|t:|1760827070
|switch|p1a: Moltres|Moltres|74/100 tox
|move|p2a: Corviknight|Defog|p1a: Moltres
|-unboost|p1a: Moltres|evasion|1
|
|-damage|p1a: Moltres|68/100 tox|[from] psn
|upkeep
|turn|89
|
|t:|1760827078
|switch|p1a: Ting-Lu|Ting-Lu|81/100
|-ability|p1a: Ting-Lu|Vessel of Ruin
|switch|p2a: Alomomola|Alomomola, F, shiny|76/100 par
|
|-heal|p1a: Ting-Lu|87/100|[from] item: Leftovers
|upkeep
|turn|90
|
|t:|1760827089
|move|p1a: Ting-Lu|Ruination|p2a: Alomomola
|-damage|p2a: Alomomola|38/100 par
|move|p2a: Alomomola|Flip Turn|p1a: Ting-Lu
|-supereffective|p1a: Ting-Lu
|-damage|p1a: Ting-Lu|69/100
|
|t:|1760827091
|switch|p2a: Fezandipiti|Fezandipiti, M|94/100 brn|[from] Flip Turn
|
|-heal|p1a: Ting-Lu|76/100|[from] item: Leftovers
|-damage|p2a: Fezandipiti|88/100 brn|[from] brn
|upkeep
|turn|91
|
|t:|1760827095
|move|p2a: Fezandipiti|Beat Up|p1a: Ting-Lu
|-resisted|p1a: Ting-Lu
|-damage|p1a: Ting-Lu|75/100
|-status|p1a: Ting-Lu|tox|[from] ability: Toxic Chain|[of] p2a: Fezandipiti
|-resisted|p1a: Ting-Lu
|-damage|p1a: Ting-Lu|75/100 tox
|-resisted|p1a: Ting-Lu
|-damage|p1a: Ting-Lu|74/100 tox
|-resisted|p1a: Ting-Lu
|-damage|p1a: Ting-Lu|74/100 tox
|-hitcount|p1a: Ting-Lu|4
|move|p1a: Ting-Lu|Earthquake|p2a: Fezandipiti
|-supereffective|p2a: Fezandipiti
|-damage|p2a: Fezandipiti|12/100 brn
|
|-heal|p1a: Ting-Lu|80/100 tox|[from] item: Leftovers
|-damage|p1a: Ting-Lu|74/100 tox|[from] psn
|-damage|p2a: Fezandipiti|6/100 brn|[from] brn
|upkeep
|turn|92
|
|t:|1760827105
|move|p2a: Fezandipiti|U-turn|p1a: Ting-Lu
|-supereffective|p1a: Ting-Lu
|-damage|p1a: Ting-Lu|65/100 tox
|
|t:|1760827107
|switch|p2a: Alomomola|Alomomola, F, shiny|72/100 par|[from] U-turn
|move|p1a: Ting-Lu|Spikes|p2a: Alomomola
|-sidestart|p2: jojosworld|Spikes
|
|-heal|p1a: Ting-Lu|71/100 tox|[from] item: Leftovers
|-damage|p1a: Ting-Lu|59/100 tox|[from] psn
|upkeep
|turn|93
|
|t:|1760827112
|switch|p1a: Hydrapple|Hydrapple, M|100/100 tox
|move|p2a: Alomomola|Flip Turn|p1a: Hydrapple
|-resisted|p1a: Hydrapple
|-crit|p1a: Hydrapple
|-damage|p1a: Hydrapple|97/100 tox
|
|t:|1760827114
|switch|p2a: Corviknight|Corviknight, F, shiny|100/100|[from] Flip Turn
|-ability|p2a: Corviknight|Pressure
|
|-damage|p1a: Hydrapple|91/100 tox|[from] psn
|upkeep
|turn|94
|
|t:|1760827125
|switch|p1a: Zamazenta|Zamazenta|43/100
|move|p2a: Corviknight|Defog|p1a: Zamazenta
|-unboost|p1a: Zamazenta|evasion|1
|-sideend|p2: jojosworld|Spikes|[from] move: Defog|[of] p2a: Corviknight
|
|upkeep
|turn|95
|
|t:|1760827130
|switch|p1a: Moltres|Moltres|68/100 tox
|move|p2a: Corviknight|Body Press|p1a: Moltres
|-resisted|p1a: Moltres
|-damage|p1a: Moltres|58/100 tox
|
|-damage|p1a: Moltres|52/100 tox|[from] psn
|upkeep
|turn|96
|
|t:|1760827154
|switch|p2a: Alomomola|Alomomola, F, shiny|100/100 par
|move|p1a: Moltres|Flamethrower|p2a: Alomomola
|-resisted|p2a: Alomomola
|-damage|p2a: Alomomola|78/100 par
|
|-damage|p1a: Moltres|40/100 tox|[from] psn
|upkeep
|turn|97
|
|t:|1760827161
|move|p1a: Moltres|U-turn|p2a: Alomomola
|-damage|p2a: Alomomola|71/100 par
|
|t:|1760827162
|switch|p1a: Hydrapple|Hydrapple, M|100/100 tox|[from] U-turn
|move|p2a: Alomomola|Wish|p2a: Alomomola
|
|-damage|p1a: Hydrapple|94/100 tox|[from] psn
|upkeep
|turn|98
|
|t:|1760827173
|switch|p2a: Incineroar|Incineroar, F, shiny|55/100
|-ability|p2a: Incineroar|Intimidate|boost
|-unboost|p1a: Hydrapple|atk|1
|move|p1a: Hydrapple|Earth Power|p2a: Incineroar
|-supereffective|p2a: Incineroar
|-damage|p2a: Incineroar|19/100
|
|-heal|p2a: Incineroar|87/100|[from] move: Wish|[wisher] Alomomola
|-damage|p1a: Hydrapple|82/100 tox|[from] psn
|upkeep
|turn|99
|
|t:|1760827182
|move|p2a: Incineroar|Parting Shot|p1a: Hydrapple
|-unboost|p1a: Hydrapple|atk|1
|-unboost|p1a: Hydrapple|spa|1
|
|t:|1760827185
|switch|p2a: Corviknight|Corviknight, F, shiny|100/100|[from] Parting Shot
|-ability|p2a: Corviknight|Pressure
|move|p1a: Hydrapple|Earth Power|p2a: Corviknight
|-immune|p2a: Corviknight
|
|-damage|p1a: Hydrapple|64/100 tox|[from] psn
|upkeep
|turn|100
|
|t:|1760827189
|move|p2a: Corviknight|U-turn|p1a: Hydrapple
|-supereffective|p1a: Hydrapple
|-damage|p1a: Hydrapple|46/100 tox
|
|t:|1760827191
|switch|p2a: Incineroar|Incineroar, F, shiny|87/100|[from] U-turn
|-ability|p2a: Incineroar|Intimidate|boost
|-unboost|p1a: Hydrapple|atk|1
|move|p1a: Hydrapple|Fickle Beam|p2a: Incineroar
|-damage|p2a: Incineroar|71/100
|
|-damage|p1a: Hydrapple|22/100 tox|[from] psn
|upkeep
|turn|101
|
|t:|1760827195
|switch|p1a: Moltres|Moltres|40/100 tox
|move|p2a: Incineroar|Parting Shot|p1a: Moltres
|-unboost|p1a: Moltres|atk|1
|-unboost|p1a: Moltres|spa|1
|
|t:|1760827197
|switch|p2a: Alomomola|Alomomola, F, shiny|100/100 par|[from] Parting Shot
|
|-damage|p1a: Moltres|34/100 tox|[from] psn
|upkeep
|turn|102
|
|t:|1760827200
|move|p1a: Moltres|Roost|p1a: Moltres
|-heal|p1a: Moltres|84/100 tox
|-singleturn|p1a: Moltres|move: Roost
|move|p2a: Alomomola|Scald|p1a: Moltres
|-supereffective|p1a: Moltres
|-damage|p1a: Moltres|58/100 tox
|
|-damage|p1a: Moltres|46/100 tox|[from] psn
|upkeep
|turn|103
|
|t:|1760827209
|move|p1a: Moltres|U-turn|p2a: Alomomola
|-crit|p2a: Alomomola
|-damage|p2a: Alomomola|89/100 par
|
|t:|1760827212
|switch|p1a: Ting-Lu|Ting-Lu|59/100 tox|[from] U-turn
|-ability|p1a: Ting-Lu|Vessel of Ruin
|cant|p2a: Alomomola|par
|
|-heal|p1a: Ting-Lu|65/100 tox|[from] item: Leftovers
|-damage|p1a: Ting-Lu|59/100 tox|[from] psn
|upkeep
|turn|104
|
|t:|1760827216
|move|p1a: Ting-Lu|Ruination|p2a: Alomomola
|-damage|p2a: Alomomola|45/100 par
|move|p2a: Alomomola|Wish|p2a: Alomomola
|
|-heal|p1a: Ting-Lu|65/100 tox|[from] item: Leftovers
|-damage|p1a: Ting-Lu|52/100 tox|[from] psn
|upkeep
|turn|105
|
|t:|1760827223
|move|p1a: Ting-Lu|Earthquake|p2a: Alomomola
|-damage|p2a: Alomomola|23/100 par
|move|p2a: Alomomola|Flip Turn|p1a: Ting-Lu
|-supereffective|p1a: Ting-Lu
|-damage|p1a: Ting-Lu|36/100 tox
|
|t:|1760827229
|switch|p2a: Fezandipiti|Fezandipiti, M|6/100 brn|[from] Flip Turn
|
|-heal|p2a: Fezandipiti|76/100 brn|[from] move: Wish|[wisher] Alomomola
|-heal|p1a: Ting-Lu|42/100 tox|[from] item: Leftovers
|-damage|p1a: Ting-Lu|23/100 tox|[from] psn
|-damage|p2a: Fezandipiti|70/100 brn|[from] brn
|upkeep
|turn|106
|
|t:|1760827233
|move|p2a: Fezandipiti|U-turn|p1a: Ting-Lu
|-supereffective|p1a: Ting-Lu
|-damage|p1a: Ting-Lu|14/100 tox
|
|t:|1760827235
|switch|p2a: Corviknight|Corviknight, F, shiny|100/100|[from] U-turn
|-ability|p2a: Corviknight|Pressure
|move|p1a: Ting-Lu|Ruination|p2a: Corviknight
|-damage|p2a: Corviknight|50/100
|
|-heal|p1a: Ting-Lu|20/100 tox|[from] item: Leftovers
|-damage|p1a: Ting-Lu|0 fnt|[from] psn
|faint|p1a: Ting-Lu
|upkeep
|
|t:|1760827239
|switch|p1a: Moltres|Moltres|46/100 tox
|turn|107
|
|t:|1760827258
|switch|p2a: Alomomola|Alomomola, F, shiny|57/100 par
|move|p1a: Moltres|Flamethrower|p2a: Alomomola
|-resisted|p2a: Alomomola
|-damage|p2a: Alomomola|36/100 par
|
|-damage|p1a: Moltres|40/100 tox|[from] psn
|upkeep
|turn|108
|
|t:|1760827263
|move|p1a: Moltres|Flamethrower|p2a: Alomomola
|-resisted|p2a: Alomomola
|-damage|p2a: Alomomola|14/100 par
|move|p2a: Alomomola|Wish|p2a: Alomomola
|
|-damage|p1a: Moltres|28/100 tox|[from] psn
|upkeep
|turn|109
|
|t:|1760827268
|switch|p2a: Fezandipiti|Fezandipiti, M|70/100 brn
|move|p1a: Moltres|Roost|p1a: Moltres
|-heal|p1a: Moltres|78/100 tox
|-singleturn|p1a: Moltres|move: Roost
|
|-heal|p2a: Fezandipiti|100/100 brn|[from] move: Wish|[wisher] Alomomola
|-damage|p1a: Moltres|60/100 tox|[from] psn
|-damage|p2a: Fezandipiti|94/100 brn|[from] brn
|upkeep
|turn|110
|
|t:|1760827273
|switch|p1a: Zamazenta|Zamazenta|43/100
|move|p2a: Fezandipiti|U-turn|p1a: Zamazenta
|-resisted|p1a: Zamazenta
|-damage|p1a: Zamazenta|39/100
|-status|p1a: Zamazenta|tox|[from] ability: Toxic Chain|[of] p2a: Fezandipiti
|
|t:|1760827276
|switch|p2a: Alomomola|Alomomola, F, shiny|47/100 par|[from] U-turn
|
|-damage|p1a: Zamazenta|32/100 tox|[from] psn
|upkeep
|turn|111
|
|t:|1760827286
|move|p1a: Zamazenta|Close Combat|p2a: Alomomola
|-damage|p2a: Alomomola|18/100 par
|-unboost|p1a: Zamazenta|def|1
|-unboost|p1a: Zamazenta|spd|1
|cant|p2a: Alomomola|par
|
|-damage|p1a: Zamazenta|20/100 tox|[from] psn
|upkeep
|turn|112
|
|t:|1760827295
|switch|p2a: Corviknight|Corviknight, F, shiny|50/100
|-ability|p2a: Corviknight|Pressure
|move|p1a: Zamazenta|Stone Edge|p2a: Corviknight
|-damage|p2a: Corviknight|30/100
|
|-damage|p1a: Zamazenta|2/100 tox|[from] psn
|upkeep
|turn|113
|
|t:|1760827303
|switch|p2a: Fezandipiti|Fezandipiti, M|94/100 brn
|move|p1a: Zamazenta|Close Combat|p2a: Fezandipiti
|-resisted|p2a: Fezandipiti
|-damage|p2a: Fezandipiti|78/100 brn
|-unboost|p1a: Zamazenta|def|1
|-unboost|p1a: Zamazenta|spd|1
|
|-damage|p1a: Zamazenta|0 fnt|[from] psn
|faint|p1a: Zamazenta
|-damage|p2a: Fezandipiti|72/100 brn|[from] brn
|upkeep
|
|t:|1760827306
|switch|p1a: Moltres|Moltres|60/100 tox
|turn|114
|
|t:|1760827312
|move|p2a: Fezandipiti|Beat Up|p1a: Moltres
|-damage|p1a: Moltres|58/100 tox
|-damage|p1a: Moltres|57/100 tox
|-damage|p1a: Moltres|56/100 tox
|-damage|p1a: Moltres|55/100 tox
|-hitcount|p1a: Moltres|4
|move|p1a: Moltres|Flamethrower|p2a: Fezandipiti
|-damage|p2a: Fezandipiti|49/100 brn
|
|-damage|p1a: Moltres|49/100 tox|[from] psn
|-damage|p2a: Fezandipiti|42/100 brn|[from] brn
|upkeep
|turn|115
|
|t:|1760827315
|move|p2a: Fezandipiti|U-turn|p1a: Moltres
|-resisted|p1a: Moltres
|-damage|p1a: Moltres|48/100 tox
|
|t:|1760827318
|switch|p2a: Alomomola|Alomomola, F, shiny|52/100 par|[from] U-turn
|move|p1a: Moltres|Flamethrower|p2a: Alomomola
|-resisted|p2a: Alomomola
|-damage|p2a: Alomomola|29/100 par
|
|-damage|p1a: Moltres|36/100 tox|[from] psn
|upkeep
|turn|116
|
|t:|1760827322
|move|p1a: Moltres|Flamethrower|p2a: Alomomola
|-resisted|p2a: Alomomola
|-damage|p2a: Alomomola|7/100 par
|move|p2a: Alomomola|Wish|p2a: Alomomola
|
|-damage|p1a: Moltres|18/100 tox|[from] psn
|upkeep
|turn|117
|
|t:|1760827324
|switch|p2a: Fezandipiti|Fezandipiti, M|42/100 brn
|move|p1a: Moltres|Flamethrower|p2a: Fezandipiti
|-damage|p2a: Fezandipiti|16/100 brn
|
|-heal|p2a: Fezandipiti|87/100 brn|[from] move: Wish|[wisher] Alomomola
|-damage|p1a: Moltres|0 fnt|[from] psn
|faint|p1a: Moltres
|-damage|p2a: Fezandipiti|80/100 brn|[from] brn
|upkeep
|
|t:|1760827326
|switch|p1a: Hydrapple|Hydrapple, M|56/100 tox
|turn|118
|
|t:|1760827330
|move|p2a: Fezandipiti|Play Rough|p1a: Hydrapple
|-supereffective|p1a: Hydrapple
|-damage|p1a: Hydrapple|35/100 tox
|move|p1a: Hydrapple|Nasty Plot|p1a: Hydrapple
|-boost|p1a: Hydrapple|spa|2
|
|-damage|p1a: Hydrapple|29/100 tox|[from] psn
|-damage|p2a: Fezandipiti|74/100 brn|[from] brn
|upkeep
|turn|119
|
|t:|1760827334
|move|p2a: Fezandipiti|Play Rough|p1a: Hydrapple
|-supereffective|p1a: Hydrapple
|-damage|p1a: Hydrapple|10/100 tox
|move|p1a: Hydrapple|Giga Drain|p2a: Fezandipiti
|-resisted|p2a: Fezandipiti
|-damage|p2a: Fezandipiti|52/100 brn
|-heal|p1a: Hydrapple|20/100 tox|[from] drain|[of] p2a: Fezandipiti
|
|-damage|p1a: Hydrapple|8/100 tox|[from] psn
|-damage|p2a: Fezandipiti|46/100 brn|[from] brn
|upkeep
|turn|120
|
|t:|1760827336
|move|p2a: Fezandipiti|U-turn|p1a: Hydrapple
|-supereffective|p1a: Hydrapple
|-damage|p1a: Hydrapple|0 fnt
|faint|p1a: Hydrapple
|
|win|jojosworld
|raw|CroundAF's rating: 1390 &rarr; <strong>1373</strong><br />(-17 for losing)
|raw|jojosworld's rating: 1449 &rarr; <strong>1466</strong><br />(+17 for winning)
|c|☆CroundAF|ggs
|c|☆jojosworld|gg
|c|☆jojosworld|fezandipiti lowkey is my goat rn I liked her in this battle
|c|☆CroundAF|Yeah that destroyed me
|l|☆CroundAF
|player|p1|
