|j|☆New Redemptioin
|j|☆upuntil
|t:|1760777875
|gametype|singles
|player|p1|New Redemptioin|169|1539
|player|p2|upuntil|waitress|1510
|gen|9
|tier|[Gen 9] OU
|rated|
|rule|HP Percentage Mod: HP is shown in percentages
|rule|Endless Battle Clause: Forcing endless battles is banned
|rule|Species Clause: Limit one of each Pokémon
|rule|OHKO Clause: OHKO moves are banned
|rule|Evasion Items Clause: Evasion items are banned
|rule|Evasion Moves Clause: Evasion moves are banned
|rule|Evasion Abilities Clause: Evasion abilities are banned
|rule|Sleep Moves Clause: Sleep-inducing moves are banned
|clearpoke
|poke|p1|Pelipper, M|
|poke|p1|Barraskewda, M|
|poke|p1|Iron Treads|
|poke|p1|Hatterene, F|
|poke|p1|Raging Bolt|
|poke|p1|Meowscarada, M|
|poke|p2|Kingambit, F|
|poke|p2|Glimmora, F|
|poke|p2|Zamazenta-*|
|poke|p2|Iron Valiant|
|poke|p2|Iron Moth|
|poke|p2|Ogerpon-Wellspring, F|
|teampreview
|
|t:|1760777891
|teamsize|p1|6
|teamsize|p2|6
|start
|switch|p1a: Pelipper|Pelipper, M|100/100
|switch|p2a: Glimmora|Glimmora, F|100/100
|-weather|RainDance|[from] ability: Drizzle|[of] p1a: Pelipper
|turn|1
|
|t:|1760777894
|switch|p1a: Iron Treads|Iron Treads|100/100
|move|p2a: Glimmora|Power Gem|p1a: Iron Treads
|-resisted|p1a: Iron Treads
|-damage|p1a: Iron Treads|86/100
|
|-weather|RainDance|[upkeep]
|upkeep
|turn|2
|
|t:|1760777913
|switch|p2a: Ogerpon|Ogerpon-Wellspring, F|100/100
|move|p1a: Iron Treads|Earthquake|p2a: Ogerpon
|-resisted|p2a: Ogerpon
|-damage|p2a: Ogerpon|72/100
|
|-weather|RainDance|[upkeep]
|upkeep
|turn|3
|
|t:|1760777920
|-end|p1a: Iron Treads|Quark Drive|[silent]
|switch|p1a: Hatterene|Hatterene, F|100/100
|move|p2a: Ogerpon|Knock Off|p1a: Hatterene
|-damage|p1a: Hatterene|68/100
|-enditem|p1a: Hatterene|Eject Button|[from] move: Knock Off|[of] p2a: Ogerpon
|
|-weather|RainDance|[upkeep]
|upkeep
|turn|4
|
|t:|1760777926
|move|p2a: Ogerpon|Ivy Cudgel|p1a: Hatterene|[anim] Ivy Cudgel Water
|-damage|p1a: Hatterene|0 fnt
|faint|p1a: Hatterene
|
|-weather|RainDance|[upkeep]
|upkeep
|
|t:|1760777929
|switch|p1a: Meowscarada|Meowscarada, M|100/100
|turn|5
|
|t:|1760777936
|switch|p2a: Kingambit|Kingambit, F, shiny|100/100
|move|p1a: Meowscarada|U-turn|p2a: Kingambit
|-start|p1a: Meowscarada|typechange|Bug|[from] ability: Protean
|-damage|p2a: Kingambit|75/100
|
|t:|1760777940
|switch|p1a: Raging Bolt|Raging Bolt|100/100|[from] U-turn
|
|-weather|RainDance|[upkeep]
|upkeep
|turn|6
|
|t:|1760777950
|-end|p2a: Kingambit|fallenundefined|[silent]
|switch|p2a: Iron Moth|Iron Moth|100/100
|-enditem|p2a: Iron Moth|Booster Energy
|-activate|p2a: Iron Moth|ability: Quark Drive|[fromitem]
|-start|p2a: Iron Moth|quarkdrivespe
|move|p1a: Raging Bolt|Volt Switch|p2a: Iron Moth
|-damage|p2a: Iron Moth|35/100
|
|t:|1760777958
|-end|p1a: Raging Bolt|Protosynthesis|[silent]
|switch|p1a: Barraskewda|Barraskewda, M|100/100|[from] Volt Switch
|
|-weather|RainDance|[upkeep]
|upkeep
|turn|7
|
|t:|1760777965
|-end|p2a: Iron Moth|Quark Drive|[silent]
|switch|p2a: Ogerpon|Ogerpon-Wellspring, F|72/100
|move|p1a: Barraskewda|Close Combat|p2a: Ogerpon
|-damage|p2a: Ogerpon|0 fnt
|-unboost|p1a: Barraskewda|def|1
|-unboost|p1a: Barraskewda|spd|1
|faint|p2a: Ogerpon
|
|-weather|RainDance|[upkeep]
|upkeep
|inactive|Battle timer is ON: inactive players will automatically lose when time's up. (requested by New Redemptioin)
|
|t:|1760777973
|switch|p2a: Glimmora|Glimmora, F|100/100
|turn|8
|
|t:|1760777979
|switch|p1a: Iron Treads|Iron Treads|86/100
|move|p2a: Glimmora|Earth Power|p1a: Iron Treads
|-supereffective|p1a: Iron Treads
|-damage|p1a: Iron Treads|0 fnt
|faint|p1a: Iron Treads
|-end|p1a: Iron Treads|Quark Drive|[silent]
|
|-weather|none
|upkeep
|
|t:|1760777983
|switch|p1a: Barraskewda|Barraskewda, M|100/100
|turn|9
|
|t:|1760777987
|switch|p1a: Raging Bolt|Raging Bolt|100/100
|switch|p2a: Iron Moth|Iron Moth|35/100
|
|upkeep
|turn|10
|
|t:|1760777991
|move|p2a: Iron Moth|Substitute|p2a: Iron Moth
|-start|p2a: Iron Moth|Substitute
|-damage|p2a: Iron Moth|10/100
|move|p1a: Raging Bolt|Volt Switch|p2a: Iron Moth
|-crit|p2a: Iron Moth
|-end|p2a: Iron Moth|Substitute
|
|t:|1760777996
|-end|p1a: Raging Bolt|Protosynthesis|[silent]
|switch|p1a: Pelipper|Pelipper, M|100/100|[from] Volt Switch
|-weather|RainDance|[from] ability: Drizzle|[of] p1a: Pelipper
|
|-weather|RainDance|[upkeep]
|upkeep
|turn|11
|
|t:|1760777999
|move|p2a: Iron Moth|Sludge Wave|p1a: Pelipper
|-damage|p1a: Pelipper|32/100
|-status|p1a: Pelipper|psn
|move|p1a: Pelipper|Hurricane|p2a: Iron Moth
|-damage|p2a: Iron Moth|0 fnt
|faint|p2a: Iron Moth
|-end|p2a: Iron Moth|Quark Drive|[silent]
|
|-weather|RainDance|[upkeep]
|-damage|p1a: Pelipper|20/100 psn|[from] psn
|upkeep
|
|t:|1760778005
|switch|p2a: Glimmora|Glimmora, F|100/100
|turn|12
|
|t:|1760778009
|move|p2a: Glimmora|Power Gem|p1a: Pelipper
|-supereffective|p1a: Pelipper
|-damage|p1a: Pelipper|0 fnt
|faint|p1a: Pelipper
|
|-weather|RainDance|[upkeep]
|upkeep
|
|t:|1760778019
|switch|p1a: Barraskewda|Barraskewda, M|100/100
|turn|13
|inactive|upuntil has 120 seconds left.
|
|t:|1760778052
|move|p1a: Barraskewda|Flip Turn|p2a: Glimmora
|-supereffective|p2a: Glimmora
|-enditem|p2a: Glimmora|Focus Sash
|-damage|p2a: Glimmora|1/100
|-activate|p2a: Glimmora|ability: Toxic Debris
|-sidestart|p1: New Redemptioin|move: Toxic Spikes
|
|t:|1760778056
|switch|p1a: Meowscarada|Meowscarada, M|100/100|[from] Flip Turn
|-status|p1a: Meowscarada|psn
|move|p2a: Glimmora|Power Gem|p1a: Meowscarada
|-damage|p1a: Meowscarada|37/100 psn
|
|-weather|RainDance|[upkeep]
|-damage|p1a: Meowscarada|24/100 psn|[from] psn
|upkeep
|turn|14
|
|t:|1760778067
|move|p1a: Meowscarada|U-turn|p2a: Glimmora
|-start|p1a: Meowscarada|typechange|Bug|[from] ability: Protean
|-resisted|p2a: Glimmora
|-damage|p2a: Glimmora|0 fnt
|-activate|p2a: Glimmora|ability: Toxic Debris
|-sidestart|p1: New Redemptioin|move: Toxic Spikes
|faint|p2a: Glimmora
|
|t:|1760778074
|switch|p1a: Barraskewda|Barraskewda, M|100/100|[from] U-turn
|-status|p1a: Barraskewda|tox
|
|-weather|RainDance|[upkeep]
|-damage|p1a: Barraskewda|94/100 tox|[from] psn
|upkeep
|
|t:|1760778081
|switch|p2a: Iron Valiant|Iron Valiant|100/100
|-enditem|p2a: Iron Valiant|Booster Energy
|-activate|p2a: Iron Valiant|ability: Quark Drive|[fromitem]
|-start|p2a: Iron Valiant|quarkdrivespe
|turn|15
|
|t:|1760778087
|-terastallize|p1a: Barraskewda|Water
|move|p1a: Barraskewda|Flip Turn|p2a: Iron Valiant
|-damage|p2a: Iron Valiant|0 fnt
|faint|p2a: Iron Valiant
|-end|p2a: Iron Valiant|Quark Drive|[silent]
|
|t:|1760778091
|switch|p1a: Meowscarada|Meowscarada, M|24/100 psn|[from] Flip Turn
|
|-weather|RainDance|[upkeep]
|-damage|p1a: Meowscarada|12/100 psn|[from] psn
|upkeep
|
|t:|1760778095
|switch|p2a: Kingambit|Kingambit, F, shiny|75/100
|-activate|p2a: Kingambit|ability: Supreme Overlord
|-start|p2a: Kingambit|fallen4|[silent]
|turn|16
|
|t:|1760778098
|move|p1a: Meowscarada|Play Rough|p2a: Kingambit
|-start|p1a: Meowscarada|typechange|Fairy|[from] ability: Protean
|-damage|p2a: Kingambit|37/100
|-unboost|p2a: Kingambit|atk|1
|move|p2a: Kingambit|Swords Dance|p2a: Kingambit
|-boost|p2a: Kingambit|atk|2
|
|-weather|RainDance|[upkeep]
|-damage|p1a: Meowscarada|0 fnt|[from] psn
|faint|p1a: Meowscarada
|upkeep
|
|t:|1760778100
|switch|p1a: Barraskewda|Barraskewda, M, tera:Water|94/100 tox
|turn|17
|
|t:|1760778106
|move|p1a: Barraskewda|Aqua Jet|p2a: Kingambit
|-damage|p2a: Kingambit|0 fnt
|faint|p2a: Kingambit
|-end|p2a: Kingambit|fallen4|[silent]
|
|-weather|none
|-damage|p1a: Barraskewda|88/100 tox|[from] psn
|upkeep
|
|t:|1760778108
|switch|p2a: Zamazenta|Zamazenta, shiny|100/100
|-ability|p2a: Zamazenta|Dauntless Shield|boost
|-boost|p2a: Zamazenta|def|1
|turn|18
|
|t:|1760778112
|switch|p1a: Raging Bolt|Raging Bolt|100/100
|-status|p1a: Raging Bolt|tox
|move|p2a: Zamazenta|Iron Defense|p2a: Zamazenta
|-boost|p2a: Zamazenta|def|2
|
|-damage|p1a: Raging Bolt|94/100 tox|[from] psn
|upkeep
|turn|19
|
|t:|1760778118
|move|p2a: Zamazenta|Body Press|p1a: Raging Bolt
|-damage|p1a: Raging Bolt|14/100 tox
|move|p1a: Raging Bolt|Draco Meteor|p2a: Zamazenta
|-damage|p2a: Zamazenta|0 fnt
|-unboost|p1a: Raging Bolt|spa|2
|faint|p2a: Zamazenta
|
|win|New Redemptioin
|raw|New Redemptioin's rating: 1539 &rarr; <strong>1557</strong><br />(+18 for winning)
|raw|upuntil's rating: 1510 &rarr; <strong>1492</strong><br />(-18 for losing)
|l|☆New Redemptioin
|player|p1|
|l|☆upuntil
|player|p2|
