|j|☆Dream54301
|j|☆heartwells2
|t:|1760727658
|gametype|singles
|player|p1|Dream54301|lusamine-nihilego|1136
|player|p2|heartwells2|caitlin|1083
|gen|9
|tier|[Gen 9] OU
|rated|
|rule|HP Percentage Mod: HP is shown in percentages
|rule|Endless Battle Clause: Forcing endless battles is banned
|rule|Species Clause: Limit one of each Pokémon
|rule|OHKO Clause: OHKO moves are banned
|rule|Evasion Items Clause: Evasion items are banned
|rule|Evasion Moves Clause: Evasion moves are banned
|rule|Evasion Abilities Clause: Evasion abilities are banned
|rule|Sleep Moves Clause: Sleep-inducing moves are banned
|clearpoke
|poke|p1|Lapras, M|
|poke|p1|Rotom-Heat|
|poke|p1|Breloom, F|
|poke|p1|Gliscor, M|
|poke|p1|Mandibuzz, F|
|poke|p1|Magnezone|
|poke|p2|Great Tusk|
|poke|p2|Heatran, M|
|poke|p2|Weavile, F|
|poke|p2|Primarina, M|
|poke|p2|Ogerpon, F|
|poke|p2|Pecharunt|
|teampreview
|
|t:|1760727669
|teamsize|p1|6
|teamsize|p2|6
|start
|switch|p1a: Mandibuzz|Mandibuzz, F|100/100
|switch|p2a: Fiddler|Primarina, M, shiny|100/100
|turn|1
|c|☆heartwells2|like wtf even is your avatar
|
|t:|1760727677
|move|p1a: Mandibuzz|U-turn|p2a: Fiddler
|-resisted|p2a: Fiddler
|-damage|p2a: Fiddler|91/100
|
|t:|1760727680
|switch|p1a: Magnezone|Magnezone|100/100|[from] U-turn
|-item|p1a: Magnezone|Air Balloon
|move|p2a: Fiddler|Moonblast|p1a: Magnezone
|-resisted|p1a: Magnezone
|-damage|p1a: Magnezone|73/100
|-enditem|p1a: Magnezone|Air Balloon
|
|upkeep
|turn|2
|
|t:|1760727695
|switch|p2a: Whiskeyjack|Great Tusk|100/100
|move|p1a: Magnezone|Volt Switch|p2a: Whiskeyjack
|-immune|p2a: Whiskeyjack
|
|upkeep
|turn|3
|
|t:|1760727705
|switch|p1a: Rotom|Rotom-Heat|100/100
|move|p2a: Whiskeyjack|Rapid Spin|p1a: Rotom
|-damage|p1a: Rotom|78/100
|-boost|p2a: Whiskeyjack|spe|1
|
|upkeep
|turn|4
|
|t:|1760727713
|move|p2a: Whiskeyjack|Headlong Rush|p1a: Rotom
|-immune|p1a: Rotom|[from] ability: Levitate
|move|p1a: Rotom|Trick|p2a: Whiskeyjack
|-activate|p1a: Rotom|move: Trick|[of] p2a: Whiskeyjack
|-item|p2a: Whiskeyjack|Choice Scarf|[from] move: Trick
|-item|p1a: Rotom|Heavy-Duty Boots|[from] move: Trick
|
|upkeep
|turn|5
|
|t:|1760727729
|move|p2a: Whiskeyjack|Close Combat|p1a: Rotom
|-damage|p1a: Rotom|0 fnt
|-unboost|p2a: Whiskeyjack|def|1
|-unboost|p2a: Whiskeyjack|spd|1
|faint|p1a: Rotom
|
|upkeep
|
|t:|1760727740
|switch|p1a: Lapras|Lapras, M|100/100
|turn|6
|
|t:|1760727747
|-terastallize|p1a: Lapras|Psychic
|move|p2a: Whiskeyjack|Close Combat|p1a: Lapras
|-resisted|p1a: Lapras
|-damage|p1a: Lapras|72/100
|-unboost|p2a: Whiskeyjack|def|1
|-unboost|p2a: Whiskeyjack|spd|1
|move|p1a: Lapras|Surf|p2a: Whiskeyjack
|-supereffective|p2a: Whiskeyjack
|-damage|p2a: Whiskeyjack|0 fnt
|faint|p2a: Whiskeyjack
|-end|p2a: Whiskeyjack|Protosynthesis|[silent]
|
|-heal|p1a: Lapras|78/100|[from] item: Leftovers
|upkeep
|
|t:|1760727772
|switch|p2a: Apsalar|Weavile, F|100/100
|-ability|p2a: Apsalar|Pressure
|turn|7
|
|t:|1760727779
|switch|p1a: Magnezone|Magnezone|73/100
|move|p2a: Apsalar|Knock Off|p1a: Magnezone
|-damage|p1a: Magnezone|42/100
|
|upkeep
|turn|8
|
|t:|1760727789
|switch|p2a: Quick Ben|Heatran, M, shiny|100/100
|-item|p2a: Quick Ben|Air Balloon
|move|p1a: Magnezone|Volt Switch|p2a: Quick Ben
|-crit|p2a: Quick Ben
|-damage|p2a: Quick Ben|55/100
|-enditem|p2a: Quick Ben|Air Balloon
|
|t:|1760727797
|switch|p1a: Gliscor|Gliscor, M|100/100|[from] Volt Switch
|
|-status|p1a: Gliscor|tox|[from] item: Toxic Orb
|upkeep
|turn|9
|
|t:|1760727804
|move|p1a: Gliscor|Earthquake|p2a: Quick Ben
|-supereffective|p2a: Quick Ben
|-damage|p2a: Quick Ben|0 fnt
|faint|p2a: Quick Ben
|
|upkeep
|
|t:|1760727822
|switch|p2a: Apsalar|Weavile, F|100/100
|-ability|p2a: Apsalar|Pressure
|turn|10
|
|t:|1760727833
|switch|p1a: Magnezone|Magnezone|42/100
|move|p2a: Apsalar|Triple Axel|p1a: Magnezone
|-resisted|p1a: Magnezone
|-damage|p1a: Magnezone|36/100
|-resisted|p1a: Magnezone
|-damage|p1a: Magnezone|27/100
|-resisted|p1a: Magnezone
|-damage|p1a: Magnezone|13/100
|-hitcount|p1a: Magnezone|3
|
|upkeep
|turn|11
|
|t:|1760727850
|switch|p2a: Karsa Orlong|Ogerpon, F|100/100
|move|p1a: Magnezone|Flash Cannon|p2a: Karsa Orlong
|-damage|p2a: Karsa Orlong|58/100
|
|upkeep
|turn|12
|
|t:|1760727857
|-terastallize|p2a: Karsa Orlong|Grass
|detailschange|p2a: Karsa Orlong|Ogerpon-Teal-Tera, F, tera:Grass
|-ability|p2a: Karsa Orlong|Embody Aspect (Teal)|boost
|-boost|p2a: Karsa Orlong|spe|1
|move|p1a: Magnezone|Protect|p1a: Magnezone
|-singleturn|p1a: Magnezone|Protect
|move|p2a: Karsa Orlong|Ivy Cudgel|p1a: Magnezone
|-activate|p1a: Magnezone|move: Protect
|
|upkeep
|turn|13
|
|t:|1760727889
|move|p2a: Karsa Orlong|Ivy Cudgel|p1a: Magnezone
|-resisted|p1a: Magnezone
|-damage|p1a: Magnezone|0 fnt
|faint|p1a: Magnezone
|
|upkeep
|
|t:|1760727898
|switch|p1a: Breloom|Breloom, F|100/100
|turn|14
|
|t:|1760727920
|move|p2a: Karsa Orlong|Ivy Cudgel|p1a: Breloom
|-resisted|p1a: Breloom
|-damage|p1a: Breloom|21/100
|move|p1a: Breloom|Aerial Ace|p2a: Karsa Orlong
|-supereffective|p2a: Karsa Orlong
|-damage|p2a: Karsa Orlong|0 fnt
|faint|p2a: Karsa Orlong
|detailschange|p2: Karsa Orlong|Ogerpon, F|[silent]
|
|upkeep
|-message|heartwells2 forfeited.
|
|win|Dream54301
|raw|Dream54301's rating: 1136 &rarr; <strong>1157</strong><br />(+21 for winning)
|raw|heartwells2's rating: 1083 &rarr; <strong>1064</strong><br />(-19 for losing)
|l|☆heartwells2
|player|p2|
