|j|☆seed123
|j|☆lewishe03
|t:|1760867048
|gametype|singles
|player|p1|seed123|266|1004
|player|p2|lewishe03|blue|1066
|gen|9
|tier|[Gen 9] OU
|rated|
|rule|HP Percentage Mod: HP is shown in percentages
|rule|Endless Battle Clause: Forcing endless battles is banned
|rule|Species Clause: Limit one of each Pokémon
|rule|OHKO Clause: OHKO moves are banned
|rule|Evasion Items Clause: Evasion items are banned
|rule|Evasion Moves Clause: Evasion moves are banned
|rule|Evasion Abilities Clause: Evasion abilities are banned
|rule|Sleep Moves Clause: Sleep-inducing moves are banned
|clearpoke
|poke|p1|Garganacl, M|
|poke|p1|Blastoise, M|
|poke|p1|Ceruledge, M|
|poke|p1|Pelipper, F|
|poke|p1|Garchomp, M|
|poke|p1|Rillaboom, F|
|poke|p2|Feraligatr, M|
|poke|p2|Scizor, M|
|poke|p2|Gengar, M|
|poke|p2|Tyranitar, M|
|poke|p2|Umbreon, M|
|poke|p2|Dragapult, F|
|teampreview
|inactive|Battle timer is ON: inactive players will automatically lose when time's up. (requested by seed123)
|
|t:|1760867053
|teamsize|p1|6
|teamsize|p2|6
|start
|switch|p1a: Blastoise|Blastoise, M|100/100
|switch|p2a: Umbreon|Umbreon, M|100/100
|turn|1
|
|t:|1760867060
|move|p1a: Blastoise|Fake Out|p2a: Umbreon
|-damage|p2a: Umbreon|95/100
|cant|p2a: Umbreon|flinch
|
|-heal|p2a: Umbreon|100/100|[from] item: Leftovers
|upkeep
|turn|2
|
|t:|1760867068
|switch|p1a: Pelipper|Pelipper, F|100/100
|-weather|RainDance|[from] ability: Drizzle|[of] p1a: Pelipper
|move|p2a: Umbreon|Toxic|p1a: Pelipper
|-status|p1a: Pelipper|tox
|
|-weather|RainDance|[upkeep]
|-damage|p1a: Pelipper|94/100 tox|[from] psn
|upkeep
|turn|3
|
|t:|1760867077
|move|p1a: Pelipper|Hydro Pump|p2a: Umbreon
|-damage|p2a: Umbreon|65/100
|move|p2a: Umbreon|Wish|p2a: Umbreon
|
|-weather|RainDance|[upkeep]
|-heal|p1a: Pelipper|100/100 tox|[from] item: Leftovers
|-heal|p2a: Umbreon|72/100|[from] item: Leftovers
|-damage|p1a: Pelipper|88/100 tox|[from] psn
|upkeep
|turn|4
|
|t:|1760867088
|switch|p1a: Blastoise|Blastoise, M|100/100
|move|p2a: Umbreon|Protect||[still]
|-fail|p2a: Umbreon
|
|-weather|RainDance|[upkeep]
|-heal|p2a: Umbreon|100/100|[from] move: Wish|[wisher] Umbreon
|upkeep
|turn|5
|
|t:|1760867097
|move|p1a: Blastoise|Fake Out|p2a: Umbreon
|-damage|p2a: Umbreon|95/100
|cant|p2a: Umbreon|flinch
|
|-weather|RainDance|[upkeep]
|-heal|p2a: Umbreon|100/100|[from] item: Leftovers
|upkeep
|turn|6
|
|t:|1760867105
|move|p1a: Blastoise|Aqua Jet|p2a: Umbreon
|-damage|p2a: Umbreon|88/100
|move|p2a: Umbreon|Toxic|p1a: Blastoise
|-status|p1a: Blastoise|tox
|
|-weather|none
|-heal|p2a: Umbreon|94/100|[from] item: Leftovers
|-damage|p1a: Blastoise|94/100 tox|[from] psn
|upkeep
|turn|7
|
|t:|1760867116
|move|p1a: Blastoise|Aura Sphere|p2a: Umbreon
|-supereffective|p2a: Umbreon
|-damage|p2a: Umbreon|71/100
|move|p2a: Umbreon|Dark Pulse|p1a: Blastoise
|-damage|p1a: Blastoise|77/100 tox
|
|-heal|p1a: Blastoise|83/100 tox|[from] item: Leftovers
|-heal|p2a: Umbreon|77/100|[from] item: Leftovers
|-damage|p1a: Blastoise|71/100 tox|[from] psn
|upkeep
|turn|8
|
|t:|1760867129
|move|p1a: Blastoise|Aura Sphere|p2a: Umbreon
|-supereffective|p2a: Umbreon
|-damage|p2a: Umbreon|53/100
|move|p2a: Umbreon|Wish|p2a: Umbreon
|
|-heal|p1a: Blastoise|77/100 tox|[from] item: Leftovers
|-heal|p2a: Umbreon|59/100|[from] item: Leftovers
|-damage|p1a: Blastoise|59/100 tox|[from] psn
|upkeep
|turn|9
|
|t:|1760867139
|move|p2a: Umbreon|Protect|p2a: Umbreon
|-singleturn|p2a: Umbreon|Protect
|move|p1a: Blastoise|Aura Sphere|p2a: Umbreon
|-activate|p2a: Umbreon|move: Protect
|
|-heal|p2a: Umbreon|100/100|[from] move: Wish|[wisher] Umbreon
|-heal|p1a: Blastoise|65/100 tox|[from] item: Leftovers
|-damage|p1a: Blastoise|41/100 tox|[from] psn
|upkeep
|turn|10
|
|t:|1760867150
|move|p1a: Blastoise|Aura Sphere|p2a: Umbreon
|-supereffective|p2a: Umbreon
|-damage|p2a: Umbreon|78/100
|move|p2a: Umbreon|Wish|p2a: Umbreon
|
|-heal|p1a: Blastoise|47/100 tox|[from] item: Leftovers
|-heal|p2a: Umbreon|84/100|[from] item: Leftovers
|-damage|p1a: Blastoise|17/100 tox|[from] psn
|upkeep
|turn|11
|
|t:|1760867162
|switch|p1a: Garchomp|Garchomp, M|100/100
|move|p2a: Umbreon|Protect||[still]
|-fail|p2a: Umbreon
|
|-heal|p2a: Umbreon|100/100|[from] move: Wish|[wisher] Umbreon
|upkeep
|turn|12
|
|t:|1760867172
|move|p1a: Garchomp|Draco Meteor|p2a: Umbreon|[miss]
|-miss|p1a: Garchomp|p2a: Umbreon
|move|p2a: Umbreon|Toxic|p1a: Garchomp
|-status|p1a: Garchomp|tox
|
|-damage|p1a: Garchomp|94/100 tox|[from] psn
|upkeep
|turn|13
|
|t:|1760867180
|move|p1a: Garchomp|Draco Meteor|p2a: Umbreon
|-damage|p2a: Umbreon|74/100
|-unboost|p1a: Garchomp|spa|2
|move|p2a: Umbreon|Wish|p2a: Umbreon
|
|-heal|p2a: Umbreon|80/100|[from] item: Leftovers
|-damage|p1a: Garchomp|82/100 tox|[from] psn
|upkeep
|turn|14
|
|t:|1760867190
|move|p1a: Garchomp|Double-Edge|p2a: Umbreon
|-damage|p2a: Umbreon|53/100
|-damage|p1a: Garchomp|74/100 tox|[from] Recoil
|move|p2a: Umbreon|Dark Pulse|p1a: Garchomp
|-damage|p1a: Garchomp|63/100 tox
|
|-heal|p2a: Umbreon|100/100|[from] move: Wish|[wisher] Umbreon
|-damage|p1a: Garchomp|44/100 tox|[from] psn
|upkeep
|turn|15
|
|t:|1760867203
|move|p2a: Umbreon|Protect|p2a: Umbreon
|-singleturn|p2a: Umbreon|Protect
|move|p1a: Garchomp|Earth Power|p2a: Umbreon
|-activate|p2a: Umbreon|move: Protect
|
|-damage|p1a: Garchomp|20/100 tox|[from] psn
|upkeep
|turn|16
|
|t:|1760867212
|move|p1a: Garchomp|Earth Power|p2a: Umbreon
|-damage|p2a: Umbreon|91/100
|move|p2a: Umbreon|Dark Pulse|p1a: Garchomp
|-damage|p1a: Garchomp|7/100 tox
|
|-heal|p2a: Umbreon|97/100|[from] item: Leftovers
|-damage|p1a: Garchomp|0 fnt|[from] psn
|faint|p1a: Garchomp
|upkeep
|
|t:|1760867215
|switch|p1a: Rillaboom|Rillaboom, F|100/100
|-fieldstart|move: Grassy Terrain|[from] ability: Grassy Surge|[of] p1a: Rillaboom
|turn|17
|
|t:|1760867231
|move|p1a: Rillaboom|Drum Beating|p2a: Umbreon
|-damage|p2a: Umbreon|64/100
|-unboost|p2a: Umbreon|spe|1
|move|p2a: Umbreon|Toxic|p1a: Rillaboom|[miss]
|-miss|p2a: Umbreon|p1a: Rillaboom
|
|-heal|p2a: Umbreon|71/100|[from] Grassy Terrain
|-heal|p2a: Umbreon|77/100|[from] item: Leftovers
|upkeep
|turn|18
|
|t:|1760867253
|switch|p1a: Pelipper|Pelipper, F|88/100 tox
|-weather|RainDance|[from] ability: Drizzle|[of] p1a: Pelipper
|move|p2a: Umbreon|Toxic|p1a: Pelipper
|-fail|p1a: Pelipper|tox
|
|-weather|RainDance|[upkeep]
|-heal|p1a: Pelipper|94/100 tox|[from] item: Leftovers
|-heal|p2a: Umbreon|83/100|[from] Grassy Terrain
|-heal|p2a: Umbreon|89/100|[from] item: Leftovers
|-damage|p1a: Pelipper|88/100 tox|[from] psn
|upkeep
|turn|19
|
|t:|1760867270
|move|p1a: Pelipper|Hydro Pump|p2a: Umbreon
|-damage|p2a: Umbreon|52/100
|move|p2a: Umbreon|Wish|p2a: Umbreon
|
|-weather|RainDance|[upkeep]
|-heal|p1a: Pelipper|94/100 tox|[from] item: Leftovers
|-heal|p2a: Umbreon|58/100|[from] Grassy Terrain
|-heal|p2a: Umbreon|64/100|[from] item: Leftovers
|-damage|p1a: Pelipper|82/100 tox|[from] psn
|upkeep
|turn|20
|
|t:|1760867281
|move|p2a: Umbreon|Protect|p2a: Umbreon
|-singleturn|p2a: Umbreon|Protect
|move|p1a: Pelipper|Hydro Pump|p2a: Umbreon
|-activate|p2a: Umbreon|move: Protect
|
|-weather|RainDance|[upkeep]
|-heal|p2a: Umbreon|100/100|[from] move: Wish|[wisher] Umbreon
|-heal|p1a: Pelipper|88/100 tox|[from] item: Leftovers
|-damage|p1a: Pelipper|70/100 tox|[from] psn
|upkeep
|turn|21
|
|t:|1760867292
|move|p1a: Pelipper|Hydro Pump|p2a: Umbreon
|-damage|p2a: Umbreon|65/100
|move|p2a: Umbreon|Dark Pulse|p1a: Pelipper
|-damage|p1a: Pelipper|44/100 tox
|
|-weather|RainDance|[upkeep]
|-heal|p1a: Pelipper|50/100 tox|[from] item: Leftovers
|-heal|p2a: Umbreon|72/100|[from] Grassy Terrain
|-heal|p2a: Umbreon|78/100|[from] item: Leftovers
|-damage|p1a: Pelipper|25/100 tox|[from] psn
|-fieldend|move: Grassy Terrain
|upkeep
|turn|22
|
|t:|1760867305
|move|p1a: Pelipper|Roost|p1a: Pelipper
|-heal|p1a: Pelipper|75/100 tox
|-singleturn|p1a: Pelipper|move: Roost
|move|p2a: Umbreon|Wish|p2a: Umbreon
|
|-weather|none
|-heal|p1a: Pelipper|81/100 tox|[from] item: Leftovers
|-heal|p2a: Umbreon|84/100|[from] item: Leftovers
|-damage|p1a: Pelipper|50/100 tox|[from] psn
|upkeep
|turn|23
|
|t:|1760867317
|move|p2a: Umbreon|Protect|p2a: Umbreon
|-singleturn|p2a: Umbreon|Protect
|move|p1a: Pelipper|Hydro Pump|p2a: Umbreon
|-activate|p2a: Umbreon|move: Protect
|
|-heal|p2a: Umbreon|100/100|[from] move: Wish|[wisher] Umbreon
|-heal|p1a: Pelipper|57/100 tox|[from] item: Leftovers
|-damage|p1a: Pelipper|20/100 tox|[from] psn
|upkeep
|turn|24
|
|t:|1760867329
|move|p1a: Pelipper|Roost|p1a: Pelipper
|-heal|p1a: Pelipper|70/100 tox
|-singleturn|p1a: Pelipper|move: Roost
|move|p2a: Umbreon|Wish|p2a: Umbreon
|
|-heal|p1a: Pelipper|76/100 tox|[from] item: Leftovers
|-damage|p1a: Pelipper|33/100 tox|[from] psn
|upkeep
|turn|25
|
|t:|1760867338
|switch|p1a: Rillaboom|Rillaboom, F|100/100
|-fieldstart|move: Grassy Terrain|[from] ability: Grassy Surge|[of] p1a: Rillaboom
|move|p2a: Umbreon|Dark Pulse|p1a: Rillaboom
|-damage|p1a: Rillaboom|77/100
|
|-heal|p1a: Rillaboom|83/100|[from] Grassy Terrain
|-heal|p1a: Rillaboom|90/100|[from] item: Leftovers
|upkeep
|turn|26
|
|t:|1760867351
|move|p1a: Rillaboom|Drum Beating|p2a: Umbreon
|-damage|p2a: Umbreon|68/100
|-unboost|p2a: Umbreon|spe|1
|move|p2a: Umbreon|Toxic|p1a: Rillaboom
|-status|p1a: Rillaboom|tox
|
|-heal|p1a: Rillaboom|96/100 tox|[from] Grassy Terrain
|-heal|p1a: Rillaboom|100/100 tox|[from] item: Leftovers
|-heal|p2a: Umbreon|74/100|[from] Grassy Terrain
|-heal|p2a: Umbreon|80/100|[from] item: Leftovers
|-damage|p1a: Rillaboom|94/100 tox|[from] psn
|upkeep
|turn|27
|
|t:|1760867366
|move|p1a: Rillaboom|Bulk Up|p1a: Rillaboom
|-boost|p1a: Rillaboom|atk|1
|-boost|p1a: Rillaboom|def|1
|move|p2a: Umbreon|Wish|p2a: Umbreon
|
|-heal|p1a: Rillaboom|100/100 tox|[from] Grassy Terrain
|-heal|p2a: Umbreon|86/100|[from] Grassy Terrain
|-heal|p2a: Umbreon|92/100|[from] item: Leftovers
|-damage|p1a: Rillaboom|88/100 tox|[from] psn
|upkeep
|turn|28
|
|t:|1760867376
|move|p1a: Rillaboom|Bulk Up|p1a: Rillaboom
|-boost|p1a: Rillaboom|atk|1
|-boost|p1a: Rillaboom|def|1
|move|p2a: Umbreon|Dark Pulse|p1a: Rillaboom
|-damage|p1a: Rillaboom|65/100 tox
|
|-heal|p2a: Umbreon|100/100|[from] move: Wish|[wisher] Umbreon
|-heal|p1a: Rillaboom|71/100 tox|[from] Grassy Terrain
|-heal|p1a: Rillaboom|77/100 tox|[from] item: Leftovers
|-damage|p1a: Rillaboom|59/100 tox|[from] psn
|upkeep
|turn|29
|
|t:|1760867388
|move|p1a: Rillaboom|Bulk Up|p1a: Rillaboom
|-boost|p1a: Rillaboom|atk|1
|-boost|p1a: Rillaboom|def|1
|move|p2a: Umbreon|Wish|p2a: Umbreon
|
|-heal|p1a: Rillaboom|65/100 tox|[from] Grassy Terrain
|-heal|p1a: Rillaboom|71/100 tox|[from] item: Leftovers
|-damage|p1a: Rillaboom|47/100 tox|[from] psn
|-fieldend|move: Grassy Terrain
|upkeep
|turn|30
|
|t:|1760867398
|move|p1a: Rillaboom|Bulk Up|p1a: Rillaboom
|-boost|p1a: Rillaboom|atk|1
|-boost|p1a: Rillaboom|def|1
|move|p2a: Umbreon|Dark Pulse|p1a: Rillaboom
|-damage|p1a: Rillaboom|24/100 tox
|
|-heal|p1a: Rillaboom|30/100 tox|[from] item: Leftovers
|-damage|p1a: Rillaboom|0 fnt|[from] psn
|faint|p1a: Rillaboom
|upkeep
|
|t:|1760867406
|switch|p1a: Ceruledge|Ceruledge, M|100/100
|turn|31
|
|t:|1760867418
|-terastallize|p1a: Ceruledge|Fire
|move|p1a: Ceruledge|Brick Break|p2a: Umbreon
|-supereffective|p2a: Umbreon
|-damage|p2a: Umbreon|64/100
|move|p2a: Umbreon|Toxic|p1a: Ceruledge
|-status|p1a: Ceruledge|tox
|
|-heal|p2a: Umbreon|70/100|[from] item: Leftovers
|-damage|p1a: Ceruledge|94/100 tox|[from] psn
|upkeep
|turn|32
|
|t:|1760867431
|move|p1a: Ceruledge|Brick Break|p2a: Umbreon
|-supereffective|p2a: Umbreon
|-damage|p2a: Umbreon|30/100
|move|p2a: Umbreon|Wish|p2a: Umbreon
|
|-heal|p2a: Umbreon|37/100|[from] item: Leftovers
|-damage|p1a: Ceruledge|82/100 tox|[from] psn
|upkeep
|turn|33
|
|t:|1760867440
|move|p2a: Umbreon|Protect|p2a: Umbreon
|-singleturn|p2a: Umbreon|Protect
|move|p1a: Ceruledge|Brick Break|p2a: Umbreon
|-activate|p2a: Umbreon|move: Protect
|
|-heal|p2a: Umbreon|87/100|[from] move: Wish|[wisher] Umbreon
|-heal|p2a: Umbreon|93/100|[from] item: Leftovers
|-damage|p1a: Ceruledge|63/100 tox|[from] psn
|upkeep
|turn|34
|
|t:|1760867454
|move|p1a: Ceruledge|Bitter Blade|p2a: Umbreon
|-damage|p2a: Umbreon|55/100
|-heal|p1a: Ceruledge|84/100 tox|[from] drain|[of] p2a: Umbreon
|move|p2a: Umbreon|Dark Pulse|p1a: Ceruledge
|-damage|p1a: Ceruledge|67/100 tox
|
|-heal|p2a: Umbreon|61/100|[from] item: Leftovers
|-damage|p1a: Ceruledge|43/100 tox|[from] psn
|upkeep
|turn|35
|
|t:|1760867466
|move|p1a: Ceruledge|Flare Blitz|p2a: Umbreon
|-damage|p2a: Umbreon|8/100
|-damage|p1a: Ceruledge|23/100 tox|[from] Recoil
|move|p2a: Umbreon|Wish|p2a: Umbreon
|
|-heal|p2a: Umbreon|14/100|[from] item: Leftovers
|-damage|p1a: Ceruledge|0 fnt|[from] psn
|faint|p1a: Ceruledge
|upkeep
|
|t:|1760867476
|switch|p1a: Blastoise|Blastoise, M|17/100 tox
|turn|36
|
|t:|1760867483
|move|p2a: Umbreon|Protect|p2a: Umbreon
|-singleturn|p2a: Umbreon|Protect
|move|p1a: Blastoise|Fake Out|p2a: Umbreon
|-activate|p2a: Umbreon|move: Protect
|
|-heal|p2a: Umbreon|64/100|[from] move: Wish|[wisher] Umbreon
|-heal|p1a: Blastoise|23/100 tox|[from] item: Leftovers
|-heal|p2a: Umbreon|71/100|[from] item: Leftovers
|-damage|p1a: Blastoise|17/100 tox|[from] psn
|upkeep
|turn|37
|
|t:|1760867498
|move|p1a: Blastoise|Aura Sphere|p2a: Umbreon
|-supereffective|p2a: Umbreon
|-damage|p2a: Umbreon|49/100
|move|p2a: Umbreon|Dark Pulse|p1a: Blastoise
|-damage|p1a: Blastoise|1/100 tox
|
|-heal|p1a: Blastoise|7/100 tox|[from] item: Leftovers
|-heal|p2a: Umbreon|55/100|[from] item: Leftovers
|-damage|p1a: Blastoise|0 fnt|[from] psn
|faint|p1a: Blastoise
|upkeep
|
|t:|1760867508
|switch|p1a: Garganacl|Garganacl, M|100/100
|turn|38
|
|t:|1760867512
|move|p1a: Garganacl|Rain Dance|p1a: Garganacl
|-weather|RainDance
|move|p2a: Umbreon|Toxic|p1a: Garganacl
|-status|p1a: Garganacl|tox
|
|-weather|RainDance|[upkeep]
|-heal|p2a: Umbreon|61/100|[from] item: Leftovers
|-damage|p1a: Garganacl|94/100 tox|[from] psn
|upkeep
|turn|39
|
|t:|1760867522
|move|p1a: Garganacl|Body Slam||[still]
|-damage|p2a: Umbreon|49/100
|-status|p2a: Umbreon|par
|-activate|p2a: Umbreon|ability: Synchronize
|-fail|p2a: Umbreon
|cant|p2a: Umbreon|par
|
|-weather|RainDance|[upkeep]
|-heal|p2a: Umbreon|55/100 par|[from] item: Leftovers
|-damage|p1a: Garganacl|82/100 tox|[from] psn
|upkeep
|turn|40
|
|t:|1760867534
|move|p1a: Garganacl|Earthquake|p2a: Umbreon
|-damage|p2a: Umbreon|39/100 par
|cant|p2a: Umbreon|par
|
|-weather|RainDance|[upkeep]
|-heal|p2a: Umbreon|45/100 par|[from] item: Leftovers
|-damage|p1a: Garganacl|63/100 tox|[from] psn
|upkeep
|turn|41
|
|t:|1760867543
|move|p1a: Garganacl|Earthquake|p2a: Umbreon
|-damage|p2a: Umbreon|30/100 par
|move|p2a: Umbreon|Wish|p2a: Umbreon
|
|-weather|RainDance|[upkeep]
|-heal|p2a: Umbreon|37/100 par|[from] item: Leftovers
|-damage|p1a: Garganacl|38/100 tox|[from] psn
|upkeep
|turn|42
|
|t:|1760867552
|move|p2a: Umbreon|Protect|p2a: Umbreon
|-singleturn|p2a: Umbreon|Protect
|move|p1a: Garganacl|Avalanche|p2a: Umbreon
|-activate|p2a: Umbreon|move: Protect
|
|-weather|none
|-heal|p2a: Umbreon|87/100 par|[from] move: Wish|[wisher] Umbreon
|-heal|p2a: Umbreon|93/100 par|[from] item: Leftovers
|-damage|p1a: Garganacl|7/100 tox|[from] psn
|upkeep
|turn|43
|
|t:|1760867568
|move|p1a: Garganacl|Earthquake|p2a: Umbreon
|-damage|p2a: Umbreon|77/100 par
|move|p2a: Umbreon|Dark Pulse|p1a: Garganacl
|-crit|p1a: Garganacl
|-damage|p1a: Garganacl|0 fnt
|faint|p1a: Garganacl
|
|-heal|p2a: Umbreon|83/100 par|[from] item: Leftovers
|upkeep
|
|t:|1760867573
|switch|p1a: Pelipper|Pelipper, F|33/100 tox
|-weather|RainDance|[from] ability: Drizzle|[of] p1a: Pelipper
|turn|44
|
|t:|1760867581
|move|p1a: Pelipper|Roost|p1a: Pelipper
|-heal|p1a: Pelipper|83/100 tox
|-singleturn|p1a: Pelipper|move: Roost
|move|p2a: Umbreon|Dark Pulse|p1a: Pelipper
|-damage|p1a: Pelipper|55/100 tox
|
|-weather|RainDance|[upkeep]
|-heal|p1a: Pelipper|62/100 tox|[from] item: Leftovers
|-heal|p2a: Umbreon|89/100 par|[from] item: Leftovers
|-damage|p1a: Pelipper|55/100 tox|[from] psn
|upkeep
|turn|45
|
|t:|1760867593
|move|p1a: Pelipper|Hydro Pump|p2a: Umbreon|[miss]
|-miss|p1a: Pelipper|p2a: Umbreon
|move|p2a: Umbreon|Wish|p2a: Umbreon
|
|-weather|RainDance|[upkeep]
|-heal|p1a: Pelipper|62/100 tox|[from] item: Leftovers
|-heal|p2a: Umbreon|95/100 par|[from] item: Leftovers
|-damage|p1a: Pelipper|49/100 tox|[from] psn
|upkeep
|turn|46
|
|t:|1760867606
|cant|p2a: Umbreon|par
|move|p1a: Pelipper|Roost|p1a: Pelipper
|-heal|p1a: Pelipper|99/100 tox
|-singleturn|p1a: Pelipper|move: Roost
|
|-weather|RainDance|[upkeep]
|-heal|p2a: Umbreon|100/100 par|[from] move: Wish|[wisher] Umbreon
|-heal|p1a: Pelipper|100/100 tox|[from] item: Leftovers
|-damage|p1a: Pelipper|82/100 tox|[from] psn
|upkeep
|turn|47
|
|t:|1760867619
|move|p1a: Pelipper|Blizzard|p2a: Umbreon
|-damage|p2a: Umbreon|84/100 par
|move|p2a: Umbreon|Dark Pulse|p1a: Pelipper
|-damage|p1a: Pelipper|56/100 tox
|
|-weather|RainDance|[upkeep]
|-heal|p1a: Pelipper|62/100 tox|[from] item: Leftovers
|-heal|p2a: Umbreon|90/100 par|[from] item: Leftovers
|-damage|p1a: Pelipper|37/100 tox|[from] psn
|upkeep
|turn|48
|
|t:|1760867630
|move|p1a: Pelipper|Blizzard|p2a: Umbreon
|-damage|p2a: Umbreon|74/100 par
|move|p2a: Umbreon|Dark Pulse|p1a: Pelipper
|-damage|p1a: Pelipper|12/100 tox
|
|-weather|none
|-heal|p1a: Pelipper|18/100 tox|[from] item: Leftovers
|-heal|p2a: Umbreon|80/100 par|[from] item: Leftovers
|-damage|p1a: Pelipper|0 fnt|[from] psn
|faint|p1a: Pelipper
|
|win|lewishe03
|raw|seed123's rating: 1004 &rarr; <strong>1000</strong><br />(-4 for losing)
|raw|lewishe03's rating: 1066 &rarr; <strong>1091</strong><br />(+25 for winning)
|l|☆seed123
|player|p1|
|c|☆lewishe03|Gg
