|j|☆ndoi
|j|☆lzw00
|t:|1760848231
|gametype|singles
|player|p1|ndoi|169|1157
|player|p2|lzw00|cynthia|1159
|gen|9
|tier|[Gen 9] OU
|rated|
|rule|HP Percentage Mod: HP is shown in percentages
|rule|Endless Battle Clause: Forcing endless battles is banned
|rule|Species Clause: Limit one of each Pokémon
|rule|OHKO Clause: OHKO moves are banned
|rule|Evasion Items Clause: Evasion items are banned
|rule|Evasion Moves Clause: Evasion moves are banned
|rule|Evasion Abilities Clause: Evasion abilities are banned
|rule|Sleep Moves Clause: Sleep-inducing moves are banned
|clearpoke
|poke|p1|Kyurem|
|poke|p1|Corviknight, M|
|poke|p1|Dondozo, M|
|poke|p1|Gholdengo|
|poke|p1|Zamazenta-*|
|poke|p1|Ting-Lu|
|poke|p2|Regidrago|
|poke|p2|Ting-Lu|
|poke|p2|Alomomola, M|
|poke|p2|Zapdos-Galar|
|poke|p2|Iron Crown|
|poke|p2|Cinderace, M|
|teampreview
|
|t:|1760848251
|teamsize|p1|6
|teamsize|p2|6
|start
|switch|p1a: Kyurem|Kyurem|100/100
|switch|p2a: Cinderace|Cinderace, M|100/100
|-ability|p1a: Kyurem|Pressure
|turn|1
|
|t:|1760848273
|-terastallize|p1a: Kyurem|Ground
|move|p2a: Cinderace|High Jump Kick|p1a: Kyurem
|-start|p2a: Cinderace|typechange|Fighting|[from] ability: Libero
|-damage|p1a: Kyurem|39/100
|move|p1a: Kyurem|Substitute|p1a: Kyurem
|-start|p1a: Kyurem|Substitute
|-damage|p1a: Kyurem|14/100
|
|-heal|p1a: Kyurem|20/100|[from] item: Leftovers
|upkeep
|turn|2
|
|t:|1760848285
|move|p2a: Cinderace|Pyro Ball|p1a: Kyurem
|-end|p1a: Kyurem|Substitute
|move|p1a: Kyurem|Earth Power|p2a: Cinderace
|-damage|p2a: Cinderace|38/100
|
|-heal|p1a: Kyurem|26/100|[from] item: Leftovers
|upkeep
|turn|3
|
|t:|1760848298
|switch|p1a: Corviknight|Corviknight, M|100/100
|-ability|p1a: Corviknight|Pressure
|move|p2a: Cinderace|Pyro Ball|p1a: Corviknight
|-supereffective|p1a: Corviknight
|-damage|p1a: Corviknight|54/100
|
|upkeep
|turn|4
|
|t:|1760848312
|switch|p2a: Alomomola|Alomomola, M|100/100
|move|p1a: Corviknight|Brave Bird|p2a: Alomomola
|-damage|p2a: Alomomola|81/100
|-damage|p1a: Corviknight|38/100|[from] item: Rocky Helmet|[of] p2a: Alomomola
|-damage|p1a: Corviknight|29/100|[from] Recoil
|
|upkeep
|turn|5
|
|t:|1760848318
|move|p1a: Corviknight|Roost|p1a: Corviknight
|-heal|p1a: Corviknight|79/100
|-singleturn|p1a: Corviknight|move: Roost
|move|p2a: Alomomola|Wish|p2a: Alomomola
|
|upkeep
|turn|6
|
|t:|1760848330
|switch|p1a: Gholdengo|Gholdengo|100/100
|move|p2a: Alomomola|Flip Turn|p1a: Gholdengo
|-crit|p1a: Gholdengo
|-damage|p1a: Gholdengo|82/100
|
|t:|1760848336
|switch|p2a: Cinderace|Cinderace, M|38/100|[from] Flip Turn
|
|-heal|p2a: Cinderace|100/100|[from] move: Wish|[wisher] Alomomola
|upkeep
|turn|7
|
|t:|1760848355
|switch|p1a: Corviknight|Corviknight, M|79/100
|-ability|p1a: Corviknight|Pressure
|move|p2a: Cinderace|Pyro Ball|p1a: Corviknight
|-supereffective|p1a: Corviknight
|-damage|p1a: Corviknight|15/100
|
|upkeep
|turn|8
|
|t:|1760848364
|move|p2a: Cinderace|Pyro Ball|p1a: Corviknight
|-supereffective|p1a: Corviknight
|-damage|p1a: Corviknight|0 fnt
|faint|p1a: Corviknight
|
|upkeep
|
|t:|1760848367
|switch|p1a: Dondozo|Dondozo, M|100/100
|turn|9
|
|t:|1760848383
|switch|p2a: Alomomola|Alomomola, M|100/100
|move|p1a: Dondozo|Curse|p1a: Dondozo
|-unboost|p1a: Dondozo|spe|1
|-boost|p1a: Dondozo|atk|1
|-boost|p1a: Dondozo|def|1
|
|upkeep
|turn|10
|
|t:|1760848396
|move|p2a: Alomomola|Flip Turn|p1a: Dondozo
|-resisted|p1a: Dondozo
|-damage|p1a: Dondozo|98/100
|
|t:|1760848402
|switch|p2a: Regidrago|Regidrago|100/100|[from] Flip Turn
|move|p1a: Dondozo|Curse|p1a: Dondozo
|-unboost|p1a: Dondozo|spe|1
|-boost|p1a: Dondozo|atk|1
|-boost|p1a: Dondozo|def|1
|
|-heal|p1a: Dondozo|100/100|[from] item: Leftovers
|upkeep
|turn|11
|
|t:|1760848407
|move|p2a: Regidrago|Dragon Energy|p1a: Dondozo
|-damage|p1a: Dondozo|7/100
|move|p1a: Dondozo|Body Press|p2a: Regidrago
|-damage|p2a: Regidrago|37/100
|
|-heal|p1a: Dondozo|13/100|[from] item: Leftovers
|upkeep
|turn|12
|
|t:|1760848416
|switch|p1a: Gholdengo|Gholdengo|82/100
|move|p2a: Regidrago|Dragon Energy|p1a: Gholdengo
|-resisted|p1a: Gholdengo
|-crit|p1a: Gholdengo
|-damage|p1a: Gholdengo|60/100
|
|upkeep
|turn|13
|
|t:|1760848425
|switch|p2a: Ting-Lu|Ting-Lu|100/100
|-ability|p2a: Ting-Lu|Vessel of Ruin
|move|p1a: Gholdengo|Recover|p1a: Gholdengo
|-heal|p1a: Gholdengo|100/100
|
|upkeep
|turn|14
|
|t:|1760848435
|move|p1a: Gholdengo|Nasty Plot|p1a: Gholdengo
|-boost|p1a: Gholdengo|spa|2
|move|p2a: Ting-Lu|Stealth Rock|p1a: Gholdengo
|-sidestart|p1: ndoi|move: Stealth Rock
|
|upkeep
|turn|15
|
|t:|1760848439
|move|p1a: Gholdengo|Nasty Plot|p1a: Gholdengo
|-boost|p1a: Gholdengo|spa|2
|move|p2a: Ting-Lu|Whirlwind|p1a: Gholdengo
|-immune|p1a: Gholdengo|[from] ability: Good as Gold
|
|upkeep
|turn|16
|
|t:|1760848448
|move|p1a: Gholdengo|Make It Rain|p2a: Ting-Lu
|-damage|p2a: Ting-Lu|39/100
|-unboost|p1a: Gholdengo|spa|1
|move|p2a: Ting-Lu|Earthquake|p1a: Gholdengo
|-supereffective|p1a: Gholdengo
|-damage|p1a: Gholdengo|46/100
|
|-heal|p2a: Ting-Lu|45/100|[from] item: Leftovers
|upkeep
|turn|17
|
|t:|1760848458
|move|p1a: Gholdengo|Recover|p1a: Gholdengo
|-heal|p1a: Gholdengo|97/100
|move|p2a: Ting-Lu|Earthquake|p1a: Gholdengo
|-supereffective|p1a: Gholdengo
|-damage|p1a: Gholdengo|42/100
|
|-heal|p2a: Ting-Lu|52/100|[from] item: Leftovers
|upkeep
|turn|18
|
|t:|1760848466
|move|p1a: Gholdengo|Recover|p1a: Gholdengo
|-heal|p1a: Gholdengo|93/100
|move|p2a: Ting-Lu|Earthquake|p1a: Gholdengo
|-supereffective|p1a: Gholdengo
|-damage|p1a: Gholdengo|39/100
|
|-heal|p2a: Ting-Lu|58/100|[from] item: Leftovers
|upkeep
|turn|19
|
|t:|1760848474
|move|p1a: Gholdengo|Make It Rain|p2a: Ting-Lu
|-damage|p2a: Ting-Lu|3/100
|-unboost|p1a: Gholdengo|spa|1
|move|p2a: Ting-Lu|Earthquake|p1a: Gholdengo
|-supereffective|p1a: Gholdengo
|-damage|p1a: Gholdengo|0 fnt
|faint|p1a: Gholdengo
|
|-heal|p2a: Ting-Lu|10/100|[from] item: Leftovers
|upkeep
|
|t:|1760848477
|switch|p1a: Kyurem|Kyurem, tera:Ground|26/100
|-damage|p1a: Kyurem|20/100|[from] Stealth Rock
|-ability|p1a: Kyurem|Pressure
|turn|20
|-message|ndoi forfeited.
|
|win|lzw00
|raw|ndoi's rating: 1157 &rarr; <strong>1132</strong><br />(-25 for losing)
|raw|lzw00's rating: 1159 &rarr; <strong>1184</strong><br />(+25 for winning)
|l|☆ndoi
|player|p1|
|l|☆lzw00
|player|p2|
