|j|☆Igor Bigorno
|j|☆waterdrinker48
|t:|1760796393
|gametype|singles
|player|p1|Igor Bigorno|101|1200
|player|p2|waterdrinker48|miku-ghost|1216
|gen|9
|tier|[Gen 9] OU
|rated|
|rule|HP Percentage Mod: HP is shown in percentages
|rule|Endless Battle Clause: Forcing endless battles is banned
|rule|Species Clause: Limit one of each Pokémon
|rule|OHKO Clause: OHKO moves are banned
|rule|Evasion Items Clause: Evasion items are banned
|rule|Evasion Moves Clause: Evasion moves are banned
|rule|Evasion Abilities Clause: Evasion abilities are banned
|rule|Sleep Moves Clause: Sleep-inducing moves are banned
|clearpoke
|poke|p1|Eelektross, M|
|poke|p1|Deoxys-Speed|
|poke|p1|Iron Valiant|
|poke|p1|Pecharunt|
|poke|p1|Dragonite, M|
|poke|p1|Kingambit, M|
|poke|p2|Hoopa-Unbound|
|poke|p2|Slowking-Galar, M|
|poke|p2|Dragapult, M|
|poke|p2|Great Tusk|
|poke|p2|Clefable, M|
|poke|p2|Zapdos|
|teampreview
|inactive|Battle timer is ON: inactive players will automatically lose when time's up. (requested by waterdrinker48)
|
|t:|1760796399
|teamsize|p1|6
|teamsize|p2|6
|start
|switch|p1a: Deoxys|Deoxys-Speed|100/100
|switch|p2a: Zapdos|Zapdos|100/100
|-ability|p1a: Deoxys|Pressure
|turn|1
|
|t:|1760796411
|move|p1a: Deoxys|Light Screen|p1a: Deoxys
|-sidestart|p1: Igor Bigorno|move: Light Screen
|move|p2a: Zapdos|Discharge|p1a: Deoxys
|-damage|p1a: Deoxys|80/100
|-status|p1a: Deoxys|par
|
|upkeep
|turn|2
|
|t:|1760796420
|cant|p1a: Deoxys|par
|move|p2a: Zapdos|U-turn|p1a: Deoxys
|-supereffective|p1a: Deoxys
|-damage|p1a: Deoxys|47/100 par
|
|t:|1760796425
|switch|p2a: Hoopa|Hoopa-Unbound|100/100|[from] U-turn
|
|upkeep
|turn|3
|
|t:|1760796437
|move|p2a: Hoopa|Knock Off|p1a: Deoxys
|-supereffective|p1a: Deoxys
|-damage|p1a: Deoxys|0 fnt
|-enditem|p1a: Deoxys|Light Clay|[from] move: Knock Off|[of] p2a: Hoopa
|faint|p1a: Deoxys
|
|upkeep
|
|t:|1760796443
|switch|p1a: Kingambit|Kingambit, M|100/100
|-activate|p1a: Kingambit|ability: Supreme Overlord
|-start|p1a: Kingambit|fallen1|[silent]
|turn|4
|
|t:|1760796449
|switch|p2a: Zapdos|Zapdos|100/100
|move|p1a: Kingambit|Kowtow Cleave|p2a: Zapdos
|-damage|p2a: Zapdos|64/100
|
|upkeep
|turn|5
|
|t:|1760796455
|move|p2a: Zapdos|Discharge|p1a: Kingambit
|-damage|p1a: Kingambit|85/100
|move|p1a: Kingambit|Swords Dance|p1a: Kingambit
|-boost|p1a: Kingambit|atk|2
|
|upkeep
|turn|6
|
|t:|1760796462
|move|p2a: Zapdos|Discharge|p1a: Kingambit
|-damage|p1a: Kingambit|69/100
|-status|p1a: Kingambit|par
|-enditem|p1a: Kingambit|Lum Berry|[eat]
|-curestatus|p1a: Kingambit|par|[msg]
|move|p1a: Kingambit|Kowtow Cleave|p2a: Zapdos
|-damage|p2a: Zapdos|0 fnt
|faint|p2a: Zapdos
|
|upkeep
|
|t:|1760796465
|switch|p2a: Great Tusk|Great Tusk|100/100
|turn|7
|
|t:|1760796475
|move|p2a: Great Tusk|Bulk Up|p2a: Great Tusk
|-boost|p2a: Great Tusk|atk|1
|-boost|p2a: Great Tusk|def|1
|move|p1a: Kingambit|Iron Head|p2a: Great Tusk
|-damage|p2a: Great Tusk|47/100
|
|upkeep
|turn|8
|
|t:|1760796482
|-end|p1a: Kingambit|fallen1|[silent]
|switch|p1a: Eelektross|Eelektross, M|100/100
|move|p2a: Great Tusk|Headlong Rush|p1a: Eelektross
|-immune|p1a: Eelektross|[from] ability: Levitate
|
|-sideend|p1: Igor Bigorno|move: Light Screen
|upkeep
|turn|9
|
|t:|1760796492
|move|p2a: Great Tusk|Bulk Up|p2a: Great Tusk
|-boost|p2a: Great Tusk|atk|1
|-boost|p2a: Great Tusk|def|1
|move|p1a: Eelektross|Coil|p1a: Eelektross
|-boost|p1a: Eelektross|atk|1
|-boost|p1a: Eelektross|def|1
|-boost|p1a: Eelektross|accuracy|1
|
|upkeep
|turn|10
|
|t:|1760796499
|move|p2a: Great Tusk|Rapid Spin|p1a: Eelektross
|-damage|p1a: Eelektross|75/100
|-boost|p2a: Great Tusk|spe|1
|move|p1a: Eelektross|Dragon Tail|p2a: Great Tusk
|-damage|p2a: Great Tusk|38/100
|-end|p2a: Great Tusk|Protosynthesis|[silent]
|drag|p2a: Hoopa|Hoopa-Unbound|100/100
|
|-heal|p1a: Eelektross|81/100|[from] item: Leftovers
|upkeep
|turn|11
|
|t:|1760796510
|switch|p2a: Clefable|Clefable, M|100/100
|move|p1a: Eelektross|Dragon Tail|p2a: Clefable
|-immune|p2a: Clefable
|
|-heal|p1a: Eelektross|87/100|[from] item: Leftovers
|upkeep
|turn|12
|
|t:|1760796520
|switch|p1a: Kingambit|Kingambit, M|69/100
|-activate|p1a: Kingambit|ability: Supreme Overlord
|-start|p1a: Kingambit|fallen1|[silent]
|move|p2a: Clefable|Stealth Rock|p1a: Kingambit
|-sidestart|p1: Igor Bigorno|move: Stealth Rock
|
|upkeep
|turn|13
|
|t:|1760796529
|move|p1a: Kingambit|Iron Head|p2a: Clefable
|-supereffective|p2a: Clefable
|-damage|p2a: Clefable|21/100
|cant|p2a: Clefable|flinch
|
|upkeep
|turn|14
|
|t:|1760796535
|move|p1a: Kingambit|Iron Head|p2a: Clefable
|-supereffective|p2a: Clefable
|-damage|p2a: Clefable|0 fnt
|faint|p2a: Clefable
|
|upkeep
|
|t:|1760796539
|switch|p2a: Great Tusk|Great Tusk|38/100
|turn|15
|
|t:|1760796545
|-terastallize|p1a: Kingambit|Ghost
|move|p2a: Great Tusk|Headlong Rush|p1a: Kingambit
|-damage|p1a: Kingambit|17/100
|-unboost|p2a: Great Tusk|def|1
|-unboost|p2a: Great Tusk|spd|1
|move|p1a: Kingambit|Iron Head|p2a: Great Tusk
|-damage|p2a: Great Tusk|0 fnt
|faint|p2a: Great Tusk
|-end|p2a: Great Tusk|Protosynthesis|[silent]
|
|upkeep
|
|t:|1760796551
|switch|p2a: Dragapult|Dragapult, M|100/100
|turn|16
|
|t:|1760796557
|-terastallize|p2a: Dragapult|Fire
|move|p1a: Kingambit|Sucker Punch|p2a: Dragapult
|-crit|p2a: Dragapult
|-damage|p2a: Dragapult|10/100
|move|p2a: Dragapult|Flamethrower|p1a: Kingambit
|-damage|p1a: Kingambit|0 fnt
|faint|p1a: Kingambit
|-end|p1a: Kingambit|fallen1|[silent]
|
|upkeep
|
|t:|1760796574
|switch|p1a: Eelektross|Eelektross, M|87/100
|-damage|p1a: Eelektross|75/100|[from] Stealth Rock
|turn|17
|
|t:|1760796582
|switch|p2a: Slowking|Slowking-Galar, M|100/100
|move|p1a: Eelektross|Dragon Tail|p2a: Slowking
|-damage|p2a: Slowking|83/100
|drag|p2a: Hoopa|Hoopa-Unbound|100/100
|
|-heal|p1a: Eelektross|81/100|[from] item: Leftovers
|upkeep
|turn|18
|
|t:|1760796591
|move|p2a: Hoopa|Hyperspace Fury|p1a: Eelektross
|-damage|p1a: Eelektross|0 fnt
|-unboost|p2a: Hoopa|def|1
|faint|p1a: Eelektross
|
|upkeep
|inactive|Igor Bigorno has 120 seconds left.
|
|t:|1760796631
|switch|p1a: Iron Valiant|Iron Valiant|100/100
|-damage|p1a: Iron Valiant|94/100|[from] Stealth Rock
|-enditem|p1a: Iron Valiant|Booster Energy
|-activate|p1a: Iron Valiant|ability: Quark Drive|[fromitem]
|-start|p1a: Iron Valiant|quarkdrivespe
|turn|19
|inactive|Igor Bigorno has 120 seconds left.
|
|t:|1760796637
|switch|p2a: Slowking|Slowking-Galar, M|100/100
|move|p1a: Iron Valiant|Moonblast|p2a: Slowking
|-resisted|p2a: Slowking
|-damage|p2a: Slowking|88/100
|
|upkeep
|turn|20
|
|t:|1760796645
|move|p1a: Iron Valiant|Destiny Bond|p1a: Iron Valiant
|-singlemove|p1a: Iron Valiant|Destiny Bond
|move|p2a: Slowking|Thunder Wave|p1a: Iron Valiant
|-status|p1a: Iron Valiant|par
|
|upkeep
|turn|21
|
|t:|1760796651
|move|p1a: Iron Valiant|Encore|p2a: Slowking
|-start|p2a: Slowking|Encore
|move|p2a: Slowking|Thunder Wave|p1a: Iron Valiant
|-fail|p1a: Iron Valiant|par
|
|upkeep
|turn|22
|inactive|Igor Bigorno has 120 seconds left.
|
|t:|1760796672
|move|p1a: Iron Valiant|Calm Mind|p1a: Iron Valiant
|-boost|p1a: Iron Valiant|spa|1
|-boost|p1a: Iron Valiant|spd|1
|move|p2a: Slowking|Thunder Wave|p1a: Iron Valiant
|-fail|p1a: Iron Valiant|par
|
|upkeep
|turn|23
|
|t:|1760796679
|switch|p2a: Hoopa|Hoopa-Unbound|100/100
|move|p1a: Iron Valiant|Calm Mind|p1a: Iron Valiant
|-boost|p1a: Iron Valiant|spa|1
|-boost|p1a: Iron Valiant|spd|1
|
|upkeep
|turn|24
|
|t:|1760796689
|move|p2a: Hoopa|Gunk Shot|p1a: Iron Valiant
|-supereffective|p1a: Iron Valiant
|-damage|p1a: Iron Valiant|0 fnt
|faint|p1a: Iron Valiant
|-end|p1a: Iron Valiant|Quark Drive|[silent]
|
|upkeep
|
|t:|1760796694
|switch|p1a: Dragonite|Dragonite, M|100/100
|turn|25
|
|t:|1760796699
|switch|p2a: Slowking|Slowking-Galar, M|100/100
|move|p1a: Dragonite|Dragon Dance|p1a: Dragonite
|-boost|p1a: Dragonite|atk|1
|-boost|p1a: Dragonite|spe|1
|
|upkeep
|turn|26
|
|t:|1760796706
|move|p1a: Dragonite|Dragon Dance|p1a: Dragonite
|-boost|p1a: Dragonite|atk|1
|-boost|p1a: Dragonite|spe|1
|move|p2a: Slowking|Future Sight|p1a: Dragonite
|-start|p2a: Slowking|move: Future Sight
|
|upkeep
|turn|27
|
|t:|1760796711
|move|p1a: Dragonite|Earthquake|p2a: Slowking
|-supereffective|p2a: Slowking
|-damage|p2a: Slowking|0 fnt
|faint|p2a: Slowking
|
|upkeep
|
|t:|1760796713
|switch|p2a: Dragapult|Dragapult, M, tera:Fire|10/100
|turn|28
|
|t:|1760796719
|move|p1a: Dragonite|Earthquake|p2a: Dragapult
|-supereffective|p2a: Dragapult
|-damage|p2a: Dragapult|0 fnt
|faint|p2a: Dragapult
|
|-end|p1a: Dragonite|move: Future Sight
|-damage|p1a: Dragonite|78/100
|upkeep
|
|t:|1760796721
|switch|p2a: Hoopa|Hoopa-Unbound|100/100
|turn|29
|
|t:|1760796729
|move|p1a: Dragonite|Earthquake|p2a: Hoopa
|-damage|p2a: Hoopa|0 fnt
|faint|p2a: Hoopa
|
|win|Igor Bigorno
|raw|Igor Bigorno's rating: 1200 &rarr; <strong>1226</strong><br />(+26 for winning)
|raw|waterdrinker48's rating: 1216 &rarr; <strong>1190</strong><br />(-26 for losing)
|l|☆waterdrinker48
|player|p2|
|l|☆Igor Bigorno
|player|p1|
