|j|☆BSGSC火焰鸡
|j|‽falas
|t:|1760849988
|gametype|singles
|player|p1|BSGSC火焰鸡|cynthia-gen4|1209
|player|p2|falas|1|1288
|gen|9
|tier|[Gen 9] OU
|rated|
|rule|HP Percentage Mod: HP is shown in percentages
|rule|Endless Battle Clause: Forcing endless battles is banned
|rule|Species Clause: Limit one of each Pokémon
|rule|OHKO Clause: OHKO moves are banned
|rule|Evasion Items Clause: Evasion items are banned
|rule|Evasion Moves Clause: Evasion moves are banned
|rule|Evasion Abilities Clause: Evasion abilities are banned
|rule|Sleep Moves Clause: Sleep-inducing moves are banned
|clearpoke
|poke|p1|Gholdengo|
|poke|p1|Pelipper, F|
|poke|p1|Barraskewda, F|
|poke|p1|Hippowdon, F|
|poke|p1|Great Tusk|
|poke|p1|Beartic, M|
|poke|p2|Armarouge, M|
|poke|p2|Indeedee, M|
|poke|p2|Dondozo, M|
|poke|p2|Landorus-Therian, M|
|poke|p2|Sylveon, F|
|poke|p2|Corviknight, M|
|teampreview
|inactive|Battle timer is ON: inactive players will automatically lose when time's up. (requested by falas)
|c|☆BSGSC火焰鸡|是国人吗？
|c|☆BSGSC火焰鸡|Are you chinese？
|inactive|BSGSC火焰鸡 has 120 seconds left.
|
|t:|1760850027
|teamsize|p1|6
|teamsize|p2|6
|start
|switch|p1a: 这是一张嘴|Pelipper, F|100/100
|switch|p2a: Indeedee|Indeedee, M|100/100
|-fieldstart|move: Psychic Terrain|[from] ability: Psychic Surge|[of] p2a: Indeedee
|-weather|RainDance|[from] ability: Drizzle|[of] p1a: 这是一张嘴
|turn|1
|
|t:|1760850043
|switch|p1a: 这是两颗牙|Great Tusk|100/100
|-enditem|p1a: 这是两颗牙|Booster Energy
|-activate|p1a: 这是两颗牙|ability: Protosynthesis|[fromitem]
|-start|p1a: 这是两颗牙|protosynthesisatk
|move|p2a: Indeedee|Expanding Force|p1a: 这是两颗牙
|-supereffective|p1a: 这是两颗牙
|-damage|p1a: 这是两颗牙|0 fnt
|faint|p1a: 这是两颗牙
|-end|p1a: 这是两颗牙|Protosynthesis|[silent]
|
|-weather|RainDance|[upkeep]
|upkeep
|
|t:|1760850060
|switch|p1a: 什么鬼|Beartic, M|100/100
|turn|2
|
|t:|1760850069
|move|p1a: 什么鬼|Icicle Spear|p2a: Indeedee
|-damage|p2a: Indeedee|74/100
|-damage|p2a: Indeedee|48/100
|-damage|p2a: Indeedee|19/100
|-hitcount|p2a: Indeedee|3
|move|p2a: Indeedee|Expanding Force|p1a: 什么鬼
|-damage|p1a: 什么鬼|11/100
|
|-weather|RainDance|[upkeep]
|-heal|p1a: 什么鬼|17/100|[from] item: Leftovers
|upkeep
|turn|3
|
|t:|1760850080
|switch|p2a: Armarouge|Armarouge, M|100/100
|move|p1a: 什么鬼|Icicle Spear|p2a: Armarouge
|-resisted|p2a: Armarouge
|-damage|p2a: Armarouge|93/100
|-ability|p2a: Armarouge|Weak Armor|boost
|-unboost|p2a: Armarouge|def|1
|-boost|p2a: Armarouge|spe|2
|-resisted|p2a: Armarouge
|-crit|p2a: Armarouge
|-damage|p2a: Armarouge|75/100
|-ability|p2a: Armarouge|Weak Armor|boost
|-unboost|p2a: Armarouge|def|1
|-boost|p2a: Armarouge|spe|2
|-resisted|p2a: Armarouge
|-damage|p2a: Armarouge|62/100
|-ability|p2a: Armarouge|Weak Armor|boost
|-unboost|p2a: Armarouge|def|1
|-boost|p2a: Armarouge|spe|2
|-resisted|p2a: Armarouge
|-crit|p2a: Armarouge
|-damage|p2a: Armarouge|33/100
|-ability|p2a: Armarouge|Weak Armor|boost
|-unboost|p2a: Armarouge|def|1
|-resisted|p2a: Armarouge
|-damage|p2a: Armarouge|11/100
|-ability|p2a: Armarouge|Weak Armor|boost
|-unboost|p2a: Armarouge|def|1
|-hitcount|p2a: Armarouge|5
|
|-weather|RainDance|[upkeep]
|-heal|p1a: 什么鬼|23/100|[from] item: Leftovers
|upkeep
|turn|4
|inactive|BSGSC火焰鸡 has 120 seconds left.
|
|t:|1760850114
|switch|p1a: 这是一张嘴|Pelipper, F|100/100
|move|p2a: Armarouge|Armor Cannon|p1a: 这是一张嘴
|-resisted|p1a: 这是一张嘴
|-damage|p1a: 这是一张嘴|82/100
|-unboost|p2a: Armarouge|def|1
|-unboost|p2a: Armarouge|spd|1
|
|-weather|RainDance|[upkeep]
|upkeep
|turn|5
|inactive|BSGSC火焰鸡 has 120 seconds left.
|
|t:|1760850130
|move|p2a: Armarouge|Stored Power|p1a: 这是一张嘴
|-damage|p1a: 这是一张嘴|0 fnt
|faint|p1a: 这是一张嘴
|
|-weather|RainDance|[upkeep]
|upkeep
|
|t:|1760850142
|switch|p1a: 这是一条河|Hippowdon, F|100/100
|-weather|Sandstorm|[from] ability: Sand Stream|[of] p1a: 这是一条河
|turn|6
|
|t:|1760850149
|move|p2a: Armarouge|Stored Power|p1a: 这是一条河
|-damage|p1a: 这是一条河|0 fnt
|faint|p1a: 这是一条河
|
|-weather|Sandstorm|[upkeep]
|-damage|p2a: Armarouge|5/100|[from] Sandstorm
|upkeep
|
|t:|1760850157
|switch|p1a: 这是奥斯卡|Gholdengo, shiny|100/100
|turn|7
|
|t:|1760850162
|-terastallize|p1a: 这是奥斯卡|Rock
|move|p2a: Armarouge|Armor Cannon|p1a: 这是奥斯卡
|-resisted|p1a: 这是奥斯卡
|-damage|p1a: 这是奥斯卡|76/100
|-unboost|p2a: Armarouge|spd|1
|move|p1a: 这是奥斯卡|Power Gem|p2a: Armarouge
|-supereffective|p2a: Armarouge
|-damage|p2a: Armarouge|0 fnt
|faint|p2a: Armarouge
|
|-weather|Sandstorm|[upkeep]
|upkeep
|
|t:|1760850173
|switch|p2a: Landorus|Landorus-Therian, M|100/100
|-ability|p2a: Landorus|Intimidate|boost
|-unboost|p1a: 这是奥斯卡|atk|1
|turn|8
|
|t:|1760850180
|switch|p1a: 这是一只鱼|Barraskewda, F, shiny|100/100
|move|p2a: Landorus|Earthquake|p1a: 这是一只鱼
|-damage|p1a: 这是一只鱼|0 fnt
|faint|p1a: 这是一只鱼
|
|-weather|Sandstorm|[upkeep]
|-fieldend|move: Psychic Terrain
|upkeep
|inactive|BSGSC火焰鸡 has 120 seconds left.
|c|☆BSGSC火焰鸡|我要认输了
|c|☆BSGSC火焰鸡|Sorry
|c|☆BSGSC火焰鸡|You are stronger than me
|inactive|BSGSC火焰鸡 has 90 seconds left.
|c|☆BSGSC火焰鸡|gg
|-message|BSGSC火焰鸡 forfeited.
|
|win|falas
|raw|BSGSC火焰鸡's rating: 1209 &rarr; <strong>1190</strong><br />(-19 for losing)
|raw|falas's rating: 1288 &rarr; <strong>1307</strong><br />(+19 for winning)
|l|☆BSGSC火焰鸡
|player|p1|
|l|‽falas
|player|p2|
