|j|☆worthless lucker
|j|☆kate10956
|t:|1760761431
|gametype|singles
|player|p1|worthless lucker|baker|1255
|player|p2|kate10956|misty|1299
|gen|9
|tier|[Gen 9] OU
|rated|
|rule|HP Percentage Mod: HP is shown in percentages
|rule|Endless Battle Clause: Forcing endless battles is banned
|rule|Species Clause: Limit one of each Pokémon
|rule|OHKO Clause: OHKO moves are banned
|rule|Evasion Items Clause: Evasion items are banned
|rule|Evasion Moves Clause: Evasion moves are banned
|rule|Evasion Abilities Clause: Evasion abilities are banned
|rule|Sleep Moves Clause: Sleep-inducing moves are banned
|clearpoke
|poke|p1|Ogerpon-Wellspring, F|
|poke|p1|Slowking-Galar, F|
|poke|p1|Skeledirge, F|
|poke|p1|Iron Valiant|
|poke|p1|Great Tusk|
|poke|p1|Dragonite, M|
|poke|p2|Pelipper, M|
|poke|p2|Kilowattrel, F|
|poke|p2|Dragapult, F|
|poke|p2|Amoonguss, F|
|poke|p2|Floatzel, M|
|poke|p2|Walking Wake|
|teampreview
|inactive|Battle timer is ON: inactive players will automatically lose when time's up. (requested by worthless lucker)
|inactive|worthless lucker has 120 seconds left.
|
|t:|1760761468
|teamsize|p1|6
|teamsize|p2|6
|start
|switch|p1a: Slowking|Slowking-Galar, F|100/100
|switch|p2a: Gulliver|Pelipper, M|100/100
|-weather|RainDance|[from] ability: Drizzle|[of] p2a: Gulliver
|turn|1
|
|t:|1760761474
|move|p2a: Gulliver|U-turn|p1a: Slowking
|-damage|p1a: Slowking|91/100
|
|t:|1760761477
|switch|p2a: Spectra|Dragapult, F, shiny|100/100|[from] U-turn
|move|p1a: Slowking|Power Gem|p2a: Spectra
|-damage|p2a: Spectra|66/100
|
|-weather|RainDance|[upkeep]
|upkeep
|turn|2
|
|t:|1760761491
|move|p2a: Spectra|Shadow Ball|p1a: Slowking
|-supereffective|p1a: Slowking
|-damage|p1a: Slowking|35/100
|move|p1a: Slowking|Future Sight|p2a: Spectra
|-start|p1a: Slowking|move: Future Sight
|
|-weather|RainDance|[upkeep]
|upkeep
|turn|3
|
|t:|1760761513
|switch|p1a: Iron Valiant|Iron Valiant|100/100
|-enditem|p1a: Iron Valiant|Booster Energy
|-activate|p1a: Iron Valiant|ability: Quark Drive|[fromitem]
|-start|p1a: Iron Valiant|quarkdrivespe
|move|p2a: Spectra|Shadow Ball|p1a: Iron Valiant
|-damage|p1a: Iron Valiant|16/100
|-unboost|p1a: Iron Valiant|spd|1
|
|-weather|RainDance|[upkeep]
|upkeep
|turn|4
|
|t:|1760761525
|switch|p2a: Amanita|Amoonguss, F|100/100
|move|p1a: Iron Valiant|Knock Off|p2a: Amanita
|-damage|p2a: Amanita|83/100
|-enditem|p2a: Amanita|Eject Button|[from] move: Knock Off|[of] p1a: Iron Valiant
|
|-weather|RainDance|[upkeep]
|-end|p2a: Amanita|move: Future Sight
|-supereffective|p2a: Amanita
|-damage|p2a: Amanita|0 fnt
|faint|p2a: Amanita
|upkeep
|
|t:|1760761535
|switch|p2a: Ripple|Floatzel, M|100/100
|turn|5
|
|t:|1760761544
|move|p2a: Ripple|Ice Spinner|p1a: Iron Valiant
|-damage|p1a: Iron Valiant|0 fnt
|faint|p1a: Iron Valiant
|-end|p1a: Iron Valiant|Quark Drive|[silent]
|
|-weather|RainDance|[upkeep]
|upkeep
|
|t:|1760761570
|switch|p1a: Ogerpon|Ogerpon-Wellspring, F|100/100
|turn|6
|
|t:|1760761582
|switch|p2a: Spectra|Dragapult, F, shiny|66/100
|move|p1a: Ogerpon|Knock Off|p2a: Spectra
|-supereffective|p2a: Spectra
|-damage|p2a: Spectra|0 fnt
|-enditem|p2a: Spectra|Choice Specs|[from] move: Knock Off|[of] p1a: Ogerpon
|faint|p2a: Spectra
|
|-weather|RainDance|[upkeep]
|upkeep
|
|t:|1760761590
|switch|p2a: Joule|Kilowattrel, F|100/100
|turn|7
|
|t:|1760761603
|switch|p1a: Great Tusk|Great Tusk|100/100
|move|p2a: Joule|Hurricane|p1a: Great Tusk
|-supereffective|p1a: Great Tusk
|-damage|p1a: Great Tusk|0 fnt
|faint|p1a: Great Tusk
|-end|p1a: Great Tusk|Protosynthesis|[silent]
|
|-weather|RainDance|[upkeep]
|upkeep
|inactive|worthless lucker has 120 seconds left.
|
|t:|1760761624
|switch|p1a: Slowking|Slowking-Galar, F|68/100
|turn|8
|inactive|worthless lucker has 120 seconds left.
|
|t:|1760761634
|move|p2a: Joule|Hurricane|p1a: Slowking
|-damage|p1a: Slowking|28/100
|move|p1a: Slowking|Power Gem|p2a: Joule
|-supereffective|p2a: Joule
|-damage|p2a: Joule|0 fnt
|faint|p2a: Joule
|
|-weather|none
|upkeep
|
|t:|1760761645
|switch|p2a: Ripple|Floatzel, M|100/100
|turn|9
|
|t:|1760761653
|switch|p2a: Gulliver|Pelipper, M|100/100
|-weather|RainDance|[from] ability: Drizzle|[of] p2a: Gulliver
|switch|p1a: Ogerpon|Ogerpon-Wellspring, F|100/100
|
|-weather|RainDance|[upkeep]
|upkeep
|turn|10
|
|t:|1760761662
|switch|p1a: Slowking|Slowking-Galar, F|61/100
|move|p2a: Gulliver|U-turn|p1a: Slowking
|-crit|p1a: Slowking
|-damage|p1a: Slowking|48/100
|
|t:|1760761665
|switch|p2a: Rivulet|Walking Wake|100/100|[from] U-turn
|
|-weather|RainDance|[upkeep]
|upkeep
|turn|11
|
|t:|1760761674
|move|p2a: Rivulet|Hurricane|p1a: Slowking
|-damage|p1a: Slowking|16/100
|-start|p1a: Slowking|confusion
|-activate|p1a: Slowking|confusion
|move|p1a: Slowking|Future Sight|p2a: Rivulet
|-start|p1a: Slowking|move: Future Sight
|
|-weather|RainDance|[upkeep]
|upkeep
|turn|12
|
|t:|1760761688
|move|p2a: Rivulet|Hurricane|p1a: Slowking
|-damage|p1a: Slowking|0 fnt
|faint|p1a: Slowking
|
|-weather|RainDance|[upkeep]
|upkeep
|
|t:|1760761699
|switch|p1a: Dragonite|Dragonite, M|100/100
|turn|13
|
|t:|1760761712
|-terastallize|p1a: Dragonite|Normal
|move|p2a: Rivulet|Hurricane|p1a: Dragonite
|-damage|p1a: Dragonite|71/100
|move|p1a: Dragonite|Dragon Dance|p1a: Dragonite
|-boost|p1a: Dragonite|atk|1
|-boost|p1a: Dragonite|spe|1
|
|-weather|RainDance|[upkeep]
|-end|p2a: Rivulet|move: Future Sight
|-damage|p2a: Rivulet|29/100
|upkeep
|turn|14
|
|t:|1760761723
|-end|p2a: Rivulet|Protosynthesis|[silent]
|switch|p2a: Gulliver|Pelipper, M|100/100
|move|p1a: Dragonite|Extreme Speed|p2a: Gulliver
|-damage|p2a: Gulliver|52/100
|
|-weather|RainDance|[upkeep]
|upkeep
|turn|15
|
|t:|1760761734
|move|p1a: Dragonite|Extreme Speed|p2a: Gulliver
|-damage|p2a: Gulliver|6/100
|move|p2a: Gulliver|Hurricane|p1a: Dragonite
|-damage|p1a: Dragonite|35/100
|
|-weather|RainDance|[upkeep]
|upkeep
|turn|16
|-message|kate10956 forfeited.
|
|win|worthless lucker
|raw|worthless lucker's rating: 1255 &rarr; <strong>1283</strong><br />(+28 for winning)
|raw|kate10956's rating: 1299 &rarr; <strong>1271</strong><br />(-28 for losing)
|l|☆kate10956
|player|p2|
|l|☆worthless lucker
|player|p1|
