|j|☆sv ou goatastic
|j|☆AsierX
|t:|1760870689
|gametype|singles
|player|p1|sv ou goatastic|steven|1485
|player|p2|AsierX|skierf|1508
|gen|9
|tier|[Gen 9] OU
|rated|
|rule|HP Percentage Mod: HP is shown in percentages
|rule|Endless Battle Clause: Forcing endless battles is banned
|rule|Species Clause: Limit one of each Pokémon
|rule|OHKO Clause: OHKO moves are banned
|rule|Evasion Items Clause: Evasion items are banned
|rule|Evasion Moves Clause: Evasion moves are banned
|rule|Evasion Abilities Clause: Evasion abilities are banned
|rule|Sleep Moves Clause: Sleep-inducing moves are banned
|clearpoke
|poke|p1|Hydrapple, M|
|poke|p1|Skarmory, M|
|poke|p1|Tyranitar, F|
|poke|p1|Alomomola, M|
|poke|p1|Clodsire, M|
|poke|p1|Clefable, M|
|poke|p2|Moltres-Galar|
|poke|p2|Zapdos-Galar|
|poke|p2|Ogerpon-Wellspring, F|
|poke|p2|Iron Boulder|
|poke|p2|Sandy Shocks|
|poke|p2|Cinderace, M|
|teampreview
|
|t:|1760870709
|teamsize|p1|6
|teamsize|p2|6
|start
|switch|p1a: Clefable|Clefable, M|100/100
|switch|p2a: Birdbrain|Zapdos-Galar|100/100
|turn|1
|inactive|Battle timer is ON: inactive players will automatically lose when time's up. (requested by sv ou goatastic)
|
|t:|1760870724
|move|p2a: Birdbrain|U-turn|p1a: Clefable
|-resisted|p1a: Clefable
|-damage|p1a: Clefable|91/100
|
|t:|1760870726
|switch|p2a: Here's the kicker|Cinderace, M|100/100|[from] U-turn
|move|p1a: Clefable|Moonblast|p2a: Here's the kicker
|-resisted|p2a: Here's the kicker
|-damage|p2a: Here's the kicker|79/100
|
|upkeep
|turn|2
|
|t:|1760870745
|move|p2a: Here's the kicker|Pyro Ball|p1a: Clefable
|-damage|p1a: Clefable|46/100
|move|p1a: Clefable|Knock Off|p2a: Here's the kicker
|-damage|p2a: Here's the kicker|59/100
|-enditem|p2a: Here's the kicker|Heavy-Duty Boots|[from] move: Knock Off|[of] p1a: Clefable
|
|upkeep
|turn|3
|
|t:|1760870754
|move|p1a: Clefable|Protect|p1a: Clefable
|-singleturn|p1a: Clefable|Protect
|move|p2a: Here's the kicker|Pyro Ball|p1a: Clefable
|-activate|p1a: Clefable|move: Protect
|
|upkeep
|turn|4
|
|t:|1760870760
|switch|p1a: Alomomola|Alomomola, M, shiny|100/100
|move|p2a: Here's the kicker|Pyro Ball|p1a: Alomomola
|-resisted|p1a: Alomomola
|-damage|p1a: Alomomola|83/100
|
|upkeep
|turn|5
|
|t:|1760870770
|switch|p2a: Big Bonk|Ogerpon-Wellspring, F|100/100
|move|p1a: Alomomola|Body Slam|p2a: Big Bonk
|-damage|p2a: Big Bonk|81/100
|
|upkeep
|turn|6
|
|t:|1760870777
|switch|p1a: Skarmory|Skarmory, M|100/100
|move|p2a: Big Bonk|Swords Dance|p2a: Big Bonk
|-boost|p2a: Big Bonk|atk|2
|
|upkeep
|turn|7
|
|t:|1760870784
|move|p2a: Big Bonk|Ivy Cudgel|p1a: Skarmory|[anim] Ivy Cudgel Water
|-damage|p1a: Skarmory|32/100
|move|p1a: Skarmory|Iron Defense|p1a: Skarmory
|-boost|p1a: Skarmory|def|2
|
|upkeep
|turn|8
|
|t:|1760870799
|move|p2a: Big Bonk|Ivy Cudgel|p1a: Skarmory|[anim] Ivy Cudgel Water
|-damage|p1a: Skarmory|0 fnt
|faint|p1a: Skarmory
|
|upkeep
|
|t:|1760870804
|switch|p1a: Hydrapple|Hydrapple, M|100/100
|turn|9
|
|t:|1760870811
|switch|p2a: Birdbrain|Zapdos-Galar|100/100
|move|p1a: Hydrapple|Giga Drain|p2a: Birdbrain
|-resisted|p2a: Birdbrain
|-damage|p2a: Birdbrain|88/100
|
|upkeep
|turn|10
|
|t:|1760870819
|switch|p1a: Alomomola|Alomomola, M, shiny|100/100
|move|p2a: Birdbrain|Brave Bird|p1a: Alomomola
|-damage|p1a: Alomomola|65/100
|-damage|p2a: Birdbrain|71/100|[from] Recoil
|
|upkeep
|turn|11
|
|t:|1760870827
|move|p2a: Birdbrain|Thunderous Kick|p1a: Alomomola
|-damage|p1a: Alomomola|39/100
|-unboost|p1a: Alomomola|def|1
|move|p1a: Alomomola|Wish|p1a: Alomomola
|
|upkeep
|turn|12
|
|t:|1760870834
|switch|p1a: Clefable|Clefable, M|46/100
|move|p2a: Birdbrain|Thunderous Kick|p1a: Clefable
|-resisted|p1a: Clefable
|-damage|p1a: Clefable|29/100
|-unboost|p1a: Clefable|def|1
|
|-heal|p1a: Clefable|89/100|[from] move: Wish|[wisher] Alomomola
|upkeep
|turn|13
|
|t:|1760870846
|move|p2a: Birdbrain|U-turn|p1a: Clefable
|-resisted|p1a: Clefable
|-damage|p1a: Clefable|74/100
|
|t:|1760870848
|switch|p2a: Here's the kicker|Cinderace, M|59/100|[from] U-turn
|move|p1a: Clefable|Moonblast|p2a: Here's the kicker
|-resisted|p2a: Here's the kicker
|-damage|p2a: Here's the kicker|37/100
|
|upkeep
|turn|14
|
|t:|1760870856
|switch|p1a: Alomomola|Alomomola, M, shiny|72/100
|move|p2a: Here's the kicker|Pyro Ball|p1a: Alomomola
|-resisted|p1a: Alomomola
|-damage|p1a: Alomomola|56/100
|
|upkeep
|turn|15
|
|t:|1760870864
|move|p2a: Here's the kicker|High Jump Kick|p1a: Alomomola
|-start|p2a: Here's the kicker|typechange|Fighting|[from] ability: Libero
|-damage|p1a: Alomomola|18/100
|move|p1a: Alomomola|Wish|p1a: Alomomola
|
|upkeep
|turn|16
|
|t:|1760870871
|switch|p2a: Big Bonk|Ogerpon-Wellspring, F|81/100
|move|p1a: Alomomola|Protect||[still]
|-fail|p1a: Alomomola
|
|-heal|p1a: Alomomola|68/100|[from] move: Wish|[wisher] Alomomola
|upkeep
|turn|17
|
|t:|1760870881
|switch|p1a: Hydrapple|Hydrapple, M|100/100
|move|p2a: Big Bonk|Encore||[still]
|-fail|p2a: Big Bonk
|
|upkeep
|turn|18
|
|t:|1760870887
|move|p2a: Big Bonk|Swords Dance|p2a: Big Bonk
|-boost|p2a: Big Bonk|atk|2
|move|p1a: Hydrapple|Fickle Beam|p2a: Big Bonk
|-crit|p2a: Big Bonk
|-damage|p2a: Big Bonk|15/100
|
|upkeep
|turn|19
|
|t:|1760870894
|move|p2a: Big Bonk|Horn Leech|p1a: Hydrapple
|-resisted|p1a: Hydrapple
|-crit|p1a: Hydrapple
|-damage|p1a: Hydrapple|81/100
|-heal|p2a: Big Bonk|29/100|[from] drain|[of] p1a: Hydrapple
|move|p1a: Hydrapple|Fickle Beam|p2a: Big Bonk
|-damage|p2a: Big Bonk|0 fnt
|faint|p2a: Big Bonk
|
|upkeep
|
|t:|1760870897
|switch|p2a: 🔥I'm EVIL‼🔥|Moltres-Galar|100/100
|turn|20
|
|t:|1760870909
|switch|p1a: Clodsire|Clodsire, M|100/100
|move|p2a: 🔥I'm EVIL‼🔥|Nasty Plot|p2a: 🔥I'm EVIL‼🔥
|-boost|p2a: 🔥I'm EVIL‼🔥|spa|2
|
|upkeep
|turn|21
|
|t:|1760870917
|-terastallize|p2a: 🔥I'm EVIL‼🔥|Poison
|move|p2a: 🔥I'm EVIL‼🔥|Fiery Wrath|p1a: Clodsire
|-damage|p1a: Clodsire|77/100
|cant|p1a: Clodsire|flinch
|
|upkeep
|turn|22
|
|t:|1760870924
|move|p2a: 🔥I'm EVIL‼🔥|Fiery Wrath|p1a: Clodsire
|-damage|p1a: Clodsire|51/100
|cant|p1a: Clodsire|flinch
|
|upkeep
|turn|23
|
|t:|1760870933
|move|p2a: 🔥I'm EVIL‼🔥|Fiery Wrath|p1a: Clodsire
|-damage|p1a: Clodsire|25/100
|move|p1a: Clodsire|Recover|p1a: Clodsire
|-heal|p1a: Clodsire|75/100
|
|upkeep
|turn|24
|
|t:|1760870940
|move|p2a: 🔥I'm EVIL‼🔥|Fiery Wrath|p1a: Clodsire
|-damage|p1a: Clodsire|49/100
|move|p1a: Clodsire|Amnesia|p1a: Clodsire
|-boost|p1a: Clodsire|spd|2
|
|upkeep
|turn|25
|
|t:|1760870947
|move|p2a: 🔥I'm EVIL‼🔥|Fiery Wrath|p1a: Clodsire
|-damage|p1a: Clodsire|35/100
|move|p1a: Clodsire|Recover|p1a: Clodsire
|-heal|p1a: Clodsire|85/100
|
|upkeep
|turn|26
|
|t:|1760870956
|switch|p2a: Battering Ram|Iron Boulder|100/100
|-enditem|p2a: Battering Ram|Booster Energy
|-activate|p2a: Battering Ram|ability: Quark Drive|[fromitem]
|-start|p2a: Battering Ram|quarkdrivespe
|move|p1a: Clodsire|Toxic|p2a: Battering Ram
|-status|p2a: Battering Ram|tox
|
|-damage|p2a: Battering Ram|94/100 tox|[from] psn
|upkeep
|turn|27
|
|t:|1760870966
|switch|p1a: Clefable|Clefable, M|74/100
|move|p2a: Battering Ram|Zen Headbutt|p1a: Clefable
|-damage|p1a: Clefable|44/100
|
|-damage|p2a: Battering Ram|82/100 tox|[from] psn
|-damage|p2a: Battering Ram|69/100 tox|[from] item: Sticky Barb
|upkeep
|turn|28
|
|t:|1760870976
|move|p2a: Battering Ram|Mighty Cleave|p1a: Clefable
|-damage|p1a: Clefable|8/100
|move|p1a: Clefable|Wish|p1a: Clefable
|
|-damage|p2a: Battering Ram|51/100 tox|[from] psn
|-damage|p2a: Battering Ram|38/100 tox|[from] item: Sticky Barb
|upkeep
|turn|29
|
|t:|1760870985
|move|p1a: Clefable|Protect|p1a: Clefable
|-singleturn|p1a: Clefable|Protect
|move|p2a: Battering Ram|Mighty Cleave|p1a: Clefable
|-damage|p1a: Clefable|0 fnt
|faint|p1a: Clefable
|
|-damage|p2a: Battering Ram|13/100 tox|[from] psn
|-damage|p2a: Battering Ram|1/100 tox|[from] item: Sticky Barb
|upkeep
|
|t:|1760870997
|switch|p1a: Alomomola|Alomomola, M, shiny|100/100
|turn|30
|
|t:|1760871001
|move|p2a: Battering Ram|Zen Headbutt|p1a: Alomomola
|-damage|p1a: Alomomola|77/100
|move|p1a: Alomomola|Wish|p1a: Alomomola
|
|-damage|p2a: Battering Ram|0 fnt|[from] psn
|faint|p2a: Battering Ram
|-end|p2a: Battering Ram|Quark Drive|[silent]
|upkeep
|
|t:|1760871005
|switch|p2a: 𝕷 𝖊 𝖌 𝖘|Sandy Shocks|100/100
|turn|31
|
|t:|1760871012
|switch|p1a: Hydrapple|Hydrapple, M|100/100
|move|p2a: 𝕷 𝖊 𝖌 𝖘|Thunderbolt|p1a: Hydrapple
|-resisted|p1a: Hydrapple
|-damage|p1a: Hydrapple|89/100
|
|-heal|p1a: Hydrapple|100/100|[from] move: Wish|[wisher] Alomomola
|upkeep
|turn|32
|
|t:|1760871028
|-end|p2a: 𝕷 𝖊 𝖌 𝖘|Protosynthesis|[silent]
|switch|p2a: Birdbrain|Zapdos-Galar|71/100
|move|p1a: Hydrapple|Fickle Beam|p2a: Birdbrain
|-damage|p2a: Birdbrain|46/100
|
|upkeep
|turn|33
|
|t:|1760871035
|switch|p1a: Alomomola|Alomomola, M, shiny|100/100
|move|p2a: Birdbrain|Brave Bird|p1a: Alomomola
|-damage|p1a: Alomomola|66/100
|-damage|p2a: Birdbrain|29/100|[from] Recoil
|
|upkeep
|turn|34
|
|t:|1760871042
|move|p2a: Birdbrain|Thunderous Kick|p1a: Alomomola
|-damage|p1a: Alomomola|37/100
|-unboost|p1a: Alomomola|def|1
|move|p1a: Alomomola|Flip Turn|p2a: Birdbrain
|-damage|p2a: Birdbrain|10/100
|
|t:|1760871054
|switch|p1a: Hydrapple|Hydrapple, M|100/100|[from] Flip Turn
|
|upkeep
|turn|35
|
|t:|1760871060
|switch|p1a: Alomomola|Alomomola, M, shiny|70/100
|move|p2a: Birdbrain|Brave Bird|p1a: Alomomola
|-damage|p1a: Alomomola|32/100
|-damage|p2a: Birdbrain|0 fnt|[from] Recoil
|faint|p2a: Birdbrain
|
|upkeep
|
|t:|1760871063
|switch|p2a: Here's the kicker|Cinderace, M|37/100
|turn|36
|
|t:|1760871073
|move|p1a: Alomomola|Protect|p1a: Alomomola
|-singleturn|p1a: Alomomola|Protect
|move|p2a: Here's the kicker|High Jump Kick|p1a: Alomomola
|-start|p2a: Here's the kicker|typechange|Fighting|[from] ability: Libero
|-activate|p1a: Alomomola|move: Protect
|-damage|p2a: Here's the kicker|0 fnt|[from] highjumpkick
|faint|p2a: Here's the kicker
|
|upkeep
|
|t:|1760871076
|switch|p2a: 𝕷 𝖊 𝖌 𝖘|Sandy Shocks|100/100
|turn|37
|
|t:|1760871089
|move|p2a: 𝕷 𝖊 𝖌 𝖘|Scorching Sands|p1a: Alomomola
|-damage|p1a: Alomomola|0 fnt
|faint|p1a: Alomomola
|
|upkeep
|
|t:|1760871095
|switch|p1a: Hydrapple|Hydrapple, M|100/100
|turn|38
|
|t:|1760871100
|move|p2a: 𝕷 𝖊 𝖌 𝖘|Scorching Sands|p1a: Hydrapple
|-resisted|p1a: Hydrapple
|-damage|p1a: Hydrapple|85/100
|move|p1a: Hydrapple|Nasty Plot|p1a: Hydrapple
|-boost|p1a: Hydrapple|spa|2
|
|upkeep
|turn|39
|
|t:|1760871107
|move|p2a: 𝕷 𝖊 𝖌 𝖘|Scorching Sands|p1a: Hydrapple
|-resisted|p1a: Hydrapple
|-damage|p1a: Hydrapple|66/100
|-status|p1a: Hydrapple|brn
|move|p1a: Hydrapple|Giga Drain|p2a: 𝕷 𝖊 𝖌 𝖘
|-supereffective|p2a: 𝕷 𝖊 𝖌 𝖘
|-damage|p2a: 𝕷 𝖊 𝖌 𝖘|0 fnt
|-heal|p1a: Hydrapple|100/100 brn|[from] drain|[of] p2a: 𝕷 𝖊 𝖌 𝖘
|faint|p2a: 𝕷 𝖊 𝖌 𝖘
|-end|p2a: 𝕷 𝖊 𝖌 𝖘|Protosynthesis|[silent]
|
|-damage|p1a: Hydrapple|94/100 brn|[from] brn
|upkeep
|
|t:|1760871109
|switch|p2a: 🔥I'm EVIL‼🔥|Moltres-Galar, tera:Poison|100/100
|turn|40
|
|t:|1760871122
|move|p2a: 🔥I'm EVIL‼🔥|Nasty Plot|p2a: 🔥I'm EVIL‼🔥
|-boost|p2a: 🔥I'm EVIL‼🔥|spa|2
|move|p1a: Hydrapple|Earth Power|p2a: 🔥I'm EVIL‼🔥
|-supereffective|p2a: 🔥I'm EVIL‼🔥
|-damage|p2a: 🔥I'm EVIL‼🔥|15/100
|-ability|p2a: 🔥I'm EVIL‼🔥|Berserk|boost
|-boost|p2a: 🔥I'm EVIL‼🔥|spa|1
|-enditem|p2a: 🔥I'm EVIL‼🔥|Sitrus Berry|[eat]
|-heal|p2a: 🔥I'm EVIL‼🔥|40/100|[from] item: Sitrus Berry
|
|-damage|p1a: Hydrapple|88/100 brn|[from] brn
|upkeep
|turn|41
|
|t:|1760871134
|move|p2a: 🔥I'm EVIL‼🔥|Hurricane|p1a: Hydrapple|[miss]
|-miss|p2a: 🔥I'm EVIL‼🔥|p1a: Hydrapple
|move|p1a: Hydrapple|Earth Power|p2a: 🔥I'm EVIL‼🔥
|-supereffective|p2a: 🔥I'm EVIL‼🔥
|-damage|p2a: 🔥I'm EVIL‼🔥|0 fnt
|faint|p2a: 🔥I'm EVIL‼🔥
|
|win|sv ou goatastic
|raw|sv ou goatastic's rating: 1485 &rarr; <strong>1506</strong><br />(+21 for winning)
|raw|AsierX's rating: 1508 &rarr; <strong>1487</strong><br />(-21 for losing)
|l|☆AsierX
|player|p2|
|l|☆sv ou goatastic
|player|p1|
