|j|☆HZRzc
|j|☆jaygo1111
|t:|1760769574
|gametype|singles
|player|p1|HZRzc|cynthia|1127
|player|p2|jaygo1111|drayden|1072
|gen|9
|tier|[Gen 9] OU
|rated|
|rule|HP Percentage Mod: HP is shown in percentages
|rule|Endless Battle Clause: Forcing endless battles is banned
|rule|Species Clause: Limit one of each Pokémon
|rule|OHKO Clause: OHKO moves are banned
|rule|Evasion Items Clause: Evasion items are banned
|rule|Evasion Moves Clause: Evasion moves are banned
|rule|Evasion Abilities Clause: Evasion abilities are banned
|rule|Sleep Moves Clause: Sleep-inducing moves are banned
|clearpoke
|poke|p1|Maushold-Four|
|poke|p1|Garchomp, M|
|poke|p1|Dragapult, M|
|poke|p1|Incineroar, F|
|poke|p1|Tyranitar, F|
|poke|p1|Kommo-o, F|
|poke|p2|Snorlax, M|
|poke|p2|Scizor, F|
|poke|p2|Deoxys-Speed|
|poke|p2|Iron Hands|
|poke|p2|Weezing-Galar, M|
|poke|p2|Alomomola, M|
|teampreview
|inactive|Battle timer is ON: inactive players will automatically lose when time's up. (requested by HZRzc)
|
|t:|1760769599
|teamsize|p1|6
|teamsize|p2|6
|start
|switch|p1a: 我是竹兰小姐的狗！|Garchomp, M, shiny|100/100
|switch|p2a: Deoxys|Deoxys-Speed|100/100
|-ability|p2a: Deoxys|Pressure
|turn|1
|
|t:|1760769613
|-terastallize|p1a: 我是竹兰小姐的狗！|Steel
|move|p2a: Deoxys|Reflect|p2a: Deoxys
|-sidestart|p2: jaygo1111|Reflect
|move|p1a: 我是竹兰小姐的狗！|Scale Shot|p2a: Deoxys
|-damage|p2a: Deoxys|92/100
|-damage|p2a: Deoxys|85/100
|-damage|p2a: Deoxys|77/100
|-damage|p2a: Deoxys|69/100
|-damage|p2a: Deoxys|62/100
|-hitcount|p2a: Deoxys|5
|-unboost|p1a: 我是竹兰小姐的狗！|def|1
|-boost|p1a: 我是竹兰小姐的狗！|spe|1
|
|upkeep
|turn|2
|
|t:|1760769630
|move|p2a: Deoxys|Stealth Rock|p1a: 我是竹兰小姐的狗！
|-sidestart|p1: HZRzc|move: Stealth Rock
|move|p1a: 我是竹兰小姐的狗！|Swords Dance|p1a: 我是竹兰小姐的狗！
|-boost|p1a: 我是竹兰小姐的狗！|atk|2
|
|upkeep
|turn|3
|inactive|jaygo1111 has 120 seconds left.
|
|t:|1760769656
|move|p2a: Deoxys|Future Sight|p1a: 我是竹兰小姐的狗！
|-start|p2a: Deoxys|move: Future Sight
|move|p1a: 我是竹兰小姐的狗！|Swords Dance|p1a: 我是竹兰小姐的狗！
|-boost|p1a: 我是竹兰小姐的狗！|atk|2
|
|upkeep
|turn|4
|
|t:|1760769667
|move|p2a: Deoxys|Light Screen|p2a: Deoxys
|-sidestart|p2: jaygo1111|move: Light Screen
|move|p1a: 我是竹兰小姐的狗！|Swords Dance|p1a: 我是竹兰小姐的狗！
|-boost|p1a: 我是竹兰小姐的狗！|atk|2
|
|upkeep
|turn|5
|
|t:|1760769682
|switch|p2a: Snorlax|Snorlax, M|100/100
|move|p1a: 我是竹兰小姐的狗！|Earthquake|p2a: Snorlax
|-damage|p2a: Snorlax|0 fnt
|faint|p2a: Snorlax
|
|-end|p1a: 我是竹兰小姐的狗！|move: Future Sight
|-resisted|p1a: 我是竹兰小姐的狗！
|-damage|p1a: 我是竹兰小姐的狗！|78/100
|-sideend|p2: jaygo1111|Reflect
|upkeep
|inactive|jaygo1111 has 120 seconds left.
|
|t:|1760769701
|switch|p2a: Iron Hands|Iron Hands|100/100
|-enditem|p2a: Iron Hands|Booster Energy
|-activate|p2a: Iron Hands|ability: Quark Drive|[fromitem]
|-start|p2a: Iron Hands|quarkdriveatk
|turn|6
|inactive|jaygo1111 has 120 seconds left.
|
|t:|1760769707
|move|p2a: Iron Hands|Fake Out|p1a: 我是竹兰小姐的狗！
|-resisted|p1a: 我是竹兰小姐的狗！
|-damage|p1a: 我是竹兰小姐的狗！|61/100
|-damage|p2a: Iron Hands|88/100|[from] ability: Rough Skin|[of] p1a: 我是竹兰小姐的狗！
|cant|p1a: 我是竹兰小姐的狗！|flinch
|
|upkeep
|turn|7
|inactive|jaygo1111 has 120 seconds left.
|
|t:|1760769718
|-terastallize|p2a: Iron Hands|Flying
|move|p1a: 我是竹兰小姐的狗！|Earthquake|p2a: Iron Hands
|-immune|p2a: Iron Hands
|move|p2a: Iron Hands|Drain Punch|p1a: 我是竹兰小姐的狗！
|-supereffective|p1a: 我是竹兰小姐的狗！
|-damage|p1a: 我是竹兰小姐的狗！|0 fnt
|-heal|p2a: Iron Hands|100/100|[from] drain|[of] p1a: 我是竹兰小姐的狗！
|-damage|p2a: Iron Hands|88/100|[from] ability: Rough Skin|[of] p1a: 我是竹兰小姐的狗！
|faint|p1a: 我是竹兰小姐的狗！
|
|upkeep
|
|t:|1760769729
|switch|p1a: Maushold|Maushold-Four|100/100
|-damage|p1a: Maushold|88/100|[from] Stealth Rock
|turn|8
|
|t:|1760769735
|move|p1a: Maushold|Tidy Up|p1a: Maushold
|-sideend|p1: HZRzc|Stealth Rock
|-activate|p1a: Maushold|move: Tidy Up
|-boost|p1a: Maushold|atk|1
|-boost|p1a: Maushold|spe|1
|move|p2a: Iron Hands|Drain Punch|p1a: Maushold
|-supereffective|p1a: Maushold
|-damage|p1a: Maushold|0 fnt
|-heal|p2a: Iron Hands|100/100|[from] drain|[of] p1a: Maushold
|faint|p1a: Maushold
|
|-sideend|p2: jaygo1111|move: Light Screen
|upkeep
|
|t:|1760769747
|switch|p1a: 宇宙第一咆哮虎|Incineroar, F|100/100
|-ability|p1a: 宇宙第一咆哮虎|Intimidate|boost
|-unboost|p2a: Iron Hands|atk|1
|turn|9
|
|t:|1760769753
|move|p1a: 宇宙第一咆哮虎|Parting Shot|p2a: Iron Hands
|-unboost|p2a: Iron Hands|atk|1
|-unboost|p2a: Iron Hands|spa|1
|
|t:|1760769758
|switch|p1a: 嘎子|Dragapult, M, shiny|100/100|[from] Parting Shot
|move|p2a: Iron Hands|Drain Punch|p1a: 嘎子
|-immune|p1a: 嘎子
|
|upkeep
|turn|10
|
|t:|1760769770
|-end|p2a: Iron Hands|Quark Drive|[silent]
|switch|p2a: Deoxys|Deoxys-Speed|62/100
|-ability|p2a: Deoxys|Pressure
|move|p1a: 嘎子|Dragon Dance|p1a: 嘎子
|-boost|p1a: 嘎子|atk|1
|-boost|p1a: 嘎子|spe|1
|
|upkeep
|turn|11
|
|t:|1760769787
|move|p1a: 嘎子|Dragon Darts|p2a: Deoxys
|-damage|p2a: Deoxys|3/100
|-anim|p1a: 嘎子|Dragon Darts|p2a: Deoxys
|-damage|p2a: Deoxys|0 fnt
|faint|p2a: Deoxys
|-damage|p1a: 嘎子|91/100|[from] item: Life Orb
|
|upkeep
|
|t:|1760769795
|switch|p2a: Scizor|Scizor, F|100/100
|turn|12
|
|t:|1760769802
|move|p1a: 嘎子|U-turn|p2a: Scizor
|-resisted|p2a: Scizor
|-damage|p2a: Scizor|79/100
|-damage|p1a: 嘎子|81/100|[from] item: Life Orb
|
|t:|1760769811
|switch|p1a: 宇宙第一咆哮虎|Incineroar, F|100/100|[from] U-turn
|-ability|p1a: 宇宙第一咆哮虎|Intimidate|boost
|-unboost|p2a: Scizor|atk|1
|move|p2a: Scizor|Swords Dance|p2a: Scizor
|-boost|p2a: Scizor|atk|2
|
|-heal|p2a: Scizor|85/100|[from] item: Leftovers
|upkeep
|turn|13
|
|t:|1760769823
|move|p1a: 宇宙第一咆哮虎|Fake Out|p2a: Scizor
|-resisted|p2a: Scizor
|-damage|p2a: Scizor|79/100
|cant|p2a: Scizor|flinch
|
|-heal|p2a: Scizor|85/100|[from] item: Leftovers
|upkeep
|turn|14
|
|t:|1760769827
|move|p2a: Scizor|U-turn|p1a: 宇宙第一咆哮虎
|-damage|p1a: 宇宙第一咆哮虎|47/100
|
|t:|1760769832
|switch|p2a: Alomomola|Alomomola, M|100/100|[from] U-turn
|move|p1a: 宇宙第一咆哮虎|Roar|p2a: Alomomola
|drag|p2a: Weezing|Weezing-Galar, M|100/100
|-ability|p2a: Weezing|Neutralizing Gas
|
|-heal|p1a: 宇宙第一咆哮虎|53/100|[from] item: Leftovers
|upkeep
|turn|15
|
|t:|1760769848
|move|p1a: 宇宙第一咆哮虎|Parting Shot|p2a: Weezing
|-unboost|p2a: Weezing|atk|1
|-unboost|p2a: Weezing|spa|1
|
|t:|1760769856
|switch|p1a: 嘎子|Dragapult, M, shiny|81/100|[from] Parting Shot
|move|p2a: Weezing|Sludge Bomb|p1a: 嘎子
|-resisted|p1a: 嘎子
|-damage|p1a: 嘎子|70/100
|
|upkeep
|turn|16
|
|t:|1760769865
|move|p1a: 嘎子|Dragon Dance|p1a: 嘎子
|-boost|p1a: 嘎子|atk|1
|-boost|p1a: 嘎子|spe|1
|move|p2a: Weezing|Will-O-Wisp|p1a: 嘎子
|-status|p1a: 嘎子|brn
|
|-damage|p1a: 嘎子|64/100 brn|[from] brn
|upkeep
|turn|17
|
|t:|1760769882
|-end|p2a: Weezing|ability: Neutralizing Gas
|switch|p2a: Scizor|Scizor, F|85/100
|move|p1a: 嘎子|U-turn|p2a: Scizor
|-resisted|p2a: Scizor
|-damage|p2a: Scizor|74/100
|-damage|p1a: 嘎子|54/100 brn|[from] item: Life Orb
|
|t:|1760769888
|switch|p1a: Kommo-o|Kommo-o, F|100/100|[from] U-turn
|
|-heal|p2a: Scizor|80/100|[from] item: Leftovers
|upkeep
|turn|18
|
|t:|1760769900
|move|p1a: Kommo-o|Clangorous Soul|p1a: Kommo-o
|-boost|p1a: Kommo-o|atk|1
|-boost|p1a: Kommo-o|def|1
|-boost|p1a: Kommo-o|spa|1
|-boost|p1a: Kommo-o|spd|1
|-boost|p1a: Kommo-o|spe|1
|-damage|p1a: Kommo-o|68/100
|move|p2a: Scizor|Dual Wingbeat|p1a: Kommo-o
|-supereffective|p1a: Kommo-o
|-damage|p1a: Kommo-o|33/100
|-enditem|p1a: Kommo-o|Sitrus Berry|[eat]
|-heal|p1a: Kommo-o|58/100|[from] item: Sitrus Berry
|-supereffective|p1a: Kommo-o
|-crit|p1a: Kommo-o
|-damage|p1a: Kommo-o|0 fnt
|faint|p1a: Kommo-o
|-hitcount|p1: Kommo-o|2
|
|-heal|p2a: Scizor|87/100|[from] item: Leftovers
|upkeep
|
|t:|1760769917
|switch|p1a: 班！|Tyranitar, F|100/100
|-weather|Sandstorm|[from] ability: Sand Stream|[of] p1a: 班！
|turn|19
|
|t:|1760769928
|move|p2a: Scizor|Bullet Punch|p1a: 班！
|-supereffective|p1a: 班！
|-damage|p1a: 班！|48/100
|move|p1a: 班！|Thunder Punch|p2a: Scizor
|-damage|p2a: Scizor|42/100
|
|-weather|Sandstorm|[upkeep]
|-heal|p2a: Scizor|48/100|[from] item: Leftovers
|upkeep
|turn|20
|
|t:|1760769934
|switch|p1a: 宇宙第一咆哮虎|Incineroar, F|53/100
|-ability|p1a: 宇宙第一咆哮虎|Intimidate|boost
|-unboost|p2a: Scizor|atk|1
|move|p2a: Scizor|Bullet Punch|p1a: 宇宙第一咆哮虎
|-resisted|p1a: 宇宙第一咆哮虎
|-damage|p1a: 宇宙第一咆哮虎|43/100
|
|-weather|Sandstorm|[upkeep]
|-damage|p1a: 宇宙第一咆哮虎|37/100|[from] Sandstorm
|-heal|p2a: Scizor|54/100|[from] item: Leftovers
|-heal|p1a: 宇宙第一咆哮虎|43/100|[from] item: Leftovers
|upkeep
|turn|21
|
|t:|1760769941
|move|p2a: Scizor|U-turn|p1a: 宇宙第一咆哮虎
|-damage|p1a: 宇宙第一咆哮虎|22/100
|-message|HZRzc forfeited.
|
|win|jaygo1111
|raw|HZRzc's rating: 1127 &rarr; <strong>1098</strong><br />(-29 for losing)
|raw|jaygo1111's rating: 1072 &rarr; <strong>1106</strong><br />(+34 for winning)
|l|☆HZRzc
|player|p1|
|l|☆jaygo1111
|player|p2|
|j|☆HZRzc
|player|p1|HZRzc|cynthia|
|l|☆HZRzc
|player|p1|
