|j|☆qxzwwzxq
|j|☆AardvarkEmperor
|t:|1760753577
|gametype|singles
|player|p1|qxzwwzxq|101|1384
|player|p2|AardvarkEmperor|lusamine-nihilego|1419
|gen|9
|tier|[Gen 9] OU
|rated|
|rule|HP Percentage Mod: HP is shown in percentages
|rule|Endless Battle Clause: Forcing endless battles is banned
|rule|Species Clause: Limit one of each Pokémon
|rule|OHKO Clause: OHKO moves are banned
|rule|Evasion Items Clause: Evasion items are banned
|rule|Evasion Moves Clause: Evasion moves are banned
|rule|Evasion Abilities Clause: Evasion abilities are banned
|rule|Sleep Moves Clause: Sleep-inducing moves are banned
|clearpoke
|poke|p1|Brute Bonnet|
|poke|p1|Walking Wake|
|poke|p1|Ninetales, F|
|poke|p1|Great Tusk|
|poke|p1|Iron Moth|
|poke|p1|Slither Wing|
|poke|p2|Araquanid, F|
|poke|p2|Raging Bolt|
|poke|p2|Iron Moth|
|poke|p2|Great Tusk|
|poke|p2|Gholdengo|
|poke|p2|Kingambit, F|
|teampreview
|c|☆AardvarkEmperor|gl hf
|inactive|Battle timer is ON: inactive players will automatically lose when time's up. (requested by AardvarkEmperor)
|
|t:|1760753616
|teamsize|p1|6
|teamsize|p2|6
|start
|switch|p1a: Slither Wing|Slither Wing, shiny|100/100
|switch|p2a: Araquanid|Araquanid, F|100/100
|turn|1
|
|t:|1760753624
|move|p1a: Slither Wing|First Impression|p2a: Araquanid
|-damage|p2a: Araquanid|57/100
|move|p2a: Araquanid|Sticky Web|p1a: Slither Wing
|-sidestart|p1: qxzwwzxq|move: Sticky Web
|
|upkeep
|turn|2
|
|t:|1760753640
|switch|p2a: Gholdengo|Gholdengo|100/100
|-item|p2a: Gholdengo|Air Balloon
|move|p1a: Slither Wing|U-turn|p2a: Gholdengo
|-resisted|p2a: Gholdengo
|-damage|p2a: Gholdengo|89/100
|-enditem|p2a: Gholdengo|Air Balloon
|
|t:|1760753649
|-end|p1a: Slither Wing|Protosynthesis|[silent]
|switch|p1a: Great Tusk|Great Tusk, shiny|100/100|[from] U-turn
|
|upkeep
|turn|3
|
|t:|1760753663
|-terastallize|p2a: Gholdengo|Fairy
|move|p1a: Great Tusk|Headlong Rush|p2a: Gholdengo
|-damage|p2a: Gholdengo|18/100
|-unboost|p1a: Great Tusk|def|1
|-unboost|p1a: Great Tusk|spd|1
|move|p2a: Gholdengo|Dazzling Gleam|p1a: Great Tusk
|-supereffective|p1a: Great Tusk
|-damage|p1a: Great Tusk|0 fnt
|faint|p1a: Great Tusk
|-end|p1a: Great Tusk|Protosynthesis|[silent]
|
|upkeep
|
|t:|1760753682
|switch|p1a: Slither Wing|Slither Wing, shiny|100/100
|-activate|p1a: Slither Wing|move: Sticky Web
|-unboost|p1a: Slither Wing|spe|1
|turn|4
|
|t:|1760753693
|switch|p2a: Great Tusk|Great Tusk|100/100
|-enditem|p2a: Great Tusk|Booster Energy
|-activate|p2a: Great Tusk|ability: Protosynthesis|[fromitem]
|-start|p2a: Great Tusk|protosynthesisatk
|move|p1a: Slither Wing|First Impression|p2a: Great Tusk
|-resisted|p2a: Great Tusk
|-damage|p2a: Great Tusk|84/100
|
|upkeep
|turn|5
|
|t:|1760753721
|move|p2a: Great Tusk|Head Smash|p1a: Slither Wing
|-damage|p1a: Slither Wing|6/100
|-damage|p2a: Great Tusk|44/100|[from] Recoil
|move|p1a: Slither Wing|U-turn|p2a: Great Tusk
|-resisted|p2a: Great Tusk
|-damage|p2a: Great Tusk|30/100
|
|t:|1760753743
|-end|p1a: Slither Wing|Protosynthesis|[silent]
|switch|p1a: Ninetales|Ninetales, F, shiny|100/100|[from] U-turn
|-activate|p1a: Ninetales|move: Sticky Web
|-unboost|p1a: Ninetales|spe|1
|-weather|SunnyDay|[from] ability: Drought|[of] p1a: Ninetales
|
|-weather|SunnyDay|[upkeep]
|upkeep
|turn|6
|
|t:|1760753752
|move|p2a: Great Tusk|Headlong Rush|p1a: Ninetales
|-supereffective|p1a: Ninetales
|-damage|p1a: Ninetales|0 fnt
|-unboost|p2a: Great Tusk|def|1
|-unboost|p2a: Great Tusk|spd|1
|faint|p1a: Ninetales
|
|-weather|SunnyDay|[upkeep]
|upkeep
|
|t:|1760753771
|switch|p1a: Slither Wing|Slither Wing, shiny|6/100
|-activate|p1a: Slither Wing|move: Sticky Web
|-unboost|p1a: Slither Wing|spe|1
|-activate|p1a: Slither Wing|ability: Protosynthesis
|-start|p1a: Slither Wing|protosynthesisatk
|turn|7
|
|t:|1760753788
|-end|p2a: Great Tusk|Protosynthesis|[silent]
|switch|p2a: Iron Moth|Iron Moth|100/100
|-enditem|p2a: Iron Moth|Booster Energy
|-activate|p2a: Iron Moth|ability: Quark Drive|[fromitem]
|-start|p2a: Iron Moth|quarkdrivespa
|move|p1a: Slither Wing|First Impression|p2a: Iron Moth
|-resisted|p2a: Iron Moth
|-damage|p2a: Iron Moth|73/100
|
|-weather|SunnyDay|[upkeep]
|upkeep
|turn|8
|
|t:|1760753801
|move|p2a: Iron Moth|Fiery Dance|p1a: Slither Wing
|-supereffective|p1a: Slither Wing
|-damage|p1a: Slither Wing|0 fnt
|-boost|p2a: Iron Moth|spa|1
|faint|p1a: Slither Wing
|-end|p1a: Slither Wing|Protosynthesis|[silent]
|
|-weather|SunnyDay|[upkeep]
|upkeep
|
|t:|1760753806
|switch|p1a: Iron Moth|Iron Moth, shiny|100/100
|-activate|p1a: Iron Moth|move: Sticky Web
|-unboost|p1a: Iron Moth|spe|1
|turn|9
|
|t:|1760753820
|move|p2a: Iron Moth|Psychic|p1a: Iron Moth
|-supereffective|p1a: Iron Moth
|-damage|p1a: Iron Moth|0 fnt
|faint|p1a: Iron Moth
|-end|p1a: Iron Moth|Quark Drive|[silent]
|
|-weather|SunnyDay|[upkeep]
|upkeep
|
|t:|1760753823
|switch|p1a: Walking Wake|Walking Wake|100/100
|-activate|p1a: Walking Wake|move: Sticky Web
|-unboost|p1a: Walking Wake|spe|1
|-activate|p1a: Walking Wake|ability: Protosynthesis
|-start|p1a: Walking Wake|protosynthesisspa
|turn|10
|
|t:|1760753831
|move|p2a: Iron Moth|Sludge Wave|p1a: Walking Wake
|-damage|p1a: Walking Wake|0 fnt
|faint|p1a: Walking Wake
|-end|p1a: Walking Wake|Protosynthesis|[silent]
|
|-weather|SunnyDay|[upkeep]
|upkeep
|
|t:|1760753834
|switch|p1a: Brute Bonnet|Brute Bonnet, shiny|100/100
|-activate|p1a: Brute Bonnet|move: Sticky Web
|-unboost|p1a: Brute Bonnet|spe|1
|-activate|p1a: Brute Bonnet|ability: Protosynthesis
|-start|p1a: Brute Bonnet|protosynthesisdef
|turn|11
|
|t:|1760753843
|move|p1a: Brute Bonnet|Sucker Punch|p2a: Iron Moth
|-damage|p2a: Iron Moth|21/100
|move|p2a: Iron Moth|Fiery Dance|p1a: Brute Bonnet
|-supereffective|p1a: Brute Bonnet
|-damage|p1a: Brute Bonnet|0 fnt
|-boost|p2a: Iron Moth|spa|1
|faint|p1a: Brute Bonnet
|-end|p1a: Brute Bonnet|Protosynthesis|[silent]
|
|win|AardvarkEmperor
|raw|qxzwwzxq's rating: 1384 &rarr; <strong>1366</strong><br />(-18 for losing)
|raw|AardvarkEmperor's rating: 1419 &rarr; <strong>1437</strong><br />(+18 for winning)
|l|☆qxzwwzxq
|player|p1|
