|j|‽theonlydork
|j|☆LT124YH Prav33n
|t:|1760840497
|gametype|singles
|player|p1|theonlydork|1|1774
|player|p2|LT124YH Prav33n|koga|1770
|gen|9
|tier|[Gen 9] OU
|rated|
|rule|HP Percentage Mod: HP is shown in percentages
|rule|Endless Battle Clause: Forcing endless battles is banned
|rule|Species Clause: Limit one of each Pokémon
|rule|OHKO Clause: OHKO moves are banned
|rule|Evasion Items Clause: Evasion items are banned
|rule|Evasion Moves Clause: Evasion moves are banned
|rule|Evasion Abilities Clause: Evasion abilities are banned
|rule|Sleep Moves Clause: Sleep-inducing moves are banned
|clearpoke
|poke|p1|Gholdengo|
|poke|p1|Zamazenta-*|
|poke|p1|Ting-Lu|
|poke|p1|Raging Bolt|
|poke|p1|Rillaboom, M|
|poke|p1|Serperior, M|
|poke|p2|Kingambit, F|
|poke|p2|Samurott-Hisui, M|
|poke|p2|Pecharunt|
|poke|p2|Great Tusk|
|poke|p2|Enamorus, F|
|poke|p2|Ogerpon-Wellspring, F|
|teampreview
|inactive|Battle timer is ON: inactive players will automatically lose when time's up. (requested by LT124YH Prav33n)
|inactive|theonlydork has 120 seconds left.
|
|t:|1760840541
|teamsize|p1|6
|teamsize|p2|6
|start
|switch|p1a: Rillaboom|Rillaboom, M|100/100
|switch|p2a: Pecharunt|Pecharunt|100/100
|-fieldstart|move: Grassy Terrain|[from] ability: Grassy Surge|[of] p1a: Rillaboom
|turn|1
|
|t:|1760840555
|move|p1a: Rillaboom|Knock Off|p2a: Pecharunt
|-supereffective|p2a: Pecharunt
|-damage|p2a: Pecharunt|66/100
|-enditem|p2a: Pecharunt|Heavy-Duty Boots|[from] move: Knock Off|[of] p1a: Rillaboom
|move|p2a: Pecharunt|Malignant Chain|p1a: Rillaboom
|-supereffective|p1a: Rillaboom
|-damage|p1a: Rillaboom|18/100
|
|-heal|p1a: Rillaboom|24/100|[from] Grassy Terrain
|-heal|p2a: Pecharunt|72/100|[from] Grassy Terrain
|upkeep
|turn|2
|
|t:|1760840562
|move|p1a: Rillaboom|U-turn|p2a: Pecharunt
|-resisted|p2a: Pecharunt
|-damage|p2a: Pecharunt|70/100
|
|t:|1760840565
|switch|p1a: Ting-Lu|Ting-Lu|100/100|[from] U-turn
|-ability|p1a: Ting-Lu|Vessel of Ruin
|move|p2a: Pecharunt|Malignant Chain|p1a: Ting-Lu
|-resisted|p1a: Ting-Lu
|-damage|p1a: Ting-Lu|91/100
|-status|p1a: Ting-Lu|tox
|-start|p1a: Ting-Lu|confusion|[from] ability: Poison Puppeteer|[of] p2a: Pecharunt
|
|-heal|p2a: Pecharunt|76/100|[from] Grassy Terrain
|-heal|p1a: Ting-Lu|97/100 tox|[from] Grassy Terrain
|-damage|p1a: Ting-Lu|91/100 tox|[from] psn
|upkeep
|turn|3
|
|t:|1760840569
|switch|p1a: Gholdengo|Gholdengo|100/100
|-item|p1a: Gholdengo|Air Balloon
|move|p2a: Pecharunt|Recover|p2a: Pecharunt
|-heal|p2a: Pecharunt|100/100
|
|upkeep
|turn|4
|
|t:|1760840586
|switch|p1a: Raging Bolt|Raging Bolt|100/100
|switch|p2a: Great Tusk|Great Tusk|100/100
|
|upkeep
|turn|5
|inactive|theonlydork has 120 seconds left.
|
|t:|1760840636
|-end|p2a: Great Tusk|Protosynthesis|[silent]
|switch|p2a: Enamorus|Enamorus, F|100/100
|-terastallize|p1a: Raging Bolt|Fairy
|move|p1a: Raging Bolt|Draco Meteor|p2a: Enamorus
|-immune|p2a: Enamorus
|
|-fieldend|move: Grassy Terrain
|upkeep
|turn|6
|inactive|LT124YH Prav33n has 120 seconds left.
|
|t:|1760840663
|switch|p2a: Great Tusk|Great Tusk|100/100
|move|p1a: Raging Bolt|Thunderbolt|p2a: Great Tusk
|-immune|p2a: Great Tusk
|
|upkeep
|turn|7
|inactive|LT124YH Prav33n has 120 seconds left.
|
|t:|1760840681
|move|p2a: Great Tusk|Headlong Rush|p1a: Raging Bolt
|-damage|p1a: Raging Bolt|48/100
|-unboost|p2a: Great Tusk|def|1
|-unboost|p2a: Great Tusk|spd|1
|move|p1a: Raging Bolt|Draco Meteor|p2a: Great Tusk
|-damage|p2a: Great Tusk|0 fnt
|-unboost|p1a: Raging Bolt|spa|2
|faint|p2a: Great Tusk
|-end|p2a: Great Tusk|Protosynthesis|[silent]
|
|upkeep
|
|t:|1760840687
|switch|p2a: Ogerpon|Ogerpon-Wellspring, F|100/100
|turn|8
|inactive|theonlydork has 120 seconds left.
|
|t:|1760840694
|-end|p1a: Raging Bolt|Protosynthesis|[silent]
|switch|p1a: Rillaboom|Rillaboom, M|24/100
|-fieldstart|move: Grassy Terrain|[from] ability: Grassy Surge|[of] p1a: Rillaboom
|move|p2a: Ogerpon|Swords Dance|p2a: Ogerpon
|-boost|p2a: Ogerpon|atk|2
|
|-heal|p1a: Rillaboom|30/100|[from] Grassy Terrain
|upkeep
|turn|9
|
|t:|1760840697
|move|p1a: Rillaboom|Grassy Glide|p2a: Ogerpon
|-damage|p2a: Ogerpon|48/100
|move|p2a: Ogerpon|Horn Leech|p1a: Rillaboom
|-resisted|p1a: Rillaboom
|-damage|p1a: Rillaboom|0 fnt
|-heal|p2a: Ogerpon|65/100|[from] drain|[of] p1a: Rillaboom
|faint|p1a: Rillaboom
|
|-heal|p2a: Ogerpon|71/100|[from] Grassy Terrain
|upkeep
|
|t:|1760840702
|switch|p1a: Serperior|Serperior, M|100/100
|turn|10
|inactive|LT124YH Prav33n has 120 seconds left.
|
|t:|1760840745
|move|p1a: Serperior|Leaf Storm|p2a: Ogerpon
|-damage|p2a: Ogerpon|0 fnt
|-boost|p1a: Serperior|spa|2
|faint|p2a: Ogerpon
|
|upkeep
|
|t:|1760840747
|switch|p2a: Pecharunt|Pecharunt|100/100
|turn|11
|
|t:|1760840763
|move|p1a: Serperior|Leaf Storm|p2a: Pecharunt
|-resisted|p2a: Pecharunt
|-damage|p2a: Pecharunt|36/100
|-boost|p1a: Serperior|spa|2
|move|p2a: Pecharunt|Malignant Chain|p1a: Serperior
|-supereffective|p1a: Serperior
|-damage|p1a: Serperior|28/100
|-status|p1a: Serperior|tox
|-start|p1a: Serperior|confusion|[from] ability: Poison Puppeteer|[of] p2a: Pecharunt
|
|-heal|p1a: Serperior|34/100 tox|[from] Grassy Terrain
|-heal|p2a: Pecharunt|42/100|[from] Grassy Terrain
|-damage|p1a: Serperior|28/100 tox|[from] psn
|upkeep
|turn|12
|inactive|LT124YH Prav33n has 120 seconds left.
|
|t:|1760840796
|switch|p2a: Enamorus|Enamorus, F|100/100
|-activate|p1a: Serperior|confusion
|move|p1a: Serperior|Leaf Storm|p2a: Enamorus
|-resisted|p2a: Enamorus
|-damage|p2a: Enamorus|0 fnt
|-boost|p1a: Serperior|spa|2
|faint|p2a: Enamorus
|
|-heal|p1a: Serperior|34/100 tox|[from] Grassy Terrain
|-damage|p1a: Serperior|22/100 tox|[from] psn
|-fieldend|move: Grassy Terrain
|upkeep
|
|t:|1760840801
|switch|p2a: Kingambit|Kingambit, F, shiny|100/100
|-activate|p2a: Kingambit|ability: Supreme Overlord
|-start|p2a: Kingambit|fallen3|[silent]
|turn|13
|inactive|theonlydork has 120 seconds left.
|
|t:|1760840837
|move|p2a: Kingambit|Sucker Punch|p1a: Serperior
|-damage|p1a: Serperior|0 fnt
|faint|p1a: Serperior
|
|upkeep
|j| PG Spectating
|
|t:|1760840854
|switch|p1a: Ting-Lu|Ting-Lu|91/100 tox
|-ability|p1a: Ting-Lu|Vessel of Ruin
|turn|14
|j| simplegent
|inactive|LT124YH Prav33n has 120 seconds left.
|
|t:|1760840874
|-terastallize|p2a: Kingambit|Fighting
|move|p1a: Ting-Lu|Earthquake|p2a: Kingambit
|-damage|p2a: Kingambit|67/100
|move|p2a: Kingambit|Swords Dance|p2a: Kingambit
|-boost|p2a: Kingambit|atk|2
|
|-heal|p2a: Kingambit|73/100|[from] item: Leftovers
|-damage|p1a: Ting-Lu|85/100 tox|[from] psn
|upkeep
|turn|15
|inactive|theonlydork has 120 seconds left.
|
|t:|1760840889
|move|p1a: Ting-Lu|Earthquake|p2a: Kingambit
|-damage|p2a: Kingambit|43/100
|move|p2a: Kingambit|Low Kick|p1a: Ting-Lu
|-supereffective|p1a: Ting-Lu
|-damage|p1a: Ting-Lu|0 fnt
|-damage|p2a: Kingambit|26/100|[from] item: Rocky Helmet|[of] p1a: Ting-Lu
|faint|p1a: Ting-Lu
|
|-heal|p2a: Kingambit|32/100|[from] item: Leftovers
|upkeep
|
|t:|1760840895
|switch|p1a: Zamazenta|Zamazenta|100/100
|-ability|p1a: Zamazenta|Dauntless Shield|boost
|-boost|p1a: Zamazenta|def|1
|turn|16
|
|t:|1760840912
|-end|p2a: Kingambit|fallen3|[silent]
|switch|p2a: Pecharunt|Pecharunt|42/100
|move|p1a: Zamazenta|Close Combat|p2a: Pecharunt
|-immune|p2a: Pecharunt
|
|upkeep
|turn|17
|
|t:|1760840917
|move|p1a: Zamazenta|Crunch|p2a: Pecharunt
|-supereffective|p2a: Pecharunt
|-damage|p2a: Pecharunt|6/100
|-damage|p1a: Zamazenta|91/100|[from] item: Life Orb
|move|p2a: Pecharunt|Recover|p2a: Pecharunt
|-heal|p2a: Pecharunt|56/100
|
|upkeep
|turn|18
|
|t:|1760840923
|move|p1a: Zamazenta|Crunch|p2a: Pecharunt
|-supereffective|p2a: Pecharunt
|-damage|p2a: Pecharunt|20/100
|-unboost|p2a: Pecharunt|def|1
|-damage|p1a: Zamazenta|81/100|[from] item: Life Orb
|move|p2a: Pecharunt|Recover|p2a: Pecharunt
|-heal|p2a: Pecharunt|70/100
|
|upkeep
|turn|19
|
|t:|1760840935
|switch|p2a: Kingambit|Kingambit, F, shiny, tera:Fighting|32/100
|-activate|p2a: Kingambit|ability: Supreme Overlord
|-start|p2a: Kingambit|fallen3|[silent]
|move|p1a: Zamazenta|Crunch|p2a: Kingambit
|-resisted|p2a: Kingambit
|-damage|p2a: Kingambit|15/100
|-damage|p1a: Zamazenta|71/100|[from] item: Life Orb
|
|-heal|p2a: Kingambit|22/100|[from] item: Leftovers
|upkeep
|turn|20
|
|t:|1760840944
|move|p1a: Zamazenta|Ice Fang|p2a: Kingambit
|-damage|p2a: Kingambit|0 fnt
|faint|p2a: Kingambit
|-end|p2a: Kingambit|fallen3|[silent]
|-damage|p1a: Zamazenta|61/100|[from] item: Life Orb
|
|upkeep
|
|t:|1760840947
|switch|p2a: Pecharunt|Pecharunt|70/100
|turn|21
|
|t:|1760840961
|switch|p1a: Gholdengo|Gholdengo|100/100
|-item|p1a: Gholdengo|Air Balloon
|move|p2a: Pecharunt|Recover|p2a: Pecharunt
|-heal|p2a: Pecharunt|100/100
|
|upkeep
|turn|22
|l| simplegent
|
|t:|1760840967
|switch|p2a: Samurott|Samurott-Hisui, M, shiny|100/100
|move|p1a: Gholdengo|Shadow Ball|p2a: Samurott
|-resisted|p2a: Samurott
|-damage|p2a: Samurott|87/100
|
|upkeep
|turn|23
|
|t:|1760840976
|switch|p1a: Zamazenta|Zamazenta|61/100
|move|p2a: Samurott|Ceaseless Edge|p1a: Zamazenta
|-resisted|p1a: Zamazenta
|-damage|p1a: Zamazenta|40/100
|-sidestart|p1: theonlydork|Spikes
|
|upkeep
|turn|24
|l| PG Spectating
|inactive|theonlydork has 120 seconds left.
|j| encostoo
|inactive|theonlydork has 90 seconds left.
|
|t:|1760841036
|move|p1a: Zamazenta|Crunch|p2a: Samurott
|-resisted|p2a: Samurott
|-damage|p2a: Samurott|66/100
|-unboost|p2a: Samurott|def|1
|-damage|p1a: Zamazenta|30/100|[from] item: Life Orb
|move|p2a: Samurott|Aqua Cutter|p1a: Zamazenta
|-crit|p1a: Zamazenta
|-damage|p1a: Zamazenta|0 fnt
|faint|p1a: Zamazenta
|
|upkeep
|
|t:|1760841039
|switch|p1a: Raging Bolt|Raging Bolt, tera:Fairy|48/100
|turn|25
|
|t:|1760841050
|move|p2a: Samurott|Ceaseless Edge|p1a: Raging Bolt
|-resisted|p1a: Raging Bolt
|-damage|p1a: Raging Bolt|29/100
|-sidestart|p1: theonlydork|Spikes
|move|p1a: Raging Bolt|Thunderbolt|p2a: Samurott
|-supereffective|p2a: Samurott
|-damage|p2a: Samurott|0 fnt
|faint|p2a: Samurott
|
|upkeep
|
|t:|1760841053
|switch|p2a: Pecharunt|Pecharunt|100/100
|turn|26
|
|t:|1760841078
|move|p1a: Raging Bolt|Thunderclap|p2a: Pecharunt
|-damage|p2a: Pecharunt|62/100
|move|p2a: Pecharunt|Malignant Chain|p1a: Raging Bolt
|-supereffective|p1a: Raging Bolt
|-damage|p1a: Raging Bolt|0 fnt
|faint|p1a: Raging Bolt
|-end|p1a: Raging Bolt|Protosynthesis|[silent]
|
|upkeep
|
|t:|1760841082
|switch|p1a: Gholdengo|Gholdengo|100/100
|-item|p1a: Gholdengo|Air Balloon
|turn|27
|
|t:|1760841084
|move|p1a: Gholdengo|Shadow Ball|p2a: Pecharunt
|-supereffective|p2a: Pecharunt
|-damage|p2a: Pecharunt|0 fnt
|faint|p2a: Pecharunt
|
|win|theonlydork
|raw|theonlydork's rating: 1774 &rarr; <strong>1794</strong><br />(+20 for winning)
|raw|LT124YH Prav33n's rating: 1770 &rarr; <strong>1750</strong><br />(-20 for losing)
|l|☆LT124YH Prav33n
|player|p2|
|l|‽theonlydork
|player|p1|
|l| encostoo
|j| encostoo
