|j|‽Purple Aithen
|j|☆jghfcncmjhgkbn
|t:|1760718742
|gametype|singles
|player|p1|Purple Aithen|elesa|1372
|player|p2|jghfcncmjhgkbn|1|1357
|gen|9
|tier|[Gen 9] OU
|rated|
|rule|HP Percentage Mod: HP is shown in percentages
|rule|Endless Battle Clause: Forcing endless battles is banned
|rule|Species Clause: Limit one of each Pokémon
|rule|OHKO Clause: OHKO moves are banned
|rule|Evasion Items Clause: Evasion items are banned
|rule|Evasion Moves Clause: Evasion moves are banned
|rule|Evasion Abilities Clause: Evasion abilities are banned
|rule|Sleep Moves Clause: Sleep-inducing moves are banned
|clearpoke
|poke|p1|Sinistcha-Masterpiece|
|poke|p1|Conkeldurr, F|
|poke|p1|Mandibuzz, F|
|poke|p1|Ogerpon, F|
|poke|p1|Tyranitar, F|
|poke|p1|Thundurus-Therian, M|
|poke|p2|Pelipper, F|
|poke|p2|Barraskewda, M|
|poke|p2|Zapdos|
|poke|p2|Ogerpon-Wellspring, F|
|poke|p2|Toxicroak, M|
|poke|p2|Iron Treads|
|teampreview
|inactive|Battle timer is ON: inactive players will automatically lose when time's up. (requested by jghfcncmjhgkbn)
|inactive|Purple Aithen also wants the timer to be on.
|
|t:|1760718745
|teamsize|p1|6
|teamsize|p2|6
|start
|switch|p1a: Thundurus|Thundurus-Therian, M, shiny|100/100
|switch|p2a: Pelipper|Pelipper, F|100/100
|-weather|RainDance|[from] ability: Drizzle|[of] p2a: Pelipper
|turn|1
|
|t:|1760718750
|switch|p1a: Conkeldurr|Conkeldurr, F|100/100
|switch|p2a: Iron Treads|Iron Treads|100/100
|
|-weather|RainDance|[upkeep]
|-status|p1a: Conkeldurr|brn|[from] item: Flame Orb
|upkeep
|turn|2
|
|t:|1760718755
|move|p2a: Iron Treads|Volt Switch|p1a: Conkeldurr
|-damage|p1a: Conkeldurr|86/100 brn
|
|t:|1760718758
|-end|p2a: Iron Treads|Quark Drive|[silent]
|switch|p2a: Toxicroak|Toxicroak, M|100/100|[from] Volt Switch
|move|p1a: Conkeldurr|Drain Punch|p2a: Toxicroak
|-resisted|p2a: Toxicroak
|-damage|p2a: Toxicroak|56/100
|-heal|p1a: Conkeldurr|100/100 brn|[from] drain|[of] p2a: Toxicroak
|
|-weather|RainDance|[upkeep]
|-heal|p2a: Toxicroak|69/100|[from] ability: Dry Skin
|-heal|p2a: Toxicroak|75/100|[from] item: Leftovers
|-damage|p1a: Conkeldurr|94/100 brn|[from] brn
|upkeep
|turn|3
|
|t:|1760718762
|move|p2a: Toxicroak|Bulk Up|p2a: Toxicroak
|-boost|p2a: Toxicroak|atk|1
|-boost|p2a: Toxicroak|def|1
|move|p1a: Conkeldurr|Facade|p2a: Toxicroak
|-damage|p2a: Toxicroak|0 fnt
|faint|p2a: Toxicroak
|
|-weather|RainDance|[upkeep]
|-damage|p1a: Conkeldurr|88/100 brn|[from] brn
|upkeep
|
|t:|1760718766
|switch|p2a: Zapdos|Zapdos|100/100
|turn|4
|
|t:|1760718769
|switch|p1a: Tyranitar|Tyranitar, F|100/100
|-weather|Sandstorm|[from] ability: Sand Stream|[of] p1a: Tyranitar
|move|p2a: Zapdos|Hurricane|p1a: Tyranitar|[miss]
|-miss|p2a: Zapdos|p1a: Tyranitar
|
|-weather|Sandstorm|[upkeep]
|-damage|p2a: Zapdos|94/100|[from] Sandstorm
|upkeep
|turn|5
|
|t:|1760718772
|move|p2a: Zapdos|Hurricane|p1a: Tyranitar
|-resisted|p1a: Tyranitar
|-damage|p1a: Tyranitar|89/100
|move|p1a: Tyranitar|Knock Off|p2a: Zapdos
|-damage|p2a: Zapdos|42/100
|-status|p1a: Tyranitar|par|[from] ability: Static|[of] p2a: Zapdos
|-enditem|p2a: Zapdos|Choice Specs|[from] move: Knock Off|[of] p1a: Tyranitar
|
|-weather|Sandstorm|[upkeep]
|-damage|p2a: Zapdos|35/100|[from] Sandstorm
|upkeep
|turn|6
|
|t:|1760718779
|move|p2a: Zapdos|Volt Switch|p1a: Tyranitar
|-damage|p1a: Tyranitar|80/100 par
|
|t:|1760718781
|switch|p2a: Pelipper|Pelipper, F|100/100|[from] Volt Switch
|-weather|RainDance|[from] ability: Drizzle|[of] p2a: Pelipper
|move|p1a: Tyranitar|Knock Off|p2a: Pelipper
|-damage|p2a: Pelipper|69/100
|-enditem|p2a: Pelipper|Damp Rock|[from] move: Knock Off|[of] p1a: Tyranitar
|
|-weather|RainDance|[upkeep]
|upkeep
|turn|7
|
|t:|1760718784
|switch|p1a: Thundurus|Thundurus-Therian, M, shiny|100/100
|move|p2a: Pelipper|Surf|p1a: Thundurus
|-damage|p1a: Thundurus|36/100
|
|-weather|RainDance|[upkeep]
|upkeep
|turn|8
|
|t:|1760718787
|-terastallize|p2a: Pelipper|Ground
|move|p1a: Thundurus|Volt Switch|p2a: Pelipper
|-immune|p2a: Pelipper
|move|p2a: Pelipper|Surf|p1a: Thundurus
|-damage|p1a: Thundurus|0 fnt
|faint|p1a: Thundurus
|
|-weather|RainDance|[upkeep]
|upkeep
|
|t:|1760718790
|switch|p1a: Tyranitar|Tyranitar, F|80/100 par
|-weather|Sandstorm|[from] ability: Sand Stream|[of] p1a: Tyranitar
|turn|9
|
|t:|1760718793
|move|p2a: Pelipper|U-turn|p1a: Tyranitar
|-supereffective|p1a: Tyranitar
|-damage|p1a: Tyranitar|66/100 par
|
|t:|1760718796
|switch|p2a: Iron Treads|Iron Treads|100/100|[from] U-turn
|cant|p1a: Tyranitar|par
|
|-weather|Sandstorm|[upkeep]
|upkeep
|turn|10
|
|t:|1760718799
|switch|p1a: Mandibuzz|Mandibuzz, F|100/100
|move|p2a: Iron Treads|Stealth Rock|p1a: Mandibuzz
|-sidestart|p1: Purple Aithen|move: Stealth Rock
|
|-weather|Sandstorm|[upkeep]
|upkeep
|turn|11
|
|t:|1760718802
|move|p2a: Iron Treads|Volt Switch|p1a: Mandibuzz
|-supereffective|p1a: Mandibuzz
|-damage|p1a: Mandibuzz|82/100
|
|t:|1760718804
|-end|p2a: Iron Treads|Quark Drive|[silent]
|switch|p2a: Pelipper|Pelipper, F, tera:Ground|69/100|[from] Volt Switch
|-weather|RainDance|[from] ability: Drizzle|[of] p2a: Pelipper
|move|p1a: Mandibuzz|Defog|p2a: Pelipper
|-unboost|p2a: Pelipper|evasion|1
|-sideend|p1: Purple Aithen|Stealth Rock|[from] move: Defog|[of] p1a: Mandibuzz
|
|-weather|RainDance|[upkeep]
|upkeep
|turn|12
|
|t:|1760718809
|move|p1a: Mandibuzz|U-turn|p2a: Pelipper
|-damage|p2a: Pelipper|61/100
|
|t:|1760718810
|switch|p1a: Tyranitar|Tyranitar, F|66/100 par|[from] U-turn
|-weather|Sandstorm|[from] ability: Sand Stream|[of] p1a: Tyranitar
|move|p2a: Pelipper|U-turn|p1a: Tyranitar
|-supereffective|p1a: Tyranitar
|-damage|p1a: Tyranitar|53/100 par
|
|t:|1760718815
|switch|p2a: Barraskewda|Barraskewda, M|100/100|[from] U-turn
|
|-weather|Sandstorm|[upkeep]
|-damage|p2a: Barraskewda|94/100|[from] Sandstorm
|upkeep
|turn|13
|
|t:|1760718818
|switch|p1a: Sinistcha|Sinistcha-Masterpiece|100/100
|move|p2a: Barraskewda|Close Combat|p1a: Sinistcha
|-immune|p1a: Sinistcha
|
|-weather|Sandstorm|[upkeep]
|-damage|p2a: Barraskewda|88/100|[from] Sandstorm
|-damage|p1a: Sinistcha|94/100|[from] Sandstorm
|upkeep
|turn|14
|
|t:|1760718823
|switch|p2a: Pelipper|Pelipper, F, tera:Ground|61/100
|-weather|RainDance|[from] ability: Drizzle|[of] p2a: Pelipper
|move|p1a: Sinistcha|Matcha Gotcha|p2a: Pelipper
|-supereffective|p2a: Pelipper
|-damage|p2a: Pelipper|0 fnt
|-heal|p1a: Sinistcha|100/100|[from] drain|[of] p2a: Pelipper
|faint|p2a: Pelipper
|
|-weather|RainDance|[upkeep]
|upkeep
|
|t:|1760718829
|switch|p2a: Zapdos|Zapdos|35/100
|turn|15
|
|t:|1760718834
|switch|p1a: Tyranitar|Tyranitar, F|53/100 par
|-weather|Sandstorm|[from] ability: Sand Stream|[of] p1a: Tyranitar
|move|p2a: Zapdos|Weather Ball|p1a: Tyranitar
|-damage|p1a: Tyranitar|45/100 par
|
|-weather|Sandstorm|[upkeep]
|-damage|p2a: Zapdos|29/100|[from] Sandstorm
|upkeep
|turn|16
|
|t:|1760718840
|move|p2a: Zapdos|Volt Switch|p1a: Tyranitar
|-damage|p1a: Tyranitar|35/100 par
|
|t:|1760718843
|switch|p2a: Iron Treads|Iron Treads|100/100|[from] Volt Switch
|move|p1a: Tyranitar|Knock Off|p2a: Iron Treads
|-damage|p2a: Iron Treads|70/100
|-enditem|p2a: Iron Treads|Heavy-Duty Boots|[from] move: Knock Off|[of] p1a: Tyranitar
|
|-weather|Sandstorm|[upkeep]
|upkeep
|turn|17
|
|t:|1760718846
|-singleturn|p1a: Tyranitar|move: Focus Punch
|move|p2a: Iron Treads|Stealth Rock|p1a: Tyranitar
|-sidestart|p1: Purple Aithen|move: Stealth Rock
|cant|p1a: Tyranitar|par
|
|-weather|Sandstorm|[upkeep]
|upkeep
|turn|18
|
|t:|1760718851
|move|p2a: Iron Treads|Earthquake|p1a: Tyranitar
|-supereffective|p1a: Tyranitar
|-damage|p1a: Tyranitar|0 fnt
|faint|p1a: Tyranitar
|
|-weather|Sandstorm|[upkeep]
|upkeep
|
|t:|1760718854
|switch|p1a: Mandibuzz|Mandibuzz, F|82/100
|-damage|p1a: Mandibuzz|57/100|[from] Stealth Rock
|turn|19
|
|t:|1760718858
|move|p2a: Iron Treads|Volt Switch|p1a: Mandibuzz
|-supereffective|p1a: Mandibuzz
|-damage|p1a: Mandibuzz|37/100
|
|t:|1760718861
|-end|p2a: Iron Treads|Quark Drive|[silent]
|switch|p2a: Zapdos|Zapdos|29/100|[from] Volt Switch
|move|p1a: Mandibuzz|Roost|p1a: Mandibuzz
|-heal|p1a: Mandibuzz|87/100
|-singleturn|p1a: Mandibuzz|move: Roost
|
|-weather|none
|upkeep
|turn|20
|
|t:|1760718865
|move|p2a: Zapdos|Volt Switch|p1a: Mandibuzz
|-supereffective|p1a: Mandibuzz
|-damage|p1a: Mandibuzz|28/100
|
|t:|1760718868
|switch|p2a: Iron Treads|Iron Treads|70/100|[from] Volt Switch
|move|p1a: Mandibuzz|Defog|p2a: Iron Treads
|-unboost|p2a: Iron Treads|evasion|1
|-sideend|p1: Purple Aithen|Stealth Rock|[from] move: Defog|[of] p1a: Mandibuzz
|
|upkeep
|turn|21
|
|t:|1760718873
|move|p2a: Iron Treads|Stealth Rock|p1a: Mandibuzz
|-sidestart|p1: Purple Aithen|move: Stealth Rock
|move|p1a: Mandibuzz|Foul Play|p2a: Iron Treads
|-damage|p2a: Iron Treads|41/100
|
|upkeep
|turn|22
|
|t:|1760718875
|move|p2a: Iron Treads|Volt Switch|p1a: Mandibuzz
|-supereffective|p1a: Mandibuzz
|-damage|p1a: Mandibuzz|11/100
|
|t:|1760718877
|-end|p2a: Iron Treads|Quark Drive|[silent]
|switch|p2a: Zapdos|Zapdos|29/100|[from] Volt Switch
|move|p1a: Mandibuzz|Defog|p2a: Zapdos
|-unboost|p2a: Zapdos|evasion|1
|-sideend|p1: Purple Aithen|Stealth Rock|[from] move: Defog|[of] p1a: Mandibuzz
|
|upkeep
|turn|23
|
|t:|1760718878
|move|p2a: Zapdos|Volt Switch|p1a: Mandibuzz
|-supereffective|p1a: Mandibuzz
|-damage|p1a: Mandibuzz|0 fnt
|faint|p1a: Mandibuzz
|
|t:|1760718880
|switch|p2a: Iron Treads|Iron Treads|41/100|[from] Volt Switch
|
|upkeep
|
|t:|1760718882
|switch|p1a: Conkeldurr|Conkeldurr, F|88/100 brn
|turn|24
|
|t:|1760718886
|move|p1a: Conkeldurr|Mach Punch|p2a: Iron Treads
|-supereffective|p2a: Iron Treads
|-damage|p2a: Iron Treads|0 fnt
|faint|p2a: Iron Treads
|-end|p2a: Iron Treads|Quark Drive|[silent]
|
|-damage|p1a: Conkeldurr|82/100 brn|[from] brn
|upkeep
|
|t:|1760718890
|switch|p2a: Zapdos|Zapdos|29/100
|turn|25
|
|t:|1760718892
|-terastallize|p1a: Conkeldurr|Fighting
|move|p1a: Conkeldurr|Mach Punch|p2a: Zapdos
|-resisted|p2a: Zapdos
|-damage|p2a: Zapdos|1/100
|move|p2a: Zapdos|Hurricane|p1a: Conkeldurr
|-supereffective|p1a: Conkeldurr
|-damage|p1a: Conkeldurr|0 fnt
|faint|p1a: Conkeldurr
|
|upkeep
|
|t:|1760718896
|switch|p1a: Ogerpon|Ogerpon, F|100/100
|turn|26
|
|t:|1760718898
|move|p1a: Ogerpon|Ivy Cudgel|p2a: Zapdos
|-resisted|p2a: Zapdos
|-damage|p2a: Zapdos|0 fnt
|faint|p2a: Zapdos
|
|upkeep
|
|t:|1760718903
|switch|p2a: Ogerpon|Ogerpon-Wellspring, F|100/100
|turn|27
|
|t:|1760718906
|move|p1a: Ogerpon|Ivy Cudgel|p2a: Ogerpon
|-damage|p2a: Ogerpon|32/100
|move|p2a: Ogerpon|Swords Dance|p2a: Ogerpon
|-boost|p2a: Ogerpon|atk|2
|
|upkeep
|turn|28
|
|t:|1760718909
|move|p2a: Ogerpon|U-turn|p1a: Ogerpon
|-supereffective|p1a: Ogerpon
|-enditem|p1a: Ogerpon|Focus Sash
|-damage|p1a: Ogerpon|1/100
|
|t:|1760718912
|switch|p2a: Barraskewda|Barraskewda, M|88/100|[from] U-turn
|move|p1a: Ogerpon|Ivy Cudgel|p2a: Barraskewda
|-supereffective|p2a: Barraskewda
|-damage|p2a: Barraskewda|0 fnt
|faint|p2a: Barraskewda
|
|upkeep
|
|t:|1760718914
|switch|p2a: Ogerpon|Ogerpon-Wellspring, F|32/100
|turn|29
|
|t:|1760718916
|move|p1a: Ogerpon|Ivy Cudgel|p2a: Ogerpon
|-damage|p2a: Ogerpon|0 fnt
|faint|p2a: Ogerpon
|
|win|Purple Aithen
|raw|Purple Aithen's rating: 1372 &rarr; <strong>1391</strong><br />(+19 for winning)
|raw|jghfcncmjhgkbn's rating: 1357 &rarr; <strong>1338</strong><br />(-19 for losing)
|l|☆jghfcncmjhgkbn
|player|p2|
|l|‽Purple Aithen
|player|p1|
