|j|☆player jack
|j|☆bisharp6
|t:|1760765686
|gametype|singles
|player|p1|player jack|roxie|1186
|player|p2|bisharp6|blue|1195
|gen|9
|tier|[Gen 9] OU
|rated|
|rule|HP Percentage Mod: HP is shown in percentages
|rule|Endless Battle Clause: Forcing endless battles is banned
|rule|Species Clause: Limit one of each Pokémon
|rule|OHKO Clause: OHKO moves are banned
|rule|Evasion Items Clause: Evasion items are banned
|rule|Evasion Moves Clause: Evasion moves are banned
|rule|Evasion Abilities Clause: Evasion abilities are banned
|rule|Sleep Moves Clause: Sleep-inducing moves are banned
|clearpoke
|poke|p1|Sandy Shocks|
|poke|p1|Scizor, F|
|poke|p1|Lycanroc-Dusk, F|
|poke|p1|Greninja-*, M|
|poke|p1|Haunter, F|
|poke|p1|Alomomola, F|
|poke|p2|Tinkaton, F|
|poke|p2|Great Tusk|
|poke|p2|Garganacl, M|
|poke|p2|Darkrai|
|poke|p2|Ogerpon-Wellspring, F|
|poke|p2|Dragapult, F|
|teampreview
|inactive|Battle timer is ON: inactive players will automatically lose when time's up. (requested by bisharp6)
|inactive|player jack has 120 seconds left.
|
|t:|1760765725
|teamsize|p1|6
|teamsize|p2|6
|start
|switch|p1a: Scizor|Scizor, F, shiny|100/100
|switch|p2a: Tinkaton|Tinkaton, F|100/100
|-item|p2a: Tinkaton|Air Balloon
|turn|1
|
|t:|1760765731
|switch|p1a: Sandy Shocks|Sandy Shocks, shiny|100/100
|-enditem|p1a: Sandy Shocks|Booster Energy
|-activate|p1a: Sandy Shocks|ability: Protosynthesis|[fromitem]
|-start|p1a: Sandy Shocks|protosynthesisspe
|move|p2a: Tinkaton|Thunder Wave|p1a: Sandy Shocks
|-immune|p1a: Sandy Shocks
|
|upkeep
|turn|2
|
|t:|1760765743
|move|p1a: Sandy Shocks|Stealth Rock|p2a: Tinkaton
|-sidestart|p2: bisharp6|move: Stealth Rock
|move|p2a: Tinkaton|Stealth Rock|p1a: Sandy Shocks
|-sidestart|p1: player jack|move: Stealth Rock
|
|upkeep
|turn|3
|
|t:|1760765755
|move|p1a: Sandy Shocks|Thunderbolt|p2a: Tinkaton
|-damage|p2a: Tinkaton|62/100
|-enditem|p2a: Tinkaton|Air Balloon
|move|p2a: Tinkaton|Encore|p1a: Sandy Shocks
|-start|p1a: Sandy Shocks|Encore
|
|upkeep
|turn|4
|
|t:|1760765763
|switch|p2a: Great Tusk|Great Tusk|100/100
|move|p1a: Sandy Shocks|Thunderbolt|p2a: Great Tusk
|-immune|p2a: Great Tusk
|
|upkeep
|turn|5
|
|t:|1760765778
|-end|p1a: Sandy Shocks|Protosynthesis|[silent]
|switch|p1a: Haunter|Haunter, F, shiny|100/100
|-damage|p1a: Haunter|88/100|[from] Stealth Rock
|move|p2a: Great Tusk|Ice Spinner|p1a: Haunter
|-damage|p1a: Haunter|14/100
|
|upkeep
|turn|6
|
|t:|1760765784
|-terastallize|p1a: Haunter|Fairy
|move|p1a: Haunter|Dazzling Gleam|p2a: Great Tusk
|-supereffective|p2a: Great Tusk
|-damage|p2a: Great Tusk|0 fnt
|faint|p2a: Great Tusk
|-end|p2a: Great Tusk|Protosynthesis|[silent]
|
|upkeep
|
|t:|1760765792
|switch|p2a: Tinkaton|Tinkaton, F|62/100
|-damage|p2a: Tinkaton|56/100|[from] Stealth Rock
|turn|7
|
|t:|1760765804
|switch|p1a: Sandy Shocks|Sandy Shocks, shiny|100/100
|-damage|p1a: Sandy Shocks|94/100|[from] Stealth Rock
|move|p2a: Tinkaton|Gigaton Hammer|p1a: Sandy Shocks
|-resisted|p1a: Sandy Shocks
|-damage|p1a: Sandy Shocks|69/100
|
|upkeep
|turn|8
|inactive|bisharp6 has 120 seconds left.
|
|t:|1760765838
|move|p1a: Sandy Shocks|Earth Power|p2a: Tinkaton
|-supereffective|p2a: Tinkaton
|-damage|p2a: Tinkaton|0 fnt
|faint|p2a: Tinkaton
|
|upkeep
|inactive|bisharp6 has 120 seconds left.
|
|t:|1760765846
|switch|p2a: Darkrai|Darkrai|100/100
|-damage|p2a: Darkrai|88/100|[from] Stealth Rock
|turn|9
|
|t:|1760765851
|move|p2a: Darkrai|Ice Beam|p1a: Sandy Shocks
|-supereffective|p1a: Sandy Shocks
|-damage|p1a: Sandy Shocks|0 fnt
|faint|p1a: Sandy Shocks
|-end|p1a: Sandy Shocks|Protosynthesis|[silent]
|-damage|p2a: Darkrai|78/100|[from] item: Life Orb
|
|upkeep
|
|t:|1760765856
|switch|p1a: Haunter|Haunter, F, shiny, tera:Fairy|14/100
|-damage|p1a: Haunter|1/100|[from] Stealth Rock
|turn|10
|
|t:|1760765871
|move|p1a: Haunter|Dazzling Gleam|p2a: Darkrai
|-supereffective|p2a: Darkrai
|-damage|p2a: Darkrai|0 fnt
|faint|p2a: Darkrai
|
|upkeep
|inactive|bisharp6 has 120 seconds left.
|
|t:|1760765890
|switch|p2a: Garganacl|Garganacl, M|100/100
|-damage|p2a: Garganacl|88/100|[from] Stealth Rock
|turn|11
|
|t:|1760765893
|move|p1a: Haunter|Dazzling Gleam|p2a: Garganacl
|-damage|p2a: Garganacl|58/100
|move|p2a: Garganacl|Salt Cure|p1a: Haunter
|-damage|p1a: Haunter|0 fnt
|faint|p1a: Haunter
|
|-heal|p2a: Garganacl|64/100|[from] item: Leftovers
|upkeep
|
|t:|1760765898
|switch|p1a: Lycanroc|Lycanroc-Dusk, F, shiny|100/100
|-damage|p1a: Lycanroc|88/100|[from] Stealth Rock
|turn|12
|
|t:|1760765911
|move|p1a: Lycanroc|Close Combat|p2a: Garganacl
|-supereffective|p2a: Garganacl
|-damage|p2a: Garganacl|0 fnt
|-unboost|p1a: Lycanroc|def|1
|-unboost|p1a: Lycanroc|spd|1
|faint|p2a: Garganacl
|
|upkeep
|inactive|bisharp6 has 120 seconds left.
|
|t:|1760765936
|switch|p2a: Dragapult|Dragapult, F|100/100
|-damage|p2a: Dragapult|88/100|[from] Stealth Rock
|turn|13
|
|t:|1760765939
|move|p1a: Lycanroc|Accelerock|p2a: Dragapult
|-damage|p2a: Dragapult|47/100
|move|p2a: Dragapult|Dragon Dance|p2a: Dragapult
|-boost|p2a: Dragapult|atk|1
|-boost|p2a: Dragapult|spe|1
|
|upkeep
|turn|14
|
|t:|1760765944
|move|p1a: Lycanroc|Accelerock|p2a: Dragapult
|-damage|p2a: Dragapult|5/100
|move|p2a: Dragapult|Dragon Darts|p1a: Lycanroc
|-damage|p1a: Lycanroc|0 fnt
|faint|p1a: Lycanroc
|-damage|p2a: Dragapult|0 fnt|[from] item: Life Orb
|faint|p2a: Dragapult
|
|upkeep
|
|t:|1760765950
|switch|p2a: Ogerpon|Ogerpon-Wellspring, F|100/100
|switch|p1a: Scizor|Scizor, F, shiny|100/100
|-damage|p2a: Ogerpon|88/100|[from] Stealth Rock
|-damage|p1a: Scizor|88/100|[from] Stealth Rock
|turn|15
|
|t:|1760765963
|-terastallize|p2a: Ogerpon|Water
|detailschange|p2a: Ogerpon|Ogerpon-Wellspring-Tera, F, tera:Water
|-ability|p2a: Ogerpon|Embody Aspect (Wellspring)|boost
|-boost|p2a: Ogerpon|spd|1
|move|p2a: Ogerpon|Swords Dance|p2a: Ogerpon
|-boost|p2a: Ogerpon|atk|2
|move|p1a: Scizor|U-turn|p2a: Ogerpon
|-damage|p2a: Ogerpon|8/100
|
|t:|1760765969
|switch|p1a: Greninja|Greninja, M|100/100|[from] U-turn
|-damage|p1a: Greninja|88/100|[from] Stealth Rock
|
|upkeep
|turn|16
|
|t:|1760765980
|move|p1a: Greninja|Dark Pulse|p2a: Ogerpon
|-damage|p2a: Ogerpon|0 fnt
|faint|p2a: Ogerpon
|detailschange|p2: Ogerpon|Ogerpon-Wellspring, F|[silent]
|-damage|p1a: Greninja|78/100|[from] item: Life Orb
|
|win|player jack
|raw|player jack's rating: 1186 &rarr; <strong>1212</strong><br />(+26 for winning)
|raw|bisharp6's rating: 1195 &rarr; <strong>1169</strong><br />(-26 for losing)
|l|☆player jack
|player|p1|
|l|☆bisharp6
|player|p2|
|j|☆bisharp6
|player|p2|bisharp6|blue|
|l|☆bisharp6
|player|p2|
