|j|☆rivnarrex
|j|‽OehtWasHere
|t:|1760722449
|gametype|singles
|player|p1|rivnarrex|benga|1686
|player|p2|OehtWasHere|chase|1741
|gen|9
|tier|[Gen 9] OU
|rated|
|rule|HP Percentage Mod: HP is shown in percentages
|rule|Endless Battle Clause: Forcing endless battles is banned
|rule|Species Clause: Limit one of each Pokémon
|rule|OHKO Clause: OHKO moves are banned
|rule|Evasion Items Clause: Evasion items are banned
|rule|Evasion Moves Clause: Evasion moves are banned
|rule|Evasion Abilities Clause: Evasion abilities are banned
|rule|Sleep Moves Clause: Sleep-inducing moves are banned
|clearpoke
|poke|p1|Samurott-Hisui, F|
|poke|p1|Gholdengo|
|poke|p1|Iron Treads|
|poke|p1|Moltres|
|poke|p1|Sinistcha|
|poke|p1|Ting-Lu|
|poke|p2|Deoxys-Speed|
|poke|p2|Maushold|
|poke|p2|Iron Crown|
|poke|p2|Ceruledge, F|
|poke|p2|Great Tusk|
|poke|p2|Dragonite, M|
|teampreview
|inactive|Battle timer is ON: inactive players will automatically lose when time's up. (requested by OehtWasHere)
|j| roarcat
|
|t:|1760722465
|teamsize|p1|6
|teamsize|p2|6
|start
|switch|p1a: Gholdengo|Gholdengo|100/100
|switch|p2a: Deoxys|Deoxys-Speed|100/100
|-ability|p2a: Deoxys|Pressure
|turn|1
|
|t:|1760722467
|move|p2a: Deoxys|Light Screen|p2a: Deoxys
|-sidestart|p2: OehtWasHere|move: Light Screen
|move|p1a: Gholdengo|Make It Rain|p2a: Deoxys
|-damage|p2a: Deoxys|48/100
|-unboost|p1a: Gholdengo|spa|1
|
|upkeep
|turn|2
|
|t:|1760722473
|move|p2a: Deoxys|Reflect|p2a: Deoxys
|-sidestart|p2: OehtWasHere|Reflect
|move|p1a: Gholdengo|Nasty Plot|p1a: Gholdengo
|-boost|p1a: Gholdengo|spa|2
|
|upkeep
|turn|3
|
|t:|1760722478
|move|p2a: Deoxys|Psycho Boost|p1a: Gholdengo
|-resisted|p1a: Gholdengo
|-damage|p1a: Gholdengo|71/100
|-unboost|p2a: Deoxys|spa|2
|move|p1a: Gholdengo|Nasty Plot|p1a: Gholdengo
|-boost|p1a: Gholdengo|spa|2
|
|upkeep
|turn|4
|
|t:|1760722481
|move|p2a: Deoxys|Psycho Boost|p1a: Gholdengo
|-resisted|p1a: Gholdengo
|-damage|p1a: Gholdengo|58/100
|-unboost|p2a: Deoxys|spa|2
|move|p1a: Gholdengo|Nasty Plot|p1a: Gholdengo
|-boost|p1a: Gholdengo|spa|2
|
|upkeep
|turn|5
|
|t:|1760722484
|move|p2a: Deoxys|Psycho Boost|p1a: Gholdengo
|-resisted|p1a: Gholdengo
|-damage|p1a: Gholdengo|49/100
|-unboost|p2a: Deoxys|spa|2
|move|p1a: Gholdengo|Recover|p1a: Gholdengo
|-heal|p1a: Gholdengo|99/100
|
|upkeep
|turn|6
|
|t:|1760722493
|move|p2a: Deoxys|Psycho Boost|p1a: Gholdengo
|-resisted|p1a: Gholdengo
|-damage|p1a: Gholdengo|92/100
|move|p1a: Gholdengo|Nasty Plot|p1a: Gholdengo
|-boost|p1a: Gholdengo|spa|1
|
|upkeep
|turn|7
|
|t:|1760722505
|switch|p2a: Great Tusk|Great Tusk|100/100
|-enditem|p2a: Great Tusk|Booster Energy
|-activate|p2a: Great Tusk|ability: Protosynthesis|[fromitem]
|-start|p2a: Great Tusk|protosynthesisspe
|move|p1a: Gholdengo|Recover|p1a: Gholdengo
|-heal|p1a: Gholdengo|100/100
|
|upkeep
|turn|8
|
|t:|1760722511
|move|p2a: Great Tusk|Headlong Rush|p1a: Gholdengo
|-supereffective|p1a: Gholdengo
|-damage|p1a: Gholdengo|0 fnt
|-unboost|p2a: Great Tusk|def|1
|-unboost|p2a: Great Tusk|spd|1
|faint|p1a: Gholdengo
|
|-sideend|p2: OehtWasHere|move: Light Screen
|upkeep
|
|t:|1760722518
|switch|p1a: Samurott|Samurott-Hisui, F|100/100
|turn|9
|
|t:|1760722529
|move|p2a: Great Tusk|Bulk Up|p2a: Great Tusk
|-boost|p2a: Great Tusk|atk|1
|-boost|p2a: Great Tusk|def|1
|move|p1a: Samurott|Razor Shell|p2a: Great Tusk
|-supereffective|p2a: Great Tusk
|-damage|p2a: Great Tusk|71/100
|-unboost|p2a: Great Tusk|def|1
|
|-sideend|p2: OehtWasHere|Reflect
|upkeep
|turn|10
|
|t:|1760722544
|switch|p1a: Sinistcha|Sinistcha|100/100
|move|p2a: Great Tusk|Bulk Up|p2a: Great Tusk
|-boost|p2a: Great Tusk|atk|1
|-boost|p2a: Great Tusk|def|1
|
|upkeep
|turn|11
|
|t:|1760722549
|move|p2a: Great Tusk|Head Smash|p1a: Sinistcha
|-damage|p1a: Sinistcha|40/100
|-damage|p2a: Great Tusk|47/100|[from] Recoil
|move|p1a: Sinistcha|Matcha Gotcha|p2a: Great Tusk
|-supereffective|p2a: Great Tusk
|-damage|p2a: Great Tusk|0 fnt
|-heal|p1a: Sinistcha|69/100|[from] drain|[of] p2a: Great Tusk
|faint|p2a: Great Tusk
|-end|p2a: Great Tusk|Protosynthesis|[silent]
|
|upkeep
|
|t:|1760722562
|switch|p2a: Deoxys|Deoxys-Speed|48/100
|-ability|p2a: Deoxys|Pressure
|turn|12
|
|t:|1760722565
|move|p2a: Deoxys|Light Screen|p2a: Deoxys
|-sidestart|p2: OehtWasHere|move: Light Screen
|move|p1a: Sinistcha|Calm Mind|p1a: Sinistcha
|-boost|p1a: Sinistcha|spa|1
|-boost|p1a: Sinistcha|spd|1
|
|upkeep
|turn|13
|
|t:|1760722568
|move|p2a: Deoxys|Taunt|p1a: Sinistcha
|-start|p1a: Sinistcha|move: Taunt
|cant|p1a: Sinistcha|move: Taunt|Strength Sap
|
|upkeep
|turn|14
|
|t:|1760722572
|switch|p1a: Samurott|Samurott-Hisui, F|100/100
|move|p2a: Deoxys|Reflect|p2a: Deoxys
|-sidestart|p2: OehtWasHere|Reflect
|
|upkeep
|turn|15
|
|t:|1760722579
|switch|p2a: Iron Crown|Iron Crown|100/100
|-enditem|p2a: Iron Crown|Booster Energy
|-activate|p2a: Iron Crown|ability: Quark Drive|[fromitem]
|-start|p2a: Iron Crown|quarkdrivespe
|move|p1a: Samurott|Ceaseless Edge|p2a: Iron Crown
|-supereffective|p2a: Iron Crown
|-damage|p2a: Iron Crown|57/100
|-sidestart|p2: OehtWasHere|Spikes
|
|upkeep
|turn|16
|
|t:|1760722588
|move|p2a: Iron Crown|Calm Mind|p2a: Iron Crown
|-boost|p2a: Iron Crown|spa|1
|-boost|p2a: Iron Crown|spd|1
|move|p1a: Samurott|Ceaseless Edge|p2a: Iron Crown
|-supereffective|p2a: Iron Crown
|-damage|p2a: Iron Crown|11/100
|-sidestart|p2: OehtWasHere|Spikes
|
|upkeep
|turn|17
|
|t:|1760722591
|move|p2a: Iron Crown|Focus Blast|p1a: Samurott
|-supereffective|p1a: Samurott
|-damage|p1a: Samurott|0 fnt
|faint|p1a: Samurott
|
|upkeep
|
|t:|1760722596
|switch|p1a: Ting-Lu|Ting-Lu|100/100
|-ability|p1a: Ting-Lu|Vessel of Ruin
|turn|18
|
|t:|1760722600
|move|p2a: Iron Crown|Focus Blast|p1a: Ting-Lu
|-supereffective|p1a: Ting-Lu
|-damage|p1a: Ting-Lu|56/100
|-unboost|p1a: Ting-Lu|spd|1
|move|p1a: Ting-Lu|Whirlwind|p2a: Iron Crown
|-end|p2a: Iron Crown|Quark Drive|[silent]
|drag|p2a: Deoxys|Deoxys-Speed|48/100
|-damage|p2a: Deoxys|31/100|[from] Spikes
|-ability|p2a: Deoxys|Pressure
|
|-heal|p1a: Ting-Lu|62/100|[from] item: Leftovers
|upkeep
|turn|19
|
|t:|1760722607
|move|p2a: Deoxys|Taunt|p1a: Ting-Lu
|-start|p1a: Ting-Lu|move: Taunt
|cant|p1a: Ting-Lu|move: Taunt|Stealth Rock
|
|-heal|p1a: Ting-Lu|69/100|[from] item: Leftovers
|-sideend|p2: OehtWasHere|move: Light Screen
|upkeep
|turn|20
|
|t:|1760722613
|move|p2a: Deoxys|Light Screen|p2a: Deoxys
|-sidestart|p2: OehtWasHere|move: Light Screen
|move|p1a: Ting-Lu|Ruination|p2a: Deoxys
|-damage|p2a: Deoxys|16/100
|
|-heal|p1a: Ting-Lu|75/100|[from] item: Leftovers
|upkeep
|turn|21
|
|t:|1760722616
|switch|p2a: Maushold|Maushold|100/100
|-damage|p2a: Maushold|84/100|[from] Spikes
|move|p1a: Ting-Lu|Earthquake|p2a: Maushold
|-damage|p2a: Maushold|54/100
|
|-heal|p1a: Ting-Lu|81/100|[from] item: Leftovers
|-end|p1a: Ting-Lu|move: Taunt
|-sideend|p2: OehtWasHere|Reflect
|upkeep
|turn|22
|
|t:|1760722629
|move|p2a: Maushold|Tidy Up|p2a: Maushold
|-sideend|p2: OehtWasHere|Spikes
|-activate|p2a: Maushold|move: Tidy Up
|-boost|p2a: Maushold|atk|1
|-boost|p2a: Maushold|spe|1
|move|p1a: Ting-Lu|Earthquake|p2a: Maushold
|-damage|p2a: Maushold|0 fnt
|faint|p2a: Maushold
|
|-heal|p1a: Ting-Lu|87/100|[from] item: Leftovers
|upkeep
|
|t:|1760722633
|switch|p2a: Deoxys|Deoxys-Speed|16/100
|-ability|p2a: Deoxys|Pressure
|turn|23
|
|t:|1760722649
|move|p2a: Deoxys|Taunt|p1a: Ting-Lu
|-start|p1a: Ting-Lu|move: Taunt
|move|p1a: Ting-Lu|Earthquake|p2a: Deoxys
|-damage|p2a: Deoxys|0 fnt
|faint|p2a: Deoxys
|
|-heal|p1a: Ting-Lu|93/100|[from] item: Leftovers
|upkeep
|
|t:|1760722651
|switch|p2a: Iron Crown|Iron Crown|11/100
|turn|24
|
|t:|1760722657
|move|p2a: Iron Crown|Focus Blast|p1a: Ting-Lu|[miss]
|-miss|p2a: Iron Crown|p1a: Ting-Lu
|move|p1a: Ting-Lu|Earthquake|p2a: Iron Crown
|-supereffective|p2a: Iron Crown
|-damage|p2a: Iron Crown|0 fnt
|faint|p2a: Iron Crown
|-end|p2a: Iron Crown|Quark Drive|[silent]
|
|-heal|p1a: Ting-Lu|99/100|[from] item: Leftovers
|upkeep
|
|t:|1760722664
|switch|p2a: Dragonite|Dragonite, M|100/100
|turn|25
|
|t:|1760722671
|move|p2a: Dragonite|Dragon Dance|p2a: Dragonite
|-boost|p2a: Dragonite|atk|1
|-boost|p2a: Dragonite|spe|1
|move|p1a: Ting-Lu|Ruination|p2a: Dragonite
|-damage|p2a: Dragonite|51/100
|
|-heal|p1a: Ting-Lu|100/100|[from] item: Leftovers
|-end|p1a: Ting-Lu|move: Taunt
|upkeep
|turn|26
|
|t:|1760722679
|move|p2a: Dragonite|Earthquake|p1a: Ting-Lu
|-damage|p1a: Ting-Lu|70/100
|move|p1a: Ting-Lu|Whirlwind|p2a: Dragonite
|drag|p2a: Ceruledge|Ceruledge, F|100/100
|
|-heal|p1a: Ting-Lu|76/100|[from] item: Leftovers
|upkeep
|turn|27
|
|t:|1760722686
|switch|p2a: Dragonite|Dragonite, M|51/100
|move|p1a: Ting-Lu|Stealth Rock|p2a: Dragonite
|-sidestart|p2: OehtWasHere|move: Stealth Rock
|
|-heal|p1a: Ting-Lu|82/100|[from] item: Leftovers
|-sideend|p2: OehtWasHere|move: Light Screen
|upkeep
|turn|28
|
|t:|1760722693
|switch|p1a: Moltres|Moltres|100/100
|move|p2a: Dragonite|Earthquake|p1a: Moltres
|-immune|p1a: Moltres
|
|upkeep
|turn|29
|
|t:|1760722696
|move|p2a: Dragonite|Extreme Speed|p1a: Moltres
|-damage|p1a: Moltres|82/100
|move|p1a: Moltres|Will-O-Wisp|p2a: Dragonite
|-status|p2a: Dragonite|brn
|-enditem|p2a: Dragonite|Lum Berry|[eat]
|-curestatus|p2a: Dragonite|brn|[msg]
|
|upkeep
|turn|30
|
|t:|1760722707
|move|p2a: Dragonite|Earthquake|p1a: Moltres
|-immune|p1a: Moltres
|move|p1a: Moltres|Will-O-Wisp|p2a: Dragonite
|-status|p2a: Dragonite|brn
|
|-damage|p2a: Dragonite|44/100 brn|[from] brn
|upkeep
|turn|31
|
|t:|1760722714
|move|p2a: Dragonite|Earthquake|p1a: Moltres
|-immune|p1a: Moltres
|move|p1a: Moltres|Flamethrower|p2a: Dragonite
|-resisted|p2a: Dragonite
|-damage|p2a: Dragonite|23/100 brn
|
|-damage|p2a: Dragonite|17/100 brn|[from] brn
|upkeep
|turn|32
|
|t:|1760722725
|move|p2a: Dragonite|Extreme Speed|p1a: Moltres
|-damage|p1a: Moltres|72/100
|move|p1a: Moltres|U-turn|p2a: Dragonite
|-resisted|p2a: Dragonite
|-damage|p2a: Dragonite|9/100 brn
|
|t:|1760722738
|switch|p1a: Iron Treads|Iron Treads|100/100|[from] U-turn
|
|-damage|p2a: Dragonite|2/100 brn|[from] brn
|upkeep
|turn|33
|
|t:|1760722745
|move|p1a: Iron Treads|Knock Off|p2a: Dragonite
|-damage|p2a: Dragonite|0 fnt
|faint|p2a: Dragonite
|
|upkeep
|
|t:|1760722747
|switch|p2a: Ceruledge|Ceruledge, F|100/100
|-damage|p2a: Ceruledge|76/100|[from] Stealth Rock
|turn|34
|
|t:|1760722757
|-terastallize|p2a: Ceruledge|Bug
|move|p1a: Iron Treads|Knock Off|p2a: Ceruledge
|-damage|p2a: Ceruledge|37/100
|-enditem|p2a: Ceruledge|Covert Cloak|[from] move: Knock Off|[of] p1a: Iron Treads
|move|p2a: Ceruledge|Bulk Up|p2a: Ceruledge
|-boost|p2a: Ceruledge|atk|1
|-boost|p2a: Ceruledge|def|1
|
|upkeep
|turn|35
|
|t:|1760722760
|-end|p1a: Iron Treads|Quark Drive|[silent]
|switch|p1a: Sinistcha|Sinistcha|69/100
|move|p2a: Ceruledge|Bitter Blade|p1a: Sinistcha
|-supereffective|p1a: Sinistcha
|-damage|p1a: Sinistcha|13/100
|-heal|p2a: Ceruledge|69/100|[from] drain|[of] p1a: Sinistcha
|
|upkeep
|turn|36
|
|t:|1760722763
|move|p2a: Ceruledge|Bitter Blade|p1a: Sinistcha
|-supereffective|p1a: Sinistcha
|-damage|p1a: Sinistcha|0 fnt
|-heal|p2a: Ceruledge|77/100|[from] drain|[of] p1a: Sinistcha
|faint|p1a: Sinistcha
|
|upkeep
|
|t:|1760722769
|switch|p1a: Ting-Lu|Ting-Lu|82/100
|-ability|p1a: Ting-Lu|Vessel of Ruin
|turn|37
|
|t:|1760722775
|-terastallize|p1a: Ting-Lu|Water
|move|p2a: Ceruledge|Bitter Blade|p1a: Ting-Lu
|-resisted|p1a: Ting-Lu
|-damage|p1a: Ting-Lu|61/100
|-heal|p2a: Ceruledge|95/100|[from] drain|[of] p1a: Ting-Lu
|move|p1a: Ting-Lu|Ruination|p2a: Ceruledge
|-damage|p2a: Ceruledge|48/100
|
|-heal|p1a: Ting-Lu|67/100|[from] item: Leftovers
|upkeep
|turn|38
|
|t:|1760722785
|move|p2a: Ceruledge|Bulk Up|p2a: Ceruledge
|-boost|p2a: Ceruledge|atk|1
|-boost|p2a: Ceruledge|def|1
|move|p1a: Ting-Lu|Ruination|p2a: Ceruledge
|-damage|p2a: Ceruledge|24/100
|
|-heal|p1a: Ting-Lu|74/100|[from] item: Leftovers
|upkeep
|turn|39
|
|t:|1760722789
|move|p2a: Ceruledge|Bitter Blade|p1a: Ting-Lu
|-resisted|p1a: Ting-Lu
|-damage|p1a: Ting-Lu|48/100
|-heal|p2a: Ceruledge|46/100|[from] drain|[of] p1a: Ting-Lu
|move|p1a: Ting-Lu|Ruination|p2a: Ceruledge
|-damage|p2a: Ceruledge|23/100
|
|-heal|p1a: Ting-Lu|54/100|[from] item: Leftovers
|upkeep
|turn|40
|
|t:|1760722799
|move|p2a: Ceruledge|Bitter Blade|p1a: Ting-Lu
|-resisted|p1a: Ting-Lu
|-damage|p1a: Ting-Lu|28/100
|-heal|p2a: Ceruledge|46/100|[from] drain|[of] p1a: Ting-Lu
|move|p1a: Ting-Lu|Ruination|p2a: Ceruledge
|-damage|p2a: Ceruledge|23/100
|
|-heal|p1a: Ting-Lu|34/100|[from] item: Leftovers
|upkeep
|turn|41
|
|t:|1760722809
|move|p2a: Ceruledge|Bulk Up|p2a: Ceruledge
|-boost|p2a: Ceruledge|atk|1
|-boost|p2a: Ceruledge|def|1
|move|p1a: Ting-Lu|Ruination|p2a: Ceruledge
|-damage|p2a: Ceruledge|12/100
|
|-heal|p1a: Ting-Lu|41/100|[from] item: Leftovers
|upkeep
|turn|42
|
|t:|1760722815
|move|p2a: Ceruledge|Bitter Blade|p1a: Ting-Lu
|-resisted|p1a: Ting-Lu
|-damage|p1a: Ting-Lu|6/100
|-heal|p2a: Ceruledge|41/100|[from] drain|[of] p1a: Ting-Lu
|move|p1a: Ting-Lu|Ruination|p2a: Ceruledge
|-damage|p2a: Ceruledge|21/100
|
|-heal|p1a: Ting-Lu|12/100|[from] item: Leftovers
|upkeep
|turn|43
|
|t:|1760722823
|move|p2a: Ceruledge|Bitter Blade|p1a: Ting-Lu
|-resisted|p1a: Ting-Lu
|-damage|p1a: Ting-Lu|0 fnt
|-heal|p2a: Ceruledge|31/100|[from] drain|[of] p1a: Ting-Lu
|faint|p1a: Ting-Lu
|
|upkeep
|
|t:|1760722827
|switch|p1a: Iron Treads|Iron Treads|100/100
|turn|44
|
|t:|1760722834
|move|p1a: Iron Treads|Earthquake|p2a: Ceruledge
|-resisted|p2a: Ceruledge
|-damage|p2a: Ceruledge|18/100
|move|p2a: Ceruledge|Bitter Blade|p1a: Iron Treads
|-supereffective|p1a: Iron Treads
|-damage|p1a: Iron Treads|0 fnt
|-heal|p2a: Ceruledge|72/100|[from] drain|[of] p1a: Iron Treads
|faint|p1a: Iron Treads
|-end|p1a: Iron Treads|Quark Drive|[silent]
|
|upkeep
|-message|rivnarrex forfeited.
|
|win|OehtWasHere
|raw|rivnarrex's rating: 1686 &rarr; <strong>1669</strong><br />(-17 for losing)
|raw|OehtWasHere's rating: 1741 &rarr; <strong>1758</strong><br />(+17 for winning)
|l|☆rivnarrex
|player|p1|
|l|‽OehtWasHere
|player|p2|
