|j|☆nwpl23
|j|☆4urelius_Ghastz
|t:|1760780593
|gametype|singles
|player|p1|nwpl23|266|1268
|player|p2|4urelius_Ghastz|li|1265
|gen|9
|tier|[Gen 9] OU
|rated|
|rule|HP Percentage Mod: HP is shown in percentages
|rule|Endless Battle Clause: Forcing endless battles is banned
|rule|Species Clause: Limit one of each Pokémon
|rule|OHKO Clause: OHKO moves are banned
|rule|Evasion Items Clause: Evasion items are banned
|rule|Evasion Moves Clause: Evasion moves are banned
|rule|Evasion Abilities Clause: Evasion abilities are banned
|rule|Sleep Moves Clause: Sleep-inducing moves are banned
|clearpoke
|poke|p1|Pelipper, M|
|poke|p1|Rillaboom, M|
|poke|p1|Raging Bolt|
|poke|p1|Great Tusk|
|poke|p1|Moltres-Galar|
|poke|p1|Kingambit, M|
|poke|p2|Quaquaval, F|
|poke|p2|Latias, F|
|poke|p2|Ogerpon-Cornerstone, F|
|poke|p2|Bastiodon, M|
|poke|p2|Primeape, M|
|poke|p2|Iron Moth|
|teampreview
|inactive|Battle timer is ON: inactive players will automatically lose when time's up. (requested by 4urelius_Ghastz)
|
|t:|1760780602
|teamsize|p1|6
|teamsize|p2|6
|start
|switch|p1a: Great Tusk|Great Tusk|100/100
|switch|p2a: Latias|Latias, F|100/100
|turn|1
|
|t:|1760780611
|-end|p1a: Great Tusk|Protosynthesis|[silent]
|switch|p1a: Pelipper|Pelipper, M|100/100
|-weather|RainDance|[from] ability: Drizzle|[of] p1a: Pelipper
|move|p2a: Latias|Calm Mind|p2a: Latias
|-boost|p2a: Latias|spa|1
|-boost|p2a: Latias|spd|1
|
|-weather|RainDance|[upkeep]
|upkeep
|turn|2
|
|t:|1760780620
|move|p2a: Latias|Thunderbolt|p1a: Pelipper
|-supereffective|p1a: Pelipper
|-damage|p1a: Pelipper|0 fnt
|faint|p1a: Pelipper
|
|-weather|RainDance|[upkeep]
|upkeep
|
|t:|1760780623
|switch|p1a: Moltres|Moltres-Galar|100/100
|turn|3
|
|t:|1760780629
|move|p1a: Moltres|Fiery Wrath|p2a: Latias
|-supereffective|p2a: Latias
|-damage|p2a: Latias|55/100
|move|p2a: Latias|Thunderbolt|p1a: Moltres
|-supereffective|p1a: Moltres
|-damage|p1a: Moltres|15/100
|-ability|p1a: Moltres|Berserk|boost
|-boost|p1a: Moltres|spa|1
|
|-weather|RainDance|[upkeep]
|upkeep
|turn|4
|
|t:|1760780641
|move|p1a: Moltres|Fiery Wrath|p2a: Latias
|-supereffective|p2a: Latias
|-crit|p2a: Latias
|-damage|p2a: Latias|0 fnt
|faint|p2a: Latias
|
|-weather|RainDance|[upkeep]
|upkeep
|
|t:|1760780649
|switch|p2a: Primeape|Primeape, M|100/100
|turn|5
|
|t:|1760780657
|switch|p1a: Great Tusk|Great Tusk|100/100
|move|p2a: Primeape|Bulk Up|p2a: Primeape
|-boost|p2a: Primeape|atk|1
|-boost|p2a: Primeape|def|1
|
|-weather|RainDance|[upkeep]
|upkeep
|turn|6
|
|t:|1760780667
|move|p2a: Primeape|Drain Punch|p1a: Great Tusk
|-damage|p1a: Great Tusk|77/100
|-damage|p2a: Primeape|84/100|[from] item: Rocky Helmet|[of] p1a: Great Tusk
|move|p1a: Great Tusk|Earthquake|p2a: Primeape
|-damage|p2a: Primeape|52/100
|
|-weather|RainDance|[upkeep]
|upkeep
|turn|7
|
|t:|1760780695
|-terastallize|p1a: Great Tusk|Ghost
|move|p2a: Primeape|Bulk Up|p2a: Primeape
|-boost|p2a: Primeape|atk|1
|-boost|p2a: Primeape|def|1
|move|p1a: Great Tusk|Earthquake|p2a: Primeape
|-damage|p2a: Primeape|28/100
|
|-weather|RainDance|[upkeep]
|upkeep
|turn|8
|
|t:|1760780708
|move|p2a: Primeape|Rage Fist|p1a: Great Tusk
|-supereffective|p1a: Great Tusk
|-damage|p1a: Great Tusk|0 fnt
|-damage|p2a: Primeape|11/100|[from] item: Rocky Helmet|[of] p1a: Great Tusk
|faint|p1a: Great Tusk
|-end|p1a: Great Tusk|Protosynthesis|[silent]
|
|-weather|none
|upkeep
|
|t:|1760780714
|switch|p1a: Rillaboom|Rillaboom, M|100/100
|-fieldstart|move: Grassy Terrain|[from] ability: Grassy Surge|[of] p1a: Rillaboom
|turn|9
|
|t:|1760780720
|move|p1a: Rillaboom|Grassy Glide|p2a: Primeape
|-damage|p2a: Primeape|0 fnt
|faint|p2a: Primeape
|
|upkeep
|
|t:|1760780726
|switch|p2a: Bastiodon|Bastiodon, M|100/100
|turn|10
|
|t:|1760780735
|move|p1a: Rillaboom|Knock Off|p2a: Bastiodon
|-damage|p2a: Bastiodon|80/100
|-enditem|p2a: Bastiodon|Custap Berry|[from] move: Knock Off|[of] p1a: Rillaboom
|move|p2a: Bastiodon|Metal Burst|p1a: Rillaboom
|-damage|p1a: Rillaboom|76/100
|
|-heal|p1a: Rillaboom|82/100|[from] Grassy Terrain
|-heal|p2a: Bastiodon|86/100|[from] Grassy Terrain
|upkeep
|turn|11
|
|t:|1760780747
|move|p1a: Rillaboom|High Horsepower|p2a: Bastiodon
|-supereffective|p2a: Bastiodon
|-damage|p2a: Bastiodon|5/100
|move|p2a: Bastiodon|Metal Burst|p1a: Rillaboom
|-damage|p1a: Rillaboom|0 fnt
|faint|p1a: Rillaboom
|
|-heal|p2a: Bastiodon|11/100|[from] Grassy Terrain
|upkeep
|
|t:|1760780754
|switch|p1a: Raging Bolt|Raging Bolt|100/100
|-enditem|p1a: Raging Bolt|Grassy Seed
|-boost|p1a: Raging Bolt|def|1|[from] item: Grassy Seed
|turn|12
|
|t:|1760780760
|move|p1a: Raging Bolt|Dragon Pulse|p2a: Bastiodon
|-resisted|p2a: Bastiodon
|-damage|p2a: Bastiodon|0 fnt
|faint|p2a: Bastiodon
|
|upkeep
|
|t:|1760780774
|switch|p2a: Ogerpon|Ogerpon-Cornerstone, F|100/100
|turn|13
|
|t:|1760780783
|move|p2a: Ogerpon|Swords Dance|p2a: Ogerpon
|-boost|p2a: Ogerpon|atk|2
|move|p1a: Raging Bolt|Dragon Pulse|p2a: Ogerpon
|-damage|p2a: Ogerpon|38/100
|
|-heal|p2a: Ogerpon|44/100|[from] Grassy Terrain
|-fieldend|move: Grassy Terrain
|upkeep
|turn|14
|
|t:|1760780804
|move|p2a: Ogerpon|Play Rough|p1a: Raging Bolt
|-supereffective|p1a: Raging Bolt
|-crit|p1a: Raging Bolt
|-damage|p1a: Raging Bolt|0 fnt
|faint|p1a: Raging Bolt
|-end|p1a: Raging Bolt|Protosynthesis|[silent]
|
|upkeep
|
|t:|1760780806
|switch|p1a: Moltres|Moltres-Galar|15/100
|turn|15
|
|t:|1760780815
|move|p1a: Moltres|Hurricane|p2a: Ogerpon|[miss]
|-miss|p1a: Moltres|p2a: Ogerpon
|move|p2a: Ogerpon|Ivy Cudgel|p1a: Moltres|[anim] Ivy Cudgel Rock
|-supereffective|p1a: Moltres
|-damage|p1a: Moltres|0 fnt
|faint|p1a: Moltres
|
|upkeep
|
|t:|1760780817
|switch|p1a: Kingambit|Kingambit, M|100/100
|-activate|p1a: Kingambit|ability: Supreme Overlord
|-start|p1a: Kingambit|fallen5|[silent]
|turn|16
|
|t:|1760780828
|move|p1a: Kingambit|Sucker Punch|p2a: Ogerpon
|-damage|p2a: Ogerpon|0 fnt
|faint|p2a: Ogerpon
|
|upkeep
|
|t:|1760780836
|switch|p2a: Quaquaval|Quaquaval, F|100/100
|turn|17
|
|t:|1760780840
|move|p2a: Quaquaval|Close Combat|p1a: Kingambit
|-supereffective|p1a: Kingambit
|-damage|p1a: Kingambit|0 fnt
|-unboost|p2a: Quaquaval|def|1
|-unboost|p2a: Quaquaval|spd|1
|faint|p1a: Kingambit
|-end|p1a: Kingambit|fallen5|[silent]
|
|win|4urelius_Ghastz
|raw|nwpl23's rating: 1268 &rarr; <strong>1243</strong><br />(-25 for losing)
|raw|4urelius_Ghastz's rating: 1265 &rarr; <strong>1290</strong><br />(+25 for winning)
|l|☆nwpl23
|player|p1|
|l|☆4urelius_Ghastz
|player|p2|
