|j|☆55555X
|j|☆takedowngolden
|t:|1760789077
|gametype|singles
|player|p1|55555X|pokemaniac|1144
|player|p2|takedowngolden|1|1161
|gen|9
|tier|[Gen 9] OU
|rated|
|rule|HP Percentage Mod: HP is shown in percentages
|rule|Endless Battle Clause: Forcing endless battles is banned
|rule|Species Clause: Limit one of each Pokémon
|rule|OHKO Clause: OHKO moves are banned
|rule|Evasion Items Clause: Evasion items are banned
|rule|Evasion Moves Clause: Evasion moves are banned
|rule|Evasion Abilities Clause: Evasion abilities are banned
|rule|Sleep Moves Clause: Sleep-inducing moves are banned
|clearpoke
|poke|p1|Regice|
|poke|p1|Cinderace, M|
|poke|p1|Rhyperior, M|
|poke|p1|Avalugg-Hisui, M|
|poke|p1|Electrode-Hisui|
|poke|p1|Grafaiai, M|
|poke|p2|Iron Hands|
|poke|p2|Greninja-*, M|
|poke|p2|Serperior, F|
|poke|p2|Cinderace, F|
|poke|p2|Venusaur, F|
|poke|p2|Charizard, M|
|teampreview
|inactive|Battle timer is ON: inactive players will automatically lose when time's up. (requested by takedowngolden)
|
|t:|1760789085
|teamsize|p1|6
|teamsize|p2|6
|start
|switch|p1a: No Hazards|Cinderace, M|100/100
|switch|p2a: Serperior|Serperior, F|100/100
|turn|1
|c|☆55555X|Glhf
|
|t:|1760789093
|move|p1a: No Hazards|U-turn|p2a: Serperior
|-start|p1a: No Hazards|typechange|Bug|[from] ability: Libero
|-supereffective|p2a: Serperior
|-damage|p2a: Serperior|12/100
|
|t:|1760789097
|switch|p1a: Weakness?|Regice|100/100|[from] U-turn
|move|p2a: Serperior|Glare|p1a: Weakness?
|-status|p1a: Weakness?|par
|
|upkeep
|turn|2
|
|t:|1760789103
|move|p2a: Serperior|Leaf Storm|p1a: Weakness?
|-damage|p1a: Weakness?|85/100 par
|-boost|p2a: Serperior|spa|2
|-damage|p2a: Serperior|2/100|[from] item: Life Orb
|cant|p1a: Weakness?|par
|
|upkeep
|turn|3
|c|☆55555X|Thats
|c|☆55555X|really anoting
|
|t:|1760789112
|move|p2a: Serperior|Leaf Storm|p1a: Weakness?
|-damage|p1a: Weakness?|54/100 par
|-boost|p2a: Serperior|spa|2
|-damage|p2a: Serperior|0 fnt|[from] item: Life Orb
|faint|p2a: Serperior
|move|p1a: Weakness?|Ice Beam|p2: Serperior|[notarget]
|-fail|p1a: Weakness?
|
|upkeep
|c|☆55555X|Anoying
|
|t:|1760789123
|switch|p2a: Cinderace|Cinderace, F|100/100
|turn|4
|
|t:|1760789129
|move|p2a: Cinderace|Pyro Ball|p1a: Weakness?
|-supereffective|p1a: Weakness?
|-damage|p1a: Weakness?|0 fnt
|faint|p1a: Weakness?
|
|upkeep
|
|t:|1760789134
|switch|p1a: Mountain|Avalugg-Hisui, M|100/100
|turn|5
|
|t:|1760789138
|move|p2a: Cinderace|High Jump Kick|p1a: Mountain
|-start|p2a: Cinderace|typechange|Fighting|[from] ability: Libero
|-supereffective|p1a: Mountain
|-ability|p1a: Mountain|Sturdy
|-damage|p1a: Mountain|1/100
|move|p1a: Mountain|Stone Edge|p2a: Cinderace
|-resisted|p2a: Cinderace
|-damage|p2a: Cinderace|57/100
|
|upkeep
|turn|6
|c|☆55555X|!weak machop
|c| 55555X|/raw <div class="infobox">Machop (ignoring abilities):<br /><span class="message-effect-weak">Weaknesses</span>: Fairy, Flying, Psychic<br /><span class="message-effect-resist">Resistances</span>: Bug, Dark, Rock<br /><span class="message-effect-immune">Immunities</span>: <span class="gray">None</span></div>
|inactive|55555X has 120 seconds left.
|-enditem|p1a: Mountain|Custap Berry|[eat]
|-activate|p1a: Mountain|item: Custap Berry|[consumed]
|
|t:|1760789168
|move|p1a: Mountain|Ice Spinner|p2a: Cinderace
|-damage|p2a: Cinderace|0 fnt
|faint|p2a: Cinderace
|
|upkeep
|
|t:|1760789174
|switch|p2a: Iron Hands|Iron Hands|100/100
|turn|7
|
|t:|1760789179
|move|p2a: Iron Hands|Fake Out|p1a: Mountain
|-resisted|p1a: Mountain
|-damage|p1a: Mountain|0 fnt
|faint|p1a: Mountain
|
|upkeep
|
|t:|1760789186
|switch|p1a: Ditto?|Grafaiai, M|100/100
|turn|8
|
|t:|1760789192
|move|p1a: Ditto?|Copycat|p1a: Ditto?
|move|p1a: Ditto?|Fake Out|p2a: Iron Hands|[from] move: Copycat
|-damage|p2a: Iron Hands|84/100
|cant|p2a: Iron Hands|flinch
|
|upkeep
|turn|9
|
|t:|1760789201
|switch|p1a: Pokeball|Electrode-Hisui|100/100
|move|p2a: Iron Hands|Drain Punch|p1a: Pokeball
|-damage|p1a: Pokeball|30/100
|-heal|p2a: Iron Hands|100/100|[from] drain|[of] p1a: Pokeball
|
|upkeep
|turn|10
|
|t:|1760789211
|move|p1a: Pokeball|Hyper Beam|p2a: Iron Hands
|-damage|p2a: Iron Hands|47/100
|-mustrecharge|p1a: Pokeball
|-enditem|p2a: Iron Hands|Sitrus Berry|[eat]
|-heal|p2a: Iron Hands|72/100|[from] item: Sitrus Berry
|move|p2a: Iron Hands|Drain Punch|p1a: Pokeball
|-damage|p1a: Pokeball|0 fnt
|-heal|p2a: Iron Hands|79/100|[from] drain|[of] p1a: Pokeball
|faint|p1a: Pokeball
|
|upkeep
|
|t:|1760789216
|switch|p1a: Special Scary|Rhyperior, M|100/100
|turn|11
|
|t:|1760789220
|move|p2a: Iron Hands|Drain Punch|p1a: Special Scary
|-supereffective|p1a: Special Scary
|-damage|p1a: Special Scary|72/100
|-heal|p2a: Iron Hands|91/100|[from] drain|[of] p1a: Special Scary
|move|p1a: Special Scary|Earthquake|p2a: Iron Hands
|-supereffective|p2a: Iron Hands
|-damage|p2a: Iron Hands|37/100
|
|upkeep
|turn|12
|
|t:|1760789227
|move|p2a: Iron Hands|Drain Punch|p1a: Special Scary
|-supereffective|p1a: Special Scary
|-damage|p1a: Special Scary|44/100
|-heal|p2a: Iron Hands|49/100|[from] drain|[of] p1a: Special Scary
|move|p1a: Special Scary|Rock Blast|p2a: Iron Hands
|-resisted|p2a: Iron Hands
|-damage|p2a: Iron Hands|46/100
|-resisted|p2a: Iron Hands
|-damage|p2a: Iron Hands|42/100
|-resisted|p2a: Iron Hands
|-damage|p2a: Iron Hands|39/100
|-hitcount|p2a: Iron Hands|3
|
|upkeep
|turn|13
|c|☆55555X|Wow
|
|t:|1760789234
|move|p2a: Iron Hands|Drain Punch|p1a: Special Scary
|-supereffective|p1a: Special Scary
|-damage|p1a: Special Scary|16/100
|-heal|p2a: Iron Hands|51/100|[from] drain|[of] p1a: Special Scary
|move|p1a: Special Scary|Earthquake|p2a: Iron Hands
|-supereffective|p2a: Iron Hands
|-damage|p2a: Iron Hands|0 fnt
|faint|p2a: Iron Hands
|-end|p2a: Iron Hands|Quark Drive|[silent]
|
|upkeep
|c|☆55555X|Hands is so anoying
|
|t:|1760789244
|switch|p2a: Greninja|Greninja, M|100/100
|turn|14
|
|t:|1760789254
|move|p2a: Greninja|Dark Pulse|p1a: Special Scary
|-damage|p1a: Special Scary|0 fnt
|faint|p1a: Special Scary
|-ability|p2a: Greninja|Battle Bond|boost
|-boost|p2a: Greninja|atk|1
|-boost|p2a: Greninja|spa|1
|-boost|p2a: Greninja|spe|1
|-activate|p2a: Greninja|ability: Battle Bond
|
|upkeep
|
|t:|1760789260
|switch|p1a: No Hazards|Cinderace, M|100/100
|turn|15
|
|t:|1760789264
|-terastallize|p2a: Greninja|Water
|move|p2a: Greninja|Water Shuriken|p1a: No Hazards
|-supereffective|p1a: No Hazards
|-damage|p1a: No Hazards|62/100
|-supereffective|p1a: No Hazards
|-damage|p1a: No Hazards|20/100
|-supereffective|p1a: No Hazards
|-damage|p1a: No Hazards|0 fnt
|faint|p1a: No Hazards
|-hitcount|p1: No Hazards|3
|
|upkeep
|
|t:|1760789270
|switch|p1a: Ditto?|Grafaiai, M|100/100
|turn|16
|
|t:|1760789275
|-terastallize|p1a: Ditto?|Stellar
|move|p2a: Greninja|Water Shuriken|p1a: Ditto?
|-damage|p1a: Ditto?|84/100
|-damage|p1a: Ditto?|65/100
|-damage|p1a: Ditto?|45/100
|-crit|p1a: Ditto?
|-damage|p1a: Ditto?|17/100
|-hitcount|p1a: Ditto?|4
|move|p1a: Ditto?|Copycat|p1a: Ditto?
|move|p1a: Ditto?|Water Shuriken|p2a: Greninja|[from] move: Copycat
|-resisted|p2a: Greninja
|-damage|p2a: Greninja|98/100
|-resisted|p2a: Greninja
|-damage|p2a: Greninja|95/100
|-hitcount|p2a: Greninja|2
|
|upkeep
|turn|17
|-message|55555X forfeited.
|
|win|takedowngolden
|raw|55555X's rating: 1144 &rarr; <strong>1120</strong><br />(-24 for losing)
|raw|takedowngolden's rating: 1161 &rarr; <strong>1185</strong><br />(+24 for winning)
|l|☆55555X
|player|p1|
|l|☆takedowngolden
|player|p2|
