|j|☆ThighFish
|j|☆dragonfandan
|t:|1760833216
|gametype|singles
|player|p1|ThighFish|volkner|1130
|player|p2|dragonfandan|lance|1179
|gen|9
|tier|[Gen 9] OU
|rated|
|rule|HP Percentage Mod: HP is shown in percentages
|rule|Endless Battle Clause: Forcing endless battles is banned
|rule|Species Clause: Limit one of each Pokémon
|rule|OHKO Clause: OHKO moves are banned
|rule|Evasion Items Clause: Evasion items are banned
|rule|Evasion Moves Clause: Evasion moves are banned
|rule|Evasion Abilities Clause: Evasion abilities are banned
|rule|Sleep Moves Clause: Sleep-inducing moves are banned
|clearpoke
|poke|p1|Gholdengo|
|poke|p1|Zamazenta-*|
|poke|p1|Ting-Lu|
|poke|p1|Clefable, F|
|poke|p1|Dragonite, M|
|poke|p1|Deoxys-Speed|
|poke|p2|Ting-Lu|
|poke|p2|Gholdengo|
|poke|p2|Ogerpon-Wellspring, F|
|poke|p2|Heatran, M|
|poke|p2|Tornadus-Therian, M|
|poke|p2|Kingambit, M|
|teampreview
|
|t:|1760833225
|teamsize|p1|6
|teamsize|p2|6
|start
|switch|p1a: Moonrock 350|Clefable, F|100/100
|switch|p2a: Tornadus|Tornadus-Therian, M|100/100
|turn|1
|inactive|Battle timer is ON: inactive players will automatically lose when time's up. (requested by dragonfandan)
|
|t:|1760833233
|move|p2a: Tornadus|Knock Off|p1a: Moonrock 350
|-resisted|p1a: Moonrock 350
|-damage|p1a: Moonrock 350|89/100
|-damage|p2a: Tornadus|84/100|[from] item: Rocky Helmet|[of] p1a: Moonrock 350
|-enditem|p1a: Moonrock 350|Rocky Helmet|[from] move: Knock Off|[of] p2a: Tornadus
|move|p1a: Moonrock 350|Stealth Rock|p2a: Tornadus
|-sidestart|p2: dragonfandan|move: Stealth Rock
|
|upkeep
|turn|2
|
|t:|1760833242
|move|p2a: Tornadus|Body Slam|p1a: Moonrock 350
|-damage|p1a: Moonrock 350|70/100
|move|p1a: Moonrock 350|Knock Off|p2a: Tornadus
|-damage|p2a: Tornadus|63/100
|-enditem|p2a: Tornadus|Red Card|[from] move: Knock Off|[of] p1a: Moonrock 350
|
|upkeep
|turn|3
|
|t:|1760833256
|move|p2a: Tornadus|Acrobatics|p1a: Moonrock 350
|-damage|p1a: Moonrock 350|35/100
|move|p1a: Moonrock 350|Moonblast|p2a: Tornadus
|-damage|p2a: Tornadus|27/100
|
|upkeep
|turn|4
|
|t:|1760833263
|move|p2a: Tornadus|Knock Off|p1a: Moonrock 350
|-resisted|p1a: Moonrock 350
|-damage|p1a: Moonrock 350|28/100
|move|p1a: Moonrock 350|Moonlight|p1a: Moonrock 350
|-heal|p1a: Moonrock 350|78/100
|
|upkeep
|turn|5
|
|t:|1760833271
|move|p2a: Tornadus|U-turn|p1a: Moonrock 350
|-resisted|p1a: Moonrock 350
|-damage|p1a: Moonrock 350|70/100
|
|t:|1760833276
|switch|p2a: Heatran|Heatran, M|100/100|[from] U-turn
|-damage|p2a: Heatran|88/100|[from] Stealth Rock
|-item|p2a: Heatran|Air Balloon
|move|p1a: Moonrock 350|Moonblast|p2a: Heatran
|-resisted|p2a: Heatran
|-damage|p2a: Heatran|80/100
|-unboost|p2a: Heatran|spa|1
|-enditem|p2a: Heatran|Air Balloon
|
|upkeep
|turn|6
|
|t:|1760833289
|switch|p1a: Up Bowl On Em|Ting-Lu|100/100
|-ability|p1a: Up Bowl On Em|Vessel of Ruin
|move|p2a: Heatran|Stealth Rock|p1a: Up Bowl On Em
|-sidestart|p1: ThighFish|move: Stealth Rock
|
|upkeep
|turn|7
|
|t:|1760833296
|switch|p2a: Tornadus|Tornadus-Therian, M|60/100
|-damage|p2a: Tornadus|36/100|[from] Stealth Rock
|move|p1a: Up Bowl On Em|Spikes|p2a: Tornadus
|-sidestart|p2: dragonfandan|Spikes
|
|upkeep
|turn|8
|
|t:|1760833305
|move|p2a: Tornadus|Knock Off|p1a: Up Bowl On Em
|-resisted|p1a: Up Bowl On Em
|-damage|p1a: Up Bowl On Em|93/100
|-enditem|p1a: Up Bowl On Em|Leftovers|[from] move: Knock Off|[of] p2a: Tornadus
|move|p1a: Up Bowl On Em|Spikes|p2a: Tornadus
|-sidestart|p2: dragonfandan|Spikes
|
|upkeep
|turn|9
|
|t:|1760833330
|move|p2a: Tornadus|U-turn|p1a: Up Bowl On Em
|-supereffective|p1a: Up Bowl On Em
|-damage|p1a: Up Bowl On Em|70/100
|
|t:|1760833332
|switch|p2a: Ogerpon|Ogerpon-Wellspring, F|100/100|[from] U-turn
|-damage|p2a: Ogerpon|88/100|[from] Stealth Rock
|-damage|p2a: Ogerpon|72/100|[from] Spikes
|move|p1a: Up Bowl On Em|Spikes|p2a: Ogerpon
|-sidestart|p2: dragonfandan|Spikes
|
|upkeep
|turn|10
|
|t:|1760833343
|switch|p1a: Secret Service|Dragonite, M|100/100
|move|p2a: Ogerpon|Spikes|p1a: Secret Service
|-sidestart|p1: ThighFish|Spikes
|
|upkeep
|turn|11
|
|t:|1760833359
|move|p2a: Ogerpon|Knock Off|p1a: Secret Service
|-damage|p1a: Secret Service|84/100
|-enditem|p1a: Secret Service|Heavy-Duty Boots|[from] move: Knock Off|[of] p2a: Ogerpon
|move|p1a: Secret Service|Dragon Tail|p2a: Ogerpon
|-damage|p2a: Ogerpon|29/100
|drag|p2a: Tornadus|Tornadus-Therian, M|69/100
|-damage|p2a: Tornadus|44/100|[from] Stealth Rock
|
|upkeep
|turn|12
|
|t:|1760833373
|move|p1a: Secret Service|Extreme Speed|p2a: Tornadus
|-damage|p2a: Tornadus|0 fnt
|faint|p2a: Tornadus
|
|upkeep
|
|t:|1760833380
|switch|p2a: Ting-Lu|Ting-Lu|100/100
|-damage|p2a: Ting-Lu|94/100|[from] Stealth Rock
|-damage|p2a: Ting-Lu|69/100|[from] Spikes
|-ability|p2a: Ting-Lu|Vessel of Ruin
|turn|13
|
|t:|1760833386
|move|p1a: Secret Service|Dragon Tail|p2a: Ting-Lu
|-damage|p2a: Ting-Lu|52/100
|drag|p2a: Gholdengo|Gholdengo|100/100
|-damage|p2a: Gholdengo|94/100|[from] Stealth Rock
|-item|p2a: Gholdengo|Air Balloon
|
|upkeep
|turn|14
|
|t:|1760833394
|move|p2a: Gholdengo|Dazzling Gleam|p1a: Secret Service
|-supereffective|p1a: Secret Service
|-damage|p1a: Secret Service|35/100
|move|p1a: Secret Service|Dragon Tail|p2a: Gholdengo|[miss]
|-miss|p1a: Secret Service|p2a: Gholdengo
|
|upkeep
|turn|15
|
|t:|1760833409
|switch|p1a: CClifford|Zamazenta|100/100
|-ability|p1a: CClifford|Dauntless Shield|boost
|-boost|p1a: CClifford|def|1
|move|p2a: Gholdengo|Dazzling Gleam|p1a: CClifford
|-supereffective|p1a: CClifford
|-damage|p1a: CClifford|55/100
|
|upkeep
|turn|16
|
|t:|1760833417
|-terastallize|p2a: Gholdengo|Fairy
|move|p1a: CClifford|Crunch|p2a: Gholdengo
|-resisted|p2a: Gholdengo
|-damage|p2a: Gholdengo|80/100
|-enditem|p2a: Gholdengo|Air Balloon
|move|p2a: Gholdengo|Dazzling Gleam|p1a: CClifford
|-supereffective|p1a: CClifford
|-crit|p1a: CClifford
|-damage|p1a: CClifford|0 fnt
|faint|p1a: CClifford
|
|upkeep
|
|t:|1760833422
|switch|p1a: Djengo Unrained|Gholdengo|100/100
|turn|17
|
|t:|1760833432
|switch|p2a: Heatran|Heatran, M|80/100
|-damage|p2a: Heatran|68/100|[from] Stealth Rock
|-damage|p2a: Heatran|43/100|[from] Spikes
|move|p1a: Djengo Unrained|Make It Rain|p2a: Heatran
|-resisted|p2a: Heatran
|-damage|p2a: Heatran|31/100
|-unboost|p1a: Djengo Unrained|spa|1
|
|upkeep
|turn|18
|inactive|ThighFish has 120 seconds left.
|
|t:|1760833478
|switch|p2a: Gholdengo|Gholdengo, tera:Fairy|80/100
|-damage|p2a: Gholdengo|67/100|[from] Stealth Rock
|-damage|p2a: Gholdengo|43/100|[from] Spikes
|switch|p1a: Up Bowl On Em|Ting-Lu|70/100
|-damage|p1a: Up Bowl On Em|64/100|[from] Stealth Rock
|-damage|p1a: Up Bowl On Em|51/100|[from] Spikes
|-ability|p1a: Up Bowl On Em|Vessel of Ruin
|
|upkeep
|turn|19
|
|t:|1760833490
|switch|p1a: Djengo Unrained|Gholdengo|100/100
|move|p2a: Gholdengo|Recover|p2a: Gholdengo
|-heal|p2a: Gholdengo|93/100
|
|upkeep
|turn|20
|
|t:|1760833501
|move|p2a: Gholdengo|Shadow Ball|p1a: Djengo Unrained
|-supereffective|p1a: Djengo Unrained
|-damage|p1a: Djengo Unrained|24/100
|move|p1a: Djengo Unrained|Nasty Plot|p1a: Djengo Unrained
|-boost|p1a: Djengo Unrained|spa|2
|
|upkeep
|turn|21
|
|t:|1760833509
|move|p2a: Gholdengo|Shadow Ball|p1a: Djengo Unrained
|-supereffective|p1a: Djengo Unrained
|-damage|p1a: Djengo Unrained|0 fnt
|faint|p1a: Djengo Unrained
|
|upkeep
|inactive|ThighFish has 120 seconds left.
|
|t:|1760833521
|switch|p1a: Moonrock 350|Clefable, F|70/100
|turn|22
|
|t:|1760833530
|-terastallize|p1a: Moonrock 350|Water
|move|p2a: Gholdengo|Make It Rain|p1a: Moonrock 350
|-resisted|p1a: Moonrock 350
|-damage|p1a: Moonrock 350|42/100
|-unboost|p2a: Gholdengo|spa|1
|move|p1a: Moonrock 350|Moonlight|p1a: Moonrock 350
|-heal|p1a: Moonrock 350|92/100
|
|upkeep
|turn|23
|
|t:|1760833541
|move|p2a: Gholdengo|Recover|p2a: Gholdengo
|-heal|p2a: Gholdengo|100/100
|move|p1a: Moonrock 350|Moonblast|p2a: Gholdengo
|-damage|p2a: Gholdengo|64/100
|-unboost|p2a: Gholdengo|spa|1
|
|upkeep
|turn|24
|
|t:|1760833550
|switch|p2a: Heatran|Heatran, M|31/100
|-damage|p2a: Heatran|19/100|[from] Stealth Rock
|-damage|p2a: Heatran|0 fnt|[from] Spikes
|faint|p2a: Heatran
|move|p1a: Moonrock 350|Moonblast|p2: Heatran|[notarget]
|-fail|p1a: Moonrock 350
|
|upkeep
|
|t:|1760833558
|switch|p2a: Ogerpon|Ogerpon-Wellspring, F|29/100
|-damage|p2a: Ogerpon|16/100|[from] Stealth Rock
|-damage|p2a: Ogerpon|0 fnt|[from] Spikes
|faint|p2a: Ogerpon
|
|t:|1760833564
|switch|p2a: Kingambit|Kingambit, M|100/100
|-damage|p2a: Kingambit|94/100|[from] Stealth Rock
|-damage|p2a: Kingambit|69/100|[from] Spikes
|-activate|p2a: Kingambit|ability: Supreme Overlord
|-start|p2a: Kingambit|fallen3|[silent]
|turn|25
|
|t:|1760833573
|move|p1a: Moonrock 350|Moonblast|p2a: Kingambit
|-damage|p2a: Kingambit|39/100
|move|p2a: Kingambit|Kowtow Cleave|p1a: Moonrock 350
|-damage|p1a: Moonrock 350|44/100
|
|-heal|p2a: Kingambit|45/100|[from] item: Leftovers
|upkeep
|turn|26
|
|t:|1760833584
|move|p1a: Moonrock 350|Moonlight|p1a: Moonrock 350
|-heal|p1a: Moonrock 350|94/100
|move|p2a: Kingambit|Swords Dance|p2a: Kingambit
|-boost|p2a: Kingambit|atk|2
|
|-heal|p2a: Kingambit|51/100|[from] item: Leftovers
|upkeep
|turn|27
|
|t:|1760833612
|move|p1a: Moonrock 350|Moonblast|p2a: Kingambit
|-damage|p2a: Kingambit|23/100
|-unboost|p2a: Kingambit|spa|1
|move|p2a: Kingambit|Kowtow Cleave|p1a: Moonrock 350
|-damage|p1a: Moonrock 350|0 fnt
|faint|p1a: Moonrock 350
|
|-heal|p2a: Kingambit|29/100|[from] item: Leftovers
|upkeep
|
|t:|1760833618
|switch|p1a: Secret Service|Dragonite, M|35/100
|-damage|p1a: Secret Service|10/100|[from] Stealth Rock
|turn|28
|
|t:|1760833627
|-end|p2a: Kingambit|fallen3|[silent]
|switch|p2a: Ting-Lu|Ting-Lu|52/100
|-damage|p2a: Ting-Lu|46/100|[from] Stealth Rock
|-damage|p2a: Ting-Lu|21/100|[from] Spikes
|-ability|p2a: Ting-Lu|Vessel of Ruin
|move|p1a: Secret Service|Roost|p1a: Secret Service
|-heal|p1a: Secret Service|60/100
|-singleturn|p1a: Secret Service|move: Roost
|
|-heal|p2a: Ting-Lu|27/100|[from] item: Leftovers
|upkeep
|turn|29
|
|t:|1760833654
|move|p1a: Secret Service|Earthquake|p2a: Ting-Lu
|-damage|p2a: Ting-Lu|8/100
|move|p2a: Ting-Lu|Whirlwind|p1a: Secret Service
|drag|p1a: Dude Nasty Asf|Deoxys-Speed|100/100
|-ability|p1a: Dude Nasty Asf|Pressure
|
|-heal|p2a: Ting-Lu|14/100|[from] item: Leftovers
|upkeep
|turn|30
|
|t:|1760833667
|move|p1a: Dude Nasty Asf|Ice Beam|p2a: Ting-Lu
|-supereffective|p2a: Ting-Lu
|-damage|p2a: Ting-Lu|0 fnt
|faint|p2a: Ting-Lu
|
|upkeep
|
|t:|1760833673
|switch|p2a: Gholdengo|Gholdengo, tera:Fairy|64/100
|-damage|p2a: Gholdengo|52/100|[from] Stealth Rock
|-damage|p2a: Gholdengo|27/100|[from] Spikes
|turn|31
|
|t:|1760833679
|move|p1a: Dude Nasty Asf|Nasty Plot|p1a: Dude Nasty Asf
|-boost|p1a: Dude Nasty Asf|spa|2
|move|p2a: Gholdengo|Shadow Ball|p1a: Dude Nasty Asf
|-supereffective|p1a: Dude Nasty Asf
|-damage|p1a: Dude Nasty Asf|0 fnt
|faint|p1a: Dude Nasty Asf
|
|upkeep
|
|t:|1760833685
|switch|p1a: Secret Service|Dragonite, M|60/100
|-damage|p1a: Secret Service|35/100|[from] Stealth Rock
|turn|32
|
|t:|1760833691
|move|p1a: Secret Service|Extreme Speed|p2a: Gholdengo
|-damage|p2a: Gholdengo|0 fnt
|faint|p2a: Gholdengo
|
|upkeep
|
|t:|1760833696
|switch|p2a: Kingambit|Kingambit, M|29/100
|-damage|p2a: Kingambit|23/100|[from] Stealth Rock
|-damage|p2a: Kingambit|0 fnt|[from] Spikes
|faint|p2a: Kingambit
|-end|p2a: Kingambit|fallenundefined|[silent]
|
|win|ThighFish
|raw|ThighFish's rating: 1130 &rarr; <strong>1159</strong><br />(+29 for winning)
|raw|dragonfandan's rating: 1179 &rarr; <strong>1150</strong><br />(-29 for losing)
