|j|☆Rabzzz
|j|☆Spammernoob
|t:|1760732067
|gametype|singles
|player|p1|Rabzzz|#mwpvimurkrows|1714
|player|p2|Spammernoob|265|1658
|gen|9
|tier|[Gen 9] OU
|rated|
|rule|HP Percentage Mod: HP is shown in percentages
|rule|Endless Battle Clause: Forcing endless battles is banned
|rule|Species Clause: Limit one of each Pokémon
|rule|OHKO Clause: OHKO moves are banned
|rule|Evasion Items Clause: Evasion items are banned
|rule|Evasion Moves Clause: Evasion moves are banned
|rule|Evasion Abilities Clause: Evasion abilities are banned
|rule|Sleep Moves Clause: Sleep-inducing moves are banned
|clearpoke
|poke|p1|Iron Boulder|
|poke|p1|Ting-Lu|
|poke|p1|Great Tusk|
|poke|p1|Enamorus, F|
|poke|p1|Gholdengo|
|poke|p1|Rotom-Wash|
|poke|p2|Raging Bolt|
|poke|p2|Iron Valiant|
|poke|p2|Great Tusk|
|poke|p2|Moltres|
|poke|p2|Ogerpon-Wellspring, F|
|poke|p2|Gholdengo|
|teampreview
|
|t:|1760732114
|teamsize|p1|6
|teamsize|p2|6
|start
|switch|p1a: Rotom|Rotom-Wash|100/100
|switch|p2a: Ogerpon|Ogerpon-Wellspring, F|100/100
|turn|1
|
|t:|1760732123
|switch|p2a: Gholdengo|Gholdengo|100/100
|move|p1a: Rotom|Volt Switch|p2a: Gholdengo
|-damage|p2a: Gholdengo|71/100
|
|t:|1760732135
|switch|p1a: Great Tusk|Great Tusk|100/100|[from] Volt Switch
|
|upkeep
|turn|2
|
|t:|1760732142
|switch|p2a: Ogerpon|Ogerpon-Wellspring, F|100/100
|move|p1a: Great Tusk|Knock Off|p2a: Ogerpon
|-damage|p2a: Ogerpon|71/100
|
|upkeep
|turn|3
|
|t:|1760732149
|-end|p1a: Great Tusk|Protosynthesis|[silent]
|switch|p1a: Rotom|Rotom-Wash|100/100
|move|p2a: Ogerpon|Spikes|p1a: Rotom
|-sidestart|p1: Rabzzz|Spikes
|
|upkeep
|turn|4
|
|t:|1760732157
|move|p2a: Ogerpon|U-turn|p1a: Rotom
|-damage|p1a: Rotom|79/100
|-damage|p2a: Ogerpon|55/100|[from] item: Rocky Helmet|[of] p1a: Rotom
|
|t:|1760732161
|switch|p2a: Raging Bolt|Raging Bolt|100/100|[from] U-turn
|move|p1a: Rotom|Will-O-Wisp|p2a: Raging Bolt
|-status|p2a: Raging Bolt|brn
|
|-damage|p2a: Raging Bolt|94/100 brn|[from] brn
|upkeep
|turn|5
|
|t:|1760732168
|switch|p1a: Ting-Lu|Ting-Lu|100/100
|-damage|p1a: Ting-Lu|88/100|[from] Spikes
|-ability|p1a: Ting-Lu|Vessel of Ruin
|move|p2a: Raging Bolt|Volt Switch|p1a: Ting-Lu
|-immune|p1a: Ting-Lu
|
|-heal|p1a: Ting-Lu|94/100|[from] item: Leftovers
|-damage|p2a: Raging Bolt|88/100 brn|[from] brn
|upkeep
|turn|6
|
|t:|1760732177
|-end|p2a: Raging Bolt|Protosynthesis|[silent]
|switch|p2a: Ogerpon|Ogerpon-Wellspring, F|55/100
|move|p1a: Ting-Lu|Spikes|p2a: Ogerpon
|-sidestart|p2: Spammernoob|Spikes
|
|-heal|p1a: Ting-Lu|100/100|[from] item: Leftovers
|upkeep
|turn|7
|
|t:|1760732184
|switch|p1a: Rotom|Rotom-Wash|79/100
|move|p2a: Ogerpon|Knock Off|p1a: Rotom
|-damage|p1a: Rotom|49/100
|-damage|p2a: Ogerpon|38/100|[from] item: Rocky Helmet|[of] p1a: Rotom
|-enditem|p1a: Rotom|Rocky Helmet|[from] move: Knock Off|[of] p2a: Ogerpon
|
|upkeep
|turn|8
|
|t:|1760732190
|move|p2a: Ogerpon|U-turn|p1a: Rotom
|-damage|p1a: Rotom|28/100
|
|t:|1760732196
|switch|p2a: Great Tusk|Great Tusk|100/100|[from] U-turn
|move|p1a: Rotom|Volt Switch|p2a: Great Tusk
|-immune|p2a: Great Tusk
|
|upkeep
|turn|9
|
|t:|1760732204
|-end|p2a: Great Tusk|Protosynthesis|[silent]
|switch|p2a: Gholdengo|Gholdengo|71/100
|-damage|p2a: Gholdengo|59/100|[from] Spikes
|move|p1a: Rotom|Pain Split|p2a: Gholdengo
|-immune|p2a: Gholdengo|[from] ability: Good as Gold
|
|upkeep
|turn|10
|
|t:|1760732211
|switch|p1a: Ting-Lu|Ting-Lu|100/100
|-damage|p1a: Ting-Lu|88/100|[from] Spikes
|-ability|p1a: Ting-Lu|Vessel of Ruin
|move|p2a: Gholdengo|Trick|p1a: Ting-Lu
|-activate|p2a: Gholdengo|move: Trick|[of] p1a: Ting-Lu
|-item|p1a: Ting-Lu|Choice Scarf|[from] move: Trick
|-item|p2a: Gholdengo|Leftovers|[from] move: Trick
|
|-heal|p2a: Gholdengo|65/100|[from] item: Leftovers
|upkeep
|turn|11
|
|t:|1760732221
|switch|p2a: Ogerpon|Ogerpon-Wellspring, F|38/100
|-damage|p2a: Ogerpon|26/100|[from] Spikes
|switch|p1a: Enamorus|Enamorus, F|100/100
|
|upkeep
|turn|12
|
|t:|1760732227
|switch|p2a: Moltres|Moltres|100/100
|move|p1a: Enamorus|Moonblast|p2a: Moltres
|-resisted|p2a: Moltres
|-damage|p2a: Moltres|73/100
|
|upkeep
|turn|13
|
|t:|1760732233
|move|p1a: Enamorus|Moonblast|p2a: Moltres
|-resisted|p2a: Moltres
|-damage|p2a: Moltres|47/100
|move|p2a: Moltres|Flamethrower|p1a: Enamorus
|-damage|p1a: Enamorus|46/100
|-status|p1a: Enamorus|brn
|
|-damage|p1a: Enamorus|40/100 brn|[from] brn
|upkeep
|turn|14
|
|t:|1760732238
|switch|p1a: Rotom|Rotom-Wash|28/100
|move|p2a: Moltres|Roost|p2a: Moltres
|-heal|p2a: Moltres|97/100
|-singleturn|p2a: Moltres|move: Roost
|
|upkeep
|turn|15
|
|t:|1760732244
|switch|p2a: Gholdengo|Gholdengo|65/100
|-damage|p2a: Gholdengo|52/100|[from] Spikes
|move|p1a: Rotom|Volt Switch|p2a: Gholdengo
|-damage|p2a: Gholdengo|20/100
|
|t:|1760732251
|switch|p1a: Great Tusk|Great Tusk|100/100|[from] Volt Switch
|
|-heal|p2a: Gholdengo|26/100|[from] item: Leftovers
|upkeep
|turn|16
|
|t:|1760732259
|move|p1a: Great Tusk|Knock Off|p2a: Gholdengo
|-supereffective|p2a: Gholdengo
|-damage|p2a: Gholdengo|0 fnt
|-enditem|p2a: Gholdengo|Leftovers|[from] move: Knock Off|[of] p1a: Great Tusk
|faint|p2a: Gholdengo
|
|upkeep
|
|t:|1760732267
|switch|p2a: Ogerpon|Ogerpon-Wellspring, F|26/100
|-damage|p2a: Ogerpon|13/100|[from] Spikes
|turn|17
|
|t:|1760732274
|move|p2a: Ogerpon|Ivy Cudgel|p1a: Great Tusk|[anim] Ivy Cudgel Water
|-supereffective|p1a: Great Tusk
|-damage|p1a: Great Tusk|9/100
|move|p1a: Great Tusk|Rapid Spin|p2a: Ogerpon
|-damage|p2a: Ogerpon|0 fnt
|-boost|p1a: Great Tusk|spe|1
|-sideend|p1: Rabzzz|Spikes|[from] move: Rapid Spin|[of] p1a: Great Tusk
|faint|p2a: Ogerpon
|
|upkeep
|
|t:|1760732293
|switch|p2a: Great Tusk|Great Tusk|100/100
|turn|18
|
|t:|1760732303
|move|p1a: Great Tusk|Headlong Rush|p2a: Great Tusk
|-damage|p2a: Great Tusk|64/100
|-unboost|p1a: Great Tusk|def|1
|-unboost|p1a: Great Tusk|spd|1
|move|p2a: Great Tusk|Stealth Rock|p1a: Great Tusk
|-sidestart|p1: Rabzzz|move: Stealth Rock
|
|upkeep
|turn|19
|
|t:|1760732313
|move|p1a: Great Tusk|Rapid Spin|p2a: Great Tusk
|-damage|p2a: Great Tusk|52/100
|-boost|p1a: Great Tusk|spe|1
|-sideend|p1: Rabzzz|Stealth Rock|[from] move: Rapid Spin|[of] p1a: Great Tusk
|move|p2a: Great Tusk|Rapid Spin|p1a: Great Tusk
|-damage|p1a: Great Tusk|0 fnt
|-boost|p2a: Great Tusk|spe|1
|-sideend|p2: Spammernoob|Spikes|[from] move: Rapid Spin|[of] p2a: Great Tusk
|faint|p1a: Great Tusk
|-end|p1a: Great Tusk|Protosynthesis|[silent]
|
|upkeep
|
|t:|1760732325
|switch|p1a: Enamorus|Enamorus, F|40/100 brn
|turn|20
|
|t:|1760732328
|-end|p2a: Great Tusk|Protosynthesis|[silent]
|switch|p2a: Moltres|Moltres|97/100
|move|p1a: Enamorus|Moonblast|p2a: Moltres
|-resisted|p2a: Moltres
|-damage|p2a: Moltres|70/100
|
|-damage|p1a: Enamorus|34/100 brn|[from] brn
|upkeep
|turn|21
|
|t:|1760732334
|move|p1a: Enamorus|Moonblast|p2a: Moltres
|-resisted|p2a: Moltres
|-damage|p2a: Moltres|44/100
|move|p2a: Moltres|Flamethrower|p1a: Enamorus
|-damage|p1a: Enamorus|0 fnt
|faint|p1a: Enamorus
|
|upkeep
|j| bloodhound q50
|
|t:|1760732352
|switch|p1a: Iron Boulder|Iron Boulder|100/100
|-enditem|p1a: Iron Boulder|Booster Energy
|-activate|p1a: Iron Boulder|ability: Quark Drive|[fromitem]
|-start|p1a: Iron Boulder|quarkdrivespe
|turn|22
|
|t:|1760732357
|switch|p2a: Great Tusk|Great Tusk|52/100
|move|p1a: Iron Boulder|Swords Dance|p1a: Iron Boulder
|-boost|p1a: Iron Boulder|atk|2
|
|upkeep
|turn|23
|
|t:|1760732367
|-terastallize|p1a: Iron Boulder|Flying
|-terastallize|p2a: Great Tusk|Steel
|move|p1a: Iron Boulder|Swords Dance|p1a: Iron Boulder
|-boost|p1a: Iron Boulder|atk|2
|move|p2a: Great Tusk|Headlong Rush|p1a: Iron Boulder
|-immune|p1a: Iron Boulder
|
|upkeep
|turn|24
|
|t:|1760732374
|-end|p2a: Great Tusk|Protosynthesis|[silent]
|switch|p2a: Moltres|Moltres|44/100
|move|p1a: Iron Boulder|Earthquake|p2a: Moltres
|-immune|p2a: Moltres
|
|upkeep
|turn|25
|
|t:|1760732385
|move|p1a: Iron Boulder|Mighty Cleave|p2a: Moltres
|-supereffective|p2a: Moltres
|-damage|p2a: Moltres|0 fnt
|faint|p2a: Moltres
|
|upkeep
|
|t:|1760732386
|switch|p2a: Raging Bolt|Raging Bolt|88/100 brn
|turn|26
|
|t:|1760732391
|move|p1a: Iron Boulder|Substitute|p1a: Iron Boulder
|-start|p1a: Iron Boulder|Substitute
|-damage|p1a: Iron Boulder|76/100
|move|p2a: Raging Bolt|Draco Meteor|p1a: Iron Boulder
|-end|p1a: Iron Boulder|Substitute
|-unboost|p2a: Raging Bolt|spa|2
|
|-damage|p2a: Raging Bolt|82/100 brn|[from] brn
|upkeep
|turn|27
|c|☆Spammernoob|hm
|c|☆Spammernoob|yeah
|c|☆Spammernoob|can't beat that ig
|
|t:|1760732415
|move|p1a: Iron Boulder|Substitute|p1a: Iron Boulder
|-start|p1a: Iron Boulder|Substitute
|-damage|p1a: Iron Boulder|51/100
|move|p2a: Raging Bolt|Draco Meteor|p1a: Iron Boulder
|-end|p1a: Iron Boulder|Substitute
|-unboost|p2a: Raging Bolt|spa|2
|
|-damage|p2a: Raging Bolt|76/100 brn|[from] brn
|upkeep
|turn|28
|
|t:|1760732420
|move|p1a: Iron Boulder|Earthquake|p2a: Raging Bolt
|-supereffective|p2a: Raging Bolt
|-damage|p2a: Raging Bolt|0 fnt
|faint|p2a: Raging Bolt
|-end|p2a: Raging Bolt|Protosynthesis|[silent]
|
|upkeep
|
|t:|1760732425
|switch|p2a: Iron Valiant|Iron Valiant|100/100
|-enditem|p2a: Iron Valiant|Booster Energy
|-activate|p2a: Iron Valiant|ability: Quark Drive|[fromitem]
|-start|p2a: Iron Valiant|quarkdrivespe
|turn|29
|
|t:|1760732429
|move|p1a: Iron Boulder|Earthquake|p2a: Iron Valiant
|-damage|p2a: Iron Valiant|0 fnt
|faint|p2a: Iron Valiant
|-end|p2a: Iron Valiant|Quark Drive|[silent]
|
|upkeep
|-message|Spammernoob forfeited.
|
|win|Rabzzz
|raw|Rabzzz's rating: 1714 &rarr; <strong>1731</strong><br />(+17 for winning)
|raw|Spammernoob's rating: 1658 &rarr; <strong>1641</strong><br />(-17 for losing)
|c|☆Rabzzz|gg
|l|☆Rabzzz
|player|p1|
|l| bloodhound q50
