|j|☆sus skibidi
|j|☆blkjptr
|t:|1760849867
|gametype|singles
|player|p1|sus skibidi|miku-fire|1454
|player|p2|blkjptr|caitlin|1424
|gen|9
|tier|[Gen 9] OU
|rated|
|rule|HP Percentage Mod: HP is shown in percentages
|rule|Endless Battle Clause: Forcing endless battles is banned
|rule|Species Clause: Limit one of each Pokémon
|rule|OHKO Clause: OHKO moves are banned
|rule|Evasion Items Clause: Evasion items are banned
|rule|Evasion Moves Clause: Evasion moves are banned
|rule|Evasion Abilities Clause: Evasion abilities are banned
|rule|Sleep Moves Clause: Sleep-inducing moves are banned
|clearpoke
|poke|p1|Heatran, F|
|poke|p1|Ogerpon-Wellspring, F|
|poke|p1|Dragonite, F|
|poke|p1|Hatterene, F|
|poke|p1|Garganacl, M|
|poke|p1|Great Tusk|
|poke|p2|Scizor, M|
|poke|p2|Deoxys-Speed|
|poke|p2|Azelf|
|poke|p2|Tyranitar, M|
|poke|p2|Corviknight, M|
|poke|p2|Zapdos|
|teampreview
|inactive|Battle timer is ON: inactive players will automatically lose when time's up. (requested by blkjptr)
|inactive|sus skibidi also wants the timer to be on.
|
|t:|1760849877
|teamsize|p1|6
|teamsize|p2|6
|start
|switch|p1a: Awel Sum|Ogerpon-Wellspring, F|100/100
|switch|p2a: Tyranitar|Tyranitar, M|100/100
|-weather|Sandstorm|[from] ability: Sand Stream|[of] p2a: Tyranitar
|turn|1
|
|t:|1760849887
|move|p1a: Awel Sum|Swords Dance|p1a: Awel Sum
|-boost|p1a: Awel Sum|atk|2
|move|p2a: Tyranitar|Knock Off|p1a: Awel Sum
|-damage|p1a: Awel Sum|60/100
|
|-weather|Sandstorm|[upkeep]
|-damage|p1a: Awel Sum|54/100|[from] Sandstorm
|upkeep
|turn|2
|
|t:|1760849891
|move|p1a: Awel Sum|Ivy Cudgel|p2a: Tyranitar|[anim] Ivy Cudgel Water
|-supereffective|p2a: Tyranitar
|-damage|p2a: Tyranitar|0 fnt
|faint|p2a: Tyranitar
|
|-weather|Sandstorm|[upkeep]
|-damage|p1a: Awel Sum|48/100|[from] Sandstorm
|upkeep
|
|t:|1760849894
|switch|p2a: Corviknight|Corviknight, M|100/100
|-ability|p2a: Corviknight|Pressure
|turn|3
|
|t:|1760849896
|move|p1a: Awel Sum|Ivy Cudgel|p2a: Corviknight|[anim] Ivy Cudgel Water
|-damage|p2a: Corviknight|17/100
|move|p2a: Corviknight|Brave Bird|p1a: Awel Sum
|-supereffective|p1a: Awel Sum
|-damage|p1a: Awel Sum|0 fnt
|faint|p1a: Awel Sum
|-damage|p2a: Corviknight|5/100|[from] Recoil
|
|-weather|Sandstorm|[upkeep]
|upkeep
|
|t:|1760849911
|switch|p1a: Dodge|Heatran, F|100/100
|-item|p1a: Dodge|Air Balloon
|turn|4
|
|t:|1760849914
|move|p1a: Dodge|Flamethrower|p2a: Corviknight
|-supereffective|p2a: Corviknight
|-damage|p2a: Corviknight|0 fnt
|faint|p2a: Corviknight
|
|-weather|Sandstorm|[upkeep]
|upkeep
|
|t:|1760849920
|switch|p2a: Azelf|Azelf|100/100
|turn|5
|
|t:|1760849925
|switch|p1a: Forever More Quoth|Hatterene, F|100/100
|move|p2a: Azelf|Mystical Power|p1a: Forever More Quoth|[miss]
|-miss|p2a: Azelf|p1a: Forever More Quoth
|
|-weather|none
|upkeep
|turn|6
|
|t:|1760849930
|move|p2a: Azelf|Mystical Power|p1a: Forever More Quoth
|-resisted|p1a: Forever More Quoth
|-damage|p1a: Forever More Quoth|82/100
|-boost|p2a: Azelf|spa|1
|move|p1a: Forever More Quoth|Nuzzle|p2a: Azelf
|-damage|p2a: Azelf|94/100
|-status|p2a: Azelf|par
|
|upkeep
|turn|7
|
|t:|1760849935
|move|p2a: Azelf|Mystical Power|p1a: Forever More Quoth
|-resisted|p1a: Forever More Quoth
|-damage|p1a: Forever More Quoth|46/100
|-boost|p2a: Azelf|spa|1
|move|p1a: Forever More Quoth|Dazzling Gleam|p2a: Azelf
|-damage|p2a: Azelf|35/100 par
|
|upkeep
|turn|8
|
|t:|1760849938
|move|p2a: Azelf|Mystical Power|p1a: Forever More Quoth
|-resisted|p1a: Forever More Quoth
|-damage|p1a: Forever More Quoth|0 fnt
|-boost|p2a: Azelf|spa|1
|faint|p1a: Forever More Quoth
|
|upkeep
|j| Koolkidds5
|
|t:|1760849947
|switch|p1a: Dodge|Heatran, F|100/100
|-item|p1a: Dodge|Air Balloon
|turn|9
|
|t:|1760849950
|move|p1a: Dodge|Flamethrower|p2a: Azelf
|-damage|p2a: Azelf|0 fnt
|faint|p2a: Azelf
|
|upkeep
|
|t:|1760849954
|switch|p2a: Zapdos|Zapdos|100/100
|turn|10
|
|t:|1760849957
|switch|p1a: Guanciale|Garganacl, M, shiny|100/100
|move|p2a: Zapdos|Thunderbolt|p1a: Guanciale
|-damage|p1a: Guanciale|54/100
|-damage|p2a: Zapdos|91/100|[from] item: Life Orb
|
|-heal|p1a: Guanciale|60/100|[from] item: Leftovers
|upkeep
|turn|11
|
|t:|1760849965
|move|p2a: Zapdos|Thunderbolt|p1a: Guanciale
|-damage|p1a: Guanciale|17/100
|-damage|p2a: Zapdos|81/100|[from] item: Life Orb
|move|p1a: Guanciale|Salt Cure|p2a: Zapdos
|-supereffective|p2a: Zapdos
|-crit|p2a: Zapdos
|-damage|p2a: Zapdos|28/100
|-start|p2a: Zapdos|Salt Cure
|
|-heal|p1a: Guanciale|23/100|[from] item: Leftovers
|-damage|p2a: Zapdos|15/100|[from] Salt Cure
|upkeep
|turn|12
|
|t:|1760849969
|switch|p2a: Scizor|Scizor, M|100/100
|move|p1a: Guanciale|Recover|p1a: Guanciale
|-heal|p1a: Guanciale|73/100
|
|-heal|p1a: Guanciale|80/100|[from] item: Leftovers
|upkeep
|turn|13
|
|t:|1760849972
|move|p2a: Scizor|Close Combat|p1a: Guanciale
|-supereffective|p1a: Guanciale
|-damage|p1a: Guanciale|16/100
|-unboost|p2a: Scizor|def|1
|-unboost|p2a: Scizor|spd|1
|move|p1a: Guanciale|Salt Cure|p2a: Scizor
|-damage|p2a: Scizor|78/100
|-start|p2a: Scizor|Salt Cure
|
|-heal|p1a: Guanciale|22/100|[from] item: Leftovers
|-damage|p2a: Scizor|53/100|[from] Salt Cure
|upkeep
|turn|14
|
|t:|1760849976
|move|p2a: Scizor|Swords Dance|p2a: Scizor
|-boost|p2a: Scizor|atk|2
|move|p1a: Guanciale|Recover|p1a: Guanciale
|-heal|p1a: Guanciale|72/100
|
|-heal|p1a: Guanciale|79/100|[from] item: Leftovers
|-damage|p2a: Scizor|29/100|[from] Salt Cure
|upkeep
|turn|15
|
|t:|1760849982
|move|p2a: Scizor|Close Combat|p1a: Guanciale
|-supereffective|p1a: Guanciale
|-damage|p1a: Guanciale|0 fnt
|-unboost|p2a: Scizor|def|1
|-unboost|p2a: Scizor|spd|1
|faint|p1a: Guanciale
|
|-damage|p2a: Scizor|4/100|[from] Salt Cure
|upkeep
|
|t:|1760849986
|switch|p1a: Good Night gngy|Dragonite, F|100/100
|turn|16
|
|t:|1760849988
|move|p1a: Good Night gngy|Extreme Speed|p2a: Scizor
|-resisted|p2a: Scizor
|-damage|p2a: Scizor|0 fnt
|faint|p2a: Scizor
|
|upkeep
|
|t:|1760849991
|switch|p2a: Zapdos|Zapdos|15/100
|turn|17
|
|t:|1760849995
|move|p1a: Good Night gngy|Extreme Speed|p2a: Zapdos
|-damage|p2a: Zapdos|0 fnt
|-status|p1a: Good Night gngy|par|[from] ability: Static|[of] p2a: Zapdos
|faint|p2a: Zapdos
|
|upkeep
|
|t:|1760849997
|switch|p2a: Deoxys|Deoxys-Speed|100/100
|-ability|p2a: Deoxys|Pressure
|turn|18
|
|t:|1760850002
|move|p1a: Good Night gngy|Extreme Speed|p2a: Deoxys
|-damage|p2a: Deoxys|54/100
|move|p2a: Deoxys|Ice Beam|p1a: Good Night gngy
|-supereffective|p1a: Good Night gngy
|-damage|p1a: Good Night gngy|51/100 par
|
|upkeep
|turn|19
|
|t:|1760850006
|move|p1a: Good Night gngy|Extreme Speed|p2a: Deoxys
|-damage|p2a: Deoxys|10/100
|move|p2a: Deoxys|Ice Beam|p1a: Good Night gngy
|-supereffective|p1a: Good Night gngy
|-damage|p1a: Good Night gngy|0 fnt
|faint|p1a: Good Night gngy
|
|upkeep
|
|t:|1760850011
|switch|p1a: Horned Up Big Dawg|Great Tusk|100/100
|-enditem|p1a: Horned Up Big Dawg|Booster Energy
|-activate|p1a: Horned Up Big Dawg|ability: Protosynthesis|[fromitem]
|-start|p1a: Horned Up Big Dawg|protosynthesisspe
|turn|20
|
|t:|1760850018
|move|p2a: Deoxys|Ice Beam|p1a: Horned Up Big Dawg
|-supereffective|p1a: Horned Up Big Dawg
|-damage|p1a: Horned Up Big Dawg|37/100
|move|p1a: Horned Up Big Dawg|Rapid Spin|p2a: Deoxys
|-damage|p2a: Deoxys|0 fnt
|-boost|p1a: Horned Up Big Dawg|spe|1
|faint|p2a: Deoxys
|
|win|sus skibidi
|raw|sus skibidi's rating: 1454 &rarr; <strong>1472</strong><br />(+18 for winning)
|raw|blkjptr's rating: 1424 &rarr; <strong>1406</strong><br />(-18 for losing)
|l|☆blkjptr
|player|p2|
|l|☆sus skibidi
|player|p1|
|l| Koolkidds5
