|j|☆jibreel69
|j|‽blueisnoob
|t:|1760791398
|gametype|singles
|player|p1|jibreel69|169|1553
|player|p2|blueisnoob|2|1523
|gen|9
|tier|[Gen 9] OU
|rated|
|rule|HP Percentage Mod: HP is shown in percentages
|rule|Endless Battle Clause: Forcing endless battles is banned
|rule|Species Clause: Limit one of each Pokémon
|rule|OHKO Clause: OHKO moves are banned
|rule|Evasion Items Clause: Evasion items are banned
|rule|Evasion Moves Clause: Evasion moves are banned
|rule|Evasion Abilities Clause: Evasion abilities are banned
|rule|Sleep Moves Clause: Sleep-inducing moves are banned
|clearpoke
|poke|p1|Enamorus, F|
|poke|p1|Great Tusk|
|poke|p1|Iron Crown|
|poke|p1|Lokix, M|
|poke|p1|Alomomola, M|
|poke|p1|Pecharunt|
|poke|p2|Zamazenta-*|
|poke|p2|Ogerpon-Wellspring, F|
|poke|p2|Slowking-Galar, F|
|poke|p2|Great Tusk|
|poke|p2|Kingambit, M|
|poke|p2|Zapdos|
|teampreview
|
|t:|1760791405
|teamsize|p1|6
|teamsize|p2|6
|start
|switch|p1a: Braveheart|Iron Crown|100/100
|switch|p2a: Zapdos|Zapdos|100/100
|turn|1
|
|t:|1760791410
|move|p1a: Braveheart|Volt Switch|p2a: Zapdos
|-damage|p2a: Zapdos|64/100
|
|t:|1760791413
|-end|p1a: Braveheart|Quark Drive|[silent]
|switch|p1a: Behemoth|Great Tusk, shiny|100/100|[from] Volt Switch
|move|p2a: Zapdos|Thunder Wave|p1a: Behemoth
|-immune|p1a: Behemoth
|
|upkeep
|turn|2
|
|t:|1760791421
|-end|p1a: Behemoth|Protosynthesis|[silent]
|switch|p1a: Pisces|Alomomola, M, shiny|100/100
|move|p2a: Zapdos|Hurricane|p1a: Pisces
|-damage|p1a: Pisces|75/100
|-start|p1a: Pisces|confusion
|
|upkeep
|turn|3
|
|t:|1760791427
|move|p2a: Zapdos|Thunder Wave|p1a: Pisces|[miss]
|-miss|p2a: Zapdos|p1a: Pisces
|-activate|p1a: Pisces|confusion
|move|p1a: Pisces|Flip Turn|p2a: Zapdos
|-damage|p2a: Zapdos|52/100
|
|t:|1760791441
|switch|p1a: Braveheart|Iron Crown|100/100|[from] Flip Turn
|
|upkeep
|turn|4
|
|t:|1760791444
|move|p1a: Braveheart|Psychic Noise|p2a: Zapdos
|-damage|p2a: Zapdos|1/100
|-start|p2a: Zapdos|move: Heal Block
|cant|p2a: Zapdos|move: Heal Block|Roost
|
|upkeep
|turn|5
|
|t:|1760791454
|-end|p1a: Braveheart|Quark Drive|[silent]
|switch|p1a: Behemoth|Great Tusk, shiny|100/100
|switch|p2a: Slowking|Slowking-Galar, F|100/100
|
|upkeep
|turn|6
|
|t:|1760791461
|move|p1a: Behemoth|Stealth Rock|p2a: Slowking
|-sidestart|p2: blueisnoob|move: Stealth Rock
|move|p2a: Slowking|Ice Beam|p1a: Behemoth
|-supereffective|p1a: Behemoth
|-damage|p1a: Behemoth|15/100
|
|upkeep
|turn|7
|
|t:|1760791466
|switch|p2a: Zapdos|Zapdos|1/100
|move|p1a: Behemoth|Headlong Rush|p2a: Zapdos
|-immune|p2a: Zapdos
|
|upkeep
|turn|8
|
|t:|1760791473
|move|p1a: Behemoth|Rapid Spin|p2a: Zapdos
|-damage|p2a: Zapdos|0 fnt
|-boost|p1a: Behemoth|spe|1
|faint|p2a: Zapdos
|
|upkeep
|
|t:|1760791477
|switch|p2a: Great Tusk|Great Tusk, shiny|100/100
|turn|9
|
|t:|1760791490
|-end|p1a: Behemoth|Protosynthesis|[silent]
|switch|p1a: Gin|Enamorus, F, shiny|100/100
|move|p2a: Great Tusk|Stealth Rock|p1a: Gin
|-sidestart|p1: jibreel69|move: Stealth Rock
|
|upkeep
|turn|10
|
|t:|1760791499
|switch|p1a: Behemoth|Great Tusk, shiny|15/100
|-terastallize|p2a: Great Tusk|Fire
|move|p2a: Great Tusk|Rapid Spin|p1a: Behemoth
|-damage|p1a: Behemoth|3/100
|-boost|p2a: Great Tusk|spe|1
|-sideend|p2: blueisnoob|Stealth Rock|[from] move: Rapid Spin|[of] p2a: Great Tusk
|
|upkeep
|turn|11
|
|t:|1760791518
|-end|p1a: Behemoth|Protosynthesis|[silent]
|switch|p1a: Overseer|Pecharunt|100/100
|-damage|p1a: Overseer|88/100|[from] Stealth Rock
|move|p2a: Great Tusk|Rapid Spin|p1a: Overseer
|-immune|p1a: Overseer
|
|upkeep
|turn|12
|
|t:|1760791530
|-end|p2a: Great Tusk|Protosynthesis|[silent]
|switch|p2a: Slowking|Slowking-Galar, F|100/100
|switch|p1a: Gin|Enamorus, F, shiny|100/100
|-damage|p1a: Gin|76/100|[from] Stealth Rock
|
|upkeep
|turn|13
|
|t:|1760791535
|switch|p1a: Pisces|Alomomola, M, shiny|100/100
|-damage|p1a: Pisces|88/100|[from] Stealth Rock
|move|p2a: Slowking|Ice Beam|p1a: Pisces
|-resisted|p1a: Pisces
|-damage|p1a: Pisces|79/100
|
|upkeep
|turn|14
|
|t:|1760791550
|switch|p1a: Edgar|Lokix, M, shiny|100/100
|-damage|p1a: Edgar|76/100|[from] Stealth Rock
|move|p2a: Slowking|Sludge Bomb|p1a: Edgar
|-damage|p1a: Edgar|0 fnt
|faint|p1a: Edgar
|
|upkeep
|inactive|Battle timer is ON: inactive players will automatically lose when time's up. (requested by blueisnoob)
|
|t:|1760791557
|switch|p1a: Behemoth|Great Tusk, shiny|3/100
|turn|15
|
|t:|1760791564
|switch|p2a: Zamazenta|Zamazenta|100/100
|-ability|p2a: Zamazenta|Dauntless Shield|boost
|-boost|p2a: Zamazenta|def|1
|move|p1a: Behemoth|Rapid Spin|p2a: Zamazenta
|-damage|p2a: Zamazenta|90/100
|-boost|p1a: Behemoth|spe|1
|-sideend|p1: jibreel69|Stealth Rock|[from] move: Rapid Spin|[of] p1a: Behemoth
|
|upkeep
|turn|16
|
|t:|1760791572
|move|p1a: Behemoth|Stealth Rock|p2a: Zamazenta
|-sidestart|p2: blueisnoob|move: Stealth Rock
|move|p2a: Zamazenta|Crunch|p1a: Behemoth
|-resisted|p1a: Behemoth
|-damage|p1a: Behemoth|0 fnt
|faint|p1a: Behemoth
|-end|p1a: Behemoth|Protosynthesis|[silent]
|
|upkeep
|
|t:|1760791575
|switch|p1a: Overseer|Pecharunt|88/100
|turn|17
|
|t:|1760791582
|move|p2a: Zamazenta|Crunch|p1a: Overseer
|-supereffective|p1a: Overseer
|-damage|p1a: Overseer|56/100
|-damage|p2a: Zamazenta|73/100|[from] item: Rocky Helmet|[of] p1a: Overseer
|move|p1a: Overseer|Parting Shot|p2a: Zamazenta
|-unboost|p2a: Zamazenta|atk|1
|-unboost|p2a: Zamazenta|spa|1
|
|t:|1760791588
|switch|p1a: Pisces|Alomomola, M, shiny|100/100|[from] Parting Shot
|
|upkeep
|turn|18
|
|t:|1760791591
|switch|p2a: Great Tusk|Great Tusk, shiny, tera:Fire|100/100
|move|p1a: Pisces|Flip Turn|p2a: Great Tusk
|-supereffective|p2a: Great Tusk
|-damage|p2a: Great Tusk|76/100
|
|t:|1760791599
|switch|p1a: Gin|Enamorus, F, shiny|76/100|[from] Flip Turn
|
|upkeep
|turn|19
|
|t:|1760791605
|-end|p2a: Great Tusk|Protosynthesis|[silent]
|switch|p2a: Slowking|Slowking-Galar, F|100/100
|-damage|p2a: Slowking|88/100|[from] Stealth Rock
|move|p1a: Gin|Earth Power|p2a: Slowking
|-supereffective|p2a: Slowking
|-damage|p2a: Slowking|52/100
|
|upkeep
|turn|20
|
|t:|1760791613
|switch|p1a: Braveheart|Iron Crown|100/100
|move|p2a: Slowking|Ice Beam|p1a: Braveheart
|-resisted|p1a: Braveheart
|-damage|p1a: Braveheart|87/100
|
|upkeep
|turn|21
|
|t:|1760791619
|move|p1a: Braveheart|Volt Switch|p2a: Slowking
|-damage|p2a: Slowking|36/100
|
|t:|1760791624
|-end|p1a: Braveheart|Quark Drive|[silent]
|switch|p1a: Pisces|Alomomola, M, shiny|100/100|[from] Volt Switch
|move|p2a: Slowking|Flamethrower|p1a: Pisces
|-resisted|p1a: Pisces
|-damage|p1a: Pisces|92/100
|
|upkeep
|turn|22
|
|t:|1760791629
|switch|p2a: Ogerpon|Ogerpon-Wellspring, F|100/100
|-damage|p2a: Ogerpon|88/100|[from] Stealth Rock
|move|p1a: Pisces|Flip Turn|p2a: Ogerpon
|-heal|p2a: Ogerpon|100/100|[from] ability: Water Absorb|[of] p1a: Pisces
|
|upkeep
|turn|23
|
|t:|1760791633
|switch|p1a: Overseer|Pecharunt|56/100
|move|p2a: Ogerpon|Knock Off|p1a: Overseer
|-supereffective|p1a: Overseer
|-damage|p1a: Overseer|22/100
|-damage|p2a: Ogerpon|84/100|[from] item: Rocky Helmet|[of] p1a: Overseer
|-enditem|p1a: Overseer|Rocky Helmet|[from] move: Knock Off|[of] p2a: Ogerpon
|
|upkeep
|turn|24
|
|t:|1760791641
|move|p2a: Ogerpon|Ivy Cudgel|p1a: Overseer|[anim] Ivy Cudgel Water
|-damage|p1a: Overseer|0 fnt
|faint|p1a: Overseer
|
|upkeep
|
|t:|1760791651
|switch|p1a: Gin|Enamorus, F, shiny|76/100
|turn|25
|
|t:|1760791654
|-terastallize|p1a: Gin|Fairy
|move|p1a: Gin|Moonblast|p2a: Ogerpon
|-damage|p2a: Ogerpon|0 fnt
|faint|p2a: Ogerpon
|
|upkeep
|
|t:|1760791657
|switch|p2a: Slowking|Slowking-Galar, F|69/100
|-damage|p2a: Slowking|57/100|[from] Stealth Rock
|turn|26
|
|t:|1760791666
|switch|p1a: Pisces|Alomomola, M, shiny|100/100
|move|p2a: Slowking|Flamethrower|p1a: Pisces
|-resisted|p1a: Pisces
|-damage|p1a: Pisces|93/100
|
|upkeep
|turn|27
|
|t:|1760791673
|move|p1a: Pisces|Flip Turn|p2a: Slowking
|-damage|p2a: Slowking|40/100
|
|t:|1760791677
|switch|p1a: Braveheart|Iron Crown|87/100|[from] Flip Turn
|move|p2a: Slowking|Flamethrower|p1a: Braveheart
|-supereffective|p1a: Braveheart
|-damage|p1a: Braveheart|25/100
|
|upkeep
|turn|28
|
|t:|1760791688
|switch|p2a: Kingambit|Kingambit, M|100/100
|-damage|p2a: Kingambit|94/100|[from] Stealth Rock
|-activate|p2a: Kingambit|ability: Supreme Overlord
|-start|p2a: Kingambit|fallen2|[silent]
|move|p1a: Braveheart|Volt Switch|p2a: Kingambit
|-damage|p2a: Kingambit|57/100
|
|t:|1760791700
|-end|p1a: Braveheart|Quark Drive|[silent]
|switch|p1a: Gin|Enamorus, F, shiny, tera:Fairy|76/100|[from] Volt Switch
|
|-heal|p2a: Kingambit|63/100|[from] item: Leftovers
|upkeep
|turn|29
|
|t:|1760791706
|move|p2a: Kingambit|Sucker Punch|p1a: Gin
|-resisted|p1a: Gin
|-damage|p1a: Gin|36/100
|move|p1a: Gin|Earth Power|p2a: Kingambit
|-supereffective|p2a: Kingambit
|-damage|p2a: Kingambit|0 fnt
|faint|p2a: Kingambit
|-end|p2a: Kingambit|fallen2|[silent]
|
|upkeep
|
|t:|1760791720
|switch|p2a: Slowking|Slowking-Galar, F|73/100
|-damage|p2a: Slowking|61/100|[from] Stealth Rock
|turn|30
|
|t:|1760791726
|move|p1a: Gin|Earth Power|p2a: Slowking
|-supereffective|p2a: Slowking
|-damage|p2a: Slowking|26/100
|move|p2a: Slowking|Psyshock|p1a: Gin
|-damage|p1a: Gin|0 fnt
|faint|p1a: Gin
|
|upkeep
|
|t:|1760791733
|switch|p1a: Braveheart|Iron Crown|25/100
|turn|31
|
|t:|1760791736
|switch|p2a: Great Tusk|Great Tusk, shiny, tera:Fire|76/100
|move|p1a: Braveheart|Tachyon Cutter|p2a: Great Tusk
|-resisted|p2a: Great Tusk
|-damage|p2a: Great Tusk|48/100
|-resisted|p2a: Great Tusk
|-damage|p2a: Great Tusk|19/100
|-hitcount|p2a: Great Tusk|2
|
|upkeep
|turn|32
|
|t:|1760791741
|move|p1a: Braveheart|Tachyon Cutter|p2a: Great Tusk
|-resisted|p2a: Great Tusk
|-damage|p2a: Great Tusk|0 fnt
|faint|p2a: Great Tusk
|-end|p2a: Great Tusk|Protosynthesis|[silent]
|-hitcount|p2: Great Tusk|1
|
|upkeep
|
|t:|1760791744
|switch|p2a: Zamazenta|Zamazenta|73/100
|-damage|p2a: Zamazenta|67/100|[from] Stealth Rock
|turn|33
|
|t:|1760791746
|-end|p1a: Braveheart|Quark Drive|[silent]
|switch|p1a: Pisces|Alomomola, M, shiny|100/100
|move|p2a: Zamazenta|Crunch|p1a: Pisces
|-crit|p1a: Pisces
|-damage|p1a: Pisces|76/100
|
|upkeep
|turn|34
|
|t:|1760791760
|switch|p2a: Slowking|Slowking-Galar, F|59/100
|-damage|p2a: Slowking|46/100|[from] Stealth Rock
|move|p1a: Pisces|Play Rough|p2a: Slowking
|-resisted|p2a: Slowking
|-damage|p2a: Slowking|37/100
|
|upkeep
|turn|35
|
|t:|1760791765
|move|p2a: Slowking|Flamethrower|p1a: Pisces
|-resisted|p1a: Pisces
|-damage|p1a: Pisces|68/100
|move|p1a: Pisces|Mirror Coat|p2a: Slowking
|-damage|p2a: Slowking|16/100
|
|upkeep
|turn|36
|
|t:|1760791768
|switch|p2a: Zamazenta|Zamazenta|67/100
|-damage|p2a: Zamazenta|61/100|[from] Stealth Rock
|move|p1a: Pisces|Flip Turn|p2a: Zamazenta
|-damage|p2a: Zamazenta|45/100
|
|t:|1760791770
|switch|p1a: Braveheart|Iron Crown|25/100|[from] Flip Turn
|
|upkeep
|turn|37
|
|t:|1760791773
|-end|p1a: Braveheart|Quark Drive|[silent]
|switch|p1a: Pisces|Alomomola, M, shiny|100/100
|move|p2a: Zamazenta|Crunch|p1a: Pisces
|-damage|p1a: Pisces|84/100
|
|upkeep
|turn|38
|
|t:|1760791779
|switch|p2a: Slowking|Slowking-Galar, F|49/100
|-damage|p2a: Slowking|37/100|[from] Stealth Rock
|move|p1a: Pisces|Play Rough|p2a: Slowking
|-resisted|p2a: Slowking
|-damage|p2a: Slowking|29/100
|
|upkeep
|turn|39
|
|t:|1760791781
|switch|p2a: Zamazenta|Zamazenta|45/100
|-damage|p2a: Zamazenta|39/100|[from] Stealth Rock
|move|p1a: Pisces|Play Rough|p2a: Zamazenta
|-supereffective|p2a: Zamazenta
|-damage|p2a: Zamazenta|7/100
|
|upkeep
|turn|40
|
|t:|1760791788
|move|p2a: Zamazenta|Close Combat|p1a: Pisces
|-damage|p1a: Pisces|46/100
|-unboost|p2a: Zamazenta|def|1
|-unboost|p2a: Zamazenta|spd|1
|move|p1a: Pisces|Flip Turn|p2a: Zamazenta
|-damage|p2a: Zamazenta|0 fnt
|faint|p2a: Zamazenta
|
|t:|1760791791
|switch|p1a: Braveheart|Iron Crown|25/100|[from] Flip Turn
|
|upkeep
|
|t:|1760791793
|switch|p2a: Slowking|Slowking-Galar, F|62/100
|-damage|p2a: Slowking|50/100|[from] Stealth Rock
|turn|41
|
|t:|1760791799
|move|p1a: Braveheart|Tachyon Cutter|p2a: Slowking
|-damage|p2a: Slowking|32/100
|-damage|p2a: Slowking|12/100
|-hitcount|p2a: Slowking|2
|move|p2a: Slowking|Flamethrower|p1a: Braveheart
|-supereffective|p1a: Braveheart
|-damage|p1a: Braveheart|0 fnt
|faint|p1a: Braveheart
|-end|p1a: Braveheart|Quark Drive|[silent]
|
|upkeep
|
|t:|1760791802
|switch|p1a: Pisces|Alomomola, M, shiny|79/100
|turn|42
|j| RedemptiveSketch
|
|t:|1760791806
|move|p2a: Slowking|Sludge Bomb|p1a: Pisces
|-damage|p1a: Pisces|53/100
|-status|p1a: Pisces|psn
|move|p1a: Pisces|Mirror Coat|p2a: Slowking
|-damage|p2a: Slowking|0 fnt
|faint|p2a: Slowking
|
|win|jibreel69
|raw|jibreel69's rating: 1553 &rarr; <strong>1571</strong><br />(+18 for winning)
|raw|blueisnoob's rating: 1523 &rarr; <strong>1505</strong><br />(-18 for losing)
|l|‽blueisnoob
|player|p2|
