|j|☆Monarith
|j|☆XtraToe
|t:|1760853414
|gametype|singles
|player|p1|Monarith|wicke|1363
|player|p2|XtraToe|170|1400
|gen|9
|tier|[Gen 9] OU
|rated|
|rule|HP Percentage Mod: HP is shown in percentages
|rule|Endless Battle Clause: Forcing endless battles is banned
|rule|Species Clause: Limit one of each Pokémon
|rule|OHKO Clause: OHKO moves are banned
|rule|Evasion Items Clause: Evasion items are banned
|rule|Evasion Moves Clause: Evasion moves are banned
|rule|Evasion Abilities Clause: Evasion abilities are banned
|rule|Sleep Moves Clause: Sleep-inducing moves are banned
|clearpoke
|poke|p1|Eelektross, F|
|poke|p1|Dragapult, F|
|poke|p1|Hatterene, F|
|poke|p1|Iron Treads|
|poke|p1|Iron Moth|
|poke|p1|Ogerpon-Wellspring, F|
|poke|p2|Primarina, F|
|poke|p2|Dragapult, F|
|poke|p2|Gholdengo|
|poke|p2|Blaziken, F|
|poke|p2|Hoopa-Unbound|
|poke|p2|Landorus-Therian, M|
|teampreview
|inactive|Battle timer is ON: inactive players will automatically lose when time's up. (requested by XtraToe)
|inactive|XtraToe has 120 seconds left.
|
|t:|1760853479
|teamsize|p1|6
|teamsize|p2|6
|start
|switch|p1a: Dragapult|Dragapult, F|100/100
|switch|p2a: Derpy|Landorus-Therian, M|100/100
|-ability|p2a: Derpy|Intimidate|boost
|-unboost|p1a: Dragapult|atk|1
|turn|1
|
|t:|1760853490
|move|p1a: Dragapult|Will-O-Wisp|p2a: Derpy
|-status|p2a: Derpy|brn
|move|p2a: Derpy|Stealth Rock|p1a: Dragapult
|-sidestart|p1: Monarith|move: Stealth Rock
|
|-damage|p2a: Derpy|94/100 brn|[from] brn
|upkeep
|turn|2
|
|t:|1760853498
|move|p1a: Dragapult|Hex|p2a: Derpy
|-damage|p2a: Derpy|48/100 brn
|move|p2a: Derpy|U-turn|p1a: Dragapult
|-resisted|p1a: Dragapult
|-damage|p1a: Dragapult|94/100
|
|t:|1760853506
|switch|p2a: FreEEeeEEE|Primarina, F, shiny|100/100|[from] U-turn
|
|upkeep
|turn|3
|
|t:|1760853512
|move|p1a: Dragapult|Thunder Wave|p2a: FreEEeeEEE
|-status|p2a: FreEEeeEEE|par
|cant|p2a: FreEEeeEEE|par
|
|upkeep
|turn|4
|
|t:|1760853516
|move|p1a: Dragapult|U-turn|p2a: FreEEeeEEE
|-resisted|p2a: FreEEeeEEE
|-damage|p2a: FreEEeeEEE|94/100 par
|
|t:|1760853519
|switch|p1a: Hatterene|Hatterene, F|100/100|[from] U-turn
|-damage|p1a: Hatterene|88/100|[from] Stealth Rock
|move|p2a: FreEEeeEEE|Moonblast|p1a: Hatterene
|-damage|p1a: Hatterene|51/100
|-unboost|p1a: Hatterene|spa|1
|
|-heal|p2a: FreEEeeEEE|99/100 par|[from] item: Leftovers
|upkeep
|turn|5
|
|t:|1760853524
|move|p1a: Hatterene|Giga Drain|p2a: FreEEeeEEE
|-supereffective|p2a: FreEEeeEEE
|-damage|p2a: FreEEeeEEE|67/100 par
|-heal|p1a: Hatterene|70/100|[from] drain|[of] p2a: FreEEeeEEE
|move|p2a: FreEEeeEEE|Whirlpool|p1a: Hatterene
|-damage|p1a: Hatterene|56/100
|-activate|p1a: Hatterene|move: Whirlpool|[of] p2a: FreEEeeEEE
|
|-heal|p2a: FreEEeeEEE|73/100 par|[from] item: Leftovers
|-damage|p1a: Hatterene|44/100|[from] move: Whirlpool|[partiallytrapped]
|upkeep
|turn|6
|
|t:|1760853534
|switch|p2a: No more Abs|Hoopa-Unbound|100/100
|move|p1a: Hatterene|Giga Drain|p2a: No more Abs
|-damage|p2a: No more Abs|84/100
|-heal|p1a: Hatterene|52/100|[from] drain|[of] p2a: No more Abs
|
|-end|p1a: Hatterene|Whirlpool|[partiallytrapped]|[silent]
|upkeep
|turn|7
|
|t:|1760853546
|switch|p1a: Iron Treads|Iron Treads|100/100
|move|p2a: No more Abs|Hyperspace Fury|p1a: Iron Treads
|-damage|p1a: Iron Treads|50/100
|-unboost|p2a: No more Abs|def|1
|
|upkeep
|turn|8
|
|t:|1760853553
|move|p2a: No more Abs|Hyperspace Fury|p1a: Iron Treads
|-damage|p1a: Iron Treads|0 fnt
|-unboost|p2a: No more Abs|def|1
|faint|p1a: Iron Treads
|-end|p1a: Iron Treads|Quark Drive|[silent]
|
|upkeep
|
|t:|1760853563
|switch|p1a: Iron Moth|Iron Moth|100/100
|-damage|p1a: Iron Moth|76/100|[from] Stealth Rock
|-enditem|p1a: Iron Moth|Booster Energy
|-activate|p1a: Iron Moth|ability: Quark Drive|[fromitem]
|-start|p1a: Iron Moth|quarkdrivespe
|turn|9
|
|t:|1760853572
|move|p1a: Iron Moth|Fiery Dance|p2a: No more Abs
|-damage|p2a: No more Abs|48/100
|-boost|p1a: Iron Moth|spa|1
|move|p2a: No more Abs|Hyperspace Fury|p1a: Iron Moth
|-damage|p1a: Iron Moth|0 fnt
|-unboost|p2a: No more Abs|def|1
|faint|p1a: Iron Moth
|-end|p1a: Iron Moth|Quark Drive|[silent]
|
|upkeep
|
|t:|1760853578
|switch|p1a: Ogerpon|Ogerpon-Wellspring, F|100/100
|-damage|p1a: Ogerpon|88/100|[from] Stealth Rock
|turn|10
|
|t:|1760853583
|-terastallize|p1a: Ogerpon|Water
|detailschange|p1a: Ogerpon|Ogerpon-Wellspring-Tera, F, tera:Water
|-ability|p1a: Ogerpon|Embody Aspect (Wellspring)|boost
|-boost|p1a: Ogerpon|spd|1
|move|p2a: No more Abs|Hyperspace Fury|p1a: Ogerpon
|-damage|p1a: Ogerpon|11/100
|-unboost|p2a: No more Abs|def|1
|move|p1a: Ogerpon|Trailblaze|p2a: No more Abs
|-crit|p2a: No more Abs
|-damage|p2a: No more Abs|0 fnt
|-boost|p1a: Ogerpon|spe|1
|faint|p2a: No more Abs
|
|upkeep
|
|t:|1760853601
|switch|p2a: I go Rambo|Dragapult, F, shiny|100/100
|turn|11
|
|t:|1760853605
|move|p1a: Ogerpon|Knock Off|p2a: I go Rambo
|-supereffective|p2a: I go Rambo
|-damage|p2a: I go Rambo|0 fnt
|-enditem|p2a: I go Rambo|Heavy-Duty Boots|[from] move: Knock Off|[of] p1a: Ogerpon
|faint|p2a: I go Rambo
|
|upkeep
|
|t:|1760853612
|switch|p2a: Cheese on stage|Gholdengo|100/100
|-item|p2a: Cheese on stage|Air Balloon
|turn|12
|
|t:|1760853617
|switch|p2a: Derpy|Landorus-Therian, M|48/100 brn
|-ability|p2a: Derpy|Intimidate|boost
|-unboost|p1a: Ogerpon|atk|1
|move|p1a: Ogerpon|Knock Off|p2a: Derpy
|-damage|p2a: Derpy|31/100 brn
|-damage|p1a: Ogerpon|0 fnt|[from] item: Rocky Helmet|[of] p2a: Derpy
|faint|p1a: Ogerpon
|detailschange|p1: Ogerpon|Ogerpon-Wellspring, F|[silent]
|
|-damage|p2a: Derpy|25/100 brn|[from] brn
|upkeep
|
|t:|1760853622
|switch|p1a: Eelektross|Eelektross, F|100/100
|-damage|p1a: Eelektross|88/100|[from] Stealth Rock
|turn|13
|
|t:|1760853628
|move|p2a: Derpy|Smack Down|p1a: Eelektross
|-damage|p1a: Eelektross|80/100
|-start|p1a: Eelektross|Smack Down
|move|p1a: Eelektross|Coil|p1a: Eelektross
|-boost|p1a: Eelektross|atk|1
|-boost|p1a: Eelektross|def|1
|-boost|p1a: Eelektross|accuracy|1
|
|-heal|p1a: Eelektross|86/100|[from] item: Leftovers
|-damage|p2a: Derpy|19/100 brn|[from] brn
|upkeep
|turn|14
|
|t:|1760853634
|switch|p1a: Dragapult|Dragapult, F|94/100
|move|p2a: Derpy|Earthquake|p1a: Dragapult
|-damage|p1a: Dragapult|69/100
|
|-damage|p2a: Derpy|13/100 brn|[from] brn
|upkeep
|turn|15
|
|t:|1760853639
|move|p1a: Dragapult|Hex|p2a: Derpy
|-damage|p2a: Derpy|0 fnt
|faint|p2a: Derpy
|
|upkeep
|
|t:|1760853646
|switch|p2a: FreEEeeEEE|Primarina, F, shiny|73/100 par
|turn|16
|
|t:|1760853649
|move|p1a: Dragapult|U-turn|p2a: FreEEeeEEE
|-resisted|p2a: FreEEeeEEE
|-damage|p2a: FreEEeeEEE|62/100 par
|
|t:|1760853652
|switch|p1a: Hatterene|Hatterene, F|52/100|[from] U-turn
|-damage|p1a: Hatterene|39/100|[from] Stealth Rock
|cant|p2a: FreEEeeEEE|par
|
|-heal|p2a: FreEEeeEEE|68/100 par|[from] item: Leftovers
|upkeep
|turn|17
|
|t:|1760853659
|move|p1a: Hatterene|Giga Drain|p2a: FreEEeeEEE
|-supereffective|p2a: FreEEeeEEE
|-damage|p2a: FreEEeeEEE|15/100 par
|-heal|p1a: Hatterene|70/100|[from] drain|[of] p2a: FreEEeeEEE
|move|p2a: FreEEeeEEE|Moonblast|p1a: Hatterene
|-damage|p1a: Hatterene|31/100
|
|-heal|p2a: FreEEeeEEE|21/100 par|[from] item: Leftovers
|upkeep
|turn|18
|
|t:|1760853664
|switch|p2a: Problem Child|Blaziken, F, shiny|100/100
|move|p1a: Hatterene|Giga Drain|p2a: Problem Child
|-resisted|p2a: Problem Child
|-damage|p2a: Problem Child|80/100
|-heal|p1a: Hatterene|41/100|[from] drain|[of] p2a: Problem Child
|
|upkeep
|turn|19
|
|t:|1760853680
|move|p2a: Problem Child|Flare Blitz|p1a: Hatterene
|-damage|p1a: Hatterene|0 fnt
|faint|p1a: Hatterene
|-damage|p2a: Problem Child|65/100|[from] Recoil
|
|upkeep
|
|t:|1760853683
|switch|p1a: Dragapult|Dragapult, F|69/100
|turn|20
|
|t:|1760853687
|move|p1a: Dragapult|Thunder Wave|p2a: Problem Child|[miss]
|-miss|p1a: Dragapult|p2a: Problem Child
|move|p2a: Problem Child|Flare Blitz|p1a: Dragapult
|-resisted|p1a: Dragapult
|-damage|p1a: Dragapult|16/100
|-damage|p2a: Problem Child|43/100|[from] Recoil
|
|upkeep
|turn|21
|
|t:|1760853690
|move|p1a: Dragapult|Thunder Wave|p2a: Problem Child
|-status|p2a: Problem Child|par
|move|p2a: Problem Child|Flare Blitz|p1a: Dragapult
|-resisted|p1a: Dragapult
|-damage|p1a: Dragapult|0 fnt
|faint|p1a: Dragapult
|-damage|p2a: Problem Child|37/100 par|[from] Recoil
|
|upkeep
|
|t:|1760853693
|switch|p1a: Eelektross|Eelektross, F|86/100
|-damage|p1a: Eelektross|74/100|[from] Stealth Rock
|turn|22
|
|t:|1760853698
|move|p2a: Problem Child|Flare Blitz|p1a: Eelektross
|-damage|p1a: Eelektross|0 fnt
|faint|p1a: Eelektross
|-damage|p2a: Problem Child|7/100 par|[from] Recoil
|
|win|XtraToe
|raw|Monarith's rating: 1363 &rarr; <strong>1345</strong><br />(-18 for losing)
|raw|XtraToe's rating: 1400 &rarr; <strong>1418</strong><br />(+18 for winning)
|l|☆Monarith
|player|p1|
|l|☆XtraToe
|player|p2|
