|j|☆Ijustdie
|j|☆Luzzio
|t:|1760787372
|gametype|singles
|player|p1|Ijustdie|1|1424
|player|p2|Luzzio|lucas-gen4pt|1430
|gen|9
|tier|[Gen 9] OU
|rated|
|rule|HP Percentage Mod: HP is shown in percentages
|rule|Endless Battle Clause: Forcing endless battles is banned
|rule|Species Clause: Limit one of each Pokémon
|rule|OHKO Clause: OHKO moves are banned
|rule|Evasion Items Clause: Evasion items are banned
|rule|Evasion Moves Clause: Evasion moves are banned
|rule|Evasion Abilities Clause: Evasion abilities are banned
|rule|Sleep Moves Clause: Sleep-inducing moves are banned
|clearpoke
|poke|p1|Garchomp, M|
|poke|p1|Araquanid, F|
|poke|p1|Iron Valiant|
|poke|p1|Hydreigon, F|
|poke|p1|Corviknight, M|
|poke|p1|Iron Moth|
|poke|p2|Araquanid, F|
|poke|p2|Kingambit, M|
|poke|p2|Gholdengo|
|poke|p2|Great Tusk|
|poke|p2|Iron Moth|
|poke|p2|Luxray, M|
|teampreview
|inactive|Battle timer is ON: inactive players will automatically lose when time's up. (requested by Luzzio)
|
|t:|1760787393
|teamsize|p1|6
|teamsize|p2|6
|start
|switch|p1a: Garchomp|Garchomp, M|100/100
|switch|p2a: I Hit Hard|Luxray, M|100/100
|turn|1
|
|t:|1760787401
|switch|p2a: I Carry This Team|Araquanid, F|100/100
|move|p1a: Garchomp|Swords Dance|p1a: Garchomp
|-boost|p1a: Garchomp|atk|2
|
|upkeep
|turn|2
|
|t:|1760787411
|move|p2a: I Carry This Team|Endure|p2a: I Carry This Team
|-singleturn|p2a: I Carry This Team|move: Endure
|move|p1a: Garchomp|Scale Shot|p2a: I Carry This Team
|-damage|p2a: I Carry This Team|74/100
|-damage|p2a: I Carry This Team|49/100
|-damage|p2a: I Carry This Team|22/100
|-activate|p2a: I Carry This Team|move: Endure
|-damage|p2a: I Carry This Team|1/100
|-activate|p2a: I Carry This Team|move: Endure
|-damage|p2a: I Carry This Team|1/100
|-hitcount|p2a: I Carry This Team|5
|-unboost|p1a: Garchomp|def|1
|-boost|p1a: Garchomp|spe|1
|
|upkeep
|turn|3
|-enditem|p2a: I Carry This Team|Custap Berry|[eat]
|-activate|p2a: I Carry This Team|item: Custap Berry|[consumed]
|
|t:|1760787428
|-terastallize|p1a: Garchomp|Ghost
|move|p2a: I Carry This Team|Endeavor|p1a: Garchomp
|-immune|p1a: Garchomp
|move|p1a: Garchomp|Earthquake|p2a: I Carry This Team
|-resisted|p2a: I Carry This Team
|-damage|p2a: I Carry This Team|0 fnt
|faint|p2a: I Carry This Team
|
|upkeep
|
|t:|1760787444
|switch|p2a: I Need A Nerf|Kingambit, M|100/100
|-activate|p2a: I Need A Nerf|ability: Supreme Overlord
|-start|p2a: I Need A Nerf|fallen1|[silent]
|turn|4
|
|t:|1760787451
|move|p2a: I Need A Nerf|Sucker Punch|p1a: Garchomp
|-supereffective|p1a: Garchomp
|-damage|p1a: Garchomp|0 fnt
|-damage|p2a: I Need A Nerf|88/100|[from] ability: Rough Skin|[of] p1a: Garchomp
|faint|p1a: Garchomp
|
|-heal|p2a: I Need A Nerf|94/100|[from] item: Leftovers
|upkeep
|
|t:|1760787455
|switch|p1a: Iron Moth|Iron Moth|100/100
|turn|5
|
|t:|1760787463
|-end|p2a: I Need A Nerf|fallen1|[silent]
|switch|p2a: I Sweep Teams|Iron Moth|100/100
|-enditem|p2a: I Sweep Teams|Booster Energy
|-activate|p2a: I Sweep Teams|ability: Quark Drive|[fromitem]
|-start|p2a: I Sweep Teams|quarkdrivespe
|move|p1a: Iron Moth|Fiery Dance|p2a: I Sweep Teams
|-resisted|p2a: I Sweep Teams
|-damage|p2a: I Sweep Teams|66/100
|-boost|p1a: Iron Moth|spa|1
|
|upkeep
|turn|6
|
|t:|1760787467
|move|p2a: I Sweep Teams|Fiery Dance|p1a: Iron Moth
|-resisted|p1a: Iron Moth
|-damage|p1a: Iron Moth|81/100
|-boost|p2a: I Sweep Teams|spa|1
|move|p1a: Iron Moth|Fiery Dance|p2a: I Sweep Teams
|-resisted|p2a: I Sweep Teams
|-damage|p2a: I Sweep Teams|11/100
|-boost|p1a: Iron Moth|spa|1
|
|upkeep
|turn|7
|
|t:|1760787473
|move|p2a: I Sweep Teams|Fiery Dance|p1a: Iron Moth
|-resisted|p1a: Iron Moth
|-damage|p1a: Iron Moth|48/100
|move|p1a: Iron Moth|Fiery Dance|p2a: I Sweep Teams
|-resisted|p2a: I Sweep Teams
|-damage|p2a: I Sweep Teams|0 fnt
|-boost|p1a: Iron Moth|spa|1
|faint|p2a: I Sweep Teams
|-end|p2a: I Sweep Teams|Quark Drive|[silent]
|
|upkeep
|
|t:|1760787484
|switch|p2a: I Need A Nerf|Kingambit, M|94/100
|-activate|p2a: I Need A Nerf|ability: Supreme Overlord
|-start|p2a: I Need A Nerf|fallen2|[silent]
|turn|8
|
|t:|1760787489
|-end|p1a: Iron Moth|Quark Drive|[silent]
|switch|p1a: Araquanid|Araquanid, F|100/100
|move|p2a: I Need A Nerf|Sucker Punch||[still]
|-fail|p2a: I Need A Nerf
|
|-heal|p2a: I Need A Nerf|100/100|[from] item: Leftovers
|upkeep
|turn|9
|
|t:|1760787496
|-end|p2a: I Need A Nerf|fallen2|[silent]
|switch|p2a: I Hit Hard|Luxray, M|100/100
|move|p1a: Araquanid|Power Split|p2a: I Hit Hard
|-activate|p1a: Araquanid|move: Power Split|[of] p2a: I Hit Hard
|
|-status|p2a: I Hit Hard|brn|[from] item: Flame Orb
|upkeep
|turn|10
|
|t:|1760787508
|move|p2a: I Hit Hard|Agility|p2a: I Hit Hard
|-boost|p2a: I Hit Hard|spe|2
|move|p1a: Araquanid|Liquidation|p2a: I Hit Hard
|-damage|p2a: I Hit Hard|0 fnt
|faint|p2a: I Hit Hard
|
|upkeep
|
|t:|1760787515
|switch|p2a: I Need A Nerf|Kingambit, M|100/100
|-activate|p2a: I Need A Nerf|ability: Supreme Overlord
|-start|p2a: I Need A Nerf|fallen3|[silent]
|turn|11
|
|t:|1760787517
|move|p2a: I Need A Nerf|Kowtow Cleave|p1a: Araquanid
|-damage|p1a: Araquanid|35/100
|move|p1a: Araquanid|Liquidation|p2a: I Need A Nerf
|-damage|p2a: I Need A Nerf|37/100
|
|-heal|p2a: I Need A Nerf|43/100|[from] item: Leftovers
|upkeep
|turn|12
|
|t:|1760787522
|move|p2a: I Need A Nerf|Kowtow Cleave|p1a: Araquanid
|-damage|p1a: Araquanid|0 fnt
|faint|p1a: Araquanid
|
|-heal|p2a: I Need A Nerf|49/100|[from] item: Leftovers
|upkeep
|
|t:|1760787525
|switch|p1a: Iron Valiant|Iron Valiant|100/100
|turn|13
|
|t:|1760787531
|-end|p2a: I Need A Nerf|fallen3|[silent]
|switch|p2a: I Clean The Floor|Great Tusk|100/100
|move|p1a: Iron Valiant|Moonblast|p2a: I Clean The Floor
|-supereffective|p2a: I Clean The Floor
|-damage|p2a: I Clean The Floor|0 fnt
|faint|p2a: I Clean The Floor
|-end|p2a: I Clean The Floor|Protosynthesis|[silent]
|-damage|p1a: Iron Valiant|91/100|[from] item: Life Orb
|
|upkeep
|
|t:|1760787534
|switch|p2a: I Also Need a Nerf|Gholdengo|100/100
|-item|p2a: I Also Need a Nerf|Air Balloon
|turn|14
|
|t:|1760787539
|-end|p1a: Iron Valiant|Quark Drive|[silent]
|switch|p1a: Hydreigon|Hydreigon, F|100/100
|move|p2a: I Also Need a Nerf|Make It Rain|p1a: Hydreigon
|-damage|p1a: Hydreigon|30/100
|-unboost|p2a: I Also Need a Nerf|spa|1
|
|-heal|p1a: Hydreigon|36/100|[from] item: Leftovers
|upkeep
|turn|15
|
|t:|1760787551
|move|p1a: Hydreigon|Flamethrower|p2a: I Also Need a Nerf
|-supereffective|p2a: I Also Need a Nerf
|-damage|p2a: I Also Need a Nerf|24/100
|-enditem|p2a: I Also Need a Nerf|Air Balloon
|move|p2a: I Also Need a Nerf|Make It Rain|p1a: Hydreigon
|-damage|p1a: Hydreigon|0 fnt
|-unboost|p2a: I Also Need a Nerf|spa|1
|faint|p1a: Hydreigon
|
|upkeep
|
|t:|1760787555
|switch|p1a: Iron Moth|Iron Moth|48/100
|turn|16
|
|t:|1760787558
|move|p1a: Iron Moth|Fiery Dance|p2a: I Also Need a Nerf
|-supereffective|p2a: I Also Need a Nerf
|-damage|p2a: I Also Need a Nerf|0 fnt
|faint|p2a: I Also Need a Nerf
|
|upkeep
|
|t:|1760787559
|switch|p2a: I Need A Nerf|Kingambit, M|49/100
|-activate|p2a: I Need A Nerf|ability: Supreme Overlord
|-start|p2a: I Need A Nerf|fallen5|[silent]
|turn|17
|
|t:|1760787565
|-terastallize|p2a: I Need A Nerf|Dark
|move|p1a: Iron Moth|Fiery Dance|p2a: I Need A Nerf
|-damage|p2a: I Need A Nerf|0 fnt
|-boost|p1a: Iron Moth|spa|1
|faint|p2a: I Need A Nerf
|-end|p2a: I Need A Nerf|fallen5|[silent]
|
|win|Ijustdie
|raw|Ijustdie's rating: 1424 &rarr; <strong>1444</strong><br />(+20 for winning)
|raw|Luzzio's rating: 1430 &rarr; <strong>1410</strong><br />(-20 for losing)
|l|☆Luzzio
|player|p2|
|l|☆Ijustdie
|player|p1|
