|j|☆levi6969
|j|‽Uchiwahero
|t:|1760811012
|gametype|singles
|player|p1|levi6969|265|1340
|player|p2|Uchiwahero|170|1425
|gen|9
|tier|[Gen 9] OU
|rated|
|rule|HP Percentage Mod: HP is shown in percentages
|rule|Endless Battle Clause: Forcing endless battles is banned
|rule|Species Clause: Limit one of each Pokémon
|rule|OHKO Clause: OHKO moves are banned
|rule|Evasion Items Clause: Evasion items are banned
|rule|Evasion Moves Clause: Evasion moves are banned
|rule|Evasion Abilities Clause: Evasion abilities are banned
|rule|Sleep Moves Clause: Sleep-inducing moves are banned
|clearpoke
|poke|p1|Mabosstiff, F|
|poke|p1|Cryogonal|
|poke|p1|Dragonite, F|
|poke|p1|Gholdengo|
|poke|p1|Ting-Lu|
|poke|p1|Dondozo, M|
|poke|p2|Ninetales-Alola, M|
|poke|p2|Garchomp, M|
|poke|p2|Dragonite, F|
|poke|p2|Gholdengo|
|poke|p2|Moltres-Galar|
|poke|p2|Zamazenta-*|
|teampreview
|inactive|Battle timer is ON: inactive players will automatically lose when time's up. (requested by Uchiwahero)
|
|t:|1760811028
|teamsize|p1|6
|teamsize|p2|6
|start
|switch|p1a: Gholdengo|Gholdengo, shiny|100/100
|switch|p2a: Ninetales|Ninetales-Alola, M|100/100
|-weather|Snowscape|[from] ability: Snow Warning|[of] p2a: Ninetales
|turn|1
|
|t:|1760811041
|switch|p2a: Gholdengo|Gholdengo|100/100
|-item|p2a: Gholdengo|Air Balloon
|move|p1a: Gholdengo|Make It Rain|p2a: Gholdengo
|-resisted|p2a: Gholdengo
|-damage|p2a: Gholdengo|74/100
|-unboost|p1a: Gholdengo|spa|1
|-enditem|p2a: Gholdengo|Air Balloon
|
|-weather|Snowscape|[upkeep]
|upkeep
|turn|2
|
|t:|1760811051
|switch|p1a: Mabosstiff|Mabosstiff, F, shiny|100/100
|move|p2a: Gholdengo|Nasty Plot|p2a: Gholdengo
|-boost|p2a: Gholdengo|spa|2
|
|-weather|Snowscape|[upkeep]
|upkeep
|turn|3
|
|t:|1760811057
|move|p1a: Mabosstiff|Crunch|p2a: Gholdengo
|-supereffective|p2a: Gholdengo
|-damage|p2a: Gholdengo|0 fnt
|faint|p2a: Gholdengo
|
|-weather|Snowscape|[upkeep]
|upkeep
|
|t:|1760811061
|switch|p2a: Ninetales|Ninetales-Alola, M|100/100
|turn|4
|
|t:|1760811075
|switch|p1a: Ting-Lu|Ting-Lu|100/100
|-ability|p1a: Ting-Lu|Vessel of Ruin
|move|p2a: Ninetales|Aurora Veil|p2a: Ninetales
|-sidestart|p2: Uchiwahero|move: Aurora Veil
|
|-weather|Snowscape|[upkeep]
|upkeep
|turn|5
|
|t:|1760811080
|switch|p2a: Garchomp|Garchomp, M|100/100
|-terastallize|p1a: Ting-Lu|Poison
|move|p1a: Ting-Lu|Stealth Rock|p2a: Garchomp
|-sidestart|p2: Uchiwahero|move: Stealth Rock
|
|-weather|none
|upkeep
|turn|6
|
|t:|1760811083
|move|p2a: Garchomp|Stealth Rock|p1a: Ting-Lu
|-sidestart|p1: levi6969|move: Stealth Rock
|move|p1a: Ting-Lu|Spikes|p2a: Garchomp
|-sidestart|p2: Uchiwahero|Spikes
|
|upkeep
|turn|7
|
|t:|1760811086
|move|p2a: Garchomp|Spikes|p1a: Ting-Lu
|-sidestart|p1: levi6969|Spikes
|move|p1a: Ting-Lu|Spikes|p2a: Garchomp
|-sidestart|p2: Uchiwahero|Spikes
|
|upkeep
|turn|8
|
|t:|1760811088
|move|p2a: Garchomp|Spikes|p1a: Ting-Lu
|-sidestart|p1: levi6969|Spikes
|move|p1a: Ting-Lu|Spikes|p2a: Garchomp
|-sidestart|p2: Uchiwahero|Spikes
|
|upkeep
|turn|9
|
|t:|1760811090
|move|p2a: Garchomp|Spikes|p1a: Ting-Lu
|-sidestart|p1: levi6969|Spikes
|move|p1a: Ting-Lu|Spikes||[still]
|-fail|p1a: Ting-Lu
|
|upkeep
|turn|10
|
|t:|1760811092
|move|p1a: Ting-Lu|Ruination|p2a: Garchomp
|-damage|p2a: Garchomp|51/100
|move|p2a: Garchomp|Dragon Tail|p1a: Ting-Lu
|-damage|p1a: Ting-Lu|82/100
|drag|p1a: Dragonite|Dragonite, F, shiny|100/100
|
|upkeep
|turn|11
|
|t:|1760811100
|move|p2a: Garchomp|Dragon Tail|p1a: Dragonite
|-supereffective|p1a: Dragonite
|-damage|p1a: Dragonite|70/100
|drag|p1a: Dondozo|Dondozo, M|100/100
|-damage|p1a: Dondozo|88/100|[from] Stealth Rock
|-damage|p1a: Dondozo|63/100|[from] Spikes
|
|-sideend|p2: Uchiwahero|move: Aurora Veil
|upkeep
|turn|12
|
|t:|1760811108
|move|p1a: Dondozo|Rest|p1a: Dondozo
|-status|p1a: Dondozo|slp|[from] move: Rest
|-heal|p1a: Dondozo|100/100 slp|[silent]
|move|p2a: Garchomp|Dragon Tail|p1a: Dondozo
|-damage|p1a: Dondozo|86/100 slp
|-damage|p2a: Garchomp|34/100|[from] item: Rocky Helmet|[of] p1a: Dondozo
|drag|p1a: Dragonite|Dragonite, F, shiny|70/100
|
|upkeep
|turn|13
|
|t:|1760811118
|move|p1a: Dragonite|Extreme Speed|p2a: Garchomp
|-damage|p2a: Garchomp|3/100
|-damage|p1a: Dragonite|58/100|[from] ability: Rough Skin|[of] p2a: Garchomp
|-damage|p1a: Dragonite|42/100|[from] item: Rocky Helmet|[of] p2a: Garchomp
|move|p2a: Garchomp|Dragon Tail|p1a: Dragonite
|-supereffective|p1a: Dragonite
|-damage|p1a: Dragonite|0 fnt
|faint|p1a: Dragonite
|
|upkeep
|
|t:|1760811122
|switch|p1a: Cryogonal|Cryogonal|100/100
|turn|14
|
|t:|1760811132
|move|p1a: Cryogonal|Rapid Spin|p2a: Garchomp
|-damage|p2a: Garchomp|0 fnt
|-boost|p1a: Cryogonal|spe|1
|-damage|p1a: Cryogonal|88/100|[from] ability: Rough Skin|[of] p2a: Garchomp
|-damage|p1a: Cryogonal|72/100|[from] item: Rocky Helmet|[of] p2a: Garchomp
|-sideend|p1: levi6969|Spikes|[from] move: Rapid Spin|[of] p1a: Cryogonal
|-sideend|p1: levi6969|Stealth Rock|[from] move: Rapid Spin|[of] p1a: Cryogonal
|faint|p2a: Garchomp
|
|upkeep
|
|t:|1760811136
|switch|p2a: Ninetales|Ninetales-Alola, M|100/100
|-damage|p2a: Ninetales|76/100|[from] Stealth Rock
|-damage|p2a: Ninetales|51/100|[from] Spikes
|-weather|Snowscape|[from] ability: Snow Warning|[of] p2a: Ninetales
|turn|15
|
|t:|1760811161
|switch|p1a: Gholdengo|Gholdengo, shiny|100/100
|move|p2a: Ninetales|Aurora Veil|p2a: Ninetales
|-sidestart|p2: Uchiwahero|move: Aurora Veil
|
|-weather|Snowscape|[upkeep]
|upkeep
|turn|16
|
|t:|1760811171
|move|p2a: Ninetales|Moonblast|p1a: Gholdengo
|-resisted|p1a: Gholdengo
|-damage|p1a: Gholdengo|87/100
|move|p1a: Gholdengo|Nasty Plot|p1a: Gholdengo
|-boost|p1a: Gholdengo|spa|2
|
|-weather|Snowscape|[upkeep]
|upkeep
|turn|17
|
|t:|1760811177
|move|p2a: Ninetales|Moonblast|p1a: Gholdengo
|-resisted|p1a: Gholdengo
|-damage|p1a: Gholdengo|74/100
|move|p1a: Gholdengo|Nasty Plot|p1a: Gholdengo
|-boost|p1a: Gholdengo|spa|2
|
|-weather|Snowscape|[upkeep]
|upkeep
|turn|18
|
|t:|1760811182
|move|p2a: Ninetales|Moonblast|p1a: Gholdengo
|-resisted|p1a: Gholdengo
|-damage|p1a: Gholdengo|60/100
|move|p1a: Gholdengo|Recover|p1a: Gholdengo
|-heal|p1a: Gholdengo|100/100
|
|-weather|Snowscape|[upkeep]
|upkeep
|turn|19
|
|t:|1760811186
|move|p2a: Ninetales|Moonblast|p1a: Gholdengo
|-resisted|p1a: Gholdengo
|-damage|p1a: Gholdengo|86/100
|move|p1a: Gholdengo|Nasty Plot|p1a: Gholdengo
|-boost|p1a: Gholdengo|spa|2
|
|-weather|none
|upkeep
|turn|20
|
|t:|1760811189
|switch|p2a: Moltres|Moltres-Galar|100/100
|-damage|p2a: Moltres|76/100|[from] Stealth Rock
|move|p1a: Gholdengo|Recover|p1a: Gholdengo
|-heal|p1a: Gholdengo|100/100
|
|upkeep
|turn|21
|
|t:|1760811193
|move|p2a: Moltres|Fiery Wrath|p1a: Gholdengo
|-supereffective|p1a: Gholdengo
|-damage|p1a: Gholdengo|10/100
|move|p1a: Gholdengo|Make It Rain|p2a: Moltres
|-damage|p2a: Moltres|0 fnt
|-unboost|p1a: Gholdengo|spa|1
|faint|p2a: Moltres
|
|upkeep
|
|t:|1760811206
|switch|p2a: Dragonite|Dragonite, F|100/100
|turn|22
|
|t:|1760811210
|move|p2a: Dragonite|Earthquake|p1a: Gholdengo
|-supereffective|p1a: Gholdengo
|-damage|p1a: Gholdengo|0 fnt
|faint|p1a: Gholdengo
|
|-sideend|p2: Uchiwahero|move: Aurora Veil
|upkeep
|
|t:|1760811218
|switch|p1a: Mabosstiff|Mabosstiff, F, shiny|100/100
|turn|23
|
|t:|1760811223
|switch|p2a: Zamazenta|Zamazenta|100/100
|-damage|p2a: Zamazenta|94/100|[from] Stealth Rock
|-damage|p2a: Zamazenta|69/100|[from] Spikes
|-ability|p2a: Zamazenta|Dauntless Shield|boost
|-boost|p2a: Zamazenta|def|1
|move|p1a: Mabosstiff|Play Rough|p2a: Zamazenta
|-supereffective|p2a: Zamazenta
|-damage|p2a: Zamazenta|0 fnt
|faint|p2a: Zamazenta
|
|upkeep
|
|t:|1760811226
|switch|p2a: Ninetales|Ninetales-Alola, M|51/100
|-damage|p2a: Ninetales|26/100|[from] Stealth Rock
|-damage|p2a: Ninetales|1/100|[from] Spikes
|-weather|Snowscape|[from] ability: Snow Warning|[of] p2a: Ninetales
|turn|24
|
|t:|1760811231
|move|p2a: Ninetales|Aurora Veil|p2a: Ninetales
|-sidestart|p2: Uchiwahero|move: Aurora Veil
|move|p1a: Mabosstiff|Play Rough|p2a: Ninetales
|-crit|p2a: Ninetales
|-damage|p2a: Ninetales|0 fnt
|faint|p2a: Ninetales
|
|-weather|Snowscape|[upkeep]
|upkeep
|
|t:|1760811234
|switch|p2a: Dragonite|Dragonite, F|100/100
|turn|25
|
|t:|1760811252
|-terastallize|p2a: Dragonite|Normal
|move|p1a: Mabosstiff|Play Rough|p2a: Dragonite
|-damage|p2a: Dragonite|87/100
|move|p2a: Dragonite|Dragon Dance|p2a: Dragonite
|-boost|p2a: Dragonite|atk|1
|-boost|p2a: Dragonite|spe|1
|
|-weather|Snowscape|[upkeep]
|upkeep
|turn|26
|
|t:|1760811258
|move|p2a: Dragonite|Dragon Dance|p2a: Dragonite
|-boost|p2a: Dragonite|atk|1
|-boost|p2a: Dragonite|spe|1
|move|p1a: Mabosstiff|Play Rough|p2a: Dragonite|[miss]
|-miss|p1a: Mabosstiff|p2a: Dragonite
|
|-weather|Snowscape|[upkeep]
|upkeep
|turn|27
|
|t:|1760811268
|move|p2a: Dragonite|Dragon Dance|p2a: Dragonite
|-boost|p2a: Dragonite|atk|1
|-boost|p2a: Dragonite|spe|1
|move|p1a: Mabosstiff|Play Rough|p2a: Dragonite
|-damage|p2a: Dragonite|65/100
|-unboost|p2a: Dragonite|atk|1
|
|-weather|Snowscape|[upkeep]
|upkeep
|turn|28
|
|t:|1760811275
|move|p2a: Dragonite|Dragon Dance|p2a: Dragonite
|-boost|p2a: Dragonite|atk|1
|-boost|p2a: Dragonite|spe|1
|move|p1a: Mabosstiff|Play Rough|p2a: Dragonite|[miss]
|-miss|p1a: Mabosstiff|p2a: Dragonite
|
|-weather|none
|upkeep
|turn|29
|
|t:|1760811277
|move|p2a: Dragonite|Extreme Speed|p1a: Mabosstiff
|-damage|p1a: Mabosstiff|0 fnt
|faint|p1a: Mabosstiff
|
|upkeep
|
|t:|1760811283
|switch|p1a: Ting-Lu|Ting-Lu, tera:Poison|82/100
|-ability|p1a: Ting-Lu|Vessel of Ruin
|turn|30
|
|t:|1760811285
|move|p2a: Dragonite|Earthquake|p1a: Ting-Lu
|-supereffective|p1a: Ting-Lu
|-damage|p1a: Ting-Lu|0 fnt
|faint|p1a: Ting-Lu
|
|upkeep
|
|t:|1760811290
|switch|p1a: Cryogonal|Cryogonal|72/100
|turn|31
|
|t:|1760811294
|move|p2a: Dragonite|Extreme Speed|p1a: Cryogonal
|-damage|p1a: Cryogonal|0 fnt
|faint|p1a: Cryogonal
|
|-sideend|p2: Uchiwahero|move: Aurora Veil
|upkeep
|
|t:|1760811297
|switch|p1a: Dondozo|Dondozo, M|86/100 slp
|turn|32
|
|t:|1760811300
|move|p2a: Dragonite|Extreme Speed|p1a: Dondozo
|-damage|p1a: Dondozo|64/100 slp
|-damage|p2a: Dragonite|48/100|[from] item: Rocky Helmet|[of] p1a: Dondozo
|cant|p1a: Dondozo|slp
|move|p1a: Dondozo|Sleep Talk|p1a: Dondozo
|move|p1a: Dondozo|Rest||[from] move: Sleep Talk|[still]
|-fail|p1a: Dondozo
|
|upkeep
|turn|33
|
|t:|1760811309
|move|p2a: Dragonite|Earthquake|p1a: Dondozo
|-damage|p1a: Dondozo|48/100 slp
|cant|p1a: Dondozo|slp
|move|p1a: Dondozo|Sleep Talk|p1a: Dondozo
|move|p1a: Dondozo|Curse|p1a: Dondozo|[from] move: Sleep Talk
|-unboost|p1a: Dondozo|spe|1
|-boost|p1a: Dondozo|atk|1
|-boost|p1a: Dondozo|def|1
|
|upkeep
|turn|34
|
|t:|1760811316
|move|p2a: Dragonite|Extreme Speed|p1a: Dondozo
|-damage|p1a: Dondozo|33/100 slp
|-damage|p2a: Dragonite|32/100|[from] item: Rocky Helmet|[of] p1a: Dondozo
|-curestatus|p1a: Dondozo|slp|[msg]
|move|p1a: Dondozo|Curse|p1a: Dondozo
|-unboost|p1a: Dondozo|spe|1
|-boost|p1a: Dondozo|atk|1
|-boost|p1a: Dondozo|def|1
|
|upkeep
|turn|35
|
|t:|1760811321
|move|p2a: Dragonite|Extreme Speed|p1a: Dondozo
|-damage|p1a: Dondozo|23/100
|-damage|p2a: Dragonite|15/100|[from] item: Rocky Helmet|[of] p1a: Dondozo
|move|p1a: Dondozo|Rest|p1a: Dondozo
|-status|p1a: Dondozo|slp|[from] move: Rest
|-heal|p1a: Dondozo|100/100 slp|[silent]
|
|upkeep
|turn|36
|-message|Uchiwahero forfeited.
|
|win|levi6969
|raw|levi6969's rating: 1340 &rarr; <strong>1365</strong><br />(+25 for winning)
|raw|Uchiwahero's rating: 1425 &rarr; <strong>1400</strong><br />(-25 for losing)
|l|‽Uchiwahero
|player|p2|
|l|☆levi6969
|player|p1|
