|j|☆the tay
|j|☆go b3yond
|t:|1760718536
|gametype|singles
|player|p1|the tay|raihan-masters|1485
|player|p2|go b3yond|waiter-gen4dp|1477
|gen|9
|tier|[Gen 9] OU
|rated|
|rule|HP Percentage Mod: HP is shown in percentages
|rule|Endless Battle Clause: Forcing endless battles is banned
|rule|Species Clause: Limit one of each Pokémon
|rule|OHKO Clause: OHKO moves are banned
|rule|Evasion Items Clause: Evasion items are banned
|rule|Evasion Moves Clause: Evasion moves are banned
|rule|Evasion Abilities Clause: Evasion abilities are banned
|rule|Sleep Moves Clause: Sleep-inducing moves are banned
|clearpoke
|poke|p1|Zoroark, M|
|poke|p1|Iron Hands|
|poke|p1|Zamazenta-*|
|poke|p1|Iron Moth|
|poke|p1|Araquanid, M|
|poke|p1|Latios, M|
|poke|p2|Araquanid, F|
|poke|p2|Ogerpon-Cornerstone, F|
|poke|p2|Great Tusk|
|poke|p2|Gholdengo|
|poke|p2|Dragonite, M|
|poke|p2|Kingambit, F|
|teampreview
|inactive|Battle timer is ON: inactive players will automatically lose when time's up. (requested by go b3yond)
|
|t:|1760718547
|teamsize|p1|6
|teamsize|p2|6
|start
|switch|p1a: Iron Hands|Iron Hands|100/100
|switch|p2a: Spring Autumn|Araquanid, F|100/100
|turn|1
|
|t:|1760718565
|move|p2a: Spring Autumn|Endure|p2a: Spring Autumn
|-singleturn|p2a: Spring Autumn|move: Endure
|move|p1a: Iron Hands|Nasty Plot|p1a: Iron Hands
|-boost|p1a: Iron Hands|spa|2
|
|upkeep
|turn|2
|
|t:|1760718572
|move|p2a: Spring Autumn|Endure||[still]
|-fail|p2a: Spring Autumn
|move|p1a: Iron Hands|Dark Pulse|p2a: Spring Autumn
|-damage|p2a: Spring Autumn|42/100
|
|upkeep
|turn|3
|
|t:|1760718577
|move|p2a: Spring Autumn|Endure|p2a: Spring Autumn
|-singleturn|p2a: Spring Autumn|move: Endure
|move|p1a: Iron Hands|Dark Pulse|p2a: Spring Autumn
|-activate|p2a: Spring Autumn|move: Endure
|-damage|p2a: Spring Autumn|1/100
|
|upkeep
|turn|4
|-enditem|p2a: Spring Autumn|Custap Berry|[eat]
|-activate|p2a: Spring Autumn|item: Custap Berry|[consumed]
|
|t:|1760718581
|move|p2a: Spring Autumn|Sticky Web|p1a: Iron Hands
|-sidestart|p1: the tay|move: Sticky Web
|move|p1a: Iron Hands|Dark Pulse|p2a: Spring Autumn
|-damage|p2a: Spring Autumn|0 fnt
|faint|p2a: Spring Autumn
|
|upkeep
|
|t:|1760718592
|switch|p2a: Ren Zu|Great Tusk|100/100
|-enditem|p2a: Ren Zu|Booster Energy
|-activate|p2a: Ren Zu|ability: Protosynthesis|[fromitem]
|-start|p2a: Ren Zu|protosynthesisatk
|turn|5
|
|t:|1760718596
|move|p1a: Iron Hands|Psychic|p2a: Ren Zu
|-supereffective|p2a: Ren Zu
|-damage|p2a: Ren Zu|0 fnt
|faint|p2a: Ren Zu
|-end|p2a: Ren Zu|Protosynthesis|[silent]
|
|upkeep
|c|☆go b3yond|?
|c|☆go b3yond|How
|inactive|go b3yond has 120 seconds left.
|c|☆the tay|What
|
|t:|1760718630
|switch|p2a: Dragonite|Dragonite, M|100/100
|turn|6
|
|t:|1760718635
|move|p1a: Iron Hands|Dark Pulse|p2a: Dragonite
|-damage|p2a: Dragonite|59/100
|move|p2a: Dragonite|Dragon Dance|p2a: Dragonite
|-boost|p2a: Dragonite|atk|1
|-boost|p2a: Dragonite|spe|1
|
|upkeep
|turn|7
|c|☆go b3yond|How are u outspeeding me?
|
|t:|1760718651
|move|p2a: Dragonite|Scale Shot|p1a: Iron Hands
|-damage|p1a: Iron Hands|59/100
|replace|p1a: Zoroark|Zoroark, M
|-end|p1a: Zoroark|Illusion
|-damage|p1a: Zoroark|15/100
|-damage|p1a: Zoroark|0 fnt
|faint|p1a: Zoroark
|-hitcount|p1: Zoroark|3
|-unboost|p2a: Dragonite|def|1
|-boost|p2a: Dragonite|spe|1
|
|upkeep
|c|☆the tay|Zoro lol
|c|☆go b3yond|Im so dumb
|c|☆go b3yond|I didnt even see him in ur team lmao
|c|☆the tay|first Zoro?
|inactive|the tay has 120 seconds left.
|c|☆go b3yond|No no i just didnt notice u had one on ur team
|
|t:|1760718703
|switch|p1a: Araquanid|Araquanid, M|100/100
|-activate|p1a: Araquanid|move: Sticky Web
|-unboost|p1a: Araquanid|spe|1
|turn|8
|
|t:|1760718712
|move|p2a: Dragonite|Dragon Dance|p2a: Dragonite
|-boost|p2a: Dragonite|atk|1
|-boost|p2a: Dragonite|spe|1
|move|p1a: Araquanid|Liquidation|p2a: Dragonite
|-resisted|p2a: Dragonite
|-damage|p2a: Dragonite|0 fnt
|faint|p2a: Dragonite
|
|upkeep
|
|t:|1760718721
|switch|p2a: Immortal Venerable|Ogerpon-Cornerstone, F|100/100
|turn|9
|c|☆the tay|oh that's sad
|
|t:|1760718733
|move|p2a: Immortal Venerable|Swords Dance|p2a: Immortal Venerable
|-boost|p2a: Immortal Venerable|atk|2
|move|p1a: Araquanid|Liquidation|p2a: Immortal Venerable
|-ability|p2a: Immortal Venerable|Sturdy
|-damage|p2a: Immortal Venerable|1/100
|
|upkeep
|turn|10
|
|t:|1760718740
|-terastallize|p1a: Araquanid|Ground
|move|p2a: Immortal Venerable|Ivy Cudgel|p1a: Araquanid|[anim] Ivy Cudgel Rock
|-resisted|p1a: Araquanid
|-crit|p1a: Araquanid
|-damage|p1a: Araquanid|0 fnt
|faint|p1a: Araquanid
|
|upkeep
|
|t:|1760718757
|switch|p1a: Latios|Latios, M|100/100
|turn|11
|
|t:|1760718762
|move|p1a: Latios|Aura Sphere|p2a: Immortal Venerable
|-supereffective|p2a: Immortal Venerable
|-damage|p2a: Immortal Venerable|0 fnt
|faint|p2a: Immortal Venerable
|
|upkeep
|
|t:|1760718767
|switch|p2a: Demon Venerable|Gholdengo|100/100
|-item|p2a: Demon Venerable|Air Balloon
|turn|12
|inactive|the tay has 120 seconds left.
|c|☆the tay|gholdengo has a animation now?
|
|t:|1760718798
|move|p1a: Latios|Luster Purge|p2a: Demon Venerable
|-resisted|p2a: Demon Venerable
|-damage|p2a: Demon Venerable|68/100
|-unboost|p2a: Demon Venerable|spd|1
|-enditem|p2a: Demon Venerable|Air Balloon
|move|p2a: Demon Venerable|Nasty Plot|p2a: Demon Venerable
|-boost|p2a: Demon Venerable|spa|2
|
|upkeep
|turn|13
|
|t:|1760718805
|move|p1a: Latios|Draco Meteor|p2a: Demon Venerable
|-resisted|p2a: Demon Venerable
|-damage|p2a: Demon Venerable|2/100
|-unboost|p1a: Latios|spa|2
|move|p2a: Demon Venerable|Shadow Ball|p1a: Latios
|-supereffective|p1a: Latios
|-damage|p1a: Latios|0 fnt
|faint|p1a: Latios
|
|upkeep
|
|t:|1760718811
|switch|p1a: Iron Moth|Iron Moth|100/100
|-activate|p1a: Iron Moth|move: Sticky Web
|-unboost|p1a: Iron Moth|spe|1
|-enditem|p1a: Iron Moth|Booster Energy
|-activate|p1a: Iron Moth|ability: Quark Drive|[fromitem]
|-start|p1a: Iron Moth|quarkdrivespa
|turn|14
|
|t:|1760718816
|move|p2a: Demon Venerable|Shadow Ball|p1a: Iron Moth
|-damage|p1a: Iron Moth|18/100
|move|p1a: Iron Moth|Fiery Dance|p2a: Demon Venerable
|-supereffective|p2a: Demon Venerable
|-damage|p2a: Demon Venerable|0 fnt
|-boost|p1a: Iron Moth|spa|1
|faint|p2a: Demon Venerable
|
|upkeep
|
|t:|1760718822
|switch|p2a: Fang Yuan|Kingambit, F|100/100
|-activate|p2a: Fang Yuan|ability: Supreme Overlord
|-start|p2a: Fang Yuan|fallen5|[silent]
|-item|p2a: Fang Yuan|Air Balloon
|turn|15
|
|t:|1760718824
|move|p2a: Fang Yuan|Sucker Punch|p1a: Iron Moth
|-damage|p1a: Iron Moth|0 fnt
|faint|p1a: Iron Moth
|-end|p1a: Iron Moth|Quark Drive|[silent]
|
|upkeep
|inactive|the tay has 120 seconds left.
|
|t:|1760718836
|switch|p1a: Zamazenta|Zamazenta|100/100
|-activate|p1a: Zamazenta|move: Sticky Web
|-unboost|p1a: Zamazenta|spe|1
|-ability|p1a: Zamazenta|Dauntless Shield|boost
|-boost|p1a: Zamazenta|def|1
|turn|16
|
|t:|1760718839
|-terastallize|p2a: Fang Yuan|Ghost
|move|p1a: Zamazenta|Body Press|p2a: Fang Yuan
|-immune|p2a: Fang Yuan
|move|p2a: Fang Yuan|Swords Dance|p2a: Fang Yuan
|-boost|p2a: Fang Yuan|atk|2
|
|upkeep
|turn|17
|
|t:|1760718843
|move|p1a: Zamazenta|Crunch|p2a: Fang Yuan
|-supereffective|p2a: Fang Yuan
|-damage|p2a: Fang Yuan|65/100
|-unboost|p2a: Fang Yuan|def|1
|-enditem|p2a: Fang Yuan|Air Balloon
|move|p2a: Fang Yuan|Iron Head|p1a: Zamazenta
|-damage|p1a: Zamazenta|28/100
|
|-heal|p1a: Zamazenta|35/100|[from] item: Leftovers
|upkeep
|turn|18
|
|t:|1760718863
|move|p1a: Zamazenta|Crunch|p2a: Fang Yuan
|-supereffective|p2a: Fang Yuan
|-damage|p2a: Fang Yuan|13/100
|move|p2a: Fang Yuan|Iron Head|p1a: Zamazenta
|-damage|p1a: Zamazenta|0 fnt
|faint|p1a: Zamazenta
|
|upkeep
|l|☆go b3yond
|inactive|go b3yond disconnected and has a minute to reconnect!
|player|p2|
|
|t:|1760718878
|switch|p1a: Iron Hands|Iron Hands|100/100
|-activate|p1a: Iron Hands|move: Sticky Web
|-unboost|p1a: Iron Hands|spe|1
|-enditem|p1a: Iron Hands|Booster Energy
|-activate|p1a: Iron Hands|ability: Quark Drive|[fromitem]
|-start|p1a: Iron Hands|quarkdriveatk
|turn|19
|j|☆go b3yond
|inactive|go b3yond reconnected and has 150 seconds left.
|player|p2|go b3yond|waiter-gen4dp|
|
|t:|1760718884
|move|p2a: Fang Yuan|Low Kick|p1a: Iron Hands
|-damage|p1a: Iron Hands|5/100
|move|p1a: Iron Hands|Earthquake|p2a: Fang Yuan
|-damage|p2a: Fang Yuan|0 fnt
|faint|p2a: Fang Yuan
|-end|p2a: Fang Yuan|fallen5|[silent]
|
|win|the tay
|raw|the tay's rating: 1485 &rarr; <strong>1505</strong><br />(+20 for winning)
|raw|go b3yond's rating: 1477 &rarr; <strong>1457</strong><br />(-20 for losing)
|c|☆go b3yond|Gg
|l|☆go b3yond
|player|p2|
