|j|☆slyddvicious
|j|☆F1amewheel
|t:|1760855240
|gametype|singles
|player|p1|slyddvicious|worker|1205
|player|p2|F1amewheel|willow-casual|1245
|gen|9
|tier|[Gen 9] OU
|rated|
|rule|HP Percentage Mod: HP is shown in percentages
|rule|Endless Battle Clause: Forcing endless battles is banned
|rule|Species Clause: Limit one of each Pokémon
|rule|OHKO Clause: OHKO moves are banned
|rule|Evasion Items Clause: Evasion items are banned
|rule|Evasion Moves Clause: Evasion moves are banned
|rule|Evasion Abilities Clause: Evasion abilities are banned
|rule|Sleep Moves Clause: Sleep-inducing moves are banned
|clearpoke
|poke|p1|Ambipom, M|
|poke|p1|Enamorus, F|
|poke|p1|Gholdengo|
|poke|p1|Ting-Lu|
|poke|p1|Tentacruel, M|
|poke|p1|Iron Boulder|
|poke|p2|Dragapult, M|
|poke|p2|Darkrai|
|poke|p2|Landorus-Therian, M|
|poke|p2|Kyurem|
|poke|p2|Greninja-*, M|
|poke|p2|Cinderace, M|
|teampreview
|inactive|Battle timer is ON: inactive players will automatically lose when time's up. (requested by slyddvicious)
|inactive|F1amewheel has 120 seconds left.
|
|t:|1760855301
|teamsize|p1|6
|teamsize|p2|6
|start
|switch|p1a: Ambipom|Ambipom, M|100/100
|switch|p2a: Dragapult|Dragapult, M|100/100
|turn|1
|
|t:|1760855313
|-terastallize|p1a: Ambipom|Fire
|move|p2a: Dragapult|Draco Meteor|p1a: Ambipom
|-damage|p1a: Ambipom|0 fnt
|-unboost|p2a: Dragapult|spa|2
|faint|p1a: Ambipom
|
|upkeep
|
|t:|1760855324
|switch|p1a: Gholdengo|Gholdengo|100/100
|-item|p1a: Gholdengo|Air Balloon
|turn|2
|
|t:|1760855336
|switch|p2a: Cinderace|Cinderace, M|100/100
|move|p1a: Gholdengo|Nasty Plot|p1a: Gholdengo
|-boost|p1a: Gholdengo|spa|2
|
|upkeep
|turn|3
|
|t:|1760855343
|move|p2a: Cinderace|U-turn|p1a: Gholdengo
|-resisted|p1a: Gholdengo
|-damage|p1a: Gholdengo|97/100
|-enditem|p1a: Gholdengo|Air Balloon
|
|t:|1760855346
|switch|p2a: Darkrai|Darkrai|100/100|[from] U-turn
|move|p1a: Gholdengo|Shadow Ball|p2a: Darkrai
|-resisted|p2a: Darkrai
|-damage|p2a: Darkrai|55/100
|
|upkeep
|turn|4
|
|t:|1760855358
|move|p2a: Darkrai|Dark Pulse|p1a: Gholdengo
|-supereffective|p1a: Gholdengo
|-damage|p1a: Gholdengo|18/100
|move|p1a: Gholdengo|Make It Rain|p2a: Darkrai
|-damage|p2a: Darkrai|0 fnt
|-unboost|p1a: Gholdengo|spa|1
|faint|p2a: Darkrai
|
|upkeep
|inactive|F1amewheel has 120 seconds left.
|
|t:|1760855397
|switch|p2a: Greninja|Greninja, M|100/100
|turn|5
|
|t:|1760855404
|switch|p1a: Tentacruel|Tentacruel, M|100/100
|move|p2a: Greninja|Dark Pulse|p1a: Tentacruel
|-damage|p1a: Tentacruel|66/100
|-damage|p2a: Greninja|91/100|[from] item: Life Orb
|
|upkeep
|turn|6
|
|t:|1760855422
|move|p2a: Greninja|Dark Pulse|p1a: Tentacruel
|-damage|p1a: Tentacruel|32/100
|-damage|p2a: Greninja|81/100|[from] item: Life Orb
|move|p1a: Tentacruel|Knock Off|p2a: Greninja
|-resisted|p2a: Greninja
|-damage|p2a: Greninja|68/100
|-enditem|p2a: Greninja|Life Orb|[from] move: Knock Off|[of] p1a: Tentacruel
|
|upkeep
|turn|7
|
|t:|1760855436
|move|p2a: Greninja|Dark Pulse|p1a: Tentacruel
|-damage|p1a: Tentacruel|2/100
|move|p1a: Tentacruel|Toxic|p2a: Greninja
|-status|p2a: Greninja|tox
|
|-damage|p2a: Greninja|62/100 tox|[from] psn
|upkeep
|turn|8
|inactive|F1amewheel has 120 seconds left.
|
|t:|1760855463
|move|p2a: Greninja|Dark Pulse|p1a: Tentacruel
|-damage|p1a: Tentacruel|0 fnt
|faint|p1a: Tentacruel
|-ability|p2a: Greninja|Battle Bond|boost
|-boost|p2a: Greninja|atk|1
|-boost|p2a: Greninja|spa|1
|-boost|p2a: Greninja|spe|1
|-activate|p2a: Greninja|ability: Battle Bond
|
|-damage|p2a: Greninja|50/100 tox|[from] psn
|upkeep
|
|t:|1760855476
|switch|p1a: Enamorus|Enamorus, F|100/100
|turn|9
|inactive|F1amewheel has 120 seconds left.
|
|t:|1760855512
|move|p2a: Greninja|Ice Beam|p1a: Enamorus
|-supereffective|p1a: Enamorus
|-damage|p1a: Enamorus|0 fnt
|faint|p1a: Enamorus
|
|-damage|p2a: Greninja|32/100 tox|[from] psn
|upkeep
|
|t:|1760855520
|switch|p1a: Ting-Lu|Ting-Lu|100/100
|-ability|p1a: Ting-Lu|Vessel of Ruin
|turn|10
|inactive|F1amewheel has 90 seconds left.
|
|t:|1760855564
|move|p2a: Greninja|Hydro Pump|p1a: Ting-Lu|[miss]
|-miss|p2a: Greninja|p1a: Ting-Lu
|move|p1a: Ting-Lu|Stealth Rock|p2a: Greninja
|-sidestart|p2: F1amewheel|move: Stealth Rock
|
|-damage|p2a: Greninja|8/100 tox|[from] psn
|upkeep
|turn|11
|
|t:|1760855573
|move|p2a: Greninja|Hydro Pump|p1a: Ting-Lu
|-supereffective|p1a: Ting-Lu
|-damage|p1a: Ting-Lu|42/100
|move|p1a: Ting-Lu|Whirlwind|p2a: Greninja
|drag|p2a: Landorus|Landorus-Therian, M|100/100
|-damage|p2a: Landorus|88/100|[from] Stealth Rock
|-ability|p2a: Landorus|Intimidate|boost
|-unboost|p1a: Ting-Lu|atk|1
|
|-heal|p1a: Ting-Lu|48/100|[from] item: Leftovers
|upkeep
|turn|12
|inactive|F1amewheel has 90 seconds left.
|
|t:|1760855585
|move|p2a: Landorus|U-turn|p1a: Ting-Lu
|-supereffective|p1a: Ting-Lu
|-damage|p1a: Ting-Lu|19/100
|
|t:|1760855588
|switch|p2a: Greninja|Greninja, M|8/100 tox|[from] U-turn
|-damage|p2a: Greninja|0 fnt|[from] Stealth Rock
|faint|p2a: Greninja
|move|p1a: Ting-Lu|Ruination|p2: Greninja|[notarget]
|-fail|p1a: Ting-Lu
|
|-heal|p1a: Ting-Lu|25/100|[from] item: Leftovers
|upkeep
|
|t:|1760855596
|switch|p2a: Landorus|Landorus-Therian, M|88/100
|-damage|p2a: Landorus|76/100|[from] Stealth Rock
|-ability|p2a: Landorus|Intimidate|boost
|-unboost|p1a: Ting-Lu|atk|1
|turn|13
|
|t:|1760855602
|move|p2a: Landorus|Earthquake|p1a: Ting-Lu
|-damage|p1a: Ting-Lu|0 fnt
|faint|p1a: Ting-Lu
|
|upkeep
|
|t:|1760855608
|switch|p1a: Iron Boulder|Iron Boulder|100/100
|-enditem|p1a: Iron Boulder|Booster Energy
|-activate|p1a: Iron Boulder|ability: Quark Drive|[fromitem]
|-start|p1a: Iron Boulder|quarkdrivespe
|turn|14
|
|t:|1760855613
|move|p1a: Iron Boulder|Swords Dance|p1a: Iron Boulder
|-boost|p1a: Iron Boulder|atk|2
|move|p2a: Landorus|Earthquake|p1a: Iron Boulder
|-supereffective|p1a: Iron Boulder
|-damage|p1a: Iron Boulder|0 fnt
|faint|p1a: Iron Boulder
|-end|p1a: Iron Boulder|Quark Drive|[silent]
|
|upkeep
|
|t:|1760855621
|switch|p1a: Gholdengo|Gholdengo|18/100
|turn|15
|
|t:|1760855634
|move|p2a: Landorus|Earthquake|p1a: Gholdengo
|-supereffective|p1a: Gholdengo
|-damage|p1a: Gholdengo|0 fnt
|faint|p1a: Gholdengo
|
|win|F1amewheel
|raw|slyddvicious's rating: 1205 &rarr; <strong>1185</strong><br />(-20 for losing)
|raw|F1amewheel's rating: 1275 &rarr; <strong>1295</strong><br />(+20 for winning)
|l|☆F1amewheel
|player|p2|
|l|☆slyddvicious
|player|p1|
