|j|☆pokingmoms
|j|☆o monstro01
|t:|1760876538
|gametype|singles
|player|p1|pokingmoms|266|1449
|player|p2|o monstro01|clay|1501
|gen|9
|tier|[Gen 9] OU
|rated|
|rule|HP Percentage Mod: HP is shown in percentages
|rule|Endless Battle Clause: Forcing endless battles is banned
|rule|Species Clause: Limit one of each Pokémon
|rule|OHKO Clause: OHKO moves are banned
|rule|Evasion Items Clause: Evasion items are banned
|rule|Evasion Moves Clause: Evasion moves are banned
|rule|Evasion Abilities Clause: Evasion abilities are banned
|rule|Sleep Moves Clause: Sleep-inducing moves are banned
|clearpoke
|poke|p1|Corviknight, M|
|poke|p1|Iron Hands|
|poke|p1|Weavile, F|
|poke|p1|Primarina, M|
|poke|p1|Raging Bolt|
|poke|p1|Iron Valiant|
|poke|p2|Great Tusk|
|poke|p2|Iron Moth|
|poke|p2|Walking Wake|
|poke|p2|Comfey, M|
|poke|p2|Ninetales, M|
|poke|p2|Whimsicott, M|
|teampreview
|inactive|Battle timer is ON: inactive players will automatically lose when time's up. (requested by pokingmoms)
|
|t:|1760876546
|teamsize|p1|6
|teamsize|p2|6
|start
|switch|p1a: Bort|Raging Bolt|100/100
|switch|p2a: Ninetales|Ninetales, M|100/100
|-weather|SunnyDay|[from] ability: Drought|[of] p2a: Ninetales
|-activate|p1a: Bort|ability: Protosynthesis
|-start|p1a: Bort|protosynthesisspa
|turn|1
|
|t:|1760876561
|switch|p2a: Iron Moth|Iron Moth|100/100
|-enditem|p2a: Iron Moth|Booster Energy
|-activate|p2a: Iron Moth|ability: Quark Drive|[fromitem]
|-start|p2a: Iron Moth|quarkdrivespa
|move|p1a: Bort|Draco Meteor|p2a: Iron Moth
|-damage|p2a: Iron Moth|0 fnt
|-unboost|p1a: Bort|spa|2
|faint|p2a: Iron Moth
|-end|p2a: Iron Moth|Quark Drive|[silent]
|
|-weather|SunnyDay|[upkeep]
|upkeep
|
|t:|1760876573
|switch|p2a: Whimsicott|Whimsicott, M|100/100
|turn|2
|
|t:|1760876580
|-end|p1a: Bort|Protosynthesis|[silent]
|switch|p1a: Corvorino|Corviknight, M|100/100
|-ability|p1a: Corvorino|Pressure
|move|p2a: Whimsicott|Growth|p2a: Whimsicott
|-boost|p2a: Whimsicott|atk|2
|-boost|p2a: Whimsicott|spa|2
|
|-weather|SunnyDay|[upkeep]
|upkeep
|turn|3
|
|t:|1760876591
|switch|p1a: BIG P|Primarina, M, shiny|100/100
|-terastallize|p2a: Whimsicott|Ghost
|move|p2a: Whimsicott|Growth|p2a: Whimsicott
|-boost|p2a: Whimsicott|atk|2
|-boost|p2a: Whimsicott|spa|2
|
|-weather|SunnyDay|[upkeep]
|upkeep
|turn|4
|
|t:|1760876601
|switch|p1a: Corvorino|Corviknight, M|100/100
|-ability|p1a: Corvorino|Pressure
|move|p2a: Whimsicott|Energy Ball|p1a: Corvorino
|-resisted|p1a: Corvorino
|-damage|p1a: Corvorino|67/100
|-damage|p2a: Whimsicott|91/100|[from] item: Life Orb
|
|-weather|SunnyDay|[upkeep]
|upkeep
|turn|5
|
|t:|1760876611
|move|p2a: Whimsicott|Shadow Ball|p1a: Corvorino
|-damage|p1a: Corvorino|0 fnt
|faint|p1a: Corvorino
|-damage|p2a: Whimsicott|81/100|[from] item: Life Orb
|
|-weather|SunnyDay|[upkeep]
|upkeep
|
|t:|1760876620
|switch|p1a: Bort|Raging Bolt|100/100
|-activate|p1a: Bort|ability: Protosynthesis
|-start|p1a: Bort|protosynthesisspa
|turn|6
|
|t:|1760876626
|move|p1a: Bort|Thunderclap|p2a: Whimsicott
|-damage|p2a: Whimsicott|0 fnt
|faint|p2a: Whimsicott
|
|-weather|SunnyDay|[upkeep]
|upkeep
|
|t:|1760876632
|switch|p2a: Great Tusk|Great Tusk|100/100
|-activate|p2a: Great Tusk|ability: Protosynthesis
|-start|p2a: Great Tusk|protosynthesisatk
|turn|7
|
|t:|1760876648
|-terastallize|p1a: Bort|Bug
|move|p2a: Great Tusk|Headlong Rush|p1a: Bort
|-resisted|p1a: Bort
|-damage|p1a: Bort|64/100
|-unboost|p2a: Great Tusk|def|1
|-unboost|p2a: Great Tusk|spd|1
|move|p1a: Bort|Draco Meteor|p2a: Great Tusk
|-damage|p2a: Great Tusk|0 fnt
|-unboost|p1a: Bort|spa|2
|faint|p2a: Great Tusk
|-end|p2a: Great Tusk|Protosynthesis|[silent]
|
|-weather|SunnyDay|[upkeep]
|upkeep
|
|t:|1760876663
|switch|p2a: Walking Wake|Walking Wake|100/100
|-activate|p2a: Walking Wake|ability: Protosynthesis
|-start|p2a: Walking Wake|protosynthesisspe
|turn|8
|
|t:|1760876678
|-end|p1a: Bort|Protosynthesis|[silent]
|switch|p1a: BIG P|Primarina, M, shiny|100/100
|move|p2a: Walking Wake|Hydro Steam|p1a: BIG P
|-resisted|p1a: BIG P
|-damage|p1a: BIG P|87/100
|
|-weather|none
|-end|p2a: Walking Wake|Protosynthesis
|upkeep
|turn|9
|
|t:|1760876687
|move|p2a: Walking Wake|Knock Off|p1a: BIG P
|-resisted|p1a: BIG P
|-damage|p1a: BIG P|75/100
|-enditem|p1a: BIG P|Assault Vest|[from] move: Knock Off|[of] p2a: Walking Wake
|move|p1a: BIG P|Psychic Noise|p2a: Walking Wake
|-resisted|p2a: Walking Wake
|-damage|p2a: Walking Wake|94/100
|-start|p2a: Walking Wake|move: Heal Block
|
|upkeep
|turn|10
|
|t:|1760876702
|move|p2a: Walking Wake|Hydro Steam|p1a: BIG P
|-resisted|p1a: BIG P
|-damage|p1a: BIG P|63/100
|move|p1a: BIG P|Moonblast|p2a: Walking Wake
|-supereffective|p2a: Walking Wake
|-damage|p2a: Walking Wake|27/100
|
|-end|p2a: Walking Wake|move: Heal Block
|upkeep
|turn|11
|
|t:|1760876720
|move|p2a: Walking Wake|Hydro Steam|p1a: BIG P
|-resisted|p1a: BIG P
|-damage|p1a: BIG P|50/100
|move|p1a: BIG P|Moonblast|p2a: Walking Wake
|-supereffective|p2a: Walking Wake
|-damage|p2a: Walking Wake|0 fnt
|faint|p2a: Walking Wake
|-end|p2a: Walking Wake|Protosynthesis|[silent]
|
|upkeep
|
|t:|1760876730
|switch|p2a: Ninetales|Ninetales, M|100/100
|-weather|SunnyDay|[from] ability: Drought|[of] p2a: Ninetales
|turn|12
|
|t:|1760876744
|move|p2a: Ninetales|Solar Beam||[still]
|-prepare|p2a: Ninetales|Solar Beam
|-anim|p2a: Ninetales|Solar Beam|p1a: BIG P
|-supereffective|p1a: BIG P
|-damage|p1a: BIG P|2/100
|move|p1a: BIG P|Psychic Noise|p2a: Ninetales
|-supereffective|p2a: Ninetales
|-damage|p2a: Ninetales|50/100
|-start|p2a: Ninetales|move: Heal Block
|
|-weather|SunnyDay|[upkeep]
|upkeep
|turn|13
|
|t:|1760876758
|move|p2a: Ninetales|Encore|p1a: BIG P
|-start|p1a: BIG P|Encore
|move|p1a: BIG P|Psychic Noise|p2a: Ninetales
|-supereffective|p2a: Ninetales
|-damage|p2a: Ninetales|1/100
|
|-weather|SunnyDay|[upkeep]
|-end|p2a: Ninetales|move: Heal Block
|upkeep
|turn|14
|
|t:|1760876770
|move|p2a: Ninetales|Encore||[still]
|-fail|p2a: Ninetales
|move|p1a: BIG P|Psychic Noise|p2a: Ninetales
|-supereffective|p2a: Ninetales
|-damage|p2a: Ninetales|0 fnt
|faint|p2a: Ninetales
|
|-weather|SunnyDay|[upkeep]
|upkeep
|
|t:|1760876780
|switch|p2a: Comfey|Comfey, M|100/100
|turn|15
|l|☆pokingmoms
|inactive|pokingmoms disconnected and has a minute to reconnect!
|player|p1|
|j|☆pokingmoms
|inactive|pokingmoms reconnected and has 125 seconds left.
|player|p1|pokingmoms|266|
|inactive|pokingmoms has 120 seconds left.
|
|t:|1760876814
|switch|p1a: Bort|Raging Bolt, tera:Bug|64/100
|-activate|p1a: Bort|ability: Protosynthesis
|-start|p1a: Bort|protosynthesisspa
|move|p2a: Comfey|Growth|p2a: Comfey
|-boost|p2a: Comfey|atk|2
|-boost|p2a: Comfey|spa|2
|
|-weather|SunnyDay|[upkeep]
|upkeep
|turn|16
|
|t:|1760876836
|move|p2a: Comfey|Growth|p2a: Comfey
|-boost|p2a: Comfey|atk|2
|-boost|p2a: Comfey|spa|2
|move|p1a: Bort|Thunderbolt|p2a: Comfey
|-damage|p2a: Comfey|27/100
|
|-weather|SunnyDay|[upkeep]
|upkeep
|turn|17
|
|t:|1760876844
|move|p2a: Comfey|Draining Kiss|p1a: Bort
|-damage|p1a: Bort|6/100
|-heal|p2a: Comfey|83/100|[from] drain|[of] p1a: Bort
|-damage|p2a: Comfey|73/100|[from] item: Life Orb
|move|p1a: Bort|Thunderclap||[still]
|-fail|p1a: Bort
|
|-weather|SunnyDay|[upkeep]
|upkeep
|turn|18
|
|t:|1760876853
|move|p2a: Comfey|Draining Kiss|p1a: Bort
|-damage|p1a: Bort|0 fnt
|-heal|p2a: Comfey|79/100|[from] drain|[of] p1a: Bort
|faint|p1a: Bort
|-end|p1a: Bort|Protosynthesis|[silent]
|-damage|p2a: Comfey|69/100|[from] item: Life Orb
|
|-weather|SunnyDay|[upkeep]
|upkeep
|
|t:|1760876863
|switch|p1a: Iron Valiant|Iron Valiant, shiny|100/100
|-enditem|p1a: Iron Valiant|Booster Energy
|-activate|p1a: Iron Valiant|ability: Quark Drive|[fromitem]
|-start|p1a: Iron Valiant|quarkdrivespe
|turn|19
|l|☆pokingmoms
|inactive|pokingmoms disconnected and has a minute to reconnect!
|player|p1|
|inactive|pokingmoms has 30 seconds to reconnect!
|inactive|pokingmoms has 20 seconds to reconnect!
|inactive|pokingmoms has 15 seconds to reconnect!
|inactive|pokingmoms has 10 seconds to reconnect!
|inactive|pokingmoms has 5 seconds to reconnect!
|-message|pokingmoms lost due to inactivity.
|
|win|o monstro01
|raw|pokingmoms's rating: 1449 &rarr; <strong>1432</strong><br />(-17 for losing)
|raw|o monstro01's rating: 1501 &rarr; <strong>1518</strong><br />(+17 for winning)
|l|☆o monstro01
|player|p2|
