|j|☆azad555
|j|‽brainc3ll
|t:|1760891479
|gametype|singles
|player|p1|azad555|265|1230
|player|p2|brainc3ll|265|1225
|gen|9
|tier|[Gen 9] OU
|rated|
|rule|HP Percentage Mod: HP is shown in percentages
|rule|Endless Battle Clause: Forcing endless battles is banned
|rule|Species Clause: Limit one of each Pokémon
|rule|OHKO Clause: OHKO moves are banned
|rule|Evasion Items Clause: Evasion items are banned
|rule|Evasion Moves Clause: Evasion moves are banned
|rule|Evasion Abilities Clause: Evasion abilities are banned
|rule|Sleep Moves Clause: Sleep-inducing moves are banned
|clearpoke
|poke|p1|Sylveon, M|
|poke|p1|Torkoal, M|
|poke|p1|Dragapult, F|
|poke|p1|Pelipper, M|
|poke|p1|Arcanine-Hisui, F|
|poke|p1|Electrode-Hisui|
|poke|p2|Zamazenta-*|
|poke|p2|Kingambit, F|
|poke|p2|Samurott-Hisui, F|
|poke|p2|Landorus-Therian, M|
|poke|p2|Iron Valiant|
|poke|p2|Iron Moth|
|teampreview
|inactive|Battle timer is ON: inactive players will automatically lose when time's up. (requested by azad555)
|
|t:|1760891519
|teamsize|p1|6
|teamsize|p2|6
|start
|switch|p1a: Electrode|Electrode-Hisui|100/100
|switch|p2a: Landorus|Landorus-Therian, M|100/100
|-ability|p2a: Landorus|Intimidate|boost
|-unboost|p1a: Electrode|atk|1
|turn|1
|
|t:|1760891524
|move|p1a: Electrode|Chloroblast|p2a: Landorus
|-damage|p2a: Landorus|22/100
|-damage|p1a: Electrode|50/100|[from] Recoil
|move|p2a: Landorus|Stealth Rock|p1a: Electrode
|-sidestart|p1: azad555|move: Stealth Rock
|
|upkeep
|turn|2
|
|t:|1760891532
|switch|p2a: Iron Moth|Iron Moth|100/100
|-enditem|p2a: Iron Moth|Booster Energy
|-activate|p2a: Iron Moth|ability: Quark Drive|[fromitem]
|-start|p2a: Iron Moth|quarkdrivespe
|move|p1a: Electrode|Foul Play|p2a: Iron Moth
|-crit|p2a: Iron Moth
|-damage|p2a: Iron Moth|71/100
|
|upkeep
|turn|3
|
|t:|1760891547
|move|p2a: Iron Moth|Fiery Dance|p1a: Electrode
|-supereffective|p1a: Electrode
|-damage|p1a: Electrode|0 fnt
|-boost|p2a: Iron Moth|spa|1
|faint|p1a: Electrode
|
|upkeep
|
|t:|1760891557
|switch|p1a: Pelipper|Pelipper, M|100/100
|-damage|p1a: Pelipper|76/100|[from] Stealth Rock
|-weather|RainDance|[from] ability: Drizzle|[of] p1a: Pelipper
|turn|4
|
|t:|1760891564
|move|p2a: Iron Moth|Sludge Wave|p1a: Pelipper
|-crit|p1a: Pelipper
|-damage|p1a: Pelipper|0 fnt
|faint|p1a: Pelipper
|
|-weather|RainDance|[upkeep]
|upkeep
|
|t:|1760891574
|switch|p1a: Arcanine|Arcanine-Hisui, F, shiny|100/100
|-damage|p1a: Arcanine|76/100|[from] Stealth Rock
|turn|5
|
|t:|1760891588
|-terastallize|p2a: Iron Moth|Ground
|move|p2a: Iron Moth|Tera Blast|p1a: Arcanine|[anim] Tera Blast Ground
|-supereffective|p1a: Arcanine
|-damage|p1a: Arcanine|0 fnt
|faint|p1a: Arcanine
|
|-weather|RainDance|[upkeep]
|upkeep
|
|t:|1760891594
|switch|p1a: Sylveon|Sylveon, M|100/100
|-damage|p1a: Sylveon|88/100|[from] Stealth Rock
|turn|6
|-message|azad555 forfeited.
|
|win|brainc3ll
|raw|azad555's rating: 1230 &rarr; <strong>1205</strong><br />(-25 for losing)
|raw|brainc3ll's rating: 1225 &rarr; <strong>1250</strong><br />(+25 for winning)
|l|☆azad555
|player|p1|
|l|‽brainc3ll
|player|p2|
