|j|☆reqkt
|j|☆SupremeVolo
|t:|1760786556
|gametype|singles
|player|p1|reqkt|backpacker|1183
|player|p2|SupremeVolo|rocketgrunt|1177
|gen|9
|tier|[Gen 9] OU
|rated|
|rule|HP Percentage Mod: HP is shown in percentages
|rule|Endless Battle Clause: Forcing endless battles is banned
|rule|Species Clause: Limit one of each Pokémon
|rule|OHKO Clause: OHKO moves are banned
|rule|Evasion Items Clause: Evasion items are banned
|rule|Evasion Moves Clause: Evasion moves are banned
|rule|Evasion Abilities Clause: Evasion abilities are banned
|rule|Sleep Moves Clause: Sleep-inducing moves are banned
|clearpoke
|poke|p1|Zoroark-Hisui, F|
|poke|p1|Ceruledge, F|
|poke|p1|Ninetales, M|
|poke|p1|Walking Wake|
|poke|p1|Venusaur, M|
|poke|p1|Great Tusk|
|poke|p2|Staraptor, M|
|poke|p2|Ogerpon-Wellspring, F|
|poke|p2|Kingambit, M|
|poke|p2|Glimmora, M|
|poke|p2|Dragapult, M|
|poke|p2|Iron Valiant|
|teampreview
|
|t:|1760786596
|teamsize|p1|6
|teamsize|p2|6
|start
|switch|p1a: Venusaur|Venusaur, M|100/100
|switch|p2a: Glimmora|Glimmora, M|100/100
|turn|1
|
|t:|1760786625
|move|p1a: Venusaur|Nasty Plot|p1a: Venusaur
|-boost|p1a: Venusaur|spa|2
|move|p2a: Glimmora|Earth Power|p1a: Venusaur
|-damage|p1a: Venusaur|32/100
|replace|p1a: Zoroark|Zoroark-Hisui, F, shiny
|-end|p1a: Zoroark|Illusion
|-enditem|p1a: Zoroark|Eject Button
|inactive|Battle timer is ON: inactive players will automatically lose when time's up. (requested by reqkt)
|
|t:|1760786641
|switch|p1a: Walking Wake|Walking Wake|100/100
|
|upkeep
|turn|2
|
|t:|1760786651
|switch|p2a: Ogerpon|Ogerpon-Wellspring, F|100/100
|move|p1a: Walking Wake|Hydro Steam|p2a: Ogerpon
|-immune|p2a: Ogerpon|[from] ability: Water Absorb
|
|upkeep
|turn|3
|
|t:|1760786664
|-terastallize|p1a: Walking Wake|Grass
|move|p2a: Ogerpon|Play Rough|p1a: Walking Wake
|-damage|p1a: Walking Wake|58/100
|move|p1a: Walking Wake|Dragon Tail|p2a: Ogerpon
|-crit|p2a: Ogerpon
|-damage|p2a: Ogerpon|64/100
|drag|p2a: Dragapult|Dragapult, M|100/100
|
|-heal|p1a: Walking Wake|65/100|[from] item: Leftovers
|upkeep
|turn|4
|
|t:|1760786689
|-end|p1a: Walking Wake|Protosynthesis|[silent]
|switch|p1a: Venusaur|Venusaur, M|32/100
|move|p2a: Dragapult|Flamethrower|p1a: Venusaur
|-damage|p1a: Venusaur|0 fnt
|replace|p1a: Zoroark|Zoroark-Hisui, F, shiny
|-end|p1a: Zoroark|Illusion
|faint|p1a: Zoroark
|
|upkeep
|
|t:|1760786702
|switch|p1a: Venusaur|Venusaur, M|100/100
|turn|5
|
|t:|1760786712
|move|p2a: Dragapult|Flamethrower|p1a: Venusaur
|-supereffective|p1a: Venusaur
|-damage|p1a: Venusaur|31/100
|move|p1a: Venusaur|Leech Seed|p2a: Dragapult
|-start|p2a: Dragapult|move: Leech Seed
|
|-heal|p1a: Venusaur|37/100|[from] item: Black Sludge
|-damage|p2a: Dragapult|88/100|[from] Leech Seed|[of] p1a: Venusaur
|-heal|p1a: Venusaur|48/100|[silent]
|upkeep
|turn|6
|
|t:|1760786722
|move|p1a: Venusaur|Protect|p1a: Venusaur
|-singleturn|p1a: Venusaur|Protect
|move|p2a: Dragapult|Flamethrower|p1a: Venusaur
|-activate|p1a: Venusaur|move: Protect
|
|-heal|p1a: Venusaur|54/100|[from] item: Black Sludge
|-damage|p2a: Dragapult|76/100|[from] Leech Seed|[of] p1a: Venusaur
|-heal|p1a: Venusaur|65/100|[silent]
|upkeep
|turn|7
|
|t:|1760786732
|switch|p1a: Ceruledge|Ceruledge, F|100/100
|move|p2a: Dragapult|Flamethrower|p1a: Ceruledge
|-start|p1a: Ceruledge|ability: Flash Fire
|
|-damage|p2a: Dragapult|64/100|[from] Leech Seed|[of] p1a: Ceruledge
|upkeep
|turn|8
|
|t:|1760786742
|switch|p2a: Glimmora|Glimmora, M|100/100
|move|p1a: Ceruledge|Shadow Sneak|p2a: Glimmora
|-damage|p2a: Glimmora|77/100
|-activate|p2a: Glimmora|ability: Toxic Debris
|-sidestart|p1: reqkt|move: Toxic Spikes
|
|upkeep
|turn|9
|inactive|reqkt has 120 seconds left.
|
|t:|1760786770
|-end|p1a: Ceruledge|ability: Flash Fire|[silent]
|switch|p1a: Venusaur|Venusaur, M|65/100
|-sideend|p1: reqkt|move: Toxic Spikes|[of] p1a: Venusaur
|move|p2a: Glimmora|Meteor Beam||[still]
|-prepare|p2a: Glimmora|Meteor Beam
|-boost|p2a: Glimmora|spa|1
|-enditem|p2a: Glimmora|Power Herb
|-anim|p2a: Glimmora|Meteor Beam|p1a: Venusaur
|-damage|p1a: Venusaur|0 fnt
|faint|p1a: Venusaur
|
|upkeep
|inactive|reqkt has 120 seconds left.
|
|t:|1760786782
|switch|p1a: Walking Wake|Walking Wake, tera:Grass|65/100
|turn|10
|inactive|reqkt has 120 seconds left.
|
|t:|1760786788
|move|p1a: Walking Wake|Scald|p2a: Glimmora
|-supereffective|p2a: Glimmora
|-damage|p2a: Glimmora|0 fnt
|faint|p2a: Glimmora
|
|-heal|p1a: Walking Wake|71/100|[from] item: Leftovers
|upkeep
|
|t:|1760786791
|switch|p2a: Dragapult|Dragapult, M|64/100
|turn|11
|inactive|reqkt has 120 seconds left.
|
|t:|1760786826
|-end|p1a: Walking Wake|Protosynthesis|[silent]
|switch|p1a: Ceruledge|Ceruledge, F|100/100
|move|p2a: Dragapult|Flamethrower|p1a: Ceruledge
|-start|p1a: Ceruledge|ability: Flash Fire
|
|upkeep
|turn|12
|
|t:|1760786839
|switch|p2a: Kingambit|Kingambit, M|100/100
|-activate|p2a: Kingambit|ability: Supreme Overlord
|-start|p2a: Kingambit|fallen1|[silent]
|move|p1a: Ceruledge|Shadow Sneak|p2a: Kingambit
|-resisted|p2a: Kingambit
|-damage|p2a: Kingambit|93/100
|
|-heal|p2a: Kingambit|99/100|[from] item: Leftovers
|upkeep
|turn|13
|
|t:|1760786854
|-end|p1a: Ceruledge|ability: Flash Fire|[silent]
|switch|p1a: Great Tusk|Great Tusk|100/100
|-terastallize|p2a: Kingambit|Ghost
|move|p2a: Kingambit|Kowtow Cleave|p1a: Great Tusk
|-resisted|p1a: Great Tusk
|-damage|p1a: Great Tusk|82/100
|-damage|p2a: Kingambit|83/100|[from] item: Rocky Helmet|[of] p1a: Great Tusk
|
|-heal|p2a: Kingambit|89/100|[from] item: Leftovers
|upkeep
|turn|14
|
|t:|1760786871
|-end|p2a: Kingambit|fallen1|[silent]
|switch|p2a: Ogerpon|Ogerpon-Wellspring, F|64/100
|move|p1a: Great Tusk|Bulk Up|p1a: Great Tusk
|-boost|p1a: Great Tusk|atk|1
|-boost|p1a: Great Tusk|def|1
|
|upkeep
|turn|15
|
|t:|1760786882
|move|p2a: Ogerpon|Ivy Cudgel|p1a: Great Tusk|[anim] Ivy Cudgel Water
|-supereffective|p1a: Great Tusk
|-damage|p1a: Great Tusk|31/100
|move|p1a: Great Tusk|Body Press|p2a: Ogerpon
|-damage|p2a: Ogerpon|1/100
|
|upkeep
|turn|16
|
|t:|1760786900
|-end|p1a: Great Tusk|Protosynthesis|[silent]
|switch|p1a: Walking Wake|Walking Wake, tera:Grass|71/100
|move|p2a: Ogerpon|Horn Leech|p1a: Walking Wake
|-resisted|p1a: Walking Wake
|-damage|p1a: Walking Wake|46/100
|-heal|p2a: Ogerpon|15/100|[from] drain|[of] p1a: Walking Wake
|
|-heal|p1a: Walking Wake|52/100|[from] item: Leftovers
|upkeep
|turn|17
|
|t:|1760786918
|move|p2a: Ogerpon|Play Rough|p1a: Walking Wake|[miss]
|-miss|p2a: Ogerpon|p1a: Walking Wake
|move|p1a: Walking Wake|Dragon Tail|p2a: Ogerpon
|-damage|p2a: Ogerpon|0 fnt
|faint|p2a: Ogerpon
|
|-heal|p1a: Walking Wake|59/100|[from] item: Leftovers
|upkeep
|
|t:|1760786935
|switch|p2a: Staraptor|Staraptor, M|100/100
|-ability|p2a: Staraptor|Intimidate|boost
|-unboost|p1a: Walking Wake|atk|1
|turn|18
|
|t:|1760786957
|move|p2a: Staraptor|Brave Bird|p1a: Walking Wake
|-supereffective|p1a: Walking Wake
|-crit|p1a: Walking Wake
|-damage|p1a: Walking Wake|0 fnt
|faint|p1a: Walking Wake
|-end|p1a: Walking Wake|Protosynthesis|[silent]
|-damage|p2a: Staraptor|80/100|[from] Recoil
|
|upkeep
|inactive|reqkt has 90 seconds left.
|
|t:|1760786968
|switch|p1a: Ninetales|Ninetales, M|100/100
|-weather|SunnyDay|[from] ability: Drought|[of] p1a: Ninetales
|turn|19
|
|t:|1760786981
|switch|p2a: Dragapult|Dragapult, M|64/100
|move|p1a: Ninetales|Will-O-Wisp|p2a: Dragapult
|-status|p2a: Dragapult|brn
|
|-weather|SunnyDay|[upkeep]
|-damage|p2a: Dragapult|58/100 brn|[from] brn
|upkeep
|turn|20
|inactive|reqkt has 90 seconds left.
|
|t:|1760786999
|move|p2a: Dragapult|Draco Meteor|p1a: Ninetales
|-damage|p1a: Ninetales|21/100
|-unboost|p2a: Dragapult|spa|2
|move|p1a: Ninetales|Calm Mind|p1a: Ninetales
|-boost|p1a: Ninetales|spa|1
|-boost|p1a: Ninetales|spd|1
|
|-weather|SunnyDay|[upkeep]
|-damage|p2a: Dragapult|52/100 brn|[from] brn
|upkeep
|turn|21
|inactive|reqkt has 90 seconds left.
|
|t:|1760787021
|move|p2a: Dragapult|Draco Meteor|p1a: Ninetales
|-damage|p1a: Ninetales|0 fnt
|-unboost|p2a: Dragapult|spa|2
|faint|p1a: Ninetales
|
|-weather|SunnyDay|[upkeep]
|-damage|p2a: Dragapult|46/100 brn|[from] brn
|upkeep
|
|t:|1760787026
|switch|p1a: Ceruledge|Ceruledge, F|100/100
|turn|22
|inactive|SupremeVolo has 120 seconds left.
|
|t:|1760787054
|move|p1a: Ceruledge|Shadow Sneak|p2a: Dragapult
|-supereffective|p2a: Dragapult
|-damage|p2a: Dragapult|0 fnt
|faint|p2a: Dragapult
|
|-weather|SunnyDay|[upkeep]
|upkeep
|
|t:|1760787058
|switch|p2a: Kingambit|Kingambit, M, tera:Ghost|89/100
|-activate|p2a: Kingambit|ability: Supreme Overlord
|-start|p2a: Kingambit|fallen3|[silent]
|turn|23
|
|t:|1760787067
|move|p1a: Ceruledge|Phantom Force||[still]
|-prepare|p1a: Ceruledge|Phantom Force
|move|p2a: Kingambit|Kowtow Cleave|p1a: Ceruledge|[miss]
|-miss|p2a: Kingambit|p1a: Ceruledge
|
|-weather|SunnyDay|[upkeep]
|-heal|p2a: Kingambit|95/100|[from] item: Leftovers
|upkeep
|turn|24
|
|t:|1760787075
|-end|p2a: Kingambit|fallen3|[silent]
|switch|p2a: Staraptor|Staraptor, M|80/100
|-ability|p2a: Staraptor|Intimidate|boost
|-unboost|p1a: Ceruledge|atk|1
|move|p1a: Ceruledge|Phantom Force|p2a: Staraptor|[from] lockedmove
|-immune|p2a: Staraptor
|
|-weather|SunnyDay|[upkeep]
|upkeep
|turn|25
|
|t:|1760787086
|switch|p1a: Great Tusk|Great Tusk|31/100
|-activate|p1a: Great Tusk|ability: Protosynthesis
|-start|p1a: Great Tusk|protosynthesisatk
|move|p2a: Staraptor|Brave Bird|p1a: Great Tusk
|-supereffective|p1a: Great Tusk
|-damage|p1a: Great Tusk|0 fnt
|-damage|p2a: Staraptor|63/100|[from] item: Rocky Helmet|[of] p1a: Great Tusk
|faint|p1a: Great Tusk
|-end|p1a: Great Tusk|Protosynthesis|[silent]
|-damage|p2a: Staraptor|49/100|[from] Recoil
|
|-weather|SunnyDay|[upkeep]
|upkeep
|
|t:|1760787091
|switch|p1a: Ceruledge|Ceruledge, F|100/100
|turn|26
|
|t:|1760787095
|move|p2a: Staraptor|Brave Bird|p1a: Ceruledge
|-damage|p1a: Ceruledge|4/100
|-damage|p2a: Staraptor|20/100|[from] Recoil
|move|p1a: Ceruledge|Bitter Blade|p2a: Staraptor
|-damage|p2a: Staraptor|0 fnt
|-heal|p1a: Ceruledge|15/100|[from] drain|[of] p2a: Staraptor
|faint|p2a: Staraptor
|
|-weather|none
|upkeep
|
|t:|1760787099
|switch|p2a: Iron Valiant|Iron Valiant|100/100
|-enditem|p2a: Iron Valiant|Booster Energy
|-activate|p2a: Iron Valiant|ability: Quark Drive|[fromitem]
|-start|p2a: Iron Valiant|quarkdrivespe
|turn|27
|
|t:|1760787109
|move|p2a: Iron Valiant|Knock Off|p1a: Ceruledge
|-supereffective|p1a: Ceruledge
|-damage|p1a: Ceruledge|0 fnt
|-enditem|p1a: Ceruledge|Assault Vest|[from] move: Knock Off|[of] p2a: Iron Valiant
|faint|p1a: Ceruledge
|
|win|SupremeVolo
|raw|reqkt's rating: 1183 &rarr; <strong>1158</strong><br />(-25 for losing)
|raw|SupremeVolo's rating: 1177 &rarr; <strong>1202</strong><br />(+25 for winning)
|l|☆reqkt
|player|p1|
|l|☆SupremeVolo
|player|p2|
