|j|☆KennytheslugSmith
|j|☆IamLonny
|t:|1760861424
|gametype|singles
|player|p1|KennytheslugSmith|scientist-gen4dp|1189
|player|p2|IamLonny|bruno|1146
|gen|9
|tier|[Gen 9] OU
|rated|
|rule|HP Percentage Mod: HP is shown in percentages
|rule|Endless Battle Clause: Forcing endless battles is banned
|rule|Species Clause: Limit one of each Pokémon
|rule|OHKO Clause: OHKO moves are banned
|rule|Evasion Items Clause: Evasion items are banned
|rule|Evasion Moves Clause: Evasion moves are banned
|rule|Evasion Abilities Clause: Evasion abilities are banned
|rule|Sleep Moves Clause: Sleep-inducing moves are banned
|clearpoke
|poke|p1|Hydrapple, M|
|poke|p1|Skarmory, F|
|poke|p1|Tyranitar, F|
|poke|p1|Alomomola, M|
|poke|p1|Clodsire, M|
|poke|p1|Clefable, F|
|poke|p2|Sandy Shocks|
|poke|p2|Conkeldurr, F|
|poke|p2|Dusclops, F|
|poke|p2|Scizor, M|
|poke|p2|Gyarados, F|
|poke|p2|Altaria, F|
|teampreview
|l|☆IamLonny
|player|p2|
|inactive|Battle timer is ON: inactive players will automatically lose when time's up. (requested by KennytheslugSmith)
|j|☆IamLonny
|inactive|IamLonny reconnected and has 150 seconds left.
|player|p2|IamLonny|bruno|
|
|t:|1760861453
|teamsize|p1|6
|teamsize|p2|6
|start
|switch|p1a: Tyranitar|Tyranitar, F|100/100
|switch|p2a: Gyarados|Gyarados, F|100/100
|-ability|p2a: Gyarados|Intimidate|boost
|-unboost|p1a: Tyranitar|atk|1
|-weather|Sandstorm|[from] ability: Sand Stream|[of] p1a: Tyranitar
|turn|1
|
|t:|1760861463
|switch|p1a: Skarmory|Skarmory, F|100/100
|move|p2a: Gyarados|Waterfall|p1a: Skarmory
|-damage|p1a: Skarmory|75/100
|
|-weather|Sandstorm|[upkeep]
|-damage|p2a: Gyarados|94/100|[from] Sandstorm
|upkeep
|turn|2
|
|t:|1760861472
|move|p2a: Gyarados|Dragon Dance|p2a: Gyarados
|-boost|p2a: Gyarados|atk|1
|-boost|p2a: Gyarados|spe|1
|move|p1a: Skarmory|Spikes|p2a: Gyarados
|-sidestart|p2: IamLonny|Spikes
|
|-weather|Sandstorm|[upkeep]
|-damage|p2a: Gyarados|88/100|[from] Sandstorm
|upkeep
|turn|3
|
|t:|1760861480
|move|p2a: Gyarados|Dragon Dance|p2a: Gyarados
|-boost|p2a: Gyarados|atk|1
|-boost|p2a: Gyarados|spe|1
|move|p1a: Skarmory|Iron Defense|p1a: Skarmory
|-boost|p1a: Skarmory|def|2
|
|-weather|Sandstorm|[upkeep]
|-damage|p2a: Gyarados|82/100|[from] Sandstorm
|upkeep
|turn|4
|
|t:|1760861488
|move|p2a: Gyarados|Waterfall|p1a: Skarmory
|-damage|p1a: Skarmory|52/100
|move|p1a: Skarmory|Roost|p1a: Skarmory
|-heal|p1a: Skarmory|100/100
|-singleturn|p1a: Skarmory|move: Roost
|
|-weather|Sandstorm|[upkeep]
|-damage|p2a: Gyarados|76/100|[from] Sandstorm
|upkeep
|turn|5
|
|t:|1760861499
|switch|p2a: Dusclops|Dusclops, F|100/100
|-damage|p2a: Dusclops|88/100|[from] Spikes
|-ability|p2a: Dusclops|Pressure
|move|p1a: Skarmory|Spikes|p2a: Dusclops
|-sidestart|p2: IamLonny|Spikes
|
|-weather|none
|upkeep
|turn|6
|
|t:|1760861509
|switch|p1a: Clefable|Clefable, F|100/100
|move|p2a: Dusclops|Curse|p1a: Clefable
|-start|p1a: Clefable|Curse|[of] p2a: Dusclops
|-damage|p2a: Dusclops|38/100
|
|upkeep
|turn|7
|
|t:|1760861516
|move|p1a: Clefable|Knock Off|p2a: Dusclops
|-supereffective|p2a: Dusclops
|-damage|p2a: Dusclops|20/100
|-enditem|p2a: Dusclops|Eviolite|[from] move: Knock Off|[of] p1a: Clefable
|move|p2a: Dusclops|Pain Split|p1a: Clefable
|-sethp|p1a: Clefable|56/100|[from] move: Pain Split|[silent]
|-sethp|p2a: Dusclops|99/100|[from] move: Pain Split
|
|upkeep
|turn|8
|
|t:|1760861525
|move|p1a: Clefable|Wish|p1a: Clefable
|move|p2a: Dusclops|Night Shade|p1a: Clefable
|-damage|p1a: Clefable|31/100
|
|upkeep
|turn|9
|
|t:|1760861530
|move|p1a: Clefable|Protect|p1a: Clefable
|-singleturn|p1a: Clefable|Protect
|move|p2a: Dusclops|Night Shade|p1a: Clefable
|-activate|p1a: Clefable|move: Protect
|
|-heal|p1a: Clefable|81/100|[from] move: Wish|[wisher] Clefable
|upkeep
|turn|10
|
|t:|1760861539
|move|p1a: Clefable|Wish|p1a: Clefable
|move|p2a: Dusclops|Night Shade|p1a: Clefable
|-damage|p1a: Clefable|55/100
|
|upkeep
|turn|11
|
|t:|1760861545
|move|p1a: Clefable|Moonblast|p2a: Dusclops
|-damage|p2a: Dusclops|68/100
|-unboost|p2a: Dusclops|spa|1
|move|p2a: Dusclops|Night Shade|p1a: Clefable
|-damage|p1a: Clefable|30/100
|
|-heal|p1a: Clefable|80/100|[from] move: Wish|[wisher] Clefable
|upkeep
|turn|12
|
|t:|1760861554
|move|p1a: Clefable|Wish|p1a: Clefable
|move|p2a: Dusclops|Pain Split|p1a: Clefable
|-sethp|p1a: Clefable|59/100|[from] move: Pain Split|[silent]
|-sethp|p2a: Dusclops|100/100|[from] move: Pain Split
|
|upkeep
|turn|13
|
|t:|1760861564
|switch|p2a: Conkeldurr|Conkeldurr, F|100/100
|-damage|p2a: Conkeldurr|84/100|[from] Spikes
|move|p1a: Clefable|Moonblast|p2a: Conkeldurr
|-supereffective|p2a: Conkeldurr
|-damage|p2a: Conkeldurr|15/100
|-unboost|p2a: Conkeldurr|spa|1
|
|-heal|p1a: Clefable|100/100|[from] move: Wish|[wisher] Clefable
|-status|p2a: Conkeldurr|brn|[from] item: Flame Orb
|upkeep
|turn|14
|
|t:|1760861578
|move|p1a: Clefable|Protect|p1a: Clefable
|-singleturn|p1a: Clefable|Protect
|move|p2a: Conkeldurr|Knock Off|p1a: Clefable
|-activate|p1a: Clefable|move: Protect
|
|-damage|p2a: Conkeldurr|9/100 brn|[from] brn
|upkeep
|turn|15
|
|t:|1760861586
|move|p1a: Clefable|Wish|p1a: Clefable
|move|p2a: Conkeldurr|Poison Jab|p1a: Clefable
|-supereffective|p1a: Clefable
|-damage|p1a: Clefable|30/100
|
|-damage|p2a: Conkeldurr|3/100 brn|[from] brn
|upkeep
|turn|16
|
|t:|1760861593
|move|p1a: Clefable|Protect|p1a: Clefable
|-singleturn|p1a: Clefable|Protect
|move|p2a: Conkeldurr|Mach Punch|p1a: Clefable
|-activate|p1a: Clefable|move: Protect
|
|-heal|p1a: Clefable|80/100|[from] move: Wish|[wisher] Clefable
|-damage|p2a: Conkeldurr|0 fnt|[from] brn
|faint|p2a: Conkeldurr
|upkeep
|inactive|IamLonny has 120 seconds left.
|
|t:|1760861624
|switch|p2a: Sandy Shocks|Sandy Shocks, shiny|100/100
|-damage|p2a: Sandy Shocks|84/100|[from] Spikes
|-enditem|p2a: Sandy Shocks|Booster Energy
|-activate|p2a: Sandy Shocks|ability: Protosynthesis|[fromitem]
|-start|p2a: Sandy Shocks|protosynthesisspa
|turn|17
|
|t:|1760861637
|move|p2a: Sandy Shocks|Earth Power|p1a: Clefable
|-damage|p1a: Clefable|23/100
|move|p1a: Clefable|Wish|p1a: Clefable
|
|upkeep
|turn|18
|
|t:|1760861643
|switch|p1a: Clodsire|Clodsire, M|100/100
|move|p2a: Sandy Shocks|Earth Power|p1a: Clodsire
|-supereffective|p1a: Clodsire
|-damage|p1a: Clodsire|31/100
|
|-heal|p1a: Clodsire|74/100|[from] move: Wish|[wisher] Clefable
|upkeep
|turn|19
|
|t:|1760861657
|-terastallize|p1a: Clodsire|Dark
|move|p2a: Sandy Shocks|Earth Power|p1a: Clodsire
|-damage|p1a: Clodsire|39/100
|move|p1a: Clodsire|Amnesia|p1a: Clodsire
|-boost|p1a: Clodsire|spd|2
|
|upkeep
|turn|20
|
|t:|1760861667
|-end|p2a: Sandy Shocks|Protosynthesis|[silent]
|switch|p2a: Scizor|Scizor, M|100/100
|-damage|p2a: Scizor|84/100|[from] Spikes
|move|p1a: Clodsire|Recover|p1a: Clodsire
|-heal|p1a: Clodsire|89/100
|
|upkeep
|turn|21
|
|t:|1760861682
|switch|p1a: Alomomola|Alomomola, M, shiny|100/100
|move|p2a: Scizor|Swords Dance|p2a: Scizor
|-boost|p2a: Scizor|atk|2
|
|upkeep
|turn|22
|
|t:|1760861689
|move|p2a: Scizor|Bug Bite|p1a: Alomomola
|-damage|p1a: Alomomola|15/100
|-damage|p2a: Scizor|74/100|[from] item: Life Orb
|move|p1a: Alomomola|Flip Turn|p2a: Scizor
|-damage|p2a: Scizor|58/100
|
|t:|1760861696
|switch|p1a: Skarmory|Skarmory, F|100/100|[from] Flip Turn
|
|upkeep
|turn|23
|
|t:|1760861711
|switch|p2a: Sandy Shocks|Sandy Shocks, shiny|84/100
|-damage|p2a: Sandy Shocks|68/100|[from] Spikes
|move|p1a: Skarmory|Iron Defense|p1a: Skarmory
|-boost|p1a: Skarmory|def|2
|
|upkeep
|turn|24
|
|t:|1760861719
|switch|p1a: Clodsire|Clodsire, M, tera:Dark|89/100
|move|p2a: Sandy Shocks|Thunderbolt|p1a: Clodsire
|-damage|p1a: Clodsire|62/100
|
|upkeep
|turn|25
|
|t:|1760861734
|move|p2a: Sandy Shocks|Thunderbolt|p1a: Clodsire
|-damage|p1a: Clodsire|39/100
|-status|p1a: Clodsire|par
|move|p1a: Clodsire|Recover|p1a: Clodsire
|-heal|p1a: Clodsire|89/100 par
|
|upkeep
|turn|26
|
|t:|1760861744
|-end|p2a: Sandy Shocks|Protosynthesis|[silent]
|switch|p2a: Altaria|Altaria, F|100/100
|-ability|p2a: Altaria|Cloud Nine
|cant|p1a: Clodsire|par
|
|upkeep
|turn|27
|
|t:|1760861751
|move|p2a: Altaria|Moonblast|p1a: Clodsire
|-supereffective|p1a: Clodsire
|-damage|p1a: Clodsire|61/100 par
|cant|p1a: Clodsire|par
|
|upkeep
|turn|28
|
|t:|1760861758
|move|p2a: Altaria|Moonblast|p1a: Clodsire
|-supereffective|p1a: Clodsire
|-damage|p1a: Clodsire|33/100 par
|move|p1a: Clodsire|Recover|p1a: Clodsire
|-heal|p1a: Clodsire|83/100 par
|
|upkeep
|turn|29
|
|t:|1760861764
|move|p2a: Altaria|Moonblast|p1a: Clodsire
|-supereffective|p1a: Clodsire
|-crit|p1a: Clodsire
|-damage|p1a: Clodsire|45/100 par
|-unboost|p1a: Clodsire|spa|1
|move|p1a: Clodsire|Recover|p1a: Clodsire
|-heal|p1a: Clodsire|95/100 par
|
|upkeep
|turn|30
|
|t:|1760861773
|move|p2a: Altaria|Moonblast|p1a: Clodsire
|-supereffective|p1a: Clodsire
|-damage|p1a: Clodsire|71/100 par
|-unboost|p1a: Clodsire|spa|1
|cant|p1a: Clodsire|par
|
|upkeep
|turn|31
|
|t:|1760861780
|move|p2a: Altaria|Moonblast|p1a: Clodsire
|-supereffective|p1a: Clodsire
|-damage|p1a: Clodsire|48/100 par
|move|p1a: Clodsire|Recover|p1a: Clodsire
|-heal|p1a: Clodsire|98/100 par
|
|upkeep
|turn|32
|
|t:|1760861788
|move|p2a: Altaria|Moonblast|p1a: Clodsire
|-supereffective|p1a: Clodsire
|-damage|p1a: Clodsire|74/100 par
|move|p1a: Clodsire|Amnesia|p1a: Clodsire
|-boost|p1a: Clodsire|spd|2
|
|upkeep
|turn|33
|
|t:|1760861800
|switch|p2a: Dusclops|Dusclops, F|100/100
|-damage|p2a: Dusclops|84/100|[from] Spikes
|-ability|p2a: Dusclops|Pressure
|move|p1a: Clodsire|Toxic|p2a: Dusclops|[miss]
|-miss|p1a: Clodsire|p2a: Dusclops
|
|upkeep
|turn|34
|
|t:|1760861814
|switch|p2a: Scizor|Scizor, M|58/100
|-damage|p2a: Scizor|42/100|[from] Spikes
|move|p1a: Clodsire|Toxic|p2a: Scizor
|-immune|p2a: Scizor
|
|upkeep
|turn|35
|-message|IamLonny forfeited.
|
|win|KennytheslugSmith
|raw|KennytheslugSmith's rating: 1189 &rarr; <strong>1211</strong><br />(+22 for winning)
|raw|IamLonny's rating: 1146 &rarr; <strong>1124</strong><br />(-22 for losing)
|l|☆IamLonny
|player|p2|
