|j|☆W4ll R0s3
|j|☆abhi007xu
|t:|1760877228
|gametype|singles
|player|p1|W4ll R0s3|265|1358
|player|p2|abhi007xu|nate|1327
|gen|9
|tier|[Gen 9] OU
|rated|
|rule|HP Percentage Mod: HP is shown in percentages
|rule|Endless Battle Clause: Forcing endless battles is banned
|rule|Species Clause: Limit one of each Pokémon
|rule|OHKO Clause: OHKO moves are banned
|rule|Evasion Items Clause: Evasion items are banned
|rule|Evasion Moves Clause: Evasion moves are banned
|rule|Evasion Abilities Clause: Evasion abilities are banned
|rule|Sleep Moves Clause: Sleep-inducing moves are banned
|clearpoke
|poke|p1|Gholdengo|
|poke|p1|Ogerpon-Wellspring, F|
|poke|p1|Slowking-Galar, F|
|poke|p1|Raging Bolt|
|poke|p1|Cyclizar, F|
|poke|p1|Ting-Lu|
|poke|p2|Landorus-Therian, M|
|poke|p2|Samurott-Hisui, M|
|poke|p2|Pecharunt|
|poke|p2|Scizor, M|
|poke|p2|Latios, M|
|poke|p2|Zamazenta-*|
|teampreview
|
|t:|1760877250
|teamsize|p1|6
|teamsize|p2|6
|start
|switch|p1a: Ogerpon|Ogerpon-Wellspring, F|100/100
|switch|p2a: Samurott|Samurott-Hisui, M, shiny|100/100
|turn|1
|
|t:|1760877259
|switch|p2a: Pecharunt|Pecharunt|100/100
|move|p1a: Ogerpon|Horn Leech|p2a: Pecharunt
|-resisted|p2a: Pecharunt
|-damage|p2a: Pecharunt|88/100
|
|upkeep
|turn|2
|
|t:|1760877267
|-terastallize|p1a: Ogerpon|Water
|detailschange|p1a: Ogerpon|Ogerpon-Wellspring-Tera, F, tera:Water
|-ability|p1a: Ogerpon|Embody Aspect (Wellspring)|boost
|-boost|p1a: Ogerpon|spd|1
|move|p1a: Ogerpon|Knock Off|p2a: Pecharunt
|-supereffective|p2a: Pecharunt
|-damage|p2a: Pecharunt|45/100
|-enditem|p2a: Pecharunt|Heavy-Duty Boots|[from] move: Knock Off|[of] p1a: Ogerpon
|move|p2a: Pecharunt|Parting Shot|p1a: Ogerpon
|-unboost|p1a: Ogerpon|atk|1
|-unboost|p1a: Ogerpon|spa|1
|
|t:|1760877274
|switch|p2a: Landorus|Landorus-Therian, M, shiny|100/100|[from] Parting Shot
|-ability|p2a: Landorus|Intimidate|boost
|-unboost|p1a: Ogerpon|atk|1
|
|upkeep
|turn|3
|
|t:|1760877283
|switch|p2a: Pecharunt|Pecharunt|45/100
|move|p1a: Ogerpon|Ivy Cudgel|p2a: Pecharunt|[anim] Ivy Cudgel Water
|-crit|p2a: Pecharunt
|-damage|p2a: Pecharunt|0 fnt
|faint|p2a: Pecharunt
|
|upkeep
|c|☆abhi007xu|Crit
|
|t:|1760877301
|switch|p2a: Samurott|Samurott-Hisui, M, shiny|100/100
|turn|4
|
|t:|1760877309
|move|p1a: Ogerpon|Horn Leech|p2a: Samurott
|-supereffective|p2a: Samurott
|-damage|p2a: Samurott|47/100
|move|p2a: Samurott|Ceaseless Edge|p1a: Ogerpon|[miss]
|-miss|p2a: Samurott|p1a: Ogerpon
|
|upkeep
|turn|5
|c|☆abhi007xu|Miss
|
|t:|1760877320
|move|p1a: Ogerpon|Horn Leech|p2a: Samurott
|-supereffective|p2a: Samurott
|-damage|p2a: Samurott|0 fnt
|faint|p2a: Samurott
|
|upkeep
|
|t:|1760877323
|switch|p2a: Latios|Latios, M|100/100
|turn|6
|c|☆W4ll R0s3|My previous 5 games
|
|t:|1760877335
|move|p2a: Latios|Calm Mind|p2a: Latios
|-boost|p2a: Latios|spa|1
|-boost|p2a: Latios|spd|1
|move|p1a: Ogerpon|Knock Off|p2a: Latios
|-supereffective|p2a: Latios
|-damage|p2a: Latios|50/100
|-enditem|p2a: Latios|Soul Dew|[from] move: Knock Off|[of] p1a: Ogerpon
|
|upkeep
|turn|7
|
|t:|1760877343
|move|p2a: Latios|Recover|p2a: Latios
|-heal|p2a: Latios|99/100
|move|p1a: Ogerpon|Encore|p2a: Latios
|-start|p2a: Latios|Encore
|
|upkeep
|turn|8
|
|t:|1760877353
|switch|p2a: Landorus|Landorus-Therian, M, shiny|100/100
|-ability|p2a: Landorus|Intimidate|boost
|-unboost|p1a: Ogerpon|atk|1
|switch|p1a: Ting-Lu|Ting-Lu|100/100
|-ability|p1a: Ting-Lu|Vessel of Ruin
|
|upkeep
|turn|9
|
|t:|1760877363
|move|p2a: Landorus|Stealth Rock|p1a: Ting-Lu
|-sidestart|p1: W4ll R0s3|move: Stealth Rock
|move|p1a: Ting-Lu|Stealth Rock|p2a: Landorus
|-sidestart|p2: abhi007xu|move: Stealth Rock
|
|upkeep
|turn|10
|
|t:|1760877368
|move|p2a: Landorus|Earthquake|p1a: Ting-Lu
|-crit|p1a: Ting-Lu
|-damage|p1a: Ting-Lu|65/100
|move|p1a: Ting-Lu|Spikes|p2a: Landorus
|-sidestart|p2: abhi007xu|Spikes
|
|-heal|p1a: Ting-Lu|72/100|[from] item: Leftovers
|upkeep
|turn|11
|c|☆W4ll R0s3|Crit
|
|t:|1760877381
|move|p2a: Landorus|Earthquake|p1a: Ting-Lu
|-damage|p1a: Ting-Lu|47/100
|move|p1a: Ting-Lu|Spikes|p2a: Landorus
|-sidestart|p2: abhi007xu|Spikes
|
|-heal|p1a: Ting-Lu|53/100|[from] item: Leftovers
|upkeep
|turn|12
|c|☆abhi007xu|Lol
|
|t:|1760877392
|move|p2a: Landorus|Earthquake|p1a: Ting-Lu
|-damage|p1a: Ting-Lu|29/100
|move|p1a: Ting-Lu|Spikes|p2a: Landorus
|-sidestart|p2: abhi007xu|Spikes
|
|-heal|p1a: Ting-Lu|35/100|[from] item: Leftovers
|upkeep
|turn|13
|
|t:|1760877400
|move|p2a: Landorus|Earthquake|p1a: Ting-Lu
|-damage|p1a: Ting-Lu|12/100
|move|p1a: Ting-Lu|Whirlwind|p2a: Landorus
|drag|p2a: Zamazenta|Zamazenta|100/100
|-damage|p2a: Zamazenta|94/100|[from] Stealth Rock
|-damage|p2a: Zamazenta|69/100|[from] Spikes
|-ability|p2a: Zamazenta|Dauntless Shield|boost
|-boost|p2a: Zamazenta|def|1
|
|-heal|p2a: Zamazenta|75/100|[from] item: Leftovers
|-heal|p1a: Ting-Lu|18/100|[from] item: Leftovers
|upkeep
|turn|14
|
|t:|1760877412
|move|p2a: Zamazenta|Body Press|p1a: Ting-Lu
|-supereffective|p1a: Ting-Lu
|-damage|p1a: Ting-Lu|0 fnt
|faint|p1a: Ting-Lu
|
|-heal|p2a: Zamazenta|82/100|[from] item: Leftovers
|upkeep
|
|t:|1760877433
|switch|p1a: Slowking|Slowking-Galar, F|100/100
|turn|15
|
|t:|1760877440
|move|p2a: Zamazenta|Iron Defense|p2a: Zamazenta
|-boost|p2a: Zamazenta|def|2
|move|p1a: Slowking|Future Sight|p2a: Zamazenta
|-start|p1a: Slowking|move: Future Sight
|
|-heal|p2a: Zamazenta|88/100|[from] item: Leftovers
|upkeep
|turn|16
|
|t:|1760877449
|move|p2a: Zamazenta|Iron Defense|p2a: Zamazenta
|-boost|p2a: Zamazenta|def|2
|move|p1a: Slowking|Sludge Bomb|p2a: Zamazenta
|-damage|p2a: Zamazenta|60/100
|
|-heal|p2a: Zamazenta|66/100|[from] item: Leftovers
|upkeep
|turn|17
|
|t:|1760877464
|switch|p1a: Gholdengo|Gholdengo|100/100
|-damage|p1a: Gholdengo|94/100|[from] Stealth Rock
|-terastallize|p2a: Zamazenta|Fire
|move|p2a: Zamazenta|Crunch|p1a: Gholdengo
|-supereffective|p1a: Gholdengo
|-damage|p1a: Gholdengo|64/100
|
|-end|p2a: Zamazenta|move: Future Sight
|-damage|p2a: Zamazenta|27/100
|-heal|p2a: Zamazenta|33/100|[from] item: Leftovers
|-heal|p1a: Gholdengo|70/100|[from] item: Leftovers
|upkeep
|turn|18
|
|t:|1760877479
|move|p2a: Zamazenta|Crunch|p1a: Gholdengo
|-supereffective|p1a: Gholdengo
|-damage|p1a: Gholdengo|37/100
|-unboost|p1a: Gholdengo|def|1
|move|p1a: Gholdengo|Recover|p1a: Gholdengo
|-heal|p1a: Gholdengo|87/100
|
|-heal|p2a: Zamazenta|39/100|[from] item: Leftovers
|-heal|p1a: Gholdengo|93/100|[from] item: Leftovers
|upkeep
|turn|19
|
|t:|1760877499
|switch|p1a: Ogerpon|Ogerpon-Wellspring-Tera, F, tera:Water|100/100
|-damage|p1a: Ogerpon|88/100|[from] Stealth Rock
|-ability|p1a: Ogerpon|Embody Aspect (Wellspring)|boost
|-boost|p1a: Ogerpon|spd|1
|move|p2a: Zamazenta|Crunch|p1a: Ogerpon
|-damage|p1a: Ogerpon|60/100
|
|-heal|p2a: Zamazenta|45/100|[from] item: Leftovers
|upkeep
|turn|20
|
|t:|1760877510
|move|p2a: Zamazenta|Body Press|p1a: Ogerpon
|-damage|p1a: Ogerpon|0 fnt
|faint|p1a: Ogerpon
|detailschange|p1: Ogerpon|Ogerpon-Wellspring, F|[silent]
|
|-heal|p2a: Zamazenta|51/100|[from] item: Leftovers
|upkeep
|
|t:|1760877523
|switch|p1a: Slowking|Slowking-Galar, F|100/100
|turn|21
|
|t:|1760877527
|move|p2a: Zamazenta|Body Press|p1a: Slowking
|-resisted|p1a: Slowking
|-damage|p1a: Slowking|77/100
|move|p1a: Slowking|Sludge Bomb|p2a: Zamazenta
|-damage|p2a: Zamazenta|23/100
|-status|p2a: Zamazenta|psn
|
|-heal|p2a: Zamazenta|29/100 psn|[from] item: Leftovers
|-damage|p2a: Zamazenta|17/100 psn|[from] psn
|upkeep
|turn|22
|
|t:|1760877543
|move|p2a: Zamazenta|Crunch|p1a: Slowking
|-supereffective|p1a: Slowking
|-damage|p1a: Slowking|45/100
|-unboost|p1a: Slowking|def|1
|move|p1a: Slowking|Future Sight|p2a: Zamazenta
|-start|p1a: Slowking|move: Future Sight
|
|-heal|p2a: Zamazenta|23/100 psn|[from] item: Leftovers
|-damage|p2a: Zamazenta|10/100 psn|[from] psn
|upkeep
|turn|23
|
|t:|1760877552
|move|p2a: Zamazenta|Crunch|p1a: Slowking
|-supereffective|p1a: Slowking
|-damage|p1a: Slowking|0 fnt
|faint|p1a: Slowking
|
|-heal|p2a: Zamazenta|16/100 psn|[from] item: Leftovers
|-damage|p2a: Zamazenta|4/100 psn|[from] psn
|upkeep
|
|t:|1760877562
|switch|p1a: Raging Bolt|Raging Bolt|100/100
|-damage|p1a: Raging Bolt|88/100|[from] Stealth Rock
|turn|24
|
|t:|1760877568
|move|p1a: Raging Bolt|Thunderclap||[still]
|-fail|p1a: Raging Bolt
|move|p2a: Zamazenta|Roar|p1a: Raging Bolt
|-end|p1a: Raging Bolt|Protosynthesis|[silent]
|drag|p1a: Cyclizar|Cyclizar, F|100/100
|-damage|p1a: Cyclizar|88/100|[from] Stealth Rock
|
|-end|p2a: Zamazenta|move: Future Sight
|-damage|p2a: Zamazenta|0 fnt
|faint|p2a: Zamazenta
|-heal|p1a: Cyclizar|94/100|[from] item: Leftovers
|upkeep
|
|t:|1760877577
|switch|p2a: Latios|Latios, M|99/100
|-damage|p2a: Latios|88/100|[from] Stealth Rock
|turn|25
|
|t:|1760877585
|move|p1a: Cyclizar|U-turn|p2a: Latios
|-supereffective|p2a: Latios
|-crit|p2a: Latios
|-damage|p2a: Latios|7/100
|
|t:|1760877589
|switch|p1a: Gholdengo|Gholdengo|93/100|[from] U-turn
|-damage|p1a: Gholdengo|87/100|[from] Stealth Rock
|move|p2a: Latios|Draco Meteor|p1a: Gholdengo
|-resisted|p1a: Gholdengo
|-damage|p1a: Gholdengo|57/100
|-unboost|p2a: Latios|spa|2
|
|-heal|p1a: Gholdengo|63/100|[from] item: Leftovers
|upkeep
|turn|26
|
|t:|1760877605
|move|p2a: Latios|Recover|p2a: Latios
|-heal|p2a: Latios|57/100
|move|p1a: Gholdengo|Shadow Ball|p2a: Latios
|-supereffective|p2a: Latios
|-damage|p2a: Latios|0 fnt
|faint|p2a: Latios
|
|-heal|p1a: Gholdengo|69/100|[from] item: Leftovers
|upkeep
|
|t:|1760877611
|switch|p2a: Landorus|Landorus-Therian, M, shiny|100/100
|-damage|p2a: Landorus|88/100|[from] Stealth Rock
|-ability|p2a: Landorus|Intimidate|boost
|-unboost|p1a: Gholdengo|atk|1
|turn|27
|
|t:|1760877621
|move|p2a: Landorus|Earthquake|p1a: Gholdengo
|-supereffective|p1a: Gholdengo
|-damage|p1a: Gholdengo|0 fnt
|faint|p1a: Gholdengo
|
|upkeep
|
|t:|1760877626
|switch|p1a: Cyclizar|Cyclizar, F|100/100
|-damage|p1a: Cyclizar|88/100|[from] Stealth Rock
|turn|28
|
|t:|1760877637
|move|p1a: Cyclizar|Breaking Swipe|p2a: Landorus
|-damage|p2a: Landorus|65/100
|-unboost|p2a: Landorus|atk|1
|-damage|p1a: Cyclizar|71/100|[from] item: Rocky Helmet|[of] p2a: Landorus
|move|p2a: Landorus|Earthquake|p1a: Cyclizar
|-damage|p1a: Cyclizar|16/100
|
|-heal|p1a: Cyclizar|22/100|[from] item: Leftovers
|upkeep
|turn|29
|
|t:|1760877649
|move|p1a: Cyclizar|Knock Off|p2a: Landorus
|-damage|p2a: Landorus|40/100
|-damage|p1a: Cyclizar|5/100|[from] item: Rocky Helmet|[of] p2a: Landorus
|-enditem|p2a: Landorus|Rocky Helmet|[from] move: Knock Off|[of] p1a: Cyclizar
|move|p2a: Landorus|Earthquake|p1a: Cyclizar
|-damage|p1a: Cyclizar|0 fnt
|faint|p1a: Cyclizar
|
|upkeep
|
|t:|1760877659
|switch|p1a: Raging Bolt|Raging Bolt|88/100
|-damage|p1a: Raging Bolt|76/100|[from] Stealth Rock
|turn|30
|
|t:|1760877666
|switch|p2a: Scizor|Scizor, M, shiny|100/100
|move|p1a: Raging Bolt|Draco Meteor|p2a: Scizor
|-resisted|p2a: Scizor
|-damage|p2a: Scizor|50/100
|-unboost|p1a: Raging Bolt|spa|2
|
|upkeep
|turn|31
|
|t:|1760877676
|move|p2a: Scizor|Bullet Punch|p1a: Raging Bolt
|-resisted|p1a: Raging Bolt
|-damage|p1a: Raging Bolt|63/100
|move|p1a: Raging Bolt|Thunderbolt|p2a: Scizor
|-damage|p2a: Scizor|17/100
|-status|p2a: Scizor|par
|
|upkeep
|turn|32
|-message|W4ll R0s3 forfeited.
|
|win|abhi007xu
|raw|W4ll R0s3's rating: 1358 &rarr; <strong>1336</strong><br />(-22 for losing)
|raw|abhi007xu's rating: 1327 &rarr; <strong>1349</strong><br />(+22 for winning)
|l|☆W4ll R0s3
|player|p1|
|l|☆abhi007xu
|player|p2|
