|j|☆Xebec777
|j|☆goule123
|t:|1760853392
|gametype|singles
|player|p1|Xebec777|hilbert|1177
|player|p2|goule123|pokemaniac|1239
|gen|9
|tier|[Gen 9] OU
|rated|
|rule|HP Percentage Mod: HP is shown in percentages
|rule|Endless Battle Clause: Forcing endless battles is banned
|rule|Species Clause: Limit one of each Pokémon
|rule|OHKO Clause: OHKO moves are banned
|rule|Evasion Items Clause: Evasion items are banned
|rule|Evasion Moves Clause: Evasion moves are banned
|rule|Evasion Abilities Clause: Evasion abilities are banned
|rule|Sleep Moves Clause: Sleep-inducing moves are banned
|clearpoke
|poke|p1|Incineroar, F|
|poke|p1|Dragonite, F|
|poke|p1|Corviknight, M|
|poke|p1|Glastrier|
|poke|p1|Deoxys-Defense|
|poke|p1|Iron Boulder|
|poke|p2|Quaquaval, F|
|poke|p2|Zamazenta-*|
|poke|p2|Great Tusk|
|poke|p2|Garganacl, F|
|poke|p2|Slowking-Galar, M|
|poke|p2|Kyurem|
|teampreview
|inactive|Battle timer is ON: inactive players will automatically lose when time's up. (requested by Xebec777)
|
|t:|1760853410
|teamsize|p1|6
|teamsize|p2|6
|start
|switch|p1a: Incineroar|Incineroar, F|100/100
|switch|p2a: Slowking|Slowking-Galar, M|100/100
|-ability|p1a: Incineroar|Intimidate|boost
|-unboost|p2a: Slowking|atk|1
|turn|1
|
|t:|1760853421
|switch|p1a: Glastrier|Glastrier|100/100
|move|p2a: Slowking|Toxic|p1a: Glastrier
|-status|p1a: Glastrier|tox
|
|-damage|p1a: Glastrier|94/100 tox|[from] psn
|upkeep
|turn|2
|
|t:|1760853426
|move|p2a: Slowking|Protect|p2a: Slowking
|-singleturn|p2a: Slowking|Protect
|move|p1a: Glastrier|High Horsepower|p2a: Slowking
|-activate|p2a: Slowking|move: Protect
|
|-heal|p1a: Glastrier|100/100 tox|[from] item: Leftovers
|-damage|p1a: Glastrier|88/100 tox|[from] psn
|upkeep
|turn|3
|
|t:|1760853430
|-prepare|p2a: Slowking|Chilly Reception|[premajor]
|move|p2a: Slowking|Chilly Reception|p2a: Slowking
|-weather|Snowscape
|
|t:|1760853447
|switch|p2a: Zamazenta|Zamazenta|100/100|[from] Chilly Reception
|-ability|p2a: Zamazenta|Dauntless Shield|boost
|-boost|p2a: Zamazenta|def|1
|move|p1a: Glastrier|Iron Defense|p1a: Glastrier
|-boost|p1a: Glastrier|def|2
|
|-weather|Snowscape|[upkeep]
|-heal|p1a: Glastrier|94/100 tox|[from] item: Leftovers
|-damage|p1a: Glastrier|76/100 tox|[from] psn
|upkeep
|turn|4
|
|t:|1760853453
|move|p2a: Zamazenta|Body Press|p1a: Glastrier
|-supereffective|p1a: Glastrier
|-damage|p1a: Glastrier|49/100 tox
|move|p1a: Glastrier|Body Press|p2a: Zamazenta
|-damage|p2a: Zamazenta|71/100
|
|-weather|Snowscape|[upkeep]
|-heal|p1a: Glastrier|55/100 tox|[from] item: Leftovers
|-damage|p1a: Glastrier|30/100 tox|[from] psn
|upkeep
|turn|5
|
|t:|1760853461
|-terastallize|p2a: Zamazenta|Fighting
|move|p2a: Zamazenta|Body Press|p1a: Glastrier
|-supereffective|p1a: Glastrier
|-damage|p1a: Glastrier|0 fnt
|faint|p1a: Glastrier
|
|-weather|Snowscape|[upkeep]
|upkeep
|
|t:|1760853468
|switch|p1a: Incineroar|Incineroar, F|100/100
|-ability|p1a: Incineroar|Intimidate|boost
|-unboost|p2a: Zamazenta|atk|1
|turn|6
|
|t:|1760853472
|switch|p2a: Slowking|Slowking-Galar, M|100/100
|switch|p1a: Corviknight|Corviknight, M|100/100
|
|-weather|Snowscape|[upkeep]
|upkeep
|turn|7
|
|t:|1760853476
|move|p1a: Corviknight|Iron Defense|p1a: Corviknight
|-boost|p1a: Corviknight|def|2
|move|p2a: Slowking|Weather Ball|p1a: Corviknight
|-crit|p1a: Corviknight
|-damage|p1a: Corviknight|68/100
|
|-weather|none
|upkeep
|turn|8
|
|t:|1760853480
|move|p1a: Corviknight|Body Press|p2a: Slowking
|-resisted|p2a: Slowking
|-damage|p2a: Slowking|89/100
|-damage|p1a: Corviknight|51/100|[from] item: Rocky Helmet|[of] p2a: Slowking
|-prepare|p2a: Slowking|Chilly Reception|[premajor]
|move|p2a: Slowking|Chilly Reception|p2a: Slowking
|-weather|Snowscape
|
|t:|1760853486
|switch|p2a: Kyurem|Kyurem|100/100|[from] Chilly Reception
|-ability|p2a: Kyurem|Pressure
|
|-weather|Snowscape|[upkeep]
|upkeep
|turn|9
|
|t:|1760853496
|move|p2a: Kyurem|Dragon Dance|p2a: Kyurem
|-boost|p2a: Kyurem|atk|1
|-boost|p2a: Kyurem|spe|1
|move|p1a: Corviknight|Roost|p1a: Corviknight
|-heal|p1a: Corviknight|100/100
|-singleturn|p1a: Corviknight|move: Roost
|
|-weather|Snowscape|[upkeep]
|upkeep
|turn|10
|
|t:|1760853500
|move|p2a: Kyurem|Dragon Dance|p2a: Kyurem
|-boost|p2a: Kyurem|atk|1
|-boost|p2a: Kyurem|spe|1
|move|p1a: Corviknight|Body Press|p2a: Kyurem
|-supereffective|p2a: Kyurem
|-damage|p2a: Kyurem|38/100
|
|-weather|Snowscape|[upkeep]
|upkeep
|turn|11
|
|t:|1760853502
|move|p2a: Kyurem|Icicle Spear|p1a: Corviknight
|-damage|p1a: Corviknight|91/100
|-damage|p1a: Corviknight|82/100
|-damage|p1a: Corviknight|72/100
|-damage|p1a: Corviknight|63/100
|-hitcount|p1a: Corviknight|4
|move|p1a: Corviknight|Body Press|p2a: Kyurem
|-supereffective|p2a: Kyurem
|-damage|p2a: Kyurem|0 fnt
|faint|p2a: Kyurem
|
|-weather|Snowscape|[upkeep]
|upkeep
|
|t:|1760853506
|switch|p2a: Slowking|Slowking-Galar, M|100/100
|turn|12
|
|t:|1760853510
|move|p1a: Corviknight|Roost|p1a: Corviknight
|-heal|p1a: Corviknight|100/100
|-singleturn|p1a: Corviknight|move: Roost
|move|p2a: Slowking|Weather Ball|p1a: Corviknight
|-resisted|p1a: Corviknight
|-damage|p1a: Corviknight|90/100
|
|-weather|none
|upkeep
|turn|13
|
|t:|1760853523
|switch|p2a: Garganacl|Garganacl, F|100/100
|move|p1a: Corviknight|Iron Defense|p1a: Corviknight
|-boost|p1a: Corviknight|def|2
|
|upkeep
|turn|14
|
|t:|1760853527
|move|p1a: Corviknight|Iron Defense|p1a: Corviknight
|-boost|p1a: Corviknight|def|2
|move|p2a: Garganacl|Iron Defense|p2a: Garganacl
|-boost|p2a: Garganacl|def|2
|
|upkeep
|turn|15
|
|t:|1760853529
|move|p1a: Corviknight|Body Press|p2a: Garganacl
|-supereffective|p2a: Garganacl
|-damage|p2a: Garganacl|45/100
|move|p2a: Garganacl|Iron Defense|p2a: Garganacl
|-boost|p2a: Garganacl|def|2
|
|-heal|p2a: Garganacl|51/100|[from] item: Leftovers
|upkeep
|turn|16
|
|t:|1760853533
|move|p1a: Corviknight|Body Press|p2a: Garganacl
|-supereffective|p2a: Garganacl
|-damage|p2a: Garganacl|18/100
|move|p2a: Garganacl|Recover|p2a: Garganacl
|-heal|p2a: Garganacl|68/100
|
|-heal|p2a: Garganacl|74/100|[from] item: Leftovers
|upkeep
|turn|17
|
|t:|1760853537
|move|p1a: Corviknight|Iron Defense|p1a: Corviknight
|-boost|p1a: Corviknight|def|0
|move|p2a: Garganacl|Recover|p2a: Garganacl
|-heal|p2a: Garganacl|100/100
|
|upkeep
|turn|18
|
|t:|1760853540
|move|p1a: Corviknight|Body Press|p2a: Garganacl
|-supereffective|p2a: Garganacl
|-damage|p2a: Garganacl|63/100
|move|p2a: Garganacl|Iron Defense|p2a: Garganacl
|-boost|p2a: Garganacl|def|2
|
|-heal|p2a: Garganacl|70/100|[from] item: Leftovers
|upkeep
|turn|19
|
|t:|1760853544
|move|p1a: Corviknight|Body Press|p2a: Garganacl
|-supereffective|p2a: Garganacl
|-damage|p2a: Garganacl|41/100
|move|p2a: Garganacl|Recover|p2a: Garganacl
|-heal|p2a: Garganacl|91/100
|
|-heal|p2a: Garganacl|98/100|[from] item: Leftovers
|upkeep
|turn|20
|
|t:|1760853549
|move|p1a: Corviknight|Body Press|p2a: Garganacl
|-supereffective|p2a: Garganacl
|-damage|p2a: Garganacl|69/100
|move|p2a: Garganacl|Salt Cure|p1a: Corviknight
|-damage|p1a: Corviknight|88/100
|-start|p1a: Corviknight|Salt Cure
|
|-heal|p2a: Garganacl|75/100|[from] item: Leftovers
|-damage|p1a: Corviknight|63/100|[from] Salt Cure
|upkeep
|turn|21
|
|t:|1760853555
|move|p1a: Corviknight|Body Press|p2a: Garganacl
|-supereffective|p2a: Garganacl
|-damage|p2a: Garganacl|49/100
|move|p2a: Garganacl|Body Press|p1a: Corviknight
|-damage|p1a: Corviknight|45/100
|-damage|p2a: Garganacl|32/100|[from] item: Rocky Helmet|[of] p1a: Corviknight
|
|-heal|p2a: Garganacl|38/100|[from] item: Leftovers
|-damage|p1a: Corviknight|20/100|[from] Salt Cure
|upkeep
|turn|22
|
|t:|1760853565
|switch|p1a: Iron Boulder|Iron Boulder|100/100
|-enditem|p1a: Iron Boulder|Booster Energy
|-activate|p1a: Iron Boulder|ability: Quark Drive|[fromitem]
|-start|p1a: Iron Boulder|quarkdrivespe
|move|p2a: Garganacl|Recover|p2a: Garganacl
|-heal|p2a: Garganacl|88/100
|
|-heal|p2a: Garganacl|95/100|[from] item: Leftovers
|upkeep
|turn|23
|
|t:|1760853568
|move|p1a: Iron Boulder|Swords Dance|p1a: Iron Boulder
|-boost|p1a: Iron Boulder|atk|2
|move|p2a: Garganacl|Body Press|p1a: Iron Boulder
|-damage|p1a: Iron Boulder|0 fnt
|faint|p1a: Iron Boulder
|-end|p1a: Iron Boulder|Quark Drive|[silent]
|
|-heal|p2a: Garganacl|100/100|[from] item: Leftovers
|upkeep
|
|t:|1760853582
|switch|p1a: Incineroar|Incineroar, F|100/100
|-ability|p1a: Incineroar|Intimidate|boost
|-fail|p2a: Garganacl|unboost|[from] ability: Clear Body|[of] p2a: Garganacl
|turn|24
|
|t:|1760853588
|move|p1a: Incineroar|Will-O-Wisp|p2a: Garganacl
|-status|p2a: Garganacl|brn
|move|p2a: Garganacl|Body Press|p1a: Incineroar
|-supereffective|p1a: Incineroar
|-damage|p1a: Incineroar|3/100
|-enditem|p1a: Incineroar|Sitrus Berry|[eat]
|-heal|p1a: Incineroar|28/100|[from] item: Sitrus Berry
|
|-damage|p2a: Garganacl|94/100 brn|[from] brn
|upkeep
|turn|25
|
|t:|1760853591
|move|p1a: Incineroar|Drain Punch|p2a: Garganacl
|-supereffective|p2a: Garganacl
|-damage|p2a: Garganacl|88/100 brn
|-heal|p1a: Incineroar|31/100|[from] drain|[of] p2a: Garganacl
|move|p2a: Garganacl|Salt Cure|p1a: Incineroar
|-supereffective|p1a: Incineroar
|-damage|p1a: Incineroar|20/100
|-start|p1a: Incineroar|Salt Cure
|
|-heal|p2a: Garganacl|94/100 brn|[from] item: Leftovers
|-damage|p2a: Garganacl|88/100 brn|[from] brn
|-damage|p1a: Incineroar|8/100|[from] Salt Cure
|upkeep
|turn|26
|
|t:|1760853595
|move|p1a: Incineroar|Flare Blitz|p2a: Garganacl
|-resisted|p2a: Garganacl
|-damage|p2a: Garganacl|84/100 brn
|-damage|p1a: Incineroar|6/100|[from] Recoil
|move|p2a: Garganacl|Body Press|p1a: Incineroar
|-supereffective|p1a: Incineroar
|-damage|p1a: Incineroar|0 fnt
|faint|p1a: Incineroar
|
|-heal|p2a: Garganacl|90/100 brn|[from] item: Leftovers
|-damage|p2a: Garganacl|84/100 brn|[from] brn
|upkeep
|
|t:|1760853598
|switch|p1a: Dragonite|Dragonite, F|100/100
|turn|27
|
|t:|1760853602
|move|p1a: Dragonite|Dragon Dance|p1a: Dragonite
|-boost|p1a: Dragonite|atk|1
|-boost|p1a: Dragonite|spe|1
|move|p2a: Garganacl|Salt Cure|p1a: Dragonite
|-supereffective|p1a: Dragonite
|-damage|p1a: Dragonite|85/100
|-start|p1a: Dragonite|Salt Cure
|-enditem|p1a: Dragonite|Weakness Policy
|-boost|p1a: Dragonite|atk|2|[from] item: Weakness Policy
|-boost|p1a: Dragonite|spa|2|[from] item: Weakness Policy
|
|-heal|p2a: Garganacl|90/100 brn|[from] item: Leftovers
|-damage|p2a: Garganacl|84/100 brn|[from] brn
|-damage|p1a: Dragonite|72/100|[from] Salt Cure
|upkeep
|turn|28
|
|t:|1760853611
|-terastallize|p1a: Dragonite|Dragon
|move|p1a: Dragonite|Earthquake|p2a: Garganacl
|-supereffective|p2a: Garganacl
|-damage|p2a: Garganacl|58/100 brn
|move|p2a: Garganacl|Recover|p2a: Garganacl
|-heal|p2a: Garganacl|100/100 brn
|
|-damage|p2a: Garganacl|94/100 brn|[from] brn
|-damage|p1a: Dragonite|60/100|[from] Salt Cure
|upkeep
|turn|29
|
|t:|1760853617
|move|p1a: Dragonite|Dragon Claw|p2a: Garganacl
|-damage|p2a: Garganacl|74/100 brn
|move|p2a: Garganacl|Body Press|p1a: Dragonite
|-damage|p1a: Dragonite|0 fnt
|faint|p1a: Dragonite
|
|-heal|p2a: Garganacl|80/100 brn|[from] item: Leftovers
|-damage|p2a: Garganacl|74/100 brn|[from] brn
|upkeep
|-message|Xebec777 forfeited.
|
|win|goule123
|raw|Xebec777's rating: 1177 &rarr; <strong>1156</strong><br />(-21 for losing)
|raw|goule123's rating: 1239 &rarr; <strong>1260</strong><br />(+21 for winning)
|l|☆Xebec777
|player|p1|
|l|☆goule123
|player|p2|
