|j|☆Danxsh17
|j|☆mankindes
|t:|1760846651
|gametype|singles
|player|p1|Danxsh17|101|1322
|player|p2|mankindes|steven|1238
|gen|9
|tier|[Gen 9] OU
|rated|
|rule|HP Percentage Mod: HP is shown in percentages
|rule|Endless Battle Clause: Forcing endless battles is banned
|rule|Species Clause: Limit one of each Pokémon
|rule|OHKO Clause: OHKO moves are banned
|rule|Evasion Items Clause: Evasion items are banned
|rule|Evasion Moves Clause: Evasion moves are banned
|rule|Evasion Abilities Clause: Evasion abilities are banned
|rule|Sleep Moves Clause: Sleep-inducing moves are banned
|clearpoke
|poke|p1|Iron Valiant|
|poke|p1|Zamazenta-*|
|poke|p1|Ogerpon-Cornerstone, F|
|poke|p1|Landorus-Therian, M|
|poke|p1|Darkrai|
|poke|p1|Hatterene, F|
|poke|p2|Dragonite, F|
|poke|p2|Dondozo, M|
|poke|p2|Iron Moth|
|poke|p2|Kingambit, F|
|poke|p2|Gliscor, F|
|poke|p2|Raging Bolt|
|teampreview
|
|t:|1760846659
|teamsize|p1|6
|teamsize|p2|6
|start
|switch|p1a: Darkrai|Darkrai|100/100
|switch|p2a: 蟹子莱莱|Gliscor, F|100/100
|turn|1
|
|t:|1760846667
|move|p2a: 蟹子莱莱|Protect|p2a: 蟹子莱莱
|-singleturn|p2a: 蟹子莱莱|Protect
|move|p1a: Darkrai|Ice Beam|p2a: 蟹子莱莱
|-activate|p2a: 蟹子莱莱|move: Protect
|
|-status|p2a: 蟹子莱莱|tox|[from] item: Toxic Orb
|upkeep
|turn|2
|inactive|Battle timer is ON: inactive players will automatically lose when time's up. (requested by Danxsh17)
|
|t:|1760846689
|switch|p2a: sai|Dondozo, M|100/100
|move|p1a: Darkrai|Ice Beam|p2a: sai
|-resisted|p2a: sai
|-damage|p2a: sai|86/100
|
|-heal|p2a: sai|92/100|[from] item: Leftovers
|upkeep
|turn|3
|
|t:|1760846705
|move|p1a: Darkrai|Will-O-Wisp|p2a: sai
|-status|p2a: sai|brn
|move|p2a: sai|Waterfall|p1a: Darkrai
|-crit|p1a: Darkrai
|-damage|p1a: Darkrai|67/100
|
|-heal|p2a: sai|98/100 brn|[from] item: Leftovers
|-damage|p2a: sai|92/100 brn|[from] brn
|upkeep
|turn|4
|
|t:|1760846715
|move|p1a: Darkrai|Knock Off|p2a: sai
|-damage|p2a: sai|79/100 brn
|-enditem|p2a: sai|Leftovers|[from] move: Knock Off|[of] p1a: Darkrai
|move|p2a: sai|Waterfall|p1a: Darkrai
|-damage|p1a: Darkrai|47/100
|
|-damage|p2a: sai|73/100 brn|[from] brn
|upkeep
|turn|5
|
|t:|1760846723
|switch|p1a: Hatterene|Hatterene, F|100/100
|move|p2a: sai|Waterfall|p1a: Hatterene
|-damage|p1a: Hatterene|84/100
|
|-damage|p2a: sai|67/100 brn|[from] brn
|upkeep
|turn|6
|
|t:|1760846738
|switch|p2a: 大将|Kingambit, F|100/100
|move|p1a: Hatterene|Psychic Noise|p2a: 大将
|-immune|p2a: 大将
|
|upkeep
|turn|7
|
|t:|1760846750
|switch|p1a: Landorus|Landorus-Therian, M|100/100
|-ability|p1a: Landorus|Intimidate|boost
|-unboost|p2a: 大将|atk|1
|move|p2a: 大将|Kowtow Cleave|p1a: Landorus
|-crit|p1a: Landorus
|-damage|p1a: Landorus|3/100
|-damage|p2a: 大将|84/100|[from] item: Rocky Helmet|[of] p1a: Landorus
|-damage|p2a: 大将|74/100|[from] item: Life Orb
|
|upkeep
|turn|8
|
|t:|1760846760
|move|p2a: 大将|Sucker Punch||[still]
|-fail|p2a: 大将
|move|p1a: Landorus|Taunt|p2a: 大将
|-start|p2a: 大将|move: Taunt
|
|upkeep
|turn|9
|
|t:|1760846765
|move|p2a: 大将|Sucker Punch||[still]
|-fail|p2a: 大将
|move|p1a: Landorus|Stealth Rock|p2a: 大将
|-sidestart|p2: mankindes|move: Stealth Rock
|
|upkeep
|turn|10
|
|t:|1760846773
|switch|p1a: Darkrai|Darkrai|47/100
|-end|p2a: 大将|fallenundefined|[silent]
|switch|p2a: 蟹子莱莱|Gliscor, F|100/100 tox
|-damage|p2a: 蟹子莱莱|88/100 tox|[from] Stealth Rock
|
|-heal|p2a: 蟹子莱莱|100/100 tox|[from] ability: Poison Heal
|upkeep
|turn|11
|
|t:|1760846784
|move|p2a: 蟹子莱莱|Protect|p2a: 蟹子莱莱
|-singleturn|p2a: 蟹子莱莱|Protect
|move|p1a: Darkrai|Ice Beam|p2a: 蟹子莱莱
|-activate|p2a: 蟹子莱莱|move: Protect
|
|upkeep
|turn|12
|
|t:|1760846791
|switch|p2a: sai|Dondozo, M|67/100 brn
|-damage|p2a: sai|54/100 brn|[from] Stealth Rock
|move|p1a: Darkrai|Ice Beam|p2a: sai
|-resisted|p2a: sai
|-damage|p2a: sai|38/100 brn
|
|-damage|p2a: sai|32/100 brn|[from] brn
|upkeep
|turn|13
|
|t:|1760846800
|move|p1a: Darkrai|Dark Pulse|p2a: sai
|-damage|p2a: sai|0 fnt
|faint|p2a: sai
|
|upkeep
|
|t:|1760846809
|switch|p2a: 大将|Kingambit, F|74/100
|-damage|p2a: 大将|68/100|[from] Stealth Rock
|-activate|p2a: 大将|ability: Supreme Overlord
|-start|p2a: 大将|fallen1|[silent]
|turn|14
|
|t:|1760846814
|move|p1a: Darkrai|Will-O-Wisp|p2a: 大将
|-status|p2a: 大将|brn
|move|p2a: 大将|Low Kick|p1a: Darkrai
|-supereffective|p1a: Darkrai
|-damage|p1a: Darkrai|0 fnt
|faint|p1a: Darkrai
|-damage|p2a: 大将|58/100 brn|[from] item: Life Orb
|
|-damage|p2a: 大将|52/100 brn|[from] brn
|upkeep
|
|t:|1760846822
|switch|p1a: Landorus|Landorus-Therian, M|3/100
|-ability|p1a: Landorus|Intimidate|boost
|-unboost|p2a: 大将|atk|1
|turn|15
|
|t:|1760846830
|move|p1a: Landorus|Taunt|p2a: 大将
|-start|p2a: 大将|move: Taunt
|move|p2a: 大将|Kowtow Cleave|p1a: Landorus
|-damage|p1a: Landorus|0 fnt
|-damage|p2a: 大将|35/100 brn|[from] item: Rocky Helmet|[of] p1a: Landorus
|faint|p1a: Landorus
|-damage|p2a: 大将|25/100 brn|[from] item: Life Orb
|
|-damage|p2a: 大将|19/100 brn|[from] brn
|upkeep
|
|t:|1760846846
|switch|p1a: Zamazenta|Zamazenta|100/100
|-ability|p1a: Zamazenta|Dauntless Shield|boost
|-boost|p1a: Zamazenta|def|1
|turn|16
|
|t:|1760846856
|move|p2a: 大将|Sucker Punch|p1a: Zamazenta
|-resisted|p1a: Zamazenta
|-damage|p1a: Zamazenta|95/100
|-damage|p2a: 大将|9/100 brn|[from] item: Life Orb
|move|p1a: Zamazenta|Crunch|p2a: 大将
|-resisted|p2a: 大将
|-damage|p2a: 大将|0 fnt
|faint|p2a: 大将
|-end|p2a: 大将|fallen1|[silent]
|
|upkeep
|
|t:|1760846866
|switch|p2a: 花火|Iron Moth|100/100
|turn|17
|
|t:|1760846874
|move|p1a: Zamazenta|Crunch|p2a: 花火
|-damage|p2a: 花火|53/100
|move|p2a: 花火|Fiery Dance|p1a: Zamazenta
|-damage|p1a: Zamazenta|56/100
|
|upkeep
|turn|18
|
|t:|1760846886
|move|p1a: Zamazenta|Heavy Slam|p2a: 花火
|-resisted|p2a: 花火
|-damage|p2a: 花火|18/100
|move|p2a: 花火|Overheat|p1a: Zamazenta
|-damage|p1a: Zamazenta|0 fnt
|-unboost|p2a: 花火|spa|2
|faint|p1a: Zamazenta
|
|upkeep
|
|t:|1760846896
|switch|p1a: Iron Valiant|Iron Valiant|100/100
|-enditem|p1a: Iron Valiant|Booster Energy
|-activate|p1a: Iron Valiant|ability: Quark Drive|[fromitem]
|-start|p1a: Iron Valiant|quarkdrivespe
|turn|19
|
|t:|1760846910
|move|p1a: Iron Valiant|Thunderbolt|p2a: 花火
|-damage|p2a: 花火|0 fnt
|faint|p2a: 花火
|-end|p2a: 花火|Quark Drive|[silent]
|
|upkeep
|
|t:|1760846915
|switch|p2a: 蟹子莱莱|Gliscor, F|100/100 tox
|-damage|p2a: 蟹子莱莱|88/100 tox|[from] Stealth Rock
|turn|20
|
|t:|1760846922
|-end|p1a: Iron Valiant|Quark Drive|[silent]
|switch|p1a: Hatterene|Hatterene, F|84/100
|move|p2a: 蟹子莱莱|Toxic|p1a: Hatterene
|move|p1a: Hatterene|Toxic|p2a: 蟹子莱莱|[from] ability: Magic Bounce
|-fail|p2a: 蟹子莱莱|tox
|
|-heal|p2a: 蟹子莱莱|100/100 tox|[from] ability: Poison Heal
|upkeep
|turn|21
|
|t:|1760846931
|move|p2a: 蟹子莱莱|Earthquake|p1a: Hatterene
|-damage|p1a: Hatterene|48/100
|move|p1a: Hatterene|Psychic Noise|p2a: 蟹子莱莱
|-damage|p2a: 蟹子莱莱|53/100 tox
|-start|p2a: 蟹子莱莱|move: Heal Block
|
|upkeep
|turn|22
|
|t:|1760846939
|move|p2a: 蟹子莱莱|Earthquake|p1a: Hatterene
|-damage|p1a: Hatterene|10/100
|move|p1a: Hatterene|Draining Kiss|p2a: 蟹子莱莱
|-damage|p2a: 蟹子莱莱|21/100 tox
|-heal|p1a: Hatterene|37/100|[from] drain|[of] p2a: 蟹子莱莱
|
|-end|p2a: 蟹子莱莱|move: Heal Block
|upkeep
|turn|23
|
|t:|1760846947
|move|p2a: 蟹子莱莱|Protect|p2a: 蟹子莱莱
|-singleturn|p2a: 蟹子莱莱|Protect
|move|p1a: Hatterene|Draining Kiss|p2a: 蟹子莱莱
|-activate|p2a: 蟹子莱莱|move: Protect
|
|-heal|p2a: 蟹子莱莱|33/100 tox|[from] ability: Poison Heal
|upkeep
|turn|24
|
|t:|1760846956
|move|p2a: 蟹子莱莱|Earthquake|p1a: Hatterene
|-damage|p1a: Hatterene|0 fnt
|faint|p1a: Hatterene
|
|-heal|p2a: 蟹子莱莱|45/100 tox|[from] ability: Poison Heal
|upkeep
|
|t:|1760846960
|switch|p1a: Ogerpon|Ogerpon-Cornerstone, F|100/100
|turn|25
|
|t:|1760846965
|move|p2a: 蟹子莱莱|Protect|p2a: 蟹子莱莱
|-singleturn|p2a: 蟹子莱莱|Protect
|move|p1a: Ogerpon|Ivy Cudgel|p2a: 蟹子莱莱|[anim] Ivy Cudgel Rock
|-activate|p2a: 蟹子莱莱|move: Protect
|
|-heal|p2a: 蟹子莱莱|58/100 tox|[from] ability: Poison Heal
|upkeep
|turn|26
|
|t:|1760846973
|move|p1a: Ogerpon|Encore|p2a: 蟹子莱莱
|-start|p2a: 蟹子莱莱|Encore
|move|p2a: 蟹子莱莱|Protect||[still]
|-fail|p2a: 蟹子莱莱
|
|-heal|p2a: 蟹子莱莱|70/100 tox|[from] ability: Poison Heal
|upkeep
|turn|27
|
|t:|1760846978
|move|p2a: 蟹子莱莱|Protect|p2a: 蟹子莱莱
|-singleturn|p2a: 蟹子莱莱|Protect
|move|p1a: Ogerpon|Swords Dance|p1a: Ogerpon
|-boost|p1a: Ogerpon|atk|2
|
|-heal|p2a: 蟹子莱莱|83/100 tox|[from] ability: Poison Heal
|upkeep
|turn|28
|
|t:|1760846994
|move|p2a: 蟹子莱莱|Protect|p2a: 蟹子莱莱
|-singleturn|p2a: 蟹子莱莱|Protect
|move|p1a: Ogerpon|Ivy Cudgel|p2a: 蟹子莱莱|[anim] Ivy Cudgel Rock
|-activate|p2a: 蟹子莱莱|move: Protect
|
|-heal|p2a: 蟹子莱莱|95/100 tox|[from] ability: Poison Heal
|-end|p2a: 蟹子莱莱|Encore
|upkeep
|turn|29
|
|t:|1760847003
|move|p1a: Ogerpon|Encore|p2a: 蟹子莱莱
|-start|p2a: 蟹子莱莱|Encore
|move|p2a: 蟹子莱莱|Protect||[still]
|-fail|p2a: 蟹子莱莱
|
|-heal|p2a: 蟹子莱莱|100/100 tox|[from] ability: Poison Heal
|upkeep
|turn|30
|
|t:|1760847009
|switch|p2a: 长颈鹿|Raging Bolt|100/100
|-damage|p2a: 长颈鹿|88/100|[from] Stealth Rock
|move|p1a: Ogerpon|Swords Dance|p1a: Ogerpon
|-boost|p1a: Ogerpon|atk|2
|
|upkeep
|turn|31
|
|t:|1760847018
|-terastallize|p2a: 长颈鹿|Fire
|move|p1a: Ogerpon|Ivy Cudgel|p2a: 长颈鹿|[anim] Ivy Cudgel Rock
|-supereffective|p2a: 长颈鹿
|-damage|p2a: 长颈鹿|0 fnt
|faint|p2a: 长颈鹿
|-end|p2a: 长颈鹿|Protosynthesis|[silent]
|
|upkeep
|
|t:|1760847023
|switch|p2a: 蟹子莱莱|Gliscor, F|100/100 tox
|-damage|p2a: 蟹子莱莱|88/100 tox|[from] Stealth Rock
|turn|32
|
|t:|1760847027
|move|p1a: Ogerpon|Ivy Cudgel|p2a: 蟹子莱莱|[anim] Ivy Cudgel Rock
|-damage|p2a: 蟹子莱莱|0 fnt
|faint|p2a: 蟹子莱莱
|
|upkeep
|
|t:|1760847031
|switch|p2a: 肥大|Dragonite, F, shiny|100/100
|turn|33
|-message|mankindes forfeited.
|
|win|Danxsh17
|raw|Danxsh17's rating: 1322 &rarr; <strong>1337</strong><br />(+15 for winning)
|raw|mankindes's rating: 1238 &rarr; <strong>1219</strong><br />(-19 for losing)
|l|☆mankindes
|player|p2|
|l|☆Danxsh17
|player|p1|
