|j|☆Magenta Maylene
|j|☆supastishn
|t:|1760776588
|gametype|singles
|player|p1|Magenta Maylene|maylene|1421
|player|p2|supastishn|265|1342
|gen|9
|tier|[Gen 9] OU
|rated|
|rule|HP Percentage Mod: HP is shown in percentages
|rule|Endless Battle Clause: Forcing endless battles is banned
|rule|Species Clause: Limit one of each Pokémon
|rule|OHKO Clause: OHKO moves are banned
|rule|Evasion Items Clause: Evasion items are banned
|rule|Evasion Moves Clause: Evasion moves are banned
|rule|Evasion Abilities Clause: Evasion abilities are banned
|rule|Sleep Moves Clause: Sleep-inducing moves are banned
|clearpoke
|poke|p1|Clodsire, M|
|poke|p1|Maushold-Four|
|poke|p1|Abomasnow, M|
|poke|p1|Gholdengo|
|poke|p1|Moltres|
|poke|p1|Scizor, F|
|poke|p2|Gliscor, M|
|poke|p2|Gholdengo|
|poke|p2|Hoopa-Unbound|
|poke|p2|Cinderace, M|
|poke|p2|Samurott-Hisui, F|
|poke|p2|Zamazenta-*|
|teampreview
|inactive|Battle timer is ON: inactive players will automatically lose when time's up. (requested by Magenta Maylene)
|
|t:|1760776602
|teamsize|p1|6
|teamsize|p2|6
|start
|switch|p1a: Mister 1000|Gholdengo|100/100
|switch|p2a: Samurott|Samurott-Hisui, F|100/100
|turn|1
|
|t:|1760776605
|move|p1a: Mister 1000|Thunderbolt|p2a: Samurott
|-supereffective|p2a: Samurott
|-enditem|p2a: Samurott|Focus Sash
|-damage|p2a: Samurott|1/100
|move|p2a: Samurott|Ceaseless Edge|p1a: Mister 1000
|-supereffective|p1a: Mister 1000
|-damage|p1a: Mister 1000|3/100
|-sidestart|p1: Magenta Maylene|Spikes
|
|upkeep
|turn|2
|
|t:|1760776608
|move|p2a: Samurott|Aqua Jet|p1a: Mister 1000
|-damage|p1a: Mister 1000|0 fnt
|faint|p1a: Mister 1000
|
|upkeep
|
|t:|1760776616
|switch|p1a: Maus x Family|Maushold-Four|100/100
|-damage|p1a: Maus x Family|88/100|[from] Spikes
|turn|3
|
|t:|1760776621
|move|p1a: Maus x Family|Bite|p2a: Samurott
|-resisted|p2a: Samurott
|-damage|p2a: Samurott|0 fnt
|faint|p2a: Samurott
|
|upkeep
|
|t:|1760776634
|switch|p2a: Cinderace|Cinderace, M|100/100
|turn|4
|
|t:|1760776640
|-terastallize|p1a: Maus x Family|Fire
|move|p2a: Cinderace|Will-O-Wisp|p1a: Maus x Family
|-immune|p1a: Maus x Family
|move|p1a: Maus x Family|Tidy Up|p1a: Maus x Family
|-sideend|p1: Magenta Maylene|Spikes
|-activate|p1a: Maus x Family|move: Tidy Up
|-boost|p1a: Maus x Family|atk|1
|-boost|p1a: Maus x Family|spe|1
|
|upkeep
|turn|5
|
|t:|1760776649
|move|p1a: Maus x Family|Bite|p2a: Cinderace
|-damage|p2a: Cinderace|53/100
|move|p2a: Cinderace|High Jump Kick|p1a: Maus x Family
|-start|p2a: Cinderace|typechange|Fighting|[from] ability: Libero
|-damage|p1a: Maus x Family|0 fnt
|faint|p1a: Maus x Family
|
|upkeep
|
|t:|1760776656
|switch|p1a: Red Comet|Scizor, F|100/100
|turn|6
|
|t:|1760776661
|move|p1a: Red Comet|Bullet Punch|p2a: Cinderace
|-damage|p2a: Cinderace|0 fnt
|faint|p2a: Cinderace
|
|upkeep
|
|t:|1760776669
|switch|p2a: Gliscor|Gliscor, M|100/100
|turn|7
|
|t:|1760776672
|switch|p1a: Big Sushi Enjoyer|Abomasnow, M|100/100
|-weather|Snowscape|[from] ability: Snow Warning|[of] p1a: Big Sushi Enjoyer
|move|p2a: Gliscor|Swords Dance|p2a: Gliscor
|-boost|p2a: Gliscor|atk|2
|
|-weather|Snowscape|[upkeep]
|-status|p2a: Gliscor|tox|[from] item: Toxic Orb
|upkeep
|turn|8
|
|t:|1760776679
|move|p2a: Gliscor|Protect|p2a: Gliscor
|-singleturn|p2a: Gliscor|Protect
|move|p1a: Big Sushi Enjoyer|Blizzard|p2a: Gliscor
|-activate|p2a: Gliscor|move: Protect
|
|-weather|Snowscape|[upkeep]
|upkeep
|turn|9
|
|t:|1760776685
|-terastallize|p2a: Gliscor|Water
|move|p2a: Gliscor|Swords Dance|p2a: Gliscor
|-boost|p2a: Gliscor|atk|2
|move|p1a: Big Sushi Enjoyer|Blizzard|p2a: Gliscor
|-resisted|p2a: Gliscor
|-damage|p2a: Gliscor|78/100 tox
|
|-weather|Snowscape|[upkeep]
|-heal|p2a: Gliscor|91/100 tox|[from] ability: Poison Heal
|upkeep
|turn|10
|
|t:|1760776691
|move|p2a: Gliscor|Facade|p1a: Big Sushi Enjoyer
|-damage|p1a: Big Sushi Enjoyer|29/100
|move|p1a: Big Sushi Enjoyer|Aurora Veil|p1a: Big Sushi Enjoyer
|-sidestart|p1: Magenta Maylene|move: Aurora Veil
|
|-weather|Snowscape|[upkeep]
|-heal|p2a: Gliscor|100/100 tox|[from] ability: Poison Heal
|upkeep
|turn|11
|
|t:|1760776698
|switch|p1a: The Boy|Clodsire, M|100/100
|move|p2a: Gliscor|Facade|p1a: The Boy
|-damage|p1a: The Boy|84/100
|
|-weather|none
|-heal|p1a: The Boy|90/100|[from] item: Black Sludge
|upkeep
|turn|12
|
|t:|1760776702
|move|p2a: Gliscor|Earthquake|p1a: The Boy
|-supereffective|p1a: The Boy
|-damage|p1a: The Boy|54/100
|move|p1a: The Boy|Rock Tomb|p2a: Gliscor
|-damage|p2a: Gliscor|92/100 tox
|-unboost|p2a: Gliscor|spe|1
|
|-heal|p1a: The Boy|61/100|[from] item: Black Sludge
|-heal|p2a: Gliscor|100/100 tox|[from] ability: Poison Heal
|upkeep
|turn|13
|
|t:|1760776710
|move|p2a: Gliscor|Swords Dance|p2a: Gliscor
|-boost|p2a: Gliscor|atk|2
|move|p1a: The Boy|Rock Tomb|p2a: Gliscor
|-damage|p2a: Gliscor|91/100 tox
|-unboost|p2a: Gliscor|spe|1
|
|-heal|p1a: The Boy|67/100|[from] item: Black Sludge
|-heal|p2a: Gliscor|100/100 tox|[from] ability: Poison Heal
|upkeep
|turn|14
|
|t:|1760776716
|move|p2a: Gliscor|Earthquake|p1a: The Boy
|-supereffective|p1a: The Boy
|-damage|p1a: The Boy|33/100
|move|p1a: The Boy|Rock Tomb|p2a: Gliscor
|-damage|p2a: Gliscor|91/100 tox
|-unboost|p2a: Gliscor|spe|1
|
|-heal|p1a: The Boy|39/100|[from] item: Black Sludge
|-heal|p2a: Gliscor|100/100 tox|[from] ability: Poison Heal
|-sideend|p1: Magenta Maylene|move: Aurora Veil
|upkeep
|turn|15
|
|t:|1760776720
|move|p2a: Gliscor|Facade|p1a: The Boy
|-damage|p1a: The Boy|3/100
|move|p1a: The Boy|Stealth Rock|p2a: Gliscor
|-sidestart|p2: supastishn|move: Stealth Rock
|
|-heal|p1a: The Boy|9/100|[from] item: Black Sludge
|upkeep
|turn|16
|
|t:|1760776727
|move|p2a: Gliscor|Facade|p1a: The Boy
|-damage|p1a: The Boy|0 fnt
|faint|p1a: The Boy
|
|upkeep
|c|☆supastishn|unique team, i like it
|
|t:|1760776729
|switch|p1a: Big Sushi Enjoyer|Abomasnow, M|29/100
|-weather|Snowscape|[from] ability: Snow Warning|[of] p1a: Big Sushi Enjoyer
|turn|17
|
|t:|1760776732
|move|p2a: Gliscor|Protect|p2a: Gliscor
|-singleturn|p2a: Gliscor|Protect
|move|p1a: Big Sushi Enjoyer|Leaf Storm|p2a: Gliscor
|-activate|p2a: Gliscor|move: Protect
|
|-weather|Snowscape|[upkeep]
|upkeep
|turn|18
|c|☆Magenta Maylene|Thank you
|
|t:|1760776738
|move|p1a: Big Sushi Enjoyer|Leaf Storm|p2a: Gliscor|[miss]
|-miss|p1a: Big Sushi Enjoyer|p2a: Gliscor
|move|p2a: Gliscor|Facade|p1a: Big Sushi Enjoyer
|-damage|p1a: Big Sushi Enjoyer|0 fnt
|faint|p1a: Big Sushi Enjoyer
|
|-weather|Snowscape|[upkeep]
|upkeep
|c|☆Magenta Maylene|ooof
|c|☆Magenta Maylene|ok gg
|c|☆Magenta Maylene|that was my only play
|c|☆supastishn|Lol np
|c|☆supastishn|remarch?
|c|☆Magenta Maylene|Sure
|c|☆supastishn|ki
|c|☆supastishn|kk
|inactive|Magenta Maylene has 120 seconds left.
|-message|Magenta Maylene forfeited.
|
|win|supastishn
|raw|Magenta Maylene's rating: 1421 &rarr; <strong>1397</strong><br />(-24 for losing)
|raw|supastishn's rating: 1342 &rarr; <strong>1366</strong><br />(+24 for winning)
|l|☆Magenta Maylene
|player|p1|
|l|☆supastishn
|player|p2|
