|j|‽dwellingabyss
|j|☆Religion&Violence
|t:|1760872959
|gametype|singles
|player|p1|dwellingabyss|169|1555
|player|p2|Religion&Violence|giovanni|1506
|gen|9
|tier|[Gen 9] OU
|rated|
|rule|HP Percentage Mod: HP is shown in percentages
|rule|Endless Battle Clause: Forcing endless battles is banned
|rule|Species Clause: Limit one of each Pokémon
|rule|OHKO Clause: OHKO moves are banned
|rule|Evasion Items Clause: Evasion items are banned
|rule|Evasion Moves Clause: Evasion moves are banned
|rule|Evasion Abilities Clause: Evasion abilities are banned
|rule|Sleep Moves Clause: Sleep-inducing moves are banned
|clearpoke
|poke|p1|Landorus-Therian, M|
|poke|p1|Gholdengo|
|poke|p1|Samurott-Hisui, M|
|poke|p1|Dragapult, F|
|poke|p1|Dragonite, F|
|poke|p1|Latios, M|
|poke|p2|Indeedee, M|
|poke|p2|Hatterene, F|
|poke|p2|Ursaluna, F|
|poke|p2|Iron Hands|
|poke|p2|Hoopa-Unbound|
|poke|p2|Mimikyu, F|
|teampreview
|
|t:|1760872978
|teamsize|p1|6
|teamsize|p2|6
|start
|switch|p1a: Samurott|Samurott-Hisui, M|100/100
|switch|p2a: LEBRON|Iron Hands, shiny|100/100
|-enditem|p2a: LEBRON|Booster Energy
|-activate|p2a: LEBRON|ability: Quark Drive|[fromitem]
|-start|p2a: LEBRON|quarkdriveatk
|turn|1
|n|‽dwellingabyss|dwellingabyss
|
|t:|1760872993
|switch|p1a: Gholdengo|Gholdengo|100/100
|-item|p1a: Gholdengo|Air Balloon
|move|p2a: LEBRON|Ice Punch|p1a: Gholdengo
|-resisted|p1a: Gholdengo
|-damage|p1a: Gholdengo|82/100
|-enditem|p1a: Gholdengo|Air Balloon
|
|upkeep
|turn|2
|
|t:|1760873002
|switch|p1a: Landorus|Landorus-Therian, M|100/100
|-ability|p1a: Landorus|Intimidate|boost
|-unboost|p2a: LEBRON|atk|1
|move|p2a: LEBRON|Supercell Slam|p1a: Landorus
|-immune|p1a: Landorus
|-damage|p2a: LEBRON|50/100|[from] supercellslam
|
|upkeep
|turn|3
|
|t:|1760873009
|move|p1a: Landorus|Earthquake|p2a: LEBRON
|-supereffective|p2a: LEBRON
|-crit|p2a: LEBRON
|-damage|p2a: LEBRON|0 fnt
|faint|p2a: LEBRON
|-end|p2a: LEBRON|Quark Drive|[silent]
|
|upkeep
|
|t:|1760873012
|switch|p2a: Subaru|Indeedee, M, shiny|100/100
|-fieldstart|move: Psychic Terrain|[from] ability: Psychic Surge|[of] p2a: Subaru
|turn|4
|
|t:|1760873020
|move|p1a: Landorus|Stealth Rock|p2a: Subaru
|-sidestart|p2: Religion&Violence|move: Stealth Rock
|move|p2a: Subaru|Trick Room|p2a: Subaru
|-fieldstart|move: Trick Room|[of] p2a: Subaru
|
|upkeep
|turn|5
|
|t:|1760873027
|switch|p2a: Crashout YN|Ursaluna, F, shiny|100/100
|-damage|p2a: Crashout YN|94/100|[from] Stealth Rock
|move|p1a: Landorus|Earthquake|p2a: Crashout YN
|-damage|p2a: Crashout YN|52/100
|
|-status|p2a: Crashout YN|brn|[from] item: Flame Orb
|upkeep
|turn|6
|
|t:|1760873038
|move|p2a: Crashout YN|Headlong Rush|p1a: Landorus
|-immune|p1a: Landorus
|move|p1a: Landorus|Earthquake|p2a: Crashout YN
|-damage|p2a: Crashout YN|9/100 brn
|
|-damage|p2a: Crashout YN|3/100 brn|[from] brn
|upkeep
|turn|7
|l|☆Religion&Violence
|player|p2|
|inactive|Battle timer is ON: inactive players will automatically lose when time's up. (requested by dwellingabyss)
|j|☆Religion&Violence
|inactive|Religion&Violence reconnected and has 140 seconds left.
|player|p2|Religion&Violence|giovanni|
|inactive|Religion&Violence has 120 seconds left.
|l|☆Religion&Violence
|inactive|Religion&Violence disconnected and has a minute to reconnect!
|player|p2|
|j|☆Religion&Violence
|inactive|Religion&Violence reconnected and has 105 seconds left.
|player|p2|Religion&Violence|giovanni|
|
|t:|1760873127
|switch|p1a: Gholdengo|Gholdengo|82/100
|move|p2a: Crashout YN|Ice Punch|p1a: Gholdengo
|-resisted|p1a: Gholdengo
|-damage|p1a: Gholdengo|59/100
|-status|p1a: Gholdengo|frz
|
|-damage|p2a: Crashout YN|0 fnt|[from] brn
|faint|p2a: Crashout YN
|upkeep
|
|t:|1760873134
|switch|p2a: King Von|Hoopa-Unbound|100/100
|-damage|p2a: King Von|88/100|[from] Stealth Rock
|-enditem|p2a: King Von|Psychic Seed
|-boost|p2a: King Von|spd|1|[from] item: Psychic Seed
|turn|8
|
|t:|1760873145
|move|p2a: King Von|Expanding Force|p1a: Gholdengo
|-resisted|p1a: Gholdengo
|-damage|p1a: Gholdengo|12/100 frz
|cant|p1a: Gholdengo|frz
|
|-fieldend|move: Trick Room
|upkeep
|turn|9
|
|t:|1760873158
|cant|p1a: Gholdengo|frz
|move|p2a: King Von|Trick Room|p2a: King Von
|-fieldstart|move: Trick Room|[of] p2a: King Von
|
|upkeep
|turn|10
|
|t:|1760873165
|move|p2a: King Von|Expanding Force|p1a: Gholdengo
|-resisted|p1a: Gholdengo
|-damage|p1a: Gholdengo|0 fnt
|faint|p1a: Gholdengo
|
|upkeep
|
|t:|1760873169
|switch|p1a: Samurott|Samurott-Hisui, M|100/100
|turn|11
|
|t:|1760873180
|move|p2a: King Von|Focus Blast|p1a: Samurott|[miss]
|-miss|p2a: King Von|p1a: Samurott
|move|p1a: Samurott|Ceaseless Edge|p2a: King Von|[miss]
|-miss|p1a: Samurott|p2a: King Von
|
|-fieldend|move: Psychic Terrain
|upkeep
|turn|12
|
|t:|1760873193
|-terastallize|p1a: Samurott|Ghost
|move|p2a: King Von|Focus Blast|p1a: Samurott
|-immune|p1a: Samurott
|move|p1a: Samurott|Ceaseless Edge|p2a: King Von
|-damage|p2a: King Von|29/100
|-sidestart|p2: Religion&Violence|Spikes
|
|upkeep
|turn|13
|
|t:|1760873202
|move|p1a: Samurott|Sucker Punch|p2a: King Von
|-damage|p2a: King Von|0 fnt
|faint|p2a: King Von
|
|-fieldend|move: Trick Room
|upkeep
|
|t:|1760873205
|switch|p2a: Subaru|Indeedee, M, shiny|100/100
|-damage|p2a: Subaru|88/100|[from] Stealth Rock
|-damage|p2a: Subaru|76/100|[from] Spikes
|-fieldstart|move: Psychic Terrain|[from] ability: Psychic Surge|[of] p2a: Subaru
|turn|14
|
|t:|1760873214
|move|p1a: Samurott|Ceaseless Edge|p2a: Subaru
|-supereffective|p2a: Subaru
|-damage|p2a: Subaru|0 fnt
|-sidestart|p2: Religion&Violence|Spikes
|faint|p2a: Subaru
|
|upkeep
|
|t:|1760873220
|switch|p2a: Satella|Hatterene, F, shiny|100/100
|-damage|p2a: Satella|88/100|[from] Stealth Rock
|-damage|p2a: Satella|72/100|[from] Spikes
|turn|15
|
|t:|1760873230
|move|p1a: Samurott|Knock Off|p2a: Satella
|-damage|p2a: Satella|18/100
|-enditem|p2a: Satella|Life Orb|[from] move: Knock Off|[of] p1a: Samurott
|move|p2a: Satella|Trick Room|p2a: Satella
|-fieldstart|move: Trick Room|[of] p2a: Satella
|
|upkeep
|turn|16
|n|‽dwellingabyss|dwellingabyss
|
|t:|1760873256
|-terastallize|p2a: Satella|Stellar
|move|p2a: Satella|Draining Kiss|p1a: Samurott
|-crit|p1a: Samurott
|-damage|p1a: Samurott|16/100
|-heal|p2a: Satella|95/100|[from] drain|[of] p1a: Samurott
|move|p1a: Samurott|Ceaseless Edge|p2a: Satella|[miss]
|-miss|p1a: Samurott|p2a: Satella
|
|-heal|p1a: Samurott|22/100|[from] item: Leftovers
|upkeep
|turn|17
|
|t:|1760873265
|move|p2a: Satella|Draining Kiss|p1a: Samurott
|-damage|p1a: Samurott|0 fnt
|-heal|p2a: Satella|100/100|[from] drain|[of] p1a: Samurott
|faint|p1a: Samurott
|
|upkeep
|
|t:|1760873276
|switch|p1a: Dragonite|Dragonite, F|100/100
|turn|18
|
|t:|1760873289
|move|p2a: Satella|Draining Kiss|p1a: Dragonite
|-supereffective|p1a: Dragonite
|-damage|p1a: Dragonite|73/100
|move|p1a: Dragonite|Earthquake|p2a: Satella
|-damage|p2a: Satella|58/100
|
|upkeep
|turn|19
|l|‽dwellingabyss
|inactive|dwellingabyss disconnected and has a minute to reconnect!
|player|p1|
|
|t:|1760873297
|move|p2a: Satella|Draining Kiss|p1a: Dragonite
|-supereffective|p1a: Dragonite
|-damage|p1a: Dragonite|18/100
|-heal|p2a: Satella|100/100|[from] drain|[of] p1a: Dragonite
|move|p1a: Dragonite|Earthquake|p2a: Satella
|-damage|p2a: Satella|54/100
|
|-fieldend|move: Trick Room
|upkeep
|turn|20
|inactive|dwellingabyss has 30 seconds to reconnect!
|inactive|dwellingabyss has 20 seconds to reconnect!
|inactive|dwellingabyss has 15 seconds to reconnect!
|inactive|dwellingabyss has 10 seconds to reconnect!
|inactive|dwellingabyss has 5 seconds to reconnect!
|-message|dwellingabyss lost due to inactivity.
|
|win|Religion&Violence
|raw|dwellingabyss's rating: 1555 &rarr; <strong>1532</strong><br />(-23 for losing)
|raw|Religion&amp;Violence's rating: 1506 &rarr; <strong>1529</strong><br />(+23 for winning)
|l|☆Religion&Violence
|player|p2|
|j|‽dwellingabyss
|player|p1|dwellingabyss|169|
|l|‽dwellingabyss
|player|p1|
