|j|‽waha8
|j|☆PV_09
|t:|1760745864
|gametype|singles
|player|p1|waha8|265|1419
|player|p2|PV_09|hexmaniac-gen3jp|1426
|gen|9
|tier|[Gen 9] OU
|rated|
|rule|HP Percentage Mod: HP is shown in percentages
|rule|Endless Battle Clause: Forcing endless battles is banned
|rule|Species Clause: Limit one of each Pokémon
|rule|OHKO Clause: OHKO moves are banned
|rule|Evasion Items Clause: Evasion items are banned
|rule|Evasion Moves Clause: Evasion moves are banned
|rule|Evasion Abilities Clause: Evasion abilities are banned
|rule|Sleep Moves Clause: Sleep-inducing moves are banned
|clearpoke
|poke|p1|Typhlosion-Hisui, F|
|poke|p1|Indeedee, M|
|poke|p1|Slowking-Galar, M|
|poke|p1|Ting-Lu|
|poke|p1|Cinderace, M|
|poke|p1|Torkoal, F|
|poke|p2|Hatterene, F|
|poke|p2|Bronzong|
|poke|p2|Slowking-Galar, F|
|poke|p2|Iron Hands|
|poke|p2|Gholdengo|
|poke|p2|Ursaluna, M|
|teampreview
|
|t:|1760745872
|teamsize|p1|6
|teamsize|p2|6
|start
|switch|p1a: Cinderace|Cinderace, M|100/100
|switch|p2a: slowqueen|Slowking-Galar, F|100/100
|turn|1
|inactive|Battle timer is ON: inactive players will automatically lose when time's up. (requested by waha8)
|
|t:|1760745881
|move|p1a: Cinderace|Pyro Ball|p2a: slowqueen
|-damage|p2a: slowqueen|46/100
|move|p2a: slowqueen|Trick Room|p2a: slowqueen
|-fieldstart|move: Trick Room|[of] p2a: slowqueen
|
|upkeep
|turn|2
|
|t:|1760745907
|switch|p2a: nice & slow|Ursaluna, M|100/100
|switch|p1a: Ting-Lu|Ting-Lu|100/100
|-ability|p1a: Ting-Lu|Vessel of Ruin
|
|-status|p2a: nice & slow|brn|[from] item: Flame Orb
|upkeep
|turn|3
|
|t:|1760745917
|switch|p1a: Indeedee|Indeedee, M|100/100
|-fieldstart|move: Psychic Terrain|[from] ability: Psychic Surge|[of] p1a: Indeedee
|-terastallize|p2a: nice & slow|Normal
|move|p2a: nice & slow|Facade|p1a: Indeedee
|-damage|p1a: Indeedee|0 fnt
|faint|p1a: Indeedee
|
|-damage|p2a: nice & slow|94/100 brn|[from] brn
|upkeep
|
|t:|1760745927
|switch|p1a: Slowking|Slowking-Galar, M|100/100
|turn|4
|
|t:|1760745932
|move|p1a: Slowking|Expanding Force|p2a: nice & slow
|-damage|p2a: nice & slow|0 fnt
|faint|p2a: nice & slow
|-damage|p1a: Slowking|91/100|[from] item: Life Orb
|
|upkeep
|
|t:|1760745939
|switch|p2a: raingurl|Gholdengo|100/100
|turn|5
|
|t:|1760745944
|move|p1a: Slowking|Fire Blast|p2a: raingurl
|-supereffective|p2a: raingurl
|-damage|p2a: raingurl|4/100
|-damage|p1a: Slowking|81/100|[from] item: Life Orb
|move|p2a: raingurl|Shadow Ball|p1a: Slowking
|-supereffective|p1a: Slowking
|-damage|p1a: Slowking|0 fnt
|faint|p1a: Slowking
|
|-fieldend|move: Trick Room
|upkeep
|
|t:|1760745959
|switch|p1a: Typhlosion|Typhlosion-Hisui, F|100/100
|turn|6
|
|t:|1760745971
|move|p1a: Typhlosion|Eruption|p2a: raingurl
|-supereffective|p2a: raingurl
|-damage|p2a: raingurl|0 fnt
|faint|p2a: raingurl
|
|upkeep
|
|t:|1760745986
|switch|p2a: espresso|Hatterene, F|100/100
|turn|7
|
|t:|1760745990
|move|p1a: Typhlosion|Eruption|p2a: espresso
|-damage|p2a: espresso|19/100
|move|p2a: espresso|Trick Room|p2a: espresso
|-fieldstart|move: Trick Room|[of] p2a: espresso
|
|-heal|p2a: espresso|25/100|[from] item: Leftovers
|upkeep
|turn|8
|
|t:|1760745997
|switch|p1a: Ting-Lu|Ting-Lu|100/100
|-ability|p1a: Ting-Lu|Vessel of Ruin
|move|p2a: espresso|Psychic|p1a: Ting-Lu
|-immune|p1a: Ting-Lu
|
|-heal|p2a: espresso|31/100|[from] item: Leftovers
|upkeep
|turn|9
|
|t:|1760746005
|move|p2a: espresso|Draining Kiss|p1a: Ting-Lu
|-supereffective|p1a: Ting-Lu
|-damage|p1a: Ting-Lu|72/100
|-heal|p2a: espresso|66/100|[from] drain|[of] p1a: Ting-Lu
|-enditem|p1a: Ting-Lu|Weakness Policy
|-boost|p1a: Ting-Lu|atk|2|[from] item: Weakness Policy
|-boost|p1a: Ting-Lu|spa|2|[from] item: Weakness Policy
|move|p1a: Ting-Lu|Payback|p2a: espresso
|-damage|p2a: espresso|0 fnt
|faint|p2a: espresso
|
|upkeep
|
|t:|1760746019
|switch|p2a: tesla-gnarly|Iron Hands|100/100
|turn|10
|
|t:|1760746027
|move|p1a: Ting-Lu|Earthquake|p2a: tesla-gnarly
|-supereffective|p2a: tesla-gnarly
|-damage|p2a: tesla-gnarly|0 fnt
|faint|p2a: tesla-gnarly
|-end|p2a: tesla-gnarly|Quark Drive|[silent]
|
|-fieldend|move: Psychic Terrain
|upkeep
|-message|PV_09 forfeited.
|
|win|waha8
|raw|waha8's rating: 1419 &rarr; <strong>1439</strong><br />(+20 for winning)
|raw|PV_09's rating: 1426 &rarr; <strong>1406</strong><br />(-20 for losing)
|l|☆PV_09
|player|p2|
