|j|☆flaresun3
|j|☆Noobskillstrongs
|t:|1760881246
|gametype|singles
|player|p1|flaresun3|shadowtriad|1073
|player|p2|Noobskillstrongs|lucian|1089
|gen|9
|tier|[Gen 9] OU
|rated|
|rule|HP Percentage Mod: HP is shown in percentages
|rule|Endless Battle Clause: Forcing endless battles is banned
|rule|Species Clause: Limit one of each Pokémon
|rule|OHKO Clause: OHKO moves are banned
|rule|Evasion Items Clause: Evasion items are banned
|rule|Evasion Moves Clause: Evasion moves are banned
|rule|Evasion Abilities Clause: Evasion abilities are banned
|rule|Sleep Moves Clause: Sleep-inducing moves are banned
|clearpoke
|poke|p1|Milotic, F|
|poke|p1|Flygon, M|
|poke|p1|Snorlax, F|
|poke|p1|Infernape, M|
|poke|p1|Ogerpon, F|
|poke|p1|Rotom-Wash|
|poke|p2|Drifblim, F|
|poke|p2|Squawkabilly, M|
|poke|p2|Dragalge, F|
|poke|p2|Lokix, M|
|poke|p2|Articuno|
|poke|p2|Gyarados, F|
|teampreview
|inactive|Battle timer is ON: inactive players will automatically lose when time's up. (requested by flaresun3)
|
|t:|1760881264
|teamsize|p1|6
|teamsize|p2|6
|start
|switch|p1a: Rotom|Rotom-Wash|100/100
|switch|p2a: Squawkabilly|Squawkabilly, M|100/100
|-ability|p2a: Squawkabilly|Intimidate|boost
|-unboost|p1a: Rotom|atk|1
|turn|1
|
|t:|1760881271
|move|p2a: Squawkabilly|Parting Shot|p1a: Rotom
|-unboost|p1a: Rotom|atk|1
|-unboost|p1a: Rotom|spa|1
|
|t:|1760881277
|switch|p2a: Dragalge|Dragalge, F|100/100|[from] Parting Shot
|move|p1a: Rotom|Discharge|p2a: Dragalge
|-resisted|p2a: Dragalge
|-damage|p2a: Dragalge|94/100
|
|-heal|p2a: Dragalge|99/100|[from] item: Leftovers
|upkeep
|turn|2
|
|t:|1760881284
|switch|p1a: Snorlax|Snorlax, F|100/100
|move|p2a: Dragalge|Substitute|p2a: Dragalge
|-start|p2a: Dragalge|Substitute
|-damage|p2a: Dragalge|75/100
|
|-heal|p2a: Dragalge|81/100|[from] item: Leftovers
|upkeep
|turn|3
|
|t:|1760881290
|move|p1a: Snorlax|Body Slam|p2a: Dragalge
|-end|p2a: Dragalge|Substitute
|move|p2a: Dragalge|Dragon Tail|p1a: Snorlax
|-damage|p1a: Snorlax|88/100
|drag|p1a: Milotic|Milotic, F|100/100
|
|-heal|p2a: Dragalge|87/100|[from] item: Leftovers
|upkeep
|turn|4
|
|t:|1760881298
|move|p1a: Milotic|Ice Beam|p2a: Dragalge
|-supereffective|p2a: Dragalge
|-damage|p2a: Dragalge|60/100
|move|p2a: Dragalge|Toxic Spikes|p1a: Milotic
|-sidestart|p1: flaresun3|move: Toxic Spikes
|
|-heal|p2a: Dragalge|66/100|[from] item: Leftovers
|upkeep
|turn|5
|
|t:|1760881304
|move|p1a: Milotic|Ice Beam|p2a: Dragalge
|-supereffective|p2a: Dragalge
|-damage|p2a: Dragalge|38/100
|move|p2a: Dragalge|Substitute|p2a: Dragalge
|-start|p2a: Dragalge|Substitute
|-damage|p2a: Dragalge|13/100
|
|-heal|p2a: Dragalge|19/100|[from] item: Leftovers
|upkeep
|turn|6
|
|t:|1760881310
|move|p1a: Milotic|Ice Beam|p2a: Dragalge
|-supereffective|p2a: Dragalge
|-end|p2a: Dragalge|Substitute
|move|p2a: Dragalge|Sludge Bomb|p1a: Milotic
|-damage|p1a: Milotic|80/100
|
|-heal|p1a: Milotic|86/100|[from] item: Leftovers
|-heal|p2a: Dragalge|25/100|[from] item: Leftovers
|upkeep
|turn|7
|
|t:|1760881319
|-terastallize|p2a: Dragalge|Poison
|move|p1a: Milotic|Ice Beam|p2a: Dragalge
|-damage|p2a: Dragalge|12/100
|move|p2a: Dragalge|Sludge Bomb|p1a: Milotic
|-damage|p1a: Milotic|59/100
|
|-heal|p1a: Milotic|65/100|[from] item: Leftovers
|-heal|p2a: Dragalge|18/100|[from] item: Leftovers
|upkeep
|turn|8
|
|t:|1760881329
|move|p1a: Milotic|Scald|p2a: Dragalge
|-damage|p2a: Dragalge|1/100
|move|p2a: Dragalge|Toxic Spikes|p1a: Milotic
|-sidestart|p1: flaresun3|move: Toxic Spikes
|
|-heal|p1a: Milotic|71/100|[from] item: Leftovers
|-heal|p2a: Dragalge|7/100|[from] item: Leftovers
|upkeep
|turn|9
|
|t:|1760881335
|switch|p2a: Gyarados|Gyarados, F|100/100
|-ability|p2a: Gyarados|Intimidate|boost
|-unboost|p1a: Milotic|atk|1
|-ability|p1a: Milotic|Competitive|boost
|-boost|p1a: Milotic|spa|2
|move|p1a: Milotic|Scald|p2a: Gyarados
|-resisted|p2a: Gyarados
|-damage|p2a: Gyarados|72/100
|
|-heal|p2a: Gyarados|78/100|[from] item: Leftovers
|-heal|p1a: Milotic|77/100|[from] item: Leftovers
|upkeep
|turn|10
|
|t:|1760881348
|move|p2a: Gyarados|Dragon Dance|p2a: Gyarados
|-boost|p2a: Gyarados|atk|1
|-boost|p2a: Gyarados|spe|1
|move|p1a: Milotic|Ice Beam|p2a: Gyarados
|-damage|p2a: Gyarados|35/100
|
|-heal|p2a: Gyarados|41/100|[from] item: Leftovers
|-heal|p1a: Milotic|83/100|[from] item: Leftovers
|upkeep
|turn|11
|
|t:|1760881357
|move|p2a: Gyarados|Waterfall|p1a: Milotic
|-resisted|p1a: Milotic
|-damage|p1a: Milotic|61/100
|cant|p1a: Milotic|flinch
|
|-heal|p2a: Gyarados|47/100|[from] item: Leftovers
|-heal|p1a: Milotic|67/100|[from] item: Leftovers
|upkeep
|turn|12
|
|t:|1760881363
|move|p2a: Gyarados|Earthquake|p1a: Milotic
|-damage|p1a: Milotic|28/100
|move|p1a: Milotic|Ice Beam|p2a: Gyarados
|-damage|p2a: Gyarados|5/100
|-status|p2a: Gyarados|frz
|
|-heal|p2a: Gyarados|11/100 frz|[from] item: Leftovers
|-heal|p1a: Milotic|34/100|[from] item: Leftovers
|upkeep
|turn|13
|
|t:|1760881371
|cant|p2a: Gyarados|frz
|move|p1a: Milotic|Recover|p1a: Milotic
|-heal|p1a: Milotic|84/100
|
|-heal|p2a: Gyarados|17/100 frz|[from] item: Leftovers
|-heal|p1a: Milotic|90/100|[from] item: Leftovers
|upkeep
|turn|14
|
|t:|1760881377
|move|p1a: Milotic|Ice Beam|p2a: Gyarados
|-damage|p2a: Gyarados|0 fnt
|faint|p2a: Gyarados
|
|-heal|p1a: Milotic|96/100|[from] item: Leftovers
|upkeep
|
|t:|1760881383
|switch|p2a: Lokix|Lokix, M|100/100
|turn|15
|
|t:|1760881385
|move|p2a: Lokix|Knock Off|p1a: Milotic
|-damage|p1a: Milotic|64/100
|-enditem|p1a: Milotic|Leftovers|[from] move: Knock Off|[of] p2a: Lokix
|move|p1a: Milotic|Scald|p2a: Lokix
|-damage|p2a: Lokix|0 fnt
|faint|p2a: Lokix
|
|upkeep
|
|t:|1760881388
|switch|p2a: Articuno|Articuno|100/100
|-ability|p2a: Articuno|Pressure
|turn|16
|
|t:|1760881395
|move|p2a: Articuno|Ice Beam|p1a: Milotic
|-resisted|p1a: Milotic
|-damage|p1a: Milotic|53/100
|move|p1a: Milotic|Scald|p2a: Articuno
|-crit|p2a: Articuno
|-damage|p2a: Articuno|56/100
|-status|p2a: Articuno|brn
|
|-damage|p2a: Articuno|49/100 brn|[from] brn
|upkeep
|turn|17
|-message|Noobskillstrongs forfeited.
|
|win|flaresun3
|raw|flaresun3's rating: 1073 &rarr; <strong>1103</strong><br />(+30 for winning)
|raw|Noobskillstrongs's rating: 1089 &rarr; <strong>1065</strong><br />(-24 for losing)
|l|☆Noobskillstrongs
|player|p2|
|l|☆flaresun3
|player|p1|
