|j|☆tony93420
|j|☆Chris466
|t:|1760839063
|gametype|singles
|player|p1|tony93420|hugh|1373
|player|p2|Chris466|red|1346
|gen|9
|tier|[Gen 9] OU
|rated|
|rule|HP Percentage Mod: HP is shown in percentages
|rule|Endless Battle Clause: Forcing endless battles is banned
|rule|Species Clause: Limit one of each Pokémon
|rule|OHKO Clause: OHKO moves are banned
|rule|Evasion Items Clause: Evasion items are banned
|rule|Evasion Moves Clause: Evasion moves are banned
|rule|Evasion Abilities Clause: Evasion abilities are banned
|rule|Sleep Moves Clause: Sleep-inducing moves are banned
|clearpoke
|poke|p1|Gliscor, M|
|poke|p1|Cinderace, M|
|poke|p1|Moltres|
|poke|p1|Dragonite, M|
|poke|p1|Ogerpon-Cornerstone, F|
|poke|p1|Heatran, F|
|poke|p2|Iron Valiant|
|poke|p2|Iron Treads|
|poke|p2|Araquanid, F|
|poke|p2|Garganacl, M|
|poke|p2|Gliscor, M|
|poke|p2|Hatterene, F|
|teampreview
|inactive|Battle timer is ON: inactive players will automatically lose when time's up. (requested by tony93420)
|
|t:|1760839083
|teamsize|p1|6
|teamsize|p2|6
|start
|switch|p1a: Ogerpon|Ogerpon-Cornerstone, F|100/100
|switch|p2a: Araquanid|Araquanid, F|100/100
|turn|1
|
|t:|1760839089
|switch|p2a: Iron Treads|Iron Treads|100/100
|-enditem|p2a: Iron Treads|Booster Energy
|-activate|p2a: Iron Treads|ability: Quark Drive|[fromitem]
|-start|p2a: Iron Treads|quarkdrivedef
|move|p1a: Ogerpon|Ivy Cudgel|p2a: Iron Treads|[anim] Ivy Cudgel Rock
|-resisted|p2a: Iron Treads
|-damage|p2a: Iron Treads|91/100
|
|upkeep
|turn|2
|
|t:|1760839098
|move|p1a: Ogerpon|Spiky Shield|p1a: Ogerpon
|-singleturn|p1a: Ogerpon|move: Protect
|move|p2a: Iron Treads|Earthquake|p1a: Ogerpon
|-activate|p1a: Ogerpon|move: Protect
|
|upkeep
|turn|3
|
|t:|1760839103
|switch|p1a: Moltres|Moltres|100/100
|move|p2a: Iron Treads|Earthquake|p1a: Moltres
|-immune|p1a: Moltres
|
|upkeep
|turn|4
|
|t:|1760839110
|-end|p2a: Iron Treads|Quark Drive|[silent]
|switch|p2a: Garganacl|Garganacl, M|100/100
|move|p1a: Moltres|Flamethrower|p2a: Garganacl
|-resisted|p2a: Garganacl
|-damage|p2a: Garganacl|88/100
|
|-heal|p2a: Garganacl|94/100|[from] item: Leftovers
|upkeep
|turn|5
|
|t:|1760839115
|switch|p1a: Heatran|Heatran, F|100/100
|move|p2a: Garganacl|Salt Cure|p1a: Heatran
|-damage|p1a: Heatran|89/100
|-start|p1a: Heatran|Salt Cure
|
|-heal|p2a: Garganacl|99/100|[from] item: Leftovers
|-damage|p1a: Heatran|64/100|[from] Salt Cure
|upkeep
|turn|6
|
|t:|1760839120
|move|p1a: Heatran|Magma Storm|p2a: Garganacl
|-resisted|p2a: Garganacl
|-damage|p2a: Garganacl|83/100
|-activate|p2a: Garganacl|move: Magma Storm|[of] p1a: Heatran
|move|p2a: Garganacl|Earthquake|p1a: Heatran
|-supereffective|p1a: Heatran
|-damage|p1a: Heatran|0 fnt
|faint|p1a: Heatran
|
|-heal|p2a: Garganacl|89/100|[from] item: Leftovers
|-end|p2a: Garganacl|Magma Storm|[partiallytrapped]|[silent]
|upkeep
|
|t:|1760839127
|switch|p1a: Ogerpon|Ogerpon-Cornerstone, F|100/100
|turn|7
|
|t:|1760839130
|move|p1a: Ogerpon|Knock Off|p2a: Garganacl
|-damage|p2a: Garganacl|65/100
|-enditem|p2a: Garganacl|Leftovers|[from] move: Knock Off|[of] p1a: Ogerpon
|move|p2a: Garganacl|Curse|p2a: Garganacl
|-unboost|p2a: Garganacl|spe|1
|-boost|p2a: Garganacl|atk|1
|-boost|p2a: Garganacl|def|1
|
|upkeep
|turn|8
|
|t:|1760839135
|-terastallize|p2a: Garganacl|Ghost
|move|p1a: Ogerpon|Low Kick|p2a: Garganacl
|-immune|p2a: Garganacl
|move|p2a: Garganacl|Recover|p2a: Garganacl
|-heal|p2a: Garganacl|100/100
|
|upkeep
|turn|9
|
|t:|1760839139
|move|p1a: Ogerpon|Knock Off|p2a: Garganacl
|-supereffective|p2a: Garganacl
|-damage|p2a: Garganacl|78/100
|move|p2a: Garganacl|Salt Cure|p1a: Ogerpon
|-damage|p1a: Ogerpon|74/100
|-start|p1a: Ogerpon|Salt Cure
|
|-damage|p1a: Ogerpon|62/100|[from] Salt Cure
|upkeep
|turn|10
|-message|tony93420 forfeited.
|
|win|Chris466
|raw|tony93420's rating: 1373 &rarr; <strong>1351</strong><br />(-22 for losing)
|raw|Chris466's rating: 1346 &rarr; <strong>1368</strong><br />(+22 for winning)
|l|☆tony93420
|player|p1|
