|j|☆01NoRu
|j|☆xaviercooks
|t:|1760861627
|gametype|singles
|player|p1|01NoRu|102|1335
|player|p2|xaviercooks|hilbert|1350
|gen|9
|tier|[Gen 9] OU
|rated|
|rule|HP Percentage Mod: HP is shown in percentages
|rule|Endless Battle Clause: Forcing endless battles is banned
|rule|Species Clause: Limit one of each Pokémon
|rule|OHKO Clause: OHKO moves are banned
|rule|Evasion Items Clause: Evasion items are banned
|rule|Evasion Moves Clause: Evasion moves are banned
|rule|Evasion Abilities Clause: Evasion abilities are banned
|rule|Sleep Moves Clause: Sleep-inducing moves are banned
|clearpoke
|poke|p1|Kyurem|
|poke|p1|Iron Moth|
|poke|p1|Kingambit, M|
|poke|p1|Landorus-Therian, M|
|poke|p1|Hatterene, F|
|poke|p1|Cloyster, F|
|poke|p2|Dragapult, M|
|poke|p2|Kingambit, F|
|poke|p2|Iron Valiant|
|poke|p2|Ting-Lu|
|poke|p2|Corviknight, M|
|poke|p2|Zamazenta-*|
|teampreview
|inactive|Battle timer is ON: inactive players will automatically lose when time's up. (requested by 01NoRu)
|
|t:|1760861663
|teamsize|p1|6
|teamsize|p2|6
|start
|switch|p1a: Kyurem|Kyurem|100/100
|switch|p2a: Corviknight|Corviknight, M, shiny|100/100
|-ability|p2a: Corviknight|Unnerve
|-ability|p1a: Kyurem|Pressure
|turn|1
|
|t:|1760861681
|move|p1a: Kyurem|Dragon Dance|p1a: Kyurem
|-boost|p1a: Kyurem|atk|1
|-boost|p1a: Kyurem|spe|1
|move|p2a: Corviknight|Body Press|p1a: Kyurem
|-supereffective|p1a: Kyurem
|-damage|p1a: Kyurem|56/100
|
|upkeep
|turn|2
|
|t:|1760861692
|move|p1a: Kyurem|Icicle Spear|p2a: Corviknight
|-damage|p2a: Corviknight|85/100
|-damage|p2a: Corviknight|72/100
|-damage|p2a: Corviknight|57/100
|-damage|p2a: Corviknight|42/100
|-hitcount|p2a: Corviknight|4
|move|p2a: Corviknight|Body Press|p1a: Kyurem
|-supereffective|p1a: Kyurem
|-damage|p1a: Kyurem|8/100
|
|upkeep
|turn|3
|
|t:|1760861712
|move|p1a: Kyurem|Icicle Spear|p2a: Corviknight
|-crit|p2a: Corviknight
|-damage|p2a: Corviknight|20/100
|-damage|p2a: Corviknight|6/100
|-crit|p2a: Corviknight
|-damage|p2a: Corviknight|0 fnt
|faint|p2a: Corviknight
|-hitcount|p2: Corviknight|3
|
|upkeep
|
|t:|1760861718
|switch|p2a: Iron Valiant|Iron Valiant, shiny|100/100
|-enditem|p2a: Iron Valiant|Booster Energy
|-activate|p2a: Iron Valiant|ability: Quark Drive|[fromitem]
|-start|p2a: Iron Valiant|quarkdrivespe
|turn|4
|
|t:|1760861723
|switch|p1a: Iron Moth|Iron Moth|100/100
|-enditem|p1a: Iron Moth|Booster Energy
|-activate|p1a: Iron Moth|ability: Quark Drive|[fromitem]
|-start|p1a: Iron Moth|quarkdrivespe
|move|p2a: Iron Valiant|Vacuum Wave|p1a: Iron Moth
|-resisted|p1a: Iron Moth
|-damage|p1a: Iron Moth|90/100
|
|upkeep
|turn|5
|
|t:|1760861731
|-terastallize|p2a: Iron Valiant|Fire
|move|p2a: Iron Valiant|Calm Mind|p2a: Iron Valiant
|-boost|p2a: Iron Valiant|spa|1
|-boost|p2a: Iron Valiant|spd|1
|move|p1a: Iron Moth|Fiery Dance|p2a: Iron Valiant
|-resisted|p2a: Iron Valiant
|-damage|p2a: Iron Valiant|76/100
|-boost|p1a: Iron Moth|spa|1
|
|upkeep
|turn|6
|
|t:|1760861742
|move|p2a: Iron Valiant|Shadow Ball|p1a: Iron Moth
|-damage|p1a: Iron Moth|49/100
|move|p1a: Iron Moth|Sludge Wave|p2a: Iron Valiant
|-damage|p2a: Iron Valiant|0 fnt
|faint|p2a: Iron Valiant
|-end|p2a: Iron Valiant|Quark Drive|[silent]
|
|upkeep
|
|t:|1760861758
|switch|p2a: Ting-Lu|Ting-Lu, shiny|100/100
|-ability|p2a: Ting-Lu|Vessel of Ruin
|turn|7
|
|t:|1760861766
|-end|p1a: Iron Moth|Quark Drive|[silent]
|switch|p1a: Hatterene|Hatterene, F|100/100
|move|p2a: Ting-Lu|Ruination|p1a: Hatterene
|-damage|p1a: Hatterene|50/100
|
|upkeep
|turn|8
|
|t:|1760861771
|move|p2a: Ting-Lu|Taunt|p1a: Hatterene
|move|p1a: Hatterene|Taunt|p2a: Ting-Lu|[from] ability: Magic Bounce
|-start|p2a: Ting-Lu|move: Taunt
|move|p1a: Hatterene|Healing Wish|p1a: Hatterene
|faint|p1a: Hatterene
|
|upkeep
|
|t:|1760861778
|switch|p1a: Kyurem|Kyurem|8/100
|-heal|p1a: Kyurem|100/100|[from] move: Healing Wish
|-ability|p1a: Kyurem|Pressure
|turn|9
|
|t:|1760861784
|switch|p2a: Kingambit|Kingambit, F, shiny|100/100
|-activate|p2a: Kingambit|ability: Supreme Overlord
|-start|p2a: Kingambit|fallen2|[silent]
|move|p1a: Kyurem|Dragon Dance|p1a: Kyurem
|-boost|p1a: Kyurem|atk|1
|-boost|p1a: Kyurem|spe|1
|
|upkeep
|turn|10
|
|t:|1760861791
|move|p1a: Kyurem|Dragon Dance|p1a: Kyurem
|-boost|p1a: Kyurem|atk|1
|-boost|p1a: Kyurem|spe|1
|move|p2a: Kingambit|Iron Head|p1a: Kyurem
|-supereffective|p1a: Kyurem
|-damage|p1a: Kyurem|0 fnt
|faint|p1a: Kyurem
|
|upkeep
|
|t:|1760861802
|switch|p1a: Landorus|Landorus-Therian, M|100/100
|-ability|p1a: Landorus|Intimidate|boost
|-unboost|p2a: Kingambit|atk|1
|turn|11
|
|t:|1760861819
|-end|p2a: Kingambit|fallen2|[silent]
|switch|p2a: Ting-Lu|Ting-Lu, shiny|100/100
|-ability|p2a: Ting-Lu|Vessel of Ruin
|move|p1a: Landorus|Earthquake|p2a: Ting-Lu
|-damage|p2a: Ting-Lu|74/100
|
|-heal|p2a: Ting-Lu|80/100|[from] item: Leftovers
|upkeep
|turn|12
|
|t:|1760861831
|switch|p1a: TETRADRIVE|Cloyster, F|100/100
|move|p2a: Ting-Lu|Stealth Rock|p1a: TETRADRIVE
|-sidestart|p1: 01NoRu|move: Stealth Rock
|
|-heal|p2a: Ting-Lu|87/100|[from] item: Leftovers
|upkeep
|turn|13
|
|t:|1760861844
|move|p1a: TETRADRIVE|Shell Smash|p1a: TETRADRIVE
|-unboost|p1a: TETRADRIVE|def|1
|-unboost|p1a: TETRADRIVE|spd|1
|-boost|p1a: TETRADRIVE|atk|2
|-boost|p1a: TETRADRIVE|spa|2
|-boost|p1a: TETRADRIVE|spe|2
|move|p2a: Ting-Lu|Taunt|p1a: TETRADRIVE
|-start|p1a: TETRADRIVE|move: Taunt
|
|-heal|p2a: Ting-Lu|93/100|[from] item: Leftovers
|upkeep
|turn|14
|
|t:|1760861854
|-terastallize|p1a: TETRADRIVE|Ice
|move|p1a: TETRADRIVE|Icicle Spear|p2a: Ting-Lu
|-supereffective|p2a: Ting-Lu
|-damage|p2a: Ting-Lu|55/100
|-supereffective|p2a: Ting-Lu
|-damage|p2a: Ting-Lu|20/100
|-supereffective|p2a: Ting-Lu
|-damage|p2a: Ting-Lu|0 fnt
|faint|p2a: Ting-Lu
|-hitcount|p2: Ting-Lu|3
|
|upkeep
|
|t:|1760861860
|switch|p2a: Kingambit|Kingambit, F, shiny|100/100
|-activate|p2a: Kingambit|ability: Supreme Overlord
|-start|p2a: Kingambit|fallen3|[silent]
|turn|15
|
|t:|1760861865
|move|p2a: Kingambit|Sucker Punch|p1a: TETRADRIVE
|-damage|p1a: TETRADRIVE|19/100
|move|p1a: TETRADRIVE|Icicle Spear|p2a: Kingambit
|-resisted|p2a: Kingambit
|-damage|p2a: Kingambit|87/100
|-resisted|p2a: Kingambit
|-damage|p2a: Kingambit|74/100
|-resisted|p2a: Kingambit
|-damage|p2a: Kingambit|62/100
|-resisted|p2a: Kingambit
|-damage|p2a: Kingambit|49/100
|-resisted|p2a: Kingambit
|-damage|p2a: Kingambit|36/100
|-hitcount|p2a: Kingambit|5
|
|upkeep
|turn|16
|
|t:|1760861882
|move|p1a: TETRADRIVE|Ice Shard|p2a: Kingambit
|-resisted|p2a: Kingambit
|-damage|p2a: Kingambit|15/100
|move|p2a: Kingambit|Sucker Punch||[still]
|-fail|p2a: Kingambit
|
|-end|p1a: TETRADRIVE|move: Taunt
|upkeep
|turn|17
|
|t:|1760861890
|-end|p2a: Kingambit|fallen3|[silent]
|switch|p2a: Zamazenta|Zamazenta|100/100
|-ability|p2a: Zamazenta|Dauntless Shield|boost
|-boost|p2a: Zamazenta|def|1
|move|p1a: TETRADRIVE|Ice Shard|p2a: Zamazenta
|-damage|p2a: Zamazenta|76/100
|
|-heal|p2a: Zamazenta|82/100|[from] item: Leftovers
|upkeep
|turn|18
|
|t:|1760861901
|move|p1a: TETRADRIVE|Icicle Spear|p2a: Zamazenta
|-damage|p2a: Zamazenta|67/100
|-damage|p2a: Zamazenta|52/100
|-damage|p2a: Zamazenta|35/100
|-damage|p2a: Zamazenta|21/100
|-damage|p2a: Zamazenta|6/100
|-hitcount|p2a: Zamazenta|5
|move|p2a: Zamazenta|Heavy Slam|p1a: TETRADRIVE
|-supereffective|p1a: TETRADRIVE
|-damage|p1a: TETRADRIVE|0 fnt
|faint|p1a: TETRADRIVE
|
|-heal|p2a: Zamazenta|12/100|[from] item: Leftovers
|upkeep
|
|t:|1760861913
|switch|p1a: Landorus|Landorus-Therian, M|100/100
|-damage|p1a: Landorus|88/100|[from] Stealth Rock
|-ability|p1a: Landorus|Intimidate|boost
|-unboost|p2a: Zamazenta|atk|1
|turn|19
|
|t:|1760861919
|move|p2a: Zamazenta|Heavy Slam|p1a: Landorus
|-damage|p1a: Landorus|74/100
|-damage|p2a: Zamazenta|0 fnt|[from] item: Rocky Helmet|[of] p1a: Landorus
|faint|p2a: Zamazenta
|move|p1a: Landorus|Earthquake|p2: Zamazenta|[notarget]
|-fail|p1a: Landorus
|
|upkeep
|
|t:|1760861922
|switch|p2a: Dragapult|Dragapult, M, shiny|100/100
|turn|20
|
|t:|1760861931
|move|p2a: Dragapult|Draco Meteor|p1a: Landorus
|-damage|p1a: Landorus|0 fnt
|-unboost|p2a: Dragapult|spa|2
|faint|p1a: Landorus
|
|upkeep
|
|t:|1760861934
|switch|p1a: Iron Moth|Iron Moth|49/100
|-damage|p1a: Iron Moth|24/100|[from] Stealth Rock
|turn|21
|
|t:|1760861940
|move|p2a: Dragapult|Draco Meteor|p1a: Iron Moth
|-damage|p1a: Iron Moth|0 fnt
|-unboost|p2a: Dragapult|spa|2
|faint|p1a: Iron Moth
|-end|p1a: Iron Moth|Quark Drive|[silent]
|
|upkeep
|
|t:|1760861946
|switch|p1a: Kingambit|Kingambit, M|100/100
|-damage|p1a: Kingambit|94/100|[from] Stealth Rock
|-activate|p1a: Kingambit|ability: Supreme Overlord
|-start|p1a: Kingambit|fallen5|[silent]
|turn|22
|
|t:|1760861953
|move|p2a: Dragapult|Draco Meteor|p1a: Kingambit
|-resisted|p1a: Kingambit
|-damage|p1a: Kingambit|81/100
|-unboost|p2a: Dragapult|spa|2
|move|p1a: Kingambit|Swords Dance|p1a: Kingambit
|-boost|p1a: Kingambit|atk|2
|
|-heal|p1a: Kingambit|87/100|[from] item: Leftovers
|upkeep
|turn|23
|
|t:|1760861962
|move|p2a: Dragapult|Draco Meteor|p1a: Kingambit
|-resisted|p1a: Kingambit
|-damage|p1a: Kingambit|76/100
|move|p1a: Kingambit|Iron Head|p2a: Dragapult
|-damage|p2a: Dragapult|0 fnt
|faint|p2a: Dragapult
|
|-heal|p1a: Kingambit|83/100|[from] item: Leftovers
|upkeep
|
|t:|1760861965
|switch|p2a: Kingambit|Kingambit, F, shiny|15/100
|-activate|p2a: Kingambit|ability: Supreme Overlord
|-start|p2a: Kingambit|fallen5|[silent]
|turn|24
|
|t:|1760861972
|move|p1a: Kingambit|Sucker Punch|p2a: Kingambit
|-resisted|p2a: Kingambit
|-damage|p2a: Kingambit|0 fnt
|faint|p2a: Kingambit
|-end|p2a: Kingambit|fallen5|[silent]
|
|win|01NoRu
|raw|01NoRu's rating: 1335 &rarr; <strong>1356</strong><br />(+21 for winning)
|raw|xaviercooks's rating: 1350 &rarr; <strong>1329</strong><br />(-21 for losing)
|l|☆01NoRu
|player|p1|
|c|☆xaviercooks|Ggs
|l|☆xaviercooks
|player|p2|
