|j|☆luca1996
|j|☆gxld09
|t:|1760723281
|gametype|singles
|player|p1|luca1996|boarder|1304
|player|p2|gxld09|marley|1310
|gen|9
|tier|[Gen 9] OU
|rated|
|rule|HP Percentage Mod: HP is shown in percentages
|rule|Endless Battle Clause: Forcing endless battles is banned
|rule|Species Clause: Limit one of each Pokémon
|rule|OHKO Clause: OHKO moves are banned
|rule|Evasion Items Clause: Evasion items are banned
|rule|Evasion Moves Clause: Evasion moves are banned
|rule|Evasion Abilities Clause: Evasion abilities are banned
|rule|Sleep Moves Clause: Sleep-inducing moves are banned
|clearpoke
|poke|p1|Gurdurr, F|
|poke|p1|Revavroom, F|
|poke|p1|Araquanid, F|
|poke|p1|Moltres-Galar|
|poke|p1|Entei|
|poke|p1|Hippowdon, F|
|poke|p2|Enamorus, F|
|poke|p2|Ogerpon, F|
|poke|p2|Ninetales, M|
|poke|p2|Walking Wake|
|poke|p2|Great Tusk|
|poke|p2|Moltres|
|teampreview
|inactive|Battle timer is ON: inactive players will automatically lose when time's up. (requested by gxld09)
|
|t:|1760723318
|teamsize|p1|6
|teamsize|p2|6
|start
|switch|p1a: Araquanid|Araquanid, F|100/100
|switch|p2a: Ogerpon|Ogerpon, F|100/100
|turn|1
|l|☆gxld09
|inactive|gxld09 disconnected and has a minute to reconnect!
|player|p2|
|j|☆gxld09
|inactive|gxld09 reconnected and has 150 seconds left.
|player|p2|gxld09|marley|
|
|t:|1760723331
|move|p2a: Ogerpon|Knock Off|p1a: Araquanid
|-damage|p1a: Araquanid|59/100
|-enditem|p1a: Araquanid|Custap Berry|[from] move: Knock Off|[of] p2a: Ogerpon
|move|p1a: Araquanid|Lunge|p2a: Ogerpon
|-supereffective|p2a: Ogerpon
|-damage|p2a: Ogerpon|18/100
|-unboost|p2a: Ogerpon|atk|1
|-ability|p2a: Ogerpon|Defiant|boost
|-boost|p2a: Ogerpon|atk|2
|
|upkeep
|turn|2
|
|t:|1760723340
|move|p2a: Ogerpon|Power Whip|p1a: Araquanid
|-damage|p1a: Araquanid|0 fnt
|faint|p1a: Araquanid
|
|upkeep
|
|t:|1760723349
|switch|p1a: Gurdurr|Gurdurr, F|100/100
|turn|3
|
|t:|1760723351
|switch|p2a: Moltres|Moltres|100/100
|move|p1a: Gurdurr|Mach Punch|p2a: Moltres
|-resisted|p2a: Moltres
|-damage|p2a: Moltres|89/100
|-status|p1a: Gurdurr|brn|[from] ability: Flame Body|[of] p2a: Moltres
|
|-damage|p1a: Gurdurr|94/100 brn|[from] brn
|upkeep
|turn|4
|
|t:|1760723360
|switch|p1a: Moltres|Moltres-Galar|100/100
|move|p2a: Moltres|U-turn|p1a: Moltres
|-damage|p1a: Moltres|83/100
|
|t:|1760723363
|switch|p2a: Enamorus|Enamorus, F|100/100|[from] U-turn
|
|upkeep
|turn|5
|
|t:|1760723367
|switch|p1a: Gurdurr|Gurdurr, F|94/100 brn
|move|p2a: Enamorus|Mystical Fire|p1a: Gurdurr
|-damage|p1a: Gurdurr|66/100 brn
|-unboost|p1a: Gurdurr|spa|1
|
|-damage|p1a: Gurdurr|60/100 brn|[from] brn
|upkeep
|turn|6
|
|t:|1760723377
|move|p2a: Enamorus|Mystical Fire|p1a: Gurdurr
|-damage|p1a: Gurdurr|33/100 brn
|-unboost|p1a: Gurdurr|spa|1
|move|p1a: Gurdurr|Knock Off|p2a: Enamorus
|-resisted|p2a: Enamorus
|-damage|p2a: Enamorus|87/100
|-enditem|p2a: Enamorus|Choice Scarf|[from] move: Knock Off|[of] p1a: Gurdurr
|
|-damage|p1a: Gurdurr|27/100 brn|[from] brn
|upkeep
|turn|7
|
|t:|1760723383
|move|p2a: Enamorus|Moonblast|p1a: Gurdurr
|-supereffective|p1a: Gurdurr
|-damage|p1a: Gurdurr|0 fnt
|faint|p1a: Gurdurr
|
|upkeep
|
|t:|1760723400
|switch|p1a: Revavroom|Revavroom, F|100/100
|turn|8
|
|t:|1760723405
|move|p2a: Enamorus|Earth Power|p1a: Revavroom
|-supereffective|p1a: Revavroom
|-damage|p1a: Revavroom|0 fnt
|faint|p1a: Revavroom
|
|upkeep
|
|t:|1760723408
|switch|p1a: Moltres|Moltres-Galar|83/100
|turn|9
|-message|luca1996 forfeited.
|
|win|gxld09
|raw|luca1996's rating: 1304 &rarr; <strong>1284</strong><br />(-20 for losing)
|raw|gxld09's rating: 1310 &rarr; <strong>1330</strong><br />(+20 for winning)
|l|☆luca1996
|player|p1|
|l|☆gxld09
|player|p2|
