|j|☆furkanbolukbasi
|j|☆Lord Sodium
|t:|1760795391
|gametype|singles
|player|p1|furkanbolukbasi|artist-gen4|1745
|player|p2|Lord Sodium|alec-anime|1662
|gen|9
|tier|[Gen 9] OU
|rated|
|rule|HP Percentage Mod: HP is shown in percentages
|rule|Endless Battle Clause: Forcing endless battles is banned
|rule|Species Clause: Limit one of each Pokémon
|rule|OHKO Clause: OHKO moves are banned
|rule|Evasion Items Clause: Evasion items are banned
|rule|Evasion Moves Clause: Evasion moves are banned
|rule|Evasion Abilities Clause: Evasion abilities are banned
|rule|Sleep Moves Clause: Sleep-inducing moves are banned
|clearpoke
|poke|p1|Gholdengo|
|poke|p1|Hatterene, F|
|poke|p1|Darkrai|
|poke|p1|Landorus-Therian, M|
|poke|p1|Dragonite, M|
|poke|p1|Zamazenta-*|
|poke|p2|Mamoswine, M|
|poke|p2|Slowking-Galar, M|
|poke|p2|Rillaboom, F|
|poke|p2|Corviknight, F|
|poke|p2|Samurott-Hisui, F|
|poke|p2|Raging Bolt|
|teampreview
|inactive|Battle timer is ON: inactive players will automatically lose when time's up. (requested by furkanbolukbasi)
|
|t:|1760795424
|teamsize|p1|6
|teamsize|p2|6
|start
|switch|p1a: Darkrai|Darkrai|100/100
|switch|p2a: Samurott|Samurott-Hisui, F|100/100
|turn|1
|
|t:|1760795436
|switch|p1a: Landorus|Landorus-Therian, M|100/100
|-ability|p1a: Landorus|Intimidate|boost
|-unboost|p2a: Samurott|atk|1
|move|p2a: Samurott|Flip Turn|p1a: Landorus
|-supereffective|p1a: Landorus
|-damage|p1a: Landorus|67/100
|-damage|p2a: Samurott|84/100|[from] item: Rocky Helmet|[of] p1a: Landorus
|
|t:|1760795440
|switch|p2a: Mamoswine|Mamoswine, M|100/100|[from] Flip Turn
|
|upkeep
|turn|2
|
|t:|1760795447
|move|p1a: Landorus|U-turn|p2a: Mamoswine
|-damage|p2a: Mamoswine|75/100
|
|t:|1760795459
|switch|p1a: Zamazenta|Zamazenta|100/100|[from] U-turn
|-ability|p1a: Zamazenta|Dauntless Shield|boost
|-boost|p1a: Zamazenta|def|1
|move|p2a: Mamoswine|Icicle Spear|p1a: Zamazenta
|-damage|p1a: Zamazenta|93/100
|-damage|p1a: Zamazenta|85/100
|-damage|p1a: Zamazenta|77/100
|-damage|p1a: Zamazenta|69/100
|-damage|p1a: Zamazenta|62/100
|-hitcount|p1a: Zamazenta|5
|
|-heal|p1a: Zamazenta|68/100|[from] item: Leftovers
|upkeep
|turn|3
|
|t:|1760795468
|switch|p2a: Corviknight|Corviknight, F|100/100
|-ability|p2a: Corviknight|Pressure
|move|p1a: Zamazenta|Crunch|p2a: Corviknight
|-damage|p2a: Corviknight|87/100
|-damage|p1a: Zamazenta|51/100|[from] item: Rocky Helmet|[of] p2a: Corviknight
|
|-heal|p1a: Zamazenta|57/100|[from] item: Leftovers
|upkeep
|turn|4
|
|t:|1760795473
|move|p1a: Zamazenta|Iron Defense|p1a: Zamazenta
|-boost|p1a: Zamazenta|def|2
|move|p2a: Corviknight|Body Press|p1a: Zamazenta
|-damage|p1a: Zamazenta|49/100
|
|-heal|p1a: Zamazenta|55/100|[from] item: Leftovers
|upkeep
|turn|5
|
|t:|1760795476
|move|p1a: Zamazenta|Crunch|p2a: Corviknight
|-damage|p2a: Corviknight|73/100
|-damage|p1a: Zamazenta|39/100|[from] item: Rocky Helmet|[of] p2a: Corviknight
|move|p2a: Corviknight|Iron Defense|p2a: Corviknight
|-boost|p2a: Corviknight|def|2
|
|-heal|p1a: Zamazenta|45/100|[from] item: Leftovers
|upkeep
|turn|6
|
|t:|1760795479
|move|p2a: Corviknight|Roost|p2a: Corviknight
|-heal|p2a: Corviknight|100/100
|-singleturn|p2a: Corviknight|move: Roost
|move|p1a: Zamazenta|Roar|p2a: Corviknight
|drag|p2a: Slowking|Slowking-Galar, M|100/100
|
|-heal|p1a: Zamazenta|51/100|[from] item: Leftovers
|upkeep
|turn|7
|
|t:|1760795484
|switch|p1a: Gholdengo|Gholdengo|100/100
|move|p2a: Slowking|Future Sight|p1a: Gholdengo
|-start|p2a: Slowking|move: Future Sight
|
|upkeep
|turn|8
|
|t:|1760795494
|switch|p2a: Samurott|Samurott-Hisui, F|84/100
|move|p1a: Gholdengo|Make It Rain|p2a: Samurott
|-resisted|p2a: Samurott
|-damage|p2a: Samurott|21/100
|-unboost|p1a: Gholdengo|spa|1
|
|upkeep
|turn|9
|
|t:|1760795503
|switch|p1a: Landorus|Landorus-Therian, M|67/100
|-ability|p1a: Landorus|Intimidate|boost
|-unboost|p2a: Samurott|atk|1
|move|p2a: Samurott|Ceaseless Edge|p1a: Landorus
|-damage|p1a: Landorus|37/100
|-damage|p2a: Samurott|5/100|[from] item: Rocky Helmet|[of] p1a: Landorus
|-sidestart|p1: furkanbolukbasi|Spikes
|
|-end|p1a: Landorus|move: Future Sight
|-damage|p1a: Landorus|0 fnt
|faint|p1a: Landorus
|upkeep
|
|t:|1760795507
|switch|p1a: Darkrai|Darkrai|100/100
|-damage|p1a: Darkrai|88/100|[from] Spikes
|turn|10
|
|t:|1760795523
|switch|p2a: Rillaboom|Rillaboom, F|100/100
|-fieldstart|move: Grassy Terrain|[from] ability: Grassy Surge|[of] p2a: Rillaboom
|move|p1a: Darkrai|Sucker Punch||[still]
|-fail|p1a: Darkrai
|
|-heal|p1a: Darkrai|94/100|[from] Grassy Terrain
|upkeep
|turn|11
|
|t:|1760795530
|switch|p1a: Zamazenta|Zamazenta|51/100
|-damage|p1a: Zamazenta|39/100|[from] Spikes
|move|p2a: Rillaboom|Knock Off|p1a: Zamazenta
|-resisted|p1a: Zamazenta
|-damage|p1a: Zamazenta|20/100
|-enditem|p1a: Zamazenta|Leftovers|[from] move: Knock Off|[of] p2a: Rillaboom
|-damage|p2a: Rillaboom|91/100|[from] item: Life Orb
|
|-heal|p1a: Zamazenta|26/100|[from] Grassy Terrain
|-heal|p2a: Rillaboom|97/100|[from] Grassy Terrain
|upkeep
|turn|12
|
|t:|1760795539
|move|p2a: Rillaboom|Grassy Glide|p1a: Zamazenta
|-damage|p1a: Zamazenta|0 fnt
|faint|p1a: Zamazenta
|-damage|p2a: Rillaboom|87/100|[from] item: Life Orb
|
|-heal|p2a: Rillaboom|93/100|[from] Grassy Terrain
|upkeep
|
|t:|1760795548
|switch|p1a: Gholdengo|Gholdengo|100/100
|-damage|p1a: Gholdengo|88/100|[from] Spikes
|turn|13
|
|t:|1760795557
|move|p2a: Rillaboom|Knock Off|p1a: Gholdengo
|-supereffective|p1a: Gholdengo
|-damage|p1a: Gholdengo|0 fnt
|-enditem|p1a: Gholdengo|Metal Coat|[from] move: Knock Off|[of] p2a: Rillaboom
|faint|p1a: Gholdengo
|-damage|p2a: Rillaboom|83/100|[from] item: Life Orb
|
|-heal|p2a: Rillaboom|89/100|[from] Grassy Terrain
|upkeep
|
|t:|1760795561
|switch|p1a: Darkrai|Darkrai|94/100
|-damage|p1a: Darkrai|82/100|[from] Spikes
|turn|14
|
|t:|1760795569
|move|p2a: Rillaboom|Grassy Glide|p1a: Darkrai
|-damage|p1a: Darkrai|18/100
|-damage|p2a: Rillaboom|79/100|[from] item: Life Orb
|move|p1a: Darkrai|Ice Beam|p2a: Rillaboom
|-supereffective|p2a: Rillaboom
|-damage|p2a: Rillaboom|0 fnt
|faint|p2a: Rillaboom
|
|-heal|p1a: Darkrai|24/100|[from] Grassy Terrain
|-fieldend|move: Grassy Terrain
|upkeep
|
|t:|1760795575
|switch|p2a: Mamoswine|Mamoswine, M|75/100
|turn|15
|
|t:|1760795580
|move|p2a: Mamoswine|Ice Shard|p1a: Darkrai
|-damage|p1a: Darkrai|0 fnt
|faint|p1a: Darkrai
|
|upkeep
|
|t:|1760795583
|switch|p1a: Hatterene|Hatterene, F|100/100
|-damage|p1a: Hatterene|88/100|[from] Spikes
|turn|16
|-message|furkanbolukbasi forfeited.
|
|win|Lord Sodium
|raw|furkanbolukbasi's rating: 1745 &rarr; <strong>1720</strong><br />(-25 for losing)
|raw|Lord Sodium's rating: 1662 &rarr; <strong>1687</strong><br />(+25 for winning)
|l|☆furkanbolukbasi
|player|p1|
|l|☆Lord Sodium
|player|p2|
