|j|☆xfentss
|j|☆Shadeless8
|t:|1760847237
|gametype|singles
|player|p1|xfentss|clair|1091
|player|p2|Shadeless8|169|1101
|gen|9
|tier|[Gen 9] OU
|rated|
|rule|HP Percentage Mod: HP is shown in percentages
|rule|Endless Battle Clause: Forcing endless battles is banned
|rule|Species Clause: Limit one of each Pokémon
|rule|OHKO Clause: OHKO moves are banned
|rule|Evasion Items Clause: Evasion items are banned
|rule|Evasion Moves Clause: Evasion moves are banned
|rule|Evasion Abilities Clause: Evasion abilities are banned
|rule|Sleep Moves Clause: Sleep-inducing moves are banned
|clearpoke
|poke|p1|Frosmoth, F|
|poke|p1|Pincurchin, F|
|poke|p1|Raichu-Alola, M|
|poke|p1|Iron Hands|
|poke|p1|Rotom-Wash|
|poke|p1|Pawmot, F|
|poke|p2|Torterra, F|
|poke|p2|Infernape, M|
|poke|p2|Empoleon, M|
|poke|p2|Porygon-Z|
|poke|p2|Honchkrow, F|
|poke|p2|Luxray, M|
|teampreview
|
|t:|1760847243
|teamsize|p1|6
|teamsize|p2|6
|start
|switch|p1a: Pincurchin|Pincurchin, F|100/100
|switch|p2a: Luxray|Luxray, M|100/100
|-fieldstart|move: Electric Terrain|[from] ability: Electric Surge|[of] p1a: Pincurchin
|turn|1
|
|t:|1760847253
|move|p2a: Luxray|Trailblaze|p1a: Pincurchin
|-damage|p1a: Pincurchin|80/100
|-boost|p2a: Luxray|spe|1
|move|p1a: Pincurchin|Toxic Spikes|p2a: Luxray
|-sidestart|p2: Shadeless8|move: Toxic Spikes
|
|-status|p2a: Luxray|brn|[from] item: Flame Orb
|upkeep
|turn|2
|
|t:|1760847273
|switch|p2a: Torterra|Torterra, F|100/100
|-status|p2a: Torterra|psn
|move|p1a: Pincurchin|Toxic Spikes|p2a: Torterra
|-sidestart|p2: Shadeless8|move: Toxic Spikes
|
|-damage|p2a: Torterra|88/100 psn|[from] psn
|upkeep
|turn|3
|
|t:|1760847281
|move|p2a: Torterra|Shell Smash|p2a: Torterra
|-unboost|p2a: Torterra|def|1
|-unboost|p2a: Torterra|spd|1
|-boost|p2a: Torterra|atk|2
|-boost|p2a: Torterra|spa|2
|-boost|p2a: Torterra|spe|2
|-enditem|p2a: Torterra|White Herb
|-clearnegativeboost|p2a: Torterra|[silent]
|move|p1a: Pincurchin|Spikes|p2a: Torterra
|-sidestart|p2: Shadeless8|Spikes
|
|-damage|p2a: Torterra|76/100 psn|[from] psn
|upkeep
|turn|4
|
|t:|1760847297
|move|p2a: Torterra|Earthquake|p1a: Pincurchin
|-supereffective|p1a: Pincurchin
|-damage|p1a: Pincurchin|0 fnt
|faint|p1a: Pincurchin
|
|-damage|p2a: Torterra|64/100 psn|[from] psn
|upkeep
|
|t:|1760847306
|switch|p1a: Frosmoth|Frosmoth, F|100/100
|turn|5
|
|t:|1760847314
|move|p2a: Torterra|Iron Head|p1a: Frosmoth
|-supereffective|p1a: Frosmoth
|-damage|p1a: Frosmoth|0 fnt
|faint|p1a: Frosmoth
|
|-damage|p2a: Torterra|51/100 psn|[from] psn
|upkeep
|
|t:|1760847331
|switch|p1a: Iron Hands|Iron Hands|100/100
|-activate|p1a: Iron Hands|ability: Quark Drive
|-start|p1a: Iron Hands|quarkdriveatk
|turn|6
|
|t:|1760847336
|move|p2a: Torterra|Earthquake|p1a: Iron Hands
|-supereffective|p1a: Iron Hands
|-damage|p1a: Iron Hands|0 fnt
|faint|p1a: Iron Hands
|-end|p1a: Iron Hands|Quark Drive|[silent]
|
|-damage|p2a: Torterra|39/100 psn|[from] psn
|upkeep
|
|t:|1760847367
|switch|p1a: Pawmot|Pawmot, F|100/100
|turn|7
|
|t:|1760847376
|move|p2a: Torterra|Earthquake|p1a: Pawmot
|-supereffective|p1a: Pawmot
|-damage|p1a: Pawmot|0 fnt
|faint|p1a: Pawmot
|
|-damage|p2a: Torterra|27/100 psn|[from] psn
|upkeep
|
|t:|1760847384
|switch|p1a: Raichu|Raichu-Alola, M|100/100
|turn|8
|
|t:|1760847393
|move|p1a: Raichu|Psychic|p2a: Torterra
|-damage|p2a: Torterra|0 fnt
|faint|p2a: Torterra
|
|-fieldend|move: Electric Terrain
|upkeep
|
|t:|1760847404
|switch|p2a: Luxray|Luxray, M|100/100 brn
|-damage|p2a: Luxray|88/100 brn|[from] Spikes
|turn|9
|
|t:|1760847418
|-terastallize|p1a: Raichu|Fairy
|move|p1a: Raichu|Psychic|p2a: Luxray
|-damage|p2a: Luxray|0 fnt
|faint|p2a: Luxray
|
|upkeep
|
|t:|1760847426
|switch|p2a: Porygon-Z|Porygon-Z|100/100
|-status|p2a: Porygon-Z|tox
|-damage|p2a: Porygon-Z|88/100 tox|[from] Spikes
|turn|10
|
|t:|1760847433
|move|p1a: Raichu|Psychic|p2a: Porygon-Z
|-damage|p2a: Porygon-Z|6/100 tox
|move|p2a: Porygon-Z|Thunder Wave|p1a: Raichu
|-status|p1a: Raichu|par
|
|-damage|p2a: Porygon-Z|0 fnt|[from] psn
|faint|p2a: Porygon-Z
|upkeep
|
|t:|1760847443
|switch|p2a: Empoleon|Empoleon, M|100/100
|-damage|p2a: Empoleon|88/100|[from] Spikes
|turn|11
|
|t:|1760847451
|cant|p1a: Raichu|par
|move|p2a: Empoleon|Stealth Rock|p1a: Raichu
|-sidestart|p1: xfentss|move: Stealth Rock
|
|-heal|p2a: Empoleon|94/100|[from] item: Leftovers
|upkeep
|turn|12
|
|t:|1760847458
|move|p1a: Raichu|Psychic|p2a: Empoleon
|-resisted|p2a: Empoleon
|-damage|p2a: Empoleon|64/100
|move|p2a: Empoleon|Flash Cannon|p1a: Raichu
|-supereffective|p1a: Raichu
|-damage|p1a: Raichu|0 fnt
|faint|p1a: Raichu
|
|-heal|p2a: Empoleon|70/100|[from] item: Leftovers
|upkeep
|
|t:|1760847466
|switch|p1a: Rotom|Rotom-Wash|100/100
|-damage|p1a: Rotom|88/100|[from] Stealth Rock
|turn|13
|
|t:|1760847475
|move|p1a: Rotom|Volt Switch|p2a: Empoleon
|-supereffective|p2a: Empoleon
|-damage|p2a: Empoleon|11/100
|move|p2a: Empoleon|Tera Blast|p1a: Rotom
|-damage|p1a: Rotom|61/100
|
|-heal|p2a: Empoleon|17/100|[from] item: Leftovers
|upkeep
|turn|14
|
|t:|1760847483
|move|p1a: Rotom|Volt Switch|p2a: Empoleon
|-supereffective|p2a: Empoleon
|-damage|p2a: Empoleon|0 fnt
|faint|p2a: Empoleon
|
|upkeep
|
|t:|1760847488
|switch|p2a: Honchkrow|Honchkrow, F|100/100
|turn|15
|
|t:|1760847491
|move|p2a: Honchkrow|Sucker Punch|p1a: Rotom
|-damage|p1a: Rotom|16/100
|move|p1a: Rotom|Volt Switch|p2a: Honchkrow
|-supereffective|p2a: Honchkrow
|-damage|p2a: Honchkrow|8/100
|-enditem|p2a: Honchkrow|Sitrus Berry|[eat]
|-heal|p2a: Honchkrow|33/100|[from] item: Sitrus Berry
|
|upkeep
|turn|16
|
|t:|1760847499
|move|p1a: Rotom|Reflect|p1a: Rotom
|-sidestart|p1: xfentss|Reflect
|move|p2a: Honchkrow|Facade|p1a: Rotom
|-damage|p1a: Rotom|2/100
|
|upkeep
|turn|17
|
|t:|1760847506
|move|p2a: Honchkrow|Sucker Punch||[still]
|-fail|p2a: Honchkrow
|move|p1a: Rotom|Reflect||[still]
|-fail|p1a: Rotom
|
|upkeep
|turn|18
|
|t:|1760847512
|move|p1a: Rotom|Volt Switch|p2a: Honchkrow
|-supereffective|p2a: Honchkrow
|-damage|p2a: Honchkrow|0 fnt
|faint|p2a: Honchkrow
|
|upkeep
|
|t:|1760847517
|switch|p2a: Infernape|Infernape, M|100/100
|turn|19
|
|t:|1760847523
|move|p2a: Infernape|Drain Punch|p1a: Rotom
|-damage|p1a: Rotom|0 fnt
|faint|p1a: Rotom
|
|win|Shadeless8
|raw|xfentss's rating: 1091 &rarr; <strong>1068</strong><br />(-23 for losing)
|raw|Shadeless8's rating: 1101 &rarr; <strong>1125</strong><br />(+24 for winning)
|c|☆xfentss|gg
|l|☆Shadeless8
|player|p2|
|l|☆xfentss
|player|p1|
