|j|☆hey_rain_maker
|j|☆fafewf
|t:|1760721442
|gametype|singles
|player|p1|hey_rain_maker|caitlin|1642
|player|p2|fafewf|wallace|1608
|gen|9
|tier|[Gen 9] OU
|rated|
|rule|HP Percentage Mod: HP is shown in percentages
|rule|Endless Battle Clause: Forcing endless battles is banned
|rule|Species Clause: Limit one of each Pokémon
|rule|OHKO Clause: OHKO moves are banned
|rule|Evasion Items Clause: Evasion items are banned
|rule|Evasion Moves Clause: Evasion moves are banned
|rule|Evasion Abilities Clause: Evasion abilities are banned
|rule|Sleep Moves Clause: Sleep-inducing moves are banned
|clearpoke
|poke|p1|Samurott-Hisui, F|
|poke|p1|Darkrai|
|poke|p1|Gliscor, F|
|poke|p1|Cinderace, F|
|poke|p1|Raging Bolt|
|poke|p1|Ogerpon-Wellspring, F|
|poke|p2|Suicune|
|poke|p2|Garchomp, F|
|poke|p2|Gholdengo|
|poke|p2|Chesnaught, M|
|poke|p2|Cyclizar, M|
|poke|p2|Gliscor, F|
|teampreview
|inactive|Battle timer is ON: inactive players will automatically lose when time's up. (requested by hey_rain_maker)
|
|t:|1760721447
|teamsize|p1|6
|teamsize|p2|6
|start
|switch|p1a: Darkrai|Darkrai|100/100
|switch|p2a: Cyclizar|Cyclizar, M|100/100
|turn|1
|
|t:|1760721452
|move|p1a: Darkrai|Trick|p2a: Cyclizar
|-activate|p1a: Darkrai|move: Trick|[of] p2a: Cyclizar
|-item|p2a: Cyclizar|Choice Specs|[from] move: Trick
|-item|p1a: Darkrai|Assault Vest|[from] move: Trick
|move|p2a: Cyclizar|Knock Off|p1a: Darkrai
|-resisted|p1a: Darkrai
|-damage|p1a: Darkrai|85/100
|-enditem|p1a: Darkrai|Assault Vest|[from] move: Knock Off|[of] p2a: Cyclizar
|
|upkeep
|turn|2
|
|t:|1760721470
|switch|p2a: Gholdengo|Gholdengo|100/100
|move|p1a: Darkrai|Ice Beam|p2a: Gholdengo
|-resisted|p2a: Gholdengo
|-damage|p2a: Gholdengo|82/100
|
|upkeep
|turn|3
|l|☆hey_rain_maker
|inactive|hey_rain_maker disconnected and has a minute to reconnect!
|player|p1|
|j|☆hey_rain_maker
|inactive|hey_rain_maker reconnected.
|player|p1|hey_rain_maker|caitlin|
|
|t:|1760721493
|move|p2a: Gholdengo|Make It Rain|p1a: Darkrai
|-damage|p1a: Darkrai|0 fnt
|-unboost|p2a: Gholdengo|spa|1
|faint|p1a: Darkrai
|
|upkeep
|
|t:|1760721501
|switch|p1a: Gliscor|Gliscor, F|100/100
|turn|4
|
|t:|1760721510
|switch|p2a: Table setter|Garchomp, F|100/100
|move|p1a: Gliscor|Knock Off|p2a: Table setter
|-crit|p2a: Table setter
|-damage|p2a: Table setter|82/100
|-damage|p1a: Gliscor|88/100|[from] ability: Rough Skin|[of] p2a: Table setter
|-damage|p1a: Gliscor|72/100|[from] item: Rocky Helmet|[of] p2a: Table setter
|-enditem|p2a: Table setter|Rocky Helmet|[from] move: Knock Off|[of] p1a: Gliscor
|
|-status|p1a: Gliscor|tox|[from] item: Toxic Orb
|upkeep
|turn|5
|
|t:|1760721515
|move|p2a: Table setter|Stealth Rock|p1a: Gliscor
|-sidestart|p1: hey_rain_maker|move: Stealth Rock
|move|p1a: Gliscor|Toxic|p2a: Table setter
|-status|p2a: Table setter|tox
|
|-damage|p2a: Table setter|76/100 tox|[from] psn
|-heal|p1a: Gliscor|84/100 tox|[from] ability: Poison Heal
|upkeep
|turn|6
|
|t:|1760721529
|move|p2a: Table setter|Spikes|p1a: Gliscor
|-sidestart|p1: hey_rain_maker|Spikes
|move|p1a: Gliscor|Knock Off|p2a: Table setter
|-damage|p2a: Table setter|67/100 tox
|-damage|p1a: Gliscor|72/100 tox|[from] ability: Rough Skin|[of] p2a: Table setter
|
|-damage|p2a: Table setter|55/100 tox|[from] psn
|-heal|p1a: Gliscor|84/100 tox|[from] ability: Poison Heal
|upkeep
|turn|7
|
|t:|1760721533
|move|p1a: Gliscor|Earthquake|p2a: Table setter
|-damage|p2a: Table setter|36/100 tox
|move|p2a: Table setter|Dragon Tail|p1a: Gliscor
|-damage|p1a: Gliscor|68/100 tox
|drag|p1a: Raging Bolt|Raging Bolt|100/100
|-damage|p1a: Raging Bolt|88/100|[from] Stealth Rock
|-damage|p1a: Raging Bolt|76/100|[from] Spikes
|
|-heal|p1a: Raging Bolt|82/100|[from] item: Leftovers
|-damage|p2a: Table setter|17/100 tox|[from] psn
|upkeep
|turn|8
|
|t:|1760721538
|switch|p2a: Gliscor|Gliscor, F|100/100
|-end|p1a: Raging Bolt|Protosynthesis|[silent]
|switch|p1a: Gliscor|Gliscor, F|68/100 tox
|-damage|p1a: Gliscor|55/100 tox|[from] Stealth Rock
|
|-heal|p1a: Gliscor|68/100 tox|[from] ability: Poison Heal
|-status|p2a: Gliscor|tox|[from] item: Toxic Orb
|upkeep
|turn|9
|
|t:|1760721549
|switch|p1a: Cinderace|Cinderace, F|100/100
|move|p2a: Gliscor|Knock Off|p1a: Cinderace
|-damage|p1a: Cinderace|77/100
|-enditem|p1a: Cinderace|Heavy-Duty Boots|[from] move: Knock Off|[of] p2a: Gliscor
|
|upkeep
|turn|10
|
|t:|1760721565
|move|p1a: Cinderace|Court Change|p1a: Cinderace
|-swapsideconditions
|-activate|p1a: Cinderace|move: Court Change
|move|p2a: Gliscor|Toxic|p1a: Cinderace
|-status|p1a: Cinderace|tox
|
|-damage|p1a: Cinderace|71/100 tox|[from] psn
|upkeep
|turn|11
|
|t:|1760721585
|switch|p2a: Cyclizar|Cyclizar, M|100/100
|-damage|p2a: Cyclizar|88/100|[from] Stealth Rock
|-damage|p2a: Cyclizar|75/100|[from] Spikes
|move|p1a: Cinderace|Pyro Ball|p2a: Cyclizar
|-resisted|p2a: Cyclizar
|-damage|p2a: Cyclizar|42/100
|
|-damage|p1a: Cinderace|59/100 tox|[from] psn
|upkeep
|turn|12
|
|t:|1760721595
|switch|p1a: Samurott|Samurott-Hisui, F|100/100
|move|p2a: Cyclizar|Rapid Spin|p1a: Samurott
|-damage|p1a: Samurott|83/100
|-boost|p2a: Cyclizar|spe|1
|-sideend|p2: fafewf|Spikes|[from] move: Rapid Spin|[of] p2a: Cyclizar
|-sideend|p2: fafewf|Stealth Rock|[from] move: Rapid Spin|[of] p2a: Cyclizar
|
|upkeep
|turn|13
|
|t:|1760721607
|switch|p2a: Chesnaught|Chesnaught, M|100/100
|move|p1a: Samurott|Ceaseless Edge|p2a: Chesnaught
|-resisted|p2a: Chesnaught
|-damage|p2a: Chesnaught|82/100
|-sidestart|p2: fafewf|Spikes
|
|-heal|p2a: Chesnaught|88/100|[from] item: Leftovers
|upkeep
|turn|14
|
|t:|1760721615
|move|p1a: Samurott|Ceaseless Edge|p2a: Chesnaught
|-resisted|p2a: Chesnaught
|-damage|p2a: Chesnaught|69/100
|-sidestart|p2: fafewf|Spikes
|move|p2a: Chesnaught|Leech Seed|p1a: Samurott
|-start|p1a: Samurott|move: Leech Seed
|
|-heal|p2a: Chesnaught|75/100|[from] item: Leftovers
|-damage|p1a: Samurott|70/100|[from] Leech Seed|[of] p2a: Chesnaught
|-heal|p2a: Chesnaught|88/100|[silent]
|upkeep
|turn|15
|
|t:|1760721620
|switch|p1a: Gliscor|Gliscor, F|68/100 tox
|move|p2a: Chesnaught|Iron Defense|p2a: Chesnaught
|-boost|p2a: Chesnaught|def|2
|
|-heal|p2a: Chesnaught|94/100|[from] item: Leftovers
|-heal|p1a: Gliscor|80/100 tox|[from] ability: Poison Heal
|upkeep
|turn|16
|
|t:|1760721626
|switch|p2a: Gliscor|Gliscor, F|100/100 tox
|move|p1a: Gliscor|Toxic|p2a: Gliscor
|-fail|p2a: Gliscor|tox
|
|-heal|p1a: Gliscor|93/100 tox|[from] ability: Poison Heal
|upkeep
|turn|17
|
|t:|1760721632
|switch|p1a: Cinderace|Cinderace, F|59/100 tox
|move|p2a: Gliscor|Knock Off|p1a: Cinderace
|-damage|p1a: Cinderace|40/100 tox
|
|-damage|p1a: Cinderace|34/100 tox|[from] psn
|upkeep
|turn|18
|
|t:|1760721642
|move|p1a: Cinderace|Pyro Ball|p2a: Gliscor
|-damage|p2a: Gliscor|58/100 tox
|move|p2a: Gliscor|Knock Off|p1a: Cinderace
|-damage|p1a: Cinderace|18/100 tox
|
|-damage|p1a: Cinderace|6/100 tox|[from] psn
|-heal|p2a: Gliscor|71/100 tox|[from] ability: Poison Heal
|upkeep
|turn|19
|
|t:|1760721651
|move|p2a: Gliscor|Protect|p2a: Gliscor
|-singleturn|p2a: Gliscor|Protect
|move|p1a: Cinderace|Pyro Ball|p2a: Gliscor
|-activate|p2a: Gliscor|move: Protect
|
|-damage|p1a: Cinderace|0 fnt|[from] psn
|faint|p1a: Cinderace
|-heal|p2a: Gliscor|83/100 tox|[from] ability: Poison Heal
|upkeep
|
|t:|1760721653
|switch|p1a: Ogerpon|Ogerpon-Wellspring, F|100/100
|turn|20
|
|t:|1760721658
|switch|p2a: Chesnaught|Chesnaught, M|94/100
|-damage|p2a: Chesnaught|77/100|[from] Spikes
|move|p1a: Ogerpon|Substitute|p1a: Ogerpon
|-start|p1a: Ogerpon|Substitute
|-damage|p1a: Ogerpon|75/100
|
|-heal|p2a: Chesnaught|83/100|[from] item: Leftovers
|upkeep
|turn|21
|
|t:|1760721665
|switch|p1a: Gliscor|Gliscor, F|93/100 tox
|move|p2a: Chesnaught|Body Press|p1a: Gliscor
|-resisted|p1a: Gliscor
|-damage|p1a: Gliscor|83/100 tox
|
|-heal|p2a: Chesnaught|89/100|[from] item: Leftovers
|-heal|p1a: Gliscor|96/100 tox|[from] ability: Poison Heal
|upkeep
|turn|22
|-message|hey_rain_maker forfeited.
|
|win|fafewf
|raw|hey_rain_maker's rating: 1642 &rarr; <strong>1620</strong><br />(-22 for losing)
|raw|fafewf's rating: 1608 &rarr; <strong>1630</strong><br />(+22 for winning)
|l|☆hey_rain_maker
|player|p1|
|l|☆fafewf
|player|p2|
