|j|☆Pokemon ChampionZ
|j|☆spookyaudrey
|t:|1760857391
|gametype|singles
|player|p1|Pokemon ChampionZ|hilbert|1127
|player|p2|spookyaudrey|clown|1082
|gen|9
|tier|[Gen 9] OU
|rated|
|rule|HP Percentage Mod: HP is shown in percentages
|rule|Endless Battle Clause: Forcing endless battles is banned
|rule|Species Clause: Limit one of each Pokémon
|rule|OHKO Clause: OHKO moves are banned
|rule|Evasion Items Clause: Evasion items are banned
|rule|Evasion Moves Clause: Evasion moves are banned
|rule|Evasion Abilities Clause: Evasion abilities are banned
|rule|Sleep Moves Clause: Sleep-inducing moves are banned
|clearpoke
|poke|p1|Slowking-Galar, M|
|poke|p1|Kyurem|
|poke|p1|Deoxys-Speed|
|poke|p1|Darkrai|
|poke|p1|Landorus-Therian, M|
|poke|p1|Corviknight, M|
|poke|p2|Pelipper, F|
|poke|p2|Overqwil, F|
|poke|p2|Lapras, F|
|poke|p2|Swampert, F|
|poke|p2|Electrode-Hisui|
|poke|p2|Zarude|
|teampreview
|inactive|Battle timer is ON: inactive players will automatically lose when time's up. (requested by spookyaudrey)
|
|t:|1760857395
|teamsize|p1|6
|teamsize|p2|6
|start
|switch|p1a: Corviknight|Corviknight, M|100/100
|switch|p2a: Electrode|Electrode-Hisui|100/100
|turn|1
|
|t:|1760857404
|move|p2a: Electrode|Taunt|p1a: Corviknight
|-start|p1a: Corviknight|move: Taunt
|cant|p1a: Corviknight|move: Taunt|Iron Defense
|
|upkeep
|turn|2
|
|t:|1760857419
|move|p2a: Electrode|Volt Switch|p1a: Corviknight
|-supereffective|p1a: Corviknight
|-damage|p1a: Corviknight|67/100
|
|t:|1760857426
|switch|p2a: Lapras|Lapras, F, shiny|100/100|[from] Volt Switch
|move|p1a: Corviknight|Body Press|p2a: Lapras
|-supereffective|p2a: Lapras
|-damage|p2a: Lapras|69/100
|
|-heal|p1a: Corviknight|73/100|[from] item: Leftovers
|upkeep
|turn|3
|
|t:|1760857434
|move|p1a: Corviknight|Body Press|p2a: Lapras
|-supereffective|p2a: Lapras
|-damage|p2a: Lapras|34/100
|move|p2a: Lapras|Thunder|p1a: Corviknight
|-supereffective|p1a: Corviknight
|-damage|p1a: Corviknight|33/100
|-status|p1a: Corviknight|par
|
|-heal|p1a: Corviknight|39/100 par|[from] item: Leftovers
|-end|p1a: Corviknight|move: Taunt
|upkeep
|turn|4
|
|t:|1760857444
|switch|p2a: Electrode|Electrode-Hisui|100/100
|move|p1a: Corviknight|Body Press|p2a: Electrode
|-damage|p2a: Electrode|66/100
|
|-heal|p1a: Corviknight|45/100 par|[from] item: Leftovers
|upkeep
|turn|5
|
|t:|1760857451
|move|p2a: Electrode|Volt Switch|p1a: Corviknight
|-supereffective|p1a: Corviknight
|-damage|p1a: Corviknight|10/100 par
|
|t:|1760857458
|switch|p2a: swampy|Swampert, F, shiny|100/100|[from] Volt Switch
|cant|p1a: Corviknight|par
|
|-heal|p1a: Corviknight|16/100 par|[from] item: Leftovers
|upkeep
|turn|6
|
|t:|1760857467
|move|p2a: swampy|Waterfall|p1a: Corviknight
|-damage|p1a: Corviknight|0 fnt
|faint|p1a: Corviknight
|
|upkeep
|
|t:|1760857471
|switch|p1a: Landorus|Landorus-Therian, M|100/100
|-ability|p1a: Landorus|Intimidate|boost
|-fail|p2a: swampy|unboost|[from] item: Clear Amulet|[of] p2a: swampy
|turn|7
|
|t:|1760857477
|move|p1a: Landorus|U-turn|p2a: swampy
|-damage|p2a: swampy|77/100
|
|t:|1760857481
|switch|p1a: Slowking|Slowking-Galar, M|100/100|[from] U-turn
|move|p2a: swampy|Bulk Up|p2a: swampy
|-boost|p2a: swampy|atk|1
|-boost|p2a: swampy|def|1
|
|upkeep
|turn|8
|
|t:|1760857488
|-terastallize|p1a: Slowking|Water
|move|p2a: swampy|Earthquake|p1a: Slowking
|-damage|p1a: Slowking|27/100
|move|p1a: Slowking|Toxic|p2a: swampy
|-status|p2a: swampy|tox
|
|-heal|p1a: Slowking|33/100|[from] item: Leftovers
|-damage|p2a: swampy|71/100 tox|[from] psn
|upkeep
|turn|9
|
|t:|1760857498
|switch|p1a: Landorus|Landorus-Therian, M|100/100
|-ability|p1a: Landorus|Intimidate|boost
|-fail|p2a: swampy|unboost|[from] item: Clear Amulet|[of] p2a: swampy
|move|p2a: swampy|Poison Jab|p1a: Landorus
|-resisted|p1a: Landorus
|-damage|p1a: Landorus|78/100
|-damage|p2a: swampy|54/100 tox|[from] item: Rocky Helmet|[of] p1a: Landorus
|
|-damage|p2a: swampy|42/100 tox|[from] psn
|upkeep
|turn|10
|
|t:|1760857509
|move|p1a: Landorus|Earthquake|p2a: swampy
|-damage|p2a: swampy|6/100 tox
|move|p2a: swampy|Waterfall|p1a: Landorus
|-supereffective|p1a: Landorus
|-damage|p1a: Landorus|0 fnt
|-damage|p2a: swampy|0 fnt|[from] item: Rocky Helmet|[of] p1a: Landorus
|faint|p1a: Landorus
|faint|p2a: swampy
|
|upkeep
|
|t:|1760857518
|switch|p1a: Slowking|Slowking-Galar, M, tera:Water|67/100
|switch|p2a: Pelipper|Pelipper, F, shiny|100/100
|-weather|RainDance|[from] ability: Drizzle|[of] p2a: Pelipper
|turn|11
|
|t:|1760857524
|switch|p2a: Overqwil|Overqwil, F|100/100
|move|p1a: Slowking|Toxic|p2a: Overqwil
|-immune|p2a: Overqwil
|
|-weather|RainDance|[upkeep]
|-heal|p1a: Slowking|73/100|[from] item: Leftovers
|upkeep
|turn|12
|
|t:|1760857531
|move|p2a: Overqwil|Crunch|p1a: Slowking
|-damage|p1a: Slowking|26/100
|-prepare|p1a: Slowking|Chilly Reception|[premajor]
|move|p1a: Slowking|Chilly Reception|p1a: Slowking
|-weather|Snowscape
|
|t:|1760857537
|switch|p1a: Kyurem|Kyurem|100/100|[from] Chilly Reception
|-ability|p1a: Kyurem|Pressure
|
|-weather|Snowscape|[upkeep]
|upkeep
|turn|13
|
|t:|1760857542
|move|p1a: Kyurem|Substitute|p1a: Kyurem
|-start|p1a: Kyurem|Substitute
|-damage|p1a: Kyurem|76/100
|move|p2a: Overqwil|Poison Jab|p1a: Kyurem
|-end|p1a: Kyurem|Substitute
|
|-weather|Snowscape|[upkeep]
|-heal|p1a: Kyurem|82/100|[from] item: Leftovers
|upkeep
|turn|14
|
|t:|1760857549
|move|p1a: Kyurem|Earth Power|p2a: Overqwil
|-supereffective|p2a: Overqwil
|-damage|p2a: Overqwil|0 fnt
|faint|p2a: Overqwil
|
|-weather|Snowscape|[upkeep]
|-heal|p1a: Kyurem|88/100|[from] item: Leftovers
|upkeep
|
|t:|1760857552
|switch|p2a: Lapras|Lapras, F, shiny|34/100
|turn|15
|
|t:|1760857558
|-terastallize|p2a: Lapras|Fairy
|move|p1a: Kyurem|Freeze-Dry|p2a: Lapras
|-damage|p2a: Lapras|16/100
|move|p2a: Lapras|Alluring Voice|p1a: Kyurem
|-supereffective|p1a: Kyurem
|-damage|p1a: Kyurem|28/100
|
|-weather|Snowscape|[upkeep]
|-heal|p1a: Kyurem|34/100|[from] item: Leftovers
|upkeep
|turn|16
|
|t:|1760857567
|move|p1a: Kyurem|Freeze-Dry|p2a: Lapras
|-damage|p2a: Lapras|0 fnt
|faint|p2a: Lapras
|
|-weather|none
|-heal|p1a: Kyurem|40/100|[from] item: Leftovers
|upkeep
|
|t:|1760857571
|switch|p2a: Electrode|Electrode-Hisui|66/100
|turn|17
|
|t:|1760857575
|move|p1a: Kyurem|Protect|p1a: Kyurem
|-singleturn|p1a: Kyurem|Protect
|move|p2a: Electrode|Taunt|p1a: Kyurem
|-activate|p1a: Kyurem|move: Protect
|
|-heal|p1a: Kyurem|46/100|[from] item: Leftovers
|upkeep
|turn|18
|
|t:|1760857584
|switch|p1a: Slowking|Slowking-Galar, M, tera:Water|59/100
|move|p2a: Electrode|Taunt|p1a: Slowking
|-start|p1a: Slowking|move: Taunt
|
|-heal|p1a: Slowking|65/100|[from] item: Leftovers
|upkeep
|turn|19
|-message|spookyaudrey forfeited.
|
|win|Pokemon ChampionZ
|raw|Pokemon ChampionZ's rating: 1127 &rarr; <strong>1149</strong><br />(+22 for winning)
|raw|spookyaudrey's rating: 1082 &rarr; <strong>1063</strong><br />(-19 for losing)
|l|☆spookyaudrey
|player|p2|
|l|☆Pokemon ChampionZ
|player|p1|
