|badge|p2|silver|gen9ou|30-7
|uhtml|medal-msg|<div class="broadcast-blue">Curious what those medals under the avatar are? PS now has Ladder Seasons! For more information, check out the <a href="https://www.smogon.com/forums/threads/3740067/">thread on Smogon.</a></div>
|j|☆Vitoran
|j|☆torvik en place
|t:|1760880433
|gametype|singles
|player|p1|Vitoran|#rbyplvmightymagmars|1806
|player|p2|torvik en place|lucas|1984
|gen|9
|tier|[Gen 9] OU
|rated|
|rule|HP Percentage Mod: HP is shown in percentages
|rule|Endless Battle Clause: Forcing endless battles is banned
|rule|Species Clause: Limit one of each Pokémon
|rule|OHKO Clause: OHKO moves are banned
|rule|Evasion Items Clause: Evasion items are banned
|rule|Evasion Moves Clause: Evasion moves are banned
|rule|Evasion Abilities Clause: Evasion abilities are banned
|rule|Sleep Moves Clause: Sleep-inducing moves are banned
|clearpoke
|poke|p1|Weavile, F|
|poke|p1|Samurott-Hisui, M|
|poke|p1|Gholdengo|
|poke|p1|Great Tusk|
|poke|p1|Pecharunt|
|poke|p1|Kingambit, F|
|poke|p2|Enamorus, F|
|poke|p2|Darkrai|
|poke|p2|Cinderace, F|
|poke|p2|Great Tusk|
|poke|p2|Alomomola, F|
|poke|p2|Amoonguss, F|
|teampreview
|inactive|Battle timer is ON: inactive players will automatically lose when time's up. (requested by Vitoran)
|c|☆Vitoran|glhf
|c|☆Vitoran|hi viktor, its me, vitor
|c|☆Vitoran|your simpleton cousin
|inactive|torvik en place has 120 seconds left.
|c|☆torvik en place|lol
|c|☆torvik en place|hf
|
|t:|1760880487
|teamsize|p1|6
|teamsize|p2|6
|start
|switch|p1a: Weavile|Weavile, F|100/100
|switch|p2a: Enamorus|Enamorus, F|100/100
|-ability|p1a: Weavile|Pressure
|turn|1
|
|t:|1760880502
|-terastallize|p1a: Weavile|Ice
|move|p1a: Weavile|Ice Shard|p2a: Enamorus
|-supereffective|p2a: Enamorus
|-damage|p2a: Enamorus|0 fnt
|faint|p2a: Enamorus
|
|upkeep
|
|t:|1760880519
|switch|p2a: Cinderace|Cinderace, F|100/100
|turn|2
|
|t:|1760880544
|switch|p1a: Pecharunt|Pecharunt|100/100
|-item|p1a: Pecharunt|Air Balloon
|move|p2a: Cinderace|U-turn|p1a: Pecharunt
|-resisted|p1a: Pecharunt
|-damage|p1a: Pecharunt|98/100
|-enditem|p1a: Pecharunt|Air Balloon
|
|t:|1760880547
|switch|p2a: Darkrai|Darkrai|100/100|[from] U-turn
|
|upkeep
|turn|3
|
|t:|1760880561
|switch|p1a: Samurott|Samurott-Hisui, M|100/100
|move|p2a: Darkrai|Knock Off|p1a: Samurott
|-resisted|p1a: Samurott
|-damage|p1a: Samurott|76/100
|-enditem|p1a: Samurott|Wide Lens|[from] move: Knock Off|[of] p2a: Darkrai
|
|upkeep
|turn|4
|
|t:|1760880573
|switch|p2a: Great Tusk|Great Tusk|100/100
|move|p1a: Samurott|Knock Off|p2a: Great Tusk
|-resisted|p2a: Great Tusk
|-damage|p2a: Great Tusk|83/100
|-enditem|p2a: Great Tusk|Choice Scarf|[from] move: Knock Off|[of] p1a: Samurott
|
|upkeep
|turn|5
|c|☆Vitoran|yoooo
|
|t:|1760880598
|-end|p2a: Great Tusk|Protosynthesis|[silent]
|switch|p2a: Alomomola|Alomomola, F|100/100
|switch|p1a: Great Tusk|Great Tusk|100/100
|-enditem|p1a: Great Tusk|Booster Energy
|-activate|p1a: Great Tusk|ability: Protosynthesis|[fromitem]
|-start|p1a: Great Tusk|protosynthesisspe
|
|upkeep
|turn|6
|
|t:|1760880603
|move|p1a: Great Tusk|Stealth Rock|p2a: Alomomola
|-sidestart|p2: torvik en place|move: Stealth Rock
|move|p2a: Alomomola|Flip Turn|p1a: Great Tusk
|-supereffective|p1a: Great Tusk
|-damage|p1a: Great Tusk|81/100
|
|t:|1760880611
|switch|p2a: Amoonguss|Amoonguss, F|100/100|[from] Flip Turn
|-damage|p2a: Amoonguss|88/100|[from] Stealth Rock
|
|upkeep
|turn|7
|
|t:|1760880624
|-end|p1a: Great Tusk|Protosynthesis|[silent]
|switch|p1a: Gholdengo|Gholdengo|100/100
|move|p2a: Amoonguss|Leaf Storm|p1a: Gholdengo
|-resisted|p1a: Gholdengo
|-damage|p1a: Gholdengo|78/100
|-unboost|p2a: Amoonguss|spa|2
|-enditem|p2a: Amoonguss|Eject Pack
|
|t:|1760880628
|switch|p2a: Cinderace|Cinderace, F|100/100
|
|upkeep
|turn|8
|
|t:|1760880634
|move|p1a: Gholdengo|Trick|p2a: Cinderace
|-activate|p1a: Gholdengo|move: Trick|[of] p2a: Cinderace
|-item|p2a: Cinderace|Choice Scarf|[from] move: Trick
|-item|p1a: Gholdengo|Heavy-Duty Boots|[from] move: Trick
|move|p2a: Cinderace|Court Change|p2a: Cinderace
|-swapsideconditions
|-activate|p2a: Cinderace|move: Court Change
|
|upkeep
|turn|9
|
|t:|1760880670
|switch|p2a: Great Tusk|Great Tusk|83/100
|move|p1a: Gholdengo|Shadow Ball|p2a: Great Tusk
|-damage|p2a: Great Tusk|13/100
|-unboost|p2a: Great Tusk|spd|1
|
|upkeep
|turn|10
|inactive|Vitoran has 120 seconds left.
|
|t:|1760880691
|switch|p1a: Great Tusk|Great Tusk|81/100
|-damage|p1a: Great Tusk|78/100|[from] Stealth Rock
|move|p2a: Great Tusk|Headlong Rush|p1a: Great Tusk
|-damage|p1a: Great Tusk|35/100
|-unboost|p2a: Great Tusk|def|1
|-unboost|p2a: Great Tusk|spd|1
|
|upkeep
|turn|11
|
|t:|1760880697
|move|p1a: Great Tusk|Rapid Spin|p2a: Great Tusk
|-damage|p2a: Great Tusk|0 fnt
|-boost|p1a: Great Tusk|spe|1
|-sideend|p1: Vitoran|Stealth Rock|[from] move: Rapid Spin|[of] p1a: Great Tusk
|faint|p2a: Great Tusk
|-end|p2a: Great Tusk|Protosynthesis|[silent]
|
|upkeep
|inactive|torvik en place has 120 seconds left.
|
|t:|1760880719
|switch|p2a: Amoonguss|Amoonguss, F|100/100
|turn|12
|j| 0SiegeWarfare
|
|t:|1760880730
|move|p1a: Great Tusk|Stealth Rock|p2a: Amoonguss
|-sidestart|p2: torvik en place|move: Stealth Rock
|move|p2a: Amoonguss|Leaf Storm|p1a: Great Tusk
|-supereffective|p1a: Great Tusk
|-damage|p1a: Great Tusk|0 fnt
|-unboost|p2a: Amoonguss|spa|2
|faint|p1a: Great Tusk
|-end|p1a: Great Tusk|Protosynthesis|[silent]
|
|upkeep
|
|t:|1760880733
|switch|p1a: Weavile|Weavile, F, tera:Ice|100/100
|-ability|p1a: Weavile|Pressure
|turn|13
|
|t:|1760880747
|switch|p2a: Alomomola|Alomomola, F|100/100
|-damage|p2a: Alomomola|88/100|[from] Stealth Rock
|move|p1a: Weavile|Triple Axel|p2a: Alomomola
|-resisted|p2a: Alomomola
|-damage|p2a: Alomomola|81/100
|-resisted|p2a: Alomomola
|-damage|p2a: Alomomola|67/100
|-resisted|p2a: Alomomola
|-damage|p2a: Alomomola|44/100
|-hitcount|p2a: Alomomola|3
|
|upkeep
|turn|14
|
|t:|1760880758
|move|p1a: Weavile|Triple Axel|p2a: Alomomola
|-resisted|p2a: Alomomola
|-damage|p2a: Alomomola|37/100
|-resisted|p2a: Alomomola
|-damage|p2a: Alomomola|21/100
|-resisted|p2a: Alomomola
|-damage|p2a: Alomomola|0 fnt
|faint|p2a: Alomomola
|-hitcount|p2: Alomomola|3
|
|upkeep
|
|t:|1760880760
|switch|p2a: Cinderace|Cinderace, F|100/100
|-damage|p2a: Cinderace|76/100|[from] Stealth Rock
|turn|15
|
|t:|1760880772
|switch|p1a: Samurott|Samurott-Hisui, M|76/100
|move|p2a: Cinderace|Court Change|p2a: Cinderace
|-swapsideconditions
|-activate|p2a: Cinderace|move: Court Change
|
|upkeep
|turn|16
|
|t:|1760880778
|switch|p2a: Amoonguss|Amoonguss, F|100/100
|move|p1a: Samurott|Ceaseless Edge|p2a: Amoonguss
|-crit|p2a: Amoonguss
|-damage|p2a: Amoonguss|51/100
|-sidestart|p2: torvik en place|Spikes
|
|upkeep
|turn|17
|
|t:|1760880783
|move|p1a: Samurott|Ceaseless Edge|p2a: Amoonguss
|-damage|p2a: Amoonguss|15/100
|-sidestart|p2: torvik en place|Spikes
|move|p2a: Amoonguss|Leaf Storm|p1a: Samurott
|-supereffective|p1a: Samurott
|-damage|p1a: Samurott|0 fnt
|-unboost|p2a: Amoonguss|spa|2
|faint|p1a: Samurott
|
|upkeep
|
|t:|1760880797
|switch|p1a: Pecharunt|Pecharunt|98/100
|-damage|p1a: Pecharunt|86/100|[from] Stealth Rock
|turn|18
|
|t:|1760880809
|move|p1a: Pecharunt|Malignant Chain|p2a: Amoonguss
|-damage|p2a: Amoonguss|0 fnt
|faint|p2a: Amoonguss
|
|upkeep
|
|t:|1760880810
|switch|p2a: Darkrai|Darkrai|100/100
|-damage|p2a: Darkrai|84/100|[from] Spikes
|turn|19
|
|t:|1760880815
|switch|p1a: Gholdengo|Gholdengo|78/100
|move|p2a: Darkrai|Dark Pulse|p1a: Gholdengo
|-supereffective|p1a: Gholdengo
|-damage|p1a: Gholdengo|0 fnt
|faint|p1a: Gholdengo
|
|upkeep
|
|t:|1760880820
|switch|p1a: Kingambit|Kingambit, F|100/100
|-damage|p1a: Kingambit|94/100|[from] Stealth Rock
|-activate|p1a: Kingambit|ability: Supreme Overlord
|-start|p1a: Kingambit|fallen3|[silent]
|turn|20
|
|t:|1760880828
|switch|p2a: Cinderace|Cinderace, F|76/100
|-damage|p2a: Cinderace|59/100|[from] Spikes
|move|p1a: Kingambit|Low Kick|p2a: Cinderace
|-damage|p2a: Cinderace|21/100
|
|upkeep
|turn|21
|
|t:|1760880833
|-end|p1a: Kingambit|fallen3|[silent]
|switch|p1a: Pecharunt|Pecharunt|86/100
|-damage|p1a: Pecharunt|74/100|[from] Stealth Rock
|move|p2a: Cinderace|Pyro Ball|p1a: Pecharunt
|-damage|p1a: Pecharunt|37/100
|
|upkeep
|turn|22
|
|t:|1760880839
|move|p2a: Cinderace|Pyro Ball|p1a: Pecharunt
|-damage|p1a: Pecharunt|2/100
|-status|p1a: Pecharunt|brn
|move|p1a: Pecharunt|Recover|p1a: Pecharunt
|-heal|p1a: Pecharunt|52/100 brn
|
|-damage|p1a: Pecharunt|45/100 brn|[from] brn
|upkeep
|turn|23
|j| stariaki
|
|t:|1760880846
|-terastallize|p2a: Cinderace|Fire
|move|p2a: Cinderace|Pyro Ball|p1a: Pecharunt
|-damage|p1a: Pecharunt|1/100 brn
|move|p1a: Pecharunt|Malignant Chain|p2a: Cinderace
|-damage|p2a: Cinderace|0 fnt
|faint|p2a: Cinderace
|
|-damage|p1a: Pecharunt|0 fnt|[from] brn
|faint|p1a: Pecharunt
|upkeep
|l| stariaki
|-message|torvik en place forfeited.
|
|win|Vitoran
|raw|Vitoran's rating: 1806 &rarr; <strong>1835</strong><br />(+29 for winning)
|raw|torvik en place's rating: 1984 &rarr; <strong>1955</strong><br />(-29 for losing)
|l|☆torvik en place
|player|p2|
|j| stariaki
|c|☆Vitoran|gg
|l|☆Vitoran
|player|p1|
|l| 0SiegeWarfare
