|j|☆auefw823
|j|☆Fredolangas
|t:|1760847613
|gametype|singles
|player|p1|auefw823|ghetsis|1343
|player|p2|Fredolangas|1|1301
|gen|9
|tier|[Gen 9] OU
|rated|
|rule|HP Percentage Mod: HP is shown in percentages
|rule|Endless Battle Clause: Forcing endless battles is banned
|rule|Species Clause: Limit one of each Pokémon
|rule|OHKO Clause: OHKO moves are banned
|rule|Evasion Items Clause: Evasion items are banned
|rule|Evasion Moves Clause: Evasion moves are banned
|rule|Evasion Abilities Clause: Evasion abilities are banned
|rule|Sleep Moves Clause: Sleep-inducing moves are banned
|clearpoke
|poke|p1|Enamorus, F|
|poke|p1|Ogerpon-Wellspring, F|
|poke|p1|Iron Crown|
|poke|p1|Iron Hands|
|poke|p1|Glimmora, M|
|poke|p1|Ursaluna, M|
|poke|p2|Kingambit, M|
|poke|p2|Hydreigon, F|
|poke|p2|Chansey, F|
|poke|p2|Araquanid, F|
|poke|p2|Glimmora, M|
|poke|p2|Gliscor, M|
|teampreview
|
|t:|1760847662
|teamsize|p1|6
|teamsize|p2|6
|start
|switch|p1a: Iron Hands|Iron Hands, shiny|100/100
|switch|p2a: Gliscor|Gliscor, M|100/100
|-enditem|p1a: Iron Hands|Booster Energy
|-activate|p1a: Iron Hands|ability: Quark Drive|[fromitem]
|-start|p1a: Iron Hands|quarkdriveatk
|turn|1
|
|t:|1760847678
|move|p2a: Gliscor|Protect|p2a: Gliscor
|-singleturn|p2a: Gliscor|Protect
|move|p1a: Iron Hands|Swords Dance|p1a: Iron Hands
|-boost|p1a: Iron Hands|atk|2
|
|-status|p2a: Gliscor|tox|[from] item: Toxic Orb
|upkeep
|turn|2
|
|t:|1760847688
|switch|p2a: Glimmora|Glimmora, M|100/100
|move|p1a: Iron Hands|Ice Punch|p2a: Glimmora
|-damage|p2a: Glimmora|4/100
|-activate|p2a: Glimmora|ability: Toxic Debris
|-sidestart|p1: auefw823|move: Toxic Spikes
|
|upkeep
|turn|3
|
|t:|1760847701
|move|p2a: Glimmora|Mortal Spin|p1a: Iron Hands
|-damage|p1a: Iron Hands|97/100
|-status|p1a: Iron Hands|psn
|move|p1a: Iron Hands|Drain Punch|p2a: Glimmora
|-damage|p2a: Glimmora|0 fnt
|-heal|p1a: Iron Hands|98/100 psn|[from] drain|[of] p2a: Glimmora
|-activate|p2a: Glimmora|ability: Toxic Debris
|-sidestart|p1: auefw823|move: Toxic Spikes
|faint|p2a: Glimmora
|
|-damage|p1a: Iron Hands|85/100 psn|[from] psn
|upkeep
|
|t:|1760847716
|switch|p2a: Hydreigon|Hydreigon, F|100/100
|turn|4
|
|t:|1760847719
|move|p2a: Hydreigon|Draco Meteor|p1a: Iron Hands
|-damage|p1a: Iron Hands|0 fnt
|-unboost|p2a: Hydreigon|spa|2
|faint|p1a: Iron Hands
|-end|p1a: Iron Hands|Quark Drive|[silent]
|
|upkeep
|
|t:|1760847725
|switch|p1a: Glimmora|Glimmora, M, shiny|100/100
|-sideend|p1: auefw823|move: Toxic Spikes|[of] p1a: Glimmora
|turn|5
|
|t:|1760847738
|switch|p2a: Chansey|Chansey, F|100/100
|move|p1a: Glimmora|Stealth Rock|p2a: Chansey
|-sidestart|p2: Fredolangas|move: Stealth Rock
|
|upkeep
|turn|6
|
|t:|1760847751
|switch|p1a: Ursaluna|Ursaluna, M, shiny|100/100
|move|p2a: Chansey|Thunder Wave|p1a: Ursaluna
|-immune|p1a: Ursaluna
|
|upkeep
|turn|7
|
|t:|1760847767
|move|p2a: Chansey|Stealth Rock|p1a: Ursaluna
|-sidestart|p1: auefw823|move: Stealth Rock
|move|p1a: Ursaluna|Bulk Up|p1a: Ursaluna
|-boost|p1a: Ursaluna|atk|1
|-boost|p1a: Ursaluna|def|1
|
|upkeep
|turn|8
|
|t:|1760847773
|switch|p2a: Gliscor|Gliscor, M|100/100 tox
|-damage|p2a: Gliscor|88/100 tox|[from] Stealth Rock
|move|p1a: Ursaluna|Bulk Up|p1a: Ursaluna
|-boost|p1a: Ursaluna|atk|1
|-boost|p1a: Ursaluna|def|1
|
|-heal|p2a: Gliscor|100/100 tox|[from] ability: Poison Heal
|upkeep
|turn|9
|
|t:|1760847780
|move|p2a: Gliscor|Knock Off|p1a: Ursaluna
|-damage|p1a: Ursaluna|92/100
|-enditem|p1a: Ursaluna|Leftovers|[from] move: Knock Off|[of] p2a: Gliscor
|move|p1a: Ursaluna|Body Slam|p2a: Gliscor
|-damage|p2a: Gliscor|50/100 tox
|
|-heal|p2a: Gliscor|62/100 tox|[from] ability: Poison Heal
|upkeep
|turn|10
|
|t:|1760847788
|move|p2a: Gliscor|Spikes|p1a: Ursaluna
|-sidestart|p1: auefw823|Spikes
|move|p1a: Ursaluna|Bulk Up|p1a: Ursaluna
|-boost|p1a: Ursaluna|atk|1
|-boost|p1a: Ursaluna|def|1
|
|-heal|p2a: Gliscor|75/100 tox|[from] ability: Poison Heal
|upkeep
|turn|11
|
|t:|1760847793
|move|p2a: Gliscor|Spikes|p1a: Ursaluna
|-sidestart|p1: auefw823|Spikes
|move|p1a: Ursaluna|Bulk Up|p1a: Ursaluna
|-boost|p1a: Ursaluna|atk|1
|-boost|p1a: Ursaluna|def|1
|
|-heal|p2a: Gliscor|87/100 tox|[from] ability: Poison Heal
|upkeep
|turn|12
|
|t:|1760847801
|move|p2a: Gliscor|Spikes|p1a: Ursaluna
|-sidestart|p1: auefw823|Spikes
|move|p1a: Ursaluna|Body Slam|p2a: Gliscor
|-damage|p2a: Gliscor|20/100 tox
|
|-heal|p2a: Gliscor|32/100 tox|[from] ability: Poison Heal
|upkeep
|turn|13
|
|t:|1760847809
|move|p2a: Gliscor|Protect|p2a: Gliscor
|-singleturn|p2a: Gliscor|Protect
|move|p1a: Ursaluna|Body Slam|p2a: Gliscor
|-activate|p2a: Gliscor|move: Protect
|
|-heal|p2a: Gliscor|45/100 tox|[from] ability: Poison Heal
|upkeep
|turn|14
|
|t:|1760847838
|move|p2a: Gliscor|Earthquake|p1a: Ursaluna
|-damage|p1a: Ursaluna|85/100
|move|p1a: Ursaluna|Body Slam|p2a: Gliscor
|-damage|p2a: Gliscor|0 fnt
|faint|p2a: Gliscor
|
|upkeep
|
|t:|1760847842
|switch|p2a: Hydreigon|Hydreigon, F|100/100
|-damage|p2a: Hydreigon|88/100|[from] Stealth Rock
|turn|15
|
|t:|1760847848
|-terastallize|p1a: Ursaluna|Fairy
|move|p2a: Hydreigon|Draco Meteor|p1a: Ursaluna
|-immune|p1a: Ursaluna
|move|p1a: Ursaluna|Body Slam|p2a: Hydreigon
|-damage|p2a: Hydreigon|0 fnt
|faint|p2a: Hydreigon
|
|upkeep
|
|t:|1760847854
|switch|p2a: Chansey|Chansey, F|100/100
|-damage|p2a: Chansey|88/100|[from] Stealth Rock
|turn|16
|
|t:|1760847858
|move|p2a: Chansey|Thunder Wave|p1a: Ursaluna
|-status|p1a: Ursaluna|par
|cant|p1a: Ursaluna|par
|
|upkeep
|turn|17
|
|t:|1760847865
|move|p2a: Chansey|Seismic Toss|p1a: Ursaluna
|-damage|p1a: Ursaluna|63/100 par
|move|p1a: Ursaluna|Body Slam|p2a: Chansey
|-damage|p2a: Chansey|0 fnt
|faint|p2a: Chansey
|
|upkeep
|
|t:|1760847873
|switch|p2a: Kingambit|Kingambit, M|100/100
|-damage|p2a: Kingambit|94/100|[from] Stealth Rock
|-activate|p2a: Kingambit|ability: Supreme Overlord
|-start|p2a: Kingambit|fallen4|[silent]
|turn|18
|
|t:|1760847880
|-terastallize|p2a: Kingambit|Ghost
|move|p2a: Kingambit|Iron Head|p1a: Ursaluna
|-supereffective|p1a: Ursaluna
|-damage|p1a: Ursaluna|37/100 par
|cant|p1a: Ursaluna|flinch
|
|upkeep
|turn|19
|
|t:|1760847887
|move|p2a: Kingambit|Iron Head|p1a: Ursaluna
|-supereffective|p1a: Ursaluna
|-damage|p1a: Ursaluna|11/100 par
|move|p1a: Ursaluna|Headlong Rush|p2a: Kingambit
|-crit|p2a: Kingambit
|-damage|p2a: Kingambit|0 fnt
|-unboost|p1a: Ursaluna|def|1
|-unboost|p1a: Ursaluna|spd|1
|faint|p2a: Kingambit
|-end|p2a: Kingambit|fallen4|[silent]
|
|upkeep
|
|t:|1760847893
|switch|p2a: Araquanid|Araquanid, F|100/100
|-damage|p2a: Araquanid|75/100|[from] Stealth Rock
|turn|20
|
|t:|1760847899
|move|p2a: Araquanid|Liquidation|p1a: Ursaluna
|-damage|p1a: Ursaluna|0 fnt
|faint|p1a: Ursaluna
|
|-heal|p2a: Araquanid|82/100|[from] item: Leftovers
|upkeep
|
|t:|1760847905
|switch|p1a: Glimmora|Glimmora, M, shiny|100/100
|-damage|p1a: Glimmora|88/100|[from] Stealth Rock
|-damage|p1a: Glimmora|63/100|[from] Spikes
|turn|21
|
|t:|1760847910
|move|p1a: Glimmora|Power Gem|p2a: Araquanid
|-supereffective|p2a: Araquanid
|-damage|p2a: Araquanid|36/100
|move|p2a: Araquanid|Liquidation|p1a: Glimmora
|-supereffective|p1a: Glimmora
|-damage|p1a: Glimmora|0 fnt
|-activate|p1a: Glimmora|ability: Toxic Debris
|-sidestart|p2: Fredolangas|move: Toxic Spikes
|faint|p1a: Glimmora
|
|-heal|p2a: Araquanid|42/100|[from] item: Leftovers
|upkeep
|
|t:|1760847916
|switch|p1a: Iron Crown|Iron Crown|100/100
|-damage|p1a: Iron Crown|94/100|[from] Stealth Rock
|-damage|p1a: Iron Crown|69/100|[from] Spikes
|turn|22
|
|t:|1760847924
|move|p1a: Iron Crown|Psychic Noise|p2a: Araquanid
|-damage|p2a: Araquanid|0 fnt
|faint|p2a: Araquanid
|
|win|auefw823
|raw|auefw823's rating: 1343 &rarr; <strong>1361</strong><br />(+18 for winning)
|raw|Fredolangas's rating: 1301 &rarr; <strong>1283</strong><br />(-18 for losing)
|l|☆auefw823
|player|p1|
|l|☆Fredolangas
|player|p2|
