|j|☆fadingstrawberry
|j|☆Garebare1213
|t:|1760722771
|gametype|singles
|player|p1|fadingstrawberry|may-masters|1602
|player|p2|Garebare1213|265|1513
|gen|9
|tier|[Gen 9] OU
|rated|
|rule|HP Percentage Mod: HP is shown in percentages
|rule|Endless Battle Clause: Forcing endless battles is banned
|rule|Species Clause: Limit one of each Pokémon
|rule|OHKO Clause: OHKO moves are banned
|rule|Evasion Items Clause: Evasion items are banned
|rule|Evasion Moves Clause: Evasion moves are banned
|rule|Evasion Abilities Clause: Evasion abilities are banned
|rule|Sleep Moves Clause: Sleep-inducing moves are banned
|clearpoke
|poke|p1|Iron Crown|
|poke|p1|Raging Bolt|
|poke|p1|Araquanid, M|
|poke|p1|Kingambit, M|
|poke|p1|Dragapult, M|
|poke|p1|Mamoswine, F|
|poke|p2|Iron Boulder|
|poke|p2|Clefable, M|
|poke|p2|Ting-Lu|
|poke|p2|Corviknight, F|
|poke|p2|Keldeo-Resolute|
|poke|p2|Goodra-Hisui, F|
|teampreview
|inactive|Battle timer is ON: inactive players will automatically lose when time's up. (requested by Garebare1213)
|inactive|Garebare1213 has 120 seconds left.
|
|t:|1760722809
|teamsize|p1|6
|teamsize|p2|6
|start
|switch|p1a: Iron Crown|Iron Crown|100/100
|switch|p2a: Corviknight|Corviknight, F|100/100
|-ability|p2a: Corviknight|Pressure
|turn|1
|
|t:|1760722817
|switch|p2a: Ting-Lu|Ting-Lu|100/100
|-ability|p2a: Ting-Lu|Vessel of Ruin
|move|p1a: Iron Crown|Volt Switch|p2a: Ting-Lu
|-immune|p2a: Ting-Lu
|
|upkeep
|turn|2
|
|t:|1760722826
|-end|p1a: Iron Crown|Quark Drive|[silent]
|switch|p1a: Mamoswine|Mamoswine, F|100/100
|move|p2a: Ting-Lu|Stealth Rock|p1a: Mamoswine
|-sidestart|p1: fadingstrawberry|move: Stealth Rock
|
|upkeep
|turn|3
|
|t:|1760722837
|switch|p2a: Keldeo|Keldeo-Resolute|100/100
|move|p1a: Mamoswine|Icicle Crash|p2a: Keldeo
|-resisted|p2a: Keldeo
|-damage|p2a: Keldeo|57/100
|
|upkeep
|turn|4
|
|t:|1760722847
|switch|p1a: Araquanid|Araquanid, M|100/100
|-damage|p1a: Araquanid|75/100|[from] Stealth Rock
|move|p2a: Keldeo|Flip Turn|p1a: Araquanid
|-resisted|p1a: Araquanid
|-damage|p1a: Araquanid|68/100
|
|t:|1760722858
|switch|p2a: Corviknight|Corviknight, F|100/100|[from] Flip Turn
|-ability|p2a: Corviknight|Pressure
|
|upkeep
|turn|5
|
|t:|1760722863
|move|p2a: Corviknight|Brave Bird|p1a: Araquanid
|-supereffective|p1a: Araquanid
|-damage|p1a: Araquanid|0 fnt
|faint|p1a: Araquanid
|-damage|p2a: Corviknight|82/100|[from] Recoil
|
|upkeep
|
|t:|1760722881
|switch|p1a: Iron Crown|Iron Crown|100/100
|-damage|p1a: Iron Crown|94/100|[from] Stealth Rock
|turn|6
|
|t:|1760722899
|switch|p2a: Clefable|Clefable, M|100/100
|move|p1a: Iron Crown|Focus Blast|p2a: Clefable
|-resisted|p2a: Clefable
|-damage|p2a: Clefable|81/100
|-unboost|p2a: Clefable|spd|1
|
|-heal|p2a: Clefable|87/100|[from] item: Leftovers
|upkeep
|turn|7
|
|t:|1760722920
|move|p1a: Iron Crown|Focus Blast|p2a: Clefable
|-resisted|p2a: Clefable
|-damage|p2a: Clefable|57/100
|move|p2a: Clefable|Moonblast|p1a: Iron Crown
|-resisted|p1a: Iron Crown
|-damage|p1a: Iron Crown|78/100
|
|-heal|p2a: Clefable|63/100|[from] item: Leftovers
|upkeep
|turn|8
|
|t:|1760722925
|move|p1a: Iron Crown|Tachyon Cutter|p2a: Clefable
|-supereffective|p2a: Clefable
|-damage|p2a: Clefable|0 fnt
|faint|p2a: Clefable
|-hitcount|p2: Clefable|1
|
|upkeep
|inactive|Garebare1213 has 120 seconds left.
|
|t:|1760722954
|switch|p2a: Ting-Lu|Ting-Lu|100/100
|-ability|p2a: Ting-Lu|Vessel of Ruin
|turn|9
|
|t:|1760722964
|-end|p1a: Iron Crown|Quark Drive|[silent]
|switch|p1a: Mamoswine|Mamoswine, F|100/100
|-damage|p1a: Mamoswine|88/100|[from] Stealth Rock
|move|p2a: Ting-Lu|Ruination|p1a: Mamoswine
|-damage|p1a: Mamoswine|44/100
|
|upkeep
|turn|10
|
|t:|1760722973
|switch|p2a: Corviknight|Corviknight, F|82/100
|-ability|p2a: Corviknight|Pressure
|move|p1a: Mamoswine|Earthquake|p2a: Corviknight
|-immune|p2a: Corviknight
|
|upkeep
|turn|11
|
|t:|1760722983
|switch|p1a: Raging Bolt|Raging Bolt|100/100
|move|p2a: Corviknight|U-turn|p1a: Raging Bolt
|-damage|p1a: Raging Bolt|88/100
|
|t:|1760722988
|switch|p2a: Ting-Lu|Ting-Lu|100/100|[from] U-turn
|-ability|p2a: Ting-Lu|Vessel of Ruin
|
|upkeep
|turn|12
|
|t:|1760722996
|move|p1a: Raging Bolt|Draco Meteor|p2a: Ting-Lu
|-damage|p2a: Ting-Lu|67/100
|-unboost|p1a: Raging Bolt|spa|2
|move|p2a: Ting-Lu|Spikes|p1a: Raging Bolt
|-sidestart|p1: fadingstrawberry|Spikes
|
|-heal|p2a: Ting-Lu|73/100|[from] item: Leftovers
|upkeep
|turn|13
|
|t:|1760723004
|-end|p1a: Raging Bolt|Protosynthesis|[silent]
|switch|p1a: Dragapult|Dragapult, M|100/100
|-damage|p1a: Dragapult|88/100|[from] Stealth Rock
|-damage|p1a: Dragapult|76/100|[from] Spikes
|move|p2a: Ting-Lu|Spikes|p1a: Dragapult
|-sidestart|p1: fadingstrawberry|Spikes
|
|-heal|p2a: Ting-Lu|80/100|[from] item: Leftovers
|upkeep
|turn|14
|
|t:|1760723016
|move|p1a: Dragapult|U-turn|p2a: Ting-Lu
|-supereffective|p2a: Ting-Lu
|-damage|p2a: Ting-Lu|44/100
|inactive|fadingstrawberry has 120 seconds left.
|
|t:|1760723055
|switch|p1a: Mamoswine|Mamoswine, F|44/100|[from] U-turn
|-damage|p1a: Mamoswine|32/100|[from] Stealth Rock
|-damage|p1a: Mamoswine|15/100|[from] Spikes
|move|p2a: Ting-Lu|Ruination|p1a: Mamoswine
|-damage|p1a: Mamoswine|8/100
|
|-heal|p2a: Ting-Lu|50/100|[from] item: Leftovers
|upkeep
|turn|15
|
|t:|1760723084
|switch|p2a: Corviknight|Corviknight, F|82/100
|-ability|p2a: Corviknight|Pressure
|move|p1a: Mamoswine|Icicle Crash|p2a: Corviknight
|-damage|p2a: Corviknight|36/100
|
|upkeep
|turn|16
|inactive|Garebare1213 has 120 seconds left.
|
|t:|1760723115
|switch|p2a: Goodra|Goodra-Hisui, F|100/100
|move|p1a: Mamoswine|Icicle Crash|p2a: Goodra|[miss]
|-miss|p1a: Mamoswine|p2a: Goodra
|
|upkeep
|turn|17
|
|t:|1760723143
|move|p1a: Mamoswine|Icicle Crash|p2a: Goodra
|-damage|p2a: Goodra|47/100
|move|p2a: Goodra|Knock Off|p1a: Mamoswine
|-damage|p1a: Mamoswine|0 fnt
|-enditem|p1a: Mamoswine|Choice Band|[from] move: Knock Off|[of] p2a: Goodra
|faint|p1a: Mamoswine
|
|upkeep
|inactive|fadingstrawberry has 120 seconds left.
|
|t:|1760723159
|switch|p1a: Dragapult|Dragapult, M|76/100
|-damage|p1a: Dragapult|64/100|[from] Stealth Rock
|-damage|p1a: Dragapult|47/100|[from] Spikes
|turn|18
|inactive|Garebare1213 has 90 seconds left.
|
|t:|1760723185
|move|p1a: Dragapult|Dragon Darts|p2a: Goodra
|-damage|p2a: Goodra|22/100
|-anim|p1a: Dragapult|Dragon Darts|p2a: Goodra
|-damage|p2a: Goodra|0 fnt
|faint|p2a: Goodra
|
|upkeep
|
|t:|1760723189
|switch|p2a: Corviknight|Corviknight, F|36/100
|-ability|p2a: Corviknight|Pressure
|turn|19
|
|t:|1760723196
|switch|p1a: Raging Bolt|Raging Bolt|88/100
|move|p2a: Corviknight|Roost|p2a: Corviknight
|-heal|p2a: Corviknight|86/100
|-singleturn|p2a: Corviknight|move: Roost
|
|upkeep
|turn|20
|
|t:|1760723217
|switch|p2a: Ting-Lu|Ting-Lu|50/100
|-ability|p2a: Ting-Lu|Vessel of Ruin
|move|p1a: Raging Bolt|Draco Meteor|p2a: Ting-Lu
|-damage|p2a: Ting-Lu|16/100
|-unboost|p1a: Raging Bolt|spa|2
|
|-heal|p2a: Ting-Lu|22/100|[from] item: Leftovers
|upkeep
|turn|21
|inactive|Garebare1213 has 90 seconds left.
|
|t:|1760723233
|-end|p1a: Raging Bolt|Protosynthesis|[silent]
|switch|p1a: Iron Crown|Iron Crown|78/100
|-damage|p1a: Iron Crown|72/100|[from] Stealth Rock
|-damage|p1a: Iron Crown|56/100|[from] Spikes
|move|p2a: Ting-Lu|Ruination|p1a: Iron Crown
|-damage|p1a: Iron Crown|28/100
|
|-heal|p2a: Ting-Lu|29/100|[from] item: Leftovers
|upkeep
|turn|22
|inactive|Garebare1213 has 90 seconds left.
|inactive|Garebare1213 has 60 seconds left.
|
|t:|1760723275
|move|p1a: Iron Crown|Focus Blast|p2a: Ting-Lu
|-supereffective|p2a: Ting-Lu
|-damage|p2a: Ting-Lu|0 fnt
|faint|p2a: Ting-Lu
|
|upkeep
|inactive|Garebare1213 has 60 seconds left.
|
|t:|1760723289
|switch|p2a: Keldeo|Keldeo-Resolute|57/100
|turn|23
|
|t:|1760723295
|move|p2a: Keldeo|Surf|p1a: Iron Crown
|-damage|p1a: Iron Crown|0 fnt
|faint|p1a: Iron Crown
|-end|p1a: Iron Crown|Quark Drive|[silent]
|
|upkeep
|
|t:|1760723299
|switch|p1a: Raging Bolt|Raging Bolt|88/100
|turn|24
|inactive|Garebare1213 has 60 seconds left.
|
|t:|1760723326
|switch|p2a: Corviknight|Corviknight, F|86/100
|-ability|p2a: Corviknight|Pressure
|move|p1a: Raging Bolt|Volt Switch|p2a: Corviknight
|-supereffective|p2a: Corviknight
|-damage|p2a: Corviknight|13/100
|
|t:|1760723331
|-end|p1a: Raging Bolt|Protosynthesis|[silent]
|switch|p1a: Kingambit|Kingambit, M|100/100|[from] Volt Switch
|-damage|p1a: Kingambit|94/100|[from] Stealth Rock
|-damage|p1a: Kingambit|78/100|[from] Spikes
|-activate|p1a: Kingambit|ability: Supreme Overlord
|-start|p1a: Kingambit|fallen3|[silent]
|
|-heal|p1a: Kingambit|84/100|[from] item: Leftovers
|upkeep
|turn|25
|
|t:|1760723338
|move|p1a: Kingambit|Swords Dance|p1a: Kingambit
|-boost|p1a: Kingambit|atk|2
|move|p2a: Corviknight|U-turn|p1a: Kingambit
|-damage|p1a: Kingambit|71/100
|
|t:|1760723343
|switch|p2a: Keldeo|Keldeo-Resolute|57/100|[from] U-turn
|
|-heal|p1a: Kingambit|78/100|[from] item: Leftovers
|upkeep
|turn|26
|
|t:|1760723349
|-terastallize|p1a: Kingambit|Ghost
|move|p1a: Kingambit|Sucker Punch|p2a: Keldeo
|-resisted|p2a: Keldeo
|-damage|p2a: Keldeo|0 fnt
|faint|p2a: Keldeo
|
|-heal|p1a: Kingambit|84/100|[from] item: Leftovers
|upkeep
|
|t:|1760723360
|switch|p2a: Iron Boulder|Iron Boulder|100/100
|-enditem|p2a: Iron Boulder|Booster Energy
|-activate|p2a: Iron Boulder|ability: Quark Drive|[fromitem]
|-start|p2a: Iron Boulder|quarkdrivespe
|turn|27
|inactive|Garebare1213 has 60 seconds left.
|
|t:|1760723387
|move|p1a: Kingambit|Sucker Punch|p2a: Iron Boulder
|-supereffective|p2a: Iron Boulder
|-damage|p2a: Iron Boulder|0 fnt
|faint|p2a: Iron Boulder
|-end|p2a: Iron Boulder|Quark Drive|[silent]
|
|-heal|p1a: Kingambit|90/100|[from] item: Leftovers
|upkeep
|-message|Garebare1213 forfeited.
|
|win|fadingstrawberry
|raw|fadingstrawberry's rating: 1602 &rarr; <strong>1617</strong><br />(+15 for winning)
|raw|Garebare1213's rating: 1513 &rarr; <strong>1498</strong><br />(-15 for losing)
|l|☆Garebare1213
|player|p2|
