|j|☆Kennguyen21
|j|☆DeejaeIzaya
|t:|1760763630
|gametype|singles
|player|p1|Kennguyen21|266|1207
|player|p2|DeejaeIzaya|red|1195
|gen|9
|tier|[Gen 9] OU
|rated|
|rule|HP Percentage Mod: HP is shown in percentages
|rule|Endless Battle Clause: Forcing endless battles is banned
|rule|Species Clause: Limit one of each Pokémon
|rule|OHKO Clause: OHKO moves are banned
|rule|Evasion Items Clause: Evasion items are banned
|rule|Evasion Moves Clause: Evasion moves are banned
|rule|Evasion Abilities Clause: Evasion abilities are banned
|rule|Sleep Moves Clause: Sleep-inducing moves are banned
|clearpoke
|poke|p1|Gliscor, M|
|poke|p1|Glimmora, M|
|poke|p1|Iron Moth|
|poke|p1|Pecharunt|
|poke|p1|Ribombee, F|
|poke|p1|Darkrai|
|poke|p2|Ogerpon-Wellspring, F|
|poke|p2|Indeedee, M|
|poke|p2|Ceruledge, M|
|poke|p2|Dragonite, F|
|poke|p2|Tornadus, M|
|poke|p2|Clefable, M|
|teampreview
|inactive|Battle timer is ON: inactive players will automatically lose when time's up. (requested by DeejaeIzaya)
|
|t:|1760763644
|teamsize|p1|6
|teamsize|p2|6
|start
|switch|p1a: Ribombee|Ribombee, F|100/100
|switch|p2a: Indeedee|Indeedee, M|100/100
|-fieldstart|move: Psychic Terrain|[from] ability: Psychic Surge|[of] p2a: Indeedee
|turn|1
|
|t:|1760763655
|move|p1a: Ribombee|Sticky Web|p2a: Indeedee
|-sidestart|p2: DeejaeIzaya|move: Sticky Web
|move|p2a: Indeedee|Expanding Force|p1a: Ribombee
|-enditem|p1a: Ribombee|Focus Sash
|-damage|p1a: Ribombee|1/100
|
|upkeep
|turn|2
|
|t:|1760763671
|switch|p1a: Darkrai|Darkrai|100/100
|switch|p2a: Tornadus|Tornadus, M|100/100
|
|upkeep
|turn|3
|
|t:|1760763677
|move|p2a: Tornadus|Tailwind|p2a: Tornadus
|-sidestart|p2: DeejaeIzaya|move: Tailwind
|move|p1a: Darkrai|Ice Beam|p2a: Tornadus
|-supereffective|p2a: Tornadus
|-damage|p2a: Tornadus|2/100
|-status|p2a: Tornadus|frz
|
|upkeep
|turn|4
|l|☆DeejaeIzaya
|inactive|DeejaeIzaya disconnected and has a minute to reconnect!
|player|p2|
|
|t:|1760763691
|switch|p1a: Pecharunt|Pecharunt|100/100
|-item|p1a: Pecharunt|Air Balloon
|cant|p2a: Tornadus|frz
|
|upkeep
|turn|5
|j|☆DeejaeIzaya
|inactive|DeejaeIzaya reconnected and has 145 seconds left.
|player|p2|DeejaeIzaya|red|
|
|t:|1760763709
|cant|p2a: Tornadus|frz
|move|p1a: Pecharunt|Nasty Plot|p1a: Pecharunt
|-boost|p1a: Pecharunt|spa|2
|
|-fieldend|move: Psychic Terrain
|upkeep
|turn|6
|
|t:|1760763719
|cant|p2a: Tornadus|frz
|move|p1a: Pecharunt|Hex|p2a: Tornadus
|-damage|p2a: Tornadus|0 fnt
|faint|p2a: Tornadus
|
|-sideend|p2: DeejaeIzaya|move: Tailwind
|upkeep
|
|t:|1760763728
|switch|p2a: Indeedee|Indeedee, M|100/100
|-activate|p2a: Indeedee|move: Sticky Web
|-unboost|p2a: Indeedee|spe|1
|-fieldstart|move: Psychic Terrain|[from] ability: Psychic Surge|[of] p2a: Indeedee
|turn|7
|
|t:|1760763740
|move|p1a: Pecharunt|Hex|p2a: Indeedee
|-immune|p2a: Indeedee
|move|p2a: Indeedee|Expanding Force|p1a: Pecharunt
|-supereffective|p1a: Pecharunt
|-damage|p1a: Pecharunt|0 fnt
|-enditem|p1a: Pecharunt|Air Balloon
|faint|p1a: Pecharunt
|
|upkeep
|
|t:|1760763757
|switch|p1a: Darkrai|Darkrai|100/100
|turn|8
|
|t:|1760763765
|switch|p2a: Clefable|Clefable, M|100/100
|-activate|p2a: Clefable|move: Sticky Web
|-unboost|p2a: Clefable|spe|1
|move|p1a: Darkrai|Dark Pulse|p2a: Clefable
|-resisted|p2a: Clefable
|-damage|p2a: Clefable|77/100
|
|-heal|p2a: Clefable|83/100|[from] item: Leftovers
|upkeep
|turn|9
|
|t:|1760763789
|switch|p1a: Glimmora|Glimmora, M, shiny|100/100
|move|p2a: Clefable|Wish|p2a: Clefable
|
|-heal|p2a: Clefable|89/100|[from] item: Leftovers
|upkeep
|turn|10
|inactive|DeejaeIzaya has 120 seconds left.
|
|t:|1760763833
|switch|p2a: Indeedee|Indeedee, M|100/100
|-activate|p2a: Indeedee|move: Sticky Web
|-unboost|p2a: Indeedee|spe|1
|move|p1a: Glimmora|Stealth Rock|p2a: Indeedee
|-sidestart|p2: DeejaeIzaya|move: Stealth Rock
|
|upkeep
|turn|11
|
|t:|1760763846
|move|p1a: Glimmora|Mortal Spin|p2a: Indeedee
|-damage|p2a: Indeedee|88/100
|-status|p2a: Indeedee|psn
|move|p2a: Indeedee|Expanding Force|p1a: Glimmora
|-supereffective|p1a: Glimmora
|-enditem|p1a: Glimmora|Focus Sash
|-damage|p1a: Glimmora|1/100
|
|-damage|p2a: Indeedee|76/100 psn|[from] psn
|-fieldend|move: Psychic Terrain
|upkeep
|turn|12
|inactive|DeejaeIzaya has 120 seconds left.
|l|☆DeejaeIzaya
|inactive|DeejaeIzaya disconnected and has a minute to reconnect!
|player|p2|
|inactive|Kennguyen21 has 120 seconds left.
|
|t:|1760763875
|switch|p1a: Darkrai|Darkrai|100/100
|move|p2a: Indeedee|Dazzling Gleam|p1a: Darkrai
|-supereffective|p1a: Darkrai
|-damage|p1a: Darkrai|49/100
|
|-damage|p2a: Indeedee|63/100 psn|[from] psn
|upkeep
|turn|13
|inactive|Kennguyen21 has 120 seconds left.
|j|☆DeejaeIzaya
|inactive|DeejaeIzaya reconnected and has 115 seconds left.
|player|p2|DeejaeIzaya|red|
|
|t:|1760763904
|switch|p2a: Clefable|Clefable, M|89/100
|-activate|p2a: Clefable|move: Sticky Web
|-unboost|p2a: Clefable|spe|1
|-damage|p2a: Clefable|76/100|[from] Stealth Rock
|move|p1a: Darkrai|Thunder Wave|p2a: Clefable
|-status|p2a: Clefable|par
|
|-heal|p2a: Clefable|82/100 par|[from] item: Leftovers
|upkeep
|turn|14
|
|t:|1760763925
|switch|p1a: Gliscor|Gliscor, M, shiny|100/100
|cant|p2a: Clefable|par
|
|-heal|p2a: Clefable|89/100 par|[from] item: Leftovers
|-status|p1a: Gliscor|tox|[from] item: Toxic Orb
|upkeep
|turn|15
|
|t:|1760763937
|move|p1a: Gliscor|Knock Off|p2a: Clefable
|-resisted|p2a: Clefable
|-damage|p2a: Clefable|79/100 par
|-enditem|p2a: Clefable|Leftovers|[from] move: Knock Off|[of] p1a: Gliscor
|move|p2a: Clefable|Calm Mind|p2a: Clefable
|-boost|p2a: Clefable|spa|1
|-boost|p2a: Clefable|spd|1
|
|upkeep
|turn|16
|inactive|DeejaeIzaya has 90 seconds left.
|
|t:|1760763963
|move|p1a: Gliscor|Swords Dance|p1a: Gliscor
|-boost|p1a: Gliscor|atk|2
|move|p2a: Clefable|Wish|p2a: Clefable
|
|upkeep
|turn|17
|
|t:|1760763971
|move|p1a: Gliscor|Facade|p2a: Clefable
|-damage|p2a: Clefable|53/100 par
|cant|p2a: Clefable|par
|
|-heal|p2a: Clefable|100/100 par|[from] move: Wish|[wisher] Clefable
|upkeep
|turn|18
|
|t:|1760763980
|move|p1a: Gliscor|Swords Dance|p1a: Gliscor
|-boost|p1a: Gliscor|atk|2
|cant|p2a: Clefable|par
|
|upkeep
|turn|19
|
|t:|1760763985
|move|p1a: Gliscor|Facade|p2a: Clefable
|-damage|p2a: Clefable|74/100 par
|cant|p2a: Clefable|par
|
|upkeep
|turn|20
|
|t:|1760763990
|move|p1a: Gliscor|Facade|p2a: Clefable
|-crit|p2a: Clefable
|-damage|p2a: Clefable|29/100 par
|move|p2a: Clefable|Calm Mind|p2a: Clefable
|-boost|p2a: Clefable|spa|1
|-boost|p2a: Clefable|spd|1
|
|upkeep
|turn|21
|
|t:|1760763998
|move|p1a: Gliscor|Facade|p2a: Clefable
|-damage|p2a: Clefable|2/100 par
|move|p2a: Clefable|Wish|p2a: Clefable
|
|upkeep
|turn|22
|
|t:|1760764008
|switch|p2a: Ceruledge|Ceruledge, M|100/100
|-activate|p2a: Ceruledge|move: Sticky Web
|-unboost|p2a: Ceruledge|spe|1
|-damage|p2a: Ceruledge|76/100|[from] Stealth Rock
|move|p1a: Gliscor|Facade|p2a: Ceruledge
|-immune|p2a: Ceruledge
|
|-heal|p2a: Ceruledge|100/100|[from] move: Wish|[wisher] Clefable
|upkeep
|turn|23
|
|t:|1760764026
|switch|p2a: Indeedee|Indeedee, M|63/100 psn
|-activate|p2a: Indeedee|move: Sticky Web
|-unboost|p2a: Indeedee|spe|1
|-damage|p2a: Indeedee|51/100 psn|[from] Stealth Rock
|-fieldstart|move: Psychic Terrain|[from] ability: Psychic Surge|[of] p2a: Indeedee
|move|p1a: Gliscor|Knock Off|p2a: Indeedee
|-supereffective|p2a: Indeedee
|-damage|p2a: Indeedee|0 fnt
|-enditem|p2a: Indeedee|Twisted Spoon|[from] move: Knock Off|[of] p1a: Gliscor
|faint|p2a: Indeedee
|
|upkeep
|
|t:|1760764031
|switch|p2a: Ogerpon|Ogerpon-Wellspring, F|100/100
|-activate|p2a: Ogerpon|move: Sticky Web
|-unboost|p2a: Ogerpon|spe|1
|-damage|p2a: Ogerpon|88/100|[from] Stealth Rock
|turn|24
|
|t:|1760764043
|-terastallize|p2a: Ogerpon|Water
|detailschange|p2a: Ogerpon|Ogerpon-Wellspring-Tera, F, tera:Water
|-ability|p2a: Ogerpon|Embody Aspect (Wellspring)|boost
|-boost|p2a: Ogerpon|spd|1
|-terastallize|p1a: Gliscor|Normal
|move|p2a: Ogerpon|Ivy Cudgel|p1a: Gliscor|[anim] Ivy Cudgel Water
|-damage|p1a: Gliscor|45/100 tox
|move|p1a: Gliscor|Facade|p2a: Ogerpon
|-damage|p2a: Ogerpon|0 fnt
|faint|p2a: Ogerpon
|detailschange|p2: Ogerpon|Ogerpon-Wellspring, F|[silent]
|
|-heal|p1a: Gliscor|57/100 tox|[from] ability: Poison Heal
|upkeep
|inactive|DeejaeIzaya has 120 seconds left.
|
|t:|1760764070
|switch|p2a: Clefable|Clefable, M|2/100 par
|-activate|p2a: Clefable|move: Sticky Web
|-unboost|p2a: Clefable|spe|1
|-damage|p2a: Clefable|0 fnt|[from] Stealth Rock
|faint|p2a: Clefable
|
|t:|1760764072
|switch|p2a: Ceruledge|Ceruledge, M|100/100
|-activate|p2a: Ceruledge|move: Sticky Web
|-unboost|p2a: Ceruledge|spe|1
|-damage|p2a: Ceruledge|76/100|[from] Stealth Rock
|turn|25
|
|t:|1760764082
|move|p1a: Gliscor|Knock Off|p2a: Ceruledge
|-supereffective|p2a: Ceruledge
|-damage|p2a: Ceruledge|0 fnt
|-enditem|p2a: Ceruledge|Weakness Policy|[from] move: Knock Off|[of] p1a: Gliscor
|faint|p2a: Ceruledge
|
|-heal|p1a: Gliscor|69/100 tox|[from] ability: Poison Heal
|upkeep
|
|t:|1760764084
|switch|p2a: Dragonite|Dragonite, F|100/100
|-damage|p2a: Dragonite|76/100|[from] Stealth Rock
|turn|26
|
|t:|1760764094
|move|p2a: Dragonite|Dragon Dance|p2a: Dragonite
|-boost|p2a: Dragonite|atk|1
|-boost|p2a: Dragonite|spe|1
|move|p1a: Gliscor|Knock Off|p2a: Dragonite
|-damage|p2a: Dragonite|0 fnt
|-enditem|p2a: Dragonite|Dragon Fang|[from] move: Knock Off|[of] p1a: Gliscor
|faint|p2a: Dragonite
|
|win|Kennguyen21
|raw|Kennguyen21's rating: 1207 &rarr; <strong>1231</strong><br />(+24 for winning)
|raw|DeejaeIzaya's rating: 1195 &rarr; <strong>1171</strong><br />(-24 for losing)
|l|☆DeejaeIzaya
|player|p2|
|l|☆Kennguyen21
|player|p1|
