|j|☆bowling12345
|j|☆fhfhhfhfhffhfhf
|t:|1760838404
|gametype|singles
|player|p1|bowling12345|265|1251
|player|p2|fhfhhfhfhffhfhf|lance|1242
|gen|9
|tier|[Gen 9] OU
|rated|
|rule|HP Percentage Mod: HP is shown in percentages
|rule|Endless Battle Clause: Forcing endless battles is banned
|rule|Species Clause: Limit one of each Pokémon
|rule|OHKO Clause: OHKO moves are banned
|rule|Evasion Items Clause: Evasion items are banned
|rule|Evasion Moves Clause: Evasion moves are banned
|rule|Evasion Abilities Clause: Evasion abilities are banned
|rule|Sleep Moves Clause: Sleep-inducing moves are banned
|clearpoke
|poke|p1|Zoroark-Hisui, M|
|poke|p1|Garganacl, F|
|poke|p1|Munkidori, M|
|poke|p1|Sinistcha|
|poke|p1|Alomomola, F|
|poke|p1|Entei|
|poke|p2|Hatterene, F|
|poke|p2|Latias, F|
|poke|p2|Kingambit, F|
|poke|p2|Clodsire, M|
|poke|p2|Iron Jugulis|
|poke|p2|Alomomola, F|
|teampreview
|
|t:|1760838410
|teamsize|p1|6
|teamsize|p2|6
|start
|switch|p1a: Garganacl|Garganacl, F|100/100
|switch|p2a: Hatterene|Hatterene, F|100/100
|turn|1
|
|t:|1760838419
|move|p1a: Garganacl|Salt Cure|p2a: Hatterene
|-damage|p2a: Hatterene|84/100
|-start|p2a: Hatterene|Salt Cure
|move|p2a: Hatterene|Nuzzle|p1a: Garganacl
|-damage|p1a: Garganacl|98/100
|
|-heal|p1a: Garganacl|100/100|[from] item: Leftovers
|-heal|p2a: Hatterene|90/100|[from] item: Leftovers
|-damage|p2a: Hatterene|78/100|[from] Salt Cure
|upkeep
|turn|2
|
|t:|1760838430
|switch|p2a: Alomomola|Alomomola, F|100/100
|move|p1a: Garganacl|Salt Cure|p2a: Alomomola
|-crit|p2a: Alomomola
|-damage|p2a: Alomomola|88/100
|-start|p2a: Alomomola|Salt Cure
|
|-damage|p2a: Alomomola|63/100|[from] Salt Cure
|upkeep
|turn|3
|
|t:|1760838438
|move|p2a: Alomomola|Wish|p2a: Alomomola
|move|p1a: Garganacl|Stealth Rock|p2a: Alomomola
|-sidestart|p2: fhfhhfhfhffhfhf|move: Stealth Rock
|
|-damage|p2a: Alomomola|38/100|[from] Salt Cure
|upkeep
|turn|4
|
|t:|1760838444
|move|p2a: Alomomola|Flip Turn|p1a: Garganacl
|-supereffective|p1a: Garganacl
|-damage|p1a: Garganacl|79/100
|
|t:|1760838447
|switch|p2a: Hatterene|Hatterene, F|78/100|[from] Flip Turn
|-damage|p2a: Hatterene|66/100|[from] Stealth Rock
|move|p1a: Garganacl|Salt Cure|p2a: Hatterene
|-damage|p2a: Hatterene|49/100
|-start|p2a: Hatterene|Salt Cure
|
|-heal|p2a: Hatterene|100/100|[from] move: Wish|[wisher] Alomomola
|-heal|p1a: Garganacl|86/100|[from] item: Leftovers
|-damage|p2a: Hatterene|88/100|[from] Salt Cure
|upkeep
|turn|5
|
|t:|1760838460
|move|p1a: Garganacl|Salt Cure|p2a: Hatterene
|-damage|p2a: Hatterene|72/100
|move|p2a: Hatterene|Dazzling Gleam|p1a: Garganacl
|-damage|p1a: Garganacl|51/100
|
|-heal|p1a: Garganacl|57/100|[from] item: Leftovers
|-heal|p2a: Hatterene|78/100|[from] item: Leftovers
|-damage|p2a: Hatterene|66/100|[from] Salt Cure
|upkeep
|turn|6
|
|t:|1760838469
|move|p1a: Garganacl|Recover|p1a: Garganacl
|-heal|p1a: Garganacl|100/100
|move|p2a: Hatterene|Dazzling Gleam|p1a: Garganacl
|-damage|p1a: Garganacl|61/100
|
|-heal|p1a: Garganacl|68/100|[from] item: Leftovers
|-heal|p2a: Hatterene|72/100|[from] item: Leftovers
|-damage|p2a: Hatterene|60/100|[from] Salt Cure
|upkeep
|turn|7
|
|t:|1760838479
|switch|p2a: Alomomola|Alomomola, F|72/100
|move|p1a: Garganacl|Salt Cure|p2a: Alomomola
|-damage|p2a: Alomomola|64/100
|-start|p2a: Alomomola|Salt Cure
|
|-heal|p1a: Garganacl|74/100|[from] item: Leftovers
|-damage|p2a: Alomomola|39/100|[from] Salt Cure
|upkeep
|turn|8
|
|t:|1760838489
|move|p2a: Alomomola|Wish|p2a: Alomomola
|move|p1a: Garganacl|Salt Cure|p2a: Alomomola
|-damage|p2a: Alomomola|31/100
|
|-heal|p1a: Garganacl|80/100|[from] item: Leftovers
|-damage|p2a: Alomomola|6/100|[from] Salt Cure
|upkeep
|turn|9
|
|t:|1760838496
|switch|p1a: Munkidori|Munkidori, M|100/100
|move|p2a: Alomomola|Protect||[still]
|-fail|p2a: Alomomola
|
|-heal|p2a: Alomomola|56/100|[from] move: Wish|[wisher] Alomomola
|-damage|p2a: Alomomola|32/100|[from] Salt Cure
|upkeep
|turn|10
|
|t:|1760838509
|switch|p2a: Hatterene|Hatterene, F|60/100
|-damage|p2a: Hatterene|47/100|[from] Stealth Rock
|move|p1a: Munkidori|Sludge Bomb|p2a: Hatterene
|-supereffective|p2a: Hatterene
|-damage|p2a: Hatterene|0 fnt
|faint|p2a: Hatterene
|
|upkeep
|
|t:|1760838515
|switch|p2a: Latias|Latias, F, shiny|100/100
|-damage|p2a: Latias|88/100|[from] Stealth Rock
|turn|11
|
|t:|1760838525
|move|p2a: Latias|Mist Ball|p1a: Munkidori
|-damage|p1a: Munkidori|74/100
|-unboost|p1a: Munkidori|spa|1
|-damage|p2a: Latias|78/100|[from] item: Life Orb
|move|p1a: Munkidori|Hex|p2a: Latias
|-supereffective|p2a: Latias
|-damage|p2a: Latias|52/100
|
|upkeep
|turn|12
|
|t:|1760838544
|move|p2a: Latias|Recover|p2a: Latias
|-heal|p2a: Latias|100/100
|move|p1a: Munkidori|Sludge Bomb|p2a: Latias
|-damage|p2a: Latias|75/100
|
|upkeep
|turn|13
|
|t:|1760838551
|-terastallize|p2a: Latias|Poison
|move|p2a: Latias|Mist Ball|p1a: Munkidori
|-crit|p1a: Munkidori
|-damage|p1a: Munkidori|34/100
|-unboost|p1a: Munkidori|spa|1
|-damage|p2a: Latias|65/100|[from] item: Life Orb
|move|p1a: Munkidori|Sludge Bomb|p2a: Latias
|-resisted|p2a: Latias
|-damage|p2a: Latias|56/100
|
|upkeep
|turn|14
|
|t:|1760838566
|switch|p1a: Entei|Entei|100/100
|move|p2a: Latias|Recover|p2a: Latias
|-heal|p2a: Latias|100/100
|
|upkeep
|turn|15
|
|t:|1760838572
|move|p2a: Latias|Mist Ball|p1a: Entei
|-damage|p1a: Entei|70/100
|-damage|p2a: Latias|91/100|[from] item: Life Orb
|move|p1a: Entei|Sacred Fire|p2a: Latias
|-damage|p2a: Latias|47/100
|-status|p2a: Latias|brn
|
|-damage|p2a: Latias|41/100 brn|[from] brn
|upkeep
|turn|16
|
|t:|1760838582
|switch|p2a: Alomomola|Alomomola, F|65/100
|-terastallize|p1a: Entei|Normal
|move|p1a: Entei|Extreme Speed|p2a: Alomomola
|-damage|p2a: Alomomola|44/100
|
|upkeep
|turn|17
|
|t:|1760838589
|move|p1a: Entei|Sacred Fire|p2a: Alomomola
|-resisted|p2a: Alomomola
|-damage|p2a: Alomomola|30/100
|move|p2a: Alomomola|Wish|p2a: Alomomola
|
|upkeep
|turn|18
|
|t:|1760838598
|move|p2a: Alomomola|Protect|p2a: Alomomola
|-singleturn|p2a: Alomomola|Protect
|move|p1a: Entei|Sacred Fire|p2a: Alomomola
|-activate|p2a: Alomomola|move: Protect
|
|-heal|p2a: Alomomola|80/100|[from] move: Wish|[wisher] Alomomola
|upkeep
|turn|19
|
|t:|1760838605
|move|p1a: Entei|Sacred Fire|p2a: Alomomola
|-resisted|p2a: Alomomola
|-damage|p2a: Alomomola|65/100
|-status|p2a: Alomomola|brn
|move|p2a: Alomomola|Wish|p2a: Alomomola
|
|-damage|p2a: Alomomola|59/100 brn|[from] brn
|upkeep
|turn|20
|
|t:|1760838614
|switch|p1a: Garganacl|Garganacl, F|80/100
|move|p2a: Alomomola|Flip Turn|p1a: Garganacl
|-supereffective|p1a: Garganacl
|-damage|p1a: Garganacl|68/100
|
|t:|1760838620
|switch|p2a: Latias|Latias, F, shiny, tera:Poison|41/100 brn|[from] Flip Turn
|-damage|p2a: Latias|29/100 brn|[from] Stealth Rock
|
|-heal|p2a: Latias|100/100 brn|[from] move: Wish|[wisher] Alomomola
|-heal|p1a: Garganacl|74/100|[from] item: Leftovers
|-damage|p2a: Latias|94/100 brn|[from] brn
|upkeep
|turn|21
|
|t:|1760838630
|move|p2a: Latias|Aura Sphere|p1a: Garganacl
|-supereffective|p1a: Garganacl
|-damage|p1a: Garganacl|30/100
|-damage|p2a: Latias|85/100 brn|[from] item: Life Orb
|move|p1a: Garganacl|Salt Cure|p2a: Latias
|-damage|p2a: Latias|72/100 brn
|-start|p2a: Latias|Salt Cure
|
|-heal|p1a: Garganacl|37/100|[from] item: Leftovers
|-damage|p2a: Latias|66/100 brn|[from] brn
|-damage|p2a: Latias|54/100 brn|[from] Salt Cure
|upkeep
|turn|22
|
|t:|1760838641
|move|p1a: Garganacl|Protect|p1a: Garganacl
|-singleturn|p1a: Garganacl|Protect
|move|p2a: Latias|Aura Sphere|p1a: Garganacl
|-activate|p1a: Garganacl|move: Protect
|
|-heal|p1a: Garganacl|43/100|[from] item: Leftovers
|-damage|p2a: Latias|48/100 brn|[from] brn
|-damage|p2a: Latias|35/100 brn|[from] Salt Cure
|upkeep
|turn|23
|
|t:|1760838650
|switch|p1a: Sinistcha|Sinistcha|100/100
|move|p2a: Latias|Recover|p2a: Latias
|-heal|p2a: Latias|85/100 brn
|
|-damage|p2a: Latias|79/100 brn|[from] brn
|-damage|p2a: Latias|67/100 brn|[from] Salt Cure
|upkeep
|turn|24
|
|t:|1760838658
|move|p1a: Sinistcha|Hex|p2a: Latias
|-damage|p2a: Latias|15/100 brn
|move|p2a: Latias|Ice Beam|p1a: Sinistcha
|-damage|p1a: Sinistcha|32/100
|-status|p1a: Sinistcha|frz
|replace|p1a: Zoroark|Zoroark-Hisui, M
|-end|p1a: Zoroark|Illusion
|-damage|p2a: Latias|5/100 brn|[from] item: Life Orb
|
|-damage|p2a: Latias|0 fnt|[from] brn
|faint|p2a: Latias
|upkeep
|
|t:|1760838668
|switch|p2a: Clodsire|Clodsire, M|100/100
|-damage|p2a: Clodsire|94/100|[from] Stealth Rock
|turn|25
|
|t:|1760838676
|cant|p1a: Zoroark|frz
|move|p2a: Clodsire|Toxic Spikes|p1a: Zoroark
|-sidestart|p1: bowling12345|move: Toxic Spikes
|
|-heal|p2a: Clodsire|100/100|[from] item: Black Sludge
|upkeep
|turn|26
|
|t:|1760838682
|-curestatus|p1a: Zoroark|frz|[msg]
|move|p1a: Zoroark|Flamethrower|p2a: Clodsire
|-damage|p2a: Clodsire|79/100
|move|p2a: Clodsire|Earthquake|p1a: Zoroark
|-damage|p1a: Zoroark|0 fnt
|faint|p1a: Zoroark
|
|-heal|p2a: Clodsire|86/100|[from] item: Black Sludge
|upkeep
|
|t:|1760838694
|switch|p1a: Munkidori|Munkidori, M|34/100
|-sideend|p1: bowling12345|move: Toxic Spikes|[of] p1a: Munkidori
|turn|27
|
|t:|1760838698
|move|p1a: Munkidori|Psyshock|p2a: Clodsire
|-supereffective|p2a: Clodsire
|-damage|p2a: Clodsire|21/100
|move|p2a: Clodsire|Earthquake|p1a: Munkidori
|-supereffective|p1a: Munkidori
|-damage|p1a: Munkidori|0 fnt
|faint|p1a: Munkidori
|
|-heal|p2a: Clodsire|27/100|[from] item: Black Sludge
|upkeep
|
|t:|1760838717
|switch|p1a: Entei|Entei, tera:Normal|70/100
|turn|28
|
|t:|1760838724
|move|p1a: Entei|Extreme Speed|p2a: Clodsire
|-damage|p2a: Clodsire|0 fnt
|faint|p2a: Clodsire
|
|upkeep
|inactive|Battle timer is ON: inactive players will automatically lose when time's up. (requested by bowling12345)
|
|t:|1760838752
|switch|p2a: Alomomola|Alomomola, F|92/100 brn
|turn|29
|
|t:|1760838759
|switch|p1a: Garganacl|Garganacl, F|43/100
|move|p2a: Alomomola|Aqua Jet|p1a: Garganacl
|-supereffective|p1a: Garganacl
|-damage|p1a: Garganacl|35/100
|
|-heal|p1a: Garganacl|41/100|[from] item: Leftovers
|-damage|p2a: Alomomola|86/100 brn|[from] brn
|upkeep
|turn|30
|
|t:|1760838768
|move|p2a: Alomomola|Wish|p2a: Alomomola
|move|p1a: Garganacl|Recover|p1a: Garganacl
|-heal|p1a: Garganacl|91/100
|
|-heal|p1a: Garganacl|97/100|[from] item: Leftovers
|-damage|p2a: Alomomola|80/100 brn|[from] brn
|upkeep
|turn|31
|
|t:|1760838775
|move|p2a: Alomomola|Protect|p2a: Alomomola
|-singleturn|p2a: Alomomola|Protect
|move|p1a: Garganacl|Salt Cure|p2a: Alomomola
|-activate|p2a: Alomomola|move: Protect
|
|-heal|p2a: Alomomola|100/100 brn|[from] move: Wish|[wisher] Alomomola
|-heal|p1a: Garganacl|100/100|[from] item: Leftovers
|-damage|p2a: Alomomola|94/100 brn|[from] brn
|upkeep
|turn|32
|
|t:|1760838790
|switch|p1a: Sinistcha|Sinistcha|100/100
|move|p2a: Alomomola|Wish|p2a: Alomomola
|
|-damage|p2a: Alomomola|88/100 brn|[from] brn
|upkeep
|turn|33
|
|t:|1760838800
|move|p2a: Alomomola|Flip Turn|p1a: Sinistcha
|-resisted|p1a: Sinistcha
|-damage|p1a: Sinistcha|97/100
|
|t:|1760838803
|switch|p2a: Kingambit|Kingambit, F|100/100|[from] Flip Turn
|-damage|p2a: Kingambit|94/100|[from] Stealth Rock
|-activate|p2a: Kingambit|ability: Supreme Overlord
|-start|p2a: Kingambit|fallen3|[silent]
|move|p1a: Sinistcha|Matcha Gotcha|p2a: Kingambit
|-resisted|p2a: Kingambit
|-damage|p2a: Kingambit|81/100
|-heal|p1a: Sinistcha|100/100|[from] drain|[of] p2a: Kingambit
|
|-heal|p2a: Kingambit|100/100|[from] move: Wish|[wisher] Alomomola
|upkeep
|turn|34
|
|t:|1760838823
|switch|p1a: Alomomola|Alomomola, F|100/100
|move|p2a: Kingambit|Kowtow Cleave|p1a: Alomomola
|-damage|p1a: Alomomola|68/100
|-damage|p2a: Kingambit|84/100|[from] item: Rocky Helmet|[of] p1a: Alomomola
|
|upkeep
|turn|35
|
|t:|1760838837
|move|p1a: Alomomola|Scald|p2a: Kingambit
|-damage|p2a: Kingambit|75/100
|move|p2a: Kingambit|Iron Head|p1a: Alomomola
|-resisted|p1a: Alomomola
|-damage|p1a: Alomomola|52/100
|-damage|p2a: Kingambit|58/100|[from] item: Rocky Helmet|[of] p1a: Alomomola
|
|upkeep
|turn|36
|
|t:|1760838845
|-end|p2a: Kingambit|fallen3|[silent]
|switch|p2a: Alomomola|Alomomola, F|100/100 brn
|move|p1a: Alomomola|Scald|p2a: Alomomola
|-resisted|p2a: Alomomola
|-damage|p2a: Alomomola|93/100 brn
|
|-damage|p2a: Alomomola|87/100 brn|[from] brn
|upkeep
|turn|37
|
|t:|1760838852
|move|p2a: Alomomola|Wish|p2a: Alomomola
|move|p1a: Alomomola|Flip Turn|p2a: Alomomola
|-resisted|p2a: Alomomola
|-damage|p2a: Alomomola|82/100 brn
|
|t:|1760838862
|switch|p1a: Sinistcha|Sinistcha|100/100|[from] Flip Turn
|
|-damage|p2a: Alomomola|76/100 brn|[from] brn
|upkeep
|turn|38
|
|t:|1760838867
|move|p2a: Alomomola|Flip Turn|p1a: Sinistcha
|-resisted|p1a: Sinistcha
|-damage|p1a: Sinistcha|97/100
|
|t:|1760838872
|switch|p2a: Kingambit|Kingambit, F|58/100|[from] Flip Turn
|-damage|p2a: Kingambit|52/100|[from] Stealth Rock
|-activate|p2a: Kingambit|ability: Supreme Overlord
|-start|p2a: Kingambit|fallen3|[silent]
|move|p1a: Sinistcha|Matcha Gotcha|p2a: Kingambit
|-resisted|p2a: Kingambit
|-damage|p2a: Kingambit|39/100
|-heal|p1a: Sinistcha|100/100|[from] drain|[of] p2a: Kingambit
|
|-heal|p2a: Kingambit|100/100|[from] move: Wish|[wisher] Alomomola
|upkeep
|turn|39
|
|t:|1760838887
|switch|p1a: Alomomola|Alomomola, F|86/100
|move|p2a: Kingambit|Stone Edge|p1a: Alomomola
|-crit|p1a: Alomomola
|-damage|p1a: Alomomola|45/100
|
|upkeep
|turn|40
|
|t:|1760838895
|move|p1a: Alomomola|Scald|p2a: Kingambit
|-damage|p2a: Kingambit|92/100
|move|p2a: Kingambit|Stone Edge|p1a: Alomomola|[miss]
|-miss|p2a: Kingambit|p1a: Alomomola
|
|upkeep
|turn|41
|
|t:|1760838900
|move|p1a: Alomomola|Scald|p2a: Kingambit
|-damage|p2a: Kingambit|83/100
|move|p2a: Kingambit|Kowtow Cleave|p1a: Alomomola
|-damage|p1a: Alomomola|12/100
|-damage|p2a: Kingambit|66/100|[from] item: Rocky Helmet|[of] p1a: Alomomola
|
|upkeep
|turn|42
|
|t:|1760838907
|move|p2a: Kingambit|Sucker Punch|p1a: Alomomola
|-damage|p1a: Alomomola|0 fnt
|-damage|p2a: Kingambit|50/100|[from] item: Rocky Helmet|[of] p1a: Alomomola
|faint|p1a: Alomomola
|
|upkeep
|
|t:|1760838919
|switch|p1a: Garganacl|Garganacl, F|100/100
|turn|43
|
|t:|1760838924
|move|p2a: Kingambit|Iron Head|p1a: Garganacl
|-supereffective|p1a: Garganacl
|-damage|p1a: Garganacl|19/100
|move|p1a: Garganacl|Salt Cure|p2a: Kingambit
|-resisted|p2a: Kingambit
|-damage|p2a: Kingambit|44/100
|-start|p2a: Kingambit|Salt Cure
|
|-heal|p1a: Garganacl|25/100|[from] item: Leftovers
|-damage|p2a: Kingambit|19/100|[from] Salt Cure
|upkeep
|turn|44
|
|t:|1760838933
|-end|p2a: Kingambit|fallen3|[silent]
|switch|p2a: Alomomola|Alomomola, F|100/100 brn
|move|p1a: Garganacl|Protect||[still]
|-fail|p1a: Garganacl
|
|-heal|p1a: Garganacl|31/100|[from] item: Leftovers
|-damage|p2a: Alomomola|94/100 brn|[from] brn
|upkeep
|turn|45
|
|t:|1760838942
|move|p2a: Alomomola|Wish|p2a: Alomomola
|move|p1a: Garganacl|Recover|p1a: Garganacl
|-heal|p1a: Garganacl|81/100
|
|-heal|p1a: Garganacl|88/100|[from] item: Leftovers
|-damage|p2a: Alomomola|88/100 brn|[from] brn
|upkeep
|turn|46
|
|t:|1760838949
|move|p2a: Alomomola|Flip Turn|p1a: Garganacl
|-supereffective|p1a: Garganacl
|-damage|p1a: Garganacl|77/100
|
|t:|1760838954
|switch|p2a: Iron Jugulis|Iron Jugulis|100/100|[from] Flip Turn
|-damage|p2a: Iron Jugulis|76/100|[from] Stealth Rock
|-enditem|p2a: Iron Jugulis|Booster Energy
|-activate|p2a: Iron Jugulis|ability: Quark Drive|[fromitem]
|-start|p2a: Iron Jugulis|quarkdrivespe
|move|p1a: Garganacl|Salt Cure|p2a: Iron Jugulis
|-supereffective|p2a: Iron Jugulis
|-damage|p2a: Iron Jugulis|43/100
|-start|p2a: Iron Jugulis|Salt Cure
|
|-heal|p2a: Iron Jugulis|100/100|[from] move: Wish|[wisher] Alomomola
|-heal|p1a: Garganacl|83/100|[from] item: Leftovers
|-damage|p2a: Iron Jugulis|88/100|[from] Salt Cure
|upkeep
|turn|47
|
|t:|1760838969
|move|p1a: Garganacl|Protect|p1a: Garganacl
|-singleturn|p1a: Garganacl|Protect
|move|p2a: Iron Jugulis|Earth Power|p1a: Garganacl
|-activate|p1a: Garganacl|move: Protect
|
|-heal|p1a: Garganacl|89/100|[from] item: Leftovers
|-damage|p2a: Iron Jugulis|76/100|[from] Salt Cure
|upkeep
|turn|48
|
|t:|1760838979
|-end|p2a: Iron Jugulis|Quark Drive|[silent]
|switch|p2a: Alomomola|Alomomola, F|100/100 brn
|switch|p1a: Entei|Entei, tera:Normal|70/100
|
|-damage|p2a: Alomomola|94/100 brn|[from] brn
|upkeep
|turn|49
|
|t:|1760838985
|switch|p1a: Sinistcha|Sinistcha|100/100
|move|p2a: Alomomola|Wish|p2a: Alomomola
|
|-damage|p2a: Alomomola|88/100 brn|[from] brn
|upkeep
|turn|50
|
|t:|1760838991
|move|p2a: Alomomola|Protect|p2a: Alomomola
|-singleturn|p2a: Alomomola|Protect
|move|p1a: Sinistcha|Matcha Gotcha|p2a: Alomomola
|-activate|p2a: Alomomola|move: Protect
|
|-heal|p2a: Alomomola|100/100 brn|[from] move: Wish|[wisher] Alomomola
|-damage|p2a: Alomomola|94/100 brn|[from] brn
|upkeep
|turn|51
|
|t:|1760839000
|move|p2a: Alomomola|Wish|p2a: Alomomola
|move|p1a: Sinistcha|Matcha Gotcha|p2a: Alomomola|[miss]
|-miss|p1a: Sinistcha|p2a: Alomomola
|
|-damage|p2a: Alomomola|88/100 brn|[from] brn
|upkeep
|turn|52
|
|t:|1760839008
|switch|p2a: Kingambit|Kingambit, F|19/100
|-damage|p2a: Kingambit|13/100|[from] Stealth Rock
|-activate|p2a: Kingambit|ability: Supreme Overlord
|-start|p2a: Kingambit|fallen3|[silent]
|move|p1a: Sinistcha|Matcha Gotcha|p2a: Kingambit
|-resisted|p2a: Kingambit
|-damage|p2a: Kingambit|0 fnt
|faint|p2a: Kingambit
|-end|p2a: Kingambit|fallen3|[silent]
|
|upkeep
|
|t:|1760839018
|switch|p2a: Iron Jugulis|Iron Jugulis|76/100
|-damage|p2a: Iron Jugulis|51/100|[from] Stealth Rock
|turn|53
|
|t:|1760839028
|switch|p1a: Garganacl|Garganacl, F|89/100
|move|p2a: Iron Jugulis|Dark Pulse|p1a: Garganacl
|-damage|p1a: Garganacl|57/100
|
|-heal|p1a: Garganacl|64/100|[from] item: Leftovers
|upkeep
|turn|54
|
|t:|1760839035
|move|p2a: Iron Jugulis|Earth Power|p1a: Garganacl
|-supereffective|p1a: Garganacl
|-damage|p1a: Garganacl|17/100
|move|p1a: Garganacl|Salt Cure|p2a: Iron Jugulis
|-supereffective|p2a: Iron Jugulis
|-damage|p2a: Iron Jugulis|16/100
|-start|p2a: Iron Jugulis|Salt Cure
|
|-heal|p1a: Garganacl|23/100|[from] item: Leftovers
|-damage|p2a: Iron Jugulis|4/100|[from] Salt Cure
|upkeep
|turn|55
|
|t:|1760839045
|move|p2a: Iron Jugulis|Dark Pulse|p1a: Garganacl
|-crit|p1a: Garganacl
|-damage|p1a: Garganacl|0 fnt
|faint|p1a: Garganacl
|
|-damage|p2a: Iron Jugulis|0 fnt|[from] Salt Cure
|faint|p2a: Iron Jugulis
|-end|p2a: Iron Jugulis|Quark Drive|[silent]
|upkeep
|-message|fhfhhfhfhffhfhf forfeited.
|
|win|bowling12345
|raw|bowling12345's rating: 1251 &rarr; <strong>1275</strong><br />(+24 for winning)
|raw|fhfhhfhfhffhfhf's rating: 1242 &rarr; <strong>1218</strong><br />(-24 for losing)
|l|☆fhfhhfhfhffhfhf
|player|p2|
|l|☆bowling12345
|player|p1|
