|j|☆zard._slayer
|j|☆FZPIR
|t:|1760870067
|gametype|singles
|player|p1|zard._slayer|benga|1251
|player|p2|FZPIR|169|1196
|gen|9
|tier|[Gen 9] OU
|rated|
|rule|HP Percentage Mod: HP is shown in percentages
|rule|Endless Battle Clause: Forcing endless battles is banned
|rule|Species Clause: Limit one of each Pokémon
|rule|OHKO Clause: OHKO moves are banned
|rule|Evasion Items Clause: Evasion items are banned
|rule|Evasion Moves Clause: Evasion moves are banned
|rule|Evasion Abilities Clause: Evasion abilities are banned
|rule|Sleep Moves Clause: Sleep-inducing moves are banned
|clearpoke
|poke|p1|Typhlosion-Hisui, F|
|poke|p1|Walking Wake|
|poke|p1|Great Tusk|
|poke|p1|Torkoal, F|
|poke|p1|Iron Valiant|
|poke|p1|Alomomola, F|
|poke|p2|Kleavor, F|
|poke|p2|Brambleghast, M|
|poke|p2|Mamoswine, F|
|poke|p2|Alomomola, F|
|poke|p2|Lokix, M|
|poke|p2|Corviknight, M|
|teampreview
|inactive|Battle timer is ON: inactive players will automatically lose when time's up. (requested by zard._slayer)
|
|t:|1760870073
|teamsize|p1|6
|teamsize|p2|6
|start
|switch|p1a: mvp|Torkoal, F|100/100
|switch|p2a: Kleavor|Kleavor, F|100/100
|-weather|SunnyDay|[from] ability: Drought|[of] p1a: mvp
|turn|1
|
|t:|1760870079
|move|p2a: Kleavor|Stone Axe|p1a: mvp
|-supereffective|p1a: mvp
|-damage|p1a: mvp|31/100
|-sidestart|p1: zard._slayer|move: Stealth Rock
|move|p1a: mvp|Will-O-Wisp|p2a: Kleavor
|-status|p2a: Kleavor|brn
|
|-weather|SunnyDay|[upkeep]
|-damage|p2a: Kleavor|94/100 brn|[from] brn
|upkeep
|turn|2
|
|t:|1760870088
|switch|p1a: great wall|Great Tusk|100/100
|-damage|p1a: great wall|98/100|[from] Stealth Rock
|-activate|p1a: great wall|ability: Protosynthesis
|-start|p1a: great wall|protosynthesisatk
|move|p2a: Kleavor|Tailwind|p2a: Kleavor
|-sidestart|p2: FZPIR|move: Tailwind
|
|-weather|SunnyDay|[upkeep]
|-damage|p2a: Kleavor|88/100 brn|[from] brn
|upkeep
|turn|3
|
|t:|1760870099
|switch|p2a: Brambleghast|Brambleghast, M|100/100
|-ability|p2a: Brambleghast|Wind Rider|boost
|-boost|p2a: Brambleghast|atk|1
|move|p1a: great wall|Rapid Spin|p2a: Brambleghast
|-immune|p2a: Brambleghast
|
|-weather|SunnyDay|[upkeep]
|upkeep
|turn|4
|
|t:|1760870110
|-terastallize|p2a: Brambleghast|Ghost
|-terastallize|p1a: great wall|Steel
|move|p2a: Brambleghast|Poltergeist|p1a: great wall
|-activate|p1a: great wall|move: Poltergeist|Life Orb
|-damage|p1a: great wall|0 fnt
|faint|p1a: great wall
|-end|p1a: great wall|Protosynthesis|[silent]
|-damage|p2a: Brambleghast|91/100|[from] item: Life Orb
|
|-weather|SunnyDay|[upkeep]
|upkeep
|inactive|zard._slayer has 120 seconds left.
|
|t:|1760870159
|switch|p1a: Iron Valiant|Iron Valiant|100/100
|-damage|p1a: Iron Valiant|94/100|[from] Stealth Rock
|-enditem|p1a: Iron Valiant|Booster Energy
|-activate|p1a: Iron Valiant|ability: Quark Drive|[fromitem]
|-start|p1a: Iron Valiant|quarkdrivespe
|turn|5
|
|t:|1760870170
|move|p2a: Brambleghast|Poltergeist||[still]
|-fail|p2a: Brambleghast
|move|p1a: Iron Valiant|Shadow Ball|p2a: Brambleghast
|-supereffective|p2a: Brambleghast
|-damage|p2a: Brambleghast|2/100
|
|-weather|SunnyDay|[upkeep]
|-sideend|p2: FZPIR|move: Tailwind
|upkeep
|turn|6
|inactive|zard._slayer has 90 seconds left.
|
|t:|1760870220
|-end|p1a: Iron Valiant|Quark Drive|[silent]
|switch|p1a: medic|Alomomola, F, shiny|100/100
|-damage|p1a: medic|88/100|[from] Stealth Rock
|switch|p2a: Corviknight|Corviknight, M|100/100
|
|-weather|SunnyDay|[upkeep]
|upkeep
|turn|7
|
|t:|1760870230
|move|p2a: Corviknight|U-turn|p1a: medic
|-damage|p1a: medic|79/100
|-damage|p2a: Corviknight|84/100|[from] item: Rocky Helmet|[of] p1a: medic
|
|t:|1760870234
|switch|p2a: Alomomola|Alomomola, F|100/100|[from] U-turn
|move|p1a: medic|Flip Turn|p2a: Alomomola
|-resisted|p2a: Alomomola
|-damage|p2a: Alomomola|99/100
|-damage|p1a: medic|62/100|[from] item: Rocky Helmet|[of] p2a: Alomomola
|
|t:|1760870247
|switch|p1a: Iron Valiant|Iron Valiant|94/100|[from] Flip Turn
|-damage|p1a: Iron Valiant|88/100|[from] Stealth Rock
|
|-weather|SunnyDay|[upkeep]
|upkeep
|turn|8
|
|t:|1760870253
|switch|p2a: Corviknight|Corviknight, M|84/100
|move|p1a: Iron Valiant|Calm Mind|p1a: Iron Valiant
|-boost|p1a: Iron Valiant|spa|1
|-boost|p1a: Iron Valiant|spd|1
|
|-weather|none
|-heal|p2a: Corviknight|90/100|[from] item: Leftovers
|upkeep
|turn|9
|
|t:|1760870266
|-end|p1a: Iron Valiant|Quark Drive|[silent]
|switch|p1a: mvp|Torkoal, F|31/100
|-damage|p1a: mvp|7/100|[from] Stealth Rock
|-weather|SunnyDay|[from] ability: Drought|[of] p1a: mvp
|move|p2a: Corviknight|U-turn|p1a: mvp
|-resisted|p1a: mvp
|-damage|p1a: mvp|2/100
|
|t:|1760870285
|switch|p2a: Kleavor|Kleavor, F|88/100 brn|[from] U-turn
|
|-weather|SunnyDay|[upkeep]
|-damage|p2a: Kleavor|82/100 brn|[from] brn
|upkeep
|turn|10
|
|t:|1760870292
|move|p2a: Kleavor|Tailwind|p2a: Kleavor
|-sidestart|p2: FZPIR|move: Tailwind
|move|p1a: mvp|Rapid Spin|p2a: Kleavor
|-resisted|p2a: Kleavor
|-damage|p2a: Kleavor|76/100 brn
|-boost|p1a: mvp|spe|1
|-sideend|p1: zard._slayer|Stealth Rock|[from] move: Rapid Spin|[of] p1a: mvp
|
|-weather|SunnyDay|[upkeep]
|-damage|p2a: Kleavor|70/100 brn|[from] brn
|upkeep
|turn|11
|inactive|zard._slayer has 90 seconds left.
|
|t:|1760870300
|move|p2a: Kleavor|Stone Axe|p1a: mvp
|-supereffective|p1a: mvp
|-damage|p1a: mvp|0 fnt
|-sidestart|p1: zard._slayer|move: Stealth Rock
|faint|p1a: mvp
|
|-weather|SunnyDay|[upkeep]
|-damage|p2a: Kleavor|64/100 brn|[from] brn
|upkeep
|inactive|zard._slayer has 90 seconds left.
|
|t:|1760870307
|switch|p1a: Walking terror|Walking Wake|100/100
|-damage|p1a: Walking terror|88/100|[from] Stealth Rock
|-activate|p1a: Walking terror|ability: Protosynthesis
|-start|p1a: Walking terror|protosynthesisspe
|turn|12
|
|t:|1760870317
|move|p2a: Kleavor|Stone Axe|p1a: Walking terror|[miss]
|-miss|p2a: Kleavor|p1a: Walking terror
|move|p1a: Walking terror|Hydro Steam|p2a: Kleavor
|-supereffective|p2a: Kleavor
|-damage|p2a: Kleavor|0 fnt
|faint|p2a: Kleavor
|-damage|p1a: Walking terror|78/100|[from] item: Life Orb
|
|-weather|SunnyDay|[upkeep]
|upkeep
|
|t:|1760870321
|switch|p2a: Brambleghast|Brambleghast, M, tera:Ghost|2/100
|-ability|p2a: Brambleghast|Wind Rider|boost
|-boost|p2a: Brambleghast|atk|1
|turn|13
|
|t:|1760870331
|-end|p1a: Walking terror|Protosynthesis|[silent]
|switch|p1a: medic|Alomomola, F, shiny|95/100
|-damage|p1a: medic|83/100|[from] Stealth Rock
|move|p2a: Brambleghast|Poltergeist|p1a: medic
|-activate|p1a: medic|move: Poltergeist|Rocky Helmet
|-damage|p1a: medic|0 fnt
|faint|p1a: medic
|-damage|p2a: Brambleghast|0 fnt|[from] item: Life Orb
|faint|p2a: Brambleghast
|
|-weather|SunnyDay|[upkeep]
|-sideend|p2: FZPIR|move: Tailwind
|upkeep
|
|t:|1760870347
|switch|p2a: Mamoswine|Mamoswine, F|100/100
|switch|p1a: Walking terror|Walking Wake|78/100
|-damage|p1a: Walking terror|66/100|[from] Stealth Rock
|-activate|p1a: Walking terror|ability: Protosynthesis
|-start|p1a: Walking terror|protosynthesisspe
|turn|14
|
|t:|1760870354
|move|p1a: Walking terror|Hydro Steam|p2a: Mamoswine
|-supereffective|p2a: Mamoswine
|-enditem|p2a: Mamoswine|Focus Sash
|-damage|p2a: Mamoswine|1/100
|-damage|p1a: Walking terror|56/100|[from] item: Life Orb
|move|p2a: Mamoswine|Earthquake|p1a: Walking terror
|-damage|p1a: Walking terror|0 fnt
|faint|p1a: Walking terror
|-end|p1a: Walking terror|Protosynthesis|[silent]
|
|-weather|SunnyDay|[upkeep]
|upkeep
|
|t:|1760870368
|switch|p1a: magma|Typhlosion-Hisui, F, shiny|100/100
|-damage|p1a: magma|76/100|[from] Stealth Rock
|turn|15
|inactive|zard._slayer has 90 seconds left.
|
|t:|1760870386
|move|p2a: Mamoswine|Ice Shard|p1a: magma
|-resisted|p1a: magma
|-damage|p1a: magma|59/100
|move|p1a: magma|Shadow Ball|p2a: Mamoswine
|-damage|p2a: Mamoswine|0 fnt
|faint|p2a: Mamoswine
|
|-weather|SunnyDay|[upkeep]
|upkeep
|
|t:|1760870397
|switch|p2a: Corviknight|Corviknight, M|90/100
|turn|16
|
|t:|1760870400
|move|p1a: magma|Shadow Ball|p2a: Corviknight
|-damage|p2a: Corviknight|58/100
|move|p2a: Corviknight|U-turn|p1a: magma
|-resisted|p1a: magma
|-damage|p1a: magma|55/100
|
|t:|1760870403
|switch|p2a: Lokix|Lokix, M|100/100|[from] U-turn
|
|-weather|none
|upkeep
|turn|17
|
|t:|1760870409
|switch|p1a: Iron Valiant|Iron Valiant|88/100
|-damage|p1a: Iron Valiant|82/100|[from] Stealth Rock
|move|p2a: Lokix|First Impression|p1a: Iron Valiant
|-resisted|p1a: Iron Valiant
|-damage|p1a: Iron Valiant|38/100
|
|upkeep
|turn|18
|inactive|zard._slayer has 120 seconds left.
|
|t:|1760870417
|switch|p2a: Corviknight|Corviknight, M|58/100
|move|p1a: Iron Valiant|Moonblast|p2a: Corviknight
|-resisted|p2a: Corviknight
|-crit|p2a: Corviknight
|-damage|p2a: Corviknight|33/100
|
|-heal|p2a: Corviknight|39/100|[from] item: Leftovers
|upkeep
|turn|19
|inactive|zard._slayer has 120 seconds left.
|
|t:|1760870428
|move|p1a: Iron Valiant|Shadow Ball|p2a: Corviknight
|-damage|p2a: Corviknight|21/100
|move|p2a: Corviknight|Roost|p2a: Corviknight
|-heal|p2a: Corviknight|71/100
|-singleturn|p2a: Corviknight|move: Roost
|
|-heal|p2a: Corviknight|77/100|[from] item: Leftovers
|upkeep
|turn|20
|inactive|zard._slayer has 120 seconds left.
|
|t:|1760870438
|move|p1a: Iron Valiant|Encore|p2a: Corviknight
|-start|p2a: Corviknight|Encore
|move|p2a: Corviknight|Roost|p2a: Corviknight
|-heal|p2a: Corviknight|100/100
|-singleturn|p2a: Corviknight|move: Roost
|
|upkeep
|turn|21
|
|t:|1760870445
|switch|p2a: Alomomola|Alomomola, F|100/100
|move|p1a: Iron Valiant|Calm Mind|p1a: Iron Valiant
|-boost|p1a: Iron Valiant|spa|1
|-boost|p1a: Iron Valiant|spd|1
|
|upkeep
|turn|22
|
|t:|1760870451
|move|p1a: Iron Valiant|Calm Mind|p1a: Iron Valiant
|-boost|p1a: Iron Valiant|spa|1
|-boost|p1a: Iron Valiant|spd|1
|move|p2a: Alomomola|Flip Turn|p1a: Iron Valiant
|-damage|p1a: Iron Valiant|14/100
|l|☆FZPIR
|inactive|FZPIR disconnected and has a minute to reconnect!
|player|p2|
|j|☆FZPIR
|inactive|FZPIR reconnected and has 140 seconds left.
|player|p2|FZPIR|169|
|
|t:|1760870471
|switch|p2a: Lokix|Lokix, M|100/100|[from] Flip Turn
|
|upkeep
|turn|23
|
|t:|1760870479
|move|p2a: Lokix|First Impression|p1a: Iron Valiant
|-resisted|p1a: Iron Valiant
|-damage|p1a: Iron Valiant|0 fnt
|faint|p1a: Iron Valiant
|-end|p1a: Iron Valiant|Quark Drive|[silent]
|
|upkeep
|
|t:|1760870483
|switch|p1a: magma|Typhlosion-Hisui, F, shiny|55/100
|-damage|p1a: magma|30/100|[from] Stealth Rock
|-item|p2a: Lokix|Choice Band|[from] ability: Frisk|[of] p1a: magma
|turn|24
|
|t:|1760870492
|switch|p2a: Corviknight|Corviknight, M|100/100
|move|p1a: magma|Eruption|p2a: Corviknight
|-supereffective|p2a: Corviknight
|-damage|p2a: Corviknight|65/100
|
|-heal|p2a: Corviknight|72/100|[from] item: Leftovers
|upkeep
|turn|25
|
|t:|1760870499
|move|p1a: magma|Eruption|p2a: Corviknight
|-supereffective|p2a: Corviknight
|-damage|p2a: Corviknight|43/100
|move|p2a: Corviknight|Brave Bird|p1a: magma
|-damage|p1a: magma|0 fnt
|faint|p1a: magma
|-damage|p2a: Corviknight|36/100|[from] Recoil
|
|win|FZPIR
|raw|zard._slayer's rating: 1251 &rarr; <strong>1222</strong><br />(-29 for losing)
|raw|FZPIR's rating: 1196 &rarr; <strong>1225</strong><br />(+29 for winning)
|l|☆zard._slayer
|player|p1|
