|j|☆seber168耿鬼
|j|☆yizhuce风速狗皇
|t:|1760852123
|gametype|singles
|player|p1|seber168耿鬼|ghetsis|
|player|p2|yizhuce风速狗皇|1|
|gen|9
|tier|[Gen 9] OU
|rule|HP Percentage Mod: HP is shown in percentages
|rule|Endless Battle Clause: Forcing endless battles is banned
|rule|Species Clause: Limit one of each Pokémon
|rule|OHKO Clause: OHKO moves are banned
|rule|Evasion Items Clause: Evasion items are banned
|rule|Evasion Moves Clause: Evasion moves are banned
|rule|Evasion Abilities Clause: Evasion abilities are banned
|rule|Sleep Moves Clause: Sleep-inducing moves are banned
|clearpoke
|poke|p1|Raging Bolt|
|poke|p1|Iron Treads|
|poke|p1|Ting-Lu|
|poke|p1|Gholdengo|
|poke|p1|Zamazenta-*|
|poke|p1|Tornadus-Therian, M|
|poke|p2|Zamazenta-*|
|poke|p2|Walking Wake|
|poke|p2|Ninetales, F|
|poke|p2|Iron Treads|
|poke|p2|Alomomola, F|
|poke|p2|Mandibuzz, F|
|teampreview
|c|☆yizhuce风速狗皇|我属于完全不会ou的那种
|c|☆yizhuce风速狗皇|不熟悉环境
|c|☆seber168耿鬼|一样
|
|t:|1760852145
|teamsize|p1|6
|teamsize|p2|6
|start
|switch|p1a: Iron Treads|Iron Treads|100/100
|switch|p2a: Iron Treads|Iron Treads|100/100
|-enditem|p1a: Iron Treads|Booster Energy
|-activate|p1a: Iron Treads|ability: Quark Drive|[fromitem]
|-start|p1a: Iron Treads|quarkdrivespe
|turn|1
|
|t:|1760852163
|-end|p2a: Iron Treads|Quark Drive|[silent]
|switch|p2a: Alomomola|Alomomola, F|100/100
|move|p1a: Iron Treads|Stone Edge|p2a: Alomomola
|-damage|p2a: Alomomola|77/100
|
|upkeep
|turn|2
|c|☆yizhuce风速狗皇|？
|c|☆yizhuce风速狗皇|这是读秃鹫吗
|c|☆seber168耿鬼|就是想找中国人玩
|c|☆yizhuce风速狗皇|哦哦
|c|☆seber168耿鬼|我一点不会
|c|☆yizhuce风速狗皇|豪德
|
|t:|1760852206
|-end|p1a: Iron Treads|Quark Drive|[silent]
|switch|p1a: Raging Bolt|Raging Bolt|100/100
|-enditem|p1a: Raging Bolt|Booster Energy
|-activate|p1a: Raging Bolt|ability: Protosynthesis|[fromitem]
|-start|p1a: Raging Bolt|protosynthesisspa
|move|p2a: Alomomola|Flip Turn|p1a: Raging Bolt
|-resisted|p1a: Raging Bolt
|-damage|p1a: Raging Bolt|95/100
|
|t:|1760852216
|switch|p2a: Iron Treads|Iron Treads|100/100|[from] Flip Turn
|
|upkeep
|turn|3
|
|t:|1760852225
|-terastallize|p1a: Raging Bolt|Fairy
|move|p2a: Iron Treads|Stealth Rock|p1a: Raging Bolt
|-sidestart|p1: seber168耿鬼|move: Stealth Rock
|move|p1a: Raging Bolt|Dragon Pulse|p2a: Iron Treads
|-resisted|p2a: Iron Treads
|-damage|p2a: Iron Treads|75/100
|
|-heal|p2a: Iron Treads|81/100|[from] item: Leftovers
|upkeep
|turn|4
|
|t:|1760852246
|-end|p1a: Raging Bolt|Protosynthesis|[silent]
|switch|p1a: Iron Treads|Iron Treads|100/100
|-damage|p1a: Iron Treads|98/100|[from] Stealth Rock
|move|p2a: Iron Treads|Earthquake|p1a: Iron Treads
|-supereffective|p1a: Iron Treads
|-damage|p1a: Iron Treads|28/100
|
|-heal|p2a: Iron Treads|87/100|[from] item: Leftovers
|upkeep
|turn|5
|c|☆yizhuce风速狗皇|你这感觉确实是不会蛤
|
|t:|1760852254
|move|p1a: Iron Treads|Rapid Spin|p2a: Iron Treads
|-resisted|p2a: Iron Treads
|-damage|p2a: Iron Treads|81/100
|-boost|p1a: Iron Treads|spe|1
|-sideend|p1: seber168耿鬼|Stealth Rock|[from] move: Rapid Spin|[of] p1a: Iron Treads
|move|p2a: Iron Treads|Earthquake|p1a: Iron Treads
|-supereffective|p1a: Iron Treads
|-crit|p1a: Iron Treads
|-damage|p1a: Iron Treads|0 fnt
|faint|p1a: Iron Treads
|-end|p1a: Iron Treads|Quark Drive|[silent]
|
|-heal|p2a: Iron Treads|87/100|[from] item: Leftovers
|upkeep
|
|t:|1760852266
|switch|p1a: Tornadus|Tornadus-Therian, M|100/100
|turn|6
|
|t:|1760852273
|move|p1a: Tornadus|Bleakwind Storm|p2a: Iron Treads
|-resisted|p2a: Iron Treads
|-damage|p2a: Iron Treads|64/100
|-unboost|p2a: Iron Treads|spe|1
|-damage|p1a: Tornadus|91/100|[from] item: Life Orb
|move|p2a: Iron Treads|Stealth Rock|p1a: Tornadus
|-sidestart|p1: seber168耿鬼|move: Stealth Rock
|
|-heal|p2a: Iron Treads|70/100|[from] item: Leftovers
|upkeep
|turn|7
|
|t:|1760852285
|move|p1a: Tornadus|Dark Pulse|p2a: Iron Treads
|-damage|p2a: Iron Treads|42/100
|-damage|p1a: Tornadus|81/100|[from] item: Life Orb
|cant|p2a: Iron Treads|flinch
|
|-heal|p2a: Iron Treads|49/100|[from] item: Leftovers
|upkeep
|turn|8
|c|☆yizhuce风速狗皇|先背个属性克制？
|
|t:|1760852297
|-end|p2a: Iron Treads|Quark Drive|[silent]
|switch|p2a: Alomomola|Alomomola, F|100/100
|move|p1a: Tornadus|Dark Pulse|p2a: Alomomola
|-damage|p2a: Alomomola|84/100
|-damage|p1a: Tornadus|71/100|[from] item: Life Orb
|
|upkeep
|turn|9
|
|t:|1760852306
|switch|p1a: Raging Bolt|Raging Bolt, tera:Fairy|95/100
|-damage|p1a: Raging Bolt|82/100|[from] Stealth Rock
|move|p2a: Alomomola|Flip Turn|p1a: Raging Bolt
|-damage|p1a: Raging Bolt|69/100
|
|t:|1760852316
|switch|p2a: Iron Treads|Iron Treads|49/100|[from] Flip Turn
|
|-heal|p2a: Iron Treads|55/100|[from] item: Leftovers
|upkeep
|turn|10
|c|☆seber168耿鬼|6
|
|t:|1760852325
|move|p2a: Iron Treads|Volt Switch|p1a: Raging Bolt
|-damage|p1a: Raging Bolt|59/100
|
|t:|1760852330
|-end|p2a: Iron Treads|Quark Drive|[silent]
|switch|p2a: Alomomola|Alomomola, F|100/100|[from] Volt Switch
|move|p1a: Raging Bolt|Dragon Pulse|p2a: Alomomola
|-damage|p2a: Alomomola|73/100
|
|upkeep
|turn|11
|
|t:|1760852344
|-end|p1a: Raging Bolt|Protosynthesis|[silent]
|switch|p1a: Gholdengo|Gholdengo|100/100
|-damage|p1a: Gholdengo|94/100|[from] Stealth Rock
|-item|p1a: Gholdengo|Air Balloon
|switch|p2a: Iron Treads|Iron Treads|55/100
|
|-heal|p2a: Iron Treads|61/100|[from] item: Leftovers
|upkeep
|turn|12
|c|☆yizhuce风速狗皇|我的意思是要不要先记一下属性克制的问题
|
|t:|1760852358
|move|p2a: Iron Treads|Volt Switch|p1a: Gholdengo
|-damage|p1a: Gholdengo|82/100
|-enditem|p1a: Gholdengo|Air Balloon
|
|t:|1760852363
|-end|p2a: Iron Treads|Quark Drive|[silent]
|switch|p2a: Alomomola|Alomomola, F|100/100|[from] Volt Switch
|move|p1a: Gholdengo|Nasty Plot|p1a: Gholdengo
|-boost|p1a: Gholdengo|spa|2
|
|upkeep
|turn|13
|
|t:|1760852372
|move|p1a: Gholdengo|Shadow Ball|p2a: Alomomola
|-damage|p2a: Alomomola|58/100
|move|p2a: Alomomola|Mirror Coat|p1a: Gholdengo
|-damage|p1a: Gholdengo|0 fnt
|faint|p1a: Gholdengo
|
|upkeep
|
|t:|1760852380
|switch|p1a: Ting-Lu|Ting-Lu|100/100
|-damage|p1a: Ting-Lu|94/100|[from] Stealth Rock
|-ability|p1a: Ting-Lu|Vessel of Ruin
|turn|14
|
|t:|1760852390
|move|p1a: Ting-Lu|Ruination|p2a: Alomomola
|-damage|p2a: Alomomola|29/100
|move|p2a: Alomomola|Flip Turn|p1a: Ting-Lu
|-supereffective|p1a: Ting-Lu
|-damage|p1a: Ting-Lu|77/100
|-enditem|p1a: Ting-Lu|Weakness Policy
|-boost|p1a: Ting-Lu|atk|2|[from] item: Weakness Policy
|-boost|p1a: Ting-Lu|spa|2|[from] item: Weakness Policy
|
|t:|1760852396
|switch|p2a: Zamazenta|Zamazenta|100/100|[from] Flip Turn
|-ability|p2a: Zamazenta|Dauntless Shield|boost
|-boost|p2a: Zamazenta|def|1
|
|upkeep
|turn|15
|
|t:|1760852409
|move|p2a: Zamazenta|Close Combat|p1a: Ting-Lu
|-supereffective|p1a: Ting-Lu
|-damage|p1a: Ting-Lu|0 fnt
|-unboost|p2a: Zamazenta|def|1
|-unboost|p2a: Zamazenta|spd|1
|faint|p1a: Ting-Lu
|-damage|p2a: Zamazenta|91/100|[from] item: Life Orb
|
|upkeep
|
|t:|1760852415
|switch|p1a: Tornadus|Tornadus-Therian, M|100/100
|-damage|p1a: Tornadus|76/100|[from] Stealth Rock
|turn|16
|
|t:|1760852423
|switch|p2a: Mandibuzz|Mandibuzz, F|100/100
|move|p1a: Tornadus|Nasty Plot|p1a: Tornadus
|-boost|p1a: Tornadus|spa|2
|
|upkeep
|turn|17
|
|t:|1760852431
|move|p1a: Tornadus|Dark Pulse|p2a: Mandibuzz
|-resisted|p2a: Mandibuzz
|-damage|p2a: Mandibuzz|76/100
|-damage|p1a: Tornadus|66/100|[from] item: Life Orb
|move|p2a: Mandibuzz|U-turn|p1a: Tornadus
|-resisted|p1a: Tornadus
|-crit|p1a: Tornadus
|-damage|p1a: Tornadus|54/100
|
|t:|1760852436
|switch|p2a: Walking Wake|Walking Wake|100/100|[from] U-turn
|
|upkeep
|turn|18
|c|☆yizhuce风速狗皇|哎呀呀
|c|☆yizhuce风速狗皇|点错了
|-message|seber168耿鬼 forfeited.
|
|win|yizhuce风速狗皇
|c|☆yizhuce风速狗皇|？
