|j|☆zebramessiah
|j|☆moizette
|t:|1760764602
|gametype|singles
|player|p1|zebramessiah|dancer|1073
|player|p2|moizette|gentleman-gen4|1158
|gen|9
|tier|[Gen 9] OU
|rated|
|rule|HP Percentage Mod: HP is shown in percentages
|rule|Endless Battle Clause: Forcing endless battles is banned
|rule|Species Clause: Limit one of each Pokémon
|rule|OHKO Clause: OHKO moves are banned
|rule|Evasion Items Clause: Evasion items are banned
|rule|Evasion Moves Clause: Evasion moves are banned
|rule|Evasion Abilities Clause: Evasion abilities are banned
|rule|Sleep Moves Clause: Sleep-inducing moves are banned
|clearpoke
|poke|p1|Regidrago|
|poke|p1|Milotic, F|
|poke|p1|Lycanroc-Dusk, F|
|poke|p1|Pyroar, M|
|poke|p1|Forretress, M|
|poke|p1|Overqwil, M|
|poke|p2|Gholdengo|
|poke|p2|Excadrill, F|
|poke|p2|Tyranitar, M|
|poke|p2|Corviknight, M|
|poke|p2|Garganacl, F|
|poke|p2|Alomomola, F|
|teampreview
|
|t:|1760764612
|teamsize|p1|6
|teamsize|p2|6
|start
|switch|p1a: Milotic|Milotic, F|100/100
|switch|p2a: Tyranitar|Tyranitar, M|100/100
|-weather|Sandstorm|[from] ability: Sand Stream|[of] p2a: Tyranitar
|turn|1
|inactive|Battle timer is ON: inactive players will automatically lose when time's up. (requested by moizette)
|
|t:|1760764625
|move|p1a: Milotic|Flip Turn|p2a: Tyranitar
|-supereffective|p2a: Tyranitar
|-damage|p2a: Tyranitar|81/100
|
|t:|1760764632
|switch|p1a: Forretress|Forretress, M|100/100|[from] Flip Turn
|move|p2a: Tyranitar|Stealth Rock|p1a: Forretress
|-sidestart|p1: zebramessiah|move: Stealth Rock
|
|-weather|Sandstorm|[upkeep]
|upkeep
|turn|2
|
|t:|1760764644
|switch|p2a: Gholdengo|Gholdengo|100/100
|move|p1a: Forretress|Toxic Spikes|p2a: Gholdengo
|-sidestart|p2: moizette|move: Toxic Spikes
|
|-weather|Sandstorm|[upkeep]
|upkeep
|turn|3
|
|t:|1760764661
|move|p2a: Gholdengo|Focus Blast|p1a: Forretress
|-damage|p1a: Forretress|8/100
|move|p1a: Forretress|Toxic Spikes|p2a: Gholdengo
|-sidestart|p2: moizette|move: Toxic Spikes
|
|-weather|Sandstorm|[upkeep]
|upkeep
|turn|4
|
|t:|1760764671
|move|p2a: Gholdengo|Focus Blast|p1a: Forretress
|-damage|p1a: Forretress|0 fnt
|faint|p1a: Forretress
|
|-weather|Sandstorm|[upkeep]
|upkeep
|
|t:|1760764684
|switch|p1a: Pyroar|Pyroar, M, shiny|100/100
|-damage|p1a: Pyroar|76/100|[from] Stealth Rock
|turn|5
|
|t:|1760764695
|-terastallize|p2a: Gholdengo|Fairy
|move|p1a: Pyroar|Flamethrower|p2a: Gholdengo
|-damage|p2a: Gholdengo|54/100
|move|p2a: Gholdengo|Focus Blast|p1a: Pyroar|[miss]
|-miss|p2a: Gholdengo|p1a: Pyroar
|
|-weather|Sandstorm|[upkeep]
|-damage|p1a: Pyroar|70/100|[from] Sandstorm
|-damage|p2a: Gholdengo|48/100|[from] Sandstorm
|upkeep
|turn|6
|
|t:|1760764704
|switch|p2a: Garganacl|Garganacl, F|100/100
|move|p1a: Pyroar|Hyper Voice|p2a: Garganacl
|-resisted|p2a: Garganacl
|-damage|p2a: Garganacl|93/100
|-enditem|p1a: Pyroar|Throat Spray
|-boost|p1a: Pyroar|spa|1|[from] item: Throat Spray
|
|-weather|Sandstorm|[upkeep]
|-damage|p1a: Pyroar|63/100|[from] Sandstorm
|upkeep
|turn|7
|inactive|zebramessiah has 120 seconds left.
|
|t:|1760764731
|switch|p1a: Milotic|Milotic, F|100/100
|-damage|p1a: Milotic|88/100|[from] Stealth Rock
|move|p2a: Garganacl|Salt Cure|p1a: Milotic
|-damage|p1a: Milotic|76/100
|-start|p1a: Milotic|Salt Cure
|
|-weather|Sandstorm|[upkeep]
|-damage|p1a: Milotic|70/100|[from] Sandstorm
|-damage|p1a: Milotic|45/100|[from] Salt Cure
|-status|p1a: Milotic|brn|[from] item: Flame Orb
|upkeep
|turn|8
|inactive|zebramessiah has 120 seconds left.
|
|t:|1760764745
|switch|p2a: Corviknight|Corviknight, M|100/100
|-ability|p2a: Corviknight|Pressure
|move|p1a: Milotic|Recover|p1a: Milotic
|-heal|p1a: Milotic|95/100 brn
|
|-weather|none
|-damage|p1a: Milotic|89/100 brn|[from] brn
|-damage|p1a: Milotic|64/100 brn|[from] Salt Cure
|upkeep
|turn|9
|inactive|zebramessiah has 120 seconds left.
|
|t:|1760764762
|move|p1a: Milotic|Flip Turn|p2a: Corviknight
|-damage|p2a: Corviknight|97/100
|
|t:|1760764777
|switch|p1a: Regidrago|Regidrago|100/100|[from] Flip Turn
|-damage|p1a: Regidrago|88/100|[from] Stealth Rock
|move|p2a: Corviknight|Defog|p1a: Regidrago
|-unboost|p1a: Regidrago|evasion|1
|-sideend|p1: zebramessiah|Stealth Rock|[from] move: Defog|[of] p2a: Corviknight
|-sideend|p2: moizette|Toxic Spikes|[from] move: Defog|[of] p2a: Corviknight
|
|-heal|p2a: Corviknight|100/100|[from] item: Leftovers
|upkeep
|turn|10
|
|t:|1760764793
|move|p1a: Regidrago|Earth Power|p2a: Corviknight
|-immune|p2a: Corviknight
|move|p2a: Corviknight|Brave Bird|p1a: Regidrago
|-damage|p1a: Regidrago|48/100
|-damage|p2a: Corviknight|82/100|[from] Recoil
|
|-heal|p2a: Corviknight|89/100|[from] item: Leftovers
|upkeep
|turn|11
|inactive|zebramessiah has 90 seconds left.
|
|t:|1760764822
|switch|p1a: Pyroar|Pyroar, M, shiny|63/100
|switch|p2a: Tyranitar|Tyranitar, M|81/100
|-weather|Sandstorm|[from] ability: Sand Stream|[of] p2a: Tyranitar
|
|-weather|Sandstorm|[upkeep]
|-damage|p1a: Pyroar|57/100|[from] Sandstorm
|upkeep
|turn|12
|
|t:|1760764831
|move|p1a: Pyroar|Will-O-Wisp|p2a: Tyranitar|[miss]
|-miss|p1a: Pyroar|p2a: Tyranitar
|move|p2a: Tyranitar|Stealth Rock|p1a: Pyroar
|-sidestart|p1: zebramessiah|move: Stealth Rock
|
|-weather|Sandstorm|[upkeep]
|-damage|p1a: Pyroar|51/100|[from] Sandstorm
|upkeep
|turn|13
|
|t:|1760764840
|switch|p2a: Garganacl|Garganacl, F|93/100
|move|p1a: Pyroar|Will-O-Wisp|p2a: Garganacl
|-immune|p2a: Garganacl|[from] ability: Purifying Salt
|
|-weather|Sandstorm|[upkeep]
|-damage|p1a: Pyroar|45/100|[from] Sandstorm
|upkeep
|turn|14
|
|t:|1760764856
|switch|p1a: Milotic|Milotic, F|64/100 brn
|-damage|p1a: Milotic|51/100 brn|[from] Stealth Rock
|move|p2a: Garganacl|Salt Cure|p1a: Milotic
|-damage|p1a: Milotic|43/100 brn
|-start|p1a: Milotic|Salt Cure
|
|-weather|Sandstorm|[upkeep]
|-damage|p1a: Milotic|37/100 brn|[from] Sandstorm
|-damage|p1a: Milotic|31/100 brn|[from] brn
|-damage|p1a: Milotic|6/100 brn|[from] Salt Cure
|upkeep
|turn|15
|
|t:|1760764868
|switch|p2a: Excadrill|Excadrill, F|100/100
|move|p1a: Milotic|Recover|p1a: Milotic
|-heal|p1a: Milotic|56/100 brn
|
|-weather|Sandstorm|[upkeep]
|-damage|p1a: Milotic|50/100 brn|[from] Sandstorm
|-damage|p1a: Milotic|44/100 brn|[from] brn
|-damage|p1a: Milotic|19/100 brn|[from] Salt Cure
|upkeep
|turn|16
|
|t:|1760764878
|move|p2a: Excadrill|Hone Claws|p2a: Excadrill
|-boost|p2a: Excadrill|atk|1
|-boost|p2a: Excadrill|accuracy|1
|move|p1a: Milotic|Flip Turn|p2a: Excadrill
|-supereffective|p2a: Excadrill
|-damage|p2a: Excadrill|84/100
|
|t:|1760764886
|switch|p1a: Lycanroc|Lycanroc-Dusk, F|100/100|[from] Flip Turn
|-damage|p1a: Lycanroc|88/100|[from] Stealth Rock
|
|-weather|Sandstorm|[upkeep]
|upkeep
|turn|17
|inactive|zebramessiah has 90 seconds left.
|
|t:|1760764903
|move|p2a: Excadrill|Iron Head|p1a: Lycanroc
|-supereffective|p1a: Lycanroc
|-damage|p1a: Lycanroc|0 fnt
|faint|p1a: Lycanroc
|
|-weather|Sandstorm|[upkeep]
|upkeep
|inactive|zebramessiah has 90 seconds left.
|
|t:|1760764914
|switch|p1a: Milotic|Milotic, F|19/100 brn
|-damage|p1a: Milotic|6/100 brn|[from] Stealth Rock
|turn|18
|
|t:|1760764920
|move|p2a: Excadrill|Rock Blast|p1a: Milotic
|-damage|p1a: Milotic|0 fnt
|faint|p1a: Milotic
|-hitcount|p1: Milotic|1
|
|-weather|none
|upkeep
|-message|zebramessiah forfeited.
|
|win|moizette
|raw|zebramessiah's rating: 1073 &rarr; <strong>1057</strong><br />(-16 for losing)
|raw|moizette's rating: 1158 &rarr; <strong>1177</strong><br />(+19 for winning)
|l|☆zebramessiah
|player|p1|
|l|☆moizette
|player|p2|
