|j|☆Yukigegolkifg
|j|☆jadenthesilly2
|t:|1760808055
|gametype|singles
|player|p1|Yukigegolkifg|2|1094
|player|p2|jadenthesilly2|hilbert|1147
|gen|9
|tier|[Gen 9] OU
|rated|
|rule|HP Percentage Mod: HP is shown in percentages
|rule|Endless Battle Clause: Forcing endless battles is banned
|rule|Species Clause: Limit one of each Pokémon
|rule|OHKO Clause: OHKO moves are banned
|rule|Evasion Items Clause: Evasion items are banned
|rule|Evasion Moves Clause: Evasion moves are banned
|rule|Evasion Abilities Clause: Evasion abilities are banned
|rule|Sleep Moves Clause: Sleep-inducing moves are banned
|clearpoke
|poke|p1|Houndstone, F|
|poke|p1|Metagross|
|poke|p1|Duraludon, M|
|poke|p1|Mienshao, M|
|poke|p1|Kilowattrel, M|
|poke|p1|Salamence, M|
|poke|p2|Ceruledge, M|
|poke|p2|Meowscarada, F|
|poke|p2|Primarina, F|
|poke|p2|Luxray, M|
|poke|p2|Dragonite, F|
|poke|p2|Scizor, M|
|teampreview
|inactive|Battle timer is ON: inactive players will automatically lose when time's up. (requested by jadenthesilly2)
|
|t:|1760808077
|teamsize|p1|6
|teamsize|p2|6
|start
|switch|p1a: Mienshao|Mienshao, M|100/100
|switch|p2a: Meowscarada|Meowscarada, F|100/100
|turn|1
|
|t:|1760808105
|move|p1a: Mienshao|Close Combat|p2a: Meowscarada
|-supereffective|p2a: Meowscarada
|-damage|p2a: Meowscarada|0 fnt
|-unboost|p1a: Mienshao|def|1
|-unboost|p1a: Mienshao|spd|1
|faint|p2a: Meowscarada
|
|upkeep
|
|t:|1760808112
|switch|p2a: Ceruledge|Ceruledge, M|100/100
|turn|2
|
|t:|1760808133
|switch|p1a: Duraludon|Duraludon, M|100/100
|move|p2a: Ceruledge|Swords Dance|p2a: Ceruledge
|-boost|p2a: Ceruledge|atk|2
|
|upkeep
|turn|3
|
|t:|1760808141
|move|p2a: Ceruledge|Bitter Blade|p1a: Duraludon
|-damage|p1a: Duraludon|45/100
|-damage|p2a: Ceruledge|84/100|[from] item: Rocky Helmet|[of] p1a: Duraludon
|move|p1a: Duraludon|Roar|p2a: Ceruledge
|drag|p2a: Luxray|Luxray, M|100/100
|
|upkeep
|turn|4
|
|t:|1760808158
|switch|p2a: Ceruledge|Ceruledge, M|84/100
|move|p1a: Duraludon|Stealth Rock|p2a: Ceruledge
|-sidestart|p2: jadenthesilly2|move: Stealth Rock
|
|-heal|p2a: Ceruledge|90/100|[from] item: Leftovers
|upkeep
|turn|5
|
|t:|1760808182
|switch|p1a: Salamence|Salamence, M|100/100
|move|p2a: Ceruledge|Swords Dance|p2a: Ceruledge
|-boost|p2a: Ceruledge|atk|2
|
|-heal|p2a: Ceruledge|96/100|[from] item: Leftovers
|upkeep
|turn|6
|
|t:|1760808201
|move|p1a: Salamence|Earthquake|p2a: Ceruledge
|-supereffective|p2a: Ceruledge
|-damage|p2a: Ceruledge|3/100
|move|p2a: Ceruledge|Swords Dance|p2a: Ceruledge
|-boost|p2a: Ceruledge|atk|2
|
|-heal|p2a: Ceruledge|9/100|[from] item: Leftovers
|upkeep
|turn|7
|
|t:|1760808210
|move|p2a: Ceruledge|Shadow Sneak|p1a: Salamence
|-damage|p1a: Salamence|23/100
|move|p1a: Salamence|Dragon Claw|p2a: Ceruledge
|-damage|p2a: Ceruledge|0 fnt
|faint|p2a: Ceruledge
|-ability|p1a: Salamence|Moxie|boost
|-boost|p1a: Salamence|atk|1
|
|upkeep
|
|t:|1760808217
|switch|p2a: Luxray|Luxray, M|100/100
|-damage|p2a: Luxray|88/100|[from] Stealth Rock
|turn|8
|
|t:|1760808227
|-terastallize|p2a: Luxray|Normal
|move|p1a: Salamence|Earthquake|p2a: Luxray
|-damage|p2a: Luxray|8/100
|move|p2a: Luxray|Ice Fang|p1a: Salamence
|-supereffective|p1a: Salamence
|-damage|p1a: Salamence|0 fnt
|faint|p1a: Salamence
|
|upkeep
|
|t:|1760808236
|switch|p1a: Mienshao|Mienshao, M|100/100
|turn|9
|
|t:|1760808250
|switch|p2a: Primarina|Primarina, F|100/100
|-damage|p2a: Primarina|88/100|[from] Stealth Rock
|move|p1a: Mienshao|U-turn|p2a: Primarina
|-resisted|p2a: Primarina
|-damage|p2a: Primarina|73/100
|l|☆jadenthesilly2
|inactive|jadenthesilly2 disconnected and has a minute to reconnect!
|player|p2|
|
|t:|1760808259
|switch|p1a: Kilowattrel|Kilowattrel, M|100/100|[from] U-turn
|
|-heal|p2a: Primarina|79/100|[from] item: Leftovers
|upkeep
|turn|10
|inactive|jadenthesilly2 has 30 seconds to reconnect!
|inactive|jadenthesilly2 has 20 seconds to reconnect!
|inactive|jadenthesilly2 has 15 seconds to reconnect!
|inactive|jadenthesilly2 has 10 seconds to reconnect!
|inactive|jadenthesilly2 has 5 seconds to reconnect!
|-message|jadenthesilly2 lost due to inactivity.
|
|win|Yukigegolkifg
|raw|Yukigegolkifg's rating: 1094 &rarr; <strong>1124</strong><br />(+30 for winning)
|raw|jadenthesilly2's rating: 1147 &rarr; <strong>1118</strong><br />(-29 for losing)
|l|☆Yukigegolkifg
|player|p1|
