|j|☆papa macaroni
|j|☆Xaystrax
|t:|1760791951
|gametype|singles
|player|p1|papa macaroni|gentleman-gen4|1181
|player|p2|Xaystrax|102|1217
|gen|9
|tier|[Gen 9] OU
|rated|
|rule|HP Percentage Mod: HP is shown in percentages
|rule|Endless Battle Clause: Forcing endless battles is banned
|rule|Species Clause: Limit one of each Pokémon
|rule|OHKO Clause: OHKO moves are banned
|rule|Evasion Items Clause: Evasion items are banned
|rule|Evasion Moves Clause: Evasion moves are banned
|rule|Evasion Abilities Clause: Evasion abilities are banned
|rule|Sleep Moves Clause: Sleep-inducing moves are banned
|clearpoke
|poke|p1|Pincurchin, F|
|poke|p1|Tentacruel, F|
|poke|p1|Quaquaval, M|
|poke|p1|Meowscarada, M|
|poke|p1|Corviknight, F|
|poke|p1|Iron Moth|
|poke|p2|Blissey, F|
|poke|p2|Toxapex, F|
|poke|p2|Gliscor, F|
|poke|p2|Goodra-Hisui, F|
|poke|p2|Darkrai|
|poke|p2|Dragapult, F|
|teampreview
|inactive|Battle timer is ON: inactive players will automatically lose when time's up. (requested by papa macaroni)
|
|t:|1760791964
|teamsize|p1|6
|teamsize|p2|6
|start
|switch|p1a: Pincurchin|Pincurchin, F|100/100
|switch|p2a: Blissey|Blissey, F|100/100
|-fieldstart|move: Electric Terrain|[from] ability: Electric Surge|[of] p1a: Pincurchin
|turn|1
|
|t:|1760791976
|move|p2a: Blissey|Stealth Rock|p1a: Pincurchin
|-sidestart|p1: papa macaroni|move: Stealth Rock
|move|p1a: Pincurchin|Supercell Slam|p2a: Blissey
|-damage|p2a: Blissey|37/100
|
|upkeep
|turn|2
|
|t:|1760791987
|switch|p2a: Gliscor|Gliscor, F|100/100
|move|p1a: Pincurchin|Spikes|p2a: Gliscor
|-sidestart|p2: Xaystrax|Spikes
|
|-status|p2a: Gliscor|tox|[from] item: Toxic Orb
|upkeep
|turn|3
|
|t:|1760791996
|move|p2a: Gliscor|U-turn|p1a: Pincurchin
|-damage|p1a: Pincurchin|82/100
|
|t:|1760792002
|switch|p2a: Darkrai|Darkrai|100/100|[from] U-turn
|-damage|p2a: Darkrai|88/100|[from] Spikes
|move|p1a: Pincurchin|Scald|p2a: Darkrai
|-damage|p2a: Darkrai|66/100
|
|upkeep
|turn|4
|
|t:|1760792011
|switch|p1a: Iron Moth|Iron Moth|100/100
|-damage|p1a: Iron Moth|76/100|[from] Stealth Rock
|-activate|p1a: Iron Moth|ability: Quark Drive
|-start|p1a: Iron Moth|quarkdrivespa
|move|p2a: Darkrai|Dark Pulse|p1a: Iron Moth
|-damage|p1a: Iron Moth|33/100
|
|upkeep
|turn|5
|
|t:|1760792026
|move|p2a: Darkrai|Dark Pulse|p1a: Iron Moth
|-damage|p1a: Iron Moth|0 fnt
|faint|p1a: Iron Moth
|-end|p1a: Iron Moth|Quark Drive|[silent]
|
|-fieldend|move: Electric Terrain
|upkeep
|
|t:|1760792032
|switch|p1a: Tentacruel|Tentacruel, F|100/100
|-damage|p1a: Tentacruel|88/100|[from] Stealth Rock
|turn|6
|
|t:|1760792042
|switch|p2a: Gliscor|Gliscor, F|100/100 tox
|move|p1a: Tentacruel|Whirlpool|p2a: Gliscor|[miss]
|-miss|p1a: Tentacruel|p2a: Gliscor
|
|upkeep
|turn|7
|
|t:|1760792051
|-terastallize|p2a: Gliscor|Water
|move|p1a: Tentacruel|Rapid Spin|p2a: Gliscor
|-damage|p2a: Gliscor|95/100 tox
|-boost|p1a: Tentacruel|spe|1
|-sideend|p1: papa macaroni|Stealth Rock|[from] move: Rapid Spin|[of] p1a: Tentacruel
|move|p2a: Gliscor|Earthquake|p1a: Tentacruel
|-supereffective|p1a: Tentacruel
|-damage|p1a: Tentacruel|0 fnt
|faint|p1a: Tentacruel
|
|-heal|p2a: Gliscor|100/100 tox|[from] ability: Poison Heal
|upkeep
|
|t:|1760792065
|switch|p1a: Meowscarada|Meowscarada, M|100/100
|turn|8
|
|t:|1760792071
|move|p1a: Meowscarada|Petal Blizzard|p2a: Gliscor
|-start|p1a: Meowscarada|typechange|Grass|[from] ability: Protean
|-supereffective|p2a: Gliscor
|-damage|p2a: Gliscor|46/100 tox
|move|p2a: Gliscor|Toxic|p1a: Meowscarada
|-status|p1a: Meowscarada|tox
|
|-damage|p1a: Meowscarada|94/100 tox|[from] psn
|-heal|p2a: Gliscor|58/100 tox|[from] ability: Poison Heal
|upkeep
|turn|9
|-message|papa macaroni forfeited.
|
|win|Xaystrax
|raw|papa macaroni's rating: 1181 &rarr; <strong>1159</strong><br />(-22 for losing)
|raw|Xaystrax's rating: 1217 &rarr; <strong>1239</strong><br />(+22 for winning)
|l|☆papa macaroni
|player|p1|
|l|☆Xaystrax
|player|p2|
