|j|☆XXWQWE
|j|☆berryjuicejoy
|t:|1760851676
|gametype|singles
|player|p1|XXWQWE|169|1099
|player|p2|berryjuicejoy|karen-gen2|1238
|gen|9
|tier|[Gen 9] OU
|rated|
|rule|HP Percentage Mod: HP is shown in percentages
|rule|Endless Battle Clause: Forcing endless battles is banned
|rule|Species Clause: Limit one of each Pokémon
|rule|OHKO Clause: OHKO moves are banned
|rule|Evasion Items Clause: Evasion items are banned
|rule|Evasion Moves Clause: Evasion moves are banned
|rule|Evasion Abilities Clause: Evasion abilities are banned
|rule|Sleep Moves Clause: Sleep-inducing moves are banned
|clearpoke
|poke|p1|Scizor, F|
|poke|p1|Pelipper, M|
|poke|p1|Excadrill, F|
|poke|p1|Crawdaunt, F|
|poke|p1|Ludicolo, M|
|poke|p1|Kingdra, F|
|poke|p2|Darkrai|
|poke|p2|Thundurus, M|
|poke|p2|Zapdos|
|poke|p2|Hatterene, F|
|poke|p2|Dragapult, M|
|poke|p2|Corviknight, M|
|teampreview
|
|t:|1760851700
|teamsize|p1|6
|teamsize|p2|6
|start
|switch|p1a: Excadrill|Excadrill, F|100/100
|switch|p2a: Thundurus|Thundurus, M|100/100
|-ability|p1a: Excadrill|Mold Breaker
|turn|1
|inactive|Battle timer is ON: inactive players will automatically lose when time's up. (requested by berryjuicejoy)
|
|t:|1760851708
|switch|p2a: Corviknight|Corviknight, M|100/100
|-ability|p2a: Corviknight|Pressure
|move|p1a: Excadrill|Stealth Rock|p2a: Corviknight
|-sidestart|p2: berryjuicejoy|move: Stealth Rock
|
|upkeep
|turn|2
|
|t:|1760851716
|move|p1a: Excadrill|Rock Slide|p2a: Corviknight
|-damage|p2a: Corviknight|80/100
|move|p2a: Corviknight|Defog|p1a: Excadrill
|-unboost|p1a: Excadrill|evasion|1
|-sideend|p2: berryjuicejoy|Stealth Rock|[from] move: Defog|[of] p2a: Corviknight
|
|-heal|p2a: Corviknight|86/100|[from] item: Leftovers
|upkeep
|turn|3
|
|t:|1760851732
|move|p1a: Excadrill|Stealth Rock|p2a: Corviknight
|-sidestart|p2: berryjuicejoy|move: Stealth Rock
|move|p2a: Corviknight|Body Press|p1a: Excadrill
|-supereffective|p1a: Excadrill
|-damage|p1a: Excadrill|46/100
|
|-heal|p2a: Corviknight|92/100|[from] item: Leftovers
|upkeep
|turn|4
|
|t:|1760851746
|switch|p1a: Ludicolo|Ludicolo, M|100/100
|move|p2a: Corviknight|Defog|p1a: Ludicolo
|-unboost|p1a: Ludicolo|evasion|1
|-sideend|p2: berryjuicejoy|Stealth Rock|[from] move: Defog|[of] p2a: Corviknight
|
|-heal|p2a: Corviknight|98/100|[from] item: Leftovers
|upkeep
|turn|5
|
|t:|1760851771
|switch|p2a: Hatterene|Hatterene, F|100/100
|move|p1a: Ludicolo|Ice Beam|p2a: Hatterene
|-damage|p2a: Hatterene|81/100
|-damage|p1a: Ludicolo|91/100|[from] item: Life Orb
|
|upkeep
|turn|6
|
|t:|1760851779
|switch|p1a: Scizor|Scizor, F|100/100
|move|p2a: Hatterene|Nuzzle|p1a: Scizor
|-damage|p1a: Scizor|96/100
|-status|p1a: Scizor|par
|
|upkeep
|turn|7
|
|t:|1760851792
|-terastallize|p2a: Hatterene|Fire
|cant|p1a: Scizor|par
|move|p2a: Hatterene|Mystical Fire|p1a: Scizor
|-supereffective|p1a: Scizor
|-damage|p1a: Scizor|0 fnt
|faint|p1a: Scizor
|
|upkeep
|
|t:|1760851804
|switch|p1a: Pelipper|Pelipper, M|100/100
|-weather|RainDance|[from] ability: Drizzle|[of] p1a: Pelipper
|turn|8
|
|t:|1760851811
|move|p1a: Pelipper|Surf|p2a: Hatterene
|-supereffective|p2a: Hatterene
|-damage|p2a: Hatterene|34/100
|move|p2a: Hatterene|Nuzzle|p1a: Pelipper
|-supereffective|p1a: Pelipper
|-damage|p1a: Pelipper|86/100
|-status|p1a: Pelipper|par
|
|-weather|RainDance|[upkeep]
|upkeep
|turn|9
|
|t:|1760851821
|move|p2a: Hatterene|Psychic|p1a: Pelipper
|-damage|p1a: Pelipper|36/100 par
|cant|p1a: Pelipper|par
|
|-weather|RainDance|[upkeep]
|upkeep
|turn|10
|
|t:|1760851828
|move|p2a: Hatterene|Psychic|p1a: Pelipper
|-damage|p1a: Pelipper|0 fnt
|faint|p1a: Pelipper
|
|-weather|RainDance|[upkeep]
|upkeep
|
|t:|1760851834
|switch|p1a: Kingdra|Kingdra, F|100/100
|turn|11
|
|t:|1760851838
|move|p1a: Kingdra|Weather Ball|p2a: Hatterene
|-supereffective|p2a: Hatterene
|-damage|p2a: Hatterene|0 fnt
|faint|p2a: Hatterene
|
|-weather|RainDance|[upkeep]
|upkeep
|
|t:|1760851843
|switch|p2a: Thundurus|Thundurus, M|100/100
|turn|12
|
|t:|1760851851
|switch|p1a: Excadrill|Excadrill, F|46/100
|-ability|p1a: Excadrill|Mold Breaker
|move|p2a: Thundurus|Thunder Wave|p1a: Excadrill
|-immune|p1a: Excadrill
|
|-weather|RainDance|[upkeep]
|upkeep
|turn|13
|
|t:|1760851861
|switch|p2a: Corviknight|Corviknight, M|98/100
|-ability|p2a: Corviknight|Pressure
|move|p1a: Excadrill|Stealth Rock|p2a: Corviknight
|-sidestart|p2: berryjuicejoy|move: Stealth Rock
|
|-weather|RainDance|[upkeep]
|-heal|p2a: Corviknight|100/100|[from] item: Leftovers
|upkeep
|turn|14
|
|t:|1760851874
|switch|p1a: Ludicolo|Ludicolo, M|91/100
|move|p2a: Corviknight|Body Press|p1a: Ludicolo
|-crit|p1a: Ludicolo
|-damage|p1a: Ludicolo|46/100
|
|-weather|RainDance|[upkeep]
|upkeep
|turn|15
|
|t:|1760851884
|move|p1a: Ludicolo|Ice Beam|p2a: Corviknight
|-damage|p2a: Corviknight|77/100
|-damage|p1a: Ludicolo|36/100|[from] item: Life Orb
|move|p2a: Corviknight|Defog|p1a: Ludicolo
|-unboost|p1a: Ludicolo|evasion|1
|-sideend|p2: berryjuicejoy|Stealth Rock|[from] move: Defog|[of] p2a: Corviknight
|
|-weather|none
|-heal|p2a: Corviknight|83/100|[from] item: Leftovers
|upkeep
|turn|16
|
|t:|1760851895
|move|p1a: Ludicolo|Giga Drain|p2a: Corviknight
|-resisted|p2a: Corviknight
|-damage|p2a: Corviknight|75/100
|-heal|p1a: Ludicolo|41/100|[from] drain|[of] p2a: Corviknight
|-damage|p1a: Ludicolo|31/100|[from] item: Life Orb
|move|p2a: Corviknight|Body Press|p1a: Ludicolo
|-damage|p1a: Ludicolo|3/100
|
|-heal|p2a: Corviknight|81/100|[from] item: Leftovers
|upkeep
|turn|17
|
|t:|1760851908
|move|p1a: Ludicolo|Focus Blast|p2a: Corviknight
|-damage|p2a: Corviknight|50/100
|-damage|p1a: Ludicolo|0 fnt|[from] item: Life Orb
|faint|p1a: Ludicolo
|move|p2a: Corviknight|Iron Defense|p2a: Corviknight
|-boost|p2a: Corviknight|def|2
|
|-heal|p2a: Corviknight|56/100|[from] item: Leftovers
|upkeep
|
|t:|1760851924
|switch|p1a: Crawdaunt|Crawdaunt, F|100/100
|turn|18
|
|t:|1760851929
|move|p1a: Crawdaunt|Crunch|p2a: Corviknight
|-damage|p2a: Corviknight|27/100
|-damage|p1a: Crawdaunt|91/100|[from] item: Life Orb
|move|p2a: Corviknight|Body Press|p1a: Crawdaunt
|-supereffective|p1a: Crawdaunt
|-damage|p1a: Crawdaunt|0 fnt
|faint|p1a: Crawdaunt
|
|-heal|p2a: Corviknight|33/100|[from] item: Leftovers
|upkeep
|
|t:|1760851942
|switch|p1a: Kingdra|Kingdra, F|100/100
|turn|19
|
|t:|1760851949
|move|p1a: Kingdra|Draco Meteor|p2a: Corviknight
|-resisted|p2a: Corviknight
|-damage|p2a: Corviknight|2/100
|-unboost|p1a: Kingdra|spa|2
|move|p2a: Corviknight|Body Press|p1a: Kingdra
|-damage|p1a: Kingdra|52/100
|
|-heal|p2a: Corviknight|8/100|[from] item: Leftovers
|upkeep
|turn|20
|
|t:|1760851960
|move|p1a: Kingdra|Draco Meteor|p2a: Corviknight|[miss]
|-miss|p1a: Kingdra|p2a: Corviknight
|move|p2a: Corviknight|Body Press|p1a: Kingdra
|-damage|p1a: Kingdra|4/100
|
|-heal|p2a: Corviknight|14/100|[from] item: Leftovers
|upkeep
|turn|21
|
|t:|1760851969
|move|p1a: Kingdra|Draco Meteor|p2a: Corviknight|[miss]
|-miss|p1a: Kingdra|p2a: Corviknight
|move|p2a: Corviknight|Body Press|p1a: Kingdra
|-damage|p1a: Kingdra|0 fnt
|faint|p1a: Kingdra
|
|-heal|p2a: Corviknight|20/100|[from] item: Leftovers
|upkeep
|
|t:|1760851979
|switch|p1a: Excadrill|Excadrill, F|46/100
|-ability|p1a: Excadrill|Mold Breaker
|turn|22
|
|t:|1760851985
|move|p1a: Excadrill|Rock Slide|p2a: Corviknight
|-damage|p2a: Corviknight|9/100
|cant|p2a: Corviknight|flinch
|
|-heal|p2a: Corviknight|15/100|[from] item: Leftovers
|upkeep
|turn|23
|
|t:|1760851993
|move|p1a: Excadrill|Rock Slide|p2a: Corviknight
|-crit|p2a: Corviknight
|-damage|p2a: Corviknight|0 fnt
|faint|p2a: Corviknight
|
|upkeep
|
|t:|1760852003
|switch|p2a: Dragapult|Dragapult, M|100/100
|turn|24
|
|t:|1760852008
|move|p2a: Dragapult|Flamethrower|p1a: Excadrill
|-supereffective|p1a: Excadrill
|-damage|p1a: Excadrill|0 fnt
|faint|p1a: Excadrill
|-damage|p2a: Dragapult|91/100|[from] item: Life Orb
|
|win|berryjuicejoy
|raw|XXWQWE's rating: 1099 &rarr; <strong>1084</strong><br />(-15 for losing)
|raw|berryjuicejoy's rating: 1238 &rarr; <strong>1253</strong><br />(+15 for winning)
|l|☆berryjuicejoy
|player|p2|
|l|☆XXWQWE
|player|p1|
