|j|☆Gryfounet94
|j|☆Oddyb
|t:|1760774818
|gametype|singles
|player|p1|Gryfounet94|lucas|1086
|player|p2|Oddyb|lucas|1144
|gen|9
|tier|[Gen 9] OU
|rated|
|rule|HP Percentage Mod: HP is shown in percentages
|rule|Endless Battle Clause: Forcing endless battles is banned
|rule|Species Clause: Limit one of each Pokémon
|rule|OHKO Clause: OHKO moves are banned
|rule|Evasion Items Clause: Evasion items are banned
|rule|Evasion Moves Clause: Evasion moves are banned
|rule|Evasion Abilities Clause: Evasion abilities are banned
|rule|Sleep Moves Clause: Sleep-inducing moves are banned
|clearpoke
|poke|p1|Kingambit, M|
|poke|p1|Hatterene, F|
|poke|p1|Ursaluna, M|
|poke|p1|Porygon2|
|poke|p1|Slowbro, F|
|poke|p1|Iron Hands|
|poke|p2|Necrozma|
|poke|p2|Cloyster, M|
|poke|p2|Porygon-Z|
|poke|p2|Regidrago|
|poke|p2|Lucario, M|
|poke|p2|Iron Thorns|
|teampreview
|inactive|Battle timer is ON: inactive players will automatically lose when time's up. (requested by Oddyb)
|
|t:|1760774829
|teamsize|p1|6
|teamsize|p2|6
|start
|switch|p1a: Hatterene|Hatterene, F|100/100
|switch|p2a: Lucario|Lucario, M|100/100
|turn|1
|
|t:|1760774845
|switch|p1a: Iron Hands|Iron Hands|100/100
|move|p2a: Lucario|Flash Cannon|p1a: Iron Hands
|-resisted|p1a: Iron Hands
|-damage|p1a: Iron Hands|74/100
|-damage|p2a: Lucario|90/100|[from] item: Life Orb
|
|upkeep
|turn|2
|
|t:|1760774859
|switch|p2a: Necrozma|Necrozma|100/100
|move|p1a: Iron Hands|Drain Punch|p2a: Necrozma
|-resisted|p2a: Necrozma
|-damage|p2a: Necrozma|70/100
|-heal|p1a: Iron Hands|84/100|[from] drain|[of] p2a: Necrozma
|-damage|p1a: Iron Hands|74/100|[from] item: Life Orb
|
|upkeep
|turn|3
|
|t:|1760774870
|-end|p1a: Iron Hands|Quark Drive|[silent]
|switch|p1a: Slowbro|Slowbro, F|100/100
|move|p2a: Necrozma|Photon Geyser|p1a: Slowbro
|-resisted|p1a: Slowbro
|-damage|p1a: Slowbro|73/100
|
|-heal|p1a: Slowbro|79/100|[from] item: Leftovers
|upkeep
|turn|4
|
|t:|1760774883
|switch|p2a: Porygon-Z|Porygon-Z|100/100
|-ability|p2a: Porygon-Z|Download|boost
|-boost|p2a: Porygon-Z|spa|1
|move|p1a: Slowbro|Trick Room|p1a: Slowbro
|-fieldstart|move: Trick Room|[of] p1a: Slowbro
|
|-heal|p1a: Slowbro|86/100|[from] item: Leftovers
|upkeep
|turn|5
|
|t:|1760774891
|move|p1a: Slowbro|Calm Mind|p1a: Slowbro
|-boost|p1a: Slowbro|spa|1
|-boost|p1a: Slowbro|spd|1
|move|p2a: Porygon-Z|Dark Pulse|p1a: Slowbro
|-supereffective|p1a: Slowbro
|-damage|p1a: Slowbro|0 fnt
|faint|p1a: Slowbro
|
|upkeep
|
|t:|1760774900
|switch|p1a: Iron Hands|Iron Hands|74/100
|turn|6
|
|t:|1760774914
|switch|p2a: Necrozma|Necrozma|70/100
|move|p1a: Iron Hands|Iron Head|p2a: Necrozma
|-damage|p2a: Necrozma|28/100
|-damage|p1a: Iron Hands|64/100|[from] item: Life Orb
|
|upkeep
|turn|7
|
|t:|1760774925
|move|p1a: Iron Hands|Volt Switch|p2a: Necrozma
|-damage|p2a: Necrozma|7/100
|-damage|p1a: Iron Hands|54/100|[from] item: Life Orb
|
|t:|1760774936
|-end|p1a: Iron Hands|Quark Drive|[silent]
|switch|p1a: Hatterene|Hatterene, F|100/100|[from] Volt Switch
|move|p2a: Necrozma|Photon Geyser|p1a: Hatterene
|-resisted|p1a: Hatterene
|-damage|p1a: Hatterene|73/100
|
|upkeep
|turn|8
|
|t:|1760774949
|move|p1a: Hatterene|Shadow Ball|p2a: Necrozma
|-supereffective|p2a: Necrozma
|-damage|p2a: Necrozma|0 fnt
|faint|p2a: Necrozma
|
|-fieldend|move: Trick Room
|upkeep
|
|t:|1760774954
|switch|p2a: Lucario|Lucario, M|90/100
|turn|9
|
|t:|1760774959
|switch|p1a: Iron Hands|Iron Hands|54/100
|move|p2a: Lucario|Calm Mind|p2a: Lucario
|-boost|p2a: Lucario|spa|1
|-boost|p2a: Lucario|spd|1
|
|upkeep
|turn|10
|
|t:|1760774969
|move|p2a: Lucario|Psychic|p1a: Iron Hands
|-supereffective|p1a: Iron Hands
|-damage|p1a: Iron Hands|0 fnt
|faint|p1a: Iron Hands
|-end|p1a: Iron Hands|Quark Drive|[silent]
|-damage|p2a: Lucario|80/100|[from] item: Life Orb
|
|upkeep
|
|t:|1760774977
|switch|p1a: Porygon2|Porygon2|100/100
|-ability|p1a: Porygon2|Steadfast|Trace|[from] ability: Trace|[of] p2a: Lucario
|turn|11
|
|t:|1760774983
|move|p2a: Lucario|Aura Sphere|p1a: Porygon2
|-supereffective|p1a: Porygon2
|-damage|p1a: Porygon2|0 fnt
|faint|p1a: Porygon2
|-damage|p2a: Lucario|70/100|[from] item: Life Orb
|
|upkeep
|
|t:|1760774991
|switch|p1a: Ursaluna|Ursaluna, M|100/100
|turn|12
|
|t:|1760774997
|-terastallize|p1a: Ursaluna|Ground
|move|p2a: Lucario|Aura Sphere|p1a: Ursaluna
|-damage|p1a: Ursaluna|34/100
|-damage|p2a: Lucario|60/100|[from] item: Life Orb
|move|p1a: Ursaluna|Headlong Rush|p2a: Lucario
|-supereffective|p2a: Lucario
|-damage|p2a: Lucario|0 fnt
|-unboost|p1a: Ursaluna|def|1
|-unboost|p1a: Ursaluna|spd|1
|faint|p2a: Lucario
|
|-status|p1a: Ursaluna|brn|[from] item: Flame Orb
|upkeep
|
|t:|1760775006
|switch|p2a: Cloyster|Cloyster, M|100/100
|turn|13
|
|t:|1760775012
|switch|p1a: Hatterene|Hatterene, F|73/100
|move|p2a: Cloyster|Shell Smash|p2a: Cloyster
|-unboost|p2a: Cloyster|def|1
|-unboost|p2a: Cloyster|spd|1
|-boost|p2a: Cloyster|atk|2
|-boost|p2a: Cloyster|spa|2
|-boost|p2a: Cloyster|spe|2
|-enditem|p2a: Cloyster|White Herb
|-clearnegativeboost|p2a: Cloyster|[silent]
|
|upkeep
|turn|14
|
|t:|1760775021
|move|p2a: Cloyster|Icicle Spear|p1a: Hatterene
|-damage|p1a: Hatterene|44/100
|-crit|p1a: Hatterene
|-damage|p1a: Hatterene|8/100
|-damage|p1a: Hatterene|0 fnt
|faint|p1a: Hatterene
|-hitcount|p1: Hatterene|3
|
|upkeep
|
|t:|1760775030
|switch|p1a: Ursaluna|Ursaluna, M, tera:Ground|34/100 brn
|turn|15
|
|t:|1760775033
|move|p2a: Cloyster|Icicle Spear|p1a: Ursaluna
|-supereffective|p1a: Ursaluna
|-damage|p1a: Ursaluna|0 fnt
|faint|p1a: Ursaluna
|-hitcount|p1: Ursaluna|1
|
|upkeep
|
|t:|1760775038
|switch|p1a: Kingambit|Kingambit, M, shiny|100/100
|-activate|p1a: Kingambit|ability: Supreme Overlord
|-start|p1a: Kingambit|fallen5|[silent]
|-item|p1a: Kingambit|Air Balloon
|turn|16
|
|t:|1760775045
|move|p2a: Cloyster|Liquidation|p1a: Kingambit
|-damage|p1a: Kingambit|46/100
|-enditem|p1a: Kingambit|Air Balloon
|move|p1a: Kingambit|Low Kick|p2a: Cloyster
|-supereffective|p2a: Cloyster
|-damage|p2a: Cloyster|2/100
|
|upkeep
|turn|17
|
|t:|1760775053
|move|p1a: Kingambit|Sucker Punch|p2a: Cloyster
|-damage|p2a: Cloyster|0 fnt
|faint|p2a: Cloyster
|
|upkeep
|
|t:|1760775061
|switch|p2a: Iron Thorns|Iron Thorns|100/100
|turn|18
|
|t:|1760775067
|move|p2a: Iron Thorns|Dragon Dance|p2a: Iron Thorns
|-boost|p2a: Iron Thorns|atk|1
|-boost|p2a: Iron Thorns|spe|1
|move|p1a: Kingambit|Low Kick|p2a: Iron Thorns
|-supereffective|p2a: Iron Thorns
|-damage|p2a: Iron Thorns|0 fnt
|-damage|p1a: Kingambit|29/100|[from] item: Rocky Helmet|[of] p2a: Iron Thorns
|faint|p2a: Iron Thorns
|-end|p2a: Iron Thorns|Quark Drive|[silent]
|
|upkeep
|
|t:|1760775080
|switch|p2a: Regidrago|Regidrago|100/100
|turn|19
|
|t:|1760775082
|move|p1a: Kingambit|Sucker Punch|p2a: Regidrago
|-damage|p2a: Regidrago|30/100
|move|p2a: Regidrago|Earthquake|p1a: Kingambit
|-supereffective|p1a: Kingambit
|-damage|p1a: Kingambit|0 fnt
|faint|p1a: Kingambit
|-end|p1a: Kingambit|fallen5|[silent]
|
|win|Oddyb
|raw|Gryfounet94's rating: 1086 &rarr; <strong>1067</strong><br />(-19 for losing)
|raw|Oddyb's rating: 1144 &rarr; <strong>1165</strong><br />(+21 for winning)
|l|☆Oddyb
|player|p2|
|l|☆Gryfounet94
|player|p1|
