|j|☆celsius44
|j|☆olaf-18
|t:|1760838024
|gametype|singles
|player|p1|celsius44|steven|1517
|player|p2|olaf-18|102|1568
|gen|9
|tier|[Gen 9] OU
|rated|
|rule|HP Percentage Mod: HP is shown in percentages
|rule|Endless Battle Clause: Forcing endless battles is banned
|rule|Species Clause: Limit one of each Pokémon
|rule|OHKO Clause: OHKO moves are banned
|rule|Evasion Items Clause: Evasion items are banned
|rule|Evasion Moves Clause: Evasion moves are banned
|rule|Evasion Abilities Clause: Evasion abilities are banned
|rule|Sleep Moves Clause: Sleep-inducing moves are banned
|clearpoke
|poke|p1|Primarina, M|
|poke|p1|Cinderace, F|
|poke|p1|Great Tusk|
|poke|p1|Kyurem|
|poke|p1|Ninetales-Alola, M|
|poke|p1|Iron Crown|
|poke|p2|Slowking-Galar, F|
|poke|p2|Armarouge, F|
|poke|p2|Gholdengo|
|poke|p2|Ursaluna, F|
|poke|p2|Regidrago|
|poke|p2|Whimsicott, M|
|teampreview
|
|t:|1760838034
|teamsize|p1|6
|teamsize|p2|6
|start
|switch|p1a: Ninetales|Ninetales-Alola, M|100/100
|switch|p2a: Armarouge|Armarouge, F|100/100
|-weather|Snowscape|[from] ability: Snow Warning|[of] p1a: Ninetales
|turn|1
|
|t:|1760838038
|move|p1a: Ninetales|Aurora Veil|p1a: Ninetales
|-sidestart|p1: celsius44|move: Aurora Veil
|move|p2a: Armarouge|Armor Cannon|p1a: Ninetales
|-supereffective|p1a: Ninetales
|-damage|p1a: Ninetales|20/100
|-unboost|p2a: Armarouge|def|1
|-unboost|p2a: Armarouge|spd|1
|
|-weather|Snowscape|[upkeep]
|upkeep
|turn|2
|
|t:|1760838046
|switch|p1a: Kyurem|Kyurem|100/100
|-ability|p1a: Kyurem|Pressure
|move|p2a: Armarouge|Armor Cannon|p1a: Kyurem
|-damage|p1a: Kyurem|68/100
|-unboost|p2a: Armarouge|def|1
|-unboost|p2a: Armarouge|spd|1
|
|-weather|Snowscape|[upkeep]
|upkeep
|turn|3
|
|t:|1760838052
|switch|p2a: Slowking|Slowking-Galar, F|100/100
|move|p1a: Kyurem|Substitute|p1a: Kyurem
|-start|p1a: Kyurem|Substitute
|-damage|p1a: Kyurem|43/100
|
|-weather|Snowscape|[upkeep]
|upkeep
|turn|4
|inactive|Battle timer is ON: inactive players will automatically lose when time's up. (requested by celsius44)
|
|t:|1760838058
|move|p1a: Kyurem|Dragon Dance|p1a: Kyurem
|-boost|p1a: Kyurem|atk|1
|-boost|p1a: Kyurem|spe|1
|move|p2a: Slowking|Trick Room|p2a: Slowking
|-fieldstart|move: Trick Room|[of] p2a: Slowking
|
|-weather|Snowscape|[upkeep]
|upkeep
|turn|5
|
|t:|1760838063
|move|p2a: Slowking|Sludge Bomb|p1a: Kyurem
|-activate|p1a: Kyurem|move: Substitute|[damage]
|move|p1a: Kyurem|Icicle Spear|p2a: Slowking
|-damage|p2a: Slowking|77/100
|-damage|p2a: Slowking|54/100
|-damage|p2a: Slowking|33/100
|-damage|p2a: Slowking|11/100
|-hitcount|p2a: Slowking|4
|
|-weather|none
|upkeep
|turn|6
|
|t:|1760838072
|move|p2a: Slowking|Sludge Bomb|p1a: Kyurem
|-end|p1a: Kyurem|Substitute
|move|p1a: Kyurem|Icicle Spear|p2a: Slowking
|-damage|p2a: Slowking|0 fnt
|faint|p2a: Slowking
|-hitcount|p2: Slowking|1
|
|upkeep
|
|t:|1760838082
|switch|p2a: Regidrago|Regidrago|100/100
|turn|7
|
|t:|1760838084
|move|p2a: Regidrago|Dragon Energy|p1a: Kyurem
|-supereffective|p1a: Kyurem
|-damage|p1a: Kyurem|0 fnt
|faint|p1a: Kyurem
|
|upkeep
|
|t:|1760838090
|switch|p1a: Primarina|Primarina, M|100/100
|turn|8
|
|t:|1760838095
|switch|p2a: Gholdengo|Gholdengo|100/100
|-item|p2a: Gholdengo|Air Balloon
|move|p1a: Primarina|Surf|p2a: Gholdengo
|-damage|p2a: Gholdengo|16/100
|-enditem|p2a: Gholdengo|Air Balloon
|
|-sideend|p1: celsius44|move: Aurora Veil
|-fieldend|move: Trick Room
|upkeep
|turn|9
|
|t:|1760838101
|move|p2a: Gholdengo|Make It Rain|p1a: Primarina
|-damage|p1a: Primarina|49/100
|-unboost|p2a: Gholdengo|spa|1
|move|p1a: Primarina|Surf|p2a: Gholdengo
|-damage|p2a: Gholdengo|0 fnt
|faint|p2a: Gholdengo
|
|upkeep
|
|t:|1760838105
|switch|p2a: Armarouge|Armarouge, F|100/100
|turn|10
|
|t:|1760838107
|move|p2a: Armarouge|Psyshock|p1a: Primarina
|-damage|p1a: Primarina|0 fnt
|faint|p1a: Primarina
|
|upkeep
|
|t:|1760838118
|switch|p1a: Ninetales|Ninetales-Alola, M|20/100
|-weather|Snowscape|[from] ability: Snow Warning|[of] p1a: Ninetales
|turn|11
|
|t:|1760838120
|move|p1a: Ninetales|Aurora Veil|p1a: Ninetales
|-sidestart|p1: celsius44|move: Aurora Veil
|move|p2a: Armarouge|Armor Cannon|p1a: Ninetales
|-supereffective|p1a: Ninetales
|-damage|p1a: Ninetales|0 fnt
|-unboost|p2a: Armarouge|def|1
|-unboost|p2a: Armarouge|spd|1
|faint|p1a: Ninetales
|
|-weather|Snowscape|[upkeep]
|upkeep
|
|t:|1760838123
|switch|p1a: Iron Crown|Iron Crown|100/100
|turn|12
|
|t:|1760838129
|switch|p2a: Whimsicott|Whimsicott, M|100/100
|move|p1a: Iron Crown|Agility|p1a: Iron Crown
|-boost|p1a: Iron Crown|spe|2
|
|-weather|Snowscape|[upkeep]
|upkeep
|turn|13
|
|t:|1760838134
|move|p2a: Whimsicott|Encore|p1a: Iron Crown
|-start|p1a: Iron Crown|Encore
|move|p1a: Iron Crown|Agility|p1a: Iron Crown
|-boost|p1a: Iron Crown|spe|2
|
|-weather|Snowscape|[upkeep]
|upkeep
|turn|14
|
|t:|1760838137
|-end|p1a: Iron Crown|Quark Drive|[silent]
|switch|p1a: Cinderace|Cinderace, F|100/100
|move|p2a: Whimsicott|Tailwind|p2a: Whimsicott
|-sidestart|p2: olaf-18|move: Tailwind
|
|-weather|Snowscape|[upkeep]
|upkeep
|turn|15
|
|t:|1760838145
|move|p2a: Whimsicott|Fake Tears|p1a: Cinderace
|-unboost|p1a: Cinderace|spd|2
|move|p1a: Cinderace|Pyro Ball|p2a: Whimsicott
|-supereffective|p2a: Whimsicott
|-damage|p2a: Whimsicott|0 fnt
|faint|p2a: Whimsicott
|
|-weather|none
|upkeep
|
|t:|1760838147
|switch|p2a: Regidrago|Regidrago|100/100
|turn|16
|
|t:|1760838152
|move|p2a: Regidrago|Dragon Energy|p1a: Cinderace
|-damage|p1a: Cinderace|0 fnt
|faint|p1a: Cinderace
|
|upkeep
|
|t:|1760838155
|switch|p1a: Iron Crown|Iron Crown|100/100
|turn|17
|
|t:|1760838158
|move|p2a: Regidrago|Dragon Energy|p1a: Iron Crown
|-resisted|p1a: Iron Crown
|-damage|p1a: Iron Crown|72/100
|move|p1a: Iron Crown|Agility|p1a: Iron Crown
|-boost|p1a: Iron Crown|spe|2
|
|-sideend|p2: olaf-18|move: Tailwind
|upkeep
|turn|18
|
|t:|1760838170
|switch|p2a: Armarouge|Armarouge, F|100/100
|move|p1a: Iron Crown|Calm Mind|p1a: Iron Crown
|-boost|p1a: Iron Crown|spa|1
|-boost|p1a: Iron Crown|spd|1
|
|-sideend|p1: celsius44|move: Aurora Veil
|upkeep
|turn|19
|inactive|celsius44 has 120 seconds left.
|
|t:|1760838201
|move|p1a: Iron Crown|Tachyon Cutter|p2a: Armarouge
|-resisted|p2a: Armarouge
|-damage|p2a: Armarouge|82/100
|-resisted|p2a: Armarouge
|-crit|p2a: Armarouge
|-damage|p2a: Armarouge|51/100
|-hitcount|p2a: Armarouge|2
|move|p2a: Armarouge|Armor Cannon|p1a: Iron Crown
|-supereffective|p1a: Iron Crown
|-damage|p1a: Iron Crown|4/100
|-unboost|p2a: Armarouge|def|1
|-unboost|p2a: Armarouge|spd|1
|-enditem|p1a: Iron Crown|Weakness Policy
|-boost|p1a: Iron Crown|atk|2|[from] item: Weakness Policy
|-boost|p1a: Iron Crown|spa|2|[from] item: Weakness Policy
|
|upkeep
|turn|20
|
|t:|1760838207
|move|p1a: Iron Crown|Stored Power|p2a: Armarouge
|-resisted|p2a: Armarouge
|-damage|p2a: Armarouge|0 fnt
|faint|p2a: Armarouge
|
|upkeep
|
|t:|1760838209
|switch|p2a: Regidrago|Regidrago|100/100
|turn|21
|
|t:|1760838221
|-terastallize|p2a: Regidrago|Steel
|move|p1a: Iron Crown|Stored Power|p2a: Regidrago
|-resisted|p2a: Regidrago
|-damage|p2a: Regidrago|0 fnt
|faint|p2a: Regidrago
|
|upkeep
|-message|olaf-18 forfeited.
|
|win|celsius44
|raw|celsius44's rating: 1517 &rarr; <strong>1539</strong><br />(+22 for winning)
|raw|olaf-18's rating: 1558 &rarr; <strong>1536</strong><br />(-22 for losing)
|l|☆olaf-18
|player|p2|
|l|☆celsius44
|player|p1|
