|j|☆shutuprwdv
|j|☆SprigatitoSwift
|t:|1760887895
|gametype|singles
|player|p1|shutuprwdv|biker-gen4|1486
|player|p2|SprigatitoSwift|cheryl|1551
|gen|9
|tier|[Gen 9] OU
|rated|
|rule|HP Percentage Mod: HP is shown in percentages
|rule|Endless Battle Clause: Forcing endless battles is banned
|rule|Species Clause: Limit one of each Pokémon
|rule|OHKO Clause: OHKO moves are banned
|rule|Evasion Items Clause: Evasion items are banned
|rule|Evasion Moves Clause: Evasion moves are banned
|rule|Evasion Abilities Clause: Evasion abilities are banned
|rule|Sleep Moves Clause: Sleep-inducing moves are banned
|clearpoke
|poke|p1|Darkrai|
|poke|p1|Garganacl, M|
|poke|p1|Tornadus-Therian, M|
|poke|p1|Great Tusk|
|poke|p1|Kyurem|
|poke|p1|Slowking-Galar, M|
|poke|p2|Torkoal, F|
|poke|p2|Cinderace, F|
|poke|p2|Scream Tail|
|poke|p2|Great Tusk|
|poke|p2|Walking Wake|
|poke|p2|Iron Moth|
|teampreview
|inactive|Battle timer is ON: inactive players will automatically lose when time's up. (requested by shutuprwdv)
|
|t:|1760887914
|teamsize|p1|6
|teamsize|p2|6
|start
|switch|p1a: Tornadus|Tornadus-Therian, M|100/100
|switch|p2a: Torkoal|Torkoal, F|100/100
|-weather|SunnyDay|[from] ability: Drought|[of] p2a: Torkoal
|turn|1
|
|t:|1760887929
|switch|p2a: Scream Tail|Scream Tail|100/100
|-activate|p2a: Scream Tail|ability: Protosynthesis
|-start|p2a: Scream Tail|protosynthesisspe
|move|p1a: Tornadus|Knock Off|p2a: Scream Tail
|-crit|p2a: Scream Tail
|-damage|p2a: Scream Tail|77/100
|-enditem|p2a: Scream Tail|Leftovers|[from] move: Knock Off|[of] p1a: Tornadus
|
|-weather|SunnyDay|[upkeep]
|upkeep
|turn|2
|
|t:|1760887938
|switch|p1a: Slowking|Slowking-Galar, M|100/100
|move|p2a: Scream Tail|Calm Mind|p2a: Scream Tail
|-boost|p2a: Scream Tail|spa|1
|-boost|p2a: Scream Tail|spd|1
|
|-weather|SunnyDay|[upkeep]
|upkeep
|turn|3
|
|t:|1760887950
|move|p2a: Scream Tail|Calm Mind|p2a: Scream Tail
|-boost|p2a: Scream Tail|spa|1
|-boost|p2a: Scream Tail|spd|1
|-prepare|p1a: Slowking|Chilly Reception|[premajor]
|move|p1a: Slowking|Chilly Reception|p1a: Slowking
|-weather|Snowscape
|-end|p2a: Scream Tail|Protosynthesis
|
|t:|1760887955
|switch|p1a: Garganacl|Garganacl, M|100/100|[from] Chilly Reception
|
|-weather|Snowscape|[upkeep]
|upkeep
|turn|4
|
|t:|1760887963
|move|p2a: Scream Tail|Stored Power|p1a: Garganacl
|-damage|p1a: Garganacl|54/100
|move|p1a: Garganacl|Salt Cure|p2a: Scream Tail
|-damage|p2a: Scream Tail|65/100
|-start|p2a: Scream Tail|Salt Cure
|
|-weather|Snowscape|[upkeep]
|-heal|p1a: Garganacl|60/100|[from] item: Leftovers
|-damage|p2a: Scream Tail|53/100|[from] Salt Cure
|upkeep
|turn|5
|
|t:|1760887973
|move|p2a: Scream Tail|Calm Mind|p2a: Scream Tail
|-boost|p2a: Scream Tail|spa|1
|-boost|p2a: Scream Tail|spd|1
|move|p1a: Garganacl|Recover|p1a: Garganacl
|-heal|p1a: Garganacl|100/100
|
|-weather|Snowscape|[upkeep]
|-damage|p2a: Scream Tail|40/100|[from] Salt Cure
|upkeep
|turn|6
|
|t:|1760887980
|switch|p1a: Slowking|Slowking-Galar, M|100/100
|move|p2a: Scream Tail|Stored Power|p1a: Slowking
|-damage|p1a: Slowking|35/100
|
|-weather|Snowscape|[upkeep]
|-damage|p2a: Scream Tail|28/100|[from] Salt Cure
|upkeep
|turn|7
|
|t:|1760887990
|switch|p1a: Darkrai|Darkrai|100/100
|move|p2a: Scream Tail|Boomburst|p1a: Darkrai
|-damage|p1a: Darkrai|13/100
|
|-weather|none
|-damage|p2a: Scream Tail|15/100|[from] Salt Cure
|upkeep
|turn|8
|
|t:|1760887999
|move|p1a: Darkrai|Dark Pulse|p2a: Scream Tail
|-damage|p2a: Scream Tail|1/100
|cant|p2a: Scream Tail|flinch
|
|-damage|p2a: Scream Tail|0 fnt|[from] Salt Cure
|faint|p2a: Scream Tail
|-end|p2a: Scream Tail|Protosynthesis|[silent]
|upkeep
|
|t:|1760888011
|switch|p2a: Torkoal|Torkoal, F|100/100
|-weather|SunnyDay|[from] ability: Drought|[of] p2a: Torkoal
|turn|9
|
|t:|1760888024
|move|p1a: Darkrai|Dark Pulse|p2a: Torkoal
|-damage|p2a: Torkoal|44/100
|move|p2a: Torkoal|Body Press|p1a: Darkrai
|-supereffective|p1a: Darkrai
|-damage|p1a: Darkrai|0 fnt
|faint|p1a: Darkrai
|
|-weather|SunnyDay|[upkeep]
|upkeep
|
|t:|1760888049
|switch|p1a: Slowking|Slowking-Galar, M|68/100
|turn|10
|
|t:|1760888063
|-terastallize|p1a: Slowking|Water
|-prepare|p1a: Slowking|Chilly Reception|[premajor]
|move|p1a: Slowking|Chilly Reception|p1a: Slowking
|-weather|Snowscape
|
|t:|1760888075
|switch|p1a: Tornadus|Tornadus-Therian, M|100/100|[from] Chilly Reception
|move|p2a: Torkoal|Stealth Rock|p1a: Tornadus
|-sidestart|p1: shutuprwdv|move: Stealth Rock
|
|-weather|Snowscape|[upkeep]
|upkeep
|turn|11
|
|t:|1760888081
|move|p1a: Tornadus|Hurricane|p2a: Torkoal
|-damage|p2a: Torkoal|0 fnt
|faint|p2a: Torkoal
|
|-weather|Snowscape|[upkeep]
|upkeep
|
|t:|1760888104
|switch|p2a: Walking Wake|Walking Wake|100/100
|turn|12
|
|t:|1760888118
|switch|p1a: Slowking|Slowking-Galar, M, tera:Water|100/100
|move|p2a: Walking Wake|Weather Ball|p1a: Slowking
|-resisted|p1a: Slowking
|-damage|p1a: Slowking|88/100
|
|-weather|Snowscape|[upkeep]
|upkeep
|turn|13
|inactive|SprigatitoSwift has 120 seconds left.
|
|t:|1760888159
|-end|p2a: Walking Wake|Protosynthesis|[silent]
|switch|p2a: Cinderace|Cinderace, F|100/100
|move|p1a: Slowking|Future Sight|p2a: Cinderace
|-start|p1a: Slowking|move: Future Sight
|
|-weather|Snowscape|[upkeep]
|upkeep
|turn|14
|
|t:|1760888168
|switch|p1a: Great Tusk|Great Tusk|100/100
|move|p2a: Cinderace|High Jump Kick|p1a: Great Tusk
|-start|p2a: Cinderace|typechange|Fighting|[from] ability: Libero
|-damage|p1a: Great Tusk|54/100
|
|-weather|none
|upkeep
|turn|15
|
|t:|1760888184
|move|p2a: Cinderace|U-turn|p1a: Great Tusk
|-resisted|p1a: Great Tusk
|-damage|p1a: Great Tusk|46/100
|
|t:|1760888188
|switch|p2a: Walking Wake|Walking Wake|100/100|[from] U-turn
|move|p1a: Great Tusk|Rapid Spin|p2a: Walking Wake
|-damage|p2a: Walking Wake|83/100
|-boost|p1a: Great Tusk|spe|1
|-sideend|p1: shutuprwdv|Stealth Rock|[from] move: Rapid Spin|[of] p1a: Great Tusk
|
|-end|p2a: Walking Wake|move: Future Sight
|-damage|p2a: Walking Wake|34/100
|-heal|p2a: Walking Wake|40/100|[from] item: Leftovers
|upkeep
|turn|16
|
|t:|1760888197
|move|p1a: Great Tusk|Headlong Rush|p2a: Walking Wake
|-damage|p2a: Walking Wake|0 fnt
|-unboost|p1a: Great Tusk|def|1
|-unboost|p1a: Great Tusk|spd|1
|faint|p2a: Walking Wake
|-end|p2a: Walking Wake|Protosynthesis|[silent]
|
|upkeep
|
|t:|1760888202
|switch|p2a: Cinderace|Cinderace, F|100/100
|turn|17
|
|t:|1760888205
|move|p1a: Great Tusk|Headlong Rush|p2a: Cinderace
|-supereffective|p2a: Cinderace
|-damage|p2a: Cinderace|0 fnt
|-unboost|p1a: Great Tusk|def|1
|-unboost|p1a: Great Tusk|spd|1
|faint|p2a: Cinderace
|
|upkeep
|
|t:|1760888214
|switch|p2a: Iron Moth|Iron Moth|100/100
|-enditem|p2a: Iron Moth|Booster Energy
|-activate|p2a: Iron Moth|ability: Quark Drive|[fromitem]
|-start|p2a: Iron Moth|quarkdrivespe
|turn|18
|
|t:|1760888222
|move|p2a: Iron Moth|Fiery Dance|p1a: Great Tusk
|-damage|p1a: Great Tusk|0 fnt
|faint|p1a: Great Tusk
|-end|p1a: Great Tusk|Protosynthesis|[silent]
|
|upkeep
|
|t:|1760888234
|switch|p1a: Slowking|Slowking-Galar, M, tera:Water|100/100
|turn|19
|
|t:|1760888240
|move|p2a: Iron Moth|Energy Ball|p1a: Slowking
|-supereffective|p1a: Slowking
|-damage|p1a: Slowking|66/100
|move|p1a: Slowking|Psychic Noise|p2a: Iron Moth
|-supereffective|p2a: Iron Moth
|-damage|p2a: Iron Moth|51/100
|-start|p2a: Iron Moth|move: Heal Block
|
|upkeep
|turn|20
|
|t:|1760888248
|move|p2a: Iron Moth|Fiery Dance|p1a: Slowking
|-resisted|p1a: Slowking
|-damage|p1a: Slowking|54/100
|-boost|p2a: Iron Moth|spa|1
|move|p1a: Slowking|Psychic Noise|p2a: Iron Moth
|-supereffective|p2a: Iron Moth
|-damage|p2a: Iron Moth|0 fnt
|faint|p2a: Iron Moth
|-end|p2a: Iron Moth|Quark Drive|[silent]
|
|upkeep
|
|t:|1760888258
|switch|p2a: Great Tusk|Great Tusk|100/100
|turn|21
|
|t:|1760888262
|move|p2a: Great Tusk|Rapid Spin|p1a: Slowking
|-damage|p1a: Slowking|35/100
|-boost|p2a: Great Tusk|spe|1
|-prepare|p1a: Slowking|Chilly Reception|[premajor]
|move|p1a: Slowking|Chilly Reception|p1a: Slowking
|-weather|Snowscape
|
|t:|1760888268
|switch|p1a: Kyurem|Kyurem, shiny|100/100|[from] Chilly Reception
|-ability|p1a: Kyurem|Pressure
|
|-weather|Snowscape|[upkeep]
|upkeep
|turn|22
|
|t:|1760888275
|move|p2a: Great Tusk|Close Combat|p1a: Kyurem
|-supereffective|p1a: Kyurem
|-damage|p1a: Kyurem|18/100
|-unboost|p2a: Great Tusk|def|1
|-unboost|p2a: Great Tusk|spd|1
|move|p1a: Kyurem|Blizzard|p2a: Great Tusk
|-supereffective|p2a: Great Tusk
|-damage|p2a: Great Tusk|0 fnt
|faint|p2a: Great Tusk
|-end|p2a: Great Tusk|Protosynthesis|[silent]
|
|win|shutuprwdv
|raw|shutuprwdv's rating: 1486 &rarr; <strong>1510</strong><br />(+24 for winning)
|raw|SprigatitoSwift's rating: 1551 &rarr; <strong>1527</strong><br />(-24 for losing)
|l|☆SprigatitoSwift
|player|p2|
|l|☆shutuprwdv
|player|p1|
