|j|☆ilnanoScarbo
|j|☆OGar9
|t:|1760771474
|gametype|singles
|player|p1|ilnanoScarbo|lance|1250
|player|p2|OGar9|lance|1289
|gen|9
|tier|[Gen 9] OU
|rated|
|rule|HP Percentage Mod: HP is shown in percentages
|rule|Endless Battle Clause: Forcing endless battles is banned
|rule|Species Clause: Limit one of each Pokémon
|rule|OHKO Clause: OHKO moves are banned
|rule|Evasion Items Clause: Evasion items are banned
|rule|Evasion Moves Clause: Evasion moves are banned
|rule|Evasion Abilities Clause: Evasion abilities are banned
|rule|Sleep Moves Clause: Sleep-inducing moves are banned
|clearpoke
|poke|p1|Zamazenta-*|
|poke|p1|Dragapult, M|
|poke|p1|Moltres|
|poke|p1|Gliscor, F|
|poke|p1|Amoonguss, M|
|poke|p1|Primarina, F|
|poke|p2|Darkrai|
|poke|p2|Walking Wake|
|poke|p2|Corviknight, M|
|poke|p2|Landorus-Therian, M|
|poke|p2|Slowking-Galar, F|
|poke|p2|Thundurus, M|
|teampreview
|inactive|Battle timer is ON: inactive players will automatically lose when time's up. (requested by OGar9)
|
|t:|1760771498
|teamsize|p1|6
|teamsize|p2|6
|start
|switch|p1a: Gliscor|Gliscor, F|100/100
|switch|p2a: Tyrex|Walking Wake|100/100
|turn|1
|
|t:|1760771508
|move|p1a: Gliscor|Protect|p1a: Gliscor
|-singleturn|p1a: Gliscor|Protect
|move|p2a: Tyrex|Flip Turn|p1a: Gliscor
|-activate|p1a: Gliscor|move: Protect
|
|-status|p1a: Gliscor|tox|[from] item: Toxic Orb
|upkeep
|turn|2
|
|t:|1760771529
|switch|p1a: Amoonguss|Amoonguss, M|100/100
|move|p2a: Tyrex|Flip Turn|p1a: Amoonguss
|-resisted|p1a: Amoonguss
|-damage|p1a: Amoonguss|95/100
|-damage|p2a: Tyrex|84/100|[from] item: Rocky Helmet|[of] p1a: Amoonguss
|
|t:|1760771536
|-end|p2a: Tyrex|Protosynthesis|[silent]
|switch|p2a: .|Darkrai|100/100|[from] Flip Turn
|
|upkeep
|turn|3
|
|t:|1760771543
|switch|p1a: Zamazenta|Zamazenta|100/100
|-ability|p1a: Zamazenta|Dauntless Shield|boost
|-boost|p1a: Zamazenta|def|1
|move|p2a: .|Substitute|p2a: .
|-start|p2a: .|Substitute
|-damage|p2a: .|76/100
|
|-heal|p2a: .|82/100|[from] item: Leftovers
|upkeep
|turn|4
|
|t:|1760771555
|-terastallize|p2a: .|Poison
|move|p1a: Zamazenta|Iron Defense|p1a: Zamazenta
|-boost|p1a: Zamazenta|def|2
|move|p2a: .|Nasty Plot|p2a: .
|-boost|p2a: .|spa|2
|
|-heal|p2a: .|88/100|[from] item: Leftovers
|upkeep
|turn|5
|
|t:|1760771567
|move|p1a: Zamazenta|Body Press|p2a: .
|-resisted|p2a: .
|-end|p2a: .|Substitute
|move|p2a: .|Ice Beam|p1a: Zamazenta
|-damage|p1a: Zamazenta|52/100
|
|-heal|p1a: Zamazenta|58/100|[from] item: Leftovers
|-heal|p2a: .|94/100|[from] item: Leftovers
|upkeep
|turn|6
|
|t:|1760771585
|move|p1a: Zamazenta|Body Press|p2a: .
|-resisted|p2a: .
|-damage|p2a: .|37/100
|move|p2a: .|Ice Beam|p1a: Zamazenta
|-damage|p1a: Zamazenta|11/100
|-status|p1a: Zamazenta|frz
|
|-heal|p1a: Zamazenta|18/100 frz|[from] item: Leftovers
|-heal|p2a: .|43/100|[from] item: Leftovers
|upkeep
|turn|7
|
|t:|1760771596
|cant|p1a: Zamazenta|frz
|move|p2a: .|Ice Beam|p1a: Zamazenta
|-crit|p1a: Zamazenta
|-damage|p1a: Zamazenta|0 fnt
|faint|p1a: Zamazenta
|
|-heal|p2a: .|49/100|[from] item: Leftovers
|upkeep
|
|t:|1760771608
|switch|p1a: Dragapult|Dragapult, M|100/100
|turn|8
|
|t:|1760771615
|switch|p2a: King|Slowking-Galar, F|100/100
|move|p1a: Dragapult|Draco Meteor|p2a: King
|-damage|p2a: King|52/100
|-unboost|p1a: Dragapult|spa|2
|
|upkeep
|turn|9
|
|t:|1760771624
|switch|p1a: Gliscor|Gliscor, F|100/100 tox
|-prepare|p2a: King|Chilly Reception|[premajor]
|move|p2a: King|Chilly Reception|p2a: King
|-weather|Snowscape
|
|t:|1760771627
|switch|p2a: .|Darkrai, tera:Poison|49/100|[from] Chilly Reception
|
|-weather|Snowscape|[upkeep]
|-heal|p2a: .|55/100|[from] item: Leftovers
|upkeep
|turn|10
|
|t:|1760771648
|-terastallize|p1a: Gliscor|Water
|move|p2a: .|Substitute|p2a: .
|-start|p2a: .|Substitute
|-damage|p2a: .|30/100
|move|p1a: Gliscor|Earthquake|p2a: .
|-supereffective|p2a: .
|-end|p2a: .|Substitute
|
|-weather|Snowscape|[upkeep]
|-heal|p2a: .|36/100|[from] item: Leftovers
|upkeep
|turn|11
|
|t:|1760771659
|switch|p2a: Wolk|Thundurus, M|100/100
|move|p1a: Gliscor|Stealth Rock|p2a: Wolk
|-sidestart|p2: OGar9|move: Stealth Rock
|
|-weather|Snowscape|[upkeep]
|upkeep
|turn|12
|
|t:|1760771676
|switch|p1a: Amoonguss|Amoonguss, M|100/100
|move|p2a: Wolk|Volt Switch|p1a: Amoonguss
|-resisted|p1a: Amoonguss
|-damage|p1a: Amoonguss|84/100
|
|t:|1760771679
|switch|p2a: Krama|Corviknight, M, shiny|100/100|[from] Volt Switch
|-damage|p2a: Krama|88/100|[from] Stealth Rock
|-ability|p2a: Krama|Pressure
|
|-weather|Snowscape|[upkeep]
|upkeep
|turn|13
|
|t:|1760771688
|switch|p1a: Moltres|Moltres|100/100
|move|p2a: Krama|Defog|p1a: Moltres
|-unboost|p1a: Moltres|evasion|1
|-sideend|p2: OGar9|Stealth Rock|[from] move: Defog|[of] p2a: Krama
|
|-weather|none
|upkeep
|turn|14
|
|t:|1760771697
|switch|p2a: Tyrex|Walking Wake|84/100
|move|p1a: Moltres|Flamethrower|p2a: Tyrex
|-resisted|p2a: Tyrex
|-damage|p2a: Tyrex|70/100
|
|upkeep
|turn|15
|
|t:|1760771706
|switch|p1a: Amoonguss|Amoonguss, M|100/100
|move|p2a: Tyrex|Flip Turn|p1a: Amoonguss
|-resisted|p1a: Amoonguss
|-damage|p1a: Amoonguss|94/100
|-damage|p2a: Tyrex|53/100|[from] item: Rocky Helmet|[of] p1a: Amoonguss
|
|t:|1760771722
|-end|p2a: Tyrex|Protosynthesis|[silent]
|switch|p2a: .|Darkrai, tera:Poison|36/100|[from] Flip Turn
|
|-heal|p2a: .|42/100|[from] item: Leftovers
|upkeep
|turn|16
|
|t:|1760771730
|switch|p1a: Gliscor|Gliscor, F, tera:Water|100/100 tox
|move|p2a: .|Ice Beam|p1a: Gliscor
|-resisted|p1a: Gliscor
|-damage|p1a: Gliscor|83/100 tox
|
|-heal|p2a: .|49/100|[from] item: Leftovers
|-heal|p1a: Gliscor|95/100 tox|[from] ability: Poison Heal
|upkeep
|turn|17
|
|t:|1760771740
|move|p2a: .|Dark Pulse|p1a: Gliscor
|-damage|p1a: Gliscor|44/100 tox
|move|p1a: Gliscor|Stealth Rock|p2a: .
|-sidestart|p2: OGar9|move: Stealth Rock
|
|-heal|p2a: .|55/100|[from] item: Leftovers
|-heal|p1a: Gliscor|57/100 tox|[from] ability: Poison Heal
|upkeep
|turn|18
|
|t:|1760771754
|move|p2a: .|Nasty Plot|p2a: .
|-boost|p2a: .|spa|2
|move|p1a: Gliscor|Earthquake|p2a: .
|-supereffective|p2a: .
|-damage|p2a: .|0 fnt
|faint|p2a: .
|
|-heal|p1a: Gliscor|69/100 tox|[from] ability: Poison Heal
|upkeep
|
|t:|1760771766
|switch|p2a: Mufasa|Landorus-Therian, M|100/100
|-damage|p2a: Mufasa|88/100|[from] Stealth Rock
|-ability|p2a: Mufasa|Intimidate|boost
|-unboost|p1a: Gliscor|atk|1
|turn|19
|
|t:|1760771778
|move|p2a: Mufasa|Earthquake|p1a: Gliscor
|-damage|p1a: Gliscor|29/100 tox
|move|p1a: Gliscor|Knock Off|p2a: Mufasa
|-damage|p2a: Mufasa|71/100
|-enditem|p2a: Mufasa|Leftovers|[from] move: Knock Off|[of] p1a: Gliscor
|
|-heal|p1a: Gliscor|42/100 tox|[from] ability: Poison Heal
|upkeep
|turn|20
|
|t:|1760771787
|move|p1a: Gliscor|Protect|p1a: Gliscor
|-singleturn|p1a: Gliscor|Protect
|move|p2a: Mufasa|Stone Edge|p1a: Gliscor
|-activate|p1a: Gliscor|move: Protect
|
|-heal|p1a: Gliscor|54/100 tox|[from] ability: Poison Heal
|upkeep
|turn|21
|
|t:|1760771801
|switch|p1a: Amoonguss|Amoonguss, M|100/100
|move|p2a: Mufasa|U-turn|p1a: Amoonguss
|-damage|p1a: Amoonguss|80/100
|-damage|p2a: Mufasa|54/100|[from] item: Rocky Helmet|[of] p1a: Amoonguss
|
|t:|1760771804
|switch|p2a: Krama|Corviknight, M, shiny|88/100|[from] U-turn
|-damage|p2a: Krama|76/100|[from] Stealth Rock
|-ability|p2a: Krama|Pressure
|
|upkeep
|turn|22
|
|t:|1760771813
|switch|p1a: Moltres|Moltres|100/100
|move|p2a: Krama|Defog|p1a: Moltres
|-unboost|p1a: Moltres|evasion|1
|-sideend|p2: OGar9|Stealth Rock|[from] move: Defog|[of] p2a: Krama
|
|upkeep
|turn|23
|
|t:|1760771822
|switch|p2a: Tyrex|Walking Wake|53/100
|move|p1a: Moltres|Hurricane|p2a: Tyrex
|-damage|p2a: Tyrex|0 fnt
|faint|p2a: Tyrex
|-end|p2a: Tyrex|Protosynthesis|[silent]
|
|upkeep
|
|t:|1760771826
|switch|p2a: Wolk|Thundurus, M|100/100
|turn|24
|
|t:|1760771839
|switch|p1a: Amoonguss|Amoonguss, M|100/100
|move|p2a: Wolk|Thunderbolt|p1a: Amoonguss
|-resisted|p1a: Amoonguss
|-damage|p1a: Amoonguss|78/100
|
|upkeep
|turn|25
|-message|OGar9 forfeited.
|
|win|ilnanoScarbo
|raw|ilnanoScarbo's rating: 1250 &rarr; <strong>1278</strong><br />(+28 for winning)
|raw|OGar9's rating: 1289 &rarr; <strong>1261</strong><br />(-28 for losing)
|l|☆OGar9
|player|p2|
|l|☆ilnanoScarbo
|player|p1|
