|j|☆Luna226
|j|☆Msplem
|t:|1760887556
|gametype|singles
|player|p1|Luna226|parasollady|1191
|player|p2|Msplem|roxie|1142
|gen|9
|tier|[Gen 9] OU
|rated|
|rule|HP Percentage Mod: HP is shown in percentages
|rule|Endless Battle Clause: Forcing endless battles is banned
|rule|Species Clause: Limit one of each Pokémon
|rule|OHKO Clause: OHKO moves are banned
|rule|Evasion Items Clause: Evasion items are banned
|rule|Evasion Moves Clause: Evasion moves are banned
|rule|Evasion Abilities Clause: Evasion abilities are banned
|rule|Sleep Moves Clause: Sleep-inducing moves are banned
|clearpoke
|poke|p1|Landorus-Therian, M|
|poke|p1|Samurott-Hisui, M|
|poke|p1|Goodra-Hisui, F|
|poke|p1|Pecharunt|
|poke|p1|Great Tusk|
|poke|p1|Scizor, M|
|poke|p2|Cinderace, F|
|poke|p2|Dondozo, F|
|poke|p2|Bronzong|
|poke|p2|Mudsdale, F|
|poke|p2|Scrafty, M|
|poke|p2|Hatterene, F|
|teampreview
|
|t:|1760887567
|teamsize|p1|6
|teamsize|p2|6
|start
|switch|p1a: Scizor|Scizor, M|100/100
|switch|p2a: Dong|Bronzong|100/100
|turn|1
|c|☆Msplem|Yo Question
|inactive|Battle timer is ON: inactive players will automatically lose when time's up. (requested by Msplem)
|
|t:|1760887628
|move|p1a: Scizor|U-turn|p2a: Dong
|-damage|p2a: Dong|43/100
|
|t:|1760887631
|switch|p1a: Goodra|Goodra-Hisui, F|100/100|[from] U-turn
|move|p2a: Dong|Reflect|p2a: Dong
|-sidestart|p2: Msplem|Reflect
|
|-heal|p2a: Dong|49/100|[from] item: Leftovers
|upkeep
|turn|2
|
|t:|1760887639
|move|p1a: Goodra|Flamethrower|p2a: Dong
|-supereffective|p2a: Dong
|-crit|p2a: Dong
|-damage|p2a: Dong|0 fnt
|faint|p2a: Dong
|
|upkeep
|
|t:|1760887647
|switch|p2a: Star|Mudsdale, F|100/100
|turn|3
|
|t:|1760887654
|switch|p1a: Landorus|Landorus-Therian, M|100/100
|-ability|p1a: Landorus|Intimidate|boost
|-unboost|p2a: Star|atk|1
|move|p2a: Star|Earthquake|p1a: Landorus
|-immune|p1a: Landorus
|
|upkeep
|turn|4
|
|t:|1760887666
|switch|p2a: Big guy|Dondozo, F|100/100
|move|p1a: Landorus|Taunt|p2a: Big guy
|-start|p2a: Big guy|move: Taunt
|
|upkeep
|turn|5
|
|t:|1760887671
|move|p1a: Landorus|Stealth Rock|p2a: Big guy
|-sidestart|p2: Msplem|move: Stealth Rock
|move|p2a: Big guy|Wave Crash|p1a: Landorus
|-supereffective|p1a: Landorus
|-damage|p1a: Landorus|0 fnt
|-damage|p2a: Big guy|84/100|[from] item: Rocky Helmet|[of] p1a: Landorus
|faint|p1a: Landorus
|-damage|p2a: Big guy|59/100|[from] Recoil
|
|-heal|p2a: Big guy|65/100|[from] item: Leftovers
|-sideend|p2: Msplem|Reflect
|upkeep
|c|☆Luna226|didn't know that onshotted from dondozo
|
|t:|1760887690
|switch|p1a: Goodra|Goodra-Hisui, F|100/100
|turn|6
|
|t:|1760887712
|switch|p2a: Star|Mudsdale, F|100/100
|-damage|p2a: Star|94/100|[from] Stealth Rock
|move|p1a: Goodra|Draco Meteor|p2a: Star|[miss]
|-miss|p1a: Goodra|p2a: Star
|
|-heal|p2a: Star|100/100|[from] item: Leftovers
|upkeep
|turn|7
|
|t:|1760887739
|move|p1a: Goodra|Ice Beam|p2a: Star
|-supereffective|p2a: Star
|-damage|p2a: Star|36/100
|-ability|p2a: Star|Stamina|boost
|-boost|p2a: Star|def|1
|move|p2a: Star|Earthquake|p1a: Goodra
|-supereffective|p1a: Goodra
|-damage|p1a: Goodra|26/100
|
|-heal|p2a: Star|42/100|[from] item: Leftovers
|upkeep
|turn|8
|
|t:|1760887754
|-terastallize|p2a: Star|Steel
|move|p1a: Goodra|Ice Beam|p2a: Star
|-resisted|p2a: Star
|-damage|p2a: Star|27/100
|-ability|p2a: Star|Stamina|boost
|-boost|p2a: Star|def|1
|move|p2a: Star|Earthquake|p1a: Goodra
|-supereffective|p1a: Goodra
|-damage|p1a: Goodra|0 fnt
|faint|p1a: Goodra
|
|-heal|p2a: Star|34/100|[from] item: Leftovers
|upkeep
|inactive|Luna226 has 120 seconds left.
|
|t:|1760887766
|switch|p1a: Great Tusk|Great Tusk|100/100
|turn|9
|
|t:|1760887785
|switch|p2a: Big guy|Dondozo, F|65/100
|-damage|p2a: Big guy|52/100|[from] Stealth Rock
|move|p1a: Great Tusk|Headlong Rush|p2a: Big guy
|-damage|p2a: Big guy|18/100
|-unboost|p1a: Great Tusk|def|1
|-unboost|p1a: Great Tusk|spd|1
|
|-heal|p2a: Big guy|24/100|[from] item: Leftovers
|upkeep
|turn|10
|inactive|Luna226 has 120 seconds left.
|
|t:|1760887818
|move|p1a: Great Tusk|Headlong Rush|p2a: Big guy
|-damage|p2a: Big guy|0 fnt
|-unboost|p1a: Great Tusk|def|1
|-unboost|p1a: Great Tusk|spd|1
|faint|p2a: Big guy
|
|upkeep
|
|t:|1760887826
|switch|p2a: Better Incineroar|Scrafty, M|100/100
|-damage|p2a: Better Incineroar|95/100|[from] Stealth Rock
|turn|11
|inactive|Luna226 has 120 seconds left.
|
|t:|1760887834
|move|p2a: Better Incineroar|Fake Out|p1a: Great Tusk
|-damage|p1a: Great Tusk|81/100
|-damage|p2a: Better Incineroar|85/100|[from] item: Life Orb
|cant|p1a: Great Tusk|flinch
|
|upkeep
|turn|12
|
|t:|1760887842
|move|p1a: Great Tusk|Headlong Rush|p2a: Better Incineroar
|-damage|p2a: Better Incineroar|28/100
|-unboost|p1a: Great Tusk|def|1
|-unboost|p1a: Great Tusk|spd|1
|move|p2a: Better Incineroar|Drain Punch|p1a: Great Tusk
|-damage|p1a: Great Tusk|9/100
|-heal|p2a: Better Incineroar|78/100|[from] drain|[of] p1a: Great Tusk
|-damage|p2a: Better Incineroar|68/100|[from] item: Life Orb
|
|upkeep
|turn|13
|
|t:|1760887851
|move|p1a: Great Tusk|Headlong Rush|p2a: Better Incineroar
|-crit|p2a: Better Incineroar
|-damage|p2a: Better Incineroar|0 fnt
|-unboost|p1a: Great Tusk|def|1
|-unboost|p1a: Great Tusk|spd|1
|faint|p2a: Better Incineroar
|
|upkeep
|
|t:|1760887859
|switch|p2a: Milk|Cinderace, F, shiny|100/100
|turn|14
|
|t:|1760887869
|move|p2a: Milk|Iron Head|p1a: Great Tusk
|-start|p2a: Milk|typechange|Steel|[from] ability: Libero
|-damage|p1a: Great Tusk|0 fnt
|faint|p1a: Great Tusk
|-end|p1a: Great Tusk|Protosynthesis|[silent]
|
|upkeep
|
|t:|1760887875
|switch|p1a: Samurott|Samurott-Hisui, M|100/100
|turn|15
|
|t:|1760887879
|move|p2a: Milk|High Jump Kick|p1a: Samurott
|-supereffective|p1a: Samurott
|-damage|p1a: Samurott|0 fnt
|faint|p1a: Samurott
|
|upkeep
|-message|Luna226 forfeited.
|
|win|Msplem
|raw|Luna226's rating: 1191 &rarr; <strong>1162</strong><br />(-29 for losing)
|raw|Msplem's rating: 1142 &rarr; <strong>1171</strong><br />(+29 for winning)
|l|☆Luna226
|player|p1|
|l|☆Msplem
|player|p2|
