|j|☆Rapidashhhhh
|j|☆Charthraxis27
|t:|1760856801
|gametype|singles
|player|p1|Rapidashhhhh|benga|1054
|player|p2|Charthraxis27|lucas|1118
|gen|9
|tier|[Gen 9] OU
|rated|
|rule|HP Percentage Mod: HP is shown in percentages
|rule|Endless Battle Clause: Forcing endless battles is banned
|rule|Species Clause: Limit one of each Pokémon
|rule|OHKO Clause: OHKO moves are banned
|rule|Evasion Items Clause: Evasion items are banned
|rule|Evasion Moves Clause: Evasion moves are banned
|rule|Evasion Abilities Clause: Evasion abilities are banned
|rule|Sleep Moves Clause: Sleep-inducing moves are banned
|clearpoke
|poke|p1|Cloyster, M|
|poke|p1|Staraptor, M|
|poke|p1|Golem, M|
|poke|p1|Tsareena, F|
|poke|p1|Blaziken, F|
|poke|p1|Munkidori, M|
|poke|p2|Zoroark-Hisui, M|
|poke|p2|Ursaluna, F|
|poke|p2|Galvantula, F|
|poke|p2|Corviknight, M|
|poke|p2|Incineroar, F|
|poke|p2|Gyarados, F|
|teampreview
|inactive|Battle timer is ON: inactive players will automatically lose when time's up. (requested by Charthraxis27)
|
|t:|1760856816
|teamsize|p1|6
|teamsize|p2|6
|start
|switch|p1a: Golem|Golem, M, shiny|100/100
|switch|p2a: Galvantula|Galvantula, F|100/100
|turn|1
|
|t:|1760856832
|move|p2a: Galvantula|Energy Ball|p1a: Golem
|-supereffective|p1a: Golem
|-ability|p1a: Golem|Sturdy
|-damage|p1a: Golem|1/100
|-enditem|p1a: Golem|Weakness Policy
|-boost|p1a: Golem|atk|2|[from] item: Weakness Policy
|-boost|p1a: Golem|spa|2|[from] item: Weakness Policy
|move|p1a: Golem|Rock Polish|p1a: Golem
|-boost|p1a: Golem|spe|2
|
|upkeep
|turn|2
|
|t:|1760856844
|move|p1a: Golem|Explosion|p2a: Galvantula
|-enditem|p2a: Galvantula|Focus Sash
|-damage|p2a: Galvantula|1/100
|faint|p1a: Golem
|move|p2a: Galvantula|Energy Ball|p1: Golem|[notarget]
|-fail|p2a: Galvantula
|
|upkeep
|
|t:|1760856851
|switch|p1a: Munkidori|Munkidori, M|100/100
|turn|3
|
|t:|1760856858
|move|p1a: Munkidori|Fake Out|p2a: Galvantula
|-damage|p2a: Galvantula|0 fnt
|faint|p2a: Galvantula
|
|upkeep
|inactive|Charthraxis27 has 120 seconds left.
|
|t:|1760856891
|switch|p2a: Ursaluna|Ursaluna, F|100/100
|turn|4
|
|t:|1760856895
|move|p1a: Munkidori|Toxic|p2a: Ursaluna
|-status|p2a: Ursaluna|tox
|move|p2a: Ursaluna|Swords Dance|p2a: Ursaluna
|-boost|p2a: Ursaluna|atk|2
|
|-damage|p2a: Ursaluna|94/100 tox|[from] psn
|upkeep
|turn|5
|
|t:|1760856904
|move|p1a: Munkidori|Clear Smog|p2a: Ursaluna
|-resisted|p2a: Ursaluna
|-damage|p2a: Ursaluna|85/100 tox
|-clearboost|p2a: Ursaluna
|move|p2a: Ursaluna|Facade|p1a: Munkidori
|-enditem|p1a: Munkidori|Focus Sash
|-damage|p1a: Munkidori|1/100
|
|-damage|p2a: Ursaluna|73/100 tox|[from] psn
|upkeep
|turn|6
|
|t:|1760856917
|move|p1a: Munkidori|Poison Jab|p2a: Ursaluna
|-resisted|p2a: Ursaluna
|-damage|p2a: Ursaluna|63/100 tox
|move|p2a: Ursaluna|Facade|p1a: Munkidori
|-damage|p1a: Munkidori|0 fnt
|faint|p1a: Munkidori
|
|-damage|p2a: Ursaluna|44/100 tox|[from] psn
|upkeep
|
|t:|1760856927
|switch|p1a: Staraptor|Staraptor, M|100/100
|-ability|p1a: Staraptor|Intimidate|boost
|-unboost|p2a: Ursaluna|atk|1
|turn|7
|
|t:|1760856936
|move|p1a: Staraptor|Close Combat|p2a: Ursaluna
|-supereffective|p2a: Ursaluna
|-damage|p2a: Ursaluna|0 fnt
|-unboost|p1a: Staraptor|def|1
|-unboost|p1a: Staraptor|spd|1
|faint|p2a: Ursaluna
|
|upkeep
|
|t:|1760856942
|switch|p2a: Incineroar|Incineroar, F|100/100
|-ability|p2a: Incineroar|Intimidate|boost
|-unboost|p1a: Staraptor|atk|1
|turn|8
|
|t:|1760856949
|switch|p1a: Cloyster|Cloyster, M, shiny|100/100
|move|p2a: Incineroar|Thunder Punch|p1a: Cloyster
|-supereffective|p1a: Cloyster
|-damage|p1a: Cloyster|66/100
|-status|p1a: Cloyster|par
|
|upkeep
|turn|9
|
|t:|1760856958
|move|p2a: Incineroar|Knock Off|p1a: Cloyster
|-damage|p1a: Cloyster|34/100 par
|-enditem|p1a: Cloyster|White Herb|[from] move: Knock Off|[of] p2a: Incineroar
|cant|p1a: Cloyster|par
|
|upkeep
|turn|10
|
|t:|1760856965
|move|p2a: Incineroar|Thunder Punch|p1a: Cloyster
|-supereffective|p1a: Cloyster
|-damage|p1a: Cloyster|2/100 par
|cant|p1a: Cloyster|par
|
|upkeep
|turn|11
|
|t:|1760856971
|move|p2a: Incineroar|Thunder Punch|p1a: Cloyster
|-supereffective|p1a: Cloyster
|-damage|p1a: Cloyster|0 fnt
|faint|p1a: Cloyster
|
|upkeep
|
|t:|1760856977
|switch|p1a: Blaziken|Blaziken, F, shiny|100/100
|turn|12
|
|t:|1760856981
|move|p1a: Blaziken|Scorching Sands|p2a: Incineroar
|-supereffective|p2a: Incineroar
|-damage|p2a: Incineroar|58/100
|move|p2a: Incineroar|Knock Off|p1a: Blaziken
|-resisted|p1a: Blaziken
|-damage|p1a: Blaziken|71/100
|-enditem|p1a: Blaziken|Weakness Policy|[from] move: Knock Off|[of] p2a: Incineroar
|
|-ability|p1a: Blaziken|Speed Boost|boost
|-boost|p1a: Blaziken|spe|1
|upkeep
|turn|13
|
|t:|1760856994
|move|p1a: Blaziken|Scorching Sands|p2a: Incineroar
|-supereffective|p2a: Incineroar
|-damage|p2a: Incineroar|19/100
|-enditem|p2a: Incineroar|Sitrus Berry|[eat]
|-heal|p2a: Incineroar|44/100|[from] item: Sitrus Berry
|move|p2a: Incineroar|Parting Shot|p1a: Blaziken
|-unboost|p1a: Blaziken|atk|1
|-unboost|p1a: Blaziken|spa|1
|
|t:|1760857005
|switch|p2a: Corviknight|Corviknight, M|100/100|[from] Parting Shot
|
|-ability|p1a: Blaziken|Speed Boost|boost
|-boost|p1a: Blaziken|spe|1
|upkeep
|turn|14
|
|t:|1760857014
|-terastallize|p1a: Blaziken|Fire
|move|p1a: Blaziken|Fire Blast|p2a: Corviknight
|-supereffective|p2a: Corviknight
|-damage|p2a: Corviknight|0 fnt
|faint|p2a: Corviknight
|
|-ability|p1a: Blaziken|Speed Boost|boost
|-boost|p1a: Blaziken|spe|1
|upkeep
|
|t:|1760857026
|switch|p2a: Incineroar|Incineroar, F|44/100
|-ability|p2a: Incineroar|Intimidate|boost
|-unboost|p1a: Blaziken|atk|1
|turn|15
|
|t:|1760857051
|move|p1a: Blaziken|Scorching Sands|p2a: Incineroar
|-supereffective|p2a: Incineroar
|-damage|p2a: Incineroar|16/100
|move|p2a: Incineroar|Thunder Punch|p1a: Blaziken
|-damage|p1a: Blaziken|43/100
|
|-ability|p1a: Blaziken|Speed Boost|boost
|-boost|p1a: Blaziken|spe|1
|upkeep
|turn|16
|
|t:|1760857060
|move|p1a: Blaziken|Scorching Sands|p2a: Incineroar
|-supereffective|p2a: Incineroar
|-damage|p2a: Incineroar|0 fnt
|faint|p2a: Incineroar
|
|-ability|p1a: Blaziken|Speed Boost|boost
|-boost|p1a: Blaziken|spe|1
|upkeep
|
|t:|1760857066
|switch|p2a: Gyarados|Gyarados, F|100/100
|turn|17
|
|t:|1760857074
|switch|p1a: Staraptor|Staraptor, M|100/100
|-ability|p1a: Staraptor|Intimidate|boost
|-unboost|p2a: Gyarados|atk|1
|move|p2a: Gyarados|Shadow Ball|p1a: Staraptor
|-immune|p1a: Staraptor
|
|upkeep
|turn|18
|
|t:|1760857085
|move|p2a: Gyarados|Nasty Plot|p2a: Gyarados
|-boost|p2a: Gyarados|spa|2
|move|p1a: Staraptor|U-turn|p2a: Gyarados
|-resisted|p2a: Gyarados
|-damage|p2a: Gyarados|77/100
|replace|p2a: Zoroark|Zoroark-Hisui, M
|-end|p2a: Zoroark|Illusion
|
|t:|1760857093
|switch|p1a: Blaziken|Blaziken, F, shiny, tera:Fire|43/100|[from] U-turn
|
|upkeep
|turn|19
|
|t:|1760857117
|move|p1a: Blaziken|Endure|p1a: Blaziken
|-singleturn|p1a: Blaziken|move: Endure
|move|p2a: Zoroark|Shadow Ball|p1a: Blaziken
|-activate|p1a: Blaziken|move: Endure
|-damage|p1a: Blaziken|1/100
|
|-ability|p1a: Blaziken|Speed Boost|boost
|-boost|p1a: Blaziken|spe|1
|upkeep
|turn|20
|
|t:|1760857126
|move|p1a: Blaziken|Fire Blast|p2a: Zoroark
|-damage|p2a: Zoroark|0 fnt
|faint|p2a: Zoroark
|
|-ability|p1a: Blaziken|Speed Boost|boost
|-boost|p1a: Blaziken|spe|1
|upkeep
|
|t:|1760857132
|switch|p2a: Gyarados|Gyarados, F|100/100
|turn|21
|
|t:|1760857143
|move|p1a: Blaziken|Fire Blast|p2a: Gyarados|[miss]
|-miss|p1a: Blaziken|p2a: Gyarados
|move|p2a: Gyarados|Ice Fang|p1a: Blaziken
|-resisted|p1a: Blaziken
|-damage|p1a: Blaziken|0 fnt
|faint|p1a: Blaziken
|-ability|p2a: Gyarados|Moxie|boost
|-boost|p2a: Gyarados|atk|1
|-damage|p2a: Gyarados|91/100|[from] item: Life Orb
|
|upkeep
|
|t:|1760857154
|switch|p1a: Staraptor|Staraptor, M|100/100
|-ability|p1a: Staraptor|Intimidate|boost
|-unboost|p2a: Gyarados|atk|1
|turn|22
|
|t:|1760857169
|move|p1a: Staraptor|Brave Bird|p2a: Gyarados
|-damage|p2a: Gyarados|19/100
|-damage|p1a: Staraptor|75/100|[from] Recoil
|move|p2a: Gyarados|Ice Fang|p1a: Staraptor
|-supereffective|p1a: Staraptor
|-damage|p1a: Staraptor|0 fnt
|faint|p1a: Staraptor
|-ability|p2a: Gyarados|Moxie|boost
|-boost|p2a: Gyarados|atk|1
|-damage|p2a: Gyarados|9/100|[from] item: Life Orb
|
|upkeep
|
|t:|1760857183
|switch|p1a: Tsareena|Tsareena, F|100/100
|turn|23
|
|t:|1760857205
|move|p2a: Gyarados|Ice Fang|p1a: Tsareena
|-supereffective|p1a: Tsareena
|-damage|p1a: Tsareena|9/100
|-status|p1a: Tsareena|frz
|-damage|p2a: Gyarados|0 fnt|[from] item: Life Orb
|faint|p2a: Gyarados
|
|win|Rapidashhhhh
|raw|Rapidashhhhh's rating: 1054 &rarr; <strong>1092</strong><br />(+38 for winning)
|raw|Charthraxis27's rating: 1118 &rarr; <strong>1088</strong><br />(-30 for losing)
|l|☆Rapidashhhhh
|player|p1|
|l|☆Charthraxis27
|player|p2|
