|j|☆Kadeerkarim64
|j|☆dct!nightmare
|t:|1760883661
|gametype|singles
|player|p1|Kadeerkarim64|iris-gen5bw2|1251
|player|p2|dct!nightmare|giovanni|1217
|gen|9
|tier|[Gen 9] OU
|rated|
|rule|HP Percentage Mod: HP is shown in percentages
|rule|Endless Battle Clause: Forcing endless battles is banned
|rule|Species Clause: Limit one of each Pokémon
|rule|OHKO Clause: OHKO moves are banned
|rule|Evasion Items Clause: Evasion items are banned
|rule|Evasion Moves Clause: Evasion moves are banned
|rule|Evasion Abilities Clause: Evasion abilities are banned
|rule|Sleep Moves Clause: Sleep-inducing moves are banned
|clearpoke
|poke|p1|Galvantula, F|
|poke|p1|Cinderace, M|
|poke|p1|Goodra, M|
|poke|p1|Blastoise, F|
|poke|p1|Donphan, M|
|poke|p1|Passimian, F|
|poke|p2|Torkoal, M|
|poke|p2|Hatterene, F|
|poke|p2|Raging Bolt|
|poke|p2|Slither Wing|
|poke|p2|Venusaur, M|
|poke|p2|Walking Wake|
|teampreview
|inactive|Battle timer is ON: inactive players will automatically lose when time's up. (requested by dct!nightmare)
|
|t:|1760883670
|teamsize|p1|6
|teamsize|p2|6
|start
|switch|p1a: Galvantula|Galvantula, F|100/100
|switch|p2a: Hatterene|Hatterene, F|100/100
|-item|p2a: Hatterene|Air Balloon
|turn|1
|
|t:|1760883678
|move|p1a: Galvantula|Sticky Web|p2a: Hatterene
|move|p2a: Hatterene|Sticky Web|p1a: Galvantula|[from] ability: Magic Bounce
|-sidestart|p1: Kadeerkarim64|move: Sticky Web
|move|p2a: Hatterene|Trick Room|p2a: Hatterene
|-fieldstart|move: Trick Room|[of] p2a: Hatterene
|
|upkeep
|turn|2
|inactive|Kadeerkarim64 has 120 seconds left.
|
|t:|1760883723
|switch|p2a: Torkoal|Torkoal, M|100/100
|-weather|SunnyDay|[from] ability: Drought|[of] p2a: Torkoal
|switch|p1a: Passimian|Passimian, F|100/100
|-activate|p1a: Passimian|move: Sticky Web
|-unboost|p1a: Passimian|spe|1
|-ability|p1a: Passimian|Defiant|boost
|-boost|p1a: Passimian|atk|2
|
|-weather|SunnyDay|[upkeep]
|upkeep
|turn|3
|
|t:|1760883747
|-terastallize|p1a: Passimian|Poison
|move|p2a: Torkoal|Eruption|p1a: Passimian
|-damage|p1a: Passimian|18/100
|move|p1a: Passimian|Gunk Shot|p2a: Torkoal
|-damage|p2a: Torkoal|27/100
|
|-weather|SunnyDay|[upkeep]
|-heal|p1a: Passimian|24/100|[from] item: Leftovers
|upkeep
|turn|4
|
|t:|1760883758
|move|p2a: Torkoal|Earthquake|p1a: Passimian
|-supereffective|p1a: Passimian
|-damage|p1a: Passimian|0 fnt
|faint|p1a: Passimian
|
|-weather|SunnyDay|[upkeep]
|upkeep
|inactive|Kadeerkarim64 has 90 seconds left.
|
|t:|1760883778
|switch|p1a: Donphan|Donphan, M|100/100
|-activate|p1a: Donphan|move: Sticky Web
|-unboost|p1a: Donphan|spe|1
|turn|5
|
|t:|1760883796
|switch|p2a: Walking Wake|Walking Wake|100/100
|-activate|p2a: Walking Wake|ability: Protosynthesis
|-start|p2a: Walking Wake|protosynthesisspe
|move|p1a: Donphan|Earthquake|p2a: Walking Wake
|-damage|p2a: Walking Wake|57/100
|
|-weather|SunnyDay|[upkeep]
|-fieldend|move: Trick Room
|upkeep
|turn|6
|inactive|Kadeerkarim64 has 90 seconds left.
|
|t:|1760883810
|move|p2a: Walking Wake|Hydro Steam|p1a: Donphan
|-supereffective|p1a: Donphan
|-ability|p1a: Donphan|Sturdy
|-damage|p1a: Donphan|1/100
|move|p1a: Donphan|Stealth Rock|p2a: Walking Wake
|-sidestart|p2: dct!nightmare|move: Stealth Rock
|
|-weather|SunnyDay|[upkeep]
|upkeep
|turn|7
|inactive|Kadeerkarim64 has 90 seconds left.
|
|t:|1760883825
|move|p2a: Walking Wake|Hydro Steam|p1a: Donphan
|-supereffective|p1a: Donphan
|-damage|p1a: Donphan|0 fnt
|faint|p1a: Donphan
|
|-weather|SunnyDay|[upkeep]
|upkeep
|inactive|Kadeerkarim64 has 90 seconds left.
|
|t:|1760883842
|switch|p1a: Galvantula|Galvantula, F|100/100
|-activate|p1a: Galvantula|move: Sticky Web
|-unboost|p1a: Galvantula|spe|1
|turn|8
|
|t:|1760883854
|move|p2a: Walking Wake|Weather Ball|p1a: Galvantula
|-supereffective|p1a: Galvantula
|-enditem|p1a: Galvantula|Focus Sash
|-damage|p1a: Galvantula|1/100
|move|p1a: Galvantula|Thunder Wave|p2a: Walking Wake
|-status|p2a: Walking Wake|par
|
|-weather|SunnyDay|[upkeep]
|upkeep
|turn|9
|inactive|Kadeerkarim64 has 90 seconds left.
|
|t:|1760883866
|move|p2a: Walking Wake|Flip Turn|p1a: Galvantula
|-damage|p1a: Galvantula|0 fnt
|faint|p1a: Galvantula
|
|t:|1760883874
|-end|p2a: Walking Wake|Protosynthesis|[silent]
|switch|p2a: Raging Bolt|Raging Bolt|100/100|[from] Flip Turn
|-damage|p2a: Raging Bolt|88/100|[from] Stealth Rock
|-activate|p2a: Raging Bolt|ability: Protosynthesis
|-start|p2a: Raging Bolt|protosynthesisspa
|
|-weather|none
|-end|p2a: Raging Bolt|Protosynthesis
|upkeep
|
|t:|1760883882
|switch|p1a: Cinderace|Cinderace, M|100/100
|turn|10
|
|t:|1760883887
|-end|p2a: Raging Bolt|Protosynthesis|[silent]
|switch|p2a: Torkoal|Torkoal, M|27/100
|-damage|p2a: Torkoal|2/100|[from] Stealth Rock
|-weather|SunnyDay|[from] ability: Drought|[of] p2a: Torkoal
|move|p1a: Cinderace|Court Change|p1a: Cinderace
|-start|p1a: Cinderace|typechange|Normal|[from] ability: Libero
|-swapsideconditions
|-activate|p1a: Cinderace|move: Court Change
|
|-weather|SunnyDay|[upkeep]
|upkeep
|turn|11
|
|t:|1760883900
|switch|p2a: Hatterene|Hatterene, F|100/100
|-item|p2a: Hatterene|Air Balloon
|move|p1a: Cinderace|U-turn|p2a: Hatterene
|-damage|p2a: Hatterene|82/100
|-enditem|p2a: Hatterene|Air Balloon
|
|t:|1760883911
|switch|p1a: Goodra|Goodra, M|100/100|[from] U-turn
|-damage|p1a: Goodra|88/100|[from] Stealth Rock
|
|-weather|SunnyDay|[upkeep]
|-heal|p1a: Goodra|94/100|[from] item: Leftovers
|upkeep
|turn|12
|
|t:|1760883932
|move|p1a: Goodra|Sludge Bomb|p2a: Hatterene
|-supereffective|p2a: Hatterene
|-damage|p2a: Hatterene|19/100
|move|p2a: Hatterene|Dazzling Gleam|p1a: Goodra
|-supereffective|p1a: Goodra
|-damage|p1a: Goodra|46/100
|
|-weather|SunnyDay|[upkeep]
|-heal|p1a: Goodra|52/100|[from] item: Leftovers
|upkeep
|turn|13
|
|t:|1760883949
|move|p1a: Goodra|Sludge Bomb|p2a: Hatterene
|-supereffective|p2a: Hatterene
|-damage|p2a: Hatterene|0 fnt
|faint|p2a: Hatterene
|
|-weather|SunnyDay|[upkeep]
|-heal|p1a: Goodra|58/100|[from] item: Leftovers
|upkeep
|inactive|dct!nightmare has 120 seconds left.
|
|t:|1760883960
|switch|p2a: Raging Bolt|Raging Bolt|88/100
|-activate|p2a: Raging Bolt|move: Sticky Web
|-unboost|p2a: Raging Bolt|spe|1
|-activate|p2a: Raging Bolt|ability: Protosynthesis
|-start|p2a: Raging Bolt|protosynthesisspa
|turn|14
|inactive|dct!nightmare has 120 seconds left.
|
|t:|1760883973
|-terastallize|p2a: Raging Bolt|Ghost
|move|p1a: Goodra|Draco Meteor|p2a: Raging Bolt
|-damage|p2a: Raging Bolt|28/100
|-unboost|p1a: Goodra|spa|2
|move|p2a: Raging Bolt|Dragon Pulse|p1a: Goodra
|-supereffective|p1a: Goodra
|-damage|p1a: Goodra|0 fnt
|faint|p1a: Goodra
|-damage|p2a: Raging Bolt|18/100|[from] item: Life Orb
|
|-weather|SunnyDay|[upkeep]
|upkeep
|
|t:|1760883986
|switch|p1a: Cinderace|Cinderace, M|100/100
|turn|15
|
|t:|1760883990
|move|p1a: Cinderace|Sucker Punch|p2a: Raging Bolt
|-start|p1a: Cinderace|typechange|Dark|[from] ability: Libero
|-supereffective|p2a: Raging Bolt
|-damage|p2a: Raging Bolt|0 fnt
|faint|p2a: Raging Bolt
|-end|p2a: Raging Bolt|Protosynthesis|[silent]
|
|-weather|SunnyDay|[upkeep]
|upkeep
|
|t:|1760883996
|switch|p2a: Slither Wing|Slither Wing|100/100
|-activate|p2a: Slither Wing|move: Sticky Web
|-unboost|p2a: Slither Wing|spe|1
|-activate|p2a: Slither Wing|ability: Protosynthesis
|-start|p2a: Slither Wing|protosynthesisatk
|turn|16
|inactive|Kadeerkarim64 has 120 seconds left.
|
|t:|1760884015
|move|p2a: Slither Wing|First Impression|p1a: Cinderace
|-supereffective|p1a: Cinderace
|-damage|p1a: Cinderace|0 fnt
|faint|p1a: Cinderace
|
|-weather|SunnyDay|[upkeep]
|upkeep
|inactive|Kadeerkarim64 has 120 seconds left.
|
|t:|1760884021
|switch|p1a: Blastoise|Blastoise, F|100/100
|-damage|p1a: Blastoise|88/100|[from] Stealth Rock
|turn|17
|
|t:|1760884035
|move|p1a: Blastoise|Shell Smash|p1a: Blastoise
|-unboost|p1a: Blastoise|def|1
|-unboost|p1a: Blastoise|spd|1
|-boost|p1a: Blastoise|atk|2
|-boost|p1a: Blastoise|spa|2
|-boost|p1a: Blastoise|spe|2
|-enditem|p1a: Blastoise|White Herb
|-clearnegativeboost|p1a: Blastoise|[silent]
|move|p2a: Slither Wing|Earthquake|p1a: Blastoise
|-damage|p1a: Blastoise|28/100
|
|-weather|none
|-end|p2a: Slither Wing|Protosynthesis
|upkeep
|turn|18
|
|t:|1760884048
|-end|p2a: Slither Wing|Protosynthesis|[silent]
|switch|p2a: Torkoal|Torkoal, M|2/100
|-activate|p2a: Torkoal|move: Sticky Web
|-unboost|p2a: Torkoal|spe|1
|-weather|SunnyDay|[from] ability: Drought|[of] p2a: Torkoal
|move|p1a: Blastoise|Surf|p2a: Torkoal
|-supereffective|p2a: Torkoal
|-damage|p2a: Torkoal|0 fnt
|faint|p2a: Torkoal
|
|-weather|SunnyDay|[upkeep]
|upkeep
|-message|Kadeerkarim64 forfeited.
|
|win|dct!nightmare
|raw|Kadeerkarim64's rating: 1251 &rarr; <strong>1222</strong><br />(-29 for losing)
|raw|dct!nightmare's rating: 1193 &rarr; <strong>1222</strong><br />(+29 for winning)
|l|☆Kadeerkarim64
|player|p1|
|l|☆dct!nightmare
|player|p2|
