|j|☆friendswithdogs
|j|☆Epstynsbestfriend
|t:|1760809793
|gametype|singles
|player|p1|friendswithdogs|blue|1539
|player|p2|Epstynsbestfriend|265|1570
|gen|9
|tier|[Gen 9] OU
|rated|
|rule|HP Percentage Mod: HP is shown in percentages
|rule|Endless Battle Clause: Forcing endless battles is banned
|rule|Species Clause: Limit one of each Pokémon
|rule|OHKO Clause: OHKO moves are banned
|rule|Evasion Items Clause: Evasion items are banned
|rule|Evasion Moves Clause: Evasion moves are banned
|rule|Evasion Abilities Clause: Evasion abilities are banned
|rule|Sleep Moves Clause: Sleep-inducing moves are banned
|clearpoke
|poke|p1|Zamazenta-*|
|poke|p1|Arcanine-Hisui, M|
|poke|p1|Darkrai|
|poke|p1|Great Tusk|
|poke|p1|Kyurem|
|poke|p1|Slowking-Galar, M|
|poke|p2|Gholdengo|
|poke|p2|Iron Treads|
|poke|p2|Moltres|
|poke|p2|Samurott-Hisui, F|
|poke|p2|Sinistcha|
|poke|p2|Ting-Lu|
|teampreview
|inactive|Battle timer is ON: inactive players will automatically lose when time's up. (requested by friendswithdogs)
|inactive|Epstynsbestfriend has 120 seconds left.
|
|t:|1760809840
|teamsize|p1|6
|teamsize|p2|6
|start
|switch|p1a: Kyurem|Kyurem|100/100
|switch|p2a: Samurott|Samurott-Hisui, F|100/100
|-ability|p1a: Kyurem|Pressure
|turn|1
|
|t:|1760809864
|move|p2a: Samurott|Ceaseless Edge|p1a: Kyurem
|-damage|p1a: Kyurem|56/100
|-sidestart|p1: friendswithdogs|Spikes
|move|p1a: Kyurem|Freeze-Dry|p2a: Samurott
|-supereffective|p2a: Samurott
|-damage|p2a: Samurott|0 fnt
|faint|p2a: Samurott
|
|upkeep
|
|t:|1760809873
|switch|p2a: Gholdengo|Gholdengo|100/100
|turn|2
|
|t:|1760809881
|switch|p1a: Darkrai|Darkrai|100/100
|-damage|p1a: Darkrai|88/100|[from] Spikes
|move|p2a: Gholdengo|Make It Rain|p1a: Darkrai
|-damage|p1a: Darkrai|0 fnt
|-unboost|p2a: Gholdengo|spa|1
|faint|p1a: Darkrai
|
|upkeep
|
|t:|1760809884
|switch|p1a: Arcanine|Arcanine-Hisui, M|100/100
|-damage|p1a: Arcanine|88/100|[from] Spikes
|turn|3
|
|t:|1760809898
|switch|p2a: Moltres|Moltres|100/100
|move|p1a: Arcanine|Flare Blitz|p2a: Moltres
|-resisted|p2a: Moltres
|-damage|p2a: Moltres|73/100
|
|upkeep
|turn|4
|
|t:|1760809908
|switch|p2a: Ting-Lu|Ting-Lu|100/100
|-ability|p2a: Ting-Lu|Vessel of Ruin
|move|p1a: Arcanine|Flare Blitz|p2a: Ting-Lu
|-damage|p2a: Ting-Lu|54/100
|
|-heal|p2a: Ting-Lu|60/100|[from] item: Leftovers
|upkeep
|turn|5
|
|t:|1760809919
|move|p1a: Arcanine|Flare Blitz|p2a: Ting-Lu
|-damage|p2a: Ting-Lu|9/100
|move|p2a: Ting-Lu|Earthquake|p1a: Arcanine
|-supereffective|p1a: Arcanine
|-damage|p1a: Arcanine|0 fnt
|faint|p1a: Arcanine
|
|-heal|p2a: Ting-Lu|16/100|[from] item: Leftovers
|upkeep
|
|t:|1760809927
|switch|p1a: Great Tusk|Great Tusk|100/100
|-damage|p1a: Great Tusk|88/100|[from] Spikes
|turn|6
|
|t:|1760809933
|switch|p2a: Sinistcha|Sinistcha|100/100
|move|p1a: Great Tusk|Stealth Rock|p2a: Sinistcha
|-sidestart|p2: Epstynsbestfriend|move: Stealth Rock
|
|upkeep
|turn|7
|
|t:|1760809938
|-end|p1a: Great Tusk|Protosynthesis|[silent]
|switch|p1a: Slowking|Slowking-Galar, M|100/100
|move|p2a: Sinistcha|Calm Mind|p2a: Sinistcha
|-boost|p2a: Sinistcha|spa|1
|-boost|p2a: Sinistcha|spd|1
|
|upkeep
|turn|8
|
|t:|1760809945
|move|p2a: Sinistcha|Calm Mind|p2a: Sinistcha
|-boost|p2a: Sinistcha|spa|1
|-boost|p2a: Sinistcha|spd|1
|move|p1a: Slowking|Thunder Wave|p2a: Sinistcha
|-status|p2a: Sinistcha|par
|
|upkeep
|turn|9
|
|t:|1760809952
|move|p2a: Sinistcha|Shadow Ball|p1a: Slowking
|-supereffective|p1a: Slowking
|-damage|p1a: Slowking|28/100
|-prepare|p1a: Slowking|Chilly Reception|[premajor]
|move|p1a: Slowking|Chilly Reception|p1a: Slowking
|-weather|Snowscape
|
|t:|1760809958
|switch|p1a: Kyurem|Kyurem|56/100|[from] Chilly Reception
|-damage|p1a: Kyurem|43/100|[from] Spikes
|-ability|p1a: Kyurem|Pressure
|
|-weather|Snowscape|[upkeep]
|upkeep
|turn|10
|
|t:|1760809967
|-terastallize|p2a: Sinistcha|Poison
|move|p1a: Kyurem|Ice Beam|p2a: Sinistcha
|-damage|p2a: Sinistcha|58/100 par
|move|p2a: Sinistcha|Matcha Gotcha|p1a: Kyurem
|-resisted|p1a: Kyurem
|-damage|p1a: Kyurem|15/100
|-heal|p2a: Sinistcha|74/100 par|[from] drain|[of] p1a: Kyurem
|
|-weather|Snowscape|[upkeep]
|upkeep
|turn|11
|
|t:|1760809979
|move|p1a: Kyurem|Ice Beam|p2a: Sinistcha
|-damage|p2a: Sinistcha|30/100 par
|move|p2a: Sinistcha|Matcha Gotcha|p1a: Kyurem|[miss]
|-miss|p2a: Sinistcha|p1a: Kyurem
|
|-weather|Snowscape|[upkeep]
|upkeep
|turn|12
|
|t:|1760809992
|move|p1a: Kyurem|Ice Beam|p2a: Sinistcha
|-damage|p2a: Sinistcha|0 fnt
|faint|p2a: Sinistcha
|
|-weather|Snowscape|[upkeep]
|upkeep
|
|t:|1760809998
|switch|p2a: Iron Treads|Iron Treads|100/100
|-damage|p2a: Iron Treads|98/100|[from] Stealth Rock
|turn|13
|
|t:|1760810003
|switch|p1a: Great Tusk|Great Tusk|88/100
|-damage|p1a: Great Tusk|76/100|[from] Spikes
|move|p2a: Iron Treads|Rapid Spin|p1a: Great Tusk
|-damage|p1a: Great Tusk|67/100
|-boost|p2a: Iron Treads|spe|1
|-damage|p2a: Iron Treads|81/100|[from] item: Rocky Helmet|[of] p1a: Great Tusk
|-sideend|p2: Epstynsbestfriend|Stealth Rock|[from] move: Rapid Spin|[of] p2a: Iron Treads
|
|-weather|none
|upkeep
|turn|14
|
|t:|1760810016
|-end|p2a: Iron Treads|Quark Drive|[silent]
|switch|p2a: Gholdengo|Gholdengo|100/100
|move|p1a: Great Tusk|Stealth Rock|p2a: Gholdengo
|-sidestart|p2: Epstynsbestfriend|move: Stealth Rock
|
|upkeep
|turn|15
|
|t:|1760810026
|switch|p2a: Moltres|Moltres|73/100
|move|p1a: Great Tusk|Headlong Rush|p2a: Moltres
|-immune|p2a: Moltres
|
|upkeep
|turn|16
|
|t:|1760810033
|move|p1a: Great Tusk|Rapid Spin|p2a: Moltres
|-damage|p2a: Moltres|60/100
|-boost|p1a: Great Tusk|spe|1
|-status|p1a: Great Tusk|brn|[from] ability: Flame Body|[of] p2a: Moltres
|-sideend|p1: friendswithdogs|Spikes|[from] move: Rapid Spin|[of] p1a: Great Tusk
|move|p2a: Moltres|Flamethrower|p1a: Great Tusk
|-damage|p1a: Great Tusk|10/100 brn
|
|-damage|p1a: Great Tusk|4/100 brn|[from] brn
|upkeep
|turn|17
|
|t:|1760810044
|move|p1a: Great Tusk|Ice Spinner|p2a: Moltres
|-damage|p2a: Moltres|51/100
|move|p2a: Moltres|Roost|p2a: Moltres
|-heal|p2a: Moltres|100/100
|-singleturn|p2a: Moltres|move: Roost
|
|-damage|p1a: Great Tusk|0 fnt|[from] brn
|faint|p1a: Great Tusk
|-end|p1a: Great Tusk|Protosynthesis|[silent]
|upkeep
|
|t:|1760810053
|switch|p1a: Kyurem|Kyurem|15/100
|-ability|p1a: Kyurem|Pressure
|turn|18
|
|t:|1760810059
|move|p1a: Kyurem|Draco Meteor|p2a: Moltres
|-damage|p2a: Moltres|0 fnt
|-unboost|p1a: Kyurem|spa|2
|faint|p2a: Moltres
|
|upkeep
|
|t:|1760810066
|switch|p2a: Gholdengo|Gholdengo|100/100
|-damage|p2a: Gholdengo|94/100|[from] Stealth Rock
|turn|19
|
|t:|1760810072
|switch|p1a: Slowking|Slowking-Galar, M|62/100
|move|p2a: Gholdengo|Make It Rain|p1a: Slowking
|-damage|p1a: Slowking|14/100
|-unboost|p2a: Gholdengo|spa|1
|
|upkeep
|turn|20
|
|t:|1760810080
|move|p2a: Gholdengo|Make It Rain|p1a: Slowking
|-damage|p1a: Slowking|0 fnt
|-unboost|p2a: Gholdengo|spa|1
|faint|p1a: Slowking
|
|upkeep
|
|t:|1760810083
|switch|p1a: Zamazenta|Zamazenta|100/100
|-ability|p1a: Zamazenta|Dauntless Shield|boost
|-boost|p1a: Zamazenta|def|1
|turn|21
|
|t:|1760810093
|switch|p2a: Ting-Lu|Ting-Lu|16/100
|-damage|p2a: Ting-Lu|9/100|[from] Stealth Rock
|-ability|p2a: Ting-Lu|Vessel of Ruin
|move|p1a: Zamazenta|Iron Defense|p1a: Zamazenta
|-boost|p1a: Zamazenta|def|2
|
|-heal|p2a: Ting-Lu|16/100|[from] item: Leftovers
|upkeep
|turn|22
|
|t:|1760810105
|move|p1a: Zamazenta|Body Press|p2a: Ting-Lu
|-supereffective|p2a: Ting-Lu
|-damage|p2a: Ting-Lu|0 fnt
|faint|p2a: Ting-Lu
|
|upkeep
|
|t:|1760810118
|switch|p2a: Gholdengo|Gholdengo|94/100
|-damage|p2a: Gholdengo|88/100|[from] Stealth Rock
|turn|23
|
|t:|1760810124
|move|p1a: Zamazenta|Crunch|p2a: Gholdengo
|-supereffective|p2a: Gholdengo
|-damage|p2a: Gholdengo|33/100
|-unboost|p2a: Gholdengo|def|1
|move|p2a: Gholdengo|Make It Rain|p1a: Zamazenta
|-damage|p1a: Zamazenta|20/100
|-unboost|p2a: Gholdengo|spa|1
|
|-heal|p1a: Zamazenta|27/100|[from] item: Leftovers
|upkeep
|turn|24
|
|t:|1760810136
|move|p1a: Zamazenta|Crunch|p2a: Gholdengo
|-supereffective|p2a: Gholdengo
|-damage|p2a: Gholdengo|0 fnt
|faint|p2a: Gholdengo
|
|-heal|p1a: Zamazenta|33/100|[from] item: Leftovers
|upkeep
|-message|Epstynsbestfriend forfeited.
|
|win|friendswithdogs
|raw|friendswithdogs's rating: 1539 &rarr; <strong>1561</strong><br />(+22 for winning)
|raw|Epstynsbestfriend's rating: 1570 &rarr; <strong>1548</strong><br />(-22 for losing)
|l|☆Epstynsbestfriend
|player|p2|
|l|☆friendswithdogs
|player|p1|
