|j|☆cheusname
|j|☆waterdrinker48
|t:|1760849558
|gametype|singles
|player|p1|cheusname|ninjaboy|1248
|player|p2|waterdrinker48|miku-ghost|1205
|gen|9
|tier|[Gen 9] OU
|rated|
|rule|HP Percentage Mod: HP is shown in percentages
|rule|Endless Battle Clause: Forcing endless battles is banned
|rule|Species Clause: Limit one of each Pokémon
|rule|OHKO Clause: OHKO moves are banned
|rule|Evasion Items Clause: Evasion items are banned
|rule|Evasion Moves Clause: Evasion moves are banned
|rule|Evasion Abilities Clause: Evasion abilities are banned
|rule|Sleep Moves Clause: Sleep-inducing moves are banned
|clearpoke
|poke|p1|Garchomp, F|
|poke|p1|Alomomola, M|
|poke|p1|Iron Valiant|
|poke|p1|Gholdengo|
|poke|p1|Slowking-Galar, F|
|poke|p1|Iron Treads|
|poke|p2|Iron Crown|
|poke|p2|Dragonite, F|
|poke|p2|Kingambit, F|
|poke|p2|Enamorus, F|
|poke|p2|Maushold|
|poke|p2|Meowscarada, M|
|teampreview
|inactive|Battle timer is ON: inactive players will automatically lose when time's up. (requested by waterdrinker48)
|inactive|cheusname has 120 seconds left.
|l|☆waterdrinker48
|inactive|waterdrinker48 disconnected and has a minute to reconnect!
|player|p2|
|
|t:|1760849594
|teamsize|p1|6
|teamsize|p2|6
|start
|switch|p1a: Iron Treads|Iron Treads|100/100
|switch|p2a: Maushold|Maushold|100/100
|turn|1
|inactive|waterdrinker48 has 30 seconds to reconnect!
|inactive|waterdrinker48 has 20 seconds to reconnect!
|j|☆waterdrinker48
|inactive|waterdrinker48 reconnected and has 110 seconds left.
|player|p2|waterdrinker48|miku-ghost|
|
|t:|1760849640
|move|p2a: Maushold|Tidy Up|p2a: Maushold
|-boost|p2a: Maushold|atk|1
|-boost|p2a: Maushold|spe|1
|move|p1a: Iron Treads|Stealth Rock|p2a: Maushold
|-sidestart|p2: waterdrinker48|move: Stealth Rock
|
|upkeep
|turn|2
|
|t:|1760849645
|move|p2a: Maushold|Encore|p1a: Iron Treads
|-start|p1a: Iron Treads|Encore
|move|p1a: Iron Treads|Stealth Rock||[still]
|-fail|p1a: Iron Treads
|
|upkeep
|turn|3
|
|t:|1760849650
|-end|p1a: Iron Treads|Quark Drive|[silent]
|switch|p1a: Alomomola|Alomomola, M|100/100
|move|p2a: Maushold|Tidy Up|p2a: Maushold
|-sideend|p2: waterdrinker48|Stealth Rock
|-activate|p2a: Maushold|move: Tidy Up
|-boost|p2a: Maushold|atk|1
|-boost|p2a: Maushold|spe|1
|
|upkeep
|turn|4
|
|t:|1760849661
|-terastallize|p1a: Alomomola|Ghost
|move|p2a: Maushold|Population Bomb|p1a: Alomomola
|-immune|p1a: Alomomola
|move|p1a: Alomomola|Scald|p2a: Maushold
|-damage|p2a: Maushold|81/100
|
|upkeep
|turn|5
|
|t:|1760849669
|move|p2a: Maushold|U-turn|p1a: Alomomola
|-resisted|p1a: Alomomola
|-damage|p1a: Alomomola|91/100
|
|t:|1760849671
|switch|p2a: Iron Crown|Iron Crown|100/100|[from] U-turn
|move|p1a: Alomomola|Scald|p2a: Iron Crown
|-damage|p2a: Iron Crown|88/100
|
|upkeep
|turn|6
|
|t:|1760849679
|switch|p1a: Slowking|Slowking-Galar, F|100/100
|move|p2a: Iron Crown|Tachyon Cutter|p1a: Slowking
|-damage|p1a: Slowking|87/100
|-damage|p1a: Slowking|73/100
|-hitcount|p1a: Slowking|2
|
|upkeep
|turn|7
|
|t:|1760849685
|-end|p2a: Iron Crown|Quark Drive|[silent]
|switch|p2a: Meowscarada|Meowscarada, M|100/100
|-prepare|p1a: Slowking|Chilly Reception|[premajor]
|move|p1a: Slowking|Chilly Reception|p1a: Slowking
|-weather|Snowscape
|inactive|cheusname has 120 seconds left.
|
|t:|1760849739
|switch|p1a: Iron Treads|Iron Treads|100/100|[from] Chilly Reception
|
|-weather|Snowscape|[upkeep]
|upkeep
|turn|8
|
|t:|1760849750
|move|p2a: Meowscarada|U-turn|p1a: Iron Treads
|-start|p2a: Meowscarada|typechange|Bug|[from] ability: Protean
|-resisted|p1a: Iron Treads
|-damage|p1a: Iron Treads|87/100
|
|t:|1760849755
|switch|p2a: Maushold|Maushold|81/100|[from] U-turn
|move|p1a: Iron Treads|Stealth Rock|p2a: Maushold
|-sidestart|p2: waterdrinker48|move: Stealth Rock
|
|-weather|Snowscape|[upkeep]
|-heal|p1a: Iron Treads|93/100|[from] item: Leftovers
|upkeep
|turn|9
|inactive|cheusname has 120 seconds left.
|
|t:|1760849768
|move|p2a: Maushold|Tidy Up|p2a: Maushold
|-sideend|p2: waterdrinker48|Stealth Rock
|-activate|p2a: Maushold|move: Tidy Up
|-boost|p2a: Maushold|atk|1
|-boost|p2a: Maushold|spe|1
|move|p1a: Iron Treads|Steel Beam|p2a: Maushold
|-damage|p2a: Maushold|24/100
|-damage|p1a: Iron Treads|43/100|[from] steelbeam
|
|-weather|Snowscape|[upkeep]
|-heal|p1a: Iron Treads|49/100|[from] item: Leftovers
|upkeep
|turn|10
|
|t:|1760849773
|-end|p1a: Iron Treads|Quark Drive|[silent]
|switch|p1a: Alomomola|Alomomola, M, tera:Ghost|100/100
|move|p2a: Maushold|Population Bomb|p1a: Alomomola
|-immune|p1a: Alomomola
|
|-weather|Snowscape|[upkeep]
|upkeep
|turn|11
|
|t:|1760849781
|move|p2a: Maushold|U-turn|p1a: Alomomola
|-resisted|p1a: Alomomola
|-damage|p1a: Alomomola|94/100
|
|t:|1760849788
|switch|p2a: Iron Crown|Iron Crown|88/100|[from] U-turn
|move|p1a: Alomomola|Wish|p1a: Alomomola
|
|-weather|none
|upkeep
|turn|12
|
|t:|1760849798
|switch|p1a: Slowking|Slowking-Galar, F|100/100
|move|p2a: Iron Crown|Volt Switch|p1a: Slowking
|-damage|p1a: Slowking|86/100
|
|t:|1760849802
|-end|p2a: Iron Crown|Quark Drive|[silent]
|switch|p2a: Meowscarada|Meowscarada, M|100/100|[from] Volt Switch
|
|-heal|p1a: Slowking|100/100|[from] move: Wish|[wisher] Alomomola
|upkeep
|turn|13
|
|t:|1760849808
|switch|p1a: Iron Treads|Iron Treads|49/100
|move|p2a: Meowscarada|Knock Off|p1a: Iron Treads
|-start|p2a: Meowscarada|typechange|Dark|[from] ability: Protean
|-damage|p1a: Iron Treads|9/100
|-enditem|p1a: Iron Treads|Leftovers|[from] move: Knock Off|[of] p2a: Meowscarada
|
|upkeep
|turn|14
|
|t:|1760849815
|move|p2a: Meowscarada|Knock Off|p1a: Iron Treads
|-damage|p1a: Iron Treads|0 fnt
|faint|p1a: Iron Treads
|-end|p1a: Iron Treads|Quark Drive|[silent]
|
|upkeep
|
|t:|1760849841
|switch|p1a: Garchomp|Garchomp, F|100/100
|turn|15
|inactive|cheusname has 120 seconds left.
|
|t:|1760849870
|move|p2a: Meowscarada|Knock Off|p1a: Garchomp
|-damage|p1a: Garchomp|36/100
|-damage|p2a: Meowscarada|88/100|[from] ability: Rough Skin|[of] p1a: Garchomp
|-enditem|p1a: Garchomp|Loaded Dice|[from] move: Knock Off|[of] p2a: Meowscarada
|move|p1a: Garchomp|Scale Shot|p2a: Meowscarada
|-damage|p2a: Meowscarada|68/100
|-damage|p2a: Meowscarada|49/100
|-damage|p2a: Meowscarada|30/100
|-damage|p2a: Meowscarada|9/100
|-hitcount|p2a: Meowscarada|4
|-unboost|p1a: Garchomp|def|1
|-boost|p1a: Garchomp|spe|1
|
|upkeep
|turn|16
|
|t:|1760849882
|switch|p2a: Enamorus|Enamorus, F|100/100
|move|p1a: Garchomp|Swords Dance|p1a: Garchomp
|-boost|p1a: Garchomp|atk|2
|
|upkeep
|turn|17
|
|t:|1760849905
|switch|p1a: Slowking|Slowking-Galar, F|100/100
|move|p2a: Enamorus|Moonblast|p1a: Slowking
|-resisted|p1a: Slowking
|-damage|p1a: Slowking|85/100
|
|upkeep
|turn|18
|
|t:|1760849911
|switch|p2a: Iron Crown|Iron Crown|88/100
|move|p1a: Slowking|Thunder Wave|p2a: Iron Crown
|-status|p2a: Iron Crown|par
|
|upkeep
|turn|19
|
|t:|1760849914
|move|p2a: Iron Crown|Volt Switch|p1a: Slowking
|-damage|p1a: Slowking|71/100
|
|t:|1760849917
|-end|p2a: Iron Crown|Quark Drive|[silent]
|switch|p2a: Meowscarada|Meowscarada, M|9/100|[from] Volt Switch
|-prepare|p1a: Slowking|Chilly Reception|[premajor]
|move|p1a: Slowking|Chilly Reception|p1a: Slowking
|-weather|Snowscape
|
|t:|1760849920
|switch|p1a: Gholdengo|Gholdengo|100/100|[from] Chilly Reception
|
|-weather|Snowscape|[upkeep]
|upkeep
|turn|20
|
|t:|1760849923
|move|p1a: Gholdengo|Shadow Ball|p2a: Meowscarada
|-resisted|p2a: Meowscarada
|-damage|p2a: Meowscarada|0 fnt
|faint|p2a: Meowscarada
|
|-weather|Snowscape|[upkeep]
|upkeep
|
|t:|1760849926
|switch|p2a: Maushold|Maushold|24/100
|turn|21
|
|t:|1760849933
|switch|p1a: Alomomola|Alomomola, M, tera:Ghost|100/100
|move|p2a: Maushold|Tidy Up|p2a: Maushold
|-boost|p2a: Maushold|atk|1
|-boost|p2a: Maushold|spe|1
|
|-weather|Snowscape|[upkeep]
|upkeep
|turn|22
|
|t:|1760849939
|move|p2a: Maushold|U-turn|p1a: Alomomola
|-resisted|p1a: Alomomola
|-damage|p1a: Alomomola|94/100
|
|t:|1760849942
|switch|p2a: Iron Crown|Iron Crown|88/100 par|[from] U-turn
|move|p1a: Alomomola|Flip Turn|p2a: Iron Crown
|-damage|p2a: Iron Crown|72/100 par
|
|t:|1760849953
|switch|p1a: Gholdengo|Gholdengo|100/100|[from] Flip Turn
|
|-weather|Snowscape|[upkeep]
|upkeep
|turn|23
|
|t:|1760849959
|move|p1a: Gholdengo|Shadow Ball|p2a: Iron Crown
|-supereffective|p2a: Iron Crown
|-damage|p2a: Iron Crown|0 fnt
|faint|p2a: Iron Crown
|-end|p2a: Iron Crown|Quark Drive|[silent]
|
|-weather|none
|upkeep
|
|t:|1760849961
|switch|p2a: Kingambit|Kingambit, F|100/100
|-activate|p2a: Kingambit|ability: Supreme Overlord
|-start|p2a: Kingambit|fallen2|[silent]
|-item|p2a: Kingambit|Air Balloon
|turn|24
|
|t:|1760849973
|switch|p1a: Alomomola|Alomomola, M, tera:Ghost|100/100
|move|p2a: Kingambit|Sucker Punch||[still]
|-fail|p2a: Kingambit
|
|upkeep
|turn|25
|
|t:|1760849978
|move|p2a: Kingambit|Kowtow Cleave|p1a: Alomomola
|-supereffective|p1a: Alomomola
|-damage|p1a: Alomomola|41/100
|move|p1a: Alomomola|Scald|p2a: Kingambit
|-damage|p2a: Kingambit|86/100
|-status|p2a: Kingambit|brn
|-enditem|p2a: Kingambit|Air Balloon
|
|-damage|p2a: Kingambit|80/100 brn|[from] brn
|upkeep
|turn|26
|
|t:|1760849991
|move|p2a: Kingambit|Kowtow Cleave|p1a: Alomomola
|-supereffective|p1a: Alomomola
|-damage|p1a: Alomomola|7/100
|move|p1a: Alomomola|Flip Turn|p2a: Kingambit
|-damage|p2a: Kingambit|69/100 brn
|
|t:|1760850000
|switch|p1a: Iron Valiant|Iron Valiant|100/100|[from] Flip Turn
|
|-damage|p2a: Kingambit|63/100 brn|[from] brn
|upkeep
|turn|27
|
|t:|1760850004
|move|p1a: Iron Valiant|Moonblast|p2a: Kingambit
|-damage|p2a: Kingambit|0 fnt
|faint|p2a: Kingambit
|-end|p2a: Kingambit|fallen2|[silent]
|
|upkeep
|
|t:|1760850007
|switch|p2a: Enamorus|Enamorus, F|100/100
|turn|28
|
|t:|1760850013
|-end|p1a: Iron Valiant|Quark Drive|[silent]
|switch|p1a: Slowking|Slowking-Galar, F|100/100
|move|p2a: Enamorus|Moonblast|p1a: Slowking
|-resisted|p1a: Slowking
|-damage|p1a: Slowking|85/100
|
|upkeep
|turn|29
|
|t:|1760850018
|switch|p2a: Maushold|Maushold|24/100
|move|p1a: Slowking|Thunder Wave|p2a: Maushold
|-status|p2a: Maushold|par
|
|upkeep
|turn|30
|
|t:|1760850023
|switch|p1a: Alomomola|Alomomola, M, tera:Ghost|40/100
|move|p2a: Maushold|Tidy Up|p2a: Maushold
|-boost|p2a: Maushold|atk|1
|-boost|p2a: Maushold|spe|1
|
|upkeep
|turn|31
|
|t:|1760850027
|move|p2a: Maushold|U-turn|p1a: Alomomola
|-resisted|p1a: Alomomola
|-damage|p1a: Alomomola|33/100
|
|t:|1760850029
|switch|p2a: Enamorus|Enamorus, F|100/100|[from] U-turn
|move|p1a: Alomomola|Flip Turn|p2a: Enamorus
|-damage|p2a: Enamorus|75/100
|inactive|cheusname has 120 seconds left.
|
|t:|1760850064
|switch|p1a: Gholdengo|Gholdengo|100/100|[from] Flip Turn
|
|upkeep
|turn|32
|
|t:|1760850070
|switch|p2a: Maushold|Maushold|24/100 par
|move|p1a: Gholdengo|Make It Rain|p2a: Maushold
|-damage|p2a: Maushold|0 fnt
|-unboost|p1a: Gholdengo|spa|1
|faint|p2a: Maushold
|
|upkeep
|
|t:|1760850073
|switch|p2a: Enamorus|Enamorus, F|75/100
|turn|33
|
|t:|1760850079
|move|p2a: Enamorus|Earth Power|p1a: Gholdengo
|-supereffective|p1a: Gholdengo
|-damage|p1a: Gholdengo|19/100
|move|p1a: Gholdengo|Make It Rain|p2a: Enamorus
|-supereffective|p2a: Enamorus
|-damage|p2a: Enamorus|0 fnt
|-unboost|p1a: Gholdengo|spa|1
|faint|p2a: Enamorus
|
|upkeep
|
|t:|1760850082
|switch|p2a: Dragonite|Dragonite, F|100/100
|turn|34
|
|t:|1760850086
|switch|p1a: Alomomola|Alomomola, M, tera:Ghost|67/100
|move|p2a: Dragonite|Dragon Dance|p2a: Dragonite
|-boost|p2a: Dragonite|atk|1
|-boost|p2a: Dragonite|spe|1
|
|upkeep
|turn|35
|
|t:|1760850091
|move|p2a: Dragonite|Dragon Dance|p2a: Dragonite
|-boost|p2a: Dragonite|atk|1
|-boost|p2a: Dragonite|spe|1
|move|p1a: Alomomola|Scald|p2a: Dragonite
|-resisted|p2a: Dragonite
|-damage|p2a: Dragonite|97/100
|
|upkeep
|turn|36
|
|t:|1760850093
|move|p2a: Dragonite|Earthquake|p1a: Alomomola
|-damage|p1a: Alomomola|27/100
|move|p1a: Alomomola|Scald|p2a: Dragonite
|-resisted|p2a: Dragonite
|-damage|p2a: Dragonite|90/100
|
|upkeep
|turn|37
|
|t:|1760850105
|switch|p1a: Gholdengo|Gholdengo|19/100
|move|p2a: Dragonite|Earthquake|p1a: Gholdengo
|-supereffective|p1a: Gholdengo
|-damage|p1a: Gholdengo|0 fnt
|faint|p1a: Gholdengo
|
|upkeep
|
|t:|1760850107
|switch|p1a: Alomomola|Alomomola, M, tera:Ghost|61/100
|turn|38
|
|t:|1760850110
|move|p2a: Dragonite|Earthquake|p1a: Alomomola
|-damage|p1a: Alomomola|20/100
|move|p1a: Alomomola|Scald|p2a: Dragonite
|-resisted|p2a: Dragonite
|-damage|p2a: Dragonite|83/100
|
|upkeep
|turn|39
|
|t:|1760850113
|switch|p1a: Garchomp|Garchomp, F|36/100
|move|p2a: Dragonite|Earthquake|p1a: Garchomp
|-crit|p1a: Garchomp
|-damage|p1a: Garchomp|0 fnt
|faint|p1a: Garchomp
|
|upkeep
|
|t:|1760850115
|switch|p1a: Alomomola|Alomomola, M, tera:Ghost|53/100
|turn|40
|
|t:|1760850118
|move|p2a: Dragonite|Earthquake|p1a: Alomomola
|-damage|p1a: Alomomola|14/100
|move|p1a: Alomomola|Scald|p2a: Dragonite
|-resisted|p2a: Dragonite
|-damage|p2a: Dragonite|76/100
|
|upkeep
|turn|41
|
|t:|1760850121
|switch|p1a: Slowking|Slowking-Galar, F|100/100
|move|p2a: Dragonite|Earthquake|p1a: Slowking
|-supereffective|p1a: Slowking
|-damage|p1a: Slowking|0 fnt
|faint|p1a: Slowking
|
|upkeep
|
|t:|1760850123
|switch|p1a: Alomomola|Alomomola, M, tera:Ghost|47/100
|turn|42
|
|t:|1760850126
|move|p2a: Dragonite|Dragon Dance|p2a: Dragonite
|-boost|p2a: Dragonite|atk|1
|-boost|p2a: Dragonite|spe|1
|move|p1a: Alomomola|Scald|p2a: Dragonite
|-resisted|p2a: Dragonite
|-damage|p2a: Dragonite|69/100
|-status|p2a: Dragonite|brn
|
|-damage|p2a: Dragonite|63/100 brn|[from] brn
|upkeep
|turn|43
|
|t:|1760850131
|move|p2a: Dragonite|Earthquake|p1a: Alomomola
|-damage|p1a: Alomomola|23/100
|move|p1a: Alomomola|Flip Turn|p2a: Dragonite
|-resisted|p2a: Dragonite
|-damage|p2a: Dragonite|54/100 brn
|
|t:|1760850133
|switch|p1a: Iron Valiant|Iron Valiant|100/100|[from] Flip Turn
|
|-damage|p2a: Dragonite|48/100 brn|[from] brn
|upkeep
|turn|44
|
|t:|1760850136
|-terastallize|p2a: Dragonite|Normal
|move|p2a: Dragonite|Extreme Speed|p1a: Iron Valiant
|-damage|p1a: Iron Valiant|31/100
|move|p1a: Iron Valiant|Moonblast|p2a: Dragonite
|-damage|p2a: Dragonite|0 fnt
|faint|p2a: Dragonite
|
|win|cheusname
|raw|cheusname's rating: 1248 &rarr; <strong>1270</strong><br />(+22 for winning)
|raw|waterdrinker48's rating: 1205 &rarr; <strong>1183</strong><br />(-22 for losing)
|l|☆waterdrinker48
|player|p2|
|l|☆cheusname
|player|p1|
