|j|☆Grindset mindset
|j|☆Megumin's Husband
|t:|1760760791
|gametype|singles
|player|p1|Grindset mindset|skyla|1609
|player|p2|Megumin's Husband|alder|1671
|gen|9
|tier|[Gen 9] OU
|rated|
|rule|HP Percentage Mod: HP is shown in percentages
|rule|Endless Battle Clause: Forcing endless battles is banned
|rule|Species Clause: Limit one of each Pokémon
|rule|OHKO Clause: OHKO moves are banned
|rule|Evasion Items Clause: Evasion items are banned
|rule|Evasion Moves Clause: Evasion moves are banned
|rule|Evasion Abilities Clause: Evasion abilities are banned
|rule|Sleep Moves Clause: Sleep-inducing moves are banned
|clearpoke
|poke|p1|Ogerpon-Cornerstone, F|
|poke|p1|Primarina, M|
|poke|p1|Armarouge, M|
|poke|p1|Great Tusk|
|poke|p1|Zapdos-Galar|
|poke|p1|Sandshrew-Alola, F|
|poke|p2|Pecharunt|
|poke|p2|Primarina, F|
|poke|p2|Heatran, F|
|poke|p2|Great Tusk|
|poke|p2|Weavile, F|
|poke|p2|Ogerpon, F|
|teampreview
|inactive|Battle timer is ON: inactive players will automatically lose when time's up. (requested by Grindset mindset)
|inactive|Megumin's Husband has 120 seconds left.
|
|t:|1760760836
|teamsize|p1|6
|teamsize|p2|6
|start
|switch|p1a: Zapdos|Zapdos-Galar|100/100
|switch|p2a: Yamawaro|Ogerpon, F|100/100
|turn|1
|l|☆Grindset mindset
|inactive|Grindset mindset disconnected and has a minute to reconnect!
|player|p1|
|j|☆Grindset mindset
|inactive|Grindset mindset reconnected and has 125 seconds left.
|player|p1|Grindset mindset|skyla|
|inactive|Grindset mindset has 120 seconds left.
|
|t:|1760760867
|switch|p2a: Pecharunt|Pecharunt|100/100
|move|p1a: Zapdos|Brave Bird|p2a: Pecharunt
|-damage|p2a: Pecharunt|57/100
|-damage|p1a: Zapdos|84/100|[from] item: Rocky Helmet|[of] p2a: Pecharunt
|-damage|p1a: Zapdos|67/100|[from] Recoil
|
|upkeep
|turn|2
|
|t:|1760760877
|move|p1a: Zapdos|Brave Bird|p2a: Pecharunt
|-damage|p2a: Pecharunt|15/100
|-damage|p1a: Zapdos|51/100|[from] item: Rocky Helmet|[of] p2a: Pecharunt
|-damage|p1a: Zapdos|34/100|[from] Recoil
|move|p2a: Pecharunt|Recover|p2a: Pecharunt
|-heal|p2a: Pecharunt|65/100
|
|upkeep
|turn|3
|
|t:|1760760881
|move|p1a: Zapdos|Brave Bird|p2a: Pecharunt
|-damage|p2a: Pecharunt|23/100
|-damage|p1a: Zapdos|18/100|[from] item: Rocky Helmet|[of] p2a: Pecharunt
|-damage|p1a: Zapdos|1/100|[from] Recoil
|move|p2a: Pecharunt|Recover|p2a: Pecharunt
|-heal|p2a: Pecharunt|73/100
|
|upkeep
|turn|4
|
|t:|1760760886
|switch|p1a: Primarina|Primarina, M|100/100
|move|p2a: Pecharunt|Recover|p2a: Pecharunt
|-heal|p2a: Pecharunt|100/100
|
|upkeep
|turn|5
|
|t:|1760760888
|move|p2a: Pecharunt|Parting Shot|p1a: Primarina
|-unboost|p1a: Primarina|atk|1
|-unboost|p1a: Primarina|spa|1
|
|t:|1760760890
|switch|p2a: Primarina|Primarina, F|100/100|[from] Parting Shot
|move|p1a: Primarina|Surf|p2a: Primarina
|-resisted|p2a: Primarina
|-damage|p2a: Primarina|92/100
|
|upkeep
|turn|6
|
|t:|1760760894
|move|p1a: Primarina|Flip Turn|p2a: Primarina
|-resisted|p2a: Primarina
|-damage|p2a: Primarina|86/100
|
|t:|1760760899
|switch|p1a: Ogerpon|Ogerpon-Cornerstone, F|100/100|[from] Flip Turn
|move|p2a: Primarina|Flip Turn|p1a: Ogerpon
|-damage|p1a: Ogerpon|82/100
|
|t:|1760760914
|switch|p2a: Yamawaro|Ogerpon, F|100/100|[from] Flip Turn
|
|upkeep
|turn|7
|
|t:|1760760920
|switch|p1a: Armarouge|Armarouge, M|100/100
|-terastallize|p2a: Yamawaro|Grass
|detailschange|p2a: Yamawaro|Ogerpon-Teal-Tera, F, tera:Grass
|-ability|p2a: Yamawaro|Embody Aspect (Teal)|boost
|-boost|p2a: Yamawaro|spe|1
|move|p2a: Yamawaro|Ivy Cudgel|p1a: Armarouge
|-resisted|p1a: Armarouge
|-damage|p1a: Armarouge|42/100
|-ability|p1a: Armarouge|Weak Armor|boost
|-unboost|p1a: Armarouge|def|1
|-boost|p1a: Armarouge|spe|2
|
|upkeep
|turn|8
|
|t:|1760760927
|switch|p1a: Primarina|Primarina, M|100/100
|switch|p2a: Dolores|Heatran, F, shiny|100/100
|-item|p2a: Dolores|Air Balloon
|
|upkeep
|turn|9
|l|☆Grindset mindset
|inactive|Grindset mindset disconnected and has a minute to reconnect!
|player|p1|
|j|☆Grindset mindset
|inactive|Grindset mindset reconnected and has 130 seconds left.
|player|p1|Grindset mindset|skyla|
|
|t:|1760760956
|move|p2a: Dolores|Stealth Rock|p1a: Primarina
|-sidestart|p1: Grindset mindset|move: Stealth Rock
|move|p1a: Primarina|Moonblast|p2a: Dolores
|-resisted|p2a: Dolores
|-damage|p2a: Dolores|92/100
|-enditem|p2a: Dolores|Air Balloon
|
|upkeep
|turn|10
|
|t:|1760760975
|switch|p2a: Pecharunt|Pecharunt|100/100
|move|p1a: Primarina|Surf|p2a: Pecharunt
|-damage|p2a: Pecharunt|48/100
|
|upkeep
|turn|11
|
|t:|1760760980
|move|p2a: Pecharunt|Parting Shot|p1a: Primarina
|-unboost|p1a: Primarina|atk|1
|-unboost|p1a: Primarina|spa|1
|
|t:|1760760982
|switch|p2a: Primarina|Primarina, F|86/100|[from] Parting Shot
|move|p1a: Primarina|Surf|p2a: Primarina
|-resisted|p2a: Primarina
|-damage|p2a: Primarina|77/100
|
|upkeep
|turn|12
|
|t:|1760760988
|move|p1a: Primarina|Surf|p2a: Primarina
|-resisted|p2a: Primarina
|-damage|p2a: Primarina|69/100
|move|p2a: Primarina|Flip Turn|p1a: Primarina
|-resisted|p1a: Primarina
|-damage|p1a: Primarina|91/100
|
|t:|1760760992
|switch|p2a: Yamawaro|Ogerpon-Teal-Tera, F, tera:Grass|100/100|[from] Flip Turn
|-ability|p2a: Yamawaro|Embody Aspect (Teal)|boost
|-boost|p2a: Yamawaro|spe|1
|
|upkeep
|turn|13
|
|t:|1760760994
|move|p2a: Yamawaro|Ivy Cudgel|p1a: Primarina
|-supereffective|p1a: Primarina
|-damage|p1a: Primarina|0 fnt
|faint|p1a: Primarina
|
|upkeep
|
|t:|1760760999
|switch|p1a: Armarouge|Armarouge, M|42/100
|-damage|p1a: Armarouge|17/100|[from] Stealth Rock
|turn|14
|
|t:|1760761003
|move|p1a: Armarouge|Endure|p1a: Armarouge
|-singleturn|p1a: Armarouge|move: Endure
|move|p2a: Yamawaro|Ivy Cudgel|p1a: Armarouge
|-resisted|p1a: Armarouge
|-activate|p1a: Armarouge|move: Endure
|-damage|p1a: Armarouge|1/100
|-ability|p1a: Armarouge|Weak Armor|boost
|-unboost|p1a: Armarouge|def|1
|-boost|p1a: Armarouge|spe|2
|
|upkeep
|turn|15
|
|t:|1760761010
|switch|p1a: Great Tusk|Great Tusk|100/100
|-damage|p1a: Great Tusk|98/100|[from] Stealth Rock
|-enditem|p1a: Great Tusk|Booster Energy
|-activate|p1a: Great Tusk|ability: Protosynthesis|[fromitem]
|-start|p1a: Great Tusk|protosynthesisatk
|switch|p2a: Dolores|Heatran, F, shiny|92/100
|
|upkeep
|turn|16
|
|t:|1760761014
|switch|p2a: Pecharunt|Pecharunt|48/100
|move|p1a: Great Tusk|Headlong Rush|p2a: Pecharunt
|-supereffective|p2a: Pecharunt
|-damage|p2a: Pecharunt|0 fnt
|-unboost|p1a: Great Tusk|def|1
|-unboost|p1a: Great Tusk|spd|1
|-damage|p1a: Great Tusk|81/100|[from] item: Rocky Helmet|[of] p2a: Pecharunt
|faint|p2a: Pecharunt
|
|upkeep
|
|t:|1760761019
|switch|p2a: Yamawaro|Ogerpon-Teal-Tera, F, tera:Grass|100/100
|-ability|p2a: Yamawaro|Embody Aspect (Teal)|boost
|-boost|p2a: Yamawaro|spe|1
|turn|17
|
|t:|1760761022
|-terastallize|p1a: Great Tusk|Ice
|move|p2a: Yamawaro|Ivy Cudgel|p1a: Great Tusk
|-damage|p1a: Great Tusk|0 fnt
|faint|p1a: Great Tusk
|-end|p1a: Great Tusk|Protosynthesis|[silent]
|
|upkeep
|-message|Grindset mindset forfeited.
|
|win|Megumin's Husband
|raw|Grindset mindset's rating: 1609 &rarr; <strong>1593</strong><br />(-16 for losing)
|raw|Megumin&apos;s Husband's rating: 1671 &rarr; <strong>1687</strong><br />(+16 for winning)
|l|☆Grindset mindset
|player|p1|
|l|☆Megumin's Husband
|player|p2|
