|j|☆aaron200589
|j|☆BesameGuapo
|t:|1760822964
|gametype|singles
|player|p1|aaron200589|giovanni|
|player|p2|BesameGuapo|skier|
|gen|9
|tier|[Gen 9] OU
|rule|HP Percentage Mod: HP is shown in percentages
|rule|Endless Battle Clause: Forcing endless battles is banned
|rule|Species Clause: Limit one of each Pokémon
|rule|OHKO Clause: OHKO moves are banned
|rule|Evasion Items Clause: Evasion items are banned
|rule|Evasion Moves Clause: Evasion moves are banned
|rule|Evasion Abilities Clause: Evasion abilities are banned
|rule|Sleep Moves Clause: Sleep-inducing moves are banned
|clearpoke
|poke|p1|Alomomola, F|
|poke|p1|Iron Valiant|
|poke|p1|Corviknight, M|
|poke|p1|Dragonite, F|
|poke|p1|Hoopa-Unbound|
|poke|p1|Ting-Lu|
|poke|p2|Raging Bolt|
|poke|p2|Iron Treads|
|poke|p2|Ting-Lu|
|poke|p2|Gholdengo|
|poke|p2|Zamazenta-*|
|poke|p2|Tornadus-Therian, M|
|teampreview
|j| Javii1153
|
|t:|1760822984
|teamsize|p1|6
|teamsize|p2|6
|start
|switch|p1a: Ting-Lu|Ting-Lu, shiny|100/100
|switch|p2a: Tornadus|Tornadus-Therian, M|100/100
|-ability|p1a: Ting-Lu|Vessel of Ruin
|turn|1
|
|t:|1760822992
|move|p2a: Tornadus|Knock Off|p1a: Ting-Lu
|-resisted|p1a: Ting-Lu
|-crit|p1a: Ting-Lu
|-damage|p1a: Ting-Lu|93/100
|-enditem|p1a: Ting-Lu|Leftovers|[from] move: Knock Off|[of] p2a: Tornadus
|move|p1a: Ting-Lu|Stealth Rock|p2a: Tornadus
|-sidestart|p2: BesameGuapo|move: Stealth Rock
|
|upkeep
|turn|2
|
|t:|1760823003
|move|p2a: Tornadus|U-turn|p1a: Ting-Lu
|-supereffective|p1a: Ting-Lu
|-damage|p1a: Ting-Lu|78/100
|
|t:|1760823011
|switch|p2a: Ting-Lu|Ting-Lu|100/100|[from] U-turn
|-damage|p2a: Ting-Lu|94/100|[from] Stealth Rock
|-ability|p2a: Ting-Lu|Vessel of Ruin
|move|p1a: Ting-Lu|Whirlwind|p2a: Ting-Lu
|drag|p2a: Tornadus|Tornadus-Therian, M|100/100
|
|upkeep
|turn|3
|
|t:|1760823024
|move|p2a: Tornadus|Heat Wave|p1a: Ting-Lu|[miss]
|-miss|p2a: Tornadus|p1a: Ting-Lu
|move|p1a: Ting-Lu|Ruination|p2a: Tornadus
|-damage|p2a: Tornadus|50/100
|
|upkeep
|turn|4
|
|t:|1760823031
|move|p2a: Tornadus|Heat Wave|p1a: Ting-Lu
|-damage|p1a: Ting-Lu|69/100
|move|p1a: Ting-Lu|Whirlwind|p2a: Tornadus
|drag|p2a: Iron Treads|Iron Treads|100/100
|-damage|p2a: Iron Treads|97/100|[from] Stealth Rock
|-enditem|p2a: Iron Treads|Booster Energy
|-activate|p2a: Iron Treads|ability: Quark Drive|[fromitem]
|-start|p2a: Iron Treads|quarkdrivespe
|
|upkeep
|turn|5
|
|t:|1760823043
|move|p2a: Iron Treads|Rapid Spin|p1a: Ting-Lu
|-damage|p1a: Ting-Lu|59/100
|-boost|p2a: Iron Treads|spe|1
|-sideend|p2: BesameGuapo|Stealth Rock|[from] move: Rapid Spin|[of] p2a: Iron Treads
|move|p1a: Ting-Lu|Earthquake|p2a: Iron Treads
|-supereffective|p2a: Iron Treads
|-damage|p2a: Iron Treads|26/100
|
|upkeep
|turn|6
|
|t:|1760823052
|move|p2a: Iron Treads|Ice Spinner|p1a: Ting-Lu
|-supereffective|p1a: Ting-Lu
|-damage|p1a: Ting-Lu|29/100
|move|p1a: Ting-Lu|Stealth Rock|p2a: Iron Treads
|-sidestart|p2: BesameGuapo|move: Stealth Rock
|
|upkeep
|turn|7
|
|t:|1760823064
|move|p2a: Iron Treads|Rapid Spin|p1a: Ting-Lu
|-damage|p1a: Ting-Lu|21/100
|-boost|p2a: Iron Treads|spe|1
|-sideend|p2: BesameGuapo|Stealth Rock|[from] move: Rapid Spin|[of] p2a: Iron Treads
|move|p1a: Ting-Lu|Earthquake|p2a: Iron Treads
|-supereffective|p2a: Iron Treads
|-damage|p2a: Iron Treads|0 fnt
|faint|p2a: Iron Treads
|-end|p2a: Iron Treads|Quark Drive|[silent]
|
|upkeep
|
|t:|1760823077
|switch|p2a: Zamazenta|Zamazenta|100/100
|-ability|p2a: Zamazenta|Dauntless Shield|boost
|-boost|p2a: Zamazenta|def|1
|turn|8
|
|t:|1760823086
|switch|p1a: Iron Valiant|Iron Valiant|100/100
|move|p2a: Zamazenta|Body Press|p1a: Iron Valiant
|-resisted|p1a: Iron Valiant
|-damage|p1a: Iron Valiant|65/100
|
|upkeep
|turn|9
|
|t:|1760823093
|move|p1a: Iron Valiant|Trick|p2a: Zamazenta
|-activate|p1a: Iron Valiant|move: Trick|[of] p2a: Zamazenta
|-item|p2a: Zamazenta|Choice Scarf|[from] move: Trick
|-item|p1a: Iron Valiant|Leftovers|[from] move: Trick
|move|p2a: Zamazenta|Substitute|p2a: Zamazenta
|-start|p2a: Zamazenta|Substitute
|-damage|p2a: Zamazenta|76/100
|
|-heal|p1a: Iron Valiant|72/100|[from] item: Leftovers
|upkeep
|turn|10
|
|t:|1760823102
|-end|p1a: Iron Valiant|Quark Drive|[silent]
|switch|p1a: Alomomola|Alomomola, F|100/100
|move|p2a: Zamazenta|Substitute|p2a: Zamazenta
|-fail|p2a: Zamazenta|move: Substitute
|
|upkeep
|turn|11
|
|t:|1760823112
|switch|p2a: Ting-Lu|Ting-Lu|94/100
|-ability|p2a: Ting-Lu|Vessel of Ruin
|move|p1a: Alomomola|Wish|p1a: Alomomola
|
|-heal|p2a: Ting-Lu|100/100|[from] item: Leftovers
|upkeep
|turn|12
|
|t:|1760823121
|move|p1a: Alomomola|Flip Turn|p2a: Ting-Lu
|-supereffective|p2a: Ting-Lu
|-damage|p2a: Ting-Lu|81/100
|
|t:|1760823124
|switch|p1a: Ting-Lu|Ting-Lu, shiny|21/100|[from] Flip Turn
|-ability|p1a: Ting-Lu|Vessel of Ruin
|move|p2a: Ting-Lu|Stealth Rock|p1a: Ting-Lu
|-sidestart|p1: aaron200589|move: Stealth Rock
|
|-heal|p1a: Ting-Lu|72/100|[from] move: Wish|[wisher] Alomomola
|-heal|p2a: Ting-Lu|88/100|[from] item: Leftovers
|upkeep
|turn|13
|
|t:|1760823136
|move|p1a: Ting-Lu|Stealth Rock|p2a: Ting-Lu
|-sidestart|p2: BesameGuapo|move: Stealth Rock
|move|p2a: Ting-Lu|Ruination|p1a: Ting-Lu
|-damage|p1a: Ting-Lu|36/100
|
|-heal|p2a: Ting-Lu|94/100|[from] item: Leftovers
|upkeep
|turn|14
|
|t:|1760823144
|switch|p1a: Alomomola|Alomomola, F|100/100
|-damage|p1a: Alomomola|88/100|[from] Stealth Rock
|move|p2a: Ting-Lu|Whirlwind|p1a: Alomomola
|drag|p1a: Ting-Lu|Ting-Lu, shiny|36/100
|-damage|p1a: Ting-Lu|30/100|[from] Stealth Rock
|-ability|p1a: Ting-Lu|Vessel of Ruin
|
|-heal|p2a: Ting-Lu|99/100|[from] item: Leftovers
|upkeep
|turn|15
|
|t:|1760823158
|move|p2a: Ting-Lu|Ruination|p1a: Ting-Lu
|-damage|p1a: Ting-Lu|15/100
|move|p1a: Ting-Lu|Whirlwind|p2a: Ting-Lu
|drag|p2a: Zamazenta|Zamazenta|76/100
|-damage|p2a: Zamazenta|69/100|[from] Stealth Rock
|
|upkeep
|turn|16
|
|t:|1760823170
|switch|p2a: Raging Bolt|Raging Bolt|100/100
|-damage|p2a: Raging Bolt|88/100|[from] Stealth Rock
|switch|p1a: Corviknight|Corviknight, M|100/100
|-damage|p1a: Corviknight|88/100|[from] Stealth Rock
|
|-heal|p2a: Raging Bolt|94/100|[from] item: Leftovers
|upkeep
|turn|17
|
|t:|1760823181
|switch|p1a: Ting-Lu|Ting-Lu, shiny|15/100
|-damage|p1a: Ting-Lu|9/100|[from] Stealth Rock
|-ability|p1a: Ting-Lu|Vessel of Ruin
|move|p2a: Raging Bolt|Calm Mind|p2a: Raging Bolt
|-boost|p2a: Raging Bolt|spa|1
|-boost|p2a: Raging Bolt|spd|1
|
|-heal|p2a: Raging Bolt|100/100|[from] item: Leftovers
|upkeep
|turn|18
|
|t:|1760823192
|move|p2a: Raging Bolt|Dragon Pulse|p1a: Ting-Lu
|-damage|p1a: Ting-Lu|0 fnt
|faint|p1a: Ting-Lu
|
|upkeep
|
|t:|1760823203
|switch|p1a: Hoopa|Hoopa-Unbound|100/100
|-damage|p1a: Hoopa|88/100|[from] Stealth Rock
|turn|19
|
|t:|1760823220
|-end|p2a: Raging Bolt|Protosynthesis|[silent]
|switch|p2a: Zamazenta|Zamazenta|69/100
|-damage|p2a: Zamazenta|63/100|[from] Stealth Rock
|move|p1a: Hoopa|Knock Off|p2a: Zamazenta
|-resisted|p2a: Zamazenta
|-damage|p2a: Zamazenta|42/100
|-enditem|p2a: Zamazenta|Choice Scarf|[from] move: Knock Off|[of] p1a: Hoopa
|
|upkeep
|turn|20
|
|t:|1760823241
|move|p2a: Zamazenta|Iron Defense|p2a: Zamazenta
|-boost|p2a: Zamazenta|def|2
|move|p1a: Hoopa|Psychic Noise|p2a: Zamazenta
|-supereffective|p2a: Zamazenta
|-damage|p2a: Zamazenta|0 fnt
|faint|p2a: Zamazenta
|
|upkeep
|
|t:|1760823254
|switch|p2a: Tornadus|Tornadus-Therian, M|84/100
|turn|21
|
|t:|1760823262
|switch|p1a: Alomomola|Alomomola, F|100/100
|-damage|p1a: Alomomola|88/100|[from] Stealth Rock
|move|p2a: Tornadus|U-turn|p1a: Alomomola
|-damage|p1a: Alomomola|80/100
|-damage|p2a: Tornadus|67/100|[from] item: Rocky Helmet|[of] p1a: Alomomola
|
|t:|1760823269
|switch|p2a: Raging Bolt|Raging Bolt|100/100|[from] U-turn
|-damage|p2a: Raging Bolt|88/100|[from] Stealth Rock
|
|-heal|p2a: Raging Bolt|94/100|[from] item: Leftovers
|upkeep
|turn|22
|
|t:|1760823280
|switch|p1a: Hoopa|Hoopa-Unbound|88/100
|-damage|p1a: Hoopa|76/100|[from] Stealth Rock
|move|p2a: Raging Bolt|Thunderclap||[still]
|-fail|p2a: Raging Bolt
|
|-heal|p2a: Raging Bolt|100/100|[from] item: Leftovers
|upkeep
|turn|23
|c|☆BesameGuapo|Me equiovque de movimiento ajaja
|
|t:|1760823297
|-end|p2a: Raging Bolt|Protosynthesis|[silent]
|switch|p2a: Ting-Lu|Ting-Lu|99/100
|-damage|p2a: Ting-Lu|94/100|[from] Stealth Rock
|-ability|p2a: Ting-Lu|Vessel of Ruin
|move|p1a: Hoopa|Dark Pulse|p2a: Ting-Lu
|-resisted|p2a: Ting-Lu
|-damage|p2a: Ting-Lu|82/100
|
|-heal|p2a: Ting-Lu|88/100|[from] item: Leftovers
|upkeep
|turn|24
|
|t:|1760823309
|switch|p1a: Corviknight|Corviknight, M|88/100
|-damage|p1a: Corviknight|75/100|[from] Stealth Rock
|move|p2a: Ting-Lu|Whirlwind|p1a: Corviknight
|drag|p1a: Iron Valiant|Iron Valiant|72/100
|-damage|p1a: Iron Valiant|65/100|[from] Stealth Rock
|
|-heal|p1a: Iron Valiant|72/100|[from] item: Leftovers
|-heal|p2a: Ting-Lu|95/100|[from] item: Leftovers
|upkeep
|turn|25
|
|t:|1760823323
|-terastallize|p2a: Ting-Lu|Poison
|move|p1a: Iron Valiant|Moonblast|p2a: Ting-Lu
|-resisted|p2a: Ting-Lu
|-crit|p2a: Ting-Lu
|-damage|p2a: Ting-Lu|81/100
|move|p2a: Ting-Lu|Ruination|p1a: Iron Valiant|[miss]
|-miss|p2a: Ting-Lu|p1a: Iron Valiant
|
|-heal|p1a: Iron Valiant|78/100|[from] item: Leftovers
|-heal|p2a: Ting-Lu|87/100|[from] item: Leftovers
|upkeep
|turn|26
|
|t:|1760823336
|-end|p1a: Iron Valiant|Quark Drive|[silent]
|switch|p1a: Corviknight|Corviknight, M|75/100
|-damage|p1a: Corviknight|63/100|[from] Stealth Rock
|move|p2a: Ting-Lu|Whirlwind|p1a: Corviknight
|drag|p1a: Dragonite|Dragonite, F|100/100
|-damage|p1a: Dragonite|76/100|[from] Stealth Rock
|
|-heal|p2a: Ting-Lu|93/100|[from] item: Leftovers
|upkeep
|turn|27
|
|t:|1760823349
|move|p1a: Dragonite|Dragon Dance|p1a: Dragonite
|-boost|p1a: Dragonite|atk|1
|-boost|p1a: Dragonite|spe|1
|move|p2a: Ting-Lu|Whirlwind|p1a: Dragonite
|drag|p1a: Alomomola|Alomomola, F|100/100
|-damage|p1a: Alomomola|88/100|[from] Stealth Rock
|
|-heal|p2a: Ting-Lu|99/100|[from] item: Leftovers
|upkeep
|turn|28
|
|t:|1760823359
|move|p1a: Alomomola|Wish|p1a: Alomomola
|move|p2a: Ting-Lu|Ruination|p1a: Alomomola
|-damage|p1a: Alomomola|44/100
|
|-heal|p2a: Ting-Lu|100/100|[from] item: Leftovers
|upkeep
|turn|29
|
|t:|1760823366
|move|p1a: Alomomola|Flip Turn|p2a: Ting-Lu
|-damage|p2a: Ting-Lu|91/100
|
|t:|1760823373
|switch|p1a: Dragonite|Dragonite, F|76/100|[from] Flip Turn
|-damage|p1a: Dragonite|51/100|[from] Stealth Rock
|move|p2a: Ting-Lu|Whirlwind|p1a: Dragonite
|drag|p1a: Corviknight|Corviknight, M|63/100
|-damage|p1a: Corviknight|50/100|[from] Stealth Rock
|
|-heal|p1a: Corviknight|100/100|[from] move: Wish|[wisher] Alomomola
|-heal|p2a: Ting-Lu|97/100|[from] item: Leftovers
|upkeep
|turn|30
|
|t:|1760823386
|move|p1a: Corviknight|Defog|p2a: Ting-Lu
|-unboost|p2a: Ting-Lu|evasion|1
|-sideend|p2: BesameGuapo|Stealth Rock|[from] move: Defog|[of] p1a: Corviknight
|-sideend|p1: aaron200589|Stealth Rock|[from] move: Defog|[of] p1a: Corviknight
|move|p2a: Ting-Lu|Ruination|p1a: Corviknight
|-damage|p1a: Corviknight|50/100
|
|-heal|p2a: Ting-Lu|100/100|[from] item: Leftovers
|upkeep
|turn|31
|
|t:|1760823396
|move|p1a: Corviknight|Roost|p1a: Corviknight
|-heal|p1a: Corviknight|100/100
|-singleturn|p1a: Corviknight|move: Roost
|move|p2a: Ting-Lu|Whirlwind|p1a: Corviknight
|drag|p1a: Alomomola|Alomomola, F|78/100
|
|upkeep
|turn|32
|
|t:|1760823404
|move|p1a: Alomomola|Wish|p1a: Alomomola
|move|p2a: Ting-Lu|Stealth Rock|p1a: Alomomola
|-sidestart|p1: aaron200589|move: Stealth Rock
|
|upkeep
|turn|33
|
|t:|1760823411
|move|p1a: Alomomola|Flip Turn|p2a: Ting-Lu
|-damage|p2a: Ting-Lu|91/100
|
|t:|1760823419
|switch|p1a: Iron Valiant|Iron Valiant|78/100|[from] Flip Turn
|-damage|p1a: Iron Valiant|72/100|[from] Stealth Rock
|move|p2a: Ting-Lu|Whirlwind|p1a: Iron Valiant
|-end|p1a: Iron Valiant|Quark Drive|[silent]
|drag|p1a: Dragonite|Dragonite, F|51/100
|-damage|p1a: Dragonite|26/100|[from] Stealth Rock
|
|-heal|p1a: Dragonite|100/100|[from] move: Wish|[wisher] Alomomola
|-heal|p2a: Ting-Lu|97/100|[from] item: Leftovers
|upkeep
|turn|34
|
|t:|1760823434
|move|p1a: Dragonite|Dragon Claw|p2a: Ting-Lu
|-damage|p2a: Ting-Lu|70/100
|move|p2a: Ting-Lu|Ruination|p1a: Dragonite
|-damage|p1a: Dragonite|51/100
|
|-heal|p2a: Ting-Lu|77/100|[from] item: Leftovers
|upkeep
|turn|35
|
|t:|1760823443
|move|p1a: Dragonite|Dragon Claw|p2a: Ting-Lu
|-damage|p2a: Ting-Lu|53/100
|move|p2a: Ting-Lu|Whirlwind|p1a: Dragonite
|drag|p1a: Iron Valiant|Iron Valiant|72/100
|-damage|p1a: Iron Valiant|65/100|[from] Stealth Rock
|
|-heal|p1a: Iron Valiant|72/100|[from] item: Leftovers
|-heal|p2a: Ting-Lu|59/100|[from] item: Leftovers
|upkeep
|turn|36
|
|t:|1760823459
|move|p1a: Iron Valiant|Moonblast|p2a: Ting-Lu
|-resisted|p2a: Ting-Lu
|-damage|p2a: Ting-Lu|49/100
|move|p2a: Ting-Lu|Ruination|p1a: Iron Valiant
|-damage|p1a: Iron Valiant|36/100
|
|-heal|p1a: Iron Valiant|42/100|[from] item: Leftovers
|-heal|p2a: Ting-Lu|55/100|[from] item: Leftovers
|upkeep
|turn|37
|
|t:|1760823468
|-end|p1a: Iron Valiant|Quark Drive|[silent]
|switch|p1a: Alomomola|Alomomola, F|100/100
|-damage|p1a: Alomomola|88/100|[from] Stealth Rock
|move|p2a: Ting-Lu|Whirlwind|p1a: Alomomola
|drag|p1a: Hoopa|Hoopa-Unbound|76/100
|-damage|p1a: Hoopa|64/100|[from] Stealth Rock
|
|-heal|p2a: Ting-Lu|61/100|[from] item: Leftovers
|upkeep
|turn|38
|
|t:|1760823481
|switch|p2a: Tornadus|Tornadus-Therian, M|99/100
|move|p1a: Hoopa|Psychic Noise|p2a: Tornadus
|-damage|p2a: Tornadus|46/100
|-start|p2a: Tornadus|move: Heal Block
|
|upkeep
|turn|39
|
|t:|1760823490
|switch|p1a: Alomomola|Alomomola, F|100/100
|-damage|p1a: Alomomola|88/100|[from] Stealth Rock
|move|p2a: Tornadus|U-turn|p1a: Alomomola
|-damage|p1a: Alomomola|80/100
|-damage|p2a: Tornadus|30/100|[from] item: Rocky Helmet|[of] p1a: Alomomola
|
|t:|1760823496
|switch|p2a: Raging Bolt|Raging Bolt|100/100|[from] U-turn
|
|upkeep
|turn|40
|
|t:|1760823504
|switch|p1a: Iron Valiant|Iron Valiant|42/100
|-damage|p1a: Iron Valiant|36/100|[from] Stealth Rock
|move|p2a: Raging Bolt|Thunderbolt|p1a: Iron Valiant
|-damage|p1a: Iron Valiant|0 fnt
|faint|p1a: Iron Valiant
|-end|p1a: Iron Valiant|Quark Drive|[silent]
|
|upkeep
|
|t:|1760823513
|switch|p1a: Hoopa|Hoopa-Unbound|64/100
|-damage|p1a: Hoopa|51/100|[from] Stealth Rock
|turn|41
|l| Javii1153
|
|t:|1760823524
|-end|p2a: Raging Bolt|Protosynthesis|[silent]
|switch|p2a: Tornadus|Tornadus-Therian, M|63/100
|move|p1a: Hoopa|Drain Punch|p2a: Tornadus
|-resisted|p2a: Tornadus
|-damage|p2a: Tornadus|47/100
|-heal|p1a: Hoopa|61/100|[from] drain|[of] p2a: Tornadus
|
|upkeep
|turn|42
|j| Javii1153
|
|t:|1760823534
|switch|p1a: Alomomola|Alomomola, F|100/100
|-damage|p1a: Alomomola|88/100|[from] Stealth Rock
|move|p2a: Tornadus|U-turn|p1a: Alomomola
|-damage|p1a: Alomomola|80/100
|-damage|p2a: Tornadus|30/100|[from] item: Rocky Helmet|[of] p1a: Alomomola
|
|t:|1760823541
|switch|p2a: Raging Bolt|Raging Bolt|100/100|[from] U-turn
|
|upkeep
|turn|43
|
|t:|1760823548
|move|p1a: Alomomola|Protect|p1a: Alomomola
|-singleturn|p1a: Alomomola|Protect
|move|p2a: Raging Bolt|Thunderbolt|p1a: Alomomola
|-activate|p1a: Alomomola|move: Protect
|
|upkeep
|turn|44
|
|t:|1760823563
|move|p2a: Raging Bolt|Thunderbolt|p1a: Alomomola
|-supereffective|p1a: Alomomola
|-damage|p1a: Alomomola|0 fnt
|faint|p1a: Alomomola
|
|upkeep
|
|t:|1760823573
|switch|p1a: Hoopa|Hoopa-Unbound|61/100
|-damage|p1a: Hoopa|49/100|[from] Stealth Rock
|turn|45
|
|t:|1760823581
|-end|p2a: Raging Bolt|Protosynthesis|[silent]
|switch|p2a: Tornadus|Tornadus-Therian, M|63/100
|move|p1a: Hoopa|Dark Pulse|p2a: Tornadus
|-damage|p2a: Tornadus|7/100
|
|upkeep
|turn|46
|
|t:|1760823595
|move|p2a: Tornadus|U-turn|p1a: Hoopa
|-supereffective|p1a: Hoopa
|-damage|p1a: Hoopa|0 fnt
|faint|p1a: Hoopa
|
|t:|1760823602
|switch|p2a: Ting-Lu|Ting-Lu, tera:Poison|61/100|[from] U-turn
|-ability|p2a: Ting-Lu|Vessel of Ruin
|
|-heal|p2a: Ting-Lu|67/100|[from] item: Leftovers
|upkeep
|
|t:|1760823610
|switch|p1a: Corviknight|Corviknight, M|100/100
|-damage|p1a: Corviknight|88/100|[from] Stealth Rock
|turn|47
|
|t:|1760823614
|move|p1a: Corviknight|Defog|p2a: Ting-Lu
|-unboost|p2a: Ting-Lu|evasion|1
|-sideend|p1: aaron200589|Stealth Rock|[from] move: Defog|[of] p1a: Corviknight
|move|p2a: Ting-Lu|Ruination|p1a: Corviknight|[miss]
|-miss|p2a: Ting-Lu|p1a: Corviknight
|
|-heal|p2a: Ting-Lu|74/100|[from] item: Leftovers
|upkeep
|turn|48
|
|t:|1760823623
|move|p1a: Corviknight|U-turn|p2a: Ting-Lu
|-resisted|p2a: Ting-Lu
|-damage|p2a: Ting-Lu|70/100
|
|t:|1760823626
|switch|p1a: Dragonite|Dragonite, F|51/100|[from] U-turn
|move|p2a: Ting-Lu|Stealth Rock|p1a: Dragonite
|-sidestart|p1: aaron200589|move: Stealth Rock
|
|-heal|p2a: Ting-Lu|76/100|[from] item: Leftovers
|upkeep
|turn|49
|
|t:|1760823634
|move|p1a: Dragonite|Roost|p1a: Dragonite
|-heal|p1a: Dragonite|100/100
|-singleturn|p1a: Dragonite|move: Roost
|move|p2a: Ting-Lu|Whirlwind|p1a: Dragonite
|drag|p1a: Corviknight|Corviknight, M|88/100
|-damage|p1a: Corviknight|75/100|[from] Stealth Rock
|
|-heal|p2a: Ting-Lu|82/100|[from] item: Leftovers
|upkeep
|turn|50
|
|t:|1760823647
|switch|p2a: Tornadus|Tornadus-Therian, M|41/100
|move|p1a: Corviknight|Defog|p2a: Tornadus
|-unboost|p2a: Tornadus|evasion|1
|-sideend|p1: aaron200589|Stealth Rock|[from] move: Defog|[of] p1a: Corviknight
|
|upkeep
|turn|51
|
|t:|1760823654
|move|p2a: Tornadus|Heat Wave|p1a: Corviknight
|-supereffective|p1a: Corviknight
|-crit|p1a: Corviknight
|-damage|p1a: Corviknight|11/100
|-status|p1a: Corviknight|brn
|move|p1a: Corviknight|Brave Bird|p2a: Tornadus
|-crit|p2a: Tornadus
|-damage|p2a: Tornadus|7/100
|-damage|p1a: Corviknight|1/100 brn|[from] Recoil
|
|-damage|p1a: Corviknight|0 fnt|[from] brn
|faint|p1a: Corviknight
|upkeep
|
|t:|1760823666
|switch|p1a: Dragonite|Dragonite, F|100/100
|turn|52
|
|t:|1760823671
|move|p2a: Tornadus|Heat Wave|p1a: Dragonite
|-resisted|p1a: Dragonite
|-damage|p1a: Dragonite|87/100
|move|p1a: Dragonite|Dragon Dance|p1a: Dragonite
|-boost|p1a: Dragonite|atk|1
|-boost|p1a: Dragonite|spe|1
|
|upkeep
|turn|53
|
|t:|1760823678
|move|p1a: Dragonite|Dragon Dance|p1a: Dragonite
|-boost|p1a: Dragonite|atk|1
|-boost|p1a: Dragonite|spe|1
|move|p2a: Tornadus|Bleakwind Storm|p1a: Dragonite
|-damage|p1a: Dragonite|46/100
|
|upkeep
|turn|54
|
|t:|1760823689
|move|p1a: Dragonite|Roost|p1a: Dragonite
|-heal|p1a: Dragonite|96/100
|-singleturn|p1a: Dragonite|move: Roost
|move|p2a: Tornadus|Bleakwind Storm|p1a: Dragonite
|-damage|p1a: Dragonite|56/100
|-unboost|p1a: Dragonite|spe|1
|
|upkeep
|turn|55
|
|t:|1760823701
|switch|p2a: Ting-Lu|Ting-Lu, tera:Poison|82/100
|-ability|p2a: Ting-Lu|Vessel of Ruin
|move|p1a: Dragonite|Roost|p1a: Dragonite
|-heal|p1a: Dragonite|100/100
|-singleturn|p1a: Dragonite|move: Roost
|
|-heal|p2a: Ting-Lu|89/100|[from] item: Leftovers
|upkeep
|turn|56
|
|t:|1760823713
|move|p1a: Dragonite|Dragon Dance|p1a: Dragonite
|-boost|p1a: Dragonite|atk|1
|-boost|p1a: Dragonite|spe|1
|move|p2a: Ting-Lu|Ruination|p1a: Dragonite
|-damage|p1a: Dragonite|51/100
|
|-heal|p2a: Ting-Lu|95/100|[from] item: Leftovers
|upkeep
|turn|57
|
|t:|1760823724
|move|p1a: Dragonite|Dragon Dance|p1a: Dragonite
|-boost|p1a: Dragonite|atk|1
|-boost|p1a: Dragonite|spe|1
|move|p2a: Ting-Lu|Ruination|p1a: Dragonite
|-damage|p1a: Dragonite|26/100
|
|-heal|p2a: Ting-Lu|100/100|[from] item: Leftovers
|upkeep
|turn|58
|
|t:|1760823733
|move|p1a: Dragonite|Roost|p1a: Dragonite
|-heal|p1a: Dragonite|76/100
|-singleturn|p1a: Dragonite|move: Roost
|move|p2a: Ting-Lu|Ruination|p1a: Dragonite
|-damage|p1a: Dragonite|38/100
|
|upkeep
|turn|59
|
|t:|1760823741
|move|p1a: Dragonite|Roost|p1a: Dragonite
|-heal|p1a: Dragonite|88/100
|-singleturn|p1a: Dragonite|move: Roost
|move|p2a: Ting-Lu|Ruination|p1a: Dragonite
|-damage|p1a: Dragonite|44/100
|
|upkeep
|turn|60
|
|t:|1760823749
|move|p1a: Dragonite|Dragon Dance|p1a: Dragonite
|-boost|p1a: Dragonite|atk|1
|-boost|p1a: Dragonite|spe|1
|move|p2a: Ting-Lu|Ruination|p1a: Dragonite|[miss]
|-miss|p2a: Ting-Lu|p1a: Dragonite
|
|upkeep
|turn|61
|
|t:|1760823761
|move|p1a: Dragonite|Dragon Dance|p1a: Dragonite
|-boost|p1a: Dragonite|atk|1
|-boost|p1a: Dragonite|spe|1
|move|p2a: Ting-Lu|Ruination|p1a: Dragonite
|-damage|p1a: Dragonite|22/100
|
|upkeep
|turn|62
|
|t:|1760823768
|move|p1a: Dragonite|Roost|p1a: Dragonite
|-heal|p1a: Dragonite|73/100
|-singleturn|p1a: Dragonite|move: Roost
|move|p2a: Ting-Lu|Ruination|p1a: Dragonite
|-damage|p1a: Dragonite|37/100
|
|upkeep
|turn|63
|
|t:|1760823778
|move|p1a: Dragonite|Roost|p1a: Dragonite
|-heal|p1a: Dragonite|87/100
|-singleturn|p1a: Dragonite|move: Roost
|move|p2a: Ting-Lu|Ruination|p1a: Dragonite
|-damage|p1a: Dragonite|44/100
|
|upkeep
|turn|64
|
|t:|1760823787
|move|p1a: Dragonite|Dragon Claw|p2a: Ting-Lu
|-damage|p2a: Ting-Lu|0 fnt
|faint|p2a: Ting-Lu
|
|upkeep
|
|t:|1760823792
|switch|p2a: Gholdengo|Gholdengo|100/100
|-item|p2a: Gholdengo|Air Balloon
|turn|65
|
|t:|1760823800
|-terastallize|p1a: Dragonite|Normal
|move|p1a: Dragonite|Roost|p1a: Dragonite
|-heal|p1a: Dragonite|94/100
|move|p2a: Gholdengo|Make It Rain|p1a: Dragonite
|-damage|p1a: Dragonite|31/100
|-unboost|p2a: Gholdengo|spa|1
|
|upkeep
|turn|66
|
|t:|1760823811
|move|p1a: Dragonite|Dragon Claw|p2a: Gholdengo
|-resisted|p2a: Gholdengo
|-damage|p2a: Gholdengo|0 fnt
|-enditem|p2a: Gholdengo|Air Balloon
|faint|p2a: Gholdengo
|
|upkeep
|
|t:|1760823817
|switch|p2a: Raging Bolt|Raging Bolt|100/100
|turn|67
|
|t:|1760823821
|move|p1a: Dragonite|Extreme Speed|p2a: Raging Bolt
|-damage|p2a: Raging Bolt|0 fnt
|faint|p2a: Raging Bolt
|-end|p2a: Raging Bolt|Protosynthesis|[silent]
|
|upkeep
|
|t:|1760823825
|switch|p2a: Tornadus|Tornadus-Therian, M|41/100
|turn|68
|
|t:|1760823830
|move|p1a: Dragonite|Extreme Speed|p2a: Tornadus
|-damage|p2a: Tornadus|0 fnt
|faint|p2a: Tornadus
|
|win|aaron200589
