|j|☆B4dabesque
|j|☆yftxyurxycexyxr
|t:|1760856089
|gametype|singles
|player|p1|B4dabesque|266|1141
|player|p2|yftxyurxycexyxr|102|1073
|gen|9
|tier|[Gen 9] OU
|rated|
|rule|HP Percentage Mod: HP is shown in percentages
|rule|Endless Battle Clause: Forcing endless battles is banned
|rule|Species Clause: Limit one of each Pokémon
|rule|OHKO Clause: OHKO moves are banned
|rule|Evasion Items Clause: Evasion items are banned
|rule|Evasion Moves Clause: Evasion moves are banned
|rule|Evasion Abilities Clause: Evasion abilities are banned
|rule|Sleep Moves Clause: Sleep-inducing moves are banned
|clearpoke
|poke|p1|Latios, M|
|poke|p1|Great Tusk|
|poke|p1|Enamorus, F|
|poke|p1|Ogerpon-Wellspring, F|
|poke|p1|Dragapult, M|
|poke|p1|Sableye, F|
|poke|p2|Jirachi|
|poke|p2|Mew|
|poke|p2|Iron Valiant|
|poke|p2|Tornadus, M|
|poke|p2|Iron Hands|
|poke|p2|Snorlax, M|
|teampreview
|inactive|Battle timer is ON: inactive players will automatically lose when time's up. (requested by yftxyurxycexyxr)
|
|t:|1760856096
|teamsize|p1|6
|teamsize|p2|6
|start
|switch|p1a: Sableye|Sableye, F|100/100
|switch|p2a: Tornadus|Tornadus, M|100/100
|turn|1
|
|t:|1760856106
|switch|p2a: Iron Valiant|Iron Valiant|100/100
|move|p1a: Sableye|Trick|p2a: Iron Valiant
|-activate|p1a: Sableye|move: Trick|[of] p2a: Iron Valiant
|-item|p2a: Iron Valiant|Black Sludge|[from] move: Trick
|-item|p1a: Sableye|Choice Band|[from] move: Trick
|
|-damage|p2a: Iron Valiant|88/100|[from] item: Black Sludge
|upkeep
|turn|2
|
|t:|1760856119
|move|p1a: Sableye|Thunder Wave|p2a: Iron Valiant
|-status|p2a: Iron Valiant|par
|move|p2a: Iron Valiant|Metronome|p2a: Iron Valiant
|move|p2a: Iron Valiant|Leech Life|p1a: Sableye|[from] move: Metronome
|-damage|p1a: Sableye|71/100
|-heal|p2a: Iron Valiant|100/100 par|[from] drain|[of] p1a: Sableye
|
|-damage|p2a: Iron Valiant|88/100 par|[from] item: Black Sludge
|upkeep
|turn|3
|
|t:|1760856131
|switch|p1a: Tuskly|Great Tusk|100/100
|move|p2a: Iron Valiant|Metronome|p2a: Iron Valiant
|move|p2a: Iron Valiant|Swagger|p1a: Tuskly|[from] move: Metronome
|-boost|p1a: Tuskly|atk|2
|-start|p1a: Tuskly|confusion
|
|-damage|p2a: Iron Valiant|76/100 par|[from] item: Black Sludge
|upkeep
|turn|4
|
|t:|1760856146
|-activate|p1a: Tuskly|confusion
|move|p1a: Tuskly|Rapid Spin|p2a: Iron Valiant
|-damage|p2a: Iron Valiant|40/100 par
|-boost|p1a: Tuskly|spe|1
|move|p2a: Iron Valiant|Metronome|p2a: Iron Valiant
|move|p2a: Iron Valiant|Hold Back|p1a: Tuskly|[from] move: Metronome
|-damage|p1a: Tuskly|91/100
|-damage|p2a: Iron Valiant|23/100 par|[from] item: Rocky Helmet|[of] p1a: Tuskly
|
|-damage|p2a: Iron Valiant|11/100 par|[from] item: Black Sludge
|upkeep
|turn|5
|
|t:|1760856158
|-activate|p1a: Tuskly|confusion
|-damage|p1a: Tuskly|76/100|[from] confusion
|move|p2a: Iron Valiant|Metronome|p2a: Iron Valiant
|move|p2a: Iron Valiant|Supersonic|p1a: Tuskly|[from] move: Metronome|[miss]
|-miss|p2a: Iron Valiant|p1a: Tuskly
|
|-damage|p2a: Iron Valiant|0 fnt|[from] item: Black Sludge
|faint|p2a: Iron Valiant
|-end|p2a: Iron Valiant|Quark Drive|[silent]
|upkeep
|
|t:|1760856172
|switch|p2a: Mew|Mew|100/100
|turn|6
|
|t:|1760856179
|-activate|p1a: Tuskly|confusion
|-damage|p1a: Tuskly|61/100|[from] confusion
|move|p2a: Mew|Metronome|p2a: Mew
|move|p2a: Mew|Burning Bulwark||[from] move: Metronome|[still]
|-fail|p2a: Mew
|
|upkeep
|turn|7
|
|t:|1760856186
|-activate|p1a: Tuskly|confusion
|move|p1a: Tuskly|Headlong Rush|p2a: Mew
|-damage|p2a: Mew|10/100
|-unboost|p1a: Tuskly|def|1
|-unboost|p1a: Tuskly|spd|1
|move|p2a: Mew|Metronome|p2a: Mew
|move|p2a: Mew|Forest's Curse|p1a: Tuskly|[from] move: Metronome
|-start|p1a: Tuskly|typeadd|Grass|[from] move: Forest's Curse
|
|upkeep
|turn|8
|
|t:|1760856196
|-end|p1a: Tuskly|confusion
|move|p1a: Tuskly|Ice Spinner|p2a: Mew
|-damage|p2a: Mew|0 fnt
|faint|p2a: Mew
|
|upkeep
|
|t:|1760856206
|switch|p2a: Tornadus|Tornadus, M|100/100
|turn|9
|
|t:|1760856215
|-terastallize|p1a: Tuskly|Steel
|move|p2a: Tornadus|Metronome|p2a: Tornadus
|move|p2a: Tornadus|Pluck|p1a: Tuskly|[from] move: Metronome
|-resisted|p1a: Tuskly
|-crit|p1a: Tuskly
|-damage|p1a: Tuskly|43/100
|-damage|p2a: Tornadus|84/100|[from] item: Rocky Helmet|[of] p1a: Tuskly
|move|p1a: Tuskly|Ice Spinner|p2a: Tornadus
|-supereffective|p2a: Tornadus
|-damage|p2a: Tornadus|0 fnt
|faint|p2a: Tornadus
|
|upkeep
|
|t:|1760856230
|switch|p2a: Iron Hands|Iron Hands|100/100
|turn|10
|
|t:|1760856233
|move|p1a: Tuskly|Headlong Rush|p2a: Iron Hands
|-supereffective|p2a: Iron Hands
|-crit|p2a: Iron Hands
|-damage|p2a: Iron Hands|0 fnt
|-unboost|p1a: Tuskly|def|1
|-unboost|p1a: Tuskly|spd|1
|faint|p2a: Iron Hands
|-end|p2a: Iron Hands|Quark Drive|[silent]
|
|upkeep
|-message|yftxyurxycexyxr forfeited.
|
|win|B4dabesque
|raw|B4dabesque's rating: 1141 &rarr; <strong>1161</strong><br />(+20 for winning)
|raw|yftxyurxycexyxr's rating: 1073 &rarr; <strong>1056</strong><br />(-17 for losing)
|l|☆yftxyurxycexyxr
|player|p2|
