|badge|p2|bronze|gen9ou|100-7
|uhtml|medal-msg|<div class="broadcast-blue">Curious what those medals under the avatar are? PS now has Ladder Seasons! For more information, check out the <a href="https://www.smogon.com/forums/threads/3740067/">thread on Smogon.</a></div>
|j|☆kingkong427
|j|☆Chococroc
|t:|1760840437
|gametype|singles
|player|p1|kingkong427|ethan|1782
|player|p2|Chococroc|pokemaniac|1873
|gen|9
|tier|[Gen 9] OU
|rated|
|rule|HP Percentage Mod: HP is shown in percentages
|rule|Endless Battle Clause: Forcing endless battles is banned
|rule|Species Clause: Limit one of each Pokémon
|rule|OHKO Clause: OHKO moves are banned
|rule|Evasion Items Clause: Evasion items are banned
|rule|Evasion Moves Clause: Evasion moves are banned
|rule|Evasion Abilities Clause: Evasion abilities are banned
|rule|Sleep Moves Clause: Sleep-inducing moves are banned
|clearpoke
|poke|p1|Garchomp, M|
|poke|p1|Iron Treads|
|poke|p1|Zamazenta-*|
|poke|p1|Darkrai|
|poke|p1|Primarina, F|
|poke|p1|Gholdengo|
|poke|p2|Rillaboom, M|
|poke|p2|Hawlucha, F|
|poke|p2|Kyurem|
|poke|p2|Primarina, M|
|poke|p2|Cinderace, F|
|poke|p2|Iron Crown|
|teampreview
|
|t:|1760840467
|teamsize|p1|6
|teamsize|p2|6
|start
|switch|p1a: Iron Treads|Iron Treads|100/100
|switch|p2a: Kyurem|Kyurem|100/100
|-ability|p2a: Kyurem|Pressure
|-enditem|p1a: Iron Treads|Booster Energy
|-activate|p1a: Iron Treads|ability: Quark Drive|[fromitem]
|-start|p1a: Iron Treads|quarkdrivespe
|turn|1
|
|t:|1760840472
|move|p1a: Iron Treads|Stealth Rock|p2a: Kyurem
|-sidestart|p2: Chococroc|move: Stealth Rock
|move|p2a: Kyurem|Dragon Dance|p2a: Kyurem
|-boost|p2a: Kyurem|atk|1
|-boost|p2a: Kyurem|spe|1
|
|upkeep
|turn|2
|
|t:|1760840477
|move|p1a: Iron Treads|Steel Beam|p2a: Kyurem
|-supereffective|p2a: Kyurem
|-damage|p2a: Kyurem|9/100
|-damage|p1a: Iron Treads|50/100|[from] steelbeam
|move|p2a: Kyurem|Dragon Dance|p2a: Kyurem
|-boost|p2a: Kyurem|atk|1
|-boost|p2a: Kyurem|spe|1
|
|upkeep
|turn|3
|
|t:|1760840483
|move|p2a: Kyurem|Icicle Spear|p1a: Iron Treads
|-damage|p1a: Iron Treads|27/100
|-damage|p1a: Iron Treads|3/100
|-damage|p1a: Iron Treads|0 fnt
|faint|p1a: Iron Treads
|-end|p1a: Iron Treads|Quark Drive|[silent]
|-hitcount|p1: Iron Treads|3
|
|upkeep
|
|t:|1760840490
|switch|p1a: Zamazenta|Zamazenta|100/100
|-ability|p1a: Zamazenta|Dauntless Shield|boost
|-boost|p1a: Zamazenta|def|1
|turn|4
|
|t:|1760840514
|move|p2a: Kyurem|Icicle Spear|p1a: Zamazenta
|-damage|p1a: Zamazenta|87/100
|-damage|p1a: Zamazenta|75/100
|-damage|p1a: Zamazenta|62/100
|-damage|p1a: Zamazenta|49/100
|-damage|p1a: Zamazenta|36/100
|-hitcount|p1a: Zamazenta|5
|move|p1a: Zamazenta|Iron Defense|p1a: Zamazenta
|-boost|p1a: Zamazenta|def|2
|
|-heal|p1a: Zamazenta|42/100|[from] item: Leftovers
|upkeep
|turn|5
|inactive|Battle timer is ON: inactive players will automatically lose when time's up. (requested by Chococroc)
|inactive|kingkong427 has 120 seconds left.
|
|t:|1760840597
|move|p2a: Kyurem|Icicle Spear|p1a: Zamazenta
|-damage|p1a: Zamazenta|35/100
|-damage|p1a: Zamazenta|27/100
|-damage|p1a: Zamazenta|19/100
|-damage|p1a: Zamazenta|12/100
|-damage|p1a: Zamazenta|5/100
|-hitcount|p1a: Zamazenta|5
|move|p1a: Zamazenta|Body Press|p2a: Kyurem
|-supereffective|p2a: Kyurem
|-damage|p2a: Kyurem|0 fnt
|faint|p2a: Kyurem
|
|-heal|p1a: Zamazenta|11/100|[from] item: Leftovers
|upkeep
|
|t:|1760840611
|switch|p2a: Rillaboom|Rillaboom, M|100/100
|-damage|p2a: Rillaboom|88/100|[from] Stealth Rock
|-fieldstart|move: Grassy Terrain|[from] ability: Grassy Surge|[of] p2a: Rillaboom
|turn|6
|
|t:|1760840624
|move|p2a: Rillaboom|Grassy Glide|p1a: Zamazenta
|-damage|p1a: Zamazenta|0 fnt
|faint|p1a: Zamazenta
|
|-heal|p2a: Rillaboom|94/100|[from] Grassy Terrain
|upkeep
|
|t:|1760840636
|switch|p1a: Gholdengo|Gholdengo|100/100
|-item|p1a: Gholdengo|Air Balloon
|turn|7
|
|t:|1760840640
|switch|p2a: Cinderace|Cinderace, F|100/100
|switch|p1a: Primarina|Primarina, F|100/100
|
|upkeep
|turn|8
|
|t:|1760840642
|move|p2a: Cinderace|Court Change|p2a: Cinderace
|-start|p2a: Cinderace|typechange|Normal|[from] ability: Libero
|-swapsideconditions
|-activate|p2a: Cinderace|move: Court Change
|move|p1a: Primarina|Hydro Pump|p2a: Cinderace
|-damage|p2a: Cinderace|15/100
|
|-heal|p2a: Cinderace|21/100|[from] Grassy Terrain
|upkeep
|turn|9
|
|t:|1760840651
|move|p2a: Cinderace|U-turn|p1a: Primarina
|-resisted|p1a: Primarina
|-damage|p1a: Primarina|87/100
|
|t:|1760840654
|switch|p2a: Rillaboom|Rillaboom, M|94/100|[from] U-turn
|move|p1a: Primarina|Moonblast|p2a: Rillaboom
|-crit|p2a: Rillaboom
|-damage|p2a: Rillaboom|0 fnt
|faint|p2a: Rillaboom
|
|-heal|p1a: Primarina|93/100|[from] Grassy Terrain
|upkeep
|
|t:|1760840659
|switch|p2a: Hawlucha|Hawlucha, F|100/100
|-enditem|p2a: Hawlucha|Grassy Seed
|-boost|p2a: Hawlucha|def|1|[from] item: Grassy Seed
|turn|10
|
|t:|1760840662
|move|p2a: Hawlucha|Acrobatics|p1a: Primarina
|-crit|p1a: Primarina
|-damage|p1a: Primarina|7/100
|move|p1a: Primarina|Moonblast|p2a: Hawlucha
|-supereffective|p2a: Hawlucha
|-damage|p2a: Hawlucha|0 fnt
|faint|p2a: Hawlucha
|
|-heal|p1a: Primarina|13/100|[from] Grassy Terrain
|-fieldend|move: Grassy Terrain
|upkeep
|
|t:|1760840677
|switch|p2a: Iron Crown|Iron Crown|100/100
|-enditem|p2a: Iron Crown|Booster Energy
|-activate|p2a: Iron Crown|ability: Quark Drive|[fromitem]
|-start|p2a: Iron Crown|quarkdrivespe
|turn|11
|-enditem|p1a: Primarina|Custap Berry|[eat]
|-activate|p1a: Primarina|item: Custap Berry|[consumed]
|
|t:|1760840681
|move|p1a: Primarina|Hydro Pump|p2a: Iron Crown
|-damage|p2a: Iron Crown|9/100
|move|p2a: Iron Crown|Calm Mind|p2a: Iron Crown
|-boost|p2a: Iron Crown|spa|1
|-boost|p2a: Iron Crown|spd|1
|
|upkeep
|turn|12
|
|t:|1760840686
|move|p2a: Iron Crown|Tachyon Cutter|p1a: Primarina
|-damage|p1a: Primarina|0 fnt
|faint|p1a: Primarina
|-hitcount|p1: Primarina|1
|
|upkeep
|
|t:|1760840696
|switch|p1a: Gholdengo|Gholdengo|100/100
|-damage|p1a: Gholdengo|94/100|[from] Stealth Rock
|-item|p1a: Gholdengo|Air Balloon
|turn|13
|
|t:|1760840700
|move|p2a: Iron Crown|Tachyon Cutter|p1a: Gholdengo
|-resisted|p1a: Gholdengo
|-damage|p1a: Gholdengo|76/100
|-enditem|p1a: Gholdengo|Air Balloon
|-resisted|p1a: Gholdengo
|-damage|p1a: Gholdengo|60/100
|-hitcount|p1a: Gholdengo|2
|move|p1a: Gholdengo|Shadow Ball|p2a: Iron Crown
|-supereffective|p2a: Iron Crown
|-damage|p2a: Iron Crown|0 fnt
|faint|p2a: Iron Crown
|-end|p2a: Iron Crown|Quark Drive|[silent]
|
|upkeep
|
|t:|1760840702
|switch|p2a: Primarina|Primarina, M|100/100
|turn|14
|
|t:|1760840705
|move|p1a: Gholdengo|Shadow Ball|p2a: Primarina
|-damage|p2a: Primarina|72/100
|move|p2a: Primarina|Calm Mind|p2a: Primarina
|-boost|p2a: Primarina|spa|1
|-boost|p2a: Primarina|spd|1
|
|-heal|p2a: Primarina|78/100|[from] item: Leftovers
|upkeep
|turn|15
|
|t:|1760840711
|move|p1a: Gholdengo|Nasty Plot|p1a: Gholdengo
|-boost|p1a: Gholdengo|spa|2
|move|p2a: Primarina|Substitute|p2a: Primarina
|-start|p2a: Primarina|Substitute
|-damage|p2a: Primarina|53/100
|
|-heal|p2a: Primarina|59/100|[from] item: Leftovers
|upkeep
|turn|16
|
|t:|1760840716
|move|p1a: Gholdengo|Shadow Ball|p2a: Primarina
|-end|p2a: Primarina|Substitute
|move|p2a: Primarina|Calm Mind|p2a: Primarina
|-boost|p2a: Primarina|spa|1
|-boost|p2a: Primarina|spd|1
|
|-heal|p2a: Primarina|65/100|[from] item: Leftovers
|upkeep
|turn|17
|
|t:|1760840728
|move|p1a: Gholdengo|Shadow Ball|p2a: Primarina
|-damage|p2a: Primarina|38/100
|move|p2a: Primarina|Psychic Noise|p1a: Gholdengo
|-damage|p1a: Gholdengo|0 fnt
|faint|p1a: Gholdengo
|
|-heal|p2a: Primarina|44/100|[from] item: Leftovers
|upkeep
|
|t:|1760840732
|switch|p1a: Garchomp|Garchomp, M|100/100
|-damage|p1a: Garchomp|94/100|[from] Stealth Rock
|turn|18
|
|t:|1760840734
|move|p1a: Garchomp|Earthquake|p2a: Primarina
|-damage|p2a: Primarina|3/100
|move|p2a: Primarina|Draining Kiss|p1a: Garchomp
|-supereffective|p1a: Garchomp
|-damage|p1a: Garchomp|5/100
|-heal|p2a: Primarina|69/100|[from] drain|[of] p1a: Garchomp
|-damage|p2a: Primarina|57/100|[from] ability: Rough Skin|[of] p1a: Garchomp
|
|-heal|p2a: Primarina|63/100|[from] item: Leftovers
|upkeep
|turn|19
|
|t:|1760840747
|move|p1a: Garchomp|Earthquake|p2a: Primarina
|-damage|p2a: Primarina|22/100
|move|p2a: Primarina|Psychic Noise|p1a: Garchomp
|-damage|p1a: Garchomp|0 fnt
|faint|p1a: Garchomp
|
|-heal|p2a: Primarina|28/100|[from] item: Leftovers
|upkeep
|
|t:|1760840749
|switch|p1a: Darkrai|Darkrai|100/100
|-damage|p1a: Darkrai|88/100|[from] Stealth Rock
|turn|20
|
|t:|1760840752
|-terastallize|p1a: Darkrai|Poison
|-terastallize|p2a: Primarina|Steel
|move|p1a: Darkrai|Sludge Bomb|p2a: Primarina
|-immune|p2a: Primarina
|move|p2a: Primarina|Draining Kiss|p1a: Darkrai
|-resisted|p1a: Darkrai
|-damage|p1a: Darkrai|59/100
|-heal|p2a: Primarina|45/100|[from] drain|[of] p1a: Darkrai
|
|-heal|p2a: Primarina|51/100|[from] item: Leftovers
|upkeep
|turn|21
|-message|kingkong427 forfeited.
|
|win|Chococroc
|raw|kingkong427's rating: 1782 &rarr; <strong>1767</strong><br />(-15 for losing)
|raw|Chococroc's rating: 1873 &rarr; <strong>1888</strong><br />(+15 for winning)
|l|☆kingkong427
|player|p1|
|l|☆Chococroc
|player|p2|
