|j|☆FwAlex
|j|☆Yeetoo
|t:|1760772070
|gametype|singles
|player|p1|FwAlex|265|1146
|player|p2|Yeetoo|2|1100
|gen|9
|tier|[Gen 9] OU
|rated|
|rule|HP Percentage Mod: HP is shown in percentages
|rule|Endless Battle Clause: Forcing endless battles is banned
|rule|Species Clause: Limit one of each Pokémon
|rule|OHKO Clause: OHKO moves are banned
|rule|Evasion Items Clause: Evasion items are banned
|rule|Evasion Moves Clause: Evasion moves are banned
|rule|Evasion Abilities Clause: Evasion abilities are banned
|rule|Sleep Moves Clause: Sleep-inducing moves are banned
|clearpoke
|poke|p1|Tyranitar, F|
|poke|p1|Bronzong|
|poke|p1|Excadrill, M|
|poke|p1|Skarmory, F|
|poke|p1|Clefable, M|
|poke|p1|Rotom-Wash|
|poke|p2|Decidueye, M|
|poke|p2|Delphox, M|
|poke|p2|Clawitzer, M|
|poke|p2|Cyclizar, M|
|poke|p2|Galvantula, M|
|poke|p2|Primeape, F|
|teampreview
|inactive|Battle timer is ON: inactive players will automatically lose when time's up. (requested by Yeetoo)
|
|t:|1760772096
|teamsize|p1|6
|teamsize|p2|6
|start
|switch|p1a: Rotom|Rotom-Wash|100/100
|switch|p2a: Delphox|Delphox, M|100/100
|turn|1
|
|t:|1760772104
|move|p2a: Delphox|Grass Knot|p1a: Rotom
|-supereffective|p1a: Rotom
|-damage|p1a: Rotom|87/100
|-item|p2a: Delphox|Leftovers|[from] ability: Magician|[of] p1a: Rotom
|move|p1a: Rotom|Thunder Wave|p2a: Delphox
|-status|p2a: Delphox|par
|
|upkeep
|turn|2
|
|t:|1760772116
|switch|p2a: Galvantula|Galvantula, M|100/100
|move|p1a: Rotom|Hydro Pump|p2a: Galvantula
|-damage|p2a: Galvantula|16/100
|-enditem|p2a: Galvantula|Aguav Berry|[eat]
|-heal|p2a: Galvantula|49/100|[from] item: Aguav Berry
|
|upkeep
|turn|3
|
|t:|1760772131
|move|p2a: Galvantula|Giga Drain|p1a: Rotom
|-supereffective|p1a: Rotom
|-damage|p1a: Rotom|41/100
|-heal|p2a: Galvantula|74/100|[from] drain|[of] p1a: Rotom
|move|p1a: Rotom|Hydro Pump|p2a: Galvantula
|-damage|p2a: Galvantula|0 fnt
|faint|p2a: Galvantula
|
|upkeep
|
|t:|1760772144
|switch|p2a: Decidueye|Decidueye, M|100/100
|turn|4
|
|t:|1760772152
|move|p1a: Rotom|Thunder Wave|p2a: Decidueye
|-status|p2a: Decidueye|par
|cant|p2a: Decidueye|par
|
|upkeep
|turn|5
|
|t:|1760772158
|move|p1a: Rotom|Pain Split|p2a: Decidueye
|-sethp|p2a: Decidueye|68/100 par|[from] move: Pain Split|[silent]
|-sethp|p1a: Rotom|80/100|[from] move: Pain Split
|move|p2a: Decidueye|Leaf Blade|p1a: Rotom
|-supereffective|p1a: Rotom
|-damage|p1a: Rotom|0 fnt
|faint|p1a: Rotom
|
|upkeep
|
|t:|1760772168
|switch|p1a: Bronzong|Bronzong|100/100
|turn|6
|
|t:|1760772171
|move|p2a: Decidueye|Spirit Shackle|p1a: Bronzong
|-supereffective|p1a: Bronzong
|-damage|p1a: Bronzong|47/100
|-activate|p1a: Bronzong|trapped
|move|p1a: Bronzong|Stealth Rock|p2a: Decidueye
|-sidestart|p2: Yeetoo|move: Stealth Rock
|
|-heal|p1a: Bronzong|53/100|[from] item: Leftovers
|upkeep
|turn|7
|
|t:|1760772194
|-terastallize|p1a: Bronzong|Water
|move|p2a: Decidueye|Spirit Shackle|p1a: Bronzong
|-damage|p1a: Bronzong|28/100
|move|p1a: Bronzong|Iron Defense|p1a: Bronzong
|-boost|p1a: Bronzong|def|2
|
|-heal|p1a: Bronzong|34/100|[from] item: Leftovers
|upkeep
|turn|8
|
|t:|1760772206
|move|p2a: Decidueye|Swords Dance|p2a: Decidueye
|-boost|p2a: Decidueye|atk|2
|move|p1a: Bronzong|Body Press|p2a: Decidueye
|-immune|p2a: Decidueye
|
|-heal|p1a: Bronzong|40/100|[from] item: Leftovers
|upkeep
|turn|9
|
|t:|1760772214
|cant|p2a: Decidueye|par
|move|p1a: Bronzong|Gyro Ball|p2a: Decidueye
|-damage|p2a: Decidueye|55/100 par
|
|-heal|p1a: Bronzong|46/100|[from] item: Leftovers
|upkeep
|turn|10
|
|t:|1760772222
|move|p2a: Decidueye|Leaf Blade|p1a: Bronzong
|-supereffective|p1a: Bronzong
|-crit|p1a: Bronzong
|-damage|p1a: Bronzong|0 fnt
|faint|p1a: Bronzong
|
|upkeep
|
|t:|1760772236
|switch|p1a: Tyranitar|Tyranitar, F|100/100
|-weather|Sandstorm|[from] ability: Sand Stream|[of] p1a: Tyranitar
|turn|11
|
|t:|1760772244
|move|p1a: Tyranitar|Crunch|p2a: Decidueye
|-supereffective|p2a: Decidueye
|-damage|p2a: Decidueye|0 fnt
|faint|p2a: Decidueye
|
|-weather|Sandstorm|[upkeep]
|upkeep
|
|t:|1760772269
|switch|p2a: Clawitzer|Clawitzer, M|100/100
|-damage|p2a: Clawitzer|88/100|[from] Stealth Rock
|turn|12
|
|t:|1760772278
|move|p1a: Tyranitar|Stone Edge|p2a: Clawitzer
|-damage|p2a: Clawitzer|20/100
|move|p2a: Clawitzer|Water Pulse|p1a: Tyranitar
|-supereffective|p1a: Tyranitar
|-damage|p1a: Tyranitar|55/100
|
|-weather|Sandstorm|[upkeep]
|-damage|p2a: Clawitzer|14/100|[from] Sandstorm
|-heal|p2a: Clawitzer|20/100|[from] item: Leftovers
|upkeep
|turn|13
|
|t:|1760772296
|move|p2a: Clawitzer|Aqua Jet|p1a: Tyranitar
|-supereffective|p1a: Tyranitar
|-damage|p1a: Tyranitar|37/100
|move|p1a: Tyranitar|Crunch|p2a: Clawitzer
|-damage|p2a: Clawitzer|0 fnt
|faint|p2a: Clawitzer
|
|-weather|Sandstorm|[upkeep]
|upkeep
|
|t:|1760772305
|switch|p2a: Cyclizar|Cyclizar, M|100/100
|turn|14
|
|t:|1760772311
|switch|p1a: Skarmory|Skarmory, F|100/100
|move|p2a: Cyclizar|Dragon Claw|p1a: Skarmory
|-resisted|p1a: Skarmory
|-damage|p1a: Skarmory|88/100
|-damage|p2a: Cyclizar|84/100|[from] item: Rocky Helmet|[of] p1a: Skarmory
|
|-weather|Sandstorm|[upkeep]
|-damage|p2a: Cyclizar|78/100|[from] Sandstorm
|upkeep
|turn|15
|
|t:|1760772321
|move|p2a: Cyclizar|Rapid Spin|p1a: Skarmory
|-resisted|p1a: Skarmory
|-damage|p1a: Skarmory|80/100
|-boost|p2a: Cyclizar|spe|1
|-damage|p2a: Cyclizar|62/100|[from] item: Rocky Helmet|[of] p1a: Skarmory
|-sideend|p2: Yeetoo|Stealth Rock|[from] move: Rapid Spin|[of] p2a: Cyclizar
|move|p1a: Skarmory|Spikes|p2a: Cyclizar
|-sidestart|p2: Yeetoo|Spikes
|
|-weather|none
|upkeep
|turn|16
|
|t:|1760772339
|switch|p2a: Primeape|Primeape, F|100/100
|-damage|p2a: Primeape|88/100|[from] Spikes
|switch|p1a: Clefable|Clefable, M|100/100
|
|-status|p1a: Clefable|brn|[from] item: Flame Orb
|upkeep
|turn|17
|
|t:|1760772348
|switch|p2a: Delphox|Delphox, M|100/100 par
|-damage|p2a: Delphox|88/100 par|[from] Spikes
|move|p1a: Clefable|Cosmic Power|p1a: Clefable
|-boost|p1a: Clefable|def|1
|-boost|p1a: Clefable|spd|1
|
|-heal|p2a: Delphox|94/100 par|[from] item: Leftovers
|upkeep
|turn|18
|
|t:|1760772366
|cant|p2a: Delphox|par
|move|p1a: Clefable|Moonblast|p2a: Delphox
|-resisted|p2a: Delphox
|-crit|p2a: Delphox
|-damage|p2a: Delphox|65/100 par
|
|-heal|p2a: Delphox|71/100 par|[from] item: Leftovers
|upkeep
|turn|19
|
|t:|1760772375
|move|p2a: Delphox|Psychic Noise|p1a: Clefable
|-damage|p1a: Clefable|77/100 brn
|-start|p1a: Clefable|move: Heal Block
|move|p1a: Clefable|Cosmic Power|p1a: Clefable
|-boost|p1a: Clefable|def|1
|-boost|p1a: Clefable|spd|1
|
|-heal|p2a: Delphox|77/100 par|[from] item: Leftovers
|upkeep
|turn|20
|
|t:|1760772387
|cant|p2a: Delphox|par
|move|p1a: Clefable|Cosmic Power|p1a: Clefable
|-boost|p1a: Clefable|def|1
|-boost|p1a: Clefable|spd|1
|
|-heal|p2a: Delphox|84/100 par|[from] item: Leftovers
|-end|p1a: Clefable|move: Heal Block
|upkeep
|turn|21
|
|t:|1760772396
|move|p2a: Delphox|Psychic Noise|p1a: Clefable
|-damage|p1a: Clefable|64/100 brn
|-start|p1a: Clefable|move: Heal Block
|move|p1a: Clefable|Cosmic Power|p1a: Clefable
|-boost|p1a: Clefable|def|1
|-boost|p1a: Clefable|spd|1
|
|-heal|p2a: Delphox|90/100 par|[from] item: Leftovers
|upkeep
|turn|22
|
|t:|1760772406
|move|p2a: Delphox|Psychic Noise|p1a: Clefable
|-damage|p1a: Clefable|53/100 brn
|move|p1a: Clefable|Stored Power|p2a: Delphox
|-resisted|p2a: Delphox
|-damage|p2a: Delphox|66/100 par
|
|-heal|p2a: Delphox|72/100 par|[from] item: Leftovers
|-end|p1a: Clefable|move: Heal Block
|upkeep
|turn|23
|
|t:|1760772417
|cant|p2a: Delphox|par
|move|p1a: Clefable|Life Dew|p1a: Clefable
|-heal|p1a: Clefable|78/100 brn
|
|-heal|p2a: Delphox|79/100 par|[from] item: Leftovers
|upkeep
|turn|24
|
|t:|1760772426
|move|p2a: Delphox|Psychic Noise|p1a: Clefable
|-damage|p1a: Clefable|67/100 brn
|-start|p1a: Clefable|move: Heal Block
|move|p1a: Clefable|Stored Power|p2a: Delphox
|-resisted|p2a: Delphox
|-damage|p2a: Delphox|54/100 par
|
|-heal|p2a: Delphox|61/100 par|[from] item: Leftovers
|upkeep
|turn|25
|
|t:|1760772436
|move|p2a: Delphox|Psychic Noise|p1a: Clefable
|-damage|p1a: Clefable|56/100 brn
|move|p1a: Clefable|Cosmic Power|p1a: Clefable
|-boost|p1a: Clefable|def|1
|-boost|p1a: Clefable|spd|1
|
|-heal|p2a: Delphox|67/100 par|[from] item: Leftovers
|-end|p1a: Clefable|move: Heal Block
|upkeep
|turn|26
|
|t:|1760772449
|move|p2a: Delphox|Psychic Noise|p1a: Clefable
|-damage|p1a: Clefable|46/100 brn
|-start|p1a: Clefable|move: Heal Block
|move|p1a: Clefable|Stored Power|p2a: Delphox
|-resisted|p2a: Delphox
|-damage|p2a: Delphox|37/100 par
|
|-heal|p2a: Delphox|43/100 par|[from] item: Leftovers
|upkeep
|turn|27
|
|t:|1760772460
|move|p2a: Delphox|Psychic Noise|p1a: Clefable
|-damage|p1a: Clefable|36/100 brn
|move|p1a: Clefable|Stored Power|p2a: Delphox
|-resisted|p2a: Delphox
|-damage|p2a: Delphox|15/100 par
|
|-heal|p2a: Delphox|21/100 par|[from] item: Leftovers
|-end|p1a: Clefable|move: Heal Block
|upkeep
|turn|28
|
|t:|1760772473
|move|p2a: Delphox|Psychic Noise|p1a: Clefable
|-damage|p1a: Clefable|27/100 brn
|-start|p1a: Clefable|move: Heal Block
|move|p1a: Clefable|Stored Power|p2a: Delphox
|-resisted|p2a: Delphox
|-damage|p2a: Delphox|0 fnt
|faint|p2a: Delphox
|
|upkeep
|
|t:|1760772487
|switch|p2a: Cyclizar|Cyclizar, M|95/100
|turn|29
|
|t:|1760772505
|-terastallize|p2a: Cyclizar|Steel
|move|p2a: Cyclizar|Iron Head|p1a: Clefable
|-supereffective|p1a: Clefable
|-damage|p1a: Clefable|11/100 brn
|cant|p1a: Clefable|flinch
|
|-end|p1a: Clefable|move: Heal Block
|upkeep
|turn|30
|
|t:|1760772517
|move|p2a: Cyclizar|Iron Head|p1a: Clefable
|-supereffective|p1a: Clefable
|-damage|p1a: Clefable|0 fnt
|faint|p1a: Clefable
|
|upkeep
|
|t:|1760772523
|switch|p1a: Tyranitar|Tyranitar, F|37/100
|-weather|Sandstorm|[from] ability: Sand Stream|[of] p1a: Tyranitar
|turn|31
|
|t:|1760772528
|move|p2a: Cyclizar|Rapid Spin|p1a: Tyranitar
|-resisted|p1a: Tyranitar
|-damage|p1a: Tyranitar|26/100
|-boost|p2a: Cyclizar|spe|1
|-sideend|p2: Yeetoo|Spikes|[from] move: Rapid Spin|[of] p2a: Cyclizar
|move|p1a: Tyranitar|Low Kick|p2a: Cyclizar
|-supereffective|p2a: Cyclizar
|-damage|p2a: Cyclizar|0 fnt
|faint|p2a: Cyclizar
|
|-weather|Sandstorm|[upkeep]
|upkeep
|
|t:|1760772538
|switch|p2a: Primeape|Primeape, F|88/100
|turn|32
|
|t:|1760772543
|move|p2a: Primeape|Bulk Up|p2a: Primeape
|-boost|p2a: Primeape|atk|1
|-boost|p2a: Primeape|def|1
|move|p1a: Tyranitar|Low Kick|p2a: Primeape
|-damage|p2a: Primeape|69/100
|
|-weather|Sandstorm|[upkeep]
|-damage|p2a: Primeape|63/100|[from] Sandstorm
|upkeep
|turn|33
|
|t:|1760772554
|switch|p1a: Skarmory|Skarmory, F|80/100
|move|p2a: Primeape|Bulk Up|p2a: Primeape
|-boost|p2a: Primeape|atk|1
|-boost|p2a: Primeape|def|1
|
|-weather|Sandstorm|[upkeep]
|-damage|p2a: Primeape|57/100|[from] Sandstorm
|upkeep
|turn|34
|
|t:|1760772564
|move|p2a: Primeape|Drain Punch|p1a: Skarmory
|-damage|p1a: Skarmory|37/100
|-heal|p2a: Primeape|84/100|[from] drain|[of] p1a: Skarmory
|-damage|p2a: Primeape|68/100|[from] item: Rocky Helmet|[of] p1a: Skarmory
|move|p1a: Skarmory|Taunt|p2a: Primeape
|-start|p2a: Primeape|move: Taunt
|
|-weather|Sandstorm|[upkeep]
|-damage|p2a: Primeape|62/100|[from] Sandstorm
|upkeep
|turn|35
|
|t:|1760772575
|move|p2a: Primeape|Drain Punch|p1a: Skarmory
|-crit|p1a: Skarmory
|-damage|p1a: Skarmory|0 fnt
|-heal|p2a: Primeape|84/100|[from] drain|[of] p1a: Skarmory
|-damage|p2a: Primeape|68/100|[from] item: Rocky Helmet|[of] p1a: Skarmory
|faint|p1a: Skarmory
|
|-weather|none
|upkeep
|
|t:|1760772582
|switch|p1a: Excadrill|Excadrill, M|100/100
|turn|36
|
|t:|1760772590
|move|p2a: Primeape|Drain Punch|p1a: Excadrill
|-supereffective|p1a: Excadrill
|-damage|p1a: Excadrill|0 fnt
|-heal|p2a: Primeape|100/100|[from] drain|[of] p1a: Excadrill
|faint|p1a: Excadrill
|
|upkeep
|
|t:|1760772596
|switch|p1a: Tyranitar|Tyranitar, F|26/100
|-weather|Sandstorm|[from] ability: Sand Stream|[of] p1a: Tyranitar
|turn|37
|
|t:|1760772602
|move|p2a: Primeape|Drain Punch|p1a: Tyranitar
|-supereffective|p1a: Tyranitar
|-damage|p1a: Tyranitar|0 fnt
|faint|p1a: Tyranitar
|
|win|Yeetoo
|raw|FwAlex's rating: 1146 &rarr; <strong>1118</strong><br />(-28 for losing)
|raw|Yeetoo's rating: 1100 &rarr; <strong>1128</strong><br />(+28 for winning)
|l|☆FwAlex
|player|p1|
|l|☆Yeetoo
|player|p2|
