|j|☆CF lan
|j|☆Marbradiz
|t:|1760792592
|gametype|singles
|player|p1|CF lan|volo|1197
|player|p2|Marbradiz|265|1156
|gen|9
|tier|[Gen 9] OU
|rated|
|rule|HP Percentage Mod: HP is shown in percentages
|rule|Endless Battle Clause: Forcing endless battles is banned
|rule|Species Clause: Limit one of each Pokémon
|rule|OHKO Clause: OHKO moves are banned
|rule|Evasion Items Clause: Evasion items are banned
|rule|Evasion Moves Clause: Evasion moves are banned
|rule|Evasion Abilities Clause: Evasion abilities are banned
|rule|Sleep Moves Clause: Sleep-inducing moves are banned
|clearpoke
|poke|p1|Weavile, F|
|poke|p1|Weezing, M|
|poke|p1|Scizor, F|
|poke|p1|Primarina, F|
|poke|p1|Heatran, F|
|poke|p1|Zapdos|
|poke|p2|Ceruledge, M|
|poke|p2|Kingambit, F|
|poke|p2|Ogerpon-Wellspring, F|
|poke|p2|Hatterene, F|
|poke|p2|Great Tusk|
|poke|p2|Salamence, M|
|teampreview
|inactive|Battle timer is ON: inactive players will automatically lose when time's up. (requested by CF lan)
|
|t:|1760792606
|teamsize|p1|6
|teamsize|p2|6
|start
|switch|p1a: Weavile|Weavile, F|100/100
|switch|p2a: Salamence|Salamence, M|100/100
|-ability|p2a: Salamence|Intimidate|boost
|-unboost|p1a: Weavile|atk|1
|turn|1
|
|t:|1760792620
|move|p1a: Weavile|Triple Axel|p2a: Salamence
|-supereffective|p2a: Salamence
|-damage|p2a: Salamence|67/100
|-supereffective|p2a: Salamence
|-damage|p2a: Salamence|5/100
|-supereffective|p2a: Salamence
|-damage|p2a: Salamence|0 fnt
|faint|p2a: Salamence
|-hitcount|p2: Salamence|3
|
|upkeep
|
|t:|1760792629
|switch|p2a: Great Tusk|Great Tusk|100/100
|turn|2
|
|t:|1760792640
|switch|p1a: Primarina|Primarina, F|100/100
|move|p2a: Great Tusk|Close Combat|p1a: Primarina
|-resisted|p1a: Primarina
|-damage|p1a: Primarina|64/100
|-unboost|p2a: Great Tusk|def|1
|-unboost|p2a: Great Tusk|spd|1
|
|upkeep
|turn|3
|
|t:|1760792651
|move|p2a: Great Tusk|Close Combat|p1a: Primarina
|-resisted|p1a: Primarina
|-damage|p1a: Primarina|27/100
|-unboost|p2a: Great Tusk|def|1
|-unboost|p2a: Great Tusk|spd|1
|move|p1a: Primarina|Draining Kiss|p2a: Great Tusk
|-supereffective|p2a: Great Tusk
|-damage|p2a: Great Tusk|0 fnt
|-heal|p1a: Primarina|100/100|[from] drain|[of] p2a: Great Tusk
|faint|p2a: Great Tusk
|-end|p2a: Great Tusk|Protosynthesis|[silent]
|
|upkeep
|
|t:|1760792664
|switch|p2a: Hatterene|Hatterene, F|100/100
|turn|4
|
|t:|1760792670
|switch|p1a: Heatran|Heatran, F|100/100
|-item|p1a: Heatran|Air Balloon
|move|p2a: Hatterene|Psyshock|p1a: Heatran
|-resisted|p1a: Heatran
|-damage|p1a: Heatran|81/100
|-enditem|p1a: Heatran|Air Balloon
|
|upkeep
|turn|5
|
|t:|1760792687
|move|p1a: Heatran|Magma Storm|p2a: Hatterene
|-damage|p2a: Hatterene|37/100
|-activate|p2a: Hatterene|move: Magma Storm|[of] p1a: Heatran
|move|p2a: Hatterene|Light Screen|p2a: Hatterene
|-sidestart|p2: Marbradiz|move: Light Screen
|
|-damage|p2a: Hatterene|25/100|[from] move: Magma Storm|[partiallytrapped]
|upkeep
|turn|6
|
|t:|1760792696
|move|p1a: Heatran|Flash Cannon|p2a: Hatterene
|-supereffective|p2a: Hatterene
|-enditem|p2a: Hatterene|Babiri Berry|[eat]
|-enditem|p2a: Hatterene|Babiri Berry|[weaken]
|-damage|p2a: Hatterene|1/100
|move|p2a: Hatterene|Psycho Cut|p1a: Heatran
|-resisted|p1a: Heatran
|-damage|p1a: Heatran|72/100
|
|-damage|p2a: Hatterene|0 fnt|[from] move: Magma Storm|[partiallytrapped]
|faint|p2a: Hatterene
|upkeep
|
|t:|1760792704
|switch|p2a: Ogerpon|Ogerpon-Wellspring, F|100/100
|turn|7
|
|t:|1760792709
|switch|p1a: Weezing|Weezing, M|100/100
|-ability|p1a: Weezing|Neutralizing Gas
|move|p2a: Ogerpon|Ivy Cudgel|p1a: Weezing|[anim] Ivy Cudgel Water
|-damage|p1a: Weezing|46/100
|
|-heal|p1a: Weezing|52/100|[from] item: Black Sludge
|upkeep
|turn|8
|
|t:|1760792718
|move|p2a: Ogerpon|Ivy Cudgel|p1a: Weezing|[anim] Ivy Cudgel Water
|-damage|p1a: Weezing|0 fnt
|faint|p1a: Weezing
|-end|p1a: Weezing|ability: Neutralizing Gas
|
|upkeep
|
|t:|1760792729
|switch|p1a: Scizor|Scizor, F|100/100
|turn|9
|
|t:|1760792742
|move|p1a: Scizor|Bullet Punch|p2a: Ogerpon
|-resisted|p2a: Ogerpon
|-damage|p2a: Ogerpon|65/100
|move|p2a: Ogerpon|Ivy Cudgel|p1a: Scizor|[anim] Ivy Cudgel Water
|-crit|p1a: Scizor
|-damage|p1a: Scizor|14/100
|
|-sideend|p2: Marbradiz|move: Light Screen
|upkeep
|turn|10
|
|t:|1760792749
|move|p1a: Scizor|Bullet Punch|p2a: Ogerpon
|-resisted|p2a: Ogerpon
|-damage|p2a: Ogerpon|28/100
|move|p2a: Ogerpon|Ivy Cudgel|p1a: Scizor|[anim] Ivy Cudgel Water
|-damage|p1a: Scizor|0 fnt
|faint|p1a: Scizor
|
|upkeep
|
|t:|1760792755
|switch|p1a: Zapdos|Zapdos|100/100
|turn|11
|
|t:|1760792763
|move|p2a: Ogerpon|Ivy Cudgel|p1a: Zapdos|[anim] Ivy Cudgel Water
|-damage|p1a: Zapdos|26/100
|move|p1a: Zapdos|Hurricane|p2a: Ogerpon
|-supereffective|p2a: Ogerpon
|-damage|p2a: Ogerpon|0 fnt
|faint|p2a: Ogerpon
|
|upkeep
|
|t:|1760792770
|switch|p2a: Ceruledge|Ceruledge, M|100/100
|turn|12
|
|t:|1760792781
|-terastallize|p2a: Ceruledge|Ground
|move|p1a: Zapdos|Hurricane|p2a: Ceruledge
|-damage|p2a: Ceruledge|5/100
|move|p2a: Ceruledge|Swords Dance|p2a: Ceruledge
|-boost|p2a: Ceruledge|atk|2
|
|upkeep
|turn|13
|
|t:|1760792789
|move|p1a: Zapdos|Hurricane|p2a: Ceruledge
|-damage|p2a: Ceruledge|0 fnt
|faint|p2a: Ceruledge
|
|upkeep
|
|t:|1760792793
|switch|p2a: Kingambit|Kingambit, F|100/100
|-activate|p2a: Kingambit|ability: Supreme Overlord
|-start|p2a: Kingambit|fallen5|[silent]
|turn|14
|
|t:|1760792810
|move|p1a: Zapdos|Hurricane|p2a: Kingambit
|-resisted|p2a: Kingambit
|-damage|p2a: Kingambit|53/100
|move|p2a: Kingambit|Tera Blast|p1a: Zapdos
|-damage|p1a: Zapdos|5/100
|
|upkeep
|turn|15
|
|t:|1760792817
|move|p1a: Zapdos|Hurricane|p2a: Kingambit
|-resisted|p2a: Kingambit
|-damage|p2a: Kingambit|8/100
|move|p2a: Kingambit|Tera Blast|p1a: Zapdos
|-damage|p1a: Zapdos|0 fnt
|faint|p1a: Zapdos
|
|upkeep
|
|t:|1760792822
|switch|p1a: Weavile|Weavile, F|100/100
|turn|16
|
|t:|1760792825
|move|p1a: Weavile|Upper Hand||[still]
|-fail|p1a: Weavile
|move|p2a: Kingambit|Tera Blast|p1a: Weavile
|-damage|p1a: Weavile|77/100
|
|upkeep
|turn|17
|
|t:|1760792834
|move|p1a: Weavile|Ice Shard|p2a: Kingambit
|-resisted|p2a: Kingambit
|-damage|p2a: Kingambit|0 fnt
|faint|p2a: Kingambit
|-end|p2a: Kingambit|fallen5|[silent]
|
|win|CF lan
|raw|CF lan's rating: 1197 &rarr; <strong>1219</strong><br />(+22 for winning)
|raw|Marbradiz's rating: 1156 &rarr; <strong>1134</strong><br />(-22 for losing)
|l|☆CF lan
|player|p1|
|l|☆Marbradiz
|player|p2|
