|j|☆Osaka bin laden
|j|☆Nagasache
|t:|1760887362
|gametype|singles
|player|p1|Osaka bin laden|pokemaniac|1202
|player|p2|Nagasache|dawn|1152
|gen|9
|tier|[Gen 9] OU
|rated|
|rule|HP Percentage Mod: HP is shown in percentages
|rule|Endless Battle Clause: Forcing endless battles is banned
|rule|Species Clause: Limit one of each Pokémon
|rule|OHKO Clause: OHKO moves are banned
|rule|Evasion Items Clause: Evasion items are banned
|rule|Evasion Moves Clause: Evasion moves are banned
|rule|Evasion Abilities Clause: Evasion abilities are banned
|rule|Sleep Moves Clause: Sleep-inducing moves are banned
|clearpoke
|poke|p1|Dragapult, M|
|poke|p1|Heatran, M|
|poke|p1|Corviknight, M|
|poke|p1|Lokix, F|
|poke|p1|Ting-Lu|
|poke|p1|Hatterene, F|
|poke|p2|Espeon, M|
|poke|p2|Armarouge, M|
|poke|p2|Indeedee-F, F|
|poke|p2|Hoopa-Unbound|
|poke|p2|Jirachi|
|poke|p2|Cresselia, F|
|teampreview
|inactive|Battle timer is ON: inactive players will automatically lose when time's up. (requested by Osaka bin laden)
|
|t:|1760887388
|teamsize|p1|6
|teamsize|p2|6
|start
|switch|p1a: Lokix|Lokix, F|100/100
|switch|p2a: Indeedee|Indeedee-F, F|100/100
|-fieldstart|move: Psychic Terrain|[from] ability: Psychic Surge|[of] p2a: Indeedee
|turn|1
|
|t:|1760887411
|switch|p2a: Armarouge|Armarouge, M|100/100
|move|p1a: Lokix|U-turn|p2a: Armarouge
|-damage|p2a: Armarouge|60/100
|-ability|p2a: Armarouge|Weak Armor|boost
|-unboost|p2a: Armarouge|def|1
|-boost|p2a: Armarouge|spe|2
|
|t:|1760887419
|switch|p1a: Heatran|Heatran, M|100/100|[from] U-turn
|-item|p1a: Heatran|Air Balloon
|
|upkeep
|turn|2
|
|t:|1760887426
|move|p2a: Armarouge|Aura Sphere|p1a: Heatran
|-supereffective|p1a: Heatran
|-damage|p1a: Heatran|51/100
|-enditem|p1a: Heatran|Air Balloon
|move|p1a: Heatran|Earth Power|p2a: Armarouge
|-supereffective|p2a: Armarouge
|-damage|p2a: Armarouge|3/100
|
|upkeep
|turn|3
|
|t:|1760887435
|switch|p1a: Hatterene|Hatterene, F|100/100
|move|p2a: Armarouge|Aura Sphere|p1a: Hatterene
|-resisted|p1a: Hatterene
|-damage|p1a: Hatterene|94/100
|
|-heal|p1a: Hatterene|99/100|[from] item: Leftovers
|upkeep
|turn|4
|
|t:|1760887441
|move|p2a: Armarouge|Armor Cannon|p1a: Hatterene
|-damage|p1a: Hatterene|28/100
|-unboost|p2a: Armarouge|def|1
|-unboost|p2a: Armarouge|spd|1
|move|p1a: Hatterene|Nuzzle|p2a: Armarouge
|-damage|p2a: Armarouge|0 fnt
|faint|p2a: Armarouge
|
|-heal|p1a: Hatterene|34/100|[from] item: Leftovers
|upkeep
|
|t:|1760887450
|switch|p2a: Jirachi|Jirachi|100/100
|turn|5
|
|t:|1760887454
|switch|p1a: Ting-Lu|Ting-Lu|100/100
|-ability|p1a: Ting-Lu|Vessel of Ruin
|move|p2a: Jirachi|Iron Head|p1a: Ting-Lu
|-damage|p1a: Ting-Lu|87/100
|-damage|p2a: Jirachi|84/100|[from] item: Rocky Helmet|[of] p1a: Ting-Lu
|
|-heal|p2a: Jirachi|90/100|[from] item: Leftovers
|-fieldend|move: Psychic Terrain
|upkeep
|turn|6
|
|t:|1760887458
|move|p2a: Jirachi|U-turn|p1a: Ting-Lu
|-supereffective|p1a: Ting-Lu
|-damage|p1a: Ting-Lu|70/100
|-damage|p2a: Jirachi|73/100|[from] item: Rocky Helmet|[of] p1a: Ting-Lu
|
|t:|1760887461
|switch|p2a: Cresselia|Cresselia, F|100/100|[from] U-turn
|move|p1a: Ting-Lu|Stealth Rock|p2a: Cresselia
|-sidestart|p2: Nagasache|move: Stealth Rock
|
|upkeep
|turn|7
|
|t:|1760887466
|move|p2a: Cresselia|Icy Wind|p1a: Ting-Lu
|-supereffective|p1a: Ting-Lu
|-damage|p1a: Ting-Lu|57/100
|-unboost|p1a: Ting-Lu|spe|1
|move|p1a: Ting-Lu|Ruination|p2a: Cresselia
|-damage|p2a: Cresselia|50/100
|
|upkeep
|turn|8
|
|t:|1760887475
|move|p2a: Cresselia|Moonblast|p1a: Ting-Lu
|-supereffective|p1a: Ting-Lu
|-damage|p1a: Ting-Lu|37/100
|-unboost|p1a: Ting-Lu|spa|1
|move|p1a: Ting-Lu|Whirlwind|p2a: Cresselia
|drag|p2a: Indeedee|Indeedee-F, F|100/100
|-damage|p2a: Indeedee|88/100|[from] Stealth Rock
|-fieldstart|move: Psychic Terrain|[from] ability: Psychic Surge|[of] p2a: Indeedee
|
|upkeep
|turn|9
|
|t:|1760887486
|move|p2a: Indeedee|Tera Blast|p1a: Ting-Lu
|-damage|p1a: Ting-Lu|20/100
|move|p1a: Ting-Lu|Ruination|p2a: Indeedee
|-damage|p2a: Indeedee|44/100
|
|upkeep
|turn|10
|
|t:|1760887498
|switch|p2a: Cresselia|Cresselia, F|50/100
|-damage|p2a: Cresselia|38/100|[from] Stealth Rock
|move|p1a: Ting-Lu|Body Press|p2a: Cresselia
|-resisted|p2a: Cresselia
|-damage|p2a: Cresselia|29/100
|-damage|p1a: Ting-Lu|3/100|[from] item: Rocky Helmet|[of] p2a: Cresselia
|
|upkeep
|turn|11
|
|t:|1760887515
|switch|p1a: Corviknight|Corviknight, M|100/100
|-ability|p1a: Corviknight|Pressure
|move|p2a: Cresselia|Moonlight|p2a: Cresselia
|-heal|p2a: Cresselia|79/100
|
|upkeep
|turn|12
|
|t:|1760887522
|move|p2a: Cresselia|Icy Wind|p1a: Corviknight
|-damage|p1a: Corviknight|90/100
|-unboost|p1a: Corviknight|spe|1
|move|p1a: Corviknight|Brave Bird|p2a: Cresselia
|-damage|p2a: Cresselia|56/100
|-damage|p1a: Corviknight|74/100|[from] item: Rocky Helmet|[of] p2a: Cresselia
|-damage|p1a: Corviknight|66/100|[from] Recoil
|
|-heal|p1a: Corviknight|72/100|[from] item: Leftovers
|-fieldend|move: Psychic Terrain
|upkeep
|turn|13
|
|t:|1760887536
|move|p2a: Cresselia|Icy Wind|p1a: Corviknight
|-damage|p1a: Corviknight|62/100
|-unboost|p1a: Corviknight|spe|1
|move|p1a: Corviknight|U-turn|p2a: Cresselia
|-supereffective|p2a: Cresselia
|-damage|p2a: Cresselia|38/100
|-damage|p1a: Corviknight|46/100|[from] item: Rocky Helmet|[of] p2a: Cresselia
|
|t:|1760887544
|switch|p1a: Lokix|Lokix, F|100/100|[from] U-turn
|
|upkeep
|turn|14
|
|t:|1760887549
|switch|p2a: Indeedee|Indeedee-F, F|44/100
|-damage|p2a: Indeedee|32/100|[from] Stealth Rock
|-fieldstart|move: Psychic Terrain|[from] ability: Psychic Surge|[of] p2a: Indeedee
|move|p1a: Lokix|Leech Life|p2a: Indeedee
|-supereffective|p2a: Indeedee
|-damage|p2a: Indeedee|0 fnt
|faint|p2a: Indeedee
|
|upkeep
|
|t:|1760887559
|switch|p2a: Jirachi|Jirachi|73/100
|-damage|p2a: Jirachi|67/100|[from] Stealth Rock
|turn|15
|
|t:|1760887563
|switch|p1a: Ting-Lu|Ting-Lu|3/100
|-ability|p1a: Ting-Lu|Vessel of Ruin
|move|p2a: Jirachi|Iron Head|p1a: Ting-Lu
|-damage|p1a: Ting-Lu|0 fnt
|-damage|p2a: Jirachi|50/100|[from] item: Rocky Helmet|[of] p1a: Ting-Lu
|faint|p1a: Ting-Lu
|
|-heal|p2a: Jirachi|57/100|[from] item: Leftovers
|upkeep
|
|t:|1760887571
|switch|p1a: Heatran|Heatran, M|51/100
|turn|16
|
|t:|1760887581
|move|p2a: Jirachi|U-turn|p1a: Heatran
|-resisted|p1a: Heatran
|-damage|p1a: Heatran|46/100
|
|t:|1760887584
|switch|p2a: Cresselia|Cresselia, F|38/100|[from] U-turn
|-damage|p2a: Cresselia|26/100|[from] Stealth Rock
|move|p1a: Heatran|Magma Storm|p2a: Cresselia
|-damage|p2a: Cresselia|0 fnt
|faint|p2a: Cresselia
|
|upkeep
|
|t:|1760887586
|switch|p2a: Hoopa|Hoopa-Unbound|100/100
|-damage|p2a: Hoopa|88/100|[from] Stealth Rock
|turn|17
|
|t:|1760887594
|move|p2a: Hoopa|Drain Punch|p1a: Heatran
|-supereffective|p1a: Heatran
|-damage|p1a: Heatran|0 fnt
|-heal|p2a: Hoopa|100/100|[from] drain|[of] p1a: Heatran
|faint|p1a: Heatran
|
|upkeep
|
|t:|1760887601
|switch|p1a: Lokix|Lokix, F|100/100
|turn|18
|
|t:|1760887610
|-terastallize|p2a: Hoopa|Fighting
|move|p1a: Lokix|U-turn|p2a: Hoopa
|-resisted|p2a: Hoopa
|-damage|p2a: Hoopa|21/100
|-enditem|p2a: Hoopa|Salac Berry|[eat]
|-boost|p2a: Hoopa|spe|1|[from] item: Salac Berry
|
|t:|1760887616
|switch|p1a: Hatterene|Hatterene, F|34/100|[from] U-turn
|move|p2a: Hoopa|Drain Punch|p1a: Hatterene
|-resisted|p1a: Hatterene
|-damage|p1a: Hatterene|21/100
|-heal|p2a: Hoopa|28/100|[from] drain|[of] p1a: Hatterene
|-item|p2a: Hoopa|Leftovers|[from] ability: Magician|[of] p1a: Hatterene
|
|-heal|p2a: Hoopa|34/100|[from] item: Leftovers
|-fieldend|move: Psychic Terrain
|upkeep
|turn|19
|
|t:|1760887627
|move|p2a: Hoopa|Hyperspace Fury|p1a: Hatterene
|-damage|p1a: Hatterene|0 fnt
|-unboost|p2a: Hoopa|def|1
|faint|p1a: Hatterene
|
|-heal|p2a: Hoopa|40/100|[from] item: Leftovers
|upkeep
|
|t:|1760887634
|switch|p1a: Lokix|Lokix, F|100/100
|turn|20
|
|t:|1760887641
|move|p1a: Lokix|First Impression|p2a: Hoopa
|-resisted|p2a: Hoopa
|-damage|p2a: Hoopa|0 fnt
|faint|p2a: Hoopa
|
|upkeep
|
|t:|1760887667
|switch|p2a: Espeon|Espeon, M|100/100
|-damage|p2a: Espeon|88/100|[from] Stealth Rock
|turn|21
|
|t:|1760887676
|switch|p1a: Dragapult|Dragapult, M|100/100
|move|p2a: Espeon|Alluring Voice|p1a: Dragapult
|-supereffective|p1a: Dragapult
|-damage|p1a: Dragapult|0 fnt
|faint|p1a: Dragapult
|
|upkeep
|
|t:|1760887680
|switch|p1a: Lokix|Lokix, F|100/100
|turn|22
|
|t:|1760887684
|switch|p2a: Jirachi|Jirachi|57/100
|-damage|p2a: Jirachi|50/100|[from] Stealth Rock
|move|p1a: Lokix|First Impression|p2a: Jirachi
|-damage|p2a: Jirachi|0 fnt
|faint|p2a: Jirachi
|
|upkeep
|
|t:|1760887686
|switch|p2a: Espeon|Espeon, M|88/100
|-damage|p2a: Espeon|76/100|[from] Stealth Rock
|turn|23
|
|t:|1760887692
|switch|p1a: Corviknight|Corviknight, M|46/100
|-ability|p1a: Corviknight|Pressure
|move|p2a: Espeon|Shadow Ball|p1a: Corviknight
|-damage|p1a: Corviknight|0 fnt
|faint|p1a: Corviknight
|
|upkeep
|
|t:|1760887695
|switch|p1a: Lokix|Lokix, F|100/100
|turn|24
|
|t:|1760887697
|move|p1a: Lokix|First Impression|p2a: Espeon
|-supereffective|p2a: Espeon
|-damage|p2a: Espeon|0 fnt
|faint|p2a: Espeon
|
|win|Osaka bin laden
|raw|Osaka bin laden's rating: 1202 &rarr; <strong>1223</strong><br />(+21 for winning)
|raw|Nagasache's rating: 1152 &rarr; <strong>1131</strong><br />(-21 for losing)
|l|☆Nagasache
|player|p2|
|l|☆Osaka bin laden
|player|p1|
