|j|☆Tusia88
|j|☆kenzo123456
|t:|1760722736
|gametype|singles
|player|p1|Tusia88|169|1443
|player|p2|kenzo123456|pokemonbreederf-gen4|1479
|gen|9
|tier|[Gen 9] OU
|rated|
|rule|HP Percentage Mod: HP is shown in percentages
|rule|Endless Battle Clause: Forcing endless battles is banned
|rule|Species Clause: Limit one of each Pokémon
|rule|OHKO Clause: OHKO moves are banned
|rule|Evasion Items Clause: Evasion items are banned
|rule|Evasion Moves Clause: Evasion moves are banned
|rule|Evasion Abilities Clause: Evasion abilities are banned
|rule|Sleep Moves Clause: Sleep-inducing moves are banned
|clearpoke
|poke|p1|Ninetales, M|
|poke|p1|Dragonite, M|
|poke|p1|Cinderace, F|
|poke|p1|Walking Wake|
|poke|p1|Cresselia, F|
|poke|p1|Great Tusk|
|poke|p2|Necrozma|
|poke|p2|Kingambit, F|
|poke|p2|Samurott-Hisui, F|
|poke|p2|Iron Treads|
|poke|p2|Pecharunt|
|poke|p2|Enamorus, F|
|teampreview
|inactive|Battle timer is ON: inactive players will automatically lose when time's up. (requested by Tusia88)
|
|t:|1760722754
|teamsize|p1|6
|teamsize|p2|6
|start
|switch|p1a: Cinderace|Cinderace, F|100/100
|switch|p2a: Musashi's Scallop|Samurott-Hisui, F, shiny|100/100
|turn|1
|
|t:|1760722761
|switch|p2a: Mochi Mochi|Pecharunt|100/100
|-item|p2a: Mochi Mochi|Air Balloon
|move|p1a: Cinderace|U-turn|p2a: Mochi Mochi
|-start|p1a: Cinderace|typechange|Bug|[from] ability: Libero
|-resisted|p2a: Mochi Mochi
|-damage|p2a: Mochi Mochi|96/100
|-enditem|p2a: Mochi Mochi|Air Balloon
|
|t:|1760722766
|switch|p1a: Walking Wake|Walking Wake|100/100|[from] U-turn
|
|upkeep
|turn|2
|
|t:|1760722785
|switch|p2a: Checkmate bitch|Kingambit, F, shiny|100/100
|move|p1a: Walking Wake|Hydro Steam|p2a: Checkmate bitch
|-damage|p2a: Checkmate bitch|42/100
|
|upkeep
|turn|3
|
|t:|1760722791
|move|p1a: Walking Wake|Hydro Steam|p2a: Checkmate bitch
|-damage|p2a: Checkmate bitch|0 fnt
|faint|p2a: Checkmate bitch
|-end|p2a: Checkmate bitch|fallenundefined|[silent]
|
|upkeep
|
|t:|1760722793
|switch|p2a: Musashi's Scallop|Samurott-Hisui, F, shiny|100/100
|turn|4
|
|t:|1760722799
|-end|p1a: Walking Wake|Protosynthesis|[silent]
|switch|p1a: Great Tusk|Great Tusk|100/100
|move|p2a: Musashi's Scallop|Ceaseless Edge|p1a: Great Tusk
|-resisted|p1a: Great Tusk
|-damage|p1a: Great Tusk|76/100
|-sidestart|p1: Tusia88|Spikes
|
|upkeep
|turn|5
|
|t:|1760722804
|switch|p2a: Mochi Mochi|Pecharunt|96/100
|move|p1a: Great Tusk|Headlong Rush|p2a: Mochi Mochi
|-supereffective|p2a: Mochi Mochi
|-damage|p2a: Mochi Mochi|26/100
|-unboost|p1a: Great Tusk|def|1
|-unboost|p1a: Great Tusk|spd|1
|-enditem|p1a: Great Tusk|Eject Pack
|
|t:|1760722811
|-end|p1a: Great Tusk|Protosynthesis|[silent]
|switch|p1a: Walking Wake|Walking Wake|100/100
|-damage|p1a: Walking Wake|88/100|[from] Spikes
|
|upkeep
|turn|6
|
|t:|1760722816
|move|p1a: Walking Wake|Hydro Steam|p2a: Mochi Mochi
|-damage|p2a: Mochi Mochi|0 fnt
|faint|p2a: Mochi Mochi
|
|upkeep
|
|t:|1760722825
|switch|p2a: Musashi's Scallop|Samurott-Hisui, F, shiny|100/100
|turn|7
|
|t:|1760722832
|-end|p1a: Walking Wake|Protosynthesis|[silent]
|switch|p1a: Great Tusk|Great Tusk|76/100
|-damage|p1a: Great Tusk|63/100|[from] Spikes
|move|p2a: Musashi's Scallop|Ceaseless Edge|p1a: Great Tusk
|-resisted|p1a: Great Tusk
|-damage|p1a: Great Tusk|40/100
|-sidestart|p1: Tusia88|Spikes
|
|upkeep
|turn|8
|
|t:|1760722836
|move|p1a: Great Tusk|Close Combat|p2a: Musashi's Scallop
|-supereffective|p2a: Musashi's Scallop
|-damage|p2a: Musashi's Scallop|0 fnt
|-unboost|p1a: Great Tusk|def|1
|-unboost|p1a: Great Tusk|spd|1
|faint|p2a: Musashi's Scallop
|
|upkeep
|
|t:|1760722839
|switch|p2a: Medusa|Enamorus, F, shiny|100/100
|turn|9
|
|t:|1760722850
|-end|p1a: Great Tusk|Protosynthesis|[silent]
|switch|p1a: Ninetales|Ninetales, M|100/100
|-damage|p1a: Ninetales|84/100|[from] Spikes
|-weather|SunnyDay|[from] ability: Drought|[of] p1a: Ninetales
|-terastallize|p2a: Medusa|Stellar
|move|p2a: Medusa|Tera Blast|p1a: Ninetales|[anim] Tera Blast Stellar
|-damage|p1a: Ninetales|24/100
|-boost|p2a: Medusa|atk|1
|-boost|p2a: Medusa|spa|1
|
|-weather|SunnyDay|[upkeep]
|upkeep
|turn|10
|
|t:|1760722864
|move|p2a: Medusa|Tera Blast|p1a: Ninetales|[anim] Tera Blast Stellar
|-damage|p1a: Ninetales|0 fnt
|-boost|p2a: Medusa|atk|1
|-boost|p2a: Medusa|spa|1
|faint|p1a: Ninetales
|
|-weather|SunnyDay|[upkeep]
|upkeep
|
|t:|1760722866
|switch|p1a: Cresselia|Cresselia, F|100/100
|turn|11
|
|t:|1760722872
|move|p2a: Medusa|Tera Blast|p1a: Cresselia|[anim] Tera Blast Stellar
|-damage|p1a: Cresselia|60/100
|-boost|p2a: Medusa|atk|1
|-boost|p2a: Medusa|spa|1
|-enditem|p1a: Cresselia|Eject Button
|
|t:|1760722877
|switch|p1a: Cinderace|Cinderace, F|100/100
|-damage|p1a: Cinderace|84/100|[from] Spikes
|
|-weather|SunnyDay|[upkeep]
|upkeep
|turn|12
|
|t:|1760722889
|switch|p2a: Donphandroid|Iron Treads|100/100
|move|p1a: Cinderace|Pyro Ball|p2a: Donphandroid
|-supereffective|p2a: Donphandroid
|-damage|p2a: Donphandroid|0 fnt
|faint|p2a: Donphandroid
|-end|p2a: Donphandroid|Quark Drive|[silent]
|
|-weather|SunnyDay|[upkeep]
|upkeep
|
|t:|1760722890
|switch|p2a: Star fragment|Necrozma, shiny|100/100
|turn|13
|
|t:|1760722900
|switch|p2a: Medusa|Enamorus, F, shiny, tera:Stellar|100/100
|move|p1a: Cinderace|Pyro Ball|p2a: Medusa
|-damage|p2a: Medusa|0 fnt
|faint|p2a: Medusa
|
|-weather|SunnyDay|[upkeep]
|upkeep
|-message|kenzo123456 forfeited.
|
|win|Tusia88
|raw|Tusia88's rating: 1443 &rarr; <strong>1465</strong><br />(+22 for winning)
|raw|kenzo123456's rating: 1479 &rarr; <strong>1457</strong><br />(-22 for losing)
|l|☆kenzo123456
|player|p2|
|l|☆Tusia88
|player|p1|
