|j|☆tintin1010
|j|☆kate10956
|t:|1760760636
|gametype|singles
|player|p1|tintin1010|101|1192
|player|p2|kate10956|misty|1258
|gen|9
|tier|[Gen 9] OU
|rated|
|rule|HP Percentage Mod: HP is shown in percentages
|rule|Endless Battle Clause: Forcing endless battles is banned
|rule|Species Clause: Limit one of each Pokémon
|rule|OHKO Clause: OHKO moves are banned
|rule|Evasion Items Clause: Evasion items are banned
|rule|Evasion Moves Clause: Evasion moves are banned
|rule|Evasion Abilities Clause: Evasion abilities are banned
|rule|Sleep Moves Clause: Sleep-inducing moves are banned
|clearpoke
|poke|p1|Moltres|
|poke|p1|Hippowdon, M|
|poke|p1|Hydrapple, M|
|poke|p1|Slowking-Galar, M|
|poke|p1|Azumarill, M|
|poke|p1|Excadrill, M|
|poke|p2|Pelipper, M|
|poke|p2|Kilowattrel, F|
|poke|p2|Dragapult, F|
|poke|p2|Amoonguss, F|
|poke|p2|Floatzel, M|
|poke|p2|Walking Wake|
|teampreview
|
|t:|1760760643
|teamsize|p1|6
|teamsize|p2|6
|start
|switch|p1a: Slowking|Slowking-Galar, M, shiny|100/100
|switch|p2a: Ripple|Floatzel, M|100/100
|turn|1
|
|t:|1760760647
|move|p2a: Ripple|Flip Turn|p1a: Slowking
|-damage|p1a: Slowking|68/100
|inactive|Battle timer is ON: inactive players will automatically lose when time's up. (requested by tintin1010)
|
|t:|1760760654
|switch|p2a: Spectra|Dragapult, F, shiny|100/100|[from] Flip Turn
|move|p1a: Slowking|Future Sight|p2a: Spectra
|-start|p1a: Slowking|move: Future Sight
|
|-heal|p1a: Slowking|74/100|[from] item: Black Sludge
|upkeep
|turn|2
|
|t:|1760760665
|move|p2a: Spectra|U-turn|p1a: Slowking
|-damage|p1a: Slowking|62/100
|
|t:|1760760668
|switch|p2a: Ripple|Floatzel, M|100/100|[from] U-turn
|move|p1a: Slowking|Trick|p2a: Ripple
|-activate|p1a: Slowking|move: Trick|[of] p2a: Ripple
|-item|p2a: Ripple|Black Sludge|[from] move: Trick
|-item|p1a: Slowking|Choice Band|[from] move: Trick
|
|-damage|p2a: Ripple|88/100|[from] item: Black Sludge
|upkeep
|turn|3
|
|t:|1760760676
|switch|p1a: Azumarill|Azumarill, M|100/100
|move|p2a: Ripple|Flip Turn|p1a: Azumarill
|-resisted|p1a: Azumarill
|-damage|p1a: Azumarill|85/100
|
|t:|1760760680
|switch|p2a: Gulliver|Pelipper, M|100/100|[from] Flip Turn
|-weather|RainDance|[from] ability: Drizzle|[of] p2a: Gulliver
|
|-weather|RainDance|[upkeep]
|-end|p2a: Gulliver|move: Future Sight
|-damage|p2a: Gulliver|42/100
|upkeep
|turn|4
|
|t:|1760760685
|move|p2a: Gulliver|U-turn|p1a: Azumarill
|-resisted|p1a: Azumarill
|-damage|p1a: Azumarill|81/100
|
|t:|1760760689
|switch|p2a: Joule|Kilowattrel, F|100/100|[from] U-turn
|move|p1a: Azumarill|Knock Off|p2a: Joule
|-damage|p2a: Joule|26/100
|-enditem|p2a: Joule|Choice Specs|[from] move: Knock Off|[of] p1a: Azumarill
|
|-weather|RainDance|[upkeep]
|upkeep
|turn|5
|
|t:|1760760694
|switch|p2a: Amanita|Amoonguss, F|100/100
|move|p1a: Azumarill|Aqua Jet|p2a: Amanita
|-resisted|p2a: Amanita
|-damage|p2a: Amanita|88/100
|-enditem|p2a: Amanita|Eject Button
|
|t:|1760760700
|switch|p2a: Spectra|Dragapult, F, shiny|100/100
|
|-weather|RainDance|[upkeep]
|upkeep
|turn|6
|
|t:|1760760707
|switch|p1a: Slowking|Slowking-Galar, M, shiny|95/100
|move|p2a: Spectra|Thunder|p1a: Slowking
|-damage|p1a: Slowking|57/100
|
|-weather|RainDance|[upkeep]
|upkeep
|turn|7
|
|t:|1760760714
|move|p2a: Spectra|Thunder|p1a: Slowking
|-damage|p1a: Slowking|18/100
|-status|p1a: Slowking|par
|-prepare|p1a: Slowking|Chilly Reception|[premajor]
|cant|p1a: Slowking|par
|
|-weather|RainDance|[upkeep]
|upkeep
|turn|8
|
|t:|1760760720
|switch|p2a: Ripple|Floatzel, M|88/100
|switch|p1a: Hippowdon|Hippowdon, M, shiny|100/100
|-weather|Sandstorm|[from] ability: Sand Stream|[of] p1a: Hippowdon
|
|-weather|Sandstorm|[upkeep]
|-damage|p2a: Ripple|82/100|[from] Sandstorm
|-damage|p2a: Ripple|70/100|[from] item: Black Sludge
|upkeep
|turn|9
|
|t:|1760760727
|move|p2a: Ripple|Flip Turn|p1a: Hippowdon
|-supereffective|p1a: Hippowdon
|-damage|p1a: Hippowdon|71/100
|-damage|p2a: Ripple|54/100|[from] item: Rocky Helmet|[of] p1a: Hippowdon
|
|t:|1760760730
|switch|p2a: Gulliver|Pelipper, M|42/100|[from] Flip Turn
|-weather|RainDance|[from] ability: Drizzle|[of] p2a: Gulliver
|move|p1a: Hippowdon|Stealth Rock|p2a: Gulliver
|-sidestart|p2: kate10956|move: Stealth Rock
|
|-weather|RainDance|[upkeep]
|upkeep
|turn|10
|
|t:|1760760738
|switch|p1a: Slowking|Slowking-Galar, M, shiny|51/100 par
|move|p2a: Gulliver|U-turn|p1a: Slowking
|-damage|p1a: Slowking|44/100 par
|
|t:|1760760741
|switch|p2a: Rivulet|Walking Wake|100/100|[from] U-turn
|-damage|p2a: Rivulet|88/100|[from] Stealth Rock
|
|-weather|RainDance|[upkeep]
|upkeep
|turn|11
|
|t:|1760760747
|-terastallize|p1a: Slowking|Water
|move|p2a: Rivulet|Surf|p1a: Slowking
|-resisted|p1a: Slowking
|-damage|p1a: Slowking|5/100 par
|-prepare|p1a: Slowking|Chilly Reception|[premajor]
|move|p1a: Slowking|Chilly Reception|p1a: Slowking
|-weather|Snowscape
|
|t:|1760760753
|switch|p1a: Hippowdon|Hippowdon, M, shiny|71/100|[from] Chilly Reception
|-weather|Sandstorm|[from] ability: Sand Stream|[of] p1a: Hippowdon
|
|-weather|Sandstorm|[upkeep]
|-damage|p2a: Rivulet|82/100|[from] Sandstorm
|upkeep
|turn|12
|
|t:|1760760757
|switch|p1a: Slowking|Slowking-Galar, M, shiny, tera:Water|39/100 par
|move|p2a: Rivulet|Surf|p1a: Slowking
|-resisted|p1a: Slowking
|-damage|p1a: Slowking|13/100 par
|
|-weather|Sandstorm|[upkeep]
|-damage|p2a: Rivulet|76/100|[from] Sandstorm
|-damage|p1a: Slowking|7/100 par|[from] Sandstorm
|upkeep
|turn|13
|
|t:|1760760763
|switch|p1a: Hydrapple|Hydrapple, M, shiny|100/100
|move|p2a: Rivulet|Surf|p1a: Hydrapple
|-resisted|p1a: Hydrapple
|-damage|p1a: Hydrapple|85/100
|
|-weather|Sandstorm|[upkeep]
|-damage|p2a: Rivulet|70/100|[from] Sandstorm
|-damage|p1a: Hydrapple|79/100|[from] Sandstorm
|upkeep
|turn|14
|
|t:|1760760770
|-end|p2a: Rivulet|Protosynthesis|[silent]
|switch|p2a: Amanita|Amoonguss, F|100/100
|-damage|p2a: Amanita|88/100|[from] Stealth Rock
|move|p1a: Hydrapple|Fickle Beam|p2a: Amanita|[anim] Fickle Beam All Out
|-activate|p1a: Hydrapple|move: Fickle Beam
|-damage|p2a: Amanita|10/100
|
|-weather|Sandstorm|[upkeep]
|-damage|p1a: Hydrapple|73/100|[from] Sandstorm
|-damage|p2a: Amanita|3/100|[from] Sandstorm
|upkeep
|turn|15
|
|t:|1760760776
|move|p1a: Hydrapple|Fickle Beam|p2a: Amanita
|-damage|p2a: Amanita|0 fnt
|faint|p2a: Amanita
|
|-weather|none
|upkeep
|
|t:|1760760782
|switch|p2a: Rivulet|Walking Wake|70/100
|-damage|p2a: Rivulet|57/100|[from] Stealth Rock
|turn|16
|
|t:|1760760788
|switch|p1a: Slowking|Slowking-Galar, M, shiny, tera:Water|40/100 par
|move|p2a: Rivulet|Flip Turn|p1a: Slowking
|-resisted|p1a: Slowking
|-damage|p1a: Slowking|35/100 par
|
|t:|1760760792
|-end|p2a: Rivulet|Protosynthesis|[silent]
|switch|p2a: Spectra|Dragapult, F, shiny|100/100|[from] Flip Turn
|-damage|p2a: Spectra|88/100|[from] Stealth Rock
|
|upkeep
|turn|17
|
|t:|1760760805
|move|p2a: Spectra|Draco Meteor|p1a: Slowking
|-damage|p1a: Slowking|0 fnt
|-unboost|p2a: Spectra|spa|2
|faint|p1a: Slowking
|
|upkeep
|
|t:|1760760825
|switch|p1a: Azumarill|Azumarill, M|81/100
|turn|18
|
|t:|1760760830
|switch|p2a: Gulliver|Pelipper, M|42/100
|-damage|p2a: Gulliver|17/100|[from] Stealth Rock
|-weather|RainDance|[from] ability: Drizzle|[of] p2a: Gulliver
|move|p1a: Azumarill|Knock Off|p2a: Gulliver
|-damage|p2a: Gulliver|0 fnt
|-enditem|p2a: Gulliver|Damp Rock|[from] move: Knock Off|[of] p1a: Azumarill
|faint|p2a: Gulliver
|
|-weather|RainDance|[upkeep]
|upkeep
|
|t:|1760760838
|switch|p2a: Spectra|Dragapult, F, shiny|88/100
|-damage|p2a: Spectra|76/100|[from] Stealth Rock
|turn|19
|
|t:|1760760844
|switch|p1a: Hippowdon|Hippowdon, M, shiny|71/100
|-weather|Sandstorm|[from] ability: Sand Stream|[of] p1a: Hippowdon
|move|p2a: Spectra|Shadow Ball|p1a: Hippowdon
|-damage|p1a: Hippowdon|19/100
|
|-weather|Sandstorm|[upkeep]
|-damage|p2a: Spectra|70/100|[from] Sandstorm
|upkeep
|turn|20
|
|t:|1760760856
|switch|p1a: Excadrill|Excadrill, M, shiny|100/100
|move|p2a: Spectra|Shadow Ball|p1a: Excadrill
|-damage|p1a: Excadrill|26/100
|-unboost|p1a: Excadrill|spd|1
|
|-weather|Sandstorm|[upkeep]
|-damage|p2a: Spectra|64/100|[from] Sandstorm
|upkeep
|turn|21
|
|t:|1760760869
|switch|p2a: Joule|Kilowattrel, F|26/100
|-damage|p2a: Joule|2/100|[from] Stealth Rock
|move|p1a: Excadrill|Earthquake|p2a: Joule
|-immune|p2a: Joule
|
|-weather|Sandstorm|[upkeep]
|-damage|p2a: Joule|0 fnt|[from] Sandstorm
|faint|p2a: Joule
|upkeep
|
|t:|1760760875
|switch|p2a: Ripple|Floatzel, M|54/100
|-damage|p2a: Ripple|41/100|[from] Stealth Rock
|turn|22
|
|t:|1760760884
|switch|p1a: Moltres|Moltres|100/100
|move|p2a: Ripple|Aqua Jet|p1a: Moltres
|-supereffective|p1a: Moltres
|-damage|p1a: Moltres|73/100
|
|-weather|Sandstorm|[upkeep]
|-damage|p2a: Ripple|35/100|[from] Sandstorm
|-damage|p1a: Moltres|67/100|[from] Sandstorm
|-damage|p2a: Ripple|23/100|[from] item: Black Sludge
|upkeep
|turn|23
|
|t:|1760760888
|move|p2a: Ripple|Flip Turn|p1a: Moltres
|-supereffective|p1a: Moltres
|-damage|p1a: Moltres|27/100
|
|t:|1760760892
|switch|p2a: Rivulet|Walking Wake|57/100|[from] Flip Turn
|-damage|p2a: Rivulet|45/100|[from] Stealth Rock
|move|p1a: Moltres|Roost|p1a: Moltres
|-heal|p1a: Moltres|77/100
|-singleturn|p1a: Moltres|move: Roost
|
|-weather|none
|upkeep
|turn|24
|
|t:|1760760901
|move|p2a: Rivulet|Flip Turn|p1a: Moltres
|-supereffective|p1a: Moltres
|-crit|p1a: Moltres
|-damage|p1a: Moltres|45/100
|
|t:|1760760904
|-end|p2a: Rivulet|Protosynthesis|[silent]
|switch|p2a: Spectra|Dragapult, F, shiny|64/100|[from] Flip Turn
|-damage|p2a: Spectra|52/100|[from] Stealth Rock
|move|p1a: Moltres|Flamethrower|p2a: Spectra
|-resisted|p2a: Spectra
|-damage|p2a: Spectra|24/100
|
|upkeep
|turn|25
|
|t:|1760760911
|move|p2a: Spectra|Shadow Ball|p1a: Moltres
|-damage|p1a: Moltres|0 fnt
|faint|p1a: Moltres
|
|upkeep
|
|t:|1760760928
|switch|p1a: Azumarill|Azumarill, M|81/100
|turn|26
|
|t:|1760760931
|move|p1a: Azumarill|Aqua Jet|p2a: Spectra
|-resisted|p2a: Spectra
|-damage|p2a: Spectra|6/100
|move|p2a: Spectra|Shadow Ball|p1a: Azumarill
|-damage|p1a: Azumarill|45/100
|
|upkeep
|turn|27
|
|t:|1760760939
|switch|p2a: Rivulet|Walking Wake|45/100
|-damage|p2a: Rivulet|32/100|[from] Stealth Rock
|move|p1a: Azumarill|Aqua Jet|p2a: Rivulet
|-resisted|p2a: Rivulet
|-damage|p2a: Rivulet|26/100
|
|upkeep
|turn|28
|
|t:|1760760954
|switch|p1a: Hydrapple|Hydrapple, M, shiny|100/100
|move|p2a: Rivulet|Hurricane|p1a: Hydrapple
|-supereffective|p1a: Hydrapple
|-damage|p1a: Hydrapple|0 fnt
|faint|p1a: Hydrapple
|
|upkeep
|
|t:|1760760959
|switch|p1a: Hippowdon|Hippowdon, M, shiny|19/100
|-weather|Sandstorm|[from] ability: Sand Stream|[of] p1a: Hippowdon
|turn|29
|
|t:|1760760964
|switch|p1a: Azumarill|Azumarill, M|45/100
|move|p2a: Rivulet|Hurricane|p1a: Azumarill
|-damage|p1a: Azumarill|6/100
|
|-weather|Sandstorm|[upkeep]
|-damage|p2a: Rivulet|19/100|[from] Sandstorm
|-damage|p1a: Azumarill|0 fnt|[from] Sandstorm
|faint|p1a: Azumarill
|upkeep
|
|t:|1760760966
|switch|p1a: Excadrill|Excadrill, M, shiny|26/100
|turn|30
|
|t:|1760760970
|-end|p2a: Rivulet|Protosynthesis|[silent]
|switch|p2a: Spectra|Dragapult, F, shiny|6/100
|-damage|p2a: Spectra|0 fnt|[from] Stealth Rock
|faint|p2a: Spectra
|move|p1a: Excadrill|Earthquake|p2: Spectra|[notarget]
|-fail|p1a: Excadrill
|
|-weather|Sandstorm|[upkeep]
|upkeep
|
|t:|1760760973
|switch|p2a: Ripple|Floatzel, M|23/100
|-damage|p2a: Ripple|11/100|[from] Stealth Rock
|turn|31
|
|t:|1760760977
|switch|p1a: Hippowdon|Hippowdon, M, shiny|19/100
|move|p2a: Ripple|Aqua Jet|p1a: Hippowdon
|-supereffective|p1a: Hippowdon
|-damage|p1a: Hippowdon|0 fnt
|-damage|p2a: Ripple|0 fnt|[from] item: Rocky Helmet|[of] p1a: Hippowdon
|faint|p1a: Hippowdon
|faint|p2a: Ripple
|
|-weather|Sandstorm|[upkeep]
|upkeep
|
|t:|1760760983
|switch|p2a: Rivulet|Walking Wake|19/100
|switch|p1a: Excadrill|Excadrill, M, shiny|26/100
|-damage|p2a: Rivulet|7/100|[from] Stealth Rock
|turn|32
|
|t:|1760760986
|-terastallize|p2a: Rivulet|Flying
|move|p1a: Excadrill|Earthquake|p2a: Rivulet
|-immune|p2a: Rivulet
|move|p2a: Rivulet|Surf|p1a: Excadrill
|-supereffective|p1a: Excadrill
|-damage|p1a: Excadrill|0 fnt
|faint|p1a: Excadrill
|
|win|kate10956
|raw|tintin1010's rating: 1192 &rarr; <strong>1172</strong><br />(-20 for losing)
|raw|kate10956's rating: 1258 &rarr; <strong>1278</strong><br />(+20 for winning)
|l|☆tintin1010
|player|p1|
|l|☆kate10956
|player|p2|
