|j|☆Sorrow Farmer
|j|☆mightynoctowl
|t:|1760880550
|gametype|singles
|player|p1|Sorrow Farmer|miku-flying|1232
|player|p2|mightynoctowl|102|1288
|gen|9
|tier|[Gen 9] OU
|rated|
|rule|HP Percentage Mod: HP is shown in percentages
|rule|Endless Battle Clause: Forcing endless battles is banned
|rule|Species Clause: Limit one of each Pokémon
|rule|OHKO Clause: OHKO moves are banned
|rule|Evasion Items Clause: Evasion items are banned
|rule|Evasion Moves Clause: Evasion moves are banned
|rule|Evasion Abilities Clause: Evasion abilities are banned
|rule|Sleep Moves Clause: Sleep-inducing moves are banned
|clearpoke
|poke|p1|Tornadus, M|
|poke|p1|Toxtricity, M|
|poke|p1|Iron Valiant|
|poke|p1|Arcanine-Hisui, M|
|poke|p1|Brambleghast, M|
|poke|p1|Hydreigon, M|
|poke|p2|Moltres|
|poke|p2|Chansey, F|
|poke|p2|Clefable, M|
|poke|p2|Sandslash, F|
|poke|p2|Vileplume, M|
|poke|p2|Jolteon, M|
|teampreview
|inactive|Battle timer is ON: inactive players will automatically lose when time's up. (requested by mightynoctowl)
|inactive|Sorrow Farmer also wants the timer to be on.
|
|t:|1760880566
|teamsize|p1|6
|teamsize|p2|6
|start
|switch|p1a: Hydreigon|Hydreigon, M, shiny|100/100
|switch|p2a: Sandslash|Sandslash, F|100/100
|turn|1
|
|t:|1760880574
|switch|p2a: Chansey|Chansey, F|100/100
|move|p1a: Hydreigon|Taunt|p2a: Chansey
|-start|p2a: Chansey|move: Taunt
|
|upkeep
|turn|2
|
|t:|1760880581
|move|p1a: Hydreigon|Tailwind|p1a: Hydreigon
|-sidestart|p1: Sorrow Farmer|move: Tailwind
|move|p2a: Chansey|Seismic Toss|p1a: Hydreigon
|-damage|p1a: Hydreigon|70/100
|
|upkeep
|turn|3
|
|t:|1760880586
|switch|p1a: Brambleghast|Brambleghast, M, shiny|100/100
|-ability|p1a: Brambleghast|Wind Rider|boost
|-boost|p1a: Brambleghast|atk|1
|move|p2a: Chansey|Seismic Toss|p1a: Brambleghast
|-immune|p1a: Brambleghast
|
|-end|p2a: Chansey|move: Taunt
|upkeep
|turn|4
|
|t:|1760880599
|switch|p2a: Moltres|Moltres|100/100
|move|p1a: Brambleghast|Power Whip|p2a: Moltres
|-resisted|p2a: Moltres
|-damage|p2a: Moltres|78/100
|-status|p1a: Brambleghast|brn|[from] ability: Flame Body|[of] p2a: Moltres
|-damage|p1a: Brambleghast|91/100 brn|[from] item: Life Orb
|
|-damage|p1a: Brambleghast|85/100 brn|[from] brn
|upkeep
|turn|5
|
|t:|1760880607
|move|p1a: Brambleghast|Poltergeist|p2a: Moltres
|-activate|p2a: Moltres|move: Poltergeist|Heavy-Duty Boots
|-damage|p2a: Moltres|36/100
|-damage|p1a: Brambleghast|75/100 brn|[from] item: Life Orb
|move|p2a: Moltres|U-turn|p1a: Brambleghast
|-damage|p1a: Brambleghast|48/100 brn
|
|t:|1760880614
|switch|p2a: Vileplume|Vileplume, M|100/100|[from] U-turn
|
|-damage|p1a: Brambleghast|42/100 brn|[from] brn
|-sideend|p1: Sorrow Farmer|move: Tailwind
|upkeep
|turn|6
|
|t:|1760880621
|move|p1a: Brambleghast|Poltergeist|p2a: Vileplume
|-activate|p2a: Vileplume|move: Poltergeist|Leftovers
|-damage|p2a: Vileplume|55/100
|-damage|p1a: Brambleghast|32/100 brn|[from] item: Life Orb
|move|p2a: Vileplume|Sludge Bomb|p1a: Brambleghast
|-damage|p1a: Brambleghast|0 fnt
|faint|p1a: Brambleghast
|
|-heal|p2a: Vileplume|61/100|[from] item: Leftovers
|upkeep
|
|t:|1760880627
|switch|p1a: Tornadus|Tornadus, M, shiny|100/100
|turn|7
|
|t:|1760880638
|switch|p2a: Jolteon|Jolteon, M|100/100
|move|p1a: Tornadus|Hurricane|p2a: Jolteon|[miss]
|-miss|p1a: Tornadus|p2a: Jolteon
|
|upkeep
|turn|8
|
|t:|1760880645
|switch|p1a: Hydreigon|Hydreigon, M, shiny|70/100
|move|p2a: Jolteon|Volt Switch|p1a: Hydreigon
|-resisted|p1a: Hydreigon
|-damage|p1a: Hydreigon|51/100
|
|t:|1760880656
|switch|p2a: Chansey|Chansey, F|100/100|[from] Volt Switch
|
|upkeep
|turn|9
|
|t:|1760880664
|move|p1a: Hydreigon|Taunt|p2a: Chansey
|-start|p2a: Chansey|move: Taunt
|cant|p2a: Chansey|move: Taunt|Stealth Rock
|
|upkeep
|turn|10
|
|t:|1760880673
|move|p1a: Hydreigon|Tailwind|p1a: Hydreigon
|-sidestart|p1: Sorrow Farmer|move: Tailwind
|move|p2a: Chansey|Seismic Toss|p1a: Hydreigon
|-damage|p1a: Hydreigon|20/100
|
|upkeep
|turn|11
|
|t:|1760880688
|move|p1a: Hydreigon|Draco Meteor|p2a: Chansey
|-damage|p2a: Chansey|82/100
|-unboost|p1a: Hydreigon|spa|2
|-enditem|p1a: Hydreigon|Eject Pack
|
|t:|1760880692
|switch|p1a: Arcanine|Arcanine-Hisui, M, shiny|100/100
|move|p2a: Chansey|Seismic Toss|p1a: Arcanine
|-damage|p1a: Arcanine|70/100
|
|-end|p2a: Chansey|move: Taunt
|upkeep
|turn|12
|
|t:|1760880701
|switch|p2a: Sandslash|Sandslash, F|100/100
|move|p1a: Arcanine|Double-Edge|p2a: Sandslash
|-damage|p2a: Sandslash|62/100
|
|-heal|p2a: Sandslash|68/100|[from] item: Leftovers
|upkeep
|turn|13
|
|t:|1760880710
|switch|p1a: Tornadus|Tornadus, M, shiny|100/100
|move|p2a: Sandslash|Spikes|p1a: Tornadus
|-sidestart|p1: Sorrow Farmer|Spikes
|
|-heal|p2a: Sandslash|74/100|[from] item: Leftovers
|-sideend|p1: Sorrow Farmer|move: Tailwind
|upkeep
|turn|14
|
|t:|1760880718
|switch|p2a: Chansey|Chansey, F|82/100
|move|p1a: Tornadus|Tailwind|p1a: Tornadus
|-sidestart|p1: Sorrow Farmer|move: Tailwind
|
|upkeep
|turn|15
|
|t:|1760880725
|move|p1a: Tornadus|Taunt|p2a: Chansey
|-start|p2a: Chansey|move: Taunt
|cant|p2a: Chansey|move: Taunt|Stealth Rock
|
|upkeep
|turn|16
|
|t:|1760880730
|switch|p1a: Arcanine|Arcanine-Hisui, M, shiny|70/100
|-damage|p1a: Arcanine|58/100|[from] Spikes
|move|p2a: Chansey|Seismic Toss|p1a: Arcanine
|-damage|p1a: Arcanine|28/100
|
|upkeep
|turn|17
|
|t:|1760880739
|switch|p2a: Sandslash|Sandslash, F|74/100
|move|p1a: Arcanine|Flare Blitz|p2a: Sandslash
|-damage|p2a: Sandslash|16/100
|
|-heal|p2a: Sandslash|23/100|[from] item: Leftovers
|-sideend|p1: Sorrow Farmer|move: Tailwind
|upkeep
|turn|18
|
|t:|1760880747
|switch|p2a: Moltres|Moltres|36/100
|move|p1a: Arcanine|Flare Blitz|p2a: Moltres
|-resisted|p2a: Moltres
|-damage|p2a: Moltres|9/100
|
|upkeep
|turn|19
|
|t:|1760880753
|move|p1a: Arcanine|Flare Blitz|p2a: Moltres
|-resisted|p2a: Moltres
|-damage|p2a: Moltres|0 fnt
|faint|p2a: Moltres
|
|upkeep
|
|t:|1760880757
|switch|p2a: Jolteon|Jolteon, M|100/100
|turn|20
|
|t:|1760880761
|switch|p1a: Toxtricity|Toxtricity, M, shiny|100/100
|-damage|p1a: Toxtricity|88/100|[from] Spikes
|move|p2a: Jolteon|Thunderbolt|p1a: Toxtricity
|-resisted|p1a: Toxtricity
|-damage|p1a: Toxtricity|54/100
|
|upkeep
|turn|21
|
|t:|1760880768
|switch|p2a: Chansey|Chansey, F|82/100
|move|p1a: Toxtricity|Boomburst|p2a: Chansey
|-damage|p2a: Chansey|58/100
|
|upkeep
|turn|22
|
|t:|1760880773
|switch|p1a: Hydreigon|Hydreigon, M, shiny|20/100
|move|p2a: Chansey|Stealth Rock|p1a: Hydreigon
|-sidestart|p1: Sorrow Farmer|move: Stealth Rock
|
|upkeep
|turn|23
|
|t:|1760880778
|move|p1a: Hydreigon|Stealth Rock|p2a: Chansey
|-sidestart|p2: mightynoctowl|move: Stealth Rock
|move|p2a: Chansey|Seismic Toss|p1a: Hydreigon
|-damage|p1a: Hydreigon|0 fnt
|faint|p1a: Hydreigon
|
|upkeep
|
|t:|1760880784
|switch|p1a: Tornadus|Tornadus, M, shiny|100/100
|-damage|p1a: Tornadus|76/100|[from] Stealth Rock
|turn|24
|
|t:|1760880790
|move|p1a: Tornadus|Tailwind|p1a: Tornadus
|-sidestart|p1: Sorrow Farmer|move: Tailwind
|move|p2a: Chansey|Thunder Wave|p1a: Tornadus
|-status|p1a: Tornadus|par
|
|upkeep
|turn|25
|
|t:|1760880800
|switch|p1a: Arcanine|Arcanine-Hisui, M, shiny|28/100
|-damage|p1a: Arcanine|15/100|[from] Spikes
|-damage|p1a: Arcanine|0 fnt|[from] Stealth Rock
|faint|p1a: Arcanine
|move|p2a: Chansey|Seismic Toss|p1: Arcanine|[notarget]
|-fail|p2a: Chansey
|
|upkeep
|
|t:|1760880805
|switch|p1a: Iron Valiant|Iron Valiant, shiny|100/100
|-damage|p1a: Iron Valiant|88/100|[from] Spikes
|-damage|p1a: Iron Valiant|82/100|[from] Stealth Rock
|turn|26
|-message|Sorrow Farmer forfeited.
|
|win|mightynoctowl
|raw|Sorrow Farmer's rating: 1232 &rarr; <strong>1211</strong><br />(-21 for losing)
|raw|mightynoctowl's rating: 1288 &rarr; <strong>1309</strong><br />(+21 for winning)
|l|☆Sorrow Farmer
|player|p1|
|l|☆mightynoctowl
|player|p2|
