|badge|p1|bronze|gen9ou|100-7
|uhtml|medal-msg|<div class="broadcast-blue">Curious what those medals under the avatar are? PS now has Ladder Seasons! For more information, check out the <a href="https://www.smogon.com/forums/threads/3740067/">thread on Smogon.</a></div>
|j|☆Ctannn
|j|☆StarChewer
|t:|1760863134
|gametype|singles
|player|p1|Ctannn|101|1855
|player|p2|StarChewer|lusamine-nihilego|1797
|gen|9
|tier|[Gen 9] OU
|rated|
|rule|HP Percentage Mod: HP is shown in percentages
|rule|Endless Battle Clause: Forcing endless battles is banned
|rule|Species Clause: Limit one of each Pokémon
|rule|OHKO Clause: OHKO moves are banned
|rule|Evasion Items Clause: Evasion items are banned
|rule|Evasion Moves Clause: Evasion moves are banned
|rule|Evasion Abilities Clause: Evasion abilities are banned
|rule|Sleep Moves Clause: Sleep-inducing moves are banned
|clearpoke
|poke|p1|Rillaboom, F|
|poke|p1|Garganacl, M|
|poke|p1|Cinderace, M|
|poke|p1|Raging Bolt|
|poke|p1|Slowking-Galar, M|
|poke|p1|Landorus-Therian, M|
|poke|p2|Dragapult, M|
|poke|p2|Glimmora, F|
|poke|p2|Kingambit, M|
|poke|p2|Serperior, F|
|poke|p2|Zamazenta-*|
|poke|p2|Slowking-Galar, F|
|teampreview
|inactive|Battle timer is ON: inactive players will automatically lose when time's up. (requested by StarChewer)
|
|t:|1760863143
|teamsize|p1|6
|teamsize|p2|6
|start
|switch|p1a: Slowking|Slowking-Galar, M|100/100
|switch|p2a: Medusa|Serperior, F, shiny|100/100
|turn|1
|
|t:|1760863148
|switch|p2a: Bubonic|Dragapult, M, shiny|100/100
|switch|p1a: Raging Bolt|Raging Bolt|100/100
|
|upkeep
|turn|2
|
|t:|1760863151
|switch|p2a: GlowUp|Slowking-Galar, F|100/100
|-end|p1a: Raging Bolt|Protosynthesis|[silent]
|switch|p1a: Garganacl|Garganacl, M|100/100
|
|upkeep
|turn|3
|
|t:|1760863157
|switch|p2a: Asbestos|Glimmora, F, shiny|100/100
|move|p1a: Garganacl|Curse|p1a: Garganacl
|-unboost|p1a: Garganacl|spe|1
|-boost|p1a: Garganacl|atk|1
|-boost|p1a: Garganacl|def|1
|
|upkeep
|turn|4
|j| arandomenglishname
|
|t:|1760863161
|move|p2a: Asbestos|Earth Power|p1a: Garganacl
|-supereffective|p1a: Garganacl
|-damage|p1a: Garganacl|63/100
|move|p1a: Garganacl|Salt Cure|p2a: Asbestos
|-damage|p2a: Asbestos|77/100
|-start|p2a: Asbestos|Salt Cure
|-activate|p2a: Asbestos|ability: Toxic Debris
|-sidestart|p1: Ctannn|move: Toxic Spikes
|-enditem|p2a: Asbestos|Red Card|[of] p1a: Garganacl
|drag|p1a: Rillaboom|Rillaboom, F|100/100
|-status|p1a: Rillaboom|psn
|-fieldstart|move: Grassy Terrain|[from] ability: Grassy Surge|[of] p1a: Rillaboom
|
|-heal|p2a: Asbestos|83/100|[from] Grassy Terrain
|-damage|p1a: Rillaboom|88/100 psn|[from] psn
|-damage|p2a: Asbestos|71/100|[from] Salt Cure
|upkeep
|turn|5
|
|t:|1760863173
|switch|p2a: Medusa|Serperior, F, shiny|100/100
|switch|p1a: Garganacl|Garganacl, M|63/100
|
|-heal|p1a: Garganacl|69/100|[from] Grassy Terrain
|-heal|p1a: Garganacl|75/100|[from] item: Leftovers
|upkeep
|turn|6
|
|t:|1760863182
|move|p1a: Garganacl|Protect|p1a: Garganacl
|-singleturn|p1a: Garganacl|Protect
|move|p2a: Medusa|Substitute|p2a: Medusa
|-start|p2a: Medusa|Substitute
|-damage|p2a: Medusa|76/100
|
|-heal|p2a: Medusa|82/100|[from] Grassy Terrain
|-heal|p2a: Medusa|88/100|[from] item: Leftovers
|-heal|p1a: Garganacl|81/100|[from] Grassy Terrain
|-heal|p1a: Garganacl|88/100|[from] item: Leftovers
|upkeep
|turn|7
|j| nacht556
|
|t:|1760863203
|switch|p1a: Slowking|Slowking-Galar, M|100/100
|-sideend|p1: Ctannn|move: Toxic Spikes|[of] p1a: Slowking
|move|p2a: Medusa|Leaf Storm|p1a: Slowking|[miss]
|-miss|p2a: Medusa|p1a: Slowking
|
|-heal|p2a: Medusa|94/100|[from] Grassy Terrain
|-heal|p2a: Medusa|100/100|[from] item: Leftovers
|upkeep
|turn|8
|l| arandomenglishname
|
|t:|1760863209
|move|p2a: Medusa|Leech Seed|p1a: Slowking
|-start|p1a: Slowking|move: Leech Seed
|move|p1a: Slowking|Future Sight|p2a: Medusa
|-start|p1a: Slowking|move: Future Sight
|
|-damage|p1a: Slowking|88/100|[from] Leech Seed|[of] p2a: Medusa
|-fieldend|move: Grassy Terrain
|upkeep
|turn|9
|
|t:|1760863213
|move|p2a: Medusa|Glare|p1a: Slowking
|-status|p1a: Slowking|par
|-prepare|p1a: Slowking|Chilly Reception|[premajor]
|cant|p1a: Slowking|par
|
|-damage|p1a: Slowking|76/100 par|[from] Leech Seed|[of] p2a: Medusa
|upkeep
|turn|10
|
|t:|1760863219
|move|p2a: Medusa|Leaf Storm|p1a: Slowking
|-resisted|p1a: Slowking
|-damage|p1a: Slowking|57/100 par
|-boost|p2a: Medusa|spa|2
|-prepare|p1a: Slowking|Chilly Reception|[premajor]
|move|p1a: Slowking|Chilly Reception|p1a: Slowking
|-weather|Snowscape
|
|t:|1760863226
|switch|p1a: Cinderace|Cinderace, M|100/100|[from] Chilly Reception
|
|-weather|Snowscape|[upkeep]
|-end|p2a: Medusa|move: Future Sight
|-end|p2a: Medusa|Substitute
|upkeep
|turn|11
|
|t:|1760863229
|switch|p2a: Asbestos|Glimmora, F, shiny|71/100
|move|p1a: Cinderace|High Jump Kick|p2a: Asbestos|[miss]
|-start|p1a: Cinderace|typechange|Fighting|[from] ability: Libero
|-miss|p1a: Cinderace|p2a: Asbestos
|-damage|p1a: Cinderace|51/100|[from] highjumpkick
|
|-weather|Snowscape|[upkeep]
|upkeep
|turn|12
|
|t:|1760863238
|switch|p2a: Bubonic|Dragapult, M, shiny|100/100
|move|p1a: Cinderace|High Jump Kick|p2a: Bubonic
|-immune|p2a: Bubonic
|-damage|p1a: Cinderace|1/100|[from] highjumpkick
|
|-weather|Snowscape|[upkeep]
|upkeep
|turn|13
|
|t:|1760863247
|switch|p1a: Slowking|Slowking-Galar, M|91/100 par
|move|p2a: Bubonic|Hex|p1a: Slowking
|-supereffective|p1a: Slowking
|-damage|p1a: Slowking|2/100 par
|
|-weather|Snowscape|[upkeep]
|upkeep
|turn|14
|
|t:|1760863255
|switch|p2a: Asbestos|Glimmora, F, shiny|71/100
|switch|p1a: Garganacl|Garganacl, M|88/100
|
|-weather|none
|-heal|p1a: Garganacl|94/100|[from] item: Leftovers
|upkeep
|turn|15
|
|t:|1760863261
|move|p2a: Asbestos|Earth Power|p1a: Garganacl
|-supereffective|p1a: Garganacl
|-damage|p1a: Garganacl|49/100
|move|p1a: Garganacl|Salt Cure|p2a: Asbestos
|-damage|p2a: Asbestos|54/100
|-start|p2a: Asbestos|Salt Cure
|-activate|p2a: Asbestos|ability: Toxic Debris
|-sidestart|p1: Ctannn|move: Toxic Spikes
|
|-heal|p1a: Garganacl|55/100|[from] item: Leftovers
|-damage|p2a: Asbestos|42/100|[from] Salt Cure
|upkeep
|turn|16
|
|t:|1760863268
|switch|p2a: Medusa|Serperior, F, shiny|100/100
|move|p1a: Garganacl|Recover|p1a: Garganacl
|-heal|p1a: Garganacl|100/100
|
|upkeep
|turn|17
|
|t:|1760863273
|switch|p1a: Raging Bolt|Raging Bolt|100/100
|-status|p1a: Raging Bolt|psn
|move|p2a: Medusa|Substitute|p2a: Medusa
|-start|p2a: Medusa|Substitute
|-damage|p2a: Medusa|76/100
|
|-heal|p2a: Medusa|82/100|[from] item: Leftovers
|-damage|p1a: Raging Bolt|88/100 psn|[from] psn
|upkeep
|turn|18
|
|t:|1760863276
|move|p2a: Medusa|Leech Seed|p1a: Raging Bolt
|-start|p1a: Raging Bolt|move: Leech Seed
|move|p1a: Raging Bolt|Volt Switch|p2a: Medusa
|-resisted|p2a: Medusa
|-end|p2a: Medusa|Substitute
|
|t:|1760863278
|-end|p1a: Raging Bolt|Protosynthesis|[silent]
|switch|p1a: Cinderace|Cinderace, M|1/100|[from] Volt Switch
|
|-heal|p2a: Medusa|88/100|[from] item: Leftovers
|upkeep
|turn|19
|
|t:|1760863281
|switch|p2a: Bubonic|Dragapult, M, shiny|100/100
|move|p1a: Cinderace|Court Change|p1a: Cinderace
|-start|p1a: Cinderace|typechange|Normal|[from] ability: Libero
|-swapsideconditions
|-activate|p1a: Cinderace|move: Court Change
|
|upkeep
|turn|20
|
|t:|1760863286
|switch|p1a: Slowking|Slowking-Galar, M|35/100 par
|move|p2a: Bubonic|Draco Meteor|p1a: Slowking
|-damage|p1a: Slowking|0 fnt
|-unboost|p2a: Bubonic|spa|2
|faint|p1a: Slowking
|
|upkeep
|
|t:|1760863300
|switch|p1a: Rillaboom|Rillaboom, F|88/100 psn
|-fieldstart|move: Grassy Terrain|[from] ability: Grassy Surge|[of] p1a: Rillaboom
|turn|21
|j| chosenamename
|
|t:|1760863306
|switch|p2a: Asbestos|Glimmora, F, shiny|42/100
|-sideend|p2: StarChewer|move: Toxic Spikes|[of] p2a: Asbestos
|move|p1a: Rillaboom|Swords Dance|p1a: Rillaboom
|-boost|p1a: Rillaboom|atk|2
|
|-heal|p2a: Asbestos|48/100|[from] Grassy Terrain
|-heal|p1a: Rillaboom|94/100 psn|[from] Grassy Terrain
|-damage|p1a: Rillaboom|82/100 psn|[from] psn
|upkeep
|turn|22
|
|t:|1760863315
|move|p1a: Rillaboom|Grassy Glide|p2a: Asbestos
|-damage|p2a: Asbestos|0 fnt
|-activate|p2a: Asbestos|ability: Toxic Debris
|-sidestart|p1: Ctannn|move: Toxic Spikes
|faint|p2a: Asbestos
|
|-heal|p1a: Rillaboom|88/100 psn|[from] Grassy Terrain
|-damage|p1a: Rillaboom|76/100 psn|[from] psn
|upkeep
|
|t:|1760863331
|switch|p2a: DogeCoin|Zamazenta|100/100
|-ability|p2a: DogeCoin|Dauntless Shield|boost
|-boost|p2a: DogeCoin|def|1
|turn|23
|j| 3idk
|
|t:|1760863336
|move|p2a: DogeCoin|Iron Defense|p2a: DogeCoin
|-boost|p2a: DogeCoin|def|2
|move|p1a: Rillaboom|Wood Hammer|p2a: DogeCoin
|-damage|p2a: DogeCoin|42/100
|-damage|p1a: Rillaboom|54/100 psn|[from] Recoil
|
|-heal|p2a: DogeCoin|48/100|[from] Grassy Terrain
|-heal|p2a: DogeCoin|54/100|[from] item: Leftovers
|-heal|p1a: Rillaboom|61/100 psn|[from] Grassy Terrain
|-damage|p1a: Rillaboom|48/100 psn|[from] psn
|upkeep
|turn|24
|j| wgw2333
|j| Mr.villains
|
|t:|1760863341
|switch|p1a: Landorus|Landorus-Therian, M|100/100
|-ability|p1a: Landorus|Intimidate|boost
|-unboost|p2a: DogeCoin|atk|1
|move|p2a: DogeCoin|Iron Defense|p2a: DogeCoin
|-boost|p2a: DogeCoin|def|2
|
|-heal|p2a: DogeCoin|60/100|[from] Grassy Terrain
|-heal|p2a: DogeCoin|66/100|[from] item: Leftovers
|upkeep
|turn|25
|
|t:|1760863349
|move|p2a: DogeCoin|Protect|p2a: DogeCoin
|-singleturn|p2a: DogeCoin|Protect
|move|p1a: Landorus|U-turn|p2a: DogeCoin
|-activate|p2a: DogeCoin|move: Protect
|
|-heal|p2a: DogeCoin|72/100|[from] Grassy Terrain
|-heal|p2a: DogeCoin|78/100|[from] item: Leftovers
|-fieldend|move: Grassy Terrain
|upkeep
|turn|26
|
|t:|1760863357
|move|p2a: DogeCoin|Iron Defense|p2a: DogeCoin
|-boost|p2a: DogeCoin|def|1
|move|p1a: Landorus|Stealth Rock|p2a: DogeCoin
|-sidestart|p2: StarChewer|move: Stealth Rock
|
|-heal|p2a: DogeCoin|84/100|[from] item: Leftovers
|upkeep
|turn|27
|
|t:|1760863361
|move|p2a: DogeCoin|Protect|p2a: DogeCoin
|-singleturn|p2a: DogeCoin|Protect
|move|p1a: Landorus|U-turn|p2a: DogeCoin
|-activate|p2a: DogeCoin|move: Protect
|
|-heal|p2a: DogeCoin|90/100|[from] item: Leftovers
|upkeep
|turn|28
|
|t:|1760863363
|move|p2a: DogeCoin|Body Press|p1a: Landorus
|-resisted|p1a: Landorus
|-damage|p1a: Landorus|50/100
|-damage|p2a: DogeCoin|74/100|[from] item: Rocky Helmet|[of] p1a: Landorus
|move|p1a: Landorus|U-turn|p2a: DogeCoin
|-resisted|p2a: DogeCoin
|-damage|p2a: DogeCoin|72/100
|
|t:|1760863369
|switch|p1a: Raging Bolt|Raging Bolt|88/100 psn|[from] U-turn
|
|-heal|p2a: DogeCoin|78/100|[from] item: Leftovers
|-damage|p1a: Raging Bolt|76/100 psn|[from] psn
|upkeep
|turn|29
|
|t:|1760863372
|move|p2a: DogeCoin|Protect|p2a: DogeCoin
|-singleturn|p2a: DogeCoin|Protect
|move|p1a: Raging Bolt|Thunderbolt|p2a: DogeCoin
|-activate|p2a: DogeCoin|move: Protect
|
|-heal|p2a: DogeCoin|84/100|[from] item: Leftovers
|-damage|p1a: Raging Bolt|64/100 psn|[from] psn
|upkeep
|turn|30
|
|t:|1760863374
|-terastallize|p1a: Raging Bolt|Fairy
|move|p2a: DogeCoin|Body Press|p1a: Raging Bolt
|-resisted|p1a: Raging Bolt
|-damage|p1a: Raging Bolt|1/100 psn
|move|p1a: Raging Bolt|Thunderbolt|p2a: DogeCoin
|-damage|p2a: DogeCoin|18/100
|
|-heal|p2a: DogeCoin|24/100|[from] item: Leftovers
|-damage|p1a: Raging Bolt|0 fnt|[from] psn
|faint|p1a: Raging Bolt
|-end|p1a: Raging Bolt|Protosynthesis|[silent]
|upkeep
|j| jsnsddk
|-message|Ctannn forfeited.
|
|win|StarChewer
|raw|Ctannn's rating: 1855 &rarr; <strong>1832</strong><br />(-23 for losing)
|raw|StarChewer's rating: 1797 &rarr; <strong>1820</strong><br />(+23 for winning)
|l|☆Ctannn
|player|p1|
|l| nacht556
