|j|☆kaboch kaban
|j|‽Lord Spink
|t:|1760784659
|gametype|singles
|player|p1|kaboch kaban|benga|1339
|player|p2|Lord Spink|clown|1345
|gen|9
|tier|[Gen 9] OU
|rated|
|rule|HP Percentage Mod: HP is shown in percentages
|rule|Endless Battle Clause: Forcing endless battles is banned
|rule|Species Clause: Limit one of each Pokémon
|rule|OHKO Clause: OHKO moves are banned
|rule|Evasion Items Clause: Evasion items are banned
|rule|Evasion Moves Clause: Evasion moves are banned
|rule|Evasion Abilities Clause: Evasion abilities are banned
|rule|Sleep Moves Clause: Sleep-inducing moves are banned
|clearpoke
|poke|p1|Raging Bolt|
|poke|p1|Landorus-Therian, M|
|poke|p1|Slowking-Galar, F|
|poke|p1|Zamazenta-*|
|poke|p1|Great Tusk|
|poke|p1|Ogerpon-Wellspring, F|
|poke|p2|Arcanine, M|
|poke|p2|Glimmora, F|
|poke|p2|Garchomp, M|
|poke|p2|Wo-Chien|
|poke|p2|Quaquaval, F|
|poke|p2|Vikavolt, F|
|teampreview
|inactive|Battle timer is ON: inactive players will automatically lose when time's up. (requested by Lord Spink)
|inactive|kaboch kaban has 120 seconds left.
|
|t:|1760784695
|teamsize|p1|6
|teamsize|p2|6
|start
|switch|p1a: Landorus|Landorus-Therian, M|100/100
|switch|p2a: Vikavolt|Vikavolt, F|100/100
|-ability|p1a: Landorus|Intimidate|boost
|-unboost|p2a: Vikavolt|atk|1
|turn|1
|
|t:|1760784707
|switch|p2a: Garchomp|Garchomp, M|100/100
|move|p1a: Landorus|Earth Power|p2a: Garchomp
|-damage|p2a: Garchomp|68/100
|
|upkeep
|turn|2
|
|t:|1760784717
|move|p2a: Garchomp|Stealth Rock|p1a: Landorus
|-sidestart|p1: kaboch kaban|move: Stealth Rock
|move|p1a: Landorus|Stealth Rock|p2a: Garchomp
|-sidestart|p2: Lord Spink|move: Stealth Rock
|
|upkeep
|turn|3
|
|t:|1760784723
|move|p2a: Garchomp|Draco Meteor|p1a: Landorus
|-damage|p1a: Landorus|60/100
|-unboost|p2a: Garchomp|spa|2
|move|p1a: Landorus|Earth Power|p2a: Garchomp
|-damage|p2a: Garchomp|35/100
|
|upkeep
|turn|4
|
|t:|1760784732
|switch|p2a: Vikavolt|Vikavolt, F|100/100
|-damage|p2a: Vikavolt|76/100|[from] Stealth Rock
|move|p1a: Landorus|Earth Power|p2a: Vikavolt
|-immune|p2a: Vikavolt|[from] ability: Levitate
|
|upkeep
|turn|5
|
|t:|1760784740
|move|p1a: Landorus|U-turn|p2a: Vikavolt
|-damage|p2a: Vikavolt|54/100
|
|t:|1760784744
|switch|p1a: Slowking|Slowking-Galar, F|100/100|[from] U-turn
|move|p2a: Vikavolt|Bug Buzz|p1a: Slowking
|-damage|p1a: Slowking|65/100
|
|upkeep
|turn|6
|
|t:|1760784753
|move|p2a: Vikavolt|Volt Switch|p1a: Slowking
|-damage|p1a: Slowking|37/100
|
|t:|1760784759
|switch|p2a: Wo-Chien|Wo-Chien|100/100|[from] Volt Switch
|-damage|p2a: Wo-Chien|88/100|[from] Stealth Rock
|-ability|p2a: Wo-Chien|Tablets of Ruin
|move|p1a: Slowking|Slack Off|p1a: Slowking
|-heal|p1a: Slowking|87/100
|
|-heal|p2a: Wo-Chien|94/100|[from] item: Leftovers
|upkeep
|turn|7
|
|t:|1760784771
|move|p2a: Wo-Chien|Knock Off|p1a: Slowking
|-supereffective|p1a: Slowking
|-damage|p1a: Slowking|28/100
|-enditem|p1a: Slowking|Heavy-Duty Boots|[from] move: Knock Off|[of] p2a: Wo-Chien
|move|p1a: Slowking|Sludge Bomb|p2a: Wo-Chien
|-supereffective|p2a: Wo-Chien
|-damage|p2a: Wo-Chien|51/100
|
|-heal|p2a: Wo-Chien|57/100|[from] item: Leftovers
|upkeep
|turn|8
|
|t:|1760784789
|switch|p1a: Great Tusk|Great Tusk|100/100
|-damage|p1a: Great Tusk|98/100|[from] Stealth Rock
|-enditem|p1a: Great Tusk|Booster Energy
|-activate|p1a: Great Tusk|ability: Protosynthesis|[fromitem]
|-start|p1a: Great Tusk|protosynthesisatk
|move|p2a: Wo-Chien|Knock Off|p1a: Great Tusk
|-resisted|p1a: Great Tusk
|-damage|p1a: Great Tusk|91/100
|
|-heal|p2a: Wo-Chien|63/100|[from] item: Leftovers
|upkeep
|turn|9
|
|t:|1760784806
|switch|p2a: Vikavolt|Vikavolt, F|54/100
|-damage|p2a: Vikavolt|30/100|[from] Stealth Rock
|move|p1a: Great Tusk|Rapid Spin|p2a: Vikavolt
|-damage|p2a: Vikavolt|5/100
|-boost|p1a: Great Tusk|spe|1
|-sideend|p1: kaboch kaban|Stealth Rock|[from] move: Rapid Spin|[of] p1a: Great Tusk
|
|upkeep
|turn|10
|
|t:|1760784815
|move|p1a: Great Tusk|Rapid Spin|p2a: Vikavolt
|-damage|p2a: Vikavolt|0 fnt
|-boost|p1a: Great Tusk|spe|1
|faint|p2a: Vikavolt
|
|upkeep
|
|t:|1760784821
|switch|p2a: Garchomp|Garchomp, M|35/100
|-damage|p2a: Garchomp|29/100|[from] Stealth Rock
|turn|11
|
|t:|1760784827
|move|p1a: Great Tusk|Ice Spinner|p2a: Garchomp
|-supereffective|p2a: Garchomp
|-damage|p2a: Garchomp|0 fnt
|-damage|p1a: Great Tusk|78/100|[from] ability: Rough Skin|[of] p2a: Garchomp
|-damage|p1a: Great Tusk|62/100|[from] item: Rocky Helmet|[of] p2a: Garchomp
|faint|p2a: Garchomp
|
|upkeep
|
|t:|1760784843
|switch|p2a: Quaquaval|Quaquaval, F|100/100
|turn|12
|
|t:|1760784854
|move|p1a: Great Tusk|Headlong Rush|p2a: Quaquaval
|-damage|p2a: Quaquaval|0 fnt
|-unboost|p1a: Great Tusk|def|1
|-unboost|p1a: Great Tusk|spd|1
|faint|p2a: Quaquaval
|
|upkeep
|
|t:|1760784860
|switch|p2a: Arcanine|Arcanine, M|100/100
|-damage|p2a: Arcanine|75/100|[from] Stealth Rock
|-ability|p2a: Arcanine|Intimidate|boost
|-unboost|p1a: Great Tusk|atk|1
|turn|13
|
|t:|1760784866
|-terastallize|p2a: Arcanine|Normal
|move|p2a: Arcanine|Extreme Speed|p1a: Great Tusk
|-damage|p1a: Great Tusk|0 fnt
|faint|p1a: Great Tusk
|-end|p1a: Great Tusk|Protosynthesis|[silent]
|
|upkeep
|
|t:|1760784873
|switch|p1a: Zamazenta|Zamazenta|100/100
|-ability|p1a: Zamazenta|Dauntless Shield|boost
|-boost|p1a: Zamazenta|def|1
|turn|14
|
|t:|1760784878
|switch|p2a: Wo-Chien|Wo-Chien|63/100
|-damage|p2a: Wo-Chien|51/100|[from] Stealth Rock
|-ability|p2a: Wo-Chien|Tablets of Ruin
|move|p1a: Zamazenta|Body Press|p2a: Wo-Chien
|-supereffective|p2a: Wo-Chien
|-crit|p2a: Wo-Chien
|-damage|p2a: Wo-Chien|0 fnt
|faint|p2a: Wo-Chien
|
|upkeep
|
|t:|1760784890
|switch|p2a: Glimmora|Glimmora, F|100/100
|-damage|p2a: Glimmora|88/100|[from] Stealth Rock
|turn|15
|
|t:|1760784896
|move|p1a: Zamazenta|Body Press|p2a: Glimmora
|-damage|p2a: Glimmora|24/100
|-activate|p2a: Glimmora|ability: Toxic Debris
|-sidestart|p1: kaboch kaban|move: Toxic Spikes
|move|p2a: Glimmora|Sludge Wave|p1a: Zamazenta
|-damage|p1a: Zamazenta|34/100
|
|-heal|p1a: Zamazenta|40/100|[from] item: Leftovers
|upkeep
|turn|16
|
|t:|1760784906
|move|p1a: Zamazenta|Body Press|p2a: Glimmora
|-damage|p2a: Glimmora|0 fnt
|-activate|p2a: Glimmora|ability: Toxic Debris
|-sidestart|p1: kaboch kaban|move: Toxic Spikes
|faint|p2a: Glimmora
|
|-heal|p1a: Zamazenta|46/100|[from] item: Leftovers
|upkeep
|
|t:|1760784915
|switch|p2a: Arcanine|Arcanine, M, tera:Normal|75/100
|-damage|p2a: Arcanine|63/100|[from] Stealth Rock
|-ability|p2a: Arcanine|Intimidate|boost
|-unboost|p1a: Zamazenta|atk|1
|turn|17
|
|t:|1760784921
|move|p2a: Arcanine|Extreme Speed|p1a: Zamazenta
|-damage|p1a: Zamazenta|16/100
|move|p1a: Zamazenta|Body Press|p2a: Arcanine
|-supereffective|p2a: Arcanine
|-damage|p2a: Arcanine|0 fnt
|faint|p2a: Arcanine
|
|win|kaboch kaban
|raw|kaboch kaban's rating: 1339 &rarr; <strong>1359</strong><br />(+20 for winning)
|raw|Lord Spink's rating: 1345 &rarr; <strong>1325</strong><br />(-20 for losing)
|l|‽Lord Spink
|player|p2|
|l|☆kaboch kaban
|player|p1|
