|j|☆ay cheu
|j|☆UltraGodGreninja
|t:|1760806538
|gametype|singles
|player|p1|ay cheu|riley|1422
|player|p2|UltraGodGreninja|skyla|1378
|gen|9
|tier|[Gen 9] OU
|rated|
|rule|HP Percentage Mod: HP is shown in percentages
|rule|Endless Battle Clause: Forcing endless battles is banned
|rule|Species Clause: Limit one of each Pokémon
|rule|OHKO Clause: OHKO moves are banned
|rule|Evasion Items Clause: Evasion items are banned
|rule|Evasion Moves Clause: Evasion moves are banned
|rule|Evasion Abilities Clause: Evasion abilities are banned
|rule|Sleep Moves Clause: Sleep-inducing moves are banned
|clearpoke
|poke|p1|Arcanine, M|
|poke|p1|Hatterene, F|
|poke|p1|Mamoswine, M|
|poke|p1|Empoleon, M|
|poke|p1|Altaria, F|
|poke|p1|Darkrai|
|poke|p2|Greninja-*, F|
|poke|p2|Great Tusk|
|poke|p2|Lokix, F|
|poke|p2|Slowking-Galar, F|
|poke|p2|Zapdos|
|poke|p2|Primarina, M|
|teampreview
|inactive|Battle timer is ON: inactive players will automatically lose when time's up. (requested by ay cheu)
|
|t:|1760806553
|teamsize|p1|6
|teamsize|p2|6
|start
|switch|p1a: Arcanine|Arcanine, M|100/100
|switch|p2a: Lokix|Lokix, F|100/100
|-ability|p1a: Arcanine|Intimidate|boost
|-unboost|p2a: Lokix|atk|1
|turn|1
|
|t:|1760806559
|switch|p2a: Primarina|Primarina, M|100/100
|move|p1a: Arcanine|Will-O-Wisp|p2a: Primarina
|-status|p2a: Primarina|brn
|
|-damage|p2a: Primarina|94/100 brn|[from] brn
|upkeep
|turn|2
|
|t:|1760806564
|switch|p1a: Empoleon|Empoleon, M|100/100
|move|p2a: Primarina|Flip Turn|p1a: Empoleon
|-resisted|p1a: Empoleon
|-damage|p1a: Empoleon|97/100
|
|t:|1760806567
|switch|p2a: Lokix|Lokix, F|100/100|[from] Flip Turn
|
|-heal|p1a: Empoleon|100/100|[from] item: Leftovers
|upkeep
|turn|3
|
|t:|1760806570
|switch|p1a: Arcanine|Arcanine, M|100/100
|-ability|p1a: Arcanine|Intimidate|boost
|-unboost|p2a: Lokix|atk|1
|move|p2a: Lokix|Knock Off|p1a: Arcanine
|-damage|p1a: Arcanine|64/100
|-damage|p2a: Lokix|84/100|[from] item: Rocky Helmet|[of] p1a: Arcanine
|-enditem|p1a: Arcanine|Rocky Helmet|[from] move: Knock Off|[of] p2a: Lokix
|
|upkeep
|turn|4
|
|t:|1760806576
|switch|p2a: Primarina|Primarina, M|94/100 brn
|move|p1a: Arcanine|Morning Sun|p1a: Arcanine
|-heal|p1a: Arcanine|100/100
|
|-damage|p2a: Primarina|88/100 brn|[from] brn
|upkeep
|turn|5
|
|t:|1760806592
|switch|p1a: Empoleon|Empoleon, M|100/100
|move|p2a: Primarina|Flip Turn|p1a: Empoleon
|-resisted|p1a: Empoleon
|-damage|p1a: Empoleon|97/100
|
|t:|1760806598
|switch|p2a: Lokix|Lokix, F|84/100|[from] Flip Turn
|
|-heal|p1a: Empoleon|100/100|[from] item: Leftovers
|upkeep
|turn|6
|
|t:|1760806604
|move|p2a: Lokix|Knock Off|p1a: Empoleon
|-damage|p1a: Empoleon|23/100
|-enditem|p1a: Empoleon|Leftovers|[from] move: Knock Off|[of] p2a: Lokix
|move|p1a: Empoleon|Stealth Rock|p2a: Lokix
|-sidestart|p2: UltraGodGreninja|move: Stealth Rock
|
|upkeep
|turn|7
|
|t:|1760806607
|switch|p1a: Arcanine|Arcanine, M|100/100
|-ability|p1a: Arcanine|Intimidate|boost
|-unboost|p2a: Lokix|atk|1
|move|p2a: Lokix|Knock Off|p1a: Arcanine
|-damage|p1a: Arcanine|76/100
|
|upkeep
|turn|8
|
|t:|1760806615
|switch|p2a: Slowking|Slowking-Galar, F, shiny|100/100
|switch|p1a: Empoleon|Empoleon, M|23/100
|
|upkeep
|turn|9
|
|t:|1760806619
|move|p1a: Empoleon|Roost|p1a: Empoleon
|-heal|p1a: Empoleon|73/100
|-singleturn|p1a: Empoleon|move: Roost
|move|p2a: Slowking|Psychic Noise|p1a: Empoleon
|-resisted|p1a: Empoleon
|-crit|p1a: Empoleon
|-damage|p1a: Empoleon|59/100
|-start|p1a: Empoleon|move: Heal Block
|
|upkeep
|turn|10
|
|t:|1760806624
|switch|p1a: Mamoswine|Mamoswine, M|100/100
|-prepare|p2a: Slowking|Chilly Reception|[premajor]
|move|p2a: Slowking|Chilly Reception|p2a: Slowking
|-weather|Snowscape
|
|t:|1760806635
|switch|p2a: Primarina|Primarina, M|88/100 brn|[from] Chilly Reception
|-damage|p2a: Primarina|76/100 brn|[from] Stealth Rock
|
|-weather|Snowscape|[upkeep]
|-damage|p2a: Primarina|70/100 brn|[from] brn
|upkeep
|turn|11
|
|t:|1760806643
|switch|p1a: Empoleon|Empoleon, M|59/100
|move|p2a: Primarina|Flip Turn|p1a: Empoleon
|-resisted|p1a: Empoleon
|-damage|p1a: Empoleon|56/100
|
|t:|1760806645
|switch|p2a: Great Tusk|Great Tusk|100/100|[from] Flip Turn
|
|-weather|Snowscape|[upkeep]
|upkeep
|turn|12
|
|t:|1760806654
|move|p2a: Great Tusk|Rapid Spin|p1a: Empoleon
|-resisted|p1a: Empoleon
|-crit|p1a: Empoleon
|-damage|p1a: Empoleon|41/100
|-boost|p2a: Great Tusk|spe|1
|-sideend|p2: UltraGodGreninja|Stealth Rock|[from] move: Rapid Spin|[of] p2a: Great Tusk
|move|p1a: Empoleon|Surf|p2a: Great Tusk
|-supereffective|p2a: Great Tusk
|-damage|p2a: Great Tusk|0 fnt
|faint|p2a: Great Tusk
|-end|p2a: Great Tusk|Protosynthesis|[silent]
|
|-weather|Snowscape|[upkeep]
|upkeep
|
|t:|1760806659
|switch|p2a: Lokix|Lokix, F|84/100
|turn|13
|
|t:|1760806663
|switch|p1a: Arcanine|Arcanine, M|76/100
|-ability|p1a: Arcanine|Intimidate|boost
|-unboost|p2a: Lokix|atk|1
|-terastallize|p2a: Lokix|Bug
|move|p2a: Lokix|Leech Life|p1a: Arcanine
|-resisted|p1a: Arcanine
|-damage|p1a: Arcanine|36/100
|-heal|p2a: Lokix|100/100|[from] drain|[of] p1a: Arcanine
|
|-weather|Snowscape|[upkeep]
|upkeep
|turn|14
|
|t:|1760806673
|switch|p2a: Greninja|Greninja, F, shiny|100/100
|move|p1a: Arcanine|Will-O-Wisp|p2a: Greninja
|-status|p2a: Greninja|brn
|
|-weather|none
|-damage|p2a: Greninja|95/100 brn|[from] brn
|upkeep
|turn|15
|
|t:|1760806680
|switch|p1a: Empoleon|Empoleon, M|41/100
|move|p2a: Greninja|Dark Pulse|p1a: Empoleon
|-start|p2a: Greninja|typechange|Dark|[from] ability: Protean
|-damage|p1a: Empoleon|9/100
|
|-damage|p2a: Greninja|89/100 brn|[from] brn
|upkeep
|turn|16
|
|t:|1760806687
|move|p2a: Greninja|Dark Pulse|p1a: Empoleon
|-damage|p1a: Empoleon|0 fnt
|faint|p1a: Empoleon
|
|-damage|p2a: Greninja|83/100 brn|[from] brn
|upkeep
|
|t:|1760806690
|switch|p1a: Darkrai|Darkrai|100/100
|turn|17
|
|t:|1760806694
|switch|p2a: Primarina|Primarina, M|70/100 brn
|move|p1a: Darkrai|Dark Pulse|p2a: Primarina
|-resisted|p2a: Primarina
|-damage|p2a: Primarina|58/100 brn
|-damage|p1a: Darkrai|91/100|[from] item: Life Orb
|
|-damage|p2a: Primarina|52/100 brn|[from] brn
|upkeep
|turn|18
|
|t:|1760806703
|switch|p1a: Hatterene|Hatterene, F|100/100
|move|p2a: Primarina|Draining Kiss|p1a: Hatterene
|-damage|p1a: Hatterene|78/100
|-heal|p2a: Primarina|66/100 brn|[from] drain|[of] p1a: Hatterene
|
|-damage|p2a: Primarina|60/100 brn|[from] brn
|upkeep
|turn|19
|
|t:|1760806705
|move|p2a: Primarina|Flip Turn|p1a: Hatterene
|-damage|p1a: Hatterene|72/100
|
|t:|1760806708
|switch|p2a: Slowking|Slowking-Galar, F, shiny|100/100|[from] Flip Turn
|move|p1a: Hatterene|Draining Kiss|p2a: Slowking
|-resisted|p2a: Slowking
|-damage|p2a: Slowking|91/100
|-heal|p1a: Hatterene|81/100|[from] drain|[of] p2a: Slowking
|
|upkeep
|turn|20
|
|t:|1760806711
|switch|p1a: Mamoswine|Mamoswine, M|100/100
|-prepare|p2a: Slowking|Chilly Reception|[premajor]
|move|p2a: Slowking|Chilly Reception|p2a: Slowking
|-weather|Snowscape
|
|t:|1760806715
|switch|p2a: Greninja|Greninja, F, shiny|83/100 brn|[from] Chilly Reception
|
|-weather|Snowscape|[upkeep]
|-damage|p2a: Greninja|77/100 brn|[from] brn
|upkeep
|turn|21
|
|t:|1760806718
|move|p1a: Mamoswine|Earthquake|p2a: Greninja
|-damage|p2a: Greninja|0 fnt
|faint|p2a: Greninja
|
|-weather|Snowscape|[upkeep]
|upkeep
|
|t:|1760806725
|switch|p2a: Lokix|Lokix, F, tera:Bug|100/100
|turn|22
|
|t:|1760806728
|switch|p1a: Altaria|Altaria, F|100/100
|-ability|p1a: Altaria|Cloud Nine
|move|p2a: Lokix|Leech Life|p1a: Altaria
|-resisted|p1a: Altaria
|-damage|p1a: Altaria|41/100
|
|-weather|Snowscape|[upkeep]
|upkeep
|turn|23
|
|t:|1760806736
|switch|p2a: Primarina|Primarina, M|60/100 brn
|move|p1a: Altaria|Roost|p1a: Altaria
|-heal|p1a: Altaria|91/100
|-singleturn|p1a: Altaria|move: Roost
|
|-weather|Snowscape|[upkeep]
|-damage|p2a: Primarina|54/100 brn|[from] brn
|upkeep
|turn|24
|
|t:|1760806739
|switch|p1a: Hatterene|Hatterene, F|81/100
|move|p2a: Primarina|Draining Kiss|p1a: Hatterene
|-damage|p1a: Hatterene|59/100
|-heal|p2a: Primarina|69/100 brn|[from] drain|[of] p1a: Hatterene
|
|-weather|none
|-damage|p2a: Primarina|63/100 brn|[from] brn
|upkeep
|turn|25
|
|t:|1760806746
|move|p2a: Primarina|Flip Turn|p1a: Hatterene
|-damage|p1a: Hatterene|52/100
|
|t:|1760806749
|switch|p2a: Slowking|Slowking-Galar, F, shiny|100/100|[from] Flip Turn
|move|p1a: Hatterene|Psychic Noise|p2a: Slowking
|-damage|p2a: Slowking|70/100
|-start|p2a: Slowking|move: Heal Block
|
|upkeep
|turn|26
|
|t:|1760806754
|switch|p1a: Mamoswine|Mamoswine, M|100/100
|switch|p2a: Lokix|Lokix, F, tera:Bug|100/100
|
|upkeep
|turn|27
|
|t:|1760806759
|switch|p1a: Arcanine|Arcanine, M|36/100
|-ability|p1a: Arcanine|Intimidate|boost
|-unboost|p2a: Lokix|atk|1
|move|p2a: Lokix|First Impression|p1a: Arcanine
|-resisted|p1a: Arcanine
|-damage|p1a: Arcanine|0 fnt
|faint|p1a: Arcanine
|
|upkeep
|
|t:|1760806762
|switch|p1a: Mamoswine|Mamoswine, M|100/100
|turn|28
|
|t:|1760806767
|switch|p2a: Slowking|Slowking-Galar, F, shiny|100/100
|move|p1a: Mamoswine|Icicle Crash|p2a: Slowking
|-crit|p2a: Slowking
|-damage|p2a: Slowking|33/100
|
|upkeep
|turn|29
|
|t:|1760806773
|switch|p2a: Primarina|Primarina, M|63/100 brn
|move|p1a: Mamoswine|Icicle Crash|p2a: Primarina
|-resisted|p2a: Primarina
|-damage|p2a: Primarina|38/100 brn
|
|-damage|p2a: Primarina|32/100 brn|[from] brn
|upkeep
|turn|30
|
|t:|1760806779
|-terastallize|p1a: Mamoswine|Ice
|move|p1a: Mamoswine|Icicle Crash|p2a: Primarina
|-resisted|p2a: Primarina
|-damage|p2a: Primarina|0 fnt
|faint|p2a: Primarina
|
|upkeep
|
|t:|1760806781
|switch|p2a: Lokix|Lokix, F, tera:Bug|100/100
|turn|31
|
|t:|1760806785
|switch|p1a: Hatterene|Hatterene, F|52/100
|move|p2a: Lokix|First Impression|p1a: Hatterene
|-damage|p1a: Hatterene|0 fnt
|faint|p1a: Hatterene
|
|upkeep
|
|t:|1760806788
|switch|p1a: Mamoswine|Mamoswine, M, tera:Ice|100/100
|turn|32
|
|t:|1760806790
|switch|p2a: Zapdos|Zapdos|100/100
|move|p1a: Mamoswine|Icicle Crash|p2a: Zapdos
|-supereffective|p2a: Zapdos
|-crit|p2a: Zapdos
|-damage|p2a: Zapdos|0 fnt
|faint|p2a: Zapdos
|
|upkeep
|
|t:|1760806792
|switch|p2a: Lokix|Lokix, F, tera:Bug|100/100
|turn|33
|
|t:|1760806797
|move|p1a: Mamoswine|Icicle Crash|p2a: Lokix
|-damage|p2a: Lokix|15/100
|move|p2a: Lokix|U-turn|p1a: Mamoswine
|-damage|p1a: Mamoswine|30/100
|
|t:|1760806800
|switch|p2a: Slowking|Slowking-Galar, F, shiny|66/100|[from] U-turn
|
|upkeep
|turn|34
|
|t:|1760806802
|move|p1a: Mamoswine|Icicle Crash|p2a: Slowking
|-damage|p2a: Slowking|5/100
|move|p2a: Slowking|Flamethrower|p1a: Mamoswine
|-supereffective|p1a: Mamoswine
|-damage|p1a: Mamoswine|0 fnt
|faint|p1a: Mamoswine
|
|upkeep
|
|t:|1760806806
|switch|p1a: Darkrai|Darkrai|91/100
|turn|35
|-message|UltraGodGreninja forfeited.
|
|win|ay cheu
|raw|ay cheu's rating: 1422 &rarr; <strong>1438</strong><br />(+16 for winning)
|raw|UltraGodGreninja's rating: 1357 &rarr; <strong>1341</strong><br />(-16 for losing)
|l|☆UltraGodGreninja
|player|p2|
|l|☆ay cheu
|player|p1|
