|j|☆DirkDiggler420
|j|☆charizardfire2
|t:|1760765616
|gametype|singles
|player|p1|DirkDiggler420|linebacker|1629
|player|p2|charizardfire2|102|1518
|gen|9
|tier|[Gen 9] OU
|rated|
|rule|HP Percentage Mod: HP is shown in percentages
|rule|Endless Battle Clause: Forcing endless battles is banned
|rule|Species Clause: Limit one of each Pokémon
|rule|OHKO Clause: OHKO moves are banned
|rule|Evasion Items Clause: Evasion items are banned
|rule|Evasion Moves Clause: Evasion moves are banned
|rule|Evasion Abilities Clause: Evasion abilities are banned
|rule|Sleep Moves Clause: Sleep-inducing moves are banned
|clearpoke
|poke|p1|Hatterene, F|
|poke|p1|Great Tusk|
|poke|p1|Kyurem|
|poke|p1|Meowscarada, F|
|poke|p1|Zapdos|
|poke|p1|Iron Moth|
|poke|p2|Indeedee, M|
|poke|p2|Hatterene, F|
|poke|p2|Ursaluna, F|
|poke|p2|Iron Hands|
|poke|p2|Hoopa-Unbound|
|poke|p2|Mimikyu, F|
|teampreview
|inactive|Battle timer is ON: inactive players will automatically lose when time's up. (requested by DirkDiggler420)
|
|t:|1760765629
|teamsize|p1|6
|teamsize|p2|6
|start
|switch|p1a: Meowscarada|Meowscarada, F|100/100
|switch|p2a: Subaru|Indeedee, M, shiny|100/100
|-fieldstart|move: Psychic Terrain|[from] ability: Psychic Surge|[of] p2a: Subaru
|turn|1
|
|t:|1760765637
|switch|p2a: LEBRON|Iron Hands, shiny|100/100
|-enditem|p2a: LEBRON|Booster Energy
|-activate|p2a: LEBRON|ability: Quark Drive|[fromitem]
|-start|p2a: LEBRON|quarkdriveatk
|move|p1a: Meowscarada|U-turn|p2a: LEBRON
|-start|p1a: Meowscarada|typechange|Bug|[from] ability: Protean
|-resisted|p2a: LEBRON
|-damage|p2a: LEBRON|84/100
|
|t:|1760765647
|switch|p1a: Iron Moth|Iron Moth|100/100|[from] U-turn
|
|upkeep
|turn|2
|
|t:|1760765654
|move|p1a: Iron Moth|Overheat|p2a: LEBRON
|-damage|p2a: LEBRON|0 fnt
|-unboost|p1a: Iron Moth|spa|2
|faint|p2a: LEBRON
|-end|p2a: LEBRON|Quark Drive|[silent]
|
|upkeep
|
|t:|1760765659
|switch|p2a: King Von|Hoopa-Unbound|100/100
|-enditem|p2a: King Von|Psychic Seed
|-boost|p2a: King Von|spd|1|[from] item: Psychic Seed
|turn|3
|
|t:|1760765664
|-end|p1a: Iron Moth|Quark Drive|[silent]
|switch|p1a: Hatterene|Hatterene, F|100/100
|move|p2a: King Von|Trick Room|p2a: King Von
|-fieldstart|move: Trick Room|[of] p2a: King Von
|
|upkeep
|turn|4
|
|t:|1760765669
|move|p1a: Hatterene|Draining Kiss|p2a: King Von
|-supereffective|p2a: King Von
|-damage|p2a: King Von|74/100
|move|p2a: King Von|Hyperspace Fury|p1a: Hatterene
|-damage|p1a: Hatterene|44/100
|-unboost|p2a: King Von|def|1
|-item|p2a: King Von|Assault Vest|[from] ability: Magician|[of] p1a: Hatterene
|
|upkeep
|turn|5
|
|t:|1760765692
|move|p1a: Hatterene|Draining Kiss|p2a: King Von
|-supereffective|p2a: King Von
|-damage|p2a: King Von|53/100
|-heal|p1a: Hatterene|62/100|[from] drain|[of] p2a: King Von
|move|p2a: King Von|Hyperspace Fury|p1a: Hatterene
|-damage|p1a: Hatterene|3/100
|-unboost|p2a: King Von|def|1
|
|upkeep
|turn|6
|
|t:|1760765705
|move|p1a: Hatterene|Nuzzle|p2a: King Von
|-damage|p2a: King Von|44/100
|-status|p2a: King Von|par
|cant|p2a: King Von|par
|
|upkeep
|turn|7
|
|t:|1760765710
|move|p2a: King Von|Expanding Force|p1a: Hatterene
|-resisted|p1a: Hatterene
|-damage|p1a: Hatterene|0 fnt
|faint|p1a: Hatterene
|
|-fieldend|move: Trick Room
|upkeep
|
|t:|1760765716
|switch|p1a: Meowscarada|Meowscarada, F|100/100
|turn|8
|
|t:|1760765726
|switch|p2a: Mimi|Mimikyu, F, shiny|100/100
|move|p1a: Meowscarada|U-turn|p2a: Mimi
|-start|p1a: Meowscarada|typechange|Bug|[from] ability: Protean
|-activate|p2a: Mimi|ability: Disguise
|-damage|p2a: Mimi|100/100
|detailschange|p2a: Mimi|Mimikyu-Busted, F, shiny
|-damage|p2a: Mimi|88/100|[from] pokemon: Mimikyu-Busted
|-enditem|p2a: Mimi|Red Card|[of] p1a: Meowscarada
|drag|p1a: Kyurem|Kyurem|100/100
|-ability|p1a: Kyurem|Pressure
|
|-fieldend|move: Psychic Terrain
|upkeep
|turn|9
|
|t:|1760765735
|switch|p1a: Iron Moth|Iron Moth|100/100
|move|p2a: Mimi|Trick Room|p2a: Mimi
|-fieldstart|move: Trick Room|[of] p2a: Mimi
|
|upkeep
|turn|10
|
|t:|1760765746
|move|p2a: Mimi|Destiny Bond|p2a: Mimi
|-singlemove|p2a: Mimi|Destiny Bond
|move|p1a: Iron Moth|Sludge Wave|p2a: Mimi
|-damage|p2a: Mimi|8/100
|
|upkeep
|turn|11
|
|t:|1760765751
|-end|p1a: Iron Moth|Quark Drive|[silent]
|switch|p1a: Zapdos|Zapdos|100/100
|move|p2a: Mimi|Trick Room|p2a: Mimi
|-fieldend|move: Trick Room
|
|upkeep
|turn|12
|
|t:|1760765757
|switch|p2a: Crashout YN|Ursaluna, F, shiny|100/100
|move|p1a: Zapdos|Thunder Wave|p2a: Crashout YN
|-immune|p2a: Crashout YN
|
|-status|p2a: Crashout YN|brn|[from] item: Flame Orb
|upkeep
|turn|13
|
|t:|1760765762
|move|p1a: Zapdos|Hurricane|p2a: Crashout YN
|-damage|p2a: Crashout YN|60/100 brn
|move|p2a: Crashout YN|Facade|p1a: Zapdos
|-damage|p1a: Zapdos|10/100
|
|-damage|p2a: Crashout YN|54/100 brn|[from] brn
|upkeep
|turn|14
|
|t:|1760765768
|move|p1a: Zapdos|Hurricane|p2a: Crashout YN
|-damage|p2a: Crashout YN|17/100 brn
|-start|p2a: Crashout YN|confusion
|-activate|p2a: Crashout YN|confusion
|move|p2a: Crashout YN|Facade|p1a: Zapdos
|-damage|p1a: Zapdos|0 fnt
|faint|p1a: Zapdos
|
|-damage|p2a: Crashout YN|11/100 brn|[from] brn
|upkeep
|
|t:|1760765773
|switch|p1a: Iron Moth|Iron Moth|100/100
|turn|15
|
|t:|1760765776
|switch|p2a: Mimi|Mimikyu-Busted, F, shiny|8/100
|move|p1a: Iron Moth|Fiery Dance|p2a: Mimi
|-damage|p2a: Mimi|0 fnt
|-boost|p1a: Iron Moth|spa|1
|faint|p2a: Mimi
|
|upkeep
|
|t:|1760765786
|switch|p2a: King Von|Hoopa-Unbound|44/100 par
|turn|16
|
|t:|1760765790
|-terastallize|p1a: Iron Moth|Fire
|move|p1a: Iron Moth|Fiery Dance|p2a: King Von
|-damage|p2a: King Von|0 fnt
|faint|p2a: King Von
|
|upkeep
|
|t:|1760765799
|switch|p2a: Subaru|Indeedee, M, shiny|100/100
|-fieldstart|move: Psychic Terrain|[from] ability: Psychic Surge|[of] p2a: Subaru
|turn|17
|
|t:|1760765803
|move|p1a: Iron Moth|Fiery Dance|p2a: Subaru
|-damage|p2a: Subaru|0 fnt
|-boost|p1a: Iron Moth|spa|1
|faint|p2a: Subaru
|
|upkeep
|
|t:|1760765808
|switch|p2a: Satella|Hatterene, F, shiny|100/100
|turn|18
|
|t:|1760765812
|move|p1a: Iron Moth|Fiery Dance|p2a: Satella
|-damage|p2a: Satella|0 fnt
|-boost|p1a: Iron Moth|spa|1
|faint|p2a: Satella
|
|upkeep
|j| poor ce
|-message|charizardfire2 forfeited.
|
|win|DirkDiggler420
|raw|DirkDiggler420's rating: 1629 &rarr; <strong>1643</strong><br />(+14 for winning)
|raw|charizardfire2's rating: 1518 &rarr; <strong>1504</strong><br />(-14 for losing)
|l|☆charizardfire2
|player|p2|
|l|☆DirkDiggler420
|player|p1|
|l| poor ce
