|j|☆bronzong72
|j|☆Grand daddy palps
|t:|1760850258
|gametype|singles
|player|p1|bronzong72|falkner|1242
|player|p2|Grand daddy palps|1|1176
|gen|9
|tier|[Gen 9] OU
|rated|
|rule|HP Percentage Mod: HP is shown in percentages
|rule|Endless Battle Clause: Forcing endless battles is banned
|rule|Species Clause: Limit one of each Pokémon
|rule|OHKO Clause: OHKO moves are banned
|rule|Evasion Items Clause: Evasion items are banned
|rule|Evasion Moves Clause: Evasion moves are banned
|rule|Evasion Abilities Clause: Evasion abilities are banned
|rule|Sleep Moves Clause: Sleep-inducing moves are banned
|clearpoke
|poke|p1|Great Tusk|
|poke|p1|Meowscarada, F|
|poke|p1|Heatran, F|
|poke|p1|Glimmora, M|
|poke|p1|Primarina, F|
|poke|p1|Zapdos|
|poke|p2|Hatterene, F|
|poke|p2|Indeedee, M|
|poke|p2|Gallade, M|
|poke|p2|Meowstic, M|
|poke|p2|Malamar, M|
|poke|p2|Braviary-Hisui, M|
|teampreview
|inactive|Battle timer is ON: inactive players will automatically lose when time's up. (requested by bronzong72)
|
|t:|1760850278
|teamsize|p1|6
|teamsize|p2|6
|start
|switch|p1a: Laura|Meowscarada, F|100/100
|switch|p2a: Meowstic|Meowstic, M|100/100
|turn|1
|
|t:|1760850293
|move|p2a: Meowstic|Reflect|p2a: Meowstic
|-sidestart|p2: Grand daddy palps|Reflect
|move|p1a: Laura|U-turn|p2a: Meowstic
|-start|p1a: Laura|typechange|Bug|[from] ability: Protean
|-supereffective|p2a: Meowstic
|-damage|p2a: Meowstic|42/100
|
|t:|1760850313
|switch|p1a: Great Tusk|Great Tusk|100/100|[from] U-turn
|
|upkeep
|turn|2
|
|t:|1760850333
|switch|p2a: Braviary|Braviary-Hisui, M|100/100
|move|p1a: Great Tusk|Stealth Rock|p2a: Braviary
|-sidestart|p2: Grand daddy palps|move: Stealth Rock
|
|upkeep
|turn|3
|
|t:|1760850339
|-end|p1a: Great Tusk|Protosynthesis|[silent]
|switch|p1a: Heatran|Heatran, F|100/100
|move|p2a: Braviary|Esper Wing|p1a: Heatran
|-resisted|p1a: Heatran
|-damage|p1a: Heatran|68/100
|-boost|p2a: Braviary|spe|1
|
|-heal|p1a: Heatran|74/100|[from] item: Leftovers
|upkeep
|turn|4
|
|t:|1760850344
|move|p2a: Braviary|Air Slash|p1a: Heatran
|-resisted|p1a: Heatran
|-damage|p1a: Heatran|46/100
|move|p1a: Heatran|Flash Cannon|p2a: Braviary
|-damage|p2a: Braviary|44/100
|
|-heal|p1a: Heatran|52/100|[from] item: Leftovers
|upkeep
|turn|5
|
|t:|1760850365
|move|p2a: Braviary|Air Slash|p1a: Heatran
|-resisted|p1a: Heatran
|-damage|p1a: Heatran|22/100
|cant|p1a: Heatran|flinch
|
|-heal|p1a: Heatran|28/100|[from] item: Leftovers
|upkeep
|turn|6
|
|t:|1760850381
|move|p2a: Braviary|Esper Wing|p1a: Heatran
|-resisted|p1a: Heatran
|-damage|p1a: Heatran|0 fnt
|-boost|p2a: Braviary|spe|1
|faint|p1a: Heatran
|
|upkeep
|
|t:|1760850389
|switch|p1a: Sprinkles|Zapdos|100/100
|turn|7
|
|t:|1760850395
|move|p2a: Braviary|Defog|p1a: Sprinkles
|-unboost|p1a: Sprinkles|evasion|1
|-sideend|p2: Grand daddy palps|Stealth Rock|[from] move: Defog|[of] p2a: Braviary
|move|p1a: Sprinkles|Thunderbolt|p2a: Braviary
|-supereffective|p2a: Braviary
|-damage|p2a: Braviary|0 fnt
|faint|p2a: Braviary
|
|upkeep
|inactive|Grand daddy palps has 120 seconds left.
|
|t:|1760850420
|switch|p2a: Meowstic|Meowstic, M|42/100
|turn|8
|
|t:|1760850427
|move|p2a: Meowstic|Light Screen|p2a: Meowstic
|-sidestart|p2: Grand daddy palps|move: Light Screen
|move|p1a: Sprinkles|U-turn|p2a: Meowstic
|-supereffective|p2a: Meowstic
|-damage|p2a: Meowstic|25/100
|
|t:|1760850441
|switch|p1a: Laura|Meowscarada, F|100/100|[from] U-turn
|
|-sideend|p2: Grand daddy palps|Reflect
|upkeep
|turn|9
|
|t:|1760850452
|move|p2a: Meowstic|Reflect|p2a: Meowstic
|-sidestart|p2: Grand daddy palps|Reflect
|move|p1a: Laura|U-turn|p2a: Meowstic
|-start|p1a: Laura|typechange|Bug|[from] ability: Protean
|-supereffective|p2a: Meowstic
|-damage|p2a: Meowstic|0 fnt
|faint|p2a: Meowstic
|
|t:|1760850464
|switch|p1a: Sprinkles|Zapdos|100/100|[from] U-turn
|
|upkeep
|
|t:|1760850477
|switch|p2a: Hatterene|Hatterene, F|100/100
|turn|10
|
|t:|1760850482
|move|p1a: Sprinkles|Hurricane|p2a: Hatterene|[miss]
|-miss|p1a: Sprinkles|p2a: Hatterene
|move|p2a: Hatterene|Calm Mind|p2a: Hatterene
|-boost|p2a: Hatterene|spa|1
|-boost|p2a: Hatterene|spd|1
|
|upkeep
|turn|11
|
|t:|1760850485
|move|p1a: Sprinkles|Hurricane|p2a: Hatterene
|-damage|p2a: Hatterene|84/100
|move|p2a: Hatterene|Calm Mind|p2a: Hatterene
|-boost|p2a: Hatterene|spa|1
|-boost|p2a: Hatterene|spd|1
|
|-heal|p2a: Hatterene|90/100|[from] item: Leftovers
|upkeep
|turn|12
|
|t:|1760850490
|move|p1a: Sprinkles|Thunderbolt|p2a: Hatterene
|-damage|p2a: Hatterene|80/100
|move|p2a: Hatterene|Calm Mind|p2a: Hatterene
|-boost|p2a: Hatterene|spa|1
|-boost|p2a: Hatterene|spd|1
|
|-heal|p2a: Hatterene|86/100|[from] item: Leftovers
|upkeep
|turn|13
|
|t:|1760850505
|move|p1a: Sprinkles|Thunderbolt|p2a: Hatterene
|-damage|p2a: Hatterene|78/100
|move|p2a: Hatterene|Draining Kiss|p1a: Sprinkles
|-damage|p1a: Sprinkles|46/100
|-heal|p2a: Hatterene|100/100|[from] drain|[of] p1a: Sprinkles
|-damage|p2a: Hatterene|84/100|[from] item: Rocky Helmet|[of] p1a: Sprinkles
|-status|p2a: Hatterene|par|[from] ability: Static|[of] p1a: Sprinkles
|
|-heal|p2a: Hatterene|90/100 par|[from] item: Leftovers
|upkeep
|turn|14
|
|t:|1760850516
|move|p1a: Sprinkles|Thunderbolt|p2a: Hatterene
|-damage|p2a: Hatterene|83/100 par
|move|p2a: Hatterene|Calm Mind|p2a: Hatterene
|-boost|p2a: Hatterene|spa|1
|-boost|p2a: Hatterene|spd|1
|
|-heal|p2a: Hatterene|89/100 par|[from] item: Leftovers
|upkeep
|turn|15
|
|t:|1760850520
|move|p1a: Sprinkles|Thunderbolt|p2a: Hatterene
|-damage|p2a: Hatterene|82/100 par
|move|p2a: Hatterene|Draining Kiss|p1a: Sprinkles
|-damage|p1a: Sprinkles|0 fnt
|-heal|p2a: Hatterene|100/100 par|[from] drain|[of] p1a: Sprinkles
|-damage|p2a: Hatterene|84/100 par|[from] item: Rocky Helmet|[of] p1a: Sprinkles
|faint|p1a: Sprinkles
|
|-heal|p2a: Hatterene|90/100 par|[from] item: Leftovers
|-sideend|p2: Grand daddy palps|move: Light Screen
|upkeep
|
|t:|1760850528
|switch|p1a: Fontaine|Primarina, F|100/100
|turn|16
|
|t:|1760850531
|move|p1a: Fontaine|Psychic Noise|p2a: Hatterene
|-resisted|p2a: Hatterene
|-damage|p2a: Hatterene|85/100 par
|-start|p2a: Hatterene|move: Heal Block
|cant|p2a: Hatterene|par
|
|-sideend|p2: Grand daddy palps|Reflect
|upkeep
|turn|17
|
|t:|1760850545
|move|p1a: Fontaine|Moonblast|p2a: Hatterene
|-damage|p2a: Hatterene|66/100 par
|-unboost|p2a: Hatterene|spa|1
|move|p2a: Hatterene|Psyshock|p1a: Fontaine
|-damage|p1a: Fontaine|0 fnt
|faint|p1a: Fontaine
|
|-end|p2a: Hatterene|move: Heal Block
|upkeep
|
|t:|1760850552
|switch|p1a: Laura|Meowscarada, F|100/100
|turn|18
|
|t:|1760850555
|-terastallize|p1a: Laura|Grass
|move|p1a: Laura|Flower Trick|p2a: Hatterene
|-crit|p2a: Hatterene
|-damage|p2a: Hatterene|0 fnt
|faint|p2a: Hatterene
|
|upkeep
|
|t:|1760850567
|switch|p2a: Indeedee|Indeedee, M|100/100
|-fieldstart|move: Psychic Terrain|[from] ability: Psychic Surge|[of] p2a: Indeedee
|turn|19
|
|t:|1760850585
|move|p2a: Indeedee|Expanding Force|p1a: Laura
|-damage|p1a: Laura|1/100
|move|p1a: Laura|Flower Trick|p2a: Indeedee
|-crit|p2a: Indeedee
|-damage|p2a: Indeedee|0 fnt
|faint|p2a: Indeedee
|
|upkeep
|
|t:|1760850603
|switch|p2a: Malamar|Malamar, M|100/100
|turn|20
|
|t:|1760850607
|move|p1a: Laura|Flower Trick|p2a: Malamar
|-crit|p2a: Malamar
|-damage|p2a: Malamar|6/100
|move|p2a: Malamar|Superpower|p1a: Laura
|-damage|p1a: Laura|0 fnt
|-boost|p2a: Malamar|atk|1
|-boost|p2a: Malamar|def|1
|faint|p1a: Laura
|
|upkeep
|
|t:|1760850621
|switch|p1a: Great Tusk|Great Tusk|100/100
|turn|21
|
|t:|1760850623
|move|p1a: Great Tusk|Rapid Spin|p2a: Malamar
|-damage|p2a: Malamar|0 fnt
|-boost|p1a: Great Tusk|spe|1
|faint|p2a: Malamar
|
|upkeep
|
|t:|1760850626
|switch|p2a: Gallade|Gallade, M, shiny|100/100
|turn|22
|
|t:|1760850632
|move|p1a: Great Tusk|Headlong Rush|p2a: Gallade
|-damage|p2a: Gallade|6/100
|-unboost|p1a: Great Tusk|def|1
|-unboost|p1a: Great Tusk|spd|1
|move|p2a: Gallade|Agility|p2a: Gallade
|-boost|p2a: Gallade|spe|2
|
|upkeep
|turn|23
|
|t:|1760850637
|move|p2a: Gallade|Psycho Cut|p1a: Great Tusk
|-supereffective|p1a: Great Tusk
|-crit|p1a: Great Tusk
|-damage|p1a: Great Tusk|0 fnt
|faint|p1a: Great Tusk
|-end|p1a: Great Tusk|Protosynthesis|[silent]
|-damage|p2a: Gallade|0 fnt|[from] item: Life Orb
|faint|p2a: Gallade
|
|win|bronzong72
|raw|bronzong72's rating: 1242 &rarr; <strong>1262</strong><br />(+20 for winning)
|raw|Grand daddy palps's rating: 1176 &rarr; <strong>1156</strong><br />(-20 for losing)
|l|☆bronzong72
|player|p1|
|l|☆Grand daddy palps
|player|p2|
