|j|☆GEM0816
|j|☆shawnydiesel
|t:|1760838114
|gametype|singles
|player|p1|GEM0816|lady|1346
|player|p2|shawnydiesel|hoopster|1388
|gen|9
|tier|[Gen 9] OU
|rated|
|rule|HP Percentage Mod: HP is shown in percentages
|rule|Endless Battle Clause: Forcing endless battles is banned
|rule|Species Clause: Limit one of each Pokémon
|rule|OHKO Clause: OHKO moves are banned
|rule|Evasion Items Clause: Evasion items are banned
|rule|Evasion Moves Clause: Evasion moves are banned
|rule|Evasion Abilities Clause: Evasion abilities are banned
|rule|Sleep Moves Clause: Sleep-inducing moves are banned
|clearpoke
|poke|p1|Gallade, M|
|poke|p1|Zoroark-Hisui, F|
|poke|p1|Corviknight, F|
|poke|p1|Clodsire, M|
|poke|p1|Arcanine, M|
|poke|p1|Dachsbun, F|
|poke|p2|Great Tusk|
|poke|p2|Kingambit, M|
|poke|p2|Raging Bolt|
|poke|p2|Walking Wake|
|poke|p2|Ninetales, F|
|poke|p2|Ceruledge, M|
|teampreview
|inactive|Battle timer is ON: inactive players will automatically lose when time's up. (requested by shawnydiesel)
|
|t:|1760838132
|teamsize|p1|6
|teamsize|p2|6
|start
|switch|p1a: 艾路雷朵|Gallade, M|100/100
|switch|p2a: Ninetales|Ninetales, F|100/100
|-weather|SunnyDay|[from] ability: Drought|[of] p2a: Ninetales
|turn|1
|
|t:|1760838159
|move|p1a: 艾路雷朵|Trick|p2a: Ninetales
|-activate|p1a: 艾路雷朵|move: Trick|[of] p2a: Ninetales
|-item|p2a: Ninetales|Choice Scarf|[from] move: Trick
|-item|p1a: 艾路雷朵|Heat Rock|[from] move: Trick
|move|p2a: Ninetales|Overheat|p1a: 艾路雷朵
|-damage|p1a: 艾路雷朵|0 fnt
|-unboost|p2a: Ninetales|spa|2
|replace|p1a: 索罗亚克|Zoroark-Hisui, F
|-end|p1a: 索罗亚克|Illusion
|faint|p1a: 索罗亚克
|
|-weather|SunnyDay|[upkeep]
|upkeep
|
|t:|1760838167
|switch|p1a: 艾路雷朵|Gallade, M|100/100
|turn|2
|
|t:|1760838183
|switch|p2a: Walking Wake|Walking Wake|100/100
|-activate|p2a: Walking Wake|ability: Protosynthesis
|-start|p2a: Walking Wake|protosynthesisspe
|move|p1a: 艾路雷朵|Sacred Sword|p2a: Walking Wake
|-damage|p2a: Walking Wake|0 fnt
|faint|p2a: Walking Wake
|-end|p2a: Walking Wake|Protosynthesis|[silent]
|
|-weather|SunnyDay|[upkeep]
|upkeep
|
|t:|1760838191
|switch|p2a: Ceruledge|Ceruledge, M|100/100
|turn|3
|
|t:|1760838205
|switch|p1a: 疯狗|Arcanine, M|100/100
|-ability|p1a: 疯狗|Intimidate|boost
|-unboost|p2a: Ceruledge|atk|1
|move|p2a: Ceruledge|Swords Dance|p2a: Ceruledge
|-boost|p2a: Ceruledge|atk|2
|
|-weather|SunnyDay|[upkeep]
|upkeep
|turn|4
|inactive|shawnydiesel has 120 seconds left.
|
|t:|1760838231
|move|p2a: Ceruledge|Poltergeist|p1a: 疯狗
|-activate|p1a: 疯狗|move: Poltergeist|Rocky Helmet
|-damage|p1a: 疯狗|30/100
|move|p1a: 疯狗|Scorching Sands|p2a: Ceruledge
|-supereffective|p2a: Ceruledge
|-damage|p2a: Ceruledge|71/100
|
|-weather|SunnyDay|[upkeep]
|upkeep
|turn|5
|inactive|shawnydiesel has 120 seconds left.
|
|t:|1760838250
|switch|p1a: 麻花犬|Dachsbun, F|100/100
|move|p2a: Ceruledge|Poltergeist|p1a: 麻花犬
|-activate|p1a: 麻花犬|move: Poltergeist|Leftovers
|-damage|p1a: 麻花犬|32/100
|
|-weather|SunnyDay|[upkeep]
|-heal|p1a: 麻花犬|38/100|[from] item: Leftovers
|upkeep
|turn|6
|
|t:|1760838259
|move|p1a: 麻花犬|Protect|p1a: 麻花犬
|-singleturn|p1a: 麻花犬|Protect
|move|p2a: Ceruledge|Poltergeist|p1a: 麻花犬
|-activate|p1a: 麻花犬|move: Protect
|
|-weather|SunnyDay|[upkeep]
|-heal|p1a: 麻花犬|44/100|[from] item: Leftovers
|upkeep
|turn|7
|
|t:|1760838268
|switch|p1a: 疯狗|Arcanine, M|30/100
|-ability|p1a: 疯狗|Intimidate|boost
|-unboost|p2a: Ceruledge|atk|1
|move|p2a: Ceruledge|Bitter Blade|p1a: 疯狗
|-resisted|p1a: 疯狗
|-damage|p1a: 疯狗|3/100
|-heal|p2a: Ceruledge|86/100|[from] drain|[of] p1a: 疯狗
|-damage|p2a: Ceruledge|69/100|[from] item: Rocky Helmet|[of] p1a: 疯狗
|
|-weather|SunnyDay|[upkeep]
|upkeep
|turn|8
|
|t:|1760838285
|switch|p1a: 土王|Clodsire, M|100/100
|move|p2a: Ceruledge|Bitter Blade|p1a: 土王
|-damage|p1a: 土王|23/100
|-heal|p2a: Ceruledge|100/100|[from] drain|[of] p1a: 土王
|
|-weather|none
|-heal|p1a: 土王|30/100|[from] item: Black Sludge
|upkeep
|turn|9
|-message|GEM0816 forfeited.
|
|win|shawnydiesel
|raw|GEM0816's rating: 1346 &rarr; <strong>1328</strong><br />(-18 for losing)
|raw|shawnydiesel's rating: 1388 &rarr; <strong>1406</strong><br />(+18 for winning)
|l|☆GEM0816
|player|p1|
|l|☆shawnydiesel
|player|p2|
