|j|☆Lord Sodium
|j|☆lebmaster
|t:|1760794735
|gametype|singles
|player|p1|Lord Sodium|alec-anime|1640
|player|p2|lebmaster|265|1680
|gen|9
|tier|[Gen 9] OU
|rated|
|rule|HP Percentage Mod: HP is shown in percentages
|rule|Endless Battle Clause: Forcing endless battles is banned
|rule|Species Clause: Limit one of each Pokémon
|rule|OHKO Clause: OHKO moves are banned
|rule|Evasion Items Clause: Evasion items are banned
|rule|Evasion Moves Clause: Evasion moves are banned
|rule|Evasion Abilities Clause: Evasion abilities are banned
|rule|Sleep Moves Clause: Sleep-inducing moves are banned
|clearpoke
|poke|p1|Mamoswine, M|
|poke|p1|Slowking-Galar, M|
|poke|p1|Rillaboom, F|
|poke|p1|Corviknight, M|
|poke|p1|Samurott-Hisui, F|
|poke|p1|Raging Bolt|
|poke|p2|Pecharunt|
|poke|p2|Great Tusk|
|poke|p2|Ogerpon-Wellspring, F|
|poke|p2|Iron Crown|
|poke|p2|Landorus-Therian, M|
|poke|p2|Samurott-Hisui, M|
|teampreview
|inactive|Battle timer is ON: inactive players will automatically lose when time's up. (requested by Lord Sodium)
|
|t:|1760794758
|teamsize|p1|6
|teamsize|p2|6
|start
|switch|p1a: Mamoswine|Mamoswine, M|100/100
|switch|p2a: Iron Crown|Iron Crown|100/100
|turn|1
|
|t:|1760794762
|switch|p1a: Slowking|Slowking-Galar, M|100/100
|move|p2a: Iron Crown|Tachyon Cutter|p1a: Slowking
|-damage|p1a: Slowking|78/100
|-damage|p1a: Slowking|55/100
|-hitcount|p1a: Slowking|2
|
|upkeep
|turn|2
|
|t:|1760794766
|-end|p2a: Iron Crown|Quark Drive|[silent]
|switch|p2a: Samurott|Samurott-Hisui, M|100/100
|-prepare|p1a: Slowking|Chilly Reception|[premajor]
|move|p1a: Slowking|Chilly Reception|p1a: Slowking
|-weather|Snowscape
|
|t:|1760794769
|switch|p1a: Rillaboom|Rillaboom, F|100/100|[from] Chilly Reception
|-fieldstart|move: Grassy Terrain|[from] ability: Grassy Surge|[of] p1a: Rillaboom
|
|-weather|Snowscape|[upkeep]
|upkeep
|turn|3
|
|t:|1760794772
|switch|p2a: Pecharunt|Pecharunt|100/100
|move|p1a: Rillaboom|Knock Off|p2a: Pecharunt
|-supereffective|p2a: Pecharunt
|-damage|p2a: Pecharunt|59/100
|-damage|p1a: Rillaboom|84/100|[from] item: Rocky Helmet|[of] p2a: Pecharunt
|-enditem|p2a: Pecharunt|Rocky Helmet|[from] move: Knock Off|[of] p1a: Rillaboom
|-damage|p1a: Rillaboom|74/100|[from] item: Life Orb
|
|-weather|Snowscape|[upkeep]
|-heal|p1a: Rillaboom|80/100|[from] Grassy Terrain
|-heal|p2a: Pecharunt|65/100|[from] Grassy Terrain
|upkeep
|turn|4
|
|t:|1760794784
|switch|p1a: Slowking|Slowking-Galar, M|89/100
|move|p2a: Pecharunt|Parting Shot|p1a: Slowking
|-unboost|p1a: Slowking|atk|1
|-unboost|p1a: Slowking|spa|1
|
|t:|1760794792
|switch|p2a: Samurott|Samurott-Hisui, M|100/100|[from] Parting Shot
|
|-weather|Snowscape|[upkeep]
|-heal|p1a: Slowking|95/100|[from] Grassy Terrain
|upkeep
|turn|5
|
|t:|1760794796
|switch|p1a: Corviknight|Corviknight, M|100/100
|-ability|p1a: Corviknight|Pressure
|move|p2a: Samurott|Ceaseless Edge|p1a: Corviknight
|-damage|p1a: Corviknight|72/100
|-damage|p2a: Samurott|84/100|[from] item: Rocky Helmet|[of] p1a: Corviknight
|-sidestart|p1: Lord Sodium|Spikes
|
|-weather|Snowscape|[upkeep]
|-heal|p2a: Samurott|90/100|[from] Grassy Terrain
|upkeep
|turn|6
|
|t:|1760794800
|move|p2a: Samurott|Ceaseless Edge|p1a: Corviknight
|-damage|p1a: Corviknight|42/100
|-damage|p2a: Samurott|74/100|[from] item: Rocky Helmet|[of] p1a: Corviknight
|-sidestart|p1: Lord Sodium|Spikes
|move|p1a: Corviknight|Defog|p2a: Samurott
|-unboost|p2a: Samurott|evasion|1
|-sideend|p1: Lord Sodium|Spikes|[from] move: Defog|[of] p1a: Corviknight
|-fieldend|move: Grassy Terrain
|
|-weather|none
|upkeep
|turn|7
|
|t:|1760794806
|switch|p2a: Iron Crown|Iron Crown|100/100
|move|p1a: Corviknight|Roost|p1a: Corviknight
|-heal|p1a: Corviknight|92/100
|-singleturn|p1a: Corviknight|move: Roost
|
|upkeep
|turn|8
|
|t:|1760794812
|switch|p1a: Slowking|Slowking-Galar, M|100/100
|move|p2a: Iron Crown|Volt Switch|p1a: Slowking
|-damage|p1a: Slowking|80/100
|
|t:|1760794816
|-end|p2a: Iron Crown|Quark Drive|[silent]
|switch|p2a: Great Tusk|Great Tusk|100/100|[from] Volt Switch
|-enditem|p2a: Great Tusk|Booster Energy
|-activate|p2a: Great Tusk|ability: Protosynthesis|[fromitem]
|-start|p2a: Great Tusk|protosynthesisspe
|
|upkeep
|turn|9
|
|t:|1760794821
|switch|p1a: Corviknight|Corviknight, M|92/100
|-ability|p1a: Corviknight|Pressure
|move|p2a: Great Tusk|Stealth Rock|p1a: Corviknight
|-sidestart|p1: Lord Sodium|move: Stealth Rock
|
|upkeep
|turn|10
|
|t:|1760794827
|move|p2a: Great Tusk|Knock Off|p1a: Corviknight
|-damage|p1a: Corviknight|75/100
|-damage|p2a: Great Tusk|84/100|[from] item: Rocky Helmet|[of] p1a: Corviknight
|-enditem|p1a: Corviknight|Rocky Helmet|[from] move: Knock Off|[of] p2a: Great Tusk
|move|p1a: Corviknight|Defog|p2a: Great Tusk
|-unboost|p2a: Great Tusk|evasion|1
|-sideend|p1: Lord Sodium|Stealth Rock|[from] move: Defog|[of] p1a: Corviknight
|
|upkeep
|turn|11
|
|t:|1760794836
|-end|p2a: Great Tusk|Protosynthesis|[silent]
|switch|p2a: Pecharunt|Pecharunt|65/100
|move|p1a: Corviknight|Body Press|p2a: Pecharunt
|-immune|p2a: Pecharunt
|
|upkeep
|turn|12
|
|t:|1760794841
|switch|p1a: Samurott|Samurott-Hisui, F|100/100
|move|p2a: Pecharunt|Recover|p2a: Pecharunt
|-heal|p2a: Pecharunt|100/100
|
|upkeep
|turn|13
|
|t:|1760794851
|switch|p2a: Landorus|Landorus-Therian, M|100/100
|-ability|p2a: Landorus|Intimidate|boost
|-unboost|p1a: Samurott|atk|1
|move|p1a: Samurott|Ceaseless Edge|p2a: Landorus
|-damage|p2a: Landorus|67/100
|-sidestart|p2: lebmaster|Spikes
|
|upkeep
|turn|14
|
|t:|1760794855
|switch|p1a: Corviknight|Corviknight, M|75/100
|-ability|p1a: Corviknight|Pressure
|move|p2a: Landorus|U-turn|p1a: Corviknight
|-resisted|p1a: Corviknight
|-damage|p1a: Corviknight|70/100
|
|t:|1760794859
|switch|p2a: Iron Crown|Iron Crown|100/100|[from] U-turn
|-damage|p2a: Iron Crown|88/100|[from] Spikes
|
|upkeep
|turn|15
|
|t:|1760794865
|switch|p1a: Slowking|Slowking-Galar, M|100/100
|move|p2a: Iron Crown|Psyshock|p1a: Slowking
|-damage|p1a: Slowking|40/100
|
|upkeep
|turn|16
|
|t:|1760794875
|-end|p2a: Iron Crown|Quark Drive|[silent]
|switch|p2a: Landorus|Landorus-Therian, M|67/100
|-ability|p2a: Landorus|Intimidate|boost
|-unboost|p1a: Slowking|atk|1
|switch|p1a: Samurott|Samurott-Hisui, F|100/100
|
|upkeep
|turn|17
|
|t:|1760794882
|switch|p1a: Corviknight|Corviknight, M|70/100
|-ability|p1a: Corviknight|Pressure
|move|p2a: Landorus|U-turn|p1a: Corviknight
|-resisted|p1a: Corviknight
|-damage|p1a: Corviknight|66/100
|
|t:|1760794891
|switch|p2a: Iron Crown|Iron Crown|88/100|[from] U-turn
|-damage|p2a: Iron Crown|76/100|[from] Spikes
|
|upkeep
|turn|18
|
|t:|1760794896
|switch|p1a: Slowking|Slowking-Galar, M|73/100
|move|p2a: Iron Crown|Volt Switch|p1a: Slowking
|-damage|p1a: Slowking|52/100
|
|t:|1760794901
|-end|p2a: Iron Crown|Quark Drive|[silent]
|switch|p2a: Samurott|Samurott-Hisui, M|74/100|[from] Volt Switch
|-damage|p2a: Samurott|61/100|[from] Spikes
|
|upkeep
|turn|19
|
|t:|1760794904
|switch|p1a: Corviknight|Corviknight, M|66/100
|-ability|p1a: Corviknight|Pressure
|move|p2a: Samurott|Ceaseless Edge|p1a: Corviknight
|-damage|p1a: Corviknight|37/100
|-sidestart|p1: Lord Sodium|Spikes
|
|upkeep
|turn|20
|
|t:|1760794913
|move|p2a: Samurott|Ceaseless Edge|p1a: Corviknight
|-damage|p1a: Corviknight|8/100
|-sidestart|p1: Lord Sodium|Spikes
|move|p1a: Corviknight|Roost|p1a: Corviknight
|-heal|p1a: Corviknight|58/100
|-singleturn|p1a: Corviknight|move: Roost
|
|upkeep
|turn|21
|
|t:|1760794918
|move|p2a: Samurott|Flip Turn|p1a: Corviknight
|-damage|p1a: Corviknight|38/100
|
|t:|1760794922
|switch|p2a: Iron Crown|Iron Crown|76/100|[from] Flip Turn
|-damage|p2a: Iron Crown|63/100|[from] Spikes
|move|p1a: Corviknight|Roost|p1a: Corviknight
|-heal|p1a: Corviknight|88/100
|-singleturn|p1a: Corviknight|move: Roost
|
|upkeep
|turn|22
|
|t:|1760794925
|switch|p1a: Slowking|Slowking-Galar, M|85/100
|move|p2a: Iron Crown|Volt Switch|p1a: Slowking
|-damage|p1a: Slowking|63/100
|
|t:|1760794931
|-end|p2a: Iron Crown|Quark Drive|[silent]
|switch|p2a: Great Tusk|Great Tusk|84/100|[from] Volt Switch
|-damage|p2a: Great Tusk|71/100|[from] Spikes
|
|upkeep
|turn|23
|
|t:|1760794935
|switch|p1a: Corviknight|Corviknight, M|88/100
|-ability|p1a: Corviknight|Pressure
|move|p2a: Great Tusk|Rapid Spin|p1a: Corviknight
|-resisted|p1a: Corviknight
|-crit|p1a: Corviknight
|-damage|p1a: Corviknight|81/100
|-boost|p2a: Great Tusk|spe|1
|-sideend|p2: lebmaster|Spikes|[from] move: Rapid Spin|[of] p2a: Great Tusk
|
|upkeep
|turn|24
|
|t:|1760794939
|-end|p2a: Great Tusk|Protosynthesis|[silent]
|switch|p2a: Iron Crown|Iron Crown|63/100
|move|p1a: Corviknight|Defog|p2a: Iron Crown
|-unboost|p2a: Iron Crown|evasion|1
|-sideend|p1: Lord Sodium|Spikes|[from] move: Defog|[of] p1a: Corviknight
|
|upkeep
|turn|25
|
|t:|1760794947
|switch|p1a: Slowking|Slowking-Galar, M|96/100
|-terastallize|p2a: Iron Crown|Steel
|move|p2a: Iron Crown|Tachyon Cutter|p1a: Slowking
|-damage|p1a: Slowking|65/100
|-damage|p1a: Slowking|37/100
|-hitcount|p1a: Slowking|2
|
|upkeep
|turn|26
|
|t:|1760794953
|switch|p1a: Samurott|Samurott-Hisui, F|100/100
|move|p2a: Iron Crown|Tachyon Cutter|p1a: Samurott
|-resisted|p1a: Samurott
|-damage|p1a: Samurott|62/100
|-resisted|p1a: Samurott
|-damage|p1a: Samurott|23/100
|-hitcount|p1a: Samurott|2
|
|upkeep
|turn|27
|
|t:|1760794960
|move|p1a: Samurott|Knock Off|p2a: Iron Crown
|-damage|p2a: Iron Crown|13/100
|-enditem|p2a: Iron Crown|Choice Specs|[from] move: Knock Off|[of] p1a: Samurott
|move|p2a: Iron Crown|Tachyon Cutter|p1a: Samurott
|-resisted|p1a: Samurott
|-damage|p1a: Samurott|0 fnt
|faint|p1a: Samurott
|-hitcount|p1: Samurott|1
|
|upkeep
|
|t:|1760794971
|switch|p1a: Rillaboom|Rillaboom, F|80/100
|-fieldstart|move: Grassy Terrain|[from] ability: Grassy Surge|[of] p1a: Rillaboom
|turn|28
|
|t:|1760794975
|-end|p2a: Iron Crown|Quark Drive|[silent]
|switch|p2a: Pecharunt|Pecharunt|100/100
|move|p1a: Rillaboom|Grassy Glide|p2a: Pecharunt
|-resisted|p2a: Pecharunt
|-damage|p2a: Pecharunt|89/100
|-damage|p1a: Rillaboom|70/100|[from] item: Life Orb
|
|-heal|p1a: Rillaboom|76/100|[from] Grassy Terrain
|-heal|p2a: Pecharunt|95/100|[from] Grassy Terrain
|upkeep
|turn|29
|
|t:|1760794980
|switch|p1a: Slowking|Slowking-Galar, M|70/100
|move|p2a: Pecharunt|Parting Shot|p1a: Slowking
|-unboost|p1a: Slowking|atk|1
|-unboost|p1a: Slowking|spa|1
|
|t:|1760794991
|switch|p2a: Samurott|Samurott-Hisui, M|61/100|[from] Parting Shot
|
|-heal|p2a: Samurott|67/100|[from] Grassy Terrain
|-heal|p1a: Slowking|76/100|[from] Grassy Terrain
|upkeep
|turn|30
|
|t:|1760794994
|switch|p1a: Corviknight|Corviknight, M|81/100
|-ability|p1a: Corviknight|Pressure
|move|p2a: Samurott|Ceaseless Edge|p1a: Corviknight
|-damage|p1a: Corviknight|53/100
|-sidestart|p1: Lord Sodium|Spikes
|
|-heal|p2a: Samurott|74/100|[from] Grassy Terrain
|upkeep
|turn|31
|
|t:|1760794999
|move|p2a: Samurott|Ceaseless Edge|p1a: Corviknight
|-damage|p1a: Corviknight|24/100
|-sidestart|p1: Lord Sodium|Spikes
|move|p1a: Corviknight|Roost|p1a: Corviknight
|-heal|p1a: Corviknight|74/100
|-singleturn|p1a: Corviknight|move: Roost
|
|-heal|p2a: Samurott|80/100|[from] Grassy Terrain
|-heal|p1a: Corviknight|80/100|[from] Grassy Terrain
|upkeep
|turn|32
|
|t:|1760795004
|move|p2a: Samurott|Flip Turn|p1a: Corviknight
|-damage|p1a: Corviknight|61/100
|
|t:|1760795007
|switch|p2a: Iron Crown|Iron Crown, tera:Steel|13/100|[from] Flip Turn
|move|p1a: Corviknight|Defog|p2a: Iron Crown
|-unboost|p2a: Iron Crown|evasion|1
|-sideend|p1: Lord Sodium|Spikes|[from] move: Defog|[of] p1a: Corviknight
|-fieldend|move: Grassy Terrain
|
|upkeep
|turn|33
|
|t:|1760795012
|move|p2a: Iron Crown|Volt Switch|p1a: Corviknight
|-supereffective|p1a: Corviknight
|-damage|p1a: Corviknight|12/100
|
|t:|1760795017
|-end|p2a: Iron Crown|Quark Drive|[silent]
|switch|p2a: Samurott|Samurott-Hisui, M|80/100|[from] Volt Switch
|move|p1a: Corviknight|Roost|p1a: Corviknight
|-heal|p1a: Corviknight|62/100
|-singleturn|p1a: Corviknight|move: Roost
|
|upkeep
|turn|34
|
|t:|1760795024
|move|p2a: Samurott|Ceaseless Edge|p1a: Corviknight
|-damage|p1a: Corviknight|31/100
|-sidestart|p1: Lord Sodium|Spikes
|move|p1a: Corviknight|Body Press|p2a: Samurott
|-supereffective|p2a: Samurott
|-damage|p2a: Samurott|9/100
|
|upkeep
|turn|35
|
|t:|1760795028
|move|p2a: Samurott|Ceaseless Edge|p1a: Corviknight|[miss]
|-miss|p2a: Samurott|p1a: Corviknight
|move|p1a: Corviknight|Roost|p1a: Corviknight
|-heal|p1a: Corviknight|81/100
|-singleturn|p1a: Corviknight|move: Roost
|
|upkeep
|turn|36
|
|t:|1760795033
|move|p2a: Samurott|Flip Turn|p1a: Corviknight
|-damage|p1a: Corviknight|63/100
|
|t:|1760795037
|switch|p2a: Iron Crown|Iron Crown, tera:Steel|13/100|[from] Flip Turn
|move|p1a: Corviknight|Defog|p2a: Iron Crown
|-unboost|p2a: Iron Crown|evasion|1
|-sideend|p1: Lord Sodium|Spikes|[from] move: Defog|[of] p1a: Corviknight
|
|upkeep
|turn|37
|
|t:|1760795044
|switch|p1a: Slowking|Slowking-Galar, M|100/100
|move|p2a: Iron Crown|Volt Switch|p1a: Slowking
|-damage|p1a: Slowking|87/100
|
|t:|1760795047
|-end|p2a: Iron Crown|Quark Drive|[silent]
|switch|p2a: Samurott|Samurott-Hisui, M|9/100|[from] Volt Switch
|
|upkeep
|turn|38
|
|t:|1760795049
|switch|p1a: Corviknight|Corviknight, M|63/100
|-ability|p1a: Corviknight|Pressure
|move|p2a: Samurott|Ceaseless Edge|p1a: Corviknight
|-damage|p1a: Corviknight|36/100
|-sidestart|p1: Lord Sodium|Spikes
|
|upkeep
|turn|39
|
|t:|1760795056
|move|p2a: Samurott|Flip Turn|p1a: Corviknight
|-damage|p1a: Corviknight|17/100
|
|t:|1760795059
|switch|p2a: Iron Crown|Iron Crown, tera:Steel|13/100|[from] Flip Turn
|move|p1a: Corviknight|Roost|p1a: Corviknight
|-heal|p1a: Corviknight|67/100
|-singleturn|p1a: Corviknight|move: Roost
|
|upkeep
|turn|40
|
|t:|1760795067
|switch|p1a: Slowking|Slowking-Galar, M|100/100
|move|p2a: Iron Crown|Volt Switch|p1a: Slowking
|-damage|p1a: Slowking|87/100
|
|t:|1760795071
|-end|p2a: Iron Crown|Quark Drive|[silent]
|switch|p2a: Samurott|Samurott-Hisui, M|9/100|[from] Volt Switch
|
|upkeep
|turn|41
|
|t:|1760795079
|-terastallize|p1a: Slowking|Water
|move|p2a: Samurott|Ceaseless Edge|p1a: Slowking
|-damage|p1a: Slowking|40/100
|-sidestart|p1: Lord Sodium|Spikes
|move|p1a: Slowking|Sludge Bomb|p2a: Samurott
|-damage|p2a: Samurott|0 fnt
|faint|p2a: Samurott
|
|upkeep
|
|t:|1760795091
|switch|p2a: Ogerpon|Ogerpon-Wellspring, F|100/100
|turn|42
|
|t:|1760795099
|switch|p1a: Rillaboom|Rillaboom, F|76/100
|-damage|p1a: Rillaboom|60/100|[from] Spikes
|-fieldstart|move: Grassy Terrain|[from] ability: Grassy Surge|[of] p1a: Rillaboom
|move|p2a: Ogerpon|Trailblaze|p1a: Rillaboom
|-resisted|p1a: Rillaboom
|-damage|p1a: Rillaboom|41/100
|-boost|p2a: Ogerpon|spe|1
|
|-heal|p1a: Rillaboom|47/100|[from] Grassy Terrain
|upkeep
|turn|43
|
|t:|1760795107
|switch|p2a: Pecharunt|Pecharunt|95/100
|move|p1a: Rillaboom|Grassy Glide|p2a: Pecharunt
|-resisted|p2a: Pecharunt
|-damage|p2a: Pecharunt|83/100
|-damage|p1a: Rillaboom|37/100|[from] item: Life Orb
|
|-heal|p1a: Rillaboom|44/100|[from] Grassy Terrain
|-heal|p2a: Pecharunt|89/100|[from] Grassy Terrain
|upkeep
|turn|44
|
|t:|1760795114
|switch|p1a: Slowking|Slowking-Galar, M, tera:Water|74/100
|move|p2a: Pecharunt|Parting Shot|p1a: Slowking
|-unboost|p1a: Slowking|atk|1
|-unboost|p1a: Slowking|spa|1
|
|t:|1760795124
|switch|p2a: Great Tusk|Great Tusk|71/100|[from] Parting Shot
|
|-heal|p2a: Great Tusk|78/100|[from] Grassy Terrain
|-heal|p1a: Slowking|80/100|[from] Grassy Terrain
|upkeep
|turn|45
|
|t:|1760795128
|move|p2a: Great Tusk|Knock Off|p1a: Slowking
|-damage|p1a: Slowking|51/100
|-enditem|p1a: Slowking|Heavy-Duty Boots|[from] move: Knock Off|[of] p2a: Great Tusk
|-prepare|p1a: Slowking|Chilly Reception|[premajor]
|move|p1a: Slowking|Chilly Reception|p1a: Slowking
|-weather|Snowscape
|
|t:|1760795134
|switch|p1a: Mamoswine|Mamoswine, M|100/100|[from] Chilly Reception
|-damage|p1a: Mamoswine|84/100|[from] Spikes
|
|-weather|Snowscape|[upkeep]
|-heal|p2a: Great Tusk|84/100|[from] Grassy Terrain
|-heal|p1a: Mamoswine|90/100|[from] Grassy Terrain
|upkeep
|turn|46
|
|t:|1760795140
|move|p2a: Great Tusk|Stealth Rock|p1a: Mamoswine
|-sidestart|p1: Lord Sodium|move: Stealth Rock
|move|p1a: Mamoswine|Icicle Spear|p2a: Great Tusk
|-supereffective|p2a: Great Tusk
|-damage|p2a: Great Tusk|65/100
|-supereffective|p2a: Great Tusk
|-damage|p2a: Great Tusk|45/100
|-supereffective|p2a: Great Tusk
|-damage|p2a: Great Tusk|25/100
|-supereffective|p2a: Great Tusk
|-damage|p2a: Great Tusk|7/100
|-hitcount|p2a: Great Tusk|4
|
|-weather|Snowscape|[upkeep]
|-heal|p2a: Great Tusk|13/100|[from] Grassy Terrain
|-heal|p1a: Mamoswine|96/100|[from] Grassy Terrain
|-fieldend|move: Grassy Terrain
|upkeep
|turn|47
|
|t:|1760795149
|move|p2a: Great Tusk|Knock Off|p1a: Mamoswine
|-damage|p1a: Mamoswine|75/100
|-enditem|p1a: Mamoswine|Loaded Dice|[from] move: Knock Off|[of] p2a: Great Tusk
|move|p1a: Mamoswine|Icicle Spear|p2a: Great Tusk
|-supereffective|p2a: Great Tusk
|-damage|p2a: Great Tusk|0 fnt
|faint|p2a: Great Tusk
|-end|p2a: Great Tusk|Protosynthesis|[silent]
|-hitcount|p2: Great Tusk|1
|
|-weather|Snowscape|[upkeep]
|upkeep
|
|t:|1760795155
|switch|p2a: Iron Crown|Iron Crown, tera:Steel|13/100
|turn|48
|
|t:|1760795158
|move|p1a: Mamoswine|Ice Shard|p2a: Iron Crown
|-resisted|p2a: Iron Crown
|-damage|p2a: Iron Crown|0 fnt
|faint|p2a: Iron Crown
|-end|p2a: Iron Crown|Quark Drive|[silent]
|
|-weather|Snowscape|[upkeep]
|upkeep
|
|t:|1760795176
|switch|p2a: Pecharunt|Pecharunt|89/100
|turn|49
|
|t:|1760795181
|switch|p2a: Landorus|Landorus-Therian, M|67/100
|-ability|p2a: Landorus|Intimidate|boost
|-unboost|p1a: Mamoswine|atk|1
|move|p1a: Mamoswine|Stealth Rock|p2a: Landorus
|-sidestart|p2: lebmaster|move: Stealth Rock
|
|-weather|none
|upkeep
|turn|50
|
|t:|1760795190
|switch|p2a: Pecharunt|Pecharunt|89/100
|-damage|p2a: Pecharunt|76/100|[from] Stealth Rock
|move|p1a: Mamoswine|Icicle Spear|p2a: Pecharunt
|-damage|p2a: Pecharunt|72/100
|-damage|p2a: Pecharunt|68/100
|-damage|p2a: Pecharunt|64/100
|-hitcount|p2a: Pecharunt|3
|
|upkeep
|turn|51
|
|t:|1760795196
|switch|p2a: Landorus|Landorus-Therian, M|67/100
|-damage|p2a: Landorus|55/100|[from] Stealth Rock
|-ability|p2a: Landorus|Intimidate|boost
|-unboost|p1a: Mamoswine|atk|1
|move|p1a: Mamoswine|Earthquake|p2a: Landorus
|-immune|p2a: Landorus
|
|upkeep
|turn|52
|
|t:|1760795202
|move|p1a: Mamoswine|Ice Shard|p2a: Landorus
|-supereffective|p2a: Landorus
|-damage|p2a: Landorus|5/100
|move|p2a: Landorus|Stone Edge|p1a: Mamoswine
|-crit|p1a: Mamoswine
|-damage|p1a: Mamoswine|0 fnt
|faint|p1a: Mamoswine
|
|upkeep
|
|t:|1760795207
|switch|p1a: Corviknight|Corviknight, M|67/100
|-damage|p1a: Corviknight|55/100|[from] Stealth Rock
|-ability|p1a: Corviknight|Pressure
|turn|53
|
|t:|1760795210
|switch|p2a: Ogerpon|Ogerpon-Wellspring, F|100/100
|-damage|p2a: Ogerpon|88/100|[from] Stealth Rock
|move|p1a: Corviknight|Defog|p2a: Ogerpon
|-unboost|p2a: Ogerpon|evasion|1
|-sideend|p2: lebmaster|Stealth Rock|[from] move: Defog|[of] p1a: Corviknight
|-sideend|p1: Lord Sodium|Spikes|[from] move: Defog|[of] p1a: Corviknight
|-sideend|p1: Lord Sodium|Stealth Rock|[from] move: Defog|[of] p1a: Corviknight
|
|upkeep
|turn|54
|
|t:|1760795215
|move|p2a: Ogerpon|Swords Dance|p2a: Ogerpon
|-boost|p2a: Ogerpon|atk|2
|move|p1a: Corviknight|Iron Defense|p1a: Corviknight
|-boost|p1a: Corviknight|def|2
|
|upkeep
|turn|55
|
|t:|1760795221
|move|p2a: Ogerpon|Ivy Cudgel|p1a: Corviknight|[anim] Ivy Cudgel Water
|-damage|p1a: Corviknight|23/100
|move|p1a: Corviknight|Roost|p1a: Corviknight
|-heal|p1a: Corviknight|73/100
|-singleturn|p1a: Corviknight|move: Roost
|
|upkeep
|turn|56
|
|t:|1760795227
|move|p2a: Ogerpon|Swords Dance|p2a: Ogerpon
|-boost|p2a: Ogerpon|atk|2
|move|p1a: Corviknight|Body Press|p2a: Ogerpon
|-damage|p2a: Ogerpon|41/100
|
|upkeep
|turn|57
|
|t:|1760795231
|switch|p2a: Pecharunt|Pecharunt|64/100
|move|p1a: Corviknight|Body Press|p2a: Pecharunt
|-immune|p2a: Pecharunt
|
|upkeep
|turn|58
|
|t:|1760795238
|switch|p1a: Slowking|Slowking-Galar, M, tera:Water|84/100
|move|p2a: Pecharunt|Recover|p2a: Pecharunt
|-heal|p2a: Pecharunt|100/100
|
|upkeep
|turn|59
|
|t:|1760795243
|move|p2a: Pecharunt|Malignant Chain|p1a: Slowking
|-damage|p1a: Slowking|64/100
|-status|p1a: Slowking|tox
|-start|p1a: Slowking|confusion|[from] ability: Poison Puppeteer|[of] p2a: Pecharunt
|-activate|p1a: Slowking|confusion
|move|p1a: Slowking|Future Sight|p2a: Pecharunt
|-start|p1a: Slowking|move: Future Sight
|
|-damage|p1a: Slowking|58/100 tox|[from] psn
|upkeep
|turn|60
|
|t:|1760795249
|move|p2a: Pecharunt|Parting Shot|p1a: Slowking
|-unboost|p1a: Slowking|atk|1
|-unboost|p1a: Slowking|spa|1
|
|t:|1760795251
|switch|p2a: Ogerpon|Ogerpon-Wellspring, F|41/100|[from] Parting Shot
|-prepare|p1a: Slowking|Chilly Reception|[premajor]
|-activate|p1a: Slowking|confusion
|move|p1a: Slowking|Chilly Reception|p1a: Slowking
|-weather|Snowscape
|
|t:|1760795257
|switch|p1a: Rillaboom|Rillaboom, F|44/100|[from] Chilly Reception
|-fieldstart|move: Grassy Terrain|[from] ability: Grassy Surge|[of] p1a: Rillaboom
|
|-weather|Snowscape|[upkeep]
|-heal|p2a: Ogerpon|47/100|[from] Grassy Terrain
|-heal|p1a: Rillaboom|50/100|[from] Grassy Terrain
|upkeep
|turn|61
|
|t:|1760795261
|switch|p2a: Landorus|Landorus-Therian, M|5/100
|-ability|p2a: Landorus|Intimidate|boost
|-unboost|p1a: Rillaboom|atk|1
|move|p1a: Rillaboom|Grassy Glide|p2a: Landorus
|-damage|p2a: Landorus|0 fnt
|faint|p2a: Landorus
|-damage|p1a: Rillaboom|40/100|[from] item: Life Orb
|
|-weather|Snowscape|[upkeep]
|-hint|Future Sight did not hit because the target is fainted.
|-heal|p1a: Rillaboom|46/100|[from] Grassy Terrain
|upkeep
|
|t:|1760795264
|switch|p2a: Pecharunt|Pecharunt|100/100
|turn|62
|
|t:|1760795281
|switch|p1a: Slowking|Slowking-Galar, M, tera:Water|91/100 tox
|move|p2a: Pecharunt|Parting Shot|p1a: Slowking
|-unboost|p1a: Slowking|atk|1
|-unboost|p1a: Slowking|spa|1
|
|t:|1760795285
|switch|p2a: Ogerpon|Ogerpon-Wellspring, F|47/100|[from] Parting Shot
|
|-weather|Snowscape|[upkeep]
|-heal|p2a: Ogerpon|53/100|[from] Grassy Terrain
|-heal|p1a: Slowking|97/100 tox|[from] Grassy Terrain
|-damage|p1a: Slowking|91/100 tox|[from] psn
|upkeep
|turn|63
|
|t:|1760795292
|move|p2a: Ogerpon|Synthesis|p2a: Ogerpon
|-heal|p2a: Ogerpon|78/100
|move|p1a: Slowking|Sludge Bomb|p2a: Ogerpon
|-supereffective|p2a: Ogerpon
|-damage|p2a: Ogerpon|38/100
|
|-weather|Snowscape|[upkeep]
|-heal|p2a: Ogerpon|44/100|[from] Grassy Terrain
|-heal|p1a: Slowking|97/100 tox|[from] Grassy Terrain
|-damage|p1a: Slowking|85/100 tox|[from] psn
|upkeep
|turn|64
|
|t:|1760795303
|move|p2a: Ogerpon|Trailblaze|p1a: Slowking
|-supereffective|p1a: Slowking
|-damage|p1a: Slowking|7/100 tox
|-boost|p2a: Ogerpon|spe|1
|move|p1a: Slowking|Thunder Wave|p2a: Ogerpon
|-status|p2a: Ogerpon|par
|
|-weather|none
|-heal|p2a: Ogerpon|50/100 par|[from] Grassy Terrain
|-heal|p1a: Slowking|13/100 tox|[from] Grassy Terrain
|-damage|p1a: Slowking|0 fnt|[from] psn
|faint|p1a: Slowking
|-fieldend|move: Grassy Terrain
|upkeep
|
|t:|1760795310
|switch|p1a: Raging Bolt|Raging Bolt|100/100
|-enditem|p1a: Raging Bolt|Booster Energy
|-activate|p1a: Raging Bolt|ability: Protosynthesis|[fromitem]
|-start|p1a: Raging Bolt|protosynthesisspa
|turn|65
|
|t:|1760795315
|move|p1a: Raging Bolt|Calm Mind|p1a: Raging Bolt
|-boost|p1a: Raging Bolt|spa|1
|-boost|p1a: Raging Bolt|spd|1
|move|p2a: Ogerpon|Ivy Cudgel|p1a: Raging Bolt|[anim] Ivy Cudgel Water
|-resisted|p1a: Raging Bolt
|-damage|p1a: Raging Bolt|77/100
|
|upkeep
|turn|66
|
|t:|1760795323
|move|p1a: Raging Bolt|Thunderbolt|p2a: Ogerpon
|-damage|p2a: Ogerpon|0 fnt
|faint|p2a: Ogerpon
|
|upkeep
|
|t:|1760795325
|switch|p2a: Pecharunt|Pecharunt|100/100
|turn|67
|
|t:|1760795328
|move|p1a: Raging Bolt|Thunderbolt|p2a: Pecharunt
|-damage|p2a: Pecharunt|0 fnt
|faint|p2a: Pecharunt
|
|win|Lord Sodium
|raw|Lord Sodium's rating: 1640 &rarr; <strong>1662</strong><br />(+22 for winning)
|raw|lebmaster's rating: 1680 &rarr; <strong>1658</strong><br />(-22 for losing)
|l|☆lebmaster
|player|p2|
|l|☆Lord Sodium
|player|p1|
