|j|☆kemious
|j|☆PenguinMLSJ
|t:|1760796362
|gametype|singles
|player|p1|kemious|169|1511
|player|p2|PenguinMLSJ|red-gen7|1596
|gen|9
|tier|[Gen 9] OU
|rated|
|rule|HP Percentage Mod: HP is shown in percentages
|rule|Endless Battle Clause: Forcing endless battles is banned
|rule|Species Clause: Limit one of each Pokémon
|rule|OHKO Clause: OHKO moves are banned
|rule|Evasion Items Clause: Evasion items are banned
|rule|Evasion Moves Clause: Evasion moves are banned
|rule|Evasion Abilities Clause: Evasion abilities are banned
|rule|Sleep Moves Clause: Sleep-inducing moves are banned
|clearpoke
|poke|p1|Chesnaught, M|
|poke|p1|Gastrodon, F|
|poke|p1|Kilowattrel, M|
|poke|p1|Glimmora, F|
|poke|p1|Ceruledge, M|
|poke|p1|Goodra-Hisui, F|
|poke|p2|Skeledirge, M|
|poke|p2|Garganacl, F|
|poke|p2|Kingambit, M|
|poke|p2|Clefable, F|
|poke|p2|Great Tusk|
|poke|p2|Iron Valiant|
|teampreview
|inactive|Battle timer is ON: inactive players will automatically lose when time's up. (requested by PenguinMLSJ)
|inactive|kemious has 120 seconds left.
|
|t:|1760796396
|teamsize|p1|6
|teamsize|p2|6
|start
|switch|p1a: Kilowattrel|Kilowattrel, M, shiny|100/100
|switch|p2a: Kingambit|Kingambit, M|100/100
|turn|1
|
|t:|1760796405
|move|p1a: Kilowattrel|Volt Switch|p2a: Kingambit
|-damage|p2a: Kingambit|72/100
|
|t:|1760796432
|switch|p1a: Chesnaught|Chesnaught, M|100/100|[from] Volt Switch
|move|p2a: Kingambit|Iron Head|p1a: Chesnaught
|-damage|p1a: Chesnaught|68/100
|
|-heal|p1a: Chesnaught|74/100|[from] item: Leftovers
|-heal|p2a: Kingambit|78/100|[from] item: Leftovers
|upkeep
|turn|2
|
|t:|1760796440
|-end|p2a: Kingambit|fallenundefined|[silent]
|switch|p2a: Skeledirge|Skeledirge, M|100/100
|move|p1a: Chesnaught|Knock Off|p2a: Skeledirge
|-supereffective|p2a: Skeledirge
|-damage|p2a: Skeledirge|73/100
|-enditem|p2a: Skeledirge|Heavy-Duty Boots|[from] move: Knock Off|[of] p1a: Chesnaught
|
|-heal|p1a: Chesnaught|80/100|[from] item: Leftovers
|upkeep
|turn|3
|
|t:|1760796448
|switch|p1a: Ceruledge|Ceruledge, M|100/100
|switch|p2a: Kingambit|Kingambit, M|78/100
|
|-heal|p2a: Kingambit|84/100|[from] item: Leftovers
|upkeep
|turn|4
|
|t:|1760796457
|switch|p1a: Chesnaught|Chesnaught, M|80/100
|move|p2a: Kingambit|Sucker Punch||[still]
|-fail|p2a: Kingambit
|
|-heal|p1a: Chesnaught|87/100|[from] item: Leftovers
|-heal|p2a: Kingambit|91/100|[from] item: Leftovers
|upkeep
|turn|5
|
|t:|1760796462
|-end|p2a: Kingambit|fallenundefined|[silent]
|switch|p2a: Skeledirge|Skeledirge, M|73/100
|move|p1a: Chesnaught|Leech Seed|p2a: Skeledirge
|-start|p2a: Skeledirge|move: Leech Seed
|
|-heal|p1a: Chesnaught|93/100|[from] item: Leftovers
|-damage|p2a: Skeledirge|61/100|[from] Leech Seed|[of] p1a: Chesnaught
|-heal|p1a: Chesnaught|100/100|[silent]
|upkeep
|turn|6
|
|t:|1760796470
|switch|p1a: Gastrodon|Gastrodon, F|100/100
|move|p2a: Skeledirge|Slack Off|p2a: Skeledirge
|-heal|p2a: Skeledirge|100/100
|
|-damage|p2a: Skeledirge|88/100|[from] Leech Seed|[of] p1a: Gastrodon
|upkeep
|turn|7
|
|t:|1760796477
|switch|p2a: Clefable|Clefable, F|100/100
|move|p1a: Gastrodon|Spikes|p2a: Clefable
|-sidestart|p2: PenguinMLSJ|Spikes
|
|upkeep
|turn|8
|
|t:|1760796481
|move|p2a: Clefable|Trick|p1a: Gastrodon
|-activate|p2a: Clefable|move: Trick|[of] p1a: Gastrodon
|-item|p1a: Gastrodon|Sticky Barb|[from] move: Trick
|-item|p2a: Clefable|Leftovers|[from] move: Trick
|move|p1a: Gastrodon|Spikes|p2a: Clefable
|-sidestart|p2: PenguinMLSJ|Spikes
|
|-damage|p1a: Gastrodon|88/100|[from] item: Sticky Barb
|upkeep
|turn|9
|
|t:|1760796487
|move|p2a: Clefable|Moonblast|p1a: Gastrodon
|-damage|p1a: Gastrodon|66/100
|move|p1a: Gastrodon|Spikes|p2a: Clefable
|-sidestart|p2: PenguinMLSJ|Spikes
|
|-damage|p1a: Gastrodon|54/100|[from] item: Sticky Barb
|upkeep
|turn|10
|
|t:|1760796490
|switch|p1a: Goodra|Goodra-Hisui, F|100/100
|move|p2a: Clefable|Wish|p2a: Clefable
|
|upkeep
|turn|11
|
|t:|1760796499
|switch|p2a: Kingambit|Kingambit, M|91/100
|-damage|p2a: Kingambit|66/100|[from] Spikes
|move|p1a: Goodra|Ice Beam|p2a: Kingambit
|-resisted|p2a: Kingambit
|-damage|p2a: Kingambit|53/100
|-status|p2a: Kingambit|frz
|
|-heal|p2a: Kingambit|100/100 frz|[from] move: Wish|[wisher] Clefable
|upkeep
|turn|12
|
|t:|1760796510
|move|p1a: Goodra|Knock Off|p2a: Kingambit
|-resisted|p2a: Kingambit
|-damage|p2a: Kingambit|93/100 frz
|-enditem|p2a: Kingambit|Leftovers|[from] move: Knock Off|[of] p1a: Goodra
|-curestatus|p2a: Kingambit|frz|[msg]
|move|p2a: Kingambit|Swords Dance|p2a: Kingambit
|-boost|p2a: Kingambit|atk|2
|
|upkeep
|turn|13
|
|t:|1760796518
|switch|p1a: Chesnaught|Chesnaught, M|100/100
|move|p2a: Kingambit|Kowtow Cleave|p1a: Chesnaught
|-resisted|p1a: Chesnaught
|-damage|p1a: Chesnaught|67/100
|
|-heal|p1a: Chesnaught|73/100|[from] item: Leftovers
|upkeep
|turn|14
|
|t:|1760796527
|-terastallize|p2a: Kingambit|Fairy
|move|p1a: Chesnaught|Body Press|p2a: Kingambit
|-resisted|p2a: Kingambit
|-damage|p2a: Kingambit|76/100
|move|p2a: Kingambit|Iron Head|p1a: Chesnaught
|-damage|p1a: Chesnaught|16/100
|
|-heal|p1a: Chesnaught|22/100|[from] item: Leftovers
|upkeep
|turn|15
|
|t:|1760796550
|switch|p1a: Goodra|Goodra-Hisui, F|100/100
|move|p2a: Kingambit|Kowtow Cleave|p1a: Goodra
|-crit|p1a: Goodra
|-damage|p1a: Goodra|0 fnt
|faint|p1a: Goodra
|
|upkeep
|
|t:|1760796556
|switch|p1a: Kilowattrel|Kilowattrel, M, shiny|100/100
|turn|16
|
|t:|1760796559
|switch|p1a: Glimmora|Glimmora, F|100/100
|move|p2a: Kingambit|Sucker Punch||[still]
|-fail|p2a: Kingambit
|
|upkeep
|turn|17
|
|t:|1760796564
|move|p1a: Glimmora|Venoshock|p2a: Kingambit
|-supereffective|p2a: Kingambit
|-damage|p2a: Kingambit|18/100
|move|p2a: Kingambit|Iron Head|p1a: Glimmora
|-supereffective|p1a: Glimmora
|-damage|p1a: Glimmora|0 fnt
|-activate|p1a: Glimmora|ability: Toxic Debris
|-sidestart|p2: PenguinMLSJ|move: Toxic Spikes
|faint|p1a: Glimmora
|
|upkeep
|
|t:|1760796572
|switch|p1a: Chesnaught|Chesnaught, M|22/100
|turn|18
|
|t:|1760796579
|move|p1a: Chesnaught|Leech Seed|p2a: Kingambit
|-start|p2a: Kingambit|move: Leech Seed
|move|p2a: Kingambit|Iron Head|p1a: Chesnaught
|-damage|p1a: Chesnaught|0 fnt
|faint|p1a: Chesnaught
|
|upkeep
|
|t:|1760796583
|switch|p1a: Ceruledge|Ceruledge, M|100/100
|turn|19
|
|t:|1760796585
|move|p1a: Ceruledge|Swords Dance|p1a: Ceruledge
|-boost|p1a: Ceruledge|atk|2
|move|p2a: Kingambit|Kowtow Cleave|p1a: Ceruledge
|-supereffective|p1a: Ceruledge
|-damage|p1a: Ceruledge|0 fnt
|faint|p1a: Ceruledge
|
|upkeep
|c|☆PenguinMLSJ|ggs
|-message|kemious forfeited.
|
|win|PenguinMLSJ
|raw|kemious's rating: 1511 &rarr; <strong>1496</strong><br />(-15 for losing)
|raw|PenguinMLSJ's rating: 1596 &rarr; <strong>1611</strong><br />(+15 for winning)
|l|☆kemious
|player|p1|
|l|☆PenguinMLSJ
|player|p2|
