|j|☆kebab.ixx
|j|☆flygonisdragon
|t:|1760850430
|gametype|singles
|player|p1|kebab.ixx|102|1652
|player|p2|flygonisdragon|serena-masters|1623
|gen|9
|tier|[Gen 9] OU
|rated|
|rule|HP Percentage Mod: HP is shown in percentages
|rule|Endless Battle Clause: Forcing endless battles is banned
|rule|Species Clause: Limit one of each Pokémon
|rule|OHKO Clause: OHKO moves are banned
|rule|Evasion Items Clause: Evasion items are banned
|rule|Evasion Moves Clause: Evasion moves are banned
|rule|Evasion Abilities Clause: Evasion abilities are banned
|rule|Sleep Moves Clause: Sleep-inducing moves are banned
|clearpoke
|poke|p1|Kleavor, F|
|poke|p1|Iron Crown|
|poke|p1|Cinderace, M|
|poke|p1|Pecharunt|
|poke|p1|Dragonite, F|
|poke|p1|Garchomp, F|
|poke|p2|Clefable, F|
|poke|p2|Heatran, F|
|poke|p2|Corviknight, M|
|poke|p2|Kyurem|
|poke|p2|Ursaluna, F|
|poke|p2|Quaquaval, F|
|teampreview
|
|t:|1760850446
|teamsize|p1|6
|teamsize|p2|6
|start
|switch|p1a: Kleavor|Kleavor, F|100/100
|switch|p2a: Ursaluna|Ursaluna, F|100/100
|turn|1
|
|t:|1760850453
|move|p1a: Kleavor|Close Combat|p2a: Ursaluna
|-supereffective|p2a: Ursaluna
|-damage|p2a: Ursaluna|31/100
|-unboost|p1a: Kleavor|def|1
|-unboost|p1a: Kleavor|spd|1
|move|p2a: Ursaluna|Headlong Rush|p1a: Kleavor
|-enditem|p1a: Kleavor|Focus Sash
|-damage|p1a: Kleavor|1/100
|-unboost|p2a: Ursaluna|def|1
|-unboost|p2a: Ursaluna|spd|1
|
|upkeep
|turn|2
|
|t:|1760850459
|switch|p2a: Corviknight|Corviknight, M|100/100
|-ability|p2a: Corviknight|Pressure
|move|p1a: Kleavor|Stone Axe|p2a: Corviknight|[miss]
|-miss|p1a: Kleavor|p2a: Corviknight
|
|upkeep
|turn|3
|
|t:|1760850464
|move|p1a: Kleavor|Stone Axe|p2a: Corviknight
|-damage|p2a: Corviknight|66/100
|-damage|p1a: Kleavor|0 fnt|[from] item: Rocky Helmet|[of] p2a: Corviknight
|faint|p1a: Kleavor
|move|p2a: Corviknight|U-turn|p1: Kleavor|[notarget]
|-fail|p2a: Corviknight
|
|upkeep
|
|t:|1760850468
|switch|p1a: Cinderace|Cinderace, M|100/100
|turn|4
|
|t:|1760850473
|switch|p2a: Heatran|Heatran, F|100/100
|move|p1a: Cinderace|Swords Dance|p1a: Cinderace
|-boost|p1a: Cinderace|atk|2
|
|upkeep
|turn|5
|
|t:|1760850479
|switch|p1a: Garchomp|Garchomp, F|100/100
|switch|p2a: Clefable|Clefable, F|100/100
|
|upkeep
|turn|6
|
|t:|1760850482
|switch|p1a: Cinderace|Cinderace, M|100/100
|move|p2a: Clefable|Moonblast|p1a: Cinderace
|-resisted|p1a: Cinderace
|-damage|p1a: Cinderace|80/100
|
|upkeep
|turn|7
|
|t:|1760850485
|move|p1a: Cinderace|Pyro Ball|p2a: Clefable
|-damage|p2a: Clefable|59/100
|move|p2a: Clefable|Thunder Wave|p1a: Cinderace
|-status|p1a: Cinderace|par
|
|upkeep
|turn|8
|
|t:|1760850492
|switch|p1a: Garchomp|Garchomp, F|100/100
|switch|p2a: Ursaluna|Ursaluna, F|31/100
|
|upkeep
|turn|9
|
|t:|1760850497
|move|p1a: Garchomp|Swords Dance|p1a: Garchomp
|-boost|p1a: Garchomp|atk|2
|move|p2a: Ursaluna|Ice Punch|p1a: Garchomp
|-supereffective|p1a: Garchomp
|-damage|p1a: Garchomp|0 fnt
|-damage|p2a: Ursaluna|19/100|[from] ability: Rough Skin|[of] p1a: Garchomp
|faint|p1a: Garchomp
|
|upkeep
|
|t:|1760850505
|switch|p1a: Dragonite|Dragonite, F|100/100
|turn|10
|
|t:|1760850512
|-terastallize|p1a: Dragonite|Normal
|move|p1a: Dragonite|Dragon Dance|p1a: Dragonite
|-boost|p1a: Dragonite|atk|1
|-boost|p1a: Dragonite|spe|1
|move|p2a: Ursaluna|Ice Punch|p1a: Dragonite
|-damage|p1a: Dragonite|84/100
|
|upkeep
|turn|11
|
|t:|1760850518
|move|p1a: Dragonite|Dragon Dance|p1a: Dragonite
|-boost|p1a: Dragonite|atk|1
|-boost|p1a: Dragonite|spe|1
|move|p2a: Ursaluna|Close Combat|p1a: Dragonite
|-supereffective|p1a: Dragonite
|-damage|p1a: Dragonite|0 fnt
|-unboost|p2a: Ursaluna|def|1
|-unboost|p2a: Ursaluna|spd|1
|faint|p1a: Dragonite
|
|upkeep
|-message|kebab.ixx forfeited.
|
|win|flygonisdragon
|raw|kebab.ixx's rating: 1652 &rarr; <strong>1630</strong><br />(-22 for losing)
|raw|flygonisdragon's rating: 1623 &rarr; <strong>1645</strong><br />(+22 for winning)
|l|☆kebab.ixx
|player|p1|
|l|☆flygonisdragon
|player|p2|
