|j|☆Darkrium
|j|☆i♡laufey
|inactive|Battle timer is ON: inactive players will automatically lose when time's up.
|t:|1760725012
|gametype|singles
|player|p1|Darkrium|101|
|player|p2|i♡laufey|miku-water|
|gen|9
|tier|[Gen 9] OU
|rated|Tournament battle
|rule|HP Percentage Mod: HP is shown in percentages
|rule|Endless Battle Clause: Forcing endless battles is banned
|rule|Species Clause: Limit one of each Pokémon
|rule|OHKO Clause: OHKO moves are banned
|rule|Evasion Items Clause: Evasion items are banned
|rule|Evasion Moves Clause: Evasion moves are banned
|rule|Evasion Abilities Clause: Evasion abilities are banned
|rule|Sleep Moves Clause: Sleep-inducing moves are banned
|clearpoke
|poke|p1|Dragonite, M|
|poke|p1|Ting-Lu|
|poke|p1|Iron Moth|
|poke|p1|Iron Valiant|
|poke|p1|Kyurem|
|poke|p1|Gholdengo|
|poke|p2|Iron Moth|
|poke|p2|Ting-Lu|
|poke|p2|Torkoal, M|
|poke|p2|Walking Wake|
|poke|p2|Great Tusk|
|poke|p2|Slither Wing|
|teampreview
|inactive|i♡laufey also wants the timer to be on.
|c|☆i♡laufey|glhf
|c|☆Darkrium|gl hf
|
|t:|1760725040
|teamsize|p1|6
|teamsize|p2|6
|start
|switch|p1a: Ting-Lu|Ting-Lu|100/100
|switch|p2a: Worth It|Torkoal, M|100/100
|-ability|p1a: Ting-Lu|Vessel of Ruin
|-weather|SunnyDay|[from] ability: Drought|[of] p2a: Worth It
|turn|1
|
|t:|1760725045
|move|p1a: Ting-Lu|Stealth Rock|p2a: Worth It
|-sidestart|p2: i♡laufey|move: Stealth Rock
|move|p2a: Worth It|Stealth Rock|p1a: Ting-Lu
|-sidestart|p1: Darkrium|move: Stealth Rock
|
|-weather|SunnyDay|[upkeep]
|upkeep
|turn|2
|
|t:|1760725048
|move|p1a: Ting-Lu|Earthquake|p2a: Worth It
|-supereffective|p2a: Worth It
|-damage|p2a: Worth It|52/100
|move|p2a: Worth It|Rapid Spin|p1a: Ting-Lu
|-damage|p1a: Ting-Lu|95/100
|-boost|p2a: Worth It|spe|1
|-damage|p2a: Worth It|35/100|[from] item: Rocky Helmet|[of] p1a: Ting-Lu
|-sideend|p2: i♡laufey|Stealth Rock|[from] move: Rapid Spin|[of] p2a: Worth It
|
|-weather|SunnyDay|[upkeep]
|upkeep
|turn|3
|
|t:|1760725051
|switch|p2a: Fragile|Walking Wake|100/100
|-activate|p2a: Fragile|ability: Protosynthesis
|-start|p2a: Fragile|protosynthesisspe
|move|p1a: Ting-Lu|Stealth Rock|p2a: Fragile
|-sidestart|p2: i♡laufey|move: Stealth Rock
|
|-weather|SunnyDay|[upkeep]
|upkeep
|turn|4
|
|t:|1760725056
|move|p2a: Fragile|Hydro Steam|p1a: Ting-Lu
|-supereffective|p1a: Ting-Lu
|-damage|p1a: Ting-Lu|0 fnt
|faint|p1a: Ting-Lu
|
|-weather|SunnyDay|[upkeep]
|upkeep
|
|t:|1760725060
|switch|p1a: Kyurem|Kyurem|100/100
|-damage|p1a: Kyurem|76/100|[from] Stealth Rock
|-ability|p1a: Kyurem|Pressure
|turn|5
|
|t:|1760725066
|-end|p2a: Fragile|Protosynthesis|[silent]
|switch|p2a: One Time|Great Tusk|100/100
|-activate|p2a: One Time|ability: Protosynthesis
|-start|p2a: One Time|protosynthesisspe
|move|p1a: Kyurem|Scale Shot|p2a: One Time
|-damage|p2a: One Time|91/100
|-damage|p2a: One Time|82/100
|-damage|p2a: One Time|74/100
|-damage|p2a: One Time|65/100
|-damage|p2a: One Time|55/100
|-hitcount|p2a: One Time|5
|-unboost|p1a: Kyurem|def|1
|-boost|p1a: Kyurem|spe|1
|
|-weather|SunnyDay|[upkeep]
|upkeep
|turn|6
|
|t:|1760725073
|move|p2a: One Time|Rapid Spin|p1a: Kyurem
|-damage|p1a: Kyurem|54/100
|-boost|p2a: One Time|spe|1
|-sideend|p2: i♡laufey|Stealth Rock|[from] move: Rapid Spin|[of] p2a: One Time
|move|p1a: Kyurem|Icicle Spear|p2a: One Time
|-supereffective|p2a: One Time
|-damage|p2a: One Time|38/100
|-supereffective|p2a: One Time
|-damage|p2a: One Time|20/100
|-supereffective|p2a: One Time
|-damage|p2a: One Time|2/100
|-supereffective|p2a: One Time
|-damage|p2a: One Time|0 fnt
|faint|p2a: One Time
|-end|p2a: One Time|Protosynthesis|[silent]
|-hitcount|p2: One Time|4
|
|-weather|SunnyDay|[upkeep]
|upkeep
|j| mobex
|
|t:|1760725082
|switch|p2a: Fragile|Walking Wake|100/100
|-activate|p2a: Fragile|ability: Protosynthesis
|-start|p2a: Fragile|protosynthesisspe
|turn|7
|
|t:|1760725085
|move|p2a: Fragile|Flamethrower|p1a: Kyurem
|-damage|p1a: Kyurem|0 fnt
|faint|p1a: Kyurem
|
|-weather|SunnyDay|[upkeep]
|upkeep
|
|t:|1760725090
|switch|p1a: Iron Moth|Iron Moth|100/100
|-damage|p1a: Iron Moth|76/100|[from] Stealth Rock
|-enditem|p1a: Iron Moth|Booster Energy
|-activate|p1a: Iron Moth|ability: Quark Drive|[fromitem]
|-start|p1a: Iron Moth|quarkdrivespe
|turn|8
|
|t:|1760725093
|-end|p2a: Fragile|Protosynthesis|[silent]
|switch|p2a: 林冰|Ting-Lu|100/100
|-ability|p2a: 林冰|Vessel of Ruin
|move|p1a: Iron Moth|Fiery Dance|p2a: 林冰
|-damage|p2a: 林冰|76/100
|
|-weather|none
|upkeep
|turn|9
|
|t:|1760725097
|move|p1a: Iron Moth|Fiery Dance|p2a: 林冰
|-damage|p2a: 林冰|58/100
|-boost|p1a: Iron Moth|spa|1
|move|p2a: 林冰|Earthquake|p1a: Iron Moth
|-supereffective|p1a: Iron Moth
|-damage|p1a: Iron Moth|0 fnt
|faint|p1a: Iron Moth
|-end|p1a: Iron Moth|Quark Drive|[silent]
|
|upkeep
|
|t:|1760725100
|switch|p1a: Dragonite|Dragonite, M|100/100
|turn|10
|
|t:|1760725103
|move|p1a: Dragonite|Dragon Dance|p1a: Dragonite
|-boost|p1a: Dragonite|atk|1
|-boost|p1a: Dragonite|spe|1
|move|p2a: 林冰|Whirlwind|p1a: Dragonite
|drag|p1a: Iron Valiant|Iron Valiant|100/100
|-damage|p1a: Iron Valiant|94/100|[from] Stealth Rock
|-enditem|p1a: Iron Valiant|Booster Energy
|-activate|p1a: Iron Valiant|ability: Quark Drive|[fromitem]
|-start|p1a: Iron Valiant|quarkdrivespe
|
|upkeep
|turn|11
|
|t:|1760725108
|move|p1a: Iron Valiant|Close Combat|p2a: 林冰
|-supereffective|p2a: 林冰
|-damage|p2a: 林冰|0 fnt
|-unboost|p1a: Iron Valiant|def|1
|-unboost|p1a: Iron Valiant|spd|1
|-damage|p1a: Iron Valiant|78/100|[from] item: Rocky Helmet|[of] p2a: 林冰
|faint|p2a: 林冰
|
|upkeep
|
|t:|1760725116
|switch|p2a: Worth It|Torkoal, M|35/100
|-weather|SunnyDay|[from] ability: Drought|[of] p2a: Worth It
|turn|12
|
|t:|1760725118
|move|p1a: Iron Valiant|Close Combat|p2a: Worth It
|-damage|p2a: Worth It|0 fnt
|-unboost|p1a: Iron Valiant|def|1
|-unboost|p1a: Iron Valiant|spd|1
|faint|p2a: Worth It
|
|-weather|SunnyDay|[upkeep]
|upkeep
|
|t:|1760725128
|switch|p2a: Girl Song|Iron Moth|100/100
|turn|13
|
|t:|1760725135
|move|p1a: Iron Valiant|Knock Off|p2a: Girl Song
|-damage|p2a: Girl Song|44/100
|-enditem|p2a: Girl Song|Choice Specs|[from] move: Knock Off|[of] p1a: Iron Valiant
|move|p2a: Girl Song|Fiery Dance|p1a: Iron Valiant
|-crit|p1a: Iron Valiant
|-damage|p1a: Iron Valiant|0 fnt
|faint|p1a: Iron Valiant
|-end|p1a: Iron Valiant|Quark Drive|[silent]
|
|-weather|SunnyDay|[upkeep]
|upkeep
|
|t:|1760725141
|switch|p1a: Gholdengo|Gholdengo|100/100
|-damage|p1a: Gholdengo|94/100|[from] Stealth Rock
|turn|14
|
|t:|1760725145
|move|p1a: Gholdengo|Shadow Ball|p2a: Girl Song
|-damage|p2a: Girl Song|0 fnt
|faint|p2a: Girl Song
|-end|p2a: Girl Song|Quark Drive|[silent]
|
|-weather|SunnyDay|[upkeep]
|upkeep
|
|t:|1760725148
|switch|p2a: Fragile|Walking Wake|100/100
|-activate|p2a: Fragile|ability: Protosynthesis
|-start|p2a: Fragile|protosynthesisspe
|turn|15
|
|t:|1760725155
|move|p2a: Fragile|Hydro Steam|p1a: Gholdengo
|-damage|p1a: Gholdengo|0 fnt
|faint|p1a: Gholdengo
|
|-weather|SunnyDay|[upkeep]
|upkeep
|
|t:|1760725158
|switch|p1a: Dragonite|Dragonite, M|100/100
|turn|16
|
|t:|1760725160
|-end|p2a: Fragile|Protosynthesis|[silent]
|switch|p2a: Fake It Flowers|Slither Wing, shiny|100/100
|-activate|p2a: Fake It Flowers|ability: Protosynthesis
|-start|p2a: Fake It Flowers|protosynthesisatk
|move|p1a: Dragonite|Dragon Dance|p1a: Dragonite
|-boost|p1a: Dragonite|atk|1
|-boost|p1a: Dragonite|spe|1
|
|-weather|SunnyDay|[upkeep]
|upkeep
|turn|17
|
|t:|1760725171
|-terastallize|p2a: Fake It Flowers|Fire
|move|p1a: Dragonite|Dragon Dance|p1a: Dragonite
|-boost|p1a: Dragonite|atk|1
|-boost|p1a: Dragonite|spe|1
|move|p2a: Fake It Flowers|Flare Blitz|p1a: Dragonite
|-resisted|p1a: Dragonite
|-damage|p1a: Dragonite|48/100
|-damage|p2a: Fake It Flowers|83/100|[from] Recoil
|
|-weather|SunnyDay|[upkeep]
|upkeep
|turn|18
|
|t:|1760725176
|-end|p2a: Fake It Flowers|Protosynthesis|[silent]
|switch|p2a: Fragile|Walking Wake|100/100
|-activate|p2a: Fragile|ability: Protosynthesis
|-start|p2a: Fragile|protosynthesisspe
|-terastallize|p1a: Dragonite|Ground
|move|p1a: Dragonite|Earthquake|p2a: Fragile
|-damage|p2a: Fragile|0 fnt
|faint|p2a: Fragile
|-end|p2a: Fragile|Protosynthesis|[silent]
|
|-weather|SunnyDay|[upkeep]
|upkeep
|
|t:|1760725178
|switch|p2a: Fake It Flowers|Slither Wing, shiny, tera:Fire|83/100
|-activate|p2a: Fake It Flowers|ability: Protosynthesis
|-start|p2a: Fake It Flowers|protosynthesisatk
|turn|19
|
|t:|1760725181
|move|p2a: Fake It Flowers|First Impression|p1a: Dragonite
|-damage|p1a: Dragonite|0 fnt
|faint|p1a: Dragonite
|
|win|i♡laufey
|n|☆Darkrium|darkrium
|n|☆i♡laufey|ilaufey
|n| mobex|mobex
|c|☆i♡laufey|ggwp
|c|☆Darkrium|gg
|l|☆Darkrium
|player|p1|
