|j|☆AlrKed
|j|☆ractars
|t:|1760848110
|gametype|singles
|player|p1|AlrKed|265|1097
|player|p2|ractars|gentleman|1148
|gen|9
|tier|[Gen 9] OU
|rated|
|rule|HP Percentage Mod: HP is shown in percentages
|rule|Endless Battle Clause: Forcing endless battles is banned
|rule|Species Clause: Limit one of each Pokémon
|rule|OHKO Clause: OHKO moves are banned
|rule|Evasion Items Clause: Evasion items are banned
|rule|Evasion Moves Clause: Evasion moves are banned
|rule|Evasion Abilities Clause: Evasion abilities are banned
|rule|Sleep Moves Clause: Sleep-inducing moves are banned
|clearpoke
|poke|p1|Dragapult, F|
|poke|p1|Excadrill, M|
|poke|p1|Hippowdon, F|
|poke|p1|Zapdos|
|poke|p1|Scizor, M|
|poke|p1|Ditto|
|poke|p2|Volcanion|
|poke|p2|Garchomp, F|
|poke|p2|Zapdos|
|poke|p2|Metagross|
|poke|p2|Darkrai|
|poke|p2|Mimikyu, M|
|teampreview
|
|t:|1760848122
|teamsize|p1|6
|teamsize|p2|6
|start
|switch|p1a: Hippowdon|Hippowdon, F|100/100
|switch|p2a: Volcanion|Volcanion|100/100
|-weather|Sandstorm|[from] ability: Sand Stream|[of] p1a: Hippowdon
|turn|1
|
|t:|1760848138
|move|p2a: Volcanion|Steam Eruption|p1a: Hippowdon
|-supereffective|p1a: Hippowdon
|-damage|p1a: Hippowdon|0 fnt
|faint|p1a: Hippowdon
|
|-weather|Sandstorm|[upkeep]
|-damage|p2a: Volcanion|94/100|[from] Sandstorm
|upkeep
|
|t:|1760848147
|switch|p1a: Ditto|Ditto|100/100
|-transform|p1a: Ditto|p2a: Volcanion|[from] ability: Imposter
|turn|2
|
|t:|1760848160
|switch|p2a: Metagross|Metagross|100/100
|move|p1a: Ditto|Steam Eruption|p2a: Metagross
|-damage|p2a: Metagross|34/100
|
|-weather|Sandstorm|[upkeep]
|-damage|p1a: Ditto|94/100|[from] Sandstorm
|upkeep
|turn|3
|
|t:|1760848172
|move|p1a: Ditto|Steam Eruption|p2a: Metagross
|-damage|p2a: Metagross|0 fnt
|faint|p2a: Metagross
|
|-weather|Sandstorm|[upkeep]
|-damage|p1a: Ditto|88/100|[from] Sandstorm
|upkeep
|
|t:|1760848182
|switch|p2a: Zapdos|Zapdos|100/100
|-ability|p2a: Zapdos|Pressure
|turn|4
|
|t:|1760848189
|switch|p1a: Excadrill|Excadrill, M|100/100
|move|p2a: Zapdos|Thunderbolt|p1a: Excadrill
|-immune|p1a: Excadrill
|
|-weather|Sandstorm|[upkeep]
|-damage|p2a: Zapdos|94/100|[from] Sandstorm
|upkeep
|turn|5
|
|t:|1760848208
|switch|p1a: Dragapult|Dragapult, F|100/100
|move|p2a: Zapdos|Heat Wave|p1a: Dragapult
|-resisted|p1a: Dragapult
|-damage|p1a: Dragapult|81/100
|
|-weather|none
|upkeep
|turn|6
|
|t:|1760848220
|move|p1a: Dragapult|Will-O-Wisp|p2a: Zapdos
|-status|p2a: Zapdos|brn
|move|p2a: Zapdos|Volt Switch|p1a: Dragapult
|-resisted|p1a: Dragapult
|-damage|p1a: Dragapult|60/100
|
|t:|1760848230
|switch|p2a: Darkrai|Darkrai|100/100|[from] Volt Switch
|
|upkeep
|turn|7
|
|t:|1760848236
|move|p1a: Dragapult|U-turn|p2a: Darkrai
|-supereffective|p2a: Darkrai
|-damage|p2a: Darkrai|56/100
|
|t:|1760848240
|switch|p1a: Scizor|Scizor, M|100/100|[from] U-turn
|move|p2a: Darkrai|Ice Beam|p1a: Scizor
|-resisted|p1a: Scizor
|-damage|p1a: Scizor|74/100
|
|upkeep
|turn|8
|
|t:|1760848253
|switch|p2a: Garchomp|Garchomp, F|100/100
|move|p1a: Scizor|U-turn|p2a: Garchomp
|-damage|p2a: Garchomp|45/100
|-damage|p1a: Scizor|61/100|[from] ability: Rough Skin|[of] p2a: Garchomp
|-damage|p1a: Scizor|45/100|[from] item: Rocky Helmet|[of] p2a: Garchomp
|
|t:|1760848266
|switch|p1a: Dragapult|Dragapult, F|60/100|[from] U-turn
|
|upkeep
|turn|9
|
|t:|1760848279
|-terastallize|p2a: Garchomp|Fairy
|move|p1a: Dragapult|Hex|p2a: Garchomp
|-damage|p2a: Garchomp|15/100
|move|p2a: Garchomp|Scale Shot|p1a: Dragapult
|-supereffective|p1a: Dragapult
|-damage|p1a: Dragapult|28/100
|-supereffective|p1a: Dragapult
|-damage|p1a: Dragapult|0 fnt
|faint|p1a: Dragapult
|-hitcount|p1: Dragapult|2
|-unboost|p2a: Garchomp|def|1
|-boost|p2a: Garchomp|spe|1
|
|upkeep
|
|t:|1760848294
|switch|p1a: Ditto|Ditto|88/100
|-transform|p1a: Ditto|p2a: Garchomp|[from] ability: Imposter
|-start|p1a: Ditto|typechange|Dragon/Ground|[silent]
|turn|10
|
|t:|1760848303
|move|p1a: Ditto|Scale Shot|p2a: Garchomp
|-immune|p2a: Garchomp
|move|p2a: Garchomp|Scale Shot|p1a: Ditto
|-supereffective|p1a: Ditto
|-damage|p1a: Ditto|44/100
|-supereffective|p1a: Ditto
|-damage|p1a: Ditto|0 fnt
|faint|p1a: Ditto
|-hitcount|p1: Ditto|2
|-unboost|p2a: Garchomp|def|1
|-boost|p2a: Garchomp|spe|1
|
|upkeep
|
|t:|1760848317
|switch|p1a: Scizor|Scizor, M|45/100
|turn|11
|
|t:|1760848322
|switch|p2a: Volcanion|Volcanion|94/100
|move|p1a: Scizor|U-turn|p2a: Volcanion
|-resisted|p2a: Volcanion
|-damage|p2a: Volcanion|69/100
|
|t:|1760848328
|switch|p1a: Zapdos|Zapdos|100/100|[from] U-turn
|
|upkeep
|turn|12
|
|t:|1760848349
|move|p1a: Zapdos|Heat Wave|p2a: Volcanion
|-resisted|p2a: Volcanion
|-damage|p2a: Volcanion|61/100
|move|p2a: Volcanion|Steam Eruption|p1a: Zapdos
|-damage|p1a: Zapdos|49/100
|
|upkeep
|turn|13
|
|t:|1760848360
|move|p1a: Zapdos|Hurricane|p2a: Volcanion
|-damage|p2a: Volcanion|9/100
|move|p2a: Volcanion|Steam Eruption|p1a: Zapdos
|-damage|p1a: Zapdos|1/100
|-status|p1a: Zapdos|brn
|
|-damage|p1a: Zapdos|0 fnt|[from] brn
|faint|p1a: Zapdos
|upkeep
|
|t:|1760848371
|switch|p1a: Scizor|Scizor, M|45/100
|turn|14
|
|t:|1760848377
|switch|p2a: Garchomp|Garchomp, F, tera:Fairy|15/100
|move|p1a: Scizor|U-turn|p2a: Garchomp
|-resisted|p2a: Garchomp
|-damage|p2a: Garchomp|0 fnt
|-damage|p1a: Scizor|32/100|[from] ability: Rough Skin|[of] p2a: Garchomp
|-damage|p1a: Scizor|16/100|[from] item: Rocky Helmet|[of] p2a: Garchomp
|faint|p2a: Garchomp
|
|t:|1760848387
|switch|p1a: Excadrill|Excadrill, M|100/100|[from] U-turn
|
|upkeep
|
|t:|1760848395
|switch|p2a: Zapdos|Zapdos|94/100 brn
|-ability|p2a: Zapdos|Pressure
|turn|15
|
|t:|1760848407
|move|p2a: Zapdos|Heat Wave|p1a: Excadrill
|-supereffective|p1a: Excadrill
|-damage|p1a: Excadrill|9/100
|move|p1a: Excadrill|Stealth Rock|p2a: Zapdos
|-sidestart|p2: ractars|move: Stealth Rock
|
|-damage|p2a: Zapdos|88/100 brn|[from] brn
|upkeep
|turn|16
|inactive|Battle timer is ON: inactive players will automatically lose when time's up. (requested by ractars)
|
|t:|1760848458
|move|p2a: Zapdos|Heat Wave|p1a: Excadrill
|-supereffective|p1a: Excadrill
|-damage|p1a: Excadrill|0 fnt
|faint|p1a: Excadrill
|
|-damage|p2a: Zapdos|82/100 brn|[from] brn
|upkeep
|
|t:|1760848465
|switch|p1a: Scizor|Scizor, M|16/100
|turn|17
|
|t:|1760848470
|move|p2a: Zapdos|Heat Wave|p1a: Scizor
|-supereffective|p1a: Scizor
|-damage|p1a: Scizor|0 fnt
|faint|p1a: Scizor
|
|win|ractars
|raw|AlrKed's rating: 1097 &rarr; <strong>1076</strong><br />(-21 for losing)
|raw|ractars's rating: 1148 &rarr; <strong>1169</strong><br />(+21 for winning)
|l|☆ractars
|player|p2|
|l|☆AlrKed
|player|p1|
