|j|☆50maxdam51
|j|☆rii555
|t:|1760866809
|gametype|singles
|player|p1|50maxdam51|ninjaboy|1087
|player|p2|rii555|169|1151
|gen|9
|tier|[Gen 9] OU
|rated|
|rule|HP Percentage Mod: HP is shown in percentages
|rule|Endless Battle Clause: Forcing endless battles is banned
|rule|Species Clause: Limit one of each Pokémon
|rule|OHKO Clause: OHKO moves are banned
|rule|Evasion Items Clause: Evasion items are banned
|rule|Evasion Moves Clause: Evasion moves are banned
|rule|Evasion Abilities Clause: Evasion abilities are banned
|rule|Sleep Moves Clause: Sleep-inducing moves are banned
|clearpoke
|poke|p1|Crabominable, M|
|poke|p1|Rampardos, F|
|poke|p1|Probopass, M|
|poke|p1|Vespiquen, F|
|poke|p1|Flapple, M|
|poke|p1|Hitmontop, M|
|poke|p2|Deoxys-Speed|
|poke|p2|Great Tusk|
|poke|p2|Sawsbuck-Autumn, M|
|poke|p2|Weavile, M|
|poke|p2|Dragonite, F|
|poke|p2|Klefki, M|
|teampreview
|
|t:|1760866821
|teamsize|p1|6
|teamsize|p2|6
|start
|switch|p1a: Rampardos|Rampardos, F|100/100
|switch|p2a: Dragonite|Dragonite, F|100/100
|-ability|p1a: Rampardos|Mold Breaker
|turn|1
|
|t:|1760866828
|switch|p2a: Klefki|Klefki, M|100/100
|move|p1a: Rampardos|Stealth Rock|p2a: Klefki
|-sidestart|p2: rii555|move: Stealth Rock
|
|upkeep
|turn|2
|
|t:|1760866834
|move|p2a: Klefki|Flash Cannon|p1a: Rampardos
|-supereffective|p1a: Rampardos
|-damage|p1a: Rampardos|13/100
|move|p1a: Rampardos|Earthquake|p2a: Klefki
|-supereffective|p2a: Klefki
|-damage|p2a: Klefki|0 fnt
|faint|p2a: Klefki
|
|upkeep
|
|t:|1760866842
|switch|p2a: Weavile|Weavile, M|100/100
|-damage|p2a: Weavile|76/100|[from] Stealth Rock
|turn|3
|
|t:|1760866847
|move|p2a: Weavile|Knock Off|p1a: Rampardos
|-damage|p1a: Rampardos|0 fnt
|-enditem|p1a: Rampardos|Focus Sash|[from] move: Knock Off|[of] p2a: Weavile
|faint|p1a: Rampardos
|
|upkeep
|
|t:|1760866857
|switch|p1a: Hitmontop|Hitmontop, M|100/100
|turn|4
|
|t:|1760866865
|move|p2a: Weavile|Ice Shard|p1a: Hitmontop
|-damage|p1a: Hitmontop|73/100
|move|p1a: Hitmontop|Close Combat|p2a: Weavile
|-supereffective|p2a: Weavile
|-damage|p2a: Weavile|0 fnt
|-unboost|p1a: Hitmontop|def|1
|-unboost|p1a: Hitmontop|spd|1
|faint|p2a: Weavile
|
|upkeep
|
|t:|1760866878
|switch|p2a: Deoxys|Deoxys-Speed, shiny|100/100
|-damage|p2a: Deoxys|88/100|[from] Stealth Rock
|-ability|p2a: Deoxys|Pressure
|turn|5
|
|t:|1760866891
|switch|p1a: Probopass|Probopass, M|100/100
|move|p2a: Deoxys|Substitute|p2a: Deoxys
|-start|p2a: Deoxys|Substitute
|-damage|p2a: Deoxys|63/100
|
|upkeep
|turn|6
|
|t:|1760866897
|move|p2a: Deoxys|Focus Blast|p1a: Probopass
|-supereffective|p1a: Probopass
|-ability|p1a: Probopass|Sturdy
|-damage|p1a: Probopass|1/100
|move|p1a: Probopass|Flash Cannon|p2a: Deoxys
|-end|p2a: Deoxys|Substitute
|
|-heal|p1a: Probopass|7/100|[from] item: Leftovers
|upkeep
|turn|7
|
|t:|1760866906
|move|p2a: Deoxys|Meteor Beam||[still]
|-prepare|p2a: Deoxys|Meteor Beam
|-boost|p2a: Deoxys|spa|1
|-enditem|p2a: Deoxys|Power Herb
|-anim|p2a: Deoxys|Meteor Beam|p1a: Probopass
|-resisted|p1a: Probopass
|-damage|p1a: Probopass|0 fnt
|faint|p1a: Probopass
|
|upkeep
|
|t:|1760866918
|switch|p1a: Vespiquen|Vespiquen, F|100/100
|-ability|p1a: Vespiquen|Pressure
|turn|8
|
|t:|1760866922
|move|p2a: Deoxys|Psycho Boost|p1a: Vespiquen
|-damage|p1a: Vespiquen|32/100
|-unboost|p2a: Deoxys|spa|2
|move|p1a: Vespiquen|Attack Order|p2a: Deoxys
|-supereffective|p2a: Deoxys
|-damage|p2a: Deoxys|0 fnt
|faint|p2a: Deoxys
|
|upkeep
|
|t:|1760866940
|switch|p2a: Sawsbuck|Sawsbuck-Autumn, M, shiny|100/100
|-damage|p2a: Sawsbuck|88/100|[from] Stealth Rock
|turn|9
|
|t:|1760866945
|move|p2a: Sawsbuck|Double-Edge|p1a: Vespiquen
|-damage|p1a: Vespiquen|0 fnt
|faint|p1a: Vespiquen
|-damage|p2a: Sawsbuck|76/100|[from] Recoil
|-damage|p2a: Sawsbuck|66/100|[from] item: Life Orb
|
|upkeep
|
|t:|1760866955
|switch|p1a: Crabominable|Crabominable, M|100/100
|turn|10
|
|t:|1760866961
|-terastallize|p2a: Sawsbuck|Normal
|move|p2a: Sawsbuck|Double-Edge|p1a: Crabominable
|-damage|p1a: Crabominable|0 fnt
|faint|p1a: Crabominable
|-damage|p2a: Sawsbuck|23/100|[from] Recoil
|-damage|p2a: Sawsbuck|13/100|[from] item: Life Orb
|
|upkeep
|
|t:|1760866966
|switch|p1a: Hitmontop|Hitmontop, M|73/100
|turn|11
|
|t:|1760866972
|move|p1a: Hitmontop|Bullet Punch|p2a: Sawsbuck
|-damage|p2a: Sawsbuck|0 fnt
|faint|p2a: Sawsbuck
|
|upkeep
|
|t:|1760866978
|switch|p2a: Dragonite|Dragonite, F|100/100
|-damage|p2a: Dragonite|76/100|[from] Stealth Rock
|turn|12
|
|t:|1760866982
|move|p1a: Hitmontop|Triple Axel|p2a: Dragonite
|-supereffective|p2a: Dragonite
|-damage|p2a: Dragonite|31/100
|-enditem|p2a: Dragonite|Weakness Policy
|-boost|p2a: Dragonite|atk|2|[from] item: Weakness Policy
|-boost|p2a: Dragonite|spa|2|[from] item: Weakness Policy
|-supereffective|p2a: Dragonite
|-damage|p2a: Dragonite|0 fnt
|faint|p2a: Dragonite
|-hitcount|p2: Dragonite|2
|
|upkeep
|
|t:|1760866990
|switch|p2a: Great Tusk|Great Tusk|100/100
|-damage|p2a: Great Tusk|98/100|[from] Stealth Rock
|-enditem|p2a: Great Tusk|Booster Energy
|-activate|p2a: Great Tusk|ability: Protosynthesis|[fromitem]
|-start|p2a: Great Tusk|protosynthesisatk
|turn|13
|
|t:|1760866999
|move|p2a: Great Tusk|Earthquake|p1a: Hitmontop
|-damage|p1a: Hitmontop|0 fnt
|faint|p1a: Hitmontop
|
|upkeep
|
|t:|1760867007
|switch|p1a: Flapple|Flapple, M|100/100
|turn|14
|
|t:|1760867015
|-terastallize|p1a: Flapple|Steel
|move|p2a: Great Tusk|Close Combat|p1a: Flapple
|-supereffective|p1a: Flapple
|-damage|p1a: Flapple|0 fnt
|-unboost|p2a: Great Tusk|def|1
|-unboost|p2a: Great Tusk|spd|1
|faint|p1a: Flapple
|
|win|rii555
|raw|50maxdam51's rating: 1087 &rarr; <strong>1068</strong><br />(-19 for losing)
|raw|rii555's rating: 1151 &rarr; <strong>1171</strong><br />(+20 for winning)
|l|☆50maxdam51
|player|p1|
|l|☆rii555
|player|p2|
