|j|☆ezor_t
|j|☆zast3133
|t:|1760866775
|gametype|singles
|player|p1|ezor_t|gambler|1350
|player|p2|zast3133|nate|1390
|gen|9
|tier|[Gen 9] OU
|rated|
|rule|HP Percentage Mod: HP is shown in percentages
|rule|Endless Battle Clause: Forcing endless battles is banned
|rule|Species Clause: Limit one of each Pokémon
|rule|OHKO Clause: OHKO moves are banned
|rule|Evasion Items Clause: Evasion items are banned
|rule|Evasion Moves Clause: Evasion moves are banned
|rule|Evasion Abilities Clause: Evasion abilities are banned
|rule|Sleep Moves Clause: Sleep-inducing moves are banned
|clearpoke
|poke|p1|Wo-Chien|
|poke|p1|Cinderace, F|
|poke|p1|Hatterene, F|
|poke|p1|Dragonite, M|
|poke|p1|Deoxys-Speed|
|poke|p1|Ogerpon-Wellspring, F|
|poke|p2|Raging Bolt|
|poke|p2|Dondozo, M|
|poke|p2|Scizor, M|
|poke|p2|Iron Valiant|
|poke|p2|Araquanid, M|
|poke|p2|Sandy Shocks|
|teampreview
|inactive|Battle timer is ON: inactive players will automatically lose when time's up. (requested by ezor_t)
|
|t:|1760866781
|teamsize|p1|6
|teamsize|p2|6
|start
|switch|p1a: Cinderace|Cinderace, F|100/100
|switch|p2a: Araquanid|Araquanid, M, shiny|100/100
|turn|1
|
|t:|1760866787
|move|p1a: Cinderace|U-turn|p2a: Araquanid
|-start|p1a: Cinderace|typechange|Bug|[from] ability: Libero
|-damage|p2a: Araquanid|63/100
|
|t:|1760866795
|switch|p1a: Hatterene|Hatterene, F, shiny|100/100|[from] U-turn
|move|p2a: Araquanid|Surf|p1a: Hatterene
|-damage|p1a: Hatterene|36/100
|-enditem|p1a: Hatterene|Eject Button
|
|t:|1760866808
|switch|p1a: Deoxys|Deoxys-Speed|100/100
|-ability|p1a: Deoxys|Pressure
|
|upkeep
|turn|2
|
|t:|1760866815
|move|p1a: Deoxys|Psycho Boost|p2a: Araquanid
|-damage|p2a: Araquanid|3/100
|-unboost|p1a: Deoxys|spa|2
|-damage|p1a: Deoxys|91/100|[from] item: Life Orb
|move|p2a: Araquanid|Sticky Web|p1a: Deoxys
|-sidestart|p1: ezor_t|move: Sticky Web
|
|upkeep
|turn|3
|-enditem|p2a: Araquanid|Custap Berry|[eat]
|-activate|p2a: Araquanid|item: Custap Berry|[consumed]
|
|t:|1760866825
|move|p2a: Araquanid|Surf|p1a: Deoxys
|-damage|p1a: Deoxys|9/100
|move|p1a: Deoxys|Ice Beam|p2a: Araquanid
|-resisted|p2a: Araquanid
|-damage|p2a: Araquanid|0 fnt
|faint|p2a: Araquanid
|-damage|p1a: Deoxys|0 fnt|[from] item: Life Orb
|faint|p1a: Deoxys
|
|upkeep
|
|t:|1760866854
|switch|p1a: Cinderace|Cinderace, F|100/100
|switch|p2a: Sandy Shocks|Sandy Shocks, shiny|100/100
|-enditem|p2a: Sandy Shocks|Booster Energy
|-activate|p2a: Sandy Shocks|ability: Protosynthesis|[fromitem]
|-start|p2a: Sandy Shocks|protosynthesisspa
|turn|4
|inactive|ezor_t has 120 seconds left.
|
|t:|1760866895
|move|p1a: Cinderace|Court Change|p1a: Cinderace
|-start|p1a: Cinderace|typechange|Normal|[from] ability: Libero
|-swapsideconditions
|-activate|p1a: Cinderace|move: Court Change
|move|p2a: Sandy Shocks|Thunderbolt|p1a: Cinderace
|-damage|p1a: Cinderace|14/100
|-status|p1a: Cinderace|par
|
|upkeep
|turn|5
|inactive|zast3133 has 120 seconds left.
|inactive|zast3133 has 90 seconds left.
|inactive|zast3133 has 60 seconds left.
|
|t:|1760866985
|move|p2a: Sandy Shocks|Earth Power|p1a: Cinderace
|-damage|p1a: Cinderace|0 fnt
|faint|p1a: Cinderace
|
|upkeep
|
|t:|1760866993
|switch|p1a: Ogerpon|Ogerpon-Wellspring, F|100/100
|turn|6
|inactive|ezor_t has 120 seconds left.
|
|t:|1760867017
|-terastallize|p2a: Sandy Shocks|Grass
|move|p1a: Ogerpon|Ivy Cudgel|p2a: Sandy Shocks|[anim] Ivy Cudgel Water
|-resisted|p2a: Sandy Shocks
|-crit|p2a: Sandy Shocks
|-damage|p2a: Sandy Shocks|50/100
|move|p2a: Sandy Shocks|Thunder Wave|p1a: Ogerpon
|-status|p1a: Ogerpon|par
|
|upkeep
|turn|7
|
|t:|1760867027
|move|p2a: Sandy Shocks|Stealth Rock|p1a: Ogerpon
|-sidestart|p1: ezor_t|move: Stealth Rock
|move|p1a: Ogerpon|U-turn|p2a: Sandy Shocks
|-supereffective|p2a: Sandy Shocks
|-damage|p2a: Sandy Shocks|0 fnt
|faint|p2a: Sandy Shocks
|-end|p2a: Sandy Shocks|Protosynthesis|[silent]
|inactive|ezor_t has 120 seconds left.
|
|t:|1760867040
|switch|p1a: Hatterene|Hatterene, F, shiny|36/100|[from] U-turn
|-damage|p1a: Hatterene|24/100|[from] Stealth Rock
|
|upkeep
|
|t:|1760867051
|switch|p2a: Scizor|Scizor, M, shiny|100/100
|-activate|p2a: Scizor|move: Sticky Web
|-unboost|p2a: Scizor|spe|1
|turn|8
|
|t:|1760867060
|move|p2a: Scizor|Bullet Punch|p1a: Hatterene
|-supereffective|p1a: Hatterene
|-damage|p1a: Hatterene|0 fnt
|faint|p1a: Hatterene
|
|upkeep
|inactive|ezor_t has 120 seconds left.
|
|t:|1760867076
|switch|p1a: Ogerpon|Ogerpon-Wellspring, F|100/100 par
|-damage|p1a: Ogerpon|88/100 par|[from] Stealth Rock
|turn|9
|inactive|zast3133 has 60 seconds left.
|
|t:|1760867084
|move|p1a: Ogerpon|Ivy Cudgel|p2a: Scizor|[anim] Ivy Cudgel Water
|-damage|p2a: Scizor|41/100
|move|p2a: Scizor|Dual Wingbeat|p1a: Ogerpon
|-supereffective|p1a: Ogerpon
|-damage|p1a: Ogerpon|29/100 par
|-supereffective|p1a: Ogerpon
|-damage|p1a: Ogerpon|0 fnt
|faint|p1a: Ogerpon
|-hitcount|p1: Ogerpon|2
|
|-heal|p2a: Scizor|47/100|[from] item: Leftovers
|upkeep
|
|t:|1760867094
|switch|p1a: Wo-Chien|Wo-Chien, shiny|100/100
|-damage|p1a: Wo-Chien|88/100|[from] Stealth Rock
|-ability|p1a: Wo-Chien|Tablets of Ruin
|turn|10
|
|t:|1760867103
|-terastallize|p1a: Wo-Chien|Fire
|move|p1a: Wo-Chien|Leech Seed|p2a: Scizor
|-start|p2a: Scizor|move: Leech Seed
|move|p2a: Scizor|Dual Wingbeat|p1a: Wo-Chien
|-damage|p1a: Wo-Chien|75/100
|-damage|p1a: Wo-Chien|60/100
|-hitcount|p1a: Wo-Chien|2
|
|-heal|p1a: Wo-Chien|66/100|[from] item: Leftovers
|-heal|p2a: Scizor|53/100|[from] item: Leftovers
|-damage|p2a: Scizor|41/100|[from] Leech Seed|[of] p1a: Wo-Chien
|-heal|p1a: Wo-Chien|78/100|[silent]
|upkeep
|turn|11
|inactive|zast3133 has 60 seconds left.
|
|t:|1760867137
|move|p1a: Wo-Chien|Leech Seed||[still]
|-fail|p1a: Wo-Chien
|move|p2a: Scizor|Swords Dance|p2a: Scizor
|-boost|p2a: Scizor|atk|2
|
|-heal|p1a: Wo-Chien|84/100|[from] item: Leftovers
|-heal|p2a: Scizor|47/100|[from] item: Leftovers
|-damage|p2a: Scizor|34/100|[from] Leech Seed|[of] p1a: Wo-Chien
|-heal|p1a: Wo-Chien|95/100|[silent]
|upkeep
|turn|12
|inactive|ezor_t has 120 seconds left.
|
|t:|1760867159
|move|p1a: Wo-Chien|Giga Drain|p2a: Scizor
|-resisted|p2a: Scizor
|-damage|p2a: Scizor|26/100
|-heal|p1a: Wo-Chien|99/100|[from] drain|[of] p2a: Scizor
|move|p2a: Scizor|Dual Wingbeat|p1a: Wo-Chien
|-damage|p1a: Wo-Chien|70/100
|-damage|p1a: Wo-Chien|42/100
|-hitcount|p1a: Wo-Chien|2
|
|-heal|p1a: Wo-Chien|48/100|[from] item: Leftovers
|-heal|p2a: Scizor|32/100|[from] item: Leftovers
|-damage|p2a: Scizor|20/100|[from] Leech Seed|[of] p1a: Wo-Chien
|-heal|p1a: Wo-Chien|60/100|[silent]
|upkeep
|turn|13
|inactive|ezor_t has 120 seconds left.
|
|t:|1760867173
|move|p1a: Wo-Chien|Knock Off|p2a: Scizor
|-damage|p2a: Scizor|0 fnt
|-enditem|p2a: Scizor|Leftovers|[from] move: Knock Off|[of] p1a: Wo-Chien
|faint|p2a: Scizor
|
|-heal|p1a: Wo-Chien|66/100|[from] item: Leftovers
|upkeep
|
|t:|1760867183
|switch|p2a: Dondozo|Dondozo, M, shiny|100/100
|-activate|p2a: Dondozo|move: Sticky Web
|-unboost|p2a: Dondozo|spe|1
|turn|14
|
|t:|1760867189
|move|p1a: Wo-Chien|Giga Drain|p2a: Dondozo
|-supereffective|p2a: Dondozo
|-damage|p2a: Dondozo|66/100
|-heal|p1a: Wo-Chien|90/100|[from] drain|[of] p2a: Dondozo
|move|p2a: Dondozo|Curse|p2a: Dondozo
|-unboost|p2a: Dondozo|spe|1
|-boost|p2a: Dondozo|atk|1
|-boost|p2a: Dondozo|def|1
|
|-heal|p1a: Wo-Chien|96/100|[from] item: Leftovers
|-heal|p2a: Dondozo|72/100|[from] item: Leftovers
|upkeep
|turn|15
|
|t:|1760867202
|move|p1a: Wo-Chien|Leech Seed|p2a: Dondozo
|-start|p2a: Dondozo|move: Leech Seed
|move|p2a: Dondozo|Curse|p2a: Dondozo
|-unboost|p2a: Dondozo|spe|1
|-boost|p2a: Dondozo|atk|1
|-boost|p2a: Dondozo|def|1
|
|-heal|p1a: Wo-Chien|100/100|[from] item: Leftovers
|-heal|p2a: Dondozo|78/100|[from] item: Leftovers
|-damage|p2a: Dondozo|66/100|[from] Leech Seed|[of] p1a: Wo-Chien
|upkeep
|turn|16
|
|t:|1760867212
|move|p1a: Wo-Chien|Giga Drain|p2a: Dondozo
|-supereffective|p2a: Dondozo
|-damage|p2a: Dondozo|34/100
|move|p2a: Dondozo|Waterfall|p1a: Wo-Chien
|-supereffective|p1a: Wo-Chien
|-crit|p1a: Wo-Chien
|-damage|p1a: Wo-Chien|0 fnt
|faint|p1a: Wo-Chien
|
|-heal|p2a: Dondozo|41/100|[from] item: Leftovers
|upkeep
|
|t:|1760867221
|switch|p1a: Dragonite|Dragonite, M|100/100
|turn|17
|-message|ezor_t forfeited.
|
|win|zast3133
|raw|ezor_t's rating: 1350 &rarr; <strong>1332</strong><br />(-18 for losing)
|raw|zast3133's rating: 1390 &rarr; <strong>1408</strong><br />(+18 for winning)
|l|☆ezor_t
|player|p1|
|l|☆zast3133
|player|p2|
