|j|☆hdsnzzz
|j|‽Josinjaison
|t:|1760871134
|gametype|singles
|player|p1|hdsnzzz|swimmerf|1333
|player|p2|Josinjaison|emmet|1341
|gen|9
|tier|[Gen 9] OU
|rated|
|rule|HP Percentage Mod: HP is shown in percentages
|rule|Endless Battle Clause: Forcing endless battles is banned
|rule|Species Clause: Limit one of each Pokémon
|rule|OHKO Clause: OHKO moves are banned
|rule|Evasion Items Clause: Evasion items are banned
|rule|Evasion Moves Clause: Evasion moves are banned
|rule|Evasion Abilities Clause: Evasion abilities are banned
|rule|Sleep Moves Clause: Sleep-inducing moves are banned
|clearpoke
|poke|p1|Dondozo, F|
|poke|p1|Clodsire, M|
|poke|p1|Great Tusk|
|poke|p1|Gholdengo|
|poke|p1|Raging Bolt|
|poke|p1|Conkeldurr, F|
|poke|p2|Enamorus, F|
|poke|p2|Ogerpon-Wellspring, F|
|poke|p2|Iron Crown|
|poke|p2|Iron Hands|
|poke|p2|Glimmora, M|
|poke|p2|Ursaluna, M|
|teampreview
|inactive|Battle timer is ON: inactive players will automatically lose when time's up. (requested by hdsnzzz)
|
|t:|1760871144
|teamsize|p1|6
|teamsize|p2|6
|start
|switch|p1a: Goofy ahh mf|Clodsire, M, shiny|100/100
|switch|p2a: Ogerpon|Ogerpon-Wellspring, F|100/100
|turn|1
|
|t:|1760871150
|move|p2a: Ogerpon|Spikes|p1a: Goofy ahh mf
|-sidestart|p1: hdsnzzz|Spikes
|move|p1a: Goofy ahh mf|Toxic|p2a: Ogerpon
|-status|p2a: Ogerpon|tox
|
|-damage|p2a: Ogerpon|95/100 tox|[from] psn
|upkeep
|turn|2
|
|t:|1760871156
|move|p2a: Ogerpon|Spikes|p1a: Goofy ahh mf
|-sidestart|p1: hdsnzzz|Spikes
|move|p1a: Goofy ahh mf|Stealth Rock|p2a: Ogerpon
|-sidestart|p2: Josinjaison|move: Stealth Rock
|
|-damage|p2a: Ogerpon|83/100 tox|[from] psn
|upkeep
|turn|3
|
|t:|1760871166
|move|p2a: Ogerpon|Spikes|p1a: Goofy ahh mf
|-sidestart|p1: hdsnzzz|Spikes
|move|p1a: Goofy ahh mf|Earthquake|p2a: Ogerpon
|-resisted|p2a: Ogerpon
|-damage|p2a: Ogerpon|67/100 tox
|
|-damage|p2a: Ogerpon|49/100 tox|[from] psn
|upkeep
|turn|4
|
|t:|1760871174
|switch|p2a: Enamorus|Enamorus, F, shiny|100/100
|-damage|p2a: Enamorus|76/100|[from] Stealth Rock
|switch|p1a: Gen 5 GOAT|Conkeldurr, F, shiny|100/100
|-damage|p1a: Gen 5 GOAT|76/100|[from] Spikes
|
|-status|p1a: Gen 5 GOAT|brn|[from] item: Flame Orb
|upkeep
|turn|5
|
|t:|1760871191
|switch|p1a: Gigabyte B45O|Gholdengo, shiny|100/100
|-item|p1a: Gigabyte B45O|Air Balloon
|move|p2a: Enamorus|Moonblast|p1a: Gigabyte B45O
|-resisted|p1a: Gigabyte B45O
|-damage|p1a: Gigabyte B45O|74/100
|-enditem|p1a: Gigabyte B45O|Air Balloon
|
|upkeep
|turn|6
|inactive|Josinjaison has 120 seconds left.
|
|t:|1760871222
|switch|p2a: Ogerpon|Ogerpon-Wellspring, F|49/100 tox
|-damage|p2a: Ogerpon|36/100 tox|[from] Stealth Rock
|move|p1a: Gigabyte B45O|Make It Rain|p2a: Ogerpon
|-resisted|p2a: Ogerpon
|-damage|p2a: Ogerpon|5/100 tox
|-unboost|p1a: Gigabyte B45O|spa|1
|
|-damage|p2a: Ogerpon|0 fnt|[from] psn
|faint|p2a: Ogerpon
|upkeep
|inactive|Josinjaison has 90 seconds left.
|
|t:|1760871267
|switch|p2a: Ursaluna|Ursaluna, M, shiny|100/100
|-damage|p2a: Ursaluna|94/100|[from] Stealth Rock
|turn|7
|
|t:|1760871295
|switch|p1a: Chonky MF|Great Tusk, shiny|100/100
|move|p2a: Ursaluna|Headlong Rush|p1a: Chonky MF
|-damage|p1a: Chonky MF|67/100
|-unboost|p2a: Ursaluna|def|1
|-unboost|p2a: Ursaluna|spd|1
|
|-heal|p2a: Ursaluna|100/100|[from] item: Leftovers
|upkeep
|turn|8
|
|t:|1760871310
|switch|p2a: Enamorus|Enamorus, F, shiny|76/100
|-damage|p2a: Enamorus|51/100|[from] Stealth Rock
|move|p1a: Chonky MF|Rapid Spin|p2a: Enamorus
|-damage|p2a: Enamorus|24/100
|-boost|p1a: Chonky MF|spe|1
|-sideend|p1: hdsnzzz|Spikes|[from] move: Rapid Spin|[of] p1a: Chonky MF
|
|upkeep
|turn|9
|inactive|hdsnzzz has 120 seconds left.
|
|t:|1760871341
|-terastallize|p1a: Chonky MF|Steel
|move|p2a: Enamorus|Moonblast|p1a: Chonky MF
|-resisted|p1a: Chonky MF
|-damage|p1a: Chonky MF|29/100
|move|p1a: Chonky MF|Ice Spinner|p2a: Enamorus
|-supereffective|p2a: Enamorus
|-damage|p2a: Enamorus|0 fnt
|faint|p2a: Enamorus
|
|upkeep
|
|t:|1760871349
|switch|p2a: Iron Hands|Iron Hands, shiny|100/100
|-damage|p2a: Iron Hands|94/100|[from] Stealth Rock
|-enditem|p2a: Iron Hands|Booster Energy
|-activate|p2a: Iron Hands|ability: Quark Drive|[fromitem]
|-start|p2a: Iron Hands|quarkdriveatk
|turn|10
|
|t:|1760871356
|-terastallize|p2a: Iron Hands|Flying
|move|p1a: Chonky MF|Earthquake|p2a: Iron Hands
|-immune|p2a: Iron Hands
|move|p2a: Iron Hands|Drain Punch|p1a: Chonky MF
|-supereffective|p1a: Chonky MF
|-damage|p1a: Chonky MF|0 fnt
|-heal|p2a: Iron Hands|100/100|[from] drain|[of] p1a: Chonky MF
|faint|p1a: Chonky MF
|-end|p1a: Chonky MF|Protosynthesis|[silent]
|
|upkeep
|
|t:|1760871360
|switch|p1a: Gigabyte B45O|Gholdengo, shiny|74/100
|turn|11
|
|t:|1760871365
|move|p1a: Gigabyte B45O|Thunder Wave|p2a: Iron Hands
|-status|p2a: Iron Hands|par
|move|p2a: Iron Hands|Wild Charge|p1a: Gigabyte B45O
|-damage|p1a: Gigabyte B45O|27/100
|-damage|p2a: Iron Hands|92/100 par|[from] Recoil
|
|upkeep
|turn|12
|
|t:|1760871376
|move|p1a: Gigabyte B45O|Recover|p1a: Gigabyte B45O
|-heal|p1a: Gigabyte B45O|77/100
|move|p2a: Iron Hands|Wild Charge|p1a: Gigabyte B45O
|-damage|p1a: Gigabyte B45O|24/100
|-damage|p2a: Iron Hands|82/100 par|[from] Recoil
|
|upkeep
|turn|13
|
|t:|1760871382
|move|p1a: Gigabyte B45O|Recover|p1a: Gigabyte B45O
|-heal|p1a: Gigabyte B45O|74/100
|move|p2a: Iron Hands|Swords Dance|p2a: Iron Hands
|-boost|p2a: Iron Hands|atk|2
|
|upkeep
|turn|14
|
|t:|1760871387
|move|p1a: Gigabyte B45O|Hex|p2a: Iron Hands
|-damage|p2a: Iron Hands|26/100 par
|move|p2a: Iron Hands|Wild Charge|p1a: Gigabyte B45O
|-damage|p1a: Gigabyte B45O|0 fnt
|faint|p1a: Gigabyte B45O
|-damage|p2a: Iron Hands|13/100 par|[from] Recoil
|
|upkeep
|
|t:|1760871394
|switch|p1a: Gen 5 GOAT|Conkeldurr, F, shiny|76/100 brn
|turn|15
|
|t:|1760871399
|move|p1a: Gen 5 GOAT|Mach Punch|p2a: Iron Hands
|-resisted|p2a: Iron Hands
|-damage|p2a: Iron Hands|2/100 par
|move|p2a: Iron Hands|Drain Punch|p1a: Gen 5 GOAT
|-damage|p1a: Gen 5 GOAT|0 fnt
|-heal|p2a: Iron Hands|33/100 par|[from] drain|[of] p1a: Gen 5 GOAT
|faint|p1a: Gen 5 GOAT
|
|upkeep
|
|t:|1760871407
|switch|p1a: ASUS TUF|Raging Bolt|100/100
|turn|16
|
|t:|1760871412
|move|p1a: ASUS TUF|Thunderbolt|p2a: Iron Hands
|-supereffective|p2a: Iron Hands
|-damage|p2a: Iron Hands|0 fnt
|faint|p2a: Iron Hands
|-end|p2a: Iron Hands|Quark Drive|[silent]
|
|upkeep
|
|t:|1760871416
|switch|p2a: Glimmora|Glimmora, M, shiny|100/100
|-damage|p2a: Glimmora|88/100|[from] Stealth Rock
|turn|17
|
|t:|1760871420
|-end|p1a: ASUS TUF|Protosynthesis|[silent]
|switch|p1a: Goofy ahh mf|Clodsire, M, shiny|100/100
|move|p2a: Glimmora|Mortal Spin|p1a: Goofy ahh mf
|-resisted|p1a: Goofy ahh mf
|-damage|p1a: Goofy ahh mf|99/100
|-sideend|p2: Josinjaison|Stealth Rock|[from] move: Mortal Spin|[of] p2a: Glimmora
|
|-heal|p1a: Goofy ahh mf|100/100|[from] item: Black Sludge
|upkeep
|turn|18
|
|t:|1760871430
|move|p2a: Glimmora|Stealth Rock|p1a: Goofy ahh mf
|-sidestart|p1: hdsnzzz|move: Stealth Rock
|move|p1a: Goofy ahh mf|Earthquake|p2a: Glimmora
|-supereffective|p2a: Glimmora
|-damage|p2a: Glimmora|2/100
|-activate|p2a: Glimmora|ability: Toxic Debris
|-sidestart|p1: hdsnzzz|move: Toxic Spikes
|-enditem|p2a: Glimmora|Red Card|[of] p1a: Goofy ahh mf
|drag|p1a: ASUS TUF|Raging Bolt|100/100
|-damage|p1a: ASUS TUF|88/100|[from] Stealth Rock
|-status|p1a: ASUS TUF|psn
|
|-damage|p1a: ASUS TUF|76/100 psn|[from] psn
|upkeep
|turn|19
|
|t:|1760871444
|move|p2a: Glimmora|Earth Power|p1a: ASUS TUF
|-supereffective|p1a: ASUS TUF
|-damage|p1a: ASUS TUF|36/100 psn
|move|p1a: ASUS TUF|Volt Switch|p2a: Glimmora
|-damage|p2a: Glimmora|0 fnt
|faint|p2a: Glimmora
|
|t:|1760871451
|-end|p1a: ASUS TUF|Protosynthesis|[silent]
|switch|p1a: Goofy ahh mf|Clodsire, M, shiny|100/100|[from] Volt Switch
|-damage|p1a: Goofy ahh mf|94/100|[from] Stealth Rock
|-sideend|p1: hdsnzzz|move: Toxic Spikes|[of] p1a: Goofy ahh mf
|
|-heal|p1a: Goofy ahh mf|100/100|[from] item: Black Sludge
|upkeep
|
|t:|1760871454
|switch|p2a: Iron Crown|Iron Crown|100/100
|turn|20
|
|t:|1760871458
|move|p2a: Iron Crown|Psychic Noise|p1a: Goofy ahh mf
|-supereffective|p1a: Goofy ahh mf
|-damage|p1a: Goofy ahh mf|38/100
|-start|p1a: Goofy ahh mf|move: Heal Block
|move|p1a: Goofy ahh mf|Earthquake|p2a: Iron Crown
|-supereffective|p2a: Iron Crown
|-damage|p2a: Iron Crown|50/100
|
|upkeep
|turn|21
|
|t:|1760871467
|move|p2a: Iron Crown|Psychic Noise|p1a: Goofy ahh mf
|-supereffective|p1a: Goofy ahh mf
|-crit|p1a: Goofy ahh mf
|-damage|p1a: Goofy ahh mf|0 fnt
|faint|p1a: Goofy ahh mf
|
|upkeep
|
|t:|1760871471
|switch|p1a: ASUS TUF|Raging Bolt|36/100 psn
|-damage|p1a: ASUS TUF|24/100 psn|[from] Stealth Rock
|turn|22
|
|t:|1760871479
|move|p1a: ASUS TUF|Thunderclap|p2a: Iron Crown
|-damage|p2a: Iron Crown|0 fnt
|faint|p2a: Iron Crown
|-end|p2a: Iron Crown|Quark Drive|[silent]
|
|-damage|p1a: ASUS TUF|12/100 psn|[from] psn
|upkeep
|
|t:|1760871482
|switch|p2a: Ursaluna|Ursaluna, M, shiny|100/100
|turn|23
|
|t:|1760871487
|move|p1a: ASUS TUF|Thunderclap||[still]
|-fail|p1a: ASUS TUF
|move|p2a: Ursaluna|Bulk Up|p2a: Ursaluna
|-boost|p2a: Ursaluna|atk|1
|-boost|p2a: Ursaluna|def|1
|
|-damage|p1a: ASUS TUF|0 fnt|[from] psn
|faint|p1a: ASUS TUF
|-end|p1a: ASUS TUF|Protosynthesis|[silent]
|upkeep
|
|t:|1760871491
|switch|p1a: Chigga|Dondozo, F, shiny|100/100
|-damage|p1a: Chigga|88/100|[from] Stealth Rock
|turn|24
|
|t:|1760871495
|move|p2a: Ursaluna|Body Slam|p1a: Chigga
|-damage|p1a: Chigga|70/100
|move|p1a: Chigga|Curse|p1a: Chigga
|-unboost|p1a: Chigga|spe|1
|-boost|p1a: Chigga|atk|1
|-boost|p1a: Chigga|def|1
|
|-heal|p1a: Chigga|76/100|[from] item: Leftovers
|upkeep
|turn|25
|
|t:|1760871504
|move|p2a: Ursaluna|Bulk Up|p2a: Ursaluna
|-boost|p2a: Ursaluna|atk|1
|-boost|p2a: Ursaluna|def|1
|move|p1a: Chigga|Curse|p1a: Chigga
|-unboost|p1a: Chigga|spe|1
|-boost|p1a: Chigga|atk|1
|-boost|p1a: Chigga|def|1
|
|-heal|p1a: Chigga|82/100|[from] item: Leftovers
|upkeep
|turn|26
|
|t:|1760871512
|move|p2a: Ursaluna|Bulk Up|p2a: Ursaluna
|-boost|p2a: Ursaluna|atk|1
|-boost|p2a: Ursaluna|def|1
|move|p1a: Chigga|Curse|p1a: Chigga
|-unboost|p1a: Chigga|spe|1
|-boost|p1a: Chigga|atk|1
|-boost|p1a: Chigga|def|1
|
|-heal|p1a: Chigga|88/100|[from] item: Leftovers
|upkeep
|turn|27
|
|t:|1760871522
|move|p2a: Ursaluna|Body Slam|p1a: Chigga
|-damage|p1a: Chigga|80/100
|-status|p1a: Chigga|par
|cant|p1a: Chigga|par
|
|-heal|p1a: Chigga|86/100 par|[from] item: Leftovers
|upkeep
|turn|28
|
|t:|1760871530
|move|p2a: Ursaluna|Body Slam|p1a: Chigga
|-damage|p1a: Chigga|79/100 par
|cant|p1a: Chigga|par
|
|-heal|p1a: Chigga|85/100 par|[from] item: Leftovers
|upkeep
|turn|29
|
|t:|1760871536
|move|p2a: Ursaluna|Bulk Up|p2a: Ursaluna
|-boost|p2a: Ursaluna|atk|1
|-boost|p2a: Ursaluna|def|1
|cant|p1a: Chigga|par
|
|-heal|p1a: Chigga|91/100 par|[from] item: Leftovers
|upkeep
|turn|30
|c|☆hdsnzzz|3 paras in a row wtf
|
|t:|1760871546
|move|p2a: Ursaluna|Bulk Up|p2a: Ursaluna
|-boost|p2a: Ursaluna|atk|1
|-boost|p2a: Ursaluna|def|1
|move|p1a: Chigga|Curse|p1a: Chigga
|-unboost|p1a: Chigga|spe|1
|-boost|p1a: Chigga|atk|1
|-boost|p1a: Chigga|def|1
|
|-heal|p1a: Chigga|97/100 par|[from] item: Leftovers
|upkeep
|turn|31
|
|t:|1760871555
|move|p2a: Ursaluna|Bulk Up|p2a: Ursaluna
|-boost|p2a: Ursaluna|atk|1
|-boost|p2a: Ursaluna|def|1
|move|p1a: Chigga|Wave Crash|p2a: Ursaluna
|-supereffective|p2a: Ursaluna
|-damage|p2a: Ursaluna|0 fnt
|faint|p2a: Ursaluna
|-damage|p1a: Chigga|67/100 par|[from] Recoil
|
|win|hdsnzzz
|raw|hdsnzzz's rating: 1333 &rarr; <strong>1353</strong><br />(+20 for winning)
|raw|Josinjaison's rating: 1341 &rarr; <strong>1321</strong><br />(-20 for losing)
|l|☆hdsnzzz
|player|p1|
|l|‽Josinjaison
|player|p2|
