|j|☆xw haha
|j|☆grumpy turtle
|t:|1760760469
|gametype|singles
|player|p1|xw haha|volkner|1409
|player|p2|grumpy turtle|ninjaboy|1365
|gen|9
|tier|[Gen 9] OU
|rated|
|rule|HP Percentage Mod: HP is shown in percentages
|rule|Endless Battle Clause: Forcing endless battles is banned
|rule|Species Clause: Limit one of each Pokémon
|rule|OHKO Clause: OHKO moves are banned
|rule|Evasion Items Clause: Evasion items are banned
|rule|Evasion Moves Clause: Evasion moves are banned
|rule|Evasion Abilities Clause: Evasion abilities are banned
|rule|Sleep Moves Clause: Sleep-inducing moves are banned
|clearpoke
|poke|p1|Corviknight, F|
|poke|p1|Garganacl, F|
|poke|p1|Cinderace, M|
|poke|p1|Iron Valiant|
|poke|p1|Great Tusk|
|poke|p1|Raging Bolt|
|poke|p2|Kingambit, F|
|poke|p2|Glimmora, M|
|poke|p2|Dragonite, M|
|poke|p2|Enamorus, F|
|poke|p2|Iron Boulder|
|poke|p2|Gholdengo|
|teampreview
|
|t:|1760760477
|teamsize|p1|6
|teamsize|p2|6
|start
|switch|p1a: Raging Bolt|Raging Bolt|100/100
|switch|p2a: Glimmora|Glimmora, M|100/100
|turn|1
|
|t:|1760760484
|move|p2a: Glimmora|Stealth Rock|p1a: Raging Bolt
|-sidestart|p1: xw haha|move: Stealth Rock
|move|p1a: Raging Bolt|Thunderbolt|p2a: Glimmora
|-damage|p2a: Glimmora|34/100
|
|upkeep
|turn|2
|
|t:|1760760502
|move|p1a: Raging Bolt|Thunderclap|p2a: Glimmora
|-damage|p2a: Glimmora|0 fnt
|faint|p2a: Glimmora
|
|upkeep
|
|t:|1760760510
|switch|p2a: Enamorus|Enamorus, F|100/100
|turn|3
|
|t:|1760760520
|-end|p1a: Raging Bolt|Protosynthesis|[silent]
|switch|p1a: Garganacl|Garganacl, F|100/100
|-damage|p1a: Garganacl|88/100|[from] Stealth Rock
|move|p2a: Enamorus|Earth Power|p1a: Garganacl
|-supereffective|p1a: Garganacl
|-damage|p1a: Garganacl|25/100
|-unboost|p1a: Garganacl|spd|1
|
|-heal|p1a: Garganacl|31/100|[from] item: Leftovers
|upkeep
|turn|4
|
|t:|1760760531
|move|p1a: Garganacl|Protect|p1a: Garganacl
|-singleturn|p1a: Garganacl|Protect
|move|p2a: Enamorus|Earth Power|p1a: Garganacl
|-activate|p1a: Garganacl|move: Protect
|
|-heal|p1a: Garganacl|37/100|[from] item: Leftovers
|upkeep
|turn|5
|
|t:|1760760540
|switch|p1a: Corviknight|Corviknight, F|100/100
|-damage|p1a: Corviknight|88/100|[from] Stealth Rock
|move|p2a: Enamorus|Earth Power|p1a: Corviknight
|-immune|p1a: Corviknight
|
|upkeep
|turn|6
|
|t:|1760760551
|switch|p2a: Gholdengo|Gholdengo|100/100
|move|p1a: Corviknight|U-turn|p2a: Gholdengo
|-resisted|p2a: Gholdengo
|-damage|p2a: Gholdengo|96/100
|
|t:|1760760558
|switch|p1a: Cinderace|Cinderace, M|100/100|[from] U-turn
|
|upkeep
|turn|7
|
|t:|1760760563
|move|p2a: Gholdengo|Shadow Ball|p1a: Cinderace
|-damage|p1a: Cinderace|36/100
|move|p1a: Cinderace|Court Change|p1a: Cinderace
|-start|p1a: Cinderace|typechange|Normal|[from] ability: Libero
|-swapsideconditions
|-activate|p1a: Cinderace|move: Court Change
|
|upkeep
|turn|8
|inactive|Battle timer is ON: inactive players will automatically lose when time's up. (requested by xw haha)
|
|t:|1760760582
|switch|p2a: Kingambit|Kingambit, F|100/100
|-damage|p2a: Kingambit|94/100|[from] Stealth Rock
|-activate|p2a: Kingambit|ability: Supreme Overlord
|-start|p2a: Kingambit|fallen1|[silent]
|move|p1a: Cinderace|Pyro Ball|p2a: Kingambit
|-supereffective|p2a: Kingambit
|-damage|p2a: Kingambit|34/100
|
|upkeep
|turn|9
|
|t:|1760760593
|switch|p1a: Corviknight|Corviknight, F|88/100
|move|p2a: Kingambit|Kowtow Cleave|p1a: Corviknight
|-damage|p1a: Corviknight|52/100
|-damage|p2a: Kingambit|18/100|[from] item: Rocky Helmet|[of] p1a: Corviknight
|
|upkeep
|turn|10
|
|t:|1760760601
|-end|p2a: Kingambit|fallen1|[silent]
|switch|p2a: Gholdengo|Gholdengo|96/100
|-damage|p2a: Gholdengo|90/100|[from] Stealth Rock
|move|p1a: Corviknight|Roost|p1a: Corviknight
|-heal|p1a: Corviknight|100/100
|-singleturn|p1a: Corviknight|move: Roost
|
|upkeep
|turn|11
|
|t:|1760760610
|switch|p1a: Great Tusk|Great Tusk|100/100
|move|p2a: Gholdengo|Trick|p1a: Great Tusk
|-activate|p2a: Gholdengo|move: Trick|[of] p1a: Great Tusk
|-item|p1a: Great Tusk|Choice Scarf|[from] move: Trick
|-item|p2a: Gholdengo|Sitrus Berry|[from] move: Trick
|
|upkeep
|turn|12
|
|t:|1760760623
|move|p1a: Great Tusk|Knock Off|p2a: Gholdengo
|-supereffective|p2a: Gholdengo
|-damage|p2a: Gholdengo|8/100
|-enditem|p2a: Gholdengo|Sitrus Berry|[from] move: Knock Off|[of] p1a: Great Tusk
|move|p2a: Gholdengo|Shadow Ball|p1a: Great Tusk
|-damage|p1a: Great Tusk|48/100
|
|upkeep
|turn|13
|
|t:|1760760652
|move|p1a: Great Tusk|Knock Off|p2a: Gholdengo
|-supereffective|p2a: Gholdengo
|-damage|p2a: Gholdengo|0 fnt
|faint|p2a: Gholdengo
|
|upkeep
|
|t:|1760760655
|switch|p2a: Iron Boulder|Iron Boulder|100/100
|-damage|p2a: Iron Boulder|88/100|[from] Stealth Rock
|-enditem|p2a: Iron Boulder|Booster Energy
|-activate|p2a: Iron Boulder|ability: Quark Drive|[fromitem]
|-start|p2a: Iron Boulder|quarkdrivespe
|turn|14
|
|t:|1760760663
|move|p2a: Iron Boulder|Zen Headbutt|p1a: Great Tusk
|-supereffective|p1a: Great Tusk
|-damage|p1a: Great Tusk|0 fnt
|faint|p1a: Great Tusk
|-end|p1a: Great Tusk|Protosynthesis|[silent]
|
|upkeep
|
|t:|1760760680
|switch|p1a: Iron Valiant|Iron Valiant|100/100
|-enditem|p1a: Iron Valiant|Booster Energy
|-activate|p1a: Iron Valiant|ability: Quark Drive|[fromitem]
|-start|p1a: Iron Valiant|quarkdrivespe
|turn|15
|
|t:|1760760709
|move|p2a: Iron Boulder|Zen Headbutt|p1a: Iron Valiant
|-supereffective|p1a: Iron Valiant
|-crit|p1a: Iron Valiant
|-damage|p1a: Iron Valiant|0 fnt
|faint|p1a: Iron Valiant
|-end|p1a: Iron Valiant|Quark Drive|[silent]
|
|upkeep
|
|t:|1760760722
|switch|p1a: Corviknight|Corviknight, F|100/100
|turn|16
|inactive|grumpy turtle has 120 seconds left.
|inactive|grumpy turtle has 90 seconds left.
|inactive|grumpy turtle has 60 seconds left.
|
|t:|1760760803
|-end|p2a: Iron Boulder|Quark Drive|[silent]
|switch|p2a: Kingambit|Kingambit, F|18/100
|-damage|p2a: Kingambit|11/100|[from] Stealth Rock
|-activate|p2a: Kingambit|ability: Supreme Overlord
|-start|p2a: Kingambit|fallen2|[silent]
|move|p1a: Corviknight|Brave Bird|p2a: Kingambit
|-resisted|p2a: Kingambit
|-damage|p2a: Kingambit|0 fnt
|faint|p2a: Kingambit
|-end|p2a: Kingambit|fallen2|[silent]
|-damage|p1a: Corviknight|97/100|[from] Recoil
|
|upkeep
|inactive|grumpy turtle has 60 seconds left.
|
|t:|1760760822
|switch|p2a: Enamorus|Enamorus, F|100/100
|-damage|p2a: Enamorus|76/100|[from] Stealth Rock
|turn|17
|
|t:|1760760835
|move|p2a: Enamorus|Mystical Fire|p1a: Corviknight
|-supereffective|p1a: Corviknight
|-damage|p1a: Corviknight|23/100
|-ability|p1a: Corviknight|Mirror Armor
|-boost|p2a: Enamorus|spa|1
|move|p1a: Corviknight|Brave Bird|p2a: Enamorus
|-damage|p2a: Enamorus|21/100
|-damage|p1a: Corviknight|10/100|[from] Recoil
|
|upkeep
|turn|18
|inactive|grumpy turtle has 60 seconds left.
|
|t:|1760760850
|move|p2a: Enamorus|Mystical Fire|p1a: Corviknight
|-supereffective|p1a: Corviknight
|-damage|p1a: Corviknight|0 fnt
|faint|p1a: Corviknight
|
|upkeep
|
|t:|1760760856
|switch|p1a: Raging Bolt|Raging Bolt|100/100
|turn|19
|
|t:|1760760865
|switch|p2a: Dragonite|Dragonite, M|100/100
|move|p1a: Raging Bolt|Thunderclap||[still]
|-fail|p1a: Raging Bolt
|
|upkeep
|turn|20
|
|t:|1760760874
|move|p2a: Dragonite|Outrage|p1a: Raging Bolt
|-supereffective|p1a: Raging Bolt
|-damage|p1a: Raging Bolt|0 fnt
|faint|p1a: Raging Bolt
|-end|p1a: Raging Bolt|Protosynthesis|[silent]
|
|upkeep
|
|t:|1760760880
|switch|p1a: Garganacl|Garganacl, F|37/100
|turn|21
|
|t:|1760760883
|move|p1a: Garganacl|Protect|p1a: Garganacl
|-singleturn|p1a: Garganacl|Protect
|move|p2a: Dragonite|Outrage|p1a: Garganacl|[from] lockedmove
|-activate|p1a: Garganacl|move: Protect
|-start|p2a: Dragonite|confusion|[fatigue]
|
|-heal|p1a: Garganacl|43/100|[from] item: Leftovers
|upkeep
|turn|22
|inactive|grumpy turtle has 90 seconds left.
|
|t:|1760760905
|switch|p2a: Enamorus|Enamorus, F|21/100
|-damage|p2a: Enamorus|0 fnt|[from] Stealth Rock
|faint|p2a: Enamorus
|-terastallize|p1a: Garganacl|Ghost
|move|p1a: Garganacl|Recover|p1a: Garganacl
|-heal|p1a: Garganacl|93/100
|
|-heal|p1a: Garganacl|99/100|[from] item: Leftovers
|upkeep
|
|t:|1760760915
|switch|p2a: Dragonite|Dragonite, M|100/100
|turn|23
|
|t:|1760760919
|move|p2a: Dragonite|Outrage|p1a: Garganacl
|-damage|p1a: Garganacl|52/100
|move|p1a: Garganacl|Salt Cure|p2a: Dragonite
|-supereffective|p2a: Dragonite
|-damage|p2a: Dragonite|86/100
|-start|p2a: Dragonite|Salt Cure
|
|-heal|p1a: Garganacl|58/100|[from] item: Leftovers
|-damage|p2a: Dragonite|73/100|[from] Salt Cure
|upkeep
|turn|24
|inactive|grumpy turtle has 90 seconds left.
|
|t:|1760760930
|move|p2a: Dragonite|Outrage|p1a: Garganacl|[from] lockedmove
|-damage|p1a: Garganacl|11/100
|move|p1a: Garganacl|Recover|p1a: Garganacl
|-heal|p1a: Garganacl|61/100
|
|-heal|p1a: Garganacl|68/100|[from] item: Leftovers
|-damage|p2a: Dragonite|61/100|[from] Salt Cure
|upkeep
|turn|25
|
|t:|1760760939
|move|p2a: Dragonite|Outrage|p1a: Garganacl|[from] lockedmove
|-damage|p1a: Garganacl|24/100
|-start|p2a: Dragonite|confusion|[fatigue]
|move|p1a: Garganacl|Recover|p1a: Garganacl
|-heal|p1a: Garganacl|74/100
|
|-heal|p1a: Garganacl|80/100|[from] item: Leftovers
|-damage|p2a: Dragonite|48/100|[from] Salt Cure
|upkeep
|turn|26
|
|t:|1760760951
|-activate|p2a: Dragonite|confusion
|move|p2a: Dragonite|Dragon Dance|p2a: Dragonite
|-boost|p2a: Dragonite|atk|1
|-boost|p2a: Dragonite|spe|1
|move|p1a: Garganacl|Recover|p1a: Garganacl
|-heal|p1a: Garganacl|100/100
|
|-damage|p2a: Dragonite|36/100|[from] Salt Cure
|upkeep
|turn|27
|
|t:|1760760961
|-activate|p2a: Dragonite|confusion
|move|p2a: Dragonite|Outrage|p1a: Garganacl
|-damage|p1a: Garganacl|34/100
|move|p1a: Garganacl|Recover|p1a: Garganacl
|-heal|p1a: Garganacl|84/100
|
|-heal|p1a: Garganacl|90/100|[from] item: Leftovers
|-damage|p2a: Dragonite|24/100|[from] Salt Cure
|upkeep
|turn|28
|inactive|grumpy turtle has 120 seconds left.
|
|t:|1760760971
|move|p1a: Garganacl|Protect|p1a: Garganacl
|-singleturn|p1a: Garganacl|Protect
|-activate|p2a: Dragonite|confusion
|move|p2a: Dragonite|Outrage|p1a: Garganacl|[from] lockedmove
|-activate|p1a: Garganacl|move: Protect
|
|-heal|p1a: Garganacl|97/100|[from] item: Leftovers
|-damage|p2a: Dragonite|11/100|[from] Salt Cure
|upkeep
|turn|29
|
|t:|1760760981
|-end|p2a: Dragonite|confusion
|move|p2a: Dragonite|Outrage|p1a: Garganacl
|-damage|p1a: Garganacl|29/100
|move|p1a: Garganacl|Recover|p1a: Garganacl
|-heal|p1a: Garganacl|79/100
|
|-heal|p1a: Garganacl|86/100|[from] item: Leftovers
|-damage|p2a: Dragonite|0 fnt|[from] Salt Cure
|faint|p2a: Dragonite
|upkeep
|
|t:|1760760987
|switch|p2a: Iron Boulder|Iron Boulder|88/100
|-damage|p2a: Iron Boulder|76/100|[from] Stealth Rock
|turn|30
|
|t:|1760761001
|move|p1a: Garganacl|Protect|p1a: Garganacl
|-singleturn|p1a: Garganacl|Protect
|move|p2a: Iron Boulder|Swords Dance|p2a: Iron Boulder
|-boost|p2a: Iron Boulder|atk|2
|
|-heal|p1a: Garganacl|92/100|[from] item: Leftovers
|upkeep
|turn|31
|
|t:|1760761009
|move|p2a: Iron Boulder|Mighty Cleave|p1a: Garganacl
|-damage|p1a: Garganacl|33/100
|move|p1a: Garganacl|Salt Cure|p2a: Iron Boulder
|-damage|p2a: Iron Boulder|60/100
|-start|p2a: Iron Boulder|Salt Cure
|
|-heal|p1a: Garganacl|39/100|[from] item: Leftovers
|-damage|p2a: Iron Boulder|47/100|[from] Salt Cure
|upkeep
|turn|32
|
|t:|1760761019
|move|p1a: Garganacl|Protect|p1a: Garganacl
|-singleturn|p1a: Garganacl|Protect
|move|p2a: Iron Boulder|Mighty Cleave|p1a: Garganacl
|-damage|p1a: Garganacl|0 fnt
|faint|p1a: Garganacl
|
|-damage|p2a: Iron Boulder|35/100|[from] Salt Cure
|upkeep
|
|t:|1760761029
|switch|p1a: Cinderace|Cinderace, M|36/100
|turn|33
|
|t:|1760761035
|move|p2a: Iron Boulder|Mighty Cleave|p1a: Cinderace
|-supereffective|p1a: Cinderace
|-damage|p1a: Cinderace|0 fnt
|faint|p1a: Cinderace
|
|win|grumpy turtle
|raw|xw haha's rating: 1409 &rarr; <strong>1386</strong><br />(-23 for losing)
|raw|grumpy turtle's rating: 1365 &rarr; <strong>1388</strong><br />(+23 for winning)
|l|☆xw haha
|player|p1|
|l|☆grumpy turtle
|player|p2|
