|j|☆cynthiafan#6769
|j|☆thegamingsteve
|t:|1760767019
|gametype|singles
|player|p1|cynthiafan#6769|265|1225
|player|p2|thegamingsteve|miku-fire|1210
|gen|9
|tier|[Gen 9] OU
|rated|
|rule|HP Percentage Mod: HP is shown in percentages
|rule|Endless Battle Clause: Forcing endless battles is banned
|rule|Species Clause: Limit one of each Pokémon
|rule|OHKO Clause: OHKO moves are banned
|rule|Evasion Items Clause: Evasion items are banned
|rule|Evasion Moves Clause: Evasion moves are banned
|rule|Evasion Abilities Clause: Evasion abilities are banned
|rule|Sleep Moves Clause: Sleep-inducing moves are banned
|clearpoke
|poke|p1|Great Tusk|
|poke|p1|Ogerpon-Wellspring, F|
|poke|p1|Scizor, F|
|poke|p1|Kingambit, F|
|poke|p1|Iron Valiant|
|poke|p1|Moltres|
|poke|p2|Ting-Lu|
|poke|p2|Pecharunt|
|poke|p2|Darkrai|
|poke|p2|Kyurem|
|poke|p2|Tsareena, F|
|poke|p2|Iron Moth|
|teampreview
|inactive|Battle timer is ON: inactive players will automatically lose when time's up. (requested by thegamingsteve)
|
|t:|1760767026
|teamsize|p1|6
|teamsize|p2|6
|start
|switch|p1a: Ogerpon|Ogerpon-Wellspring, F|100/100
|switch|p2a: Darkrai|Darkrai|100/100
|turn|1
|
|t:|1760767033
|move|p2a: Darkrai|Will-O-Wisp|p1a: Ogerpon
|-status|p1a: Ogerpon|brn
|move|p1a: Ogerpon|U-turn|p2a: Darkrai
|-supereffective|p2a: Darkrai
|-damage|p2a: Darkrai|69/100
|
|t:|1760767039
|switch|p1a: Moltres|Moltres|100/100|[from] U-turn
|
|upkeep
|turn|2
|
|t:|1760767052
|switch|p2a: Kyurem|Kyurem|100/100
|-ability|p2a: Kyurem|Pressure
|move|p1a: Moltres|U-turn|p2a: Kyurem
|-damage|p2a: Kyurem|86/100
|
|t:|1760767055
|switch|p1a: Scizor|Scizor, F|100/100|[from] U-turn
|
|upkeep
|turn|3
|inactive|thegamingsteve has 120 seconds left.
|
|t:|1760767090
|-terastallize|p2a: Kyurem|Steel
|move|p1a: Scizor|Bullet Punch|p2a: Kyurem
|-resisted|p2a: Kyurem
|-damage|p2a: Kyurem|64/100
|-damage|p1a: Scizor|91/100|[from] item: Life Orb
|move|p2a: Kyurem|Dragon Dance|p2a: Kyurem
|-boost|p2a: Kyurem|atk|1
|-boost|p2a: Kyurem|spe|1
|
|upkeep
|turn|4
|inactive|thegamingsteve has 120 seconds left.
|
|t:|1760767111
|move|p2a: Kyurem|Icicle Spear|p1a: Scizor
|-resisted|p1a: Scizor
|-damage|p1a: Scizor|80/100
|-resisted|p1a: Scizor
|-damage|p1a: Scizor|69/100
|-resisted|p1a: Scizor
|-damage|p1a: Scizor|59/100
|-resisted|p1a: Scizor
|-damage|p1a: Scizor|48/100
|-hitcount|p1a: Scizor|4
|move|p1a: Scizor|Close Combat|p2a: Kyurem
|-supereffective|p2a: Kyurem
|-damage|p2a: Kyurem|0 fnt
|-unboost|p1a: Scizor|def|1
|-unboost|p1a: Scizor|spd|1
|faint|p2a: Kyurem
|-damage|p1a: Scizor|38/100|[from] item: Life Orb
|
|upkeep
|
|t:|1760767125
|switch|p2a: Iron Moth|Iron Moth|100/100
|-enditem|p2a: Iron Moth|Booster Energy
|-activate|p2a: Iron Moth|ability: Quark Drive|[fromitem]
|-start|p2a: Iron Moth|quarkdrivespa
|turn|5
|
|t:|1760767131
|switch|p1a: Moltres|Moltres|100/100
|move|p2a: Iron Moth|Agility|p2a: Iron Moth
|-boost|p2a: Iron Moth|spe|2
|
|upkeep
|turn|6
|
|t:|1760767140
|move|p2a: Iron Moth|Sludge Wave|p1a: Moltres
|-damage|p1a: Moltres|22/100
|move|p1a: Moltres|Roar|p2a: Iron Moth
|-end|p2a: Iron Moth|Quark Drive|[silent]
|drag|p2a: Darkrai|Darkrai|69/100
|
|upkeep
|turn|7
|inactive|thegamingsteve has 120 seconds left.
|
|t:|1760767149
|move|p2a: Darkrai|Trick|p1a: Moltres
|-activate|p2a: Darkrai|move: Trick|[of] p1a: Moltres
|-item|p1a: Moltres|Choice Scarf|[from] move: Trick
|-item|p2a: Darkrai|Heavy-Duty Boots|[from] move: Trick
|move|p1a: Moltres|U-turn|p2a: Darkrai
|-supereffective|p2a: Darkrai
|-damage|p2a: Darkrai|38/100
|
|t:|1760767165
|switch|p1a: Scizor|Scizor, F|38/100|[from] U-turn
|
|upkeep
|turn|8
|
|t:|1760767174
|move|p1a: Scizor|Bullet Punch|p2a: Darkrai
|-crit|p2a: Darkrai
|-damage|p2a: Darkrai|0 fnt
|faint|p2a: Darkrai
|-damage|p1a: Scizor|28/100|[from] item: Life Orb
|
|upkeep
|
|t:|1760767179
|switch|p2a: Iron Moth|Iron Moth|100/100
|turn|9
|
|t:|1760767190
|switch|p1a: Moltres|Moltres|22/100
|move|p2a: Iron Moth|Fiery Dance|p1a: Moltres
|-resisted|p1a: Moltres
|-damage|p1a: Moltres|0 fnt
|faint|p1a: Moltres
|
|upkeep
|
|t:|1760767201
|switch|p1a: Ogerpon|Ogerpon-Wellspring, F|100/100 brn
|turn|10
|
|t:|1760767215
|-end|p2a: Iron Moth|Quark Drive|[silent]
|switch|p2a: Tsareena|Tsareena, F|100/100
|move|p1a: Ogerpon|Ivy Cudgel|p2a: Tsareena|[anim] Ivy Cudgel Water
|-resisted|p2a: Tsareena
|-damage|p2a: Tsareena|83/100
|
|-damage|p1a: Ogerpon|95/100 brn|[from] brn
|upkeep
|turn|11
|
|t:|1760767226
|move|p1a: Ogerpon|U-turn|p2a: Tsareena
|-supereffective|p2a: Tsareena
|-damage|p2a: Tsareena|50/100
|
|t:|1760767231
|switch|p1a: Great Tusk|Great Tusk|100/100|[from] U-turn
|move|p2a: Tsareena|Rapid Spin|p1a: Great Tusk
|-damage|p1a: Great Tusk|89/100
|-boost|p2a: Tsareena|spe|1
|
|-heal|p1a: Great Tusk|95/100|[from] item: Leftovers
|upkeep
|turn|12
|
|t:|1760767240
|move|p2a: Tsareena|Power Whip|p1a: Great Tusk
|-supereffective|p1a: Great Tusk
|-damage|p1a: Great Tusk|22/100
|move|p1a: Great Tusk|Ice Spinner|p2a: Tsareena
|-supereffective|p2a: Tsareena
|-crit|p2a: Tsareena
|-damage|p2a: Tsareena|0 fnt
|faint|p2a: Tsareena
|
|-heal|p1a: Great Tusk|28/100|[from] item: Leftovers
|upkeep
|
|t:|1760767258
|switch|p2a: Iron Moth|Iron Moth|100/100
|turn|13
|
|t:|1760767276
|move|p2a: Iron Moth|Fiery Dance|p1a: Great Tusk
|-damage|p1a: Great Tusk|0 fnt
|faint|p1a: Great Tusk
|-end|p1a: Great Tusk|Protosynthesis|[silent]
|
|upkeep
|
|t:|1760767281
|switch|p1a: Ogerpon|Ogerpon-Wellspring, F|95/100 brn
|turn|14
|
|t:|1760767290
|-end|p2a: Iron Moth|Quark Drive|[silent]
|switch|p2a: Pecharunt|Pecharunt|100/100
|-terastallize|p1a: Ogerpon|Water
|detailschange|p1a: Ogerpon|Ogerpon-Wellspring-Tera, F, tera:Water
|-ability|p1a: Ogerpon|Embody Aspect (Wellspring)|boost
|-boost|p1a: Ogerpon|spd|1
|move|p1a: Ogerpon|Ivy Cudgel|p2a: Pecharunt|[anim] Ivy Cudgel Water
|-damage|p2a: Pecharunt|79/100
|
|-damage|p1a: Ogerpon|89/100 brn|[from] brn
|upkeep
|turn|15
|
|t:|1760767303
|move|p1a: Ogerpon|U-turn|p2a: Pecharunt
|-resisted|p2a: Pecharunt
|-damage|p2a: Pecharunt|77/100
|
|t:|1760767305
|switch|p1a: Scizor|Scizor, F|28/100|[from] U-turn
|move|p2a: Pecharunt|Hex|p1a: Scizor
|-damage|p1a: Scizor|3/100
|
|upkeep
|turn|16
|
|t:|1760767314
|move|p1a: Scizor|Bullet Punch|p2a: Pecharunt
|-damage|p2a: Pecharunt|50/100
|-damage|p1a: Scizor|0 fnt|[from] item: Life Orb
|faint|p1a: Scizor
|move|p2a: Pecharunt|Hex|p1: Scizor|[notarget]
|-fail|p2a: Pecharunt
|
|upkeep
|
|t:|1760767328
|switch|p1a: Iron Valiant|Iron Valiant|100/100
|-enditem|p1a: Iron Valiant|Booster Energy
|-activate|p1a: Iron Valiant|ability: Quark Drive|[fromitem]
|-start|p1a: Iron Valiant|quarkdrivespe
|turn|17
|
|t:|1760767337
|move|p1a: Iron Valiant|Psyshock|p2a: Pecharunt
|-supereffective|p2a: Pecharunt
|-damage|p2a: Pecharunt|19/100
|-enditem|p2a: Pecharunt|Weakness Policy
|-boost|p2a: Pecharunt|atk|2|[from] item: Weakness Policy
|-boost|p2a: Pecharunt|spa|2|[from] item: Weakness Policy
|move|p2a: Pecharunt|Malignant Chain|p1a: Iron Valiant
|-supereffective|p1a: Iron Valiant
|-damage|p1a: Iron Valiant|0 fnt
|faint|p1a: Iron Valiant
|-end|p1a: Iron Valiant|Quark Drive|[silent]
|
|upkeep
|
|t:|1760767361
|switch|p1a: Ogerpon|Ogerpon-Wellspring-Tera, F, tera:Water|89/100 brn
|-ability|p1a: Ogerpon|Embody Aspect (Wellspring)|boost
|-boost|p1a: Ogerpon|spd|1
|turn|18
|
|t:|1760767371
|move|p1a: Ogerpon|Ivy Cudgel|p2a: Pecharunt|[anim] Ivy Cudgel Water
|-damage|p2a: Pecharunt|0 fnt
|faint|p2a: Pecharunt
|
|-damage|p1a: Ogerpon|83/100 brn|[from] brn
|upkeep
|
|t:|1760767378
|switch|p2a: Ting-Lu|Ting-Lu|100/100
|-ability|p2a: Ting-Lu|Vessel of Ruin
|turn|19
|
|t:|1760767385
|move|p1a: Ogerpon|U-turn|p2a: Ting-Lu
|-supereffective|p2a: Ting-Lu
|-damage|p2a: Ting-Lu|85/100
|
|t:|1760767387
|switch|p1a: Kingambit|Kingambit, F|100/100|[from] U-turn
|-activate|p1a: Kingambit|ability: Supreme Overlord
|-start|p1a: Kingambit|fallen4|[silent]
|move|p2a: Ting-Lu|Earthquake|p1a: Kingambit
|-supereffective|p1a: Kingambit
|-damage|p1a: Kingambit|47/100
|
|-heal|p1a: Kingambit|53/100|[from] item: Leftovers
|-heal|p2a: Ting-Lu|91/100|[from] item: Leftovers
|upkeep
|turn|20
|
|t:|1760767401
|move|p1a: Kingambit|Low Kick|p2a: Ting-Lu
|-supereffective|p2a: Ting-Lu
|-damage|p2a: Ting-Lu|21/100
|move|p2a: Ting-Lu|Earthquake|p1a: Kingambit
|-supereffective|p1a: Kingambit
|-damage|p1a: Kingambit|0 fnt
|faint|p1a: Kingambit
|-end|p1a: Kingambit|fallen4|[silent]
|
|-heal|p2a: Ting-Lu|27/100|[from] item: Leftovers
|upkeep
|
|t:|1760767404
|switch|p1a: Ogerpon|Ogerpon-Wellspring-Tera, F, tera:Water|83/100 brn
|-ability|p1a: Ogerpon|Embody Aspect (Wellspring)|boost
|-boost|p1a: Ogerpon|spd|1
|turn|21
|
|t:|1760767413
|move|p1a: Ogerpon|Ivy Cudgel|p2a: Ting-Lu|[anim] Ivy Cudgel Water
|-supereffective|p2a: Ting-Lu
|-crit|p2a: Ting-Lu
|-damage|p2a: Ting-Lu|0 fnt
|faint|p2a: Ting-Lu
|
|-damage|p1a: Ogerpon|77/100 brn|[from] brn
|upkeep
|
|t:|1760767420
|switch|p2a: Iron Moth|Iron Moth|100/100
|turn|22
|
|t:|1760767423
|move|p1a: Ogerpon|Ivy Cudgel|p2a: Iron Moth|[anim] Ivy Cudgel Water
|-supereffective|p2a: Iron Moth
|-damage|p2a: Iron Moth|0 fnt
|faint|p2a: Iron Moth
|-end|p2a: Iron Moth|Quark Drive|[silent]
|
|win|cynthiafan#6769
|raw|cynthiafan#6769's rating: 1225 &rarr; <strong>1249</strong><br />(+24 for winning)
|raw|thegamingsteve's rating: 1210 &rarr; <strong>1186</strong><br />(-24 for losing)
|c|☆thegamingsteve|gg
|l|☆thegamingsteve
|player|p2|
|c|☆cynthiafan#6769|gg
|l|☆cynthiafan#6769
|player|p1|
