|j|‽StaTicZ_Kick
|j|☆vanshsonioplol
|t:|1760846220
|gametype|singles
|player|p1|StaTicZ_Kick|170|1051
|player|p2|vanshsonioplol|cynthia|1099
|gen|9
|tier|[Gen 9] OU
|rated|
|rule|HP Percentage Mod: HP is shown in percentages
|rule|Endless Battle Clause: Forcing endless battles is banned
|rule|Species Clause: Limit one of each Pokémon
|rule|OHKO Clause: OHKO moves are banned
|rule|Evasion Items Clause: Evasion items are banned
|rule|Evasion Moves Clause: Evasion moves are banned
|rule|Evasion Abilities Clause: Evasion abilities are banned
|rule|Sleep Moves Clause: Sleep-inducing moves are banned
|clearpoke
|poke|p1|Clefable, M|
|poke|p1|Toxapex, F|
|poke|p1|Dondozo, F|
|poke|p1|Deoxys-Speed|
|poke|p1|Heatran, M|
|poke|p1|Garganacl, M|
|poke|p2|Hydreigon, F|
|poke|p2|Emboar, F|
|poke|p2|Primarina, M|
|poke|p2|Metagross|
|poke|p2|Ogerpon-Cornerstone, F|
|poke|p2|Mamoswine, F|
|teampreview
|inactive|Battle timer is ON: inactive players will automatically lose when time's up. (requested by vanshsonioplol)
|
|t:|1760846227
|teamsize|p1|6
|teamsize|p2|6
|start
|switch|p1a: Heatran|Heatran, M|100/100
|switch|p2a: Metagross|Metagross|100/100
|turn|1
|
|t:|1760846237
|switch|p2a: Emboar|Emboar, F|100/100
|move|p1a: Heatran|Will-O-Wisp|p2a: Emboar
|-immune|p2a: Emboar
|
|upkeep
|turn|2
|
|t:|1760846246
|switch|p1a: Toxapex|Toxapex, F|100/100
|move|p2a: Emboar|Drain Punch|p1a: Toxapex
|-resisted|p1a: Toxapex
|-damage|p1a: Toxapex|79/100
|
|-heal|p1a: Toxapex|85/100|[from] item: Leftovers
|upkeep
|turn|3
|
|t:|1760846262
|switch|p2a: Metagross|Metagross|100/100
|move|p1a: Toxapex|Toxic Spikes|p2a: Metagross
|-sidestart|p2: vanshsonioplol|move: Toxic Spikes
|
|-heal|p1a: Toxapex|91/100|[from] item: Leftovers
|upkeep
|turn|4
|
|t:|1760846272
|switch|p1a: Heatran|Heatran, M|100/100
|move|p2a: Metagross|Psychic Fangs|p1a: Heatran
|-resisted|p1a: Heatran
|-damage|p1a: Heatran|81/100
|
|-heal|p1a: Heatran|87/100|[from] item: Leftovers
|upkeep
|turn|5
|j| Dekls
|
|t:|1760846280
|move|p2a: Metagross|Earthquake|p1a: Heatran
|-supereffective|p1a: Heatran
|-damage|p1a: Heatran|0 fnt
|faint|p1a: Heatran
|
|upkeep
|
|t:|1760846285
|switch|p1a: Garganacl|Garganacl, M|100/100
|turn|6
|
|t:|1760846291
|move|p2a: Metagross|Bullet Punch|p1a: Garganacl
|-supereffective|p1a: Garganacl
|-damage|p1a: Garganacl|72/100
|move|p1a: Garganacl|Salt Cure|p2a: Metagross
|-resisted|p2a: Metagross
|-damage|p2a: Metagross|95/100
|-start|p2a: Metagross|Salt Cure
|
|-heal|p1a: Garganacl|78/100|[from] item: Leftovers
|-damage|p2a: Metagross|70/100|[from] Salt Cure
|upkeep
|turn|7
|
|t:|1760846297
|move|p2a: Metagross|Earthquake|p1a: Garganacl
|-supereffective|p1a: Garganacl
|-damage|p1a: Garganacl|28/100
|move|p1a: Garganacl|Recover|p1a: Garganacl
|-heal|p1a: Garganacl|78/100
|
|-heal|p1a: Garganacl|85/100|[from] item: Leftovers
|-damage|p2a: Metagross|45/100|[from] Salt Cure
|upkeep
|turn|8
|
|t:|1760846314
|move|p2a: Metagross|Earthquake|p1a: Garganacl
|-supereffective|p1a: Garganacl
|-damage|p1a: Garganacl|29/100
|move|p1a: Garganacl|Recover|p1a: Garganacl
|-heal|p1a: Garganacl|79/100
|
|-heal|p1a: Garganacl|85/100|[from] item: Leftovers
|-damage|p2a: Metagross|20/100|[from] Salt Cure
|upkeep
|turn|9
|
|t:|1760846323
|switch|p1a: Dondozo|Dondozo, F|100/100
|move|p2a: Metagross|Earthquake|p1a: Dondozo
|-damage|p1a: Dondozo|83/100
|
|-heal|p1a: Dondozo|89/100|[from] item: Leftovers
|-damage|p2a: Metagross|0 fnt|[from] Salt Cure
|faint|p2a: Metagross
|upkeep
|
|t:|1760846338
|switch|p2a: Ogerpon|Ogerpon-Cornerstone, F|100/100
|-status|p2a: Ogerpon|psn
|turn|10
|
|t:|1760846342
|switch|p1a: Toxapex|Toxapex, F|100/100
|move|p2a: Ogerpon|Horn Leech|p1a: Toxapex
|-damage|p1a: Toxapex|71/100
|
|-heal|p1a: Toxapex|77/100|[from] item: Leftovers
|-damage|p2a: Ogerpon|88/100 psn|[from] psn
|upkeep
|turn|11
|
|t:|1760846357
|switch|p1a: Dondozo|Dondozo, F|89/100
|move|p2a: Ogerpon|Knock Off|p1a: Dondozo
|-damage|p1a: Dondozo|71/100
|-enditem|p1a: Dondozo|Leftovers|[from] move: Knock Off|[of] p2a: Ogerpon
|
|-damage|p2a: Ogerpon|76/100 psn|[from] psn
|upkeep
|turn|12
|
|t:|1760846365
|move|p2a: Ogerpon|Horn Leech|p1a: Dondozo
|-supereffective|p1a: Dondozo
|-damage|p1a: Dondozo|28/100
|-heal|p2a: Ogerpon|100/100 psn|[from] drain|[of] p1a: Dondozo
|move|p1a: Dondozo|Curse|p1a: Dondozo
|-unboost|p1a: Dondozo|spe|1
|-boost|p1a: Dondozo|atk|1
|-boost|p1a: Dondozo|def|1
|
|-damage|p2a: Ogerpon|88/100 psn|[from] psn
|upkeep
|turn|13
|
|t:|1760846373
|switch|p1a: Clefable|Clefable, M|100/100
|move|p2a: Ogerpon|Horn Leech|p1a: Clefable
|-damage|p1a: Clefable|65/100
|-heal|p2a: Ogerpon|100/100 psn|[from] drain|[of] p1a: Clefable
|-start|p2a: Ogerpon|Attract|[from] ability: Cute Charm|[of] p1a: Clefable
|
|-heal|p1a: Clefable|71/100|[from] item: Leftovers
|-damage|p2a: Ogerpon|88/100 psn|[from] psn
|upkeep
|turn|14
|
|t:|1760846384
|-activate|p2a: Ogerpon|move: Attract|[of] p1a: Clefable
|cant|p2a: Ogerpon|Attract
|move|p1a: Clefable|Knock Off|p2a: Ogerpon
|-damage|p2a: Ogerpon|75/100 psn
|
|-heal|p1a: Clefable|77/100|[from] item: Leftovers
|-damage|p2a: Ogerpon|63/100 psn|[from] psn
|upkeep
|turn|15
|
|t:|1760846399
|-activate|p2a: Ogerpon|move: Attract|[of] p1a: Clefable
|move|p2a: Ogerpon|Ivy Cudgel|p1a: Clefable|[anim] Ivy Cudgel Rock
|-damage|p1a: Clefable|36/100
|move|p1a: Clefable|Stealth Rock|p2a: Ogerpon
|-sidestart|p2: vanshsonioplol|move: Stealth Rock
|
|-heal|p1a: Clefable|42/100|[from] item: Leftovers
|-damage|p2a: Ogerpon|50/100 psn|[from] psn
|upkeep
|turn|16
|
|t:|1760846404
|-activate|p2a: Ogerpon|move: Attract|[of] p1a: Clefable
|move|p2a: Ogerpon|Horn Leech|p1a: Clefable
|-damage|p1a: Clefable|5/100
|-heal|p2a: Ogerpon|75/100 psn|[from] drain|[of] p1a: Clefable
|move|p1a: Clefable|Moonlight|p1a: Clefable
|-heal|p1a: Clefable|55/100
|
|-heal|p1a: Clefable|61/100|[from] item: Leftovers
|-damage|p2a: Ogerpon|62/100 psn|[from] psn
|upkeep
|turn|17
|
|t:|1760846412
|switch|p1a: Deoxys|Deoxys-Speed|100/100
|-end|p2a: Ogerpon|Attract|[silent]
|-ability|p1a: Deoxys|Pressure
|move|p2a: Ogerpon|Ivy Cudgel|p1a: Deoxys|[anim] Ivy Cudgel Rock
|-damage|p1a: Deoxys|26/100
|
|-damage|p2a: Ogerpon|50/100 psn|[from] psn
|upkeep
|turn|18
|
|t:|1760846422
|move|p1a: Deoxys|Protect|p1a: Deoxys
|-singleturn|p1a: Deoxys|Protect
|move|p2a: Ogerpon|Horn Leech|p1a: Deoxys
|-activate|p1a: Deoxys|move: Protect
|
|-damage|p2a: Ogerpon|38/100 psn|[from] psn
|upkeep
|turn|19
|
|t:|1760846429
|move|p1a: Deoxys|Recover|p1a: Deoxys
|-heal|p1a: Deoxys|76/100
|move|p2a: Ogerpon|Horn Leech|p1a: Deoxys
|-damage|p1a: Deoxys|20/100
|-heal|p2a: Ogerpon|66/100 psn|[from] drain|[of] p1a: Deoxys
|-enditem|p1a: Deoxys|Aguav Berry|[eat]
|-heal|p1a: Deoxys|53/100|[from] item: Aguav Berry
|
|-damage|p2a: Ogerpon|54/100 psn|[from] psn
|upkeep
|turn|20
|
|t:|1760846438
|move|p1a: Deoxys|Substitute|p1a: Deoxys
|-start|p1a: Deoxys|Substitute
|-damage|p1a: Deoxys|28/100
|move|p2a: Ogerpon|Knock Off|p1a: Deoxys
|-supereffective|p1a: Deoxys
|-end|p1a: Deoxys|Substitute
|
|-damage|p2a: Ogerpon|42/100 psn|[from] psn
|upkeep
|turn|21
|
|t:|1760846445
|move|p1a: Deoxys|Protect|p1a: Deoxys
|-singleturn|p1a: Deoxys|Protect
|move|p2a: Ogerpon|Horn Leech|p1a: Deoxys
|-activate|p1a: Deoxys|move: Protect
|
|-damage|p2a: Ogerpon|30/100 psn|[from] psn
|upkeep
|turn|22
|inactive|StaTicZ_Kick has 120 seconds left.
|
|t:|1760846489
|switch|p1a: Toxapex|Toxapex, F|100/100
|move|p2a: Ogerpon|Horn Leech|p1a: Toxapex
|-damage|p1a: Toxapex|68/100
|-heal|p2a: Ogerpon|46/100 psn|[from] drain|[of] p1a: Toxapex
|
|-heal|p1a: Toxapex|74/100|[from] item: Leftovers
|-damage|p2a: Ogerpon|34/100 psn|[from] psn
|upkeep
|turn|23
|
|t:|1760846497
|move|p2a: Ogerpon|Knock Off|p1a: Toxapex
|-damage|p1a: Toxapex|45/100
|-enditem|p1a: Toxapex|Leftovers|[from] move: Knock Off|[of] p2a: Ogerpon
|move|p1a: Toxapex|Liquidation|p2a: Ogerpon
|-damage|p2a: Ogerpon|8/100 psn
|
|-damage|p2a: Ogerpon|0 fnt|[from] psn
|faint|p2a: Ogerpon
|upkeep
|
|t:|1760846520
|switch|p2a: Mamoswine|Mamoswine, F|100/100
|-status|p2a: Mamoswine|psn
|-damage|p2a: Mamoswine|88/100 psn|[from] Stealth Rock
|turn|24
|
|t:|1760846526
|switch|p1a: Dondozo|Dondozo, F|28/100
|move|p2a: Mamoswine|Earthquake|p1a: Dondozo
|-damage|p1a: Dondozo|1/100
|
|-damage|p2a: Mamoswine|76/100 psn|[from] psn
|upkeep
|turn|25
|
|t:|1760846538
|move|p2a: Mamoswine|Icicle Spear|p1a: Dondozo
|-resisted|p1a: Dondozo
|-damage|p1a: Dondozo|0 fnt
|faint|p1a: Dondozo
|-hitcount|p1: Dondozo|1
|
|-damage|p2a: Mamoswine|63/100 psn|[from] psn
|upkeep
|
|t:|1760846542
|switch|p1a: Garganacl|Garganacl, M|85/100
|turn|26
|
|t:|1760846547
|-terastallize|p1a: Garganacl|Poison
|move|p2a: Mamoswine|Earthquake|p1a: Garganacl
|-supereffective|p1a: Garganacl
|-damage|p1a: Garganacl|10/100
|move|p1a: Garganacl|Salt Cure|p2a: Mamoswine
|-damage|p2a: Mamoswine|46/100 psn
|-start|p2a: Mamoswine|Salt Cure
|
|-heal|p1a: Garganacl|16/100|[from] item: Leftovers
|-damage|p2a: Mamoswine|34/100 psn|[from] psn
|-damage|p2a: Mamoswine|22/100 psn|[from] Salt Cure
|upkeep
|turn|27
|
|t:|1760846553
|move|p1a: Garganacl|Protect|p1a: Garganacl
|-singleturn|p1a: Garganacl|Protect
|move|p2a: Mamoswine|Earthquake|p1a: Garganacl
|-activate|p1a: Garganacl|move: Protect
|
|-heal|p1a: Garganacl|22/100|[from] item: Leftovers
|-damage|p2a: Mamoswine|9/100 psn|[from] psn
|-damage|p2a: Mamoswine|0 fnt|[from] Salt Cure
|faint|p2a: Mamoswine
|upkeep
|
|t:|1760846568
|switch|p2a: Emboar|Emboar, F|100/100
|-status|p2a: Emboar|psn
|-damage|p2a: Emboar|88/100 psn|[from] Stealth Rock
|turn|28
|
|t:|1760846576
|move|p2a: Emboar|Head Smash|p1a: Garganacl|[miss]
|-miss|p2a: Emboar|p1a: Garganacl
|move|p1a: Garganacl|Salt Cure|p2a: Emboar
|-damage|p2a: Emboar|70/100 psn
|-start|p2a: Emboar|Salt Cure
|
|-heal|p1a: Garganacl|28/100|[from] item: Leftovers
|-damage|p2a: Emboar|58/100 psn|[from] psn
|-damage|p2a: Emboar|46/100 psn|[from] Salt Cure
|upkeep
|turn|29
|
|t:|1760846582
|move|p1a: Garganacl|Protect|p1a: Garganacl
|-singleturn|p1a: Garganacl|Protect
|move|p2a: Emboar|Head Smash|p1a: Garganacl
|-activate|p1a: Garganacl|move: Protect
|
|-heal|p1a: Garganacl|34/100|[from] item: Leftovers
|-damage|p2a: Emboar|33/100 psn|[from] psn
|-damage|p2a: Emboar|21/100 psn|[from] Salt Cure
|upkeep
|turn|30
|
|t:|1760846589
|move|p2a: Emboar|Head Smash|p1a: Garganacl
|-damage|p1a: Garganacl|0 fnt
|faint|p1a: Garganacl
|-damage|p2a: Emboar|2/100 psn|[from] Recoil
|
|-damage|p2a: Emboar|0 fnt|[from] psn
|faint|p2a: Emboar
|upkeep
|
|t:|1760846598
|switch|p2a: Hydreigon|Hydreigon, F|100/100
|switch|p1a: Toxapex|Toxapex, F|78/100
|-damage|p2a: Hydreigon|88/100|[from] Stealth Rock
|turn|31
|inactive|vanshsonioplol has 120 seconds left.
|
|t:|1760846630
|move|p2a: Hydreigon|Earth Power|p1a: Toxapex
|-supereffective|p1a: Toxapex
|-damage|p1a: Toxapex|6/100
|move|p1a: Toxapex|Toxic|p2a: Hydreigon
|-status|p2a: Hydreigon|tox
|
|-damage|p2a: Hydreigon|82/100 tox|[from] psn
|upkeep
|turn|32
|
|t:|1760846639
|switch|p1a: Clefable|Clefable, M|61/100
|move|p2a: Hydreigon|Earth Power|p1a: Clefable
|-damage|p1a: Clefable|21/100
|
|-heal|p1a: Clefable|27/100|[from] item: Leftovers
|-damage|p2a: Hydreigon|70/100 tox|[from] psn
|upkeep
|turn|33
|
|t:|1760846644
|move|p2a: Hydreigon|Earth Power|p1a: Clefable
|-damage|p1a: Clefable|0 fnt
|faint|p1a: Clefable
|
|-damage|p2a: Hydreigon|51/100 tox|[from] psn
|upkeep
|
|t:|1760846650
|switch|p1a: Deoxys|Deoxys-Speed|28/100
|-ability|p1a: Deoxys|Pressure
|turn|34
|
|t:|1760846658
|move|p1a: Deoxys|Recover|p1a: Deoxys
|-heal|p1a: Deoxys|78/100
|move|p2a: Hydreigon|Earth Power|p1a: Deoxys
|-damage|p1a: Deoxys|23/100
|
|-damage|p2a: Hydreigon|27/100 tox|[from] psn
|upkeep
|turn|35
|
|t:|1760846665
|move|p1a: Deoxys|Protect|p1a: Deoxys
|-singleturn|p1a: Deoxys|Protect
|move|p2a: Hydreigon|Earth Power|p1a: Deoxys
|-activate|p1a: Deoxys|move: Protect
|
|-damage|p2a: Hydreigon|0 fnt|[from] psn
|faint|p2a: Hydreigon
|upkeep
|
|t:|1760846668
|switch|p2a: Primarina|Primarina, M|100/100
|-status|p2a: Primarina|psn
|-damage|p2a: Primarina|88/100 psn|[from] Stealth Rock
|turn|36
|
|t:|1760846676
|move|p1a: Deoxys|Recover|p1a: Deoxys
|-heal|p1a: Deoxys|73/100
|move|p2a: Primarina|Energy Ball|p1a: Deoxys
|-damage|p1a: Deoxys|31/100
|
|-damage|p2a: Primarina|76/100 psn|[from] psn
|upkeep
|turn|37
|
|t:|1760846682
|move|p1a: Deoxys|Protect|p1a: Deoxys
|-singleturn|p1a: Deoxys|Protect
|move|p2a: Primarina|Hyper Voice|p1a: Deoxys
|-activate|p1a: Deoxys|move: Protect
|
|-damage|p2a: Primarina|64/100 psn|[from] psn
|upkeep
|turn|38
|
|t:|1760846691
|move|p1a: Deoxys|Recover|p1a: Deoxys
|-heal|p1a: Deoxys|81/100
|move|p2a: Primarina|Draining Kiss|p1a: Deoxys
|-damage|p1a: Deoxys|47/100
|-heal|p2a: Primarina|89/100 psn|[from] drain|[of] p1a: Deoxys
|
|-damage|p2a: Primarina|77/100 psn|[from] psn
|upkeep
|turn|39
|
|t:|1760846700
|move|p1a: Deoxys|Protect|p1a: Deoxys
|-singleturn|p1a: Deoxys|Protect
|move|p2a: Primarina|Hyper Voice|p1a: Deoxys
|-activate|p1a: Deoxys|move: Protect
|
|-damage|p2a: Primarina|65/100 psn|[from] psn
|upkeep
|turn|40
|
|t:|1760846706
|move|p1a: Deoxys|Substitute|p1a: Deoxys
|-start|p1a: Deoxys|Substitute
|-damage|p1a: Deoxys|22/100
|move|p2a: Primarina|Hyper Voice|p1a: Deoxys
|-damage|p1a: Deoxys|0 fnt
|faint|p1a: Deoxys
|-enditem|p2a: Primarina|Throat Spray
|-boost|p2a: Primarina|spa|1|[from] item: Throat Spray
|
|-damage|p2a: Primarina|52/100 psn|[from] psn
|upkeep
|
|t:|1760846711
|switch|p1a: Toxapex|Toxapex, F|39/100
|turn|41
|
|t:|1760846736
|move|p2a: Primarina|Energy Ball|p1a: Toxapex
|-damage|p1a: Toxapex|1/100
|move|p1a: Toxapex|Recover|p1a: Toxapex
|-heal|p1a: Toxapex|51/100
|
|-damage|p2a: Primarina|40/100 psn|[from] psn
|upkeep
|turn|42
|
|t:|1760846748
|move|p2a: Primarina|Energy Ball|p1a: Toxapex
|-damage|p1a: Toxapex|11/100
|move|p1a: Toxapex|Recover|p1a: Toxapex
|-heal|p1a: Toxapex|61/100
|
|-damage|p2a: Primarina|28/100 psn|[from] psn
|upkeep
|turn|43
|
|t:|1760846754
|move|p2a: Primarina|Energy Ball|p1a: Toxapex
|-damage|p1a: Toxapex|25/100
|move|p1a: Toxapex|Recover|p1a: Toxapex
|-heal|p1a: Toxapex|75/100
|
|-damage|p2a: Primarina|15/100 psn|[from] psn
|upkeep
|turn|44
|
|t:|1760846772
|-terastallize|p2a: Primarina|Water
|move|p2a: Primarina|Hyper Voice|p1a: Toxapex
|-resisted|p1a: Toxapex
|-damage|p1a: Toxapex|35/100
|move|p1a: Toxapex|Recover|p1a: Toxapex
|-heal|p1a: Toxapex|85/100
|
|-damage|p2a: Primarina|3/100 psn|[from] psn
|upkeep
|turn|45
|
|t:|1760846785
|move|p2a: Primarina|Hyper Voice|p1a: Toxapex
|-resisted|p1a: Toxapex
|-damage|p1a: Toxapex|43/100
|move|p1a: Toxapex|Recover|p1a: Toxapex
|-heal|p1a: Toxapex|93/100
|
|-damage|p2a: Primarina|0 fnt|[from] psn
|faint|p2a: Primarina
|
|win|StaTicZ_Kick
|raw|StaTicZ_Kick's rating: 1051 &rarr; <strong>1088</strong><br />(+37 for winning)
|raw|vanshsonioplol's rating: 1099 &rarr; <strong>1071</strong><br />(-28 for losing)
|l|☆vanshsonioplol
|player|p2|
|l|‽StaTicZ_Kick
|player|p1|
