|j|☆DiamondFury205
|j|☆ErroDeDigitacao
|t:|1760725754
|gametype|singles
|player|p1|DiamondFury205|102|1607
|player|p2|ErroDeDigitacao|102|1678
|gen|9
|tier|[Gen 9] OU
|rated|
|rule|HP Percentage Mod: HP is shown in percentages
|rule|Endless Battle Clause: Forcing endless battles is banned
|rule|Species Clause: Limit one of each Pokémon
|rule|OHKO Clause: OHKO moves are banned
|rule|Evasion Items Clause: Evasion items are banned
|rule|Evasion Moves Clause: Evasion moves are banned
|rule|Evasion Abilities Clause: Evasion abilities are banned
|rule|Sleep Moves Clause: Sleep-inducing moves are banned
|clearpoke
|poke|p1|Indeedee, M|
|poke|p1|Hoopa-Unbound|
|poke|p1|Great Tusk|
|poke|p1|Iron Valiant|
|poke|p1|Ceruledge, M|
|poke|p1|Glimmora, F|
|poke|p2|Iron Crown|
|poke|p2|Primarina, M|
|poke|p2|Great Tusk|
|poke|p2|Alomomola, F|
|poke|p2|Scizor, M|
|poke|p2|Dragonite, M|
|teampreview
|inactive|Battle timer is ON: inactive players will automatically lose when time's up. (requested by ErroDeDigitacao)
|j| ImagineHavingSkill
|
|t:|1760725765
|teamsize|p1|6
|teamsize|p2|6
|start
|switch|p1a: Glimmora|Glimmora, F|100/100
|switch|p2a: Scizor|Scizor, M|100/100
|turn|1
|
|t:|1760725771
|move|p1a: Glimmora|Meteor Beam||[still]
|-prepare|p1a: Glimmora|Meteor Beam
|-boost|p1a: Glimmora|spa|1
|-enditem|p1a: Glimmora|Power Herb
|-anim|p1a: Glimmora|Meteor Beam|p2a: Scizor
|-damage|p2a: Scizor|0 fnt
|faint|p2a: Scizor
|
|upkeep
|
|t:|1760725774
|switch|p2a: Iron Crown|Iron Crown|100/100
|turn|2
|
|t:|1760725779
|move|p2a: Iron Crown|Tachyon Cutter|p1a: Glimmora
|-supereffective|p1a: Glimmora
|-damage|p1a: Glimmora|0 fnt
|faint|p1a: Glimmora
|-hitcount|p1: Glimmora|1
|
|upkeep
|l| ImagineHavingSkill
|
|t:|1760725796
|switch|p1a: Ceruledge|Ceruledge, M|100/100
|turn|3
|
|t:|1760725807
|-end|p2a: Iron Crown|Quark Drive|[silent]
|switch|p2a: Alomomola|Alomomola, F|100/100
|move|p1a: Ceruledge|Swords Dance|p1a: Ceruledge
|-boost|p1a: Ceruledge|atk|2
|
|upkeep
|turn|4
|
|t:|1760725824
|move|p1a: Ceruledge|Swords Dance|p1a: Ceruledge
|-boost|p1a: Ceruledge|atk|2
|move|p2a: Alomomola|Scald|p1a: Ceruledge
|-supereffective|p1a: Ceruledge
|-damage|p1a: Ceruledge|71/100
|
|upkeep
|turn|5
|
|t:|1760725828
|move|p1a: Ceruledge|Poltergeist|p2a: Alomomola
|-activate|p2a: Alomomola|move: Poltergeist|Heavy-Duty Boots
|-damage|p2a: Alomomola|14/100
|move|p2a: Alomomola|Scald|p1a: Ceruledge
|-supereffective|p1a: Ceruledge
|-damage|p1a: Ceruledge|40/100
|
|upkeep
|turn|6
|
|t:|1760725832
|move|p1a: Ceruledge|Bitter Blade|p2a: Alomomola
|-resisted|p2a: Alomomola
|-crit|p2a: Alomomola
|-damage|p2a: Alomomola|0 fnt
|-heal|p1a: Ceruledge|53/100|[from] drain|[of] p2a: Alomomola
|faint|p2a: Alomomola
|
|upkeep
|
|t:|1760725835
|switch|p2a: Great Tusk|Great Tusk|100/100
|turn|7
|
|t:|1760725839
|move|p2a: Great Tusk|Headlong Rush|p1a: Ceruledge
|-supereffective|p1a: Ceruledge
|-damage|p1a: Ceruledge|0 fnt
|-unboost|p2a: Great Tusk|def|1
|-unboost|p2a: Great Tusk|spd|1
|faint|p1a: Ceruledge
|
|upkeep
|
|t:|1760725858
|switch|p1a: Iron Valiant|Iron Valiant|100/100
|-enditem|p1a: Iron Valiant|Booster Energy
|-activate|p1a: Iron Valiant|ability: Quark Drive|[fromitem]
|-start|p1a: Iron Valiant|quarkdrivespe
|turn|8
|
|t:|1760725864
|-end|p2a: Great Tusk|Protosynthesis|[silent]
|switch|p2a: Primarina|Primarina, M|100/100
|move|p1a: Iron Valiant|Knock Off|p2a: Primarina
|-resisted|p2a: Primarina
|-damage|p2a: Primarina|81/100
|-enditem|p2a: Primarina|Assault Vest|[from] move: Knock Off|[of] p1a: Iron Valiant
|
|upkeep
|turn|9
|
|t:|1760725885
|move|p1a: Iron Valiant|Moonblast|p2a: Primarina
|-damage|p2a: Primarina|38/100
|move|p2a: Primarina|Moonblast|p1a: Iron Valiant
|-supereffective|p1a: Iron Valiant
|-damage|p1a: Iron Valiant|0 fnt
|faint|p1a: Iron Valiant
|-end|p1a: Iron Valiant|Quark Drive|[silent]
|
|upkeep
|
|t:|1760725894
|switch|p1a: Great Tusk|Great Tusk|100/100
|turn|10
|
|t:|1760725896
|move|p1a: Great Tusk|Headlong Rush|p2a: Primarina
|-damage|p2a: Primarina|0 fnt
|-unboost|p1a: Great Tusk|def|1
|-unboost|p1a: Great Tusk|spd|1
|faint|p2a: Primarina
|
|upkeep
|
|t:|1760725898
|switch|p2a: Iron Crown|Iron Crown|100/100
|turn|11
|
|t:|1760725902
|-end|p1a: Great Tusk|Protosynthesis|[silent]
|switch|p1a: Indeedee|Indeedee, M|100/100
|-fieldstart|move: Psychic Terrain|[from] ability: Psychic Surge|[of] p1a: Indeedee
|move|p2a: Iron Crown|Tachyon Cutter|p1a: Indeedee
|-damage|p1a: Indeedee|59/100
|-damage|p1a: Indeedee|17/100
|-hitcount|p1a: Indeedee|2
|
|upkeep
|turn|12
|
|t:|1760725907
|move|p2a: Iron Crown|Tachyon Cutter|p1a: Indeedee
|-damage|p1a: Indeedee|0 fnt
|faint|p1a: Indeedee
|-hitcount|p1: Indeedee|1
|
|upkeep
|
|t:|1760725909
|switch|p1a: Hoopa|Hoopa-Unbound|100/100
|turn|13
|
|t:|1760725915
|move|p1a: Hoopa|Expanding Force|p2a: Iron Crown
|-resisted|p2a: Iron Crown
|-damage|p2a: Iron Crown|76/100
|move|p2a: Iron Crown|Tachyon Cutter|p1a: Hoopa
|-damage|p1a: Hoopa|64/100
|-damage|p1a: Hoopa|29/100
|-hitcount|p1a: Hoopa|2
|
|upkeep
|turn|14
|-message|DiamondFury205 forfeited.
|
|win|ErroDeDigitacao
|raw|DiamondFury205's rating: 1607 &rarr; <strong>1591</strong><br />(-16 for losing)
|raw|ErroDeDigitacao's rating: 1678 &rarr; <strong>1694</strong><br />(+16 for winning)
|l|☆DiamondFury205
|player|p1|
