|j|☆King of zoe
|j|☆mo007001
|t:|1760768803
|gametype|singles
|player|p1|King of zoe|2|1140
|player|p2|mo007001|burglar|1081
|gen|9
|tier|[Gen 9] OU
|rated|
|rule|HP Percentage Mod: HP is shown in percentages
|rule|Endless Battle Clause: Forcing endless battles is banned
|rule|Species Clause: Limit one of each Pokémon
|rule|OHKO Clause: OHKO moves are banned
|rule|Evasion Items Clause: Evasion items are banned
|rule|Evasion Moves Clause: Evasion moves are banned
|rule|Evasion Abilities Clause: Evasion abilities are banned
|rule|Sleep Moves Clause: Sleep-inducing moves are banned
|clearpoke
|poke|p1|Skarmory, M|
|poke|p1|Gliscor, F|
|poke|p1|Toxapex, M|
|poke|p1|Kyurem|
|poke|p1|Pecharunt|
|poke|p1|Zamazenta-*|
|poke|p2|Ursaluna, M|
|poke|p2|Gumshoos, F|
|poke|p2|Kingambit, F|
|poke|p2|Skeledirge, F|
|poke|p2|Slowking, M|
|poke|p2|Cinderace, F|
|teampreview
|
|t:|1760768814
|teamsize|p1|6
|teamsize|p2|6
|start
|switch|p1a: Toxapex|Toxapex, M|100/100
|switch|p2a: Gumshoos|Gumshoos, F|100/100
|turn|1
|
|t:|1760768825
|switch|p2a: Slowking|Slowking, M, shiny|100/100
|move|p1a: Toxapex|Toxic|p2a: Slowking
|-status|p2a: Slowking|tox
|
|-damage|p2a: Slowking|94/100 tox|[from] psn
|upkeep
|turn|2
|
|t:|1760768835
|switch|p1a: Skarmory|Skarmory, M|100/100
|move|p2a: Slowking|Future Sight|p1a: Skarmory
|-start|p2a: Slowking|move: Future Sight
|
|-damage|p2a: Slowking|82/100 tox|[from] psn
|upkeep
|turn|3
|
|t:|1760768843
|move|p1a: Skarmory|Spikes|p2a: Slowking
|-sidestart|p2: mo007001|Spikes
|move|p2a: Slowking|Trick Room|p2a: Slowking
|-fieldstart|move: Trick Room|[of] p2a: Slowking
|
|-damage|p2a: Slowking|64/100 tox|[from] psn
|upkeep
|turn|4
|
|t:|1760768854
|switch|p2a: Cinderace|Cinderace, F|100/100
|move|p1a: Skarmory|Taunt|p2a: Cinderace
|-start|p2a: Cinderace|move: Taunt
|
|-end|p1a: Skarmory|move: Future Sight
|-resisted|p1a: Skarmory
|-damage|p1a: Skarmory|70/100
|-heal|p1a: Skarmory|76/100|[from] item: Leftovers
|upkeep
|turn|5
|
|t:|1760768871
|switch|p1a: Toxapex|Toxapex, M|100/100
|move|p2a: Cinderace|U-turn|p1a: Toxapex
|-start|p2a: Cinderace|typechange|Bug|[from] ability: Libero
|-resisted|p1a: Toxapex
|-damage|p1a: Toxapex|91/100
|
|t:|1760768878
|switch|p2a: Ursaluna|Ursaluna, M|100/100|[from] U-turn
|-damage|p2a: Ursaluna|88/100|[from] Spikes
|
|-heal|p1a: Toxapex|98/100|[from] item: Black Sludge
|-status|p2a: Ursaluna|brn|[from] item: Flame Orb
|upkeep
|turn|6
|
|t:|1760768888
|switch|p1a: Skarmory|Skarmory, M|76/100
|move|p2a: Ursaluna|Supercell Slam|p1a: Skarmory
|-supereffective|p1a: Skarmory
|-damage|p1a: Skarmory|21/100
|
|-heal|p1a: Skarmory|27/100|[from] item: Leftovers
|-damage|p2a: Ursaluna|82/100 brn|[from] brn
|upkeep
|turn|7
|
|t:|1760768900
|switch|p2a: Cinderace|Cinderace, F|100/100
|move|p1a: Skarmory|Roost|p1a: Skarmory
|-heal|p1a: Skarmory|77/100
|-singleturn|p1a: Skarmory|move: Roost
|
|-heal|p1a: Skarmory|83/100|[from] item: Leftovers
|-fieldend|move: Trick Room
|upkeep
|turn|8
|
|t:|1760768911
|move|p2a: Cinderace|Pyro Ball|p1a: Skarmory
|-supereffective|p1a: Skarmory
|-damage|p1a: Skarmory|10/100
|move|p1a: Skarmory|Taunt|p2a: Cinderace
|-start|p2a: Cinderace|move: Taunt
|
|-heal|p1a: Skarmory|16/100|[from] item: Leftovers
|upkeep
|turn|9
|
|t:|1760768923
|switch|p1a: Toxapex|Toxapex, M|100/100
|move|p2a: Cinderace|U-turn|p1a: Toxapex
|-start|p2a: Cinderace|typechange|Bug|[from] ability: Libero
|-resisted|p1a: Toxapex
|-damage|p1a: Toxapex|91/100
|
|t:|1760768930
|switch|p2a: Slowking|Slowking, M, shiny|97/100 tox|[from] U-turn
|-damage|p2a: Slowking|85/100 tox|[from] Spikes
|
|-heal|p1a: Toxapex|97/100|[from] item: Black Sludge
|-damage|p2a: Slowking|79/100 tox|[from] psn
|upkeep
|turn|10
|
|t:|1760768942
|switch|p1a: Gliscor|Gliscor, F|100/100
|move|p2a: Slowking|Trick Room|p2a: Slowking
|-fieldstart|move: Trick Room|[of] p2a: Slowking
|
|-damage|p2a: Slowking|66/100 tox|[from] psn
|-status|p1a: Gliscor|tox|[from] item: Toxic Orb
|upkeep
|turn|11
|
|t:|1760768958
|switch|p2a: Ursaluna|Ursaluna, M|82/100 brn
|-damage|p2a: Ursaluna|69/100 brn|[from] Spikes
|switch|p1a: Kyurem|Kyurem|100/100
|-ability|p1a: Kyurem|Pressure
|
|-damage|p2a: Ursaluna|63/100 brn|[from] brn
|upkeep
|turn|12
|
|t:|1760768972
|switch|p1a: Skarmory|Skarmory, M|16/100
|move|p2a: Ursaluna|Facade|p1a: Skarmory
|-resisted|p1a: Skarmory
|-damage|p1a: Skarmory|0 fnt
|faint|p1a: Skarmory
|
|-damage|p2a: Ursaluna|57/100 brn|[from] brn
|upkeep
|
|t:|1760768982
|switch|p1a: Zamazenta|Zamazenta|100/100
|-ability|p1a: Zamazenta|Dauntless Shield|boost
|-boost|p1a: Zamazenta|def|1
|turn|13
|
|t:|1760768990
|switch|p2a: Skeledirge|Skeledirge, F, shiny|100/100
|move|p1a: Zamazenta|Iron Defense|p1a: Zamazenta
|-boost|p1a: Zamazenta|def|2
|
|upkeep
|turn|14
|
|t:|1760768997
|move|p2a: Skeledirge|Will-O-Wisp|p1a: Zamazenta
|-status|p1a: Zamazenta|brn
|move|p1a: Zamazenta|Crunch|p2a: Skeledirge
|-supereffective|p2a: Skeledirge
|-damage|p2a: Skeledirge|79/100
|-damage|p1a: Zamazenta|91/100 brn|[from] item: Life Orb
|
|-damage|p1a: Zamazenta|84/100 brn|[from] brn
|-fieldend|move: Trick Room
|upkeep
|turn|15
|
|t:|1760769010
|switch|p1a: Gliscor|Gliscor, F|100/100 tox
|move|p2a: Skeledirge|Torch Song|p1a: Gliscor
|-damage|p1a: Gliscor|56/100 tox
|-boost|p2a: Skeledirge|spa|1
|
|-heal|p1a: Gliscor|69/100 tox|[from] ability: Poison Heal
|upkeep
|turn|16
|
|t:|1760769027
|switch|p2a: Slowking|Slowking, M, shiny|99/100 tox
|-damage|p2a: Slowking|87/100 tox|[from] Spikes
|move|p1a: Gliscor|Earthquake|p2a: Slowking
|-damage|p2a: Slowking|55/100 tox
|
|-heal|p1a: Gliscor|81/100 tox|[from] ability: Poison Heal
|-damage|p2a: Slowking|49/100 tox|[from] psn
|upkeep
|turn|17
|
|t:|1760769039
|move|p1a: Gliscor|Knock Off|p2a: Slowking
|-supereffective|p2a: Slowking
|-damage|p2a: Slowking|11/100 tox
|-enditem|p2a: Slowking|Terrain Extender|[from] move: Knock Off|[of] p1a: Gliscor
|-prepare|p2a: Slowking|Chilly Reception|[premajor]
|move|p2a: Slowking|Chilly Reception|p2a: Slowking
|-weather|Snowscape
|
|t:|1760769047
|switch|p2a: Gumshoos|Gumshoos, F|100/100|[from] Chilly Reception
|-damage|p2a: Gumshoos|88/100|[from] Spikes
|
|-weather|Snowscape|[upkeep]
|-heal|p1a: Gliscor|93/100 tox|[from] ability: Poison Heal
|upkeep
|turn|18
|
|t:|1760769055
|move|p1a: Gliscor|Knock Off|p2a: Gumshoos
|-damage|p2a: Gumshoos|53/100
|-enditem|p2a: Gumshoos|Red Card|[from] move: Knock Off|[of] p1a: Gliscor
|move|p2a: Gumshoos|Double-Edge|p1a: Gliscor
|-damage|p1a: Gliscor|35/100 tox
|-damage|p2a: Gumshoos|39/100|[from] Recoil
|
|-weather|Snowscape|[upkeep]
|-heal|p1a: Gliscor|48/100 tox|[from] ability: Poison Heal
|upkeep
|turn|19
|
|t:|1760769068
|switch|p1a: Pecharunt|Pecharunt|100/100
|move|p2a: Gumshoos|Double-Edge|p1a: Pecharunt
|-immune|p1a: Pecharunt
|
|-weather|Snowscape|[upkeep]
|upkeep
|turn|20
|
|t:|1760769076
|move|p1a: Pecharunt|Malignant Chain|p2a: Gumshoos
|-damage|p2a: Gumshoos|0 fnt
|faint|p2a: Gumshoos
|
|-weather|Snowscape|[upkeep]
|upkeep
|
|t:|1760769085
|switch|p2a: Cinderace|Cinderace, F|100/100
|turn|21
|
|t:|1760769090
|move|p2a: Cinderace|Court Change|p2a: Cinderace
|-start|p2a: Cinderace|typechange|Normal|[from] ability: Libero
|-swapsideconditions
|-activate|p2a: Cinderace|move: Court Change
|move|p1a: Pecharunt|Malignant Chain|p2a: Cinderace
|-damage|p2a: Cinderace|53/100
|
|-weather|none
|upkeep
|turn|22
|
|t:|1760769101
|switch|p2a: Kingambit|Kingambit, F|100/100
|-activate|p2a: Kingambit|ability: Supreme Overlord
|-start|p2a: Kingambit|fallen1|[silent]
|-item|p2a: Kingambit|Air Balloon
|move|p1a: Pecharunt|Malignant Chain|p2a: Kingambit
|-immune|p2a: Kingambit
|
|upkeep
|turn|23
|
|t:|1760769112
|switch|p1a: Zamazenta|Zamazenta|84/100 brn
|-damage|p1a: Zamazenta|72/100 brn|[from] Spikes
|move|p2a: Kingambit|Swords Dance|p2a: Kingambit
|-boost|p2a: Kingambit|atk|2
|
|-damage|p1a: Zamazenta|66/100 brn|[from] brn
|upkeep
|turn|24
|
|t:|1760769137
|-terastallize|p2a: Kingambit|Flying
|move|p1a: Zamazenta|Iron Defense|p1a: Zamazenta
|-boost|p1a: Zamazenta|def|2
|move|p2a: Kingambit|Swords Dance|p2a: Kingambit
|-boost|p2a: Kingambit|atk|2
|
|-damage|p1a: Zamazenta|60/100 brn|[from] brn
|upkeep
|turn|25
|
|t:|1760769154
|move|p1a: Zamazenta|Crunch|p2a: Kingambit
|-damage|p2a: Kingambit|87/100
|-enditem|p2a: Kingambit|Air Balloon
|-damage|p1a: Zamazenta|50/100 brn|[from] item: Life Orb
|move|p2a: Kingambit|Iron Head|p1a: Zamazenta
|-damage|p1a: Zamazenta|0 fnt
|faint|p1a: Zamazenta
|
|upkeep
|
|t:|1760769164
|switch|p1a: Gliscor|Gliscor, F|48/100 tox
|turn|26
|
|t:|1760769168
|move|p1a: Gliscor|Earthquake|p2a: Kingambit
|-immune|p2a: Kingambit
|move|p2a: Kingambit|Iron Head|p1a: Gliscor
|-damage|p1a: Gliscor|0 fnt
|faint|p1a: Gliscor
|
|upkeep
|
|t:|1760769177
|switch|p1a: Kyurem|Kyurem|100/100
|-ability|p1a: Kyurem|Pressure
|turn|27
|
|t:|1760769182
|move|p2a: Kingambit|Sucker Punch|p1a: Kyurem
|-damage|p1a: Kyurem|0 fnt
|faint|p1a: Kyurem
|
|upkeep
|
|t:|1760769188
|switch|p1a: Toxapex|Toxapex, M|100/100
|-damage|p1a: Toxapex|88/100|[from] Spikes
|turn|28
|
|t:|1760769193
|move|p2a: Kingambit|Substitute|p2a: Kingambit
|-start|p2a: Kingambit|Substitute
|-damage|p2a: Kingambit|62/100
|move|p1a: Toxapex|Haze|p1a: Toxapex
|-clearallboost
|
|-heal|p1a: Toxapex|94/100|[from] item: Black Sludge
|upkeep
|turn|29
|
|t:|1760769202
|move|p2a: Kingambit|Swords Dance|p2a: Kingambit
|-boost|p2a: Kingambit|atk|2
|move|p1a: Toxapex|Sludge Wave|p2a: Kingambit
|-activate|p2a: Kingambit|move: Substitute|[damage]
|
|-heal|p1a: Toxapex|100/100|[from] item: Black Sludge
|upkeep
|turn|30
|
|t:|1760769211
|move|p2a: Kingambit|Iron Head|p1a: Toxapex
|-resisted|p1a: Toxapex
|-damage|p1a: Toxapex|69/100
|move|p1a: Toxapex|Sludge Wave|p2a: Kingambit
|-end|p2a: Kingambit|Substitute
|
|-heal|p1a: Toxapex|75/100|[from] item: Black Sludge
|upkeep
|turn|31
|
|t:|1760769237
|move|p2a: Kingambit|Sucker Punch||[still]
|-fail|p2a: Kingambit
|move|p1a: Toxapex|Toxic|p2a: Kingambit
|-status|p2a: Kingambit|tox
|
|-heal|p1a: Toxapex|81/100|[from] item: Black Sludge
|-damage|p2a: Kingambit|56/100 tox|[from] psn
|upkeep
|turn|32
|
|t:|1760769256
|move|p2a: Kingambit|Iron Head|p1a: Toxapex
|-resisted|p1a: Toxapex
|-damage|p1a: Toxapex|49/100
|move|p1a: Toxapex|Sludge Wave|p2a: Kingambit
|-damage|p2a: Kingambit|37/100 tox
|
|-heal|p1a: Toxapex|55/100|[from] item: Black Sludge
|-damage|p2a: Kingambit|24/100 tox|[from] psn
|upkeep
|turn|33
|
|t:|1760769266
|move|p2a: Kingambit|Iron Head|p1a: Toxapex
|-resisted|p1a: Toxapex
|-damage|p1a: Toxapex|22/100
|cant|p1a: Toxapex|flinch
|
|-heal|p1a: Toxapex|28/100|[from] item: Black Sludge
|-damage|p2a: Kingambit|6/100 tox|[from] psn
|upkeep
|turn|34
|
|t:|1760769279
|switch|p1a: Pecharunt|Pecharunt|100/100
|-damage|p1a: Pecharunt|88/100|[from] Spikes
|move|p2a: Kingambit|Iron Head|p1a: Pecharunt
|-damage|p1a: Pecharunt|30/100
|-damage|p2a: Kingambit|0 fnt|[from] item: Rocky Helmet|[of] p1a: Pecharunt
|faint|p2a: Kingambit
|-end|p2a: Kingambit|fallen1|[silent]
|
|upkeep
|
|t:|1760769291
|switch|p2a: Ursaluna|Ursaluna, M|57/100 brn
|turn|35
|
|t:|1760769296
|move|p1a: Pecharunt|Parting Shot|p2a: Ursaluna
|-unboost|p2a: Ursaluna|atk|1
|-unboost|p2a: Ursaluna|spa|1
|
|t:|1760769299
|switch|p1a: Toxapex|Toxapex, M|61/100|[from] Parting Shot
|-damage|p1a: Toxapex|49/100|[from] Spikes
|move|p2a: Ursaluna|Headlong Rush|p1a: Toxapex
|-supereffective|p1a: Toxapex
|-damage|p1a: Toxapex|0 fnt
|-unboost|p2a: Ursaluna|def|1
|-unboost|p2a: Ursaluna|spd|1
|faint|p1a: Toxapex
|
|-damage|p2a: Ursaluna|50/100 brn|[from] brn
|upkeep
|
|t:|1760769312
|switch|p1a: Pecharunt|Pecharunt|30/100
|-damage|p1a: Pecharunt|17/100|[from] Spikes
|turn|36
|
|t:|1760769317
|move|p1a: Pecharunt|Malignant Chain|p2a: Ursaluna
|-resisted|p2a: Ursaluna
|-damage|p2a: Ursaluna|30/100 brn
|move|p2a: Ursaluna|Headlong Rush|p1a: Pecharunt
|-supereffective|p1a: Pecharunt
|-damage|p1a: Pecharunt|0 fnt
|-unboost|p2a: Ursaluna|def|1
|-unboost|p2a: Ursaluna|spd|1
|-damage|p2a: Ursaluna|14/100 brn|[from] item: Rocky Helmet|[of] p1a: Pecharunt
|faint|p1a: Pecharunt
|
|win|mo007001
|raw|King of zoe's rating: 1140 &rarr; <strong>1111</strong><br />(-29 for losing)
|raw|mo007001's rating: 1081 &rarr; <strong>1114</strong><br />(+33 for winning)
|l|☆mo007001
|player|p2|
|l|☆King of zoe
|player|p1|
