|j|☆NarwhalMD22
|j|☆hansie
|t:|1760765381
|gametype|singles
|player|p1|NarwhalMD22|roark|1143
|player|p2|hansie|hiker-gen3rs|1107
|gen|9
|tier|[Gen 9] OU
|rated|
|rule|HP Percentage Mod: HP is shown in percentages
|rule|Endless Battle Clause: Forcing endless battles is banned
|rule|Species Clause: Limit one of each Pokémon
|rule|OHKO Clause: OHKO moves are banned
|rule|Evasion Items Clause: Evasion items are banned
|rule|Evasion Moves Clause: Evasion moves are banned
|rule|Evasion Abilities Clause: Evasion abilities are banned
|rule|Sleep Moves Clause: Sleep-inducing moves are banned
|clearpoke
|poke|p1|Corviknight, M|
|poke|p1|Incineroar, M|
|poke|p1|Glimmora, M|
|poke|p1|Ogerpon-Wellspring, F|
|poke|p1|Landorus-Therian, M|
|poke|p1|Primarina, M|
|poke|p2|Sinistcha|
|poke|p2|Umbreon, M|
|poke|p2|Primeape, F|
|poke|p2|Thwackey, M|
|poke|p2|Incineroar, M|
|poke|p2|Tentacruel, M|
|teampreview
|inactive|Battle timer is ON: inactive players will automatically lose when time's up. (requested by NarwhalMD22)
|j| helloworlda
|
|t:|1760765394
|teamsize|p1|6
|teamsize|p2|6
|start
|switch|p1a: Glimmora|Glimmora, M|100/100
|switch|p2a: Thwackey|Thwackey, M|100/100
|-fieldstart|move: Grassy Terrain|[from] ability: Grassy Surge|[of] p2a: Thwackey
|turn|1
|
|t:|1760765406
|move|p1a: Glimmora|Meteor Beam||[still]
|-prepare|p1a: Glimmora|Meteor Beam
|-boost|p1a: Glimmora|spa|1
|-enditem|p1a: Glimmora|Power Herb
|-anim|p1a: Glimmora|Meteor Beam|p2a: Thwackey
|-damage|p2a: Thwackey|16/100
|move|p2a: Thwackey|Knock Off|p1a: Glimmora
|-damage|p1a: Glimmora|89/100
|-activate|p1a: Glimmora|ability: Toxic Debris
|-sidestart|p2: hansie|move: Toxic Spikes
|
|-heal|p1a: Glimmora|96/100|[from] Grassy Terrain
|-heal|p2a: Thwackey|22/100|[from] Grassy Terrain
|upkeep
|turn|2
|
|t:|1760765420
|switch|p2a: Tentacruel|Tentacruel, M|100/100
|-sideend|p2: hansie|move: Toxic Spikes|[of] p2a: Tentacruel
|move|p1a: Glimmora|Sludge Bomb|p2a: Tentacruel
|-resisted|p2a: Tentacruel
|-damage|p2a: Tentacruel|75/100
|
|-heal|p2a: Tentacruel|81/100|[from] Grassy Terrain
|-heal|p2a: Tentacruel|87/100|[from] item: Black Sludge
|-heal|p1a: Glimmora|100/100|[from] Grassy Terrain
|upkeep
|turn|3
|
|t:|1760765431
|move|p2a: Tentacruel|Haze|p2a: Tentacruel
|-clearallboost
|move|p1a: Glimmora|Earth Power|p2a: Tentacruel
|-supereffective|p2a: Tentacruel
|-damage|p2a: Tentacruel|40/100
|
|-heal|p2a: Tentacruel|46/100|[from] Grassy Terrain
|-heal|p2a: Tentacruel|52/100|[from] item: Black Sludge
|upkeep
|turn|4
|
|t:|1760765443
|move|p2a: Tentacruel|Flip Turn|p1a: Glimmora
|-supereffective|p1a: Glimmora
|-damage|p1a: Glimmora|75/100
|-activate|p1a: Glimmora|ability: Toxic Debris
|-sidestart|p2: hansie|move: Toxic Spikes
|
|t:|1760765450
|switch|p2a: Umbreon|Umbreon, M|100/100|[from] Flip Turn
|-status|p2a: Umbreon|psn
|move|p1a: Glimmora|Meteor Beam||[still]
|-prepare|p1a: Glimmora|Meteor Beam
|-boost|p1a: Glimmora|spa|1
|
|-heal|p1a: Glimmora|81/100|[from] Grassy Terrain
|-damage|p2a: Umbreon|88/100 psn|[from] psn
|upkeep
|turn|5
|
|t:|1760765459
|move|p1a: Glimmora|Meteor Beam|p2a: Umbreon|[from] lockedmove|[miss]
|-miss|p1a: Glimmora|p2a: Umbreon
|move|p2a: Umbreon|Wish|p2a: Umbreon
|
|-heal|p1a: Glimmora|87/100|[from] Grassy Terrain
|-heal|p2a: Umbreon|94/100 psn|[from] Grassy Terrain
|-heal|p2a: Umbreon|99/100 psn|[from] item: Leftovers
|-damage|p2a: Umbreon|88/100 psn|[from] psn
|-fieldend|move: Grassy Terrain
|upkeep
|turn|6
|
|t:|1760765469
|switch|p2a: Tentacruel|Tentacruel, M|52/100
|-sideend|p2: hansie|move: Toxic Spikes|[of] p2a: Tentacruel
|move|p1a: Glimmora|Sludge Bomb|p2a: Tentacruel
|-resisted|p2a: Tentacruel
|-damage|p2a: Tentacruel|23/100
|
|-heal|p2a: Tentacruel|77/100|[from] move: Wish|[wisher] Umbreon
|-heal|p2a: Tentacruel|83/100|[from] item: Black Sludge
|upkeep
|turn|7
|
|t:|1760765480
|move|p2a: Tentacruel|Flip Turn|p1a: Glimmora
|-supereffective|p1a: Glimmora
|-damage|p1a: Glimmora|59/100
|-activate|p1a: Glimmora|ability: Toxic Debris
|-sidestart|p2: hansie|move: Toxic Spikes
|
|t:|1760765486
|switch|p2a: Umbreon|Umbreon, M|88/100 psn|[from] Flip Turn
|move|p1a: Glimmora|Meteor Beam||[still]
|-prepare|p1a: Glimmora|Meteor Beam
|-boost|p1a: Glimmora|spa|1
|
|-heal|p2a: Umbreon|94/100 psn|[from] item: Leftovers
|-damage|p2a: Umbreon|81/100 psn|[from] psn
|upkeep
|turn|8
|
|t:|1760765494
|move|p1a: Glimmora|Meteor Beam|p2a: Umbreon|[from] lockedmove
|-damage|p2a: Umbreon|13/100 psn
|move|p2a: Umbreon|Wish|p2a: Umbreon
|
|-heal|p2a: Umbreon|19/100 psn|[from] item: Leftovers
|-damage|p2a: Umbreon|6/100 psn|[from] psn
|upkeep
|turn|9
|
|t:|1760765506
|switch|p2a: Tentacruel|Tentacruel, M|83/100
|-sideend|p2: hansie|move: Toxic Spikes|[of] p2a: Tentacruel
|move|p1a: Glimmora|Earth Power|p2a: Tentacruel
|-supereffective|p2a: Tentacruel
|-damage|p2a: Tentacruel|0 fnt
|faint|p2a: Tentacruel
|
|upkeep
|
|t:|1760765513
|switch|p2a: Incineroar|Incineroar, M|100/100
|-ability|p2a: Incineroar|Intimidate|boost
|-unboost|p1a: Glimmora|atk|1
|turn|10
|
|t:|1760765520
|move|p2a: Incineroar|Parting Shot|p1a: Glimmora
|-unboost|p1a: Glimmora|atk|1
|-unboost|p1a: Glimmora|spa|1
|
|t:|1760765525
|switch|p2a: Primeape|Primeape, F|100/100|[from] Parting Shot
|move|p1a: Glimmora|Earth Power|p2a: Primeape
|-damage|p2a: Primeape|59/100
|
|upkeep
|turn|11
|
|t:|1760765534
|-terastallize|p2a: Primeape|Ghost
|move|p2a: Primeape|Rage Fist|p1a: Glimmora
|-damage|p1a: Glimmora|25/100
|-activate|p1a: Glimmora|ability: Toxic Debris
|-sidestart|p2: hansie|move: Toxic Spikes
|move|p1a: Glimmora|Sludge Bomb|p2a: Primeape
|-resisted|p2a: Primeape
|-damage|p2a: Primeape|25/100
|
|upkeep
|turn|12
|
|t:|1760765547
|switch|p1a: Incineroar|Incineroar, M|100/100
|-ability|p1a: Incineroar|Intimidate|boost
|-unboost|p2a: Primeape|atk|1
|-ability|p2a: Primeape|Defiant|boost
|-boost|p2a: Primeape|atk|2
|move|p2a: Primeape|Rage Fist|p1a: Incineroar
|-resisted|p1a: Incineroar
|-damage|p1a: Incineroar|64/100
|
|upkeep
|turn|13
|
|t:|1760765561
|switch|p2a: Umbreon|Umbreon, M|6/100 psn
|move|p1a: Incineroar|Knock Off|p2a: Umbreon
|-resisted|p2a: Umbreon
|-damage|p2a: Umbreon|0 fnt
|-enditem|p2a: Umbreon|Leftovers|[from] move: Knock Off|[of] p1a: Incineroar
|faint|p2a: Umbreon
|
|upkeep
|
|t:|1760765570
|switch|p2a: Incineroar|Incineroar, M|100/100
|-status|p2a: Incineroar|psn
|-ability|p2a: Incineroar|Intimidate|boost
|-unboost|p1a: Incineroar|atk|1
|turn|14
|
|t:|1760765577
|switch|p1a: Landorus|Landorus-Therian, M|100/100
|-ability|p1a: Landorus|Intimidate|boost
|-unboost|p2a: Incineroar|atk|1
|move|p2a: Incineroar|Parting Shot|p1a: Landorus
|-unboost|p1a: Landorus|atk|1
|-unboost|p1a: Landorus|spa|1
|
|t:|1760765587
|switch|p2a: Sinistcha|Sinistcha|100/100|[from] Parting Shot
|-status|p2a: Sinistcha|psn
|
|-damage|p2a: Sinistcha|88/100 psn|[from] psn
|upkeep
|turn|15
|
|t:|1760765600
|move|p1a: Landorus|U-turn|p2a: Sinistcha
|-damage|p2a: Sinistcha|70/100 psn
|
|t:|1760765605
|switch|p1a: Incineroar|Incineroar, M|64/100|[from] U-turn
|-ability|p1a: Incineroar|Intimidate|boost
|-unboost|p2a: Sinistcha|atk|1
|move|p2a: Sinistcha|Calm Mind|p2a: Sinistcha
|-boost|p2a: Sinistcha|spa|1
|-boost|p2a: Sinistcha|spd|1
|
|-damage|p2a: Sinistcha|58/100 psn|[from] psn
|upkeep
|turn|16
|
|t:|1760765614
|move|p2a: Sinistcha|Strength Sap|p1a: Incineroar
|-unboost|p1a: Incineroar|atk|1
|-heal|p2a: Sinistcha|100/100 psn
|move|p1a: Incineroar|Knock Off|p2a: Sinistcha
|-supereffective|p2a: Sinistcha
|-enditem|p2a: Sinistcha|Colbur Berry|[eat]
|-enditem|p2a: Sinistcha|Colbur Berry|[weaken]
|-damage|p2a: Sinistcha|81/100 psn
|
|-damage|p2a: Sinistcha|69/100 psn|[from] psn
|upkeep
|turn|17
|
|t:|1760765626
|move|p2a: Sinistcha|Matcha Gotcha|p1a: Incineroar
|-resisted|p1a: Incineroar
|-damage|p1a: Incineroar|51/100
|-heal|p2a: Sinistcha|77/100 psn|[from] drain|[of] p1a: Incineroar
|move|p1a: Incineroar|Flare Blitz|p2a: Sinistcha
|-supereffective|p2a: Sinistcha
|-damage|p2a: Sinistcha|52/100 psn
|-damage|p1a: Incineroar|44/100|[from] Recoil
|
|-damage|p2a: Sinistcha|39/100 psn|[from] psn
|upkeep
|turn|18
|
|t:|1760765638
|move|p2a: Sinistcha|Strength Sap|p1a: Incineroar
|-unboost|p1a: Incineroar|atk|1
|-heal|p2a: Sinistcha|100/100 psn
|move|p1a: Incineroar|U-turn|p2a: Sinistcha
|-damage|p2a: Sinistcha|94/100 psn
|
|t:|1760765644
|switch|p1a: Corviknight|Corviknight, M|100/100|[from] U-turn
|
|-damage|p2a: Sinistcha|81/100 psn|[from] psn
|upkeep
|turn|19
|
|t:|1760765649
|move|p2a: Sinistcha|Calm Mind|p2a: Sinistcha
|-boost|p2a: Sinistcha|spa|1
|-boost|p2a: Sinistcha|spd|1
|move|p1a: Corviknight|Bulk Up|p1a: Corviknight
|-boost|p1a: Corviknight|atk|1
|-boost|p1a: Corviknight|def|1
|
|-damage|p2a: Sinistcha|69/100 psn|[from] psn
|upkeep
|turn|20
|
|t:|1760765657
|move|p2a: Sinistcha|Strength Sap|p1a: Corviknight
|-ability|p1a: Corviknight|Mirror Armor
|-unboost|p2a: Sinistcha|atk|1
|-heal|p2a: Sinistcha|100/100 psn
|move|p1a: Corviknight|Bulk Up|p1a: Corviknight
|-boost|p1a: Corviknight|atk|1
|-boost|p1a: Corviknight|def|1
|
|-damage|p2a: Sinistcha|88/100 psn|[from] psn
|upkeep
|turn|21
|
|t:|1760765669
|move|p2a: Sinistcha|Calm Mind|p2a: Sinistcha
|-boost|p2a: Sinistcha|spa|1
|-boost|p2a: Sinistcha|spd|1
|move|p1a: Corviknight|Brave Bird|p2a: Sinistcha
|-supereffective|p2a: Sinistcha
|-damage|p2a: Sinistcha|0 fnt
|faint|p2a: Sinistcha
|-damage|p1a: Corviknight|75/100|[from] Recoil
|
|-heal|p1a: Corviknight|82/100|[from] item: Leftovers
|upkeep
|-message|hansie forfeited.
|
|win|NarwhalMD22
|raw|NarwhalMD22's rating: 1143 &rarr; <strong>1165</strong><br />(+22 for winning)
|raw|hansie's rating: 1107 &rarr; <strong>1085</strong><br />(-22 for losing)
|l|☆hansie
|player|p2|
|l|☆NarwhalMD22
|player|p1|
