|j|☆bu88a
|j|☆reudige Gurke
|t:|1760833564
|gametype|singles
|player|p1|bu88a|janitor|1443
|player|p2|reudige Gurke|265|1408
|gen|9
|tier|[Gen 9] OU
|rated|
|rule|HP Percentage Mod: HP is shown in percentages
|rule|Endless Battle Clause: Forcing endless battles is banned
|rule|Species Clause: Limit one of each Pokémon
|rule|OHKO Clause: OHKO moves are banned
|rule|Evasion Items Clause: Evasion items are banned
|rule|Evasion Moves Clause: Evasion moves are banned
|rule|Evasion Abilities Clause: Evasion abilities are banned
|rule|Sleep Moves Clause: Sleep-inducing moves are banned
|clearpoke
|poke|p1|Lokix, M|
|poke|p1|Iron Crown|
|poke|p1|Gliscor, M|
|poke|p1|Garganacl, F|
|poke|p1|Pecharunt|
|poke|p1|Cinderace, M|
|poke|p2|Mew|
|poke|p2|Alomomola, F|
|poke|p2|Cinderace, F|
|poke|p2|Primarina, M|
|poke|p2|Persian-Alola, M|
|poke|p2|Kyurem|
|teampreview
|inactive|Battle timer is ON: inactive players will automatically lose when time's up. (requested by bu88a)
|
|t:|1760833586
|teamsize|p1|6
|teamsize|p2|6
|start
|switch|p1a: Lokix|Lokix, M|100/100
|switch|p2a: Persian|Persian-Alola, M|100/100
|turn|1
|
|t:|1760833592
|move|p1a: Lokix|First Impression|p2a: Persian
|-supereffective|p2a: Persian
|-damage|p2a: Persian|21/100
|move|p2a: Persian|Thunder Wave|p1a: Lokix
|-status|p1a: Lokix|par
|
|upkeep
|turn|2
|
|t:|1760833600
|switch|p2a: Alomomola|Alomomola, F|100/100
|move|p1a: Lokix|Sucker Punch||[still]
|-fail|p1a: Lokix
|
|upkeep
|turn|3
|
|t:|1760833605
|cant|p1a: Lokix|par
|move|p2a: Alomomola|Flip Turn|p1a: Lokix
|-damage|p1a: Lokix|78/100 par
|
|t:|1760833611
|switch|p2a: Cinderace|Cinderace, F|100/100|[from] Flip Turn
|
|upkeep
|turn|4
|
|t:|1760833614
|switch|p1a: Garganacl|Garganacl, F|100/100
|move|p2a: Cinderace|U-turn|p1a: Garganacl
|-start|p2a: Cinderace|typechange|Bug|[from] ability: Libero
|-crit|p1a: Garganacl
|-damage|p1a: Garganacl|68/100
|
|t:|1760833618
|switch|p2a: Persian|Persian-Alola, M|21/100|[from] U-turn
|
|-heal|p1a: Garganacl|74/100|[from] item: Leftovers
|upkeep
|turn|5
|
|t:|1760833624
|move|p1a: Garganacl|Protect|p1a: Garganacl
|-singleturn|p1a: Garganacl|Protect
|move|p2a: Persian|Switcheroo|p1a: Garganacl
|-activate|p1a: Garganacl|move: Protect
|
|-heal|p1a: Garganacl|80/100|[from] item: Leftovers
|upkeep
|turn|6
|
|t:|1760833631
|switch|p2a: Cinderace|Cinderace, F|100/100
|switch|p1a: Lokix|Lokix, M|78/100 par
|
|upkeep
|turn|7
|
|t:|1760833637
|move|p2a: Cinderace|U-turn|p1a: Lokix
|-start|p2a: Cinderace|typechange|Bug|[from] ability: Libero
|-supereffective|p1a: Lokix
|-damage|p1a: Lokix|0 fnt
|faint|p1a: Lokix
|
|t:|1760833643
|switch|p2a: Persian|Persian-Alola, M|21/100|[from] U-turn
|
|upkeep
|
|t:|1760833647
|switch|p1a: Cinderace|Cinderace, M|100/100
|turn|8
|
|t:|1760833654
|move|p2a: Persian|Thunder Wave|p1a: Cinderace
|-status|p1a: Cinderace|par
|move|p1a: Cinderace|U-turn|p2a: Persian
|-start|p1a: Cinderace|typechange|Bug|[from] ability: Libero
|-supereffective|p2a: Persian
|-damage|p2a: Persian|0 fnt
|faint|p2a: Persian
|
|t:|1760833665
|switch|p1a: Iron Crown|Iron Crown|100/100|[from] U-turn
|
|upkeep
|
|t:|1760833675
|switch|p2a: Cinderace|Cinderace, F|100/100
|turn|9
|
|t:|1760833679
|move|p2a: Cinderace|U-turn|p1a: Iron Crown
|-start|p2a: Cinderace|typechange|Bug|[from] ability: Libero
|-damage|p1a: Iron Crown|62/100
|
|t:|1760833683
|switch|p2a: Alomomola|Alomomola, F|100/100|[from] U-turn
|move|p1a: Iron Crown|Psyshock|p2a: Alomomola
|-damage|p2a: Alomomola|67/100
|
|upkeep
|turn|10
|
|t:|1760833690
|move|p1a: Iron Crown|Psyshock|p2a: Alomomola
|-damage|p2a: Alomomola|37/100
|move|p2a: Alomomola|Flip Turn|p1a: Iron Crown
|-damage|p1a: Iron Crown|45/100
|
|t:|1760833692
|switch|p2a: Cinderace|Cinderace, F|100/100|[from] Flip Turn
|
|upkeep
|turn|11
|
|t:|1760833695
|-end|p1a: Iron Crown|Quark Drive|[silent]
|switch|p1a: Garganacl|Garganacl, F|80/100
|move|p2a: Cinderace|U-turn|p1a: Garganacl
|-start|p2a: Cinderace|typechange|Bug|[from] ability: Libero
|-damage|p1a: Garganacl|58/100
|
|t:|1760833700
|switch|p2a: Primarina|Primarina, M|100/100|[from] U-turn
|
|-heal|p1a: Garganacl|65/100|[from] item: Leftovers
|upkeep
|turn|12
|
|t:|1760833706
|move|p1a: Garganacl|Protect|p1a: Garganacl
|-singleturn|p1a: Garganacl|Protect
|move|p2a: Primarina|Psychic Noise|p1a: Garganacl
|-activate|p1a: Garganacl|move: Protect
|
|-heal|p1a: Garganacl|71/100|[from] item: Leftovers
|upkeep
|turn|13
|
|t:|1760833711
|-terastallize|p1a: Garganacl|Water
|move|p2a: Primarina|Psychic Noise|p1a: Garganacl
|-damage|p1a: Garganacl|53/100
|-start|p1a: Garganacl|move: Heal Block
|move|p1a: Garganacl|Salt Cure|p2a: Primarina
|-damage|p2a: Primarina|81/100
|-start|p2a: Primarina|Salt Cure
|
|-damage|p2a: Primarina|56/100|[from] Salt Cure
|upkeep
|turn|14
|inactive|reudige Gurke has 120 seconds left.
|
|t:|1760833743
|switch|p2a: Cinderace|Cinderace, F|100/100
|move|p1a: Garganacl|Salt Cure|p2a: Cinderace
|-supereffective|p2a: Cinderace
|-damage|p2a: Cinderace|62/100
|-start|p2a: Cinderace|Salt Cure
|
|-damage|p2a: Cinderace|50/100|[from] Salt Cure
|-end|p1a: Garganacl|move: Heal Block
|upkeep
|turn|15
|
|t:|1760833757
|switch|p2a: Alomomola|Alomomola, F|70/100
|move|p1a: Garganacl|Recover|p1a: Garganacl
|-heal|p1a: Garganacl|100/100
|
|upkeep
|turn|16
|
|t:|1760833761
|move|p2a: Alomomola|Wish|p2a: Alomomola
|move|p1a: Garganacl|Curse|p1a: Garganacl
|-unboost|p1a: Garganacl|spe|1
|-boost|p1a: Garganacl|atk|1
|-boost|p1a: Garganacl|def|1
|
|upkeep
|turn|17
|
|t:|1760833776
|move|p2a: Alomomola|Flip Turn|p1a: Garganacl
|-resisted|p1a: Garganacl
|-damage|p1a: Garganacl|97/100
|
|t:|1760833778
|switch|p2a: Kyurem|Kyurem|100/100|[from] Flip Turn
|-ability|p2a: Kyurem|Pressure
|move|p1a: Garganacl|Salt Cure|p2a: Kyurem
|-supereffective|p2a: Kyurem
|-damage|p2a: Kyurem|67/100
|-start|p2a: Kyurem|Salt Cure
|
|-heal|p2a: Kyurem|100/100|[from] move: Wish|[wisher] Alomomola
|-heal|p1a: Garganacl|100/100|[from] item: Leftovers
|-damage|p2a: Kyurem|88/100|[from] Salt Cure
|upkeep
|turn|18
|
|t:|1760833792
|switch|p2a: Mew|Mew|100/100
|move|p1a: Garganacl|Salt Cure|p2a: Mew
|-damage|p2a: Mew|88/100
|-start|p2a: Mew|Salt Cure
|
|-damage|p2a: Mew|75/100|[from] Salt Cure
|upkeep
|turn|19
|
|t:|1760833797
|move|p2a: Mew|Calm Mind|p2a: Mew
|-boost|p2a: Mew|spa|1
|-boost|p2a: Mew|spd|1
|move|p1a: Garganacl|Curse|p1a: Garganacl
|-unboost|p1a: Garganacl|spe|1
|-boost|p1a: Garganacl|atk|1
|-boost|p1a: Garganacl|def|1
|
|-damage|p2a: Mew|63/100|[from] Salt Cure
|upkeep
|turn|20
|
|t:|1760833801
|move|p2a: Mew|Calm Mind|p2a: Mew
|-boost|p2a: Mew|spa|1
|-boost|p2a: Mew|spd|1
|move|p1a: Garganacl|Salt Cure|p2a: Mew
|-damage|p2a: Mew|46/100
|
|-damage|p2a: Mew|34/100|[from] Salt Cure
|upkeep
|turn|21
|
|t:|1760833804
|move|p1a: Garganacl|Protect|p1a: Garganacl
|-singleturn|p1a: Garganacl|Protect
|move|p2a: Mew|Calm Mind|p2a: Mew
|-boost|p2a: Mew|spa|1
|-boost|p2a: Mew|spd|1
|
|-damage|p2a: Mew|21/100|[from] Salt Cure
|upkeep
|turn|22
|
|t:|1760833813
|switch|p1a: Iron Crown|Iron Crown|45/100
|move|p2a: Mew|Stored Power|p1a: Iron Crown
|-resisted|p1a: Iron Crown
|-damage|p1a: Iron Crown|13/100
|
|-damage|p2a: Mew|9/100|[from] Salt Cure
|upkeep
|turn|23
|
|t:|1760833824
|move|p1a: Iron Crown|Volt Switch|p2a: Mew
|-damage|p2a: Mew|0 fnt
|faint|p2a: Mew
|
|t:|1760833827
|-end|p1a: Iron Crown|Quark Drive|[silent]
|switch|p1a: Garganacl|Garganacl, F, tera:Water|100/100|[from] Volt Switch
|
|upkeep
|
|t:|1760833829
|switch|p2a: Kyurem|Kyurem|88/100
|-ability|p2a: Kyurem|Pressure
|turn|24
|
|t:|1760833840
|switch|p1a: Cinderace|Cinderace, M|100/100 par
|-terastallize|p2a: Kyurem|Steel
|move|p2a: Kyurem|Substitute|p2a: Kyurem
|-start|p2a: Kyurem|Substitute
|-damage|p2a: Kyurem|63/100
|
|-heal|p2a: Kyurem|69/100|[from] item: Leftovers
|upkeep
|turn|25
|
|t:|1760833846
|move|p2a: Kyurem|Protect|p2a: Kyurem
|-singleturn|p2a: Kyurem|Protect
|move|p1a: Cinderace|Pyro Ball|p2a: Kyurem
|-activate|p2a: Kyurem|move: Protect
|
|-heal|p2a: Kyurem|76/100|[from] item: Leftovers
|upkeep
|turn|26
|
|t:|1760833856
|move|p2a: Kyurem|Dragon Dance|p2a: Kyurem
|-boost|p2a: Kyurem|atk|1
|-boost|p2a: Kyurem|spe|1
|cant|p1a: Cinderace|par
|
|-heal|p2a: Kyurem|82/100|[from] item: Leftovers
|upkeep
|turn|27
|
|t:|1760833861
|move|p2a: Kyurem|Protect|p2a: Kyurem
|-singleturn|p2a: Kyurem|Protect
|cant|p1a: Cinderace|par
|
|-heal|p2a: Kyurem|88/100|[from] item: Leftovers
|upkeep
|turn|28
|
|t:|1760833864
|move|p2a: Kyurem|Dragon Dance|p2a: Kyurem
|-boost|p2a: Kyurem|atk|1
|-boost|p2a: Kyurem|spe|1
|move|p1a: Cinderace|Pyro Ball|p2a: Kyurem
|-supereffective|p2a: Kyurem
|-end|p2a: Kyurem|Substitute
|
|-heal|p2a: Kyurem|94/100|[from] item: Leftovers
|upkeep
|turn|29
|
|t:|1760833875
|switch|p1a: Pecharunt|Pecharunt|100/100
|move|p2a: Kyurem|Substitute|p2a: Kyurem
|-start|p2a: Kyurem|Substitute
|-damage|p2a: Kyurem|69/100
|
|-heal|p2a: Kyurem|75/100|[from] item: Leftovers
|upkeep
|turn|30
|
|t:|1760833879
|move|p2a: Kyurem|Protect|p2a: Kyurem
|-singleturn|p2a: Kyurem|Protect
|move|p1a: Pecharunt|Foul Play|p2a: Kyurem
|-activate|p2a: Kyurem|move: Protect
|
|-heal|p2a: Kyurem|82/100|[from] item: Leftovers
|upkeep
|turn|31
|
|t:|1760833883
|move|p2a: Kyurem|Dragon Dance|p2a: Kyurem
|-boost|p2a: Kyurem|atk|1
|-boost|p2a: Kyurem|spe|1
|move|p1a: Pecharunt|Foul Play|p2a: Kyurem
|-end|p2a: Kyurem|Substitute
|
|-heal|p2a: Kyurem|88/100|[from] item: Leftovers
|upkeep
|turn|32
|
|t:|1760833910
|move|p2a: Kyurem|Protect|p2a: Kyurem
|-singleturn|p2a: Kyurem|Protect
|move|p1a: Pecharunt|Foul Play|p2a: Kyurem
|-activate|p2a: Kyurem|move: Protect
|
|-heal|p2a: Kyurem|94/100|[from] item: Leftovers
|upkeep
|turn|33
|
|t:|1760833918
|move|p2a: Kyurem|Substitute|p2a: Kyurem
|-start|p2a: Kyurem|Substitute
|-damage|p2a: Kyurem|69/100
|move|p1a: Pecharunt|Foul Play|p2a: Kyurem
|-end|p2a: Kyurem|Substitute
|
|-heal|p2a: Kyurem|75/100|[from] item: Leftovers
|upkeep
|turn|34
|
|t:|1760833924
|move|p2a: Kyurem|Protect|p2a: Kyurem
|-singleturn|p2a: Kyurem|Protect
|move|p1a: Pecharunt|Parting Shot|p2a: Kyurem
|-activate|p2a: Kyurem|move: Protect
|
|-heal|p2a: Kyurem|81/100|[from] item: Leftovers
|upkeep
|turn|35
|
|t:|1760833929
|move|p2a: Kyurem|Substitute|p2a: Kyurem
|-start|p2a: Kyurem|Substitute
|-damage|p2a: Kyurem|56/100
|move|p1a: Pecharunt|Foul Play|p2a: Kyurem
|-end|p2a: Kyurem|Substitute
|
|-heal|p2a: Kyurem|63/100|[from] item: Leftovers
|upkeep
|turn|36
|
|t:|1760833933
|move|p2a: Kyurem|Protect|p2a: Kyurem
|-singleturn|p2a: Kyurem|Protect
|move|p1a: Pecharunt|Parting Shot|p2a: Kyurem
|-activate|p2a: Kyurem|move: Protect
|
|-heal|p2a: Kyurem|69/100|[from] item: Leftovers
|upkeep
|turn|37
|
|t:|1760833939
|move|p2a: Kyurem|Substitute|p2a: Kyurem
|-start|p2a: Kyurem|Substitute
|-damage|p2a: Kyurem|44/100
|move|p1a: Pecharunt|Foul Play|p2a: Kyurem
|-crit|p2a: Kyurem
|-end|p2a: Kyurem|Substitute
|
|-heal|p2a: Kyurem|50/100|[from] item: Leftovers
|upkeep
|turn|38
|
|t:|1760833944
|move|p2a: Kyurem|Substitute|p2a: Kyurem
|-start|p2a: Kyurem|Substitute
|-damage|p2a: Kyurem|25/100
|move|p1a: Pecharunt|Parting Shot|p2a: Kyurem
|-unboost|p2a: Kyurem|atk|1
|-unboost|p2a: Kyurem|spa|1
|
|t:|1760833951
|switch|p1a: Iron Crown|Iron Crown|13/100|[from] Parting Shot
|
|-heal|p2a: Kyurem|31/100|[from] item: Leftovers
|upkeep
|turn|39
|
|t:|1760833956
|move|p2a: Kyurem|Protect|p2a: Kyurem
|-singleturn|p2a: Kyurem|Protect
|move|p1a: Iron Crown|Focus Blast|p2a: Kyurem
|-activate|p2a: Kyurem|move: Protect
|
|-heal|p2a: Kyurem|38/100|[from] item: Leftovers
|upkeep
|turn|40
|
|t:|1760833963
|move|p2a: Kyurem|Icicle Spear|p1a: Iron Crown
|-resisted|p1a: Iron Crown
|-damage|p1a: Iron Crown|2/100
|-resisted|p1a: Iron Crown
|-damage|p1a: Iron Crown|0 fnt
|faint|p1a: Iron Crown
|-end|p1a: Iron Crown|Quark Drive|[silent]
|-hitcount|p1: Iron Crown|2
|
|-heal|p2a: Kyurem|44/100|[from] item: Leftovers
|upkeep
|
|t:|1760833970
|switch|p1a: Garganacl|Garganacl, F, tera:Water|100/100
|turn|41
|
|t:|1760833973
|move|p2a: Kyurem|Dragon Dance|p2a: Kyurem
|-boost|p2a: Kyurem|atk|1
|-boost|p2a: Kyurem|spe|1
|move|p1a: Garganacl|Curse|p1a: Garganacl
|-unboost|p1a: Garganacl|spe|1
|-boost|p1a: Garganacl|atk|1
|-boost|p1a: Garganacl|def|1
|
|-heal|p2a: Kyurem|50/100|[from] item: Leftovers
|upkeep
|turn|42
|
|t:|1760833978
|move|p2a: Kyurem|Dragon Dance|p2a: Kyurem
|-boost|p2a: Kyurem|atk|1
|-boost|p2a: Kyurem|spe|1
|move|p1a: Garganacl|Curse|p1a: Garganacl
|-unboost|p1a: Garganacl|spe|1
|-boost|p1a: Garganacl|atk|1
|-boost|p1a: Garganacl|def|1
|
|-heal|p2a: Kyurem|56/100|[from] item: Leftovers
|upkeep
|turn|43
|
|t:|1760833985
|move|p2a: Kyurem|Dragon Dance|p2a: Kyurem
|-boost|p2a: Kyurem|atk|1
|-boost|p2a: Kyurem|spe|1
|move|p1a: Garganacl|Salt Cure|p2a: Kyurem
|-resisted|p2a: Kyurem
|-activate|p2a: Kyurem|move: Substitute|[damage]
|
|-heal|p2a: Kyurem|62/100|[from] item: Leftovers
|upkeep
|turn|44
|
|t:|1760833992
|move|p2a: Kyurem|Dragon Dance|p2a: Kyurem
|-boost|p2a: Kyurem|atk|1
|-boost|p2a: Kyurem|spe|0
|move|p1a: Garganacl|Curse|p1a: Garganacl
|-unboost|p1a: Garganacl|spe|1
|-boost|p1a: Garganacl|atk|1
|-boost|p1a: Garganacl|def|1
|
|-heal|p2a: Kyurem|68/100|[from] item: Leftovers
|upkeep
|turn|45
|
|t:|1760833996
|move|p2a: Kyurem|Icicle Spear|p1a: Garganacl
|-resisted|p1a: Garganacl
|-damage|p1a: Garganacl|95/100
|-resisted|p1a: Garganacl
|-damage|p1a: Garganacl|89/100
|-resisted|p1a: Garganacl
|-damage|p1a: Garganacl|83/100
|-resisted|p1a: Garganacl
|-damage|p1a: Garganacl|77/100
|-hitcount|p1a: Garganacl|4
|move|p1a: Garganacl|Curse|p1a: Garganacl
|-unboost|p1a: Garganacl|spe|1
|-boost|p1a: Garganacl|atk|1
|-boost|p1a: Garganacl|def|1
|
|-heal|p2a: Kyurem|75/100|[from] item: Leftovers
|-heal|p1a: Garganacl|84/100|[from] item: Leftovers
|upkeep
|turn|46
|
|t:|1760834001
|move|p2a: Kyurem|Icicle Spear|p1a: Garganacl
|-resisted|p1a: Garganacl
|-damage|p1a: Garganacl|79/100
|-resisted|p1a: Garganacl
|-damage|p1a: Garganacl|74/100
|-hitcount|p1a: Garganacl|2
|move|p1a: Garganacl|Curse|p1a: Garganacl
|-unboost|p1a: Garganacl|spe|1
|-boost|p1a: Garganacl|atk|1
|-boost|p1a: Garganacl|def|1
|
|-heal|p2a: Kyurem|81/100|[from] item: Leftovers
|-heal|p1a: Garganacl|80/100|[from] item: Leftovers
|upkeep
|turn|47
|
|t:|1760834004
|move|p2a: Kyurem|Icicle Spear|p1a: Garganacl
|-resisted|p1a: Garganacl
|-damage|p1a: Garganacl|76/100
|-resisted|p1a: Garganacl
|-damage|p1a: Garganacl|72/100
|-resisted|p1a: Garganacl
|-damage|p1a: Garganacl|68/100
|-hitcount|p1a: Garganacl|3
|move|p1a: Garganacl|Curse|p1a: Garganacl
|-unboost|p1a: Garganacl|spe|1
|-boost|p1a: Garganacl|atk|1
|-boost|p1a: Garganacl|def|1
|
|-heal|p2a: Kyurem|87/100|[from] item: Leftovers
|-heal|p1a: Garganacl|75/100|[from] item: Leftovers
|upkeep
|turn|48
|
|t:|1760834008
|move|p2a: Kyurem|Icicle Spear|p1a: Garganacl
|-resisted|p1a: Garganacl
|-damage|p1a: Garganacl|71/100
|-resisted|p1a: Garganacl
|-damage|p1a: Garganacl|67/100
|-hitcount|p1a: Garganacl|2
|move|p1a: Garganacl|Salt Cure|p2a: Kyurem
|-resisted|p2a: Kyurem
|-end|p2a: Kyurem|Substitute
|
|-heal|p2a: Kyurem|93/100|[from] item: Leftovers
|-heal|p1a: Garganacl|74/100|[from] item: Leftovers
|upkeep
|turn|49
|
|t:|1760834012
|move|p2a: Kyurem|Protect|p2a: Kyurem
|-singleturn|p2a: Kyurem|Protect
|move|p1a: Garganacl|Recover|p1a: Garganacl
|-heal|p1a: Garganacl|100/100
|
|-heal|p2a: Kyurem|99/100|[from] item: Leftovers
|upkeep
|turn|50
|
|t:|1760834014
|move|p2a: Kyurem|Substitute|p2a: Kyurem
|-start|p2a: Kyurem|Substitute
|-damage|p2a: Kyurem|74/100
|move|p1a: Garganacl|Salt Cure|p2a: Kyurem
|-resisted|p2a: Kyurem
|-activate|p2a: Kyurem|move: Substitute|[damage]
|
|-heal|p2a: Kyurem|80/100|[from] item: Leftovers
|upkeep
|turn|51
|
|t:|1760834023
|move|p2a: Kyurem|Icicle Spear|p1a: Garganacl
|-resisted|p1a: Garganacl
|-damage|p1a: Garganacl|97/100
|-resisted|p1a: Garganacl
|-damage|p1a: Garganacl|94/100
|-resisted|p1a: Garganacl
|-damage|p1a: Garganacl|90/100
|-hitcount|p1a: Garganacl|3
|move|p1a: Garganacl|Curse|p1a: Garganacl
|
|-heal|p2a: Kyurem|87/100|[from] item: Leftovers
|-heal|p1a: Garganacl|96/100|[from] item: Leftovers
|upkeep
|turn|52
|
|t:|1760834028
|move|p2a: Kyurem|Icicle Spear|p1a: Garganacl
|-resisted|p1a: Garganacl
|-damage|p1a: Garganacl|93/100
|-resisted|p1a: Garganacl
|-damage|p1a: Garganacl|89/100
|-resisted|p1a: Garganacl
|-damage|p1a: Garganacl|85/100
|-hitcount|p1a: Garganacl|3
|move|p1a: Garganacl|Salt Cure|p2a: Kyurem
|-resisted|p2a: Kyurem
|-end|p2a: Kyurem|Substitute
|
|-heal|p2a: Kyurem|93/100|[from] item: Leftovers
|-heal|p1a: Garganacl|92/100|[from] item: Leftovers
|upkeep
|turn|53
|
|t:|1760834045
|switch|p1a: Gliscor|Gliscor, M|100/100
|move|p2a: Kyurem|Protect||[still]
|-fail|p2a: Kyurem
|
|-heal|p2a: Kyurem|99/100|[from] item: Leftovers
|-status|p1a: Gliscor|tox|[from] item: Toxic Orb
|upkeep
|turn|54
|
|t:|1760834057
|switch|p1a: Garganacl|Garganacl, F, tera:Water|92/100
|move|p2a: Kyurem|Substitute|p2a: Kyurem
|-start|p2a: Kyurem|Substitute
|-damage|p2a: Kyurem|74/100
|
|-heal|p2a: Kyurem|80/100|[from] item: Leftovers
|-heal|p1a: Garganacl|98/100|[from] item: Leftovers
|upkeep
|turn|55
|
|t:|1760834062
|move|p2a: Kyurem|Icicle Spear|p1a: Garganacl
|-resisted|p1a: Garganacl
|-damage|p1a: Garganacl|83/100
|-resisted|p1a: Garganacl
|-damage|p1a: Garganacl|68/100
|-resisted|p1a: Garganacl
|-damage|p1a: Garganacl|55/100
|-hitcount|p1a: Garganacl|3
|move|p1a: Garganacl|Salt Cure|p2a: Kyurem
|-resisted|p2a: Kyurem
|-activate|p2a: Kyurem|move: Substitute|[damage]
|
|-heal|p2a: Kyurem|86/100|[from] item: Leftovers
|-heal|p1a: Garganacl|61/100|[from] item: Leftovers
|upkeep
|turn|56
|
|t:|1760834069
|move|p1a: Garganacl|Protect|p1a: Garganacl
|-singleturn|p1a: Garganacl|Protect
|move|p2a: Kyurem|Icicle Spear|p1a: Garganacl
|-activate|p1a: Garganacl|move: Protect
|
|-heal|p2a: Kyurem|93/100|[from] item: Leftovers
|-heal|p1a: Garganacl|67/100|[from] item: Leftovers
|upkeep
|turn|57
|
|t:|1760834073
|move|p2a: Kyurem|Icicle Spear|p1a: Garganacl
|-resisted|p1a: Garganacl
|-damage|p1a: Garganacl|52/100
|-resisted|p1a: Garganacl
|-damage|p1a: Garganacl|37/100
|-resisted|p1a: Garganacl
|-damage|p1a: Garganacl|23/100
|-hitcount|p1a: Garganacl|3
|move|p1a: Garganacl|Salt Cure|p2a: Kyurem
|-resisted|p2a: Kyurem
|-activate|p2a: Kyurem|move: Substitute|[damage]
|
|-heal|p2a: Kyurem|99/100|[from] item: Leftovers
|-heal|p1a: Garganacl|29/100|[from] item: Leftovers
|upkeep
|turn|58
|-message|bu88a forfeited.
|
|win|reudige Gurke
|raw|bu88a's rating: 1443 &rarr; <strong>1421</strong><br />(-22 for losing)
|raw|reudige Gurke's rating: 1408 &rarr; <strong>1430</strong><br />(+22 for winning)
|l|☆bu88a
|player|p1|
|l|☆reudige Gurke
|player|p2|
