|badge|p2|bronze|gen9ou|100-7
|uhtml|medal-msg|<div class="broadcast-blue">Curious what those medals under the avatar are? PS now has Ladder Seasons! For more information, check out the <a href="https://www.smogon.com/forums/threads/3740067/">thread on Smogon.</a></div>
|j|☆mtxo
|j|☆ouww miguel o hara
|t:|1760799714
|gametype|singles
|player|p1|mtxo|hoopster|1708
|player|p2|ouww miguel o hara|giovanni|1870
|gen|9
|tier|[Gen 9] OU
|rated|
|rule|HP Percentage Mod: HP is shown in percentages
|rule|Endless Battle Clause: Forcing endless battles is banned
|rule|Species Clause: Limit one of each Pokémon
|rule|OHKO Clause: OHKO moves are banned
|rule|Evasion Items Clause: Evasion items are banned
|rule|Evasion Moves Clause: Evasion moves are banned
|rule|Evasion Abilities Clause: Evasion abilities are banned
|rule|Sleep Moves Clause: Sleep-inducing moves are banned
|clearpoke
|poke|p1|Lokix, M|
|poke|p1|Cinderace, F|
|poke|p1|Great Tusk|
|poke|p1|Alomomola, M|
|poke|p1|Enamorus, F|
|poke|p1|Slowking-Galar, M|
|poke|p2|Zamazenta-*|
|poke|p2|Iron Moth|
|poke|p2|Gliscor, F|
|poke|p2|Clefable, M|
|poke|p2|Blissey, F|
|poke|p2|Dragapult, F|
|teampreview
|inactive|Battle timer is ON: inactive players will automatically lose when time's up. (requested by mtxo)
|
|t:|1760799745
|teamsize|p1|6
|teamsize|p2|6
|start
|switch|p1a: Slowking|Slowking-Galar, M|100/100
|switch|p2a: Blissey|Blissey, F|100/100
|turn|1
|
|t:|1760799748
|move|p2a: Blissey|Stealth Rock|p1a: Slowking
|-sidestart|p1: mtxo|move: Stealth Rock
|move|p1a: Slowking|Future Sight|p2a: Blissey
|-start|p1a: Slowking|move: Future Sight
|
|upkeep
|turn|2
|
|t:|1760799754
|move|p2a: Blissey|Thunder Wave|p1a: Slowking
|-status|p1a: Slowking|par
|-prepare|p1a: Slowking|Chilly Reception|[premajor]
|cant|p1a: Slowking|par
|
|upkeep
|turn|3
|
|t:|1760799759
|switch|p2a: Gliscor|Gliscor, F|100/100
|-prepare|p1a: Slowking|Chilly Reception|[premajor]
|cant|p1a: Slowking|par
|
|-end|p2a: Gliscor|move: Future Sight
|-damage|p2a: Gliscor|59/100
|-status|p2a: Gliscor|tox|[from] item: Toxic Orb
|upkeep
|turn|4
|
|t:|1760799765
|move|p2a: Gliscor|Knock Off|p1a: Slowking
|-supereffective|p1a: Slowking
|-damage|p1a: Slowking|70/100 par
|-enditem|p1a: Slowking|Shuca Berry|[from] move: Knock Off|[of] p2a: Gliscor
|move|p1a: Slowking|Ice Beam|p2a: Gliscor
|-supereffective|p2a: Gliscor
|-damage|p2a: Gliscor|0 fnt
|faint|p2a: Gliscor
|
|upkeep
|
|t:|1760799770
|switch|p2a: Dragapult|Dragapult, F|100/100
|turn|5
|
|t:|1760799773
|switch|p1a: Alomomola|Alomomola, M|100/100
|-damage|p1a: Alomomola|88/100|[from] Stealth Rock
|move|p2a: Dragapult|Substitute|p2a: Dragapult
|-start|p2a: Dragapult|Substitute
|-damage|p2a: Dragapult|76/100
|
|upkeep
|turn|6
|
|t:|1760799777
|move|p2a: Dragapult|Will-O-Wisp|p1a: Alomomola
|-status|p1a: Alomomola|brn
|move|p1a: Alomomola|Flip Turn|p2a: Dragapult
|-resisted|p2a: Dragapult
|-activate|p2a: Dragapult|move: Substitute|[damage]
|
|t:|1760799784
|switch|p1a: Slowking|Slowking-Galar, M|100/100 par|[from] Flip Turn
|-damage|p1a: Slowking|88/100 par|[from] Stealth Rock
|
|upkeep
|turn|7
|
|t:|1760799789
|move|p2a: Dragapult|Hex|p1a: Slowking
|-supereffective|p1a: Slowking
|-crit|p1a: Slowking
|-damage|p1a: Slowking|0 fnt
|faint|p1a: Slowking
|
|upkeep
|
|t:|1760799793
|switch|p1a: Alomomola|Alomomola, M|100/100 brn
|-damage|p1a: Alomomola|88/100 brn|[from] Stealth Rock
|turn|8
|
|t:|1760799800
|move|p2a: Dragapult|Dragon Darts|p1a: Alomomola
|-damage|p1a: Alomomola|72/100 brn
|-anim|p2a: Dragapult|Dragon Darts|p1a: Alomomola
|-damage|p1a: Alomomola|58/100 brn
|move|p1a: Alomomola|Mirror Coat||[still]
|-fail|p1a: Alomomola
|
|-damage|p1a: Alomomola|52/100 brn|[from] brn
|upkeep
|turn|9
|
|t:|1760799808
|move|p2a: Dragapult|Dragon Darts|p1a: Alomomola
|-damage|p1a: Alomomola|37/100 brn
|-anim|p2a: Dragapult|Dragon Darts|p1a: Alomomola
|-damage|p1a: Alomomola|20/100 brn
|move|p1a: Alomomola|Flip Turn|p2a: Dragapult
|-resisted|p2a: Dragapult
|-activate|p2a: Dragapult|move: Substitute|[damage]
|
|t:|1760799820
|switch|p1a: Cinderace|Cinderace, F|100/100|[from] Flip Turn
|
|upkeep
|turn|10
|
|t:|1760799826
|move|p2a: Dragapult|Dragon Darts|p1a: Cinderace
|-damage|p1a: Cinderace|75/100
|-anim|p2a: Dragapult|Dragon Darts|p1a: Cinderace
|-damage|p1a: Cinderace|49/100
|move|p1a: Cinderace|Pyro Ball|p2a: Dragapult
|-resisted|p2a: Dragapult
|-end|p2a: Dragapult|Substitute
|
|upkeep
|turn|11
|
|t:|1760799833
|move|p2a: Dragapult|Substitute|p2a: Dragapult
|-start|p2a: Dragapult|Substitute
|-damage|p2a: Dragapult|51/100
|move|p1a: Cinderace|Court Change|p1a: Cinderace
|-swapsideconditions
|-activate|p1a: Cinderace|move: Court Change
|
|upkeep
|turn|12
|
|t:|1760799837
|switch|p1a: Enamorus|Enamorus, F|100/100
|move|p2a: Dragapult|Dragon Darts|p1a: Enamorus
|-immune|p1a: Enamorus
|
|upkeep
|turn|13
|
|t:|1760799843
|move|p1a: Enamorus|Moonblast|p2a: Dragapult
|-supereffective|p2a: Dragapult
|-end|p2a: Dragapult|Substitute
|move|p2a: Dragapult|Hex|p1a: Enamorus
|-damage|p1a: Enamorus|59/100
|
|upkeep
|turn|14
|
|t:|1760799847
|switch|p1a: Lokix|Lokix, M|100/100
|switch|p2a: Blissey|Blissey, F|100/100
|
|upkeep
|turn|15
|
|t:|1760799854
|move|p1a: Lokix|Knock Off|p2a: Blissey
|-damage|p2a: Blissey|36/100
|-enditem|p2a: Blissey|Heavy-Duty Boots|[from] move: Knock Off|[of] p1a: Lokix
|move|p2a: Blissey|Stealth Rock|p1a: Lokix
|-sidestart|p1: mtxo|move: Stealth Rock
|
|upkeep
|turn|16
|
|t:|1760799877
|move|p1a: Lokix|Knock Off|p2a: Blissey
|-damage|p2a: Blissey|0 fnt
|faint|p2a: Blissey
|
|upkeep
|
|t:|1760799880
|switch|p2a: Zamazenta|Zamazenta|100/100
|-damage|p2a: Zamazenta|94/100|[from] Stealth Rock
|-ability|p2a: Zamazenta|Dauntless Shield|boost
|-boost|p2a: Zamazenta|def|1
|turn|17
|
|t:|1760799888
|switch|p1a: Cinderace|Cinderace, F|49/100
|move|p2a: Zamazenta|Iron Defense|p2a: Zamazenta
|-boost|p2a: Zamazenta|def|2
|
|-heal|p2a: Zamazenta|100/100|[from] item: Leftovers
|upkeep
|turn|18
|
|t:|1760799892
|move|p2a: Zamazenta|Body Press|p1a: Cinderace
|-damage|p1a: Cinderace|0 fnt
|faint|p1a: Cinderace
|
|upkeep
|
|t:|1760799894
|switch|p1a: Enamorus|Enamorus, F|59/100
|-damage|p1a: Enamorus|34/100|[from] Stealth Rock
|turn|19
|
|t:|1760799898
|-terastallize|p1a: Enamorus|Stellar
|-terastallize|p2a: Zamazenta|Steel
|move|p1a: Enamorus|Tera Blast|p2a: Zamazenta|[anim] Tera Blast Stellar
|-supereffective|p2a: Zamazenta
|-damage|p2a: Zamazenta|13/100
|-boost|p1a: Enamorus|atk|1
|-boost|p1a: Enamorus|spa|1
|move|p2a: Zamazenta|Body Press|p1a: Enamorus
|-resisted|p1a: Enamorus
|-damage|p1a: Enamorus|0 fnt
|faint|p1a: Enamorus
|
|-heal|p2a: Zamazenta|19/100|[from] item: Leftovers
|upkeep
|c|☆mtxo|rip
|-message|mtxo forfeited.
|
|win|ouww miguel o hara
|raw|mtxo's rating: 1708 &rarr; <strong>1697</strong><br />(-11 for losing)
|raw|ouww miguel o hara's rating: 1870 &rarr; <strong>1881</strong><br />(+11 for winning)
|l|☆mtxo
|player|p1|
|l|☆ouww miguel o hara
|player|p2|
