|j|☆ArcTatin
|j|☆Cillian1453
|t:|1760886251
|gametype|singles
|player|p1|ArcTatin|1|1211
|player|p2|Cillian1453|102|1229
|gen|9
|tier|[Gen 9] OU
|rated|
|rule|HP Percentage Mod: HP is shown in percentages
|rule|Endless Battle Clause: Forcing endless battles is banned
|rule|Species Clause: Limit one of each Pokémon
|rule|OHKO Clause: OHKO moves are banned
|rule|Evasion Items Clause: Evasion items are banned
|rule|Evasion Moves Clause: Evasion moves are banned
|rule|Evasion Abilities Clause: Evasion abilities are banned
|rule|Sleep Moves Clause: Sleep-inducing moves are banned
|clearpoke
|poke|p1|Magnezone|
|poke|p1|Ceruledge, M|
|poke|p1|Alomomola, F|
|poke|p1|Clodsire, F|
|poke|p1|Porygon2|
|poke|p1|Corviknight, M|
|poke|p2|Hydrapple, M|
|poke|p2|Skarmory, M|
|poke|p2|Tyranitar, F|
|poke|p2|Alomomola, F|
|poke|p2|Clodsire, M|
|poke|p2|Clefable, F|
|teampreview
|inactive|Battle timer is ON: inactive players will automatically lose when time's up. (requested by ArcTatin)
|
|t:|1760886265
|teamsize|p1|6
|teamsize|p2|6
|start
|switch|p1a: Alomomola|Alomomola, F|100/100
|switch|p2a: Tyranitar|Tyranitar, F|100/100
|-weather|Sandstorm|[from] ability: Sand Stream|[of] p2a: Tyranitar
|turn|1
|
|t:|1760886272
|move|p1a: Alomomola|Scald|p2a: Tyranitar
|-supereffective|p2a: Tyranitar
|-damage|p2a: Tyranitar|90/100
|move|p2a: Tyranitar|Knock Off|p1a: Alomomola
|-damage|p1a: Alomomola|77/100
|-damage|p2a: Tyranitar|73/100|[from] item: Rocky Helmet|[of] p1a: Alomomola
|-enditem|p1a: Alomomola|Rocky Helmet|[from] move: Knock Off|[of] p2a: Tyranitar
|
|-weather|Sandstorm|[upkeep]
|-damage|p1a: Alomomola|71/100|[from] Sandstorm
|upkeep
|turn|2
|
|t:|1760886284
|move|p1a: Alomomola|Wish|p1a: Alomomola
|move|p2a: Tyranitar|Stealth Rock|p1a: Alomomola
|-sidestart|p1: ArcTatin|move: Stealth Rock
|
|-weather|Sandstorm|[upkeep]
|-damage|p1a: Alomomola|64/100|[from] Sandstorm
|upkeep
|turn|3
|
|t:|1760886290
|move|p1a: Alomomola|Flip Turn|p2a: Tyranitar
|-supereffective|p2a: Tyranitar
|-damage|p2a: Tyranitar|51/100
|
|t:|1760886296
|switch|p1a: Clodsire|Clodsire, F|100/100|[from] Flip Turn
|-damage|p1a: Clodsire|94/100|[from] Stealth Rock
|move|p2a: Tyranitar|Roar|p1a: Clodsire
|drag|p1a: Alomomola|Alomomola, F|98/100
|-damage|p1a: Alomomola|85/100|[from] Stealth Rock
|
|-weather|Sandstorm|[upkeep]
|-damage|p1a: Alomomola|79/100|[from] Sandstorm
|-heal|p1a: Alomomola|100/100|[from] move: Wish|[wisher] Alomomola
|upkeep
|turn|4
|
|t:|1760886312
|switch|p2a: Hydrapple|Hydrapple, M|100/100
|move|p1a: Alomomola|Scald|p2a: Hydrapple
|-resisted|p2a: Hydrapple
|-damage|p2a: Hydrapple|97/100
|
|-weather|Sandstorm|[upkeep]
|-damage|p1a: Alomomola|94/100|[from] Sandstorm
|-damage|p2a: Hydrapple|91/100|[from] Sandstorm
|upkeep
|turn|5
|
|t:|1760886324
|switch|p1a: Corviknight|Corviknight, M|100/100
|-damage|p1a: Corviknight|88/100|[from] Stealth Rock
|move|p2a: Hydrapple|Nasty Plot|p2a: Hydrapple
|-boost|p2a: Hydrapple|spa|2
|
|-weather|none
|upkeep
|turn|6
|
|t:|1760886334
|switch|p1a: Clodsire|Clodsire, F|94/100
|-damage|p1a: Clodsire|88/100|[from] Stealth Rock
|move|p2a: Hydrapple|Fickle Beam|p1a: Clodsire
|-damage|p1a: Clodsire|54/100
|
|-heal|p1a: Clodsire|60/100|[from] item: Black Sludge
|upkeep
|turn|7
|
|t:|1760886343
|move|p2a: Hydrapple|Earth Power|p1a: Clodsire
|-supereffective|p1a: Clodsire
|-damage|p1a: Clodsire|9/100
|move|p1a: Clodsire|Toxic|p2a: Hydrapple
|-status|p2a: Hydrapple|tox
|
|-heal|p1a: Clodsire|15/100|[from] item: Black Sludge
|-damage|p2a: Hydrapple|85/100 tox|[from] psn
|upkeep
|turn|8
|
|t:|1760886353
|switch|p1a: Corviknight|Corviknight, M|88/100
|-damage|p1a: Corviknight|76/100|[from] Stealth Rock
|move|p2a: Hydrapple|Fickle Beam|p1a: Corviknight
|-resisted|p1a: Corviknight
|-damage|p1a: Corviknight|43/100
|
|-damage|p2a: Hydrapple|73/100 tox|[from] psn
|upkeep
|turn|9
|
|t:|1760886363
|switch|p2a: Skarmory|Skarmory, M|100/100
|move|p1a: Corviknight|Roost|p1a: Corviknight
|-heal|p1a: Corviknight|93/100
|-singleturn|p1a: Corviknight|move: Roost
|
|upkeep
|turn|10
|
|t:|1760886372
|move|p2a: Skarmory|Spikes|p1a: Corviknight
|-sidestart|p1: ArcTatin|Spikes
|move|p1a: Corviknight|Defog|p2a: Skarmory
|-unboost|p2a: Skarmory|evasion|1
|-sideend|p1: ArcTatin|Spikes|[from] move: Defog|[of] p1a: Corviknight
|-sideend|p1: ArcTatin|Stealth Rock|[from] move: Defog|[of] p1a: Corviknight
|
|upkeep
|turn|11
|
|t:|1760886381
|move|p2a: Skarmory|Body Press|p1a: Corviknight
|-damage|p1a: Corviknight|75/100
|-damage|p2a: Skarmory|84/100|[from] item: Rocky Helmet|[of] p1a: Corviknight
|move|p1a: Corviknight|U-turn|p2a: Skarmory
|-resisted|p2a: Skarmory
|-damage|p2a: Skarmory|82/100
|
|t:|1760886389
|switch|p1a: Ceruledge|Ceruledge, M|100/100|[from] U-turn
|
|upkeep
|turn|12
|
|t:|1760886393
|switch|p2a: Clodsire|Clodsire, M|100/100
|move|p1a: Ceruledge|Swords Dance|p1a: Ceruledge
|-boost|p1a: Ceruledge|atk|2
|
|upkeep
|turn|13
|
|t:|1760886400
|move|p1a: Ceruledge|Swords Dance|p1a: Ceruledge
|-boost|p1a: Ceruledge|atk|2
|move|p2a: Clodsire|Earthquake|p1a: Ceruledge
|-supereffective|p1a: Ceruledge
|-damage|p1a: Ceruledge|20/100
|-ability|p1a: Ceruledge|Weak Armor|boost
|-unboost|p1a: Ceruledge|def|1
|-boost|p1a: Ceruledge|spe|2
|
|upkeep
|turn|14
|
|t:|1760886412
|move|p1a: Ceruledge|Poltergeist|p2a: Clodsire
|-activate|p2a: Clodsire|move: Poltergeist|Heavy-Duty Boots
|-damage|p2a: Clodsire|46/100
|move|p2a: Clodsire|Earthquake|p1a: Ceruledge
|-supereffective|p1a: Ceruledge
|-damage|p1a: Ceruledge|0 fnt
|faint|p1a: Ceruledge
|
|upkeep
|
|t:|1760886427
|switch|p1a: Porygon2|Porygon2|100/100
|-ability|p1a: Porygon2|Download|boost
|-boost|p1a: Porygon2|atk|1
|turn|15
|
|t:|1760886436
|move|p1a: Porygon2|Tri Attack|p2a: Clodsire
|-damage|p2a: Clodsire|22/100
|move|p2a: Clodsire|Toxic|p1a: Porygon2
|-status|p1a: Porygon2|tox
|
|-damage|p1a: Porygon2|94/100 tox|[from] psn
|upkeep
|turn|16
|
|t:|1760886444
|switch|p2a: Clefable|Clefable, F|100/100
|move|p1a: Porygon2|Tri Attack|p2a: Clefable
|-damage|p2a: Clefable|61/100
|-status|p2a: Clefable|brn
|
|-damage|p1a: Porygon2|82/100 tox|[from] psn
|upkeep
|turn|17
|
|t:|1760886455
|switch|p1a: Magnezone|Magnezone|100/100
|move|p2a: Clefable|Wish|p2a: Clefable
|
|upkeep
|turn|18
|
|t:|1760886462
|move|p2a: Clefable|Protect|p2a: Clefable
|-singleturn|p2a: Clefable|Protect
|move|p1a: Magnezone|Flash Cannon|p2a: Clefable
|-activate|p2a: Clefable|move: Protect
|
|-heal|p2a: Clefable|100/100 brn|[from] move: Wish|[wisher] Clefable
|upkeep
|turn|19
|
|t:|1760886473
|move|p2a: Clefable|Wish|p2a: Clefable
|move|p1a: Magnezone|Flash Cannon|p2a: Clefable
|-supereffective|p2a: Clefable
|-damage|p2a: Clefable|0 fnt
|faint|p2a: Clefable
|
|upkeep
|
|t:|1760886478
|switch|p2a: Clodsire|Clodsire, M|22/100
|turn|20
|
|t:|1760886483
|move|p1a: Magnezone|Tri Attack|p2a: Clodsire
|-damage|p2a: Clodsire|3/100
|move|p2a: Clodsire|Recover|p2a: Clodsire
|-heal|p2a: Clodsire|53/100
|
|-heal|p2a: Clodsire|96/100|[from] move: Wish|[wisher] Clefable
|upkeep
|turn|21
|
|t:|1760886496
|switch|p1a: Alomomola|Alomomola, F|100/100
|move|p2a: Clodsire|Earthquake|p1a: Alomomola
|-damage|p1a: Alomomola|85/100
|
|upkeep
|turn|22
|
|t:|1760886503
|move|p1a: Alomomola|Wish|p1a: Alomomola
|move|p2a: Clodsire|Toxic|p1a: Alomomola
|-status|p1a: Alomomola|tox
|
|-damage|p1a: Alomomola|79/100 tox|[from] psn
|upkeep
|turn|23
|
|t:|1760886510
|switch|p1a: Clodsire|Clodsire, F|15/100
|move|p2a: Clodsire|Earthquake|p1a: Clodsire
|-supereffective|p1a: Clodsire
|-damage|p1a: Clodsire|0 fnt
|faint|p1a: Clodsire
|
|upkeep
|
|t:|1760886519
|switch|p1a: Alomomola|Alomomola, F|100/100 tox
|turn|24
|
|t:|1760886523
|switch|p2a: Alomomola|Alomomola, F, shiny|100/100
|move|p1a: Alomomola|Scald|p2a: Alomomola
|-resisted|p2a: Alomomola
|-damage|p2a: Alomomola|94/100
|-status|p2a: Alomomola|brn
|
|-damage|p1a: Alomomola|94/100 tox|[from] psn
|-damage|p2a: Alomomola|88/100 brn|[from] brn
|upkeep
|turn|25
|-message|ArcTatin forfeited.
|
|win|Cillian1453
|raw|ArcTatin's rating: 1211 &rarr; <strong>1187</strong><br />(-24 for losing)
|raw|Cillian1453's rating: 1229 &rarr; <strong>1253</strong><br />(+24 for winning)
|l|☆ArcTatin
|player|p1|
