|j|☆masquerade bail
|j|☆prettyhugedolphin
|t:|1760762995
|gametype|singles
|player|p1|masquerade bail|evelyn|1245
|player|p2|prettyhugedolphin|veteran|1201
|gen|9
|tier|[Gen 9] OU
|rated|
|rule|HP Percentage Mod: HP is shown in percentages
|rule|Endless Battle Clause: Forcing endless battles is banned
|rule|Species Clause: Limit one of each Pokémon
|rule|OHKO Clause: OHKO moves are banned
|rule|Evasion Items Clause: Evasion items are banned
|rule|Evasion Moves Clause: Evasion moves are banned
|rule|Evasion Abilities Clause: Evasion abilities are banned
|rule|Sleep Moves Clause: Sleep-inducing moves are banned
|clearpoke
|poke|p1|Primarina, M|
|poke|p1|Great Tusk|
|poke|p1|Kingambit, M|
|poke|p1|Slowking-Galar, M|
|poke|p1|Ogerpon, F|
|poke|p1|Enamorus, F|
|poke|p2|Malamar, M|
|poke|p2|Lurantis, M|
|poke|p2|Hawlucha, M|
|poke|p2|Hitmonlee, M|
|poke|p2|Cinderace, M|
|poke|p2|Galvantula, M|
|teampreview
|inactive|Battle timer is ON: inactive players will automatically lose when time's up. (requested by prettyhugedolphin)
|
|t:|1760763002
|teamsize|p1|6
|teamsize|p2|6
|start
|switch|p1a: Ogerpon|Ogerpon, F|100/100
|switch|p2a: Galvantula|Galvantula, M, shiny|100/100
|turn|1
|
|t:|1760763006
|move|p1a: Ogerpon|U-turn|p2a: Galvantula
|-damage|p2a: Galvantula|41/100
|
|t:|1760763011
|switch|p1a: Slowking|Slowking-Galar, M, shiny|100/100|[from] U-turn
|move|p2a: Galvantula|Sticky Web|p1a: Slowking
|-sidestart|p1: masquerade bail|move: Sticky Web
|
|upkeep
|turn|2
|
|t:|1760763019
|move|p2a: Galvantula|Thunder|p1a: Slowking
|-damage|p1a: Slowking|75/100
|move|p1a: Slowking|Sludge Bomb|p2a: Galvantula
|-damage|p2a: Galvantula|0 fnt
|faint|p2a: Galvantula
|
|upkeep
|
|t:|1760763024
|switch|p2a: Cinderace|Cinderace, M, shiny|100/100
|turn|3
|
|t:|1760763031
|switch|p1a: Great Tusk|Great Tusk, shiny|100/100
|-activate|p1a: Great Tusk|move: Sticky Web
|-unboost|p1a: Great Tusk|spe|1
|move|p2a: Cinderace|Court Change|p2a: Cinderace
|-start|p2a: Cinderace|typechange|Normal|[from] ability: Libero
|-swapsideconditions
|-activate|p2a: Cinderace|move: Court Change
|
|upkeep
|turn|4
|
|t:|1760763046
|move|p2a: Cinderace|U-turn|p1a: Great Tusk
|-resisted|p1a: Great Tusk
|-damage|p1a: Great Tusk|92/100
|-damage|p2a: Cinderace|84/100|[from] item: Rocky Helmet|[of] p1a: Great Tusk
|
|t:|1760763049
|switch|p2a: Hawlucha|Hawlucha, M, shiny|100/100|[from] U-turn
|move|p1a: Great Tusk|Headlong Rush|p2a: Hawlucha
|-immune|p2a: Hawlucha
|
|upkeep
|turn|5
|
|t:|1760763055
|move|p2a: Hawlucha|Swords Dance|p2a: Hawlucha
|-boost|p2a: Hawlucha|atk|2
|move|p1a: Great Tusk|Ice Spinner|p2a: Hawlucha
|-supereffective|p2a: Hawlucha
|-damage|p2a: Hawlucha|12/100
|
|upkeep
|turn|6
|
|t:|1760763061
|move|p2a: Hawlucha|Acrobatics|p1a: Great Tusk
|-supereffective|p1a: Great Tusk
|-damage|p1a: Great Tusk|17/100
|-damage|p2a: Hawlucha|0 fnt|[from] item: Rocky Helmet|[of] p1a: Great Tusk
|faint|p2a: Hawlucha
|move|p1a: Great Tusk|Ice Spinner|p2: Hawlucha|[notarget]
|-fail|p1a: Great Tusk
|
|upkeep
|
|t:|1760763070
|switch|p2a: Malamar|Malamar, M|100/100
|-activate|p2a: Malamar|move: Sticky Web
|-boost|p2a: Malamar|spe|1
|turn|7
|
|t:|1760763074
|move|p2a: Malamar|Superpower|p1a: Great Tusk
|-damage|p1a: Great Tusk|0 fnt
|-boost|p2a: Malamar|atk|1
|-boost|p2a: Malamar|def|1
|-damage|p2a: Malamar|84/100|[from] item: Rocky Helmet|[of] p1a: Great Tusk
|faint|p1a: Great Tusk
|-end|p1a: Great Tusk|Protosynthesis|[silent]
|
|-heal|p2a: Malamar|90/100|[from] item: Leftovers
|upkeep
|
|t:|1760763087
|switch|p1a: Enamorus|Enamorus, F, shiny|100/100
|turn|8
|
|t:|1760763094
|-terastallize|p2a: Malamar|Fairy
|move|p1a: Enamorus|Moonblast|p2a: Malamar
|-damage|p2a: Malamar|20/100
|move|p2a: Malamar|Superpower|p1a: Enamorus
|-resisted|p1a: Enamorus
|-damage|p1a: Enamorus|80/100
|-boost|p2a: Malamar|atk|1
|-boost|p2a: Malamar|def|1
|
|-heal|p2a: Malamar|26/100|[from] item: Leftovers
|upkeep
|turn|9
|
|t:|1760763103
|move|p1a: Enamorus|Moonblast|p2a: Malamar
|-damage|p2a: Malamar|0 fnt
|faint|p2a: Malamar
|
|upkeep
|
|t:|1760763116
|switch|p2a: Cinderace|Cinderace, M, shiny|84/100
|turn|10
|
|t:|1760763118
|move|p1a: Enamorus|Moonblast|p2a: Cinderace
|-resisted|p2a: Cinderace
|-damage|p2a: Cinderace|47/100
|move|p2a: Cinderace|Pyro Ball|p1a: Enamorus
|-damage|p1a: Enamorus|0 fnt
|faint|p1a: Enamorus
|
|upkeep
|
|t:|1760763131
|switch|p1a: Ogerpon|Ogerpon, F|100/100
|turn|11
|
|t:|1760763138
|-terastallize|p1a: Ogerpon|Grass
|detailschange|p1a: Ogerpon|Ogerpon-Teal-Tera, F, tera:Grass
|-ability|p1a: Ogerpon|Embody Aspect (Teal)|boost
|-boost|p1a: Ogerpon|spe|1
|move|p1a: Ogerpon|Knock Off|p2a: Cinderace
|-damage|p2a: Cinderace|0 fnt
|-enditem|p2a: Cinderace|Heavy-Duty Boots|[from] move: Knock Off|[of] p1a: Ogerpon
|faint|p2a: Cinderace
|
|upkeep
|
|t:|1760763142
|switch|p2a: Lurantis|Lurantis, M, shiny|100/100
|-activate|p2a: Lurantis|move: Sticky Web
|-boost|p2a: Lurantis|spe|1
|turn|12
|
|t:|1760763146
|move|p1a: Ogerpon|Knock Off|p2a: Lurantis
|-damage|p2a: Lurantis|38/100
|-enditem|p2a: Lurantis|Assault Vest|[from] move: Knock Off|[of] p1a: Ogerpon
|move|p2a: Lurantis|Superpower|p1a: Ogerpon
|-damage|p1a: Ogerpon|48/100
|-boost|p2a: Lurantis|atk|1
|-boost|p2a: Lurantis|def|1
|
|upkeep
|turn|13
|
|t:|1760763152
|move|p1a: Ogerpon|Knock Off|p2a: Lurantis
|-damage|p2a: Lurantis|9/100
|move|p2a: Lurantis|Leech Life|p1a: Ogerpon
|-supereffective|p1a: Ogerpon
|-damage|p1a: Ogerpon|0 fnt
|-heal|p2a: Lurantis|33/100|[from] drain|[of] p1a: Ogerpon
|faint|p1a: Ogerpon
|detailschange|p1: Ogerpon|Ogerpon, F|[silent]
|
|upkeep
|
|t:|1760763158
|switch|p1a: Slowking|Slowking-Galar, M, shiny|100/100
|turn|14
|
|t:|1760763161
|move|p2a: Lurantis|Knock Off|p1a: Slowking
|-supereffective|p1a: Slowking
|-damage|p1a: Slowking|27/100
|-enditem|p1a: Slowking|Assault Vest|[from] move: Knock Off|[of] p2a: Lurantis
|move|p1a: Slowking|Sludge Bomb|p2a: Lurantis
|-supereffective|p2a: Lurantis
|-damage|p2a: Lurantis|0 fnt
|faint|p2a: Lurantis
|
|upkeep
|
|t:|1760763165
|switch|p2a: Hitmonlee|Hitmonlee, M|100/100
|-activate|p2a: Hitmonlee|move: Sticky Web
|-unboost|p2a: Hitmonlee|spe|1
|-enditem|p2a: Hitmonlee|White Herb
|-clearnegativeboost|p2a: Hitmonlee|[silent]
|turn|15
|
|t:|1760763170
|move|p2a: Hitmonlee|Sucker Punch|p1a: Slowking
|-supereffective|p1a: Slowking
|-damage|p1a: Slowking|0 fnt
|faint|p1a: Slowking
|
|upkeep
|
|t:|1760763172
|switch|p1a: Primarina|Primarina, M, shiny|100/100
|turn|16
|
|t:|1760763174
|move|p2a: Hitmonlee|Swords Dance|p2a: Hitmonlee
|-boost|p2a: Hitmonlee|atk|2
|move|p1a: Primarina|Substitute|p1a: Primarina
|-start|p1a: Primarina|Substitute
|-damage|p1a: Primarina|76/100
|
|-heal|p1a: Primarina|82/100|[from] item: Leftovers
|upkeep
|turn|17
|
|t:|1760763177
|move|p2a: Hitmonlee|Poison Jab|p1a: Primarina
|-supereffective|p1a: Primarina
|-end|p1a: Primarina|Substitute
|move|p1a: Primarina|Moonblast|p2a: Hitmonlee
|-supereffective|p2a: Hitmonlee
|-damage|p2a: Hitmonlee|0 fnt
|faint|p2a: Hitmonlee
|
|win|masquerade bail
|raw|masquerade bail's rating: 1245 &rarr; <strong>1267</strong><br />(+22 for winning)
|raw|prettyhugedolphin's rating: 1201 &rarr; <strong>1179</strong><br />(-22 for losing)
|l|☆prettyhugedolphin
|player|p2|
