|j|☆sand雷鸟龙侠sss
|j|☆darretyle2
|t:|1760763253
|gametype|singles
|player|p1|sand雷鸟龙侠sss|colress|1539
|player|p2|darretyle2|101|1472
|gen|9
|tier|[Gen 9] OU
|rated|
|rule|HP Percentage Mod: HP is shown in percentages
|rule|Endless Battle Clause: Forcing endless battles is banned
|rule|Species Clause: Limit one of each Pokémon
|rule|OHKO Clause: OHKO moves are banned
|rule|Evasion Items Clause: Evasion items are banned
|rule|Evasion Moves Clause: Evasion moves are banned
|rule|Evasion Abilities Clause: Evasion abilities are banned
|rule|Sleep Moves Clause: Sleep-inducing moves are banned
|clearpoke
|poke|p1|Dragonite, F|
|poke|p1|Chandelure, F|
|poke|p1|Chesnaught, F|
|poke|p1|Excadrill, F|
|poke|p1|Clefable, F|
|poke|p1|Greninja-*, M|
|poke|p2|Pelipper, M|
|poke|p2|Barraskewda, M|
|poke|p2|Hatterene, F|
|poke|p2|Raging Bolt|
|poke|p2|Hoopa-Unbound|
|poke|p2|Landorus-Therian, M|
|teampreview
|j| EthanPleaseWakeUp
|l| EthanPleaseWakeUp
|
|t:|1760763281
|teamsize|p1|6
|teamsize|p2|6
|start
|switch|p1a: Mega呱头蛙|Greninja, M|100/100
|switch|p2a: Barraskewda|Barraskewda, M|100/100
|turn|1
|
|t:|1760763302
|switch|p1a: Mega胖胖哈栗|Chesnaught, F, shiny|100/100
|switch|p2a: Pelipper|Pelipper, M|100/100
|-weather|RainDance|[from] ability: Drizzle|[of] p2a: Pelipper
|
|-weather|RainDance|[upkeep]
|upkeep
|turn|2
|
|t:|1760763316
|switch|p1a: Mega皮皮|Clefable, F, shiny|100/100
|move|p2a: Pelipper|Hurricane|p1a: Mega皮皮
|-damage|p1a: Mega皮皮|78/100
|-start|p1a: Mega皮皮|confusion
|
|-weather|RainDance|[upkeep]
|-heal|p1a: Mega皮皮|84/100|[from] item: Leftovers
|upkeep
|turn|3
|c|☆darretyle2|你这布里卡隆mega一段再来吧
|
|t:|1760763327
|-activate|p1a: Mega皮皮|confusion
|move|p1a: Mega皮皮|Stealth Rock|p2a: Pelipper
|-sidestart|p2: darretyle2|move: Stealth Rock
|move|p2a: Pelipper|U-turn|p1a: Mega皮皮
|-resisted|p1a: Mega皮皮
|-damage|p1a: Mega皮皮|79/100
|
|t:|1760763332
|switch|p2a: Barraskewda|Barraskewda, M|100/100|[from] U-turn
|-damage|p2a: Barraskewda|88/100|[from] Stealth Rock
|
|-weather|RainDance|[upkeep]
|-heal|p1a: Mega皮皮|85/100|[from] item: Leftovers
|upkeep
|turn|4
|
|t:|1760763338
|switch|p1a: Mega胖胖哈栗|Chesnaught, F, shiny|100/100
|move|p2a: Barraskewda|Liquidation|p1a: Mega胖胖哈栗
|-resisted|p1a: Mega胖胖哈栗
|-damage|p1a: Mega胖胖哈栗|77/100
|-unboost|p1a: Mega胖胖哈栗|def|1
|-damage|p2a: Barraskewda|72/100|[from] item: Rocky Helmet|[of] p1a: Mega胖胖哈栗
|-damage|p2a: Barraskewda|62/100|[from] item: Life Orb
|
|-weather|RainDance|[upkeep]
|upkeep
|turn|5
|
|t:|1760763343
|move|p2a: Barraskewda|Flip Turn|p1a: Mega胖胖哈栗
|-resisted|p1a: Mega胖胖哈栗
|-crit|p1a: Mega胖胖哈栗
|-damage|p1a: Mega胖胖哈栗|35/100
|-damage|p2a: Barraskewda|46/100|[from] item: Rocky Helmet|[of] p1a: Mega胖胖哈栗
|-damage|p2a: Barraskewda|36/100|[from] item: Life Orb
|
|t:|1760763350
|switch|p2a: Raging Bolt|Raging Bolt|100/100|[from] Flip Turn
|-damage|p2a: Raging Bolt|88/100|[from] Stealth Rock
|-enditem|p2a: Raging Bolt|Booster Energy
|-activate|p2a: Raging Bolt|ability: Protosynthesis|[fromitem]
|-start|p2a: Raging Bolt|protosynthesisspa
|move|p1a: Mega胖胖哈栗|Knock Off|p2a: Raging Bolt
|-damage|p2a: Raging Bolt|73/100
|
|-weather|RainDance|[upkeep]
|upkeep
|turn|6
|
|t:|1760763360
|switch|p1a: Mega皮皮|Clefable, F, shiny|85/100
|move|p2a: Raging Bolt|Thunder|p1a: Mega皮皮
|-damage|p1a: Mega皮皮|32/100
|-status|p1a: Mega皮皮|par
|
|-weather|RainDance|[upkeep]
|-heal|p1a: Mega皮皮|38/100 par|[from] item: Leftovers
|upkeep
|turn|7
|
|t:|1760763365
|switch|p1a: Mega螺钉地鼠|Excadrill, F, shiny|100/100
|-ability|p1a: Mega螺钉地鼠|Mold Breaker
|move|p2a: Raging Bolt|Thunder|p1a: Mega螺钉地鼠
|-immune|p1a: Mega螺钉地鼠
|
|-weather|RainDance|[upkeep]
|upkeep
|turn|8
|
|t:|1760763374
|switch|p1a: Mega呱头蛙|Greninja, M|100/100
|move|p2a: Raging Bolt|Weather Ball|p1a: Mega呱头蛙
|-resisted|p1a: Mega呱头蛙
|-damage|p1a: Mega呱头蛙|38/100
|
|-weather|none
|upkeep
|turn|9
|
|t:|1760763379
|switch|p1a: Mega螺钉地鼠|Excadrill, F, shiny|100/100
|-ability|p1a: Mega螺钉地鼠|Mold Breaker
|move|p2a: Raging Bolt|Dragon Pulse|p1a: Mega螺钉地鼠
|-resisted|p1a: Mega螺钉地鼠
|-damage|p1a: Mega螺钉地鼠|80/100
|
|upkeep
|turn|10
|
|t:|1760763386
|switch|p1a: Mega哈克龙|Dragonite, F, shiny|100/100
|-end|p2a: Raging Bolt|Protosynthesis|[silent]
|switch|p2a: Pelipper|Pelipper, M|100/100
|-damage|p2a: Pelipper|76/100|[from] Stealth Rock
|-weather|RainDance|[from] ability: Drizzle|[of] p2a: Pelipper
|
|-weather|RainDance|[upkeep]
|upkeep
|turn|11
|
|t:|1760763390
|move|p1a: Mega哈克龙|Dragon Dance|p1a: Mega哈克龙
|-boost|p1a: Mega哈克龙|atk|1
|-boost|p1a: Mega哈克龙|spe|1
|move|p2a: Pelipper|U-turn|p1a: Mega哈克龙
|-resisted|p1a: Mega哈克龙
|-damage|p1a: Mega哈克龙|98/100
|
|t:|1760763400
|switch|p2a: Barraskewda|Barraskewda, M|36/100|[from] U-turn
|-damage|p2a: Barraskewda|24/100|[from] Stealth Rock
|
|-weather|RainDance|[upkeep]
|upkeep
|turn|12
|
|t:|1760763404
|move|p1a: Mega哈克龙|Extreme Speed|p2a: Barraskewda
|-damage|p2a: Barraskewda|0 fnt
|faint|p2a: Barraskewda
|
|-weather|RainDance|[upkeep]
|upkeep
|
|t:|1760763406
|switch|p2a: Landorus|Landorus-Therian, M|100/100
|-damage|p2a: Landorus|88/100|[from] Stealth Rock
|-ability|p2a: Landorus|Intimidate|boost
|-unboost|p1a: Mega哈克龙|atk|1
|turn|13
|
|t:|1760763411
|-terastallize|p2a: Landorus|Flying
|move|p1a: Mega哈克龙|Ice Spinner|p2a: Landorus
|-supereffective|p2a: Landorus
|-damage|p2a: Landorus|24/100
|move|p2a: Landorus|Tera Blast|p1a: Mega哈克龙|[anim] Tera Blast Flying
|-damage|p1a: Mega哈克龙|47/100
|
|-weather|RainDance|[upkeep]
|upkeep
|turn|14
|
|t:|1760763415
|move|p1a: Mega哈克龙|Ice Spinner|p2a: Landorus
|-supereffective|p2a: Landorus
|-damage|p2a: Landorus|0 fnt
|faint|p2a: Landorus
|
|-weather|RainDance|[upkeep]
|upkeep
|
|t:|1760763419
|switch|p2a: Raging Bolt|Raging Bolt|73/100
|-damage|p2a: Raging Bolt|61/100|[from] Stealth Rock
|turn|15
|
|t:|1760763423
|move|p2a: Raging Bolt|Thunderclap|p1a: Mega哈克龙
|-damage|p1a: Mega哈克龙|3/100
|move|p1a: Mega哈克龙|Earthquake|p2a: Raging Bolt
|-supereffective|p2a: Raging Bolt
|-damage|p2a: Raging Bolt|0 fnt
|faint|p2a: Raging Bolt
|-end|p2a: Raging Bolt|Protosynthesis|[silent]
|
|-weather|RainDance|[upkeep]
|upkeep
|
|t:|1760763426
|switch|p2a: Pelipper|Pelipper, M|76/100
|-damage|p2a: Pelipper|51/100|[from] Stealth Rock
|turn|16
|
|t:|1760763436
|switch|p1a: Mega皮皮|Clefable, F, shiny|38/100 par
|move|p2a: Pelipper|Roost|p2a: Pelipper
|-heal|p2a: Pelipper|100/100
|-singleturn|p2a: Pelipper|move: Roost
|
|-weather|RainDance|[upkeep]
|-heal|p1a: Mega皮皮|44/100 par|[from] item: Leftovers
|upkeep
|turn|17
|
|t:|1760763438
|move|p2a: Pelipper|U-turn|p1a: Mega皮皮
|-resisted|p1a: Mega皮皮
|-damage|p1a: Mega皮皮|39/100 par
|
|t:|1760763441
|switch|p2a: Hoopa|Hoopa-Unbound|100/100|[from] U-turn
|-damage|p2a: Hoopa|88/100|[from] Stealth Rock
|move|p1a: Mega皮皮|Wish|p1a: Mega皮皮
|
|-weather|none
|-heal|p1a: Mega皮皮|45/100 par|[from] item: Leftovers
|upkeep
|turn|18
|
|t:|1760763450
|cant|p1a: Mega皮皮|par
|move|p2a: Hoopa|Hyperspace Fury|p1a: Mega皮皮
|-resisted|p1a: Mega皮皮
|-damage|p1a: Mega皮皮|0 fnt
|-unboost|p2a: Hoopa|def|1
|faint|p1a: Mega皮皮
|
|upkeep
|
|t:|1760763458
|switch|p1a: Mega螺钉地鼠|Excadrill, F, shiny|80/100
|-ability|p1a: Mega螺钉地鼠|Mold Breaker
|turn|19
|j| Champion reko
|
|t:|1760763466
|switch|p2a: Hatterene|Hatterene, F|100/100
|-damage|p2a: Hatterene|88/100|[from] Stealth Rock
|move|p1a: Mega螺钉地鼠|Earthquake|p2a: Hatterene
|-damage|p2a: Hatterene|47/100
|-enditem|p2a: Hatterene|Eject Button
|
|t:|1760763468
|switch|p2a: Pelipper|Pelipper, M|100/100
|-damage|p2a: Pelipper|76/100|[from] Stealth Rock
|-weather|RainDance|[from] ability: Drizzle|[of] p2a: Pelipper
|
|-weather|RainDance|[upkeep]
|upkeep
|turn|20
|
|t:|1760763472
|move|p1a: Mega螺钉地鼠|Rock Slide|p2a: Pelipper|[miss]
|-miss|p1a: Mega螺钉地鼠|p2a: Pelipper
|move|p2a: Pelipper|Weather Ball|p1a: Mega螺钉地鼠
|-supereffective|p1a: Mega螺钉地鼠
|-damage|p1a: Mega螺钉地鼠|20/100
|
|-weather|RainDance|[upkeep]
|upkeep
|turn|21
|
|t:|1760763475
|move|p1a: Mega螺钉地鼠|Rock Slide|p2a: Pelipper
|-supereffective|p2a: Pelipper
|-damage|p2a: Pelipper|38/100
|move|p2a: Pelipper|Weather Ball|p1a: Mega螺钉地鼠
|-supereffective|p1a: Mega螺钉地鼠
|-damage|p1a: Mega螺钉地鼠|0 fnt
|faint|p1a: Mega螺钉地鼠
|
|-weather|RainDance|[upkeep]
|upkeep
|
|t:|1760763478
|switch|p1a: Mega呱头蛙|Greninja, M|38/100
|turn|22
|
|t:|1760763481
|move|p1a: Mega呱头蛙|Dark Pulse|p2a: Pelipper
|-crit|p2a: Pelipper
|-damage|p2a: Pelipper|0 fnt
|faint|p2a: Pelipper
|-ability|p1a: Mega呱头蛙|Battle Bond|boost
|-boost|p1a: Mega呱头蛙|atk|1
|-boost|p1a: Mega呱头蛙|spa|1
|-boost|p1a: Mega呱头蛙|spe|1
|-activate|p1a: Mega呱头蛙|ability: Battle Bond
|
|-weather|RainDance|[upkeep]
|upkeep
|
|t:|1760763484
|switch|p2a: Hoopa|Hoopa-Unbound|88/100
|-damage|p2a: Hoopa|75/100|[from] Stealth Rock
|turn|23
|
|t:|1760763486
|move|p1a: Mega呱头蛙|Hydro Pump|p2a: Hoopa
|-damage|p2a: Hoopa|0 fnt
|faint|p2a: Hoopa
|
|-weather|RainDance|[upkeep]
|upkeep
|-message|darretyle2 forfeited.
|
|win|sand雷鸟龙侠sss
|raw|sand雷鸟龙侠sss's rating: 1539 &rarr; <strong>1555</strong><br />(+16 for winning)
|raw|darretyle2's rating: 1472 &rarr; <strong>1456</strong><br />(-16 for losing)
|l|☆darretyle2
|player|p2|
|l|☆sand雷鸟龙侠sss
|player|p1|
|l| Champion reko
