|j|☆senpako
|j|☆CountryBoyz
|t:|1760884755
|gametype|singles
|player|p1|senpako|koga|1264
|player|p2|CountryBoyz|265|1392
|gen|9
|tier|[Gen 9] OU
|rated|
|rule|HP Percentage Mod: HP is shown in percentages
|rule|Endless Battle Clause: Forcing endless battles is banned
|rule|Species Clause: Limit one of each Pokémon
|rule|OHKO Clause: OHKO moves are banned
|rule|Evasion Items Clause: Evasion items are banned
|rule|Evasion Moves Clause: Evasion moves are banned
|rule|Evasion Abilities Clause: Evasion abilities are banned
|rule|Sleep Moves Clause: Sleep-inducing moves are banned
|clearpoke
|poke|p1|Scizor, F|
|poke|p1|Greninja-*, M|
|poke|p1|Clefable, M|
|poke|p1|Blaziken, M|
|poke|p1|Raging Bolt|
|poke|p1|Tsareena, F|
|poke|p2|Raikou|
|poke|p2|Dragonite, M|
|poke|p2|Enamorus, F|
|poke|p2|Zapdos|
|poke|p2|Tsareena, F|
|poke|p2|Ting-Lu|
|teampreview
|inactive|Battle timer is ON: inactive players will automatically lose when time's up. (requested by CountryBoyz)
|
|t:|1760884781
|teamsize|p1|6
|teamsize|p2|6
|start
|switch|p1a: Tsareena|Tsareena, F|100/100
|switch|p2a: Zapdos|Zapdos|100/100
|turn|1
|
|t:|1760884784
|move|p2a: Zapdos|Thunder Wave|p1a: Tsareena
|-status|p1a: Tsareena|par
|cant|p1a: Tsareena|par
|
|upkeep
|turn|2
|
|t:|1760884789
|move|p2a: Zapdos|Hurricane|p1a: Tsareena
|-supereffective|p1a: Tsareena
|-damage|p1a: Tsareena|0 fnt
|faint|p1a: Tsareena
|
|upkeep
|
|t:|1760884793
|switch|p1a: Raging Bolt|Raging Bolt|100/100
|-enditem|p1a: Raging Bolt|Booster Energy
|-activate|p1a: Raging Bolt|ability: Protosynthesis|[fromitem]
|-start|p1a: Raging Bolt|protosynthesisspa
|turn|3
|
|t:|1760884797
|switch|p2a: Ting-Lu|Ting-Lu|100/100
|-ability|p2a: Ting-Lu|Vessel of Ruin
|-terastallize|p1a: Raging Bolt|Ice
|move|p1a: Raging Bolt|Tera Blast|p2a: Ting-Lu|[anim] Tera Blast Ice
|-supereffective|p2a: Ting-Lu
|-damage|p2a: Ting-Lu|38/100
|
|upkeep
|turn|4
|
|t:|1760884813
|move|p1a: Raging Bolt|Tera Blast|p2a: Ting-Lu|[anim] Tera Blast Ice
|-supereffective|p2a: Ting-Lu
|-damage|p2a: Ting-Lu|0 fnt
|faint|p2a: Ting-Lu
|
|upkeep
|
|t:|1760884820
|switch|p2a: Enamorus|Enamorus, F|100/100
|turn|5
|
|t:|1760884826
|-terastallize|p2a: Enamorus|Fairy
|move|p1a: Raging Bolt|Thunderclap|p2a: Enamorus
|-damage|p2a: Enamorus|18/100
|move|p2a: Enamorus|Moonblast|p1a: Raging Bolt
|-damage|p1a: Raging Bolt|16/100
|
|upkeep
|turn|6
|
|t:|1760884829
|move|p1a: Raging Bolt|Thunderclap|p2a: Enamorus
|-damage|p2a: Enamorus|0 fnt
|faint|p2a: Enamorus
|
|upkeep
|
|t:|1760884831
|switch|p2a: Dragonite|Dragonite, M, shiny|100/100
|turn|7
|
|t:|1760884834
|move|p2a: Dragonite|Extreme Speed|p1a: Raging Bolt
|-damage|p1a: Raging Bolt|0 fnt
|faint|p1a: Raging Bolt
|-end|p1a: Raging Bolt|Protosynthesis|[silent]
|
|upkeep
|
|t:|1760884838
|switch|p1a: Clefable|Clefable, M|100/100
|turn|8
|
|t:|1760884845
|switch|p2a: Tsareena|Tsareena, F|100/100
|move|p1a: Clefable|Cosmic Power|p1a: Clefable
|-boost|p1a: Clefable|def|1
|-boost|p1a: Clefable|spd|1
|
|upkeep
|turn|9
|
|t:|1760884850
|move|p2a: Tsareena|Power Whip|p1a: Clefable
|-damage|p1a: Clefable|63/100
|move|p1a: Clefable|Cosmic Power|p1a: Clefable
|-boost|p1a: Clefable|def|1
|-boost|p1a: Clefable|spd|1
|
|-heal|p1a: Clefable|69/100|[from] item: Leftovers
|upkeep
|turn|10
|
|t:|1760884856
|switch|p2a: Dragonite|Dragonite, M, shiny|100/100
|move|p1a: Clefable|Moonlight|p1a: Clefable
|-heal|p1a: Clefable|100/100
|
|upkeep
|turn|11
|
|t:|1760884859
|move|p2a: Dragonite|Iron Head|p1a: Clefable
|-supereffective|p1a: Clefable
|-damage|p1a: Clefable|56/100
|move|p1a: Clefable|Charge Beam|p2a: Dragonite
|-damage|p2a: Dragonite|96/100
|-boost|p1a: Clefable|spa|1
|
|-heal|p1a: Clefable|62/100|[from] item: Leftovers
|upkeep
|turn|12
|
|t:|1760884866
|move|p2a: Dragonite|Iron Head|p1a: Clefable
|-supereffective|p1a: Clefable
|-damage|p1a: Clefable|17/100
|cant|p1a: Clefable|flinch
|
|-heal|p1a: Clefable|23/100|[from] item: Leftovers
|upkeep
|turn|13
|
|t:|1760884869
|move|p2a: Dragonite|Iron Head|p1a: Clefable
|-supereffective|p1a: Clefable
|-damage|p1a: Clefable|0 fnt
|faint|p1a: Clefable
|
|upkeep
|
|t:|1760884872
|switch|p1a: Itachi|Greninja, M|100/100
|turn|14
|
|t:|1760884879
|switch|p2a: Raikou|Raikou, shiny|100/100
|move|p1a: Itachi|Ice Beam|p2a: Raikou
|-damage|p2a: Raikou|68/100
|
|-heal|p2a: Raikou|74/100|[from] item: Leftovers
|upkeep
|turn|15
|
|t:|1760884886
|switch|p1a: Chickenfast|Blaziken, M|100/100
|move|p2a: Raikou|Discharge|p1a: Chickenfast
|-damage|p1a: Chickenfast|38/100
|
|-heal|p2a: Raikou|80/100|[from] item: Leftovers
|upkeep
|turn|16
|
|t:|1760884888
|move|p2a: Raikou|Discharge|p1a: Chickenfast
|-damage|p1a: Chickenfast|0 fnt
|faint|p1a: Chickenfast
|
|-heal|p2a: Raikou|86/100|[from] item: Leftovers
|upkeep
|
|t:|1760884890
|switch|p1a: Scizor|Scizor, F|100/100
|turn|17
|
|t:|1760884892
|move|p2a: Raikou|Discharge|p1a: Scizor
|-damage|p1a: Scizor|36/100
|move|p1a: Scizor|Swords Dance|p1a: Scizor
|-boost|p1a: Scizor|atk|2
|
|-heal|p2a: Raikou|93/100|[from] item: Leftovers
|upkeep
|turn|18
|
|t:|1760884899
|move|p1a: Scizor|Bullet Punch|p2a: Raikou
|-resisted|p2a: Raikou
|-damage|p2a: Raikou|25/100
|-damage|p1a: Scizor|26/100|[from] item: Life Orb
|move|p2a: Raikou|Discharge|p1a: Scizor
|-damage|p1a: Scizor|0 fnt
|faint|p1a: Scizor
|
|-heal|p2a: Raikou|32/100|[from] item: Leftovers
|upkeep
|
|t:|1760884902
|switch|p1a: Itachi|Greninja, M|100/100
|turn|19
|
|t:|1760884905
|move|p1a: Itachi|Sludge Wave|p2a: Raikou
|-damage|p2a: Raikou|0 fnt
|faint|p2a: Raikou
|-ability|p1a: Itachi|Battle Bond|boost
|-boost|p1a: Itachi|atk|1
|-boost|p1a: Itachi|spa|1
|-boost|p1a: Itachi|spe|1
|-activate|p1a: Itachi|ability: Battle Bond
|
|upkeep
|
|t:|1760884908
|switch|p2a: Dragonite|Dragonite, M, shiny|96/100
|turn|20
|
|t:|1760884910
|move|p2a: Dragonite|Extreme Speed|p1a: Itachi
|-damage|p1a: Itachi|28/100
|move|p1a: Itachi|Ice Beam|p2a: Dragonite
|-supereffective|p2a: Dragonite
|-damage|p2a: Dragonite|0 fnt
|faint|p2a: Dragonite
|
|upkeep
|
|t:|1760884913
|switch|p2a: Tsareena|Tsareena, F|100/100
|turn|21
|
|t:|1760884918
|move|p1a: Itachi|Sludge Wave|p2a: Tsareena
|-supereffective|p2a: Tsareena
|-damage|p2a: Tsareena|38/100
|move|p2a: Tsareena|Low Kick|p1a: Itachi
|-supereffective|p1a: Itachi
|-damage|p1a: Itachi|0 fnt
|faint|p1a: Itachi
|
|win|CountryBoyz
|raw|senpako's rating: 1264 &rarr; <strong>1248</strong><br />(-16 for losing)
|raw|CountryBoyz's rating: 1392 &rarr; <strong>1405</strong><br />(+13 for winning)
|l|☆senpako
|player|p1|
|c|☆CountryBoyz|Gg
