|j|☆V.Graves
|j|☆eefernes
|t:|1760750759
|gametype|singles
|player|p1|V.Graves|shadowtriad|1140
|player|p2|eefernes|miku-ground|1197
|gen|9
|tier|[Gen 9] OU
|rated|
|rule|HP Percentage Mod: HP is shown in percentages
|rule|Endless Battle Clause: Forcing endless battles is banned
|rule|Species Clause: Limit one of each Pokémon
|rule|OHKO Clause: OHKO moves are banned
|rule|Evasion Items Clause: Evasion items are banned
|rule|Evasion Moves Clause: Evasion moves are banned
|rule|Evasion Abilities Clause: Evasion abilities are banned
|rule|Sleep Moves Clause: Sleep-inducing moves are banned
|clearpoke
|poke|p1|Ogerpon-Wellspring, F|
|poke|p1|Kingambit, F|
|poke|p1|Landorus-Therian, M|
|poke|p1|Glimmora, F|
|poke|p1|Dragapult, F|
|poke|p1|Iron Valiant|
|poke|p2|Scizor, F|
|poke|p2|Samurott-Hisui, F|
|poke|p2|Great Tusk|
|poke|p2|Gholdengo|
|poke|p2|Ogerpon-Wellspring, F|
|poke|p2|Iron Valiant|
|teampreview
|
|t:|1760750767
|teamsize|p1|6
|teamsize|p2|6
|start
|switch|p1a: Landorus|Landorus-Therian, M|100/100
|switch|p2a: Great Tusk|Great Tusk|100/100
|-ability|p1a: Landorus|Intimidate|boost
|-unboost|p2a: Great Tusk|atk|1
|turn|1
|
|t:|1760750778
|move|p1a: Landorus|Stealth Rock|p2a: Great Tusk
|-sidestart|p2: eefernes|move: Stealth Rock
|move|p2a: Great Tusk|Stealth Rock|p1a: Landorus
|-sidestart|p1: V.Graves|move: Stealth Rock
|
|upkeep
|turn|2
|
|t:|1760750790
|move|p1a: Landorus|Earthquake|p2a: Great Tusk
|-damage|p2a: Great Tusk|66/100
|move|p2a: Great Tusk|Knock Off|p1a: Landorus
|-damage|p1a: Landorus|77/100
|-damage|p2a: Great Tusk|49/100|[from] item: Rocky Helmet|[of] p1a: Landorus
|-enditem|p1a: Landorus|Rocky Helmet|[from] move: Knock Off|[of] p2a: Great Tusk
|
|upkeep
|turn|3
|
|t:|1760750799
|-end|p2a: Great Tusk|Protosynthesis|[silent]
|switch|p2a: Samurott|Samurott-Hisui, F|100/100
|-damage|p2a: Samurott|88/100|[from] Stealth Rock
|move|p1a: Landorus|U-turn|p2a: Samurott
|-supereffective|p2a: Samurott
|-damage|p2a: Samurott|42/100
|
|t:|1760750807
|switch|p1a: Ogerpon|Ogerpon-Wellspring, F|100/100|[from] U-turn
|-damage|p1a: Ogerpon|88/100|[from] Stealth Rock
|
|upkeep
|turn|4
|
|t:|1760750813
|switch|p2a: Scizor|Scizor, F|100/100
|-damage|p2a: Scizor|88/100|[from] Stealth Rock
|move|p1a: Ogerpon|Horn Leech|p2a: Scizor
|-resisted|p2a: Scizor
|-damage|p2a: Scizor|77/100
|-heal|p1a: Ogerpon|94/100|[from] drain|[of] p2a: Scizor
|
|upkeep
|turn|5
|
|t:|1760750830
|switch|p1a: Landorus|Landorus-Therian, M|77/100
|-damage|p1a: Landorus|65/100|[from] Stealth Rock
|-ability|p1a: Landorus|Intimidate|boost
|-unboost|p2a: Scizor|atk|1
|move|p2a: Scizor|U-turn|p1a: Landorus
|-resisted|p1a: Landorus
|-damage|p1a: Landorus|45/100
|
|t:|1760750847
|switch|p2a: Ogerpon|Ogerpon-Wellspring, F|100/100|[from] U-turn
|-damage|p2a: Ogerpon|88/100|[from] Stealth Rock
|
|upkeep
|turn|6
|
|t:|1760750888
|switch|p1a: Glimmora|Glimmora, F, shiny|100/100
|-damage|p1a: Glimmora|88/100|[from] Stealth Rock
|move|p2a: Ogerpon|U-turn|p1a: Glimmora
|-resisted|p1a: Glimmora
|-damage|p1a: Glimmora|72/100
|-activate|p1a: Glimmora|ability: Toxic Debris
|-sidestart|p2: eefernes|move: Toxic Spikes
|
|t:|1760750897
|switch|p2a: Gholdengo|Gholdengo|100/100|[from] U-turn
|-damage|p2a: Gholdengo|94/100|[from] Stealth Rock
|-item|p2a: Gholdengo|Air Balloon
|
|upkeep
|turn|7
|
|t:|1760750903
|move|p1a: Glimmora|Meteor Beam||[still]
|-prepare|p1a: Glimmora|Meteor Beam
|-boost|p1a: Glimmora|spa|1
|-enditem|p1a: Glimmora|Power Herb
|-anim|p1a: Glimmora|Meteor Beam|p2a: Gholdengo
|-resisted|p2a: Gholdengo
|-damage|p2a: Gholdengo|44/100
|-enditem|p2a: Gholdengo|Air Balloon
|move|p2a: Gholdengo|Nasty Plot|p2a: Gholdengo
|-boost|p2a: Gholdengo|spa|2
|
|upkeep
|turn|8
|
|t:|1760750915
|move|p1a: Glimmora|Earth Power|p2a: Gholdengo
|-supereffective|p2a: Gholdengo
|-damage|p2a: Gholdengo|0 fnt
|faint|p2a: Gholdengo
|
|upkeep
|
|t:|1760750920
|switch|p2a: Samurott|Samurott-Hisui, F|42/100
|-damage|p2a: Samurott|30/100|[from] Stealth Rock
|-status|p2a: Samurott|psn
|turn|9
|
|t:|1760750928
|-terastallize|p2a: Samurott|Poison
|move|p1a: Glimmora|Earth Power|p2a: Samurott
|-supereffective|p2a: Samurott
|-damage|p2a: Samurott|0 fnt
|faint|p2a: Samurott
|
|upkeep
|
|t:|1760750932
|switch|p2a: Scizor|Scizor, F|77/100
|-damage|p2a: Scizor|64/100|[from] Stealth Rock
|turn|10
|
|t:|1760750940
|move|p2a: Scizor|Bullet Punch|p1a: Glimmora
|-supereffective|p1a: Glimmora
|-damage|p1a: Glimmora|0 fnt
|-activate|p1a: Glimmora|ability: Toxic Debris
|-sidestart|p2: eefernes|move: Toxic Spikes
|faint|p1a: Glimmora
|
|upkeep
|
|t:|1760750953
|switch|p1a: Dragapult|Dragapult, F, shiny|100/100
|-damage|p1a: Dragapult|88/100|[from] Stealth Rock
|turn|11
|
|t:|1760750957
|move|p2a: Scizor|Bullet Punch|p1a: Dragapult
|-damage|p1a: Dragapult|16/100
|move|p1a: Dragapult|Flamethrower|p2a: Scizor
|-supereffective|p2a: Scizor
|-damage|p2a: Scizor|0 fnt
|faint|p2a: Scizor
|
|upkeep
|
|t:|1760750961
|switch|p2a: Iron Valiant|Iron Valiant|100/100
|-damage|p2a: Iron Valiant|94/100|[from] Stealth Rock
|-status|p2a: Iron Valiant|tox
|turn|12
|
|t:|1760750967
|move|p1a: Dragapult|Flamethrower|p2a: Iron Valiant
|-damage|p2a: Iron Valiant|46/100 tox
|move|p2a: Iron Valiant|Knock Off|p1a: Dragapult
|-supereffective|p1a: Dragapult
|-damage|p1a: Dragapult|0 fnt
|-enditem|p1a: Dragapult|Choice Specs|[from] move: Knock Off|[of] p2a: Iron Valiant
|faint|p1a: Dragapult
|
|-damage|p2a: Iron Valiant|40/100 tox|[from] psn
|upkeep
|
|t:|1760750975
|switch|p1a: Iron Valiant|Iron Valiant, shiny|100/100
|-damage|p1a: Iron Valiant|94/100|[from] Stealth Rock
|-enditem|p1a: Iron Valiant|Booster Energy
|-activate|p1a: Iron Valiant|ability: Quark Drive|[fromitem]
|-start|p1a: Iron Valiant|quarkdrivespe
|turn|13
|-message|eefernes forfeited.
|
|win|V.Graves
|raw|V.Graves's rating: 1140 &rarr; <strong>1169</strong><br />(+29 for winning)
|raw|eefernes's rating: 1197 &rarr; <strong>1168</strong><br />(-29 for losing)
|l|☆eefernes
|player|p2|
