|j|☆Krusher Kane
|j|☆isramitopvp
|t:|1760764429
|gametype|singles
|player|p1|Krusher Kane|101|1159
|player|p2|isramitopvp|norman|1116
|gen|9
|tier|[Gen 9] OU
|rated|
|rule|HP Percentage Mod: HP is shown in percentages
|rule|Endless Battle Clause: Forcing endless battles is banned
|rule|Species Clause: Limit one of each Pokémon
|rule|OHKO Clause: OHKO moves are banned
|rule|Evasion Items Clause: Evasion items are banned
|rule|Evasion Moves Clause: Evasion moves are banned
|rule|Evasion Abilities Clause: Evasion abilities are banned
|rule|Sleep Moves Clause: Sleep-inducing moves are banned
|clearpoke
|poke|p1|Falinks|
|poke|p1|Mimikyu, F|
|poke|p1|Kyurem|
|poke|p1|Metagross|
|poke|p1|Morpeko, M|
|poke|p1|Iron Jugulis|
|poke|p2|Metagross|
|poke|p2|Deoxys-Speed|
|poke|p2|Torkoal, M|
|poke|p2|Salamence, F|
|poke|p2|Blaziken, M|
|poke|p2|Sceptile, M|
|teampreview
|inactive|Battle timer is ON: inactive players will automatically lose when time's up. (requested by isramitopvp)
|inactive|Krusher Kane has 120 seconds left.
|inactive|Krusher Kane has 90 seconds left.
|
|t:|1760764518
|teamsize|p1|6
|teamsize|p2|6
|start
|switch|p1a: Iron Jugulis|Iron Jugulis|100/100
|switch|p2a: Torkoal|Torkoal, M|100/100
|-weather|SunnyDay|[from] ability: Drought|[of] p2a: Torkoal
|turn|1
|
|t:|1760764526
|move|p1a: Iron Jugulis|Hurricane|p2a: Torkoal
|-damage|p2a: Torkoal|50/100
|move|p2a: Torkoal|Weather Ball|p1a: Iron Jugulis
|-damage|p1a: Iron Jugulis|43/100
|
|-weather|SunnyDay|[upkeep]
|upkeep
|turn|2
|
|t:|1760764536
|move|p1a: Iron Jugulis|Hurricane|p2a: Torkoal
|-damage|p2a: Torkoal|0 fnt
|faint|p2a: Torkoal
|
|-weather|SunnyDay|[upkeep]
|upkeep
|
|t:|1760764543
|switch|p2a: Deoxys|Deoxys-Speed|100/100
|-ability|p2a: Deoxys|Pressure
|turn|3
|
|t:|1760764550
|move|p2a: Deoxys|Light Screen|p2a: Deoxys
|-sidestart|p2: isramitopvp|move: Light Screen
|move|p1a: Iron Jugulis|Hurricane|p2a: Deoxys
|-damage|p2a: Deoxys|51/100
|
|-weather|SunnyDay|[upkeep]
|upkeep
|turn|4
|
|t:|1760764557
|move|p2a: Deoxys|Reflect|p2a: Deoxys
|-sidestart|p2: isramitopvp|Reflect
|move|p1a: Iron Jugulis|Hurricane|p2a: Deoxys
|-damage|p2a: Deoxys|8/100
|
|-weather|SunnyDay|[upkeep]
|upkeep
|turn|5
|
|t:|1760764564
|move|p2a: Deoxys|Thunder Wave|p1a: Iron Jugulis
|-status|p1a: Iron Jugulis|par
|move|p1a: Iron Jugulis|Hurricane|p2a: Deoxys|[miss]
|-miss|p1a: Iron Jugulis|p2a: Deoxys
|
|-weather|none
|upkeep
|turn|6
|
|t:|1760764573
|switch|p2a: Metagross|Metagross|100/100
|move|p1a: Iron Jugulis|Hurricane|p2a: Metagross
|-resisted|p2a: Metagross
|-damage|p2a: Metagross|82/100
|
|upkeep
|turn|7
|
|t:|1760764583
|-end|p1a: Iron Jugulis|Quark Drive|[silent]
|switch|p1a: Mimikyu|Mimikyu, F|100/100
|move|p2a: Metagross|Agility|p2a: Metagross
|-boost|p2a: Metagross|spe|2
|
|upkeep
|turn|8
|
|t:|1760764590
|move|p2a: Metagross|Bullet Punch|p1a: Mimikyu
|-activate|p1a: Mimikyu|ability: Disguise
|-damage|p1a: Mimikyu|100/100
|detailschange|p1a: Mimikyu|Mimikyu-Busted, F
|-damage|p1a: Mimikyu|88/100|[from] pokemon: Mimikyu-Busted
|move|p1a: Mimikyu|Trick|p2a: Metagross
|-activate|p1a: Mimikyu|move: Trick|[of] p2a: Metagross
|-item|p2a: Metagross|Choice Scarf|[from] move: Trick
|-item|p1a: Mimikyu|Weakness Policy|[from] move: Trick
|
|upkeep
|turn|9
|
|t:|1760764611
|move|p2a: Metagross|Bullet Punch|p1a: Mimikyu
|-supereffective|p1a: Mimikyu
|-damage|p1a: Mimikyu|45/100
|-enditem|p1a: Mimikyu|Weakness Policy
|-boost|p1a: Mimikyu|atk|2|[from] item: Weakness Policy
|-boost|p1a: Mimikyu|spa|2|[from] item: Weakness Policy
|move|p1a: Mimikyu|Destiny Bond|p1a: Mimikyu
|-singlemove|p1a: Mimikyu|Destiny Bond
|
|upkeep
|turn|10
|
|t:|1760764624
|switch|p2a: Blaziken|Blaziken, M|100/100
|move|p1a: Mimikyu|Trick|p2a: Blaziken
|-activate|p1a: Mimikyu|move: Trick|[of] p2a: Blaziken
|-enditem|p2a: Blaziken|Heavy-Duty Boots|[silent]|[from] move: Trick
|-item|p1a: Mimikyu|Heavy-Duty Boots|[from] move: Trick
|
|-sideend|p2: isramitopvp|move: Light Screen
|upkeep
|turn|11
|
|t:|1760764643
|move|p1a: Mimikyu|Destiny Bond|p1a: Mimikyu
|-singlemove|p1a: Mimikyu|Destiny Bond
|move|p2a: Blaziken|Swords Dance|p2a: Blaziken
|-boost|p2a: Blaziken|atk|2
|
|-sideend|p2: isramitopvp|Reflect
|-ability|p2a: Blaziken|Speed Boost|boost
|-boost|p2a: Blaziken|spe|1
|upkeep
|turn|12
|
|t:|1760764653
|move|p2a: Blaziken|Swords Dance|p2a: Blaziken
|-boost|p2a: Blaziken|atk|2
|move|p1a: Mimikyu|Play Rough|p2a: Blaziken
|-damage|p2a: Blaziken|17/100
|
|-ability|p2a: Blaziken|Speed Boost|boost
|-boost|p2a: Blaziken|spe|1
|upkeep
|turn|13
|
|t:|1760764663
|move|p2a: Blaziken|Knock Off|p1a: Mimikyu
|-damage|p1a: Mimikyu|0 fnt
|-enditem|p1a: Mimikyu|Heavy-Duty Boots|[from] move: Knock Off|[of] p2a: Blaziken
|faint|p1a: Mimikyu
|
|-ability|p2a: Blaziken|Speed Boost|boost
|-boost|p2a: Blaziken|spe|1
|upkeep
|
|t:|1760764666
|switch|p1a: Falinks|Falinks, shiny|100/100
|turn|14
|
|t:|1760764673
|move|p2a: Blaziken|Close Combat|p1a: Falinks
|-enditem|p1a: Falinks|Focus Sash
|-damage|p1a: Falinks|1/100
|-unboost|p2a: Blaziken|def|1
|-unboost|p2a: Blaziken|spd|1
|move|p1a: Falinks|Zen Headbutt|p2a: Blaziken
|-supereffective|p2a: Blaziken
|-damage|p2a: Blaziken|0 fnt
|faint|p2a: Blaziken
|
|upkeep
|
|t:|1760764684
|switch|p2a: Sceptile|Sceptile, M|100/100
|turn|15
|
|t:|1760764693
|move|p2a: Sceptile|Acrobatics|p1a: Falinks
|-supereffective|p1a: Falinks
|-damage|p1a: Falinks|0 fnt
|faint|p1a: Falinks
|
|upkeep
|
|t:|1760764698
|switch|p1a: Kyurem|Kyurem|100/100
|-ability|p1a: Kyurem|Pressure
|turn|16
|
|t:|1760764704
|move|p1a: Kyurem|Freeze-Dry|p2a: Sceptile
|-supereffective|p2a: Sceptile
|-damage|p2a: Sceptile|0 fnt
|faint|p2a: Sceptile
|
|upkeep
|-message|isramitopvp forfeited.
|
|win|Krusher Kane
|raw|Krusher Kane's rating: 1159 &rarr; <strong>1181</strong><br />(+22 for winning)
|raw|isramitopvp's rating: 1116 &rarr; <strong>1094</strong><br />(-22 for losing)
|l|☆isramitopvp
|player|p2|
|l|☆Krusher Kane
|player|p1|
