|j|☆W4ll R0s3
|j|☆AsierX
|t:|1760726872
|gametype|singles
|player|p1|W4ll R0s3|101|1369
|player|p2|AsierX|skierf|1386
|gen|9
|tier|[Gen 9] OU
|rated|
|rule|HP Percentage Mod: HP is shown in percentages
|rule|Endless Battle Clause: Forcing endless battles is banned
|rule|Species Clause: Limit one of each Pokémon
|rule|OHKO Clause: OHKO moves are banned
|rule|Evasion Items Clause: Evasion items are banned
|rule|Evasion Moves Clause: Evasion moves are banned
|rule|Evasion Abilities Clause: Evasion abilities are banned
|rule|Sleep Moves Clause: Sleep-inducing moves are banned
|clearpoke
|poke|p1|Riolu, F|
|poke|p1|Araquanid, F|
|poke|p1|Kingambit, F|
|poke|p1|Pecharunt|
|poke|p1|Great Tusk|
|poke|p1|Torkoal, F|
|poke|p2|Moltres-Galar|
|poke|p2|Zapdos-Galar|
|poke|p2|Ogerpon-Wellspring, F|
|poke|p2|Iron Boulder|
|poke|p2|Sandy Shocks|
|poke|p2|Cinderace, F|
|teampreview
|
|t:|1760726910
|teamsize|p1|6
|teamsize|p2|6
|start
|switch|p1a: Torkoal|Torkoal, F|100/100
|switch|p2a: Birdbrain|Zapdos-Galar|100/100
|turn|1
|
|t:|1760726928
|move|p2a: Birdbrain|U-turn|p1a: Torkoal
|-resisted|p1a: Torkoal
|-damage|p1a: Torkoal|91/100
|
|t:|1760726929
|switch|p2a: 𝕷 𝖊 𝖌 𝖘|Sandy Shocks|100/100|[from] U-turn
|move|p1a: Torkoal|Stealth Rock|p2a: 𝕷 𝖊 𝖌 𝖘
|-sidestart|p2: AsierX|move: Stealth Rock
|
|upkeep
|turn|2
|
|t:|1760726941
|-terastallize|p1a: Torkoal|Dark
|move|p2a: 𝕷 𝖊 𝖌 𝖘|Iron Defense|p2a: 𝕷 𝖊 𝖌 𝖘
|-boost|p2a: 𝕷 𝖊 𝖌 𝖘|def|2
|move|p1a: Torkoal|Shell Smash|p1a: Torkoal
|-unboost|p1a: Torkoal|def|1
|-unboost|p1a: Torkoal|spd|1
|-boost|p1a: Torkoal|atk|2
|-boost|p1a: Torkoal|spa|2
|-boost|p1a: Torkoal|spe|2
|-enditem|p1a: Torkoal|Eject Pack
|
|t:|1760726950
|switch|p1a: Riolu|Riolu, F|100/100
|
|upkeep
|turn|3
|
|t:|1760726956
|move|p1a: Riolu|Copycat|p1a: Riolu
|move|p1a: Riolu|Shell Smash|p1a: Riolu|[from] move: Copycat
|-unboost|p1a: Riolu|def|1
|-unboost|p1a: Riolu|spd|1
|-boost|p1a: Riolu|atk|2
|-boost|p1a: Riolu|spa|2
|-boost|p1a: Riolu|spe|2
|move|p2a: 𝕷 𝖊 𝖌 𝖘|Scorching Sands|p1a: Riolu
|-enditem|p1a: Riolu|Focus Sash
|-damage|p1a: Riolu|1/100
|
|upkeep
|turn|4
|
|t:|1760726967
|move|p1a: Riolu|Reversal|p2a: 𝕷 𝖊 𝖌 𝖘
|-damage|p2a: 𝕷 𝖊 𝖌 𝖘|10/100
|move|p2a: 𝕷 𝖊 𝖌 𝖘|Scorching Sands|p1a: Riolu
|-damage|p1a: Riolu|0 fnt
|faint|p1a: Riolu
|
|-heal|p2a: 𝕷 𝖊 𝖌 𝖘|16/100|[from] item: Leftovers
|upkeep
|
|t:|1760726990
|switch|p1a: Great Tusk|Great Tusk|100/100
|turn|5
|
|t:|1760726995
|move|p2a: 𝕷 𝖊 𝖌 𝖘|Scorching Sands|p1a: Great Tusk
|-damage|p1a: Great Tusk|56/100
|move|p1a: Great Tusk|Ice Spinner|p2a: 𝕷 𝖊 𝖌 𝖘
|-supereffective|p2a: 𝕷 𝖊 𝖌 𝖘
|-damage|p2a: 𝕷 𝖊 𝖌 𝖘|0 fnt
|faint|p2a: 𝕷 𝖊 𝖌 𝖘
|-end|p2a: 𝕷 𝖊 𝖌 𝖘|Protosynthesis|[silent]
|
|-heal|p1a: Great Tusk|62/100|[from] item: Leftovers
|upkeep
|
|t:|1760726999
|switch|p2a: Big Bonk|Ogerpon-Wellspring, F|100/100
|-damage|p2a: Big Bonk|88/100|[from] Stealth Rock
|turn|6
|
|t:|1760727008
|-end|p1a: Great Tusk|Protosynthesis|[silent]
|switch|p1a: Araquanid|Araquanid, F|100/100
|move|p2a: Big Bonk|Ivy Cudgel|p1a: Araquanid|[anim] Ivy Cudgel Water
|-resisted|p1a: Araquanid
|-damage|p1a: Araquanid|70/100
|
|upkeep
|turn|7
|
|t:|1760727019
|move|p2a: Big Bonk|Swords Dance|p2a: Big Bonk
|-boost|p2a: Big Bonk|atk|2
|move|p1a: Araquanid|Pounce|p2a: Big Bonk
|-supereffective|p2a: Big Bonk
|-damage|p2a: Big Bonk|50/100
|-unboost|p2a: Big Bonk|spe|1
|
|upkeep
|turn|8
|
|t:|1760727032
|move|p2a: Big Bonk|Horn Leech|p1a: Araquanid
|-crit|p1a: Araquanid
|-damage|p1a: Araquanid|0 fnt
|-heal|p2a: Big Bonk|90/100|[from] drain|[of] p1a: Araquanid
|faint|p1a: Araquanid
|
|upkeep
|
|t:|1760727044
|switch|p1a: Pecharunt|Pecharunt|100/100
|turn|9
|
|t:|1760727054
|switch|p2a: Here's the kicker|Cinderace, F|100/100
|move|p1a: Pecharunt|Malignant Chain|p2a: Here's the kicker
|-damage|p2a: Here's the kicker|58/100
|
|upkeep
|turn|10
|
|t:|1760727063
|move|p2a: Here's the kicker|Court Change|p2a: Here's the kicker
|-start|p2a: Here's the kicker|typechange|Normal|[from] ability: Libero
|-swapsideconditions
|-activate|p2a: Here's the kicker|move: Court Change
|move|p1a: Pecharunt|Malignant Chain|p2a: Here's the kicker
|-damage|p2a: Here's the kicker|11/100
|-status|p2a: Here's the kicker|tox
|-start|p2a: Here's the kicker|confusion|[from] ability: Poison Puppeteer|[of] p1a: Pecharunt
|
|-damage|p2a: Here's the kicker|5/100 tox|[from] psn
|upkeep
|turn|11
|
|t:|1760727075
|-activate|p2a: Here's the kicker|confusion
|-damage|p2a: Here's the kicker|0 fnt|[from] confusion
|faint|p2a: Here's the kicker
|move|p1a: Pecharunt|Parting Shot|p2: Here's the kicker|[notarget]
|-fail|p1a: Pecharunt
|
|upkeep
|
|t:|1760727079
|switch|p2a: 🔥I'm EVIL‼🔥|Moltres-Galar|100/100
|turn|12
|
|t:|1760727089
|move|p2a: 🔥I'm EVIL‼🔥|Agility|p2a: 🔥I'm EVIL‼🔥
|-boost|p2a: 🔥I'm EVIL‼🔥|spe|2
|move|p1a: Pecharunt|Malignant Chain|p2a: 🔥I'm EVIL‼🔥
|-damage|p2a: 🔥I'm EVIL‼🔥|72/100
|
|upkeep
|turn|13
|
|t:|1760727097
|-terastallize|p2a: 🔥I'm EVIL‼🔥|Poison
|move|p2a: 🔥I'm EVIL‼🔥|Nasty Plot|p2a: 🔥I'm EVIL‼🔥
|-boost|p2a: 🔥I'm EVIL‼🔥|spa|2
|move|p1a: Pecharunt|Parting Shot|p2a: 🔥I'm EVIL‼🔥
|-unboost|p2a: 🔥I'm EVIL‼🔥|atk|1
|-unboost|p2a: 🔥I'm EVIL‼🔥|spa|1
|
|t:|1760727111
|switch|p1a: Kingambit|Kingambit, F|100/100|[from] Parting Shot
|-damage|p1a: Kingambit|94/100|[from] Stealth Rock
|-activate|p1a: Kingambit|ability: Supreme Overlord
|-start|p1a: Kingambit|fallen2|[silent]
|
|-heal|p1a: Kingambit|100/100|[from] item: Leftovers
|upkeep
|turn|14
|
|t:|1760727120
|move|p2a: 🔥I'm EVIL‼🔥|Hurricane|p1a: Kingambit|[miss]
|-miss|p2a: 🔥I'm EVIL‼🔥|p1a: Kingambit
|move|p1a: Kingambit|Swords Dance|p1a: Kingambit
|-boost|p1a: Kingambit|atk|2
|
|upkeep
|turn|15
|
|t:|1760727127
|move|p2a: 🔥I'm EVIL‼🔥|Nasty Plot|p2a: 🔥I'm EVIL‼🔥
|-boost|p2a: 🔥I'm EVIL‼🔥|spa|2
|move|p1a: Kingambit|Swords Dance|p1a: Kingambit
|-boost|p1a: Kingambit|atk|2
|
|upkeep
|turn|16
|
|t:|1760727134
|move|p2a: 🔥I'm EVIL‼🔥|Hurricane|p1a: Kingambit|[miss]
|-miss|p2a: 🔥I'm EVIL‼🔥|p1a: Kingambit
|move|p1a: Kingambit|Iron Head|p2a: 🔥I'm EVIL‼🔥
|-damage|p2a: 🔥I'm EVIL‼🔥|0 fnt
|faint|p2a: 🔥I'm EVIL‼🔥
|
|upkeep
|
|t:|1760727139
|switch|p2a: Big Bonk|Ogerpon-Wellspring, F|90/100
|turn|17
|
|t:|1760727145
|move|p2a: Big Bonk|Encore|p1a: Kingambit
|-start|p1a: Kingambit|Encore
|move|p1a: Kingambit|Iron Head|p2a: Big Bonk
|-resisted|p2a: Big Bonk
|-damage|p2a: Big Bonk|0 fnt
|faint|p2a: Big Bonk
|
|upkeep
|
|t:|1760727151
|switch|p2a: Birdbrain|Zapdos-Galar|100/100
|turn|18
|
|t:|1760727155
|-end|p1a: Kingambit|fallen2|[silent]
|switch|p1a: Pecharunt|Pecharunt|100/100
|move|p2a: Birdbrain|Thunderous Kick|p1a: Pecharunt
|-immune|p1a: Pecharunt
|
|upkeep
|turn|19
|
|t:|1760727166
|move|p2a: Birdbrain|Knock Off|p1a: Pecharunt
|-supereffective|p1a: Pecharunt
|-damage|p1a: Pecharunt|65/100
|-enditem|p1a: Pecharunt|Heavy-Duty Boots|[from] move: Knock Off|[of] p2a: Birdbrain
|move|p1a: Pecharunt|Malignant Chain|p2a: Birdbrain
|-damage|p2a: Birdbrain|77/100
|-status|p2a: Birdbrain|tox
|-start|p2a: Birdbrain|confusion|[from] ability: Poison Puppeteer|[of] p1a: Pecharunt
|
|-damage|p2a: Birdbrain|71/100 tox|[from] psn
|upkeep
|turn|20
|
|t:|1760727179
|-activate|p2a: Birdbrain|confusion
|move|p2a: Birdbrain|Brave Bird|p1a: Pecharunt
|-damage|p1a: Pecharunt|36/100
|-damage|p2a: Birdbrain|60/100 tox|[from] Recoil
|move|p1a: Pecharunt|Recover|p1a: Pecharunt
|-heal|p1a: Pecharunt|86/100
|
|-damage|p2a: Birdbrain|47/100 tox|[from] psn
|upkeep
|turn|21
|
|t:|1760727190
|-activate|p2a: Birdbrain|confusion
|-damage|p2a: Birdbrain|31/100 tox|[from] confusion
|move|p1a: Pecharunt|Hex|p2a: Birdbrain
|-damage|p2a: Birdbrain|0 fnt
|faint|p2a: Birdbrain
|
|upkeep
|
|t:|1760727193
|switch|p2a: Battering Ram|Iron Boulder|100/100
|-enditem|p2a: Battering Ram|Booster Energy
|-activate|p2a: Battering Ram|ability: Quark Drive|[fromitem]
|-start|p2a: Battering Ram|quarkdrivespe
|turn|22
|
|t:|1760727204
|move|p2a: Battering Ram|Zen Headbutt|p1a: Pecharunt
|-supereffective|p1a: Pecharunt
|-damage|p1a: Pecharunt|50/100
|move|p1a: Pecharunt|Parting Shot|p2a: Battering Ram
|-unboost|p2a: Battering Ram|atk|1
|-unboost|p2a: Battering Ram|spa|1
|
|t:|1760727212
|switch|p1a: Great Tusk|Great Tusk|62/100|[from] Parting Shot
|-damage|p1a: Great Tusk|59/100|[from] Stealth Rock
|
|-heal|p1a: Great Tusk|65/100|[from] item: Leftovers
|upkeep
|turn|23
|
|t:|1760727222
|-end|p1a: Great Tusk|Protosynthesis|[silent]
|switch|p1a: Kingambit|Kingambit, F|100/100
|-damage|p1a: Kingambit|94/100|[from] Stealth Rock
|-activate|p1a: Kingambit|ability: Supreme Overlord
|-start|p1a: Kingambit|fallen2|[silent]
|move|p2a: Battering Ram|Zen Headbutt|p1a: Kingambit
|-immune|p1a: Kingambit
|
|-heal|p1a: Kingambit|100/100|[from] item: Leftovers
|upkeep
|turn|24
|
|t:|1760727233
|move|p1a: Kingambit|Sucker Punch|p2a: Battering Ram
|-supereffective|p2a: Battering Ram
|-damage|p2a: Battering Ram|0 fnt
|faint|p2a: Battering Ram
|-end|p2a: Battering Ram|Quark Drive|[silent]
|
|win|W4ll R0s3
|raw|W4ll R0s3's rating: 1369 &rarr; <strong>1390</strong><br />(+21 for winning)
|raw|AsierX's rating: 1386 &rarr; <strong>1365</strong><br />(-21 for losing)
|l|☆AsierX
|player|p2|
|l|☆W4ll R0s3
|player|p1|
