|j|☆mrtable00
|j|☆Charthraxis27
|t:|1760812959
|gametype|singles
|player|p1|mrtable00|pokemaniac|1017
|player|p2|Charthraxis27|lucas|1028
|gen|9
|tier|[Gen 9] OU
|rated|
|rule|HP Percentage Mod: HP is shown in percentages
|rule|Endless Battle Clause: Forcing endless battles is banned
|rule|Species Clause: Limit one of each Pokémon
|rule|OHKO Clause: OHKO moves are banned
|rule|Evasion Items Clause: Evasion items are banned
|rule|Evasion Moves Clause: Evasion moves are banned
|rule|Evasion Abilities Clause: Evasion abilities are banned
|rule|Sleep Moves Clause: Sleep-inducing moves are banned
|clearpoke
|poke|p1|Scyther, M|
|poke|p1|Forretress, M|
|poke|p1|Milotic, F|
|poke|p1|Dachsbun, M|
|poke|p1|Virizion|
|poke|p1|Cloyster, M|
|poke|p2|Dondozo, M|
|poke|p2|Zoroark-Hisui, F|
|poke|p2|Ursaluna, F|
|poke|p2|Galvantula, F|
|poke|p2|Corviknight, F|
|poke|p2|Incineroar, F|
|teampreview
|
|t:|1760812972
|teamsize|p1|6
|teamsize|p2|6
|start
|switch|p1a: Forretress|Forretress, M, shiny|100/100
|switch|p2a: Galvantula|Galvantula, F|100/100
|turn|1
|
|t:|1760812979
|move|p2a: Galvantula|Sticky Web|p1a: Forretress
|-sidestart|p1: mrtable00|move: Sticky Web
|move|p1a: Forretress|Stealth Rock|p2a: Galvantula
|-sidestart|p2: Charthraxis27|move: Stealth Rock
|
|upkeep
|turn|2
|
|t:|1760812986
|switch|p2a: Corviknight|Corviknight, F|100/100
|-damage|p2a: Corviknight|88/100|[from] Stealth Rock
|move|p1a: Forretress|Spikes|p2a: Corviknight
|-sidestart|p2: Charthraxis27|Spikes
|
|upkeep
|turn|3
|
|t:|1760812992
|move|p2a: Corviknight|Brave Bird|p1a: Forretress
|-damage|p1a: Forretress|78/100
|-damage|p2a: Corviknight|81/100|[from] Recoil
|-enditem|p1a: Forretress|Red Card|[of] p2a: Corviknight
|drag|p2a: Galvantula|Galvantula, F|100/100
|-damage|p2a: Galvantula|76/100|[from] Stealth Rock
|-damage|p2a: Galvantula|63/100|[from] Spikes
|move|p1a: Forretress|Spikes|p2a: Galvantula
|-sidestart|p2: Charthraxis27|Spikes
|
|upkeep
|turn|4
|
|t:|1760813018
|switch|p2a: Incineroar|Incineroar, F|100/100
|-damage|p2a: Incineroar|76/100|[from] Stealth Rock
|-damage|p2a: Incineroar|59/100|[from] Spikes
|-ability|p2a: Incineroar|Intimidate|boost
|-unboost|p1a: Forretress|atk|1
|move|p1a: Forretress|Rapid Spin|p2a: Incineroar
|-damage|p2a: Incineroar|54/100
|-boost|p1a: Forretress|spe|1
|-sideend|p1: mrtable00|Sticky Web|[from] move: Rapid Spin|[of] p1a: Forretress
|
|upkeep
|turn|5
|
|t:|1760813029
|switch|p1a: Dachsbun|Dachsbun, M|100/100
|move|p2a: Incineroar|Flare Blitz|p1a: Dachsbun
|-ability|p1a: Dachsbun|Well-Baked Body|boost
|-boost|p1a: Dachsbun|def|2
|
|upkeep
|turn|6
|
|t:|1760813038
|move|p1a: Dachsbun|Body Press|p2a: Incineroar
|-supereffective|p2a: Incineroar
|-crit|p2a: Incineroar
|-damage|p2a: Incineroar|0 fnt
|faint|p2a: Incineroar
|
|upkeep
|-message|Charthraxis27 forfeited.
|
|win|mrtable00
|raw|mrtable00's rating: 1017 &rarr; <strong>1056</strong><br />(+39 for winning)
|raw|Charthraxis27's rating: 1028 &rarr; <strong>1013</strong><br />(-15 for losing)
|l|☆Charthraxis27
|player|p2|
