|j|☆Dreaming Briefly
|j|☆Chief_Ironside
|t:|1760761609
|gametype|singles
|player|p1|Dreaming Briefly|scientistf|1349
|player|p2|Chief_Ironside|crasherwake|1396
|gen|9
|tier|[Gen 9] OU
|rated|
|rule|HP Percentage Mod: HP is shown in percentages
|rule|Endless Battle Clause: Forcing endless battles is banned
|rule|Species Clause: Limit one of each Pokémon
|rule|OHKO Clause: OHKO moves are banned
|rule|Evasion Items Clause: Evasion items are banned
|rule|Evasion Moves Clause: Evasion moves are banned
|rule|Evasion Abilities Clause: Evasion abilities are banned
|rule|Sleep Moves Clause: Sleep-inducing moves are banned
|clearpoke
|poke|p1|Meowscarada, F|
|poke|p1|Clefable, M|
|poke|p1|Skarmory, M|
|poke|p1|Slowking-Galar, F|
|poke|p1|Dragapult, F|
|poke|p1|Ting-Lu|
|poke|p2|Breloom, M|
|poke|p2|Infernape, F|
|poke|p2|Mandibuzz, F|
|poke|p2|Heatran, F|
|poke|p2|Araquanid, M|
|poke|p2|Latias, F|
|teampreview
|inactive|Battle timer is ON: inactive players will automatically lose when time's up. (requested by Chief_Ironside)
|
|t:|1760761621
|teamsize|p1|6
|teamsize|p2|6
|start
|switch|p1a: Skarmory|Skarmory, M|100/100
|switch|p2a: Infernape|Infernape, F|100/100
|turn|1
|
|t:|1760761640
|move|p2a: Infernape|Raging Fury|p1a: Skarmory
|-supereffective|p1a: Skarmory
|-ability|p1a: Skarmory|Sturdy
|-damage|p1a: Skarmory|1/100
|move|p1a: Skarmory|Spikes|p2a: Infernape
|-sidestart|p2: Chief_Ironside|Spikes
|
|upkeep
|turn|2
|
|t:|1760761649
|switch|p1a: Ting-Lu|Ting-Lu|100/100
|-ability|p1a: Ting-Lu|Vessel of Ruin
|move|p2a: Infernape|Raging Fury|p1a: Ting-Lu|[from] lockedmove
|-damage|p1a: Ting-Lu|58/100
|
|-heal|p1a: Ting-Lu|65/100|[from] item: Leftovers
|upkeep
|turn|3
|
|t:|1760761659
|move|p2a: Infernape|Raging Fury|p1a: Ting-Lu|[from] lockedmove
|-damage|p1a: Ting-Lu|22/100
|-start|p2a: Infernape|confusion|[fatigue]
|move|p1a: Ting-Lu|Earthquake|p2a: Infernape
|-supereffective|p2a: Infernape
|-damage|p2a: Infernape|0 fnt
|faint|p2a: Infernape
|
|-heal|p1a: Ting-Lu|28/100|[from] item: Leftovers
|upkeep
|
|t:|1760761669
|switch|p2a: Mandibuzz|Mandibuzz, F|100/100
|turn|4
|
|t:|1760761688
|move|p2a: Mandibuzz|Toxic|p1a: Ting-Lu
|-status|p1a: Ting-Lu|tox
|move|p1a: Ting-Lu|Ruination|p2a: Mandibuzz|[miss]
|-miss|p1a: Ting-Lu|p2a: Mandibuzz
|
|-heal|p1a: Ting-Lu|34/100 tox|[from] item: Leftovers
|-damage|p1a: Ting-Lu|28/100 tox|[from] psn
|upkeep
|turn|5
|
|t:|1760761692
|move|p2a: Mandibuzz|Defog|p1a: Ting-Lu
|-unboost|p1a: Ting-Lu|evasion|1
|-sideend|p2: Chief_Ironside|Spikes|[from] move: Defog|[of] p2a: Mandibuzz
|move|p1a: Ting-Lu|Ruination|p2a: Mandibuzz
|-damage|p2a: Mandibuzz|51/100
|
|-heal|p1a: Ting-Lu|34/100 tox|[from] item: Leftovers
|-damage|p1a: Ting-Lu|22/100 tox|[from] psn
|upkeep
|turn|6
|
|t:|1760761702
|switch|p1a: Meowscarada|Meowscarada, F|100/100
|move|p2a: Mandibuzz|Roost|p2a: Mandibuzz
|-heal|p2a: Mandibuzz|100/100
|-singleturn|p2a: Mandibuzz|move: Roost
|
|upkeep
|turn|7
|
|t:|1760761705
|move|p1a: Meowscarada|Triple Axel|p2a: Mandibuzz
|-start|p1a: Meowscarada|typechange|Ice|[from] ability: Protean
|-supereffective|p2a: Mandibuzz
|-damage|p2a: Mandibuzz|90/100
|-hitcount|p2a: Mandibuzz|1
|move|p2a: Mandibuzz|Toxic|p1a: Meowscarada
|-status|p1a: Meowscarada|tox
|
|-damage|p1a: Meowscarada|94/100 tox|[from] psn
|upkeep
|turn|8
|
|t:|1760761713
|switch|p2a: Heatran|Heatran, F|100/100
|move|p1a: Meowscarada|U-turn|p2a: Heatran
|-resisted|p2a: Heatran
|-crit|p2a: Heatran
|-damage|p2a: Heatran|93/100
|
|t:|1760761719
|switch|p1a: Ting-Lu|Ting-Lu|22/100 tox|[from] U-turn
|-ability|p1a: Ting-Lu|Vessel of Ruin
|
|-heal|p2a: Heatran|99/100|[from] item: Leftovers
|-heal|p1a: Ting-Lu|28/100 tox|[from] item: Leftovers
|-damage|p1a: Ting-Lu|22/100 tox|[from] psn
|upkeep
|turn|9
|
|t:|1760761724
|move|p2a: Heatran|Magma Storm|p1a: Ting-Lu
|-damage|p1a: Ting-Lu|0 fnt
|faint|p1a: Ting-Lu
|
|-heal|p2a: Heatran|100/100|[from] item: Leftovers
|upkeep
|-message|Dreaming Briefly forfeited.
|
|win|Chief_Ironside
|raw|Dreaming Briefly's rating: 1349 &rarr; <strong>1332</strong><br />(-17 for losing)
|raw|Chief_Ironside's rating: 1396 &rarr; <strong>1413</strong><br />(+17 for winning)
|l|☆Dreaming Briefly
|player|p1|
|l|☆Chief_Ironside
|player|p2|
