|j|☆Msplem
|j|☆ShadowOfTheHeart2
|t:|1760833901
|gametype|singles
|player|p1|Msplem|roxie|1166
|player|p2|ShadowOfTheHeart2|102|1140
|gen|9
|tier|[Gen 9] OU
|rated|
|rule|HP Percentage Mod: HP is shown in percentages
|rule|Endless Battle Clause: Forcing endless battles is banned
|rule|Species Clause: Limit one of each Pokémon
|rule|OHKO Clause: OHKO moves are banned
|rule|Evasion Items Clause: Evasion items are banned
|rule|Evasion Moves Clause: Evasion moves are banned
|rule|Evasion Abilities Clause: Evasion abilities are banned
|rule|Sleep Moves Clause: Sleep-inducing moves are banned
|clearpoke
|poke|p1|Cinderace, F|
|poke|p1|Dondozo, M|
|poke|p1|Bronzong|
|poke|p1|Mudsdale, F|
|poke|p1|Scrafty, M|
|poke|p1|Hatterene, F|
|poke|p2|Darkrai|
|poke|p2|Great Tusk|
|poke|p2|Gholdengo|
|poke|p2|Kingambit, F|
|poke|p2|Glimmora, M|
|poke|p2|Dragonite, M|
|teampreview
|c|☆Msplem|Yo
|inactive|Battle timer is ON: inactive players will automatically lose when time's up. (requested by ShadowOfTheHeart2)
|
|t:|1760833971
|teamsize|p1|6
|teamsize|p2|6
|start
|switch|p1a: Dong|Bronzong|100/100
|switch|p2a: Glimmora|Glimmora, M, shiny|100/100
|turn|1
|
|t:|1760833979
|move|p2a: Glimmora|Stealth Rock|p1a: Dong
|-sidestart|p1: Msplem|move: Stealth Rock
|move|p1a: Dong|Earthquake|p2a: Glimmora
|-supereffective|p2a: Glimmora
|-damage|p2a: Glimmora|0 fnt
|-activate|p2a: Glimmora|ability: Toxic Debris
|-sidestart|p1: Msplem|move: Toxic Spikes
|faint|p2a: Glimmora
|
|upkeep
|
|t:|1760833986
|switch|p2a: Gholdengo|Gholdengo, shiny|100/100
|-item|p2a: Gholdengo|Air Balloon
|turn|2
|
|t:|1760833993
|-terastallize|p1a: Dong|Steel
|move|p2a: Gholdengo|Shadow Ball|p1a: Dong
|-damage|p1a: Dong|72/100
|move|p1a: Dong|Light Screen|p1a: Dong
|-sidestart|p1: Msplem|move: Light Screen
|
|-heal|p1a: Dong|78/100|[from] item: Leftovers
|upkeep
|turn|3
|
|t:|1760834007
|move|p2a: Gholdengo|Nasty Plot|p2a: Gholdengo
|-boost|p2a: Gholdengo|spa|2
|move|p1a: Dong|Zen Headbutt|p2a: Gholdengo
|-resisted|p2a: Gholdengo
|-damage|p2a: Gholdengo|86/100
|-enditem|p2a: Gholdengo|Air Balloon
|
|-heal|p1a: Dong|84/100|[from] item: Leftovers
|upkeep
|turn|4
|
|t:|1760834016
|move|p2a: Gholdengo|Nasty Plot|p2a: Gholdengo
|-boost|p2a: Gholdengo|spa|2
|move|p1a: Dong|Earthquake|p2a: Gholdengo
|-supereffective|p2a: Gholdengo
|-damage|p2a: Gholdengo|40/100
|
|-heal|p1a: Dong|90/100|[from] item: Leftovers
|upkeep
|turn|5
|
|t:|1760834024
|move|p2a: Gholdengo|Shadow Ball|p1a: Dong
|-damage|p1a: Dong|46/100
|move|p1a: Dong|Earthquake|p2a: Gholdengo
|-supereffective|p2a: Gholdengo
|-damage|p2a: Gholdengo|0 fnt
|faint|p2a: Gholdengo
|
|-heal|p1a: Dong|52/100|[from] item: Leftovers
|upkeep
|
|t:|1760834040
|switch|p2a: Dragonite|Dragonite, M, shiny|100/100
|turn|6
|
|t:|1760834044
|move|p2a: Dragonite|Earthquake|p1a: Dong
|-immune|p1a: Dong|[from] ability: Levitate
|move|p1a: Dong|Reflect|p1a: Dong
|-sidestart|p1: Msplem|Reflect
|
|-heal|p1a: Dong|58/100|[from] item: Leftovers
|-sideend|p1: Msplem|move: Light Screen
|upkeep
|turn|7
|
|t:|1760834053
|switch|p2a: Darkrai|Darkrai, shiny|100/100
|move|p1a: Dong|Light Screen|p1a: Dong
|-sidestart|p1: Msplem|move: Light Screen
|
|-heal|p1a: Dong|65/100|[from] item: Leftovers
|upkeep
|turn|8
|
|t:|1760834060
|move|p2a: Darkrai|Knock Off|p1a: Dong
|-damage|p1a: Dong|45/100
|-enditem|p1a: Dong|Leftovers|[from] move: Knock Off|[of] p2a: Darkrai
|move|p1a: Dong|Earthquake|p2a: Darkrai
|-damage|p2a: Darkrai|71/100
|
|upkeep
|turn|9
|
|t:|1760834070
|move|p2a: Darkrai|Dark Pulse|p1a: Dong
|-damage|p1a: Dong|27/100
|cant|p1a: Dong|flinch
|
|upkeep
|turn|10
|inactive|ShadowOfTheHeart2 has 120 seconds left.
|inactive|ShadowOfTheHeart2 has 90 seconds left.
|inactive|ShadowOfTheHeart2 has 60 seconds left.
|l|☆Msplem
|inactive|Msplem disconnected and has a minute to reconnect!
|player|p1|
|j|☆Msplem
|inactive|Msplem reconnected.
|player|p1|Msplem|roxie|
|inactive|ShadowOfTheHeart2 has 30 seconds left.
|
|t:|1760834197
|move|p2a: Darkrai|Dark Pulse|p1a: Dong
|-damage|p1a: Dong|11/100
|move|p1a: Dong|Earthquake|p2a: Darkrai
|-damage|p2a: Darkrai|41/100
|
|-sideend|p1: Msplem|Reflect
|upkeep
|turn|11
|
|t:|1760834205
|move|p2a: Darkrai|Dark Pulse|p1a: Dong
|-damage|p1a: Dong|0 fnt
|faint|p1a: Dong
|
|-sideend|p1: Msplem|move: Light Screen
|upkeep
|
|t:|1760834216
|switch|p1a: Better Incineroar|Scrafty, M|100/100
|-damage|p1a: Better Incineroar|95/100|[from] Stealth Rock
|-status|p1a: Better Incineroar|psn
|turn|12
|
|t:|1760834221
|move|p1a: Better Incineroar|Fake Out|p2a: Darkrai
|-damage|p2a: Darkrai|21/100
|-damage|p1a: Better Incineroar|85/100 psn|[from] item: Life Orb
|cant|p2a: Darkrai|flinch
|
|-damage|p1a: Better Incineroar|72/100 psn|[from] psn
|upkeep
|turn|13
|
|t:|1760834245
|move|p2a: Darkrai|Knock Off|p1a: Better Incineroar
|-resisted|p1a: Better Incineroar
|-damage|p1a: Better Incineroar|63/100 psn
|-enditem|p1a: Better Incineroar|Life Orb|[from] move: Knock Off|[of] p2a: Darkrai
|move|p1a: Better Incineroar|Drain Punch|p2a: Darkrai
|-supereffective|p2a: Darkrai
|-damage|p2a: Darkrai|0 fnt
|-heal|p1a: Better Incineroar|74/100 psn|[from] drain|[of] p2a: Darkrai
|faint|p2a: Darkrai
|-ability|p1a: Better Incineroar|Moxie|boost
|-boost|p1a: Better Incineroar|atk|1
|
|-damage|p1a: Better Incineroar|61/100 psn|[from] psn
|upkeep
|
|t:|1760834261
|switch|p2a: Dragonite|Dragonite, M, shiny|100/100
|turn|14
|
|t:|1760834267
|move|p2a: Dragonite|Dragon Dance|p2a: Dragonite
|-boost|p2a: Dragonite|atk|1
|-boost|p2a: Dragonite|spe|1
|move|p1a: Better Incineroar|Body Slam|p2a: Dragonite
|-damage|p2a: Dragonite|86/100
|
|-damage|p1a: Better Incineroar|49/100 psn|[from] psn
|upkeep
|turn|15
|
|t:|1760834279
|switch|p1a: Coquette|Hatterene, F, shiny|100/100
|-damage|p1a: Coquette|88/100|[from] Stealth Rock
|-status|p1a: Coquette|psn
|move|p2a: Dragonite|Dragon Dance|p2a: Dragonite
|-boost|p2a: Dragonite|atk|1
|-boost|p2a: Dragonite|spe|1
|
|-damage|p1a: Coquette|76/100 psn|[from] psn
|upkeep
|turn|16
|inactive|ShadowOfTheHeart2 has 60 seconds left.
|
|t:|1760834300
|-terastallize|p2a: Dragonite|Fairy
|move|p2a: Dragonite|Tera Blast|p1a: Coquette|[anim] Tera Blast Fairy
|-damage|p1a: Coquette|0 fnt
|faint|p1a: Coquette
|
|upkeep
|
|t:|1760834310
|switch|p1a: Milk|Cinderace, F, shiny|100/100
|turn|17
|
|t:|1760834314
|move|p2a: Dragonite|Earthquake|p1a: Milk
|-supereffective|p1a: Milk
|-damage|p1a: Milk|0 fnt
|faint|p1a: Milk
|
|upkeep
|
|t:|1760834319
|switch|p1a: Star|Mudsdale, F|100/100
|-damage|p1a: Star|94/100|[from] Stealth Rock
|-status|p1a: Star|psn
|turn|18
|
|t:|1760834324
|move|p2a: Dragonite|Tera Blast|p1a: Star|[anim] Tera Blast Fairy
|-damage|p1a: Star|46/100 psn
|-ability|p1a: Star|Stamina|boost
|-boost|p1a: Star|def|1
|move|p1a: Star|Roar|p2a: Dragonite
|drag|p2a: Great Tusk|Great Tusk, shiny|100/100
|-enditem|p2a: Great Tusk|Booster Energy
|-activate|p2a: Great Tusk|ability: Protosynthesis|[fromitem]
|-start|p2a: Great Tusk|protosynthesisspe
|
|-heal|p1a: Star|52/100 psn|[from] item: Leftovers
|-damage|p1a: Star|40/100 psn|[from] psn
|upkeep
|turn|19
|
|t:|1760834335
|move|p2a: Great Tusk|Bulk Up|p2a: Great Tusk
|-boost|p2a: Great Tusk|atk|1
|-boost|p2a: Great Tusk|def|1
|move|p1a: Star|Roar|p2a: Great Tusk
|-end|p2a: Great Tusk|Protosynthesis|[silent]
|drag|p2a: Kingambit|Kingambit, F|100/100
|-activate|p2a: Kingambit|ability: Supreme Overlord
|-start|p2a: Kingambit|fallen3|[silent]
|
|-heal|p1a: Star|46/100 psn|[from] item: Leftovers
|-damage|p1a: Star|33/100 psn|[from] psn
|upkeep
|turn|20
|
|t:|1760834342
|move|p2a: Kingambit|Iron Head|p1a: Star
|-damage|p1a: Star|8/100 psn
|-ability|p1a: Star|Stamina|boost
|-boost|p1a: Star|def|1
|move|p1a: Star|Body Press|p2a: Kingambit
|-supereffective|p2a: Kingambit
|-damage|p2a: Kingambit|0 fnt
|faint|p2a: Kingambit
|-end|p2a: Kingambit|fallen3|[silent]
|
|-heal|p1a: Star|14/100 psn|[from] item: Leftovers
|-damage|p1a: Star|2/100 psn|[from] psn
|upkeep
|
|t:|1760834354
|switch|p2a: Great Tusk|Great Tusk, shiny|100/100
|turn|21
|
|t:|1760834370
|move|p2a: Great Tusk|Ice Spinner|p1a: Star
|-supereffective|p1a: Star
|-damage|p1a: Star|0 fnt
|faint|p1a: Star
|
|upkeep
|
|t:|1760834379
|switch|p1a: Better Incineroar|Scrafty, M|49/100 psn
|-damage|p1a: Better Incineroar|43/100 psn|[from] Stealth Rock
|turn|22
|
|t:|1760834385
|move|p1a: Better Incineroar|Fake Out|p2a: Great Tusk
|-damage|p2a: Great Tusk|94/100
|cant|p2a: Great Tusk|flinch
|
|-damage|p1a: Better Incineroar|31/100 psn|[from] psn
|upkeep
|turn|23
|
|t:|1760834392
|move|p2a: Great Tusk|Bulk Up|p2a: Great Tusk
|-boost|p2a: Great Tusk|atk|1
|-boost|p2a: Great Tusk|def|1
|move|p1a: Better Incineroar|Drain Punch|p2a: Great Tusk
|-damage|p2a: Great Tusk|81/100
|-heal|p1a: Better Incineroar|41/100 psn|[from] drain|[of] p2a: Great Tusk
|
|-damage|p1a: Better Incineroar|29/100 psn|[from] psn
|upkeep
|turn|24
|
|t:|1760834395
|move|p2a: Great Tusk|Bulk Up|p2a: Great Tusk
|-boost|p2a: Great Tusk|atk|1
|-boost|p2a: Great Tusk|def|1
|move|p1a: Better Incineroar|Body Slam|p2a: Great Tusk
|-damage|p2a: Great Tusk|73/100
|
|-damage|p1a: Better Incineroar|17/100 psn|[from] psn
|upkeep
|turn|25
|
|t:|1760834398
|move|p2a: Great Tusk|Bulk Up|p2a: Great Tusk
|-boost|p2a: Great Tusk|atk|1
|-boost|p2a: Great Tusk|def|1
|move|p1a: Better Incineroar|Body Slam|p2a: Great Tusk
|-damage|p2a: Great Tusk|68/100
|
|-damage|p1a: Better Incineroar|5/100 psn|[from] psn
|upkeep
|turn|26
|
|t:|1760834400
|move|p2a: Great Tusk|Bulk Up|p2a: Great Tusk
|-boost|p2a: Great Tusk|atk|1
|-boost|p2a: Great Tusk|def|1
|move|p1a: Better Incineroar|Body Slam|p2a: Great Tusk
|-damage|p2a: Great Tusk|63/100
|
|-damage|p1a: Better Incineroar|0 fnt|[from] psn
|faint|p1a: Better Incineroar
|upkeep
|
|t:|1760834402
|switch|p1a: Big guy|Dondozo, M|100/100
|-damage|p1a: Big guy|88/100|[from] Stealth Rock
|-status|p1a: Big guy|psn
|turn|27
|
|t:|1760834412
|move|p2a: Great Tusk|Head Smash|p1a: Big guy
|-damage|p1a: Big guy|61/100 psn
|-damage|p2a: Great Tusk|47/100|[from] Recoil
|move|p1a: Big guy|Curse|p1a: Big guy
|-unboost|p1a: Big guy|spe|1
|-boost|p1a: Big guy|atk|1
|-boost|p1a: Big guy|def|1
|
|-heal|p1a: Big guy|67/100 psn|[from] item: Leftovers
|-damage|p1a: Big guy|55/100 psn|[from] psn
|upkeep
|turn|28
|
|t:|1760834427
|move|p2a: Great Tusk|Head Smash|p1a: Big guy
|-damage|p1a: Big guy|36/100 psn
|-damage|p2a: Great Tusk|36/100|[from] Recoil
|move|p1a: Big guy|Rest|p1a: Big guy
|-status|p1a: Big guy|slp|[from] move: Rest
|-heal|p1a: Big guy|100/100 slp|[silent]
|
|upkeep
|turn|29
|
|t:|1760834430
|move|p2a: Great Tusk|Bulk Up|p2a: Great Tusk
|-boost|p2a: Great Tusk|atk|1
|-boost|p2a: Great Tusk|def|1
|cant|p1a: Big guy|slp
|move|p1a: Big guy|Sleep Talk|p1a: Big guy
|move|p1a: Big guy|Curse|p1a: Big guy|[from] move: Sleep Talk
|-unboost|p1a: Big guy|spe|1
|-boost|p1a: Big guy|atk|1
|-boost|p1a: Big guy|def|1
|
|upkeep
|turn|30
|
|t:|1760834436
|move|p2a: Great Tusk|Bulk Up|p2a: Great Tusk
|-boost|p2a: Great Tusk|atk|1
|-boost|p2a: Great Tusk|def|1
|cant|p1a: Big guy|slp
|move|p1a: Big guy|Sleep Talk|p1a: Big guy
|move|p1a: Big guy|Rest||[from] move: Sleep Talk|[still]
|-fail|p1a: Big guy
|
|upkeep
|turn|31
|
|t:|1760834440
|move|p2a: Great Tusk|Headlong Rush|p1a: Big guy
|-damage|p1a: Big guy|86/100 slp
|-unboost|p2a: Great Tusk|def|1
|-unboost|p2a: Great Tusk|spd|1
|-curestatus|p1a: Big guy|slp|[msg]
|move|p1a: Big guy|Wave Crash|p2a: Great Tusk
|-supereffective|p2a: Great Tusk
|-damage|p2a: Great Tusk|0 fnt
|faint|p2a: Great Tusk
|-end|p2a: Great Tusk|Protosynthesis|[silent]
|-damage|p1a: Big guy|75/100|[from] Recoil
|
|-heal|p1a: Big guy|82/100|[from] item: Leftovers
|upkeep
|
|t:|1760834442
|switch|p2a: Dragonite|Dragonite, M, shiny, tera:Fairy|86/100
|turn|32
|
|t:|1760834446
|move|p2a: Dragonite|Dragon Dance|p2a: Dragonite
|-boost|p2a: Dragonite|atk|1
|-boost|p2a: Dragonite|spe|1
|move|p1a: Big guy|Wave Crash|p2a: Dragonite
|-damage|p2a: Dragonite|0 fnt
|faint|p2a: Dragonite
|-damage|p1a: Big guy|60/100|[from] Recoil
|
|win|Msplem
|raw|Msplem's rating: 1166 &rarr; <strong>1189</strong><br />(+23 for winning)
|raw|ShadowOfTheHeart2's rating: 1140 &rarr; <strong>1117</strong><br />(-23 for losing)
|l|☆Msplem
|player|p1|
|l|☆ShadowOfTheHeart2
|player|p2|
