|j|☆NoNSket
|j|☆Bogatyum
|t:|1760855588
|gametype|singles
|player|p1|NoNSket|waiter|1067
|player|p2|Bogatyum|ethan|1060
|gen|9
|tier|[Gen 9] OU
|rated|
|rule|HP Percentage Mod: HP is shown in percentages
|rule|Endless Battle Clause: Forcing endless battles is banned
|rule|Species Clause: Limit one of each Pokémon
|rule|OHKO Clause: OHKO moves are banned
|rule|Evasion Items Clause: Evasion items are banned
|rule|Evasion Moves Clause: Evasion moves are banned
|rule|Evasion Abilities Clause: Evasion abilities are banned
|rule|Sleep Moves Clause: Sleep-inducing moves are banned
|clearpoke
|poke|p1|Mimikyu, M|
|poke|p1|Venusaur, M|
|poke|p1|Skarmory, F|
|poke|p1|Gyarados, F|
|poke|p1|Kommo-o, M|
|poke|p1|Slaking, M|
|poke|p2|Cloyster, F|
|poke|p2|Gengar, M|
|poke|p2|Zapdos|
|poke|p2|Poliwrath, M|
|poke|p2|Scream Tail|
|poke|p2|Iron Treads|
|teampreview
|inactive|Battle timer is ON: inactive players will automatically lose when time's up. (requested by Bogatyum)
|
|t:|1760855596
|teamsize|p1|6
|teamsize|p2|6
|start
|switch|p1a: Donkey kong|Slaking, M|100/100
|switch|p2a: Poliwrath|Poliwrath, M|100/100
|turn|1
|
|t:|1760855607
|-terastallize|p2a: Poliwrath|Steel
|move|p2a: Poliwrath|Belly Drum|p2a: Poliwrath
|-damage|p2a: Poliwrath|50/100
|-setboost|p2a: Poliwrath|atk|6|[from] move: Belly Drum
|move|p1a: Donkey kong|Outrage|p2a: Poliwrath
|-resisted|p2a: Poliwrath
|-damage|p2a: Poliwrath|21/100
|
|-heal|p2a: Poliwrath|27/100|[from] item: Leftovers
|upkeep
|turn|2
|
|t:|1760855619
|move|p2a: Poliwrath|Drain Punch|p1a: Donkey kong
|-supereffective|p1a: Donkey kong
|-damage|p1a: Donkey kong|0 fnt
|-heal|p2a: Poliwrath|100/100|[from] drain|[of] p1a: Donkey kong
|faint|p1a: Donkey kong
|
|upkeep
|
|t:|1760855636
|switch|p1a: Mimikyu|Mimikyu, M|100/100
|turn|3
|
|t:|1760855641
|move|p1a: Mimikyu|Swords Dance|p1a: Mimikyu
|-boost|p1a: Mimikyu|atk|2
|move|p2a: Poliwrath|Waterfall|p1a: Mimikyu
|-activate|p1a: Mimikyu|ability: Disguise
|-damage|p1a: Mimikyu|100/100
|detailschange|p1a: Mimikyu|Mimikyu-Busted, M
|-damage|p1a: Mimikyu|88/100|[from] pokemon: Mimikyu-Busted
|
|-heal|p1a: Mimikyu|94/100|[from] item: Leftovers
|upkeep
|turn|4
|
|t:|1760855652
|move|p1a: Mimikyu|Drain Punch|p2a: Poliwrath
|-supereffective|p2a: Poliwrath
|-damage|p2a: Poliwrath|17/100
|-heal|p1a: Mimikyu|100/100|[from] drain|[of] p2a: Poliwrath
|move|p2a: Poliwrath|Waterfall|p1a: Mimikyu
|-damage|p1a: Mimikyu|0 fnt
|faint|p1a: Mimikyu
|
|-heal|p2a: Poliwrath|23/100|[from] item: Leftovers
|upkeep
|
|t:|1760855665
|switch|p1a: Camilo|Kommo-o, M|100/100
|turn|5
|
|t:|1760855673
|move|p1a: Camilo|Drain Punch|p2a: Poliwrath
|-supereffective|p2a: Poliwrath
|-damage|p2a: Poliwrath|0 fnt
|faint|p2a: Poliwrath
|
|upkeep
|
|t:|1760855688
|switch|p2a: Scream Tail|Scream Tail|100/100
|turn|6
|
|t:|1760855700
|switch|p1a: Skarmory|Skarmory, F|100/100
|move|p2a: Scream Tail|Calm Mind|p2a: Scream Tail
|-boost|p2a: Scream Tail|spa|1
|-boost|p2a: Scream Tail|spd|1
|
|upkeep
|turn|7
|
|t:|1760855708
|move|p2a: Scream Tail|Wish|p2a: Scream Tail
|move|p1a: Skarmory|Iron Defense|p1a: Skarmory
|-boost|p1a: Skarmory|def|2
|
|upkeep
|turn|8
|
|t:|1760855715
|move|p2a: Scream Tail|Calm Mind|p2a: Scream Tail
|-boost|p2a: Scream Tail|spa|1
|-boost|p2a: Scream Tail|spd|1
|move|p1a: Skarmory|Body Press|p2a: Scream Tail
|-resisted|p2a: Scream Tail
|-damage|p2a: Scream Tail|89/100
|
|-heal|p2a: Scream Tail|100/100|[from] move: Wish|[wisher] Scream Tail
|upkeep
|turn|9
|
|t:|1760855724
|move|p2a: Scream Tail|Calm Mind|p2a: Scream Tail
|-boost|p2a: Scream Tail|spa|1
|-boost|p2a: Scream Tail|spd|1
|move|p1a: Skarmory|Iron Defense|p1a: Skarmory
|-boost|p1a: Skarmory|def|2
|
|upkeep
|turn|10
|
|t:|1760855730
|move|p2a: Scream Tail|Calm Mind|p2a: Scream Tail
|-boost|p2a: Scream Tail|spa|1
|-boost|p2a: Scream Tail|spd|1
|move|p1a: Skarmory|Body Press|p2a: Scream Tail
|-resisted|p2a: Scream Tail
|-crit|p2a: Scream Tail
|-damage|p2a: Scream Tail|74/100
|
|-heal|p2a: Scream Tail|81/100|[from] item: Leftovers
|upkeep
|turn|11
|
|t:|1760855740
|move|p2a: Scream Tail|Wish|p2a: Scream Tail
|move|p1a: Skarmory|Body Press|p2a: Scream Tail
|-resisted|p2a: Scream Tail
|-damage|p2a: Scream Tail|64/100
|
|-heal|p2a: Scream Tail|70/100|[from] item: Leftovers
|upkeep
|turn|12
|-message|NoNSket forfeited.
|
|win|Bogatyum
|raw|NoNSket's rating: 1067 &rarr; <strong>1047</strong><br />(-20 for losing)
|raw|Bogatyum's rating: 1060 &rarr; <strong>1092</strong><br />(+32 for winning)
|l|☆NoNSket
|player|p1|
|l|☆Bogatyum
|player|p2|
