|j|☆jadhe
|j|☆HZRzc
|t:|1760718351
|gametype|singles
|player|p1|jadhe|266|1177
|player|p2|HZRzc|cynthia|1129
|gen|9
|tier|[Gen 9] OU
|rated|
|rule|HP Percentage Mod: HP is shown in percentages
|rule|Endless Battle Clause: Forcing endless battles is banned
|rule|Species Clause: Limit one of each Pokémon
|rule|OHKO Clause: OHKO moves are banned
|rule|Evasion Items Clause: Evasion items are banned
|rule|Evasion Moves Clause: Evasion moves are banned
|rule|Evasion Abilities Clause: Evasion abilities are banned
|rule|Sleep Moves Clause: Sleep-inducing moves are banned
|clearpoke
|poke|p1|Gliscor, F|
|poke|p1|Tropius, F|
|poke|p1|Blaziken, F|
|poke|p1|Indeedee, M|
|poke|p1|Iron Treads|
|poke|p1|Latios, M|
|poke|p2|Maushold-Four|
|poke|p2|Garchomp, F|
|poke|p2|Dragapult, F|
|poke|p2|Incineroar, F|
|poke|p2|Tyranitar, F|
|poke|p2|Great Tusk|
|teampreview
|inactive|Battle timer is ON: inactive players will automatically lose when time's up. (requested by HZRzc)
|
|t:|1760718360
|teamsize|p1|6
|teamsize|p2|6
|start
|switch|p1a: Tropius|Tropius, F|100/100
|switch|p2a: 宇宙第一咆哮虎|Incineroar, F|100/100
|-ability|p2a: 宇宙第一咆哮虎|Intimidate|boost
|-unboost|p1a: Tropius|atk|1
|turn|1
|inactive|jadhe has 120 seconds left.
|
|t:|1760718394
|-terastallize|p1a: Tropius|Water
|move|p2a: 宇宙第一咆哮虎|Fake Out|p1a: Tropius
|-damage|p1a: Tropius|90/100
|cant|p1a: Tropius|flinch
|
|upkeep
|turn|2
|
|t:|1760718399
|move|p2a: 宇宙第一咆哮虎|Parting Shot|p1a: Tropius
|-unboost|p1a: Tropius|atk|1
|-unboost|p1a: Tropius|spa|1
|
|t:|1760718405
|switch|p2a: 嘎子|Dragapult, F, shiny|100/100|[from] Parting Shot
|move|p1a: Tropius|Substitute|p1a: Tropius
|-start|p1a: Tropius|Substitute
|-damage|p1a: Tropius|65/100
|
|upkeep
|turn|3
|
|t:|1760718415
|move|p2a: 嘎子|Dragon Darts|p1a: Tropius
|-damage|p1a: Tropius|31/100
|-enditem|p1a: Tropius|Sitrus Berry|[eat]
|-heal|p1a: Tropius|56/100|[from] item: Sitrus Berry
|-anim|p2a: 嘎子|Dragon Darts|p1a: Tropius
|-damage|p1a: Tropius|26/100
|-damage|p2a: 嘎子|91/100|[from] item: Life Orb
|move|p1a: Tropius|Leech Seed|p2a: 嘎子
|-start|p2a: 嘎子|move: Leech Seed
|
|-damage|p2a: 嘎子|78/100|[from] Leech Seed|[of] p1a: Tropius
|-heal|p1a: Tropius|36/100|[silent]
|-item|p1a: Tropius|Sitrus Berry|[from] ability: Harvest
|upkeep
|-enditem|p1a: Tropius|Sitrus Berry|[eat]
|-heal|p1a: Tropius|61/100|[from] item: Sitrus Berry
|turn|4
|inactive|jadhe has 120 seconds left.
|
|t:|1760718459
|move|p1a: Tropius|Protect|p1a: Tropius
|-singleturn|p1a: Tropius|Protect
|move|p2a: 嘎子|Dragon Darts|p1a: Tropius
|-activate|p1a: Tropius|move: Protect
|
|-damage|p2a: 嘎子|66/100|[from] Leech Seed|[of] p1a: Tropius
|-heal|p1a: Tropius|71/100|[silent]
|upkeep
|turn|5
|
|t:|1760718473
|move|p2a: 嘎子|Dragon Dance|p2a: 嘎子
|-boost|p2a: 嘎子|atk|1
|-boost|p2a: 嘎子|spe|1
|move|p1a: Tropius|Air Slash|p2a: 嘎子
|-damage|p2a: 嘎子|38/100
|
|-damage|p2a: 嘎子|26/100|[from] Leech Seed|[of] p1a: Tropius
|-heal|p1a: Tropius|80/100|[silent]
|upkeep
|turn|6
|
|t:|1760718478
|move|p1a: Tropius|Protect|p1a: Tropius
|-singleturn|p1a: Tropius|Protect
|move|p2a: 嘎子|Dragon Dance|p2a: 嘎子
|-boost|p2a: 嘎子|atk|1
|-boost|p2a: 嘎子|spe|1
|
|-damage|p2a: 嘎子|14/100|[from] Leech Seed|[of] p1a: Tropius
|-heal|p1a: Tropius|90/100|[silent]
|-item|p1a: Tropius|Sitrus Berry|[from] ability: Harvest
|upkeep
|turn|7
|inactive|jadhe has 120 seconds left.
|
|t:|1760718500
|move|p1a: Tropius|Protect|p1a: Tropius
|-singleturn|p1a: Tropius|Protect
|move|p2a: 嘎子|Dragon Darts|p1a: Tropius
|-activate|p1a: Tropius|move: Protect
|
|-damage|p2a: 嘎子|1/100|[from] Leech Seed|[of] p1a: Tropius
|-heal|p1a: Tropius|99/100|[silent]
|upkeep
|turn|8
|
|t:|1760718514
|move|p2a: 嘎子|Dragon Darts|p1a: Tropius
|-damage|p1a: Tropius|41/100
|-enditem|p1a: Tropius|Sitrus Berry|[eat]
|-heal|p1a: Tropius|65/100|[from] item: Sitrus Berry
|-anim|p2a: 嘎子|Dragon Darts|p1a: Tropius
|-damage|p1a: Tropius|1/100
|-damage|p2a: 嘎子|0 fnt|[from] item: Life Orb
|faint|p2a: 嘎子
|move|p1a: Tropius|Air Slash|p2: 嘎子|[notarget]
|-fail|p1a: Tropius
|
|upkeep
|
|t:|1760718532
|switch|p2a: Maushold|Maushold-Four|100/100
|turn|9
|inactive|jadhe has 120 seconds left.
|
|t:|1760718541
|move|p1a: Tropius|Protect|p1a: Tropius
|-singleturn|p1a: Tropius|Protect
|move|p2a: Maushold|Tidy Up|p2a: Maushold
|-end|p1a: Tropius|Substitute
|-activate|p2a: Maushold|move: Tidy Up
|-boost|p2a: Maushold|atk|1
|-boost|p2a: Maushold|spe|1
|
|upkeep
|turn|10
|inactive|jadhe has 120 seconds left.
|
|t:|1760718557
|move|p1a: Tropius|Protect||[still]
|-fail|p1a: Tropius
|move|p2a: Maushold|Tidy Up|p2a: Maushold
|-boost|p2a: Maushold|atk|1
|-boost|p2a: Maushold|spe|1
|
|-item|p1a: Tropius|Sitrus Berry|[from] ability: Harvest
|upkeep
|-enditem|p1a: Tropius|Sitrus Berry|[eat]
|-heal|p1a: Tropius|26/100|[from] item: Sitrus Berry
|turn|11
|inactive|jadhe has 120 seconds left.
|
|t:|1760718576
|move|p1a: Tropius|Protect|p1a: Tropius
|-singleturn|p1a: Tropius|Protect
|move|p2a: Maushold|Tidy Up|p2a: Maushold
|-boost|p2a: Maushold|atk|1
|-boost|p2a: Maushold|spe|1
|
|-item|p1a: Tropius|Sitrus Berry|[from] ability: Harvest
|upkeep
|-enditem|p1a: Tropius|Sitrus Berry|[eat]
|-heal|p1a: Tropius|51/100|[from] item: Sitrus Berry
|turn|12
|
|t:|1760718588
|move|p2a: Maushold|Tidy Up|p2a: Maushold
|-boost|p2a: Maushold|atk|1
|-boost|p2a: Maushold|spe|1
|move|p1a: Tropius|Leech Seed|p2a: Maushold|[miss]
|-miss|p1a: Tropius|p2a: Maushold
|
|-item|p1a: Tropius|Sitrus Berry|[from] ability: Harvest
|upkeep
|turn|13
|
|t:|1760718597
|move|p2a: Maushold|Tidy Up|p2a: Maushold
|-boost|p2a: Maushold|atk|1
|-boost|p2a: Maushold|spe|1
|move|p1a: Tropius|Substitute|p1a: Tropius
|-start|p1a: Tropius|Substitute
|-damage|p1a: Tropius|26/100
|-enditem|p1a: Tropius|Sitrus Berry|[eat]
|-heal|p1a: Tropius|51/100|[from] item: Sitrus Berry
|
|-item|p1a: Tropius|Sitrus Berry|[from] ability: Harvest
|upkeep
|turn|14
|
|t:|1760718605
|move|p2a: Maushold|Tidy Up|p2a: Maushold
|-end|p1a: Tropius|Substitute
|-activate|p2a: Maushold|move: Tidy Up
|-boost|p2a: Maushold|atk|1
|-boost|p2a: Maushold|spe|1
|move|p1a: Tropius|Leech Seed|p2a: Maushold
|-start|p2a: Maushold|move: Leech Seed
|
|-damage|p2a: Maushold|88/100|[from] Leech Seed|[of] p1a: Tropius
|-heal|p1a: Tropius|60/100|[silent]
|upkeep
|turn|15
|
|t:|1760718612
|move|p1a: Tropius|Protect|p1a: Tropius
|-singleturn|p1a: Tropius|Protect
|move|p2a: Maushold|Tidy Up||[still]
|-fail|p2a: Maushold
|
|-damage|p2a: Maushold|76/100|[from] Leech Seed|[of] p1a: Tropius
|-heal|p1a: Tropius|69/100|[silent]
|upkeep
|turn|16
|
|t:|1760718620
|move|p2a: Maushold|Population Bomb|p1a: Tropius
|-damage|p1a: Tropius|30/100
|-enditem|p1a: Tropius|Sitrus Berry|[eat]
|-heal|p1a: Tropius|54/100|[from] item: Sitrus Berry
|-damage|p1a: Tropius|9/100
|-damage|p1a: Tropius|0 fnt
|faint|p1a: Tropius
|-hitcount|p1: Tropius|3
|
|upkeep
|
|t:|1760718633
|switch|p1a: Iron Treads|Iron Treads|100/100
|-enditem|p1a: Iron Treads|Booster Energy
|-activate|p1a: Iron Treads|ability: Quark Drive|[fromitem]
|-start|p1a: Iron Treads|quarkdrivespe
|turn|17
|
|t:|1760718638
|move|p2a: Maushold|Population Bomb|p1a: Iron Treads
|-resisted|p1a: Iron Treads
|-damage|p1a: Iron Treads|85/100
|-resisted|p1a: Iron Treads
|-damage|p1a: Iron Treads|68/100
|-resisted|p1a: Iron Treads
|-damage|p1a: Iron Treads|51/100
|-resisted|p1a: Iron Treads
|-damage|p1a: Iron Treads|34/100
|-resisted|p1a: Iron Treads
|-damage|p1a: Iron Treads|17/100
|-resisted|p1a: Iron Treads
|-damage|p1a: Iron Treads|0 fnt
|faint|p1a: Iron Treads
|-end|p1a: Iron Treads|Quark Drive|[silent]
|-hitcount|p1: Iron Treads|6
|
|upkeep
|
|t:|1760718652
|switch|p1a: Blaziken|Blaziken, F|100/100
|turn|18
|
|t:|1760718657
|move|p1a: Blaziken|Protect|p1a: Blaziken
|-singleturn|p1a: Blaziken|Protect
|move|p2a: Maushold|Population Bomb|p1a: Blaziken
|-activate|p1a: Blaziken|move: Protect
|
|-damage|p2a: Maushold|63/100|[from] Leech Seed|[of] p1a: Blaziken
|-ability|p1a: Blaziken|Speed Boost|boost
|-boost|p1a: Blaziken|spe|1
|upkeep
|turn|19
|
|t:|1760718676
|move|p1a: Blaziken|Protect||[still]
|-fail|p1a: Blaziken
|move|p2a: Maushold|Population Bomb|p1a: Blaziken
|-damage|p1a: Blaziken|34/100
|-damage|p1a: Blaziken|0 fnt
|faint|p1a: Blaziken
|-hitcount|p1: Blaziken|2
|
|upkeep
|
|t:|1760718680
|switch|p1a: Gliscor|Gliscor, F|100/100
|turn|20
|
|t:|1760718689
|move|p1a: Gliscor|Protect|p1a: Gliscor
|-singleturn|p1a: Gliscor|Protect
|move|p2a: Maushold|Population Bomb|p1a: Gliscor
|-activate|p1a: Gliscor|move: Protect
|
|-damage|p2a: Maushold|51/100|[from] Leech Seed|[of] p1a: Gliscor
|-status|p1a: Gliscor|tox|[from] item: Toxic Orb
|upkeep
|turn|21
|
|t:|1760718700
|move|p2a: Maushold|Population Bomb|p1a: Gliscor
|-damage|p1a: Gliscor|72/100 tox
|-damage|p1a: Gliscor|45/100 tox
|-damage|p1a: Gliscor|17/100 tox
|-damage|p1a: Gliscor|0 fnt
|faint|p1a: Gliscor
|-hitcount|p1: Gliscor|4
|
|upkeep
|
|t:|1760718707
|switch|p1a: Latios|Latios, M, shiny|100/100
|turn|22
|
|t:|1760718711
|move|p2a: Maushold|Population Bomb|p1a: Latios
|-damage|p1a: Latios|37/100
|-damage|p1a: Latios|0 fnt
|faint|p1a: Latios
|-hitcount|p1: Latios|2
|
|upkeep
|
|t:|1760718714
|switch|p1a: Indeedee|Indeedee, M|100/100
|-fieldstart|move: Psychic Terrain|[from] ability: Psychic Surge|[of] p1a: Indeedee
|turn|23
|
|t:|1760718721
|move|p2a: Maushold|Population Bomb|p1a: Indeedee
|-damage|p1a: Indeedee|13/100
|-damage|p1a: Indeedee|0 fnt
|faint|p1a: Indeedee
|-hitcount|p1: Indeedee|2
|
|win|HZRzc
|raw|jadhe's rating: 1177 &rarr; <strong>1149</strong><br />(-28 for losing)
|raw|HZRzc's rating: 1129 &rarr; <strong>1157</strong><br />(+28 for winning)
|l|☆jadhe
|player|p1|
