|j|☆LorySobby10
|j|☆pokbatler
|t:|1760868657
|gametype|singles
|player|p1|LorySobby10|elio|1179
|player|p2|pokbatler|steven|1192
|gen|9
|tier|[Gen 9] OU
|rated|
|rule|HP Percentage Mod: HP is shown in percentages
|rule|Endless Battle Clause: Forcing endless battles is banned
|rule|Species Clause: Limit one of each Pokémon
|rule|OHKO Clause: OHKO moves are banned
|rule|Evasion Items Clause: Evasion items are banned
|rule|Evasion Moves Clause: Evasion moves are banned
|rule|Evasion Abilities Clause: Evasion abilities are banned
|rule|Sleep Moves Clause: Sleep-inducing moves are banned
|clearpoke
|poke|p1|Darkrai|
|poke|p1|Zamazenta-*|
|poke|p1|Tinkaton, F|
|poke|p1|Hydrapple, M|
|poke|p1|Moltres|
|poke|p1|Ting-Lu|
|poke|p2|Ceruledge, M|
|poke|p2|Scyther, M|
|poke|p2|Galvantula, M|
|poke|p2|Scizor, M|
|poke|p2|Garchomp, M|
|poke|p2|Iron Treads|
|teampreview
|
|t:|1760868674
|teamsize|p1|6
|teamsize|p2|6
|start
|switch|p1a: St. ealthrock|Tinkaton, F|100/100
|switch|p2a: Scyther|Scyther, M|100/100
|-ability|p1a: St. ealthrock|Mold Breaker
|-item|p1a: St. ealthrock|Air Balloon
|turn|1
|c|☆LorySobby10|Glhf
|
|t:|1760868698
|move|p1a: St. ealthrock|Stealth Rock|p2a: Scyther
|-sidestart|p2: pokbatler|move: Stealth Rock
|move|p2a: Scyther|Swords Dance|p2a: Scyther
|-boost|p2a: Scyther|atk|2
|
|upkeep
|turn|2
|inactive|Battle timer is ON: inactive players will automatically lose when time's up. (requested by LorySobby10)
|
|t:|1760868704
|move|p1a: St. ealthrock|Encore|p2a: Scyther
|-start|p2a: Scyther|Encore
|move|p2a: Scyther|Swords Dance|p2a: Scyther
|-boost|p2a: Scyther|atk|2
|
|upkeep
|turn|3
|
|t:|1760868710
|move|p1a: St. ealthrock|Knock Off|p2a: Scyther
|-damage|p2a: Scyther|84/100
|-enditem|p2a: Scyther|Eviolite|[from] move: Knock Off|[of] p1a: St. ealthrock
|move|p2a: Scyther|Swords Dance|p2a: Scyther
|-boost|p2a: Scyther|atk|2
|
|upkeep
|turn|4
|
|t:|1760868718
|move|p1a: St. ealthrock|Gigaton Hammer|p2a: Scyther
|-damage|p2a: Scyther|20/100
|move|p2a: Scyther|Swords Dance|p2a: Scyther
|-boost|p2a: Scyther|atk|0
|
|-end|p2a: Scyther|Encore
|upkeep
|turn|5
|
|t:|1760868731
|move|p1a: St. ealthrock|Knock Off|p2a: Scyther
|-damage|p2a: Scyther|3/100
|move|p2a: Scyther|Dual Wingbeat|p1a: St. ealthrock
|-resisted|p1a: St. ealthrock
|-crit|p1a: St. ealthrock
|-damage|p1a: St. ealthrock|1/100
|-enditem|p1a: St. ealthrock|Air Balloon
|-resisted|p1a: St. ealthrock
|-damage|p1a: St. ealthrock|0 fnt
|faint|p1a: St. ealthrock
|-hitcount|p1: St. ealthrock|2
|
|upkeep
|
|t:|1760868742
|switch|p1a: Last Surprise|Darkrai, shiny|100/100
|turn|6
|
|t:|1760868747
|move|p1a: Last Surprise|Ice Beam|p2a: Scyther
|-supereffective|p2a: Scyther
|-damage|p2a: Scyther|0 fnt
|faint|p2a: Scyther
|
|upkeep
|
|t:|1760868756
|switch|p2a: Iron Treads|Iron Treads, shiny|100/100
|-damage|p2a: Iron Treads|97/100|[from] Stealth Rock
|turn|7
|
|t:|1760868764
|switch|p1a: Da burd|Moltres|100/100
|move|p2a: Iron Treads|Rapid Spin|p1a: Da burd
|-damage|p1a: Da burd|89/100
|-boost|p2a: Iron Treads|spe|1
|-sideend|p2: pokbatler|Stealth Rock|[from] move: Rapid Spin|[of] p2a: Iron Treads
|
|upkeep
|turn|8
|
|t:|1760868772
|move|p2a: Iron Treads|Volt Switch|p1a: Da burd
|-supereffective|p1a: Da burd
|-damage|p1a: Da burd|70/100
|
|t:|1760868783
|-end|p2a: Iron Treads|Quark Drive|[silent]
|switch|p2a: Galvantula|Galvantula, M, shiny|100/100|[from] Volt Switch
|move|p1a: Da burd|Flamethrower|p2a: Galvantula
|-supereffective|p2a: Galvantula
|-enditem|p2a: Galvantula|Focus Sash
|-damage|p2a: Galvantula|1/100
|
|upkeep
|turn|9
|
|t:|1760868795
|move|p2a: Galvantula|Sticky Web|p1a: Da burd
|-sidestart|p1: LorySobby10|move: Sticky Web
|move|p1a: Da burd|Scorching Sands|p2a: Galvantula
|-damage|p2a: Galvantula|0 fnt
|faint|p2a: Galvantula
|
|upkeep
|
|t:|1760868803
|switch|p2a: Garchomp|Garchomp, M|100/100
|turn|10
|
|t:|1760868807
|move|p2a: Garchomp|Scale Shot|p1a: Da burd
|-damage|p1a: Da burd|58/100
|-damage|p1a: Da burd|47/100
|-damage|p1a: Da burd|36/100
|-damage|p1a: Da burd|25/100
|-damage|p1a: Da burd|14/100
|-hitcount|p1a: Da burd|5
|-unboost|p2a: Garchomp|def|1
|-boost|p2a: Garchomp|spe|1
|move|p1a: Da burd|Will-O-Wisp|p2a: Garchomp
|-status|p2a: Garchomp|brn
|
|-damage|p2a: Garchomp|94/100 brn|[from] brn
|upkeep
|turn|11
|
|t:|1760868823
|switch|p1a: Bulky doggo|Zamazenta|100/100
|-activate|p1a: Bulky doggo|move: Sticky Web
|-unboost|p1a: Bulky doggo|spe|1
|-ability|p1a: Bulky doggo|Dauntless Shield|boost
|-boost|p1a: Bulky doggo|def|1
|move|p2a: Garchomp|Swords Dance|p2a: Garchomp
|-boost|p2a: Garchomp|atk|2
|
|-damage|p2a: Garchomp|88/100 brn|[from] brn
|upkeep
|turn|12
|
|t:|1760868837
|move|p2a: Garchomp|Earthquake|p1a: Bulky doggo
|-damage|p1a: Bulky doggo|77/100
|move|p1a: Bulky doggo|Roar|p2a: Garchomp
|drag|p2a: Scizor|Scizor, M, shiny|100/100
|
|-heal|p1a: Bulky doggo|83/100|[from] item: Leftovers
|upkeep
|turn|13
|
|t:|1760868850
|move|p1a: Bulky doggo|Iron Defense|p1a: Bulky doggo
|-boost|p1a: Bulky doggo|def|2
|move|p2a: Scizor|Bug Bite|p1a: Bulky doggo
|-resisted|p1a: Bulky doggo
|-damage|p1a: Bulky doggo|75/100
|
|-heal|p1a: Bulky doggo|81/100|[from] item: Leftovers
|upkeep
|turn|14
|
|t:|1760868860
|move|p2a: Scizor|Bullet Punch|p1a: Bulky doggo
|-damage|p1a: Bulky doggo|70/100
|move|p1a: Bulky doggo|Iron Defense|p1a: Bulky doggo
|-boost|p1a: Bulky doggo|def|2
|
|-heal|p1a: Bulky doggo|77/100|[from] item: Leftovers
|upkeep
|turn|15
|
|t:|1760868868
|move|p1a: Bulky doggo|Iron Defense|p1a: Bulky doggo
|-boost|p1a: Bulky doggo|def|1
|move|p2a: Scizor|Swords Dance|p2a: Scizor
|-boost|p2a: Scizor|atk|2
|
|-heal|p1a: Bulky doggo|83/100|[from] item: Leftovers
|upkeep
|turn|16
|
|t:|1760868875
|move|p1a: Bulky doggo|Body Press|p2a: Scizor
|-enditem|p2a: Scizor|Focus Sash
|-damage|p2a: Scizor|1/100
|move|p2a: Scizor|Swords Dance|p2a: Scizor
|-boost|p2a: Scizor|atk|2
|
|-heal|p1a: Bulky doggo|89/100|[from] item: Leftovers
|upkeep
|turn|17
|
|t:|1760868884
|move|p2a: Scizor|Bullet Punch|p1a: Bulky doggo
|-damage|p1a: Bulky doggo|71/100
|move|p1a: Bulky doggo|Crunch|p2a: Scizor
|-damage|p2a: Scizor|0 fnt
|faint|p2a: Scizor
|
|-heal|p1a: Bulky doggo|77/100|[from] item: Leftovers
|upkeep
|inactive|pokbatler has 120 seconds left.
|inactive|pokbatler has 90 seconds left.
|inactive|pokbatler has 60 seconds left.
|
|t:|1760868980
|switch|p2a: Ceruledge|Ceruledge, M, shiny|100/100
|turn|18
|inactive|pokbatler has 60 seconds left.
|
|t:|1760868985
|move|p2a: Ceruledge|Poltergeist|p1a: Bulky doggo|[miss]
|-miss|p2a: Ceruledge|p1a: Bulky doggo
|move|p1a: Bulky doggo|Crunch|p2a: Ceruledge
|-supereffective|p2a: Ceruledge
|-damage|p2a: Ceruledge|39/100
|-ability|p2a: Ceruledge|Weak Armor|boost
|-unboost|p2a: Ceruledge|def|1
|-boost|p2a: Ceruledge|spe|2
|
|-heal|p1a: Bulky doggo|83/100|[from] item: Leftovers
|upkeep
|turn|19
|inactive|pokbatler has 60 seconds left.
|inactive|pokbatler has 30 seconds left.
|inactive|pokbatler has 20 seconds left.
|inactive|pokbatler has 15 seconds left.
|inactive|pokbatler has 10 seconds left.
|inactive|pokbatler has 5 seconds left.
|-message|pokbatler lost due to inactivity.
|
|win|LorySobby10
|raw|LorySobby10's rating: 1179 &rarr; <strong>1203</strong><br />(+24 for winning)
|raw|pokbatler's rating: 1165 &rarr; <strong>1141</strong><br />(-24 for losing)
|l|☆LorySobby10
|player|p1|
