|j|☆irubic
|j|☆erjietangxiluo
|t:|1760875164
|gametype|singles
|player|p1|irubic|ethan|1217
|player|p2|erjietangxiluo|viola-masters|1188
|gen|9
|tier|[Gen 9] OU
|rated|
|rule|HP Percentage Mod: HP is shown in percentages
|rule|Endless Battle Clause: Forcing endless battles is banned
|rule|Species Clause: Limit one of each Pokémon
|rule|OHKO Clause: OHKO moves are banned
|rule|Evasion Items Clause: Evasion items are banned
|rule|Evasion Moves Clause: Evasion moves are banned
|rule|Evasion Abilities Clause: Evasion abilities are banned
|rule|Sleep Moves Clause: Sleep-inducing moves are banned
|clearpoke
|poke|p1|Zapdos|
|poke|p1|Iron Valiant|
|poke|p1|Kyurem|
|poke|p1|Darkrai|
|poke|p1|Iron Treads|
|poke|p1|Scizor, M|
|poke|p2|Dragapult, M|
|poke|p2|Frosmoth, F|
|poke|p2|Ninetales-Alola, M|
|poke|p2|Dragonite, F|
|poke|p2|Alcremie, F|
|poke|p2|Hatterene, F|
|teampreview
|
|t:|1760875183
|teamsize|p1|6
|teamsize|p2|6
|start
|switch|p1a: Darkrai|Darkrai|100/100
|switch|p2a: Ninetales|Ninetales-Alola, M|100/100
|-weather|Snowscape|[from] ability: Snow Warning|[of] p2a: Ninetales
|turn|1
|inactive|Battle timer is ON: inactive players will automatically lose when time's up. (requested by erjietangxiluo)
|
|t:|1760875197
|move|p1a: Darkrai|Sludge Bomb|p2a: Ninetales
|-supereffective|p2a: Ninetales
|-damage|p2a: Ninetales|27/100
|move|p2a: Ninetales|Aurora Veil|p2a: Ninetales
|-sidestart|p2: erjietangxiluo|move: Aurora Veil
|
|-weather|Snowscape|[upkeep]
|upkeep
|turn|2
|
|t:|1760875216
|switch|p2a: Frosmoth|Frosmoth, F|100/100
|move|p1a: Darkrai|Sludge Bomb|p2a: Frosmoth
|-damage|p2a: Frosmoth|89/100
|
|-weather|Snowscape|[upkeep]
|upkeep
|turn|3
|
|t:|1760875227
|switch|p1a: Scizor|Scizor, M|100/100
|move|p2a: Frosmoth|Quiver Dance|p2a: Frosmoth
|-boost|p2a: Frosmoth|spa|1
|-boost|p2a: Frosmoth|spd|1
|-boost|p2a: Frosmoth|spe|1
|
|-weather|Snowscape|[upkeep]
|upkeep
|turn|4
|
|t:|1760875247
|-terastallize|p2a: Frosmoth|Ground
|move|p2a: Frosmoth|Tera Blast|p1a: Scizor|[anim] Tera Blast Ground
|-damage|p1a: Scizor|24/100
|move|p1a: Scizor|Swords Dance|p1a: Scizor
|-boost|p1a: Scizor|atk|2
|
|-weather|Snowscape|[upkeep]
|upkeep
|turn|5
|
|t:|1760875267
|move|p1a: Scizor|Bullet Punch|p2a: Frosmoth
|-damage|p2a: Frosmoth|8/100
|-damage|p1a: Scizor|14/100|[from] item: Life Orb
|move|p2a: Frosmoth|Tera Blast|p1a: Scizor|[anim] Tera Blast Ground
|-damage|p1a: Scizor|0 fnt
|faint|p1a: Scizor
|
|-weather|none
|upkeep
|inactive|irubic has 120 seconds left.
|
|t:|1760875288
|switch|p1a: Iron Valiant|Iron Valiant|100/100
|-enditem|p1a: Iron Valiant|Booster Energy
|-activate|p1a: Iron Valiant|ability: Quark Drive|[fromitem]
|-start|p1a: Iron Valiant|quarkdrivespe
|turn|6
|inactive|irubic has 120 seconds left.
|
|t:|1760875293
|move|p1a: Iron Valiant|Moonblast|p2a: Frosmoth
|-damage|p2a: Frosmoth|0 fnt
|faint|p2a: Frosmoth
|
|upkeep
|
|t:|1760875311
|switch|p2a: Hatterene|Hatterene, F|100/100
|turn|7
|inactive|irubic has 120 seconds left.
|
|t:|1760875330
|move|p1a: Iron Valiant|Moonblast|p2a: Hatterene
|-damage|p2a: Hatterene|70/100
|-unboost|p2a: Hatterene|spa|1
|move|p2a: Hatterene|Agility|p2a: Hatterene
|-boost|p2a: Hatterene|spe|2
|
|upkeep
|turn|8
|
|t:|1760875338
|move|p1a: Iron Valiant|Moonblast|p2a: Hatterene
|-damage|p2a: Hatterene|40/100
|-unboost|p2a: Hatterene|spa|1
|move|p2a: Hatterene|Calm Mind|p2a: Hatterene
|-boost|p2a: Hatterene|spa|1
|-boost|p2a: Hatterene|spd|1
|
|-sideend|p2: erjietangxiluo|move: Aurora Veil
|upkeep
|turn|9
|
|t:|1760875347
|move|p1a: Iron Valiant|Moonblast|p2a: Hatterene
|-damage|p2a: Hatterene|0 fnt
|faint|p2a: Hatterene
|
|upkeep
|
|t:|1760875354
|switch|p2a: Alcremie|Alcremie, F|100/100
|turn|10
|
|t:|1760875370
|move|p1a: Iron Valiant|Moonblast|p2a: Alcremie
|-damage|p2a: Alcremie|60/100
|move|p2a: Alcremie|Calm Mind|p2a: Alcremie
|-boost|p2a: Alcremie|spa|1
|-boost|p2a: Alcremie|spd|1
|
|-heal|p2a: Alcremie|66/100|[from] item: Leftovers
|upkeep
|turn|11
|
|t:|1760875389
|-end|p1a: Iron Valiant|Quark Drive|[silent]
|switch|p1a: Kyurem|Kyurem|100/100
|-ability|p1a: Kyurem|Pressure
|move|p2a: Alcremie|Calm Mind|p2a: Alcremie
|-boost|p2a: Alcremie|spa|1
|-boost|p2a: Alcremie|spd|1
|
|-heal|p2a: Alcremie|72/100|[from] item: Leftovers
|upkeep
|turn|12
|
|t:|1760875401
|move|p1a: Kyurem|Scale Shot|p2a: Alcremie
|-immune|p2a: Alcremie
|move|p2a: Alcremie|Acid Armor|p2a: Alcremie
|-boost|p2a: Alcremie|def|2
|
|-heal|p2a: Alcremie|78/100|[from] item: Leftovers
|upkeep
|turn|13
|
|t:|1760875413
|move|p1a: Kyurem|Dragon Dance|p1a: Kyurem
|-boost|p1a: Kyurem|atk|1
|-boost|p1a: Kyurem|spe|1
|move|p2a: Alcremie|Acid Armor|p2a: Alcremie
|-boost|p2a: Alcremie|def|2
|
|-heal|p2a: Alcremie|84/100|[from] item: Leftovers
|upkeep
|turn|14
|
|t:|1760875422
|move|p1a: Kyurem|Icicle Spear|p2a: Alcremie
|-damage|p2a: Alcremie|79/100
|-damage|p2a: Alcremie|73/100
|-damage|p2a: Alcremie|67/100
|-damage|p2a: Alcremie|61/100
|-damage|p2a: Alcremie|55/100
|-hitcount|p2a: Alcremie|5
|move|p2a: Alcremie|Alluring Voice|p1a: Kyurem
|-supereffective|p1a: Kyurem
|-damage|p1a: Kyurem|0 fnt
|faint|p1a: Kyurem
|
|-heal|p2a: Alcremie|61/100|[from] item: Leftovers
|upkeep
|inactive|irubic has 120 seconds left.
|
|t:|1760875440
|switch|p1a: Darkrai|Darkrai|100/100
|turn|15
|
|t:|1760875445
|move|p1a: Darkrai|Sludge Bomb|p2a: Alcremie
|-supereffective|p2a: Alcremie
|-damage|p2a: Alcremie|30/100
|move|p2a: Alcremie|Alluring Voice|p1a: Darkrai
|-supereffective|p1a: Darkrai
|-damage|p1a: Darkrai|0 fnt
|faint|p1a: Darkrai
|
|-heal|p2a: Alcremie|36/100|[from] item: Leftovers
|upkeep
|inactive|irubic has 120 seconds left.
|
|t:|1760875468
|switch|p1a: Zapdos|Zapdos|100/100
|turn|16
|
|t:|1760875471
|move|p1a: Zapdos|Hurricane|p2a: Alcremie|[miss]
|-miss|p1a: Zapdos|p2a: Alcremie
|move|p2a: Alcremie|Recover|p2a: Alcremie
|-heal|p2a: Alcremie|86/100
|
|-heal|p2a: Alcremie|92/100|[from] item: Leftovers
|upkeep
|turn|17
|
|t:|1760875481
|move|p1a: Zapdos|Hurricane|p2a: Alcremie
|-damage|p2a: Alcremie|69/100
|-start|p2a: Alcremie|confusion
|-activate|p2a: Alcremie|confusion
|move|p2a: Alcremie|Calm Mind|p2a: Alcremie
|-boost|p2a: Alcremie|spa|1
|-boost|p2a: Alcremie|spd|1
|
|-heal|p2a: Alcremie|75/100|[from] item: Leftovers
|upkeep
|turn|18
|
|t:|1760875501
|move|p1a: Zapdos|Hurricane|p2a: Alcremie
|-damage|p2a: Alcremie|55/100
|-activate|p2a: Alcremie|confusion
|move|p2a: Alcremie|Calm Mind|p2a: Alcremie
|-boost|p2a: Alcremie|spa|1
|-boost|p2a: Alcremie|spd|1
|
|-heal|p2a: Alcremie|61/100|[from] item: Leftovers
|upkeep
|turn|19
|
|t:|1760875514
|move|p1a: Zapdos|Hurricane|p2a: Alcremie|[miss]
|-miss|p1a: Zapdos|p2a: Alcremie
|-activate|p2a: Alcremie|confusion
|move|p2a: Alcremie|Recover|p2a: Alcremie
|-heal|p2a: Alcremie|100/100
|
|upkeep
|turn|20
|-message|irubic forfeited.
|
|win|erjietangxiluo
|raw|irubic's rating: 1217 &rarr; <strong>1190</strong><br />(-27 for losing)
|raw|erjietangxiluo's rating: 1188 &rarr; <strong>1215</strong><br />(+27 for winning)
|l|☆irubic
|player|p1|
|l|☆erjietangxiluo
|player|p2|
