|j|☆Imdummy
|j|‽mizizizi
|t:|1760745632
|gametype|singles
|player|p1|Imdummy|cheryl|1292
|player|p2|mizizizi|silver|1334
|gen|9
|tier|[Gen 9] OU
|rated|
|rule|HP Percentage Mod: HP is shown in percentages
|rule|Endless Battle Clause: Forcing endless battles is banned
|rule|Species Clause: Limit one of each Pokémon
|rule|OHKO Clause: OHKO moves are banned
|rule|Evasion Items Clause: Evasion items are banned
|rule|Evasion Moves Clause: Evasion moves are banned
|rule|Evasion Abilities Clause: Evasion abilities are banned
|rule|Sleep Moves Clause: Sleep-inducing moves are banned
|clearpoke
|poke|p1|Braviary-Hisui, M|
|poke|p1|Serperior, F|
|poke|p1|Heatran, M|
|poke|p1|Weavile, F|
|poke|p1|Komala, M|
|poke|p1|Dragapult, M|
|poke|p2|Lilligant, F|
|poke|p2|Heatran, M|
|poke|p2|Slither Wing|
|poke|p2|Walking Wake|
|poke|p2|Great Tusk|
|poke|p2|Torkoal, F|
|teampreview
|
|t:|1760745647
|teamsize|p1|6
|teamsize|p2|6
|start
|switch|p1a: Weavile|Weavile, F|100/100
|switch|p2a: Heatran|Heatran, M|100/100
|-ability|p1a: Weavile|Pressure
|turn|1
|inactive|Battle timer is ON: inactive players will automatically lose when time's up. (requested by mizizizi)
|
|t:|1760745679
|switch|p2a: Slither Wing|Slither Wing|100/100
|move|p1a: Weavile|Knock Off|p2a: Slither Wing
|-resisted|p2a: Slither Wing
|-damage|p2a: Slither Wing|66/100
|-enditem|p2a: Slither Wing|Choice Band|[from] move: Knock Off|[of] p1a: Weavile
|
|upkeep
|turn|2
|
|t:|1760745690
|switch|p1a: Dragapult|Dragapult, M|100/100
|move|p2a: Slither Wing|First Impression|p1a: Dragapult
|-resisted|p1a: Dragapult
|-damage|p1a: Dragapult|64/100
|
|upkeep
|turn|3
|inactive|Imdummy has 120 seconds left.
|
|t:|1760745721
|-end|p2a: Slither Wing|Protosynthesis|[silent]
|switch|p2a: Heatran|Heatran, M|100/100
|move|p1a: Dragapult|Hex|p2a: Heatran
|-damage|p2a: Heatran|76/100
|
|-heal|p2a: Heatran|82/100|[from] item: Leftovers
|upkeep
|turn|4
|inactive|Imdummy has 120 seconds left.
|inactive|Imdummy has 90 seconds left.
|inactive|Imdummy has 60 seconds left.
|
|t:|1760745799
|switch|p1a: Heatran|Heatran, M|100/100
|-item|p1a: Heatran|Air Balloon
|move|p2a: Heatran|Stealth Rock|p1a: Heatran
|-sidestart|p1: Imdummy|move: Stealth Rock
|
|-heal|p2a: Heatran|88/100|[from] item: Leftovers
|upkeep
|turn|5
|
|t:|1760745814
|switch|p2a: Walking Wake|Walking Wake|100/100
|-enditem|p2a: Walking Wake|Booster Energy
|-activate|p2a: Walking Wake|ability: Protosynthesis|[fromitem]
|-start|p2a: Walking Wake|protosynthesisspa
|move|p1a: Heatran|Stealth Rock|p2a: Walking Wake
|-sidestart|p2: mizizizi|move: Stealth Rock
|
|upkeep
|turn|6
|inactive|Imdummy has 60 seconds left.
|
|t:|1760745854
|switch|p1a: Braviary|Braviary-Hisui, M|100/100
|-damage|p1a: Braviary|76/100|[from] Stealth Rock
|move|p2a: Walking Wake|Dragon Pulse|p1a: Braviary
|-damage|p1a: Braviary|5/100
|
|-heal|p1a: Braviary|11/100|[from] item: Leftovers
|upkeep
|turn|7
|
|t:|1760745865
|move|p2a: Walking Wake|Hydro Steam|p1a: Braviary
|-damage|p1a: Braviary|0 fnt
|faint|p1a: Braviary
|
|upkeep
|
|t:|1760745871
|switch|p1a: Komala|Komala, M, shiny|100/100
|-damage|p1a: Komala|88/100|[from] Stealth Rock
|-ability|p1a: Komala|Comatose
|turn|8
|inactive|Imdummy has 30 seconds left.
|
|t:|1760745897
|move|p2a: Walking Wake|Dragon Pulse|p1a: Komala
|-damage|p1a: Komala|46/100
|move|p1a: Komala|Body Slam|p2a: Walking Wake
|-damage|p2a: Walking Wake|49/100
|-status|p2a: Walking Wake|par
|
|upkeep
|turn|9
|inactive|Imdummy has 30 seconds left.
|
|t:|1760745916
|move|p2a: Walking Wake|Hydro Steam|p1a: Komala
|-damage|p1a: Komala|9/100
|move|p1a: Komala|Body Slam|p2a: Walking Wake
|-damage|p2a: Walking Wake|0 fnt
|faint|p2a: Walking Wake
|-end|p2a: Walking Wake|Protosynthesis|[silent]
|
|upkeep
|
|t:|1760745922
|switch|p2a: Great Tusk|Great Tusk|100/100
|-damage|p2a: Great Tusk|98/100|[from] Stealth Rock
|turn|10
|inactive|Imdummy has 30 seconds left.
|inactive|Imdummy has 20 seconds left.
|
|t:|1760745945
|move|p2a: Great Tusk|Knock Off|p1a: Komala
|-damage|p1a: Komala|0 fnt
|-enditem|p1a: Komala|Assault Vest|[from] move: Knock Off|[of] p2a: Great Tusk
|faint|p1a: Komala
|
|-heal|p2a: Great Tusk|100/100|[from] item: Leftovers
|upkeep
|inactive|Imdummy has 25 seconds left this turn.
|inactive|Imdummy has 20 seconds left.
|inactive|Imdummy has 15 seconds left.
|inactive|Imdummy has 10 seconds left.
|inactive|Imdummy has 5 seconds left.
|-message|Imdummy lost due to inactivity.
|
|win|mizizizi
|raw|Imdummy's rating: 1292 &rarr; <strong>1270</strong><br />(-22 for losing)
|raw|mizizizi's rating: 1334 &rarr; <strong>1352</strong><br />(+18 for winning)
|l|‽mizizizi
|player|p2|
|l|☆Imdummy
|player|p1|
