|j|☆Carpio0315
|j|☆Ditto TH
|inactive|Battle timer is ON: inactive players will automatically lose when time's up.
|t:|1760874883
|gametype|singles
|player|p1|Carpio0315|backersf|
|player|p2|Ditto TH|170|
|gen|9
|tier|[Gen 9] OU
|rated|Tournament battle
|rule|HP Percentage Mod: HP is shown in percentages
|rule|Endless Battle Clause: Forcing endless battles is banned
|rule|Species Clause: Limit one of each Pokémon
|rule|OHKO Clause: OHKO moves are banned
|rule|Evasion Items Clause: Evasion items are banned
|rule|Evasion Moves Clause: Evasion moves are banned
|rule|Evasion Abilities Clause: Evasion abilities are banned
|rule|Sleep Moves Clause: Sleep-inducing moves are banned
|clearpoke
|poke|p1|Dondozo, M|
|poke|p1|Blissey, F|
|poke|p1|Corviknight, F|
|poke|p1|Weezing-Galar, M|
|poke|p1|Gliscor, M|
|poke|p1|Toxapex, M|
|poke|p2|Garganacl, F|
|poke|p2|Dragapult, F|
|poke|p2|Ogerpon-Wellspring, F|
|poke|p2|Moltres|
|poke|p2|Zamazenta-*|
|poke|p2|Iron Treads|
|teampreview
|j|*Lady Monita ☀
|inactive|Ditto TH has 120 seconds left.
|
|t:|1760874922
|teamsize|p1|6
|teamsize|p2|6
|start
|switch|p1a: Toxapex|Toxapex, M|100/100
|switch|p2a: Dragapult|Dragapult, F|100/100
|turn|1
|
|t:|1760874930
|switch|p2a: Iron Treads|Iron Treads|100/100
|move|p1a: Toxapex|Toxic|p2a: Iron Treads
|-immune|p2a: Iron Treads
|
|upkeep
|turn|2
|
|t:|1760874940
|switch|p1a: Dondozo|Dondozo, M|100/100
|move|p2a: Iron Treads|Knock Off|p1a: Dondozo
|-damage|p1a: Dondozo|89/100
|-enditem|p1a: Dondozo|Leftovers|[from] move: Knock Off|[of] p2a: Iron Treads
|
|upkeep
|turn|3
|inactive|Carpio0315 has 120 seconds left.
|inactive|Carpio0315 has 90 seconds left.
|
|t:|1760875013
|-end|p2a: Iron Treads|Quark Drive|[silent]
|switch|p2a: Ogerpon|Ogerpon-Wellspring, F|100/100
|move|p1a: Dondozo|Body Press|p2a: Ogerpon
|-crit|p2a: Ogerpon
|-damage|p2a: Ogerpon|55/100
|
|upkeep
|turn|4
|
|t:|1760875022
|switch|p1a: Corviknight|Corviknight, F|100/100
|-ability|p1a: Corviknight|Pressure
|move|p2a: Ogerpon|Synthesis|p2a: Ogerpon
|-heal|p2a: Ogerpon|100/100
|
|upkeep
|turn|5
|
|t:|1760875029
|switch|p2a: Moltres|Moltres|100/100
|move|p1a: Corviknight|Iron Defense|p1a: Corviknight
|-boost|p1a: Corviknight|def|2
|
|upkeep
|turn|6
|
|t:|1760875039
|switch|p1a: Blissey|Blissey, F|100/100
|move|p2a: Moltres|Will-O-Wisp|p1a: Blissey|[miss]
|-miss|p2a: Moltres|p1a: Blissey
|
|upkeep
|turn|7
|
|t:|1760875050
|switch|p2a: Iron Treads|Iron Treads|100/100
|move|p1a: Blissey|Stealth Rock|p2a: Iron Treads
|-sidestart|p2: Ditto TH|move: Stealth Rock
|
|upkeep
|turn|8
|
|t:|1760875055
|switch|p1a: Corviknight|Corviknight, F|100/100
|-ability|p1a: Corviknight|Pressure
|move|p2a: Iron Treads|Rapid Spin|p1a: Corviknight
|-resisted|p1a: Corviknight
|-damage|p1a: Corviknight|96/100
|-boost|p2a: Iron Treads|spe|1
|-sideend|p2: Ditto TH|Stealth Rock|[from] move: Rapid Spin|[of] p2a: Iron Treads
|
|-heal|p1a: Corviknight|100/100|[from] item: Leftovers
|upkeep
|turn|9
|
|t:|1760875065
|switch|p1a: Blissey|Blissey, F|100/100
|move|p2a: Iron Treads|Knock Off|p1a: Blissey
|-damage|p1a: Blissey|75/100
|-enditem|p1a: Blissey|Leftovers|[from] move: Knock Off|[of] p2a: Iron Treads
|
|upkeep
|turn|10
|
|t:|1760875076
|switch|p1a: Dondozo|Dondozo, M|89/100
|move|p2a: Iron Treads|Earthquake|p1a: Dondozo
|-damage|p1a: Dondozo|70/100
|
|upkeep
|turn|11
|
|t:|1760875083
|-end|p2a: Iron Treads|Quark Drive|[silent]
|switch|p2a: Ogerpon|Ogerpon-Wellspring, F|100/100
|move|p1a: Dondozo|Body Press|p2a: Ogerpon
|-damage|p2a: Ogerpon|69/100
|
|upkeep
|turn|12
|
|t:|1760875094
|switch|p1a: Corviknight|Corviknight, F|100/100
|-ability|p1a: Corviknight|Pressure
|move|p2a: Ogerpon|Swords Dance|p2a: Ogerpon
|-boost|p2a: Ogerpon|atk|2
|
|upkeep
|turn|13
|
|t:|1760875099
|-terastallize|p2a: Ogerpon|Water
|detailschange|p2a: Ogerpon|Ogerpon-Wellspring-Tera, F, tera:Water
|-ability|p2a: Ogerpon|Embody Aspect (Wellspring)|boost
|-boost|p2a: Ogerpon|spd|1
|move|p2a: Ogerpon|Ivy Cudgel|p1a: Corviknight|[anim] Ivy Cudgel Water
|-damage|p1a: Corviknight|15/100
|move|p1a: Corviknight|Iron Defense|p1a: Corviknight
|-boost|p1a: Corviknight|def|2
|
|-heal|p1a: Corviknight|21/100|[from] item: Leftovers
|upkeep
|turn|14
|
|t:|1760875109
|move|p2a: Ogerpon|Ivy Cudgel|p1a: Corviknight|[anim] Ivy Cudgel Water
|-damage|p1a: Corviknight|0 fnt
|faint|p1a: Corviknight
|
|upkeep
|
|t:|1760875119
|switch|p1a: Toxapex|Toxapex, M|100/100
|turn|15
|
|t:|1760875124
|move|p2a: Ogerpon|Trailblaze|p1a: Toxapex
|-damage|p1a: Toxapex|59/100
|-boost|p2a: Ogerpon|spe|1
|move|p1a: Toxapex|Haze|p1a: Toxapex
|-clearallboost
|
|-heal|p1a: Toxapex|65/100|[from] item: Leftovers
|upkeep
|turn|16
|
|t:|1760875132
|switch|p2a: Iron Treads|Iron Treads|100/100
|move|p1a: Toxapex|Toxic|p2a: Iron Treads
|-immune|p2a: Iron Treads
|
|-heal|p1a: Toxapex|71/100|[from] item: Leftovers
|upkeep
|turn|17
|
|t:|1760875148
|switch|p1a: Gliscor|Gliscor, M|100/100
|move|p2a: Iron Treads|Stealth Rock|p1a: Gliscor
|-sidestart|p1: Carpio0315|move: Stealth Rock
|
|-status|p1a: Gliscor|tox|[from] item: Toxic Orb
|upkeep
|turn|18
|
|t:|1760875158
|-end|p2a: Iron Treads|Quark Drive|[silent]
|switch|p2a: Ogerpon|Ogerpon-Wellspring-Tera, F, tera:Water|69/100
|-ability|p2a: Ogerpon|Embody Aspect (Wellspring)|boost
|-boost|p2a: Ogerpon|spd|1
|move|p1a: Gliscor|Knock Off|p2a: Ogerpon
|-damage|p2a: Ogerpon|54/100
|
|upkeep
|turn|19
|
|t:|1760875169
|switch|p1a: Toxapex|Toxapex, M|100/100
|-damage|p1a: Toxapex|88/100|[from] Stealth Rock
|move|p2a: Ogerpon|Synthesis|p2a: Ogerpon
|-heal|p2a: Ogerpon|100/100
|
|-heal|p1a: Toxapex|94/100|[from] item: Leftovers
|upkeep
|turn|20
|
|t:|1760875178
|switch|p2a: Iron Treads|Iron Treads|100/100
|switch|p1a: Gliscor|Gliscor, M|100/100 tox
|-damage|p1a: Gliscor|88/100 tox|[from] Stealth Rock
|
|-heal|p1a: Gliscor|100/100 tox|[from] ability: Poison Heal
|upkeep
|turn|21
|inactive|Ditto TH has 120 seconds left.
|
|t:|1760875214
|-end|p2a: Iron Treads|Quark Drive|[silent]
|switch|p2a: Garganacl|Garganacl, F|100/100
|move|p1a: Gliscor|Earthquake|p2a: Garganacl
|-supereffective|p2a: Garganacl
|-damage|p2a: Garganacl|59/100
|
|-heal|p2a: Garganacl|65/100|[from] item: Leftovers
|upkeep
|turn|22
|inactive|Ditto TH has 120 seconds left.
|
|t:|1760875222
|move|p1a: Gliscor|Earthquake|p2a: Garganacl
|-supereffective|p2a: Garganacl
|-damage|p2a: Garganacl|17/100
|move|p2a: Garganacl|Iron Defense|p2a: Garganacl
|-boost|p2a: Garganacl|def|2
|
|-heal|p2a: Garganacl|24/100|[from] item: Leftovers
|upkeep
|turn|23
|
|t:|1760875228
|move|p1a: Gliscor|Earthquake|p2a: Garganacl
|-supereffective|p2a: Garganacl
|-damage|p2a: Garganacl|2/100
|move|p2a: Garganacl|Recover|p2a: Garganacl
|-heal|p2a: Garganacl|52/100
|
|-heal|p2a: Garganacl|59/100|[from] item: Leftovers
|upkeep
|turn|24
|
|t:|1760875234
|move|p1a: Gliscor|Knock Off|p2a: Garganacl
|-damage|p2a: Garganacl|51/100
|-enditem|p2a: Garganacl|Leftovers|[from] move: Knock Off|[of] p1a: Gliscor
|move|p2a: Garganacl|Salt Cure|p1a: Gliscor
|-damage|p1a: Gliscor|90/100 tox
|-start|p1a: Gliscor|Salt Cure
|
|-heal|p1a: Gliscor|100/100 tox|[from] ability: Poison Heal
|-damage|p1a: Gliscor|88/100 tox|[from] Salt Cure
|upkeep
|turn|25
|
|t:|1760875240
|switch|p1a: Dondozo|Dondozo, M|70/100
|-damage|p1a: Dondozo|58/100|[from] Stealth Rock
|move|p2a: Garganacl|Recover|p2a: Garganacl
|-heal|p2a: Garganacl|100/100
|
|upkeep
|turn|26
|
|t:|1760875247
|switch|p2a: Ogerpon|Ogerpon-Wellspring-Tera, F, tera:Water|100/100
|-ability|p2a: Ogerpon|Embody Aspect (Wellspring)|boost
|-boost|p2a: Ogerpon|spd|1
|move|p1a: Dondozo|Body Press|p2a: Ogerpon
|-damage|p2a: Ogerpon|69/100
|
|upkeep
|turn|27
|
|t:|1760875261
|switch|p1a: Toxapex|Toxapex, M|100/100
|-damage|p1a: Toxapex|88/100|[from] Stealth Rock
|move|p2a: Ogerpon|Trailblaze|p1a: Toxapex
|-damage|p1a: Toxapex|65/100
|-boost|p2a: Ogerpon|spe|1
|
|-heal|p1a: Toxapex|71/100|[from] item: Leftovers
|upkeep
|turn|28
|
|t:|1760875280
|switch|p2a: Dragapult|Dragapult, F|100/100
|move|p1a: Toxapex|Toxic Spikes|p2a: Dragapult
|-sidestart|p2: Ditto TH|move: Toxic Spikes
|
|-heal|p1a: Toxapex|77/100|[from] item: Leftovers
|upkeep
|turn|29
|
|t:|1760875290
|move|p2a: Dragapult|U-turn|p1a: Toxapex
|-resisted|p1a: Toxapex
|-damage|p1a: Toxapex|70/100
|
|t:|1760875292
|switch|p2a: Iron Treads|Iron Treads|100/100|[from] U-turn
|move|p1a: Toxapex|Toxic|p2a: Iron Treads
|-immune|p2a: Iron Treads
|
|-heal|p1a: Toxapex|76/100|[from] item: Leftovers
|upkeep
|turn|30
|
|t:|1760875300
|switch|p1a: Gliscor|Gliscor, M|88/100 tox
|-damage|p1a: Gliscor|75/100 tox|[from] Stealth Rock
|move|p2a: Iron Treads|Rapid Spin|p1a: Gliscor
|-damage|p1a: Gliscor|66/100 tox
|-boost|p2a: Iron Treads|spe|1
|-sideend|p2: Ditto TH|Toxic Spikes|[from] move: Rapid Spin|[of] p2a: Iron Treads
|
|-heal|p1a: Gliscor|78/100 tox|[from] ability: Poison Heal
|upkeep
|turn|31
|
|t:|1760875320
|-end|p2a: Iron Treads|Quark Drive|[silent]
|switch|p2a: Moltres|Moltres|100/100
|move|p1a: Gliscor|Knock Off|p2a: Moltres
|-crit|p2a: Moltres
|-damage|p2a: Moltres|75/100
|-enditem|p2a: Moltres|Heavy-Duty Boots|[from] move: Knock Off|[of] p1a: Gliscor
|
|-heal|p1a: Gliscor|91/100 tox|[from] ability: Poison Heal
|upkeep
|turn|32
|
|t:|1760875328
|move|p1a: Gliscor|Spikes|p2a: Moltres
|-sidestart|p2: Ditto TH|Spikes
|move|p2a: Moltres|Flamethrower|p1a: Gliscor
|-damage|p1a: Gliscor|60/100 tox
|
|-heal|p1a: Gliscor|72/100 tox|[from] ability: Poison Heal
|upkeep
|turn|33
|
|t:|1760875334
|move|p1a: Gliscor|Spikes|p2a: Moltres
|-sidestart|p2: Ditto TH|Spikes
|move|p2a: Moltres|Flamethrower|p1a: Gliscor
|-damage|p1a: Gliscor|43/100 tox
|
|-heal|p1a: Gliscor|56/100 tox|[from] ability: Poison Heal
|upkeep
|turn|34
|
|t:|1760875339
|switch|p2a: Dragapult|Dragapult, F|100/100
|move|p1a: Gliscor|Protect||[still]
|-fail|p1a: Gliscor
|
|-heal|p1a: Gliscor|68/100 tox|[from] ability: Poison Heal
|upkeep
|turn|35
|
|t:|1760875344
|move|p1a: Gliscor|Protect|p1a: Gliscor
|-singleturn|p1a: Gliscor|Protect
|move|p2a: Dragapult|Hex|p1a: Gliscor
|-activate|p1a: Gliscor|move: Protect
|
|-heal|p1a: Gliscor|81/100 tox|[from] ability: Poison Heal
|upkeep
|turn|36
|
|t:|1760875352
|move|p2a: Dragapult|U-turn|p1a: Gliscor
|-resisted|p1a: Gliscor
|-damage|p1a: Gliscor|74/100 tox
|
|t:|1760875356
|switch|p2a: Zamazenta|Zamazenta|100/100|[from] U-turn
|-damage|p2a: Zamazenta|84/100|[from] Spikes
|-ability|p2a: Zamazenta|Dauntless Shield|boost
|-boost|p2a: Zamazenta|def|1
|move|p1a: Gliscor|Knock Off|p2a: Zamazenta
|-resisted|p2a: Zamazenta
|-damage|p2a: Zamazenta|78/100
|-enditem|p2a: Zamazenta|Expert Belt|[from] move: Knock Off|[of] p1a: Gliscor
|
|-heal|p1a: Gliscor|87/100 tox|[from] ability: Poison Heal
|upkeep
|turn|37
|
|t:|1760875370
|move|p2a: Zamazenta|Crunch|p1a: Gliscor
|-damage|p1a: Gliscor|64/100 tox
|move|p1a: Gliscor|Earthquake|p2a: Zamazenta
|-damage|p2a: Zamazenta|56/100
|
|-heal|p1a: Gliscor|76/100 tox|[from] ability: Poison Heal
|upkeep
|turn|38
|
|t:|1760875378
|move|p2a: Zamazenta|Crunch|p1a: Gliscor
|-damage|p1a: Gliscor|55/100 tox
|move|p1a: Gliscor|Earthquake|p2a: Zamazenta
|-damage|p2a: Zamazenta|37/100
|
|-heal|p1a: Gliscor|68/100 tox|[from] ability: Poison Heal
|upkeep
|turn|39
|
|t:|1760875384
|move|p2a: Zamazenta|Ice Fang|p1a: Gliscor
|-supereffective|p1a: Gliscor
|-damage|p1a: Gliscor|0 fnt
|faint|p1a: Gliscor
|
|upkeep
|
|t:|1760875388
|switch|p1a: Dondozo|Dondozo, M|58/100
|-damage|p1a: Dondozo|46/100|[from] Stealth Rock
|turn|40
|
|t:|1760875394
|move|p2a: Zamazenta|Close Combat|p1a: Dondozo
|-damage|p1a: Dondozo|21/100
|-unboost|p2a: Zamazenta|def|1
|-unboost|p2a: Zamazenta|spd|1
|move|p1a: Dondozo|Body Press|p2a: Zamazenta
|-damage|p2a: Zamazenta|12/100
|
|upkeep
|turn|41
|
|t:|1760875402
|move|p2a: Zamazenta|Close Combat|p1a: Dondozo
|-damage|p1a: Dondozo|0 fnt
|-unboost|p2a: Zamazenta|def|1
|-unboost|p2a: Zamazenta|spd|1
|faint|p1a: Dondozo
|
|upkeep
|
|t:|1760875409
|switch|p1a: Weezing|Weezing-Galar, M|100/100
|-ability|p1a: Weezing|Neutralizing Gas
|turn|42
|
|t:|1760875414
|move|p2a: Zamazenta|Heavy Slam|p1a: Weezing
|-supereffective|p1a: Weezing
|-damage|p1a: Weezing|53/100
|move|p1a: Weezing|Strange Steam|p2a: Zamazenta
|-supereffective|p2a: Zamazenta
|-damage|p2a: Zamazenta|0 fnt
|faint|p2a: Zamazenta
|
|upkeep
|
|t:|1760875419
|switch|p2a: Iron Treads|Iron Treads|100/100
|-damage|p2a: Iron Treads|84/100|[from] Spikes
|turn|43
|
|t:|1760875425
|move|p2a: Iron Treads|Earthquake|p1a: Weezing
|-supereffective|p1a: Weezing
|-crit|p1a: Weezing
|-damage|p1a: Weezing|0 fnt
|faint|p1a: Weezing
|-end|p1a: Weezing|ability: Neutralizing Gas
|
|-heal|p2a: Iron Treads|90/100|[from] item: Leftovers
|upkeep
|
|t:|1760875431
|switch|p1a: Blissey|Blissey, F|75/100
|-damage|p1a: Blissey|63/100|[from] Stealth Rock
|turn|44
|
|t:|1760875440
|move|p2a: Iron Treads|Earthquake|p1a: Blissey
|-damage|p1a: Blissey|27/100
|move|p1a: Blissey|Soft-Boiled|p1a: Blissey
|-heal|p1a: Blissey|77/100
|
|-heal|p2a: Iron Treads|96/100|[from] item: Leftovers
|upkeep
|turn|45
|
|t:|1760875444
|move|p2a: Iron Treads|Rapid Spin|p1a: Blissey
|-damage|p1a: Blissey|64/100
|-boost|p2a: Iron Treads|spe|1
|-sideend|p2: Ditto TH|Spikes|[from] move: Rapid Spin|[of] p2a: Iron Treads
|move|p1a: Blissey|Soft-Boiled|p1a: Blissey
|-heal|p1a: Blissey|100/100
|
|-heal|p2a: Iron Treads|100/100|[from] item: Leftovers
|upkeep
|turn|46
|
|t:|1760875452
|-end|p2a: Iron Treads|Quark Drive|[silent]
|switch|p2a: Ogerpon|Ogerpon-Wellspring-Tera, F, tera:Water|69/100
|-ability|p2a: Ogerpon|Embody Aspect (Wellspring)|boost
|-boost|p2a: Ogerpon|spd|1
|move|p1a: Blissey|Stealth Rock|p2a: Ogerpon
|-sidestart|p2: Ditto TH|move: Stealth Rock
|
|upkeep
|turn|47
|
|t:|1760875459
|move|p2a: Ogerpon|Swords Dance|p2a: Ogerpon
|-boost|p2a: Ogerpon|atk|2
|move|p1a: Blissey|Seismic Toss|p2a: Ogerpon
|-damage|p2a: Ogerpon|41/100
|
|upkeep
|turn|48
|
|t:|1760875463
|move|p2a: Ogerpon|Ivy Cudgel|p1a: Blissey|[anim] Ivy Cudgel Water
|-damage|p1a: Blissey|0 fnt
|faint|p1a: Blissey
|
|upkeep
|
|t:|1760875466
|switch|p1a: Toxapex|Toxapex, M|100/100
|-damage|p1a: Toxapex|88/100|[from] Stealth Rock
|turn|49
|-message|Carpio0315 forfeited.
|
|win|Ditto TH
|n|☆Carpio0315|carpio0315
|n|☆Ditto TH|dittoth
|n|*Lady Monita ☀|ladymonita
|l|*Lady Monita ☀
|l|☆Carpio0315
|player|p1|
