|j|☆Marc_Hsiao
|j|☆sdaasdjkads
|t:|1760799674
|gametype|singles
|player|p1|Marc_Hsiao|265|1109
|player|p2|sdaasdjkads|2|1074
|gen|9
|tier|[Gen 9] OU
|rated|
|rule|HP Percentage Mod: HP is shown in percentages
|rule|Endless Battle Clause: Forcing endless battles is banned
|rule|Species Clause: Limit one of each Pokémon
|rule|OHKO Clause: OHKO moves are banned
|rule|Evasion Items Clause: Evasion items are banned
|rule|Evasion Moves Clause: Evasion moves are banned
|rule|Evasion Abilities Clause: Evasion abilities are banned
|rule|Sleep Moves Clause: Sleep-inducing moves are banned
|clearpoke
|poke|p1|Gliscor, M|
|poke|p1|Corviknight, M|
|poke|p1|Garganacl, F|
|poke|p1|Whimsicott, M|
|poke|p1|Ogerpon-Cornerstone, F|
|poke|p1|Dondozo, F|
|poke|p2|Pelipper, M|
|poke|p2|Poliwrath, F|
|poke|p2|Kilowattrel, M|
|poke|p2|Scream Tail|
|poke|p2|Overqwil, M|
|poke|p2|Serperior, M|
|teampreview
|inactive|Battle timer is ON: inactive players will automatically lose when time's up. (requested by sdaasdjkads)
|
|t:|1760799699
|teamsize|p1|6
|teamsize|p2|6
|start
|switch|p1a: Ogerpon|Ogerpon-Cornerstone, F|100/100
|switch|p2a: Pelipper|Pelipper, M, shiny|100/100
|-weather|RainDance|[from] ability: Drizzle|[of] p2a: Pelipper
|turn|1
|
|t:|1760799722
|switch|p2a: Serperior|Serperior, M|100/100
|move|p1a: Ogerpon|Ivy Cudgel|p2a: Serperior|[anim] Ivy Cudgel Rock
|-crit|p2a: Serperior
|-damage|p2a: Serperior|0 fnt
|faint|p2a: Serperior
|
|-weather|RainDance|[upkeep]
|upkeep
|
|t:|1760799736
|switch|p2a: Overqwil|Overqwil, M, shiny|100/100
|turn|2
|
|t:|1760799765
|move|p2a: Overqwil|Swords Dance|p2a: Overqwil
|-boost|p2a: Overqwil|atk|2
|move|p1a: Ogerpon|Ivy Cudgel|p2a: Overqwil|[anim] Ivy Cudgel Rock
|-damage|p2a: Overqwil|37/100
|
|-weather|RainDance|[upkeep]
|upkeep
|turn|3
|
|t:|1760799775
|move|p2a: Overqwil|Gunk Shot|p1a: Ogerpon
|-ability|p1a: Ogerpon|Sturdy
|-damage|p1a: Ogerpon|1/100
|-damage|p2a: Overqwil|28/100|[from] item: Life Orb
|move|p1a: Ogerpon|Ivy Cudgel|p2a: Overqwil|[anim] Ivy Cudgel Rock
|-damage|p2a: Overqwil|0 fnt
|faint|p2a: Overqwil
|
|-weather|RainDance|[upkeep]
|upkeep
|
|t:|1760799782
|switch|p2a: Kilowattrel|Kilowattrel, M, shiny|100/100
|turn|4
|
|t:|1760799787
|move|p2a: Kilowattrel|Weather Ball|p1a: Ogerpon
|-damage|p1a: Ogerpon|0 fnt
|faint|p1a: Ogerpon
|-damage|p2a: Kilowattrel|91/100|[from] item: Life Orb
|
|-weather|RainDance|[upkeep]
|upkeep
|
|t:|1760799816
|switch|p1a: Garganacl|Garganacl, F|100/100
|turn|5
|
|t:|1760799824
|move|p2a: Kilowattrel|Weather Ball|p1a: Garganacl
|-supereffective|p1a: Garganacl
|-damage|p1a: Garganacl|0 fnt
|faint|p1a: Garganacl
|-damage|p2a: Kilowattrel|81/100|[from] item: Life Orb
|
|-weather|RainDance|[upkeep]
|upkeep
|
|t:|1760799829
|switch|p1a: Whimsicott|Whimsicott, M|100/100
|turn|6
|
|t:|1760799834
|move|p1a: Whimsicott|Light Screen|p1a: Whimsicott
|-sidestart|p1: Marc_Hsiao|move: Light Screen
|move|p2a: Kilowattrel|Hurricane|p1a: Whimsicott
|-supereffective|p1a: Whimsicott
|-damage|p1a: Whimsicott|44/100
|-damage|p2a: Kilowattrel|71/100|[from] item: Life Orb
|
|-weather|RainDance|[upkeep]
|-heal|p1a: Whimsicott|50/100|[from] item: Leftovers
|upkeep
|turn|7
|
|t:|1760799841
|move|p1a: Whimsicott|Substitute|p1a: Whimsicott
|-start|p1a: Whimsicott|Substitute
|-damage|p1a: Whimsicott|25/100
|move|p2a: Kilowattrel|Hurricane|p1a: Whimsicott
|-supereffective|p1a: Whimsicott
|-end|p1a: Whimsicott|Substitute
|-damage|p2a: Kilowattrel|61/100|[from] item: Life Orb
|
|-weather|RainDance|[upkeep]
|-heal|p1a: Whimsicott|31/100|[from] item: Leftovers
|upkeep
|turn|8
|
|t:|1760799847
|move|p1a: Whimsicott|Substitute|p1a: Whimsicott
|-start|p1a: Whimsicott|Substitute
|-damage|p1a: Whimsicott|6/100
|move|p2a: Kilowattrel|Hurricane|p1a: Whimsicott
|-supereffective|p1a: Whimsicott
|-end|p1a: Whimsicott|Substitute
|-damage|p2a: Kilowattrel|51/100|[from] item: Life Orb
|
|-weather|none
|-heal|p1a: Whimsicott|13/100|[from] item: Leftovers
|upkeep
|turn|9
|
|t:|1760799865
|move|p2a: Kilowattrel|Hurricane|p1a: Whimsicott|[miss]
|-miss|p2a: Kilowattrel|p1a: Whimsicott
|move|p1a: Whimsicott|Moonblast|p2a: Kilowattrel
|-damage|p2a: Kilowattrel|6/100
|-unboost|p2a: Kilowattrel|spa|1
|
|-heal|p1a: Whimsicott|19/100|[from] item: Leftovers
|upkeep
|turn|10
|
|t:|1760799880
|switch|p2a: Pelipper|Pelipper, M, shiny|100/100
|-weather|RainDance|[from] ability: Drizzle|[of] p2a: Pelipper
|switch|p1a: Corviknight|Corviknight, M|100/100
|
|-weather|RainDance|[upkeep]
|-sideend|p1: Marc_Hsiao|move: Light Screen
|upkeep
|turn|11
|
|t:|1760799902
|move|p1a: Corviknight|Iron Defense|p1a: Corviknight
|-boost|p1a: Corviknight|def|2
|move|p2a: Pelipper|Weather Ball|p1a: Corviknight
|-damage|p1a: Corviknight|54/100
|
|-weather|RainDance|[upkeep]
|upkeep
|turn|12
|
|t:|1760799908
|move|p1a: Corviknight|Body Press|p2a: Pelipper
|-resisted|p2a: Pelipper
|-damage|p2a: Pelipper|80/100
|move|p2a: Pelipper|Weather Ball|p1a: Corviknight
|-damage|p1a: Corviknight|2/100
|
|-weather|RainDance|[upkeep]
|upkeep
|turn|13
|
|t:|1760799912
|move|p1a: Corviknight|U-turn|p2a: Pelipper
|-resisted|p2a: Pelipper
|-damage|p2a: Pelipper|75/100
|
|t:|1760799917
|switch|p1a: Dondozo|Dondozo, F|100/100|[from] U-turn
|move|p2a: Pelipper|Weather Ball|p1a: Dondozo
|-resisted|p1a: Dondozo
|-damage|p1a: Dondozo|79/100
|
|-weather|RainDance|[upkeep]
|-heal|p1a: Dondozo|85/100|[from] item: Leftovers
|upkeep
|turn|14
|
|t:|1760799922
|move|p2a: Pelipper|U-turn|p1a: Dondozo
|-damage|p1a: Dondozo|81/100
|
|t:|1760799925
|switch|p2a: Scream Tail|Scream Tail|100/100|[from] U-turn
|move|p1a: Dondozo|Curse|p1a: Dondozo
|-unboost|p1a: Dondozo|spe|1
|-boost|p1a: Dondozo|atk|1
|-boost|p1a: Dondozo|def|1
|
|-weather|RainDance|[upkeep]
|-heal|p1a: Dondozo|87/100|[from] item: Leftovers
|upkeep
|turn|15
|
|t:|1760799944
|move|p2a: Scream Tail|Encore|p1a: Dondozo
|-start|p1a: Dondozo|Encore
|move|p1a: Dondozo|Curse|p1a: Dondozo
|-unboost|p1a: Dondozo|spe|1
|-boost|p1a: Dondozo|atk|1
|-boost|p1a: Dondozo|def|1
|
|-weather|RainDance|[upkeep]
|-heal|p1a: Dondozo|94/100|[from] item: Leftovers
|upkeep
|turn|16
|
|t:|1760799949
|move|p2a: Scream Tail|Reflect|p2a: Scream Tail
|-sidestart|p2: sdaasdjkads|Reflect
|move|p1a: Dondozo|Curse|p1a: Dondozo
|-unboost|p1a: Dondozo|spe|1
|-boost|p1a: Dondozo|atk|1
|-boost|p1a: Dondozo|def|1
|
|-weather|RainDance|[upkeep]
|-heal|p1a: Dondozo|99/100|[from] item: Leftovers
|upkeep
|turn|17
|
|t:|1760799956
|move|p2a: Scream Tail|Wish|p2a: Scream Tail
|move|p1a: Dondozo|Curse|p1a: Dondozo
|-unboost|p1a: Dondozo|spe|1
|-boost|p1a: Dondozo|atk|1
|-boost|p1a: Dondozo|def|1
|
|-weather|none
|-heal|p1a: Dondozo|100/100|[from] item: Leftovers
|-end|p1a: Dondozo|Encore
|upkeep
|turn|18
|j| Bogatyum
|
|t:|1760799965
|move|p2a: Scream Tail|Encore|p1a: Dondozo
|-start|p1a: Dondozo|Encore
|move|p1a: Dondozo|Curse|p1a: Dondozo
|-unboost|p1a: Dondozo|spe|1
|-boost|p1a: Dondozo|atk|1
|-boost|p1a: Dondozo|def|1
|
|upkeep
|turn|19
|
|t:|1760799968
|-end|p2a: Scream Tail|Protosynthesis|[silent]
|switch|p2a: Kilowattrel|Kilowattrel, M, shiny|6/100
|move|p1a: Dondozo|Curse|p1a: Dondozo
|-unboost|p1a: Dondozo|spe|1
|-boost|p1a: Dondozo|atk|1
|-boost|p1a: Dondozo|def|1
|
|upkeep
|turn|20
|
|t:|1760799976
|-terastallize|p1a: Dondozo|Ground
|move|p2a: Kilowattrel|Thunder|p1a: Dondozo
|-immune|p1a: Dondozo
|move|p1a: Dondozo|Curse|p1a: Dondozo
|
|-end|p1a: Dondozo|Encore
|upkeep
|turn|21
|
|t:|1760799988
|switch|p2a: Pelipper|Pelipper, M, shiny|75/100
|-weather|RainDance|[from] ability: Drizzle|[of] p2a: Pelipper
|move|p1a: Dondozo|Body Press|p2a: Pelipper
|-resisted|p2a: Pelipper
|-crit|p2a: Pelipper
|-damage|p2a: Pelipper|10/100
|
|-weather|RainDance|[upkeep]
|upkeep
|turn|22
|
|t:|1760799995
|move|p2a: Pelipper|Weather Ball|p1a: Dondozo
|-supereffective|p1a: Dondozo
|-damage|p1a: Dondozo|0 fnt
|faint|p1a: Dondozo
|
|-weather|RainDance|[upkeep]
|upkeep
|
|t:|1760800001
|switch|p1a: Whimsicott|Whimsicott, M|19/100
|turn|23
|c| Bogatyum|Hi
|
|t:|1760800007
|move|p1a: Whimsicott|Moonblast|p2a: Pelipper
|-damage|p2a: Pelipper|0 fnt
|faint|p2a: Pelipper
|
|-weather|RainDance|[upkeep]
|-heal|p1a: Whimsicott|25/100|[from] item: Leftovers
|-sideend|p2: sdaasdjkads|Reflect
|upkeep
|
|t:|1760800017
|switch|p2a: Poliwrath|Poliwrath, F|100/100
|turn|24
|
|t:|1760800029
|move|p1a: Whimsicott|Substitute|p1a: Whimsicott
|-fail|p1a: Whimsicott|move: Substitute|[weak]
|move|p2a: Poliwrath|Liquidation|p1a: Whimsicott
|-resisted|p1a: Whimsicott
|-damage|p1a: Whimsicott|0 fnt
|faint|p1a: Whimsicott
|
|-weather|RainDance|[upkeep]
|upkeep
|
|t:|1760800031
|switch|p1a: Gliscor|Gliscor, M|100/100
|turn|25
|
|t:|1760800036
|move|p1a: Gliscor|Protect|p1a: Gliscor
|-singleturn|p1a: Gliscor|Protect
|move|p2a: Poliwrath|Liquidation|p1a: Gliscor
|-activate|p1a: Gliscor|move: Protect
|
|-weather|RainDance|[upkeep]
|-status|p1a: Gliscor|tox|[from] item: Toxic Orb
|upkeep
|turn|26
|
|t:|1760800042
|move|p2a: Poliwrath|Liquidation|p1a: Gliscor
|-supereffective|p1a: Gliscor
|-damage|p1a: Gliscor|21/100 tox
|move|p1a: Gliscor|Toxic|p2a: Poliwrath
|-status|p2a: Poliwrath|tox
|
|-weather|RainDance|[upkeep]
|-damage|p2a: Poliwrath|94/100 tox|[from] psn
|-heal|p1a: Gliscor|33/100 tox|[from] ability: Poison Heal
|upkeep
|turn|27
|
|t:|1760800057
|move|p1a: Gliscor|Protect|p1a: Gliscor
|-singleturn|p1a: Gliscor|Protect
|move|p2a: Poliwrath|Belly Drum|p2a: Poliwrath
|-damage|p2a: Poliwrath|44/100 tox
|-setboost|p2a: Poliwrath|atk|6|[from] move: Belly Drum
|-enditem|p2a: Poliwrath|Sitrus Berry|[eat]
|-heal|p2a: Poliwrath|69/100 tox|[from] item: Sitrus Berry
|
|-weather|RainDance|[upkeep]
|-damage|p2a: Poliwrath|57/100 tox|[from] psn
|-heal|p1a: Gliscor|46/100 tox|[from] ability: Poison Heal
|upkeep
|turn|28
|
|t:|1760800073
|switch|p1a: Corviknight|Corviknight, M|2/100
|move|p2a: Poliwrath|Drain Punch|p1a: Corviknight
|-damage|p1a: Corviknight|0 fnt
|-heal|p2a: Poliwrath|58/100 tox|[from] drain|[of] p1a: Corviknight
|-damage|p2a: Poliwrath|42/100 tox|[from] item: Rocky Helmet|[of] p1a: Corviknight
|faint|p1a: Corviknight
|
|-weather|none
|-damage|p2a: Poliwrath|23/100 tox|[from] psn
|upkeep
|
|t:|1760800081
|switch|p1a: Gliscor|Gliscor, M|46/100 tox
|turn|29
|
|t:|1760800101
|move|p1a: Gliscor|Earthquake|p2a: Poliwrath
|-damage|p2a: Poliwrath|0 fnt
|faint|p2a: Poliwrath
|
|-heal|p1a: Gliscor|58/100 tox|[from] ability: Poison Heal
|upkeep
|
|t:|1760800103
|switch|p2a: Scream Tail|Scream Tail|100/100
|turn|30
|
|t:|1760800108
|move|p1a: Gliscor|Protect|p1a: Gliscor
|-singleturn|p1a: Gliscor|Protect
|move|p2a: Scream Tail|Encore|p1a: Gliscor
|-activate|p1a: Gliscor|move: Protect
|
|-heal|p1a: Gliscor|71/100 tox|[from] ability: Poison Heal
|upkeep
|turn|31
|
|t:|1760800122
|move|p2a: Scream Tail|Encore|p1a: Gliscor
|-start|p1a: Gliscor|Encore
|move|p1a: Gliscor|Protect||[still]
|-fail|p1a: Gliscor
|
|-heal|p1a: Gliscor|83/100 tox|[from] ability: Poison Heal
|upkeep
|turn|32
|
|t:|1760800133
|move|p1a: Gliscor|Protect|p1a: Gliscor
|-singleturn|p1a: Gliscor|Protect
|move|p2a: Scream Tail|Wish|p2a: Scream Tail
|
|-heal|p1a: Gliscor|95/100 tox|[from] ability: Poison Heal
|upkeep
|turn|33
|
|t:|1760800136
|-end|p2a: Scream Tail|Protosynthesis|[silent]
|switch|p2a: Kilowattrel|Kilowattrel, M, shiny|6/100
|move|p1a: Gliscor|Protect||[still]
|-fail|p1a: Gliscor
|
|-heal|p2a: Kilowattrel|72/100|[from] move: Wish|[wisher] Scream Tail
|-heal|p1a: Gliscor|100/100 tox|[from] ability: Poison Heal
|-end|p1a: Gliscor|Encore
|upkeep
|turn|34
|
|t:|1760800157
|switch|p2a: Scream Tail|Scream Tail|100/100
|move|p1a: Gliscor|Toxic|p2a: Scream Tail
|-status|p2a: Scream Tail|tox
|
|-damage|p2a: Scream Tail|94/100 tox|[from] psn
|upkeep
|turn|35
|
|t:|1760800170
|move|p2a: Scream Tail|Wish|p2a: Scream Tail
|move|p1a: Gliscor|Substitute|p1a: Gliscor
|-start|p1a: Gliscor|Substitute
|-damage|p1a: Gliscor|76/100 tox
|
|-damage|p2a: Scream Tail|82/100 tox|[from] psn
|-heal|p1a: Gliscor|88/100 tox|[from] ability: Poison Heal
|upkeep
|turn|36
|
|t:|1760800180
|-end|p2a: Scream Tail|Protosynthesis|[silent]
|switch|p2a: Kilowattrel|Kilowattrel, M, shiny|72/100
|move|p1a: Gliscor|Protect||[still]
|-fail|p1a: Gliscor
|
|-heal|p2a: Kilowattrel|100/100|[from] move: Wish|[wisher] Scream Tail
|-heal|p1a: Gliscor|100/100 tox|[from] ability: Poison Heal
|upkeep
|turn|37
|
|t:|1760800198
|move|p2a: Kilowattrel|Hurricane|p1a: Gliscor|[miss]
|-miss|p2a: Kilowattrel|p1a: Gliscor
|move|p1a: Gliscor|Toxic|p2a: Kilowattrel
|-status|p2a: Kilowattrel|tox
|
|-damage|p2a: Kilowattrel|94/100 tox|[from] psn
|upkeep
|turn|38
|
|t:|1760800209
|move|p2a: Kilowattrel|Hurricane|p1a: Gliscor
|-end|p1a: Gliscor|Substitute
|-damage|p2a: Kilowattrel|85/100 tox|[from] item: Life Orb
|move|p1a: Gliscor|Earthquake|p2a: Kilowattrel
|-immune|p2a: Kilowattrel
|
|-damage|p2a: Kilowattrel|72/100 tox|[from] psn
|upkeep
|turn|39
|
|t:|1760800214
|switch|p2a: Scream Tail|Scream Tail|82/100 tox
|move|p1a: Gliscor|Protect||[still]
|-fail|p1a: Gliscor
|
|-damage|p2a: Scream Tail|76/100 tox|[from] psn
|upkeep
|turn|40
|
|t:|1760800219
|move|p2a: Scream Tail|Encore|p1a: Gliscor
|-start|p1a: Gliscor|Encore
|move|p1a: Gliscor|Protect||[still]
|-fail|p1a: Gliscor
|
|-damage|p2a: Scream Tail|63/100 tox|[from] psn
|upkeep
|turn|41
|
|t:|1760800229
|-end|p2a: Scream Tail|Protosynthesis|[silent]
|switch|p2a: Kilowattrel|Kilowattrel, M, shiny|72/100 tox
|move|p1a: Gliscor|Protect||[still]
|-fail|p1a: Gliscor
|
|-damage|p2a: Kilowattrel|66/100 tox|[from] psn
|upkeep
|turn|42
|
|t:|1760800234
|move|p1a: Gliscor|Protect|p1a: Gliscor
|-singleturn|p1a: Gliscor|Protect
|move|p2a: Kilowattrel|Hurricane|p1a: Gliscor
|-activate|p1a: Gliscor|move: Protect
|
|-damage|p2a: Kilowattrel|54/100 tox|[from] psn
|-end|p1a: Gliscor|Encore
|upkeep
|turn|43
|
|t:|1760800243
|switch|p2a: Scream Tail|Scream Tail|63/100 tox
|move|p1a: Gliscor|Substitute|p1a: Gliscor
|-start|p1a: Gliscor|Substitute
|-damage|p1a: Gliscor|76/100 tox
|
|-damage|p2a: Scream Tail|57/100 tox|[from] psn
|-heal|p1a: Gliscor|88/100 tox|[from] ability: Poison Heal
|upkeep
|turn|44
|
|t:|1760800250
|move|p2a: Scream Tail|Wish|p2a: Scream Tail
|move|p1a: Gliscor|Earthquake|p2a: Scream Tail
|-damage|p2a: Scream Tail|31/100 tox
|
|-damage|p2a: Scream Tail|19/100 tox|[from] psn
|-heal|p1a: Gliscor|100/100 tox|[from] ability: Poison Heal
|upkeep
|turn|45
|
|t:|1760800261
|-end|p2a: Scream Tail|Protosynthesis|[silent]
|switch|p2a: Kilowattrel|Kilowattrel, M, shiny|54/100 tox
|move|p1a: Gliscor|Earthquake|p2a: Kilowattrel
|-immune|p2a: Kilowattrel
|
|-heal|p2a: Kilowattrel|100/100 tox|[from] move: Wish|[wisher] Scream Tail
|-damage|p2a: Kilowattrel|94/100 tox|[from] psn
|upkeep
|turn|46
|
|t:|1760800272
|move|p1a: Gliscor|Protect|p1a: Gliscor
|-singleturn|p1a: Gliscor|Protect
|move|p2a: Kilowattrel|Hurricane|p1a: Gliscor
|-activate|p1a: Gliscor|move: Protect
|
|-damage|p2a: Kilowattrel|82/100 tox|[from] psn
|upkeep
|turn|47
|
|t:|1760800281
|move|p2a: Kilowattrel|Weather Ball|p1a: Gliscor
|-activate|p1a: Gliscor|move: Substitute|[damage]
|-damage|p2a: Kilowattrel|72/100 tox|[from] item: Life Orb
|move|p1a: Gliscor|Earthquake|p2a: Kilowattrel
|-immune|p2a: Kilowattrel
|
|-damage|p2a: Kilowattrel|54/100 tox|[from] psn
|upkeep
|turn|48
|
|t:|1760800294
|switch|p2a: Scream Tail|Scream Tail|19/100 tox
|move|p1a: Gliscor|Earthquake|p2a: Scream Tail
|-damage|p2a: Scream Tail|0 fnt
|faint|p2a: Scream Tail
|-end|p2a: Scream Tail|Protosynthesis|[silent]
|
|upkeep
|
|t:|1760800296
|switch|p2a: Kilowattrel|Kilowattrel, M, shiny|54/100 tox
|turn|49
|inactive|sdaasdjkads has 120 seconds left.
|inactive|sdaasdjkads has 90 seconds left.
|inactive|sdaasdjkads has 60 seconds left.
|inactive|sdaasdjkads has 30 seconds left.
|c| Bogatyum|Gg
|inactive|sdaasdjkads has 20 seconds left.
|inactive|sdaasdjkads has 15 seconds left.
|inactive|sdaasdjkads has 10 seconds left.
|inactive|sdaasdjkads has 5 seconds left.
|-message|sdaasdjkads lost due to inactivity.
|
|win|Marc_Hsiao
|raw|Marc_Hsiao's rating: 1109 &rarr; <strong>1131</strong><br />(+22 for winning)
|raw|sdaasdjkads's rating: 1074 &rarr; <strong>1055</strong><br />(-19 for losing)
|l|☆sdaasdjkads
|player|p2|
