|j|☆OrlandDieg99
|j|☆Dream54301
|t:|1760725758
|gametype|singles
|player|p1|OrlandDieg99|266|1117
|player|p2|Dream54301|lusamine-nihilego|1078
|gen|9
|tier|[Gen 9] OU
|rated|
|rule|HP Percentage Mod: HP is shown in percentages
|rule|Endless Battle Clause: Forcing endless battles is banned
|rule|Species Clause: Limit one of each Pokémon
|rule|OHKO Clause: OHKO moves are banned
|rule|Evasion Items Clause: Evasion items are banned
|rule|Evasion Moves Clause: Evasion moves are banned
|rule|Evasion Abilities Clause: Evasion abilities are banned
|rule|Sleep Moves Clause: Sleep-inducing moves are banned
|clearpoke
|poke|p1|Gliscor, M|
|poke|p1|Blissey, F|
|poke|p1|Skuntank, M|
|poke|p1|Pelipper, F|
|poke|p1|Eelektross, M|
|poke|p1|Clefable, M|
|poke|p2|Lapras, F|
|poke|p2|Rotom-Heat|
|poke|p2|Breloom, M|
|poke|p2|Gliscor, M|
|poke|p2|Mandibuzz, F|
|poke|p2|Magnezone|
|teampreview
|
|t:|1760725777
|teamsize|p1|6
|teamsize|p2|6
|start
|switch|p1a: Gliscor|Gliscor, M|100/100
|switch|p2a: Rotom|Rotom-Heat|100/100
|turn|1
|
|t:|1760725794
|move|p2a: Rotom|Trick|p1a: Gliscor
|-activate|p2a: Rotom|move: Trick|[of] p1a: Gliscor
|-item|p1a: Gliscor|Choice Scarf|[from] move: Trick
|-item|p2a: Rotom|Toxic Orb|[from] move: Trick
|move|p1a: Gliscor|Toxic|p2a: Rotom
|-status|p2a: Rotom|tox
|
|-damage|p2a: Rotom|94/100 tox|[from] psn
|upkeep
|turn|2
|
|t:|1760725819
|switch|p1a: Eelektross|Eelektross, M|100/100
|move|p2a: Rotom|Overheat|p1a: Eelektross
|-damage|p1a: Eelektross|25/100
|-unboost|p2a: Rotom|spa|2
|
|-damage|p2a: Rotom|82/100 tox|[from] psn
|upkeep
|turn|3
|
|t:|1760725835
|move|p2a: Rotom|Trick|p1a: Eelektross
|-activate|p2a: Rotom|move: Trick|[of] p1a: Eelektross
|-item|p1a: Eelektross|Toxic Orb|[from] move: Trick
|-item|p2a: Rotom|Life Orb|[from] move: Trick
|move|p1a: Eelektross|Drain Punch|p2a: Rotom
|-damage|p2a: Rotom|49/100 tox
|-heal|p1a: Eelektross|38/100|[from] drain|[of] p2a: Rotom
|
|-damage|p2a: Rotom|31/100 tox|[from] psn
|-status|p1a: Eelektross|tox|[from] item: Toxic Orb
|upkeep
|turn|4
|
|t:|1760725847
|move|p2a: Rotom|Volt Switch|p1a: Eelektross
|-resisted|p1a: Eelektross
|-damage|p1a: Eelektross|24/100 tox
|-damage|p2a: Rotom|21/100 tox|[from] item: Life Orb
|
|t:|1760725856
|switch|p2a: Gliscor|Gliscor, M|100/100|[from] Volt Switch
|move|p1a: Eelektross|Drain Punch|p2a: Gliscor
|-resisted|p2a: Gliscor
|-damage|p2a: Gliscor|89/100
|-heal|p1a: Eelektross|30/100 tox|[from] drain|[of] p2a: Gliscor
|
|-damage|p1a: Eelektross|24/100 tox|[from] psn
|-status|p2a: Gliscor|tox|[from] item: Toxic Orb
|upkeep
|turn|5
|
|t:|1760725876
|move|p2a: Gliscor|Stealth Rock|p1a: Eelektross
|-sidestart|p1: OrlandDieg99|move: Stealth Rock
|move|p1a: Eelektross|Giga Drain|p2a: Gliscor
|-damage|p2a: Gliscor|64/100 tox
|-heal|p1a: Eelektross|35/100 tox|[from] drain|[of] p2a: Gliscor
|
|-heal|p2a: Gliscor|77/100 tox|[from] ability: Poison Heal
|-damage|p1a: Eelektross|23/100 tox|[from] psn
|upkeep
|turn|6
|
|t:|1760725891
|move|p2a: Gliscor|Facade|p1a: Eelektross
|-damage|p1a: Eelektross|0 fnt
|faint|p1a: Eelektross
|
|-heal|p2a: Gliscor|89/100 tox|[from] ability: Poison Heal
|upkeep
|
|t:|1760725906
|switch|p1a: Pelipper|Pelipper, F|100/100
|-damage|p1a: Pelipper|75/100|[from] Stealth Rock
|-weather|RainDance|[from] ability: Drizzle|[of] p1a: Pelipper
|turn|7
|
|t:|1760725918
|switch|p2a: Lapras|Lapras, F|100/100
|move|p1a: Pelipper|Hurricane|p2a: Lapras
|-damage|p2a: Lapras|67/100
|
|-weather|RainDance|[upkeep]
|-heal|p1a: Pelipper|82/100|[from] item: Leftovers
|-heal|p2a: Lapras|73/100|[from] item: Leftovers
|upkeep
|turn|8
|
|t:|1760725928
|move|p1a: Pelipper|Hurricane|p2a: Lapras
|-damage|p2a: Lapras|43/100
|-start|p2a: Lapras|confusion
|-activate|p2a: Lapras|confusion
|move|p2a: Lapras|Freeze-Dry|p1a: Pelipper
|-supereffective|p1a: Pelipper
|-damage|p1a: Pelipper|0 fnt
|faint|p1a: Pelipper
|
|-weather|RainDance|[upkeep]
|-heal|p2a: Lapras|49/100|[from] item: Leftovers
|upkeep
|
|t:|1760725940
|switch|p1a: Clefable|Clefable, M|100/100
|-damage|p1a: Clefable|88/100|[from] Stealth Rock
|turn|9
|
|t:|1760725952
|move|p1a: Clefable|Flamethrower|p2a: Lapras
|-damage|p2a: Lapras|40/100
|-activate|p2a: Lapras|confusion
|move|p2a: Lapras|Psychic Noise|p1a: Clefable
|-damage|p1a: Clefable|67/100
|-start|p1a: Clefable|move: Heal Block
|
|-weather|RainDance|[upkeep]
|-heal|p2a: Lapras|47/100|[from] item: Leftovers
|upkeep
|turn|10
|
|t:|1760725982
|move|p1a: Clefable|Alluring Voice|p2a: Lapras
|-damage|p2a: Lapras|25/100
|-activate|p2a: Lapras|confusion
|-damage|p2a: Lapras|19/100|[from] confusion
|
|-weather|RainDance|[upkeep]
|-heal|p2a: Lapras|25/100|[from] item: Leftovers
|-end|p1a: Clefable|move: Heal Block
|upkeep
|turn|11
|
|t:|1760726004
|-terastallize|p1a: Clefable|Fairy
|move|p1a: Clefable|Draining Kiss|p2a: Lapras
|-damage|p2a: Lapras|0 fnt
|-heal|p1a: Clefable|92/100|[from] drain|[of] p2a: Lapras
|faint|p2a: Lapras
|
|-weather|none
|-heal|p1a: Clefable|98/100|[from] item: Leftovers
|upkeep
|
|t:|1760726012
|switch|p2a: Magnezone|Magnezone|100/100
|-item|p2a: Magnezone|Air Balloon
|turn|12
|
|t:|1760726028
|move|p1a: Clefable|Flamethrower|p2a: Magnezone
|-supereffective|p2a: Magnezone
|-damage|p2a: Magnezone|52/100
|-enditem|p2a: Magnezone|Air Balloon
|move|p2a: Magnezone|Flash Cannon|p1a: Clefable
|-supereffective|p1a: Clefable
|-damage|p1a: Clefable|26/100
|
|-heal|p1a: Clefable|32/100|[from] item: Leftovers
|upkeep
|turn|13
|
|t:|1760726040
|move|p1a: Clefable|Flamethrower|p2a: Magnezone
|-supereffective|p2a: Magnezone
|-damage|p2a: Magnezone|0 fnt
|faint|p2a: Magnezone
|
|-heal|p1a: Clefable|38/100|[from] item: Leftovers
|upkeep
|
|t:|1760726052
|switch|p2a: Rotom|Rotom-Heat|21/100 tox
|turn|14
|
|t:|1760726058
|move|p2a: Rotom|Overheat|p1a: Clefable|[miss]
|-miss|p2a: Rotom|p1a: Clefable
|move|p1a: Clefable|Draining Kiss|p2a: Rotom
|-resisted|p2a: Rotom
|-damage|p2a: Rotom|0 fnt
|-heal|p1a: Clefable|49/100|[from] drain|[of] p2a: Rotom
|faint|p2a: Rotom
|
|-heal|p1a: Clefable|55/100|[from] item: Leftovers
|upkeep
|
|t:|1760726066
|switch|p2a: Gliscor|Gliscor, M|89/100 tox
|turn|15
|c|☆OrlandDieg99|lol
|
|t:|1760726073
|-terastallize|p2a: Gliscor|Normal
|move|p2a: Gliscor|Facade|p1a: Clefable
|-damage|p1a: Clefable|0 fnt
|faint|p1a: Clefable
|
|-heal|p2a: Gliscor|100/100 tox|[from] ability: Poison Heal
|upkeep
|
|t:|1760726101
|switch|p1a: Gliscor|Gliscor, M|100/100
|-damage|p1a: Gliscor|88/100|[from] Stealth Rock
|turn|16
|
|t:|1760726111
|move|p1a: Gliscor|Earthquake|p2a: Gliscor
|-damage|p2a: Gliscor|66/100 tox
|move|p2a: Gliscor|Facade|p1a: Gliscor
|-damage|p1a: Gliscor|39/100
|
|-heal|p2a: Gliscor|79/100 tox|[from] ability: Poison Heal
|upkeep
|turn|17
|
|t:|1760726120
|move|p1a: Gliscor|Earthquake|p2a: Gliscor
|-damage|p2a: Gliscor|42/100 tox
|move|p2a: Gliscor|Facade|p1a: Gliscor
|-damage|p1a: Gliscor|0 fnt
|faint|p1a: Gliscor
|
|-heal|p2a: Gliscor|54/100 tox|[from] ability: Poison Heal
|upkeep
|
|t:|1760726133
|switch|p1a: Skuntank|Skuntank, M|100/100
|turn|18
|
|t:|1760726140
|move|p2a: Gliscor|Earthquake|p1a: Skuntank
|-supereffective|p1a: Skuntank
|-damage|p1a: Skuntank|4/100
|move|p1a: Skuntank|Body Slam|p2a: Gliscor
|-damage|p2a: Gliscor|31/100 tox
|
|-heal|p2a: Gliscor|43/100 tox|[from] ability: Poison Heal
|upkeep
|turn|19
|
|t:|1760726150
|move|p2a: Gliscor|Facade|p1a: Skuntank
|-damage|p1a: Skuntank|0 fnt
|faint|p1a: Skuntank
|
|-heal|p2a: Gliscor|56/100 tox|[from] ability: Poison Heal
|upkeep
|c|☆Dream54301|gg
|
|t:|1760726157
|switch|p1a: Blissey|Blissey, F|100/100
|-damage|p1a: Blissey|88/100|[from] Stealth Rock
|turn|20
|
|t:|1760726163
|move|p2a: Gliscor|Facade|p1a: Blissey
|-damage|p1a: Blissey|0 fnt
|faint|p1a: Blissey
|
|win|Dream54301
|raw|OrlandDieg99's rating: 1117 &rarr; <strong>1089</strong><br />(-28 for losing)
|raw|Dream54301's rating: 1078 &rarr; <strong>1109</strong><br />(+31 for winning)
