|j|☆one_angry_jew
|j|☆IDKwht
|t:|1760780122
|gametype|singles
|player|p1|one_angry_jew|266|1472
|player|p2|IDKwht|schoolkid|1463
|gen|9
|tier|[Gen 9] OU
|rated|
|rule|HP Percentage Mod: HP is shown in percentages
|rule|Endless Battle Clause: Forcing endless battles is banned
|rule|Species Clause: Limit one of each Pokémon
|rule|OHKO Clause: OHKO moves are banned
|rule|Evasion Items Clause: Evasion items are banned
|rule|Evasion Moves Clause: Evasion moves are banned
|rule|Evasion Abilities Clause: Evasion abilities are banned
|rule|Sleep Moves Clause: Sleep-inducing moves are banned
|clearpoke
|poke|p1|Vaporeon, M|
|poke|p1|Sylveon, M|
|poke|p1|Espeon, M|
|poke|p1|Jolteon, M|
|poke|p1|Glaceon, F|
|poke|p1|Umbreon, F|
|poke|p2|Ogerpon-Wellspring, F|
|poke|p2|Iron Moth|
|poke|p2|Gholdengo|
|poke|p2|Kingambit, M|
|poke|p2|Great Tusk|
|poke|p2|Zapdos|
|teampreview
|inactive|Battle timer is ON: inactive players will automatically lose when time's up. (requested by IDKwht)
|
|t:|1760780140
|teamsize|p1|6
|teamsize|p2|6
|start
|switch|p1a: Glaceon|Glaceon, F|100/100
|switch|p2a: Gholdengo|Gholdengo, shiny|100/100
|turn|1
|c|☆IDKwht|It’s sad bc leafeon is my fav of the evelutions
|inactive|IDKwht has 120 seconds left.
|
|t:|1760780170
|switch|p1a: Jolteon|Jolteon, M|100/100
|move|p2a: Gholdengo|Make It Rain|p1a: Jolteon
|-resisted|p1a: Jolteon
|-damage|p1a: Jolteon|62/100
|-unboost|p2a: Gholdengo|spa|1
|
|upkeep
|turn|2
|j| unregisteredmono
|inactive|one_angry_jew has 120 seconds left.
|c|☆one_angry_jew|i changed it because leafeon can't do anything to kingambit nor gouging fire nore iron moth so i replaced it ):
|
|t:|1760780220
|switch|p2a: Great Tusk|Great Tusk, shiny|100/100
|move|p1a: Jolteon|Alluring Voice|p2a: Great Tusk
|-supereffective|p2a: Great Tusk
|-damage|p2a: Great Tusk|38/100
|
|upkeep
|turn|3
|
|t:|1760780229
|-terastallize|p2a: Great Tusk|Steel
|move|p1a: Jolteon|Alluring Voice|p2a: Great Tusk
|-resisted|p2a: Great Tusk
|-damage|p2a: Great Tusk|22/100
|move|p2a: Great Tusk|Headlong Rush|p1a: Jolteon
|-supereffective|p1a: Jolteon
|-damage|p1a: Jolteon|0 fnt
|-unboost|p2a: Great Tusk|def|1
|-unboost|p2a: Great Tusk|spd|1
|faint|p1a: Jolteon
|
|upkeep
|
|t:|1760780234
|switch|p1a: Umbreon|Umbreon, F|100/100
|turn|4
|
|t:|1760780236
|move|p2a: Great Tusk|Close Combat|p1a: Umbreon
|-supereffective|p1a: Umbreon
|-damage|p1a: Umbreon|26/100
|-unboost|p2a: Great Tusk|def|1
|-unboost|p2a: Great Tusk|spd|1
|move|p1a: Umbreon|Foul Play|p2a: Great Tusk
|-damage|p2a: Great Tusk|0 fnt
|faint|p2a: Great Tusk
|-end|p2a: Great Tusk|Protosynthesis|[silent]
|
|-heal|p1a: Umbreon|32/100|[from] item: Leftovers
|upkeep
|
|t:|1760780245
|switch|p2a: Iron Moth|Iron Moth|100/100
|-enditem|p2a: Iron Moth|Booster Energy
|-activate|p2a: Iron Moth|ability: Quark Drive|[fromitem]
|-start|p2a: Iron Moth|quarkdrivespa
|turn|5
|
|t:|1760780249
|move|p1a: Umbreon|Protect|p1a: Umbreon
|-singleturn|p1a: Umbreon|Protect
|move|p2a: Iron Moth|Fiery Dance|p1a: Umbreon
|-activate|p1a: Umbreon|move: Protect
|
|-heal|p1a: Umbreon|38/100|[from] item: Leftovers
|upkeep
|turn|6
|
|t:|1760780258
|switch|p1a: Sylveon|Sylveon, M|100/100
|move|p2a: Iron Moth|Fiery Dance|p1a: Sylveon
|-damage|p1a: Sylveon|74/100
|-boost|p2a: Iron Moth|spa|1
|
|upkeep
|turn|7
|
|t:|1760780261
|move|p2a: Iron Moth|Sludge Wave|p1a: Sylveon
|-supereffective|p1a: Sylveon
|-damage|p1a: Sylveon|0 fnt
|faint|p1a: Sylveon
|
|upkeep
|
|t:|1760780268
|switch|p1a: Espeon|Espeon, M|100/100
|turn|8
|
|t:|1760780270
|move|p1a: Espeon|Psychic|p2a: Iron Moth
|-supereffective|p2a: Iron Moth
|-damage|p2a: Iron Moth|0 fnt
|faint|p2a: Iron Moth
|-end|p2a: Iron Moth|Quark Drive|[silent]
|
|upkeep
|
|t:|1760780275
|switch|p2a: Kingambit|Kingambit, M|100/100
|-activate|p2a: Kingambit|ability: Supreme Overlord
|-start|p2a: Kingambit|fallen2|[silent]
|-item|p2a: Kingambit|Air Balloon
|turn|9
|
|t:|1760780283
|switch|p1a: Umbreon|Umbreon, F|38/100
|move|p2a: Kingambit|Swords Dance|p2a: Kingambit
|-boost|p2a: Kingambit|atk|2
|
|-heal|p1a: Umbreon|44/100|[from] item: Leftovers
|upkeep
|turn|10
|
|t:|1760780289
|move|p1a: Umbreon|Wish|p1a: Umbreon
|move|p2a: Kingambit|Low Kick|p1a: Umbreon
|-supereffective|p1a: Umbreon
|-damage|p1a: Umbreon|0 fnt
|faint|p1a: Umbreon
|
|upkeep
|
|t:|1760780295
|switch|p1a: Vaporeon|Vaporeon, M|100/100
|turn|11
|
|t:|1760780299
|-terastallize|p1a: Vaporeon|Ground
|move|p2a: Kingambit|Sucker Punch|p1a: Vaporeon
|-crit|p1a: Vaporeon
|-damage|p1a: Vaporeon|0 fnt
|faint|p1a: Vaporeon
|
|upkeep
|c|☆one_angry_jew|and it's still way to strong for me ):
|c|☆one_angry_jew|ggs
|-message|one_angry_jew forfeited.
|
|win|IDKwht
|raw|one_angry_jew's rating: 1472 &rarr; <strong>1451</strong><br />(-21 for losing)
|raw|IDKwht's rating: 1463 &rarr; <strong>1484</strong><br />(+21 for winning)
|l|☆one_angry_jew
|player|p1|
|c|☆IDKwht|Just run Tera fighting leafeon
|l|☆IDKwht
|player|p2|
|l| unregisteredmono
