|j|☆le limier
|j|☆Princessjosie1001!
|t:|1760887117
|gametype|singles
|player|p1|le limier|ghetsis|1419
|player|p2|Princessjosie1001!|nurse|1355
|gen|9
|tier|[Gen 9] OU
|rated|
|rule|HP Percentage Mod: HP is shown in percentages
|rule|Endless Battle Clause: Forcing endless battles is banned
|rule|Species Clause: Limit one of each Pokémon
|rule|OHKO Clause: OHKO moves are banned
|rule|Evasion Items Clause: Evasion items are banned
|rule|Evasion Moves Clause: Evasion moves are banned
|rule|Evasion Abilities Clause: Evasion abilities are banned
|rule|Sleep Moves Clause: Sleep-inducing moves are banned
|clearpoke
|poke|p1|Iron Treads|
|poke|p1|Iron Valiant|
|poke|p1|Rillaboom, F|
|poke|p1|Iron Moth|
|poke|p1|Zamazenta-*|
|poke|p1|Kyurem|
|poke|p2|Yanmega, M|
|poke|p2|Cloyster, F|
|poke|p2|Salazzle, F|
|poke|p2|Espeon, M|
|poke|p2|Jirachi|
|poke|p2|Maushold-Four|
|teampreview
|inactive|Battle timer is ON: inactive players will automatically lose when time's up. (requested by le limier)
|
|t:|1760887123
|teamsize|p1|6
|teamsize|p2|6
|start
|switch|p1a: Iron Treads|Iron Treads|100/100
|switch|p2a: Jirachi|Jirachi|100/100
|-enditem|p1a: Iron Treads|Booster Energy
|-activate|p1a: Iron Treads|ability: Quark Drive|[fromitem]
|-start|p1a: Iron Treads|quarkdrivespe
|turn|1
|
|t:|1760887131
|switch|p2a: No hazard allowed|Espeon, M|100/100
|move|p1a: Iron Treads|Stealth Rock|p2a: No hazard allowed
|move|p2a: No hazard allowed|Stealth Rock|p1a: Iron Treads|[from] ability: Magic Bounce
|-sidestart|p1: le limier|move: Stealth Rock
|
|upkeep
|turn|2
|
|t:|1760887137
|move|p1a: Iron Treads|Rapid Spin|p2a: No hazard allowed
|-damage|p2a: No hazard allowed|77/100
|-boost|p1a: Iron Treads|spe|1
|-sideend|p1: le limier|Stealth Rock|[from] move: Rapid Spin|[of] p1a: Iron Treads
|move|p2a: No hazard allowed|Trick|p1a: Iron Treads
|-activate|p2a: No hazard allowed|move: Trick|[of] p1a: Iron Treads
|-item|p1a: Iron Treads|Choice Scarf|[from] move: Trick
|-enditem|p2a: No hazard allowed|Choice Scarf|[silent]|[from] move: Trick
|
|upkeep
|turn|3
|
|t:|1760887147
|move|p1a: Iron Treads|Earth Power|p2a: No hazard allowed
|-damage|p2a: No hazard allowed|36/100
|move|p2a: No hazard allowed|Thunder Wave|p1a: Iron Treads
|-immune|p1a: Iron Treads
|
|upkeep
|turn|4
|
|t:|1760887157
|-end|p1a: Iron Treads|Quark Drive|[silent]
|switch|p1a: Iron Moth|Iron Moth|100/100
|-enditem|p1a: Iron Moth|Booster Energy
|-activate|p1a: Iron Moth|ability: Quark Drive|[fromitem]
|-start|p1a: Iron Moth|quarkdrivespe
|switch|p2a: Yanmega|Yanmega, M|100/100
|
|upkeep
|turn|5
|
|t:|1760887165
|switch|p2a: No hazard allowed|Espeon, M|36/100
|move|p1a: Iron Moth|Fiery Dance|p2a: No hazard allowed
|-damage|p2a: No hazard allowed|0 fnt
|faint|p2a: No hazard allowed
|
|upkeep
|
|t:|1760887174
|switch|p2a: Maushold|Maushold-Four|100/100
|turn|6
|
|t:|1760887178
|move|p1a: Iron Moth|Fiery Dance|p2a: Maushold
|-damage|p2a: Maushold|39/100
|move|p2a: Maushold|Population Bomb|p1a: Iron Moth
|-damage|p1a: Iron Moth|82/100
|-damage|p1a: Iron Moth|64/100
|-damage|p1a: Iron Moth|47/100
|-damage|p1a: Iron Moth|30/100
|-damage|p1a: Iron Moth|11/100
|-damage|p1a: Iron Moth|0 fnt
|faint|p1a: Iron Moth
|-end|p1a: Iron Moth|Quark Drive|[silent]
|-hitcount|p1: Iron Moth|6
|
|upkeep
|
|t:|1760887193
|switch|p1a: Iron Treads|Iron Treads|100/100
|turn|7
|
|t:|1760887197
|move|p1a: Iron Treads|Steel Beam|p2a: Maushold
|-damage|p2a: Maushold|0 fnt
|-damage|p1a: Iron Treads|50/100|[from] steelbeam
|faint|p2a: Maushold
|
|upkeep
|
|t:|1760887203
|switch|p2a: Yanmega|Yanmega, M|100/100
|turn|8
|
|t:|1760887207
|-end|p1a: Iron Treads|Quark Drive|[silent]
|switch|p1a: Zamazenta|Zamazenta|100/100
|-ability|p1a: Zamazenta|Dauntless Shield|boost
|-boost|p1a: Zamazenta|def|1
|move|p2a: Yanmega|Protect||[still]
|-fail|p2a: Yanmega
|
|-ability|p2a: Yanmega|Speed Boost|boost
|-boost|p2a: Yanmega|spe|1
|upkeep
|turn|9
|
|t:|1760887215
|move|p2a: Yanmega|Air Slash|p1a: Zamazenta
|-supereffective|p1a: Zamazenta
|-damage|p1a: Zamazenta|7/100
|-damage|p2a: Yanmega|91/100|[from] item: Life Orb
|move|p1a: Zamazenta|Stone Edge|p2a: Yanmega
|-supereffective|p2a: Yanmega
|-damage|p2a: Yanmega|0 fnt
|faint|p2a: Yanmega
|
|upkeep
|
|t:|1760887223
|switch|p2a: Jirachi|Jirachi|100/100
|turn|10
|
|t:|1760887226
|move|p2a: Jirachi|Body Slam|p1a: Zamazenta
|-damage|p1a: Zamazenta|0 fnt
|faint|p1a: Zamazenta
|
|upkeep
|
|t:|1760887232
|switch|p1a: Iron Treads|Iron Treads|50/100
|turn|11
|
|t:|1760887238
|move|p1a: Iron Treads|Earth Power|p2a: Jirachi
|-supereffective|p2a: Jirachi
|-damage|p2a: Jirachi|42/100
|move|p2a: Jirachi|Body Slam|p1a: Iron Treads
|-resisted|p1a: Iron Treads
|-damage|p1a: Iron Treads|38/100
|-status|p1a: Iron Treads|par
|
|upkeep
|turn|12
|
|t:|1760887246
|move|p2a: Jirachi|Body Slam|p1a: Iron Treads
|-resisted|p1a: Iron Treads
|-damage|p1a: Iron Treads|26/100 par
|move|p1a: Iron Treads|Earth Power|p2a: Jirachi
|-supereffective|p2a: Jirachi
|-damage|p2a: Jirachi|0 fnt
|faint|p2a: Jirachi
|
|upkeep
|
|t:|1760887255
|switch|p2a: Cloyster|Cloyster, F|100/100
|turn|13
|
|t:|1760887258
|-end|p1a: Iron Treads|Quark Drive|[silent]
|switch|p1a: Rillaboom|Rillaboom, F|100/100
|-fieldstart|move: Grassy Terrain|[from] ability: Grassy Surge|[of] p1a: Rillaboom
|move|p2a: Cloyster|Shell Smash|p2a: Cloyster
|-unboost|p2a: Cloyster|def|1
|-unboost|p2a: Cloyster|spd|1
|-boost|p2a: Cloyster|atk|2
|-boost|p2a: Cloyster|spa|2
|-boost|p2a: Cloyster|spe|2
|
|upkeep
|turn|14
|
|t:|1760887268
|-terastallize|p1a: Rillaboom|Grass
|move|p1a: Rillaboom|Grassy Glide|p2a: Cloyster
|-supereffective|p2a: Cloyster
|-enditem|p2a: Cloyster|Focus Sash
|-damage|p2a: Cloyster|1/100
|move|p2a: Cloyster|Shell Smash|p2a: Cloyster
|-unboost|p2a: Cloyster|def|1
|-unboost|p2a: Cloyster|spd|1
|-boost|p2a: Cloyster|atk|2
|-boost|p2a: Cloyster|spa|2
|-boost|p2a: Cloyster|spe|2
|
|-heal|p2a: Cloyster|7/100|[from] Grassy Terrain
|upkeep
|turn|15
|
|t:|1760887281
|-terastallize|p2a: Cloyster|Ice
|move|p2a: Cloyster|Ice Shard|p1a: Rillaboom
|-supereffective|p1a: Rillaboom
|-damage|p1a: Rillaboom|0 fnt
|faint|p1a: Rillaboom
|
|-heal|p2a: Cloyster|13/100|[from] Grassy Terrain
|upkeep
|
|t:|1760887295
|switch|p1a: Iron Valiant|Iron Valiant|100/100
|-enditem|p1a: Iron Valiant|Booster Energy
|-activate|p1a: Iron Valiant|ability: Quark Drive|[fromitem]
|-start|p1a: Iron Valiant|quarkdrivespe
|turn|16
|
|t:|1760887300
|move|p2a: Cloyster|Icicle Spear|p1a: Iron Valiant
|-damage|p1a: Iron Valiant|35/100
|-damage|p1a: Iron Valiant|0 fnt
|faint|p1a: Iron Valiant
|-end|p1a: Iron Valiant|Quark Drive|[silent]
|-hitcount|p1: Iron Valiant|2
|
|-heal|p2a: Cloyster|20/100|[from] Grassy Terrain
|upkeep
|
|t:|1760887310
|switch|p1a: Iron Treads|Iron Treads|26/100 par
|turn|17
|
|t:|1760887314
|move|p2a: Cloyster|Icicle Spear|p1a: Iron Treads
|-damage|p1a: Iron Treads|0 fnt
|faint|p1a: Iron Treads
|-end|p1a: Iron Treads|Quark Drive|[silent]
|-hitcount|p1: Iron Treads|1
|
|-heal|p2a: Cloyster|26/100|[from] Grassy Terrain
|-fieldend|move: Grassy Terrain
|upkeep
|
|t:|1760887320
|switch|p1a: Kyurem|Kyurem|100/100
|-ability|p1a: Kyurem|Pressure
|turn|18
|
|t:|1760887329
|move|p2a: Cloyster|Icicle Spear|p1a: Kyurem
|-damage|p1a: Kyurem|60/100
|-damage|p1a: Kyurem|12/100
|-damage|p1a: Kyurem|0 fnt
|faint|p1a: Kyurem
|-hitcount|p1: Kyurem|3
|
|win|Princessjosie1001!
|raw|le limier's rating: 1419 &rarr; <strong>1395</strong><br />(-24 for losing)
|raw|Princessjosie1001!'s rating: 1355 &rarr; <strong>1379</strong><br />(+24 for winning)
|l|☆le limier
|player|p1|
|l|☆Princessjosie1001!
|player|p2|
