|j|☆gentai_kiajo_g
|j|☆Ibeatshofu
|t:|1760847602
|gametype|singles
|player|p1|gentai_kiajo_g|drayden|1201
|player|p2|Ibeatshofu|101|1212
|gen|9
|tier|[Gen 9] OU
|rated|
|rule|HP Percentage Mod: HP is shown in percentages
|rule|Endless Battle Clause: Forcing endless battles is banned
|rule|Species Clause: Limit one of each Pokémon
|rule|OHKO Clause: OHKO moves are banned
|rule|Evasion Items Clause: Evasion items are banned
|rule|Evasion Moves Clause: Evasion moves are banned
|rule|Evasion Abilities Clause: Evasion abilities are banned
|rule|Sleep Moves Clause: Sleep-inducing moves are banned
|clearpoke
|poke|p1|Manaphy|
|poke|p1|Metagross|
|poke|p1|Galvantula, F|
|poke|p1|Haxorus, F|
|poke|p1|Toxapex, M|
|poke|p1|Meowscarada, M|
|poke|p2|Gliscor, M|
|poke|p2|Enamorus, F|
|poke|p2|Kingambit, F|
|poke|p2|Walking Wake|
|poke|p2|Torkoal, M|
|poke|p2|Rillaboom, F|
|teampreview
|inactive|Battle timer is ON: inactive players will automatically lose when time's up. (requested by gentai_kiajo_g)
|
|t:|1760847614
|teamsize|p1|6
|teamsize|p2|6
|start
|switch|p1a: Haxorus|Haxorus, F, shiny|100/100
|switch|p2a: Torkoal|Torkoal, M, shiny|100/100
|-ability|p1a: Haxorus|Mold Breaker
|-weather|SunnyDay|[from] ability: Drought|[of] p2a: Torkoal
|turn|1
|
|t:|1760847619
|move|p1a: Haxorus|Dragon Dance|p1a: Haxorus
|-boost|p1a: Haxorus|atk|1
|-boost|p1a: Haxorus|spe|1
|move|p2a: Torkoal|Stealth Rock|p1a: Haxorus
|-sidestart|p1: gentai_kiajo_g|move: Stealth Rock
|
|-weather|SunnyDay|[upkeep]
|upkeep
|turn|2
|
|t:|1760847627
|move|p1a: Haxorus|Dragon Dance|p1a: Haxorus
|-boost|p1a: Haxorus|atk|1
|-boost|p1a: Haxorus|spe|1
|move|p2a: Torkoal|Flare Blitz|p1a: Haxorus
|-resisted|p1a: Haxorus
|-damage|p1a: Haxorus|55/100
|-damage|p2a: Torkoal|88/100|[from] Recoil
|
|-weather|SunnyDay|[upkeep]
|upkeep
|turn|3
|
|t:|1760847633
|move|p1a: Haxorus|Earthquake|p2a: Torkoal
|-supereffective|p2a: Torkoal
|-damage|p2a: Torkoal|0 fnt
|faint|p2a: Torkoal
|
|-weather|SunnyDay|[upkeep]
|upkeep
|
|t:|1760847647
|switch|p2a: Enamorus|Enamorus, F, shiny|100/100
|turn|4
|
|t:|1760847665
|switch|p1a: Toxapex|Toxapex, M, shiny|100/100
|-damage|p1a: Toxapex|88/100|[from] Stealth Rock
|-terastallize|p2a: Enamorus|Stellar
|move|p2a: Enamorus|Tera Blast|p1a: Toxapex|[anim] Tera Blast Stellar
|-damage|p1a: Toxapex|55/100
|-boost|p2a: Enamorus|atk|1
|-boost|p2a: Enamorus|spa|1
|
|-weather|SunnyDay|[upkeep]
|-heal|p1a: Toxapex|61/100|[from] item: Black Sludge
|upkeep
|turn|5
|
|t:|1760847673
|move|p2a: Enamorus|Psychic|p1a: Toxapex
|-supereffective|p1a: Toxapex
|-damage|p1a: Toxapex|0 fnt
|faint|p1a: Toxapex
|
|-weather|SunnyDay|[upkeep]
|upkeep
|
|t:|1760847683
|switch|p1a: Metagross|Metagross, shiny|100/100
|-damage|p1a: Metagross|94/100|[from] Stealth Rock
|turn|6
|
|t:|1760847693
|move|p2a: Enamorus|Tera Blast|p1a: Metagross|[anim] Tera Blast Stellar
|-damage|p1a: Metagross|35/100
|-boost|p2a: Enamorus|atk|1
|-boost|p2a: Enamorus|spa|1
|move|p1a: Metagross|Agility|p1a: Metagross
|-boost|p1a: Metagross|spe|2
|
|-weather|SunnyDay|[upkeep]
|upkeep
|turn|7
|
|t:|1760847709
|move|p1a: Metagross|Heavy Slam|p2a: Enamorus
|-supereffective|p2a: Enamorus
|-damage|p2a: Enamorus|0 fnt
|faint|p2a: Enamorus
|
|-weather|SunnyDay|[upkeep]
|upkeep
|
|t:|1760847713
|switch|p2a: Gliscor|Gliscor, M, shiny|100/100
|turn|8
|
|t:|1760847718
|move|p1a: Metagross|Psychic Fangs|p2a: Gliscor
|-damage|p2a: Gliscor|55/100
|move|p2a: Gliscor|Agility|p2a: Gliscor
|-boost|p2a: Gliscor|spe|2
|
|-weather|none
|-status|p2a: Gliscor|tox|[from] item: Toxic Orb
|upkeep
|turn|9
|
|t:|1760847724
|move|p2a: Gliscor|Swords Dance|p2a: Gliscor
|-boost|p2a: Gliscor|atk|2
|move|p1a: Metagross|Psychic Fangs|p2a: Gliscor
|-damage|p2a: Gliscor|2/100 tox
|
|-heal|p2a: Gliscor|15/100 tox|[from] ability: Poison Heal
|upkeep
|turn|10
|
|t:|1760847732
|move|p2a: Gliscor|Earthquake|p1a: Metagross
|-supereffective|p1a: Metagross
|-damage|p1a: Metagross|0 fnt
|faint|p1a: Metagross
|
|-heal|p2a: Gliscor|27/100 tox|[from] ability: Poison Heal
|upkeep
|
|t:|1760847740
|switch|p1a: Manaphy|Manaphy, shiny|100/100
|-damage|p1a: Manaphy|88/100|[from] Stealth Rock
|turn|11
|
|t:|1760847745
|move|p2a: Gliscor|Facade|p1a: Manaphy
|-damage|p1a: Manaphy|8/100
|move|p1a: Manaphy|Surf|p2a: Gliscor
|-supereffective|p2a: Gliscor
|-damage|p2a: Gliscor|0 fnt
|faint|p2a: Gliscor
|
|-heal|p1a: Manaphy|14/100|[from] item: Leftovers
|upkeep
|
|t:|1760847750
|switch|p2a: Rillaboom|Rillaboom, F, shiny|100/100
|-fieldstart|move: Grassy Terrain|[from] ability: Grassy Surge|[of] p2a: Rillaboom
|turn|12
|
|t:|1760847754
|move|p2a: Rillaboom|Fake Out|p1a: Manaphy
|-damage|p1a: Manaphy|0 fnt
|faint|p1a: Manaphy
|-damage|p2a: Rillaboom|91/100|[from] item: Life Orb
|
|-heal|p2a: Rillaboom|97/100|[from] Grassy Terrain
|upkeep
|
|t:|1760847757
|switch|p1a: Galvantula|Galvantula, F, shiny|100/100
|-damage|p1a: Galvantula|76/100|[from] Stealth Rock
|turn|13
|
|t:|1760847766
|switch|p2a: Kingambit|Kingambit, F, shiny|100/100
|-activate|p2a: Kingambit|ability: Supreme Overlord
|-start|p2a: Kingambit|fallen3|[silent]
|move|p1a: Galvantula|Bug Buzz|p2a: Kingambit
|-damage|p2a: Kingambit|64/100
|
|-heal|p1a: Galvantula|82/100|[from] Grassy Terrain
|-heal|p2a: Kingambit|70/100|[from] Grassy Terrain
|upkeep
|turn|14
|
|t:|1760847774
|move|p1a: Galvantula|Thunder|p2a: Kingambit
|-damage|p2a: Kingambit|23/100
|move|p2a: Kingambit|Swords Dance|p2a: Kingambit
|-boost|p2a: Kingambit|atk|2
|
|-heal|p1a: Galvantula|88/100|[from] Grassy Terrain
|-heal|p2a: Kingambit|29/100|[from] Grassy Terrain
|upkeep
|turn|15
|
|t:|1760847779
|move|p2a: Kingambit|Sucker Punch|p1a: Galvantula
|-damage|p1a: Galvantula|0 fnt
|faint|p1a: Galvantula
|
|-heal|p2a: Kingambit|35/100|[from] Grassy Terrain
|upkeep
|
|t:|1760847783
|switch|p1a: Meowscarada|Meowscarada, M|100/100
|-damage|p1a: Meowscarada|88/100|[from] Stealth Rock
|turn|16
|
|t:|1760847792
|move|p1a: Meowscarada|U-turn|p2a: Kingambit
|-start|p1a: Meowscarada|typechange|Bug|[from] ability: Protean
|-crit|p2a: Kingambit
|-damage|p2a: Kingambit|1/100
|
|t:|1760847796
|switch|p1a: Haxorus|Haxorus, F, shiny|55/100|[from] U-turn
|-damage|p1a: Haxorus|43/100|[from] Stealth Rock
|-ability|p1a: Haxorus|Mold Breaker
|move|p2a: Kingambit|Kowtow Cleave|p1a: Haxorus
|-damage|p1a: Haxorus|0 fnt
|faint|p1a: Haxorus
|
|-heal|p2a: Kingambit|8/100|[from] Grassy Terrain
|-fieldend|move: Grassy Terrain
|upkeep
|
|t:|1760847798
|switch|p1a: Meowscarada|Meowscarada, M|88/100
|-damage|p1a: Meowscarada|76/100|[from] Stealth Rock
|turn|17
|-message|gentai_kiajo_g forfeited.
|
|win|Ibeatshofu
|raw|gentai_kiajo_g's rating: 1201 &rarr; <strong>1177</strong><br />(-24 for losing)
|raw|Ibeatshofu's rating: 1212 &rarr; <strong>1236</strong><br />(+24 for winning)
|l|☆gentai_kiajo_g
|player|p1|
|l|☆Ibeatshofu
|player|p2|
