|j|☆Splattymac
|j|☆levi6969
|t:|1760742835
|gametype|singles
|player|p1|Splattymac|lance|1180
|player|p2|levi6969|102|1219
|gen|9
|tier|[Gen 9] OU
|rated|
|rule|HP Percentage Mod: HP is shown in percentages
|rule|Endless Battle Clause: Forcing endless battles is banned
|rule|Species Clause: Limit one of each Pokémon
|rule|OHKO Clause: OHKO moves are banned
|rule|Evasion Items Clause: Evasion items are banned
|rule|Evasion Moves Clause: Evasion moves are banned
|rule|Evasion Abilities Clause: Evasion abilities are banned
|rule|Sleep Moves Clause: Sleep-inducing moves are banned
|clearpoke
|poke|p1|Great Tusk|
|poke|p1|Hatterene, F|
|poke|p1|Raging Bolt|
|poke|p1|Clawitzer, M|
|poke|p1|Pecharunt|
|poke|p1|Corviknight, M|
|poke|p2|Avalugg-Hisui, F|
|poke|p2|Sandy Shocks|
|poke|p2|Samurott-Hisui, F|
|poke|p2|Iron Crown|
|poke|p2|Enamorus, F|
|poke|p2|Amoonguss, F|
|teampreview
|
|t:|1760742841
|teamsize|p1|6
|teamsize|p2|6
|start
|switch|p1a: Clawitzer|Clawitzer, M|100/100
|switch|p2a: Sandy Shocks|Sandy Shocks, shiny|100/100
|turn|1
|inactive|Battle timer is ON: inactive players will automatically lose when time's up. (requested by levi6969)
|
|t:|1760742857
|switch|p1a: Corviknight|Corviknight, M|100/100
|-ability|p1a: Corviknight|Pressure
|move|p2a: Sandy Shocks|Discharge|p1a: Corviknight
|-supereffective|p1a: Corviknight
|-damage|p1a: Corviknight|40/100
|
|upkeep
|turn|2
|
|t:|1760742870
|switch|p1a: Great Tusk|Great Tusk|100/100
|move|p2a: Sandy Shocks|Discharge|p1a: Great Tusk
|-immune|p1a: Great Tusk
|
|upkeep
|turn|3
|
|t:|1760742878
|-end|p2a: Sandy Shocks|Protosynthesis|[silent]
|switch|p2a: Amoonguss|Amoonguss, F|100/100
|move|p1a: Great Tusk|Knock Off|p2a: Amoonguss
|-damage|p2a: Amoonguss|78/100
|-damage|p1a: Great Tusk|84/100|[from] item: Rocky Helmet|[of] p2a: Amoonguss
|-enditem|p2a: Amoonguss|Rocky Helmet|[from] move: Knock Off|[of] p1a: Great Tusk
|
|upkeep
|turn|4
|
|t:|1760742893
|switch|p2a: Sandy Shocks|Sandy Shocks, shiny|100/100
|move|p1a: Great Tusk|Headlong Rush|p2a: Sandy Shocks
|-supereffective|p2a: Sandy Shocks
|-damage|p2a: Sandy Shocks|0 fnt
|-unboost|p1a: Great Tusk|def|1
|-unboost|p1a: Great Tusk|spd|1
|faint|p2a: Sandy Shocks
|-end|p2a: Sandy Shocks|Protosynthesis|[silent]
|
|upkeep
|
|t:|1760742897
|switch|p2a: Avalugg|Avalugg-Hisui, F, shiny|100/100
|turn|5
|
|t:|1760742907
|move|p1a: Great Tusk|Headlong Rush|p2a: Avalugg
|-supereffective|p2a: Avalugg
|-damage|p2a: Avalugg|41/100
|-unboost|p1a: Great Tusk|def|1
|-unboost|p1a: Great Tusk|spd|1
|move|p2a: Avalugg|Mountain Gale|p1a: Great Tusk
|-supereffective|p1a: Great Tusk
|-damage|p1a: Great Tusk|0 fnt
|faint|p1a: Great Tusk
|-end|p1a: Great Tusk|Protosynthesis|[silent]
|
|upkeep
|
|t:|1760742920
|switch|p1a: Clawitzer|Clawitzer, M|100/100
|turn|6
|
|t:|1760742935
|move|p1a: Clawitzer|Dragon Pulse|p2a: Avalugg
|-damage|p2a: Avalugg|0 fnt
|faint|p2a: Avalugg
|
|upkeep
|
|t:|1760742940
|switch|p2a: Iron Crown|Iron Crown|100/100
|turn|7
|
|t:|1760742957
|switch|p1a: Raging Bolt|Raging Bolt|100/100
|-enditem|p1a: Raging Bolt|Booster Energy
|-activate|p1a: Raging Bolt|ability: Protosynthesis|[fromitem]
|-start|p1a: Raging Bolt|protosynthesisspa
|move|p2a: Iron Crown|Volt Switch|p1a: Raging Bolt
|-resisted|p1a: Raging Bolt
|-damage|p1a: Raging Bolt|93/100
|
|t:|1760742963
|-end|p2a: Iron Crown|Quark Drive|[silent]
|switch|p2a: Enamorus|Enamorus, F|100/100|[from] Volt Switch
|
|upkeep
|turn|8
|
|t:|1760742969
|move|p2a: Enamorus|Substitute|p2a: Enamorus
|-start|p2a: Enamorus|Substitute
|-damage|p2a: Enamorus|76/100
|move|p1a: Raging Bolt|Calm Mind|p1a: Raging Bolt
|-boost|p1a: Raging Bolt|spa|1
|-boost|p1a: Raging Bolt|spd|1
|
|-heal|p2a: Enamorus|82/100|[from] item: Leftovers
|upkeep
|turn|9
|
|t:|1760742982
|move|p2a: Enamorus|Calm Mind|p2a: Enamorus
|-boost|p2a: Enamorus|spa|1
|-boost|p2a: Enamorus|spd|1
|move|p1a: Raging Bolt|Dragon Pulse|p2a: Enamorus
|-immune|p2a: Enamorus
|
|-heal|p2a: Enamorus|88/100|[from] item: Leftovers
|upkeep
|turn|10
|
|t:|1760742991
|move|p2a: Enamorus|Calm Mind|p2a: Enamorus
|-boost|p2a: Enamorus|spa|1
|-boost|p2a: Enamorus|spd|1
|move|p1a: Raging Bolt|Thunderbolt|p2a: Enamorus
|-supereffective|p2a: Enamorus
|-end|p2a: Enamorus|Substitute
|
|-heal|p2a: Enamorus|94/100|[from] item: Leftovers
|upkeep
|turn|11
|
|t:|1760743001
|move|p2a: Enamorus|Substitute|p2a: Enamorus
|-start|p2a: Enamorus|Substitute
|-damage|p2a: Enamorus|69/100
|move|p1a: Raging Bolt|Thunderbolt|p2a: Enamorus
|-supereffective|p2a: Enamorus
|-end|p2a: Enamorus|Substitute
|
|-heal|p2a: Enamorus|76/100|[from] item: Leftovers
|upkeep
|turn|12
|
|t:|1760743010
|-terastallize|p2a: Enamorus|Ground
|move|p2a: Enamorus|Substitute|p2a: Enamorus
|-start|p2a: Enamorus|Substitute
|-damage|p2a: Enamorus|51/100
|move|p1a: Raging Bolt|Thunderbolt|p2a: Enamorus
|-immune|p2a: Enamorus
|
|-heal|p2a: Enamorus|57/100|[from] item: Leftovers
|upkeep
|turn|13
|
|t:|1760743019
|move|p2a: Enamorus|Earth Power|p1a: Raging Bolt
|-supereffective|p1a: Raging Bolt
|-damage|p1a: Raging Bolt|0 fnt
|faint|p1a: Raging Bolt
|-end|p1a: Raging Bolt|Protosynthesis|[silent]
|
|-heal|p2a: Enamorus|63/100|[from] item: Leftovers
|upkeep
|
|t:|1760743028
|switch|p1a: Clawitzer|Clawitzer, M|100/100
|turn|14
|
|t:|1760743031
|move|p2a: Enamorus|Moonblast|p1a: Clawitzer
|-damage|p1a: Clawitzer|0 fnt
|faint|p1a: Clawitzer
|
|-heal|p2a: Enamorus|69/100|[from] item: Leftovers
|upkeep
|-message|Splattymac forfeited.
|
|win|levi6969
|raw|Splattymac's rating: 1180 &rarr; <strong>1158</strong><br />(-22 for losing)
|raw|levi6969's rating: 1219 &rarr; <strong>1241</strong><br />(+22 for winning)
|l|☆Splattymac
|player|p1|
|l|☆levi6969
|player|p2|
