|j|☆prakshep
|j|☆caesar nivis
|t:|1760864262
|gametype|singles
|player|p1|prakshep|nate|1459
|player|p2|caesar nivis|lance|1492
|gen|9
|tier|[Gen 9] OU
|rated|
|rule|HP Percentage Mod: HP is shown in percentages
|rule|Endless Battle Clause: Forcing endless battles is banned
|rule|Species Clause: Limit one of each Pokémon
|rule|OHKO Clause: OHKO moves are banned
|rule|Evasion Items Clause: Evasion items are banned
|rule|Evasion Moves Clause: Evasion moves are banned
|rule|Evasion Abilities Clause: Evasion abilities are banned
|rule|Sleep Moves Clause: Sleep-inducing moves are banned
|clearpoke
|poke|p1|Ursaluna, F|
|poke|p1|Iron Boulder|
|poke|p1|Iron Moth|
|poke|p1|Raging Bolt|
|poke|p1|Quaquaval, F|
|poke|p1|Iron Jugulis|
|poke|p2|Ninetales-Alola, M|
|poke|p2|Ursaluna, F|
|poke|p2|Moltres-Galar|
|poke|p2|Iron Treads|
|poke|p2|Glastrier|
|poke|p2|Dondozo, M|
|teampreview
|inactive|Battle timer is ON: inactive players will automatically lose when time's up. (requested by caesar nivis)
|
|t:|1760864283
|teamsize|p1|6
|teamsize|p2|6
|start
|switch|p1a: Iron Moth|Iron Moth|100/100
|switch|p2a: Iron Treads|Iron Treads|100/100
|-enditem|p1a: Iron Moth|Booster Energy
|-activate|p1a: Iron Moth|ability: Quark Drive|[fromitem]
|-start|p1a: Iron Moth|quarkdrivespe
|turn|1
|
|t:|1760864301
|-terastallize|p2a: Iron Treads|Ground
|move|p1a: Iron Moth|Fiery Dance|p2a: Iron Treads
|-damage|p2a: Iron Treads|43/100
|-boost|p1a: Iron Moth|spa|1
|move|p2a: Iron Treads|Earthquake|p1a: Iron Moth
|-supereffective|p1a: Iron Moth
|-damage|p1a: Iron Moth|0 fnt
|faint|p1a: Iron Moth
|-end|p1a: Iron Moth|Quark Drive|[silent]
|
|upkeep
|inactive|prakshep has 120 seconds left.
|
|t:|1760864323
|switch|p1a: Quaquaval|Quaquaval, F|100/100
|turn|2
|
|t:|1760864327
|-end|p2a: Iron Treads|Quark Drive|[silent]
|switch|p2a: Dondozo|Dondozo, M|100/100
|move|p1a: Quaquaval|Aqua Step|p2a: Dondozo
|-resisted|p2a: Dondozo
|-damage|p2a: Dondozo|90/100
|-boost|p1a: Quaquaval|spe|1
|
|-heal|p2a: Dondozo|97/100|[from] item: Leftovers
|upkeep
|turn|3
|
|t:|1760864331
|switch|p1a: Iron Jugulis|Iron Jugulis|100/100
|-enditem|p1a: Iron Jugulis|Booster Energy
|-activate|p1a: Iron Jugulis|ability: Quark Drive|[fromitem]
|-start|p1a: Iron Jugulis|quarkdrivespe
|move|p2a: Dondozo|Body Press|p1a: Iron Jugulis
|-damage|p1a: Iron Jugulis|67/100
|
|-heal|p2a: Dondozo|100/100|[from] item: Leftovers
|upkeep
|turn|4
|
|t:|1760864345
|switch|p2a: Iron Treads|Iron Treads, tera:Ground|43/100
|move|p1a: Iron Jugulis|Dark Pulse|p2a: Iron Treads
|-damage|p2a: Iron Treads|0 fnt
|faint|p2a: Iron Treads
|-end|p2a: Iron Treads|Quark Drive|[silent]
|
|upkeep
|
|t:|1760864347
|switch|p2a: Ninetales|Ninetales-Alola, M|100/100
|-weather|Snowscape|[from] ability: Snow Warning|[of] p2a: Ninetales
|turn|5
|
|t:|1760864349
|move|p1a: Iron Jugulis|Hurricane|p2a: Ninetales
|-crit|p2a: Ninetales
|-damage|p2a: Ninetales|20/100
|move|p2a: Ninetales|Aurora Veil|p2a: Ninetales
|-sidestart|p2: caesar nivis|move: Aurora Veil
|
|-weather|Snowscape|[upkeep]
|upkeep
|turn|6
|
|t:|1760864354
|switch|p2a: Glastrier|Glastrier|100/100
|move|p1a: Iron Jugulis|Dark Pulse|p2a: Glastrier
|-crit|p2a: Glastrier
|-damage|p2a: Glastrier|69/100
|
|-weather|Snowscape|[upkeep]
|upkeep
|turn|7
|
|t:|1760864359
|move|p1a: Iron Jugulis|Hurricane|p2a: Glastrier
|-damage|p2a: Glastrier|55/100
|move|p2a: Glastrier|Avalanche|p1a: Iron Jugulis
|-supereffective|p1a: Iron Jugulis
|-damage|p1a: Iron Jugulis|0 fnt
|faint|p1a: Iron Jugulis
|-end|p1a: Iron Jugulis|Quark Drive|[silent]
|-ability|p2a: Glastrier|Chilling Neigh|boost
|-boost|p2a: Glastrier|atk|1
|
|-weather|Snowscape|[upkeep]
|upkeep
|
|t:|1760864374
|switch|p1a: Quaquaval|Quaquaval, F|100/100
|turn|8
|
|t:|1760864380
|move|p1a: Quaquaval|Aqua Step|p2a: Glastrier
|-damage|p2a: Glastrier|45/100
|-boost|p1a: Quaquaval|spe|1
|move|p2a: Glastrier|High Horsepower|p1a: Quaquaval
|-damage|p1a: Quaquaval|23/100
|
|-weather|Snowscape|[upkeep]
|upkeep
|turn|9
|
|t:|1760864383
|move|p1a: Quaquaval|Close Combat|p2a: Glastrier
|-supereffective|p2a: Glastrier
|-damage|p2a: Glastrier|16/100
|-unboost|p1a: Quaquaval|def|1
|-unboost|p1a: Quaquaval|spd|1
|move|p2a: Glastrier|Avalanche|p1a: Quaquaval
|-resisted|p1a: Quaquaval
|-damage|p1a: Quaquaval|0 fnt
|faint|p1a: Quaquaval
|-ability|p2a: Glastrier|Chilling Neigh|boost
|-boost|p2a: Glastrier|atk|1
|
|-weather|none
|upkeep
|
|t:|1760864394
|switch|p1a: Iron Boulder|Iron Boulder|100/100
|-enditem|p1a: Iron Boulder|Booster Energy
|-activate|p1a: Iron Boulder|ability: Quark Drive|[fromitem]
|-start|p1a: Iron Boulder|quarkdrivespe
|turn|10
|
|t:|1760864397
|move|p1a: Iron Boulder|Sacred Sword|p2a: Glastrier
|-supereffective|p2a: Glastrier
|-damage|p2a: Glastrier|0 fnt
|faint|p2a: Glastrier
|
|upkeep
|
|t:|1760864404
|switch|p2a: Ursaluna|Ursaluna, F|100/100
|turn|11
|
|t:|1760864409
|move|p1a: Iron Boulder|Swords Dance|p1a: Iron Boulder
|-boost|p1a: Iron Boulder|atk|2
|move|p2a: Ursaluna|Earthquake|p1a: Iron Boulder
|-supereffective|p1a: Iron Boulder
|-crit|p1a: Iron Boulder
|-damage|p1a: Iron Boulder|0 fnt
|faint|p1a: Iron Boulder
|-end|p1a: Iron Boulder|Quark Drive|[silent]
|
|-status|p2a: Ursaluna|brn|[from] item: Flame Orb
|upkeep
|
|t:|1760864413
|switch|p1a: Ursaluna|Ursaluna, F|100/100
|turn|12
|
|t:|1760864426
|-terastallize|p1a: Ursaluna|Fighting
|move|p1a: Ursaluna|Swords Dance|p1a: Ursaluna
|-boost|p1a: Ursaluna|atk|2
|move|p2a: Ursaluna|Close Combat|p1a: Ursaluna
|-damage|p1a: Ursaluna|53/100
|-unboost|p2a: Ursaluna|def|1
|-unboost|p2a: Ursaluna|spd|1
|
|-damage|p2a: Ursaluna|94/100 brn|[from] brn
|-sideend|p2: caesar nivis|move: Aurora Veil
|-status|p1a: Ursaluna|brn|[from] item: Flame Orb
|upkeep
|turn|13
|
|t:|1760864430
|move|p1a: Ursaluna|Drain Punch|p2a: Ursaluna
|-supereffective|p2a: Ursaluna
|-damage|p2a: Ursaluna|0 fnt
|-heal|p1a: Ursaluna|100/100 brn|[from] drain|[of] p2a: Ursaluna
|faint|p2a: Ursaluna
|
|-damage|p1a: Ursaluna|94/100 brn|[from] brn
|upkeep
|
|t:|1760864435
|switch|p2a: Dondozo|Dondozo, M|100/100
|turn|14
|
|t:|1760864448
|move|p1a: Ursaluna|Facade|p2a: Dondozo
|-damage|p2a: Dondozo|45/100
|move|p2a: Dondozo|Curse|p2a: Dondozo
|-unboost|p2a: Dondozo|spe|1
|-boost|p2a: Dondozo|atk|1
|-boost|p2a: Dondozo|def|1
|
|-heal|p2a: Dondozo|51/100|[from] item: Leftovers
|-damage|p1a: Ursaluna|88/100 brn|[from] brn
|upkeep
|turn|15
|
|t:|1760864460
|move|p1a: Ursaluna|Facade|p2a: Dondozo
|-damage|p2a: Dondozo|15/100
|move|p2a: Dondozo|Rest|p2a: Dondozo
|-status|p2a: Dondozo|slp|[from] move: Rest
|-heal|p2a: Dondozo|100/100 slp|[silent]
|
|-damage|p1a: Ursaluna|82/100 brn|[from] brn
|upkeep
|turn|16
|
|t:|1760864464
|move|p1a: Ursaluna|Facade|p2a: Dondozo
|-damage|p2a: Dondozo|66/100 slp
|cant|p2a: Dondozo|slp
|
|-heal|p2a: Dondozo|72/100 slp|[from] item: Leftovers
|-damage|p1a: Ursaluna|76/100 brn|[from] brn
|upkeep
|turn|17
|
|t:|1760864467
|move|p1a: Ursaluna|Facade|p2a: Dondozo
|-damage|p2a: Dondozo|35/100 slp
|cant|p2a: Dondozo|slp
|
|-heal|p2a: Dondozo|41/100 slp|[from] item: Leftovers
|-damage|p1a: Ursaluna|69/100 brn|[from] brn
|upkeep
|turn|18
|
|t:|1760864473
|move|p1a: Ursaluna|Facade|p2a: Dondozo
|-damage|p2a: Dondozo|3/100 slp
|-curestatus|p2a: Dondozo|slp|[msg]
|move|p2a: Dondozo|Rest|p2a: Dondozo
|-status|p2a: Dondozo|slp|[from] move: Rest
|-heal|p2a: Dondozo|100/100 slp|[silent]
|
|-damage|p1a: Ursaluna|63/100 brn|[from] brn
|upkeep
|turn|19
|
|t:|1760864479
|switch|p1a: Raging Bolt|Raging Bolt|100/100
|-enditem|p1a: Raging Bolt|Booster Energy
|-activate|p1a: Raging Bolt|ability: Protosynthesis|[fromitem]
|-start|p1a: Raging Bolt|protosynthesisspa
|cant|p2a: Dondozo|slp
|
|upkeep
|turn|20
|
|t:|1760864484
|move|p1a: Raging Bolt|Thunderbolt|p2a: Dondozo
|-supereffective|p2a: Dondozo
|-damage|p2a: Dondozo|0 fnt
|faint|p2a: Dondozo
|
|upkeep
|
|t:|1760864486
|switch|p2a: Ninetales|Ninetales-Alola, M|20/100
|-weather|Snowscape|[from] ability: Snow Warning|[of] p2a: Ninetales
|turn|21
|
|t:|1760864489
|move|p2a: Ninetales|Aurora Veil|p2a: Ninetales
|-sidestart|p2: caesar nivis|move: Aurora Veil
|move|p1a: Raging Bolt|Thunderbolt|p2a: Ninetales
|-damage|p2a: Ninetales|0 fnt
|faint|p2a: Ninetales
|
|-weather|Snowscape|[upkeep]
|upkeep
|
|t:|1760864491
|switch|p2a: Moltres|Moltres-Galar|100/100
|turn|22
|
|t:|1760864493
|move|p2a: Moltres|Fiery Wrath|p1a: Raging Bolt
|-damage|p1a: Raging Bolt|69/100
|move|p1a: Raging Bolt|Thunderbolt|p2a: Moltres
|-supereffective|p2a: Moltres
|-damage|p2a: Moltres|45/100
|-ability|p2a: Moltres|Berserk|boost
|-boost|p2a: Moltres|spa|1
|
|-weather|Snowscape|[upkeep]
|-heal|p2a: Moltres|52/100|[from] item: Leftovers
|upkeep
|turn|23
|
|t:|1760864501
|move|p2a: Moltres|Fiery Wrath|p1a: Raging Bolt
|-damage|p1a: Raging Bolt|25/100
|move|p1a: Raging Bolt|Thunderbolt|p2a: Moltres
|-supereffective|p2a: Moltres
|-damage|p2a: Moltres|0 fnt
|faint|p2a: Moltres
|
|win|prakshep
|raw|prakshep's rating: 1459 &rarr; <strong>1481</strong><br />(+22 for winning)
|raw|caesar nivis's rating: 1492 &rarr; <strong>1470</strong><br />(-22 for losing)
|l|☆caesar nivis
|player|p2|
|l|☆prakshep
|player|p1|
