|j|☆goobrb
|j|☆Godislaw
|t:|1760722089
|gametype|singles
|player|p1|goobrb|101|1349
|player|p2|Godislaw|2|1292
|gen|9
|tier|[Gen 9] OU
|rated|
|rule|HP Percentage Mod: HP is shown in percentages
|rule|Endless Battle Clause: Forcing endless battles is banned
|rule|Species Clause: Limit one of each Pokémon
|rule|OHKO Clause: OHKO moves are banned
|rule|Evasion Items Clause: Evasion items are banned
|rule|Evasion Moves Clause: Evasion moves are banned
|rule|Evasion Abilities Clause: Evasion abilities are banned
|rule|Sleep Moves Clause: Sleep-inducing moves are banned
|clearpoke
|poke|p1|Landorus-Therian, M|
|poke|p1|Pecharunt|
|poke|p1|Ogerpon-Wellspring, F|
|poke|p1|Kingambit, F|
|poke|p1|Zamazenta-*|
|poke|p1|Blaziken, M|
|poke|p2|Darkrai|
|poke|p2|Galvantula, F|
|poke|p2|Garchomp, M|
|poke|p2|Dusclops, M|
|poke|p2|Skeledirge, F|
|poke|p2|Ogerpon-Wellspring, F|
|teampreview
|
|t:|1760722099
|teamsize|p1|6
|teamsize|p2|6
|start
|switch|p1a: Landorus|Landorus-Therian, M|100/100
|switch|p2a: Galvantula|Galvantula, F, shiny|100/100
|-ability|p1a: Landorus|Intimidate|boost
|-unboost|p2a: Galvantula|atk|1
|turn|1
|inactive|Battle timer is ON: inactive players will automatically lose when time's up. (requested by Godislaw)
|
|t:|1760722109
|move|p2a: Galvantula|Sticky Web|p1a: Landorus
|-sidestart|p1: goobrb|move: Sticky Web
|move|p1a: Landorus|Earthquake|p2a: Galvantula
|-damage|p2a: Galvantula|17/100
|
|upkeep
|turn|2
|
|t:|1760722117
|move|p2a: Galvantula|Bug Buzz|p1a: Landorus
|-resisted|p1a: Landorus
|-damage|p1a: Landorus|80/100
|move|p1a: Landorus|Stealth Rock|p2a: Galvantula
|-sidestart|p2: Godislaw|move: Stealth Rock
|
|upkeep
|turn|3
|
|t:|1760722125
|move|p2a: Galvantula|Bug Buzz|p1a: Landorus
|-resisted|p1a: Landorus
|-damage|p1a: Landorus|59/100
|move|p1a: Landorus|U-turn|p2a: Galvantula
|-damage|p2a: Galvantula|0 fnt
|faint|p2a: Galvantula
|
|t:|1760722137
|switch|p1a: Pecharunt|Pecharunt|100/100|[from] U-turn
|
|upkeep
|
|t:|1760722143
|switch|p2a: Darkrai|Darkrai, shiny|100/100
|turn|4
|
|t:|1760722149
|-terastallize|p2a: Darkrai|Poison
|move|p2a: Darkrai|Nasty Plot|p2a: Darkrai
|-boost|p2a: Darkrai|spa|2
|move|p1a: Pecharunt|Parting Shot|p2a: Darkrai
|-unboost|p2a: Darkrai|atk|1
|-unboost|p2a: Darkrai|spa|1
|
|t:|1760722156
|switch|p1a: Landorus|Landorus-Therian, M|59/100|[from] Parting Shot
|-ability|p1a: Landorus|Intimidate|boost
|-unboost|p2a: Darkrai|atk|1
|
|upkeep
|turn|5
|
|t:|1760722162
|move|p2a: Darkrai|Ice Beam|p1a: Landorus
|-supereffective|p1a: Landorus
|-damage|p1a: Landorus|0 fnt
|faint|p1a: Landorus
|
|upkeep
|
|t:|1760722170
|switch|p1a: Kingambit|Kingambit, F|100/100
|-activate|p1a: Kingambit|move: Sticky Web
|-unboost|p1a: Kingambit|spe|1
|-activate|p1a: Kingambit|ability: Supreme Overlord
|-start|p1a: Kingambit|fallen1|[silent]
|turn|6
|
|t:|1760722179
|move|p2a: Darkrai|Dark Pulse|p1a: Kingambit
|-resisted|p1a: Kingambit
|-damage|p1a: Kingambit|68/100
|cant|p1a: Kingambit|flinch
|
|-heal|p1a: Kingambit|75/100|[from] item: Leftovers
|upkeep
|turn|7
|
|t:|1760722187
|move|p2a: Darkrai|Dark Pulse|p1a: Kingambit
|-resisted|p1a: Kingambit
|-damage|p1a: Kingambit|45/100
|cant|p1a: Kingambit|flinch
|
|-heal|p1a: Kingambit|52/100|[from] item: Leftovers
|upkeep
|turn|8
|
|t:|1760722197
|move|p2a: Darkrai|Dark Pulse|p1a: Kingambit
|-resisted|p1a: Kingambit
|-damage|p1a: Kingambit|22/100
|move|p1a: Kingambit|Kowtow Cleave|p2a: Darkrai
|-damage|p2a: Darkrai|30/100
|
|-heal|p1a: Kingambit|28/100|[from] item: Leftovers
|upkeep
|turn|9
|l|☆goobrb
|inactive|goobrb disconnected and has a minute to reconnect!
|player|p1|
|j|☆goobrb
|inactive|goobrb reconnected and has 125 seconds left.
|player|p1|goobrb|101|
|
|t:|1760722227
|switch|p2a: Garchomp|Garchomp, M|100/100
|-damage|p2a: Garchomp|94/100|[from] Stealth Rock
|move|p1a: Kingambit|Sucker Punch||[still]
|-fail|p1a: Kingambit
|
|-heal|p1a: Kingambit|35/100|[from] item: Leftovers
|upkeep
|turn|10
|l|☆goobrb
|inactive|goobrb disconnected and has a minute to reconnect!
|player|p1|
|inactive|goobrb has 30 seconds to reconnect!
|inactive|goobrb has 20 seconds to reconnect!
|inactive|goobrb has 15 seconds to reconnect!
|inactive|goobrb has 10 seconds to reconnect!
|inactive|goobrb has 5 seconds to reconnect!
|-message|goobrb lost due to inactivity.
|
|win|Godislaw
|raw|goobrb's rating: 1349 &rarr; <strong>1326</strong><br />(-23 for losing)
|raw|Godislaw's rating: 1292 &rarr; <strong>1321</strong><br />(+29 for winning)
|l|☆Godislaw
|player|p2|
