|j|☆papa macaroni
|j|☆Mondeydoo
|t:|1760790354
|gametype|singles
|player|p1|papa macaroni|gentleman-gen4|1153
|player|p2|Mondeydoo|hoopster|1121
|gen|9
|tier|[Gen 9] OU
|rated|
|rule|HP Percentage Mod: HP is shown in percentages
|rule|Endless Battle Clause: Forcing endless battles is banned
|rule|Species Clause: Limit one of each Pokémon
|rule|OHKO Clause: OHKO moves are banned
|rule|Evasion Items Clause: Evasion items are banned
|rule|Evasion Moves Clause: Evasion moves are banned
|rule|Evasion Abilities Clause: Evasion abilities are banned
|rule|Sleep Moves Clause: Sleep-inducing moves are banned
|clearpoke
|poke|p1|Alomomola, M|
|poke|p1|Cyclizar, F|
|poke|p1|Rillaboom, M|
|poke|p1|Dragonite, M|
|poke|p1|Glimmora, M|
|poke|p1|Iron Valiant|
|poke|p2|Dragonite, M|
|poke|p2|Deoxys-Speed|
|poke|p2|Rhydon, M|
|poke|p2|Tornadus-Therian, M|
|poke|p2|Muk, M|
|poke|p2|Heatran, F|
|teampreview
|inactive|Battle timer is ON: inactive players will automatically lose when time's up. (requested by papa macaroni)
|
|t:|1760790371
|teamsize|p1|6
|teamsize|p2|6
|start
|switch|p1a: Rillaboom|Rillaboom, M|100/100
|switch|p2a: Heatran|Heatran, F, shiny|100/100
|-fieldstart|move: Grassy Terrain|[from] ability: Grassy Surge|[of] p1a: Rillaboom
|turn|1
|
|t:|1760790391
|move|p1a: Rillaboom|Drain Punch|p2a: Heatran
|-supereffective|p2a: Heatran
|-damage|p2a: Heatran|24/100
|move|p2a: Heatran|Magma Storm|p1a: Rillaboom
|-supereffective|p1a: Rillaboom
|-damage|p1a: Rillaboom|0 fnt
|faint|p1a: Rillaboom
|
|-heal|p2a: Heatran|31/100|[from] Grassy Terrain
|-heal|p2a: Heatran|37/100|[from] item: Leftovers
|upkeep
|
|t:|1760790397
|switch|p1a: Dragonite|Dragonite, M|100/100
|turn|2
|
|t:|1760790408
|move|p1a: Dragonite|Earthquake|p2a: Heatran
|-supereffective|p2a: Heatran
|-damage|p2a: Heatran|0 fnt
|faint|p2a: Heatran
|
|upkeep
|
|t:|1760790420
|switch|p2a: Deoxys|Deoxys-Speed, shiny|100/100
|-ability|p2a: Deoxys|Pressure
|turn|3
|
|t:|1760790428
|-terastallize|p1a: Dragonite|Normal
|move|p1a: Dragonite|Extreme Speed|p2a: Deoxys
|-damage|p2a: Deoxys|23/100
|move|p2a: Deoxys|Nasty Plot|p2a: Deoxys
|-boost|p2a: Deoxys|spa|2
|
|-heal|p2a: Deoxys|29/100|[from] Grassy Terrain
|upkeep
|turn|4
|
|t:|1760790439
|move|p1a: Dragonite|Extreme Speed|p2a: Deoxys
|-damage|p2a: Deoxys|0 fnt
|faint|p2a: Deoxys
|
|upkeep
|
|t:|1760790447
|switch|p2a: Rhydon|Rhydon, M, shiny|100/100
|turn|5
|
|t:|1760790456
|switch|p1a: Alomomola|Alomomola, M|100/100
|move|p2a: Rhydon|Curse|p2a: Rhydon
|-unboost|p2a: Rhydon|spe|1
|-boost|p2a: Rhydon|atk|1
|-boost|p2a: Rhydon|def|1
|
|-fieldend|move: Grassy Terrain
|upkeep
|turn|6
|
|t:|1760790476
|-terastallize|p2a: Rhydon|Flying
|move|p1a: Alomomola|Scald|p2a: Rhydon
|-damage|p2a: Rhydon|93/100
|move|p2a: Rhydon|Curse|p2a: Rhydon
|-unboost|p2a: Rhydon|spe|1
|-boost|p2a: Rhydon|atk|1
|-boost|p2a: Rhydon|def|1
|
|upkeep
|turn|7
|
|t:|1760790486
|move|p1a: Alomomola|Scald|p2a: Rhydon
|-damage|p2a: Rhydon|84/100
|-status|p2a: Rhydon|brn
|move|p2a: Rhydon|Curse|p2a: Rhydon
|-unboost|p2a: Rhydon|spe|1
|-boost|p2a: Rhydon|atk|1
|-boost|p2a: Rhydon|def|1
|
|-damage|p2a: Rhydon|78/100 brn|[from] brn
|upkeep
|turn|8
|
|t:|1760790497
|move|p1a: Alomomola|Scald|p2a: Rhydon
|-damage|p2a: Rhydon|70/100 brn
|move|p2a: Rhydon|Rest|p2a: Rhydon
|-status|p2a: Rhydon|slp|[from] move: Rest
|-heal|p2a: Rhydon|100/100 slp|[silent]
|
|upkeep
|turn|9
|
|t:|1760790510
|switch|p1a: Iron Valiant|Iron Valiant|100/100
|-enditem|p1a: Iron Valiant|Booster Energy
|-activate|p1a: Iron Valiant|ability: Quark Drive|[fromitem]
|-start|p1a: Iron Valiant|quarkdrivespe
|cant|p2a: Rhydon|slp
|move|p2a: Rhydon|Sleep Talk|p2a: Rhydon
|move|p2a: Rhydon|Stone Edge|p1a: Iron Valiant|[from] move: Sleep Talk
|-resisted|p1a: Iron Valiant
|-damage|p1a: Iron Valiant|29/100
|
|upkeep
|turn|10
|
|t:|1760790521
|move|p1a: Iron Valiant|Future Sight|p2a: Rhydon
|-start|p1a: Iron Valiant|move: Future Sight
|cant|p2a: Rhydon|slp
|move|p2a: Rhydon|Sleep Talk|p2a: Rhydon
|move|p2a: Rhydon|Stone Edge|p1a: Iron Valiant|[from] move: Sleep Talk
|-resisted|p1a: Iron Valiant
|-damage|p1a: Iron Valiant|0 fnt
|faint|p1a: Iron Valiant
|-end|p1a: Iron Valiant|Quark Drive|[silent]
|
|upkeep
|
|t:|1760790534
|switch|p1a: Glimmora|Glimmora, M|100/100
|turn|11
|
|t:|1760790547
|move|p1a: Glimmora|Stealth Rock|p2a: Rhydon
|-sidestart|p2: Mondeydoo|move: Stealth Rock
|-curestatus|p2a: Rhydon|slp|[msg]
|move|p2a: Rhydon|Stone Edge|p1a: Glimmora
|-enditem|p1a: Glimmora|Focus Sash
|-damage|p1a: Glimmora|1/100
|-activate|p1a: Glimmora|ability: Toxic Debris
|-sidestart|p2: Mondeydoo|move: Toxic Spikes
|
|upkeep
|turn|12
|inactive|Mondeydoo has 120 seconds left.
|
|t:|1760790582
|move|p1a: Glimmora|Mortal Spin|p2a: Rhydon
|-damage|p2a: Rhydon|99/100
|-status|p2a: Rhydon|psn
|move|p2a: Rhydon|Stone Edge|p1a: Glimmora
|-damage|p1a: Glimmora|0 fnt
|-activate|p1a: Glimmora|ability: Toxic Debris
|-sidestart|p2: Mondeydoo|move: Toxic Spikes
|faint|p1a: Glimmora
|
|-end|p2a: Rhydon|move: Future Sight
|-damage|p2a: Rhydon|74/100 psn
|-damage|p2a: Rhydon|62/100 psn|[from] psn
|upkeep
|
|t:|1760790591
|switch|p1a: Alomomola|Alomomola, M|100/100
|turn|13
|
|t:|1760790607
|move|p1a: Alomomola|Scald|p2a: Rhydon
|-damage|p2a: Rhydon|53/100 psn
|move|p2a: Rhydon|Rest|p2a: Rhydon
|-status|p2a: Rhydon|slp|[from] move: Rest
|-heal|p2a: Rhydon|100/100 slp|[silent]
|
|upkeep
|turn|14
|inactive|Mondeydoo has 120 seconds left.
|
|t:|1760790632
|move|p1a: Alomomola|Scald|p2a: Rhydon
|-damage|p2a: Rhydon|91/100 slp
|cant|p2a: Rhydon|slp
|move|p2a: Rhydon|Sleep Talk|p2a: Rhydon
|move|p2a: Rhydon|Rest||[from] move: Sleep Talk|[still]
|-fail|p2a: Rhydon
|
|upkeep
|turn|15
|
|t:|1760790648
|move|p1a: Alomomola|Scald|p2a: Rhydon
|-damage|p2a: Rhydon|82/100 slp
|cant|p2a: Rhydon|slp
|move|p2a: Rhydon|Sleep Talk|p2a: Rhydon
|move|p2a: Rhydon|Rest||[from] move: Sleep Talk|[still]
|-fail|p2a: Rhydon
|
|upkeep
|turn|16
|inactive|Mondeydoo has 120 seconds left.
|
|t:|1760790657
|move|p1a: Alomomola|Scald|p2a: Rhydon
|-damage|p2a: Rhydon|73/100 slp
|-curestatus|p2a: Rhydon|slp|[msg]
|move|p2a: Rhydon|Stone Edge|p1a: Alomomola
|-damage|p1a: Alomomola|48/100
|
|upkeep
|turn|17
|
|t:|1760790666
|move|p1a: Alomomola|Wish|p1a: Alomomola
|move|p2a: Rhydon|Stone Edge|p1a: Alomomola
|-damage|p1a: Alomomola|0 fnt
|faint|p1a: Alomomola
|
|upkeep
|
|t:|1760790671
|switch|p1a: Cyclizar|Cyclizar, F|100/100
|turn|18
|
|t:|1760790682
|move|p1a: Cyclizar|Knock Off|p2a: Rhydon
|-damage|p2a: Rhydon|70/100
|-enditem|p2a: Rhydon|Eviolite|[from] move: Knock Off|[of] p1a: Cyclizar
|move|p2a: Rhydon|Stone Edge|p1a: Cyclizar
|-damage|p1a: Cyclizar|0 fnt
|faint|p1a: Cyclizar
|
|upkeep
|
|t:|1760790688
|switch|p1a: Dragonite|Dragonite, M, tera:Normal|100/100
|turn|19
|
|t:|1760790711
|move|p1a: Dragonite|Substitute|p1a: Dragonite
|-start|p1a: Dragonite|Substitute
|-damage|p1a: Dragonite|76/100
|move|p2a: Rhydon|Rest|p2a: Rhydon
|-status|p2a: Rhydon|slp|[from] move: Rest
|-heal|p2a: Rhydon|100/100 slp|[silent]
|
|-heal|p1a: Dragonite|82/100|[from] item: Leftovers
|upkeep
|turn|20
|
|t:|1760790721
|move|p1a: Dragonite|Dragon Dance|p1a: Dragonite
|-boost|p1a: Dragonite|atk|1
|-boost|p1a: Dragonite|spe|1
|cant|p2a: Rhydon|slp
|move|p2a: Rhydon|Sleep Talk|p2a: Rhydon
|move|p2a: Rhydon|Rest||[from] move: Sleep Talk|[still]
|-fail|p2a: Rhydon
|
|-heal|p1a: Dragonite|88/100|[from] item: Leftovers
|upkeep
|turn|21
|
|t:|1760790733
|move|p1a: Dragonite|Dragon Dance|p1a: Dragonite
|-boost|p1a: Dragonite|atk|1
|-boost|p1a: Dragonite|spe|1
|cant|p2a: Rhydon|slp
|move|p2a: Rhydon|Sleep Talk|p2a: Rhydon
|move|p2a: Rhydon|Rest||[from] move: Sleep Talk|[still]
|-fail|p2a: Rhydon
|
|-heal|p1a: Dragonite|94/100|[from] item: Leftovers
|upkeep
|turn|22
|
|t:|1760790745
|move|p1a: Dragonite|Dragon Dance|p1a: Dragonite
|-boost|p1a: Dragonite|atk|1
|-boost|p1a: Dragonite|spe|1
|-curestatus|p2a: Rhydon|slp|[msg]
|move|p2a: Rhydon|Curse|p2a: Rhydon
|-unboost|p2a: Rhydon|spe|1
|-boost|p2a: Rhydon|atk|1
|-boost|p2a: Rhydon|def|1
|
|-heal|p1a: Dragonite|100/100|[from] item: Leftovers
|upkeep
|turn|23
|inactive|Mondeydoo has 120 seconds left.
|
|t:|1760790791
|move|p1a: Dragonite|Dragon Dance|p1a: Dragonite
|-boost|p1a: Dragonite|atk|1
|-boost|p1a: Dragonite|spe|1
|move|p2a: Rhydon|Curse|p2a: Rhydon
|-unboost|p2a: Rhydon|spe|1
|-boost|p2a: Rhydon|atk|1
|-boost|p2a: Rhydon|def|1
|
|upkeep
|turn|24
|inactive|Mondeydoo has 90 seconds left.
|
|t:|1760790808
|move|p1a: Dragonite|Dragon Dance|p1a: Dragonite
|-boost|p1a: Dragonite|atk|1
|-boost|p1a: Dragonite|spe|1
|move|p2a: Rhydon|Curse|p2a: Rhydon
|-unboost|p2a: Rhydon|spe|1
|-boost|p2a: Rhydon|atk|1
|-boost|p2a: Rhydon|def|1
|
|upkeep
|turn|25
|
|t:|1760790818
|move|p1a: Dragonite|Dragon Dance|p1a: Dragonite
|-boost|p1a: Dragonite|atk|1
|-boost|p1a: Dragonite|spe|1
|move|p2a: Rhydon|Curse|p2a: Rhydon
|
|upkeep
|turn|26
|
|t:|1760790829
|move|p1a: Dragonite|Extreme Speed|p2a: Rhydon
|-damage|p2a: Rhydon|64/100
|move|p2a: Rhydon|Curse|p2a: Rhydon
|
|upkeep
|turn|27
|
|t:|1760790840
|move|p1a: Dragonite|Dragon Dance|p1a: Dragonite
|-boost|p1a: Dragonite|atk|0
|-boost|p1a: Dragonite|spe|0
|move|p2a: Rhydon|Curse|p2a: Rhydon
|
|upkeep
|turn|28
|
|t:|1760790847
|move|p1a: Dragonite|Dragon Dance|p1a: Dragonite
|-boost|p1a: Dragonite|atk|0
|-boost|p1a: Dragonite|spe|0
|move|p2a: Rhydon|Curse|p2a: Rhydon
|
|upkeep
|turn|29
|
|t:|1760790854
|move|p1a: Dragonite|Dragon Dance|p1a: Dragonite
|-boost|p1a: Dragonite|atk|0
|-boost|p1a: Dragonite|spe|0
|move|p2a: Rhydon|Curse|p2a: Rhydon
|
|upkeep
|turn|30
|
|t:|1760790865
|move|p1a: Dragonite|Dragon Dance|p1a: Dragonite
|-boost|p1a: Dragonite|atk|0
|-boost|p1a: Dragonite|spe|0
|move|p2a: Rhydon|Curse|p2a: Rhydon
|
|upkeep
|turn|31
|
|t:|1760790873
|move|p1a: Dragonite|Dragon Dance|p1a: Dragonite
|-boost|p1a: Dragonite|atk|0
|-boost|p1a: Dragonite|spe|0
|move|p2a: Rhydon|Curse|p2a: Rhydon
|
|upkeep
|turn|32
|
|t:|1760790878
|move|p1a: Dragonite|Dragon Dance|p1a: Dragonite
|-boost|p1a: Dragonite|atk|0
|-boost|p1a: Dragonite|spe|0
|move|p2a: Rhydon|Curse|p2a: Rhydon
|
|upkeep
|turn|33
|
|t:|1760790884
|move|p1a: Dragonite|Dragon Dance|p1a: Dragonite
|-boost|p1a: Dragonite|atk|0
|-boost|p1a: Dragonite|spe|0
|move|p2a: Rhydon|Curse|p2a: Rhydon
|
|upkeep
|turn|34
|
|t:|1760790890
|move|p1a: Dragonite|Dragon Dance|p1a: Dragonite
|-boost|p1a: Dragonite|atk|0
|-boost|p1a: Dragonite|spe|0
|move|p2a: Rhydon|Curse|p2a: Rhydon
|
|upkeep
|turn|35
|
|t:|1760790895
|move|p1a: Dragonite|Dragon Dance|p1a: Dragonite
|-boost|p1a: Dragonite|atk|0
|-boost|p1a: Dragonite|spe|0
|move|p2a: Rhydon|Rest|p2a: Rhydon
|-status|p2a: Rhydon|slp|[from] move: Rest
|-heal|p2a: Rhydon|100/100 slp|[silent]
|
|upkeep
|turn|36
|
|t:|1760790917
|move|p1a: Dragonite|Dragon Dance|p1a: Dragonite
|-boost|p1a: Dragonite|atk|0
|-boost|p1a: Dragonite|spe|0
|cant|p2a: Rhydon|slp
|move|p2a: Rhydon|Sleep Talk|p2a: Rhydon
|move|p2a: Rhydon|Curse|p2a: Rhydon|[from] move: Sleep Talk
|
|upkeep
|turn|37
|
|t:|1760790927
|move|p1a: Dragonite|Dragon Dance|p1a: Dragonite
|-boost|p1a: Dragonite|atk|0
|-boost|p1a: Dragonite|spe|0
|cant|p2a: Rhydon|slp
|move|p2a: Rhydon|Sleep Talk|p2a: Rhydon
|move|p2a: Rhydon|Curse|p2a: Rhydon|[from] move: Sleep Talk
|
|upkeep
|turn|38
|
|t:|1760790937
|move|p1a: Dragonite|Dragon Dance|p1a: Dragonite
|-boost|p1a: Dragonite|atk|0
|-boost|p1a: Dragonite|spe|0
|-curestatus|p2a: Rhydon|slp|[msg]
|move|p2a: Rhydon|Sleep Talk||[still]
|-fail|p2a: Rhydon
|
|upkeep
|turn|39
|inactive|Mondeydoo has 120 seconds left.
|
|t:|1760790977
|move|p1a: Dragonite|Dragon Dance|p1a: Dragonite
|-boost|p1a: Dragonite|atk|0
|-boost|p1a: Dragonite|spe|0
|move|p2a: Rhydon|Stone Edge|p1a: Dragonite
|-end|p1a: Dragonite|Substitute
|
|upkeep
|turn|40
|
|t:|1760790990
|move|p1a: Dragonite|Substitute|p1a: Dragonite
|-start|p1a: Dragonite|Substitute
|-damage|p1a: Dragonite|76/100
|move|p2a: Rhydon|Stone Edge|p1a: Dragonite
|-end|p1a: Dragonite|Substitute
|
|-heal|p1a: Dragonite|82/100|[from] item: Leftovers
|upkeep
|turn|41
|
|t:|1760790999
|move|p1a: Dragonite|Substitute|p1a: Dragonite
|-start|p1a: Dragonite|Substitute
|-damage|p1a: Dragonite|57/100
|move|p2a: Rhydon|Stone Edge|p1a: Dragonite
|-end|p1a: Dragonite|Substitute
|
|-heal|p1a: Dragonite|63/100|[from] item: Leftovers
|upkeep
|turn|42
|
|t:|1760791008
|move|p1a: Dragonite|Substitute|p1a: Dragonite
|-start|p1a: Dragonite|Substitute
|-damage|p1a: Dragonite|39/100
|move|p2a: Rhydon|Rest|p2a: Rhydon
|-fail|p2a: Rhydon|heal
|
|-heal|p1a: Dragonite|45/100|[from] item: Leftovers
|upkeep
|turn|43
|inactive|Mondeydoo has 120 seconds left.
|
|t:|1760791022
|move|p1a: Dragonite|Dragon Dance|p1a: Dragonite
|-boost|p1a: Dragonite|atk|0
|-boost|p1a: Dragonite|spe|0
|move|p2a: Rhydon|Sleep Talk||[still]
|-fail|p2a: Rhydon
|
|-heal|p1a: Dragonite|51/100|[from] item: Leftovers
|upkeep
|turn|44
|inactive|Mondeydoo has 120 seconds left.
|
|t:|1760791030
|move|p1a: Dragonite|Dragon Dance|p1a: Dragonite
|-boost|p1a: Dragonite|atk|0
|-boost|p1a: Dragonite|spe|0
|move|p2a: Rhydon|Sleep Talk||[still]
|-fail|p2a: Rhydon
|
|-heal|p1a: Dragonite|57/100|[from] item: Leftovers
|upkeep
|turn|45
|inactive|Mondeydoo has 120 seconds left.
|
|t:|1760791049
|move|p1a: Dragonite|Dragon Dance|p1a: Dragonite
|-boost|p1a: Dragonite|atk|0
|-boost|p1a: Dragonite|spe|0
|move|p2a: Rhydon|Sleep Talk||[still]
|-fail|p2a: Rhydon
|
|-heal|p1a: Dragonite|63/100|[from] item: Leftovers
|upkeep
|turn|46
|inactive|Mondeydoo has 120 seconds left.
|
|t:|1760791058
|move|p1a: Dragonite|Dragon Dance|p1a: Dragonite
|-boost|p1a: Dragonite|atk|0
|-boost|p1a: Dragonite|spe|0
|move|p2a: Rhydon|Sleep Talk||[still]
|-fail|p2a: Rhydon
|
|-heal|p1a: Dragonite|70/100|[from] item: Leftovers
|upkeep
|turn|47
|inactive|Mondeydoo has 120 seconds left.
|
|t:|1760791082
|move|p1a: Dragonite|Dragon Dance|p1a: Dragonite
|-boost|p1a: Dragonite|atk|0
|-boost|p1a: Dragonite|spe|0
|move|p2a: Rhydon|Sleep Talk||[still]
|-fail|p2a: Rhydon
|
|-heal|p1a: Dragonite|76/100|[from] item: Leftovers
|upkeep
|turn|48
|
|t:|1760791099
|move|p1a: Dragonite|Dragon Dance|p1a: Dragonite
|-boost|p1a: Dragonite|atk|0
|-boost|p1a: Dragonite|spe|0
|move|p2a: Rhydon|Sleep Talk||[still]
|-fail|p2a: Rhydon
|
|-heal|p1a: Dragonite|82/100|[from] item: Leftovers
|upkeep
|turn|49
|
|t:|1760791120
|move|p1a: Dragonite|Dragon Dance|p1a: Dragonite
|-boost|p1a: Dragonite|atk|0
|-boost|p1a: Dragonite|spe|0
|move|p2a: Rhydon|Sleep Talk||[still]
|-fail|p2a: Rhydon
|
|-heal|p1a: Dragonite|88/100|[from] item: Leftovers
|upkeep
|turn|50
|
|t:|1760791131
|move|p1a: Dragonite|Dragon Dance|p1a: Dragonite
|-boost|p1a: Dragonite|atk|0
|-boost|p1a: Dragonite|spe|0
|move|p2a: Rhydon|Rest|p2a: Rhydon
|-fail|p2a: Rhydon|heal
|
|-heal|p1a: Dragonite|94/100|[from] item: Leftovers
|upkeep
|turn|51
|
|t:|1760791142
|move|p1a: Dragonite|Dragon Dance|p1a: Dragonite
|-boost|p1a: Dragonite|atk|0
|-boost|p1a: Dragonite|spe|0
|move|p2a: Rhydon|Rest|p2a: Rhydon
|-fail|p2a: Rhydon|heal
|
|-heal|p1a: Dragonite|100/100|[from] item: Leftovers
|upkeep
|turn|52
|
|t:|1760791151
|move|p1a: Dragonite|Dragon Dance|p1a: Dragonite
|-boost|p1a: Dragonite|atk|0
|-boost|p1a: Dragonite|spe|0
|move|p2a: Rhydon|Rest|p2a: Rhydon
|-fail|p2a: Rhydon|heal
|
|upkeep
|turn|53
|inactive|Mondeydoo has 90 seconds left.
|
|t:|1760791192
|move|p1a: Dragonite|Dragon Dance|p1a: Dragonite
|-boost|p1a: Dragonite|atk|0
|-boost|p1a: Dragonite|spe|0
|-activate|p2a: Rhydon|move: Struggle
|move|p2a: Rhydon|Struggle|p1a: Dragonite
|-end|p1a: Dragonite|Substitute
|-damage|p2a: Rhydon|75/100|[from] recoil
|
|upkeep
|turn|54
|inactive|Mondeydoo has 60 seconds left.
|
|t:|1760791240
|move|p1a: Dragonite|Substitute|p1a: Dragonite
|-start|p1a: Dragonite|Substitute
|-damage|p1a: Dragonite|76/100
|-activate|p2a: Rhydon|move: Struggle
|move|p2a: Rhydon|Struggle|p1a: Dragonite
|-end|p1a: Dragonite|Substitute
|-damage|p2a: Rhydon|50/100|[from] recoil
|
|-heal|p1a: Dragonite|82/100|[from] item: Leftovers
|upkeep
|turn|55
|
|t:|1760791249
|move|p1a: Dragonite|Substitute|p1a: Dragonite
|-start|p1a: Dragonite|Substitute
|-damage|p1a: Dragonite|57/100
|-activate|p2a: Rhydon|move: Struggle
|move|p2a: Rhydon|Struggle|p1a: Dragonite
|-end|p1a: Dragonite|Substitute
|-damage|p2a: Rhydon|25/100|[from] recoil
|
|-heal|p1a: Dragonite|63/100|[from] item: Leftovers
|upkeep
|turn|56
|
|t:|1760791262
|move|p1a: Dragonite|Substitute|p1a: Dragonite
|-start|p1a: Dragonite|Substitute
|-damage|p1a: Dragonite|39/100
|-activate|p2a: Rhydon|move: Struggle
|move|p2a: Rhydon|Struggle|p1a: Dragonite
|-end|p1a: Dragonite|Substitute
|-damage|p2a: Rhydon|0 fnt|[from] recoil
|faint|p2a: Rhydon
|
|-heal|p1a: Dragonite|45/100|[from] item: Leftovers
|upkeep
|inactive|Mondeydoo has 30 seconds left.
|inactive|Mondeydoo has 20 seconds left.
|inactive|Mondeydoo has 15 seconds left.
|
|t:|1760791294
|switch|p2a: Dragonite|Dragonite, M, shiny|100/100
|-damage|p2a: Dragonite|75/100|[from] Stealth Rock
|turn|57
|inactive|Mondeydoo has 25 seconds left this turn.
|inactive|Mondeydoo has 20 seconds left.
|
|t:|1760791301
|switch|p2a: Muk|Muk, M, shiny|100/100
|-damage|p2a: Muk|88/100|[from] Stealth Rock
|-sideend|p2: Mondeydoo|move: Toxic Spikes|[of] p2a: Muk
|move|p1a: Dragonite|Extreme Speed|p2a: Muk
|-damage|p2a: Muk|0 fnt
|faint|p2a: Muk
|
|-heal|p1a: Dragonite|51/100|[from] item: Leftovers
|upkeep
|inactive|Mondeydoo has 25 seconds left this turn.
|inactive|Mondeydoo has 20 seconds left.
|inactive|Mondeydoo has 15 seconds left.
|inactive|Mondeydoo has 10 seconds left.
|
|t:|1760791317
|switch|p2a: Dragonite|Dragonite, M, shiny|75/100
|-damage|p2a: Dragonite|50/100|[from] Stealth Rock
|turn|58
|inactive|Mondeydoo has 20 seconds left this turn.
|c|☆papa macaroni|gg
|inactive|Mondeydoo has 15 seconds left.
|
|t:|1760791324
|move|p1a: Dragonite|Extreme Speed|p2a: Dragonite
|-damage|p2a: Dragonite|0 fnt
|faint|p2a: Dragonite
|
|-heal|p1a: Dragonite|57/100|[from] item: Leftovers
|upkeep
|inactive|Mondeydoo has 20 seconds left this turn.
|inactive|Mondeydoo has 15 seconds left.
|
|t:|1760791331
|switch|p2a: Tornadus|Tornadus-Therian, M, shiny|100/100
|-damage|p2a: Tornadus|75/100|[from] Stealth Rock
|turn|59
|inactive|Mondeydoo has 25 seconds left this turn.
|
|t:|1760791335
|move|p1a: Dragonite|Extreme Speed|p2a: Tornadus
|-crit|p2a: Tornadus
|-damage|p2a: Tornadus|0 fnt
|faint|p2a: Tornadus
|
|win|papa macaroni
|raw|papa macaroni's rating: 1153 &rarr; <strong>1176</strong><br />(+23 for winning)
|raw|Mondeydoo's rating: 1121 &rarr; <strong>1098</strong><br />(-23 for losing)
|l|☆papa macaroni
|player|p1|
|l|☆Mondeydoo
|player|p2|
