|j|☆Enkidu504
|j|☆ineverhaxed
|t:|1760750766
|gametype|singles
|player|p1|Enkidu504|bellelba|1309
|player|p2|ineverhaxed|265|1271
|gen|9
|tier|[Gen 9] OU
|rated|
|rule|HP Percentage Mod: HP is shown in percentages
|rule|Endless Battle Clause: Forcing endless battles is banned
|rule|Species Clause: Limit one of each Pokémon
|rule|OHKO Clause: OHKO moves are banned
|rule|Evasion Items Clause: Evasion items are banned
|rule|Evasion Moves Clause: Evasion moves are banned
|rule|Evasion Abilities Clause: Evasion abilities are banned
|rule|Sleep Moves Clause: Sleep-inducing moves are banned
|clearpoke
|poke|p1|Indeedee, M|
|poke|p1|Hatterene, F|
|poke|p1|Polteageist-Antique|
|poke|p1|Armarouge, M|
|poke|p1|Hawlucha, M|
|poke|p1|Deoxys-Speed|
|poke|p2|Illumise, F|
|poke|p2|Cloyster, F|
|poke|p2|Blissey, F|
|poke|p2|Darkrai|
|poke|p2|Cinderace, M|
|poke|p2|Lokix, F|
|teampreview
|inactive|Battle timer is ON: inactive players will automatically lose when time's up. (requested by Enkidu504)
|
|t:|1760750772
|teamsize|p1|6
|teamsize|p2|6
|start
|switch|p1a: Deoxys|Deoxys-Speed|100/100
|switch|p2a: Illumise|Illumise, F|100/100
|-ability|p1a: Deoxys|Pressure
|turn|1
|
|t:|1760750780
|move|p1a: Deoxys|Stealth Rock|p2a: Illumise
|-sidestart|p2: ineverhaxed|move: Stealth Rock
|move|p2a: Illumise|Infestation|p1a: Deoxys
|-supereffective|p1a: Deoxys
|-damage|p1a: Deoxys|85/100
|-activate|p1a: Deoxys|move: Infestation|[of] p2a: Illumise
|
|-damage|p1a: Deoxys|72/100|[from] move: Infestation|[partiallytrapped]
|upkeep
|turn|2
|
|t:|1760750784
|move|p2a: Illumise|Encore|p1a: Deoxys
|-start|p1a: Deoxys|Encore
|move|p1a: Deoxys|Stealth Rock||[still]
|-fail|p1a: Deoxys
|
|-damage|p1a: Deoxys|60/100|[from] move: Infestation|[partiallytrapped]
|upkeep
|turn|3
|
|t:|1760750790
|move|p2a: Illumise|Substitute|p2a: Illumise
|-start|p2a: Illumise|Substitute
|-damage|p2a: Illumise|76/100
|move|p1a: Deoxys|Stealth Rock||[still]
|-fail|p1a: Deoxys
|
|-heal|p2a: Illumise|82/100|[from] item: Leftovers
|-damage|p1a: Deoxys|47/100|[from] move: Infestation|[partiallytrapped]
|upkeep
|turn|4
|
|t:|1760750794
|move|p1a: Deoxys|Stealth Rock||[still]
|-fail|p1a: Deoxys
|move|p2a: Illumise|Infestation|p1a: Deoxys
|-supereffective|p1a: Deoxys
|-damage|p1a: Deoxys|30/100
|
|-heal|p2a: Illumise|88/100|[from] item: Leftovers
|-damage|p1a: Deoxys|18/100|[from] move: Infestation|[partiallytrapped]
|-end|p1a: Deoxys|Encore
|upkeep
|turn|5
|
|t:|1760750803
|move|p2a: Illumise|Encore|p1a: Deoxys
|-start|p1a: Deoxys|Encore
|move|p1a: Deoxys|Stealth Rock||[still]
|-fail|p1a: Deoxys
|
|-heal|p2a: Illumise|94/100|[from] item: Leftovers
|-end|p1a: Deoxys|Infestation|[partiallytrapped]
|upkeep
|turn|6
|
|t:|1760750814
|move|p1a: Deoxys|Stealth Rock||[still]
|-fail|p1a: Deoxys
|move|p2a: Illumise|Infestation|p1a: Deoxys
|-supereffective|p1a: Deoxys
|-damage|p1a: Deoxys|0 fnt
|faint|p1a: Deoxys
|
|-heal|p2a: Illumise|99/100|[from] item: Leftovers
|upkeep
|
|t:|1760750828
|switch|p1a: Indeedee|Indeedee, M|100/100
|-fieldstart|move: Psychic Terrain|[from] ability: Psychic Surge|[of] p1a: Indeedee
|turn|7
|
|t:|1760750833
|switch|p1a: Hawlucha|Hawlucha, M|100/100
|-enditem|p1a: Hawlucha|Psychic Seed
|-boost|p1a: Hawlucha|spd|1|[from] item: Psychic Seed
|move|p2a: Illumise|Infestation|p1a: Hawlucha
|-resisted|p1a: Hawlucha
|-damage|p1a: Hawlucha|99/100
|-activate|p1a: Hawlucha|move: Infestation|[of] p2a: Illumise
|
|-heal|p2a: Illumise|100/100|[from] item: Leftovers
|-damage|p1a: Hawlucha|87/100|[from] move: Infestation|[partiallytrapped]
|upkeep
|turn|8
|
|t:|1760750837
|move|p1a: Hawlucha|Acrobatics|p2a: Illumise
|-supereffective|p2a: Illumise
|-end|p2a: Illumise|Substitute
|move|p2a: Illumise|Infestation|p1a: Hawlucha
|-resisted|p1a: Hawlucha
|-damage|p1a: Hawlucha|86/100
|
|-damage|p1a: Hawlucha|73/100|[from] move: Infestation|[partiallytrapped]
|upkeep
|turn|9
|
|t:|1760750846
|switch|p2a: Blissey|Blissey, F|100/100
|-damage|p2a: Blissey|88/100|[from] Stealth Rock
|move|p1a: Hawlucha|Acrobatics|p2a: Blissey
|-damage|p2a: Blissey|37/100
|
|-heal|p2a: Blissey|43/100|[from] item: Leftovers
|-end|p1a: Hawlucha|Infestation|[partiallytrapped]|[silent]
|upkeep
|turn|10
|
|t:|1760750850
|move|p1a: Hawlucha|Swords Dance|p1a: Hawlucha
|-boost|p1a: Hawlucha|atk|2
|move|p2a: Blissey|Thunderbolt|p1a: Hawlucha
|-supereffective|p1a: Hawlucha
|-damage|p1a: Hawlucha|33/100
|
|-heal|p2a: Blissey|49/100|[from] item: Leftovers
|upkeep
|turn|11
|
|t:|1760750855
|move|p1a: Hawlucha|Acrobatics|p2a: Blissey
|-damage|p2a: Blissey|0 fnt
|faint|p2a: Blissey
|
|upkeep
|
|t:|1760750867
|switch|p2a: Lokix|Lokix, F|100/100
|-damage|p2a: Lokix|75/100|[from] Stealth Rock
|turn|12
|
|t:|1760750873
|move|p2a: Lokix|Sucker Punch|p1a: Hawlucha
|-hint|Psychic Terrain doesn't affect Pokémon immune to Ground.
|-resisted|p1a: Hawlucha
|-damage|p1a: Hawlucha|0 fnt
|faint|p1a: Hawlucha
|
|upkeep
|
|t:|1760750886
|switch|p1a: Hatterene|Hatterene, F|100/100
|-enditem|p1a: Hatterene|Psychic Seed
|-boost|p1a: Hatterene|spd|1|[from] item: Psychic Seed
|turn|13
|
|t:|1760750895
|-terastallize|p2a: Lokix|Poison
|move|p2a: Lokix|Tera Blast|p1a: Hatterene|[anim] Tera Blast Poison
|-supereffective|p1a: Hatterene
|-damage|p1a: Hatterene|17/100
|move|p1a: Hatterene|Draining Kiss|p2a: Lokix
|-resisted|p2a: Lokix
|-damage|p2a: Lokix|47/100
|-heal|p1a: Hatterene|36/100|[from] drain|[of] p2a: Lokix
|
|upkeep
|turn|14
|
|t:|1760750904
|move|p2a: Lokix|Tera Blast|p1a: Hatterene|[anim] Tera Blast Poison
|-supereffective|p1a: Hatterene
|-damage|p1a: Hatterene|0 fnt
|faint|p1a: Hatterene
|
|-fieldend|move: Psychic Terrain
|upkeep
|
|t:|1760750906
|switch|p1a: Indeedee|Indeedee, M|100/100
|-fieldstart|move: Psychic Terrain|[from] ability: Psychic Surge|[of] p1a: Indeedee
|turn|15
|
|t:|1760750913
|move|p1a: Indeedee|Expanding Force|p2a: Lokix
|-supereffective|p2a: Lokix
|-damage|p2a: Lokix|0 fnt
|faint|p2a: Lokix
|
|upkeep
|
|t:|1760750918
|switch|p2a: Darkrai|Darkrai|100/100
|-damage|p2a: Darkrai|88/100|[from] Stealth Rock
|turn|16
|
|t:|1760750928
|move|p2a: Darkrai|Dark Pulse|p1a: Indeedee
|-supereffective|p1a: Indeedee
|-damage|p1a: Indeedee|0 fnt
|faint|p1a: Indeedee
|
|upkeep
|
|t:|1760750930
|switch|p1a: Polteageist|Polteageist-Antique|100/100
|turn|17
|
|t:|1760750935
|-terastallize|p1a: Polteageist|Fighting
|move|p2a: Darkrai|Dark Pulse|p1a: Polteageist
|-resisted|p1a: Polteageist
|-damage|p1a: Polteageist|75/100
|move|p1a: Polteageist|Shell Smash|p1a: Polteageist
|-unboost|p1a: Polteageist|def|1
|-unboost|p1a: Polteageist|spd|1
|-boost|p1a: Polteageist|atk|2
|-boost|p1a: Polteageist|spa|2
|-boost|p1a: Polteageist|spe|2
|
|upkeep
|turn|18
|
|t:|1760750957
|move|p2a: Darkrai|Dark Pulse|p1a: Polteageist
|-resisted|p1a: Polteageist
|-damage|p1a: Polteageist|35/100
|cant|p1a: Polteageist|flinch
|
|upkeep
|turn|19
|
|t:|1760750963
|move|p2a: Darkrai|Dark Pulse|p1a: Polteageist
|-resisted|p1a: Polteageist
|-damage|p1a: Polteageist|0 fnt
|faint|p1a: Polteageist
|
|upkeep
|-message|Enkidu504 forfeited.
|
|win|ineverhaxed
|raw|Enkidu504's rating: 1309 &rarr; <strong>1287</strong><br />(-22 for losing)
|raw|ineverhaxed's rating: 1271 &rarr; <strong>1299</strong><br />(+28 for winning)
|l|☆Enkidu504
|player|p1|
|l|☆ineverhaxed
|player|p2|
