|j|☆MicrowaveHeart
|j|☆Gojiratar
|t:|1760792173
|gametype|singles
|player|p1|MicrowaveHeart|workerice|1615
|player|p2|Gojiratar|rancher|1480
|gen|9
|tier|[Gen 9] OU
|rated|
|rule|HP Percentage Mod: HP is shown in percentages
|rule|Endless Battle Clause: Forcing endless battles is banned
|rule|Species Clause: Limit one of each Pokémon
|rule|OHKO Clause: OHKO moves are banned
|rule|Evasion Items Clause: Evasion items are banned
|rule|Evasion Moves Clause: Evasion moves are banned
|rule|Evasion Abilities Clause: Evasion abilities are banned
|rule|Sleep Moves Clause: Sleep-inducing moves are banned
|clearpoke
|poke|p1|Gholdengo|
|poke|p1|Incineroar, M|
|poke|p1|Ogerpon-Wellspring, F|
|poke|p1|Iron Treads|
|poke|p1|Tornadus-Therian, M|
|poke|p1|Mamoswine, F|
|poke|p2|Tyranitar, F|
|poke|p2|Zamazenta-*|
|poke|p2|Ting-Lu|
|poke|p2|Ogerpon-Wellspring, F|
|poke|p2|Raging Bolt|
|poke|p2|Corviknight, M|
|teampreview
|
|t:|1760792196
|teamsize|p1|6
|teamsize|p2|6
|start
|switch|p1a: Tornadus|Tornadus-Therian, M|100/100
|switch|p2a: slop|Ting-Lu|100/100
|-ability|p2a: slop|Vessel of Ruin
|turn|1
|
|t:|1760792226
|move|p1a: Tornadus|Knock Off|p2a: slop
|-resisted|p2a: slop
|-damage|p2a: slop|95/100
|-enditem|p2a: slop|Leftovers|[from] move: Knock Off|[of] p1a: Tornadus
|move|p2a: slop|Stealth Rock|p1a: Tornadus
|-sidestart|p1: MicrowaveHeart|move: Stealth Rock
|
|upkeep
|turn|2
|
|t:|1760792245
|move|p1a: Tornadus|U-turn|p2a: slop
|-supereffective|p2a: slop
|-damage|p2a: slop|80/100
|
|t:|1760792255
|switch|p1a: Mamoswine|Mamoswine, F, shiny|100/100|[from] U-turn
|-damage|p1a: Mamoswine|88/100|[from] Stealth Rock
|move|p2a: slop|Ruination|p1a: Mamoswine
|-damage|p1a: Mamoswine|44/100
|
|upkeep
|turn|3
|
|t:|1760792276
|switch|p2a: meta ridley|Corviknight, M|100/100
|-ability|p2a: meta ridley|Pressure
|move|p1a: Mamoswine|Icicle Crash|p2a: meta ridley
|-damage|p2a: meta ridley|72/100
|
|upkeep
|turn|4
|
|t:|1760792291
|move|p1a: Mamoswine|Icicle Crash|p2a: meta ridley
|-damage|p2a: meta ridley|47/100
|move|p2a: meta ridley|U-turn|p1a: Mamoswine
|-damage|p1a: Mamoswine|30/100
|
|t:|1760792297
|switch|p2a: fella|Ogerpon-Wellspring, F|100/100|[from] U-turn
|
|upkeep
|turn|5
|
|t:|1760792303
|switch|p1a: Gholdengo|Gholdengo|100/100
|-damage|p1a: Gholdengo|94/100|[from] Stealth Rock
|move|p2a: fella|Knock Off|p1a: Gholdengo
|-supereffective|p1a: Gholdengo
|-damage|p1a: Gholdengo|41/100
|-enditem|p1a: Gholdengo|Leftovers|[from] move: Knock Off|[of] p2a: fella
|
|upkeep
|turn|6
|
|t:|1760792315
|move|p2a: fella|Ivy Cudgel|p1a: Gholdengo|[anim] Ivy Cudgel Water
|-damage|p1a: Gholdengo|2/100
|move|p1a: Gholdengo|Recover|p1a: Gholdengo
|-heal|p1a: Gholdengo|52/100
|
|upkeep
|turn|7
|
|t:|1760792321
|move|p2a: fella|U-turn|p1a: Gholdengo
|-resisted|p1a: Gholdengo
|-damage|p1a: Gholdengo|48/100
|
|t:|1760792324
|switch|p2a: slop|Ting-Lu|80/100|[from] U-turn
|-ability|p2a: slop|Vessel of Ruin
|move|p1a: Gholdengo|Thunder Wave|p2a: slop
|-immune|p2a: slop
|
|upkeep
|turn|8
|
|t:|1760792330
|move|p1a: Gholdengo|Recover|p1a: Gholdengo
|-heal|p1a: Gholdengo|98/100
|move|p2a: slop|Earthquake|p1a: Gholdengo
|-supereffective|p1a: Gholdengo
|-damage|p1a: Gholdengo|47/100
|
|upkeep
|turn|9
|
|t:|1760792342
|switch|p1a: Ogerpon|Ogerpon-Wellspring, F|100/100
|-damage|p1a: Ogerpon|88/100|[from] Stealth Rock
|move|p2a: slop|Ruination|p1a: Ogerpon
|-damage|p1a: Ogerpon|44/100
|
|upkeep
|turn|10
|
|t:|1760792350
|switch|p2a: fella|Ogerpon-Wellspring, F|100/100
|move|p1a: Ogerpon|Horn Leech|p2a: fella
|-damage|p2a: fella|37/100
|-heal|p1a: Ogerpon|76/100|[from] drain|[of] p2a: fella
|
|upkeep
|turn|11
|
|t:|1760792359
|move|p2a: fella|Knock Off|p1a: Ogerpon
|-damage|p1a: Ogerpon|41/100
|move|p1a: Ogerpon|Horn Leech|p2a: fella
|-damage|p2a: fella|0 fnt
|-heal|p1a: Ogerpon|60/100|[from] drain|[of] p2a: fella
|faint|p2a: fella
|
|upkeep
|
|t:|1760792367
|switch|p2a: literal lil bro|Zamazenta|100/100
|-ability|p2a: literal lil bro|Dauntless Shield|boost
|-boost|p2a: literal lil bro|def|1
|turn|12
|
|t:|1760792376
|switch|p1a: Incineroar|Incineroar, M|100/100
|-ability|p1a: Incineroar|Intimidate|boost
|-unboost|p2a: literal lil bro|atk|1
|move|p2a: literal lil bro|Crunch|p1a: Incineroar
|-resisted|p1a: Incineroar
|-damage|p1a: Incineroar|95/100
|
|upkeep
|turn|13
|
|t:|1760792385
|switch|p2a: slop|Ting-Lu|80/100
|-ability|p2a: slop|Vessel of Ruin
|move|p1a: Incineroar|Will-O-Wisp|p2a: slop
|-status|p2a: slop|brn
|
|-damage|p2a: slop|74/100 brn|[from] brn
|upkeep
|turn|14
|
|t:|1760792395
|move|p1a: Incineroar|Parting Shot|p2a: slop
|-unboost|p2a: slop|atk|1
|-unboost|p2a: slop|spa|1
|
|t:|1760792398
|switch|p1a: Iron Treads|Iron Treads|100/100|[from] Parting Shot
|-damage|p1a: Iron Treads|97/100|[from] Stealth Rock
|move|p2a: slop|Ruination|p1a: Iron Treads
|-damage|p1a: Iron Treads|49/100
|
|-heal|p1a: Iron Treads|55/100|[from] item: Leftovers
|-damage|p2a: slop|67/100 brn|[from] brn
|upkeep
|turn|15
|
|t:|1760792409
|move|p1a: Iron Treads|Rapid Spin|p2a: slop
|-damage|p2a: slop|60/100 brn
|-boost|p1a: Iron Treads|spe|1
|-sideend|p1: MicrowaveHeart|Stealth Rock|[from] move: Rapid Spin|[of] p1a: Iron Treads
|move|p2a: slop|Earthquake|p1a: Iron Treads
|-supereffective|p1a: Iron Treads
|-damage|p1a: Iron Treads|35/100
|
|-heal|p1a: Iron Treads|41/100|[from] item: Leftovers
|-damage|p2a: slop|54/100 brn|[from] brn
|upkeep
|turn|16
|
|t:|1760792420
|move|p1a: Iron Treads|Stealth Rock|p2a: slop
|-sidestart|p2: Gojiratar|move: Stealth Rock
|move|p2a: slop|Stealth Rock|p1a: Iron Treads
|-sidestart|p1: MicrowaveHeart|move: Stealth Rock
|
|-heal|p1a: Iron Treads|47/100|[from] item: Leftovers
|-damage|p2a: slop|48/100 brn|[from] brn
|upkeep
|turn|17
|
|t:|1760792428
|move|p1a: Iron Treads|Rapid Spin|p2a: slop
|-damage|p2a: slop|41/100 brn
|-boost|p1a: Iron Treads|spe|1
|-sideend|p1: MicrowaveHeart|Stealth Rock|[from] move: Rapid Spin|[of] p1a: Iron Treads
|move|p2a: slop|Ruination|p1a: Iron Treads
|-damage|p1a: Iron Treads|24/100
|
|-heal|p1a: Iron Treads|30/100|[from] item: Leftovers
|-damage|p2a: slop|35/100 brn|[from] brn
|upkeep
|turn|18
|
|t:|1760792439
|move|p1a: Iron Treads|Earthquake|p2a: slop
|-damage|p2a: slop|15/100 brn
|move|p2a: slop|Stealth Rock|p1a: Iron Treads
|-sidestart|p1: MicrowaveHeart|move: Stealth Rock
|
|-heal|p1a: Iron Treads|36/100|[from] item: Leftovers
|-damage|p2a: slop|8/100 brn|[from] brn
|upkeep
|turn|19
|
|t:|1760792444
|switch|p2a: meta ridley|Corviknight, M|47/100
|-damage|p2a: meta ridley|34/100|[from] Stealth Rock
|-ability|p2a: meta ridley|Pressure
|move|p1a: Iron Treads|Rapid Spin|p2a: meta ridley
|-resisted|p2a: meta ridley
|-damage|p2a: meta ridley|30/100
|-boost|p1a: Iron Treads|spe|1
|-damage|p1a: Iron Treads|20/100|[from] item: Rocky Helmet|[of] p2a: meta ridley
|-sideend|p1: MicrowaveHeart|Stealth Rock|[from] move: Rapid Spin|[of] p1a: Iron Treads
|
|-heal|p1a: Iron Treads|26/100|[from] item: Leftovers
|upkeep
|turn|20
|
|t:|1760792458
|-end|p1a: Iron Treads|Quark Drive|[silent]
|switch|p1a: Gholdengo|Gholdengo|47/100
|move|p2a: meta ridley|Roost|p2a: meta ridley
|-heal|p2a: meta ridley|80/100
|-singleturn|p2a: meta ridley|move: Roost
|
|upkeep
|turn|21
|
|t:|1760792465
|switch|p2a: slop|Ting-Lu|8/100 brn
|-damage|p2a: slop|2/100 brn|[from] Stealth Rock
|-ability|p2a: slop|Vessel of Ruin
|move|p1a: Gholdengo|Recover|p1a: Gholdengo
|-heal|p1a: Gholdengo|97/100
|
|-damage|p2a: slop|0 fnt|[from] brn
|faint|p2a: slop
|upkeep
|
|t:|1760792475
|switch|p2a: my dishes|Tyranitar, F|100/100
|-damage|p2a: my dishes|88/100|[from] Stealth Rock
|-weather|Sandstorm|[from] ability: Sand Stream|[of] p2a: my dishes
|turn|22
|
|t:|1760792497
|-terastallize|p1a: Gholdengo|Fairy
|move|p2a: my dishes|Knock Off|p1a: Gholdengo
|-resisted|p1a: Gholdengo
|-damage|p1a: Gholdengo|78/100
|move|p1a: Gholdengo|Thunder Wave|p2a: my dishes
|-status|p2a: my dishes|par
|
|-weather|Sandstorm|[upkeep]
|-damage|p1a: Gholdengo|72/100|[from] Sandstorm
|upkeep
|turn|23
|
|t:|1760792509
|switch|p2a: Aging Bolt|Raging Bolt|100/100
|-damage|p2a: Aging Bolt|88/100|[from] Stealth Rock
|-enditem|p2a: Aging Bolt|Booster Energy
|-activate|p2a: Aging Bolt|ability: Protosynthesis|[fromitem]
|-start|p2a: Aging Bolt|protosynthesisspa
|move|p1a: Gholdengo|Make It Rain|p2a: Aging Bolt
|-resisted|p2a: Aging Bolt
|-damage|p2a: Aging Bolt|62/100
|-unboost|p1a: Gholdengo|spa|1
|
|-weather|Sandstorm|[upkeep]
|-damage|p2a: Aging Bolt|56/100|[from] Sandstorm
|-damage|p1a: Gholdengo|66/100|[from] Sandstorm
|upkeep
|turn|24
|
|t:|1760792530
|switch|p1a: Iron Treads|Iron Treads|26/100
|move|p2a: Aging Bolt|Dragon Pulse|p1a: Iron Treads
|-resisted|p1a: Iron Treads
|-damage|p1a: Iron Treads|0 fnt
|faint|p1a: Iron Treads
|-end|p1a: Iron Treads|Quark Drive|[silent]
|
|-weather|Sandstorm|[upkeep]
|-damage|p2a: Aging Bolt|50/100|[from] Sandstorm
|upkeep
|
|t:|1760792543
|switch|p1a: Mamoswine|Mamoswine, F, shiny|30/100
|turn|25
|
|t:|1760792547
|-end|p2a: Aging Bolt|Protosynthesis|[silent]
|switch|p2a: meta ridley|Corviknight, M|80/100
|-damage|p2a: meta ridley|68/100|[from] Stealth Rock
|-ability|p2a: meta ridley|Pressure
|move|p1a: Mamoswine|Ice Shard|p2a: meta ridley
|-damage|p2a: meta ridley|55/100
|
|-weather|Sandstorm|[upkeep]
|upkeep
|turn|26
|
|t:|1760792557
|switch|p1a: Gholdengo|Gholdengo, tera:Fairy|66/100
|move|p2a: meta ridley|Roost|p2a: meta ridley
|-heal|p2a: meta ridley|100/100
|-singleturn|p2a: meta ridley|move: Roost
|
|-weather|none
|upkeep
|turn|27
|
|t:|1760792569
|move|p1a: Gholdengo|Hex|p2a: meta ridley
|-damage|p2a: meta ridley|75/100
|move|p2a: meta ridley|Defog|p1a: Gholdengo
|-immune|p1a: Gholdengo|[from] ability: Good as Gold
|
|upkeep
|turn|28
|
|t:|1760792576
|move|p1a: Gholdengo|Thunder Wave|p2a: meta ridley
|-status|p2a: meta ridley|par
|move|p2a: meta ridley|Roost|p2a: meta ridley
|-heal|p2a: meta ridley|100/100 par
|-singleturn|p2a: meta ridley|move: Roost
|
|upkeep
|turn|29
|
|t:|1760792584
|move|p1a: Gholdengo|Hex|p2a: meta ridley
|-damage|p2a: meta ridley|49/100 par
|move|p2a: meta ridley|U-turn|p1a: Gholdengo
|-resisted|p1a: Gholdengo
|-damage|p1a: Gholdengo|61/100
|
|t:|1760792607
|switch|p2a: literal lil bro|Zamazenta|100/100|[from] U-turn
|
|upkeep
|turn|30
|
|t:|1760792620
|switch|p1a: Incineroar|Incineroar, M|95/100
|-ability|p1a: Incineroar|Intimidate|boost
|-unboost|p2a: literal lil bro|atk|1
|move|p2a: literal lil bro|Heavy Slam|p1a: Incineroar
|-resisted|p1a: Incineroar
|-damage|p1a: Incineroar|90/100
|
|upkeep
|turn|31
|
|t:|1760792629
|move|p2a: literal lil bro|Close Combat|p1a: Incineroar
|-supereffective|p1a: Incineroar
|-damage|p1a: Incineroar|41/100
|-unboost|p2a: literal lil bro|def|1
|-unboost|p2a: literal lil bro|spd|1
|move|p1a: Incineroar|Parting Shot|p2a: literal lil bro
|-unboost|p2a: literal lil bro|atk|1
|-unboost|p2a: literal lil bro|spa|1
|
|t:|1760792653
|switch|p1a: Ogerpon|Ogerpon-Wellspring, F|60/100|[from] Parting Shot
|
|upkeep
|turn|32
|
|t:|1760792680
|move|p2a: literal lil bro|Close Combat|p1a: Ogerpon
|-damage|p1a: Ogerpon|21/100
|-unboost|p2a: literal lil bro|def|1
|-unboost|p2a: literal lil bro|spd|1
|move|p1a: Ogerpon|Ivy Cudgel|p2a: literal lil bro|[anim] Ivy Cudgel Water
|-damage|p2a: literal lil bro|0 fnt
|faint|p2a: literal lil bro
|
|upkeep
|
|t:|1760792689
|switch|p2a: meta ridley|Corviknight, M|49/100 par
|-damage|p2a: meta ridley|37/100 par|[from] Stealth Rock
|-ability|p2a: meta ridley|Pressure
|turn|33
|
|t:|1760792705
|switch|p1a: Gholdengo|Gholdengo, tera:Fairy|61/100
|move|p2a: meta ridley|Roost|p2a: meta ridley
|-heal|p2a: meta ridley|87/100 par
|-singleturn|p2a: meta ridley|move: Roost
|
|upkeep
|turn|34
|
|t:|1760792728
|move|p1a: Gholdengo|Recover|p1a: Gholdengo
|-heal|p1a: Gholdengo|100/100
|cant|p2a: meta ridley|par
|
|upkeep
|turn|35
|
|t:|1760792737
|move|p1a: Gholdengo|Hex|p2a: meta ridley
|-damage|p2a: meta ridley|28/100 par
|move|p2a: meta ridley|U-turn|p1a: Gholdengo
|-resisted|p1a: Gholdengo
|-damage|p1a: Gholdengo|95/100
|
|t:|1760792753
|switch|p2a: my dishes|Tyranitar, F|88/100 par|[from] U-turn
|-damage|p2a: my dishes|76/100 par|[from] Stealth Rock
|-weather|Sandstorm|[from] ability: Sand Stream|[of] p2a: my dishes
|
|-weather|Sandstorm|[upkeep]
|-damage|p1a: Gholdengo|89/100|[from] Sandstorm
|upkeep
|turn|36
|
|t:|1760792785
|switch|p1a: Incineroar|Incineroar, M|41/100
|-ability|p1a: Incineroar|Intimidate|boost
|-unboost|p2a: my dishes|atk|1
|move|p2a: my dishes|Stone Edge|p1a: Incineroar
|-supereffective|p1a: Incineroar
|-crit|p1a: Incineroar
|-damage|p1a: Incineroar|0 fnt
|faint|p1a: Incineroar
|
|-weather|Sandstorm|[upkeep]
|upkeep
|
|t:|1760792803
|switch|p1a: Ogerpon|Ogerpon-Wellspring, F|21/100
|turn|37
|
|t:|1760792808
|switch|p2a: meta ridley|Corviknight, M|28/100 par
|-damage|p2a: meta ridley|15/100 par|[from] Stealth Rock
|-ability|p2a: meta ridley|Pressure
|move|p1a: Ogerpon|Ivy Cudgel|p2a: meta ridley|[anim] Ivy Cudgel Water
|-damage|p2a: meta ridley|0 fnt
|faint|p2a: meta ridley
|
|-weather|Sandstorm|[upkeep]
|-damage|p1a: Ogerpon|15/100|[from] Sandstorm
|upkeep
|
|t:|1760792811
|switch|p2a: Aging Bolt|Raging Bolt|50/100
|-damage|p2a: Aging Bolt|38/100|[from] Stealth Rock
|turn|38
|
|t:|1760792824
|move|p1a: Ogerpon|Ivy Cudgel|p2a: Aging Bolt|[anim] Ivy Cudgel Water
|-resisted|p2a: Aging Bolt
|-damage|p2a: Aging Bolt|9/100
|move|p2a: Aging Bolt|Dragon Pulse|p1a: Ogerpon
|-damage|p1a: Ogerpon|0 fnt
|faint|p1a: Ogerpon
|
|-weather|Sandstorm|[upkeep]
|-damage|p2a: Aging Bolt|3/100|[from] Sandstorm
|upkeep
|
|t:|1760792831
|switch|p1a: Mamoswine|Mamoswine, F, shiny|30/100
|turn|39
|
|t:|1760792836
|move|p1a: Mamoswine|Ice Shard|p2a: Aging Bolt
|-supereffective|p2a: Aging Bolt
|-damage|p2a: Aging Bolt|0 fnt
|faint|p2a: Aging Bolt
|-end|p2a: Aging Bolt|Protosynthesis|[silent]
|
|-weather|none
|upkeep
|c|☆Gojiratar|gg
|
|t:|1760792840
|switch|p2a: my dishes|Tyranitar, F|76/100 par
|-damage|p2a: my dishes|64/100 par|[from] Stealth Rock
|-weather|Sandstorm|[from] ability: Sand Stream|[of] p2a: my dishes
|turn|40
|
|t:|1760792850
|move|p1a: Mamoswine|Earthquake|p2a: my dishes
|-supereffective|p2a: my dishes
|-damage|p2a: my dishes|0 fnt
|faint|p2a: my dishes
|
|win|MicrowaveHeart
|raw|MicrowaveHeart's rating: 1615 &rarr; <strong>1630</strong><br />(+15 for winning)
|raw|Gojiratar's rating: 1522 &rarr; <strong>1507</strong><br />(-15 for losing)
|l|☆MicrowaveHeart
|player|p1|
|l|☆Gojiratar
|player|p2|
