|j|☆beaudiddly
|j|☆suaiaj
|t:|1760718405
|gametype|singles
|player|p1|beaudiddly|beauty|1530
|player|p2|suaiaj|steven|1506
|gen|9
|tier|[Gen 9] OU
|rated|
|rule|HP Percentage Mod: HP is shown in percentages
|rule|Endless Battle Clause: Forcing endless battles is banned
|rule|Species Clause: Limit one of each Pokémon
|rule|OHKO Clause: OHKO moves are banned
|rule|Evasion Items Clause: Evasion items are banned
|rule|Evasion Moves Clause: Evasion moves are banned
|rule|Evasion Abilities Clause: Evasion abilities are banned
|rule|Sleep Moves Clause: Sleep-inducing moves are banned
|clearpoke
|poke|p1|Cinderace, F|
|poke|p1|Landorus-Therian, M|
|poke|p1|Cresselia, F|
|poke|p1|Iron Crown|
|poke|p1|Kingambit, M|
|poke|p1|Manaphy|
|poke|p2|Bellibolt, F|
|poke|p2|Pelipper, F|
|poke|p2|Barraskewda, M|
|poke|p2|Zapdos|
|poke|p2|Kingdra, F|
|poke|p2|Great Tusk|
|teampreview
|inactive|Battle timer is ON: inactive players will automatically lose when time's up. (requested by beaudiddly)
|inactive|beaudiddly has 120 seconds left.
|
|t:|1760718441
|teamsize|p1|6
|teamsize|p2|6
|start
|switch|p1a: Iron Crown|Iron Crown|100/100
|switch|p2a: Pelipper|Pelipper, F|100/100
|-weather|RainDance|[from] ability: Drizzle|[of] p2a: Pelipper
|turn|1
|
|t:|1760718457
|move|p1a: Iron Crown|Tachyon Cutter|p2a: Pelipper
|-resisted|p2a: Pelipper
|-damage|p2a: Pelipper|68/100
|-resisted|p2a: Pelipper
|-damage|p2a: Pelipper|34/100
|-hitcount|p2a: Pelipper|2
|move|p2a: Pelipper|Weather Ball|p1a: Iron Crown
|-damage|p1a: Iron Crown|33/100
|
|-weather|RainDance|[upkeep]
|upkeep
|turn|2
|
|t:|1760718478
|switch|p2a: Bellibolt|Bellibolt, F|100/100
|move|p1a: Iron Crown|Tachyon Cutter|p2a: Bellibolt
|-resisted|p2a: Bellibolt
|-damage|p2a: Bellibolt|87/100
|-start|p2a: Bellibolt|Charge|Tachyon Cutter|[from] ability: Electromorphosis
|-resisted|p2a: Bellibolt
|-damage|p2a: Bellibolt|74/100
|-start|p2a: Bellibolt|Charge|Tachyon Cutter|[from] ability: Electromorphosis
|-hitcount|p2a: Bellibolt|2
|
|-weather|RainDance|[upkeep]
|upkeep
|turn|3
|inactive|beaudiddly has 120 seconds left.
|
|t:|1760718524
|-end|p1a: Iron Crown|Quark Drive|[silent]
|switch|p1a: Cinderace|Cinderace, F|100/100
|move|p2a: Bellibolt|Parabolic Charge|p1a: Cinderace
|-damage|p1a: Cinderace|29/100
|-heal|p2a: Bellibolt|100/100|[from] drain|[of] p1a: Cinderace
|-end|p2a: Bellibolt|Charge|[silent]
|
|-weather|RainDance|[upkeep]
|upkeep
|turn|4
|
|t:|1760718537
|move|p1a: Cinderace|Will-O-Wisp|p2a: Bellibolt
|-status|p2a: Bellibolt|brn
|move|p2a: Bellibolt|Parabolic Charge|p1a: Cinderace
|-damage|p1a: Cinderace|0 fnt
|faint|p1a: Cinderace
|
|-weather|RainDance|[upkeep]
|-damage|p2a: Bellibolt|94/100 brn|[from] brn
|upkeep
|
|t:|1760718548
|switch|p1a: Landorus|Landorus-Therian, M|100/100
|-ability|p1a: Landorus|Intimidate|boost
|-unboost|p2a: Bellibolt|atk|1
|turn|5
|
|t:|1760718558
|-terastallize|p2a: Bellibolt|Grass
|move|p1a: Landorus|Stealth Rock|p2a: Bellibolt
|-sidestart|p2: suaiaj|move: Stealth Rock
|move|p2a: Bellibolt|Muddy Water|p1a: Landorus
|-supereffective|p1a: Landorus
|-damage|p1a: Landorus|0 fnt
|faint|p1a: Landorus
|
|-weather|RainDance|[upkeep]
|-damage|p2a: Bellibolt|88/100 brn|[from] brn
|upkeep
|inactive|beaudiddly has 90 seconds left.
|
|t:|1760718601
|switch|p1a: Iron Crown|Iron Crown|33/100
|turn|6
|
|t:|1760718608
|move|p1a: Iron Crown|Psychic Noise|p2a: Bellibolt
|-damage|p2a: Bellibolt|50/100 brn
|-start|p2a: Bellibolt|move: Heal Block
|-start|p2a: Bellibolt|Charge|Psychic Noise|[from] ability: Electromorphosis
|cant|p2a: Bellibolt|move: Heal Block|Parabolic Charge
|-end|p2a: Bellibolt|Charge|[silent]
|
|-weather|RainDance|[upkeep]
|-damage|p2a: Bellibolt|44/100 brn|[from] brn
|upkeep
|turn|7
|
|t:|1760718619
|move|p1a: Iron Crown|Psychic Noise|p2a: Bellibolt
|-damage|p2a: Bellibolt|3/100 brn
|-start|p2a: Bellibolt|Charge|Psychic Noise|[from] ability: Electromorphosis
|move|p2a: Bellibolt|Thunderbolt|p1a: Iron Crown
|-damage|p1a: Iron Crown|0 fnt
|faint|p1a: Iron Crown
|-end|p1a: Iron Crown|Quark Drive|[silent]
|-end|p2a: Bellibolt|Charge|[silent]
|
|-weather|RainDance|[upkeep]
|-damage|p2a: Bellibolt|0 fnt|[from] brn
|faint|p2a: Bellibolt
|upkeep
|
|t:|1760718634
|switch|p1a: Manaphy|Manaphy|100/100
|switch|p2a: Great Tusk|Great Tusk|100/100
|-damage|p2a: Great Tusk|98/100|[from] Stealth Rock
|-enditem|p2a: Great Tusk|Booster Energy
|-activate|p2a: Great Tusk|ability: Protosynthesis|[fromitem]
|-start|p2a: Great Tusk|protosynthesisatk
|turn|8
|
|t:|1760718648
|-terastallize|p1a: Manaphy|Ghost
|move|p1a: Manaphy|Scald|p2a: Great Tusk
|-supereffective|p2a: Great Tusk
|-damage|p2a: Great Tusk|0 fnt
|faint|p2a: Great Tusk
|-end|p2a: Great Tusk|Protosynthesis|[silent]
|
|-weather|none
|upkeep
|
|t:|1760718657
|switch|p2a: Pelipper|Pelipper, F|34/100
|-damage|p2a: Pelipper|9/100|[from] Stealth Rock
|-weather|RainDance|[from] ability: Drizzle|[of] p2a: Pelipper
|turn|9
|
|t:|1760718668
|switch|p1a: Kingambit|Kingambit, M|100/100
|-activate|p1a: Kingambit|ability: Supreme Overlord
|-start|p1a: Kingambit|fallen3|[silent]
|move|p2a: Pelipper|Weather Ball|p1a: Kingambit
|-damage|p1a: Kingambit|22/100
|
|-weather|RainDance|[upkeep]
|-heal|p1a: Kingambit|29/100|[from] item: Leftovers
|upkeep
|turn|10
|
|t:|1760718677
|move|p1a: Kingambit|Swords Dance|p1a: Kingambit
|-boost|p1a: Kingambit|atk|2
|move|p2a: Pelipper|Weather Ball|p1a: Kingambit
|-damage|p1a: Kingambit|0 fnt
|faint|p1a: Kingambit
|-end|p1a: Kingambit|fallen3|[silent]
|
|-weather|RainDance|[upkeep]
|upkeep
|
|t:|1760718690
|switch|p1a: Cresselia|Cresselia, F|100/100
|turn|11
|
|t:|1760718693
|move|p1a: Cresselia|Ice Beam|p2a: Pelipper
|-damage|p2a: Pelipper|0 fnt
|faint|p2a: Pelipper
|
|-weather|RainDance|[upkeep]
|upkeep
|
|t:|1760718699
|switch|p2a: Kingdra|Kingdra, F|100/100
|-damage|p2a: Kingdra|88/100|[from] Stealth Rock
|turn|12
|
|t:|1760718707
|move|p2a: Kingdra|Weather Ball|p1a: Cresselia
|-damage|p1a: Cresselia|37/100
|-damage|p2a: Kingdra|78/100|[from] item: Life Orb
|move|p1a: Cresselia|Thunder Wave|p2a: Kingdra
|-status|p2a: Kingdra|par
|
|-weather|RainDance|[upkeep]
|upkeep
|turn|13
|
|t:|1760718719
|move|p1a: Cresselia|Moonlight|p1a: Cresselia
|-heal|p1a: Cresselia|62/100
|move|p2a: Kingdra|Weather Ball|p1a: Cresselia
|-crit|p1a: Cresselia
|-damage|p1a: Cresselia|0 fnt
|faint|p1a: Cresselia
|-damage|p2a: Kingdra|68/100 par|[from] item: Life Orb
|
|-weather|RainDance|[upkeep]
|upkeep
|
|t:|1760718723
|switch|p1a: Manaphy|Manaphy, tera:Ghost|100/100
|turn|14
|
|t:|1760718734
|move|p1a: Manaphy|Take Heart|p1a: Manaphy
|-boost|p1a: Manaphy|spa|1
|-boost|p1a: Manaphy|spd|1
|move|p2a: Kingdra|Weather Ball|p1a: Manaphy
|-damage|p1a: Manaphy|47/100
|-damage|p2a: Kingdra|59/100 par|[from] item: Life Orb
|
|-weather|RainDance|[upkeep]
|-heal|p1a: Manaphy|53/100|[from] item: Leftovers
|upkeep
|turn|15
|
|t:|1760718746
|move|p1a: Manaphy|Take Heart|p1a: Manaphy
|-boost|p1a: Manaphy|spa|1
|-boost|p1a: Manaphy|spd|1
|cant|p2a: Kingdra|par
|
|-weather|RainDance|[upkeep]
|-heal|p1a: Manaphy|59/100|[from] item: Leftovers
|upkeep
|turn|16
|
|t:|1760718751
|move|p1a: Manaphy|Acid Armor|p1a: Manaphy
|-boost|p1a: Manaphy|def|2
|move|p2a: Kingdra|Weather Ball|p1a: Manaphy
|-damage|p1a: Manaphy|19/100
|-damage|p2a: Kingdra|49/100 par|[from] item: Life Orb
|
|-weather|none
|-heal|p1a: Manaphy|25/100|[from] item: Leftovers
|upkeep
|turn|17
|inactive|beaudiddly has 120 seconds left.
|
|t:|1760718763
|move|p1a: Manaphy|Take Heart|p1a: Manaphy
|-boost|p1a: Manaphy|spa|1
|-boost|p1a: Manaphy|spd|1
|move|p2a: Kingdra|Weather Ball|p1a: Manaphy
|-immune|p1a: Manaphy
|
|-heal|p1a: Manaphy|31/100|[from] item: Leftovers
|upkeep
|turn|18
|inactive|beaudiddly has 120 seconds left.
|
|t:|1760718772
|move|p1a: Manaphy|Acid Armor|p1a: Manaphy
|-boost|p1a: Manaphy|def|2
|move|p2a: Kingdra|Draco Meteor|p1a: Manaphy|[miss]
|-miss|p2a: Kingdra|p1a: Manaphy
|
|-heal|p1a: Manaphy|37/100|[from] item: Leftovers
|upkeep
|turn|19
|
|t:|1760718776
|move|p1a: Manaphy|Stored Power|p2a: Kingdra
|-damage|p2a: Kingdra|0 fnt
|faint|p2a: Kingdra
|
|-heal|p1a: Manaphy|44/100|[from] item: Leftovers
|upkeep
|
|t:|1760718780
|switch|p2a: Barraskewda|Barraskewda, M|100/100
|-damage|p2a: Barraskewda|88/100|[from] Stealth Rock
|turn|20
|
|t:|1760718787
|move|p2a: Barraskewda|Crunch|p1a: Manaphy
|-supereffective|p1a: Manaphy
|-damage|p1a: Manaphy|20/100
|-damage|p2a: Barraskewda|78/100|[from] item: Life Orb
|move|p1a: Manaphy|Stored Power|p2a: Barraskewda
|-damage|p2a: Barraskewda|0 fnt
|faint|p2a: Barraskewda
|
|-heal|p1a: Manaphy|26/100|[from] item: Leftovers
|upkeep
|
|t:|1760718794
|switch|p2a: Zapdos|Zapdos|100/100
|turn|21
|
|t:|1760718802
|move|p1a: Manaphy|Stored Power|p2a: Zapdos
|-crit|p2a: Zapdos
|-damage|p2a: Zapdos|0 fnt
|faint|p2a: Zapdos
|
|win|beaudiddly
|raw|beaudiddly's rating: 1530 &rarr; <strong>1549</strong><br />(+19 for winning)
|raw|suaiaj's rating: 1506 &rarr; <strong>1487</strong><br />(-19 for losing)
|l|☆suaiaj
|player|p2|
