|j|☆scrubtest98
|j|☆Maxacality
|t:|1760734097
|gametype|singles
|player|p1|scrubtest98|101|1286
|player|p2|Maxacality|brycenman|1301
|gen|9
|tier|[Gen 9] OU
|rated|
|rule|HP Percentage Mod: HP is shown in percentages
|rule|Endless Battle Clause: Forcing endless battles is banned
|rule|Species Clause: Limit one of each Pokémon
|rule|OHKO Clause: OHKO moves are banned
|rule|Evasion Items Clause: Evasion items are banned
|rule|Evasion Moves Clause: Evasion moves are banned
|rule|Evasion Abilities Clause: Evasion abilities are banned
|rule|Sleep Moves Clause: Sleep-inducing moves are banned
|clearpoke
|poke|p1|Zamazenta-*|
|poke|p1|Ninetales-Alola, M|
|poke|p1|Darkrai|
|poke|p1|Ceruledge, F|
|poke|p1|Gliscor, M|
|poke|p1|Hatterene, F|
|poke|p2|Ceruledge, M|
|poke|p2|Clodsire, M|
|poke|p2|Avalugg-Hisui, M|
|poke|p2|Thundurus, M|
|poke|p2|Quaquaval, M|
|poke|p2|Orthworm, M|
|teampreview
|
|t:|1760734109
|teamsize|p1|6
|teamsize|p2|6
|start
|switch|p1a: Ninetales|Ninetales-Alola, M|100/100
|switch|p2a: Thundurus|Thundurus, M|100/100
|-weather|Snowscape|[from] ability: Snow Warning|[of] p1a: Ninetales
|turn|1
|
|t:|1760734120
|move|p2a: Thundurus|Volt Switch|p1a: Ninetales
|-damage|p1a: Ninetales|65/100
|
|t:|1760734122
|switch|p2a: Ceruledge|Ceruledge, M|100/100|[from] Volt Switch
|move|p1a: Ninetales|Aurora Veil|p1a: Ninetales
|-sidestart|p1: scrubtest98|move: Aurora Veil
|
|-weather|Snowscape|[upkeep]
|upkeep
|turn|2
|
|t:|1760734130
|switch|p1a: Gliscor|Gliscor, M|100/100
|move|p2a: Ceruledge|Swords Dance|p2a: Ceruledge
|-boost|p2a: Ceruledge|atk|2
|
|-weather|Snowscape|[upkeep]
|-status|p1a: Gliscor|tox|[from] item: Toxic Orb
|upkeep
|turn|3
|
|t:|1760734136
|move|p2a: Ceruledge|Swords Dance|p2a: Ceruledge
|-boost|p2a: Ceruledge|atk|2
|move|p1a: Gliscor|Earthquake|p2a: Ceruledge
|-supereffective|p2a: Ceruledge
|-enditem|p2a: Ceruledge|Focus Sash
|-damage|p2a: Ceruledge|1/100
|-ability|p2a: Ceruledge|Weak Armor|boost
|-unboost|p2a: Ceruledge|def|1
|-boost|p2a: Ceruledge|spe|2
|
|-weather|Snowscape|[upkeep]
|upkeep
|turn|4
|
|t:|1760734141
|move|p2a: Ceruledge|Poltergeist|p1a: Gliscor|[miss]
|-miss|p2a: Ceruledge|p1a: Gliscor
|move|p1a: Gliscor|Earthquake|p2a: Ceruledge
|-supereffective|p2a: Ceruledge
|-crit|p2a: Ceruledge
|-damage|p2a: Ceruledge|0 fnt
|faint|p2a: Ceruledge
|
|-weather|Snowscape|[upkeep]
|upkeep
|
|t:|1760734144
|switch|p2a: Avalugg|Avalugg-Hisui, M|100/100
|turn|5
|
|t:|1760734154
|switch|p1a: Zamazenta|Zamazenta|100/100
|-ability|p1a: Zamazenta|Dauntless Shield|boost
|-boost|p1a: Zamazenta|def|1
|move|p2a: Avalugg|Stealth Rock|p1a: Zamazenta
|-sidestart|p1: scrubtest98|move: Stealth Rock
|
|-weather|none
|upkeep
|turn|6
|
|t:|1760734158
|move|p1a: Zamazenta|Iron Defense|p1a: Zamazenta
|-boost|p1a: Zamazenta|def|2
|move|p2a: Avalugg|Rapid Spin|p1a: Zamazenta
|-damage|p1a: Zamazenta|98/100
|-boost|p2a: Avalugg|spe|1
|
|upkeep
|turn|7
|
|t:|1760734165
|move|p1a: Zamazenta|Body Press|p2a: Avalugg
|-supereffective|p2a: Avalugg
|-crit|p2a: Avalugg
|-ability|p2a: Avalugg|Sturdy
|-damage|p2a: Avalugg|1/100
|move|p2a: Avalugg|Mountain Gale|p1a: Zamazenta
|-damage|p1a: Zamazenta|92/100
|
|upkeep
|turn|8
|-enditem|p2a: Avalugg|Custap Berry|[eat]
|-activate|p2a: Avalugg|item: Custap Berry|[consumed]
|
|t:|1760734168
|move|p2a: Avalugg|Mountain Gale|p1a: Zamazenta
|-damage|p1a: Zamazenta|84/100
|move|p1a: Zamazenta|Crunch|p2a: Avalugg
|-damage|p2a: Avalugg|0 fnt
|faint|p2a: Avalugg
|
|-sideend|p1: scrubtest98|move: Aurora Veil
|upkeep
|
|t:|1760734172
|switch|p2a: Thundurus|Thundurus, M|100/100
|turn|9
|
|t:|1760734180
|-terastallize|p2a: Thundurus|Flying
|move|p1a: Zamazenta|Body Press|p2a: Thundurus
|-resisted|p2a: Thundurus
|-damage|p2a: Thundurus|28/100
|move|p2a: Thundurus|Tera Blast|p1a: Zamazenta|[anim] Tera Blast Flying
|-supereffective|p1a: Zamazenta
|-damage|p1a: Zamazenta|0 fnt
|faint|p1a: Zamazenta
|
|upkeep
|
|t:|1760734193
|switch|p1a: Darkrai|Darkrai|100/100
|-damage|p1a: Darkrai|88/100|[from] Stealth Rock
|turn|10
|
|t:|1760734198
|switch|p2a: Clodsire|Clodsire, M|100/100
|move|p1a: Darkrai|Dark Pulse|p2a: Clodsire
|-damage|p2a: Clodsire|78/100
|
|-heal|p1a: Darkrai|94/100|[from] item: Leftovers
|upkeep
|turn|11
|
|t:|1760734203
|-terastallize|p1a: Darkrai|Poison
|move|p1a: Darkrai|Psyshock|p2a: Clodsire
|-supereffective|p2a: Clodsire
|-damage|p2a: Clodsire|20/100
|move|p2a: Clodsire|Toxic|p1a: Darkrai
|-immune|p1a: Darkrai
|
|-heal|p1a: Darkrai|99/100|[from] item: Leftovers
|upkeep
|turn|12
|
|t:|1760734209
|move|p1a: Darkrai|Nasty Plot|p1a: Darkrai
|-boost|p1a: Darkrai|spa|2
|move|p2a: Clodsire|Earthquake|p1a: Darkrai
|-supereffective|p1a: Darkrai
|-damage|p1a: Darkrai|31/100
|
|-heal|p1a: Darkrai|37/100|[from] item: Leftovers
|upkeep
|turn|13
|
|t:|1760734213
|move|p1a: Darkrai|Psyshock|p2a: Clodsire
|-supereffective|p2a: Clodsire
|-damage|p2a: Clodsire|0 fnt
|faint|p2a: Clodsire
|
|-heal|p1a: Darkrai|43/100|[from] item: Leftovers
|upkeep
|
|t:|1760734216
|switch|p2a: Thundurus|Thundurus, M, tera:Flying|28/100
|turn|14
|
|t:|1760734219
|move|p1a: Darkrai|Dark Pulse|p2a: Thundurus
|-damage|p2a: Thundurus|0 fnt
|faint|p2a: Thundurus
|
|-heal|p1a: Darkrai|49/100|[from] item: Leftovers
|upkeep
|
|t:|1760734221
|switch|p2a: Quaquaval|Quaquaval, M|100/100
|turn|15
|
|t:|1760734223
|move|p1a: Darkrai|Psyshock|p2a: Quaquaval
|-supereffective|p2a: Quaquaval
|-damage|p2a: Quaquaval|0 fnt
|faint|p2a: Quaquaval
|
|-heal|p1a: Darkrai|55/100|[from] item: Leftovers
|upkeep
|
|t:|1760734226
|switch|p2a: Orthworm|Orthworm, M|100/100
|turn|16
|
|t:|1760734229
|move|p1a: Darkrai|Dark Pulse|p2a: Orthworm
|-damage|p2a: Orthworm|0 fnt
|faint|p2a: Orthworm
|
|win|scrubtest98
|raw|scrubtest98's rating: 1286 &rarr; <strong>1312</strong><br />(+26 for winning)
|raw|Maxacality's rating: 1301 &rarr; <strong>1280</strong><br />(-21 for losing)
|l|☆scrubtest98
|player|p1|
|l|☆Maxacality
|player|p2|
