|j|☆crackstone
|j|☆nickolucky
|t:|1760797758
|gametype|singles
|player|p1|crackstone|265|1400
|player|p2|nickolucky|pokemonranger|1440
|gen|9
|tier|[Gen 9] OU
|rated|
|rule|HP Percentage Mod: HP is shown in percentages
|rule|Endless Battle Clause: Forcing endless battles is banned
|rule|Species Clause: Limit one of each Pokémon
|rule|OHKO Clause: OHKO moves are banned
|rule|Evasion Items Clause: Evasion items are banned
|rule|Evasion Moves Clause: Evasion moves are banned
|rule|Evasion Abilities Clause: Evasion abilities are banned
|rule|Sleep Moves Clause: Sleep-inducing moves are banned
|clearpoke
|poke|p1|Kingambit, M|
|poke|p1|Garchomp, M|
|poke|p1|Deoxys-Speed|
|poke|p1|Keldeo|
|poke|p1|Iron Moth|
|poke|p1|Gholdengo|
|poke|p2|Indeedee, M|
|poke|p2|Polteageist-Antique|
|poke|p2|Hatterene, F|
|poke|p2|Maushold-Four|
|poke|p2|Armarouge, F|
|poke|p2|Hawlucha, M|
|teampreview
|
|t:|1760797762
|teamsize|p1|6
|teamsize|p2|6
|start
|switch|p1a: Deoxys|Deoxys-Speed, shiny|100/100
|switch|p2a: Indeedee|Indeedee, M|100/100
|-ability|p1a: Deoxys|Pressure
|-fieldstart|move: Psychic Terrain|[from] ability: Psychic Surge|[of] p2a: Indeedee
|turn|1
|
|t:|1760797783
|switch|p2a: Hatterene|Hatterene, F|100/100
|move|p1a: Deoxys|Stealth Rock|p2a: Hatterene
|move|p2a: Hatterene|Stealth Rock|p1a: Deoxys|[from] ability: Magic Bounce
|-sidestart|p1: crackstone|move: Stealth Rock
|
|upkeep
|turn|2
|
|t:|1760797791
|move|p1a: Deoxys|Shadow Ball|p2a: Hatterene
|-supereffective|p2a: Hatterene
|-damage|p2a: Hatterene|40/100
|-enditem|p2a: Hatterene|Eject Button
|-damage|p1a: Deoxys|91/100|[from] item: Life Orb
|
|t:|1760797802
|switch|p2a: Hawlucha|Hawlucha, M|100/100
|-enditem|p2a: Hawlucha|Psychic Seed
|-boost|p2a: Hawlucha|spd|1|[from] item: Psychic Seed
|
|upkeep
|turn|3
|
|t:|1760797854
|move|p2a: Hawlucha|Encore|p1a: Deoxys
|-start|p1a: Deoxys|Encore
|move|p1a: Deoxys|Shadow Ball|p2a: Hawlucha
|-damage|p2a: Hawlucha|70/100
|-damage|p1a: Deoxys|81/100|[from] item: Life Orb
|
|upkeep
|turn|4
|
|t:|1760797872
|move|p2a: Hawlucha|Swords Dance|p2a: Hawlucha
|-boost|p2a: Hawlucha|atk|2
|move|p1a: Deoxys|Shadow Ball|p2a: Hawlucha
|-damage|p2a: Hawlucha|37/100
|-unboost|p2a: Hawlucha|spd|1
|-damage|p1a: Deoxys|71/100|[from] item: Life Orb
|
|upkeep
|turn|5
|
|t:|1760797880
|switch|p1a: Garchomp|Garchomp, M, shiny|100/100
|-damage|p1a: Garchomp|94/100|[from] Stealth Rock
|move|p2a: Hawlucha|Acrobatics|p1a: Garchomp
|-damage|p1a: Garchomp|12/100
|-damage|p2a: Hawlucha|24/100|[from] ability: Rough Skin|[of] p1a: Garchomp
|
|-heal|p1a: Garchomp|18/100|[from] item: Leftovers
|upkeep
|turn|6
|
|t:|1760797883
|move|p2a: Hawlucha|Acrobatics|p1a: Garchomp
|-damage|p1a: Garchomp|0 fnt
|-damage|p2a: Hawlucha|12/100|[from] ability: Rough Skin|[of] p1a: Garchomp
|faint|p1a: Garchomp
|
|upkeep
|
|t:|1760797886
|switch|p1a: Keldeo|Keldeo, shiny|100/100
|turn|7
|
|t:|1760797891
|switch|p1a: Meruem|Kingambit, M|100/100
|-damage|p1a: Meruem|94/100|[from] Stealth Rock
|-activate|p1a: Meruem|ability: Supreme Overlord
|-start|p1a: Meruem|fallen1|[silent]
|move|p2a: Hawlucha|Acrobatics|p1a: Meruem
|-resisted|p1a: Meruem
|-crit|p1a: Meruem
|-damage|p1a: Meruem|40/100
|
|-heal|p1a: Meruem|46/100|[from] item: Leftovers
|upkeep
|turn|8
|
|t:|1760797899
|move|p2a: Hawlucha|Acrobatics|p1a: Meruem
|-resisted|p1a: Meruem
|-damage|p1a: Meruem|7/100
|move|p1a: Meruem|Iron Head|p2a: Hawlucha
|-crit|p2a: Hawlucha
|-damage|p2a: Hawlucha|0 fnt
|faint|p2a: Hawlucha
|
|-heal|p1a: Meruem|13/100|[from] item: Leftovers
|-fieldend|move: Psychic Terrain
|upkeep
|
|t:|1760797914
|switch|p2a: Indeedee|Indeedee, M|100/100
|-fieldstart|move: Psychic Terrain|[from] ability: Psychic Surge|[of] p2a: Indeedee
|turn|9
|
|t:|1760797933
|move|p2a: Indeedee|Dazzling Gleam|p1a: Meruem
|-damage|p1a: Meruem|0 fnt
|faint|p1a: Meruem
|-end|p1a: Meruem|fallen1|[silent]
|
|upkeep
|
|t:|1760797938
|switch|p1a: Gholdengo|Gholdengo|100/100
|-damage|p1a: Gholdengo|94/100|[from] Stealth Rock
|turn|10
|
|t:|1760797945
|switch|p2a: Hatterene|Hatterene, F|40/100
|move|p1a: Gholdengo|Make It Rain|p2a: Hatterene
|-supereffective|p2a: Hatterene
|-damage|p2a: Hatterene|0 fnt
|-unboost|p1a: Gholdengo|spa|1
|faint|p2a: Hatterene
|
|upkeep
|
|t:|1760797965
|switch|p2a: Polteageist|Polteageist-Antique|100/100
|turn|11
|
|t:|1760798014
|move|p2a: Polteageist|Shell Smash|p2a: Polteageist
|-unboost|p2a: Polteageist|def|1
|-unboost|p2a: Polteageist|spd|1
|-boost|p2a: Polteageist|atk|2
|-boost|p2a: Polteageist|spa|2
|-boost|p2a: Polteageist|spe|2
|move|p1a: Gholdengo|Thunderbolt|p2a: Polteageist
|-damage|p2a: Polteageist|63/100
|
|upkeep
|turn|12
|
|t:|1760798024
|switch|p1a: Deoxys|Deoxys-Speed, shiny|71/100
|-damage|p1a: Deoxys|58/100|[from] Stealth Rock
|-ability|p1a: Deoxys|Pressure
|move|p2a: Polteageist|Shadow Ball|p1a: Deoxys
|-supereffective|p1a: Deoxys
|-damage|p1a: Deoxys|0 fnt
|faint|p1a: Deoxys
|
|upkeep
|inactive|Battle timer is ON: inactive players will automatically lose when time's up. (requested by crackstone)
|
|t:|1760798032
|switch|p1a: Keldeo|Keldeo, shiny|100/100
|turn|13
|
|t:|1760798036
|move|p2a: Polteageist|Stored Power|p1a: Keldeo
|-supereffective|p1a: Keldeo
|-damage|p1a: Keldeo|0 fnt
|faint|p1a: Keldeo
|
|upkeep
|-message|crackstone forfeited.
|
|win|nickolucky
|raw|crackstone's rating: 1418 &rarr; <strong>1399</strong><br />(-19 for losing)
|raw|nickolucky's rating: 1440 &rarr; <strong>1459</strong><br />(+19 for winning)
|l|☆crackstone
|player|p1|
|l|☆nickolucky
|player|p2|
