|j|☆kabutopzboy
|j|☆Exceperojo
|t:|1760770370
|gametype|singles
|player|p1|kabutopzboy|acetrainer-gen4|1218
|player|p2|Exceperojo|lillie-masters|1185
|gen|9
|tier|[Gen 9] OU
|rated|
|rule|HP Percentage Mod: HP is shown in percentages
|rule|Endless Battle Clause: Forcing endless battles is banned
|rule|Species Clause: Limit one of each Pokémon
|rule|OHKO Clause: OHKO moves are banned
|rule|Evasion Items Clause: Evasion items are banned
|rule|Evasion Moves Clause: Evasion moves are banned
|rule|Evasion Abilities Clause: Evasion abilities are banned
|rule|Sleep Moves Clause: Sleep-inducing moves are banned
|clearpoke
|poke|p1|Dragapult, F|
|poke|p1|Great Tusk|
|poke|p1|Zangoose, M|
|poke|p1|Zapdos|
|poke|p1|Clodsire, F|
|poke|p1|Ursaluna, M|
|poke|p2|Meowscarada, F|
|poke|p2|Ceruledge, M|
|poke|p2|Dragapult, M|
|poke|p2|Zapdos|
|poke|p2|Pawmot, F|
|poke|p2|Corviknight, F|
|teampreview
|inactive|Battle timer is ON: inactive players will automatically lose when time's up. (requested by Exceperojo)
|
|t:|1760770382
|teamsize|p1|6
|teamsize|p2|6
|start
|switch|p1a: Clodsire|Clodsire, F|100/100
|switch|p2a: Meowscarada|Meowscarada, F|100/100
|turn|1
|
|t:|1760770390
|move|p2a: Meowscarada|Triple Axel|p1a: Clodsire
|-start|p2a: Meowscarada|typechange|Ice|[from] ability: Protean
|-supereffective|p1a: Clodsire
|-damage|p1a: Clodsire|88/100
|-supereffective|p1a: Clodsire
|-damage|p1a: Clodsire|63/100
|-supereffective|p1a: Clodsire
|-damage|p1a: Clodsire|22/100
|-enditem|p1a: Clodsire|Sitrus Berry|[eat]
|-heal|p1a: Clodsire|47/100|[from] item: Sitrus Berry
|-hitcount|p1a: Clodsire|3
|move|p1a: Clodsire|Toxic Spikes|p2a: Meowscarada
|-sidestart|p2: Exceperojo|move: Toxic Spikes
|
|upkeep
|turn|2
|
|t:|1760770402
|switch|p1a: Zapp|Zapdos|100/100
|move|p2a: Meowscarada|Triple Axel|p1a: Zapp
|-supereffective|p1a: Zapp
|-damage|p1a: Zapp|86/100
|-supereffective|p1a: Zapp
|-damage|p1a: Zapp|56/100
|-supereffective|p1a: Zapp
|-damage|p1a: Zapp|12/100
|-hitcount|p1a: Zapp|3
|
|-heal|p1a: Zapp|19/100|[from] item: Leftovers
|upkeep
|turn|3
|
|t:|1760770413
|move|p2a: Meowscarada|Triple Axel|p1a: Zapp
|-supereffective|p1a: Zapp
|-damage|p1a: Zapp|4/100
|-status|p2a: Meowscarada|par|[from] ability: Static|[of] p1a: Zapp
|-supereffective|p1a: Zapp
|-damage|p1a: Zapp|0 fnt
|faint|p1a: Zapp
|-hitcount|p1: Zapp|2
|
|upkeep
|
|t:|1760770426
|switch|p1a: Zangoose|Zangoose, M, shiny|100/100
|turn|4
|
|t:|1760770431
|switch|p2a: Ceruledge|Ceruledge, M|100/100
|-status|p2a: Ceruledge|psn
|move|p1a: Zangoose|Close Combat|p2a: Ceruledge
|-immune|p2a: Ceruledge
|
|-damage|p2a: Ceruledge|88/100 psn|[from] psn
|-status|p1a: Zangoose|tox|[from] item: Toxic Orb
|upkeep
|turn|5
|
|t:|1760770440
|move|p1a: Zangoose|Knock Off|p2a: Ceruledge
|-supereffective|p2a: Ceruledge
|-damage|p2a: Ceruledge|0 fnt
|-enditem|p2a: Ceruledge|Life Orb|[from] move: Knock Off|[of] p1a: Zangoose
|faint|p2a: Ceruledge
|
|-damage|p1a: Zangoose|95/100 tox|[from] psn
|upkeep
|
|t:|1760770446
|switch|p2a: Corviknight|Corviknight, F|100/100
|turn|6
|
|t:|1760770450
|switch|p1a: Ursaluna|Ursaluna, M|100/100
|move|p2a: Corviknight|Defog|p1a: Ursaluna
|-unboost|p1a: Ursaluna|evasion|1
|-sideend|p2: Exceperojo|Toxic Spikes|[from] move: Defog|[of] p2a: Corviknight
|
|-status|p1a: Ursaluna|brn|[from] item: Flame Orb
|upkeep
|turn|7
|
|t:|1760770457
|move|p1a: Ursaluna|Supercell Slam|p2a: Corviknight
|-supereffective|p2a: Corviknight
|-damage|p2a: Corviknight|32/100
|move|p2a: Corviknight|Tailwind|p2a: Corviknight
|-sidestart|p2: Exceperojo|move: Tailwind
|
|-damage|p1a: Ursaluna|94/100 brn|[from] brn
|upkeep
|turn|8
|
|t:|1760770465
|move|p2a: Corviknight|Defog|p1a: Ursaluna
|-unboost|p1a: Ursaluna|evasion|1
|move|p1a: Ursaluna|Supercell Slam|p2a: Corviknight
|-supereffective|p2a: Corviknight
|-damage|p2a: Corviknight|0 fnt
|faint|p2a: Corviknight
|
|-damage|p1a: Ursaluna|88/100 brn|[from] brn
|upkeep
|
|t:|1760770473
|switch|p2a: Meowscarada|Meowscarada, F|100/100 par
|turn|9
|
|t:|1760770481
|-terastallize|p1a: Ursaluna|Electric
|cant|p2a: Meowscarada|par
|move|p1a: Ursaluna|Facade|p2a: Meowscarada
|-enditem|p2a: Meowscarada|Focus Sash
|-damage|p2a: Meowscarada|1/100 par
|
|-damage|p1a: Ursaluna|82/100 brn|[from] brn
|upkeep
|turn|10
|
|t:|1760770496
|move|p2a: Meowscarada|Flower Trick|p1a: Ursaluna
|-start|p2a: Meowscarada|typechange|Grass|[from] ability: Protean
|-crit|p1a: Ursaluna
|-damage|p1a: Ursaluna|44/100 brn
|move|p1a: Ursaluna|Facade|p2a: Meowscarada
|-crit|p2a: Meowscarada
|-damage|p2a: Meowscarada|0 fnt
|faint|p2a: Meowscarada
|
|-damage|p1a: Ursaluna|37/100 brn|[from] brn
|-sideend|p2: Exceperojo|move: Tailwind
|upkeep
|
|t:|1760770515
|switch|p2a: Pawmot|Pawmot, F|100/100
|turn|11
|
|t:|1760770525
|switch|p1a: Clodsire|Clodsire, F|47/100
|move|p2a: Pawmot|Revival Blessing|p2a: Pawmot
|
|t:|1760770534
|-heal|p2: Meowscarada|50/100|[from] move: Revival Blessing
|
|upkeep
|turn|12
|
|t:|1760770539
|move|p2a: Pawmot|Wish|p2a: Pawmot
|move|p1a: Clodsire|Toxic Spikes|p2a: Pawmot
|-sidestart|p2: Exceperojo|move: Toxic Spikes
|
|upkeep
|turn|13
|
|t:|1760770543
|switch|p2a: Meowscarada|Meowscarada, F|50/100
|-status|p2a: Meowscarada|psn
|move|p1a: Clodsire|Toxic Spikes|p2a: Meowscarada
|-sidestart|p2: Exceperojo|move: Toxic Spikes
|
|-heal|p2a: Meowscarada|100/100 psn|[from] move: Wish|[wisher] Pawmot
|-damage|p2a: Meowscarada|88/100 psn|[from] psn
|upkeep
|turn|14
|
|t:|1760770562
|move|p2a: Meowscarada|Triple Axel|p1a: Clodsire
|-start|p2a: Meowscarada|typechange|Ice|[from] ability: Protean
|-supereffective|p1a: Clodsire
|-damage|p1a: Clodsire|35/100
|-supereffective|p1a: Clodsire
|-crit|p1a: Clodsire
|-damage|p1a: Clodsire|0 fnt
|faint|p1a: Clodsire
|-hitcount|p1: Clodsire|2
|
|-damage|p2a: Meowscarada|76/100 psn|[from] psn
|upkeep
|inactive|kabutopzboy has 120 seconds left.
|
|t:|1760770588
|switch|p1a: Great Tusk|Great Tusk|100/100
|-enditem|p1a: Great Tusk|Booster Energy
|-activate|p1a: Great Tusk|ability: Protosynthesis|[fromitem]
|-start|p1a: Great Tusk|protosynthesisspe
|turn|15
|inactive|kabutopzboy has 120 seconds left.
|
|t:|1760770602
|switch|p2a: Dragapult|Dragapult, M|100/100
|-status|p2a: Dragapult|tox
|move|p1a: Great Tusk|Headlong Rush|p2a: Dragapult
|-damage|p2a: Dragapult|36/100 tox
|-unboost|p1a: Great Tusk|def|1
|-unboost|p1a: Great Tusk|spd|1
|
|-heal|p2a: Dragapult|42/100 tox|[from] item: Leftovers
|-damage|p2a: Dragapult|36/100 tox|[from] psn
|upkeep
|turn|16
|inactive|kabutopzboy has 120 seconds left.
|
|t:|1760770619
|move|p2a: Dragapult|Sucker Punch|p1a: Great Tusk
|-resisted|p1a: Great Tusk
|-damage|p1a: Great Tusk|90/100
|move|p1a: Great Tusk|Ice Spinner|p2a: Dragapult
|-supereffective|p2a: Dragapult
|-damage|p2a: Dragapult|0 fnt
|faint|p2a: Dragapult
|
|upkeep
|
|t:|1760770625
|switch|p2a: Meowscarada|Meowscarada, F|76/100 psn
|turn|17
|inactive|kabutopzboy has 120 seconds left.
|
|t:|1760770640
|-terastallize|p2a: Meowscarada|Steel
|move|p1a: Great Tusk|Ice Spinner|p2a: Meowscarada
|-resisted|p2a: Meowscarada
|-damage|p2a: Meowscarada|59/100 psn
|move|p2a: Meowscarada|Triple Axel|p1a: Great Tusk
|-supereffective|p1a: Great Tusk
|-damage|p1a: Great Tusk|79/100
|-supereffective|p1a: Great Tusk
|-damage|p1a: Great Tusk|57/100
|-supereffective|p1a: Great Tusk
|-damage|p1a: Great Tusk|26/100
|-hitcount|p1a: Great Tusk|3
|
|-damage|p2a: Meowscarada|47/100 psn|[from] psn
|upkeep
|turn|18
|inactive|kabutopzboy has 120 seconds left.
|
|t:|1760770656
|switch|p2a: Zapdos|Zapdos|100/100
|move|p1a: Great Tusk|Headlong Rush|p2a: Zapdos
|-immune|p2a: Zapdos
|
|upkeep
|turn|19
|inactive|kabutopzboy has 120 seconds left.
|
|t:|1760770668
|-end|p1a: Great Tusk|Protosynthesis|[silent]
|switch|p1a: Ursaluna|Ursaluna, M, tera:Electric|37/100 brn
|move|p2a: Zapdos|Hurricane|p1a: Ursaluna|[miss]
|-miss|p2a: Zapdos|p1a: Ursaluna
|
|-damage|p1a: Ursaluna|31/100 brn|[from] brn
|upkeep
|turn|20
|
|t:|1760770675
|move|p2a: Zapdos|Hurricane|p1a: Ursaluna
|-resisted|p1a: Ursaluna
|-damage|p1a: Ursaluna|0 fnt
|faint|p1a: Ursaluna
|
|upkeep
|
|t:|1760770680
|switch|p1a: Zangoose|Zangoose, M, shiny|95/100 tox
|turn|21
|
|t:|1760770683
|move|p1a: Zangoose|Facade|p2a: Zapdos
|-damage|p2a: Zapdos|0 fnt
|faint|p2a: Zapdos
|
|-damage|p1a: Zangoose|89/100 tox|[from] psn
|upkeep
|
|t:|1760770693
|switch|p2a: Meowscarada|Meowscarada, F, tera:Steel|47/100 psn
|turn|22
|
|t:|1760770705
|move|p2a: Meowscarada|Flower Trick|p1a: Zangoose
|-crit|p1a: Zangoose
|-damage|p1a: Zangoose|12/100 tox
|move|p1a: Zangoose|Close Combat|p2a: Meowscarada
|-supereffective|p2a: Meowscarada
|-damage|p2a: Meowscarada|0 fnt
|-unboost|p1a: Zangoose|def|1
|-unboost|p1a: Zangoose|spd|1
|faint|p2a: Meowscarada
|
|-damage|p1a: Zangoose|0 fnt|[from] psn
|faint|p1a: Zangoose
|upkeep
|-message|Exceperojo forfeited.
|
|win|kabutopzboy
|raw|kabutopzboy's rating: 1218 &rarr; <strong>1241</strong><br />(+23 for winning)
|raw|Exceperojo's rating: 1185 &rarr; <strong>1162</strong><br />(-23 for losing)
|l|☆Exceperojo
|player|p2|
|l|☆kabutopzboy
|player|p1|
