|j|☆Mr.villains
|j|☆Kazuelasnt
|t:|1760846850
|gametype|singles
|player|p1|Mr.villains|cynthia-gen4|1470
|player|p2|Kazuelasnt|cress|1497
|gen|9
|tier|[Gen 9] OU
|rated|
|rule|HP Percentage Mod: HP is shown in percentages
|rule|Endless Battle Clause: Forcing endless battles is banned
|rule|Species Clause: Limit one of each Pokémon
|rule|OHKO Clause: OHKO moves are banned
|rule|Evasion Items Clause: Evasion items are banned
|rule|Evasion Moves Clause: Evasion moves are banned
|rule|Evasion Abilities Clause: Evasion abilities are banned
|rule|Sleep Moves Clause: Sleep-inducing moves are banned
|clearpoke
|poke|p1|Kommo-o, M|
|poke|p1|Ninetales-Alola, F|
|poke|p1|Iron Crown|
|poke|p1|Rillaboom, F|
|poke|p1|Iron Moth|
|poke|p1|Serperior, M|
|poke|p2|Ninetales, M|
|poke|p2|Lilligant-Hisui, F|
|poke|p2|Walking Wake|
|poke|p2|Great Tusk|
|poke|p2|Iron Moth|
|poke|p2|Heatran, F|
|teampreview
|inactive|Battle timer is ON: inactive players will automatically lose when time's up. (requested by Mr.villains)
|
|t:|1760846862
|teamsize|p1|6
|teamsize|p2|6
|start
|switch|p1a: Iron Moth|Iron Moth|100/100
|switch|p2a: Ondulagua|Walking Wake|100/100
|-enditem|p1a: Iron Moth|Booster Energy
|-activate|p1a: Iron Moth|ability: Quark Drive|[fromitem]
|-start|p1a: Iron Moth|quarkdrivespe
|turn|1
|l|☆Kazuelasnt
|inactive|Kazuelasnt disconnected and has a minute to reconnect!
|player|p2|
|inactive|Kazuelasnt has 30 seconds to reconnect!
|inactive|Kazuelasnt has 20 seconds to reconnect!
|inactive|Kazuelasnt has 15 seconds to reconnect!
|j|☆Kazuelasnt
|inactive|Kazuelasnt reconnected and has 95 seconds left.
|player|p2|Kazuelasnt|cress|
|inactive|Kazuelasnt has 90 seconds left.
|
|t:|1760846927
|move|p1a: Iron Moth|Sludge Wave|p2a: Ondulagua
|-damage|p2a: Ondulagua|41/100
|move|p2a: Ondulagua|Hydro Steam|p1a: Iron Moth
|-supereffective|p1a: Iron Moth
|-damage|p1a: Iron Moth|0 fnt
|faint|p1a: Iron Moth
|-end|p1a: Iron Moth|Quark Drive|[silent]
|
|upkeep
|
|t:|1760846932
|switch|p1a: Rillaboom|Rillaboom, F|100/100
|-fieldstart|move: Grassy Terrain|[from] ability: Grassy Surge|[of] p1a: Rillaboom
|turn|2
|
|t:|1760846937
|-end|p2a: Ondulagua|Protosynthesis|[silent]
|switch|p2a: Cosa de Lava|Heatran, F|100/100
|-item|p2a: Cosa de Lava|Air Balloon
|move|p1a: Rillaboom|U-turn|p2a: Cosa de Lava
|-resisted|p2a: Cosa de Lava
|-damage|p2a: Cosa de Lava|95/100
|-enditem|p2a: Cosa de Lava|Air Balloon
|
|t:|1760846945
|switch|p1a: Kommo-o|Kommo-o, M|100/100|[from] U-turn
|
|-heal|p2a: Cosa de Lava|100/100|[from] Grassy Terrain
|upkeep
|turn|3
|
|t:|1760846955
|move|p1a: Kommo-o|Clangorous Soul|p1a: Kommo-o
|-boost|p1a: Kommo-o|atk|1
|-boost|p1a: Kommo-o|def|1
|-boost|p1a: Kommo-o|spa|1
|-boost|p1a: Kommo-o|spd|1
|-boost|p1a: Kommo-o|spe|1
|-damage|p1a: Kommo-o|68/100
|-enditem|p1a: Kommo-o|Throat Spray
|-boost|p1a: Kommo-o|spa|1|[from] item: Throat Spray
|move|p2a: Cosa de Lava|Taunt|p1a: Kommo-o
|-start|p1a: Kommo-o|move: Taunt
|
|-heal|p1a: Kommo-o|74/100|[from] Grassy Terrain
|upkeep
|turn|4
|inactive|Kazuelasnt has 120 seconds left.
|
|t:|1760846961
|move|p1a: Kommo-o|Clanging Scales|p2a: Cosa de Lava
|-resisted|p2a: Cosa de Lava
|-damage|p2a: Cosa de Lava|62/100
|-unboost|p1a: Kommo-o|def|1
|move|p2a: Cosa de Lava|Magma Storm|p1a: Kommo-o
|-resisted|p1a: Kommo-o
|-damage|p1a: Kommo-o|55/100
|-activate|p1a: Kommo-o|move: Magma Storm|[of] p2a: Cosa de Lava
|
|-heal|p1a: Kommo-o|61/100|[from] Grassy Terrain
|-heal|p2a: Cosa de Lava|68/100|[from] Grassy Terrain
|-damage|p1a: Kommo-o|49/100|[from] move: Magma Storm|[partiallytrapped]
|upkeep
|turn|5
|
|t:|1760846971
|move|p1a: Kommo-o|Clanging Scales|p2a: Cosa de Lava
|-resisted|p2a: Cosa de Lava
|-damage|p2a: Cosa de Lava|24/100
|-unboost|p1a: Kommo-o|def|1
|move|p2a: Cosa de Lava|Earth Power|p1a: Kommo-o
|-damage|p1a: Kommo-o|26/100
|
|-heal|p1a: Kommo-o|32/100|[from] Grassy Terrain
|-heal|p2a: Cosa de Lava|30/100|[from] Grassy Terrain
|-damage|p1a: Kommo-o|20/100|[from] move: Magma Storm|[partiallytrapped]
|upkeep
|turn|6
|
|t:|1760846978
|move|p1a: Kommo-o|Clanging Scales|p2a: Cosa de Lava
|-resisted|p2a: Cosa de Lava
|-crit|p2a: Cosa de Lava
|-damage|p2a: Cosa de Lava|0 fnt
|faint|p2a: Cosa de Lava
|-unboost|p1a: Kommo-o|def|1
|
|-heal|p1a: Kommo-o|26/100|[from] Grassy Terrain
|-end|p1a: Kommo-o|Magma Storm|[partiallytrapped]|[silent]
|-end|p1a: Kommo-o|move: Taunt
|upkeep
|
|t:|1760846986
|switch|p2a: Ferropolilla|Iron Moth|100/100
|-enditem|p2a: Ferropolilla|Booster Energy
|-activate|p2a: Ferropolilla|ability: Quark Drive|[fromitem]
|-start|p2a: Ferropolilla|quarkdrivespe
|turn|7
|
|t:|1760846991
|move|p2a: Ferropolilla|Sludge Wave|p1a: Kommo-o
|-damage|p1a: Kommo-o|0 fnt
|faint|p1a: Kommo-o
|
|upkeep
|
|t:|1760846996
|switch|p1a: Ninetales|Ninetales-Alola, F|100/100
|-weather|Snowscape|[from] ability: Snow Warning|[of] p1a: Ninetales
|turn|8
|
|t:|1760846999
|move|p2a: Ferropolilla|Substitute|p2a: Ferropolilla
|-start|p2a: Ferropolilla|Substitute
|-damage|p2a: Ferropolilla|76/100
|move|p1a: Ninetales|Aurora Veil|p1a: Ninetales
|-sidestart|p1: Mr.villains|move: Aurora Veil
|
|-weather|Snowscape|[upkeep]
|-heal|p2a: Ferropolilla|82/100|[from] Grassy Terrain
|upkeep
|turn|9
|
|t:|1760847007
|move|p2a: Ferropolilla|Fiery Dance|p1a: Ninetales
|-supereffective|p1a: Ninetales
|-damage|p1a: Ninetales|58/100
|move|p1a: Ninetales|Encore|p2a: Ferropolilla
|-start|p2a: Ferropolilla|Encore
|
|-weather|Snowscape|[upkeep]
|-heal|p2a: Ferropolilla|88/100|[from] Grassy Terrain
|-heal|p1a: Ninetales|64/100|[from] Grassy Terrain
|-fieldend|move: Grassy Terrain
|upkeep
|turn|10
|
|t:|1760847015
|switch|p1a: Rillaboom|Rillaboom, F|100/100
|-fieldstart|move: Grassy Terrain|[from] ability: Grassy Surge|[of] p1a: Rillaboom
|move|p2a: Ferropolilla|Fiery Dance|p1a: Rillaboom
|-supereffective|p1a: Rillaboom
|-damage|p1a: Rillaboom|54/100
|-boost|p2a: Ferropolilla|spa|1
|
|-weather|Snowscape|[upkeep]
|-heal|p2a: Ferropolilla|94/100|[from] Grassy Terrain
|-heal|p1a: Rillaboom|60/100|[from] Grassy Terrain
|upkeep
|turn|11
|
|t:|1760847019
|move|p2a: Ferropolilla|Fiery Dance|p1a: Rillaboom
|-supereffective|p1a: Rillaboom
|-damage|p1a: Rillaboom|0 fnt
|faint|p1a: Rillaboom
|
|-weather|Snowscape|[upkeep]
|-heal|p2a: Ferropolilla|100/100|[from] Grassy Terrain
|upkeep
|
|t:|1760847021
|switch|p1a: Iron Crown|Iron Crown|100/100
|-enditem|p1a: Iron Crown|Booster Energy
|-activate|p1a: Iron Crown|ability: Quark Drive|[fromitem]
|-start|p1a: Iron Crown|quarkdrivespe
|turn|12
|
|t:|1760847024
|-terastallize|p1a: Iron Crown|Fighting
|move|p2a: Ferropolilla|Fiery Dance|p1a: Iron Crown
|-damage|p1a: Iron Crown|68/100
|move|p1a: Iron Crown|Calm Mind|p1a: Iron Crown
|-boost|p1a: Iron Crown|spa|1
|-boost|p1a: Iron Crown|spd|1
|
|-weather|none
|-heal|p1a: Iron Crown|74/100|[from] Grassy Terrain
|-end|p2a: Ferropolilla|Encore
|upkeep
|turn|13
|
|t:|1760847031
|move|p2a: Ferropolilla|Sludge Wave|p1a: Iron Crown
|-damage|p1a: Iron Crown|49/100
|move|p1a: Iron Crown|Psychic Noise|p2a: Ferropolilla
|-supereffective|p2a: Ferropolilla
|-damage|p2a: Ferropolilla|3/100
|-start|p2a: Ferropolilla|move: Heal Block
|
|-heal|p1a: Iron Crown|55/100|[from] Grassy Terrain
|upkeep
|turn|14
|
|t:|1760847042
|move|p2a: Ferropolilla|Energy Ball|p1a: Iron Crown
|-damage|p1a: Iron Crown|35/100
|move|p1a: Iron Crown|Psychic Noise|p2a: Ferropolilla
|-supereffective|p2a: Ferropolilla
|-damage|p2a: Ferropolilla|0 fnt
|faint|p2a: Ferropolilla
|-end|p2a: Ferropolilla|Quark Drive|[silent]
|
|-heal|p1a: Iron Crown|41/100|[from] Grassy Terrain
|upkeep
|
|t:|1760847047
|switch|p2a: Chujin|Ninetales, M, shiny|100/100
|-weather|SunnyDay|[from] ability: Drought|[of] p2a: Chujin
|turn|15
|
|t:|1760847051
|move|p1a: Iron Crown|Calm Mind|p1a: Iron Crown
|-boost|p1a: Iron Crown|spa|1
|-boost|p1a: Iron Crown|spd|1
|move|p2a: Chujin|Weather Ball|p1a: Iron Crown
|-damage|p1a: Iron Crown|27/100
|
|-weather|SunnyDay|[upkeep]
|-heal|p1a: Iron Crown|33/100|[from] Grassy Terrain
|-sideend|p1: Mr.villains|move: Aurora Veil
|upkeep
|turn|16
|
|t:|1760847054
|move|p1a: Iron Crown|Psychic Noise|p2a: Chujin
|-damage|p2a: Chujin|20/100
|-start|p2a: Chujin|move: Heal Block
|move|p2a: Chujin|Encore|p1a: Iron Crown
|-start|p1a: Iron Crown|Encore
|
|-weather|SunnyDay|[upkeep]
|-heal|p1a: Iron Crown|39/100|[from] Grassy Terrain
|upkeep
|turn|17
|
|t:|1760847059
|move|p1a: Iron Crown|Psychic Noise|p2a: Chujin
|-damage|p2a: Chujin|0 fnt
|faint|p2a: Chujin
|
|-weather|SunnyDay|[upkeep]
|-heal|p1a: Iron Crown|46/100|[from] Grassy Terrain
|-fieldend|move: Grassy Terrain
|upkeep
|
|t:|1760847063
|switch|p2a: Mi Amada <3|Lilligant-Hisui, F|100/100
|turn|18
|
|t:|1760847068
|move|p2a: Mi Amada <3|Close Combat|p1a: Iron Crown
|-damage|p1a: Iron Crown|0 fnt
|-unboost|p2a: Mi Amada <3|def|1
|-unboost|p2a: Mi Amada <3|spd|1
|faint|p1a: Iron Crown
|-end|p1a: Iron Crown|Quark Drive|[silent]
|-damage|p2a: Mi Amada <3|91/100|[from] item: Life Orb
|
|-weather|SunnyDay|[upkeep]
|upkeep
|
|t:|1760847071
|switch|p1a: Ninetales|Ninetales-Alola, F|64/100
|-weather|Snowscape|[from] ability: Snow Warning|[of] p1a: Ninetales
|turn|19
|
|t:|1760847076
|move|p1a: Ninetales|Freeze-Dry|p2a: Mi Amada <3
|-supereffective|p2a: Mi Amada <3
|-damage|p2a: Mi Amada <3|1/100
|move|p2a: Mi Amada <3|Close Combat|p1a: Ninetales
|-damage|p1a: Ninetales|0 fnt
|-unboost|p2a: Mi Amada <3|def|1
|-unboost|p2a: Mi Amada <3|spd|1
|faint|p1a: Ninetales
|-damage|p2a: Mi Amada <3|0 fnt|[from] item: Life Orb
|faint|p2a: Mi Amada <3
|
|-weather|Snowscape|[upkeep]
|upkeep
|
|t:|1760847082
|switch|p1a: Serperior|Serperior, M|100/100
|switch|p2a: DA T U S K|Great Tusk|100/100
|turn|20
|
|t:|1760847088
|-terastallize|p2a: DA T U S K|Fairy
|move|p1a: Serperior|Leaf Storm|p2a: DA T U S K
|-damage|p2a: DA T U S K|52/100
|-boost|p1a: Serperior|spa|2
|move|p2a: DA T U S K|Temper Flare|p1a: Serperior
|-supereffective|p1a: Serperior
|-damage|p1a: Serperior|32/100
|
|-weather|Snowscape|[upkeep]
|-heal|p1a: Serperior|39/100|[from] item: Leftovers
|upkeep
|turn|21
|
|t:|1760847092
|move|p1a: Serperior|Leaf Storm|p2a: DA T U S K
|-damage|p2a: DA T U S K|0 fnt
|-boost|p1a: Serperior|spa|2
|faint|p2a: DA T U S K
|-end|p2a: DA T U S K|Protosynthesis|[silent]
|
|-weather|Snowscape|[upkeep]
|-heal|p1a: Serperior|45/100|[from] item: Leftovers
|upkeep
|
|t:|1760847095
|switch|p2a: Ondulagua|Walking Wake|41/100
|turn|22
|
|t:|1760847097
|move|p1a: Serperior|Dragon Pulse|p2a: Ondulagua
|-supereffective|p2a: Ondulagua
|-damage|p2a: Ondulagua|0 fnt
|faint|p2a: Ondulagua
|-end|p2a: Ondulagua|Protosynthesis|[silent]
|
|win|Mr.villains
|raw|Mr.villains's rating: 1470 &rarr; <strong>1492</strong><br />(+22 for winning)
|raw|Kazuelasnt's rating: 1497 &rarr; <strong>1475</strong><br />(-22 for losing)
|l|☆Mr.villains
|player|p1|
|l|☆Kazuelasnt
|player|p2|
