|j|☆SamiFawad
|j|☆healboy009
|t:|1760766999
|gametype|singles
|player|p1|SamiFawad|101|1435
|player|p2|healboy009|backpacker|1461
|gen|9
|tier|[Gen 9] OU
|rated|
|rule|HP Percentage Mod: HP is shown in percentages
|rule|Endless Battle Clause: Forcing endless battles is banned
|rule|Species Clause: Limit one of each Pokémon
|rule|OHKO Clause: OHKO moves are banned
|rule|Evasion Items Clause: Evasion items are banned
|rule|Evasion Moves Clause: Evasion moves are banned
|rule|Evasion Abilities Clause: Evasion abilities are banned
|rule|Sleep Moves Clause: Sleep-inducing moves are banned
|clearpoke
|poke|p1|Tornadus-Therian, M|
|poke|p1|Meowscarada, F|
|poke|p1|Great Tusk|
|poke|p1|Clodsire, F|
|poke|p1|Iron Crown|
|poke|p1|Ogerpon, F|
|poke|p2|Dondozo, M|
|poke|p2|Blissey, F|
|poke|p2|Gliscor, M|
|poke|p2|Toxapex, F|
|poke|p2|Clodsire, M|
|poke|p2|Slowpoke-Galar, F|
|teampreview
|
|t:|1760767013
|teamsize|p1|6
|teamsize|p2|6
|start
|switch|p1a: Meowscarada|Meowscarada, F|100/100
|switch|p2a: Gliscor|Gliscor, M|100/100
|turn|1
|
|t:|1760767020
|move|p2a: Gliscor|Protect|p2a: Gliscor
|-singleturn|p2a: Gliscor|Protect
|move|p1a: Meowscarada|Triple Axel|p2a: Gliscor
|-start|p1a: Meowscarada|typechange|Ice|[from] ability: Protean
|-activate|p2a: Gliscor|move: Protect
|
|-status|p2a: Gliscor|tox|[from] item: Toxic Orb
|upkeep
|turn|2
|
|t:|1760767027
|switch|p2a: Toxapex|Toxapex, F|100/100
|move|p1a: Meowscarada|Triple Axel|p2a: Toxapex
|-resisted|p2a: Toxapex
|-damage|p2a: Toxapex|97/100
|-resisted|p2a: Toxapex
|-damage|p2a: Toxapex|89/100
|-resisted|p2a: Toxapex
|-damage|p2a: Toxapex|78/100
|-hitcount|p2a: Toxapex|3
|
|upkeep
|turn|3
|
|t:|1760767032
|move|p1a: Meowscarada|Knock Off|p2a: Toxapex
|-damage|p2a: Toxapex|52/100
|-enditem|p2a: Toxapex|Heavy-Duty Boots|[from] move: Knock Off|[of] p1a: Meowscarada
|move|p2a: Toxapex|Infestation|p1a: Meowscarada
|-damage|p1a: Meowscarada|96/100
|-activate|p1a: Meowscarada|move: Infestation|[of] p2a: Toxapex
|
|-damage|p1a: Meowscarada|84/100|[from] move: Infestation|[partiallytrapped]
|upkeep
|turn|4
|
|t:|1760767036
|move|p1a: Meowscarada|U-turn|p2a: Toxapex
|-resisted|p2a: Toxapex
|-damage|p2a: Toxapex|43/100
|
|t:|1760767038
|switch|p1a: Iron Crown|Iron Crown|100/100|[from] U-turn
|move|p2a: Toxapex|Toxic|p1a: Iron Crown
|-immune|p1a: Iron Crown
|
|upkeep
|turn|5
|
|t:|1760767043
|switch|p2a: Clodsire|Clodsire, M|100/100
|move|p1a: Iron Crown|Psyshock|p2a: Clodsire
|-supereffective|p2a: Clodsire
|-damage|p2a: Clodsire|0 fnt
|faint|p2a: Clodsire
|
|upkeep
|
|t:|1760767049
|switch|p2a: Slowpoke|Slowpoke-Galar, F|100/100
|turn|6
|
|t:|1760767052
|-end|p1a: Iron Crown|Quark Drive|[silent]
|switch|p1a: Clodsire|Clodsire, F|100/100
|move|p2a: Slowpoke|Earthquake|p1a: Clodsire
|-supereffective|p1a: Clodsire
|-damage|p1a: Clodsire|64/100
|
|-heal|p1a: Clodsire|71/100|[from] item: Leftovers
|upkeep
|turn|7
|
|t:|1760767055
|move|p1a: Clodsire|Toxic|p2a: Slowpoke
|-status|p2a: Slowpoke|tox
|move|p2a: Slowpoke|Earthquake|p1a: Clodsire
|-supereffective|p1a: Clodsire
|-damage|p1a: Clodsire|31/100
|
|-heal|p1a: Clodsire|38/100|[from] item: Leftovers
|-damage|p2a: Slowpoke|94/100 tox|[from] psn
|upkeep
|turn|8
|
|t:|1760767058
|move|p1a: Clodsire|Recover|p1a: Clodsire
|-heal|p1a: Clodsire|88/100
|move|p2a: Slowpoke|Earthquake|p1a: Clodsire
|-supereffective|p1a: Clodsire
|-damage|p1a: Clodsire|51/100
|
|-heal|p1a: Clodsire|58/100|[from] item: Leftovers
|-damage|p2a: Slowpoke|82/100 tox|[from] psn
|upkeep
|turn|9
|
|t:|1760767061
|switch|p2a: Gliscor|Gliscor, M|100/100 tox
|move|p1a: Clodsire|Recover|p1a: Clodsire
|-heal|p1a: Clodsire|100/100
|
|upkeep
|turn|10
|
|t:|1760767066
|switch|p1a: Tornadus|Tornadus-Therian, M|100/100
|move|p2a: Gliscor|Knock Off|p1a: Tornadus
|-damage|p1a: Tornadus|72/100
|-enditem|p1a: Tornadus|Assault Vest|[from] move: Knock Off|[of] p2a: Gliscor
|
|upkeep
|turn|11
|
|t:|1760767070
|switch|p2a: Slowpoke|Slowpoke-Galar, F|100/100 tox
|move|p1a: Tornadus|Bleakwind Storm|p2a: Slowpoke
|-damage|p2a: Slowpoke|56/100 tox
|
|-damage|p2a: Slowpoke|49/100 tox|[from] psn
|upkeep
|turn|12
|
|t:|1760767077
|switch|p2a: Toxapex|Toxapex, F|76/100
|move|p1a: Tornadus|U-turn|p2a: Toxapex
|-resisted|p2a: Toxapex
|-damage|p2a: Toxapex|70/100
|
|t:|1760767083
|switch|p1a: Iron Crown|Iron Crown|100/100|[from] U-turn
|
|upkeep
|turn|13
|
|t:|1760767092
|switch|p2a: Slowpoke|Slowpoke-Galar, F|83/100 tox
|move|p1a: Iron Crown|Psychic Noise|p2a: Slowpoke
|-resisted|p2a: Slowpoke
|-damage|p2a: Slowpoke|58/100 tox
|-start|p2a: Slowpoke|move: Heal Block
|
|-damage|p2a: Slowpoke|52/100 tox|[from] psn
|upkeep
|turn|14
|
|t:|1760767101
|-end|p1a: Iron Crown|Quark Drive|[silent]
|switch|p1a: Meowscarada|Meowscarada, F|84/100
|switch|p2a: Blissey|Blissey, F|100/100
|
|upkeep
|turn|15
|
|t:|1760767108
|switch|p2a: Toxapex|Toxapex, F|100/100
|move|p1a: Meowscarada|Flower Trick|p2a: Toxapex
|-start|p1a: Meowscarada|typechange|Grass|[from] ability: Protean
|-crit|p2a: Toxapex
|-damage|p2a: Toxapex|65/100
|
|upkeep
|turn|16
|
|t:|1760767116
|move|p1a: Meowscarada|U-turn|p2a: Toxapex
|-resisted|p2a: Toxapex
|-damage|p2a: Toxapex|57/100
|
|t:|1760767121
|switch|p1a: Clodsire|Clodsire, F|100/100|[from] U-turn
|move|p2a: Toxapex|Infestation|p1a: Clodsire
|-resisted|p1a: Clodsire
|-damage|p1a: Clodsire|99/100
|-activate|p1a: Clodsire|move: Infestation|[of] p2a: Toxapex
|
|-heal|p1a: Clodsire|100/100|[from] item: Leftovers
|-damage|p1a: Clodsire|88/100|[from] move: Infestation|[partiallytrapped]
|upkeep
|turn|17
|
|t:|1760767127
|switch|p2a: Gliscor|Gliscor, M|100/100 tox
|move|p1a: Clodsire|Earthquake|p2a: Gliscor
|-immune|p2a: Gliscor
|
|-heal|p1a: Clodsire|94/100|[from] item: Leftovers
|-end|p1a: Clodsire|Infestation|[partiallytrapped]|[silent]
|upkeep
|turn|18
|
|t:|1760767133
|switch|p1a: Great Tusk|Great Tusk|100/100
|move|p2a: Gliscor|Knock Off|p1a: Great Tusk
|-resisted|p1a: Great Tusk
|-damage|p1a: Great Tusk|96/100
|-damage|p2a: Gliscor|84/100 tox|[from] item: Rocky Helmet|[of] p1a: Great Tusk
|-enditem|p1a: Great Tusk|Rocky Helmet|[from] move: Knock Off|[of] p2a: Gliscor
|
|-heal|p2a: Gliscor|96/100 tox|[from] ability: Poison Heal
|upkeep
|turn|19
|
|t:|1760767137
|move|p2a: Gliscor|Toxic|p1a: Great Tusk
|-status|p1a: Great Tusk|tox
|move|p1a: Great Tusk|Stealth Rock|p2a: Gliscor
|-sidestart|p2: healboy009|move: Stealth Rock
|
|-heal|p2a: Gliscor|100/100 tox|[from] ability: Poison Heal
|-damage|p1a: Great Tusk|90/100 tox|[from] psn
|upkeep
|turn|20
|
|t:|1760767142
|switch|p2a: Toxapex|Toxapex, F|90/100
|-damage|p2a: Toxapex|77/100|[from] Stealth Rock
|move|p1a: Great Tusk|Knock Off|p2a: Toxapex
|-damage|p2a: Toxapex|62/100
|
|-damage|p1a: Great Tusk|77/100 tox|[from] psn
|upkeep
|turn|21
|
|t:|1760767149
|-end|p1a: Great Tusk|Protosynthesis|[silent]
|switch|p1a: Iron Crown|Iron Crown|100/100
|switch|p2a: Gliscor|Gliscor, M|100/100 tox
|-damage|p2a: Gliscor|88/100 tox|[from] Stealth Rock
|
|-heal|p2a: Gliscor|100/100 tox|[from] ability: Poison Heal
|upkeep
|turn|22
|
|t:|1760767153
|move|p2a: Gliscor|Protect|p2a: Gliscor
|-singleturn|p2a: Gliscor|Protect
|move|p1a: Iron Crown|Psychic Noise|p2a: Gliscor
|-activate|p2a: Gliscor|move: Protect
|
|upkeep
|turn|23
|
|t:|1760767158
|switch|p2a: Slowpoke|Slowpoke-Galar, F|85/100 tox
|-damage|p2a: Slowpoke|72/100 tox|[from] Stealth Rock
|move|p1a: Iron Crown|Psychic Noise|p2a: Slowpoke
|-resisted|p2a: Slowpoke
|-damage|p2a: Slowpoke|50/100 tox
|-start|p2a: Slowpoke|move: Heal Block
|
|-damage|p2a: Slowpoke|43/100 tox|[from] psn
|upkeep
|turn|24
|
|t:|1760767165
|move|p1a: Iron Crown|Psychic Noise|p2a: Slowpoke
|-resisted|p2a: Slowpoke
|-damage|p2a: Slowpoke|22/100 tox
|move|p2a: Slowpoke|Earthquake|p1a: Iron Crown
|-supereffective|p1a: Iron Crown
|-damage|p1a: Iron Crown|67/100
|
|-damage|p2a: Slowpoke|9/100 tox|[from] psn
|-end|p2a: Slowpoke|move: Heal Block
|upkeep
|turn|25
|
|t:|1760767174
|switch|p2a: Blissey|Blissey, F|100/100
|move|p1a: Iron Crown|Psychic Noise|p2a: Blissey
|-damage|p2a: Blissey|79/100
|-start|p2a: Blissey|move: Heal Block
|
|upkeep
|turn|26
|
|t:|1760767180
|-end|p1a: Iron Crown|Quark Drive|[silent]
|switch|p1a: Ogerpon|Ogerpon, F|100/100
|move|p2a: Blissey|Seismic Toss|p1a: Ogerpon
|-damage|p1a: Ogerpon|67/100
|
|-end|p2a: Blissey|move: Heal Block
|upkeep
|turn|27
|
|t:|1760767183
|switch|p2a: Gliscor|Gliscor, M|100/100 tox
|-damage|p2a: Gliscor|88/100 tox|[from] Stealth Rock
|move|p1a: Ogerpon|Swords Dance|p1a: Ogerpon
|-boost|p1a: Ogerpon|atk|2
|
|-heal|p2a: Gliscor|100/100 tox|[from] ability: Poison Heal
|upkeep
|turn|28
|
|t:|1760767192
|-terastallize|p1a: Ogerpon|Grass
|detailschange|p1a: Ogerpon|Ogerpon-Teal-Tera, F, tera:Grass
|-ability|p1a: Ogerpon|Embody Aspect (Teal)|boost
|-boost|p1a: Ogerpon|spe|1
|move|p1a: Ogerpon|Ivy Cudgel|p2a: Gliscor
|-damage|p2a: Gliscor|1/100 tox
|move|p2a: Gliscor|Toxic|p1a: Ogerpon
|-status|p1a: Ogerpon|tox
|
|-damage|p1a: Ogerpon|61/100 tox|[from] psn
|-heal|p2a: Gliscor|13/100 tox|[from] ability: Poison Heal
|upkeep
|turn|29
|
|t:|1760767199
|switch|p2a: Dondozo|Dondozo, M|100/100
|move|p1a: Ogerpon|Swords Dance|p1a: Ogerpon
|-boost|p1a: Ogerpon|atk|2
|
|-damage|p1a: Ogerpon|49/100 tox|[from] psn
|upkeep
|turn|30
|
|t:|1760767204
|-terastallize|p2a: Dondozo|Grass
|move|p1a: Ogerpon|Ivy Cudgel|p2a: Dondozo
|-resisted|p2a: Dondozo
|-damage|p2a: Dondozo|83/100
|move|p2a: Dondozo|Avalanche|p1a: Ogerpon
|-supereffective|p1a: Ogerpon
|-damage|p1a: Ogerpon|0 fnt
|faint|p1a: Ogerpon
|detailschange|p1: Ogerpon|Ogerpon, F|[silent]
|
|upkeep
|
|t:|1760767211
|switch|p1a: Tornadus|Tornadus-Therian, M|100/100
|turn|31
|
|t:|1760767216
|switch|p2a: Toxapex|Toxapex, F|96/100
|-damage|p2a: Toxapex|83/100|[from] Stealth Rock
|move|p1a: Tornadus|U-turn|p2a: Toxapex
|-resisted|p2a: Toxapex
|-damage|p2a: Toxapex|77/100
|
|t:|1760767219
|switch|p1a: Iron Crown|Iron Crown|67/100|[from] U-turn
|
|upkeep
|turn|32
|
|t:|1760767226
|switch|p2a: Slowpoke|Slowpoke-Galar, F|42/100 tox
|-damage|p2a: Slowpoke|30/100 tox|[from] Stealth Rock
|move|p1a: Iron Crown|Psyshock|p2a: Slowpoke
|-resisted|p2a: Slowpoke
|-damage|p2a: Slowpoke|10/100 tox
|
|-damage|p2a: Slowpoke|3/100 tox|[from] psn
|upkeep
|turn|33
|
|t:|1760767233
|switch|p2a: Blissey|Blissey, F|79/100
|move|p1a: Iron Crown|Psyshock|p2a: Blissey
|-damage|p2a: Blissey|25/100
|
|upkeep
|turn|34
|
|t:|1760767236
|switch|p2a: Slowpoke|Slowpoke-Galar, F|37/100 tox
|-damage|p2a: Slowpoke|24/100 tox|[from] Stealth Rock
|move|p1a: Iron Crown|Psyshock|p2a: Slowpoke
|-resisted|p2a: Slowpoke
|-damage|p2a: Slowpoke|2/100 tox
|
|-damage|p2a: Slowpoke|0 fnt|[from] psn
|faint|p2a: Slowpoke
|upkeep
|
|t:|1760767240
|switch|p2a: Dondozo|Dondozo, M, tera:Grass|83/100
|turn|35
|
|t:|1760767247
|-end|p1a: Iron Crown|Quark Drive|[silent]
|switch|p1a: Clodsire|Clodsire, F|94/100
|move|p2a: Dondozo|Body Press|p1a: Clodsire
|-resisted|p1a: Clodsire
|-damage|p1a: Clodsire|78/100
|
|-heal|p1a: Clodsire|85/100|[from] item: Leftovers
|upkeep
|turn|36
|
|t:|1760767253
|switch|p2a: Blissey|Blissey, F|25/100
|move|p1a: Clodsire|Toxic|p2a: Blissey
|-status|p2a: Blissey|tox
|
|-heal|p1a: Clodsire|91/100|[from] item: Leftovers
|-damage|p2a: Blissey|19/100 tox|[from] psn
|upkeep
|turn|37
|
|t:|1760767259
|switch|p1a: Iron Crown|Iron Crown|67/100
|move|p2a: Blissey|Soft-Boiled|p2a: Blissey
|-heal|p2a: Blissey|69/100 tox
|
|-damage|p2a: Blissey|56/100 tox|[from] psn
|upkeep
|turn|38
|
|t:|1760767265
|-curestatus|p2a: Blissey|tox|[from] ability: Natural Cure
|switch|p2a: Dondozo|Dondozo, M, tera:Grass|83/100
|move|p1a: Iron Crown|Future Sight|p2a: Dondozo
|-start|p1a: Iron Crown|move: Future Sight
|
|upkeep
|turn|39
|
|t:|1760767287
|-end|p1a: Iron Crown|Quark Drive|[silent]
|switch|p1a: Meowscarada|Meowscarada, F|84/100
|move|p2a: Dondozo|Body Press|p1a: Meowscarada
|-supereffective|p1a: Meowscarada
|-damage|p1a: Meowscarada|0 fnt
|faint|p1a: Meowscarada
|
|upkeep
|
|t:|1760767294
|switch|p1a: Tornadus|Tornadus-Therian, M|100/100
|turn|40
|l|☆healboy009
|player|p2|
|inactive|Battle timer is ON: inactive players will automatically lose when time's up. (requested by SamiFawad)
|inactive|healboy009 has 30 seconds to reconnect!
|inactive|healboy009 has 20 seconds to reconnect!
|inactive|healboy009 has 15 seconds to reconnect!
|inactive|healboy009 has 10 seconds to reconnect!
|inactive|healboy009 has 5 seconds to reconnect!
|-message|healboy009 lost due to inactivity.
|
|win|SamiFawad
|raw|SamiFawad's rating: 1435 &rarr; <strong>1456</strong><br />(+21 for winning)
|raw|healboy009's rating: 1461 &rarr; <strong>1440</strong><br />(-21 for losing)
|l|☆SamiFawad
|player|p1|
