|j|☆Thai ladyboi
|j|☆roi_gluant
|t:|1760781300
|gametype|singles
|player|p1|Thai ladyboi|266|1355
|player|p2|roi_gluant|plasmagrunt-gen5bw|1369
|gen|9
|tier|[Gen 9] OU
|rated|
|rule|HP Percentage Mod: HP is shown in percentages
|rule|Endless Battle Clause: Forcing endless battles is banned
|rule|Species Clause: Limit one of each Pokémon
|rule|OHKO Clause: OHKO moves are banned
|rule|Evasion Items Clause: Evasion items are banned
|rule|Evasion Moves Clause: Evasion moves are banned
|rule|Evasion Abilities Clause: Evasion abilities are banned
|rule|Sleep Moves Clause: Sleep-inducing moves are banned
|clearpoke
|poke|p1|Ninetales-Alola, F|
|poke|p1|Weezing-Galar, F|
|poke|p1|Gholdengo|
|poke|p1|Ceruledge, M|
|poke|p1|Primarina, F|
|poke|p1|Dragonite, M|
|poke|p2|Samurott-Hisui, M|
|poke|p2|Deoxys-Defense|
|poke|p2|Great Tusk|
|poke|p2|Kingambit, M|
|poke|p2|Gholdengo|
|poke|p2|Clefable, F|
|teampreview
|inactive|Battle timer is ON: inactive players will automatically lose when time's up. (requested by Thai ladyboi)
|
|t:|1760781312
|teamsize|p1|6
|teamsize|p2|6
|start
|switch|p1a: Gholdengo|Gholdengo|100/100
|switch|p2a: Samurott|Samurott-Hisui, M|100/100
|turn|1
|
|t:|1760781319
|switch|p1a: Weezing|Weezing-Galar, F|100/100
|-ability|p1a: Weezing|Neutralizing Gas
|move|p2a: Samurott|Ceaseless Edge|p1a: Weezing
|-resisted|p1a: Weezing
|-damage|p1a: Weezing|90/100
|-damage|p2a: Samurott|84/100|[from] item: Rocky Helmet|[of] p1a: Weezing
|-sidestart|p1: Thai ladyboi|Spikes
|
|upkeep
|turn|2
|
|t:|1760781331
|switch|p2a: Gholdengo|Gholdengo|100/100
|-item|p2a: Gholdengo|Air Balloon
|move|p1a: Weezing|Defog|p2a: Gholdengo
|-unboost|p2a: Gholdengo|evasion|1
|-sideend|p1: Thai ladyboi|Spikes|[from] move: Defog|[of] p1a: Weezing
|
|upkeep
|turn|3
|
|t:|1760781344
|-end|p1a: Weezing|ability: Neutralizing Gas
|switch|p1a: Primarina|Primarina, F|100/100
|move|p2a: Gholdengo|Thunder Wave|p1a: Primarina
|-status|p1a: Primarina|par
|
|upkeep
|turn|4
|
|t:|1760781354
|move|p2a: Gholdengo|Make It Rain|p1a: Primarina
|-damage|p1a: Primarina|58/100 par
|-unboost|p2a: Gholdengo|spa|1
|move|p1a: Primarina|Surf|p2a: Gholdengo
|-damage|p2a: Gholdengo|42/100
|-enditem|p2a: Gholdengo|Air Balloon
|
|upkeep
|turn|5
|
|t:|1760781366
|switch|p2a: Samurott|Samurott-Hisui, M|84/100
|cant|p1a: Primarina|par
|
|upkeep
|turn|6
|
|t:|1760781372
|switch|p1a: Weezing|Weezing-Galar, F|90/100
|-ability|p1a: Weezing|Neutralizing Gas
|move|p2a: Samurott|Ceaseless Edge|p1a: Weezing
|-resisted|p1a: Weezing
|-damage|p1a: Weezing|80/100
|-damage|p2a: Samurott|67/100|[from] item: Rocky Helmet|[of] p1a: Weezing
|-sidestart|p1: Thai ladyboi|Spikes
|
|upkeep
|turn|7
|
|t:|1760781387
|switch|p2a: Deoxys|Deoxys-Defense|100/100
|move|p1a: Weezing|Defog|p2a: Deoxys
|-unboost|p2a: Deoxys|evasion|1
|-sideend|p1: Thai ladyboi|Spikes|[from] move: Defog|[of] p1a: Weezing
|
|upkeep
|turn|8
|
|t:|1760781397
|-end|p1a: Weezing|ability: Neutralizing Gas
|-ability|p2a: Deoxys|Pressure
|switch|p1a: Ninetales|Ninetales-Alola, F|100/100
|-weather|Snowscape|[from] ability: Snow Warning|[of] p1a: Ninetales
|move|p2a: Deoxys|Cosmic Power|p2a: Deoxys
|-boost|p2a: Deoxys|def|1
|-boost|p2a: Deoxys|spd|1
|
|-weather|Snowscape|[upkeep]
|upkeep
|turn|9
|
|t:|1760781408
|move|p1a: Ninetales|Encore|p2a: Deoxys
|-start|p2a: Deoxys|Encore
|move|p2a: Deoxys|Cosmic Power|p2a: Deoxys
|-boost|p2a: Deoxys|def|1
|-boost|p2a: Deoxys|spd|1
|
|-weather|Snowscape|[upkeep]
|upkeep
|turn|10
|
|t:|1760781416
|move|p1a: Ninetales|Aurora Veil|p1a: Ninetales
|-sidestart|p1: Thai ladyboi|move: Aurora Veil
|move|p2a: Deoxys|Cosmic Power|p2a: Deoxys
|-boost|p2a: Deoxys|def|1
|-boost|p2a: Deoxys|spd|1
|
|-weather|Snowscape|[upkeep]
|upkeep
|turn|11
|
|t:|1760781423
|move|p1a: Ninetales|Moonblast|p2a: Deoxys
|-damage|p2a: Deoxys|92/100
|move|p2a: Deoxys|Cosmic Power|p2a: Deoxys
|-boost|p2a: Deoxys|def|1
|-boost|p2a: Deoxys|spd|1
|
|-weather|Snowscape|[upkeep]
|-heal|p2a: Deoxys|98/100|[from] item: Leftovers
|-end|p2a: Deoxys|Encore
|upkeep
|turn|12
|
|t:|1760781433
|move|p1a: Ninetales|Encore|p2a: Deoxys
|-start|p2a: Deoxys|Encore
|move|p2a: Deoxys|Cosmic Power|p2a: Deoxys
|-boost|p2a: Deoxys|def|1
|-boost|p2a: Deoxys|spd|1
|
|-weather|none
|-heal|p2a: Deoxys|100/100|[from] item: Leftovers
|upkeep
|turn|13
|
|t:|1760781443
|switch|p1a: Weezing|Weezing-Galar, F|80/100
|-ability|p1a: Weezing|Neutralizing Gas
|move|p2a: Deoxys|Cosmic Power|p2a: Deoxys
|-boost|p2a: Deoxys|def|1
|-boost|p2a: Deoxys|spd|1
|
|upkeep
|turn|14
|
|t:|1760781451
|move|p2a: Deoxys|Cosmic Power|p2a: Deoxys
|-boost|p2a: Deoxys|def|0
|-boost|p2a: Deoxys|spd|0
|move|p1a: Weezing|Will-O-Wisp|p2a: Deoxys
|-status|p2a: Deoxys|brn
|
|-damage|p2a: Deoxys|94/100 brn|[from] brn
|-end|p2a: Deoxys|Encore
|upkeep
|turn|15
|
|t:|1760781462
|move|p2a: Deoxys|Stored Power|p1a: Weezing
|-supereffective|p1a: Weezing
|-damage|p1a: Weezing|0 fnt
|faint|p1a: Weezing
|-end|p1a: Weezing|ability: Neutralizing Gas
|-ability|p2a: Deoxys|Pressure
|
|-heal|p2a: Deoxys|100/100 brn|[from] item: Leftovers
|-damage|p2a: Deoxys|94/100 brn|[from] brn
|upkeep
|
|t:|1760781472
|switch|p1a: Ninetales|Ninetales-Alola, F|100/100
|-weather|Snowscape|[from] ability: Snow Warning|[of] p1a: Ninetales
|turn|16
|
|t:|1760781477
|move|p1a: Ninetales|Encore|p2a: Deoxys
|-start|p2a: Deoxys|Encore
|move|p2a: Deoxys|Stored Power|p1a: Ninetales
|-damage|p1a: Ninetales|55/100
|
|-weather|Snowscape|[upkeep]
|-heal|p2a: Deoxys|100/100 brn|[from] item: Leftovers
|-damage|p2a: Deoxys|94/100 brn|[from] brn
|upkeep
|turn|17
|
|t:|1760781490
|switch|p1a: Gholdengo|Gholdengo|100/100
|move|p2a: Deoxys|Stored Power|p1a: Gholdengo
|-resisted|p1a: Gholdengo
|-damage|p1a: Gholdengo|78/100
|
|-weather|Snowscape|[upkeep]
|-heal|p2a: Deoxys|100/100 brn|[from] item: Leftovers
|-damage|p2a: Deoxys|94/100 brn|[from] brn
|-sideend|p1: Thai ladyboi|move: Aurora Veil
|upkeep
|turn|18
|
|t:|1760781502
|-terastallize|p1a: Gholdengo|Dark
|move|p1a: Gholdengo|Nasty Plot|p1a: Gholdengo
|-boost|p1a: Gholdengo|spa|2
|move|p2a: Deoxys|Stored Power|p1a: Gholdengo
|-immune|p1a: Gholdengo
|
|-weather|Snowscape|[upkeep]
|-heal|p2a: Deoxys|100/100 brn|[from] item: Leftovers
|-damage|p2a: Deoxys|94/100 brn|[from] brn
|-end|p2a: Deoxys|Encore
|upkeep
|turn|19
|
|t:|1760781515
|switch|p2a: Clefable|Clefable, F|100/100
|move|p1a: Gholdengo|Nasty Plot|p1a: Gholdengo
|-boost|p1a: Gholdengo|spa|2
|
|-weather|Snowscape|[upkeep]
|upkeep
|turn|20
|
|t:|1760781526
|move|p1a: Gholdengo|Recover|p1a: Gholdengo
|-heal|p1a: Gholdengo|100/100
|move|p2a: Clefable|Moonblast|p1a: Gholdengo
|-supereffective|p1a: Gholdengo
|-damage|p1a: Gholdengo|40/100
|
|-weather|none
|upkeep
|turn|21
|
|t:|1760781535
|move|p1a: Gholdengo|Make It Rain|p2a: Clefable
|-supereffective|p2a: Clefable
|-damage|p2a: Clefable|0 fnt
|-unboost|p1a: Gholdengo|spa|1
|faint|p2a: Clefable
|
|upkeep
|
|t:|1760781543
|switch|p2a: Samurott|Samurott-Hisui, M|67/100
|turn|22
|
|t:|1760781551
|move|p2a: Samurott|Ceaseless Edge|p1a: Gholdengo
|-resisted|p1a: Gholdengo
|-damage|p1a: Gholdengo|19/100
|-sidestart|p1: Thai ladyboi|Spikes
|move|p1a: Gholdengo|Recover|p1a: Gholdengo
|-heal|p1a: Gholdengo|69/100
|
|upkeep
|turn|23
|
|t:|1760781561
|move|p2a: Samurott|Ceaseless Edge|p1a: Gholdengo
|-resisted|p1a: Gholdengo
|-damage|p1a: Gholdengo|50/100
|-sidestart|p1: Thai ladyboi|Spikes
|move|p1a: Gholdengo|Make It Rain|p2a: Samurott
|-resisted|p2a: Samurott
|-crit|p2a: Samurott
|-damage|p2a: Samurott|0 fnt
|-unboost|p1a: Gholdengo|spa|1
|faint|p2a: Samurott
|
|upkeep
|
|t:|1760781572
|switch|p2a: Great Tusk|Great Tusk|100/100
|turn|24
|
|t:|1760781587
|switch|p1a: Primarina|Primarina, F|58/100 par
|-damage|p1a: Primarina|41/100 par|[from] Spikes
|move|p2a: Great Tusk|Stealth Rock|p1a: Primarina
|-sidestart|p1: Thai ladyboi|move: Stealth Rock
|
|upkeep
|turn|25
|
|t:|1760781608
|move|p2a: Great Tusk|Headlong Rush|p1a: Primarina
|-damage|p1a: Primarina|0 fnt
|-unboost|p2a: Great Tusk|def|1
|-unboost|p2a: Great Tusk|spd|1
|faint|p1a: Primarina
|
|upkeep
|
|t:|1760781617
|switch|p1a: Ninetales|Ninetales-Alola, F|55/100
|-damage|p1a: Ninetales|38/100|[from] Spikes
|-damage|p1a: Ninetales|13/100|[from] Stealth Rock
|-weather|Snowscape|[from] ability: Snow Warning|[of] p1a: Ninetales
|turn|26
|
|t:|1760781625
|move|p1a: Ninetales|Moonblast|p2a: Great Tusk
|-supereffective|p2a: Great Tusk
|-damage|p2a: Great Tusk|0 fnt
|faint|p2a: Great Tusk
|-end|p2a: Great Tusk|Protosynthesis|[silent]
|
|-weather|Snowscape|[upkeep]
|upkeep
|
|t:|1760781639
|switch|p2a: Gholdengo|Gholdengo|42/100
|turn|27
|inactive|roi_gluant has 120 seconds left.
|
|t:|1760781675
|move|p1a: Ninetales|Aurora Veil|p1a: Ninetales
|-sidestart|p1: Thai ladyboi|move: Aurora Veil
|move|p2a: Gholdengo|Hex|p1a: Ninetales
|-damage|p1a: Ninetales|0 fnt
|faint|p1a: Ninetales
|
|-weather|Snowscape|[upkeep]
|upkeep
|
|t:|1760781683
|switch|p1a: Ceruledge|Ceruledge, M|100/100
|-damage|p1a: Ceruledge|84/100|[from] Spikes
|-damage|p1a: Ceruledge|59/100|[from] Stealth Rock
|turn|28
|inactive|roi_gluant has 120 seconds left.
|
|t:|1760781689
|move|p2a: Gholdengo|Thunder Wave|p1a: Ceruledge
|-status|p1a: Ceruledge|par
|move|p1a: Ceruledge|Bitter Blade|p2a: Gholdengo
|-supereffective|p2a: Gholdengo
|-damage|p2a: Gholdengo|0 fnt
|-heal|p1a: Ceruledge|78/100 par|[from] drain|[of] p2a: Gholdengo
|faint|p2a: Gholdengo
|
|-weather|Snowscape|[upkeep]
|upkeep
|inactive|roi_gluant has 120 seconds left.
|
|t:|1760781701
|switch|p2a: Kingambit|Kingambit, M|100/100
|-activate|p2a: Kingambit|ability: Supreme Overlord
|-start|p2a: Kingambit|fallen4|[silent]
|turn|29
|inactive|roi_gluant has 120 seconds left.
|
|t:|1760781720
|move|p2a: Kingambit|Kowtow Cleave|p1a: Ceruledge
|-supereffective|p1a: Ceruledge
|-crit|p1a: Ceruledge
|-damage|p1a: Ceruledge|0 fnt
|faint|p1a: Ceruledge
|
|-weather|Snowscape|[upkeep]
|upkeep
|-message|Thai ladyboi forfeited.
|
|win|roi_gluant
|raw|Thai ladyboi's rating: 1355 &rarr; <strong>1336</strong><br />(-19 for losing)
|raw|roi_gluant's rating: 1369 &rarr; <strong>1388</strong><br />(+19 for winning)
|l|☆Thai ladyboi
|player|p1|
|l|☆roi_gluant
|player|p2|
