|j|☆BlabberSaur
|j|☆oxlerd11
|t:|1760862006
|gametype|singles
|player|p1|BlabberSaur|silver|1252
|player|p2|oxlerd11|ingo|1223
|gen|9
|tier|[Gen 9] OU
|rated|
|rule|HP Percentage Mod: HP is shown in percentages
|rule|Endless Battle Clause: Forcing endless battles is banned
|rule|Species Clause: Limit one of each Pokémon
|rule|OHKO Clause: OHKO moves are banned
|rule|Evasion Items Clause: Evasion items are banned
|rule|Evasion Moves Clause: Evasion moves are banned
|rule|Evasion Abilities Clause: Evasion abilities are banned
|rule|Sleep Moves Clause: Sleep-inducing moves are banned
|clearpoke
|poke|p1|Skarmory, F|
|poke|p1|Blastoise, F|
|poke|p1|Blaziken, M|
|poke|p1|Great Tusk|
|poke|p1|Dragonite, F|
|poke|p1|Kingambit, M|
|poke|p2|Ludicolo, M|
|poke|p2|Landorus-Therian, M|
|poke|p2|Pelipper, M|
|poke|p2|Thundurus-Therian, M|
|poke|p2|Kingdra, F|
|poke|p2|Scizor, M|
|teampreview
|inactive|Battle timer is ON: inactive players will automatically lose when time's up. (requested by BlabberSaur)
|
|t:|1760862013
|teamsize|p1|6
|teamsize|p2|6
|start
|switch|p1a: Skarmory|Skarmory, F|100/100
|switch|p2a: Pelipper|Pelipper, M|100/100
|-weather|RainDance|[from] ability: Drizzle|[of] p2a: Pelipper
|turn|1
|
|t:|1760862021
|switch|p2a: Thundurus|Thundurus-Therian, M|100/100
|move|p1a: Skarmory|Stealth Rock|p2a: Thundurus
|-sidestart|p2: oxlerd11|move: Stealth Rock
|
|-weather|RainDance|[upkeep]
|upkeep
|turn|2
|
|t:|1760862034
|move|p2a: Thundurus|Weather Ball|p1a: Skarmory
|-damage|p1a: Skarmory|25/100
|move|p1a: Skarmory|Spikes|p2a: Thundurus
|-sidestart|p2: oxlerd11|Spikes
|
|-weather|RainDance|[upkeep]
|-heal|p1a: Skarmory|31/100|[from] item: Leftovers
|upkeep
|turn|3
|
|t:|1760862048
|move|p2a: Thundurus|Weather Ball|p1a: Skarmory
|-damage|p1a: Skarmory|0 fnt
|faint|p1a: Skarmory
|
|-weather|RainDance|[upkeep]
|upkeep
|
|t:|1760862054
|switch|p1a: Blastoise|Blastoise, F|100/100
|turn|4
|
|t:|1760862059
|-terastallize|p1a: Blastoise|Ground
|move|p2a: Thundurus|Wildbolt Storm|p1a: Blastoise
|-immune|p1a: Blastoise
|move|p1a: Blastoise|Shell Smash|p1a: Blastoise
|-unboost|p1a: Blastoise|def|1
|-unboost|p1a: Blastoise|spd|1
|-boost|p1a: Blastoise|atk|2
|-boost|p1a: Blastoise|spa|2
|-boost|p1a: Blastoise|spe|2
|-enditem|p1a: Blastoise|White Herb
|-clearnegativeboost|p1a: Blastoise|[silent]
|
|-weather|RainDance|[upkeep]
|upkeep
|turn|5
|
|t:|1760862079
|move|p1a: Blastoise|Ice Beam|p2a: Thundurus
|-supereffective|p2a: Thundurus
|-damage|p2a: Thundurus|0 fnt
|faint|p2a: Thundurus
|
|-weather|RainDance|[upkeep]
|upkeep
|
|t:|1760862094
|switch|p2a: Kingdra|Kingdra, F|100/100
|-damage|p2a: Kingdra|88/100|[from] Stealth Rock
|-damage|p2a: Kingdra|76/100|[from] Spikes
|turn|6
|
|t:|1760862100
|move|p2a: Kingdra|Weather Ball|p1a: Blastoise
|-supereffective|p1a: Blastoise
|-damage|p1a: Blastoise|0 fnt
|faint|p1a: Blastoise
|-damage|p2a: Kingdra|66/100|[from] item: Life Orb
|
|-weather|RainDance|[upkeep]
|upkeep
|
|t:|1760862111
|switch|p1a: Blaziken|Blaziken, M|100/100
|turn|7
|
|t:|1760862115
|move|p1a: Blaziken|Protect|p1a: Blaziken
|-singleturn|p1a: Blaziken|Protect
|move|p2a: Kingdra|Weather Ball|p1a: Blaziken
|-activate|p1a: Blaziken|move: Protect
|
|-weather|RainDance|[upkeep]
|-ability|p1a: Blaziken|Speed Boost|boost
|-boost|p1a: Blaziken|spe|1
|upkeep
|turn|8
|
|t:|1760862126
|move|p2a: Kingdra|Weather Ball|p1a: Blaziken
|-supereffective|p1a: Blaziken
|-enditem|p1a: Blaziken|Focus Sash
|-damage|p1a: Blaziken|1/100
|-damage|p2a: Kingdra|56/100|[from] item: Life Orb
|move|p1a: Blaziken|Swords Dance|p1a: Blaziken
|-boost|p1a: Blaziken|atk|2
|
|-weather|none
|-ability|p1a: Blaziken|Speed Boost|boost
|-boost|p1a: Blaziken|spe|1
|upkeep
|turn|9
|
|t:|1760862140
|move|p1a: Blaziken|Brick Break|p2a: Kingdra
|-damage|p2a: Kingdra|0 fnt
|faint|p2a: Kingdra
|
|-ability|p1a: Blaziken|Speed Boost|boost
|-boost|p1a: Blaziken|spe|1
|upkeep
|
|t:|1760862145
|switch|p2a: Pelipper|Pelipper, M|100/100
|-damage|p2a: Pelipper|75/100|[from] Stealth Rock
|-weather|RainDance|[from] ability: Drizzle|[of] p2a: Pelipper
|turn|10
|
|t:|1760862154
|move|p1a: Blaziken|Protect|p1a: Blaziken
|-singleturn|p1a: Blaziken|Protect
|move|p2a: Pelipper|Weather Ball|p1a: Blaziken
|-activate|p1a: Blaziken|move: Protect
|
|-weather|RainDance|[upkeep]
|-ability|p1a: Blaziken|Speed Boost|boost
|-boost|p1a: Blaziken|spe|1
|upkeep
|turn|11
|
|t:|1760862163
|move|p1a: Blaziken|Brick Break|p2a: Pelipper
|-resisted|p2a: Pelipper
|-damage|p2a: Pelipper|33/100
|move|p2a: Pelipper|Weather Ball|p1a: Blaziken
|-supereffective|p1a: Blaziken
|-crit|p1a: Blaziken
|-damage|p1a: Blaziken|0 fnt
|faint|p1a: Blaziken
|
|-weather|RainDance|[upkeep]
|upkeep
|
|t:|1760862175
|switch|p1a: Dragonite|Dragonite, F|100/100
|turn|12
|
|t:|1760862181
|move|p1a: Dragonite|Dragon Dance|p1a: Dragonite
|-boost|p1a: Dragonite|atk|1
|-boost|p1a: Dragonite|spe|1
|move|p2a: Pelipper|U-turn|p1a: Dragonite
|-resisted|p1a: Dragonite
|-damage|p1a: Dragonite|98/100
|
|t:|1760862187
|switch|p2a: Ludicolo|Ludicolo, M|100/100|[from] U-turn
|-damage|p2a: Ludicolo|88/100|[from] Stealth Rock
|-damage|p2a: Ludicolo|76/100|[from] Spikes
|
|-weather|RainDance|[upkeep]
|upkeep
|turn|13
|
|t:|1760862197
|move|p2a: Ludicolo|Ice Beam|p1a: Dragonite
|-supereffective|p1a: Dragonite
|-damage|p1a: Dragonite|0 fnt
|faint|p1a: Dragonite
|-damage|p2a: Ludicolo|66/100|[from] item: Life Orb
|
|-weather|RainDance|[upkeep]
|upkeep
|
|t:|1760862205
|switch|p1a: Kingambit|Kingambit, M|100/100
|-activate|p1a: Kingambit|ability: Supreme Overlord
|-start|p1a: Kingambit|fallen4|[silent]
|turn|14
|
|t:|1760862219
|move|p1a: Kingambit|Sucker Punch|p2a: Ludicolo
|-damage|p2a: Ludicolo|0 fnt
|faint|p2a: Ludicolo
|
|-weather|RainDance|[upkeep]
|upkeep
|
|t:|1760862225
|switch|p2a: Landorus|Landorus-Therian, M|100/100
|-damage|p2a: Landorus|88/100|[from] Stealth Rock
|-ability|p2a: Landorus|Intimidate|boost
|-unboost|p1a: Kingambit|atk|1
|turn|15
|
|t:|1760862239
|-end|p1a: Kingambit|fallen4|[silent]
|switch|p1a: Great Tusk|Great Tusk|100/100
|move|p2a: Landorus|Earthquake|p1a: Great Tusk
|-damage|p1a: Great Tusk|70/100
|
|-weather|RainDance|[upkeep]
|upkeep
|turn|16
|
|t:|1760862247
|move|p2a: Landorus|U-turn|p1a: Great Tusk
|-resisted|p1a: Great Tusk
|-damage|p1a: Great Tusk|64/100
|
|t:|1760862251
|switch|p2a: Scizor|Scizor, M|100/100|[from] U-turn
|move|p1a: Great Tusk|Ice Spinner|p2a: Scizor
|-resisted|p2a: Scizor
|-damage|p2a: Scizor|84/100
|
|-weather|RainDance|[upkeep]
|upkeep
|turn|17
|
|t:|1760862267
|move|p1a: Great Tusk|Earthquake|p2a: Scizor
|-damage|p2a: Scizor|30/100
|move|p2a: Scizor|Swords Dance|p2a: Scizor
|-boost|p2a: Scizor|atk|2
|
|-weather|none
|upkeep
|turn|18
|
|t:|1760862278
|move|p2a: Scizor|Bullet Punch|p1a: Great Tusk
|-damage|p1a: Great Tusk|28/100
|move|p1a: Great Tusk|Earthquake|p2a: Scizor
|-damage|p2a: Scizor|0 fnt
|faint|p2a: Scizor
|
|upkeep
|
|t:|1760862285
|switch|p2a: Pelipper|Pelipper, M|33/100
|-damage|p2a: Pelipper|8/100|[from] Stealth Rock
|-weather|RainDance|[from] ability: Drizzle|[of] p2a: Pelipper
|turn|19
|
|t:|1760862292
|move|p1a: Great Tusk|Rapid Spin|p2a: Pelipper
|-damage|p2a: Pelipper|0 fnt
|-boost|p1a: Great Tusk|spe|1
|faint|p2a: Pelipper
|
|-weather|RainDance|[upkeep]
|upkeep
|
|t:|1760862297
|switch|p2a: Landorus|Landorus-Therian, M|88/100
|-damage|p2a: Landorus|76/100|[from] Stealth Rock
|-ability|p2a: Landorus|Intimidate|boost
|-unboost|p1a: Great Tusk|atk|1
|turn|20
|
|t:|1760862304
|move|p1a: Great Tusk|Ice Spinner|p2a: Landorus
|-supereffective|p2a: Landorus
|-damage|p2a: Landorus|0 fnt
|-damage|p1a: Great Tusk|12/100|[from] item: Rocky Helmet|[of] p2a: Landorus
|faint|p2a: Landorus
|
|win|BlabberSaur
|raw|BlabberSaur's rating: 1252 &rarr; <strong>1275</strong><br />(+23 for winning)
|raw|oxlerd11's rating: 1223 &rarr; <strong>1200</strong><br />(-23 for losing)
|l|☆oxlerd11
|player|p2|
