|j|☆AC/DC1994
|j|☆usucklatias
|t:|1760750350
|gametype|singles
|player|p1|AC/DC1994|gentleman-gen4dp|1135
|player|p2|usucklatias|brycenman|1151
|gen|9
|tier|[Gen 9] OU
|rated|
|rule|HP Percentage Mod: HP is shown in percentages
|rule|Endless Battle Clause: Forcing endless battles is banned
|rule|Species Clause: Limit one of each Pokémon
|rule|OHKO Clause: OHKO moves are banned
|rule|Evasion Items Clause: Evasion items are banned
|rule|Evasion Moves Clause: Evasion moves are banned
|rule|Evasion Abilities Clause: Evasion abilities are banned
|rule|Sleep Moves Clause: Sleep-inducing moves are banned
|clearpoke
|poke|p1|Kleavor, M|
|poke|p1|Charizard, M|
|poke|p1|Oranguru, M|
|poke|p1|Muk-Alola, M|
|poke|p1|Granbull, M|
|poke|p1|Ampharos, F|
|poke|p2|Hoopa-Unbound|
|poke|p2|Hydrapple, M|
|poke|p2|Gliscor, F|
|poke|p2|Cinderace, F|
|poke|p2|Alomomola, F|
|poke|p2|Gholdengo|
|teampreview
|
|t:|1760750359
|teamsize|p1|6
|teamsize|p2|6
|start
|switch|p1a: Otto|Kleavor, M|100/100
|switch|p2a: Alomomola|Alomomola, F|100/100
|turn|1
|
|t:|1760750367
|move|p1a: Otto|Swords Dance|p1a: Otto
|-boost|p1a: Otto|atk|2
|move|p2a: Alomomola|Flip Turn|p1a: Otto
|-supereffective|p1a: Otto
|-damage|p1a: Otto|66/100
|
|t:|1760750373
|switch|p2a: Cinderace|Cinderace, F|100/100|[from] Flip Turn
|
|upkeep
|turn|2
|
|t:|1760750377
|move|p2a: Cinderace|Will-O-Wisp|p1a: Otto
|-status|p1a: Otto|brn
|move|p1a: Otto|Stone Axe|p2a: Cinderace
|-supereffective|p2a: Cinderace
|-damage|p2a: Cinderace|0 fnt
|-sidestart|p2: usucklatias|move: Stealth Rock
|faint|p2a: Cinderace
|-damage|p1a: Otto|56/100 brn|[from] item: Life Orb
|
|-damage|p1a: Otto|50/100 brn|[from] brn
|upkeep
|
|t:|1760750389
|switch|p2a: Gliscor|Gliscor, F|100/100
|-damage|p2a: Gliscor|88/100|[from] Stealth Rock
|turn|3
|
|t:|1760750393
|move|p2a: Gliscor|Spikes|p1a: Otto
|-sidestart|p1: AC/DC1994|Spikes
|move|p1a: Otto|Swords Dance|p1a: Otto
|-boost|p1a: Otto|atk|2
|
|-damage|p1a: Otto|43/100 brn|[from] brn
|-status|p2a: Gliscor|tox|[from] item: Toxic Orb
|upkeep
|turn|4
|
|t:|1760750402
|move|p2a: Gliscor|Earthquake|p1a: Otto
|-damage|p1a: Otto|13/100 brn
|move|p1a: Otto|Stone Axe|p2a: Gliscor
|-damage|p2a: Gliscor|13/100 tox
|-damage|p1a: Otto|3/100 brn|[from] item: Life Orb
|
|-heal|p2a: Gliscor|25/100 tox|[from] ability: Poison Heal
|-damage|p1a: Otto|0 fnt|[from] brn
|faint|p1a: Otto
|upkeep
|
|t:|1760750414
|switch|p1a: JuanFe|Charizard, M|100/100
|turn|5
|
|t:|1760750419
|move|p2a: Gliscor|Protect|p2a: Gliscor
|-singleturn|p2a: Gliscor|Protect
|move|p1a: JuanFe|Flamethrower|p2a: Gliscor
|-activate|p2a: Gliscor|move: Protect
|
|-heal|p2a: Gliscor|38/100 tox|[from] ability: Poison Heal
|upkeep
|turn|6
|
|t:|1760750428
|move|p1a: JuanFe|Fire Blast|p2a: Gliscor
|-crit|p2a: Gliscor
|-damage|p2a: Gliscor|0 fnt
|faint|p2a: Gliscor
|
|upkeep
|
|t:|1760750434
|switch|p2a: Alomomola|Alomomola, F|100/100
|-damage|p2a: Alomomola|88/100|[from] Stealth Rock
|turn|7
|
|t:|1760750442
|switch|p1a: Moko|Muk-Alola, M, shiny|100/100
|-damage|p1a: Moko|88/100|[from] Spikes
|move|p2a: Alomomola|Flip Turn|p1a: Moko
|-damage|p1a: Moko|73/100
|
|t:|1760750454
|switch|p2a: Hoopa|Hoopa-Unbound|100/100|[from] Flip Turn
|-damage|p2a: Hoopa|88/100|[from] Stealth Rock
|
|-heal|p1a: Moko|79/100|[from] item: Leftovers
|upkeep
|turn|8
|
|t:|1760750462
|move|p2a: Hoopa|Psychic Noise|p1a: Moko
|-immune|p1a: Moko
|move|p1a: Moko|Gunk Shot|p2a: Hoopa
|-damage|p2a: Hoopa|0 fnt
|faint|p2a: Hoopa
|
|-heal|p1a: Moko|85/100|[from] item: Leftovers
|upkeep
|
|t:|1760750473
|switch|p2a: Hydrapple|Hydrapple, M, shiny|100/100
|-damage|p2a: Hydrapple|88/100|[from] Stealth Rock
|turn|9
|
|t:|1760750478
|-terastallize|p2a: Hydrapple|Steel
|move|p2a: Hydrapple|Nasty Plot|p2a: Hydrapple
|-boost|p2a: Hydrapple|spa|2
|move|p1a: Moko|Gunk Shot|p2a: Hydrapple
|-immune|p2a: Hydrapple
|
|-heal|p1a: Moko|91/100|[from] item: Leftovers
|upkeep
|turn|10
|
|t:|1760750488
|move|p2a: Hydrapple|Earth Power|p1a: Moko
|-supereffective|p1a: Moko
|-damage|p1a: Moko|8/100
|move|p1a: Moko|Knock Off|p2a: Hydrapple
|-damage|p2a: Hydrapple|63/100
|-damage|p1a: Moko|0 fnt|[from] item: Rocky Helmet|[of] p2a: Hydrapple
|faint|p1a: Moko
|
|upkeep
|
|t:|1760750505
|switch|p1a: JuanFe|Charizard, M|100/100
|turn|11
|
|t:|1760750509
|switch|p2a: Alomomola|Alomomola, F|100/100
|-damage|p2a: Alomomola|88/100|[from] Stealth Rock
|move|p1a: JuanFe|Fire Blast|p2a: Alomomola
|-resisted|p2a: Alomomola
|-damage|p2a: Alomomola|78/100
|
|upkeep
|turn|12
|
|t:|1760750518
|switch|p1a: Oranguru|Oranguru, M|100/100
|-damage|p1a: Oranguru|88/100|[from] Spikes
|move|p2a: Alomomola|Scald|p1a: Oranguru
|-crit|p1a: Oranguru
|-damage|p1a: Oranguru|69/100
|
|upkeep
|turn|13
|
|t:|1760750530
|move|p1a: Oranguru|Psychic|p2a: Alomomola
|-damage|p2a: Alomomola|62/100
|move|p2a: Alomomola|Mirror Coat|p1a: Oranguru
|-damage|p1a: Oranguru|14/100
|
|upkeep
|turn|14
|
|t:|1760750536
|move|p1a: Oranguru|Calm Mind|p1a: Oranguru
|-boost|p1a: Oranguru|spa|1
|-boost|p1a: Oranguru|spd|1
|move|p2a: Alomomola|Scald|p1a: Oranguru
|-damage|p1a: Oranguru|5/100
|
|upkeep
|turn|15
|
|t:|1760750544
|move|p1a: Oranguru|Psychic|p2a: Alomomola
|-damage|p2a: Alomomola|35/100
|-unboost|p2a: Alomomola|spd|1
|move|p2a: Alomomola|Body Slam|p1a: Oranguru
|-damage|p1a: Oranguru|0 fnt
|faint|p1a: Oranguru
|
|upkeep
|
|t:|1760750553
|switch|p1a: Margaret|Ampharos, F|100/100
|-damage|p1a: Margaret|88/100|[from] Spikes
|turn|16
|
|t:|1760750557
|switch|p2a: Gholdengo|Gholdengo|100/100
|-damage|p2a: Gholdengo|94/100|[from] Stealth Rock
|-item|p2a: Gholdengo|Air Balloon
|move|p1a: Margaret|Thunderbolt|p2a: Gholdengo
|-damage|p2a: Gholdengo|56/100
|-enditem|p2a: Gholdengo|Air Balloon
|
|upkeep
|turn|17
|
|t:|1760750568
|switch|p1a: JuanFe|Charizard, M|100/100
|move|p2a: Gholdengo|Recover|p2a: Gholdengo
|-heal|p2a: Gholdengo|100/100
|
|upkeep
|turn|18
|
|t:|1760750575
|switch|p1a: Margaret|Ampharos, F|88/100
|-damage|p1a: Margaret|76/100|[from] Spikes
|switch|p2a: Alomomola|Alomomola, F|68/100
|-damage|p2a: Alomomola|56/100|[from] Stealth Rock
|
|upkeep
|turn|19
|
|t:|1760750586
|switch|p2a: Hydrapple|Hydrapple, M, shiny, tera:Steel|97/100
|-damage|p2a: Hydrapple|91/100|[from] Stealth Rock
|move|p1a: Margaret|Thunderbolt|p2a: Hydrapple
|-damage|p2a: Hydrapple|50/100
|
|upkeep
|turn|20
|
|t:|1760750594
|switch|p1a: JuanFe|Charizard, M|100/100
|move|p2a: Hydrapple|Earth Power|p1a: JuanFe
|-immune|p1a: JuanFe
|
|upkeep
|turn|21
|
|t:|1760750601
|switch|p2a: Alomomola|Alomomola, F|89/100
|-damage|p2a: Alomomola|77/100|[from] Stealth Rock
|move|p1a: JuanFe|Flamethrower|p2a: Alomomola
|-resisted|p2a: Alomomola
|-damage|p2a: Alomomola|68/100
|
|upkeep
|turn|22
|
|t:|1760750609
|switch|p1a: Margaret|Ampharos, F|76/100
|-damage|p1a: Margaret|63/100|[from] Spikes
|move|p2a: Alomomola|Flip Turn|p1a: Margaret
|-damage|p1a: Margaret|46/100
|
|t:|1760750615
|switch|p2a: Hydrapple|Hydrapple, M, shiny, tera:Steel|83/100|[from] Flip Turn
|-damage|p2a: Hydrapple|77/100|[from] Stealth Rock
|
|upkeep
|turn|23
|
|t:|1760750622
|switch|p1a: JuanFe|Charizard, M|100/100
|move|p2a: Hydrapple|Fickle Beam|p1a: JuanFe
|-damage|p1a: JuanFe|63/100
|
|upkeep
|turn|24
|
|t:|1760750628
|switch|p2a: Alomomola|Alomomola, F|100/100
|-damage|p2a: Alomomola|88/100|[from] Stealth Rock
|move|p1a: JuanFe|Flamethrower|p2a: Alomomola
|-resisted|p2a: Alomomola
|-damage|p2a: Alomomola|79/100
|
|upkeep
|turn|25
|-message|AC/DC1994 forfeited.
|
|win|usucklatias
|raw|AC&#x2f;DC1994's rating: 1135 &rarr; <strong>1111</strong><br />(-24 for losing)
|raw|usucklatias's rating: 1151 &rarr; <strong>1175</strong><br />(+24 for winning)
|l|☆usucklatias
|player|p2|
|l|☆AC/DC1994
|player|p1|
