|j|‽Scrafty.YN
|j|☆TJ13_SSB
|t:|1760720468
|gametype|singles
|player|p1|Scrafty.YN|hoopster|1265
|player|p2|TJ13_SSB|hoopster|1218
|gen|9
|tier|[Gen 9] OU
|rated|
|rule|HP Percentage Mod: HP is shown in percentages
|rule|Endless Battle Clause: Forcing endless battles is banned
|rule|Species Clause: Limit one of each Pokémon
|rule|OHKO Clause: OHKO moves are banned
|rule|Evasion Items Clause: Evasion items are banned
|rule|Evasion Moves Clause: Evasion moves are banned
|rule|Evasion Abilities Clause: Evasion abilities are banned
|rule|Sleep Moves Clause: Sleep-inducing moves are banned
|clearpoke
|poke|p1|Gholdengo|
|poke|p1|Clodsire, M|
|poke|p1|Skarmory, M|
|poke|p1|Hariyama, F|
|poke|p1|Darkrai|
|poke|p1|Gliscor, F|
|poke|p2|Great Tusk|
|poke|p2|Landorus-Therian, M|
|poke|p2|Heatran, F|
|poke|p2|Darkrai|
|poke|p2|Rotom-Wash|
|poke|p2|Weezing-Galar, F|
|teampreview
|
|t:|1760720506
|teamsize|p1|6
|teamsize|p2|6
|start
|switch|p1a: Clodsire|Clodsire, M, shiny|100/100
|switch|p2a: Great Tusk|Great Tusk|100/100
|turn|1
|
|t:|1760720523
|switch|p1a: Skarmory|Skarmory, M|100/100
|move|p2a: Great Tusk|Knock Off|p1a: Skarmory
|-damage|p1a: Skarmory|79/100
|-damage|p2a: Great Tusk|84/100|[from] item: Rocky Helmet|[of] p1a: Skarmory
|-enditem|p1a: Skarmory|Rocky Helmet|[from] move: Knock Off|[of] p2a: Great Tusk
|
|-heal|p2a: Great Tusk|90/100|[from] item: Leftovers
|upkeep
|turn|2
|
|t:|1760720547
|-end|p2a: Great Tusk|Protosynthesis|[silent]
|switch|p2a: Landorus|Landorus-Therian, M|100/100
|-ability|p2a: Landorus|Intimidate|boost
|-unboost|p1a: Skarmory|atk|1
|move|p1a: Skarmory|Spikes|p2a: Landorus
|-sidestart|p2: TJ13_SSB|Spikes
|
|upkeep
|turn|3
|
|t:|1760720556
|move|p2a: Landorus|Rock Tomb|p1a: Skarmory
|-damage|p1a: Skarmory|66/100
|-unboost|p1a: Skarmory|spe|1
|move|p1a: Skarmory|Spikes|p2a: Landorus
|-sidestart|p2: TJ13_SSB|Spikes
|
|upkeep
|turn|4
|
|t:|1760720564
|move|p2a: Landorus|Stealth Rock|p1a: Skarmory
|-sidestart|p1: Scrafty.YN|move: Stealth Rock
|move|p1a: Skarmory|Spikes|p2a: Landorus
|-sidestart|p2: TJ13_SSB|Spikes
|
|upkeep
|turn|5
|
|t:|1760720569
|switch|p2a: Great Tusk|Great Tusk|90/100
|-damage|p2a: Great Tusk|65/100|[from] Spikes
|move|p1a: Skarmory|Roost|p1a: Skarmory
|-heal|p1a: Skarmory|100/100
|-singleturn|p1a: Skarmory|move: Roost
|
|-heal|p2a: Great Tusk|71/100|[from] item: Leftovers
|upkeep
|turn|6
|
|t:|1760720579
|switch|p1a: Gholdengo|Gholdengo|100/100
|-damage|p1a: Gholdengo|94/100|[from] Stealth Rock
|-item|p1a: Gholdengo|Air Balloon
|move|p2a: Great Tusk|Knock Off|p1a: Gholdengo
|-supereffective|p1a: Gholdengo
|-damage|p1a: Gholdengo|19/100
|-enditem|p1a: Gholdengo|Air Balloon
|
|-heal|p2a: Great Tusk|78/100|[from] item: Leftovers
|upkeep
|turn|7
|
|t:|1760720594
|move|p2a: Great Tusk|Ice Spinner|p1a: Gholdengo
|-resisted|p1a: Gholdengo
|-damage|p1a: Gholdengo|6/100
|move|p1a: Gholdengo|Make It Rain|p2a: Great Tusk
|-damage|p2a: Great Tusk|0 fnt
|-unboost|p1a: Gholdengo|spa|1
|faint|p2a: Great Tusk
|-end|p2a: Great Tusk|Protosynthesis|[silent]
|
|upkeep
|
|t:|1760720608
|switch|p2a: Landorus|Landorus-Therian, M|100/100
|-ability|p2a: Landorus|Intimidate|boost
|-unboost|p1a: Gholdengo|atk|1
|turn|8
|
|t:|1760720666
|move|p2a: Landorus|Rock Tomb|p1a: Gholdengo
|-resisted|p1a: Gholdengo
|-damage|p1a: Gholdengo|0 fnt
|faint|p1a: Gholdengo
|
|upkeep
|
|t:|1760720679
|switch|p1a: Darkrai|Darkrai|100/100
|turn|9
|
|t:|1760720719
|switch|p2a: Heatran|Heatran, F|100/100
|-damage|p2a: Heatran|76/100|[from] Spikes
|move|p1a: Darkrai|Ice Beam|p2a: Heatran
|-resisted|p2a: Heatran
|-damage|p2a: Heatran|71/100
|
|upkeep
|turn|10
|
|t:|1760720736
|switch|p1a: Gliscor|Gliscor, F, shiny|100/100
|-damage|p1a: Gliscor|88/100|[from] Stealth Rock
|move|p2a: Heatran|Flamethrower|p1a: Gliscor
|-damage|p1a: Gliscor|27/100
|
|-status|p1a: Gliscor|tox|[from] item: Toxic Orb
|upkeep
|turn|11
|
|t:|1760720747
|switch|p2a: Rotom|Rotom-Wash|100/100
|move|p1a: Gliscor|Earthquake|p2a: Rotom
|-immune|p2a: Rotom|[from] ability: Levitate
|
|-heal|p1a: Gliscor|39/100 tox|[from] ability: Poison Heal
|upkeep
|turn|12
|
|t:|1760720755
|move|p1a: Gliscor|Protect|p1a: Gliscor
|-singleturn|p1a: Gliscor|Protect
|move|p2a: Rotom|Hydro Pump|p1a: Gliscor
|-activate|p1a: Gliscor|move: Protect
|
|-heal|p1a: Gliscor|52/100 tox|[from] ability: Poison Heal
|upkeep
|turn|13
|
|t:|1760720762
|switch|p1a: Clodsire|Clodsire, M, shiny|100/100
|move|p2a: Rotom|Hydro Pump|p1a: Clodsire
|-immune|p1a: Clodsire|[from] ability: Water Absorb
|
|upkeep
|turn|14
|
|t:|1760720777
|switch|p2a: Weezing|Weezing-Galar, F|100/100
|move|p1a: Clodsire|Stealth Rock|p2a: Weezing
|-sidestart|p2: TJ13_SSB|move: Stealth Rock
|
|upkeep
|turn|15
|
|t:|1760720787
|move|p2a: Weezing|Will-O-Wisp|p1a: Clodsire
|-status|p1a: Clodsire|brn
|move|p1a: Clodsire|Earthquake|p2a: Weezing
|-immune|p2a: Weezing|[from] ability: Levitate
|
|-damage|p1a: Clodsire|94/100 brn|[from] brn
|upkeep
|turn|16
|
|t:|1760720809
|move|p2a: Weezing|Toxic Spikes|p1a: Clodsire
|-sidestart|p1: Scrafty.YN|move: Toxic Spikes
|move|p1a: Clodsire|Toxic|p2a: Weezing
|-immune|p2a: Weezing
|
|-damage|p1a: Clodsire|88/100 brn|[from] brn
|upkeep
|turn|17
|
|t:|1760720838
|switch|p1a: Gliscor|Gliscor, F, shiny|52/100 tox
|-damage|p1a: Gliscor|39/100 tox|[from] Stealth Rock
|move|p2a: Weezing|Toxic Spikes|p1a: Gliscor
|-sidestart|p1: Scrafty.YN|move: Toxic Spikes
|
|-heal|p1a: Gliscor|52/100 tox|[from] ability: Poison Heal
|upkeep
|turn|18
|
|t:|1760720851
|move|p1a: Gliscor|Swords Dance|p1a: Gliscor
|-boost|p1a: Gliscor|atk|2
|move|p2a: Weezing|Strange Steam|p1a: Gliscor
|-damage|p1a: Gliscor|21/100 tox
|
|-heal|p1a: Gliscor|34/100 tox|[from] ability: Poison Heal
|upkeep
|turn|19
|
|t:|1760720874
|move|p1a: Gliscor|Protect|p1a: Gliscor
|-singleturn|p1a: Gliscor|Protect
|move|p2a: Weezing|Strange Steam|p1a: Gliscor
|-activate|p1a: Gliscor|move: Protect
|
|-heal|p1a: Gliscor|46/100 tox|[from] ability: Poison Heal
|upkeep
|turn|20
|
|t:|1760720885
|switch|p1a: Clodsire|Clodsire, M, shiny|88/100 brn
|-sideend|p1: Scrafty.YN|move: Toxic Spikes|[of] p1a: Clodsire
|move|p2a: Weezing|Clear Smog|p1a: Clodsire
|-resisted|p1a: Clodsire
|-damage|p1a: Clodsire|86/100 brn
|-clearboost|p1a: Clodsire
|
|-damage|p1a: Clodsire|80/100 brn|[from] brn
|upkeep
|turn|21
|
|t:|1760720920
|move|p2a: Weezing|Toxic Spikes|p1a: Clodsire
|-sidestart|p1: Scrafty.YN|move: Toxic Spikes
|move|p1a: Clodsire|Stealth Rock||[still]
|-fail|p1a: Clodsire
|
|-damage|p1a: Clodsire|74/100 brn|[from] brn
|upkeep
|turn|22
|
|t:|1760720966
|move|p2a: Weezing|Strange Steam|p1a: Clodsire
|-resisted|p1a: Clodsire
|-damage|p1a: Clodsire|67/100 brn
|move|p1a: Clodsire|Toxic|p2a: Weezing
|-immune|p2a: Weezing
|
|-damage|p1a: Clodsire|61/100 brn|[from] brn
|upkeep
|turn|23
|
|t:|1760720973
|move|p2a: Weezing|Strange Steam|p1a: Clodsire
|-resisted|p1a: Clodsire
|-damage|p1a: Clodsire|54/100 brn
|-start|p1a: Clodsire|confusion
|-activate|p1a: Clodsire|confusion
|-damage|p1a: Clodsire|45/100 brn|[from] confusion
|
|-damage|p1a: Clodsire|39/100 brn|[from] brn
|upkeep
|turn|24
|inactive|Battle timer is ON: inactive players will automatically lose when time's up. (requested by Scrafty.YN)
|
|t:|1760720994
|switch|p2a: Landorus|Landorus-Therian, M|100/100
|-damage|p2a: Landorus|88/100|[from] Stealth Rock
|-ability|p2a: Landorus|Intimidate|boost
|-unboost|p1a: Clodsire|atk|1
|-end|p1a: Clodsire|confusion
|move|p1a: Clodsire|Recover|p1a: Clodsire
|-heal|p1a: Clodsire|89/100 brn
|
|-damage|p1a: Clodsire|83/100 brn|[from] brn
|upkeep
|turn|25
|
|t:|1760721006
|switch|p1a: Skarmory|Skarmory, M|100/100
|-damage|p1a: Skarmory|88/100|[from] Stealth Rock
|move|p2a: Landorus|Earthquake|p1a: Skarmory
|-immune|p1a: Skarmory
|
|upkeep
|turn|26
|
|t:|1760721017
|move|p2a: Landorus|Rock Tomb|p1a: Skarmory
|-damage|p1a: Skarmory|75/100
|-unboost|p1a: Skarmory|spe|1
|move|p1a: Skarmory|Roar|p2a: Landorus
|drag|p2a: Darkrai|Darkrai|100/100
|-damage|p2a: Darkrai|76/100|[from] Spikes
|-damage|p2a: Darkrai|63/100|[from] Stealth Rock
|
|upkeep
|turn|27
|
|t:|1760721032
|switch|p1a: Clodsire|Clodsire, M, shiny|83/100 brn
|-sideend|p1: Scrafty.YN|move: Toxic Spikes|[of] p1a: Clodsire
|-terastallize|p2a: Darkrai|Ghost
|move|p2a: Darkrai|Nasty Plot|p2a: Darkrai
|-boost|p2a: Darkrai|spa|2
|
|-damage|p1a: Clodsire|77/100 brn|[from] brn
|upkeep
|turn|28
|
|t:|1760721052
|switch|p1a: Hariyama|Hariyama, F, shiny|100/100
|-damage|p1a: Hariyama|94/100|[from] Stealth Rock
|move|p2a: Darkrai|Ice Beam|p1a: Hariyama
|-damage|p1a: Hariyama|78/100
|
|upkeep
|turn|29
|
|t:|1760721062
|move|p2a: Darkrai|Shadow Ball|p1a: Hariyama
|-damage|p1a: Hariyama|35/100
|move|p1a: Hariyama|Knock Off|p2a: Darkrai
|-supereffective|p2a: Darkrai
|-damage|p2a: Darkrai|0 fnt
|-enditem|p2a: Darkrai|Focus Sash|[from] move: Knock Off|[of] p1a: Hariyama
|faint|p2a: Darkrai
|
|upkeep
|
|t:|1760721074
|switch|p2a: Landorus|Landorus-Therian, M|88/100
|-damage|p2a: Landorus|76/100|[from] Stealth Rock
|-ability|p2a: Landorus|Intimidate|boost
|-unboost|p1a: Hariyama|atk|1
|turn|30
|
|t:|1760721081
|switch|p1a: Skarmory|Skarmory, M|75/100
|-damage|p1a: Skarmory|63/100|[from] Stealth Rock
|move|p2a: Landorus|Earthquake|p1a: Skarmory
|-immune|p1a: Skarmory
|
|upkeep
|turn|31
|
|t:|1760721093
|switch|p2a: Rotom|Rotom-Wash|100/100
|-damage|p2a: Rotom|88/100|[from] Stealth Rock
|move|p1a: Skarmory|Roost|p1a: Skarmory
|-heal|p1a: Skarmory|100/100
|-singleturn|p1a: Skarmory|move: Roost
|
|-heal|p2a: Rotom|94/100|[from] item: Leftovers
|upkeep
|turn|32
|
|t:|1760721103
|switch|p1a: Clodsire|Clodsire, M, shiny|77/100 brn
|move|p2a: Rotom|Hydro Pump|p1a: Clodsire
|-heal|p1a: Clodsire|100/100 brn|[from] ability: Water Absorb|[of] p2a: Rotom
|
|-heal|p2a: Rotom|100/100|[from] item: Leftovers
|-damage|p1a: Clodsire|94/100 brn|[from] brn
|upkeep
|turn|33
|inactive|TJ13_SSB has 120 seconds left.
|-message|TJ13_SSB forfeited.
|
|win|Scrafty.YN
|raw|Scrafty.YN's rating: 1265 &rarr; <strong>1287</strong><br />(+22 for winning)
|raw|TJ13_SSB's rating: 1218 &rarr; <strong>1196</strong><br />(-22 for losing)
|l|☆TJ13_SSB
|player|p2|
