|j|☆qmszw
|j|☆tscher
|t:|1760783956
|gametype|singles
|player|p1|qmszw|rosa|1332
|player|p2|tscher|170|1322
|gen|9
|tier|[Gen 9] OU
|rated|
|rule|HP Percentage Mod: HP is shown in percentages
|rule|Endless Battle Clause: Forcing endless battles is banned
|rule|Species Clause: Limit one of each Pokémon
|rule|OHKO Clause: OHKO moves are banned
|rule|Evasion Items Clause: Evasion items are banned
|rule|Evasion Moves Clause: Evasion moves are banned
|rule|Evasion Abilities Clause: Evasion abilities are banned
|rule|Sleep Moves Clause: Sleep-inducing moves are banned
|clearpoke
|poke|p1|Skeledirge, F|
|poke|p1|Ogerpon-Wellspring, F|
|poke|p1|Dragapult, F|
|poke|p1|Weezing-Galar, F|
|poke|p1|Ting-Lu|
|poke|p1|Corviknight, M|
|poke|p2|Moltres-Galar|
|poke|p2|Oinkologne-F, F|
|poke|p2|Gliscor, F|
|poke|p2|Hydrapple, M|
|poke|p2|Slowking-Galar, M|
|poke|p2|Sinistcha|
|teampreview
|inactive|Battle timer is ON: inactive players will automatically lose when time's up. (requested by tscher)
|
|t:|1760783976
|teamsize|p1|6
|teamsize|p2|6
|start
|switch|p1a: Ogerpon|Ogerpon-Wellspring, F|100/100
|switch|p2a: Gliscor|Gliscor, F|100/100
|turn|1
|
|t:|1760783983
|switch|p2a: Hydrapple|Hydrapple, M|100/100
|move|p1a: Ogerpon|Spikes|p2a: Hydrapple
|-sidestart|p2: tscher|Spikes
|
|upkeep
|turn|2
|
|t:|1760784000
|switch|p1a: Skeledirge|Skeledirge, F|100/100
|move|p2a: Hydrapple|Nasty Plot|p2a: Hydrapple
|-boost|p2a: Hydrapple|spa|2
|
|upkeep
|turn|3
|
|t:|1760784009
|move|p1a: Skeledirge|Torch Song|p2a: Hydrapple
|-damage|p2a: Hydrapple|71/100
|-boost|p1a: Skeledirge|spa|1
|move|p2a: Hydrapple|Earth Power|p1a: Skeledirge
|-supereffective|p1a: Skeledirge
|-damage|p1a: Skeledirge|64/100
|-unboost|p1a: Skeledirge|spd|1
|
|upkeep
|turn|4
|
|t:|1760784023
|move|p1a: Skeledirge|Torch Song|p2a: Hydrapple
|-damage|p2a: Hydrapple|30/100
|-boost|p1a: Skeledirge|spa|1
|move|p2a: Hydrapple|Earth Power|p1a: Skeledirge
|-supereffective|p1a: Skeledirge
|-crit|p1a: Skeledirge
|-damage|p1a: Skeledirge|0 fnt
|faint|p1a: Skeledirge
|
|upkeep
|
|t:|1760784033
|switch|p1a: Weezing|Weezing-Galar, F|100/100
|-ability|p1a: Weezing|Neutralizing Gas
|turn|5
|
|t:|1760784054
|switch|p2a: Slowking|Slowking-Galar, M|100/100
|move|p1a: Weezing|Sludge Bomb|p2a: Slowking
|-resisted|p2a: Slowking
|-damage|p2a: Slowking|92/100
|
|upkeep
|turn|6
|
|t:|1760784068
|-end|p1a: Weezing|ability: Neutralizing Gas
|switch|p1a: Ting-Lu|Ting-Lu, shiny|100/100
|-ability|p1a: Ting-Lu|Vessel of Ruin
|move|p2a: Slowking|Future Sight|p1a: Ting-Lu
|-start|p2a: Slowking|move: Future Sight
|
|upkeep
|turn|7
|
|t:|1760784079
|switch|p2a: Oinkologne|Oinkologne-F, F|100/100
|-damage|p2a: Oinkologne|88/100|[from] Spikes
|move|p1a: Ting-Lu|Earthquake|p2a: Oinkologne
|-damage|p2a: Oinkologne|52/100
|
|upkeep
|turn|8
|
|t:|1760784088
|move|p2a: Oinkologne|Stuff Cheeks|p2a: Oinkologne
|-boost|p2a: Oinkologne|def|2
|-enditem|p2a: Oinkologne|Salac Berry|[eat]
|-boost|p2a: Oinkologne|spe|1|[from] item: Salac Berry
|move|p1a: Ting-Lu|Earthquake|p2a: Oinkologne
|-damage|p2a: Oinkologne|34/100
|
|-end|p1a: Ting-Lu|move: Future Sight
|-immune|p1a: Ting-Lu
|upkeep
|turn|9
|
|t:|1760784106
|move|p2a: Oinkologne|Thief|p1a: Ting-Lu
|-resisted|p1a: Ting-Lu
|-damage|p1a: Ting-Lu|97/100
|-enditem|p1a: Ting-Lu|Leftovers|[silent]|[from] move: Thief|[of] p2a: Oinkologne
|-item|p2a: Oinkologne|Leftovers|[from] move: Thief|[of] p1a: Ting-Lu
|move|p1a: Ting-Lu|Earthquake|p2a: Oinkologne
|-damage|p2a: Oinkologne|17/100
|
|-heal|p2a: Oinkologne|23/100|[from] item: Leftovers
|upkeep
|turn|10
|
|t:|1760784119
|move|p2a: Oinkologne|Endeavor|p1a: Ting-Lu
|-damage|p1a: Ting-Lu|17/100
|move|p1a: Ting-Lu|Earthquake|p2a: Oinkologne
|-damage|p2a: Oinkologne|6/100
|
|-heal|p2a: Oinkologne|12/100|[from] item: Leftovers
|upkeep
|turn|11
|
|t:|1760784128
|switch|p1a: Dragapult|Dragapult, F|100/100
|move|p2a: Oinkologne|Body Press|p1a: Dragapult
|-immune|p1a: Dragapult
|
|-heal|p2a: Oinkologne|18/100|[from] item: Leftovers
|upkeep
|turn|12
|
|t:|1760784144
|move|p1a: Dragapult|Draco Meteor|p2a: Oinkologne
|-damage|p2a: Oinkologne|0 fnt
|-unboost|p1a: Dragapult|spa|2
|faint|p2a: Oinkologne
|
|upkeep
|
|t:|1760784146
|switch|p2a: Moltres|Moltres-Galar|100/100
|turn|13
|
|t:|1760784156
|switch|p1a: Ting-Lu|Ting-Lu, shiny|17/100
|-ability|p1a: Ting-Lu|Vessel of Ruin
|move|p2a: Moltres|Agility|p2a: Moltres
|-boost|p2a: Moltres|spe|2
|
|upkeep
|turn|14
|
|t:|1760784168
|move|p2a: Moltres|Hurricane|p1a: Ting-Lu
|-damage|p1a: Ting-Lu|0 fnt
|faint|p1a: Ting-Lu
|-damage|p2a: Moltres|91/100|[from] item: Life Orb
|
|upkeep
|
|t:|1760784180
|switch|p1a: Corviknight|Corviknight, M|100/100
|-ability|p1a: Corviknight|Pressure
|turn|15
|
|t:|1760784185
|move|p2a: Moltres|Fiery Wrath|p1a: Corviknight
|-damage|p1a: Corviknight|48/100
|-damage|p2a: Moltres|81/100|[from] item: Life Orb
|move|p1a: Corviknight|Body Press|p2a: Moltres
|-damage|p2a: Moltres|48/100
|-ability|p2a: Moltres|Berserk|boost
|-boost|p2a: Moltres|spa|1
|
|upkeep
|turn|16
|
|t:|1760784207
|move|p2a: Moltres|Fiery Wrath|p1a: Corviknight
|-crit|p1a: Corviknight
|-damage|p1a: Corviknight|0 fnt
|faint|p1a: Corviknight
|-damage|p2a: Moltres|38/100|[from] item: Life Orb
|
|upkeep
|
|t:|1760784215
|switch|p1a: Dragapult|Dragapult, F|100/100
|turn|17
|
|t:|1760784220
|move|p2a: Moltres|Fiery Wrath|p1a: Dragapult
|-supereffective|p1a: Dragapult
|-damage|p1a: Dragapult|0 fnt
|faint|p1a: Dragapult
|-damage|p2a: Moltres|28/100|[from] item: Life Orb
|
|upkeep
|-message|qmszw forfeited.
|
|win|tscher
|raw|qmszw's rating: 1332 &rarr; <strong>1311</strong><br />(-21 for losing)
|raw|tscher's rating: 1322 &rarr; <strong>1343</strong><br />(+21 for winning)
|l|☆qmszw
|player|p1|
|l|☆tscher
|player|p2|
|j| TheNewBrends11@!
