|j|☆DK Kabss
|j|☆holdenck
|t:|1760866322
|gametype|singles
|player|p1|DK Kabss|1|1114
|player|p2|holdenck|volkner|1158
|gen|9
|tier|[Gen 9] OU
|rated|
|rule|HP Percentage Mod: HP is shown in percentages
|rule|Endless Battle Clause: Forcing endless battles is banned
|rule|Species Clause: Limit one of each Pokémon
|rule|OHKO Clause: OHKO moves are banned
|rule|Evasion Items Clause: Evasion items are banned
|rule|Evasion Moves Clause: Evasion moves are banned
|rule|Evasion Abilities Clause: Evasion abilities are banned
|rule|Sleep Moves Clause: Sleep-inducing moves are banned
|clearpoke
|poke|p1|Ribombee, M|
|poke|p1|Cinderace, F|
|poke|p1|Serperior, F|
|poke|p1|Mimikyu, M|
|poke|p1|Dragapult, F|
|poke|p1|Bisharp, F|
|poke|p2|Ceruledge, M|
|poke|p2|Gliscor, F|
|poke|p2|Serperior, F|
|poke|p2|Milotic, M|
|poke|p2|Toxapex, F|
|poke|p2|Corviknight, M|
|teampreview
|inactive|Battle timer is ON: inactive players will automatically lose when time's up. (requested by holdenck)
|
|t:|1760866336
|teamsize|p1|6
|teamsize|p2|6
|start
|switch|p1a: Ribombee|Ribombee, M|100/100
|switch|p2a: Toxapex|Toxapex, F|100/100
|turn|1
|
|t:|1760866344
|move|p1a: Ribombee|Sticky Web|p2a: Toxapex
|-sidestart|p2: holdenck|move: Sticky Web
|move|p2a: Toxapex|Toxic|p1a: Ribombee
|-status|p1a: Ribombee|tox
|
|-damage|p1a: Ribombee|94/100 tox|[from] psn
|upkeep
|turn|2
|
|t:|1760866351
|move|p1a: Ribombee|Psychic Noise|p2a: Toxapex
|-supereffective|p2a: Toxapex
|-damage|p2a: Toxapex|72/100
|-start|p2a: Toxapex|move: Heal Block
|move|p2a: Toxapex|Toxic Spikes|p1a: Ribombee
|-sidestart|p1: DK Kabss|move: Toxic Spikes
|
|-damage|p1a: Ribombee|82/100 tox|[from] psn
|upkeep
|turn|3
|
|t:|1760866366
|move|p1a: Ribombee|Stun Spore|p2a: Toxapex
|-status|p2a: Toxapex|par
|move|p2a: Toxapex|Toxic Spikes|p1a: Ribombee
|-sidestart|p1: DK Kabss|move: Toxic Spikes
|
|-damage|p1a: Ribombee|64/100 tox|[from] psn
|-end|p2a: Toxapex|move: Heal Block
|upkeep
|turn|4
|
|t:|1760866380
|switch|p1a: Bisharp|Bisharp, F|100/100
|switch|p2a: Gliscor|Gliscor, F|100/100
|
|-status|p2a: Gliscor|tox|[from] item: Toxic Orb
|upkeep
|turn|5
|
|t:|1760866398
|switch|p1a: Ribombee|Ribombee, M|64/100 tox
|move|p2a: Gliscor|Earthquake|p1a: Ribombee
|-resisted|p1a: Ribombee
|-damage|p1a: Ribombee|31/100 tox
|
|-damage|p1a: Ribombee|25/100 tox|[from] psn
|upkeep
|turn|6
|
|t:|1760866408
|switch|p2a: Toxapex|Toxapex, F|100/100 par
|-activate|p2a: Toxapex|move: Sticky Web
|-unboost|p2a: Toxapex|spe|1
|move|p1a: Ribombee|Moonblast|p2a: Toxapex
|-resisted|p2a: Toxapex
|-damage|p2a: Toxapex|86/100 par
|
|-heal|p2a: Toxapex|92/100 par|[from] item: Leftovers
|-damage|p1a: Ribombee|12/100 tox|[from] psn
|upkeep
|turn|7
|
|t:|1760866426
|cant|p2a: Toxapex|par
|move|p1a: Ribombee|Psychic Noise|p2a: Toxapex
|-supereffective|p2a: Toxapex
|-damage|p2a: Toxapex|62/100 par
|-start|p2a: Toxapex|move: Heal Block
|
|-damage|p1a: Ribombee|0 fnt|[from] psn
|faint|p1a: Ribombee
|upkeep
|
|t:|1760866440
|switch|p1a: Cinderace|Cinderace, F|100/100
|turn|8
|
|t:|1760866448
|switch|p2a: Milotic|Milotic, M|100/100
|-activate|p2a: Milotic|move: Sticky Web
|-unboost|p2a: Milotic|spe|1
|-ability|p2a: Milotic|Competitive|boost
|-boost|p2a: Milotic|spa|2
|move|p1a: Cinderace|Court Change|p1a: Cinderace
|-swapsideconditions
|-activate|p1a: Cinderace|move: Court Change
|
|upkeep
|turn|9
|inactive|DK Kabss has 120 seconds left.
|
|t:|1760866479
|move|p1a: Cinderace|U-turn|p2a: Milotic
|-damage|p2a: Milotic|81/100
|
|t:|1760866480
|switch|p1a: Mimikyu|Mimikyu, M|100/100|[from] U-turn
|-activate|p1a: Mimikyu|move: Sticky Web
|-unboost|p1a: Mimikyu|spe|1
|move|p2a: Milotic|Ice Beam|p1a: Mimikyu
|-activate|p1a: Mimikyu|ability: Disguise
|-damage|p1a: Mimikyu|100/100
|-status|p1a: Mimikyu|frz
|detailschange|p1a: Mimikyu|Mimikyu-Busted, M
|-damage|p1a: Mimikyu|88/100 frz|[from] pokemon: Mimikyu-Busted
|-enditem|p1a: Mimikyu|Red Card|[of] p2a: Milotic
|drag|p2a: Serperior|Serperior, F|100/100
|-status|p2a: Serperior|tox
|
|-damage|p2a: Serperior|94/100 tox|[from] psn
|upkeep
|turn|10
|
|t:|1760866500
|switch|p2a: Toxapex|Toxapex, F|96/100 par
|-sideend|p2: holdenck|move: Toxic Spikes|[of] p2a: Toxapex
|cant|p1a: Mimikyu|frz
|
|-heal|p2a: Toxapex|100/100 par|[from] item: Leftovers
|upkeep
|turn|11
|
|t:|1760866510
|switch|p1a: Bisharp|Bisharp, F|100/100
|-activate|p1a: Bisharp|move: Sticky Web
|-unboost|p1a: Bisharp|spe|1
|-ability|p1a: Bisharp|Defiant|boost
|-boost|p1a: Bisharp|atk|2
|switch|p2a: Ceruledge|Ceruledge, M|100/100
|
|upkeep
|turn|12
|
|t:|1760866529
|-terastallize|p2a: Ceruledge|Fire
|-terastallize|p1a: Bisharp|Fire
|move|p2a: Ceruledge|Close Combat|p1a: Bisharp
|-damage|p1a: Bisharp|67/100
|-unboost|p2a: Ceruledge|def|1
|-unboost|p2a: Ceruledge|spd|1
|move|p1a: Bisharp|Throat Chop|p2a: Ceruledge
|-enditem|p2a: Ceruledge|Focus Sash
|-damage|p2a: Ceruledge|1/100
|-start|p2a: Ceruledge|Throat Chop|[silent]
|-ability|p2a: Ceruledge|Weak Armor|boost
|-unboost|p2a: Ceruledge|def|1
|-boost|p2a: Ceruledge|spe|2
|
|upkeep
|turn|13
|
|t:|1760866548
|move|p2a: Ceruledge|Destiny Bond|p2a: Ceruledge
|-singlemove|p2a: Ceruledge|Destiny Bond
|move|p1a: Bisharp|Tera Blast|p2a: Ceruledge|[anim] Tera Blast Fire
|-resisted|p2a: Ceruledge
|-damage|p2a: Ceruledge|0 fnt
|faint|p2a: Ceruledge
|-activate|p2a: Ceruledge|move: Destiny Bond
|faint|p1a: Bisharp
|
|upkeep
|
|t:|1760866568
|switch|p2a: Gliscor|Gliscor, F|100/100 tox
|switch|p1a: Serperior|Serperior, F|100/100
|-activate|p1a: Serperior|move: Sticky Web
|-boost|p1a: Serperior|spe|1
|turn|14
|inactive|holdenck has 120 seconds left.
|
|t:|1760866591
|move|p1a: Serperior|Leaf Storm|p2a: Gliscor
|-damage|p2a: Gliscor|44/100 tox
|-boost|p1a: Serperior|spa|2
|move|p2a: Gliscor|Earthquake|p1a: Serperior
|-resisted|p1a: Serperior
|-damage|p1a: Serperior|81/100
|
|-heal|p1a: Serperior|87/100|[from] item: Leftovers
|-heal|p2a: Gliscor|57/100 tox|[from] ability: Poison Heal
|upkeep
|turn|15
|inactive|holdenck has 120 seconds left.
|
|t:|1760866604
|switch|p2a: Toxapex|Toxapex, F|100/100 par
|move|p1a: Serperior|Leaf Storm|p2a: Toxapex
|-damage|p2a: Toxapex|36/100 par
|-boost|p1a: Serperior|spa|2
|
|-heal|p1a: Serperior|93/100|[from] item: Leftovers
|-heal|p2a: Toxapex|42/100 par|[from] item: Leftovers
|upkeep
|turn|16
|inactive|holdenck has 120 seconds left.
|
|t:|1760866633
|move|p2a: Toxapex|Protect|p2a: Toxapex
|-singleturn|p2a: Toxapex|Protect
|move|p1a: Serperior|Leaf Storm|p2a: Toxapex
|-activate|p2a: Toxapex|move: Protect
|
|-heal|p1a: Serperior|99/100|[from] item: Leftovers
|-heal|p2a: Toxapex|48/100 par|[from] item: Leftovers
|upkeep
|turn|17
|
|t:|1760866643
|switch|p2a: Serperior|Serperior, F|94/100 tox
|move|p1a: Serperior|Leaf Storm|p2a: Serperior
|-resisted|p2a: Serperior
|-damage|p2a: Serperior|1/100 tox
|-boost|p1a: Serperior|spa|2
|
|-heal|p1a: Serperior|100/100|[from] item: Leftovers
|-heal|p2a: Serperior|7/100 tox|[from] item: Leftovers
|-damage|p2a: Serperior|1/100 tox|[from] psn
|upkeep
|turn|18
|inactive|holdenck has 120 seconds left.
|inactive|DK Kabss has 120 seconds left.
|inactive|DK Kabss has 90 seconds left.
|inactive|DK Kabss has 60 seconds left.
|
|t:|1760866739
|switch|p2a: Corviknight|Corviknight, M|100/100
|move|p1a: Serperior|Dragon Pulse|p2a: Corviknight
|-resisted|p2a: Corviknight
|-damage|p2a: Corviknight|59/100
|
|-heal|p2a: Corviknight|65/100|[from] item: Leftovers
|upkeep
|turn|19
|inactive|holdenck has 120 seconds left.
|inactive|DK Kabss has 30 seconds left.
|inactive|DK Kabss has 20 seconds left.
|inactive|DK Kabss has 15 seconds left.
|inactive|DK Kabss has 10 seconds left.
|inactive|DK Kabss has 5 seconds left.
|
|t:|1760866795
|move|p2a: Corviknight|Protect|p2a: Corviknight
|-singleturn|p2a: Corviknight|Protect
|move|p1a: Serperior|Dragon Pulse|p2a: Corviknight
|-activate|p2a: Corviknight|move: Protect
|
|-heal|p2a: Corviknight|71/100|[from] item: Leftovers
|upkeep
|turn|20
|inactive|DK Kabss has 15 seconds left this turn.
|inactive|holdenck has 120 seconds left.
|l|☆DK Kabss
|inactive|DK Kabss disconnected and has a minute to reconnect!
|player|p1|
|j|☆DK Kabss
|inactive|DK Kabss reconnected.
|player|p1|DK Kabss|1|
|inactive|holdenck has 90 seconds left.
|l|☆DK Kabss
|inactive|DK Kabss disconnected and has a minute to reconnect!
|player|p1|
|
|t:|1760866848
|move|p1a: Serperior|Dragon Pulse|p2a: Corviknight
|-resisted|p2a: Corviknight
|-damage|p2a: Corviknight|30/100
|move|p2a: Corviknight|Roost|p2a: Corviknight
|-heal|p2a: Corviknight|80/100
|-singleturn|p2a: Corviknight|move: Roost
|
|-heal|p2a: Corviknight|87/100|[from] item: Leftovers
|upkeep
|turn|21
|inactive|DK Kabss has 25 seconds left this turn.
|inactive|DK Kabss has 20 seconds left.
|inactive|DK Kabss has 15 seconds left.
|inactive|DK Kabss has 10 seconds left.
|inactive|DK Kabss has 5 seconds left.
|-message|DK Kabss lost due to inactivity.
|
|win|holdenck
|raw|DK Kabss's rating: 1114 &rarr; <strong>1092</strong><br />(-22 for losing)
|raw|holdenck's rating: 1158 &rarr; <strong>1180</strong><br />(+22 for winning)
