|j|☆imnoob5711
|j|☆breakingpoint51
|t:|1760789106
|gametype|singles
|player|p1|imnoob5711|102|
|player|p2|breakingpoint51|266|
|gen|9
|tier|[Gen 9] OU
|rule|HP Percentage Mod: HP is shown in percentages
|rule|Endless Battle Clause: Forcing endless battles is banned
|rule|Species Clause: Limit one of each Pokémon
|rule|OHKO Clause: OHKO moves are banned
|rule|Evasion Items Clause: Evasion items are banned
|rule|Evasion Moves Clause: Evasion moves are banned
|rule|Evasion Abilities Clause: Evasion abilities are banned
|rule|Sleep Moves Clause: Sleep-inducing moves are banned
|clearpoke
|poke|p1|Dragapult, M|
|poke|p1|Iron Treads|
|poke|p1|Gliscor, M|
|poke|p1|Ditto|
|poke|p1|Dragonite, M|
|poke|p1|Great Tusk|
|poke|p2|Zapdos|
|poke|p2|Darkrai|
|poke|p2|Blaziken, M|
|poke|p2|Scizor, M|
|poke|p2|Blastoise, F|
|poke|p2|Snorlax, F|
|teampreview
|
|t:|1760789113
|teamsize|p1|6
|teamsize|p2|6
|start
|switch|p1a: Dragapult|Dragapult, M|100/100
|switch|p2a: Zapdos|Zapdos|100/100
|-ability|p2a: Zapdos|Pressure
|turn|1
|
|t:|1760789125
|move|p1a: Dragapult|Phantom Force||[still]
|-prepare|p1a: Dragapult|Phantom Force
|move|p2a: Zapdos|Thunder|p1a: Dragapult|[miss]
|-miss|p2a: Zapdos|p1a: Dragapult
|
|upkeep
|turn|2
|
|t:|1760789135
|move|p1a: Dragapult|Phantom Force|p2a: Zapdos|[from] lockedmove
|-damage|p2a: Zapdos|28/100
|-damage|p1a: Dragapult|91/100|[from] item: Life Orb
|move|p2a: Zapdos|Thunder|p1a: Dragapult
|-resisted|p1a: Dragapult
|-damage|p1a: Dragapult|53/100
|
|-heal|p2a: Zapdos|34/100|[from] item: Leftovers
|upkeep
|turn|3
|
|t:|1760789150
|-terastallize|p2a: Zapdos|Electric
|move|p1a: Dragapult|Dragon Darts|p2a: Zapdos
|-damage|p2a: Zapdos|0 fnt
|faint|p2a: Zapdos
|-damage|p1a: Dragapult|44/100|[from] item: Life Orb
|
|upkeep
|
|t:|1760789167
|switch|p2a: Blastoise|Blastoise, F|100/100
|turn|4
|
|t:|1760789180
|move|p1a: Dragapult|Dragon Darts|p2a: Blastoise
|-damage|p2a: Blastoise|73/100
|-anim|p1a: Dragapult|Dragon Darts|p2a: Blastoise
|-damage|p2a: Blastoise|43/100
|-damage|p1a: Dragapult|34/100|[from] item: Life Orb
|move|p2a: Blastoise|Wave Crash|p1a: Dragapult
|-resisted|p1a: Dragapult
|-damage|p1a: Dragapult|9/100
|-damage|p2a: Blastoise|36/100|[from] Recoil
|
|upkeep
|turn|5
|
|t:|1760789196
|move|p2a: Blastoise|Fake Out||[still]
|-hint|Fake Out only works on your first turn out.
|-fail|p2a: Blastoise
|move|p1a: Dragapult|Dragon Darts|p2a: Blastoise
|-damage|p2a: Blastoise|8/100
|-anim|p1a: Dragapult|Dragon Darts|p2a: Blastoise
|-damage|p2a: Blastoise|0 fnt
|faint|p2a: Blastoise
|-damage|p1a: Dragapult|0 fnt|[from] item: Life Orb
|faint|p1a: Dragapult
|
|upkeep
|
|t:|1760789210
|switch|p1a: Iron Treads|Iron Treads|100/100
|switch|p2a: Snorlax|Snorlax, F|100/100
|turn|6
|
|t:|1760789215
|move|p1a: Iron Treads|Body Press|p2a: Snorlax
|-supereffective|p2a: Snorlax
|-damage|p2a: Snorlax|55/100
|move|p2a: Snorlax|Focus Blast|p1a: Iron Treads
|-supereffective|p1a: Iron Treads
|-damage|p1a: Iron Treads|61/100
|
|upkeep
|turn|7
|
|t:|1760789230
|move|p1a: Iron Treads|Body Press|p2a: Snorlax
|-supereffective|p2a: Snorlax
|-damage|p2a: Snorlax|8/100
|-enditem|p2a: Snorlax|Aguav Berry|[eat]
|-heal|p2a: Snorlax|41/100|[from] item: Aguav Berry
|move|p2a: Snorlax|Focus Blast|p1a: Iron Treads
|-supereffective|p1a: Iron Treads
|-damage|p1a: Iron Treads|27/100
|
|upkeep
|turn|8
|
|t:|1760789241
|move|p1a: Iron Treads|Body Press|p2a: Snorlax
|-supereffective|p2a: Snorlax
|-damage|p2a: Snorlax|0 fnt
|faint|p2a: Snorlax
|
|upkeep
|
|t:|1760789248
|switch|p2a: Blaziken|Blaziken, M|100/100
|turn|9
|
|t:|1760789253
|move|p2a: Blaziken|Close Combat|p1a: Iron Treads
|-supereffective|p1a: Iron Treads
|-damage|p1a: Iron Treads|0 fnt
|-unboost|p2a: Blaziken|def|1
|-unboost|p2a: Blaziken|spd|1
|faint|p1a: Iron Treads
|-end|p1a: Iron Treads|Quark Drive|[silent]
|
|upkeep
|
|t:|1760789262
|switch|p1a: Gliscor|Gliscor, M|100/100
|turn|10
|
|t:|1760789271
|move|p2a: Blaziken|Brave Bird|p1a: Gliscor
|-damage|p1a: Gliscor|71/100
|-damage|p2a: Blaziken|91/100|[from] Recoil
|move|p1a: Gliscor|Counter|p2a: Blaziken
|-damage|p2a: Blaziken|35/100
|
|-status|p1a: Gliscor|tox|[from] item: Toxic Orb
|upkeep
|turn|11
|
|t:|1760789286
|move|p2a: Blaziken|Stone Edge|p1a: Gliscor|[miss]
|-miss|p2a: Blaziken|p1a: Gliscor
|move|p1a: Gliscor|Crabhammer|p2a: Blaziken
|-supereffective|p2a: Blaziken
|-damage|p2a: Blaziken|0 fnt
|faint|p2a: Blaziken
|
|-heal|p1a: Gliscor|84/100 tox|[from] ability: Poison Heal
|upkeep
|
|t:|1760789299
|switch|p2a: Darkrai|Darkrai|100/100
|turn|12
|
|t:|1760789309
|move|p2a: Darkrai|Blizzard|p1a: Gliscor
|-supereffective|p1a: Gliscor
|-damage|p1a: Gliscor|0 fnt
|faint|p1a: Gliscor
|
|upkeep
|
|t:|1760789314
|switch|p1a: Ditto|Ditto|100/100
|-transform|p1a: Ditto|p2a: Darkrai|[from] ability: Imposter
|turn|13
|
|t:|1760789326
|move|p1a: Ditto|Focus Blast|p2a: Darkrai
|-supereffective|p2a: Darkrai
|-enditem|p2a: Darkrai|Focus Sash
|-damage|p2a: Darkrai|1/100
|move|p2a: Darkrai|Focus Blast|p1a: Ditto
|-supereffective|p1a: Ditto
|-damage|p1a: Ditto|0 fnt
|faint|p1a: Ditto
|
|upkeep
|
|t:|1760789335
|switch|p1a: Dragonite|Dragonite, M|100/100
|turn|14
|
|t:|1760789350
|move|p1a: Dragonite|Extreme Speed|p2a: Darkrai
|-damage|p2a: Darkrai|0 fnt
|faint|p2a: Darkrai
|
|upkeep
|
|t:|1760789355
|switch|p2a: Scizor|Scizor, M|100/100
|turn|15
|
|t:|1760789374
|move|p1a: Dragonite|Ice Spinner|p2a: Scizor
|-resisted|p2a: Scizor
|-damage|p2a: Scizor|86/100
|move|p2a: Scizor|Bug Buzz|p1a: Dragonite
|-resisted|p1a: Dragonite
|-damage|p1a: Dragonite|95/100
|-unboost|p1a: Dragonite|spd|1
|
|-heal|p2a: Scizor|92/100|[from] item: Leftovers
|upkeep
|turn|16
|
|t:|1760789388
|move|p1a: Dragonite|Extreme Speed|p2a: Scizor
|-resisted|p2a: Scizor
|-damage|p2a: Scizor|77/100
|move|p2a: Scizor|Double-Edge|p1a: Dragonite
|-damage|p1a: Dragonite|41/100
|-damage|p2a: Scizor|60/100|[from] item: Rocky Helmet|[of] p1a: Dragonite
|-damage|p2a: Scizor|44/100|[from] Recoil
|
|-heal|p2a: Scizor|50/100|[from] item: Leftovers
|upkeep
|turn|17
|
|t:|1760789399
|move|p1a: Dragonite|Outrage|p2a: Scizor
|-resisted|p2a: Scizor
|-damage|p2a: Scizor|21/100
|move|p2a: Scizor|Double-Edge|p1a: Dragonite
|-damage|p1a: Dragonite|0 fnt
|-damage|p2a: Scizor|4/100|[from] item: Rocky Helmet|[of] p1a: Dragonite
|faint|p1a: Dragonite
|-damage|p2a: Scizor|0 fnt|[from] Recoil
|faint|p2a: Scizor
|
|win|imnoob5711
|l|☆imnoob5711
|player|p1|
