|j|☆Danslerr
|j|☆MarekLovesGod
|t:|1760867999
|gametype|singles
|player|p1|Danslerr|cynthia|1202
|player|p2|MarekLovesGod|cynthia-gen4|1168
|gen|9
|tier|[Gen 9] OU
|rated|
|rule|HP Percentage Mod: HP is shown in percentages
|rule|Endless Battle Clause: Forcing endless battles is banned
|rule|Species Clause: Limit one of each Pokémon
|rule|OHKO Clause: OHKO moves are banned
|rule|Evasion Items Clause: Evasion items are banned
|rule|Evasion Moves Clause: Evasion moves are banned
|rule|Evasion Abilities Clause: Evasion abilities are banned
|rule|Sleep Moves Clause: Sleep-inducing moves are banned
|clearpoke
|poke|p1|Samurott-Hisui, M|
|poke|p1|Ogerpon-Cornerstone, F|
|poke|p1|Darkrai|
|poke|p1|Gholdengo|
|poke|p1|Raging Bolt|
|poke|p1|Great Tusk|
|poke|p2|Araquanid, M|
|poke|p2|Tsareena, F|
|poke|p2|Cinderace, F|
|poke|p2|Keldeo-Resolute|
|poke|p2|Dragonite, M|
|poke|p2|Lokix, M|
|teampreview
|
|t:|1760868021
|teamsize|p1|6
|teamsize|p2|6
|start
|switch|p1a: Dommy Mommy|Ogerpon-Cornerstone, F|100/100
|switch|p2a: Tsareena|Tsareena, F, shiny|100/100
|turn|1
|
|t:|1760868030
|move|p1a: Dommy Mommy|Swords Dance|p1a: Dommy Mommy
|-boost|p1a: Dommy Mommy|atk|2
|move|p2a: Tsareena|High Jump Kick|p1a: Dommy Mommy
|-supereffective|p1a: Dommy Mommy
|-ability|p1a: Dommy Mommy|Sturdy
|-damage|p1a: Dommy Mommy|1/100
|
|upkeep
|turn|2
|
|t:|1760868046
|move|p1a: Dommy Mommy|Ivy Cudgel|p2a: Tsareena|[anim] Ivy Cudgel Rock
|-damage|p2a: Tsareena|0 fnt
|faint|p2a: Tsareena
|
|upkeep
|
|t:|1760868052
|switch|p2a: Lokix|Lokix, M, shiny|100/100
|turn|3
|
|t:|1760868055
|move|p2a: Lokix|First Impression|p1a: Dommy Mommy
|-supereffective|p1a: Dommy Mommy
|-damage|p1a: Dommy Mommy|0 fnt
|faint|p1a: Dommy Mommy
|-damage|p2a: Lokix|91/100|[from] item: Life Orb
|
|upkeep
|inactive|Battle timer is ON: inactive players will automatically lose when time's up. (requested by Danslerr)
|
|t:|1760868095
|switch|p1a: Hamurott|Samurott-Hisui, M|100/100
|turn|4
|
|t:|1760868101
|move|p1a: Hamurott|Knock Off|p2a: Lokix
|-resisted|p2a: Lokix
|-damage|p2a: Lokix|56/100
|-enditem|p2a: Lokix|Life Orb|[from] move: Knock Off|[of] p1a: Hamurott
|move|p2a: Lokix|Axe Kick|p1a: Hamurott
|-supereffective|p1a: Hamurott
|-enditem|p1a: Hamurott|Focus Sash
|-damage|p1a: Hamurott|1/100
|-start|p1a: Hamurott|confusion
|
|upkeep
|turn|5
|
|t:|1760868118
|switch|p2a: Araquanid|Araquanid, M|100/100
|-activate|p1a: Hamurott|confusion
|move|p1a: Hamurott|Ceaseless Edge|p2a: Araquanid
|-damage|p2a: Araquanid|56/100
|-sidestart|p2: MarekLovesGod|Spikes
|
|-heal|p2a: Araquanid|62/100|[from] item: Leftovers
|upkeep
|turn|6
|
|t:|1760868128
|-activate|p1a: Hamurott|confusion
|-damage|p1a: Hamurott|0 fnt|[from] confusion
|faint|p1a: Hamurott
|move|p2a: Araquanid|Sticky Web|p1: Hamurott
|-sidestart|p1: Danslerr|move: Sticky Web
|
|-heal|p2a: Araquanid|69/100|[from] item: Leftovers
|upkeep
|
|t:|1760868137
|switch|p1a: Great Neck|Raging Bolt|100/100
|-activate|p1a: Great Neck|move: Sticky Web
|-unboost|p1a: Great Neck|spe|1
|-enditem|p1a: Great Neck|Booster Energy
|-activate|p1a: Great Neck|ability: Protosynthesis|[fromitem]
|-start|p1a: Great Neck|protosynthesisspa
|turn|7
|
|t:|1760868151
|move|p1a: Great Neck|Thunderbolt|p2a: Araquanid
|-supereffective|p2a: Araquanid
|-damage|p2a: Araquanid|0 fnt
|faint|p2a: Araquanid
|
|upkeep
|
|t:|1760868166
|switch|p2a: Dragonite|Dragonite, M, shiny|100/100
|turn|8
|
|t:|1760868176
|move|p2a: Dragonite|Scale Shot|p1a: Great Neck
|-supereffective|p1a: Great Neck
|-damage|p1a: Great Neck|73/100
|-supereffective|p1a: Great Neck
|-damage|p1a: Great Neck|49/100
|-supereffective|p1a: Great Neck
|-damage|p1a: Great Neck|23/100
|-supereffective|p1a: Great Neck
|-damage|p1a: Great Neck|0 fnt
|faint|p1a: Great Neck
|-end|p1a: Great Neck|Protosynthesis|[silent]
|-hitcount|p1: Great Neck|4
|-unboost|p2a: Dragonite|def|1
|-boost|p2a: Dragonite|spe|1
|
|upkeep
|
|t:|1760868188
|switch|p1a: Big Snout|Great Tusk|100/100
|-activate|p1a: Big Snout|move: Sticky Web
|-unboost|p1a: Big Snout|spe|1
|-enditem|p1a: Big Snout|Booster Energy
|-activate|p1a: Big Snout|ability: Protosynthesis|[fromitem]
|-start|p1a: Big Snout|protosynthesisatk
|turn|9
|
|t:|1760868198
|move|p2a: Dragonite|Ice Spinner|p1a: Big Snout
|-supereffective|p1a: Big Snout
|-damage|p1a: Big Snout|69/100
|move|p1a: Big Snout|Rapid Spin|p2a: Dragonite
|-damage|p2a: Dragonite|85/100
|-boost|p1a: Big Snout|spe|1
|-sideend|p1: Danslerr|Sticky Web|[from] move: Rapid Spin|[of] p1a: Big Snout
|
|upkeep
|turn|10
|
|t:|1760868211
|move|p2a: Dragonite|Ice Spinner|p1a: Big Snout
|-supereffective|p1a: Big Snout
|-damage|p1a: Big Snout|37/100
|move|p1a: Big Snout|Rapid Spin|p2a: Dragonite
|-damage|p2a: Dragonite|58/100
|-boost|p1a: Big Snout|spe|1
|
|upkeep
|turn|11
|
|t:|1760868218
|move|p1a: Big Snout|Ice Spinner|p2a: Dragonite
|-supereffective|p2a: Dragonite
|-damage|p2a: Dragonite|0 fnt
|faint|p2a: Dragonite
|
|upkeep
|
|t:|1760868227
|switch|p2a: Keldeo|Keldeo-Resolute|100/100
|-damage|p2a: Keldeo|88/100|[from] Spikes
|turn|12
|
|t:|1760868235
|move|p1a: Big Snout|Headlong Rush|p2a: Keldeo
|-damage|p2a: Keldeo|29/100
|-unboost|p1a: Big Snout|def|1
|-unboost|p1a: Big Snout|spd|1
|move|p2a: Keldeo|Surf|p1a: Big Snout
|-supereffective|p1a: Big Snout
|-damage|p1a: Big Snout|0 fnt
|faint|p1a: Big Snout
|-end|p1a: Big Snout|Protosynthesis|[silent]
|
|upkeep
|
|t:|1760868245
|switch|p1a: Mr. Sandman|Darkrai|100/100
|turn|13
|
|t:|1760868252
|move|p2a: Keldeo|Vacuum Wave|p1a: Mr. Sandman
|-supereffective|p1a: Mr. Sandman
|-damage|p1a: Mr. Sandman|43/100
|move|p1a: Mr. Sandman|Sludge Bomb|p2a: Keldeo
|-damage|p2a: Keldeo|9/100
|
|upkeep
|turn|14
|
|t:|1760868261
|move|p2a: Keldeo|Vacuum Wave|p1a: Mr. Sandman
|-supereffective|p1a: Mr. Sandman
|-damage|p1a: Mr. Sandman|0 fnt
|faint|p1a: Mr. Sandman
|
|upkeep
|
|t:|1760868265
|switch|p1a: Mr. Cheese|Gholdengo|100/100
|turn|15
|
|t:|1760868268
|move|p2a: Keldeo|Surf|p1a: Mr. Cheese
|-damage|p1a: Mr. Cheese|56/100
|move|p1a: Mr. Cheese|Shadow Ball|p2a: Keldeo
|-damage|p2a: Keldeo|0 fnt
|faint|p2a: Keldeo
|
|upkeep
|
|t:|1760868276
|switch|p2a: Lokix|Lokix, M, shiny|56/100
|-damage|p2a: Lokix|44/100|[from] Spikes
|turn|16
|
|t:|1760868281
|-terastallize|p1a: Mr. Cheese|Fairy
|move|p2a: Lokix|First Impression|p1a: Mr. Cheese
|-resisted|p1a: Mr. Cheese
|-damage|p1a: Mr. Cheese|15/100
|move|p1a: Mr. Cheese|Dazzling Gleam|p2a: Lokix
|-supereffective|p2a: Lokix
|-damage|p2a: Lokix|0 fnt
|faint|p2a: Lokix
|
|upkeep
|
|t:|1760868289
|switch|p2a: Cinderace|Cinderace, F|100/100
|-damage|p2a: Cinderace|88/100|[from] Spikes
|turn|17
|
|t:|1760868298
|-terastallize|p2a: Cinderace|Fire
|move|p2a: Cinderace|Iron Head|p1a: Mr. Cheese
|-supereffective|p1a: Mr. Cheese
|-damage|p1a: Mr. Cheese|0 fnt
|faint|p1a: Mr. Cheese
|
|win|MarekLovesGod
|raw|Danslerr's rating: 1202 &rarr; <strong>1175</strong><br />(-27 for losing)
|raw|MarekLovesGod's rating: 1168 &rarr; <strong>1195</strong><br />(+27 for winning)
|l|☆MarekLovesGod
|player|p2|
|l|☆Danslerr
|player|p1|
