|j|☆Jinghan Yu
|j|☆julianpan
|t:|1760759896
|gametype|singles
|player|p1|Jinghan Yu|nate|1161
|player|p2|julianpan|266|1184
|gen|9
|tier|[Gen 9] OU
|rated|
|rule|HP Percentage Mod: HP is shown in percentages
|rule|Endless Battle Clause: Forcing endless battles is banned
|rule|Species Clause: Limit one of each Pokémon
|rule|OHKO Clause: OHKO moves are banned
|rule|Evasion Items Clause: Evasion items are banned
|rule|Evasion Moves Clause: Evasion moves are banned
|rule|Evasion Abilities Clause: Evasion abilities are banned
|rule|Sleep Moves Clause: Sleep-inducing moves are banned
|clearpoke
|poke|p1|Heracross, M|
|poke|p1|Umbreon, M|
|poke|p1|Dragonite, M|
|poke|p1|Gyarados, M|
|poke|p1|Emboar, M|
|poke|p1|Venusaur, M|
|poke|p2|Hoopa-Unbound|
|poke|p2|Ogerpon-Wellspring, F|
|poke|p2|Rotom-Wash|
|poke|p2|Great Tusk|
|poke|p2|Gholdengo|
|poke|p2|Tyranitar, F|
|teampreview
|
|t:|1760759923
|teamsize|p1|6
|teamsize|p2|6
|start
|switch|p1a: Constant|Heracross, M|100/100
|switch|p2a: Great Tusk|Great Tusk|100/100
|turn|1
|
|t:|1760759932
|move|p1a: Constant|Trailblaze|p2a: Great Tusk
|-supereffective|p2a: Great Tusk
|-damage|p2a: Great Tusk|85/100
|-boost|p1a: Constant|spe|1
|-damage|p1a: Constant|84/100|[from] item: Rocky Helmet|[of] p2a: Great Tusk
|move|p2a: Great Tusk|Knock Off|p1a: Constant
|-resisted|p1a: Constant
|-damage|p1a: Constant|65/100
|-enditem|p1a: Constant|Flame Orb|[from] move: Knock Off|[of] p2a: Great Tusk
|
|upkeep
|turn|2
|
|t:|1760759944
|move|p1a: Constant|Swords Dance|p1a: Constant
|-boost|p1a: Constant|atk|2
|move|p2a: Great Tusk|Rapid Spin|p1a: Constant
|-damage|p1a: Constant|44/100
|-boost|p2a: Great Tusk|spe|1
|
|upkeep
|turn|3
|
|t:|1760759951
|move|p1a: Constant|Trailblaze|p2a: Great Tusk
|-supereffective|p2a: Great Tusk
|-damage|p2a: Great Tusk|52/100
|-boost|p1a: Constant|spe|1
|-damage|p1a: Constant|28/100|[from] item: Rocky Helmet|[of] p2a: Great Tusk
|move|p2a: Great Tusk|Ice Spinner|p1a: Constant
|-damage|p1a: Constant|0 fnt
|faint|p1a: Constant
|
|upkeep
|
|t:|1760759959
|switch|p1a: Osten|Gyarados, M, shiny|100/100
|-ability|p1a: Osten|Intimidate|boost
|-unboost|p2a: Great Tusk|atk|1
|turn|4
|
|t:|1760759967
|-end|p2a: Great Tusk|Protosynthesis|[silent]
|switch|p2a: Rotom|Rotom-Wash|100/100
|move|p1a: Osten|Dragon Dance|p1a: Osten
|-boost|p1a: Osten|atk|1
|-boost|p1a: Osten|spe|1
|
|upkeep
|turn|5
|
|t:|1760759974
|-terastallize|p1a: Osten|Flying
|move|p1a: Osten|Dragon Dance|p1a: Osten
|-boost|p1a: Osten|atk|1
|-boost|p1a: Osten|spe|1
|move|p2a: Rotom|Will-O-Wisp|p1a: Osten
|-status|p1a: Osten|brn
|
|-damage|p1a: Osten|94/100 brn|[from] brn
|upkeep
|turn|6
|
|t:|1760759984
|move|p1a: Osten|Dragon Dance|p1a: Osten
|-boost|p1a: Osten|atk|1
|-boost|p1a: Osten|spe|1
|move|p2a: Rotom|Volt Switch|p1a: Osten
|-supereffective|p1a: Osten
|-damage|p1a: Osten|46/100 brn
|
|t:|1760759995
|switch|p2a: Gholdengo|Gholdengo|100/100|[from] Volt Switch
|
|-heal|p1a: Osten|52/100 brn|[from] item: Leftovers
|-damage|p1a: Osten|46/100 brn|[from] brn
|upkeep
|turn|7
|
|t:|1760760003
|move|p1a: Osten|Crunch|p2a: Gholdengo
|-supereffective|p2a: Gholdengo
|-damage|p2a: Gholdengo|14/100
|move|p2a: Gholdengo|Thunderbolt|p1a: Osten
|-supereffective|p1a: Osten
|-damage|p1a: Osten|0 fnt
|faint|p1a: Osten
|
|upkeep
|
|t:|1760760009
|switch|p1a: Donavan|Dragonite, M, shiny|100/100
|turn|8
|
|t:|1760760014
|switch|p2a: Rotom|Rotom-Wash|100/100
|move|p1a: Donavan|Dragon Dance|p1a: Donavan
|-boost|p1a: Donavan|atk|1
|-boost|p1a: Donavan|spe|1
|
|upkeep
|turn|9
|
|t:|1760760020
|switch|p1a: Benedy|Emboar, M|100/100
|move|p2a: Rotom|Will-O-Wisp|p1a: Benedy
|-immune|p1a: Benedy
|
|upkeep
|turn|10
|
|t:|1760760026
|move|p1a: Benedy|Sunny Day|p1a: Benedy
|-weather|SunnyDay
|move|p2a: Rotom|Hydro Pump|p1a: Benedy|[miss]
|-miss|p2a: Rotom|p1a: Benedy
|
|-weather|SunnyDay|[upkeep]
|upkeep
|turn|11
|
|t:|1760760032
|switch|p1a: Devon|Venusaur, M|100/100
|move|p2a: Rotom|Volt Switch|p1a: Devon
|-resisted|p1a: Devon
|-damage|p1a: Devon|86/100
|
|t:|1760760046
|switch|p2a: Gholdengo|Gholdengo|14/100|[from] Volt Switch
|
|-weather|SunnyDay|[upkeep]
|-heal|p1a: Devon|92/100|[from] item: Leftovers
|upkeep
|turn|12
|
|t:|1760760052
|move|p1a: Devon|Earth Power|p2a: Gholdengo
|-supereffective|p2a: Gholdengo
|-damage|p2a: Gholdengo|0 fnt
|faint|p2a: Gholdengo
|
|-weather|SunnyDay|[upkeep]
|-heal|p1a: Devon|98/100|[from] item: Leftovers
|upkeep
|
|t:|1760760072
|switch|p2a: Tyranitar|Tyranitar, F|100/100
|-weather|Sandstorm|[from] ability: Sand Stream|[of] p2a: Tyranitar
|turn|13
|
|t:|1760760077
|move|p1a: Devon|Earth Power|p2a: Tyranitar
|-supereffective|p2a: Tyranitar
|-damage|p2a: Tyranitar|77/100
|move|p2a: Tyranitar|Thunder Wave|p1a: Devon|[miss]
|-miss|p2a: Tyranitar|p1a: Devon
|
|-weather|Sandstorm|[upkeep]
|-damage|p1a: Devon|92/100|[from] Sandstorm
|-heal|p1a: Devon|98/100|[from] item: Leftovers
|-heal|p2a: Tyranitar|83/100|[from] item: Leftovers
|upkeep
|turn|14
|
|t:|1760760089
|switch|p1a: Benedy|Emboar, M|100/100
|move|p2a: Tyranitar|Thunder Wave|p1a: Benedy
|-status|p1a: Benedy|par
|
|-weather|Sandstorm|[upkeep]
|-damage|p1a: Benedy|94/100 par|[from] Sandstorm
|-heal|p2a: Tyranitar|90/100|[from] item: Leftovers
|upkeep
|turn|15
|
|t:|1760760098
|switch|p2a: Great Tusk|Great Tusk|52/100
|move|p1a: Benedy|Sunny Day|p1a: Benedy
|-weather|SunnyDay
|-activate|p2a: Great Tusk|ability: Protosynthesis
|-start|p2a: Great Tusk|protosynthesisdef
|
|-weather|SunnyDay|[upkeep]
|upkeep
|turn|16
|
|t:|1760760107
|move|p2a: Great Tusk|Knock Off|p1a: Benedy
|-resisted|p1a: Benedy
|-damage|p1a: Benedy|75/100 par
|-enditem|p1a: Benedy|Heavy-Duty Boots|[from] move: Knock Off|[of] p2a: Great Tusk
|move|p1a: Benedy|Close Combat|p2a: Great Tusk
|-damage|p2a: Great Tusk|27/100
|-unboost|p1a: Benedy|def|1
|-unboost|p1a: Benedy|spd|1
|-damage|p1a: Benedy|58/100 par|[from] item: Rocky Helmet|[of] p2a: Great Tusk
|
|-weather|SunnyDay|[upkeep]
|upkeep
|turn|17
|
|t:|1760760117
|move|p2a: Great Tusk|Body Press|p1a: Benedy
|-damage|p1a: Benedy|0 fnt
|faint|p1a: Benedy
|
|-weather|SunnyDay|[upkeep]
|upkeep
|
|t:|1760760121
|switch|p1a: Devon|Venusaur, M|98/100
|turn|18
|
|t:|1760760138
|-end|p2a: Great Tusk|Protosynthesis|[silent]
|switch|p2a: Tyranitar|Tyranitar, F|90/100
|-weather|Sandstorm|[from] ability: Sand Stream|[of] p2a: Tyranitar
|move|p1a: Devon|Giga Drain|p2a: Tyranitar
|-supereffective|p2a: Tyranitar
|-damage|p2a: Tyranitar|60/100
|-heal|p1a: Devon|100/100|[from] drain|[of] p2a: Tyranitar
|
|-weather|Sandstorm|[upkeep]
|-damage|p1a: Devon|95/100|[from] Sandstorm
|-heal|p1a: Devon|100/100|[from] item: Leftovers
|-heal|p2a: Tyranitar|66/100|[from] item: Leftovers
|upkeep
|turn|19
|
|t:|1760760149
|move|p1a: Devon|Giga Drain|p2a: Tyranitar
|-supereffective|p2a: Tyranitar
|-damage|p2a: Tyranitar|36/100
|move|p2a: Tyranitar|Thunder Wave|p1a: Devon|[miss]
|-miss|p2a: Tyranitar|p1a: Devon
|
|-weather|Sandstorm|[upkeep]
|-damage|p1a: Devon|95/100|[from] Sandstorm
|-heal|p1a: Devon|100/100|[from] item: Leftovers
|-heal|p2a: Tyranitar|42/100|[from] item: Leftovers
|upkeep
|turn|20
|
|t:|1760760157
|move|p1a: Devon|Giga Drain|p2a: Tyranitar
|-supereffective|p2a: Tyranitar
|-damage|p2a: Tyranitar|12/100
|move|p2a: Tyranitar|Thunder Wave|p1a: Devon
|-status|p1a: Devon|par
|
|-weather|Sandstorm|[upkeep]
|-damage|p1a: Devon|95/100 par|[from] Sandstorm
|-heal|p2a: Tyranitar|19/100|[from] item: Leftovers
|-heal|p1a: Devon|100/100 par|[from] item: Leftovers
|upkeep
|turn|21
|
|t:|1760760168
|switch|p2a: Hoopa|Hoopa-Unbound|100/100
|move|p1a: Devon|Giga Drain|p2a: Hoopa
|-damage|p2a: Hoopa|67/100
|
|-weather|Sandstorm|[upkeep]
|-damage|p2a: Hoopa|61/100|[from] Sandstorm
|-damage|p1a: Devon|95/100 par|[from] Sandstorm
|-heal|p1a: Devon|100/100 par|[from] item: Leftovers
|upkeep
|turn|22
|
|t:|1760760180
|move|p2a: Hoopa|Zen Headbutt|p1a: Devon
|-supereffective|p1a: Devon
|-damage|p1a: Devon|0 fnt
|faint|p1a: Devon
|
|-weather|none
|upkeep
|
|t:|1760760184
|switch|p1a: Avedis|Umbreon, M, shiny|100/100
|turn|23
|
|t:|1760760188
|switch|p2a: Rotom|Rotom-Wash|100/100
|move|p1a: Avedis|Toxic|p2a: Rotom
|-status|p2a: Rotom|tox
|
|-damage|p2a: Rotom|95/100 tox|[from] psn
|upkeep
|turn|24
|
|t:|1760760195
|move|p2a: Rotom|Will-O-Wisp||[still]
|-status|p1a: Avedis|brn
|-activate|p1a: Avedis|ability: Synchronize
|-fail|p1a: Avedis
|move|p1a: Avedis|Wish|p1a: Avedis
|
|-damage|p2a: Rotom|83/100 tox|[from] psn
|-damage|p1a: Avedis|94/100 brn|[from] brn
|upkeep
|turn|25
|
|t:|1760760204
|move|p2a: Rotom|Volt Switch|p1a: Avedis
|-damage|p1a: Avedis|77/100 brn
|
|t:|1760760208
|switch|p2a: Great Tusk|Great Tusk|27/100|[from] Volt Switch
|move|p1a: Avedis|Foul Play|p2a: Great Tusk
|-resisted|p2a: Great Tusk
|-damage|p2a: Great Tusk|23/100
|-damage|p1a: Avedis|60/100 brn|[from] item: Rocky Helmet|[of] p2a: Great Tusk
|
|-heal|p1a: Avedis|100/100 brn|[from] move: Wish|[wisher] Avedis
|-damage|p1a: Avedis|94/100 brn|[from] brn
|upkeep
|turn|26
|
|t:|1760760219
|move|p1a: Avedis|Protect|p1a: Avedis
|-singleturn|p1a: Avedis|Protect
|move|p2a: Great Tusk|Rapid Spin|p1a: Avedis
|-activate|p1a: Avedis|move: Protect
|
|-heal|p1a: Avedis|100/100 brn|[from] item: Leftovers
|-damage|p1a: Avedis|94/100 brn|[from] brn
|upkeep
|turn|27
|
|t:|1760760226
|move|p2a: Great Tusk|Rapid Spin|p1a: Avedis
|-damage|p1a: Avedis|84/100 brn
|-boost|p2a: Great Tusk|spe|1
|move|p1a: Avedis|Toxic|p2a: Great Tusk
|-status|p2a: Great Tusk|tox
|
|-heal|p1a: Avedis|90/100 brn|[from] item: Leftovers
|-damage|p2a: Great Tusk|16/100 tox|[from] psn
|-damage|p1a: Avedis|84/100 brn|[from] brn
|upkeep
|turn|28
|
|t:|1760760235
|move|p2a: Great Tusk|Body Press|p1a: Avedis
|-supereffective|p1a: Avedis
|-damage|p1a: Avedis|24/100 brn
|move|p1a: Avedis|Wish|p1a: Avedis
|
|-heal|p1a: Avedis|30/100 brn|[from] item: Leftovers
|-damage|p2a: Great Tusk|4/100 tox|[from] psn
|-damage|p1a: Avedis|24/100 brn|[from] brn
|upkeep
|turn|29
|
|t:|1760760244
|move|p1a: Avedis|Protect|p1a: Avedis
|-singleturn|p1a: Avedis|Protect
|move|p2a: Great Tusk|Body Press|p1a: Avedis
|-activate|p1a: Avedis|move: Protect
|
|-heal|p1a: Avedis|74/100 brn|[from] move: Wish|[wisher] Avedis
|-heal|p1a: Avedis|80/100 brn|[from] item: Leftovers
|-damage|p2a: Great Tusk|0 fnt|[from] psn
|faint|p2a: Great Tusk
|-end|p2a: Great Tusk|Protosynthesis|[silent]
|-damage|p1a: Avedis|74/100 brn|[from] brn
|upkeep
|
|t:|1760760268
|switch|p2a: Ogerpon|Ogerpon-Wellspring, F|100/100
|turn|30
|
|t:|1760760272
|move|p2a: Ogerpon|Swords Dance|p2a: Ogerpon
|-boost|p2a: Ogerpon|atk|2
|move|p1a: Avedis|Toxic|p2a: Ogerpon
|-status|p2a: Ogerpon|tox
|
|-heal|p1a: Avedis|80/100 brn|[from] item: Leftovers
|-damage|p2a: Ogerpon|95/100 tox|[from] psn
|-damage|p1a: Avedis|74/100 brn|[from] brn
|upkeep
|turn|31
|
|t:|1760760291
|-terastallize|p2a: Ogerpon|Water
|detailschange|p2a: Ogerpon|Ogerpon-Wellspring-Tera, F, tera:Water
|-ability|p2a: Ogerpon|Embody Aspect (Wellspring)|boost
|-boost|p2a: Ogerpon|spd|1
|move|p2a: Ogerpon|Ivy Cudgel|p1a: Avedis|[anim] Ivy Cudgel Water
|-crit|p1a: Avedis
|-damage|p1a: Avedis|0 fnt
|faint|p1a: Avedis
|
|-damage|p2a: Ogerpon|83/100 tox|[from] psn
|upkeep
|
|t:|1760760298
|switch|p1a: Donavan|Dragonite, M, shiny|100/100
|turn|32
|
|t:|1760760301
|move|p2a: Ogerpon|Ivy Cudgel|p1a: Donavan|[anim] Ivy Cudgel Water
|-resisted|p1a: Donavan
|-damage|p1a: Donavan|54/100
|move|p1a: Donavan|Dragon Dance|p1a: Donavan
|-boost|p1a: Donavan|atk|1
|-boost|p1a: Donavan|spe|1
|
|-damage|p2a: Ogerpon|65/100 tox|[from] psn
|upkeep
|turn|33
|
|t:|1760760316
|move|p1a: Donavan|Scale Shot|p2a: Ogerpon
|-damage|p2a: Ogerpon|37/100 tox
|-damage|p2a: Ogerpon|10/100 tox
|-hitcount|p2a: Ogerpon|2
|-unboost|p1a: Donavan|def|1
|-boost|p1a: Donavan|spe|1
|move|p2a: Ogerpon|Ivy Cudgel|p1a: Donavan|[anim] Ivy Cudgel Water
|-resisted|p1a: Donavan
|-damage|p1a: Donavan|0 fnt
|faint|p1a: Donavan
|
|win|julianpan
|raw|Jinghan Yu's rating: 1161 &rarr; <strong>1138</strong><br />(-23 for losing)
|raw|julianpan's rating: 1184 &rarr; <strong>1207</strong><br />(+23 for winning)
|l|☆Jinghan Yu
|player|p1|
|c|☆julianpan|lol
|l|☆julianpan
|player|p2|
