|j|☆itslefty
|j|☆hisohisokurione
|t:|1760853122
|gametype|singles
|player|p1|itslefty|266|1061
|player|p2|hisohisokurione|unknown|1053
|gen|9
|tier|[Gen 9] OU
|rated|
|rule|HP Percentage Mod: HP is shown in percentages
|rule|Endless Battle Clause: Forcing endless battles is banned
|rule|Species Clause: Limit one of each Pokémon
|rule|OHKO Clause: OHKO moves are banned
|rule|Evasion Items Clause: Evasion items are banned
|rule|Evasion Moves Clause: Evasion moves are banned
|rule|Evasion Abilities Clause: Evasion abilities are banned
|rule|Sleep Moves Clause: Sleep-inducing moves are banned
|clearpoke
|poke|p1|Primarina, M|
|poke|p1|Armarouge, M|
|poke|p1|Toxapex, M|
|poke|p1|Heracross, F|
|poke|p1|Golem, M|
|poke|p1|Gholdengo|
|poke|p2|Garganacl, M|
|poke|p2|Glimmora, M|
|poke|p2|Dragonite, M|
|poke|p2|Torkoal, F|
|poke|p2|Forretress, F|
|poke|p2|Sunkern, F|
|teampreview
|
|t:|1760853134
|teamsize|p1|6
|teamsize|p2|6
|start
|switch|p1a: Toxapex|Toxapex, M|100/100
|switch|p2a: Glimmora|Glimmora, M|100/100
|-item|p2a: Glimmora|Air Balloon
|turn|1
|
|t:|1760853154
|switch|p1a: Golem|Golem, M|100/100
|move|p2a: Glimmora|Stealth Rock|p1a: Golem
|-sidestart|p1: itslefty|move: Stealth Rock
|
|upkeep
|turn|2
|
|t:|1760853201
|switch|p2a: Dragonite|Dragonite, M|100/100
|move|p1a: Golem|Rock Polish|p1a: Golem
|-boost|p1a: Golem|spe|2
|
|upkeep
|turn|3
|
|t:|1760853212
|move|p1a: Golem|Rock Blast|p2a: Dragonite
|-supereffective|p2a: Dragonite
|-damage|p2a: Dragonite|88/100
|-supereffective|p2a: Dragonite
|-damage|p2a: Dragonite|61/100
|-supereffective|p2a: Dragonite
|-damage|p2a: Dragonite|33/100
|-supereffective|p2a: Dragonite
|-damage|p2a: Dragonite|6/100
|-hitcount|p2a: Dragonite|4
|move|p2a: Dragonite|Focus Blast|p1a: Golem|[miss]
|-miss|p2a: Dragonite|p1a: Golem
|
|upkeep
|turn|4
|
|t:|1760853230
|move|p1a: Golem|Rock Blast|p2a: Dragonite
|-supereffective|p2a: Dragonite
|-damage|p2a: Dragonite|0 fnt
|faint|p2a: Dragonite
|-hitcount|p2: Dragonite|1
|
|upkeep
|
|t:|1760853242
|switch|p2a: Forretress|Forretress, F|100/100
|turn|5
|
|t:|1760853250
|move|p1a: Golem|Earthquake|p2a: Forretress
|-damage|p2a: Forretress|64/100
|move|p2a: Forretress|Body Press|p1a: Golem
|-supereffective|p1a: Golem
|-damage|p1a: Golem|59/100
|
|upkeep
|turn|6
|
|t:|1760853266
|move|p2a: Forretress|Gyro Ball|p1a: Golem
|-supereffective|p1a: Golem
|-damage|p1a: Golem|0 fnt
|faint|p1a: Golem
|
|upkeep
|
|t:|1760853280
|switch|p1a: Armarouge|Armarouge, M|100/100
|-damage|p1a: Armarouge|76/100|[from] Stealth Rock
|turn|7
|
|t:|1760853293
|move|p1a: Armarouge|Flamethrower|p2a: Forretress
|-supereffective|p2a: Forretress
|-damage|p2a: Forretress|0 fnt
|faint|p2a: Forretress
|
|upkeep
|
|t:|1760853312
|switch|p2a: Glimmora|Glimmora, M|100/100
|-item|p2a: Glimmora|Air Balloon
|turn|8
|
|t:|1760853322
|-terastallize|p2a: Glimmora|Normal
|-terastallize|p1a: Armarouge|Psychic
|move|p2a: Glimmora|Explosion|p1a: Armarouge
|-damage|p1a: Armarouge|1/100
|-ability|p1a: Armarouge|Weak Armor|boost
|-unboost|p1a: Armarouge|def|1
|-boost|p1a: Armarouge|spe|2
|faint|p2a: Glimmora
|move|p1a: Armarouge|Psychic|p2: Glimmora|[notarget]
|-fail|p1a: Armarouge
|
|upkeep
|
|t:|1760853333
|switch|p2a: Torkoal|Torkoal, F|100/100
|-weather|SunnyDay|[from] ability: Drought|[of] p2a: Torkoal
|-item|p2a: Torkoal|Air Balloon
|turn|9
|
|t:|1760853346
|move|p1a: Armarouge|Psychic|p2a: Torkoal
|-damage|p2a: Torkoal|17/100
|-enditem|p2a: Torkoal|Air Balloon
|move|p2a: Torkoal|Clear Smog|p1a: Armarouge
|-damage|p1a: Armarouge|0 fnt
|-clearboost|p1a: Armarouge
|faint|p1a: Armarouge
|
|-weather|SunnyDay|[upkeep]
|upkeep
|
|t:|1760853366
|switch|p1a: Heracross|Heracross, F|100/100
|-damage|p1a: Heracross|88/100|[from] Stealth Rock
|turn|10
|
|t:|1760853382
|move|p1a: Heracross|Close Combat|p2a: Torkoal
|-damage|p2a: Torkoal|0 fnt
|-unboost|p1a: Heracross|def|1
|-unboost|p1a: Heracross|spd|1
|faint|p2a: Torkoal
|
|-weather|SunnyDay|[upkeep]
|-status|p1a: Heracross|brn|[from] item: Flame Orb
|upkeep
|
|t:|1760853390
|switch|p2a: Sunkern|Sunkern, F|100/100
|turn|11
|
|t:|1760853398
|move|p2a: Sunkern|Leech Seed|p1a: Heracross
|-start|p1a: Heracross|move: Leech Seed
|move|p1a: Heracross|Lunge|p2a: Sunkern
|-supereffective|p2a: Sunkern
|-enditem|p2a: Sunkern|Focus Sash
|-damage|p2a: Sunkern|1/100
|-unboost|p2a: Sunkern|atk|1
|
|-weather|SunnyDay|[upkeep]
|-damage|p1a: Heracross|76/100 brn|[from] Leech Seed|[of] p2a: Sunkern
|-heal|p2a: Sunkern|19/100|[silent]
|-damage|p1a: Heracross|70/100 brn|[from] brn
|upkeep
|turn|12
|
|t:|1760853419
|move|p2a: Sunkern|Endeavor|p1a: Heracross
|-damage|p1a: Heracross|13/100 brn
|move|p1a: Heracross|Close Combat|p2a: Sunkern
|-damage|p2a: Sunkern|0 fnt
|-unboost|p1a: Heracross|def|1
|-unboost|p1a: Heracross|spd|1
|faint|p2a: Sunkern
|
|-weather|SunnyDay|[upkeep]
|-damage|p1a: Heracross|7/100 brn|[from] brn
|upkeep
|
|t:|1760853430
|switch|p2a: Garganacl|Garganacl, M|100/100
|turn|13
|
|t:|1760853435
|move|p1a: Heracross|Close Combat|p2a: Garganacl
|-supereffective|p2a: Garganacl
|-damage|p2a: Garganacl|0 fnt
|-unboost|p1a: Heracross|def|1
|-unboost|p1a: Heracross|spd|1
|faint|p2a: Garganacl
|
|win|itslefty
|raw|itslefty's rating: 1061 &rarr; <strong>1091</strong><br />(+30 for winning)
|raw|hisohisokurione's rating: 1053 &rarr; <strong>1035</strong><br />(-18 for losing)
|l|☆hisohisokurione
|player|p2|
|l|☆itslefty
|player|p1|
