|j|☆Kazuelasnt
|j|☆swagataka
|t:|1760815743
|gametype|singles
|player|p1|Kazuelasnt|cress|1500
|player|p2|swagataka|byron|1543
|gen|9
|tier|[Gen 9] OU
|rated|
|rule|HP Percentage Mod: HP is shown in percentages
|rule|Endless Battle Clause: Forcing endless battles is banned
|rule|Species Clause: Limit one of each Pokémon
|rule|OHKO Clause: OHKO moves are banned
|rule|Evasion Items Clause: Evasion items are banned
|rule|Evasion Moves Clause: Evasion moves are banned
|rule|Evasion Abilities Clause: Evasion abilities are banned
|rule|Sleep Moves Clause: Sleep-inducing moves are banned
|clearpoke
|poke|p1|Kleavor, M|
|poke|p1|Ogerpon-Wellspring, F|
|poke|p1|Gholdengo|
|poke|p1|Dragonite, F|
|poke|p1|Darkrai|
|poke|p1|Hatterene, F|
|poke|p2|Pecharunt|
|poke|p2|Great Tusk|
|poke|p2|Iron Crown|
|poke|p2|Lokix, M|
|poke|p2|Kingambit, M|
|poke|p2|Vespiquen, F|
|teampreview
|
|t:|1760815755
|teamsize|p1|6
|teamsize|p2|6
|start
|switch|p1a: Filo Señorial|Kleavor, M|100/100
|switch|p2a: Iron Crown|Iron Crown|100/100
|turn|1
|
|t:|1760815765
|move|p1a: Filo Señorial|U-turn|p2a: Iron Crown
|-damage|p2a: Iron Crown|58/100
|
|t:|1760815786
|switch|p1a: Mr JOEgerpon|Ogerpon-Wellspring, F|100/100|[from] U-turn
|move|p2a: Iron Crown|Tachyon Cutter|p1a: Mr JOEgerpon
|-resisted|p1a: Mr JOEgerpon
|-damage|p1a: Mr JOEgerpon|80/100
|-resisted|p1a: Mr JOEgerpon
|-damage|p1a: Mr JOEgerpon|60/100
|-hitcount|p1a: Mr JOEgerpon|2
|
|upkeep
|turn|2
|
|t:|1760815794
|-end|p2a: Iron Crown|Quark Drive|[silent]
|switch|p2a: Pecharunt|Pecharunt|100/100
|move|p1a: Mr JOEgerpon|Spikes|p2a: Pecharunt
|-sidestart|p2: swagataka|Spikes
|
|upkeep
|turn|3
|
|t:|1760815797
|move|p1a: Mr JOEgerpon|U-turn|p2a: Pecharunt
|-resisted|p2a: Pecharunt
|-damage|p2a: Pecharunt|98/100
|
|t:|1760815800
|switch|p1a: A Penny|Gholdengo|100/100|[from] U-turn
|-item|p1a: A Penny|Air Balloon
|move|p2a: Pecharunt|Shadow Ball|p1a: A Penny
|-supereffective|p1a: A Penny
|-damage|p1a: A Penny|47/100
|-enditem|p1a: A Penny|Air Balloon
|
|upkeep
|turn|4
|
|t:|1760815807
|switch|p2a: Kingambit|Kingambit, M|100/100
|-item|p2a: Kingambit|Air Balloon
|move|p1a: A Penny|Make It Rain|p2a: Kingambit
|-resisted|p2a: Kingambit
|-damage|p2a: Kingambit|68/100
|-unboost|p1a: A Penny|spa|1
|-enditem|p2a: Kingambit|Air Balloon
|
|upkeep
|turn|5
|
|t:|1760815818
|switch|p1a: Alba|Dragonite, F, shiny|100/100
|move|p2a: Kingambit|Sucker Punch||[still]
|-fail|p2a: Kingambit
|
|upkeep
|turn|6
|
|t:|1760815825
|move|p1a: Alba|Dragon Dance|p1a: Alba
|-boost|p1a: Alba|atk|1
|-boost|p1a: Alba|spe|1
|move|p2a: Kingambit|Stealth Rock|p1a: Alba
|-sidestart|p1: Kazuelasnt|move: Stealth Rock
|
|upkeep
|turn|7
|
|t:|1760815845
|switch|p2a: Vespiquen|Vespiquen, F, shiny|100/100
|-ability|p2a: Vespiquen|Pressure
|move|p1a: Alba|Earthquake|p2a: Vespiquen
|-immune|p2a: Vespiquen
|
|upkeep
|turn|8
|
|t:|1760815856
|move|p1a: Alba|Dragon Dance|p1a: Alba
|-boost|p1a: Alba|atk|1
|-boost|p1a: Alba|spe|1
|move|p2a: Vespiquen|Toxic|p1a: Alba
|-status|p1a: Alba|tox
|
|-damage|p1a: Alba|94/100 tox|[from] psn
|upkeep
|turn|9
|
|t:|1760815864
|-terastallize|p1a: Alba|Fairy
|move|p1a: Alba|Tera Blast|p2a: Vespiquen|[anim] Tera Blast Fairy
|-damage|p2a: Vespiquen|40/100
|move|p2a: Vespiquen|Roost|p2a: Vespiquen
|-heal|p2a: Vespiquen|90/100
|-singleturn|p2a: Vespiquen|move: Roost
|
|-heal|p2a: Vespiquen|96/100|[from] item: Leftovers
|-damage|p1a: Alba|82/100 tox|[from] psn
|upkeep
|turn|10
|
|t:|1760815872
|switch|p1a: Filo Señorial|Kleavor, M|100/100
|-damage|p1a: Filo Señorial|76/100|[from] Stealth Rock
|move|p2a: Vespiquen|Roost|p2a: Vespiquen
|-heal|p2a: Vespiquen|100/100
|-singleturn|p2a: Vespiquen|move: Roost
|
|upkeep
|turn|11
|
|t:|1760815876
|switch|p2a: Great Tusk|Great Tusk|100/100
|move|p1a: Filo Señorial|Stone Axe|p2a: Great Tusk|[miss]
|-miss|p1a: Filo Señorial|p2a: Great Tusk
|
|upkeep
|turn|12
|
|t:|1760815884
|switch|p1a: A Penny|Gholdengo|47/100
|-damage|p1a: A Penny|40/100|[from] Stealth Rock
|move|p2a: Great Tusk|Rapid Spin|p1a: A Penny
|-immune|p1a: A Penny
|
|upkeep
|turn|13
|
|t:|1760815908
|switch|p1a: Mr JOEgerpon|Ogerpon-Wellspring, F|60/100
|-damage|p1a: Mr JOEgerpon|47/100|[from] Stealth Rock
|move|p2a: Great Tusk|Headlong Rush|p1a: Mr JOEgerpon
|-resisted|p1a: Mr JOEgerpon
|-damage|p1a: Mr JOEgerpon|3/100
|-unboost|p2a: Great Tusk|def|1
|-unboost|p2a: Great Tusk|spd|1
|
|upkeep
|turn|14
|
|t:|1760815915
|-end|p2a: Great Tusk|Protosynthesis|[silent]
|switch|p2a: Pecharunt|Pecharunt|98/100
|move|p1a: Mr JOEgerpon|Ivy Cudgel|p2a: Pecharunt|[anim] Ivy Cudgel Water
|-damage|p2a: Pecharunt|70/100
|
|upkeep
|turn|15
|
|t:|1760815920
|move|p1a: Mr JOEgerpon|Knock Off|p2a: Pecharunt
|-supereffective|p2a: Pecharunt
|-damage|p2a: Pecharunt|35/100
|-enditem|p2a: Pecharunt|Heavy-Duty Boots|[from] move: Knock Off|[of] p1a: Mr JOEgerpon
|move|p2a: Pecharunt|Recover|p2a: Pecharunt
|-heal|p2a: Pecharunt|85/100
|
|upkeep
|turn|16
|
|t:|1760815926
|move|p1a: Mr JOEgerpon|Spikes|p2a: Pecharunt
|-sidestart|p2: swagataka|Spikes
|move|p2a: Pecharunt|Shadow Ball|p1a: Mr JOEgerpon
|-damage|p1a: Mr JOEgerpon|0 fnt
|faint|p1a: Mr JOEgerpon
|
|upkeep
|
|t:|1760815932
|switch|p1a: Duke|Darkrai, shiny|100/100
|-damage|p1a: Duke|88/100|[from] Stealth Rock
|turn|17
|
|t:|1760815938
|switch|p2a: Vespiquen|Vespiquen, F, shiny|100/100
|-ability|p2a: Vespiquen|Pressure
|move|p1a: Duke|Dark Pulse|p2a: Vespiquen
|-damage|p2a: Vespiquen|60/100
|
|-heal|p2a: Vespiquen|66/100|[from] item: Leftovers
|upkeep
|turn|18
|
|t:|1760815944
|switch|p1a: A Penny|Gholdengo|40/100
|-damage|p1a: A Penny|34/100|[from] Stealth Rock
|move|p2a: Vespiquen|Toxic|p1a: A Penny
|-immune|p1a: A Penny|[from] ability: Good as Gold
|
|-heal|p2a: Vespiquen|72/100|[from] item: Leftovers
|upkeep
|turn|19
|
|t:|1760815950
|move|p1a: A Penny|Make It Rain|p2a: Vespiquen
|-damage|p2a: Vespiquen|25/100
|-unboost|p1a: A Penny|spa|1
|move|p2a: Vespiquen|Roost|p2a: Vespiquen
|-heal|p2a: Vespiquen|75/100
|-singleturn|p2a: Vespiquen|move: Roost
|
|-heal|p2a: Vespiquen|82/100|[from] item: Leftovers
|upkeep
|turn|20
|
|t:|1760815965
|switch|p2a: Great Tusk|Great Tusk|100/100
|move|p1a: A Penny|Dazzling Gleam|p2a: Great Tusk
|-supereffective|p2a: Great Tusk
|-damage|p2a: Great Tusk|40/100
|
|upkeep
|turn|21
|
|t:|1760815971
|move|p2a: Great Tusk|Knock Off|p1a: A Penny
|-supereffective|p1a: A Penny
|-damage|p1a: A Penny|0 fnt
|faint|p1a: A Penny
|
|upkeep
|
|t:|1760815975
|switch|p1a: Duke|Darkrai, shiny|88/100
|-damage|p1a: Duke|76/100|[from] Stealth Rock
|turn|22
|
|t:|1760815983
|-end|p2a: Great Tusk|Protosynthesis|[silent]
|switch|p2a: Kingambit|Kingambit, M|68/100
|-damage|p2a: Kingambit|51/100|[from] Spikes
|move|p1a: Duke|Ice Beam|p2a: Kingambit
|-resisted|p2a: Kingambit
|-damage|p2a: Kingambit|35/100
|
|upkeep
|turn|23
|
|t:|1760815988
|move|p1a: Duke|Dark Pulse|p2a: Kingambit
|-resisted|p2a: Kingambit
|-damage|p2a: Kingambit|10/100
|move|p2a: Kingambit|Thief|p1a: Duke
|-resisted|p1a: Duke
|-damage|p1a: Duke|54/100
|-enditem|p1a: Duke|Black Glasses|[silent]|[from] move: Thief|[of] p2a: Kingambit
|-item|p2a: Kingambit|Black Glasses|[from] move: Thief|[of] p1a: Duke
|
|upkeep
|turn|24
|
|t:|1760815995
|move|p1a: Duke|Sucker Punch|p2a: Kingambit
|-resisted|p2a: Kingambit
|-damage|p2a: Kingambit|1/100
|move|p2a: Kingambit|Sucker Punch||[still]
|-fail|p2a: Kingambit
|
|upkeep
|turn|25
|
|t:|1760816005
|move|p2a: Kingambit|Sucker Punch|p1a: Duke
|-resisted|p1a: Duke
|-damage|p1a: Duke|22/100
|move|p1a: Duke|Dark Pulse|p2a: Kingambit
|-resisted|p2a: Kingambit
|-damage|p2a: Kingambit|0 fnt
|faint|p2a: Kingambit
|
|upkeep
|
|t:|1760816010
|switch|p2a: Vespiquen|Vespiquen, F, shiny|82/100
|-ability|p2a: Vespiquen|Pressure
|turn|26
|
|t:|1760816021
|switch|p1a: Hattie|Hatterene, F|100/100
|-damage|p1a: Hattie|88/100|[from] Stealth Rock
|move|p2a: Vespiquen|Fury Cutter|p1a: Hattie
|-damage|p1a: Hattie|75/100
|
|-heal|p2a: Vespiquen|88/100|[from] item: Leftovers
|upkeep
|turn|27
|
|t:|1760816029
|switch|p2a: Iron Crown|Iron Crown|58/100
|-damage|p2a: Iron Crown|41/100|[from] Spikes
|move|p1a: Hattie|Draining Kiss|p2a: Iron Crown
|-resisted|p2a: Iron Crown
|-damage|p2a: Iron Crown|27/100
|-heal|p1a: Hattie|85/100|[from] drain|[of] p2a: Iron Crown
|
|upkeep
|turn|28
|
|t:|1760816032
|move|p2a: Iron Crown|Tachyon Cutter|p1a: Hattie
|-supereffective|p1a: Hattie
|-damage|p1a: Hattie|36/100
|-supereffective|p1a: Hattie
|-damage|p1a: Hattie|0 fnt
|faint|p1a: Hattie
|-hitcount|p1: Hattie|2
|
|upkeep
|
|t:|1760816041
|switch|p1a: Filo Señorial|Kleavor, M|76/100
|-damage|p1a: Filo Señorial|51/100|[from] Stealth Rock
|turn|29
|
|t:|1760816049
|move|p1a: Filo Señorial|Stone Axe|p2a: Iron Crown
|-resisted|p2a: Iron Crown
|-damage|p2a: Iron Crown|0 fnt
|-sidestart|p2: swagataka|move: Stealth Rock
|faint|p2a: Iron Crown
|-end|p2a: Iron Crown|Quark Drive|[silent]
|
|upkeep
|
|t:|1760816051
|switch|p2a: Great Tusk|Great Tusk|40/100
|turn|30
|
|t:|1760816054
|move|p1a: Filo Señorial|Stone Axe|p2a: Great Tusk
|-resisted|p2a: Great Tusk
|-damage|p2a: Great Tusk|30/100
|move|p2a: Great Tusk|Rapid Spin|p1a: Filo Señorial
|-resisted|p1a: Filo Señorial
|-damage|p1a: Filo Señorial|40/100
|-boost|p2a: Great Tusk|spe|1
|-sideend|p2: swagataka|Spikes|[from] move: Rapid Spin|[of] p2a: Great Tusk
|-sideend|p2: swagataka|Stealth Rock|[from] move: Rapid Spin|[of] p2a: Great Tusk
|
|upkeep
|turn|31
|
|t:|1760816058
|move|p2a: Great Tusk|Headlong Rush|p1a: Filo Señorial
|-damage|p1a: Filo Señorial|0 fnt
|-unboost|p2a: Great Tusk|def|1
|-unboost|p2a: Great Tusk|spd|1
|faint|p1a: Filo Señorial
|
|upkeep
|
|t:|1760816061
|switch|p1a: Alba|Dragonite, F, shiny, tera:Fairy|82/100 tox
|-damage|p1a: Alba|69/100 tox|[from] Stealth Rock
|turn|32
|
|t:|1760816063
|move|p2a: Great Tusk|Headlong Rush|p1a: Alba
|-damage|p1a: Alba|15/100 tox
|-unboost|p2a: Great Tusk|def|1
|-unboost|p2a: Great Tusk|spd|1
|move|p1a: Alba|Tera Blast|p2a: Great Tusk|[anim] Tera Blast Fairy
|-supereffective|p2a: Great Tusk
|-damage|p2a: Great Tusk|0 fnt
|faint|p2a: Great Tusk
|-end|p2a: Great Tusk|Protosynthesis|[silent]
|
|-damage|p1a: Alba|9/100 tox|[from] psn
|upkeep
|
|t:|1760816069
|switch|p2a: Vespiquen|Vespiquen, F, shiny|88/100
|-ability|p2a: Vespiquen|Pressure
|turn|33
|
|t:|1760816071
|move|p1a: Alba|Roost|p1a: Alba
|-heal|p1a: Alba|59/100 tox
|move|p2a: Vespiquen|Defend Order|p2a: Vespiquen
|-boost|p2a: Vespiquen|def|1
|-boost|p2a: Vespiquen|spd|1
|
|-heal|p2a: Vespiquen|94/100|[from] item: Leftovers
|-damage|p1a: Alba|46/100 tox|[from] psn
|upkeep
|turn|34
|
|t:|1760816077
|move|p1a: Alba|Dragon Dance|p1a: Alba
|-boost|p1a: Alba|atk|1
|-boost|p1a: Alba|spe|1
|move|p2a: Vespiquen|Defend Order|p2a: Vespiquen
|-boost|p2a: Vespiquen|def|1
|-boost|p2a: Vespiquen|spd|1
|
|-heal|p2a: Vespiquen|99/100|[from] item: Leftovers
|-damage|p1a: Alba|28/100 tox|[from] psn
|upkeep
|turn|35
|
|t:|1760816079
|move|p1a: Alba|Dragon Dance|p1a: Alba
|-boost|p1a: Alba|atk|1
|-boost|p1a: Alba|spe|1
|move|p2a: Vespiquen|Defend Order|p2a: Vespiquen
|-boost|p2a: Vespiquen|def|1
|-boost|p2a: Vespiquen|spd|1
|
|-heal|p2a: Vespiquen|100/100|[from] item: Leftovers
|-damage|p1a: Alba|3/100 tox|[from] psn
|upkeep
|turn|36
|
|t:|1760816081
|move|p1a: Alba|Tera Blast|p2a: Vespiquen|[anim] Tera Blast Fairy
|-damage|p2a: Vespiquen|78/100
|move|p2a: Vespiquen|Defend Order|p2a: Vespiquen
|-boost|p2a: Vespiquen|def|1
|-boost|p2a: Vespiquen|spd|1
|
|-heal|p2a: Vespiquen|84/100|[from] item: Leftovers
|-damage|p1a: Alba|0 fnt|[from] psn
|faint|p1a: Alba
|upkeep
|
|t:|1760816085
|switch|p1a: Duke|Darkrai, shiny|22/100
|-damage|p1a: Duke|9/100|[from] Stealth Rock
|turn|37
|c|☆Kazuelasnt|My god how fat is that thing
|
|t:|1760816099
|move|p1a: Duke|Ice Beam|p2a: Vespiquen
|-supereffective|p2a: Vespiquen
|-damage|p2a: Vespiquen|69/100
|-status|p2a: Vespiquen|frz
|cant|p2a: Vespiquen|frz
|
|-heal|p2a: Vespiquen|75/100 frz|[from] item: Leftovers
|upkeep
|turn|38
|
|t:|1760816105
|move|p1a: Duke|Knock Off|p2a: Vespiquen
|-damage|p2a: Vespiquen|64/100 frz
|-enditem|p2a: Vespiquen|Leftovers|[from] move: Knock Off|[of] p1a: Duke
|cant|p2a: Vespiquen|frz
|
|upkeep
|turn|39
|
|t:|1760816108
|move|p1a: Duke|Ice Beam|p2a: Vespiquen
|-supereffective|p2a: Vespiquen
|-damage|p2a: Vespiquen|47/100 frz
|cant|p2a: Vespiquen|frz
|
|upkeep
|turn|40
|
|t:|1760816110
|move|p1a: Duke|Ice Beam|p2a: Vespiquen
|-supereffective|p2a: Vespiquen
|-damage|p2a: Vespiquen|30/100 frz
|cant|p2a: Vespiquen|frz
|
|upkeep
|turn|41
|
|t:|1760816112
|move|p1a: Duke|Ice Beam|p2a: Vespiquen
|-supereffective|p2a: Vespiquen
|-damage|p2a: Vespiquen|13/100 frz
|cant|p2a: Vespiquen|frz
|
|upkeep
|turn|42
|
|t:|1760816114
|move|p1a: Duke|Ice Beam|p2a: Vespiquen
|-supereffective|p2a: Vespiquen
|-damage|p2a: Vespiquen|0 fnt
|faint|p2a: Vespiquen
|
|upkeep
|
|t:|1760816116
|switch|p2a: Lokix|Lokix, M|100/100
|turn|43
|
|t:|1760816120
|move|p1a: Duke|Sucker Punch|p2a: Lokix
|-resisted|p2a: Lokix
|-damage|p2a: Lokix|81/100
|move|p2a: Lokix|Sucker Punch||[still]
|-fail|p2a: Lokix
|
|upkeep
|turn|44
|
|t:|1760816123
|move|p1a: Duke|Sucker Punch|p2a: Lokix
|-resisted|p2a: Lokix
|-damage|p2a: Lokix|64/100
|move|p2a: Lokix|Leech Life|p1a: Duke
|-supereffective|p1a: Duke
|-damage|p1a: Duke|0 fnt
|-heal|p2a: Lokix|69/100|[from] drain|[of] p1a: Duke
|faint|p1a: Duke
|-damage|p2a: Lokix|59/100|[from] item: Life Orb
|
|win|swagataka
|raw|Kazuelasnt's rating: 1500 &rarr; <strong>1482</strong><br />(-18 for losing)
|raw|swagataka's rating: 1543 &rarr; <strong>1561</strong><br />(+18 for winning)
|l|☆swagataka
|player|p2|
|l|☆Kazuelasnt
|player|p1|
