|j|☆lebmaster
|j|☆mik22
|t:|1760849482
|gametype|singles
|player|p1|lebmaster|dahlia|1433
|player|p2|mik22|crasherwake|1460
|gen|9
|tier|[Gen 9] OU
|rated|
|rule|HP Percentage Mod: HP is shown in percentages
|rule|Endless Battle Clause: Forcing endless battles is banned
|rule|Species Clause: Limit one of each Pokémon
|rule|OHKO Clause: OHKO moves are banned
|rule|Evasion Items Clause: Evasion items are banned
|rule|Evasion Moves Clause: Evasion moves are banned
|rule|Evasion Abilities Clause: Evasion abilities are banned
|rule|Sleep Moves Clause: Sleep-inducing moves are banned
|clearpoke
|poke|p1|Pelipper, M|
|poke|p1|Tornadus-Therian, M|
|poke|p1|Iron Treads|
|poke|p1|Decidueye-Hisui, F|
|poke|p1|Barraskewda, M|
|poke|p1|Raging Bolt|
|poke|p2|Kingambit, M|
|poke|p2|Pelipper, M|
|poke|p2|Kingdra, F|
|poke|p2|Iron Hands|
|poke|p2|Ogerpon-Wellspring, F|
|poke|p2|Hoopa-Unbound|
|teampreview
|inactive|Battle timer is ON: inactive players will automatically lose when time's up. (requested by mik22)
|
|t:|1760849504
|teamsize|p1|6
|teamsize|p2|6
|start
|switch|p1a: Tornadus|Tornadus-Therian, M|100/100
|switch|p2a: Pelipper|Pelipper, M|100/100
|-weather|RainDance|[from] ability: Drizzle|[of] p2a: Pelipper
|turn|1
|
|t:|1760849514
|switch|p2a: Hoopa|Hoopa-Unbound|100/100
|move|p1a: Tornadus|Hurricane|p2a: Hoopa
|-damage|p2a: Hoopa|62/100
|
|-weather|RainDance|[upkeep]
|upkeep
|turn|2
|
|t:|1760849525
|switch|p1a: Decidueye|Decidueye-Hisui, F|100/100
|move|p2a: Hoopa|Thunderbolt|p1a: Decidueye
|-resisted|p1a: Decidueye
|-damage|p1a: Decidueye|83/100
|
|-weather|RainDance|[upkeep]
|upkeep
|turn|3
|
|t:|1760849529
|move|p2a: Hoopa|Psychic Noise|p1a: Decidueye
|-supereffective|p1a: Decidueye
|-damage|p1a: Decidueye|0 fnt
|faint|p1a: Decidueye
|
|-weather|RainDance|[upkeep]
|upkeep
|
|t:|1760849540
|switch|p1a: Barraskewda|Barraskewda, M|100/100
|turn|4
|
|t:|1760849567
|move|p1a: Barraskewda|Close Combat|p2a: Hoopa
|-damage|p2a: Hoopa|0 fnt
|-unboost|p1a: Barraskewda|def|1
|-unboost|p1a: Barraskewda|spd|1
|faint|p2a: Hoopa
|
|-weather|RainDance|[upkeep]
|upkeep
|inactive|mik22 has 120 seconds left.
|
|t:|1760849595
|switch|p2a: Iron Hands|Iron Hands|100/100
|turn|5
|
|t:|1760849597
|switch|p1a: Iron Treads|Iron Treads|100/100
|move|p2a: Iron Hands|Swords Dance|p2a: Iron Hands
|-boost|p2a: Iron Hands|atk|2
|
|-weather|RainDance|[upkeep]
|upkeep
|turn|6
|
|t:|1760849600
|move|p1a: Iron Treads|Earthquake|p2a: Iron Hands
|-supereffective|p2a: Iron Hands
|-crit|p2a: Iron Hands
|-enditem|p2a: Iron Hands|Shuca Berry|[eat]
|-enditem|p2a: Iron Hands|Shuca Berry|[weaken]
|-damage|p2a: Iron Hands|67/100
|move|p2a: Iron Hands|Drain Punch|p1a: Iron Treads
|-supereffective|p1a: Iron Treads
|-damage|p1a: Iron Treads|0 fnt
|-heal|p2a: Iron Hands|100/100|[from] drain|[of] p1a: Iron Treads
|faint|p1a: Iron Treads
|-end|p1a: Iron Treads|Quark Drive|[silent]
|
|-weather|RainDance|[upkeep]
|upkeep
|
|t:|1760849609
|switch|p1a: Barraskewda|Barraskewda, M|100/100
|turn|7
|
|t:|1760849616
|move|p1a: Barraskewda|Flip Turn|p2a: Iron Hands
|-damage|p2a: Iron Hands|52/100
|
|t:|1760849619
|switch|p1a: Raging Bolt|Raging Bolt|100/100|[from] Flip Turn
|-enditem|p1a: Raging Bolt|Booster Energy
|-activate|p1a: Raging Bolt|ability: Protosynthesis|[fromitem]
|-start|p1a: Raging Bolt|protosynthesisspa
|move|p2a: Iron Hands|Drain Punch|p1a: Raging Bolt
|-damage|p1a: Raging Bolt|24/100
|-heal|p2a: Iron Hands|83/100|[from] drain|[of] p1a: Raging Bolt
|
|-weather|RainDance|[upkeep]
|upkeep
|turn|8
|
|t:|1760849626
|move|p1a: Raging Bolt|Thunder|p2a: Iron Hands
|-resisted|p2a: Iron Hands
|-damage|p2a: Iron Hands|44/100
|move|p2a: Iron Hands|Drain Punch|p1a: Raging Bolt
|-damage|p1a: Raging Bolt|0 fnt
|-heal|p2a: Iron Hands|53/100|[from] drain|[of] p1a: Raging Bolt
|faint|p1a: Raging Bolt
|-end|p1a: Raging Bolt|Protosynthesis|[silent]
|
|-weather|none
|upkeep
|-message|lebmaster forfeited.
|
|win|mik22
|raw|lebmaster's rating: 1433 &rarr; <strong>1415</strong><br />(-18 for losing)
|raw|mik22's rating: 1460 &rarr; <strong>1478</strong><br />(+18 for winning)
|l|☆lebmaster
|player|p1|
|l|☆mik22
|player|p2|
