|j|☆streetswontforget
|j|☆jfkkkkf
|t:|1760885577
|gametype|singles
|player|p1|streetswontforget|beauty-gen6xy|1478
|player|p2|jfkkkkf|102|1442
|gen|9
|tier|[Gen 9] OU
|rated|
|rule|HP Percentage Mod: HP is shown in percentages
|rule|Endless Battle Clause: Forcing endless battles is banned
|rule|Species Clause: Limit one of each Pokémon
|rule|OHKO Clause: OHKO moves are banned
|rule|Evasion Items Clause: Evasion items are banned
|rule|Evasion Moves Clause: Evasion moves are banned
|rule|Evasion Abilities Clause: Evasion abilities are banned
|rule|Sleep Moves Clause: Sleep-inducing moves are banned
|clearpoke
|poke|p1|Garchomp, M|
|poke|p1|Darkrai|
|poke|p1|Gholdengo|
|poke|p1|Ogerpon-Wellspring, F|
|poke|p1|Iron Valiant|
|poke|p1|Iron Treads|
|poke|p2|Samurott-Hisui, F|
|poke|p2|Great Tusk|
|poke|p2|Sinistcha|
|poke|p2|Chansey, F|
|poke|p2|Hatterene, F|
|poke|p2|Ogerpon-Wellspring, F|
|teampreview
|inactive|Battle timer is ON: inactive players will automatically lose when time's up. (requested by streetswontforget)
|
|t:|1760885586
|teamsize|p1|6
|teamsize|p2|6
|start
|switch|p1a: Garchomp|Garchomp, M|100/100
|switch|p2a: Hatterene|Hatterene, F|100/100
|turn|1
|
|t:|1760885596
|switch|p1a: Iron Treads|Iron Treads|100/100
|switch|p2a: Sinistcha|Sinistcha|100/100
|
|upkeep
|turn|2
|
|t:|1760885614
|move|p1a: Iron Treads|Knock Off|p2a: Sinistcha
|-supereffective|p2a: Sinistcha
|-damage|p2a: Sinistcha|64/100
|-enditem|p2a: Sinistcha|Leftovers|[from] move: Knock Off|[of] p1a: Iron Treads
|move|p2a: Sinistcha|Matcha Gotcha|p1a: Iron Treads
|-damage|p1a: Iron Treads|65/100
|-heal|p2a: Sinistcha|81/100|[from] drain|[of] p1a: Iron Treads
|
|-heal|p1a: Iron Treads|71/100|[from] item: Leftovers
|upkeep
|turn|3
|
|t:|1760885628
|-end|p1a: Iron Treads|Quark Drive|[silent]
|switch|p1a: Darkrai|Darkrai|100/100
|move|p2a: Sinistcha|Matcha Gotcha|p1a: Darkrai
|-damage|p1a: Darkrai|51/100
|-heal|p2a: Sinistcha|100/100|[from] drain|[of] p1a: Darkrai
|-status|p1a: Darkrai|brn
|
|-damage|p1a: Darkrai|45/100 brn|[from] brn
|upkeep
|turn|4
|inactive|streetswontforget has 120 seconds left.
|
|t:|1760885659
|switch|p2a: Chansey|Chansey, F|100/100
|move|p1a: Darkrai|Dark Pulse|p2a: Chansey
|-damage|p2a: Chansey|87/100
|
|-damage|p1a: Darkrai|39/100 brn|[from] brn
|upkeep
|turn|5
|
|t:|1760885668
|move|p1a: Darkrai|Knock Off|p2a: Chansey
|-damage|p2a: Chansey|77/100
|-enditem|p2a: Chansey|Eviolite|[from] move: Knock Off|[of] p1a: Darkrai
|move|p2a: Chansey|Stealth Rock|p1a: Darkrai
|-sidestart|p1: streetswontforget|move: Stealth Rock
|
|-damage|p1a: Darkrai|33/100 brn|[from] brn
|upkeep
|turn|6
|
|t:|1760885680
|switch|p1a: Garchomp|Garchomp, M|100/100
|-damage|p1a: Garchomp|94/100|[from] Stealth Rock
|switch|p2a: Great Tusk|Great Tusk|100/100
|
|upkeep
|turn|7
|
|t:|1760885699
|move|p1a: Garchomp|Stealth Rock|p2a: Great Tusk
|-sidestart|p2: jfkkkkf|move: Stealth Rock
|move|p2a: Great Tusk|Rapid Spin|p1a: Garchomp
|-damage|p1a: Garchomp|82/100
|-boost|p2a: Great Tusk|spe|1
|-damage|p2a: Great Tusk|88/100|[from] ability: Rough Skin|[of] p1a: Garchomp
|-damage|p2a: Great Tusk|71/100|[from] item: Rocky Helmet|[of] p1a: Garchomp
|-sideend|p2: jfkkkkf|Stealth Rock|[from] move: Rapid Spin|[of] p2a: Great Tusk
|
|upkeep
|turn|8
|
|t:|1760885711
|-end|p2a: Great Tusk|Protosynthesis|[silent]
|switch|p2a: Hatterene|Hatterene, F|100/100
|move|p1a: Garchomp|Dragon Tail|p2a: Hatterene
|-immune|p2a: Hatterene
|
|upkeep
|turn|9
|
|t:|1760885728
|switch|p1a: Gholdengo|Gholdengo|100/100
|-damage|p1a: Gholdengo|94/100|[from] Stealth Rock
|-item|p1a: Gholdengo|Air Balloon
|move|p2a: Hatterene|Draining Kiss|p1a: Gholdengo
|-resisted|p1a: Gholdengo
|-damage|p1a: Gholdengo|79/100
|-enditem|p1a: Gholdengo|Air Balloon
|
|upkeep
|turn|10
|
|t:|1760885742
|switch|p2a: Chansey|Chansey, F|77/100
|move|p1a: Gholdengo|Make It Rain|p2a: Chansey
|-damage|p2a: Chansey|53/100
|-unboost|p1a: Gholdengo|spa|1
|
|upkeep
|turn|11
|
|t:|1760885768
|switch|p1a: Iron Treads|Iron Treads|71/100
|-damage|p1a: Iron Treads|68/100|[from] Stealth Rock
|switch|p2a: Samurott|Samurott-Hisui, F|100/100
|
|-heal|p1a: Iron Treads|74/100|[from] item: Leftovers
|upkeep
|turn|12
|
|t:|1760885778
|-end|p1a: Iron Treads|Quark Drive|[silent]
|switch|p1a: Garchomp|Garchomp, M|82/100
|-damage|p1a: Garchomp|76/100|[from] Stealth Rock
|move|p2a: Samurott|Flip Turn|p1a: Garchomp
|-damage|p1a: Garchomp|59/100
|-damage|p2a: Samurott|88/100|[from] ability: Rough Skin|[of] p1a: Garchomp
|-damage|p2a: Samurott|72/100|[from] item: Rocky Helmet|[of] p1a: Garchomp
|
|t:|1760885789
|switch|p2a: Hatterene|Hatterene, F|100/100|[from] Flip Turn
|
|upkeep
|turn|13
|
|t:|1760885800
|switch|p1a: Iron Treads|Iron Treads|74/100
|-damage|p1a: Iron Treads|71/100|[from] Stealth Rock
|move|p2a: Hatterene|Draining Kiss|p1a: Iron Treads
|-resisted|p1a: Iron Treads
|-damage|p1a: Iron Treads|55/100
|
|-heal|p1a: Iron Treads|61/100|[from] item: Leftovers
|upkeep
|turn|14
|
|t:|1760885811
|switch|p2a: Sinistcha|Sinistcha|100/100
|move|p1a: Iron Treads|Ice Spinner|p2a: Sinistcha
|-supereffective|p2a: Sinistcha
|-crit|p2a: Sinistcha
|-damage|p2a: Sinistcha|55/100
|
|-heal|p1a: Iron Treads|67/100|[from] item: Leftovers
|upkeep
|turn|15
|inactive|streetswontforget has 120 seconds left.
|
|t:|1760885846
|move|p1a: Iron Treads|Ice Spinner|p2a: Sinistcha
|-supereffective|p2a: Sinistcha
|-damage|p2a: Sinistcha|26/100
|move|p2a: Sinistcha|Strength Sap|p1a: Iron Treads
|-unboost|p1a: Iron Treads|atk|1
|-heal|p2a: Sinistcha|100/100
|
|-heal|p1a: Iron Treads|73/100|[from] item: Leftovers
|upkeep
|turn|16
|
|t:|1760885856
|-end|p1a: Iron Treads|Quark Drive|[silent]
|switch|p1a: Garchomp|Garchomp, M|59/100
|-damage|p1a: Garchomp|53/100|[from] Stealth Rock
|move|p2a: Sinistcha|Matcha Gotcha|p1a: Garchomp
|-damage|p1a: Garchomp|25/100
|
|upkeep
|turn|17
|inactive|streetswontforget has 120 seconds left.
|inactive|streetswontforget has 90 seconds left.
|inactive|streetswontforget has 60 seconds left.
|
|t:|1760885962
|switch|p2a: Hatterene|Hatterene, F|100/100
|move|p1a: Garchomp|Stealth Rock|p2a: Hatterene
|move|p2a: Hatterene|Stealth Rock||[from] ability: Magic Bounce|[still]
|-fail|p2a: Hatterene
|
|upkeep
|turn|18
|inactive|jfkkkkf has 120 seconds left.
|
|t:|1760886001
|switch|p2a: Sinistcha|Sinistcha|100/100
|move|p1a: Garchomp|Earthquake|p2a: Sinistcha
|-resisted|p2a: Sinistcha
|-damage|p2a: Sinistcha|84/100
|
|upkeep
|turn|19
|inactive|jfkkkkf has 120 seconds left.
|
|t:|1760886017
|move|p1a: Garchomp|Stealth Rock|p2a: Sinistcha
|-sidestart|p2: jfkkkkf|move: Stealth Rock
|move|p2a: Sinistcha|Matcha Gotcha|p1a: Garchomp
|-damage|p1a: Garchomp|0 fnt
|-heal|p2a: Sinistcha|98/100|[from] drain|[of] p1a: Garchomp
|faint|p1a: Garchomp
|
|upkeep
|
|t:|1760886022
|switch|p1a: Gholdengo|Gholdengo|79/100
|-damage|p1a: Gholdengo|73/100|[from] Stealth Rock
|turn|20
|inactive|jfkkkkf has 120 seconds left.
|
|t:|1760886032
|switch|p2a: Samurott|Samurott-Hisui, F|72/100
|-damage|p2a: Samurott|59/100|[from] Stealth Rock
|move|p1a: Gholdengo|Thunder Wave|p2a: Samurott
|-status|p2a: Samurott|par
|
|upkeep
|turn|21
|inactive|streetswontforget has 60 seconds left.
|
|t:|1760886047
|switch|p1a: Iron Treads|Iron Treads|73/100
|-damage|p1a: Iron Treads|70/100|[from] Stealth Rock
|move|p2a: Samurott|Ceaseless Edge|p1a: Iron Treads
|-damage|p1a: Iron Treads|33/100
|-sidestart|p1: streetswontforget|Spikes
|
|-heal|p1a: Iron Treads|39/100|[from] item: Leftovers
|upkeep
|turn|22
|
|t:|1760886058
|switch|p2a: Sinistcha|Sinistcha|98/100
|-damage|p2a: Sinistcha|86/100|[from] Stealth Rock
|move|p1a: Iron Treads|Rapid Spin|p2a: Sinistcha
|-immune|p2a: Sinistcha
|
|-heal|p1a: Iron Treads|45/100|[from] item: Leftovers
|upkeep
|turn|23
|inactive|streetswontforget has 60 seconds left.
|
|t:|1760886086
|move|p1a: Iron Treads|Ice Spinner|p2a: Sinistcha
|-supereffective|p2a: Sinistcha
|-damage|p2a: Sinistcha|55/100
|move|p2a: Sinistcha|Matcha Gotcha|p1a: Iron Treads
|-damage|p1a: Iron Treads|13/100
|-heal|p2a: Sinistcha|71/100|[from] drain|[of] p1a: Iron Treads
|-status|p1a: Iron Treads|brn
|
|-heal|p1a: Iron Treads|19/100 brn|[from] item: Leftovers
|-damage|p1a: Iron Treads|13/100 brn|[from] brn
|upkeep
|turn|24
|inactive|jfkkkkf has 120 seconds left.
|
|t:|1760886108
|move|p1a: Iron Treads|Knock Off|p2a: Sinistcha
|-supereffective|p2a: Sinistcha
|-damage|p2a: Sinistcha|59/100
|move|p2a: Sinistcha|Matcha Gotcha|p1a: Iron Treads
|-damage|p1a: Iron Treads|0 fnt
|-heal|p2a: Sinistcha|66/100|[from] drain|[of] p1a: Iron Treads
|faint|p1a: Iron Treads
|-end|p1a: Iron Treads|Quark Drive|[silent]
|
|upkeep
|inactive|streetswontforget has 30 seconds left.
|inactive|streetswontforget has 20 seconds left.
|inactive|streetswontforget has 15 seconds left.
|inactive|streetswontforget has 10 seconds left.
|inactive|streetswontforget has 5 seconds left.
|-message|streetswontforget lost due to inactivity.
|
|win|jfkkkkf
|raw|streetswontforget's rating: 1475 &rarr; <strong>1453</strong><br />(-22 for losing)
|raw|jfkkkkf's rating: 1442 &rarr; <strong>1464</strong><br />(+22 for winning)
|l|☆jfkkkkf
|player|p2|
|l|☆streetswontforget
|player|p1|
