|j|☆Kazuelasnt
|j|☆afrocashier
|t:|1760890483
|gametype|singles
|player|p1|Kazuelasnt|cress|1461
|player|p2|afrocashier|burglar|1541
|gen|9
|tier|[Gen 9] OU
|rated|
|rule|HP Percentage Mod: HP is shown in percentages
|rule|Endless Battle Clause: Forcing endless battles is banned
|rule|Species Clause: Limit one of each Pokémon
|rule|OHKO Clause: OHKO moves are banned
|rule|Evasion Items Clause: Evasion items are banned
|rule|Evasion Moves Clause: Evasion moves are banned
|rule|Evasion Abilities Clause: Evasion abilities are banned
|rule|Sleep Moves Clause: Sleep-inducing moves are banned
|clearpoke
|poke|p1|Ninetales, M|
|poke|p1|Lilligant-Hisui, F|
|poke|p1|Walking Wake|
|poke|p1|Great Tusk|
|poke|p1|Iron Moth|
|poke|p1|Heatran, F|
|poke|p2|Ceruledge, F|
|poke|p2|Ninetales, F|
|poke|p2|Enamorus, F|
|poke|p2|Raging Bolt|
|poke|p2|Great Tusk|
|poke|p2|Leavanny, F|
|teampreview
|c|☆afrocashier|dork
|c|☆afrocashier|cringe team
|c|☆afrocashier|playing sun in 2025
|c|☆Kazuelasnt|Whatever ya say mannn
|c|☆afrocashier|u gonna get own
|
|t:|1760890554
|teamsize|p1|6
|teamsize|p2|6
|start
|switch|p1a: Ferropolilla|Iron Moth|100/100
|switch|p2a: free L|Enamorus, F|100/100
|-enditem|p1a: Ferropolilla|Booster Energy
|-activate|p1a: Ferropolilla|ability: Quark Drive|[fromitem]
|-start|p1a: Ferropolilla|quarkdrivespe
|turn|1
|c|☆Kazuelasnt|Big 25 and no one remembers why Wake was on the chopping block
|
|t:|1760890572
|-terastallize|p2a: free L|Fire
|move|p1a: Ferropolilla|Sludge Wave|p2a: free L
|-damage|p2a: free L|29/100
|move|p2a: free L|Earth Power|p1a: Ferropolilla
|-supereffective|p1a: Ferropolilla
|-damage|p1a: Ferropolilla|0 fnt
|faint|p1a: Ferropolilla
|-end|p1a: Ferropolilla|Quark Drive|[silent]
|
|upkeep
|
|t:|1760890577
|switch|p1a: Cosa de Lava|Heatran, F|100/100
|-item|p1a: Cosa de Lava|Air Balloon
|turn|2
|
|t:|1760890595
|switch|p2a: aint no chump|Great Tusk|100/100
|move|p1a: Cosa de Lava|Stealth Rock|p2a: aint no chump
|-sidestart|p2: afrocashier|move: Stealth Rock
|
|upkeep
|turn|3
|
|t:|1760890606
|move|p2a: aint no chump|Close Combat|p1a: Cosa de Lava
|-supereffective|p1a: Cosa de Lava
|-damage|p1a: Cosa de Lava|0 fnt
|-unboost|p2a: aint no chump|def|1
|-unboost|p2a: aint no chump|spd|1
|-enditem|p1a: Cosa de Lava|Air Balloon
|faint|p1a: Cosa de Lava
|-damage|p2a: aint no chump|91/100|[from] item: Life Orb
|
|upkeep
|
|t:|1760890611
|switch|p1a: Ondulagua|Walking Wake|100/100
|turn|4
|c|☆afrocashier|wait how do i win this
|c|☆afrocashier|what move u gonna play
|c|☆Kazuelasnt|Idk man
|
|t:|1760890707
|-end|p2a: aint no chump|Protosynthesis|[silent]
|switch|p2a: LEAVanny! Get it?|Leavanny, F|100/100
|move|p1a: Ondulagua|Draco Meteor|p2a: LEAVanny! Get it?
|-damage|p2a: LEAVanny! Get it?|0 fnt
|-unboost|p1a: Ondulagua|spa|2
|faint|p2a: LEAVanny! Get it?
|
|upkeep
|c|☆Kazuelasnt|No webs for u
|
|t:|1760890733
|switch|p2a: free L|Enamorus, F, tera:Fire|29/100
|-damage|p2a: free L|4/100|[from] Stealth Rock
|turn|5
|
|t:|1760890740
|-end|p1a: Ondulagua|Protosynthesis|[silent]
|switch|p1a: Chujin|Ninetales, M, shiny|100/100
|-weather|SunnyDay|[from] ability: Drought|[of] p1a: Chujin
|move|p2a: free L|Earth Power|p1a: Chujin
|-supereffective|p1a: Chujin
|-damage|p1a: Chujin|11/100
|
|-weather|SunnyDay|[upkeep]
|upkeep
|turn|6
|c|☆Kazuelasnt|Yeowch
|c|☆afrocashier|stop
|c|☆afrocashier|am lose
|
|t:|1760890790
|switch|p2a: try me bish|Ceruledge, F|100/100
|-damage|p2a: try me bish|76/100|[from] Stealth Rock
|switch|p1a: Mi Amada <3|Lilligant-Hisui, F|100/100
|
|-weather|SunnyDay|[upkeep]
|upkeep
|turn|7
|c|☆Kazuelasnt|You are a big issue
|
|t:|1760890835
|switch|p1a: Ondulagua|Walking Wake|100/100
|-activate|p1a: Ondulagua|ability: Protosynthesis
|-start|p1a: Ondulagua|protosynthesisspa
|move|p2a: try me bish|Swords Dance|p2a: try me bish
|-boost|p2a: try me bish|atk|2
|
|-weather|SunnyDay|[upkeep]
|upkeep
|turn|8
|
|t:|1760890839
|move|p2a: try me bish|Shadow Sneak|p1a: Ondulagua
|-damage|p1a: Ondulagua|36/100
|-damage|p2a: try me bish|66/100|[from] item: Life Orb
|move|p1a: Ondulagua|Hydro Steam|p2a: try me bish
|-supereffective|p2a: try me bish
|-damage|p2a: try me bish|0 fnt
|faint|p2a: try me bish
|
|-weather|SunnyDay|[upkeep]
|upkeep
|
|t:|1760890848
|switch|p2a: I got you fam|Raging Bolt|100/100
|-damage|p2a: I got you fam|88/100|[from] Stealth Rock
|-activate|p2a: I got you fam|ability: Protosynthesis
|-start|p2a: I got you fam|protosynthesisspa
|turn|9
|
|t:|1760890855
|-end|p1a: Ondulagua|Protosynthesis|[silent]
|switch|p1a: Mi Amada <3|Lilligant-Hisui, F|100/100
|move|p2a: I got you fam|Solar Beam||[still]
|-prepare|p2a: I got you fam|Solar Beam
|-anim|p2a: I got you fam|Solar Beam|p1a: Mi Amada <3
|-resisted|p1a: Mi Amada <3
|-damage|p1a: Mi Amada <3|44/100
|-damage|p2a: I got you fam|78/100|[from] item: Life Orb
|
|-weather|SunnyDay|[upkeep]
|upkeep
|turn|10
|c|☆Kazuelasnt|That's craaazy work
|
|t:|1760890869
|-end|p2a: I got you fam|Protosynthesis|[silent]
|switch|p2a: free L|Enamorus, F, tera:Fire|4/100
|-damage|p2a: free L|0 fnt|[from] Stealth Rock
|faint|p2a: free L
|move|p1a: Mi Amada <3|Triple Axel|p2: free L|[notarget]
|-fail|p1a: Mi Amada <3
|
|-weather|SunnyDay|[upkeep]
|upkeep
|c|☆afrocashier|stop
|c|☆afrocashier|am gonna lose
|
|t:|1760890903
|switch|p2a: fine tales|Ninetales, F|100/100
|-damage|p2a: fine tales|76/100|[from] Stealth Rock
|turn|11
|
|t:|1760890909
|move|p1a: Mi Amada <3|Close Combat|p2a: fine tales
|-damage|p2a: fine tales|0 fnt
|-unboost|p1a: Mi Amada <3|def|1
|-unboost|p1a: Mi Amada <3|spd|1
|faint|p2a: fine tales
|-damage|p1a: Mi Amada <3|34/100|[from] item: Life Orb
|
|-weather|SunnyDay|[upkeep]
|upkeep
|
|t:|1760890913
|switch|p2a: I got you fam|Raging Bolt|78/100
|-damage|p2a: I got you fam|66/100|[from] Stealth Rock
|-activate|p2a: I got you fam|ability: Protosynthesis
|-start|p2a: I got you fam|protosynthesisspa
|turn|12
|
|t:|1760890921
|move|p2a: I got you fam|Thunderclap||[still]
|-fail|p2a: I got you fam
|move|p1a: Mi Amada <3|Encore|p2a: I got you fam
|-start|p2a: I got you fam|Encore
|
|-weather|none
|-end|p2a: I got you fam|Protosynthesis
|upkeep
|turn|13
|c|☆afrocashier|gg
|
|t:|1760890930
|switch|p1a: DA T U S K|Great Tusk|100/100
|move|p2a: I got you fam|Thunderclap||[still]
|-fail|p2a: I got you fam
|
|upkeep
|turn|14
|c|☆Kazuelasnt|Gg
|-message|afrocashier forfeited.
|
|win|Kazuelasnt
|raw|Kazuelasnt's rating: 1461 &rarr; <strong>1486</strong><br />(+25 for winning)
|raw|afrocashier's rating: 1541 &rarr; <strong>1516</strong><br />(-25 for losing)
|l|☆afrocashier
|player|p2|
|l|☆Kazuelasnt
|player|p1|
