|j|☆NoNSket
|j|‽themcheeksLMAO
|t:|1760853003
|gametype|singles
|player|p1|NoNSket|waiter|1150
|player|p2|themcheeksLMAO|2|1202
|gen|9
|tier|[Gen 9] OU
|rated|
|rule|HP Percentage Mod: HP is shown in percentages
|rule|Endless Battle Clause: Forcing endless battles is banned
|rule|Species Clause: Limit one of each Pokémon
|rule|OHKO Clause: OHKO moves are banned
|rule|Evasion Items Clause: Evasion items are banned
|rule|Evasion Moves Clause: Evasion moves are banned
|rule|Evasion Abilities Clause: Evasion abilities are banned
|rule|Sleep Moves Clause: Sleep-inducing moves are banned
|clearpoke
|poke|p1|Mimikyu, M|
|poke|p1|Venusaur, F|
|poke|p1|Skarmory, M|
|poke|p1|Electrode|
|poke|p1|Gyarados, F|
|poke|p1|Kommo-o, F|
|poke|p2|Snorlax, M|
|poke|p2|Glastrier|
|poke|p2|Ninetales-Alola, M|
|poke|p2|Golem-Alola, F|
|poke|p2|Rotom-Frost|
|poke|p2|Hitmonchan, M|
|teampreview
|
|t:|1760853030
|teamsize|p1|6
|teamsize|p2|6
|start
|switch|p1a: Skarmory|Skarmory, M|100/100
|switch|p2a: Ninetales|Ninetales-Alola, M|100/100
|-weather|Snowscape|[from] ability: Snow Warning|[of] p2a: Ninetales
|turn|1
|
|t:|1760853037
|move|p2a: Ninetales|Blizzard|p1a: Skarmory
|-damage|p1a: Skarmory|64/100
|move|p1a: Skarmory|Stealth Rock|p2a: Ninetales
|-sidestart|p2: themcheeksLMAO|move: Stealth Rock
|
|-weather|Snowscape|[upkeep]
|upkeep
|turn|2
|
|t:|1760853042
|move|p2a: Ninetales|Encore|p1a: Skarmory
|-start|p1a: Skarmory|Encore
|move|p1a: Skarmory|Stealth Rock||[still]
|-fail|p1a: Skarmory
|
|-weather|Snowscape|[upkeep]
|upkeep
|turn|3
|
|t:|1760853048
|move|p2a: Ninetales|Aurora Veil|p2a: Ninetales
|-sidestart|p2: themcheeksLMAO|move: Aurora Veil
|move|p1a: Skarmory|Stealth Rock||[still]
|-fail|p1a: Skarmory
|
|-weather|Snowscape|[upkeep]
|upkeep
|turn|4
|
|t:|1760853051
|move|p2a: Ninetales|Blizzard|p1a: Skarmory
|-damage|p1a: Skarmory|27/100
|move|p1a: Skarmory|Stealth Rock||[still]
|-fail|p1a: Skarmory
|
|-weather|Snowscape|[upkeep]
|-end|p1a: Skarmory|Encore
|upkeep
|turn|5
|
|t:|1760853054
|move|p2a: Ninetales|Blizzard|p1a: Skarmory
|-damage|p1a: Skarmory|0 fnt
|faint|p1a: Skarmory
|
|-weather|Snowscape|[upkeep]
|upkeep
|
|t:|1760853065
|switch|p1a: Electrode|Electrode|100/100
|turn|6
|
|t:|1760853071
|move|p1a: Electrode|Electroweb|p2a: Ninetales
|-damage|p2a: Ninetales|89/100
|-unboost|p2a: Ninetales|spe|1
|move|p2a: Ninetales|Blizzard|p1a: Electrode
|-damage|p1a: Electrode|60/100
|
|-weather|Snowscape|[upkeep]
|upkeep
|turn|7
|
|t:|1760853075
|move|p1a: Electrode|Charge Beam|p2a: Ninetales
|-damage|p2a: Ninetales|77/100
|-boost|p1a: Electrode|spa|1
|move|p2a: Ninetales|Blizzard|p1a: Electrode
|-damage|p1a: Electrode|18/100
|
|-weather|Snowscape|[upkeep]
|-sideend|p2: themcheeksLMAO|move: Aurora Veil
|upkeep
|turn|8
|
|t:|1760853090
|move|p1a: Electrode|Volt Switch|p2a: Ninetales
|-damage|p2a: Ninetales|32/100
|
|t:|1760853096
|switch|p1a: Mimikyu|Mimikyu, M|100/100|[from] Volt Switch
|move|p2a: Ninetales|Moonblast|p1a: Mimikyu
|-activate|p1a: Mimikyu|ability: Disguise
|-damage|p1a: Mimikyu|100/100
|detailschange|p1a: Mimikyu|Mimikyu-Busted, M
|-damage|p1a: Mimikyu|88/100|[from] pokemon: Mimikyu-Busted
|
|-weather|none
|-heal|p1a: Mimikyu|94/100|[from] item: Leftovers
|upkeep
|turn|9
|
|t:|1760853111
|switch|p2a: Rotom|Rotom-Frost|100/100
|-damage|p2a: Rotom|76/100|[from] Stealth Rock
|move|p1a: Mimikyu|Drain Punch|p2a: Rotom
|-supereffective|p2a: Rotom
|-damage|p2a: Rotom|18/100
|-heal|p1a: Mimikyu|100/100|[from] drain|[of] p2a: Rotom
|
|upkeep
|turn|10
|
|t:|1760853119
|move|p2a: Rotom|Trick|p1a: Mimikyu
|-activate|p2a: Rotom|move: Trick|[of] p1a: Mimikyu
|-item|p1a: Mimikyu|Choice Scarf|[from] move: Trick
|-item|p2a: Rotom|Leftovers|[from] move: Trick
|move|p1a: Mimikyu|Shadow Claw|p2a: Rotom
|-damage|p2a: Rotom|0 fnt
|faint|p2a: Rotom
|
|upkeep
|
|t:|1760853125
|switch|p2a: Snorlax|Snorlax, M|100/100
|-damage|p2a: Snorlax|88/100|[from] Stealth Rock
|turn|11
|
|t:|1760853131
|switch|p1a: Electrode|Electrode|18/100
|move|p2a: Snorlax|Body Slam|p1a: Electrode
|-damage|p1a: Electrode|0 fnt
|faint|p1a: Electrode
|
|upkeep
|
|t:|1760853135
|switch|p1a: Camilo|Kommo-o, F|100/100
|turn|12
|
|t:|1760853148
|switch|p2a: Ninetales|Ninetales-Alola, M|32/100
|-damage|p2a: Ninetales|7/100|[from] Stealth Rock
|-weather|Snowscape|[from] ability: Snow Warning|[of] p2a: Ninetales
|move|p1a: Camilo|Clangorous Soul|p1a: Camilo
|-boost|p1a: Camilo|atk|1
|-boost|p1a: Camilo|def|1
|-boost|p1a: Camilo|spa|1
|-boost|p1a: Camilo|spd|1
|-boost|p1a: Camilo|spe|1
|-damage|p1a: Camilo|68/100
|
|-weather|Snowscape|[upkeep]
|upkeep
|turn|13
|
|t:|1760853156
|move|p1a: Camilo|Drain Punch|p2a: Ninetales
|-damage|p2a: Ninetales|0 fnt
|-heal|p1a: Camilo|71/100|[from] drain|[of] p2a: Ninetales
|faint|p2a: Ninetales
|
|-weather|Snowscape|[upkeep]
|upkeep
|
|t:|1760853165
|switch|p2a: Glastrier|Glastrier|100/100
|turn|14
|
|t:|1760853174
|move|p1a: Camilo|Drain Punch|p2a: Glastrier
|-supereffective|p2a: Glastrier
|-damage|p2a: Glastrier|54/100
|-heal|p1a: Camilo|100/100|[from] drain|[of] p2a: Glastrier
|move|p2a: Glastrier|Avalanche|p1a: Camilo
|-supereffective|p1a: Camilo
|-damage|p1a: Camilo|0 fnt
|faint|p1a: Camilo
|-ability|p2a: Glastrier|Chilling Neigh|boost
|-boost|p2a: Glastrier|atk|1
|
|-weather|Snowscape|[upkeep]
|upkeep
|
|t:|1760853183
|switch|p1a: Mimikyu|Mimikyu-Busted, M|100/100
|turn|15
|
|t:|1760853207
|move|p1a: Mimikyu|Drain Punch|p2a: Glastrier
|-supereffective|p2a: Glastrier
|-damage|p2a: Glastrier|37/100
|move|p2a: Glastrier|Avalanche|p1a: Mimikyu
|-damage|p1a: Mimikyu|0 fnt
|faint|p1a: Mimikyu
|-ability|p2a: Glastrier|Chilling Neigh|boost
|-boost|p2a: Glastrier|atk|1
|
|-weather|Snowscape|[upkeep]
|upkeep
|
|t:|1760853218
|switch|p1a: Gyarados|Gyarados, F|100/100
|-ability|p1a: Gyarados|Intimidate|boost
|-unboost|p2a: Glastrier|atk|1
|turn|16
|
|t:|1760853237
|move|p1a: Gyarados|Body Slam|p2a: Glastrier
|-damage|p2a: Glastrier|23/100
|move|p2a: Glastrier|Avalanche|p1a: Gyarados
|-damage|p1a: Gyarados|0 fnt
|faint|p1a: Gyarados
|-ability|p2a: Glastrier|Chilling Neigh|boost
|-boost|p2a: Glastrier|atk|1
|
|-weather|Snowscape|[upkeep]
|upkeep
|
|t:|1760853241
|switch|p1a: Venusaur|Venusaur, F|100/100
|turn|17
|l|‽themcheeksLMAO
|player|p2|
|-message|NoNSket forfeited.
|
|win|themcheeksLMAO
|raw|NoNSket's rating: 1150 &rarr; <strong>1127</strong><br />(-23 for losing)
|raw|themcheeksLMAO's rating: 1174 &rarr; <strong>1197</strong><br />(+23 for winning)
|l|☆NoNSket
|player|p1|
