|j|☆fungusphil
|j|☆Bann3d4life
|t:|1760720247
|gametype|singles
|player|p1|fungusphil|mars|1535
|player|p2|Bann3d4life|emmet|1470
|gen|9
|tier|[Gen 9] OU
|rated|
|rule|HP Percentage Mod: HP is shown in percentages
|rule|Endless Battle Clause: Forcing endless battles is banned
|rule|Species Clause: Limit one of each Pokémon
|rule|OHKO Clause: OHKO moves are banned
|rule|Evasion Items Clause: Evasion items are banned
|rule|Evasion Moves Clause: Evasion moves are banned
|rule|Evasion Abilities Clause: Evasion abilities are banned
|rule|Sleep Moves Clause: Sleep-inducing moves are banned
|clearpoke
|poke|p1|Zamazenta-*|
|poke|p1|Hatterene, F|
|poke|p1|Dragonite, M|
|poke|p1|Ceruledge, F|
|poke|p1|Gholdengo|
|poke|p1|Iron Valiant|
|poke|p2|Zarude-Dada|
|poke|p2|Fezandipiti, M|
|poke|p2|Heatran, F|
|poke|p2|Ninetales, M|
|poke|p2|Great Tusk|
|poke|p2|Walking Wake|
|teampreview
|inactive|Battle timer is ON: inactive players will automatically lose when time's up. (requested by Bann3d4life)
|inactive|fungusphil also wants the timer to be on.
|inactive|fungusphil has 120 seconds left.
|inactive|Bann3d4life has 120 seconds left.
|
|t:|1760720284
|teamsize|p1|6
|teamsize|p2|6
|start
|switch|p1a: Zamazenta|Zamazenta|100/100
|switch|p2a: Walking Wake|Walking Wake|100/100
|-ability|p1a: Zamazenta|Dauntless Shield|boost
|-boost|p1a: Zamazenta|def|1
|turn|1
|
|t:|1760720293
|move|p1a: Zamazenta|Light Screen|p1a: Zamazenta
|-sidestart|p1: fungusphil|move: Light Screen
|move|p2a: Walking Wake|Hydro Steam|p1a: Zamazenta
|-damage|p1a: Zamazenta|87/100
|
|upkeep
|turn|2
|
|t:|1760720308
|move|p1a: Zamazenta|Body Press|p2a: Walking Wake
|-damage|p2a: Walking Wake|61/100
|move|p2a: Walking Wake|Flip Turn|p1a: Zamazenta
|-damage|p1a: Zamazenta|78/100
|
|t:|1760720313
|-end|p2a: Walking Wake|Protosynthesis|[silent]
|switch|p2a: Ninetales|Ninetales, M|100/100|[from] Flip Turn
|-weather|SunnyDay|[from] ability: Drought|[of] p2a: Ninetales
|
|-weather|SunnyDay|[upkeep]
|upkeep
|turn|3
|
|t:|1760720318
|switch|p1a: Ceruledgelord|Ceruledge, F|100/100
|move|p2a: Ninetales|Will-O-Wisp|p1a: Ceruledgelord
|-immune|p1a: Ceruledgelord
|
|-weather|SunnyDay|[upkeep]
|upkeep
|turn|4
|
|t:|1760720334
|switch|p2a: Walking Wake|Walking Wake|61/100
|-activate|p2a: Walking Wake|ability: Protosynthesis
|-start|p2a: Walking Wake|protosynthesisspe
|move|p1a: Ceruledgelord|Bitter Blade|p2a: Walking Wake
|-resisted|p2a: Walking Wake
|-damage|p2a: Walking Wake|47/100
|
|-weather|SunnyDay|[upkeep]
|upkeep
|turn|5
|
|t:|1760720362
|move|p2a: Walking Wake|Hydro Steam|p1a: Ceruledgelord
|-supereffective|p1a: Ceruledgelord
|-damage|p1a: Ceruledgelord|35/100
|-enditem|p1a: Ceruledgelord|Weakness Policy
|-boost|p1a: Ceruledgelord|atk|2|[from] item: Weakness Policy
|-boost|p1a: Ceruledgelord|spa|2|[from] item: Weakness Policy
|move|p1a: Ceruledgelord|Poltergeist|p2a: Walking Wake
|-activate|p2a: Walking Wake|move: Poltergeist|Assault Vest
|-damage|p2a: Walking Wake|0 fnt
|faint|p2a: Walking Wake
|-end|p2a: Walking Wake|Protosynthesis|[silent]
|
|-weather|SunnyDay|[upkeep]
|upkeep
|inactive|Bann3d4life has 120 seconds left.
|
|t:|1760720394
|switch|p2a: Great Tusk|Great Tusk|100/100
|-activate|p2a: Great Tusk|ability: Protosynthesis
|-start|p2a: Great Tusk|protosynthesisspe
|turn|6
|inactive|Bann3d4life has 120 seconds left.
|
|t:|1760720413
|move|p1a: Ceruledgelord|Shadow Sneak|p2a: Great Tusk
|-damage|p2a: Great Tusk|76/100
|move|p2a: Great Tusk|Headlong Rush|p1a: Ceruledgelord
|-supereffective|p1a: Ceruledgelord
|-damage|p1a: Ceruledgelord|0 fnt
|-unboost|p2a: Great Tusk|def|1
|-unboost|p2a: Great Tusk|spd|1
|faint|p1a: Ceruledgelord
|
|-weather|SunnyDay|[upkeep]
|-heal|p2a: Great Tusk|82/100|[from] item: Leftovers
|upkeep
|inactive|fungusphil has 120 seconds left.
|
|t:|1760720432
|switch|p1a: Hatterene|Hatterene, F|100/100
|turn|7
|inactive|fungusphil has 120 seconds left.
|inactive|Bann3d4life has 120 seconds left.
|
|t:|1760720454
|-end|p2a: Great Tusk|Protosynthesis|[silent]
|switch|p2a: Heatran|Heatran, F|100/100
|-item|p2a: Heatran|Air Balloon
|switch|p1a: Zamazenta|Zamazenta|78/100
|
|-weather|SunnyDay|[upkeep]
|upkeep
|turn|8
|inactive|Bann3d4life has 120 seconds left.
|
|t:|1760720461
|move|p1a: Zamazenta|Body Press|p2a: Heatran
|-supereffective|p2a: Heatran
|-damage|p2a: Heatran|49/100
|-enditem|p2a: Heatran|Air Balloon
|move|p2a: Heatran|Will-O-Wisp|p1a: Zamazenta
|-status|p1a: Zamazenta|brn
|
|-weather|SunnyDay|[upkeep]
|-damage|p1a: Zamazenta|72/100 brn|[from] brn
|-sideend|p1: fungusphil|move: Light Screen
|upkeep
|turn|9
|
|t:|1760720465
|move|p1a: Zamazenta|Light Screen|p1a: Zamazenta
|-sidestart|p1: fungusphil|move: Light Screen
|move|p2a: Heatran|Magma Storm|p1a: Zamazenta
|-damage|p1a: Zamazenta|41/100 brn
|-activate|p1a: Zamazenta|move: Magma Storm|[of] p2a: Heatran
|
|-weather|none
|-damage|p1a: Zamazenta|35/100 brn|[from] brn
|-damage|p1a: Zamazenta|22/100 brn|[from] move: Magma Storm|[partiallytrapped]
|upkeep
|turn|10
|
|t:|1760720469
|move|p1a: Zamazenta|Reflect|p1a: Zamazenta
|-sidestart|p1: fungusphil|Reflect
|move|p2a: Heatran|Stealth Rock|p1a: Zamazenta
|-sidestart|p1: fungusphil|move: Stealth Rock
|
|-damage|p1a: Zamazenta|16/100 brn|[from] brn
|-damage|p1a: Zamazenta|4/100 brn|[from] move: Magma Storm|[partiallytrapped]
|upkeep
|turn|11
|
|t:|1760720478
|move|p1a: Zamazenta|Body Press|p2a: Heatran
|-supereffective|p2a: Heatran
|-damage|p2a: Heatran|24/100
|move|p2a: Heatran|Earth Power|p1a: Zamazenta
|-damage|p1a: Zamazenta|0 fnt
|faint|p1a: Zamazenta
|
|upkeep
|
|t:|1760720490
|switch|p1a: Iron Valiant|Iron Valiant|100/100
|-damage|p1a: Iron Valiant|94/100|[from] Stealth Rock
|-enditem|p1a: Iron Valiant|Booster Energy
|-activate|p1a: Iron Valiant|ability: Quark Drive|[fromitem]
|-start|p1a: Iron Valiant|quarkdrivespe
|turn|12
|
|t:|1760720498
|move|p1a: Iron Valiant|Shadow Ball|p2a: Heatran
|-damage|p2a: Heatran|3/100
|move|p2a: Heatran|Magma Storm|p1a: Iron Valiant
|-damage|p1a: Iron Valiant|44/100
|-activate|p1a: Iron Valiant|move: Magma Storm|[of] p2a: Heatran
|
|-damage|p1a: Iron Valiant|32/100|[from] move: Magma Storm|[partiallytrapped]
|upkeep
|turn|13
|
|t:|1760720509
|move|p1a: Iron Valiant|Shadow Ball|p2a: Heatran
|-damage|p2a: Heatran|0 fnt
|faint|p2a: Heatran
|
|-end|p1a: Iron Valiant|Magma Storm|[partiallytrapped]|[silent]
|upkeep
|
|t:|1760720518
|switch|p2a: Fezandipiti|Fezandipiti, M|100/100
|turn|14
|
|t:|1760720531
|move|p1a: Iron Valiant|Substitute|p1a: Iron Valiant
|-start|p1a: Iron Valiant|Substitute
|-damage|p1a: Iron Valiant|7/100
|move|p2a: Fezandipiti|Play Rough|p1a: Iron Valiant
|-supereffective|p1a: Iron Valiant
|-end|p1a: Iron Valiant|Substitute
|
|upkeep
|turn|15
|
|t:|1760720539
|move|p1a: Iron Valiant|Shadow Ball|p2a: Fezandipiti
|-damage|p2a: Fezandipiti|83/100
|move|p2a: Fezandipiti|Play Rough|p1a: Iron Valiant
|-supereffective|p1a: Iron Valiant
|-damage|p1a: Iron Valiant|0 fnt
|faint|p1a: Iron Valiant
|-end|p1a: Iron Valiant|Quark Drive|[silent]
|
|upkeep
|
|t:|1760720559
|switch|p1a: Gholdengo|Gholdengo|100/100
|-damage|p1a: Gholdengo|94/100|[from] Stealth Rock
|turn|16
|
|t:|1760720568
|switch|p2a: Ninetales|Ninetales, M|100/100
|-weather|SunnyDay|[from] ability: Drought|[of] p2a: Ninetales
|move|p1a: Gholdengo|Nasty Plot|p1a: Gholdengo
|-boost|p1a: Gholdengo|spa|2
|
|-weather|SunnyDay|[upkeep]
|-sideend|p1: fungusphil|move: Light Screen
|upkeep
|turn|17
|
|t:|1760720579
|move|p2a: Ninetales|Weather Ball|p1a: Gholdengo
|-supereffective|p1a: Gholdengo
|-damage|p1a: Gholdengo|2/100
|move|p1a: Gholdengo|Shadow Ball|p2a: Ninetales
|-damage|p2a: Ninetales|32/100
|-unboost|p2a: Ninetales|spd|1
|
|-weather|SunnyDay|[upkeep]
|-sideend|p1: fungusphil|Reflect
|upkeep
|turn|18
|
|t:|1760720590
|move|p2a: Ninetales|Weather Ball|p1a: Gholdengo
|-supereffective|p1a: Gholdengo
|-damage|p1a: Gholdengo|0 fnt
|faint|p1a: Gholdengo
|
|-weather|SunnyDay|[upkeep]
|upkeep
|
|t:|1760720611
|switch|p1a: Hatterene|Hatterene, F|100/100
|-damage|p1a: Hatterene|88/100|[from] Stealth Rock
|turn|19
|
|t:|1760720622
|move|p2a: Ninetales|Healing Wish|p2a: Ninetales
|faint|p2a: Ninetales
|move|p1a: Hatterene|Calm Mind|p1a: Hatterene
|-boost|p1a: Hatterene|spa|1
|-boost|p1a: Hatterene|spd|1
|
|-weather|SunnyDay|[upkeep]
|-heal|p1a: Hatterene|94/100|[from] item: Leftovers
|upkeep
|
|t:|1760720629
|switch|p2a: Zarude|Zarude-Dada|100/100
|turn|20
|
|t:|1760720642
|-terastallize|p2a: Zarude|Fairy
|move|p2a: Zarude|Swords Dance|p2a: Zarude
|-boost|p2a: Zarude|atk|2
|move|p1a: Hatterene|Calm Mind|p1a: Hatterene
|-boost|p1a: Hatterene|spa|1
|-boost|p1a: Hatterene|spd|1
|
|-weather|SunnyDay|[upkeep]
|-heal|p1a: Hatterene|99/100|[from] item: Leftovers
|upkeep
|turn|21
|
|t:|1760720659
|-terastallize|p1a: Hatterene|Steel
|move|p2a: Zarude|Solar Blade||[still]
|-prepare|p2a: Zarude|Solar Blade
|-anim|p2a: Zarude|Solar Blade|p1a: Hatterene
|-resisted|p1a: Hatterene
|-damage|p1a: Hatterene|32/100
|-damage|p2a: Zarude|91/100|[from] item: Life Orb
|move|p1a: Hatterene|Draining Kiss|p2a: Zarude
|-damage|p2a: Zarude|45/100
|-heal|p1a: Hatterene|71/100|[from] drain|[of] p2a: Zarude
|
|-weather|SunnyDay|[upkeep]
|-heal|p1a: Hatterene|77/100|[from] item: Leftovers
|upkeep
|turn|22
|
|t:|1760720665
|move|p2a: Zarude|Knock Off|p1a: Hatterene
|-damage|p1a: Hatterene|0 fnt
|-enditem|p1a: Hatterene|Leftovers|[from] move: Knock Off|[of] p2a: Zarude
|faint|p1a: Hatterene
|-damage|p2a: Zarude|35/100|[from] item: Life Orb
|
|-weather|SunnyDay|[upkeep]
|upkeep
|
|t:|1760720667
|switch|p1a: Dragonite|Dragonite, M|100/100
|-damage|p1a: Dragonite|76/100|[from] Stealth Rock
|turn|23
|
|t:|1760720670
|move|p2a: Zarude|Synthesis|p2a: Zarude
|-heal|p2a: Zarude|100/100
|move|p1a: Dragonite|Dragon Dance|p1a: Dragonite
|-boost|p1a: Dragonite|atk|1
|-boost|p1a: Dragonite|spe|1
|
|-weather|none
|upkeep
|turn|24
|
|t:|1760720675
|move|p1a: Dragonite|Earthquake|p2a: Zarude
|-damage|p2a: Zarude|46/100
|move|p2a: Zarude|Knock Off|p1a: Dragonite
|-damage|p1a: Dragonite|0 fnt
|-enditem|p1a: Dragonite|Loaded Dice|[from] move: Knock Off|[of] p2a: Zarude
|faint|p1a: Dragonite
|-damage|p2a: Zarude|36/100|[from] item: Life Orb
|
|win|Bann3d4life
|raw|fungusphil's rating: 1535 &rarr; <strong>1511</strong><br />(-24 for losing)
|raw|Bann3d4life's rating: 1470 &rarr; <strong>1494</strong><br />(+24 for winning)
|l|☆Bann3d4life
|player|p2|
|c|☆fungusphil|gg
|l|☆fungusphil
|player|p1|
