|j|☆shue5225
|j|☆frvavan15
|t:|1760846788
|gametype|singles
|player|p1|shue5225|169|1117
|player|p2|frvavan15|boarder|1052
|gen|9
|tier|[Gen 9] OU
|rated|
|rule|HP Percentage Mod: HP is shown in percentages
|rule|Endless Battle Clause: Forcing endless battles is banned
|rule|Species Clause: Limit one of each Pokémon
|rule|OHKO Clause: OHKO moves are banned
|rule|Evasion Items Clause: Evasion items are banned
|rule|Evasion Moves Clause: Evasion moves are banned
|rule|Evasion Abilities Clause: Evasion abilities are banned
|rule|Sleep Moves Clause: Sleep-inducing moves are banned
|clearpoke
|poke|p1|Ogerpon-Wellspring, F|
|poke|p1|Pelipper, M|
|poke|p1|Zapdos|
|poke|p1|Scizor, M|
|poke|p1|Skeledirge, M|
|poke|p1|Zamazenta-*|
|poke|p2|Ceruledge, M|
|poke|p2|Zamazenta-*|
|poke|p2|Kyurem|
|poke|p2|Zapdos|
|poke|p2|Moltres|
|poke|p2|Garchomp, F|
|teampreview
|
|t:|1760846806
|teamsize|p1|6
|teamsize|p2|6
|start
|switch|p1a: Pelipper|Pelipper, M|100/100
|switch|p2a: Kyurem|Kyurem|100/100
|-ability|p2a: Kyurem|Pressure
|-weather|RainDance|[from] ability: Drizzle|[of] p1a: Pelipper
|turn|1
|
|t:|1760846833
|switch|p1a: Scizor|Scizor, M|100/100
|-terastallize|p2a: Kyurem|Dragon
|move|p2a: Kyurem|Draco Meteor|p1a: Scizor
|-resisted|p1a: Scizor
|-damage|p1a: Scizor|53/100
|-unboost|p2a: Kyurem|spa|2
|
|-weather|RainDance|[upkeep]
|upkeep
|turn|2
|
|t:|1760846847
|move|p1a: Scizor|Bullet Punch|p2a: Kyurem
|-damage|p2a: Kyurem|58/100
|-damage|p1a: Scizor|43/100|[from] item: Life Orb
|move|p2a: Kyurem|Draco Meteor|p1a: Scizor
|-resisted|p1a: Scizor
|-damage|p1a: Scizor|19/100
|-unboost|p2a: Kyurem|spa|2
|
|-weather|RainDance|[upkeep]
|upkeep
|turn|3
|
|t:|1760846857
|move|p1a: Scizor|Bullet Punch|p2a: Kyurem
|-damage|p2a: Kyurem|17/100
|-damage|p1a: Scizor|10/100|[from] item: Life Orb
|move|p2a: Kyurem|Draco Meteor|p1a: Scizor
|-resisted|p1a: Scizor
|-damage|p1a: Scizor|0 fnt
|-unboost|p2a: Kyurem|spa|2
|faint|p1a: Scizor
|
|-weather|RainDance|[upkeep]
|upkeep
|
|t:|1760846872
|switch|p1a: Zamazenta|Zamazenta|100/100
|-ability|p1a: Zamazenta|Dauntless Shield|boost
|-boost|p1a: Zamazenta|def|1
|turn|4
|
|t:|1760846887
|move|p2a: Kyurem|Draco Meteor|p1a: Zamazenta
|-damage|p1a: Zamazenta|83/100
|move|p1a: Zamazenta|Iron Defense|p1a: Zamazenta
|-boost|p1a: Zamazenta|def|2
|
|-weather|RainDance|[upkeep]
|upkeep
|turn|5
|
|t:|1760846895
|move|p2a: Kyurem|Draco Meteor|p1a: Zamazenta
|-damage|p1a: Zamazenta|65/100
|move|p1a: Zamazenta|Iron Defense|p1a: Zamazenta
|-boost|p1a: Zamazenta|def|2
|
|-weather|none
|upkeep
|turn|6
|
|t:|1760846905
|move|p2a: Kyurem|Draco Meteor|p1a: Zamazenta
|-crit|p1a: Zamazenta
|-damage|p1a: Zamazenta|0 fnt
|faint|p1a: Zamazenta
|
|upkeep
|
|t:|1760846914
|switch|p1a: Pelipper|Pelipper, M|100/100
|-weather|RainDance|[from] ability: Drizzle|[of] p1a: Pelipper
|turn|7
|
|t:|1760846924
|move|p2a: Kyurem|Draco Meteor|p1a: Pelipper
|-damage|p1a: Pelipper|80/100
|move|p1a: Pelipper|Air Slash|p2a: Kyurem
|-damage|p2a: Kyurem|0 fnt
|faint|p2a: Kyurem
|
|-weather|RainDance|[upkeep]
|-heal|p1a: Pelipper|86/100|[from] item: Leftovers
|upkeep
|
|t:|1760846943
|switch|p2a: Zapdos|Zapdos|100/100
|turn|8
|
|t:|1760846968
|move|p2a: Zapdos|Thunder|p1a: Pelipper
|-supereffective|p1a: Pelipper
|-damage|p1a: Pelipper|0 fnt
|faint|p1a: Pelipper
|
|-weather|RainDance|[upkeep]
|upkeep
|
|t:|1760846976
|switch|p1a: Skeledirge|Skeledirge, M|100/100
|turn|9
|
|t:|1760846987
|move|p2a: Zapdos|Brave Bird|p1a: Skeledirge
|-damage|p1a: Skeledirge|71/100
|-damage|p2a: Zapdos|88/100|[from] Recoil
|move|p1a: Skeledirge|Torch Song|p2a: Zapdos
|-damage|p2a: Zapdos|75/100
|-boost|p1a: Skeledirge|spa|1
|
|-weather|RainDance|[upkeep]
|-heal|p1a: Skeledirge|77/100|[from] item: Leftovers
|upkeep
|turn|10
|
|t:|1760847003
|move|p2a: Zapdos|Thunder|p1a: Skeledirge
|-damage|p1a: Skeledirge|38/100
|move|p1a: Skeledirge|Torch Song|p2a: Zapdos
|-damage|p2a: Zapdos|52/100
|-boost|p1a: Skeledirge|spa|1
|
|-weather|RainDance|[upkeep]
|-heal|p1a: Skeledirge|44/100|[from] item: Leftovers
|upkeep
|turn|11
|
|t:|1760847056
|move|p2a: Zapdos|Thunder|p1a: Skeledirge
|-damage|p1a: Skeledirge|0 fnt
|faint|p1a: Skeledirge
|
|-weather|none
|upkeep
|
|t:|1760847065
|switch|p1a: Zapdos|Zapdos|100/100
|turn|12
|
|t:|1760847072
|move|p1a: Zapdos|Ancient Power|p2a: Zapdos
|-supereffective|p2a: Zapdos
|-damage|p2a: Zapdos|1/100
|-damage|p1a: Zapdos|91/100|[from] item: Life Orb
|move|p2a: Zapdos|Thunder|p1a: Zapdos
|-damage|p1a: Zapdos|32/100
|
|upkeep
|turn|13
|
|t:|1760847082
|move|p1a: Zapdos|Ancient Power|p2a: Zapdos
|-supereffective|p2a: Zapdos
|-damage|p2a: Zapdos|0 fnt
|faint|p2a: Zapdos
|-damage|p1a: Zapdos|22/100|[from] item: Life Orb
|
|upkeep
|
|t:|1760847094
|switch|p2a: Garchomp|Garchomp, F|100/100
|-item|p2a: Garchomp|Air Balloon
|turn|14
|
|t:|1760847110
|move|p1a: Zapdos|Hurricane|p2a: Garchomp
|-damage|p2a: Garchomp|29/100
|-enditem|p2a: Garchomp|Air Balloon
|-damage|p1a: Zapdos|12/100|[from] item: Life Orb
|move|p2a: Garchomp|Dragon Pulse|p1a: Zapdos
|-damage|p1a: Zapdos|0 fnt
|faint|p1a: Zapdos
|
|upkeep
|
|t:|1760847118
|switch|p1a: Ogerpon|Ogerpon-Wellspring, F|100/100
|turn|15
|
|t:|1760847137
|-terastallize|p1a: Ogerpon|Water
|detailschange|p1a: Ogerpon|Ogerpon-Wellspring-Tera, F, tera:Water
|-ability|p1a: Ogerpon|Embody Aspect (Wellspring)|boost
|-boost|p1a: Ogerpon|spd|1
|move|p1a: Ogerpon|Swords Dance|p1a: Ogerpon
|-boost|p1a: Ogerpon|atk|2
|move|p2a: Garchomp|Rock Tomb|p1a: Ogerpon
|-damage|p1a: Ogerpon|75/100
|-unboost|p1a: Ogerpon|spe|1
|
|upkeep
|turn|16
|
|t:|1760847152
|move|p2a: Garchomp|Rock Tomb|p1a: Ogerpon
|-damage|p1a: Ogerpon|50/100
|-unboost|p1a: Ogerpon|spe|1
|move|p1a: Ogerpon|Ivy Cudgel|p2a: Garchomp|[anim] Ivy Cudgel Water
|-damage|p2a: Garchomp|0 fnt
|faint|p2a: Garchomp
|
|upkeep
|
|t:|1760847171
|switch|p2a: Ceruledge|Ceruledge, M|100/100
|turn|17
|
|t:|1760847179
|move|p2a: Ceruledge|Close Combat|p1a: Ogerpon
|-damage|p1a: Ogerpon|0 fnt
|-unboost|p2a: Ceruledge|def|1
|-unboost|p2a: Ceruledge|spd|1
|faint|p1a: Ogerpon
|detailschange|p1: Ogerpon|Ogerpon-Wellspring, F|[silent]
|
|win|frvavan15
|raw|shue5225's rating: 1117 &rarr; <strong>1087</strong><br />(-30 for losing)
|raw|frvavan15's rating: 1052 &rarr; <strong>1090</strong><br />(+38 for winning)
|l|☆frvavan15
|player|p2|
