|j|☆FlyWhiteGuy
|j|☆Slouchsquatch
|t:|1760848577
|gametype|singles
|player|p1|FlyWhiteGuy|whitney|1202
|player|p2|Slouchsquatch|harlequin|1254
|gen|9
|tier|[Gen 9] OU
|rated|
|rule|HP Percentage Mod: HP is shown in percentages
|rule|Endless Battle Clause: Forcing endless battles is banned
|rule|Species Clause: Limit one of each Pokémon
|rule|OHKO Clause: OHKO moves are banned
|rule|Evasion Items Clause: Evasion items are banned
|rule|Evasion Moves Clause: Evasion moves are banned
|rule|Evasion Abilities Clause: Evasion abilities are banned
|rule|Sleep Moves Clause: Sleep-inducing moves are banned
|clearpoke
|poke|p1|Ninetales, M|
|poke|p1|Walking Wake|
|poke|p1|Great Tusk|
|poke|p1|Raging Bolt|
|poke|p1|Slither Wing|
|poke|p1|Venusaur, F|
|poke|p2|Scizor, F|
|poke|p2|Ceruledge, F|
|poke|p2|Murkrow, M|
|poke|p2|Glimmora, M|
|poke|p2|Samurott-Hisui, M|
|poke|p2|Excadrill, M|
|teampreview
|
|t:|1760848587
|teamsize|p1|6
|teamsize|p2|6
|start
|switch|p1a: Ninetales|Ninetales, M|100/100
|switch|p2a: Glimmora|Glimmora, M|100/100
|-weather|SunnyDay|[from] ability: Drought|[of] p1a: Ninetales
|turn|1
|
|t:|1760848599
|switch|p1a: Great Tusk|Great Tusk|100/100
|-activate|p1a: Great Tusk|ability: Protosynthesis
|-start|p1a: Great Tusk|protosynthesisspe
|move|p2a: Glimmora|Power Gem|p1a: Great Tusk
|-resisted|p1a: Great Tusk
|-crit|p1a: Great Tusk
|-damage|p1a: Great Tusk|81/100
|
|-weather|SunnyDay|[upkeep]
|upkeep
|turn|2
|
|t:|1760848609
|move|p1a: Great Tusk|Headlong Rush|p2a: Glimmora
|-supereffective|p2a: Glimmora
|-enditem|p2a: Glimmora|Focus Sash
|-damage|p2a: Glimmora|1/100
|-unboost|p1a: Great Tusk|def|1
|-unboost|p1a: Great Tusk|spd|1
|-activate|p2a: Glimmora|ability: Toxic Debris
|-sidestart|p1: FlyWhiteGuy|move: Toxic Spikes
|move|p2a: Glimmora|Mortal Spin|p1a: Great Tusk
|-resisted|p1a: Great Tusk
|-damage|p1a: Great Tusk|78/100
|-status|p1a: Great Tusk|psn
|
|-weather|SunnyDay|[upkeep]
|-damage|p1a: Great Tusk|65/100 psn|[from] psn
|upkeep
|turn|3
|
|t:|1760848643
|move|p1a: Great Tusk|Stealth Rock|p2a: Glimmora
|-sidestart|p2: Slouchsquatch|move: Stealth Rock
|move|p2a: Glimmora|Power Gem|p1a: Great Tusk
|-resisted|p1a: Great Tusk
|-damage|p1a: Great Tusk|45/100 psn
|
|-weather|SunnyDay|[upkeep]
|-damage|p1a: Great Tusk|33/100 psn|[from] psn
|upkeep
|turn|4
|
|t:|1760848662
|-terastallize|p2a: Glimmora|Flying
|move|p1a: Great Tusk|Rapid Spin|p2a: Glimmora
|-damage|p2a: Glimmora|0 fnt
|-boost|p1a: Great Tusk|spe|1
|-activate|p2a: Glimmora|ability: Toxic Debris
|-sidestart|p1: FlyWhiteGuy|move: Toxic Spikes
|-sideend|p1: FlyWhiteGuy|Toxic Spikes|[from] move: Rapid Spin|[of] p1a: Great Tusk
|faint|p2a: Glimmora
|
|-weather|SunnyDay|[upkeep]
|-damage|p1a: Great Tusk|20/100 psn|[from] psn
|upkeep
|inactive|Battle timer is ON: inactive players will automatically lose when time's up. (requested by FlyWhiteGuy)
|
|t:|1760848671
|switch|p2a: Scizor|Scizor, F|100/100
|-damage|p2a: Scizor|88/100|[from] Stealth Rock
|turn|5
|
|t:|1760848684
|move|p2a: Scizor|Bullet Punch|p1a: Great Tusk
|-damage|p1a: Great Tusk|0 fnt
|faint|p1a: Great Tusk
|-end|p1a: Great Tusk|Protosynthesis|[silent]
|
|-weather|SunnyDay|[upkeep]
|-heal|p2a: Scizor|94/100|[from] item: Leftovers
|upkeep
|
|t:|1760848698
|switch|p1a: Raging Bolt|Raging Bolt|100/100
|-item|p1a: Raging Bolt|Air Balloon
|-activate|p1a: Raging Bolt|ability: Protosynthesis
|-start|p1a: Raging Bolt|protosynthesisspa
|turn|6
|
|t:|1760848706
|move|p1a: Raging Bolt|Weather Ball|p2a: Scizor
|-supereffective|p2a: Scizor
|-damage|p2a: Scizor|0 fnt
|faint|p2a: Scizor
|
|-weather|SunnyDay|[upkeep]
|upkeep
|
|t:|1760848720
|switch|p2a: Excadrill|Excadrill, M, shiny|100/100
|-ability|p2a: Excadrill|Mold Breaker
|turn|7
|
|t:|1760848728
|move|p2a: Excadrill|Rapid Spin|p1a: Raging Bolt
|-damage|p1a: Raging Bolt|85/100
|-boost|p2a: Excadrill|spe|1
|-enditem|p1a: Raging Bolt|Air Balloon
|-sideend|p2: Slouchsquatch|Stealth Rock|[from] move: Rapid Spin|[of] p2a: Excadrill
|move|p1a: Raging Bolt|Weather Ball|p2a: Excadrill
|-supereffective|p2a: Excadrill
|-damage|p2a: Excadrill|0 fnt
|faint|p2a: Excadrill
|
|-weather|SunnyDay|[upkeep]
|upkeep
|
|t:|1760848740
|switch|p2a: Ceruledge|Ceruledge, F|100/100
|turn|8
|
|t:|1760848748
|move|p2a: Ceruledge|Swords Dance|p2a: Ceruledge
|-boost|p2a: Ceruledge|atk|2
|move|p1a: Raging Bolt|Thunderbolt|p2a: Ceruledge
|-damage|p2a: Ceruledge|25/100
|
|-weather|none
|-end|p1a: Raging Bolt|Protosynthesis
|upkeep
|turn|9
|
|t:|1760848761
|move|p1a: Raging Bolt|Thunderclap|p2a: Ceruledge
|-damage|p2a: Ceruledge|0 fnt
|faint|p2a: Ceruledge
|
|upkeep
|
|t:|1760848766
|switch|p2a: Murkrow|Murkrow, M, shiny|100/100
|turn|10
|
|t:|1760848770
|move|p2a: Murkrow|Calm Mind|p2a: Murkrow
|-boost|p2a: Murkrow|spa|1
|-boost|p2a: Murkrow|spd|1
|move|p1a: Raging Bolt|Thunderbolt|p2a: Murkrow
|-supereffective|p2a: Murkrow
|-damage|p2a: Murkrow|0 fnt
|faint|p2a: Murkrow
|
|upkeep
|
|t:|1760848775
|switch|p2a: Samurott|Samurott-Hisui, M, shiny|100/100
|turn|11
|
|t:|1760848778
|move|p2a: Samurott|Sucker Punch|p1a: Raging Bolt
|-damage|p1a: Raging Bolt|43/100
|-damage|p2a: Samurott|91/100|[from] item: Life Orb
|move|p1a: Raging Bolt|Thunderbolt|p2a: Samurott
|-supereffective|p2a: Samurott
|-damage|p2a: Samurott|0 fnt
|faint|p2a: Samurott
|
|win|FlyWhiteGuy
|raw|FlyWhiteGuy's rating: 1202 &rarr; <strong>1231</strong><br />(+29 for winning)
|raw|Slouchsquatch's rating: 1254 &rarr; <strong>1225</strong><br />(-29 for losing)
|l|☆FlyWhiteGuy
|player|p1|
|l|☆Slouchsquatch
|player|p2|
