|j|☆XenoKatsu
|j|☆adriicarrascoo
|t:|1760728537
|gametype|singles
|player|p1|XenoKatsu|swimmerf|1276
|player|p2|adriicarrascoo|drayden|1228
|gen|9
|tier|[Gen 9] OU
|rated|
|rule|HP Percentage Mod: HP is shown in percentages
|rule|Endless Battle Clause: Forcing endless battles is banned
|rule|Species Clause: Limit one of each Pokémon
|rule|OHKO Clause: OHKO moves are banned
|rule|Evasion Items Clause: Evasion items are banned
|rule|Evasion Moves Clause: Evasion moves are banned
|rule|Evasion Abilities Clause: Evasion abilities are banned
|rule|Sleep Moves Clause: Sleep-inducing moves are banned
|clearpoke
|poke|p1|Torkoal, F|
|poke|p1|Hatterene, F|
|poke|p1|Raging Bolt|
|poke|p1|Slither Wing|
|poke|p1|Venusaur, F|
|poke|p1|Walking Wake|
|poke|p2|Dragapult, F|
|poke|p2|Jolteon, F|
|poke|p2|Komala, F|
|poke|p2|Dragonite, M|
|poke|p2|Venusaur, F|
|poke|p2|Gliscor, F|
|teampreview
|l|☆adriicarrascoo
|player|p2|
|inactive|Battle timer is ON: inactive players will automatically lose when time's up. (requested by XenoKatsu)
|j|☆adriicarrascoo
|inactive|adriicarrascoo reconnected and has 145 seconds left.
|player|p2|adriicarrascoo|drayden|
|
|t:|1760728576
|teamsize|p1|6
|teamsize|p2|6
|start
|switch|p1a: Torkoal|Torkoal, F|100/100
|switch|p2a: Jolteon|Jolteon, F|100/100
|-weather|SunnyDay|[from] ability: Drought|[of] p1a: Torkoal
|turn|1
|
|t:|1760728588
|switch|p1a: Raging Bolt|Raging Bolt|100/100
|-activate|p1a: Raging Bolt|ability: Protosynthesis
|-start|p1a: Raging Bolt|protosynthesisspa
|move|p2a: Jolteon|Volt Switch|p1a: Raging Bolt
|-resisted|p1a: Raging Bolt
|-damage|p1a: Raging Bolt|88/100
|
|t:|1760728602
|switch|p2a: Dragapult|Dragapult, F|100/100|[from] Volt Switch
|
|-weather|SunnyDay|[upkeep]
|upkeep
|turn|2
|
|t:|1760728608
|-end|p1a: Raging Bolt|Protosynthesis|[silent]
|switch|p1a: Hatterene|Hatterene, F|100/100
|-item|p1a: Hatterene|Air Balloon
|move|p2a: Dragapult|Dragon Darts|p1a: Hatterene
|-immune|p1a: Hatterene
|
|-weather|SunnyDay|[upkeep]
|upkeep
|turn|3
|
|t:|1760728625
|move|p2a: Dragapult|U-turn|p1a: Hatterene
|-damage|p1a: Hatterene|83/100
|-enditem|p1a: Hatterene|Air Balloon
|
|t:|1760728642
|switch|p2a: Komala|Komala, F|100/100|[from] U-turn
|-ability|p2a: Komala|Comatose
|move|p1a: Hatterene|Dazzling Gleam|p2a: Komala
|-damage|p2a: Komala|77/100
|
|-weather|SunnyDay|[upkeep]
|upkeep
|turn|4
|
|t:|1760728653
|move|p2a: Komala|Body Slam|p1a: Hatterene
|-damage|p1a: Hatterene|50/100
|move|p1a: Hatterene|Psychic Noise|p2a: Komala
|-crit|p2a: Komala
|-damage|p2a: Komala|40/100
|-start|p2a: Komala|move: Heal Block
|
|-weather|SunnyDay|[upkeep]
|upkeep
|turn|5
|
|t:|1760728664
|switch|p1a: Slither Wing|Slither Wing|100/100
|-activate|p1a: Slither Wing|ability: Protosynthesis
|-start|p1a: Slither Wing|protosynthesisatk
|move|p2a: Komala|Rapid Spin|p1a: Slither Wing
|-damage|p1a: Slither Wing|69/100
|-boost|p2a: Komala|spe|1
|
|-weather|SunnyDay|[upkeep]
|-end|p2a: Komala|move: Heal Block
|upkeep
|turn|6
|
|t:|1760728675
|-terastallize|p2a: Komala|Ghost
|move|p1a: Slither Wing|First Impression|p2a: Komala
|-resisted|p2a: Komala
|-damage|p2a: Komala|0 fnt
|faint|p2a: Komala
|
|-weather|SunnyDay|[upkeep]
|upkeep
|
|t:|1760728683
|switch|p2a: Jolteon|Jolteon, F|100/100
|turn|7
|
|t:|1760728690
|move|p2a: Jolteon|Alluring Voice|p1a: Slither Wing
|-supereffective|p1a: Slither Wing
|-damage|p1a: Slither Wing|21/100
|move|p1a: Slither Wing|Earthquake|p2a: Jolteon
|-supereffective|p2a: Jolteon
|-damage|p2a: Jolteon|0 fnt
|faint|p2a: Jolteon
|
|-weather|SunnyDay|[upkeep]
|upkeep
|
|t:|1760728703
|switch|p2a: Dragapult|Dragapult, F|100/100
|turn|8
|
|t:|1760728718
|-end|p1a: Slither Wing|Protosynthesis|[silent]
|switch|p1a: Hatterene|Hatterene, F|50/100
|move|p2a: Dragapult|Phantom Force||[still]
|-prepare|p2a: Dragapult|Phantom Force
|
|-weather|none
|upkeep
|turn|9
|
|t:|1760728724
|move|p2a: Dragapult|Phantom Force|p1a: Hatterene|[from] lockedmove
|-supereffective|p1a: Hatterene
|-damage|p1a: Hatterene|0 fnt
|faint|p1a: Hatterene
|
|upkeep
|
|t:|1760728729
|switch|p1a: Torkoal|Torkoal, F|100/100
|-weather|SunnyDay|[from] ability: Drought|[of] p1a: Torkoal
|turn|10
|
|t:|1760728736
|move|p2a: Dragapult|Dragon Darts|p1a: Torkoal
|-damage|p1a: Torkoal|79/100
|-anim|p2a: Dragapult|Dragon Darts|p1a: Torkoal
|-damage|p1a: Torkoal|57/100
|move|p1a: Torkoal|Stealth Rock|p2a: Dragapult
|-sidestart|p2: adriicarrascoo|move: Stealth Rock
|
|-weather|SunnyDay|[upkeep]
|upkeep
|turn|11
|
|t:|1760728745
|switch|p1a: Venusaur|Venusaur, F|100/100
|move|p2a: Dragapult|Dragon Darts|p1a: Venusaur
|-damage|p1a: Venusaur|67/100
|-anim|p2a: Dragapult|Dragon Darts|p1a: Venusaur
|-damage|p1a: Venusaur|36/100
|
|-weather|SunnyDay|[upkeep]
|upkeep
|turn|12
|
|t:|1760728756
|move|p1a: Venusaur|Earthquake|p2a: Dragapult
|-damage|p2a: Dragapult|63/100
|-damage|p1a: Venusaur|26/100|[from] item: Life Orb
|move|p2a: Dragapult|Dragon Darts|p1a: Venusaur
|-damage|p1a: Venusaur|0 fnt
|faint|p1a: Venusaur
|
|-weather|SunnyDay|[upkeep]
|-heal|p2a: Dragapult|69/100|[from] item: Leftovers
|upkeep
|
|t:|1760728766
|switch|p1a: Walking Wake|Walking Wake|100/100
|-activate|p1a: Walking Wake|ability: Protosynthesis
|-start|p1a: Walking Wake|protosynthesisspe
|turn|13
|
|t:|1760728783
|move|p1a: Walking Wake|Draco Meteor|p2a: Dragapult
|-supereffective|p2a: Dragapult
|-damage|p2a: Dragapult|0 fnt
|-unboost|p1a: Walking Wake|spa|2
|faint|p2a: Dragapult
|
|-weather|SunnyDay|[upkeep]
|upkeep
|
|t:|1760728789
|switch|p2a: Venusaur|Venusaur, F|100/100
|-damage|p2a: Venusaur|88/100|[from] Stealth Rock
|turn|14
|
|t:|1760728794
|move|p1a: Walking Wake|Flip Turn|p2a: Venusaur
|-resisted|p2a: Venusaur
|-damage|p2a: Venusaur|84/100
|
|t:|1760728798
|-end|p1a: Walking Wake|Protosynthesis|[silent]
|switch|p1a: Slither Wing|Slither Wing|21/100|[from] Flip Turn
|-activate|p1a: Slither Wing|ability: Protosynthesis
|-start|p1a: Slither Wing|protosynthesisatk
|move|p2a: Venusaur|Leech Seed|p1a: Slither Wing
|-start|p1a: Slither Wing|move: Leech Seed
|
|-weather|SunnyDay|[upkeep]
|-heal|p2a: Venusaur|90/100|[from] item: Leftovers
|-damage|p1a: Slither Wing|8/100|[from] Leech Seed|[of] p2a: Venusaur
|-heal|p2a: Venusaur|100/100|[silent]
|upkeep
|turn|15
|
|t:|1760728808
|move|p2a: Venusaur|Protect|p2a: Venusaur
|-singleturn|p2a: Venusaur|Protect
|move|p1a: Slither Wing|First Impression|p2a: Venusaur
|-activate|p2a: Venusaur|move: Protect
|
|-weather|SunnyDay|[upkeep]
|-damage|p1a: Slither Wing|0 fnt|[from] Leech Seed|[of] p2a: Venusaur
|faint|p1a: Slither Wing
|-end|p1a: Slither Wing|Protosynthesis|[silent]
|upkeep
|
|t:|1760728819
|switch|p1a: Raging Bolt|Raging Bolt|88/100
|-activate|p1a: Raging Bolt|ability: Protosynthesis
|-start|p1a: Raging Bolt|protosynthesisspa
|turn|16
|
|t:|1760728824
|move|p1a: Raging Bolt|Weather Ball|p2a: Venusaur
|-supereffective|p2a: Venusaur
|-damage|p2a: Venusaur|0 fnt
|faint|p2a: Venusaur
|-damage|p1a: Raging Bolt|78/100|[from] item: Life Orb
|
|-weather|SunnyDay|[upkeep]
|upkeep
|
|t:|1760728828
|switch|p2a: Gliscor|Gliscor, F|100/100
|-damage|p2a: Gliscor|88/100|[from] Stealth Rock
|turn|17
|
|t:|1760728836
|move|p2a: Gliscor|Earthquake|p1a: Raging Bolt
|-supereffective|p1a: Raging Bolt
|-damage|p1a: Raging Bolt|3/100
|move|p1a: Raging Bolt|Solar Beam||[still]
|-prepare|p1a: Raging Bolt|Solar Beam
|-anim|p1a: Raging Bolt|Solar Beam|p2a: Gliscor
|-damage|p2a: Gliscor|0 fnt
|faint|p2a: Gliscor
|-damage|p1a: Raging Bolt|0 fnt|[from] item: Life Orb
|faint|p1a: Raging Bolt
|-end|p1a: Raging Bolt|Protosynthesis|[silent]
|
|-weather|none
|upkeep
|
|t:|1760728850
|switch|p2a: Dragonite|Dragonite, M|100/100
|switch|p1a: Walking Wake|Walking Wake|100/100
|-damage|p2a: Dragonite|76/100|[from] Stealth Rock
|turn|18
|
|t:|1760728858
|-terastallize|p1a: Walking Wake|Fairy
|move|p1a: Walking Wake|Draco Meteor|p2a: Dragonite
|-supereffective|p2a: Dragonite
|-damage|p2a: Dragonite|0 fnt
|-unboost|p1a: Walking Wake|spa|2
|faint|p2a: Dragonite
|
|win|XenoKatsu
|raw|XenoKatsu's rating: 1276 &rarr; <strong>1298</strong><br />(+22 for winning)
|raw|adriicarrascoo's rating: 1228 &rarr; <strong>1206</strong><br />(-22 for losing)
|l|☆adriicarrascoo
|player|p2|
|l|☆XenoKatsu
|player|p1|
