|j|☆oplik
|j|☆wackin
|t:|1760858850
|gametype|singles
|player|p1|oplik|169|1680
|player|p2|wackin|red-gen1main|1675
|gen|9
|tier|[Gen 9] OU
|rated|
|rule|HP Percentage Mod: HP is shown in percentages
|rule|Endless Battle Clause: Forcing endless battles is banned
|rule|Species Clause: Limit one of each Pokémon
|rule|OHKO Clause: OHKO moves are banned
|rule|Evasion Items Clause: Evasion items are banned
|rule|Evasion Moves Clause: Evasion moves are banned
|rule|Evasion Abilities Clause: Evasion abilities are banned
|rule|Sleep Moves Clause: Sleep-inducing moves are banned
|clearpoke
|poke|p1|Gholdengo|
|poke|p1|Zamazenta-*|
|poke|p1|Ting-Lu|
|poke|p1|Clefable, F|
|poke|p1|Dragonite, M|
|poke|p1|Deoxys-Speed|
|poke|p2|Deoxys-Speed|
|poke|p2|Garchomp, M|
|poke|p2|Moltres-Galar|
|poke|p2|Zamazenta-*|
|poke|p2|Gholdengo|
|poke|p2|Ogerpon-Wellspring, F|
|teampreview
|inactive|Battle timer is ON: inactive players will automatically lose when time's up. (requested by oplik)
|c|☆wackin|hf
|c|☆oplik|u2
|
|t:|1760858863
|teamsize|p1|6
|teamsize|p2|6
|start
|switch|p1a: Up Bowl On Em|Ting-Lu|100/100
|switch|p2a: Deoxys|Deoxys-Speed|100/100
|-ability|p2a: Deoxys|Pressure
|-ability|p1a: Up Bowl On Em|Vessel of Ruin
|turn|1
|
|t:|1760858867
|move|p2a: Deoxys|Taunt|p1a: Up Bowl On Em
|-start|p1a: Up Bowl On Em|move: Taunt
|move|p1a: Up Bowl On Em|Ruination|p2a: Deoxys
|-damage|p2a: Deoxys|51/100
|
|upkeep
|turn|2
|
|t:|1760858873
|move|p2a: Deoxys|Reflect|p2a: Deoxys
|-sidestart|p2: wackin|Reflect
|move|p1a: Up Bowl On Em|Earthquake|p2a: Deoxys
|-damage|p2a: Deoxys|31/100
|
|upkeep
|turn|3
|
|t:|1760858879
|move|p2a: Deoxys|Light Screen|p2a: Deoxys
|-sidestart|p2: wackin|move: Light Screen
|move|p1a: Up Bowl On Em|Earthquake|p2a: Deoxys
|-damage|p2a: Deoxys|11/100
|
|-end|p1a: Up Bowl On Em|move: Taunt
|upkeep
|turn|4
|
|t:|1760858885
|switch|p1a: Moonrock 350|Clefable, F|100/100
|move|p2a: Deoxys|Stealth Rock|p1a: Moonrock 350
|-sidestart|p1: oplik|move: Stealth Rock
|
|upkeep
|turn|5
|
|t:|1760858893
|switch|p2a: Gholdengo|Gholdengo|100/100
|move|p1a: Moonrock 350|Stealth Rock|p2a: Gholdengo
|-sidestart|p2: wackin|move: Stealth Rock
|
|upkeep
|turn|6
|
|t:|1760858898
|switch|p1a: Up Bowl On Em|Ting-Lu|100/100
|-damage|p1a: Up Bowl On Em|94/100|[from] Stealth Rock
|-ability|p1a: Up Bowl On Em|Vessel of Ruin
|move|p2a: Gholdengo|Nasty Plot|p2a: Gholdengo
|-boost|p2a: Gholdengo|spa|2
|
|-heal|p1a: Up Bowl On Em|100/100|[from] item: Leftovers
|upkeep
|turn|7
|
|t:|1760858909
|switch|p1a: Secret Service|Dragonite, M|100/100
|move|p2a: Gholdengo|Make It Rain|p1a: Secret Service
|-damage|p1a: Secret Service|33/100
|-unboost|p2a: Gholdengo|spa|1
|
|upkeep
|turn|8
|
|t:|1760858919
|switch|p1a: Up Bowl On Em|Ting-Lu|100/100
|-damage|p1a: Up Bowl On Em|94/100|[from] Stealth Rock
|-ability|p1a: Up Bowl On Em|Vessel of Ruin
|move|p2a: Gholdengo|Nasty Plot|p2a: Gholdengo
|-boost|p2a: Gholdengo|spa|2
|
|-heal|p1a: Up Bowl On Em|100/100|[from] item: Leftovers
|upkeep
|turn|9
|
|t:|1760858929
|switch|p1a: Secret Service|Dragonite, M|33/100
|move|p2a: Gholdengo|Make It Rain|p1a: Secret Service
|-damage|p1a: Secret Service|0 fnt
|-unboost|p2a: Gholdengo|spa|1
|faint|p1a: Secret Service
|
|-sideend|p2: wackin|Reflect
|upkeep
|
|t:|1760858933
|switch|p1a: Up Bowl On Em|Ting-Lu|100/100
|-damage|p1a: Up Bowl On Em|94/100|[from] Stealth Rock
|-ability|p1a: Up Bowl On Em|Vessel of Ruin
|turn|10
|
|t:|1760858939
|move|p2a: Gholdengo|Make It Rain|p1a: Up Bowl On Em
|-damage|p1a: Up Bowl On Em|32/100
|-unboost|p2a: Gholdengo|spa|1
|move|p1a: Up Bowl On Em|Earthquake|p2a: Gholdengo
|-supereffective|p2a: Gholdengo
|-crit|p2a: Gholdengo
|-damage|p2a: Gholdengo|0 fnt
|faint|p2a: Gholdengo
|
|-heal|p1a: Up Bowl On Em|38/100|[from] item: Leftovers
|-sideend|p2: wackin|move: Light Screen
|upkeep
|
|t:|1760858959
|switch|p2a: Ogerpon|Ogerpon-Wellspring, F|100/100
|-damage|p2a: Ogerpon|88/100|[from] Stealth Rock
|turn|11
|
|t:|1760858968
|move|p2a: Ogerpon|Ivy Cudgel|p1a: Up Bowl On Em|[anim] Ivy Cudgel Water
|-supereffective|p1a: Up Bowl On Em
|-crit|p1a: Up Bowl On Em
|-damage|p1a: Up Bowl On Em|0 fnt
|faint|p1a: Up Bowl On Em
|
|upkeep
|
|t:|1760858973
|switch|p1a: Moonrock 350|Clefable, F|100/100
|turn|12
|
|t:|1760858978
|move|p2a: Ogerpon|Ivy Cudgel|p1a: Moonrock 350|[anim] Ivy Cudgel Water
|-damage|p1a: Moonrock 350|50/100
|move|p1a: Moonrock 350|Moonblast|p2a: Ogerpon
|-damage|p2a: Ogerpon|54/100
|
|upkeep
|turn|13
|
|t:|1760858984
|move|p2a: Ogerpon|Ivy Cudgel|p1a: Moonrock 350|[anim] Ivy Cudgel Water
|-damage|p1a: Moonrock 350|0 fnt
|faint|p1a: Moonrock 350
|
|upkeep
|
|t:|1760858987
|switch|p1a: CClifford|Zamazenta|100/100
|-ability|p1a: CClifford|Dauntless Shield|boost
|-boost|p1a: CClifford|def|1
|turn|14
|
|t:|1760858993
|switch|p2a: Deoxys|Deoxys-Speed|11/100
|-damage|p2a: Deoxys|0 fnt|[from] Stealth Rock
|faint|p2a: Deoxys
|move|p1a: CClifford|Close Combat|p2: Deoxys|[notarget]
|-fail|p1a: CClifford
|
|upkeep
|
|t:|1760859006
|switch|p2a: Zamazenta|Zamazenta|100/100
|-damage|p2a: Zamazenta|94/100|[from] Stealth Rock
|-ability|p2a: Zamazenta|Dauntless Shield|boost
|-boost|p2a: Zamazenta|def|1
|turn|15
|
|t:|1760859014
|switch|p1a: Djengo Unrained|Gholdengo|100/100
|move|p2a: Zamazenta|Iron Defense|p2a: Zamazenta
|-boost|p2a: Zamazenta|def|2
|
|-heal|p2a: Zamazenta|100/100|[from] item: Leftovers
|upkeep
|turn|16
|
|t:|1760859022
|move|p1a: Djengo Unrained|Nasty Plot|p1a: Djengo Unrained
|-boost|p1a: Djengo Unrained|spa|2
|move|p2a: Zamazenta|Roar|p1a: Djengo Unrained
|-immune|p1a: Djengo Unrained|[from] ability: Good as Gold
|
|upkeep
|turn|17
|
|t:|1760859032
|move|p2a: Zamazenta|Heavy Slam|p1a: Djengo Unrained
|-resisted|p1a: Djengo Unrained
|-damage|p1a: Djengo Unrained|89/100
|move|p1a: Djengo Unrained|Shadow Ball|p2a: Zamazenta
|-damage|p2a: Zamazenta|48/100
|
|-heal|p2a: Zamazenta|54/100|[from] item: Leftovers
|upkeep
|turn|18
|
|t:|1760859043
|move|p2a: Zamazenta|Heavy Slam|p1a: Djengo Unrained
|-resisted|p1a: Djengo Unrained
|-damage|p1a: Djengo Unrained|78/100
|move|p1a: Djengo Unrained|Shadow Ball|p2a: Zamazenta
|-damage|p2a: Zamazenta|0 fnt
|faint|p2a: Zamazenta
|
|upkeep
|inactive|wackin has 120 seconds left.
|inactive|wackin has 90 seconds left.
|
|t:|1760859115
|switch|p2a: Garchomp|Garchomp, M|100/100
|-damage|p2a: Garchomp|94/100|[from] Stealth Rock
|turn|19
|
|t:|1760859124
|-terastallize|p1a: Djengo Unrained|Fairy
|move|p2a: Garchomp|Earthquake|p1a: Djengo Unrained
|-damage|p1a: Djengo Unrained|41/100
|move|p1a: Djengo Unrained|Shadow Ball|p2a: Garchomp
|-damage|p2a: Garchomp|20/100
|
|upkeep
|turn|20
|inactive|wackin has 90 seconds left.
|
|t:|1760859135
|move|p2a: Garchomp|Earthquake|p1a: Djengo Unrained
|-damage|p1a: Djengo Unrained|3/100
|move|p1a: Djengo Unrained|Recover|p1a: Djengo Unrained
|-heal|p1a: Djengo Unrained|54/100
|
|upkeep
|turn|21
|
|t:|1760859139
|move|p2a: Garchomp|Earthquake|p1a: Djengo Unrained
|-damage|p1a: Djengo Unrained|19/100
|move|p1a: Djengo Unrained|Recover|p1a: Djengo Unrained
|-heal|p1a: Djengo Unrained|69/100
|
|upkeep
|turn|22
|
|t:|1760859142
|move|p2a: Garchomp|Swords Dance|p2a: Garchomp
|-boost|p2a: Garchomp|atk|2
|move|p1a: Djengo Unrained|Recover|p1a: Djengo Unrained
|-heal|p1a: Djengo Unrained|100/100
|
|upkeep
|turn|23
|
|t:|1760859144
|move|p2a: Garchomp|Earthquake|p1a: Djengo Unrained
|-damage|p1a: Djengo Unrained|19/100
|move|p1a: Djengo Unrained|Shadow Ball|p2a: Garchomp
|-damage|p2a: Garchomp|0 fnt
|faint|p2a: Garchomp
|
|upkeep
|j| Golem Rising
|
|t:|1760859149
|switch|p2a: Ogerpon|Ogerpon-Wellspring, F|54/100
|-damage|p2a: Ogerpon|42/100|[from] Stealth Rock
|turn|24
|
|t:|1760859151
|move|p2a: Ogerpon|Trailblaze|p1a: Djengo Unrained
|-damage|p1a: Djengo Unrained|0 fnt
|-boost|p2a: Ogerpon|spe|1
|faint|p1a: Djengo Unrained
|
|upkeep
|
|t:|1760859154
|switch|p1a: CClifford|Zamazenta|100/100
|turn|25
|
|t:|1760859166
|-terastallize|p2a: Ogerpon|Water
|detailschange|p2a: Ogerpon|Ogerpon-Wellspring-Tera, F, tera:Water
|-ability|p2a: Ogerpon|Embody Aspect (Wellspring)|boost
|-boost|p2a: Ogerpon|spd|1
|move|p2a: Ogerpon|Ivy Cudgel|p1a: CClifford|[anim] Ivy Cudgel Water
|-damage|p1a: CClifford|21/100
|move|p1a: CClifford|Close Combat|p2a: Ogerpon
|-damage|p2a: Ogerpon|0 fnt
|-unboost|p1a: CClifford|def|1
|-unboost|p1a: CClifford|spd|1
|faint|p2a: Ogerpon
|detailschange|p2: Ogerpon|Ogerpon-Wellspring, F|[silent]
|
|upkeep
|
|t:|1760859174
|switch|p2a: Moltres|Moltres-Galar|100/100
|-damage|p2a: Moltres|76/100|[from] Stealth Rock
|turn|26
|
|t:|1760859180
|move|p1a: CClifford|Stone Edge|p2a: Moltres
|-supereffective|p2a: Moltres
|-damage|p2a: Moltres|0 fnt
|faint|p2a: Moltres
|
|win|oplik
|raw|oplik's rating: 1680 &rarr; <strong>1700</strong><br />(+20 for winning)
|raw|wackin's rating: 1675 &rarr; <strong>1655</strong><br />(-20 for losing)
|c|☆wackin|ggwp
|c|☆oplik|gg
|l| Golem Rising
|l|☆oplik
|player|p1|
|l|☆wackin
|player|p2|
