|j|☆jayjoe100
|j|☆Rat Conjoe
|t:|1760763011
|gametype|singles
|player|p1|jayjoe100|266|1109
|player|p2|Rat Conjoe|dawn|1131
|gen|9
|tier|[Gen 9] OU
|rated|
|rule|HP Percentage Mod: HP is shown in percentages
|rule|Endless Battle Clause: Forcing endless battles is banned
|rule|Species Clause: Limit one of each Pokémon
|rule|OHKO Clause: OHKO moves are banned
|rule|Evasion Items Clause: Evasion items are banned
|rule|Evasion Moves Clause: Evasion moves are banned
|rule|Evasion Abilities Clause: Evasion abilities are banned
|rule|Sleep Moves Clause: Sleep-inducing moves are banned
|clearpoke
|poke|p1|Keldeo-Resolute|
|poke|p1|Dragapult, M|
|poke|p1|Slowking-Galar, F|
|poke|p1|Kingambit, M|
|poke|p1|Zapdos|
|poke|p1|Great Tusk|
|poke|p2|Flygon, F|
|poke|p2|Ceruledge, F|
|poke|p2|Umbreon, F|
|poke|p2|Eelektross, F|
|poke|p2|Scizor, F|
|poke|p2|Meowscarada, M|
|teampreview
|
|t:|1760763024
|teamsize|p1|6
|teamsize|p2|6
|start
|switch|p1a: Dragpult|Dragapult, M|100/100
|switch|p2a: Eelektross|Eelektross, F|100/100
|turn|1
|
|t:|1760763030
|move|p1a: Dragpult|Dragon Darts|p2a: Eelektross
|-damage|p2a: Eelektross|59/100
|-anim|p1a: Dragpult|Dragon Darts|p2a: Eelektross
|-damage|p2a: Eelektross|15/100
|move|p2a: Eelektross|Knock Off|p1a: Dragpult
|-supereffective|p1a: Dragpult
|-damage|p1a: Dragpult|26/100
|-enditem|p1a: Dragpult|Choice Band|[from] move: Knock Off|[of] p2a: Eelektross
|
|upkeep
|turn|2
|
|t:|1760763042
|move|p1a: Dragpult|U-turn|p2a: Eelektross
|-damage|p2a: Eelektross|0 fnt
|faint|p2a: Eelektross
|inactive|Battle timer is ON: inactive players will automatically lose when time's up. (requested by jayjoe100)
|
|t:|1760763055
|switch|p1a: Great Tusk|Great Tusk|100/100|[from] U-turn
|-enditem|p1a: Great Tusk|Booster Energy
|-activate|p1a: Great Tusk|ability: Protosynthesis|[fromitem]
|-start|p1a: Great Tusk|protosynthesisatk
|
|upkeep
|
|t:|1760763070
|switch|p2a: Meowscarada|Meowscarada, M|100/100
|turn|3
|
|t:|1760763092
|move|p2a: Meowscarada|Triple Axel|p1a: Great Tusk
|-start|p2a: Meowscarada|typechange|Ice|[from] ability: Protean
|-supereffective|p1a: Great Tusk
|-damage|p1a: Great Tusk|82/100
|-supereffective|p1a: Great Tusk
|-damage|p1a: Great Tusk|44/100
|-supereffective|p1a: Great Tusk
|-damage|p1a: Great Tusk|0 fnt
|faint|p1a: Great Tusk
|-end|p1a: Great Tusk|Protosynthesis|[silent]
|-hitcount|p1: Great Tusk|3
|
|upkeep
|inactive|jayjoe100 has 120 seconds left.
|
|t:|1760763123
|switch|p1a: King Gambit|Kingambit, M|100/100
|-activate|p1a: King Gambit|ability: Supreme Overlord
|-start|p1a: King Gambit|fallen1|[silent]
|turn|4
|inactive|jayjoe100 has 90 seconds left.
|
|t:|1760763156
|move|p2a: Meowscarada|Triple Axel|p1a: King Gambit
|-resisted|p1a: King Gambit
|-damage|p1a: King Gambit|95/100
|-resisted|p1a: King Gambit
|-damage|p1a: King Gambit|84/100
|-resisted|p1a: King Gambit
|-damage|p1a: King Gambit|66/100
|-hitcount|p1a: King Gambit|3
|move|p1a: King Gambit|Iron Head|p2a: Meowscarada
|-supereffective|p2a: Meowscarada
|-damage|p2a: Meowscarada|0 fnt
|faint|p2a: Meowscarada
|
|-heal|p1a: King Gambit|72/100|[from] item: Leftovers
|upkeep
|
|t:|1760763173
|switch|p2a: Ceruledge|Ceruledge, F|100/100
|turn|5
|
|t:|1760763178
|-terastallize|p1a: King Gambit|Flying
|move|p2a: Ceruledge|Close Combat|p1a: King Gambit
|-resisted|p1a: King Gambit
|-damage|p1a: King Gambit|57/100
|-unboost|p2a: Ceruledge|def|1
|-unboost|p2a: Ceruledge|spd|1
|move|p1a: King Gambit|Kowtow Cleave|p2a: Ceruledge
|-supereffective|p2a: Ceruledge
|-crit|p2a: Ceruledge
|-enditem|p2a: Ceruledge|Focus Sash
|-damage|p2a: Ceruledge|1/100
|-ability|p2a: Ceruledge|Weak Armor|boost
|-unboost|p2a: Ceruledge|def|1
|-boost|p2a: Ceruledge|spe|2
|
|-heal|p1a: King Gambit|63/100|[from] item: Leftovers
|upkeep
|turn|6
|
|t:|1760763197
|move|p1a: King Gambit|Sucker Punch|p2a: Ceruledge
|-supereffective|p2a: Ceruledge
|-damage|p2a: Ceruledge|0 fnt
|faint|p2a: Ceruledge
|
|-heal|p1a: King Gambit|69/100|[from] item: Leftovers
|upkeep
|
|t:|1760763204
|switch|p2a: Flygon|Flygon, F|100/100
|turn|7
|
|t:|1760763217
|move|p2a: Flygon|Stone Edge|p1a: King Gambit
|-supereffective|p1a: King Gambit
|-crit|p1a: King Gambit
|-damage|p1a: King Gambit|3/100
|move|p1a: King Gambit|Kowtow Cleave|p2a: Flygon
|-damage|p2a: Flygon|28/100
|
|-heal|p1a: King Gambit|9/100|[from] item: Leftovers
|upkeep
|turn|8
|
|t:|1760763226
|move|p2a: Flygon|Stone Edge|p1a: King Gambit
|-supereffective|p1a: King Gambit
|-damage|p1a: King Gambit|0 fnt
|faint|p1a: King Gambit
|-end|p1a: King Gambit|fallen1|[silent]
|
|upkeep
|
|t:|1760763234
|switch|p1a: Dragpult|Dragapult, M|26/100
|turn|9
|
|t:|1760763243
|move|p2a: Flygon|Stone Edge|p1a: Dragpult|[miss]
|-miss|p2a: Flygon|p1a: Dragpult
|move|p1a: Dragpult|Dragon Darts|p2a: Flygon
|-supereffective|p2a: Flygon
|-damage|p2a: Flygon|0 fnt
|faint|p2a: Flygon
|
|upkeep
|
|t:|1760763252
|switch|p2a: Scizor|Scizor, F|100/100
|turn|10
|
|t:|1760763257
|switch|p1a: Zapds|Zapdos|100/100
|move|p2a: Scizor|Bullet Punch|p1a: Zapds
|-resisted|p1a: Zapds
|-damage|p1a: Zapds|83/100
|-status|p2a: Scizor|par|[from] ability: Static|[of] p1a: Zapds
|
|upkeep
|turn|11
|
|t:|1760763266
|switch|p2a: Umbreon|Umbreon, F, shiny|100/100
|move|p1a: Zapds|Hurricane|p2a: Umbreon|[miss]
|-miss|p1a: Zapds|p2a: Umbreon
|
|upkeep
|turn|12
|
|t:|1760763275
|move|p1a: Zapds|Hurricane|p2a: Umbreon
|-damage|p2a: Umbreon|75/100
|move|p2a: Umbreon|Toxic|p1a: Zapds|[miss]
|-miss|p2a: Umbreon|p1a: Zapds
|
|upkeep
|turn|13
|
|t:|1760763280
|switch|p1a: Slow king|Slowking-Galar, F|100/100
|move|p2a: Umbreon|Wish|p2a: Umbreon
|
|upkeep
|turn|14
|
|t:|1760763284
|move|p2a: Umbreon|Foul Play|p1a: Slow king
|-supereffective|p1a: Slow king
|-damage|p1a: Slow king|66/100
|move|p1a: Slow king|Toxic|p2a: Umbreon
|-status|p2a: Umbreon|tox
|-activate|p2a: Umbreon|ability: Synchronize
|-immune|p1a: Slow king
|
|-heal|p2a: Umbreon|100/100 tox|[from] move: Wish|[wisher] Umbreon
|-heal|p1a: Slow king|73/100|[from] item: Black Sludge
|-damage|p2a: Umbreon|94/100 tox|[from] psn
|upkeep
|turn|15
|
|t:|1760763296
|move|p2a: Umbreon|Wish|p2a: Umbreon
|move|p1a: Slow king|Trick|p2a: Umbreon
|-activate|p1a: Slow king|move: Trick|[of] p2a: Umbreon
|-item|p2a: Umbreon|Black Sludge|[from] move: Trick
|-item|p1a: Slow king|Heavy-Duty Boots|[from] move: Trick
|
|-damage|p2a: Umbreon|82/100 tox|[from] item: Black Sludge
|-damage|p2a: Umbreon|70/100 tox|[from] psn
|upkeep
|turn|16
|
|t:|1760763307
|-terastallize|p2a: Umbreon|Poison
|move|p2a: Umbreon|Foul Play|p1a: Slow king
|-supereffective|p1a: Slow king
|-damage|p1a: Slow king|35/100
|move|p1a: Slow king|Sludge Bomb|p2a: Umbreon
|-resisted|p2a: Umbreon
|-damage|p2a: Umbreon|61/100 tox
|
|-heal|p2a: Umbreon|100/100 tox|[from] move: Wish|[wisher] Umbreon
|-damage|p2a: Umbreon|82/100 tox|[from] psn
|upkeep
|turn|17
|
|t:|1760763319
|move|p2a: Umbreon|Foul Play|p1a: Slow king
|-supereffective|p1a: Slow king
|-damage|p1a: Slow king|2/100
|move|p1a: Slow king|Psyshock|p2a: Umbreon
|-supereffective|p2a: Umbreon
|-damage|p2a: Umbreon|38/100 tox
|
|-heal|p2a: Umbreon|44/100 tox|[from] item: Black Sludge
|-damage|p2a: Umbreon|20/100 tox|[from] psn
|upkeep
|turn|18
|
|t:|1760763328
|switch|p1a: Keldo|Keldeo-Resolute|100/100
|move|p2a: Umbreon|Moonlight|p2a: Umbreon
|-heal|p2a: Umbreon|70/100 tox
|
|-heal|p2a: Umbreon|76/100 tox|[from] item: Black Sludge
|-damage|p2a: Umbreon|45/100 tox|[from] psn
|upkeep
|turn|19
|
|t:|1760763339
|move|p1a: Keldo|Substitute|p1a: Keldo
|-start|p1a: Keldo|Substitute
|-damage|p1a: Keldo|76/100
|move|p2a: Umbreon|Toxic||[still]
|-fail|p2a: Umbreon
|
|-heal|p1a: Keldo|82/100|[from] item: Leftovers
|-heal|p2a: Umbreon|52/100 tox|[from] item: Black Sludge
|-damage|p2a: Umbreon|15/100 tox|[from] psn
|upkeep
|turn|20
|
|t:|1760763348
|move|p1a: Keldo|Surf|p2a: Umbreon
|-damage|p2a: Umbreon|0 fnt
|faint|p2a: Umbreon
|
|-heal|p1a: Keldo|88/100|[from] item: Leftovers
|upkeep
|
|t:|1760763353
|switch|p2a: Scizor|Scizor, F|100/100 par
|turn|21
|
|t:|1760763358
|move|p1a: Keldo|Surf|p2a: Scizor
|-damage|p2a: Scizor|48/100 par
|cant|p2a: Scizor|par
|
|-heal|p1a: Keldo|94/100|[from] item: Leftovers
|upkeep
|turn|22
|c|☆Rat Conjoe|GGs
|
|t:|1760763366
|move|p2a: Scizor|Bullet Punch|p1a: Keldo
|-resisted|p1a: Keldo
|-activate|p1a: Keldo|move: Substitute|[damage]
|move|p1a: Keldo|Surf|p2a: Scizor
|-damage|p2a: Scizor|0 fnt
|faint|p2a: Scizor
|
|win|jayjoe100
|raw|jayjoe100's rating: 1109 &rarr; <strong>1136</strong><br />(+27 for winning)
|raw|Rat Conjoe's rating: 1131 &rarr; <strong>1104</strong><br />(-27 for losing)
|l|☆jayjoe100
|player|p1|
|l|☆Rat Conjoe
|player|p2|
