|j|‽Andrew.CL.98.ch
|j|☆Nagasache
|t:|1760886904
|gametype|singles
|player|p1|Andrew.CL.98.ch|proton|1054
|player|p2|Nagasache|dawn|1104
|gen|9
|tier|[Gen 9] OU
|rated|
|rule|HP Percentage Mod: HP is shown in percentages
|rule|Endless Battle Clause: Forcing endless battles is banned
|rule|Species Clause: Limit one of each Pokémon
|rule|OHKO Clause: OHKO moves are banned
|rule|Evasion Items Clause: Evasion items are banned
|rule|Evasion Moves Clause: Evasion moves are banned
|rule|Evasion Abilities Clause: Evasion abilities are banned
|rule|Sleep Moves Clause: Sleep-inducing moves are banned
|clearpoke
|poke|p1|Gholdengo|
|poke|p1|Masquerain, F|
|poke|p1|Gliscor, M|
|poke|p1|Clodsire, M|
|poke|p1|Heatran, M|
|poke|p1|Malamar, F|
|poke|p2|Espeon, F|
|poke|p2|Armarouge, M|
|poke|p2|Indeedee-F, F|
|poke|p2|Hoopa-Unbound|
|poke|p2|Jirachi|
|poke|p2|Cresselia, F|
|teampreview
|
|t:|1760886927
|teamsize|p1|6
|teamsize|p2|6
|start
|switch|p1a: Malamar|Malamar, F|100/100
|switch|p2a: Hoopa|Hoopa-Unbound|100/100
|turn|1
|
|t:|1760886937
|move|p1a: Malamar|Switcheroo|p2a: Hoopa
|-activate|p1a: Malamar|move: Trick|[of] p2a: Hoopa
|-item|p2a: Hoopa|Choice Scarf|[from] move: Switcheroo
|-item|p1a: Malamar|Salac Berry|[from] move: Switcheroo
|move|p2a: Hoopa|Drain Punch|p1a: Malamar
|-damage|p1a: Malamar|58/100
|
|upkeep
|turn|2
|
|t:|1760886949
|switch|p2a: Armarouge|Armarouge, M|100/100
|switch|p1a: Gholdengo|Gholdengo, shiny|100/100
|-item|p1a: Gholdengo|Air Balloon
|
|upkeep
|turn|3
|
|t:|1760886961
|switch|p1a: Heatran|Heatran, M|100/100
|move|p2a: Armarouge|Armor Cannon|p1a: Heatran
|-start|p1a: Heatran|ability: Flash Fire
|
|upkeep
|turn|4
|
|t:|1760886970
|move|p1a: Heatran|Power Gem|p2a: Armarouge
|-supereffective|p2a: Armarouge
|-damage|p2a: Armarouge|42/100
|move|p2a: Armarouge|Aura Sphere|p1a: Heatran
|-supereffective|p1a: Heatran
|-damage|p1a: Heatran|61/100
|
|upkeep
|turn|5
|
|t:|1760886979
|switch|p2a: Indeedee|Indeedee-F, F|100/100
|-fieldstart|move: Psychic Terrain|[from] ability: Psychic Surge|[of] p2a: Indeedee
|move|p1a: Heatran|Earth Power|p2a: Indeedee
|-damage|p2a: Indeedee|69/100
|
|upkeep
|turn|6
|
|t:|1760886988
|move|p1a: Heatran|Lava Plume|p2a: Indeedee
|-damage|p2a: Indeedee|9/100
|-status|p2a: Indeedee|brn
|move|p2a: Indeedee|Light Screen|p2a: Indeedee
|-sidestart|p2: Nagasache|move: Light Screen
|
|-damage|p2a: Indeedee|3/100 brn|[from] brn
|upkeep
|turn|7
|
|t:|1760886997
|move|p1a: Heatran|Earth Power|p2a: Indeedee
|-damage|p2a: Indeedee|0 fnt
|faint|p2a: Indeedee
|
|upkeep
|
|t:|1760887007
|switch|p2a: Hoopa|Hoopa-Unbound|100/100
|turn|8
|
|t:|1760887023
|-end|p1a: Heatran|ability: Flash Fire|[silent]
|switch|p1a: Masquerain|Masquerain, F|100/100
|-ability|p1a: Masquerain|Intimidate|boost
|-unboost|p2a: Hoopa|atk|1
|move|p2a: Hoopa|Hyperspace Fury|p1a: Masquerain
|-damage|p1a: Masquerain|20/100
|-unboost|p2a: Hoopa|def|1
|
|upkeep
|turn|9
|
|t:|1760887035
|switch|p1a: Clodsire|Clodsire, M, shiny|100/100
|move|p2a: Hoopa|Hyperspace Fury|p1a: Clodsire
|-damage|p1a: Clodsire|58/100
|-unboost|p2a: Hoopa|def|1
|
|-heal|p1a: Clodsire|65/100|[from] item: Black Sludge
|-fieldend|move: Psychic Terrain
|upkeep
|turn|10
|
|t:|1760887047
|switch|p2a: Cresselia|Cresselia, F|100/100
|move|p1a: Clodsire|Earthquake|p2a: Cresselia
|-immune|p2a: Cresselia|[from] ability: Levitate
|
|-heal|p1a: Clodsire|71/100|[from] item: Black Sludge
|upkeep
|turn|11
|
|t:|1760887059
|move|p2a: Cresselia|Icy Wind|p1a: Clodsire
|-supereffective|p1a: Clodsire
|-damage|p1a: Clodsire|59/100
|-unboost|p1a: Clodsire|spe|1
|move|p1a: Clodsire|Toxic Spikes|p2a: Cresselia
|-sidestart|p2: Nagasache|move: Toxic Spikes
|
|-heal|p1a: Clodsire|65/100|[from] item: Black Sludge
|upkeep
|turn|12
|
|t:|1760887068
|switch|p2a: Espeon|Espeon, F|100/100
|-status|p2a: Espeon|psn
|move|p1a: Clodsire|Stealth Rock|p2a: Espeon
|move|p2a: Espeon|Stealth Rock|p1a: Clodsire|[from] ability: Magic Bounce
|-sidestart|p1: Andrew.CL.98.ch|move: Stealth Rock
|
|-heal|p1a: Clodsire|71/100|[from] item: Black Sludge
|-damage|p2a: Espeon|88/100 psn|[from] psn
|upkeep
|turn|13
|
|t:|1760887084
|switch|p1a: Malamar|Malamar, F|58/100
|-damage|p1a: Malamar|46/100|[from] Stealth Rock
|move|p2a: Espeon|Psyshock|p1a: Malamar
|-immune|p1a: Malamar
|
|-damage|p2a: Espeon|76/100 psn|[from] psn
|-sideend|p2: Nagasache|move: Light Screen
|upkeep
|turn|14
|
|t:|1760887094
|switch|p2a: Cresselia|Cresselia, F|100/100
|move|p1a: Malamar|Payback|p2a: Cresselia
|-supereffective|p2a: Cresselia
|-damage|p2a: Cresselia|77/100
|-damage|p1a: Malamar|29/100|[from] item: Rocky Helmet|[of] p2a: Cresselia
|
|upkeep
|turn|15
|
|t:|1760887118
|switch|p1a: Gliscor|Gliscor, M|100/100
|-damage|p1a: Gliscor|88/100|[from] Stealth Rock
|move|p2a: Cresselia|Moonblast|p1a: Gliscor
|-damage|p1a: Gliscor|61/100
|
|-status|p1a: Gliscor|tox|[from] item: Toxic Orb
|upkeep
|turn|16
|
|t:|1760887128
|move|p1a: Gliscor|Knock Off|p2a: Cresselia
|-supereffective|p2a: Cresselia
|-damage|p2a: Cresselia|43/100
|-damage|p1a: Gliscor|45/100 tox|[from] item: Rocky Helmet|[of] p2a: Cresselia
|-enditem|p2a: Cresselia|Rocky Helmet|[from] move: Knock Off|[of] p1a: Gliscor
|move|p2a: Cresselia|Icy Wind|p1a: Gliscor
|-supereffective|p1a: Gliscor
|-crit|p1a: Gliscor
|-damage|p1a: Gliscor|0 fnt
|faint|p1a: Gliscor
|
|upkeep
|
|t:|1760887140
|switch|p1a: Gholdengo|Gholdengo, shiny|100/100
|-damage|p1a: Gholdengo|94/100|[from] Stealth Rock
|-item|p1a: Gholdengo|Air Balloon
|turn|17
|
|t:|1760887146
|move|p1a: Gholdengo|Thunder Wave|p2a: Cresselia
|-status|p2a: Cresselia|par
|cant|p2a: Cresselia|par
|
|upkeep
|turn|18
|
|t:|1760887152
|move|p1a: Gholdengo|Hex|p2a: Cresselia
|-supereffective|p2a: Cresselia
|-damage|p2a: Cresselia|0 fnt
|faint|p2a: Cresselia
|
|upkeep
|
|t:|1760887161
|switch|p2a: Espeon|Espeon, F|76/100 psn
|turn|19
|
|t:|1760887165
|move|p2a: Espeon|Shadow Ball|p1a: Gholdengo
|-supereffective|p1a: Gholdengo
|-damage|p1a: Gholdengo|0 fnt
|-enditem|p1a: Gholdengo|Air Balloon
|faint|p1a: Gholdengo
|
|-damage|p2a: Espeon|64/100 psn|[from] psn
|upkeep
|
|t:|1760887176
|switch|p1a: Heatran|Heatran, M|61/100
|-damage|p1a: Heatran|49/100|[from] Stealth Rock
|turn|20
|
|t:|1760887181
|move|p2a: Espeon|Shadow Ball|p1a: Heatran
|-damage|p1a: Heatran|17/100
|-unboost|p1a: Heatran|spd|1
|move|p1a: Heatran|Lava Plume|p2a: Espeon
|-damage|p2a: Espeon|7/100 psn
|
|-damage|p2a: Espeon|0 fnt|[from] psn
|faint|p2a: Espeon
|upkeep
|
|t:|1760887197
|switch|p2a: Jirachi|Jirachi|100/100
|turn|21
|
|t:|1760887206
|move|p2a: Jirachi|Thunder Punch|p1a: Heatran
|-damage|p1a: Heatran|0 fnt
|faint|p1a: Heatran
|
|upkeep
|-message|Andrew.CL.98.ch forfeited.
|
|win|Nagasache
|raw|Andrew.CL.98.ch's rating: 1054 &rarr; <strong>1038</strong><br />(-16 for losing)
|raw|Nagasache's rating: 1104 &rarr; <strong>1125</strong><br />(+21 for winning)
|l|‽Andrew.CL.98.ch
|player|p1|
|l|☆Nagasache
|player|p2|
