|j|☆byuself
|j|☆fafewf
|t:|1760726529
|gametype|singles
|player|p1|byuself|2|1690
|player|p2|fafewf|wallace|1651
|gen|9
|tier|[Gen 9] OU
|rated|
|rule|HP Percentage Mod: HP is shown in percentages
|rule|Endless Battle Clause: Forcing endless battles is banned
|rule|Species Clause: Limit one of each Pokémon
|rule|OHKO Clause: OHKO moves are banned
|rule|Evasion Items Clause: Evasion items are banned
|rule|Evasion Moves Clause: Evasion moves are banned
|rule|Evasion Abilities Clause: Evasion abilities are banned
|rule|Sleep Moves Clause: Sleep-inducing moves are banned
|clearpoke
|poke|p1|Walking Wake|
|poke|p1|Cresselia, F|
|poke|p1|Ninetales, M|
|poke|p1|Lilligant-Hisui, F|
|poke|p1|Raging Bolt|
|poke|p1|Great Tusk|
|poke|p2|Suicune|
|poke|p2|Corviknight, M|
|poke|p2|Cresselia, F|
|poke|p2|Darkrai|
|poke|p2|Landorus-Therian, M|
|poke|p2|Skeledirge, M|
|teampreview
|
|t:|1760726539
|teamsize|p1|6
|teamsize|p2|6
|start
|switch|p1a: Ninetales|Ninetales, M|100/100
|switch|p2a: The Light|Cresselia, F|100/100
|-weather|SunnyDay|[from] ability: Drought|[of] p1a: Ninetales
|turn|1
|inactive|Battle timer is ON: inactive players will automatically lose when time's up. (requested by byuself)
|
|t:|1760726554
|switch|p1a: Raging Bolt|Raging Bolt|100/100
|-activate|p1a: Raging Bolt|ability: Protosynthesis
|-start|p1a: Raging Bolt|protosynthesisspa
|move|p2a: The Light|Trick|p1a: Raging Bolt
|-activate|p2a: The Light|move: Trick|[of] p1a: Raging Bolt
|-item|p1a: Raging Bolt|Choice Scarf|[from] move: Trick
|-item|p2a: The Light|Choice Specs|[from] move: Trick
|
|-weather|SunnyDay|[upkeep]
|upkeep
|turn|2
|
|t:|1760726572
|move|p1a: Raging Bolt|Draco Meteor|p2a: The Light
|-damage|p2a: The Light|37/100
|-unboost|p1a: Raging Bolt|spa|2
|move|p2a: The Light|Light Screen|p2a: The Light
|-sidestart|p2: fafewf|move: Light Screen
|
|-weather|SunnyDay|[upkeep]
|upkeep
|turn|3
|
|t:|1760726579
|-end|p1a: Raging Bolt|Protosynthesis|[silent]
|switch|p1a: Lilligant|Lilligant-Hisui, F|100/100
|switch|p2a: The Menace|Darkrai|100/100
|
|-weather|SunnyDay|[upkeep]
|upkeep
|turn|4
|
|t:|1760726586
|switch|p2a: The Unbothered|Skeledirge, M|100/100
|move|p1a: Lilligant|Close Combat|p2a: The Unbothered
|-immune|p2a: The Unbothered
|
|-weather|SunnyDay|[upkeep]
|upkeep
|turn|5
|
|t:|1760726600
|switch|p1a: Walking Wake|Walking Wake|100/100
|-activate|p1a: Walking Wake|ability: Protosynthesis
|-start|p1a: Walking Wake|protosynthesisspa
|move|p2a: The Unbothered|Will-O-Wisp|p1a: Walking Wake
|-status|p1a: Walking Wake|brn
|
|-weather|SunnyDay|[upkeep]
|-damage|p1a: Walking Wake|94/100 brn|[from] brn
|upkeep
|turn|6
|
|t:|1760726608
|move|p1a: Walking Wake|Hydro Steam|p2a: The Unbothered
|-supereffective|p2a: The Unbothered
|-damage|p2a: The Unbothered|17/100
|-damage|p1a: Walking Wake|85/100 brn|[from] item: Life Orb
|move|p2a: The Unbothered|Hex|p1a: Walking Wake
|-damage|p1a: Walking Wake|31/100 brn
|
|-weather|SunnyDay|[upkeep]
|-damage|p1a: Walking Wake|25/100 brn|[from] brn
|-sideend|p2: fafewf|move: Light Screen
|upkeep
|turn|7
|
|t:|1760726620
|switch|p2a: The Indomitable|Suicune|100/100
|-ability|p2a: The Indomitable|Pressure
|move|p1a: Walking Wake|Draco Meteor|p2a: The Indomitable
|-damage|p2a: The Indomitable|35/100
|-unboost|p1a: Walking Wake|spa|2
|-damage|p1a: Walking Wake|16/100 brn|[from] item: Life Orb
|
|-weather|SunnyDay|[upkeep]
|-heal|p2a: The Indomitable|41/100|[from] item: Leftovers
|-damage|p1a: Walking Wake|9/100 brn|[from] brn
|upkeep
|turn|8
|
|t:|1760726636
|-end|p1a: Walking Wake|Protosynthesis|[silent]
|switch|p1a: Raging Bolt|Raging Bolt|100/100
|-activate|p1a: Raging Bolt|ability: Protosynthesis
|-start|p1a: Raging Bolt|protosynthesisspa
|switch|p2a: Landorus.|Landorus-Therian, M|100/100
|-ability|p2a: Landorus.|Intimidate|boost
|-unboost|p1a: Raging Bolt|atk|1
|
|-weather|none
|-end|p1a: Raging Bolt|Protosynthesis
|upkeep
|turn|9
|
|t:|1760726649
|-end|p1a: Raging Bolt|Protosynthesis|[silent]
|switch|p1a: Great Tusk|Great Tusk|100/100
|move|p2a: Landorus.|U-turn|p1a: Great Tusk
|-resisted|p1a: Great Tusk
|-damage|p1a: Great Tusk|92/100
|
|t:|1760726663
|switch|p2a: The Replacement|Corviknight, M|100/100|[from] U-turn
|-ability|p2a: The Replacement|Pressure
|
|upkeep
|turn|10
|
|t:|1760726667
|-end|p1a: Great Tusk|Protosynthesis|[silent]
|switch|p1a: Ninetales|Ninetales, M|100/100
|-weather|SunnyDay|[from] ability: Drought|[of] p1a: Ninetales
|move|p2a: The Replacement|Brave Bird|p1a: Ninetales
|-damage|p1a: Ninetales|44/100
|-damage|p2a: The Replacement|87/100|[from] Recoil
|
|-weather|SunnyDay|[upkeep]
|upkeep
|turn|11
|
|t:|1760726676
|switch|p2a: Landorus.|Landorus-Therian, M|100/100
|-ability|p2a: Landorus.|Intimidate|boost
|-unboost|p1a: Ninetales|atk|1
|move|p1a: Ninetales|Overheat|p2a: Landorus.
|-damage|p2a: Landorus.|7/100
|-unboost|p1a: Ninetales|spa|2
|
|-weather|SunnyDay|[upkeep]
|upkeep
|turn|12
|
|t:|1760726691
|switch|p1a: Great Tusk|Great Tusk|92/100
|-activate|p1a: Great Tusk|ability: Protosynthesis
|-start|p1a: Great Tusk|protosynthesisspe
|move|p2a: Landorus.|Earthquake|p1a: Great Tusk
|-damage|p1a: Great Tusk|58/100
|
|-weather|SunnyDay|[upkeep]
|upkeep
|turn|13
|
|t:|1760726699
|switch|p2a: The Replacement|Corviknight, M|87/100
|-ability|p2a: The Replacement|Pressure
|move|p1a: Great Tusk|Stealth Rock|p2a: The Replacement
|-sidestart|p2: fafewf|move: Stealth Rock
|
|-weather|SunnyDay|[upkeep]
|upkeep
|turn|14
|
|t:|1760726706
|-end|p1a: Great Tusk|Protosynthesis|[silent]
|switch|p1a: Raging Bolt|Raging Bolt|100/100
|-activate|p1a: Raging Bolt|ability: Protosynthesis
|-start|p1a: Raging Bolt|protosynthesisspa
|move|p2a: The Replacement|Defog|p1a: Raging Bolt
|-unboost|p1a: Raging Bolt|evasion|1
|-sideend|p2: fafewf|Stealth Rock|[from] move: Defog|[of] p2a: The Replacement
|
|-weather|SunnyDay|[upkeep]
|upkeep
|turn|15
|
|t:|1760726710
|move|p1a: Raging Bolt|Weather Ball|p2a: The Replacement
|-supereffective|p2a: The Replacement
|-damage|p2a: The Replacement|0 fnt
|faint|p2a: The Replacement
|
|-weather|SunnyDay|[upkeep]
|upkeep
|
|t:|1760726713
|switch|p2a: The Light|Cresselia, F|37/100
|turn|16
|
|t:|1760726720
|move|p1a: Raging Bolt|Weather Ball|p2a: The Light
|-damage|p2a: The Light|0 fnt
|faint|p2a: The Light
|
|-weather|SunnyDay|[upkeep]
|upkeep
|
|t:|1760726724
|switch|p2a: The Unbothered|Skeledirge, M|17/100
|turn|17
|
|t:|1760726730
|move|p1a: Raging Bolt|Weather Ball|p2a: The Unbothered
|-resisted|p2a: The Unbothered
|-damage|p2a: The Unbothered|0 fnt
|faint|p2a: The Unbothered
|
|-weather|none
|-end|p1a: Raging Bolt|Protosynthesis
|upkeep
|
|t:|1760726735
|switch|p2a: The Menace|Darkrai|100/100
|turn|18
|
|t:|1760726741
|-end|p1a: Raging Bolt|Protosynthesis|[silent]
|switch|p1a: Ninetales|Ninetales, M|44/100
|-weather|SunnyDay|[from] ability: Drought|[of] p1a: Ninetales
|move|p2a: The Menace|Nasty Plot|p2a: The Menace
|-boost|p2a: The Menace|spa|2
|
|-weather|SunnyDay|[upkeep]
|upkeep
|turn|19
|
|t:|1760726751
|switch|p1a: Great Tusk|Great Tusk|58/100
|-activate|p1a: Great Tusk|ability: Protosynthesis
|-start|p1a: Great Tusk|protosynthesisspe
|move|p2a: The Menace|Dark Pulse|p1a: Great Tusk
|-resisted|p1a: Great Tusk
|-damage|p1a: Great Tusk|0 fnt
|faint|p1a: Great Tusk
|-end|p1a: Great Tusk|Protosynthesis|[silent]
|
|-weather|SunnyDay|[upkeep]
|upkeep
|
|t:|1760726753
|switch|p1a: Lilligant|Lilligant-Hisui, F|100/100
|turn|20
|
|t:|1760726760
|-terastallize|p2a: The Menace|Fairy
|move|p1a: Lilligant|Solar Blade||[still]
|-prepare|p1a: Lilligant|Solar Blade
|-anim|p1a: Lilligant|Solar Blade|p2a: The Menace
|-damage|p2a: The Menace|0 fnt
|faint|p2a: The Menace
|-damage|p1a: Lilligant|91/100|[from] item: Life Orb
|
|-weather|SunnyDay|[upkeep]
|upkeep
|-message|fafewf forfeited.
|
|win|byuself
|raw|byuself's rating: 1690 &rarr; <strong>1708</strong><br />(+18 for winning)
|raw|fafewf's rating: 1651 &rarr; <strong>1633</strong><br />(-18 for losing)
|l|☆fafewf
|player|p2|
