|j|☆310YM4N74N3R0
|j|☆fafewf
|t:|1760821827
|gametype|singles
|player|p1|310YM4N74N3R0|102|1558
|player|p2|fafewf|wallace|1535
|gen|9
|tier|[Gen 9] OU
|rated|
|rule|HP Percentage Mod: HP is shown in percentages
|rule|Endless Battle Clause: Forcing endless battles is banned
|rule|Species Clause: Limit one of each Pokémon
|rule|OHKO Clause: OHKO moves are banned
|rule|Evasion Items Clause: Evasion items are banned
|rule|Evasion Moves Clause: Evasion moves are banned
|rule|Evasion Abilities Clause: Evasion abilities are banned
|rule|Sleep Moves Clause: Sleep-inducing moves are banned
|clearpoke
|poke|p1|Landorus-Therian, M|
|poke|p1|Yanmega, F|
|poke|p1|Rillaboom, M|
|poke|p1|Blaziken, F|
|poke|p1|Blastoise, M|
|poke|p1|Tyranitar, F|
|poke|p2|Suicune|
|poke|p2|Garchomp, F|
|poke|p2|Gholdengo|
|poke|p2|Chesnaught, M|
|poke|p2|Cyclizar, M|
|poke|p2|Gliscor, F|
|teampreview
|j| harinaremix
|
|t:|1760821849
|teamsize|p1|6
|teamsize|p2|6
|start
|switch|p1a: Yanmega|Yanmega, F|100/100
|switch|p2a: Table setter|Garchomp, F|100/100
|turn|1
|inactive|Battle timer is ON: inactive players will automatically lose when time's up. (requested by 310YM4N74N3R0)
|
|t:|1760821857
|move|p1a: Yanmega|Bug Buzz|p2a: Table setter
|-damage|p2a: Table setter|59/100
|-unboost|p2a: Table setter|spd|1
|-enditem|p1a: Yanmega|Throat Spray
|-boost|p1a: Yanmega|spa|1|[from] item: Throat Spray
|move|p2a: Table setter|Dragon Tail|p1a: Yanmega
|-damage|p1a: Yanmega|70/100
|drag|p1a: Landorus|Landorus-Therian, M|100/100
|-ability|p1a: Landorus|Intimidate|boost
|-unboost|p2a: Table setter|atk|1
|
|upkeep
|turn|2
|
|t:|1760821871
|switch|p1a: Yanmega|Yanmega, F|70/100
|move|p2a: Table setter|Stealth Rock|p1a: Yanmega
|-sidestart|p1: 310YM4N74N3R0|move: Stealth Rock
|
|upkeep
|turn|3
|
|t:|1760821881
|switch|p2a: Cyclizar|Cyclizar, M|100/100
|move|p1a: Yanmega|Bug Buzz|p2a: Cyclizar
|-damage|p2a: Cyclizar|58/100
|
|-ability|p1a: Yanmega|Speed Boost|boost
|-boost|p1a: Yanmega|spe|1
|upkeep
|turn|4
|l| harinaremix
|
|t:|1760821891
|move|p1a: Yanmega|Air Slash|p2a: Cyclizar
|-damage|p2a: Cyclizar|21/100
|cant|p2a: Cyclizar|flinch
|
|-ability|p1a: Yanmega|Speed Boost|boost
|-boost|p1a: Yanmega|spe|1
|upkeep
|turn|5
|
|t:|1760821898
|switch|p2a: Main course|Suicune|100/100
|-ability|p2a: Main course|Pressure
|move|p1a: Yanmega|Ancient Power|p2a: Main course
|-damage|p2a: Main course|88/100
|
|-heal|p2a: Main course|94/100|[from] item: Leftovers
|-ability|p1a: Yanmega|Speed Boost|boost
|-boost|p1a: Yanmega|spe|1
|upkeep
|turn|6
|
|t:|1760821907
|move|p1a: Yanmega|Air Slash|p2a: Main course
|-damage|p2a: Main course|66/100
|move|p2a: Main course|Substitute|p2a: Main course
|-start|p2a: Main course|Substitute
|-damage|p2a: Main course|41/100
|
|-heal|p2a: Main course|47/100|[from] item: Leftovers
|-ability|p1a: Yanmega|Speed Boost|boost
|-boost|p1a: Yanmega|spe|1
|upkeep
|turn|7
|
|t:|1760821913
|move|p2a: Main course|Protect|p2a: Main course
|-singleturn|p2a: Main course|Protect
|move|p1a: Yanmega|Bug Buzz|p2a: Main course
|-activate|p2a: Main course|move: Protect
|
|-heal|p2a: Main course|53/100|[from] item: Leftovers
|-ability|p1a: Yanmega|Speed Boost|boost
|-boost|p1a: Yanmega|spe|1
|upkeep
|turn|8
|
|t:|1760821920
|move|p1a: Yanmega|Bug Buzz|p2a: Main course
|-damage|p2a: Main course|22/100
|move|p2a: Main course|Calm Mind|p2a: Main course
|-boost|p2a: Main course|spa|1
|-boost|p2a: Main course|spd|1
|
|-heal|p2a: Main course|28/100|[from] item: Leftovers
|-ability|p1a: Yanmega|Speed Boost|boost
|-boost|p1a: Yanmega|spe|1
|upkeep
|turn|9
|
|t:|1760821925
|move|p2a: Main course|Protect|p2a: Main course
|-singleturn|p2a: Main course|Protect
|move|p1a: Yanmega|Air Slash|p2a: Main course
|-activate|p2a: Main course|move: Protect
|
|-heal|p2a: Main course|34/100|[from] item: Leftovers
|upkeep
|turn|10
|
|t:|1760821930
|move|p1a: Yanmega|Bug Buzz|p2a: Main course
|-damage|p2a: Main course|14/100
|move|p2a: Main course|Scald|p1a: Yanmega
|-damage|p1a: Yanmega|10/100
|-status|p1a: Yanmega|brn
|
|-heal|p2a: Main course|20/100|[from] item: Leftovers
|-damage|p1a: Yanmega|4/100 brn|[from] brn
|upkeep
|turn|11
|
|t:|1760821944
|switch|p1a: Tyranitar|Tyranitar, F|100/100
|-damage|p1a: Tyranitar|88/100|[from] Stealth Rock
|-weather|Sandstorm|[from] ability: Sand Stream|[of] p1a: Tyranitar
|move|p2a: Main course|Protect||[still]
|-fail|p2a: Main course
|
|-weather|Sandstorm|[upkeep]
|-damage|p2a: Main course|14/100|[from] Sandstorm
|-heal|p2a: Main course|20/100|[from] item: Leftovers
|upkeep
|turn|12
|
|t:|1760821950
|move|p2a: Main course|Scald|p1a: Tyranitar
|-supereffective|p1a: Tyranitar
|-damage|p1a: Tyranitar|41/100
|move|p1a: Tyranitar|Dragon Dance|p1a: Tyranitar
|-boost|p1a: Tyranitar|atk|1
|-boost|p1a: Tyranitar|spe|1
|
|-weather|Sandstorm|[upkeep]
|-damage|p2a: Main course|14/100|[from] Sandstorm
|-heal|p2a: Main course|20/100|[from] item: Leftovers
|upkeep
|turn|13
|
|t:|1760821955
|move|p1a: Tyranitar|Low Kick|p2a: Main course
|-end|p2a: Main course|Substitute
|move|p2a: Main course|Scald|p1a: Tyranitar
|-supereffective|p1a: Tyranitar
|-damage|p1a: Tyranitar|0 fnt
|faint|p1a: Tyranitar
|
|-weather|Sandstorm|[upkeep]
|-damage|p2a: Main course|14/100|[from] Sandstorm
|-heal|p2a: Main course|20/100|[from] item: Leftovers
|upkeep
|
|t:|1760821968
|switch|p1a: Rillaboom|Rillaboom, M|100/100
|-damage|p1a: Rillaboom|88/100|[from] Stealth Rock
|-fieldstart|move: Grassy Terrain|[from] ability: Grassy Surge|[of] p1a: Rillaboom
|-enditem|p1a: Rillaboom|Grassy Seed
|-boost|p1a: Rillaboom|def|1|[from] item: Grassy Seed
|turn|14
|
|t:|1760821970
|move|p2a: Main course|Protect|p2a: Main course
|-singleturn|p2a: Main course|Protect
|move|p1a: Rillaboom|Swords Dance|p1a: Rillaboom
|-boost|p1a: Rillaboom|atk|2
|
|-weather|Sandstorm|[upkeep]
|-damage|p2a: Main course|14/100|[from] Sandstorm
|-damage|p1a: Rillaboom|82/100|[from] Sandstorm
|-heal|p2a: Main course|20/100|[from] Grassy Terrain
|-heal|p2a: Main course|26/100|[from] item: Leftovers
|-heal|p1a: Rillaboom|88/100|[from] Grassy Terrain
|upkeep
|turn|15
|
|t:|1760821974
|switch|p2a: Chesnaught|Chesnaught, M|100/100
|move|p1a: Rillaboom|Grassy Glide|p2a: Chesnaught
|-resisted|p2a: Chesnaught
|-damage|p2a: Chesnaught|70/100
|
|-weather|none
|-heal|p1a: Rillaboom|94/100|[from] Grassy Terrain
|-heal|p2a: Chesnaught|76/100|[from] Grassy Terrain
|-heal|p2a: Chesnaught|82/100|[from] item: Leftovers
|upkeep
|turn|16
|
|t:|1760821988
|move|p1a: Rillaboom|Swords Dance|p1a: Rillaboom
|-boost|p1a: Rillaboom|atk|2
|move|p2a: Chesnaught|Iron Defense|p2a: Chesnaught
|-boost|p2a: Chesnaught|def|2
|
|-heal|p1a: Rillaboom|100/100|[from] Grassy Terrain
|-heal|p2a: Chesnaught|88/100|[from] Grassy Terrain
|-heal|p2a: Chesnaught|94/100|[from] item: Leftovers
|upkeep
|turn|17
|
|t:|1760821994
|move|p1a: Rillaboom|Acrobatics|p2a: Chesnaught
|-supereffective|p2a: Chesnaught
|-damage|p2a: Chesnaught|0 fnt
|faint|p2a: Chesnaught
|
|upkeep
|
|t:|1760822002
|switch|p2a: Cyclizar|Cyclizar, M|54/100
|turn|18
|
|t:|1760822007
|move|p1a: Rillaboom|Grassy Glide|p2a: Cyclizar
|-resisted|p2a: Cyclizar
|-crit|p2a: Cyclizar
|-damage|p2a: Cyclizar|0 fnt
|faint|p2a: Cyclizar
|
|-fieldend|move: Grassy Terrain
|upkeep
|
|t:|1760822009
|switch|p2a: Table setter|Garchomp, F|59/100
|turn|19
|
|t:|1760822021
|move|p1a: Rillaboom|Acrobatics|p2a: Table setter
|-damage|p2a: Table setter|0 fnt
|-damage|p1a: Rillaboom|88/100|[from] ability: Rough Skin|[of] p2a: Table setter
|-damage|p1a: Rillaboom|72/100|[from] item: Rocky Helmet|[of] p2a: Table setter
|faint|p2a: Table setter
|
|upkeep
|
|t:|1760822024
|switch|p2a: Gholdengo|Gholdengo|100/100
|turn|20
|
|t:|1760822037
|-terastallize|p1a: Rillaboom|Fire
|move|p2a: Gholdengo|Make It Rain|p1a: Rillaboom
|-resisted|p1a: Rillaboom
|-damage|p1a: Rillaboom|26/100
|-unboost|p2a: Gholdengo|spa|1
|move|p1a: Rillaboom|Tera Blast|p2a: Gholdengo|[anim] Tera Blast Fire
|-supereffective|p2a: Gholdengo
|-damage|p2a: Gholdengo|0 fnt
|faint|p2a: Gholdengo
|
|upkeep
|-message|fafewf forfeited.
|
|win|310YM4N74N3R0
|raw|310YM4N74N3R0's rating: 1558 &rarr; <strong>1577</strong><br />(+19 for winning)
|raw|fafewf's rating: 1535 &rarr; <strong>1516</strong><br />(-19 for losing)
|l|☆fafewf
|player|p2|
|l|☆310YM4N74N3R0
|player|p1|
