|j|☆kate10956
|j|☆Denvertzzz
|t:|1760846257
|gametype|singles
|player|p1|kate10956|ariana|1216
|player|p2|Denvertzzz|169|1216
|gen|9
|tier|[Gen 9] OU
|rated|
|rule|HP Percentage Mod: HP is shown in percentages
|rule|Endless Battle Clause: Forcing endless battles is banned
|rule|Species Clause: Limit one of each Pokémon
|rule|OHKO Clause: OHKO moves are banned
|rule|Evasion Items Clause: Evasion items are banned
|rule|Evasion Moves Clause: Evasion moves are banned
|rule|Evasion Abilities Clause: Evasion abilities are banned
|rule|Sleep Moves Clause: Sleep-inducing moves are banned
|clearpoke
|poke|p1|Dragapult, M|
|poke|p1|Glimmora, M|
|poke|p1|Comfey, M|
|poke|p1|Kingambit, M|
|poke|p1|Ogerpon-Wellspring, F|
|poke|p1|Blaziken, M|
|poke|p2|Iron Valiant|
|poke|p2|Thundurus-Therian, M|
|poke|p2|Hitmonlee, M|
|poke|p2|Darkrai|
|poke|p2|Skarmory, F|
|poke|p2|Regice|
|teampreview
|inactive|Battle timer is ON: inactive players will automatically lose when time's up. (requested by Denvertzzz)
|
|t:|1760846282
|teamsize|p1|6
|teamsize|p2|6
|start
|switch|p1a: Blaziken|Blaziken, M, shiny|100/100
|switch|p2a: Thundurus|Thundurus-Therian, M|100/100
|turn|1
|
|t:|1760846295
|move|p1a: Blaziken|Protect|p1a: Blaziken
|-singleturn|p1a: Blaziken|Protect
|move|p2a: Thundurus|Electric Terrain|p2a: Thundurus
|-fieldstart|move: Electric Terrain
|
|-ability|p1a: Blaziken|Speed Boost|boost
|-boost|p1a: Blaziken|spe|1
|upkeep
|turn|2
|
|t:|1760846306
|move|p1a: Blaziken|Flare Blitz|p2a: Thundurus
|-damage|p2a: Thundurus|0 fnt
|faint|p2a: Thundurus
|-damage|p1a: Blaziken|68/100|[from] Recoil
|-damage|p1a: Blaziken|58/100|[from] item: Life Orb
|
|-ability|p1a: Blaziken|Speed Boost|boost
|-boost|p1a: Blaziken|spe|1
|upkeep
|
|t:|1760846324
|switch|p2a: Skarmory|Skarmory, F, shiny|100/100
|turn|3
|
|t:|1760846332
|-terastallize|p2a: Skarmory|Fighting
|move|p1a: Blaziken|Flare Blitz|p2a: Skarmory
|-damage|p2a: Skarmory|52/100
|-status|p2a: Skarmory|brn
|-damage|p1a: Blaziken|41/100|[from] item: Rocky Helmet|[of] p2a: Skarmory
|-damage|p1a: Blaziken|23/100|[from] Recoil
|-damage|p1a: Blaziken|13/100|[from] item: Life Orb
|move|p2a: Skarmory|Body Press|p1a: Blaziken
|-damage|p1a: Blaziken|0 fnt
|faint|p1a: Blaziken
|
|-damage|p2a: Skarmory|46/100 brn|[from] brn
|upkeep
|inactive|kate10956 has 120 seconds left.
|inactive|kate10956 has 90 seconds left.
|inactive|kate10956 has 60 seconds left.
|
|t:|1760846431
|switch|p1a: Dragapult|Dragapult, M, shiny|100/100
|turn|4
|inactive|kate10956 has 60 seconds left.
|
|t:|1760846454
|move|p1a: Dragapult|Draco Meteor|p2a: Skarmory
|-damage|p2a: Skarmory|0 fnt
|-unboost|p1a: Dragapult|spa|2
|faint|p2a: Skarmory
|-damage|p1a: Dragapult|91/100|[from] item: Life Orb
|
|upkeep
|
|t:|1760846462
|switch|p2a: Hitmonlee|Hitmonlee, M|100/100
|-enditem|p2a: Hitmonlee|Electric Seed
|-boost|p2a: Hitmonlee|def|1|[from] item: Electric Seed
|turn|5
|
|t:|1760846472
|move|p2a: Hitmonlee|Knock Off|p1a: Dragapult
|-supereffective|p1a: Dragapult
|-damage|p1a: Dragapult|0 fnt
|-enditem|p1a: Dragapult|Life Orb|[from] move: Knock Off|[of] p2a: Hitmonlee
|faint|p1a: Dragapult
|
|upkeep
|
|t:|1760846494
|switch|p1a: Comfey|Comfey, M, shiny|100/100
|turn|6
|
|t:|1760846521
|move|p1a: Comfey|Draining Kiss|p2a: Hitmonlee
|-supereffective|p2a: Hitmonlee
|-damage|p2a: Hitmonlee|36/100
|-damage|p1a: Comfey|91/100|[from] item: Life Orb
|move|p2a: Hitmonlee|Poison Jab|p1a: Comfey
|-supereffective|p1a: Comfey
|-damage|p1a: Comfey|18/100
|-status|p1a: Comfey|psn
|
|-damage|p1a: Comfey|5/100 psn|[from] psn
|upkeep
|turn|7
|
|t:|1760846534
|switch|p2a: Regice|Regice, shiny|100/100
|move|p1a: Comfey|Draining Kiss|p2a: Regice
|-damage|p2a: Regice|91/100
|-heal|p1a: Comfey|13/100 psn|[from] drain|[of] p2a: Regice
|-damage|p1a: Comfey|3/100 psn|[from] item: Life Orb
|
|-damage|p1a: Comfey|0 fnt|[from] psn
|faint|p1a: Comfey
|upkeep
|
|t:|1760846544
|switch|p1a: Kingambit|Kingambit, M, shiny|100/100
|-activate|p1a: Kingambit|ability: Supreme Overlord
|-start|p1a: Kingambit|fallen3|[silent]
|turn|8
|inactive|Denvertzzz has 120 seconds left.
|
|t:|1760846569
|move|p2a: Regice|Focus Blast|p1a: Kingambit
|-supereffective|p1a: Kingambit
|-damage|p1a: Kingambit|0 fnt
|faint|p1a: Kingambit
|-end|p1a: Kingambit|fallen3|[silent]
|
|-fieldend|move: Electric Terrain
|upkeep
|
|t:|1760846586
|switch|p1a: Glimmora|Glimmora, M, shiny|100/100
|turn|9
|inactive|Denvertzzz has 120 seconds left.
|
|t:|1760846621
|move|p1a: Glimmora|Earth Power|p2a: Regice
|-damage|p2a: Regice|83/100
|move|p2a: Regice|Thunder|p1a: Glimmora|[miss]
|-miss|p2a: Regice|p1a: Glimmora
|
|upkeep
|turn|10
|inactive|Denvertzzz has 90 seconds left.
|
|t:|1760846649
|move|p1a: Glimmora|Earth Power|p2a: Regice
|-damage|p2a: Regice|74/100
|move|p2a: Regice|Thunder|p1a: Glimmora
|-damage|p1a: Glimmora|66/100
|-enditem|p1a: Glimmora|Red Card|[of] p2a: Regice
|drag|p2a: Iron Valiant|Iron Valiant, shiny|100/100
|
|upkeep
|turn|11
|inactive|Denvertzzz has 90 seconds left.
|
|t:|1760846664
|move|p2a: Iron Valiant|Close Combat|p1a: Glimmora
|-damage|p1a: Glimmora|1/100
|-unboost|p2a: Iron Valiant|def|1
|-unboost|p2a: Iron Valiant|spd|1
|-activate|p1a: Glimmora|ability: Toxic Debris
|-sidestart|p2: Denvertzzz|move: Toxic Spikes
|move|p1a: Glimmora|Earth Power|p2a: Iron Valiant
|-damage|p2a: Iron Valiant|29/100
|
|upkeep
|turn|12
|inactive|Denvertzzz has 90 seconds left.
|
|t:|1760846679
|move|p2a: Iron Valiant|Close Combat|p1a: Glimmora
|-crit|p1a: Glimmora
|-damage|p1a: Glimmora|0 fnt
|-unboost|p2a: Iron Valiant|def|1
|-unboost|p2a: Iron Valiant|spd|1
|-activate|p1a: Glimmora|ability: Toxic Debris
|-sidestart|p2: Denvertzzz|move: Toxic Spikes
|faint|p1a: Glimmora
|
|upkeep
|
|t:|1760846684
|switch|p1a: Ogerpon|Ogerpon-Wellspring, F|100/100
|turn|13
|inactive|Denvertzzz has 90 seconds left.
|
|t:|1760846703
|move|p2a: Iron Valiant|Close Combat|p1a: Ogerpon
|-damage|p1a: Ogerpon|0 fnt
|-unboost|p2a: Iron Valiant|def|1
|-unboost|p2a: Iron Valiant|spd|1
|faint|p1a: Ogerpon
|
|win|Denvertzzz
|raw|kate10956's rating: 1216 &rarr; <strong>1193</strong><br />(-23 for losing)
|raw|Denvertzzz's rating: 1240 &rarr; <strong>1263</strong><br />(+23 for winning)
|l|☆Denvertzzz
|player|p2|
|l|☆kate10956
|player|p1|
