|j|☆sac de lait
|j|☆Chillmaxxer
|t:|1760799402
|gametype|singles
|player|p1|sac de lait|red-gen1|1324
|player|p2|Chillmaxxer|scientist-gen4|1318
|gen|9
|tier|[Gen 9] OU
|rated|
|rule|HP Percentage Mod: HP is shown in percentages
|rule|Endless Battle Clause: Forcing endless battles is banned
|rule|Species Clause: Limit one of each Pokémon
|rule|OHKO Clause: OHKO moves are banned
|rule|Evasion Items Clause: Evasion items are banned
|rule|Evasion Moves Clause: Evasion moves are banned
|rule|Evasion Abilities Clause: Evasion abilities are banned
|rule|Sleep Moves Clause: Sleep-inducing moves are banned
|clearpoke
|poke|p1|Iron Moth|
|poke|p1|Kingambit, M|
|poke|p1|Dragonite, F|
|poke|p1|Ogerpon-Cornerstone, F|
|poke|p1|Iron Valiant|
|poke|p1|Raging Bolt|
|poke|p2|Indeedee, M|
|poke|p2|Deoxys-Speed|
|poke|p2|Great Tusk|
|poke|p2|Polteageist|
|poke|p2|Delphox, M|
|poke|p2|Hawlucha, F|
|teampreview
|
|t:|1760799419
|teamsize|p1|6
|teamsize|p2|6
|start
|switch|p1a: Dragonite|Dragonite, F|100/100
|switch|p2a: Indeedee|Indeedee, M|100/100
|-fieldstart|move: Psychic Terrain|[from] ability: Psychic Surge|[of] p2a: Indeedee
|turn|1
|
|t:|1760799434
|move|p1a: Dragonite|Dragon Dance|p1a: Dragonite
|-boost|p1a: Dragonite|atk|1
|-boost|p1a: Dragonite|spe|1
|move|p2a: Indeedee|Expanding Force|p1a: Dragonite
|-damage|p1a: Dragonite|73/100
|
|upkeep
|turn|2
|
|t:|1760799442
|move|p1a: Dragonite|Earthquake|p2a: Indeedee
|-damage|p2a: Indeedee|39/100
|move|p2a: Indeedee|Encore|p1a: Dragonite
|-start|p1a: Dragonite|Encore
|
|upkeep
|turn|3
|
|t:|1760799453
|switch|p1a: Ogerpon|Ogerpon-Cornerstone, F|100/100
|switch|p2a: Hawlucha|Hawlucha, F|100/100
|-enditem|p2a: Hawlucha|Psychic Seed
|-boost|p2a: Hawlucha|spd|1|[from] item: Psychic Seed
|
|upkeep
|turn|4
|
|t:|1760799461
|move|p2a: Hawlucha|Acrobatics|p1a: Ogerpon
|-damage|p1a: Ogerpon|32/100
|move|p1a: Ogerpon|Ivy Cudgel|p2a: Hawlucha|[anim] Ivy Cudgel Rock
|-damage|p2a: Hawlucha|16/100
|
|upkeep
|turn|5
|
|t:|1760799470
|move|p2a: Hawlucha|Acrobatics|p1a: Ogerpon
|-damage|p1a: Ogerpon|0 fnt
|faint|p1a: Ogerpon
|
|upkeep
|
|t:|1760799478
|switch|p1a: Raging Bolt|Raging Bolt|100/100
|-enditem|p1a: Raging Bolt|Booster Energy
|-activate|p1a: Raging Bolt|ability: Protosynthesis|[fromitem]
|-start|p1a: Raging Bolt|protosynthesisspa
|turn|6
|
|t:|1760799483
|move|p2a: Hawlucha|Close Combat|p1a: Raging Bolt
|-damage|p1a: Raging Bolt|48/100
|-unboost|p2a: Hawlucha|def|1
|-unboost|p2a: Hawlucha|spd|1
|move|p1a: Raging Bolt|Thunderbolt|p2a: Hawlucha
|-supereffective|p2a: Hawlucha
|-damage|p2a: Hawlucha|0 fnt
|faint|p2a: Hawlucha
|
|upkeep
|
|t:|1760799492
|switch|p2a: Great Tusk|Great Tusk|100/100
|-enditem|p2a: Great Tusk|Psychic Seed
|-boost|p2a: Great Tusk|spd|1|[from] item: Psychic Seed
|turn|7
|
|t:|1760799500
|move|p2a: Great Tusk|Headlong Rush|p1a: Raging Bolt
|-supereffective|p1a: Raging Bolt
|-damage|p1a: Raging Bolt|0 fnt
|-unboost|p2a: Great Tusk|def|1
|-unboost|p2a: Great Tusk|spd|1
|faint|p1a: Raging Bolt
|-end|p1a: Raging Bolt|Protosynthesis|[silent]
|
|upkeep
|
|t:|1760799518
|switch|p1a: Iron Moth|Iron Moth|100/100
|-enditem|p1a: Iron Moth|Booster Energy
|-activate|p1a: Iron Moth|ability: Quark Drive|[fromitem]
|-start|p1a: Iron Moth|quarkdrivespe
|turn|8
|
|t:|1760799526
|-terastallize|p1a: Iron Moth|Grass
|move|p1a: Iron Moth|Energy Ball|p2a: Great Tusk
|-supereffective|p2a: Great Tusk
|-damage|p2a: Great Tusk|0 fnt
|faint|p2a: Great Tusk
|-end|p2a: Great Tusk|Protosynthesis|[silent]
|
|-fieldend|move: Psychic Terrain
|upkeep
|
|t:|1760799547
|switch|p2a: Indeedee|Indeedee, M|39/100
|-fieldstart|move: Psychic Terrain|[from] ability: Psychic Surge|[of] p2a: Indeedee
|turn|9
|
|t:|1760799552
|switch|p2a: Delphox|Delphox, M|100/100
|-enditem|p2a: Delphox|Psychic Seed
|-boost|p2a: Delphox|spd|1|[from] item: Psychic Seed
|move|p1a: Iron Moth|Fiery Dance|p2a: Delphox
|-resisted|p2a: Delphox
|-damage|p2a: Delphox|86/100
|
|upkeep
|turn|10
|
|t:|1760799569
|move|p1a: Iron Moth|Sludge Wave|p2a: Delphox
|-damage|p2a: Delphox|46/100
|move|p2a: Delphox|Agility|p2a: Delphox
|-boost|p2a: Delphox|spe|2
|
|upkeep
|turn|11
|
|t:|1760799577
|move|p2a: Delphox|Nasty Plot|p2a: Delphox
|-boost|p2a: Delphox|spa|2
|move|p1a: Iron Moth|Sludge Wave|p2a: Delphox
|-damage|p2a: Delphox|10/100
|
|upkeep
|turn|12
|
|t:|1760799587
|move|p2a: Delphox|Expanding Force|p1a: Iron Moth
|-damage|p1a: Iron Moth|0 fnt
|faint|p1a: Iron Moth
|-end|p1a: Iron Moth|Quark Drive|[silent]
|
|upkeep
|
|t:|1760799594
|switch|p1a: Dragonite|Dragonite, F|73/100
|turn|13
|
|t:|1760799598
|move|p2a: Delphox|Expanding Force|p1a: Dragonite
|-damage|p1a: Dragonite|0 fnt
|faint|p1a: Dragonite
|
|upkeep
|
|t:|1760799607
|switch|p1a: Kingambit|Kingambit, M|100/100
|-activate|p1a: Kingambit|ability: Supreme Overlord
|-start|p1a: Kingambit|fallen4|[silent]
|turn|14
|
|t:|1760799612
|move|p2a: Delphox|Fire Blast|p1a: Kingambit
|-supereffective|p1a: Kingambit
|-damage|p1a: Kingambit|0 fnt
|faint|p1a: Kingambit
|-end|p1a: Kingambit|fallen4|[silent]
|
|upkeep
|c|☆sac de lait|gg
|l|☆sac de lait
|player|p1|
|c|☆Chillmaxxer|gg
|inactive|Battle timer is ON: inactive players will automatically lose when time's up. (requested by Chillmaxxer)
|inactive|sac de lait has 30 seconds to reconnect!
|inactive|sac de lait has 20 seconds to reconnect!
|inactive|sac de lait has 15 seconds to reconnect!
|inactive|sac de lait has 10 seconds to reconnect!
|inactive|sac de lait has 5 seconds to reconnect!
|-message|sac de lait lost due to inactivity.
|
|win|Chillmaxxer
|raw|sac de lait's rating: 1324 &rarr; <strong>1304</strong><br />(-20 for losing)
|raw|Chillmaxxer's rating: 1318 &rarr; <strong>1338</strong><br />(+20 for winning)
