|j|☆Luan1726
|j|☆365partyguy
|t:|1760761340
|gametype|singles
|player|p1|Luan1726|102|1177
|player|p2|365partyguy|pokemaniac|1083
|gen|9
|tier|[Gen 9] OU
|rated|
|rule|HP Percentage Mod: HP is shown in percentages
|rule|Endless Battle Clause: Forcing endless battles is banned
|rule|Species Clause: Limit one of each Pokémon
|rule|OHKO Clause: OHKO moves are banned
|rule|Evasion Items Clause: Evasion items are banned
|rule|Evasion Moves Clause: Evasion moves are banned
|rule|Evasion Abilities Clause: Evasion abilities are banned
|rule|Sleep Moves Clause: Sleep-inducing moves are banned
|clearpoke
|poke|p1|Kingambit, F|
|poke|p1|Chandelure, M|
|poke|p1|Scizor, M|
|poke|p1|Toxapex, M|
|poke|p1|Iron Valiant|
|poke|p1|Moltres|
|poke|p2|Slowbro, F|
|poke|p2|Dragapult, F|
|poke|p2|Gliscor, F|
|poke|p2|Weezing-Galar, M|
|poke|p2|Weavile, F|
|poke|p2|Garganacl, M|
|teampreview
|
|t:|1760761362
|teamsize|p1|6
|teamsize|p2|6
|start
|switch|p1a: Chandelure|Chandelure, M|100/100
|switch|p2a: Slowbro|Slowbro, F|100/100
|turn|1
|
|t:|1760761367
|-terastallize|p1a: Chandelure|Ghost
|move|p1a: Chandelure|Shadow Ball|p2a: Slowbro
|-supereffective|p2a: Slowbro
|-damage|p2a: Slowbro|0 fnt
|faint|p2a: Slowbro
|-damage|p1a: Chandelure|91/100|[from] item: Life Orb
|
|upkeep
|
|t:|1760761375
|switch|p2a: Weavile|Weavile, F|100/100
|-ability|p2a: Weavile|Pressure
|turn|2
|
|t:|1760761388
|move|p2a: Weavile|Knock Off|p1a: Chandelure
|-supereffective|p1a: Chandelure
|-damage|p1a: Chandelure|0 fnt
|-enditem|p1a: Chandelure|Life Orb|[from] move: Knock Off|[of] p2a: Weavile
|faint|p1a: Chandelure
|
|upkeep
|
|t:|1760761395
|switch|p1a: Scizor|Scizor, M|100/100
|turn|3
|inactive|Battle timer is ON: inactive players will automatically lose when time's up. (requested by Luan1726)
|
|t:|1760761403
|switch|p2a: Garganacl|Garganacl, M|100/100
|move|p1a: Scizor|Bullet Punch|p2a: Garganacl
|-supereffective|p2a: Garganacl
|-damage|p2a: Garganacl|70/100
|-damage|p1a: Scizor|91/100|[from] item: Life Orb
|
|-heal|p2a: Garganacl|76/100|[from] item: Leftovers
|upkeep
|turn|4
|
|t:|1760761412
|-terastallize|p2a: Garganacl|Water
|move|p1a: Scizor|Close Combat|p2a: Garganacl
|-damage|p2a: Garganacl|47/100
|-unboost|p1a: Scizor|def|1
|-unboost|p1a: Scizor|spd|1
|-damage|p1a: Scizor|81/100|[from] item: Life Orb
|move|p2a: Garganacl|Salt Cure|p1a: Scizor
|-damage|p1a: Scizor|59/100
|-start|p1a: Scizor|Salt Cure
|
|-heal|p2a: Garganacl|53/100|[from] item: Leftovers
|-damage|p1a: Scizor|35/100|[from] Salt Cure
|upkeep
|turn|5
|
|t:|1760761429
|switch|p1a: Iron Valiant|Iron Valiant|100/100
|-enditem|p1a: Iron Valiant|Booster Energy
|-activate|p1a: Iron Valiant|ability: Quark Drive|[fromitem]
|-start|p1a: Iron Valiant|quarkdrivespe
|move|p2a: Garganacl|Stealth Rock|p1a: Iron Valiant
|-sidestart|p1: Luan1726|move: Stealth Rock
|
|-heal|p2a: Garganacl|59/100|[from] item: Leftovers
|upkeep
|turn|6
|
|t:|1760761442
|move|p1a: Iron Valiant|Swords Dance|p1a: Iron Valiant
|-boost|p1a: Iron Valiant|atk|2
|move|p2a: Garganacl|Recover|p2a: Garganacl
|-heal|p2a: Garganacl|100/100
|
|upkeep
|turn|7
|
|t:|1760761448
|move|p1a: Iron Valiant|Knock Off|p2a: Garganacl
|-damage|p2a: Garganacl|64/100
|-enditem|p2a: Garganacl|Leftovers|[from] move: Knock Off|[of] p1a: Iron Valiant
|move|p2a: Garganacl|Earthquake|p1a: Iron Valiant
|-damage|p1a: Iron Valiant|69/100
|
|upkeep
|turn|8
|
|t:|1760761460
|move|p1a: Iron Valiant|Close Combat|p2a: Garganacl
|-damage|p2a: Garganacl|6/100
|-unboost|p1a: Iron Valiant|def|1
|-unboost|p1a: Iron Valiant|spd|1
|move|p2a: Garganacl|Salt Cure|p1a: Iron Valiant
|-resisted|p1a: Iron Valiant
|-damage|p1a: Iron Valiant|55/100
|-start|p1a: Iron Valiant|Salt Cure
|
|-damage|p1a: Iron Valiant|43/100|[from] Salt Cure
|upkeep
|turn|9
|
|t:|1760761470
|move|p1a: Iron Valiant|Knock Off|p2a: Garganacl
|-damage|p2a: Garganacl|0 fnt
|faint|p2a: Garganacl
|
|-damage|p1a: Iron Valiant|30/100|[from] Salt Cure
|upkeep
|
|t:|1760761483
|switch|p2a: Weezing|Weezing-Galar, M|100/100
|-ability|p2a: Weezing|Neutralizing Gas
|turn|10
|
|t:|1760761500
|move|p1a: Iron Valiant|Knock Off|p2a: Weezing
|-resisted|p2a: Weezing
|-damage|p2a: Weezing|79/100
|-enditem|p2a: Weezing|Heavy-Duty Boots|[from] move: Knock Off|[of] p1a: Iron Valiant
|move|p2a: Weezing|Strange Steam|p1a: Iron Valiant
|-supereffective|p1a: Iron Valiant
|-damage|p1a: Iron Valiant|0 fnt
|faint|p1a: Iron Valiant
|-end|p1a: Iron Valiant|Quark Drive|[silent]
|
|upkeep
|
|t:|1760761509
|switch|p1a: Scizor|Scizor, M|35/100
|-damage|p1a: Scizor|22/100|[from] Stealth Rock
|turn|11
|
|t:|1760761514
|-end|p2a: Weezing|ability: Neutralizing Gas
|switch|p2a: Gliscor|Gliscor, F|100/100
|move|p1a: Scizor|Bullet Punch|p2a: Gliscor
|-damage|p2a: Gliscor|72/100
|-damage|p1a: Scizor|12/100|[from] item: Life Orb
|
|-status|p2a: Gliscor|tox|[from] item: Toxic Orb
|upkeep
|turn|12
|
|t:|1760761525
|switch|p1a: Toxapex|Toxapex, M|100/100
|-damage|p1a: Toxapex|88/100|[from] Stealth Rock
|move|p2a: Gliscor|Earthquake|p1a: Toxapex
|-supereffective|p1a: Toxapex
|-damage|p1a: Toxapex|36/100
|
|-heal|p1a: Toxapex|42/100|[from] item: Black Sludge
|-heal|p2a: Gliscor|85/100 tox|[from] ability: Poison Heal
|upkeep
|turn|13
|
|t:|1760761536
|move|p2a: Gliscor|Protect|p2a: Gliscor
|-singleturn|p2a: Gliscor|Protect
|move|p1a: Toxapex|Baneful Bunker||[still]
|-fail|p1a: Toxapex
|
|-heal|p1a: Toxapex|49/100|[from] item: Black Sludge
|-heal|p2a: Gliscor|97/100 tox|[from] ability: Poison Heal
|upkeep
|turn|14
|
|t:|1760761540
|switch|p1a: Moltres|Moltres|100/100
|-damage|p1a: Moltres|51/100|[from] Stealth Rock
|move|p2a: Gliscor|Earthquake|p1a: Moltres
|-immune|p1a: Moltres
|
|-heal|p2a: Gliscor|100/100 tox|[from] ability: Poison Heal
|upkeep
|turn|15
|
|t:|1760761552
|move|p2a: Gliscor|Facade|p1a: Moltres
|-damage|p1a: Moltres|3/100
|move|p1a: Moltres|Hurricane|p2a: Gliscor
|-damage|p2a: Gliscor|0 fnt
|faint|p2a: Gliscor
|-damage|p1a: Moltres|0 fnt|[from] item: Life Orb
|faint|p1a: Moltres
|
|upkeep
|
|t:|1760761564
|switch|p2a: Weavile|Weavile, F|100/100
|switch|p1a: Scizor|Scizor, M|12/100
|-ability|p2a: Weavile|Pressure
|-damage|p1a: Scizor|0 fnt|[from] Stealth Rock
|faint|p1a: Scizor
|
|t:|1760761569
|switch|p1a: Toxapex|Toxapex, M|49/100
|-damage|p1a: Toxapex|36/100|[from] Stealth Rock
|turn|16
|
|t:|1760761581
|move|p1a: Toxapex|Baneful Bunker|p1a: Toxapex
|-singleturn|p1a: Toxapex|move: Protect
|move|p2a: Weavile|Knock Off|p1a: Toxapex
|-activate|p1a: Toxapex|move: Protect
|-status|p2a: Weavile|psn
|
|-heal|p1a: Toxapex|42/100|[from] item: Black Sludge
|-damage|p2a: Weavile|88/100 psn|[from] psn
|upkeep
|turn|17
|
|t:|1760761593
|move|p2a: Weavile|Knock Off|p1a: Toxapex
|-damage|p1a: Toxapex|13/100
|-enditem|p1a: Toxapex|Black Sludge|[from] move: Knock Off|[of] p2a: Weavile
|move|p1a: Toxapex|Recover|p1a: Toxapex
|-heal|p1a: Toxapex|63/100
|
|-damage|p2a: Weavile|76/100 psn|[from] psn
|upkeep
|turn|18
|
|t:|1760761600
|switch|p2a: Weezing|Weezing-Galar, M|79/100
|-ability|p2a: Weezing|Neutralizing Gas
|move|p1a: Toxapex|Baneful Bunker||[still]
|-fail|p1a: Toxapex
|
|upkeep
|turn|19
|
|t:|1760761611
|move|p2a: Weezing|Sludge Bomb|p1a: Toxapex
|-resisted|p1a: Toxapex
|-damage|p1a: Toxapex|52/100
|move|p1a: Toxapex|Toxic|p2a: Weezing
|-immune|p2a: Weezing
|
|upkeep
|turn|20
|
|t:|1760761620
|move|p2a: Weezing|Sludge Bomb|p1a: Toxapex
|-resisted|p1a: Toxapex
|-damage|p1a: Toxapex|41/100
|move|p1a: Toxapex|Recover|p1a: Toxapex
|-heal|p1a: Toxapex|91/100
|
|upkeep
|turn|21
|
|t:|1760761625
|switch|p1a: Kingambit|Kingambit, F|100/100
|-damage|p1a: Kingambit|94/100|[from] Stealth Rock
|-item|p1a: Kingambit|Air Balloon
|move|p2a: Weezing|Sludge Bomb|p1a: Kingambit
|-immune|p1a: Kingambit
|
|upkeep
|turn|22
|
|t:|1760761639
|move|p2a: Weezing|Strange Steam|p1a: Kingambit
|-damage|p1a: Kingambit|67/100
|-start|p1a: Kingambit|confusion
|-enditem|p1a: Kingambit|Air Balloon
|-activate|p1a: Kingambit|confusion
|move|p1a: Kingambit|Iron Head|p2a: Weezing
|-supereffective|p2a: Weezing
|-damage|p2a: Weezing|20/100
|
|upkeep
|turn|23
|
|t:|1760761648
|-end|p1a: Kingambit|confusion
|move|p1a: Kingambit|Sucker Punch|p2a: Weezing
|-resisted|p2a: Weezing
|-damage|p2a: Weezing|5/100
|move|p2a: Weezing|Strange Steam|p1a: Kingambit
|-damage|p1a: Kingambit|38/100
|
|upkeep
|turn|24
|
|t:|1760761659
|move|p1a: Kingambit|Sucker Punch|p2a: Weezing
|-resisted|p2a: Weezing
|-damage|p2a: Weezing|0 fnt
|faint|p2a: Weezing
|-end|p2a: Weezing|ability: Neutralizing Gas
|-activate|p1a: Kingambit|ability: Supreme Overlord
|-start|p1a: Kingambit|fallen4|[silent]
|
|upkeep
|
|t:|1760761663
|switch|p2a: Weavile|Weavile, F|76/100 psn
|-ability|p2a: Weavile|Pressure
|turn|25
|
|t:|1760761668
|move|p1a: Kingambit|Sucker Punch|p2a: Weavile
|-resisted|p2a: Weavile
|-damage|p2a: Weavile|30/100 psn
|move|p2a: Weavile|Low Kick|p1a: Kingambit
|-supereffective|p1a: Kingambit
|-damage|p1a: Kingambit|0 fnt
|faint|p1a: Kingambit
|-end|p1a: Kingambit|fallen4|[silent]
|
|-damage|p2a: Weavile|17/100 psn|[from] psn
|upkeep
|
|t:|1760761670
|switch|p1a: Toxapex|Toxapex, M|91/100
|-damage|p1a: Toxapex|78/100|[from] Stealth Rock
|turn|26
|
|t:|1760761679
|move|p1a: Toxapex|Baneful Bunker|p1a: Toxapex
|-singleturn|p1a: Toxapex|move: Protect
|move|p2a: Weavile|Triple Axel|p1a: Toxapex
|-activate|p1a: Toxapex|move: Protect
|
|-damage|p2a: Weavile|5/100 psn|[from] psn
|upkeep
|turn|27
|
|t:|1760761687
|move|p2a: Weavile|Triple Axel|p1a: Toxapex
|-resisted|p1a: Toxapex
|-damage|p1a: Toxapex|75/100
|-resisted|p1a: Toxapex
|-damage|p1a: Toxapex|69/100
|-resisted|p1a: Toxapex
|-damage|p1a: Toxapex|60/100
|-hitcount|p1a: Toxapex|3
|move|p1a: Toxapex|Recover|p1a: Toxapex
|-heal|p1a: Toxapex|100/100
|
|-damage|p2a: Weavile|0 fnt|[from] psn
|faint|p2a: Weavile
|upkeep
|
|t:|1760761695
|switch|p2a: Dragapult|Dragapult, F|100/100
|turn|28
|
|t:|1760761698
|move|p1a: Toxapex|Baneful Bunker|p1a: Toxapex
|-singleturn|p1a: Toxapex|move: Protect
|move|p2a: Dragapult|Thunderbolt|p1a: Toxapex
|-activate|p1a: Toxapex|move: Protect
|
|upkeep
|turn|29
|
|t:|1760761704
|move|p2a: Dragapult|Thunderbolt|p1a: Toxapex
|-supereffective|p1a: Toxapex
|-damage|p1a: Toxapex|32/100
|move|p1a: Toxapex|Toxic|p2a: Dragapult
|-status|p2a: Dragapult|tox
|
|-damage|p2a: Dragapult|95/100 tox|[from] psn
|upkeep
|turn|30
|
|t:|1760761709
|move|p1a: Toxapex|Baneful Bunker|p1a: Toxapex
|-singleturn|p1a: Toxapex|move: Protect
|move|p2a: Dragapult|Thunderbolt|p1a: Toxapex
|-activate|p1a: Toxapex|move: Protect
|
|-damage|p2a: Dragapult|83/100 tox|[from] psn
|upkeep
|turn|31
|
|t:|1760761711
|move|p2a: Dragapult|Thunderbolt|p1a: Toxapex
|-supereffective|p1a: Toxapex
|-damage|p1a: Toxapex|0 fnt
|faint|p1a: Toxapex
|
|win|365partyguy
|raw|Luan1726's rating: 1177 &rarr; <strong>1145</strong><br />(-32 for losing)
|raw|365partyguy's rating: 1083 &rarr; <strong>1118</strong><br />(+35 for winning)
|l|☆Luan1726
|player|p1|
|l|☆365partyguy
|player|p2|
