|j|☆namphong2013
|j|☆zxrkawa
|t:|1760866344
|gametype|singles
|player|p1|namphong2013|hilda|1190
|player|p2|zxrkawa|elesa|1173
|gen|9
|tier|[Gen 9] OU
|rated|
|rule|HP Percentage Mod: HP is shown in percentages
|rule|Endless Battle Clause: Forcing endless battles is banned
|rule|Species Clause: Limit one of each Pokémon
|rule|OHKO Clause: OHKO moves are banned
|rule|Evasion Items Clause: Evasion items are banned
|rule|Evasion Moves Clause: Evasion moves are banned
|rule|Evasion Abilities Clause: Evasion abilities are banned
|rule|Sleep Moves Clause: Sleep-inducing moves are banned
|clearpoke
|poke|p1|Dragalge, M|
|poke|p1|Scrafty, F|
|poke|p1|Feraligatr, M|
|poke|p1|Delphox, F|
|poke|p1|Dragonite, M|
|poke|p1|Excadrill, M|
|poke|p2|Walking Wake|
|poke|p2|Torkoal, M|
|poke|p2|Scovillain, M|
|poke|p2|Hatterene, F|
|poke|p2|Great Tusk|
|poke|p2|Clodsire, F|
|teampreview
|inactive|Battle timer is ON: inactive players will automatically lose when time's up. (requested by zxrkawa)
|
|t:|1760866354
|teamsize|p1|6
|teamsize|p2|6
|start
|switch|p1a: Dragalge|Dragalge, M|100/100
|switch|p2a: Torkoal|Torkoal, M|100/100
|-weather|SunnyDay|[from] ability: Drought|[of] p2a: Torkoal
|turn|1
|
|t:|1760866358
|move|p1a: Dragalge|Draco Meteor|p2a: Torkoal
|-damage|p2a: Torkoal|8/100
|-unboost|p1a: Dragalge|spa|2
|move|p2a: Torkoal|Stealth Rock|p1a: Dragalge
|-sidestart|p1: namphong2013|move: Stealth Rock
|
|-weather|SunnyDay|[upkeep]
|upkeep
|turn|2
|
|t:|1760866367
|switch|p2a: Clodsire|Clodsire, F|100/100
|move|p1a: Dragalge|Sludge Wave|p2a: Clodsire
|-resisted|p2a: Clodsire
|-damage|p2a: Clodsire|93/100
|
|-weather|SunnyDay|[upkeep]
|-heal|p2a: Clodsire|99/100|[from] item: Leftovers
|upkeep
|turn|3
|
|t:|1760866376
|move|p1a: Dragalge|Scald|p2a: Clodsire
|-supereffective|p2a: Clodsire
|-damage|p2a: Clodsire|85/100
|-status|p2a: Clodsire|brn
|move|p2a: Clodsire|Spikes|p1a: Dragalge
|-sidestart|p1: namphong2013|Spikes
|
|-weather|SunnyDay|[upkeep]
|-heal|p2a: Clodsire|91/100 brn|[from] item: Leftovers
|-damage|p2a: Clodsire|85/100 brn|[from] brn
|upkeep
|turn|4
|
|t:|1760866386
|switch|p1a: Excadrill|Excadrill, M|100/100
|-ability|p1a: Excadrill|Mold Breaker
|move|p2a: Clodsire|Earthquake|p1a: Excadrill
|-supereffective|p1a: Excadrill
|-damage|p1a: Excadrill|61/100
|
|-weather|SunnyDay|[upkeep]
|-heal|p2a: Clodsire|91/100 brn|[from] item: Leftovers
|-damage|p2a: Clodsire|85/100 brn|[from] brn
|upkeep
|turn|5
|
|t:|1760866399
|switch|p2a: Walking Wake|Walking Wake|100/100
|-activate|p2a: Walking Wake|ability: Protosynthesis
|-start|p2a: Walking Wake|protosynthesisspe
|move|p1a: Excadrill|Rapid Spin|p2a: Walking Wake
|-damage|p2a: Walking Wake|82/100
|-boost|p1a: Excadrill|spe|1
|-sideend|p1: namphong2013|Spikes|[from] move: Rapid Spin|[of] p1a: Excadrill
|-sideend|p1: namphong2013|Stealth Rock|[from] move: Rapid Spin|[of] p1a: Excadrill
|
|-weather|SunnyDay|[upkeep]
|upkeep
|turn|6
|
|t:|1760866412
|switch|p1a: Dragalge|Dragalge, M|100/100
|move|p2a: Walking Wake|Hydro Steam|p1a: Dragalge
|-resisted|p1a: Dragalge
|-damage|p1a: Dragalge|61/100
|
|-weather|SunnyDay|[upkeep]
|-heal|p1a: Dragalge|67/100|[from] item: Leftovers
|upkeep
|turn|7
|
|t:|1760866418
|-end|p2a: Walking Wake|Protosynthesis|[silent]
|switch|p2a: Clodsire|Clodsire, F|85/100 brn
|move|p1a: Dragalge|Draco Meteor|p2a: Clodsire
|-damage|p2a: Clodsire|42/100 brn
|-unboost|p1a: Dragalge|spa|2
|
|-weather|SunnyDay|[upkeep]
|-heal|p1a: Dragalge|73/100|[from] item: Leftovers
|-heal|p2a: Clodsire|48/100 brn|[from] item: Leftovers
|-damage|p2a: Clodsire|42/100 brn|[from] brn
|upkeep
|turn|8
|
|t:|1760866426
|switch|p1a: Feraligatr|Feraligatr, M|100/100
|move|p2a: Clodsire|Recover|p2a: Clodsire
|-heal|p2a: Clodsire|92/100 brn
|
|-weather|none
|-heal|p2a: Clodsire|98/100 brn|[from] item: Leftovers
|-damage|p2a: Clodsire|92/100 brn|[from] brn
|upkeep
|turn|9
|inactive|zxrkawa has 120 seconds left.
|
|t:|1760866478
|switch|p2a: Great Tusk|Great Tusk|100/100
|move|p1a: Feraligatr|Dragon Dance|p1a: Feraligatr
|-boost|p1a: Feraligatr|atk|1
|-boost|p1a: Feraligatr|spe|1
|
|upkeep
|turn|10
|
|t:|1760866490
|-terastallize|p2a: Great Tusk|Steel
|move|p1a: Feraligatr|Liquidation|p2a: Great Tusk
|-damage|p2a: Great Tusk|50/100
|move|p2a: Great Tusk|Earthquake|p1a: Feraligatr
|-damage|p1a: Feraligatr|56/100
|
|-heal|p2a: Great Tusk|56/100|[from] item: Leftovers
|upkeep
|turn|11
|
|t:|1760866499
|move|p1a: Feraligatr|Earthquake|p2a: Great Tusk
|-supereffective|p2a: Great Tusk
|-damage|p2a: Great Tusk|0 fnt
|faint|p2a: Great Tusk
|-end|p2a: Great Tusk|Protosynthesis|[silent]
|-damage|p1a: Feraligatr|46/100|[from] item: Life Orb
|
|upkeep
|
|t:|1760866506
|switch|p2a: Walking Wake|Walking Wake|82/100
|turn|12
|
|t:|1760866514
|move|p1a: Feraligatr|Ice Punch|p2a: Walking Wake
|-damage|p2a: Walking Wake|16/100
|move|p2a: Walking Wake|Draco Meteor|p1a: Feraligatr
|-damage|p1a: Feraligatr|0 fnt
|-unboost|p2a: Walking Wake|spa|2
|faint|p1a: Feraligatr
|
|upkeep
|
|t:|1760866526
|switch|p1a: Scrafty|Scrafty, F|100/100
|turn|13
|inactive|zxrkawa has 120 seconds left.
|
|t:|1760866536
|-end|p2a: Walking Wake|Protosynthesis|[silent]
|switch|p2a: Hatterene|Hatterene, F|100/100
|move|p1a: Scrafty|Dragon Dance|p1a: Scrafty
|-boost|p1a: Scrafty|atk|1
|-boost|p1a: Scrafty|spe|1
|
|upkeep
|turn|14
|
|t:|1760866543
|-terastallize|p1a: Scrafty|Poison
|move|p1a: Scrafty|Poison Jab|p2a: Hatterene
|-supereffective|p2a: Hatterene
|-damage|p2a: Hatterene|0 fnt
|faint|p2a: Hatterene
|-ability|p1a: Scrafty|Moxie|boost
|-boost|p1a: Scrafty|atk|1
|
|upkeep
|
|t:|1760866549
|switch|p2a: Torkoal|Torkoal, M|8/100
|-weather|SunnyDay|[from] ability: Drought|[of] p2a: Torkoal
|turn|15
|
|t:|1760866552
|move|p1a: Scrafty|Knock Off|p2a: Torkoal
|-damage|p2a: Torkoal|0 fnt
|-enditem|p2a: Torkoal|Heat Rock|[from] move: Knock Off|[of] p1a: Scrafty
|faint|p2a: Torkoal
|-ability|p1a: Scrafty|Moxie|boost
|-boost|p1a: Scrafty|atk|1
|
|-weather|SunnyDay|[upkeep]
|upkeep
|
|t:|1760866556
|switch|p2a: Walking Wake|Walking Wake|16/100
|-activate|p2a: Walking Wake|ability: Protosynthesis
|-start|p2a: Walking Wake|protosynthesisspe
|turn|16
|
|t:|1760866565
|move|p2a: Walking Wake|Hydro Steam|p1a: Scrafty
|-damage|p1a: Scrafty|0 fnt
|faint|p1a: Scrafty
|
|-weather|SunnyDay|[upkeep]
|upkeep
|
|t:|1760866569
|switch|p1a: Dragonite|Dragonite, M|100/100
|turn|17
|
|t:|1760866574
|-end|p2a: Walking Wake|Protosynthesis|[silent]
|switch|p2a: Clodsire|Clodsire, F|92/100 brn
|move|p1a: Dragonite|Extreme Speed|p2a: Clodsire
|-damage|p2a: Clodsire|43/100 brn
|
|-weather|SunnyDay|[upkeep]
|-heal|p2a: Clodsire|49/100 brn|[from] item: Leftovers
|-damage|p2a: Clodsire|43/100 brn|[from] brn
|upkeep
|turn|18
|
|t:|1760866579
|move|p1a: Dragonite|Extreme Speed|p2a: Clodsire
|-damage|p2a: Clodsire|0 fnt
|faint|p2a: Clodsire
|
|-weather|SunnyDay|[upkeep]
|upkeep
|
|t:|1760866585
|switch|p2a: Scovillain|Scovillain, M|100/100
|turn|19
|
|t:|1760866588
|move|p1a: Dragonite|Extreme Speed|p2a: Scovillain
|-damage|p2a: Scovillain|24/100
|move|p2a: Scovillain|Growth|p2a: Scovillain
|-boost|p2a: Scovillain|atk|2
|-boost|p2a: Scovillain|spa|2
|
|-weather|SunnyDay|[upkeep]
|upkeep
|turn|20
|
|t:|1760866593
|move|p1a: Dragonite|Extreme Speed|p2a: Scovillain
|-damage|p2a: Scovillain|0 fnt
|faint|p2a: Scovillain
|
|-weather|SunnyDay|[upkeep]
|upkeep
|-message|zxrkawa forfeited.
|
|win|namphong2013
|raw|namphong2013's rating: 1190 &rarr; <strong>1214</strong><br />(+24 for winning)
|raw|zxrkawa's rating: 1173 &rarr; <strong>1149</strong><br />(-24 for losing)
|l|☆zxrkawa
|player|p2|
|l|☆namphong2013
|player|p1|
