|j|☆uwontwinprobably
|j|☆Forever1507
|t:|1760748493
|gametype|singles
|player|p1|uwontwinprobably|acetrainer-gen4dp|1528
|player|p2|Forever1507|youngster-gen4dp|1674
|gen|9
|tier|[Gen 9] OU
|rated|
|rule|HP Percentage Mod: HP is shown in percentages
|rule|Endless Battle Clause: Forcing endless battles is banned
|rule|Species Clause: Limit one of each Pokémon
|rule|OHKO Clause: OHKO moves are banned
|rule|Evasion Items Clause: Evasion items are banned
|rule|Evasion Moves Clause: Evasion moves are banned
|rule|Evasion Abilities Clause: Evasion abilities are banned
|rule|Sleep Moves Clause: Sleep-inducing moves are banned
|clearpoke
|poke|p1|Enamorus, F|
|poke|p1|Ogerpon-Wellspring, F|
|poke|p1|Volcanion|
|poke|p1|Glastrier|
|poke|p1|Electivire, F|
|poke|p1|Iron Hands|
|poke|p2|Dragapult, M|
|poke|p2|Incineroar, F|
|poke|p2|Zapdos|
|poke|p2|Great Tusk|
|poke|p2|Slowking-Galar, M|
|poke|p2|Iron Valiant|
|teampreview
|inactive|Battle timer is ON: inactive players will automatically lose when time's up. (requested by Forever1507)
|
|t:|1760748514
|teamsize|p1|6
|teamsize|p2|6
|start
|switch|p1a: Enamorus|Enamorus, F|100/100
|switch|p2a: Incineroar|Incineroar, F|100/100
|-ability|p2a: Incineroar|Intimidate|boost
|-unboost|p1a: Enamorus|atk|1
|turn|1
|
|t:|1760748520
|move|p1a: Enamorus|Earth Power|p2a: Incineroar
|-supereffective|p2a: Incineroar
|-damage|p2a: Incineroar|26/100
|move|p2a: Incineroar|Knock Off|p1a: Enamorus
|-resisted|p1a: Enamorus
|-damage|p1a: Enamorus|70/100
|-enditem|p1a: Enamorus|Choice Specs|[from] move: Knock Off|[of] p2a: Incineroar
|
|upkeep
|turn|2
|
|t:|1760748525
|switch|p2a: Slowking|Slowking-Galar, M|100/100
|move|p1a: Enamorus|Moonblast|p2a: Slowking
|-resisted|p2a: Slowking
|-damage|p2a: Slowking|89/100
|-unboost|p2a: Slowking|spa|1
|
|upkeep
|turn|3
|
|t:|1760748529
|move|p1a: Enamorus|Mystical Fire|p2a: Slowking
|-damage|p2a: Slowking|75/100
|-unboost|p2a: Slowking|spa|1
|move|p2a: Slowking|Sludge Bomb|p1a: Enamorus
|-supereffective|p1a: Enamorus
|-damage|p1a: Enamorus|10/100
|-status|p1a: Enamorus|psn
|
|-damage|p1a: Enamorus|0 fnt|[from] psn
|faint|p1a: Enamorus
|upkeep
|
|t:|1760748542
|switch|p1a: Volcanion|Volcanion|100/100
|turn|4
|
|t:|1760748551
|switch|p2a: Dragapult|Dragapult, M|100/100
|move|p1a: Volcanion|Steam Eruption|p2a: Dragapult
|-resisted|p2a: Dragapult
|-damage|p2a: Dragapult|38/100
|
|upkeep
|turn|5
|
|t:|1760748559
|move|p2a: Dragapult|U-turn|p1a: Volcanion
|-resisted|p1a: Volcanion
|-damage|p1a: Volcanion|84/100
|
|t:|1760748561
|switch|p2a: Slowking|Slowking-Galar, M|100/100|[from] U-turn
|move|p1a: Volcanion|Steam Eruption|p2a: Slowking
|-damage|p2a: Slowking|54/100
|-status|p2a: Slowking|brn
|
|-damage|p2a: Slowking|48/100 brn|[from] brn
|upkeep
|turn|6
|
|t:|1760748564
|move|p1a: Volcanion|Steam Eruption|p2a: Slowking|[miss]
|-miss|p1a: Volcanion|p2a: Slowking
|move|p2a: Slowking|Sludge Bomb|p1a: Volcanion
|-damage|p1a: Volcanion|30/100
|
|-damage|p2a: Slowking|42/100 brn|[from] brn
|upkeep
|turn|7
|
|t:|1760748572
|move|p1a: Volcanion|Steam Eruption|p2a: Slowking
|-damage|p2a: Slowking|0 fnt
|faint|p2a: Slowking
|
|upkeep
|
|t:|1760748574
|switch|p2a: Dragapult|Dragapult, M|38/100
|turn|8
|
|t:|1760748600
|move|p2a: Dragapult|Dragon Darts|p1a: Volcanion
|-damage|p1a: Volcanion|0 fnt
|faint|p1a: Volcanion
|
|upkeep
|
|t:|1760748602
|switch|p1a: Glastrier|Glastrier|100/100
|turn|9
|
|t:|1760748611
|switch|p2a: Incineroar|Incineroar, F|26/100
|-ability|p2a: Incineroar|Intimidate|boost
|-unboost|p1a: Glastrier|atk|1
|move|p1a: Glastrier|High Horsepower|p2a: Incineroar
|-supereffective|p2a: Incineroar
|-damage|p2a: Incineroar|0 fnt
|faint|p2a: Incineroar
|-ability|p1a: Glastrier|Chilling Neigh|boost
|-boost|p1a: Glastrier|atk|1
|
|upkeep
|
|t:|1760748614
|switch|p2a: Great Tusk|Great Tusk|100/100
|turn|10
|
|t:|1760748621
|-terastallize|p1a: Glastrier|Fairy
|move|p2a: Great Tusk|Close Combat|p1a: Glastrier
|-resisted|p1a: Glastrier
|-damage|p1a: Glastrier|84/100
|-unboost|p2a: Great Tusk|def|1
|-unboost|p2a: Great Tusk|spd|1
|move|p1a: Glastrier|Tera Blast|p2a: Great Tusk|[anim] Tera Blast Fairy
|-supereffective|p2a: Great Tusk
|-damage|p2a: Great Tusk|13/100
|
|upkeep
|turn|11
|
|t:|1760748629
|move|p2a: Great Tusk|Headlong Rush|p1a: Glastrier
|-damage|p1a: Glastrier|52/100
|-unboost|p2a: Great Tusk|def|1
|-unboost|p2a: Great Tusk|spd|1
|move|p1a: Glastrier|Tera Blast|p2a: Great Tusk|[anim] Tera Blast Fairy
|-supereffective|p2a: Great Tusk
|-damage|p2a: Great Tusk|0 fnt
|faint|p2a: Great Tusk
|-end|p2a: Great Tusk|Protosynthesis|[silent]
|-ability|p1a: Glastrier|Chilling Neigh|boost
|-boost|p1a: Glastrier|atk|1
|
|upkeep
|
|t:|1760748633
|switch|p2a: Iron Valiant|Iron Valiant|100/100
|turn|12
|
|t:|1760748636
|-terastallize|p2a: Iron Valiant|Fairy
|move|p2a: Iron Valiant|Moonblast|p1a: Glastrier
|-damage|p1a: Glastrier|10/100
|-unboost|p1a: Glastrier|spa|1
|move|p1a: Glastrier|Tera Blast|p2a: Iron Valiant|[anim] Tera Blast Fairy
|-damage|p2a: Iron Valiant|30/100
|
|upkeep
|turn|13
|
|t:|1760748644
|move|p2a: Iron Valiant|Moonblast|p1a: Glastrier
|-crit|p1a: Glastrier
|-damage|p1a: Glastrier|0 fnt
|faint|p1a: Glastrier
|
|upkeep
|
|t:|1760748647
|switch|p1a: Electivire|Electivire, F|100/100
|turn|14
|
|t:|1760748665
|move|p2a: Iron Valiant|Moonblast|p1a: Electivire
|-damage|p1a: Electivire|28/100
|move|p1a: Electivire|Wild Charge|p2a: Iron Valiant
|-damage|p2a: Iron Valiant|0 fnt
|faint|p2a: Iron Valiant
|-end|p2a: Iron Valiant|Quark Drive|[silent]
|-damage|p1a: Electivire|22/100|[from] Recoil
|
|upkeep
|
|t:|1760748668
|switch|p2a: Dragapult|Dragapult, M|38/100
|turn|15
|inactive|uwontwinprobably has 120 seconds left.
|
|t:|1760748716
|move|p2a: Dragapult|Dragon Darts|p1a: Electivire
|-damage|p1a: Electivire|0 fnt
|faint|p1a: Electivire
|
|upkeep
|
|t:|1760748720
|switch|p1a: Iron Hands|Iron Hands|100/100
|turn|16
|
|t:|1760748726
|switch|p2a: Zapdos|Zapdos|100/100
|move|p1a: Iron Hands|Ice Punch|p2a: Zapdos
|-supereffective|p2a: Zapdos
|-damage|p2a: Zapdos|62/100
|
|upkeep
|turn|17
|
|t:|1760748733
|move|p2a: Zapdos|Roost|p2a: Zapdos
|-heal|p2a: Zapdos|100/100
|-singleturn|p2a: Zapdos|move: Roost
|move|p1a: Iron Hands|Ice Punch|p2a: Zapdos
|-damage|p2a: Zapdos|84/100
|
|upkeep
|turn|18
|
|t:|1760748738
|move|p2a: Zapdos|Hurricane|p1a: Iron Hands
|-damage|p1a: Iron Hands|74/100
|move|p1a: Iron Hands|Ice Punch|p2a: Zapdos
|-supereffective|p2a: Zapdos
|-damage|p2a: Zapdos|48/100
|
|upkeep
|turn|19
|
|t:|1760748745
|move|p2a: Zapdos|Hurricane|p1a: Iron Hands
|-crit|p1a: Iron Hands
|-damage|p1a: Iron Hands|33/100
|move|p1a: Iron Hands|Earthquake|p2a: Zapdos
|-immune|p2a: Zapdos
|
|upkeep
|turn|20
|
|t:|1760748755
|move|p2a: Zapdos|Roost|p2a: Zapdos
|-heal|p2a: Zapdos|98/100
|-singleturn|p2a: Zapdos|move: Roost
|move|p1a: Iron Hands|Supercell Slam|p2a: Zapdos
|-resisted|p2a: Zapdos
|-damage|p2a: Zapdos|80/100
|
|upkeep
|turn|21
|
|t:|1760748758
|move|p2a: Zapdos|Hurricane|p1a: Iron Hands
|-damage|p1a: Iron Hands|7/100
|move|p1a: Iron Hands|Ice Punch|p2a: Zapdos
|-supereffective|p2a: Zapdos
|-crit|p2a: Zapdos
|-damage|p2a: Zapdos|27/100
|
|upkeep
|turn|22
|
|t:|1760748763
|move|p2a: Zapdos|Heat Wave|p1a: Iron Hands
|-damage|p1a: Iron Hands|0 fnt
|faint|p1a: Iron Hands
|-end|p1a: Iron Hands|Quark Drive|[silent]
|
|upkeep
|
|t:|1760748765
|switch|p1a: Ogerpon|Ogerpon-Wellspring, F|100/100
|turn|23
|
|t:|1760748775
|move|p1a: Ogerpon|Ivy Cudgel|p2a: Zapdos|[anim] Ivy Cudgel Water
|-damage|p2a: Zapdos|0 fnt
|faint|p2a: Zapdos
|
|upkeep
|
|t:|1760748778
|switch|p2a: Dragapult|Dragapult, M|38/100
|turn|24
|
|t:|1760748784
|move|p2a: Dragapult|Dragon Darts|p1a: Ogerpon
|-damage|p1a: Ogerpon|50/100
|-anim|p2a: Dragapult|Dragon Darts|p1a: Ogerpon
|-damage|p1a: Ogerpon|4/100
|move|p1a: Ogerpon|Trailblaze|p2a: Dragapult
|-resisted|p2a: Dragapult
|-damage|p2a: Dragapult|17/100
|-boost|p1a: Ogerpon|spe|1
|
|upkeep
|turn|25
|c|☆uwontwinprobably|gg
|c|☆uwontwinprobably|wp
|c|☆Forever1507|gg
|
|t:|1760748793
|move|p1a: Ogerpon|Ivy Cudgel|p2a: Dragapult|[anim] Ivy Cudgel Water
|-resisted|p2a: Dragapult
|-crit|p2a: Dragapult
|-damage|p2a: Dragapult|0 fnt
|faint|p2a: Dragapult
|
|win|uwontwinprobably
|raw|uwontwinprobably's rating: 1528 &rarr; <strong>1556</strong><br />(+28 for winning)
|raw|Forever1507's rating: 1674 &rarr; <strong>1646</strong><br />(-28 for losing)
|l|☆Forever1507
|player|p2|
