|j|☆PokeMasterEN
|j|☆froslass2themoon
|t:|1760849572
|gametype|singles
|player|p1|PokeMasterEN|firebreather|1379
|player|p2|froslass2themoon|265|1377
|gen|9
|tier|[Gen 9] OU
|rated|
|rule|HP Percentage Mod: HP is shown in percentages
|rule|Endless Battle Clause: Forcing endless battles is banned
|rule|Species Clause: Limit one of each Pokémon
|rule|OHKO Clause: OHKO moves are banned
|rule|Evasion Items Clause: Evasion items are banned
|rule|Evasion Moves Clause: Evasion moves are banned
|rule|Evasion Abilities Clause: Evasion abilities are banned
|rule|Sleep Moves Clause: Sleep-inducing moves are banned
|clearpoke
|poke|p1|Lokix, F|
|poke|p1|Cinderace, F|
|poke|p1|Great Tusk|
|poke|p1|Alomomola, F|
|poke|p1|Enamorus, F|
|poke|p1|Slowking-Galar, M|
|poke|p2|Tsareena, F|
|poke|p2|Ting-Lu|
|poke|p2|Corviknight, M|
|poke|p2|Garganacl, F|
|poke|p2|Fezandipiti, M|
|poke|p2|Dragapult, M|
|teampreview
|inactive|Battle timer is ON: inactive players will automatically lose when time's up. (requested by PokeMasterEN)
|inactive|froslass2themoon has 120 seconds left.
|
|t:|1760849618
|teamsize|p1|6
|teamsize|p2|6
|start
|switch|p1a: Lokix|Lokix, F, shiny|100/100
|switch|p2a: Ting-Lu|Ting-Lu|100/100
|-ability|p2a: Ting-Lu|Vessel of Ruin
|turn|1
|
|t:|1760849625
|switch|p2a: Corviknight|Corviknight, M|100/100
|-ability|p2a: Corviknight|Pressure
|move|p1a: Lokix|U-turn|p2a: Corviknight
|-resisted|p2a: Corviknight
|-crit|p2a: Corviknight
|-damage|p2a: Corviknight|79/100
|-damage|p1a: Lokix|84/100|[from] item: Rocky Helmet|[of] p2a: Corviknight
|
|t:|1760849631
|switch|p1a: Cinderace|Cinderace, F, shiny|100/100|[from] U-turn
|
|upkeep
|turn|2
|inactive|froslass2themoon has 120 seconds left.
|inactive|froslass2themoon has 90 seconds left.
|
|t:|1760849697
|move|p1a: Cinderace|Will-O-Wisp|p2a: Corviknight
|-status|p2a: Corviknight|brn
|move|p2a: Corviknight|Body Press|p1a: Cinderace
|-damage|p1a: Cinderace|85/100
|
|-damage|p2a: Corviknight|73/100 brn|[from] brn
|upkeep
|turn|3
|inactive|froslass2themoon has 90 seconds left.
|
|t:|1760849707
|move|p1a: Cinderace|Pyro Ball|p2a: Corviknight
|-supereffective|p2a: Corviknight
|-damage|p2a: Corviknight|16/100 brn
|move|p2a: Corviknight|Roost|p2a: Corviknight
|-heal|p2a: Corviknight|66/100 brn
|-singleturn|p2a: Corviknight|move: Roost
|
|-damage|p2a: Corviknight|60/100 brn|[from] brn
|upkeep
|turn|4
|
|t:|1760849712
|switch|p2a: Garganacl|Garganacl, F|100/100
|move|p1a: Cinderace|Pyro Ball|p2a: Garganacl
|-resisted|p2a: Garganacl
|-damage|p2a: Garganacl|85/100
|
|-heal|p2a: Garganacl|92/100|[from] item: Leftovers
|upkeep
|turn|5
|
|t:|1760849727
|move|p1a: Cinderace|U-turn|p2a: Garganacl
|-damage|p2a: Garganacl|80/100
|
|t:|1760849734
|switch|p1a: Great Tusk|Great Tusk|100/100|[from] U-turn
|move|p2a: Garganacl|Salt Cure|p1a: Great Tusk
|-resisted|p1a: Great Tusk
|-damage|p1a: Great Tusk|99/100
|-start|p1a: Great Tusk|Salt Cure
|
|-heal|p1a: Great Tusk|100/100|[from] item: Leftovers
|-heal|p2a: Garganacl|86/100|[from] item: Leftovers
|-damage|p1a: Great Tusk|88/100|[from] Salt Cure
|upkeep
|turn|6
|inactive|froslass2themoon has 120 seconds left.
|
|t:|1760849754
|move|p1a: Great Tusk|Bulk Up|p1a: Great Tusk
|-boost|p1a: Great Tusk|atk|1
|-boost|p1a: Great Tusk|def|1
|move|p2a: Garganacl|Iron Defense|p2a: Garganacl
|-boost|p2a: Garganacl|def|2
|
|-heal|p1a: Great Tusk|94/100|[from] item: Leftovers
|-heal|p2a: Garganacl|92/100|[from] item: Leftovers
|-damage|p1a: Great Tusk|82/100|[from] Salt Cure
|upkeep
|turn|7
|
|t:|1760849760
|move|p1a: Great Tusk|Knock Off|p2a: Garganacl
|-damage|p2a: Garganacl|79/100
|-enditem|p2a: Garganacl|Leftovers|[from] move: Knock Off|[of] p1a: Great Tusk
|move|p2a: Garganacl|Iron Defense|p2a: Garganacl
|-boost|p2a: Garganacl|def|2
|
|-heal|p1a: Great Tusk|88/100|[from] item: Leftovers
|-damage|p1a: Great Tusk|76/100|[from] Salt Cure
|upkeep
|turn|8
|inactive|froslass2themoon has 120 seconds left.
|
|t:|1760849776
|move|p1a: Great Tusk|Earthquake|p2a: Garganacl
|-supereffective|p2a: Garganacl
|-damage|p2a: Garganacl|48/100
|move|p2a: Garganacl|Iron Defense|p2a: Garganacl
|-boost|p2a: Garganacl|def|2
|
|-heal|p1a: Great Tusk|82/100|[from] item: Leftovers
|-damage|p1a: Great Tusk|69/100|[from] Salt Cure
|upkeep
|turn|9
|
|t:|1760849783
|move|p1a: Great Tusk|Earthquake|p2a: Garganacl
|-supereffective|p2a: Garganacl
|-damage|p2a: Garganacl|25/100
|move|p2a: Garganacl|Recover|p2a: Garganacl
|-heal|p2a: Garganacl|75/100
|
|-heal|p1a: Great Tusk|76/100|[from] item: Leftovers
|-damage|p1a: Great Tusk|63/100|[from] Salt Cure
|upkeep
|turn|10
|
|t:|1760849791
|move|p1a: Great Tusk|Bulk Up|p1a: Great Tusk
|-boost|p1a: Great Tusk|atk|1
|-boost|p1a: Great Tusk|def|1
|move|p2a: Garganacl|Body Press|p1a: Great Tusk
|-damage|p1a: Great Tusk|37/100
|
|-heal|p1a: Great Tusk|43/100|[from] item: Leftovers
|-damage|p1a: Great Tusk|30/100|[from] Salt Cure
|upkeep
|turn|11
|
|t:|1760849800
|-end|p1a: Great Tusk|Protosynthesis|[silent]
|switch|p1a: Alomomola|Alomomola, F|100/100
|move|p2a: Garganacl|Body Press|p1a: Alomomola
|-damage|p1a: Alomomola|32/100
|-damage|p2a: Garganacl|58/100|[from] item: Rocky Helmet|[of] p1a: Alomomola
|
|upkeep
|turn|12
|
|t:|1760849810
|move|p1a: Alomomola|Wish|p1a: Alomomola
|move|p2a: Garganacl|Recover|p2a: Garganacl
|-heal|p2a: Garganacl|100/100
|
|upkeep
|turn|13
|
|t:|1760849821
|move|p1a: Alomomola|Scald|p2a: Garganacl
|-supereffective|p2a: Garganacl
|-damage|p2a: Garganacl|83/100
|move|p2a: Garganacl|Body Press|p1a: Alomomola
|-damage|p1a: Alomomola|0 fnt
|-damage|p2a: Garganacl|66/100|[from] item: Rocky Helmet|[of] p1a: Alomomola
|faint|p1a: Alomomola
|
|upkeep
|
|t:|1760849827
|switch|p1a: Great Tusk|Great Tusk|30/100
|turn|14
|
|t:|1760849838
|-end|p1a: Great Tusk|Protosynthesis|[silent]
|switch|p1a: Slowking|Slowking-Galar, M|100/100
|move|p2a: Garganacl|Recover|p2a: Garganacl
|-heal|p2a: Garganacl|100/100
|
|upkeep
|turn|15
|
|t:|1760849845
|move|p2a: Garganacl|Salt Cure|p1a: Slowking
|-damage|p1a: Slowking|90/100
|-start|p1a: Slowking|Salt Cure
|move|p1a: Slowking|Future Sight|p2a: Garganacl
|-start|p1a: Slowking|move: Future Sight
|
|-damage|p1a: Slowking|77/100|[from] Salt Cure
|upkeep
|turn|16
|
|t:|1760849852
|move|p2a: Garganacl|Body Press|p1a: Slowking
|-resisted|p1a: Slowking
|-damage|p1a: Slowking|59/100
|move|p1a: Slowking|Ice Beam|p2a: Garganacl
|-damage|p2a: Garganacl|86/100
|
|-damage|p1a: Slowking|46/100|[from] Salt Cure
|upkeep
|turn|17
|
|t:|1760849862
|move|p2a: Garganacl|Salt Cure|p1a: Slowking
|-damage|p1a: Slowking|36/100
|-prepare|p1a: Slowking|Chilly Reception|[premajor]
|move|p1a: Slowking|Chilly Reception|p1a: Slowking
|-weather|Snowscape
|
|t:|1760849869
|switch|p1a: Enamorus|Enamorus, F|100/100|[from] Chilly Reception
|
|-weather|Snowscape|[upkeep]
|-end|p2a: Garganacl|move: Future Sight
|-damage|p2a: Garganacl|57/100
|upkeep
|turn|18
|
|t:|1760849884
|-terastallize|p1a: Enamorus|Stellar
|move|p1a: Enamorus|Earth Power|p2a: Garganacl
|-supereffective|p2a: Garganacl
|-damage|p2a: Garganacl|0 fnt
|faint|p2a: Garganacl
|
|-weather|Snowscape|[upkeep]
|upkeep
|
|t:|1760849898
|switch|p2a: Ting-Lu|Ting-Lu|100/100
|-ability|p2a: Ting-Lu|Vessel of Ruin
|turn|19
|
|t:|1760849911
|switch|p1a: Slowking|Slowking-Galar, M|69/100
|move|p2a: Ting-Lu|Earthquake|p1a: Slowking
|-supereffective|p1a: Slowking
|-enditem|p1a: Slowking|Shuca Berry|[eat]
|-enditem|p1a: Slowking|Shuca Berry|[weaken]
|-damage|p1a: Slowking|44/100
|
|-weather|Snowscape|[upkeep]
|upkeep
|turn|20
|
|t:|1760849931
|move|p2a: Ting-Lu|Earthquake|p1a: Slowking
|-supereffective|p1a: Slowking
|-damage|p1a: Slowking|0 fnt
|faint|p1a: Slowking
|
|-weather|Snowscape|[upkeep]
|upkeep
|
|t:|1760849934
|switch|p1a: Lokix|Lokix, F, shiny|84/100
|turn|21
|
|t:|1760849937
|switch|p2a: Corviknight|Corviknight, M|60/100 brn
|-ability|p2a: Corviknight|Pressure
|move|p1a: Lokix|Leech Life|p2a: Corviknight
|-resisted|p2a: Corviknight
|-damage|p2a: Corviknight|42/100 brn
|-heal|p1a: Lokix|96/100|[from] drain|[of] p2a: Corviknight
|-damage|p1a: Lokix|80/100|[from] item: Rocky Helmet|[of] p2a: Corviknight
|
|-weather|none
|-damage|p2a: Corviknight|36/100 brn|[from] brn
|upkeep
|turn|22
|
|t:|1760849953
|switch|p1a: Cinderace|Cinderace, F, shiny|85/100
|move|p2a: Corviknight|Roost|p2a: Corviknight
|-heal|p2a: Corviknight|86/100 brn
|-singleturn|p2a: Corviknight|move: Roost
|
|-damage|p2a: Corviknight|79/100 brn|[from] brn
|upkeep
|turn|23
|
|t:|1760849960
|move|p1a: Cinderace|Pyro Ball|p2a: Corviknight
|-supereffective|p2a: Corviknight
|-damage|p2a: Corviknight|19/100 brn
|move|p2a: Corviknight|U-turn|p1a: Cinderace
|-resisted|p1a: Cinderace
|-damage|p1a: Cinderace|81/100
|
|t:|1760849963
|switch|p2a: Dragapult|Dragapult, M|100/100|[from] U-turn
|
|upkeep
|turn|24
|
|t:|1760849974
|move|p2a: Dragapult|Phantom Force||[still]
|-prepare|p2a: Dragapult|Phantom Force
|move|p1a: Cinderace|Will-O-Wisp|p2a: Dragapult|[miss]
|-miss|p1a: Cinderace|p2a: Dragapult
|
|upkeep
|turn|25
|
|t:|1760849978
|move|p2a: Dragapult|Phantom Force|p1a: Cinderace|[from] lockedmove
|-damage|p1a: Cinderace|3/100
|move|p1a: Cinderace|Will-O-Wisp|p2a: Dragapult
|-status|p2a: Dragapult|brn
|
|-damage|p2a: Dragapult|95/100 brn|[from] brn
|upkeep
|turn|26
|
|t:|1760849989
|switch|p2a: Corviknight|Corviknight, M|19/100 brn
|-ability|p2a: Corviknight|Pressure
|switch|p1a: Lokix|Lokix, F, shiny|80/100
|
|-damage|p2a: Corviknight|13/100 brn|[from] brn
|upkeep
|turn|27
|
|t:|1760850001
|move|p1a: Lokix|Knock Off|p2a: Corviknight
|-damage|p2a: Corviknight|0 fnt
|-damage|p1a: Lokix|64/100|[from] item: Rocky Helmet|[of] p2a: Corviknight
|-enditem|p2a: Corviknight|Rocky Helmet|[from] move: Knock Off|[of] p1a: Lokix
|faint|p2a: Corviknight
|
|upkeep
|
|t:|1760850005
|switch|p2a: Fezandipiti|Fezandipiti, M|100/100
|turn|28
|
|t:|1760850015
|switch|p1a: Great Tusk|Great Tusk|30/100
|move|p2a: Fezandipiti|Moonblast|p1a: Great Tusk
|-supereffective|p1a: Great Tusk
|-damage|p1a: Great Tusk|0 fnt
|faint|p1a: Great Tusk
|-end|p1a: Great Tusk|Protosynthesis|[silent]
|
|upkeep
|
|t:|1760850020
|switch|p1a: Enamorus|Enamorus, F, tera:Stellar|100/100
|turn|29
|
|t:|1760850029
|switch|p1a: Lokix|Lokix, F, shiny|64/100
|move|p2a: Fezandipiti|Roost||[still]
|-fail|p2a: Fezandipiti|heal
|
|upkeep
|turn|30
|
|t:|1760850036
|move|p1a: Lokix|Leech Life|p2a: Fezandipiti
|-resisted|p2a: Fezandipiti
|-damage|p2a: Fezandipiti|72/100
|-heal|p1a: Lokix|82/100|[from] drain|[of] p2a: Fezandipiti
|move|p2a: Fezandipiti|Moonblast|p1a: Lokix
|-supereffective|p1a: Lokix
|-damage|p1a: Lokix|0 fnt
|faint|p1a: Lokix
|
|upkeep
|
|t:|1760850044
|switch|p1a: Enamorus|Enamorus, F, tera:Stellar|100/100
|turn|31
|
|t:|1760850059
|move|p1a: Enamorus|Moonblast|p2a: Fezandipiti
|-resisted|p2a: Fezandipiti
|-damage|p2a: Fezandipiti|49/100
|move|p2a: Fezandipiti|Roost|p2a: Fezandipiti
|-heal|p2a: Fezandipiti|99/100
|-singleturn|p2a: Fezandipiti|move: Roost
|
|upkeep
|turn|32
|
|t:|1760850063
|switch|p1a: Cinderace|Cinderace, F, shiny|3/100
|move|p2a: Fezandipiti|Moonblast|p1a: Cinderace
|-resisted|p1a: Cinderace
|-damage|p1a: Cinderace|0 fnt
|faint|p1a: Cinderace
|
|upkeep
|
|t:|1760850065
|switch|p1a: Enamorus|Enamorus, F, tera:Stellar|100/100
|turn|33
|
|t:|1760850070
|move|p1a: Enamorus|Tera Blast|p2a: Fezandipiti|[anim] Tera Blast Stellar
|-damage|p2a: Fezandipiti|67/100
|-boost|p1a: Enamorus|atk|1
|-boost|p1a: Enamorus|spa|1
|move|p2a: Fezandipiti|Moonblast|p1a: Enamorus
|-damage|p1a: Enamorus|56/100
|
|upkeep
|turn|34
|
|t:|1760850078
|move|p1a: Enamorus|Tera Blast|p2a: Fezandipiti|[anim] Tera Blast Stellar
|-damage|p2a: Fezandipiti|29/100
|-boost|p1a: Enamorus|atk|1
|-boost|p1a: Enamorus|spa|1
|move|p2a: Fezandipiti|Moonblast|p1a: Enamorus
|-damage|p1a: Enamorus|13/100
|
|upkeep
|turn|35
|
|t:|1760850086
|move|p1a: Enamorus|Tera Blast|p2a: Fezandipiti|[anim] Tera Blast Stellar
|-damage|p2a: Fezandipiti|0 fnt
|-boost|p1a: Enamorus|atk|1
|-boost|p1a: Enamorus|spa|1
|faint|p2a: Fezandipiti
|
|upkeep
|
|t:|1760850092
|switch|p2a: Dragapult|Dragapult, M|95/100 brn
|turn|36
|
|t:|1760850097
|move|p1a: Enamorus|Tera Blast|p2a: Dragapult|[anim] Tera Blast Stellar
|-damage|p2a: Dragapult|0 fnt
|-boost|p1a: Enamorus|atk|1
|-boost|p1a: Enamorus|spa|1
|faint|p2a: Dragapult
|
|upkeep
|
|t:|1760850104
|switch|p2a: Tsareena|Tsareena, F|100/100
|turn|37
|
|t:|1760850107
|move|p1a: Enamorus|Tera Blast|p2a: Tsareena|[anim] Tera Blast Stellar
|-damage|p2a: Tsareena|0 fnt
|-boost|p1a: Enamorus|atk|1
|-boost|p1a: Enamorus|spa|1
|faint|p2a: Tsareena
|
|upkeep
|-message|froslass2themoon forfeited.
|
|win|PokeMasterEN
|raw|PokeMasterEN's rating: 1379 &rarr; <strong>1400</strong><br />(+21 for winning)
|raw|froslass2themoon's rating: 1396 &rarr; <strong>1375</strong><br />(-21 for losing)
|l|☆froslass2themoon
|player|p2|
