|j|☆go b3yond
|j|☆enormouschilli
|t:|1760721105
|gametype|singles
|player|p1|go b3yond|waiter-gen4dp|1398
|player|p2|enormouschilli|2|1400
|gen|9
|tier|[Gen 9] OU
|rated|
|rule|HP Percentage Mod: HP is shown in percentages
|rule|Endless Battle Clause: Forcing endless battles is banned
|rule|Species Clause: Limit one of each Pokémon
|rule|OHKO Clause: OHKO moves are banned
|rule|Evasion Items Clause: Evasion items are banned
|rule|Evasion Moves Clause: Evasion moves are banned
|rule|Evasion Abilities Clause: Evasion abilities are banned
|rule|Sleep Moves Clause: Sleep-inducing moves are banned
|clearpoke
|poke|p1|Torkoal, M|
|poke|p1|Brute Bonnet|
|poke|p1|Walking Wake|
|poke|p1|Hatterene, F|
|poke|p1|Thundurus-Therian, M|
|poke|p1|Ceruledge, M|
|poke|p2|Kingambit, F|
|poke|p2|Iron Valiant|
|poke|p2|Rillaboom, M|
|poke|p2|Raging Bolt|
|poke|p2|Scizor, M|
|poke|p2|Iron Moth|
|teampreview
|inactive|Battle timer is ON: inactive players will automatically lose when time's up. (requested by go b3yond)
|
|t:|1760721111
|teamsize|p1|6
|teamsize|p2|6
|start
|switch|p1a: Great Bait|Torkoal, M, shiny|100/100
|switch|p2a: Iron Moth|Iron Moth|100/100
|-weather|SunnyDay|[from] ability: Drought|[of] p1a: Great Bait
|-enditem|p2a: Iron Moth|Booster Energy
|-activate|p2a: Iron Moth|ability: Quark Drive|[fromitem]
|-start|p2a: Iron Moth|quarkdrivespe
|turn|1
|
|t:|1760721115
|move|p2a: Iron Moth|Fiery Dance|p1a: Great Bait
|-resisted|p1a: Great Bait
|-damage|p1a: Great Bait|64/100
|move|p1a: Great Bait|Earthquake|p2a: Iron Moth
|-supereffective|p2a: Iron Moth
|-crit|p2a: Iron Moth
|-damage|p2a: Iron Moth|0 fnt
|faint|p2a: Iron Moth
|-end|p2a: Iron Moth|Quark Drive|[silent]
|
|-weather|SunnyDay|[upkeep]
|upkeep
|
|t:|1760721124
|switch|p2a: Raging Bolt|Raging Bolt|100/100
|-activate|p2a: Raging Bolt|ability: Protosynthesis
|-start|p2a: Raging Bolt|protosynthesisspa
|turn|2
|
|t:|1760721131
|switch|p1a: Witch|Hatterene, F, shiny|100/100
|move|p2a: Raging Bolt|Calm Mind|p2a: Raging Bolt
|-boost|p2a: Raging Bolt|spa|1
|-boost|p2a: Raging Bolt|spd|1
|
|-weather|SunnyDay|[upkeep]
|upkeep
|turn|3
|
|t:|1760721136
|switch|p1a: Storm|Thundurus-Therian, M|100/100
|-terastallize|p2a: Raging Bolt|Fairy
|move|p2a: Raging Bolt|Thunderbolt|p1a: Storm
|-immune|p1a: Storm|[from] ability: Volt Absorb
|
|-weather|SunnyDay|[upkeep]
|upkeep
|turn|4
|
|t:|1760721140
|-terastallize|p1a: Storm|Fairy
|move|p1a: Storm|Weather Ball|p2a: Raging Bolt
|-damage|p2a: Raging Bolt|50/100
|move|p2a: Raging Bolt|Dragon Pulse|p1a: Storm
|-immune|p1a: Storm
|
|-weather|SunnyDay|[upkeep]
|-heal|p2a: Raging Bolt|56/100|[from] item: Leftovers
|upkeep
|turn|5
|
|t:|1760721147
|move|p2a: Raging Bolt|Thunderclap|p1a: Storm
|-immune|p1a: Storm|[from] ability: Volt Absorb
|move|p1a: Storm|Weather Ball|p2a: Raging Bolt
|-damage|p2a: Raging Bolt|5/100
|
|-weather|SunnyDay|[upkeep]
|-heal|p2a: Raging Bolt|11/100|[from] item: Leftovers
|upkeep
|turn|6
|c|☆go b3yond|lol
|
|t:|1760721153
|move|p2a: Raging Bolt|Thunderclap|p1a: Storm
|-immune|p1a: Storm|[from] ability: Volt Absorb
|move|p1a: Storm|Weather Ball|p2a: Raging Bolt
|-damage|p2a: Raging Bolt|0 fnt
|faint|p2a: Raging Bolt
|-end|p2a: Raging Bolt|Protosynthesis|[silent]
|
|-weather|SunnyDay|[upkeep]
|upkeep
|
|t:|1760721157
|switch|p2a: Rillaboom|Rillaboom, M|100/100
|-fieldstart|move: Grassy Terrain|[from] ability: Grassy Surge|[of] p2a: Rillaboom
|turn|7
|
|t:|1760721161
|move|p2a: Rillaboom|Grassy Glide|p1a: Storm
|-damage|p1a: Storm|36/100
|move|p1a: Storm|Weather Ball|p2a: Rillaboom
|-supereffective|p2a: Rillaboom
|-damage|p2a: Rillaboom|0 fnt
|faint|p2a: Rillaboom
|
|-weather|SunnyDay|[upkeep]
|-heal|p1a: Storm|42/100|[from] Grassy Terrain
|upkeep
|
|t:|1760721165
|switch|p2a: Iron Valiant|Iron Valiant|100/100
|-enditem|p2a: Iron Valiant|Booster Energy
|-activate|p2a: Iron Valiant|ability: Quark Drive|[fromitem]
|-start|p2a: Iron Valiant|quarkdrivespe
|turn|8
|
|t:|1760721169
|move|p2a: Iron Valiant|Moonblast|p1a: Storm
|-damage|p1a: Storm|0 fnt
|faint|p1a: Storm
|
|-weather|none
|upkeep
|
|t:|1760721173
|switch|p1a: Great Bait|Torkoal, M, shiny|64/100
|-weather|SunnyDay|[from] ability: Drought|[of] p1a: Great Bait
|turn|9
|
|t:|1760721180
|move|p2a: Iron Valiant|Calm Mind|p2a: Iron Valiant
|-boost|p2a: Iron Valiant|spa|1
|-boost|p2a: Iron Valiant|spd|1
|move|p1a: Great Bait|Overheat|p2a: Iron Valiant
|-damage|p2a: Iron Valiant|6/100
|-unboost|p1a: Great Bait|spa|2
|
|-weather|SunnyDay|[upkeep]
|-heal|p2a: Iron Valiant|12/100|[from] Grassy Terrain
|-heal|p1a: Great Bait|71/100|[from] Grassy Terrain
|upkeep
|turn|10
|
|t:|1760721187
|move|p2a: Iron Valiant|Shadow Ball|p1a: Great Bait
|-crit|p1a: Great Bait
|-damage|p1a: Great Bait|4/100
|move|p1a: Great Bait|Earthquake|p2a: Iron Valiant
|-damage|p2a: Iron Valiant|0 fnt
|faint|p2a: Iron Valiant
|-end|p2a: Iron Valiant|Quark Drive|[silent]
|
|-weather|SunnyDay|[upkeep]
|-heal|p1a: Great Bait|10/100|[from] Grassy Terrain
|upkeep
|
|t:|1760721197
|switch|p2a: Scizor|Scizor, M|100/100
|turn|11
|
|t:|1760721204
|move|p2a: Scizor|Bullet Punch|p1a: Great Bait
|-resisted|p1a: Great Bait
|-damage|p1a: Great Bait|0 fnt
|faint|p1a: Great Bait
|
|-weather|SunnyDay|[upkeep]
|upkeep
|
|t:|1760721215
|switch|p1a: BRUTE FORCE|Brute Bonnet|100/100
|-activate|p1a: BRUTE FORCE|ability: Protosynthesis
|-start|p1a: BRUTE FORCE|protosynthesisatk
|turn|12
|
|t:|1760721218
|move|p2a: Scizor|Bullet Punch|p1a: BRUTE FORCE
|-damage|p1a: BRUTE FORCE|58/100
|move|p1a: BRUTE FORCE|Bullet Seed|p2a: Scizor
|-resisted|p2a: Scizor
|-damage|p2a: Scizor|94/100
|-resisted|p2a: Scizor
|-damage|p2a: Scizor|87/100
|-resisted|p2a: Scizor
|-damage|p2a: Scizor|81/100
|-resisted|p2a: Scizor
|-damage|p2a: Scizor|73/100
|-hitcount|p2a: Scizor|4
|
|-weather|SunnyDay|[upkeep]
|-heal|p2a: Scizor|80/100|[from] Grassy Terrain
|-heal|p1a: BRUTE FORCE|64/100|[from] Grassy Terrain
|upkeep
|turn|13
|
|t:|1760721222
|-end|p1a: BRUTE FORCE|Protosynthesis|[silent]
|switch|p1a: Witch|Hatterene, F, shiny|100/100
|move|p2a: Scizor|Bullet Punch|p1a: Witch
|-supereffective|p1a: Witch
|-damage|p1a: Witch|1/100
|-enditem|p1a: Witch|Eject Button
|
|t:|1760721228
|switch|p1a: Knight|Ceruledge, M|100/100
|
|-weather|SunnyDay|[upkeep]
|-heal|p2a: Scizor|86/100|[from] Grassy Terrain
|upkeep
|turn|14
|
|t:|1760721239
|move|p2a: Scizor|Bullet Punch|p1a: Knight
|-resisted|p1a: Knight
|-damage|p1a: Knight|66/100
|-ability|p1a: Knight|Weak Armor|boost
|-unboost|p1a: Knight|def|1
|-boost|p1a: Knight|spe|2
|move|p1a: Knight|Bitter Blade|p2a: Scizor
|-supereffective|p2a: Scizor
|-damage|p2a: Scizor|0 fnt
|-heal|p1a: Knight|100/100|[from] drain|[of] p2a: Scizor
|faint|p2a: Scizor
|
|-weather|SunnyDay|[upkeep]
|-fieldend|move: Grassy Terrain
|upkeep
|
|t:|1760721246
|switch|p2a: Meruem|Kingambit, F|100/100
|-activate|p2a: Meruem|ability: Supreme Overlord
|-start|p2a: Meruem|fallen5|[silent]
|turn|15
|
|t:|1760721251
|move|p2a: Meruem|Sucker Punch|p1a: Knight
|-supereffective|p1a: Knight
|-enditem|p1a: Knight|Focus Sash
|-damage|p1a: Knight|1/100
|-ability|p1a: Knight|Weak Armor|boost
|-unboost|p1a: Knight|def|1
|-boost|p1a: Knight|spe|2
|move|p1a: Knight|Bitter Blade|p2a: Meruem
|-supereffective|p2a: Meruem
|-damage|p2a: Meruem|1/100
|-heal|p1a: Knight|66/100|[from] drain|[of] p2a: Meruem
|
|-weather|SunnyDay|[upkeep]
|-heal|p2a: Meruem|7/100|[from] item: Leftovers
|upkeep
|turn|16
|c|☆go b3yond|gg
|
|t:|1760721262
|move|p1a: Knight|Shadow Sneak|p2a: Meruem
|-resisted|p2a: Meruem
|-damage|p2a: Meruem|0 fnt
|faint|p2a: Meruem
|-end|p2a: Meruem|fallen5|[silent]
|
|win|go b3yond
|raw|go b3yond's rating: 1398 &rarr; <strong>1418</strong><br />(+20 for winning)
|raw|enormouschilli's rating: 1400 &rarr; <strong>1380</strong><br />(-20 for losing)
|l|☆go b3yond
|player|p1|
|l|☆enormouschilli
|player|p2|
