|j|☆minhquang1408
|j|☆wrc24
|t:|1760792667
|gametype|singles
|player|p1|minhquang1408|lana|1328
|player|p2|wrc24|blackbelt|1263
|gen|9
|tier|[Gen 9] OU
|rated|
|rule|HP Percentage Mod: HP is shown in percentages
|rule|Endless Battle Clause: Forcing endless battles is banned
|rule|Species Clause: Limit one of each Pokémon
|rule|OHKO Clause: OHKO moves are banned
|rule|Evasion Items Clause: Evasion items are banned
|rule|Evasion Moves Clause: Evasion moves are banned
|rule|Evasion Abilities Clause: Evasion abilities are banned
|rule|Sleep Moves Clause: Sleep-inducing moves are banned
|clearpoke
|poke|p1|Hoopa-Unbound|
|poke|p1|Slowking-Galar, F|
|poke|p1|Alomomola, M|
|poke|p1|Corviknight, M|
|poke|p1|Kingambit, F|
|poke|p1|Zamazenta-*|
|poke|p2|Regidrago|
|poke|p2|Scizor, F|
|poke|p2|Ting-Lu|
|poke|p2|Dragonite, F|
|poke|p2|Gholdengo|
|poke|p2|Weezing-Galar, M|
|teampreview
|
|t:|1760792687
|teamsize|p1|6
|teamsize|p2|6
|start
|switch|p1a: Corviknight|Corviknight, M|100/100
|switch|p2a: Scizor|Scizor, F|100/100
|-ability|p1a: Corviknight|Pressure
|turn|1
|
|t:|1760792693
|move|p2a: Scizor|Knock Off|p1a: Corviknight
|-damage|p1a: Corviknight|70/100
|-damage|p2a: Scizor|84/100|[from] item: Rocky Helmet|[of] p1a: Corviknight
|-enditem|p1a: Corviknight|Rocky Helmet|[from] move: Knock Off|[of] p2a: Scizor
|move|p1a: Corviknight|U-turn|p2a: Scizor
|-resisted|p2a: Scizor
|-damage|p2a: Scizor|76/100
|inactive|Battle timer is ON: inactive players will automatically lose when time's up. (requested by wrc24)
|
|t:|1760792701
|switch|p1a: Alomomola|Alomomola, M|100/100|[from] U-turn
|
|upkeep
|turn|2
|
|t:|1760792708
|move|p2a: Scizor|Knock Off|p1a: Alomomola
|-damage|p1a: Alomomola|71/100
|-enditem|p1a: Alomomola|Heavy-Duty Boots|[from] move: Knock Off|[of] p2a: Scizor
|move|p1a: Alomomola|Scald|p2a: Scizor
|-damage|p2a: Scizor|58/100
|-status|p2a: Scizor|brn
|
|-damage|p2a: Scizor|52/100 brn|[from] brn
|upkeep
|turn|3
|
|t:|1760792718
|switch|p2a: Regidrago|Regidrago|100/100
|move|p1a: Alomomola|Flip Turn|p2a: Regidrago
|-resisted|p2a: Regidrago
|-damage|p2a: Regidrago|93/100
|
|t:|1760792726
|switch|p1a: Slowking|Slowking-Galar, F|100/100|[from] Flip Turn
|
|upkeep
|turn|4
|
|t:|1760792732
|switch|p2a: Ting-Lu|Ting-Lu|100/100
|-ability|p2a: Ting-Lu|Vessel of Ruin
|move|p1a: Slowking|Trick Room|p1a: Slowking
|-fieldstart|move: Trick Room|[of] p1a: Slowking
|
|upkeep
|turn|5
|
|t:|1760792742
|-prepare|p1a: Slowking|Chilly Reception|[premajor]
|move|p1a: Slowking|Chilly Reception|p1a: Slowking
|-weather|Snowscape
|
|t:|1760792749
|switch|p1a: Corviknight|Corviknight, M|70/100|[from] Chilly Reception
|-ability|p1a: Corviknight|Pressure
|move|p2a: Ting-Lu|Stealth Rock|p1a: Corviknight
|-sidestart|p1: minhquang1408|move: Stealth Rock
|
|-weather|Snowscape|[upkeep]
|upkeep
|turn|6
|
|t:|1760792757
|switch|p2a: Gholdengo|Gholdengo|100/100
|move|p1a: Corviknight|U-turn|p2a: Gholdengo
|-resisted|p2a: Gholdengo
|-damage|p2a: Gholdengo|97/100
|
|t:|1760792762
|switch|p1a: Hoopa|Hoopa-Unbound|100/100|[from] U-turn
|-damage|p1a: Hoopa|88/100|[from] Stealth Rock
|
|-weather|Snowscape|[upkeep]
|upkeep
|turn|7
|
|t:|1760792772
|switch|p2a: Weezing|Weezing-Galar, M|100/100
|-ability|p2a: Weezing|Neutralizing Gas
|move|p1a: Hoopa|Drain Punch|p2a: Weezing
|-resisted|p2a: Weezing
|-damage|p2a: Weezing|92/100
|-heal|p1a: Hoopa|92/100|[from] drain|[of] p2a: Weezing
|
|-weather|Snowscape|[upkeep]
|upkeep
|turn|8
|
|t:|1760792781
|switch|p1a: Slowking|Slowking-Galar, F|100/100
|move|p2a: Weezing|Will-O-Wisp|p1a: Slowking
|-status|p1a: Slowking|brn
|
|-weather|Snowscape|[upkeep]
|-damage|p1a: Slowking|94/100 brn|[from] brn
|-fieldend|move: Trick Room
|upkeep
|turn|9
|
|t:|1760792797
|-end|p2a: Weezing|ability: Neutralizing Gas
|switch|p2a: Ting-Lu|Ting-Lu|100/100
|-ability|p2a: Ting-Lu|Vessel of Ruin
|move|p1a: Slowking|Sludge Bomb|p2a: Ting-Lu
|-resisted|p2a: Ting-Lu
|-damage|p2a: Ting-Lu|91/100
|
|-weather|none
|-heal|p2a: Ting-Lu|98/100|[from] item: Leftovers
|-damage|p1a: Slowking|88/100 brn|[from] brn
|upkeep
|turn|10
|
|t:|1760792808
|switch|p1a: Alomomola|Alomomola, M|100/100
|-damage|p1a: Alomomola|88/100|[from] Stealth Rock
|move|p2a: Ting-Lu|Ruination|p1a: Alomomola
|-damage|p1a: Alomomola|44/100
|
|-heal|p2a: Ting-Lu|100/100|[from] item: Leftovers
|upkeep
|turn|11
|
|t:|1760792815
|move|p1a: Alomomola|Wish|p1a: Alomomola
|move|p2a: Ting-Lu|Whirlwind|p1a: Alomomola
|drag|p1a: Kingambit|Kingambit, F|100/100
|-damage|p1a: Kingambit|94/100|[from] Stealth Rock
|
|upkeep
|turn|12
|
|t:|1760792823
|move|p1a: Kingambit|Iron Head|p2a: Ting-Lu
|-damage|p2a: Ting-Lu|74/100
|cant|p2a: Ting-Lu|flinch
|
|-heal|p1a: Kingambit|100/100|[from] move: Wish|[wisher] Alomomola
|-heal|p2a: Ting-Lu|80/100|[from] item: Leftovers
|upkeep
|turn|13
|
|t:|1760792830
|move|p1a: Kingambit|Iron Head|p2a: Ting-Lu
|-damage|p2a: Ting-Lu|52/100
|move|p2a: Ting-Lu|Earthquake|p1a: Kingambit
|-supereffective|p1a: Kingambit
|-crit|p1a: Kingambit
|-damage|p1a: Kingambit|20/100
|
|-heal|p2a: Ting-Lu|59/100|[from] item: Leftovers
|upkeep
|turn|14
|
|t:|1760792838
|move|p1a: Kingambit|Iron Head|p2a: Ting-Lu
|-damage|p2a: Ting-Lu|34/100
|cant|p2a: Ting-Lu|flinch
|
|-heal|p2a: Ting-Lu|40/100|[from] item: Leftovers
|upkeep
|turn|15
|
|t:|1760792845
|move|p1a: Kingambit|Iron Head|p2a: Ting-Lu
|-damage|p2a: Ting-Lu|13/100
|cant|p2a: Ting-Lu|flinch
|
|-heal|p2a: Ting-Lu|19/100|[from] item: Leftovers
|upkeep
|turn|16
|
|t:|1760792856
|switch|p2a: Gholdengo|Gholdengo|97/100
|move|p1a: Kingambit|Iron Head|p2a: Gholdengo
|-resisted|p2a: Gholdengo
|-damage|p2a: Gholdengo|70/100
|
|upkeep
|turn|17
|
|t:|1760792866
|switch|p2a: Dragonite|Dragonite, F|100/100
|move|p1a: Kingambit|Sucker Punch||[still]
|-fail|p1a: Kingambit
|
|upkeep
|turn|18
|
|t:|1760792887
|move|p2a: Dragonite|Earthquake|p1a: Kingambit
|-supereffective|p1a: Kingambit
|-damage|p1a: Kingambit|0 fnt
|faint|p1a: Kingambit
|-end|p1a: Kingambit|fallenundefined|[silent]
|
|upkeep
|
|t:|1760792889
|switch|p1a: Zamazenta|Zamazenta|100/100
|-damage|p1a: Zamazenta|94/100|[from] Stealth Rock
|-ability|p1a: Zamazenta|Dauntless Shield|boost
|-boost|p1a: Zamazenta|def|1
|turn|19
|
|t:|1760792899
|switch|p2a: Weezing|Weezing-Galar, M|92/100
|-ability|p2a: Weezing|Neutralizing Gas
|move|p1a: Zamazenta|Substitute|p1a: Zamazenta
|-start|p1a: Zamazenta|Substitute
|-damage|p1a: Zamazenta|69/100
|
|-heal|p1a: Zamazenta|76/100|[from] item: Leftovers
|upkeep
|turn|20
|
|t:|1760792920
|-end|p2a: Weezing|ability: Neutralizing Gas
|switch|p2a: Ting-Lu|Ting-Lu|19/100
|-ability|p2a: Ting-Lu|Vessel of Ruin
|move|p1a: Zamazenta|Body Press|p2a: Ting-Lu
|-supereffective|p2a: Ting-Lu
|-damage|p2a: Ting-Lu|0 fnt
|faint|p2a: Ting-Lu
|
|-heal|p1a: Zamazenta|82/100|[from] item: Leftovers
|upkeep
|
|t:|1760792937
|switch|p2a: Gholdengo|Gholdengo|70/100
|turn|21
|l|☆minhquang1408
|inactive|minhquang1408 disconnected and has a minute to reconnect!
|player|p1|
|inactive|minhquang1408 has 30 seconds to reconnect!
|j|☆minhquang1408
|inactive|minhquang1408 reconnected and has 95 seconds left.
|player|p1|minhquang1408|lana|
|
|t:|1760792991
|move|p1a: Zamazenta|Crunch|p2a: Gholdengo
|-supereffective|p2a: Gholdengo
|-damage|p2a: Gholdengo|23/100
|move|p2a: Gholdengo|Thunderbolt|p1a: Zamazenta
|-end|p1a: Zamazenta|Substitute
|
|-heal|p1a: Zamazenta|88/100|[from] item: Leftovers
|upkeep
|turn|22
|
|t:|1760792999
|move|p1a: Zamazenta|Substitute|p1a: Zamazenta
|-start|p1a: Zamazenta|Substitute
|-damage|p1a: Zamazenta|63/100
|move|p2a: Gholdengo|Make It Rain|p1a: Zamazenta
|-crit|p1a: Zamazenta
|-end|p1a: Zamazenta|Substitute
|-unboost|p2a: Gholdengo|spa|1
|
|-heal|p1a: Zamazenta|69/100|[from] item: Leftovers
|upkeep
|turn|23
|
|t:|1760793012
|switch|p2a: Regidrago|Regidrago|93/100
|move|p1a: Zamazenta|Crunch|p2a: Regidrago
|-damage|p2a: Regidrago|71/100
|
|-heal|p1a: Zamazenta|76/100|[from] item: Leftovers
|upkeep
|turn|24
|
|t:|1760793024
|switch|p1a: Slowking|Slowking-Galar, F|100/100 brn
|move|p2a: Regidrago|Draco Meteor|p1a: Slowking
|-damage|p1a: Slowking|37/100 brn
|-unboost|p2a: Regidrago|spa|2
|
|-damage|p1a: Slowking|30/100 brn|[from] brn
|upkeep
|turn|25
|
|t:|1760793033
|switch|p1a: Corviknight|Corviknight, M|70/100
|-damage|p1a: Corviknight|58/100|[from] Stealth Rock
|-ability|p1a: Corviknight|Pressure
|move|p2a: Regidrago|Draco Meteor|p1a: Corviknight
|-resisted|p1a: Corviknight
|-damage|p1a: Corviknight|36/100
|-unboost|p2a: Regidrago|spa|2
|
|upkeep
|turn|26
|inactive|minhquang1408 has 120 seconds left.
|
|t:|1760793044
|switch|p2a: Gholdengo|Gholdengo|23/100
|move|p1a: Corviknight|Roost|p1a: Corviknight
|-heal|p1a: Corviknight|86/100
|-singleturn|p1a: Corviknight|move: Roost
|
|upkeep
|turn|27
|inactive|minhquang1408 has 120 seconds left.
|
|t:|1760793072
|switch|p1a: Hoopa|Hoopa-Unbound|92/100
|-damage|p1a: Hoopa|80/100|[from] Stealth Rock
|move|p2a: Gholdengo|Recover|p2a: Gholdengo
|-heal|p2a: Gholdengo|74/100
|
|upkeep
|turn|28
|
|t:|1760793086
|switch|p2a: Weezing|Weezing-Galar, M|92/100
|-ability|p2a: Weezing|Neutralizing Gas
|move|p1a: Hoopa|Hyperspace Fury|p2a: Weezing
|-resisted|p2a: Weezing
|-damage|p2a: Weezing|58/100
|-unboost|p1a: Hoopa|def|1
|
|upkeep
|turn|29
|
|t:|1760793095
|switch|p1a: Slowking|Slowking-Galar, F|64/100 brn
|move|p2a: Weezing|Will-O-Wisp|p1a: Slowking
|-fail|p1a: Slowking|brn
|
|-damage|p1a: Slowking|58/100 brn|[from] brn
|upkeep
|turn|30
|inactive|minhquang1408 has 120 seconds left.
|
|t:|1760793105
|-end|p2a: Weezing|ability: Neutralizing Gas
|switch|p2a: Gholdengo|Gholdengo|74/100
|move|p1a: Slowking|Trick Room|p1a: Slowking
|-fieldstart|move: Trick Room|[of] p1a: Slowking
|
|-damage|p1a: Slowking|52/100 brn|[from] brn
|upkeep
|turn|31
|
|t:|1760793112
|-prepare|p1a: Slowking|Chilly Reception|[premajor]
|move|p1a: Slowking|Chilly Reception|p1a: Slowking
|-weather|Snowscape
|
|t:|1760793116
|switch|p1a: Hoopa|Hoopa-Unbound|80/100|[from] Chilly Reception
|-damage|p1a: Hoopa|67/100|[from] Stealth Rock
|move|p2a: Gholdengo|Make It Rain|p1a: Hoopa
|-damage|p1a: Hoopa|0 fnt
|-unboost|p2a: Gholdengo|spa|1
|faint|p1a: Hoopa
|
|-weather|Snowscape|[upkeep]
|upkeep
|
|t:|1760793127
|switch|p1a: Alomomola|Alomomola, M|78/100
|-damage|p1a: Alomomola|65/100|[from] Stealth Rock
|turn|32
|
|t:|1760793132
|move|p1a: Alomomola|Flip Turn|p2a: Gholdengo
|-damage|p2a: Gholdengo|55/100
|
|t:|1760793135
|switch|p1a: Slowking|Slowking-Galar, F|85/100 brn|[from] Flip Turn
|move|p2a: Gholdengo|Thunderbolt|p1a: Slowking
|-damage|p1a: Slowking|66/100 brn
|
|-weather|Snowscape|[upkeep]
|-damage|p1a: Slowking|60/100 brn|[from] brn
|upkeep
|turn|33
|
|t:|1760793142
|move|p1a: Slowking|Future Sight|p2a: Gholdengo
|-start|p1a: Slowking|move: Future Sight
|move|p2a: Gholdengo|Recover|p2a: Gholdengo
|-heal|p2a: Gholdengo|100/100
|
|-weather|Snowscape|[upkeep]
|-damage|p1a: Slowking|54/100 brn|[from] brn
|upkeep
|turn|34
|
|t:|1760793148
|-prepare|p1a: Slowking|Chilly Reception|[premajor]
|move|p1a: Slowking|Chilly Reception|p1a: Slowking
|
|t:|1760793155
|switch|p1a: Zamazenta|Zamazenta|76/100|[from] Chilly Reception
|-damage|p1a: Zamazenta|69/100|[from] Stealth Rock
|move|p2a: Gholdengo|Nasty Plot|p2a: Gholdengo
|-boost|p2a: Gholdengo|spa|2
|
|-weather|Snowscape|[upkeep]
|-heal|p1a: Zamazenta|76/100|[from] item: Leftovers
|-fieldend|move: Trick Room
|upkeep
|turn|35
|
|t:|1760793164
|move|p1a: Zamazenta|Substitute|p1a: Zamazenta
|-start|p1a: Zamazenta|Substitute
|-damage|p1a: Zamazenta|51/100
|move|p2a: Gholdengo|Make It Rain|p1a: Zamazenta
|-end|p1a: Zamazenta|Substitute
|-unboost|p2a: Gholdengo|spa|1
|
|-weather|none
|-end|p2a: Gholdengo|move: Future Sight
|-resisted|p2a: Gholdengo
|-damage|p2a: Gholdengo|62/100
|-heal|p1a: Zamazenta|57/100|[from] item: Leftovers
|upkeep
|turn|36
|
|t:|1760793177
|-terastallize|p1a: Zamazenta|Steel
|move|p1a: Zamazenta|Crunch|p2a: Gholdengo
|-supereffective|p2a: Gholdengo
|-damage|p2a: Gholdengo|10/100
|move|p2a: Gholdengo|Recover|p2a: Gholdengo
|-heal|p2a: Gholdengo|60/100
|
|-heal|p1a: Zamazenta|63/100|[from] item: Leftovers
|upkeep
|turn|37
|
|t:|1760793190
|switch|p2a: Regidrago|Regidrago|71/100
|move|p1a: Zamazenta|Substitute|p1a: Zamazenta
|-start|p1a: Zamazenta|Substitute
|-damage|p1a: Zamazenta|38/100
|
|-heal|p1a: Zamazenta|45/100|[from] item: Leftovers
|upkeep
|turn|38
|
|t:|1760793197
|move|p2a: Regidrago|Earth Power|p1a: Zamazenta
|-supereffective|p1a: Zamazenta
|-end|p1a: Zamazenta|Substitute
|move|p1a: Zamazenta|Body Press|p2a: Regidrago
|-damage|p2a: Regidrago|36/100
|
|-heal|p1a: Zamazenta|51/100|[from] item: Leftovers
|upkeep
|turn|39
|
|t:|1760793204
|switch|p1a: Corviknight|Corviknight, M|86/100
|-damage|p1a: Corviknight|74/100|[from] Stealth Rock
|-ability|p1a: Corviknight|Pressure
|move|p2a: Regidrago|Earth Power|p1a: Corviknight
|-immune|p1a: Corviknight
|
|upkeep
|turn|40
|
|t:|1760793234
|switch|p2a: Scizor|Scizor, F|52/100 brn
|move|p1a: Corviknight|U-turn|p2a: Scizor
|-resisted|p2a: Scizor
|-damage|p2a: Scizor|44/100 brn
|
|t:|1760793238
|switch|p1a: Alomomola|Alomomola, M|99/100|[from] U-turn
|-damage|p1a: Alomomola|86/100|[from] Stealth Rock
|
|-damage|p2a: Scizor|38/100 brn|[from] brn
|upkeep
|turn|41
|
|t:|1760793245
|move|p2a: Scizor|U-turn|p1a: Alomomola
|-damage|p1a: Alomomola|71/100
|
|t:|1760793248
|switch|p2a: Regidrago|Regidrago|36/100|[from] U-turn
|move|p1a: Alomomola|Wish|p1a: Alomomola
|
|upkeep
|turn|42
|
|t:|1760793254
|switch|p1a: Corviknight|Corviknight, M|74/100
|-damage|p1a: Corviknight|62/100|[from] Stealth Rock
|-ability|p1a: Corviknight|Pressure
|move|p2a: Regidrago|Draco Meteor|p1a: Corviknight
|-resisted|p1a: Corviknight
|-damage|p1a: Corviknight|18/100
|-unboost|p2a: Regidrago|spa|2
|
|-heal|p1a: Corviknight|84/100|[from] move: Wish|[wisher] Alomomola
|upkeep
|turn|43
|
|t:|1760793268
|switch|p2a: Weezing|Weezing-Galar, M|58/100
|-ability|p2a: Weezing|Neutralizing Gas
|move|p1a: Corviknight|U-turn|p2a: Weezing
|-resisted|p2a: Weezing
|-damage|p2a: Weezing|55/100
|
|t:|1760793272
|switch|p1a: Slowking|Slowking-Galar, F|87/100 brn|[from] U-turn
|
|-damage|p1a: Slowking|81/100 brn|[from] brn
|upkeep
|turn|44
|
|t:|1760793278
|-end|p2a: Weezing|ability: Neutralizing Gas
|switch|p2a: Gholdengo|Gholdengo|60/100
|move|p1a: Slowking|Future Sight|p2a: Gholdengo
|-start|p1a: Slowking|move: Future Sight
|
|-damage|p1a: Slowking|75/100 brn|[from] brn
|upkeep
|turn|45
|
|t:|1760793289
|move|p2a: Gholdengo|Thunderbolt|p1a: Slowking
|-damage|p1a: Slowking|46/100 brn
|-prepare|p1a: Slowking|Chilly Reception|[premajor]
|move|p1a: Slowking|Chilly Reception|p1a: Slowking
|-weather|Snowscape
|
|t:|1760793293
|switch|p1a: Zamazenta|Zamazenta, tera:Steel|51/100|[from] Chilly Reception
|-damage|p1a: Zamazenta|45/100|[from] Stealth Rock
|
|-weather|Snowscape|[upkeep]
|-heal|p1a: Zamazenta|51/100|[from] item: Leftovers
|upkeep
|turn|46
|
|t:|1760793302
|switch|p2a: Weezing|Weezing-Galar, M|55/100
|-ability|p2a: Weezing|Neutralizing Gas
|move|p1a: Zamazenta|Substitute|p1a: Zamazenta
|-start|p1a: Zamazenta|Substitute
|-damage|p1a: Zamazenta|26/100
|
|-weather|Snowscape|[upkeep]
|-end|p2a: Weezing|move: Future Sight
|-supereffective|p2a: Weezing
|-damage|p2a: Weezing|0 fnt
|faint|p2a: Weezing
|-end|p2a: Weezing|ability: Neutralizing Gas
|-heal|p1a: Zamazenta|32/100|[from] item: Leftovers
|upkeep
|
|t:|1760793317
|switch|p2a: Dragonite|Dragonite, F|100/100
|turn|47
|
|t:|1760793322
|move|p1a: Zamazenta|Iron Defense|p1a: Zamazenta
|-boost|p1a: Zamazenta|def|2
|move|p2a: Dragonite|Earthquake|p1a: Zamazenta
|-supereffective|p1a: Zamazenta
|-end|p1a: Zamazenta|Substitute
|
|-weather|Snowscape|[upkeep]
|-heal|p1a: Zamazenta|38/100|[from] item: Leftovers
|upkeep
|turn|48
|
|t:|1760793330
|switch|p1a: Alomomola|Alomomola, M|100/100
|-damage|p1a: Alomomola|88/100|[from] Stealth Rock
|move|p2a: Dragonite|Earthquake|p1a: Alomomola
|-damage|p1a: Alomomola|66/100
|
|-weather|Snowscape|[upkeep]
|upkeep
|turn|49
|
|t:|1760793345
|switch|p2a: Regidrago|Regidrago|36/100
|move|p1a: Alomomola|Wish|p1a: Alomomola
|
|-weather|none
|upkeep
|turn|50
|
|t:|1760793373
|switch|p1a: Corviknight|Corviknight, M|84/100
|-damage|p1a: Corviknight|72/100|[from] Stealth Rock
|-ability|p1a: Corviknight|Pressure
|move|p2a: Regidrago|Earth Power|p1a: Corviknight
|-immune|p1a: Corviknight
|
|-heal|p1a: Corviknight|100/100|[from] move: Wish|[wisher] Alomomola
|upkeep
|turn|51
|
|t:|1760793385
|switch|p2a: Gholdengo|Gholdengo|60/100
|move|p1a: Corviknight|U-turn|p2a: Gholdengo
|-resisted|p2a: Gholdengo
|-damage|p2a: Gholdengo|56/100
|
|t:|1760793387
|switch|p1a: Zamazenta|Zamazenta, tera:Steel|38/100|[from] U-turn
|-damage|p1a: Zamazenta|32/100|[from] Stealth Rock
|
|-heal|p1a: Zamazenta|38/100|[from] item: Leftovers
|upkeep
|turn|52
|
|t:|1760793395
|switch|p2a: Dragonite|Dragonite, F|100/100
|move|p1a: Zamazenta|Crunch|p2a: Dragonite
|-damage|p2a: Dragonite|89/100
|
|-heal|p1a: Zamazenta|45/100|[from] item: Leftovers
|upkeep
|turn|53
|
|t:|1760793402
|switch|p1a: Corviknight|Corviknight, M|100/100
|-damage|p1a: Corviknight|88/100|[from] Stealth Rock
|-ability|p1a: Corviknight|Pressure
|move|p2a: Dragonite|Dragon Dance|p2a: Dragonite
|-boost|p2a: Dragonite|atk|1
|-boost|p2a: Dragonite|spe|1
|
|upkeep
|turn|54
|
|t:|1760793410
|move|p2a: Dragonite|Dragon Dance|p2a: Dragonite
|-boost|p2a: Dragonite|atk|1
|-boost|p2a: Dragonite|spe|1
|move|p1a: Corviknight|Brave Bird|p2a: Dragonite
|-damage|p2a: Dragonite|49/100
|-damage|p1a: Corviknight|77/100|[from] Recoil
|
|upkeep
|turn|55
|
|t:|1760793418
|move|p2a: Dragonite|Roost|p2a: Dragonite
|-heal|p2a: Dragonite|99/100
|-singleturn|p2a: Dragonite|move: Roost
|move|p1a: Corviknight|Roost|p1a: Corviknight
|-heal|p1a: Corviknight|100/100
|-singleturn|p1a: Corviknight|move: Roost
|
|upkeep
|turn|56
|
|t:|1760793426
|move|p2a: Dragonite|Extreme Speed|p1a: Corviknight
|-resisted|p1a: Corviknight
|-damage|p1a: Corviknight|82/100
|move|p1a: Corviknight|Defog|p2a: Dragonite
|-unboost|p2a: Dragonite|evasion|1
|-sideend|p1: minhquang1408|Stealth Rock|[from] move: Defog|[of] p1a: Corviknight
|
|upkeep
|turn|57
|
|t:|1760793435
|switch|p2a: Gholdengo|Gholdengo|56/100
|move|p1a: Corviknight|U-turn|p2a: Gholdengo
|-resisted|p2a: Gholdengo
|-damage|p2a: Gholdengo|52/100
|
|t:|1760793439
|switch|p1a: Zamazenta|Zamazenta, tera:Steel|45/100|[from] U-turn
|
|-heal|p1a: Zamazenta|51/100|[from] item: Leftovers
|upkeep
|turn|58
|
|t:|1760793445
|switch|p2a: Dragonite|Dragonite, F|99/100
|move|p1a: Zamazenta|Crunch|p2a: Dragonite
|-damage|p2a: Dragonite|76/100
|
|-heal|p1a: Zamazenta|57/100|[from] item: Leftovers
|upkeep
|turn|59
|
|t:|1760793452
|switch|p1a: Alomomola|Alomomola, M|99/100
|switch|p2a: Gholdengo|Gholdengo|52/100
|
|upkeep
|turn|60
|
|t:|1760793458
|switch|p1a: Slowking|Slowking-Galar, F|79/100 brn
|move|p2a: Gholdengo|Recover|p2a: Gholdengo
|-heal|p2a: Gholdengo|100/100
|
|-damage|p1a: Slowking|73/100 brn|[from] brn
|upkeep
|turn|61
|
|t:|1760793465
|move|p2a: Gholdengo|Nasty Plot|p2a: Gholdengo
|-boost|p2a: Gholdengo|spa|2
|-prepare|p1a: Slowking|Chilly Reception|[premajor]
|move|p1a: Slowking|Chilly Reception|p1a: Slowking
|-weather|Snowscape
|
|t:|1760793468
|switch|p1a: Zamazenta|Zamazenta, tera:Steel|57/100|[from] Chilly Reception
|
|-weather|Snowscape|[upkeep]
|-heal|p1a: Zamazenta|63/100|[from] item: Leftovers
|upkeep
|turn|62
|
|t:|1760793475
|move|p1a: Zamazenta|Substitute|p1a: Zamazenta
|-start|p1a: Zamazenta|Substitute
|-damage|p1a: Zamazenta|38/100
|move|p2a: Gholdengo|Thunderbolt|p1a: Zamazenta
|-end|p1a: Zamazenta|Substitute
|
|-weather|Snowscape|[upkeep]
|-heal|p1a: Zamazenta|45/100|[from] item: Leftovers
|upkeep
|turn|63
|
|t:|1760793483
|move|p1a: Zamazenta|Crunch|p2a: Gholdengo
|-supereffective|p2a: Gholdengo
|-damage|p2a: Gholdengo|48/100
|move|p2a: Gholdengo|Thunderbolt|p1a: Zamazenta
|-damage|p1a: Zamazenta|0 fnt
|faint|p1a: Zamazenta
|
|-weather|Snowscape|[upkeep]
|upkeep
|
|t:|1760793488
|switch|p1a: Slowking|Slowking-Galar, F|100/100 brn
|turn|64
|
|t:|1760793501
|move|p2a: Gholdengo|Recover|p2a: Gholdengo
|-heal|p2a: Gholdengo|99/100
|move|p1a: Slowking|Future Sight|p2a: Gholdengo
|-start|p1a: Slowking|move: Future Sight
|
|-weather|Snowscape|[upkeep]
|-damage|p1a: Slowking|94/100 brn|[from] brn
|upkeep
|turn|65
|
|t:|1760793507
|move|p2a: Gholdengo|Nasty Plot|p2a: Gholdengo
|-boost|p2a: Gholdengo|spa|2
|move|p1a: Slowking|Trick Room|p1a: Slowking
|-fieldstart|move: Trick Room|[of] p1a: Slowking
|
|-weather|none
|-damage|p1a: Slowking|88/100 brn|[from] brn
|upkeep
|turn|66
|
|t:|1760793515
|-prepare|p1a: Slowking|Chilly Reception|[premajor]
|move|p1a: Slowking|Chilly Reception|p1a: Slowking
|-weather|Snowscape
|
|t:|1760793517
|switch|p1a: Corviknight|Corviknight, M|82/100|[from] Chilly Reception
|-ability|p1a: Corviknight|Pressure
|move|p2a: Gholdengo|Nasty Plot|p2a: Gholdengo
|-boost|p2a: Gholdengo|spa|2
|
|-weather|Snowscape|[upkeep]
|-end|p2a: Gholdengo|move: Future Sight
|-resisted|p2a: Gholdengo
|-damage|p2a: Gholdengo|60/100
|upkeep
|turn|67
|
|t:|1760793529
|move|p1a: Corviknight|Brave Bird|p2a: Gholdengo
|-resisted|p2a: Gholdengo
|-damage|p2a: Gholdengo|41/100
|-damage|p1a: Corviknight|77/100|[from] Recoil
|move|p2a: Gholdengo|Recover|p2a: Gholdengo
|-heal|p2a: Gholdengo|91/100
|
|-weather|Snowscape|[upkeep]
|upkeep
|turn|68
|-message|minhquang1408 forfeited.
|
|win|wrc24
|raw|minhquang1408's rating: 1328 &rarr; <strong>1304</strong><br />(-24 for losing)
|raw|wrc24's rating: 1263 &rarr; <strong>1293</strong><br />(+30 for winning)
|l|☆minhquang1408
|player|p1|
|l|☆wrc24
|player|p2|
