|j|☆usucklatias
|j|☆elimolly
|t:|1760762140
|gametype|singles
|player|p1|usucklatias|brycenman|1076
|player|p2|elimolly|170|1073
|gen|9
|tier|[Gen 9] OU
|rated|
|rule|HP Percentage Mod: HP is shown in percentages
|rule|Endless Battle Clause: Forcing endless battles is banned
|rule|Species Clause: Limit one of each Pokémon
|rule|OHKO Clause: OHKO moves are banned
|rule|Evasion Items Clause: Evasion items are banned
|rule|Evasion Moves Clause: Evasion moves are banned
|rule|Evasion Abilities Clause: Evasion abilities are banned
|rule|Sleep Moves Clause: Sleep-inducing moves are banned
|clearpoke
|poke|p1|Hoopa-Unbound|
|poke|p1|Hydrapple, M|
|poke|p1|Gliscor, M|
|poke|p1|Cinderace, F|
|poke|p1|Alomomola, F|
|poke|p1|Gholdengo|
|poke|p2|Kingambit, M|
|poke|p2|Torkoal, F|
|poke|p2|Walking Wake|
|poke|p2|Hatterene, F|
|poke|p2|Gliscor, M|
|poke|p2|Whimsicott, M|
|teampreview
|
|t:|1760762155
|teamsize|p1|6
|teamsize|p2|6
|start
|switch|p1a: Alomomola|Alomomola, F|100/100
|switch|p2a: Hatterene|Hatterene, F, shiny|100/100
|turn|1
|inactive|Battle timer is ON: inactive players will automatically lose when time's up. (requested by usucklatias)
|
|t:|1760762162
|move|p1a: Alomomola|Flip Turn|p2a: Hatterene
|-damage|p2a: Hatterene|81/100
|
|t:|1760762165
|switch|p1a: Gholdengo|Gholdengo|100/100|[from] Flip Turn
|-item|p1a: Gholdengo|Air Balloon
|move|p2a: Hatterene|Thunder Wave|p1a: Gholdengo
|-immune|p1a: Gholdengo|[from] ability: Good as Gold
|
|-heal|p2a: Hatterene|87/100|[from] item: Leftovers
|upkeep
|turn|2
|
|t:|1760762176
|switch|p2a: Torkoal|Torkoal, F|100/100
|-weather|SunnyDay|[from] ability: Drought|[of] p2a: Torkoal
|move|p1a: Gholdengo|Make It Rain|p2a: Torkoal
|-resisted|p2a: Torkoal
|-damage|p2a: Torkoal|68/100
|-unboost|p1a: Gholdengo|spa|1
|
|-weather|SunnyDay|[upkeep]
|-heal|p2a: Torkoal|74/100|[from] item: Leftovers
|upkeep
|turn|3
|
|t:|1760762191
|switch|p1a: Alomomola|Alomomola, F|100/100
|move|p2a: Torkoal|Flamethrower|p1a: Alomomola
|-resisted|p1a: Alomomola
|-damage|p1a: Alomomola|91/100
|
|-weather|SunnyDay|[upkeep]
|-heal|p2a: Torkoal|80/100|[from] item: Leftovers
|upkeep
|turn|4
|
|t:|1760762201
|switch|p2a: Walking Wake|Walking Wake|100/100
|-activate|p2a: Walking Wake|ability: Protosynthesis
|-start|p2a: Walking Wake|protosynthesisspa
|move|p1a: Alomomola|Flip Turn|p2a: Walking Wake
|-resisted|p2a: Walking Wake
|-damage|p2a: Walking Wake|98/100
|
|t:|1760762209
|switch|p1a: Hydrapple|Hydrapple, M, shiny|100/100|[from] Flip Turn
|
|-weather|SunnyDay|[upkeep]
|upkeep
|turn|5
|
|t:|1760762216
|-terastallize|p1a: Hydrapple|Steel
|move|p2a: Walking Wake|Weather Ball|p1a: Hydrapple
|-supereffective|p1a: Hydrapple
|-damage|p1a: Hydrapple|0 fnt
|faint|p1a: Hydrapple
|
|-weather|SunnyDay|[upkeep]
|upkeep
|
|t:|1760762233
|switch|p1a: Hoopa|Hoopa-Unbound|100/100
|turn|6
|
|t:|1760762238
|move|p2a: Walking Wake|Weather Ball|p1a: Hoopa
|-damage|p1a: Hoopa|36/100
|move|p1a: Hoopa|Knock Off|p2a: Walking Wake
|-damage|p2a: Walking Wake|32/100
|-enditem|p2a: Walking Wake|Choice Scarf|[from] move: Knock Off|[of] p1a: Hoopa
|
|-weather|none
|-end|p2a: Walking Wake|Protosynthesis
|upkeep
|turn|7
|
|t:|1760762252
|switch|p1a: Alomomola|Alomomola, F|100/100
|move|p2a: Walking Wake|Draco Meteor|p1a: Alomomola
|-damage|p1a: Alomomola|64/100
|-unboost|p2a: Walking Wake|spa|2
|
|upkeep
|turn|8
|
|t:|1760762262
|-end|p2a: Walking Wake|Protosynthesis|[silent]
|switch|p2a: Whimsicott|Whimsicott, M|100/100
|move|p1a: Alomomola|Flip Turn|p2a: Whimsicott
|-resisted|p2a: Whimsicott
|-damage|p2a: Whimsicott|91/100
|
|t:|1760762276
|switch|p1a: Gholdengo|Gholdengo|100/100|[from] Flip Turn
|-item|p1a: Gholdengo|Air Balloon
|
|upkeep
|turn|9
|
|t:|1760762282
|move|p2a: Whimsicott|Sunny Day|p2a: Whimsicott
|-weather|SunnyDay
|move|p1a: Gholdengo|Make It Rain|p2a: Whimsicott
|-supereffective|p2a: Whimsicott
|-damage|p2a: Whimsicott|0 fnt
|-unboost|p1a: Gholdengo|spa|1
|faint|p2a: Whimsicott
|
|-weather|SunnyDay|[upkeep]
|upkeep
|
|t:|1760762295
|switch|p2a: Walking Wake|Walking Wake|32/100
|-activate|p2a: Walking Wake|ability: Protosynthesis
|-start|p2a: Walking Wake|protosynthesisspa
|turn|10
|
|t:|1760762302
|switch|p1a: Alomomola|Alomomola, F|97/100
|move|p2a: Walking Wake|Hydro Steam|p1a: Alomomola
|-resisted|p1a: Alomomola
|-damage|p1a: Alomomola|77/100
|
|-weather|SunnyDay|[upkeep]
|upkeep
|turn|11
|
|t:|1760762312
|move|p2a: Walking Wake|Draco Meteor|p1a: Alomomola
|-damage|p1a: Alomomola|35/100
|-unboost|p2a: Walking Wake|spa|2
|move|p1a: Alomomola|Mirror Coat|p2a: Walking Wake
|-damage|p2a: Walking Wake|0 fnt
|faint|p2a: Walking Wake
|-end|p2a: Walking Wake|Protosynthesis|[silent]
|
|-weather|SunnyDay|[upkeep]
|upkeep
|
|t:|1760762323
|switch|p2a: Gliscor|Gliscor, M, shiny|100/100
|turn|12
|
|t:|1760762327
|move|p2a: Gliscor|Swords Dance|p2a: Gliscor
|-boost|p2a: Gliscor|atk|2
|move|p1a: Alomomola|Flip Turn|p2a: Gliscor
|-supereffective|p2a: Gliscor
|-damage|p2a: Gliscor|86/100
|
|t:|1760762342
|switch|p1a: Hoopa|Hoopa-Unbound|36/100|[from] Flip Turn
|
|-weather|SunnyDay|[upkeep]
|-status|p2a: Gliscor|tox|[from] item: Toxic Orb
|upkeep
|turn|13
|
|t:|1760762365
|move|p2a: Gliscor|Protect|p2a: Gliscor
|-singleturn|p2a: Gliscor|Protect
|move|p1a: Hoopa|Psychic Noise|p2a: Gliscor
|-activate|p2a: Gliscor|move: Protect
|
|-weather|none
|-heal|p2a: Gliscor|98/100 tox|[from] ability: Poison Heal
|upkeep
|turn|14
|
|t:|1760762377
|switch|p1a: Gliscor|Gliscor, M|100/100
|move|p2a: Gliscor|Dual Wingbeat|p1a: Gliscor
|-damage|p1a: Gliscor|78/100
|-damage|p1a: Gliscor|55/100
|-hitcount|p1a: Gliscor|2
|
|-heal|p2a: Gliscor|100/100 tox|[from] ability: Poison Heal
|-status|p1a: Gliscor|tox|[from] item: Toxic Orb
|upkeep
|turn|15
|
|t:|1760762392
|switch|p1a: Alomomola|Alomomola, F|68/100
|move|p2a: Gliscor|Dual Wingbeat|p1a: Alomomola
|-damage|p1a: Alomomola|47/100
|-damage|p1a: Alomomola|27/100
|-hitcount|p1a: Alomomola|2
|
|upkeep
|turn|16
|
|t:|1760762401
|move|p2a: Gliscor|Swords Dance|p2a: Gliscor
|-boost|p2a: Gliscor|atk|2
|move|p1a: Alomomola|Scald|p2a: Gliscor
|-supereffective|p2a: Gliscor
|-damage|p2a: Gliscor|57/100 tox
|
|-heal|p2a: Gliscor|70/100 tox|[from] ability: Poison Heal
|upkeep
|turn|17
|
|t:|1760762411
|move|p2a: Gliscor|Dual Wingbeat|p1a: Alomomola
|-crit|p1a: Alomomola
|-damage|p1a: Alomomola|0 fnt
|faint|p1a: Alomomola
|-hitcount|p1: Alomomola|1
|
|-heal|p2a: Gliscor|82/100 tox|[from] ability: Poison Heal
|upkeep
|
|t:|1760762419
|switch|p1a: Hoopa|Hoopa-Unbound|36/100
|turn|18
|
|t:|1760762422
|move|p2a: Gliscor|Protect|p2a: Gliscor
|-singleturn|p2a: Gliscor|Protect
|move|p1a: Hoopa|Psychic Noise|p2a: Gliscor
|-activate|p2a: Gliscor|move: Protect
|
|-heal|p2a: Gliscor|94/100 tox|[from] ability: Poison Heal
|upkeep
|turn|19
|
|t:|1760762431
|move|p1a: Hoopa|Psychic Noise|p2a: Gliscor
|-damage|p2a: Gliscor|33/100 tox
|-start|p2a: Gliscor|move: Heal Block
|move|p2a: Gliscor|Dual Wingbeat|p1a: Hoopa
|-damage|p1a: Hoopa|0 fnt
|faint|p1a: Hoopa
|-hitcount|p1: Hoopa|1
|
|upkeep
|
|t:|1760762441
|switch|p1a: Cinderace|Cinderace, F|100/100
|turn|20
|
|t:|1760762453
|move|p1a: Cinderace|Pyro Ball|p2a: Gliscor
|-damage|p2a: Gliscor|0 fnt
|faint|p2a: Gliscor
|
|upkeep
|
|t:|1760762460
|switch|p2a: Hatterene|Hatterene, F, shiny|87/100
|turn|21
|
|t:|1760762470
|move|p1a: Cinderace|U-turn|p2a: Hatterene
|-damage|p2a: Hatterene|66/100
|
|t:|1760762472
|switch|p1a: Gholdengo|Gholdengo|100/100|[from] U-turn
|-item|p1a: Gholdengo|Air Balloon
|move|p2a: Hatterene|Thunder Wave|p1a: Gholdengo
|-immune|p1a: Gholdengo|[from] ability: Good as Gold
|
|-heal|p2a: Hatterene|72/100|[from] item: Leftovers
|upkeep
|turn|22
|
|t:|1760762483
|move|p1a: Gholdengo|Make It Rain|p2a: Hatterene
|-supereffective|p2a: Hatterene
|-damage|p2a: Hatterene|0 fnt
|-unboost|p1a: Gholdengo|spa|1
|faint|p2a: Hatterene
|
|upkeep
|
|t:|1760762490
|switch|p2a: Kingambit|Kingambit, M|100/100
|-activate|p2a: Kingambit|ability: Supreme Overlord
|-start|p2a: Kingambit|fallen4|[silent]
|turn|23
|
|t:|1760762501
|switch|p1a: Cinderace|Cinderace, F|100/100
|move|p2a: Kingambit|Substitute|p2a: Kingambit
|-start|p2a: Kingambit|Substitute
|-damage|p2a: Kingambit|75/100
|
|upkeep
|turn|24
|
|t:|1760762509
|move|p1a: Cinderace|Pyro Ball|p2a: Kingambit
|-supereffective|p2a: Kingambit
|-end|p2a: Kingambit|Substitute
|move|p2a: Kingambit|Swords Dance|p2a: Kingambit
|-boost|p2a: Kingambit|atk|2
|
|upkeep
|turn|25
|
|t:|1760762518
|-terastallize|p2a: Kingambit|Dark
|move|p2a: Kingambit|Sucker Punch||[still]
|-fail|p2a: Kingambit
|move|p1a: Cinderace|Will-O-Wisp|p2a: Kingambit
|-status|p2a: Kingambit|brn
|
|-damage|p2a: Kingambit|69/100 brn|[from] brn
|upkeep
|turn|26
|
|t:|1760762532
|switch|p1a: Gliscor|Gliscor, M|55/100 tox
|move|p2a: Kingambit|Sucker Punch||[still]
|-fail|p2a: Kingambit
|
|-heal|p1a: Gliscor|68/100 tox|[from] ability: Poison Heal
|-damage|p2a: Kingambit|63/100 brn|[from] brn
|upkeep
|turn|27
|
|t:|1760762540
|move|p2a: Kingambit|Sucker Punch|p1a: Gliscor
|-damage|p1a: Gliscor|0 fnt
|faint|p1a: Gliscor
|
|-damage|p2a: Kingambit|57/100 brn|[from] brn
|upkeep
|
|t:|1760762548
|switch|p1a: Gholdengo|Gholdengo|100/100
|-item|p1a: Gholdengo|Air Balloon
|turn|28
|
|t:|1760762556
|move|p2a: Kingambit|Sucker Punch||[still]
|-fail|p2a: Kingambit
|move|p1a: Gholdengo|Recover||[still]
|-fail|p1a: Gholdengo|heal
|
|-damage|p2a: Kingambit|51/100 brn|[from] brn
|upkeep
|turn|29
|
|t:|1760762566
|move|p2a: Kingambit|Sucker Punch||[still]
|-fail|p2a: Kingambit
|move|p1a: Gholdengo|Thunder Wave||[still]
|-fail|p1a: Gholdengo
|
|-damage|p2a: Kingambit|45/100 brn|[from] brn
|upkeep
|turn|30
|
|t:|1760762574
|move|p1a: Gholdengo|Thunder Wave||[still]
|-fail|p1a: Gholdengo
|move|p2a: Kingambit|Kowtow Cleave|p1a: Gholdengo
|-supereffective|p1a: Gholdengo
|-damage|p1a: Gholdengo|0 fnt
|-enditem|p1a: Gholdengo|Air Balloon
|faint|p1a: Gholdengo
|
|-damage|p2a: Kingambit|39/100 brn|[from] brn
|upkeep
|
|t:|1760762585
|switch|p1a: Cinderace|Cinderace, F|100/100
|turn|31
|
|t:|1760762591
|move|p2a: Kingambit|Sucker Punch|p1a: Cinderace
|-damage|p1a: Cinderace|0 fnt
|faint|p1a: Cinderace
|
|win|elimolly
|raw|usucklatias's rating: 1076 &rarr; <strong>1054</strong><br />(-22 for losing)
|raw|elimolly's rating: 1073 &rarr; <strong>1102</strong><br />(+29 for winning)
|l|☆usucklatias
|player|p1|
|c|☆elimolly|Ggs
|l|☆elimolly
|player|p2|
