|j|☆gilatalk
|j|☆olaf-18
|t:|1760839212
|gametype|singles
|player|p1|gilatalk|266|1549
|player|p2|olaf-18|102|1577
|gen|9
|tier|[Gen 9] OU
|rated|
|rule|HP Percentage Mod: HP is shown in percentages
|rule|Endless Battle Clause: Forcing endless battles is banned
|rule|Species Clause: Limit one of each Pokémon
|rule|OHKO Clause: OHKO moves are banned
|rule|Evasion Items Clause: Evasion items are banned
|rule|Evasion Moves Clause: Evasion moves are banned
|rule|Evasion Abilities Clause: Evasion abilities are banned
|rule|Sleep Moves Clause: Sleep-inducing moves are banned
|clearpoke
|poke|p1|Great Tusk|
|poke|p1|Raging Bolt|
|poke|p1|Iron Valiant|
|poke|p1|Dudunsparce-*, M|
|poke|p1|Latios, M|
|poke|p1|Gholdengo|
|poke|p2|Slowking-Galar, M|
|poke|p2|Armarouge, F|
|poke|p2|Gholdengo|
|poke|p2|Ursaluna, M|
|poke|p2|Regidrago|
|poke|p2|Whimsicott, F|
|teampreview
|
|t:|1760839219
|teamsize|p1|6
|teamsize|p2|6
|start
|switch|p1a: Dudunsparce|Dudunsparce-Three-Segment, M|100/100
|switch|p2a: Armarouge|Armarouge, F|100/100
|turn|1
|inactive|Battle timer is ON: inactive players will automatically lose when time's up. (requested by gilatalk)
|
|t:|1760839227
|move|p1a: Dudunsparce|Boomburst|p2a: Armarouge
|-damage|p2a: Armarouge|37/100
|move|p2a: Armarouge|Armor Cannon|p1a: Dudunsparce
|-damage|p1a: Dudunsparce|21/100
|-unboost|p2a: Armarouge|def|1
|-unboost|p2a: Armarouge|spd|1
|
|-heal|p1a: Dudunsparce|28/100|[from] item: Leftovers
|upkeep
|turn|2
|
|t:|1760839235
|switch|p2a: Gholdengo|Gholdengo|100/100
|-item|p2a: Gholdengo|Air Balloon
|move|p1a: Dudunsparce|Stealth Rock|p2a: Gholdengo
|-sidestart|p2: olaf-18|move: Stealth Rock
|
|-heal|p1a: Dudunsparce|34/100|[from] item: Leftovers
|upkeep
|turn|3
|
|t:|1760839243
|move|p2a: Gholdengo|Make It Rain|p1a: Dudunsparce
|-damage|p1a: Dudunsparce|0 fnt
|-unboost|p2a: Gholdengo|spa|1
|faint|p1a: Dudunsparce
|
|upkeep
|
|t:|1760839258
|switch|p1a: Gholdengo|Gholdengo|100/100
|turn|4
|
|t:|1760839263
|switch|p2a: Armarouge|Armarouge, F|37/100
|-damage|p2a: Armarouge|12/100|[from] Stealth Rock
|move|p1a: Gholdengo|Nasty Plot|p1a: Gholdengo
|-boost|p1a: Gholdengo|spa|2
|
|upkeep
|turn|5
|
|t:|1760839266
|move|p1a: Gholdengo|Shadow Ball|p2a: Armarouge
|-supereffective|p2a: Armarouge
|-crit|p2a: Armarouge
|-damage|p2a: Armarouge|0 fnt
|faint|p2a: Armarouge
|
|upkeep
|
|t:|1760839270
|switch|p2a: Whimsicott|Whimsicott, F|100/100
|-damage|p2a: Whimsicott|88/100|[from] Stealth Rock
|turn|6
|
|t:|1760839273
|move|p2a: Whimsicott|Tailwind|p2a: Whimsicott
|-sidestart|p2: olaf-18|move: Tailwind
|move|p1a: Gholdengo|Shadow Ball|p2a: Whimsicott
|-damage|p2a: Whimsicott|0 fnt
|faint|p2a: Whimsicott
|
|upkeep
|
|t:|1760839284
|switch|p2a: Gholdengo|Gholdengo|100/100
|-damage|p2a: Gholdengo|94/100|[from] Stealth Rock
|-item|p2a: Gholdengo|Air Balloon
|turn|7
|
|t:|1760839288
|-terastallize|p1a: Gholdengo|Steel
|move|p2a: Gholdengo|Shadow Ball|p1a: Gholdengo
|-damage|p1a: Gholdengo|50/100
|move|p1a: Gholdengo|Shadow Ball|p2a: Gholdengo
|-supereffective|p2a: Gholdengo
|-damage|p2a: Gholdengo|0 fnt
|-enditem|p2a: Gholdengo|Air Balloon
|faint|p2a: Gholdengo
|
|upkeep
|
|t:|1760839297
|switch|p2a: Regidrago|Regidrago|100/100
|-damage|p2a: Regidrago|88/100|[from] Stealth Rock
|turn|8
|
|t:|1760839302
|switch|p1a: Iron Valiant|Iron Valiant|100/100
|-enditem|p1a: Iron Valiant|Booster Energy
|-activate|p1a: Iron Valiant|ability: Quark Drive|[fromitem]
|-start|p1a: Iron Valiant|quarkdrivespe
|move|p2a: Regidrago|Earth Power|p1a: Iron Valiant
|-damage|p1a: Iron Valiant|13/100
|
|upkeep
|turn|9
|
|t:|1760839316
|switch|p2a: Slowking|Slowking-Galar, M|100/100
|move|p1a: Iron Valiant|Moonblast|p2a: Slowking
|-resisted|p2a: Slowking
|-damage|p2a: Slowking|83/100
|
|-sideend|p2: olaf-18|move: Tailwind
|upkeep
|turn|10
|
|t:|1760839322
|move|p1a: Iron Valiant|Knock Off|p2a: Slowking
|-supereffective|p2a: Slowking
|-damage|p2a: Slowking|23/100
|-enditem|p2a: Slowking|Heavy-Duty Boots|[from] move: Knock Off|[of] p1a: Iron Valiant
|move|p2a: Slowking|Trick Room|p2a: Slowking
|-fieldstart|move: Trick Room|[of] p2a: Slowking
|
|upkeep
|turn|11
|
|t:|1760839333
|switch|p2a: Ursaluna|Ursaluna, M|100/100
|-damage|p2a: Ursaluna|94/100|[from] Stealth Rock
|move|p1a: Iron Valiant|Knock Off|p2a: Ursaluna
|-damage|p2a: Ursaluna|75/100
|-enditem|p2a: Ursaluna|Flame Orb|[from] move: Knock Off|[of] p1a: Iron Valiant
|
|upkeep
|turn|12
|
|t:|1760839342
|-end|p1a: Iron Valiant|Quark Drive|[silent]
|switch|p1a: Gholdengo|Gholdengo, tera:Steel|50/100
|move|p2a: Ursaluna|Facade|p1a: Gholdengo
|-resisted|p1a: Gholdengo
|-damage|p1a: Gholdengo|25/100
|
|upkeep
|turn|13
|
|t:|1760839350
|switch|p1a: Latios|Latios, M|100/100
|move|p2a: Ursaluna|Supercell Slam|p1a: Latios
|-resisted|p1a: Latios
|-damage|p1a: Latios|72/100
|
|upkeep
|turn|14
|
|t:|1760839357
|switch|p1a: Gholdengo|Gholdengo, tera:Steel|25/100
|move|p2a: Ursaluna|Avalanche|p1a: Gholdengo
|-resisted|p1a: Gholdengo
|-damage|p1a: Gholdengo|13/100
|
|-fieldend|move: Trick Room
|upkeep
|turn|15
|
|t:|1760839368
|move|p1a: Gholdengo|Nasty Plot|p1a: Gholdengo
|-boost|p1a: Gholdengo|spa|2
|move|p2a: Ursaluna|Earthquake|p1a: Gholdengo
|-supereffective|p1a: Gholdengo
|-damage|p1a: Gholdengo|0 fnt
|faint|p1a: Gholdengo
|
|upkeep
|
|t:|1760839380
|switch|p1a: Great Tusk|Great Tusk|100/100
|-enditem|p1a: Great Tusk|Booster Energy
|-activate|p1a: Great Tusk|ability: Protosynthesis|[fromitem]
|-start|p1a: Great Tusk|protosynthesisspe
|turn|16
|
|t:|1760839385
|move|p1a: Great Tusk|Bulk Up|p1a: Great Tusk
|-boost|p1a: Great Tusk|atk|1
|-boost|p1a: Great Tusk|def|1
|move|p2a: Ursaluna|Avalanche|p1a: Great Tusk
|-supereffective|p1a: Great Tusk
|-damage|p1a: Great Tusk|82/100
|
|upkeep
|turn|17
|
|t:|1760839390
|switch|p2a: Slowking|Slowking-Galar, M|56/100
|-damage|p2a: Slowking|44/100|[from] Stealth Rock
|move|p1a: Great Tusk|Bulk Up|p1a: Great Tusk
|-boost|p1a: Great Tusk|atk|1
|-boost|p1a: Great Tusk|def|1
|
|upkeep
|turn|18
|
|t:|1760839393
|-terastallize|p2a: Slowking|Flying
|move|p1a: Great Tusk|Headlong Rush|p2a: Slowking
|-immune|p2a: Slowking
|move|p2a: Slowking|Trick Room|p2a: Slowking
|-fieldstart|move: Trick Room|[of] p2a: Slowking
|
|upkeep
|turn|19
|
|t:|1760839398
|move|p2a: Slowking|Ice Beam|p1a: Great Tusk
|-supereffective|p1a: Great Tusk
|-damage|p1a: Great Tusk|2/100
|move|p1a: Great Tusk|Ice Spinner|p2a: Slowking
|-supereffective|p2a: Slowking
|-damage|p2a: Slowking|0 fnt
|faint|p2a: Slowking
|
|upkeep
|
|t:|1760839401
|switch|p2a: Ursaluna|Ursaluna, M|75/100
|-damage|p2a: Ursaluna|69/100|[from] Stealth Rock
|turn|20
|
|t:|1760839417
|-end|p1a: Great Tusk|Protosynthesis|[silent]
|switch|p1a: Iron Valiant|Iron Valiant|13/100
|move|p2a: Ursaluna|Facade|p1a: Iron Valiant
|-damage|p1a: Iron Valiant|0 fnt
|faint|p1a: Iron Valiant
|-end|p1a: Iron Valiant|Quark Drive|[silent]
|
|upkeep
|
|t:|1760839422
|switch|p1a: Latios|Latios, M|72/100
|turn|21
|
|t:|1760839434
|move|p1a: Latios|Recover|p1a: Latios
|-heal|p1a: Latios|100/100
|move|p2a: Ursaluna|Avalanche|p1a: Latios
|-supereffective|p1a: Latios
|-damage|p1a: Latios|33/100
|
|upkeep
|turn|22
|
|t:|1760839447
|switch|p1a: Great Tusk|Great Tusk|2/100
|move|p2a: Ursaluna|Facade|p1a: Great Tusk
|-damage|p1a: Great Tusk|0 fnt
|faint|p1a: Great Tusk
|-end|p1a: Great Tusk|Protosynthesis|[silent]
|
|-fieldend|move: Trick Room
|upkeep
|
|t:|1760839460
|switch|p1a: Latios|Latios, M|33/100
|turn|23
|
|t:|1760839467
|move|p1a: Latios|Draco Meteor|p2a: Ursaluna
|-damage|p2a: Ursaluna|0 fnt
|-unboost|p1a: Latios|spa|2
|faint|p2a: Ursaluna
|
|upkeep
|
|t:|1760839470
|switch|p2a: Regidrago|Regidrago|88/100
|-damage|p2a: Regidrago|76/100|[from] Stealth Rock
|turn|24
|
|t:|1760839474
|move|p1a: Latios|Draco Meteor|p2a: Regidrago|[miss]
|-miss|p1a: Latios|p2a: Regidrago
|move|p2a: Regidrago|Draco Meteor|p1a: Latios|[miss]
|-miss|p2a: Regidrago|p1a: Latios
|
|upkeep
|turn|25
|
|t:|1760839477
|move|p1a: Latios|Draco Meteor|p2a: Regidrago
|-supereffective|p2a: Regidrago
|-damage|p2a: Regidrago|0 fnt
|-unboost|p1a: Latios|spa|2
|faint|p2a: Regidrago
|
|win|gilatalk
|raw|gilatalk's rating: 1549 &rarr; <strong>1571</strong><br />(+22 for winning)
|raw|olaf-18's rating: 1577 &rarr; <strong>1555</strong><br />(-22 for losing)
|l|☆gilatalk
|player|p1|
|l|☆olaf-18
|player|p2|
