|j|☆player jack
|j|☆Enkidu504
|t:|1760854238
|gametype|singles
|player|p1|player jack|roxie|1275
|player|p2|Enkidu504|bellelba|1326
|gen|9
|tier|[Gen 9] OU
|rated|
|rule|HP Percentage Mod: HP is shown in percentages
|rule|Endless Battle Clause: Forcing endless battles is banned
|rule|Species Clause: Limit one of each Pokémon
|rule|OHKO Clause: OHKO moves are banned
|rule|Evasion Items Clause: Evasion items are banned
|rule|Evasion Moves Clause: Evasion moves are banned
|rule|Evasion Abilities Clause: Evasion abilities are banned
|rule|Sleep Moves Clause: Sleep-inducing moves are banned
|clearpoke
|poke|p1|Iron Treads|
|poke|p1|Rillaboom, F|
|poke|p1|Falinks|
|poke|p1|Landorus-Therian, M|
|poke|p1|Hatterene, F|
|poke|p1|Zoroark-Hisui, F|
|poke|p2|Indeedee, M|
|poke|p2|Hatterene, F|
|poke|p2|Polteageist|
|poke|p2|Hawlucha, F|
|poke|p2|Maushold|
|poke|p2|Gallade, M|
|teampreview
|inactive|Battle timer is ON: inactive players will automatically lose when time's up. (requested by Enkidu504)
|
|t:|1760854253
|teamsize|p1|6
|teamsize|p2|6
|start
|switch|p1a: Landorus|Landorus-Therian, M, shiny|100/100
|switch|p2a: Indeedee|Indeedee, M|100/100
|-fieldstart|move: Psychic Terrain|[from] ability: Psychic Surge|[of] p2a: Indeedee
|-ability|p1a: Landorus|Intimidate|boost
|-unboost|p2a: Indeedee|atk|1
|turn|1
|
|t:|1760854259
|switch|p2a: Hatterene|Hatterene, F|100/100
|move|p1a: Landorus|U-turn|p2a: Hatterene
|-damage|p2a: Hatterene|67/100
|-enditem|p2a: Hatterene|Eject Button
|inactive|Enkidu504 has 120 seconds left.
|
|t:|1760854289
|switch|p2a: Gallade|Gallade, M|100/100
|
|upkeep
|turn|2
|inactive|Enkidu504 has 120 seconds left.
|
|t:|1760854303
|switch|p1a: Rillaboom|Rillaboom, F, shiny|100/100
|-fieldstart|move: Grassy Terrain|[from] ability: Grassy Surge|[of] p1a: Rillaboom
|move|p2a: Gallade|Psycho Cut|p1a: Rillaboom
|-crit|p1a: Rillaboom
|-damage|p1a: Rillaboom|30/100
|
|-heal|p1a: Rillaboom|36/100|[from] Grassy Terrain
|upkeep
|turn|3
|inactive|Enkidu504 has 120 seconds left.
|
|t:|1760854319
|switch|p1a: Hatterene|Hatterene, F, shiny|100/100
|move|p2a: Gallade|Sacred Sword|p1a: Hatterene
|-resisted|p1a: Hatterene
|-damage|p1a: Hatterene|84/100
|
|-heal|p1a: Hatterene|89/100|[from] Grassy Terrain
|upkeep
|turn|4
|inactive|Enkidu504 has 120 seconds left.
|
|t:|1760854329
|switch|p2a: Indeedee|Indeedee, M|100/100
|-fieldstart|move: Psychic Terrain|[from] ability: Psychic Surge|[of] p2a: Indeedee
|move|p1a: Hatterene|Draining Kiss|p2a: Indeedee
|-damage|p2a: Indeedee|64/100
|-heal|p1a: Hatterene|100/100|[from] drain|[of] p2a: Indeedee
|
|upkeep
|turn|5
|
|t:|1760854338
|switch|p2a: Hatterene|Hatterene, F|67/100
|switch|p1a: Rillaboom|Rillaboom, F, shiny|36/100
|-fieldstart|move: Grassy Terrain|[from] ability: Grassy Surge|[of] p1a: Rillaboom
|
|-heal|p1a: Rillaboom|42/100|[from] Grassy Terrain
|-heal|p2a: Hatterene|73/100|[from] Grassy Terrain
|upkeep
|turn|6
|
|t:|1760854343
|move|p1a: Rillaboom|U-turn|p2a: Hatterene
|-damage|p2a: Hatterene|50/100
|
|t:|1760854345
|switch|p1a: Iron Treads|Iron Treads, shiny|100/100|[from] U-turn
|-enditem|p1a: Iron Treads|Booster Energy
|-activate|p1a: Iron Treads|ability: Quark Drive|[fromitem]
|-start|p1a: Iron Treads|quarkdrivespe
|move|p2a: Hatterene|Nuzzle|p1a: Iron Treads
|-immune|p1a: Iron Treads
|
|-heal|p2a: Hatterene|56/100|[from] Grassy Terrain
|upkeep
|turn|7
|
|t:|1760854348
|move|p1a: Iron Treads|Stealth Rock|p2a: Hatterene
|move|p2a: Hatterene|Stealth Rock|p1a: Iron Treads|[from] ability: Magic Bounce
|-sidestart|p1: player jack|move: Stealth Rock
|move|p2a: Hatterene|Mystical Fire|p1a: Iron Treads
|-supereffective|p1a: Iron Treads
|-damage|p1a: Iron Treads|37/100
|-unboost|p1a: Iron Treads|spa|1
|
|-heal|p1a: Iron Treads|43/100|[from] Grassy Terrain
|-heal|p2a: Hatterene|62/100|[from] Grassy Terrain
|upkeep
|turn|8
|
|t:|1760854363
|move|p1a: Iron Treads|Heavy Slam|p2a: Hatterene
|-supereffective|p2a: Hatterene
|-damage|p2a: Hatterene|0 fnt
|faint|p2a: Hatterene
|
|-heal|p1a: Iron Treads|49/100|[from] Grassy Terrain
|upkeep
|
|t:|1760854372
|switch|p2a: Polteageist|Polteageist|100/100
|turn|9
|
|t:|1760854381
|move|p1a: Iron Treads|Heavy Slam|p2a: Polteageist
|-crit|p2a: Polteageist
|-enditem|p2a: Polteageist|Focus Sash
|-damage|p2a: Polteageist|1/100
|-ability|p2a: Polteageist|Weak Armor|boost
|-unboost|p2a: Polteageist|def|1
|-boost|p2a: Polteageist|spe|2
|move|p2a: Polteageist|Shadow Ball|p1a: Iron Treads
|-crit|p1a: Iron Treads
|-damage|p1a: Iron Treads|0 fnt
|faint|p1a: Iron Treads
|-end|p1a: Iron Treads|Quark Drive|[silent]
|
|-heal|p2a: Polteageist|7/100|[from] Grassy Terrain
|upkeep
|
|t:|1760854387
|switch|p1a: Rillaboom|Rillaboom, F, shiny|42/100
|-damage|p1a: Rillaboom|30/100|[from] Stealth Rock
|turn|10
|
|t:|1760854390
|switch|p2a: Indeedee|Indeedee, M|64/100
|-fieldstart|move: Psychic Terrain|[from] ability: Psychic Surge|[of] p2a: Indeedee
|move|p1a: Rillaboom|Grassy Glide|p2a: Indeedee
|-damage|p2a: Indeedee|13/100
|
|upkeep
|turn|11
|
|t:|1760854400
|switch|p2a: Polteageist|Polteageist|7/100
|switch|p1a: Landorus|Landorus-Therian, M, shiny|100/100
|-damage|p1a: Landorus|88/100|[from] Stealth Rock
|-ability|p1a: Landorus|Intimidate|boost
|-unboost|p2a: Polteageist|atk|1
|
|upkeep
|turn|12
|
|t:|1760854408
|move|p1a: Landorus|U-turn|p2a: Polteageist
|-resisted|p2a: Polteageist
|-damage|p2a: Polteageist|0 fnt
|faint|p2a: Polteageist
|
|t:|1760854416
|switch|p1a: Hatterene|Hatterene, F, shiny|100/100|[from] U-turn
|-damage|p1a: Hatterene|88/100|[from] Stealth Rock
|
|upkeep
|
|t:|1760854425
|switch|p2a: Maushold|Maushold|100/100
|turn|13
|
|t:|1760854433
|move|p2a: Maushold|Population Bomb|p1a: Hatterene
|-damage|p1a: Hatterene|77/100
|-damage|p1a: Hatterene|65/100
|-damage|p1a: Hatterene|53/100
|-damage|p1a: Hatterene|42/100
|-damage|p1a: Hatterene|32/100
|-damage|p1a: Hatterene|21/100
|-damage|p1a: Hatterene|8/100
|-damage|p1a: Hatterene|0 fnt
|faint|p1a: Hatterene
|-hitcount|p1: Hatterene|8
|
|upkeep
|
|t:|1760854436
|switch|p1a: Landorus|Landorus-Therian, M, shiny|100/100
|-damage|p1a: Landorus|88/100|[from] Stealth Rock
|turn|14
|
|t:|1760854448
|-terastallize|p1a: Landorus|Fairy
|move|p2a: Maushold|Population Bomb|p1a: Landorus
|-damage|p1a: Landorus|64/100
|replace|p1a: Zoroark|Zoroark-Hisui, F, shiny
|-end|p1a: Zoroark|Illusion
|-damage|p1a: Zoroark|41/100
|-damage|p1a: Zoroark|18/100
|-damage|p1a: Zoroark|0 fnt
|faint|p1a: Zoroark
|-hitcount|p1: Zoroark|4
|
|upkeep
|
|t:|1760854456
|switch|p1a: Rillaboom|Rillaboom, F, shiny|30/100
|-damage|p1a: Rillaboom|18/100|[from] Stealth Rock
|-fieldstart|move: Grassy Terrain|[from] ability: Grassy Surge|[of] p1a: Rillaboom
|turn|15
|
|t:|1760854461
|move|p1a: Rillaboom|Grassy Glide|p2a: Maushold
|-damage|p2a: Maushold|34/100
|move|p2a: Maushold|Population Bomb|p1a: Rillaboom
|-damage|p1a: Rillaboom|6/100
|-damage|p1a: Rillaboom|0 fnt
|faint|p1a: Rillaboom
|-hitcount|p1: Rillaboom|2
|
|-heal|p2a: Maushold|40/100|[from] Grassy Terrain
|upkeep
|l|☆player jack
|inactive|player jack disconnected and has a minute to reconnect!
|player|p1|
|inactive|player jack has 30 seconds to reconnect!
|inactive|player jack has 20 seconds to reconnect!
|inactive|player jack has 15 seconds to reconnect!
|inactive|player jack has 10 seconds to reconnect!
|inactive|player jack has 5 seconds to reconnect!
|j|☆player jack
|inactive|player jack reconnected and has 80 seconds left.
|player|p1|player jack|roxie|
|
|t:|1760854536
|switch|p1a: Landorus|Landorus-Therian, M, shiny|88/100
|-damage|p1a: Landorus|75/100|[from] Stealth Rock
|-ability|p1a: Landorus|Intimidate|boost
|-unboost|p2a: Maushold|atk|1
|turn|16
|
|t:|1760854545
|switch|p2a: Indeedee|Indeedee, M|13/100
|-fieldstart|move: Psychic Terrain|[from] ability: Psychic Surge|[of] p2a: Indeedee
|move|p1a: Landorus|U-turn|p2a: Indeedee
|-supereffective|p2a: Indeedee
|-damage|p2a: Indeedee|0 fnt
|faint|p2a: Indeedee
|
|t:|1760854553
|switch|p1a: Falinks|Falinks, shiny|100/100|[from] U-turn
|-damage|p1a: Falinks|94/100|[from] Stealth Rock
|
|-heal|p1a: Falinks|100/100|[from] item: Leftovers
|upkeep
|
|t:|1760854563
|switch|p2a: Gallade|Gallade, M|100/100
|turn|17
|
|t:|1760854568
|move|p1a: Falinks|No Retreat|p1a: Falinks
|-boost|p1a: Falinks|atk|1
|-boost|p1a: Falinks|def|1
|-boost|p1a: Falinks|spa|1
|-boost|p1a: Falinks|spd|1
|-boost|p1a: Falinks|spe|1
|-start|p1a: Falinks|move: No Retreat
|move|p2a: Gallade|Psycho Cut|p1a: Falinks
|-supereffective|p1a: Falinks
|-damage|p1a: Falinks|0 fnt
|faint|p1a: Falinks
|
|upkeep
|
|t:|1760854575
|switch|p1a: Landorus|Landorus-Therian, M, shiny|75/100
|-damage|p1a: Landorus|63/100|[from] Stealth Rock
|-ability|p1a: Landorus|Intimidate|boost
|-unboost|p2a: Gallade|atk|1
|turn|18
|inactive|Enkidu504 has 120 seconds left.
|
|t:|1760854612
|move|p1a: Landorus|Stone Edge|p2a: Gallade
|-resisted|p2a: Gallade
|-crit|p2a: Gallade
|-damage|p2a: Gallade|29/100
|move|p2a: Gallade|Psycho Cut|p1a: Landorus
|-damage|p1a: Landorus|5/100
|
|upkeep
|turn|19
|inactive|Enkidu504 has 120 seconds left.
|
|t:|1760854633
|move|p1a: Landorus|Stone Edge|p2a: Gallade
|-resisted|p2a: Gallade
|-damage|p2a: Gallade|0 fnt
|faint|p2a: Gallade
|
|upkeep
|inactive|Enkidu504 has 120 seconds left.
|
|t:|1760854663
|switch|p2a: Hawlucha|Hawlucha, F|100/100
|-enditem|p2a: Hawlucha|Psychic Seed
|-boost|p2a: Hawlucha|spd|1|[from] item: Psychic Seed
|turn|20
|
|t:|1760854668
|-terastallize|p2a: Hawlucha|Ground
|move|p2a: Hawlucha|Acrobatics|p1a: Landorus
|-damage|p1a: Landorus|0 fnt
|faint|p1a: Landorus
|
|win|Enkidu504
|raw|player jack's rating: 1275 &rarr; <strong>1254</strong><br />(-21 for losing)
|raw|Enkidu504's rating: 1326 &rarr; <strong>1343</strong><br />(+17 for winning)
|l|☆Enkidu504
|player|p2|
|l|☆player jack
|player|p1|
