|j|☆Grindset mindset
|j|☆MooFarmer
|t:|1760735042
|gametype|singles
|player|p1|Grindset mindset|skyla|1783
|player|p2|MooFarmer|1|1855
|gen|9
|tier|[Gen 9] OU
|rated|
|rule|HP Percentage Mod: HP is shown in percentages
|rule|Endless Battle Clause: Forcing endless battles is banned
|rule|Species Clause: Limit one of each Pokémon
|rule|OHKO Clause: OHKO moves are banned
|rule|Evasion Items Clause: Evasion items are banned
|rule|Evasion Moves Clause: Evasion moves are banned
|rule|Evasion Abilities Clause: Evasion abilities are banned
|rule|Sleep Moves Clause: Sleep-inducing moves are banned
|clearpoke
|poke|p1|Ogerpon-Cornerstone, F|
|poke|p1|Primarina, M|
|poke|p1|Armarouge, M|
|poke|p1|Raging Bolt|
|poke|p1|Great Tusk|
|poke|p1|Zapdos-Galar|
|poke|p2|Kyurem|
|poke|p2|Corviknight, M|
|poke|p2|Ting-Lu|
|poke|p2|Dondozo, F|
|poke|p2|Slowking-Galar, L99, M|
|poke|p2|Cinderace, M|
|teampreview
|inactive|Battle timer is ON: inactive players will automatically lose when time's up. (requested by Grindset mindset)
|inactive|MooFarmer has 120 seconds left.
|
|t:|1760735089
|teamsize|p1|6
|teamsize|p2|6
|start
|switch|p1a: Primarina|Primarina, M|100/100
|switch|p2a: Cinderace|Cinderace, M|100/100
|turn|1
|inactive|MooFarmer also wants the timer to be on.
|inactive|MooFarmer has 120 seconds left.
|j| savouras-therians
|l| savouras-therians
|
|t:|1760735134
|move|p2a: Cinderace|U-turn|p1a: Primarina
|-resisted|p1a: Primarina
|-damage|p1a: Primarina|90/100
|inactive|MooFarmer has 90 seconds left.
|
|t:|1760735180
|switch|p2a: Slowking|Slowking-Galar, L99, M|100/100|[from] U-turn
|move|p1a: Primarina|Flip Turn|p2a: Slowking
|-damage|p2a: Slowking|84/100
|
|t:|1760735185
|switch|p1a: Zapdos|Zapdos-Galar|100/100|[from] Flip Turn
|
|upkeep
|turn|2
|inactive|MooFarmer has 60 seconds left.
|
|t:|1760735230
|switch|p2a: Corviknight|Corviknight, M|100/100
|-ability|p2a: Corviknight|Pressure
|move|p1a: Zapdos|Close Combat|p2a: Corviknight
|-damage|p2a: Corviknight|42/100
|-unboost|p1a: Zapdos|def|1
|-unboost|p1a: Zapdos|spd|1
|-damage|p1a: Zapdos|84/100|[from] item: Rocky Helmet|[of] p2a: Corviknight
|
|upkeep
|turn|3
|
|t:|1760735239
|switch|p1a: Great Tusk|Great Tusk|100/100
|-enditem|p1a: Great Tusk|Booster Energy
|-activate|p1a: Great Tusk|ability: Protosynthesis|[fromitem]
|-start|p1a: Great Tusk|protosynthesisatk
|switch|p2a: Slowking|Slowking-Galar, L99, M|100/100
|
|upkeep
|turn|4
|
|t:|1760735248
|switch|p2a: Kyurem|Kyurem|100/100
|-ability|p2a: Kyurem|Pressure
|move|p1a: Great Tusk|Headlong Rush|p2a: Kyurem
|-damage|p2a: Kyurem|21/100
|-unboost|p1a: Great Tusk|def|1
|-unboost|p1a: Great Tusk|spd|1
|
|-heal|p2a: Kyurem|27/100|[from] item: Leftovers
|upkeep
|turn|5
|
|t:|1760735257
|move|p2a: Kyurem|Freeze-Dry|p1a: Great Tusk
|-supereffective|p1a: Great Tusk
|-damage|p1a: Great Tusk|0 fnt
|faint|p1a: Great Tusk
|-end|p1a: Great Tusk|Protosynthesis|[silent]
|
|-heal|p2a: Kyurem|33/100|[from] item: Leftovers
|upkeep
|
|t:|1760735262
|switch|p1a: Armarouge|Armarouge, M|100/100
|turn|6
|
|t:|1760735271
|-terastallize|p2a: Kyurem|Ground
|move|p2a: Kyurem|Earth Power|p1a: Armarouge
|-supereffective|p1a: Armarouge
|-damage|p1a: Armarouge|0 fnt
|faint|p1a: Armarouge
|
|-heal|p2a: Kyurem|39/100|[from] item: Leftovers
|upkeep
|
|t:|1760735274
|switch|p1a: Ogerpon|Ogerpon-Cornerstone, F|100/100
|turn|7
|
|t:|1760735286
|move|p2a: Kyurem|Protect|p2a: Kyurem
|-singleturn|p2a: Kyurem|Protect
|move|p1a: Ogerpon|Ivy Cudgel|p2a: Kyurem|[anim] Ivy Cudgel Rock
|-activate|p2a: Kyurem|move: Protect
|
|-heal|p2a: Kyurem|46/100|[from] item: Leftovers
|upkeep
|turn|8
|
|t:|1760735295
|switch|p1a: Zapdos|Zapdos-Galar|84/100
|move|p2a: Kyurem|Freeze-Dry|p1a: Zapdos
|-supereffective|p1a: Zapdos
|-damage|p1a: Zapdos|0 fnt
|faint|p1a: Zapdos
|
|-heal|p2a: Kyurem|52/100|[from] item: Leftovers
|upkeep
|
|t:|1760735297
|switch|p1a: Primarina|Primarina, M|90/100
|turn|9
|inactive|MooFarmer has 90 seconds left.
|
|t:|1760735305
|move|p2a: Kyurem|Freeze-Dry|p1a: Primarina
|-supereffective|p1a: Primarina
|-damage|p1a: Primarina|50/100
|move|p1a: Primarina|Flip Turn|p2a: Kyurem
|-supereffective|p2a: Kyurem
|-damage|p2a: Kyurem|25/100
|
|t:|1760735309
|switch|p1a: Ogerpon|Ogerpon-Cornerstone, F|100/100|[from] Flip Turn
|
|-heal|p2a: Kyurem|31/100|[from] item: Leftovers
|upkeep
|turn|10
|inactive|MooFarmer has 90 seconds left.
|inactive|MooFarmer has 60 seconds left.
|
|t:|1760735355
|move|p1a: Ogerpon|Swords Dance|p1a: Ogerpon
|-boost|p1a: Ogerpon|atk|2
|move|p2a: Kyurem|Freeze-Dry|p1a: Ogerpon
|-supereffective|p1a: Ogerpon
|-damage|p1a: Ogerpon|18/100
|
|-heal|p2a: Kyurem|37/100|[from] item: Leftovers
|upkeep
|turn|11
|inactive|MooFarmer has 60 seconds left.
|-message|Grindset mindset forfeited.
|
|win|MooFarmer
|raw|Grindset mindset's rating: 1783 &rarr; <strong>1767</strong><br />(-16 for losing)
|raw|MooFarmer's rating: 1855 &rarr; <strong>1871</strong><br />(+16 for winning)
|l|☆Grindset mindset
|player|p1|
|l|☆MooFarmer
|player|p2|
