|j|☆orion212114
|j|☆akkkkkiii
|t:|1760860897
|gametype|singles
|player|p1|orion212114|bugcatcher-gen4dp|1087
|player|p2|akkkkkiii|102|1121
|gen|9
|tier|[Gen 9] OU
|rated|
|rule|HP Percentage Mod: HP is shown in percentages
|rule|Endless Battle Clause: Forcing endless battles is banned
|rule|Species Clause: Limit one of each Pokémon
|rule|OHKO Clause: OHKO moves are banned
|rule|Evasion Items Clause: Evasion items are banned
|rule|Evasion Moves Clause: Evasion moves are banned
|rule|Evasion Abilities Clause: Evasion abilities are banned
|rule|Sleep Moves Clause: Sleep-inducing moves are banned
|clearpoke
|poke|p1|Garchomp, M|
|poke|p1|Gyarados, M|
|poke|p1|Ceruledge, F|
|poke|p1|Metagross|
|poke|p1|Darkrai|
|poke|p1|Meowscarada, M|
|poke|p2|Walking Wake|
|poke|p2|Sylveon, M|
|poke|p2|Ninetales, M|
|poke|p2|Great Tusk|
|poke|p2|Rotom-Heat|
|poke|p2|Skarmory, M|
|teampreview
|inactive|Battle timer is ON: inactive players will automatically lose when time's up. (requested by orion212114)
|
|t:|1760860908
|teamsize|p1|6
|teamsize|p2|6
|start
|switch|p1a: Ceruledge|Ceruledge, F|100/100
|switch|p2a: Great Tusk|Great Tusk|100/100
|-enditem|p2a: Great Tusk|Booster Energy
|-activate|p2a: Great Tusk|ability: Protosynthesis|[fromitem]
|-start|p2a: Great Tusk|protosynthesisatk
|turn|1
|
|t:|1760860924
|switch|p1a: Metagross|Metagross|100/100
|move|p2a: Great Tusk|Stealth Rock|p1a: Metagross
|-sidestart|p1: orion212114|move: Stealth Rock
|
|upkeep
|turn|2
|
|t:|1760860935
|move|p2a: Great Tusk|Close Combat|p1a: Metagross
|-damage|p1a: Metagross|36/100
|-unboost|p2a: Great Tusk|def|1
|-unboost|p2a: Great Tusk|spd|1
|move|p1a: Metagross|Psychic Fangs|p2a: Great Tusk
|-supereffective|p2a: Great Tusk
|-damage|p2a: Great Tusk|15/100
|
|upkeep
|turn|3
|
|t:|1760860948
|move|p2a: Great Tusk|Close Combat|p1a: Metagross
|-damage|p1a: Metagross|0 fnt
|-unboost|p2a: Great Tusk|def|1
|-unboost|p2a: Great Tusk|spd|1
|faint|p1a: Metagross
|
|upkeep
|
|t:|1760860958
|switch|p1a: Darkrai|Darkrai|100/100
|-damage|p1a: Darkrai|88/100|[from] Stealth Rock
|turn|4
|
|t:|1760860962
|move|p1a: Darkrai|Ice Beam|p2a: Great Tusk
|-supereffective|p2a: Great Tusk
|-crit|p2a: Great Tusk
|-damage|p2a: Great Tusk|0 fnt
|faint|p2a: Great Tusk
|-end|p2a: Great Tusk|Protosynthesis|[silent]
|
|upkeep
|
|t:|1760860970
|switch|p2a: Ninetales|Ninetales, M|100/100
|-weather|SunnyDay|[from] ability: Drought|[of] p2a: Ninetales
|turn|5
|
|t:|1760860980
|move|p1a: Darkrai|Shadow Ball|p2a: Ninetales
|-damage|p2a: Ninetales|69/100
|move|p2a: Ninetales|Fire Blast|p1a: Darkrai
|-damage|p1a: Darkrai|16/100
|
|-weather|SunnyDay|[upkeep]
|upkeep
|turn|6
|
|t:|1760860988
|move|p1a: Darkrai|Ice Beam|p2a: Ninetales
|-resisted|p2a: Ninetales
|-damage|p2a: Ninetales|53/100
|move|p2a: Ninetales|Fire Blast|p1a: Darkrai
|-damage|p1a: Darkrai|0 fnt
|faint|p1a: Darkrai
|
|-weather|SunnyDay|[upkeep]
|upkeep
|
|t:|1760860993
|switch|p1a: Garchomp|Garchomp, M|100/100
|-damage|p1a: Garchomp|94/100|[from] Stealth Rock
|turn|7
|
|t:|1760861000
|move|p2a: Ninetales|Solar Beam||[still]
|-prepare|p2a: Ninetales|Solar Beam
|-anim|p2a: Ninetales|Solar Beam|p1a: Garchomp
|-damage|p1a: Garchomp|70/100
|move|p1a: Garchomp|Earthquake|p2a: Ninetales
|-supereffective|p2a: Ninetales
|-damage|p2a: Ninetales|0 fnt
|faint|p2a: Ninetales
|
|-weather|SunnyDay|[upkeep]
|upkeep
|
|t:|1760861009
|switch|p2a: Walking Wake|Walking Wake|100/100
|-activate|p2a: Walking Wake|ability: Protosynthesis
|-start|p2a: Walking Wake|protosynthesisspe
|turn|8
|
|t:|1760861020
|-terastallize|p1a: Garchomp|Steel
|move|p2a: Walking Wake|Draco Meteor|p1a: Garchomp
|-resisted|p1a: Garchomp
|-damage|p1a: Garchomp|38/100
|-unboost|p2a: Walking Wake|spa|2
|move|p1a: Garchomp|Dragon Claw|p2a: Walking Wake
|-supereffective|p2a: Walking Wake
|-damage|p2a: Walking Wake|21/100
|
|-weather|SunnyDay|[upkeep]
|upkeep
|turn|9
|
|t:|1760861031
|move|p2a: Walking Wake|Flamethrower|p1a: Garchomp
|-supereffective|p1a: Garchomp
|-damage|p1a: Garchomp|0 fnt
|faint|p1a: Garchomp
|
|-weather|SunnyDay|[upkeep]
|upkeep
|
|t:|1760861037
|switch|p1a: Meowscarada|Meowscarada, M|100/100
|-damage|p1a: Meowscarada|88/100|[from] Stealth Rock
|turn|10
|
|t:|1760861044
|move|p2a: Walking Wake|Flamethrower|p1a: Meowscarada
|-supereffective|p1a: Meowscarada
|-damage|p1a: Meowscarada|18/100
|move|p1a: Meowscarada|Play Rough|p2a: Walking Wake
|-start|p1a: Meowscarada|typechange|Fairy|[from] ability: Protean
|-supereffective|p2a: Walking Wake
|-damage|p2a: Walking Wake|0 fnt
|faint|p2a: Walking Wake
|-end|p2a: Walking Wake|Protosynthesis|[silent]
|
|-weather|SunnyDay|[upkeep]
|upkeep
|
|t:|1760861062
|switch|p2a: Rotom|Rotom-Heat|100/100
|turn|11
|
|t:|1760861075
|move|p1a: Meowscarada|Triple Axel|p2a: Rotom
|-resisted|p2a: Rotom
|-damage|p2a: Rotom|97/100
|-resisted|p2a: Rotom
|-damage|p2a: Rotom|91/100
|-resisted|p2a: Rotom
|-damage|p2a: Rotom|82/100
|-hitcount|p2a: Rotom|3
|move|p2a: Rotom|Thunderbolt|p1a: Meowscarada
|-crit|p1a: Meowscarada
|-damage|p1a: Meowscarada|0 fnt
|faint|p1a: Meowscarada
|
|-weather|SunnyDay|[upkeep]
|upkeep
|
|t:|1760861088
|switch|p1a: Gyarados|Gyarados, M|100/100
|-damage|p1a: Gyarados|75/100|[from] Stealth Rock
|-ability|p1a: Gyarados|Intimidate|boost
|-unboost|p2a: Rotom|atk|1
|turn|12
|
|t:|1760861094
|move|p2a: Rotom|Thunderbolt|p1a: Gyarados
|-supereffective|p1a: Gyarados
|-damage|p1a: Gyarados|0 fnt
|faint|p1a: Gyarados
|
|-weather|none
|upkeep
|
|t:|1760861097
|switch|p1a: Ceruledge|Ceruledge, F|100/100
|-damage|p1a: Ceruledge|75/100|[from] Stealth Rock
|turn|13
|
|t:|1760861102
|move|p1a: Ceruledge|Poltergeist|p2a: Rotom
|-activate|p2a: Rotom|move: Poltergeist|Sitrus Berry
|-damage|p2a: Rotom|32/100
|-enditem|p2a: Rotom|Sitrus Berry|[eat]
|-heal|p2a: Rotom|57/100|[from] item: Sitrus Berry
|move|p2a: Rotom|Shadow Ball|p1a: Ceruledge
|-supereffective|p1a: Ceruledge
|-crit|p1a: Ceruledge
|-damage|p1a: Ceruledge|0 fnt
|faint|p1a: Ceruledge
|
|win|akkkkkiii
|raw|orion212114's rating: 1087 &rarr; <strong>1066</strong><br />(-21 for losing)
|raw|akkkkkiii's rating: 1121 &rarr; <strong>1144</strong><br />(+23 for winning)
|l|☆akkkkkiii
|player|p2|
|l|☆orion212114
|player|p1|
