|j|☆earl5000
|j|☆Raichu2107
|t:|1760815835
|gametype|singles
|player|p1|earl5000|palmer|1320
|player|p2|Raichu2107|nate|1417
|gen|9
|tier|[Gen 9] OU
|rated|
|rule|HP Percentage Mod: HP is shown in percentages
|rule|Endless Battle Clause: Forcing endless battles is banned
|rule|Species Clause: Limit one of each Pokémon
|rule|OHKO Clause: OHKO moves are banned
|rule|Evasion Items Clause: Evasion items are banned
|rule|Evasion Moves Clause: Evasion moves are banned
|rule|Evasion Abilities Clause: Evasion abilities are banned
|rule|Sleep Moves Clause: Sleep-inducing moves are banned
|clearpoke
|poke|p1|Glimmora, F|
|poke|p1|Weavile, M|
|poke|p1|Raging Bolt|
|poke|p1|Iron Valiant|
|poke|p1|Dragonite, F|
|poke|p1|Ursaluna, M|
|poke|p2|Raichu, F|
|poke|p2|Gliscor, M|
|poke|p2|Ninetales-Alola, F|
|poke|p2|Heatran, M|
|poke|p2|Hatterene, F|
|poke|p2|Ogerpon-Wellspring, F|
|teampreview
|
|t:|1760815853
|teamsize|p1|6
|teamsize|p2|6
|start
|switch|p1a: Iron Valiant|Iron Valiant|100/100
|switch|p2a: Gliscor|Gliscor, M|100/100
|turn|1
|inactive|Battle timer is ON: inactive players will automatically lose when time's up. (requested by earl5000)
|
|t:|1760815866
|move|p2a: Gliscor|Protect|p2a: Gliscor
|-singleturn|p2a: Gliscor|Protect
|move|p1a: Iron Valiant|Calm Mind|p1a: Iron Valiant
|-boost|p1a: Iron Valiant|spa|1
|-boost|p1a: Iron Valiant|spd|1
|
|-status|p2a: Gliscor|tox|[from] item: Toxic Orb
|upkeep
|turn|2
|
|t:|1760815873
|move|p1a: Iron Valiant|Moonblast|p2a: Gliscor
|-damage|p2a: Gliscor|0 fnt
|faint|p2a: Gliscor
|-damage|p1a: Iron Valiant|91/100|[from] item: Life Orb
|
|upkeep
|
|t:|1760815881
|switch|p2a: Ogerpon|Ogerpon-Wellspring, F|100/100
|turn|3
|
|t:|1760815886
|-terastallize|p2a: Ogerpon|Water
|detailschange|p2a: Ogerpon|Ogerpon-Wellspring-Tera, F, tera:Water
|-ability|p2a: Ogerpon|Embody Aspect (Wellspring)|boost
|-boost|p2a: Ogerpon|spd|1
|move|p1a: Iron Valiant|Moonblast|p2a: Ogerpon
|-damage|p2a: Ogerpon|23/100
|-damage|p1a: Iron Valiant|81/100|[from] item: Life Orb
|move|p2a: Ogerpon|Ivy Cudgel|p1a: Iron Valiant|[anim] Ivy Cudgel Water
|-damage|p1a: Iron Valiant|0 fnt
|faint|p1a: Iron Valiant
|-end|p1a: Iron Valiant|Quark Drive|[silent]
|
|upkeep
|
|t:|1760815896
|switch|p1a: Edgelord|Weavile, M|100/100
|-ability|p1a: Edgelord|Pressure
|turn|4
|
|t:|1760815903
|switch|p2a: Ninetales|Ninetales-Alola, F|100/100
|-weather|Snowscape|[from] ability: Snow Warning|[of] p2a: Ninetales
|move|p1a: Edgelord|Low Kick|p2a: Ninetales
|-damage|p2a: Ninetales|89/100
|
|-weather|Snowscape|[upkeep]
|upkeep
|turn|5
|
|t:|1760815911
|move|p1a: Edgelord|Knock Off|p2a: Ninetales
|-resisted|p2a: Ninetales
|-damage|p2a: Ninetales|71/100
|-enditem|p2a: Ninetales|Light Clay|[from] move: Knock Off|[of] p1a: Edgelord
|move|p2a: Ninetales|Aurora Veil|p2a: Ninetales
|-sidestart|p2: Raichu2107|move: Aurora Veil
|
|-weather|Snowscape|[upkeep]
|upkeep
|turn|6
|
|t:|1760815924
|move|p1a: Edgelord|Swords Dance|p1a: Edgelord
|-boost|p1a: Edgelord|atk|2
|move|p2a: Ninetales|Encore|p1a: Edgelord
|-start|p1a: Edgelord|Encore
|
|-weather|Snowscape|[upkeep]
|upkeep
|turn|7
|
|t:|1760815931
|switch|p1a: Ursaluna|Ursaluna, M|100/100
|switch|p2a: Heatran|Heatran, M|100/100
|
|-weather|Snowscape|[upkeep]
|-status|p1a: Ursaluna|brn|[from] item: Flame Orb
|upkeep
|turn|8
|
|t:|1760815943
|switch|p2a: Ninetales|Ninetales-Alola, F|71/100
|move|p1a: Ursaluna|Headlong Rush|p2a: Ninetales
|-damage|p2a: Ninetales|24/100
|-unboost|p1a: Ursaluna|def|1
|-unboost|p1a: Ursaluna|spd|1
|
|-weather|none
|-damage|p1a: Ursaluna|94/100 brn|[from] brn
|upkeep
|turn|9
|
|t:|1760815951
|switch|p1a: Edgelord|Weavile, M|100/100
|-ability|p1a: Edgelord|Pressure
|move|p2a: Ninetales|Freeze-Dry|p1a: Edgelord
|-resisted|p1a: Edgelord
|-damage|p1a: Edgelord|86/100
|
|-sideend|p2: Raichu2107|move: Aurora Veil
|upkeep
|turn|10
|
|t:|1760815962
|switch|p2a: Heatran|Heatran, M|100/100
|move|p1a: Edgelord|Knock Off|p2a: Heatran
|-damage|p2a: Heatran|64/100
|-enditem|p2a: Heatran|Leftovers|[from] move: Knock Off|[of] p1a: Edgelord
|
|upkeep
|turn|11
|
|t:|1760815969
|switch|p2a: Hatterene|Hatterene, F|100/100
|move|p1a: Edgelord|Low Kick|p2a: Hatterene
|-resisted|p2a: Hatterene
|-damage|p2a: Hatterene|99/100
|
|upkeep
|turn|12
|
|t:|1760815975
|move|p1a: Edgelord|Knock Off|p2a: Hatterene
|-damage|p2a: Hatterene|59/100
|-enditem|p2a: Hatterene|Covert Cloak|[from] move: Knock Off|[of] p1a: Edgelord
|move|p2a: Hatterene|Psyshock|p1a: Edgelord
|-immune|p1a: Edgelord
|
|upkeep
|turn|13
|
|t:|1760815982
|move|p1a: Edgelord|Triple Axel|p2a: Hatterene
|-damage|p2a: Hatterene|51/100
|-damage|p2a: Hatterene|32/100
|-damage|p2a: Hatterene|7/100
|-hitcount|p2a: Hatterene|3
|move|p2a: Hatterene|Draining Kiss|p1a: Edgelord
|-supereffective|p1a: Edgelord
|-damage|p1a: Edgelord|26/100
|-heal|p2a: Hatterene|47/100|[from] drain|[of] p1a: Edgelord
|
|upkeep
|turn|14
|
|t:|1760815991
|move|p1a: Edgelord|Triple Axel|p2a: Hatterene
|-damage|p2a: Hatterene|39/100
|-damage|p2a: Hatterene|23/100
|-damage|p2a: Hatterene|0 fnt
|faint|p2a: Hatterene
|-hitcount|p2: Hatterene|3
|
|upkeep
|-message|Raichu2107 forfeited.
|
|win|earl5000
|raw|earl5000's rating: 1320 &rarr; <strong>1345</strong><br />(+25 for winning)
|raw|Raichu2107's rating: 1417 &rarr; <strong>1392</strong><br />(-25 for losing)
|l|☆Raichu2107
|player|p2|
|l|☆earl5000
|player|p1|
