|j|☆HZBKAI6
|j|☆Sirkass_
|t:|1760733961
|gametype|singles
|player|p1|HZBKAI6|1|1025
|player|p2|Sirkass_|n|1012
|gen|9
|tier|[Gen 9] OU
|rated|
|rule|HP Percentage Mod: HP is shown in percentages
|rule|Endless Battle Clause: Forcing endless battles is banned
|rule|Species Clause: Limit one of each Pokémon
|rule|OHKO Clause: OHKO moves are banned
|rule|Evasion Items Clause: Evasion items are banned
|rule|Evasion Moves Clause: Evasion moves are banned
|rule|Evasion Abilities Clause: Evasion abilities are banned
|rule|Sleep Moves Clause: Sleep-inducing moves are banned
|clearpoke
|poke|p1|Dragapult, M|
|poke|p1|Enamorus, F|
|poke|p1|Glimmora, F|
|poke|p1|Kingambit, F|
|poke|p1|Blaziken, F|
|poke|p1|Clefable, F|
|poke|p2|Ceruledge, M|
|poke|p2|Dragapult, M|
|poke|p2|Gholdengo|
|poke|p2|Grimmsnarl, M|
|poke|p2|Great Tusk|
|poke|p2|Iron Valiant|
|teampreview
|
|t:|1760733987
|teamsize|p1|6
|teamsize|p2|6
|start
|switch|p1a: Enamorus|Enamorus, F|100/100
|switch|p2a: Grimmsnarl|Grimmsnarl, M|100/100
|turn|1
|
|t:|1760734006
|move|p2a: Grimmsnarl|Reflect|p2a: Grimmsnarl
|-sidestart|p2: Sirkass_|Reflect
|move|p1a: Enamorus|Moonblast|p2a: Grimmsnarl
|-supereffective|p2a: Grimmsnarl
|-damage|p2a: Grimmsnarl|21/100
|
|upkeep
|turn|2
|
|t:|1760734021
|move|p2a: Grimmsnarl|Parting Shot|p1a: Enamorus
|-unboost|p1a: Enamorus|atk|1
|-unboost|p1a: Enamorus|spa|1
|
|t:|1760734039
|switch|p2a: Iron Valiant|Iron Valiant, shiny|100/100|[from] Parting Shot
|-enditem|p2a: Iron Valiant|Booster Energy
|-activate|p2a: Iron Valiant|ability: Quark Drive|[fromitem]
|-start|p2a: Iron Valiant|quarkdriveatk
|move|p1a: Enamorus|Moonblast|p2a: Iron Valiant
|-supereffective|p2a: Iron Valiant
|-damage|p2a: Iron Valiant|20/100
|-unboost|p2a: Iron Valiant|spa|1
|
|upkeep
|turn|3
|
|t:|1760734057
|move|p1a: Enamorus|Moonblast|p2a: Iron Valiant
|-supereffective|p2a: Iron Valiant
|-damage|p2a: Iron Valiant|0 fnt
|faint|p2a: Iron Valiant
|-end|p2a: Iron Valiant|Quark Drive|[silent]
|
|upkeep
|
|t:|1760734069
|switch|p2a: Gholdengo|Gholdengo|100/100
|turn|4
|
|t:|1760734073
|move|p1a: Enamorus|Earth Power|p2a: Gholdengo
|-supereffective|p2a: Gholdengo
|-damage|p2a: Gholdengo|49/100
|move|p2a: Gholdengo|Thunderbolt|p1a: Enamorus
|-supereffective|p1a: Enamorus
|-damage|p1a: Enamorus|0 fnt
|faint|p1a: Enamorus
|
|upkeep
|
|t:|1760734073
|switch|p1a: Kingambit|Kingambit, F|100/100
|-activate|p1a: Kingambit|ability: Supreme Overlord
|-start|p1a: Kingambit|fallen1|[silent]
|turn|5
|
|t:|1760734103
|switch|p2a: Great Tusk|Great Tusk|100/100
|move|p1a: Kingambit|Kowtow Cleave|p2a: Great Tusk
|-resisted|p2a: Great Tusk
|-damage|p2a: Great Tusk|94/100
|
|-heal|p2a: Great Tusk|99/100|[from] item: Leftovers
|upkeep
|turn|6
|
|t:|1760734119
|move|p2a: Great Tusk|Stealth Rock|p1a: Kingambit
|-sidestart|p1: HZBKAI6|move: Stealth Rock
|move|p1a: Kingambit|Iron Head|p2a: Great Tusk
|-crit|p2a: Great Tusk
|-damage|p2a: Great Tusk|65/100
|
|-heal|p2a: Great Tusk|71/100|[from] item: Leftovers
|upkeep
|turn|7
|
|t:|1760734130
|move|p2a: Great Tusk|Earthquake|p1a: Kingambit
|-supereffective|p1a: Kingambit
|-damage|p1a: Kingambit|22/100
|move|p1a: Kingambit|Iron Head|p2a: Great Tusk
|-damage|p2a: Great Tusk|59/100
|
|-heal|p2a: Great Tusk|65/100|[from] item: Leftovers
|-heal|p1a: Kingambit|29/100|[from] item: Leftovers
|upkeep
|turn|8
|
|t:|1760734143
|-terastallize|p1a: Kingambit|Ghost
|move|p2a: Great Tusk|Earthquake|p1a: Kingambit
|-damage|p1a: Kingambit|0 fnt
|faint|p1a: Kingambit
|-end|p1a: Kingambit|fallen1|[silent]
|
|-heal|p2a: Great Tusk|71/100|[from] item: Leftovers
|-sideend|p2: Sirkass_|Reflect
|upkeep
|
|t:|1760734144
|switch|p1a: Clefable|Clefable, F|100/100
|turn|9
|
|t:|1760734178
|-end|p2a: Great Tusk|Protosynthesis|[silent]
|switch|p2a: Gholdengo|Gholdengo|49/100
|move|p1a: Clefable|Moonblast|p2a: Gholdengo
|-resisted|p2a: Gholdengo
|-crit|p2a: Gholdengo
|-damage|p2a: Gholdengo|22/100
|-unboost|p2a: Gholdengo|spa|1
|
|upkeep
|turn|10
|
|t:|1760734186
|move|p2a: Gholdengo|Make It Rain|p1a: Clefable
|-supereffective|p1a: Clefable
|-damage|p1a: Clefable|0 fnt
|-unboost|p2a: Gholdengo|spa|1
|faint|p1a: Clefable
|
|upkeep
|
|t:|1760734187
|switch|p1a: Dragapult|Dragapult, M|100/100
|turn|11
|
|t:|1760734206
|switch|p2a: Dragapult|Dragapult, M, shiny|100/100
|move|p1a: Dragapult|Hex|p2a: Dragapult
|-supereffective|p2a: Dragapult
|-damage|p2a: Dragapult|32/100
|
|upkeep
|turn|12
|
|t:|1760734221
|switch|p2a: Great Tusk|Great Tusk|71/100
|move|p1a: Dragapult|Hex|p2a: Great Tusk
|-damage|p2a: Great Tusk|38/100
|
|-heal|p2a: Great Tusk|44/100|[from] item: Leftovers
|upkeep
|turn|13
|
|t:|1760734230
|move|p1a: Dragapult|Hex|p2a: Great Tusk
|-damage|p2a: Great Tusk|10/100
|move|p2a: Great Tusk|Knock Off|p1a: Dragapult
|-supereffective|p1a: Dragapult
|-damage|p1a: Dragapult|25/100
|-enditem|p1a: Dragapult|Heavy-Duty Boots|[from] move: Knock Off|[of] p2a: Great Tusk
|
|-heal|p2a: Great Tusk|16/100|[from] item: Leftovers
|upkeep
|turn|14
|
|t:|1760734239
|move|p1a: Dragapult|Hex|p2a: Great Tusk
|-damage|p2a: Great Tusk|0 fnt
|faint|p2a: Great Tusk
|-end|p2a: Great Tusk|Protosynthesis|[silent]
|
|upkeep
|
|t:|1760734250
|switch|p2a: Gholdengo|Gholdengo|22/100
|turn|15
|
|t:|1760734253
|move|p1a: Dragapult|Hex|p2a: Gholdengo
|-supereffective|p2a: Gholdengo
|-damage|p2a: Gholdengo|0 fnt
|faint|p2a: Gholdengo
|
|upkeep
|
|t:|1760734267
|switch|p2a: Dragapult|Dragapult, M, shiny|32/100
|turn|16
|
|t:|1760734272
|move|p2a: Dragapult|Dragon Darts|p1a: Dragapult
|-supereffective|p1a: Dragapult
|-damage|p1a: Dragapult|0 fnt
|faint|p1a: Dragapult
|-damage|p2a: Dragapult|22/100|[from] item: Life Orb
|
|upkeep
|
|t:|1760734272
|switch|p1a: Glimmora|Glimmora, F|100/100
|-damage|p1a: Glimmora|88/100|[from] Stealth Rock
|turn|17
|
|t:|1760734286
|move|p2a: Dragapult|Dragon Dance|p2a: Dragapult
|-boost|p2a: Dragapult|atk|1
|-boost|p2a: Dragapult|spe|1
|move|p1a: Glimmora|Meteor Beam||[still]
|-prepare|p1a: Glimmora|Meteor Beam
|-boost|p1a: Glimmora|spa|1
|-enditem|p1a: Glimmora|Power Herb
|-anim|p1a: Glimmora|Meteor Beam|p2a: Dragapult
|-damage|p2a: Dragapult|0 fnt
|faint|p2a: Dragapult
|
|upkeep
|
|t:|1760734306
|switch|p2a: Sirius|Ceruledge, M, shiny|100/100
|turn|18
|
|t:|1760734311
|move|p1a: Glimmora|Meteor Beam||[still]
|-prepare|p1a: Glimmora|Meteor Beam
|-boost|p1a: Glimmora|spa|1
|move|p2a: Sirius|Swords Dance|p2a: Sirius
|-boost|p2a: Sirius|atk|2
|
|upkeep
|turn|19
|
|t:|1760734317
|move|p1a: Glimmora|Meteor Beam|p2a: Sirius|[from] lockedmove|[miss]
|-miss|p1a: Glimmora|p2a: Sirius
|move|p2a: Sirius|Swords Dance|p2a: Sirius
|-boost|p2a: Sirius|atk|2
|
|upkeep
|turn|20
|
|t:|1760734331
|move|p2a: Sirius|Shadow Sneak|p1a: Glimmora
|-damage|p1a: Glimmora|0 fnt
|-activate|p1a: Glimmora|ability: Toxic Debris
|-sidestart|p2: Sirkass_|move: Toxic Spikes
|faint|p1a: Glimmora
|-damage|p2a: Sirius|91/100|[from] item: Life Orb
|
|upkeep
|
|t:|1760734331
|switch|p1a: Blaziken|Blaziken, F|100/100
|-damage|p1a: Blaziken|88/100|[from] Stealth Rock
|turn|21
|
|t:|1760734346
|move|p2a: Sirius|Shadow Sneak|p1a: Blaziken
|-damage|p1a: Blaziken|0 fnt
|faint|p1a: Blaziken
|-damage|p2a: Sirius|81/100|[from] item: Life Orb
|
|win|Sirkass_
|raw|HZBKAI6's rating: 1025 &rarr; <strong>1011</strong><br />(-14 for losing)
|raw|Sirkass_'s rating: 1012 &rarr; <strong>1052</strong><br />(+40 for winning)
|l|☆HZBKAI6
|player|p1|
