|j|☆mustardfeb
|j|☆ygjyx
|t:|1760747535
|gametype|singles
|player|p1|mustardfeb|ingo|1199
|player|p2|ygjyx|169|1217
|gen|9
|tier|[Gen 9] OU
|rated|
|rule|HP Percentage Mod: HP is shown in percentages
|rule|Endless Battle Clause: Forcing endless battles is banned
|rule|Species Clause: Limit one of each Pokémon
|rule|OHKO Clause: OHKO moves are banned
|rule|Evasion Items Clause: Evasion items are banned
|rule|Evasion Moves Clause: Evasion moves are banned
|rule|Evasion Abilities Clause: Evasion abilities are banned
|rule|Sleep Moves Clause: Sleep-inducing moves are banned
|clearpoke
|poke|p1|Kyurem|
|poke|p1|Kingambit, F|
|poke|p1|Scizor, M|
|poke|p1|Enamorus, F|
|poke|p1|Iron Valiant|
|poke|p1|Corviknight, F|
|poke|p2|Torkoal, F|
|poke|p2|Hatterene, F|
|poke|p2|Raging Bolt|
|poke|p2|Slither Wing|
|poke|p2|Venusaur, F|
|poke|p2|Walking Wake|
|teampreview
|
|t:|1760747542
|teamsize|p1|6
|teamsize|p2|6
|start
|switch|p1a: Scizor|Scizor, M|100/100
|switch|p2a: Torkoal|Torkoal, F|100/100
|-weather|SunnyDay|[from] ability: Drought|[of] p2a: Torkoal
|turn|1
|
|t:|1760747550
|move|p1a: Scizor|U-turn|p2a: Torkoal
|-resisted|p2a: Torkoal
|-damage|p2a: Torkoal|77/100
|
|t:|1760747556
|switch|p1a: Enamorus|Enamorus, F|100/100|[from] U-turn
|move|p2a: Torkoal|Eruption|p1a: Enamorus
|-damage|p1a: Enamorus|0 fnt
|faint|p1a: Enamorus
|
|-weather|SunnyDay|[upkeep]
|upkeep
|
|t:|1760747562
|switch|p1a: Iron Valiant|Iron Valiant|100/100
|-enditem|p1a: Iron Valiant|Booster Energy
|-activate|p1a: Iron Valiant|ability: Quark Drive|[fromitem]
|-start|p1a: Iron Valiant|quarkdrivespe
|turn|2
|
|t:|1760747570
|switch|p2a: Slither Wing|Slither Wing|100/100
|-activate|p2a: Slither Wing|ability: Protosynthesis
|-start|p2a: Slither Wing|protosynthesisatk
|move|p1a: Iron Valiant|Calm Mind|p1a: Iron Valiant
|-boost|p1a: Iron Valiant|spa|1
|-boost|p1a: Iron Valiant|spd|1
|
|-weather|SunnyDay|[upkeep]
|upkeep
|turn|3
|
|t:|1760747576
|move|p2a: Slither Wing|First Impression|p1a: Iron Valiant
|-resisted|p1a: Iron Valiant
|-damage|p1a: Iron Valiant|79/100
|move|p1a: Iron Valiant|Moonblast|p2a: Slither Wing
|-supereffective|p2a: Slither Wing
|-damage|p2a: Slither Wing|9/100
|
|-weather|SunnyDay|[upkeep]
|upkeep
|turn|4
|
|t:|1760747585
|move|p1a: Iron Valiant|Moonblast|p2a: Slither Wing
|-supereffective|p2a: Slither Wing
|-crit|p2a: Slither Wing
|-damage|p2a: Slither Wing|0 fnt
|faint|p2a: Slither Wing
|-end|p2a: Slither Wing|Protosynthesis|[silent]
|
|-weather|SunnyDay|[upkeep]
|upkeep
|
|t:|1760747590
|switch|p2a: Walking Wake|Walking Wake|100/100
|-activate|p2a: Walking Wake|ability: Protosynthesis
|-start|p2a: Walking Wake|protosynthesisspe
|turn|5
|
|t:|1760747596
|move|p1a: Iron Valiant|Moonblast|p2a: Walking Wake
|-supereffective|p2a: Walking Wake
|-damage|p2a: Walking Wake|0 fnt
|faint|p2a: Walking Wake
|-end|p2a: Walking Wake|Protosynthesis|[silent]
|
|-weather|SunnyDay|[upkeep]
|upkeep
|
|t:|1760747604
|switch|p2a: Venusaur|Venusaur, F|100/100
|turn|6
|
|t:|1760747610
|move|p2a: Venusaur|Growth|p2a: Venusaur
|-boost|p2a: Venusaur|atk|2
|-boost|p2a: Venusaur|spa|2
|move|p1a: Iron Valiant|Shadow Ball|p2a: Venusaur
|-damage|p2a: Venusaur|52/100
|-unboost|p2a: Venusaur|spd|1
|
|-weather|SunnyDay|[upkeep]
|upkeep
|turn|7
|
|t:|1760747623
|-terastallize|p1a: Iron Valiant|Ghost
|move|p2a: Venusaur|Weather Ball|p1a: Iron Valiant
|-damage|p1a: Iron Valiant|0 fnt
|faint|p1a: Iron Valiant
|-end|p1a: Iron Valiant|Quark Drive|[silent]
|-damage|p2a: Venusaur|42/100|[from] item: Life Orb
|
|-weather|SunnyDay|[upkeep]
|upkeep
|
|t:|1760747632
|switch|p1a: Scizor|Scizor, M|100/100
|turn|8
|
|t:|1760747634
|move|p1a: Scizor|Bullet Punch|p2a: Venusaur
|-damage|p2a: Venusaur|0 fnt
|faint|p2a: Venusaur
|
|-weather|none
|upkeep
|
|t:|1760747637
|switch|p2a: Torkoal|Torkoal, F|77/100
|-weather|SunnyDay|[from] ability: Drought|[of] p2a: Torkoal
|turn|9
|
|t:|1760747642
|move|p1a: Scizor|Bullet Punch|p2a: Torkoal
|-resisted|p2a: Torkoal
|-damage|p2a: Torkoal|56/100
|move|p2a: Torkoal|Overheat|p1a: Scizor
|-supereffective|p1a: Scizor
|-damage|p1a: Scizor|0 fnt
|-unboost|p2a: Torkoal|spa|2
|faint|p1a: Scizor
|
|-weather|SunnyDay|[upkeep]
|upkeep
|
|t:|1760747653
|switch|p1a: Kyurem|Kyurem|100/100
|-ability|p1a: Kyurem|Pressure
|turn|10
|
|t:|1760747658
|switch|p2a: Hatterene|Hatterene, F|100/100
|-item|p2a: Hatterene|Air Balloon
|move|p1a: Kyurem|Dragon Dance|p1a: Kyurem
|-boost|p1a: Kyurem|atk|1
|-boost|p1a: Kyurem|spe|1
|
|-weather|SunnyDay|[upkeep]
|upkeep
|turn|11
|
|t:|1760747664
|move|p1a: Kyurem|Icicle Spear|p2a: Hatterene
|-damage|p2a: Hatterene|84/100
|-enditem|p2a: Hatterene|Air Balloon
|-damage|p2a: Hatterene|68/100
|-damage|p2a: Hatterene|53/100
|-damage|p2a: Hatterene|35/100
|-hitcount|p2a: Hatterene|4
|move|p2a: Hatterene|Dazzling Gleam|p1a: Kyurem
|-supereffective|p1a: Kyurem
|-damage|p1a: Kyurem|26/100
|
|-weather|SunnyDay|[upkeep]
|upkeep
|turn|12
|
|t:|1760747667
|move|p1a: Kyurem|Icicle Spear|p2a: Hatterene
|-damage|p2a: Hatterene|20/100
|-damage|p2a: Hatterene|3/100
|-damage|p2a: Hatterene|0 fnt
|faint|p2a: Hatterene
|-hitcount|p2: Hatterene|3
|
|-weather|SunnyDay|[upkeep]
|upkeep
|
|t:|1760747669
|switch|p2a: Raging Bolt|Raging Bolt|100/100
|-activate|p2a: Raging Bolt|ability: Protosynthesis
|-start|p2a: Raging Bolt|protosynthesisspa
|turn|13
|
|t:|1760747675
|move|p2a: Raging Bolt|Thunderclap|p1a: Kyurem
|-resisted|p1a: Kyurem
|-damage|p1a: Kyurem|0 fnt
|faint|p1a: Kyurem
|-damage|p2a: Raging Bolt|91/100|[from] item: Life Orb
|
|-weather|SunnyDay|[upkeep]
|upkeep
|-message|ygjyx forfeited.
|
|win|mustardfeb
|raw|mustardfeb's rating: 1199 &rarr; <strong>1225</strong><br />(+26 for winning)
|raw|ygjyx's rating: 1217 &rarr; <strong>1191</strong><br />(-26 for losing)
|l|☆ygjyx
|player|p2|
