|j|☆fhfhhfhfhffhfhf
|j|☆illegalsushi
|t:|1760835277
|gametype|singles
|player|p1|fhfhhfhfhffhfhf|lance|1233
|player|p2|illegalsushi|266|1277
|gen|9
|tier|[Gen 9] OU
|rated|
|rule|HP Percentage Mod: HP is shown in percentages
|rule|Endless Battle Clause: Forcing endless battles is banned
|rule|Species Clause: Limit one of each Pokémon
|rule|OHKO Clause: OHKO moves are banned
|rule|Evasion Items Clause: Evasion items are banned
|rule|Evasion Moves Clause: Evasion moves are banned
|rule|Evasion Abilities Clause: Evasion abilities are banned
|rule|Sleep Moves Clause: Sleep-inducing moves are banned
|clearpoke
|poke|p1|Hatterene, F|
|poke|p1|Latias, F|
|poke|p1|Kingambit, F|
|poke|p1|Clodsire, F|
|poke|p1|Pecharunt|
|poke|p1|Iron Jugulis|
|poke|p2|Tornadus, M|
|poke|p2|Toxtricity, M|
|poke|p2|Iron Valiant|
|poke|p2|Arcanine-Hisui, M|
|poke|p2|Brambleghast, M|
|poke|p2|Hydreigon, M|
|teampreview
|
|t:|1760835288
|teamsize|p1|6
|teamsize|p2|6
|start
|switch|p1a: Hatterene|Hatterene, F|100/100
|switch|p2a: Tornadus|Tornadus, M, shiny|100/100
|turn|1
|
|t:|1760835292
|move|p2a: Tornadus|Hurricane|p1a: Hatterene|[miss]
|-miss|p2a: Tornadus|p1a: Hatterene
|move|p1a: Hatterene|Nuzzle|p2a: Tornadus
|-supereffective|p2a: Tornadus
|-damage|p2a: Tornadus|88/100
|-status|p2a: Tornadus|par
|-enditem|p2a: Tornadus|Eject Button
|
|t:|1760835309
|switch|p2a: Arcanine|Arcanine-Hisui, M, shiny|100/100
|
|upkeep
|turn|2
|
|t:|1760835315
|move|p2a: Arcanine|Head Smash|p1a: Hatterene
|-damage|p1a: Hatterene|0 fnt
|faint|p1a: Hatterene
|
|upkeep
|
|t:|1760835318
|switch|p1a: Clodsire|Clodsire, F|100/100
|turn|3
|
|t:|1760835324
|switch|p2a: Tornadus|Tornadus, M, shiny|88/100 par
|move|p1a: Clodsire|Toxic Spikes|p2a: Tornadus
|-sidestart|p2: illegalsushi|move: Toxic Spikes
|
|upkeep
|turn|4
|
|t:|1760835328
|move|p2a: Tornadus|Taunt|p1a: Clodsire
|-start|p1a: Clodsire|move: Taunt
|move|p1a: Clodsire|Sludge Bomb|p2a: Tornadus
|-damage|p2a: Tornadus|69/100 par
|
|upkeep
|turn|5
|
|t:|1760835335
|cant|p2a: Tornadus|par
|move|p1a: Clodsire|Sludge Bomb|p2a: Tornadus
|-damage|p2a: Tornadus|49/100 par
|
|upkeep
|turn|6
|
|t:|1760835337
|move|p2a: Tornadus|Hurricane|p1a: Clodsire
|-damage|p1a: Clodsire|61/100
|move|p1a: Clodsire|Sludge Bomb|p2a: Tornadus
|-damage|p2a: Tornadus|30/100 par
|
|-heal|p1a: Clodsire|67/100|[from] item: Black Sludge
|-end|p1a: Clodsire|move: Taunt
|upkeep
|turn|7
|
|t:|1760835341
|move|p2a: Tornadus|Taunt|p1a: Clodsire
|-start|p1a: Clodsire|move: Taunt
|cant|p1a: Clodsire|move: Taunt|Recover
|
|-heal|p1a: Clodsire|74/100|[from] item: Black Sludge
|upkeep
|turn|8
|
|t:|1760835345
|move|p2a: Tornadus|Hurricane|p1a: Clodsire|[miss]
|-miss|p2a: Tornadus|p1a: Clodsire
|move|p1a: Clodsire|Sludge Bomb|p2a: Tornadus
|-damage|p2a: Tornadus|9/100 par
|
|-heal|p1a: Clodsire|80/100|[from] item: Black Sludge
|upkeep
|turn|9
|
|t:|1760835348
|move|p2a: Tornadus|Hurricane|p1a: Clodsire
|-damage|p1a: Clodsire|38/100
|move|p1a: Clodsire|Sludge Bomb|p2a: Tornadus
|-damage|p2a: Tornadus|0 fnt
|faint|p2a: Tornadus
|
|-heal|p1a: Clodsire|44/100|[from] item: Black Sludge
|-end|p1a: Clodsire|move: Taunt
|upkeep
|
|t:|1760835357
|switch|p2a: Arcanine|Arcanine-Hisui, M, shiny|100/100
|-status|p2a: Arcanine|psn
|turn|10
|
|t:|1760835371
|switch|p1a: Pecharunt|Pecharunt|100/100
|move|p2a: Arcanine|Flare Blitz|p1a: Pecharunt
|-damage|p1a: Pecharunt|50/100
|-damage|p2a: Arcanine|84/100 psn|[from] item: Rocky Helmet|[of] p1a: Pecharunt
|
|-damage|p2a: Arcanine|71/100 psn|[from] psn
|upkeep
|turn|11
|
|t:|1760835386
|move|p2a: Arcanine|Flare Blitz|p1a: Pecharunt
|-damage|p1a: Pecharunt|0 fnt
|-damage|p2a: Arcanine|55/100 psn|[from] item: Rocky Helmet|[of] p1a: Pecharunt
|faint|p1a: Pecharunt
|
|-damage|p2a: Arcanine|42/100 psn|[from] psn
|upkeep
|
|t:|1760835393
|switch|p1a: Clodsire|Clodsire, F|44/100
|turn|12
|
|t:|1760835399
|move|p2a: Arcanine|Flare Blitz|p1a: Clodsire
|-damage|p1a: Clodsire|0 fnt
|faint|p1a: Clodsire
|
|-damage|p2a: Arcanine|30/100 psn|[from] psn
|upkeep
|
|t:|1760835407
|switch|p1a: Kingambit|Kingambit, F|100/100
|-activate|p1a: Kingambit|ability: Supreme Overlord
|-start|p1a: Kingambit|fallen3|[silent]
|turn|13
|
|t:|1760835417
|move|p1a: Kingambit|Sucker Punch|p2a: Arcanine
|-crit|p2a: Arcanine
|-damage|p2a: Arcanine|0 fnt
|faint|p2a: Arcanine
|
|upkeep
|
|t:|1760835421
|switch|p2a: Iron Valiant|Iron Valiant, shiny|100/100
|-status|p2a: Iron Valiant|psn
|turn|14
|
|t:|1760835424
|move|p2a: Iron Valiant|Moonblast|p1a: Kingambit
|-damage|p1a: Kingambit|54/100
|move|p1a: Kingambit|Iron Head|p2a: Iron Valiant
|-supereffective|p2a: Iron Valiant
|-damage|p2a: Iron Valiant|0 fnt
|faint|p2a: Iron Valiant
|-end|p2a: Iron Valiant|Quark Drive|[silent]
|
|upkeep
|
|t:|1760835428
|switch|p2a: Toxtricity|Toxtricity, M, shiny|100/100
|-sideend|p2: illegalsushi|move: Toxic Spikes|[of] p2a: Toxtricity
|turn|15
|
|t:|1760835443
|-end|p1a: Kingambit|fallen3|[silent]
|switch|p1a: Latias|Latias, F, shiny|100/100
|move|p2a: Toxtricity|Boomburst|p1a: Latias
|-damage|p1a: Latias|25/100
|
|upkeep
|turn|16
|
|t:|1760835451
|switch|p2a: Hydreigon|Hydreigon, M, shiny|100/100
|move|p1a: Latias|Mist Ball|p2a: Hydreigon
|-immune|p2a: Hydreigon
|
|upkeep
|turn|17
|
|t:|1760835456
|move|p2a: Hydreigon|Tailwind|p2a: Hydreigon
|-sidestart|p2: illegalsushi|move: Tailwind
|move|p1a: Latias|Ice Beam|p2a: Hydreigon
|-supereffective|p2a: Hydreigon
|-damage|p2a: Hydreigon|30/100
|-damage|p1a: Latias|15/100|[from] item: Life Orb
|
|upkeep
|turn|18
|
|t:|1760835460
|move|p2a: Hydreigon|Draco Meteor|p1a: Latias
|-supereffective|p1a: Latias
|-damage|p1a: Latias|0 fnt
|-unboost|p2a: Hydreigon|spa|2
|faint|p1a: Latias
|-enditem|p2a: Hydreigon|Eject Pack
|
|t:|1760835467
|switch|p2a: Toxtricity|Toxtricity, M, shiny|100/100
|
|upkeep
|
|t:|1760835470
|switch|p1a: Kingambit|Kingambit, F|54/100
|-activate|p1a: Kingambit|ability: Supreme Overlord
|-start|p1a: Kingambit|fallen4|[silent]
|turn|19
|
|t:|1760835477
|move|p2a: Toxtricity|Overdrive|p1a: Kingambit
|-damage|p1a: Kingambit|1/100
|move|p1a: Kingambit|Stone Edge|p2a: Toxtricity
|-damage|p2a: Toxtricity|13/100
|
|upkeep
|turn|20
|
|t:|1760835480
|move|p1a: Kingambit|Sucker Punch|p2a: Toxtricity
|-damage|p2a: Toxtricity|0 fnt
|faint|p2a: Toxtricity
|
|-sideend|p2: illegalsushi|move: Tailwind
|upkeep
|
|t:|1760835485
|switch|p2a: Brambleghast|Brambleghast, M, shiny|100/100
|turn|21
|
|t:|1760835490
|move|p2a: Brambleghast|Shadow Sneak|p1a: Kingambit
|-resisted|p1a: Kingambit
|-damage|p1a: Kingambit|0 fnt
|faint|p1a: Kingambit
|-end|p1a: Kingambit|fallen4|[silent]
|-damage|p2a: Brambleghast|91/100|[from] item: Life Orb
|
|upkeep
|
|t:|1760835492
|switch|p1a: Iron Jugulis|Iron Jugulis|100/100
|-enditem|p1a: Iron Jugulis|Booster Energy
|-activate|p1a: Iron Jugulis|ability: Quark Drive|[fromitem]
|-start|p1a: Iron Jugulis|quarkdrivespe
|turn|22
|
|t:|1760835498
|move|p1a: Iron Jugulis|Dark Pulse|p2a: Brambleghast
|-supereffective|p2a: Brambleghast
|-damage|p2a: Brambleghast|0 fnt
|faint|p2a: Brambleghast
|
|upkeep
|
|t:|1760835500
|switch|p2a: Hydreigon|Hydreigon, M, shiny|30/100
|turn|23
|
|t:|1760835507
|move|p1a: Iron Jugulis|Dark Pulse|p2a: Hydreigon
|-resisted|p2a: Hydreigon
|-damage|p2a: Hydreigon|6/100
|cant|p2a: Hydreigon|flinch
|
|upkeep
|turn|24
|
|t:|1760835535
|move|p1a: Iron Jugulis|Dark Pulse|p2a: Hydreigon
|-resisted|p2a: Hydreigon
|-damage|p2a: Hydreigon|0 fnt
|faint|p2a: Hydreigon
|
|win|fhfhhfhfhffhfhf
|raw|fhfhhfhfhffhfhf's rating: 1233 &rarr; <strong>1261</strong><br />(+28 for winning)
|raw|illegalsushi's rating: 1277 &rarr; <strong>1249</strong><br />(-28 for losing)
|l|☆illegalsushi
|player|p2|
|l|☆fhfhhfhfhffhfhf
|player|p1|
