|j|☆grimppyyyy god
|j|☆graphite1312
|t:|1760726222
|gametype|singles
|player|p1|grimppyyyy god|riley|1175
|player|p2|graphite1312|depotagent|1119
|gen|9
|tier|[Gen 9] OU
|rated|
|rule|HP Percentage Mod: HP is shown in percentages
|rule|Endless Battle Clause: Forcing endless battles is banned
|rule|Species Clause: Limit one of each Pokémon
|rule|OHKO Clause: OHKO moves are banned
|rule|Evasion Items Clause: Evasion items are banned
|rule|Evasion Moves Clause: Evasion moves are banned
|rule|Evasion Abilities Clause: Evasion abilities are banned
|rule|Sleep Moves Clause: Sleep-inducing moves are banned
|clearpoke
|poke|p1|Dragapult, F|
|poke|p1|Scizor, F|
|poke|p1|Ogerpon-Wellspring, F|
|poke|p1|Moltres-Galar|
|poke|p1|Lokix, M|
|poke|p1|Iron Valiant|
|poke|p2|Darkrai|
|poke|p2|Corviknight, F|
|poke|p2|Tornadus-Therian, M|
|poke|p2|Latias, F|
|poke|p2|Gastrodon, F|
|poke|p2|Iron Hands|
|teampreview
|
|t:|1760726239
|teamsize|p1|6
|teamsize|p2|6
|start
|switch|p1a: Dragapult|Dragapult, F|100/100
|switch|p2a: Gastrodon|Gastrodon, F|100/100
|turn|1
|
|t:|1760726248
|move|p1a: Dragapult|Dragon Dance|p1a: Dragapult
|-boost|p1a: Dragapult|atk|1
|-boost|p1a: Dragapult|spe|1
|move|p2a: Gastrodon|Ice Beam|p1a: Dragapult
|-supereffective|p1a: Dragapult
|-damage|p1a: Dragapult|51/100
|
|upkeep
|turn|2
|
|t:|1760726257
|-terastallize|p1a: Dragapult|Steel
|move|p1a: Dragapult|Dragon Dance|p1a: Dragapult
|-boost|p1a: Dragapult|atk|1
|-boost|p1a: Dragapult|spe|1
|move|p2a: Gastrodon|Ice Beam|p1a: Dragapult
|-resisted|p1a: Dragapult
|-damage|p1a: Dragapult|37/100
|
|upkeep
|turn|3
|
|t:|1760726266
|move|p1a: Dragapult|Dragon Darts|p2a: Gastrodon
|-crit|p2a: Gastrodon
|-damage|p2a: Gastrodon|40/100
|-anim|p1a: Dragapult|Dragon Darts|p2a: Gastrodon
|-damage|p2a: Gastrodon|2/100
|move|p2a: Gastrodon|Earth Power|p1a: Dragapult
|-supereffective|p1a: Dragapult
|-damage|p1a: Dragapult|0 fnt
|faint|p1a: Dragapult
|
|upkeep
|
|t:|1760726279
|switch|p1a: Scizor|Scizor, F|100/100
|turn|4
|
|t:|1760726305
|move|p1a: Scizor|Bullet Punch|p2a: Gastrodon
|-resisted|p2a: Gastrodon
|-damage|p2a: Gastrodon|0 fnt
|-damage|p1a: Scizor|84/100|[from] item: Rocky Helmet|[of] p2a: Gastrodon
|faint|p2a: Gastrodon
|
|upkeep
|
|t:|1760726319
|switch|p2a: Tornadus|Tornadus-Therian, M|100/100
|turn|5
|
|t:|1760726325
|move|p1a: Scizor|Bullet Punch|p2a: Tornadus
|-damage|p2a: Tornadus|35/100
|move|p2a: Tornadus|Heat Wave|p1a: Scizor
|-supereffective|p1a: Scizor
|-damage|p1a: Scizor|0 fnt
|faint|p1a: Scizor
|
|upkeep
|
|t:|1760726334
|switch|p1a: Lokix|Lokix, M|100/100
|turn|6
|
|t:|1760726341
|switch|p2a: Corviknight|Corviknight, F|100/100
|-ability|p2a: Corviknight|Pressure
|move|p1a: Lokix|First Impression|p2a: Corviknight
|-resisted|p2a: Corviknight
|-damage|p2a: Corviknight|89/100
|
|-heal|p2a: Corviknight|95/100|[from] item: Leftovers
|upkeep
|turn|7
|
|t:|1760726353
|move|p1a: Lokix|U-turn|p2a: Corviknight
|-resisted|p2a: Corviknight
|-damage|p2a: Corviknight|85/100
|
|t:|1760726356
|switch|p1a: Moltres|Moltres-Galar|100/100|[from] U-turn
|move|p2a: Corviknight|Iron Defense|p2a: Corviknight
|-boost|p2a: Corviknight|def|2
|
|-heal|p2a: Corviknight|91/100|[from] item: Leftovers
|upkeep
|turn|8
|
|t:|1760726369
|move|p1a: Moltres|Nasty Plot|p1a: Moltres
|-boost|p1a: Moltres|spa|2
|move|p2a: Corviknight|Body Press|p1a: Moltres
|-damage|p1a: Moltres|39/100
|-ability|p1a: Moltres|Berserk|boost
|-boost|p1a: Moltres|spa|1
|
|-heal|p2a: Corviknight|97/100|[from] item: Leftovers
|upkeep
|turn|9
|
|t:|1760726380
|move|p1a: Moltres|Fiery Wrath|p2a: Corviknight
|-damage|p2a: Corviknight|10/100
|move|p2a: Corviknight|Body Press|p1a: Moltres
|-damage|p1a: Moltres|0 fnt
|faint|p1a: Moltres
|
|-heal|p2a: Corviknight|16/100|[from] item: Leftovers
|upkeep
|
|t:|1760726392
|switch|p1a: Lokix|Lokix, M|100/100
|turn|10
|
|t:|1760726399
|switch|p2a: Iron Hands|Iron Hands|100/100
|move|p1a: Lokix|First Impression|p2a: Iron Hands
|-resisted|p2a: Iron Hands
|-damage|p2a: Iron Hands|74/100
|
|upkeep
|turn|11
|
|t:|1760726410
|move|p1a: Lokix|Knock Off|p2a: Iron Hands
|-resisted|p2a: Iron Hands
|-damage|p2a: Iron Hands|43/100
|-enditem|p2a: Iron Hands|Shuca Berry|[from] move: Knock Off|[of] p1a: Lokix
|move|p2a: Iron Hands|Swords Dance|p2a: Iron Hands
|-boost|p2a: Iron Hands|atk|2
|
|upkeep
|turn|12
|
|t:|1760726419
|move|p1a: Lokix|U-turn|p2a: Iron Hands
|-resisted|p2a: Iron Hands
|-damage|p2a: Iron Hands|22/100
|
|t:|1760726422
|switch|p1a: Iron Valiant|Iron Valiant|100/100|[from] U-turn
|-enditem|p1a: Iron Valiant|Booster Energy
|-activate|p1a: Iron Valiant|ability: Quark Drive|[fromitem]
|-start|p1a: Iron Valiant|quarkdrivespe
|move|p2a: Iron Hands|Drain Punch|p1a: Iron Valiant
|-resisted|p1a: Iron Valiant
|-crit|p1a: Iron Valiant
|-damage|p1a: Iron Valiant|9/100
|-heal|p2a: Iron Hands|52/100|[from] drain|[of] p1a: Iron Valiant
|
|upkeep
|turn|13
|
|t:|1760726435
|-end|p2a: Iron Hands|Quark Drive|[silent]
|switch|p2a: Corviknight|Corviknight, F|16/100
|-ability|p2a: Corviknight|Pressure
|move|p1a: Iron Valiant|Moonblast|p2a: Corviknight
|-resisted|p2a: Corviknight
|-damage|p2a: Corviknight|0 fnt
|faint|p2a: Corviknight
|
|upkeep
|
|t:|1760726460
|switch|p2a: Latias|Latias, F|100/100
|turn|14
|
|t:|1760726468
|move|p1a: Iron Valiant|Moonblast|p2a: Latias
|-supereffective|p2a: Latias
|-damage|p2a: Latias|26/100
|move|p2a: Latias|Aura Sphere|p1a: Iron Valiant
|-resisted|p1a: Iron Valiant
|-damage|p1a: Iron Valiant|0 fnt
|faint|p1a: Iron Valiant
|-end|p1a: Iron Valiant|Quark Drive|[silent]
|
|-heal|p2a: Latias|32/100|[from] item: Leftovers
|upkeep
|
|t:|1760726480
|switch|p1a: Lokix|Lokix, M|100/100
|turn|15
|
|t:|1760726486
|switch|p2a: Tornadus|Tornadus-Therian, M|68/100
|move|p1a: Lokix|First Impression|p2a: Tornadus
|-resisted|p2a: Tornadus
|-damage|p2a: Tornadus|18/100
|
|upkeep
|turn|16
|
|t:|1760726495
|move|p1a: Lokix|Sucker Punch|p2a: Tornadus
|-damage|p2a: Tornadus|0 fnt
|faint|p2a: Tornadus
|
|upkeep
|
|t:|1760726503
|switch|p2a: Darkrai|Darkrai|100/100
|turn|17
|
|t:|1760726516
|-terastallize|p2a: Darkrai|Poison
|move|p2a: Darkrai|Nasty Plot|p2a: Darkrai
|-boost|p2a: Darkrai|spa|2
|move|p1a: Lokix|U-turn|p2a: Darkrai
|-resisted|p2a: Darkrai
|-damage|p2a: Darkrai|63/100
|
|t:|1760726524
|switch|p1a: Ogerpon|Ogerpon-Wellspring, F|100/100|[from] U-turn
|
|upkeep
|turn|18
|
|t:|1760726531
|move|p2a: Darkrai|Sludge Bomb|p1a: Ogerpon
|-supereffective|p1a: Ogerpon
|-damage|p1a: Ogerpon|0 fnt
|faint|p1a: Ogerpon
|
|upkeep
|
|t:|1760726537
|switch|p1a: Lokix|Lokix, M|100/100
|turn|19
|
|t:|1760726543
|move|p1a: Lokix|First Impression|p2a: Darkrai
|-resisted|p2a: Darkrai
|-damage|p2a: Darkrai|12/100
|move|p2a: Darkrai|Sludge Bomb|p1a: Lokix
|-damage|p1a: Lokix|0 fnt
|faint|p1a: Lokix
|
|win|graphite1312
|raw|grimppyyyy god's rating: 1175 &rarr; <strong>1146</strong><br />(-29 for losing)
|raw|graphite1312's rating: 1119 &rarr; <strong>1148</strong><br />(+29 for winning)
|c|☆graphite1312|gg
|l|☆grimppyyyy god
|player|p1|
