|j|☆PhyroxFurry
|j|☆Miike_122
|t:|1760766897
|gametype|singles
|player|p1|PhyroxFurry|n|1123
|player|p2|Miike_122|benga|1106
|gen|9
|tier|[Gen 9] OU
|rated|
|rule|HP Percentage Mod: HP is shown in percentages
|rule|Endless Battle Clause: Forcing endless battles is banned
|rule|Species Clause: Limit one of each Pokémon
|rule|OHKO Clause: OHKO moves are banned
|rule|Evasion Items Clause: Evasion items are banned
|rule|Evasion Moves Clause: Evasion moves are banned
|rule|Evasion Abilities Clause: Evasion abilities are banned
|rule|Sleep Moves Clause: Sleep-inducing moves are banned
|clearpoke
|poke|p1|Zoroark-Hisui, M|
|poke|p1|Iron Treads|
|poke|p1|Enamorus, F|
|poke|p1|Toxapex, M|
|poke|p1|Umbreon, F|
|poke|p1|Walking Wake|
|poke|p2|Iron Hands|
|poke|p2|Zarude-Dada|
|poke|p2|Scyther, M|
|poke|p2|Froslass, F|
|poke|p2|Volcanion|
|poke|p2|Revavroom, F|
|teampreview
|inactive|Battle timer is ON: inactive players will automatically lose when time's up. (requested by Miike_122)
|inactive|PhyroxFurry has 120 seconds left.
|
|t:|1760766932
|teamsize|p1|6
|teamsize|p2|6
|start
|switch|p1a: Yugata~Hoshi♥|Umbreon, F|100/100
|switch|p2a: Zarude|Zarude-Dada|100/100
|turn|1
|
|t:|1760766957
|move|p2a: Zarude|U-turn|p1a: Yugata~Hoshi♥
|-resisted|p1a: Yugata~Hoshi♥
|-damage|p1a: Yugata~Hoshi♥|73/100
|replace|p1a: Akari~Kitsuki ♥w♥|Zoroark-Hisui, M
|-end|p1a: Akari~Kitsuki ♥w♥|Illusion
|
|t:|1760766969
|switch|p2a: Iron Hands|Iron Hands|100/100|[from] U-turn
|move|p1a: Akari~Kitsuki ♥w♥|Sludge Bomb|p2a: Iron Hands
|-damage|p2a: Iron Hands|78/100
|
|upkeep
|turn|2
|
|t:|1760766985
|switch|p1a: Iron Treads|Iron Treads|100/100
|move|p2a: Iron Hands|Ice Punch|p1a: Iron Treads
|-damage|p1a: Iron Treads|77/100
|
|upkeep
|turn|3
|
|t:|1760766995
|move|p1a: Iron Treads|Earthquake|p2a: Iron Hands
|-supereffective|p2a: Iron Hands
|-damage|p2a: Iron Hands|22/100
|move|p2a: Iron Hands|Drain Punch|p1a: Iron Treads
|-supereffective|p1a: Iron Treads
|-damage|p1a: Iron Treads|2/100
|-heal|p2a: Iron Hands|48/100|[from] drain|[of] p1a: Iron Treads
|
|upkeep
|turn|4
|
|t:|1760767004
|-end|p1a: Iron Treads|Quark Drive|[silent]
|switch|p1a: Yugata~Hoshi♥|Umbreon, F|73/100
|-end|p2a: Iron Hands|Quark Drive|[silent]
|switch|p2a: Scyther|Scyther, M|100/100
|
|upkeep
|turn|5
|
|t:|1760767011
|switch|p2a: Revavroom|Revavroom, F|100/100
|-item|p2a: Revavroom|Air Balloon
|move|p1a: Yugata~Hoshi♥|U-turn|p2a: Revavroom
|-resisted|p2a: Revavroom
|-damage|p2a: Revavroom|97/100
|-enditem|p2a: Revavroom|Air Balloon
|
|t:|1760767018
|switch|p1a: Iron Treads|Iron Treads|2/100|[from] U-turn
|
|upkeep
|turn|6
|
|t:|1760767026
|-terastallize|p2a: Revavroom|Ground
|move|p1a: Iron Treads|Earthquake|p2a: Revavroom
|-damage|p2a: Revavroom|60/100
|move|p2a: Revavroom|Shift Gear|p2a: Revavroom
|-boost|p2a: Revavroom|spe|2
|-boost|p2a: Revavroom|atk|1
|
|upkeep
|turn|7
|
|t:|1760767036
|move|p2a: Revavroom|Iron Head|p1a: Iron Treads
|-resisted|p1a: Iron Treads
|-damage|p1a: Iron Treads|0 fnt
|faint|p1a: Iron Treads
|-end|p1a: Iron Treads|Quark Drive|[silent]
|
|upkeep
|
|t:|1760767042
|switch|p1a: Toxapex|Toxapex, M|100/100
|turn|8
|
|t:|1760767052
|move|p2a: Revavroom|High Horsepower|p1a: Toxapex
|-supereffective|p1a: Toxapex
|-damage|p1a: Toxapex|0 fnt
|faint|p1a: Toxapex
|
|upkeep
|
|t:|1760767061
|switch|p1a: Yugata~Hoshi♥|Umbreon, F|100/100
|turn|9
|
|t:|1760767066
|move|p2a: Revavroom|Gunk Shot|p1a: Yugata~Hoshi♥
|-damage|p1a: Yugata~Hoshi♥|41/100
|move|p1a: Yugata~Hoshi♥|Foul Play|p2a: Revavroom
|-damage|p2a: Revavroom|0 fnt
|faint|p2a: Revavroom
|
|-heal|p1a: Yugata~Hoshi♥|47/100|[from] item: Leftovers
|upkeep
|
|t:|1760767078
|switch|p2a: Scyther|Scyther, M|100/100
|turn|10
|
|t:|1760767084
|switch|p1a: Enamorus|Enamorus, F|100/100
|move|p2a: Scyther|Bug Bite|p1a: Enamorus
|-resisted|p1a: Enamorus
|-damage|p1a: Enamorus|88/100
|
|upkeep
|turn|11
|
|t:|1760767098
|move|p1a: Enamorus|Mystical Fire|p2a: Scyther
|-supereffective|p2a: Scyther
|-damage|p2a: Scyther|61/100
|-unboost|p2a: Scyther|spa|1
|move|p2a: Scyther|Trailblaze|p1a: Enamorus
|-resisted|p1a: Enamorus
|-damage|p1a: Enamorus|75/100
|-boost|p2a: Scyther|spe|1
|
|upkeep
|turn|12
|
|t:|1760767108
|move|p2a: Scyther|Dual Wingbeat|p1a: Enamorus
|-damage|p1a: Enamorus|36/100
|-damage|p1a: Enamorus|0 fnt
|faint|p1a: Enamorus
|-hitcount|p1: Enamorus|2
|
|upkeep
|
|t:|1760767114
|switch|p1a: Walking Wake|Walking Wake|100/100
|turn|13
|
|t:|1760767120
|move|p1a: Walking Wake|Flamethrower|p2a: Scyther
|-supereffective|p2a: Scyther
|-damage|p2a: Scyther|11/100
|move|p2a: Scyther|Dual Wingbeat|p1a: Walking Wake|[miss]
|-miss|p2a: Scyther|p1a: Walking Wake
|
|upkeep
|turn|14
|
|t:|1760767127
|switch|p2a: Volcanion|Volcanion|100/100
|move|p1a: Walking Wake|Flamethrower|p2a: Volcanion
|-resisted|p2a: Volcanion
|-damage|p2a: Volcanion|95/100
|
|upkeep
|turn|15
|
|t:|1760767136
|-end|p1a: Walking Wake|Protosynthesis|[silent]
|switch|p1a: Yugata~Hoshi♥|Umbreon, F|47/100
|move|p2a: Volcanion|Flame Charge|p1a: Yugata~Hoshi♥
|-damage|p1a: Yugata~Hoshi♥|37/100
|-boost|p2a: Volcanion|spe|1
|
|-heal|p1a: Yugata~Hoshi♥|43/100|[from] item: Leftovers
|upkeep
|turn|16
|
|t:|1760767144
|move|p2a: Volcanion|Flame Charge|p1a: Yugata~Hoshi♥
|-damage|p1a: Yugata~Hoshi♥|31/100
|-boost|p2a: Volcanion|spe|1
|move|p1a: Yugata~Hoshi♥|Wish|p1a: Yugata~Hoshi♥
|
|-heal|p1a: Yugata~Hoshi♥|37/100|[from] item: Leftovers
|upkeep
|turn|17
|
|t:|1760767151
|move|p2a: Volcanion|Steam Eruption|p1a: Yugata~Hoshi♥
|-damage|p1a: Yugata~Hoshi♥|3/100
|-status|p1a: Yugata~Hoshi♥|brn
|-activate|p1a: Yugata~Hoshi♥|ability: Synchronize
|-immune|p2a: Volcanion
|move|p1a: Yugata~Hoshi♥|Roar|p2a: Volcanion
|drag|p2a: Froslass|Froslass, F|100/100
|
|-heal|p1a: Yugata~Hoshi♥|53/100 brn|[from] move: Wish|[wisher] Yugata~Hoshi♥
|-heal|p1a: Yugata~Hoshi♥|59/100 brn|[from] item: Leftovers
|-damage|p1a: Yugata~Hoshi♥|53/100 brn|[from] brn
|upkeep
|turn|18
|
|t:|1760767169
|switch|p2a: Iron Hands|Iron Hands|48/100
|move|p1a: Yugata~Hoshi♥|Wish|p1a: Yugata~Hoshi♥
|
|-heal|p1a: Yugata~Hoshi♥|59/100 brn|[from] item: Leftovers
|-damage|p1a: Yugata~Hoshi♥|53/100 brn|[from] brn
|upkeep
|turn|19
|
|t:|1760767188
|-terastallize|p1a: Yugata~Hoshi♥|Ghost
|move|p1a: Yugata~Hoshi♥|Foul Play|p2a: Iron Hands
|-resisted|p2a: Iron Hands
|-damage|p2a: Iron Hands|39/100
|move|p2a: Iron Hands|Drain Punch|p1a: Yugata~Hoshi♥
|-immune|p1a: Yugata~Hoshi♥
|
|-heal|p1a: Yugata~Hoshi♥|100/100 brn|[from] move: Wish|[wisher] Yugata~Hoshi♥
|-damage|p1a: Yugata~Hoshi♥|94/100 brn|[from] brn
|upkeep
|turn|20
|
|t:|1760767198
|move|p2a: Iron Hands|Supercell Slam|p1a: Yugata~Hoshi♥
|-damage|p1a: Yugata~Hoshi♥|53/100 brn
|move|p1a: Yugata~Hoshi♥|Roar|p2a: Iron Hands
|-end|p2a: Iron Hands|Quark Drive|[silent]
|drag|p2a: Volcanion|Volcanion|95/100
|
|-heal|p1a: Yugata~Hoshi♥|59/100 brn|[from] item: Leftovers
|-damage|p1a: Yugata~Hoshi♥|53/100 brn|[from] brn
|upkeep
|turn|21
|
|t:|1760767207
|move|p2a: Volcanion|Steam Eruption|p1a: Yugata~Hoshi♥
|-damage|p1a: Yugata~Hoshi♥|16/100 brn
|move|p1a: Yugata~Hoshi♥|Wish|p1a: Yugata~Hoshi♥
|
|-heal|p1a: Yugata~Hoshi♥|23/100 brn|[from] item: Leftovers
|-damage|p1a: Yugata~Hoshi♥|16/100 brn|[from] brn
|upkeep
|turn|22
|
|t:|1760767217
|switch|p2a: Zarude|Zarude-Dada|100/100
|move|p1a: Yugata~Hoshi♥|Protect||[still]
|-fail|p1a: Yugata~Hoshi♥
|
|-heal|p1a: Yugata~Hoshi♥|66/100 brn|[from] move: Wish|[wisher] Yugata~Hoshi♥
|-heal|p1a: Yugata~Hoshi♥|73/100 brn|[from] item: Leftovers
|-damage|p1a: Yugata~Hoshi♥|66/100 brn|[from] brn
|upkeep
|turn|23
|
|t:|1760767227
|switch|p1a: Walking Wake|Walking Wake|100/100
|move|p2a: Zarude|Knock Off|p1a: Walking Wake
|-damage|p1a: Walking Wake|39/100
|-enditem|p1a: Walking Wake|Choice Scarf|[from] move: Knock Off|[of] p2a: Zarude
|
|upkeep
|turn|24
|
|t:|1760767233
|switch|p2a: Volcanion|Volcanion|95/100
|move|p1a: Walking Wake|Flamethrower|p2a: Volcanion
|-resisted|p2a: Volcanion
|-damage|p2a: Volcanion|89/100
|
|upkeep
|turn|25
|
|t:|1760767242
|move|p1a: Walking Wake|Draco Meteor|p2a: Volcanion
|-damage|p2a: Volcanion|43/100
|-unboost|p1a: Walking Wake|spa|2
|move|p2a: Volcanion|Flame Charge|p1a: Walking Wake
|-resisted|p1a: Walking Wake
|-damage|p1a: Walking Wake|34/100
|-boost|p2a: Volcanion|spe|1
|
|upkeep
|turn|26
|
|t:|1760767251
|move|p1a: Walking Wake|Flip Turn|p2a: Volcanion
|-heal|p2a: Volcanion|68/100|[from] ability: Water Absorb|[of] p1a: Walking Wake
|move|p2a: Volcanion|Flame Charge|p1a: Walking Wake
|-resisted|p1a: Walking Wake
|-damage|p1a: Walking Wake|30/100
|-boost|p2a: Volcanion|spe|1
|
|upkeep
|turn|27
|
|t:|1760767266
|-end|p1a: Walking Wake|Protosynthesis|[silent]
|switch|p1a: Yugata~Hoshi♥|Umbreon, F, tera:Ghost|66/100 brn
|move|p2a: Volcanion|Steam Eruption|p1a: Yugata~Hoshi♥
|-damage|p1a: Yugata~Hoshi♥|35/100 brn
|
|-heal|p1a: Yugata~Hoshi♥|41/100 brn|[from] item: Leftovers
|-damage|p1a: Yugata~Hoshi♥|35/100 brn|[from] brn
|upkeep
|turn|28
|
|t:|1760767275
|move|p2a: Volcanion|Steam Eruption|p1a: Yugata~Hoshi♥
|-damage|p1a: Yugata~Hoshi♥|1/100 brn
|move|p1a: Yugata~Hoshi♥|Wish|p1a: Yugata~Hoshi♥
|
|-heal|p1a: Yugata~Hoshi♥|7/100 brn|[from] item: Leftovers
|-damage|p1a: Yugata~Hoshi♥|1/100 brn|[from] brn
|upkeep
|turn|29
|
|t:|1760767283
|move|p1a: Yugata~Hoshi♥|Protect|p1a: Yugata~Hoshi♥
|-singleturn|p1a: Yugata~Hoshi♥|Protect
|move|p2a: Volcanion|Flame Charge|p1a: Yugata~Hoshi♥
|-activate|p1a: Yugata~Hoshi♥|move: Protect
|
|-heal|p1a: Yugata~Hoshi♥|51/100 brn|[from] move: Wish|[wisher] Yugata~Hoshi♥
|-heal|p1a: Yugata~Hoshi♥|57/100 brn|[from] item: Leftovers
|-damage|p1a: Yugata~Hoshi♥|51/100 brn|[from] brn
|upkeep
|turn|30
|
|t:|1760767292
|move|p2a: Volcanion|Steam Eruption|p1a: Yugata~Hoshi♥
|-crit|p1a: Yugata~Hoshi♥
|-damage|p1a: Yugata~Hoshi♥|0 fnt
|faint|p1a: Yugata~Hoshi♥
|
|upkeep
|
|t:|1760767298
|switch|p1a: Walking Wake|Walking Wake|30/100
|turn|31
|
|t:|1760767303
|move|p2a: Volcanion|Earth Power|p1a: Walking Wake
|-damage|p1a: Walking Wake|0 fnt
|faint|p1a: Walking Wake
|-end|p1a: Walking Wake|Protosynthesis|[silent]
|
|upkeep
|
|t:|1760767308
|switch|p1a: Akari~Kitsuki ♥w♥|Zoroark-Hisui, M|73/100
|turn|32
|
|t:|1760767311
|move|p2a: Volcanion|Steam Eruption|p1a: Akari~Kitsuki ♥w♥
|-damage|p1a: Akari~Kitsuki ♥w♥|0 fnt
|faint|p1a: Akari~Kitsuki ♥w♥
|
|win|Miike_122
|raw|PhyroxFurry's rating: 1123 &rarr; <strong>1097</strong><br />(-26 for losing)
|raw|Miike_122's rating: 1106 &rarr; <strong>1132</strong><br />(+26 for winning)
|l|☆Miike_122
|player|p2|
|c|☆PhyroxFurry|gg
|l|☆PhyroxFurry
|player|p1|
