|j|☆HZBKAI10
|j|☆Thunder60076
|t:|1760854422
|gametype|singles
|player|p1|HZBKAI10|1|1127
|player|p2|Thunder60076|cynthia|1085
|gen|9
|tier|[Gen 9] OU
|rated|
|rule|HP Percentage Mod: HP is shown in percentages
|rule|Endless Battle Clause: Forcing endless battles is banned
|rule|Species Clause: Limit one of each Pokémon
|rule|OHKO Clause: OHKO moves are banned
|rule|Evasion Items Clause: Evasion items are banned
|rule|Evasion Moves Clause: Evasion moves are banned
|rule|Evasion Abilities Clause: Evasion abilities are banned
|rule|Sleep Moves Clause: Sleep-inducing moves are banned
|clearpoke
|poke|p1|Iron Crown|
|poke|p1|Primarina, M|
|poke|p1|Toedscruel, F|
|poke|p1|Walking Wake|
|poke|p1|Heatran, M|
|poke|p1|Dragonite, F|
|poke|p2|Talonflame, F|
|poke|p2|Lokix, F|
|poke|p2|Garganacl, M|
|poke|p2|Iron Crown|
|poke|p2|Walking Wake|
|poke|p2|Dragonite, M|
|teampreview
|
|t:|1760854425
|teamsize|p1|6
|teamsize|p2|6
|start
|switch|p1a: Primarina|Primarina, M|100/100
|switch|p2a: Lokix|Lokix, F|100/100
|turn|1
|
|t:|1760854429
|move|p2a: Lokix|Lunge|p1a: Primarina
|-resisted|p1a: Primarina
|-damage|p1a: Primarina|28/100
|-unboost|p1a: Primarina|atk|1
|move|p1a: Primarina|Moonblast|p2a: Lokix
|-supereffective|p2a: Lokix
|-damage|p2a: Lokix|0 fnt
|faint|p2a: Lokix
|
|-heal|p1a: Primarina|34/100|[from] item: Leftovers
|upkeep
|
|t:|1760854441
|switch|p2a: Iron Crown|Iron Crown|100/100
|-enditem|p2a: Iron Crown|Booster Energy
|-activate|p2a: Iron Crown|ability: Quark Drive|[fromitem]
|-start|p2a: Iron Crown|quarkdrivespa
|turn|2
|
|t:|1760854444
|move|p2a: Iron Crown|Agility|p2a: Iron Crown
|-boost|p2a: Iron Crown|spe|2
|move|p1a: Primarina|Surf|p2a: Iron Crown
|-damage|p2a: Iron Crown|27/100
|
|-heal|p1a: Primarina|40/100|[from] item: Leftovers
|upkeep
|turn|3
|
|t:|1760854449
|move|p2a: Iron Crown|Tachyon Cutter|p1a: Primarina
|-damage|p1a: Primarina|5/100
|-damage|p1a: Primarina|0 fnt
|faint|p1a: Primarina
|-hitcount|p1: Primarina|2
|
|upkeep
|
|t:|1760854449
|switch|p1a: Heatran|Heatran, M|100/100
|turn|4
|
|t:|1760854457
|move|p2a: Iron Crown|Psychic|p1a: Heatran
|-resisted|p1a: Heatran
|-damage|p1a: Heatran|68/100
|move|p1a: Heatran|Magma Storm|p2a: Iron Crown|[miss]
|-miss|p1a: Heatran|p2a: Iron Crown
|
|-heal|p1a: Heatran|74/100|[from] item: Leftovers
|upkeep
|turn|5
|
|t:|1760854463
|move|p2a: Iron Crown|Volt Switch|p1a: Heatran
|-damage|p1a: Heatran|40/100
|
|t:|1760854469
|-end|p2a: Iron Crown|Quark Drive|[silent]
|switch|p2a: Garganacl|Garganacl, M|100/100|[from] Volt Switch
|move|p1a: Heatran|Magma Storm|p2a: Garganacl
|-resisted|p2a: Garganacl
|-damage|p2a: Garganacl|82/100
|-activate|p2a: Garganacl|move: Magma Storm|[of] p1a: Heatran
|
|-heal|p1a: Heatran|46/100|[from] item: Leftovers
|-heal|p2a: Garganacl|88/100|[from] item: Leftovers
|-damage|p2a: Garganacl|76/100|[from] move: Magma Storm|[partiallytrapped]
|upkeep
|turn|6
|
|t:|1760854472
|move|p1a: Heatran|Earth Power|p2a: Garganacl
|-supereffective|p2a: Garganacl
|-damage|p2a: Garganacl|38/100
|move|p2a: Garganacl|Salt Cure|p1a: Heatran
|-damage|p1a: Heatran|32/100
|-start|p1a: Heatran|Salt Cure
|
|-heal|p1a: Heatran|39/100|[from] item: Leftovers
|-heal|p2a: Garganacl|44/100|[from] item: Leftovers
|-damage|p1a: Heatran|14/100|[from] Salt Cure
|-damage|p2a: Garganacl|32/100|[from] move: Magma Storm|[partiallytrapped]
|upkeep
|turn|7
|
|t:|1760854479
|move|p1a: Heatran|Earth Power|p2a: Garganacl
|-supereffective|p2a: Garganacl
|-damage|p2a: Garganacl|0 fnt
|faint|p2a: Garganacl
|
|-heal|p1a: Heatran|20/100|[from] item: Leftovers
|-damage|p1a: Heatran|0 fnt|[from] Salt Cure
|faint|p1a: Heatran
|upkeep
|
|t:|1760854486
|switch|p1a: Iron Crown|Iron Crown|100/100
|switch|p2a: Dragonite|Dragonite, M|100/100
|turn|8
|
|t:|1760854491
|move|p1a: Iron Crown|Future Sight|p2a: Dragonite
|-start|p1a: Iron Crown|move: Future Sight
|move|p2a: Dragonite|Dragon Dance|p2a: Dragonite
|-boost|p2a: Dragonite|atk|1
|-boost|p2a: Dragonite|spe|1
|
|upkeep
|turn|9
|
|t:|1760854494
|move|p2a: Dragonite|Dragon Dance|p2a: Dragonite
|-boost|p2a: Dragonite|atk|1
|-boost|p2a: Dragonite|spe|1
|move|p1a: Iron Crown|Future Sight||[still]
|-fail|p1a: Iron Crown
|
|upkeep
|turn|10
|
|t:|1760854499
|move|p2a: Dragonite|Dragon Dance|p2a: Dragonite
|-boost|p2a: Dragonite|atk|1
|-boost|p2a: Dragonite|spe|1
|move|p1a: Iron Crown|Future Sight||[still]
|-fail|p1a: Iron Crown
|
|-end|p2a: Dragonite|move: Future Sight
|-damage|p2a: Dragonite|67/100
|upkeep
|turn|11
|
|t:|1760854504
|-terastallize|p2a: Dragonite|Normal
|move|p2a: Dragonite|Extreme Speed|p1a: Iron Crown
|-resisted|p1a: Iron Crown
|-damage|p1a: Iron Crown|42/100
|move|p1a: Iron Crown|Future Sight|p2a: Dragonite
|-start|p1a: Iron Crown|move: Future Sight
|
|upkeep
|turn|12
|
|t:|1760854510
|move|p2a: Dragonite|Extreme Speed|p1a: Iron Crown
|-resisted|p1a: Iron Crown
|-damage|p1a: Iron Crown|0 fnt
|faint|p1a: Iron Crown
|-end|p1a: Iron Crown|Quark Drive|[silent]
|
|upkeep
|
|t:|1760854510
|switch|p1a: Walking Wake|Walking Wake|100/100
|turn|13
|
|t:|1760854514
|move|p2a: Dragonite|Dragon Claw|p1a: Walking Wake
|-supereffective|p1a: Walking Wake
|-damage|p1a: Walking Wake|0 fnt
|faint|p1a: Walking Wake
|-end|p1a: Walking Wake|Protosynthesis|[silent]
|
|-end|p2a: Dragonite|move: Future Sight
|-damage|p2a: Dragonite|5/100
|upkeep
|
|t:|1760854514
|switch|p1a: Toedscruel|Toedscruel, F|100/100
|turn|14
|
|t:|1760854522
|move|p2a: Dragonite|Extreme Speed|p1a: Toedscruel
|-damage|p1a: Toedscruel|0 fnt
|faint|p1a: Toedscruel
|
|upkeep
|
|t:|1760854522
|switch|p1a: Dragonite|Dragonite, F|100/100
|turn|15
|
|t:|1760854527
|move|p2a: Dragonite|Extreme Speed|p1a: Dragonite
|-damage|p1a: Dragonite|37/100
|move|p1a: Dragonite|Earthquake|p2a: Dragonite
|-damage|p2a: Dragonite|0 fnt
|faint|p2a: Dragonite
|
|upkeep
|
|t:|1760854531
|switch|p2a: Iron Crown|Iron Crown|27/100
|turn|16
|
|t:|1760854533
|move|p2a: Iron Crown|Tachyon Cutter|p1a: Dragonite
|-damage|p1a: Dragonite|9/100
|-damage|p1a: Dragonite|0 fnt
|faint|p1a: Dragonite
|-hitcount|p1: Dragonite|2
|
|win|Thunder60076
|raw|HZBKAI10's rating: 1127 &rarr; <strong>1099</strong><br />(-28 for losing)
|raw|Thunder60076's rating: 1085 &rarr; <strong>1116</strong><br />(+31 for winning)
|l|☆HZBKAI10
|player|p1|
|l|☆Thunder60076
|player|p2|
