|j|☆sargentomichoo
|j|☆3lit
|t:|1760820870
|gametype|singles
|player|p1|sargentomichoo|1|1210
|player|p2|3lit|1|1212
|gen|9
|tier|[Gen 9] OU
|rated|
|rule|HP Percentage Mod: HP is shown in percentages
|rule|Endless Battle Clause: Forcing endless battles is banned
|rule|Species Clause: Limit one of each Pokémon
|rule|OHKO Clause: OHKO moves are banned
|rule|Evasion Items Clause: Evasion items are banned
|rule|Evasion Moves Clause: Evasion moves are banned
|rule|Evasion Abilities Clause: Evasion abilities are banned
|rule|Sleep Moves Clause: Sleep-inducing moves are banned
|clearpoke
|poke|p1|Girafarig, M|
|poke|p1|Raichu, M|
|poke|p1|Heatran, F|
|poke|p1|Quagsire, M|
|poke|p1|Grimmsnarl, M|
|poke|p1|Landorus-Therian, M|
|poke|p2|Dragapult, M|
|poke|p2|Gliscor, F|
|poke|p2|Kingambit, F|
|poke|p2|Slowking-Galar, F|
|poke|p2|Ogerpon-Wellspring, F|
|poke|p2|Great Tusk|
|teampreview
|inactive|Battle timer is ON: inactive players will automatically lose when time's up. (requested by sargentomichoo)
|
|t:|1760820898
|teamsize|p1|6
|teamsize|p2|6
|start
|switch|p1a: Landorus|Landorus-Therian, M|100/100
|switch|p2a: Dragapult|Dragapult, M|100/100
|-ability|p1a: Landorus|Intimidate|boost
|-fail|p2a: Dragapult|unboost|[from] ability: Clear Body|[of] p2a: Dragapult
|turn|1
|inactive|sargentomichoo has 120 seconds left.
|
|t:|1760820947
|move|p1a: Landorus|Earthquake|p2a: Dragapult
|-damage|p2a: Dragapult|18/100
|move|p2a: Dragapult|Fire Blast|p1a: Landorus
|-damage|p1a: Landorus|43/100
|
|upkeep
|turn|2
|inactive|3lit has 120 seconds left.
|
|t:|1760820991
|switch|p2a: Gliscor|Gliscor, F|100/100
|switch|p1a: Grimmsnarl|Grimmsnarl, M|100/100
|
|-status|p2a: Gliscor|tox|[from] item: Toxic Orb
|upkeep
|turn|3
|
|t:|1760821002
|move|p1a: Grimmsnarl|Parting Shot|p2a: Gliscor
|-unboost|p2a: Gliscor|atk|1
|-unboost|p2a: Gliscor|spa|1
|
|t:|1760821005
|switch|p1a: Landorus|Landorus-Therian, M|43/100|[from] Parting Shot
|-ability|p1a: Landorus|Intimidate|boost
|-unboost|p2a: Gliscor|atk|1
|move|p2a: Gliscor|Toxic|p1a: Landorus
|-status|p1a: Landorus|tox
|
|-damage|p1a: Landorus|37/100 tox|[from] psn
|upkeep
|turn|4
|
|t:|1760821016
|-terastallize|p1a: Landorus|Ice
|move|p1a: Landorus|Tera Blast|p2a: Gliscor|[anim] Tera Blast Ice
|-supereffective|p2a: Gliscor
|-damage|p2a: Gliscor|0 fnt
|faint|p2a: Gliscor
|
|-damage|p1a: Landorus|25/100 tox|[from] psn
|upkeep
|
|t:|1760821027
|switch|p2a: KG|Kingambit, F|100/100
|-activate|p2a: KG|ability: Supreme Overlord
|-start|p2a: KG|fallen1|[silent]
|turn|5
|inactive|sargentomichoo has 120 seconds left.
|
|t:|1760821034
|switch|p1a: Heatran|Heatran, F|100/100
|-item|p1a: Heatran|Air Balloon
|move|p2a: KG|Kowtow Cleave|p1a: Heatran
|-damage|p1a: Heatran|49/100
|-enditem|p1a: Heatran|Air Balloon
|
|upkeep
|turn|6
|
|t:|1760821043
|move|p2a: KG|Kowtow Cleave|p1a: Heatran
|-damage|p1a: Heatran|2/100
|move|p1a: Heatran|Lava Plume|p2a: KG
|-supereffective|p2a: KG
|-damage|p2a: KG|7/100
|
|upkeep
|turn|7
|
|t:|1760821050
|move|p2a: KG|Iron Head|p1a: Heatran
|-resisted|p1a: Heatran
|-damage|p1a: Heatran|0 fnt
|faint|p1a: Heatran
|
|upkeep
|
|t:|1760821060
|switch|p1a: Quagsire|Quagsire, M|100/100
|turn|8
|inactive|3lit has 120 seconds left.
|inactive|3lit has 90 seconds left.
|
|t:|1760821127
|-end|p2a: KG|fallen1|[silent]
|switch|p2a: Pon Welly|Ogerpon-Wellspring, F|100/100
|move|p1a: Quagsire|Earthquake|p2a: Pon Welly
|-resisted|p2a: Pon Welly
|-damage|p2a: Pon Welly|81/100
|
|upkeep
|turn|9
|
|t:|1760821142
|switch|p1a: Landorus|Landorus-Therian, M, tera:Ice|25/100 tox
|-ability|p1a: Landorus|Intimidate|boost
|-unboost|p2a: Pon Welly|atk|1
|move|p2a: Pon Welly|Swords Dance|p2a: Pon Welly
|-boost|p2a: Pon Welly|atk|2
|
|-damage|p1a: Landorus|18/100 tox|[from] psn
|upkeep
|turn|10
|
|t:|1760821157
|switch|p1a: Girafarig|Girafarig, M|100/100
|move|p2a: Pon Welly|Horn Leech|p1a: Girafarig
|-ability|p1a: Girafarig|Sap Sipper|boost
|-boost|p1a: Girafarig|atk|1
|
|upkeep
|turn|11
|inactive|3lit has 90 seconds left.
|l|☆sargentomichoo
|inactive|sargentomichoo disconnected and has a minute to reconnect!
|player|p1|
|
|t:|1760821206
|move|p2a: Pon Welly|Ivy Cudgel|p1a: Girafarig|[anim] Ivy Cudgel Water
|-damage|p1a: Girafarig|31/100
|move|p1a: Girafarig|Body Slam|p2a: Pon Welly
|-crit|p2a: Pon Welly
|-damage|p2a: Pon Welly|8/100
|
|upkeep
|turn|12
|j|☆sargentomichoo
|inactive|sargentomichoo reconnected and has 130 seconds left.
|player|p1|sargentomichoo|1|
|inactive|sargentomichoo has 120 seconds left.
|
|t:|1760821227
|move|p2a: Pon Welly|Ivy Cudgel|p1a: Girafarig|[anim] Ivy Cudgel Water
|-crit|p1a: Girafarig
|-damage|p1a: Girafarig|0 fnt
|faint|p1a: Girafarig
|
|upkeep
|inactive|sargentomichoo has 120 seconds left.
|
|t:|1760821233
|switch|p1a: Landorus|Landorus-Therian, M, tera:Ice|18/100 tox
|-ability|p1a: Landorus|Intimidate|boost
|-unboost|p2a: Pon Welly|atk|1
|turn|13
|
|t:|1760821244
|move|p1a: Landorus|Earthquake|p2a: Pon Welly
|-resisted|p2a: Pon Welly
|-damage|p2a: Pon Welly|0 fnt
|faint|p2a: Pon Welly
|
|-damage|p1a: Landorus|12/100 tox|[from] psn
|upkeep
|
|t:|1760821247
|switch|p2a: Tusker|Great Tusk|100/100
|turn|14
|
|t:|1760821253
|move|p1a: Landorus|Earthquake|p2a: Tusker
|-damage|p2a: Tusker|55/100
|move|p2a: Tusker|Rapid Spin|p1a: Landorus
|-damage|p1a: Landorus|0 fnt
|-boost|p2a: Tusker|spe|1
|faint|p1a: Landorus
|
|upkeep
|
|t:|1760821262
|switch|p1a: Quagsire|Quagsire, M|100/100
|turn|15
|
|t:|1760821268
|move|p2a: Tusker|Headlong Rush|p1a: Quagsire
|-damage|p1a: Quagsire|39/100
|-unboost|p2a: Tusker|def|1
|-unboost|p2a: Tusker|spd|1
|move|p1a: Quagsire|Waterfall|p2a: Tusker
|-supereffective|p2a: Tusker
|-damage|p2a: Tusker|0 fnt
|faint|p2a: Tusker
|-end|p2a: Tusker|Protosynthesis|[silent]
|
|-heal|p1a: Quagsire|45/100|[from] item: Leftovers
|upkeep
|
|t:|1760821275
|switch|p2a: Dragapult|Dragapult, M|18/100
|turn|16
|
|t:|1760821282
|move|p2a: Dragapult|Shadow Ball|p1a: Quagsire
|-damage|p1a: Quagsire|2/100
|move|p1a: Quagsire|Recover|p1a: Quagsire
|-heal|p1a: Quagsire|52/100
|
|-heal|p1a: Quagsire|58/100|[from] item: Leftovers
|upkeep
|turn|17
|
|t:|1760821303
|move|p2a: Dragapult|Shadow Ball|p1a: Quagsire
|-damage|p1a: Quagsire|14/100
|move|p1a: Quagsire|Earthquake|p2a: Dragapult
|-damage|p2a: Dragapult|0 fnt
|faint|p2a: Dragapult
|
|-heal|p1a: Quagsire|20/100|[from] item: Leftovers
|upkeep
|
|t:|1760821307
|switch|p2a: KG|Kingambit, F|7/100
|-activate|p2a: KG|ability: Supreme Overlord
|-start|p2a: KG|fallen4|[silent]
|turn|18
|
|t:|1760821317
|move|p2a: KG|Iron Head|p1a: Quagsire
|-resisted|p1a: Quagsire
|-damage|p1a: Quagsire|0 fnt
|faint|p1a: Quagsire
|
|upkeep
|
|t:|1760821325
|switch|p1a: Raichu|Raichu, M|100/100
|turn|19
|inactive|3lit has 120 seconds left.
|inactive|3lit has 90 seconds left.
|inactive|3lit has 60 seconds left.
|
|t:|1760821409
|move|p1a: Raichu|Fake Out|p2a: KG
|-resisted|p2a: KG
|-damage|p2a: KG|3/100
|cant|p2a: KG|flinch
|
|upkeep
|turn|20
|
|t:|1760821415
|move|p2a: KG|Sucker Punch|p1a: Raichu
|-damage|p1a: Raichu|0 fnt
|faint|p1a: Raichu
|
|upkeep
|
|t:|1760821420
|switch|p1a: Grimmsnarl|Grimmsnarl, M|100/100
|turn|21
|
|t:|1760821424
|move|p2a: KG|Iron Head|p1a: Grimmsnarl
|-supereffective|p1a: Grimmsnarl
|-damage|p1a: Grimmsnarl|0 fnt
|faint|p1a: Grimmsnarl
|
|win|3lit
|raw|sargentomichoo's rating: 1210 &rarr; <strong>1185</strong><br />(-25 for losing)
|raw|3lit's rating: 1212 &rarr; <strong>1237</strong><br />(+25 for winning)
|l|☆sargentomichoo
|player|p1|
|l|☆3lit
|player|p2|
