|j|☆Novice by Nature
|j|☆thodoras edition
|t:|1760879334
|gametype|singles
|player|p1|Novice by Nature|yellow|1614
|player|p2|thodoras edition|102|1627
|gen|9
|tier|[Gen 9] OU
|rated|
|rule|HP Percentage Mod: HP is shown in percentages
|rule|Endless Battle Clause: Forcing endless battles is banned
|rule|Species Clause: Limit one of each Pokémon
|rule|OHKO Clause: OHKO moves are banned
|rule|Evasion Items Clause: Evasion items are banned
|rule|Evasion Moves Clause: Evasion moves are banned
|rule|Evasion Abilities Clause: Evasion abilities are banned
|rule|Sleep Moves Clause: Sleep-inducing moves are banned
|clearpoke
|poke|p1|Whimsicott, F|
|poke|p1|Ursaluna, F|
|poke|p1|Rillaboom, F|
|poke|p1|Heatran, F|
|poke|p1|Blastoise, F|
|poke|p1|Thundurus-Therian, M|
|poke|p2|Gholdengo|
|poke|p2|Zamazenta-*|
|poke|p2|Ting-Lu|
|poke|p2|Clefable, F|
|poke|p2|Dragonite, F|
|poke|p2|Deoxys-Speed|
|teampreview
|inactive|Battle timer is ON: inactive players will automatically lose when time's up. (requested by Novice by Nature)
|
|t:|1760879361
|teamsize|p1|6
|teamsize|p2|6
|start
|switch|p1a: Heatran|Heatran, F|100/100
|switch|p2a: Clefable|Clefable, F|100/100
|turn|1
|
|t:|1760879368
|switch|p2a: Ting-Lu|Ting-Lu|100/100
|-ability|p2a: Ting-Lu|Vessel of Ruin
|move|p1a: Heatran|Magma Storm|p2a: Ting-Lu
|-damage|p2a: Ting-Lu|84/100
|-activate|p2a: Ting-Lu|move: Magma Storm|[of] p1a: Heatran
|
|-heal|p2a: Ting-Lu|90/100|[from] item: Leftovers
|-damage|p2a: Ting-Lu|77/100|[from] move: Magma Storm|[partiallytrapped]
|upkeep
|turn|2
|
|t:|1760879376
|switch|p1a: Rillaboom|Rillaboom, F|100/100
|-fieldstart|move: Grassy Terrain|[from] ability: Grassy Surge|[of] p1a: Rillaboom
|move|p2a: Ting-Lu|Spikes|p1a: Rillaboom
|-sidestart|p1: Novice by Nature|Spikes
|
|-heal|p2a: Ting-Lu|84/100|[from] Grassy Terrain
|-heal|p2a: Ting-Lu|90/100|[from] item: Leftovers
|-end|p2a: Ting-Lu|Magma Storm|[partiallytrapped]|[silent]
|upkeep
|turn|3
|
|t:|1760879384
|switch|p2a: Gholdengo|Gholdengo|100/100
|move|p1a: Rillaboom|Knock Off|p2a: Gholdengo
|-supereffective|p2a: Gholdengo
|-damage|p2a: Gholdengo|50/100
|-enditem|p2a: Gholdengo|Heavy-Duty Boots|[from] move: Knock Off|[of] p1a: Rillaboom
|
|-heal|p2a: Gholdengo|56/100|[from] Grassy Terrain
|upkeep
|turn|4
|
|t:|1760879390
|move|p1a: Rillaboom|Knock Off|p2a: Gholdengo
|-supereffective|p2a: Gholdengo
|-damage|p2a: Gholdengo|18/100
|move|p2a: Gholdengo|Recover|p2a: Gholdengo
|-heal|p2a: Gholdengo|68/100
|
|-heal|p2a: Gholdengo|74/100|[from] Grassy Terrain
|upkeep
|turn|5
|
|t:|1760879396
|move|p1a: Rillaboom|Knock Off|p2a: Gholdengo
|-supereffective|p2a: Gholdengo
|-damage|p2a: Gholdengo|39/100
|move|p2a: Gholdengo|Recover|p2a: Gholdengo
|-heal|p2a: Gholdengo|89/100
|
|-heal|p2a: Gholdengo|95/100|[from] Grassy Terrain
|upkeep
|turn|6
|
|t:|1760879403
|move|p1a: Rillaboom|U-turn|p2a: Gholdengo
|-resisted|p2a: Gholdengo
|-damage|p2a: Gholdengo|91/100
|
|t:|1760879405
|switch|p1a: Heatran|Heatran, F|100/100|[from] U-turn
|move|p2a: Gholdengo|Nasty Plot|p2a: Gholdengo
|-boost|p2a: Gholdengo|spa|2
|
|-heal|p2a: Gholdengo|97/100|[from] Grassy Terrain
|upkeep
|turn|7
|
|t:|1760879412
|switch|p2a: Ting-Lu|Ting-Lu|90/100
|-ability|p2a: Ting-Lu|Vessel of Ruin
|move|p1a: Heatran|Magma Storm|p2a: Ting-Lu
|-damage|p2a: Ting-Lu|73/100
|-activate|p2a: Ting-Lu|move: Magma Storm|[of] p1a: Heatran
|
|-heal|p2a: Ting-Lu|79/100|[from] Grassy Terrain
|-heal|p2a: Ting-Lu|85/100|[from] item: Leftovers
|-damage|p2a: Ting-Lu|73/100|[from] move: Magma Storm|[partiallytrapped]
|upkeep
|turn|8
|
|t:|1760879426
|switch|p1a: Rillaboom|Rillaboom, F|100/100
|-damage|p1a: Rillaboom|88/100|[from] Spikes
|move|p2a: Ting-Lu|Spikes|p1a: Rillaboom
|-sidestart|p1: Novice by Nature|Spikes
|
|-heal|p1a: Rillaboom|94/100|[from] Grassy Terrain
|-heal|p2a: Ting-Lu|79/100|[from] Grassy Terrain
|-heal|p2a: Ting-Lu|85/100|[from] item: Leftovers
|-end|p2a: Ting-Lu|Magma Storm|[partiallytrapped]|[silent]
|upkeep
|turn|9
|
|t:|1760879431
|switch|p2a: Gholdengo|Gholdengo|97/100
|move|p1a: Rillaboom|Knock Off|p2a: Gholdengo
|-supereffective|p2a: Gholdengo
|-damage|p2a: Gholdengo|62/100
|
|-heal|p1a: Rillaboom|99/100|[from] Grassy Terrain
|-heal|p2a: Gholdengo|68/100|[from] Grassy Terrain
|-fieldend|move: Grassy Terrain
|upkeep
|turn|10
|
|t:|1760879436
|move|p1a: Rillaboom|U-turn|p2a: Gholdengo
|-resisted|p2a: Gholdengo
|-damage|p2a: Gholdengo|63/100
|
|t:|1760879443
|switch|p1a: Blastoise|Blastoise, F|100/100|[from] U-turn
|move|p2a: Gholdengo|Shadow Ball|p1a: Blastoise
|-damage|p1a: Blastoise|66/100
|-unboost|p1a: Blastoise|spd|1
|
|upkeep
|turn|11
|
|t:|1760879456
|switch|p1a: Heatran|Heatran, F|100/100
|switch|p2a: Deoxys|Deoxys-Speed|100/100
|-ability|p2a: Deoxys|Pressure
|
|upkeep
|turn|12
|
|t:|1760879461
|switch|p2a: Ting-Lu|Ting-Lu|85/100
|-ability|p2a: Ting-Lu|Vessel of Ruin
|move|p1a: Heatran|Stealth Rock|p2a: Ting-Lu
|-sidestart|p2: thodoras edition|move: Stealth Rock
|
|-heal|p2a: Ting-Lu|91/100|[from] item: Leftovers
|upkeep
|turn|13
|
|t:|1760879473
|switch|p1a: Rillaboom|Rillaboom, F|99/100
|-damage|p1a: Rillaboom|84/100|[from] Spikes
|-fieldstart|move: Grassy Terrain|[from] ability: Grassy Surge|[of] p1a: Rillaboom
|move|p2a: Ting-Lu|Spikes|p1a: Rillaboom
|-sidestart|p1: Novice by Nature|Spikes
|
|-heal|p1a: Rillaboom|90/100|[from] Grassy Terrain
|-heal|p2a: Ting-Lu|98/100|[from] Grassy Terrain
|-heal|p2a: Ting-Lu|100/100|[from] item: Leftovers
|upkeep
|turn|14
|
|t:|1760879482
|switch|p2a: Clefable|Clefable, F|100/100
|move|p1a: Rillaboom|Wood Hammer|p2a: Clefable
|-damage|p2a: Clefable|30/100
|-damage|p1a: Rillaboom|73/100|[from] item: Rocky Helmet|[of] p2a: Clefable
|-damage|p1a: Rillaboom|48/100|[from] Recoil
|
|-heal|p1a: Rillaboom|54/100|[from] Grassy Terrain
|-heal|p2a: Clefable|36/100|[from] Grassy Terrain
|upkeep
|turn|15
|
|t:|1760879487
|move|p1a: Rillaboom|Wood Hammer|p2a: Clefable
|-damage|p2a: Clefable|0 fnt
|-damage|p1a: Rillaboom|37/100|[from] item: Rocky Helmet|[of] p2a: Clefable
|faint|p2a: Clefable
|-damage|p1a: Rillaboom|24/100|[from] Recoil
|
|-heal|p1a: Rillaboom|30/100|[from] Grassy Terrain
|upkeep
|
|t:|1760879496
|switch|p2a: Dragonite|Dragonite, F|100/100
|turn|16
|
|t:|1760879502
|move|p2a: Dragonite|Extreme Speed|p1a: Rillaboom
|-damage|p1a: Rillaboom|0 fnt
|faint|p1a: Rillaboom
|
|upkeep
|
|t:|1760879505
|switch|p1a: Whimsicott|Whimsicott, F|100/100
|-damage|p1a: Whimsicott|76/100|[from] Spikes
|turn|17
|
|t:|1760879516
|switch|p1a: Heatran|Heatran, F|100/100
|switch|p2a: Gholdengo|Gholdengo|63/100
|-damage|p2a: Gholdengo|57/100|[from] Stealth Rock
|
|-heal|p2a: Gholdengo|63/100|[from] Grassy Terrain
|upkeep
|turn|18
|
|t:|1760879521
|switch|p2a: Ting-Lu|Ting-Lu|100/100
|-damage|p2a: Ting-Lu|94/100|[from] Stealth Rock
|-ability|p2a: Ting-Lu|Vessel of Ruin
|move|p1a: Heatran|Magma Storm|p2a: Ting-Lu
|-damage|p2a: Ting-Lu|75/100
|-activate|p2a: Ting-Lu|move: Magma Storm|[of] p1a: Heatran
|
|-heal|p2a: Ting-Lu|81/100|[from] Grassy Terrain
|-heal|p2a: Ting-Lu|87/100|[from] item: Leftovers
|-damage|p2a: Ting-Lu|75/100|[from] move: Magma Storm|[partiallytrapped]
|upkeep
|turn|19
|
|t:|1760879525
|switch|p1a: Blastoise|Blastoise, F|66/100
|move|p2a: Ting-Lu|Whirlwind|p1a: Blastoise
|drag|p1a: Whimsicott|Whimsicott, F|76/100
|-damage|p1a: Whimsicott|51/100|[from] Spikes
|
|-heal|p1a: Whimsicott|57/100|[from] Grassy Terrain
|-heal|p1a: Whimsicott|63/100|[from] item: Leftovers
|-heal|p2a: Ting-Lu|81/100|[from] Grassy Terrain
|-heal|p2a: Ting-Lu|87/100|[from] item: Leftovers
|-end|p2a: Ting-Lu|Magma Storm|[partiallytrapped]|[silent]
|upkeep
|turn|20
|
|t:|1760879532
|switch|p1a: Blastoise|Blastoise, F|66/100
|switch|p2a: Gholdengo|Gholdengo|63/100
|-damage|p2a: Gholdengo|57/100|[from] Stealth Rock
|
|-heal|p1a: Blastoise|72/100|[from] Grassy Terrain
|-heal|p2a: Gholdengo|63/100|[from] Grassy Terrain
|-fieldend|move: Grassy Terrain
|upkeep
|turn|21
|
|t:|1760879539
|move|p1a: Blastoise|Shell Smash|p1a: Blastoise
|-unboost|p1a: Blastoise|def|1
|-unboost|p1a: Blastoise|spd|1
|-boost|p1a: Blastoise|atk|2
|-boost|p1a: Blastoise|spa|2
|-boost|p1a: Blastoise|spe|2
|move|p2a: Gholdengo|Shadow Ball|p1a: Blastoise
|-damage|p1a: Blastoise|20/100
|
|upkeep
|turn|22
|
|t:|1760879550
|switch|p2a: Zamazenta|Zamazenta|100/100
|-ability|p2a: Zamazenta|Dauntless Shield|boost
|-boost|p2a: Zamazenta|def|1
|move|p1a: Blastoise|Surf|p2a: Zamazenta
|-damage|p2a: Zamazenta|0 fnt
|faint|p2a: Zamazenta
|
|upkeep
|
|t:|1760879551
|switch|p2a: Dragonite|Dragonite, F|100/100
|turn|23
|
|t:|1760879562
|switch|p1a: Heatran|Heatran, F|100/100
|move|p2a: Dragonite|Extreme Speed|p1a: Heatran
|-resisted|p1a: Heatran
|-damage|p1a: Heatran|87/100
|
|upkeep
|turn|24
|
|t:|1760879567
|switch|p1a: Thundurus|Thundurus-Therian, M|100/100
|move|p2a: Dragonite|Earthquake|p1a: Thundurus
|-immune|p1a: Thundurus
|
|upkeep
|turn|25
|
|t:|1760879572
|move|p1a: Thundurus|Volt Switch|p2a: Dragonite
|-damage|p2a: Dragonite|81/100
|
|t:|1760879576
|switch|p1a: Blastoise|Blastoise, F|20/100|[from] Volt Switch
|move|p2a: Dragonite|Dragon Tail|p1a: Blastoise
|-damage|p1a: Blastoise|0 fnt
|faint|p1a: Blastoise
|
|upkeep
|
|t:|1760879578
|switch|p1a: Ursaluna|Ursaluna, F|100/100
|-damage|p1a: Ursaluna|76/100|[from] Spikes
|turn|26
|
|t:|1760879583
|move|p1a: Ursaluna|Ice Punch|p2a: Dragonite
|-supereffective|p2a: Dragonite
|-damage|p2a: Dragonite|0 fnt
|faint|p2a: Dragonite
|
|upkeep
|
|t:|1760879598
|switch|p2a: Gholdengo|Gholdengo|63/100
|-damage|p2a: Gholdengo|57/100|[from] Stealth Rock
|turn|27
|
|t:|1760879602
|move|p2a: Gholdengo|Make It Rain|p1a: Ursaluna
|-damage|p1a: Ursaluna|56/100
|-unboost|p2a: Gholdengo|spa|1
|move|p1a: Ursaluna|Fire Punch|p2a: Gholdengo
|-supereffective|p2a: Gholdengo
|-damage|p2a: Gholdengo|22/100
|
|upkeep
|turn|28
|
|t:|1760879607
|move|p2a: Gholdengo|Recover|p2a: Gholdengo
|-heal|p2a: Gholdengo|72/100
|move|p1a: Ursaluna|Fire Punch|p2a: Gholdengo
|-supereffective|p2a: Gholdengo
|-damage|p2a: Gholdengo|39/100
|-status|p2a: Gholdengo|brn
|
|-damage|p2a: Gholdengo|33/100 brn|[from] brn
|upkeep
|turn|29
|
|t:|1760879614
|move|p2a: Gholdengo|Recover|p2a: Gholdengo
|-heal|p2a: Gholdengo|84/100 brn
|move|p1a: Ursaluna|Fire Punch|p2a: Gholdengo
|-supereffective|p2a: Gholdengo
|-damage|p2a: Gholdengo|51/100 brn
|
|-damage|p2a: Gholdengo|45/100 brn|[from] brn
|upkeep
|turn|30
|
|t:|1760879619
|move|p2a: Gholdengo|Nasty Plot|p2a: Gholdengo
|-boost|p2a: Gholdengo|spa|2
|move|p1a: Ursaluna|Fire Punch|p2a: Gholdengo
|-supereffective|p2a: Gholdengo
|-damage|p2a: Gholdengo|12/100 brn
|
|-damage|p2a: Gholdengo|6/100 brn|[from] brn
|upkeep
|turn|31
|
|t:|1760879623
|move|p2a: Gholdengo|Recover|p2a: Gholdengo
|-heal|p2a: Gholdengo|56/100 brn
|move|p1a: Ursaluna|Headlong Rush|p2a: Gholdengo
|-supereffective|p2a: Gholdengo
|-damage|p2a: Gholdengo|0 fnt
|-unboost|p1a: Ursaluna|def|1
|-unboost|p1a: Ursaluna|spd|1
|faint|p2a: Gholdengo
|
|upkeep
|
|t:|1760879626
|switch|p2a: Deoxys|Deoxys-Speed|100/100
|-ability|p2a: Deoxys|Pressure
|turn|32
|
|t:|1760879632
|move|p2a: Deoxys|Nasty Plot|p2a: Deoxys
|-boost|p2a: Deoxys|spa|2
|move|p1a: Ursaluna|Headlong Rush|p2a: Deoxys
|-damage|p2a: Deoxys|16/100
|-unboost|p1a: Ursaluna|def|1
|-unboost|p1a: Ursaluna|spd|1
|
|upkeep
|turn|33
|
|t:|1760879638
|move|p2a: Deoxys|Ice Beam|p1a: Ursaluna
|-supereffective|p1a: Ursaluna
|-damage|p1a: Ursaluna|0 fnt
|faint|p1a: Ursaluna
|
|upkeep
|
|t:|1760879643
|switch|p1a: Heatran|Heatran, F|87/100
|turn|34
|
|t:|1760879648
|switch|p2a: Ting-Lu|Ting-Lu|87/100
|-damage|p2a: Ting-Lu|81/100|[from] Stealth Rock
|-ability|p2a: Ting-Lu|Vessel of Ruin
|-terastallize|p1a: Heatran|Grass
|move|p1a: Heatran|Earth Power|p2a: Ting-Lu
|-damage|p2a: Ting-Lu|71/100
|
|-heal|p2a: Ting-Lu|77/100|[from] item: Leftovers
|upkeep
|turn|35
|
|t:|1760879657
|move|p1a: Heatran|Magma Storm|p2a: Ting-Lu
|-damage|p2a: Ting-Lu|58/100
|-activate|p2a: Ting-Lu|move: Magma Storm|[of] p1a: Heatran
|move|p2a: Ting-Lu|Ruination|p1a: Heatran
|-damage|p1a: Heatran|44/100
|
|-heal|p2a: Ting-Lu|65/100|[from] item: Leftovers
|-damage|p2a: Ting-Lu|52/100|[from] move: Magma Storm|[partiallytrapped]
|upkeep
|turn|36
|
|t:|1760879665
|switch|p1a: Whimsicott|Whimsicott, F|63/100
|-damage|p1a: Whimsicott|39/100|[from] Spikes
|move|p2a: Ting-Lu|Whirlwind|p1a: Whimsicott
|drag|p1a: Thundurus|Thundurus-Therian, M|100/100
|
|-heal|p2a: Ting-Lu|58/100|[from] item: Leftovers
|-end|p2a: Ting-Lu|Magma Storm|[partiallytrapped]|[silent]
|upkeep
|turn|37
|
|t:|1760879674
|move|p1a: Thundurus|Sludge Bomb|p2a: Ting-Lu
|-resisted|p2a: Ting-Lu
|-damage|p2a: Ting-Lu|52/100
|-status|p2a: Ting-Lu|psn
|move|p2a: Ting-Lu|Ruination|p1a: Thundurus
|-damage|p1a: Thundurus|51/100
|
|-heal|p2a: Ting-Lu|58/100 psn|[from] item: Leftovers
|-damage|p2a: Ting-Lu|46/100 psn|[from] psn
|upkeep
|turn|38
|
|t:|1760879679
|move|p1a: Thundurus|Sludge Bomb|p2a: Ting-Lu
|-resisted|p2a: Ting-Lu
|-damage|p2a: Ting-Lu|39/100 psn
|move|p2a: Ting-Lu|Ruination|p1a: Thundurus
|-damage|p1a: Thundurus|26/100
|
|-heal|p2a: Ting-Lu|45/100 psn|[from] item: Leftovers
|-damage|p2a: Ting-Lu|33/100 psn|[from] psn
|upkeep
|turn|39
|
|t:|1760879681
|move|p1a: Thundurus|Sludge Bomb|p2a: Ting-Lu
|-resisted|p2a: Ting-Lu
|-damage|p2a: Ting-Lu|26/100 psn
|move|p2a: Ting-Lu|Ruination|p1a: Thundurus
|-damage|p1a: Thundurus|13/100
|
|-heal|p2a: Ting-Lu|32/100 psn|[from] item: Leftovers
|-damage|p2a: Ting-Lu|20/100 psn|[from] psn
|upkeep
|turn|40
|
|t:|1760879684
|move|p1a: Thundurus|Sludge Bomb|p2a: Ting-Lu
|-resisted|p2a: Ting-Lu
|-damage|p2a: Ting-Lu|13/100 psn
|move|p2a: Ting-Lu|Ruination|p1a: Thundurus|[miss]
|-miss|p2a: Ting-Lu|p1a: Thundurus
|
|-heal|p2a: Ting-Lu|19/100 psn|[from] item: Leftovers
|-damage|p2a: Ting-Lu|7/100 psn|[from] psn
|upkeep
|turn|41
|
|t:|1760879689
|move|p1a: Thundurus|Sludge Bomb|p2a: Ting-Lu
|-resisted|p2a: Ting-Lu
|-crit|p2a: Ting-Lu
|-damage|p2a: Ting-Lu|0 fnt
|faint|p2a: Ting-Lu
|
|upkeep
|
|t:|1760879691
|switch|p2a: Deoxys|Deoxys-Speed|16/100
|-ability|p2a: Deoxys|Pressure
|turn|42
|
|t:|1760879693
|move|p1a: Thundurus|Sludge Bomb|p2a: Deoxys
|-damage|p2a: Deoxys|0 fnt
|faint|p2a: Deoxys
|
|win|Novice by Nature
|raw|Novice by Nature's rating: 1614 &rarr; <strong>1635</strong><br />(+21 for winning)
|raw|thodoras edition's rating: 1627 &rarr; <strong>1606</strong><br />(-21 for losing)
|l|☆Novice by Nature
|player|p1|
|l|☆thodoras edition
|player|p2|
