|j|☆shockmoth
|j|☆kingkong427
|t:|1760746963
|gametype|singles
|player|p1|shockmoth|wattson|1835
|player|p2|kingkong427|ethan|1784
|gen|9
|tier|[Gen 9] OU
|rated|
|rule|HP Percentage Mod: HP is shown in percentages
|rule|Endless Battle Clause: Forcing endless battles is banned
|rule|Species Clause: Limit one of each Pokémon
|rule|OHKO Clause: OHKO moves are banned
|rule|Evasion Items Clause: Evasion items are banned
|rule|Evasion Moves Clause: Evasion moves are banned
|rule|Evasion Abilities Clause: Evasion abilities are banned
|rule|Sleep Moves Clause: Sleep-inducing moves are banned
|clearpoke
|poke|p1|Frosmoth, F|
|poke|p1|Pincurchin, F|
|poke|p1|Raichu-Alola, M|
|poke|p1|Iron Hands|
|poke|p1|Rotom-Wash|
|poke|p1|Pawmot, F|
|poke|p2|Alomomola, F|
|poke|p2|Dragapult, F|
|poke|p2|Cinderace, M|
|poke|p2|Kyurem|
|poke|p2|Goodra-Hisui, M|
|poke|p2|Landorus-Therian, M|
|teampreview
|inactive|Battle timer is ON: inactive players will automatically lose when time's up. (requested by shockmoth)
|
|t:|1760746979
|teamsize|p1|6
|teamsize|p2|6
|start
|switch|p1a: OH YEAH!!! YEAH!!|Pincurchin, F|100/100
|switch|p2a: Kyurem|Kyurem|100/100
|-ability|p2a: Kyurem|Pressure
|-fieldstart|move: Electric Terrain|[from] ability: Electric Surge|[of] p1a: OH YEAH!!! YEAH!!
|turn|1
|
|t:|1760746984
|move|p2a: Kyurem|Substitute|p2a: Kyurem
|-start|p2a: Kyurem|Substitute
|-damage|p2a: Kyurem|76/100
|move|p1a: OH YEAH!!! YEAH!!|Thunder Wave||[still]
|-fail|p1a: OH YEAH!!! YEAH!!
|
|-heal|p2a: Kyurem|82/100|[from] item: Leftovers
|upkeep
|turn|2
|
|t:|1760746986
|switch|p1a: Finger Eleven|Frosmoth, F, shiny|100/100
|move|p2a: Kyurem|Dragon Dance|p2a: Kyurem
|-boost|p2a: Kyurem|atk|1
|-boost|p2a: Kyurem|spe|1
|
|-heal|p2a: Kyurem|88/100|[from] item: Leftovers
|upkeep
|turn|3
|
|t:|1760746990
|switch|p2a: Goodra|Goodra-Hisui, M|100/100
|switch|p1a: Surf's Up (2007)|Raichu-Alola, M|100/100
|
|upkeep
|turn|4
|
|t:|1760746992
|move|p1a: Surf's Up (2007)|Volt Switch|p2a: Goodra
|-resisted|p2a: Goodra
|-damage|p2a: Goodra|86/100
|
|t:|1760746994
|switch|p1a: Iron Deficiency|Iron Hands|100/100|[from] Volt Switch
|-activate|p1a: Iron Deficiency|ability: Quark Drive
|-start|p1a: Iron Deficiency|quarkdriveatk
|move|p2a: Goodra|Knock Off|p1a: Iron Deficiency
|-resisted|p1a: Iron Deficiency
|-damage|p1a: Iron Deficiency|94/100
|-enditem|p1a: Iron Deficiency|Quick Claw|[from] move: Knock Off|[of] p2a: Goodra
|
|upkeep
|turn|5
|
|t:|1760747001
|switch|p2a: Cinderace|Cinderace, M|100/100
|move|p1a: Iron Deficiency|Ice Punch|p2a: Cinderace
|-resisted|p2a: Cinderace
|-crit|p2a: Cinderace
|-damage|p2a: Cinderace|62/100
|
|upkeep
|turn|6
|
|t:|1760747003
|-end|p1a: Iron Deficiency|Quark Drive|[silent]
|switch|p1a: William O' Wisp|Rotom-Wash|100/100
|move|p2a: Cinderace|Will-O-Wisp|p1a: William O' Wisp
|-status|p1a: William O' Wisp|brn
|
|-damage|p1a: William O' Wisp|95/100 brn|[from] brn
|upkeep
|turn|7
|
|t:|1760747005
|move|p2a: Cinderace|U-turn|p1a: William O' Wisp
|-damage|p1a: William O' Wisp|75/100 brn
|
|t:|1760747008
|switch|p2a: Dragapult|Dragapult, F|100/100|[from] U-turn
|move|p1a: William O' Wisp|Volt Switch|p2a: Dragapult
|-resisted|p2a: Dragapult
|-damage|p2a: Dragapult|74/100
|
|t:|1760747010
|switch|p1a: Surf's Up (2007)|Raichu-Alola, M|100/100|[from] Volt Switch
|
|upkeep
|turn|8
|
|t:|1760747044
|switch|p2a: Goodra|Goodra-Hisui, M|86/100
|move|p1a: Surf's Up (2007)|Alluring Voice|p2a: Goodra
|-damage|p2a: Goodra|70/100
|
|-fieldend|move: Electric Terrain
|upkeep
|turn|9
|
|t:|1760747065
|switch|p1a: Iron Deficiency|Iron Hands|94/100
|move|p2a: Goodra|Sludge Bomb|p1a: Iron Deficiency
|-damage|p1a: Iron Deficiency|63/100
|
|upkeep
|turn|10
|
|t:|1760747079
|switch|p2a: Landorus|Landorus-Therian, M|100/100
|-ability|p2a: Landorus|Intimidate|boost
|-unboost|p1a: Iron Deficiency|atk|1
|move|p1a: Iron Deficiency|Ice Punch|p2a: Landorus
|-supereffective|p2a: Landorus
|-damage|p2a: Landorus|4/100
|
|upkeep
|turn|11
|
|t:|1760747088
|move|p2a: Landorus|U-turn|p1a: Iron Deficiency
|-resisted|p1a: Iron Deficiency
|-damage|p1a: Iron Deficiency|52/100
|
|t:|1760747094
|switch|p2a: Cinderace|Cinderace, M|62/100|[from] U-turn
|move|p1a: Iron Deficiency|Drain Punch|p2a: Cinderace
|-damage|p2a: Cinderace|25/100
|-heal|p1a: Iron Deficiency|67/100|[from] drain|[of] p2a: Cinderace
|
|upkeep
|turn|12
|
|t:|1760747097
|-end|p1a: Iron Deficiency|Quark Drive|[silent]
|switch|p1a: William O' Wisp|Rotom-Wash|75/100 brn
|move|p2a: Cinderace|U-turn|p1a: William O' Wisp
|-damage|p1a: William O' Wisp|53/100 brn
|
|t:|1760747100
|switch|p2a: Kyurem|Kyurem|88/100|[from] U-turn
|-ability|p2a: Kyurem|Pressure
|
|-heal|p2a: Kyurem|94/100|[from] item: Leftovers
|-damage|p1a: William O' Wisp|47/100 brn|[from] brn
|upkeep
|turn|13
|
|t:|1760747103
|move|p2a: Kyurem|Substitute|p2a: Kyurem
|-start|p2a: Kyurem|Substitute
|-damage|p2a: Kyurem|69/100
|move|p1a: William O' Wisp|Volt Switch|p2a: Kyurem
|-resisted|p2a: Kyurem
|-activate|p2a: Kyurem|move: Substitute|[damage]
|
|t:|1760747105
|switch|p1a: Surf's Up (2007)|Raichu-Alola, M|100/100|[from] Volt Switch
|
|-heal|p2a: Kyurem|75/100|[from] item: Leftovers
|upkeep
|turn|14
|
|t:|1760747112
|-terastallize|p2a: Kyurem|Steel
|move|p1a: Surf's Up (2007)|Alluring Voice|p2a: Kyurem
|-resisted|p2a: Kyurem
|-damage|p2a: Kyurem|64/100
|move|p2a: Kyurem|Dragon Dance|p2a: Kyurem
|-boost|p2a: Kyurem|atk|1
|-boost|p2a: Kyurem|spe|1
|
|-heal|p2a: Kyurem|70/100|[from] item: Leftovers
|upkeep
|turn|15
|
|t:|1760747120
|switch|p1a: OH YEAH!!! YEAH!!|Pincurchin, F|100/100
|-fieldstart|move: Electric Terrain|[from] ability: Electric Surge|[of] p1a: OH YEAH!!! YEAH!!
|move|p2a: Kyurem|Icicle Spear|p1a: OH YEAH!!! YEAH!!
|-damage|p1a: OH YEAH!!! YEAH!!|78/100
|-damage|p1a: OH YEAH!!! YEAH!!|59/100
|-hitcount|p1a: OH YEAH!!! YEAH!!|2
|
|-heal|p2a: Kyurem|76/100|[from] item: Leftovers
|upkeep
|turn|16
|inactive|kingkong427 has 120 seconds left.
|inactive|kingkong427 has 90 seconds left.
|
|t:|1760747180
|move|p2a: Kyurem|Icicle Spear|p1a: OH YEAH!!! YEAH!!
|-damage|p1a: OH YEAH!!! YEAH!!|37/100
|-damage|p1a: OH YEAH!!! YEAH!!|15/100
|-damage|p1a: OH YEAH!!! YEAH!!|0 fnt
|faint|p1a: OH YEAH!!! YEAH!!
|-hitcount|p1: OH YEAH!!! YEAH!!|3
|
|-heal|p2a: Kyurem|82/100|[from] item: Leftovers
|upkeep
|
|t:|1760747185
|switch|p1a: Iron Deficiency|Iron Hands|67/100
|-activate|p1a: Iron Deficiency|ability: Quark Drive
|-start|p1a: Iron Deficiency|quarkdriveatk
|turn|17
|inactive|kingkong427 has 90 seconds left.
|
|t:|1760747215
|move|p2a: Kyurem|Protect|p2a: Kyurem
|-singleturn|p2a: Kyurem|Protect
|move|p1a: Iron Deficiency|Drain Punch|p2a: Kyurem
|-activate|p2a: Kyurem|move: Protect
|
|-heal|p2a: Kyurem|88/100|[from] item: Leftovers
|upkeep
|turn|18
|
|t:|1760747218
|move|p2a: Kyurem|Icicle Spear|p1a: Iron Deficiency
|-damage|p1a: Iron Deficiency|56/100
|-damage|p1a: Iron Deficiency|45/100
|-hitcount|p1a: Iron Deficiency|2
|move|p1a: Iron Deficiency|Drain Punch|p2a: Kyurem
|-supereffective|p2a: Kyurem
|-end|p2a: Kyurem|Substitute
|-heal|p1a: Iron Deficiency|52/100|[from] drain|[of] p2a: Kyurem
|
|-heal|p2a: Kyurem|95/100|[from] item: Leftovers
|upkeep
|turn|19
|
|t:|1760747221
|move|p2a: Kyurem|Protect|p2a: Kyurem
|-singleturn|p2a: Kyurem|Protect
|move|p1a: Iron Deficiency|Drain Punch|p2a: Kyurem
|-activate|p2a: Kyurem|move: Protect
|
|-heal|p2a: Kyurem|100/100|[from] item: Leftovers
|upkeep
|turn|20
|
|t:|1760747232
|switch|p2a: Alomomola|Alomomola, F, shiny|100/100
|move|p1a: Iron Deficiency|Ice Punch|p2a: Alomomola
|-resisted|p2a: Alomomola
|-damage|p2a: Alomomola|90/100
|
|upkeep
|turn|21
|
|t:|1760747238
|move|p1a: Iron Deficiency|Swords Dance|p1a: Iron Deficiency
|-boost|p1a: Iron Deficiency|atk|2
|move|p2a: Alomomola|Flip Turn|p1a: Iron Deficiency
|-damage|p1a: Iron Deficiency|42/100
|
|t:|1760747239
|switch|p2a: Landorus|Landorus-Therian, M|4/100|[from] Flip Turn
|-ability|p2a: Landorus|Intimidate|boost
|-unboost|p1a: Iron Deficiency|atk|1
|
|upkeep
|turn|22
|
|t:|1760747242
|move|p2a: Landorus|Earthquake|p1a: Iron Deficiency
|-supereffective|p1a: Iron Deficiency
|-crit|p1a: Iron Deficiency
|-damage|p1a: Iron Deficiency|0 fnt
|faint|p1a: Iron Deficiency
|-end|p1a: Iron Deficiency|Quark Drive|[silent]
|
|-fieldend|move: Electric Terrain
|upkeep
|
|t:|1760747243
|switch|p1a: Evanescence|Pawmot, F|100/100
|turn|23
|
|t:|1760747245
|move|p1a: Evanescence|Mach Punch|p2a: Landorus
|-resisted|p2a: Landorus
|-damage|p2a: Landorus|0 fnt
|faint|p2a: Landorus
|
|upkeep
|
|t:|1760747251
|switch|p2a: Dragapult|Dragapult, F|74/100
|turn|24
|
|t:|1760747253
|move|p2a: Dragapult|Dragon Darts|p1a: Evanescence
|-damage|p1a: Evanescence|75/100
|-anim|p2a: Dragapult|Dragon Darts|p1a: Evanescence
|-damage|p1a: Evanescence|50/100
|move|p1a: Evanescence|Nuzzle|p2a: Dragapult
|-resisted|p2a: Dragapult
|-damage|p2a: Dragapult|69/100
|-status|p2a: Dragapult|par
|
|upkeep
|turn|25
|
|t:|1760747273
|move|p1a: Evanescence|Revival Blessing|p1a: Evanescence
|-enditem|p1a: Evanescence|Leppa Berry|[eat]
|-activate|p1a: Evanescence|item: Leppa Berry|Revival Blessing|[consumed]
|
|t:|1760747275
|-heal|p1: Iron Deficiency|50/100|[from] move: Revival Blessing
|move|p2a: Dragapult|Dragon Darts|p1a: Evanescence
|-damage|p1a: Evanescence|24/100
|-anim|p2a: Dragapult|Dragon Darts|p1a: Evanescence
|-crit|p1a: Evanescence
|-damage|p1a: Evanescence|0 fnt
|faint|p1a: Evanescence
|
|upkeep
|
|t:|1760747284
|switch|p1a: Finger Eleven|Frosmoth, F, shiny|100/100
|turn|26
|
|t:|1760747287
|switch|p2a: Goodra|Goodra-Hisui, M|70/100
|move|p1a: Finger Eleven|Ice Beam|p2a: Goodra
|-damage|p2a: Goodra|52/100
|-status|p2a: Goodra|frz
|
|upkeep
|turn|27
|
|t:|1760747290
|move|p1a: Finger Eleven|Quiver Dance|p1a: Finger Eleven
|-boost|p1a: Finger Eleven|spa|1
|-boost|p1a: Finger Eleven|spd|1
|-boost|p1a: Finger Eleven|spe|1
|-curestatus|p2a: Goodra|frz|[msg]
|move|p2a: Goodra|Dragon Tail|p1a: Finger Eleven
|-damage|p1a: Finger Eleven|67/100
|drag|p1a: William O' Wisp|Rotom-Wash|47/100 brn
|
|-damage|p1a: William O' Wisp|41/100 brn|[from] brn
|upkeep
|turn|28
|
|t:|1760747298
|move|p1a: William O' Wisp|Volt Switch|p2a: Goodra
|-resisted|p2a: Goodra
|-damage|p2a: Goodra|44/100
|
|t:|1760747300
|switch|p1a: Iron Deficiency|Iron Hands|50/100|[from] Volt Switch
|move|p2a: Goodra|Knock Off|p1a: Iron Deficiency
|-resisted|p1a: Iron Deficiency
|-damage|p1a: Iron Deficiency|46/100
|
|upkeep
|turn|29
|
|t:|1760747310
|switch|p2a: Dragapult|Dragapult, F|69/100 par
|move|p1a: Iron Deficiency|Drain Punch|p2a: Dragapult
|-immune|p2a: Dragapult
|
|upkeep
|turn|30
|
|t:|1760747313
|-end|p1a: Iron Deficiency|Quark Drive|[silent]
|switch|p1a: William O' Wisp|Rotom-Wash|41/100 brn
|cant|p2a: Dragapult|par
|
|-damage|p1a: William O' Wisp|35/100 brn|[from] brn
|upkeep
|turn|31
|
|t:|1760747319
|move|p1a: William O' Wisp|Volt Switch|p2a: Dragapult
|-resisted|p2a: Dragapult
|-damage|p2a: Dragapult|41/100 par
|
|t:|1760747322
|switch|p1a: Surf's Up (2007)|Raichu-Alola, M|100/100|[from] Volt Switch
|cant|p2a: Dragapult|par
|
|upkeep
|turn|32
|
|t:|1760747348
|move|p1a: Surf's Up (2007)|Volt Switch|p2a: Dragapult
|-resisted|p2a: Dragapult
|-damage|p2a: Dragapult|3/100 par
|
|t:|1760747351
|switch|p1a: William O' Wisp|Rotom-Wash|35/100 brn|[from] Volt Switch
|move|p2a: Dragapult|Hex|p1a: William O' Wisp
|-damage|p1a: William O' Wisp|0 fnt
|faint|p1a: William O' Wisp
|
|upkeep
|
|t:|1760747358
|switch|p1a: Surf's Up (2007)|Raichu-Alola, M|100/100
|turn|33
|inactive|kingkong427 has 120 seconds left.
|inactive|kingkong427 has 90 seconds left.
|
|t:|1760747415
|switch|p2a: Alomomola|Alomomola, F, shiny|100/100
|move|p1a: Surf's Up (2007)|Volt Switch|p2a: Alomomola
|-supereffective|p2a: Alomomola
|-damage|p2a: Alomomola|0 fnt
|faint|p2a: Alomomola
|
|t:|1760747425
|switch|p1a: Iron Deficiency|Iron Hands|46/100|[from] Volt Switch
|
|upkeep
|inactive|kingkong427 has 90 seconds left.
|inactive|kingkong427 has 60 seconds left.
|
|t:|1760747478
|switch|p2a: Dragapult|Dragapult, F|3/100 par
|turn|34
|
|t:|1760747486
|-end|p1a: Iron Deficiency|Quark Drive|[silent]
|switch|p1a: Surf's Up (2007)|Raichu-Alola, M|100/100
|move|p2a: Dragapult|U-turn|p1a: Surf's Up (2007)
|-supereffective|p1a: Surf's Up (2007)
|-damage|p1a: Surf's Up (2007)|14/100
|
|t:|1760747489
|switch|p2a: Cinderace|Cinderace, M|25/100|[from] U-turn
|
|upkeep
|turn|35
|inactive|kingkong427 has 60 seconds left.
|
|t:|1760747502
|move|p2a: Cinderace|U-turn|p1a: Surf's Up (2007)
|-supereffective|p1a: Surf's Up (2007)
|-damage|p1a: Surf's Up (2007)|0 fnt
|faint|p1a: Surf's Up (2007)
|inactive|kingkong427 has 60 seconds left.
|
|t:|1760747517
|switch|p2a: Goodra|Goodra-Hisui, M|44/100|[from] U-turn
|
|upkeep
|
|t:|1760747519
|switch|p1a: Iron Deficiency|Iron Hands|46/100
|turn|36
|inactive|kingkong427 has 60 seconds left.
|
|t:|1760747527
|switch|p2a: Dragapult|Dragapult, F|3/100 par
|move|p1a: Iron Deficiency|Swords Dance|p1a: Iron Deficiency
|-boost|p1a: Iron Deficiency|atk|2
|
|upkeep
|turn|37
|
|t:|1760747532
|move|p2a: Dragapult|Dragon Darts|p1a: Iron Deficiency
|-damage|p1a: Iron Deficiency|33/100
|-anim|p2a: Dragapult|Dragon Darts|p1a: Iron Deficiency
|-damage|p1a: Iron Deficiency|20/100
|move|p1a: Iron Deficiency|Ice Punch|p2a: Dragapult
|-supereffective|p2a: Dragapult
|-damage|p2a: Dragapult|0 fnt
|faint|p2a: Dragapult
|
|upkeep
|inactive|kingkong427 has 60 seconds left.
|
|t:|1760747542
|switch|p2a: Cinderace|Cinderace, M|25/100
|turn|38
|
|t:|1760747543
|move|p2a: Cinderace|Pyro Ball|p1a: Iron Deficiency
|-damage|p1a: Iron Deficiency|0 fnt
|faint|p1a: Iron Deficiency
|-end|p1a: Iron Deficiency|Quark Drive|[silent]
|
|upkeep
|
|t:|1760747545
|switch|p1a: Finger Eleven|Frosmoth, F, shiny|67/100
|turn|39
|
|t:|1760747548
|-terastallize|p1a: Finger Eleven|Electric
|move|p2a: Cinderace|Pyro Ball|p1a: Finger Eleven
|-damage|p1a: Finger Eleven|0 fnt
|faint|p1a: Finger Eleven
|
|win|kingkong427
|raw|shockmoth's rating: 1835 &rarr; <strong>1811</strong><br />(-24 for losing)
|raw|kingkong427's rating: 1765 &rarr; <strong>1789</strong><br />(+24 for winning)
|l|☆kingkong427
|player|p2|
