|j|☆xhz123
|j|☆mastermind_mohit
|t:|1760770702
|gametype|singles
|player|p1|xhz123|dawn|1115
|player|p2|mastermind_mohit|swimmerf-gen4dp|1112
|gen|9
|tier|[Gen 9] OU
|rated|
|rule|HP Percentage Mod: HP is shown in percentages
|rule|Endless Battle Clause: Forcing endless battles is banned
|rule|Species Clause: Limit one of each Pokémon
|rule|OHKO Clause: OHKO moves are banned
|rule|Evasion Items Clause: Evasion items are banned
|rule|Evasion Moves Clause: Evasion moves are banned
|rule|Evasion Abilities Clause: Evasion abilities are banned
|rule|Sleep Moves Clause: Sleep-inducing moves are banned
|clearpoke
|poke|p1|Rillaboom, M|
|poke|p1|Meowscarada, F|
|poke|p1|Decidueye-Hisui, F|
|poke|p1|Ogerpon-Cornerstone, F|
|poke|p1|Amoonguss, M|
|poke|p1|Hydrapple, F|
|poke|p2|Necrozma|
|poke|p2|Corviknight, M|
|poke|p2|Honchkrow, M|
|poke|p2|Enamorus, F|
|poke|p2|Ogerpon, F|
|poke|p2|Regidrago|
|teampreview
|
|t:|1760770710
|teamsize|p1|6
|teamsize|p2|6
|start
|switch|p1a: Amoonguss|Amoonguss, M|100/100
|switch|p2a: Enamorus|Enamorus, F|100/100
|turn|1
|
|t:|1760770719
|move|p2a: Enamorus|Calm Mind|p2a: Enamorus
|-boost|p2a: Enamorus|spa|1
|-boost|p2a: Enamorus|spd|1
|move|p1a: Amoonguss|Toxic|p2a: Enamorus
|-status|p2a: Enamorus|tox
|
|-damage|p2a: Enamorus|94/100 tox|[from] psn
|upkeep
|turn|2
|
|t:|1760770728
|move|p2a: Enamorus|Calm Mind|p2a: Enamorus
|-boost|p2a: Enamorus|spa|1
|-boost|p2a: Enamorus|spd|1
|move|p1a: Amoonguss|Grassy Terrain|p1a: Amoonguss
|-fieldstart|move: Grassy Terrain
|
|-damage|p2a: Enamorus|82/100 tox|[from] psn
|upkeep
|turn|3
|
|t:|1760770736
|move|p1a: Amoonguss|Protect|p1a: Amoonguss
|-singleturn|p1a: Amoonguss|Protect
|move|p2a: Enamorus|Calm Mind|p2a: Enamorus
|-boost|p2a: Enamorus|spa|1
|-boost|p2a: Enamorus|spd|1
|
|-damage|p2a: Enamorus|63/100 tox|[from] psn
|upkeep
|turn|4
|
|t:|1760770745
|move|p1a: Amoonguss|Protect||[still]
|-fail|p1a: Amoonguss
|move|p2a: Enamorus|Draining Kiss|p1a: Amoonguss
|-resisted|p1a: Amoonguss
|-damage|p1a: Amoonguss|75/100
|-heal|p2a: Enamorus|86/100 tox|[from] drain|[of] p1a: Amoonguss
|
|-heal|p1a: Amoonguss|82/100|[from] Grassy Terrain
|-heal|p1a: Amoonguss|88/100|[from] item: Leftovers
|-damage|p2a: Enamorus|61/100 tox|[from] psn
|upkeep
|turn|5
|
|t:|1760770757
|switch|p1a: Rillaboom|Rillaboom, M|100/100
|move|p2a: Enamorus|Moonblast|p1a: Rillaboom
|-damage|p1a: Rillaboom|13/100
|
|-heal|p1a: Rillaboom|19/100|[from] Grassy Terrain
|-damage|p2a: Enamorus|30/100 tox|[from] psn
|upkeep
|turn|6
|
|t:|1760770768
|move|p1a: Rillaboom|Fake Out|p2a: Enamorus
|-damage|p2a: Enamorus|15/100 tox
|-start|p1a: Rillaboom|Attract|[from] ability: Cute Charm|[of] p2a: Enamorus
|cant|p2a: Enamorus|flinch
|
|-heal|p1a: Rillaboom|25/100|[from] Grassy Terrain
|-damage|p2a: Enamorus|0 fnt|[from] psn
|faint|p2a: Enamorus
|-fieldend|move: Grassy Terrain
|upkeep
|-end|p1a: Rillaboom|Attract|[silent]
|
|t:|1760770781
|switch|p2a: Honchkrow|Honchkrow, M|100/100
|turn|7
|c|☆mastermind_mohit|Hello bro
|
|t:|1760770794
|switch|p1a: Amoonguss|Amoonguss, M|100/100
|move|p2a: Honchkrow|Sucker Punch||[still]
|-fail|p2a: Honchkrow
|
|upkeep
|turn|8
|
|t:|1760770801
|move|p2a: Honchkrow|Sucker Punch||[still]
|-fail|p2a: Honchkrow
|move|p1a: Amoonguss|Grassy Terrain|p1a: Amoonguss
|-fieldstart|move: Grassy Terrain
|
|upkeep
|turn|9
|
|t:|1760770807
|switch|p1a: Decidueye|Decidueye-Hisui, F|100/100
|move|p2a: Honchkrow|Sucker Punch||[still]
|-fail|p2a: Honchkrow
|
|upkeep
|turn|10
|
|t:|1760770816
|move|p2a: Honchkrow|Sucker Punch|p1a: Decidueye
|-resisted|p1a: Decidueye
|-damage|p1a: Decidueye|84/100
|-damage|p2a: Honchkrow|84/100|[from] item: Rocky Helmet|[of] p1a: Decidueye
|-damage|p2a: Honchkrow|74/100|[from] item: Life Orb
|move|p1a: Decidueye|Triple Arrows|p2a: Honchkrow
|-damage|p2a: Honchkrow|41/100
|
|-heal|p1a: Decidueye|90/100|[from] Grassy Terrain
|upkeep
|turn|11
|
|t:|1760770829
|move|p2a: Honchkrow|Brave Bird|p1a: Decidueye
|-supereffective|p1a: Decidueye
|-damage|p1a: Decidueye|0 fnt
|-damage|p2a: Honchkrow|25/100|[from] item: Rocky Helmet|[of] p1a: Decidueye
|faint|p1a: Decidueye
|-ability|p2a: Honchkrow|Moxie|boost
|-boost|p2a: Honchkrow|atk|1
|-damage|p2a: Honchkrow|0 fnt|[from] Recoil
|faint|p2a: Honchkrow
|
|upkeep
|
|t:|1760770840
|switch|p2a: Corviknight|Corviknight, M|100/100
|switch|p1a: Ogerpon|Ogerpon-Cornerstone, F|100/100
|turn|12
|
|t:|1760770848
|move|p1a: Ogerpon|Knock Off|p2a: Corviknight
|-damage|p2a: Corviknight|70/100
|-enditem|p2a: Corviknight|Expert Belt|[from] move: Knock Off|[of] p1a: Ogerpon
|move|p2a: Corviknight|Brave Bird|p1a: Ogerpon
|-damage|p1a: Ogerpon|45/100
|-damage|p2a: Corviknight|56/100|[from] Recoil
|
|-heal|p1a: Ogerpon|50/100|[from] Grassy Terrain
|-fieldend|move: Grassy Terrain
|upkeep
|turn|13
|
|t:|1760770867
|switch|p1a: Hydrapple|Hydrapple, F|100/100
|move|p2a: Corviknight|Brave Bird|p1a: Hydrapple
|-supereffective|p1a: Hydrapple
|-damage|p1a: Hydrapple|34/100
|-damage|p2a: Corviknight|33/100|[from] Recoil
|
|-heal|p1a: Hydrapple|40/100|[from] item: Leftovers
|upkeep
|turn|14
|
|t:|1760770877
|-terastallize|p1a: Hydrapple|Steel
|move|p2a: Corviknight|Brave Bird|p1a: Hydrapple
|-resisted|p1a: Hydrapple
|-damage|p1a: Hydrapple|25/100
|-damage|p2a: Corviknight|28/100|[from] Recoil
|move|p1a: Hydrapple|Dragon Tail|p2a: Corviknight
|-resisted|p2a: Corviknight
|-damage|p2a: Corviknight|22/100
|drag|p2a: Necrozma|Necrozma, shiny|100/100
|
|-heal|p1a: Hydrapple|32/100|[from] item: Leftovers
|upkeep
|turn|15
|
|t:|1760770893
|switch|p1a: Rillaboom|Rillaboom, M|25/100
|-fieldstart|move: Grassy Terrain|[from] ability: Grassy Surge|[of] p1a: Rillaboom
|move|p2a: Necrozma|Psychic Fangs|p1a: Rillaboom
|-damage|p1a: Rillaboom|0 fnt
|faint|p1a: Rillaboom
|
|upkeep
|
|t:|1760770911
|switch|p1a: Ogerpon|Ogerpon-Cornerstone, F|50/100
|turn|16
|
|t:|1760770916
|move|p1a: Ogerpon|Ivy Cudgel|p2a: Necrozma|[anim] Ivy Cudgel Rock
|-damage|p2a: Necrozma|47/100
|move|p2a: Necrozma|Photon Geyser|p1a: Ogerpon
|-damage|p1a: Ogerpon|0 fnt
|faint|p1a: Ogerpon
|
|-heal|p2a: Necrozma|53/100|[from] Grassy Terrain
|upkeep
|
|t:|1760770919
|switch|p1a: Meowscarada|Meowscarada, F|100/100
|turn|17
|
|t:|1760770932
|move|p1a: Meowscarada|Knock Off|p2a: Necrozma
|-start|p1a: Meowscarada|typechange|Dark|[from] ability: Protean
|-supereffective|p2a: Necrozma
|-crit|p2a: Necrozma
|-damage|p2a: Necrozma|0 fnt
|-enditem|p2a: Necrozma|Mind Plate|[from] move: Knock Off|[of] p1a: Meowscarada
|faint|p2a: Necrozma
|
|upkeep
|
|t:|1760770943
|switch|p2a: Regidrago|Regidrago|100/100
|turn|18
|
|t:|1760770948
|switch|p1a: Amoonguss|Amoonguss, M|100/100
|move|p2a: Regidrago|Dragon Energy|p1a: Amoonguss
|-damage|p1a: Amoonguss|39/100
|
|-heal|p1a: Amoonguss|46/100|[from] Grassy Terrain
|-heal|p1a: Amoonguss|52/100|[from] item: Leftovers
|upkeep
|turn|19
|
|t:|1760770958
|move|p1a: Amoonguss|Protect|p1a: Amoonguss
|-singleturn|p1a: Amoonguss|Protect
|move|p2a: Regidrago|Dragon Energy|p1a: Amoonguss
|-activate|p1a: Amoonguss|move: Protect
|
|-heal|p1a: Amoonguss|58/100|[from] Grassy Terrain
|-heal|p1a: Amoonguss|64/100|[from] item: Leftovers
|-fieldend|move: Grassy Terrain
|upkeep
|turn|20
|
|t:|1760770968
|move|p2a: Regidrago|Dragon Energy|p1a: Amoonguss
|-damage|p1a: Amoonguss|3/100
|move|p1a: Amoonguss|Toxic|p2a: Regidrago
|-status|p2a: Regidrago|tox
|
|-heal|p1a: Amoonguss|9/100|[from] item: Leftovers
|-damage|p2a: Regidrago|94/100 tox|[from] psn
|upkeep
|turn|21
|
|t:|1760770980
|move|p1a: Amoonguss|Protect|p1a: Amoonguss
|-singleturn|p1a: Amoonguss|Protect
|move|p2a: Regidrago|Dragon Pulse|p1a: Amoonguss
|-activate|p1a: Amoonguss|move: Protect
|
|-heal|p1a: Amoonguss|15/100|[from] item: Leftovers
|-damage|p2a: Regidrago|82/100 tox|[from] psn
|upkeep
|turn|22
|
|t:|1760770990
|switch|p1a: Hydrapple|Hydrapple, F, tera:Steel|65/100
|move|p2a: Regidrago|Dragon Pulse|p1a: Hydrapple
|-resisted|p1a: Hydrapple
|-damage|p1a: Hydrapple|37/100
|
|-heal|p1a: Hydrapple|44/100|[from] item: Leftovers
|-damage|p2a: Regidrago|64/100 tox|[from] psn
|upkeep
|turn|23
|
|t:|1760771000
|move|p2a: Regidrago|Dragon Energy|p1a: Hydrapple
|-resisted|p1a: Hydrapple
|-damage|p1a: Hydrapple|14/100
|move|p1a: Hydrapple|Substitute|p1a: Hydrapple
|-fail|p1a: Hydrapple|move: Substitute|[weak]
|
|-heal|p1a: Hydrapple|20/100|[from] item: Leftovers
|-damage|p2a: Regidrago|39/100 tox|[from] psn
|upkeep
|turn|24
|
|t:|1760771010
|move|p2a: Regidrago|Dragon Energy|p1a: Hydrapple
|-resisted|p1a: Hydrapple
|-damage|p1a: Hydrapple|2/100
|move|p1a: Hydrapple|Dragon Tail|p2a: Regidrago
|-supereffective|p2a: Regidrago
|-damage|p2a: Regidrago|18/100 tox
|drag|p2a: Corviknight|Corviknight, M|22/100
|
|-heal|p1a: Hydrapple|9/100|[from] item: Leftovers
|upkeep
|turn|25
|
|t:|1760771022
|switch|p1a: Amoonguss|Amoonguss, M|48/100
|move|p2a: Corviknight|U-turn|p1a: Amoonguss
|-damage|p1a: Amoonguss|30/100
|
|t:|1760771032
|switch|p2a: Regidrago|Regidrago|18/100 tox|[from] U-turn
|
|-heal|p1a: Amoonguss|36/100|[from] item: Leftovers
|-damage|p2a: Regidrago|12/100 tox|[from] psn
|upkeep
|turn|26
|
|t:|1760771040
|move|p1a: Amoonguss|Protect|p1a: Amoonguss
|-singleturn|p1a: Amoonguss|Protect
|move|p2a: Regidrago|Dragon Energy|p1a: Amoonguss
|-activate|p1a: Amoonguss|move: Protect
|
|-heal|p1a: Amoonguss|43/100|[from] item: Leftovers
|-damage|p2a: Regidrago|0 fnt|[from] psn
|faint|p2a: Regidrago
|upkeep
|
|t:|1760771051
|switch|p2a: Corviknight|Corviknight, M|22/100
|turn|27
|
|t:|1760771060
|switch|p1a: Hydrapple|Hydrapple, F, tera:Steel|42/100
|move|p2a: Corviknight|Brave Bird|p1a: Hydrapple
|-resisted|p1a: Hydrapple
|-damage|p1a: Hydrapple|26/100
|-damage|p2a: Corviknight|16/100|[from] Recoil
|
|-heal|p1a: Hydrapple|32/100|[from] item: Leftovers
|upkeep
|turn|28
|l|☆xhz123
|player|p1|
|j|☆xhz123
|player|p1|xhz123|dawn|
|
|t:|1760771108
|switch|p1a: Amoonguss|Amoonguss, M|76/100
|move|p2a: Corviknight|Hurricane|p1a: Amoonguss|[miss]
|-miss|p2a: Corviknight|p1a: Amoonguss
|
|-heal|p1a: Amoonguss|82/100|[from] item: Leftovers
|upkeep
|turn|29
|
|t:|1760771117
|switch|p1a: Hydrapple|Hydrapple, F, tera:Steel|65/100
|move|p2a: Corviknight|Brave Bird|p1a: Hydrapple
|-resisted|p1a: Hydrapple
|-damage|p1a: Hydrapple|51/100
|-damage|p2a: Corviknight|11/100|[from] Recoil
|
|-heal|p1a: Hydrapple|57/100|[from] item: Leftovers
|upkeep
|turn|30
|
|t:|1760771128
|move|p2a: Corviknight|Hurricane|p1a: Hydrapple|[miss]
|-miss|p2a: Corviknight|p1a: Hydrapple
|move|p1a: Hydrapple|Substitute|p1a: Hydrapple
|-start|p1a: Hydrapple|Substitute
|-damage|p1a: Hydrapple|32/100
|
|-heal|p1a: Hydrapple|38/100|[from] item: Leftovers
|upkeep
|turn|31
|
|t:|1760771138
|move|p2a: Corviknight|Brave Bird|p1a: Hydrapple
|-resisted|p1a: Hydrapple
|-activate|p1a: Hydrapple|move: Substitute|[damage]
|-damage|p2a: Corviknight|6/100|[from] Recoil|[of] p1a: Hydrapple
|move|p1a: Hydrapple|Dragon Tail|p2a: Corviknight
|-resisted|p2a: Corviknight
|-damage|p2a: Corviknight|0 fnt
|faint|p2a: Corviknight
|
|-heal|p1a: Hydrapple|44/100|[from] item: Leftovers
|upkeep
|
|t:|1760771151
|switch|p2a: Ogerpon|Ogerpon, F|100/100
|turn|32
|
|t:|1760771156
|-terastallize|p2a: Ogerpon|Grass
|detailschange|p2a: Ogerpon|Ogerpon-Teal-Tera, F, tera:Grass
|-ability|p2a: Ogerpon|Embody Aspect (Teal)|boost
|-boost|p2a: Ogerpon|spe|1
|move|p2a: Ogerpon|Swords Dance|p2a: Ogerpon
|-boost|p2a: Ogerpon|atk|2
|move|p1a: Hydrapple|Draco Meteor|p2a: Ogerpon
|-damage|p2a: Ogerpon|40/100
|-unboost|p1a: Hydrapple|spa|2
|
|-heal|p1a: Hydrapple|51/100|[from] item: Leftovers
|upkeep
|turn|33
|
|t:|1760771171
|move|p2a: Ogerpon|Ivy Cudgel|p1a: Hydrapple
|-resisted|p1a: Hydrapple
|-end|p1a: Hydrapple|Substitute
|move|p1a: Hydrapple|Draco Meteor|p2a: Ogerpon
|-damage|p2a: Ogerpon|10/100
|-unboost|p1a: Hydrapple|spa|2
|
|-heal|p1a: Hydrapple|57/100|[from] item: Leftovers
|upkeep
|turn|34
|
|t:|1760771181
|move|p2a: Ogerpon|Ivy Cudgel|p1a: Hydrapple
|-resisted|p1a: Hydrapple
|-damage|p1a: Hydrapple|20/100
|move|p1a: Hydrapple|Draco Meteor|p2a: Ogerpon
|-damage|p2a: Ogerpon|0 fnt
|-unboost|p1a: Hydrapple|spa|2
|faint|p2a: Ogerpon
|detailschange|p2: Ogerpon|Ogerpon, F|[silent]
|
|win|xhz123
|raw|xhz123's rating: 1115 &rarr; <strong>1140</strong><br />(+25 for winning)
|raw|mastermind_mohit's rating: 1112 &rarr; <strong>1087</strong><br />(-25 for losing)
|l|☆xhz123
|player|p1|
|l|☆mastermind_mohit
|player|p2|
