|j|☆proyan
|j|☆AnusSmasher
|t:|1760855335
|gametype|singles
|player|p1|proyan|102|1128
|player|p2|AnusSmasher|swimmer-gen4dp|1144
|gen|9
|tier|[Gen 9] OU
|rated|
|rule|HP Percentage Mod: HP is shown in percentages
|rule|Endless Battle Clause: Forcing endless battles is banned
|rule|Species Clause: Limit one of each Pokémon
|rule|OHKO Clause: OHKO moves are banned
|rule|Evasion Items Clause: Evasion items are banned
|rule|Evasion Moves Clause: Evasion moves are banned
|rule|Evasion Abilities Clause: Evasion abilities are banned
|rule|Sleep Moves Clause: Sleep-inducing moves are banned
|clearpoke
|poke|p1|Greninja-*, M|
|poke|p1|Tyranitar, M|
|poke|p1|Gholdengo|
|poke|p1|Kleavor, M|
|poke|p1|Regidrago|
|poke|p1|Great Tusk|
|poke|p2|Pelipper, M|
|poke|p2|Barraskewda, F|
|poke|p2|Kingdra, F|
|poke|p2|Tornadus-Therian, M|
|poke|p2|Pikachu, F|
|poke|p2|Great Tusk|
|teampreview
|inactive|Battle timer is ON: inactive players will automatically lose when time's up. (requested by AnusSmasher)
|
|t:|1760855338
|teamsize|p1|6
|teamsize|p2|6
|start
|switch|p1a: Kleavor|Kleavor, M|100/100
|switch|p2a: Pelipper|Pelipper, M|100/100
|-weather|RainDance|[from] ability: Drizzle|[of] p2a: Pelipper
|turn|1
|
|t:|1760855346
|move|p1a: Kleavor|Trailblaze|p2a: Pelipper
|-damage|p2a: Pelipper|83/100
|-boost|p1a: Kleavor|spe|1
|move|p2a: Pelipper|U-turn|p1a: Kleavor
|-damage|p1a: Kleavor|90/100
|
|t:|1760855360
|switch|p2a: Barraskewda|Barraskewda, F|100/100|[from] U-turn
|
|-weather|RainDance|[upkeep]
|upkeep
|turn|2
|
|t:|1760855371
|move|p2a: Barraskewda|Flip Turn|p1a: Kleavor
|-supereffective|p1a: Kleavor
|-damage|p1a: Kleavor|0 fnt
|faint|p1a: Kleavor
|
|t:|1760855377
|switch|p2a: Pelipper|Pelipper, M|83/100|[from] Flip Turn
|
|-weather|RainDance|[upkeep]
|upkeep
|
|t:|1760855382
|switch|p1a: Gholdengo|Gholdengo|100/100
|turn|3
|
|t:|1760855393
|move|p1a: Gholdengo|Thunderbolt|p2a: Pelipper
|-supereffective|p2a: Pelipper
|-damage|p2a: Pelipper|0 fnt
|faint|p2a: Pelipper
|
|-weather|RainDance|[upkeep]
|upkeep
|
|t:|1760855409
|switch|p2a: Kingdra|Kingdra, F|100/100
|turn|4
|
|t:|1760855414
|move|p2a: Kingdra|Ice Beam|p1a: Gholdengo
|-resisted|p1a: Gholdengo
|-damage|p1a: Gholdengo|77/100
|move|p1a: Gholdengo|Thunderbolt|p2a: Kingdra
|-damage|p2a: Kingdra|39/100
|
|-weather|RainDance|[upkeep]
|upkeep
|turn|5
|
|t:|1760855424
|switch|p2a: Pikachu|Pikachu, F|100/100
|move|p1a: Gholdengo|Thunderbolt|p2a: Pikachu
|-ability|p2a: Pikachu|Lightning Rod|boost
|-boost|p2a: Pikachu|spa|1
|
|-weather|RainDance|[upkeep]
|upkeep
|turn|6
|
|t:|1760855439
|switch|p1a: Great Tusk|Great Tusk|100/100
|-enditem|p1a: Great Tusk|Booster Energy
|-activate|p1a: Great Tusk|ability: Protosynthesis|[fromitem]
|-start|p1a: Great Tusk|protosynthesisatk
|move|p2a: Pikachu|Knock Off|p1a: Great Tusk
|-resisted|p1a: Great Tusk
|-damage|p1a: Great Tusk|94/100
|
|-weather|RainDance|[upkeep]
|upkeep
|turn|7
|
|t:|1760855450
|move|p2a: Pikachu|Grass Knot|p1a: Great Tusk
|-supereffective|p1a: Great Tusk
|-damage|p1a: Great Tusk|0 fnt
|faint|p1a: Great Tusk
|-end|p1a: Great Tusk|Protosynthesis|[silent]
|
|-weather|RainDance|[upkeep]
|upkeep
|
|t:|1760855460
|switch|p1a: Gholdengo|Gholdengo|77/100
|turn|8
|
|t:|1760855467
|move|p2a: Pikachu|Thunder|p1a: Gholdengo
|-damage|p1a: Gholdengo|0 fnt
|faint|p1a: Gholdengo
|
|-weather|none
|upkeep
|
|t:|1760855483
|switch|p1a: Tyranitar|Tyranitar, M, shiny|100/100
|-weather|Sandstorm|[from] ability: Sand Stream|[of] p1a: Tyranitar
|turn|9
|
|t:|1760855490
|move|p2a: Pikachu|Grass Knot|p1a: Tyranitar
|-supereffective|p1a: Tyranitar
|-damage|p1a: Tyranitar|29/100
|move|p1a: Tyranitar|Earthquake|p2a: Pikachu
|-supereffective|p2a: Pikachu
|-damage|p2a: Pikachu|0 fnt
|faint|p2a: Pikachu
|
|-weather|Sandstorm|[upkeep]
|upkeep
|
|t:|1760855504
|switch|p2a: Barraskewda|Barraskewda, F|100/100
|turn|10
|
|t:|1760855513
|switch|p1a: Regidrago|Regidrago, shiny|100/100
|move|p2a: Barraskewda|Flip Turn|p1a: Regidrago
|-resisted|p1a: Regidrago
|-damage|p1a: Regidrago|72/100
|
|t:|1760855525
|switch|p2a: Great Tusk|Great Tusk|100/100|[from] Flip Turn
|
|-weather|Sandstorm|[upkeep]
|-damage|p1a: Regidrago|66/100|[from] Sandstorm
|upkeep
|turn|11
|
|t:|1760855551
|move|p1a: Regidrago|Earth Power|p2a: Great Tusk
|-damage|p2a: Great Tusk|75/100
|move|p2a: Great Tusk|Bulk Up|p2a: Great Tusk
|-boost|p2a: Great Tusk|atk|1
|-boost|p2a: Great Tusk|def|1
|
|-weather|Sandstorm|[upkeep]
|-damage|p1a: Regidrago|59/100|[from] Sandstorm
|-heal|p2a: Great Tusk|82/100|[from] item: Leftovers
|upkeep
|turn|12
|
|t:|1760855564
|move|p1a: Regidrago|Dragon Breath|p2a: Great Tusk
|-damage|p2a: Great Tusk|47/100
|-status|p2a: Great Tusk|par
|move|p2a: Great Tusk|Body Press|p1a: Regidrago
|-damage|p1a: Regidrago|0 fnt
|faint|p1a: Regidrago
|
|-weather|Sandstorm|[upkeep]
|-heal|p2a: Great Tusk|53/100 par|[from] item: Leftovers
|upkeep
|inactive|proyan has 120 seconds left.
|
|t:|1760855575
|switch|p1a: Greninja|Greninja, M, shiny|100/100
|turn|13
|inactive|proyan has 120 seconds left.
|
|t:|1760855592
|-terastallize|p2a: Great Tusk|Water
|move|p1a: Greninja|Chilling Water|p2a: Great Tusk
|-start|p1a: Greninja|typechange|Water|[from] ability: Protean
|-resisted|p2a: Great Tusk
|-damage|p2a: Great Tusk|39/100 par
|-unboost|p2a: Great Tusk|atk|1
|move|p2a: Great Tusk|Body Press|p1a: Greninja
|-enditem|p1a: Greninja|Focus Sash
|-damage|p1a: Greninja|1/100
|
|-weather|none
|-heal|p2a: Great Tusk|45/100 par|[from] item: Leftovers
|upkeep
|turn|14
|inactive|proyan has 120 seconds left.
|
|t:|1760855611
|move|p1a: Greninja|U-turn|p2a: Great Tusk
|-damage|p2a: Great Tusk|40/100 par
|-message|proyan forfeited.
|
|win|AnusSmasher
|raw|proyan's rating: 1128 &rarr; <strong>1104</strong><br />(-24 for losing)
|raw|AnusSmasher's rating: 1144 &rarr; <strong>1168</strong><br />(+24 for winning)
|l|☆proyan
|player|p1|
|l|☆AnusSmasher
|player|p2|
