|j|☆thegreatestnone
|j|☆tijzen
|t:|1760722785
|gametype|singles
|player|p1|thegreatestnone|101|1421
|player|p2|tijzen|ruinmaniac|1424
|gen|9
|tier|[Gen 9] OU
|rated|
|rule|HP Percentage Mod: HP is shown in percentages
|rule|Endless Battle Clause: Forcing endless battles is banned
|rule|Species Clause: Limit one of each Pokémon
|rule|OHKO Clause: OHKO moves are banned
|rule|Evasion Items Clause: Evasion items are banned
|rule|Evasion Moves Clause: Evasion moves are banned
|rule|Evasion Abilities Clause: Evasion abilities are banned
|rule|Sleep Moves Clause: Sleep-inducing moves are banned
|clearpoke
|poke|p1|Magnezone|
|poke|p1|Ting-Lu|
|poke|p1|Skeledirge, M|
|poke|p1|Gholdengo|
|poke|p1|Weezing-Galar, F|
|poke|p1|Slowking, M|
|poke|p2|Araquanid, F|
|poke|p2|Hoopa-Unbound|
|poke|p2|Glimmora, F|
|poke|p2|Dragapult, F|
|poke|p2|Darkrai|
|poke|p2|Corviknight, F|
|teampreview
|
|t:|1760722798
|teamsize|p1|6
|teamsize|p2|6
|start
|switch|p1a: Magnezone|Magnezone|100/100
|switch|p2a: Glimmora|Glimmora, F|100/100
|turn|1
|
|t:|1760722809
|switch|p1a: Slowking|Slowking, M|100/100
|move|p2a: Glimmora|Spiky Shield||[still]
|-fail|p2a: Glimmora
|
|upkeep
|turn|2
|
|t:|1760722817
|switch|p2a: Araquanid|Araquanid, F|100/100
|move|p1a: Slowking|Scald|p2a: Araquanid
|-resisted|p2a: Araquanid
|-damage|p2a: Araquanid|92/100
|
|-heal|p2a: Araquanid|98/100|[from] item: Leftovers
|upkeep
|turn|3
|
|t:|1760722822
|switch|p1a: Magnezone|Magnezone|100/100
|move|p2a: Araquanid|Sticky Web|p1a: Magnezone
|-sidestart|p1: thegreatestnone|move: Sticky Web
|
|-heal|p2a: Araquanid|100/100|[from] item: Leftovers
|upkeep
|turn|4
|
|t:|1760722828
|move|p2a: Araquanid|Protect|p2a: Araquanid
|-singleturn|p2a: Araquanid|Protect
|move|p1a: Magnezone|Thunderbolt|p2a: Araquanid
|-activate|p2a: Araquanid|move: Protect
|
|upkeep
|turn|5
|
|t:|1760722833
|switch|p2a: Dragapult|Dragapult, F|100/100
|move|p1a: Magnezone|Thunderbolt|p2a: Dragapult
|-resisted|p2a: Dragapult
|-damage|p2a: Dragapult|76/100
|-status|p2a: Dragapult|par
|
|upkeep
|turn|6
|
|t:|1760722840
|cant|p2a: Dragapult|par
|move|p1a: Magnezone|Flash Cannon|p2a: Dragapult
|-damage|p2a: Dragapult|30/100 par
|
|upkeep
|turn|7
|
|t:|1760722847
|move|p1a: Magnezone|Protect|p1a: Magnezone
|-singleturn|p1a: Magnezone|Protect
|move|p2a: Dragapult|U-turn|p1a: Magnezone
|-activate|p1a: Magnezone|move: Protect
|
|upkeep
|turn|8
|
|t:|1760722857
|move|p2a: Dragapult|Draco Meteor|p1a: Magnezone
|-resisted|p1a: Magnezone
|-damage|p1a: Magnezone|75/100
|-unboost|p2a: Dragapult|spa|2
|move|p1a: Magnezone|Thunderbolt|p2a: Dragapult
|-resisted|p2a: Dragapult
|-damage|p2a: Dragapult|5/100 par
|
|-heal|p1a: Magnezone|81/100|[from] item: Leftovers
|upkeep
|turn|9
|
|t:|1760722867
|move|p1a: Magnezone|Protect|p1a: Magnezone
|-singleturn|p1a: Magnezone|Protect
|move|p2a: Dragapult|Draco Meteor|p1a: Magnezone
|-activate|p1a: Magnezone|move: Protect
|
|-heal|p1a: Magnezone|87/100|[from] item: Leftovers
|upkeep
|turn|10
|
|t:|1760722872
|cant|p2a: Dragapult|par
|move|p1a: Magnezone|Thunderbolt|p2a: Dragapult
|-resisted|p2a: Dragapult
|-damage|p2a: Dragapult|0 fnt
|faint|p2a: Dragapult
|
|-heal|p1a: Magnezone|94/100|[from] item: Leftovers
|upkeep
|
|t:|1760722874
|switch|p2a: Hoopa|Hoopa-Unbound|100/100
|turn|11
|
|t:|1760722880
|switch|p1a: Skeledirge|Skeledirge, M|100/100
|move|p2a: Hoopa|Drain Punch|p1a: Skeledirge
|-immune|p1a: Skeledirge
|
|upkeep
|turn|12
|
|t:|1760722883
|switch|p2a: Araquanid|Araquanid, F|100/100
|-terastallize|p1a: Skeledirge|Water
|move|p1a: Skeledirge|Will-O-Wisp|p2a: Araquanid
|-immune|p2a: Araquanid|[from] ability: Water Bubble
|
|upkeep
|turn|13
|
|t:|1760722888
|switch|p1a: Magnezone|Magnezone|94/100
|-activate|p1a: Magnezone|move: Sticky Web
|-unboost|p1a: Magnezone|spe|1
|move|p2a: Araquanid|Infestation|p1a: Magnezone
|-resisted|p1a: Magnezone
|-damage|p1a: Magnezone|92/100
|-activate|p1a: Magnezone|move: Infestation|[of] p2a: Araquanid
|
|-heal|p1a: Magnezone|98/100|[from] item: Leftovers
|-damage|p1a: Magnezone|85/100|[from] move: Infestation|[partiallytrapped]
|upkeep
|turn|14
|
|t:|1760722892
|move|p2a: Araquanid|Liquidation|p1a: Magnezone
|-damage|p1a: Magnezone|48/100
|move|p1a: Magnezone|Thunderbolt|p2a: Araquanid
|-supereffective|p2a: Araquanid
|-damage|p2a: Araquanid|47/100
|
|-heal|p2a: Araquanid|53/100|[from] item: Leftovers
|-heal|p1a: Magnezone|55/100|[from] item: Leftovers
|-damage|p1a: Magnezone|42/100|[from] move: Infestation|[partiallytrapped]
|upkeep
|turn|15
|
|t:|1760722896
|move|p2a: Araquanid|Protect|p2a: Araquanid
|-singleturn|p2a: Araquanid|Protect
|move|p1a: Magnezone|Thunderbolt|p2a: Araquanid
|-activate|p2a: Araquanid|move: Protect
|
|-heal|p2a: Araquanid|59/100|[from] item: Leftovers
|-heal|p1a: Magnezone|48/100|[from] item: Leftovers
|-damage|p1a: Magnezone|36/100|[from] move: Infestation|[partiallytrapped]
|upkeep
|turn|16
|
|t:|1760722904
|move|p2a: Araquanid|Liquidation|p1a: Magnezone
|-damage|p1a: Magnezone|0 fnt
|faint|p1a: Magnezone
|
|-heal|p2a: Araquanid|65/100|[from] item: Leftovers
|upkeep
|
|t:|1760722911
|switch|p1a: Skeledirge|Skeledirge, M, tera:Water|100/100
|turn|17
|
|t:|1760722915
|move|p1a: Skeledirge|Torch Song|p2a: Araquanid
|-damage|p2a: Araquanid|56/100
|-boost|p1a: Skeledirge|spa|1
|move|p2a: Araquanid|Infestation|p1a: Skeledirge
|-damage|p1a: Skeledirge|96/100
|-activate|p1a: Skeledirge|move: Infestation|[of] p2a: Araquanid
|
|-heal|p2a: Araquanid|62/100|[from] item: Leftovers
|-damage|p1a: Skeledirge|84/100|[from] move: Infestation|[partiallytrapped]
|upkeep
|turn|18
|
|t:|1760722920
|-terastallize|p2a: Araquanid|Water
|move|p1a: Skeledirge|Torch Song|p2a: Araquanid
|-resisted|p2a: Araquanid
|-damage|p2a: Araquanid|55/100
|-boost|p1a: Skeledirge|spa|1
|move|p2a: Araquanid|Liquidation|p1a: Skeledirge
|-resisted|p1a: Skeledirge
|-damage|p1a: Skeledirge|63/100
|
|-heal|p2a: Araquanid|62/100|[from] item: Leftovers
|-damage|p1a: Skeledirge|51/100|[from] move: Infestation|[partiallytrapped]
|upkeep
|turn|19
|
|t:|1760722931
|move|p2a: Araquanid|Protect|p2a: Araquanid
|-singleturn|p2a: Araquanid|Protect
|move|p1a: Skeledirge|Slack Off|p1a: Skeledirge
|-heal|p1a: Skeledirge|100/100
|
|-heal|p2a: Araquanid|68/100|[from] item: Leftovers
|-damage|p1a: Skeledirge|88/100|[from] move: Infestation|[partiallytrapped]
|upkeep
|turn|20
|
|t:|1760722941
|move|p1a: Skeledirge|Torch Song|p2a: Araquanid
|-resisted|p2a: Araquanid
|-damage|p2a: Araquanid|57/100
|-boost|p1a: Skeledirge|spa|1
|move|p2a: Araquanid|Liquidation|p1a: Skeledirge
|-resisted|p1a: Skeledirge
|-damage|p1a: Skeledirge|67/100
|
|-heal|p2a: Araquanid|64/100|[from] item: Leftovers
|-damage|p1a: Skeledirge|55/100|[from] move: Infestation|[partiallytrapped]
|upkeep
|turn|21
|
|t:|1760722948
|switch|p2a: Hoopa|Hoopa-Unbound|100/100
|move|p1a: Skeledirge|Slack Off|p1a: Skeledirge
|-heal|p1a: Skeledirge|100/100
|
|-end|p1a: Skeledirge|Infestation|[partiallytrapped]|[silent]
|upkeep
|turn|22
|
|t:|1760722952
|move|p2a: Hoopa|Hyperspace Fury|p1a: Skeledirge
|-damage|p1a: Skeledirge|43/100
|-unboost|p2a: Hoopa|def|1
|move|p1a: Skeledirge|Will-O-Wisp|p2a: Hoopa
|-status|p2a: Hoopa|brn
|
|-damage|p2a: Hoopa|95/100 brn|[from] brn
|upkeep
|turn|23
|
|t:|1760722955
|move|p2a: Hoopa|Hyperspace Fury|p1a: Skeledirge
|-damage|p1a: Skeledirge|16/100
|-unboost|p2a: Hoopa|def|1
|move|p1a: Skeledirge|Slack Off|p1a: Skeledirge
|-heal|p1a: Skeledirge|66/100
|
|-damage|p2a: Hoopa|89/100 brn|[from] brn
|upkeep
|turn|24
|
|t:|1760722963
|switch|p2a: Glimmora|Glimmora, F|100/100
|move|p1a: Skeledirge|Slack Off|p1a: Skeledirge
|-heal|p1a: Skeledirge|100/100
|
|upkeep
|turn|25
|
|t:|1760722970
|move|p2a: Glimmora|Meteor Beam||[still]
|-prepare|p2a: Glimmora|Meteor Beam
|-boost|p2a: Glimmora|spa|1
|-enditem|p2a: Glimmora|Power Herb
|-anim|p2a: Glimmora|Meteor Beam|p1a: Skeledirge
|-damage|p1a: Skeledirge|35/100
|move|p1a: Skeledirge|Hex|p2a: Glimmora
|-damage|p2a: Glimmora|20/100
|
|upkeep
|turn|26
|
|t:|1760722980
|switch|p1a: Slowking|Slowking, M|100/100
|move|p2a: Glimmora|Earth Power|p1a: Slowking
|-damage|p1a: Slowking|74/100
|
|upkeep
|turn|27
|
|t:|1760722985
|switch|p2a: Araquanid|Araquanid, F, tera:Water|64/100
|-prepare|p1a: Slowking|Chilly Reception|[premajor]
|move|p1a: Slowking|Chilly Reception|p1a: Slowking
|-weather|Snowscape
|
|t:|1760722987
|switch|p1a: Skeledirge|Skeledirge, M, tera:Water|35/100|[from] Chilly Reception
|
|-weather|Snowscape|[upkeep]
|-heal|p2a: Araquanid|70/100|[from] item: Leftovers
|upkeep
|turn|28
|
|t:|1760722999
|move|p1a: Skeledirge|Slack Off|p1a: Skeledirge
|-heal|p1a: Skeledirge|85/100
|move|p2a: Araquanid|Liquidation|p1a: Skeledirge
|-resisted|p1a: Skeledirge
|-damage|p1a: Skeledirge|67/100
|
|-weather|Snowscape|[upkeep]
|-heal|p2a: Araquanid|76/100|[from] item: Leftovers
|upkeep
|turn|29
|
|t:|1760723003
|switch|p2a: Darkrai|Darkrai|100/100
|move|p1a: Skeledirge|Torch Song|p2a: Darkrai
|-damage|p2a: Darkrai|60/100
|-boost|p1a: Skeledirge|spa|1
|
|-weather|Snowscape|[upkeep]
|upkeep
|turn|30
|
|t:|1760723010
|switch|p1a: Ting-Lu|Ting-Lu|100/100
|-activate|p1a: Ting-Lu|move: Sticky Web
|-unboost|p1a: Ting-Lu|spe|1
|-ability|p1a: Ting-Lu|Vessel of Ruin
|move|p2a: Darkrai|Dark Pulse|p1a: Ting-Lu
|-resisted|p1a: Ting-Lu
|-damage|p1a: Ting-Lu|88/100
|-damage|p2a: Darkrai|50/100|[from] item: Life Orb
|
|-weather|Snowscape|[upkeep]
|-heal|p1a: Ting-Lu|94/100|[from] item: Leftovers
|upkeep
|turn|31
|
|t:|1760723021
|switch|p2a: Araquanid|Araquanid, F, tera:Water|76/100
|move|p1a: Ting-Lu|Earthquake|p2a: Araquanid
|-damage|p2a: Araquanid|37/100
|
|-weather|none
|-heal|p2a: Araquanid|43/100|[from] item: Leftovers
|-heal|p1a: Ting-Lu|99/100|[from] item: Leftovers
|upkeep
|turn|32
|
|t:|1760723028
|switch|p1a: Skeledirge|Skeledirge, M, tera:Water|67/100
|move|p2a: Araquanid|Liquidation|p1a: Skeledirge
|-resisted|p1a: Skeledirge
|-damage|p1a: Skeledirge|48/100
|
|-heal|p2a: Araquanid|49/100|[from] item: Leftovers
|upkeep
|turn|33
|
|t:|1760723030
|switch|p2a: Hoopa|Hoopa-Unbound|89/100 brn
|move|p1a: Skeledirge|Slack Off|p1a: Skeledirge
|-heal|p1a: Skeledirge|98/100
|
|-damage|p2a: Hoopa|83/100 brn|[from] brn
|upkeep
|turn|34
|
|t:|1760723066
|move|p2a: Hoopa|Trick|p1a: Skeledirge
|-activate|p2a: Hoopa|move: Trick|[of] p1a: Skeledirge
|-item|p1a: Skeledirge|Choice Band|[from] move: Trick
|-item|p2a: Hoopa|Heavy-Duty Boots|[from] move: Trick
|move|p1a: Skeledirge|Hex|p2a: Hoopa
|-damage|p2a: Hoopa|40/100 brn
|
|-damage|p2a: Hoopa|34/100 brn|[from] brn
|upkeep
|turn|35
|
|t:|1760723075
|switch|p2a: Araquanid|Araquanid, F, tera:Water|49/100
|move|p1a: Skeledirge|Hex|p2a: Araquanid
|-damage|p2a: Araquanid|34/100
|
|-heal|p2a: Araquanid|40/100|[from] item: Leftovers
|upkeep
|turn|36
|
|t:|1760723089
|switch|p1a: Weezing|Weezing-Galar, F|100/100
|move|p2a: Araquanid|Infestation|p1a: Weezing
|-resisted|p1a: Weezing
|-damage|p1a: Weezing|99/100
|-activate|p1a: Weezing|move: Infestation|[of] p2a: Araquanid
|
|-heal|p1a: Weezing|100/100|[from] item: Leftovers
|-heal|p2a: Araquanid|46/100|[from] item: Leftovers
|-damage|p1a: Weezing|88/100|[from] move: Infestation|[partiallytrapped]
|upkeep
|turn|37
|
|t:|1760723093
|move|p2a: Araquanid|Protect|p2a: Araquanid
|-singleturn|p2a: Araquanid|Protect
|move|p1a: Weezing|Gunk Shot|p2a: Araquanid
|-activate|p2a: Araquanid|move: Protect
|
|-heal|p1a: Weezing|94/100|[from] item: Leftovers
|-heal|p2a: Araquanid|52/100|[from] item: Leftovers
|-damage|p1a: Weezing|82/100|[from] move: Infestation|[partiallytrapped]
|upkeep
|turn|38
|
|t:|1760723099
|switch|p2a: Corviknight|Corviknight, F|100/100
|-ability|p2a: Corviknight|Pressure
|move|p1a: Weezing|Gunk Shot|p2a: Corviknight
|-immune|p2a: Corviknight
|
|-heal|p1a: Weezing|88/100|[from] item: Leftovers
|-end|p1a: Weezing|Infestation|[partiallytrapped]|[silent]
|upkeep
|turn|39
|
|t:|1760723107
|move|p1a: Weezing|Will-O-Wisp|p2a: Corviknight
|-status|p2a: Corviknight|brn
|move|p2a: Corviknight|U-turn|p1a: Weezing
|-resisted|p1a: Weezing
|-damage|p1a: Weezing|87/100
|
|t:|1760723112
|switch|p2a: Glimmora|Glimmora, F|20/100|[from] U-turn
|
|-heal|p1a: Weezing|93/100|[from] item: Leftovers
|upkeep
|turn|40
|
|t:|1760723122
|move|p2a: Glimmora|Earth Power|p1a: Weezing
|-immune|p1a: Weezing|[from] ability: Levitate
|move|p1a: Weezing|Will-O-Wisp|p2a: Glimmora
|-status|p2a: Glimmora|brn
|
|-heal|p1a: Weezing|99/100|[from] item: Leftovers
|-damage|p2a: Glimmora|14/100 brn|[from] brn
|upkeep
|turn|41
|
|t:|1760723131
|switch|p2a: Corviknight|Corviknight, F|100/100 brn
|-ability|p2a: Corviknight|Pressure
|move|p1a: Weezing|Defog|p2a: Corviknight
|-unboost|p2a: Corviknight|evasion|1
|-sideend|p1: thegreatestnone|Sticky Web|[from] move: Defog|[of] p1a: Weezing
|
|-heal|p1a: Weezing|100/100|[from] item: Leftovers
|-damage|p2a: Corviknight|94/100 brn|[from] brn
|upkeep
|turn|42
|
|t:|1760723141
|switch|p1a: Skeledirge|Skeledirge, M, tera:Water|98/100
|move|p2a: Corviknight|Iron Defense|p2a: Corviknight
|-boost|p2a: Corviknight|def|2
|
|-damage|p2a: Corviknight|88/100 brn|[from] brn
|upkeep
|turn|43
|
|t:|1760723146
|move|p1a: Skeledirge|Torch Song|p2a: Corviknight
|-supereffective|p2a: Corviknight
|-damage|p2a: Corviknight|26/100 brn
|-boost|p1a: Skeledirge|spa|1
|move|p2a: Corviknight|Body Press|p1a: Skeledirge
|-damage|p1a: Skeledirge|90/100
|
|-damage|p2a: Corviknight|20/100 brn|[from] brn
|upkeep
|turn|44
|
|t:|1760723153
|switch|p2a: Araquanid|Araquanid, F, tera:Water|52/100
|move|p1a: Skeledirge|Torch Song|p2a: Araquanid
|-resisted|p2a: Araquanid
|-damage|p2a: Araquanid|45/100
|-boost|p1a: Skeledirge|spa|1
|
|-heal|p2a: Araquanid|51/100|[from] item: Leftovers
|upkeep
|turn|45
|
|t:|1760723174
|switch|p1a: Weezing|Weezing-Galar, F|100/100
|move|p2a: Araquanid|Infestation|p1a: Weezing
|-resisted|p1a: Weezing
|-damage|p1a: Weezing|99/100
|-activate|p1a: Weezing|move: Infestation|[of] p2a: Araquanid
|
|-heal|p1a: Weezing|100/100|[from] item: Leftovers
|-heal|p2a: Araquanid|57/100|[from] item: Leftovers
|-damage|p1a: Weezing|88/100|[from] move: Infestation|[partiallytrapped]
|upkeep
|turn|46
|
|t:|1760723180
|move|p2a: Araquanid|Protect|p2a: Araquanid
|-singleturn|p2a: Araquanid|Protect
|move|p1a: Weezing|Will-O-Wisp|p2a: Araquanid
|-activate|p2a: Araquanid|move: Protect
|
|-heal|p1a: Weezing|94/100|[from] item: Leftovers
|-heal|p2a: Araquanid|64/100|[from] item: Leftovers
|-damage|p1a: Weezing|82/100|[from] move: Infestation|[partiallytrapped]
|upkeep
|turn|47
|
|t:|1760723186
|move|p1a: Weezing|Gunk Shot|p2a: Araquanid
|-damage|p2a: Araquanid|19/100
|move|p2a: Araquanid|Liquidation|p1a: Weezing
|-damage|p1a: Weezing|37/100
|
|-heal|p1a: Weezing|43/100|[from] item: Leftovers
|-heal|p2a: Araquanid|25/100|[from] item: Leftovers
|-damage|p1a: Weezing|31/100|[from] move: Infestation|[partiallytrapped]
|upkeep
|turn|48
|
|t:|1760723194
|move|p2a: Araquanid|Protect|p2a: Araquanid
|-singleturn|p2a: Araquanid|Protect
|move|p1a: Weezing|Pain Split|p2a: Araquanid
|-activate|p2a: Araquanid|move: Protect
|
|-heal|p1a: Weezing|37/100|[from] item: Leftovers
|-heal|p2a: Araquanid|31/100|[from] item: Leftovers
|-damage|p1a: Weezing|24/100|[from] move: Infestation|[partiallytrapped]
|upkeep
|turn|49
|
|t:|1760723203
|move|p2a: Araquanid|Protect||[still]
|-fail|p2a: Araquanid
|move|p1a: Weezing|Gunk Shot|p2a: Araquanid
|-damage|p2a: Araquanid|0 fnt
|faint|p2a: Araquanid
|
|-heal|p1a: Weezing|30/100|[from] item: Leftovers
|-end|p1a: Weezing|Infestation|[partiallytrapped]
|upkeep
|-message|tijzen forfeited.
|
|win|thegreatestnone
|raw|thegreatestnone's rating: 1421 &rarr; <strong>1441</strong><br />(+20 for winning)
|raw|tijzen's rating: 1424 &rarr; <strong>1404</strong><br />(-20 for losing)
|l|☆tijzen
|player|p2|
|l|☆thegreatestnone
|player|p1|
