|j|☆werearewe
|j|☆wallik
|t:|1760770759
|gametype|singles
|player|p1|werearewe|170|1625
|player|p2|wallik|bugsy|1672
|gen|9
|tier|[Gen 9] OU
|rated|
|rule|HP Percentage Mod: HP is shown in percentages
|rule|Endless Battle Clause: Forcing endless battles is banned
|rule|Species Clause: Limit one of each Pokémon
|rule|OHKO Clause: OHKO moves are banned
|rule|Evasion Items Clause: Evasion items are banned
|rule|Evasion Moves Clause: Evasion moves are banned
|rule|Evasion Abilities Clause: Evasion abilities are banned
|rule|Sleep Moves Clause: Sleep-inducing moves are banned
|clearpoke
|poke|p1|Ribombee, F|
|poke|p1|Cinderace, F|
|poke|p1|Ogerpon, F|
|poke|p1|Milotic, F|
|poke|p1|Kingambit, M|
|poke|p1|Empoleon, F|
|poke|p2|Cinderace, M|
|poke|p2|Great Tusk|
|poke|p2|Slowking-Galar, M|
|poke|p2|Corviknight, M|
|poke|p2|Raging Bolt|
|poke|p2|Whimsicott, M|
|teampreview
|
|t:|1760770788
|teamsize|p1|6
|teamsize|p2|6
|start
|switch|p1a: Ribombee|Ribombee, F|100/100
|switch|p2a: BrainRot|Slowking-Galar, M|100/100
|turn|1
|j| universe mon
|inactive|Battle timer is ON: inactive players will automatically lose when time's up. (requested by wallik)
|
|t:|1760770823
|move|p1a: Ribombee|Sticky Web|p2a: BrainRot
|-sidestart|p2: wallik|move: Sticky Web
|move|p2a: BrainRot|Sludge Bomb|p1a: Ribombee
|-supereffective|p1a: Ribombee
|-enditem|p1a: Ribombee|Focus Sash
|-damage|p1a: Ribombee|1/100
|
|upkeep
|turn|2
|
|t:|1760770830
|move|p1a: Ribombee|U-turn|p2a: BrainRot
|-damage|p2a: BrainRot|87/100
|c| universe mon|try not to choke this time
|c| universe mon|wanted u to beat that 19 ranker
|inactive|werearewe has 120 seconds left.
|
|t:|1760770866
|switch|p1a: Cinderace|Cinderace, F|100/100|[from] U-turn
|move|p2a: BrainRot|Future Sight|p1a: Cinderace
|-start|p2a: BrainRot|move: Future Sight
|
|upkeep
|turn|3
|c|☆wallik|who?
|c| universe mon|?
|inactive|wallik has 120 seconds left.
|c|☆werearewe|bro weezing g fucks my team so bad
|c|☆werearewe|should be an insta loss
|c| universe mon|well
|c| universe mon|u didnt get a crit
|
|t:|1760770912
|move|p1a: Cinderace|Court Change|p1a: Cinderace
|-swapsideconditions
|-activate|p1a: Cinderace|move: Court Change
|move|p2a: BrainRot|Sludge Bomb|p1a: Cinderace
|-damage|p1a: Cinderace|48/100
|
|upkeep
|turn|4
|c|☆werearewe|idk why he didnt just defog
|
|t:|1760770929
|switch|p2a: Ronaldo|Cinderace, M|100/100
|move|p1a: Cinderace|Pyro Ball|p2a: Ronaldo
|-resisted|p2a: Ronaldo
|-damage|p2a: Ronaldo|65/100
|
|-end|p1a: Cinderace|move: Future Sight
|-damage|p1a: Cinderace|0 fnt
|faint|p1a: Cinderace
|upkeep
|inactive|werearewe has 120 seconds left.
|c|☆werearewe|uh oh
|c| universe mon|?
|inactive|werearewe has 90 seconds left.
|
|t:|1760770991
|switch|p1a: Ogerpon|Ogerpon, F|100/100
|-activate|p1a: Ogerpon|move: Sticky Web
|-unboost|p1a: Ogerpon|spe|1
|-ability|p1a: Ogerpon|Defiant|boost
|-boost|p1a: Ogerpon|atk|2
|-enditem|p1a: Ogerpon|White Herb
|-clearnegativeboost|p1a: Ogerpon|[silent]
|turn|5
|
|t:|1760771003
|-terastallize|p1a: Ogerpon|Grass
|detailschange|p1a: Ogerpon|Ogerpon-Teal-Tera, F, tera:Grass
|-ability|p1a: Ogerpon|Embody Aspect (Teal)|boost
|-boost|p1a: Ogerpon|spe|1
|move|p1a: Ogerpon|Knock Off|p2a: Ronaldo
|-damage|p2a: Ronaldo|0 fnt
|-enditem|p2a: Ronaldo|Choice Band|[from] move: Knock Off|[of] p1a: Ogerpon
|faint|p2a: Ronaldo
|
|upkeep
|c| universe mon|lol
|c| universe mon|nice
|c|☆werearewe|hmm
|c|☆werearewe|i think I needed to do that
|c|☆werearewe|threat of court change
|inactive|wallik has 90 seconds left.
|c| universe mon|?????
|c| universe mon|why would he change the court
|c|☆werearewe|=if he court changes there i lose
|
|t:|1760771037
|switch|p2a: Gladys|Corviknight, M|100/100
|-ability|p2a: Gladys|Pressure
|turn|6
|c|☆werearewe|cuz of the webs
|c| universe mon|he wasnt going to
|c|☆werearewe|yeah i didnt know he was band tho
|
|t:|1760771055
|move|p1a: Ogerpon|Knock Off|p2a: Gladys
|-damage|p2a: Gladys|54/100
|-damage|p1a: Ogerpon|84/100|[from] item: Rocky Helmet|[of] p2a: Gladys
|-enditem|p2a: Gladys|Rocky Helmet|[from] move: Knock Off|[of] p1a: Ogerpon
|move|p2a: Gladys|Reflect|p2a: Gladys
|-sidestart|p2: wallik|Reflect
|
|upkeep
|turn|7
|c| universe mon|reflect>
|inactive|wallik has 90 seconds left.
|
|t:|1760771067
|move|p1a: Ogerpon|Encore|p2a: Gladys
|-start|p2a: Gladys|Encore
|move|p2a: Gladys|Reflect||[still]
|-fail|p2a: Gladys
|
|upkeep
|turn|8
|
|t:|1760771071
|switch|p2a: Whimsicott|Whimsicott, M|100/100
|move|p1a: Ogerpon|Knock Off|p2a: Whimsicott
|-resisted|p2a: Whimsicott
|-damage|p2a: Whimsicott|83/100
|-enditem|p2a: Whimsicott|Leftovers|[from] move: Knock Off|[of] p1a: Ogerpon
|
|upkeep
|turn|9
|c| universe mon|nice
|c| universe mon|what can she do?
|
|t:|1760771096
|switch|p1a: Empoleon|Empoleon, F|100/100
|-activate|p1a: Empoleon|move: Sticky Web
|-unboost|p1a: Empoleon|spe|1
|-ability|p1a: Empoleon|Competitive|boost
|-boost|p1a: Empoleon|spa|2
|move|p2a: Whimsicott|Encore||[still]
|-fail|p2a: Whimsicott
|
|upkeep
|turn|10
|inactive|werearewe has 90 seconds left.
|
|t:|1760771117
|move|p2a: Whimsicott|U-turn|p1a: Empoleon
|-resisted|p1a: Empoleon
|-damage|p1a: Empoleon|95/100
|c| universe mon|that tickled
|
|t:|1760771132
|switch|p2a: BrainRot|Slowking-Galar, M|100/100|[from] U-turn
|move|p1a: Empoleon|Ice Beam|p2a: BrainRot
|-damage|p2a: BrainRot|73/100
|
|-sideend|p2: wallik|Reflect
|upkeep
|turn|11
|c| universe mon|kill this guy
|
|t:|1760771148
|-terastallize|p2a: BrainRot|Water
|move|p1a: Empoleon|Surf|p2a: BrainRot
|-resisted|p2a: BrainRot
|-damage|p2a: BrainRot|49/100
|move|p2a: BrainRot|Fire Blast|p1a: Empoleon
|-crit|p1a: Empoleon
|-damage|p1a: Empoleon|66/100
|
|upkeep
|turn|12
|c| universe mon|wtf at crit
|c|☆werearewe|i know
|c|☆werearewe|shits rigged am i right
|
|t:|1760771166
|switch|p1a: Ribombee|Ribombee, F|1/100
|-activate|p1a: Ribombee|move: Sticky Web
|-unboost|p1a: Ribombee|spe|1
|switch|p2a: Vape God|Raging Bolt|100/100
|
|upkeep
|turn|13
|c| universe mon|yes
|
|t:|1760771174
|move|p1a: Ribombee|Moonblast|p2a: Vape God
|-supereffective|p2a: Vape God
|-damage|p2a: Vape God|30/100
|move|p2a: Vape God|Volt Switch|p1a: Ribombee
|-damage|p1a: Ribombee|0 fnt
|faint|p1a: Ribombee
|c| universe mon|LMAO
|c| universe mon|nic
|c|☆werearewe|ribombee op
|c|☆werearewe|no thunderclap?
|
|t:|1760771192
|-end|p2a: Vape God|Protosynthesis|[silent]
|switch|p2a: BrainRot|Slowking-Galar, M, tera:Water|82/100|[from] Volt Switch
|
|upkeep
|c| universe mon|hes gone lose
|c| universe mon|due to that
|c| universe mon|for sure
|
|t:|1760771203
|switch|p1a: Ogerpon|Ogerpon-Teal-Tera, F, tera:Grass|84/100
|-activate|p1a: Ogerpon|move: Sticky Web
|-unboost|p1a: Ogerpon|spe|1
|-ability|p1a: Ogerpon|Embody Aspect (Teal)|boost
|-boost|p1a: Ogerpon|spe|1
|turn|14
|
|t:|1760771210
|switch|p2a: Gladys|Corviknight, M|54/100
|-ability|p2a: Gladys|Pressure
|move|p1a: Ogerpon|Ivy Cudgel|p2a: Gladys
|-resisted|p2a: Gladys
|-damage|p2a: Gladys|42/100
|
|upkeep
|turn|15
|inactive|wallik has 120 seconds left.
|
|t:|1760771220
|move|p1a: Ogerpon|Superpower|p2a: Gladys
|-damage|p2a: Gladys|14/100
|-unboost|p1a: Ogerpon|atk|1
|-unboost|p1a: Ogerpon|def|1
|move|p2a: Gladys|U-turn|p1a: Ogerpon
|-supereffective|p1a: Ogerpon
|-damage|p1a: Ogerpon|31/100
|inactive|wallik has 120 seconds left.
|c| universe mon|ouch
|
|t:|1760771235
|switch|p2a: Whimsicott|Whimsicott, M|83/100|[from] U-turn
|
|upkeep
|turn|16
|inactive|werearewe has 120 seconds left.
|
|t:|1760771244
|move|p1a: Ogerpon|Ivy Cudgel|p2a: Whimsicott
|-resisted|p2a: Whimsicott
|-damage|p2a: Whimsicott|59/100
|move|p2a: Whimsicott|U-turn|p1a: Ogerpon
|-supereffective|p1a: Ogerpon
|-damage|p1a: Ogerpon|0 fnt
|faint|p1a: Ogerpon
|detailschange|p1: Ogerpon|Ogerpon, F|[silent]
|c| universe mon|lol
|c| universe mon|she got a kill
|c| universe mon|impressive
|
|t:|1760771259
|switch|p2a: BrainRot|Slowking-Galar, M, tera:Water|100/100|[from] U-turn
|
|upkeep
|
|t:|1760771265
|switch|p1a: Kingambit|Kingambit, M|100/100
|-activate|p1a: Kingambit|move: Sticky Web
|-unboost|p1a: Kingambit|spe|1
|-ability|p1a: Kingambit|Defiant|boost
|-boost|p1a: Kingambit|atk|2
|turn|17
|inactive|wallik has 120 seconds left.
|inactive|werearewe has 120 seconds left.
|
|t:|1760771286
|switch|p2a: Packin Purple|Great Tusk|100/100
|move|p1a: Kingambit|Low Kick|p2a: Packin Purple
|-damage|p2a: Packin Purple|33/100
|
|-heal|p2a: Packin Purple|39/100|[from] item: Leftovers
|upkeep
|turn|18
|inactive|werearewe has 120 seconds left.
|
|t:|1760771304
|move|p1a: Kingambit|Sucker Punch|p2a: Packin Purple
|-resisted|p2a: Packin Purple
|-damage|p2a: Packin Purple|10/100
|move|p2a: Packin Purple|Headlong Rush|p1a: Kingambit
|-supereffective|p1a: Kingambit
|-damage|p1a: Kingambit|13/100
|-unboost|p2a: Packin Purple|def|1
|-unboost|p2a: Packin Purple|spd|1
|
|-heal|p2a: Packin Purple|17/100|[from] item: Leftovers
|upkeep
|turn|19
|inactive|werearewe has 120 seconds left.
|
|t:|1760771318
|move|p1a: Kingambit|Sucker Punch||[still]
|-fail|p1a: Kingambit
|move|p2a: Packin Purple|Stealth Rock|p1a: Kingambit
|-sidestart|p1: werearewe|move: Stealth Rock
|
|-heal|p2a: Packin Purple|23/100|[from] item: Leftovers
|upkeep
|turn|20
|inactive|werearewe has 120 seconds left.
|
|t:|1760771341
|-end|p2a: Packin Purple|Protosynthesis|[silent]
|switch|p2a: BrainRot|Slowking-Galar, M, tera:Water|100/100
|move|p1a: Kingambit|Sucker Punch||[still]
|-fail|p1a: Kingambit
|
|upkeep
|turn|21
|
|t:|1760771354
|switch|p2a: Gladys|Corviknight, M|14/100
|-ability|p2a: Gladys|Pressure
|move|p1a: Kingambit|Sucker Punch||[still]
|-fail|p1a: Kingambit
|
|upkeep
|turn|22
|c| universe mon|wtf
|c|☆werearewe|bruh
|
|t:|1760771364
|move|p2a: Gladys|Reflect|p2a: Gladys
|-sidestart|p2: wallik|Reflect
|move|p1a: Kingambit|Kowtow Cleave|p2a: Gladys
|-damage|p2a: Gladys|0 fnt
|faint|p2a: Gladys
|
|upkeep
|
|t:|1760771372
|switch|p2a: Packin Purple|Great Tusk|23/100
|turn|23
|c| universe mon|this guy is trying hard
|
|t:|1760771377
|move|p1a: Kingambit|Sucker Punch|p2a: Packin Purple
|-resisted|p2a: Packin Purple
|-damage|p2a: Packin Purple|8/100
|move|p2a: Packin Purple|Headlong Rush|p1a: Kingambit
|-supereffective|p1a: Kingambit
|-damage|p1a: Kingambit|0 fnt
|-unboost|p2a: Packin Purple|def|1
|-unboost|p2a: Packin Purple|spd|1
|faint|p1a: Kingambit
|
|-heal|p2a: Packin Purple|14/100|[from] item: Leftovers
|upkeep
|
|t:|1760771381
|switch|p1a: Empoleon|Empoleon, F|66/100
|-activate|p1a: Empoleon|move: Sticky Web
|-unboost|p1a: Empoleon|spe|1
|-ability|p1a: Empoleon|Competitive|boost
|-boost|p1a: Empoleon|spa|2
|-damage|p1a: Empoleon|60/100|[from] Stealth Rock
|turn|24
|inactive|wallik has 120 seconds left.
|c|☆werearewe|hmm
|c|☆werearewe|idt emp lives
|inactive|wallik has 90 seconds left.
|
|t:|1760771435
|-end|p2a: Packin Purple|Protosynthesis|[silent]
|switch|p2a: BrainRot|Slowking-Galar, M, tera:Water|100/100
|move|p1a: Empoleon|Vacuum Wave|p2a: BrainRot
|-damage|p2a: BrainRot|88/100
|
|upkeep
|turn|25
|
|t:|1760771447
|switch|p1a: Milotic|Milotic, F|100/100
|-activate|p1a: Milotic|move: Sticky Web
|-unboost|p1a: Milotic|spe|1
|-ability|p1a: Milotic|Competitive|boost
|-boost|p1a: Milotic|spa|2
|-damage|p1a: Milotic|88/100|[from] Stealth Rock
|move|p2a: BrainRot|Fire Blast|p1a: Milotic
|-resisted|p1a: Milotic
|-damage|p1a: Milotic|80/100
|
|upkeep
|turn|26
|
|t:|1760771454
|move|p1a: Milotic|Scald|p2a: BrainRot
|-resisted|p2a: BrainRot
|-damage|p2a: BrainRot|71/100
|move|p2a: BrainRot|Sludge Bomb|p1a: Milotic
|-damage|p1a: Milotic|60/100
|-status|p1a: Milotic|psn
|
|-damage|p1a: Milotic|47/100 psn|[from] psn
|-sideend|p2: wallik|Reflect
|upkeep
|turn|27
|c| universe mon|man
|c|☆werearewe|this is gg sadly
|-message|werearewe forfeited.
|
|win|wallik
|raw|werearewe's rating: 1641 &rarr; <strong>1623</strong><br />(-18 for losing)
|raw|wallik's rating: 1672 &rarr; <strong>1690</strong><br />(+18 for winning)
|j| wgw2333
|c| universe mon|u lost to this?
|c|☆werearewe|lol
|c|☆wallik|gg
|l| wgw2333
|c|☆werearewe|i lowkey do not have a phenominal wr with thois team
|c|☆werearewe|i did another
