|j|‽Krusher Kane
|j|☆olibenjafelps
|t:|1760720227
|gametype|singles
|player|p1|Krusher Kane|1|1079
|player|p2|olibenjafelps|iris-gen5bw2|1138
|gen|9
|tier|[Gen 9] OU
|rated|
|rule|HP Percentage Mod: HP is shown in percentages
|rule|Endless Battle Clause: Forcing endless battles is banned
|rule|Species Clause: Limit one of each Pokémon
|rule|OHKO Clause: OHKO moves are banned
|rule|Evasion Items Clause: Evasion items are banned
|rule|Evasion Moves Clause: Evasion moves are banned
|rule|Evasion Abilities Clause: Evasion abilities are banned
|rule|Sleep Moves Clause: Sleep-inducing moves are banned
|clearpoke
|poke|p1|Falinks|
|poke|p1|Mimikyu, M|
|poke|p1|Kyurem|
|poke|p1|Metagross|
|poke|p1|Morpeko, M|
|poke|p1|Iron Jugulis|
|poke|p2|Goodra-Hisui, F|
|poke|p2|Cramorant, M|
|poke|p2|Quagsire, M|
|poke|p2|Lokix, M|
|poke|p2|Whimsicott, M|
|poke|p2|Landorus-Therian, M|
|teampreview
|inactive|Battle timer is ON: inactive players will automatically lose when time's up. (requested by olibenjafelps)
|
|t:|1760720243
|teamsize|p1|6
|teamsize|p2|6
|start
|switch|p1a: Kyurem|Kyurem|100/100
|switch|p2a: Balofo|Landorus-Therian, M|100/100
|-ability|p1a: Kyurem|Pressure
|-ability|p2a: Balofo|Intimidate|boost
|-unboost|p1a: Kyurem|atk|1
|turn|1
|
|t:|1760720265
|switch|p2a: Bel|Goodra-Hisui, F|100/100
|move|p1a: Kyurem|Freeze-Dry|p2a: Bel
|-damage|p2a: Bel|63/100
|-status|p2a: Bel|frz
|
|upkeep
|turn|2
|inactive|olibenjafelps has 120 seconds left.
|inactive|olibenjafelps has 90 seconds left.
|
|t:|1760720351
|move|p1a: Kyurem|Freeze-Dry|p2a: Bel
|-damage|p2a: Bel|27/100 frz
|cant|p2a: Bel|frz
|
|upkeep
|turn|3
|
|t:|1760720365
|move|p1a: Kyurem|Freeze-Dry|p2a: Bel
|-damage|p2a: Bel|0 fnt
|faint|p2a: Bel
|
|upkeep
|
|t:|1760720384
|switch|p2a: Mete|Quagsire, M, shiny|100/100
|turn|4
|
|t:|1760720398
|move|p1a: Kyurem|Freeze-Dry|p2a: Mete
|-supereffective|p2a: Mete
|-damage|p2a: Mete|0 fnt
|faint|p2a: Mete
|
|upkeep
|inactive|olibenjafelps has 60 seconds left.
|
|t:|1760720444
|switch|p2a: Vinicin|Whimsicott, M|100/100
|turn|5
|inactive|olibenjafelps has 30 seconds left.
|
|t:|1760720460
|move|p2a: Vinicin|Tailwind|p2a: Vinicin
|-sidestart|p2: olibenjafelps|move: Tailwind
|move|p1a: Kyurem|Freeze-Dry|p2a: Vinicin
|-supereffective|p2a: Vinicin
|-damage|p2a: Vinicin|0 fnt
|faint|p2a: Vinicin
|
|upkeep
|
|t:|1760720463
|switch|p2a: Totoro|Lokix, M, shiny|100/100
|turn|6
|inactive|olibenjafelps has 30 seconds left.
|
|t:|1760720485
|switch|p1a: Iron Jugulis|Iron Jugulis|100/100
|move|p2a: Totoro|Knock Off|p1a: Iron Jugulis
|-resisted|p1a: Iron Jugulis
|-damage|p1a: Iron Jugulis|15/100
|-enditem|p1a: Iron Jugulis|Choice Specs|[from] move: Knock Off|[of] p2a: Totoro
|
|upkeep
|turn|7
|inactive|olibenjafelps has 30 seconds left.
|
|t:|1760720503
|move|p2a: Totoro|Knock Off|p1a: Iron Jugulis
|-resisted|p1a: Iron Jugulis
|-damage|p1a: Iron Jugulis|0 fnt
|faint|p1a: Iron Jugulis
|-end|p1a: Iron Jugulis|Quark Drive|[silent]
|
|upkeep
|
|t:|1760720508
|switch|p1a: Falinks|Falinks, shiny|100/100
|turn|8
|
|t:|1760720515
|move|p2a: Totoro|Knock Off|p1a: Falinks
|-resisted|p1a: Falinks
|-crit|p1a: Falinks
|-enditem|p1a: Falinks|Focus Sash
|-damage|p1a: Falinks|1/100
|move|p1a: Falinks|Close Combat|p2a: Totoro
|-damage|p2a: Totoro|13/100
|-unboost|p1a: Falinks|def|1
|-unboost|p1a: Falinks|spd|1
|
|-sideend|p2: olibenjafelps|move: Tailwind
|upkeep
|turn|9
|
|t:|1760720527
|move|p2a: Totoro|Knock Off|p1a: Falinks
|-resisted|p1a: Falinks
|-damage|p1a: Falinks|0 fnt
|faint|p1a: Falinks
|
|upkeep
|
|t:|1760720531
|switch|p1a: Kyurem|Kyurem|100/100
|-ability|p1a: Kyurem|Pressure
|turn|10
|
|t:|1760720541
|switch|p2a: Balofo|Landorus-Therian, M|100/100
|-ability|p2a: Balofo|Intimidate|boost
|-unboost|p1a: Kyurem|atk|1
|move|p1a: Kyurem|Freeze-Dry|p2a: Balofo
|-supereffective|p2a: Balofo
|-damage|p2a: Balofo|0 fnt
|faint|p2a: Balofo
|
|upkeep
|
|t:|1760720545
|switch|p2a: Totoro|Lokix, M, shiny|13/100
|turn|11
|
|t:|1760720555
|-terastallize|p2a: Totoro|Bug
|move|p2a: Totoro|First Impression|p1a: Kyurem
|-damage|p1a: Kyurem|17/100
|move|p1a: Kyurem|Freeze-Dry|p2a: Totoro
|-damage|p2a: Totoro|0 fnt
|faint|p2a: Totoro
|
|upkeep
|inactive|olibenjafelps has 60 seconds left.
|
|t:|1760720562
|switch|p2a: Eskimozin|Cramorant, M, shiny|100/100
|turn|12
|
|t:|1760720576
|-terastallize|p1a: Kyurem|Dragon
|move|p1a: Kyurem|Freeze-Dry|p2a: Eskimozin
|-supereffective|p2a: Eskimozin
|-damage|p2a: Eskimozin|0 fnt
|faint|p2a: Eskimozin
|
|win|Krusher Kane
|raw|Krusher Kane's rating: 1079 &rarr; <strong>1112</strong><br />(+33 for winning)
|raw|olibenjafelps's rating: 1138 &rarr; <strong>1109</strong><br />(-29 for losing)
|l|‽Krusher Kane
|player|p1|
|l|☆olibenjafelps
|player|p2|
