|j|☆mannyteman
|j|☆Systematoothpaste
|t:|1760883519
|gametype|singles
|player|p1|mannyteman|lucas|1026
|player|p2|Systematoothpaste|nate|1000
|gen|9
|tier|[Gen 9] OU
|rated|
|rule|HP Percentage Mod: HP is shown in percentages
|rule|Endless Battle Clause: Forcing endless battles is banned
|rule|Species Clause: Limit one of each Pokémon
|rule|OHKO Clause: OHKO moves are banned
|rule|Evasion Items Clause: Evasion items are banned
|rule|Evasion Moves Clause: Evasion moves are banned
|rule|Evasion Abilities Clause: Evasion abilities are banned
|rule|Sleep Moves Clause: Sleep-inducing moves are banned
|clearpoke
|poke|p1|Mew|
|poke|p1|Dusknoir, M|
|poke|p1|Lucario, M|
|poke|p1|Snorlax, M|
|poke|p1|Drowzee, M|
|poke|p1|Chansey, F|
|poke|p2|Sunkern, F|
|poke|p2|Magikarp, M|
|poke|p2|Feebas, F|
|poke|p2|Oddish, F|
|poke|p2|Venonat, F|
|poke|p2|Tatsugiri, F|
|teampreview
|inactive|Battle timer is ON: inactive players will automatically lose when time's up. (requested by mannyteman)
|
|t:|1760883538
|teamsize|p1|6
|teamsize|p2|6
|start
|switch|p1a: Lucario|Lucario, M|100/100
|switch|p2a: Tatsugiri|Tatsugiri, F|100/100
|turn|1
|
|t:|1760883548
|move|p2a: Tatsugiri|Memento|p1a: Lucario
|-unboost|p1a: Lucario|atk|2
|-unboost|p1a: Lucario|spa|2
|faint|p2a: Tatsugiri
|move|p1a: Lucario|Bulk Up|p1a: Lucario
|-boost|p1a: Lucario|atk|1
|-boost|p1a: Lucario|def|1
|
|upkeep
|
|t:|1760883558
|switch|p2a: Sunkern|Sunkern, F|100/100
|turn|2
|
|t:|1760883562
|move|p1a: Lucario|Bulk Up|p1a: Lucario
|-boost|p1a: Lucario|atk|1
|-boost|p1a: Lucario|def|1
|move|p2a: Sunkern|Endeavor|p1a: Lucario
|-damage|p1a: Lucario|94/100
|
|upkeep
|turn|3
|
|t:|1760883571
|move|p1a: Lucario|Bulk Up|p1a: Lucario
|-boost|p1a: Lucario|atk|1
|-boost|p1a: Lucario|def|1
|move|p2a: Sunkern|Encore|p1a: Lucario
|-start|p1a: Lucario|Encore
|
|upkeep
|turn|4
|
|t:|1760883577
|move|p1a: Lucario|Bulk Up|p1a: Lucario
|-boost|p1a: Lucario|atk|1
|-boost|p1a: Lucario|def|1
|move|p2a: Sunkern|Leech Seed|p1a: Lucario
|-start|p1a: Lucario|move: Leech Seed
|
|-damage|p1a: Lucario|82/100|[from] Leech Seed|[of] p2a: Sunkern
|upkeep
|turn|5
|
|t:|1760883591
|move|p1a: Lucario|Bulk Up|p1a: Lucario
|-boost|p1a: Lucario|atk|1
|-boost|p1a: Lucario|def|1
|move|p2a: Sunkern|Encore||[still]
|-fail|p2a: Sunkern
|
|-damage|p1a: Lucario|69/100|[from] Leech Seed|[of] p2a: Sunkern
|upkeep
|turn|6
|
|t:|1760883600
|move|p1a: Lucario|Bulk Up|p1a: Lucario
|-boost|p1a: Lucario|atk|1
|-boost|p1a: Lucario|def|1
|move|p2a: Sunkern|Encore||[still]
|-fail|p2a: Sunkern
|
|-damage|p1a: Lucario|57/100|[from] Leech Seed|[of] p2a: Sunkern
|-end|p1a: Lucario|Encore
|upkeep
|turn|7
|
|t:|1760883608
|move|p2a: Sunkern|Protect|p2a: Sunkern
|-singleturn|p2a: Sunkern|Protect
|move|p1a: Lucario|Metronome|p1a: Lucario
|move|p1a: Lucario|Bulldoze|p2a: Sunkern|[from] move: Metronome
|-activate|p2a: Sunkern|move: Protect
|
|-damage|p1a: Lucario|44/100|[from] Leech Seed|[of] p2a: Sunkern
|upkeep
|-enditem|p1a: Lucario|Sitrus Berry|[eat]
|-heal|p1a: Lucario|69/100|[from] item: Sitrus Berry
|turn|8
|
|t:|1760883620
|move|p1a: Lucario|Rest|p1a: Lucario
|-status|p1a: Lucario|slp|[from] move: Rest
|-heal|p1a: Lucario|100/100 slp|[silent]
|move|p2a: Sunkern|Encore|p1a: Lucario
|-start|p1a: Lucario|Encore
|
|-damage|p1a: Lucario|88/100 slp|[from] Leech Seed|[of] p2a: Sunkern
|upkeep
|turn|9
|
|t:|1760883635
|switch|p1a: Drowzee|Drowzee, M|100/100
|-activate|p1a: Drowzee|ability: Forewarn|Endeavor|[of] p2a: Sunkern
|move|p2a: Sunkern|Protect||[still]
|-fail|p2a: Sunkern
|
|-damage|p1a: Drowzee|88/100|[from] item: Black Sludge
|upkeep
|turn|10
|
|t:|1760883642
|move|p2a: Sunkern|Encore||[still]
|-fail|p2a: Sunkern
|move|p1a: Drowzee|Trick|p2a: Sunkern
|-activate|p1a: Drowzee|move: Trick|[of] p2a: Sunkern
|-item|p2a: Sunkern|Black Sludge|[from] move: Trick
|-item|p1a: Drowzee|Focus Sash|[from] move: Trick
|
|-damage|p2a: Sunkern|88/100|[from] item: Black Sludge
|upkeep
|turn|11
|
|t:|1760883663
|move|p2a: Sunkern|Encore|p1a: Drowzee
|-start|p1a: Drowzee|Encore
|move|p1a: Drowzee|Trick|p2a: Sunkern
|-activate|p1a: Drowzee|move: Trick|[of] p2a: Sunkern
|-item|p2a: Sunkern|Focus Sash|[from] move: Trick
|-item|p1a: Drowzee|Black Sludge|[from] move: Trick
|
|-damage|p1a: Drowzee|76/100|[from] item: Black Sludge
|upkeep
|turn|12
|
|t:|1760883674
|move|p2a: Sunkern|Leech Seed|p1a: Drowzee|[miss]
|-miss|p2a: Sunkern|p1a: Drowzee
|move|p1a: Drowzee|Trick|p2a: Sunkern
|-activate|p1a: Drowzee|move: Trick|[of] p2a: Sunkern
|-item|p2a: Sunkern|Black Sludge|[from] move: Trick
|-item|p1a: Drowzee|Focus Sash|[from] move: Trick
|
|-damage|p2a: Sunkern|76/100|[from] item: Black Sludge
|upkeep
|turn|13
|
|t:|1760883700
|switch|p1a: Mew|Mew, shiny|100/100
|move|p2a: Sunkern|Leech Seed|p1a: Mew|[miss]
|-miss|p2a: Sunkern|p1a: Mew
|
|-damage|p2a: Sunkern|64/100|[from] item: Black Sludge
|upkeep
|turn|14
|
|t:|1760883711
|move|p1a: Mew|Metronome|p1a: Mew
|move|p1a: Mew|Avalanche|p2a: Sunkern|[from] move: Metronome
|-supereffective|p2a: Sunkern
|-damage|p2a: Sunkern|0 fnt
|faint|p2a: Sunkern
|
|upkeep
|
|t:|1760883717
|switch|p2a: Magikarp|Magikarp, M|100/100
|turn|15
|inactive|Systematoothpaste has 120 seconds left.
|
|t:|1760883743
|move|p1a: Mew|Light Screen|p1a: Mew
|-sidestart|p1: mannyteman|move: Light Screen
|move|p2a: Magikarp|Splash|p2a: Magikarp
|-nothing
|
|upkeep
|turn|16
|c|☆mannyteman|r u one of those troll youtubers
|c|☆Systematoothpaste|No
|inactive|Systematoothpaste has 120 seconds left.
|c|☆Systematoothpaste|Just funny
|
|t:|1760883760
|move|p1a: Mew|Metronome|p1a: Mew
|move|p1a: Mew|Hold Back|p2a: Magikarp|[from] move: Metronome
|-damage|p2a: Magikarp|78/100
|move|p2a: Magikarp|Splash|p2a: Magikarp
|-nothing
|
|upkeep
|turn|17
|
|t:|1760883769
|switch|p2a: Oddish|Oddish, F|100/100
|move|p1a: Mew|Metronome|p1a: Mew
|move|p1a: Mew|Poison Sting|p2a: Oddish|[from] move: Metronome
|-damage|p2a: Oddish|92/100
|
|upkeep
|turn|18
|
|t:|1760883778
|move|p1a: Mew|Metronome|p1a: Mew
|move|p1a: Mew|Spirit Shackle|p2a: Oddish|[from] move: Metronome
|-damage|p2a: Oddish|52/100
|-activate|p2a: Oddish|trapped
|move|p2a: Oddish|Leech Seed|p1a: Mew
|-start|p1a: Mew|move: Leech Seed
|
|-damage|p1a: Mew|88/100|[from] Leech Seed|[of] p2a: Oddish
|-heal|p2a: Oddish|66/100|[silent]
|upkeep
|turn|19
|
|t:|1760883796
|switch|p1a: Snorlax|Snorlax, M|100/100
|move|p2a: Oddish|Giga Drain|p1a: Snorlax
|-damage|p1a: Snorlax|89/100
|-heal|p2a: Oddish|75/100|[from] drain|[of] p1a: Snorlax
|
|-sideend|p1: mannyteman|move: Light Screen
|upkeep
|turn|20
|
|t:|1760883803
|move|p1a: Snorlax|Belly Drum|p1a: Snorlax
|-damage|p1a: Snorlax|39/100
|-setboost|p1a: Snorlax|atk|6|[from] move: Belly Drum
|-enditem|p1a: Snorlax|Sitrus Berry|[eat]
|-heal|p1a: Snorlax|64/100|[from] item: Sitrus Berry
|move|p2a: Oddish|Leech Seed|p1a: Snorlax
|-start|p1a: Snorlax|move: Leech Seed
|
|-damage|p1a: Snorlax|52/100|[from] Leech Seed|[of] p2a: Oddish
|-heal|p2a: Oddish|94/100|[silent]
|upkeep
|turn|21
|
|t:|1760883813
|move|p2a: Oddish|Leaf Storm|p1a: Snorlax
|-damage|p1a: Snorlax|15/100
|-unboost|p2a: Oddish|spa|2
|move|p1a: Snorlax|Metronome|p1a: Snorlax
|move|p1a: Snorlax|Sky Attack||[from] move: Metronome|[still]
|-prepare|p1a: Snorlax|Sky Attack
|
|-damage|p1a: Snorlax|3/100|[from] Leech Seed|[of] p2a: Oddish
|-heal|p2a: Oddish|100/100|[silent]
|upkeep
|turn|22
|
|t:|1760883824
|move|p2a: Oddish|Giga Drain|p1a: Snorlax
|-damage|p1a: Snorlax|0 fnt
|faint|p1a: Snorlax
|
|upkeep
|c|☆Systematoothpaste|Idk how that happened I made this team as a joke
|
|t:|1760883849
|switch|p1a: Drowzee|Drowzee, M|76/100
|-activate|p1a: Drowzee|ability: Forewarn|Leaf Storm|[of] p2a: Oddish
|turn|23
|c|☆mannyteman|this is ridiculous
|inactive|mannyteman has 120 seconds left.
|c|☆mannyteman|if u win upload this to youtube
|c|☆Systematoothpaste|Uh sure
|
|t:|1760883875
|move|p1a: Drowzee|Metronome|p1a: Drowzee
|move|p1a: Drowzee|Charge Beam|p2a: Oddish|[from] move: Metronome
|-resisted|p2a: Oddish
|-damage|p2a: Oddish|93/100
|move|p2a: Oddish|Leech Seed|p1a: Drowzee
|-start|p1a: Drowzee|move: Leech Seed
|
|-damage|p1a: Drowzee|64/100|[from] Leech Seed|[of] p2a: Oddish
|-heal|p2a: Oddish|100/100|[silent]
|upkeep
|turn|24
|
|t:|1760883888
|move|p1a: Drowzee|Metronome|p1a: Drowzee
|move|p1a: Drowzee|Malignant Chain|p2a: Oddish|[from] move: Metronome
|-damage|p2a: Oddish|71/100
|move|p2a: Oddish|Giga Drain|p1a: Drowzee
|-crit|p1a: Drowzee
|-damage|p1a: Drowzee|4/100
|-heal|p2a: Oddish|98/100|[from] drain|[of] p1a: Drowzee
|
|-damage|p1a: Drowzee|0 fnt|[from] Leech Seed|[of] p2a: Oddish
|-heal|p2a: Oddish|100/100|[silent]
|faint|p1a: Drowzee
|upkeep
|
|t:|1760883899
|switch|p1a: Mew|Mew, shiny|88/100
|turn|25
|
|t:|1760883903
|move|p1a: Mew|Light Screen|p1a: Mew
|-sidestart|p1: mannyteman|move: Light Screen
|move|p2a: Oddish|Leech Seed|p1a: Mew
|-start|p1a: Mew|move: Leech Seed
|
|-damage|p1a: Mew|76/100|[from] Leech Seed|[of] p2a: Oddish
|upkeep
|turn|26
|c|☆mannyteman|just tag @mannyteman
|inactive|mannyteman has 120 seconds left.
|
|t:|1760883917
|move|p1a: Mew|Metronome|p1a: Mew
|move|p1a: Mew|Power Whip|p2a: Oddish|[from] move: Metronome
|-resisted|p2a: Oddish
|-damage|p2a: Oddish|87/100
|move|p2a: Oddish|Giga Drain|p1a: Mew
|-damage|p1a: Mew|68/100
|-heal|p2a: Oddish|92/100|[from] drain|[of] p1a: Mew
|
|-damage|p1a: Mew|56/100|[from] Leech Seed|[of] p2a: Oddish
|-heal|p2a: Oddish|100/100|[silent]
|upkeep
|turn|27
|
|t:|1760883930
|move|p1a: Mew|Metronome|p1a: Mew
|move|p1a: Mew|Bone Rush|p2a: Oddish|[from] move: Metronome
|-damage|p2a: Oddish|87/100
|-damage|p2a: Oddish|75/100
|-hitcount|p2a: Oddish|2
|move|p2a: Oddish|Giga Drain|p1a: Mew
|-damage|p1a: Mew|48/100
|-heal|p2a: Oddish|80/100|[from] drain|[of] p1a: Mew
|-enditem|p1a: Mew|Sitrus Berry|[eat]
|-heal|p1a: Mew|73/100|[from] item: Sitrus Berry
|
|-damage|p1a: Mew|60/100|[from] Leech Seed|[of] p2a: Oddish
|-heal|p2a: Oddish|94/100|[silent]
|upkeep
|turn|28
|c|☆mannyteman|we both have such cooked strats
|
|t:|1760883943
|move|p1a: Mew|Metronome|p1a: Mew
|move|p1a: Mew|Double Hit|p2a: Oddish|[from] move: Metronome
|-damage|p2a: Oddish|77/100
|-damage|p2a: Oddish|61/100
|-hitcount|p2a: Oddish|2
|move|p2a: Oddish|Giga Drain|p1a: Mew
|-damage|p1a: Mew|52/100
|-heal|p2a: Oddish|65/100|[from] drain|[of] p1a: Mew
|
|-damage|p1a: Mew|40/100|[from] Leech Seed|[of] p2a: Oddish
|-heal|p2a: Oddish|80/100|[silent]
|upkeep
|turn|29
|
|t:|1760883955
|switch|p1a: Lucario|Lucario, M|88/100 slp
|move|p2a: Oddish|Energy Ball|p1a: Lucario
|-resisted|p1a: Lucario
|-crit|p1a: Lucario
|-damage|p1a: Lucario|45/100 slp
|-unboost|p1a: Lucario|spd|1
|
|-sideend|p1: mannyteman|move: Light Screen
|upkeep
|turn|30
|
|t:|1760883967
|cant|p1a: Lucario|slp
|move|p1a: Lucario|Sleep Talk|p1a: Lucario
|move|p1a: Lucario|Bulk Up|p1a: Lucario|[from] move: Sleep Talk
|-boost|p1a: Lucario|atk|1
|-boost|p1a: Lucario|def|1
|move|p2a: Oddish|Giga Drain|p1a: Lucario
|-resisted|p1a: Lucario
|-damage|p1a: Lucario|27/100 slp
|-heal|p2a: Oddish|89/100|[from] drain|[of] p1a: Lucario
|
|upkeep
|turn|31
|
|t:|1760883977
|cant|p1a: Lucario|slp
|move|p2a: Oddish|Giga Drain|p1a: Lucario
|-resisted|p1a: Lucario
|-damage|p1a: Lucario|10/100 slp
|-heal|p2a: Oddish|97/100|[from] drain|[of] p1a: Lucario
|
|upkeep
|turn|32
|
|t:|1760883984
|-curestatus|p1a: Lucario|slp|[msg]
|move|p1a: Lucario|Rest|p1a: Lucario
|-status|p1a: Lucario|slp|[from] move: Rest
|-heal|p1a: Lucario|100/100 slp|[silent]
|move|p2a: Oddish|Giga Drain|p1a: Lucario
|-resisted|p1a: Lucario
|-damage|p1a: Lucario|85/100 slp
|-heal|p2a: Oddish|100/100|[from] drain|[of] p1a: Lucario
|
|upkeep
|turn|33
|
|t:|1760883993
|cant|p1a: Lucario|slp
|move|p1a: Lucario|Sleep Talk|p1a: Lucario
|move|p1a: Lucario|Rest||[from] move: Sleep Talk|[still]
|-fail|p1a: Lucario
|move|p2a: Oddish|Energy Ball|p1a: Lucario
|-resisted|p1a: Lucario
|-damage|p1a: Lucario|63/100 slp
|
|upkeep
|turn|34
|
|t:|1760884003
|cant|p1a: Lucario|slp
|move|p1a: Lucario|Sleep Talk|p1a: Lucario
|move|p1a: Lucario|Bulk Up|p1a: Lucario|[from] move: Sleep Talk
|-boost|p1a: Lucario|atk|1
|-boost|p1a: Lucario|def|1
|move|p2a: Oddish|Leech Seed|p1a: Lucario
|-start|p1a: Lucario|move: Leech Seed
|
|-damage|p1a: Lucario|51/100 slp|[from] Leech Seed|[of] p2a: Oddish
|upkeep
|turn|35
|
|t:|1760884016
|-curestatus|p1a: Lucario|slp|[msg]
|move|p1a: Lucario|Metronome|p1a: Lucario
|move|p1a: Lucario|Aurora Veil||[from] move: Metronome|[still]
|-fail|p1a: Lucario
|move|p2a: Oddish|Energy Ball|p1a: Lucario
|-resisted|p1a: Lucario
|-damage|p1a: Lucario|32/100
|
|-damage|p1a: Lucario|19/100|[from] Leech Seed|[of] p2a: Oddish
|upkeep
|turn|36
|
|t:|1760884026
|move|p1a: Lucario|Metronome|p1a: Lucario
|move|p1a: Lucario|Pay Day|p2a: Oddish|[from] move: Metronome
|-damage|p2a: Oddish|55/100
|move|p2a: Oddish|Giga Drain|p1a: Lucario
|-resisted|p1a: Lucario
|-damage|p1a: Lucario|2/100
|-heal|p2a: Oddish|63/100|[from] drain|[of] p1a: Lucario
|
|-damage|p1a: Lucario|0 fnt|[from] Leech Seed|[of] p2a: Oddish
|-heal|p2a: Oddish|65/100|[silent]
|faint|p1a: Lucario
|upkeep
|
|t:|1760884036
|switch|p1a: Mew|Mew, shiny|40/100
|turn|37
|
|t:|1760884042
|move|p1a: Mew|Light Screen|p1a: Mew
|-sidestart|p1: mannyteman|move: Light Screen
|move|p2a: Oddish|Leaf Storm|p1a: Mew|[miss]
|-miss|p2a: Oddish|p1a: Mew
|
|upkeep
|turn|38
|
|t:|1760884051
|move|p1a: Mew|Metronome|p1a: Mew
|move|p1a: Mew|Stomp|p2a: Oddish|[from] move: Metronome
|-damage|p2a: Oddish|31/100
|move|p2a: Oddish|Giga Drain|p1a: Mew
|-damage|p1a: Mew|32/100
|-heal|p2a: Oddish|36/100|[from] drain|[of] p1a: Mew
|
|upkeep
|turn|39
|
|t:|1760884058
|move|p1a: Mew|Metronome|p1a: Mew
|move|p1a: Mew|Terrain Pulse|p2a: Oddish|[from] move: Metronome
|-damage|p2a: Oddish|14/100
|move|p2a: Oddish|Leech Seed|p1a: Mew
|-start|p1a: Mew|move: Leech Seed
|
|-damage|p1a: Mew|20/100|[from] Leech Seed|[of] p2a: Oddish
|-heal|p2a: Oddish|28/100|[silent]
|upkeep
|turn|40
|
|t:|1760884068
|move|p1a: Mew|Metronome|p1a: Mew
|move|p1a: Mew|Teatime||[from] move: Metronome|[still]
|-fieldactivate|move: Teatime
|-fail|p1a: Mew|move: Teatime
|move|p2a: Oddish|Giga Drain|p1a: Mew
|-damage|p1a: Mew|13/100
|-heal|p2a: Oddish|32/100|[from] drain|[of] p1a: Mew
|
|-damage|p1a: Mew|0 fnt|[from] Leech Seed|[of] p2a: Oddish
|-heal|p2a: Oddish|46/100|[silent]
|faint|p1a: Mew
|upkeep
|
|t:|1760884077
|switch|p1a: Dusknoir|Dusknoir, M|100/100
|-ability|p1a: Dusknoir|Pressure
|turn|41
|
|t:|1760884086
|move|p1a: Dusknoir|Calm Mind|p1a: Dusknoir
|-boost|p1a: Dusknoir|spa|1
|-boost|p1a: Dusknoir|spd|1
|move|p2a: Oddish|Leech Seed|p1a: Dusknoir
|-start|p1a: Dusknoir|move: Leech Seed
|
|-damage|p1a: Dusknoir|88/100|[from] Leech Seed|[of] p2a: Oddish
|-heal|p2a: Oddish|58/100|[silent]
|-sideend|p1: mannyteman|move: Light Screen
|upkeep
|turn|42
|
|t:|1760884095
|move|p1a: Dusknoir|Metronome|p1a: Dusknoir
|move|p1a: Dusknoir|Heal Pulse|p2a: Oddish|[from] move: Metronome
|-heal|p2a: Oddish|100/100
|move|p2a: Oddish|Giga Drain|p1a: Dusknoir
|-damage|p1a: Dusknoir|78/100
|
|-damage|p1a: Dusknoir|66/100|[from] Leech Seed|[of] p2a: Oddish
|upkeep
|turn|43
|c|☆mannyteman|WHAT
|
|t:|1760884106
|move|p1a: Dusknoir|Pain Split|p2a: Oddish
|-sethp|p2a: Oddish|80/100|[from] move: Pain Split|[silent]
|-sethp|p1a: Dusknoir|88/100|[from] move: Pain Split
|move|p2a: Oddish|Energy Ball|p1a: Dusknoir
|-damage|p1a: Dusknoir|76/100
|
|-damage|p1a: Dusknoir|64/100|[from] Leech Seed|[of] p2a: Oddish
|-heal|p2a: Oddish|91/100|[silent]
|upkeep
|turn|44
|
|t:|1760884117
|move|p1a: Dusknoir|Metronome|p1a: Dusknoir
|move|p1a: Dusknoir|Stomping Tantrum|p2a: Oddish|[from] move: Metronome
|-damage|p2a: Oddish|57/100
|move|p2a: Oddish|Energy Ball|p1a: Dusknoir
|-damage|p1a: Dusknoir|51/100
|
|-damage|p1a: Dusknoir|39/100|[from] Leech Seed|[of] p2a: Oddish
|-heal|p2a: Oddish|68/100|[silent]
|upkeep
|turn|45
|
|t:|1760884129
|move|p1a: Dusknoir|Metronome|p1a: Dusknoir
|move|p1a: Dusknoir|Tar Shot|p2a: Oddish|[from] move: Metronome
|-unboost|p2a: Oddish|spe|1
|-start|p2a: Oddish|Tar Shot
|move|p2a: Oddish|Energy Ball|p1a: Dusknoir
|-damage|p1a: Dusknoir|27/100
|
|-damage|p1a: Dusknoir|15/100|[from] Leech Seed|[of] p2a: Oddish
|-heal|p2a: Oddish|79/100|[silent]
|upkeep
|turn|46
|
|t:|1760884139
|move|p1a: Dusknoir|Pain Split|p2a: Oddish
|-sethp|p2a: Oddish|46/100|[from] move: Pain Split|[silent]
|-sethp|p1a: Dusknoir|51/100|[from] move: Pain Split
|move|p2a: Oddish|Energy Ball|p1a: Dusknoir
|-damage|p1a: Dusknoir|40/100
|
|-damage|p1a: Dusknoir|28/100|[from] Leech Seed|[of] p2a: Oddish
|-heal|p2a: Oddish|58/100|[silent]
|upkeep
|turn|47
|
|t:|1760884150
|move|p1a: Dusknoir|Metronome|p1a: Dusknoir
|move|p1a: Dusknoir|Recover|p1a: Dusknoir|[from] move: Metronome
|-heal|p1a: Dusknoir|78/100
|move|p2a: Oddish|Energy Ball|p1a: Dusknoir
|-damage|p1a: Dusknoir|67/100
|
|-damage|p1a: Dusknoir|55/100|[from] Leech Seed|[of] p2a: Oddish
|-heal|p2a: Oddish|69/100|[silent]
|upkeep
|turn|48
|
|t:|1760884159
|move|p1a: Dusknoir|Metronome|p1a: Dusknoir
|move|p1a: Dusknoir|Memento|p2a: Oddish|[from] move: Metronome
|-unboost|p2a: Oddish|atk|2
|-unboost|p2a: Oddish|spa|2
|faint|p1a: Dusknoir
|move|p2a: Oddish|Giga Drain|p1: Dusknoir|[notarget]
|-fail|p2a: Oddish
|
|upkeep
|
|t:|1760884166
|switch|p1a: Chansey|Chansey, F|100/100
|turn|49
|c|☆mannyteman|bruh
|
|t:|1760884175
|move|p1a: Chansey|Substitute|p1a: Chansey
|-start|p1a: Chansey|Substitute
|-damage|p1a: Chansey|76/100
|move|p2a: Oddish|Leech Seed||[still]
|-fail|p2a: Oddish
|
|upkeep
|turn|50
|
|t:|1760884186
|switch|p2a: Venonat|Venonat, F|100/100
|move|p1a: Chansey|Metronome|p1a: Chansey
|move|p1a: Chansey|Calm Mind|p1a: Chansey|[from] move: Metronome
|-boost|p1a: Chansey|spa|1
|-boost|p1a: Chansey|spd|1
|
|upkeep
|turn|51
|
|t:|1760884199
|move|p1a: Chansey|Metronome|p1a: Chansey
|move|p1a: Chansey|Powder Snow|p2a: Venonat|[from] move: Metronome
|-damage|p2a: Venonat|91/100
|move|p2a: Venonat|Toxic||[still]
|-fail|p2a: Venonat
|
|upkeep
|turn|52
|
|t:|1760884207
|move|p1a: Chansey|Metronome|p1a: Chansey
|move|p1a: Chansey|Double Hit|p2a: Venonat|[from] move: Metronome
|-damage|p2a: Venonat|81/100
|-damage|p2a: Venonat|72/100
|-hitcount|p2a: Venonat|2
|move|p2a: Venonat|Endeavor|p1a: Chansey
|-end|p1a: Chansey|Substitute
|
|upkeep
|turn|53
|
|t:|1760884217
|move|p1a: Chansey|Substitute|p1a: Chansey
|-start|p1a: Chansey|Substitute
|-damage|p1a: Chansey|51/100
|move|p2a: Venonat|Toxic||[still]
|-fail|p2a: Venonat
|
|upkeep
|turn|54
|
|t:|1760884223
|move|p1a: Chansey|Soft-Boiled|p1a: Chansey
|-heal|p1a: Chansey|100/100
|move|p2a: Venonat|Endeavor|p1a: Chansey
|-end|p1a: Chansey|Substitute
|
|upkeep
|turn|55
|
|t:|1760884232
|move|p1a: Chansey|Substitute|p1a: Chansey
|-start|p1a: Chansey|Substitute
|-damage|p1a: Chansey|76/100
|move|p2a: Venonat|Endeavor|p1a: Chansey
|-end|p1a: Chansey|Substitute
|
|upkeep
|turn|56
|
|t:|1760884239
|move|p1a: Chansey|Metronome|p1a: Chansey
|move|p1a: Chansey|Ivy Cudgel|p2a: Venonat|[from] move: Metronome
|-resisted|p2a: Venonat
|-damage|p2a: Venonat|68/100
|move|p2a: Venonat|Endeavor|p1a: Chansey
|-damage|p1a: Chansey|34/100
|
|upkeep
|turn|57
|
|t:|1760884247
|move|p1a: Chansey|Soft-Boiled|p1a: Chansey
|-heal|p1a: Chansey|84/100
|move|p2a: Venonat|Endeavor|p1a: Chansey
|-damage|p1a: Chansey|34/100
|
|upkeep
|turn|58
|
|t:|1760884252
|move|p1a: Chansey|Metronome|p1a: Chansey
|move|p1a: Chansey|Swift|p2a: Venonat|[from] move: Metronome
|-damage|p2a: Venonat|45/100
|move|p2a: Venonat|Endeavor|p1a: Chansey
|-damage|p1a: Chansey|23/100
|
|upkeep
|turn|59
|
|t:|1760884262
|move|p1a: Chansey|Metronome|p1a: Chansey
|move|p1a: Chansey|Fire Spin|p2a: Venonat|[from] move: Metronome|[miss]
|-miss|p1a: Chansey|p2a: Venonat
|move|p2a: Venonat|Disable|p1a: Chansey
|-start|p1a: Chansey|Disable|Metronome
|
|upkeep
|turn|60
|
|t:|1760884270
|move|p1a: Chansey|Soft-Boiled|p1a: Chansey
|-heal|p1a: Chansey|73/100
|move|p2a: Venonat|Endeavor|p1a: Chansey
|-damage|p1a: Chansey|23/100
|
|upkeep
|turn|61
|
|t:|1760884283
|move|p1a: Chansey|Substitute|p1a: Chansey
|-fail|p1a: Chansey|move: Substitute|[weak]
|move|p2a: Venonat|Endeavor|p1a: Chansey
|-immune|p1a: Chansey
|
|upkeep
|turn|62
|
|t:|1760884291
|move|p1a: Chansey|Heal Bell||[still]
|-activate|p1a: Chansey|move: Heal Bell
|-fail|p1a: Chansey
|move|p2a: Venonat|Toxic|p1a: Chansey
|-status|p1a: Chansey|tox
|
|-damage|p1a: Chansey|17/100 tox|[from] psn
|upkeep
|turn|63
|
|t:|1760884300
|move|p1a: Chansey|Soft-Boiled|p1a: Chansey
|-heal|p1a: Chansey|67/100 tox
|move|p2a: Venonat|Disable||[still]
|-fail|p2a: Venonat
|
|-damage|p1a: Chansey|54/100 tox|[from] psn
|-end|p1a: Chansey|Disable
|upkeep
|turn|64
|
|t:|1760884309
|move|p1a: Chansey|Heal Bell|p1a: Chansey
|-activate|p1a: Chansey|move: Heal Bell
|-curestatus|p1a: Chansey|tox|[msg]
|move|p2a: Venonat|Disable|p1a: Chansey
|-start|p1a: Chansey|Disable|Heal Bell
|
|upkeep
|turn|65
|
|t:|1760884317
|move|p1a: Chansey|Metronome|p1a: Chansey
|move|p1a: Chansey|Rain Dance|p1a: Chansey|[from] move: Metronome
|-weather|RainDance
|move|p2a: Venonat|Toxic|p1a: Chansey
|-status|p1a: Chansey|tox
|
|-weather|RainDance|[upkeep]
|-damage|p1a: Chansey|48/100 tox|[from] psn
|upkeep
|turn|66
|
|t:|1760884325
|move|p1a: Chansey|Metronome|p1a: Chansey
|move|p1a: Chansey|Will-O-Wisp|p2a: Venonat|[from] move: Metronome
|-status|p2a: Venonat|brn
|move|p2a: Venonat|Disable||[still]
|-fail|p2a: Venonat
|
|-weather|RainDance|[upkeep]
|-damage|p1a: Chansey|36/100 tox|[from] psn
|-damage|p2a: Venonat|39/100 brn|[from] brn
|upkeep
|turn|67
|
|t:|1760884335
|switch|p2a: Oddish|Oddish, F|69/100
|move|p1a: Chansey|Soft-Boiled|p1a: Chansey
|-heal|p1a: Chansey|86/100 tox
|
|-weather|RainDance|[upkeep]
|-damage|p1a: Chansey|67/100 tox|[from] psn
|upkeep
|turn|68
|
|t:|1760884344
|move|p1a: Chansey|Substitute|p1a: Chansey
|-start|p1a: Chansey|Substitute
|-damage|p1a: Chansey|42/100 tox
|move|p2a: Oddish|Leech Seed||[still]
|-fail|p2a: Oddish
|
|-weather|RainDance|[upkeep]
|-damage|p1a: Chansey|17/100 tox|[from] psn
|-end|p1a: Chansey|Disable
|upkeep
|turn|69
|
|t:|1760884354
|-terastallize|p2a: Oddish|Grass
|move|p1a: Chansey|Heal Bell|p1a: Chansey
|-activate|p1a: Chansey|move: Heal Bell
|-curestatus|p1a: Chansey|tox|[msg]
|move|p2a: Oddish|Leaf Storm|p1a: Chansey
|-activate|p1a: Chansey|move: Substitute|[damage]
|-unboost|p2a: Oddish|spa|2
|
|-weather|none
|upkeep
|turn|70
|
|t:|1760884365
|move|p1a: Chansey|Soft-Boiled|p1a: Chansey
|-heal|p1a: Chansey|67/100
|move|p2a: Oddish|Energy Ball|p1a: Chansey
|-end|p1a: Chansey|Substitute
|
|upkeep
|turn|71
|
|t:|1760884371
|move|p1a: Chansey|Metronome|p1a: Chansey
|move|p1a: Chansey|Entrainment|p2a: Oddish|[from] move: Metronome
|-ability|p2a: Oddish|Natural Cure|Run Away|[from] move: Entrainment|[of] p1a: Chansey
|move|p2a: Oddish|Energy Ball|p1a: Chansey
|-damage|p1a: Chansey|61/100
|
|upkeep
|turn|72
|
|t:|1760884381
|move|p1a: Chansey|Substitute|p1a: Chansey
|-start|p1a: Chansey|Substitute
|-damage|p1a: Chansey|36/100
|move|p2a: Oddish|Leech Seed||[still]
|-fail|p2a: Oddish
|
|upkeep
|turn|73
|
|t:|1760884390
|switch|p2a: Feebas|Feebas, F|100/100
|move|p1a: Chansey|Soft-Boiled|p1a: Chansey
|-heal|p1a: Chansey|86/100
|
|upkeep
|turn|74
|
|t:|1760884398
|move|p2a: Feebas|Blizzard|p1a: Chansey|[miss]
|-miss|p2a: Feebas|p1a: Chansey
|move|p1a: Chansey|Metronome|p1a: Chansey
|move|p1a: Chansey|X-Scissor|p2a: Feebas|[from] move: Metronome
|-damage|p2a: Feebas|55/100
|
|upkeep
|turn|75
|
|t:|1760884408
|move|p2a: Feebas|Double-Edge|p1a: Chansey
|-activate|p1a: Chansey|move: Substitute|[damage]
|-damage|p2a: Feebas|47/100|[from] Recoil|[of] p1a: Chansey
|move|p1a: Chansey|Metronome|p1a: Chansey
|move|p1a: Chansey|Shelter|p1a: Chansey|[from] move: Metronome
|-boost|p1a: Chansey|def|2
|
|upkeep
|turn|76
|
|t:|1760884421
|move|p2a: Feebas|Chilling Water|p1a: Chansey
|-activate|p1a: Chansey|move: Substitute|[damage]
|move|p1a: Chansey|Substitute|p1a: Chansey
|-fail|p1a: Chansey|move: Substitute
|
|upkeep
|turn|77
|
|t:|1760884427
|move|p2a: Feebas|Chilling Water|p1a: Chansey
|-activate|p1a: Chansey|move: Substitute|[damage]
|move|p1a: Chansey|Substitute|p1a: Chansey
|-fail|p1a: Chansey|move: Substitute
|
|upkeep
|turn|78
|
|t:|1760884435
|move|p2a: Feebas|Chilling Water|p1a: Chansey
|-activate|p1a: Chansey|move: Substitute|[damage]
|move|p1a: Chansey|Metronome|p1a: Chansey
|move|p1a: Chansey|Shock Wave|p2a: Feebas|[from] move: Metronome
|-supereffective|p2a: Feebas
|-damage|p2a: Feebas|0 fnt
|faint|p2a: Feebas
|
|upkeep
|
|t:|1760884443
|switch|p2a: Venonat|Venonat, F|39/100 brn
|turn|79
|
|t:|1760884449
|move|p1a: Chansey|Substitute|p1a: Chansey
|-fail|p1a: Chansey|move: Substitute
|move|p2a: Venonat|Disable|p1a: Chansey
|-start|p1a: Chansey|Disable|Substitute
|
|-damage|p2a: Venonat|33/100 brn|[from] brn
|upkeep
|turn|80
|
|t:|1760884457
|switch|p2a: Magikarp|Magikarp, M|78/100
|move|p1a: Chansey|Metronome|p1a: Chansey
|move|p1a: Chansey|Blaze Kick|p2a: Magikarp|[from] move: Metronome
|-resisted|p2a: Magikarp
|-damage|p2a: Magikarp|69/100
|
|upkeep
|turn|81
|
|t:|1760884465
|move|p2a: Magikarp|Flail|p1a: Chansey
|-activate|p1a: Chansey|move: Substitute|[damage]
|move|p1a: Chansey|Metronome|p1a: Chansey
|move|p1a: Chansey|Surf|p2a: Magikarp|[from] move: Metronome
|-resisted|p2a: Magikarp
|-damage|p2a: Magikarp|24/100
|
|upkeep
|turn|82
|
|t:|1760884472
|move|p2a: Magikarp|Flail|p1a: Chansey
|-activate|p1a: Chansey|move: Substitute|[damage]
|move|p1a: Chansey|Metronome|p1a: Chansey
|move|p1a: Chansey|Dragon Tail|p2a: Magikarp|[from] move: Metronome
|-damage|p2a: Magikarp|12/100
|drag|p2a: Oddish|Oddish, F, tera:Grass|69/100
|
|upkeep
|turn|83
|
|t:|1760884482
|move|p1a: Chansey|Metronome|p1a: Chansey
|move|p1a: Chansey|Solar Blade||[from] move: Metronome|[still]
|-prepare|p1a: Chansey|Solar Blade
|move|p2a: Oddish|Leaf Storm|p1a: Chansey
|-end|p1a: Chansey|Substitute
|-unboost|p2a: Oddish|spa|2
|
|-end|p1a: Chansey|Disable
|upkeep
|turn|84
|
|t:|1760884495
|move|p1a: Chansey|Solar Blade|p2a: Oddish|[from] lockedmove
|-resisted|p2a: Oddish
|-damage|p2a: Oddish|58/100
|move|p2a: Oddish|Leaf Storm|p1a: Chansey
|-damage|p1a: Chansey|77/100
|-unboost|p2a: Oddish|spa|2
|
|upkeep
|turn|85
|
|t:|1760884512
|move|p1a: Chansey|Substitute|p1a: Chansey
|-start|p1a: Chansey|Substitute
|-damage|p1a: Chansey|52/100
|move|p2a: Oddish|Leaf Storm|p1a: Chansey
|-activate|p1a: Chansey|move: Substitute|[damage]
|-unboost|p2a: Oddish|spa|2
|
|upkeep
|turn|86
|c|☆mannyteman|im out of pp
|
|t:|1760884519
|switch|p2a: Magikarp|Magikarp, M|12/100
|move|p1a: Chansey|Heal Bell||[still]
|-activate|p1a: Chansey|move: Heal Bell
|-fail|p1a: Chansey
|
|upkeep
|turn|87
|
|t:|1760884525
|move|p2a: Magikarp|Flail|p1a: Chansey
|-activate|p1a: Chansey|move: Substitute|[damage]
|move|p1a: Chansey|Heal Bell||[still]
|-activate|p1a: Chansey|move: Heal Bell
|-fail|p1a: Chansey
|
|upkeep
|turn|88
|
|t:|1760884532
|move|p2a: Magikarp|Flail|p1a: Chansey
|-activate|p1a: Chansey|move: Substitute|[damage]
|move|p1a: Chansey|Heal Bell||[still]
|-activate|p1a: Chansey|move: Heal Bell
|-fail|p1a: Chansey
|
|upkeep
|turn|89
|
|t:|1760884538
|move|p2a: Magikarp|Flail|p1a: Chansey
|-activate|p1a: Chansey|move: Substitute|[damage]
|move|p1a: Chansey|Heal Bell||[still]
|-activate|p1a: Chansey|move: Heal Bell
|-fail|p1a: Chansey
|
|upkeep
|turn|90
|
|t:|1760884545
|move|p2a: Magikarp|Flail|p1a: Chansey
|-activate|p1a: Chansey|move: Substitute|[damage]
|move|p1a: Chansey|Heal Bell||[still]
|-activate|p1a: Chansey|move: Heal Bell
|-fail|p1a: Chansey
|
|upkeep
|turn|91
|
|t:|1760884554
|move|p2a: Magikarp|Flail|p1a: Chansey
|-activate|p1a: Chansey|move: Substitute|[damage]
|move|p1a: Chansey|Substitute|p1a: Chansey
|-fail|p1a: Chansey|move: Substitute
|
|upkeep
|turn|92
|
|t:|1760884559
|move|p2a: Magikarp|Flail|p1a: Chansey
|-activate|p1a: Chansey|move: Substitute|[damage]
|move|p1a: Chansey|Substitute|p1a: Chansey
|-fail|p1a: Chansey|move: Substitute
|
|upkeep
|turn|93
|
|t:|1760884565
|move|p2a: Magikarp|Tackle|p1a: Chansey
|-activate|p1a: Chansey|move: Substitute|[damage]
|move|p1a: Chansey|Substitute|p1a: Chansey
|-fail|p1a: Chansey|move: Substitute
|
|upkeep
|turn|94
|
|t:|1760884570
|move|p2a: Magikarp|Splash|p2a: Magikarp
|-nothing
|move|p1a: Chansey|Substitute|p1a: Chansey
|-fail|p1a: Chansey|move: Substitute
|
|upkeep
|turn|95
|
|t:|1760884576
|move|p2a: Magikarp|Splash|p2a: Magikarp
|-nothing
|move|p1a: Chansey|Substitute|p1a: Chansey
|-fail|p1a: Chansey|move: Substitute
|
|upkeep
|turn|96
|
|t:|1760884581
|move|p2a: Magikarp|Flail|p1a: Chansey
|-end|p1a: Chansey|Substitute
|move|p1a: Chansey|Substitute|p1a: Chansey
|-start|p1a: Chansey|Substitute
|-damage|p1a: Chansey|27/100
|
|upkeep
|turn|97
|
|t:|1760884587
|move|p2a: Magikarp|Flail|p1a: Chansey
|-activate|p1a: Chansey|move: Substitute|[damage]
|move|p1a: Chansey|Soft-Boiled|p1a: Chansey
|-heal|p1a: Chansey|77/100
|
|upkeep
|turn|98
|
|t:|1760884594
|move|p2a: Magikarp|Flail|p1a: Chansey
|-activate|p1a: Chansey|move: Substitute|[damage]
|-activate|p1a: Chansey|move: Struggle
|move|p1a: Chansey|Struggle|p2a: Magikarp
|-damage|p2a: Magikarp|3/100
|-damage|p1a: Chansey|52/100|[from] recoil
|
|upkeep
|turn|99
|
|t:|1760884602
|move|p2a: Magikarp|Flail|p1a: Chansey
|-activate|p1a: Chansey|move: Substitute|[damage]
|-activate|p1a: Chansey|move: Struggle
|move|p1a: Chansey|Struggle|p2a: Magikarp
|-damage|p2a: Magikarp|0 fnt
|faint|p2a: Magikarp
|-damage|p1a: Chansey|27/100|[from] recoil
|
|upkeep
|c|☆mannyteman|im actually out of moves
|
|t:|1760884611
|switch|p2a: Venonat|Venonat, F|33/100 brn
|turn|100
|
|t:|1760884618
|-activate|p1a: Chansey|move: Struggle
|move|p1a: Chansey|Struggle|p2a: Venonat
|-damage|p2a: Venonat|25/100 brn
|-damage|p1a: Chansey|2/100|[from] recoil
|move|p2a: Venonat|Toxic Spikes|p1a: Chansey
|-sidestart|p1: mannyteman|move: Toxic Spikes
|
|-damage|p2a: Venonat|18/100 brn|[from] brn
|upkeep
|turn|101
|
|t:|1760884631
|-activate|p1a: Chansey|move: Struggle
|move|p1a: Chansey|Struggle|p2a: Venonat
|-damage|p2a: Venonat|11/100 brn
|-damage|p1a: Chansey|0 fnt|[from] recoil
|faint|p1a: Chansey
|
|win|Systematoothpaste
|raw|mannyteman's rating: 1026 &rarr; <strong>1011</strong><br />(-15 for losing)
|raw|Systematoothpaste's rating: 1000 &rarr; <strong>1043</strong><br />(+43 for winning)
|c|☆mannyteman|gg
|c|☆Systematoothpaste|gg
|l|☆mannyteman
|player|p1|
|c|☆Systematoothpaste|I guess?
