|j|☆Drjurnslc
|j|☆crownwrld
|t:|1760763417
|gametype|singles
|player|p1|Drjurnslc|n|1114
|player|p2|crownwrld|101|1129
|gen|9
|tier|[Gen 9] OU
|rated|
|rule|HP Percentage Mod: HP is shown in percentages
|rule|Endless Battle Clause: Forcing endless battles is banned
|rule|Species Clause: Limit one of each Pokémon
|rule|OHKO Clause: OHKO moves are banned
|rule|Evasion Items Clause: Evasion items are banned
|rule|Evasion Moves Clause: Evasion moves are banned
|rule|Evasion Abilities Clause: Evasion abilities are banned
|rule|Sleep Moves Clause: Sleep-inducing moves are banned
|clearpoke
|poke|p1|Dragonite, F|
|poke|p1|Clodsire, F|
|poke|p1|Great Tusk|
|poke|p1|Hatterene, F|
|poke|p1|Torkoal, F|
|poke|p1|Walking Wake|
|poke|p2|Sinistcha|
|poke|p2|Garganacl, M|
|poke|p2|Forretress, M|
|poke|p2|Deoxys-Speed|
|poke|p2|Mandibuzz, F|
|poke|p2|Typhlosion, F|
|teampreview
|
|t:|1760763436
|teamsize|p1|6
|teamsize|p2|6
|start
|switch|p1a: Clodsire|Clodsire, F, shiny|100/100
|switch|p2a: Deoxys|Deoxys-Speed|100/100
|-ability|p2a: Deoxys|Pressure
|turn|1
|
|t:|1760763445
|move|p2a: Deoxys|Taunt|p1a: Clodsire
|-start|p1a: Clodsire|move: Taunt
|cant|p1a: Clodsire|move: Taunt|Toxic Spikes
|
|upkeep
|turn|2
|
|t:|1760763451
|switch|p2a: Forretress|Forretress, M|100/100
|move|p1a: Clodsire|Body Press|p2a: Forretress
|-damage|p2a: Forretress|90/100
|
|upkeep
|turn|3
|
|t:|1760763459
|switch|p1a: Hatterene|Hatterene, F, shiny|100/100
|move|p2a: Forretress|Stealth Rock|p1a: Hatterene
|move|p1a: Hatterene|Stealth Rock|p2a: Forretress|[from] ability: Magic Bounce
|-sidestart|p2: crownwrld|move: Stealth Rock
|
|upkeep
|turn|4
|
|t:|1760763471
|switch|p1a: Clodsire|Clodsire, F, shiny|100/100
|move|p2a: Forretress|Gyro Ball|p1a: Clodsire
|-damage|p1a: Clodsire|90/100
|
|-heal|p1a: Clodsire|96/100|[from] item: Black Sludge
|upkeep
|turn|5
|
|t:|1760763481
|switch|p1a: Hatterene|Hatterene, F, shiny|100/100
|move|p2a: Forretress|Stealth Rock|p1a: Hatterene
|move|p1a: Hatterene|Stealth Rock||[from] ability: Magic Bounce|[still]
|-fail|p1a: Hatterene
|
|upkeep
|turn|6
|
|t:|1760763511
|switch|p2a: Garganacl|Garganacl, M|100/100
|-damage|p2a: Garganacl|88/100|[from] Stealth Rock
|move|p1a: Hatterene|Mystical Fire|p2a: Garganacl
|-resisted|p2a: Garganacl
|-damage|p2a: Garganacl|75/100
|-unboost|p2a: Garganacl|spa|1
|
|upkeep
|turn|7
|
|t:|1760763523
|move|p2a: Garganacl|Salt Cure|p1a: Hatterene
|-damage|p1a: Hatterene|85/100
|-start|p1a: Hatterene|Salt Cure
|-enditem|p1a: Hatterene|Eject Button
|
|t:|1760763530
|switch|p1a: Torkoal|Torkoal, F, shiny|100/100
|-weather|SunnyDay|[from] ability: Drought|[of] p1a: Torkoal
|-item|p1a: Torkoal|Air Balloon
|
|-weather|SunnyDay|[upkeep]
|upkeep
|turn|8
|
|t:|1760763543
|move|p2a: Garganacl|Salt Cure|p1a: Torkoal
|-supereffective|p1a: Torkoal
|-damage|p1a: Torkoal|76/100
|-start|p1a: Torkoal|Salt Cure
|-enditem|p1a: Torkoal|Air Balloon
|move|p1a: Torkoal|Earth Power|p2a: Garganacl
|-supereffective|p2a: Garganacl
|-damage|p2a: Garganacl|30/100
|
|-weather|SunnyDay|[upkeep]
|-damage|p1a: Torkoal|63/100|[from] Salt Cure
|upkeep
|turn|9
|
|t:|1760763554
|switch|p1a: Great Tusk|Great Tusk, shiny|100/100
|-activate|p1a: Great Tusk|ability: Protosynthesis
|-start|p1a: Great Tusk|protosynthesisatk
|move|p2a: Garganacl|Recover|p2a: Garganacl
|-heal|p2a: Garganacl|80/100
|
|-weather|SunnyDay|[upkeep]
|upkeep
|turn|10
|
|t:|1760763564
|move|p1a: Great Tusk|Headlong Rush|p2a: Garganacl
|-supereffective|p2a: Garganacl
|-damage|p2a: Garganacl|0 fnt
|-unboost|p1a: Great Tusk|def|1
|-unboost|p1a: Great Tusk|spd|1
|faint|p2a: Garganacl
|
|-weather|SunnyDay|[upkeep]
|upkeep
|
|t:|1760763577
|switch|p2a: Sinistcha|Sinistcha|100/100
|-damage|p2a: Sinistcha|88/100|[from] Stealth Rock
|turn|11
|
|t:|1760763582
|move|p1a: Great Tusk|Ice Spinner|p2a: Sinistcha
|-supereffective|p2a: Sinistcha
|-damage|p2a: Sinistcha|23/100
|-enditem|p2a: Sinistcha|Weakness Policy
|-boost|p2a: Sinistcha|atk|2|[from] item: Weakness Policy
|-boost|p2a: Sinistcha|spa|2|[from] item: Weakness Policy
|move|p2a: Sinistcha|Strength Sap|p1a: Great Tusk
|-unboost|p1a: Great Tusk|atk|1
|-heal|p2a: Sinistcha|100/100
|
|-weather|none
|-end|p1a: Great Tusk|Protosynthesis
|upkeep
|turn|12
|
|t:|1760763594
|-end|p1a: Great Tusk|Protosynthesis|[silent]
|switch|p1a: Torkoal|Torkoal, F, shiny|63/100
|-weather|SunnyDay|[from] ability: Drought|[of] p1a: Torkoal
|move|p2a: Sinistcha|Matcha Gotcha|p1a: Torkoal
|-resisted|p1a: Torkoal
|-damage|p1a: Torkoal|11/100
|
|-weather|SunnyDay|[upkeep]
|upkeep
|turn|13
|
|t:|1760763605
|switch|p1a: Dragonite|Dragonite, F|100/100
|move|p2a: Sinistcha|Scald|p1a: Dragonite
|-resisted|p1a: Dragonite
|-damage|p1a: Dragonite|94/100
|
|-weather|SunnyDay|[upkeep]
|upkeep
|turn|14
|
|t:|1760763614
|move|p1a: Dragonite|Fire Spin|p2a: Sinistcha|[miss]
|-miss|p1a: Dragonite|p2a: Sinistcha
|move|p2a: Sinistcha|Strength Sap|p1a: Dragonite
|-unboost|p1a: Dragonite|atk|1
|
|-weather|SunnyDay|[upkeep]
|upkeep
|turn|15
|
|t:|1760763622
|move|p1a: Dragonite|Fire Spin|p2a: Sinistcha
|-supereffective|p2a: Sinistcha
|-damage|p2a: Sinistcha|85/100
|-activate|p2a: Sinistcha|move: Fire Spin|[of] p1a: Dragonite
|move|p2a: Sinistcha|Scald|p1a: Dragonite
|-resisted|p1a: Dragonite
|-damage|p1a: Dragonite|81/100
|
|-weather|SunnyDay|[upkeep]
|-damage|p2a: Sinistcha|72/100|[from] move: Fire Spin|[partiallytrapped]
|upkeep
|turn|16
|
|t:|1760763636
|move|p1a: Dragonite|Roost|p1a: Dragonite
|-heal|p1a: Dragonite|100/100
|-singleturn|p1a: Dragonite|move: Roost
|move|p2a: Sinistcha|Scald|p1a: Dragonite
|-resisted|p1a: Dragonite
|-damage|p1a: Dragonite|94/100
|
|-weather|none
|-damage|p2a: Sinistcha|60/100|[from] move: Fire Spin|[partiallytrapped]
|upkeep
|turn|17
|
|t:|1760763646
|move|p1a: Dragonite|Fire Spin|p2a: Sinistcha|[miss]
|-miss|p1a: Dragonite|p2a: Sinistcha
|move|p2a: Sinistcha|Strength Sap|p1a: Dragonite
|-unboost|p1a: Dragonite|atk|1
|-heal|p2a: Sinistcha|100/100
|
|-damage|p2a: Sinistcha|88/100|[from] move: Fire Spin|[partiallytrapped]
|upkeep
|turn|18
|
|t:|1760763656
|move|p1a: Dragonite|Fire Spin|p2a: Sinistcha
|-supereffective|p2a: Sinistcha
|-damage|p2a: Sinistcha|78/100
|move|p2a: Sinistcha|Scald|p1a: Dragonite
|-resisted|p1a: Dragonite
|-damage|p1a: Dragonite|68/100
|
|-damage|p2a: Sinistcha|65/100|[from] move: Fire Spin|[partiallytrapped]
|upkeep
|turn|19
|
|t:|1760763671
|move|p1a: Dragonite|Fire Spin|p2a: Sinistcha
|-supereffective|p2a: Sinistcha
|-damage|p2a: Sinistcha|55/100
|move|p2a: Sinistcha|Scald|p1a: Dragonite
|-resisted|p1a: Dragonite
|-damage|p1a: Dragonite|41/100
|-status|p1a: Dragonite|brn
|
|-damage|p1a: Dragonite|34/100 brn|[from] brn
|-damage|p2a: Sinistcha|43/100|[from] move: Fire Spin|[partiallytrapped]
|upkeep
|turn|20
|
|t:|1760763684
|switch|p1a: Torkoal|Torkoal, F, shiny|11/100
|-weather|SunnyDay|[from] ability: Drought|[of] p1a: Torkoal
|move|p2a: Sinistcha|Strength Sap|p1a: Torkoal
|-unboost|p1a: Torkoal|atk|1
|-heal|p2a: Sinistcha|100/100
|
|-weather|SunnyDay|[upkeep]
|-end|p2a: Sinistcha|Fire Spin|[partiallytrapped]
|upkeep
|turn|21
|
|t:|1760763697
|switch|p1a: Walking Wake|Walking Wake|100/100
|-activate|p1a: Walking Wake|ability: Protosynthesis
|-start|p1a: Walking Wake|protosynthesisspe
|move|p2a: Sinistcha|Scald|p1a: Walking Wake
|-resisted|p1a: Walking Wake
|-damage|p1a: Walking Wake|91/100
|
|-weather|SunnyDay|[upkeep]
|upkeep
|turn|22
|
|t:|1760763707
|move|p1a: Walking Wake|Flamethrower|p2a: Sinistcha
|-supereffective|p2a: Sinistcha
|-crit|p2a: Sinistcha
|-damage|p2a: Sinistcha|0 fnt
|faint|p2a: Sinistcha
|
|-weather|SunnyDay|[upkeep]
|upkeep
|
|t:|1760763717
|switch|p2a: Deoxys|Deoxys-Speed|100/100
|-damage|p2a: Deoxys|88/100|[from] Stealth Rock
|-ability|p2a: Deoxys|Pressure
|turn|23
|
|t:|1760763722
|move|p1a: Walking Wake|Flamethrower|p2a: Deoxys
|-damage|p2a: Deoxys|8/100
|move|p2a: Deoxys|Thunder Wave|p1a: Walking Wake
|-status|p1a: Walking Wake|par
|
|-weather|SunnyDay|[upkeep]
|upkeep
|turn|24
|
|t:|1760763732
|switch|p2a: Typhlosion|Typhlosion, F|100/100
|-damage|p2a: Typhlosion|76/100|[from] Stealth Rock
|move|p1a: Walking Wake|Flamethrower|p2a: Typhlosion
|-start|p2a: Typhlosion|ability: Flash Fire
|
|-weather|none
|-end|p1a: Walking Wake|Protosynthesis
|upkeep
|turn|25
|
|t:|1760763747
|-end|p1a: Walking Wake|Protosynthesis|[silent]
|switch|p1a: Torkoal|Torkoal, F, shiny|11/100
|-weather|SunnyDay|[from] ability: Drought|[of] p1a: Torkoal
|move|p2a: Typhlosion|Eruption|p1a: Torkoal
|-resisted|p1a: Torkoal
|-damage|p1a: Torkoal|0 fnt
|faint|p1a: Torkoal
|
|-weather|SunnyDay|[upkeep]
|upkeep
|
|t:|1760763758
|switch|p1a: Great Tusk|Great Tusk, shiny|100/100
|-activate|p1a: Great Tusk|ability: Protosynthesis
|-start|p1a: Great Tusk|protosynthesisatk
|turn|26
|
|t:|1760763768
|-terastallize|p2a: Typhlosion|Grass
|move|p2a: Typhlosion|Solar Beam||[still]
|-prepare|p2a: Typhlosion|Solar Beam
|-anim|p2a: Typhlosion|Solar Beam|p1a: Great Tusk
|-supereffective|p1a: Great Tusk
|-damage|p1a: Great Tusk|0 fnt
|faint|p1a: Great Tusk
|-end|p1a: Great Tusk|Protosynthesis|[silent]
|
|-weather|SunnyDay|[upkeep]
|upkeep
|
|t:|1760763777
|switch|p1a: Walking Wake|Walking Wake|91/100 par
|-activate|p1a: Walking Wake|ability: Protosynthesis
|-start|p1a: Walking Wake|protosynthesisspe
|turn|27
|
|t:|1760763786
|move|p2a: Typhlosion|Solar Beam||[still]
|-prepare|p2a: Typhlosion|Solar Beam
|-anim|p2a: Typhlosion|Solar Beam|p1a: Walking Wake
|-damage|p1a: Walking Wake|30/100 par
|move|p1a: Walking Wake|Draco Meteor|p2a: Typhlosion
|-damage|p2a: Typhlosion|0 fnt
|-unboost|p1a: Walking Wake|spa|2
|faint|p2a: Typhlosion
|
|-weather|SunnyDay|[upkeep]
|upkeep
|
|t:|1760763805
|switch|p2a: Deoxys|Deoxys-Speed|8/100
|-damage|p2a: Deoxys|0 fnt|[from] Stealth Rock
|faint|p2a: Deoxys
|
|t:|1760763813
|switch|p2a: Forretress|Forretress, M|90/100
|-damage|p2a: Forretress|78/100|[from] Stealth Rock
|turn|28
|
|t:|1760763824
|-end|p1a: Walking Wake|Protosynthesis|[silent]
|switch|p1a: Clodsire|Clodsire, F, shiny|96/100
|move|p2a: Forretress|Body Press|p1a: Clodsire
|-resisted|p1a: Clodsire
|-damage|p1a: Clodsire|85/100
|
|-weather|SunnyDay|[upkeep]
|-heal|p1a: Clodsire|91/100|[from] item: Black Sludge
|upkeep
|turn|29
|
|t:|1760763833
|switch|p2a: Mandibuzz|Mandibuzz, F|100/100
|-damage|p2a: Mandibuzz|76/100|[from] Stealth Rock
|move|p1a: Clodsire|Toxic Spikes|p2a: Mandibuzz
|-sidestart|p2: crownwrld|move: Toxic Spikes
|
|-weather|none
|-heal|p1a: Clodsire|97/100|[from] item: Black Sludge
|upkeep
|turn|30
|
|t:|1760763842
|move|p2a: Mandibuzz|Iron Defense|p2a: Mandibuzz
|-boost|p2a: Mandibuzz|def|2
|move|p1a: Clodsire|Body Press|p2a: Mandibuzz
|-damage|p2a: Mandibuzz|69/100
|
|-heal|p1a: Clodsire|100/100|[from] item: Black Sludge
|upkeep
|turn|31
|
|t:|1760763862
|move|p2a: Mandibuzz|Iron Defense|p2a: Mandibuzz
|-boost|p2a: Mandibuzz|def|2
|move|p1a: Clodsire|Spikes|p2a: Mandibuzz
|-sidestart|p2: crownwrld|Spikes
|
|upkeep
|turn|32
|
|t:|1760763872
|move|p2a: Mandibuzz|Foul Play|p1a: Clodsire
|-damage|p1a: Clodsire|85/100
|move|p1a: Clodsire|Spikes|p2a: Mandibuzz
|-sidestart|p2: crownwrld|Spikes
|
|-heal|p1a: Clodsire|92/100|[from] item: Black Sludge
|upkeep
|turn|33
|c|☆crownwrld|gg
|-message|crownwrld forfeited.
|
|win|Drjurnslc
|raw|Drjurnslc's rating: 1114 &rarr; <strong>1140</strong><br />(+26 for winning)
|raw|crownwrld's rating: 1129 &rarr; <strong>1103</strong><br />(-26 for losing)
|l|☆crownwrld
|player|p2|
|l|☆Drjurnslc
|player|p1|
