|j|☆hiimrailey
|j|☆Bug_catcher565
|t:|1760801563
|gametype|singles
|player|p1|hiimrailey|2|1106
|player|p2|Bug_catcher565|265|1069
|gen|9
|tier|[Gen 9] OU
|rated|
|rule|HP Percentage Mod: HP is shown in percentages
|rule|Endless Battle Clause: Forcing endless battles is banned
|rule|Species Clause: Limit one of each Pokémon
|rule|OHKO Clause: OHKO moves are banned
|rule|Evasion Items Clause: Evasion items are banned
|rule|Evasion Moves Clause: Evasion moves are banned
|rule|Evasion Abilities Clause: Evasion abilities are banned
|rule|Sleep Moves Clause: Sleep-inducing moves are banned
|clearpoke
|poke|p1|Pelipper, M|
|poke|p1|Basculegion, M|
|poke|p1|Barraskewda, M|
|poke|p1|Ludicolo, M|
|poke|p1|Gastrodon, M|
|poke|p1|Tornadus-Therian, M|
|poke|p2|Kricketune, M|
|poke|p2|Alomomola, F|
|poke|p2|Gholdengo|
|poke|p2|Great Tusk|
|poke|p2|Samurott-Hisui, M|
|poke|p2|Raging Bolt|
|teampreview
|inactive|Battle timer is ON: inactive players will automatically lose when time's up. (requested by Bug_catcher565)
|
|t:|1760801570
|teamsize|p1|6
|teamsize|p2|6
|start
|switch|p1a: Pelipper|Pelipper, M|100/100
|switch|p2a: Kricketune|Kricketune, M|100/100
|-weather|RainDance|[from] ability: Drizzle|[of] p1a: Pelipper
|turn|1
|
|t:|1760801580
|move|p2a: Kricketune|Sticky Web|p1a: Pelipper
|-sidestart|p1: hiimrailey|move: Sticky Web
|move|p1a: Pelipper|Hurricane|p2a: Kricketune
|-supereffective|p2a: Kricketune
|-enditem|p2a: Kricketune|Focus Sash
|-damage|p2a: Kricketune|1/100
|-start|p2a: Kricketune|confusion
|
|-weather|RainDance|[upkeep]
|upkeep
|turn|2
|
|t:|1760801590
|-activate|p2a: Kricketune|confusion
|move|p2a: Kricketune|Perish Song|p2a: Kricketune
|-start|p1a: Pelipper|perish3|[silent]
|-start|p2a: Kricketune|perish3|[silent]
|-fieldactivate|move: Perish Song
|move|p1a: Pelipper|U-turn|p2a: Kricketune
|-damage|p2a: Kricketune|0 fnt
|faint|p2a: Kricketune
|
|t:|1760801596
|switch|p1a: Basculegion|Basculegion, M|100/100|[from] U-turn
|-activate|p1a: Basculegion|move: Sticky Web
|-unboost|p1a: Basculegion|spe|1
|
|-weather|RainDance|[upkeep]
|upkeep
|
|t:|1760801604
|switch|p2a: Raging Bolt|Raging Bolt|100/100
|-enditem|p2a: Raging Bolt|Booster Energy
|-activate|p2a: Raging Bolt|ability: Protosynthesis|[fromitem]
|-start|p2a: Raging Bolt|protosynthesisspa
|turn|3
|
|t:|1760801613
|move|p1a: Basculegion|Wave Crash|p2a: Raging Bolt
|-resisted|p2a: Raging Bolt
|-damage|p2a: Raging Bolt|39/100
|-damage|p1a: Basculegion|80/100|[from] Recoil
|-damage|p1a: Basculegion|70/100|[from] item: Life Orb
|move|p2a: Raging Bolt|Dragon Pulse|p1a: Basculegion
|-damage|p1a: Basculegion|5/100
|
|-weather|RainDance|[upkeep]
|upkeep
|turn|4
|
|t:|1760801623
|move|p2a: Raging Bolt|Thunderclap|p1a: Basculegion
|-supereffective|p1a: Basculegion
|-damage|p1a: Basculegion|0 fnt
|faint|p1a: Basculegion
|
|-weather|RainDance|[upkeep]
|upkeep
|
|t:|1760801631
|switch|p1a: Barraskewda|Barraskewda, M|100/100
|-activate|p1a: Barraskewda|move: Sticky Web
|-unboost|p1a: Barraskewda|spe|1
|turn|5
|
|t:|1760801637
|move|p2a: Raging Bolt|Thunderclap|p1a: Barraskewda
|-supereffective|p1a: Barraskewda
|-damage|p1a: Barraskewda|0 fnt
|faint|p1a: Barraskewda
|
|-weather|RainDance|[upkeep]
|upkeep
|
|t:|1760801646
|switch|p1a: Gastrodon|Gastrodon, M|100/100
|-activate|p1a: Gastrodon|move: Sticky Web
|-unboost|p1a: Gastrodon|spe|1
|turn|6
|
|t:|1760801651
|move|p2a: Raging Bolt|Dragon Pulse|p1a: Gastrodon
|-damage|p1a: Gastrodon|64/100
|move|p1a: Gastrodon|Earth Power|p2a: Raging Bolt
|-supereffective|p2a: Raging Bolt
|-damage|p2a: Raging Bolt|0 fnt
|faint|p2a: Raging Bolt
|-end|p2a: Raging Bolt|Protosynthesis|[silent]
|
|-weather|RainDance|[upkeep]
|-heal|p1a: Gastrodon|70/100|[from] item: Leftovers
|upkeep
|
|t:|1760801663
|switch|p2a: Samurott|Samurott-Hisui, M|100/100
|turn|7
|
|t:|1760801668
|move|p2a: Samurott|Swords Dance|p2a: Samurott
|-boost|p2a: Samurott|atk|2
|move|p1a: Gastrodon|Stealth Rock|p2a: Samurott
|-sidestart|p2: Bug_catcher565|move: Stealth Rock
|
|-weather|RainDance|[upkeep]
|-heal|p1a: Gastrodon|76/100|[from] item: Leftovers
|upkeep
|turn|8
|
|t:|1760801679
|switch|p1a: Ludicolo|Ludicolo, M|100/100
|-activate|p1a: Ludicolo|move: Sticky Web
|-unboost|p1a: Ludicolo|spe|1
|move|p2a: Samurott|Ceaseless Edge|p1a: Ludicolo
|-damage|p1a: Ludicolo|0 fnt
|-sidestart|p1: hiimrailey|Spikes
|faint|p1a: Ludicolo
|
|-weather|none
|upkeep
|
|t:|1760801690
|switch|p1a: Tornadus|Tornadus-Therian, M|100/100
|turn|9
|
|t:|1760801695
|-terastallize|p2a: Samurott|Ghost
|move|p1a: Tornadus|Hurricane|p2a: Samurott|[miss]
|-miss|p1a: Tornadus|p2a: Samurott
|move|p2a: Samurott|Ceaseless Edge|p1a: Tornadus
|-damage|p1a: Tornadus|0 fnt
|-sidestart|p1: hiimrailey|Spikes
|faint|p1a: Tornadus
|
|upkeep
|
|t:|1760801706
|switch|p1a: Pelipper|Pelipper, M|100/100
|-weather|RainDance|[from] ability: Drizzle|[of] p1a: Pelipper
|turn|10
|
|t:|1760801713
|move|p2a: Samurott|Ceaseless Edge|p1a: Pelipper
|-damage|p1a: Pelipper|29/100
|-sidestart|p1: hiimrailey|Spikes
|move|p1a: Pelipper|Hurricane|p2a: Samurott
|-damage|p2a: Samurott|46/100
|
|-weather|RainDance|[upkeep]
|upkeep
|turn|11
|
|t:|1760801721
|move|p2a: Samurott|Ceaseless Edge|p1a: Pelipper
|-damage|p1a: Pelipper|0 fnt
|faint|p1a: Pelipper
|-heal|p2a: Samurott|49/100|[from] item: Shell Bell|[of] p1: Pelipper
|
|-weather|RainDance|[upkeep]
|upkeep
|
|t:|1760801728
|switch|p1a: Gastrodon|Gastrodon, M|76/100
|-activate|p1a: Gastrodon|move: Sticky Web
|-unboost|p1a: Gastrodon|spe|1
|-damage|p1a: Gastrodon|51/100|[from] Spikes
|turn|12
|
|t:|1760801738
|move|p2a: Samurott|Ceaseless Edge|p1a: Gastrodon
|-damage|p1a: Gastrodon|0 fnt
|faint|p1a: Gastrodon
|-heal|p2a: Samurott|57/100|[from] item: Shell Bell|[of] p1: Gastrodon
|
|win|Bug_catcher565
|raw|hiimrailey's rating: 1106 &rarr; <strong>1078</strong><br />(-28 for losing)
|raw|Bug_catcher565's rating: 1069 &rarr; <strong>1102</strong><br />(+33 for winning)
|c|☆Bug_catcher565|Gg
|l|☆hiimrailey
|player|p1|
|l|☆Bug_catcher565
|player|p2|
