|j|☆yxng_sith
|j|☆limitado60hz
|t:|1760736146
|gametype|singles
|player|p1|yxng_sith|266|1342
|player|p2|limitado60hz|169|1349
|gen|9
|tier|[Gen 9] OU
|rated|
|rule|HP Percentage Mod: HP is shown in percentages
|rule|Endless Battle Clause: Forcing endless battles is banned
|rule|Species Clause: Limit one of each Pokémon
|rule|OHKO Clause: OHKO moves are banned
|rule|Evasion Items Clause: Evasion items are banned
|rule|Evasion Moves Clause: Evasion moves are banned
|rule|Evasion Abilities Clause: Evasion abilities are banned
|rule|Sleep Moves Clause: Sleep-inducing moves are banned
|clearpoke
|poke|p1|Gliscor, M|
|poke|p1|Dragapult, M|
|poke|p1|Vileplume, M|
|poke|p1|Slowking-Galar, F|
|poke|p1|Hoopa-Unbound|
|poke|p1|Hitmontop, M|
|poke|p2|Torkoal, F|
|poke|p2|Great Tusk|
|poke|p2|Slither Wing|
|poke|p2|Venusaur, M|
|poke|p2|Walking Wake|
|poke|p2|Heatran, M|
|teampreview
|inactive|Battle timer is ON: inactive players will automatically lose when time's up. (requested by limitado60hz)
|
|t:|1760736151
|teamsize|p1|6
|teamsize|p2|6
|start
|switch|p1a: Hoopa|Hoopa-Unbound|100/100
|switch|p2a: Tio|Walking Wake|100/100
|turn|1
|
|t:|1760736162
|move|p2a: Tio|Draco Meteor|p1a: Hoopa
|-damage|p1a: Hoopa|25/100
|-unboost|p2a: Tio|spa|2
|move|p1a: Hoopa|Trick Room|p1a: Hoopa
|-fieldstart|move: Trick Room|[of] p1a: Hoopa
|
|upkeep
|turn|2
|
|t:|1760736179
|-end|p2a: Tio|Protosynthesis|[silent]
|switch|p2a: Lloyd|Torkoal, F|100/100
|-weather|SunnyDay|[from] ability: Drought|[of] p2a: Lloyd
|move|p1a: Hoopa|Hyperspace Fury|p2a: Lloyd
|-damage|p2a: Lloyd|58/100
|-unboost|p1a: Hoopa|def|1
|-enditem|p1a: Hoopa|Eject Pack
|
|t:|1760736198
|switch|p1a: Gliscor|Gliscor, M|100/100
|
|-weather|SunnyDay|[upkeep]
|-status|p1a: Gliscor|tox|[from] item: Toxic Orb
|upkeep
|turn|3
|
|t:|1760736225
|switch|p2a: Randy|Great Tusk|100/100
|-activate|p2a: Randy|ability: Protosynthesis
|-start|p2a: Randy|protosynthesisspe
|move|p1a: Gliscor|Toxic|p2a: Randy
|-status|p2a: Randy|tox
|
|-weather|SunnyDay|[upkeep]
|-damage|p2a: Randy|94/100 tox|[from] psn
|upkeep
|turn|4
|
|t:|1760736237
|move|p1a: Gliscor|Knock Off|p2a: Randy
|-resisted|p2a: Randy
|-damage|p2a: Randy|87/100 tox
|-enditem|p2a: Randy|Covert Cloak|[from] move: Knock Off|[of] p1a: Gliscor
|move|p2a: Randy|Bulk Up|p2a: Randy
|-boost|p2a: Randy|atk|1
|-boost|p2a: Randy|def|1
|
|-weather|SunnyDay|[upkeep]
|-damage|p2a: Randy|75/100 tox|[from] psn
|upkeep
|turn|5
|inactive|yxng_sith has 120 seconds left.
|inactive|yxng_sith has 90 seconds left.
|
|t:|1760736289
|switch|p1a: Vileplume|Vileplume, M|100/100
|move|p2a: Randy|Ice Spinner|p1a: Vileplume
|-supereffective|p1a: Vileplume
|-damage|p1a: Vileplume|42/100
|-damage|p2a: Randy|58/100 tox|[from] item: Rocky Helmet|[of] p1a: Vileplume
|
|-weather|SunnyDay|[upkeep]
|-damage|p2a: Randy|39/100 tox|[from] psn
|-fieldend|move: Trick Room
|upkeep
|turn|6
|inactive|yxng_sith has 90 seconds left.
|
|t:|1760736302
|-terastallize|p1a: Vileplume|Water
|move|p2a: Randy|Ice Spinner|p1a: Vileplume
|-resisted|p1a: Vileplume
|-damage|p1a: Vileplume|29/100
|-damage|p2a: Randy|23/100 tox|[from] item: Rocky Helmet|[of] p1a: Vileplume
|move|p1a: Vileplume|Strength Sap|p2a: Randy
|-unboost|p2a: Randy|atk|1
|-heal|p1a: Vileplume|100/100
|
|-weather|SunnyDay|[upkeep]
|-damage|p2a: Randy|0 fnt|[from] psn
|faint|p2a: Randy
|-end|p2a: Randy|Protosynthesis|[silent]
|upkeep
|
|t:|1760736314
|switch|p2a: Noel|Slither Wing|100/100
|-activate|p2a: Noel|ability: Protosynthesis
|-start|p2a: Noel|protosynthesisatk
|turn|7
|
|t:|1760736321
|switch|p1a: Gliscor|Gliscor, M|100/100 tox
|move|p2a: Noel|First Impression|p1a: Gliscor
|-resisted|p1a: Gliscor
|-damage|p1a: Gliscor|72/100 tox
|
|-weather|SunnyDay|[upkeep]
|-heal|p1a: Gliscor|84/100 tox|[from] ability: Poison Heal
|upkeep
|turn|8
|inactive|limitado60hz has 120 seconds left.
|
|t:|1760736361
|-end|p2a: Noel|Protosynthesis|[silent]
|switch|p2a: Tio|Walking Wake|100/100
|-activate|p2a: Tio|ability: Protosynthesis
|-start|p2a: Tio|protosynthesisspe
|move|p1a: Gliscor|Toxic|p2a: Tio|[miss]
|-miss|p1a: Gliscor|p2a: Tio
|
|-weather|SunnyDay|[upkeep]
|-heal|p1a: Gliscor|97/100 tox|[from] ability: Poison Heal
|upkeep
|turn|9
|
|t:|1760736371
|move|p1a: Gliscor|Protect|p1a: Gliscor
|-singleturn|p1a: Gliscor|Protect
|move|p2a: Tio|Hydro Steam|p1a: Gliscor
|-activate|p1a: Gliscor|move: Protect
|
|-weather|none
|-end|p2a: Tio|Protosynthesis
|-heal|p1a: Gliscor|100/100 tox|[from] ability: Poison Heal
|upkeep
|turn|10
|
|t:|1760736381
|switch|p1a: Slowking|Slowking-Galar, F|100/100
|move|p2a: Tio|Hydro Steam|p1a: Slowking
|-damage|p1a: Slowking|71/100
|
|upkeep
|turn|11
|
|t:|1760736390
|-end|p2a: Tio|Protosynthesis|[silent]
|switch|p2a: Wazy|Heatran, M|100/100
|-item|p2a: Wazy|Air Balloon
|move|p1a: Slowking|Sludge Bomb|p2a: Wazy
|-immune|p2a: Wazy
|
|upkeep
|turn|12
|inactive|yxng_sith has 120 seconds left.
|inactive|limitado60hz has 120 seconds left.
|
|t:|1760736413
|switch|p1a: Vileplume|Vileplume, M, tera:Water|100/100
|move|p2a: Wazy|Taunt|p1a: Vileplume
|-start|p1a: Vileplume|move: Taunt
|
|upkeep
|turn|13
|inactive|limitado60hz has 120 seconds left.
|inactive|limitado60hz has 90 seconds left.
|
|t:|1760736466
|switch|p2a: Lloyd|Torkoal, F|58/100
|-weather|SunnyDay|[from] ability: Drought|[of] p2a: Lloyd
|move|p1a: Vileplume|Giga Drain|p2a: Lloyd
|-resisted|p2a: Lloyd
|-damage|p2a: Lloyd|40/100
|
|-weather|SunnyDay|[upkeep]
|upkeep
|turn|14
|inactive|yxng_sith has 120 seconds left.
|
|t:|1760736474
|switch|p1a: Hoopa|Hoopa-Unbound|25/100
|move|p2a: Lloyd|Stealth Rock|p1a: Hoopa
|-sidestart|p1: yxng_sith|move: Stealth Rock
|
|-weather|SunnyDay|[upkeep]
|upkeep
|turn|15
|inactive|limitado60hz has 90 seconds left.
|
|t:|1760736479
|switch|p2a: Noel|Slither Wing|100/100
|-activate|p2a: Noel|ability: Protosynthesis
|-start|p2a: Noel|protosynthesisatk
|move|p1a: Hoopa|Trick Room|p1a: Hoopa
|-fieldstart|move: Trick Room|[of] p1a: Hoopa
|
|-weather|SunnyDay|[upkeep]
|upkeep
|turn|16
|inactive|yxng_sith has 120 seconds left.
|inactive|yxng_sith has 90 seconds left.
|
|t:|1760736538
|switch|p1a: Hitmontop|Hitmontop, M|100/100
|move|p2a: Noel|First Impression|p1a: Hitmontop
|-resisted|p1a: Hitmontop
|-damage|p1a: Hitmontop|59/100
|
|-weather|SunnyDay|[upkeep]
|upkeep
|turn|17
|inactive|yxng_sith has 90 seconds left.
|inactive|limitado60hz has 90 seconds left.
|inactive|yxng_sith has 60 seconds left.
|inactive|limitado60hz has 60 seconds left.
|inactive|limitado60hz has 30 seconds left.
|inactive|limitado60hz has 20 seconds left.
|inactive|limitado60hz has 15 seconds left.
|
|t:|1760736629
|move|p1a: Hitmontop|Rapid Spin|p2a: Noel
|-damage|p2a: Noel|75/100
|-boost|p1a: Hitmontop|spe|1
|-sideend|p1: yxng_sith|Stealth Rock|[from] move: Rapid Spin|[of] p1a: Hitmontop
|move|p2a: Noel|U-turn|p1a: Hitmontop
|-resisted|p1a: Hitmontop
|-damage|p1a: Hitmontop|26/100
|inactive|limitado60hz has 20 seconds left this turn.
|
|t:|1760736633
|-end|p2a: Noel|Protosynthesis|[silent]
|switch|p2a: Lloyd|Torkoal, F|40/100|[from] U-turn
|
|-weather|SunnyDay|[upkeep]
|upkeep
|turn|18
|inactive|limitado60hz has 30 seconds left this turn.
|-message|limitado60hz forfeited.
|
|win|yxng_sith
|raw|yxng_sith's rating: 1342 &rarr; <strong>1362</strong><br />(+20 for winning)
|raw|limitado60hz's rating: 1349 &rarr; <strong>1329</strong><br />(-20 for losing)
|l|☆limitado60hz
|player|p2|
|l|☆yxng_sith
|player|p1|
