|j|☆daksh55
|j|☆tuffasatip
|t:|1760822069
|gametype|singles
|player|p1|daksh55|266|1245
|player|p2|tuffasatip|ghetsis|1237
|gen|9
|tier|[Gen 9] OU
|rated|
|rule|HP Percentage Mod: HP is shown in percentages
|rule|Endless Battle Clause: Forcing endless battles is banned
|rule|Species Clause: Limit one of each Pokémon
|rule|OHKO Clause: OHKO moves are banned
|rule|Evasion Items Clause: Evasion items are banned
|rule|Evasion Moves Clause: Evasion moves are banned
|rule|Evasion Abilities Clause: Evasion abilities are banned
|rule|Sleep Moves Clause: Sleep-inducing moves are banned
|clearpoke
|poke|p1|Cobalion|
|poke|p1|Gardevoir, M|
|poke|p1|Garchomp, M|
|poke|p1|Dragonite, M|
|poke|p1|Entei|
|poke|p1|Milotic, F|
|poke|p2|Magnezone|
|poke|p2|Dragapult, M|
|poke|p2|Zamazenta-*|
|poke|p2|Slowking-Galar, F|
|poke|p2|Ting-Lu|
|poke|p2|Corviknight, F|
|teampreview
|inactive|Battle timer is ON: inactive players will automatically lose when time's up. (requested by tuffasatip)
|
|t:|1760822076
|teamsize|p1|6
|teamsize|p2|6
|start
|switch|p1a: Garchomp|Garchomp, M|100/100
|switch|p2a: Dragapult|Dragapult, M|100/100
|turn|1
|
|t:|1760822089
|switch|p1a: Gardevoir|Gardevoir, M|100/100
|-ability|p1a: Gardevoir|Infiltrator|Trace|[from] ability: Trace|[of] p2a: Dragapult
|move|p2a: Dragapult|Shadow Ball|p1a: Gardevoir
|-supereffective|p1a: Gardevoir
|-damage|p1a: Gardevoir|0 fnt
|faint|p1a: Gardevoir
|
|upkeep
|
|t:|1760822101
|switch|p1a: Milotic|Milotic, F|100/100
|turn|2
|
|t:|1760822108
|switch|p2a: Slowking|Slowking-Galar, F|100/100
|move|p1a: Milotic|Scald|p2a: Slowking
|-damage|p2a: Slowking|78/100
|-status|p2a: Slowking|brn
|
|-damage|p2a: Slowking|72/100 brn|[from] brn
|upkeep
|turn|3
|
|t:|1760822116
|move|p1a: Milotic|Flip Turn|p2a: Slowking
|-damage|p2a: Slowking|60/100 brn
|-damage|p1a: Milotic|84/100|[from] item: Rocky Helmet|[of] p2a: Slowking
|
|t:|1760822124
|switch|p1a: Garchomp|Garchomp, M|100/100|[from] Flip Turn
|move|p2a: Slowking|Thunder Wave|p1a: Garchomp
|-immune|p1a: Garchomp
|
|-damage|p2a: Slowking|54/100 brn|[from] brn
|upkeep
|turn|4
|
|t:|1760822133
|switch|p2a: Corviknight|Corviknight, F|100/100
|-ability|p2a: Corviknight|Pressure
|move|p1a: Garchomp|Stealth Rock|p2a: Corviknight
|-sidestart|p2: tuffasatip|move: Stealth Rock
|
|upkeep
|turn|5
|
|t:|1760822137
|move|p2a: Corviknight|Defog|p1a: Garchomp
|-unboost|p1a: Garchomp|evasion|1
|-sideend|p2: tuffasatip|Stealth Rock|[from] move: Defog|[of] p2a: Corviknight
|move|p1a: Garchomp|Dragon Tail|p2a: Corviknight
|-resisted|p2a: Corviknight
|-crit|p2a: Corviknight
|-damage|p2a: Corviknight|89/100
|drag|p2a: Zamazenta|Zamazenta|100/100
|-ability|p2a: Zamazenta|Dauntless Shield|boost
|-boost|p2a: Zamazenta|def|1
|
|upkeep
|turn|6
|
|t:|1760822146
|move|p1a: Garchomp|Stealth Rock|p2a: Zamazenta
|-sidestart|p2: tuffasatip|move: Stealth Rock
|move|p2a: Zamazenta|Roar|p1a: Garchomp
|drag|p1a: Dragonite|Dragonite, M|100/100
|
|upkeep
|turn|7
|
|t:|1760822158
|move|p2a: Zamazenta|Iron Defense|p2a: Zamazenta
|-boost|p2a: Zamazenta|def|2
|move|p1a: Dragonite|Dragon Dance|p1a: Dragonite
|-boost|p1a: Dragonite|atk|1
|-boost|p1a: Dragonite|spe|1
|
|upkeep
|turn|8
|
|t:|1760822161
|move|p2a: Zamazenta|Iron Defense|p2a: Zamazenta
|-boost|p2a: Zamazenta|def|2
|move|p1a: Dragonite|Dragon Dance|p1a: Dragonite
|-boost|p1a: Dragonite|atk|1
|-boost|p1a: Dragonite|spe|1
|
|upkeep
|turn|9
|
|t:|1760822165
|move|p1a: Dragonite|Dragon Dance|p1a: Dragonite
|-boost|p1a: Dragonite|atk|1
|-boost|p1a: Dragonite|spe|1
|move|p2a: Zamazenta|Iron Defense|p2a: Zamazenta
|-boost|p2a: Zamazenta|def|1
|
|upkeep
|turn|10
|
|t:|1760822169
|move|p1a: Dragonite|Dragon Dance|p1a: Dragonite
|-boost|p1a: Dragonite|atk|1
|-boost|p1a: Dragonite|spe|1
|move|p2a: Zamazenta|Roar|p1a: Dragonite
|drag|p1a: Entei|Entei|100/100
|
|upkeep
|turn|11
|
|t:|1760822174
|move|p2a: Zamazenta|Body Press|p1a: Entei
|-damage|p1a: Entei|0 fnt
|faint|p1a: Entei
|
|upkeep
|
|t:|1760822179
|switch|p1a: Garchomp|Garchomp, M|100/100
|turn|12
|
|t:|1760822182
|-terastallize|p1a: Garchomp|Ghost
|move|p2a: Zamazenta|Body Press|p1a: Garchomp
|-immune|p1a: Garchomp
|move|p1a: Garchomp|Dragon Tail|p2a: Zamazenta
|-damage|p2a: Zamazenta|96/100
|drag|p2a: Magnezone|Magnezone, shiny|100/100
|-damage|p2a: Magnezone|94/100|[from] Stealth Rock
|
|upkeep
|turn|13
|
|t:|1760822194
|switch|p2a: Corviknight|Corviknight, F|89/100
|-damage|p2a: Corviknight|76/100|[from] Stealth Rock
|-ability|p2a: Corviknight|Pressure
|move|p1a: Garchomp|Earthquake|p2a: Corviknight
|-immune|p2a: Corviknight
|
|-heal|p2a: Corviknight|83/100|[from] item: Leftovers
|upkeep
|turn|14
|
|t:|1760822200
|switch|p1a: Cobalion|Cobalion|100/100
|move|p2a: Corviknight|Defog|p1a: Cobalion
|-unboost|p1a: Cobalion|evasion|1
|-sideend|p2: tuffasatip|Stealth Rock|[from] move: Defog|[of] p2a: Corviknight
|
|-heal|p2a: Corviknight|89/100|[from] item: Leftovers
|upkeep
|turn|15
|
|t:|1760822202
|move|p1a: Cobalion|Iron Defense|p1a: Cobalion
|-boost|p1a: Cobalion|def|2
|move|p2a: Corviknight|Body Press|p1a: Cobalion
|-supereffective|p1a: Cobalion
|-crit|p1a: Cobalion
|-damage|p1a: Cobalion|49/100
|
|-heal|p1a: Cobalion|55/100|[from] item: Leftovers
|-heal|p2a: Corviknight|95/100|[from] item: Leftovers
|upkeep
|turn|16
|
|t:|1760822205
|move|p1a: Cobalion|Iron Defense|p1a: Cobalion
|-boost|p1a: Cobalion|def|2
|move|p2a: Corviknight|U-turn|p1a: Cobalion
|-resisted|p1a: Cobalion
|-damage|p1a: Cobalion|54/100
|
|t:|1760822207
|switch|p2a: Dragapult|Dragapult, M|100/100|[from] U-turn
|
|-heal|p1a: Cobalion|60/100|[from] item: Leftovers
|upkeep
|turn|17
|
|t:|1760822213
|switch|p1a: Milotic|Milotic, F|84/100
|move|p2a: Dragapult|Draco Meteor|p1a: Milotic
|-damage|p1a: Milotic|50/100
|-unboost|p2a: Dragapult|spa|2
|
|upkeep
|turn|18
|
|t:|1760822216
|switch|p2a: Magnezone|Magnezone, shiny|94/100
|move|p1a: Milotic|Draining Kiss|p2a: Magnezone
|-resisted|p2a: Magnezone
|-damage|p2a: Magnezone|86/100
|-heal|p1a: Milotic|56/100|[from] drain|[of] p2a: Magnezone
|
|upkeep
|turn|19
|
|t:|1760822227
|switch|p1a: Garchomp|Garchomp, M, tera:Ghost|100/100
|move|p2a: Magnezone|Volt Switch|p1a: Garchomp
|-damage|p1a: Garchomp|42/100
|
|t:|1760822230
|switch|p2a: Dragapult|Dragapult, M|100/100|[from] Volt Switch
|
|upkeep
|turn|20
|
|t:|1760822235
|move|p2a: Dragapult|Shadow Ball|p1a: Garchomp
|-supereffective|p1a: Garchomp
|-damage|p1a: Garchomp|0 fnt
|faint|p1a: Garchomp
|
|upkeep
|
|t:|1760822238
|switch|p1a: Milotic|Milotic, F|56/100
|turn|21
|
|t:|1760822242
|switch|p2a: Magnezone|Magnezone, shiny|86/100
|move|p1a: Milotic|Draining Kiss|p2a: Magnezone
|-resisted|p2a: Magnezone
|-damage|p2a: Magnezone|75/100
|-heal|p1a: Milotic|62/100|[from] drain|[of] p2a: Magnezone
|
|upkeep
|turn|22
|
|t:|1760822245
|switch|p1a: Cobalion|Cobalion|60/100
|move|p2a: Magnezone|Volt Switch|p1a: Cobalion
|-damage|p1a: Cobalion|0 fnt
|faint|p1a: Cobalion
|-message|daksh55 forfeited.
|
|win|tuffasatip
|raw|daksh55's rating: 1245 &rarr; <strong>1219</strong><br />(-26 for losing)
|raw|tuffasatip's rating: 1237 &rarr; <strong>1263</strong><br />(+26 for winning)
|l|☆daksh55
|player|p1|
|l|☆tuffasatip
|player|p2|
