|j|☆Log God Neo✈️_✈️
|j|☆magical leaves
|t:|1760721385
|gametype|singles
|player|p1|Log God Neo✈️_✈️|medium|1460
|player|p2|magical leaves|aromalady|1431
|gen|9
|tier|[Gen 9] OU
|rated|
|rule|HP Percentage Mod: HP is shown in percentages
|rule|Endless Battle Clause: Forcing endless battles is banned
|rule|Species Clause: Limit one of each Pokémon
|rule|OHKO Clause: OHKO moves are banned
|rule|Evasion Items Clause: Evasion items are banned
|rule|Evasion Moves Clause: Evasion moves are banned
|rule|Evasion Abilities Clause: Evasion abilities are banned
|rule|Sleep Moves Clause: Sleep-inducing moves are banned
|clearpoke
|poke|p1|Tyranitar, F|
|poke|p1|Iron Moth|
|poke|p1|Staraptor, F|
|poke|p1|Garchomp, F|
|poke|p1|Torkoal, M|
|poke|p1|Dragonite, M|
|poke|p2|Darkrai|
|poke|p2|Great Tusk|
|poke|p2|Gholdengo|
|poke|p2|Hydrapple, M|
|poke|p2|Glimmora, M|
|poke|p2|Dragonite, M|
|teampreview
|inactive|Battle timer is ON: inactive players will automatically lose when time's up. (requested by Log God Neo✈️_✈️)
|
|t:|1760721395
|teamsize|p1|6
|teamsize|p2|6
|start
|switch|p1a: DA LAST REX(3005)|Tyranitar, F|100/100
|switch|p2a: crush|Great Tusk|100/100
|-weather|Sandstorm|[from] ability: Sand Stream|[of] p1a: DA LAST REX(3005)
|-enditem|p2a: crush|Booster Energy
|-activate|p2a: crush|ability: Protosynthesis|[fromitem]
|-start|p2a: crush|protosynthesisspe
|turn|1
|
|t:|1760721405
|switch|p1a: BIRD JESUS|Staraptor, F, shiny|100/100
|move|p2a: crush|Bulk Up|p2a: crush
|-boost|p2a: crush|atk|1
|-boost|p2a: crush|def|1
|
|-weather|Sandstorm|[upkeep]
|-damage|p1a: BIRD JESUS|94/100|[from] Sandstorm
|upkeep
|turn|2
|
|t:|1760721423
|switch|p1a: OVO CHUBBS|Torkoal, M|100/100
|-weather|SunnyDay|[from] ability: Drought|[of] p1a: OVO CHUBBS
|move|p2a: crush|Supercell Slam|p1a: OVO CHUBBS
|-damage|p1a: OVO CHUBBS|77/100
|
|-weather|SunnyDay|[upkeep]
|upkeep
|turn|3
|
|t:|1760721433
|-terastallize|p1a: OVO CHUBBS|Ghost
|move|p2a: crush|Bulk Up|p2a: crush
|-boost|p2a: crush|atk|1
|-boost|p2a: crush|def|1
|move|p1a: OVO CHUBBS|Lava Plume|p2a: crush
|-damage|p2a: crush|50/100
|-status|p2a: crush|brn
|
|-weather|SunnyDay|[upkeep]
|-damage|p2a: crush|44/100 brn|[from] brn
|upkeep
|turn|4
|
|t:|1760721455
|move|p2a: crush|Headlong Rush|p1a: OVO CHUBBS
|-damage|p1a: OVO CHUBBS|47/100
|-unboost|p2a: crush|def|1
|-unboost|p2a: crush|spd|1
|move|p1a: OVO CHUBBS|Lava Plume|p2a: crush
|-damage|p2a: crush|0 fnt
|faint|p2a: crush
|-end|p2a: crush|Protosynthesis|[silent]
|
|-weather|SunnyDay|[upkeep]
|upkeep
|
|t:|1760721467
|switch|p2a: badbadnotgood|Darkrai|100/100
|turn|5
|
|t:|1760721480
|switch|p1a: DA LAST REX(3005)|Tyranitar, F|100/100
|-weather|Sandstorm|[from] ability: Sand Stream|[of] p1a: DA LAST REX(3005)
|move|p2a: badbadnotgood|Knock Off|p1a: DA LAST REX(3005)
|-resisted|p1a: DA LAST REX(3005)
|-damage|p1a: DA LAST REX(3005)|83/100
|-enditem|p1a: DA LAST REX(3005)|Assault Vest|[from] move: Knock Off|[of] p2a: badbadnotgood
|
|-weather|Sandstorm|[upkeep]
|-damage|p2a: badbadnotgood|94/100|[from] Sandstorm
|upkeep
|turn|6
|
|t:|1760721491
|switch|p2a: glo|Glimmora, M|100/100
|move|p1a: DA LAST REX(3005)|Knock Off|p2a: glo
|-damage|p2a: glo|51/100
|-activate|p2a: glo|ability: Toxic Debris
|-sidestart|p1: Log God Neo✈️_✈️|move: Toxic Spikes
|-enditem|p2a: glo|Power Herb|[from] move: Knock Off|[of] p1a: DA LAST REX(3005)
|
|-weather|Sandstorm|[upkeep]
|upkeep
|turn|7
|
|t:|1760721502
|move|p2a: glo|Dazzling Gleam|p1a: DA LAST REX(3005)
|-supereffective|p1a: DA LAST REX(3005)
|-damage|p1a: DA LAST REX(3005)|59/100
|move|p1a: DA LAST REX(3005)|Earthquake|p2a: glo
|-supereffective|p2a: glo
|-damage|p2a: glo|0 fnt
|-activate|p2a: glo|ability: Toxic Debris
|-sidestart|p1: Log God Neo✈️_✈️|move: Toxic Spikes
|faint|p2a: glo
|
|-weather|Sandstorm|[upkeep]
|upkeep
|
|t:|1760721513
|switch|p2a: wawawawawawawawa|Hydrapple, M|100/100
|turn|8
|
|t:|1760721523
|move|p2a: wawawawawawawawa|Giga Drain|p1a: DA LAST REX(3005)
|-supereffective|p1a: DA LAST REX(3005)
|-damage|p1a: DA LAST REX(3005)|36/100
|move|p1a: DA LAST REX(3005)|Knock Off|p2a: wawawawawawawawa
|-damage|p2a: wawawawawawawawa|76/100
|-enditem|p2a: wawawawawawawawa|Heavy-Duty Boots|[from] move: Knock Off|[of] p1a: DA LAST REX(3005)
|
|-weather|Sandstorm|[upkeep]
|-damage|p2a: wawawawawawawawa|70/100|[from] Sandstorm
|upkeep
|turn|9
|
|t:|1760721539
|move|p2a: wawawawawawawawa|Giga Drain|p1a: DA LAST REX(3005)
|-supereffective|p1a: DA LAST REX(3005)
|-damage|p1a: DA LAST REX(3005)|10/100
|-heal|p2a: wawawawawawawawa|83/100|[from] drain|[of] p1a: DA LAST REX(3005)
|move|p1a: DA LAST REX(3005)|Dragon Tail|p2a: wawawawawawawawa
|-supereffective|p2a: wawawawawawawawa
|-damage|p2a: wawawawawawawawa|61/100
|drag|p2a: MF GOBLIN|Gholdengo|100/100
|-item|p2a: MF GOBLIN|Air Balloon
|
|-weather|none
|upkeep
|turn|10
|
|t:|1760721551
|switch|p1a: VODECi IV|Iron Moth|100/100
|-sideend|p1: Log God Neo✈️_✈️|move: Toxic Spikes|[of] p1a: VODECi IV
|move|p2a: MF GOBLIN|Dazzling Gleam|p1a: VODECi IV
|-resisted|p1a: VODECi IV
|-damage|p1a: VODECi IV|93/100
|
|upkeep
|turn|11
|
|t:|1760721568
|switch|p2a: vin skully|Dragonite, M|100/100
|move|p1a: VODECi IV|Overheat|p2a: vin skully
|-resisted|p2a: vin skully
|-damage|p2a: vin skully|79/100
|-unboost|p1a: VODECi IV|spa|2
|
|upkeep
|turn|12
|
|t:|1760721576
|-end|p1a: VODECi IV|Quark Drive|[silent]
|switch|p1a: BLITZ SOME OPPS|Garchomp, F|100/100
|move|p2a: vin skully|Roost|p2a: vin skully
|-heal|p2a: vin skully|100/100
|-singleturn|p2a: vin skully|move: Roost
|
|upkeep
|turn|13
|
|t:|1760721584
|-terastallize|p2a: vin skully|Fairy
|move|p1a: BLITZ SOME OPPS|Breaking Swipe|p2a: vin skully
|-immune|p2a: vin skully
|move|p2a: vin skully|Dragon Dance|p2a: vin skully
|-boost|p2a: vin skully|atk|1
|-boost|p2a: vin skully|spe|1
|
|upkeep
|turn|14
|
|t:|1760721592
|switch|p1a: DA LAST REX(3005)|Tyranitar, F|10/100
|-weather|Sandstorm|[from] ability: Sand Stream|[of] p1a: DA LAST REX(3005)
|move|p2a: vin skully|Dragon Dance|p2a: vin skully
|-boost|p2a: vin skully|atk|1
|-boost|p2a: vin skully|spe|1
|
|-weather|Sandstorm|[upkeep]
|-damage|p2a: vin skully|94/100|[from] Sandstorm
|upkeep
|turn|15
|
|t:|1760721602
|move|p2a: vin skully|Tera Blast|p1a: DA LAST REX(3005)|[anim] Tera Blast Fairy
|-supereffective|p1a: DA LAST REX(3005)
|-crit|p1a: DA LAST REX(3005)
|-damage|p1a: DA LAST REX(3005)|0 fnt
|faint|p1a: DA LAST REX(3005)
|
|-weather|Sandstorm|[upkeep]
|-damage|p2a: vin skully|88/100|[from] Sandstorm
|upkeep
|
|t:|1760721610
|switch|p1a: OVO CHUBBS|Torkoal, M, tera:Ghost|47/100
|-weather|SunnyDay|[from] ability: Drought|[of] p1a: OVO CHUBBS
|turn|16
|
|t:|1760721620
|move|p2a: vin skully|Tera Blast|p1a: OVO CHUBBS|[anim] Tera Blast Fairy
|-damage|p1a: OVO CHUBBS|4/100
|move|p1a: OVO CHUBBS|Clear Smog|p2a: vin skully
|-supereffective|p2a: vin skully
|-damage|p2a: vin skully|75/100
|-clearboost|p2a: vin skully
|
|-weather|SunnyDay|[upkeep]
|upkeep
|turn|17
|
|t:|1760721633
|move|p2a: vin skully|Dragon Dance|p2a: vin skully
|-boost|p2a: vin skully|atk|1
|-boost|p2a: vin skully|spe|1
|move|p1a: OVO CHUBBS|Clear Smog|p2a: vin skully
|-supereffective|p2a: vin skully
|-damage|p2a: vin skully|61/100
|-clearboost|p2a: vin skully
|
|-weather|SunnyDay|[upkeep]
|upkeep
|turn|18
|
|t:|1760721644
|move|p2a: vin skully|Roost|p2a: vin skully
|-heal|p2a: vin skully|100/100
|move|p1a: OVO CHUBBS|Will-O-Wisp|p2a: vin skully
|-status|p2a: vin skully|brn
|
|-weather|SunnyDay|[upkeep]
|-damage|p2a: vin skully|94/100 brn|[from] brn
|upkeep
|turn|19
|
|t:|1760721653
|move|p2a: vin skully|Earthquake|p1a: OVO CHUBBS
|-damage|p1a: OVO CHUBBS|0 fnt
|faint|p1a: OVO CHUBBS
|
|-weather|SunnyDay|[upkeep]
|-damage|p2a: vin skully|88/100 brn|[from] brn
|upkeep
|
|t:|1760721659
|switch|p1a: BIRD JESUS|Staraptor, F, shiny|94/100
|turn|20
|
|t:|1760721670
|move|p1a: BIRD JESUS|Brave Bird|p2a: vin skully
|-damage|p2a: vin skully|0 fnt
|faint|p2a: vin skully
|-damage|p1a: BIRD JESUS|59/100|[from] Recoil
|
|-weather|none
|upkeep
|
|t:|1760721681
|switch|p2a: badbadnotgood|Darkrai|94/100
|turn|21
|
|t:|1760721687
|move|p2a: badbadnotgood|Ice Beam|p1a: BIRD JESUS
|-supereffective|p1a: BIRD JESUS
|-damage|p1a: BIRD JESUS|0 fnt
|faint|p1a: BIRD JESUS
|
|upkeep
|
|t:|1760721689
|switch|p1a: VODECi IV|Iron Moth|93/100
|turn|22
|
|t:|1760721707
|move|p2a: badbadnotgood|Dark Pulse|p1a: VODECi IV
|-damage|p1a: VODECi IV|45/100
|move|p1a: VODECi IV|Overheat|p2a: badbadnotgood
|-damage|p2a: badbadnotgood|0 fnt
|-unboost|p1a: VODECi IV|spa|2
|faint|p2a: badbadnotgood
|
|upkeep
|
|t:|1760721723
|switch|p2a: wawawawawawawawa|Hydrapple, M|94/100
|turn|23
|
|t:|1760721731
|-end|p1a: VODECi IV|Quark Drive|[silent]
|switch|p1a: BLITZ SOME OPPS|Garchomp, F|100/100
|move|p2a: wawawawawawawawa|Earth Power|p1a: BLITZ SOME OPPS
|-damage|p1a: BLITZ SOME OPPS|76/100
|
|upkeep
|turn|24
|
|t:|1760721738
|move|p1a: BLITZ SOME OPPS|Stealth Rock|p2a: wawawawawawawawa
|-sidestart|p2: magical leaves|move: Stealth Rock
|move|p2a: wawawawawawawawa|Fickle Beam|p1a: BLITZ SOME OPPS
|-supereffective|p1a: BLITZ SOME OPPS
|-damage|p1a: BLITZ SOME OPPS|21/100
|
|upkeep
|turn|25
|
|t:|1760721749
|move|p1a: BLITZ SOME OPPS|Spikes|p2a: wawawawawawawawa
|-sidestart|p2: magical leaves|Spikes
|move|p2a: wawawawawawawawa|Giga Drain|p1a: BLITZ SOME OPPS
|-damage|p1a: BLITZ SOME OPPS|0 fnt
|-heal|p2a: wawawawawawawawa|100/100|[from] drain|[of] p1a: BLITZ SOME OPPS
|faint|p1a: BLITZ SOME OPPS
|
|upkeep
|
|t:|1760721750
|switch|p1a: VODECi IV|Iron Moth|45/100
|turn|26
|
|t:|1760721761
|move|p1a: VODECi IV|Sludge Wave|p2a: wawawawawawawawa
|-supereffective|p2a: wawawawawawawawa
|-damage|p2a: wawawawawawawawa|0 fnt
|faint|p2a: wawawawawawawawa
|
|upkeep
|
|t:|1760721766
|switch|p2a: MF GOBLIN|Gholdengo|100/100
|-damage|p2a: MF GOBLIN|94/100|[from] Stealth Rock
|-item|p2a: MF GOBLIN|Air Balloon
|turn|27
|
|t:|1760721774
|-end|p1a: VODECi IV|Quark Drive|[silent]
|switch|p1a: FAT CHARIZARD|Dragonite, M, shiny|100/100
|move|p2a: MF GOBLIN|Nasty Plot|p2a: MF GOBLIN
|-boost|p2a: MF GOBLIN|spa|2
|
|upkeep
|turn|28
|
|t:|1760721783
|move|p2a: MF GOBLIN|Dazzling Gleam|p1a: FAT CHARIZARD
|-supereffective|p1a: FAT CHARIZARD
|-damage|p1a: FAT CHARIZARD|38/100
|move|p1a: FAT CHARIZARD|Fire Punch|p2a: MF GOBLIN
|-supereffective|p2a: MF GOBLIN
|-damage|p2a: MF GOBLIN|25/100
|-enditem|p2a: MF GOBLIN|Air Balloon
|
|upkeep
|turn|29
|
|t:|1760721791
|move|p2a: MF GOBLIN|Dazzling Gleam|p1a: FAT CHARIZARD
|-supereffective|p1a: FAT CHARIZARD
|-damage|p1a: FAT CHARIZARD|0 fnt
|faint|p1a: FAT CHARIZARD
|
|upkeep
|
|t:|1760721799
|switch|p1a: VODECi IV|Iron Moth|45/100
|turn|30
|
|t:|1760721802
|move|p1a: VODECi IV|Overheat|p2a: MF GOBLIN|[miss]
|-miss|p1a: VODECi IV|p2a: MF GOBLIN
|move|p2a: MF GOBLIN|Make It Rain|p1a: VODECi IV
|-resisted|p1a: VODECi IV
|-damage|p1a: VODECi IV|0 fnt
|-unboost|p2a: MF GOBLIN|spa|1
|faint|p1a: VODECi IV
|-end|p1a: VODECi IV|Quark Drive|[silent]
|
|win|magical leaves
|raw|Log God Neo✈️_✈️'s rating: 1478 &rarr; <strong>1455</strong><br />(-23 for losing)
|raw|magical leaves's rating: 1431 &rarr; <strong>1454</strong><br />(+23 for winning)
|l|☆Log God Neo✈️_✈️
|player|p1|
