|j|☆N_Alder
|j|☆Charlie_Kirk_L
|t:|1760762210
|gametype|singles
|player|p1|N_Alder|shadowtriad|1578
|player|p2|Charlie_Kirk_L|hoopster|1640
|gen|9
|tier|[Gen 9] OU
|rated|
|rule|HP Percentage Mod: HP is shown in percentages
|rule|Endless Battle Clause: Forcing endless battles is banned
|rule|Species Clause: Limit one of each Pokémon
|rule|OHKO Clause: OHKO moves are banned
|rule|Evasion Items Clause: Evasion items are banned
|rule|Evasion Moves Clause: Evasion moves are banned
|rule|Evasion Abilities Clause: Evasion abilities are banned
|rule|Sleep Moves Clause: Sleep-inducing moves are banned
|clearpoke
|poke|p1|Tornadus-Therian, M|
|poke|p1|Iron Valiant|
|poke|p1|Pecharunt|
|poke|p1|Ting-Lu|
|poke|p1|Raging Bolt|
|poke|p1|Ogerpon-Wellspring, F|
|poke|p2|Alomomola, M|
|poke|p2|Ting-Lu|
|poke|p2|Zamazenta-*|
|poke|p2|Hawlucha, M|
|poke|p2|Arcanine-Hisui, M|
|poke|p2|Darkrai|
|teampreview
|inactive|Battle timer is ON: inactive players will automatically lose when time's up. (requested by N_Alder)
|inactive|Charlie_Kirk_L also wants the timer to be on.
|inactive|Charlie_Kirk_L has 120 seconds left.
|
|t:|1760762241
|teamsize|p1|6
|teamsize|p2|6
|start
|switch|p1a: Ogerpon|Ogerpon-Wellspring, F|100/100
|switch|p2a: Darkrai|Darkrai|100/100
|turn|1
|
|t:|1760762248
|move|p2a: Darkrai|Ice Beam|p1a: Ogerpon
|-damage|p1a: Ogerpon|41/100
|move|p1a: Ogerpon|Play Rough|p2a: Darkrai
|-supereffective|p2a: Darkrai
|-damage|p2a: Darkrai|11/100
|
|upkeep
|turn|2
|
|t:|1760762259
|switch|p1a: Pecharunt|Pecharunt|100/100
|move|p2a: Darkrai|Ice Beam|p1a: Pecharunt
|-damage|p1a: Pecharunt|61/100
|
|-heal|p1a: Pecharunt|67/100|[from] item: Leftovers
|upkeep
|turn|3
|
|t:|1760762270
|switch|p2a: Alomomola|Alomomola, M|100/100
|move|p1a: Pecharunt|Parting Shot|p2a: Alomomola
|-unboost|p2a: Alomomola|atk|1
|-unboost|p2a: Alomomola|spa|1
|
|t:|1760762274
|switch|p1a: Ogerpon|Ogerpon-Wellspring, F|41/100|[from] Parting Shot
|
|upkeep
|turn|4
|
|t:|1760762279
|-terastallize|p2a: Alomomola|Fairy
|move|p1a: Ogerpon|Power Whip|p2a: Alomomola
|-damage|p2a: Alomomola|49/100
|move|p2a: Alomomola|Acrobatics|p1a: Ogerpon
|-supereffective|p1a: Ogerpon
|-damage|p1a: Ogerpon|23/100
|
|upkeep
|turn|5
|
|t:|1760762288
|switch|p2a: Zamazenta|Zamazenta|100/100
|-ability|p2a: Zamazenta|Dauntless Shield|boost
|-boost|p2a: Zamazenta|def|1
|move|p1a: Ogerpon|Power Whip|p2a: Zamazenta
|-crit|p2a: Zamazenta
|-damage|p2a: Zamazenta|0 fnt
|faint|p2a: Zamazenta
|
|upkeep
|
|t:|1760762293
|switch|p2a: Arcanine|Arcanine-Hisui, M|100/100
|turn|6
|
|t:|1760762297
|move|p2a: Arcanine|Flare Blitz|p1a: Ogerpon
|-crit|p1a: Ogerpon
|-damage|p1a: Ogerpon|0 fnt
|faint|p1a: Ogerpon
|
|upkeep
|
|t:|1760762300
|switch|p1a: Raging Bolt|Raging Bolt|100/100
|turn|7
|
|t:|1760762308
|switch|p2a: Alomomola|Alomomola, M, tera:Fairy|83/100
|move|p1a: Raging Bolt|Calm Mind|p1a: Raging Bolt
|-boost|p1a: Raging Bolt|spa|1
|-boost|p1a: Raging Bolt|spd|1
|
|upkeep
|turn|8
|
|t:|1760762314
|switch|p2a: Ting-Lu|Ting-Lu|100/100
|-ability|p2a: Ting-Lu|Vessel of Ruin
|move|p1a: Raging Bolt|Calm Mind|p1a: Raging Bolt
|-boost|p1a: Raging Bolt|spa|1
|-boost|p1a: Raging Bolt|spd|1
|
|upkeep
|turn|9
|
|t:|1760762319
|move|p1a: Raging Bolt|Dragon Pulse|p2a: Ting-Lu
|-damage|p2a: Ting-Lu|42/100
|move|p2a: Ting-Lu|Earthquake|p1a: Raging Bolt
|-supereffective|p1a: Raging Bolt
|-damage|p1a: Raging Bolt|0 fnt
|faint|p1a: Raging Bolt
|-end|p1a: Raging Bolt|Protosynthesis|[silent]
|
|upkeep
|
|t:|1760762325
|switch|p1a: Tornadus|Tornadus-Therian, M, shiny|100/100
|turn|10
|
|t:|1760762330
|switch|p2a: Alomomola|Alomomola, M, tera:Fairy|100/100
|move|p1a: Tornadus|Nasty Plot|p1a: Tornadus
|-boost|p1a: Tornadus|spa|2
|
|upkeep
|turn|11
|
|t:|1760762333
|move|p1a: Tornadus|Bleakwind Storm|p2a: Alomomola
|-damage|p2a: Alomomola|52/100
|move|p2a: Alomomola|Mirror Coat|p1a: Tornadus
|-damage|p1a: Tornadus|0 fnt
|faint|p1a: Tornadus
|
|upkeep
|j| Champion reko
|
|t:|1760762338
|switch|p1a: Pecharunt|Pecharunt|67/100
|turn|12
|
|t:|1760762363
|switch|p2a: Hawlucha|Hawlucha, M|100/100
|-ability|p2a: Hawlucha|Mold Breaker
|move|p1a: Pecharunt|Malignant Chain|p2a: Hawlucha
|-damage|p2a: Hawlucha|47/100
|
|-heal|p2a: Hawlucha|53/100|[from] item: Leftovers
|-heal|p1a: Pecharunt|73/100|[from] item: Leftovers
|upkeep
|turn|13
|
|t:|1760762376
|move|p2a: Hawlucha|Roost|p2a: Hawlucha
|-heal|p2a: Hawlucha|100/100
|-singleturn|p2a: Hawlucha|move: Roost
|move|p1a: Pecharunt|Malignant Chain|p2a: Hawlucha
|-damage|p2a: Hawlucha|51/100
|-status|p2a: Hawlucha|tox
|-start|p2a: Hawlucha|confusion|[from] ability: Poison Puppeteer|[of] p1a: Pecharunt
|
|-heal|p2a: Hawlucha|57/100 tox|[from] item: Leftovers
|-heal|p1a: Pecharunt|79/100|[from] item: Leftovers
|-damage|p2a: Hawlucha|51/100 tox|[from] psn
|upkeep
|turn|14
|
|t:|1760762380
|-activate|p2a: Hawlucha|confusion
|move|p2a: Hawlucha|Roost|p2a: Hawlucha
|-heal|p2a: Hawlucha|100/100 tox
|-singleturn|p2a: Hawlucha|move: Roost
|move|p1a: Pecharunt|Parting Shot|p2a: Hawlucha
|-unboost|p2a: Hawlucha|atk|1
|-unboost|p2a: Hawlucha|spa|1
|
|t:|1760762383
|switch|p1a: Ting-Lu|Ting-Lu|100/100|[from] Parting Shot
|-ability|p1a: Ting-Lu|Vessel of Ruin
|
|-damage|p2a: Hawlucha|88/100 tox|[from] psn
|upkeep
|turn|15
|
|t:|1760762395
|-activate|p2a: Hawlucha|confusion
|move|p2a: Hawlucha|U-turn|p1a: Ting-Lu
|-supereffective|p1a: Ting-Lu
|-damage|p1a: Ting-Lu|92/100
|
|t:|1760762400
|switch|p2a: Darkrai|Darkrai|11/100|[from] U-turn
|move|p1a: Ting-Lu|Stealth Rock|p2a: Darkrai
|-sidestart|p2: Charlie_Kirk_L|move: Stealth Rock
|
|-heal|p1a: Ting-Lu|99/100|[from] item: Leftovers
|upkeep
|turn|16
|
|t:|1760762404
|move|p2a: Darkrai|Trick|p1a: Ting-Lu
|-activate|p2a: Darkrai|move: Trick|[of] p1a: Ting-Lu
|-item|p1a: Ting-Lu|Choice Specs|[from] move: Trick
|-item|p2a: Darkrai|Leftovers|[from] move: Trick
|move|p1a: Ting-Lu|Earthquake|p2a: Darkrai
|-damage|p2a: Darkrai|0 fnt
|faint|p2a: Darkrai
|
|upkeep
|
|t:|1760762413
|switch|p2a: Hawlucha|Hawlucha, M|88/100 tox
|-damage|p2a: Hawlucha|76/100 tox|[from] Stealth Rock
|-ability|p2a: Hawlucha|Mold Breaker
|turn|17
|
|t:|1760762415
|switch|p1a: Pecharunt|Pecharunt|79/100
|move|p2a: Hawlucha|Defog|p1a: Pecharunt
|-unboost|p1a: Pecharunt|evasion|1
|-sideend|p2: Charlie_Kirk_L|Stealth Rock|[from] move: Defog|[of] p2a: Hawlucha
|
|-heal|p2a: Hawlucha|82/100 tox|[from] item: Leftovers
|-heal|p1a: Pecharunt|85/100|[from] item: Leftovers
|-damage|p2a: Hawlucha|76/100 tox|[from] psn
|upkeep
|turn|18
|
|t:|1760762421
|move|p2a: Hawlucha|U-turn|p1a: Pecharunt
|-resisted|p1a: Pecharunt
|-damage|p1a: Pecharunt|84/100
|
|t:|1760762441
|switch|p2a: Ting-Lu|Ting-Lu|42/100|[from] U-turn
|-ability|p2a: Ting-Lu|Vessel of Ruin
|move|p1a: Pecharunt|Malignant Chain|p2a: Ting-Lu
|-resisted|p2a: Ting-Lu
|-damage|p2a: Ting-Lu|33/100
|
|-heal|p1a: Pecharunt|90/100|[from] item: Leftovers
|upkeep
|turn|19
|
|t:|1760762445
|move|p1a: Pecharunt|Parting Shot|p2a: Ting-Lu
|-unboost|p2a: Ting-Lu|atk|1
|-unboost|p2a: Ting-Lu|spa|1
|
|t:|1760762447
|switch|p1a: Ting-Lu|Ting-Lu|99/100|[from] Parting Shot
|-ability|p1a: Ting-Lu|Vessel of Ruin
|move|p2a: Ting-Lu|Earthquake|p1a: Ting-Lu
|-damage|p1a: Ting-Lu|78/100
|
|upkeep
|turn|20
|l| Champion reko
|
|t:|1760762457
|switch|p2a: Hawlucha|Hawlucha, M|76/100 tox
|-ability|p2a: Hawlucha|Mold Breaker
|move|p1a: Ting-Lu|Earthquake|p2a: Hawlucha
|-immune|p2a: Hawlucha
|
|-heal|p2a: Hawlucha|82/100 tox|[from] item: Leftovers
|-damage|p2a: Hawlucha|76/100 tox|[from] psn
|upkeep
|turn|21
|
|t:|1760762460
|switch|p1a: Pecharunt|Pecharunt|90/100
|move|p2a: Hawlucha|U-turn|p1a: Pecharunt
|-resisted|p1a: Pecharunt
|-damage|p1a: Pecharunt|88/100
|
|t:|1760762464
|switch|p2a: Ting-Lu|Ting-Lu|33/100|[from] U-turn
|-ability|p2a: Ting-Lu|Vessel of Ruin
|
|-heal|p1a: Pecharunt|94/100|[from] item: Leftovers
|upkeep
|turn|22
|
|t:|1760762466
|move|p1a: Pecharunt|Parting Shot|p2a: Ting-Lu
|-unboost|p2a: Ting-Lu|atk|1
|-unboost|p2a: Ting-Lu|spa|1
|
|t:|1760762468
|switch|p1a: Ting-Lu|Ting-Lu|78/100|[from] Parting Shot
|-ability|p1a: Ting-Lu|Vessel of Ruin
|move|p2a: Ting-Lu|Earthquake|p1a: Ting-Lu
|-damage|p1a: Ting-Lu|55/100
|
|upkeep
|turn|23
|
|t:|1760762477
|switch|p2a: Hawlucha|Hawlucha, M|76/100 tox
|-ability|p2a: Hawlucha|Mold Breaker
|move|p1a: Ting-Lu|Stealth Rock|p2a: Hawlucha
|-sidestart|p2: Charlie_Kirk_L|move: Stealth Rock
|
|-heal|p2a: Hawlucha|82/100 tox|[from] item: Leftovers
|-damage|p2a: Hawlucha|76/100 tox|[from] psn
|upkeep
|turn|24
|
|t:|1760762481
|switch|p1a: Pecharunt|Pecharunt|94/100
|move|p2a: Hawlucha|Defog|p1a: Pecharunt
|-unboost|p1a: Pecharunt|evasion|1
|-sideend|p2: Charlie_Kirk_L|Stealth Rock|[from] move: Defog|[of] p2a: Hawlucha
|
|-heal|p2a: Hawlucha|82/100 tox|[from] item: Leftovers
|-heal|p1a: Pecharunt|99/100|[from] item: Leftovers
|-damage|p2a: Hawlucha|70/100 tox|[from] psn
|upkeep
|turn|25
|
|t:|1760762484
|move|p2a: Hawlucha|U-turn|p1a: Pecharunt
|-resisted|p1a: Pecharunt
|-damage|p1a: Pecharunt|98/100
|
|t:|1760762487
|switch|p2a: Ting-Lu|Ting-Lu|33/100|[from] U-turn
|-ability|p2a: Ting-Lu|Vessel of Ruin
|move|p1a: Pecharunt|Malignant Chain|p2a: Ting-Lu
|-resisted|p2a: Ting-Lu
|-damage|p2a: Ting-Lu|24/100
|
|-heal|p1a: Pecharunt|100/100|[from] item: Leftovers
|upkeep
|turn|26
|
|t:|1760762490
|move|p1a: Pecharunt|Parting Shot|p2a: Ting-Lu
|-unboost|p2a: Ting-Lu|atk|1
|-unboost|p2a: Ting-Lu|spa|1
|
|t:|1760762492
|switch|p1a: Ting-Lu|Ting-Lu|55/100|[from] Parting Shot
|-ability|p1a: Ting-Lu|Vessel of Ruin
|move|p2a: Ting-Lu|Earthquake|p1a: Ting-Lu
|-damage|p1a: Ting-Lu|34/100
|
|upkeep
|turn|27
|
|t:|1760762505
|switch|p2a: Alomomola|Alomomola, M, tera:Fairy|86/100
|move|p1a: Ting-Lu|Stealth Rock|p2a: Alomomola
|-sidestart|p2: Charlie_Kirk_L|move: Stealth Rock
|
|upkeep
|turn|28
|
|t:|1760762507
|switch|p1a: Pecharunt|Pecharunt|100/100
|move|p2a: Alomomola|Flip Turn|p1a: Pecharunt
|-damage|p1a: Pecharunt|92/100
|
|t:|1760762517
|switch|p2a: Arcanine|Arcanine-Hisui, M|100/100|[from] Flip Turn
|-damage|p2a: Arcanine|76/100|[from] Stealth Rock
|
|-heal|p1a: Pecharunt|98/100|[from] item: Leftovers
|upkeep
|turn|29
|
|t:|1760762521
|switch|p1a: Ting-Lu|Ting-Lu|34/100
|-ability|p1a: Ting-Lu|Vessel of Ruin
|move|p2a: Arcanine|Stealth Rock|p1a: Ting-Lu
|-sidestart|p1: N_Alder|move: Stealth Rock
|
|upkeep
|turn|30
|
|t:|1760762528
|switch|p2a: Hawlucha|Hawlucha, M|70/100 tox
|-damage|p2a: Hawlucha|57/100 tox|[from] Stealth Rock
|-ability|p2a: Hawlucha|Mold Breaker
|move|p1a: Ting-Lu|Payback|p2a: Hawlucha
|-resisted|p2a: Hawlucha
|-damage|p2a: Hawlucha|47/100 tox
|
|-heal|p2a: Hawlucha|53/100 tox|[from] item: Leftovers
|-damage|p2a: Hawlucha|47/100 tox|[from] psn
|upkeep
|turn|31
|
|t:|1760762533
|move|p2a: Hawlucha|Roost|p2a: Hawlucha
|-heal|p2a: Hawlucha|97/100 tox
|-singleturn|p2a: Hawlucha|move: Roost
|move|p1a: Ting-Lu|Payback|p2a: Hawlucha
|-resisted|p2a: Hawlucha
|-damage|p2a: Hawlucha|78/100 tox
|
|-heal|p2a: Hawlucha|84/100 tox|[from] item: Leftovers
|-damage|p2a: Hawlucha|72/100 tox|[from] psn
|upkeep
|turn|32
|
|t:|1760762544
|switch|p2a: Alomomola|Alomomola, M, tera:Fairy|100/100
|-damage|p2a: Alomomola|88/100|[from] Stealth Rock
|move|p1a: Ting-Lu|Payback|p2a: Alomomola
|-resisted|p2a: Alomomola
|-damage|p2a: Alomomola|81/100
|
|upkeep
|turn|33
|
|t:|1760762551
|switch|p1a: Pecharunt|Pecharunt|98/100
|-damage|p1a: Pecharunt|85/100|[from] Stealth Rock
|move|p2a: Alomomola|Icy Wind|p1a: Pecharunt
|-damage|p1a: Pecharunt|80/100
|-unboost|p1a: Pecharunt|spe|1
|
|-heal|p1a: Pecharunt|86/100|[from] item: Leftovers
|upkeep
|turn|34
|
|t:|1760762555
|move|p1a: Pecharunt|Malignant Chain|p2a: Alomomola
|-supereffective|p2a: Alomomola
|-damage|p2a: Alomomola|49/100
|-status|p2a: Alomomola|tox
|-start|p2a: Alomomola|confusion|[from] ability: Poison Puppeteer|[of] p1a: Pecharunt
|-activate|p2a: Alomomola|confusion
|move|p2a: Alomomola|Mirror Coat|p1a: Pecharunt
|-damage|p1a: Pecharunt|0 fnt
|faint|p1a: Pecharunt
|
|-damage|p2a: Alomomola|43/100 tox|[from] psn
|upkeep
|
|t:|1760762562
|switch|p1a: Iron Valiant|Iron Valiant, shiny|100/100
|-damage|p1a: Iron Valiant|94/100|[from] Stealth Rock
|-enditem|p1a: Iron Valiant|Booster Energy
|-activate|p1a: Iron Valiant|ability: Quark Drive|[fromitem]
|-start|p1a: Iron Valiant|quarkdrivespe
|turn|35
|
|t:|1760762568
|switch|p2a: Ting-Lu|Ting-Lu|24/100
|-damage|p2a: Ting-Lu|18/100|[from] Stealth Rock
|-ability|p2a: Ting-Lu|Vessel of Ruin
|move|p1a: Iron Valiant|Swords Dance|p1a: Iron Valiant
|-boost|p1a: Iron Valiant|atk|2
|
|upkeep
|turn|36
|
|t:|1760762572
|move|p1a: Iron Valiant|Moonblast|p2a: Ting-Lu
|-supereffective|p2a: Ting-Lu
|-damage|p2a: Ting-Lu|0 fnt
|faint|p2a: Ting-Lu
|
|upkeep
|
|t:|1760762586
|switch|p2a: Alomomola|Alomomola, M, tera:Fairy|76/100 tox
|-damage|p2a: Alomomola|64/100 tox|[from] Stealth Rock
|turn|37
|
|t:|1760762590
|switch|p2a: Hawlucha|Hawlucha, M|72/100 tox
|-damage|p2a: Hawlucha|59/100 tox|[from] Stealth Rock
|-ability|p2a: Hawlucha|Mold Breaker
|move|p1a: Iron Valiant|Swords Dance|p1a: Iron Valiant
|-boost|p1a: Iron Valiant|atk|2
|
|-heal|p2a: Hawlucha|65/100 tox|[from] item: Leftovers
|-damage|p2a: Hawlucha|59/100 tox|[from] psn
|upkeep
|turn|38
|
|t:|1760762593
|move|p1a: Iron Valiant|Moonblast|p2a: Hawlucha
|-supereffective|p2a: Hawlucha
|-damage|p2a: Hawlucha|0 fnt
|faint|p2a: Hawlucha
|
|upkeep
|
|t:|1760762596
|switch|p2a: Alomomola|Alomomola, M, tera:Fairy|97/100 tox
|-damage|p2a: Alomomola|85/100 tox|[from] Stealth Rock
|turn|39
|
|t:|1760762604
|-terastallize|p1a: Iron Valiant|Dark
|move|p1a: Iron Valiant|Knock Off|p2a: Alomomola
|-resisted|p2a: Alomomola
|-damage|p2a: Alomomola|41/100 tox
|-enditem|p2a: Alomomola|Assault Vest|[from] move: Knock Off|[of] p1a: Iron Valiant
|move|p2a: Alomomola|Icy Wind|p1a: Iron Valiant
|-damage|p1a: Iron Valiant|83/100
|-unboost|p1a: Iron Valiant|spe|1
|
|-damage|p2a: Alomomola|35/100 tox|[from] psn
|upkeep
|turn|40
|
|t:|1760762614
|move|p1a: Iron Valiant|Moonblast|p2a: Alomomola
|-damage|p2a: Alomomola|3/100 tox
|move|p2a: Alomomola|Flip Turn|p1a: Iron Valiant
|-damage|p1a: Iron Valiant|63/100
|
|t:|1760762624
|switch|p2a: Arcanine|Arcanine-Hisui, M|76/100|[from] Flip Turn
|-damage|p2a: Arcanine|51/100|[from] Stealth Rock
|
|upkeep
|turn|41
|
|t:|1760762626
|move|p2a: Arcanine|Flare Blitz|p1a: Iron Valiant
|-damage|p1a: Iron Valiant|0 fnt
|faint|p1a: Iron Valiant
|-end|p1a: Iron Valiant|Quark Drive|[silent]
|
|upkeep
|
|t:|1760762629
|switch|p1a: Ting-Lu|Ting-Lu|34/100
|-damage|p1a: Ting-Lu|28/100|[from] Stealth Rock
|-ability|p1a: Ting-Lu|Vessel of Ruin
|turn|42
|
|t:|1760762642
|move|p2a: Arcanine|Flare Blitz|p1a: Ting-Lu
|-damage|p1a: Ting-Lu|3/100
|move|p1a: Ting-Lu|Earthquake|p2a: Arcanine
|-supereffective|p2a: Arcanine
|-damage|p2a: Arcanine|0 fnt
|faint|p2a: Arcanine
|
|upkeep
|
|t:|1760762646
|switch|p2a: Alomomola|Alomomola, M, tera:Fairy|36/100 tox
|-damage|p2a: Alomomola|24/100 tox|[from] Stealth Rock
|turn|43
|
|t:|1760762649
|move|p1a: Ting-Lu|Earthquake|p2a: Alomomola
|-damage|p2a: Alomomola|0 fnt
|faint|p2a: Alomomola
|
|win|N_Alder
|raw|N_Alder's rating: 1578 &rarr; <strong>1602</strong><br />(+24 for winning)
|raw|Charlie_Kirk_L's rating: 1640 &rarr; <strong>1616</strong><br />(-24 for losing)
|l|☆Charlie_Kirk_L
|player|p2|
|l|☆N_Alder
|player|p1|
