|j|☆patchworrk
|j|☆ImMikeyCzn
|t:|1760735819
|gametype|singles
|player|p1|patchworrk|marlon|
|player|p2|ImMikeyCzn|guitarist|
|gen|9
|tier|[Gen 9] OU
|rule|HP Percentage Mod: HP is shown in percentages
|rule|Endless Battle Clause: Forcing endless battles is banned
|rule|Species Clause: Limit one of each Pokémon
|rule|OHKO Clause: OHKO moves are banned
|rule|Evasion Items Clause: Evasion items are banned
|rule|Evasion Moves Clause: Evasion moves are banned
|rule|Evasion Abilities Clause: Evasion abilities are banned
|rule|Sleep Moves Clause: Sleep-inducing moves are banned
|clearpoke
|poke|p1|Mew|
|poke|p1|Lokix, M|
|poke|p1|Serperior, F|
|poke|p1|Flamigo, M|
|poke|p1|Skarmory, M|
|poke|p1|Arcanine-Hisui, F|
|poke|p2|Breloom, F|
|poke|p2|Pelipper, F|
|poke|p2|Basculegion-F, F|
|poke|p2|Ogerpon-Wellspring, F|
|poke|p2|Zapdos|
|poke|p2|Clawitzer, M|
|teampreview
|inactive|Battle timer is ON: inactive players will automatically lose when time's up. (requested by ImMikeyCzn)
|
|t:|1760735829
|teamsize|p1|6
|teamsize|p2|6
|start
|switch|p1a: :3|Mew, shiny|100/100
|switch|p2a: Pelipper|Pelipper, F|100/100
|-weather|RainDance|[from] ability: Drizzle|[of] p2a: Pelipper
|turn|1
|
|t:|1760735846
|move|p1a: :3|Taunt|p2a: Pelipper
|-start|p2a: Pelipper|move: Taunt
|move|p2a: Pelipper|U-turn|p1a: :3
|-supereffective|p1a: :3
|-damage|p1a: :3|88/100
|
|t:|1760735858
|switch|p2a: Basculegion|Basculegion-F, F|100/100|[from] U-turn
|
|-weather|RainDance|[upkeep]
|-heal|p1a: :3|94/100|[from] item: Leftovers
|upkeep
|turn|2
|
|t:|1760735878
|switch|p1a: the hero|Lokix, M, shiny|100/100
|move|p2a: Basculegion|Shadow Ball|p1a: the hero
|-resisted|p1a: the hero
|-damage|p1a: the hero|59/100
|-damage|p2a: Basculegion|91/100|[from] item: Life Orb
|
|-weather|RainDance|[upkeep]
|upkeep
|turn|3
|
|t:|1760735892
|-terastallize|p1a: the hero|Bug
|move|p1a: the hero|First Impression|p2a: Basculegion
|-resisted|p2a: Basculegion
|-damage|p2a: Basculegion|0 fnt
|faint|p2a: Basculegion
|
|-weather|RainDance|[upkeep]
|upkeep
|
|t:|1760735906
|switch|p2a: Pelipper|Pelipper, F|100/100
|turn|4
|
|t:|1760735916
|switch|p1a: anubis|Skarmory, M, shiny|100/100
|move|p2a: Pelipper|Hurricane|p1a: anubis
|-resisted|p1a: anubis
|-damage|p1a: anubis|68/100
|
|-weather|RainDance|[upkeep]
|-heal|p1a: anubis|74/100|[from] item: Leftovers
|upkeep
|turn|5
|
|t:|1760735927
|move|p1a: anubis|Stealth Rock|p2a: Pelipper
|-sidestart|p2: ImMikeyCzn|move: Stealth Rock
|move|p2a: Pelipper|Surf|p1a: anubis
|-damage|p1a: anubis|0 fnt
|faint|p1a: anubis
|
|-weather|RainDance|[upkeep]
|upkeep
|
|t:|1760735937
|switch|p1a: the hero|Lokix, M, shiny, tera:Bug|59/100
|turn|6
|
|t:|1760735941
|move|p1a: the hero|First Impression|p2a: Pelipper
|-resisted|p2a: Pelipper
|-damage|p2a: Pelipper|7/100
|move|p2a: Pelipper|Hurricane|p1a: the hero
|-supereffective|p1a: the hero
|-damage|p1a: the hero|0 fnt
|faint|p1a: the hero
|
|-weather|RainDance|[upkeep]
|upkeep
|
|t:|1760735952
|switch|p1a: creature of habit|Serperior, F, shiny|100/100
|turn|7
|
|t:|1760735961
|switch|p2a: Zapdos|Zapdos, shiny|100/100
|-damage|p2a: Zapdos|76/100|[from] Stealth Rock
|move|p1a: creature of habit|Leaf Storm|p2a: Zapdos
|-resisted|p2a: Zapdos
|-damage|p2a: Zapdos|52/100
|-boost|p1a: creature of habit|spa|2
|
|-weather|RainDance|[upkeep]
|upkeep
|turn|8
|
|t:|1760735977
|move|p1a: creature of habit|Dragon Pulse|p2a: Zapdos
|-damage|p2a: Zapdos|8/100
|move|p2a: Zapdos|Roost|p2a: Zapdos
|-heal|p2a: Zapdos|58/100
|-singleturn|p2a: Zapdos|move: Roost
|
|-weather|none
|upkeep
|turn|9
|
|t:|1760735986
|move|p1a: creature of habit|Leaf Storm|p2a: Zapdos
|-resisted|p2a: Zapdos
|-damage|p2a: Zapdos|11/100
|-boost|p1a: creature of habit|spa|2
|move|p2a: Zapdos|Hurricane|p1a: creature of habit|[miss]
|-miss|p2a: Zapdos|p1a: creature of habit
|
|upkeep
|turn|10
|
|t:|1760735996
|switch|p2a: Pelipper|Pelipper, F|7/100
|-damage|p2a: Pelipper|0 fnt|[from] Stealth Rock
|faint|p2a: Pelipper
|move|p1a: creature of habit|Dragon Pulse|p2: Pelipper|[notarget]
|-fail|p1a: creature of habit
|
|upkeep
|
|t:|1760736006
|switch|p2a: Breloom|Breloom, F|100/100
|-damage|p2a: Breloom|94/100|[from] Stealth Rock
|turn|11
|
|t:|1760736017
|move|p1a: creature of habit|Dragon Pulse|p2a: Breloom
|-damage|p2a: Breloom|0 fnt
|faint|p2a: Breloom
|
|upkeep
|
|t:|1760736026
|switch|p2a: Clawitzer|Clawitzer, M|100/100
|-damage|p2a: Clawitzer|88/100|[from] Stealth Rock
|turn|12
|
|t:|1760736034
|move|p1a: creature of habit|Leaf Storm|p2a: Clawitzer
|-supereffective|p2a: Clawitzer
|-damage|p2a: Clawitzer|0 fnt
|-boost|p1a: creature of habit|spa|2
|faint|p2a: Clawitzer
|
|upkeep
|
|t:|1760736041
|switch|p2a: Ogerpon|Ogerpon-Wellspring, F|100/100
|-damage|p2a: Ogerpon|88/100|[from] Stealth Rock
|turn|13
|
|t:|1760736049
|move|p1a: creature of habit|Dragon Pulse|p2a: Ogerpon
|-damage|p2a: Ogerpon|0 fnt
|faint|p2a: Ogerpon
|
|upkeep
|
|t:|1760736053
|switch|p2a: Zapdos|Zapdos, shiny|11/100
|-damage|p2a: Zapdos|0 fnt|[from] Stealth Rock
|faint|p2a: Zapdos
|
|win|patchworrk
|l|☆ImMikeyCzn
|player|p2|
|c|☆patchworrk|w games
