|inactive|Battle timer is ON: inactive players will automatically lose when time's up.
|badge|p2|bronze|gen9randombattle|100-7
|uhtml|medal-msg|<div class="broadcast-blue">Curious what those medals under the avatar are? PS now has Ladder Seasons! For more information, check out the <a href="https://www.smogon.com/forums/threads/3740067/">thread on Smogon.</a></div>
|t:|1760884586
|gametype|singles
|player|p1|oldspicemike|#scl5terrors|
|player|p2|70to90gxe|#scl5breakers|
|gen|9
|tier|[Gen 9] OU
|rule|HP Percentage Mod: HP is shown in percentages
|rule|Endless Battle Clause: Forcing endless battles is banned
|rule|Species Clause: Limit one of each Pokémon
|rule|OHKO Clause: OHKO moves are banned
|rule|Evasion Items Clause: Evasion items are banned
|rule|Evasion Moves Clause: Evasion moves are banned
|rule|Evasion Abilities Clause: Evasion abilities are banned
|rule|Sleep Moves Clause: Sleep-inducing moves are banned
|clearpoke
|poke|p1|Tyranitar, F|
|poke|p1|Excadrill, F|
|poke|p1|Tornadus-Therian, M|
|poke|p1|Ogerpon-Wellspring, F|
|poke|p1|Pecharunt|
|poke|p1|Zamazenta-*|
|poke|p2|Ogerpon-Cornerstone, F|
|poke|p2|Cresselia, F|
|poke|p2|Kingambit, F|
|poke|p2|Cinderace, M|
|poke|p2|Ting-Lu|
|poke|p2|Enamorus, F|
|teampreview
|c|☆70to90gxe|hf
|c|☆oldspicemike|hf
|rated|Smogon Champions League
|inactive|oldspicemike has 270 seconds left.
|inactive|70to90gxe has 270 seconds left.
|inactive|oldspicemike has 240 seconds left.
|inactive|70to90gxe has 240 seconds left.
|inactive|oldspicemike has 210 seconds left.
|inactive|70to90gxe has 210 seconds left.
|
|t:|1760884704
|teamsize|p1|6
|teamsize|p2|6
|start
|switch|p1a: Pecharunt|Pecharunt|100/100
|switch|p2a: Cinderace|Cinderace, M|100/100
|turn|1
|
|t:|1760884734
|switch|p2a: Kingambit|Kingambit, F|100/100
|move|p1a: Pecharunt|Parting Shot|p2a: Kingambit
|-unboost|p2a: Kingambit|atk|1
|-unboost|p2a: Kingambit|spa|1
|inactive|oldspicemike has 240 seconds left.
|
|t:|1760884776
|switch|p1a: Excadrill|Excadrill, F|100/100|[from] Parting Shot
|-item|p1a: Excadrill|Air Balloon
|
|upkeep
|turn|2
|inactive|oldspicemike has 210 seconds left.
|inactive|70to90gxe has 240 seconds left.
|
|t:|1760884807
|-end|p2a: Kingambit|fallenundefined|[silent]
|switch|p2a: Ting-Lu|Ting-Lu|100/100
|-ability|p2a: Ting-Lu|Vessel of Ruin
|move|p1a: Excadrill|Swords Dance|p1a: Excadrill
|-boost|p1a: Excadrill|atk|2
|
|upkeep
|turn|3
|inactive|oldspicemike has 210 seconds left.
|
|t:|1760884813
|move|p1a: Excadrill|Iron Head|p2a: Ting-Lu
|-damage|p2a: Ting-Lu|47/100
|-damage|p1a: Excadrill|84/100|[from] item: Rocky Helmet|[of] p2a: Ting-Lu
|move|p2a: Ting-Lu|Ruination|p1a: Excadrill
|-damage|p1a: Excadrill|42/100
|-enditem|p1a: Excadrill|Air Balloon
|
|upkeep
|turn|4
|inactive|70to90gxe has 240 seconds left.
|inactive|oldspicemike has 210 seconds left.
|inactive|70to90gxe has 210 seconds left.
|inactive|70to90gxe has 180 seconds left.
|inactive|70to90gxe has 150 seconds left.
|
|t:|1760884928
|move|p1a: Excadrill|Earthquake|p2a: Ting-Lu
|-damage|p2a: Ting-Lu|0 fnt
|faint|p2a: Ting-Lu
|
|upkeep
|inactive|70to90gxe has 120 seconds left.
|
|t:|1760884959
|switch|p2a: Cinderace|Cinderace, M|100/100
|turn|5
|
|t:|1760884963
|switch|p1a: Pecharunt|Pecharunt|100/100
|move|p2a: Cinderace|Pyro Ball|p1a: Pecharunt|[miss]
|-miss|p2a: Cinderace|p1a: Pecharunt
|
|upkeep
|turn|6
|inactive|70to90gxe has 120 seconds left.
|
|t:|1760884978
|move|p2a: Cinderace|Taunt|p1a: Pecharunt
|-start|p1a: Pecharunt|move: Taunt
|cant|p1a: Pecharunt|move: Taunt|Parting Shot
|
|upkeep
|turn|7
|
|t:|1760884986
|move|p2a: Cinderace|U-turn|p1a: Pecharunt
|-resisted|p1a: Pecharunt
|-crit|p1a: Pecharunt
|-damage|p1a: Pecharunt|97/100
|
|t:|1760884989
|switch|p2a: Kingambit|Kingambit, F|100/100|[from] U-turn
|-activate|p2a: Kingambit|ability: Supreme Overlord
|-start|p2a: Kingambit|fallen1|[silent]
|move|p1a: Pecharunt|Foul Play|p2a: Kingambit
|-resisted|p2a: Kingambit
|-damage|p2a: Kingambit|85/100
|
|-heal|p2a: Kingambit|91/100|[from] item: Leftovers
|upkeep
|turn|8
|
|t:|1760885000
|switch|p1a: Zamazenta|Zamazenta|100/100
|-ability|p1a: Zamazenta|Dauntless Shield|boost
|-boost|p1a: Zamazenta|def|1
|move|p2a: Kingambit|Low Kick|p1a: Zamazenta
|-damage|p1a: Zamazenta|76/100
|
|-heal|p2a: Kingambit|97/100|[from] item: Leftovers
|upkeep
|turn|9
|inactive|oldspicemike has 240 seconds left.
|inactive|70to90gxe has 120 seconds left.
|
|t:|1760885035
|-end|p2a: Kingambit|fallen1|[silent]
|switch|p2a: Cinderace|Cinderace, M|100/100
|move|p1a: Zamazenta|Body Press|p2a: Cinderace
|-damage|p2a: Cinderace|33/100
|
|upkeep
|turn|10
|
|t:|1760885040
|switch|p1a: Tornadus|Tornadus-Therian, M|100/100
|switch|p2a: Cresselia|Cresselia, F|100/100
|
|upkeep
|turn|11
|
|t:|1760885046
|move|p1a: Tornadus|Knock Off|p2a: Cresselia
|-supereffective|p2a: Cresselia
|-damage|p2a: Cresselia|78/100
|-damage|p1a: Tornadus|84/100|[from] item: Rocky Helmet|[of] p2a: Cresselia
|-enditem|p2a: Cresselia|Rocky Helmet|[from] move: Knock Off|[of] p1a: Tornadus
|move|p2a: Cresselia|Thunder Wave|p1a: Tornadus
|-status|p1a: Tornadus|par
|
|upkeep
|turn|12
|inactive|70to90gxe has 120 seconds left.
|
|t:|1760885074
|switch|p2a: Kingambit|Kingambit, F|97/100
|-activate|p2a: Kingambit|ability: Supreme Overlord
|-start|p2a: Kingambit|fallen1|[silent]
|cant|p1a: Tornadus|par
|
|-heal|p2a: Kingambit|100/100|[from] item: Leftovers
|upkeep
|turn|13
|inactive|70to90gxe has 120 seconds left.
|inactive|oldspicemike has 240 seconds left.
|
|t:|1760885106
|move|p1a: Tornadus|Heat Wave|p2a: Kingambit
|-supereffective|p2a: Kingambit
|-damage|p2a: Kingambit|52/100
|move|p2a: Kingambit|Kowtow Cleave|p1a: Tornadus
|-damage|p1a: Tornadus|26/100 par
|
|-heal|p2a: Kingambit|58/100|[from] item: Leftovers
|upkeep
|turn|14
|
|t:|1760885128
|switch|p1a: Zamazenta|Zamazenta|76/100
|move|p2a: Kingambit|Sucker Punch||[still]
|-fail|p2a: Kingambit
|
|-heal|p2a: Kingambit|64/100|[from] item: Leftovers
|upkeep
|turn|15
|inactive|oldspicemike has 240 seconds left.
|inactive|70to90gxe has 90 seconds left.
|
|t:|1760885153
|switch|p1a: Tornadus|Tornadus-Therian, M|59/100 par
|-end|p2a: Kingambit|fallen1|[silent]
|switch|p2a: Enamorus|Enamorus, F|100/100
|
|upkeep
|turn|16
|inactive|oldspicemike has 240 seconds left.
|inactive|70to90gxe has 90 seconds left.
|
|t:|1760885169
|move|p2a: Enamorus|Moonblast|p1a: Tornadus
|-damage|p1a: Tornadus|22/100 par
|-unboost|p1a: Tornadus|spa|1
|move|p1a: Tornadus|U-turn|p2a: Enamorus
|-resisted|p2a: Enamorus
|-damage|p2a: Enamorus|95/100
|inactive|oldspicemike has 210 seconds left.
|
|t:|1760885202
|switch|p1a: Ogerpon|Ogerpon-Wellspring, F|100/100|[from] U-turn
|
|upkeep
|turn|17
|inactive|70to90gxe has 90 seconds left.
|
|t:|1760885215
|switch|p2a: Cresselia|Cresselia, F|78/100
|-terastallize|p1a: Ogerpon|Water
|detailschange|p1a: Ogerpon|Ogerpon-Wellspring-Tera, F, tera:Water
|-ability|p1a: Ogerpon|Embody Aspect (Wellspring)|boost
|-boost|p1a: Ogerpon|spd|1
|move|p1a: Ogerpon|Ivy Cudgel|p2a: Cresselia|[anim] Ivy Cudgel Water
|-crit|p2a: Cresselia
|-damage|p2a: Cresselia|9/100
|
|upkeep
|turn|18
|inactive|70to90gxe has 90 seconds left.
|inactive|oldspicemike has 210 seconds left.
|
|t:|1760885243
|move|p1a: Ogerpon|Ivy Cudgel|p2a: Cresselia|[anim] Ivy Cudgel Water
|-damage|p2a: Cresselia|0 fnt
|faint|p2a: Cresselia
|
|upkeep
|
|t:|1760885245
|switch|p2a: Ogerpon|Ogerpon-Cornerstone, F|100/100
|turn|19
|inactive|oldspicemike has 210 seconds left.
|
|t:|1760885256
|switch|p1a: Pecharunt|Pecharunt|97/100
|move|p2a: Ogerpon|Power Whip|p1a: Pecharunt
|-resisted|p1a: Pecharunt
|-damage|p1a: Pecharunt|80/100
|
|upkeep
|turn|20
|inactive|70to90gxe has 90 seconds left.
|inactive|oldspicemike has 210 seconds left.
|
|t:|1760885270
|switch|p2a: Kingambit|Kingambit, F|64/100
|-activate|p2a: Kingambit|ability: Supreme Overlord
|-start|p2a: Kingambit|fallen2|[silent]
|move|p1a: Pecharunt|Foul Play|p2a: Kingambit
|-resisted|p2a: Kingambit
|-damage|p2a: Kingambit|49/100
|
|-heal|p2a: Kingambit|55/100|[from] item: Leftovers
|upkeep
|turn|21
|inactive|70to90gxe has 90 seconds left.
|
|t:|1760885279
|move|p1a: Pecharunt|Parting Shot|p2a: Kingambit
|-unboost|p2a: Kingambit|atk|1
|-unboost|p2a: Kingambit|spa|1
|
|t:|1760885282
|switch|p1a: Zamazenta|Zamazenta|76/100|[from] Parting Shot
|move|p2a: Kingambit|Kowtow Cleave|p1a: Zamazenta
|-resisted|p1a: Zamazenta
|-damage|p1a: Zamazenta|61/100
|
|-heal|p2a: Kingambit|61/100|[from] item: Leftovers
|upkeep
|turn|22
|
|t:|1760885290
|-end|p2a: Kingambit|fallen2|[silent]
|switch|p2a: Enamorus|Enamorus, F|95/100
|move|p1a: Zamazenta|Body Press|p2a: Enamorus
|-resisted|p2a: Enamorus
|-damage|p2a: Enamorus|81/100
|
|upkeep
|turn|23
|inactive|70to90gxe has 90 seconds left.
|inactive|oldspicemike has 210 seconds left.
|
|t:|1760885338
|switch|p1a: Tyranitar|Tyranitar, F|100/100
|-weather|Sandstorm|[from] ability: Sand Stream|[of] p1a: Tyranitar
|-terastallize|p2a: Enamorus|Stellar
|move|p2a: Enamorus|Tera Blast|p1a: Tyranitar|[anim] Tera Blast Stellar
|-crit|p1a: Tyranitar
|-damage|p1a: Tyranitar|71/100
|-boost|p2a: Enamorus|atk|1
|-boost|p2a: Enamorus|spa|1
|
|-weather|Sandstorm|[upkeep]
|-damage|p2a: Enamorus|75/100|[from] Sandstorm
|upkeep
|turn|24
|
|t:|1760885357
|switch|p2a: Ogerpon|Ogerpon-Cornerstone, F|100/100
|move|p1a: Tyranitar|Ice Beam|p2a: Ogerpon
|-supereffective|p2a: Ogerpon
|-damage|p2a: Ogerpon|69/100
|
|-weather|Sandstorm|[upkeep]
|upkeep
|turn|25
|inactive|oldspicemike has 180 seconds left.
|
|t:|1760885383
|switch|p1a: Tornadus|Tornadus-Therian, M|56/100 par
|move|p2a: Ogerpon|Ivy Cudgel|p1a: Tornadus|[anim] Ivy Cudgel Rock
|-supereffective|p1a: Tornadus
|-damage|p1a: Tornadus|0 fnt
|faint|p1a: Tornadus
|
|-weather|Sandstorm|[upkeep]
|upkeep
|
|t:|1760885393
|switch|p1a: Excadrill|Excadrill, F|42/100
|turn|26
|inactive|70to90gxe has 120 seconds left.
|inactive|70to90gxe has 90 seconds left.
|
|t:|1760885436
|switch|p2a: Cinderace|Cinderace, M|33/100
|move|p1a: Excadrill|Earthquake|p2a: Cinderace
|-supereffective|p2a: Cinderace
|-damage|p2a: Cinderace|0 fnt
|faint|p2a: Cinderace
|
|-weather|Sandstorm|[upkeep]
|upkeep
|
|t:|1760885438
|switch|p2a: Kingambit|Kingambit, F|61/100
|-activate|p2a: Kingambit|ability: Supreme Overlord
|-start|p2a: Kingambit|fallen3|[silent]
|turn|27
|inactive|70to90gxe has 90 seconds left.
|inactive|oldspicemike has 180 seconds left.
|inactive|70to90gxe has 60 seconds left.
|
|t:|1760885493
|-end|p2a: Kingambit|fallen3|[silent]
|switch|p2a: Enamorus|Enamorus, F, tera:Stellar|75/100
|move|p1a: Excadrill|Earthquake|p2a: Enamorus
|-immune|p2a: Enamorus
|
|-weather|none
|upkeep
|turn|28
|inactive|oldspicemike has 150 seconds left.
|inactive|70to90gxe has 30 seconds left.
|inactive|70to90gxe has 20 seconds left.
|inactive|70to90gxe has 15 seconds left.
|inactive|oldspicemike has 120 seconds left.
|
|t:|1760885553
|switch|p1a: Tyranitar|Tyranitar, F|71/100
|-weather|Sandstorm|[from] ability: Sand Stream|[of] p1a: Tyranitar
|move|p2a: Enamorus|Tera Blast|p1a: Tyranitar|[anim] Tera Blast Stellar
|-damage|p1a: Tyranitar|55/100
|-boost|p2a: Enamorus|atk|1
|-boost|p2a: Enamorus|spa|1
|
|-weather|Sandstorm|[upkeep]
|-damage|p2a: Enamorus|68/100|[from] Sandstorm
|upkeep
|turn|29
|inactive|70to90gxe has 25 seconds left this turn.
|inactive|oldspicemike has 120 seconds left.
|inactive|70to90gxe has 20 seconds left.
|
|t:|1760885564
|switch|p2a: Kingambit|Kingambit, F|61/100
|-activate|p2a: Kingambit|ability: Supreme Overlord
|-start|p2a: Kingambit|fallen3|[silent]
|move|p1a: Tyranitar|Stealth Rock|p2a: Kingambit
|-sidestart|p2: 70to90gxe|move: Stealth Rock
|
|-weather|Sandstorm|[upkeep]
|-heal|p2a: Kingambit|67/100|[from] item: Leftovers
|upkeep
|turn|30
|inactive|70to90gxe has 30 seconds left this turn.
|inactive|oldspicemike has 120 seconds left.
|inactive|70to90gxe has 20 seconds left.
|inactive|oldspicemike has 90 seconds left.
|inactive|70to90gxe has 15 seconds left.
|inactive|70to90gxe has 10 seconds left.
|
|t:|1760885622
|switch|p1a: Pecharunt|Pecharunt|80/100
|move|p2a: Kingambit|Low Kick|p1a: Pecharunt
|-immune|p1a: Pecharunt
|
|-weather|Sandstorm|[upkeep]
|-damage|p1a: Pecharunt|74/100|[from] Sandstorm
|-heal|p2a: Kingambit|73/100|[from] item: Leftovers
|upkeep
|turn|31
|inactive|70to90gxe has 20 seconds left this turn.
|
|t:|1760885627
|move|p1a: Pecharunt|Parting Shot|p2a: Kingambit
|-unboost|p2a: Kingambit|atk|1
|-unboost|p2a: Kingambit|spa|1
|
|t:|1760885630
|switch|p1a: Zamazenta|Zamazenta|61/100|[from] Parting Shot
|move|p2a: Kingambit|Low Kick|p1a: Zamazenta
|-crit|p1a: Zamazenta
|-damage|p1a: Zamazenta|0 fnt
|faint|p1a: Zamazenta
|
|-weather|Sandstorm|[upkeep]
|-heal|p2a: Kingambit|79/100|[from] item: Leftovers
|upkeep
|
|t:|1760885648
|switch|p1a: Ogerpon|Ogerpon-Wellspring-Tera, F, tera:Water|100/100
|-ability|p1a: Ogerpon|Embody Aspect (Wellspring)|boost
|-boost|p1a: Ogerpon|spd|1
|turn|32
|inactive|70to90gxe has 30 seconds left.
|inactive|70to90gxe has 20 seconds left.
|inactive|70to90gxe has 15 seconds left.
|
|t:|1760885673
|move|p1a: Ogerpon|Ivy Cudgel|p2a: Kingambit|[anim] Ivy Cudgel Water
|-damage|p2a: Kingambit|15/100
|move|p2a: Kingambit|Kowtow Cleave|p1a: Ogerpon
|-damage|p1a: Ogerpon|38/100
|
|-weather|none
|-heal|p2a: Kingambit|21/100|[from] item: Leftovers
|upkeep
|turn|33
|inactive|70to90gxe has 25 seconds left this turn.
|inactive|70to90gxe has 20 seconds left.
|inactive|oldspicemike has 60 seconds left.
|inactive|oldspicemike has 30 seconds left.
|inactive|oldspicemike has 20 seconds left.
|
|t:|1760885748
|switch|p1a: Tyranitar|Tyranitar, F|55/100
|-weather|Sandstorm|[from] ability: Sand Stream|[of] p1a: Tyranitar
|move|p2a: Kingambit|Sucker Punch||[still]
|-fail|p2a: Kingambit
|
|-weather|Sandstorm|[upkeep]
|-heal|p2a: Kingambit|27/100|[from] item: Leftovers
|upkeep
|turn|34
|inactive|oldspicemike has 30 seconds left this turn.
|inactive|70to90gxe has 30 seconds left this turn.
|inactive|70to90gxe has 20 seconds left.
|inactive|70to90gxe has 15 seconds left.
|inactive|70to90gxe has 10 seconds left.
|
|t:|1760885770
|-end|p2a: Kingambit|fallen3|[silent]
|switch|p2a: Ogerpon|Ogerpon-Cornerstone, F|69/100
|-damage|p2a: Ogerpon|56/100|[from] Stealth Rock
|move|p1a: Tyranitar|Knock Off|p2a: Ogerpon
|-damage|p2a: Ogerpon|19/100
|
|-weather|Sandstorm|[upkeep]
|upkeep
|turn|35
|inactive|70to90gxe has 20 seconds left this turn.
|inactive|70to90gxe has 15 seconds left.
|inactive|oldspicemike has 30 seconds left.
|inactive|oldspicemike has 20 seconds left.
|inactive|oldspicemike has 15 seconds left.
|
|t:|1760885800
|switch|p1a: Ogerpon|Ogerpon-Wellspring-Tera, F, tera:Water|38/100
|-ability|p1a: Ogerpon|Embody Aspect (Wellspring)|boost
|-boost|p1a: Ogerpon|spd|1
|move|p2a: Ogerpon|Ivy Cudgel|p1a: Ogerpon|[anim] Ivy Cudgel Rock
|-crit|p1a: Ogerpon
|-damage|p1a: Ogerpon|0 fnt
|faint|p1a: Ogerpon
|detailschange|p1: Ogerpon|Ogerpon-Wellspring, F|[silent]
|
|-weather|Sandstorm|[upkeep]
|upkeep
|inactive|oldspicemike has 20 seconds left this turn.
|
|t:|1760885802
|switch|p1a: Excadrill|Excadrill, F|42/100
|turn|36
|inactive|oldspicemike has 30 seconds left this turn.
|inactive|70to90gxe has 30 seconds left this turn.
|inactive|70to90gxe has 20 seconds left.
|
|t:|1760885813
|move|p1a: Excadrill|Iron Head|p2a: Ogerpon
|-supereffective|p2a: Ogerpon
|-damage|p2a: Ogerpon|0 fnt
|faint|p2a: Ogerpon
|
|-weather|Sandstorm|[upkeep]
|upkeep
|inactive|70to90gxe has 25 seconds left this turn.
|
|t:|1760885816
|switch|p2a: Kingambit|Kingambit, F|27/100
|-damage|p2a: Kingambit|21/100|[from] Stealth Rock
|-activate|p2a: Kingambit|ability: Supreme Overlord
|-start|p2a: Kingambit|fallen4|[silent]
|turn|37
|inactive|70to90gxe has 30 seconds left.
|
|t:|1760885829
|switch|p1a: Pecharunt|Pecharunt|74/100
|move|p2a: Kingambit|Sucker Punch||[still]
|-fail|p2a: Kingambit
|
|-weather|none
|-heal|p2a: Kingambit|27/100|[from] item: Leftovers
|upkeep
|turn|38
|inactive|70to90gxe has 30 seconds left.
|inactive|70to90gxe has 20 seconds left.
|inactive|70to90gxe has 15 seconds left.
|
|t:|1760885858
|move|p1a: Pecharunt|Foul Play|p2a: Kingambit
|-resisted|p2a: Kingambit
|-damage|p2a: Kingambit|12/100
|move|p2a: Kingambit|Kowtow Cleave|p1a: Pecharunt
|-supereffective|p1a: Pecharunt
|-damage|p1a: Pecharunt|4/100
|
|-heal|p2a: Kingambit|18/100|[from] item: Leftovers
|upkeep
|turn|39
|inactive|70to90gxe has 25 seconds left this turn.
|inactive|70to90gxe has 20 seconds left.
|inactive|70to90gxe has 15 seconds left.
|
|t:|1760885877
|move|p2a: Kingambit|Sucker Punch|p1a: Pecharunt
|-supereffective|p1a: Pecharunt
|-damage|p1a: Pecharunt|0 fnt
|faint|p1a: Pecharunt
|
|-heal|p2a: Kingambit|24/100|[from] item: Leftovers
|upkeep
|
|t:|1760885881
|switch|p1a: Tyranitar|Tyranitar, F|55/100
|-weather|Sandstorm|[from] ability: Sand Stream|[of] p1a: Tyranitar
|turn|40
|inactive|70to90gxe has 30 seconds left this turn.
|
|t:|1760885893
|-end|p2a: Kingambit|fallen4|[silent]
|switch|p2a: Enamorus|Enamorus, F, tera:Stellar|68/100
|-damage|p2a: Enamorus|43/100|[from] Stealth Rock
|move|p1a: Tyranitar|Knock Off|p2a: Enamorus
|-resisted|p2a: Enamorus
|-damage|p2a: Enamorus|10/100
|-enditem|p2a: Enamorus|Choice Scarf|[from] move: Knock Off|[of] p1a: Tyranitar
|
|-weather|Sandstorm|[upkeep]
|-damage|p2a: Enamorus|4/100|[from] Sandstorm
|upkeep
|turn|41
|inactive|oldspicemike has 30 seconds left.
|inactive|oldspicemike has 20 seconds left.
|inactive|oldspicemike has 15 seconds left.
|inactive|oldspicemike has 10 seconds left.
|inactive|oldspicemike has 5 seconds left.
|
|t:|1760885944
|switch|p1a: Excadrill|Excadrill, F|42/100
|move|p2a: Enamorus|Healing Wish|p2a: Enamorus
|faint|p2a: Enamorus
|
|-weather|Sandstorm|[upkeep]
|upkeep
|
|t:|1760885948
|switch|p2a: Kingambit|Kingambit, F|24/100
|-heal|p2a: Kingambit|100/100|[from] move: Healing Wish
|-damage|p2a: Kingambit|94/100|[from] Stealth Rock
|-activate|p2a: Kingambit|ability: Supreme Overlord
|-start|p2a: Kingambit|fallen5|[silent]
|turn|42
|inactive|oldspicemike has 20 seconds left this turn.
|inactive|oldspicemike has 15 seconds left.
|
|t:|1760885955
|move|p2a: Kingambit|Sucker Punch||[still]
|-fail|p2a: Kingambit
|move|p1a: Excadrill|Swords Dance|p1a: Excadrill
|-boost|p1a: Excadrill|atk|2
|
|-weather|Sandstorm|[upkeep]
|-heal|p2a: Kingambit|100/100|[from] item: Leftovers
|upkeep
|turn|43
|inactive|oldspicemike has 25 seconds left this turn.
|inactive|70to90gxe has 30 seconds left.
|inactive|70to90gxe has 20 seconds left.
|inactive|70to90gxe has 15 seconds left.
|inactive|70to90gxe has 10 seconds left.
|inactive|70to90gxe has 5 seconds left.
|
|t:|1760886005
|move|p2a: Kingambit|Sucker Punch||[still]
|-fail|p2a: Kingambit
|move|p1a: Excadrill|Swords Dance|p1a: Excadrill
|-boost|p1a: Excadrill|atk|2
|
|-weather|Sandstorm|[upkeep]
|upkeep
|turn|44
|inactive|70to90gxe has 15 seconds left this turn.
|inactive|oldspicemike has 30 seconds left.
|inactive|70to90gxe has 10 seconds left.
|inactive|70to90gxe has 5 seconds left.
|
|t:|1760886015
|move|p2a: Kingambit|Sucker Punch||[still]
|-fail|p2a: Kingambit
|move|p1a: Excadrill|Swords Dance|p1a: Excadrill
|-boost|p1a: Excadrill|atk|2
|
|-weather|none
|upkeep
|turn|45
|inactive|70to90gxe has 15 seconds left this turn.
|inactive|70to90gxe has 10 seconds left.
|
|t:|1760886024
|move|p1a: Excadrill|Earthquake|p2a: Kingambit
|-supereffective|p2a: Kingambit
|-damage|p2a: Kingambit|0 fnt
|faint|p2a: Kingambit
|-end|p2a: Kingambit|fallen5|[silent]
|
|win|oldspicemike
|c|☆oldspicemike|gg
|c|☆70to90gxe|gg
|player|p1|
