|j|☆ohlookarock3
|j|☆mansonabuluting
|t:|1760729155
|gametype|singles
|player|p1|ohlookarock3|geeta|1594
|player|p2|mansonabuluting|bellelba|1624
|gen|9
|tier|[Gen 9] OU
|rated|
|rule|HP Percentage Mod: HP is shown in percentages
|rule|Endless Battle Clause: Forcing endless battles is banned
|rule|Species Clause: Limit one of each Pokémon
|rule|OHKO Clause: OHKO moves are banned
|rule|Evasion Items Clause: Evasion items are banned
|rule|Evasion Moves Clause: Evasion moves are banned
|rule|Evasion Abilities Clause: Evasion abilities are banned
|rule|Sleep Moves Clause: Sleep-inducing moves are banned
|clearpoke
|poke|p1|Araquanid, F|
|poke|p1|Dragonite, F|
|poke|p1|Gholdengo|
|poke|p1|Iron Moth|
|poke|p1|Iron Valiant|
|poke|p1|Iron Treads|
|poke|p2|Rillaboom, M|
|poke|p2|Hawlucha, M|
|poke|p2|Thundurus-Therian, M|
|poke|p2|Great Tusk|
|poke|p2|Volcanion|
|poke|p2|Goodra-Hisui, F|
|teampreview
|inactive|Battle timer is ON: inactive players will automatically lose when time's up. (requested by ohlookarock3)
|
|t:|1760729160
|teamsize|p1|6
|teamsize|p2|6
|start
|switch|p1a: Yumame|Araquanid, F, shiny|100/100
|switch|p2a: Rillaboom|Rillaboom, M|100/100
|-fieldstart|move: Grassy Terrain|[from] ability: Grassy Surge|[of] p2a: Rillaboom
|turn|1
|
|t:|1760729163
|move|p2a: Rillaboom|Wood Hammer|p1a: Yumame
|-damage|p1a: Yumame|0 fnt
|faint|p1a: Yumame
|-damage|p2a: Rillaboom|73/100|[from] Recoil
|
|-heal|p2a: Rillaboom|79/100|[from] Grassy Terrain
|upkeep
|
|t:|1760729171
|switch|p1a: Sumireko|Iron Moth|100/100
|-enditem|p1a: Sumireko|Booster Energy
|-activate|p1a: Sumireko|ability: Quark Drive|[fromitem]
|-start|p1a: Sumireko|quarkdrivespa
|turn|2
|
|t:|1760729175
|switch|p2a: Goodra|Goodra-Hisui, F|100/100
|move|p1a: Sumireko|Substitute|p1a: Sumireko
|-start|p1a: Sumireko|Substitute
|-damage|p1a: Sumireko|76/100
|
|-heal|p1a: Sumireko|82/100|[from] Grassy Terrain
|upkeep
|turn|3
|
|t:|1760729177
|move|p1a: Sumireko|Fiery Dance|p2a: Goodra
|-damage|p2a: Goodra|73/100
|move|p2a: Goodra|Surf|p1a: Sumireko
|-supereffective|p1a: Sumireko
|-end|p1a: Sumireko|Substitute
|
|-heal|p1a: Sumireko|88/100|[from] Grassy Terrain
|-heal|p2a: Goodra|79/100|[from] Grassy Terrain
|upkeep
|turn|4
|
|t:|1760729183
|move|p1a: Sumireko|Fiery Dance|p2a: Goodra
|-damage|p2a: Goodra|54/100
|move|p2a: Goodra|Surf|p1a: Sumireko
|-supereffective|p1a: Sumireko
|-damage|p1a: Sumireko|27/100
|
|-heal|p1a: Sumireko|33/100|[from] Grassy Terrain
|-heal|p2a: Goodra|60/100|[from] Grassy Terrain
|upkeep
|turn|5
|
|t:|1760729191
|move|p1a: Sumireko|Fiery Dance|p2a: Goodra
|-damage|p2a: Goodra|33/100
|move|p2a: Goodra|Surf|p1a: Sumireko
|-supereffective|p1a: Sumireko
|-damage|p1a: Sumireko|0 fnt
|faint|p1a: Sumireko
|-end|p1a: Sumireko|Quark Drive|[silent]
|
|-heal|p2a: Goodra|39/100|[from] Grassy Terrain
|-fieldend|move: Grassy Terrain
|upkeep
|
|t:|1760729201
|switch|p1a: Byakuren|Dragonite, F|100/100
|turn|6
|
|t:|1760729206
|switch|p2a: Great Tusk|Great Tusk|100/100
|move|p1a: Byakuren|Earthquake|p2a: Great Tusk
|-damage|p2a: Great Tusk|81/100
|
|upkeep
|turn|7
|
|t:|1760729212
|switch|p1a: Patchouli|Iron Valiant|100/100
|-enditem|p1a: Patchouli|Booster Energy
|-activate|p1a: Patchouli|ability: Quark Drive|[fromitem]
|-start|p1a: Patchouli|quarkdrivespa
|move|p2a: Great Tusk|Stealth Rock|p1a: Patchouli
|-sidestart|p1: ohlookarock3|move: Stealth Rock
|
|upkeep
|turn|8
|
|t:|1760729222
|-end|p2a: Great Tusk|Protosynthesis|[silent]
|switch|p2a: Thundurus|Thundurus-Therian, M|100/100
|move|p1a: Patchouli|Calm Mind|p1a: Patchouli
|-boost|p1a: Patchouli|spa|1
|-boost|p1a: Patchouli|spd|1
|
|upkeep
|turn|9
|
|t:|1760729229
|move|p2a: Thundurus|Volt Switch|p1a: Patchouli
|-damage|p1a: Patchouli|49/100
|
|t:|1760729237
|switch|p2a: Goodra|Goodra-Hisui, F|39/100|[from] Volt Switch
|move|p1a: Patchouli|Moonblast|p2a: Goodra
|-damage|p2a: Goodra|0 fnt
|faint|p2a: Goodra
|
|upkeep
|
|t:|1760729240
|switch|p2a: Rillaboom|Rillaboom, M|79/100
|-fieldstart|move: Grassy Terrain|[from] ability: Grassy Surge|[of] p2a: Rillaboom
|turn|10
|
|t:|1760729244
|move|p1a: Patchouli|Vacuum Wave|p2a: Rillaboom
|-damage|p2a: Rillaboom|31/100
|move|p2a: Rillaboom|Grassy Glide|p1a: Patchouli
|-damage|p1a: Patchouli|0 fnt
|faint|p1a: Patchouli
|-end|p1a: Patchouli|Quark Drive|[silent]
|
|-heal|p2a: Rillaboom|37/100|[from] Grassy Terrain
|upkeep
|
|t:|1760729258
|switch|p1a: Tenshi|Iron Treads|100/100
|-damage|p1a: Tenshi|97/100|[from] Stealth Rock
|-enditem|p1a: Tenshi|Booster Energy
|-activate|p1a: Tenshi|ability: Quark Drive|[fromitem]
|-start|p1a: Tenshi|quarkdriveatk
|turn|11
|
|t:|1760729263
|move|p2a: Rillaboom|Grassy Glide|p1a: Tenshi
|-damage|p1a: Tenshi|42/100
|move|p1a: Tenshi|Rapid Spin|p2a: Rillaboom
|-damage|p2a: Rillaboom|15/100
|-boost|p1a: Tenshi|spe|1
|-sideend|p1: ohlookarock3|Stealth Rock|[from] move: Rapid Spin|[of] p1a: Tenshi
|
|-heal|p1a: Tenshi|48/100|[from] Grassy Terrain
|-heal|p2a: Rillaboom|21/100|[from] Grassy Terrain
|upkeep
|turn|12
|
|t:|1760729269
|move|p2a: Rillaboom|Grassy Glide|p1a: Tenshi
|-damage|p1a: Tenshi|0 fnt
|faint|p1a: Tenshi
|-end|p1a: Tenshi|Quark Drive|[silent]
|
|-heal|p2a: Rillaboom|28/100|[from] Grassy Terrain
|upkeep
|
|t:|1760729272
|switch|p1a: Byakuren|Dragonite, F|100/100
|turn|13
|
|t:|1760729276
|switch|p2a: Great Tusk|Great Tusk|81/100
|move|p1a: Byakuren|Extreme Speed|p2a: Great Tusk
|-damage|p2a: Great Tusk|66/100
|-damage|p1a: Byakuren|84/100|[from] item: Rocky Helmet|[of] p2a: Great Tusk
|
|-heal|p2a: Great Tusk|72/100|[from] Grassy Terrain
|upkeep
|turn|14
|
|t:|1760729280
|move|p1a: Byakuren|Dragon Dance|p1a: Byakuren
|-boost|p1a: Byakuren|atk|1
|-boost|p1a: Byakuren|spe|1
|move|p2a: Great Tusk|Ice Spinner|p1a: Byakuren
|-supereffective|p1a: Byakuren
|-damage|p1a: Byakuren|0 fnt
|-fieldend|move: Grassy Terrain
|faint|p1a: Byakuren
|
|upkeep
|
|t:|1760729283
|switch|p1a: Chimata|Gholdengo|100/100
|-item|p1a: Chimata|Air Balloon
|turn|15
|
|t:|1760729289
|-terastallize|p1a: Chimata|Fairy
|move|p1a: Chimata|Dazzling Gleam|p2a: Great Tusk
|-supereffective|p2a: Great Tusk
|-damage|p2a: Great Tusk|0 fnt
|faint|p2a: Great Tusk
|-end|p2a: Great Tusk|Protosynthesis|[silent]
|
|upkeep
|
|t:|1760729293
|switch|p2a: Rillaboom|Rillaboom, M|28/100
|-fieldstart|move: Grassy Terrain|[from] ability: Grassy Surge|[of] p2a: Rillaboom
|turn|16
|
|t:|1760729299
|move|p2a: Rillaboom|Grassy Glide|p1a: Chimata
|-damage|p1a: Chimata|32/100
|-enditem|p1a: Chimata|Air Balloon
|move|p1a: Chimata|Shadow Ball|p2a: Rillaboom
|-damage|p2a: Rillaboom|0 fnt
|faint|p2a: Rillaboom
|
|-heal|p1a: Chimata|38/100|[from] Grassy Terrain
|upkeep
|
|t:|1760729304
|switch|p2a: Thundurus|Thundurus-Therian, M|100/100
|turn|17
|-message|ohlookarock3 forfeited.
|
|win|mansonabuluting
|raw|ohlookarock3's rating: 1594 &rarr; <strong>1576</strong><br />(-18 for losing)
|raw|mansonabuluting's rating: 1624 &rarr; <strong>1642</strong><br />(+18 for winning)
|l|☆ohlookarock3
|player|p1|
|l|☆mansonabuluting
|player|p2|
