|j|☆mrpipsbulkyoffense
|j|☆luxor0545
|t:|1760718164
|gametype|singles
|player|p1|mrpipsbulkyoffense|102|1348
|player|p2|luxor0545|1|1333
|gen|9
|tier|[Gen 9] OU
|rated|
|rule|HP Percentage Mod: HP is shown in percentages
|rule|Endless Battle Clause: Forcing endless battles is banned
|rule|Species Clause: Limit one of each Pokémon
|rule|OHKO Clause: OHKO moves are banned
|rule|Evasion Items Clause: Evasion items are banned
|rule|Evasion Moves Clause: Evasion moves are banned
|rule|Evasion Abilities Clause: Evasion abilities are banned
|rule|Sleep Moves Clause: Sleep-inducing moves are banned
|clearpoke
|poke|p1|Garganacl, F|
|poke|p1|Ting-Lu|
|poke|p1|Sinistcha|
|poke|p1|Cinderace, F|
|poke|p1|Walking Wake|
|poke|p1|Zapdos|
|poke|p2|Samurott-Hisui, M|
|poke|p2|Hydreigon, F|
|poke|p2|Ceruledge, F|
|poke|p2|Gholdengo|
|poke|p2|Dragapult, M|
|poke|p2|Kingambit, M|
|teampreview
|inactive|Battle timer is ON: inactive players will automatically lose when time's up. (requested by mrpipsbulkyoffense)
|
|t:|1760718178
|teamsize|p1|6
|teamsize|p2|6
|start
|switch|p1a: Zapdos|Zapdos|100/100
|switch|p2a: Gholdengo|Gholdengo|100/100
|turn|1
|
|t:|1760718195
|move|p1a: Zapdos|Volt Switch|p2a: Gholdengo
|-damage|p2a: Gholdengo|72/100
|
|t:|1760718199
|switch|p1a: Ting-Lu|Ting-Lu|100/100|[from] Volt Switch
|-ability|p1a: Ting-Lu|Vessel of Ruin
|move|p2a: Gholdengo|Recover|p2a: Gholdengo
|-heal|p2a: Gholdengo|100/100
|
|upkeep
|turn|2
|
|t:|1760718217
|switch|p2a: Dragapult|Dragapult, M|100/100
|move|p1a: Ting-Lu|Ruination|p2a: Dragapult
|-damage|p2a: Dragapult|51/100
|
|upkeep
|turn|3
|
|t:|1760718225
|move|p2a: Dragapult|Will-O-Wisp|p1a: Ting-Lu
|-status|p1a: Ting-Lu|brn
|move|p1a: Ting-Lu|Spikes|p2a: Dragapult
|-sidestart|p2: luxor0545|Spikes
|
|-damage|p1a: Ting-Lu|94/100 brn|[from] brn
|upkeep
|turn|4
|
|t:|1760718234
|move|p2a: Dragapult|Surf|p1a: Ting-Lu
|-supereffective|p1a: Ting-Lu
|-damage|p1a: Ting-Lu|71/100 brn
|move|p1a: Ting-Lu|Ruination|p2a: Dragapult
|-damage|p2a: Dragapult|26/100
|
|-heal|p1a: Ting-Lu|77/100 brn|[from] item: Leftovers
|-damage|p1a: Ting-Lu|71/100 brn|[from] brn
|upkeep
|turn|5
|
|t:|1760718244
|switch|p2a: Hydreigon|Hydreigon, F|100/100
|move|p1a: Ting-Lu|Ruination|p2a: Hydreigon
|-damage|p2a: Hydreigon|51/100
|
|-heal|p2a: Hydreigon|57/100|[from] item: Leftovers
|-heal|p1a: Ting-Lu|77/100 brn|[from] item: Leftovers
|-damage|p1a: Ting-Lu|71/100 brn|[from] brn
|upkeep
|turn|6
|
|t:|1760718256
|move|p2a: Hydreigon|Dark Pulse|p1a: Ting-Lu
|-resisted|p1a: Ting-Lu
|-crit|p1a: Ting-Lu
|-damage|p1a: Ting-Lu|58/100 brn
|move|p1a: Ting-Lu|Ruination|p2a: Hydreigon
|-damage|p2a: Hydreigon|29/100
|
|-heal|p2a: Hydreigon|35/100|[from] item: Leftovers
|-heal|p1a: Ting-Lu|65/100 brn|[from] item: Leftovers
|-damage|p1a: Ting-Lu|58/100 brn|[from] brn
|upkeep
|turn|7
|
|t:|1760718279
|move|p2a: Hydreigon|Dark Pulse|p1a: Ting-Lu
|-resisted|p1a: Ting-Lu
|-damage|p1a: Ting-Lu|51/100 brn
|move|p1a: Ting-Lu|Whirlwind|p2a: Hydreigon
|drag|p2a: Dragapult|Dragapult, M|26/100
|
|-heal|p1a: Ting-Lu|57/100 brn|[from] item: Leftovers
|-damage|p1a: Ting-Lu|51/100 brn|[from] brn
|upkeep
|turn|8
|
|t:|1760718293
|switch|p2a: Hydreigon|Hydreigon, F|35/100
|move|p1a: Ting-Lu|Ruination|p2a: Hydreigon
|-damage|p2a: Hydreigon|18/100
|
|-heal|p2a: Hydreigon|24/100|[from] item: Leftovers
|-heal|p1a: Ting-Lu|57/100 brn|[from] item: Leftovers
|-damage|p1a: Ting-Lu|51/100 brn|[from] brn
|upkeep
|turn|9
|
|t:|1760718303
|move|p2a: Hydreigon|Draco Meteor|p1a: Ting-Lu
|-damage|p1a: Ting-Lu|22/100 brn
|-unboost|p2a: Hydreigon|spa|2
|move|p1a: Ting-Lu|Spikes|p2a: Hydreigon
|-sidestart|p2: luxor0545|Spikes
|
|-heal|p2a: Hydreigon|30/100|[from] item: Leftovers
|-heal|p1a: Ting-Lu|29/100 brn|[from] item: Leftovers
|-damage|p1a: Ting-Lu|22/100 brn|[from] brn
|upkeep
|turn|10
|
|t:|1760718314
|move|p2a: Hydreigon|Draco Meteor|p1a: Ting-Lu
|-damage|p1a: Ting-Lu|9/100 brn
|-unboost|p2a: Hydreigon|spa|2
|move|p1a: Ting-Lu|Spikes|p2a: Hydreigon
|-sidestart|p2: luxor0545|Spikes
|
|-heal|p2a: Hydreigon|36/100|[from] item: Leftovers
|-heal|p1a: Ting-Lu|15/100 brn|[from] item: Leftovers
|-damage|p1a: Ting-Lu|9/100 brn|[from] brn
|upkeep
|turn|11
|
|t:|1760718329
|switch|p2a: Dragapult|Dragapult, M|26/100
|switch|p1a: Sinistcha|Sinistcha|100/100
|
|upkeep
|turn|12
|inactive|luxor0545 has 120 seconds left.
|
|t:|1760718363
|switch|p2a: Ceruledge|Ceruledge, F|100/100
|switch|p1a: Cinderace|Cinderace, F|100/100
|
|upkeep
|turn|13
|
|t:|1760718388
|move|p1a: Cinderace|U-turn|p2a: Ceruledge
|-start|p1a: Cinderace|typechange|Bug|[from] ability: Libero
|-resisted|p2a: Ceruledge
|-damage|p2a: Ceruledge|90/100
|
|t:|1760718392
|switch|p1a: Walking Wake|Walking Wake|100/100|[from] U-turn
|move|p2a: Ceruledge|Bulk Up|p2a: Ceruledge
|-boost|p2a: Ceruledge|atk|1
|-boost|p2a: Ceruledge|def|1
|
|upkeep
|turn|14
|
|t:|1760718405
|-terastallize|p2a: Ceruledge|Flying
|move|p1a: Walking Wake|Surf|p2a: Ceruledge
|-damage|p2a: Ceruledge|37/100
|move|p2a: Ceruledge|Poltergeist|p1a: Walking Wake
|-activate|p1a: Walking Wake|move: Poltergeist|Heavy-Duty Boots
|-damage|p1a: Walking Wake|7/100
|
|upkeep
|turn|15
|
|t:|1760718415
|move|p2a: Ceruledge|Shadow Sneak|p1a: Walking Wake
|-damage|p1a: Walking Wake|0 fnt
|faint|p1a: Walking Wake
|-end|p1a: Walking Wake|Protosynthesis|[silent]
|
|upkeep
|
|t:|1760718426
|switch|p1a: Cinderace|Cinderace, F|100/100
|turn|16
|
|t:|1760718431
|move|p1a: Cinderace|Sucker Punch|p2a: Ceruledge
|-start|p1a: Cinderace|typechange|Dark|[from] ability: Libero
|-damage|p2a: Ceruledge|6/100
|move|p2a: Ceruledge|Shadow Sneak|p1a: Cinderace
|-resisted|p1a: Cinderace
|-damage|p1a: Cinderace|77/100
|
|upkeep
|turn|17
|
|t:|1760718439
|move|p1a: Cinderace|Pyro Ball|p2a: Ceruledge
|-start|p2a: Ceruledge|ability: Flash Fire
|move|p2a: Ceruledge|Bulk Up|p2a: Ceruledge
|-boost|p2a: Ceruledge|atk|1
|-boost|p2a: Ceruledge|def|1
|
|upkeep
|turn|18
|
|t:|1760718447
|move|p1a: Cinderace|Sucker Punch||[still]
|-fail|p1a: Cinderace
|move|p2a: Ceruledge|Bulk Up|p2a: Ceruledge
|-boost|p2a: Ceruledge|atk|1
|-boost|p2a: Ceruledge|def|1
|
|upkeep
|turn|19
|
|t:|1760718455
|-terastallize|p1a: Cinderace|Fire
|move|p1a: Cinderace|Pyro Ball|p2a: Ceruledge
|-immune|p2a: Ceruledge|[from] ability: Flash Fire
|move|p2a: Ceruledge|Bulk Up|p2a: Ceruledge
|-boost|p2a: Ceruledge|atk|1
|-boost|p2a: Ceruledge|def|1
|
|upkeep
|turn|20
|
|t:|1760718465
|move|p1a: Cinderace|Sucker Punch||[still]
|-fail|p1a: Cinderace
|move|p2a: Ceruledge|Bulk Up|p2a: Ceruledge
|-boost|p2a: Ceruledge|atk|1
|-boost|p2a: Ceruledge|def|1
|
|upkeep
|turn|21
|
|t:|1760718471
|move|p1a: Cinderace|U-turn|p2a: Ceruledge
|-resisted|p2a: Ceruledge
|-damage|p2a: Ceruledge|1/100
|
|t:|1760718477
|switch|p1a: Ting-Lu|Ting-Lu|9/100 brn|[from] U-turn
|-ability|p1a: Ting-Lu|Vessel of Ruin
|move|p2a: Ceruledge|Bulk Up|p2a: Ceruledge
|-boost|p2a: Ceruledge|atk|1
|-boost|p2a: Ceruledge|def|1
|
|-heal|p1a: Ting-Lu|15/100 brn|[from] item: Leftovers
|-damage|p1a: Ting-Lu|9/100 brn|[from] brn
|upkeep
|turn|22
|
|t:|1760718490
|move|p2a: Ceruledge|Bitter Blade|p1a: Ting-Lu
|-damage|p1a: Ting-Lu|0 fnt
|-heal|p2a: Ceruledge|8/100|[from] drain|[of] p1a: Ting-Lu
|faint|p1a: Ting-Lu
|
|upkeep
|
|t:|1760718503
|switch|p1a: Cinderace|Cinderace, F, tera:Fire|77/100
|turn|23
|
|t:|1760718527
|move|p1a: Cinderace|Will-O-Wisp|p2a: Ceruledge
|-immune|p2a: Ceruledge|[from] ability: Flash Fire
|move|p2a: Ceruledge|Bulk Up|p2a: Ceruledge
|-boost|p2a: Ceruledge|atk|0
|-boost|p2a: Ceruledge|def|0
|
|upkeep
|turn|24
|
|t:|1760718543
|move|p1a: Cinderace|Sucker Punch|p2a: Ceruledge
|-damage|p2a: Ceruledge|0 fnt
|faint|p2a: Ceruledge
|
|upkeep
|inactive|luxor0545 has 120 seconds left.
|
|t:|1760718581
|switch|p2a: Dragapult|Dragapult, M|26/100
|turn|25
|inactive|luxor0545 has 90 seconds left.
|
|t:|1760718622
|switch|p2a: Kingambit|Kingambit, M|100/100
|-damage|p2a: Kingambit|75/100|[from] Spikes
|-activate|p2a: Kingambit|ability: Supreme Overlord
|-start|p2a: Kingambit|fallen1|[silent]
|move|p1a: Cinderace|Sucker Punch||[still]
|-fail|p1a: Cinderace
|
|-heal|p2a: Kingambit|82/100|[from] item: Leftovers
|upkeep
|turn|26
|
|t:|1760718644
|-end|p2a: Kingambit|fallen1|[silent]
|switch|p2a: Hydreigon|Hydreigon, F|36/100
|move|p1a: Cinderace|Will-O-Wisp|p2a: Hydreigon
|-status|p2a: Hydreigon|brn
|
|-heal|p2a: Hydreigon|42/100 brn|[from] item: Leftovers
|-damage|p2a: Hydreigon|36/100 brn|[from] brn
|upkeep
|turn|27
|
|t:|1760718655
|move|p1a: Cinderace|U-turn|p2a: Hydreigon
|-supereffective|p2a: Hydreigon
|-damage|p2a: Hydreigon|0 fnt
|faint|p2a: Hydreigon
|
|t:|1760718660
|switch|p1a: Zapdos|Zapdos|100/100|[from] U-turn
|
|upkeep
|inactive|luxor0545 has 60 seconds left.
|inactive|luxor0545 has 30 seconds left.
|
|t:|1760718708
|switch|p2a: Kingambit|Kingambit, M|82/100
|-damage|p2a: Kingambit|57/100|[from] Spikes
|-activate|p2a: Kingambit|ability: Supreme Overlord
|-start|p2a: Kingambit|fallen2|[silent]
|turn|28
|
|t:|1760718715
|move|p1a: Zapdos|Volt Switch|p2a: Kingambit
|-damage|p2a: Kingambit|31/100
|
|t:|1760718719
|switch|p1a: Cinderace|Cinderace, F, tera:Fire|77/100|[from] Volt Switch
|move|p2a: Kingambit|Swords Dance|p2a: Kingambit
|-boost|p2a: Kingambit|atk|2
|
|-heal|p2a: Kingambit|37/100|[from] item: Leftovers
|upkeep
|turn|29
|
|t:|1760718729
|move|p1a: Cinderace|Will-O-Wisp|p2a: Kingambit
|-status|p2a: Kingambit|brn
|move|p2a: Kingambit|Kowtow Cleave|p1a: Cinderace
|-damage|p1a: Cinderace|0 fnt
|faint|p1a: Cinderace
|
|-heal|p2a: Kingambit|43/100 brn|[from] item: Leftovers
|-damage|p2a: Kingambit|37/100 brn|[from] brn
|upkeep
|
|t:|1760718747
|switch|p1a: Sinistcha|Sinistcha|100/100
|turn|30
|
|t:|1760718750
|move|p2a: Kingambit|Sucker Punch||[still]
|-fail|p2a: Kingambit
|move|p1a: Sinistcha|Strength Sap|p2a: Kingambit
|-unboost|p2a: Kingambit|atk|1
|
|-heal|p2a: Kingambit|43/100 brn|[from] item: Leftovers
|-damage|p2a: Kingambit|37/100 brn|[from] brn
|upkeep
|turn|31
|inactive|luxor0545 has 60 seconds left.
|
|t:|1760718763
|move|p1a: Sinistcha|Matcha Gotcha|p2a: Kingambit
|-resisted|p2a: Kingambit
|-damage|p2a: Kingambit|22/100 brn
|move|p2a: Kingambit|Swords Dance|p2a: Kingambit
|-boost|p2a: Kingambit|atk|2
|
|-heal|p2a: Kingambit|28/100 brn|[from] item: Leftovers
|-damage|p2a: Kingambit|22/100 brn|[from] brn
|upkeep
|turn|32
|inactive|luxor0545 has 60 seconds left.
|
|t:|1760718775
|move|p1a: Sinistcha|Strength Sap|p2a: Kingambit
|-unboost|p2a: Kingambit|atk|1
|move|p2a: Kingambit|Kowtow Cleave|p1a: Sinistcha
|-supereffective|p1a: Sinistcha
|-damage|p1a: Sinistcha|12/100
|
|-heal|p2a: Kingambit|28/100 brn|[from] item: Leftovers
|-damage|p2a: Kingambit|22/100 brn|[from] brn
|upkeep
|turn|33
|inactive|luxor0545 has 60 seconds left.
|
|t:|1760718785
|move|p1a: Sinistcha|Strength Sap|p2a: Kingambit
|-unboost|p2a: Kingambit|atk|1
|-heal|p1a: Sinistcha|100/100
|move|p2a: Kingambit|Kowtow Cleave|p1a: Sinistcha
|-supereffective|p1a: Sinistcha
|-damage|p1a: Sinistcha|40/100
|
|-heal|p2a: Kingambit|28/100 brn|[from] item: Leftovers
|-damage|p2a: Kingambit|22/100 brn|[from] brn
|upkeep
|turn|34
|inactive|luxor0545 has 60 seconds left.
|
|t:|1760718802
|move|p1a: Sinistcha|Strength Sap|p2a: Kingambit
|-unboost|p2a: Kingambit|atk|1
|-heal|p1a: Sinistcha|100/100
|move|p2a: Kingambit|Kowtow Cleave|p1a: Sinistcha
|-supereffective|p1a: Sinistcha
|-damage|p1a: Sinistcha|59/100
|
|-heal|p2a: Kingambit|28/100 brn|[from] item: Leftovers
|-damage|p2a: Kingambit|22/100 brn|[from] brn
|upkeep
|turn|35
|inactive|luxor0545 has 60 seconds left.
|
|t:|1760718815
|move|p1a: Sinistcha|Strength Sap|p2a: Kingambit
|-unboost|p2a: Kingambit|atk|1
|-heal|p1a: Sinistcha|100/100
|move|p2a: Kingambit|Kowtow Cleave|p1a: Sinistcha
|-supereffective|p1a: Sinistcha
|-damage|p1a: Sinistcha|75/100
|
|-heal|p2a: Kingambit|28/100 brn|[from] item: Leftovers
|-damage|p2a: Kingambit|22/100 brn|[from] brn
|upkeep
|turn|36
|inactive|luxor0545 has 60 seconds left.
|
|t:|1760718827
|move|p1a: Sinistcha|Strength Sap|p2a: Kingambit
|-unboost|p2a: Kingambit|atk|1
|-heal|p1a: Sinistcha|100/100
|move|p2a: Kingambit|Kowtow Cleave|p1a: Sinistcha
|-supereffective|p1a: Sinistcha
|-damage|p1a: Sinistcha|81/100
|
|-heal|p2a: Kingambit|28/100 brn|[from] item: Leftovers
|-damage|p2a: Kingambit|22/100 brn|[from] brn
|upkeep
|turn|37
|inactive|luxor0545 has 60 seconds left.
|
|t:|1760718841
|move|p1a: Sinistcha|Calm Mind|p1a: Sinistcha
|-boost|p1a: Sinistcha|spa|1
|-boost|p1a: Sinistcha|spd|1
|move|p2a: Kingambit|Swords Dance|p2a: Kingambit
|-boost|p2a: Kingambit|atk|2
|
|-heal|p2a: Kingambit|28/100 brn|[from] item: Leftovers
|-damage|p2a: Kingambit|22/100 brn|[from] brn
|upkeep
|turn|38
|inactive|luxor0545 has 60 seconds left.
|
|t:|1760718851
|move|p1a: Sinistcha|Matcha Gotcha|p2a: Kingambit
|-resisted|p2a: Kingambit
|-damage|p2a: Kingambit|0 fnt
|-heal|p1a: Sinistcha|93/100|[from] drain|[of] p2a: Kingambit
|faint|p2a: Kingambit
|-end|p2a: Kingambit|fallen2|[silent]
|
|upkeep
|inactive|luxor0545 has 60 seconds left.
|
|t:|1760718870
|switch|p2a: Samurott|Samurott-Hisui, M|100/100
|-damage|p2a: Samurott|76/100|[from] Spikes
|turn|39
|
|t:|1760718874
|switch|p1a: Garganacl|Garganacl, F|100/100
|move|p2a: Samurott|Ceaseless Edge|p1a: Garganacl
|-damage|p1a: Garganacl|70/100
|-sidestart|p1: mrpipsbulkyoffense|Spikes
|
|-heal|p1a: Garganacl|76/100|[from] item: Leftovers
|upkeep
|turn|40
|inactive|luxor0545 has 60 seconds left.
|
|t:|1760718885
|switch|p1a: Zapdos|Zapdos|100/100
|move|p2a: Samurott|Aqua Cutter|p1a: Zapdos
|-damage|p1a: Zapdos|67/100
|
|upkeep
|turn|41
|inactive|luxor0545 has 60 seconds left.
|
|t:|1760718917
|switch|p2a: Gholdengo|Gholdengo|100/100
|-damage|p2a: Gholdengo|76/100|[from] Spikes
|move|p1a: Zapdos|Roost|p1a: Zapdos
|-heal|p1a: Zapdos|100/100
|-singleturn|p1a: Zapdos|move: Roost
|
|upkeep
|turn|42
|
|t:|1760718928
|move|p1a: Zapdos|Volt Switch|p2a: Gholdengo
|-damage|p2a: Gholdengo|49/100
|
|t:|1760718933
|switch|p1a: Sinistcha|Sinistcha|93/100|[from] Volt Switch
|move|p2a: Gholdengo|Hex|p1a: Sinistcha
|-supereffective|p1a: Sinistcha
|-crit|p1a: Sinistcha
|-damage|p1a: Sinistcha|0 fnt
|faint|p1a: Sinistcha
|
|upkeep
|
|t:|1760718942
|switch|p1a: Garganacl|Garganacl, F|76/100
|-damage|p1a: Garganacl|64/100|[from] Spikes
|turn|43
|
|t:|1760718947
|move|p2a: Gholdengo|Recover|p2a: Gholdengo
|-heal|p2a: Gholdengo|99/100
|move|p1a: Garganacl|Salt Cure|p2a: Gholdengo
|-resisted|p2a: Gholdengo
|-damage|p2a: Gholdengo|94/100
|-start|p2a: Gholdengo|Salt Cure
|
|-heal|p1a: Garganacl|70/100|[from] item: Leftovers
|-damage|p2a: Gholdengo|69/100|[from] Salt Cure
|upkeep
|turn|44
|inactive|luxor0545 has 60 seconds left.
|
|t:|1760718959
|switch|p2a: Samurott|Samurott-Hisui, M|76/100
|-damage|p2a: Samurott|51/100|[from] Spikes
|move|p1a: Garganacl|Recover|p1a: Garganacl
|-heal|p1a: Garganacl|100/100
|
|upkeep
|turn|45
|inactive|luxor0545 has 60 seconds left.
|
|t:|1760718967
|switch|p1a: Zapdos|Zapdos|100/100
|move|p2a: Samurott|Aqua Cutter|p1a: Zapdos
|-damage|p1a: Zapdos|66/100
|
|upkeep
|turn|46
|
|t:|1760718975
|move|p2a: Samurott|Aqua Cutter|p1a: Zapdos
|-damage|p1a: Zapdos|34/100
|move|p1a: Zapdos|Volt Switch|p2a: Samurott
|-supereffective|p2a: Samurott
|-damage|p2a: Samurott|0 fnt
|faint|p2a: Samurott
|
|t:|1760718983
|switch|p1a: Garganacl|Garganacl, F|100/100|[from] Volt Switch
|-damage|p1a: Garganacl|88/100|[from] Spikes
|
|-heal|p1a: Garganacl|94/100|[from] item: Leftovers
|upkeep
|inactive|luxor0545 has 60 seconds left.
|
|t:|1760719002
|switch|p2a: Dragapult|Dragapult, M|26/100
|turn|47
|
|t:|1760719009
|move|p2a: Dragapult|Surf|p1a: Garganacl
|-supereffective|p1a: Garganacl
|-damage|p1a: Garganacl|61/100
|move|p1a: Garganacl|Salt Cure|p2a: Dragapult
|-damage|p2a: Dragapult|8/100
|-start|p2a: Dragapult|Salt Cure
|
|-heal|p1a: Garganacl|67/100|[from] item: Leftovers
|-damage|p2a: Dragapult|0 fnt|[from] Salt Cure
|faint|p2a: Dragapult
|upkeep
|inactive|luxor0545 has 60 seconds left.
|
|t:|1760719019
|switch|p2a: Gholdengo|Gholdengo|69/100
|-damage|p2a: Gholdengo|44/100|[from] Spikes
|turn|48
|
|t:|1760719025
|move|p2a: Gholdengo|Make It Rain|p1a: Garganacl
|-supereffective|p1a: Garganacl
|-damage|p1a: Garganacl|0 fnt
|-unboost|p2a: Gholdengo|spa|1
|faint|p1a: Garganacl
|
|upkeep
|
|t:|1760719032
|switch|p1a: Zapdos|Zapdos|34/100
|turn|49
|
|t:|1760719037
|move|p1a: Zapdos|Roost|p1a: Zapdos
|-heal|p1a: Zapdos|85/100
|-singleturn|p1a: Zapdos|move: Roost
|move|p2a: Gholdengo|Recover|p2a: Gholdengo
|-heal|p2a: Gholdengo|94/100
|
|upkeep
|turn|50
|
|t:|1760719049
|move|p1a: Zapdos|Volt Switch|p2a: Gholdengo
|-damage|p2a: Gholdengo|68/100
|move|p2a: Gholdengo|Hex|p1a: Zapdos
|-damage|p1a: Zapdos|66/100
|
|upkeep
|turn|51
|
|t:|1760719063
|move|p1a: Zapdos|Volt Switch|p2a: Gholdengo
|-damage|p2a: Gholdengo|40/100
|move|p2a: Gholdengo|Thunder Wave|p1a: Zapdos
|-immune|p1a: Zapdos
|
|upkeep
|turn|52
|
|t:|1760719070
|move|p1a: Zapdos|Volt Switch|p2a: Gholdengo
|-damage|p2a: Gholdengo|10/100
|move|p2a: Gholdengo|Recover|p2a: Gholdengo
|-heal|p2a: Gholdengo|60/100
|
|upkeep
|turn|53
|inactive|luxor0545 has 90 seconds left.
|
|t:|1760719081
|move|p1a: Zapdos|Volt Switch|p2a: Gholdengo
|-damage|p2a: Gholdengo|34/100
|move|p2a: Gholdengo|Hex|p1a: Zapdos
|-damage|p1a: Zapdos|48/100
|
|upkeep
|turn|54
|inactive|luxor0545 has 90 seconds left.
|
|t:|1760719090
|move|p1a: Zapdos|Roost|p1a: Zapdos
|-heal|p1a: Zapdos|98/100
|-singleturn|p1a: Zapdos|move: Roost
|move|p2a: Gholdengo|Recover|p2a: Gholdengo
|-heal|p2a: Gholdengo|84/100
|
|upkeep
|turn|55
|
|t:|1760719099
|move|p1a: Zapdos|Volt Switch|p2a: Gholdengo
|-damage|p2a: Gholdengo|53/100
|move|p2a: Gholdengo|Hex|p1a: Zapdos
|-damage|p1a: Zapdos|81/100
|
|upkeep
|turn|56
|
|t:|1760719106
|move|p1a: Zapdos|Volt Switch|p2a: Gholdengo
|-crit|p2a: Gholdengo
|-damage|p2a: Gholdengo|9/100
|move|p2a: Gholdengo|Hex|p1a: Zapdos
|-damage|p1a: Zapdos|61/100
|
|upkeep
|turn|57
|-message|luxor0545 forfeited.
|
|win|mrpipsbulkyoffense
|raw|mrpipsbulkyoffense's rating: 1348 &rarr; <strong>1367</strong><br />(+19 for winning)
|raw|luxor0545's rating: 1333 &rarr; <strong>1314</strong><br />(-19 for losing)
|l|☆luxor0545
|player|p2|
