|j|☆PachuMerin
|j|☆tubfrog
|t:|1760811154
|gametype|singles
|player|p1|PachuMerin|twins|1165
|player|p2|tubfrog|101|1165
|gen|9
|tier|[Gen 9] OU
|rated|
|rule|HP Percentage Mod: HP is shown in percentages
|rule|Endless Battle Clause: Forcing endless battles is banned
|rule|Species Clause: Limit one of each Pokémon
|rule|OHKO Clause: OHKO moves are banned
|rule|Evasion Items Clause: Evasion items are banned
|rule|Evasion Moves Clause: Evasion moves are banned
|rule|Evasion Abilities Clause: Evasion abilities are banned
|rule|Sleep Moves Clause: Sleep-inducing moves are banned
|clearpoke
|poke|p1|Eelektross, F|
|poke|p1|Glimmora, F|
|poke|p1|Froslass, F|
|poke|p1|Haxorus, M|
|poke|p1|Skeledirge, M|
|poke|p1|Alomomola, F|
|poke|p2|Gliscor, F|
|poke|p2|Clodsire, F|
|poke|p2|Blissey, F|
|poke|p2|Clefable, F|
|poke|p2|Weezing-Galar, F|
|poke|p2|Kyurem|
|teampreview
|
|t:|1760811163
|teamsize|p1|6
|teamsize|p2|6
|start
|switch|p1a: Eelektross|Eelektross, F|100/100
|switch|p2a: Clodsire|Clodsire, F|100/100
|turn|1
|
|t:|1760811169
|-terastallize|p1a: Eelektross|Poison
|move|p1a: Eelektross|Coil|p1a: Eelektross
|-boost|p1a: Eelektross|atk|1
|-boost|p1a: Eelektross|def|1
|-boost|p1a: Eelektross|accuracy|1
|move|p2a: Clodsire|Stealth Rock|p1a: Eelektross
|-sidestart|p1: PachuMerin|move: Stealth Rock
|
|upkeep
|turn|2
|
|t:|1760811182
|move|p1a: Eelektross|Coil|p1a: Eelektross
|-boost|p1a: Eelektross|atk|1
|-boost|p1a: Eelektross|def|1
|-boost|p1a: Eelektross|accuracy|1
|move|p2a: Clodsire|Gunk Shot|p1a: Eelektross
|-resisted|p1a: Eelektross
|-damage|p1a: Eelektross|83/100
|
|-heal|p1a: Eelektross|89/100|[from] item: Leftovers
|upkeep
|turn|3
|
|t:|1760811185
|move|p1a: Eelektross|Liquidation|p2a: Clodsire
|-supereffective|p2a: Clodsire
|-damage|p2a: Clodsire|38/100
|move|p2a: Clodsire|Haze|p2a: Clodsire
|-clearallboost
|
|-heal|p1a: Eelektross|95/100|[from] item: Leftovers
|upkeep
|turn|4
|
|t:|1760811196
|switch|p2a: Kyurem|Kyurem|100/100
|-ability|p2a: Kyurem|Pressure
|move|p1a: Eelektross|Coil|p1a: Eelektross
|-boost|p1a: Eelektross|atk|1
|-boost|p1a: Eelektross|def|1
|-boost|p1a: Eelektross|accuracy|1
|
|-heal|p1a: Eelektross|100/100|[from] item: Leftovers
|upkeep
|turn|5
|
|t:|1760811209
|move|p2a: Kyurem|Scale Shot|p1a: Eelektross
|-damage|p1a: Eelektross|90/100
|-damage|p1a: Eelektross|79/100
|-damage|p1a: Eelektross|69/100
|-damage|p1a: Eelektross|60/100
|-damage|p1a: Eelektross|50/100
|-hitcount|p1a: Eelektross|5
|-unboost|p2a: Kyurem|def|1
|-boost|p2a: Kyurem|spe|1
|move|p1a: Eelektross|Drain Punch|p2a: Kyurem
|-supereffective|p2a: Kyurem
|-damage|p2a: Kyurem|3/100
|-heal|p1a: Eelektross|100/100|[from] drain|[of] p2a: Kyurem
|
|upkeep
|turn|6
|
|t:|1760811233
|switch|p2a: Clefable|Clefable, F|100/100
|move|p1a: Eelektross|Drain Punch|p2a: Clefable
|-resisted|p2a: Clefable
|-damage|p2a: Clefable|86/100
|
|-heal|p2a: Clefable|92/100|[from] item: Leftovers
|upkeep
|turn|7
|
|t:|1760811241
|move|p2a: Clefable|Thunder Wave|p1a: Eelektross|[miss]
|-miss|p2a: Clefable|p1a: Eelektross
|move|p1a: Eelektross|Thunder|p2a: Clefable
|-damage|p2a: Clefable|57/100
|
|-heal|p2a: Clefable|63/100|[from] item: Leftovers
|upkeep
|turn|8
|
|t:|1760811250
|switch|p1a: Glimmora|Glimmora, F|100/100
|-damage|p1a: Glimmora|88/100|[from] Stealth Rock
|move|p2a: Clefable|Thunder Wave|p1a: Glimmora|[miss]
|-miss|p2a: Clefable|p1a: Glimmora
|
|-heal|p2a: Clefable|69/100|[from] item: Leftovers
|upkeep
|turn|9
|
|t:|1760811259
|move|p1a: Glimmora|Mortal Spin|p2a: Clefable
|-supereffective|p2a: Clefable
|-damage|p2a: Clefable|60/100
|-status|p2a: Clefable|psn
|-sideend|p1: PachuMerin|Stealth Rock|[from] move: Mortal Spin|[of] p1a: Glimmora
|move|p2a: Clefable|Wish|p2a: Clefable
|
|-heal|p2a: Clefable|66/100 psn|[from] item: Leftovers
|upkeep
|turn|10
|
|t:|1760811265
|switch|p2a: Kyurem|Kyurem|3/100
|-ability|p2a: Kyurem|Pressure
|move|p1a: Glimmora|Sludge Wave|p2a: Kyurem
|-crit|p2a: Kyurem
|-damage|p2a: Kyurem|0 fnt
|faint|p2a: Kyurem
|
|upkeep
|
|t:|1760811269
|switch|p2a: Clodsire|Clodsire, F|38/100
|turn|11
|
|t:|1760811275
|move|p1a: Glimmora|Earth Power|p2a: Clodsire
|-supereffective|p2a: Clodsire
|-damage|p2a: Clodsire|7/100
|move|p2a: Clodsire|Recover|p2a: Clodsire
|-heal|p2a: Clodsire|57/100
|
|upkeep
|turn|12
|
|t:|1760811280
|switch|p1a: Eelektross|Eelektross, F, tera:Poison|100/100
|move|p2a: Clodsire|Recover|p2a: Clodsire
|-heal|p2a: Clodsire|100/100
|
|upkeep
|turn|13
|
|t:|1760811288
|move|p1a: Eelektross|Coil|p1a: Eelektross
|-boost|p1a: Eelektross|atk|1
|-boost|p1a: Eelektross|def|1
|-boost|p1a: Eelektross|accuracy|1
|move|p2a: Clodsire|Stealth Rock|p1a: Eelektross
|-sidestart|p1: PachuMerin|move: Stealth Rock
|
|upkeep
|turn|14
|
|t:|1760811294
|move|p1a: Eelektross|Coil|p1a: Eelektross
|-boost|p1a: Eelektross|atk|1
|-boost|p1a: Eelektross|def|1
|-boost|p1a: Eelektross|accuracy|1
|move|p2a: Clodsire|Haze|p2a: Clodsire
|-clearallboost
|
|upkeep
|turn|15
|
|t:|1760811309
|switch|p2a: Weezing|Weezing-Galar, F|100/100
|-ability|p2a: Weezing|Neutralizing Gas
|move|p1a: Eelektross|Coil|p1a: Eelektross
|-boost|p1a: Eelektross|atk|1
|-boost|p1a: Eelektross|def|1
|-boost|p1a: Eelektross|accuracy|1
|
|upkeep
|turn|16
|
|t:|1760811321
|move|p2a: Weezing|Pain Split|p1a: Eelektross
|-sethp|p1a: Eelektross|99/100|[from] move: Pain Split|[silent]
|-sethp|p2a: Weezing|100/100|[from] move: Pain Split
|move|p1a: Eelektross|Thunder|p2a: Weezing
|-damage|p2a: Weezing|48/100
|
|-heal|p1a: Eelektross|100/100|[from] item: Leftovers
|upkeep
|turn|17
|
|t:|1760811328
|move|p2a: Weezing|Will-O-Wisp|p1a: Eelektross
|-status|p1a: Eelektross|brn
|move|p1a: Eelektross|Thunder|p2a: Weezing
|-damage|p2a: Weezing|0 fnt
|faint|p2a: Weezing
|-end|p2a: Weezing|ability: Neutralizing Gas
|
|-damage|p1a: Eelektross|94/100 brn|[from] brn
|upkeep
|
|t:|1760811343
|switch|p2a: Clodsire|Clodsire, F|100/100
|turn|18
|
|t:|1760811351
|move|p1a: Eelektross|Coil|p1a: Eelektross
|-boost|p1a: Eelektross|atk|1
|-boost|p1a: Eelektross|def|1
|-boost|p1a: Eelektross|accuracy|1
|move|p2a: Clodsire|Gunk Shot|p1a: Eelektross
|-resisted|p1a: Eelektross
|-damage|p1a: Eelektross|78/100 brn
|
|-heal|p1a: Eelektross|85/100 brn|[from] item: Leftovers
|-damage|p1a: Eelektross|78/100 brn|[from] brn
|upkeep
|turn|19
|
|t:|1760811353
|move|p1a: Eelektross|Coil|p1a: Eelektross
|-boost|p1a: Eelektross|atk|1
|-boost|p1a: Eelektross|def|1
|-boost|p1a: Eelektross|accuracy|1
|move|p2a: Clodsire|Haze|p2a: Clodsire
|-clearallboost
|
|-heal|p1a: Eelektross|85/100 brn|[from] item: Leftovers
|-damage|p1a: Eelektross|78/100 brn|[from] brn
|upkeep
|turn|20
|
|t:|1760811358
|switch|p1a: Glimmora|Glimmora, F|88/100
|-damage|p1a: Glimmora|76/100|[from] Stealth Rock
|move|p2a: Clodsire|Gunk Shot|p1a: Glimmora
|-resisted|p1a: Glimmora
|-damage|p1a: Glimmora|66/100
|-activate|p1a: Glimmora|ability: Toxic Debris
|-sidestart|p2: tubfrog|move: Toxic Spikes
|
|upkeep
|turn|21
|
|t:|1760811372
|switch|p2a: Gliscor|Gliscor, F|100/100
|move|p1a: Glimmora|Mortal Spin|p2a: Gliscor
|-resisted|p2a: Gliscor
|-damage|p2a: Gliscor|98/100
|-status|p2a: Gliscor|psn
|-sideend|p1: PachuMerin|Stealth Rock|[from] move: Mortal Spin|[of] p1a: Glimmora
|
|-heal|p2a: Gliscor|100/100 psn|[from] ability: Poison Heal
|upkeep
|turn|22
|
|t:|1760811381
|switch|p1a: Eelektross|Eelektross, F, tera:Poison|78/100 brn
|move|p2a: Gliscor|Swords Dance|p2a: Gliscor
|-boost|p2a: Gliscor|atk|2
|
|-heal|p1a: Eelektross|85/100 brn|[from] item: Leftovers
|-damage|p1a: Eelektross|78/100 brn|[from] brn
|upkeep
|turn|23
|
|t:|1760811387
|move|p2a: Gliscor|Swords Dance|p2a: Gliscor
|-boost|p2a: Gliscor|atk|2
|move|p1a: Eelektross|Liquidation|p2a: Gliscor
|-supereffective|p2a: Gliscor
|-damage|p2a: Gliscor|78/100 psn
|
|-heal|p1a: Eelektross|85/100 brn|[from] item: Leftovers
|-heal|p2a: Gliscor|91/100 psn|[from] ability: Poison Heal
|-damage|p1a: Eelektross|78/100 brn|[from] brn
|upkeep
|turn|24
|
|t:|1760811405
|move|p2a: Gliscor|Swords Dance|p2a: Gliscor
|-boost|p2a: Gliscor|atk|2
|move|p1a: Eelektross|Liquidation|p2a: Gliscor
|-supereffective|p2a: Gliscor
|-damage|p2a: Gliscor|69/100 psn
|
|-heal|p1a: Eelektross|85/100 brn|[from] item: Leftovers
|-heal|p2a: Gliscor|81/100 psn|[from] ability: Poison Heal
|-damage|p1a: Eelektross|78/100 brn|[from] brn
|upkeep
|turn|25
|
|t:|1760811410
|move|p2a: Gliscor|Facade|p1a: Eelektross
|-damage|p1a: Eelektross|0 fnt
|faint|p1a: Eelektross
|
|-heal|p2a: Gliscor|94/100 psn|[from] ability: Poison Heal
|upkeep
|
|t:|1760811413
|switch|p1a: Skeledirge|Skeledirge, M|100/100
|turn|26
|
|t:|1760811419
|move|p2a: Gliscor|Knock Off|p1a: Skeledirge
|-supereffective|p1a: Skeledirge
|-damage|p1a: Skeledirge|66/100
|-enditem|p1a: Skeledirge|Heavy-Duty Boots|[from] move: Knock Off|[of] p2a: Gliscor
|move|p1a: Skeledirge|Hex|p2a: Gliscor
|-damage|p2a: Gliscor|51/100 psn
|
|-heal|p2a: Gliscor|64/100 psn|[from] ability: Poison Heal
|upkeep
|turn|27
|
|t:|1760811425
|move|p2a: Gliscor|Protect|p2a: Gliscor
|-singleturn|p2a: Gliscor|Protect
|move|p1a: Skeledirge|Will-O-Wisp|p2a: Gliscor
|-activate|p2a: Gliscor|move: Protect
|
|-heal|p2a: Gliscor|76/100 psn|[from] ability: Poison Heal
|upkeep
|turn|28
|
|t:|1760811430
|move|p2a: Gliscor|Knock Off|p1a: Skeledirge
|-supereffective|p1a: Skeledirge
|-damage|p1a: Skeledirge|43/100
|move|p1a: Skeledirge|Torch Song|p2a: Gliscor
|-damage|p2a: Gliscor|52/100 psn
|-boost|p1a: Skeledirge|spa|1
|
|-heal|p2a: Gliscor|64/100 psn|[from] ability: Poison Heal
|upkeep
|turn|29
|
|t:|1760811437
|move|p2a: Gliscor|Protect|p2a: Gliscor
|-singleturn|p2a: Gliscor|Protect
|move|p1a: Skeledirge|Hex|p2a: Gliscor
|-activate|p2a: Gliscor|move: Protect
|
|-heal|p2a: Gliscor|77/100 psn|[from] ability: Poison Heal
|upkeep
|turn|30
|
|t:|1760811440
|move|p2a: Gliscor|Knock Off|p1a: Skeledirge
|-supereffective|p1a: Skeledirge
|-damage|p1a: Skeledirge|21/100
|move|p1a: Skeledirge|Hex|p2a: Gliscor
|-damage|p2a: Gliscor|18/100 psn
|
|-heal|p2a: Gliscor|30/100 psn|[from] ability: Poison Heal
|upkeep
|turn|31
|
|t:|1760811444
|switch|p1a: Froslass|Froslass, F|100/100
|move|p2a: Gliscor|Protect||[still]
|-fail|p2a: Gliscor
|
|-heal|p2a: Gliscor|43/100 psn|[from] ability: Poison Heal
|upkeep
|turn|32
|
|t:|1760811454
|switch|p2a: Blissey|Blissey, F|100/100
|-status|p2a: Blissey|psn
|move|p1a: Froslass|Triple Axel|p2a: Blissey
|-damage|p2a: Blissey|94/100 psn
|-damage|p1a: Froslass|84/100|[from] item: Rocky Helmet|[of] p2a: Blissey
|-damage|p2a: Blissey|81/100 psn
|-damage|p1a: Froslass|67/100|[from] item: Rocky Helmet|[of] p2a: Blissey
|-damage|p2a: Blissey|62/100 psn
|-damage|p1a: Froslass|50/100|[from] item: Rocky Helmet|[of] p2a: Blissey
|-hitcount|p2a: Blissey|3
|
|-damage|p2a: Blissey|49/100 psn|[from] psn
|upkeep
|turn|33
|
|t:|1760811465
|switch|p1a: Haxorus|Haxorus, M|100/100
|-ability|p1a: Haxorus|Mold Breaker
|move|p2a: Blissey|Soft-Boiled|p2a: Blissey
|-heal|p2a: Blissey|99/100 psn
|
|-damage|p2a: Blissey|87/100 psn|[from] psn
|upkeep
|turn|34
|
|t:|1760811476
|move|p1a: Haxorus|Dragon Dance|p1a: Haxorus
|-boost|p1a: Haxorus|atk|1
|-boost|p1a: Haxorus|spe|1
|move|p2a: Blissey|Seismic Toss|p1a: Haxorus
|-damage|p1a: Haxorus|66/100
|
|-damage|p2a: Blissey|74/100 psn|[from] psn
|upkeep
|turn|35
|
|t:|1760811485
|-curestatus|p2a: Blissey|psn|[from] ability: Natural Cure
|switch|p2a: Clefable|Clefable, F|66/100 psn
|move|p1a: Haxorus|Close Combat|p2a: Clefable
|-resisted|p2a: Clefable
|-damage|p2a: Clefable|38/100 psn
|-unboost|p1a: Haxorus|def|1
|-unboost|p1a: Haxorus|spd|1
|
|-heal|p2a: Clefable|44/100 psn|[from] item: Leftovers
|upkeep
|turn|36
|
|t:|1760811493
|move|p1a: Haxorus|Earthquake|p2a: Clefable
|-damage|p2a: Clefable|0 fnt
|faint|p2a: Clefable
|
|upkeep
|
|t:|1760811495
|switch|p2a: Gliscor|Gliscor, F|43/100 psn
|turn|37
|
|t:|1760811499
|move|p2a: Gliscor|Protect|p2a: Gliscor
|-singleturn|p2a: Gliscor|Protect
|move|p1a: Haxorus|Outrage|p2a: Gliscor
|-activate|p2a: Gliscor|move: Protect
|
|-heal|p2a: Gliscor|55/100 psn|[from] ability: Poison Heal
|upkeep
|turn|38
|
|t:|1760811513
|-terastallize|p2a: Gliscor|Normal
|move|p1a: Haxorus|Outrage|p2a: Gliscor
|-damage|p2a: Gliscor|0 fnt
|faint|p2a: Gliscor
|
|upkeep
|
|t:|1760811517
|switch|p2a: Clodsire|Clodsire, F|100/100
|-sideend|p2: tubfrog|move: Toxic Spikes|[of] p2a: Clodsire
|turn|39
|
|t:|1760811520
|move|p1a: Haxorus|Outrage|p2a: Clodsire|[from] lockedmove
|-damage|p2a: Clodsire|0 fnt
|faint|p2a: Clodsire
|-start|p1a: Haxorus|confusion|[fatigue]
|-enditem|p1a: Haxorus|Lum Berry|[eat]
|-end|p1a: Haxorus|confusion
|
|upkeep
|
|t:|1760811522
|switch|p2a: Blissey|Blissey, F|74/100
|turn|40
|
|t:|1760811523
|move|p1a: Haxorus|Outrage|p2a: Blissey
|-damage|p2a: Blissey|0 fnt
|-damage|p1a: Haxorus|50/100|[from] item: Rocky Helmet|[of] p2a: Blissey
|faint|p2a: Blissey
|
|win|PachuMerin
|raw|PachuMerin's rating: 1165 &rarr; <strong>1190</strong><br />(+25 for winning)
|raw|tubfrog's rating: 1165 &rarr; <strong>1140</strong><br />(-25 for losing)
|l|☆tubfrog
|player|p2|
|l|☆PachuMerin
|player|p1|
