|j|☆Tungsten Daniel
|j|☆mightynoctowl
|t:|1760798167
|gametype|singles
|player|p1|Tungsten Daniel|ingo|1322
|player|p2|mightynoctowl|170|1311
|gen|9
|tier|[Gen 9] OU
|rated|
|rule|HP Percentage Mod: HP is shown in percentages
|rule|Endless Battle Clause: Forcing endless battles is banned
|rule|Species Clause: Limit one of each Pokémon
|rule|OHKO Clause: OHKO moves are banned
|rule|Evasion Items Clause: Evasion items are banned
|rule|Evasion Moves Clause: Evasion moves are banned
|rule|Evasion Abilities Clause: Evasion abilities are banned
|rule|Sleep Moves Clause: Sleep-inducing moves are banned
|clearpoke
|poke|p1|Alomomola, M|
|poke|p1|Gallade, M|
|poke|p1|Slowking-Galar, F|
|poke|p1|Serperior, M|
|poke|p1|Scizor, F|
|poke|p1|Gliscor, M|
|poke|p2|Moltres|
|poke|p2|Chansey, F|
|poke|p2|Clefable, M|
|poke|p2|Hitmonlee, M|
|poke|p2|Sandslash, F|
|poke|p2|Vileplume, M|
|teampreview
|inactive|Battle timer is ON: inactive players will automatically lose when time's up. (requested by mightynoctowl)
|
|t:|1760798179
|teamsize|p1|6
|teamsize|p2|6
|start
|switch|p1a: Alomomola|Alomomola, M|100/100
|switch|p2a: Sandslash|Sandslash, F|100/100
|turn|1
|
|t:|1760798186
|switch|p2a: Vileplume|Vileplume, M|100/100
|move|p1a: Alomomola|Flip Turn|p2a: Vileplume
|-resisted|p2a: Vileplume
|-damage|p2a: Vileplume|94/100
|
|t:|1760798190
|switch|p1a: Gallade|Gallade, M|100/100|[from] Flip Turn
|
|-heal|p2a: Vileplume|100/100|[from] item: Leftovers
|upkeep
|turn|2
|
|t:|1760798197
|switch|p2a: Moltres|Moltres|100/100
|move|p1a: Gallade|Psycho Cut|p2a: Moltres
|-damage|p2a: Moltres|45/100
|
|upkeep
|turn|3
|
|t:|1760798209
|switch|p2a: Sandslash|Sandslash, F|100/100
|move|p1a: Gallade|Psycho Cut|p2a: Sandslash
|-damage|p2a: Sandslash|52/100
|
|-heal|p2a: Sandslash|58/100|[from] item: Leftovers
|upkeep
|turn|4
|
|t:|1760798220
|switch|p1a: Gliscor|Gliscor, M|100/100
|move|p2a: Sandslash|Spikes|p1a: Gliscor
|-sidestart|p1: Tungsten Daniel|Spikes
|
|-heal|p2a: Sandslash|64/100|[from] item: Leftovers
|-status|p1a: Gliscor|tox|[from] item: Toxic Orb
|upkeep
|turn|5
|
|t:|1760798225
|switch|p2a: Vileplume|Vileplume, M|100/100
|move|p1a: Gliscor|Swords Dance|p1a: Gliscor
|-boost|p1a: Gliscor|atk|2
|
|upkeep
|turn|6
|
|t:|1760798232
|move|p1a: Gliscor|Earthquake|p2a: Vileplume
|-damage|p2a: Vileplume|49/100
|move|p2a: Vileplume|Strength Sap|p1a: Gliscor
|-unboost|p1a: Gliscor|atk|1
|-heal|p2a: Vileplume|100/100
|
|upkeep
|turn|7
|
|t:|1760798241
|switch|p1a: Scizor|Scizor, F|100/100
|move|p2a: Vileplume|Giga Drain|p1a: Scizor
|-resisted|p1a: Scizor
|-damage|p1a: Scizor|93/100
|
|upkeep
|turn|8
|
|t:|1760798247
|move|p1a: Scizor|Defog|p2a: Vileplume
|-unboost|p2a: Vileplume|evasion|1
|-sideend|p1: Tungsten Daniel|Spikes|[from] move: Defog|[of] p1a: Scizor
|move|p2a: Vileplume|Strength Sap|p1a: Scizor
|-unboost|p1a: Scizor|atk|1
|
|upkeep
|turn|9
|
|t:|1760798259
|switch|p1a: Slowking|Slowking-Galar, F|100/100
|move|p2a: Vileplume|Leech Seed|p1a: Slowking
|-start|p1a: Slowking|move: Leech Seed
|
|-damage|p1a: Slowking|88/100|[from] Leech Seed|[of] p2a: Vileplume
|upkeep
|turn|10
|
|t:|1760798268
|switch|p2a: Chansey|Chansey, F|100/100
|move|p1a: Slowking|Ice Beam|p2a: Chansey
|-damage|p2a: Chansey|95/100
|
|-heal|p1a: Slowking|94/100|[from] item: Black Sludge
|-damage|p1a: Slowking|82/100|[from] Leech Seed|[of] p2a: Chansey
|-heal|p2a: Chansey|100/100|[silent]
|upkeep
|turn|11
|
|t:|1760798292
|move|p2a: Chansey|Stealth Rock|p1a: Slowking
|-sidestart|p1: Tungsten Daniel|move: Stealth Rock
|move|p1a: Slowking|Trick|p2a: Chansey
|-activate|p1a: Slowking|move: Trick|[of] p2a: Chansey
|-item|p2a: Chansey|Black Sludge|[from] move: Trick
|-item|p1a: Slowking|Eviolite|[from] move: Trick
|
|-damage|p2a: Chansey|88/100|[from] item: Black Sludge
|-damage|p1a: Slowking|69/100|[from] Leech Seed|[of] p2a: Chansey
|-heal|p2a: Chansey|96/100|[silent]
|upkeep
|turn|12
|
|t:|1760798304
|switch|p1a: Scizor|Scizor, F|93/100
|move|p2a: Chansey|Thunder Wave|p1a: Scizor
|-status|p1a: Scizor|par
|
|-damage|p2a: Chansey|83/100|[from] item: Black Sludge
|upkeep
|turn|13
|
|t:|1760798311
|switch|p2a: Moltres|Moltres|45/100
|move|p1a: Scizor|Defog|p2a: Moltres
|-unboost|p2a: Moltres|evasion|1
|-sideend|p1: Tungsten Daniel|Stealth Rock|[from] move: Defog|[of] p1a: Scizor
|
|upkeep
|turn|14
|
|t:|1760798317
|switch|p1a: Alomomola|Alomomola, M|100/100
|move|p2a: Moltres|Roost|p2a: Moltres
|-heal|p2a: Moltres|95/100
|-singleturn|p2a: Moltres|move: Roost
|
|upkeep
|turn|15
|
|t:|1760798322
|move|p2a: Moltres|U-turn|p1a: Alomomola
|-damage|p1a: Alomomola|89/100
|
|t:|1760798328
|switch|p2a: Vileplume|Vileplume, M|100/100|[from] U-turn
|move|p1a: Alomomola|Flip Turn|p2a: Vileplume
|-resisted|p2a: Vileplume
|-damage|p2a: Vileplume|94/100
|
|t:|1760798332
|switch|p1a: Gallade|Gallade, M|100/100|[from] Flip Turn
|
|-heal|p2a: Vileplume|99/100|[from] item: Leftovers
|upkeep
|turn|16
|
|t:|1760798343
|switch|p2a: Moltres|Moltres|95/100
|move|p1a: Gallade|Psycho Cut|p2a: Moltres
|-damage|p2a: Moltres|42/100
|
|upkeep
|turn|17
|
|t:|1760798357
|move|p1a: Gallade|Psycho Cut|p2a: Moltres
|-damage|p2a: Moltres|0 fnt
|faint|p2a: Moltres
|
|upkeep
|
|t:|1760798364
|switch|p2a: Sandslash|Sandslash, F|64/100
|turn|18
|
|t:|1760798368
|switch|p1a: Serperior|Serperior, M|100/100
|move|p2a: Sandslash|Knock Off|p1a: Serperior
|-crit|p1a: Serperior
|-damage|p1a: Serperior|60/100
|-enditem|p1a: Serperior|Leftovers|[from] move: Knock Off|[of] p2a: Sandslash
|
|-heal|p2a: Sandslash|71/100|[from] item: Leftovers
|upkeep
|turn|19
|
|t:|1760798375
|switch|p2a: Vileplume|Vileplume, M|99/100
|move|p1a: Serperior|Glare|p2a: Vileplume
|-status|p2a: Vileplume|par
|
|-heal|p2a: Vileplume|100/100 par|[from] item: Leftovers
|upkeep
|turn|20
|
|t:|1760798381
|switch|p1a: Slowking|Slowking-Galar, F|100/100
|move|p2a: Vileplume|Sludge Bomb|p1a: Slowking
|-resisted|p1a: Slowking
|-damage|p1a: Slowking|88/100
|
|upkeep
|turn|21
|
|t:|1760798389
|switch|p2a: Chansey|Chansey, F|83/100
|move|p1a: Slowking|Trick|p2a: Chansey
|-activate|p1a: Slowking|move: Trick|[of] p2a: Chansey
|-item|p2a: Chansey|Eviolite|[from] move: Trick
|-item|p1a: Slowking|Black Sludge|[from] move: Trick
|
|-heal|p1a: Slowking|94/100|[from] item: Black Sludge
|upkeep
|turn|22
|
|t:|1760798392
|move|p2a: Chansey|Stealth Rock|p1a: Slowking
|-sidestart|p1: Tungsten Daniel|move: Stealth Rock
|move|p1a: Slowking|Trick|p2a: Chansey
|-activate|p1a: Slowking|move: Trick|[of] p2a: Chansey
|-item|p2a: Chansey|Black Sludge|[from] move: Trick
|-item|p1a: Slowking|Eviolite|[from] move: Trick
|
|-damage|p2a: Chansey|71/100|[from] item: Black Sludge
|upkeep
|turn|23
|
|t:|1760798401
|switch|p1a: Gliscor|Gliscor, M|100/100 tox
|-damage|p1a: Gliscor|88/100 tox|[from] Stealth Rock
|move|p2a: Chansey|Thunder Wave|p1a: Gliscor
|-immune|p1a: Gliscor
|
|-damage|p2a: Chansey|59/100|[from] item: Black Sludge
|-heal|p1a: Gliscor|100/100 tox|[from] ability: Poison Heal
|upkeep
|turn|24
|
|t:|1760798408
|switch|p2a: Vileplume|Vileplume, M|100/100 par
|move|p1a: Gliscor|Swords Dance|p1a: Gliscor
|-boost|p1a: Gliscor|atk|2
|
|upkeep
|turn|25
|
|t:|1760798416
|move|p1a: Gliscor|Earthquake|p2a: Vileplume
|-damage|p2a: Vileplume|50/100 par
|move|p2a: Vileplume|Giga Drain|p1a: Gliscor
|-damage|p1a: Gliscor|66/100 tox
|-heal|p2a: Vileplume|65/100 par|[from] drain|[of] p1a: Gliscor
|
|-heal|p2a: Vileplume|71/100 par|[from] item: Leftovers
|-heal|p1a: Gliscor|79/100 tox|[from] ability: Poison Heal
|upkeep
|turn|26
|
|t:|1760798432
|move|p1a: Gliscor|Protect|p1a: Gliscor
|-singleturn|p1a: Gliscor|Protect
|move|p2a: Vileplume|Strength Sap|p1a: Gliscor
|-activate|p1a: Gliscor|move: Protect
|
|-heal|p2a: Vileplume|77/100 par|[from] item: Leftovers
|-heal|p1a: Gliscor|91/100 tox|[from] ability: Poison Heal
|upkeep
|turn|27
|
|t:|1760798445
|switch|p1a: Slowking|Slowking-Galar, F|100/100
|-damage|p1a: Slowking|88/100|[from] Stealth Rock
|cant|p2a: Vileplume|par
|
|-heal|p2a: Vileplume|83/100 par|[from] item: Leftovers
|upkeep
|turn|28
|
|t:|1760798456
|switch|p2a: Chansey|Chansey, F|59/100
|-prepare|p1a: Slowking|Chilly Reception|[premajor]
|move|p1a: Slowking|Chilly Reception|p1a: Slowking
|-weather|Snowscape
|
|t:|1760798464
|switch|p1a: Gallade|Gallade, M|100/100|[from] Chilly Reception
|-damage|p1a: Gallade|94/100|[from] Stealth Rock
|
|-weather|Snowscape|[upkeep]
|-damage|p2a: Chansey|46/100|[from] item: Black Sludge
|upkeep
|turn|29
|
|t:|1760798470
|-terastallize|p2a: Chansey|Ghost
|move|p1a: Gallade|Psycho Cut|p2a: Chansey
|-damage|p2a: Chansey|0 fnt
|faint|p2a: Chansey
|
|-weather|Snowscape|[upkeep]
|upkeep
|-message|mightynoctowl forfeited.
|
|win|Tungsten Daniel
|raw|Tungsten Daniel's rating: 1322 &rarr; <strong>1341</strong><br />(+19 for winning)
|raw|mightynoctowl's rating: 1311 &rarr; <strong>1292</strong><br />(-19 for losing)
|l|☆mightynoctowl
|player|p2|
|l|☆Tungsten Daniel
|player|p1|
