|j|☆Saint1
|j|☆Bleud29
|t:|1760865229
|gametype|singles
|player|p1|Saint1|266|1138
|player|p2|Bleud29|265|1153
|gen|9
|tier|[Gen 9] OU
|rated|
|rule|HP Percentage Mod: HP is shown in percentages
|rule|Endless Battle Clause: Forcing endless battles is banned
|rule|Species Clause: Limit one of each Pokémon
|rule|OHKO Clause: OHKO moves are banned
|rule|Evasion Items Clause: Evasion items are banned
|rule|Evasion Moves Clause: Evasion moves are banned
|rule|Evasion Abilities Clause: Evasion abilities are banned
|rule|Sleep Moves Clause: Sleep-inducing moves are banned
|clearpoke
|poke|p1|Iron Treads|
|poke|p1|Samurott-Hisui, F|
|poke|p1|Serperior, M|
|poke|p1|Iron Crown|
|poke|p1|Iron Moth|
|poke|p1|Iron Valiant|
|poke|p2|Kingdra, F|
|poke|p2|Victreebel, F|
|poke|p2|Thundurus, M|
|poke|p2|Ribombee, F|
|poke|p2|Skeledirge, M|
|poke|p2|Metagross|
|teampreview
|
|t:|1760865247
|teamsize|p1|6
|teamsize|p2|6
|start
|switch|p1a: Iron Treads|Iron Treads|100/100
|switch|p2a: Skeledirge|Skeledirge, M|100/100
|turn|1
|
|t:|1760865251
|move|p1a: Iron Treads|Earth Power|p2a: Skeledirge
|-supereffective|p2a: Skeledirge
|-damage|p2a: Skeledirge|48/100
|move|p2a: Skeledirge|Will-O-Wisp|p1a: Iron Treads
|-status|p1a: Iron Treads|brn
|
|-damage|p1a: Iron Treads|94/100 brn|[from] brn
|upkeep
|turn|2
|
|t:|1760865263
|switch|p2a: Thundurus|Thundurus, M|100/100
|move|p1a: Iron Treads|Earth Power|p2a: Thundurus
|-immune|p2a: Thundurus
|
|-damage|p1a: Iron Treads|88/100 brn|[from] brn
|upkeep
|turn|3
|
|t:|1760865272
|move|p2a: Thundurus|Swagger|p1a: Iron Treads|[miss]
|-miss|p2a: Thundurus|p1a: Iron Treads
|move|p1a: Iron Treads|Steel Beam|p2a: Thundurus
|-resisted|p2a: Thundurus
|-damage|p2a: Thundurus|61/100
|-damage|p1a: Iron Treads|38/100 brn|[from] steelbeam
|
|-damage|p1a: Iron Treads|32/100 brn|[from] brn
|upkeep
|turn|4
|
|t:|1760865283
|move|p2a: Thundurus|Swagger|p1a: Iron Treads
|-boost|p1a: Iron Treads|atk|2
|-start|p1a: Iron Treads|confusion
|-enditem|p2a: Thundurus|Mirror Herb
|-boost|p2a: Thundurus|atk|2|[from] item: Mirror Herb
|-activate|p1a: Iron Treads|confusion
|move|p1a: Iron Treads|Steel Beam|p2a: Thundurus
|-resisted|p2a: Thundurus
|-damage|p2a: Thundurus|25/100
|-damage|p1a: Iron Treads|0 fnt|[from] steelbeam
|faint|p1a: Iron Treads
|-end|p1a: Iron Treads|Quark Drive|[silent]
|
|upkeep
|l|☆Saint1
|player|p1|
|inactive|Battle timer is ON: inactive players will automatically lose when time's up. (requested by Bleud29)
|j|☆Saint1
|inactive|Saint1 reconnected and has 145 seconds left.
|player|p1|Saint1|266|
|c|☆Bleud29|Hey get back here
|
|t:|1760865367
|switch|p1a: Samurott|Samurott-Hisui, F|100/100
|turn|5
|
|t:|1760865375
|move|p1a: Samurott|Aqua Jet|p2a: Thundurus
|-damage|p2a: Thundurus|0 fnt
|faint|p2a: Thundurus
|
|upkeep
|
|t:|1760865386
|switch|p2a: Ribombee|Ribombee, F|100/100
|turn|6
|l|☆Saint1
|inactive|Saint1 disconnected and has a minute to reconnect!
|player|p1|
|inactive|Saint1 has 30 seconds to reconnect!
|inactive|Saint1 has 20 seconds to reconnect!
|inactive|Saint1 has 15 seconds to reconnect!
|inactive|Saint1 has 10 seconds to reconnect!
|inactive|Saint1 has 5 seconds to reconnect!
|j|☆Saint1
|inactive|Saint1 reconnected and has 95 seconds left.
|player|p1|Saint1|266|
|
|t:|1760865446
|move|p2a: Ribombee|Moonblast|p1a: Samurott
|-supereffective|p1a: Samurott
|-damage|p1a: Samurott|0 fnt
|faint|p1a: Samurott
|
|upkeep
|
|t:|1760865451
|switch|p1a: Iron Crown|Iron Crown|100/100
|-enditem|p1a: Iron Crown|Booster Energy
|-activate|p1a: Iron Crown|ability: Quark Drive|[fromitem]
|-start|p1a: Iron Crown|quarkdrivespa
|turn|7
|
|t:|1760865469
|switch|p2a: Victreebel|Victreebel, F|100/100
|move|p1a: Iron Crown|Tachyon Cutter|p2a: Victreebel
|-damage|p2a: Victreebel|57/100
|-damage|p2a: Victreebel|19/100
|-enditem|p2a: Victreebel|Lansat Berry|[eat]
|-start|p2a: Victreebel|move: Focus Energy
|-hitcount|p2a: Victreebel|2
|
|upkeep
|turn|8
|
|t:|1760865478
|move|p1a: Iron Crown|Volt Switch|p2a: Victreebel
|-resisted|p2a: Victreebel
|-damage|p2a: Victreebel|2/100
|
|t:|1760865486
|-end|p1a: Iron Crown|Quark Drive|[silent]
|switch|p1a: Iron Moth|Iron Moth|100/100|[from] Volt Switch
|-enditem|p1a: Iron Moth|Booster Energy
|-activate|p1a: Iron Moth|ability: Quark Drive|[fromitem]
|-start|p1a: Iron Moth|quarkdrivespa
|move|p2a: Victreebel|Leech Life|p1a: Iron Moth
|-resisted|p1a: Iron Moth
|-damage|p1a: Iron Moth|91/100
|-heal|p2a: Victreebel|7/100|[from] drain|[of] p1a: Iron Moth
|
|upkeep
|turn|9
|
|t:|1760865501
|move|p1a: Iron Moth|Agility|p1a: Iron Moth
|-boost|p1a: Iron Moth|spe|2
|move|p2a: Victreebel|Poison Jab|p1a: Iron Moth
|-resisted|p1a: Iron Moth
|-crit|p1a: Iron Moth
|-damage|p1a: Iron Moth|51/100
|
|upkeep
|turn|10
|
|t:|1760865509
|move|p1a: Iron Moth|Fiery Dance|p2a: Victreebel
|-supereffective|p2a: Victreebel
|-damage|p2a: Victreebel|0 fnt
|-boost|p1a: Iron Moth|spa|1
|faint|p2a: Victreebel
|
|upkeep
|
|t:|1760865524
|switch|p2a: Metagross|Metagross|100/100
|turn|11
|
|t:|1760865543
|move|p1a: Iron Moth|Fiery Dance|p2a: Metagross
|-supereffective|p2a: Metagross
|-damage|p2a: Metagross|0 fnt
|faint|p2a: Metagross
|
|upkeep
|
|t:|1760865549
|switch|p2a: Skeledirge|Skeledirge, M|48/100
|turn|12
|
|t:|1760865559
|move|p1a: Iron Moth|Sludge Wave|p2a: Skeledirge
|-resisted|p2a: Skeledirge
|-damage|p2a: Skeledirge|11/100
|move|p2a: Skeledirge|Curse|p1a: Iron Moth
|-start|p1a: Iron Moth|Curse|[of] p2a: Skeledirge
|-damage|p2a: Skeledirge|0 fnt
|faint|p2a: Skeledirge
|
|-damage|p1a: Iron Moth|26/100|[from] Curse
|upkeep
|
|t:|1760865569
|switch|p2a: Kingdra|Kingdra, F|100/100
|turn|13
|
|t:|1760865579
|move|p1a: Iron Moth|Discharge|p2a: Kingdra
|-damage|p2a: Kingdra|27/100
|move|p2a: Kingdra|Focus Energy|p2a: Kingdra
|-start|p2a: Kingdra|move: Focus Energy
|
|-damage|p1a: Iron Moth|1/100|[from] Curse
|upkeep
|turn|14
|
|t:|1760865588
|move|p1a: Iron Moth|Sludge Wave|p2a: Kingdra
|-damage|p2a: Kingdra|0 fnt
|faint|p2a: Kingdra
|
|-damage|p1a: Iron Moth|0 fnt|[from] Curse
|faint|p1a: Iron Moth
|-end|p1a: Iron Moth|Quark Drive|[silent]
|upkeep
|-message|Bleud29 forfeited.
|
|win|Saint1
|raw|Saint1's rating: 1138 &rarr; <strong>1164</strong><br />(+26 for winning)
|raw|Bleud29's rating: 1153 &rarr; <strong>1127</strong><br />(-26 for losing)
|l|☆Bleud29
|player|p2|
|l|☆Saint1
|player|p1|
