|j|☆vallic
|j|☆ayayalaptop
|t:|1760767407
|gametype|singles
|player|p1|vallic|101|1387
|player|p2|ayayalaptop|102|1404
|gen|9
|tier|[Gen 9] OU
|rated|
|rule|HP Percentage Mod: HP is shown in percentages
|rule|Endless Battle Clause: Forcing endless battles is banned
|rule|Species Clause: Limit one of each Pokémon
|rule|OHKO Clause: OHKO moves are banned
|rule|Evasion Items Clause: Evasion items are banned
|rule|Evasion Moves Clause: Evasion moves are banned
|rule|Evasion Abilities Clause: Evasion abilities are banned
|rule|Sleep Moves Clause: Sleep-inducing moves are banned
|clearpoke
|poke|p1|Carbink, L1|
|poke|p1|Braviary-Hisui, M|
|poke|p1|Ursaluna, M|
|poke|p1|Kingambit, M|
|poke|p1|Iron Hands|
|poke|p1|Hatterene, F|
|poke|p2|Pelipper, M|
|poke|p2|Raikou|
|poke|p2|Glimmora, M|
|poke|p2|Rillaboom, F|
|poke|p2|Scizor, F|
|poke|p2|Ting-Lu|
|teampreview
|inactive|Battle timer is ON: inactive players will automatically lose when time's up. (requested by ayayalaptop)
|
|t:|1760767429
|teamsize|p1|6
|teamsize|p2|6
|start
|switch|p1a: Carbink|Carbink, L1, shiny|100/100
|switch|p2a: Raikou|Raikou|100/100
|-ability|p2a: Raikou|Pressure
|turn|1
|
|t:|1760767435
|move|p2a: Raikou|Substitute|p2a: Raikou
|-start|p2a: Raikou|Substitute
|-damage|p2a: Raikou|76/100
|move|p1a: Carbink|Trick Room|p1a: Carbink
|-fieldstart|move: Trick Room|[of] p1a: Carbink
|
|-damage|p1a: Carbink|92/100|[from] item: Black Sludge
|-heal|p2a: Raikou|82/100|[from] item: Leftovers
|upkeep
|turn|2
|
|t:|1760767441
|move|p2a: Raikou|Protect|p2a: Raikou
|-singleturn|p2a: Raikou|Protect
|move|p1a: Carbink|Stealth Rock|p2a: Raikou
|-sidestart|p2: ayayalaptop|move: Stealth Rock
|
|-damage|p1a: Carbink|84/100|[from] item: Black Sludge
|-heal|p2a: Raikou|88/100|[from] item: Leftovers
|upkeep
|turn|3
|
|t:|1760767447
|move|p1a: Carbink|Endeavor|p2a: Raikou
|-end|p2a: Raikou|Substitute
|move|p2a: Raikou|Scald|p1a: Carbink
|-supereffective|p1a: Carbink
|-damage|p1a: Carbink|0 fnt
|faint|p1a: Carbink
|
|-heal|p2a: Raikou|94/100|[from] item: Leftovers
|upkeep
|
|t:|1760767453
|switch|p1a: Ursaluna|Ursaluna, M|100/100
|turn|4
|
|t:|1760767462
|move|p2a: Raikou|Protect|p2a: Raikou
|-singleturn|p2a: Raikou|Protect
|move|p1a: Ursaluna|Headlong Rush|p2a: Raikou
|-activate|p2a: Raikou|move: Protect
|
|-heal|p2a: Raikou|100/100|[from] item: Leftovers
|-status|p1a: Ursaluna|brn|[from] item: Flame Orb
|upkeep
|turn|5
|
|t:|1760767477
|switch|p2a: Ting-Lu|Ting-Lu|100/100
|-damage|p2a: Ting-Lu|94/100|[from] Stealth Rock
|-ability|p2a: Ting-Lu|Vessel of Ruin
|move|p1a: Ursaluna|Facade|p2a: Ting-Lu
|-damage|p2a: Ting-Lu|24/100
|
|-heal|p2a: Ting-Lu|30/100|[from] item: Leftovers
|-damage|p1a: Ursaluna|94/100 brn|[from] brn
|-fieldend|move: Trick Room
|upkeep
|turn|6
|
|t:|1760767485
|move|p2a: Ting-Lu|Stealth Rock|p1a: Ursaluna
|-sidestart|p1: vallic|move: Stealth Rock
|move|p1a: Ursaluna|Facade|p2a: Ting-Lu
|-damage|p2a: Ting-Lu|0 fnt
|faint|p2a: Ting-Lu
|
|-damage|p1a: Ursaluna|88/100 brn|[from] brn
|upkeep
|
|t:|1760767492
|switch|p2a: Pelipper|Pelipper, M|100/100
|-weather|RainDance|[from] ability: Drizzle|[of] p2a: Pelipper
|turn|7
|
|t:|1760767498
|-terastallize|p1a: Ursaluna|Normal
|move|p2a: Pelipper|Weather Ball|p1a: Ursaluna
|-damage|p1a: Ursaluna|41/100 brn
|move|p1a: Ursaluna|Facade|p2a: Pelipper
|-damage|p2a: Pelipper|0 fnt
|faint|p2a: Pelipper
|
|-weather|RainDance|[upkeep]
|-damage|p1a: Ursaluna|35/100 brn|[from] brn
|upkeep
|
|t:|1760767508
|switch|p2a: Raikou|Raikou|100/100
|-damage|p2a: Raikou|88/100|[from] Stealth Rock
|-ability|p2a: Raikou|Pressure
|turn|8
|
|t:|1760767511
|move|p2a: Raikou|Scald|p1a: Ursaluna
|-damage|p1a: Ursaluna|0 fnt
|faint|p1a: Ursaluna
|
|-weather|RainDance|[upkeep]
|-heal|p2a: Raikou|94/100|[from] item: Leftovers
|upkeep
|
|t:|1760767518
|switch|p1a: Hatterene|Hatterene, F|100/100
|-damage|p1a: Hatterene|88/100|[from] Stealth Rock
|turn|9
|
|t:|1760767521
|move|p2a: Raikou|Substitute|p2a: Raikou
|-start|p2a: Raikou|Substitute
|-damage|p2a: Raikou|69/100
|move|p1a: Hatterene|Trick Room|p1a: Hatterene
|-fieldstart|move: Trick Room|[of] p1a: Hatterene
|
|-weather|RainDance|[upkeep]
|-heal|p2a: Raikou|76/100|[from] item: Leftovers
|upkeep
|turn|10
|
|t:|1760767526
|move|p2a: Raikou|Protect|p2a: Raikou
|-singleturn|p2a: Raikou|Protect
|move|p1a: Hatterene|Psychic Noise|p2a: Raikou
|-activate|p2a: Raikou|move: Protect
|
|-weather|RainDance|[upkeep]
|-heal|p2a: Raikou|82/100|[from] item: Leftovers
|upkeep
|turn|11
|
|t:|1760767530
|move|p1a: Hatterene|Psychic Noise|p2a: Raikou
|-damage|p2a: Raikou|40/100
|-start|p2a: Raikou|move: Heal Block
|move|p2a: Raikou|Thunder|p1a: Hatterene
|-damage|p1a: Hatterene|30/100
|
|-weather|none
|upkeep
|turn|12
|
|t:|1760767536
|move|p2a: Raikou|Protect|p2a: Raikou
|-singleturn|p2a: Raikou|Protect
|move|p1a: Hatterene|Psychic Noise|p2a: Raikou
|-activate|p2a: Raikou|move: Protect
|
|-end|p2a: Raikou|move: Heal Block
|upkeep
|turn|13
|
|t:|1760767544
|switch|p2a: Scizor|Scizor, F|100/100
|-damage|p2a: Scizor|88/100|[from] Stealth Rock
|move|p1a: Hatterene|Psychic Noise|p2a: Scizor
|-resisted|p2a: Scizor
|-damage|p2a: Scizor|71/100
|-start|p2a: Scizor|move: Heal Block
|
|-fieldend|move: Trick Room
|upkeep
|turn|14
|
|t:|1760767549
|move|p2a: Scizor|U-turn|p1a: Hatterene
|-damage|p1a: Hatterene|0 fnt
|faint|p1a: Hatterene
|j| Narwhale37
|
|t:|1760767557
|switch|p2a: Raikou|Raikou|40/100|[from] U-turn
|-damage|p2a: Raikou|28/100|[from] Stealth Rock
|-ability|p2a: Raikou|Pressure
|
|-heal|p2a: Raikou|34/100|[from] item: Leftovers
|upkeep
|
|t:|1760767560
|switch|p1a: Iron Hands|Iron Hands|100/100
|-damage|p1a: Iron Hands|94/100|[from] Stealth Rock
|-enditem|p1a: Iron Hands|Booster Energy
|-activate|p1a: Iron Hands|ability: Quark Drive|[fromitem]
|-start|p1a: Iron Hands|quarkdriveatk
|turn|15
|
|t:|1760767564
|move|p2a: Raikou|Scald|p1a: Iron Hands
|-damage|p1a: Iron Hands|76/100
|-status|p1a: Iron Hands|brn
|move|p1a: Iron Hands|Drain Punch|p2a: Raikou
|-damage|p2a: Raikou|0 fnt
|-heal|p1a: Iron Hands|88/100 brn|[from] drain|[of] p2a: Raikou
|faint|p2a: Raikou
|
|-damage|p1a: Iron Hands|82/100 brn|[from] brn
|upkeep
|
|t:|1760767573
|switch|p2a: Glimmora|Glimmora, M|100/100
|-damage|p2a: Glimmora|88/100|[from] Stealth Rock
|turn|16
|
|t:|1760767579
|move|p2a: Glimmora|Mortal Spin|p1a: Iron Hands
|-damage|p1a: Iron Hands|77/100 brn
|-sideend|p2: ayayalaptop|Stealth Rock|[from] move: Mortal Spin|[of] p2a: Glimmora
|move|p1a: Iron Hands|Swords Dance|p1a: Iron Hands
|-boost|p1a: Iron Hands|atk|2
|
|-heal|p2a: Glimmora|94/100|[from] item: Black Sludge
|-damage|p1a: Iron Hands|71/100 brn|[from] brn
|upkeep
|turn|17
|
|t:|1760767589
|move|p2a: Glimmora|Spiky Shield|p2a: Glimmora
|-singleturn|p2a: Glimmora|move: Protect
|move|p1a: Iron Hands|Thunder Punch|p2a: Glimmora
|-activate|p2a: Glimmora|move: Protect
|-damage|p1a: Iron Hands|59/100 brn|[from] Spiky Shield|[of] p2a: Glimmora
|
|-heal|p2a: Glimmora|100/100|[from] item: Black Sludge
|-damage|p1a: Iron Hands|52/100 brn|[from] brn
|upkeep
|turn|18
|
|t:|1760767595
|move|p2a: Glimmora|Spikes|p1a: Iron Hands
|-sidestart|p1: vallic|Spikes
|move|p1a: Iron Hands|Thunder Punch|p2a: Glimmora
|-damage|p2a: Glimmora|60/100
|-activate|p2a: Glimmora|ability: Toxic Debris
|-sidestart|p1: vallic|move: Toxic Spikes
|
|-heal|p2a: Glimmora|66/100|[from] item: Black Sludge
|-damage|p1a: Iron Hands|46/100 brn|[from] brn
|upkeep
|turn|19
|
|t:|1760767602
|move|p2a: Glimmora|Spikes|p1a: Iron Hands
|-sidestart|p1: vallic|Spikes
|move|p1a: Iron Hands|Swords Dance|p1a: Iron Hands
|-boost|p1a: Iron Hands|atk|2
|
|-heal|p2a: Glimmora|72/100|[from] item: Black Sludge
|-damage|p1a: Iron Hands|40/100 brn|[from] brn
|upkeep
|turn|20
|
|t:|1760767606
|move|p2a: Glimmora|Spiky Shield|p2a: Glimmora
|-singleturn|p2a: Glimmora|move: Protect
|move|p1a: Iron Hands|Thunder Punch|p2a: Glimmora
|-activate|p2a: Glimmora|move: Protect
|-damage|p1a: Iron Hands|28/100 brn|[from] Spiky Shield|[of] p2a: Glimmora
|
|-heal|p2a: Glimmora|79/100|[from] item: Black Sludge
|-damage|p1a: Iron Hands|21/100 brn|[from] brn
|upkeep
|turn|21
|
|t:|1760767613
|move|p2a: Glimmora|Power Gem|p1a: Iron Hands
|-resisted|p1a: Iron Hands
|-damage|p1a: Iron Hands|10/100 brn
|move|p1a: Iron Hands|Thunder Punch|p2a: Glimmora
|-damage|p2a: Glimmora|14/100
|-activate|p2a: Glimmora|ability: Toxic Debris
|-sidestart|p1: vallic|move: Toxic Spikes
|
|-heal|p2a: Glimmora|20/100|[from] item: Black Sludge
|-damage|p1a: Iron Hands|4/100 brn|[from] brn
|upkeep
|turn|22
|
|t:|1760767625
|move|p2a: Glimmora|Spikes|p1a: Iron Hands
|-sidestart|p1: vallic|Spikes
|move|p1a: Iron Hands|Thunder Punch|p2a: Glimmora
|-damage|p2a: Glimmora|0 fnt
|faint|p2a: Glimmora
|
|-damage|p1a: Iron Hands|0 fnt|[from] brn
|faint|p1a: Iron Hands
|-end|p1a: Iron Hands|Quark Drive|[silent]
|upkeep
|
|t:|1760767634
|switch|p2a: Scizor|Scizor, F|71/100
|switch|p1a: Braviary|Braviary-Hisui, M, shiny|100/100
|-damage|p1a: Braviary|76/100|[from] Stealth Rock
|turn|23
|
|t:|1760767639
|move|p2a: Scizor|Knock Off|p1a: Braviary
|-supereffective|p1a: Braviary
|-damage|p1a: Braviary|0 fnt
|-enditem|p1a: Braviary|Life Orb|[from] move: Knock Off|[of] p2a: Scizor
|faint|p1a: Braviary
|
|upkeep
|
|t:|1760767641
|switch|p1a: Kingambit|Kingambit, M|100/100
|-damage|p1a: Kingambit|94/100|[from] Stealth Rock
|-damage|p1a: Kingambit|69/100|[from] Spikes
|-activate|p1a: Kingambit|ability: Supreme Overlord
|-start|p1a: Kingambit|fallen5|[silent]
|turn|24
|
|t:|1760767656
|move|p2a: Scizor|Close Combat|p1a: Kingambit
|-supereffective|p1a: Kingambit
|-damage|p1a: Kingambit|0 fnt
|-unboost|p2a: Scizor|def|1
|-unboost|p2a: Scizor|spd|1
|faint|p1a: Kingambit
|-end|p1a: Kingambit|fallen5|[silent]
|
|win|ayayalaptop
|raw|vallic's rating: 1387 &rarr; <strong>1368</strong><br />(-19 for losing)
|raw|ayayalaptop's rating: 1404 &rarr; <strong>1423</strong><br />(+19 for winning)
|l|☆vallic
|player|p1|
|l|☆ayayalaptop
|player|p2|
