|j|☆Ashbie The Aspie
|j|☆jfkkkkf
|t:|1760818657
|gametype|singles
|player|p1|Ashbie The Aspie|265|1377
|player|p2|jfkkkkf|265|1426
|gen|9
|tier|[Gen 9] OU
|rated|
|rule|HP Percentage Mod: HP is shown in percentages
|rule|Endless Battle Clause: Forcing endless battles is banned
|rule|Species Clause: Limit one of each Pokémon
|rule|OHKO Clause: OHKO moves are banned
|rule|Evasion Items Clause: Evasion items are banned
|rule|Evasion Moves Clause: Evasion moves are banned
|rule|Evasion Abilities Clause: Evasion abilities are banned
|rule|Sleep Moves Clause: Sleep-inducing moves are banned
|clearpoke
|poke|p1|Grafaiai, F|
|poke|p1|Iron Moth|
|poke|p1|Samurott-Hisui, F|
|poke|p1|Great Tusk|
|poke|p1|Slowking-Galar, M|
|poke|p1|Raging Bolt|
|poke|p2|Samurott-Hisui, M|
|poke|p2|Great Tusk|
|poke|p2|Sinistcha|
|poke|p2|Chansey, F|
|poke|p2|Hatterene, F|
|poke|p2|Ogerpon-Wellspring, F|
|teampreview
|
|t:|1760818672
|teamsize|p1|6
|teamsize|p2|6
|start
|switch|p1a: Samurott|Samurott-Hisui, F|100/100
|switch|p2a: Ogerpon|Ogerpon-Wellspring, F|100/100
|turn|1
|
|t:|1760818679
|switch|p1a: Slowking|Slowking-Galar, M|100/100
|move|p2a: Ogerpon|Horn Leech|p1a: Slowking
|-resisted|p1a: Slowking
|-damage|p1a: Slowking|76/100
|
|upkeep
|turn|2
|
|t:|1760818686
|move|p2a: Ogerpon|Knock Off|p1a: Slowking
|-supereffective|p1a: Slowking
|-damage|p1a: Slowking|0 fnt
|-enditem|p1a: Slowking|Choice Specs|[from] move: Knock Off|[of] p2a: Ogerpon
|faint|p1a: Slowking
|
|upkeep
|
|t:|1760818695
|switch|p1a: Raging Bolt|Raging Bolt|100/100
|-enditem|p1a: Raging Bolt|Booster Energy
|-activate|p1a: Raging Bolt|ability: Protosynthesis|[fromitem]
|-start|p1a: Raging Bolt|protosynthesisspa
|turn|3
|
|t:|1760818701
|move|p2a: Ogerpon|Encore||[still]
|-fail|p2a: Ogerpon
|move|p1a: Raging Bolt|Substitute|p1a: Raging Bolt
|-start|p1a: Raging Bolt|Substitute
|-damage|p1a: Raging Bolt|76/100
|
|upkeep
|turn|4
|
|t:|1760818707
|move|p1a: Raging Bolt|Thunderclap||[still]
|-fail|p1a: Raging Bolt
|move|p2a: Ogerpon|Encore|p1a: Raging Bolt
|-start|p1a: Raging Bolt|Encore
|
|upkeep
|turn|5
|
|t:|1760818718
|switch|p2a: Great Tusk|Great Tusk|100/100
|move|p1a: Raging Bolt|Thunderclap||[still]
|-fail|p1a: Raging Bolt
|
|upkeep
|turn|6
|
|t:|1760818724
|move|p1a: Raging Bolt|Thunderclap|p2a: Great Tusk
|-immune|p2a: Great Tusk
|move|p2a: Great Tusk|Rapid Spin|p1a: Raging Bolt
|-crit|p1a: Raging Bolt
|-end|p1a: Raging Bolt|Substitute
|-boost|p2a: Great Tusk|spe|1
|
|upkeep
|turn|7
|
|t:|1760818733
|-end|p1a: Raging Bolt|Protosynthesis|[silent]
|switch|p1a: Great Tusk|Great Tusk|100/100
|-enditem|p1a: Great Tusk|Booster Energy
|-activate|p1a: Great Tusk|ability: Protosynthesis|[fromitem]
|-start|p1a: Great Tusk|protosynthesisspe
|move|p2a: Great Tusk|Rapid Spin|p1a: Great Tusk
|-damage|p1a: Great Tusk|89/100
|-boost|p2a: Great Tusk|spe|1
|
|upkeep
|turn|8
|
|t:|1760818743
|move|p1a: Great Tusk|Bulk Up|p1a: Great Tusk
|-boost|p1a: Great Tusk|atk|1
|-boost|p1a: Great Tusk|def|1
|move|p2a: Great Tusk|Knock Off|p1a: Great Tusk
|-resisted|p1a: Great Tusk
|-damage|p1a: Great Tusk|84/100
|
|upkeep
|turn|9
|
|t:|1760818751
|-end|p2a: Great Tusk|Protosynthesis|[silent]
|switch|p2a: Ogerpon|Ogerpon-Wellspring, F|100/100
|move|p1a: Great Tusk|Ice Spinner|p2a: Ogerpon
|-damage|p2a: Ogerpon|54/100
|
|upkeep
|turn|10
|
|t:|1760818759
|move|p1a: Great Tusk|Ice Spinner|p2a: Ogerpon
|-damage|p2a: Ogerpon|8/100
|move|p2a: Ogerpon|Horn Leech|p1a: Great Tusk
|-supereffective|p1a: Great Tusk
|-damage|p1a: Great Tusk|44/100
|-heal|p2a: Ogerpon|37/100|[from] drain|[of] p1a: Great Tusk
|
|upkeep
|turn|11
|
|t:|1760818774
|-terastallize|p2a: Ogerpon|Water
|detailschange|p2a: Ogerpon|Ogerpon-Wellspring-Tera, F, tera:Water
|-ability|p2a: Ogerpon|Embody Aspect (Wellspring)|boost
|-boost|p2a: Ogerpon|spd|1
|move|p1a: Great Tusk|Ice Spinner|p2a: Ogerpon
|-resisted|p2a: Ogerpon
|-damage|p2a: Ogerpon|15/100
|move|p2a: Ogerpon|Horn Leech|p1a: Great Tusk
|-supereffective|p1a: Great Tusk
|-damage|p1a: Great Tusk|5/100
|-heal|p2a: Ogerpon|43/100|[from] drain|[of] p1a: Great Tusk
|
|upkeep
|turn|12
|
|t:|1760818791
|move|p1a: Great Tusk|Close Combat|p2a: Ogerpon
|-damage|p2a: Ogerpon|0 fnt
|-unboost|p1a: Great Tusk|def|1
|-unboost|p1a: Great Tusk|spd|1
|faint|p2a: Ogerpon
|detailschange|p2: Ogerpon|Ogerpon-Wellspring, F|[silent]
|
|upkeep
|
|t:|1760818813
|switch|p2a: Sinistcha|Sinistcha|100/100
|turn|13
|
|t:|1760818817
|move|p1a: Great Tusk|Ice Spinner|p2a: Sinistcha
|-supereffective|p2a: Sinistcha
|-damage|p2a: Sinistcha|49/100
|move|p2a: Sinistcha|Strength Sap|p1a: Great Tusk
|-unboost|p1a: Great Tusk|atk|1
|-heal|p2a: Sinistcha|100/100
|
|upkeep
|turn|14
|
|t:|1760818826
|-end|p1a: Great Tusk|Protosynthesis|[silent]
|switch|p1a: Grafaiai|Grafaiai, F|100/100
|move|p2a: Sinistcha|Calm Mind|p2a: Sinistcha
|-boost|p2a: Sinistcha|spa|1
|-boost|p2a: Sinistcha|spd|1
|
|upkeep
|turn|15
|
|t:|1760818837
|switch|p2a: Great Tusk|Great Tusk|100/100
|move|p1a: Grafaiai|Encore||[still]
|-fail|p1a: Grafaiai
|
|upkeep
|turn|16
|
|t:|1760818843
|move|p1a: Grafaiai|Parting Shot|p2a: Great Tusk
|-unboost|p2a: Great Tusk|atk|1
|-unboost|p2a: Great Tusk|spa|1
|
|t:|1760818847
|switch|p1a: Great Tusk|Great Tusk|5/100|[from] Parting Shot
|move|p2a: Great Tusk|Knock Off|p1a: Great Tusk
|-resisted|p1a: Great Tusk
|-damage|p1a: Great Tusk|0 fnt
|faint|p1a: Great Tusk
|-end|p1a: Great Tusk|Protosynthesis|[silent]
|
|upkeep
|
|t:|1760818849
|switch|p1a: Samurott|Samurott-Hisui, F|100/100
|turn|17
|
|t:|1760818862
|move|p1a: Samurott|Razor Shell|p2a: Great Tusk
|-supereffective|p2a: Great Tusk
|-damage|p2a: Great Tusk|18/100
|-unboost|p2a: Great Tusk|def|1
|-damage|p1a: Samurott|91/100|[from] item: Life Orb
|move|p2a: Great Tusk|Rapid Spin|p1a: Samurott
|-damage|p1a: Samurott|73/100
|-boost|p2a: Great Tusk|spe|1
|
|upkeep
|turn|18
|
|t:|1760818873
|move|p2a: Great Tusk|Brick Break|p1a: Samurott
|-supereffective|p1a: Samurott
|-damage|p1a: Samurott|0 fnt
|faint|p1a: Samurott
|
|upkeep
|
|t:|1760818878
|switch|p1a: Grafaiai|Grafaiai, F|100/100
|turn|19
|
|t:|1760818886
|-end|p2a: Great Tusk|Protosynthesis|[silent]
|switch|p2a: Hatterene|Hatterene, F|100/100
|move|p1a: Grafaiai|Encore|p2a: Hatterene
|move|p2a: Hatterene|Encore||[from] ability: Magic Bounce|[still]
|-fail|p2a: Hatterene
|
|upkeep
|turn|20
|
|t:|1760818896
|move|p1a: Grafaiai|Parting Shot|p2a: Hatterene
|move|p2a: Hatterene|Parting Shot|p1a: Grafaiai|[from] ability: Magic Bounce
|-unboost|p1a: Grafaiai|atk|1
|-unboost|p1a: Grafaiai|spa|1
|
|t:|1760818903
|switch|p2a: Samurott|Samurott-Hisui, M|100/100|[from] Parting Shot
|
|upkeep
|turn|21
|
|t:|1760818911
|switch|p1a: Raging Bolt|Raging Bolt|76/100
|move|p2a: Samurott|Ceaseless Edge|p1a: Raging Bolt
|-damage|p1a: Raging Bolt|38/100
|-sidestart|p1: Ashbie The Aspie|Spikes
|
|upkeep
|turn|22
|
|t:|1760818929
|-end|p1a: Raging Bolt|Protosynthesis|[silent]
|switch|p1a: Iron Moth|Iron Moth|100/100
|-damage|p1a: Iron Moth|88/100|[from] Spikes
|-enditem|p1a: Iron Moth|Booster Energy
|-activate|p1a: Iron Moth|ability: Quark Drive|[fromitem]
|-start|p1a: Iron Moth|quarkdrivespa
|move|p2a: Samurott|Flip Turn|p1a: Iron Moth
|-supereffective|p1a: Iron Moth
|-damage|p1a: Iron Moth|0 fnt
|faint|p1a: Iron Moth
|-end|p1a: Iron Moth|Quark Drive|[silent]
|-message|Ashbie The Aspie forfeited.
|
|win|jfkkkkf
|raw|Ashbie The Aspie's rating: 1377 &rarr; <strong>1360</strong><br />(-17 for losing)
|raw|jfkkkkf's rating: 1426 &rarr; <strong>1443</strong><br />(+17 for winning)
|l|☆Ashbie The Aspie
|player|p1|
|l|☆jfkkkkf
|player|p2|
