|j|☆Dravantas
|j|☆Ch0colate Rain
|t:|1760810497
|gametype|singles
|player|p1|Dravantas|1|1112
|player|p2|Ch0colate Rain|fisherman-gen4|1143
|gen|9
|tier|[Gen 9] OU
|rated|
|rule|HP Percentage Mod: HP is shown in percentages
|rule|Endless Battle Clause: Forcing endless battles is banned
|rule|Species Clause: Limit one of each Pokémon
|rule|OHKO Clause: OHKO moves are banned
|rule|Evasion Items Clause: Evasion items are banned
|rule|Evasion Moves Clause: Evasion moves are banned
|rule|Evasion Abilities Clause: Evasion abilities are banned
|rule|Sleep Moves Clause: Sleep-inducing moves are banned
|clearpoke
|poke|p1|Gliscor, F|
|poke|p1|Walking Wake|
|poke|p1|Slowking-Galar, M|
|poke|p1|Zamazenta-*|
|poke|p1|Ting-Lu|
|poke|p1|Kingambit, F|
|poke|p2|Zebstrika, M|
|poke|p2|Goodra, M|
|poke|p2|Scizor, F|
|poke|p2|Sandy Shocks|
|poke|p2|Espeon, M|
|poke|p2|Clawitzer, F|
|teampreview
|inactive|Battle timer is ON: inactive players will automatically lose when time's up. (requested by Ch0colate Rain)
|
|t:|1760810504
|teamsize|p1|6
|teamsize|p2|6
|start
|switch|p1a: Ting-Lu|Ting-Lu, shiny|100/100
|switch|p2a: Clawitzer|Clawitzer, F|100/100
|-ability|p1a: Ting-Lu|Vessel of Ruin
|turn|1
|
|t:|1760810528
|move|p2a: Clawitzer|Water Pulse|p1a: Ting-Lu
|-supereffective|p1a: Ting-Lu
|-damage|p1a: Ting-Lu|58/100
|-start|p1a: Ting-Lu|confusion
|-activate|p1a: Ting-Lu|confusion
|move|p1a: Ting-Lu|Spikes|p2a: Clawitzer
|-sidestart|p2: Ch0colate Rain|Spikes
|
|-heal|p1a: Ting-Lu|65/100|[from] item: Leftovers
|upkeep
|turn|2
|
|t:|1760810545
|switch|p1a: Walking Wake|Walking Wake|100/100
|move|p2a: Clawitzer|Water Pulse|p1a: Walking Wake
|-resisted|p1a: Walking Wake
|-damage|p1a: Walking Wake|87/100
|
|upkeep
|turn|3
|
|t:|1760810552
|move|p1a: Walking Wake|Knock Off|p2a: Clawitzer
|-damage|p2a: Clawitzer|80/100
|-enditem|p2a: Clawitzer|Custap Berry|[from] move: Knock Off|[of] p1a: Walking Wake
|move|p2a: Clawitzer|Ice Beam|p1a: Walking Wake
|-damage|p1a: Walking Wake|48/100
|
|upkeep
|turn|4
|
|t:|1760810564
|move|p1a: Walking Wake|Draco Meteor|p2a: Clawitzer
|-damage|p2a: Clawitzer|9/100
|-unboost|p1a: Walking Wake|spa|2
|move|p2a: Clawitzer|Dark Pulse|p1a: Walking Wake
|-damage|p1a: Walking Wake|0 fnt
|faint|p1a: Walking Wake
|-end|p1a: Walking Wake|Protosynthesis|[silent]
|
|upkeep
|
|t:|1760810574
|switch|p1a: Kingambit|Kingambit, F, shiny|100/100
|-activate|p1a: Kingambit|ability: Supreme Overlord
|-start|p1a: Kingambit|fallen1|[silent]
|turn|5
|
|t:|1760810578
|move|p1a: Kingambit|Sucker Punch|p2a: Clawitzer
|-damage|p2a: Clawitzer|0 fnt
|faint|p2a: Clawitzer
|
|upkeep
|
|t:|1760810581
|switch|p2a: Scizor|Scizor, F|100/100
|-damage|p2a: Scizor|88/100|[from] Spikes
|turn|6
|
|t:|1760810586
|-end|p1a: Kingambit|fallen1|[silent]
|switch|p1a: Slowking|Slowking-Galar, M|100/100
|move|p2a: Scizor|Defog|p1a: Slowking
|-unboost|p1a: Slowking|evasion|1
|-sideend|p2: Ch0colate Rain|Spikes|[from] move: Defog|[of] p2a: Scizor
|
|upkeep
|turn|7
|
|t:|1760810597
|move|p2a: Scizor|U-turn|p1a: Slowking
|-damage|p1a: Slowking|58/100
|
|t:|1760810600
|switch|p2a: Goodra|Goodra, M|100/100|[from] U-turn
|move|p1a: Slowking|Flamethrower|p2a: Goodra
|-resisted|p2a: Goodra
|-damage|p2a: Goodra|96/100
|
|upkeep
|turn|8
|
|t:|1760810627
|switch|p1a: Ting-Lu|Ting-Lu, shiny|65/100
|-ability|p1a: Ting-Lu|Vessel of Ruin
|move|p2a: Goodra|Earthquake|p1a: Ting-Lu
|-damage|p1a: Ting-Lu|54/100
|
|-heal|p1a: Ting-Lu|61/100|[from] item: Leftovers
|upkeep
|turn|9
|
|t:|1760810635
|switch|p2a: Zebstrika|Zebstrika, M|100/100
|move|p1a: Ting-Lu|Ruination|p2a: Zebstrika
|-damage|p2a: Zebstrika|51/100
|
|-heal|p1a: Ting-Lu|67/100|[from] item: Leftovers
|upkeep
|turn|10
|
|t:|1760810645
|move|p2a: Zebstrika|Low Kick|p1a: Ting-Lu
|-supereffective|p1a: Ting-Lu
|-damage|p1a: Ting-Lu|17/100
|move|p1a: Ting-Lu|Earthquake|p2a: Zebstrika
|-supereffective|p2a: Zebstrika
|-damage|p2a: Zebstrika|0 fnt
|faint|p2a: Zebstrika
|
|-heal|p1a: Ting-Lu|24/100|[from] item: Leftovers
|upkeep
|
|t:|1760810650
|switch|p2a: Scizor|Scizor, F|88/100
|turn|11
|
|t:|1760810656
|move|p2a: Scizor|U-turn|p1a: Ting-Lu
|-supereffective|p1a: Ting-Lu
|-damage|p1a: Ting-Lu|0 fnt
|faint|p1a: Ting-Lu
|
|t:|1760810663
|switch|p2a: Espeon|Espeon, M|100/100|[from] U-turn
|
|upkeep
|
|t:|1760810684
|switch|p1a: Kingambit|Kingambit, F, shiny|100/100
|-activate|p1a: Kingambit|ability: Supreme Overlord
|-start|p1a: Kingambit|fallen2|[silent]
|turn|12
|
|t:|1760810694
|move|p2a: Espeon|Trick|p1a: Kingambit
|-activate|p2a: Espeon|move: Trick|[of] p1a: Kingambit
|-item|p1a: Kingambit|Choice Scarf|[from] move: Trick
|-item|p2a: Espeon|Black Glasses|[from] move: Trick
|move|p1a: Kingambit|Kowtow Cleave|p2a: Espeon
|-supereffective|p2a: Espeon
|-damage|p2a: Espeon|0 fnt
|faint|p2a: Espeon
|
|upkeep
|
|t:|1760810699
|switch|p2a: Scizor|Scizor, F|88/100
|turn|13
|inactive|Dravantas has 120 seconds left.
|
|t:|1760810727
|-end|p1a: Kingambit|fallen2|[silent]
|switch|p1a: Slowking|Slowking-Galar, M|91/100
|move|p2a: Scizor|Counter||[still]
|-fail|p2a: Scizor
|
|upkeep
|turn|14
|
|t:|1760810733
|move|p2a: Scizor|U-turn|p1a: Slowking
|-damage|p1a: Slowking|49/100
|
|t:|1760810735
|switch|p2a: Sandy Shocks|Sandy Shocks|100/100|[from] U-turn
|move|p1a: Slowking|Flamethrower|p2a: Sandy Shocks
|-damage|p2a: Sandy Shocks|74/100
|
|upkeep
|turn|15
|
|t:|1760810746
|-end|p2a: Sandy Shocks|Protosynthesis|[silent]
|switch|p2a: Goodra|Goodra, M|96/100
|switch|p1a: Gliscor|Gliscor, F, shiny|100/100
|
|-status|p1a: Gliscor|tox|[from] item: Toxic Orb
|upkeep
|turn|16
|
|t:|1760810760
|move|p1a: Gliscor|Swords Dance|p1a: Gliscor
|-boost|p1a: Gliscor|atk|2
|move|p2a: Goodra|Ice Beam|p1a: Gliscor
|-supereffective|p1a: Gliscor
|-damage|p1a: Gliscor|0 fnt
|faint|p1a: Gliscor
|
|upkeep
|
|t:|1760810771
|switch|p1a: Zamazenta|Zamazenta|100/100
|-ability|p1a: Zamazenta|Dauntless Shield|boost
|-boost|p1a: Zamazenta|def|1
|turn|17
|
|t:|1760810781
|switch|p2a: Scizor|Scizor, F|88/100
|move|p1a: Zamazenta|Close Combat|p2a: Scizor
|-damage|p2a: Scizor|31/100
|-unboost|p1a: Zamazenta|def|1
|-unboost|p1a: Zamazenta|spd|1
|-damage|p1a: Zamazenta|84/100|[from] item: Rocky Helmet|[of] p2a: Scizor
|
|upkeep
|turn|18
|
|t:|1760810790
|-terastallize|p2a: Scizor|Bug
|move|p1a: Zamazenta|Close Combat|p2a: Scizor
|-resisted|p2a: Scizor
|-damage|p2a: Scizor|3/100
|-unboost|p1a: Zamazenta|def|1
|-unboost|p1a: Zamazenta|spd|1
|-damage|p1a: Zamazenta|67/100|[from] item: Rocky Helmet|[of] p2a: Scizor
|move|p2a: Scizor|Counter|p1a: Zamazenta
|-damage|p1a: Zamazenta|11/100
|
|upkeep
|turn|19
|
|t:|1760810801
|switch|p1a: Slowking|Slowking-Galar, M|82/100
|move|p2a: Scizor|Bullet Punch|p1a: Slowking
|-damage|p1a: Slowking|43/100
|
|upkeep
|turn|20
|
|t:|1760810807
|move|p2a: Scizor|U-turn|p1a: Slowking
|-damage|p1a: Slowking|0 fnt
|faint|p1a: Slowking
|
|t:|1760810830
|switch|p2a: Sandy Shocks|Sandy Shocks|74/100|[from] U-turn
|
|upkeep
|
|t:|1760810841
|switch|p1a: Kingambit|Kingambit, F, shiny|100/100
|-activate|p1a: Kingambit|ability: Supreme Overlord
|-start|p1a: Kingambit|fallen4|[silent]
|turn|21
|
|t:|1760810851
|move|p1a: Kingambit|Sucker Punch|p2a: Sandy Shocks
|-damage|p2a: Sandy Shocks|14/100
|move|p2a: Sandy Shocks|Earth Power|p1a: Kingambit
|-supereffective|p1a: Kingambit
|-damage|p1a: Kingambit|0 fnt
|faint|p1a: Kingambit
|-end|p1a: Kingambit|fallen4|[silent]
|
|upkeep
|
|t:|1760810857
|switch|p1a: Zamazenta|Zamazenta|11/100
|turn|22
|
|t:|1760810862
|move|p2a: Sandy Shocks|Earth Power|p1a: Zamazenta
|-damage|p1a: Zamazenta|0 fnt
|faint|p1a: Zamazenta
|
|win|Ch0colate Rain
|raw|Dravantas's rating: 1112 &rarr; <strong>1089</strong><br />(-23 for losing)
|raw|Ch0colate Rain's rating: 1143 &rarr; <strong>1166</strong><br />(+23 for winning)
|l|☆Ch0colate Rain
|player|p2|
|l|☆Dravantas
|player|p1|
