|j|☆luca1996
|j|☆dtaii
|t:|1760740684
|gametype|singles
|player|p1|luca1996|boarder|1411
|player|p2|dtaii|burglar|1387
|gen|9
|tier|[Gen 9] OU
|rated|
|rule|HP Percentage Mod: HP is shown in percentages
|rule|Endless Battle Clause: Forcing endless battles is banned
|rule|Species Clause: Limit one of each Pokémon
|rule|OHKO Clause: OHKO moves are banned
|rule|Evasion Items Clause: Evasion items are banned
|rule|Evasion Moves Clause: Evasion moves are banned
|rule|Evasion Abilities Clause: Evasion abilities are banned
|rule|Sleep Moves Clause: Sleep-inducing moves are banned
|clearpoke
|poke|p1|Gurdurr, F|
|poke|p1|Araquanid, F|
|poke|p1|Moltres-Galar|
|poke|p1|Entei|
|poke|p1|Great Tusk|
|poke|p1|Primarina, M|
|poke|p2|Cinderace, F|
|poke|p2|Great Tusk|
|poke|p2|Slowking-Galar, F|
|poke|p2|Corviknight, M|
|poke|p2|Raging Bolt|
|poke|p2|Meowscarada, F|
|teampreview
|inactive|Battle timer is ON: inactive players will automatically lose when time's up. (requested by luca1996)
|
|t:|1760740696
|teamsize|p1|6
|teamsize|p2|6
|start
|switch|p1a: Gurdurr|Gurdurr, F|100/100
|switch|p2a: Raging Bolt|Raging Bolt|100/100
|turn|1
|
|t:|1760740715
|move|p2a: Raging Bolt|Draco Meteor|p1a: Gurdurr|[miss]
|-miss|p2a: Raging Bolt|p1a: Gurdurr
|move|p1a: Gurdurr|Bulk Up|p1a: Gurdurr
|-boost|p1a: Gurdurr|atk|1
|-boost|p1a: Gurdurr|def|1
|
|upkeep
|turn|2
|
|t:|1760740722
|move|p2a: Raging Bolt|Draco Meteor|p1a: Gurdurr|[miss]
|-miss|p2a: Raging Bolt|p1a: Gurdurr
|move|p1a: Gurdurr|Drain Punch|p2a: Raging Bolt
|-damage|p2a: Raging Bolt|33/100
|
|upkeep
|turn|3
|
|t:|1760740726
|move|p1a: Gurdurr|Mach Punch|p2a: Raging Bolt
|-damage|p2a: Raging Bolt|0 fnt
|faint|p2a: Raging Bolt
|-end|p2a: Raging Bolt|Protosynthesis|[silent]
|
|upkeep
|c|☆luca1996|sorry
|c|☆dtaii|bro
|c|☆luca1996|that's awful
|
|t:|1760740740
|switch|p2a: Corviknight|Corviknight, M, shiny|100/100
|-ability|p2a: Corviknight|Pressure
|turn|4
|
|t:|1760740742
|move|p2a: Corviknight|Iron Defense|p2a: Corviknight
|-boost|p2a: Corviknight|def|2
|move|p1a: Gurdurr|Knock Off|p2a: Corviknight
|-damage|p2a: Corviknight|84/100
|-damage|p1a: Gurdurr|84/100|[from] item: Rocky Helmet|[of] p2a: Corviknight
|-enditem|p2a: Corviknight|Rocky Helmet|[from] move: Knock Off|[of] p1a: Gurdurr
|
|upkeep
|turn|5
|
|t:|1760740749
|move|p2a: Corviknight|Iron Defense|p2a: Corviknight
|-boost|p2a: Corviknight|def|2
|move|p1a: Gurdurr|Bulk Up|p1a: Gurdurr
|-boost|p1a: Gurdurr|atk|1
|-boost|p1a: Gurdurr|def|1
|
|upkeep
|turn|6
|
|t:|1760740753
|move|p2a: Corviknight|Iron Defense|p2a: Corviknight
|-boost|p2a: Corviknight|def|2
|move|p1a: Gurdurr|Bulk Up|p1a: Gurdurr
|-boost|p1a: Gurdurr|atk|1
|-boost|p1a: Gurdurr|def|1
|
|upkeep
|turn|7
|
|t:|1760740758
|move|p2a: Corviknight|Body Press|p1a: Gurdurr
|-damage|p1a: Gurdurr|56/100
|move|p1a: Gurdurr|Bulk Up|p1a: Gurdurr
|-boost|p1a: Gurdurr|atk|1
|-boost|p1a: Gurdurr|def|1
|
|upkeep
|turn|8
|
|t:|1760740762
|move|p2a: Corviknight|Body Press|p1a: Gurdurr
|-damage|p1a: Gurdurr|34/100
|move|p1a: Gurdurr|Drain Punch|p2a: Corviknight
|-damage|p2a: Corviknight|63/100
|-heal|p1a: Gurdurr|45/100|[from] drain|[of] p2a: Corviknight
|
|upkeep
|turn|9
|
|t:|1760740766
|move|p2a: Corviknight|Body Press|p1a: Gurdurr
|-damage|p1a: Gurdurr|24/100
|move|p1a: Gurdurr|Drain Punch|p2a: Corviknight
|-damage|p2a: Corviknight|42/100
|-heal|p1a: Gurdurr|35/100|[from] drain|[of] p2a: Corviknight
|
|upkeep
|turn|10
|
|t:|1760740771
|move|p2a: Corviknight|Roost|p2a: Corviknight
|-heal|p2a: Corviknight|92/100
|-singleturn|p2a: Corviknight|move: Roost
|move|p1a: Gurdurr|Drain Punch|p2a: Corviknight
|-supereffective|p2a: Corviknight
|-damage|p2a: Corviknight|50/100
|-heal|p1a: Gurdurr|57/100|[from] drain|[of] p2a: Corviknight
|
|upkeep
|turn|11
|
|t:|1760740775
|move|p2a: Corviknight|Body Press|p1a: Gurdurr
|-damage|p1a: Gurdurr|35/100
|move|p1a: Gurdurr|Drain Punch|p2a: Corviknight
|-damage|p2a: Corviknight|28/100
|-heal|p1a: Gurdurr|47/100|[from] drain|[of] p2a: Corviknight
|
|upkeep
|turn|12
|
|t:|1760740782
|move|p2a: Corviknight|Roost|p2a: Corviknight
|-heal|p2a: Corviknight|78/100
|-singleturn|p2a: Corviknight|move: Roost
|move|p1a: Gurdurr|Drain Punch|p2a: Corviknight
|-supereffective|p2a: Corviknight
|-damage|p2a: Corviknight|31/100
|-heal|p1a: Gurdurr|72/100|[from] drain|[of] p2a: Corviknight
|
|upkeep
|turn|13
|
|t:|1760740801
|move|p2a: Corviknight|Body Press|p1a: Gurdurr
|-damage|p1a: Gurdurr|50/100
|move|p1a: Gurdurr|Bulk Up|p1a: Gurdurr
|-boost|p1a: Gurdurr|atk|1
|-boost|p1a: Gurdurr|def|1
|
|upkeep
|turn|14
|
|t:|1760740812
|move|p2a: Corviknight|Roost|p2a: Corviknight
|-heal|p2a: Corviknight|82/100
|-singleturn|p2a: Corviknight|move: Roost
|move|p1a: Gurdurr|Drain Punch|p2a: Corviknight
|-supereffective|p2a: Corviknight
|-damage|p2a: Corviknight|30/100
|-heal|p1a: Gurdurr|78/100|[from] drain|[of] p2a: Corviknight
|
|upkeep
|turn|15
|c|☆dtaii|why is that doing so much now
|
|t:|1760740832
|move|p2a: Corviknight|Body Press|p1a: Gurdurr
|-crit|p1a: Gurdurr
|-damage|p1a: Gurdurr|0 fnt
|faint|p1a: Gurdurr
|
|upkeep
|
|t:|1760740836
|switch|p1a: Moltres|Moltres-Galar|100/100
|turn|16
|
|t:|1760740844
|move|p1a: Moltres|Fiery Wrath|p2a: Corviknight
|-damage|p2a: Corviknight|0 fnt
|faint|p2a: Corviknight
|
|upkeep
|c|☆luca1996|when you roost it looses the flying type
|c|☆luca1996|so just steel
|
|t:|1760740854
|switch|p2a: Slowking|Slowking-Galar, F, shiny|100/100
|turn|17
|c|☆luca1996|aka super effective
|
|t:|1760740858
|move|p1a: Moltres|Fiery Wrath|p2a: Slowking
|-supereffective|p2a: Slowking
|-damage|p2a: Slowking|56/100
|move|p2a: Slowking|Ice Beam|p1a: Moltres
|-supereffective|p1a: Moltres
|-damage|p1a: Moltres|59/100
|
|upkeep
|turn|18
|c|☆dtaii|oh yea duh
|
|t:|1760740873
|move|p1a: Moltres|Agility|p1a: Moltres
|-boost|p1a: Moltres|spe|2
|move|p2a: Slowking|Ice Beam|p1a: Moltres
|-supereffective|p1a: Moltres
|-damage|p1a: Moltres|14/100
|-ability|p1a: Moltres|Berserk|boost
|-boost|p1a: Moltres|spa|1
|
|upkeep
|turn|19
|inactive|dtaii has 120 seconds left.
|
|t:|1760740899
|switch|p2a: Cinderace|Cinderace, F, shiny|100/100
|move|p1a: Moltres|Fiery Wrath|p2a: Cinderace
|-damage|p2a: Cinderace|8/100
|
|upkeep
|turn|20
|
|t:|1760740908
|move|p2a: Cinderace|Sucker Punch|p1a: Moltres
|-start|p2a: Cinderace|typechange|Dark|[from] ability: Libero
|-resisted|p1a: Moltres
|-damage|p1a: Moltres|0 fnt
|faint|p1a: Moltres
|
|upkeep
|
|t:|1760740917
|switch|p1a: Great Tusk|Great Tusk|100/100
|turn|21
|
|t:|1760740930
|move|p2a: Cinderace|U-turn|p1a: Great Tusk
|-resisted|p1a: Great Tusk
|-damage|p1a: Great Tusk|91/100
|
|t:|1760740933
|switch|p2a: Great Tusk|Great Tusk, shiny|100/100|[from] U-turn
|move|p1a: Great Tusk|Rapid Spin|p2a: Great Tusk
|-damage|p2a: Great Tusk|86/100
|-boost|p1a: Great Tusk|spe|1
|-damage|p1a: Great Tusk|75/100|[from] item: Rocky Helmet|[of] p2a: Great Tusk
|
|upkeep
|turn|22
|
|t:|1760740941
|move|p1a: Great Tusk|Earthquake|p2a: Great Tusk
|-damage|p2a: Great Tusk|40/100
|move|p2a: Great Tusk|Ice Spinner|p1a: Great Tusk
|-supereffective|p1a: Great Tusk
|-damage|p1a: Great Tusk|35/100
|
|upkeep
|turn|23
|inactive|dtaii has 120 seconds left.
|
|t:|1760740986
|-end|p2a: Great Tusk|Protosynthesis|[silent]
|switch|p2a: Cinderace|Cinderace, F, shiny|8/100
|move|p1a: Great Tusk|Earthquake|p2a: Cinderace
|-supereffective|p2a: Cinderace
|-damage|p2a: Cinderace|0 fnt
|faint|p2a: Cinderace
|
|upkeep
|
|t:|1760740990
|switch|p2a: Meowscarada|Meowscarada, F, shiny|100/100
|turn|24
|
|t:|1760740994
|move|p2a: Meowscarada|Flower Trick|p1a: Great Tusk
|-start|p2a: Meowscarada|typechange|Grass|[from] ability: Protean
|-supereffective|p1a: Great Tusk
|-crit|p1a: Great Tusk
|-damage|p1a: Great Tusk|0 fnt
|faint|p1a: Great Tusk
|-end|p1a: Great Tusk|Protosynthesis|[silent]
|
|upkeep
|
|t:|1760741007
|switch|p1a: Entei|Entei|100/100
|turn|25
|inactive|dtaii has 120 seconds left.
|
|t:|1760741030
|switch|p2a: Slowking|Slowking-Galar, F, shiny|89/100
|move|p1a: Entei|Sacred Fire|p2a: Slowking
|-damage|p2a: Slowking|41/100
|
|upkeep
|turn|26
|inactive|dtaii has 120 seconds left.
|inactive|dtaii has 90 seconds left.
|
|t:|1760741079
|-terastallize|p2a: Slowking|Water
|move|p1a: Entei|Swagger|p2a: Slowking
|-boost|p2a: Slowking|atk|2
|-start|p2a: Slowking|confusion
|-enditem|p1a: Entei|Mirror Herb
|-boost|p1a: Entei|atk|2|[from] item: Mirror Herb
|-activate|p2a: Slowking|confusion
|move|p2a: Slowking|Sludge Bomb|p1a: Entei
|-damage|p1a: Entei|49/100
|
|upkeep
|turn|27
|inactive|dtaii has 90 seconds left.
|
|t:|1760741092
|-terastallize|p1a: Entei|Normal
|move|p1a: Entei|Extreme Speed|p2a: Slowking
|-damage|p2a: Slowking|0 fnt
|faint|p2a: Slowking
|
|upkeep
|
|t:|1760741107
|switch|p2a: Meowscarada|Meowscarada, F, shiny|100/100
|turn|28
|c|☆luca1996|!dt meowscarada
|c| luca1996|/raw <div class="message"><ul class="utilichart"><li class="result"><span class="col numcol">UUBL</span> <span class="col iconcol"><psicon pokemon="meowscarada"/></span> <span class="col pokemonnamecol" style="white-space:nowrap"><a href="https://dex.pokemonshowdown.com/pokemon/meowscarada" target="_blank">Meowscarada</a></span> <span class="col typecol"><img src="https://play.pokemonshowdown.com/sprites/types/Grass.png" alt="Grass" height="14" width="32"><img src="https://play.pokemonshowdown.com/sprites/types/Dark.png" alt="Dark" height="14" width="32"></span> <span style="float:left;min-height:26px"><span class="col abilitycol">Overgrow</span><span class="col abilitycol"><em>Protean</em></span></span><span style="float:left;min-height:26px"><span class="col statcol"><em>HP</em><br />76</span> <span class="col statcol"><em>Atk</em><br />110</span> <span class="col statcol"><em>Def</em><br />70</span> <span class="col statcol"><em>SpA</em><br />81</span> <span class="col statcol"><em>SpD</em><br />70</span> <span class="col statcol"><em>Spe</em><br />123</span> <span class="col bstcol"><em>BST<br />530</em></span> </span></li><li style="clear:both"></li></ul></div>
|c| luca1996|/raw <font size="1"><font color="#686868">Dex#:</font> 908&nbsp;|&ThickSpace;<font color="#686868">Gen:</font> 9&nbsp;|&ThickSpace;<font color="#686868">Height:</font> 1.5 m&nbsp;|&ThickSpace;<font color="#686868">Weight:</font> 31.2 kg <em>(60 BP)</em>&nbsp;|&ThickSpace;<font color="#686868">Dex Colour:</font> Green&nbsp;|&ThickSpace;<font color="#686868">Egg Group(s):</font> Field, Grass&nbsp;|&ThickSpace;<font color="#686868">Pre-Evolution:</font> Floragato&nbsp;|&ThickSpace;<font color="#686868">Does Not Evolve</font></font>

|c|☆dtaii|good play
|c|☆luca1996|thanks
|c|☆luca1996|i think that seals it for me
|inactive|dtaii has 60 seconds left.
|c|☆dtaii|lwk haxxed me at the start but gg
|
|t:|1760741144
|move|p1a: Entei|Extreme Speed|p2a: Meowscarada
|-damage|p2a: Meowscarada|0 fnt
|faint|p2a: Meowscarada
|
|upkeep
|-message|dtaii forfeited.
|
|win|luca1996
|raw|luca1996's rating: 1411 &rarr; <strong>1430</strong><br />(+19 for winning)
|raw|dtaii's rating: 1387 &rarr; <strong>1368</strong><br />(-19 for losing)
|l|☆dtaii
|player|p2|
|c|☆luca1996|didn't help did it
|l|☆luca1996
|player|p1|
