|j|☆YetAnotherDodo
|j|☆Prateekkp
|inactive|Battle timer is ON: inactive players will automatically lose when time's up.
|t:|1760720195
|gametype|singles
|player|p1|YetAnotherDodo|miku-flying|
|player|p2|Prateekkp|hero2-conquest|
|gen|9
|tier|[Gen 9] OU
|rated|Tournament battle
|rule|HP Percentage Mod: HP is shown in percentages
|rule|Endless Battle Clause: Forcing endless battles is banned
|rule|Species Clause: Limit one of each Pokémon
|rule|OHKO Clause: OHKO moves are banned
|rule|Evasion Items Clause: Evasion items are banned
|rule|Evasion Moves Clause: Evasion moves are banned
|rule|Evasion Abilities Clause: Evasion abilities are banned
|rule|Sleep Moves Clause: Sleep-inducing moves are banned
|raw|<div class="infobox"><details class="readmore" open><summary><strong>2 custom rules:</strong></summary> -All Items, +Quick Claw</details></div>
|clearpoke
|poke|p1|Zamazenta-*|
|poke|p1|Darkrai|
|poke|p1|Landorus-Therian, M|
|poke|p1|Dragonite, F|
|poke|p1|Hatterene, F|
|poke|p1|Gholdengo|
|poke|p2|Samurott-Hisui, M|
|poke|p2|Garganacl, F|
|poke|p2|Iron Crown|
|poke|p2|Cinderace, F|
|poke|p2|Kingambit, F|
|poke|p2|Iron Valiant|
|teampreview
|inactive|Prateekkp also wants the timer to be on.
|c|☆YetAnotherDodo|glhf
|j|*Lady Monita ☀
|c|☆Prateekkp|U2
|
|t:|1760720224
|teamsize|p1|6
|teamsize|p2|6
|start
|switch|p1a: Zamazenta|Zamazenta|100/100
|switch|p2a: Garganacl|Garganacl, F|100/100
|-ability|p1a: Zamazenta|Dauntless Shield|boost
|-boost|p1a: Zamazenta|def|1
|turn|1
|j| MK29
|-activate|p1a: Zamazenta|item: Quick Claw
|-activate|p2a: Garganacl|item: Quick Claw
|
|t:|1760720248
|move|p1a: Zamazenta|Iron Defense|p1a: Zamazenta
|-boost|p1a: Zamazenta|def|2
|move|p2a: Garganacl|Salt Cure|p1a: Zamazenta
|-resisted|p1a: Zamazenta
|-damage|p1a: Zamazenta|99/100
|-start|p1a: Zamazenta|Salt Cure
|
|-damage|p1a: Zamazenta|86/100|[from] Salt Cure
|upkeep
|turn|2
|
|t:|1760720253
|switch|p2a: Iron Valiant|Iron Valiant|100/100
|move|p1a: Zamazenta|Body Press|p2a: Iron Valiant
|-resisted|p2a: Iron Valiant
|-damage|p2a: Iron Valiant|43/100
|
|-damage|p1a: Zamazenta|74/100|[from] Salt Cure
|upkeep
|turn|3
|
|t:|1760720261
|move|p1a: Zamazenta|Body Press|p2a: Iron Valiant
|-resisted|p2a: Iron Valiant
|-damage|p2a: Iron Valiant|0 fnt
|faint|p2a: Iron Valiant
|-end|p2a: Iron Valiant|Quark Drive|[silent]
|
|-damage|p1a: Zamazenta|62/100|[from] Salt Cure
|upkeep
|
|t:|1760720264
|switch|p2a: Iron Crown|Iron Crown|100/100
|turn|4
|
|t:|1760720268
|move|p1a: Zamazenta|Body Press|p2a: Iron Crown
|-damage|p2a: Iron Crown|0 fnt
|faint|p2a: Iron Crown
|-end|p2a: Iron Crown|Quark Drive|[silent]
|
|-damage|p1a: Zamazenta|50/100|[from] Salt Cure
|upkeep
|inactive|Prateekkp has 120 seconds left.
|
|t:|1760720307
|switch|p2a: Samurott|Samurott-Hisui, M|100/100
|turn|5
|
|t:|1760720319
|move|p2a: Samurott|Sucker Punch|p1a: Zamazenta
|-resisted|p1a: Zamazenta
|-damage|p1a: Zamazenta|45/100
|move|p1a: Zamazenta|Body Press|p2a: Samurott
|-supereffective|p2a: Samurott
|-damage|p2a: Samurott|0 fnt
|faint|p2a: Samurott
|
|-damage|p1a: Zamazenta|33/100|[from] Salt Cure
|upkeep
|
|t:|1760720331
|switch|p2a: Kingambit|Kingambit, F|100/100
|-activate|p2a: Kingambit|ability: Supreme Overlord
|-start|p2a: Kingambit|fallen3|[silent]
|turn|6
|-activate|p2a: Kingambit|item: Quick Claw
|
|t:|1760720334
|-terastallize|p2a: Kingambit|Flying
|move|p2a: Kingambit|Iron Head|p1a: Zamazenta
|-damage|p1a: Zamazenta|14/100
|move|p1a: Zamazenta|Body Press|p2a: Kingambit
|-resisted|p2a: Kingambit
|-damage|p2a: Kingambit|66/100
|
|-damage|p1a: Zamazenta|2/100|[from] Salt Cure
|upkeep
|turn|7
|-activate|p2a: Kingambit|item: Quick Claw
|
|t:|1760720343
|move|p2a: Kingambit|Sucker Punch|p1a: Zamazenta
|-resisted|p1a: Zamazenta
|-damage|p1a: Zamazenta|0 fnt
|faint|p1a: Zamazenta
|
|upkeep
|j| Timpsuli
|
|t:|1760720368
|switch|p1a: Landorus|Landorus-Therian, M|100/100
|-ability|p1a: Landorus|Intimidate|boost
|-unboost|p2a: Kingambit|atk|1
|turn|8
|
|t:|1760720372
|-end|p2a: Kingambit|fallen3|[silent]
|switch|p2a: Garganacl|Garganacl, F|100/100
|move|p1a: Landorus|Stealth Rock|p2a: Garganacl
|-sidestart|p2: Prateekkp|move: Stealth Rock
|
|upkeep
|turn|9
|
|t:|1760720380
|move|p1a: Landorus|U-turn|p2a: Garganacl
|-damage|p2a: Garganacl|89/100
|
|t:|1760720382
|switch|p1a: Hatterene|Hatterene, F|100/100|[from] U-turn
|move|p2a: Garganacl|Salt Cure|p1a: Hatterene
|-crit|p1a: Hatterene
|-damage|p1a: Hatterene|76/100
|-start|p1a: Hatterene|Salt Cure
|
|-damage|p1a: Hatterene|63/100|[from] Salt Cure
|upkeep
|turn|10
|
|t:|1760720386
|move|p1a: Hatterene|Calm Mind|p1a: Hatterene
|-boost|p1a: Hatterene|spa|1
|-boost|p1a: Hatterene|spd|1
|move|p2a: Garganacl|Earthquake|p1a: Hatterene
|-damage|p1a: Hatterene|38/100
|
|-damage|p1a: Hatterene|26/100|[from] Salt Cure
|upkeep
|turn|11
|-activate|p1a: Hatterene|item: Quick Claw
|
|t:|1760720390
|move|p1a: Hatterene|Draining Kiss|p2a: Garganacl
|-damage|p2a: Garganacl|50/100
|-heal|p1a: Hatterene|64/100|[from] drain|[of] p2a: Garganacl
|move|p2a: Garganacl|Earthquake|p1a: Hatterene
|-damage|p1a: Hatterene|38/100
|
|-damage|p1a: Hatterene|26/100|[from] Salt Cure
|upkeep
|turn|12
|
|t:|1760720395
|move|p1a: Hatterene|Draining Kiss|p2a: Garganacl
|-damage|p2a: Garganacl|12/100
|-heal|p1a: Hatterene|62/100|[from] drain|[of] p2a: Garganacl
|move|p2a: Garganacl|Earthquake|p1a: Hatterene
|-damage|p1a: Hatterene|34/100
|
|-damage|p1a: Hatterene|22/100|[from] Salt Cure
|upkeep
|turn|13
|
|t:|1760720399
|move|p1a: Hatterene|Draining Kiss|p2a: Garganacl
|-damage|p2a: Garganacl|0 fnt
|-heal|p1a: Hatterene|33/100|[from] drain|[of] p2a: Garganacl
|faint|p2a: Garganacl
|
|-damage|p1a: Hatterene|20/100|[from] Salt Cure
|upkeep
|
|t:|1760720401
|switch|p2a: Cinderace|Cinderace, F|100/100
|-damage|p2a: Cinderace|76/100|[from] Stealth Rock
|turn|14
|-activate|p2a: Cinderace|item: Quick Claw
|
|t:|1760720404
|move|p2a: Cinderace|Pyro Ball|p1a: Hatterene
|-damage|p1a: Hatterene|0 fnt
|faint|p1a: Hatterene
|
|upkeep
|
|t:|1760720420
|switch|p1a: Darkrai|Darkrai|100/100
|turn|15
|
|t:|1760720423
|move|p1a: Darkrai|Dark Pulse|p2a: Cinderace
|-damage|p2a: Cinderace|22/100
|move|p2a: Cinderace|High Jump Kick|p1a: Darkrai
|-start|p2a: Cinderace|typechange|Fighting|[from] ability: Libero
|-supereffective|p1a: Darkrai
|-damage|p1a: Darkrai|0 fnt
|faint|p1a: Darkrai
|
|upkeep
|
|t:|1760720433
|switch|p1a: Dragonite|Dragonite, F|100/100
|turn|16
|
|t:|1760720439
|move|p2a: Cinderace|Gunk Shot|p1a: Dragonite
|-damage|p1a: Dragonite|79/100
|move|p1a: Dragonite|Dragon Dance|p1a: Dragonite
|-boost|p1a: Dragonite|atk|1
|-boost|p1a: Dragonite|spe|1
|
|upkeep
|turn|17
|-activate|p1a: Dragonite|item: Quick Claw
|
|t:|1760720442
|move|p1a: Dragonite|Extreme Speed|p2a: Cinderace
|-damage|p2a: Cinderace|0 fnt
|faint|p2a: Cinderace
|
|upkeep
|
|t:|1760720445
|switch|p2a: Kingambit|Kingambit, F, tera:Flying|66/100
|-damage|p2a: Kingambit|42/100|[from] Stealth Rock
|-activate|p2a: Kingambit|ability: Supreme Overlord
|-start|p2a: Kingambit|fallen5|[silent]
|turn|18
|
|t:|1760720457
|move|p1a: Dragonite|Extreme Speed|p2a: Kingambit
|-damage|p2a: Kingambit|9/100
|move|p2a: Kingambit|Iron Head|p1a: Dragonite
|-damage|p1a: Dragonite|0 fnt
|faint|p1a: Dragonite
|
|upkeep
|
|t:|1760720459
|switch|p1a: Landorus|Landorus-Therian, M|100/100
|-ability|p1a: Landorus|Intimidate|boost
|-unboost|p2a: Kingambit|atk|1
|turn|19
|
|t:|1760720464
|switch|p1a: Gholdengo|Gholdengo|100/100
|move|p2a: Kingambit|Swords Dance|p2a: Kingambit
|-boost|p2a: Kingambit|atk|2
|
|upkeep
|turn|20
|
|t:|1760720470
|move|p2a: Kingambit|Sucker Punch|p1a: Gholdengo
|-supereffective|p1a: Gholdengo
|-damage|p1a: Gholdengo|0 fnt
|faint|p1a: Gholdengo
|
|upkeep
|
|t:|1760720472
|switch|p1a: Landorus|Landorus-Therian, M|100/100
|-ability|p1a: Landorus|Intimidate|boost
|-unboost|p2a: Kingambit|atk|1
|turn|21
|
|t:|1760720476
|move|p2a: Kingambit|Sucker Punch|p1a: Landorus
|-damage|p1a: Landorus|42/100
|move|p1a: Landorus|U-turn|p2a: Kingambit
|-resisted|p2a: Kingambit
|-damage|p2a: Kingambit|0 fnt
|faint|p2a: Kingambit
|-end|p2a: Kingambit|fallen5|[silent]
|
|win|YetAnotherDodo
|n|☆YetAnotherDodo|yetanotherdodo
|n|☆Prateekkp|prateekkp
|n|*Lady Monita ☀|ladymonita
|n| MK29|mk29
|n| Timpsuli|timpsuli
