|j|☆310YM4N74N3R0
|j|☆churrostick
|t:|1760723835
|gametype|singles
|player|p1|310YM4N74N3R0|pokemonrangerf|1731
|player|p2|churrostick|170|1684
|gen|9
|tier|[Gen 9] OU
|rated|
|rule|HP Percentage Mod: HP is shown in percentages
|rule|Endless Battle Clause: Forcing endless battles is banned
|rule|Species Clause: Limit one of each Pokémon
|rule|OHKO Clause: OHKO moves are banned
|rule|Evasion Items Clause: Evasion items are banned
|rule|Evasion Moves Clause: Evasion moves are banned
|rule|Evasion Abilities Clause: Evasion abilities are banned
|rule|Sleep Moves Clause: Sleep-inducing moves are banned
|clearpoke
|poke|p1|Landorus-Therian, M|
|poke|p1|Yanmega, F|
|poke|p1|Rillaboom, F|
|poke|p1|Blaziken, M|
|poke|p1|Blastoise, M|
|poke|p1|Tyranitar, F|
|poke|p2|Kyurem|
|poke|p2|Corviknight, M|
|poke|p2|Ting-Lu|
|poke|p2|Dondozo, M|
|poke|p2|Slowking-Galar, L99, F|
|poke|p2|Cinderace, F|
|teampreview
|inactive|Battle timer is ON: inactive players will automatically lose when time's up. (requested by churrostick)
|
|t:|1760723861
|teamsize|p1|6
|teamsize|p2|6
|start
|switch|p1a: Blaziken|Blaziken, M|100/100
|switch|p2a: Cinderace|Cinderace, F|100/100
|turn|1
|
|t:|1760723869
|switch|p1a: Landorus|Landorus-Therian, M|100/100
|-ability|p1a: Landorus|Intimidate|boost
|-unboost|p2a: Cinderace|atk|1
|move|p2a: Cinderace|U-turn|p1a: Landorus
|-start|p2a: Cinderace|typechange|Bug|[from] ability: Libero
|-resisted|p1a: Landorus
|-damage|p1a: Landorus|93/100
|-damage|p2a: Cinderace|84/100|[from] item: Rocky Helmet|[of] p1a: Landorus
|
|t:|1760723883
|switch|p2a: Kyurem|Kyurem|100/100|[from] U-turn
|-ability|p2a: Kyurem|Pressure
|
|upkeep
|turn|2
|
|t:|1760723886
|switch|p1a: Tyranitar|Tyranitar, F, shiny|100/100
|-weather|Sandstorm|[from] ability: Sand Stream|[of] p1a: Tyranitar
|move|p2a: Kyurem|Freeze-Dry|p1a: Tyranitar
|-damage|p1a: Tyranitar|79/100
|
|-weather|Sandstorm|[upkeep]
|-damage|p2a: Kyurem|94/100|[from] Sandstorm
|-heal|p2a: Kyurem|100/100|[from] item: Leftovers
|upkeep
|turn|3
|
|t:|1760723893
|switch|p2a: Corviknight|Corviknight, M|100/100
|-ability|p2a: Corviknight|Pressure
|move|p1a: Tyranitar|Dragon Dance|p1a: Tyranitar
|-boost|p1a: Tyranitar|atk|1
|-boost|p1a: Tyranitar|spe|1
|
|-weather|Sandstorm|[upkeep]
|upkeep
|turn|4
|
|t:|1760723897
|move|p1a: Tyranitar|Stone Edge|p2a: Corviknight
|-damage|p2a: Corviknight|55/100
|move|p2a: Corviknight|U-turn|p1a: Tyranitar
|-supereffective|p1a: Tyranitar
|-damage|p1a: Tyranitar|53/100
|
|t:|1760723900
|switch|p2a: Dondozo|Dondozo, M|100/100|[from] U-turn
|
|-weather|Sandstorm|[upkeep]
|-damage|p2a: Dondozo|94/100|[from] Sandstorm
|-heal|p2a: Dondozo|100/100|[from] item: Leftovers
|upkeep
|turn|5
|
|t:|1760723905
|move|p1a: Tyranitar|Stone Edge|p2a: Dondozo
|-damage|p2a: Dondozo|76/100
|move|p2a: Dondozo|Body Press|p1a: Tyranitar
|-supereffective|p1a: Tyranitar
|-damage|p1a: Tyranitar|0 fnt
|faint|p1a: Tyranitar
|
|-weather|Sandstorm|[upkeep]
|-damage|p2a: Dondozo|70/100|[from] Sandstorm
|-heal|p2a: Dondozo|76/100|[from] item: Leftovers
|upkeep
|j| amimec
|
|t:|1760723918
|switch|p1a: Yanmega|Yanmega, F|100/100
|turn|6
|
|t:|1760723928
|switch|p2a: Ting-Lu|Ting-Lu|100/100
|-ability|p2a: Ting-Lu|Vessel of Ruin
|move|p1a: Yanmega|Bug Buzz|p2a: Ting-Lu
|-supereffective|p2a: Ting-Lu
|-damage|p2a: Ting-Lu|58/100
|-unboost|p2a: Ting-Lu|spd|1
|-enditem|p1a: Yanmega|Throat Spray
|-boost|p1a: Yanmega|spa|1|[from] item: Throat Spray
|
|-weather|none
|-heal|p2a: Ting-Lu|64/100|[from] item: Leftovers
|-ability|p1a: Yanmega|Speed Boost|boost
|-boost|p1a: Yanmega|spe|1
|upkeep
|turn|7
|j| dragonlatios1
|
|t:|1760723932
|move|p1a: Yanmega|Bug Buzz|p2a: Ting-Lu
|-supereffective|p2a: Ting-Lu
|-damage|p2a: Ting-Lu|0 fnt
|faint|p2a: Ting-Lu
|
|-ability|p1a: Yanmega|Speed Boost|boost
|-boost|p1a: Yanmega|spe|1
|upkeep
|
|t:|1760723957
|switch|p2a: Kyurem|Kyurem|100/100
|-ability|p2a: Kyurem|Pressure
|turn|8
|
|t:|1760723963
|move|p1a: Yanmega|Air Slash|p2a: Kyurem
|-damage|p2a: Kyurem|43/100
|move|p2a: Kyurem|Freeze-Dry|p1a: Yanmega
|-supereffective|p1a: Yanmega
|-damage|p1a: Yanmega|0 fnt
|faint|p1a: Yanmega
|
|-heal|p2a: Kyurem|49/100|[from] item: Leftovers
|upkeep
|
|t:|1760723976
|switch|p1a: Blaziken|Blaziken, M|100/100
|turn|9
|
|t:|1760723989
|switch|p2a: Cinderace|Cinderace, F|84/100
|move|p1a: Blaziken|Close Combat|p2a: Cinderace
|-damage|p2a: Cinderace|6/100
|-unboost|p1a: Blaziken|def|1
|-unboost|p1a: Blaziken|spd|1
|
|-ability|p1a: Blaziken|Speed Boost|boost
|-boost|p1a: Blaziken|spe|1
|upkeep
|turn|10
|
|t:|1760723995
|move|p1a: Blaziken|Earthquake|p2a: Cinderace
|-supereffective|p2a: Cinderace
|-damage|p2a: Cinderace|0 fnt
|faint|p2a: Cinderace
|
|-ability|p1a: Blaziken|Speed Boost|boost
|-boost|p1a: Blaziken|spe|1
|upkeep
|
|t:|1760723997
|switch|p2a: Dondozo|Dondozo, M|76/100
|turn|11
|
|t:|1760724017
|switch|p1a: Rillaboom|Rillaboom, F|100/100
|-fieldstart|move: Grassy Terrain|[from] ability: Grassy Surge|[of] p1a: Rillaboom
|-enditem|p1a: Rillaboom|Grassy Seed
|-boost|p1a: Rillaboom|def|1|[from] item: Grassy Seed
|move|p2a: Dondozo|Waterfall|p1a: Rillaboom
|-resisted|p1a: Rillaboom
|-crit|p1a: Rillaboom
|-damage|p1a: Rillaboom|78/100
|
|-heal|p1a: Rillaboom|84/100|[from] Grassy Terrain
|-heal|p2a: Dondozo|82/100|[from] Grassy Terrain
|-heal|p2a: Dondozo|88/100|[from] item: Leftovers
|upkeep
|turn|12
|
|t:|1760724023
|switch|p2a: Slowking|Slowking-Galar, L99, F|100/100
|move|p1a: Rillaboom|Swords Dance|p1a: Rillaboom
|-boost|p1a: Rillaboom|atk|2
|
|-heal|p1a: Rillaboom|90/100|[from] Grassy Terrain
|upkeep
|turn|13
|
|t:|1760724038
|-terastallize|p1a: Rillaboom|Fire
|move|p1a: Rillaboom|Acrobatics|p2a: Slowking
|-damage|p2a: Slowking|20/100
|move|p2a: Slowking|Sludge Bomb|p1a: Rillaboom
|-damage|p1a: Rillaboom|43/100
|-status|p1a: Rillaboom|psn
|
|-heal|p1a: Rillaboom|49/100 psn|[from] Grassy Terrain
|-heal|p2a: Slowking|27/100|[from] Grassy Terrain
|-damage|p1a: Rillaboom|37/100 psn|[from] psn
|upkeep
|turn|14
|
|t:|1760724044
|move|p1a: Rillaboom|Acrobatics|p2a: Slowking
|-damage|p2a: Slowking|0 fnt
|faint|p2a: Slowking
|
|-heal|p1a: Rillaboom|43/100 psn|[from] Grassy Terrain
|-damage|p1a: Rillaboom|30/100 psn|[from] psn
|upkeep
|
|t:|1760724050
|switch|p2a: Kyurem|Kyurem|49/100
|-ability|p2a: Kyurem|Pressure
|turn|15
|
|t:|1760724054
|move|p2a: Kyurem|Protect|p2a: Kyurem
|-singleturn|p2a: Kyurem|Protect
|move|p1a: Rillaboom|Grassy Glide|p2a: Kyurem
|-activate|p2a: Kyurem|move: Protect
|
|-heal|p2a: Kyurem|55/100|[from] Grassy Terrain
|-heal|p2a: Kyurem|61/100|[from] item: Leftovers
|-heal|p1a: Rillaboom|37/100 psn|[from] Grassy Terrain
|-damage|p1a: Rillaboom|24/100 psn|[from] psn
|-fieldend|move: Grassy Terrain
|upkeep
|turn|16
|
|t:|1760724061
|move|p2a: Kyurem|Freeze-Dry|p1a: Rillaboom
|-resisted|p1a: Rillaboom
|-damage|p1a: Rillaboom|0 fnt
|faint|p1a: Rillaboom
|
|-heal|p2a: Kyurem|67/100|[from] item: Leftovers
|upkeep
|
|t:|1760724064
|switch|p1a: Blaziken|Blaziken, M|100/100
|turn|17
|
|t:|1760724068
|switch|p2a: Corviknight|Corviknight, M|55/100
|-ability|p2a: Corviknight|Pressure
|move|p1a: Blaziken|Close Combat|p2a: Corviknight
|-damage|p2a: Corviknight|20/100
|-unboost|p1a: Blaziken|def|1
|-unboost|p1a: Blaziken|spd|1
|-damage|p1a: Blaziken|84/100|[from] item: Rocky Helmet|[of] p2a: Corviknight
|
|-ability|p1a: Blaziken|Speed Boost|boost
|-boost|p1a: Blaziken|spe|1
|upkeep
|turn|18
|
|t:|1760724077
|move|p1a: Blaziken|Close Combat|p2a: Corviknight
|-damage|p2a: Corviknight|0 fnt
|-unboost|p1a: Blaziken|def|1
|-unboost|p1a: Blaziken|spd|1
|-damage|p1a: Blaziken|67/100|[from] item: Rocky Helmet|[of] p2a: Corviknight
|faint|p2a: Corviknight
|
|-ability|p1a: Blaziken|Speed Boost|boost
|-boost|p1a: Blaziken|spe|1
|upkeep
|
|t:|1760724079
|switch|p2a: Dondozo|Dondozo, M|88/100
|turn|19
|
|t:|1760724083
|switch|p1a: Landorus|Landorus-Therian, M|93/100
|-ability|p1a: Landorus|Intimidate|boost
|-unboost|p2a: Dondozo|atk|1
|move|p2a: Dondozo|Curse|p2a: Dondozo
|-unboost|p2a: Dondozo|spe|1
|-boost|p2a: Dondozo|atk|1
|-boost|p2a: Dondozo|def|1
|
|-heal|p2a: Dondozo|95/100|[from] item: Leftovers
|upkeep
|turn|20
|
|t:|1760724091
|move|p1a: Landorus|U-turn|p2a: Dondozo
|-damage|p2a: Dondozo|88/100
|
|t:|1760724094
|switch|p1a: Blastoise|Blastoise, M|100/100|[from] U-turn
|move|p2a: Dondozo|Waterfall|p1a: Blastoise
|-resisted|p1a: Blastoise
|-damage|p1a: Blastoise|84/100
|
|-heal|p2a: Dondozo|94/100|[from] item: Leftovers
|upkeep
|turn|21
|
|t:|1760724098
|move|p1a: Blastoise|Shell Smash|p1a: Blastoise
|-unboost|p1a: Blastoise|def|1
|-unboost|p1a: Blastoise|spd|1
|-boost|p1a: Blastoise|atk|2
|-boost|p1a: Blastoise|spa|2
|-boost|p1a: Blastoise|spe|2
|move|p2a: Dondozo|Body Press|p1a: Blastoise
|-damage|p1a: Blastoise|40/100
|
|-heal|p2a: Dondozo|99/100|[from] item: Leftovers
|upkeep
|turn|22
|l| dragonlatios1
|
|t:|1760724107
|switch|p1a: Landorus|Landorus-Therian, M|93/100
|-ability|p1a: Landorus|Intimidate|boost
|-unboost|p2a: Dondozo|atk|1
|move|p2a: Dondozo|Body Press|p1a: Landorus
|-resisted|p1a: Landorus
|-damage|p1a: Landorus|76/100
|-damage|p2a: Dondozo|83/100|[from] item: Rocky Helmet|[of] p1a: Landorus
|
|-heal|p2a: Dondozo|90/100|[from] item: Leftovers
|upkeep
|turn|23
|
|t:|1760724113
|move|p1a: Landorus|Stealth Rock|p2a: Dondozo
|-sidestart|p2: churrostick|move: Stealth Rock
|move|p2a: Dondozo|Curse|p2a: Dondozo
|-unboost|p2a: Dondozo|spe|1
|-boost|p2a: Dondozo|atk|1
|-boost|p2a: Dondozo|def|1
|
|-heal|p2a: Dondozo|96/100|[from] item: Leftovers
|upkeep
|turn|24
|
|t:|1760724119
|move|p1a: Landorus|Earthquake|p2a: Dondozo
|-damage|p2a: Dondozo|83/100
|move|p2a: Dondozo|Curse|p2a: Dondozo
|-unboost|p2a: Dondozo|spe|1
|-boost|p2a: Dondozo|atk|1
|-boost|p2a: Dondozo|def|1
|
|-heal|p2a: Dondozo|89/100|[from] item: Leftovers
|upkeep
|turn|25
|
|t:|1760724124
|move|p1a: Landorus|Earthquake|p2a: Dondozo
|-crit|p2a: Dondozo
|-damage|p2a: Dondozo|56/100
|move|p2a: Dondozo|Curse|p2a: Dondozo
|-unboost|p2a: Dondozo|spe|1
|-boost|p2a: Dondozo|atk|1
|-boost|p2a: Dondozo|def|1
|
|-heal|p2a: Dondozo|62/100|[from] item: Leftovers
|upkeep
|turn|26
|
|t:|1760724131
|move|p1a: Landorus|Earthquake|p2a: Dondozo
|-damage|p2a: Dondozo|54/100
|move|p2a: Dondozo|Waterfall|p1a: Landorus
|-supereffective|p1a: Landorus
|-damage|p1a: Landorus|0 fnt
|-damage|p2a: Dondozo|38/100|[from] item: Rocky Helmet|[of] p1a: Landorus
|faint|p1a: Landorus
|
|-heal|p2a: Dondozo|44/100|[from] item: Leftovers
|upkeep
|
|t:|1760724137
|switch|p1a: Blastoise|Blastoise, M|40/100
|turn|27
|
|t:|1760724139
|move|p1a: Blastoise|Hydro Pump|p2a: Dondozo
|-resisted|p2a: Dondozo
|-damage|p2a: Dondozo|13/100
|-damage|p1a: Blastoise|31/100|[from] item: Life Orb
|move|p2a: Dondozo|Body Press|p1a: Blastoise
|-damage|p1a: Blastoise|0 fnt
|faint|p1a: Blastoise
|
|-heal|p2a: Dondozo|19/100|[from] item: Leftovers
|upkeep
|
|t:|1760724143
|switch|p1a: Blaziken|Blaziken, M|67/100
|turn|28
|
|t:|1760724145
|move|p1a: Blaziken|Close Combat|p2a: Dondozo
|-damage|p2a: Dondozo|8/100
|-unboost|p1a: Blaziken|def|1
|-unboost|p1a: Blaziken|spd|1
|move|p2a: Dondozo|Waterfall|p1a: Blaziken
|-supereffective|p1a: Blaziken
|-damage|p1a: Blaziken|0 fnt
|faint|p1a: Blaziken
|
|win|churrostick
|raw|310YM4N74N3R0's rating: 1731 &rarr; <strong>1708</strong><br />(-23 for losing)
|raw|churrostick's rating: 1684 &rarr; <strong>1707</strong><br />(+23 for winning)
|l|☆churrostick
|player|p2|
|l|☆310YM4N74N3R0
|player|p1|
