|j|☆NekroBlasphemer
|j|☆Nigthamarish
|t:|1760829302
|gametype|singles
|player|p1|NekroBlasphemer|fisherman-gen4|1153
|player|p2|Nigthamarish|170|1153
|gen|9
|tier|[Gen 9] OU
|rated|
|rule|HP Percentage Mod: HP is shown in percentages
|rule|Endless Battle Clause: Forcing endless battles is banned
|rule|Species Clause: Limit one of each Pokémon
|rule|OHKO Clause: OHKO moves are banned
|rule|Evasion Items Clause: Evasion items are banned
|rule|Evasion Moves Clause: Evasion moves are banned
|rule|Evasion Abilities Clause: Evasion abilities are banned
|rule|Sleep Moves Clause: Sleep-inducing moves are banned
|clearpoke
|poke|p1|Volbeat, M|
|poke|p1|Typhlosion-Hisui, M|
|poke|p1|Deoxys-Defense|
|poke|p1|Corviknight, M|
|poke|p1|Blissey, F|
|poke|p1|Salamence, F|
|poke|p2|Heatran, M|
|poke|p2|Great Tusk|
|poke|p2|Gholdengo|
|poke|p2|Darkrai|
|poke|p2|Scizor, M|
|poke|p2|Kommo-o, F|
|teampreview
|c|☆Nigthamarish|Gl hf
|
|t:|1760829320
|teamsize|p1|6
|teamsize|p2|6
|start
|switch|p1a: Deoxys|Deoxys-Defense|100/100
|switch|p2a: Mitochondria|Scizor, M|100/100
|-ability|p1a: Deoxys|Pressure
|turn|1
|
|t:|1760829327
|move|p1a: Deoxys|Stealth Rock|p2a: Mitochondria
|-sidestart|p2: Nigthamarish|move: Stealth Rock
|move|p2a: Mitochondria|Knock Off|p1a: Deoxys
|-supereffective|p1a: Deoxys
|-damage|p1a: Deoxys|44/100
|-enditem|p1a: Deoxys|Leftovers|[from] move: Knock Off|[of] p2a: Mitochondria
|
|upkeep
|turn|2
|
|t:|1760829333
|move|p2a: Mitochondria|Defog|p1a: Deoxys
|-unboost|p1a: Deoxys|evasion|1
|-sideend|p2: Nigthamarish|Stealth Rock|[from] move: Defog|[of] p2a: Mitochondria
|move|p1a: Deoxys|Teleport|p1a: Deoxys
|
|t:|1760829338
|switch|p1a: P. Diddy|Typhlosion-Hisui, M|100/100|[from] Teleport
|-item|p2a: Mitochondria|Occa Berry|[from] ability: Frisk|[of] p1a: P. Diddy
|
|upkeep
|turn|3
|
|t:|1760829361
|switch|p1a: Deoxys|Deoxys-Defense|44/100
|-ability|p1a: Deoxys|Pressure
|switch|p2a: Jug|Heatran, M|100/100
|
|upkeep
|turn|4
|
|t:|1760829366
|move|p1a: Deoxys|Stealth Rock|p2a: Jug
|-sidestart|p2: Nigthamarish|move: Stealth Rock
|move|p2a: Jug|Dark Pulse|p1a: Deoxys
|-supereffective|p1a: Deoxys
|-damage|p1a: Deoxys|6/100
|
|upkeep
|turn|5
|
|t:|1760829375
|switch|p2a: Mitochondria|Scizor, M|100/100
|-damage|p2a: Mitochondria|88/100|[from] Stealth Rock
|move|p1a: Deoxys|Teleport|p1a: Deoxys
|
|t:|1760829390
|switch|p1a: Corviknight|Corviknight, M|100/100|[from] Teleport
|
|upkeep
|turn|6
|
|t:|1760829396
|move|p1a: Corviknight|Bulk Up|p1a: Corviknight
|-boost|p1a: Corviknight|atk|1
|-boost|p1a: Corviknight|def|1
|move|p2a: Mitochondria|Defog|p1a: Corviknight
|-ability|p1a: Corviknight|Mirror Armor
|-unboost|p2a: Mitochondria|evasion|1
|-sideend|p2: Nigthamarish|Stealth Rock|[from] move: Defog|[of] p2a: Mitochondria
|
|upkeep
|turn|7
|
|t:|1760829400
|move|p1a: Corviknight|Bulk Up|p1a: Corviknight
|-boost|p1a: Corviknight|atk|1
|-boost|p1a: Corviknight|def|1
|move|p2a: Mitochondria|Knock Off|p1a: Corviknight
|-damage|p1a: Corviknight|86/100
|-enditem|p1a: Corviknight|Leftovers|[from] move: Knock Off|[of] p2a: Mitochondria
|
|upkeep
|turn|8
|
|t:|1760829403
|move|p1a: Corviknight|Bulk Up|p1a: Corviknight
|-boost|p1a: Corviknight|atk|1
|-boost|p1a: Corviknight|def|1
|move|p2a: Mitochondria|U-turn|p1a: Corviknight
|-resisted|p1a: Corviknight
|-damage|p1a: Corviknight|83/100
|
|t:|1760829410
|switch|p2a: Jug|Heatran, M|100/100|[from] U-turn
|
|upkeep
|turn|9
|
|t:|1760829412
|-terastallize|p1a: Corviknight|Dark
|move|p2a: Jug|Magma Storm|p1a: Corviknight
|-damage|p1a: Corviknight|47/100
|-activate|p1a: Corviknight|move: Magma Storm|[of] p2a: Jug
|move|p1a: Corviknight|Agility|p1a: Corviknight
|-boost|p1a: Corviknight|spe|2
|
|-damage|p1a: Corviknight|34/100|[from] move: Magma Storm|[partiallytrapped]
|upkeep
|turn|10
|
|t:|1760829426
|move|p1a: Corviknight|Power Trip|p2a: Jug
|-damage|p2a: Jug|0 fnt
|faint|p2a: Jug
|
|-end|p1a: Corviknight|Magma Storm|[partiallytrapped]|[silent]
|upkeep
|inactive|Battle timer is ON: inactive players will automatically lose when time's up. (requested by NekroBlasphemer)
|
|t:|1760829443
|switch|p2a: slasher|Kommo-o, F|100/100
|turn|11
|
|t:|1760829451
|move|p1a: Corviknight|Power Trip|p2a: slasher
|-resisted|p2a: slasher
|-damage|p2a: slasher|38/100
|-enditem|p2a: slasher|Sitrus Berry|[eat]
|-heal|p2a: slasher|63/100|[from] item: Sitrus Berry
|move|p2a: slasher|Boomburst|p1a: Corviknight
|-damage|p1a: Corviknight|9/100
|
|upkeep
|turn|12
|
|t:|1760829462
|move|p1a: Corviknight|Power Trip|p2a: slasher
|-resisted|p2a: slasher
|-damage|p2a: slasher|0 fnt
|faint|p2a: slasher
|
|upkeep
|
|t:|1760829464
|switch|p2a: Mitochondria|Scizor, M|88/100
|turn|13
|
|t:|1760829468
|move|p2a: Mitochondria|Bullet Punch|p1a: Corviknight
|-damage|p1a: Corviknight|1/100
|move|p1a: Corviknight|Power Trip|p2a: Mitochondria
|-damage|p2a: Mitochondria|0 fnt
|faint|p2a: Mitochondria
|
|upkeep
|
|t:|1760829472
|switch|p2a: BlueRai|Darkrai|100/100
|turn|14
|
|t:|1760829479
|move|p2a: BlueRai|Ice Beam|p1a: Corviknight
|-damage|p1a: Corviknight|0 fnt
|faint|p1a: Corviknight
|
|upkeep
|
|t:|1760829506
|switch|p1a: P. Diddy|Typhlosion-Hisui, M|100/100
|-item|p2a: BlueRai|Choice Scarf|[from] ability: Frisk|[of] p1a: P. Diddy
|turn|15
|
|t:|1760829511
|switch|p2a: Tev|Great Tusk|100/100
|-enditem|p2a: Tev|Booster Energy
|-activate|p2a: Tev|ability: Protosynthesis|[fromitem]
|-start|p2a: Tev|protosynthesisatk
|move|p1a: P. Diddy|Eruption|p2a: Tev
|-damage|p2a: Tev|0 fnt
|faint|p2a: Tev
|-end|p2a: Tev|Protosynthesis|[silent]
|
|upkeep
|
|t:|1760829516
|switch|p2a: BlueRai|Darkrai|100/100
|turn|16
|
|t:|1760829521
|move|p2a: BlueRai|Dark Pulse|p1a: P. Diddy
|-supereffective|p1a: P. Diddy
|-damage|p1a: P. Diddy|0 fnt
|faint|p1a: P. Diddy
|
|upkeep
|
|t:|1760829534
|switch|p1a: Volbeat|Volbeat, M|100/100
|turn|17
|
|t:|1760829549
|switch|p2a: Gholdeezer|Gholdengo|100/100
|move|p1a: Volbeat|Tailwind|p1a: Volbeat
|-sidestart|p1: NekroBlasphemer|move: Tailwind
|
|upkeep
|turn|18
|
|t:|1760829561
|move|p1a: Volbeat|Taunt|p2a: Gholdeezer
|-immune|p2a: Gholdeezer|[from] ability: Good as Gold
|move|p2a: Gholdeezer|Make It Rain|p1a: Volbeat
|-damage|p1a: Volbeat|47/100
|-unboost|p2a: Gholdeezer|spa|1
|
|upkeep
|turn|19
|
|t:|1760829566
|move|p1a: Volbeat|Encore|p2a: Gholdeezer
|-immune|p2a: Gholdeezer|[from] ability: Good as Gold
|move|p2a: Gholdeezer|Make It Rain|p1a: Volbeat
|-damage|p1a: Volbeat|10/100
|-unboost|p2a: Gholdeezer|spa|1
|
|upkeep
|turn|20
|
|t:|1760829573
|switch|p1a: Deoxys|Deoxys-Defense|6/100
|-ability|p1a: Deoxys|Pressure
|move|p2a: Gholdeezer|Make It Rain|p1a: Deoxys
|-damage|p1a: Deoxys|0 fnt
|-unboost|p2a: Gholdeezer|spa|1
|faint|p1a: Deoxys
|
|-sideend|p1: NekroBlasphemer|move: Tailwind
|upkeep
|
|t:|1760829576
|switch|p1a: Volbeat|Volbeat, M|10/100
|turn|21
|
|t:|1760829580
|move|p1a: Volbeat|Tailwind|p1a: Volbeat
|-sidestart|p1: NekroBlasphemer|move: Tailwind
|move|p2a: Gholdeezer|Make It Rain|p1a: Volbeat
|-damage|p1a: Volbeat|0 fnt
|-unboost|p2a: Gholdeezer|spa|1
|faint|p1a: Volbeat
|
|upkeep
|
|t:|1760829582
|switch|p1a: Salamence|Salamence, F|100/100
|-ability|p1a: Salamence|Intimidate|boost
|-unboost|p2a: Gholdeezer|atk|1
|turn|22
|
|t:|1760829592
|switch|p2a: BlueRai|Darkrai|100/100
|move|p1a: Salamence|Dragon Dance|p1a: Salamence
|-boost|p1a: Salamence|atk|1
|-boost|p1a: Salamence|spe|1
|
|upkeep
|turn|23
|
|t:|1760829601
|move|p1a: Salamence|Dual Wingbeat|p2a: BlueRai|[miss]
|-miss|p1a: Salamence|p2a: BlueRai
|move|p2a: BlueRai|Ice Beam|p1a: Salamence
|-supereffective|p1a: Salamence
|-damage|p1a: Salamence|0 fnt
|faint|p1a: Salamence
|
|upkeep
|
|t:|1760829606
|switch|p1a: Blissey|Blissey, F|100/100
|turn|24
|
|t:|1760829610
|switch|p2a: Gholdeezer|Gholdengo|100/100
|move|p1a: Blissey|Seismic Toss|p2a: Gholdeezer
|-immune|p2a: Gholdeezer
|
|-sideend|p1: NekroBlasphemer|move: Tailwind
|upkeep
|turn|25
|
|t:|1760829615
|move|p2a: Gholdeezer|Trick|p1a: Blissey
|-activate|p2a: Gholdeezer|move: Trick|[of] p1a: Blissey
|-item|p1a: Blissey|Choice Scarf|[from] move: Trick
|-item|p2a: Gholdeezer|Leftovers|[from] move: Trick
|move|p1a: Blissey|Calm Mind|p1a: Blissey
|-boost|p1a: Blissey|spa|1
|-boost|p1a: Blissey|spd|1
|
|upkeep
|turn|26
|-message|NekroBlasphemer forfeited.
|
|win|Nigthamarish
|raw|NekroBlasphemer's rating: 1153 &rarr; <strong>1128</strong><br />(-25 for losing)
|raw|Nigthamarish's rating: 1153 &rarr; <strong>1178</strong><br />(+25 for winning)
|l|☆NekroBlasphemer
|player|p1|
|l|☆Nigthamarish
|player|p2|
