|j|☆bastionow
|j|☆zsu-twink
|t:|1760768581
|gametype|singles
|player|p1|bastionow|byron|1110
|player|p2|zsu-twink|skyla|1145
|gen|9
|tier|[Gen 9] OU
|rated|
|rule|HP Percentage Mod: HP is shown in percentages
|rule|Endless Battle Clause: Forcing endless battles is banned
|rule|Species Clause: Limit one of each Pokémon
|rule|OHKO Clause: OHKO moves are banned
|rule|Evasion Items Clause: Evasion items are banned
|rule|Evasion Moves Clause: Evasion moves are banned
|rule|Evasion Abilities Clause: Evasion abilities are banned
|rule|Sleep Moves Clause: Sleep-inducing moves are banned
|clearpoke
|poke|p1|Granbull, M|
|poke|p1|Zoroark-Hisui, F|
|poke|p1|Kommo-o, M|
|poke|p1|Golem-Alola, M|
|poke|p1|Lokix, F|
|poke|p1|Porygon2|
|poke|p2|Quaquaval, F|
|poke|p2|Meowscarada, F|
|poke|p2|Skeledirge, M|
|poke|p2|Goodra-Hisui, M|
|poke|p2|Great Tusk|
|poke|p2|Lapras, M|
|teampreview
|inactive|Battle timer is ON: inactive players will automatically lose when time's up. (requested by bastionow)
|
|t:|1760768591
|teamsize|p1|6
|teamsize|p2|6
|start
|switch|p1a: Golem|Golem-Alola, M|100/100
|switch|p2a: The Kitty|Meowscarada, F|100/100
|turn|1
|
|t:|1760768599
|move|p2a: The Kitty|Giga Drain|p1a: Golem
|-start|p2a: The Kitty|typechange|Grass|[from] ability: Protean
|-supereffective|p1a: Golem
|-ability|p1a: Golem|Sturdy
|-damage|p1a: Golem|1/100
|-damage|p2a: The Kitty|91/100|[from] item: Life Orb
|move|p1a: Golem|Stealth Rock|p2a: The Kitty
|-sidestart|p2: zsu-twink|move: Stealth Rock
|
|upkeep
|turn|2
|-enditem|p1a: Golem|Custap Berry|[eat]
|-activate|p1a: Golem|item: Custap Berry|[consumed]
|
|t:|1760768608
|move|p1a: Golem|Explosion|p2a: The Kitty
|-damage|p2a: The Kitty|0 fnt
|faint|p1a: Golem
|faint|p2a: The Kitty
|
|upkeep
|
|t:|1760768617
|switch|p2a: Greatest Tusk|Great Tusk|100/100
|switch|p1a: Jiminy|Lokix, F|100/100
|-damage|p2a: Greatest Tusk|97/100|[from] Stealth Rock
|turn|3
|
|t:|1760768622
|switch|p1a: Kommo-o|Kommo-o, M|100/100
|move|p2a: Greatest Tusk|Earthquake|p1a: Kommo-o
|-enditem|p1a: Kommo-o|Focus Sash
|-damage|p1a: Kommo-o|1/100
|replace|p1a: Zoroark|Zoroark-Hisui, F
|-end|p1a: Zoroark|Illusion
|
|upkeep
|turn|4
|
|t:|1760768631
|-end|p2a: Greatest Tusk|Protosynthesis|[silent]
|switch|p2a: Goodra|Goodra-Hisui, M|100/100
|-damage|p2a: Goodra|94/100|[from] Stealth Rock
|move|p1a: Zoroark|Hyper Voice|p2a: Goodra
|-resisted|p2a: Goodra
|-crit|p2a: Goodra
|-damage|p2a: Goodra|78/100
|
|upkeep
|turn|5
|
|t:|1760768640
|move|p1a: Zoroark|Flamethrower|p2a: Goodra
|-crit|p2a: Goodra
|-damage|p2a: Goodra|59/100
|-status|p2a: Goodra|brn
|move|p2a: Goodra|Flash Cannon|p1a: Zoroark
|-damage|p1a: Zoroark|0 fnt
|faint|p1a: Zoroark
|
|-damage|p2a: Goodra|53/100 brn|[from] brn
|upkeep
|
|t:|1760768648
|switch|p1a: Jiminy|Lokix, F|100/100
|turn|6
|
|t:|1760768652
|move|p1a: Jiminy|First Impression|p2a: Goodra
|-resisted|p2a: Goodra
|-damage|p2a: Goodra|7/100 brn
|-ability|p2a: Goodra|Gooey
|-unboost|p1a: Jiminy|spe|1
|move|p2a: Goodra|Flamethrower|p1a: Jiminy
|-supereffective|p1a: Jiminy
|-damage|p1a: Jiminy|0 fnt
|faint|p1a: Jiminy
|
|-damage|p2a: Goodra|0 fnt|[from] brn
|faint|p2a: Goodra
|upkeep
|
|t:|1760768663
|switch|p1a: Sei2ure|Porygon2|100/100
|switch|p2a: Greatest Tusk|Great Tusk|97/100
|-damage|p2a: Greatest Tusk|94/100|[from] Stealth Rock
|-ability|p1a: Sei2ure|Download|boost
|-boost|p1a: Sei2ure|spa|1
|turn|7
|
|t:|1760768670
|-terastallize|p2a: Greatest Tusk|Poison
|move|p2a: Greatest Tusk|Rapid Spin|p1a: Sei2ure
|-damage|p1a: Sei2ure|88/100
|-boost|p2a: Greatest Tusk|spe|1
|-sideend|p2: zsu-twink|Stealth Rock|[from] move: Rapid Spin|[of] p2a: Greatest Tusk
|move|p1a: Sei2ure|Tri Attack|p2a: Greatest Tusk
|-damage|p2a: Greatest Tusk|55/100
|
|upkeep
|turn|8
|
|t:|1760768680
|move|p2a: Greatest Tusk|Close Combat|p1a: Sei2ure
|-supereffective|p1a: Sei2ure
|-damage|p1a: Sei2ure|0 fnt
|-unboost|p2a: Greatest Tusk|def|1
|-unboost|p2a: Greatest Tusk|spd|1
|faint|p1a: Sei2ure
|
|upkeep
|
|t:|1760768684
|switch|p1a: Toothfairy|Granbull, M|100/100
|-ability|p1a: Toothfairy|Intimidate|boost
|-unboost|p2a: Greatest Tusk|atk|1
|turn|9
|
|t:|1760768689
|-end|p2a: Greatest Tusk|Protosynthesis|[silent]
|switch|p2a: Skeledirge|Skeledirge, M|100/100
|move|p1a: Toothfairy|Psychic Fangs|p2a: Skeledirge
|-damage|p2a: Skeledirge|78/100
|
|-heal|p2a: Skeledirge|84/100|[from] item: Leftovers
|upkeep
|turn|10
|
|t:|1760768696
|move|p2a: Skeledirge|Will-O-Wisp|p1a: Toothfairy
|-status|p1a: Toothfairy|brn
|move|p1a: Toothfairy|Earthquake|p2a: Skeledirge
|-supereffective|p2a: Skeledirge
|-crit|p2a: Skeledirge
|-damage|p2a: Skeledirge|45/100
|
|-heal|p2a: Skeledirge|51/100|[from] item: Leftovers
|-damage|p1a: Toothfairy|94/100 brn|[from] brn
|upkeep
|turn|11
|
|t:|1760768704
|move|p2a: Skeledirge|Slack Off|p2a: Skeledirge
|-heal|p2a: Skeledirge|100/100
|move|p1a: Toothfairy|Earthquake|p2a: Skeledirge
|-supereffective|p2a: Skeledirge
|-damage|p2a: Skeledirge|72/100
|
|-heal|p2a: Skeledirge|78/100|[from] item: Leftovers
|-damage|p1a: Toothfairy|88/100 brn|[from] brn
|upkeep
|turn|12
|
|t:|1760768709
|move|p2a: Skeledirge|Torch Song|p1a: Toothfairy
|-damage|p1a: Toothfairy|63/100 brn
|-boost|p2a: Skeledirge|spa|1
|move|p1a: Toothfairy|Earthquake|p2a: Skeledirge
|-supereffective|p2a: Skeledirge
|-damage|p2a: Skeledirge|52/100
|
|-heal|p2a: Skeledirge|58/100|[from] item: Leftovers
|-damage|p1a: Toothfairy|57/100 brn|[from] brn
|upkeep
|turn|13
|
|t:|1760768714
|switch|p1a: Kommo-o|Kommo-o, M|100/100
|move|p2a: Skeledirge|Torch Song|p1a: Kommo-o
|-immune|p1a: Kommo-o|[from] ability: Soundproof
|
|-heal|p2a: Skeledirge|64/100|[from] item: Leftovers
|upkeep
|turn|14
|
|t:|1760768728
|move|p1a: Kommo-o|Clangorous Soul|p1a: Kommo-o
|-boost|p1a: Kommo-o|atk|1
|-boost|p1a: Kommo-o|def|1
|-boost|p1a: Kommo-o|spa|1
|-boost|p1a: Kommo-o|spd|1
|-boost|p1a: Kommo-o|spe|1
|-damage|p1a: Kommo-o|68/100
|-enditem|p1a: Kommo-o|Throat Spray
|-boost|p1a: Kommo-o|spa|1|[from] item: Throat Spray
|move|p2a: Skeledirge|Will-O-Wisp|p1a: Kommo-o
|-status|p1a: Kommo-o|brn
|
|-heal|p2a: Skeledirge|70/100|[from] item: Leftovers
|-damage|p1a: Kommo-o|61/100 brn|[from] brn
|upkeep
|turn|15
|
|t:|1760768739
|move|p1a: Kommo-o|Flamethrower|p2a: Skeledirge
|-resisted|p2a: Skeledirge
|-damage|p2a: Skeledirge|59/100
|move|p2a: Skeledirge|Hex|p1a: Kommo-o
|-damage|p1a: Kommo-o|0 fnt
|faint|p1a: Kommo-o
|
|-heal|p2a: Skeledirge|65/100|[from] item: Leftovers
|upkeep
|-message|bastionow forfeited.
|
|win|zsu-twink
|raw|bastionow's rating: 1110 &rarr; <strong>1088</strong><br />(-22 for losing)
|raw|zsu-twink's rating: 1145 &rarr; <strong>1167</strong><br />(+22 for winning)
|l|☆bastionow
|player|p1|
|l|☆zsu-twink
|player|p2|
