|j|☆dilike
|j|☆Luxenlight
|t:|1760767130
|gametype|singles
|player|p1|dilike|pokekid|1317
|player|p2|Luxenlight|170|1358
|gen|9
|tier|[Gen 9] OU
|rated|
|rule|HP Percentage Mod: HP is shown in percentages
|rule|Endless Battle Clause: Forcing endless battles is banned
|rule|Species Clause: Limit one of each Pokémon
|rule|OHKO Clause: OHKO moves are banned
|rule|Evasion Items Clause: Evasion items are banned
|rule|Evasion Moves Clause: Evasion moves are banned
|rule|Evasion Abilities Clause: Evasion abilities are banned
|rule|Sleep Moves Clause: Sleep-inducing moves are banned
|clearpoke
|poke|p1|Dragapult, M|
|poke|p1|Glimmora, M|
|poke|p1|Comfey, M|
|poke|p1|Kingambit, M|
|poke|p1|Ogerpon-Wellspring, F|
|poke|p1|Blaziken, M|
|poke|p2|Ogerpon-Wellspring, F|
|poke|p2|Great Tusk|
|poke|p2|Garganacl, F|
|poke|p2|Pecharunt|
|poke|p2|Raging Bolt|
|poke|p2|Kingambit, M|
|teampreview
|inactive|Battle timer is ON: inactive players will automatically lose when time's up. (requested by Luxenlight)
|
|t:|1760767143
|teamsize|p1|6
|teamsize|p2|6
|start
|switch|p1a: Bullet|Glimmora, M, shiny|100/100
|switch|p2a: Pepper|Garganacl, F|100/100
|turn|1
|
|t:|1760767150
|move|p1a: Bullet|Stealth Rock|p2a: Pepper
|-sidestart|p2: Luxenlight|move: Stealth Rock
|move|p2a: Pepper|Earthquake|p1a: Bullet
|-supereffective|p1a: Bullet
|-damage|p1a: Bullet|31/100
|-activate|p1a: Bullet|ability: Toxic Debris
|-sidestart|p2: Luxenlight|move: Toxic Spikes
|-enditem|p1a: Bullet|Red Card|[of] p2a: Pepper
|drag|p2a: Daythunder|Raging Bolt|100/100
|-damage|p2a: Daythunder|88/100|[from] Stealth Rock
|-status|p2a: Daythunder|psn
|-enditem|p2a: Daythunder|Booster Energy
|-activate|p2a: Daythunder|ability: Protosynthesis|[fromitem]
|-start|p2a: Daythunder|protosynthesisspa
|
|-damage|p2a: Daythunder|76/100 psn|[from] psn
|upkeep
|turn|2
|
|t:|1760767175
|move|p2a: Daythunder|Thunderclap|p1a: Bullet
|-damage|p1a: Bullet|0 fnt
|faint|p1a: Bullet
|
|-damage|p2a: Daythunder|63/100 psn|[from] psn
|upkeep
|
|t:|1760767179
|switch|p1a: Ula Fala|Comfey, M, shiny|100/100
|turn|3
|
|t:|1760767186
|move|p1a: Ula Fala|Substitute|p1a: Ula Fala
|-start|p1a: Ula Fala|Substitute
|-damage|p1a: Ula Fala|76/100
|move|p2a: Daythunder|Thunderbolt|p1a: Ula Fala
|-end|p1a: Ula Fala|Substitute
|
|-damage|p2a: Daythunder|51/100 psn|[from] psn
|upkeep
|turn|4
|
|t:|1760767201
|move|p1a: Ula Fala|Calm Mind|p1a: Ula Fala
|-boost|p1a: Ula Fala|spa|1
|-boost|p1a: Ula Fala|spd|1
|move|p2a: Daythunder|Thunderbolt|p1a: Ula Fala
|-damage|p1a: Ula Fala|28/100
|
|-damage|p2a: Daythunder|39/100 psn|[from] psn
|upkeep
|turn|5
|
|t:|1760767209
|move|p1a: Ula Fala|Draining Kiss|p2a: Daythunder
|-supereffective|p2a: Daythunder
|-damage|p2a: Daythunder|0 fnt
|-heal|p1a: Ula Fala|71/100|[from] drain|[of] p2a: Daythunder
|faint|p2a: Daythunder
|-end|p2a: Daythunder|Protosynthesis|[silent]
|-damage|p1a: Ula Fala|61/100|[from] item: Life Orb
|
|upkeep
|
|t:|1760767216
|switch|p2a: Recluse|Pecharunt|100/100
|-damage|p2a: Recluse|88/100|[from] Stealth Rock
|-sideend|p2: Luxenlight|move: Toxic Spikes|[of] p2a: Recluse
|turn|6
|
|t:|1760767225
|-terastallize|p1a: Ula Fala|Ground
|move|p1a: Ula Fala|Tera Blast|p2a: Recluse|[anim] Tera Blast Ground
|-supereffective|p2a: Recluse
|-crit|p2a: Recluse
|-damage|p2a: Recluse|0 fnt
|faint|p2a: Recluse
|-damage|p1a: Ula Fala|52/100|[from] item: Life Orb
|
|upkeep
|
|t:|1760767239
|switch|p2a: Joker|Ogerpon-Wellspring, F|100/100
|-damage|p2a: Joker|88/100|[from] Stealth Rock
|turn|7
|
|t:|1760767248
|switch|p1a: Alice|Ogerpon-Wellspring, F|100/100
|move|p2a: Joker|Horn Leech|p1a: Alice
|-damage|p1a: Alice|37/100
|-heal|p2a: Joker|100/100|[from] drain|[of] p1a: Alice
|
|upkeep
|turn|8
|
|t:|1760767259
|move|p2a: Joker|Horn Leech|p1a: Alice
|-damage|p1a: Alice|0 fnt
|faint|p1a: Alice
|
|upkeep
|
|t:|1760767272
|switch|p1a: Overgod|Kingambit, M, shiny|100/100
|-activate|p1a: Overgod|ability: Supreme Overlord
|-start|p1a: Overgod|fallen2|[silent]
|turn|9
|
|t:|1760767280
|switch|p2a: Pepper|Garganacl, F|100/100
|-damage|p2a: Pepper|88/100|[from] Stealth Rock
|move|p1a: Overgod|Kowtow Cleave|p2a: Pepper
|-damage|p2a: Pepper|56/100
|
|-heal|p2a: Pepper|62/100|[from] item: Leftovers
|upkeep
|turn|10
|
|t:|1760767291
|move|p1a: Overgod|Iron Head|p2a: Pepper
|-supereffective|p2a: Pepper
|-damage|p2a: Pepper|4/100
|move|p2a: Pepper|Salt Cure|p1a: Overgod
|-resisted|p1a: Overgod
|-damage|p1a: Overgod|95/100
|-start|p1a: Overgod|Salt Cure
|
|-heal|p1a: Overgod|100/100|[from] item: Leftovers
|-heal|p2a: Pepper|10/100|[from] item: Leftovers
|-damage|p1a: Overgod|76/100|[from] Salt Cure
|upkeep
|turn|11
|
|t:|1760767304
|-end|p1a: Overgod|fallen2|[silent]
|switch|p1a: Destroyer|Blaziken, M, shiny|100/100
|move|p2a: Pepper|Protect||[still]
|-fail|p2a: Pepper
|
|-heal|p2a: Pepper|17/100|[from] item: Leftovers
|upkeep
|turn|12
|
|t:|1760767317
|move|p1a: Destroyer|Knock Off|p2a: Pepper
|-damage|p2a: Pepper|0 fnt
|-enditem|p2a: Pepper|Leftovers|[from] move: Knock Off|[of] p1a: Destroyer
|faint|p2a: Pepper
|-damage|p1a: Destroyer|91/100|[from] item: Life Orb
|
|-ability|p1a: Destroyer|Speed Boost|boost
|-boost|p1a: Destroyer|spe|1
|upkeep
|
|t:|1760767325
|switch|p2a: Joker|Ogerpon-Wellspring, F|100/100
|-damage|p2a: Joker|88/100|[from] Stealth Rock
|turn|13
|
|t:|1760767330
|move|p1a: Destroyer|Flare Blitz|p2a: Joker
|-damage|p2a: Joker|0 fnt
|faint|p2a: Joker
|-damage|p1a: Destroyer|62/100|[from] Recoil
|-damage|p1a: Destroyer|52/100|[from] item: Life Orb
|
|-ability|p1a: Destroyer|Speed Boost|boost
|-boost|p1a: Destroyer|spe|1
|upkeep
|
|t:|1760767339
|switch|p2a: Hannibal|Great Tusk|100/100
|-damage|p2a: Hannibal|98/100|[from] Stealth Rock
|-enditem|p2a: Hannibal|Booster Energy
|-activate|p2a: Hannibal|ability: Protosynthesis|[fromitem]
|-start|p2a: Hannibal|protosynthesisatk
|turn|14
|
|t:|1760767345
|move|p1a: Destroyer|Flare Blitz|p2a: Hannibal
|-damage|p2a: Hannibal|32/100
|-damage|p1a: Destroyer|25/100|[from] Recoil
|-damage|p1a: Destroyer|15/100|[from] item: Life Orb
|move|p2a: Hannibal|Headlong Rush|p1a: Destroyer
|-supereffective|p1a: Destroyer
|-damage|p1a: Destroyer|0 fnt
|-unboost|p2a: Hannibal|def|1
|-unboost|p2a: Hannibal|spd|1
|faint|p1a: Destroyer
|
|upkeep
|
|t:|1760767350
|switch|p1a: Ula Fala|Comfey, M, shiny, tera:Ground|52/100
|turn|15
|-message|Luxenlight forfeited.
|
|win|dilike
|raw|dilike's rating: 1317 &rarr; <strong>1339</strong><br />(+22 for winning)
|raw|Luxenlight's rating: 1358 &rarr; <strong>1336</strong><br />(-22 for losing)
|l|☆Luxenlight
|player|p2|
|l|☆dilike
|player|p1|
