|j|☆spudcutter
|j|☆151htyrneh
|t:|1760865442
|gametype|singles
|player|p1|spudcutter|ghetsis-gen5bw|1760
|player|p2|151htyrneh|wallace|1688
|gen|9
|tier|[Gen 9] OU
|rated|
|rule|HP Percentage Mod: HP is shown in percentages
|rule|Endless Battle Clause: Forcing endless battles is banned
|rule|Species Clause: Limit one of each Pokémon
|rule|OHKO Clause: OHKO moves are banned
|rule|Evasion Items Clause: Evasion items are banned
|rule|Evasion Moves Clause: Evasion moves are banned
|rule|Evasion Abilities Clause: Evasion abilities are banned
|rule|Sleep Moves Clause: Sleep-inducing moves are banned
|clearpoke
|poke|p1|Kingambit, F|
|poke|p1|Dragapult, M|
|poke|p1|Great Tusk|
|poke|p1|Slowking-Galar, M|
|poke|p1|Darkrai|
|poke|p1|Dondozo, F|
|poke|p2|Zapdos|
|poke|p2|Iron Valiant|
|poke|p2|Great Tusk|
|poke|p2|Alomomola, M|
|poke|p2|Slowking-Galar, F|
|poke|p2|Cinderace, F|
|teampreview
|inactive|Battle timer is ON: inactive players will automatically lose when time's up. (requested by spudcutter)
|inactive|spudcutter has 120 seconds left.
|
|t:|1760865488
|teamsize|p1|6
|teamsize|p2|6
|start
|switch|p1a: Darkrai|Darkrai|100/100
|switch|p2a: Slowking|Slowking-Galar, F|100/100
|turn|1
|
|t:|1760865495
|switch|p2a: Alomomola|Alomomola, M|100/100
|move|p1a: Darkrai|Substitute|p1a: Darkrai
|-start|p1a: Darkrai|Substitute
|-damage|p1a: Darkrai|76/100
|
|-heal|p1a: Darkrai|82/100|[from] item: Leftovers
|upkeep
|turn|2
|
|t:|1760865502
|move|p1a: Darkrai|Nasty Plot|p1a: Darkrai
|-boost|p1a: Darkrai|spa|2
|move|p2a: Alomomola|Flip Turn|p1a: Darkrai
|-crit|p1a: Darkrai
|-end|p1a: Darkrai|Substitute
|
|t:|1760865505
|switch|p2a: Great Tusk|Great Tusk|100/100|[from] Flip Turn
|
|-heal|p1a: Darkrai|88/100|[from] item: Leftovers
|upkeep
|turn|3
|
|t:|1760865508
|move|p2a: Great Tusk|Close Combat|p1a: Darkrai
|-supereffective|p1a: Darkrai
|-damage|p1a: Darkrai|0 fnt
|-unboost|p2a: Great Tusk|def|1
|-unboost|p2a: Great Tusk|spd|1
|faint|p1a: Darkrai
|
|upkeep
|
|t:|1760865510
|switch|p1a: Dragapult|Dragapult, M|100/100
|turn|4
|
|t:|1760865516
|-end|p2a: Great Tusk|Protosynthesis|[silent]
|switch|p2a: Alomomola|Alomomola, M|100/100
|move|p1a: Dragapult|Will-O-Wisp|p2a: Alomomola
|-status|p2a: Alomomola|brn
|
|-damage|p2a: Alomomola|94/100 brn|[from] brn
|upkeep
|turn|5
|
|t:|1760865521
|move|p1a: Dragapult|Dragon Darts|p2a: Alomomola
|-damage|p2a: Alomomola|76/100 brn
|-anim|p1a: Dragapult|Dragon Darts|p2a: Alomomola
|-damage|p2a: Alomomola|57/100 brn
|move|p2a: Alomomola|Mirror Coat||[still]
|-fail|p2a: Alomomola
|
|-damage|p2a: Alomomola|50/100 brn|[from] brn
|upkeep
|turn|6
|
|t:|1760865526
|move|p1a: Dragapult|Dragon Darts|p2a: Alomomola
|-damage|p2a: Alomomola|31/100 brn
|-anim|p1a: Dragapult|Dragon Darts|p2a: Alomomola
|-damage|p2a: Alomomola|14/100 brn
|move|p2a: Alomomola|Flip Turn|p1a: Dragapult
|-resisted|p1a: Dragapult
|-damage|p1a: Dragapult|94/100
|
|t:|1760865528
|switch|p2a: Great Tusk|Great Tusk|100/100|[from] Flip Turn
|
|upkeep
|turn|7
|
|t:|1760865536
|switch|p1a: Dondozo|Dondozo, F|100/100
|-terastallize|p2a: Great Tusk|Ground
|move|p2a: Great Tusk|Headlong Rush|p1a: Dondozo
|-damage|p1a: Dondozo|60/100
|-unboost|p2a: Great Tusk|def|1
|-unboost|p2a: Great Tusk|spd|1
|-damage|p2a: Great Tusk|84/100|[from] item: Rocky Helmet|[of] p1a: Dondozo
|
|upkeep
|turn|8
|
|t:|1760865557
|-end|p2a: Great Tusk|Protosynthesis|[silent]
|switch|p2a: Alomomola|Alomomola, M|47/100 brn
|move|p1a: Dondozo|Rest|p1a: Dondozo
|-status|p1a: Dondozo|slp|[from] move: Rest
|-heal|p1a: Dondozo|100/100 slp|[silent]
|
|-damage|p2a: Alomomola|41/100 brn|[from] brn
|upkeep
|turn|9
|
|t:|1760865561
|switch|p1a: Slowking|Slowking-Galar, M|100/100
|move|p2a: Alomomola|Flip Turn|p1a: Slowking
|-damage|p1a: Slowking|92/100
|
|t:|1760865563
|switch|p2a: Great Tusk|Great Tusk, tera:Ground|84/100|[from] Flip Turn
|
|upkeep
|turn|10
|
|t:|1760865565
|-terastallize|p1a: Slowking|Grass
|move|p2a: Great Tusk|Headlong Rush|p1a: Slowking
|-resisted|p1a: Slowking
|-damage|p1a: Slowking|46/100
|-unboost|p2a: Great Tusk|def|1
|-unboost|p2a: Great Tusk|spd|1
|move|p1a: Slowking|Grass Knot|p2a: Great Tusk
|-supereffective|p2a: Great Tusk
|-damage|p2a: Great Tusk|0 fnt
|faint|p2a: Great Tusk
|-end|p2a: Great Tusk|Protosynthesis|[silent]
|
|upkeep
|
|t:|1760865570
|switch|p2a: Iron Valiant|Iron Valiant|100/100
|turn|11
|
|t:|1760865573
|move|p2a: Iron Valiant|Close Combat|p1a: Slowking
|-damage|p1a: Slowking|0 fnt
|-unboost|p2a: Iron Valiant|def|1
|-unboost|p2a: Iron Valiant|spd|1
|faint|p1a: Slowking
|
|upkeep
|
|t:|1760865575
|switch|p1a: Dragapult|Dragapult, M|94/100
|turn|12
|
|t:|1760865579
|-end|p2a: Iron Valiant|Quark Drive|[silent]
|switch|p2a: Alomomola|Alomomola, M|74/100 brn
|move|p1a: Dragapult|Hex|p2a: Alomomola
|-damage|p2a: Alomomola|52/100 brn
|
|-damage|p2a: Alomomola|46/100 brn|[from] brn
|upkeep
|turn|13
|
|t:|1760865583
|switch|p2a: Iron Valiant|Iron Valiant|100/100
|move|p1a: Dragapult|Dragon Darts|p2a: Iron Valiant
|-immune|p2a: Iron Valiant
|
|upkeep
|turn|14
|
|t:|1760865588
|move|p1a: Dragapult|Will-O-Wisp|p2a: Iron Valiant
|-status|p2a: Iron Valiant|brn
|move|p2a: Iron Valiant|Spirit Break|p1a: Dragapult
|-supereffective|p1a: Dragapult
|-damage|p1a: Dragapult|1/100
|
|-damage|p2a: Iron Valiant|94/100 brn|[from] brn
|upkeep
|turn|15
|
|t:|1760865595
|-end|p2a: Iron Valiant|Quark Drive|[silent]
|switch|p2a: Zapdos|Zapdos|100/100
|move|p1a: Dragapult|Hex|p2a: Zapdos
|-damage|p2a: Zapdos|78/100
|
|upkeep
|turn|16
|
|t:|1760865598
|switch|p1a: Kingambit|Kingambit, F|100/100
|move|p2a: Zapdos|Volt Switch|p1a: Kingambit
|-damage|p1a: Kingambit|74/100
|
|t:|1760865600
|switch|p2a: Iron Valiant|Iron Valiant|94/100 brn|[from] Volt Switch
|
|-heal|p1a: Kingambit|80/100|[from] item: Leftovers
|-damage|p2a: Iron Valiant|88/100 brn|[from] brn
|upkeep
|turn|17
|
|t:|1760865604
|switch|p1a: Dondozo|Dondozo, F|100/100 slp
|move|p2a: Iron Valiant|Spirit Break|p1a: Dondozo
|-damage|p1a: Dondozo|88/100 slp
|-unboost|p1a: Dondozo|spa|1
|-damage|p2a: Iron Valiant|71/100 brn|[from] item: Rocky Helmet|[of] p1a: Dondozo
|
|-damage|p2a: Iron Valiant|65/100 brn|[from] brn
|upkeep
|turn|18
|
|t:|1760865607
|-end|p2a: Iron Valiant|Quark Drive|[silent]
|switch|p2a: Zapdos|Zapdos|78/100
|switch|p1a: Dragapult|Dragapult, M|1/100
|
|upkeep
|turn|19
|
|t:|1760865610
|switch|p1a: Great Tusk|Great Tusk|100/100
|move|p2a: Zapdos|Volt Switch|p1a: Great Tusk
|-immune|p1a: Great Tusk
|
|upkeep
|turn|20
|
|t:|1760865612
|-end|p1a: Great Tusk|Protosynthesis|[silent]
|switch|p1a: Kingambit|Kingambit, F|80/100
|move|p2a: Zapdos|Hurricane|p1a: Kingambit|[miss]
|-miss|p2a: Zapdos|p1a: Kingambit
|
|-heal|p1a: Kingambit|87/100|[from] item: Leftovers
|upkeep
|turn|21
|
|t:|1760865614
|move|p2a: Zapdos|Volt Switch|p1a: Kingambit
|-crit|p1a: Kingambit
|-damage|p1a: Kingambit|44/100
|
|t:|1760865616
|switch|p2a: Iron Valiant|Iron Valiant|65/100 brn|[from] Volt Switch
|move|p1a: Kingambit|Swords Dance|p1a: Kingambit
|-boost|p1a: Kingambit|atk|2
|
|-heal|p1a: Kingambit|50/100|[from] item: Leftovers
|-damage|p2a: Iron Valiant|59/100 brn|[from] brn
|upkeep
|turn|22
|
|t:|1760865620
|switch|p1a: Dondozo|Dondozo, F|88/100 slp
|move|p2a: Iron Valiant|Close Combat|p1a: Dondozo
|-damage|p1a: Dondozo|67/100 slp
|-unboost|p2a: Iron Valiant|def|1
|-unboost|p2a: Iron Valiant|spd|1
|-damage|p2a: Iron Valiant|42/100 brn|[from] item: Rocky Helmet|[of] p1a: Dondozo
|
|-damage|p2a: Iron Valiant|36/100 brn|[from] brn
|upkeep
|turn|23
|
|t:|1760865622
|move|p2a: Iron Valiant|Close Combat|p1a: Dondozo
|-damage|p1a: Dondozo|47/100 slp
|-unboost|p2a: Iron Valiant|def|1
|-unboost|p2a: Iron Valiant|spd|1
|-damage|p2a: Iron Valiant|20/100 brn|[from] item: Rocky Helmet|[of] p1a: Dondozo
|cant|p1a: Dondozo|slp
|move|p1a: Dondozo|Sleep Talk|p1a: Dondozo
|move|p1a: Dondozo|Waterfall|p2a: Iron Valiant|[from] move: Sleep Talk
|-damage|p2a: Iron Valiant|0 fnt
|faint|p2a: Iron Valiant
|-end|p2a: Iron Valiant|Quark Drive|[silent]
|
|upkeep
|
|t:|1760865625
|switch|p2a: Alomomola|Alomomola, M|79/100 brn
|turn|24
|
|t:|1760865629
|switch|p1a: Great Tusk|Great Tusk|100/100
|move|p2a: Alomomola|Flip Turn|p1a: Great Tusk
|-supereffective|p1a: Great Tusk
|-damage|p1a: Great Tusk|88/100
|
|t:|1760865631
|switch|p2a: Zapdos|Zapdos|78/100|[from] Flip Turn
|
|-heal|p1a: Great Tusk|94/100|[from] item: Leftovers
|upkeep
|turn|25
|
|t:|1760865633
|move|p1a: Great Tusk|Ice Spinner|p2a: Zapdos
|-supereffective|p2a: Zapdos
|-damage|p2a: Zapdos|35/100
|-damage|p1a: Great Tusk|77/100|[from] item: Rocky Helmet|[of] p2a: Zapdos
|-status|p1a: Great Tusk|par|[from] ability: Static|[of] p2a: Zapdos
|move|p2a: Zapdos|Volt Switch|p1a: Great Tusk
|-immune|p1a: Great Tusk
|
|-heal|p1a: Great Tusk|84/100 par|[from] item: Leftovers
|upkeep
|turn|26
|
|t:|1760865635
|move|p2a: Zapdos|Roost|p2a: Zapdos
|-heal|p2a: Zapdos|86/100
|-singleturn|p2a: Zapdos|move: Roost
|move|p1a: Great Tusk|Ice Spinner|p2a: Zapdos
|-crit|p2a: Zapdos
|-damage|p2a: Zapdos|56/100
|-damage|p1a: Great Tusk|67/100 par|[from] item: Rocky Helmet|[of] p2a: Zapdos
|
|-heal|p1a: Great Tusk|73/100 par|[from] item: Leftovers
|upkeep
|turn|27
|
|t:|1760865640
|move|p2a: Zapdos|Hurricane|p1a: Great Tusk
|-supereffective|p1a: Great Tusk
|-damage|p1a: Great Tusk|0 fnt
|faint|p1a: Great Tusk
|-end|p1a: Great Tusk|Protosynthesis|[silent]
|
|upkeep
|
|t:|1760865642
|switch|p1a: Dragapult|Dragapult, M|1/100
|turn|28
|
|t:|1760865645
|move|p1a: Dragapult|Dragon Darts|p2a: Zapdos
|-damage|p2a: Zapdos|37/100
|-anim|p1a: Dragapult|Dragon Darts|p2a: Zapdos
|-damage|p2a: Zapdos|19/100
|move|p2a: Zapdos|Roost|p2a: Zapdos
|-heal|p2a: Zapdos|69/100
|-singleturn|p2a: Zapdos|move: Roost
|
|upkeep
|turn|29
|
|t:|1760865647
|move|p1a: Dragapult|Will-O-Wisp|p2a: Zapdos
|-status|p2a: Zapdos|brn
|move|p2a: Zapdos|Volt Switch|p1a: Dragapult
|-resisted|p1a: Dragapult
|-damage|p1a: Dragapult|0 fnt
|faint|p1a: Dragapult
|
|t:|1760865651
|switch|p2a: Slowking|Slowking-Galar, F|100/100|[from] Volt Switch
|
|upkeep
|-message|spudcutter forfeited.
|
|win|151htyrneh
|raw|spudcutter's rating: 1760 &rarr; <strong>1736</strong><br />(-24 for losing)
|raw|151htyrneh's rating: 1688 &rarr; <strong>1712</strong><br />(+24 for winning)
|l|☆spudcutter
|player|p1|
|l|☆151htyrneh
|player|p2|
