|j|☆gentai_kiajo_g
|j|☆mightynoctowl
|t:|1760886422
|gametype|singles
|player|p1|gentai_kiajo_g|drayden|1200
|player|p2|mightynoctowl|102|1220
|gen|9
|tier|[Gen 9] OU
|rated|
|rule|HP Percentage Mod: HP is shown in percentages
|rule|Endless Battle Clause: Forcing endless battles is banned
|rule|Species Clause: Limit one of each Pokémon
|rule|OHKO Clause: OHKO moves are banned
|rule|Evasion Items Clause: Evasion items are banned
|rule|Evasion Moves Clause: Evasion moves are banned
|rule|Evasion Abilities Clause: Evasion abilities are banned
|rule|Sleep Moves Clause: Sleep-inducing moves are banned
|clearpoke
|poke|p1|Galvantula, F|
|poke|p1|Metagross|
|poke|p1|Gliscor, F|
|poke|p1|Ceruledge, F|
|poke|p1|Clefable, M|
|poke|p1|Great Tusk|
|poke|p2|Moltres|
|poke|p2|Chansey, F|
|poke|p2|Clefable, F|
|poke|p2|Sandslash, M|
|poke|p2|Vileplume, F|
|poke|p2|Jolteon, M|
|teampreview
|inactive|Battle timer is ON: inactive players will automatically lose when time's up. (requested by mightynoctowl)
|inactive|gentai_kiajo_g also wants the timer to be on.
|
|t:|1760886431
|teamsize|p1|6
|teamsize|p2|6
|start
|switch|p1a: Metagross|Metagross, shiny|100/100
|switch|p2a: Sandslash|Sandslash, M|100/100
|turn|1
|
|t:|1760886438
|switch|p2a: Moltres|Moltres|100/100
|move|p1a: Metagross|Agility|p1a: Metagross
|-boost|p1a: Metagross|spe|2
|
|upkeep
|turn|2
|inactive|gentai_kiajo_g has 120 seconds left.
|inactive|gentai_kiajo_g has 90 seconds left.
|
|t:|1760886527
|move|p1a: Metagross|Psychic Fangs|p2a: Moltres
|-damage|p2a: Moltres|65/100
|move|p2a: Moltres|Roar|p1a: Metagross
|drag|p1a: Clefable|Clefable, M|100/100
|
|upkeep
|turn|3
|
|t:|1760886544
|move|p2a: Moltres|U-turn|p1a: Clefable
|-resisted|p1a: Clefable
|-damage|p1a: Clefable|93/100
|
|t:|1760886548
|switch|p2a: Vileplume|Vileplume, F|100/100|[from] U-turn
|move|p1a: Clefable|Stealth Rock|p2a: Vileplume
|-sidestart|p2: mightynoctowl|move: Stealth Rock
|
|upkeep
|turn|4
|
|t:|1760886554
|move|p1a: Clefable|Thunder Wave|p2a: Vileplume
|-status|p2a: Vileplume|par
|cant|p2a: Vileplume|par
|
|upkeep
|turn|5
|
|t:|1760886563
|switch|p1a: Gliscor|Gliscor, F|100/100
|move|p2a: Vileplume|Leech Seed|p1a: Gliscor
|-start|p1a: Gliscor|move: Leech Seed
|
|-damage|p1a: Gliscor|88/100|[from] Leech Seed|[of] p2a: Vileplume
|-status|p1a: Gliscor|tox|[from] item: Toxic Orb
|upkeep
|turn|6
|
|t:|1760886573
|move|p1a: Gliscor|Earthquake|p2a: Vileplume
|-damage|p2a: Vileplume|76/100 par
|move|p2a: Vileplume|Giga Drain|p1a: Gliscor
|-damage|p1a: Gliscor|51/100 tox
|-heal|p2a: Vileplume|95/100 par|[from] drain|[of] p1a: Gliscor
|
|-heal|p2a: Vileplume|100/100 par|[from] item: Leftovers
|-damage|p1a: Gliscor|38/100 tox|[from] Leech Seed|[of] p2a: Vileplume
|-heal|p1a: Gliscor|51/100 tox|[from] ability: Poison Heal
|upkeep
|turn|7
|inactive|gentai_kiajo_g has 90 seconds left.
|
|t:|1760886586
|switch|p1a: Clefable|Clefable, M|93/100
|move|p2a: Vileplume|Giga Drain|p1a: Clefable
|-damage|p1a: Clefable|72/100
|
|upkeep
|turn|8
|
|t:|1760886592
|move|p1a: Clefable|Moonblast|p2a: Vileplume
|-resisted|p2a: Vileplume
|-damage|p2a: Vileplume|84/100 par
|move|p2a: Vileplume|Leech Seed|p1a: Clefable
|-start|p1a: Clefable|move: Leech Seed
|
|-heal|p2a: Vileplume|90/100 par|[from] item: Leftovers
|-damage|p1a: Clefable|60/100|[from] Leech Seed|[of] p2a: Vileplume
|-heal|p2a: Vileplume|100/100 par|[silent]
|upkeep
|turn|9
|
|t:|1760886614
|move|p1a: Clefable|Moonlight|p1a: Clefable
|-heal|p1a: Clefable|100/100
|cant|p2a: Vileplume|par
|
|-damage|p1a: Clefable|88/100|[from] Leech Seed|[of] p2a: Vileplume
|upkeep
|turn|10
|
|t:|1760886626
|switch|p1a: Ceruledge|Ceruledge, F, shiny|100/100
|move|p2a: Vileplume|Sludge Bomb|p1a: Ceruledge
|-resisted|p1a: Ceruledge
|-damage|p1a: Ceruledge|80/100
|
|upkeep
|turn|11
|
|t:|1760886638
|switch|p2a: Sandslash|Sandslash, M|100/100
|-damage|p2a: Sandslash|94/100|[from] Stealth Rock
|move|p1a: Ceruledge|Swords Dance|p1a: Ceruledge
|-boost|p1a: Ceruledge|atk|2
|
|-heal|p2a: Sandslash|100/100|[from] item: Leftovers
|upkeep
|turn|12
|
|t:|1760886650
|-terastallize|p1a: Ceruledge|Ghost
|move|p1a: Ceruledge|Poltergeist|p2a: Sandslash
|-activate|p2a: Sandslash|move: Poltergeist|Leftovers
|-damage|p2a: Sandslash|4/100
|move|p2a: Sandslash|Earthquake|p1a: Ceruledge
|-damage|p1a: Ceruledge|33/100
|-ability|p1a: Ceruledge|Weak Armor|boost
|-unboost|p1a: Ceruledge|def|1
|-boost|p1a: Ceruledge|spe|2
|
|-heal|p2a: Sandslash|10/100|[from] item: Leftovers
|upkeep
|turn|13
|
|t:|1760886662
|move|p1a: Ceruledge|Shadow Sneak|p2a: Sandslash
|-damage|p2a: Sandslash|0 fnt
|faint|p2a: Sandslash
|
|upkeep
|
|t:|1760886670
|switch|p2a: Clefable|Clefable, F|100/100
|-damage|p2a: Clefable|88/100|[from] Stealth Rock
|turn|14
|
|t:|1760886674
|move|p1a: Ceruledge|Bitter Blade|p2a: Clefable
|-damage|p2a: Clefable|56/100
|-heal|p1a: Ceruledge|55/100|[from] drain|[of] p2a: Clefable
|move|p2a: Clefable|Alluring Voice|p1a: Ceruledge
|-damage|p1a: Ceruledge|27/100
|
|-heal|p2a: Clefable|62/100|[from] item: Leftovers
|upkeep
|turn|15
|
|t:|1760886684
|move|p1a: Ceruledge|Poltergeist|p2a: Clefable
|-activate|p2a: Clefable|move: Poltergeist|Leftovers
|-damage|p2a: Clefable|7/100
|move|p2a: Clefable|Alluring Voice|p1a: Ceruledge
|-damage|p1a: Ceruledge|0 fnt
|faint|p1a: Ceruledge
|
|-heal|p2a: Clefable|13/100|[from] item: Leftovers
|upkeep
|
|t:|1760886696
|switch|p1a: Galvantula|Galvantula, F, shiny|100/100
|turn|16
|
|t:|1760886705
|move|p1a: Galvantula|Bug Buzz|p2a: Clefable
|-resisted|p2a: Clefable
|-damage|p2a: Clefable|0 fnt
|faint|p2a: Clefable
|
|upkeep
|
|t:|1760886711
|switch|p2a: Jolteon|Jolteon, M|100/100
|-damage|p2a: Jolteon|88/100|[from] Stealth Rock
|turn|17
|
|t:|1760886715
|switch|p1a: Clefable|Clefable, M|88/100
|move|p2a: Jolteon|Calm Mind|p2a: Jolteon
|-boost|p2a: Jolteon|spa|1
|-boost|p2a: Jolteon|spd|1
|
|-heal|p2a: Jolteon|94/100|[from] item: Leftovers
|upkeep
|turn|18
|
|t:|1760886721
|move|p2a: Jolteon|Volt Switch|p1a: Clefable
|-damage|p1a: Clefable|64/100
|
|t:|1760886727
|switch|p2a: Vileplume|Vileplume, F|100/100 par|[from] Volt Switch
|-damage|p2a: Vileplume|88/100 par|[from] Stealth Rock
|move|p1a: Clefable|Moonblast|p2a: Vileplume
|-resisted|p2a: Vileplume
|-damage|p2a: Vileplume|72/100 par
|
|-heal|p2a: Vileplume|78/100 par|[from] item: Leftovers
|upkeep
|turn|19
|
|t:|1760886736
|switch|p1a: Great Tusk|Great Tusk|100/100
|move|p2a: Vileplume|Leech Seed|p1a: Great Tusk
|-start|p1a: Great Tusk|move: Leech Seed
|
|-heal|p2a: Vileplume|84/100 par|[from] item: Leftovers
|-damage|p1a: Great Tusk|88/100|[from] Leech Seed|[of] p2a: Vileplume
|-heal|p2a: Vileplume|97/100 par|[silent]
|upkeep
|turn|20
|l|☆mightynoctowl
|inactive|mightynoctowl disconnected and has a minute to reconnect!
|player|p2|
|inactive|mightynoctowl has 30 seconds to reconnect!
|inactive|mightynoctowl has 20 seconds to reconnect!
|c|☆gentai_kiajo_g|Hey you ain't winning this
|inactive|mightynoctowl has 15 seconds to reconnect!
|c|☆gentai_kiajo_g|So click fast
|inactive|mightynoctowl has 10 seconds to reconnect!
|inactive|mightynoctowl has 5 seconds to reconnect!
|-message|mightynoctowl lost due to inactivity.
|
|win|gentai_kiajo_g
|raw|gentai_kiajo_g's rating: 1200 &rarr; <strong>1226</strong><br />(+26 for winning)
|raw|mightynoctowl's rating: 1220 &rarr; <strong>1194</strong><br />(-26 for losing)
|l|☆gentai_kiajo_g
|player|p1|
