|j|☆KV959vv
|j|☆nmx123
|t:|1760763827
|gametype|singles
|player|p1|KV959vv|wallace|1568
|player|p2|nmx123|266|1656
|gen|9
|tier|[Gen 9] OU
|rated|
|rule|HP Percentage Mod: HP is shown in percentages
|rule|Endless Battle Clause: Forcing endless battles is banned
|rule|Species Clause: Limit one of each Pokémon
|rule|OHKO Clause: OHKO moves are banned
|rule|Evasion Items Clause: Evasion items are banned
|rule|Evasion Moves Clause: Evasion moves are banned
|rule|Evasion Abilities Clause: Evasion abilities are banned
|rule|Sleep Moves Clause: Sleep-inducing moves are banned
|clearpoke
|poke|p1|Serperior, F|
|poke|p1|Samurott-Hisui, M|
|poke|p1|Iron Treads|
|poke|p1|Gholdengo|
|poke|p1|Moltres|
|poke|p1|Salamence, M|
|poke|p2|Dragonite, F|
|poke|p2|Zamazenta-*|
|poke|p2|Gholdengo|
|poke|p2|Raging Bolt|
|poke|p2|Great Tusk|
|poke|p2|Alomomola, M|
|teampreview
|inactive|Battle timer is ON: inactive players will automatically lose when time's up. (requested by nmx123)
|
|t:|1760763843
|teamsize|p1|6
|teamsize|p2|6
|start
|switch|p1a: Samurott|Samurott-Hisui, M, shiny|100/100
|switch|p2a: Raging Bolt|Raging Bolt|100/100
|turn|1
|
|t:|1760763851
|switch|p1a: Iron Treads|Iron Treads|100/100
|-item|p1a: Iron Treads|Air Balloon
|move|p2a: Raging Bolt|Draco Meteor|p1a: Iron Treads
|-resisted|p1a: Iron Treads
|-damage|p1a: Iron Treads|29/100
|-unboost|p2a: Raging Bolt|spa|2
|-enditem|p1a: Iron Treads|Air Balloon
|-damage|p2a: Raging Bolt|91/100|[from] item: Life Orb
|
|upkeep
|turn|2
|
|t:|1760763862
|-end|p2a: Raging Bolt|Protosynthesis|[silent]
|switch|p2a: Great Tusk|Great Tusk|100/100
|move|p1a: Iron Treads|Stealth Rock|p2a: Great Tusk
|-sidestart|p2: nmx123|move: Stealth Rock
|
|upkeep
|turn|3
|
|t:|1760763867
|-end|p1a: Iron Treads|Quark Drive|[silent]
|switch|p1a: Moltres|Moltres, shiny|100/100
|move|p2a: Great Tusk|Stealth Rock|p1a: Moltres
|-sidestart|p1: KV959vv|move: Stealth Rock
|
|upkeep
|turn|4
|
|t:|1760763874
|move|p1a: Moltres|Will-O-Wisp|p2a: Great Tusk
|-status|p2a: Great Tusk|brn
|move|p2a: Great Tusk|Knock Off|p1a: Moltres
|-damage|p1a: Moltres|87/100
|-enditem|p1a: Moltres|Heavy-Duty Boots|[from] move: Knock Off|[of] p2a: Great Tusk
|
|-damage|p2a: Great Tusk|94/100 brn|[from] brn
|upkeep
|turn|5
|
|t:|1760763880
|move|p1a: Moltres|Hurricane|p2a: Great Tusk
|-supereffective|p2a: Great Tusk
|-damage|p2a: Great Tusk|2/100 brn
|move|p2a: Great Tusk|Rapid Spin|p1a: Moltres
|-damage|p1a: Moltres|81/100
|-boost|p2a: Great Tusk|spe|1
|-sideend|p2: nmx123|Stealth Rock|[from] move: Rapid Spin|[of] p2a: Great Tusk
|
|-damage|p2a: Great Tusk|0 fnt|[from] brn
|faint|p2a: Great Tusk
|-end|p2a: Great Tusk|Protosynthesis|[silent]
|upkeep
|
|t:|1760763886
|switch|p2a: Raging Bolt|Raging Bolt|91/100
|turn|6
|
|t:|1760763890
|switch|p1a: Iron Treads|Iron Treads|29/100
|-damage|p1a: Iron Treads|25/100|[from] Stealth Rock
|move|p2a: Raging Bolt|Draco Meteor|p1a: Iron Treads
|-resisted|p1a: Iron Treads
|-damage|p1a: Iron Treads|0 fnt
|-unboost|p2a: Raging Bolt|spa|2
|faint|p1a: Iron Treads
|-end|p1a: Iron Treads|Quark Drive|[silent]
|-damage|p2a: Raging Bolt|81/100|[from] item: Life Orb
|
|upkeep
|
|t:|1760763898
|switch|p1a: Salamence|Salamence, M|100/100
|turn|7
|
|t:|1760763907
|-end|p2a: Raging Bolt|Protosynthesis|[silent]
|switch|p2a: Alomomola|Alomomola, M|100/100
|move|p1a: Salamence|Dragon Dance|p1a: Salamence
|-boost|p1a: Salamence|atk|1
|-boost|p1a: Salamence|spe|1
|
|upkeep
|turn|8
|
|t:|1760763915
|move|p1a: Salamence|Dragon Dance|p1a: Salamence
|-boost|p1a: Salamence|atk|1
|-boost|p1a: Salamence|spe|1
|move|p2a: Alomomola|Flip Turn|p1a: Salamence
|-resisted|p1a: Salamence
|-damage|p1a: Salamence|91/100
|
|t:|1760763916
|switch|p2a: Dragonite|Dragonite, F|100/100|[from] Flip Turn
|
|upkeep
|turn|9
|
|t:|1760763924
|-terastallize|p2a: Dragonite|Normal
|move|p2a: Dragonite|Extreme Speed|p1a: Salamence
|-damage|p1a: Salamence|0 fnt
|faint|p1a: Salamence
|
|upkeep
|
|t:|1760763929
|switch|p1a: Moltres|Moltres, shiny|81/100
|-damage|p1a: Moltres|31/100|[from] Stealth Rock
|turn|10
|
|t:|1760763934
|move|p2a: Dragonite|Extreme Speed|p1a: Moltres
|-damage|p1a: Moltres|0 fnt
|faint|p1a: Moltres
|
|upkeep
|
|t:|1760763941
|switch|p1a: Gholdengo|Gholdengo, shiny|100/100
|-damage|p1a: Gholdengo|94/100|[from] Stealth Rock
|-item|p1a: Gholdengo|Air Balloon
|turn|11
|
|t:|1760763949
|switch|p2a: Alomomola|Alomomola, M|100/100
|move|p1a: Gholdengo|Thunder Wave|p2a: Alomomola
|-status|p2a: Alomomola|par
|
|upkeep
|turn|12
|
|t:|1760763953
|move|p1a: Gholdengo|Hex|p2a: Alomomola
|-damage|p2a: Alomomola|62/100 par
|move|p2a: Alomomola|Mirror Coat|p1a: Gholdengo
|-damage|p1a: Gholdengo|0 fnt
|-enditem|p1a: Gholdengo|Air Balloon
|faint|p1a: Gholdengo
|
|upkeep
|
|t:|1760763959
|switch|p1a: Serperior|Serperior, F, shiny|100/100
|-damage|p1a: Serperior|88/100|[from] Stealth Rock
|turn|13
|
|t:|1760763964
|switch|p2a: Dragonite|Dragonite, F, tera:Normal|100/100
|move|p1a: Serperior|Substitute|p1a: Serperior
|-start|p1a: Serperior|Substitute
|-damage|p1a: Serperior|63/100
|
|-heal|p1a: Serperior|69/100|[from] item: Leftovers
|upkeep
|turn|14
|
|t:|1760763970
|-terastallize|p1a: Serperior|Ghost
|move|p2a: Dragonite|Extreme Speed|p1a: Serperior
|-immune|p1a: Serperior
|move|p1a: Serperior|Glare|p2a: Dragonite
|-status|p2a: Dragonite|par
|
|-heal|p1a: Serperior|76/100|[from] item: Leftovers
|upkeep
|turn|15
|
|t:|1760763981
|switch|p2a: Gholdengo|Gholdengo|100/100
|move|p1a: Serperior|Glare|p2a: Gholdengo
|-immune|p2a: Gholdengo|[from] ability: Good as Gold
|
|-heal|p1a: Serperior|82/100|[from] item: Leftovers
|upkeep
|turn|16
|
|t:|1760763990
|move|p2a: Gholdengo|Shadow Ball|p1a: Serperior
|-supereffective|p1a: Serperior
|-end|p1a: Serperior|Substitute
|move|p1a: Serperior|Leech Seed|p2a: Gholdengo
|-immune|p2a: Gholdengo|[from] ability: Good as Gold
|
|-heal|p1a: Serperior|88/100|[from] item: Leftovers
|upkeep
|turn|17
|
|t:|1760763996
|switch|p1a: Samurott|Samurott-Hisui, M, shiny|100/100
|move|p2a: Gholdengo|Shadow Ball|p1a: Samurott
|-resisted|p1a: Samurott
|-damage|p1a: Samurott|75/100
|
|upkeep
|turn|18
|
|t:|1760764002
|switch|p2a: Raging Bolt|Raging Bolt|81/100
|move|p1a: Samurott|Ceaseless Edge|p2a: Raging Bolt
|-damage|p2a: Raging Bolt|38/100
|-sidestart|p2: nmx123|Spikes
|
|upkeep
|turn|19
|
|t:|1760764012
|move|p2a: Raging Bolt|Thunderclap|p1a: Samurott
|-supereffective|p1a: Samurott
|-damage|p1a: Samurott|0 fnt
|faint|p1a: Samurott
|-damage|p2a: Raging Bolt|28/100|[from] item: Life Orb
|
|upkeep
|
|t:|1760764014
|switch|p1a: Serperior|Serperior, F, shiny, tera:Ghost|88/100
|-damage|p1a: Serperior|76/100|[from] Stealth Rock
|turn|20
|
|t:|1760764021
|move|p1a: Serperior|Leaf Storm|p2a: Raging Bolt
|-resisted|p2a: Raging Bolt
|-crit|p2a: Raging Bolt
|-damage|p2a: Raging Bolt|5/100
|-boost|p1a: Serperior|spa|2
|move|p2a: Raging Bolt|Thunderbolt|p1a: Serperior
|-damage|p1a: Serperior|1/100
|-damage|p2a: Raging Bolt|0 fnt|[from] item: Life Orb
|faint|p2a: Raging Bolt
|-end|p2a: Raging Bolt|Protosynthesis|[silent]
|
|-heal|p1a: Serperior|8/100|[from] item: Leftovers
|upkeep
|
|t:|1760764030
|switch|p2a: Gholdengo|Gholdengo|100/100
|-damage|p2a: Gholdengo|88/100|[from] Spikes
|turn|21
|
|t:|1760764037
|move|p2a: Gholdengo|Shadow Ball|p1a: Serperior
|-supereffective|p1a: Serperior
|-damage|p1a: Serperior|0 fnt
|faint|p1a: Serperior
|
|win|nmx123
|raw|KV959vv's rating: 1568 &rarr; <strong>1553</strong><br />(-15 for losing)
|raw|nmx123's rating: 1656 &rarr; <strong>1671</strong><br />(+15 for winning)
|l|☆KV959vv
|player|p1|
|l|☆nmx123
|player|p2|
