|j|☆p0lntless
|j|☆oficial matute
|t:|1760851992
|gametype|singles
|player|p1|p0lntless|101|1130
|player|p2|oficial matute|policeman|1192
|gen|9
|tier|[Gen 9] OU
|rated|
|rule|HP Percentage Mod: HP is shown in percentages
|rule|Endless Battle Clause: Forcing endless battles is banned
|rule|Species Clause: Limit one of each Pokémon
|rule|OHKO Clause: OHKO moves are banned
|rule|Evasion Items Clause: Evasion items are banned
|rule|Evasion Moves Clause: Evasion moves are banned
|rule|Evasion Abilities Clause: Evasion abilities are banned
|rule|Sleep Moves Clause: Sleep-inducing moves are banned
|clearpoke
|poke|p1|Scizor, F|
|poke|p1|Mandibuzz, F|
|poke|p1|Goodra-Hisui, F|
|poke|p1|Regidrago|
|poke|p1|Arcanine-Hisui, F|
|poke|p1|Scrafty, M|
|poke|p2|Noivern, M|
|poke|p2|Tropius, M|
|poke|p2|Garchomp, F|
|poke|p2|Hydrapple, F|
|poke|p2|Torterra, M|
|poke|p2|Landorus-Therian, M|
|teampreview
|inactive|Battle timer is ON: inactive players will automatically lose when time's up. (requested by p0lntless)
|
|t:|1760851999
|teamsize|p1|6
|teamsize|p2|6
|start
|switch|p1a: Scrafty|Scrafty, M|100/100
|switch|p2a: 👁👅👁|Noivern, M|100/100
|-item|p1a: Scrafty|Assault Vest|[from] ability: Frisk|[of] p2a: 👁👅👁
|-ability|p1a: Scrafty|Intimidate|boost
|-unboost|p2a: 👁👅👁|atk|1
|turn|1
|
|t:|1760852011
|move|p1a: Scrafty|Fake Out|p2a: 👁👅👁
|-damage|p2a: 👁👅👁|83/100
|cant|p2a: 👁👅👁|flinch
|
|upkeep
|turn|2
|
|t:|1760852017
|switch|p1a: Goodra|Goodra-Hisui, F|100/100
|move|p2a: 👁👅👁|Switcheroo|p1a: Goodra
|-activate|p2a: 👁👅👁|move: Trick|[of] p1a: Goodra
|-item|p1a: Goodra|Choice Scarf|[from] move: Switcheroo
|-item|p2a: 👁👅👁|Assault Vest|[from] move: Switcheroo
|
|upkeep
|turn|3
|
|t:|1760852027
|move|p2a: 👁👅👁|Air Slash|p1a: Goodra
|-resisted|p1a: Goodra
|-damage|p1a: Goodra|90/100
|move|p1a: Goodra|Draco Meteor|p2a: 👁👅👁
|-supereffective|p2a: 👁👅👁
|-damage|p2a: 👁👅👁|0 fnt
|-unboost|p1a: Goodra|spa|2
|faint|p2a: 👁👅👁
|
|upkeep
|
|t:|1760852036
|switch|p2a: 👁🐽👁|Tropius, M, shiny|100/100
|turn|4
|
|t:|1760852041
|switch|p1a: Scizor|Scizor, F|100/100
|move|p2a: 👁🐽👁|Leech Seed|p1a: Scizor
|-start|p1a: Scizor|move: Leech Seed
|
|-damage|p1a: Scizor|88/100|[from] Leech Seed|[of] p2a: 👁🐽👁
|upkeep
|turn|5
|
|t:|1760852055
|switch|p1a: Arcanine|Arcanine-Hisui, F|100/100
|move|p2a: 👁🐽👁|Protect||[still]
|-fail|p2a: 👁🐽👁
|
|upkeep
|turn|6
|
|t:|1760852062
|move|p2a: 👁🐽👁|Protect|p2a: 👁🐽👁
|-singleturn|p2a: 👁🐽👁|Protect
|move|p1a: Arcanine|Head Smash|p2a: 👁🐽👁
|-activate|p2a: 👁🐽👁|move: Protect
|
|upkeep
|turn|7
|
|t:|1760852070
|switch|p2a: 👁👃👁|Landorus-Therian, M|100/100
|-ability|p2a: 👁👃👁|Intimidate|boost
|-unboost|p1a: Arcanine|atk|1
|move|p1a: Arcanine|Flare Blitz|p2a: 👁👃👁
|-damage|p2a: 👁👃👁|73/100
|-damage|p1a: Arcanine|84/100|[from] item: Rocky Helmet|[of] p2a: 👁👃👁
|
|upkeep
|turn|8
|
|t:|1760852080
|switch|p1a: Mandibuzz|Mandibuzz, F|100/100
|move|p2a: 👁👃👁|Smack Down|p1a: Mandibuzz
|-supereffective|p1a: Mandibuzz
|-damage|p1a: Mandibuzz|84/100
|-start|p1a: Mandibuzz|Smack Down
|
|upkeep
|turn|9
|
|t:|1760852087
|move|p2a: 👁👃👁|Scorching Sands|p1a: Mandibuzz
|-crit|p1a: Mandibuzz
|-damage|p1a: Mandibuzz|50/100
|move|p1a: Mandibuzz|Foul Play|p2a: 👁👃👁
|-damage|p2a: 👁👃👁|44/100
|-damage|p1a: Mandibuzz|34/100|[from] item: Rocky Helmet|[of] p2a: 👁👃👁
|
|upkeep
|turn|10
|
|t:|1760852095
|move|p2a: 👁👃👁|Scorching Sands|p1a: Mandibuzz
|-damage|p1a: Mandibuzz|13/100
|-status|p1a: Mandibuzz|brn
|move|p1a: Mandibuzz|Roost|p1a: Mandibuzz
|-heal|p1a: Mandibuzz|63/100 brn
|-singleturn|p1a: Mandibuzz|move: Roost
|
|-damage|p1a: Mandibuzz|57/100 brn|[from] brn
|upkeep
|turn|11
|
|t:|1760852106
|move|p2a: 👁👃👁|Stealth Rock|p1a: Mandibuzz
|-sidestart|p1: p0lntless|move: Stealth Rock
|move|p1a: Mandibuzz|Roost|p1a: Mandibuzz
|-heal|p1a: Mandibuzz|100/100 brn
|-singleturn|p1a: Mandibuzz|move: Roost
|
|-damage|p1a: Mandibuzz|94/100 brn|[from] brn
|upkeep
|turn|12
|
|t:|1760852115
|move|p2a: 👁👃👁|Scorching Sands|p1a: Mandibuzz
|-damage|p1a: Mandibuzz|75/100 brn
|move|p1a: Mandibuzz|Defog|p2a: 👁👃👁
|-unboost|p2a: 👁👃👁|evasion|1
|-sideend|p1: p0lntless|Stealth Rock|[from] move: Defog|[of] p1a: Mandibuzz
|
|-damage|p1a: Mandibuzz|69/100 brn|[from] brn
|upkeep
|turn|13
|
|t:|1760852124
|move|p2a: 👁👃👁|Stealth Rock|p1a: Mandibuzz
|-sidestart|p1: p0lntless|move: Stealth Rock
|move|p1a: Mandibuzz|U-turn|p2a: 👁👃👁
|-resisted|p2a: 👁👃👁
|-damage|p2a: 👁👃👁|42/100
|-damage|p1a: Mandibuzz|52/100 brn|[from] item: Rocky Helmet|[of] p2a: 👁👃👁
|
|t:|1760852132
|switch|p1a: Scizor|Scizor, F|88/100|[from] U-turn
|-damage|p1a: Scizor|76/100|[from] Stealth Rock
|
|upkeep
|turn|14
|
|t:|1760852141
|move|p2a: 👁👃👁|Smack Down|p1a: Scizor
|-damage|p1a: Scizor|62/100
|move|p1a: Scizor|Knock Off|p2a: 👁👃👁
|-damage|p2a: 👁👃👁|16/100
|-damage|p1a: Scizor|46/100|[from] item: Rocky Helmet|[of] p2a: 👁👃👁
|-enditem|p2a: 👁👃👁|Rocky Helmet|[from] move: Knock Off|[of] p1a: Scizor
|
|upkeep
|turn|15
|
|t:|1760852155
|move|p1a: Scizor|Bullet Punch|p2a: 👁👃👁
|-damage|p2a: 👁👃👁|0 fnt
|faint|p2a: 👁👃👁
|
|upkeep
|
|t:|1760852164
|switch|p2a: 👁🫦👁|Garchomp, F|100/100
|turn|16
|
|t:|1760852170
|move|p2a: 👁🫦👁|Swords Dance|p2a: 👁🫦👁
|-boost|p2a: 👁🫦👁|atk|2
|move|p1a: Scizor|Defog|p2a: 👁🫦👁
|-unboost|p2a: 👁🫦👁|evasion|1
|-sideend|p1: p0lntless|Stealth Rock|[from] move: Defog|[of] p1a: Scizor
|
|upkeep
|turn|17
|
|t:|1760852179
|move|p2a: 👁🫦👁|Liquidation|p1a: Scizor
|-crit|p1a: Scizor
|-damage|p1a: Scizor|0 fnt
|faint|p1a: Scizor
|
|upkeep
|
|t:|1760852184
|switch|p1a: Regidrago|Regidrago|100/100
|turn|18
|
|t:|1760852189
|move|p1a: Regidrago|Dragon Energy|p2a: 👁🫦👁
|-supereffective|p2a: 👁🫦👁
|-damage|p2a: 👁🫦👁|0 fnt
|faint|p2a: 👁🫦👁
|
|upkeep
|
|t:|1760852195
|switch|p2a: 👁💋👁|Torterra, M|100/100
|turn|19
|
|t:|1760852202
|move|p1a: Regidrago|Dragon Energy|p2a: 👁💋👁
|-enditem|p2a: 👁💋👁|Focus Sash
|-damage|p2a: 👁💋👁|1/100
|move|p2a: 👁💋👁|Headlong Rush|p1a: Regidrago
|-damage|p1a: Regidrago|29/100
|-unboost|p2a: 👁💋👁|def|1
|-unboost|p2a: 👁💋👁|spd|1
|
|upkeep
|turn|20
|
|t:|1760852212
|move|p1a: Regidrago|Dragon Energy|p2a: 👁💋👁
|-damage|p2a: 👁💋👁|0 fnt
|faint|p2a: 👁💋👁
|
|upkeep
|
|t:|1760852217
|switch|p2a: 👁🐽👁|Tropius, M, shiny|100/100
|turn|21
|
|t:|1760852221
|switch|p1a: Goodra|Goodra-Hisui, F|90/100
|move|p2a: 👁🐽👁|Leech Seed|p1a: Goodra
|-ability|p1a: Goodra|Sap Sipper|boost
|-boost|p1a: Goodra|atk|1
|
|upkeep
|turn|22
|
|t:|1760852249
|-terastallize|p2a: 👁🐽👁|Ghost
|move|p1a: Goodra|Draco Meteor|p2a: 👁🐽👁
|-damage|p2a: 👁🐽👁|56/100
|-unboost|p1a: Goodra|spa|2
|move|p2a: 👁🐽👁|Curse|p1a: Goodra
|-start|p1a: Goodra|Curse|[of] p2a: 👁🐽👁
|-damage|p2a: 👁🐽👁|6/100
|-enditem|p2a: 👁🐽👁|Sitrus Berry|[eat]
|-heal|p2a: 👁🐽👁|31/100|[from] item: Sitrus Berry
|
|-damage|p1a: Goodra|65/100|[from] Curse
|-item|p2a: 👁🐽👁|Sitrus Berry|[from] ability: Harvest
|upkeep
|-enditem|p2a: 👁🐽👁|Sitrus Berry|[eat]
|-heal|p2a: 👁🐽👁|56/100|[from] item: Sitrus Berry
|turn|23
|
|t:|1760852270
|switch|p1a: Scrafty|Scrafty, M|100/100
|-ability|p1a: Scrafty|Intimidate|boost
|-unboost|p2a: 👁🐽👁|atk|1
|move|p2a: 👁🐽👁|Substitute|p2a: 👁🐽👁
|-start|p2a: 👁🐽👁|Substitute
|-damage|p2a: 👁🐽👁|31/100
|
|-item|p2a: 👁🐽👁|Sitrus Berry|[from] ability: Harvest
|upkeep
|-enditem|p2a: 👁🐽👁|Sitrus Berry|[eat]
|-heal|p2a: 👁🐽👁|56/100|[from] item: Sitrus Berry
|turn|24
|
|t:|1760852282
|move|p1a: Scrafty|Knock Off|p2a: 👁🐽👁
|-supereffective|p2a: 👁🐽👁
|-end|p2a: 👁🐽👁|Substitute
|move|p2a: 👁🐽👁|Leech Seed|p1a: Scrafty
|-start|p1a: Scrafty|move: Leech Seed
|
|-damage|p1a: Scrafty|88/100|[from] Leech Seed|[of] p2a: 👁🐽👁
|-heal|p2a: 👁🐽👁|66/100|[silent]
|-item|p2a: 👁🐽👁|Sitrus Berry|[from] ability: Harvest
|upkeep
|turn|25
|-message|oficial matute forfeited.
|
|win|p0lntless
|raw|p0lntless's rating: 1130 &rarr; <strong>1159</strong><br />(+29 for winning)
|raw|oficial matute's rating: 1192 &rarr; <strong>1163</strong><br />(-29 for losing)
|l|☆oficial matute
|player|p2|
|l|☆p0lntless
|player|p1|
