|badge|p2|bronze|gen9ou|100-7
|uhtml|medal-msg|<div class="broadcast-blue">Curious what those medals under the avatar are? PS now has Ladder Seasons! For more information, check out the <a href="https://www.smogon.com/forums/threads/3740067/">thread on Smogon.</a></div>
|j|☆healorant
|j|☆MooFarmer
|t:|1760726727
|gametype|singles
|player|p1|healorant|alder|1815
|player|p2|MooFarmer|1|1864
|gen|9
|tier|[Gen 9] OU
|rated|
|rule|HP Percentage Mod: HP is shown in percentages
|rule|Endless Battle Clause: Forcing endless battles is banned
|rule|Species Clause: Limit one of each Pokémon
|rule|OHKO Clause: OHKO moves are banned
|rule|Evasion Items Clause: Evasion items are banned
|rule|Evasion Moves Clause: Evasion moves are banned
|rule|Evasion Abilities Clause: Evasion abilities are banned
|rule|Sleep Moves Clause: Sleep-inducing moves are banned
|clearpoke
|poke|p1|Rillaboom, M|
|poke|p1|Hatterene, F|
|poke|p1|Tornadus-Therian, M|
|poke|p1|Kyurem|
|poke|p1|Garchomp, M|
|poke|p1|Darkrai|
|poke|p2|Kyurem|
|poke|p2|Corviknight, F|
|poke|p2|Ting-Lu|
|poke|p2|Dondozo, F|
|poke|p2|Slowking-Galar, L99, F|
|poke|p2|Cinderace, F|
|teampreview
|inactive|Battle timer is ON: inactive players will automatically lose when time's up. (requested by healorant)
|inactive|MooFarmer has 120 seconds left.
|
|t:|1760726774
|teamsize|p1|6
|teamsize|p2|6
|start
|switch|p1a: Tornadus|Tornadus-Therian, M|100/100
|switch|p2a: Slowking|Slowking-Galar, L99, F|100/100
|turn|1
|inactive|MooFarmer also wants the timer to be on.
|inactive|MooFarmer has 120 seconds left.
|
|t:|1760726820
|move|p1a: Tornadus|Knock Off|p2a: Slowking
|-supereffective|p2a: Slowking
|-damage|p2a: Slowking|59/100
|-enditem|p2a: Slowking|Heavy-Duty Boots|[from] move: Knock Off|[of] p1a: Tornadus
|move|p2a: Slowking|Toxic|p1a: Tornadus
|-status|p1a: Tornadus|tox
|
|-damage|p1a: Tornadus|94/100 tox|[from] psn
|upkeep
|turn|2
|inactive|MooFarmer has 90 seconds left.
|
|t:|1760726866
|move|p1a: Tornadus|Knock Off|p2a: Slowking
|-supereffective|p2a: Slowking
|-damage|p2a: Slowking|30/100
|move|p2a: Slowking|Sludge Bomb|p1a: Tornadus
|-damage|p1a: Tornadus|72/100 tox
|
|-damage|p1a: Tornadus|60/100 tox|[from] psn
|upkeep
|turn|3
|inactive|MooFarmer has 60 seconds left.
|
|t:|1760726912
|move|p1a: Tornadus|Knock Off|p2a: Slowking
|-supereffective|p2a: Slowking
|-damage|p2a: Slowking|0 fnt
|faint|p2a: Slowking
|
|-damage|p1a: Tornadus|41/100 tox|[from] psn
|upkeep
|
|t:|1760726921
|switch|p2a: Kyurem|Kyurem|100/100
|-ability|p2a: Kyurem|Pressure
|turn|4
|
|t:|1760726929
|move|p1a: Tornadus|U-turn|p2a: Kyurem
|-damage|p2a: Kyurem|87/100
|
|t:|1760726931
|switch|p1a: Kyurem|Kyurem|100/100|[from] U-turn
|-ability|p1a: Kyurem|Pressure
|move|p2a: Kyurem|Freeze-Dry|p1a: Kyurem
|-damage|p1a: Kyurem|78/100
|
|-heal|p2a: Kyurem|94/100|[from] item: Leftovers
|upkeep
|turn|5
|
|t:|1760726940
|move|p2a: Kyurem|Protect|p2a: Kyurem
|-singleturn|p2a: Kyurem|Protect
|move|p1a: Kyurem|Flash Cannon|p2a: Kyurem
|-activate|p2a: Kyurem|move: Protect
|
|-heal|p2a: Kyurem|99/100|[from] item: Leftovers
|upkeep
|turn|6
|
|t:|1760726948
|switch|p2a: Ting-Lu|Ting-Lu|100/100
|-ability|p2a: Ting-Lu|Vessel of Ruin
|move|p1a: Kyurem|Ice Beam|p2a: Ting-Lu
|-supereffective|p2a: Ting-Lu
|-damage|p2a: Ting-Lu|63/100
|
|-heal|p2a: Ting-Lu|69/100|[from] item: Leftovers
|upkeep
|turn|7
|inactive|MooFarmer has 60 seconds left.
|
|t:|1760726957
|switch|p1a: Rillaboom|Rillaboom, M|100/100
|-fieldstart|move: Grassy Terrain|[from] ability: Grassy Surge|[of] p1a: Rillaboom
|move|p2a: Ting-Lu|Payback|p1a: Rillaboom
|-damage|p1a: Rillaboom|82/100
|
|-heal|p1a: Rillaboom|88/100|[from] Grassy Terrain
|-heal|p2a: Ting-Lu|76/100|[from] Grassy Terrain
|-heal|p2a: Ting-Lu|82/100|[from] item: Leftovers
|upkeep
|turn|8
|
|t:|1760726969
|switch|p1a: Kyurem|Kyurem|78/100
|-ability|p1a: Kyurem|Pressure
|switch|p2a: Corviknight|Corviknight, F|100/100
|-ability|p2a: Corviknight|Pressure
|
|-heal|p1a: Kyurem|84/100|[from] Grassy Terrain
|upkeep
|turn|9
|
|t:|1760726977
|switch|p1a: Garchomp|Garchomp, M|100/100
|switch|p2a: Dondozo|Dondozo, F|100/100
|
|upkeep
|turn|10
|j| Code slanted
|
|t:|1760726986
|move|p1a: Garchomp|Stealth Rock|p2a: Dondozo
|-sidestart|p2: MooFarmer|move: Stealth Rock
|move|p2a: Dondozo|Curse|p2a: Dondozo
|-unboost|p2a: Dondozo|spe|1
|-boost|p2a: Dondozo|atk|1
|-boost|p2a: Dondozo|def|1
|
|upkeep
|turn|11
|j| nonchalantbufalant
|
|t:|1760726995
|move|p2a: Dondozo|Curse|p2a: Dondozo
|-unboost|p2a: Dondozo|spe|1
|-boost|p2a: Dondozo|atk|1
|-boost|p2a: Dondozo|def|1
|move|p1a: Garchomp|Dragon Tail|p2a: Dondozo
|-damage|p2a: Dondozo|95/100
|drag|p2a: Corviknight|Corviknight, F|100/100
|-damage|p2a: Corviknight|88/100|[from] Stealth Rock
|-ability|p2a: Corviknight|Pressure
|
|-fieldend|move: Grassy Terrain
|upkeep
|turn|12
|
|t:|1760727005
|switch|p1a: Tornadus|Tornadus-Therian, M|75/100 tox
|move|p2a: Corviknight|Defog|p1a: Tornadus
|-unboost|p1a: Tornadus|evasion|1
|-sideend|p2: MooFarmer|Stealth Rock|[from] move: Defog|[of] p2a: Corviknight
|
|-damage|p1a: Tornadus|68/100 tox|[from] psn
|upkeep
|turn|13
|inactive|MooFarmer has 90 seconds left.
|inactive|MooFarmer has 60 seconds left.
|
|t:|1760727051
|move|p1a: Tornadus|U-turn|p2a: Corviknight
|-resisted|p2a: Corviknight
|-damage|p2a: Corviknight|86/100
|-damage|p1a: Tornadus|52/100 tox|[from] item: Rocky Helmet|[of] p2a: Corviknight
|
|t:|1760727053
|switch|p1a: Garchomp|Garchomp, M|100/100|[from] U-turn
|move|p2a: Corviknight|Brave Bird|p1a: Garchomp
|-damage|p1a: Garchomp|79/100
|-damage|p2a: Corviknight|74/100|[from] ability: Rough Skin|[of] p1a: Garchomp
|-damage|p2a: Corviknight|57/100|[from] item: Rocky Helmet|[of] p1a: Garchomp
|-damage|p2a: Corviknight|50/100|[from] Recoil
|
|upkeep
|turn|14
|inactive|MooFarmer has 60 seconds left.
|l| Code slanted
|inactive|MooFarmer has 30 seconds left.
|j| LT123VB 87
|inactive|MooFarmer has 20 seconds left.
|
|t:|1760727098
|switch|p1a: Tornadus|Tornadus-Therian, M|85/100 tox
|move|p2a: Corviknight|Roost|p2a: Corviknight
|-heal|p2a: Corviknight|99/100
|-singleturn|p2a: Corviknight|move: Roost
|
|-damage|p1a: Tornadus|79/100 tox|[from] psn
|upkeep
|turn|15
|inactive|MooFarmer has 30 seconds left this turn.
|
|t:|1760727107
|move|p1a: Tornadus|Heat Wave|p2a: Corviknight
|-supereffective|p2a: Corviknight
|-damage|p2a: Corviknight|55/100
|move|p2a: Corviknight|Brave Bird|p1a: Tornadus
|-damage|p1a: Tornadus|34/100 tox
|-damage|p2a: Corviknight|42/100|[from] Recoil
|
|-damage|p1a: Tornadus|22/100 tox|[from] psn
|upkeep
|turn|16
|inactive|MooFarmer has 30 seconds left.
|
|t:|1760727116
|switch|p1a: Hatterene|Hatterene, F|100/100
|move|p2a: Corviknight|Roost|p2a: Corviknight
|-heal|p2a: Corviknight|92/100
|-singleturn|p2a: Corviknight|move: Roost
|
|upkeep
|turn|17
|
|t:|1760727125
|move|p2a: Corviknight|Brave Bird|p1a: Hatterene
|-damage|p1a: Hatterene|68/100
|-damage|p2a: Corviknight|75/100|[from] item: Rocky Helmet|[of] p1a: Hatterene
|-damage|p2a: Corviknight|67/100|[from] Recoil
|move|p1a: Hatterene|Nuzzle|p2a: Corviknight
|-supereffective|p2a: Corviknight
|-damage|p2a: Corviknight|62/100
|-status|p2a: Corviknight|par
|-damage|p1a: Hatterene|52/100|[from] item: Rocky Helmet|[of] p2a: Corviknight
|
|upkeep
|turn|18
|
|t:|1760727136
|move|p1a: Hatterene|Psychic Noise|p2a: Corviknight
|-resisted|p2a: Corviknight
|-damage|p2a: Corviknight|47/100 par
|-start|p2a: Corviknight|move: Heal Block
|move|p2a: Corviknight|U-turn|p1a: Hatterene
|-damage|p1a: Hatterene|41/100
|-damage|p2a: Corviknight|30/100 par|[from] item: Rocky Helmet|[of] p1a: Hatterene
|inactive|MooFarmer has 30 seconds left.
|
|t:|1760727147
|switch|p2a: Cinderace|Cinderace, F|100/100|[from] U-turn
|
|upkeep
|turn|19
|
|t:|1760727155
|move|p2a: Cinderace|Pyro Ball|p1a: Hatterene|[miss]
|-miss|p2a: Cinderace|p1a: Hatterene
|move|p1a: Hatterene|Pain Split|p2a: Cinderace
|-sethp|p2a: Cinderace|68/100|[from] move: Pain Split|[silent]
|-sethp|p1a: Hatterene|77/100|[from] move: Pain Split
|
|upkeep
|turn|20
|
|t:|1760727164
|move|p2a: Cinderace|Pyro Ball|p1a: Hatterene
|-damage|p1a: Hatterene|34/100
|-status|p1a: Hatterene|brn
|move|p1a: Hatterene|Nuzzle|p2a: Cinderace
|-damage|p2a: Cinderace|66/100
|-status|p2a: Cinderace|par
|
|-damage|p1a: Hatterene|28/100 brn|[from] brn
|upkeep
|turn|21
|j| 0WithdrawalSyndrom
|
|t:|1760727175
|switch|p1a: Garchomp|Garchomp, M|79/100
|cant|p2a: Cinderace|par
|
|upkeep
|turn|22
|
|t:|1760727184
|switch|p2a: Corviknight|Corviknight, F|30/100 par
|-ability|p2a: Corviknight|Pressure
|move|p1a: Garchomp|Earthquake|p2a: Corviknight
|-immune|p2a: Corviknight
|
|upkeep
|turn|23
|
|t:|1760727192
|switch|p1a: Darkrai|Darkrai|100/100
|move|p2a: Corviknight|Roost|p2a: Corviknight
|-heal|p2a: Corviknight|80/100 par
|-singleturn|p2a: Corviknight|move: Roost
|
|upkeep
|turn|24
|
|t:|1760727201
|switch|p2a: Ting-Lu|Ting-Lu|82/100
|-ability|p2a: Ting-Lu|Vessel of Ruin
|move|p1a: Darkrai|Dark Pulse|p2a: Ting-Lu
|-resisted|p2a: Ting-Lu
|-damage|p2a: Ting-Lu|73/100
|
|-heal|p2a: Ting-Lu|79/100|[from] item: Leftovers
|upkeep
|turn|25
|inactive|MooFarmer has 60 seconds left.
|
|t:|1760727210
|move|p1a: Darkrai|Nasty Plot|p1a: Darkrai
|-boost|p1a: Darkrai|spa|2
|move|p2a: Ting-Lu|Payback|p1a: Darkrai
|-resisted|p1a: Darkrai
|-damage|p1a: Darkrai|74/100
|
|-heal|p1a: Darkrai|80/100|[from] item: Leftovers
|-heal|p2a: Ting-Lu|85/100|[from] item: Leftovers
|upkeep
|turn|26
|
|t:|1760727219
|-terastallize|p2a: Ting-Lu|Water
|move|p1a: Darkrai|Ice Beam|p2a: Ting-Lu
|-resisted|p2a: Ting-Lu
|-damage|p2a: Ting-Lu|72/100
|move|p2a: Ting-Lu|Earthquake|p1a: Darkrai
|-damage|p1a: Darkrai|26/100
|
|-heal|p1a: Darkrai|33/100|[from] item: Leftovers
|-heal|p2a: Ting-Lu|78/100|[from] item: Leftovers
|upkeep
|turn|27
|
|t:|1760727233
|move|p1a: Darkrai|Dark Pulse|p2a: Ting-Lu
|-damage|p2a: Ting-Lu|43/100
|move|p2a: Ting-Lu|Payback|p1a: Darkrai
|-resisted|p1a: Darkrai
|-damage|p1a: Darkrai|8/100
|
|-heal|p1a: Darkrai|14/100|[from] item: Leftovers
|-heal|p2a: Ting-Lu|50/100|[from] item: Leftovers
|upkeep
|turn|28
|
|t:|1760727242
|move|p1a: Darkrai|Dark Pulse|p2a: Ting-Lu
|-damage|p2a: Ting-Lu|12/100
|move|p2a: Ting-Lu|Payback|p1a: Darkrai
|-resisted|p1a: Darkrai
|-damage|p1a: Darkrai|0 fnt
|faint|p1a: Darkrai
|
|-heal|p2a: Ting-Lu|18/100|[from] item: Leftovers
|upkeep
|
|t:|1760727248
|switch|p1a: Kyurem|Kyurem|84/100
|-ability|p1a: Kyurem|Pressure
|turn|29
|
|t:|1760727256
|switch|p2a: Kyurem|Kyurem|99/100
|-ability|p2a: Kyurem|Pressure
|move|p1a: Kyurem|Freeze-Dry|p2a: Kyurem
|-damage|p2a: Kyurem|66/100
|
|-heal|p2a: Kyurem|72/100|[from] item: Leftovers
|upkeep
|turn|30
|inactive|MooFarmer has 90 seconds left.
|
|t:|1760727265
|move|p2a: Kyurem|Protect|p2a: Kyurem
|-singleturn|p2a: Kyurem|Protect
|move|p1a: Kyurem|Flash Cannon|p2a: Kyurem
|-activate|p2a: Kyurem|move: Protect
|
|-heal|p2a: Kyurem|78/100|[from] item: Leftovers
|upkeep
|turn|31
|
|t:|1760727274
|switch|p2a: Cinderace|Cinderace, F|66/100 par
|move|p1a: Kyurem|Flash Cannon|p2a: Cinderace
|-resisted|p2a: Cinderace
|-crit|p2a: Cinderace
|-damage|p2a: Cinderace|38/100 par
|
|upkeep
|turn|32
|
|t:|1760727282
|switch|p2a: Corviknight|Corviknight, F|80/100 par
|-ability|p2a: Corviknight|Pressure
|move|p1a: Kyurem|Earth Power|p2a: Corviknight
|-immune|p2a: Corviknight
|
|upkeep
|turn|33
|
|t:|1760727291
|move|p1a: Kyurem|Ice Beam|p2a: Corviknight
|-damage|p2a: Corviknight|37/100 par
|cant|p2a: Corviknight|par
|
|upkeep
|turn|34
|
|t:|1760727300
|switch|p2a: Ting-Lu|Ting-Lu, tera:Water|18/100
|-ability|p2a: Ting-Lu|Vessel of Ruin
|move|p1a: Kyurem|Ice Beam|p2a: Ting-Lu
|-resisted|p2a: Ting-Lu
|-damage|p2a: Ting-Lu|8/100
|
|-heal|p2a: Ting-Lu|15/100|[from] item: Leftovers
|upkeep
|turn|35
|
|t:|1760727309
|switch|p2a: Kyurem|Kyurem|78/100
|-ability|p2a: Kyurem|Pressure
|move|p1a: Kyurem|Freeze-Dry|p2a: Kyurem
|-damage|p2a: Kyurem|43/100
|
|-heal|p2a: Kyurem|49/100|[from] item: Leftovers
|upkeep
|turn|36
|inactive|MooFarmer has 120 seconds left.
|
|t:|1760727318
|move|p2a: Kyurem|Protect|p2a: Kyurem
|-singleturn|p2a: Kyurem|Protect
|move|p1a: Kyurem|Freeze-Dry|p2a: Kyurem
|-activate|p2a: Kyurem|move: Protect
|
|-heal|p2a: Kyurem|55/100|[from] item: Leftovers
|upkeep
|turn|37
|c| nonchalantbufalant|whaty in the pp stalling is going on here
|
|t:|1760727326
|move|p1a: Kyurem|Flash Cannon|p2a: Kyurem
|-supereffective|p2a: Kyurem
|-damage|p2a: Kyurem|7/100
|-unboost|p2a: Kyurem|spd|1
|move|p2a: Kyurem|Earth Power|p1a: Kyurem
|-damage|p1a: Kyurem|67/100
|
|-heal|p2a: Kyurem|13/100|[from] item: Leftovers
|upkeep
|turn|38
|
|t:|1760727335
|move|p2a: Kyurem|Protect|p2a: Kyurem
|-singleturn|p2a: Kyurem|Protect
|move|p1a: Kyurem|Freeze-Dry|p2a: Kyurem
|-activate|p2a: Kyurem|move: Protect
|
|-heal|p2a: Kyurem|19/100|[from] item: Leftovers
|upkeep
|turn|39
|
|t:|1760727344
|move|p1a: Kyurem|Freeze-Dry|p2a: Kyurem
|-damage|p2a: Kyurem|0 fnt
|faint|p2a: Kyurem
|
|upkeep
|c|☆healorant|gg
|
|t:|1760727352
|switch|p2a: Cinderace|Cinderace, F|38/100 par
|turn|40
|j| jobzyaltacc
|
|t:|1760727361
|switch|p2a: Corviknight|Corviknight, F|37/100 par
|-ability|p2a: Corviknight|Pressure
|move|p1a: Kyurem|Earth Power|p2a: Corviknight
|-immune|p2a: Corviknight
|
|upkeep
|turn|41
|
|t:|1760727370
|switch|p2a: Ting-Lu|Ting-Lu, tera:Water|15/100
|-ability|p2a: Ting-Lu|Vessel of Ruin
|move|p1a: Kyurem|Ice Beam|p2a: Ting-Lu
|-resisted|p2a: Ting-Lu
|-damage|p2a: Ting-Lu|6/100
|
|-heal|p2a: Ting-Lu|12/100|[from] item: Leftovers
|upkeep
|turn|42
|c| nonchalantbufalant|no way caillourem just cleans up like that
|
|t:|1760727378
|switch|p2a: Cinderace|Cinderace, F|38/100 par
|move|p1a: Kyurem|Freeze-Dry|p2a: Cinderace
|-resisted|p2a: Cinderace
|-damage|p2a: Cinderace|16/100 par
|
|upkeep
|turn|43
|c|☆healorant|bro stop
|
|t:|1760727387
|move|p1a: Kyurem|Ice Beam|p2a: Cinderace
|-resisted|p2a: Cinderace
|-damage|p2a: Cinderace|0 fnt
|faint|p2a: Cinderace
|
|upkeep
|
|t:|1760727396
|switch|p2a: Corviknight|Corviknight, F|37/100 par
|-ability|p2a: Corviknight|Pressure
|turn|44
|
|t:|1760727404
|switch|p2a: Ting-Lu|Ting-Lu, tera:Water|12/100
|-ability|p2a: Ting-Lu|Vessel of Ruin
|move|p1a: Kyurem|Ice Beam|p2a: Ting-Lu
|-resisted|p2a: Ting-Lu
|-damage|p2a: Ting-Lu|1/100
|
|-heal|p2a: Ting-Lu|8/100|[from] item: Leftovers
|upkeep
|turn|45
|
|t:|1760727413
|switch|p2a: Corviknight|Corviknight, F|37/100 par
|-ability|p2a: Corviknight|Pressure
|move|p1a: Kyurem|Freeze-Dry|p2a: Corviknight
|-damage|p2a: Corviknight|0 fnt
|faint|p2a: Corviknight
|
|upkeep
|c| nonchalantbufalant|lol
|j| oldman rizzo
|
|t:|1760727420
|switch|p2a: Dondozo|Dondozo, F|95/100
|turn|46
|
|t:|1760727428
|move|p1a: Kyurem|Freeze-Dry|p2a: Dondozo
|-supereffective|p2a: Dondozo
|-damage|p2a: Dondozo|21/100
|move|p2a: Dondozo|Rest|p2a: Dondozo
|-status|p2a: Dondozo|slp|[from] move: Rest
|-heal|p2a: Dondozo|100/100 slp|[silent]
|
|upkeep
|turn|47
|
|t:|1760727435
|move|p1a: Kyurem|Freeze-Dry|p2a: Dondozo
|-supereffective|p2a: Dondozo
|-damage|p2a: Dondozo|27/100 slp
|cant|p2a: Dondozo|slp
|
|-heal|p2a: Dondozo|33/100 slp|[from] item: Leftovers
|upkeep
|turn|48
|j| SrQojUPijkfra1ToWH
|
|t:|1760727442
|switch|p2a: Ting-Lu|Ting-Lu, tera:Water|8/100
|-ability|p2a: Ting-Lu|Vessel of Ruin
|move|p1a: Kyurem|Freeze-Dry|p2a: Ting-Lu
|-supereffective|p2a: Ting-Lu
|-damage|p2a: Ting-Lu|0 fnt
|faint|p2a: Ting-Lu
|
|upkeep
|
|t:|1760727448
|switch|p2a: Dondozo|Dondozo, F|33/100 slp
|turn|49
|
|t:|1760727454
|switch|p1a: Rillaboom|Rillaboom, M|88/100
|-fieldstart|move: Grassy Terrain|[from] ability: Grassy Surge|[of] p1a: Rillaboom
|cant|p2a: Dondozo|slp
|
|-heal|p1a: Rillaboom|94/100|[from] Grassy Terrain
|-heal|p2a: Dondozo|39/100 slp|[from] Grassy Terrain
|-heal|p2a: Dondozo|45/100 slp|[from] item: Leftovers
|upkeep
|turn|50
|
|t:|1760727476
|move|p1a: Rillaboom|Grassy Glide|p2a: Dondozo
|-supereffective|p2a: Dondozo
|-damage|p2a: Dondozo|0 fnt
|faint|p2a: Dondozo
|-damage|p1a: Rillaboom|84/100|[from] item: Life Orb
|
|win|healorant
|raw|healorant's rating: 1815 &rarr; <strong>1838</strong><br />(+23 for winning)
|raw|MooFarmer's rating: 1864 &rarr; <strong>1841</strong><br />(-23 for losing)
|l|☆MooFarmer
|player|p2|
|l|☆healorant
|player|p1|
|l| jobzyaltacc
|l| SrQojUPijkfra1ToWH
