|j|☆doodieray
|j|☆PixelPenguin2
|t:|1760727397
|gametype|singles
|player|p1|doodieray|1|1489
|player|p2|PixelPenguin2|guitarist|1421
|gen|9
|tier|[Gen 9] OU
|rated|
|rule|HP Percentage Mod: HP is shown in percentages
|rule|Endless Battle Clause: Forcing endless battles is banned
|rule|Species Clause: Limit one of each Pokémon
|rule|OHKO Clause: OHKO moves are banned
|rule|Evasion Items Clause: Evasion items are banned
|rule|Evasion Moves Clause: Evasion moves are banned
|rule|Evasion Abilities Clause: Evasion abilities are banned
|rule|Sleep Moves Clause: Sleep-inducing moves are banned
|clearpoke
|poke|p1|Cramorant, M|
|poke|p1|Excadrill, F|
|poke|p1|Raging Bolt|
|poke|p1|Heatran, F|
|poke|p1|Dragonite, F|
|poke|p1|Primarina, F|
|poke|p2|Heatran, M|
|poke|p2|Iron Valiant|
|poke|p2|Iron Treads|
|poke|p2|Dragapult, F|
|poke|p2|Samurott-Hisui, M|
|poke|p2|Tornadus-Therian, M|
|teampreview
|inactive|Battle timer is ON: inactive players will automatically lose when time's up. (requested by PixelPenguin2)
|inactive|PixelPenguin2 has 120 seconds left.
|
|t:|1760727442
|teamsize|p1|6
|teamsize|p2|6
|start
|switch|p1a: Primarina|Primarina, F|100/100
|switch|p2a: Iron Treads|Iron Treads|100/100
|turn|1
|
|t:|1760727445
|move|p2a: Iron Treads|Earthquake|p1a: Primarina
|-damage|p1a: Primarina|44/100
|move|p1a: Primarina|Surf|p2a: Iron Treads
|-supereffective|p2a: Iron Treads
|-damage|p2a: Iron Treads|12/100
|
|-heal|p2a: Iron Treads|18/100|[from] item: Leftovers
|upkeep
|turn|2
|
|t:|1760727456
|switch|p1a: Cramorant|Cramorant, M|100/100
|move|p2a: Iron Treads|Knock Off|p1a: Cramorant
|-damage|p1a: Cramorant|61/100
|-enditem|p1a: Cramorant|Custap Berry|[from] move: Knock Off|[of] p2a: Iron Treads
|
|-heal|p2a: Iron Treads|24/100|[from] item: Leftovers
|upkeep
|turn|3
|
|t:|1760727461
|-end|p2a: Iron Treads|Quark Drive|[silent]
|switch|p2a: Tornadus|Tornadus-Therian, M|100/100
|move|p1a: Cramorant|Surf|p2a: Tornadus
|-formechange|p1a: Cramorant|Cramorant-Gulping|
|-damage|p2a: Tornadus|76/100
|
|upkeep
|turn|4
|
|t:|1760727467
|move|p2a: Tornadus|Bleakwind Storm|p1a: Cramorant|[miss]
|-miss|p2a: Tornadus|p1a: Cramorant
|move|p1a: Cramorant|Surf|p2a: Tornadus
|-damage|p2a: Tornadus|54/100
|
|upkeep
|turn|5
|
|t:|1760727477
|switch|p1a: Primarina|Primarina, F|44/100
|move|p2a: Tornadus|Bleakwind Storm|p1a: Primarina
|-damage|p1a: Primarina|11/100
|-unboost|p1a: Primarina|spe|1
|
|upkeep
|turn|6
|-enditem|p1a: Primarina|Custap Berry|[eat]
|-activate|p1a: Primarina|item: Custap Berry|[consumed]
|
|t:|1760727482
|move|p1a: Primarina|Surf|p2a: Tornadus
|-damage|p2a: Tornadus|5/100
|move|p2a: Tornadus|Bleakwind Storm|p1a: Primarina|[miss]
|-miss|p2a: Tornadus|p1a: Primarina
|
|upkeep
|turn|7
|
|t:|1760727492
|move|p2a: Tornadus|Bleakwind Storm|p1a: Primarina
|-damage|p1a: Primarina|0 fnt
|faint|p1a: Primarina
|
|upkeep
|
|t:|1760727495
|switch|p1a: Raging Bolt|Raging Bolt|100/100
|-enditem|p1a: Raging Bolt|Booster Energy
|-activate|p1a: Raging Bolt|ability: Protosynthesis|[fromitem]
|-start|p1a: Raging Bolt|protosynthesisspa
|turn|8
|
|t:|1760727501
|switch|p2a: Iron Valiant|Iron Valiant|100/100
|move|p1a: Raging Bolt|Dragon Pulse|p2a: Iron Valiant
|-immune|p2a: Iron Valiant
|
|upkeep
|turn|9
|
|t:|1760727505
|-end|p2a: Iron Valiant|Quark Drive|[silent]
|switch|p2a: Iron Treads|Iron Treads|24/100
|move|p1a: Raging Bolt|Thunderclap||[still]
|-fail|p1a: Raging Bolt
|
|-heal|p2a: Iron Treads|30/100|[from] item: Leftovers
|upkeep
|turn|10
|
|t:|1760727510
|-end|p1a: Raging Bolt|Protosynthesis|[silent]
|switch|p1a: Cramorant|Cramorant, M|61/100
|move|p2a: Iron Treads|Earthquake|p1a: Cramorant
|-immune|p1a: Cramorant
|
|-heal|p2a: Iron Treads|36/100|[from] item: Leftovers
|upkeep
|turn|11
|
|t:|1760727515
|-end|p2a: Iron Treads|Quark Drive|[silent]
|switch|p2a: Samurott|Samurott-Hisui, M|100/100
|move|p1a: Cramorant|Surf|p2a: Samurott
|-formechange|p1a: Cramorant|Cramorant-Gulping|
|-resisted|p2a: Samurott
|-damage|p2a: Samurott|86/100
|
|upkeep
|turn|12
|
|t:|1760727521
|move|p1a: Cramorant|Hurricane|p2a: Samurott
|-damage|p2a: Samurott|50/100
|move|p2a: Samurott|Ceaseless Edge|p1a: Cramorant
|-damage|p1a: Cramorant|0 fnt
|-damage|p2a: Samurott|25/100|[from] ability: Gulp Missile|[of] p1a: Cramorant
|-unboost|p2a: Samurott|def|1
|-formechange|p1a: Cramorant|Cramorant|
|-sidestart|p1: doodieray|Spikes
|faint|p1a: Cramorant
|
|upkeep
|
|t:|1760727536
|switch|p1a: Excadrill|Excadrill, F|100/100
|-ability|p1a: Excadrill|Mold Breaker
|-item|p1a: Excadrill|Air Balloon
|turn|13
|inactive|doodieray has 120 seconds left.
|
|t:|1760727577
|switch|p2a: Dragapult|Dragapult, F|100/100
|move|p1a: Excadrill|Rapid Spin|p2a: Dragapult
|-immune|p2a: Dragapult
|
|upkeep
|turn|14
|
|t:|1760727589
|move|p2a: Dragapult|Will-O-Wisp|p1a: Excadrill
|-status|p1a: Excadrill|brn
|move|p1a: Excadrill|Iron Head|p2a: Dragapult
|-damage|p2a: Dragapult|70/100
|
|-damage|p1a: Excadrill|94/100 brn|[from] brn
|upkeep
|turn|15
|-message|doodieray forfeited.
|
|win|PixelPenguin2
|raw|doodieray's rating: 1489 &rarr; <strong>1465</strong><br />(-24 for losing)
|raw|PixelPenguin2's rating: 1421 &rarr; <strong>1445</strong><br />(+24 for winning)
|l|☆doodieray
|player|p1|
|l|☆PixelPenguin2
|player|p2|
