|j|☆lilyleite
|j|☆jeffwme
|t:|1760818807
|gametype|singles
|player|p1|lilyleite|102|1104
|player|p2|jeffwme|crasherwake|1090
|gen|9
|tier|[Gen 9] OU
|rated|
|rule|HP Percentage Mod: HP is shown in percentages
|rule|Endless Battle Clause: Forcing endless battles is banned
|rule|Species Clause: Limit one of each Pokémon
|rule|OHKO Clause: OHKO moves are banned
|rule|Evasion Items Clause: Evasion items are banned
|rule|Evasion Moves Clause: Evasion moves are banned
|rule|Evasion Abilities Clause: Evasion abilities are banned
|rule|Sleep Moves Clause: Sleep-inducing moves are banned
|clearpoke
|poke|p1|Clefable, F|
|poke|p1|Scizor, M|
|poke|p1|Great Tusk|
|poke|p1|Zapdos|
|poke|p1|Blaziken, M|
|poke|p1|Azumarill, M|
|poke|p2|Sandy Shocks|
|poke|p2|Heatran, M|
|poke|p2|Torkoal, F|
|poke|p2|Walking Wake|
|poke|p2|Iron Valiant|
|poke|p2|Mesprit|
|teampreview
|inactive|Battle timer is ON: inactive players will automatically lose when time's up. (requested by jeffwme)
|
|t:|1760818814
|teamsize|p1|6
|teamsize|p2|6
|start
|switch|p1a: Azumarill|Azumarill, M|100/100
|switch|p2a: Torkoal|Torkoal, F|100/100
|-weather|SunnyDay|[from] ability: Drought|[of] p2a: Torkoal
|turn|1
|
|t:|1760818823
|move|p1a: Azumarill|Belly Drum|p1a: Azumarill
|-damage|p1a: Azumarill|50/100
|-setboost|p1a: Azumarill|atk|6|[from] move: Belly Drum
|-enditem|p1a: Azumarill|Sitrus Berry|[eat]
|-heal|p1a: Azumarill|75/100|[from] item: Sitrus Berry
|move|p2a: Torkoal|Will-O-Wisp|p1a: Azumarill
|-status|p1a: Azumarill|brn
|
|-weather|SunnyDay|[upkeep]
|-damage|p1a: Azumarill|69/100 brn|[from] brn
|upkeep
|turn|2
|
|t:|1760818842
|switch|p2a: Heatran|Heatran, M|100/100
|move|p1a: Azumarill|Knock Off|p2a: Heatran
|-damage|p2a: Heatran|14/100
|-enditem|p2a: Heatran|Leftovers|[from] move: Knock Off|[of] p1a: Azumarill
|
|-weather|SunnyDay|[upkeep]
|-damage|p1a: Azumarill|63/100 brn|[from] brn
|upkeep
|turn|3
|
|t:|1760818854
|move|p1a: Azumarill|Aqua Jet|p2a: Heatran
|-supereffective|p2a: Heatran
|-damage|p2a: Heatran|0 fnt
|faint|p2a: Heatran
|
|-weather|SunnyDay|[upkeep]
|-damage|p1a: Azumarill|57/100 brn|[from] brn
|upkeep
|
|t:|1760818864
|switch|p2a: Sandy Shocks|Sandy Shocks|100/100
|-activate|p2a: Sandy Shocks|ability: Protosynthesis
|-start|p2a: Sandy Shocks|protosynthesisspa
|turn|4
|
|t:|1760818871
|move|p1a: Azumarill|Aqua Jet|p2a: Sandy Shocks
|-supereffective|p2a: Sandy Shocks
|-damage|p2a: Sandy Shocks|39/100
|move|p2a: Sandy Shocks|Thunderbolt|p1a: Azumarill
|-supereffective|p1a: Azumarill
|-damage|p1a: Azumarill|0 fnt
|faint|p1a: Azumarill
|
|-weather|SunnyDay|[upkeep]
|upkeep
|
|t:|1760818881
|switch|p1a: Great Tusk|Great Tusk, shiny|100/100
|-activate|p1a: Great Tusk|ability: Protosynthesis
|-start|p1a: Great Tusk|protosynthesisatk
|turn|5
|
|t:|1760818890
|-end|p2a: Sandy Shocks|Protosynthesis|[silent]
|switch|p2a: Mesprit|Mesprit|100/100
|move|p1a: Great Tusk|Headlong Rush|p2a: Mesprit
|-immune|p2a: Mesprit|[from] ability: Levitate
|
|-weather|SunnyDay|[upkeep]
|upkeep
|turn|6
|
|t:|1760818908
|-end|p1a: Great Tusk|Protosynthesis|[silent]
|switch|p1a: Clefable|Clefable, F, shiny|100/100
|move|p2a: Mesprit|U-turn|p1a: Clefable
|-resisted|p1a: Clefable
|-damage|p1a: Clefable|95/100
|
|t:|1760818920
|switch|p2a: Sandy Shocks|Sandy Shocks|39/100|[from] U-turn
|-activate|p2a: Sandy Shocks|ability: Protosynthesis
|-start|p2a: Sandy Shocks|protosynthesisspa
|
|-weather|SunnyDay|[upkeep]
|-heal|p1a: Clefable|100/100|[from] item: Leftovers
|upkeep
|turn|7
|
|t:|1760818936
|move|p2a: Sandy Shocks|Earth Power|p1a: Clefable
|-damage|p1a: Clefable|16/100
|move|p1a: Clefable|Stealth Rock|p2a: Sandy Shocks
|-sidestart|p2: jeffwme|move: Stealth Rock
|
|-weather|SunnyDay|[upkeep]
|-heal|p1a: Clefable|22/100|[from] item: Leftovers
|upkeep
|turn|8
|
|t:|1760818949
|move|p2a: Sandy Shocks|Earth Power|p1a: Clefable
|-damage|p1a: Clefable|0 fnt
|faint|p1a: Clefable
|
|-weather|none
|-end|p2a: Sandy Shocks|Protosynthesis
|upkeep
|
|t:|1760818955
|switch|p1a: Great Tusk|Great Tusk, shiny|100/100
|-enditem|p1a: Great Tusk|Booster Energy
|-activate|p1a: Great Tusk|ability: Protosynthesis|[fromitem]
|-start|p1a: Great Tusk|protosynthesisatk
|turn|9
|
|t:|1760818962
|-end|p2a: Sandy Shocks|Protosynthesis|[silent]
|switch|p2a: Mesprit|Mesprit|100/100
|-damage|p2a: Mesprit|88/100|[from] Stealth Rock
|move|p1a: Great Tusk|Heavy Slam|p2a: Mesprit
|-damage|p2a: Mesprit|47/100
|
|upkeep
|turn|10
|
|t:|1760818975
|move|p1a: Great Tusk|Heavy Slam|p2a: Mesprit
|-damage|p2a: Mesprit|5/100
|move|p2a: Mesprit|Healing Wish|p2a: Mesprit
|faint|p2a: Mesprit
|
|upkeep
|
|t:|1760818982
|switch|p2a: Sandy Shocks|Sandy Shocks|39/100
|-heal|p2a: Sandy Shocks|100/100|[from] move: Healing Wish
|-damage|p2a: Sandy Shocks|94/100|[from] Stealth Rock
|turn|11
|
|t:|1760818987
|-terastallize|p2a: Sandy Shocks|Ice
|move|p2a: Sandy Shocks|Tera Blast|p1a: Great Tusk|[anim] Tera Blast Ice
|-supereffective|p1a: Great Tusk
|-damage|p1a: Great Tusk|0 fnt
|faint|p1a: Great Tusk
|-end|p1a: Great Tusk|Protosynthesis|[silent]
|
|upkeep
|
|t:|1760818992
|switch|p1a: Scizor|Scizor, M, shiny|100/100
|turn|12
|
|t:|1760819001
|-end|p2a: Sandy Shocks|Protosynthesis|[silent]
|switch|p2a: Torkoal|Torkoal, F|100/100
|-damage|p2a: Torkoal|76/100|[from] Stealth Rock
|-weather|SunnyDay|[from] ability: Drought|[of] p2a: Torkoal
|move|p1a: Scizor|Knock Off|p2a: Torkoal
|-damage|p2a: Torkoal|47/100
|-enditem|p2a: Torkoal|Heat Rock|[from] move: Knock Off|[of] p1a: Scizor
|-damage|p1a: Scizor|91/100|[from] item: Life Orb
|
|-weather|SunnyDay|[upkeep]
|upkeep
|turn|13
|
|t:|1760819015
|switch|p1a: Blaziken|Blaziken, M|100/100
|move|p2a: Torkoal|Rapid Spin|p1a: Blaziken
|-damage|p1a: Blaziken|87/100
|-boost|p2a: Torkoal|spe|1
|-sideend|p2: jeffwme|Stealth Rock|[from] move: Rapid Spin|[of] p2a: Torkoal
|
|-weather|SunnyDay|[upkeep]
|-heal|p1a: Blaziken|93/100|[from] item: Leftovers
|upkeep
|turn|14
|
|t:|1760819025
|move|p1a: Blaziken|Swords Dance|p1a: Blaziken
|-boost|p1a: Blaziken|atk|2
|move|p2a: Torkoal|Stealth Rock|p1a: Blaziken
|-sidestart|p1: lilyleite|move: Stealth Rock
|
|-weather|SunnyDay|[upkeep]
|-heal|p1a: Blaziken|99/100|[from] item: Leftovers
|-ability|p1a: Blaziken|Speed Boost|boost
|-boost|p1a: Blaziken|spe|1
|upkeep
|turn|15
|
|t:|1760819039
|move|p1a: Blaziken|Swords Dance|p1a: Blaziken
|-boost|p1a: Blaziken|atk|2
|move|p2a: Torkoal|Lava Plume|p1a: Blaziken
|-resisted|p1a: Blaziken
|-damage|p1a: Blaziken|70/100
|
|-weather|SunnyDay|[upkeep]
|-heal|p1a: Blaziken|76/100|[from] item: Leftovers
|-ability|p1a: Blaziken|Speed Boost|boost
|-boost|p1a: Blaziken|spe|1
|upkeep
|turn|16
|
|t:|1760819060
|switch|p2a: Sandy Shocks|Sandy Shocks, tera:Ice|94/100
|-activate|p2a: Sandy Shocks|ability: Protosynthesis
|-start|p2a: Sandy Shocks|protosynthesisspa
|move|p1a: Blaziken|Swords Dance|p1a: Blaziken
|-boost|p1a: Blaziken|atk|2
|
|-weather|SunnyDay|[upkeep]
|-heal|p1a: Blaziken|82/100|[from] item: Leftovers
|-ability|p1a: Blaziken|Speed Boost|boost
|-boost|p1a: Blaziken|spe|1
|upkeep
|turn|17
|
|t:|1760819075
|move|p1a: Blaziken|Close Combat|p2a: Sandy Shocks
|-supereffective|p2a: Sandy Shocks
|-damage|p2a: Sandy Shocks|0 fnt
|-unboost|p1a: Blaziken|def|1
|-unboost|p1a: Blaziken|spd|1
|faint|p2a: Sandy Shocks
|-end|p2a: Sandy Shocks|Protosynthesis|[silent]
|
|-weather|SunnyDay|[upkeep]
|-heal|p1a: Blaziken|88/100|[from] item: Leftovers
|-ability|p1a: Blaziken|Speed Boost|boost
|-boost|p1a: Blaziken|spe|1
|upkeep
|inactive|jeffwme has 120 seconds left.
|
|t:|1760819086
|switch|p2a: Walking Wake|Walking Wake|100/100
|-activate|p2a: Walking Wake|ability: Protosynthesis
|-start|p2a: Walking Wake|protosynthesisspa
|turn|18
|inactive|jeffwme has 120 seconds left.
|
|t:|1760819097
|move|p1a: Blaziken|Close Combat|p2a: Walking Wake
|-damage|p2a: Walking Wake|0 fnt
|-unboost|p1a: Blaziken|def|1
|-unboost|p1a: Blaziken|spd|1
|faint|p2a: Walking Wake
|-end|p2a: Walking Wake|Protosynthesis|[silent]
|
|-weather|SunnyDay|[upkeep]
|-heal|p1a: Blaziken|94/100|[from] item: Leftovers
|-ability|p1a: Blaziken|Speed Boost|boost
|-boost|p1a: Blaziken|spe|1
|upkeep
|inactive|jeffwme has 120 seconds left.
|
|t:|1760819107
|switch|p2a: Iron Valiant|Iron Valiant|100/100
|turn|19
|inactive|jeffwme has 120 seconds left.
|
|t:|1760819115
|move|p1a: Blaziken|Flare Blitz|p2a: Iron Valiant
|-damage|p2a: Iron Valiant|0 fnt
|faint|p2a: Iron Valiant
|-end|p2a: Iron Valiant|Quark Drive|[silent]
|-damage|p1a: Blaziken|62/100|[from] Recoil
|
|-weather|none
|-heal|p1a: Blaziken|68/100|[from] item: Leftovers
|-ability|p1a: Blaziken|Speed Boost|boost
|-boost|p1a: Blaziken|spe|1
|upkeep
|-message|jeffwme forfeited.
|
|win|lilyleite
|raw|lilyleite's rating: 1104 &rarr; <strong>1128</strong><br />(+24 for winning)
|raw|jeffwme's rating: 1090 &rarr; <strong>1067</strong><br />(-23 for losing)
|l|☆jeffwme
|player|p2|
|l|☆lilyleite
|player|p1|
