|j|☆Barboteu85
|j|☆Pis Mann
|t:|1760793079
|gametype|singles
|player|p1|Barboteu85|pryce|1167
|player|p2|Pis Mann|ingo|1114
|gen|9
|tier|[Gen 9] OU
|rated|
|rule|HP Percentage Mod: HP is shown in percentages
|rule|Endless Battle Clause: Forcing endless battles is banned
|rule|Species Clause: Limit one of each Pokémon
|rule|OHKO Clause: OHKO moves are banned
|rule|Evasion Items Clause: Evasion items are banned
|rule|Evasion Moves Clause: Evasion moves are banned
|rule|Evasion Abilities Clause: Evasion abilities are banned
|rule|Sleep Moves Clause: Sleep-inducing moves are banned
|clearpoke
|poke|p1|Salazzle, F|
|poke|p1|Whimsicott, M|
|poke|p1|Persian-Alola, M|
|poke|p1|Reuniclus, M|
|poke|p1|Cinderace, F|
|poke|p1|Zangoose, M|
|poke|p2|Torkoal, M|
|poke|p2|Raging Bolt|
|poke|p2|Venusaur, F|
|poke|p2|Hatterene, F|
|poke|p2|Slither Wing|
|poke|p2|Walking Wake|
|teampreview
|inactive|Battle timer is ON: inactive players will automatically lose when time's up. (requested by Pis Mann)
|
|t:|1760793085
|teamsize|p1|6
|teamsize|p2|6
|start
|switch|p1a: Whimsicott|Whimsicott, M|100/100
|switch|p2a: Torkoal|Torkoal, M|100/100
|-weather|SunnyDay|[from] ability: Drought|[of] p2a: Torkoal
|turn|1
|
|t:|1760793096
|move|p1a: Whimsicott|Substitute|p1a: Whimsicott
|-start|p1a: Whimsicott|Substitute
|-damage|p1a: Whimsicott|76/100
|move|p2a: Torkoal|Stealth Rock|p1a: Whimsicott
|-sidestart|p1: Barboteu85|move: Stealth Rock
|
|-weather|SunnyDay|[upkeep]
|upkeep
|turn|2
|
|t:|1760793105
|switch|p2a: Venusaur|Venusaur, F|100/100
|move|p1a: Whimsicott|Leech Seed|p2a: Venusaur
|-immune|p2a: Venusaur
|
|-weather|SunnyDay|[upkeep]
|upkeep
|turn|3
|
|t:|1760793120
|switch|p1a: Cinderace|Cinderace, F|100/100
|move|p2a: Venusaur|Growth|p2a: Venusaur
|-boost|p2a: Venusaur|atk|2
|-boost|p2a: Venusaur|spa|2
|
|-weather|SunnyDay|[upkeep]
|upkeep
|turn|4
|
|t:|1760793128
|move|p2a: Venusaur|Earthquake|p1a: Cinderace
|-supereffective|p1a: Cinderace
|-damage|p1a: Cinderace|0 fnt
|faint|p1a: Cinderace
|-damage|p2a: Venusaur|91/100|[from] item: Life Orb
|
|-weather|SunnyDay|[upkeep]
|upkeep
|
|t:|1760793143
|switch|p1a: Persian|Persian-Alola, M|100/100
|-damage|p1a: Persian|88/100|[from] Stealth Rock
|turn|5
|
|t:|1760793150
|move|p2a: Venusaur|Weather Ball|p1a: Persian
|-damage|p1a: Persian|0 fnt
|faint|p1a: Persian
|-damage|p2a: Venusaur|81/100|[from] item: Life Orb
|
|-weather|SunnyDay|[upkeep]
|upkeep
|inactive|Barboteu85 has 120 seconds left.
|
|t:|1760793195
|switch|p1a: Reuniclus|Reuniclus, M|100/100
|turn|6
|
|t:|1760793198
|move|p2a: Venusaur|Weather Ball|p1a: Reuniclus
|-damage|p1a: Reuniclus|3/100
|-damage|p2a: Venusaur|71/100|[from] item: Life Orb
|move|p1a: Reuniclus|Psyshock|p2a: Venusaur
|-supereffective|p2a: Venusaur
|-damage|p2a: Venusaur|0 fnt
|faint|p2a: Venusaur
|
|-weather|SunnyDay|[upkeep]
|-heal|p1a: Reuniclus|9/100|[from] item: Leftovers
|upkeep
|
|t:|1760793209
|switch|p2a: Slither Wing|Slither Wing|100/100
|-activate|p2a: Slither Wing|ability: Protosynthesis
|-start|p2a: Slither Wing|protosynthesisatk
|turn|7
|
|t:|1760793214
|move|p2a: Slither Wing|U-turn|p1a: Reuniclus
|-supereffective|p1a: Reuniclus
|-damage|p1a: Reuniclus|0 fnt
|faint|p1a: Reuniclus
|
|t:|1760793222
|-end|p2a: Slither Wing|Protosynthesis|[silent]
|switch|p2a: Walking Wake|Walking Wake|100/100|[from] U-turn
|-activate|p2a: Walking Wake|ability: Protosynthesis
|-start|p2a: Walking Wake|protosynthesisspe
|
|-weather|SunnyDay|[upkeep]
|upkeep
|
|t:|1760793230
|switch|p1a: Whimsicott|Whimsicott, M|76/100
|-damage|p1a: Whimsicott|63/100|[from] Stealth Rock
|turn|8
|
|t:|1760793233
|move|p1a: Whimsicott|Stun Spore|p2a: Walking Wake
|-status|p2a: Walking Wake|par
|move|p2a: Walking Wake|Weather Ball|p1a: Whimsicott
|-supereffective|p1a: Whimsicott
|-damage|p1a: Whimsicott|0 fnt
|faint|p1a: Whimsicott
|
|-weather|none
|-end|p2a: Walking Wake|Protosynthesis
|upkeep
|
|t:|1760793241
|switch|p1a: Zangoose|Zangoose, M|100/100
|-damage|p1a: Zangoose|88/100|[from] Stealth Rock
|turn|9
|
|t:|1760793246
|move|p1a: Zangoose|Swords Dance|p1a: Zangoose
|-boost|p1a: Zangoose|atk|2
|move|p2a: Walking Wake|Draco Meteor|p1a: Zangoose|[miss]
|-miss|p2a: Walking Wake|p1a: Zangoose
|
|-status|p1a: Zangoose|tox|[from] item: Toxic Orb
|upkeep
|turn|10
|
|t:|1760793254
|move|p1a: Zangoose|Facade|p2a: Walking Wake
|-damage|p2a: Walking Wake|0 fnt
|faint|p2a: Walking Wake
|-end|p2a: Walking Wake|Protosynthesis|[silent]
|
|-damage|p1a: Zangoose|82/100 tox|[from] psn
|upkeep
|
|t:|1760793256
|switch|p2a: Torkoal|Torkoal, M|100/100
|-weather|SunnyDay|[from] ability: Drought|[of] p2a: Torkoal
|turn|11
|
|t:|1760793263
|move|p1a: Zangoose|Facade|p2a: Torkoal
|-damage|p2a: Torkoal|0 fnt
|faint|p2a: Torkoal
|
|-weather|SunnyDay|[upkeep]
|-damage|p1a: Zangoose|71/100 tox|[from] psn
|upkeep
|
|t:|1760793268
|switch|p2a: Hatterene|Hatterene, F|100/100
|-item|p2a: Hatterene|Air Balloon
|turn|12
|
|t:|1760793277
|-terastallize|p2a: Hatterene|Ghost
|move|p1a: Zangoose|Facade|p2a: Hatterene
|-immune|p2a: Hatterene
|move|p2a: Hatterene|Healing Wish|p2a: Hatterene
|faint|p2a: Hatterene
|
|-weather|SunnyDay|[upkeep]
|-damage|p1a: Zangoose|53/100 tox|[from] psn
|upkeep
|
|t:|1760793289
|switch|p2a: Slither Wing|Slither Wing|100/100
|-activate|p2a: Slither Wing|ability: Protosynthesis
|-start|p2a: Slither Wing|protosynthesisatk
|turn|13
|
|t:|1760793295
|move|p2a: Slither Wing|First Impression|p1a: Zangoose
|-damage|p1a: Zangoose|0 fnt
|faint|p1a: Zangoose
|
|-weather|SunnyDay|[upkeep]
|upkeep
|
|t:|1760793301
|switch|p1a: Salazzle|Salazzle, F|100/100
|-damage|p1a: Salazzle|76/100|[from] Stealth Rock
|turn|14
|
|t:|1760793309
|move|p1a: Salazzle|Flamethrower|p2a: Slither Wing
|-supereffective|p2a: Slither Wing
|-damage|p2a: Slither Wing|24/100
|move|p2a: Slither Wing|Earthquake|p1a: Salazzle
|-supereffective|p1a: Salazzle
|-damage|p1a: Salazzle|0 fnt
|faint|p1a: Salazzle
|
|win|Pis Mann
|raw|Barboteu85's rating: 1167 &rarr; <strong>1138</strong><br />(-29 for losing)
|raw|Pis Mann's rating: 1114 &rarr; <strong>1143</strong><br />(+29 for winning)
|l|☆Pis Mann
|player|p2|
