|j|‽Abracadaver
|j|☆KuroNoTamashi
|t:|1760885661
|gametype|singles
|player|p1|Abracadaver|koga|1383
|player|p2|KuroNoTamashi|1|1381
|gen|9
|tier|[Gen 9] OU
|rated|
|rule|HP Percentage Mod: HP is shown in percentages
|rule|Endless Battle Clause: Forcing endless battles is banned
|rule|Species Clause: Limit one of each Pokémon
|rule|OHKO Clause: OHKO moves are banned
|rule|Evasion Items Clause: Evasion items are banned
|rule|Evasion Moves Clause: Evasion moves are banned
|rule|Evasion Abilities Clause: Evasion abilities are banned
|rule|Sleep Moves Clause: Sleep-inducing moves are banned
|clearpoke
|poke|p1|Dragonite, F|
|poke|p1|Zamazenta-*|
|poke|p1|Zapdos|
|poke|p1|Umbreon, M|
|poke|p1|Cinderace, M|
|poke|p1|Gastrodon-East, M|
|poke|p2|Ursaluna, F|
|poke|p2|Mimikyu, F|
|poke|p2|Hatterene, F|
|poke|p2|Copperajah, M|
|poke|p2|Crawdaunt, F|
|poke|p2|Hoopa|
|teampreview
|
|t:|1760885677
|teamsize|p1|6
|teamsize|p2|6
|start
|switch|p1a: Zamazenta|Zamazenta|100/100
|switch|p2a: Crawdaunt|Crawdaunt, F|100/100
|-ability|p1a: Zamazenta|Dauntless Shield|boost
|-boost|p1a: Zamazenta|def|1
|turn|1
|
|t:|1760885685
|switch|p2a: Hoopa|Hoopa|100/100
|move|p1a: Zamazenta|Iron Defense|p1a: Zamazenta
|-boost|p1a: Zamazenta|def|2
|
|upkeep
|turn|2
|
|t:|1760885704
|-terastallize|p1a: Zamazenta|Steel
|move|p1a: Zamazenta|Substitute|p1a: Zamazenta
|-start|p1a: Zamazenta|Substitute
|-damage|p1a: Zamazenta|75/100
|move|p2a: Hoopa|Trick Room|p2a: Hoopa
|-fieldstart|move: Trick Room|[of] p2a: Hoopa
|
|-heal|p1a: Zamazenta|82/100|[from] item: Leftovers
|upkeep
|turn|3
|inactive|Battle timer is ON: inactive players will automatically lose when time's up. (requested by KuroNoTamashi)
|
|t:|1760885724
|move|p2a: Hoopa|Shadow Ball|p1a: Zamazenta
|-end|p1a: Zamazenta|Substitute
|move|p1a: Zamazenta|Heavy Slam|p2a: Hoopa
|-damage|p2a: Hoopa|17/100
|
|-heal|p1a: Zamazenta|88/100|[from] item: Leftovers
|upkeep
|turn|4
|
|t:|1760885740
|move|p2a: Hoopa|Shadow Ball|p1a: Zamazenta
|-damage|p1a: Zamazenta|51/100
|move|p1a: Zamazenta|Heavy Slam|p2a: Hoopa
|-damage|p2a: Hoopa|0 fnt
|faint|p2a: Hoopa
|
|-heal|p1a: Zamazenta|57/100|[from] item: Leftovers
|upkeep
|
|t:|1760885750
|switch|p2a: Crawdaunt|Crawdaunt, F|100/100
|turn|5
|
|t:|1760885762
|move|p2a: Crawdaunt|Close Combat|p1a: Zamazenta
|-supereffective|p1a: Zamazenta
|-damage|p1a: Zamazenta|20/100
|-unboost|p2a: Crawdaunt|def|1
|-unboost|p2a: Crawdaunt|spd|1
|move|p1a: Zamazenta|Body Press|p2a: Crawdaunt
|-supereffective|p2a: Crawdaunt
|-damage|p2a: Crawdaunt|0 fnt
|faint|p2a: Crawdaunt
|
|-heal|p1a: Zamazenta|26/100|[from] item: Leftovers
|upkeep
|
|t:|1760885766
|switch|p2a: Ursaluna|Ursaluna, F, shiny|100/100
|turn|6
|
|t:|1760885780
|switch|p1a: Zapdos|Zapdos|100/100
|-ability|p1a: Zapdos|Pressure
|move|p2a: Ursaluna|Headlong Rush|p1a: Zapdos
|-immune|p1a: Zapdos
|
|-fieldend|move: Trick Room
|-status|p2a: Ursaluna|brn|[from] item: Flame Orb
|upkeep
|turn|7
|
|t:|1760885791
|-terastallize|p2a: Ursaluna|Normal
|move|p1a: Zapdos|Hurricane|p2a: Ursaluna|[miss]
|-miss|p1a: Zapdos|p2a: Ursaluna
|move|p2a: Ursaluna|Facade|p1a: Zapdos
|-damage|p1a: Zapdos|0 fnt
|faint|p1a: Zapdos
|
|-damage|p2a: Ursaluna|94/100 brn|[from] brn
|upkeep
|
|t:|1760885803
|switch|p1a: Zamazenta|Zamazenta, tera:Steel|26/100
|turn|8
|
|t:|1760885806
|switch|p2a: Mimikyu|Mimikyu, F|100/100
|move|p1a: Zamazenta|Body Press|p2a: Mimikyu
|-immune|p2a: Mimikyu
|
|-heal|p1a: Zamazenta|32/100|[from] item: Leftovers
|upkeep
|turn|9
|
|t:|1760885821
|move|p1a: Zamazenta|Iron Defense|p1a: Zamazenta
|-boost|p1a: Zamazenta|def|2
|move|p2a: Mimikyu|Trick Room|p2a: Mimikyu
|-fieldstart|move: Trick Room|[of] p2a: Mimikyu
|
|-heal|p1a: Zamazenta|38/100|[from] item: Leftovers
|upkeep
|turn|10
|
|t:|1760885831
|switch|p2a: Copperajah|Copperajah, M, shiny|100/100
|move|p1a: Zamazenta|Heavy Slam|p2a: Copperajah
|-resisted|p2a: Copperajah
|-damage|p2a: Copperajah|91/100
|
|-heal|p1a: Zamazenta|45/100|[from] item: Leftovers
|upkeep
|turn|11
|
|t:|1760885842
|move|p2a: Copperajah|Earthquake|p1a: Zamazenta
|-supereffective|p1a: Zamazenta
|-damage|p1a: Zamazenta|6/100
|-damage|p2a: Copperajah|81/100|[from] item: Life Orb
|move|p1a: Zamazenta|Iron Defense|p1a: Zamazenta
|-boost|p1a: Zamazenta|def|2
|
|-heal|p1a: Zamazenta|13/100|[from] item: Leftovers
|upkeep
|turn|12
|
|t:|1760885851
|switch|p1a: Dragonite|Dragonite, F|100/100
|move|p2a: Copperajah|Heat Crash|p1a: Dragonite
|-resisted|p1a: Dragonite
|-damage|p1a: Dragonite|89/100
|-damage|p2a: Copperajah|71/100|[from] item: Life Orb
|
|upkeep
|turn|13
|
|t:|1760885859
|move|p2a: Copperajah|Play Rough|p1a: Dragonite|[miss]
|-miss|p2a: Copperajah|p1a: Dragonite
|move|p1a: Dragonite|Dragon Dance|p1a: Dragonite
|-boost|p1a: Dragonite|atk|1
|-boost|p1a: Dragonite|spe|1
|
|-fieldend|move: Trick Room
|upkeep
|turn|14
|
|t:|1760885868
|move|p1a: Dragonite|Earthquake|p2a: Copperajah
|-supereffective|p2a: Copperajah
|-damage|p2a: Copperajah|0 fnt
|faint|p2a: Copperajah
|
|upkeep
|
|t:|1760885871
|switch|p2a: Hatterene|Hatterene, F|100/100
|turn|15
|
|t:|1760885878
|move|p1a: Dragonite|Earthquake|p2a: Hatterene
|-damage|p2a: Hatterene|35/100
|move|p2a: Hatterene|Trick Room|p2a: Hatterene
|-fieldstart|move: Trick Room|[of] p2a: Hatterene
|
|upkeep
|turn|16
|
|t:|1760885884
|move|p1a: Dragonite|Extreme Speed|p2a: Hatterene
|-damage|p2a: Hatterene|0 fnt
|faint|p2a: Hatterene
|
|upkeep
|
|t:|1760885887
|switch|p2a: Ursaluna|Ursaluna, F, shiny, tera:Normal|94/100 brn
|turn|17
|
|t:|1760885892
|move|p1a: Dragonite|Extreme Speed|p2a: Ursaluna
|-damage|p2a: Ursaluna|60/100 brn
|move|p2a: Ursaluna|Facade|p1a: Dragonite
|-damage|p1a: Dragonite|0 fnt
|faint|p1a: Dragonite
|
|-damage|p2a: Ursaluna|53/100 brn|[from] brn
|upkeep
|
|t:|1760885902
|switch|p1a: Umbreon|Umbreon, M, shiny|100/100
|turn|18
|
|t:|1760885906
|move|p1a: Umbreon|Protect|p1a: Umbreon
|-singleturn|p1a: Umbreon|Protect
|move|p2a: Ursaluna|Facade|p1a: Umbreon
|-activate|p1a: Umbreon|move: Protect
|
|-damage|p2a: Ursaluna|47/100 brn|[from] brn
|upkeep
|turn|19
|
|t:|1760885915
|switch|p1a: Gastrodon|Gastrodon-East, M|100/100
|move|p2a: Ursaluna|Facade|p1a: Gastrodon
|-damage|p1a: Gastrodon|0 fnt
|faint|p1a: Gastrodon
|
|-damage|p2a: Ursaluna|41/100 brn|[from] brn
|-fieldend|move: Trick Room
|upkeep
|
|t:|1760885930
|switch|p1a: Cinderace|Cinderace, M|100/100
|turn|20
|
|t:|1760885934
|switch|p2a: Mimikyu|Mimikyu, F|100/100
|move|p1a: Cinderace|U-turn|p2a: Mimikyu
|-start|p1a: Cinderace|typechange|Bug|[from] ability: Libero
|-activate|p2a: Mimikyu|ability: Disguise
|-damage|p2a: Mimikyu|100/100
|detailschange|p2a: Mimikyu|Mimikyu-Busted, F
|-damage|p2a: Mimikyu|88/100|[from] pokemon: Mimikyu-Busted
|
|t:|1760885943
|switch|p1a: Zamazenta|Zamazenta, tera:Steel|13/100|[from] U-turn
|
|-heal|p1a: Zamazenta|19/100|[from] item: Leftovers
|upkeep
|turn|21
|
|t:|1760885950
|move|p1a: Zamazenta|Heavy Slam|p2a: Mimikyu
|-supereffective|p2a: Mimikyu
|-damage|p2a: Mimikyu|0 fnt
|faint|p2a: Mimikyu
|
|-heal|p1a: Zamazenta|25/100|[from] item: Leftovers
|upkeep
|-message|KuroNoTamashi forfeited.
|
|win|Abracadaver
|raw|Abracadaver's rating: 1383 &rarr; <strong>1403</strong><br />(+20 for winning)
|raw|KuroNoTamashi's rating: 1381 &rarr; <strong>1361</strong><br />(-20 for losing)
|l|☆KuroNoTamashi
|player|p2|
|l|‽Abracadaver
|player|p1|
