|j|☆healorant
|j|☆kingkong427
|t:|1760813610
|gametype|singles
|player|p1|healorant|alder|1702
|player|p2|kingkong427|ethan|1705
|gen|9
|tier|[Gen 9] OU
|rated|
|rule|HP Percentage Mod: HP is shown in percentages
|rule|Endless Battle Clause: Forcing endless battles is banned
|rule|Species Clause: Limit one of each Pokémon
|rule|OHKO Clause: OHKO moves are banned
|rule|Evasion Items Clause: Evasion items are banned
|rule|Evasion Moves Clause: Evasion moves are banned
|rule|Evasion Abilities Clause: Evasion abilities are banned
|rule|Sleep Moves Clause: Sleep-inducing moves are banned
|clearpoke
|poke|p1|Ursaluna, F|
|poke|p1|Rillaboom, M|
|poke|p1|Zamazenta-*|
|poke|p1|Raging Bolt|
|poke|p1|Weezing-Galar, F|
|poke|p1|Garganacl, M|
|poke|p2|Garchomp, F|
|poke|p2|Iron Treads|
|poke|p2|Zamazenta-*|
|poke|p2|Darkrai|
|poke|p2|Primarina, F|
|poke|p2|Gholdengo|
|teampreview
|inactive|Battle timer is ON: inactive players will automatically lose when time's up. (requested by healorant)
|
|t:|1760813637
|teamsize|p1|6
|teamsize|p2|6
|start
|switch|p1a: Garganacl|Garganacl, M|100/100
|switch|p2a: Iron Treads|Iron Treads|100/100
|-enditem|p2a: Iron Treads|Booster Energy
|-activate|p2a: Iron Treads|ability: Quark Drive|[fromitem]
|-start|p2a: Iron Treads|quarkdrivespe
|turn|1
|
|t:|1760813643
|move|p2a: Iron Treads|Stealth Rock|p1a: Garganacl
|-sidestart|p1: healorant|move: Stealth Rock
|move|p1a: Garganacl|Salt Cure|p2a: Iron Treads
|-resisted|p2a: Iron Treads
|-damage|p2a: Iron Treads|97/100
|-start|p2a: Iron Treads|Salt Cure
|
|-damage|p2a: Iron Treads|72/100|[from] Salt Cure
|upkeep
|turn|2
|
|t:|1760813646
|move|p2a: Iron Treads|Earth Power|p1a: Garganacl
|-supereffective|p1a: Garganacl
|-crit|p1a: Garganacl
|-damage|p1a: Garganacl|33/100
|move|p1a: Garganacl|Stealth Rock|p2a: Iron Treads
|-sidestart|p2: kingkong427|move: Stealth Rock
|
|-heal|p1a: Garganacl|39/100|[from] item: Leftovers
|-damage|p2a: Iron Treads|48/100|[from] Salt Cure
|upkeep
|turn|3
|
|t:|1760813650
|move|p1a: Garganacl|Protect|p1a: Garganacl
|-singleturn|p1a: Garganacl|Protect
|move|p2a: Iron Treads|Steel Beam|p1a: Garganacl
|-activate|p1a: Garganacl|move: Protect
|-damage|p2a: Iron Treads|0 fnt|[from] steelbeam
|faint|p2a: Iron Treads
|-end|p2a: Iron Treads|Quark Drive|[silent]
|
|-heal|p1a: Garganacl|46/100|[from] item: Leftovers
|upkeep
|
|t:|1760813652
|switch|p2a: Garchomp|Garchomp, F|100/100
|-damage|p2a: Garchomp|94/100|[from] Stealth Rock
|turn|4
|
|t:|1760813660
|move|p2a: Garchomp|Swords Dance|p2a: Garchomp
|-boost|p2a: Garchomp|atk|2
|move|p1a: Garganacl|Recover|p1a: Garganacl
|-heal|p1a: Garganacl|96/100
|
|-heal|p1a: Garganacl|100/100|[from] item: Leftovers
|upkeep
|turn|5
|
|t:|1760813664
|-terastallize|p1a: Garganacl|Fairy
|move|p2a: Garchomp|Earthquake|p1a: Garganacl
|-damage|p1a: Garganacl|35/100
|move|p1a: Garganacl|Salt Cure|p2a: Garchomp
|-resisted|p2a: Garchomp
|-damage|p2a: Garchomp|88/100
|-start|p2a: Garchomp|Salt Cure
|
|-heal|p1a: Garganacl|41/100|[from] item: Leftovers
|-damage|p2a: Garchomp|75/100|[from] Salt Cure
|upkeep
|turn|6
|
|t:|1760813668
|move|p1a: Garganacl|Protect|p1a: Garganacl
|-singleturn|p1a: Garganacl|Protect
|move|p2a: Garchomp|Swords Dance|p2a: Garchomp
|-boost|p2a: Garchomp|atk|2
|
|-heal|p1a: Garganacl|47/100|[from] item: Leftovers
|-damage|p2a: Garchomp|63/100|[from] Salt Cure
|upkeep
|turn|7
|
|t:|1760813674
|switch|p1a: Rillaboom|Rillaboom, M|100/100
|-damage|p1a: Rillaboom|88/100|[from] Stealth Rock
|-fieldstart|move: Grassy Terrain|[from] ability: Grassy Surge|[of] p1a: Rillaboom
|move|p2a: Garchomp|Fire Fang|p1a: Rillaboom|[miss]
|-miss|p2a: Garchomp|p1a: Rillaboom
|
|-heal|p2a: Garchomp|69/100|[from] Grassy Terrain
|-heal|p1a: Rillaboom|94/100|[from] Grassy Terrain
|-heal|p1a: Rillaboom|99/100|[from] item: Leftovers
|-damage|p2a: Garchomp|57/100|[from] Salt Cure
|upkeep
|turn|8
|
|t:|1760813682
|switch|p1a: Weezing|Weezing-Galar, F|100/100
|-ability|p1a: Weezing|Neutralizing Gas
|move|p2a: Garchomp|Fire Fang|p1a: Weezing
|-damage|p1a: Weezing|59/100
|
|-heal|p2a: Garchomp|63/100|[from] Grassy Terrain
|-heal|p1a: Weezing|65/100|[from] Grassy Terrain
|-damage|p2a: Garchomp|51/100|[from] Salt Cure
|upkeep
|turn|9
|
|t:|1760813693
|move|p2a: Garchomp|Earthquake|p1a: Weezing
|-supereffective|p1a: Weezing
|-damage|p1a: Weezing|0 fnt
|faint|p1a: Weezing
|-end|p1a: Weezing|ability: Neutralizing Gas
|
|-heal|p2a: Garchomp|57/100|[from] Grassy Terrain
|-damage|p2a: Garchomp|44/100|[from] Salt Cure
|upkeep
|
|t:|1760813695
|switch|p1a: Zamazenta|Zamazenta|100/100
|-damage|p1a: Zamazenta|94/100|[from] Stealth Rock
|-ability|p1a: Zamazenta|Dauntless Shield|boost
|-boost|p1a: Zamazenta|def|1
|turn|10
|
|t:|1760813700
|move|p1a: Zamazenta|Close Combat|p2a: Garchomp
|-damage|p2a: Garchomp|0 fnt
|-unboost|p1a: Zamazenta|def|1
|-unboost|p1a: Zamazenta|spd|1
|-damage|p1a: Zamazenta|82/100|[from] ability: Rough Skin|[of] p2a: Garchomp
|faint|p2a: Garchomp
|-damage|p1a: Zamazenta|72/100|[from] item: Life Orb
|
|-heal|p1a: Zamazenta|78/100|[from] Grassy Terrain
|upkeep
|
|t:|1760813703
|switch|p2a: Primarina|Primarina, F|100/100
|-damage|p2a: Primarina|88/100|[from] Stealth Rock
|turn|11
|
|t:|1760813709
|move|p1a: Zamazenta|Heavy Slam|p2a: Primarina
|-damage|p2a: Primarina|35/100
|-damage|p1a: Zamazenta|68/100|[from] item: Life Orb
|move|p2a: Primarina|Moonblast|p1a: Zamazenta
|-supereffective|p1a: Zamazenta
|-damage|p1a: Zamazenta|0 fnt
|faint|p1a: Zamazenta
|
|-heal|p2a: Primarina|41/100|[from] Grassy Terrain
|-fieldend|move: Grassy Terrain
|upkeep
|
|t:|1760813715
|switch|p1a: Raging Bolt|Raging Bolt|100/100
|-damage|p1a: Raging Bolt|88/100|[from] Stealth Rock
|turn|12
|
|t:|1760813733
|switch|p2a: Gholdengo|Gholdengo|100/100
|-damage|p2a: Gholdengo|94/100|[from] Stealth Rock
|-item|p2a: Gholdengo|Air Balloon
|move|p1a: Raging Bolt|Thunderbolt|p2a: Gholdengo
|-damage|p2a: Gholdengo|17/100
|-enditem|p2a: Gholdengo|Air Balloon
|
|upkeep
|turn|13
|
|t:|1760813738
|move|p1a: Raging Bolt|Thunderbolt|p2a: Gholdengo
|-crit|p2a: Gholdengo
|-damage|p2a: Gholdengo|0 fnt
|faint|p2a: Gholdengo
|
|upkeep
|
|t:|1760813742
|switch|p2a: Darkrai|Darkrai|100/100
|-damage|p2a: Darkrai|88/100|[from] Stealth Rock
|turn|14
|
|t:|1760813749
|move|p2a: Darkrai|Sludge Bomb|p1a: Raging Bolt
|-damage|p1a: Raging Bolt|59/100
|move|p1a: Raging Bolt|Thunderbolt|p2a: Darkrai
|-damage|p2a: Darkrai|0 fnt
|faint|p2a: Darkrai
|
|upkeep
|
|t:|1760813752
|switch|p2a: Zamazenta|Zamazenta|100/100
|-damage|p2a: Zamazenta|94/100|[from] Stealth Rock
|-ability|p2a: Zamazenta|Dauntless Shield|boost
|-boost|p2a: Zamazenta|def|1
|turn|15
|
|t:|1760813753
|move|p2a: Zamazenta|Body Press|p1a: Raging Bolt
|-damage|p1a: Raging Bolt|14/100
|move|p1a: Raging Bolt|Thunderbolt|p2a: Zamazenta
|-damage|p2a: Zamazenta|37/100
|
|-heal|p2a: Zamazenta|43/100|[from] item: Leftovers
|upkeep
|turn|16
|
|t:|1760813757
|move|p2a: Zamazenta|Body Press|p1a: Raging Bolt
|-damage|p1a: Raging Bolt|0 fnt
|faint|p1a: Raging Bolt
|-end|p1a: Raging Bolt|Protosynthesis|[silent]
|
|-heal|p2a: Zamazenta|49/100|[from] item: Leftovers
|upkeep
|
|t:|1760813760
|switch|p1a: Garganacl|Garganacl, M, tera:Fairy|47/100
|-damage|p1a: Garganacl|35/100|[from] Stealth Rock
|turn|17
|
|t:|1760813762
|move|p2a: Zamazenta|Substitute|p2a: Zamazenta
|-start|p2a: Zamazenta|Substitute
|-damage|p2a: Zamazenta|24/100
|move|p1a: Garganacl|Salt Cure|p2a: Zamazenta
|-resisted|p2a: Zamazenta
|-activate|p2a: Zamazenta|move: Substitute|[damage]
|
|-heal|p2a: Zamazenta|30/100|[from] item: Leftovers
|-heal|p1a: Garganacl|41/100|[from] item: Leftovers
|upkeep
|turn|18
|-message|healorant forfeited.
|
|win|kingkong427
|raw|healorant's rating: 1702 &rarr; <strong>1682</strong><br />(-20 for losing)
|raw|kingkong427's rating: 1705 &rarr; <strong>1725</strong><br />(+20 for winning)
|l|☆healorant
|player|p1|
|l|☆kingkong427
|player|p2|
