|j|☆scrubtest98
|j|☆Gen1onlyedgy
|t:|1760848797
|gametype|singles
|player|p1|scrubtest98|170|1552
|player|p2|Gen1onlyedgy|lucas|1547
|gen|9
|tier|[Gen 9] OU
|rated|
|rule|HP Percentage Mod: HP is shown in percentages
|rule|Endless Battle Clause: Forcing endless battles is banned
|rule|Species Clause: Limit one of each Pokémon
|rule|OHKO Clause: OHKO moves are banned
|rule|Evasion Items Clause: Evasion items are banned
|rule|Evasion Moves Clause: Evasion moves are banned
|rule|Evasion Abilities Clause: Evasion abilities are banned
|rule|Sleep Moves Clause: Sleep-inducing moves are banned
|clearpoke
|poke|p1|Rillaboom, M|
|poke|p1|Zamazenta-*|
|poke|p1|Heatran, M|
|poke|p1|Ogerpon-Wellspring, F|
|poke|p1|Great Tusk|
|poke|p1|Dragapult, F|
|poke|p2|Primarina, M|
|poke|p2|Dondozo, F|
|poke|p2|Scizor, M|
|poke|p2|Araquanid, M|
|poke|p2|Kyurem|
|poke|p2|Meowscarada, F|
|teampreview
|
|t:|1760848801
|teamsize|p1|6
|teamsize|p2|6
|start
|switch|p1a: Rillaboom|Rillaboom, M|100/100
|switch|p2a: Scizor|Scizor, M|100/100
|-fieldstart|move: Grassy Terrain|[from] ability: Grassy Surge|[of] p1a: Rillaboom
|turn|1
|
|t:|1760848804
|switch|p1a: Heatran|Heatran, M|100/100
|move|p2a: Scizor|U-turn|p1a: Heatran
|-resisted|p1a: Heatran
|-damage|p1a: Heatran|87/100
|
|t:|1760848808
|switch|p2a: Araquanid|Araquanid, M|100/100|[from] U-turn
|
|-heal|p1a: Heatran|94/100|[from] Grassy Terrain
|-heal|p1a: Heatran|99/100|[from] item: Leftovers
|upkeep
|turn|2
|inactive|Battle timer is ON: inactive players will automatically lose when time's up. (requested by Gen1onlyedgy)
|
|t:|1760848812
|move|p1a: Heatran|Taunt|p2a: Araquanid
|-start|p2a: Araquanid|move: Taunt
|move|p2a: Araquanid|Liquidation|p1a: Heatran
|-supereffective|p1a: Heatran
|-damage|p1a: Heatran|0 fnt
|faint|p1a: Heatran
|
|upkeep
|
|t:|1760848818
|switch|p1a: Ogerpon|Ogerpon-Wellspring, F|100/100
|turn|3
|
|t:|1760848822
|switch|p2a: Meowscarada|Meowscarada, F|100/100
|move|p1a: Ogerpon|Swords Dance|p1a: Ogerpon
|-boost|p1a: Ogerpon|atk|2
|
|upkeep
|turn|4
|
|t:|1760848828
|move|p2a: Meowscarada|Flower Trick|p1a: Ogerpon
|-start|p2a: Meowscarada|typechange|Grass|[from] ability: Protean
|-crit|p1a: Ogerpon
|-damage|p1a: Ogerpon|15/100
|move|p1a: Ogerpon|Play Rough|p2a: Meowscarada
|-damage|p2a: Meowscarada|0 fnt
|faint|p2a: Meowscarada
|
|-heal|p1a: Ogerpon|22/100|[from] Grassy Terrain
|upkeep
|
|t:|1760848833
|switch|p2a: Scizor|Scizor, M|100/100
|turn|5
|
|t:|1760848844
|switch|p1a: Great Tusk|Great Tusk|100/100
|-enditem|p1a: Great Tusk|Booster Energy
|-activate|p1a: Great Tusk|ability: Protosynthesis|[fromitem]
|-start|p1a: Great Tusk|protosynthesisatk
|move|p2a: Scizor|Bullet Punch|p1a: Great Tusk
|-damage|p1a: Great Tusk|63/100
|
|-heal|p1a: Great Tusk|70/100|[from] Grassy Terrain
|-fieldend|move: Grassy Terrain
|upkeep
|turn|6
|
|t:|1760848850
|switch|p2a: Araquanid|Araquanid, M|100/100
|move|p1a: Great Tusk|Bulk Up|p1a: Great Tusk
|-boost|p1a: Great Tusk|atk|1
|-boost|p1a: Great Tusk|def|1
|
|upkeep
|turn|7
|
|t:|1760848863
|-terastallize|p1a: Great Tusk|Poison
|move|p1a: Great Tusk|Ice Spinner|p2a: Araquanid
|-resisted|p2a: Araquanid
|-damage|p2a: Araquanid|70/100
|move|p2a: Araquanid|Liquidation|p1a: Great Tusk
|-damage|p1a: Great Tusk|22/100
|
|upkeep
|turn|8
|
|t:|1760848866
|move|p1a: Great Tusk|Headlong Rush|p2a: Araquanid
|-resisted|p2a: Araquanid
|-damage|p2a: Araquanid|0 fnt
|-unboost|p1a: Great Tusk|def|1
|-unboost|p1a: Great Tusk|spd|1
|faint|p2a: Araquanid
|
|upkeep
|
|t:|1760848871
|switch|p2a: Scizor|Scizor, M|100/100
|turn|9
|
|t:|1760848879
|move|p2a: Scizor|Bullet Punch|p1a: Great Tusk
|-damage|p1a: Great Tusk|0 fnt
|faint|p1a: Great Tusk
|-end|p1a: Great Tusk|Protosynthesis|[silent]
|
|upkeep
|
|t:|1760848882
|switch|p1a: Zamazenta|Zamazenta|100/100
|-ability|p1a: Zamazenta|Dauntless Shield|boost
|-boost|p1a: Zamazenta|def|1
|turn|10
|
|t:|1760848885
|switch|p1a: Rillaboom|Rillaboom, M|100/100
|-fieldstart|move: Grassy Terrain|[from] ability: Grassy Surge|[of] p1a: Rillaboom
|switch|p2a: Dondozo|Dondozo, F|100/100
|
|upkeep
|turn|11
|
|t:|1760848894
|move|p1a: Rillaboom|U-turn|p2a: Dondozo
|-damage|p2a: Dondozo|78/100
|
|t:|1760848896
|switch|p1a: Ogerpon|Ogerpon-Wellspring, F|22/100|[from] U-turn
|move|p2a: Dondozo|Curse|p2a: Dondozo
|-unboost|p2a: Dondozo|spe|1
|-boost|p2a: Dondozo|atk|1
|-boost|p2a: Dondozo|def|1
|
|-heal|p1a: Ogerpon|28/100|[from] Grassy Terrain
|-heal|p2a: Dondozo|85/100|[from] Grassy Terrain
|-heal|p2a: Dondozo|91/100|[from] item: Leftovers
|upkeep
|turn|12
|
|t:|1760848903
|switch|p1a: Rillaboom|Rillaboom, M|100/100
|switch|p2a: Scizor|Scizor, M|100/100
|
|upkeep
|turn|13
|
|t:|1760848910
|switch|p1a: Zamazenta|Zamazenta|100/100
|move|p2a: Scizor|U-turn|p1a: Zamazenta
|-resisted|p1a: Zamazenta
|-damage|p1a: Zamazenta|72/100
|
|t:|1760848914
|switch|p2a: Primarina|Primarina, M|100/100|[from] U-turn
|
|-heal|p1a: Zamazenta|78/100|[from] Grassy Terrain
|upkeep
|turn|14
|
|t:|1760848922
|switch|p1a: Rillaboom|Rillaboom, M|100/100
|move|p2a: Primarina|Moonblast|p1a: Rillaboom
|-damage|p1a: Rillaboom|40/100
|
|-heal|p1a: Rillaboom|46/100|[from] Grassy Terrain
|-fieldend|move: Grassy Terrain
|upkeep
|turn|15
|
|t:|1760848928
|switch|p2a: Scizor|Scizor, M|100/100
|move|p1a: Rillaboom|Wood Hammer|p2a: Scizor
|-resisted|p2a: Scizor
|-damage|p2a: Scizor|74/100
|-damage|p1a: Rillaboom|38/100|[from] Recoil
|
|upkeep
|turn|16
|
|t:|1760848932
|switch|p1a: Zamazenta|Zamazenta|78/100
|move|p2a: Scizor|U-turn|p1a: Zamazenta
|-resisted|p1a: Zamazenta
|-damage|p1a: Zamazenta|49/100
|
|t:|1760848935
|switch|p2a: Primarina|Primarina, M|100/100|[from] U-turn
|
|upkeep
|turn|17
|
|t:|1760848938
|move|p1a: Zamazenta|Heavy Slam|p2a: Primarina
|-crit|p2a: Primarina
|-damage|p2a: Primarina|21/100
|-damage|p1a: Zamazenta|39/100|[from] item: Life Orb
|move|p2a: Primarina|Moonblast|p1a: Zamazenta
|-supereffective|p1a: Zamazenta
|-damage|p1a: Zamazenta|0 fnt
|faint|p1a: Zamazenta
|
|upkeep
|
|t:|1760848941
|switch|p1a: Rillaboom|Rillaboom, M|38/100
|-fieldstart|move: Grassy Terrain|[from] ability: Grassy Surge|[of] p1a: Rillaboom
|turn|18
|
|t:|1760848944
|move|p1a: Rillaboom|U-turn|p2a: Primarina
|-resisted|p2a: Primarina
|-damage|p2a: Primarina|0 fnt
|faint|p2a: Primarina
|
|t:|1760848947
|switch|p1a: Ogerpon|Ogerpon-Wellspring, F|28/100|[from] U-turn
|
|-heal|p1a: Ogerpon|34/100|[from] Grassy Terrain
|upkeep
|
|t:|1760848949
|switch|p2a: Scizor|Scizor, M|74/100
|turn|19
|
|t:|1760848952
|-terastallize|p2a: Scizor|Steel
|move|p2a: Scizor|Bullet Punch|p1a: Ogerpon
|-resisted|p1a: Ogerpon
|-damage|p1a: Ogerpon|0 fnt
|faint|p1a: Ogerpon
|
|-heal|p2a: Scizor|80/100|[from] Grassy Terrain
|upkeep
|
|t:|1760848956
|switch|p1a: Dragapult|Dragapult, F|100/100
|turn|20
|
|t:|1760848957
|move|p2a: Scizor|Bullet Punch|p1a: Dragapult
|-damage|p1a: Dragapult|13/100
|move|p1a: Dragapult|Fire Blast|p2a: Scizor
|-supereffective|p2a: Scizor
|-crit|p2a: Scizor
|-damage|p2a: Scizor|0 fnt
|faint|p2a: Scizor
|
|-heal|p1a: Dragapult|19/100|[from] Grassy Terrain
|upkeep
|
|t:|1760848961
|switch|p2a: Kyurem|Kyurem|100/100
|-ability|p2a: Kyurem|Pressure
|turn|21
|
|t:|1760848963
|move|p2a: Kyurem|Ice Beam|p1a: Dragapult
|-supereffective|p1a: Dragapult
|-damage|p1a: Dragapult|0 fnt
|faint|p1a: Dragapult
|
|upkeep
|-message|scrubtest98 forfeited.
|
|win|Gen1onlyedgy
|raw|scrubtest98's rating: 1552 &rarr; <strong>1532</strong><br />(-20 for losing)
|raw|Gen1onlyedgy's rating: 1547 &rarr; <strong>1567</strong><br />(+20 for winning)
|l|☆scrubtest98
|player|p1|
