|j|☆Rob Rancid
|j|☆UncleQuack
|t:|1760728061
|gametype|singles
|player|p1|Rob Rancid|marlon|1353
|player|p2|UncleQuack|harlequin|1384
|gen|9
|tier|[Gen 9] OU
|rated|
|rule|HP Percentage Mod: HP is shown in percentages
|rule|Endless Battle Clause: Forcing endless battles is banned
|rule|Species Clause: Limit one of each Pokémon
|rule|OHKO Clause: OHKO moves are banned
|rule|Evasion Items Clause: Evasion items are banned
|rule|Evasion Moves Clause: Evasion moves are banned
|rule|Evasion Abilities Clause: Evasion abilities are banned
|rule|Sleep Moves Clause: Sleep-inducing moves are banned
|clearpoke
|poke|p1|Cinderace, F|
|poke|p1|Smeargle, F|
|poke|p1|Iron Crown|
|poke|p1|Hoopa|
|poke|p1|Landorus-Therian, M|
|poke|p1|Quaquaval, M|
|poke|p2|Scovillain, M|
|poke|p2|Walking Wake|
|poke|p2|Torkoal, F|
|poke|p2|Ceruledge, F|
|poke|p2|Iron Moth|
|poke|p2|Ditto|
|teampreview
|inactive|Battle timer is ON: inactive players will automatically lose when time's up. (requested by UncleQuack)
|
|t:|1760728081
|teamsize|p1|6
|teamsize|p2|6
|start
|switch|p1a: Smeargle|Smeargle, F|100/100
|switch|p2a: Wake & Bake|Walking Wake|100/100
|turn|1
|
|t:|1760728089
|move|p2a: Wake & Bake|Draco Meteor|p1a: Smeargle|[miss]
|-miss|p2a: Wake & Bake|p1a: Smeargle
|move|p1a: Smeargle|Glare|p2a: Wake & Bake
|-status|p2a: Wake & Bake|par
|
|upkeep
|turn|2
|
|t:|1760728099
|move|p1a: Smeargle|Sticky Web|p2a: Wake & Bake
|-sidestart|p2: UncleQuack|move: Sticky Web
|move|p2a: Wake & Bake|Draco Meteor|p1a: Smeargle
|-enditem|p1a: Smeargle|Focus Sash
|-damage|p1a: Smeargle|1/100
|-unboost|p2a: Wake & Bake|spa|2
|
|upkeep
|turn|3
|
|t:|1760728109
|-end|p2a: Wake & Bake|Protosynthesis|[silent]
|switch|p2a: Dylan|Ditto|100/100
|-activate|p2a: Dylan|move: Sticky Web
|-unboost|p2a: Dylan|spe|1
|-transform|p2a: Dylan|p1a: Smeargle|[from] ability: Imposter
|move|p1a: Smeargle|Ceaseless Edge|p2a: Dylan
|-damage|p2a: Dylan|79/100
|-sidestart|p2: UncleQuack|Spikes
|
|upkeep
|turn|4
|
|t:|1760728130
|move|p2a: Dylan|Sticky Web|p1a: Smeargle
|-sidestart|p1: Rob Rancid|move: Sticky Web
|move|p1a: Smeargle|Ceaseless Edge|p2a: Dylan
|-damage|p2a: Dylan|55/100
|-sidestart|p2: UncleQuack|Spikes
|
|upkeep
|turn|5
|
|t:|1760728144
|switch|p2a: Wake & Bake|Walking Wake|100/100 par
|-activate|p2a: Wake & Bake|move: Sticky Web
|-unboost|p2a: Wake & Bake|spe|1
|-damage|p2a: Wake & Bake|84/100 par|[from] Spikes
|move|p1a: Smeargle|Glare|p2a: Wake & Bake
|-fail|p2a: Wake & Bake|par
|
|upkeep
|turn|6
|
|t:|1760728155
|move|p1a: Smeargle|Ceaseless Edge|p2a: Wake & Bake
|-damage|p2a: Wake & Bake|74/100 par
|-sidestart|p2: UncleQuack|Spikes
|cant|p2a: Wake & Bake|par
|
|upkeep
|turn|7
|
|t:|1760728164
|move|p1a: Smeargle|Salt Cure|p2a: Wake & Bake
|-damage|p2a: Wake & Bake|69/100 par
|-start|p2a: Wake & Bake|Salt Cure
|cant|p2a: Wake & Bake|par
|
|-damage|p2a: Wake & Bake|44/100 par|[from] Salt Cure
|upkeep
|turn|8
|
|t:|1760728174
|switch|p1a: Quaquaval|Quaquaval, M|100/100
|-activate|p1a: Quaquaval|move: Sticky Web
|-unboost|p1a: Quaquaval|spe|1
|move|p2a: Wake & Bake|Hydro Steam|p1a: Quaquaval
|-resisted|p1a: Quaquaval
|-damage|p1a: Quaquaval|71/100
|
|-damage|p2a: Wake & Bake|19/100 par|[from] Salt Cure
|upkeep
|turn|9
|
|t:|1760728198
|-end|p2a: Wake & Bake|Protosynthesis|[silent]
|switch|p2a: Cigarette Grandpa|Torkoal, F|100/100
|-activate|p2a: Cigarette Grandpa|move: Sticky Web
|-unboost|p2a: Cigarette Grandpa|spe|1
|-damage|p2a: Cigarette Grandpa|75/100|[from] Spikes
|-weather|SunnyDay|[from] ability: Drought|[of] p2a: Cigarette Grandpa
|move|p1a: Quaquaval|Rapid Spin|p2a: Cigarette Grandpa
|-damage|p2a: Cigarette Grandpa|66/100
|-boost|p1a: Quaquaval|spe|1
|-sideend|p1: Rob Rancid|Sticky Web|[from] move: Rapid Spin|[of] p1a: Quaquaval
|
|-weather|SunnyDay|[upkeep]
|upkeep
|turn|10
|
|t:|1760728214
|switch|p1a: Hoopa|Hoopa|100/100
|move|p2a: Cigarette Grandpa|Rapid Spin|p1a: Hoopa
|-immune|p1a: Hoopa
|
|-weather|SunnyDay|[upkeep]
|upkeep
|turn|11
|
|t:|1760728226
|switch|p2a: Wake & Bake|Walking Wake|19/100 par
|-activate|p2a: Wake & Bake|move: Sticky Web
|-unboost|p2a: Wake & Bake|spe|1
|-damage|p2a: Wake & Bake|0 fnt|[from] Spikes
|faint|p2a: Wake & Bake
|-end|p2a: Wake & Bake|Protosynthesis|[silent]
|move|p1a: Hoopa|Shadow Ball|p2: Wake & Bake|[notarget]
|-fail|p1a: Hoopa
|
|-weather|SunnyDay|[upkeep]
|upkeep
|
|t:|1760728245
|switch|p2a: Johnny Storm|Ceruledge, F|100/100
|-activate|p2a: Johnny Storm|move: Sticky Web
|-unboost|p2a: Johnny Storm|spe|1
|-damage|p2a: Johnny Storm|76/100|[from] Spikes
|turn|12
|
|t:|1760728262
|switch|p1a: Smeargle|Smeargle, F|1/100
|move|p2a: Johnny Storm|Shadow Sneak|p1a: Smeargle
|-immune|p1a: Smeargle
|
|-weather|SunnyDay|[upkeep]
|upkeep
|turn|13
|
|t:|1760728274
|switch|p2a: Cigarette Grandpa|Torkoal, F|66/100
|-activate|p2a: Cigarette Grandpa|move: Sticky Web
|-unboost|p2a: Cigarette Grandpa|spe|1
|-damage|p2a: Cigarette Grandpa|41/100|[from] Spikes
|move|p1a: Smeargle|Glare|p2a: Cigarette Grandpa
|-status|p2a: Cigarette Grandpa|par
|
|-weather|SunnyDay|[upkeep]
|upkeep
|turn|14
|
|t:|1760728293
|switch|p1a: Hoopa|Hoopa|100/100
|move|p2a: Cigarette Grandpa|Lava Plume|p1a: Hoopa
|-damage|p1a: Hoopa|67/100
|
|-weather|SunnyDay|[upkeep]
|upkeep
|turn|15
|
|t:|1760728306
|switch|p2a: Scovillain|Scovillain, M|100/100
|-activate|p2a: Scovillain|move: Sticky Web
|-unboost|p2a: Scovillain|spe|1
|-damage|p2a: Scovillain|76/100|[from] Spikes
|move|p1a: Hoopa|Shadow Ball|p2a: Scovillain
|-damage|p2a: Scovillain|0 fnt
|faint|p2a: Scovillain
|
|-weather|SunnyDay|[upkeep]
|upkeep
|
|t:|1760728317
|switch|p2a: Dylan|Ditto|55/100
|-activate|p2a: Dylan|move: Sticky Web
|-unboost|p2a: Dylan|spe|1
|-damage|p2a: Dylan|30/100|[from] Spikes
|-transform|p2a: Dylan|p1a: Hoopa|[from] ability: Imposter
|turn|16
|
|t:|1760728328
|switch|p1a: Smeargle|Smeargle, F|1/100
|move|p2a: Dylan|Dark Pulse|p1a: Smeargle
|-damage|p1a: Smeargle|0 fnt
|faint|p1a: Smeargle
|
|-weather|none
|upkeep
|inactive|Rob Rancid has 120 seconds left.
|
|t:|1760728346
|switch|p1a: Quaquaval|Quaquaval, M|71/100
|turn|17
|
|t:|1760728352
|switch|p2a: Johnny Storm|Ceruledge, F|76/100
|-activate|p2a: Johnny Storm|move: Sticky Web
|-unboost|p2a: Johnny Storm|spe|1
|-damage|p2a: Johnny Storm|51/100|[from] Spikes
|move|p1a: Quaquaval|Wave Crash|p2a: Johnny Storm
|-supereffective|p2a: Johnny Storm
|-damage|p2a: Johnny Storm|0 fnt
|faint|p2a: Johnny Storm
|-ability|p1a: Quaquaval|Moxie|boost
|-boost|p1a: Quaquaval|atk|1
|-damage|p1a: Quaquaval|55/100|[from] Recoil
|
|upkeep
|
|t:|1760728357
|switch|p2a: Cigarette Grandpa|Torkoal, F|41/100 par
|-activate|p2a: Cigarette Grandpa|move: Sticky Web
|-unboost|p2a: Cigarette Grandpa|spe|1
|-damage|p2a: Cigarette Grandpa|16/100 par|[from] Spikes
|-weather|SunnyDay|[from] ability: Drought|[of] p2a: Cigarette Grandpa
|turn|18
|inactive|Rob Rancid has 120 seconds left.
|
|t:|1760728400
|move|p1a: Quaquaval|Wave Crash|p2a: Cigarette Grandpa
|-supereffective|p2a: Cigarette Grandpa
|-damage|p2a: Cigarette Grandpa|0 fnt
|faint|p2a: Cigarette Grandpa
|-ability|p1a: Quaquaval|Moxie|boost
|-boost|p1a: Quaquaval|atk|1
|-damage|p1a: Quaquaval|49/100|[from] Recoil
|
|-weather|SunnyDay|[upkeep]
|upkeep
|
|t:|1760728405
|switch|p2a: Dylan|Ditto|30/100
|-activate|p2a: Dylan|move: Sticky Web
|-unboost|p2a: Dylan|spe|1
|-damage|p2a: Dylan|5/100|[from] Spikes
|-transform|p2a: Dylan|p1a: Quaquaval|[from] ability: Imposter
|turn|19
|inactive|Rob Rancid has 90 seconds left.
|
|t:|1760728433
|switch|p1a: Cinderace|Cinderace, F|100/100
|move|p2a: Dylan|Wave Crash|p1a: Cinderace
|-supereffective|p1a: Cinderace
|-damage|p1a: Cinderace|0 fnt
|faint|p1a: Cinderace
|-ability|p2a: Dylan|Moxie|boost
|-boost|p2a: Dylan|atk|1
|-damage|p2a: Dylan|0 fnt|[from] Recoil
|faint|p2a: Dylan
|
|-weather|SunnyDay|[upkeep]
|upkeep
|inactive|Rob Rancid has 90 seconds left.
|
|t:|1760728451
|switch|p1a: Landorus|Landorus-Therian, M|100/100
|switch|p2a: Igris|Iron Moth|100/100
|-ability|p1a: Landorus|Intimidate|boost
|-unboost|p2a: Igris|atk|1
|-activate|p2a: Igris|move: Sticky Web
|-unboost|p2a: Igris|spe|1
|-damage|p2a: Igris|76/100|[from] Spikes
|-enditem|p2a: Igris|Booster Energy
|-activate|p2a: Igris|ability: Quark Drive|[fromitem]
|-start|p2a: Igris|quarkdrivespa
|turn|20
|c|☆Rob Rancid|gg
|
|t:|1760728475
|-terastallize|p1a: Landorus|Flying
|-terastallize|p2a: Igris|Fairy
|move|p1a: Landorus|Tera Blast|p2a: Igris|[anim] Tera Blast Flying
|-damage|p2a: Igris|0 fnt
|faint|p2a: Igris
|-end|p2a: Igris|Quark Drive|[silent]
|
|win|Rob Rancid
|raw|Rob Rancid's rating: 1353 &rarr; <strong>1375</strong><br />(+22 for winning)
|raw|UncleQuack's rating: 1384 &rarr; <strong>1362</strong><br />(-22 for losing)
|l|☆UncleQuack
|player|p2|
|l|☆Rob Rancid
|player|p1|
