|j|☆W4ll R0s3
|j|☆Darzamitan
|t:|1760883971
|gametype|singles
|player|p1|W4ll R0s3|170|1355
|player|p2|Darzamitan|swimmer-gen4dp|1442
|gen|9
|tier|[Gen 9] OU
|rated|
|rule|HP Percentage Mod: HP is shown in percentages
|rule|Endless Battle Clause: Forcing endless battles is banned
|rule|Species Clause: Limit one of each Pokémon
|rule|OHKO Clause: OHKO moves are banned
|rule|Evasion Items Clause: Evasion items are banned
|rule|Evasion Moves Clause: Evasion moves are banned
|rule|Evasion Abilities Clause: Evasion abilities are banned
|rule|Sleep Moves Clause: Sleep-inducing moves are banned
|clearpoke
|poke|p1|Gholdengo|
|poke|p1|Ogerpon-Wellspring, F|
|poke|p1|Overqwil, M|
|poke|p1|Raging Bolt|
|poke|p1|Cyclizar, F|
|poke|p1|Ting-Lu|
|poke|p2|Dragonite, F|
|poke|p2|Hatterene, F|
|poke|p2|Zapdos|
|poke|p2|Arcanine-Hisui, M|
|poke|p2|Samurott-Hisui, F|
|poke|p2|Corviknight, F|
|teampreview
|
|t:|1760883987
|teamsize|p1|6
|teamsize|p2|6
|start
|switch|p1a: Cyclizar|Cyclizar, F|100/100
|switch|p2a: Arcanine|Arcanine-Hisui, M|100/100
|turn|1
|
|t:|1760884007
|move|p2a: Arcanine|Extreme Speed|p1a: Cyclizar
|-damage|p1a: Cyclizar|32/100
|move|p1a: Cyclizar|U-turn|p2a: Arcanine
|-resisted|p2a: Arcanine
|-damage|p2a: Arcanine|87/100
|
|t:|1760884020
|switch|p1a: Overqwil|Overqwil, M|100/100|[from] U-turn
|-ability|p1a: Overqwil|Intimidate|boost
|-unboost|p2a: Arcanine|atk|1
|
|upkeep
|turn|2
|
|t:|1760884029
|switch|p2a: Hatterene|Hatterene, F|100/100
|move|p1a: Overqwil|Barb Barrage|p2a: Hatterene
|-supereffective|p2a: Hatterene
|-damage|p2a: Hatterene|60/100
|-status|p2a: Hatterene|psn
|-enditem|p2a: Hatterene|Eject Button
|
|t:|1760884047
|switch|p2a: Arcanine|Arcanine-Hisui, M|87/100
|
|upkeep
|turn|3
|
|t:|1760884057
|-terastallize|p1a: Overqwil|Water
|move|p1a: Overqwil|Aqua Jet|p2a: Arcanine
|-supereffective|p2a: Arcanine
|-damage|p2a: Arcanine|4/100
|move|p2a: Arcanine|Head Smash|p1a: Overqwil
|-damage|p1a: Overqwil|28/100
|
|-heal|p1a: Overqwil|34/100|[from] item: Leftovers
|upkeep
|turn|4
|
|t:|1760884071
|switch|p2a: Corviknight|Corviknight, F|100/100
|-ability|p2a: Corviknight|Pressure
|move|p1a: Overqwil|Toxic Spikes|p2a: Corviknight
|-sidestart|p2: Darzamitan|move: Toxic Spikes
|
|-heal|p1a: Overqwil|40/100|[from] item: Leftovers
|upkeep
|turn|5
|
|t:|1760884083
|switch|p1a: Gholdengo|Gholdengo|100/100
|switch|p2a: Hatterene|Hatterene, F|60/100 psn
|
|-damage|p2a: Hatterene|48/100 psn|[from] psn
|upkeep
|turn|6
|
|t:|1760884092
|switch|p2a: Samurott|Samurott-Hisui, F|100/100
|-status|p2a: Samurott|psn
|move|p1a: Gholdengo|Make It Rain|p2a: Samurott
|-resisted|p2a: Samurott
|-damage|p2a: Samurott|82/100 psn
|-unboost|p1a: Gholdengo|spa|1
|
|-damage|p2a: Samurott|69/100 psn|[from] psn
|upkeep
|turn|7
|
|t:|1760884105
|switch|p1a: Ogerpon|Ogerpon-Wellspring, F|100/100
|move|p2a: Samurott|Ceaseless Edge|p1a: Ogerpon
|-damage|p1a: Ogerpon|49/100
|-sidestart|p1: W4ll R0s3|Spikes
|
|-damage|p2a: Samurott|57/100 psn|[from] psn
|upkeep
|turn|8
|
|t:|1760884114
|switch|p2a: Corviknight|Corviknight, F|100/100
|-ability|p2a: Corviknight|Pressure
|move|p1a: Ogerpon|Horn Leech|p2a: Corviknight
|-resisted|p2a: Corviknight
|-damage|p2a: Corviknight|94/100
|-heal|p1a: Ogerpon|52/100|[from] drain|[of] p2a: Corviknight
|-damage|p1a: Ogerpon|36/100|[from] item: Rocky Helmet|[of] p2a: Corviknight
|
|upkeep
|turn|9
|
|t:|1760884125
|switch|p1a: Gholdengo|Gholdengo|100/100
|-damage|p1a: Gholdengo|88/100|[from] Spikes
|switch|p2a: Dragonite|Dragonite, F|100/100
|
|-heal|p1a: Gholdengo|94/100|[from] item: Leftovers
|upkeep
|turn|10
|
|t:|1760884136
|switch|p1a: Ting-Lu|Ting-Lu|100/100
|-damage|p1a: Ting-Lu|88/100|[from] Spikes
|-ability|p1a: Ting-Lu|Vessel of Ruin
|move|p2a: Dragonite|Dragon Dance|p2a: Dragonite
|-boost|p2a: Dragonite|atk|1
|-boost|p2a: Dragonite|spe|1
|
|-heal|p1a: Ting-Lu|94/100|[from] item: Leftovers
|upkeep
|turn|11
|
|t:|1760884147
|-terastallize|p2a: Dragonite|Fairy
|move|p2a: Dragonite|Tera Blast|p1a: Ting-Lu|[anim] Tera Blast Fairy
|-supereffective|p1a: Ting-Lu
|-damage|p1a: Ting-Lu|36/100
|move|p1a: Ting-Lu|Whirlwind|p2a: Dragonite
|drag|p2a: Samurott|Samurott-Hisui, F|57/100 psn
|
|-heal|p1a: Ting-Lu|42/100|[from] item: Leftovers
|-damage|p2a: Samurott|45/100 psn|[from] psn
|upkeep
|turn|12
|
|t:|1760884160
|switch|p1a: Overqwil|Overqwil, M, tera:Water|40/100
|-damage|p1a: Overqwil|28/100|[from] Spikes
|-ability|p1a: Overqwil|Intimidate|boost
|-unboost|p2a: Samurott|atk|1
|move|p2a: Samurott|Ceaseless Edge|p1a: Overqwil|[miss]
|-miss|p2a: Samurott|p1a: Overqwil
|
|-heal|p1a: Overqwil|34/100|[from] item: Leftovers
|-damage|p2a: Samurott|33/100 psn|[from] psn
|upkeep
|turn|13
|
|t:|1760884177
|switch|p1a: Cyclizar|Cyclizar, F|66/100
|-damage|p1a: Cyclizar|53/100|[from] Spikes
|move|p2a: Samurott|Ceaseless Edge|p1a: Cyclizar
|-damage|p1a: Cyclizar|5/100
|-sidestart|p1: W4ll R0s3|Spikes
|
|-heal|p1a: Cyclizar|11/100|[from] item: Leftovers
|-damage|p2a: Samurott|20/100 psn|[from] psn
|upkeep
|turn|14
|
|t:|1760884189
|move|p1a: Cyclizar|Rapid Spin|p2a: Samurott
|-damage|p2a: Samurott|0 fnt
|-boost|p1a: Cyclizar|spe|1
|-sideend|p1: W4ll R0s3|Spikes|[from] move: Rapid Spin|[of] p1a: Cyclizar
|faint|p2a: Samurott
|
|-heal|p1a: Cyclizar|18/100|[from] item: Leftovers
|upkeep
|
|t:|1760884194
|switch|p2a: Dragonite|Dragonite, F, tera:Fairy|100/100
|-status|p2a: Dragonite|psn
|-enditem|p2a: Dragonite|Lum Berry|[eat]
|-curestatus|p2a: Dragonite|psn|[msg]
|turn|15
|
|t:|1760884203
|move|p1a: Cyclizar|Breaking Swipe|p2a: Dragonite
|-immune|p2a: Dragonite
|move|p2a: Dragonite|Dragon Dance|p2a: Dragonite
|-boost|p2a: Dragonite|atk|1
|-boost|p2a: Dragonite|spe|1
|
|-heal|p1a: Cyclizar|24/100|[from] item: Leftovers
|upkeep
|turn|16
|
|t:|1760884214
|switch|p1a: Gholdengo|Gholdengo|94/100
|move|p2a: Dragonite|Dragon Dance|p2a: Dragonite
|-boost|p2a: Dragonite|atk|1
|-boost|p2a: Dragonite|spe|1
|
|-heal|p1a: Gholdengo|99/100|[from] item: Leftovers
|upkeep
|turn|17
|
|t:|1760884223
|move|p2a: Dragonite|Earthquake|p1a: Gholdengo
|-supereffective|p1a: Gholdengo
|-damage|p1a: Gholdengo|2/100
|move|p1a: Gholdengo|Shadow Ball|p2a: Dragonite
|-damage|p2a: Dragonite|80/100
|
|-heal|p1a: Gholdengo|8/100|[from] item: Leftovers
|upkeep
|turn|18
|
|t:|1760884232
|switch|p1a: Overqwil|Overqwil, M, tera:Water|34/100
|-ability|p1a: Overqwil|Intimidate|boost
|-unboost|p2a: Dragonite|atk|1
|move|p2a: Dragonite|Earthquake|p1a: Overqwil
|-damage|p1a: Overqwil|0 fnt
|faint|p1a: Overqwil
|
|upkeep
|
|t:|1760884249
|switch|p1a: Raging Bolt|Raging Bolt|100/100
|turn|19
|
|t:|1760884254
|move|p2a: Dragonite|Tera Blast|p1a: Raging Bolt|[anim] Tera Blast Fairy
|-supereffective|p1a: Raging Bolt
|-damage|p1a: Raging Bolt|5/100
|move|p1a: Raging Bolt|Thunderbolt|p2a: Dragonite
|-damage|p2a: Dragonite|26/100
|
|upkeep
|turn|20
|
|t:|1760884261
|move|p2a: Dragonite|Extreme Speed|p1a: Raging Bolt
|-damage|p1a: Raging Bolt|0 fnt
|faint|p1a: Raging Bolt
|-end|p1a: Raging Bolt|Protosynthesis|[silent]
|
|upkeep
|-message|W4ll R0s3 forfeited.
|
|win|Darzamitan
|raw|W4ll R0s3's rating: 1355 &rarr; <strong>1340</strong><br />(-15 for losing)
|raw|Darzamitan's rating: 1442 &rarr; <strong>1457</strong><br />(+15 for winning)
|l|☆W4ll R0s3
|player|p1|
|l|☆Darzamitan
|player|p2|
