|j|☆hcgut
|j|☆drew1750
|t:|1760739521
|gametype|singles
|player|p1|hcgut|102|1280
|player|p2|drew1750|2|1221
|gen|9
|tier|[Gen 9] OU
|rated|
|rule|HP Percentage Mod: HP is shown in percentages
|rule|Endless Battle Clause: Forcing endless battles is banned
|rule|Species Clause: Limit one of each Pokémon
|rule|OHKO Clause: OHKO moves are banned
|rule|Evasion Items Clause: Evasion items are banned
|rule|Evasion Moves Clause: Evasion moves are banned
|rule|Evasion Abilities Clause: Evasion abilities are banned
|rule|Sleep Moves Clause: Sleep-inducing moves are banned
|clearpoke
|poke|p1|Hoopa-Unbound|
|poke|p1|Slowking-Galar, M|
|poke|p1|Alomomola, M|
|poke|p1|Kingambit, M|
|poke|p1|Great Tusk|
|poke|p1|Amoonguss, F|
|poke|p2|Pecharunt|
|poke|p2|Appletun, M|
|poke|p2|Kommo-o, M|
|poke|p2|Moltres-Galar|
|poke|p2|Kleavor, F|
|poke|p2|Dondozo, F|
|teampreview
|inactive|Battle timer is ON: inactive players will automatically lose when time's up. (requested by drew1750)
|c|☆hcgut|Glhf
|
|t:|1760739550
|teamsize|p1|6
|teamsize|p2|6
|start
|switch|p1a: Great Tusk|Great Tusk|100/100
|switch|p2a: Kleavor|Kleavor, F|100/100
|turn|1
|
|t:|1760739556
|move|p2a: Kleavor|U-turn|p1a: Great Tusk
|-resisted|p1a: Great Tusk
|-damage|p1a: Great Tusk|84/100
|
|t:|1760739558
|switch|p2a: Appletun|Appletun, M|100/100|[from] U-turn
|move|p1a: Great Tusk|Knock Off|p2a: Appletun
|-damage|p2a: Appletun|67/100
|-enditem|p2a: Appletun|Leftovers|[from] move: Knock Off|[of] p1a: Great Tusk
|
|upkeep
|turn|2
|
|t:|1760739571
|-end|p1a: Great Tusk|Protosynthesis|[silent]
|switch|p1a: Amooguss|Amoonguss, F|100/100
|move|p2a: Appletun|Apple Acid|p1a: Amooguss
|-resisted|p1a: Amooguss
|-damage|p1a: Amooguss|97/100
|-unboost|p1a: Amooguss|spd|1
|
|upkeep
|turn|3
|
|t:|1760739590
|move|p2a: Appletun|Dragon Pulse|p1a: Amooguss
|-damage|p1a: Amooguss|70/100
|move|p1a: Amooguss|Foul Play|p2a: Appletun
|-damage|p2a: Appletun|52/100
|
|upkeep
|turn|4
|
|t:|1760739598
|switch|p2a: Kleavor|Kleavor, F|100/100
|move|p1a: Amooguss|Sludge Bomb|p2a: Kleavor
|-resisted|p2a: Kleavor
|-damage|p2a: Kleavor|79/100
|
|upkeep
|turn|5
|
|t:|1760739605
|switch|p1a: Great Tusk|Great Tusk|84/100
|move|p2a: Kleavor|Stone Axe|p1a: Great Tusk|[miss]
|-miss|p2a: Kleavor|p1a: Great Tusk
|
|upkeep
|turn|6
|
|t:|1760739612
|move|p2a: Kleavor|Stone Axe|p1a: Great Tusk
|-resisted|p1a: Great Tusk
|-damage|p1a: Great Tusk|74/100
|-sidestart|p1: hcgut|move: Stealth Rock
|move|p1a: Great Tusk|Knock Off|p2a: Kleavor
|-damage|p2a: Kleavor|36/100
|-enditem|p2a: Kleavor|Choice Scarf|[from] move: Knock Off|[of] p1a: Great Tusk
|
|upkeep
|turn|7
|
|t:|1760739622
|move|p1a: Great Tusk|Headlong Rush|p2a: Kleavor
|-damage|p2a: Kleavor|0 fnt
|-unboost|p1a: Great Tusk|def|1
|-unboost|p1a: Great Tusk|spd|1
|faint|p2a: Kleavor
|
|upkeep
|
|t:|1760739627
|switch|p2a: Appletun|Appletun, M|52/100
|turn|8
|
|t:|1760739634
|-end|p1a: Great Tusk|Protosynthesis|[silent]
|switch|p1a: Amooguss|Amoonguss, F|100/100
|-damage|p1a: Amooguss|88/100|[from] Stealth Rock
|move|p2a: Appletun|Apple Acid|p1a: Amooguss
|-resisted|p1a: Amooguss
|-damage|p1a: Amooguss|84/100
|-unboost|p1a: Amooguss|spd|1
|
|upkeep
|turn|9
|
|t:|1760739644
|move|p2a: Appletun|Dragon Pulse|p1a: Amooguss
|-damage|p1a: Amooguss|55/100
|move|p1a: Amooguss|Sludge Bomb|p2a: Appletun
|-supereffective|p2a: Appletun
|-damage|p2a: Appletun|17/100
|-status|p2a: Appletun|psn
|
|-damage|p2a: Appletun|4/100 psn|[from] psn
|upkeep
|turn|10
|
|t:|1760739654
|switch|p1a: Great Tusk|Great Tusk|74/100
|move|p2a: Appletun|Dragon Pulse|p1a: Great Tusk
|-damage|p1a: Great Tusk|30/100
|
|-damage|p2a: Appletun|0 fnt|[from] psn
|faint|p2a: Appletun
|upkeep
|
|t:|1760739677
|switch|p2a: Moltres|Moltres-Galar|100/100
|turn|11
|
|t:|1760739704
|-end|p1a: Great Tusk|Protosynthesis|[silent]
|switch|p1a: Amooguss|Amoonguss, F|88/100
|-damage|p1a: Amooguss|76/100|[from] Stealth Rock
|move|p2a: Moltres|Agility|p2a: Moltres
|-boost|p2a: Moltres|spe|2
|
|upkeep
|turn|12
|
|t:|1760739725
|move|p2a: Moltres|Air Slash|p1a: Amooguss
|-supereffective|p1a: Amooguss
|-damage|p1a: Amooguss|30/100
|cant|p1a: Amooguss|flinch
|
|upkeep
|turn|13
|inactive|hcgut has 120 seconds left.
|
|t:|1760739748
|move|p2a: Moltres|Nasty Plot|p2a: Moltres
|-boost|p2a: Moltres|spa|2
|move|p1a: Amooguss|Clear Smog|p2a: Moltres
|-damage|p2a: Moltres|90/100
|-clearboost|p2a: Moltres
|
|upkeep
|turn|14
|
|t:|1760739756
|move|p2a: Moltres|Air Slash|p1a: Amooguss
|-supereffective|p1a: Amooguss
|-damage|p1a: Amooguss|0 fnt
|faint|p1a: Amooguss
|
|upkeep
|
|t:|1760739763
|switch|p1a: Hoopa|Hoopa-Unbound|100/100
|-damage|p1a: Hoopa|88/100|[from] Stealth Rock
|turn|15
|
|t:|1760739773
|-terastallize|p1a: Hoopa|Fighting
|move|p1a: Hoopa|Drain Punch|p2a: Moltres
|-damage|p2a: Moltres|16/100
|-heal|p1a: Hoopa|100/100|[from] drain|[of] p2a: Moltres
|-ability|p2a: Moltres|Berserk|boost
|-boost|p2a: Moltres|spa|1
|move|p2a: Moltres|Fiery Wrath|p1a: Hoopa
|-resisted|p1a: Hoopa
|-damage|p1a: Hoopa|72/100
|
|upkeep
|turn|16
|
|t:|1760739784
|switch|p2a: Pecharunt|Pecharunt|100/100
|move|p1a: Hoopa|Drain Punch|p2a: Pecharunt
|-immune|p2a: Pecharunt
|
|upkeep
|turn|17
|
|t:|1760739791
|switch|p1a: Kingambit|Kingambit, M|100/100
|-damage|p1a: Kingambit|94/100|[from] Stealth Rock
|-activate|p1a: Kingambit|ability: Supreme Overlord
|-start|p1a: Kingambit|fallen1|[silent]
|move|p2a: Pecharunt|Malignant Chain|p1a: Kingambit
|-immune|p1a: Kingambit
|
|upkeep
|turn|18
|
|t:|1760739800
|move|p2a: Pecharunt|Parting Shot|p1a: Kingambit
|-unboost|p1a: Kingambit|atk|1
|-unboost|p1a: Kingambit|spa|1
|
|t:|1760739808
|switch|p2a: Moltres|Moltres-Galar|16/100|[from] Parting Shot
|move|p1a: Kingambit|Swords Dance|p1a: Kingambit
|-boost|p1a: Kingambit|atk|2
|
|upkeep
|turn|19
|
|t:|1760739821
|move|p2a: Moltres|Air Slash|p1a: Kingambit
|-resisted|p1a: Kingambit
|-damage|p1a: Kingambit|76/100
|move|p1a: Kingambit|Swords Dance|p1a: Kingambit
|-boost|p1a: Kingambit|atk|2
|
|upkeep
|turn|20
|
|t:|1760739837
|switch|p2a: Dondozo|Dondozo, F|100/100
|move|p1a: Kingambit|Kowtow Cleave|p2a: Dondozo
|-damage|p2a: Dondozo|65/100
|
|-heal|p2a: Dondozo|71/100|[from] item: Leftovers
|upkeep
|turn|21
|
|t:|1760739847
|move|p1a: Kingambit|Iron Head|p2a: Dondozo
|-resisted|p2a: Dondozo
|-damage|p2a: Dondozo|57/100
|move|p2a: Dondozo|Curse|p2a: Dondozo
|-unboost|p2a: Dondozo|spe|1
|-boost|p2a: Dondozo|atk|1
|-boost|p2a: Dondozo|def|1
|
|-heal|p2a: Dondozo|63/100|[from] item: Leftovers
|upkeep
|turn|22
|inactive|hcgut has 120 seconds left.
|
|t:|1760739880
|-end|p1a: Kingambit|fallen1|[silent]
|switch|p1a: Alolamola|Alomomola, M|100/100
|move|p2a: Dondozo|Curse|p2a: Dondozo
|-unboost|p2a: Dondozo|spe|1
|-boost|p2a: Dondozo|atk|1
|-boost|p2a: Dondozo|def|1
|
|-heal|p2a: Dondozo|69/100|[from] item: Leftovers
|upkeep
|turn|23
|
|t:|1760739889
|move|p1a: Alolamola|Scald|p2a: Dondozo
|-resisted|p2a: Dondozo
|-damage|p2a: Dondozo|64/100
|move|p2a: Dondozo|Curse|p2a: Dondozo
|-unboost|p2a: Dondozo|spe|1
|-boost|p2a: Dondozo|atk|1
|-boost|p2a: Dondozo|def|1
|
|-heal|p2a: Dondozo|70/100|[from] item: Leftovers
|upkeep
|turn|24
|
|t:|1760739899
|move|p1a: Alolamola|Scald|p2a: Dondozo
|-resisted|p2a: Dondozo
|-damage|p2a: Dondozo|65/100
|move|p2a: Dondozo|Curse|p2a: Dondozo
|-unboost|p2a: Dondozo|spe|1
|-boost|p2a: Dondozo|atk|1
|-boost|p2a: Dondozo|def|1
|
|-heal|p2a: Dondozo|71/100|[from] item: Leftovers
|upkeep
|turn|25
|
|t:|1760739908
|move|p1a: Alolamola|Scald|p2a: Dondozo
|-resisted|p2a: Dondozo
|-damage|p2a: Dondozo|66/100
|move|p2a: Dondozo|Curse|p2a: Dondozo
|-unboost|p2a: Dondozo|spe|1
|-boost|p2a: Dondozo|atk|1
|-boost|p2a: Dondozo|def|1
|
|-heal|p2a: Dondozo|72/100|[from] item: Leftovers
|upkeep
|turn|26
|
|t:|1760739918
|move|p1a: Alolamola|Scald|p2a: Dondozo
|-resisted|p2a: Dondozo
|-damage|p2a: Dondozo|67/100
|move|p2a: Dondozo|Liquidation|p1a: Alolamola
|-resisted|p1a: Alolamola
|-damage|p1a: Alolamola|75/100
|
|-heal|p2a: Dondozo|73/100|[from] item: Leftovers
|upkeep
|turn|27
|
|t:|1760739927
|move|p1a: Alolamola|Scald|p2a: Dondozo
|-resisted|p2a: Dondozo
|-damage|p2a: Dondozo|68/100
|move|p2a: Dondozo|Rest|p2a: Dondozo
|-status|p2a: Dondozo|slp|[from] move: Rest
|-heal|p2a: Dondozo|100/100 slp|[silent]
|
|upkeep
|turn|28
|
|t:|1760739938
|switch|p1a: Slowking|Slowking-Galar, M|100/100
|cant|p2a: Dondozo|slp
|move|p2a: Dondozo|Sleep Talk|p2a: Dondozo
|move|p2a: Dondozo|Liquidation|p1a: Slowking|[from] move: Sleep Talk
|-damage|p1a: Slowking|0 fnt
|faint|p1a: Slowking
|
|upkeep
|
|t:|1760739962
|switch|p1a: Hoopa|Hoopa-Unbound, tera:Fighting|72/100
|-damage|p1a: Hoopa|66/100|[from] Stealth Rock
|turn|29
|
|t:|1760739967
|move|p1a: Hoopa|Trick|p2a: Dondozo
|-activate|p1a: Hoopa|move: Trick|[of] p2a: Dondozo
|-item|p2a: Dondozo|Choice Band|[from] move: Trick
|-item|p1a: Hoopa|Leftovers|[from] move: Trick
|cant|p2a: Dondozo|slp
|move|p2a: Dondozo|Sleep Talk|p2a: Dondozo
|move|p2a: Dondozo|Rest||[from] move: Sleep Talk|[still]
|-fail|p2a: Dondozo
|
|-heal|p1a: Hoopa|72/100|[from] item: Leftovers
|upkeep
|turn|30
|
|t:|1760739983
|switch|p1a: Kingambit|Kingambit, M|76/100
|-damage|p1a: Kingambit|70/100|[from] Stealth Rock
|-activate|p1a: Kingambit|ability: Supreme Overlord
|-start|p1a: Kingambit|fallen2|[silent]
|switch|p2a: Moltres|Moltres-Galar|16/100
|
|upkeep
|turn|31
|
|t:|1760739992
|move|p2a: Moltres|Air Slash|p1a: Kingambit
|-resisted|p1a: Kingambit
|-damage|p1a: Kingambit|51/100
|move|p1a: Kingambit|Swords Dance|p1a: Kingambit
|-boost|p1a: Kingambit|atk|2
|
|upkeep
|turn|32
|
|t:|1760740001
|move|p2a: Moltres|Air Slash|p1a: Kingambit
|-resisted|p1a: Kingambit
|-damage|p1a: Kingambit|35/100
|move|p1a: Kingambit|Kowtow Cleave|p2a: Moltres
|-resisted|p2a: Moltres
|-damage|p2a: Moltres|0 fnt
|faint|p2a: Moltres
|
|upkeep
|
|t:|1760740005
|switch|p2a: Dondozo|Dondozo, F|100/100 slp
|turn|33
|
|t:|1760740012
|-end|p1a: Kingambit|fallen2|[silent]
|switch|p1a: Alolamola|Alomomola, M|100/100
|-curestatus|p2a: Dondozo|slp|[msg]
|move|p2a: Dondozo|Liquidation|p1a: Alolamola
|-resisted|p1a: Alolamola
|-damage|p1a: Alolamola|88/100
|
|upkeep
|turn|34
|
|t:|1760740021
|move|p1a: Alolamola|Wish|p1a: Alolamola
|move|p2a: Dondozo|Liquidation|p1a: Alolamola
|-resisted|p1a: Alolamola
|-damage|p1a: Alolamola|77/100
|-unboost|p1a: Alolamola|def|1
|
|upkeep
|turn|35
|
|t:|1760740029
|move|p1a: Alolamola|Flip Turn|p2a: Dondozo
|-resisted|p2a: Dondozo
|-damage|p2a: Dondozo|96/100
|
|t:|1760740032
|switch|p1a: Kingambit|Kingambit, M|35/100|[from] Flip Turn
|-damage|p1a: Kingambit|29/100|[from] Stealth Rock
|-activate|p1a: Kingambit|ability: Supreme Overlord
|-start|p1a: Kingambit|fallen2|[silent]
|move|p2a: Dondozo|Liquidation|p1a: Kingambit
|-damage|p1a: Kingambit|0 fnt
|faint|p1a: Kingambit
|-end|p1a: Kingambit|fallen2|[silent]
|
|upkeep
|
|t:|1760740053
|switch|p1a: Alolamola|Alomomola, M|100/100
|turn|36
|
|t:|1760740059
|move|p1a: Alolamola|Scald|p2a: Dondozo
|-resisted|p2a: Dondozo
|-damage|p2a: Dondozo|91/100
|-status|p2a: Dondozo|brn
|move|p2a: Dondozo|Liquidation|p1a: Alolamola
|-resisted|p1a: Alolamola
|-damage|p1a: Alolamola|95/100
|
|-damage|p2a: Dondozo|85/100 brn|[from] brn
|upkeep
|turn|37
|
|t:|1760740071
|switch|p2a: Pecharunt|Pecharunt|100/100
|move|p1a: Alolamola|Wish|p1a: Alolamola
|
|upkeep
|turn|38
|
|t:|1760740080
|move|p2a: Pecharunt|Malignant Chain|p1a: Alolamola
|-damage|p1a: Alolamola|61/100
|-status|p1a: Alolamola|tox
|-start|p1a: Alolamola|confusion|[from] ability: Poison Puppeteer|[of] p2a: Pecharunt
|-activate|p1a: Alolamola|confusion
|-damage|p1a: Alolamola|57/100 tox|[from] confusion
|
|-heal|p1a: Alolamola|100/100 tox|[from] move: Wish|[wisher] Alolamola
|-damage|p1a: Alolamola|94/100 tox|[from] psn
|upkeep
|turn|39
|
|t:|1760740092
|move|p2a: Pecharunt|Protect|p2a: Pecharunt
|-singleturn|p2a: Pecharunt|Protect
|-activate|p1a: Alolamola|confusion
|move|p1a: Alolamola|Wish|p1a: Alolamola
|
|-damage|p1a: Alolamola|82/100 tox|[from] psn
|upkeep
|turn|40
|
|t:|1760740099
|move|p2a: Pecharunt|Parting Shot|p1a: Alolamola
|-unboost|p1a: Alolamola|atk|1
|-unboost|p1a: Alolamola|spa|1
|
|t:|1760740102
|switch|p2a: Kommo-o|Kommo-o, M|100/100|[from] Parting Shot
|-activate|p1a: Alolamola|confusion
|move|p1a: Alolamola|Flip Turn|p2a: Kommo-o
|-resisted|p2a: Kommo-o
|-damage|p2a: Kommo-o|96/100
|
|t:|1760740117
|switch|p1a: Hoopa|Hoopa-Unbound, tera:Fighting|72/100|[from] Flip Turn
|-damage|p1a: Hoopa|66/100|[from] Stealth Rock
|
|-heal|p1a: Hoopa|100/100|[from] move: Wish|[wisher] Alolamola
|upkeep
|turn|41
|
|t:|1760740125
|switch|p2a: Dondozo|Dondozo, F|85/100 brn
|move|p1a: Hoopa|Zen Headbutt|p2a: Dondozo
|-damage|p2a: Dondozo|58/100 brn
|
|-damage|p2a: Dondozo|51/100 brn|[from] brn
|upkeep
|turn|42
|
|t:|1760740133
|switch|p1a: Alolamola|Alomomola, M|100/100 tox
|move|p2a: Dondozo|Rest|p2a: Dondozo
|-status|p2a: Dondozo|slp|[from] move: Rest
|-heal|p2a: Dondozo|100/100 slp|[silent]
|
|-damage|p1a: Alolamola|94/100 tox|[from] psn
|upkeep
|turn|43
|
|t:|1760740144
|switch|p2a: Pecharunt|Pecharunt|100/100
|move|p1a: Alolamola|Wish|p1a: Alolamola
|
|-damage|p1a: Alolamola|82/100 tox|[from] psn
|upkeep
|turn|44
|
|t:|1760740151
|move|p2a: Pecharunt|Malignant Chain|p1a: Alolamola
|-damage|p1a: Alolamola|48/100 tox
|move|p1a: Alolamola|Flip Turn|p2a: Pecharunt
|-damage|p2a: Pecharunt|91/100
|
|t:|1760740157
|switch|p1a: Great Tusk|Great Tusk|30/100|[from] Flip Turn
|
|-heal|p1a: Great Tusk|100/100|[from] move: Wish|[wisher] Alolamola
|-heal|p2a: Pecharunt|97/100|[from] item: Leftovers
|upkeep
|turn|45
|
|t:|1760740166
|move|p2a: Pecharunt|Protect|p2a: Pecharunt
|-singleturn|p2a: Pecharunt|Protect
|move|p1a: Great Tusk|Knock Off|p2a: Pecharunt
|-activate|p2a: Pecharunt|move: Protect
|
|-heal|p2a: Pecharunt|100/100|[from] item: Leftovers
|upkeep
|turn|46
|
|t:|1760740180
|switch|p2a: Dondozo|Dondozo, F|100/100 slp
|move|p1a: Great Tusk|Headlong Rush|p2a: Dondozo
|-damage|p2a: Dondozo|68/100 slp
|-unboost|p1a: Great Tusk|def|1
|-unboost|p1a: Great Tusk|spd|1
|
|upkeep
|turn|47
|
|t:|1760740189
|-end|p1a: Great Tusk|Protosynthesis|[silent]
|switch|p1a: Alolamola|Alomomola, M|82/100 tox
|cant|p2a: Dondozo|slp
|move|p2a: Dondozo|Sleep Talk|p2a: Dondozo
|move|p2a: Dondozo|Curse|p2a: Dondozo|[from] move: Sleep Talk
|-unboost|p2a: Dondozo|spe|1
|-boost|p2a: Dondozo|atk|1
|-boost|p2a: Dondozo|def|1
|
|-damage|p1a: Alolamola|75/100 tox|[from] psn
|upkeep
|turn|48
|
|t:|1760740203
|move|p1a: Alolamola|Wish|p1a: Alolamola
|cant|p2a: Dondozo|slp
|move|p2a: Dondozo|Sleep Talk|p2a: Dondozo
|move|p2a: Dondozo|Rest||[from] move: Sleep Talk|[still]
|-fail|p2a: Dondozo
|
|-damage|p1a: Alolamola|63/100 tox|[from] psn
|upkeep
|turn|49
|inactive|drew1750 has 120 seconds left.
|
|t:|1760740238
|switch|p2a: Pecharunt|Pecharunt|100/100
|move|p1a: Alolamola|Scald|p2a: Pecharunt
|-damage|p2a: Pecharunt|89/100
|-status|p2a: Pecharunt|brn
|
|-heal|p1a: Alolamola|100/100 tox|[from] move: Wish|[wisher] Alolamola
|-heal|p2a: Pecharunt|95/100 brn|[from] item: Leftovers
|-damage|p1a: Alolamola|82/100 tox|[from] psn
|-damage|p2a: Pecharunt|89/100 brn|[from] brn
|upkeep
|turn|50
|
|t:|1760740252
|move|p2a: Pecharunt|Malignant Chain|p1a: Alolamola
|-damage|p1a: Alolamola|43/100 tox
|move|p1a: Alolamola|Flip Turn|p2a: Pecharunt
|-damage|p2a: Pecharunt|78/100 brn
|
|t:|1760740258
|switch|p1a: Great Tusk|Great Tusk|100/100|[from] Flip Turn
|
|-heal|p2a: Pecharunt|84/100 brn|[from] item: Leftovers
|-damage|p2a: Pecharunt|78/100 brn|[from] brn
|upkeep
|turn|51
|
|t:|1760740273
|switch|p2a: Dondozo|Dondozo, F|68/100 slp
|move|p1a: Great Tusk|Headlong Rush|p2a: Dondozo
|-damage|p2a: Dondozo|32/100 slp
|-unboost|p1a: Great Tusk|def|1
|-unboost|p1a: Great Tusk|spd|1
|
|upkeep
|turn|52
|
|t:|1760740289
|move|p1a: Great Tusk|Headlong Rush|p2a: Dondozo
|-crit|p2a: Dondozo
|-damage|p2a: Dondozo|0 fnt
|-unboost|p1a: Great Tusk|def|1
|-unboost|p1a: Great Tusk|spd|1
|faint|p2a: Dondozo
|
|upkeep
|
|t:|1760740308
|switch|p2a: Kommo-o|Kommo-o, M|96/100
|turn|53
|
|t:|1760740313
|move|p1a: Great Tusk|Headlong Rush|p2a: Kommo-o
|-damage|p2a: Kommo-o|41/100
|-unboost|p1a: Great Tusk|def|1
|-unboost|p1a: Great Tusk|spd|1
|move|p2a: Kommo-o|Drain Punch|p1a: Great Tusk
|-damage|p1a: Great Tusk|51/100
|-heal|p2a: Kommo-o|67/100|[from] drain|[of] p1a: Great Tusk
|
|upkeep
|turn|54
|
|t:|1760740323
|-end|p1a: Great Tusk|Protosynthesis|[silent]
|switch|p1a: Alolamola|Alomomola, M|76/100 tox
|move|p2a: Kommo-o|Drain Punch|p1a: Alolamola
|-damage|p1a: Alolamola|60/100 tox
|-heal|p2a: Kommo-o|80/100|[from] drain|[of] p1a: Alolamola
|
|-damage|p1a: Alolamola|53/100 tox|[from] psn
|upkeep
|turn|55
|
|t:|1760740332
|move|p2a: Kommo-o|Substitute|p2a: Kommo-o
|-start|p2a: Kommo-o|Substitute
|-damage|p2a: Kommo-o|55/100
|move|p1a: Alolamola|Scald|p2a: Kommo-o
|-resisted|p2a: Kommo-o
|-activate|p2a: Kommo-o|move: Substitute|[damage]
|
|-damage|p1a: Alolamola|41/100 tox|[from] psn
|upkeep
|turn|56
|
|t:|1760740347
|move|p2a: Kommo-o|Belly Drum|p2a: Kommo-o
|-damage|p2a: Kommo-o|5/100
|-setboost|p2a: Kommo-o|atk|6|[from] move: Belly Drum
|-enditem|p2a: Kommo-o|Salac Berry|[eat]
|-boost|p2a: Kommo-o|spe|1|[from] item: Salac Berry
|move|p1a: Alolamola|Flip Turn|p2a: Kommo-o
|-resisted|p2a: Kommo-o
|-activate|p2a: Kommo-o|move: Substitute|[damage]
|
|t:|1760740364
|switch|p1a: Hoopa|Hoopa-Unbound, tera:Fighting|100/100|[from] Flip Turn
|-damage|p1a: Hoopa|95/100|[from] Stealth Rock
|
|-heal|p1a: Hoopa|100/100|[from] item: Leftovers
|upkeep
|turn|57
|
|t:|1760740377
|move|p2a: Kommo-o|Drain Punch|p1a: Hoopa
|-damage|p1a: Hoopa|0 fnt
|-heal|p2a: Kommo-o|48/100|[from] drain|[of] p1a: Hoopa
|faint|p1a: Hoopa
|
|upkeep
|
|t:|1760740384
|switch|p1a: Great Tusk|Great Tusk|51/100
|turn|58
|
|t:|1760740396
|move|p2a: Kommo-o|Drain Punch|p1a: Great Tusk
|-damage|p1a: Great Tusk|0 fnt
|-heal|p2a: Kommo-o|75/100|[from] drain|[of] p1a: Great Tusk
|faint|p1a: Great Tusk
|-end|p1a: Great Tusk|Protosynthesis|[silent]
|
|upkeep
|
|t:|1760740402
|switch|p1a: Alolamola|Alomomola, M|74/100 tox
|turn|59
|c|☆hcgut|Gg
|
|t:|1760740407
|-terastallize|p2a: Kommo-o|Electric
|move|p2a: Kommo-o|Thunder Punch|p1a: Alolamola
|-supereffective|p1a: Alolamola
|-damage|p1a: Alolamola|0 fnt
|faint|p1a: Alolamola
|
|win|drew1750
|raw|hcgut's rating: 1280 &rarr; <strong>1251</strong><br />(-29 for losing)
|raw|drew1750's rating: 1221 &rarr; <strong>1250</strong><br />(+29 for winning)
|l|☆drew1750
|player|p2|
|l|☆hcgut
|player|p1|
