|j|‽gamergabo
|j|☆Valtclimb
|t:|1760880799
|gametype|singles
|player|p1|gamergabo|265|1074
|player|p2|Valtclimb|1|1140
|gen|9
|tier|[Gen 9] OU
|rated|
|rule|HP Percentage Mod: HP is shown in percentages
|rule|Endless Battle Clause: Forcing endless battles is banned
|rule|Species Clause: Limit one of each Pokémon
|rule|OHKO Clause: OHKO moves are banned
|rule|Evasion Items Clause: Evasion items are banned
|rule|Evasion Moves Clause: Evasion moves are banned
|rule|Evasion Abilities Clause: Evasion abilities are banned
|rule|Sleep Moves Clause: Sleep-inducing moves are banned
|clearpoke
|poke|p1|Arcanine, M|
|poke|p1|Granbull, F|
|poke|p1|Mabosstiff, M|
|poke|p1|Zamazenta-*|
|poke|p1|Houndstone, F|
|poke|p1|Primarina, F|
|poke|p2|Pecharunt|
|poke|p2|Kyurem|
|poke|p2|Slowking-Galar, M|
|poke|p2|Ting-Lu|
|poke|p2|Corviknight, F|
|poke|p2|Kingambit, M|
|teampreview
|inactive|Battle timer is ON: inactive players will automatically lose when time's up. (requested by Valtclimb)
|
|t:|1760880813
|teamsize|p1|6
|teamsize|p2|6
|start
|switch|p1a: Granbull|Granbull, F|100/100
|switch|p2a: Slowking|Slowking-Galar, M, shiny|100/100
|-ability|p1a: Granbull|Intimidate|boost
|-unboost|p2a: Slowking|atk|1
|turn|1
|
|t:|1760880827
|switch|p1a: Mabosstiff|Mabosstiff, M|100/100
|move|p2a: Slowking|Future Sight|p1a: Mabosstiff
|-start|p2a: Slowking|move: Future Sight
|
|upkeep
|turn|2
|
|t:|1760880839
|switch|p2a: Corviknight|Corviknight, F|100/100
|-ability|p2a: Corviknight|Pressure
|move|p1a: Mabosstiff|Crunch|p2a: Corviknight
|-damage|p2a: Corviknight|56/100
|
|upkeep
|turn|3
|
|t:|1760880849
|move|p2a: Corviknight|Iron Defense|p2a: Corviknight
|-boost|p2a: Corviknight|def|2
|move|p1a: Mabosstiff|Crunch|p2a: Corviknight
|-damage|p2a: Corviknight|45/100
|
|-end|p1a: Mabosstiff|move: Future Sight
|-immune|p1a: Mabosstiff
|upkeep
|turn|4
|
|t:|1760880860
|switch|p1a: Houndstone|Houndstone, F|100/100
|move|p2a: Corviknight|Roost|p2a: Corviknight
|-heal|p2a: Corviknight|95/100
|-singleturn|p2a: Corviknight|move: Roost
|
|upkeep
|turn|5
|c|☆Valtclimb|oh
|c|☆Valtclimb|is this meant to be a dog theme teamed
|
|t:|1760880875
|switch|p2a: Ting-Lu|Ting-Lu|100/100
|-ability|p2a: Ting-Lu|Vessel of Ruin
|move|p1a: Houndstone|Will-O-Wisp|p2a: Ting-Lu
|-status|p2a: Ting-Lu|brn
|
|-damage|p2a: Ting-Lu|94/100 brn|[from] brn
|upkeep
|turn|6
|
|t:|1760880882
|switch|p1a: Granbull|Granbull, F|100/100
|-ability|p1a: Granbull|Intimidate|boost
|-unboost|p2a: Ting-Lu|atk|1
|move|p2a: Ting-Lu|Ruination|p1a: Granbull
|-damage|p1a: Granbull|50/100
|
|-heal|p2a: Ting-Lu|100/100 brn|[from] item: Leftovers
|-damage|p2a: Ting-Lu|94/100 brn|[from] brn
|upkeep
|turn|7
|
|t:|1760880890
|switch|p2a: Kingambit|Kingambit, M|100/100
|move|p1a: Granbull|Bulk Up|p1a: Granbull
|-boost|p1a: Granbull|atk|1
|-boost|p1a: Granbull|def|1
|
|upkeep
|turn|8
|
|t:|1760880894
|move|p2a: Kingambit|Iron Head|p1a: Granbull
|-supereffective|p1a: Granbull
|-damage|p1a: Granbull|0 fnt
|-damage|p2a: Kingambit|84/100|[from] item: Rocky Helmet|[of] p1a: Granbull
|faint|p1a: Granbull
|
|-heal|p2a: Kingambit|90/100|[from] item: Leftovers
|upkeep
|
|t:|1760880898
|switch|p1a: Arcanine|Arcanine, M|100/100
|turn|9
|
|t:|1760880906
|-end|p2a: Kingambit|fallenundefined|[silent]
|switch|p2a: Ting-Lu|Ting-Lu|94/100 brn
|-ability|p2a: Ting-Lu|Vessel of Ruin
|move|p1a: Arcanine|Flare Blitz|p2a: Ting-Lu
|-damage|p2a: Ting-Lu|62/100 brn
|-damage|p1a: Arcanine|86/100|[from] Recoil
|
|-heal|p2a: Ting-Lu|68/100 brn|[from] item: Leftovers
|-damage|p2a: Ting-Lu|62/100 brn|[from] brn
|upkeep
|turn|10
|
|t:|1760880922
|switch|p1a: Mabosstiff|Mabosstiff, M|100/100
|move|p2a: Ting-Lu|Earthquake|p1a: Mabosstiff
|-damage|p1a: Mabosstiff|82/100
|
|-heal|p2a: Ting-Lu|68/100 brn|[from] item: Leftovers
|-damage|p2a: Ting-Lu|62/100 brn|[from] brn
|upkeep
|turn|11
|
|t:|1760880941
|move|p1a: Mabosstiff|Crunch|p2a: Ting-Lu
|-resisted|p2a: Ting-Lu
|-damage|p2a: Ting-Lu|51/100 brn
|move|p2a: Ting-Lu|Ruination|p1a: Mabosstiff|[miss]
|-miss|p2a: Ting-Lu|p1a: Mabosstiff
|
|-heal|p2a: Ting-Lu|57/100 brn|[from] item: Leftovers
|-damage|p2a: Ting-Lu|51/100 brn|[from] brn
|upkeep
|turn|12
|
|t:|1760880945
|move|p1a: Mabosstiff|Play Rough|p2a: Ting-Lu
|-supereffective|p2a: Ting-Lu
|-damage|p2a: Ting-Lu|21/100 brn
|move|p2a: Ting-Lu|Ruination|p1a: Mabosstiff
|-damage|p1a: Mabosstiff|41/100
|-enditem|p1a: Mabosstiff|Sitrus Berry|[eat]
|-heal|p1a: Mabosstiff|66/100|[from] item: Sitrus Berry
|
|-heal|p2a: Ting-Lu|27/100 brn|[from] item: Leftovers
|-damage|p2a: Ting-Lu|21/100 brn|[from] brn
|upkeep
|turn|13
|
|t:|1760880960
|move|p1a: Mabosstiff|Crunch|p2a: Ting-Lu
|-resisted|p2a: Ting-Lu
|-damage|p2a: Ting-Lu|10/100 brn
|move|p2a: Ting-Lu|Ruination|p1a: Mabosstiff|[miss]
|-miss|p2a: Ting-Lu|p1a: Mabosstiff
|
|-heal|p2a: Ting-Lu|17/100 brn|[from] item: Leftovers
|-damage|p2a: Ting-Lu|10/100 brn|[from] brn
|upkeep
|turn|14
|-message|gamergabo forfeited.
|
|win|Valtclimb
|raw|gamergabo's rating: 1074 &rarr; <strong>1057</strong><br />(-17 for losing)
|raw|Valtclimb's rating: 1140 &rarr; <strong>1160</strong><br />(+20 for winning)
|l|☆Valtclimb
|player|p2|
|l|‽gamergabo
|player|p1|
