|j|☆TrentMercer
|j|☆jojosworld
|t:|1760834314
|gametype|singles
|player|p1|TrentMercer|n|1554
|player|p2|jojosworld|cynthia|1529
|gen|9
|tier|[Gen 9] OU
|rated|
|rule|HP Percentage Mod: HP is shown in percentages
|rule|Endless Battle Clause: Forcing endless battles is banned
|rule|Species Clause: Limit one of each Pokémon
|rule|OHKO Clause: OHKO moves are banned
|rule|Evasion Items Clause: Evasion items are banned
|rule|Evasion Moves Clause: Evasion moves are banned
|rule|Evasion Abilities Clause: Evasion abilities are banned
|rule|Sleep Moves Clause: Sleep-inducing moves are banned
|clearpoke
|poke|p1|Great Tusk|
|poke|p1|Slowking-Galar, F|
|poke|p1|Zapdos|
|poke|p1|Crawdaunt, F|
|poke|p1|Chandelure, F|
|poke|p1|Scizor, M|
|poke|p2|Dragapult, M|
|poke|p2|Alomomola, F|
|poke|p2|Clodsire, F|
|poke|p2|Corviknight, F|
|poke|p2|Fezandipiti, M|
|poke|p2|Hoopa-Unbound|
|teampreview
|inactive|Battle timer is ON: inactive players will automatically lose when time's up. (requested by jojosworld)
|
|t:|1760834327
|teamsize|p1|6
|teamsize|p2|6
|start
|switch|p1a: Chandelure|Chandelure, F, shiny|100/100
|switch|p2a: Fezandipiti|Fezandipiti, M|100/100
|turn|1
|
|t:|1760834342
|move|p1a: Chandelure|Fire Blast|p2a: Fezandipiti
|-damage|p2a: Fezandipiti|59/100
|move|p2a: Fezandipiti|Beat Up|p1a: Chandelure
|-supereffective|p1a: Chandelure
|-damage|p1a: Chandelure|90/100
|-supereffective|p1a: Chandelure
|-damage|p1a: Chandelure|81/100
|-supereffective|p1a: Chandelure
|-damage|p1a: Chandelure|71/100
|-supereffective|p1a: Chandelure
|-damage|p1a: Chandelure|61/100
|-status|p1a: Chandelure|tox|[from] ability: Toxic Chain|[of] p2a: Fezandipiti
|-supereffective|p1a: Chandelure
|-damage|p1a: Chandelure|50/100 tox
|-supereffective|p1a: Chandelure
|-damage|p1a: Chandelure|34/100 tox
|-hitcount|p1a: Chandelure|6
|
|-damage|p1a: Chandelure|28/100 tox|[from] psn
|upkeep
|turn|2
|
|t:|1760834357
|switch|p1a: Slowking|Slowking-Galar, F|100/100
|move|p2a: Fezandipiti|Roost|p2a: Fezandipiti
|-heal|p2a: Fezandipiti|100/100
|-singleturn|p2a: Fezandipiti|move: Roost
|
|upkeep
|turn|3
|
|t:|1760834363
|move|p2a: Fezandipiti|U-turn|p1a: Slowking
|-damage|p1a: Slowking|81/100
|
|t:|1760834365
|switch|p2a: Corviknight|Corviknight, F, shiny|100/100|[from] U-turn
|-ability|p2a: Corviknight|Pressure
|move|p1a: Slowking|Psyshock|p2a: Corviknight
|-resisted|p2a: Corviknight
|-damage|p2a: Corviknight|89/100
|
|upkeep
|turn|4
|
|t:|1760834374
|move|p2a: Corviknight|U-turn|p1a: Slowking
|-damage|p1a: Slowking|65/100
|
|t:|1760834376
|switch|p2a: Hoopa|Hoopa-Unbound|100/100|[from] U-turn
|move|p1a: Slowking|Flamethrower|p2a: Hoopa
|-damage|p2a: Hoopa|87/100
|
|upkeep
|turn|5
|
|t:|1760834391
|switch|p1a: Zapdos|Zapdos|100/100
|move|p2a: Hoopa|Knock Off|p1a: Zapdos
|-damage|p1a: Zapdos|64/100
|-enditem|p1a: Zapdos|Heavy-Duty Boots|[from] move: Knock Off|[of] p2a: Hoopa
|
|upkeep
|turn|6
|
|t:|1760834400
|move|p1a: Zapdos|Hurricane|p2a: Hoopa
|-damage|p2a: Hoopa|62/100
|move|p2a: Hoopa|Psychic Noise|p1a: Zapdos
|-damage|p1a: Zapdos|15/100
|-start|p1a: Zapdos|move: Heal Block
|
|upkeep
|turn|7
|
|t:|1760834411
|move|p1a: Zapdos|Thunder Wave|p2a: Hoopa
|-status|p2a: Hoopa|par
|cant|p2a: Hoopa|par
|
|-end|p1a: Zapdos|move: Heal Block
|upkeep
|turn|8
|
|t:|1760834415
|move|p1a: Zapdos|Roost|p1a: Zapdos
|-heal|p1a: Zapdos|65/100
|-singleturn|p1a: Zapdos|move: Roost
|move|p2a: Hoopa|Psychic Noise|p1a: Zapdos
|-damage|p1a: Zapdos|16/100
|-start|p1a: Zapdos|move: Heal Block
|
|upkeep
|turn|9
|
|t:|1760834424
|switch|p1a: Crawdaunt|Crawdaunt, F|100/100
|cant|p2a: Hoopa|par
|
|upkeep
|turn|10
|
|t:|1760834427
|move|p1a: Crawdaunt|Knock Off|p2a: Hoopa
|-crit|p2a: Hoopa
|-damage|p2a: Hoopa|0 fnt
|-enditem|p2a: Hoopa|Assault Vest|[from] move: Knock Off|[of] p1a: Crawdaunt
|faint|p2a: Hoopa
|
|upkeep
|
|t:|1760834430
|switch|p2a: Dragapult|Dragapult, M, shiny|100/100
|turn|11
|
|t:|1760834434
|switch|p1a: Zapdos|Zapdos|16/100
|move|p2a: Dragapult|Dragon Darts|p1a: Zapdos
|-damage|p1a: Zapdos|0 fnt
|faint|p1a: Zapdos
|
|upkeep
|
|t:|1760834439
|switch|p1a: Chandelure|Chandelure, F, shiny|28/100 tox
|turn|12
|
|t:|1760834444
|switch|p2a: Alomomola|Alomomola, F, shiny|100/100
|move|p1a: Chandelure|Trick|p2a: Alomomola
|-activate|p1a: Chandelure|move: Trick|[of] p2a: Alomomola
|-item|p2a: Alomomola|Choice Scarf|[from] move: Trick
|-item|p1a: Chandelure|Heavy-Duty Boots|[from] move: Trick
|
|-damage|p1a: Chandelure|22/100 tox|[from] psn
|upkeep
|turn|13
|
|t:|1760834451
|switch|p1a: Slowking|Slowking-Galar, F|98/100
|move|p2a: Alomomola|Flip Turn|p1a: Slowking
|-damage|p1a: Slowking|81/100
|
|t:|1760834455
|switch|p2a: Dragapult|Dragapult, M, shiny|100/100|[from] Flip Turn
|
|upkeep
|turn|14
|
|t:|1760834461
|move|p2a: Dragapult|Dragon Darts|p1a: Slowking
|-damage|p1a: Slowking|42/100
|-anim|p2a: Dragapult|Dragon Darts|p1a: Slowking
|-damage|p1a: Slowking|0 fnt
|faint|p1a: Slowking
|
|upkeep
|
|t:|1760834468
|switch|p1a: Scizor|Scizor, M|100/100
|turn|15
|
|t:|1760834472
|switch|p2a: Alomomola|Alomomola, F, shiny|100/100
|move|p1a: Scizor|Swords Dance|p1a: Scizor
|-boost|p1a: Scizor|atk|2
|
|upkeep
|turn|16
|
|t:|1760834476
|move|p1a: Scizor|Close Combat|p2a: Alomomola
|-damage|p2a: Alomomola|34/100
|-unboost|p1a: Scizor|def|1
|-unboost|p1a: Scizor|spd|1
|-damage|p1a: Scizor|91/100|[from] item: Life Orb
|move|p2a: Alomomola|Scald|p1a: Scizor
|-damage|p1a: Scizor|64/100
|
|upkeep
|turn|17
|
|t:|1760834481
|move|p1a: Scizor|Close Combat|p2a: Alomomola
|-damage|p2a: Alomomola|0 fnt
|-unboost|p1a: Scizor|def|1
|-unboost|p1a: Scizor|spd|1
|faint|p2a: Alomomola
|-damage|p1a: Scizor|54/100|[from] item: Life Orb
|
|upkeep
|
|t:|1760834485
|switch|p2a: Corviknight|Corviknight, F, shiny|89/100
|-ability|p2a: Corviknight|Pressure
|turn|18
|
|t:|1760834489
|switch|p1a: Chandelure|Chandelure, F, shiny|22/100 tox
|move|p2a: Corviknight|Body Press|p1a: Chandelure
|-immune|p1a: Chandelure
|
|-damage|p1a: Chandelure|15/100 tox|[from] psn
|upkeep
|turn|19
|
|t:|1760834497
|switch|p2a: Fezandipiti|Fezandipiti, M|100/100
|move|p1a: Chandelure|Fire Blast|p2a: Fezandipiti
|-damage|p2a: Fezandipiti|61/100
|-status|p2a: Fezandipiti|brn
|
|-damage|p1a: Chandelure|3/100 tox|[from] psn
|-damage|p2a: Fezandipiti|55/100 brn|[from] brn
|upkeep
|turn|20
|
|t:|1760834505
|move|p1a: Chandelure|Fire Blast|p2a: Fezandipiti|[miss]
|-miss|p1a: Chandelure|p2a: Fezandipiti
|move|p2a: Fezandipiti|Roost|p2a: Fezandipiti
|-heal|p2a: Fezandipiti|100/100 brn
|-singleturn|p2a: Fezandipiti|move: Roost
|
|-damage|p1a: Chandelure|0 fnt|[from] psn
|faint|p1a: Chandelure
|-damage|p2a: Fezandipiti|94/100 brn|[from] brn
|upkeep
|
|t:|1760834510
|switch|p1a: Scizor|Scizor, M|54/100
|turn|21
|
|t:|1760834514
|switch|p2a: Corviknight|Corviknight, F, shiny|89/100
|-ability|p2a: Corviknight|Pressure
|move|p1a: Scizor|Swords Dance|p1a: Scizor
|-boost|p1a: Scizor|atk|2
|
|upkeep
|turn|22
|
|t:|1760834517
|move|p1a: Scizor|Knock Off|p2a: Corviknight
|-damage|p2a: Corviknight|31/100
|-damage|p1a: Scizor|38/100|[from] item: Rocky Helmet|[of] p2a: Corviknight
|-enditem|p2a: Corviknight|Rocky Helmet|[from] move: Knock Off|[of] p1a: Scizor
|-damage|p1a: Scizor|28/100|[from] item: Life Orb
|move|p2a: Corviknight|Body Press|p1a: Scizor
|-damage|p1a: Scizor|0 fnt
|faint|p1a: Scizor
|
|upkeep
|
|t:|1760834530
|switch|p1a: Crawdaunt|Crawdaunt, F|100/100
|turn|23
|
|t:|1760834532
|move|p1a: Crawdaunt|Knock Off|p2a: Corviknight
|-damage|p2a: Corviknight|0 fnt
|faint|p2a: Corviknight
|
|upkeep
|
|t:|1760834535
|switch|p2a: Dragapult|Dragapult, M, shiny|100/100
|turn|24
|
|t:|1760834538
|switch|p1a: Great Tusk|Great Tusk|100/100
|-enditem|p1a: Great Tusk|Booster Energy
|-activate|p1a: Great Tusk|ability: Protosynthesis|[fromitem]
|-start|p1a: Great Tusk|protosynthesisatk
|move|p2a: Dragapult|Dragon Darts|p1a: Great Tusk
|-damage|p1a: Great Tusk|70/100
|-anim|p2a: Dragapult|Dragon Darts|p1a: Great Tusk
|-damage|p1a: Great Tusk|41/100
|
|upkeep
|turn|25
|
|t:|1760834542
|-terastallize|p1a: Great Tusk|Steel
|move|p2a: Dragapult|Dragon Darts|p1a: Great Tusk
|-resisted|p1a: Great Tusk
|-damage|p1a: Great Tusk|26/100
|-anim|p2a: Dragapult|Dragon Darts|p1a: Great Tusk
|-resisted|p1a: Great Tusk
|-damage|p1a: Great Tusk|10/100
|move|p1a: Great Tusk|Ice Spinner|p2a: Dragapult
|-supereffective|p2a: Dragapult
|-damage|p2a: Dragapult|0 fnt
|faint|p2a: Dragapult
|
|upkeep
|
|t:|1760834550
|switch|p2a: Fezandipiti|Fezandipiti, M|94/100 brn
|turn|26
|
|t:|1760834558
|move|p1a: Great Tusk|Headlong Rush|p2a: Fezandipiti
|-supereffective|p2a: Fezandipiti
|-damage|p2a: Fezandipiti|0 fnt
|-unboost|p1a: Great Tusk|def|1
|-unboost|p1a: Great Tusk|spd|1
|faint|p2a: Fezandipiti
|
|upkeep
|
|t:|1760834560
|switch|p2a: Clodsire|Clodsire, F, shiny|100/100
|turn|27
|-message|jojosworld forfeited.
|
|win|TrentMercer
|raw|TrentMercer's rating: 1554 &rarr; <strong>1573</strong><br />(+19 for winning)
|raw|jojosworld's rating: 1529 &rarr; <strong>1510</strong><br />(-19 for losing)
|l|☆jojosworld
|player|p2|
|l|☆TrentMercer
|player|p1|
