|j|☆DeCompaniu
|j|☆Chuolv
|t:|1760806311
|gametype|singles
|player|p1|DeCompaniu|richboy|1302
|player|p2|Chuolv|silver|1236
|gen|9
|tier|[Gen 9] OU
|rated|
|rule|HP Percentage Mod: HP is shown in percentages
|rule|Endless Battle Clause: Forcing endless battles is banned
|rule|Species Clause: Limit one of each Pokémon
|rule|OHKO Clause: OHKO moves are banned
|rule|Evasion Items Clause: Evasion items are banned
|rule|Evasion Moves Clause: Evasion moves are banned
|rule|Evasion Abilities Clause: Evasion abilities are banned
|rule|Sleep Moves Clause: Sleep-inducing moves are banned
|clearpoke
|poke|p1|Rillaboom, F|
|poke|p1|Serperior, M|
|poke|p1|Hawlucha, F|
|poke|p1|Ninetales-Alola, F|
|poke|p1|Glimmora, F|
|poke|p1|Chandelure, M|
|poke|p2|Serperior, M|
|poke|p2|Arboliva, F|
|poke|p2|Ambipom, F|
|poke|p2|Kleavor, M|
|poke|p2|Lapras, M|
|poke|p2|Hawlucha, M|
|teampreview
|
|t:|1760806323
|teamsize|p1|6
|teamsize|p2|6
|start
|switch|p1a: Glimmora|Glimmora, F|100/100
|switch|p2a: Ambipom|Ambipom, F, shiny|100/100
|turn|1
|inactive|Battle timer is ON: inactive players will automatically lose when time's up. (requested by Chuolv)
|
|t:|1760806340
|move|p2a: Ambipom|Thunder Wave|p1a: Glimmora|[miss]
|-miss|p2a: Ambipom|p1a: Glimmora
|move|p1a: Glimmora|Stealth Rock|p2a: Ambipom
|-sidestart|p2: Chuolv|move: Stealth Rock
|
|upkeep
|turn|2
|
|t:|1760806353
|move|p2a: Ambipom|Thunder Wave|p1a: Glimmora
|-status|p1a: Glimmora|par
|move|p1a: Glimmora|Sludge Bomb|p2a: Ambipom
|-damage|p2a: Ambipom|23/100
|
|upkeep
|turn|3
|
|t:|1760806366
|move|p2a: Ambipom|Mud-Slap|p1a: Glimmora
|-supereffective|p1a: Glimmora
|-damage|p1a: Glimmora|82/100 par
|-unboost|p1a: Glimmora|accuracy|1
|move|p1a: Glimmora|Sludge Bomb|p2a: Ambipom
|-damage|p2a: Ambipom|0 fnt
|faint|p2a: Ambipom
|
|upkeep
|
|t:|1760806375
|switch|p2a: Kleavor|Kleavor, M|100/100
|-damage|p2a: Kleavor|76/100|[from] Stealth Rock
|turn|4
|
|t:|1760806381
|move|p2a: Kleavor|Defog|p1a: Glimmora
|-unboost|p1a: Glimmora|evasion|1
|-sideend|p2: Chuolv|Stealth Rock|[from] move: Defog|[of] p2a: Kleavor
|move|p1a: Glimmora|Mortal Spin|p2a: Kleavor
|-resisted|p2a: Kleavor
|-crit|p2a: Kleavor
|-damage|p2a: Kleavor|70/100
|-status|p2a: Kleavor|psn
|
|-damage|p2a: Kleavor|58/100 psn|[from] psn
|upkeep
|turn|5
|
|t:|1760806401
|move|p2a: Kleavor|Trailblaze|p1a: Glimmora
|-damage|p1a: Glimmora|57/100 par
|-boost|p2a: Kleavor|spe|1
|-activate|p1a: Glimmora|ability: Toxic Debris
|-sidestart|p2: Chuolv|move: Toxic Spikes
|-damage|p2a: Kleavor|48/100 psn|[from] item: Life Orb
|move|p1a: Glimmora|Stealth Rock|p2a: Kleavor
|-sidestart|p2: Chuolv|move: Stealth Rock
|
|-damage|p2a: Kleavor|35/100 psn|[from] psn
|upkeep
|turn|6
|
|t:|1760806413
|move|p2a: Kleavor|Defog|p1a: Glimmora
|-unboost|p1a: Glimmora|evasion|1
|-sideend|p2: Chuolv|Toxic Spikes|[from] move: Defog|[of] p2a: Kleavor
|-sideend|p2: Chuolv|Stealth Rock|[from] move: Defog|[of] p2a: Kleavor
|move|p1a: Glimmora|Stealth Rock|p2a: Kleavor
|-sidestart|p2: Chuolv|move: Stealth Rock
|
|-damage|p2a: Kleavor|23/100 psn|[from] psn
|upkeep
|turn|7
|
|t:|1760806422
|move|p2a: Kleavor|Stone Axe|p1a: Glimmora
|-damage|p1a: Glimmora|0 fnt
|-activate|p1a: Glimmora|ability: Toxic Debris
|-sidestart|p2: Chuolv|move: Toxic Spikes
|-sidestart|p1: DeCompaniu|move: Stealth Rock
|faint|p1a: Glimmora
|-damage|p2a: Kleavor|13/100 psn|[from] item: Life Orb
|
|-damage|p2a: Kleavor|0 fnt|[from] psn
|faint|p2a: Kleavor
|upkeep
|
|t:|1760806447
|switch|p2a: Hawlucha|Hawlucha, M|100/100
|switch|p1a: Ninetales|Ninetales-Alola, F|100/100
|-damage|p1a: Ninetales|76/100|[from] Stealth Rock
|-weather|Snowscape|[from] ability: Snow Warning|[of] p1a: Ninetales
|-damage|p2a: Hawlucha|88/100|[from] Stealth Rock
|turn|8
|
|t:|1760806459
|switch|p2a: Lapras|Lapras, M|100/100
|-damage|p2a: Lapras|76/100|[from] Stealth Rock
|-status|p2a: Lapras|psn
|move|p1a: Ninetales|Blizzard|p2a: Lapras
|-resisted|p2a: Lapras
|-damage|p2a: Lapras|67/100 psn
|
|-weather|Snowscape|[upkeep]
|-damage|p2a: Lapras|54/100 psn|[from] psn
|upkeep
|turn|9
|
|t:|1760806471
|move|p1a: Ninetales|Aurora Veil|p1a: Ninetales
|-sidestart|p1: DeCompaniu|move: Aurora Veil
|move|p2a: Lapras|Dragon Dance|p2a: Lapras
|-boost|p2a: Lapras|atk|1
|-boost|p2a: Lapras|spe|1
|
|-weather|Snowscape|[upkeep]
|-damage|p2a: Lapras|42/100 psn|[from] psn
|upkeep
|turn|10
|
|t:|1760806480
|move|p2a: Lapras|Waterfall|p1a: Ninetales
|-damage|p1a: Ninetales|48/100
|move|p1a: Ninetales|Roar|p2a: Lapras
|drag|p2a: Arboliva|Arboliva, F|100/100
|-damage|p2a: Arboliva|88/100|[from] Stealth Rock
|-status|p2a: Arboliva|psn
|
|-weather|Snowscape|[upkeep]
|-damage|p2a: Arboliva|75/100 psn|[from] psn
|upkeep
|turn|11
|-message|Chuolv forfeited.
|
|win|DeCompaniu
|raw|DeCompaniu's rating: 1302 &rarr; <strong>1318</strong><br />(+16 for winning)
|raw|Chuolv's rating: 1236 &rarr; <strong>1216</strong><br />(-20 for losing)
|l|☆Chuolv
|player|p2|
