|j|☆lincereb
|j|☆gaston.villalba
|t:|1760754779
|gametype|singles
|player|p1|lincereb|2|1031
|player|p2|gaston.villalba|cameraman|1040
|gen|9
|tier|[Gen 9] OU
|rated|
|rule|HP Percentage Mod: HP is shown in percentages
|rule|Endless Battle Clause: Forcing endless battles is banned
|rule|Species Clause: Limit one of each Pokémon
|rule|OHKO Clause: OHKO moves are banned
|rule|Evasion Items Clause: Evasion items are banned
|rule|Evasion Moves Clause: Evasion moves are banned
|rule|Evasion Abilities Clause: Evasion abilities are banned
|rule|Sleep Moves Clause: Sleep-inducing moves are banned
|clearpoke
|poke|p1|Meowscarada, F|
|poke|p1|Pecharunt|
|poke|p1|Pincurchin, F|
|poke|p1|Iron Hands|
|poke|p1|Raging Bolt|
|poke|p1|Latios, M|
|poke|p2|Dondozo, F|
|poke|p2|Blissey, F|
|poke|p2|Corviknight, M|
|poke|p2|Weezing-Galar, M|
|poke|p2|Gliscor, M|
|poke|p2|Toxapex, M|
|teampreview
|inactive|Battle timer is ON: inactive players will automatically lose when time's up. (requested by gaston.villalba)
|
|t:|1760754794
|teamsize|p1|6
|teamsize|p2|6
|start
|switch|p1a: Meowscarada|Meowscarada, F, shiny|100/100
|switch|p2a: Blissey|Blissey, F|100/100
|turn|1
|
|t:|1760754817
|move|p1a: Meowscarada|U-turn|p2a: Blissey
|-start|p1a: Meowscarada|typechange|Bug|[from] ability: Protean
|-damage|p2a: Blissey|67/100
|
|t:|1760754822
|switch|p1a: Pecharunt|Pecharunt|100/100|[from] U-turn
|move|p2a: Blissey|Stealth Rock|p1a: Pecharunt
|-sidestart|p1: lincereb|move: Stealth Rock
|
|-heal|p2a: Blissey|73/100|[from] item: Leftovers
|upkeep
|turn|2
|
|t:|1760754848
|switch|p2a: Toxapex|Toxapex, M|100/100
|move|p1a: Pecharunt|Malignant Chain|p2a: Toxapex
|-resisted|p2a: Toxapex
|-damage|p2a: Toxapex|91/100
|
|-heal|p2a: Toxapex|97/100|[from] item: Leftovers
|upkeep
|turn|3
|
|t:|1760754858
|move|p1a: Pecharunt|Parting Shot|p2a: Toxapex
|-unboost|p2a: Toxapex|atk|1
|-unboost|p2a: Toxapex|spa|1
|inactive|lincereb has 120 seconds left.
|
|t:|1760754873
|switch|p1a: Meowscarada|Meowscarada, F, shiny|100/100|[from] Parting Shot
|move|p2a: Toxapex|Toxic Spikes|p1a: Meowscarada
|-sidestart|p1: lincereb|move: Toxic Spikes
|
|-heal|p2a: Toxapex|100/100|[from] item: Leftovers
|upkeep
|turn|4
|inactive|lincereb has 120 seconds left.
|inactive|gaston.villalba has 120 seconds left.
|
|t:|1760754903
|switch|p1a: Pecharunt|Pecharunt|100/100
|-sideend|p1: lincereb|move: Toxic Spikes|[of] p1a: Pecharunt
|switch|p2a: Gliscor|Gliscor, M|100/100
|
|-status|p2a: Gliscor|tox|[from] item: Toxic Orb
|upkeep
|turn|5
|inactive|gaston.villalba has 120 seconds left.
|
|t:|1760754914
|move|p2a: Gliscor|Spikes|p1a: Pecharunt
|-sidestart|p1: lincereb|Spikes
|move|p1a: Pecharunt|Parting Shot|p2a: Gliscor
|-unboost|p2a: Gliscor|atk|1
|-unboost|p2a: Gliscor|spa|1
|
|t:|1760754924
|switch|p1a: Meowscarada|Meowscarada, F, shiny|100/100|[from] Parting Shot
|
|upkeep
|turn|6
|
|t:|1760754933
|move|p1a: Meowscarada|Triple Axel|p2a: Gliscor
|-start|p1a: Meowscarada|typechange|Ice|[from] ability: Protean
|-supereffective|p2a: Gliscor
|-crit|p2a: Gliscor
|-damage|p2a: Gliscor|53/100 tox
|-supereffective|p2a: Gliscor
|-damage|p2a: Gliscor|0 fnt
|faint|p2a: Gliscor
|-hitcount|p2: Gliscor|2
|
|upkeep
|
|t:|1760754944
|switch|p2a: Toxapex|Toxapex, M|100/100
|turn|7
|inactive|lincereb has 120 seconds left.
|
|t:|1760754969
|switch|p1a: Pecharunt|Pecharunt|100/100
|move|p2a: Toxapex|Toxic|p1a: Pecharunt
|-immune|p1a: Pecharunt
|
|upkeep
|turn|8
|
|t:|1760754978
|switch|p2a: Weezing|Weezing-Galar, M|100/100
|-ability|p2a: Weezing|Neutralizing Gas
|move|p1a: Pecharunt|Parting Shot|p2a: Weezing
|-unboost|p2a: Weezing|atk|1
|-unboost|p2a: Weezing|spa|1
|inactive|lincereb has 90 seconds left.
|
|t:|1760755016
|switch|p1a: Pincurchin|Pincurchin, F|100/100|[from] Parting Shot
|-damage|p1a: Pincurchin|88/100|[from] Stealth Rock
|-damage|p1a: Pincurchin|76/100|[from] Spikes
|
|upkeep
|turn|9
|
|t:|1760755040
|-end|p2a: Weezing|ability: Neutralizing Gas
|-fieldstart|move: Electric Terrain|[from] ability: Electric Surge|[of] p1a: Pincurchin
|switch|p2a: Blissey|Blissey, F|73/100
|switch|p1a: Pecharunt|Pecharunt|100/100
|
|-heal|p2a: Blissey|79/100|[from] item: Leftovers
|upkeep
|turn|10
|inactive|lincereb has 60 seconds left.
|
|t:|1760755069
|switch|p1a: Iron Hands|Iron Hands, shiny|100/100
|-damage|p1a: Iron Hands|94/100|[from] Stealth Rock
|-damage|p1a: Iron Hands|82/100|[from] Spikes
|-activate|p1a: Iron Hands|ability: Quark Drive
|-start|p1a: Iron Hands|quarkdriveatk
|switch|p2a: Toxapex|Toxapex, M|100/100
|
|upkeep
|turn|11
|inactive|lincereb has 60 seconds left.
|
|t:|1760755085
|switch|p2a: Dondozo|Dondozo, F|100/100
|move|p1a: Iron Hands|Swords Dance|p1a: Iron Hands
|-boost|p1a: Iron Hands|atk|2
|
|upkeep
|turn|12
|inactive|lincereb has 60 seconds left.
|
|t:|1760755094
|-terastallize|p2a: Dondozo|Dragon
|move|p1a: Iron Hands|Thunder Punch|p2a: Dondozo
|-resisted|p2a: Dondozo
|-damage|p2a: Dondozo|83/100
|move|p2a: Dondozo|Body Press|p1a: Iron Hands
|-damage|p1a: Iron Hands|62/100
|
|-heal|p2a: Dondozo|89/100|[from] item: Leftovers
|upkeep
|turn|13
|inactive|lincereb has 60 seconds left.
|
|t:|1760755108
|move|p1a: Iron Hands|Drain Punch|p2a: Dondozo
|-damage|p2a: Dondozo|62/100
|-heal|p1a: Iron Hands|77/100|[from] drain|[of] p2a: Dondozo
|move|p2a: Dondozo|Body Press|p1a: Iron Hands
|-damage|p1a: Iron Hands|58/100
|
|-heal|p2a: Dondozo|68/100|[from] item: Leftovers
|upkeep
|turn|14
|inactive|lincereb has 60 seconds left.
|
|t:|1760755120
|move|p1a: Iron Hands|Swords Dance|p1a: Iron Hands
|-boost|p1a: Iron Hands|atk|2
|move|p2a: Dondozo|Body Press|p1a: Iron Hands
|-damage|p1a: Iron Hands|38/100
|
|-heal|p2a: Dondozo|75/100|[from] item: Leftovers
|upkeep
|turn|15
|
|t:|1760755129
|move|p1a: Iron Hands|Drain Punch|p2a: Dondozo
|-damage|p2a: Dondozo|47/100
|-heal|p1a: Iron Hands|54/100|[from] drain|[of] p2a: Dondozo
|move|p2a: Dondozo|Rest||[still]
|-activate|p2a: Dondozo|move: Electric Terrain
|-fail|p2a: Dondozo
|
|-heal|p2a: Dondozo|53/100|[from] item: Leftovers
|upkeep
|turn|16
|
|t:|1760755142
|switch|p2a: Weezing|Weezing-Galar, M|100/100
|-ability|p2a: Weezing|Neutralizing Gas
|move|p1a: Iron Hands|Drain Punch|p2a: Weezing
|-resisted|p2a: Weezing
|-damage|p2a: Weezing|77/100
|-heal|p1a: Iron Hands|63/100|[from] drain|[of] p2a: Weezing
|
|-fieldend|move: Electric Terrain
|upkeep
|turn|17
|inactive|lincereb has 60 seconds left.
|
|t:|1760755173
|move|p2a: Weezing|Will-O-Wisp|p1a: Iron Hands
|-status|p1a: Iron Hands|brn
|move|p1a: Iron Hands|Thunder Punch|p2a: Weezing
|-damage|p2a: Weezing|34/100
|
|-damage|p1a: Iron Hands|57/100 brn|[from] brn
|upkeep
|turn|18
|inactive|lincereb has 60 seconds left.
|
|t:|1760755183
|move|p2a: Weezing|Pain Split|p1a: Iron Hands
|-sethp|p1a: Iron Hands|41/100 brn|[from] move: Pain Split|[silent]
|-sethp|p2a: Weezing|55/100|[from] move: Pain Split
|move|p1a: Iron Hands|Thunder Punch|p2a: Weezing
|-damage|p2a: Weezing|8/100
|
|-damage|p1a: Iron Hands|35/100 brn|[from] brn
|upkeep
|turn|19
|inactive|lincereb has 60 seconds left.
|
|t:|1760755195
|-end|p2a: Weezing|ability: Neutralizing Gas
|-end|p1a: Iron Hands|Quark Drive
|switch|p2a: Blissey|Blissey, F|79/100
|-enditem|p1a: Iron Hands|Booster Energy
|-activate|p1a: Iron Hands|ability: Quark Drive|[fromitem]
|-start|p1a: Iron Hands|quarkdriveatk
|move|p1a: Iron Hands|Drain Punch|p2a: Blissey
|-supereffective|p2a: Blissey
|-damage|p2a: Blissey|0 fnt
|-heal|p1a: Iron Hands|92/100 brn|[from] drain|[of] p2a: Blissey
|faint|p2a: Blissey
|
|-damage|p1a: Iron Hands|86/100 brn|[from] brn
|upkeep
|
|t:|1760755207
|switch|p2a: Dondozo|Dondozo, F, tera:Dragon|53/100
|turn|20
|inactive|lincereb has 60 seconds left.
|
|t:|1760755219
|move|p1a: Iron Hands|Ice Punch|p2a: Dondozo
|-supereffective|p2a: Dondozo
|-damage|p2a: Dondozo|36/100
|move|p2a: Dondozo|Rest|p2a: Dondozo
|-status|p2a: Dondozo|slp|[from] move: Rest
|-heal|p2a: Dondozo|100/100 slp|[silent]
|
|-damage|p1a: Iron Hands|80/100 brn|[from] brn
|upkeep
|turn|21
|inactive|lincereb has 60 seconds left.
|
|t:|1760755233
|move|p1a: Iron Hands|Drain Punch|p2a: Dondozo
|-damage|p2a: Dondozo|87/100 slp
|-heal|p1a: Iron Hands|87/100 brn|[from] drain|[of] p2a: Dondozo
|cant|p2a: Dondozo|slp
|move|p2a: Dondozo|Sleep Talk|p2a: Dondozo
|move|p2a: Dondozo|Avalanche|p1a: Iron Hands|[from] move: Sleep Talk
|-damage|p1a: Iron Hands|67/100 brn
|
|-heal|p2a: Dondozo|94/100 slp|[from] item: Leftovers
|-damage|p1a: Iron Hands|61/100 brn|[from] brn
|upkeep
|turn|22
|inactive|lincereb has 60 seconds left.
|
|t:|1760755258
|-end|p1a: Iron Hands|Quark Drive|[silent]
|switch|p1a: Pincurchin|Pincurchin, F|76/100
|-damage|p1a: Pincurchin|63/100|[from] Stealth Rock
|-damage|p1a: Pincurchin|51/100|[from] Spikes
|-fieldstart|move: Electric Terrain|[from] ability: Electric Surge|[of] p1a: Pincurchin
|cant|p2a: Dondozo|slp
|
|-heal|p2a: Dondozo|99/100 slp|[from] item: Leftovers
|upkeep
|turn|23
|inactive|gaston.villalba has 120 seconds left.
|
|t:|1760755284
|switch|p1a: Latios|Latios, M|100/100
|-damage|p1a: Latios|88/100|[from] Stealth Rock
|-curestatus|p2a: Dondozo|slp|[msg]
|move|p2a: Dondozo|Avalanche|p1a: Latios
|-supereffective|p1a: Latios
|-damage|p1a: Latios|53/100
|
|-heal|p2a: Dondozo|100/100|[from] item: Leftovers
|upkeep
|turn|24
|inactive|gaston.villalba has 120 seconds left.
|
|t:|1760755299
|move|p1a: Latios|Draco Meteor|p2a: Dondozo
|-supereffective|p2a: Dondozo
|-damage|p2a: Dondozo|0 fnt
|-unboost|p1a: Latios|spa|2
|faint|p2a: Dondozo
|
|upkeep
|inactive|gaston.villalba has 120 seconds left.
|
|t:|1760755306
|switch|p2a: Weezing|Weezing-Galar, M|8/100
|-ability|p2a: Weezing|Neutralizing Gas
|turn|25
|
|t:|1760755313
|move|p1a: Latios|Thunderbolt|p2a: Weezing
|-damage|p2a: Weezing|0 fnt
|faint|p2a: Weezing
|-end|p2a: Weezing|ability: Neutralizing Gas
|
|upkeep
|
|t:|1760755319
|switch|p2a: Corviknight|Corviknight, M|100/100
|-ability|p2a: Corviknight|Pressure
|turn|26
|
|t:|1760755326
|move|p1a: Latios|Thunderbolt|p2a: Corviknight
|-supereffective|p2a: Corviknight
|-damage|p2a: Corviknight|71/100
|move|p2a: Corviknight|Roost|p2a: Corviknight
|-heal|p2a: Corviknight|100/100
|-singleturn|p2a: Corviknight|move: Roost
|
|upkeep
|turn|27
|inactive|lincereb has 60 seconds left.
|
|t:|1760755338
|switch|p1a: Raging Bolt|Raging Bolt|100/100
|-damage|p1a: Raging Bolt|88/100|[from] Stealth Rock
|-damage|p1a: Raging Bolt|76/100|[from] Spikes
|switch|p2a: Toxapex|Toxapex, M|100/100
|
|upkeep
|turn|28
|inactive|lincereb has 60 seconds left.
|
|t:|1760755355
|move|p1a: Raging Bolt|Rising Voltage|p2a: Toxapex
|-hint|Rising Voltage's BP doubled on grounded target.
|-supereffective|p2a: Toxapex
|-damage|p2a: Toxapex|0 fnt
|faint|p2a: Toxapex
|
|upkeep
|
|t:|1760755361
|switch|p2a: Corviknight|Corviknight, M|100/100
|-ability|p2a: Corviknight|Pressure
|turn|29
|
|t:|1760755368
|-terastallize|p1a: Raging Bolt|Fairy
|move|p1a: Raging Bolt|Rising Voltage|p2a: Corviknight
|-supereffective|p2a: Corviknight
|-damage|p2a: Corviknight|0 fnt
|faint|p2a: Corviknight
|
|win|lincereb
|raw|lincereb's rating: 1031 &rarr; <strong>1067</strong><br />(+36 for winning)
|raw|gaston.villalba's rating: 1040 &rarr; <strong>1024</strong><br />(-16 for losing)
