|j|☆Loser I will lose
|j|☆DoktorVodka
|t:|1760820363
|gametype|singles
|player|p1|Loser I will lose|drayden|
|player|p2|DoktorVodka|gardenia|
|gen|9
|tier|[Gen 9] OU
|rule|HP Percentage Mod: HP is shown in percentages
|rule|Endless Battle Clause: Forcing endless battles is banned
|rule|Species Clause: Limit one of each Pokémon
|rule|OHKO Clause: OHKO moves are banned
|rule|Evasion Items Clause: Evasion items are banned
|rule|Evasion Moves Clause: Evasion moves are banned
|rule|Evasion Abilities Clause: Evasion abilities are banned
|rule|Sleep Moves Clause: Sleep-inducing moves are banned
|clearpoke
|poke|p1|Ribombee, M|
|poke|p1|Alomomola, M|
|poke|p1|Excadrill, M|
|poke|p1|Glaceon, M|
|poke|p1|Rotom-Heat|
|poke|p1|Cyclizar, F|
|poke|p2|Garchomp, F|
|poke|p2|Weavile, F|
|poke|p2|Skeledirge, M|
|poke|p2|Electrode-Hisui|
|poke|p2|Glimmora, M|
|poke|p2|Primarina, M|
|teampreview
|
|t:|1760820392
|teamsize|p1|6
|teamsize|p2|6
|start
|switch|p1a: 150 (But red)|Rotom-Heat|100/100
|switch|p2a: Electricles|Electrode-Hisui, shiny|100/100
|turn|1
|
|t:|1760820400
|move|p2a: Electricles|Volt Switch|p1a: 150 (But red)
|-resisted|p1a: 150 (But red)
|-damage|p1a: 150 (But red)|86/100
|
|t:|1760820410
|switch|p2a: Vagita Margin|Glimmora, M|100/100|[from] Volt Switch
|move|p1a: 150 (But red)|Nasty Plot|p1a: 150 (But red)
|-boost|p1a: 150 (But red)|spa|2
|
|upkeep
|turn|2
|
|t:|1760820422
|move|p1a: 150 (But red)|Overheat|p2a: Vagita Margin
|-resisted|p2a: Vagita Margin
|-damage|p2a: Vagita Margin|38/100
|-unboost|p1a: 150 (But red)|spa|2
|move|p2a: Vagita Margin|Meteor Beam||[still]
|-prepare|p2a: Vagita Margin|Meteor Beam
|-boost|p2a: Vagita Margin|spa|1
|-enditem|p2a: Vagita Margin|Power Herb
|-anim|p2a: Vagita Margin|Meteor Beam|p1a: 150 (But red)
|-supereffective|p1a: 150 (But red)
|-damage|p1a: 150 (But red)|0 fnt
|faint|p1a: 150 (But red)
|
|upkeep
|
|t:|1760820446
|switch|p1a: 50|Cyclizar, F|100/100
|turn|3
|
|t:|1760820463
|move|p1a: 50|Knock Off|p2a: Vagita Margin
|-damage|p2a: Vagita Margin|19/100
|-activate|p2a: Vagita Margin|ability: Toxic Debris
|-sidestart|p1: Loser I will lose|move: Toxic Spikes
|move|p2a: Vagita Margin|Sludge Wave|p1a: 50
|-damage|p1a: 50|36/100
|
|upkeep
|turn|4
|
|t:|1760820500
|move|p1a: 50|Knock Off|p2a: Vagita Margin
|-damage|p2a: Vagita Margin|1/100
|-activate|p2a: Vagita Margin|ability: Toxic Debris
|-sidestart|p1: Loser I will lose|move: Toxic Spikes
|move|p2a: Vagita Margin|Sludge Wave|p1a: 50
|-damage|p1a: 50|0 fnt
|faint|p1a: 50
|
|upkeep
|
|t:|1760820514
|switch|p1a: 150 (But ugly)|Excadrill, M|100/100
|-ability|p1a: 150 (But ugly)|Mold Breaker
|turn|5
|
|t:|1760820519
|move|p1a: 150 (But ugly)|Rapid Spin|p2a: Vagita Margin
|-resisted|p2a: Vagita Margin
|-damage|p2a: Vagita Margin|0 fnt
|-boost|p1a: 150 (But ugly)|spe|1
|-sideend|p1: Loser I will lose|Toxic Spikes|[from] move: Rapid Spin|[of] p1a: 150 (But ugly)
|faint|p2a: Vagita Margin
|
|upkeep
|
|t:|1760820536
|switch|p2a: Papyrus|Garchomp, F|100/100
|turn|6
|
|t:|1760820565
|move|p1a: 150 (But ugly)|Iron Head|p2a: Papyrus
|-crit|p2a: Papyrus
|-damage|p2a: Papyrus|35/100
|-damage|p1a: 150 (But ugly)|88/100|[from] ability: Rough Skin|[of] p2a: Papyrus
|cant|p2a: Papyrus|flinch
|
|-heal|p1a: 150 (But ugly)|94/100|[from] item: Leftovers
|upkeep
|turn|7
|
|t:|1760820608
|move|p1a: 150 (But ugly)|Earthquake|p2a: Papyrus
|-damage|p2a: Papyrus|0 fnt
|faint|p2a: Papyrus
|
|-heal|p1a: 150 (But ugly)|99/100|[from] item: Leftovers
|upkeep
|
|t:|1760820611
|switch|p2a: Gator Town|Skeledirge, M|100/100
|turn|8
|
|t:|1760820644
|move|p1a: 150 (But ugly)|Earthquake|p2a: Gator Town
|-supereffective|p2a: Gator Town
|-damage|p2a: Gator Town|36/100
|move|p2a: Gator Town|Will-O-Wisp|p1a: 150 (But ugly)
|-status|p1a: 150 (But ugly)|brn
|
|-heal|p1a: 150 (But ugly)|100/100 brn|[from] item: Leftovers
|-damage|p1a: 150 (But ugly)|94/100 brn|[from] brn
|upkeep
|turn|9
|
|t:|1760820720
|-terastallize|p2a: Gator Town|Fairy
|move|p1a: 150 (But ugly)|Earthquake|p2a: Gator Town
|-damage|p2a: Gator Town|20/100
|move|p2a: Gator Town|Slack Off|p2a: Gator Town
|-heal|p2a: Gator Town|71/100
|
|-heal|p1a: 150 (But ugly)|100/100 brn|[from] item: Leftovers
|-damage|p1a: 150 (But ugly)|94/100 brn|[from] brn
|upkeep
|turn|10
|
|t:|1760820730
|move|p1a: 150 (But ugly)|Iron Head|p2a: Gator Town
|-supereffective|p2a: Gator Town
|-damage|p2a: Gator Town|44/100
|cant|p2a: Gator Town|flinch
|
|-heal|p1a: 150 (But ugly)|100/100 brn|[from] item: Leftovers
|-damage|p1a: 150 (But ugly)|94/100 brn|[from] brn
|upkeep
|turn|11
|
|t:|1760820738
|move|p1a: 150 (But ugly)|Iron Head|p2a: Gator Town
|-supereffective|p2a: Gator Town
|-damage|p2a: Gator Town|18/100
|move|p2a: Gator Town|Slack Off|p2a: Gator Town
|-heal|p2a: Gator Town|68/100
|
|-heal|p1a: 150 (But ugly)|100/100 brn|[from] item: Leftovers
|-damage|p1a: 150 (But ugly)|94/100 brn|[from] brn
|upkeep
|turn|12
|
|t:|1760820761
|switch|p1a: 150|Alomomola, M|100/100
|move|p2a: Gator Town|Slack Off|p2a: Gator Town
|-heal|p2a: Gator Town|100/100
|
|upkeep
|turn|13
|
|t:|1760820776
|move|p2a: Gator Town|Torch Song|p1a: 150
|-resisted|p1a: 150
|-damage|p1a: 150|83/100
|-boost|p2a: Gator Town|spa|1
|move|p1a: 150|Tickle|p2a: Gator Town
|-unboost|p2a: Gator Town|atk|1
|-unboost|p2a: Gator Town|def|1
|
|upkeep
|turn|14
|
|t:|1760820789
|move|p2a: Gator Town|Will-O-Wisp|p1a: 150
|-status|p1a: 150|brn
|move|p1a: 150|Tickle|p2a: Gator Town
|-unboost|p2a: Gator Town|atk|1
|-unboost|p2a: Gator Town|def|1
|
|-damage|p1a: 150|77/100 brn|[from] brn
|upkeep
|turn|15
|
|t:|1760820799
|move|p2a: Gator Town|Hex|p1a: 150
|-damage|p1a: 150|0 fnt
|faint|p1a: 150
|
|upkeep
|
|t:|1760820803
|switch|p1a: 150 (But ugly)|Excadrill, M|94/100 brn
|-ability|p1a: 150 (But ugly)|Mold Breaker
|turn|16
|
|t:|1760820816
|switch|p2a: Electricles|Electrode-Hisui, shiny|100/100
|move|p1a: 150 (But ugly)|Iron Head|p2a: Electricles
|-resisted|p2a: Electricles
|-damage|p2a: Electricles|82/100
|
|-heal|p1a: 150 (But ugly)|100/100 brn|[from] item: Leftovers
|-damage|p1a: 150 (But ugly)|94/100 brn|[from] brn
|upkeep
|turn|17
|
|t:|1760820827
|move|p2a: Electricles|Taunt|p1a: 150 (But ugly)
|-start|p1a: 150 (But ugly)|move: Taunt
|move|p1a: 150 (But ugly)|Rapid Spin|p2a: Electricles
|-damage|p2a: Electricles|67/100
|-boost|p1a: 150 (But ugly)|spe|1
|
|-heal|p1a: 150 (But ugly)|100/100 brn|[from] item: Leftovers
|-damage|p1a: 150 (But ugly)|94/100 brn|[from] brn
|upkeep
|turn|18
|
|t:|1760820837
|move|p1a: 150 (But ugly)|Earthquake|p2a: Electricles
|-damage|p2a: Electricles|22/100
|move|p2a: Electricles|Leaf Storm|p1a: 150 (But ugly)
|-damage|p1a: 150 (But ugly)|31/100 brn
|-unboost|p2a: Electricles|spa|2
|
|-heal|p1a: 150 (But ugly)|37/100 brn|[from] item: Leftovers
|-damage|p1a: 150 (But ugly)|31/100 brn|[from] brn
|upkeep
|turn|19
|
|t:|1760820920
|move|p1a: 150 (But ugly)|Earthquake|p2a: Electricles
|-damage|p2a: Electricles|0 fnt
|faint|p2a: Electricles
|
|-heal|p1a: 150 (But ugly)|37/100 brn|[from] item: Leftovers
|-damage|p1a: 150 (But ugly)|31/100 brn|[from] brn
|-end|p1a: 150 (But ugly)|move: Taunt
|upkeep
|
|t:|1760820922
|switch|p2a: Lemon8|Weavile, F, shiny|100/100
|-ability|p2a: Lemon8|Pressure
|turn|20
|
|t:|1760820937
|switch|p2a: Lolita|Primarina, M, shiny|100/100
|move|p1a: 150 (But ugly)|Swords Dance|p1a: 150 (But ugly)
|-boost|p1a: 150 (But ugly)|atk|2
|
|-heal|p1a: 150 (But ugly)|37/100 brn|[from] item: Leftovers
|-damage|p1a: 150 (But ugly)|31/100 brn|[from] brn
|upkeep
|turn|21
|
|t:|1760820979
|move|p1a: 150 (But ugly)|Earthquake|p2a: Lolita
|-damage|p2a: Lolita|33/100
|move|p2a: Lolita|Surf|p1a: 150 (But ugly)
|-supereffective|p1a: 150 (But ugly)
|-damage|p1a: 150 (But ugly)|0 fnt
|faint|p1a: 150 (But ugly)
|
|upkeep
|
|t:|1760820987
|switch|p1a: 150 (But yellow)|Ribombee, M|100/100
|turn|22
|
|t:|1760820998
|move|p1a: 150 (But yellow)|Quiver Dance|p1a: 150 (But yellow)
|-boost|p1a: 150 (But yellow)|spa|1
|-boost|p1a: 150 (But yellow)|spd|1
|-boost|p1a: 150 (But yellow)|spe|1
|move|p2a: Lolita|Moonblast|p1a: 150 (But yellow)
|-damage|p1a: 150 (But yellow)|34/100
|
|upkeep
|turn|23
|
|t:|1760821007
|move|p1a: 150 (But yellow)|Moonblast|p2a: Lolita
|-damage|p2a: Lolita|0 fnt
|faint|p2a: Lolita
|
|upkeep
|
|t:|1760821009
|switch|p2a: Gator Town|Skeledirge, M, tera:Fairy|100/100
|turn|24
|
|t:|1760821027
|move|p1a: 150 (But yellow)|Stun Spore|p2a: Gator Town|[miss]
|-miss|p1a: 150 (But yellow)|p2a: Gator Town
|move|p2a: Gator Town|Torch Song|p1a: 150 (But yellow)
|-supereffective|p1a: 150 (But yellow)
|-damage|p1a: 150 (But yellow)|0 fnt
|-boost|p2a: Gator Town|spa|1
|faint|p1a: 150 (But yellow)
|
|upkeep
|
|t:|1760821032
|switch|p1a: 100|Glaceon, M|100/100
|turn|25
|
|t:|1760821090
|-terastallize|p1a: 100|Water
|move|p1a: 100|Water Pulse|p2a: Gator Town
|-damage|p2a: Gator Town|51/100
|-start|p2a: Gator Town|confusion
|-activate|p2a: Gator Town|confusion
|-damage|p2a: Gator Town|47/100|[from] confusion
|
|upkeep
|turn|26
|
|t:|1760821123
|move|p1a: 100|Water Pulse|p2a: Gator Town
|-damage|p2a: Gator Town|0 fnt
|faint|p2a: Gator Town
|
|upkeep
|
|t:|1760821127
|switch|p2a: Lemon8|Weavile, F, shiny|100/100
|-ability|p2a: Lemon8|Pressure
|turn|27
|
|t:|1760821131
|move|p2a: Lemon8|Knock Off|p1a: 100
|-damage|p1a: 100|22/100
|-enditem|p1a: 100|Choice Specs|[from] move: Knock Off|[of] p2a: Lemon8
|move|p1a: 100|Water Pulse|p2a: Lemon8
|-damage|p2a: Lemon8|48/100
|
|upkeep
|turn|28
|
|t:|1760821151
|move|p2a: Lemon8|Knock Off|p1a: 100
|-damage|p1a: 100|0 fnt
|faint|p1a: 100
|
|win|DoktorVodka
|l|☆DoktorVodka
|player|p2|
|j|☆DoktorVodka
|player|p2|DoktorVodka|gardenia|
