|j|☆oudj resh
|j|☆Heckto
|inactive|Battle timer is ON: inactive players will automatically lose when time's up.
|t:|1760804132
|gametype|singles
|player|p1|oudj resh|102|
|player|p2|Heckto|1|
|gen|9
|tier|[Gen 9] OU
|rated|Tournament battle
|rule|HP Percentage Mod: HP is shown in percentages
|rule|Endless Battle Clause: Forcing endless battles is banned
|rule|Species Clause: Limit one of each Pokémon
|rule|OHKO Clause: OHKO moves are banned
|rule|Evasion Items Clause: Evasion items are banned
|rule|Evasion Moves Clause: Evasion moves are banned
|rule|Evasion Abilities Clause: Evasion abilities are banned
|rule|Sleep Moves Clause: Sleep-inducing moves are banned
|clearpoke
|poke|p1|Gallade, M|
|poke|p1|Torkoal, M|
|poke|p1|Cinderace, F|
|poke|p1|Ursaluna, M|
|poke|p1|Indeedee, M|
|poke|p1|Enamorus-Therian, F|
|poke|p2|Dragapult, M|
|poke|p2|Ogerpon-Wellspring, F|
|poke|p2|Zamazenta-*|
|poke|p2|Clefable, M|
|poke|p2|Corviknight, F|
|poke|p2|Ting-Lu|
|teampreview
|j|*Lady Monita ☀
|inactive|Heckto also wants the timer to be on.
|j| Albrtix
|
|t:|1760804149
|teamsize|p1|6
|teamsize|p2|6
|start
|switch|p1a: Enamorus|Enamorus-Therian, F|100/100
|switch|p2a: Clefable|Clefable, M|100/100
|turn|1
|
|t:|1760804154
|move|p2a: Clefable|Thunder Wave|p1a: Enamorus
|-status|p1a: Enamorus|par
|move|p1a: Enamorus|Moonblast|p2a: Clefable
|-damage|p2a: Clefable|47/100
|
|upkeep
|turn|2
|
|t:|1760804164
|switch|p1a: Ursaluna|Ursaluna, M|100/100
|move|p2a: Clefable|Moonlight|p2a: Clefable
|-heal|p2a: Clefable|97/100
|
|-status|p1a: Ursaluna|brn|[from] item: Flame Orb
|upkeep
|turn|3
|
|t:|1760804169
|switch|p2a: Corviknight|Corviknight, F|100/100
|-ability|p2a: Corviknight|Pressure
|move|p1a: Ursaluna|Swords Dance|p1a: Ursaluna
|-boost|p1a: Ursaluna|atk|2
|
|-damage|p1a: Ursaluna|94/100 brn|[from] brn
|upkeep
|turn|4
|
|t:|1760804178
|move|p2a: Corviknight|Body Press|p1a: Ursaluna
|-supereffective|p1a: Ursaluna
|-damage|p1a: Ursaluna|56/100 brn
|move|p1a: Ursaluna|Fire Punch|p2a: Corviknight
|-supereffective|p2a: Corviknight
|-damage|p2a: Corviknight|0 fnt
|-damage|p1a: Ursaluna|40/100 brn|[from] item: Rocky Helmet|[of] p2a: Corviknight
|faint|p2a: Corviknight
|
|-damage|p1a: Ursaluna|34/100 brn|[from] brn
|upkeep
|
|t:|1760804182
|switch|p2a: Ogerpon|Ogerpon-Wellspring, F|100/100
|turn|5
|inactive|oudj resh has 120 seconds left.
|inactive|oudj resh has 90 seconds left.
|
|t:|1760804247
|move|p2a: Ogerpon|Ivy Cudgel|p1a: Ursaluna|[anim] Ivy Cudgel Water
|-supereffective|p1a: Ursaluna
|-crit|p1a: Ursaluna
|-damage|p1a: Ursaluna|0 fnt
|faint|p1a: Ursaluna
|
|upkeep
|
|t:|1760804252
|switch|p1a: Indeedee|Indeedee, M|100/100
|-fieldstart|move: Psychic Terrain|[from] ability: Psychic Surge|[of] p1a: Indeedee
|turn|6
|
|t:|1760804262
|switch|p2a: Ting-Lu|Ting-Lu|100/100
|-ability|p2a: Ting-Lu|Vessel of Ruin
|move|p1a: Indeedee|Trick Room|p1a: Indeedee
|-fieldstart|move: Trick Room|[of] p1a: Indeedee
|
|upkeep
|turn|7
|j| GoldenJoe777
|
|t:|1760804272
|switch|p1a: Enamorus|Enamorus-Therian, F|100/100 par
|move|p2a: Ting-Lu|Ruination|p1a: Enamorus
|-damage|p1a: Enamorus|51/100 par
|
|upkeep
|turn|8
|
|t:|1760804274
|cant|p1a: Enamorus|par
|move|p2a: Ting-Lu|Heavy Slam|p1a: Enamorus
|-supereffective|p1a: Enamorus
|-damage|p1a: Enamorus|0 fnt
|faint|p1a: Enamorus
|
|upkeep
|
|t:|1760804279
|switch|p1a: Gallade|Gallade, M|100/100
|turn|9
|
|t:|1760804289
|switch|p2a: Clefable|Clefable, M|97/100
|move|p1a: Gallade|Sacred Sword|p2a: Clefable
|-resisted|p2a: Clefable
|-damage|p2a: Clefable|60/100
|-damage|p1a: Gallade|84/100|[from] item: Rocky Helmet|[of] p2a: Clefable
|
|upkeep
|turn|10
|
|t:|1760804296
|move|p1a: Gallade|Psycho Cut|p2a: Clefable
|-damage|p2a: Clefable|0 fnt
|faint|p2a: Clefable
|
|-fieldend|move: Trick Room
|-fieldend|move: Psychic Terrain
|upkeep
|
|t:|1760804300
|switch|p2a: Dragapult|Dragapult, M|100/100
|turn|11
|
|t:|1760804304
|move|p2a: Dragapult|Shadow Ball|p1a: Gallade
|-supereffective|p1a: Gallade
|-damage|p1a: Gallade|0 fnt
|faint|p1a: Gallade
|
|upkeep
|-message|oudj resh forfeited.
|
|win|Heckto
|n|☆oudj resh|oudjresh
|n|☆Heckto|heckto
|n|*Lady Monita ☀|ladymonita
|n| Albrtix|albrtix
|n| GoldenJoe777|goldenjoe777
|l|*Lady Monita ☀
|l|☆oudj resh
|player|p1|
|l|☆Heckto
|player|p2|
|l| GoldenJoe777
