|j|☆Crooksieee
|j|☆Deathfrogie
|t:|1760814537
|gametype|singles
|player|p1|Crooksieee|170|1553
|player|p2|Deathfrogie|101|1563
|gen|9
|tier|[Gen 9] OU
|rated|
|rule|HP Percentage Mod: HP is shown in percentages
|rule|Endless Battle Clause: Forcing endless battles is banned
|rule|Species Clause: Limit one of each Pokémon
|rule|OHKO Clause: OHKO moves are banned
|rule|Evasion Items Clause: Evasion items are banned
|rule|Evasion Moves Clause: Evasion moves are banned
|rule|Evasion Abilities Clause: Evasion abilities are banned
|rule|Sleep Moves Clause: Sleep-inducing moves are banned
|clearpoke
|poke|p1|Landorus-Therian, M|
|poke|p1|Glimmora, M|
|poke|p1|Samurott-Hisui, M|
|poke|p1|Great Tusk|
|poke|p1|Gholdengo|
|poke|p1|Dragapult, M|
|poke|p2|Pelipper, F|
|poke|p2|Toxicroak, M|
|poke|p2|Iron Treads|
|poke|p2|Hatterene, F|
|poke|p2|Zapdos|
|poke|p2|Barraskewda, M|
|teampreview
|inactive|Battle timer is ON: inactive players will automatically lose when time's up. (requested by Crooksieee)
|
|t:|1760814587
|teamsize|p1|6
|teamsize|p2|6
|start
|switch|p1a: Samurott|Samurott-Hisui, M|100/100
|switch|p2a: Pelipper|Pelipper, F|100/100
|-weather|RainDance|[from] ability: Drizzle|[of] p2a: Pelipper
|turn|1
|
|t:|1760814600
|switch|p2a: Toxicroak|Toxicroak, M|100/100
|move|p1a: Samurott|Ceaseless Edge|p2a: Toxicroak
|-resisted|p2a: Toxicroak
|-damage|p2a: Toxicroak|79/100
|-damage|p1a: Samurott|84/100|[from] item: Rocky Helmet|[of] p2a: Toxicroak
|-sidestart|p2: Deathfrogie|Spikes
|
|-weather|RainDance|[upkeep]
|-heal|p2a: Toxicroak|92/100|[from] ability: Dry Skin
|upkeep
|turn|2
|
|t:|1760814618
|switch|p1a: Gholdengo|Gholdengo|100/100
|move|p2a: Toxicroak|Knock Off|p1a: Gholdengo
|-supereffective|p1a: Gholdengo
|-damage|p1a: Gholdengo|52/100
|-enditem|p1a: Gholdengo|Covert Cloak|[from] move: Knock Off|[of] p2a: Toxicroak
|
|-weather|RainDance|[upkeep]
|-heal|p2a: Toxicroak|100/100|[from] ability: Dry Skin
|upkeep
|turn|3
|
|t:|1760814633
|switch|p2a: Iron Treads|Iron Treads|100/100
|-damage|p2a: Iron Treads|88/100|[from] Spikes
|move|p1a: Gholdengo|Shadow Ball|p2a: Iron Treads
|-damage|p2a: Iron Treads|53/100
|
|-weather|RainDance|[upkeep]
|-heal|p2a: Iron Treads|59/100|[from] item: Leftovers
|upkeep
|turn|4
|
|t:|1760814644
|switch|p1a: Landorus|Landorus-Therian, M|100/100
|-ability|p1a: Landorus|Intimidate|boost
|-unboost|p2a: Iron Treads|atk|1
|move|p2a: Iron Treads|Stealth Rock|p1a: Landorus
|-sidestart|p1: Crooksieee|move: Stealth Rock
|
|-weather|RainDance|[upkeep]
|-heal|p2a: Iron Treads|65/100|[from] item: Leftovers
|upkeep
|turn|5
|
|t:|1760814655
|-end|p2a: Iron Treads|Quark Drive|[silent]
|switch|p2a: Hatterene|Hatterene, F|100/100
|-damage|p2a: Hatterene|88/100|[from] Spikes
|move|p1a: Landorus|Earthquake|p2a: Hatterene
|-damage|p2a: Hatterene|45/100
|-enditem|p2a: Hatterene|Eject Button
|
|t:|1760814675
|switch|p2a: Barraskewda|Barraskewda, M|100/100
|-damage|p2a: Barraskewda|88/100|[from] Spikes
|
|-weather|RainDance|[upkeep]
|upkeep
|turn|6
|l|☆Crooksieee
|inactive|Crooksieee disconnected and has a minute to reconnect!
|player|p1|
|inactive|Crooksieee has 30 seconds to reconnect!
|inactive|Crooksieee has 20 seconds to reconnect!
|inactive|Crooksieee has 15 seconds to reconnect!
|inactive|Crooksieee has 10 seconds to reconnect!
|inactive|Crooksieee has 5 seconds to reconnect!
|-message|Crooksieee lost due to inactivity.
|
|win|Deathfrogie
|raw|Crooksieee's rating: 1553 &rarr; <strong>1534</strong><br />(-19 for losing)
|raw|Deathfrogie's rating: 1563 &rarr; <strong>1582</strong><br />(+19 for winning)
|l|☆Deathfrogie
|player|p2|
|j|☆Crooksieee
|player|p1|Crooksieee|170|
|l|☆Crooksieee
|player|p1|
