|j|☆dolphin21
|j|☆Luan1726
|t:|1760761721
|gametype|singles
|player|p1|dolphin21|169|1150
|player|p2|Luan1726|102|1145
|gen|9
|tier|[Gen 9] OU
|rated|
|rule|HP Percentage Mod: HP is shown in percentages
|rule|Endless Battle Clause: Forcing endless battles is banned
|rule|Species Clause: Limit one of each Pokémon
|rule|OHKO Clause: OHKO moves are banned
|rule|Evasion Items Clause: Evasion items are banned
|rule|Evasion Moves Clause: Evasion moves are banned
|rule|Evasion Abilities Clause: Evasion abilities are banned
|rule|Sleep Moves Clause: Sleep-inducing moves are banned
|clearpoke
|poke|p1|Garchomp, M|
|poke|p1|Metagross|
|poke|p1|Blaziken, F|
|poke|p1|Sylveon, M|
|poke|p1|Greninja-*, M|
|poke|p1|Iron Hands|
|poke|p2|Kingambit, F|
|poke|p2|Chandelure, M|
|poke|p2|Scizor, F|
|poke|p2|Toxapex, M|
|poke|p2|Iron Valiant|
|poke|p2|Moltres|
|teampreview
|
|t:|1760761742
|teamsize|p1|6
|teamsize|p2|6
|start
|switch|p1a: Greninja|Greninja, M|100/100
|switch|p2a: Iron Valiant|Iron Valiant|100/100
|-enditem|p2a: Iron Valiant|Booster Energy
|-activate|p2a: Iron Valiant|ability: Quark Drive|[fromitem]
|-start|p2a: Iron Valiant|quarkdrivespe
|turn|1
|
|t:|1760761754
|move|p2a: Iron Valiant|Swords Dance|p2a: Iron Valiant
|-boost|p2a: Iron Valiant|atk|2
|move|p1a: Greninja|Sludge Wave|p2a: Iron Valiant
|-start|p1a: Greninja|typechange|Poison|[from] ability: Protean
|-supereffective|p2a: Iron Valiant
|-damage|p2a: Iron Valiant|0 fnt
|faint|p2a: Iron Valiant
|-end|p2a: Iron Valiant|Quark Drive|[silent]
|
|upkeep
|
|t:|1760761766
|switch|p2a: Toxapex|Toxapex, M|100/100
|turn|2
|inactive|Battle timer is ON: inactive players will automatically lose when time's up. (requested by Luan1726)
|
|t:|1760761780
|switch|p1a: Metagross|Metagross, shiny|100/100
|move|p2a: Toxapex|Liquidation|p1a: Metagross
|-damage|p1a: Metagross|85/100
|
|upkeep
|turn|3
|
|t:|1760761792
|move|p2a: Toxapex|Baneful Bunker|p2a: Toxapex
|-singleturn|p2a: Toxapex|move: Protect
|move|p1a: Metagross|Psychic Fangs|p2a: Toxapex
|-activate|p2a: Toxapex|move: Protect
|
|upkeep
|turn|4
|
|t:|1760761799
|switch|p2a: Kingambit|Kingambit, F|100/100
|-activate|p2a: Kingambit|ability: Supreme Overlord
|-start|p2a: Kingambit|fallen1|[silent]
|-item|p2a: Kingambit|Air Balloon
|move|p1a: Metagross|Psychic Fangs|p2a: Kingambit
|-immune|p2a: Kingambit
|
|upkeep
|turn|5
|
|t:|1760761816
|move|p1a: Metagross|Body Press|p2a: Kingambit
|-supereffective|p2a: Kingambit
|-damage|p2a: Kingambit|16/100
|-enditem|p2a: Kingambit|Air Balloon
|move|p2a: Kingambit|Kowtow Cleave|p1a: Metagross
|-supereffective|p1a: Metagross
|-damage|p1a: Metagross|9/100
|
|upkeep
|turn|6
|
|t:|1760761821
|move|p2a: Kingambit|Sucker Punch|p1a: Metagross
|-supereffective|p1a: Metagross
|-damage|p1a: Metagross|0 fnt
|faint|p1a: Metagross
|
|upkeep
|
|t:|1760761841
|switch|p1a: Greninja|Greninja, M|100/100
|turn|7
|
|t:|1760761849
|-end|p2a: Kingambit|fallen1|[silent]
|switch|p2a: Toxapex|Toxapex, M|100/100
|move|p1a: Greninja|Surf|p2a: Toxapex
|-start|p1a: Greninja|typechange|Water|[from] ability: Protean
|-resisted|p2a: Toxapex
|-damage|p2a: Toxapex|85/100
|
|-heal|p2a: Toxapex|91/100|[from] item: Black Sludge
|upkeep
|turn|8
|
|t:|1760761862
|move|p1a: Greninja|Dark Pulse|p2a: Toxapex
|-damage|p2a: Toxapex|72/100
|move|p2a: Toxapex|Toxic|p1a: Greninja
|-status|p1a: Greninja|tox
|
|-heal|p2a: Toxapex|78/100|[from] item: Black Sludge
|-damage|p1a: Greninja|95/100 tox|[from] psn
|upkeep
|turn|9
|
|t:|1760761889
|move|p1a: Greninja|Dark Pulse|p2a: Toxapex
|-damage|p2a: Toxapex|59/100
|cant|p2a: Toxapex|flinch
|
|-heal|p2a: Toxapex|65/100|[from] item: Black Sludge
|-damage|p1a: Greninja|83/100 tox|[from] psn
|upkeep
|turn|10
|
|t:|1760761896
|move|p1a: Greninja|Dark Pulse|p2a: Toxapex
|-damage|p2a: Toxapex|47/100
|move|p2a: Toxapex|Recover|p2a: Toxapex
|-heal|p2a: Toxapex|97/100
|
|-heal|p2a: Toxapex|100/100|[from] item: Black Sludge
|-damage|p1a: Greninja|65/100 tox|[from] psn
|upkeep
|turn|11
|
|t:|1760761900
|switch|p1a: Garchomp|Garchomp, M|100/100
|move|p2a: Toxapex|Baneful Bunker||[still]
|-fail|p2a: Toxapex
|
|upkeep
|turn|12
|
|t:|1760761903
|move|p1a: Garchomp|Swords Dance|p1a: Garchomp
|-boost|p1a: Garchomp|atk|2
|move|p2a: Toxapex|Toxic|p1a: Garchomp
|-status|p1a: Garchomp|tox
|
|-damage|p1a: Garchomp|94/100 tox|[from] psn
|upkeep
|turn|13
|
|t:|1760761907
|move|p1a: Garchomp|Swords Dance|p1a: Garchomp
|-boost|p1a: Garchomp|atk|2
|move|p2a: Toxapex|Liquidation|p1a: Garchomp
|-damage|p1a: Garchomp|74/100 tox
|-unboost|p1a: Garchomp|def|1
|-damage|p2a: Toxapex|88/100|[from] ability: Rough Skin|[of] p1a: Garchomp
|
|-heal|p2a: Toxapex|94/100|[from] item: Black Sludge
|-damage|p1a: Garchomp|62/100 tox|[from] psn
|upkeep
|turn|14
|
|t:|1760761914
|move|p2a: Toxapex|Baneful Bunker|p2a: Toxapex
|-singleturn|p2a: Toxapex|move: Protect
|move|p1a: Garchomp|Earthquake|p2a: Toxapex
|-activate|p2a: Toxapex|move: Protect
|
|-heal|p2a: Toxapex|100/100|[from] item: Black Sludge
|-damage|p1a: Garchomp|43/100 tox|[from] psn
|upkeep
|turn|15
|
|t:|1760761920
|switch|p2a: Moltres|Moltres|100/100
|move|p1a: Garchomp|Earthquake|p2a: Moltres
|-immune|p2a: Moltres
|
|-damage|p1a: Garchomp|19/100 tox|[from] psn
|upkeep
|turn|16
|
|t:|1760761928
|move|p1a: Garchomp|Dragon Claw|p2a: Moltres
|-damage|p2a: Moltres|0 fnt
|faint|p2a: Moltres
|
|-damage|p1a: Garchomp|0 fnt|[from] psn
|faint|p1a: Garchomp
|upkeep
|
|t:|1760761952
|switch|p1a: Iron Hands|Iron Hands|100/100
|switch|p2a: Toxapex|Toxapex, M|100/100
|-enditem|p1a: Iron Hands|Booster Energy
|-activate|p1a: Iron Hands|ability: Quark Drive|[fromitem]
|-start|p1a: Iron Hands|quarkdriveatk
|turn|17
|
|t:|1760761961
|switch|p2a: Chandelure|Chandelure, M|100/100
|-terastallize|p1a: Iron Hands|Steel
|move|p1a: Iron Hands|Supercell Slam|p2a: Chandelure
|-damage|p2a: Chandelure|0 fnt
|faint|p2a: Chandelure
|
|upkeep
|
|t:|1760761968
|switch|p2a: Scizor|Scizor, F|100/100
|turn|18
|
|t:|1760761977
|-terastallize|p2a: Scizor|Bug
|move|p2a: Scizor|Close Combat|p1a: Iron Hands
|-supereffective|p1a: Iron Hands
|-damage|p1a: Iron Hands|32/100
|-unboost|p2a: Scizor|def|1
|-unboost|p2a: Scizor|spd|1
|-damage|p2a: Scizor|91/100|[from] item: Life Orb
|move|p1a: Iron Hands|Supercell Slam|p2a: Scizor
|-damage|p2a: Scizor|0 fnt
|faint|p2a: Scizor
|
|upkeep
|
|t:|1760761983
|switch|p2a: Kingambit|Kingambit, F|16/100
|-activate|p2a: Kingambit|ability: Supreme Overlord
|-start|p2a: Kingambit|fallen4|[silent]
|turn|19
|
|t:|1760762005
|move|p2a: Kingambit|Sucker Punch|p1a: Iron Hands
|-damage|p1a: Iron Hands|0 fnt
|faint|p1a: Iron Hands
|-end|p1a: Iron Hands|Quark Drive|[silent]
|
|upkeep
|
|t:|1760762024
|switch|p1a: Sylveon|Sylveon, M|100/100
|turn|20
|
|t:|1760762039
|switch|p1a: Greninja|Greninja, M|65/100 tox
|-end|p2a: Kingambit|fallen4|[silent]
|switch|p2a: Toxapex|Toxapex, M|100/100
|
|-damage|p1a: Greninja|59/100 tox|[from] psn
|upkeep
|turn|21
|
|t:|1760762045
|move|p2a: Toxapex|Baneful Bunker|p2a: Toxapex
|-singleturn|p2a: Toxapex|move: Protect
|move|p1a: Greninja|Dark Pulse|p2a: Toxapex
|-start|p1a: Greninja|typechange|Dark|[from] ability: Protean
|-activate|p2a: Toxapex|move: Protect
|
|-damage|p1a: Greninja|47/100 tox|[from] psn
|upkeep
|turn|22
|
|t:|1760762052
|switch|p1a: Blaziken|Blaziken, F|100/100
|move|p2a: Toxapex|Liquidation|p1a: Blaziken
|-supereffective|p1a: Blaziken
|-damage|p1a: Blaziken|38/100
|
|upkeep
|turn|23
|
|t:|1760762061
|move|p1a: Blaziken|Detect|p1a: Blaziken
|-singleturn|p1a: Blaziken|Protect
|move|p2a: Toxapex|Baneful Bunker||[still]
|-fail|p2a: Toxapex
|
|-ability|p1a: Blaziken|Speed Boost|boost
|-boost|p1a: Blaziken|spe|1
|upkeep
|turn|24
|
|t:|1760762069
|switch|p1a: Greninja|Greninja, M|47/100 tox
|move|p2a: Toxapex|Recover||[still]
|-fail|p2a: Toxapex|heal
|
|-damage|p1a: Greninja|41/100 tox|[from] psn
|upkeep
|turn|25
|
|t:|1760762079
|switch|p1a: Sylveon|Sylveon, M|100/100
|move|p2a: Toxapex|Toxic|p1a: Sylveon
|-status|p1a: Sylveon|tox
|
|-damage|p1a: Sylveon|94/100 tox|[from] psn
|upkeep
|turn|26
|
|t:|1760762086
|move|p2a: Toxapex|Baneful Bunker|p2a: Toxapex
|-singleturn|p2a: Toxapex|move: Protect
|move|p1a: Sylveon|Calm Mind|p1a: Sylveon
|-boost|p1a: Sylveon|spa|1
|-boost|p1a: Sylveon|spd|1
|
|-damage|p1a: Sylveon|82/100 tox|[from] psn
|upkeep
|turn|27
|
|t:|1760762097
|move|p1a: Sylveon|Psychic|p2a: Toxapex
|-supereffective|p2a: Toxapex
|-damage|p2a: Toxapex|30/100
|move|p2a: Toxapex|Liquidation|p1a: Sylveon
|-damage|p1a: Sylveon|56/100 tox
|
|-heal|p2a: Toxapex|36/100|[from] item: Black Sludge
|-damage|p1a: Sylveon|37/100 tox|[from] psn
|upkeep
|turn|28
|
|t:|1760762112
|move|p2a: Toxapex|Baneful Bunker|p2a: Toxapex
|-singleturn|p2a: Toxapex|move: Protect
|move|p1a: Sylveon|Calm Mind|p1a: Sylveon
|-boost|p1a: Sylveon|spa|1
|-boost|p1a: Sylveon|spd|1
|
|-heal|p2a: Toxapex|43/100|[from] item: Black Sludge
|-damage|p1a: Sylveon|13/100 tox|[from] psn
|upkeep
|turn|29
|
|t:|1760762121
|switch|p2a: Kingambit|Kingambit, F|16/100
|-activate|p2a: Kingambit|ability: Supreme Overlord
|-start|p2a: Kingambit|fallen4|[silent]
|move|p1a: Sylveon|Psychic|p2a: Kingambit
|-immune|p2a: Kingambit
|
|-damage|p1a: Sylveon|0 fnt|[from] psn
|faint|p1a: Sylveon
|upkeep
|
|t:|1760762129
|switch|p1a: Blaziken|Blaziken, F|38/100
|turn|30
|
|t:|1760762138
|move|p1a: Blaziken|Detect|p1a: Blaziken
|-singleturn|p1a: Blaziken|Protect
|move|p2a: Kingambit|Sucker Punch||[still]
|-fail|p2a: Kingambit
|
|-ability|p1a: Blaziken|Speed Boost|boost
|-boost|p1a: Blaziken|spe|1
|upkeep
|turn|31
|
|t:|1760762147
|move|p2a: Kingambit|Sucker Punch|p1a: Blaziken
|-resisted|p1a: Blaziken
|-damage|p1a: Blaziken|0 fnt
|faint|p1a: Blaziken
|
|upkeep
|
|t:|1760762150
|switch|p1a: Greninja|Greninja, M|41/100 tox
|turn|32
|
|t:|1760762154
|-end|p2a: Kingambit|fallen4|[silent]
|switch|p2a: Toxapex|Toxapex, M|43/100
|move|p1a: Greninja|Surf|p2a: Toxapex
|-start|p1a: Greninja|typechange|Water|[from] ability: Protean
|-resisted|p2a: Toxapex
|-damage|p2a: Toxapex|25/100
|
|-heal|p2a: Toxapex|31/100|[from] item: Black Sludge
|-damage|p1a: Greninja|35/100 tox|[from] psn
|upkeep
|turn|33
|c|☆Luan1726|Gg
|
|t:|1760762166
|move|p2a: Toxapex|Baneful Bunker|p2a: Toxapex
|-singleturn|p2a: Toxapex|move: Protect
|move|p1a: Greninja|Dark Pulse|p2a: Toxapex
|-activate|p2a: Toxapex|move: Protect
|
|-heal|p2a: Toxapex|37/100|[from] item: Black Sludge
|-damage|p1a: Greninja|23/100 tox|[from] psn
|upkeep
|turn|34
|-message|dolphin21 forfeited.
|
|win|Luan1726
|raw|dolphin21's rating: 1150 &rarr; <strong>1125</strong><br />(-25 for losing)
|raw|Luan1726's rating: 1145 &rarr; <strong>1170</strong><br />(+25 for winning)
|l|☆dolphin21
|player|p1|
|l|☆Luan1726
|player|p2|
