|j|☆YumeKasumi76
|j|☆jadhe
|t:|1760721665
|gametype|singles
|player|p1|YumeKasumi76|101|1330
|player|p2|jadhe|266|1283
|gen|9
|tier|[Gen 9] OU
|rated|
|rule|HP Percentage Mod: HP is shown in percentages
|rule|Endless Battle Clause: Forcing endless battles is banned
|rule|Species Clause: Limit one of each Pokémon
|rule|OHKO Clause: OHKO moves are banned
|rule|Evasion Items Clause: Evasion items are banned
|rule|Evasion Moves Clause: Evasion moves are banned
|rule|Evasion Abilities Clause: Evasion abilities are banned
|rule|Sleep Moves Clause: Sleep-inducing moves are banned
|clearpoke
|poke|p1|Heracross, M|
|poke|p1|Latias, F|
|poke|p1|Honchkrow, M|
|poke|p1|Heatran, M|
|poke|p1|Brambleghast, M|
|poke|p1|Suicune|
|poke|p2|Gliscor, M|
|poke|p2|Tropius, M|
|poke|p2|Blaziken, M|
|poke|p2|Indeedee, M|
|poke|p2|Iron Treads|
|poke|p2|Latios, M|
|teampreview
|inactive|Battle timer is ON: inactive players will automatically lose when time's up. (requested by YumeKasumi76)
|
|t:|1760721701
|teamsize|p1|6
|teamsize|p2|6
|start
|switch|p1a: Purifier|Suicune|100/100
|switch|p2a: Tropius|Tropius, M|100/100
|-ability|p1a: Purifier|Pressure
|turn|1
|
|t:|1760721706
|move|p2a: Tropius|Protect|p2a: Tropius
|-singleturn|p2a: Tropius|Protect
|move|p1a: Purifier|Roar|p2a: Tropius
|drag|p2a: Blaziken|Blaziken, M|100/100
|
|upkeep
|turn|2
|
|t:|1760721724
|-terastallize|p2a: Blaziken|Flying
|move|p2a: Blaziken|Brave Bird|p1a: Purifier
|-crit|p1a: Purifier
|-damage|p1a: Purifier|27/100
|-damage|p2a: Blaziken|68/100|[from] Recoil
|-damage|p2a: Blaziken|58/100|[from] item: Life Orb
|move|p1a: Purifier|Scald|p2a: Blaziken
|-damage|p2a: Blaziken|19/100
|
|-heal|p1a: Purifier|33/100|[from] item: Leftovers
|-ability|p2a: Blaziken|Speed Boost|boost
|-boost|p2a: Blaziken|spe|1
|upkeep
|turn|3
|
|t:|1760721742
|switch|p1a: MapoTofu|Heatran, M|100/100
|move|p2a: Blaziken|Brave Bird|p1a: MapoTofu
|-resisted|p1a: MapoTofu
|-damage|p1a: MapoTofu|67/100
|-damage|p2a: Blaziken|5/100|[from] Recoil
|-damage|p2a: Blaziken|0 fnt|[from] item: Life Orb
|faint|p2a: Blaziken
|
|-heal|p1a: MapoTofu|73/100|[from] item: Leftovers
|upkeep
|
|t:|1760721751
|switch|p2a: Iron Treads|Iron Treads|100/100
|-enditem|p2a: Iron Treads|Booster Energy
|-activate|p2a: Iron Treads|ability: Quark Drive|[fromitem]
|-start|p2a: Iron Treads|quarkdrivespe
|turn|4
|
|t:|1760721753
|-terastallize|p1a: MapoTofu|Grass
|move|p2a: Iron Treads|Earthquake|p1a: MapoTofu
|-resisted|p1a: MapoTofu
|-damage|p1a: MapoTofu|56/100
|move|p1a: MapoTofu|Magma Storm|p2a: Iron Treads|[miss]
|-miss|p1a: MapoTofu|p2a: Iron Treads
|
|-heal|p1a: MapoTofu|62/100|[from] item: Leftovers
|upkeep
|turn|5
|
|t:|1760721763
|move|p2a: Iron Treads|Ice Spinner|p1a: MapoTofu
|-supereffective|p1a: MapoTofu
|-damage|p1a: MapoTofu|27/100
|move|p1a: MapoTofu|Stealth Rock|p2a: Iron Treads
|-sidestart|p2: jadhe|move: Stealth Rock
|
|-heal|p1a: MapoTofu|33/100|[from] item: Leftovers
|upkeep
|turn|6
|
|t:|1760721767
|move|p2a: Iron Treads|Ice Spinner|p1a: MapoTofu
|-supereffective|p1a: MapoTofu
|-damage|p1a: MapoTofu|0 fnt
|faint|p1a: MapoTofu
|
|upkeep
|
|t:|1760721770
|switch|p1a: Shinetori|Honchkrow, M|100/100
|turn|7
|
|t:|1760721774
|move|p2a: Iron Treads|Rapid Spin|p1a: Shinetori
|-damage|p1a: Shinetori|79/100
|-boost|p2a: Iron Treads|spe|1
|-sideend|p2: jadhe|Stealth Rock|[from] move: Rapid Spin|[of] p2a: Iron Treads
|move|p1a: Shinetori|Heat Wave|p2a: Iron Treads
|-supereffective|p2a: Iron Treads
|-damage|p2a: Iron Treads|35/100
|-status|p2a: Iron Treads|brn
|-damage|p1a: Shinetori|69/100|[from] item: Life Orb
|
|-damage|p2a: Iron Treads|29/100 brn|[from] brn
|upkeep
|turn|8
|
|t:|1760721781
|move|p1a: Shinetori|Sucker Punch|p2a: Iron Treads
|-crit|p2a: Iron Treads
|-damage|p2a: Iron Treads|0 fnt
|faint|p2a: Iron Treads
|-end|p2a: Iron Treads|Quark Drive|[silent]
|-ability|p1a: Shinetori|Moxie|boost
|-boost|p1a: Shinetori|atk|1
|-damage|p1a: Shinetori|59/100|[from] item: Life Orb
|
|upkeep
|
|t:|1760721786
|switch|p2a: Indeedee|Indeedee, M|100/100
|-fieldstart|move: Psychic Terrain|[from] ability: Psychic Surge|[of] p2a: Indeedee
|turn|9
|
|t:|1760721791
|move|p2a: Indeedee|Dazzling Gleam|p1a: Shinetori
|-supereffective|p1a: Shinetori
|-damage|p1a: Shinetori|0 fnt
|faint|p1a: Shinetori
|
|upkeep
|
|t:|1760721797
|switch|p1a: Bianca|Latias, F|100/100
|turn|10
|
|t:|1760721799
|move|p2a: Indeedee|Dazzling Gleam|p1a: Bianca
|-supereffective|p1a: Bianca
|-damage|p1a: Bianca|63/100
|move|p1a: Bianca|Tailwind|p1a: Bianca
|-sidestart|p1: YumeKasumi76|move: Tailwind
|
|upkeep
|turn|11
|
|t:|1760721807
|move|p1a: Bianca|Draco Meteor|p2a: Indeedee
|-damage|p2a: Indeedee|37/100
|-unboost|p1a: Bianca|spa|2
|-enditem|p1a: Bianca|Eject Pack
|
|t:|1760721812
|switch|p1a: BigKusa|Brambleghast, M|100/100
|-ability|p1a: BigKusa|Wind Rider|boost
|-boost|p1a: BigKusa|atk|1
|move|p2a: Indeedee|Dazzling Gleam|p1a: BigKusa
|-damage|p1a: BigKusa|55/100
|
|upkeep
|turn|12
|
|t:|1760721821
|move|p1a: BigKusa|Rapid Spin|p2a: Indeedee
|-crit|p2a: Indeedee
|-damage|p2a: Indeedee|0 fnt
|-boost|p1a: BigKusa|spe|1
|faint|p2a: Indeedee
|
|upkeep
|
|t:|1760721824
|switch|p2a: Latios|Latios, M, shiny|100/100
|turn|13
|
|t:|1760721827
|move|p1a: BigKusa|Poltergeist|p2a: Latios
|-activate|p2a: Latios|move: Poltergeist|Soul Dew
|-supereffective|p2a: Latios
|-damage|p2a: Latios|0 fnt
|faint|p2a: Latios
|
|-sideend|p1: YumeKasumi76|move: Tailwind
|-fieldend|move: Psychic Terrain
|upkeep
|
|t:|1760721831
|switch|p2a: Gliscor|Gliscor, M|100/100
|turn|14
|
|t:|1760721834
|move|p1a: BigKusa|Strength Sap|p2a: Gliscor
|-unboost|p2a: Gliscor|atk|1
|-heal|p1a: BigKusa|100/100
|move|p2a: Gliscor|Substitute|p2a: Gliscor
|-start|p2a: Gliscor|Substitute
|-damage|p2a: Gliscor|76/100
|
|-status|p2a: Gliscor|tox|[from] item: Toxic Orb
|upkeep
|turn|15
|
|t:|1760721838
|move|p1a: BigKusa|Power Whip|p2a: Gliscor
|-end|p2a: Gliscor|Substitute
|move|p2a: Gliscor|Toxic|p1a: BigKusa
|-status|p1a: BigKusa|tox
|
|-damage|p1a: BigKusa|95/100 tox|[from] psn
|-heal|p2a: Gliscor|88/100 tox|[from] ability: Poison Heal
|upkeep
|turn|16
|
|t:|1760721844
|move|p2a: Gliscor|Protect|p2a: Gliscor
|-singleturn|p2a: Gliscor|Protect
|move|p1a: BigKusa|Power Whip|p2a: Gliscor
|-activate|p2a: Gliscor|move: Protect
|
|-damage|p1a: BigKusa|83/100 tox|[from] psn
|-heal|p2a: Gliscor|100/100 tox|[from] ability: Poison Heal
|upkeep
|turn|17
|
|t:|1760721845
|move|p1a: BigKusa|Poltergeist|p2a: Gliscor
|-activate|p2a: Gliscor|move: Poltergeist|Toxic Orb
|-damage|p2a: Gliscor|42/100 tox
|move|p2a: Gliscor|Substitute|p2a: Gliscor
|-start|p2a: Gliscor|Substitute
|-damage|p2a: Gliscor|17/100 tox
|
|-damage|p1a: BigKusa|65/100 tox|[from] psn
|-heal|p2a: Gliscor|30/100 tox|[from] ability: Poison Heal
|upkeep
|turn|18
|
|t:|1760721853
|move|p2a: Gliscor|Protect|p2a: Gliscor
|-singleturn|p2a: Gliscor|Protect
|move|p1a: BigKusa|Rapid Spin|p2a: Gliscor
|-activate|p2a: Gliscor|move: Protect
|
|-damage|p1a: BigKusa|41/100 tox|[from] psn
|-heal|p2a: Gliscor|42/100 tox|[from] ability: Poison Heal
|upkeep
|turn|19
|
|t:|1760721862
|switch|p1a: Purifier|Suicune|33/100
|-ability|p1a: Purifier|Pressure
|move|p2a: Gliscor|Substitute|p2a: Gliscor
|-fail|p2a: Gliscor|move: Substitute
|
|-heal|p1a: Purifier|39/100|[from] item: Leftovers
|-heal|p2a: Gliscor|54/100 tox|[from] ability: Poison Heal
|upkeep
|turn|20
|
|t:|1760721865
|move|p2a: Gliscor|Toxic|p1a: Purifier
|-status|p1a: Purifier|tox
|move|p1a: Purifier|Roar|p2a: Gliscor
|drag|p2a: Tropius|Tropius, M|100/100
|
|-heal|p1a: Purifier|45/100 tox|[from] item: Leftovers
|-damage|p1a: Purifier|39/100 tox|[from] psn
|upkeep
|turn|21
|
|t:|1760721874
|move|p1a: Purifier|Tailwind|p1a: Purifier
|-sidestart|p1: YumeKasumi76|move: Tailwind
|move|p2a: Tropius|Leech Seed|p1a: Purifier
|-start|p1a: Purifier|move: Leech Seed
|
|-heal|p1a: Purifier|45/100 tox|[from] item: Leftovers
|-damage|p1a: Purifier|33/100 tox|[from] Leech Seed|[of] p2a: Tropius
|-damage|p1a: Purifier|20/100 tox|[from] psn
|upkeep
|turn|22
|
|t:|1760721882
|move|p1a: Purifier|Icy Wind|p2a: Tropius
|-supereffective|p2a: Tropius
|-damage|p2a: Tropius|53/100
|-unboost|p2a: Tropius|spe|1
|move|p2a: Tropius|Substitute|p2a: Tropius
|-start|p2a: Tropius|Substitute
|-damage|p2a: Tropius|28/100
|-enditem|p2a: Tropius|Sitrus Berry|[eat]
|-heal|p2a: Tropius|53/100|[from] item: Sitrus Berry
|
|-heal|p1a: Purifier|27/100 tox|[from] item: Leftovers
|-damage|p1a: Purifier|14/100 tox|[from] Leech Seed|[of] p2a: Tropius
|-heal|p2a: Tropius|65/100|[silent]
|-damage|p1a: Purifier|0 fnt|[from] psn
|faint|p1a: Purifier
|-item|p2a: Tropius|Sitrus Berry|[from] ability: Harvest
|upkeep
|
|t:|1760721889
|switch|p1a: SogiitaGunha|Heracross, M|100/100
|turn|23
|
|t:|1760721902
|move|p1a: SogiitaGunha|Megahorn|p2a: Tropius
|-end|p2a: Tropius|Substitute
|move|p2a: Tropius|Air Slash|p1a: SogiitaGunha
|-supereffective|p1a: SogiitaGunha
|-damage|p1a: SogiitaGunha|0 fnt
|faint|p1a: SogiitaGunha
|
|upkeep
|
|t:|1760721904
|switch|p1a: Bianca|Latias, F|63/100
|turn|24
|
|t:|1760721909
|move|p1a: Bianca|Draco Meteor|p2a: Tropius
|-damage|p2a: Tropius|15/100
|-unboost|p1a: Bianca|spa|2
|-enditem|p2a: Tropius|Sitrus Berry|[eat]
|-heal|p2a: Tropius|40/100|[from] item: Sitrus Berry
|move|p2a: Tropius|Leech Seed|p1a: Bianca
|-start|p1a: Bianca|move: Leech Seed
|
|-damage|p1a: Bianca|51/100|[from] Leech Seed|[of] p2a: Tropius
|-heal|p2a: Tropius|51/100|[silent]
|-sideend|p1: YumeKasumi76|move: Tailwind
|upkeep
|turn|25
|
|t:|1760721923
|move|p1a: Bianca|Draco Meteor|p2a: Tropius
|-damage|p2a: Tropius|27/100
|-unboost|p1a: Bianca|spa|2
|move|p2a: Tropius|Air Slash|p1a: Bianca
|-damage|p1a: Bianca|30/100
|
|-damage|p1a: Bianca|17/100|[from] Leech Seed|[of] p2a: Tropius
|-heal|p2a: Tropius|38/100|[silent]
|upkeep
|turn|26
|
|t:|1760721930
|move|p2a: Tropius|Protect|p2a: Tropius
|-singleturn|p2a: Tropius|Protect
|move|p1a: Bianca|Tailwind|p1a: Bianca
|-sidestart|p1: YumeKasumi76|move: Tailwind
|
|-damage|p1a: Bianca|5/100|[from] Leech Seed|[of] p2a: Tropius
|-heal|p2a: Tropius|49/100|[silent]
|-item|p2a: Tropius|Sitrus Berry|[from] ability: Harvest
|upkeep
|-enditem|p2a: Tropius|Sitrus Berry|[eat]
|-heal|p2a: Tropius|74/100|[from] item: Sitrus Berry
|turn|27
|
|t:|1760721939
|move|p1a: Bianca|Healing Wish|p1a: Bianca
|faint|p1a: Bianca
|move|p2a: Tropius|Substitute|p2a: Tropius
|-start|p2a: Tropius|Substitute
|-damage|p2a: Tropius|49/100
|
|-item|p2a: Tropius|Sitrus Berry|[from] ability: Harvest
|upkeep
|-enditem|p2a: Tropius|Sitrus Berry|[eat]
|-heal|p2a: Tropius|74/100|[from] item: Sitrus Berry
|
|t:|1760721941
|switch|p1a: BigKusa|Brambleghast, M|41/100 tox
|-heal|p1a: BigKusa|100/100|[from] move: Healing Wish
|-ability|p1a: BigKusa|Wind Rider|boost
|-boost|p1a: BigKusa|atk|1
|turn|28
|-message|YumeKasumi76 forfeited.
|
|win|jadhe
|raw|YumeKasumi76's rating: 1330 &rarr; <strong>1307</strong><br />(-23 for losing)
|raw|jadhe's rating: 1283 &rarr; <strong>1311</strong><br />(+28 for winning)
|l|☆YumeKasumi76
|player|p1|
|l|☆jadhe
|player|p2|
