|j|☆theteehee
|j|☆rhwf22
|t:|1760719373
|gametype|singles
|player|p1|theteehee|n|
|player|p2|rhwf22|swimmerf-gen4dp|
|gen|9
|tier|[Gen 9] OU
|rule|HP Percentage Mod: HP is shown in percentages
|rule|Endless Battle Clause: Forcing endless battles is banned
|rule|Species Clause: Limit one of each Pokémon
|rule|OHKO Clause: OHKO moves are banned
|rule|Evasion Items Clause: Evasion items are banned
|rule|Evasion Moves Clause: Evasion moves are banned
|rule|Evasion Abilities Clause: Evasion abilities are banned
|rule|Sleep Moves Clause: Sleep-inducing moves are banned
|clearpoke
|poke|p1|Enamorus, F|
|poke|p1|Duraludon, M|
|poke|p1|Great Tusk|
|poke|p1|Iron Boulder|
|poke|p1|Skeledirge, F|
|poke|p1|Golurk|
|poke|p2|Iron Moth|
|poke|p2|Iron Thorns|
|poke|p2|Zoroark, M|
|poke|p2|Suicune|
|poke|p2|Crabominable, F|
|poke|p2|Serperior, F|
|teampreview
|
|t:|1760719385
|teamsize|p1|6
|teamsize|p2|6
|start
|switch|p1a: Golurk|Golurk|100/100
|switch|p2a: Iron Thorns|Iron Thorns, shiny|100/100
|turn|1
|
|t:|1760719395
|-terastallize|p2a: Iron Thorns|Ground
|move|p2a: Iron Thorns|Dragon Dance|p2a: Iron Thorns
|-boost|p2a: Iron Thorns|atk|1
|-boost|p2a: Iron Thorns|spe|1
|move|p1a: Golurk|Dynamic Punch|p2a: Iron Thorns
|-damage|p2a: Iron Thorns|67/100
|-start|p2a: Iron Thorns|confusion
|
|upkeep
|turn|2
|
|t:|1760719412
|-activate|p2a: Iron Thorns|confusion
|move|p2a: Iron Thorns|Rock Blast|p1a: Golurk
|-resisted|p1a: Golurk
|-damage|p1a: Golurk|89/100
|-resisted|p1a: Golurk
|-damage|p1a: Golurk|76/100
|-resisted|p1a: Golurk
|-damage|p1a: Golurk|65/100
|-resisted|p1a: Golurk
|-damage|p1a: Golurk|52/100
|-hitcount|p1a: Golurk|4
|move|p1a: Golurk|Focus Blast|p2a: Iron Thorns
|-damage|p2a: Iron Thorns|47/100
|
|upkeep
|turn|3
|
|t:|1760719429
|-end|p2a: Iron Thorns|confusion
|move|p2a: Iron Thorns|Rock Blast|p1a: Golurk
|-resisted|p1a: Golurk
|-damage|p1a: Golurk|41/100
|-resisted|p1a: Golurk
|-damage|p1a: Golurk|29/100
|-resisted|p1a: Golurk
|-damage|p1a: Golurk|17/100
|-resisted|p1a: Golurk
|-damage|p1a: Golurk|4/100
|-hitcount|p1a: Golurk|4
|move|p1a: Golurk|Zen Headbutt|p2a: Iron Thorns
|-damage|p2a: Iron Thorns|18/100
|
|upkeep
|turn|4
|
|t:|1760719442
|move|p2a: Iron Thorns|Rock Blast|p1a: Golurk
|-resisted|p1a: Golurk
|-damage|p1a: Golurk|0 fnt
|faint|p1a: Golurk
|-hitcount|p1: Golurk|1
|
|upkeep
|
|t:|1760719447
|switch|p1a: Enamorus|Enamorus, F, shiny|100/100
|turn|5
|
|t:|1760719458
|move|p2a: Iron Thorns|Supercell Slam|p1a: Enamorus
|-supereffective|p1a: Enamorus
|-damage|p1a: Enamorus|0 fnt
|faint|p1a: Enamorus
|
|upkeep
|
|t:|1760719469
|switch|p1a: Great Tusk|Great Tusk, shiny|100/100
|turn|6
|
|t:|1760719478
|move|p2a: Iron Thorns|Pin Missile|p1a: Great Tusk
|-resisted|p1a: Great Tusk
|-damage|p1a: Great Tusk|95/100
|-resisted|p1a: Great Tusk
|-damage|p1a: Great Tusk|90/100
|-resisted|p1a: Great Tusk
|-damage|p1a: Great Tusk|85/100
|-resisted|p1a: Great Tusk
|-damage|p1a: Great Tusk|80/100
|-hitcount|p1a: Great Tusk|4
|move|p1a: Great Tusk|Ice Spinner|p2a: Iron Thorns
|-supereffective|p2a: Iron Thorns
|-damage|p2a: Iron Thorns|0 fnt
|faint|p2a: Iron Thorns
|-end|p2a: Iron Thorns|Quark Drive|[silent]
|
|upkeep
|
|t:|1760719493
|switch|p2a: Suicune|Suicune|100/100
|-ability|p2a: Suicune|Pressure
|turn|7
|
|t:|1760719524
|move|p1a: Great Tusk|Knock Off|p2a: Suicune
|-damage|p2a: Suicune|74/100
|-enditem|p2a: Suicune|Leftovers|[from] move: Knock Off|[of] p1a: Great Tusk
|move|p2a: Suicune|Surf|p1a: Great Tusk
|-supereffective|p1a: Great Tusk
|-damage|p1a: Great Tusk|0 fnt
|faint|p1a: Great Tusk
|-end|p1a: Great Tusk|Protosynthesis|[silent]
|
|upkeep
|
|t:|1760719533
|switch|p1a: Iron Boulder|Iron Boulder|100/100
|-enditem|p1a: Iron Boulder|Booster Energy
|-activate|p1a: Iron Boulder|ability: Quark Drive|[fromitem]
|-start|p1a: Iron Boulder|quarkdrivespe
|turn|8
|
|t:|1760719543
|move|p1a: Iron Boulder|Psycho Cut|p2a: Suicune
|-crit|p2a: Suicune
|-damage|p2a: Suicune|35/100
|move|p2a: Suicune|Surf|p1a: Iron Boulder
|-supereffective|p1a: Iron Boulder
|-damage|p1a: Iron Boulder|15/100
|
|upkeep
|turn|9
|
|t:|1760719548
|move|p1a: Iron Boulder|Psycho Cut|p2a: Suicune
|-crit|p2a: Suicune
|-damage|p2a: Suicune|0 fnt
|faint|p2a: Suicune
|
|upkeep
|
|t:|1760719576
|switch|p2a: Iron Moth|Iron Moth|100/100
|turn|10
|
|t:|1760719585
|move|p1a: Iron Boulder|Earthquake|p2a: Iron Moth
|-damage|p2a: Iron Moth|41/100
|replace|p2a: Zoroark|Zoroark, M
|-end|p2a: Zoroark|Illusion
|move|p2a: Zoroark|Dark Pulse|p1a: Iron Boulder
|-supereffective|p1a: Iron Boulder
|-damage|p1a: Iron Boulder|0 fnt
|faint|p1a: Iron Boulder
|-end|p1a: Iron Boulder|Quark Drive|[silent]
|-damage|p2a: Zoroark|31/100|[from] item: Life Orb
|
|upkeep
|
|t:|1760719593
|switch|p1a: Skeledirge|Skeledirge, F, shiny|100/100
|turn|11
|
|t:|1760719598
|move|p2a: Zoroark|Dark Pulse|p1a: Skeledirge
|-supereffective|p1a: Skeledirge
|-damage|p1a: Skeledirge|0 fnt
|faint|p1a: Skeledirge
|-damage|p2a: Zoroark|21/100|[from] item: Life Orb
|
|upkeep
|
|t:|1760719600
|switch|p1a: Duraludon|Duraludon, M, shiny|100/100
|turn|12
|
|t:|1760719608
|move|p2a: Zoroark|Focus Blast|p1a: Duraludon
|-supereffective|p1a: Duraludon
|-damage|p1a: Duraludon|0 fnt
|faint|p1a: Duraludon
|-damage|p2a: Zoroark|11/100|[from] item: Life Orb
|
|win|rhwf22
|l|☆theteehee
|player|p1|
