|j|☆Copy my Flow
|j|☆lafrappedu13
|t:|1760766463
|gametype|singles
|player|p1|Copy my Flow|elesa-masters2|1308
|player|p2|lafrappedu13|ethan|1358
|gen|9
|tier|[Gen 9] OU
|rated|
|rule|HP Percentage Mod: HP is shown in percentages
|rule|Endless Battle Clause: Forcing endless battles is banned
|rule|Species Clause: Limit one of each Pokémon
|rule|OHKO Clause: OHKO moves are banned
|rule|Evasion Items Clause: Evasion items are banned
|rule|Evasion Moves Clause: Evasion moves are banned
|rule|Evasion Abilities Clause: Evasion abilities are banned
|rule|Sleep Moves Clause: Sleep-inducing moves are banned
|clearpoke
|poke|p1|Kingambit, F|
|poke|p1|Great Tusk|
|poke|p1|Mamoswine, M|
|poke|p1|Dragapult, M|
|poke|p1|Zapdos|
|poke|p1|Slowking-Galar, F|
|poke|p2|Great Tusk|
|poke|p2|Dragonite, F|
|poke|p2|Ogerpon-Wellspring, F|
|poke|p2|Iron Moth|
|poke|p2|Iron Valiant|
|poke|p2|Kingambit, M|
|teampreview
|
|t:|1760766482
|teamsize|p1|6
|teamsize|p2|6
|start
|switch|p1a: Dragapult|Dragapult, M|100/100
|switch|p2a: Scarlett|Ogerpon-Wellspring, F|100/100
|turn|1
|c|☆lafrappedu13|?
|
|t:|1760766512
|move|p1a: Dragapult|U-turn|p2a: Scarlett
|-supereffective|p2a: Scarlett
|-damage|p2a: Scarlett|13/100
|inactive|Battle timer is ON: inactive players will automatically lose when time's up. (requested by lafrappedu13)
|
|t:|1760766525
|switch|p1a: Kingambit|Kingambit, F|100/100|[from] U-turn
|move|p2a: Scarlett|Encore||[still]
|-fail|p2a: Scarlett
|
|upkeep
|turn|2
|
|t:|1760766532
|switch|p2a: Gallame|Iron Valiant|100/100
|-enditem|p2a: Gallame|Booster Energy
|-activate|p2a: Gallame|ability: Quark Drive|[fromitem]
|-start|p2a: Gallame|quarkdrivespe
|move|p1a: Kingambit|Iron Head|p2a: Gallame
|-supereffective|p2a: Gallame
|-damage|p2a: Gallame|0 fnt
|faint|p2a: Gallame
|-end|p2a: Gallame|Quark Drive|[silent]
|
|upkeep
|
|t:|1760766541
|switch|p2a: Maya l'Abeille|Iron Moth|100/100
|turn|3
|
|t:|1760766547
|-end|p1a: Kingambit|fallenundefined|[silent]
|switch|p1a: Slowking|Slowking-Galar, F|100/100
|move|p2a: Maya l'Abeille|Fiery Dance|p1a: Slowking
|-damage|p1a: Slowking|76/100
|-boost|p2a: Maya l'Abeille|spa|1
|
|upkeep
|turn|4
|
|t:|1760766554
|move|p2a: Maya l'Abeille|Fiery Dance|p1a: Slowking
|-damage|p1a: Slowking|38/100
|-prepare|p1a: Slowking|Chilly Reception|[premajor]
|move|p1a: Slowking|Chilly Reception|p1a: Slowking
|-weather|Snowscape
|
|t:|1760766569
|switch|p1a: Dragapult|Dragapult, M|100/100|[from] Chilly Reception
|
|-weather|Snowscape|[upkeep]
|upkeep
|turn|5
|
|t:|1760766574
|move|p2a: Maya l'Abeille|Fiery Dance|p1a: Dragapult
|-resisted|p1a: Dragapult
|-damage|p1a: Dragapult|56/100
|-boost|p2a: Maya l'Abeille|spa|1
|move|p1a: Dragapult|Dragon Darts|p2a: Maya l'Abeille
|-damage|p2a: Maya l'Abeille|35/100
|-anim|p1a: Dragapult|Dragon Darts|p2a: Maya l'Abeille
|-damage|p2a: Maya l'Abeille|0 fnt
|faint|p2a: Maya l'Abeille
|-end|p2a: Maya l'Abeille|Quark Drive|[silent]
|
|-weather|Snowscape|[upkeep]
|upkeep
|
|t:|1760766587
|switch|p2a: Jean-Marie Bigard|Great Tusk|100/100
|turn|6
|
|t:|1760766592
|switch|p1a: Zapdos|Zapdos, shiny|100/100
|move|p2a: Jean-Marie Bigard|Stealth Rock|p1a: Zapdos
|-sidestart|p1: Copy my Flow|move: Stealth Rock
|
|-weather|Snowscape|[upkeep]
|upkeep
|turn|7
|
|t:|1760766602
|-end|p2a: Jean-Marie Bigard|Protosynthesis|[silent]
|switch|p2a: Scarlett|Ogerpon-Wellspring, F|13/100
|move|p1a: Zapdos|Hurricane|p2a: Scarlett
|-supereffective|p2a: Scarlett
|-damage|p2a: Scarlett|0 fnt
|faint|p2a: Scarlett
|
|-weather|Snowscape|[upkeep]
|upkeep
|
|t:|1760766610
|switch|p2a: Joséphine Ange-G.|Dragonite, F|100/100
|turn|8
|
|t:|1760766614
|move|p2a: Joséphine Ange-G.|Ice Spinner|p1a: Zapdos
|-supereffective|p1a: Zapdos
|-damage|p1a: Zapdos|61/100
|move|p1a: Zapdos|Discharge|p2a: Joséphine Ange-G.
|-damage|p2a: Joséphine Ange-G.|82/100
|
|-weather|none
|upkeep
|turn|9
|
|t:|1760766621
|move|p2a: Joséphine Ange-G.|Dragon Dance|p2a: Joséphine Ange-G.
|-boost|p2a: Joséphine Ange-G.|atk|1
|-boost|p2a: Joséphine Ange-G.|spe|1
|move|p1a: Zapdos|Discharge|p2a: Joséphine Ange-G.
|-damage|p2a: Joséphine Ange-G.|44/100
|
|upkeep
|turn|10
|
|t:|1760766627
|switch|p1a: Mamoswine|Mamoswine, M|100/100
|-damage|p1a: Mamoswine|88/100|[from] Stealth Rock
|move|p2a: Joséphine Ange-G.|Ice Spinner|p1a: Mamoswine
|-damage|p1a: Mamoswine|62/100
|
|upkeep
|turn|11
|
|t:|1760766634
|move|p1a: Mamoswine|Ice Shard|p2a: Joséphine Ange-G.
|-supereffective|p2a: Joséphine Ange-G.
|-damage|p2a: Joséphine Ange-G.|0 fnt
|faint|p2a: Joséphine Ange-G.
|
|upkeep
|
|t:|1760766639
|switch|p2a: Jean-Marie Bigard|Great Tusk|100/100
|turn|12
|
|t:|1760766643
|move|p2a: Jean-Marie Bigard|Rapid Spin|p1a: Mamoswine
|-damage|p1a: Mamoswine|41/100
|-boost|p2a: Jean-Marie Bigard|spe|1
|move|p1a: Mamoswine|Icicle Spear|p2a: Jean-Marie Bigard
|-supereffective|p2a: Jean-Marie Bigard
|-damage|p2a: Jean-Marie Bigard|81/100
|-supereffective|p2a: Jean-Marie Bigard
|-damage|p2a: Jean-Marie Bigard|60/100
|-supereffective|p2a: Jean-Marie Bigard
|-damage|p2a: Jean-Marie Bigard|37/100
|-supereffective|p2a: Jean-Marie Bigard
|-damage|p2a: Jean-Marie Bigard|16/100
|-supereffective|p2a: Jean-Marie Bigard
|-damage|p2a: Jean-Marie Bigard|0 fnt
|faint|p2a: Jean-Marie Bigard
|-end|p2a: Jean-Marie Bigard|Protosynthesis|[silent]
|-hitcount|p2: Jean-Marie Bigard|5
|
|upkeep
|
|t:|1760766656
|switch|p2a: goat|Kingambit, M|100/100
|-activate|p2a: goat|ability: Supreme Overlord
|-start|p2a: goat|fallen5|[silent]
|turn|13
|
|t:|1760766662
|move|p1a: Mamoswine|Earthquake|p2a: goat
|-supereffective|p2a: goat
|-damage|p2a: goat|0 fnt
|faint|p2a: goat
|-end|p2a: goat|fallen5|[silent]
|
|win|Copy my Flow
|raw|Copy my Flow's rating: 1308 &rarr; <strong>1331</strong><br />(+23 for winning)
|raw|lafrappedu13's rating: 1358 &rarr; <strong>1335</strong><br />(-23 for losing)
|l|☆lafrappedu13
|player|p2|
|l|☆Copy my Flow
|player|p1|
