|j|☆GoldenJoe777
|j|☆realmathhills
|t:|1760806898
|gametype|singles
|player|p1|GoldenJoe777|boarder|1409
|player|p2|realmathhills|265|1417
|gen|9
|tier|[Gen 9] OU
|rated|
|rule|HP Percentage Mod: HP is shown in percentages
|rule|Endless Battle Clause: Forcing endless battles is banned
|rule|Species Clause: Limit one of each Pokémon
|rule|OHKO Clause: OHKO moves are banned
|rule|Evasion Items Clause: Evasion items are banned
|rule|Evasion Moves Clause: Evasion moves are banned
|rule|Evasion Abilities Clause: Evasion abilities are banned
|rule|Sleep Moves Clause: Sleep-inducing moves are banned
|clearpoke
|poke|p1|Gholdengo|
|poke|p1|Hatterene, F|
|poke|p1|Rillaboom, M|
|poke|p1|Samurott-Hisui, M|
|poke|p1|Cinderace, F|
|poke|p1|Great Tusk|
|poke|p2|Keldeo-Resolute|
|poke|p2|Deoxys-Speed|
|poke|p2|Corviknight, M|
|poke|p2|Ting-Lu|
|poke|p2|Gholdengo|
|poke|p2|Rillaboom, F|
|teampreview
|inactive|Battle timer is ON: inactive players will automatically lose when time's up. (requested by realmathhills)
|inactive|GoldenJoe777 also wants the timer to be on.
|
|t:|1760806918
|teamsize|p1|6
|teamsize|p2|6
|start
|switch|p1a: Samurott|Samurott-Hisui, M|100/100
|switch|p2a: Rillaboom|Rillaboom, F|100/100
|-fieldstart|move: Grassy Terrain|[from] ability: Grassy Surge|[of] p2a: Rillaboom
|turn|1
|
|t:|1760806927
|switch|p1a: Gholdengo|Gholdengo|100/100
|move|p2a: Rillaboom|Knock Off|p1a: Gholdengo
|-supereffective|p1a: Gholdengo
|-damage|p1a: Gholdengo|36/100
|-enditem|p1a: Gholdengo|Custap Berry|[from] move: Knock Off|[of] p2a: Rillaboom
|
|-heal|p1a: Gholdengo|43/100|[from] Grassy Terrain
|upkeep
|turn|2
|
|t:|1760806935
|move|p2a: Rillaboom|Knock Off|p1a: Gholdengo
|-supereffective|p1a: Gholdengo
|-damage|p1a: Gholdengo|0 fnt
|faint|p1a: Gholdengo
|
|upkeep
|
|t:|1760806941
|switch|p1a: Cinderace|Cinderace, F|100/100
|turn|3
|
|t:|1760806948
|switch|p2a: Ting-Lu|Ting-Lu|100/100
|-ability|p2a: Ting-Lu|Vessel of Ruin
|move|p1a: Cinderace|Pyro Ball|p2a: Ting-Lu
|-damage|p2a: Ting-Lu|69/100
|
|-heal|p2a: Ting-Lu|76/100|[from] Grassy Terrain
|upkeep
|turn|4
|
|t:|1760806955
|move|p1a: Cinderace|Pyro Ball|p2a: Ting-Lu
|-damage|p2a: Ting-Lu|46/100
|move|p2a: Ting-Lu|Ruination|p1a: Cinderace
|-damage|p1a: Cinderace|51/100
|
|-heal|p1a: Cinderace|57/100|[from] Grassy Terrain
|-heal|p2a: Ting-Lu|53/100|[from] Grassy Terrain
|upkeep
|turn|5
|
|t:|1760806962
|switch|p2a: Keldeo|Keldeo-Resolute|100/100
|move|p1a: Cinderace|Pyro Ball|p2a: Keldeo
|-resisted|p2a: Keldeo
|-damage|p2a: Keldeo|67/100
|
|-heal|p1a: Cinderace|63/100|[from] Grassy Terrain
|-heal|p2a: Keldeo|73/100|[from] Grassy Terrain
|-fieldend|move: Grassy Terrain
|upkeep
|turn|6
|
|t:|1760806970
|switch|p1a: Rillaboom|Rillaboom, M|100/100
|-fieldstart|move: Grassy Terrain|[from] ability: Grassy Surge|[of] p1a: Rillaboom
|move|p2a: Keldeo|Flip Turn|p1a: Rillaboom
|-resisted|p1a: Rillaboom
|-damage|p1a: Rillaboom|93/100
|
|t:|1760806978
|switch|p2a: Corviknight|Corviknight, M|100/100|[from] Flip Turn
|-ability|p2a: Corviknight|Pressure
|
|-heal|p1a: Rillaboom|99/100|[from] Grassy Terrain
|upkeep
|turn|7
|
|t:|1760806988
|move|p1a: Rillaboom|Wood Hammer|p2a: Corviknight
|-resisted|p2a: Corviknight
|-damage|p2a: Corviknight|81/100
|-damage|p1a: Rillaboom|82/100|[from] item: Rocky Helmet|[of] p2a: Corviknight
|-damage|p1a: Rillaboom|75/100|[from] Recoil
|move|p2a: Corviknight|Brave Bird|p1a: Rillaboom
|-supereffective|p1a: Rillaboom
|-damage|p1a: Rillaboom|0 fnt
|faint|p1a: Rillaboom
|-damage|p2a: Corviknight|60/100|[from] Recoil
|
|upkeep
|
|t:|1760806998
|switch|p1a: Cinderace|Cinderace, F|63/100
|turn|8
|
|t:|1760807008
|switch|p2a: Keldeo|Keldeo-Resolute|73/100
|move|p1a: Cinderace|Swords Dance|p1a: Cinderace
|-boost|p1a: Cinderace|atk|2
|
|-heal|p1a: Cinderace|69/100|[from] Grassy Terrain
|-heal|p2a: Keldeo|79/100|[from] Grassy Terrain
|upkeep
|turn|9
|
|t:|1760807016
|switch|p1a: Hatterene|Hatterene, F|100/100
|-enditem|p1a: Hatterene|Grassy Seed
|-boost|p1a: Hatterene|def|1|[from] item: Grassy Seed
|move|p2a: Keldeo|Vacuum Wave|p1a: Hatterene
|-resisted|p1a: Hatterene
|-damage|p1a: Hatterene|93/100
|
|-heal|p2a: Keldeo|85/100|[from] Grassy Terrain
|-heal|p1a: Hatterene|99/100|[from] Grassy Terrain
|upkeep
|turn|10
|
|t:|1760807031
|switch|p2a: Ting-Lu|Ting-Lu|53/100
|-ability|p2a: Ting-Lu|Vessel of Ruin
|move|p1a: Hatterene|Calm Mind|p1a: Hatterene
|-boost|p1a: Hatterene|spa|1
|-boost|p1a: Hatterene|spd|1
|
|-heal|p2a: Ting-Lu|59/100|[from] Grassy Terrain
|-heal|p1a: Hatterene|100/100|[from] Grassy Terrain
|-fieldend|move: Grassy Terrain
|upkeep
|turn|11
|
|t:|1760807037
|move|p2a: Ting-Lu|Ruination|p1a: Hatterene|[miss]
|-miss|p2a: Ting-Lu|p1a: Hatterene
|move|p1a: Hatterene|Calm Mind|p1a: Hatterene
|-boost|p1a: Hatterene|spa|1
|-boost|p1a: Hatterene|spd|1
|
|upkeep
|turn|12
|
|t:|1760807040
|move|p2a: Ting-Lu|Ruination|p1a: Hatterene
|-damage|p1a: Hatterene|50/100
|move|p1a: Hatterene|Calm Mind|p1a: Hatterene
|-boost|p1a: Hatterene|spa|1
|-boost|p1a: Hatterene|spd|1
|
|upkeep
|turn|13
|
|t:|1760807042
|move|p2a: Ting-Lu|Ruination|p1a: Hatterene|[miss]
|-miss|p2a: Ting-Lu|p1a: Hatterene
|move|p1a: Hatterene|Trick Room|p1a: Hatterene
|-fieldstart|move: Trick Room|[of] p1a: Hatterene
|
|upkeep
|turn|14
|
|t:|1760807048
|switch|p2a: Corviknight|Corviknight, M|60/100
|-ability|p2a: Corviknight|Pressure
|move|p1a: Hatterene|Draining Kiss|p2a: Corviknight
|-resisted|p2a: Corviknight
|-damage|p2a: Corviknight|35/100
|-heal|p1a: Hatterene|74/100|[from] drain|[of] p2a: Corviknight
|-damage|p1a: Hatterene|57/100|[from] item: Rocky Helmet|[of] p2a: Corviknight
|
|upkeep
|turn|15
|
|t:|1760807051
|move|p1a: Hatterene|Stored Power|p2a: Corviknight
|-resisted|p2a: Corviknight
|-damage|p2a: Corviknight|0 fnt
|faint|p2a: Corviknight
|
|upkeep
|
|t:|1760807060
|switch|p2a: Ting-Lu|Ting-Lu|59/100
|-ability|p2a: Ting-Lu|Vessel of Ruin
|turn|16
|
|t:|1760807064
|move|p1a: Hatterene|Draining Kiss|p2a: Ting-Lu
|-supereffective|p2a: Ting-Lu
|-damage|p2a: Ting-Lu|2/100
|-heal|p1a: Hatterene|100/100|[from] drain|[of] p2a: Ting-Lu
|-damage|p1a: Hatterene|84/100|[from] item: Rocky Helmet|[of] p2a: Ting-Lu
|move|p2a: Ting-Lu|Ruination|p1a: Hatterene|[miss]
|-miss|p2a: Ting-Lu|p1a: Hatterene
|
|upkeep
|turn|17
|inactive|realmathhills has 120 seconds left.
|
|t:|1760807106
|move|p1a: Hatterene|Draining Kiss|p2a: Ting-Lu
|-supereffective|p2a: Ting-Lu
|-crit|p2a: Ting-Lu
|-damage|p2a: Ting-Lu|0 fnt
|-heal|p1a: Hatterene|86/100|[from] drain|[of] p2a: Ting-Lu
|-damage|p1a: Hatterene|70/100|[from] item: Rocky Helmet|[of] p2a: Ting-Lu
|faint|p2a: Ting-Lu
|
|-fieldend|move: Trick Room
|upkeep
|
|t:|1760807130
|switch|p2a: Gholdengo|Gholdengo|100/100
|turn|18
|
|t:|1760807139
|-terastallize|p1a: Hatterene|Dragon
|move|p2a: Gholdengo|Trick|p1a: Hatterene
|-activate|p2a: Gholdengo|move: Trick|[of] p1a: Hatterene
|-item|p1a: Hatterene|Choice Scarf|[from] move: Trick
|-enditem|p2a: Gholdengo|Choice Scarf|[silent]|[from] move: Trick
|move|p1a: Hatterene|Trick Room|p1a: Hatterene
|-fieldstart|move: Trick Room|[of] p1a: Hatterene
|
|upkeep
|turn|19
|
|t:|1760807154
|switch|p1a: Samurott|Samurott-Hisui, M|100/100
|switch|p2a: Rillaboom|Rillaboom, F|100/100
|-fieldstart|move: Grassy Terrain|[from] ability: Grassy Surge|[of] p2a: Rillaboom
|
|upkeep
|turn|20
|
|t:|1760807165
|switch|p1a: Hatterene|Hatterene, F, tera:Dragon|70/100
|move|p2a: Rillaboom|Grassy Glide|p1a: Hatterene
|-resisted|p1a: Hatterene
|-damage|p1a: Hatterene|54/100
|
|-heal|p1a: Hatterene|60/100|[from] Grassy Terrain
|upkeep
|turn|21
|inactive|realmathhills has 120 seconds left.
|
|t:|1760807177
|switch|p1a: Cinderace|Cinderace, F|69/100
|move|p2a: Rillaboom|U-turn|p1a: Cinderace
|-resisted|p1a: Cinderace
|-damage|p1a: Cinderace|51/100
|
|t:|1760807181
|switch|p2a: Keldeo|Keldeo-Resolute|85/100|[from] U-turn
|
|-heal|p2a: Keldeo|92/100|[from] Grassy Terrain
|-heal|p1a: Cinderace|57/100|[from] Grassy Terrain
|upkeep
|turn|22
|
|t:|1760807186
|switch|p1a: Hatterene|Hatterene, F, tera:Dragon|60/100
|move|p2a: Keldeo|Secret Sword|p1a: Hatterene
|-damage|p1a: Hatterene|10/100
|
|-heal|p1a: Hatterene|16/100|[from] Grassy Terrain
|-heal|p2a: Keldeo|98/100|[from] Grassy Terrain
|-fieldend|move: Trick Room
|upkeep
|turn|23
|
|t:|1760807193
|move|p2a: Keldeo|Secret Sword|p1a: Hatterene
|-damage|p1a: Hatterene|0 fnt
|faint|p1a: Hatterene
|
|-heal|p2a: Keldeo|100/100|[from] Grassy Terrain
|-fieldend|move: Grassy Terrain
|upkeep
|
|t:|1760807198
|switch|p1a: Great Tusk|Great Tusk|100/100
|-enditem|p1a: Great Tusk|Booster Energy
|-activate|p1a: Great Tusk|ability: Protosynthesis|[fromitem]
|-start|p1a: Great Tusk|protosynthesisspe
|turn|24
|inactive|realmathhills has 120 seconds left.
|inactive|realmathhills has 90 seconds left.
|inactive|realmathhills has 60 seconds left.
|
|t:|1760807297
|switch|p2a: Rillaboom|Rillaboom, F|100/100
|-fieldstart|move: Grassy Terrain|[from] ability: Grassy Surge|[of] p2a: Rillaboom
|move|p1a: Great Tusk|Headlong Rush|p2a: Rillaboom
|-resisted|p2a: Rillaboom
|-damage|p2a: Rillaboom|75/100
|-unboost|p1a: Great Tusk|def|1
|-unboost|p1a: Great Tusk|spd|1
|
|-heal|p2a: Rillaboom|82/100|[from] Grassy Terrain
|upkeep
|turn|25
|inactive|realmathhills has 60 seconds left.
|
|t:|1760807311
|move|p2a: Rillaboom|Grassy Glide|p1a: Great Tusk
|-supereffective|p1a: Great Tusk
|-damage|p1a: Great Tusk|31/100
|move|p1a: Great Tusk|Ice Spinner|p2a: Rillaboom
|-supereffective|p2a: Rillaboom
|-damage|p2a: Rillaboom|37/100
|-fieldend|move: Grassy Terrain
|
|upkeep
|turn|26
|inactive|realmathhills has 60 seconds left.
|inactive|GoldenJoe777 has 120 seconds left.
|
|t:|1760807349
|switch|p2a: Keldeo|Keldeo-Resolute|100/100
|move|p1a: Great Tusk|Ice Spinner|p2a: Keldeo
|-resisted|p2a: Keldeo
|-damage|p2a: Keldeo|87/100
|
|upkeep
|turn|27
|
|t:|1760807356
|move|p2a: Keldeo|Vacuum Wave|p1a: Great Tusk
|-damage|p1a: Great Tusk|0 fnt
|faint|p1a: Great Tusk
|-end|p1a: Great Tusk|Protosynthesis|[silent]
|
|upkeep
|-message|GoldenJoe777 forfeited.
|
|win|realmathhills
|raw|GoldenJoe777's rating: 1409 &rarr; <strong>1389</strong><br />(-20 for losing)
|raw|realmathhills's rating: 1417 &rarr; <strong>1437</strong><br />(+20 for winning)
|l|☆GoldenJoe777
|player|p1|
