|j|☆F1amewheel
|j|☆Dem Big Bois
|t:|1760824629
|gametype|singles
|player|p1|F1amewheel|willow-casual|1376
|player|p2|Dem Big Bois|101|1306
|gen|9
|tier|[Gen 9] OU
|rated|
|rule|HP Percentage Mod: HP is shown in percentages
|rule|Endless Battle Clause: Forcing endless battles is banned
|rule|Species Clause: Limit one of each Pokémon
|rule|OHKO Clause: OHKO moves are banned
|rule|Evasion Items Clause: Evasion items are banned
|rule|Evasion Moves Clause: Evasion moves are banned
|rule|Evasion Abilities Clause: Evasion abilities are banned
|rule|Sleep Moves Clause: Sleep-inducing moves are banned
|clearpoke
|poke|p1|Iron Boulder|
|poke|p1|Zamazenta-*|
|poke|p1|Iron Valiant|
|poke|p1|Iron Crown|
|poke|p1|Manaphy|
|poke|p1|Corviknight, M|
|poke|p2|Snorlax, M|
|poke|p2|Clefable, F|
|poke|p2|Porygon2|
|poke|p2|Maushold|
|poke|p2|Dunsparce, M|
|poke|p2|Blissey, F|
|teampreview
|inactive|Battle timer is ON: inactive players will automatically lose when time's up. (requested by Dem Big Bois)
|
|t:|1760824640
|teamsize|p1|6
|teamsize|p2|6
|start
|switch|p1a: Iron Crown|Iron Crown|100/100
|switch|p2a: Dunsparce|Dunsparce, M|100/100
|turn|1
|
|t:|1760824649
|move|p1a: Iron Crown|Volt Switch|p2a: Dunsparce
|-damage|p2a: Dunsparce|80/100
|
|t:|1760824653
|-end|p1a: Iron Crown|Quark Drive|[silent]
|switch|p1a: Corviknight|Corviknight, M|100/100|[from] Volt Switch
|-ability|p1a: Corviknight|Pressure
|move|p2a: Dunsparce|Ancient Power|p1a: Corviknight
|-damage|p1a: Corviknight|91/100
|
|-heal|p1a: Corviknight|97/100|[from] item: Leftovers
|upkeep
|turn|2
|
|t:|1760824662
|move|p1a: Corviknight|Iron Defense|p1a: Corviknight
|-boost|p1a: Corviknight|def|2
|move|p2a: Dunsparce|Ancient Power|p1a: Corviknight
|-damage|p1a: Corviknight|88/100
|
|-heal|p1a: Corviknight|94/100|[from] item: Leftovers
|upkeep
|turn|3
|
|t:|1760824669
|move|p1a: Corviknight|Body Press|p2a: Dunsparce
|-supereffective|p2a: Dunsparce
|-damage|p2a: Dunsparce|12/100
|move|p2a: Dunsparce|Ancient Power|p1a: Corviknight
|-damage|p1a: Corviknight|85/100
|-boost|p2a: Dunsparce|atk|1
|-boost|p2a: Dunsparce|def|1
|-boost|p2a: Dunsparce|spa|1
|-boost|p2a: Dunsparce|spd|1
|-boost|p2a: Dunsparce|spe|1
|
|-heal|p1a: Corviknight|91/100|[from] item: Leftovers
|upkeep
|turn|4
|
|t:|1760824679
|move|p2a: Dunsparce|Roost|p2a: Dunsparce
|-heal|p2a: Dunsparce|63/100
|-singleturn|p2a: Dunsparce|move: Roost
|move|p1a: Corviknight|Body Press|p2a: Dunsparce
|-supereffective|p2a: Dunsparce
|-damage|p2a: Dunsparce|14/100
|
|-heal|p1a: Corviknight|97/100|[from] item: Leftovers
|upkeep
|turn|5
|
|t:|1760824686
|move|p2a: Dunsparce|Roost|p2a: Dunsparce
|-heal|p2a: Dunsparce|65/100
|-singleturn|p2a: Dunsparce|move: Roost
|move|p1a: Corviknight|Iron Defense|p1a: Corviknight
|-boost|p1a: Corviknight|def|2
|
|-heal|p1a: Corviknight|100/100|[from] item: Leftovers
|upkeep
|turn|6
|
|t:|1760824707
|switch|p2a: Clefable|Clefable, F|100/100
|move|p1a: Corviknight|Body Press|p2a: Clefable
|-resisted|p2a: Clefable
|-damage|p2a: Clefable|91/100
|
|-heal|p2a: Clefable|97/100|[from] item: Leftovers
|upkeep
|turn|7
|
|t:|1760824727
|switch|p1a: Iron Crown|Iron Crown|100/100
|move|p2a: Clefable|Thunderbolt|p1a: Iron Crown
|-damage|p1a: Iron Crown|80/100
|
|-heal|p2a: Clefable|100/100|[from] item: Leftovers
|upkeep
|turn|8
|
|t:|1760824738
|switch|p2a: Dunsparce|Dunsparce, M|65/100
|move|p1a: Iron Crown|Tachyon Cutter|p2a: Dunsparce
|-damage|p2a: Dunsparce|38/100
|-damage|p2a: Dunsparce|14/100
|-hitcount|p2a: Dunsparce|2
|
|upkeep
|turn|9
|inactive|F1amewheel has 120 seconds left.
|inactive|F1amewheel has 90 seconds left.
|inactive|F1amewheel has 60 seconds left.
|inactive|F1amewheel has 30 seconds left.
|inactive|F1amewheel has 20 seconds left.
|inactive|F1amewheel has 15 seconds left.
|inactive|F1amewheel has 10 seconds left.
|inactive|F1amewheel has 5 seconds left.
|-message|F1amewheel lost due to inactivity.
|
|win|Dem Big Bois
|raw|F1amewheel's rating: 1376 &rarr; <strong>1352</strong><br />(-24 for losing)
|raw|Dem Big Bois's rating: 1306 &rarr; <strong>1330</strong><br />(+24 for winning)
|l|☆Dem Big Bois
|player|p2|
|l|☆F1amewheel
|player|p1|
