|j|☆PixelPenguin2
|j|☆blazartrafalgar
|t:|1760726454
|gametype|singles
|player|p1|PixelPenguin2|guitarist|1483
|player|p2|blazartrafalgar|2|1480
|gen|9
|tier|[Gen 9] OU
|rated|
|rule|HP Percentage Mod: HP is shown in percentages
|rule|Endless Battle Clause: Forcing endless battles is banned
|rule|Species Clause: Limit one of each Pokémon
|rule|OHKO Clause: OHKO moves are banned
|rule|Evasion Items Clause: Evasion items are banned
|rule|Evasion Moves Clause: Evasion moves are banned
|rule|Evasion Abilities Clause: Evasion abilities are banned
|rule|Sleep Moves Clause: Sleep-inducing moves are banned
|clearpoke
|poke|p1|Pelipper, M|
|poke|p1|Tornadus-Therian, M|
|poke|p1|Iron Treads|
|poke|p1|Decidueye-Hisui, M|
|poke|p1|Barraskewda, F|
|poke|p1|Raging Bolt|
|poke|p2|Meowscarada, M|
|poke|p2|Cinderace, M|
|poke|p2|Moltres|
|poke|p2|Gholdengo|
|poke|p2|Raging Bolt|
|poke|p2|Dragonite, F|
|teampreview
|inactive|Battle timer is ON: inactive players will automatically lose when time's up. (requested by PixelPenguin2)
|inactive|blazartrafalgar also wants the timer to be on.
|
|t:|1760726478
|teamsize|p1|6
|teamsize|p2|6
|start
|switch|p1a: Iron Treads|Iron Treads|100/100
|switch|p2a: Meowscarada|Meowscarada, M|100/100
|turn|1
|inactive|PixelPenguin2 has 120 seconds left.
|
|t:|1760726513
|move|p2a: Meowscarada|Low Kick|p1a: Iron Treads
|-start|p2a: Meowscarada|typechange|Fighting|[from] ability: Protean
|-supereffective|p1a: Iron Treads
|-damage|p1a: Iron Treads|0 fnt
|faint|p1a: Iron Treads
|-end|p1a: Iron Treads|Quark Drive|[silent]
|-damage|p2a: Meowscarada|91/100|[from] item: Life Orb
|
|upkeep
|
|t:|1760726521
|switch|p1a: Pelipper|Pelipper, M|100/100
|-weather|RainDance|[from] ability: Drizzle|[of] p1a: Pelipper
|turn|2
|inactive|PixelPenguin2 has 120 seconds left.
|
|t:|1760726528
|move|p2a: Meowscarada|Knock Off|p1a: Pelipper
|-damage|p1a: Pelipper|71/100
|-enditem|p1a: Pelipper|Damp Rock|[from] move: Knock Off|[of] p2a: Meowscarada
|-damage|p2a: Meowscarada|81/100|[from] item: Life Orb
|move|p1a: Pelipper|U-turn|p2a: Meowscarada
|-resisted|p2a: Meowscarada
|-damage|p2a: Meowscarada|73/100
|
|t:|1760726530
|switch|p1a: Barraskewda|Barraskewda, F|100/100|[from] U-turn
|
|-weather|RainDance|[upkeep]
|upkeep
|turn|3
|inactive|blazartrafalgar has 120 seconds left.
|
|t:|1760726565
|switch|p2a: Raging Bolt|Raging Bolt|100/100
|move|p1a: Barraskewda|Liquidation|p2a: Raging Bolt
|-resisted|p2a: Raging Bolt
|-damage|p2a: Raging Bolt|57/100
|-unboost|p2a: Raging Bolt|def|1
|-damage|p1a: Barraskewda|91/100|[from] item: Life Orb
|
|-weather|RainDance|[upkeep]
|upkeep
|turn|4
|
|t:|1760726575
|switch|p1a: Raging Bolt|Raging Bolt|100/100
|-enditem|p1a: Raging Bolt|Booster Energy
|-activate|p1a: Raging Bolt|ability: Protosynthesis|[fromitem]
|-start|p1a: Raging Bolt|protosynthesisspa
|move|p2a: Raging Bolt|Thunderclap||[still]
|-fail|p2a: Raging Bolt
|
|-weather|RainDance|[upkeep]
|upkeep
|turn|5
|inactive|blazartrafalgar has 120 seconds left.
|
|t:|1760726599
|-terastallize|p2a: Raging Bolt|Electric
|move|p1a: Raging Bolt|Dragon Pulse|p2a: Raging Bolt
|-crit|p2a: Raging Bolt
|-damage|p2a: Raging Bolt|13/100
|move|p2a: Raging Bolt|Draco Meteor|p1a: Raging Bolt
|-supereffective|p1a: Raging Bolt
|-damage|p1a: Raging Bolt|0 fnt
|-unboost|p2a: Raging Bolt|spa|2
|faint|p1a: Raging Bolt
|-end|p1a: Raging Bolt|Protosynthesis|[silent]
|
|-weather|RainDance|[upkeep]
|upkeep
|
|t:|1760726612
|switch|p1a: Decidueye|Decidueye-Hisui, M|100/100
|turn|6
|
|t:|1760726621
|-end|p2a: Raging Bolt|Protosynthesis|[silent]
|switch|p2a: Moltres|Moltres|100/100
|move|p1a: Decidueye|U-turn|p2a: Moltres
|-resisted|p2a: Moltres
|-damage|p2a: Moltres|98/100
|
|t:|1760726627
|switch|p1a: Pelipper|Pelipper, M|71/100|[from] U-turn
|
|-weather|RainDance|[upkeep]
|upkeep
|turn|7
|
|t:|1760726632
|move|p2a: Moltres|U-turn|p1a: Pelipper
|-resisted|p1a: Pelipper
|-damage|p1a: Pelipper|66/100
|
|t:|1760726639
|switch|p2a: Gholdengo|Gholdengo|100/100|[from] U-turn
|move|p1a: Pelipper|Surf|p2a: Gholdengo
|-damage|p2a: Gholdengo|46/100
|
|-weather|RainDance|[upkeep]
|upkeep
|turn|8
|
|t:|1760726653
|switch|p1a: Tornadus|Tornadus-Therian, M|100/100
|move|p2a: Gholdengo|Thunderbolt|p1a: Tornadus
|-supereffective|p1a: Tornadus
|-damage|p1a: Tornadus|0 fnt
|faint|p1a: Tornadus
|-damage|p2a: Gholdengo|36/100|[from] item: Life Orb
|
|-weather|RainDance|[upkeep]
|upkeep
|
|t:|1760726656
|switch|p1a: Barraskewda|Barraskewda, F|91/100
|turn|9
|
|t:|1760726675
|switch|p2a: Moltres|Moltres|98/100
|move|p1a: Barraskewda|Flip Turn|p2a: Moltres
|-supereffective|p2a: Moltres
|-damage|p2a: Moltres|4/100
|-status|p1a: Barraskewda|brn|[from] ability: Flame Body|[of] p2a: Moltres
|-damage|p1a: Barraskewda|81/100 brn|[from] item: Life Orb
|
|t:|1760726680
|switch|p1a: Pelipper|Pelipper, M|66/100|[from] Flip Turn
|
|-weather|none
|upkeep
|turn|10
|-message|PixelPenguin2 forfeited.
|
|win|blazartrafalgar
|raw|PixelPenguin2's rating: 1483 &rarr; <strong>1463</strong><br />(-20 for losing)
|raw|blazartrafalgar's rating: 1480 &rarr; <strong>1500</strong><br />(+20 for winning)
|l|☆blazartrafalgar
|player|p2|
