|j|☆karane yui
|j|☆JapYap
|t:|1760853842
|gametype|singles
|player|p1|karane yui|flannery|1196
|player|p2|JapYap|169|1142
|gen|9
|tier|[Gen 9] OU
|rated|
|rule|HP Percentage Mod: HP is shown in percentages
|rule|Endless Battle Clause: Forcing endless battles is banned
|rule|Species Clause: Limit one of each Pokémon
|rule|OHKO Clause: OHKO moves are banned
|rule|Evasion Items Clause: Evasion items are banned
|rule|Evasion Moves Clause: Evasion moves are banned
|rule|Evasion Abilities Clause: Evasion abilities are banned
|rule|Sleep Moves Clause: Sleep-inducing moves are banned
|clearpoke
|poke|p1|Galvantula, M|
|poke|p1|Ogerpon-Wellspring, F|
|poke|p1|Skeledirge, M|
|poke|p1|Dragonite, M|
|poke|p1|Heatran, F|
|poke|p1|Zamazenta-*|
|poke|p2|Sceptile, M|
|poke|p2|Charizard, M|
|poke|p2|Dragalge, M|
|poke|p2|Weezing, M|
|poke|p2|Noivern, F|
|poke|p2|Magnezone|
|teampreview
|inactive|Battle timer is ON: inactive players will automatically lose when time's up. (requested by karane yui)
|
|t:|1760853848
|teamsize|p1|6
|teamsize|p2|6
|start
|switch|p1a: Dragonite|Dragonite, M|100/100
|switch|p2a: Noivern|Noivern, F|100/100
|turn|1
|
|t:|1760853860
|move|p2a: Noivern|Draco Meteor|p1a: Dragonite
|-supereffective|p1a: Dragonite
|-damage|p1a: Dragonite|46/100
|-unboost|p2a: Noivern|spa|2
|move|p1a: Dragonite|Dragon Dance|p1a: Dragonite
|-boost|p1a: Dragonite|atk|1
|-boost|p1a: Dragonite|spe|1
|
|upkeep
|turn|2
|
|t:|1760853878
|switch|p2a: Magnezone|Magnezone|100/100
|move|p1a: Dragonite|Ice Spinner|p2a: Magnezone
|-resisted|p2a: Magnezone
|-damage|p2a: Magnezone|74/100
|
|upkeep
|turn|3
|
|t:|1760853891
|-terastallize|p2a: Magnezone|Electric
|move|p1a: Dragonite|Earthquake|p2a: Magnezone
|-supereffective|p2a: Magnezone
|-damage|p2a: Magnezone|0 fnt
|faint|p2a: Magnezone
|
|upkeep
|
|t:|1760853899
|switch|p2a: Weezing|Weezing, M|100/100
|turn|4
|inactive|karane yui has 120 seconds left.
|
|t:|1760853949
|switch|p1a: Heatran|Heatran, F|100/100
|move|p2a: Weezing|Clear Smog|p1a: Heatran
|-immune|p1a: Heatran
|
|upkeep
|turn|5
|
|t:|1760853966
|switch|p2a: Dragalge|Dragalge, M|100/100
|move|p1a: Heatran|Magma Storm|p2a: Dragalge
|-resisted|p2a: Dragalge
|-damage|p2a: Dragalge|89/100
|-activate|p2a: Dragalge|move: Magma Storm|[of] p1a: Heatran
|
|-damage|p2a: Dragalge|76/100|[from] move: Magma Storm|[partiallytrapped]
|upkeep
|turn|6
|
|t:|1760853974
|move|p1a: Heatran|Protect|p1a: Heatran
|-singleturn|p1a: Heatran|Protect
|move|p2a: Dragalge|Scald|p1a: Heatran
|-activate|p1a: Heatran|move: Protect
|
|-damage|p2a: Dragalge|64/100|[from] move: Magma Storm|[partiallytrapped]
|upkeep
|turn|7
|
|t:|1760853984
|switch|p1a: Ogerpon|Ogerpon-Wellspring, F|100/100
|move|p2a: Dragalge|Scald|p1a: Ogerpon
|-immune|p1a: Ogerpon|[from] ability: Water Absorb
|
|-end|p2a: Dragalge|Magma Storm|[partiallytrapped]|[silent]
|upkeep
|turn|8
|inactive|karane yui has 120 seconds left.
|
|t:|1760854007
|switch|p2a: Sceptile|Sceptile, M|100/100
|move|p1a: Ogerpon|Knock Off|p2a: Sceptile
|-damage|p2a: Sceptile|43/100
|-enditem|p2a: Sceptile|Sitrus Berry|[from] move: Knock Off|[of] p1a: Ogerpon
|
|upkeep
|turn|9
|inactive|karane yui has 90 seconds left.
|
|t:|1760854033
|switch|p1a: Heatran|Heatran, F|100/100
|move|p2a: Sceptile|Giga Drain|p1a: Heatran
|-resisted|p1a: Heatran
|-damage|p1a: Heatran|95/100
|-heal|p2a: Sceptile|46/100|[from] drain|[of] p1a: Heatran
|
|-heal|p1a: Heatran|100/100|[from] item: Leftovers
|upkeep
|turn|10
|
|t:|1760854042
|move|p2a: Sceptile|Leech Seed|p1a: Heatran
|-start|p1a: Heatran|move: Leech Seed
|move|p1a: Heatran|Magma Storm|p2a: Sceptile
|-supereffective|p2a: Sceptile
|-damage|p2a: Sceptile|0 fnt
|faint|p2a: Sceptile
|
|upkeep
|
|t:|1760854049
|switch|p2a: Charizard|Charizard, M|100/100
|turn|11
|
|t:|1760854061
|switch|p1a: Skeledirge|Skeledirge, M|100/100
|move|p2a: Charizard|Hurricane|p1a: Skeledirge
|-damage|p1a: Skeledirge|63/100
|
|upkeep
|turn|12
|
|t:|1760854078
|move|p2a: Charizard|Scorching Sands|p1a: Skeledirge
|-supereffective|p1a: Skeledirge
|-damage|p1a: Skeledirge|31/100
|move|p1a: Skeledirge|Hex|p2a: Charizard
|-damage|p2a: Charizard|70/100
|
|upkeep
|turn|13
|
|t:|1760854090
|move|p2a: Charizard|Hurricane|p1a: Skeledirge
|-damage|p1a: Skeledirge|0 fnt
|faint|p1a: Skeledirge
|
|upkeep
|inactive|karane yui has 90 seconds left.
|
|t:|1760854109
|switch|p1a: Ogerpon|Ogerpon-Wellspring, F|100/100
|turn|14
|inactive|karane yui has 90 seconds left.
|
|t:|1760854132
|switch|p2a: Noivern|Noivern, F|100/100
|move|p1a: Ogerpon|Ivy Cudgel|p2a: Noivern|[anim] Ivy Cudgel Water
|-resisted|p2a: Noivern
|-crit|p2a: Noivern
|-damage|p2a: Noivern|46/100
|
|upkeep
|turn|15
|
|t:|1760854157
|switch|p1a: Heatran|Heatran, F|100/100
|move|p2a: Noivern|Hurricane|p1a: Heatran
|-resisted|p1a: Heatran
|-crit|p1a: Heatran
|-damage|p1a: Heatran|78/100
|
|-heal|p1a: Heatran|84/100|[from] item: Leftovers
|upkeep
|turn|16
|inactive|karane yui has 60 seconds left.
|
|t:|1760854177
|switch|p2a: Charizard|Charizard, M|70/100
|move|p1a: Heatran|Magma Storm|p2a: Charizard
|-resisted|p2a: Charizard
|-damage|p2a: Charizard|40/100
|-activate|p2a: Charizard|move: Magma Storm|[of] p1a: Heatran
|
|-heal|p1a: Heatran|90/100|[from] item: Leftovers
|-damage|p2a: Charizard|28/100|[from] move: Magma Storm|[partiallytrapped]
|upkeep
|turn|17
|inactive|karane yui has 60 seconds left.
|
|t:|1760854188
|move|p1a: Heatran|Protect|p1a: Heatran
|-singleturn|p1a: Heatran|Protect
|move|p2a: Charizard|Focus Blast|p1a: Heatran
|-activate|p1a: Heatran|move: Protect
|
|-heal|p1a: Heatran|97/100|[from] item: Leftovers
|-damage|p2a: Charizard|15/100|[from] move: Magma Storm|[partiallytrapped]
|upkeep
|turn|18
|inactive|karane yui has 60 seconds left.
|
|t:|1760854219
|switch|p1a: Dragonite|Dragonite, M|46/100
|move|p2a: Charizard|Hurricane|p1a: Dragonite|[miss]
|-miss|p2a: Charizard|p1a: Dragonite
|
|-end|p2a: Charizard|Magma Storm|[partiallytrapped]|[silent]
|upkeep
|turn|19
|
|t:|1760854231
|switch|p2a: Weezing|Weezing, M|100/100
|move|p1a: Dragonite|Extreme Speed|p2a: Weezing
|-damage|p2a: Weezing|78/100
|
|upkeep
|turn|20
|
|t:|1760854242
|switch|p1a: Heatran|Heatran, F|97/100
|switch|p2a: Charizard|Charizard, M|15/100
|
|-heal|p1a: Heatran|100/100|[from] item: Leftovers
|upkeep
|turn|21
|inactive|karane yui has 30 seconds left.
|inactive|karane yui has 20 seconds left.
|
|t:|1760854268
|switch|p1a: Zamazenta|Zamazenta|100/100
|-ability|p1a: Zamazenta|Dauntless Shield|boost
|-boost|p1a: Zamazenta|def|1
|move|p2a: Charizard|Focus Blast|p1a: Zamazenta|[miss]
|-miss|p2a: Charizard|p1a: Zamazenta
|
|upkeep
|turn|22
|inactive|karane yui has 30 seconds left this turn.
|
|t:|1760854277
|switch|p2a: Weezing|Weezing, M|78/100
|move|p1a: Zamazenta|Stone Edge|p2a: Weezing
|-damage|p2a: Weezing|56/100
|
|upkeep
|turn|23
|inactive|karane yui has 30 seconds left.
|inactive|karane yui has 20 seconds left.
|inactive|karane yui has 15 seconds left.
|inactive|karane yui has 10 seconds left.
|
|t:|1760854306
|move|p1a: Zamazenta|Crunch|p2a: Weezing
|-damage|p2a: Weezing|40/100
|move|p2a: Weezing|Pain Split|p1a: Zamazenta
|-sethp|p1a: Zamazenta|71/100|[from] move: Pain Split|[silent]
|-sethp|p2a: Weezing|69/100|[from] move: Pain Split
|
|upkeep
|turn|24
|inactive|karane yui has 20 seconds left this turn.
|inactive|karane yui has 15 seconds left.
|
|t:|1760854314
|switch|p1a: Heatran|Heatran, F|100/100
|move|p2a: Weezing|Toxic|p1a: Heatran
|-immune|p1a: Heatran
|
|upkeep
|turn|25
|inactive|karane yui has 25 seconds left this turn.
|inactive|karane yui has 20 seconds left.
|
|t:|1760854323
|switch|p2a: Dragalge|Dragalge, M|64/100
|move|p1a: Heatran|Magma Storm|p2a: Dragalge
|-resisted|p2a: Dragalge
|-damage|p2a: Dragalge|53/100
|-activate|p2a: Dragalge|move: Magma Storm|[of] p1a: Heatran
|
|-damage|p2a: Dragalge|40/100|[from] move: Magma Storm|[partiallytrapped]
|upkeep
|turn|26
|inactive|karane yui has 30 seconds left this turn.
|
|t:|1760854329
|move|p1a: Heatran|Protect|p1a: Heatran
|-singleturn|p1a: Heatran|Protect
|move|p2a: Dragalge|Scald|p1a: Heatran
|-activate|p1a: Heatran|move: Protect
|
|-damage|p2a: Dragalge|28/100|[from] move: Magma Storm|[partiallytrapped]
|upkeep
|turn|27
|inactive|karane yui has 30 seconds left.
|
|t:|1760854340
|-terastallize|p1a: Heatran|Grass
|move|p1a: Heatran|Earth Power|p2a: Dragalge
|-supereffective|p2a: Dragalge
|-crit|p2a: Dragalge
|-damage|p2a: Dragalge|0 fnt
|faint|p2a: Dragalge
|
|upkeep
|
|t:|1760854345
|switch|p2a: Charizard|Charizard, M|15/100
|turn|28
|
|t:|1760854350
|move|p2a: Charizard|Fire Blast|p1a: Heatran
|-start|p1a: Heatran|ability: Flash Fire
|move|p1a: Heatran|Flash Cannon|p2a: Charizard
|-resisted|p2a: Charizard
|-damage|p2a: Charizard|0 fnt
|faint|p2a: Charizard
|
|upkeep
|
|t:|1760854354
|switch|p2a: Noivern|Noivern, F|46/100
|turn|29
|
|t:|1760854360
|move|p2a: Noivern|Hurricane|p1a: Heatran|[miss]
|-miss|p2a: Noivern|p1a: Heatran
|move|p1a: Heatran|Magma Storm|p2a: Noivern|[miss]
|-miss|p1a: Heatran|p2a: Noivern
|
|upkeep
|turn|30
|
|t:|1760854364
|move|p2a: Noivern|Hurricane|p1a: Heatran
|-supereffective|p1a: Heatran
|-damage|p1a: Heatran|45/100
|move|p1a: Heatran|Magma Storm|p2a: Noivern|[miss]
|-miss|p1a: Heatran|p2a: Noivern
|
|-heal|p1a: Heatran|51/100|[from] item: Leftovers
|upkeep
|turn|31
|inactive|karane yui has 60 seconds left.
|
|t:|1760854370
|move|p1a: Heatran|Protect|p1a: Heatran
|-singleturn|p1a: Heatran|Protect
|move|p2a: Noivern|Hurricane|p1a: Heatran
|-activate|p1a: Heatran|move: Protect
|
|-heal|p1a: Heatran|57/100|[from] item: Leftovers
|upkeep
|turn|32
|
|t:|1760854375
|move|p2a: Noivern|Draco Meteor|p1a: Heatran
|-damage|p1a: Heatran|23/100
|-unboost|p2a: Noivern|spa|2
|move|p1a: Heatran|Magma Storm|p2a: Noivern
|-resisted|p2a: Noivern
|-damage|p2a: Noivern|4/100
|-activate|p2a: Noivern|move: Magma Storm|[of] p1a: Heatran
|
|-heal|p1a: Heatran|29/100|[from] item: Leftovers
|-damage|p2a: Noivern|0 fnt|[from] move: Magma Storm|[partiallytrapped]
|faint|p2a: Noivern
|upkeep
|
|t:|1760854378
|switch|p2a: Weezing|Weezing, M|69/100
|turn|33
|-message|JapYap forfeited.
|
|win|karane yui
|raw|karane yui's rating: 1196 &rarr; <strong>1217</strong><br />(+21 for winning)
|raw|JapYap's rating: 1142 &rarr; <strong>1121</strong><br />(-21 for losing)
|l|☆JapYap
|player|p2|
|c|☆karane yui|newba
|c|☆karane yui|usa o tera ai
|l|☆karane yui
|player|p1|
