|j|☆axcen
|j|☆Docter_Peng99
|t:|1760805189
|gametype|singles
|player|p1|axcen|palmer|1322
|player|p2|Docter_Peng99|drayton|1363
|gen|9
|tier|[Gen 9] OU
|rated|
|rule|HP Percentage Mod: HP is shown in percentages
|rule|Endless Battle Clause: Forcing endless battles is banned
|rule|Species Clause: Limit one of each Pokémon
|rule|OHKO Clause: OHKO moves are banned
|rule|Evasion Items Clause: Evasion items are banned
|rule|Evasion Moves Clause: Evasion moves are banned
|rule|Evasion Abilities Clause: Evasion abilities are banned
|rule|Sleep Moves Clause: Sleep-inducing moves are banned
|clearpoke
|poke|p1|Arbok, M|
|poke|p1|Keldeo|
|poke|p1|Electrode-Hisui|
|poke|p1|Bombirdier, M|
|poke|p1|Lokix, F|
|poke|p1|Corviknight, F|
|poke|p2|Heatran, M|
|poke|p2|Tornadus-Therian, M|
|poke|p2|Great Tusk|
|poke|p2|Ogerpon-Wellspring, F|
|poke|p2|Dragapult, M|
|poke|p2|Kingambit, M|
|teampreview
|
|t:|1760805191
|teamsize|p1|6
|teamsize|p2|6
|start
|switch|p1a: Arbok|Arbok, M|100/100
|switch|p2a: Akainu|Heatran, M|100/100
|turn|1
|
|t:|1760805198
|move|p1a: Arbok|Coil|p1a: Arbok
|-boost|p1a: Arbok|atk|1
|-boost|p1a: Arbok|def|1
|-boost|p1a: Arbok|accuracy|1
|move|p2a: Akainu|Stealth Rock|p1a: Arbok
|-sidestart|p1: axcen|move: Stealth Rock
|
|upkeep
|turn|2
|
|t:|1760805209
|move|p1a: Arbok|Earthquake|p2a: Akainu
|-supereffective|p2a: Akainu
|-damage|p2a: Akainu|0 fnt
|faint|p2a: Akainu
|
|upkeep
|
|t:|1760805215
|switch|p2a: Child Ammo|Dragapult, M, shiny|100/100
|turn|3
|
|t:|1760805223
|move|p2a: Child Ammo|Will-O-Wisp|p1a: Arbok
|-status|p1a: Arbok|brn
|move|p1a: Arbok|Scale Shot|p2a: Child Ammo
|-supereffective|p2a: Child Ammo
|-damage|p2a: Child Ammo|86/100
|-supereffective|p2a: Child Ammo
|-damage|p2a: Child Ammo|69/100
|-supereffective|p2a: Child Ammo
|-damage|p2a: Child Ammo|54/100
|-supereffective|p2a: Child Ammo
|-damage|p2a: Child Ammo|37/100
|-supereffective|p2a: Child Ammo
|-damage|p2a: Child Ammo|21/100
|-hitcount|p2a: Child Ammo|5
|-unboost|p1a: Arbok|def|1
|-boost|p1a: Arbok|spe|1
|
|-damage|p1a: Arbok|94/100 brn|[from] brn
|upkeep
|turn|4
|
|t:|1760805240
|move|p2a: Child Ammo|Hex|p1a: Arbok
|-damage|p1a: Arbok|4/100 brn
|move|p1a: Arbok|Scale Shot|p2a: Child Ammo
|-supereffective|p2a: Child Ammo
|-damage|p2a: Child Ammo|6/100
|-supereffective|p2a: Child Ammo
|-damage|p2a: Child Ammo|0 fnt
|faint|p2a: Child Ammo
|-hitcount|p2: Child Ammo|2
|-unboost|p1a: Arbok|def|1
|-boost|p1a: Arbok|spe|1
|
|-damage|p1a: Arbok|0 fnt|[from] brn
|faint|p1a: Arbok
|upkeep
|
|t:|1760805261
|switch|p2a: Fujin|Tornadus-Therian, M|100/100
|switch|p1a: Bombirdier|Bombirdier, M|100/100
|-damage|p1a: Bombirdier|76/100|[from] Stealth Rock
|turn|5
|
|t:|1760805276
|move|p2a: Fujin|Bleakwind Storm|p1a: Bombirdier
|-crit|p1a: Bombirdier
|-damage|p1a: Bombirdier|0 fnt
|faint|p1a: Bombirdier
|
|upkeep
|l|☆axcen
|player|p1|
|inactive|Battle timer is ON: inactive players will automatically lose when time's up. (requested by Docter_Peng99)
|inactive|axcen has 30 seconds to reconnect!
|inactive|axcen has 20 seconds to reconnect!
|inactive|axcen has 15 seconds to reconnect!
|inactive|axcen has 10 seconds to reconnect!
|inactive|axcen has 5 seconds to reconnect!
|-message|axcen lost due to inactivity.
|
|win|Docter_Peng99
|raw|axcen's rating: 1322 &rarr; <strong>1304</strong><br />(-18 for losing)
|raw|Docter_Peng99's rating: 1363 &rarr; <strong>1381</strong><br />(+18 for winning)
|l|☆Docter_Peng99
|player|p2|
