|j|☆OrochiZerito
|j|☆kimigoya
|t:|1760867360
|gametype|singles
|player|p1|OrochiZerito|brycenman|1344
|player|p2|kimigoya|102|1314
|gen|9
|tier|[Gen 9] OU
|rated|
|rule|HP Percentage Mod: HP is shown in percentages
|rule|Endless Battle Clause: Forcing endless battles is banned
|rule|Species Clause: Limit one of each Pokémon
|rule|OHKO Clause: OHKO moves are banned
|rule|Evasion Items Clause: Evasion items are banned
|rule|Evasion Moves Clause: Evasion moves are banned
|rule|Evasion Abilities Clause: Evasion abilities are banned
|rule|Sleep Moves Clause: Sleep-inducing moves are banned
|clearpoke
|poke|p1|Hatterene, F|
|poke|p1|Crawdaunt, M|
|poke|p1|Breloom, M|
|poke|p1|Deoxys-Defense|
|poke|p1|Carbink|
|poke|p1|Ursaluna, M|
|poke|p2|Pelipper, F|
|poke|p2|Hatterene, F|
|poke|p2|Iron Treads|
|poke|p2|Toxicroak, F|
|poke|p2|Barraskewda, F|
|poke|p2|Zapdos|
|teampreview
|inactive|Battle timer is ON: inactive players will automatically lose when time's up. (requested by kimigoya)
|
|t:|1760867377
|teamsize|p1|6
|teamsize|p2|6
|start
|switch|p1a: Kazuya|Carbink, shiny|100/100
|switch|p2a: Pelipper|Pelipper, F|100/100
|-weather|RainDance|[from] ability: Drizzle|[of] p2a: Pelipper
|turn|1
|
|t:|1760867383
|move|p2a: Pelipper|Knock Off|p1a: Kazuya
|-resisted|p1a: Kazuya
|-damage|p1a: Kazuya|97/100
|-enditem|p1a: Kazuya|Mental Herb|[from] move: Knock Off|[of] p2a: Pelipper
|move|p1a: Kazuya|Trick Room|p1a: Kazuya
|-fieldstart|move: Trick Room|[of] p1a: Kazuya
|
|-weather|RainDance|[upkeep]
|upkeep
|turn|2
|
|t:|1760867391
|move|p1a: Kazuya|Gravity|p1a: Kazuya
|-fieldstart|move: Gravity
|move|p2a: Pelipper|U-turn|p1a: Kazuya
|-resisted|p1a: Kazuya
|-damage|p1a: Kazuya|94/100
|
|t:|1760867398
|switch|p2a: Zapdos|Zapdos|100/100|[from] U-turn
|
|-weather|RainDance|[upkeep]
|upkeep
|turn|3
|
|t:|1760867404
|switch|p1a: Ursaluna|Ursaluna, M|100/100
|switch|p2a: Hatterene|Hatterene, F|100/100
|
|-weather|RainDance|[upkeep]
|-status|p1a: Ursaluna|brn|[from] item: Flame Orb
|upkeep
|turn|4
|
|t:|1760867414
|move|p1a: Ursaluna|Facade|p2a: Hatterene
|-damage|p2a: Hatterene|0 fnt
|faint|p2a: Hatterene
|
|-weather|RainDance|[upkeep]
|-damage|p1a: Ursaluna|94/100 brn|[from] brn
|upkeep
|
|t:|1760867423
|switch|p2a: Pelipper|Pelipper, F|100/100
|turn|5
|
|t:|1760867427
|switch|p2a: Iron Treads|Iron Treads|100/100
|move|p1a: Ursaluna|Facade|p2a: Iron Treads
|-resisted|p2a: Iron Treads
|-damage|p2a: Iron Treads|48/100
|
|-weather|RainDance|[upkeep]
|-heal|p2a: Iron Treads|54/100|[from] item: Leftovers
|-damage|p1a: Ursaluna|88/100 brn|[from] brn
|-fieldend|move: Trick Room
|upkeep
|turn|6
|
|t:|1760867437
|-terastallize|p1a: Ursaluna|Ground
|move|p2a: Iron Treads|Stealth Rock|p1a: Ursaluna
|-sidestart|p1: OrochiZerito|move: Stealth Rock
|move|p1a: Ursaluna|Earthquake|p2a: Iron Treads
|-supereffective|p2a: Iron Treads
|-damage|p2a: Iron Treads|0 fnt
|faint|p2a: Iron Treads
|-end|p2a: Iron Treads|Quark Drive|[silent]
|
|-weather|RainDance|[upkeep]
|-damage|p1a: Ursaluna|82/100 brn|[from] brn
|-fieldend|move: Gravity
|upkeep
|
|t:|1760867441
|switch|p2a: Barraskewda|Barraskewda, F|100/100
|turn|7
|
|t:|1760867447
|switch|p1a: Kazuya|Carbink, shiny|94/100
|-damage|p1a: Kazuya|81/100|[from] Stealth Rock
|-terastallize|p2a: Barraskewda|Water
|move|p2a: Barraskewda|Liquidation|p1a: Kazuya
|-supereffective|p1a: Kazuya
|-damage|p1a: Kazuya|0 fnt
|faint|p1a: Kazuya
|
|-weather|RainDance|[upkeep]
|upkeep
|
|t:|1760867455
|switch|p1a: Deoxys|Deoxys-Defense|100/100
|-damage|p1a: Deoxys|88/100|[from] Stealth Rock
|-ability|p1a: Deoxys|Pressure
|turn|8
|
|t:|1760867460
|move|p2a: Barraskewda|Liquidation|p1a: Deoxys
|-damage|p1a: Deoxys|2/100
|move|p1a: Deoxys|Trick Room|p1a: Deoxys
|-fieldstart|move: Trick Room|[of] p1a: Deoxys
|
|-weather|none
|-heal|p1a: Deoxys|9/100|[from] item: Leftovers
|upkeep
|turn|9
|
|t:|1760867466
|switch|p2a: Pelipper|Pelipper, F|100/100
|-weather|RainDance|[from] ability: Drizzle|[of] p2a: Pelipper
|move|p1a: Deoxys|Night Shade|p2a: Pelipper
|-damage|p2a: Pelipper|70/100
|
|-weather|RainDance|[upkeep]
|-heal|p1a: Deoxys|15/100|[from] item: Leftovers
|upkeep
|turn|10
|
|t:|1760867470
|move|p2a: Pelipper|Knock Off|p1a: Deoxys
|-supereffective|p1a: Deoxys
|-damage|p1a: Deoxys|0 fnt
|-enditem|p1a: Deoxys|Leftovers|[from] move: Knock Off|[of] p2a: Pelipper
|faint|p1a: Deoxys
|
|-weather|RainDance|[upkeep]
|upkeep
|
|t:|1760867475
|switch|p1a: Ursaluna|Ursaluna, M, tera:Ground|82/100 brn
|-damage|p1a: Ursaluna|75/100 brn|[from] Stealth Rock
|turn|11
|
|t:|1760867479
|move|p1a: Ursaluna|Facade|p2a: Pelipper
|-damage|p2a: Pelipper|0 fnt
|faint|p2a: Pelipper
|
|-weather|RainDance|[upkeep]
|-damage|p1a: Ursaluna|69/100 brn|[from] brn
|upkeep
|
|t:|1760867482
|switch|p2a: Zapdos|Zapdos|100/100
|turn|12
|
|t:|1760867485
|move|p1a: Ursaluna|Facade|p2a: Zapdos
|-crit|p2a: Zapdos
|-damage|p2a: Zapdos|0 fnt
|faint|p2a: Zapdos
|
|-weather|RainDance|[upkeep]
|-damage|p1a: Ursaluna|63/100 brn|[from] brn
|-fieldend|move: Trick Room
|upkeep
|
|t:|1760867488
|switch|p2a: Barraskewda|Barraskewda, F, tera:Water|100/100
|turn|13
|
|t:|1760867492
|switch|p1a: Pablo Motos|Breloom, M|100/100
|-damage|p1a: Pablo Motos|94/100|[from] Stealth Rock
|move|p2a: Barraskewda|Liquidation|p1a: Pablo Motos
|-resisted|p1a: Pablo Motos
|-damage|p1a: Pablo Motos|1/100
|
|-weather|RainDance|[upkeep]
|upkeep
|turn|14
|
|t:|1760867500
|move|p1a: Pablo Motos|Mach Punch|p2a: Barraskewda
|-damage|p2a: Barraskewda|10/100
|-damage|p1a: Pablo Motos|0 fnt|[from] item: Life Orb
|faint|p1a: Pablo Motos
|move|p2a: Barraskewda|Liquidation|p1: Pablo Motos|[notarget]
|-fail|p2a: Barraskewda
|
|-weather|RainDance|[upkeep]
|upkeep
|
|t:|1760867512
|switch|p1a: Crawdaunt|Crawdaunt, M, shiny|100/100
|-damage|p1a: Crawdaunt|88/100|[from] Stealth Rock
|turn|15
|
|t:|1760867516
|move|p1a: Crawdaunt|Aqua Jet|p2a: Barraskewda
|-resisted|p2a: Barraskewda
|-damage|p2a: Barraskewda|0 fnt
|faint|p2a: Barraskewda
|-damage|p1a: Crawdaunt|78/100|[from] item: Life Orb
|
|-weather|RainDance|[upkeep]
|upkeep
|
|t:|1760867519
|switch|p2a: Toxicroak|Toxicroak, F|100/100
|turn|16
|
|t:|1760867532
|move|p2a: Toxicroak|Toxic|p1a: Crawdaunt
|-status|p1a: Crawdaunt|tox
|move|p1a: Crawdaunt|Knock Off|p2a: Toxicroak
|-resisted|p2a: Toxicroak
|-damage|p2a: Toxicroak|61/100
|-damage|p1a: Crawdaunt|61/100 tox|[from] item: Rocky Helmet|[of] p2a: Toxicroak
|-enditem|p2a: Toxicroak|Rocky Helmet|[from] move: Knock Off|[of] p1a: Crawdaunt
|-damage|p1a: Crawdaunt|51/100 tox|[from] item: Life Orb
|
|-weather|none
|-damage|p1a: Crawdaunt|45/100 tox|[from] psn
|upkeep
|turn|17
|
|t:|1760867537
|move|p2a: Toxicroak|Knock Off|p1a: Crawdaunt
|-resisted|p1a: Crawdaunt
|-damage|p1a: Crawdaunt|32/100 tox
|-enditem|p1a: Crawdaunt|Life Orb|[from] move: Knock Off|[of] p2a: Toxicroak
|move|p1a: Crawdaunt|Swords Dance|p1a: Crawdaunt
|-boost|p1a: Crawdaunt|atk|2
|
|-damage|p1a: Crawdaunt|20/100 tox|[from] psn
|upkeep
|turn|18
|
|t:|1760867542
|move|p2a: Toxicroak|Drain Punch|p1a: Crawdaunt
|-supereffective|p1a: Crawdaunt
|-damage|p1a: Crawdaunt|0 fnt
|-heal|p2a: Toxicroak|69/100|[from] drain|[of] p1a: Crawdaunt
|faint|p1a: Crawdaunt
|
|upkeep
|
|t:|1760867547
|switch|p1a: Hatterene|Hatterene, F|100/100
|-damage|p1a: Hatterene|88/100|[from] Stealth Rock
|turn|19
|
|t:|1760867551
|move|p2a: Toxicroak|Knock Off|p1a: Hatterene
|-damage|p1a: Hatterene|67/100
|-enditem|p1a: Hatterene|Leftovers|[from] move: Knock Off|[of] p2a: Toxicroak
|move|p1a: Hatterene|Trick Room|p1a: Hatterene
|-fieldstart|move: Trick Room|[of] p1a: Hatterene
|
|upkeep
|turn|20
|
|t:|1760867557
|move|p1a: Hatterene|Calm Mind|p1a: Hatterene
|-boost|p1a: Hatterene|spa|1
|-boost|p1a: Hatterene|spd|1
|move|p2a: Toxicroak|Encore|p1a: Hatterene
|move|p1a: Hatterene|Encore||[from] ability: Magic Bounce|[still]
|-fail|p1a: Hatterene
|
|upkeep
|turn|21
|
|t:|1760867565
|move|p1a: Hatterene|Psyshock|p2a: Toxicroak
|-supereffective|p2a: Toxicroak
|-damage|p2a: Toxicroak|0 fnt
|faint|p2a: Toxicroak
|
|win|OrochiZerito
|raw|OrochiZerito's rating: 1344 &rarr; <strong>1362</strong><br />(+18 for winning)
|raw|kimigoya's rating: 1314 &rarr; <strong>1296</strong><br />(-18 for losing)
|c|☆OrochiZerito|gg
|l|☆kimigoya
|player|p2|
