|j|☆Triple Burger
|j|☆ELlmoi月
|t:|1760867996
|gametype|singles
|player|p1|Triple Burger|lance|1185
|player|p2|ELlmoi月|170|1154
|gen|9
|tier|[Gen 9] OU
|rated|
|rule|HP Percentage Mod: HP is shown in percentages
|rule|Endless Battle Clause: Forcing endless battles is banned
|rule|Species Clause: Limit one of each Pokémon
|rule|OHKO Clause: OHKO moves are banned
|rule|Evasion Items Clause: Evasion items are banned
|rule|Evasion Moves Clause: Evasion moves are banned
|rule|Evasion Abilities Clause: Evasion abilities are banned
|rule|Sleep Moves Clause: Sleep-inducing moves are banned
|clearpoke
|poke|p1|Ninetales, M|
|poke|p1|Walking Wake|
|poke|p1|Great Tusk|
|poke|p1|Raging Bolt|
|poke|p1|Ogerpon, F|
|poke|p1|Weezing-Galar, M|
|poke|p2|Chansey, F|
|poke|p2|Cinderace, F|
|poke|p2|Dragapult, M|
|poke|p2|Corviknight, M|
|poke|p2|Ursaluna, M|
|poke|p2|Primarina, M|
|teampreview
|inactive|Battle timer is ON: inactive players will automatically lose when time's up. (requested by Triple Burger)
|
|t:|1760868030
|teamsize|p1|6
|teamsize|p2|6
|start
|switch|p1a: Gymbro Shrek|Ogerpon, F|100/100
|switch|p2a: Freddie Kane|Cinderace, F|100/100
|turn|1
|
|t:|1760868039
|switch|p1a: Doechii|Ninetales, M|100/100
|-weather|SunnyDay|[from] ability: Drought|[of] p1a: Doechii
|move|p2a: Freddie Kane|U-turn|p1a: Doechii
|-start|p2a: Freddie Kane|typechange|Bug|[from] ability: Libero
|-resisted|p1a: Doechii
|-damage|p1a: Doechii|78/100
|
|t:|1760868050
|switch|p2a: WUSYANAME|Ursaluna, M, shiny|100/100|[from] U-turn
|
|-weather|SunnyDay|[upkeep]
|upkeep
|turn|2
|
|t:|1760868058
|switch|p1a: Yung G Weezy|Weezing-Galar, M|100/100
|move|p2a: WUSYANAME|Earthquake|p1a: Yung G Weezy
|-immune|p1a: Yung G Weezy|[from] ability: Levitate
|
|-weather|SunnyDay|[upkeep]
|upkeep
|turn|3
|
|t:|1760868076
|switch|p2a: Green Eggs and Ham|Chansey, F, shiny|100/100
|move|p1a: Yung G Weezy|Toxic|p2a: Green Eggs and Ham
|-status|p2a: Green Eggs and Ham|tox
|
|-weather|SunnyDay|[upkeep]
|-damage|p2a: Green Eggs and Ham|94/100 tox|[from] psn
|upkeep
|turn|4
|
|t:|1760868083
|switch|p1a: Gymbro Shrek|Ogerpon, F|100/100
|move|p2a: Green Eggs and Ham|Thunder Wave|p1a: Gymbro Shrek
|-status|p1a: Gymbro Shrek|par
|
|-weather|SunnyDay|[upkeep]
|-damage|p2a: Green Eggs and Ham|82/100 tox|[from] psn
|upkeep
|turn|5
|
|t:|1760868088
|-curestatus|p2a: Green Eggs and Ham|tox|[from] ability: Natural Cure
|switch|p2a: Hoe u trippin?|Corviknight, M, shiny|100/100
|-ability|p2a: Hoe u trippin?|Pressure
|move|p1a: Gymbro Shrek|Knock Off|p2a: Hoe u trippin?
|-damage|p2a: Hoe u trippin?|70/100
|-damage|p1a: Gymbro Shrek|84/100 par|[from] item: Rocky Helmet|[of] p2a: Hoe u trippin?
|-enditem|p2a: Hoe u trippin?|Rocky Helmet|[from] move: Knock Off|[of] p1a: Gymbro Shrek
|
|-weather|SunnyDay|[upkeep]
|upkeep
|turn|6
|
|t:|1760868100
|switch|p1a: Yung G Weezy|Weezing-Galar, M|100/100
|move|p2a: Hoe u trippin?|Roost|p2a: Hoe u trippin?
|-heal|p2a: Hoe u trippin?|100/100
|-singleturn|p2a: Hoe u trippin?|move: Roost
|
|-weather|SunnyDay|[upkeep]
|upkeep
|turn|7
|
|t:|1760868108
|switch|p2a: Green Eggs and Ham|Chansey, F, shiny|82/100
|switch|p1a: Swanging Nek|Raging Bolt|100/100
|-activate|p1a: Swanging Nek|ability: Protosynthesis
|-start|p1a: Swanging Nek|protosynthesisspa
|
|-weather|SunnyDay|[upkeep]
|upkeep
|turn|8
|
|t:|1760868114
|move|p1a: Swanging Nek|Volt Switch|p2a: Green Eggs and Ham
|-damage|p2a: Green Eggs and Ham|66/100
|
|t:|1760868117
|-end|p1a: Swanging Nek|Protosynthesis|[silent]
|switch|p1a: 2010 Toyta Rav4|Great Tusk|100/100|[from] Volt Switch
|-activate|p1a: 2010 Toyta Rav4|ability: Protosynthesis
|-start|p1a: 2010 Toyta Rav4|protosynthesisatk
|move|p2a: Green Eggs and Ham|Seismic Toss|p1a: 2010 Toyta Rav4
|-damage|p1a: 2010 Toyta Rav4|74/100
|
|-weather|none
|-end|p1a: 2010 Toyta Rav4|Protosynthesis
|upkeep
|turn|9
|
|t:|1760868136
|switch|p2a: Freddie Kane|Cinderace, F|100/100
|move|p1a: 2010 Toyta Rav4|Headlong Rush|p2a: Freddie Kane
|-supereffective|p2a: Freddie Kane
|-damage|p2a: Freddie Kane|0 fnt
|-unboost|p1a: 2010 Toyta Rav4|def|1
|-unboost|p1a: 2010 Toyta Rav4|spd|1
|faint|p2a: Freddie Kane
|
|upkeep
|
|t:|1760868139
|switch|p2a: Primarina|Primarina, M|100/100
|turn|10
|
|t:|1760868143
|-end|p1a: 2010 Toyta Rav4|Protosynthesis|[silent]
|switch|p1a: Doechii|Ninetales, M|78/100
|-weather|SunnyDay|[from] ability: Drought|[of] p1a: Doechii
|move|p2a: Primarina|Calm Mind|p2a: Primarina
|-boost|p2a: Primarina|spa|1
|-boost|p2a: Primarina|spd|1
|
|-weather|SunnyDay|[upkeep]
|upkeep
|turn|11
|
|t:|1760868152
|move|p1a: Doechii|Encore|p2a: Primarina
|-start|p2a: Primarina|Encore
|move|p2a: Primarina|Calm Mind|p2a: Primarina
|-boost|p2a: Primarina|spa|1
|-boost|p2a: Primarina|spd|1
|
|-weather|SunnyDay|[upkeep]
|upkeep
|turn|12
|
|t:|1760868155
|switch|p1a: Yung G Weezy|Weezing-Galar, M|100/100
|move|p2a: Primarina|Calm Mind|p2a: Primarina
|-boost|p2a: Primarina|spa|1
|-boost|p2a: Primarina|spd|1
|
|-weather|SunnyDay|[upkeep]
|upkeep
|turn|13
|
|t:|1760868158
|switch|p2a: Green Eggs and Ham|Chansey, F, shiny|66/100
|move|p1a: Yung G Weezy|Toxic|p2a: Green Eggs and Ham
|-status|p2a: Green Eggs and Ham|tox
|
|-weather|SunnyDay|[upkeep]
|-damage|p2a: Green Eggs and Ham|60/100 tox|[from] psn
|upkeep
|turn|14
|
|t:|1760868164
|switch|p1a: 2010 Toyta Rav4|Great Tusk|74/100
|-activate|p1a: 2010 Toyta Rav4|ability: Protosynthesis
|-start|p1a: 2010 Toyta Rav4|protosynthesisatk
|move|p2a: Green Eggs and Ham|Soft-Boiled|p2a: Green Eggs and Ham
|-heal|p2a: Green Eggs and Ham|100/100 tox
|
|-weather|SunnyDay|[upkeep]
|-damage|p2a: Green Eggs and Ham|88/100 tox|[from] psn
|upkeep
|turn|15
|
|t:|1760868170
|-curestatus|p2a: Green Eggs and Ham|tox|[from] ability: Natural Cure
|switch|p2a: Hoe u trippin?|Corviknight, M, shiny|100/100
|-ability|p2a: Hoe u trippin?|Pressure
|move|p1a: 2010 Toyta Rav4|Rapid Spin|p2a: Hoe u trippin?
|-resisted|p2a: Hoe u trippin?
|-damage|p2a: Hoe u trippin?|93/100
|-boost|p1a: 2010 Toyta Rav4|spe|1
|
|-weather|SunnyDay|[upkeep]
|upkeep
|turn|16
|
|t:|1760868177
|-terastallize|p1a: 2010 Toyta Rav4|Fire
|move|p1a: 2010 Toyta Rav4|Temper Flare|p2a: Hoe u trippin?
|-supereffective|p2a: Hoe u trippin?
|-damage|p2a: Hoe u trippin?|1/100
|move|p2a: Hoe u trippin?|Body Press|p1a: 2010 Toyta Rav4
|-damage|p1a: 2010 Toyta Rav4|55/100
|
|-weather|SunnyDay|[upkeep]
|upkeep
|turn|17
|
|t:|1760868184
|switch|p2a: Primarina|Primarina, M|100/100
|move|p1a: 2010 Toyta Rav4|Rapid Spin|p2a: Primarina
|-damage|p2a: Primarina|73/100
|-boost|p1a: 2010 Toyta Rav4|spe|1
|
|-weather|none
|-end|p1a: 2010 Toyta Rav4|Protosynthesis
|-heal|p2a: Primarina|79/100|[from] item: Leftovers
|upkeep
|turn|18
|
|t:|1760868189
|move|p1a: 2010 Toyta Rav4|Headlong Rush|p2a: Primarina
|-damage|p2a: Primarina|0 fnt
|-unboost|p1a: 2010 Toyta Rav4|def|1
|-unboost|p1a: 2010 Toyta Rav4|spd|1
|faint|p2a: Primarina
|
|upkeep
|
|t:|1760868194
|switch|p2a: Hesi Tween|Dragapult, M, shiny|100/100
|turn|19
|
|t:|1760868201
|move|p1a: 2010 Toyta Rav4|Ice Spinner|p2a: Hesi Tween
|-supereffective|p2a: Hesi Tween
|-damage|p2a: Hesi Tween|13/100
|move|p2a: Hesi Tween|Dragon Darts|p1a: 2010 Toyta Rav4
|-damage|p1a: 2010 Toyta Rav4|32/100
|-anim|p2a: Hesi Tween|Dragon Darts|p1a: 2010 Toyta Rav4
|-damage|p1a: 2010 Toyta Rav4|9/100
|
|-heal|p2a: Hesi Tween|19/100|[from] item: Leftovers
|upkeep
|turn|20
|-message|ELlmoi月 forfeited.
|
|win|Triple Burger
|raw|Triple Burger's rating: 1185 &rarr; <strong>1208</strong><br />(+23 for winning)
|raw|ELlmoi月's rating: 1154 &rarr; <strong>1131</strong><br />(-23 for losing)
|l|☆ELlmoi月
|player|p2|
