|j|☆i miss aaa nat dex
|j|☆jeffwme
|t:|1760820474
|gametype|singles
|player|p1|i miss aaa nat dex|hiker-gen4|1125
|player|p2|jeffwme|crasherwake|1098
|gen|9
|tier|[Gen 9] OU
|rated|
|rule|HP Percentage Mod: HP is shown in percentages
|rule|Endless Battle Clause: Forcing endless battles is banned
|rule|Species Clause: Limit one of each Pokémon
|rule|OHKO Clause: OHKO moves are banned
|rule|Evasion Items Clause: Evasion items are banned
|rule|Evasion Moves Clause: Evasion moves are banned
|rule|Evasion Abilities Clause: Evasion abilities are banned
|rule|Sleep Moves Clause: Sleep-inducing moves are banned
|clearpoke
|poke|p1|Dragalge, F|
|poke|p1|Enamorus-Therian, F|
|poke|p1|Rillaboom, F|
|poke|p1|Great Tusk|
|poke|p1|Darkrai|
|poke|p1|Latias, F|
|poke|p2|Sandy Shocks|
|poke|p2|Heatran, M|
|poke|p2|Torkoal, M|
|poke|p2|Walking Wake|
|poke|p2|Iron Valiant|
|poke|p2|Mesprit|
|teampreview
|inactive|Battle timer is ON: inactive players will automatically lose when time's up. (requested by jeffwme)
|
|t:|1760820478
|teamsize|p1|6
|teamsize|p2|6
|start
|switch|p1a: Latias|Latias, F|100/100
|switch|p2a: Torkoal|Torkoal, M|100/100
|-weather|SunnyDay|[from] ability: Drought|[of] p2a: Torkoal
|turn|1
|
|t:|1760820487
|move|p1a: Latias|Trick|p2a: Torkoal
|-activate|p1a: Latias|move: Trick|[of] p2a: Torkoal
|-item|p2a: Torkoal|Choice Scarf|[from] move: Trick
|-item|p1a: Latias|Heat Rock|[from] move: Trick
|move|p2a: Torkoal|Stealth Rock|p1a: Latias
|-sidestart|p1: i miss aaa nat dex|move: Stealth Rock
|
|-weather|SunnyDay|[upkeep]
|upkeep
|turn|2
|
|t:|1760820510
|switch|p2a: Mesprit|Mesprit|100/100
|move|p1a: Latias|Trick|p2a: Mesprit
|-activate|p1a: Latias|move: Trick|[of] p2a: Mesprit
|-item|p2a: Mesprit|Heat Rock|[from] move: Trick
|-item|p1a: Latias|Heat Rock|[from] move: Trick
|
|-weather|SunnyDay|[upkeep]
|upkeep
|turn|3
|
|t:|1760820523
|switch|p1a: Rillaboom|Rillaboom, F|100/100
|-damage|p1a: Rillaboom|88/100|[from] Stealth Rock
|-fieldstart|move: Grassy Terrain|[from] ability: Grassy Surge|[of] p1a: Rillaboom
|move|p2a: Mesprit|Thunder Wave|p1a: Rillaboom
|-status|p1a: Rillaboom|par
|
|-weather|SunnyDay|[upkeep]
|-heal|p1a: Rillaboom|94/100 par|[from] Grassy Terrain
|upkeep
|turn|4
|
|t:|1760820535
|move|p2a: Mesprit|U-turn|p1a: Rillaboom
|-supereffective|p1a: Rillaboom
|-damage|p1a: Rillaboom|63/100 par
|
|t:|1760820538
|switch|p2a: Heatran|Heatran, M|100/100|[from] U-turn
|move|p1a: Rillaboom|Leech Seed|p2a: Heatran
|-start|p2a: Heatran|move: Leech Seed
|
|-weather|SunnyDay|[upkeep]
|-heal|p1a: Rillaboom|69/100 par|[from] Grassy Terrain
|-damage|p2a: Heatran|88/100|[from] Leech Seed|[of] p1a: Rillaboom
|-heal|p1a: Rillaboom|79/100 par|[silent]
|upkeep
|turn|5
|
|t:|1760820550
|switch|p1a: Latias|Latias, F|100/100
|-damage|p1a: Latias|88/100|[from] Stealth Rock
|move|p2a: Heatran|Magma Storm|p1a: Latias
|-resisted|p1a: Latias
|-damage|p1a: Latias|58/100
|-activate|p1a: Latias|move: Magma Storm|[of] p2a: Heatran
|
|-weather|SunnyDay|[upkeep]
|-heal|p2a: Heatran|94/100|[from] Grassy Terrain
|-heal|p2a: Heatran|100/100|[from] item: Leftovers
|-damage|p2a: Heatran|88/100|[from] Leech Seed|[of] p1a: Latias
|-heal|p1a: Latias|70/100|[silent]
|-damage|p1a: Latias|58/100|[from] move: Magma Storm|[partiallytrapped]
|upkeep
|turn|6
|
|t:|1760820565
|switch|p2a: Torkoal|Torkoal, M|100/100
|move|p1a: Latias|Mist Ball|p2a: Torkoal
|-damage|p2a: Torkoal|41/100
|-unboost|p2a: Torkoal|spa|1
|
|-weather|SunnyDay|[upkeep]
|-heal|p2a: Torkoal|47/100|[from] Grassy Terrain
|-end|p1a: Latias|Magma Storm|[partiallytrapped]|[silent]
|upkeep
|turn|7
|c|☆i miss aaa nat dex|I like the read
|
|t:|1760820577
|move|p1a: Latias|Mist Ball|p2a: Torkoal
|-damage|p2a: Torkoal|0 fnt
|faint|p2a: Torkoal
|
|-weather|SunnyDay|[upkeep]
|-fieldend|move: Grassy Terrain
|upkeep
|c|☆i miss aaa nat dex|Trying to get me to give you a heat rock back
|
|t:|1760820592
|switch|p2a: Sandy Shocks|Sandy Shocks|100/100
|-activate|p2a: Sandy Shocks|ability: Protosynthesis
|-start|p2a: Sandy Shocks|protosynthesisspe
|turn|8
|
|t:|1760820602
|move|p2a: Sandy Shocks|Thunderbolt|p1a: Latias
|-resisted|p1a: Latias
|-damage|p1a: Latias|31/100
|move|p1a: Latias|Healing Wish|p1a: Latias
|faint|p1a: Latias
|
|-weather|none
|-end|p2a: Sandy Shocks|Protosynthesis
|upkeep
|
|t:|1760820613
|switch|p1a: Darkrai|Darkrai|100/100
|-damage|p1a: Darkrai|88/100|[from] Stealth Rock
|-item|p1a: Darkrai|Air Balloon
|turn|9
|
|t:|1760820620
|-end|p2a: Sandy Shocks|Protosynthesis|[silent]
|switch|p2a: Mesprit|Mesprit|100/100
|move|p1a: Darkrai|Ice Beam|p2a: Mesprit
|-damage|p2a: Mesprit|75/100
|
|upkeep
|turn|10
|
|t:|1760820629
|move|p1a: Darkrai|Dark Pulse|p2a: Mesprit
|-supereffective|p2a: Mesprit
|-damage|p2a: Mesprit|5/100
|move|p2a: Mesprit|Sunny Day|p2a: Mesprit
|-weather|SunnyDay
|
|-weather|SunnyDay|[upkeep]
|upkeep
|turn|11
|
|t:|1760820638
|switch|p1a: Enamorus|Enamorus-Therian, F|100/100
|-damage|p1a: Enamorus|76/100|[from] Stealth Rock
|move|p2a: Mesprit|Healing Wish|p2a: Mesprit
|faint|p2a: Mesprit
|
|-weather|SunnyDay|[upkeep]
|upkeep
|
|t:|1760820653
|switch|p2a: Sandy Shocks|Sandy Shocks|100/100
|-activate|p2a: Sandy Shocks|ability: Protosynthesis
|-start|p2a: Sandy Shocks|protosynthesisspe
|turn|12
|
|t:|1760820671
|-terastallize|p2a: Sandy Shocks|Ice
|move|p2a: Sandy Shocks|Tera Blast|p1a: Enamorus|[anim] Tera Blast Ice
|-supereffective|p1a: Enamorus
|-damage|p1a: Enamorus|0 fnt
|faint|p1a: Enamorus
|
|-weather|SunnyDay|[upkeep]
|upkeep
|
|t:|1760820679
|switch|p1a: Dragalge|Dragalge, F|100/100
|-damage|p1a: Dragalge|88/100|[from] Stealth Rock
|turn|13
|
|t:|1760820686
|-end|p2a: Sandy Shocks|Protosynthesis|[silent]
|switch|p2a: Iron Valiant|Iron Valiant|100/100
|move|p1a: Dragalge|Draco Meteor|p2a: Iron Valiant
|-immune|p2a: Iron Valiant
|
|-weather|SunnyDay|[upkeep]
|upkeep
|turn|14
|
|t:|1760820694
|move|p2a: Iron Valiant|Swords Dance|p2a: Iron Valiant
|-boost|p2a: Iron Valiant|atk|2
|move|p1a: Dragalge|Sludge Bomb|p2a: Iron Valiant
|-supereffective|p2a: Iron Valiant
|-damage|p2a: Iron Valiant|0 fnt
|faint|p2a: Iron Valiant
|-end|p2a: Iron Valiant|Quark Drive|[silent]
|-damage|p1a: Dragalge|78/100|[from] item: Life Orb
|
|-weather|SunnyDay|[upkeep]
|upkeep
|
|t:|1760820706
|switch|p2a: Heatran|Heatran, M|88/100
|-heal|p2a: Heatran|100/100|[from] move: Healing Wish
|turn|15
|
|t:|1760820713
|move|p2a: Heatran|Magma Storm|p1a: Dragalge|[miss]
|-miss|p2a: Heatran|p1a: Dragalge
|move|p1a: Dragalge|Toxic Spikes|p2a: Heatran
|-sidestart|p2: jeffwme|move: Toxic Spikes
|
|-weather|SunnyDay|[upkeep]
|upkeep
|turn|16
|
|t:|1760820721
|move|p2a: Heatran|Magma Storm|p1a: Dragalge|[miss]
|-miss|p2a: Heatran|p1a: Dragalge
|move|p1a: Dragalge|Scald|p2a: Heatran
|-supereffective|p2a: Heatran
|-damage|p2a: Heatran|71/100
|-damage|p1a: Dragalge|69/100|[from] item: Life Orb
|
|-weather|SunnyDay|[upkeep]
|-heal|p2a: Heatran|77/100|[from] item: Leftovers
|upkeep
|turn|17
|-message|jeffwme forfeited.
|
|win|i miss aaa nat dex
|raw|i miss aaa nat dex's rating: 1125 &rarr; <strong>1148</strong><br />(+23 for winning)
|raw|jeffwme's rating: 1098 &rarr; <strong>1075</strong><br />(-23 for losing)
|l|☆jeffwme
|player|p2|
|c|☆i miss aaa nat dex|My b
|l|☆i miss aaa nat dex
|player|p1|
