|j|☆One-Round
|j|☆virkit
|t:|1760792737
|gametype|singles
|player|p1|One-Round|bugcatcher-gen4dp|1069
|player|p2|virkit|2|1122
|gen|9
|tier|[Gen 9] OU
|rated|
|rule|HP Percentage Mod: HP is shown in percentages
|rule|Endless Battle Clause: Forcing endless battles is banned
|rule|Species Clause: Limit one of each Pokémon
|rule|OHKO Clause: OHKO moves are banned
|rule|Evasion Items Clause: Evasion items are banned
|rule|Evasion Moves Clause: Evasion moves are banned
|rule|Evasion Abilities Clause: Evasion abilities are banned
|rule|Sleep Moves Clause: Sleep-inducing moves are banned
|clearpoke
|poke|p1|Rillaboom, F|
|poke|p1|Meganium, F|
|poke|p1|Glimmora, F|
|poke|p1|Walking Wake|
|poke|p1|Moltres-Galar|
|poke|p1|Scizor, M|
|poke|p2|Greedent, M|
|poke|p2|Bronzong|
|poke|p2|Cinderace, F|
|poke|p2|Ribombee, M|
|poke|p2|Deoxys-Speed|
|poke|p2|Forretress, F|
|teampreview
|inactive|Battle timer is ON: inactive players will automatically lose when time's up. (requested by virkit)
|
|t:|1760792759
|teamsize|p1|6
|teamsize|p2|6
|start
|switch|p1a: Glimmora|Glimmora, F|100/100
|switch|p2a: Ribombee|Ribombee, M|100/100
|turn|1
|
|t:|1760792768
|move|p2a: Ribombee|Sticky Web|p1a: Glimmora
|-sidestart|p1: One-Round|move: Sticky Web
|move|p1a: Glimmora|Stealth Rock|p2a: Ribombee
|-sidestart|p2: virkit|move: Stealth Rock
|
|upkeep
|turn|2
|
|t:|1760792773
|move|p2a: Ribombee|Quiver Dance|p2a: Ribombee
|-boost|p2a: Ribombee|spa|1
|-boost|p2a: Ribombee|spd|1
|-boost|p2a: Ribombee|spe|1
|move|p1a: Glimmora|Mortal Spin|p2a: Ribombee
|-supereffective|p2a: Ribombee
|-damage|p2a: Ribombee|78/100
|-sideend|p1: One-Round|Sticky Web|[from] move: Mortal Spin|[of] p1a: Glimmora
|
|upkeep
|turn|3
|
|t:|1760792802
|switch|p1a: Scizor|Scizor, M|100/100
|move|p2a: Ribombee|Quiver Dance|p2a: Ribombee
|-boost|p2a: Ribombee|spa|1
|-boost|p2a: Ribombee|spd|1
|-boost|p2a: Ribombee|spe|1
|
|upkeep
|turn|4
|
|t:|1760792818
|move|p1a: Scizor|Bullet Punch|p2a: Ribombee
|-supereffective|p2a: Ribombee
|-damage|p2a: Ribombee|0 fnt
|faint|p2a: Ribombee
|
|upkeep
|
|t:|1760792831
|switch|p2a: Cinderace|Cinderace, F|100/100
|-damage|p2a: Cinderace|76/100|[from] Stealth Rock
|turn|5
|
|t:|1760792842
|switch|p2a: Deoxys|Deoxys-Speed|100/100
|-damage|p2a: Deoxys|88/100|[from] Stealth Rock
|-ability|p2a: Deoxys|Pressure
|switch|p1a: Walking Wake|Walking Wake|100/100
|
|upkeep
|turn|6
|
|t:|1760792856
|move|p2a: Deoxys|Amnesia|p2a: Deoxys
|-boost|p2a: Deoxys|spd|2
|move|p1a: Walking Wake|Draco Meteor|p2a: Deoxys
|-damage|p2a: Deoxys|46/100
|-unboost|p1a: Walking Wake|spa|2
|
|upkeep
|turn|7
|
|t:|1760792867
|-end|p1a: Walking Wake|Protosynthesis|[silent]
|switch|p1a: Moltres|Moltres-Galar|100/100
|move|p2a: Deoxys|Knock Off|p1a: Moltres
|-resisted|p1a: Moltres
|-damage|p1a: Moltres|88/100
|-enditem|p1a: Moltres|Sitrus Berry|[from] move: Knock Off|[of] p2a: Deoxys
|
|upkeep
|turn|8
|
|t:|1760792886
|move|p1a: Moltres|Fiery Wrath|p2a: Deoxys
|-supereffective|p2a: Deoxys
|-damage|p2a: Deoxys|10/100
|-enditem|p2a: Deoxys|Weakness Policy
|-boost|p2a: Deoxys|atk|2|[from] item: Weakness Policy
|-boost|p2a: Deoxys|spa|2|[from] item: Weakness Policy
|move|p2a: Deoxys|Trick Room|p2a: Deoxys
|-fieldstart|move: Trick Room|[of] p2a: Deoxys
|
|upkeep
|turn|9
|
|t:|1760792907
|move|p1a: Moltres|Fiery Wrath|p2a: Deoxys
|-supereffective|p2a: Deoxys
|-damage|p2a: Deoxys|0 fnt
|faint|p2a: Deoxys
|
|upkeep
|inactive|virkit has 120 seconds left.
|
|t:|1760792918
|switch|p2a: Forretress|Forretress, F|100/100
|-damage|p2a: Forretress|88/100|[from] Stealth Rock
|turn|10
|inactive|virkit has 120 seconds left.
|inactive|One-Round has 120 seconds left.
|
|t:|1760792945
|move|p2a: Forretress|Curse|p2a: Forretress
|-unboost|p2a: Forretress|spe|1
|-boost|p2a: Forretress|atk|1
|-boost|p2a: Forretress|def|1
|move|p1a: Moltres|Nasty Plot|p1a: Moltres
|-boost|p1a: Moltres|spa|2
|
|upkeep
|turn|11
|inactive|One-Round has 120 seconds left.
|inactive|virkit has 120 seconds left.
|
|t:|1760792961
|move|p2a: Forretress|Gyro Ball|p1a: Moltres
|-damage|p1a: Moltres|0 fnt
|faint|p1a: Moltres
|
|upkeep
|inactive|One-Round has 120 seconds left.
|
|t:|1760792968
|switch|p1a: Rillaboom|Rillaboom, F|100/100
|-fieldstart|move: Grassy Terrain|[from] ability: Grassy Surge|[of] p1a: Rillaboom
|turn|12
|inactive|One-Round has 120 seconds left.
|inactive|virkit has 120 seconds left.
|
|t:|1760792979
|move|p2a: Forretress|Curse|p2a: Forretress
|-unboost|p2a: Forretress|spe|1
|-boost|p2a: Forretress|atk|1
|-boost|p2a: Forretress|def|1
|move|p1a: Rillaboom|Knock Off|p2a: Forretress
|-damage|p2a: Forretress|76/100
|-enditem|p2a: Forretress|Enigma Berry|[from] move: Knock Off|[of] p1a: Rillaboom
|
|-heal|p2a: Forretress|82/100|[from] Grassy Terrain
|-fieldend|move: Trick Room
|upkeep
|turn|13
|inactive|One-Round has 120 seconds left.
|inactive|virkit has 120 seconds left.
|
|t:|1760792999
|move|p1a: Rillaboom|U-turn|p2a: Forretress
|-resisted|p2a: Forretress
|-damage|p2a: Forretress|78/100
|
|t:|1760793011
|switch|p1a: Walking Wake|Walking Wake|100/100|[from] U-turn
|move|p2a: Forretress|Gyro Ball|p1a: Walking Wake
|-resisted|p1a: Walking Wake
|-damage|p1a: Walking Wake|32/100
|
|-heal|p1a: Walking Wake|39/100|[from] Grassy Terrain
|-heal|p2a: Forretress|84/100|[from] Grassy Terrain
|upkeep
|turn|14
|
|t:|1760793024
|move|p1a: Walking Wake|Flamethrower|p2a: Forretress
|-supereffective|p2a: Forretress
|-damage|p2a: Forretress|0 fnt
|faint|p2a: Forretress
|
|-heal|p1a: Walking Wake|45/100|[from] Grassy Terrain
|upkeep
|inactive|virkit has 120 seconds left.
|
|t:|1760793038
|switch|p2a: Greedent|Greedent, M|100/100
|-damage|p2a: Greedent|88/100|[from] Stealth Rock
|turn|15
|
|t:|1760793045
|-end|p1a: Walking Wake|Protosynthesis|[silent]
|switch|p1a: Meganium|Meganium, F, shiny|100/100
|-enditem|p1a: Meganium|Grassy Seed
|-boost|p1a: Meganium|def|1|[from] item: Grassy Seed
|move|p2a: Greedent|Stockpile|p2a: Greedent
|-start|p2a: Greedent|stockpile1
|-boost|p2a: Greedent|def|1
|-boost|p2a: Greedent|spd|1
|
|-heal|p2a: Greedent|94/100|[from] Grassy Terrain
|upkeep
|turn|16
|inactive|virkit has 120 seconds left.
|
|t:|1760793063
|-terastallize|p1a: Meganium|Electric
|move|p1a: Meganium|Curse|p1a: Meganium
|-unboost|p1a: Meganium|spe|1
|-boost|p1a: Meganium|atk|1
|-boost|p1a: Meganium|def|1
|move|p2a: Greedent|Gyro Ball|p1a: Meganium
|-resisted|p1a: Meganium
|-damage|p1a: Meganium|95/100
|
|-heal|p1a: Meganium|100/100|[from] Grassy Terrain
|-heal|p2a: Greedent|99/100|[from] Grassy Terrain
|upkeep
|turn|17
|inactive|virkit has 120 seconds left.
|
|t:|1760793079
|move|p1a: Meganium|Curse|p1a: Meganium
|-unboost|p1a: Meganium|spe|1
|-boost|p1a: Meganium|atk|1
|-boost|p1a: Meganium|def|1
|move|p2a: Greedent|Stockpile|p2a: Greedent
|-start|p2a: Greedent|stockpile2
|-boost|p2a: Greedent|def|1
|-boost|p2a: Greedent|spd|1
|
|-heal|p2a: Greedent|100/100|[from] Grassy Terrain
|upkeep
|turn|18
|inactive|virkit has 120 seconds left.
|
|t:|1760793092
|move|p1a: Meganium|Body Press|p2a: Greedent
|-supereffective|p2a: Greedent
|-damage|p2a: Greedent|49/100
|move|p2a: Greedent|Stockpile|p2a: Greedent
|-start|p2a: Greedent|stockpile3
|-boost|p2a: Greedent|def|1
|-boost|p2a: Greedent|spd|1
|
|-heal|p2a: Greedent|55/100|[from] Grassy Terrain
|upkeep
|turn|19
|inactive|virkit has 120 seconds left.
|
|t:|1760793103
|move|p1a: Meganium|Body Press|p2a: Greedent
|-supereffective|p2a: Greedent
|-damage|p2a: Greedent|17/100
|-enditem|p2a: Greedent|Lansat Berry|[eat]
|-start|p2a: Greedent|move: Focus Energy
|-heal|p2a: Greedent|50/100|[from] ability: Cheek Pouch
|move|p2a: Greedent|Body Press|p1a: Meganium
|-damage|p1a: Meganium|87/100
|
|-heal|p1a: Meganium|93/100|[from] Grassy Terrain
|-heal|p2a: Greedent|56/100|[from] Grassy Terrain
|-fieldend|move: Grassy Terrain
|upkeep
|turn|20
|inactive|virkit has 120 seconds left.
|
|t:|1760793125
|move|p1a: Meganium|Body Press|p2a: Greedent
|-supereffective|p2a: Greedent
|-damage|p2a: Greedent|15/100
|move|p2a: Greedent|Body Press|p1a: Meganium
|-damage|p1a: Meganium|78/100
|
|upkeep
|turn|21
|
|t:|1760793135
|move|p1a: Meganium|Body Press|p2a: Greedent
|-supereffective|p2a: Greedent
|-damage|p2a: Greedent|0 fnt
|faint|p2a: Greedent
|
|upkeep
|
|t:|1760793146
|switch|p2a: Cinderace|Cinderace, F|76/100
|-damage|p2a: Cinderace|51/100|[from] Stealth Rock
|turn|22
|
|t:|1760793160
|-terastallize|p2a: Cinderace|Fire
|move|p2a: Cinderace|Pyro Ball|p1a: Meganium
|-damage|p1a: Meganium|54/100
|move|p1a: Meganium|Body Press|p2a: Cinderace
|-damage|p2a: Cinderace|0 fnt
|faint|p2a: Cinderace
|
|upkeep
|
|t:|1760793169
|switch|p2a: Bronzong|Bronzong|100/100
|-damage|p2a: Bronzong|94/100|[from] Stealth Rock
|turn|23
|
|t:|1760793185
|move|p1a: Meganium|Body Press|p2a: Bronzong
|-damage|p2a: Bronzong|47/100
|move|p2a: Bronzong|Iron Defense|p2a: Bronzong
|-boost|p2a: Bronzong|def|2
|
|-heal|p2a: Bronzong|53/100|[from] item: Leftovers
|upkeep
|turn|24
|
|t:|1760793195
|move|p1a: Meganium|Knock Off|p2a: Bronzong
|-supereffective|p2a: Bronzong
|-damage|p2a: Bronzong|15/100
|-enditem|p2a: Bronzong|Leftovers|[from] move: Knock Off|[of] p1a: Meganium
|move|p2a: Bronzong|Gyro Ball|p1a: Meganium
|-resisted|p1a: Meganium
|-damage|p1a: Meganium|52/100
|
|upkeep
|turn|25
|-message|virkit forfeited.
|
|win|One-Round
|raw|One-Round's rating: 1069 &rarr; <strong>1103</strong><br />(+34 for winning)
|raw|virkit's rating: 1122 &rarr; <strong>1093</strong><br />(-29 for losing)
|l|☆virkit
|player|p2|
|l|☆One-Round
|player|p1|
