|j|☆NukaFanta
|j|☆hoplite123
|t:|1760729368
|gametype|singles
|player|p1|NukaFanta|caitlin|1187
|player|p2|hoplite123|veteran|1192
|gen|9
|tier|[Gen 9] OU
|rated|
|rule|HP Percentage Mod: HP is shown in percentages
|rule|Endless Battle Clause: Forcing endless battles is banned
|rule|Species Clause: Limit one of each Pokémon
|rule|OHKO Clause: OHKO moves are banned
|rule|Evasion Items Clause: Evasion items are banned
|rule|Evasion Moves Clause: Evasion moves are banned
|rule|Evasion Abilities Clause: Evasion abilities are banned
|rule|Sleep Moves Clause: Sleep-inducing moves are banned
|clearpoke
|poke|p1|Volcanion|
|poke|p1|Clodsire, F|
|poke|p1|Dachsbun, M|
|poke|p1|Samurott-Hisui, M|
|poke|p1|Jirachi|
|poke|p1|Orthworm, F|
|poke|p2|Exeggutor, F|
|poke|p2|Torkoal, F|
|poke|p2|Samurott-Hisui, M|
|poke|p2|Raging Bolt|
|poke|p2|Scream Tail|
|poke|p2|Iron Treads|
|teampreview
|inactive|Battle timer is ON: inactive players will automatically lose when time's up. (requested by NukaFanta)
|
|t:|1760729389
|teamsize|p1|6
|teamsize|p2|6
|start
|switch|p1a: Fog machine|Volcanion|100/100
|switch|p2a: Torkoal|Torkoal, F|100/100
|-weather|SunnyDay|[from] ability: Drought|[of] p2a: Torkoal
|turn|1
|
|t:|1760729404
|move|p1a: Fog machine|Steam Eruption|p2a: Torkoal
|-supereffective|p2a: Torkoal
|-damage|p2a: Torkoal|31/100
|-damage|p1a: Fog machine|91/100|[from] item: Life Orb
|move|p2a: Torkoal|Stealth Rock|p1a: Fog machine
|-sidestart|p1: NukaFanta|move: Stealth Rock
|
|-weather|SunnyDay|[upkeep]
|upkeep
|turn|2
|
|t:|1760729414
|switch|p2a: Exeggutor|Exeggutor, F, shiny|100/100
|move|p1a: Fog machine|Earth Power|p2a: Exeggutor
|-resisted|p2a: Exeggutor
|-crit|p2a: Exeggutor
|-damage|p2a: Exeggutor|64/100
|-damage|p1a: Fog machine|81/100|[from] item: Life Orb
|
|-weather|SunnyDay|[upkeep]
|upkeep
|turn|3
|
|t:|1760729434
|-terastallize|p2a: Exeggutor|Fire
|move|p2a: Exeggutor|Solar Beam||[still]
|-prepare|p2a: Exeggutor|Solar Beam
|-anim|p2a: Exeggutor|Solar Beam|p1a: Fog machine
|-damage|p1a: Fog machine|0 fnt
|faint|p1a: Fog machine
|-damage|p2a: Exeggutor|54/100|[from] item: Life Orb
|
|-weather|SunnyDay|[upkeep]
|upkeep
|
|t:|1760729450
|switch|p1a: War|Samurott-Hisui, M|100/100
|-damage|p1a: War|88/100|[from] Stealth Rock
|turn|4
|
|t:|1760729464
|move|p2a: Exeggutor|Solar Beam||[still]
|-prepare|p2a: Exeggutor|Solar Beam
|-anim|p2a: Exeggutor|Solar Beam|p1a: War
|-supereffective|p1a: War
|-damage|p1a: War|0 fnt
|faint|p1a: War
|-damage|p2a: Exeggutor|44/100|[from] item: Life Orb
|
|-weather|SunnyDay|[upkeep]
|upkeep
|
|t:|1760729477
|switch|p1a: Tuna Sandwich|Clodsire, F, shiny|100/100
|-damage|p1a: Tuna Sandwich|94/100|[from] Stealth Rock
|turn|5
|
|t:|1760729481
|move|p2a: Exeggutor|Psychic|p1a: Tuna Sandwich
|-supereffective|p1a: Tuna Sandwich
|-damage|p1a: Tuna Sandwich|11/100
|-damage|p2a: Exeggutor|34/100|[from] item: Life Orb
|move|p1a: Tuna Sandwich|Stockpile|p1a: Tuna Sandwich
|-start|p1a: Tuna Sandwich|stockpile1
|-boost|p1a: Tuna Sandwich|def|1
|-boost|p1a: Tuna Sandwich|spd|1
|
|-weather|SunnyDay|[upkeep]
|-heal|p1a: Tuna Sandwich|17/100|[from] item: Leftovers
|upkeep
|turn|6
|
|t:|1760729494
|move|p1a: Tuna Sandwich|Protect|p1a: Tuna Sandwich
|-singleturn|p1a: Tuna Sandwich|Protect
|move|p2a: Exeggutor|Psychic|p1a: Tuna Sandwich
|-activate|p1a: Tuna Sandwich|move: Protect
|
|-weather|SunnyDay|[upkeep]
|-heal|p1a: Tuna Sandwich|24/100|[from] item: Leftovers
|upkeep
|turn|7
|-message|NukaFanta forfeited.
|
|win|hoplite123
|raw|NukaFanta's rating: 1187 &rarr; <strong>1162</strong><br />(-25 for losing)
|raw|hoplite123's rating: 1192 &rarr; <strong>1217</strong><br />(+25 for winning)
|l|☆NukaFanta
|player|p1|
|l|☆hoplite123
|player|p2|
