|j|☆mo007001
|j|‽KetchupHinz
|t:|1760846432
|gametype|singles
|player|p1|mo007001|burglar|1255
|player|p2|KetchupHinz|wallace|1296
|gen|9
|tier|[Gen 9] OU
|rated|
|rule|HP Percentage Mod: HP is shown in percentages
|rule|Endless Battle Clause: Forcing endless battles is banned
|rule|Species Clause: Limit one of each Pokémon
|rule|OHKO Clause: OHKO moves are banned
|rule|Evasion Items Clause: Evasion items are banned
|rule|Evasion Moves Clause: Evasion moves are banned
|rule|Evasion Abilities Clause: Evasion abilities are banned
|rule|Sleep Moves Clause: Sleep-inducing moves are banned
|clearpoke
|poke|p1|Ursaluna, M|
|poke|p1|Gumshoos, F|
|poke|p1|Kingambit, M|
|poke|p1|Skeledirge, M|
|poke|p1|Slowking, M|
|poke|p1|Cinderace, M|
|poke|p2|Ceruledge, F|
|poke|p2|Corviknight, M|
|poke|p2|Samurott-Hisui, M|
|poke|p2|Ogerpon-Wellspring, F|
|poke|p2|Latias, F|
|poke|p2|Gholdengo|
|teampreview
|
|t:|1760846436
|teamsize|p1|6
|teamsize|p2|6
|start
|switch|p1a: Gumshoos|Gumshoos, F|100/100
|switch|p2a: Samurott|Samurott-Hisui, M|100/100
|turn|1
|
|t:|1760846442
|move|p2a: Samurott|Flip Turn|p1a: Gumshoos
|-damage|p1a: Gumshoos|64/100
|-enditem|p1a: Gumshoos|Red Card|[of] p2a: Samurott
|drag|p2a: Corviknight|Corviknight, M|100/100
|move|p1a: Gumshoos|Double-Edge|p2a: Corviknight
|-resisted|p2a: Corviknight
|-damage|p2a: Corviknight|64/100
|-damage|p1a: Gumshoos|47/100|[from] item: Rocky Helmet|[of] p2a: Corviknight
|-damage|p1a: Gumshoos|35/100|[from] Recoil
|
|upkeep
|turn|2
|
|t:|1760846456
|switch|p1a: Slowking|Slowking, M, shiny|100/100
|move|p2a: Corviknight|Roost|p2a: Corviknight
|-heal|p2a: Corviknight|100/100
|-singleturn|p2a: Corviknight|move: Roost
|
|upkeep
|turn|3
|
|t:|1760846466
|move|p2a: Corviknight|U-turn|p1a: Slowking
|-supereffective|p1a: Slowking
|-damage|p1a: Slowking|80/100
|
|t:|1760846480
|switch|p2a: Samurott|Samurott-Hisui, M|100/100|[from] U-turn
|move|p1a: Slowking|Trick Room|p1a: Slowking
|-fieldstart|move: Trick Room|[of] p1a: Slowking
|
|upkeep
|turn|4
|
|t:|1760846493
|switch|p1a: Ursaluna|Ursaluna, M|100/100
|move|p2a: Samurott|Flip Turn|p1a: Ursaluna
|-supereffective|p1a: Ursaluna
|-damage|p1a: Ursaluna|64/100
|
|t:|1760846507
|switch|p2a: Gholdengo|Gholdengo|100/100|[from] Flip Turn
|-item|p2a: Gholdengo|Air Balloon
|
|-status|p1a: Ursaluna|brn|[from] item: Flame Orb
|upkeep
|turn|5
|
|t:|1760846518
|move|p1a: Ursaluna|Supercell Slam|p2a: Gholdengo|[miss]
|-miss|p1a: Ursaluna|p2a: Gholdengo
|-damage|p1a: Ursaluna|14/100 brn|[from] supercellslam
|move|p2a: Gholdengo|Nasty Plot|p2a: Gholdengo
|-boost|p2a: Gholdengo|spa|2
|
|-damage|p1a: Ursaluna|8/100 brn|[from] brn
|upkeep
|turn|6
|
|t:|1760846528
|move|p1a: Ursaluna|Supercell Slam|p2a: Gholdengo
|-damage|p2a: Gholdengo|67/100
|-enditem|p2a: Gholdengo|Air Balloon
|move|p2a: Gholdengo|Make It Rain|p1a: Ursaluna
|-damage|p1a: Ursaluna|0 fnt
|-unboost|p2a: Gholdengo|spa|1
|faint|p1a: Ursaluna
|
|upkeep
|
|t:|1760846542
|switch|p1a: Gumshoos|Gumshoos, F|35/100
|turn|7
|
|t:|1760846546
|move|p1a: Gumshoos|Knock Off|p2a: Gholdengo
|-supereffective|p2a: Gholdengo
|-damage|p2a: Gholdengo|30/100
|move|p2a: Gholdengo|Make It Rain|p1a: Gumshoos
|-damage|p1a: Gumshoos|0 fnt
|-unboost|p2a: Gholdengo|spa|1
|faint|p1a: Gumshoos
|
|-fieldend|move: Trick Room
|upkeep
|
|t:|1760846559
|switch|p1a: Cinderace|Cinderace, M|100/100
|turn|8
|
|t:|1760846570
|switch|p2a: Samurott|Samurott-Hisui, M|100/100
|move|p1a: Cinderace|Pyro Ball|p2a: Samurott
|-resisted|p2a: Samurott
|-damage|p2a: Samurott|62/100
|
|upkeep
|turn|9
|
|t:|1760846576
|move|p2a: Samurott|Flip Turn|p1a: Cinderace
|-supereffective|p1a: Cinderace
|-damage|p1a: Cinderace|14/100
|
|t:|1760846581
|switch|p2a: Corviknight|Corviknight, M|100/100|[from] Flip Turn
|move|p1a: Cinderace|U-turn|p2a: Corviknight
|-start|p1a: Cinderace|typechange|Bug|[from] ability: Libero
|-resisted|p2a: Corviknight
|-crit|p2a: Corviknight
|-damage|p2a: Corviknight|93/100
|-damage|p1a: Cinderace|0 fnt|[from] item: Rocky Helmet|[of] p2a: Corviknight
|faint|p1a: Cinderace
|
|upkeep
|
|t:|1760846593
|switch|p1a: Skeledirge|Skeledirge, M, shiny|100/100
|turn|10
|
|t:|1760846615
|switch|p2a: Samurott|Samurott-Hisui, M|62/100
|move|p1a: Skeledirge|Torch Song|p2a: Samurott
|-resisted|p2a: Samurott
|-damage|p2a: Samurott|40/100
|-boost|p1a: Skeledirge|spa|1
|
|upkeep
|turn|11
|
|t:|1760846624
|switch|p1a: Slowking|Slowking, M, shiny|100/100
|move|p2a: Samurott|Ceaseless Edge|p1a: Slowking
|-supereffective|p1a: Slowking
|-damage|p1a: Slowking|40/100
|-sidestart|p1: mo007001|Spikes
|
|upkeep
|turn|12
|
|t:|1760846641
|move|p2a: Samurott|Ceaseless Edge|p1a: Slowking|[miss]
|-miss|p2a: Samurott|p1a: Slowking
|-prepare|p1a: Slowking|Chilly Reception|[premajor]
|move|p1a: Slowking|Chilly Reception|p1a: Slowking
|-weather|Snowscape
|
|t:|1760846647
|switch|p1a: Skeledirge|Skeledirge, M, shiny|100/100|[from] Chilly Reception
|
|-weather|Snowscape|[upkeep]
|upkeep
|turn|13
|
|t:|1760846660
|-terastallize|p1a: Skeledirge|Fairy
|move|p2a: Samurott|Ceaseless Edge|p1a: Skeledirge
|-resisted|p1a: Skeledirge
|-damage|p1a: Skeledirge|86/100
|-sidestart|p1: mo007001|Spikes
|move|p1a: Skeledirge|Torch Song|p2a: Samurott
|-resisted|p2a: Samurott
|-damage|p2a: Samurott|19/100
|-boost|p1a: Skeledirge|spa|1
|
|-weather|Snowscape|[upkeep]
|upkeep
|turn|14
|
|t:|1760846674
|move|p2a: Samurott|Ceaseless Edge|p1a: Skeledirge
|-resisted|p1a: Skeledirge
|-damage|p1a: Skeledirge|71/100
|-sidestart|p1: mo007001|Spikes
|move|p1a: Skeledirge|Torch Song|p2a: Samurott
|-resisted|p2a: Samurott
|-damage|p2a: Samurott|0 fnt
|-boost|p1a: Skeledirge|spa|1
|faint|p2a: Samurott
|
|-weather|Snowscape|[upkeep]
|upkeep
|
|t:|1760846680
|switch|p2a: Gholdengo|Gholdengo|30/100
|turn|15
|
|t:|1760846691
|move|p2a: Gholdengo|Make It Rain|p1a: Skeledirge
|-supereffective|p1a: Skeledirge
|-damage|p1a: Skeledirge|0 fnt
|-unboost|p2a: Gholdengo|spa|1
|faint|p1a: Skeledirge
|
|-weather|Snowscape|[upkeep]
|upkeep
|-message|mo007001 forfeited.
|
|win|KetchupHinz
|raw|mo007001's rating: 1255 &rarr; <strong>1233</strong><br />(-22 for losing)
|raw|KetchupHinz's rating: 1296 &rarr; <strong>1318</strong><br />(+22 for winning)
|l|☆mo007001
|player|p1|
|l|‽KetchupHinz
|player|p2|
