|badge|p1|bronze|gen9ou|100-7
|uhtml|medal-msg|<div class="broadcast-blue">Curious what those medals under the avatar are? PS now has Ladder Seasons! For more information, check out the <a href="https://www.smogon.com/forums/threads/3740067/">thread on Smogon.</a></div>
|badge|p2|silver|gen9ou|30-7
|uhtml|medal-msg|<div class="broadcast-blue">Curious what those medals under the avatar are? PS now has Ladder Seasons! For more information, check out the <a href="https://www.smogon.com/forums/threads/3740067/">thread on Smogon.</a></div>
|j|☆eros maniac
|j|☆Chococroc
|t:|1760803858
|gametype|singles
|player|p1|eros maniac|hilbert-wonderlauncher|1888
|player|p2|Chococroc|pokemaniac|1929
|gen|9
|tier|[Gen 9] OU
|rated|
|rule|HP Percentage Mod: HP is shown in percentages
|rule|Endless Battle Clause: Forcing endless battles is banned
|rule|Species Clause: Limit one of each Pokémon
|rule|OHKO Clause: OHKO moves are banned
|rule|Evasion Items Clause: Evasion items are banned
|rule|Evasion Moves Clause: Evasion moves are banned
|rule|Evasion Abilities Clause: Evasion abilities are banned
|rule|Sleep Moves Clause: Sleep-inducing moves are banned
|clearpoke
|poke|p1|Frosmoth, F|
|poke|p1|Maushold-Four|
|poke|p1|Krookodile, M|
|poke|p1|Sinistcha|
|poke|p1|Alomomola, F|
|poke|p1|Weezing-Galar, M|
|poke|p2|Rillaboom, F|
|poke|p2|Hawlucha, F|
|poke|p2|Kyurem|
|poke|p2|Primarina, F|
|poke|p2|Cinderace, M|
|poke|p2|Iron Crown|
|teampreview
|inactive|Battle timer is ON: inactive players will automatically lose when time's up. (requested by eros maniac)
|
|t:|1760803867
|teamsize|p1|6
|teamsize|p2|6
|start
|switch|p1a: Maushold|Maushold-Four|100/100
|switch|p2a: Rillaboom|Rillaboom, F|100/100
|-fieldstart|move: Grassy Terrain|[from] ability: Grassy Surge|[of] p2a: Rillaboom
|turn|1
|
|t:|1760803870
|move|p1a: Maushold|Population Bomb|p2a: Rillaboom
|-damage|p2a: Rillaboom|87/100
|-damage|p2a: Rillaboom|75/100
|-damage|p2a: Rillaboom|62/100
|-damage|p2a: Rillaboom|51/100
|-damage|p2a: Rillaboom|39/100
|-damage|p2a: Rillaboom|26/100
|-damage|p2a: Rillaboom|15/100
|-damage|p2a: Rillaboom|3/100
|-damage|p2a: Rillaboom|0 fnt
|faint|p2a: Rillaboom
|-hitcount|p2: Rillaboom|9
|
|upkeep
|
|t:|1760803873
|switch|p2a: Hawlucha|Hawlucha, F|100/100
|-enditem|p2a: Hawlucha|Grassy Seed
|-boost|p2a: Hawlucha|def|1|[from] item: Grassy Seed
|turn|2
|
|t:|1760803877
|move|p2a: Hawlucha|Swords Dance|p2a: Hawlucha
|-boost|p2a: Hawlucha|atk|2
|move|p1a: Maushold|Population Bomb|p2a: Hawlucha
|-damage|p2a: Hawlucha|90/100
|-damage|p2a: Hawlucha|80/100
|-damage|p2a: Hawlucha|71/100
|-damage|p2a: Hawlucha|61/100
|-damage|p2a: Hawlucha|50/100
|-damage|p2a: Hawlucha|40/100
|-damage|p2a: Hawlucha|30/100
|-damage|p2a: Hawlucha|20/100
|-crit|p2a: Hawlucha
|-damage|p2a: Hawlucha|0 fnt
|faint|p2a: Hawlucha
|-hitcount|p2: Hawlucha|9
|
|upkeep
|j| arrito
|
|t:|1760803883
|switch|p2a: Iron Crown|Iron Crown|100/100
|-enditem|p2a: Iron Crown|Booster Energy
|-activate|p2a: Iron Crown|ability: Quark Drive|[fromitem]
|-start|p2a: Iron Crown|quarkdrivespe
|turn|3
|
|t:|1760803891
|move|p2a: Iron Crown|Focus Blast|p1a: Maushold
|-supereffective|p1a: Maushold
|-damage|p1a: Maushold|0 fnt
|faint|p1a: Maushold
|
|upkeep
|
|t:|1760803897
|switch|p1a: Frosmoth|Frosmoth, F, shiny|100/100
|turn|4
|
|t:|1760803901
|-terastallize|p1a: Frosmoth|Electric
|move|p2a: Iron Crown|Calm Mind|p2a: Iron Crown
|-boost|p2a: Iron Crown|spa|1
|-boost|p2a: Iron Crown|spd|1
|move|p1a: Frosmoth|Quiver Dance|p1a: Frosmoth
|-boost|p1a: Frosmoth|spa|1
|-boost|p1a: Frosmoth|spd|1
|-boost|p1a: Frosmoth|spe|1
|
|upkeep
|turn|5
|
|t:|1760803906
|move|p2a: Iron Crown|Calm Mind|p2a: Iron Crown
|-boost|p2a: Iron Crown|spa|1
|-boost|p2a: Iron Crown|spd|1
|move|p1a: Frosmoth|Quiver Dance|p1a: Frosmoth
|-boost|p1a: Frosmoth|spa|1
|-boost|p1a: Frosmoth|spd|1
|-boost|p1a: Frosmoth|spe|1
|
|-fieldend|move: Grassy Terrain
|upkeep
|turn|6
|
|t:|1760803909
|move|p2a: Iron Crown|Psyshock|p1a: Frosmoth
|-damage|p1a: Frosmoth|42/100
|move|p1a: Frosmoth|Quiver Dance|p1a: Frosmoth
|-boost|p1a: Frosmoth|spa|1
|-boost|p1a: Frosmoth|spd|1
|-boost|p1a: Frosmoth|spe|1
|
|-heal|p1a: Frosmoth|48/100|[from] item: Leftovers
|upkeep
|turn|7
|
|t:|1760803912
|move|p2a: Iron Crown|Psyshock|p1a: Frosmoth
|-damage|p1a: Frosmoth|0 fnt
|faint|p1a: Frosmoth
|
|upkeep
|
|t:|1760803915
|switch|p1a: Alomomola|Alomomola, F, shiny|100/100
|turn|8
|
|t:|1760803918
|move|p2a: Iron Crown|Calm Mind|p2a: Iron Crown
|-boost|p2a: Iron Crown|spa|1
|-boost|p2a: Iron Crown|spd|1
|move|p1a: Alomomola|Mirror Coat||[still]
|-fail|p1a: Alomomola
|
|upkeep
|turn|9
|j| No_Safe_Prayer
|
|t:|1760803921
|move|p2a: Iron Crown|Calm Mind|p2a: Iron Crown
|-boost|p2a: Iron Crown|spa|1
|-boost|p2a: Iron Crown|spd|1
|move|p1a: Alomomola|Flip Turn|p2a: Iron Crown
|-damage|p2a: Iron Crown|85/100
|
|t:|1760803923
|switch|p1a: Krookodile|Krookodile, M|100/100|[from] Flip Turn
|-ability|p1a: Krookodile|Intimidate|boost
|-unboost|p2a: Iron Crown|atk|1
|
|upkeep
|turn|10
|
|t:|1760803932
|move|p2a: Iron Crown|Tachyon Cutter|p1a: Krookodile
|-crit|p1a: Krookodile
|-damage|p1a: Krookodile|0 fnt
|faint|p1a: Krookodile
|-hitcount|p1: Krookodile|1
|
|upkeep
|-message|eros maniac forfeited.
|
|win|Chococroc
|raw|eros maniac's rating: 1888 &rarr; <strong>1870</strong><br />(-18 for losing)
|raw|Chococroc's rating: 1929 &rarr; <strong>1947</strong><br />(+18 for winning)
|l|☆eros maniac
|player|p1|
|l|☆Chococroc
|player|p2|
|l| No_Safe_Prayer
