|j|☆24iomxx
|j|☆3lit
|t:|1760858206
|gametype|singles
|player|p1|24iomxx|hilbert-masters|1060
|player|p2|3lit|169|1136
|gen|9
|tier|[Gen 9] OU
|rated|
|rule|HP Percentage Mod: HP is shown in percentages
|rule|Endless Battle Clause: Forcing endless battles is banned
|rule|Species Clause: Limit one of each Pokémon
|rule|OHKO Clause: OHKO moves are banned
|rule|Evasion Items Clause: Evasion items are banned
|rule|Evasion Moves Clause: Evasion moves are banned
|rule|Evasion Abilities Clause: Evasion abilities are banned
|rule|Sleep Moves Clause: Sleep-inducing moves are banned
|clearpoke
|poke|p1|Hydreigon, M|
|poke|p1|Excadrill, M|
|poke|p1|Galvantula, F|
|poke|p1|Chandelure, F|
|poke|p1|Amoonguss, F|
|poke|p1|Braviary, M|
|poke|p2|Tinkaton, F|
|poke|p2|Slowking-Galar, M|
|poke|p2|Ogerpon-Wellspring, F|
|poke|p2|Great Tusk|
|poke|p2|Landorus-Therian, M|
|poke|p2|Raging Bolt|
|teampreview
|inactive|Battle timer is ON: inactive players will automatically lose when time's up. (requested by 3lit)
|
|t:|1760858214
|teamsize|p1|6
|teamsize|p2|6
|start
|switch|p1a: Galvantula|Galvantula, F|100/100
|switch|p2a: Tinkaton|Tinkaton, F, shiny|100/100
|-ability|p2a: Tinkaton|Mold Breaker
|turn|1
|
|t:|1760858219
|move|p1a: Galvantula|Thunder Wave|p2a: Tinkaton
|-status|p2a: Tinkaton|par
|move|p2a: Tinkaton|Stealth Rock|p1a: Galvantula
|-sidestart|p1: 24iomxx|move: Stealth Rock
|
|upkeep
|turn|2
|
|t:|1760858224
|move|p1a: Galvantula|Sticky Web|p2a: Tinkaton
|-sidestart|p2: 3lit|move: Sticky Web
|cant|p2a: Tinkaton|par
|
|upkeep
|turn|3
|
|t:|1760858233
|switch|p1a: Chandelure|Chandelure, F|100/100
|-damage|p1a: Chandelure|76/100|[from] Stealth Rock
|move|p2a: Tinkaton|Knock Off|p1a: Chandelure
|-supereffective|p1a: Chandelure
|-damage|p1a: Chandelure|29/100
|-enditem|p1a: Chandelure|Choice Scarf|[from] move: Knock Off|[of] p2a: Tinkaton
|
|upkeep
|turn|4
|
|t:|1760858246
|move|p1a: Chandelure|Fire Blast|p2a: Tinkaton
|-supereffective|p2a: Tinkaton
|-damage|p2a: Tinkaton|0 fnt
|faint|p2a: Tinkaton
|
|upkeep
|
|t:|1760858250
|switch|p2a: Tusker|Great Tusk|100/100
|turn|5
|
|t:|1760858254
|move|p2a: Tusker|Rapid Spin|p1a: Chandelure
|-immune|p1a: Chandelure
|move|p1a: Chandelure|Fire Blast|p2a: Tusker
|-damage|p2a: Tusker|4/100
|
|upkeep
|turn|6
|
|t:|1760858259
|move|p2a: Tusker|Knock Off|p1a: Chandelure
|-supereffective|p1a: Chandelure
|-damage|p1a: Chandelure|0 fnt
|faint|p1a: Chandelure
|
|upkeep
|
|t:|1760858265
|switch|p1a: Excadrill|Excadrill, M|100/100
|-damage|p1a: Excadrill|97/100|[from] Stealth Rock
|-ability|p1a: Excadrill|Mold Breaker
|-item|p1a: Excadrill|Air Balloon
|turn|7
|
|t:|1760858268
|-end|p2a: Tusker|Protosynthesis|[silent]
|switch|p2a: Lando|Landorus-Therian, M|100/100
|-ability|p2a: Lando|Intimidate|boost
|-unboost|p1a: Excadrill|atk|1
|move|p1a: Excadrill|Rapid Spin|p2a: Lando
|-damage|p2a: Lando|88/100
|-boost|p1a: Excadrill|spe|1
|-sideend|p1: 24iomxx|Stealth Rock|[from] move: Rapid Spin|[of] p1a: Excadrill
|
|-heal|p2a: Lando|94/100|[from] item: Leftovers
|upkeep
|turn|8
|
|t:|1760858272
|switch|p1a: Braviary|Braviary, M|100/100
|move|p2a: Lando|U-turn|p1a: Braviary
|-resisted|p1a: Braviary
|-damage|p1a: Braviary|87/100
|
|t:|1760858276
|switch|p2a: Neck|Raging Bolt|100/100|[from] U-turn
|-activate|p2a: Neck|move: Sticky Web
|-unboost|p2a: Neck|spe|1
|
|upkeep
|turn|9
|
|t:|1760858278
|switch|p1a: Amoonguss|Amoonguss, F|100/100
|move|p2a: Neck|Dragon Pulse|p1a: Amoonguss
|-damage|p1a: Amoonguss|37/100
|
|-heal|p1a: Amoonguss|43/100|[from] item: Leftovers
|upkeep
|turn|10
|
|t:|1760858285
|switch|p1a: Excadrill|Excadrill, M|97/100
|-ability|p1a: Excadrill|Mold Breaker
|-item|p1a: Excadrill|Air Balloon
|move|p2a: Neck|Dragon Pulse|p1a: Excadrill
|-resisted|p1a: Excadrill
|-damage|p1a: Excadrill|54/100
|-enditem|p1a: Excadrill|Air Balloon
|
|upkeep
|turn|11
|
|t:|1760858288
|-end|p2a: Neck|Protosynthesis|[silent]
|switch|p2a: Lando|Landorus-Therian, M|94/100
|-ability|p2a: Lando|Intimidate|boost
|-unboost|p1a: Excadrill|atk|1
|move|p1a: Excadrill|Swords Dance|p1a: Excadrill
|-boost|p1a: Excadrill|atk|2
|
|-heal|p2a: Lando|99/100|[from] item: Leftovers
|upkeep
|turn|12
|
|t:|1760858292
|move|p2a: Lando|Earthquake|p1a: Excadrill
|-supereffective|p1a: Excadrill
|-damage|p1a: Excadrill|0 fnt
|faint|p1a: Excadrill
|
|-heal|p2a: Lando|100/100|[from] item: Leftovers
|upkeep
|
|t:|1760858297
|switch|p1a: Hydreigon|Hydreigon, M|100/100
|turn|13
|
|t:|1760858301
|move|p1a: Hydreigon|Substitute|p1a: Hydreigon
|-start|p1a: Hydreigon|Substitute
|-damage|p1a: Hydreigon|76/100
|move|p2a: Lando|Taunt|p1a: Hydreigon
|-start|p1a: Hydreigon|move: Taunt
|
|-heal|p1a: Hydreigon|82/100|[from] item: Leftovers
|upkeep
|turn|14
|
|t:|1760858307
|move|p1a: Hydreigon|Draco Meteor|p2a: Lando|[miss]
|-miss|p1a: Hydreigon|p2a: Lando
|move|p2a: Lando|U-turn|p1a: Hydreigon
|-supereffective|p1a: Hydreigon
|-end|p1a: Hydreigon|Substitute
|
|t:|1760858317
|switch|p2a: Neck|Raging Bolt|100/100|[from] U-turn
|-activate|p2a: Neck|move: Sticky Web
|-unboost|p2a: Neck|spe|1
|
|-heal|p1a: Hydreigon|88/100|[from] item: Leftovers
|upkeep
|turn|15
|
|t:|1760858323
|-terastallize|p2a: Neck|Fairy
|move|p1a: Hydreigon|Draco Meteor|p2a: Neck
|-immune|p2a: Neck
|move|p2a: Neck|Dragon Pulse|p1a: Hydreigon
|-supereffective|p1a: Hydreigon
|-damage|p1a: Hydreigon|0 fnt
|faint|p1a: Hydreigon
|
|upkeep
|
|t:|1760858326
|switch|p1a: Amoonguss|Amoonguss, F|76/100
|turn|16
|
|t:|1760858332
|-end|p2a: Neck|Protosynthesis|[silent]
|switch|p2a: Gloking|Slowking-Galar, M, shiny|100/100
|-activate|p2a: Gloking|move: Sticky Web
|-unboost|p2a: Gloking|spe|1
|move|p1a: Amoonguss|Sludge Bomb|p2a: Gloking
|-resisted|p2a: Gloking
|-damage|p2a: Gloking|94/100
|
|-heal|p1a: Amoonguss|82/100|[from] item: Leftovers
|upkeep
|turn|17
|
|t:|1760858337
|move|p1a: Amoonguss|Stun Spore|p2a: Gloking
|-status|p2a: Gloking|par
|move|p2a: Gloking|Future Sight|p1a: Amoonguss
|-start|p2a: Gloking|move: Future Sight
|
|-heal|p1a: Amoonguss|88/100|[from] item: Leftovers
|upkeep
|turn|18
|
|t:|1760858342
|switch|p1a: Galvantula|Galvantula, F|100/100
|move|p2a: Gloking|Flamethrower|p1a: Galvantula
|-supereffective|p1a: Galvantula
|-damage|p1a: Galvantula|4/100
|-status|p1a: Galvantula|brn
|
|-damage|p1a: Galvantula|0 fnt|[from] brn
|faint|p1a: Galvantula
|upkeep
|-message|24iomxx forfeited.
|
|win|3lit
|raw|24iomxx's rating: 1060 &rarr; <strong>1045</strong><br />(-15 for losing)
|raw|3lit's rating: 1136 &rarr; <strong>1156</strong><br />(+20 for winning)
|l|☆24iomxx
|player|p1|
|l|☆3lit
|player|p2|
