|j|☆WeRrsome
|j|☆gigantegab
|t:|1760881563
|gametype|singles
|player|p1|WeRrsome|169|1326
|player|p2|gigantegab|roxie|1299
|gen|9
|tier|[Gen 9] OU
|rated|
|rule|HP Percentage Mod: HP is shown in percentages
|rule|Endless Battle Clause: Forcing endless battles is banned
|rule|Species Clause: Limit one of each Pokémon
|rule|OHKO Clause: OHKO moves are banned
|rule|Evasion Items Clause: Evasion items are banned
|rule|Evasion Moves Clause: Evasion moves are banned
|rule|Evasion Abilities Clause: Evasion abilities are banned
|rule|Sleep Moves Clause: Sleep-inducing moves are banned
|clearpoke
|poke|p1|Araquanid, M|
|poke|p1|Dragonite, M|
|poke|p1|Forretress, M|
|poke|p1|Iron Treads|
|poke|p1|Enamorus, F|
|poke|p1|Zamazenta-*|
|poke|p2|Sneasel-Hisui, M|
|poke|p2|Ribombee, M|
|poke|p2|Iron Crown|
|poke|p2|Dragapult, M|
|poke|p2|Great Tusk|
|poke|p2|Primarina, M|
|teampreview
|inactive|Battle timer is ON: inactive players will automatically lose when time's up. (requested by gigantegab)
|
|t:|1760881585
|teamsize|p1|6
|teamsize|p2|6
|start
|switch|p1a: Araquanid|Araquanid, M|100/100
|switch|p2a: Iron Crown|Iron Crown|100/100
|-enditem|p2a: Iron Crown|Booster Energy
|-activate|p2a: Iron Crown|ability: Quark Drive|[fromitem]
|-start|p2a: Iron Crown|quarkdrivespa
|turn|1
|
|t:|1760881590
|switch|p1a: Iron Treads|Iron Treads|100/100
|move|p2a: Iron Crown|Psychic Noise|p1a: Iron Treads
|-resisted|p1a: Iron Treads
|-damage|p1a: Iron Treads|86/100
|-start|p1a: Iron Treads|move: Heal Block
|
|upkeep
|turn|2
|c|☆gigantegab|oops misclick
|
|t:|1760881606
|-end|p2a: Iron Crown|Quark Drive|[silent]
|switch|p2a: Ribombee|Ribombee, M|100/100
|move|p1a: Iron Treads|Earthquake|p2a: Ribombee
|-resisted|p2a: Ribombee
|-damage|p2a: Ribombee|62/100
|
|-end|p1a: Iron Treads|move: Heal Block
|upkeep
|turn|3
|
|t:|1760881612
|move|p2a: Ribombee|Sticky Web|p1a: Iron Treads
|-sidestart|p1: WeRrsome|move: Sticky Web
|move|p1a: Iron Treads|Volt Switch|p2a: Ribombee
|-damage|p2a: Ribombee|44/100
|
|t:|1760881617
|-end|p1a: Iron Treads|Quark Drive|[silent]
|switch|p1a: Araquanid|Araquanid, M|100/100|[from] Volt Switch
|
|upkeep
|turn|4
|
|t:|1760881624
|move|p2a: Ribombee|Quiver Dance|p2a: Ribombee
|-boost|p2a: Ribombee|spa|1
|-boost|p2a: Ribombee|spd|1
|-boost|p2a: Ribombee|spe|1
|move|p1a: Araquanid|Sticky Web|p2a: Ribombee
|-sidestart|p2: gigantegab|move: Sticky Web
|
|upkeep
|turn|5
|
|t:|1760881630
|move|p2a: Ribombee|Moonblast|p1a: Araquanid
|-damage|p1a: Araquanid|56/100
|move|p1a: Araquanid|Liquidation|p2a: Ribombee
|-damage|p2a: Ribombee|0 fnt
|faint|p2a: Ribombee
|
|upkeep
|
|t:|1760881639
|switch|p2a: Great Tusk|Great Tusk|100/100
|-activate|p2a: Great Tusk|move: Sticky Web
|-unboost|p2a: Great Tusk|spe|1
|turn|6
|
|t:|1760881643
|move|p2a: Great Tusk|Rapid Spin|p1a: Araquanid
|-damage|p1a: Araquanid|31/100
|-boost|p2a: Great Tusk|spe|1
|-sideend|p2: gigantegab|Sticky Web|[from] move: Rapid Spin|[of] p2a: Great Tusk
|-damage|p2a: Great Tusk|91/100|[from] item: Life Orb
|move|p1a: Araquanid|Liquidation|p2a: Great Tusk
|-supereffective|p2a: Great Tusk
|-damage|p2a: Great Tusk|0 fnt
|faint|p2a: Great Tusk
|-end|p2a: Great Tusk|Protosynthesis|[silent]
|
|upkeep
|
|t:|1760881659
|switch|p2a: Sneasel|Sneasel-Hisui, M|100/100
|turn|7
|inactive|gigantegab has 120 seconds left.
|
|t:|1760881702
|switch|p1a: Dragonite|Dragonite, M|100/100
|move|p2a: Sneasel|Swords Dance|p2a: Sneasel
|-boost|p2a: Sneasel|atk|2
|
|upkeep
|turn|8
|
|t:|1760881718
|move|p2a: Sneasel|Gunk Shot|p1a: Dragonite
|-damage|p1a: Dragonite|69/100
|-status|p1a: Dragonite|psn
|move|p1a: Dragonite|Thunder Wave|p2a: Sneasel
|-status|p2a: Sneasel|par
|
|-damage|p1a: Dragonite|57/100 psn|[from] psn
|upkeep
|turn|9
|
|t:|1760881727
|move|p2a: Sneasel|Shadow Claw|p1a: Dragonite
|-damage|p1a: Dragonite|32/100 psn
|-damage|p2a: Sneasel|84/100 par|[from] item: Rocky Helmet|[of] p1a: Dragonite
|move|p1a: Dragonite|Dragon Tail|p2a: Sneasel
|-damage|p2a: Sneasel|48/100 par
|drag|p2a: Dragapult|Dragapult, M|100/100
|
|-damage|p1a: Dragonite|20/100 psn|[from] psn
|upkeep
|turn|10
|
|t:|1760881738
|move|p2a: Dragapult|Phantom Force||[still]
|-prepare|p2a: Dragapult|Phantom Force
|move|p1a: Dragonite|Thunder Wave|p2a: Dragapult|[miss]
|-miss|p1a: Dragonite|p2a: Dragapult
|
|-damage|p1a: Dragonite|7/100 psn|[from] psn
|upkeep
|turn|11
|
|t:|1760881744
|move|p2a: Dragapult|Phantom Force|p1a: Dragonite|[from] lockedmove
|-damage|p1a: Dragonite|0 fnt
|-damage|p2a: Dragapult|84/100|[from] item: Rocky Helmet|[of] p1a: Dragonite
|faint|p1a: Dragonite
|
|upkeep
|
|t:|1760881754
|switch|p1a: Iron Treads|Iron Treads|86/100
|-activate|p1a: Iron Treads|move: Sticky Web
|-unboost|p1a: Iron Treads|spe|1
|turn|12
|inactive|gigantegab has 120 seconds left.
|
|t:|1760881764
|switch|p2a: Primarina|Primarina, M, shiny|100/100
|move|p1a: Iron Treads|Knock Off|p2a: Primarina
|-resisted|p2a: Primarina
|-damage|p2a: Primarina|84/100
|-enditem|p2a: Primarina|Assault Vest|[from] move: Knock Off|[of] p1a: Iron Treads
|
|upkeep
|turn|13
|
|t:|1760881772
|move|p2a: Primarina|Psychic Noise|p1a: Iron Treads
|-supereffective|p1a: Iron Treads
|-crit|p1a: Iron Treads
|-damage|p1a: Iron Treads|23/100
|-start|p1a: Iron Treads|move: Heal Block
|move|p1a: Iron Treads|Rapid Spin|p2a: Primarina
|-damage|p2a: Primarina|66/100
|-boost|p1a: Iron Treads|spe|1
|-sideend|p1: WeRrsome|Sticky Web|[from] move: Rapid Spin|[of] p1a: Iron Treads
|
|upkeep
|turn|14
|
|t:|1760881782
|move|p1a: Iron Treads|Volt Switch|p2a: Primarina
|-supereffective|p2a: Primarina
|-damage|p2a: Primarina|44/100
|
|t:|1760881788
|-end|p1a: Iron Treads|Quark Drive|[silent]
|switch|p1a: Araquanid|Araquanid, M|31/100|[from] Volt Switch
|move|p2a: Primarina|Psychic Noise|p1a: Araquanid
|-resisted|p1a: Araquanid
|-damage|p1a: Araquanid|16/100
|-start|p1a: Araquanid|move: Heal Block
|
|upkeep
|turn|15
|
|t:|1760881795
|move|p2a: Primarina|Energy Ball|p1a: Araquanid
|-damage|p1a: Araquanid|0 fnt
|faint|p1a: Araquanid
|
|upkeep
|
|t:|1760881802
|switch|p1a: Enamorus|Enamorus, F|100/100
|turn|16
|
|t:|1760881806
|move|p1a: Enamorus|Moonblast|p2a: Primarina
|-damage|p2a: Primarina|0 fnt
|faint|p2a: Primarina
|
|upkeep
|
|t:|1760881810
|switch|p2a: Iron Crown|Iron Crown|100/100
|turn|17
|
|t:|1760881820
|switch|p1a: Iron Treads|Iron Treads|23/100
|move|p2a: Iron Crown|Tachyon Cutter|p1a: Iron Treads
|-resisted|p1a: Iron Treads
|-damage|p1a: Iron Treads|16/100
|-resisted|p1a: Iron Treads
|-damage|p1a: Iron Treads|8/100
|-hitcount|p1a: Iron Treads|2
|
|upkeep
|turn|18
|
|t:|1760881825
|move|p2a: Iron Crown|Tachyon Cutter|p1a: Iron Treads
|-resisted|p1a: Iron Treads
|-damage|p1a: Iron Treads|1/100
|-resisted|p1a: Iron Treads
|-damage|p1a: Iron Treads|0 fnt
|faint|p1a: Iron Treads
|-end|p1a: Iron Treads|Quark Drive|[silent]
|-hitcount|p1: Iron Treads|2
|
|upkeep
|
|t:|1760881828
|switch|p1a: Forretress|Forretress, M|100/100
|turn|19
|
|t:|1760881833
|move|p2a: Iron Crown|Volt Switch|p1a: Forretress
|-damage|p1a: Forretress|61/100
|
|t:|1760881837
|-end|p2a: Iron Crown|Quark Drive|[silent]
|switch|p2a: Sneasel|Sneasel-Hisui, M|48/100 par|[from] Volt Switch
|move|p1a: Forretress|Thunder Wave|p2a: Sneasel
|-fail|p2a: Sneasel|par
|
|-heal|p1a: Forretress|67/100|[from] item: Leftovers
|upkeep
|turn|20
|
|t:|1760881846
|move|p2a: Sneasel|Gunk Shot|p1a: Forretress
|-immune|p1a: Forretress
|move|p1a: Forretress|Stealth Rock|p2a: Sneasel
|-sidestart|p2: gigantegab|move: Stealth Rock
|
|-heal|p1a: Forretress|73/100|[from] item: Leftovers
|upkeep
|turn|21
|
|t:|1760881851
|cant|p2a: Sneasel|par
|move|p1a: Forretress|Volt Switch|p2a: Sneasel
|-damage|p2a: Sneasel|36/100 par
|
|t:|1760881854
|switch|p1a: Enamorus|Enamorus, F|100/100|[from] Volt Switch
|
|upkeep
|turn|22
|
|t:|1760881863
|move|p1a: Enamorus|Earth Power|p2a: Sneasel
|-supereffective|p2a: Sneasel
|-damage|p2a: Sneasel|0 fnt
|faint|p2a: Sneasel
|
|upkeep
|
|t:|1760881868
|switch|p2a: Iron Crown|Iron Crown|100/100
|-damage|p2a: Iron Crown|94/100|[from] Stealth Rock
|turn|23
|
|t:|1760881876
|move|p1a: Enamorus|Earth Power|p2a: Iron Crown
|-supereffective|p2a: Iron Crown
|-damage|p2a: Iron Crown|2/100
|move|p2a: Iron Crown|Tachyon Cutter|p1a: Enamorus
|-supereffective|p1a: Enamorus
|-damage|p1a: Enamorus|8/100
|-supereffective|p1a: Enamorus
|-damage|p1a: Enamorus|0 fnt
|faint|p1a: Enamorus
|-hitcount|p1: Enamorus|2
|
|upkeep
|
|t:|1760881879
|switch|p1a: Forretress|Forretress, M|73/100
|turn|24
|
|t:|1760881888
|-terastallize|p2a: Iron Crown|Flying
|move|p2a: Iron Crown|Tera Blast|p1a: Forretress|[anim] Tera Blast Flying
|-damage|p1a: Forretress|14/100
|move|p1a: Forretress|Volt Switch|p2a: Iron Crown
|-supereffective|p2a: Iron Crown
|-damage|p2a: Iron Crown|0 fnt
|faint|p2a: Iron Crown
|-end|p2a: Iron Crown|Quark Drive|[silent]
|
|t:|1760881894
|switch|p1a: Zamazenta|Zamazenta|100/100|[from] Volt Switch
|-ability|p1a: Zamazenta|Dauntless Shield|boost
|-boost|p1a: Zamazenta|def|1
|
|upkeep
|
|t:|1760881898
|switch|p2a: Dragapult|Dragapult, M|84/100
|-damage|p2a: Dragapult|72/100|[from] Stealth Rock
|turn|25
|
|t:|1760881906
|move|p2a: Dragapult|Phantom Force||[still]
|-prepare|p2a: Dragapult|Phantom Force
|move|p1a: Zamazenta|Iron Defense|p1a: Zamazenta
|-boost|p1a: Zamazenta|def|2
|
|upkeep
|turn|26
|
|t:|1760881915
|move|p2a: Dragapult|Phantom Force|p1a: Zamazenta|[from] lockedmove
|-damage|p1a: Zamazenta|82/100
|move|p1a: Zamazenta|Iron Defense|p1a: Zamazenta
|-boost|p1a: Zamazenta|def|2
|
|-heal|p1a: Zamazenta|88/100|[from] item: Leftovers
|upkeep
|turn|27
|
|t:|1760881920
|move|p2a: Dragapult|Phantom Force||[still]
|-prepare|p2a: Dragapult|Phantom Force
|move|p1a: Zamazenta|Substitute|p1a: Zamazenta
|-start|p1a: Zamazenta|Substitute
|-damage|p1a: Zamazenta|64/100
|
|-heal|p1a: Zamazenta|70/100|[from] item: Leftovers
|upkeep
|turn|28
|
|t:|1760881923
|move|p2a: Dragapult|Phantom Force|p1a: Zamazenta|[from] lockedmove
|-activate|p1a: Zamazenta|move: Substitute|[damage]
|move|p1a: Zamazenta|Crunch|p2a: Dragapult
|-supereffective|p2a: Dragapult
|-damage|p2a: Dragapult|16/100
|
|-heal|p1a: Zamazenta|76/100|[from] item: Leftovers
|upkeep
|turn|29
|
|t:|1760881927
|move|p2a: Dragapult|Phantom Force||[still]
|-prepare|p2a: Dragapult|Phantom Force
|move|p1a: Zamazenta|Crunch|p2a: Dragapult|[miss]
|-miss|p1a: Zamazenta|p2a: Dragapult
|
|-heal|p1a: Zamazenta|82/100|[from] item: Leftovers
|upkeep
|turn|30
|
|t:|1760881931
|move|p2a: Dragapult|Phantom Force|p1a: Zamazenta|[from] lockedmove
|-end|p1a: Zamazenta|Substitute
|move|p1a: Zamazenta|Crunch|p2a: Dragapult
|-supereffective|p2a: Dragapult
|-damage|p2a: Dragapult|0 fnt
|faint|p2a: Dragapult
|
|win|WeRrsome
|raw|WeRrsome's rating: 1326 &rarr; <strong>1344</strong><br />(+18 for winning)
|raw|gigantegab's rating: 1299 &rarr; <strong>1276</strong><br />(-23 for losing)
|l|☆WeRrsome
|player|p1|
|l|☆gigantegab
|player|p2|
