|j|☆chandman
|j|☆Barboteu85
|t:|1760756313
|gametype|singles
|player|p1|chandman|benga|1154
|player|p2|Barboteu85|pryce|1162
|gen|9
|tier|[Gen 9] OU
|rated|
|rule|HP Percentage Mod: HP is shown in percentages
|rule|Endless Battle Clause: Forcing endless battles is banned
|rule|Species Clause: Limit one of each Pokémon
|rule|OHKO Clause: OHKO moves are banned
|rule|Evasion Items Clause: Evasion items are banned
|rule|Evasion Moves Clause: Evasion moves are banned
|rule|Evasion Abilities Clause: Evasion abilities are banned
|rule|Sleep Moves Clause: Sleep-inducing moves are banned
|clearpoke
|poke|p1|Raging Bolt|
|poke|p1|Serperior, F|
|poke|p1|Torkoal, M|
|poke|p1|Skeledirge, F|
|poke|p1|Great Tusk|
|poke|p1|Metagross|
|poke|p2|Salazzle, F|
|poke|p2|Whimsicott, M|
|poke|p2|Persian-Alola, M|
|poke|p2|Reuniclus, F|
|poke|p2|Conkeldurr, F|
|poke|p2|Cinderace, M|
|teampreview
|inactive|Battle timer is ON: inactive players will automatically lose when time's up. (requested by chandman)
|
|t:|1760756318
|teamsize|p1|6
|teamsize|p2|6
|start
|switch|p1a: Torkoal|Torkoal, M, shiny|100/100
|switch|p2a: Whimsicott|Whimsicott, M|100/100
|-weather|SunnyDay|[from] ability: Drought|[of] p1a: Torkoal
|turn|1
|
|t:|1760756333
|move|p2a: Whimsicott|Substitute|p2a: Whimsicott
|-start|p2a: Whimsicott|Substitute
|-damage|p2a: Whimsicott|76/100
|move|p1a: Torkoal|Lava Plume|p2a: Whimsicott
|-supereffective|p2a: Whimsicott
|-end|p2a: Whimsicott|Substitute
|
|-weather|SunnyDay|[upkeep]
|upkeep
|turn|2
|inactive|Barboteu85 has 120 seconds left.
|
|t:|1760756371
|switch|p2a: Salazzle|Salazzle, F|100/100
|move|p1a: Torkoal|Lava Plume|p2a: Salazzle
|-resisted|p2a: Salazzle
|-damage|p2a: Salazzle|75/100
|
|-weather|SunnyDay|[upkeep]
|-heal|p2a: Salazzle|81/100|[from] item: Black Sludge
|upkeep
|turn|3
|inactive|Barboteu85 has 120 seconds left.
|
|t:|1760756386
|move|p2a: Salazzle|Substitute|p2a: Salazzle
|-start|p2a: Salazzle|Substitute
|-damage|p2a: Salazzle|56/100
|move|p1a: Torkoal|Stealth Rock|p2a: Salazzle
|-sidestart|p2: Barboteu85|move: Stealth Rock
|
|-weather|SunnyDay|[upkeep]
|-heal|p2a: Salazzle|62/100|[from] item: Black Sludge
|upkeep
|turn|4
|
|t:|1760756394
|move|p2a: Salazzle|Toxic|p1a: Torkoal
|-status|p1a: Torkoal|tox
|move|p1a: Torkoal|Lava Plume|p2a: Salazzle
|-resisted|p2a: Salazzle
|-end|p2a: Salazzle|Substitute
|
|-weather|SunnyDay|[upkeep]
|-heal|p2a: Salazzle|69/100|[from] item: Black Sludge
|-damage|p1a: Torkoal|94/100 tox|[from] psn
|upkeep
|turn|5
|
|t:|1760756403
|switch|p1a: Skeledirge|Skeledirge, F, shiny|100/100
|move|p2a: Salazzle|Protect||[still]
|-fail|p2a: Salazzle
|
|-weather|SunnyDay|[upkeep]
|-heal|p2a: Salazzle|75/100|[from] item: Black Sludge
|upkeep
|turn|6
|inactive|Barboteu85 has 120 seconds left.
|
|t:|1760756424
|move|p2a: Salazzle|Substitute|p2a: Salazzle
|-start|p2a: Salazzle|Substitute
|-damage|p2a: Salazzle|50/100
|move|p1a: Skeledirge|Torch Song|p2a: Salazzle
|-resisted|p2a: Salazzle
|-damage|p2a: Salazzle|11/100
|-boost|p1a: Skeledirge|spa|1
|
|-weather|SunnyDay|[upkeep]
|-heal|p2a: Salazzle|18/100|[from] item: Black Sludge
|upkeep
|turn|7
|inactive|Barboteu85 has 120 seconds left.
|
|t:|1760756435
|move|p2a: Salazzle|Toxic|p1a: Skeledirge
|-status|p1a: Skeledirge|tox
|move|p1a: Skeledirge|Torch Song|p2a: Salazzle
|-resisted|p2a: Salazzle
|-damage|p2a: Salazzle|0 fnt
|-boost|p1a: Skeledirge|spa|1
|faint|p2a: Salazzle
|
|-weather|SunnyDay|[upkeep]
|-damage|p1a: Skeledirge|94/100 tox|[from] psn
|upkeep
|inactive|Barboteu85 has 120 seconds left.
|c|☆chandman|what is ur plan
|inactive|Barboteu85 has 90 seconds left.
|c|☆chandman|...
|
|t:|1760756476
|switch|p2a: Cinderace|Cinderace, M|100/100
|turn|8
|
|t:|1760756481
|move|p2a: Cinderace|Court Change|p2a: Cinderace
|-start|p2a: Cinderace|typechange|Normal|[from] ability: Libero
|-swapsideconditions
|-activate|p2a: Cinderace|move: Court Change
|move|p1a: Skeledirge|Torch Song|p2a: Cinderace
|-damage|p2a: Cinderace|0 fnt
|-boost|p1a: Skeledirge|spa|1
|faint|p2a: Cinderace
|
|-weather|none
|-damage|p1a: Skeledirge|82/100 tox|[from] psn
|upkeep
|inactive|Barboteu85 has 90 seconds left.
|
|t:|1760756503
|switch|p2a: Whimsicott|Whimsicott, M|76/100
|turn|9
|
|t:|1760756508
|move|p2a: Whimsicott|Leech Seed|p1a: Skeledirge
|-start|p1a: Skeledirge|move: Leech Seed
|move|p1a: Skeledirge|Torch Song|p2a: Whimsicott
|-supereffective|p2a: Whimsicott
|-damage|p2a: Whimsicott|0 fnt
|-boost|p1a: Skeledirge|spa|1
|faint|p2a: Whimsicott
|
|-damage|p1a: Skeledirge|64/100 tox|[from] psn
|upkeep
|inactive|Barboteu85 has 90 seconds left.
|
|t:|1760756523
|switch|p2a: Persian|Persian-Alola, M|100/100
|turn|10
|inactive|Barboteu85 has 90 seconds left.
|
|t:|1760756532
|move|p2a: Persian|Foul Play|p1a: Skeledirge
|-supereffective|p1a: Skeledirge
|-damage|p1a: Skeledirge|39/100 tox
|move|p1a: Skeledirge|Alluring Voice|p2a: Persian
|-supereffective|p2a: Persian
|-damage|p2a: Persian|0 fnt
|faint|p2a: Persian
|
|-damage|p1a: Skeledirge|15/100 tox|[from] psn
|upkeep
|inactive|Barboteu85 has 90 seconds left.
|
|t:|1760756542
|switch|p2a: Conkeldurr|Conkeldurr, F|100/100
|turn|11
|
|t:|1760756549
|move|p2a: Conkeldurr|Drain Punch|p1a: Skeledirge
|-immune|p1a: Skeledirge
|move|p1a: Skeledirge|Slack Off|p1a: Skeledirge
|-heal|p1a: Skeledirge|65/100 tox
|
|-damage|p1a: Skeledirge|53/100 tox|[from] Leech Seed|[of] p2a: Conkeldurr
|-damage|p1a: Skeledirge|22/100 tox|[from] psn
|-status|p2a: Conkeldurr|brn|[from] item: Flame Orb
|upkeep
|turn|12
|
|t:|1760756558
|move|p2a: Conkeldurr|Knock Off|p1a: Skeledirge
|-supereffective|p1a: Skeledirge
|-damage|p1a: Skeledirge|0 fnt
|-enditem|p1a: Skeledirge|Heavy-Duty Boots|[from] move: Knock Off|[of] p2a: Conkeldurr
|faint|p1a: Skeledirge
|
|-damage|p2a: Conkeldurr|95/100 brn|[from] brn
|upkeep
|
|t:|1760756564
|switch|p1a: Torkoal|Torkoal, M, shiny|94/100 tox
|-damage|p1a: Torkoal|70/100 tox|[from] Stealth Rock
|-weather|SunnyDay|[from] ability: Drought|[of] p1a: Torkoal
|turn|13
|
|t:|1760756570
|move|p2a: Conkeldurr|Bulk Up|p2a: Conkeldurr
|-boost|p2a: Conkeldurr|atk|1
|-boost|p2a: Conkeldurr|def|1
|move|p1a: Torkoal|Rapid Spin|p2a: Conkeldurr
|-crit|p2a: Conkeldurr
|-damage|p2a: Conkeldurr|80/100 brn
|-boost|p1a: Torkoal|spe|1
|-sideend|p1: chandman|Stealth Rock|[from] move: Rapid Spin|[of] p1a: Torkoal
|
|-weather|SunnyDay|[upkeep]
|-damage|p1a: Torkoal|63/100 tox|[from] psn
|-damage|p2a: Conkeldurr|74/100 brn|[from] brn
|upkeep
|turn|14
|
|t:|1760756583
|move|p2a: Conkeldurr|Bulk Up|p2a: Conkeldurr
|-boost|p2a: Conkeldurr|atk|1
|-boost|p2a: Conkeldurr|def|1
|move|p1a: Torkoal|Lava Plume|p2a: Conkeldurr
|-damage|p2a: Conkeldurr|28/100 brn
|
|-weather|SunnyDay|[upkeep]
|-damage|p1a: Torkoal|51/100 tox|[from] psn
|-damage|p2a: Conkeldurr|22/100 brn|[from] brn
|upkeep
|turn|15
|
|t:|1760756593
|move|p2a: Conkeldurr|Drain Punch|p1a: Torkoal
|-damage|p1a: Torkoal|0 fnt
|-heal|p2a: Conkeldurr|47/100 brn|[from] drain|[of] p1a: Torkoal
|faint|p1a: Torkoal
|
|-weather|SunnyDay|[upkeep]
|-damage|p2a: Conkeldurr|41/100 brn|[from] brn
|upkeep
|
|t:|1760756595
|switch|p1a: Serperior|Serperior, F, shiny|100/100
|turn|16
|
|t:|1760756601
|move|p1a: Serperior|Leaf Storm|p2a: Conkeldurr
|-damage|p2a: Conkeldurr|0 fnt
|-boost|p1a: Serperior|spa|2
|faint|p2a: Conkeldurr
|
|-weather|SunnyDay|[upkeep]
|upkeep
|
|t:|1760756607
|switch|p2a: Reuniclus|Reuniclus, F|100/100
|turn|17
|
|t:|1760756612
|move|p1a: Serperior|Leaf Storm|p2a: Reuniclus
|-damage|p2a: Reuniclus|16/100
|-boost|p1a: Serperior|spa|2
|move|p2a: Reuniclus|Psyshock|p1a: Serperior
|-damage|p1a: Serperior|64/100
|
|-weather|SunnyDay|[upkeep]
|-heal|p2a: Reuniclus|22/100|[from] item: Leftovers
|upkeep
|turn|18
|
|t:|1760756622
|move|p1a: Serperior|Leaf Storm|p2a: Reuniclus
|-damage|p2a: Reuniclus|0 fnt
|-boost|p1a: Serperior|spa|2
|faint|p2a: Reuniclus
|
|win|chandman
|raw|chandman's rating: 1154 &rarr; <strong>1180</strong><br />(+26 for winning)
|raw|Barboteu85's rating: 1162 &rarr; <strong>1136</strong><br />(-26 for losing)
|c|☆chandman|poop
|l|☆Barboteu85
|player|p2|
|l|☆chandman
|player|p1|
