|j|☆Fairy's Paladin
|j|☆OryTheCharisker
|t:|1760765829
|gametype|singles
|player|p1|Fairy's Paladin|n-masters|1135
|player|p2|OryTheCharisker|102|1112
|gen|9
|tier|[Gen 9] OU
|rated|
|rule|HP Percentage Mod: HP is shown in percentages
|rule|Endless Battle Clause: Forcing endless battles is banned
|rule|Species Clause: Limit one of each Pokémon
|rule|OHKO Clause: OHKO moves are banned
|rule|Evasion Items Clause: Evasion items are banned
|rule|Evasion Moves Clause: Evasion moves are banned
|rule|Evasion Abilities Clause: Evasion abilities are banned
|rule|Sleep Moves Clause: Sleep-inducing moves are banned
|clearpoke
|poke|p1|Walking Wake|
|poke|p1|Iron Crown|
|poke|p1|Heatran, F|
|poke|p1|Meowscarada, M|
|poke|p1|Raging Bolt|
|poke|p1|Scizor, M|
|poke|p2|Leafeon, F|
|poke|p2|Flareon, F|
|poke|p2|Espeon, F|
|poke|p2|Vaporeon, F|
|poke|p2|Umbreon, M|
|poke|p2|Jolteon, M|
|teampreview
|c|☆OryTheCharisker|glhf
|c|☆Fairy's Paladin|Gl<33
|
|t:|1760765870
|teamsize|p1|6
|teamsize|p2|6
|start
|switch|p1a: Meowscarada|Meowscarada, M|100/100
|switch|p2a: Adam|Umbreon, M, shiny|100/100
|turn|1
|
|t:|1760765880
|move|p2a: Adam|Protect|p2a: Adam
|-singleturn|p2a: Adam|Protect
|move|p1a: Meowscarada|U-turn|p2a: Adam
|-start|p1a: Meowscarada|typechange|Bug|[from] ability: Protean
|-activate|p2a: Adam|move: Protect
|
|upkeep
|turn|2
|
|t:|1760765892
|move|p1a: Meowscarada|U-turn|p2a: Adam
|-supereffective|p2a: Adam
|-damage|p2a: Adam|23/100
|
|t:|1760765906
|switch|p1a: Scizor|Scizor, M|100/100|[from] U-turn
|move|p2a: Adam|Wish|p2a: Adam
|
|-heal|p2a: Adam|29/100|[from] item: Leftovers
|upkeep
|turn|3
|
|t:|1760765915
|move|p2a: Adam|Foul Play|p1a: Scizor
|-damage|p1a: Scizor|46/100
|move|p1a: Scizor|Swords Dance|p1a: Scizor
|-boost|p1a: Scizor|atk|2
|
|-heal|p2a: Adam|79/100|[from] move: Wish|[wisher] Adam
|-heal|p2a: Adam|85/100|[from] item: Leftovers
|upkeep
|turn|4
|
|t:|1760765926
|switch|p1a: Heatran|Heatran, F|100/100
|move|p2a: Adam|Foul Play|p1a: Heatran
|-damage|p1a: Heatran|73/100
|
|-heal|p1a: Heatran|79/100|[from] item: Leftovers
|-heal|p2a: Adam|91/100|[from] item: Leftovers
|upkeep
|turn|5
|c|☆OryTheCharisker|I'm sorry did I just OUTSPEED something with my umbreon??
|c|☆Fairy's Paladin|yup
|c|☆Fairy's Paladin|!dt umbreon
|c| Fairy's Paladin|/raw <div class="message"><ul class="utilichart"><li class="result"><span class="col numcol">RU</span> <span class="col iconcol"><psicon pokemon="umbreon"/></span> <span class="col pokemonnamecol" style="white-space:nowrap"><a href="https://dex.pokemonshowdown.com/pokemon/umbreon" target="_blank">Umbreon</a></span> <span class="col typecol"><img src="https://play.pokemonshowdown.com/sprites/types/Dark.png" alt="Dark" height="14" width="32"></span> <span style="float:left;min-height:26px"><span class="col abilitycol">Synchronize</span><span class="col abilitycol"><em>Inner Focus</em></span></span><span style="float:left;min-height:26px"><span class="col statcol"><em>HP</em><br />95</span> <span class="col statcol"><em>Atk</em><br />65</span> <span class="col statcol"><em>Def</em><br />110</span> <span class="col statcol"><em>SpA</em><br />60</span> <span class="col statcol"><em>SpD</em><br />130</span> <span class="col statcol"><em>Spe</em><br />65</span> <span class="col bstcol"><em>BST<br />525</em></span> </span></li><li style="clear:both"></li></ul></div>
|c| Fairy's Paladin|/raw <font size="1"><font color="#686868">Dex#:</font> 197&nbsp;|&ThickSpace;<font color="#686868">Gen:</font> 2&nbsp;|&ThickSpace;<font color="#686868">Height:</font> 1 m&nbsp;|&ThickSpace;<font color="#686868">Weight:</font> 27 kg <em>(60 BP)</em>&nbsp;|&ThickSpace;<font color="#686868">Dex Colour:</font> Black&nbsp;|&ThickSpace;<font color="#686868">Egg Group(s):</font> Field&nbsp;|&ThickSpace;<font color="#686868">Pre-Evolution:</font> Eevee&nbsp;|&ThickSpace;<font color="#686868">Does Not Evolve</font></font>

|c|☆Fairy's Paladin|!dt scizor
|c| Fairy's Paladin|/raw <div class="message"><ul class="utilichart"><li class="result"><span class="col numcol">OU</span> <span class="col iconcol"><psicon pokemon="scizor"/></span> <span class="col pokemonnamecol" style="white-space:nowrap"><a href="https://dex.pokemonshowdown.com/pokemon/scizor" target="_blank">Scizor</a></span> <span class="col typecol"><img src="https://play.pokemonshowdown.com/sprites/types/Bug.png" alt="Bug" height="14" width="32"><img src="https://play.pokemonshowdown.com/sprites/types/Steel.png" alt="Steel" height="14" width="32"></span> <span style="float:left;min-height:26px"><span class="col twoabilitycol">Swarm<br />Technician</span><span class="col abilitycol"><em>Light Metal</em></span></span><span style="float:left;min-height:26px"><span class="col statcol"><em>HP</em><br />70</span> <span class="col statcol"><em>Atk</em><br />130</span> <span class="col statcol"><em>Def</em><br />100</span> <span class="col statcol"><em>SpA</em><br />55</span> <span class="col statcol"><em>SpD</em><br />80</span> <span class="col statcol"><em>Spe</em><br />65</span> <span class="col bstcol"><em>BST<br />500</em></span> </span></li><li style="clear:both"></li></ul></div>
|c| Fairy's Paladin|/raw <font size="1"><font color="#686868">Dex#:</font> 212&nbsp;|&ThickSpace;<font color="#686868">Gen:</font> 2&nbsp;|&ThickSpace;<font color="#686868">Height:</font> 1.8 m&nbsp;|&ThickSpace;<font color="#686868">Weight:</font> 118 kg <em>(100 BP)</em>&nbsp;|&ThickSpace;<font color="#686868">Dex Colour:</font> Red&nbsp;|&ThickSpace;<font color="#686868">Egg Group(s):</font> Bug&nbsp;|&ThickSpace;<font color="#686868">Pre-Evolution:</font> Scyther&nbsp;|&ThickSpace;<font color="#686868">Does Not Evolve</font></font>

|c|☆Fairy's Paladin|same speed
|
|t:|1760766016
|switch|p2a: El pescao'|Vaporeon, F, shiny|100/100
|move|p1a: Heatran|Taunt|p2a: El pescao'
|-start|p2a: El pescao'|move: Taunt
|
|-heal|p1a: Heatran|86/100|[from] item: Leftovers
|upkeep
|turn|6
|c|☆Fairy's Paladin|el pescao
|c|☆Fairy's Paladin|increible
|
|t:|1760766054
|move|p1a: Heatran|Stealth Rock|p2a: El pescao'
|-sidestart|p2: OryTheCharisker|move: Stealth Rock
|move|p2a: El pescao'|Scald|p1a: Heatran
|-supereffective|p1a: Heatran
|-damage|p1a: Heatran|29/100
|
|-heal|p1a: Heatran|35/100|[from] item: Leftovers
|upkeep
|turn|7
|
|t:|1760766064
|move|p1a: Heatran|Earth Power|p2a: El pescao'
|-crit|p2a: El pescao'
|-damage|p2a: El pescao'|75/100
|move|p2a: El pescao'|Scald|p1a: Heatran
|-supereffective|p1a: Heatran
|-damage|p1a: Heatran|0 fnt
|faint|p1a: Heatran
|
|-end|p2a: El pescao'|move: Taunt
|upkeep
|
|t:|1760766067
|switch|p1a: Meowscarada|Meowscarada, M|100/100
|turn|8
|
|t:|1760766077
|move|p2a: El pescao'|Protect|p2a: El pescao'
|-singleturn|p2a: El pescao'|Protect
|move|p1a: Meowscarada|Knock Off|p2a: El pescao'
|-start|p1a: Meowscarada|typechange|Dark|[from] ability: Protean
|-activate|p2a: El pescao'|move: Protect
|
|upkeep
|turn|9
|
|t:|1760766094
|move|p1a: Meowscarada|Knock Off|p2a: El pescao'
|-damage|p2a: El pescao'|0 fnt
|-enditem|p2a: El pescao'|Sitrus Berry|[from] move: Knock Off|[of] p1a: Meowscarada
|faint|p2a: El pescao'
|
|upkeep
|
|t:|1760766109
|switch|p2a: Izuku|Leafeon, F, shiny|100/100
|-damage|p2a: Izuku|88/100|[from] Stealth Rock
|turn|10
|
|t:|1760766126
|move|p1a: Meowscarada|Knock Off|p2a: Izuku
|-damage|p2a: Izuku|22/100
|-enditem|p2a: Izuku|Life Orb|[from] move: Knock Off|[of] p1a: Meowscarada
|move|p2a: Izuku|Swords Dance|p2a: Izuku
|-boost|p2a: Izuku|atk|2
|
|upkeep
|turn|11
|
|t:|1760766136
|move|p1a: Meowscarada|Knock Off|p2a: Izuku
|-damage|p2a: Izuku|0 fnt
|faint|p2a: Izuku
|
|upkeep
|
|t:|1760766143
|switch|p2a: La comadreja|Flareon, F|100/100
|-damage|p2a: La comadreja|75/100|[from] Stealth Rock
|turn|12
|
|t:|1760766147
|move|p2a: La comadreja|Protect|p2a: La comadreja
|-singleturn|p2a: La comadreja|Protect
|move|p1a: Meowscarada|Knock Off|p2a: La comadreja
|-activate|p2a: La comadreja|move: Protect
|
|-status|p2a: La comadreja|tox|[from] item: Toxic Orb
|upkeep
|turn|13
|
|t:|1760766153
|-terastallize|p2a: La comadreja|Normal
|move|p2a: La comadreja|Quick Attack|p1a: Meowscarada
|-crit|p1a: Meowscarada
|-damage|p1a: Meowscarada|16/100
|move|p1a: Meowscarada|Knock Off|p2a: La comadreja
|-damage|p2a: La comadreja|0 fnt
|-enditem|p2a: La comadreja|Toxic Orb|[from] move: Knock Off|[of] p1a: Meowscarada
|faint|p2a: La comadreja
|
|upkeep
|
|t:|1760766158
|switch|p2a: Killua|Jolteon, M|100/100
|-damage|p2a: Killua|88/100|[from] Stealth Rock
|turn|14
|
|t:|1760766160
|move|p2a: Killua|Protect|p2a: Killua
|-singleturn|p2a: Killua|Protect
|move|p1a: Meowscarada|Knock Off|p2a: Killua
|-activate|p2a: Killua|move: Protect
|
|-status|p2a: Killua|brn|[from] item: Flame Orb
|upkeep
|turn|15
|
|t:|1760766169
|move|p2a: Killua|Volt Switch|p1a: Meowscarada
|-damage|p1a: Meowscarada|0 fnt
|faint|p1a: Meowscarada
|
|t:|1760766174
|switch|p2a: Adam|Umbreon, M, shiny|91/100|[from] Volt Switch
|-damage|p2a: Adam|79/100|[from] Stealth Rock
|
|-heal|p2a: Adam|85/100|[from] item: Leftovers
|upkeep
|
|t:|1760766185
|switch|p1a: Scizor|Scizor, M|46/100
|turn|16
|
|t:|1760766213
|move|p1a: Scizor|Bullet Punch|p2a: Adam
|-damage|p2a: Adam|43/100
|move|p2a: Adam|Foul Play|p1a: Scizor
|-damage|p1a: Scizor|0 fnt
|faint|p1a: Scizor
|
|-heal|p2a: Adam|49/100|[from] item: Leftovers
|upkeep
|
|t:|1760766230
|switch|p1a: Raging Bolt|Raging Bolt|100/100
|turn|17
|
|t:|1760766245
|move|p1a: Raging Bolt|Thunderbolt|p2a: Adam
|-damage|p2a: Adam|5/100
|move|p2a: Adam|Wish|p2a: Adam
|
|-heal|p2a: Adam|11/100|[from] item: Leftovers
|upkeep
|turn|18
|
|t:|1760766252
|-end|p1a: Raging Bolt|Protosynthesis|[silent]
|switch|p1a: Iron Crown|Iron Crown|100/100
|move|p2a: Adam|Protect||[still]
|-fail|p2a: Adam
|
|-heal|p2a: Adam|61/100|[from] move: Wish|[wisher] Adam
|-heal|p2a: Adam|68/100|[from] item: Leftovers
|upkeep
|turn|19
|
|t:|1760766264
|-terastallize|p1a: Iron Crown|Steel
|move|p1a: Iron Crown|Focus Blast|p2a: Adam|[miss]
|-miss|p1a: Iron Crown|p2a: Adam
|move|p2a: Adam|Foul Play|p1a: Iron Crown
|-damage|p1a: Iron Crown|76/100
|
|-heal|p2a: Adam|74/100|[from] item: Leftovers
|upkeep
|turn|20
|
|t:|1760766269
|move|p2a: Adam|Protect|p2a: Adam
|-singleturn|p2a: Adam|Protect
|move|p1a: Iron Crown|Focus Blast|p2a: Adam
|-activate|p2a: Adam|move: Protect
|
|-heal|p2a: Adam|80/100|[from] item: Leftovers
|upkeep
|turn|21
|
|t:|1760766279
|move|p1a: Iron Crown|Focus Blast|p2a: Adam
|-supereffective|p2a: Adam
|-damage|p2a: Adam|16/100
|move|p2a: Adam|Wish|p2a: Adam
|
|-heal|p2a: Adam|22/100|[from] item: Leftovers
|upkeep
|turn|22
|
|t:|1760766294
|-end|p1a: Iron Crown|Quark Drive|[silent]
|switch|p1a: Raging Bolt|Raging Bolt|100/100
|move|p2a: Adam|Protect||[still]
|-fail|p2a: Adam
|
|-heal|p2a: Adam|72/100|[from] move: Wish|[wisher] Adam
|-heal|p2a: Adam|78/100|[from] item: Leftovers
|upkeep
|turn|23
|
|t:|1760766302
|move|p1a: Raging Bolt|Draco Meteor|p2a: Adam
|-damage|p2a: Adam|18/100
|-unboost|p1a: Raging Bolt|spa|2
|move|p2a: Adam|Toxic|p1a: Raging Bolt
|-status|p1a: Raging Bolt|tox
|
|-heal|p2a: Adam|24/100|[from] item: Leftovers
|-damage|p1a: Raging Bolt|94/100 tox|[from] psn
|upkeep
|turn|24
|
|t:|1760766309
|move|p1a: Raging Bolt|Draco Meteor|p2a: Adam|[miss]
|-miss|p1a: Raging Bolt|p2a: Adam
|move|p2a: Adam|Wish|p2a: Adam
|
|-heal|p2a: Adam|30/100|[from] item: Leftovers
|-damage|p1a: Raging Bolt|82/100 tox|[from] psn
|upkeep
|turn|25
|
|t:|1760766315
|-end|p1a: Raging Bolt|Protosynthesis|[silent]
|switch|p1a: Iron Crown|Iron Crown, tera:Steel|76/100
|move|p2a: Adam|Foul Play|p1a: Iron Crown
|-damage|p1a: Iron Crown|50/100
|
|-heal|p2a: Adam|80/100|[from] move: Wish|[wisher] Adam
|-heal|p2a: Adam|86/100|[from] item: Leftovers
|upkeep
|turn|26
|
|t:|1760766337
|move|p2a: Adam|Protect|p2a: Adam
|-singleturn|p2a: Adam|Protect
|move|p1a: Iron Crown|Focus Blast|p2a: Adam
|-activate|p2a: Adam|move: Protect
|
|-heal|p2a: Adam|92/100|[from] item: Leftovers
|upkeep
|turn|27
|
|t:|1760766357
|move|p1a: Iron Crown|Focus Blast|p2a: Adam
|-supereffective|p2a: Adam
|-damage|p2a: Adam|32/100
|move|p2a: Adam|Wish|p2a: Adam
|
|-heal|p2a: Adam|38/100|[from] item: Leftovers
|upkeep
|turn|28
|
|t:|1760766398
|move|p2a: Adam|Protect|p2a: Adam
|-singleturn|p2a: Adam|Protect
|move|p1a: Iron Crown|Focus Blast|p2a: Adam
|-activate|p2a: Adam|move: Protect
|
|-heal|p2a: Adam|88/100|[from] move: Wish|[wisher] Adam
|-heal|p2a: Adam|94/100|[from] item: Leftovers
|upkeep
|turn|29
|-message|Fairy's Paladin forfeited.
|
|win|OryTheCharisker
|raw|Fairy&apos;s Paladin's rating: 1135 &rarr; <strong>1108</strong><br />(-27 for losing)
|raw|OryTheCharisker's rating: 1112 &rarr; <strong>1139</strong><br />(+27 for winning)
|l|☆Fairy's Paladin
|player|p1|
