|j|☆OrochiZerito
|j|☆qiuqiuchan
|t:|1760861751
|gametype|singles
|player|p1|OrochiZerito|brycenman|1320
|player|p2|qiuqiuchan|169|1384
|gen|9
|tier|[Gen 9] OU
|rated|
|rule|HP Percentage Mod: HP is shown in percentages
|rule|Endless Battle Clause: Forcing endless battles is banned
|rule|Species Clause: Limit one of each Pokémon
|rule|OHKO Clause: OHKO moves are banned
|rule|Evasion Items Clause: Evasion items are banned
|rule|Evasion Moves Clause: Evasion moves are banned
|rule|Evasion Abilities Clause: Evasion abilities are banned
|rule|Sleep Moves Clause: Sleep-inducing moves are banned
|clearpoke
|poke|p1|Hatterene, F|
|poke|p1|Crawdaunt, F|
|poke|p1|Breloom, M|
|poke|p1|Iron Hands|
|poke|p1|Deoxys-Defense|
|poke|p1|Carbink|
|poke|p2|Landorus-Therian, M|
|poke|p2|Zamazenta-*|
|poke|p2|Latios, M|
|poke|p2|Iron Treads|
|poke|p2|Kingambit, M|
|poke|p2|Dragapult, M|
|teampreview
|inactive|Battle timer is ON: inactive players will automatically lose when time's up. (requested by qiuqiuchan)
|
|t:|1760861759
|teamsize|p1|6
|teamsize|p2|6
|start
|switch|p1a: Kazuya|Carbink, shiny|100/100
|switch|p2a: 哈基米|Landorus-Therian, M|100/100
|-ability|p2a: 哈基米|Intimidate|boost
|-unboost|p1a: Kazuya|atk|1
|turn|1
|
|t:|1760861767
|move|p2a: 哈基米|Earthquake|p1a: Kazuya
|-supereffective|p1a: Kazuya
|-damage|p1a: Kazuya|10/100
|move|p1a: Kazuya|Trick Room|p1a: Kazuya
|-fieldstart|move: Trick Room|[of] p1a: Kazuya
|
|upkeep
|turn|2
|
|t:|1760861780
|switch|p2a: 747|Dragapult, M, shiny|100/100
|move|p1a: Kazuya|Gravity|p1a: Kazuya
|-fieldstart|move: Gravity
|
|upkeep
|turn|3
|
|t:|1760861786
|move|p1a: Kazuya|Misty Explosion|p2a: 747
|-supereffective|p2a: 747
|-damage|p2a: 747|39/100
|faint|p1a: Kazuya
|move|p2a: 747|U-turn|p1: Kazuya|[notarget]
|-fail|p2a: 747
|
|upkeep
|
|t:|1760861799
|switch|p1a: Crawdaunt|Crawdaunt, F|100/100
|turn|4
|
|t:|1760861806
|switch|p2a: 哈基米|Landorus-Therian, M|100/100
|-ability|p2a: 哈基米|Intimidate|boost
|-unboost|p1a: Crawdaunt|atk|1
|move|p1a: Crawdaunt|Swords Dance|p1a: Crawdaunt
|-boost|p1a: Crawdaunt|atk|2
|
|upkeep
|turn|5
|
|t:|1760861816
|switch|p2a: 欧豆豆|Zamazenta|100/100
|-ability|p2a: 欧豆豆|Dauntless Shield|boost
|-boost|p2a: 欧豆豆|def|1
|move|p1a: Crawdaunt|Knock Off|p2a: 欧豆豆
|-resisted|p2a: 欧豆豆
|-damage|p2a: 欧豆豆|57/100
|-enditem|p2a: 欧豆豆|Life Orb|[from] move: Knock Off|[of] p1a: Crawdaunt
|-damage|p1a: Crawdaunt|90/100|[from] item: Life Orb
|
|-fieldend|move: Trick Room
|upkeep
|turn|6
|
|t:|1760861826
|-terastallize|p1a: Crawdaunt|Water
|move|p2a: 欧豆豆|Body Press|p1a: Crawdaunt
|-damage|p1a: Crawdaunt|37/100
|move|p1a: Crawdaunt|Crabhammer|p2a: 欧豆豆
|-damage|p2a: 欧豆豆|0 fnt
|faint|p2a: 欧豆豆
|-damage|p1a: Crawdaunt|27/100|[from] item: Life Orb
|
|-fieldend|move: Gravity
|upkeep
|
|t:|1760861837
|switch|p2a: 哈基米|Landorus-Therian, M|100/100
|-ability|p2a: 哈基米|Intimidate|boost
|-unboost|p1a: Crawdaunt|atk|1
|turn|7
|
|t:|1760861841
|switch|p1a: Deoxys|Deoxys-Defense|100/100
|-ability|p1a: Deoxys|Pressure
|move|p2a: 哈基米|Earthquake|p1a: Deoxys
|-damage|p1a: Deoxys|67/100
|
|-heal|p1a: Deoxys|73/100|[from] item: Leftovers
|upkeep
|turn|8
|
|t:|1760861848
|move|p2a: 哈基米|U-turn|p1a: Deoxys
|-supereffective|p1a: Deoxys
|-crit|p1a: Deoxys
|-damage|p1a: Deoxys|16/100
|
|t:|1760861856
|switch|p2a: 帷幄|Kingambit, M|100/100|[from] U-turn
|-activate|p2a: 帷幄|ability: Supreme Overlord
|-start|p2a: 帷幄|fallen1|[silent]
|move|p1a: Deoxys|Trick Room|p1a: Deoxys
|-fieldstart|move: Trick Room|[of] p1a: Deoxys
|
|-heal|p1a: Deoxys|23/100|[from] item: Leftovers
|upkeep
|turn|9
|
|t:|1760861870
|move|p2a: 帷幄|Swords Dance|p2a: 帷幄
|-boost|p2a: 帷幄|atk|2
|move|p1a: Deoxys|Teleport|p1a: Deoxys
|
|t:|1760861873
|switch|p1a: Iron Hands|Iron Hands|100/100|[from] Teleport
|-enditem|p1a: Iron Hands|Booster Energy
|-activate|p1a: Iron Hands|ability: Quark Drive|[fromitem]
|-start|p1a: Iron Hands|quarkdriveatk
|
|upkeep
|turn|10
|
|t:|1760861879
|-terastallize|p2a: 帷幄|Fairy
|move|p1a: Iron Hands|Ice Punch|p2a: 帷幄
|-damage|p2a: 帷幄|74/100
|move|p2a: 帷幄|Low Kick|p1a: Iron Hands
|-damage|p1a: Iron Hands|34/100
|
|upkeep
|turn|11
|
|t:|1760861888
|move|p1a: Iron Hands|Supercell Slam|p2a: 帷幄
|-damage|p2a: 帷幄|18/100
|move|p2a: 帷幄|Low Kick|p1a: Iron Hands
|-damage|p1a: Iron Hands|0 fnt
|faint|p1a: Iron Hands
|-end|p1a: Iron Hands|Quark Drive|[silent]
|
|upkeep
|
|t:|1760861894
|switch|p1a: Crawdaunt|Crawdaunt, F, tera:Water|27/100
|turn|12
|
|t:|1760861897
|move|p1a: Crawdaunt|Aqua Jet|p2a: 帷幄
|-crit|p2a: 帷幄
|-damage|p2a: 帷幄|0 fnt
|faint|p2a: 帷幄
|-end|p2a: 帷幄|fallen1|[silent]
|-damage|p1a: Crawdaunt|17/100|[from] item: Life Orb
|
|-fieldend|move: Trick Room
|upkeep
|
|t:|1760861900
|switch|p2a: 哈基米|Landorus-Therian, M|100/100
|-ability|p2a: 哈基米|Intimidate|boost
|-unboost|p1a: Crawdaunt|atk|1
|turn|13
|
|t:|1760861904
|switch|p1a: Deoxys|Deoxys-Defense|23/100
|-ability|p1a: Deoxys|Pressure
|move|p2a: 哈基米|U-turn|p1a: Deoxys
|-supereffective|p1a: Deoxys
|-damage|p1a: Deoxys|0 fnt
|faint|p1a: Deoxys
|
|t:|1760861910
|switch|p2a: 747|Dragapult, M, shiny|39/100|[from] U-turn
|
|upkeep
|
|t:|1760861921
|switch|p1a: Crawdaunt|Crawdaunt, F, tera:Water|17/100
|turn|14
|
|t:|1760861925
|move|p1a: Crawdaunt|Aqua Jet|p2a: 747
|-resisted|p2a: 747
|-damage|p2a: 747|9/100
|-damage|p1a: Crawdaunt|7/100|[from] item: Life Orb
|move|p2a: 747|Shadow Ball|p1a: Crawdaunt
|-damage|p1a: Crawdaunt|0 fnt
|faint|p1a: Crawdaunt
|
|upkeep
|
|t:|1760861932
|switch|p1a: Hatterene|Hatterene, F|100/100
|turn|15
|
|t:|1760861937
|move|p2a: 747|Shadow Ball|p1a: Hatterene
|-supereffective|p1a: Hatterene
|-damage|p1a: Hatterene|0 fnt
|faint|p1a: Hatterene
|
|upkeep
|
|t:|1760861940
|switch|p1a: Pablo Motos|Breloom, M|100/100
|turn|16
|
|t:|1760861942
|move|p2a: 747|Shadow Ball|p1a: Pablo Motos
|-damage|p1a: Pablo Motos|21/100
|-unboost|p1a: Pablo Motos|spd|1
|move|p1a: Pablo Motos|Bullet Seed|p2a: 747
|-resisted|p2a: 747
|-damage|p2a: 747|0 fnt
|faint|p2a: 747
|-hitcount|p2: 747|1
|-damage|p1a: Pablo Motos|12/100|[from] item: Life Orb
|
|upkeep
|
|t:|1760861945
|switch|p2a: 哈基米|Landorus-Therian, M|100/100
|-ability|p2a: 哈基米|Intimidate|boost
|-unboost|p1a: Pablo Motos|atk|1
|turn|17
|
|t:|1760861948
|move|p2a: 哈基米|Earthquake|p1a: Pablo Motos
|-resisted|p1a: Pablo Motos
|-damage|p1a: Pablo Motos|0 fnt
|faint|p1a: Pablo Motos
|
|win|qiuqiuchan
|raw|OrochiZerito's rating: 1320 &rarr; <strong>1304</strong><br />(-16 for losing)
|raw|qiuqiuchan's rating: 1384 &rarr; <strong>1400</strong><br />(+16 for winning)
|l|☆OrochiZerito
|player|p1|
|l|☆qiuqiuchan
|player|p2|
