|j|☆pantalonescondidos
|j|☆YJIOG
|t:|1760728009
|gametype|singles
|player|p1|pantalonescondidos|170|1376
|player|p2|YJIOG|scientist-gen4dp|1412
|gen|9
|tier|[Gen 9] OU
|rated|
|rule|HP Percentage Mod: HP is shown in percentages
|rule|Endless Battle Clause: Forcing endless battles is banned
|rule|Species Clause: Limit one of each Pokémon
|rule|OHKO Clause: OHKO moves are banned
|rule|Evasion Items Clause: Evasion items are banned
|rule|Evasion Moves Clause: Evasion moves are banned
|rule|Evasion Abilities Clause: Evasion abilities are banned
|rule|Sleep Moves Clause: Sleep-inducing moves are banned
|clearpoke
|poke|p1|Sylveon, F|
|poke|p1|Slowking-Galar, M|
|poke|p1|Toxapex, F|
|poke|p1|Great Tusk|
|poke|p1|Kingambit, M|
|poke|p1|Rotom-Heat|
|poke|p2|Electivire, M|
|poke|p2|Alomomola, M|
|poke|p2|Dragapult, F|
|poke|p2|Hydrapple, F|
|poke|p2|Great Tusk|
|poke|p2|Goodra-Hisui, F|
|teampreview
|inactive|Battle timer is ON: inactive players will automatically lose when time's up. (requested by pantalonescondidos)
|
|t:|1760728019
|teamsize|p1|6
|teamsize|p2|6
|start
|switch|p1a: Rotom|Rotom-Heat, shiny|100/100
|switch|p2a: Electivire|Electivire, M|100/100
|turn|1
|
|t:|1760728029
|switch|p1a: Great Tusk|Great Tusk|100/100
|switch|p2a: Goodra|Goodra-Hisui, F|100/100
|
|upkeep
|turn|2
|
|t:|1760728035
|switch|p2a: Alomomola|Alomomola, M|100/100
|move|p1a: Great Tusk|Headlong Rush|p2a: Alomomola
|-damage|p2a: Alomomola|69/100
|-unboost|p1a: Great Tusk|def|1
|-unboost|p1a: Great Tusk|spd|1
|
|upkeep
|turn|3
|
|t:|1760728043
|-end|p1a: Great Tusk|Protosynthesis|[silent]
|switch|p1a: Toxapex|Toxapex, F|100/100
|move|p2a: Alomomola|Flip Turn|p1a: Toxapex
|-resisted|p1a: Toxapex
|-damage|p1a: Toxapex|96/100
|-damage|p2a: Alomomola|52/100|[from] item: Rocky Helmet|[of] p1a: Toxapex
|
|t:|1760728050
|switch|p2a: Electivire|Electivire, M|100/100|[from] Flip Turn
|
|upkeep
|turn|4
|
|t:|1760728054
|move|p1a: Toxapex|Baneful Bunker|p1a: Toxapex
|-singleturn|p1a: Toxapex|move: Protect
|move|p2a: Electivire|Thunderbolt|p1a: Toxapex
|-activate|p1a: Toxapex|move: Protect
|
|upkeep
|turn|5
|
|t:|1760728061
|switch|p1a: Slowking|Slowking-Galar, M, shiny|100/100
|move|p2a: Electivire|Earthquake|p1a: Slowking
|-supereffective|p1a: Slowking
|-damage|p1a: Slowking|26/100
|-damage|p2a: Electivire|91/100|[from] item: Life Orb
|
|upkeep
|turn|6
|
|t:|1760728071
|switch|p1a: Rotom|Rotom-Heat, shiny|100/100
|move|p2a: Electivire|Ice Punch|p1a: Rotom
|-resisted|p1a: Rotom
|-damage|p1a: Rotom|81/100
|-damage|p2a: Electivire|81/100|[from] item: Life Orb
|
|upkeep
|turn|7
|
|t:|1760728079
|switch|p2a: Goodra|Goodra-Hisui, F|100/100
|move|p1a: Rotom|Trick|p2a: Goodra
|-activate|p1a: Rotom|move: Trick|[of] p2a: Goodra
|-item|p2a: Goodra|Choice Scarf|[from] move: Trick
|-item|p1a: Rotom|Assault Vest|[from] move: Trick
|
|upkeep
|turn|8
|
|t:|1760728085
|move|p1a: Rotom|Volt Switch|p2a: Goodra
|-resisted|p2a: Goodra
|-damage|p2a: Goodra|93/100
|
|t:|1760728090
|switch|p1a: Toxapex|Toxapex, F|100/100|[from] Volt Switch
|move|p2a: Goodra|Knock Off|p1a: Toxapex
|-damage|p1a: Toxapex|84/100
|-damage|p2a: Goodra|76/100|[from] item: Rocky Helmet|[of] p1a: Toxapex
|-enditem|p1a: Toxapex|Rocky Helmet|[from] move: Knock Off|[of] p2a: Goodra
|
|upkeep
|turn|9
|
|t:|1760728100
|switch|p2a: Electivire|Electivire, M|81/100
|move|p1a: Toxapex|Toxic|p2a: Electivire
|-status|p2a: Electivire|tox
|
|-damage|p2a: Electivire|74/100 tox|[from] psn
|upkeep
|turn|10
|
|t:|1760728108
|move|p1a: Toxapex|Baneful Bunker|p1a: Toxapex
|-singleturn|p1a: Toxapex|move: Protect
|move|p2a: Electivire|Thunderbolt|p1a: Toxapex
|-activate|p1a: Toxapex|move: Protect
|
|-damage|p2a: Electivire|62/100 tox|[from] psn
|upkeep
|turn|11
|
|t:|1760728117
|switch|p2a: Alomomola|Alomomola, M|86/100
|switch|p1a: Rotom|Rotom-Heat, shiny|81/100
|
|upkeep
|turn|12
|
|t:|1760728127
|switch|p2a: Electivire|Electivire, M|62/100 tox
|move|p1a: Rotom|Volt Switch|p2a: Electivire
|-ability|p2a: Electivire|Motor Drive|boost
|-boost|p2a: Electivire|spe|1
|
|-damage|p2a: Electivire|56/100 tox|[from] psn
|upkeep
|turn|13
|
|t:|1760728156
|switch|p2a: Goodra|Goodra-Hisui, F|76/100
|move|p1a: Rotom|Overheat|p2a: Goodra
|-damage|p2a: Goodra|47/100
|-unboost|p1a: Rotom|spa|2
|
|upkeep
|turn|14
|
|t:|1760728164
|move|p1a: Rotom|Volt Switch|p2a: Goodra
|-resisted|p2a: Goodra
|-damage|p2a: Goodra|44/100
|
|t:|1760728169
|switch|p1a: Toxapex|Toxapex, F|100/100|[from] Volt Switch
|move|p2a: Goodra|Earthquake|p1a: Toxapex
|-supereffective|p1a: Toxapex
|-damage|p1a: Toxapex|67/100
|
|upkeep
|turn|15
|
|t:|1760728184
|switch|p1a: Rotom|Rotom-Heat, shiny|81/100
|move|p2a: Goodra|Earthquake|p1a: Rotom
|-immune|p1a: Rotom|[from] ability: Levitate
|
|upkeep
|turn|16
|
|t:|1760728191
|switch|p2a: Hydrapple|Hydrapple, F|100/100
|move|p1a: Rotom|Volt Switch|p2a: Hydrapple
|-resisted|p2a: Hydrapple
|-damage|p2a: Hydrapple|93/100
|
|t:|1760728195
|switch|p1a: Slowking|Slowking-Galar, M, shiny|59/100|[from] Volt Switch
|
|upkeep
|turn|17
|
|t:|1760728204
|switch|p2a: Great Tusk|Great Tusk|100/100
|move|p1a: Slowking|Sludge Bomb|p2a: Great Tusk
|-resisted|p2a: Great Tusk
|-damage|p2a: Great Tusk|75/100
|-status|p2a: Great Tusk|psn
|
|-damage|p2a: Great Tusk|62/100 psn|[from] psn
|upkeep
|turn|18
|
|t:|1760728214
|switch|p1a: Great Tusk|Great Tusk|100/100
|move|p2a: Great Tusk|Stealth Rock|p1a: Great Tusk
|-sidestart|p1: pantalonescondidos|move: Stealth Rock
|
|-damage|p2a: Great Tusk|50/100 psn|[from] psn
|upkeep
|turn|19
|
|t:|1760728222
|-end|p2a: Great Tusk|Protosynthesis|[silent]
|switch|p2a: Alomomola|Alomomola, M|100/100
|move|p1a: Great Tusk|Rapid Spin|p2a: Alomomola
|-damage|p2a: Alomomola|92/100
|-boost|p1a: Great Tusk|spe|1
|-sideend|p1: pantalonescondidos|Stealth Rock|[from] move: Rapid Spin|[of] p1a: Great Tusk
|
|upkeep
|turn|20
|
|t:|1760728229
|-end|p1a: Great Tusk|Protosynthesis|[silent]
|switch|p1a: Slowking|Slowking-Galar, M, shiny|92/100
|move|p2a: Alomomola|Wish|p2a: Alomomola
|
|upkeep
|turn|21
|
|t:|1760728236
|switch|p2a: Goodra|Goodra-Hisui, F|44/100
|move|p1a: Slowking|Sludge Bomb|p2a: Goodra
|-immune|p2a: Goodra
|
|-heal|p2a: Goodra|100/100|[from] move: Wish|[wisher] Alomomola
|upkeep
|turn|22
|
|t:|1760728246
|switch|p2a: Alomomola|Alomomola, M|100/100
|move|p1a: Slowking|Future Sight|p2a: Alomomola
|-start|p1a: Slowking|move: Future Sight
|
|upkeep
|turn|23
|
|t:|1760728251
|switch|p2a: Goodra|Goodra-Hisui, F|100/100
|move|p1a: Slowking|Sludge Bomb|p2a: Goodra
|-immune|p2a: Goodra
|
|upkeep
|turn|24
|
|t:|1760728258
|switch|p1a: Toxapex|Toxapex, F|99/100
|move|p2a: Goodra|Knock Off|p1a: Toxapex
|-damage|p1a: Toxapex|90/100
|
|-end|p2a: Goodra|move: Future Sight
|-resisted|p2a: Goodra
|-damage|p2a: Goodra|89/100
|upkeep
|turn|25
|
|t:|1760728270
|switch|p2a: Alomomola|Alomomola, M|100/100
|move|p1a: Toxapex|Toxic|p2a: Alomomola
|-status|p2a: Alomomola|tox
|
|-damage|p2a: Alomomola|94/100 tox|[from] psn
|upkeep
|turn|26
|inactive|pantalonescondidos has 120 seconds left.
|
|t:|1760728308
|switch|p1a: Sylveon|Sylveon, F, shiny|100/100
|move|p2a: Alomomola|Wish|p2a: Alomomola
|
|-damage|p2a: Alomomola|82/100 tox|[from] psn
|upkeep
|turn|27
|
|t:|1760728317
|switch|p2a: Electivire|Electivire, M|56/100 tox
|move|p1a: Sylveon|Hyper Voice|p2a: Electivire
|-damage|p2a: Electivire|0 fnt
|faint|p2a: Electivire
|
|upkeep
|
|t:|1760728326
|switch|p2a: Goodra|Goodra-Hisui, F|89/100
|turn|28
|
|t:|1760728329
|switch|p2a: Alomomola|Alomomola, M|100/100 tox
|switch|p1a: Toxapex|Toxapex, F|100/100
|
|-damage|p2a: Alomomola|94/100 tox|[from] psn
|upkeep
|turn|29
|
|t:|1760728337
|switch|p1a: Slowking|Slowking-Galar, M, shiny|100/100
|move|p2a: Alomomola|Wish|p2a: Alomomola
|
|-damage|p2a: Alomomola|82/100 tox|[from] psn
|upkeep
|turn|30
|
|t:|1760728344
|switch|p2a: Great Tusk|Great Tusk|50/100 psn
|move|p1a: Slowking|Future Sight|p2a: Great Tusk
|-start|p1a: Slowking|move: Future Sight
|
|-heal|p2a: Great Tusk|100/100 psn|[from] move: Wish|[wisher] Alomomola
|-damage|p2a: Great Tusk|88/100 psn|[from] psn
|upkeep
|turn|31
|
|t:|1760728367
|switch|p1a: Great Tusk|Great Tusk|100/100
|move|p2a: Great Tusk|Stealth Rock|p1a: Great Tusk
|-sidestart|p1: pantalonescondidos|move: Stealth Rock
|
|-damage|p2a: Great Tusk|76/100 psn|[from] psn
|upkeep
|turn|32
|
|t:|1760728375
|-end|p2a: Great Tusk|Protosynthesis|[silent]
|switch|p2a: Dragapult|Dragapult, F|100/100
|move|p1a: Great Tusk|Headlong Rush|p2a: Dragapult
|-damage|p2a: Dragapult|8/100
|-unboost|p1a: Great Tusk|def|1
|-unboost|p1a: Great Tusk|spd|1
|
|-end|p2a: Dragapult|move: Future Sight
|-crit|p2a: Dragapult
|-damage|p2a: Dragapult|0 fnt
|faint|p2a: Dragapult
|upkeep
|c|☆YJIOG|Sur
|-message|YJIOG forfeited.
|
|win|pantalonescondidos
|raw|pantalonescondidos's rating: 1376 &rarr; <strong>1398</strong><br />(+22 for winning)
|raw|YJIOG's rating: 1412 &rarr; <strong>1390</strong><br />(-22 for losing)
|l|☆YJIOG
|player|p2|
|l|☆pantalonescondidos
|player|p1|
