|j|☆Froslass_Trainer
|j|☆Beuhiam
|t:|1760783151
|gametype|singles
|player|p1|Froslass_Trainer|1|1533
|player|p2|Beuhiam|2|1501
|gen|9
|tier|[Gen 9] OU
|rated|
|rule|HP Percentage Mod: HP is shown in percentages
|rule|Endless Battle Clause: Forcing endless battles is banned
|rule|Species Clause: Limit one of each Pokémon
|rule|OHKO Clause: OHKO moves are banned
|rule|Evasion Items Clause: Evasion items are banned
|rule|Evasion Moves Clause: Evasion moves are banned
|rule|Evasion Abilities Clause: Evasion abilities are banned
|rule|Sleep Moves Clause: Sleep-inducing moves are banned
|clearpoke
|poke|p1|Toxapex, F|
|poke|p1|Goodra-Hisui, F|
|poke|p1|Cinderace, F|
|poke|p1|Sandy Shocks|
|poke|p1|Chesnaught, M|
|poke|p1|Lokix, M|
|poke|p2|Samurott-Hisui, F|
|poke|p2|Zapdos|
|poke|p2|Dragapult, M|
|poke|p2|Great Tusk|
|poke|p2|Scizor, M|
|poke|p2|Kyurem|
|teampreview
|inactive|Battle timer is ON: inactive players will automatically lose when time's up. (requested by Beuhiam)
|
|t:|1760783171
|teamsize|p1|6
|teamsize|p2|6
|start
|switch|p1a: Sandy Shocks|Sandy Shocks|100/100
|switch|p2a: The guy who flies|Zapdos|100/100
|turn|1
|
|t:|1760783181
|switch|p2a: Fish fear me|Kyurem|100/100
|-ability|p2a: Fish fear me|Pressure
|move|p1a: Sandy Shocks|Volt Switch|p2a: Fish fear me
|-resisted|p2a: Fish fear me
|-damage|p2a: Fish fear me|82/100
|
|t:|1760783185
|-end|p1a: Sandy Shocks|Protosynthesis|[silent]
|switch|p1a: Cinderace|Cinderace, F|100/100|[from] Volt Switch
|
|upkeep
|turn|2
|
|t:|1760783197
|switch|p2a: The guy who blocks|Dragapult, M|100/100
|move|p1a: Cinderace|Pyro Ball|p2a: The guy who blocks
|-resisted|p2a: The guy who blocks
|-damage|p2a: The guy who blocks|62/100
|
|upkeep
|turn|3
|
|t:|1760783204
|move|p1a: Cinderace|Sucker Punch|p2a: The guy who blocks
|-start|p1a: Cinderace|typechange|Dark|[from] ability: Libero
|-supereffective|p2a: The guy who blocks
|-damage|p2a: The guy who blocks|0 fnt
|faint|p2a: The guy who blocks
|
|upkeep
|
|t:|1760783227
|switch|p2a: The guy who spins|Great Tusk|100/100
|-enditem|p2a: The guy who spins|Booster Energy
|-activate|p2a: The guy who spins|ability: Protosynthesis|[fromitem]
|-start|p2a: The guy who spins|protosynthesisatk
|turn|4
|
|t:|1760783230
|switch|p1a: Chesnaught|Chesnaught, M|100/100
|move|p2a: The guy who spins|Rapid Spin|p1a: Chesnaught
|-damage|p1a: Chesnaught|86/100
|-boost|p2a: The guy who spins|spe|1
|-damage|p2a: The guy who spins|84/100|[from] item: Rocky Helmet|[of] p1a: Chesnaught
|
|upkeep
|turn|5
|
|t:|1760783236
|move|p2a: The guy who spins|Ice Spinner|p1a: Chesnaught
|-supereffective|p1a: Chesnaught
|-damage|p1a: Chesnaught|33/100
|-damage|p2a: The guy who spins|68/100|[from] item: Rocky Helmet|[of] p1a: Chesnaught
|move|p1a: Chesnaught|Leech Seed|p2a: The guy who spins
|-start|p2a: The guy who spins|move: Leech Seed
|
|-damage|p2a: The guy who spins|55/100|[from] Leech Seed|[of] p1a: Chesnaught
|-heal|p1a: Chesnaught|47/100|[silent]
|upkeep
|turn|6
|
|t:|1760783242
|move|p1a: Chesnaught|Spiky Shield|p1a: Chesnaught
|-singleturn|p1a: Chesnaught|move: Protect
|move|p2a: The guy who spins|Ice Spinner|p1a: Chesnaught
|-activate|p1a: Chesnaught|move: Protect
|-damage|p2a: The guy who spins|43/100|[from] Spiky Shield|[of] p1a: Chesnaught
|
|-damage|p2a: The guy who spins|30/100|[from] Leech Seed|[of] p1a: Chesnaught
|-heal|p1a: Chesnaught|60/100|[silent]
|upkeep
|turn|7
|
|t:|1760783247
|switch|p1a: Toxapex|Toxapex, F|100/100
|move|p2a: The guy who spins|Close Combat|p1a: Toxapex
|-resisted|p1a: Toxapex
|-damage|p1a: Toxapex|73/100
|-unboost|p2a: The guy who spins|def|1
|-unboost|p2a: The guy who spins|spd|1
|
|-heal|p1a: Toxapex|79/100|[from] item: Leftovers
|-damage|p2a: The guy who spins|18/100|[from] Leech Seed|[of] p1a: Toxapex
|-heal|p1a: Toxapex|96/100|[silent]
|upkeep
|turn|8
|
|t:|1760783252
|move|p1a: Toxapex|Baneful Bunker|p1a: Toxapex
|-singleturn|p1a: Toxapex|move: Protect
|move|p2a: The guy who spins|Headlong Rush|p1a: Toxapex
|-activate|p1a: Toxapex|move: Protect
|-status|p2a: The guy who spins|psn
|
|-heal|p1a: Toxapex|100/100|[from] item: Leftovers
|-damage|p2a: The guy who spins|6/100 psn|[from] Leech Seed|[of] p1a: Toxapex
|-damage|p2a: The guy who spins|0 fnt|[from] psn
|faint|p2a: The guy who spins
|-end|p2a: The guy who spins|Protosynthesis|[silent]
|upkeep
|
|t:|1760783262
|switch|p2a: The guy who flies|Zapdos|100/100
|turn|9
|
|t:|1760783268
|switch|p2a: Fish fear me|Kyurem|82/100
|-ability|p2a: Fish fear me|Pressure
|switch|p1a: Sandy Shocks|Sandy Shocks|100/100
|
|upkeep
|turn|10
|
|t:|1760783272
|move|p1a: Sandy Shocks|Volt Switch|p2a: Fish fear me
|-resisted|p2a: Fish fear me
|-damage|p2a: Fish fear me|64/100
|
|t:|1760783278
|-end|p1a: Sandy Shocks|Protosynthesis|[silent]
|switch|p1a: Goodra|Goodra-Hisui, F|100/100|[from] Volt Switch
|move|p2a: Fish fear me|Dragon Dance|p2a: Fish fear me
|-boost|p2a: Fish fear me|atk|1
|-boost|p2a: Fish fear me|spe|1
|
|upkeep
|turn|11
|
|t:|1760783289
|-terastallize|p2a: Fish fear me|Ice
|-terastallize|p1a: Goodra|Water
|move|p2a: Fish fear me|Icicle Spear|p1a: Goodra
|-resisted|p1a: Goodra
|-damage|p1a: Goodra|89/100
|-resisted|p1a: Goodra
|-damage|p1a: Goodra|77/100
|-resisted|p1a: Goodra
|-damage|p1a: Goodra|64/100
|-resisted|p1a: Goodra
|-damage|p1a: Goodra|52/100
|-hitcount|p1a: Goodra|4
|move|p1a: Goodra|Draco Meteor|p2a: Fish fear me
|-damage|p2a: Fish fear me|6/100
|-unboost|p1a: Goodra|spa|2
|
|-heal|p1a: Goodra|58/100|[from] item: Leftovers
|upkeep
|turn|12
|
|t:|1760783298
|move|p2a: Fish fear me|Scale Shot|p1a: Goodra
|-damage|p1a: Goodra|41/100
|-damage|p1a: Goodra|24/100
|-damage|p1a: Goodra|6/100
|-damage|p1a: Goodra|0 fnt
|faint|p1a: Goodra
|-hitcount|p1: Goodra|4
|-unboost|p2a: Fish fear me|def|1
|-boost|p2a: Fish fear me|spe|1
|
|upkeep
|
|t:|1760783302
|switch|p1a: Lokix|Lokix, M|100/100
|turn|13
|
|t:|1760783305
|switch|p2a: The guy who flies|Zapdos|100/100
|move|p1a: Lokix|First Impression|p2a: The guy who flies
|-resisted|p2a: The guy who flies
|-damage|p2a: The guy who flies|18/100
|
|upkeep
|turn|14
|
|t:|1760783308
|switch|p1a: Sandy Shocks|Sandy Shocks|100/100
|move|p2a: The guy who flies|Roost|p2a: The guy who flies
|-heal|p2a: The guy who flies|68/100
|-singleturn|p2a: The guy who flies|move: Roost
|
|upkeep
|turn|15
|
|t:|1760783313
|move|p1a: Sandy Shocks|Volt Switch|p2a: The guy who flies
|-damage|p2a: The guy who flies|30/100
|
|t:|1760783318
|-end|p1a: Sandy Shocks|Protosynthesis|[silent]
|switch|p1a: Lokix|Lokix, M|100/100|[from] Volt Switch
|move|p2a: The guy who flies|Roost|p2a: The guy who flies
|-heal|p2a: The guy who flies|80/100
|-singleturn|p2a: The guy who flies|move: Roost
|
|upkeep
|turn|16
|
|t:|1760783325
|move|p1a: Lokix|First Impression|p2a: The guy who flies
|-resisted|p2a: The guy who flies
|-damage|p2a: The guy who flies|7/100
|move|p2a: The guy who flies|Roost|p2a: The guy who flies
|-heal|p2a: The guy who flies|58/100
|-singleturn|p2a: The guy who flies|move: Roost
|
|upkeep
|turn|17
|
|t:|1760783340
|switch|p2a: The guy who spikes|Samurott-Hisui, F|100/100
|switch|p1a: Sandy Shocks|Sandy Shocks|100/100
|
|upkeep
|turn|18
|
|t:|1760783343
|move|p2a: The guy who spikes|Aqua Jet|p1a: Sandy Shocks
|-supereffective|p1a: Sandy Shocks
|-damage|p1a: Sandy Shocks|31/100
|move|p1a: Sandy Shocks|Volt Switch|p2a: The guy who spikes
|-supereffective|p2a: The guy who spikes
|-damage|p2a: The guy who spikes|10/100
|
|t:|1760783346
|-end|p1a: Sandy Shocks|Protosynthesis|[silent]
|switch|p1a: Lokix|Lokix, M|100/100|[from] Volt Switch
|
|upkeep
|turn|19
|
|t:|1760783352
|switch|p2a: Fish fear me|Kyurem, tera:Ice|6/100
|-ability|p2a: Fish fear me|Pressure
|move|p1a: Lokix|First Impression|p2a: Fish fear me
|-damage|p2a: Fish fear me|0 fnt
|faint|p2a: Fish fear me
|
|upkeep
|
|t:|1760783368
|switch|p2a: The guy who shoots|Scizor, M|100/100
|turn|20
|
|t:|1760783373
|switch|p1a: Toxapex|Toxapex, F|100/100
|move|p2a: The guy who shoots|U-turn|p1a: Toxapex
|-resisted|p1a: Toxapex
|-damage|p1a: Toxapex|77/100
|
|t:|1760783376
|switch|p2a: The guy who flies|Zapdos|58/100|[from] U-turn
|
|-heal|p1a: Toxapex|83/100|[from] item: Leftovers
|upkeep
|turn|21
|
|t:|1760783379
|switch|p2a: The guy who spikes|Samurott-Hisui, F|10/100
|move|p1a: Toxapex|Liquidation|p2a: The guy who spikes
|-resisted|p2a: The guy who spikes
|-damage|p2a: The guy who spikes|0 fnt
|faint|p2a: The guy who spikes
|
|-heal|p1a: Toxapex|90/100|[from] item: Leftovers
|upkeep
|
|t:|1760783382
|switch|p2a: The guy who flies|Zapdos|58/100
|turn|22
|
|t:|1760783384
|move|p1a: Toxapex|Baneful Bunker|p1a: Toxapex
|-singleturn|p1a: Toxapex|move: Protect
|move|p2a: The guy who flies|Heat Wave|p1a: Toxapex
|-activate|p1a: Toxapex|move: Protect
|
|-heal|p1a: Toxapex|96/100|[from] item: Leftovers
|upkeep
|turn|23
|
|t:|1760783389
|move|p2a: The guy who flies|Heat Wave|p1a: Toxapex
|-resisted|p1a: Toxapex
|-damage|p1a: Toxapex|83/100
|move|p1a: Toxapex|Liquidation|p2a: The guy who flies
|-damage|p2a: The guy who flies|35/100
|-status|p1a: Toxapex|par|[from] ability: Static|[of] p2a: The guy who flies
|
|-heal|p1a: Toxapex|90/100 par|[from] item: Leftovers
|upkeep
|turn|24
|
|t:|1760783397
|switch|p1a: Sandy Shocks|Sandy Shocks|31/100
|move|p2a: The guy who flies|Roost|p2a: The guy who flies
|-heal|p2a: The guy who flies|85/100
|-singleturn|p2a: The guy who flies|move: Roost
|
|upkeep
|turn|25
|
|t:|1760783403
|move|p1a: Sandy Shocks|Volt Switch|p2a: The guy who flies
|-damage|p2a: The guy who flies|48/100
|
|t:|1760783412
|-end|p1a: Sandy Shocks|Protosynthesis|[silent]
|switch|p1a: Cinderace|Cinderace, F|100/100|[from] Volt Switch
|move|p2a: The guy who flies|Volt Switch|p1a: Cinderace
|-damage|p1a: Cinderace|46/100
|
|t:|1760783415
|switch|p2a: The guy who shoots|Scizor, M|100/100|[from] Volt Switch
|
|upkeep
|turn|26
|
|t:|1760783420
|move|p2a: The guy who shoots|Bullet Punch|p1a: Cinderace
|-resisted|p1a: Cinderace
|-damage|p1a: Cinderace|10/100
|move|p1a: Cinderace|Pyro Ball|p2a: The guy who shoots|[miss]
|-miss|p1a: Cinderace|p2a: The guy who shoots
|
|upkeep
|turn|27
|
|t:|1760783426
|switch|p1a: Toxapex|Toxapex, F|100/100 par
|move|p2a: The guy who shoots|Bullet Punch|p1a: Toxapex
|-resisted|p1a: Toxapex
|-damage|p1a: Toxapex|82/100 par
|
|-heal|p1a: Toxapex|88/100 par|[from] item: Leftovers
|upkeep
|turn|28
|
|t:|1760783438
|switch|p2a: The guy who flies|Zapdos|48/100
|switch|p1a: Chesnaught|Chesnaught, M|60/100
|
|upkeep
|turn|29
|
|t:|1760783443
|move|p2a: The guy who flies|Hurricane|p1a: Chesnaught
|-supereffective|p1a: Chesnaught
|-damage|p1a: Chesnaught|0 fnt
|faint|p1a: Chesnaught
|
|upkeep
|
|t:|1760783446
|switch|p1a: Cinderace|Cinderace, F|10/100
|turn|30
|
|t:|1760783449
|move|p1a: Cinderace|Pyro Ball|p2a: The guy who flies|[miss]
|-miss|p1a: Cinderace|p2a: The guy who flies
|move|p2a: The guy who flies|Roost|p2a: The guy who flies
|-heal|p2a: The guy who flies|98/100
|-singleturn|p2a: The guy who flies|move: Roost
|
|upkeep
|turn|31
|
|t:|1760783455
|switch|p1a: Toxapex|Toxapex, F|100/100 par
|move|p2a: The guy who flies|Volt Switch|p1a: Toxapex
|-supereffective|p1a: Toxapex
|-damage|p1a: Toxapex|45/100 par
|
|t:|1760783459
|switch|p2a: The guy who shoots|Scizor, M|100/100|[from] Volt Switch
|
|-heal|p1a: Toxapex|51/100 par|[from] item: Leftovers
|upkeep
|turn|32
|
|t:|1760783465
|move|p2a: The guy who shoots|Knock Off|p1a: Toxapex
|-damage|p1a: Toxapex|8/100 par
|-enditem|p1a: Toxapex|Leftovers|[from] move: Knock Off|[of] p2a: The guy who shoots
|cant|p1a: Toxapex|par
|
|upkeep
|turn|33
|
|t:|1760783468
|move|p2a: The guy who shoots|Knock Off|p1a: Toxapex
|-damage|p1a: Toxapex|0 fnt
|faint|p1a: Toxapex
|
|upkeep
|
|t:|1760783474
|switch|p1a: Lokix|Lokix, M|100/100
|turn|34
|
|t:|1760783481
|move|p1a: Lokix|Knock Off|p2a: The guy who shoots
|-damage|p2a: The guy who shoots|30/100
|-enditem|p2a: The guy who shoots|Choice Band|[from] move: Knock Off|[of] p1a: Lokix
|move|p2a: The guy who shoots|Knock Off|p1a: Lokix
|-resisted|p1a: Lokix
|-crit|p1a: Lokix
|-damage|p1a: Lokix|56/100
|-enditem|p1a: Lokix|Choice Band|[from] move: Knock Off|[of] p2a: The guy who shoots
|
|upkeep
|turn|35
|
|t:|1760783504
|switch|p1a: Sandy Shocks|Sandy Shocks|31/100
|move|p2a: The guy who shoots|Bullet Punch|p1a: Sandy Shocks
|-resisted|p1a: Sandy Shocks
|-damage|p1a: Sandy Shocks|10/100
|
|upkeep
|turn|36
|
|t:|1760783515
|move|p2a: The guy who shoots|Bullet Punch|p1a: Sandy Shocks
|-resisted|p1a: Sandy Shocks
|-damage|p1a: Sandy Shocks|0 fnt
|faint|p1a: Sandy Shocks
|-end|p1a: Sandy Shocks|Protosynthesis|[silent]
|
|upkeep
|
|t:|1760783517
|switch|p1a: Lokix|Lokix, M|56/100
|turn|37
|
|t:|1760783521
|switch|p2a: The guy who flies|Zapdos|98/100
|move|p1a: Lokix|First Impression|p2a: The guy who flies
|-resisted|p2a: The guy who flies
|-damage|p2a: The guy who flies|47/100
|
|upkeep
|turn|38
|
|t:|1760783535
|move|p2a: The guy who flies|Volt Switch|p1a: Lokix
|-damage|p1a: Lokix|0 fnt
|faint|p1a: Lokix
|
|t:|1760783537
|switch|p2a: The guy who shoots|Scizor, M|30/100|[from] Volt Switch
|
|upkeep
|
|t:|1760783538
|switch|p1a: Cinderace|Cinderace, F|10/100
|turn|39
|
|t:|1760783542
|move|p1a: Cinderace|Sucker Punch||[still]
|-fail|p1a: Cinderace
|move|p2a: The guy who shoots|Defog|p1a: Cinderace
|-unboost|p1a: Cinderace|evasion|1
|
|upkeep
|turn|40
|
|t:|1760783548
|move|p1a: Cinderace|Pyro Ball|p2a: The guy who shoots
|-supereffective|p2a: The guy who shoots
|-damage|p2a: The guy who shoots|0 fnt
|faint|p2a: The guy who shoots
|
|upkeep
|
|t:|1760783550
|switch|p2a: The guy who flies|Zapdos|47/100
|turn|41
|
|t:|1760783556
|move|p1a: Cinderace|Pyro Ball|p2a: The guy who flies
|-damage|p2a: The guy who flies|0 fnt
|faint|p2a: The guy who flies
|
|win|Froslass_Trainer
|raw|Froslass_Trainer's rating: 1533 &rarr; <strong>1551</strong><br />(+18 for winning)
|raw|Beuhiam's rating: 1501 &rarr; <strong>1483</strong><br />(-18 for losing)
|l|☆Beuhiam
|player|p2|
|l|☆Froslass_Trainer
|player|p1|
