|j|☆jxrx
|j|☆aretse
|t:|1760795382
|gametype|singles
|player|p1|jxrx|norman|1459
|player|p2|aretse|170|1468
|gen|9
|tier|[Gen 9] OU
|rated|
|rule|HP Percentage Mod: HP is shown in percentages
|rule|Endless Battle Clause: Forcing endless battles is banned
|rule|Species Clause: Limit one of each Pokémon
|rule|OHKO Clause: OHKO moves are banned
|rule|Evasion Items Clause: Evasion items are banned
|rule|Evasion Moves Clause: Evasion moves are banned
|rule|Evasion Abilities Clause: Evasion abilities are banned
|rule|Sleep Moves Clause: Sleep-inducing moves are banned
|clearpoke
|poke|p1|Great Tusk|
|poke|p1|Vileplume, M|
|poke|p1|Houndoom, F|
|poke|p1|Dragapult, M|
|poke|p1|Gyarados, M|
|poke|p1|Pachirisu, F|
|poke|p2|Clodsire, F|
|poke|p2|Gliscor, F|
|poke|p2|Alomomola, F|
|poke|p2|Dondozo, F|
|poke|p2|Amoonguss, F|
|poke|p2|Bronzong|
|teampreview
|inactive|Battle timer is ON: inactive players will automatically lose when time's up. (requested by aretse)
|inactive|jxrx has 120 seconds left.
|inactive|aretse has 120 seconds left.
|
|t:|1760795420
|teamsize|p1|6
|teamsize|p2|6
|start
|switch|p1a: Pachirisu|Pachirisu, F|100/100
|switch|p2a: Gliscor|Gliscor, F|100/100
|turn|1
|
|t:|1760795429
|move|p2a: Gliscor|Protect|p2a: Gliscor
|-singleturn|p2a: Gliscor|Protect
|move|p1a: Pachirisu|U-turn|p2a: Gliscor
|-activate|p2a: Gliscor|move: Protect
|
|-status|p2a: Gliscor|tox|[from] item: Toxic Orb
|upkeep
|turn|2
|inactive|aretse has 120 seconds left.
|
|t:|1760795466
|move|p1a: Pachirisu|U-turn|p2a: Gliscor
|-resisted|p2a: Gliscor
|-damage|p2a: Gliscor|98/100 tox
|inactive|jxrx has 120 seconds left.
|inactive|jxrx has 90 seconds left.
|
|t:|1760795539
|switch|p1a: Vileplume|Vileplume, M|100/100|[from] U-turn
|move|p2a: Gliscor|Spikes|p1a: Vileplume
|-sidestart|p1: jxrx|Spikes
|
|-heal|p2a: Gliscor|100/100 tox|[from] ability: Poison Heal
|upkeep
|turn|3
|inactive|aretse has 120 seconds left.
|
|t:|1760795556
|move|p2a: Gliscor|Knock Off|p1a: Vileplume
|-damage|p1a: Vileplume|83/100
|-damage|p2a: Gliscor|84/100 tox|[from] item: Rocky Helmet|[of] p1a: Vileplume
|-enditem|p1a: Vileplume|Rocky Helmet|[from] move: Knock Off|[of] p2a: Gliscor
|move|p1a: Vileplume|Leech Seed|p2a: Gliscor
|-start|p2a: Gliscor|move: Leech Seed
|
|-damage|p2a: Gliscor|71/100 tox|[from] Leech Seed|[of] p1a: Vileplume
|-heal|p1a: Vileplume|95/100|[silent]
|-heal|p2a: Gliscor|84/100 tox|[from] ability: Poison Heal
|upkeep
|turn|4
|inactive|jxrx has 90 seconds left.
|
|t:|1760795578
|move|p2a: Gliscor|Spikes|p1a: Vileplume
|-sidestart|p1: jxrx|Spikes
|move|p1a: Vileplume|Giga Drain|p2a: Gliscor
|-damage|p2a: Gliscor|47/100 tox
|-heal|p1a: Vileplume|100/100|[from] drain|[of] p2a: Gliscor
|
|-damage|p2a: Gliscor|35/100 tox|[from] Leech Seed|[of] p1a: Vileplume
|-heal|p2a: Gliscor|47/100 tox|[from] ability: Poison Heal
|upkeep
|turn|5
|inactive|aretse has 120 seconds left.
|inactive|aretse has 90 seconds left.
|
|t:|1760795635
|switch|p1a: Gyarados|Gyarados, M|100/100
|move|p2a: Gliscor|Protect||[still]
|-fail|p2a: Gliscor
|
|-damage|p2a: Gliscor|35/100 tox|[from] Leech Seed|[of] p1a: Gyarados
|-heal|p2a: Gliscor|47/100 tox|[from] ability: Poison Heal
|upkeep
|turn|6
|
|t:|1760795642
|switch|p2a: Alomomola|Alomomola, F|100/100
|move|p1a: Gyarados|Waterfall|p2a: Alomomola
|-resisted|p2a: Alomomola
|-damage|p2a: Alomomola|88/100
|
|upkeep
|turn|7
|inactive|aretse has 90 seconds left.
|
|t:|1760795660
|move|p1a: Gyarados|Crunch|p2a: Alomomola
|-damage|p2a: Alomomola|70/100
|move|p2a: Alomomola|Whirlpool|p1a: Gyarados
|-resisted|p1a: Gyarados
|-damage|p1a: Gyarados|97/100
|-activate|p1a: Gyarados|move: Whirlpool|[of] p2a: Alomomola
|
|-damage|p1a: Gyarados|85/100|[from] move: Whirlpool|[partiallytrapped]
|upkeep
|turn|8
|
|t:|1760795665
|move|p1a: Gyarados|Dragon Dance|p1a: Gyarados
|-boost|p1a: Gyarados|atk|1
|-boost|p1a: Gyarados|spe|1
|move|p2a: Alomomola|Wish|p2a: Alomomola
|
|-damage|p1a: Gyarados|73/100|[from] move: Whirlpool|[partiallytrapped]
|upkeep
|turn|9
|inactive|aretse has 90 seconds left.
|
|t:|1760795681
|move|p1a: Gyarados|Crunch|p2a: Alomomola
|-damage|p2a: Alomomola|46/100
|move|p2a: Alomomola|Scald|p1a: Gyarados
|-resisted|p1a: Gyarados
|-damage|p1a: Gyarados|66/100
|
|-heal|p2a: Alomomola|96/100|[from] move: Wish|[wisher] Alomomola
|-damage|p1a: Gyarados|54/100|[from] move: Whirlpool|[partiallytrapped]
|upkeep
|turn|10
|
|t:|1760795685
|move|p1a: Gyarados|Crunch|p2a: Alomomola
|-damage|p2a: Alomomola|67/100
|-unboost|p2a: Alomomola|def|1
|move|p2a: Alomomola|Scald|p1a: Gyarados
|-resisted|p1a: Gyarados
|-damage|p1a: Gyarados|47/100
|
|-damage|p1a: Gyarados|35/100|[from] move: Whirlpool|[partiallytrapped]
|upkeep
|turn|11
|inactive|aretse has 90 seconds left.
|
|t:|1760795723
|move|p1a: Gyarados|Dragon Dance|p1a: Gyarados
|-boost|p1a: Gyarados|atk|1
|-boost|p1a: Gyarados|spe|1
|move|p2a: Alomomola|Scald|p1a: Gyarados
|-resisted|p1a: Gyarados
|-damage|p1a: Gyarados|28/100
|
|-damage|p1a: Gyarados|16/100|[from] move: Whirlpool|[partiallytrapped]
|upkeep
|turn|12
|
|t:|1760795728
|move|p1a: Gyarados|Crunch|p2a: Alomomola
|-damage|p2a: Alomomola|10/100
|move|p2a: Alomomola|Scald|p1a: Gyarados
|-resisted|p1a: Gyarados
|-damage|p1a: Gyarados|8/100
|
|-end|p1a: Gyarados|Whirlpool|[partiallytrapped]
|upkeep
|turn|13
|inactive|aretse has 90 seconds left.
|
|t:|1760795738
|switch|p2a: Dondozo|Dondozo, F|100/100
|move|p1a: Gyarados|Crunch|p2a: Dondozo
|-damage|p2a: Dondozo|87/100
|-unboost|p2a: Dondozo|def|1
|
|upkeep
|turn|14
|
|t:|1760795745
|move|p1a: Gyarados|Crunch|p2a: Dondozo
|-damage|p2a: Dondozo|69/100
|move|p2a: Dondozo|Waterfall|p1a: Gyarados
|-resisted|p1a: Gyarados
|-damage|p1a: Gyarados|0 fnt
|faint|p1a: Gyarados
|
|upkeep
|
|t:|1760795757
|switch|p1a: Great Tusk|Great Tusk|100/100
|turn|15
|
|t:|1760795762
|switch|p2a: Amoonguss|Amoonguss, F|100/100
|move|p1a: Great Tusk|Rapid Spin|p2a: Amoonguss
|-damage|p2a: Amoonguss|91/100
|-boost|p1a: Great Tusk|spe|1
|-sideend|p1: jxrx|Spikes|[from] move: Rapid Spin|[of] p1a: Great Tusk
|
|upkeep
|turn|16
|
|t:|1760795769
|-end|p1a: Great Tusk|Protosynthesis|[silent]
|switch|p1a: Pachirisu|Pachirisu, F|100/100
|move|p2a: Amoonguss|Giga Drain|p1a: Pachirisu
|-damage|p1a: Pachirisu|83/100
|-heal|p2a: Amoonguss|98/100|[from] drain|[of] p1a: Pachirisu
|
|upkeep
|turn|17
|inactive|aretse has 120 seconds left.
|
|t:|1760795780
|switch|p2a: Gliscor|Gliscor, F|47/100 tox
|move|p1a: Pachirisu|Super Fang|p2a: Gliscor
|-damage|p2a: Gliscor|24/100 tox
|
|-heal|p2a: Gliscor|36/100 tox|[from] ability: Poison Heal
|upkeep
|turn|18
|
|t:|1760795787
|switch|p1a: Great Tusk|Great Tusk|100/100
|move|p2a: Gliscor|Toxic|p1a: Great Tusk
|-status|p1a: Great Tusk|tox
|
|-heal|p2a: Gliscor|49/100 tox|[from] ability: Poison Heal
|-damage|p1a: Great Tusk|94/100 tox|[from] psn
|upkeep
|turn|19
|
|t:|1760795801
|move|p2a: Gliscor|Protect|p2a: Gliscor
|-singleturn|p2a: Gliscor|Protect
|move|p1a: Great Tusk|Stealth Rock|p2a: Gliscor
|-sidestart|p2: aretse|move: Stealth Rock
|
|-heal|p2a: Gliscor|61/100 tox|[from] ability: Poison Heal
|-damage|p1a: Great Tusk|82/100 tox|[from] psn
|upkeep
|turn|20
|inactive|jxrx has 120 seconds left.
|inactive|jxrx has 90 seconds left.
|inactive|jxrx has 60 seconds left.
|
|t:|1760795896
|switch|p2a: Amoonguss|Amoonguss, F|100/100
|-end|p1a: Great Tusk|Protosynthesis|[silent]
|switch|p1a: Houndoom|Houndoom, F|100/100
|
|upkeep
|turn|21
|
|t:|1760795911
|switch|p2a: Clodsire|Clodsire, F|100/100
|move|p1a: Houndoom|Flamethrower|p2a: Clodsire
|-damage|p2a: Clodsire|80/100
|
|upkeep
|turn|22
|inactive|jxrx has 60 seconds left.
|
|t:|1760795953
|switch|p1a: Great Tusk|Great Tusk|82/100 tox
|move|p2a: Clodsire|Poison Jab|p1a: Great Tusk
|-resisted|p1a: Great Tusk
|-damage|p1a: Great Tusk|77/100 tox
|
|-damage|p1a: Great Tusk|71/100 tox|[from] psn
|upkeep
|turn|23
|
|t:|1760795959
|switch|p2a: Gliscor|Gliscor, F|61/100 tox
|-damage|p2a: Gliscor|49/100 tox|[from] Stealth Rock
|move|p1a: Great Tusk|Knock Off|p2a: Gliscor
|-damage|p2a: Gliscor|31/100 tox
|-enditem|p2a: Gliscor|Toxic Orb|[from] move: Knock Off|[of] p1a: Great Tusk
|
|-heal|p2a: Gliscor|44/100 tox|[from] ability: Poison Heal
|-damage|p1a: Great Tusk|58/100 tox|[from] psn
|upkeep
|turn|24
|
|t:|1760795967
|-end|p1a: Great Tusk|Protosynthesis|[silent]
|switch|p1a: Vileplume|Vileplume, M|100/100
|move|p2a: Gliscor|Spikes|p1a: Vileplume
|-sidestart|p1: jxrx|Spikes
|
|-heal|p2a: Gliscor|56/100 tox|[from] ability: Poison Heal
|upkeep
|turn|25
|
|t:|1760795971
|move|p2a: Gliscor|Spikes|p1a: Vileplume
|-sidestart|p1: jxrx|Spikes
|move|p1a: Vileplume|Giga Drain|p2a: Gliscor
|-damage|p2a: Gliscor|23/100 tox
|
|-heal|p2a: Gliscor|36/100 tox|[from] ability: Poison Heal
|upkeep
|turn|26
|
|t:|1760795975
|switch|p2a: Amoonguss|Amoonguss, F|100/100
|move|p1a: Vileplume|Leech Seed|p2a: Amoonguss
|-immune|p2a: Amoonguss
|
|upkeep
|turn|27
|
|t:|1760795980
|move|p1a: Vileplume|Sludge Wave|p2a: Amoonguss
|-damage|p2a: Amoonguss|69/100
|move|p2a: Amoonguss|Clear Smog|p1a: Vileplume
|-damage|p1a: Vileplume|85/100
|-clearboost|p1a: Vileplume
|
|upkeep
|turn|28
|
|t:|1760795986
|switch|p2a: Alomomola|Alomomola, F|43/100
|move|p1a: Vileplume|Sludge Wave|p2a: Alomomola
|-damage|p2a: Alomomola|12/100
|
|upkeep
|turn|29
|
|t:|1760795989
|switch|p2a: Clodsire|Clodsire, F|80/100
|move|p1a: Vileplume|Sludge Wave|p2a: Clodsire
|-resisted|p2a: Clodsire
|-damage|p2a: Clodsire|75/100
|
|upkeep
|turn|30
|
|t:|1760795994
|move|p1a: Vileplume|Leech Seed|p2a: Clodsire
|-start|p2a: Clodsire|move: Leech Seed
|move|p2a: Clodsire|Earthquake|p1a: Vileplume
|-damage|p1a: Vileplume|62/100
|
|-damage|p2a: Clodsire|63/100|[from] Leech Seed|[of] p1a: Vileplume
|-heal|p1a: Vileplume|78/100|[silent]
|upkeep
|turn|31
|
|t:|1760795997
|switch|p2a: Bronzong|Bronzong|100/100
|-damage|p2a: Bronzong|94/100|[from] Stealth Rock
|move|p1a: Vileplume|Giga Drain|p2a: Bronzong
|-resisted|p2a: Bronzong
|-damage|p2a: Bronzong|85/100
|-heal|p1a: Vileplume|83/100|[from] drain|[of] p2a: Bronzong
|
|-heal|p2a: Bronzong|92/100|[from] item: Leftovers
|upkeep
|turn|32
|
|t:|1760796002
|move|p1a: Vileplume|Leech Seed|p2a: Bronzong|[miss]
|-miss|p1a: Vileplume|p2a: Bronzong
|move|p2a: Bronzong|Stealth Rock|p1a: Vileplume
|-sidestart|p1: jxrx|move: Stealth Rock
|
|-heal|p2a: Bronzong|98/100|[from] item: Leftovers
|upkeep
|turn|33
|
|t:|1760796005
|move|p1a: Vileplume|Leech Seed|p2a: Bronzong
|-start|p2a: Bronzong|move: Leech Seed
|move|p2a: Bronzong|Night Shade|p1a: Vileplume
|-damage|p1a: Vileplume|54/100
|
|-heal|p2a: Bronzong|100/100|[from] item: Leftovers
|-damage|p2a: Bronzong|88/100|[from] Leech Seed|[of] p1a: Vileplume
|-heal|p1a: Vileplume|66/100|[silent]
|upkeep
|turn|34
|
|t:|1760796008
|switch|p2a: Amoonguss|Amoonguss, F|100/100
|move|p1a: Vileplume|Strength Sap|p2a: Amoonguss
|-unboost|p2a: Amoonguss|atk|1
|-heal|p1a: Vileplume|100/100
|
|upkeep
|turn|35
|
|t:|1760796020
|switch|p2a: Gliscor|Gliscor, F|36/100 tox
|-damage|p2a: Gliscor|23/100 tox|[from] Stealth Rock
|move|p1a: Vileplume|Sludge Wave|p2a: Gliscor
|-resisted|p2a: Gliscor
|-damage|p2a: Gliscor|2/100 tox
|
|-heal|p2a: Gliscor|15/100 tox|[from] ability: Poison Heal
|upkeep
|turn|36
|
|t:|1760796024
|move|p2a: Gliscor|Protect|p2a: Gliscor
|-singleturn|p2a: Gliscor|Protect
|move|p1a: Vileplume|Giga Drain|p2a: Gliscor
|-activate|p2a: Gliscor|move: Protect
|
|-heal|p2a: Gliscor|27/100 tox|[from] ability: Poison Heal
|upkeep
|turn|37
|
|t:|1760796028
|switch|p2a: Amoonguss|Amoonguss, F|100/100
|move|p1a: Vileplume|Giga Drain|p2a: Amoonguss
|-resisted|p2a: Amoonguss
|-damage|p2a: Amoonguss|94/100
|
|upkeep
|turn|38
|
|t:|1760796033
|switch|p2a: Bronzong|Bronzong|88/100
|-damage|p2a: Bronzong|82/100|[from] Stealth Rock
|move|p1a: Vileplume|Sludge Wave|p2a: Bronzong
|-immune|p2a: Bronzong
|
|-heal|p2a: Bronzong|88/100|[from] item: Leftovers
|upkeep
|turn|39
|
|t:|1760796038
|move|p2a: Bronzong|Protect|p2a: Bronzong
|-singleturn|p2a: Bronzong|Protect
|move|p1a: Vileplume|Leech Seed|p2a: Bronzong
|-activate|p2a: Bronzong|move: Protect
|
|-heal|p2a: Bronzong|94/100|[from] item: Leftovers
|upkeep
|turn|40
|
|t:|1760796040
|move|p1a: Vileplume|Leech Seed|p2a: Bronzong
|-start|p2a: Bronzong|move: Leech Seed
|move|p2a: Bronzong|Night Shade|p1a: Vileplume
|-damage|p1a: Vileplume|72/100
|
|-heal|p2a: Bronzong|100/100|[from] item: Leftovers
|-damage|p2a: Bronzong|88/100|[from] Leech Seed|[of] p1a: Vileplume
|-heal|p1a: Vileplume|84/100|[silent]
|upkeep
|turn|41
|
|t:|1760796044
|switch|p1a: Houndoom|Houndoom, F|100/100
|-damage|p1a: Houndoom|84/100|[from] Spikes
|-damage|p1a: Houndoom|59/100|[from] Stealth Rock
|move|p2a: Bronzong|Night Shade|p1a: Houndoom
|-damage|p1a: Houndoom|25/100
|
|-heal|p2a: Bronzong|94/100|[from] item: Leftovers
|-damage|p2a: Bronzong|82/100|[from] Leech Seed|[of] p1a: Houndoom
|-heal|p1a: Houndoom|39/100|[silent]
|upkeep
|turn|42
|
|t:|1760796049
|switch|p2a: Clodsire|Clodsire, F|63/100
|move|p1a: Houndoom|Dark Pulse|p2a: Clodsire
|-damage|p2a: Clodsire|44/100
|
|upkeep
|turn|43
|
|t:|1760796054
|move|p1a: Houndoom|Dark Pulse|p2a: Clodsire
|-damage|p2a: Clodsire|24/100
|cant|p2a: Clodsire|flinch
|
|upkeep
|turn|44
|
|t:|1760796057
|move|p1a: Houndoom|Dark Pulse|p2a: Clodsire
|-damage|p2a: Clodsire|4/100
|cant|p2a: Clodsire|flinch
|
|upkeep
|turn|45
|l|☆aretse
|inactive|aretse disconnected and has a minute to reconnect!
|player|p2|
|inactive|aretse has 30 seconds to reconnect!
|inactive|aretse has 20 seconds to reconnect!
|inactive|aretse has 15 seconds to reconnect!
|inactive|aretse has 10 seconds to reconnect!
|inactive|aretse has 5 seconds to reconnect!
|-message|aretse lost due to inactivity.
|
|win|jxrx
|raw|jxrx's rating: 1459 &rarr; <strong>1480</strong><br />(+21 for winning)
|raw|aretse's rating: 1468 &rarr; <strong>1447</strong><br />(-21 for losing)
|l|☆jxrx
|player|p1|
