|j|☆trubeliever
|j|☆galar8
|t:|1760858556
|gametype|singles
|player|p1|trubeliever|pokemaniac|1156
|player|p2|galar8|caitlin-masters|1159
|gen|9
|tier|[Gen 9] OU
|rated|
|rule|HP Percentage Mod: HP is shown in percentages
|rule|Endless Battle Clause: Forcing endless battles is banned
|rule|Species Clause: Limit one of each Pokémon
|rule|OHKO Clause: OHKO moves are banned
|rule|Evasion Items Clause: Evasion items are banned
|rule|Evasion Moves Clause: Evasion moves are banned
|rule|Evasion Abilities Clause: Evasion abilities are banned
|rule|Sleep Moves Clause: Sleep-inducing moves are banned
|clearpoke
|poke|p1|Dragapult, F|
|poke|p1|Slowking-Galar, F|
|poke|p1|Hatterene, F|
|poke|p1|Gholdengo|
|poke|p1|Samurott-Hisui, M|
|poke|p1|Gliscor, F|
|poke|p2|Garganacl, F|
|poke|p2|Toxapex, F|
|poke|p2|Jumpluff, M|
|poke|p2|Corviknight, F|
|poke|p2|Lycanroc, M|
|poke|p2|Gliscor, M|
|teampreview
|inactive|Battle timer is ON: inactive players will automatically lose when time's up. (requested by galar8)
|inactive|trubeliever also wants the timer to be on.
|
|t:|1760858572
|teamsize|p1|6
|teamsize|p2|6
|start
|switch|p1a: Dragapult|Dragapult, F, shiny|100/100
|switch|p2a: Lycanroc|Lycanroc, M|100/100
|turn|1
|
|t:|1760858580
|move|p1a: Dragapult|Will-O-Wisp|p2a: Lycanroc
|-status|p2a: Lycanroc|brn
|move|p2a: Lycanroc|Taunt|p1a: Dragapult
|-start|p1a: Dragapult|move: Taunt
|
|-damage|p2a: Lycanroc|94/100 brn|[from] brn
|upkeep
|turn|2
|
|t:|1760858587
|move|p1a: Dragapult|Hex|p2a: Lycanroc
|-damage|p2a: Lycanroc|26/100 brn
|move|p2a: Lycanroc|Stealth Rock|p1a: Dragapult
|-sidestart|p1: trubeliever|move: Stealth Rock
|
|-damage|p2a: Lycanroc|19/100 brn|[from] brn
|upkeep
|turn|3
|
|t:|1760858592
|move|p2a: Lycanroc|Accelerock|p1a: Dragapult
|-damage|p1a: Dragapult|91/100
|move|p1a: Dragapult|Hex|p2a: Lycanroc
|-damage|p2a: Lycanroc|0 fnt
|faint|p2a: Lycanroc
|
|upkeep
|
|t:|1760858602
|switch|p2a: Gliscor|Gliscor, M|100/100
|turn|4
|
|t:|1760858613
|move|p2a: Gliscor|Protect|p2a: Gliscor
|-singleturn|p2a: Gliscor|Protect
|move|p1a: Dragapult|U-turn|p2a: Gliscor
|-activate|p2a: Gliscor|move: Protect
|
|-end|p1a: Dragapult|move: Taunt
|-status|p2a: Gliscor|tox|[from] item: Toxic Orb
|upkeep
|turn|5
|
|t:|1760858622
|move|p1a: Dragapult|Hex|p2a: Gliscor
|-damage|p2a: Gliscor|37/100 tox
|move|p2a: Gliscor|Knock Off|p1a: Dragapult
|-supereffective|p1a: Dragapult
|-damage|p1a: Dragapult|27/100
|-enditem|p1a: Dragapult|Heavy-Duty Boots|[from] move: Knock Off|[of] p2a: Gliscor
|
|-heal|p2a: Gliscor|49/100 tox|[from] ability: Poison Heal
|upkeep
|turn|6
|
|t:|1760858630
|switch|p2a: Toxapex|Toxapex, F, shiny|100/100
|move|p1a: Dragapult|Hex|p2a: Toxapex
|-damage|p2a: Toxapex|78/100
|
|-heal|p2a: Toxapex|85/100|[from] item: Leftovers
|upkeep
|turn|7
|
|t:|1760858637
|move|p2a: Toxapex|Baneful Bunker|p2a: Toxapex
|-singleturn|p2a: Toxapex|move: Protect
|move|p1a: Dragapult|Will-O-Wisp|p2a: Toxapex
|-activate|p2a: Toxapex|move: Protect
|
|-heal|p2a: Toxapex|91/100|[from] item: Leftovers
|upkeep
|turn|8
|
|t:|1760858646
|move|p1a: Dragapult|Will-O-Wisp|p2a: Toxapex
|-status|p2a: Toxapex|brn
|move|p2a: Toxapex|Toxic Spikes|p1a: Dragapult
|-sidestart|p1: trubeliever|move: Toxic Spikes
|
|-heal|p2a: Toxapex|97/100 brn|[from] item: Leftovers
|-damage|p2a: Toxapex|91/100 brn|[from] brn
|upkeep
|turn|9
|
|t:|1760858669
|switch|p2a: Corviknight|Corviknight, F|100/100
|-ability|p2a: Corviknight|Pressure
|move|p1a: Dragapult|U-turn|p2a: Corviknight
|-resisted|p2a: Corviknight
|-damage|p2a: Corviknight|96/100
|
|t:|1760858678
|switch|p1a: Slowking|Slowking-Galar, F|100/100|[from] U-turn
|-sideend|p1: trubeliever|move: Toxic Spikes|[of] p1a: Slowking
|
|-heal|p2a: Corviknight|100/100|[from] item: Leftovers
|upkeep
|turn|10
|
|t:|1760858691
|switch|p2a: Garganacl|Garganacl, F|100/100
|move|p1a: Slowking|Thunder Wave|p2a: Garganacl
|-immune|p2a: Garganacl|[from] ability: Purifying Salt
|
|upkeep
|turn|11
|
|t:|1760858698
|move|p2a: Garganacl|Salt Cure|p1a: Slowking
|-damage|p1a: Slowking|87/100
|-start|p1a: Slowking|Salt Cure
|-prepare|p1a: Slowking|Chilly Reception|[premajor]
|move|p1a: Slowking|Chilly Reception|p1a: Slowking
|-weather|Snowscape
|
|t:|1760858704
|switch|p1a: Gliscor|Gliscor, F|100/100|[from] Chilly Reception
|-damage|p1a: Gliscor|88/100|[from] Stealth Rock
|
|-weather|Snowscape|[upkeep]
|-status|p1a: Gliscor|tox|[from] item: Toxic Orb
|upkeep
|turn|12
|
|t:|1760858710
|move|p1a: Gliscor|Knock Off|p2a: Garganacl
|-damage|p2a: Garganacl|91/100
|-enditem|p2a: Garganacl|Heavy-Duty Boots|[from] move: Knock Off|[of] p1a: Gliscor
|move|p2a: Garganacl|Salt Cure|p1a: Gliscor
|-damage|p1a: Gliscor|77/100 tox
|-start|p1a: Gliscor|Salt Cure
|
|-weather|Snowscape|[upkeep]
|-heal|p1a: Gliscor|89/100 tox|[from] ability: Poison Heal
|-damage|p1a: Gliscor|77/100 tox|[from] Salt Cure
|upkeep
|turn|13
|
|t:|1760858736
|move|p1a: Gliscor|U-turn|p2a: Garganacl
|-damage|p2a: Garganacl|82/100
|
|t:|1760858738
|switch|p1a: Samurott|Samurott-Hisui, M|100/100|[from] U-turn
|move|p2a: Garganacl|Body Press|p1a: Samurott
|-supereffective|p1a: Samurott
|-damage|p1a: Samurott|28/100
|
|-weather|Snowscape|[upkeep]
|upkeep
|turn|14
|
|t:|1760858764
|switch|p1a: Hatterene|Hatterene, F|100/100
|-damage|p1a: Hatterene|88/100|[from] Stealth Rock
|-terastallize|p2a: Garganacl|Steel
|move|p2a: Garganacl|Salt Cure|p1a: Hatterene
|-damage|p1a: Hatterene|76/100
|-start|p1a: Hatterene|Salt Cure
|-enditem|p1a: Hatterene|Red Card|[of] p2a: Garganacl
|drag|p2a: Corviknight|Corviknight, F|100/100
|-ability|p2a: Corviknight|Pressure
|
|-weather|Snowscape|[upkeep]
|-damage|p1a: Hatterene|64/100|[from] Salt Cure
|upkeep
|turn|15
|inactive|galar8 has 120 seconds left.
|
|t:|1760858786
|switch|p2a: Jumpluff|Jumpluff, M|100/100
|move|p1a: Hatterene|Healing Wish|p1a: Hatterene
|faint|p1a: Hatterene
|
|-weather|none
|upkeep
|inactive|trubeliever has 120 seconds left.
|
|t:|1760858799
|switch|p1a: Slowking|Slowking-Galar, F|100/100
|turn|16
|
|t:|1760858807
|move|p2a: Jumpluff|Leech Seed|p1a: Slowking
|-start|p1a: Slowking|move: Leech Seed
|move|p1a: Slowking|Thunder Wave|p2a: Jumpluff
|-status|p2a: Jumpluff|par
|
|-damage|p1a: Slowking|88/100|[from] Leech Seed|[of] p2a: Jumpluff
|upkeep
|turn|17
|
|t:|1760858812
|move|p2a: Jumpluff|Substitute|p2a: Jumpluff
|-start|p2a: Jumpluff|Substitute
|-damage|p2a: Jumpluff|76/100 par
|move|p1a: Slowking|Sludge Bomb|p2a: Jumpluff
|-supereffective|p2a: Jumpluff
|-end|p2a: Jumpluff|Substitute
|
|-damage|p1a: Slowking|76/100|[from] Leech Seed|[of] p2a: Jumpluff
|-heal|p2a: Jumpluff|89/100 par|[silent]
|upkeep
|turn|18
|
|t:|1760858823
|switch|p2a: Corviknight|Corviknight, F|100/100
|-ability|p2a: Corviknight|Pressure
|move|p1a: Slowking|Psychic Noise|p2a: Corviknight
|-resisted|p2a: Corviknight
|-damage|p2a: Corviknight|90/100
|-start|p2a: Corviknight|move: Heal Block
|
|-damage|p1a: Slowking|63/100|[from] Leech Seed|[of] p2a: Corviknight
|upkeep
|turn|19
|
|t:|1760858841
|switch|p2a: Gliscor|Gliscor, M|49/100 tox
|-prepare|p1a: Slowking|Chilly Reception|[premajor]
|move|p1a: Slowking|Chilly Reception|p1a: Slowking
|-weather|Snowscape
|
|t:|1760858844
|switch|p1a: Dragapult|Dragapult, F, shiny|27/100|[from] Chilly Reception
|-heal|p1a: Dragapult|100/100|[from] move: Healing Wish
|-damage|p1a: Dragapult|88/100|[from] Stealth Rock
|
|-weather|Snowscape|[upkeep]
|-heal|p2a: Gliscor|62/100 tox|[from] ability: Poison Heal
|upkeep
|turn|20
|
|t:|1760858853
|move|p2a: Gliscor|Protect|p2a: Gliscor
|-singleturn|p2a: Gliscor|Protect
|move|p1a: Dragapult|Hex|p2a: Gliscor
|-activate|p2a: Gliscor|move: Protect
|
|-weather|Snowscape|[upkeep]
|-heal|p2a: Gliscor|74/100 tox|[from] ability: Poison Heal
|upkeep
|turn|21
|
|t:|1760858860
|move|p1a: Dragapult|Hex|p2a: Gliscor
|-damage|p2a: Gliscor|11/100 tox
|move|p2a: Gliscor|Toxic|p1a: Dragapult
|-status|p1a: Dragapult|tox
|
|-weather|Snowscape|[upkeep]
|-damage|p1a: Dragapult|82/100 tox|[from] psn
|-heal|p2a: Gliscor|24/100 tox|[from] ability: Poison Heal
|upkeep
|turn|22
|
|t:|1760858873
|switch|p1a: Gholdengo|Gholdengo|100/100
|-damage|p1a: Gholdengo|94/100|[from] Stealth Rock
|move|p2a: Gliscor|Protect||[still]
|-fail|p2a: Gliscor
|
|-weather|Snowscape|[upkeep]
|-heal|p2a: Gliscor|36/100 tox|[from] ability: Poison Heal
|upkeep
|turn|23
|
|t:|1760858881
|move|p2a: Gliscor|Protect|p2a: Gliscor
|-singleturn|p2a: Gliscor|Protect
|move|p1a: Gholdengo|Hex|p2a: Gliscor
|-activate|p2a: Gliscor|move: Protect
|
|-weather|none
|-heal|p2a: Gliscor|49/100 tox|[from] ability: Poison Heal
|upkeep
|turn|24
|
|t:|1760858894
|switch|p2a: Garganacl|Garganacl, F, tera:Steel|82/100
|move|p1a: Gholdengo|Hex|p2a: Garganacl
|-damage|p2a: Garganacl|66/100
|
|upkeep
|turn|25
|
|t:|1760858905
|switch|p1a: Slowking|Slowking-Galar, F|96/100
|move|p2a: Garganacl|Salt Cure|p1a: Slowking
|-damage|p1a: Slowking|82/100
|-start|p1a: Slowking|Salt Cure
|
|-damage|p1a: Slowking|69/100|[from] Salt Cure
|upkeep
|turn|26
|
|t:|1760858913
|move|p2a: Garganacl|Protect|p2a: Garganacl
|-singleturn|p2a: Garganacl|Protect
|-prepare|p1a: Slowking|Chilly Reception|[premajor]
|move|p1a: Slowking|Chilly Reception|p1a: Slowking
|-weather|Snowscape
|
|t:|1760858919
|switch|p1a: Samurott|Samurott-Hisui, M|28/100|[from] Chilly Reception
|
|-weather|Snowscape|[upkeep]
|upkeep
|turn|27
|
|t:|1760858925
|move|p1a: Samurott|Encore|p2a: Garganacl
|-start|p2a: Garganacl|Encore
|move|p2a: Garganacl|Protect||[still]
|-fail|p2a: Garganacl
|
|-weather|Snowscape|[upkeep]
|upkeep
|turn|28
|
|t:|1760858934
|switch|p2a: Toxapex|Toxapex, F, shiny|100/100 brn
|move|p1a: Samurott|Ceaseless Edge|p2a: Toxapex
|-damage|p2a: Toxapex|73/100 brn
|-sidestart|p2: galar8|Spikes
|
|-weather|Snowscape|[upkeep]
|-heal|p2a: Toxapex|79/100 brn|[from] item: Leftovers
|-damage|p2a: Toxapex|73/100 brn|[from] brn
|upkeep
|turn|29
|
|t:|1760858951
|switch|p1a: Gholdengo|Gholdengo|94/100
|-damage|p1a: Gholdengo|88/100|[from] Stealth Rock
|move|p2a: Toxapex|Baneful Bunker||[still]
|-fail|p2a: Toxapex
|
|-weather|Snowscape|[upkeep]
|-heal|p2a: Toxapex|79/100 brn|[from] item: Leftovers
|-damage|p2a: Toxapex|73/100 brn|[from] brn
|upkeep
|turn|30
|
|t:|1760858962
|switch|p2a: Corviknight|Corviknight, F|90/100
|-ability|p2a: Corviknight|Pressure
|move|p1a: Gholdengo|Hex|p2a: Corviknight
|-damage|p2a: Corviknight|68/100
|
|-weather|none
|-heal|p2a: Corviknight|74/100|[from] item: Leftovers
|upkeep
|turn|31
|
|t:|1760858968
|move|p1a: Gholdengo|Thunder Wave|p2a: Corviknight
|-status|p2a: Corviknight|par
|move|p2a: Corviknight|Defog|p1a: Gholdengo
|-immune|p1a: Gholdengo|[from] ability: Good as Gold
|
|-heal|p2a: Corviknight|80/100 par|[from] item: Leftovers
|upkeep
|turn|32
|
|t:|1760858976
|switch|p2a: Garganacl|Garganacl, F, tera:Steel|66/100
|-damage|p2a: Garganacl|54/100|[from] Spikes
|move|p1a: Gholdengo|Hex|p2a: Garganacl
|-damage|p2a: Garganacl|39/100
|
|upkeep
|turn|33
|
|t:|1760858987
|move|p1a: Gholdengo|Hex|p2a: Garganacl
|-damage|p2a: Garganacl|24/100
|move|p2a: Garganacl|Recover|p2a: Garganacl
|-heal|p2a: Garganacl|74/100
|
|upkeep
|turn|34
|
|t:|1760858996
|move|p1a: Gholdengo|Hex|p2a: Garganacl
|-damage|p2a: Garganacl|57/100
|move|p2a: Garganacl|Salt Cure|p1a: Gholdengo
|-resisted|p1a: Gholdengo
|-damage|p1a: Gholdengo|83/100
|-start|p1a: Gholdengo|Salt Cure
|
|-damage|p1a: Gholdengo|58/100|[from] Salt Cure
|upkeep
|turn|35
|
|t:|1760859002
|move|p1a: Gholdengo|Recover|p1a: Gholdengo
|-heal|p1a: Gholdengo|100/100
|move|p2a: Garganacl|Salt Cure|p1a: Gholdengo
|-resisted|p1a: Gholdengo
|-damage|p1a: Gholdengo|94/100
|
|-damage|p1a: Gholdengo|69/100|[from] Salt Cure
|upkeep
|turn|36
|
|t:|1760859009
|switch|p1a: Slowking|Slowking-Galar, F|100/100
|move|p2a: Garganacl|Recover|p2a: Garganacl
|-heal|p2a: Garganacl|100/100
|
|upkeep
|turn|37
|
|t:|1760859019
|switch|p2a: Gliscor|Gliscor, M|49/100 tox
|move|p1a: Slowking|Psychic Noise|p2a: Gliscor
|-damage|p2a: Gliscor|16/100 tox
|-start|p2a: Gliscor|move: Heal Block
|
|upkeep
|turn|38
|
|t:|1760859029
|move|p2a: Gliscor|Earthquake|p1a: Slowking
|-supereffective|p1a: Slowking
|-damage|p1a: Slowking|33/100
|move|p1a: Slowking|Psychic Noise|p2a: Gliscor
|-damage|p2a: Gliscor|0 fnt
|faint|p2a: Gliscor
|
|upkeep
|
|t:|1760859036
|switch|p2a: Garganacl|Garganacl, F, tera:Steel|100/100
|-damage|p2a: Garganacl|88/100|[from] Spikes
|turn|39
|
|t:|1760859041
|switch|p2a: Jumpluff|Jumpluff, M|89/100 par
|-prepare|p1a: Slowking|Chilly Reception|[premajor]
|move|p1a: Slowking|Chilly Reception|p1a: Slowking
|-weather|Snowscape
|-message|galar8 forfeited.
|
|win|trubeliever
|raw|trubeliever's rating: 1156 &rarr; <strong>1181</strong><br />(+25 for winning)
|raw|galar8's rating: 1159 &rarr; <strong>1134</strong><br />(-25 for losing)
|l|☆galar8
|player|p2|
|l|☆trubeliever
|player|p1|
