|j|☆vboluo0116
|j|☆ddsvrefwqcd
|t:|1760785287
|gametype|singles
|player|p1|vboluo0116|steven|1143
|player|p2|ddsvrefwqcd|aromalady|1147
|gen|9
|tier|[Gen 9] OU
|rated|
|rule|HP Percentage Mod: HP is shown in percentages
|rule|Endless Battle Clause: Forcing endless battles is banned
|rule|Species Clause: Limit one of each Pokémon
|rule|OHKO Clause: OHKO moves are banned
|rule|Evasion Items Clause: Evasion items are banned
|rule|Evasion Moves Clause: Evasion moves are banned
|rule|Evasion Abilities Clause: Evasion abilities are banned
|rule|Sleep Moves Clause: Sleep-inducing moves are banned
|clearpoke
|poke|p1|Orthworm, M|
|poke|p1|Ogerpon-Wellspring, F|
|poke|p1|Gliscor, M|
|poke|p1|Heatran, M|
|poke|p1|Dondozo, M|
|poke|p1|Slowking-Galar, M|
|poke|p2|Ribombee, M|
|poke|p2|Deoxys-Speed|
|poke|p2|Dragapult, F|
|poke|p2|Primarina, M|
|poke|p2|Ceruledge, F|
|poke|p2|Meowscarada, M|
|teampreview
|inactive|Battle timer is ON: inactive players will automatically lose when time's up. (requested by vboluo0116)
|c|☆ddsvrefwqcd|glhf
|
|t:|1760785292
|teamsize|p1|6
|teamsize|p2|6
|start
|switch|p1a: Heatran|Heatran, M|100/100
|switch|p2a: Ribombee|Ribombee, M|100/100
|turn|1
|
|t:|1760785300
|move|p2a: Ribombee|Sticky Web|p1a: Heatran
|-sidestart|p1: vboluo0116|move: Sticky Web
|move|p1a: Heatran|Flamethrower|p2a: Ribombee
|-supereffective|p2a: Ribombee
|-enditem|p2a: Ribombee|Focus Sash
|-damage|p2a: Ribombee|1/100
|
|upkeep
|turn|2
|
|t:|1760785314
|switch|p1a: Orthworm|Orthworm, M|100/100
|-activate|p1a: Orthworm|move: Sticky Web
|-unboost|p1a: Orthworm|spe|1
|move|p2a: Ribombee|Stun Spore|p1a: Orthworm
|-status|p1a: Orthworm|par
|
|upkeep
|turn|3
|
|t:|1760785330
|switch|p2a: Dragapult|Dragapult, F, shiny|100/100
|move|p1a: Orthworm|Stealth Rock|p2a: Dragapult
|-sidestart|p2: ddsvrefwqcd|move: Stealth Rock
|
|upkeep
|turn|4
|
|t:|1760785339
|switch|p2a: Ceruledge|Ceruledge, F, shiny|100/100
|-damage|p2a: Ceruledge|76/100|[from] Stealth Rock
|switch|p1a: Heatran|Heatran, M|100/100
|-activate|p1a: Heatran|move: Sticky Web
|-unboost|p1a: Heatran|spe|1
|
|upkeep
|turn|5
|
|t:|1760785348
|move|p2a: Ceruledge|Swords Dance|p2a: Ceruledge
|-boost|p2a: Ceruledge|atk|2
|move|p1a: Heatran|Earth Power|p2a: Ceruledge
|-supereffective|p2a: Ceruledge
|-damage|p2a: Ceruledge|0 fnt
|faint|p2a: Ceruledge
|
|upkeep
|
|t:|1760785364
|switch|p2a: Meowscarada|Meowscarada, M|100/100
|turn|6
|
|t:|1760785373
|-terastallize|p1a: Heatran|Grass
|move|p2a: Meowscarada|Knock Off|p1a: Heatran
|-start|p2a: Meowscarada|typechange|Dark|[from] ability: Protean
|-crit|p1a: Heatran
|-damage|p1a: Heatran|48/100
|-enditem|p1a: Heatran|Leftovers|[from] move: Knock Off|[of] p2a: Meowscarada
|move|p1a: Heatran|Flamethrower|p2a: Meowscarada
|-crit|p2a: Meowscarada
|-damage|p2a: Meowscarada|0 fnt
|faint|p2a: Meowscarada
|
|upkeep
|-message|ddsvrefwqcd forfeited.
|
|win|vboluo0116
|raw|vboluo0116's rating: 1143 &rarr; <strong>1168</strong><br />(+25 for winning)
|raw|ddsvrefwqcd's rating: 1147 &rarr; <strong>1122</strong><br />(-25 for losing)
|l|☆ddsvrefwqcd
|player|p2|
|l|☆vboluo0116
|player|p1|
