|j|☆turbotoby95
|j|☆Test4823
|t:|1760761716
|gametype|singles
|player|p1|turbotoby95|265|1413
|player|p2|Test4823|101|1460
|gen|9
|tier|[Gen 9] OU
|rated|
|rule|HP Percentage Mod: HP is shown in percentages
|rule|Endless Battle Clause: Forcing endless battles is banned
|rule|Species Clause: Limit one of each Pokémon
|rule|OHKO Clause: OHKO moves are banned
|rule|Evasion Items Clause: Evasion items are banned
|rule|Evasion Moves Clause: Evasion moves are banned
|rule|Evasion Abilities Clause: Evasion abilities are banned
|rule|Sleep Moves Clause: Sleep-inducing moves are banned
|clearpoke
|poke|p1|Vaporeon, F|
|poke|p1|Ting-Lu|
|poke|p1|Darkrai|
|poke|p1|Gholdengo|
|poke|p1|Ditto|
|poke|p1|Dragonite, F|
|poke|p2|Landorus-Therian, M|
|poke|p2|Heatran, F|
|poke|p2|Toxapex, F|
|poke|p2|Goodra-Hisui, F|
|poke|p2|Meowscarada, M|
|poke|p2|Weezing-Galar, M|
|teampreview
|inactive|Battle timer is ON: inactive players will automatically lose when time's up. (requested by Test4823)
|
|t:|1760761736
|teamsize|p1|6
|teamsize|p2|6
|start
|switch|p1a: Yoink!|Ditto, shiny|100/100
|switch|p2a: Meowscarada|Meowscarada, M|100/100
|-transform|p1a: Yoink!|p2a: Meowscarada|[from] ability: Imposter
|turn|1
|-activate|p1a: Yoink!|item: Quick Claw
|
|t:|1760761742
|switch|p2a: Goodra|Goodra-Hisui, F|100/100
|move|p1a: Yoink!|Triple Axel|p2a: Goodra
|-start|p1a: Yoink!|typechange|Ice|[from] ability: Protean
|-damage|p2a: Goodra|93/100
|-damage|p2a: Goodra|78/100
|-damage|p2a: Goodra|56/100
|-hitcount|p2a: Goodra|3
|
|-heal|p2a: Goodra|62/100|[from] item: Leftovers
|upkeep
|turn|2
|
|t:|1760761752
|move|p1a: Yoink!|U-turn|p2a: Goodra
|-resisted|p2a: Goodra
|-damage|p2a: Goodra|53/100
|
|t:|1760761755
|switch|p1a: Gyatdengo|Gholdengo|100/100|[from] U-turn
|move|p2a: Goodra|Knock Off|p1a: Gyatdengo
|-supereffective|p1a: Gyatdengo
|-damage|p1a: Gyatdengo|52/100
|-enditem|p1a: Gyatdengo|Choice Scarf|[from] move: Knock Off|[of] p2a: Goodra
|
|-heal|p2a: Goodra|59/100|[from] item: Leftovers
|upkeep
|turn|3
|
|t:|1760761764
|move|p2a: Goodra|Protect|p2a: Goodra
|-singleturn|p2a: Goodra|Protect
|move|p1a: Gyatdengo|Trick|p2a: Goodra
|-activate|p2a: Goodra|move: Protect
|
|-heal|p2a: Goodra|65/100|[from] item: Leftovers
|upkeep
|turn|4
|
|t:|1760761769
|switch|p2a: Landorus|Landorus-Therian, M|100/100
|-ability|p2a: Landorus|Intimidate|boost
|-unboost|p1a: Gyatdengo|atk|1
|move|p1a: Gyatdengo|Trick|p2a: Landorus
|-activate|p1a: Gyatdengo|move: Trick|[of] p2a: Landorus
|-enditem|p2a: Landorus|Choice Scarf|[silent]|[from] move: Trick
|-item|p1a: Gyatdengo|Choice Scarf|[from] move: Trick
|
|upkeep
|turn|5
|
|t:|1760761779
|switch|p1a: Yoink!|Ditto, shiny|100/100
|-transform|p1a: Yoink!|p2a: Landorus|[from] ability: Imposter
|-ability|p1a: Yoink!|Intimidate|boost
|-unboost|p2a: Landorus|atk|1
|move|p2a: Landorus|Earthquake|p1a: Yoink!
|-immune|p1a: Yoink!
|
|upkeep
|turn|6
|
|t:|1760761782
|switch|p2a: Weezing|Weezing-Galar, M|100/100
|move|p1a: Yoink!|Stealth Rock|p2a: Weezing
|-sidestart|p2: Test4823|move: Stealth Rock
|
|upkeep
|turn|7
|
|t:|1760761786
|move|p1a: Yoink!|U-turn|p2a: Weezing
|-resisted|p2a: Weezing
|-damage|p2a: Weezing|94/100
|
|t:|1760761791
|switch|p1a: Gyatdengo|Gholdengo|52/100|[from] U-turn
|move|p2a: Weezing|Strange Steam|p1a: Gyatdengo
|-resisted|p1a: Gyatdengo
|-damage|p1a: Gyatdengo|32/100
|
|-heal|p2a: Weezing|99/100|[from] item: Leftovers
|upkeep
|turn|8
|
|t:|1760761800
|switch|p2a: Heatran|Heatran, F|100/100
|-damage|p2a: Heatran|88/100|[from] Stealth Rock
|-item|p2a: Heatran|Air Balloon
|move|p1a: Gyatdengo|Thunder Wave|p2a: Heatran
|-status|p2a: Heatran|par
|
|upkeep
|turn|9
|
|t:|1760761811
|switch|p1a: Ting-Lu|Ting-Lu|100/100
|-ability|p1a: Ting-Lu|Vessel of Ruin
|move|p2a: Heatran|Magma Storm|p1a: Ting-Lu|[miss]
|-miss|p2a: Heatran|p1a: Ting-Lu
|
|upkeep
|turn|10
|
|t:|1760761821
|move|p1a: Ting-Lu|Throat Chop|p2a: Heatran
|-damage|p2a: Heatran|64/100 par
|-start|p2a: Heatran|Throat Chop|[silent]
|-enditem|p2a: Heatran|Air Balloon
|move|p2a: Heatran|Taunt|p1a: Ting-Lu
|-start|p1a: Ting-Lu|move: Taunt
|
|upkeep
|turn|11
|
|t:|1760761826
|switch|p1a: Yoink!|Ditto, shiny|100/100
|-transform|p1a: Yoink!|p2a: Heatran|[from] ability: Imposter
|switch|p2a: Weezing|Weezing-Galar, M|99/100
|-damage|p2a: Weezing|87/100|[from] Stealth Rock
|
|-heal|p2a: Weezing|94/100|[from] item: Leftovers
|upkeep
|turn|12
|
|t:|1760761834
|switch|p2a: Goodra|Goodra-Hisui, F|65/100
|-damage|p2a: Goodra|59/100|[from] Stealth Rock
|move|p1a: Yoink!|Flash Cannon|p2a: Goodra
|-resisted|p2a: Goodra
|-damage|p2a: Goodra|43/100
|-unboost|p2a: Goodra|spd|1
|
|-heal|p2a: Goodra|49/100|[from] item: Leftovers
|upkeep
|turn|13
|
|t:|1760761839
|move|p1a: Yoink!|Earth Power|p2a: Goodra
|-supereffective|p2a: Goodra
|-damage|p2a: Goodra|0 fnt
|faint|p2a: Goodra
|
|upkeep
|
|t:|1760761845
|switch|p2a: Landorus|Landorus-Therian, M|100/100
|-damage|p2a: Landorus|88/100|[from] Stealth Rock
|-ability|p2a: Landorus|Intimidate|boost
|-unboost|p1a: Yoink!|atk|1
|turn|14
|
|t:|1760761851
|switch|p1a: Ting-Lu|Ting-Lu|100/100
|-ability|p1a: Ting-Lu|Vessel of Ruin
|move|p2a: Landorus|Stealth Rock|p1a: Ting-Lu
|-sidestart|p1: turbotoby95|move: Stealth Rock
|
|upkeep
|turn|15
|
|t:|1760761855
|switch|p2a: Weezing|Weezing-Galar, M|94/100
|-damage|p2a: Weezing|81/100|[from] Stealth Rock
|move|p1a: Ting-Lu|Spikes|p2a: Weezing
|-sidestart|p2: Test4823|Spikes
|
|-heal|p2a: Weezing|87/100|[from] item: Leftovers
|upkeep
|turn|16
|
|t:|1760761862
|move|p2a: Weezing|Strange Steam|p1a: Ting-Lu
|-supereffective|p1a: Ting-Lu
|-damage|p1a: Ting-Lu|60/100
|move|p1a: Ting-Lu|Throat Chop|p2a: Weezing
|-resisted|p2a: Weezing
|-damage|p2a: Weezing|71/100
|-start|p2a: Weezing|Throat Chop|[silent]
|
|-heal|p2a: Weezing|78/100|[from] item: Leftovers
|-heal|p1a: Ting-Lu|66/100|[from] item: Leftovers
|upkeep
|turn|17
|
|t:|1760761867
|switch|p1a: Gyatdengo|Gholdengo|32/100
|-damage|p1a: Gyatdengo|26/100|[from] Stealth Rock
|move|p2a: Weezing|Strange Steam|p1a: Gyatdengo
|-resisted|p1a: Gyatdengo
|-damage|p1a: Gyatdengo|4/100
|-start|p1a: Gyatdengo|confusion
|
|-heal|p2a: Weezing|84/100|[from] item: Leftovers
|-end|p2a: Weezing|Throat Chop|[silent]
|upkeep
|turn|18
|
|t:|1760761871
|-activate|p1a: Gyatdengo|confusion
|move|p1a: Gyatdengo|Trick|p2a: Weezing
|-activate|p1a: Gyatdengo|move: Trick|[of] p2a: Weezing
|-item|p2a: Weezing|Choice Scarf|[from] move: Trick
|-item|p1a: Gyatdengo|Leftovers|[from] move: Trick
|move|p2a: Weezing|Strange Steam|p1a: Gyatdengo
|-resisted|p1a: Gyatdengo
|-damage|p1a: Gyatdengo|0 fnt
|faint|p1a: Gyatdengo
|
|upkeep
|
|t:|1760761879
|switch|p1a: Yoink!|Ditto, shiny|100/100
|-damage|p1a: Yoink!|88/100|[from] Stealth Rock
|-transform|p1a: Yoink!|p2a: Weezing|[from] ability: Imposter
|turn|19
|
|t:|1760761887
|switch|p2a: Heatran|Heatran, F|64/100 par
|-damage|p2a: Heatran|52/100 par|[from] Stealth Rock
|-damage|p2a: Heatran|40/100 par|[from] Spikes
|move|p1a: Yoink!|Strange Steam|p2a: Heatran
|-resisted|p2a: Heatran
|-damage|p2a: Heatran|33/100 par
|
|upkeep
|turn|20
|
|t:|1760761898
|switch|p1a: Ting-Lu|Ting-Lu|66/100
|-damage|p1a: Ting-Lu|60/100|[from] Stealth Rock
|-ability|p1a: Ting-Lu|Vessel of Ruin
|move|p2a: Heatran|Magma Storm|p1a: Ting-Lu
|-damage|p1a: Ting-Lu|22/100
|-activate|p1a: Ting-Lu|move: Magma Storm|[of] p2a: Heatran
|
|-heal|p1a: Ting-Lu|29/100|[from] item: Leftovers
|-damage|p1a: Ting-Lu|16/100|[from] move: Magma Storm|[partiallytrapped]
|upkeep
|turn|21
|
|t:|1760761909
|move|p1a: Ting-Lu|Earthquake|p2a: Heatran
|-supereffective|p2a: Heatran
|-damage|p2a: Heatran|0 fnt
|faint|p2a: Heatran
|
|-heal|p1a: Ting-Lu|22/100|[from] item: Leftovers
|-end|p1a: Ting-Lu|Magma Storm|[partiallytrapped]|[silent]
|upkeep
|
|t:|1760761914
|switch|p2a: Meowscarada|Meowscarada, M|100/100
|-damage|p2a: Meowscarada|88/100|[from] Stealth Rock
|-damage|p2a: Meowscarada|76/100|[from] Spikes
|turn|22
|
|t:|1760761918
|move|p2a: Meowscarada|Flower Trick|p1a: Ting-Lu
|-start|p2a: Meowscarada|typechange|Grass|[from] ability: Protean
|-supereffective|p1a: Ting-Lu
|-crit|p1a: Ting-Lu
|-damage|p1a: Ting-Lu|0 fnt
|faint|p1a: Ting-Lu
|
|upkeep
|
|t:|1760761923
|switch|p1a: Swagonite|Dragonite, F|100/100
|-damage|p1a: Swagonite|75/100|[from] Stealth Rock
|turn|23
|
|t:|1760761925
|switch|p2a: Weezing|Weezing-Galar, M|84/100
|-damage|p2a: Weezing|71/100|[from] Stealth Rock
|move|p1a: Swagonite|Dragon Dance|p1a: Swagonite
|-boost|p1a: Swagonite|atk|1
|-boost|p1a: Swagonite|spe|1
|
|-heal|p1a: Swagonite|82/100|[from] item: Leftovers
|upkeep
|turn|24
|
|t:|1760761931
|-terastallize|p1a: Swagonite|Fire
|move|p1a: Swagonite|Dragon Dance|p1a: Swagonite
|-boost|p1a: Swagonite|atk|1
|-boost|p1a: Swagonite|spe|1
|move|p2a: Weezing|Strange Steam|p1a: Swagonite
|-resisted|p1a: Swagonite
|-damage|p1a: Swagonite|64/100
|-start|p1a: Swagonite|confusion
|
|-heal|p1a: Swagonite|70/100|[from] item: Leftovers
|upkeep
|turn|25
|
|t:|1760761937
|switch|p2a: Toxapex|Toxapex, F|100/100
|-damage|p2a: Toxapex|88/100|[from] Stealth Rock
|-damage|p2a: Toxapex|76/100|[from] Spikes
|-activate|p1a: Swagonite|confusion
|move|p1a: Swagonite|Roost|p1a: Swagonite
|-heal|p1a: Swagonite|100/100
|
|upkeep
|turn|26
|
|t:|1760761942
|-terastallize|p2a: Toxapex|Ghost
|-end|p1a: Swagonite|confusion
|move|p1a: Swagonite|Earthquake|p2a: Toxapex
|-damage|p2a: Toxapex|18/100
|move|p2a: Toxapex|Surf|p1a: Swagonite
|-supereffective|p1a: Swagonite
|-damage|p1a: Swagonite|68/100
|
|-heal|p1a: Swagonite|74/100|[from] item: Leftovers
|upkeep
|turn|27
|
|t:|1760761952
|switch|p2a: Weezing|Weezing-Galar, M|71/100
|-damage|p2a: Weezing|59/100|[from] Stealth Rock
|move|p1a: Swagonite|Ice Spinner|p2a: Weezing
|-damage|p2a: Weezing|0 fnt
|faint|p2a: Weezing
|
|-heal|p1a: Swagonite|80/100|[from] item: Leftovers
|upkeep
|c|☆turbotoby95|gg
|
|t:|1760761958
|switch|p2a: Landorus|Landorus-Therian, M|88/100
|-damage|p2a: Landorus|76/100|[from] Stealth Rock
|-ability|p2a: Landorus|Intimidate|boost
|-unboost|p1a: Swagonite|atk|1
|turn|28
|
|t:|1760761960
|switch|p2a: Toxapex|Toxapex, F, tera:Ghost|51/100
|-damage|p2a: Toxapex|39/100|[from] Stealth Rock
|-damage|p2a: Toxapex|27/100|[from] Spikes
|move|p1a: Swagonite|Ice Spinner|p2a: Toxapex
|-damage|p2a: Toxapex|0 fnt
|faint|p2a: Toxapex
|
|-heal|p1a: Swagonite|87/100|[from] item: Leftovers
|upkeep
|
|t:|1760761966
|switch|p2a: Landorus|Landorus-Therian, M|76/100
|-damage|p2a: Landorus|64/100|[from] Stealth Rock
|-ability|p2a: Landorus|Intimidate|boost
|-unboost|p1a: Swagonite|atk|1
|turn|29
|
|t:|1760761969
|move|p1a: Swagonite|Ice Spinner|p2a: Landorus
|-supereffective|p2a: Landorus
|-damage|p2a: Landorus|0 fnt
|faint|p2a: Landorus
|
|-heal|p1a: Swagonite|93/100|[from] item: Leftovers
|upkeep
|
|t:|1760761972
|switch|p2a: Meowscarada|Meowscarada, M|76/100
|-damage|p2a: Meowscarada|64/100|[from] Stealth Rock
|-damage|p2a: Meowscarada|51/100|[from] Spikes
|turn|30
|
|t:|1760761974
|move|p2a: Meowscarada|Sucker Punch|p1a: Swagonite
|-start|p2a: Meowscarada|typechange|Dark|[from] ability: Protean
|-damage|p1a: Swagonite|41/100
|move|p1a: Swagonite|Ice Spinner|p2a: Meowscarada
|-damage|p2a: Meowscarada|6/100
|
|-heal|p1a: Swagonite|47/100|[from] item: Leftovers
|upkeep
|turn|31
|
|t:|1760761978
|move|p2a: Meowscarada|Sucker Punch||[still]
|-fail|p2a: Meowscarada
|move|p1a: Swagonite|Roost|p1a: Swagonite
|-heal|p1a: Swagonite|97/100
|
|-heal|p1a: Swagonite|100/100|[from] item: Leftovers
|upkeep
|turn|32
|
|t:|1760761980
|move|p2a: Meowscarada|Sucker Punch|p1a: Swagonite
|-crit|p1a: Swagonite
|-damage|p1a: Swagonite|62/100
|move|p1a: Swagonite|Earthquake|p2a: Meowscarada
|-damage|p2a: Meowscarada|0 fnt
|faint|p2a: Meowscarada
|
|win|turbotoby95
|raw|turbotoby95's rating: 1413 &rarr; <strong>1436</strong><br />(+23 for winning)
|raw|Test4823's rating: 1460 &rarr; <strong>1437</strong><br />(-23 for losing)
|l|☆turbotoby95
|player|p1|
|c|☆Test4823|gg
|l|☆Test4823
|player|p2|
