|j|☆wangdong864203
|j|☆Howsthatforaname
|t:|1760882327
|gametype|singles
|player|p1|wangdong864203|rocketgrunt|1349
|player|p2|Howsthatforaname|wattson|1339
|gen|9
|tier|[Gen 9] OU
|rated|
|rule|HP Percentage Mod: HP is shown in percentages
|rule|Endless Battle Clause: Forcing endless battles is banned
|rule|Species Clause: Limit one of each Pokémon
|rule|OHKO Clause: OHKO moves are banned
|rule|Evasion Items Clause: Evasion items are banned
|rule|Evasion Moves Clause: Evasion moves are banned
|rule|Evasion Abilities Clause: Evasion abilities are banned
|rule|Sleep Moves Clause: Sleep-inducing moves are banned
|clearpoke
|poke|p1|Dragonite, M|
|poke|p1|Scizor, F|
|poke|p1|Raging Bolt|
|poke|p1|Blaziken, M|
|poke|p1|Ogerpon-Wellspring, F|
|poke|p1|Skarmory, M|
|poke|p2|Dragonite, M|
|poke|p2|Jolteon, M|
|poke|p2|Meganium, M|
|poke|p2|Scizor, M|
|poke|p2|Milotic, F|
|poke|p2|Garchomp, M|
|teampreview
|inactive|Battle timer is ON: inactive players will automatically lose when time's up. (requested by wangdong864203)
|
|t:|1760882361
|teamsize|p1|6
|teamsize|p2|6
|start
|switch|p1a: Skarmory|Skarmory, M, shiny|100/100
|switch|p2a: Jolteon|Jolteon, M|100/100
|turn|1
|
|t:|1760882390
|switch|p1a: Dragonite|Dragonite, M|100/100
|move|p2a: Jolteon|Calm Mind|p2a: Jolteon
|-boost|p2a: Jolteon|spa|1
|-boost|p2a: Jolteon|spd|1
|
|upkeep
|turn|2
|
|t:|1760882399
|move|p2a: Jolteon|Volt Switch|p1a: Dragonite
|-damage|p1a: Dragonite|69/100
|
|t:|1760882403
|switch|p2a: Milotic|Milotic, F|100/100|[from] Volt Switch
|move|p1a: Dragonite|Dragon Dance|p1a: Dragonite
|-boost|p1a: Dragonite|atk|1
|-boost|p1a: Dragonite|spe|1
|
|upkeep
|turn|3
|
|t:|1760882416
|switch|p1a: Skarmory|Skarmory, M, shiny|100/100
|move|p2a: Milotic|Ice Beam|p1a: Skarmory
|-damage|p1a: Skarmory|78/100
|
|-heal|p1a: Skarmory|84/100|[from] item: Leftovers
|upkeep
|turn|4
|inactive|Howsthatforaname has 120 seconds left.
|
|t:|1760882446
|move|p2a: Milotic|Flip Turn|p1a: Skarmory
|-damage|p1a: Skarmory|74/100
|
|t:|1760882449
|switch|p2a: Jolteon|Jolteon, M|100/100|[from] Flip Turn
|move|p1a: Skarmory|Stealth Rock|p2a: Jolteon
|-sidestart|p2: Howsthatforaname|move: Stealth Rock
|
|-heal|p1a: Skarmory|80/100|[from] item: Leftovers
|upkeep
|turn|5
|
|t:|1760882456
|move|p2a: Jolteon|Thunderbolt|p1a: Skarmory
|-supereffective|p1a: Skarmory
|-damage|p1a: Skarmory|0 fnt
|faint|p1a: Skarmory
|
|upkeep
|
|t:|1760882464
|switch|p1a: Blaziken|Blaziken, M, shiny|100/100
|turn|6
|
|t:|1760882469
|switch|p2a: Garchomp|Garchomp, M|100/100
|-damage|p2a: Garchomp|94/100|[from] Stealth Rock
|move|p1a: Blaziken|Protect||[still]
|-fail|p1a: Blaziken
|
|-ability|p1a: Blaziken|Speed Boost|boost
|-boost|p1a: Blaziken|spe|1
|upkeep
|turn|7
|
|t:|1760882477
|-terastallize|p1a: Blaziken|Ghost
|move|p1a: Blaziken|Swords Dance|p1a: Blaziken
|-boost|p1a: Blaziken|atk|2
|move|p2a: Garchomp|Earthquake|p1a: Blaziken
|-damage|p1a: Blaziken|20/100
|
|-ability|p1a: Blaziken|Speed Boost|boost
|-boost|p1a: Blaziken|spe|1
|upkeep
|turn|8
|
|t:|1760882490
|move|p1a: Blaziken|Brave Bird|p2a: Garchomp
|-damage|p2a: Garchomp|0 fnt
|-damage|p1a: Blaziken|8/100|[from] ability: Rough Skin|[of] p2a: Garchomp
|faint|p2a: Garchomp
|-damage|p1a: Blaziken|0 fnt|[from] Recoil
|faint|p1a: Blaziken
|
|upkeep
|
|t:|1760882503
|switch|p2a: Scizor|Scizor, M|100/100
|switch|p1a: Raging Bolt|Raging Bolt|100/100
|-damage|p2a: Scizor|88/100|[from] Stealth Rock
|-enditem|p1a: Raging Bolt|Booster Energy
|-activate|p1a: Raging Bolt|ability: Protosynthesis|[fromitem]
|-start|p1a: Raging Bolt|protosynthesisspa
|turn|9
|
|t:|1760882513
|move|p1a: Raging Bolt|Volt Switch|p2a: Scizor
|-damage|p2a: Scizor|22/100
|
|t:|1760882519
|-end|p1a: Raging Bolt|Protosynthesis|[silent]
|switch|p1a: Scizor|Scizor, F|100/100|[from] Volt Switch
|move|p2a: Scizor|Defog|p1a: Scizor
|-unboost|p1a: Scizor|evasion|1
|-sideend|p2: Howsthatforaname|Stealth Rock|[from] move: Defog|[of] p2a: Scizor
|
|-heal|p2a: Scizor|29/100|[from] item: Leftovers
|upkeep
|turn|10
|
|t:|1760882535
|move|p1a: Scizor|Bullet Punch|p2a: Scizor
|-resisted|p2a: Scizor
|-damage|p2a: Scizor|10/100
|move|p2a: Scizor|U-turn|p1a: Scizor
|-resisted|p1a: Scizor
|-damage|p1a: Scizor|77/100
|-damage|p2a: Scizor|0 fnt|[from] item: Rocky Helmet|[of] p1a: Scizor
|faint|p2a: Scizor
|
|upkeep
|
|t:|1760882554
|switch|p2a: Jolteon|Jolteon, M|100/100
|turn|11
|
|t:|1760882564
|move|p2a: Jolteon|Volt Switch|p1a: Scizor
|-crit|p1a: Scizor
|-damage|p1a: Scizor|0 fnt
|faint|p1a: Scizor
|
|t:|1760882576
|switch|p2a: Dragonite|Dragonite, M|100/100|[from] Volt Switch
|
|upkeep
|
|t:|1760882582
|switch|p1a: Dragonite|Dragonite, M|69/100
|turn|12
|
|t:|1760882586
|move|p1a: Dragonite|Extreme Speed|p2a: Dragonite
|-damage|p2a: Dragonite|84/100
|move|p2a: Dragonite|Dragon Claw|p1a: Dragonite
|-supereffective|p1a: Dragonite
|-damage|p1a: Dragonite|0 fnt
|faint|p1a: Dragonite
|
|upkeep
|
|t:|1760882595
|switch|p1a: Raging Bolt|Raging Bolt|100/100
|turn|13
|
|t:|1760882610
|move|p2a: Dragonite|Dragon Claw|p1a: Raging Bolt
|-supereffective|p1a: Raging Bolt
|-damage|p1a: Raging Bolt|22/100
|move|p1a: Raging Bolt|Draco Meteor|p2a: Dragonite
|-supereffective|p2a: Dragonite
|-damage|p2a: Dragonite|0 fnt
|-unboost|p1a: Raging Bolt|spa|2
|faint|p2a: Dragonite
|
|upkeep
|
|t:|1760882619
|switch|p2a: Jolteon|Jolteon, M|100/100
|turn|14
|
|t:|1760882631
|move|p2a: Jolteon|Calm Mind|p2a: Jolteon
|-boost|p2a: Jolteon|spa|1
|-boost|p2a: Jolteon|spd|1
|move|p1a: Raging Bolt|Draco Meteor|p2a: Jolteon|[miss]
|-miss|p1a: Raging Bolt|p2a: Jolteon
|
|upkeep
|turn|15
|inactive|Howsthatforaname has 120 seconds left.
|
|t:|1760882667
|move|p2a: Jolteon|Alluring Voice|p1a: Raging Bolt
|-supereffective|p1a: Raging Bolt
|-damage|p1a: Raging Bolt|0 fnt
|faint|p1a: Raging Bolt
|-end|p1a: Raging Bolt|Protosynthesis|[silent]
|
|upkeep
|
|t:|1760882681
|switch|p1a: Ogerpon|Ogerpon-Wellspring, F|100/100
|turn|16
|
|t:|1760882691
|move|p2a: Jolteon|Volt Switch|p1a: Ogerpon
|-damage|p1a: Ogerpon|33/100
|
|t:|1760882694
|switch|p2a: Meganium|Meganium, M|100/100|[from] Volt Switch
|move|p1a: Ogerpon|Ivy Cudgel|p2a: Meganium|[anim] Ivy Cudgel Water
|-resisted|p2a: Meganium
|-damage|p2a: Meganium|75/100
|
|upkeep
|turn|17
|
|t:|1760882700
|move|p1a: Ogerpon|U-turn|p2a: Meganium
|-supereffective|p2a: Meganium
|-damage|p2a: Meganium|32/100
|move|p2a: Meganium|Giga Drain|p1a: Ogerpon
|-damage|p1a: Ogerpon|0 fnt
|-heal|p2a: Meganium|47/100|[from] drain|[of] p1a: Ogerpon
|faint|p1a: Ogerpon
|
|win|Howsthatforaname
|raw|wangdong864203's rating: 1349 &rarr; <strong>1328</strong><br />(-21 for losing)
|raw|Howsthatforaname's rating: 1339 &rarr; <strong>1360</strong><br />(+21 for winning)
|c|☆Howsthatforaname|gg
|l|☆wangdong864203
|player|p1|
|l|☆Howsthatforaname
|player|p2|
