|j|☆Reqkt
|j|☆HZBKAI4
|t:|1760757479
|gametype|singles
|player|p1|Reqkt|102|1088
|player|p2|HZBKAI4|1|1075
|gen|9
|tier|[Gen 9] OU
|rated|
|rule|HP Percentage Mod: HP is shown in percentages
|rule|Endless Battle Clause: Forcing endless battles is banned
|rule|Species Clause: Limit one of each Pokémon
|rule|OHKO Clause: OHKO moves are banned
|rule|Evasion Items Clause: Evasion items are banned
|rule|Evasion Moves Clause: Evasion moves are banned
|rule|Evasion Abilities Clause: Evasion abilities are banned
|rule|Sleep Moves Clause: Sleep-inducing moves are banned
|clearpoke
|poke|p1|Indeedee-F, F|
|poke|p1|Metagross|
|poke|p1|Malamar, M|
|poke|p1|Heatran, M|
|poke|p1|Snorlax, M|
|poke|p1|Porygon2|
|poke|p2|Dragapult, F|
|poke|p2|Enamorus, F|
|poke|p2|Glimmora, F|
|poke|p2|Kingambit, F|
|poke|p2|Blaziken, F|
|poke|p2|Clefable, F|
|teampreview
|
|t:|1760757514
|teamsize|p1|6
|teamsize|p2|6
|start
|switch|p1a: Malamar|Malamar, M|100/100
|switch|p2a: Enamorus|Enamorus, F|100/100
|turn|1
|
|t:|1760757530
|move|p2a: Enamorus|Moonblast|p1a: Malamar
|-supereffective|p1a: Malamar
|-damage|p1a: Malamar|0 fnt
|faint|p1a: Malamar
|
|upkeep
|
|t:|1760757538
|switch|p1a: Porygon2|Porygon2|100/100
|turn|2
|
|t:|1760757541
|move|p2a: Enamorus|Moonblast|p1a: Porygon2
|-damage|p1a: Porygon2|78/100
|move|p1a: Porygon2|Trick Room|p1a: Porygon2
|-fieldstart|move: Trick Room|[of] p1a: Porygon2
|
|upkeep
|turn|3
|
|t:|1760757550
|switch|p1a: Metagross|Metagross|100/100
|move|p2a: Enamorus|Moonblast|p1a: Metagross
|-resisted|p1a: Metagross
|-damage|p1a: Metagross|76/100
|
|upkeep
|turn|4
|
|t:|1760757563
|move|p1a: Metagross|Iron Defense|p1a: Metagross
|-boost|p1a: Metagross|def|2
|move|p2a: Enamorus|Earth Power|p1a: Metagross
|-supereffective|p1a: Metagross
|-damage|p1a: Metagross|10/100
|
|upkeep
|turn|5
|
|t:|1760757570
|move|p1a: Metagross|Heavy Slam|p2a: Enamorus
|-supereffective|p2a: Enamorus
|-damage|p2a: Enamorus|0 fnt
|faint|p2a: Enamorus
|
|upkeep
|
|t:|1760757570
|switch|p2a: Kingambit|Kingambit, F|100/100
|-activate|p2a: Kingambit|ability: Supreme Overlord
|-start|p2a: Kingambit|fallen1|[silent]
|turn|6
|
|t:|1760757579
|move|p1a: Metagross|Body Press|p2a: Kingambit
|-supereffective|p2a: Kingambit
|-damage|p2a: Kingambit|0 fnt
|faint|p2a: Kingambit
|-end|p2a: Kingambit|fallen1|[silent]
|
|-fieldend|move: Trick Room
|upkeep
|
|t:|1760757579
|switch|p2a: Blaziken|Blaziken, F|100/100
|turn|7
|
|t:|1760757591
|move|p2a: Blaziken|Flare Blitz|p1a: Metagross
|-supereffective|p1a: Metagross
|-damage|p1a: Metagross|0 fnt
|faint|p1a: Metagross
|-damage|p2a: Blaziken|97/100|[from] Recoil
|-damage|p2a: Blaziken|87/100|[from] item: Life Orb
|
|-ability|p2a: Blaziken|Speed Boost|boost
|-boost|p2a: Blaziken|spe|1
|upkeep
|
|t:|1760757607
|switch|p1a: Indeedee|Indeedee-F, F|100/100
|-fieldstart|move: Psychic Terrain|[from] ability: Psychic Surge|[of] p1a: Indeedee
|turn|8
|
|t:|1760757625
|move|p2a: Blaziken|Close Combat|p1a: Indeedee
|-damage|p1a: Indeedee|0 fnt
|-unboost|p2a: Blaziken|def|1
|-unboost|p2a: Blaziken|spd|1
|faint|p1a: Indeedee
|-damage|p2a: Blaziken|77/100|[from] item: Life Orb
|
|-ability|p2a: Blaziken|Speed Boost|boost
|-boost|p2a: Blaziken|spe|1
|upkeep
|
|t:|1760757636
|switch|p1a: Porygon2|Porygon2|78/100
|turn|9
|
|t:|1760757640
|-terastallize|p1a: Porygon2|Psychic
|move|p2a: Blaziken|Close Combat|p1a: Porygon2
|-resisted|p1a: Porygon2
|-damage|p1a: Porygon2|52/100
|-unboost|p2a: Blaziken|def|1
|-unboost|p2a: Blaziken|spd|1
|-damage|p2a: Blaziken|67/100|[from] item: Life Orb
|move|p1a: Porygon2|Trick Room|p1a: Porygon2
|-fieldstart|move: Trick Room|[of] p1a: Porygon2
|
|-ability|p2a: Blaziken|Speed Boost|boost
|-boost|p2a: Blaziken|spe|1
|upkeep
|turn|10
|
|t:|1760757656
|move|p1a: Porygon2|Psyshock|p2a: Blaziken
|-supereffective|p2a: Blaziken
|-damage|p2a: Blaziken|0 fnt
|faint|p2a: Blaziken
|
|upkeep
|
|t:|1760757657
|switch|p2a: Dragapult|Dragapult, F|100/100
|turn|11
|
|t:|1760757667
|switch|p1a: Snorlax|Snorlax, M|100/100
|move|p2a: Dragapult|Hex|p1a: Snorlax
|-immune|p1a: Snorlax
|
|upkeep
|turn|12
|
|t:|1760757677
|move|p1a: Snorlax|Belly Drum|p1a: Snorlax
|-damage|p1a: Snorlax|50/100
|-setboost|p1a: Snorlax|atk|6|[from] move: Belly Drum
|-enditem|p1a: Snorlax|Figy Berry|[eat]
|-heal|p1a: Snorlax|84/100|[from] item: Figy Berry
|move|p2a: Dragapult|Dragon Darts|p1a: Snorlax
|-damage|p1a: Snorlax|65/100
|-anim|p2a: Dragapult|Dragon Darts|p1a: Snorlax
|-damage|p1a: Snorlax|44/100
|
|upkeep
|turn|13
|
|t:|1760757689
|-terastallize|p2a: Dragapult|Fairy
|move|p1a: Snorlax|Heavy Slam|p2a: Dragapult
|-supereffective|p2a: Dragapult
|-damage|p2a: Dragapult|0 fnt
|faint|p2a: Dragapult
|
|-fieldend|move: Trick Room
|upkeep
|
|t:|1760757690
|switch|p2a: Clefable|Clefable, F|100/100
|turn|14
|
|t:|1760757701
|move|p2a: Clefable|Moonblast|p1a: Snorlax
|-damage|p1a: Snorlax|24/100
|move|p1a: Snorlax|Heavy Slam|p2a: Clefable
|-supereffective|p2a: Clefable
|-damage|p2a: Clefable|0 fnt
|faint|p2a: Clefable
|
|upkeep
|
|t:|1760757701
|switch|p2a: Glimmora|Glimmora, F|100/100
|turn|15
|
|t:|1760757712
|move|p2a: Glimmora|Meteor Beam||[still]
|-prepare|p2a: Glimmora|Meteor Beam
|-boost|p2a: Glimmora|spa|1
|-enditem|p2a: Glimmora|Power Herb
|-anim|p2a: Glimmora|Meteor Beam|p1a: Snorlax
|-damage|p1a: Snorlax|0 fnt
|faint|p1a: Snorlax
|
|-fieldend|move: Psychic Terrain
|upkeep
|
|t:|1760757727
|switch|p1a: Heatran|Heatran, M|100/100
|turn|16
|
|t:|1760757732
|move|p2a: Glimmora|Earth Power|p1a: Heatran
|-supereffective|p1a: Heatran
|-damage|p1a: Heatran|0 fnt
|faint|p1a: Heatran
|
|upkeep
|
|t:|1760757739
|switch|p1a: Porygon2|Porygon2, tera:Psychic|52/100
|turn|17
|
|t:|1760757745
|move|p2a: Glimmora|Meteor Beam||[still]
|-prepare|p2a: Glimmora|Meteor Beam
|-boost|p2a: Glimmora|spa|1
|move|p1a: Porygon2|Recover|p1a: Porygon2
|-heal|p1a: Porygon2|100/100
|
|upkeep
|turn|18
|
|t:|1760757752
|move|p2a: Glimmora|Meteor Beam|p1a: Porygon2|[from] lockedmove
|-damage|p1a: Porygon2|40/100
|move|p1a: Porygon2|Trick Room|p1a: Porygon2
|-fieldstart|move: Trick Room|[of] p1a: Porygon2
|
|upkeep
|turn|19
|
|t:|1760757759
|move|p1a: Porygon2|Psyshock|p2a: Glimmora
|-supereffective|p2a: Glimmora
|-damage|p2a: Glimmora|36/100
|move|p2a: Glimmora|Meteor Beam||[still]
|-prepare|p2a: Glimmora|Meteor Beam
|-boost|p2a: Glimmora|spa|1
|
|upkeep
|turn|20
|
|t:|1760757766
|move|p1a: Porygon2|Psyshock|p2a: Glimmora
|-supereffective|p2a: Glimmora
|-damage|p2a: Glimmora|0 fnt
|faint|p2a: Glimmora
|
|win|Reqkt
|raw|Reqkt's rating: 1088 &rarr; <strong>1114</strong><br />(+26 for winning)
|raw|HZBKAI4's rating: 1075 &rarr; <strong>1055</strong><br />(-20 for losing)
|l|☆HZBKAI4
|player|p2|
|l|☆Reqkt
|player|p1|
