|j|☆Ansinhomaster
|j|☆EleaRosea
|t:|1760820043
|gametype|singles
|player|p1|Ansinhomaster|red|1012
|player|p2|EleaRosea|harmony|1045
|gen|9
|tier|[Gen 9] OU
|rated|
|rule|HP Percentage Mod: HP is shown in percentages
|rule|Endless Battle Clause: Forcing endless battles is banned
|rule|Species Clause: Limit one of each Pokémon
|rule|OHKO Clause: OHKO moves are banned
|rule|Evasion Items Clause: Evasion items are banned
|rule|Evasion Moves Clause: Evasion moves are banned
|rule|Evasion Abilities Clause: Evasion abilities are banned
|rule|Sleep Moves Clause: Sleep-inducing moves are banned
|clearpoke
|poke|p1|Pikachu-Kalos, M|
|poke|p1|Lucario, M|
|poke|p1|Pelipper, M|
|poke|p1|Scizor, M|
|poke|p1|Lycanroc-Dusk, F|
|poke|p1|Magnezone|
|poke|p2|Ogerpon, F|
|poke|p2|Gliscor, F|
|poke|p2|Heatran, M|
|poke|p2|Walking Wake|
|poke|p2|Tornadus-Therian, M|
|poke|p2|Kingambit, M|
|teampreview
|
|t:|1760820054
|teamsize|p1|6
|teamsize|p2|6
|start
|switch|p1a: Magnezone|Magnezone|100/100
|switch|p2a: Tornadus|Tornadus-Therian, M|100/100
|turn|1
|
|t:|1760820063
|move|p2a: Tornadus|U-turn|p1a: Magnezone
|-resisted|p1a: Magnezone
|-damage|p1a: Magnezone|92/100
|-damage|p2a: Tornadus|84/100|[from] item: Rocky Helmet|[of] p1a: Magnezone
|
|t:|1760820068
|switch|p2a: Gliscor|Gliscor, F|100/100|[from] U-turn
|move|p1a: Magnezone|Electric Terrain|p1a: Magnezone
|-fieldstart|move: Electric Terrain
|
|-status|p2a: Gliscor|tox|[from] item: Toxic Orb
|upkeep
|turn|2
|
|t:|1760820075
|switch|p1a: Pelipper|Pelipper, M|100/100
|-weather|RainDance|[from] ability: Drizzle|[of] p1a: Pelipper
|move|p2a: Gliscor|Facade|p1a: Pelipper
|-crit|p1a: Pelipper
|-damage|p1a: Pelipper|67/100
|
|-weather|RainDance|[upkeep]
|-heal|p1a: Pelipper|73/100|[from] item: Leftovers
|upkeep
|turn|3
|
|t:|1760820086
|move|p2a: Gliscor|Protect|p2a: Gliscor
|-singleturn|p2a: Gliscor|Protect
|move|p1a: Pelipper|Hurricane|p2a: Gliscor
|-activate|p2a: Gliscor|move: Protect
|
|-weather|RainDance|[upkeep]
|-heal|p1a: Pelipper|79/100|[from] item: Leftovers
|upkeep
|turn|4
|
|t:|1760820093
|switch|p2a: Tornadus|Tornadus-Therian, M|100/100
|move|p1a: Pelipper|Liquidation|p2a: Tornadus
|-damage|p2a: Tornadus|71/100
|
|-weather|RainDance|[upkeep]
|-heal|p1a: Pelipper|85/100|[from] item: Leftovers
|upkeep
|turn|5
|
|t:|1760820104
|switch|p1a: Pikachu|Pikachu-Kalos, M|100/100
|move|p2a: Tornadus|Bleakwind Storm|p1a: Pikachu
|-resisted|p1a: Pikachu
|-damage|p1a: Pikachu|47/100
|
|-weather|RainDance|[upkeep]
|-fieldend|move: Electric Terrain
|upkeep
|turn|6
|
|t:|1760820110
|move|p1a: Pikachu|Thunder|p2a: Tornadus
|-supereffective|p2a: Tornadus
|-damage|p2a: Tornadus|8/100
|move|p2a: Tornadus|Bleakwind Storm|p1a: Pikachu
|-resisted|p1a: Pikachu
|-damage|p1a: Pikachu|0 fnt
|faint|p1a: Pikachu
|
|-weather|none
|upkeep
|
|t:|1760820115
|switch|p1a: Lucario|Lucario, M, shiny|100/100
|turn|7
|
|t:|1760820119
|switch|p2a: Gliscor|Gliscor, F|100/100 tox
|move|p1a: Lucario|Bullet Punch|p2a: Gliscor
|-damage|p2a: Gliscor|85/100 tox
|-damage|p1a: Lucario|91/100|[from] item: Life Orb
|
|-heal|p2a: Gliscor|97/100 tox|[from] ability: Poison Heal
|upkeep
|turn|8
|
|t:|1760820127
|switch|p1a: Scizor|Scizor, M|100/100
|move|p2a: Gliscor|Facade|p1a: Scizor
|-resisted|p1a: Scizor
|-damage|p1a: Scizor|85/100
|
|-heal|p2a: Gliscor|100/100 tox|[from] ability: Poison Heal
|upkeep
|turn|9
|
|t:|1760820130
|switch|p2a: Heatran|Heatran, M|100/100
|move|p1a: Scizor|Counter||[still]
|-fail|p1a: Scizor
|
|upkeep
|turn|10
|
|t:|1760820136
|switch|p1a: Lycanroc|Lycanroc-Dusk, F|100/100
|move|p2a: Heatran|Stealth Rock|p1a: Lycanroc
|-sidestart|p1: Ansinhomaster|move: Stealth Rock
|
|upkeep
|turn|11
|
|t:|1760820141
|switch|p2a: Gliscor|Gliscor, F|100/100 tox
|move|p1a: Lycanroc|Drill Run|p2a: Gliscor
|-immune|p2a: Gliscor
|
|upkeep
|turn|12
|
|t:|1760820148
|switch|p1a: Pelipper|Pelipper, M|85/100
|-damage|p1a: Pelipper|60/100|[from] Stealth Rock
|-weather|RainDance|[from] ability: Drizzle|[of] p1a: Pelipper
|move|p2a: Gliscor|Facade|p1a: Pelipper
|-damage|p1a: Pelipper|38/100
|
|-weather|RainDance|[upkeep]
|-heal|p1a: Pelipper|44/100|[from] item: Leftovers
|upkeep
|turn|13
|
|t:|1760820156
|switch|p2a: Walking Wake|Walking Wake|100/100
|move|p1a: Pelipper|Roost|p1a: Pelipper
|-heal|p1a: Pelipper|94/100
|-singleturn|p1a: Pelipper|move: Roost
|
|-weather|RainDance|[upkeep]
|-heal|p1a: Pelipper|99/100|[from] item: Leftovers
|upkeep
|turn|14
|
|t:|1760820162
|switch|p1a: Magnezone|Magnezone|92/100
|-damage|p1a: Magnezone|86/100|[from] Stealth Rock
|move|p2a: Walking Wake|Hydro Steam|p1a: Magnezone
|-damage|p1a: Magnezone|0 fnt
|faint|p1a: Magnezone
|
|-weather|RainDance|[upkeep]
|upkeep
|
|t:|1760820174
|switch|p1a: Lucario|Lucario, M, shiny|91/100
|-damage|p1a: Lucario|88/100|[from] Stealth Rock
|turn|15
|
|t:|1760820180
|-end|p2a: Walking Wake|Protosynthesis|[silent]
|switch|p2a: Gliscor|Gliscor, F|100/100 tox
|move|p1a: Lucario|Close Combat|p2a: Gliscor
|-resisted|p2a: Gliscor
|-damage|p2a: Gliscor|80/100 tox
|-unboost|p1a: Lucario|def|1
|-unboost|p1a: Lucario|spd|1
|-damage|p1a: Lucario|78/100|[from] item: Life Orb
|
|-weather|RainDance|[upkeep]
|-heal|p2a: Gliscor|92/100 tox|[from] ability: Poison Heal
|upkeep
|turn|16
|
|t:|1760820189
|switch|p1a: Scizor|Scizor, M|85/100
|-damage|p1a: Scizor|73/100|[from] Stealth Rock
|move|p2a: Gliscor|Facade|p1a: Scizor
|-resisted|p1a: Scizor
|-crit|p1a: Scizor
|-damage|p1a: Scizor|50/100
|
|-weather|none
|-heal|p2a: Gliscor|100/100 tox|[from] ability: Poison Heal
|upkeep
|turn|17
|
|t:|1760820195
|move|p2a: Gliscor|Swords Dance|p2a: Gliscor
|-boost|p2a: Gliscor|atk|2
|move|p1a: Scizor|Counter||[still]
|-fail|p1a: Scizor
|
|upkeep
|turn|18
|
|t:|1760820200
|move|p1a: Scizor|Bullet Punch|p2a: Gliscor
|-damage|p2a: Gliscor|85/100 tox
|move|p2a: Gliscor|Earthquake|p1a: Scizor
|-damage|p1a: Scizor|0 fnt
|faint|p1a: Scizor
|
|-heal|p2a: Gliscor|98/100 tox|[from] ability: Poison Heal
|upkeep
|
|t:|1760820206
|switch|p1a: Pelipper|Pelipper, M|99/100
|-damage|p1a: Pelipper|75/100|[from] Stealth Rock
|-weather|RainDance|[from] ability: Drizzle|[of] p1a: Pelipper
|turn|19
|
|t:|1760820211
|-terastallize|p2a: Gliscor|Normal
|move|p2a: Gliscor|Facade|p1a: Pelipper
|-damage|p1a: Pelipper|0 fnt
|faint|p1a: Pelipper
|
|-weather|RainDance|[upkeep]
|-heal|p2a: Gliscor|100/100 tox|[from] ability: Poison Heal
|upkeep
|
|t:|1760820215
|switch|p1a: Lucario|Lucario, M, shiny|78/100
|-damage|p1a: Lucario|75/100|[from] Stealth Rock
|turn|20
|
|t:|1760820217
|move|p1a: Lucario|Close Combat|p2a: Gliscor
|-supereffective|p2a: Gliscor
|-damage|p2a: Gliscor|13/100 tox
|-unboost|p1a: Lucario|def|1
|-unboost|p1a: Lucario|spd|1
|-damage|p1a: Lucario|65/100|[from] item: Life Orb
|move|p2a: Gliscor|Earthquake|p1a: Lucario
|-supereffective|p1a: Lucario
|-damage|p1a: Lucario|0 fnt
|faint|p1a: Lucario
|
|-weather|RainDance|[upkeep]
|-heal|p2a: Gliscor|26/100 tox|[from] ability: Poison Heal
|upkeep
|
|t:|1760820220
|switch|p1a: Lycanroc|Lycanroc-Dusk, F|100/100
|-damage|p1a: Lycanroc|88/100|[from] Stealth Rock
|turn|21
|
|t:|1760820227
|move|p2a: Gliscor|Protect|p2a: Gliscor
|-singleturn|p2a: Gliscor|Protect
|move|p1a: Lycanroc|Drill Run|p2a: Gliscor
|-activate|p2a: Gliscor|move: Protect
|
|-weather|RainDance|[upkeep]
|-heal|p2a: Gliscor|38/100 tox|[from] ability: Poison Heal
|upkeep
|turn|22
|
|t:|1760820232
|move|p1a: Lycanroc|Drill Run|p2a: Gliscor
|-damage|p2a: Gliscor|13/100 tox
|-damage|p1a: Lycanroc|78/100|[from] item: Life Orb
|move|p2a: Gliscor|Earthquake|p1a: Lycanroc
|-supereffective|p1a: Lycanroc
|-damage|p1a: Lycanroc|0 fnt
|faint|p1a: Lycanroc
|
|win|EleaRosea
|raw|Ansinhomaster's rating: 1012 &rarr; <strong>1001</strong><br />(-11 for losing)
|raw|EleaRosea's rating: 1045 &rarr; <strong>1075</strong><br />(+30 for winning)
