|j|☆machokesleftnut
|j|☆njokerp5
|t:|1760858572
|gametype|singles
|player|p1|machokesleftnut|102|1122
|player|p2|njokerp5|swimmer-gen4|1201
|gen|9
|tier|[Gen 9] OU
|rated|
|rule|HP Percentage Mod: HP is shown in percentages
|rule|Endless Battle Clause: Forcing endless battles is banned
|rule|Species Clause: Limit one of each Pokémon
|rule|OHKO Clause: OHKO moves are banned
|rule|Evasion Items Clause: Evasion items are banned
|rule|Evasion Moves Clause: Evasion moves are banned
|rule|Evasion Abilities Clause: Evasion abilities are banned
|rule|Sleep Moves Clause: Sleep-inducing moves are banned
|clearpoke
|poke|p1|Walking Wake|
|poke|p1|Ninetales, F|
|poke|p1|Venusaur, M|
|poke|p1|Great Tusk|
|poke|p1|Hatterene, F|
|poke|p1|Moltres|
|poke|p2|Typhlosion-Hisui, F|
|poke|p2|Torkoal, F|
|poke|p2|Walking Wake|
|poke|p2|Scream Tail|
|poke|p2|Great Tusk|
|poke|p2|Kingambit, F|
|teampreview
|
|t:|1760858583
|teamsize|p1|6
|teamsize|p2|6
|start
|switch|p1a: Hatterene|Hatterene, F, shiny|100/100
|switch|p2a: Typhlosion|Typhlosion-Hisui, F|100/100
|turn|1
|
|t:|1760858594
|switch|p2a: Torkoal|Torkoal, F|100/100
|-weather|SunnyDay|[from] ability: Drought|[of] p2a: Torkoal
|move|p1a: Hatterene|Nuzzle|p2a: Torkoal
|-damage|p2a: Torkoal|98/100
|-status|p2a: Torkoal|par
|
|-weather|SunnyDay|[upkeep]
|upkeep
|turn|2
|
|t:|1760858606
|switch|p1a: Walking Wake|Walking Wake|100/100
|-activate|p1a: Walking Wake|ability: Protosynthesis
|-start|p1a: Walking Wake|protosynthesisspe
|move|p2a: Torkoal|Lava Plume|p1a: Walking Wake
|-resisted|p1a: Walking Wake
|-damage|p1a: Walking Wake|90/100
|
|-weather|SunnyDay|[upkeep]
|upkeep
|turn|3
|
|t:|1760858617
|switch|p2a: Scream Tail|Scream Tail|100/100
|-activate|p2a: Scream Tail|ability: Protosynthesis
|-start|p2a: Scream Tail|protosynthesisspe
|-terastallize|p1a: Walking Wake|Water
|move|p1a: Walking Wake|Hydro Steam|p2a: Scream Tail
|-damage|p2a: Scream Tail|23/100
|
|-weather|SunnyDay|[upkeep]
|-heal|p2a: Scream Tail|29/100|[from] item: Leftovers
|upkeep
|turn|4
|
|t:|1760858634
|move|p2a: Scream Tail|Wish|p2a: Scream Tail
|move|p1a: Walking Wake|Hydro Steam|p2a: Scream Tail
|-damage|p2a: Scream Tail|0 fnt
|faint|p2a: Scream Tail
|-end|p2a: Scream Tail|Protosynthesis|[silent]
|
|-weather|SunnyDay|[upkeep]
|upkeep
|
|t:|1760858645
|switch|p2a: Walking Wake|Walking Wake|100/100
|-activate|p2a: Walking Wake|ability: Protosynthesis
|-start|p2a: Walking Wake|protosynthesisspe
|turn|5
|
|t:|1760858653
|-end|p1a: Walking Wake|Protosynthesis|[silent]
|switch|p1a: Hatterene|Hatterene, F, shiny|100/100
|move|p2a: Walking Wake|Draco Meteor|p1a: Hatterene
|-immune|p1a: Hatterene
|
|-weather|SunnyDay|[upkeep]
|upkeep
|turn|6
|inactive|Battle timer is ON: inactive players will automatically lose when time's up. (requested by njokerp5)
|
|t:|1760858666
|-end|p2a: Walking Wake|Protosynthesis|[silent]
|switch|p2a: Great Tusk|Great Tusk|100/100
|-activate|p2a: Great Tusk|ability: Protosynthesis
|-start|p2a: Great Tusk|protosynthesisdef
|move|p1a: Hatterene|Dazzling Gleam|p2a: Great Tusk
|-supereffective|p2a: Great Tusk
|-damage|p2a: Great Tusk|0 fnt
|faint|p2a: Great Tusk
|-end|p2a: Great Tusk|Protosynthesis|[silent]
|
|-weather|SunnyDay|[upkeep]
|upkeep
|
|t:|1760858677
|switch|p2a: Typhlosion|Typhlosion-Hisui, F|100/100
|turn|7
|
|t:|1760858684
|move|p2a: Typhlosion|Eruption|p1a: Hatterene
|-damage|p1a: Hatterene|0 fnt
|faint|p1a: Hatterene
|
|-weather|SunnyDay|[upkeep]
|upkeep
|
|t:|1760858702
|switch|p1a: Moltres|Moltres, shiny|100/100
|turn|8
|
|t:|1760858709
|move|p2a: Typhlosion|Eruption|p1a: Moltres
|-resisted|p1a: Moltres
|-damage|p1a: Moltres|48/100
|move|p1a: Moltres|U-turn|p2a: Typhlosion
|-resisted|p2a: Typhlosion
|-damage|p2a: Typhlosion|96/100
|
|t:|1760858726
|switch|p1a: Walking Wake|Walking Wake, tera:Water|90/100|[from] U-turn
|-activate|p1a: Walking Wake|ability: Protosynthesis
|-start|p1a: Walking Wake|protosynthesisspe
|
|-weather|none
|-end|p1a: Walking Wake|Protosynthesis
|upkeep
|turn|9
|
|t:|1760858734
|switch|p2a: Torkoal|Torkoal, F|98/100 par
|-weather|SunnyDay|[from] ability: Drought|[of] p2a: Torkoal
|-activate|p1a: Walking Wake|ability: Protosynthesis
|-start|p1a: Walking Wake|protosynthesisspe
|move|p1a: Walking Wake|Hydro Steam|p2a: Torkoal
|-supereffective|p2a: Torkoal
|-damage|p2a: Torkoal|0 fnt
|faint|p2a: Torkoal
|
|-weather|SunnyDay|[upkeep]
|upkeep
|
|t:|1760858749
|switch|p2a: Walking Wake|Walking Wake|100/100
|-activate|p2a: Walking Wake|ability: Protosynthesis
|-start|p2a: Walking Wake|protosynthesisspe
|turn|10
|
|t:|1760858777
|-end|p1a: Walking Wake|Protosynthesis|[silent]
|switch|p1a: Moltres|Moltres, shiny|48/100
|move|p2a: Walking Wake|Draco Meteor|p1a: Moltres
|-damage|p1a: Moltres|0 fnt
|-unboost|p2a: Walking Wake|spa|2
|faint|p1a: Moltres
|
|-weather|SunnyDay|[upkeep]
|upkeep
|
|t:|1760858786
|switch|p1a: Venusaur|Venusaur, M|100/100
|turn|11
|
|t:|1760858790
|-end|p2a: Walking Wake|Protosynthesis|[silent]
|switch|p2a: Kingambit|Kingambit, F|100/100
|-activate|p2a: Kingambit|ability: Supreme Overlord
|-start|p2a: Kingambit|fallen3|[silent]
|move|p1a: Venusaur|Growth|p1a: Venusaur
|-boost|p1a: Venusaur|atk|2
|-boost|p1a: Venusaur|spa|2
|
|-weather|SunnyDay|[upkeep]
|upkeep
|turn|12
|
|t:|1760858814
|move|p1a: Venusaur|Weather Ball|p2a: Kingambit
|-supereffective|p2a: Kingambit
|-damage|p2a: Kingambit|0 fnt
|faint|p2a: Kingambit
|-end|p2a: Kingambit|fallen3|[silent]
|-damage|p1a: Venusaur|91/100|[from] item: Life Orb
|
|-weather|SunnyDay|[upkeep]
|upkeep
|
|t:|1760858822
|switch|p2a: Typhlosion|Typhlosion-Hisui, F|96/100
|turn|13
|
|t:|1760858826
|move|p1a: Venusaur|Earthquake|p2a: Typhlosion
|-supereffective|p2a: Typhlosion
|-damage|p2a: Typhlosion|0 fnt
|faint|p2a: Typhlosion
|-damage|p1a: Venusaur|81/100|[from] item: Life Orb
|
|-weather|SunnyDay|[upkeep]
|upkeep
|-message|njokerp5 forfeited.
|
|win|machokesleftnut
|raw|machokesleftnut's rating: 1122 &rarr; <strong>1153</strong><br />(+31 for winning)
|raw|njokerp5's rating: 1201 &rarr; <strong>1170</strong><br />(-31 for losing)
|l|☆njokerp5
|player|p2|
|l|☆machokesleftnut
|player|p1|
