|j|☆grandcraw
|j|☆ace stelar
|t:|1760796231
|gametype|singles
|player|p1|grandcraw|shadowtriad|1206
|player|p2|ace stelar|101|1255
|gen|9
|tier|[Gen 9] OU
|rated|
|rule|HP Percentage Mod: HP is shown in percentages
|rule|Endless Battle Clause: Forcing endless battles is banned
|rule|Species Clause: Limit one of each Pokémon
|rule|OHKO Clause: OHKO moves are banned
|rule|Evasion Items Clause: Evasion items are banned
|rule|Evasion Moves Clause: Evasion moves are banned
|rule|Evasion Abilities Clause: Evasion abilities are banned
|rule|Sleep Moves Clause: Sleep-inducing moves are banned
|clearpoke
|poke|p1|Meganium, F|
|poke|p1|Cinderace, F|
|poke|p1|Gholdengo|
|poke|p1|Ogerpon-Wellspring, F|
|poke|p1|Coalossal, F|
|poke|p1|Slowking, F|
|poke|p2|Ribombee, F|
|poke|p2|Dragapult, M|
|poke|p2|Kingambit, F|
|poke|p2|Iron Valiant|
|poke|p2|Gholdengo|
|poke|p2|Ogerpon-Wellspring, F|
|teampreview
|inactive|Battle timer is ON: inactive players will automatically lose when time's up. (requested by grandcraw)
|
|t:|1760796238
|teamsize|p1|6
|teamsize|p2|6
|start
|switch|p1a: Coalossal|Coalossal, F|100/100
|switch|p2a: Ribombee|Ribombee, F|100/100
|turn|1
|
|t:|1760796246
|move|p2a: Ribombee|Sticky Web|p1a: Coalossal
|-sidestart|p1: grandcraw|move: Sticky Web
|move|p1a: Coalossal|Stone Edge|p2a: Ribombee
|-supereffective|p2a: Ribombee
|-crit|p2a: Ribombee
|-enditem|p2a: Ribombee|Focus Sash
|-damage|p2a: Ribombee|1/100
|
|upkeep
|turn|2
|
|t:|1760796252
|move|p2a: Ribombee|Stun Spore|p1a: Coalossal
|-status|p1a: Coalossal|par
|move|p1a: Coalossal|Rapid Spin|p2a: Ribombee
|-damage|p2a: Ribombee|0 fnt
|-boost|p1a: Coalossal|spe|1
|-sideend|p1: grandcraw|Sticky Web|[from] move: Rapid Spin|[of] p1a: Coalossal
|faint|p2a: Ribombee
|
|upkeep
|
|t:|1760796260
|switch|p2a: Ogerpon|Ogerpon-Wellspring, F|100/100
|turn|3
|
|t:|1760796266
|-terastallize|p1a: Coalossal|Water
|move|p2a: Ogerpon|Swords Dance|p2a: Ogerpon
|-boost|p2a: Ogerpon|atk|2
|move|p1a: Coalossal|Will-O-Wisp|p2a: Ogerpon
|-status|p2a: Ogerpon|brn
|
|-damage|p2a: Ogerpon|95/100 brn|[from] brn
|upkeep
|turn|4
|
|t:|1760796279
|move|p2a: Ogerpon|Power Whip|p1a: Coalossal
|-supereffective|p1a: Coalossal
|-damage|p1a: Coalossal|23/100 par
|move|p1a: Coalossal|Stealth Rock|p2a: Ogerpon
|-sidestart|p2: ace stelar|move: Stealth Rock
|
|-damage|p2a: Ogerpon|89/100 brn|[from] brn
|upkeep
|turn|5
|
|t:|1760796288
|move|p2a: Ogerpon|Knock Off|p1a: Coalossal
|-damage|p1a: Coalossal|3/100 par
|-enditem|p1a: Coalossal|Heavy-Duty Boots|[from] move: Knock Off|[of] p2a: Ogerpon
|cant|p1a: Coalossal|par
|
|-damage|p2a: Ogerpon|83/100 brn|[from] brn
|upkeep
|turn|6
|
|t:|1760796294
|move|p2a: Ogerpon|Knock Off|p1a: Coalossal
|-damage|p1a: Coalossal|0 fnt
|faint|p1a: Coalossal
|
|-damage|p2a: Ogerpon|77/100 brn|[from] brn
|upkeep
|
|t:|1760796298
|switch|p1a: Ogerpon|Ogerpon-Wellspring, F|100/100
|turn|7
|
|t:|1760796304
|move|p1a: Ogerpon|Spikes|p2a: Ogerpon
|-sidestart|p2: ace stelar|Spikes
|move|p2a: Ogerpon|Power Whip|p1a: Ogerpon
|-damage|p1a: Ogerpon|0 fnt
|faint|p1a: Ogerpon
|
|-damage|p2a: Ogerpon|71/100 brn|[from] brn
|upkeep
|
|t:|1760796311
|switch|p1a: Meganium|Meganium, F|100/100
|turn|8
|
|t:|1760796314
|move|p2a: Ogerpon|Knock Off|p1a: Meganium
|-damage|p1a: Meganium|58/100
|-enditem|p1a: Meganium|Leftovers|[from] move: Knock Off|[of] p2a: Ogerpon
|move|p1a: Meganium|Swords Dance|p1a: Meganium
|-boost|p1a: Meganium|atk|2
|
|-damage|p2a: Ogerpon|65/100 brn|[from] brn
|upkeep
|turn|9
|
|t:|1760796322
|move|p2a: Ogerpon|Power Whip|p1a: Meganium
|-resisted|p1a: Meganium
|-damage|p1a: Meganium|16/100
|move|p1a: Meganium|Petal Blizzard|p2a: Ogerpon
|-crit|p2a: Ogerpon
|-damage|p2a: Ogerpon|0 fnt
|faint|p2a: Ogerpon
|
|upkeep
|
|t:|1760796328
|switch|p2a: Dragapult|Dragapult, M|100/100
|-damage|p2a: Dragapult|88/100|[from] Stealth Rock
|-damage|p2a: Dragapult|76/100|[from] Spikes
|turn|10
|
|t:|1760796330
|move|p2a: Dragapult|Flamethrower|p1a: Meganium
|-supereffective|p1a: Meganium
|-damage|p1a: Meganium|0 fnt
|faint|p1a: Meganium
|-damage|p2a: Dragapult|66/100|[from] item: Life Orb
|
|upkeep
|
|t:|1760796334
|switch|p1a: Slowking|Slowking, F|100/100
|turn|11
|
|t:|1760796341
|move|p2a: Dragapult|Shadow Ball|p1a: Slowking
|-supereffective|p1a: Slowking
|-damage|p1a: Slowking|25/100
|-damage|p2a: Dragapult|56/100|[from] item: Life Orb
|move|p1a: Slowking|Scald|p2a: Dragapult
|-resisted|p2a: Dragapult
|-damage|p2a: Dragapult|32/100
|
|-heal|p1a: Slowking|31/100|[from] item: Leftovers
|upkeep
|turn|12
|-message|grandcraw forfeited.
|
|win|ace stelar
|raw|grandcraw's rating: 1206 &rarr; <strong>1185</strong><br />(-21 for losing)
|raw|ace stelar's rating: 1255 &rarr; <strong>1276</strong><br />(+21 for winning)
|l|☆grandcraw
|player|p1|
|l|☆ace stelar
|player|p2|
