|j|☆manumohanx
|j|☆Cheeseitz21duh
|t:|1760796089
|gametype|singles
|player|p1|manumohanx|cynthia-gen4|1197
|player|p2|Cheeseitz21duh|mira|1242
|gen|9
|tier|[Gen 9] OU
|rated|
|rule|HP Percentage Mod: HP is shown in percentages
|rule|Endless Battle Clause: Forcing endless battles is banned
|rule|Species Clause: Limit one of each Pokémon
|rule|OHKO Clause: OHKO moves are banned
|rule|Evasion Items Clause: Evasion items are banned
|rule|Evasion Moves Clause: Evasion moves are banned
|rule|Evasion Abilities Clause: Evasion abilities are banned
|rule|Sleep Moves Clause: Sleep-inducing moves are banned
|clearpoke
|poke|p1|Haxorus, M|
|poke|p1|Kommo-o, M|
|poke|p1|Bisharp, M|
|poke|p1|Dragonite, M|
|poke|p1|Kingambit, F|
|poke|p1|Iron Moth|
|poke|p2|Dragalge, F|
|poke|p2|Enamorus, F|
|poke|p2|Araquanid, M|
|poke|p2|Sinistcha|
|poke|p2|Ting-Lu|
|poke|p2|Haxorus, F|
|teampreview
|inactive|Battle timer is ON: inactive players will automatically lose when time's up. (requested by manumohanx)
|
|t:|1760796118
|teamsize|p1|6
|teamsize|p2|6
|start
|switch|p1a: Dragonite|Dragonite, M|100/100
|switch|p2a: Araquanid|Araquanid, M|100/100
|turn|1
|
|t:|1760796135
|move|p1a: Dragonite|Dragon Dance|p1a: Dragonite
|-boost|p1a: Dragonite|atk|1
|-boost|p1a: Dragonite|spe|1
|move|p2a: Araquanid|Liquidation|p1a: Dragonite
|-resisted|p1a: Dragonite
|-damage|p1a: Dragonite|80/100
|
|-heal|p1a: Dragonite|86/100|[from] item: Leftovers
|upkeep
|turn|2
|
|t:|1760796146
|move|p1a: Dragonite|Dragon Dance|p1a: Dragonite
|-boost|p1a: Dragonite|atk|1
|-boost|p1a: Dragonite|spe|1
|move|p2a: Araquanid|Liquidation|p1a: Dragonite
|-resisted|p1a: Dragonite
|-damage|p1a: Dragonite|45/100
|
|-heal|p1a: Dragonite|51/100|[from] item: Leftovers
|upkeep
|turn|3
|
|t:|1760796155
|move|p1a: Dragonite|Dragon Dance|p1a: Dragonite
|-boost|p1a: Dragonite|atk|1
|-boost|p1a: Dragonite|spe|1
|move|p2a: Araquanid|Liquidation|p1a: Dragonite
|-resisted|p1a: Dragonite
|-damage|p1a: Dragonite|12/100
|
|-heal|p1a: Dragonite|18/100|[from] item: Leftovers
|upkeep
|turn|4
|
|t:|1760796162
|move|p1a: Dragonite|Extreme Speed|p2a: Araquanid
|-damage|p2a: Araquanid|20/100
|move|p2a: Araquanid|Liquidation|p1a: Dragonite
|-resisted|p1a: Dragonite
|-damage|p1a: Dragonite|0 fnt
|faint|p1a: Dragonite
|
|upkeep
|
|t:|1760796171
|switch|p1a: Iron Moth|Iron Moth|100/100
|-enditem|p1a: Iron Moth|Booster Energy
|-activate|p1a: Iron Moth|ability: Quark Drive|[fromitem]
|-start|p1a: Iron Moth|quarkdrivespe
|turn|5
|
|t:|1760796177
|move|p1a: Iron Moth|Discharge|p2a: Araquanid
|-supereffective|p2a: Araquanid
|-damage|p2a: Araquanid|0 fnt
|faint|p2a: Araquanid
|
|upkeep
|
|t:|1760796186
|switch|p2a: Ting-Lu|Ting-Lu|100/100
|-ability|p2a: Ting-Lu|Vessel of Ruin
|turn|6
|
|t:|1760796192
|-terastallize|p1a: Iron Moth|Grass
|move|p1a: Iron Moth|Energy Ball|p2a: Ting-Lu
|-supereffective|p2a: Ting-Lu
|-damage|p2a: Ting-Lu|53/100
|move|p2a: Ting-Lu|Spikes|p1a: Iron Moth
|-sidestart|p1: manumohanx|Spikes
|
|-heal|p2a: Ting-Lu|60/100|[from] item: Leftovers
|upkeep
|turn|7
|
|t:|1760796208
|switch|p2a: Dragalge|Dragalge, F|100/100
|move|p1a: Iron Moth|Energy Ball|p2a: Dragalge
|-resisted|p2a: Dragalge
|-damage|p2a: Dragalge|95/100
|
|upkeep
|turn|8
|inactive|Cheeseitz21duh has 120 seconds left.
|inactive|manumohanx has 120 seconds left.
|
|t:|1760796243
|move|p1a: Iron Moth|Fiery Dance|p2a: Dragalge
|-resisted|p2a: Dragalge
|-damage|p2a: Dragalge|84/100
|move|p2a: Dragalge|Dragon Pulse|p1a: Iron Moth
|-damage|p1a: Iron Moth|52/100
|
|upkeep
|turn|9
|inactive|Cheeseitz21duh has 120 seconds left.
|inactive|manumohanx has 120 seconds left.
|
|t:|1760796263
|-end|p1a: Iron Moth|Quark Drive|[silent]
|switch|p1a: Bisharp|Bisharp, M|100/100
|-damage|p1a: Bisharp|88/100|[from] Spikes
|move|p2a: Dragalge|Sludge Bomb|p1a: Bisharp
|-immune|p1a: Bisharp
|
|upkeep
|turn|10
|inactive|Cheeseitz21duh has 120 seconds left.
|
|t:|1760796284
|move|p1a: Bisharp|Shadow Claw|p2a: Dragalge
|-damage|p2a: Dragalge|53/100
|move|p2a: Dragalge|Dragon Pulse|p1a: Bisharp
|-resisted|p1a: Bisharp
|-damage|p1a: Bisharp|56/100
|
|upkeep
|turn|11
|
|t:|1760796301
|switch|p2a: Sinistcha|Sinistcha|100/100
|move|p1a: Bisharp|Shadow Claw|p2a: Sinistcha
|-supereffective|p2a: Sinistcha
|-damage|p2a: Sinistcha|67/100
|-damage|p1a: Bisharp|40/100|[from] item: Rocky Helmet|[of] p2a: Sinistcha
|
|upkeep
|turn|12
|inactive|manumohanx has 120 seconds left.
|
|t:|1760796309
|-terastallize|p2a: Sinistcha|Water
|move|p1a: Bisharp|Sucker Punch||[still]
|-fail|p1a: Bisharp
|move|p2a: Sinistcha|Strength Sap|p1a: Bisharp
|-unboost|p1a: Bisharp|atk|1
|-ability|p1a: Bisharp|Defiant|boost
|-boost|p1a: Bisharp|atk|2
|-heal|p2a: Sinistcha|100/100
|
|upkeep
|turn|13
|inactive|manumohanx has 120 seconds left.
|
|t:|1760796323
|move|p2a: Sinistcha|Shadow Ball|p1a: Bisharp
|-resisted|p1a: Bisharp
|-damage|p1a: Bisharp|22/100
|move|p1a: Bisharp|Shadow Claw|p2a: Sinistcha
|-crit|p2a: Sinistcha
|-damage|p2a: Sinistcha|57/100
|-damage|p1a: Bisharp|5/100|[from] item: Rocky Helmet|[of] p2a: Sinistcha
|
|upkeep
|turn|14
|
|t:|1760796332
|move|p1a: Bisharp|Sucker Punch||[still]
|-fail|p1a: Bisharp
|move|p2a: Sinistcha|Strength Sap|p1a: Bisharp
|-unboost|p1a: Bisharp|atk|1
|-ability|p1a: Bisharp|Defiant|boost
|-boost|p1a: Bisharp|atk|2
|-heal|p2a: Sinistcha|100/100
|
|upkeep
|turn|15
|inactive|Cheeseitz21duh has 120 seconds left.
|
|t:|1760796346
|move|p1a: Bisharp|Shadow Claw|p2a: Sinistcha
|-damage|p2a: Sinistcha|63/100
|-damage|p1a: Bisharp|0 fnt|[from] item: Rocky Helmet|[of] p2a: Sinistcha
|faint|p1a: Bisharp
|move|p2a: Sinistcha|Calm Mind|p2a: Sinistcha
|-boost|p2a: Sinistcha|spa|1
|-boost|p2a: Sinistcha|spd|1
|
|upkeep
|
|t:|1760796356
|switch|p1a: Iron Moth|Iron Moth, tera:Grass|52/100
|-damage|p1a: Iron Moth|40/100|[from] Spikes
|turn|16
|inactive|Cheeseitz21duh has 120 seconds left.
|
|t:|1760796372
|switch|p2a: Dragalge|Dragalge, F|53/100
|move|p1a: Iron Moth|Discharge|p2a: Dragalge
|-resisted|p2a: Dragalge
|-damage|p2a: Dragalge|46/100
|
|upkeep
|turn|17
|inactive|Cheeseitz21duh has 120 seconds left.
|
|t:|1760796384
|-end|p1a: Iron Moth|Quark Drive|[silent]
|switch|p1a: Kingambit|Kingambit, F, shiny|100/100
|-damage|p1a: Kingambit|88/100|[from] Spikes
|-activate|p1a: Kingambit|ability: Supreme Overlord
|-start|p1a: Kingambit|fallen2|[silent]
|move|p2a: Dragalge|Sludge Bomb|p1a: Kingambit
|-immune|p1a: Kingambit
|
|-heal|p1a: Kingambit|94/100|[from] item: Leftovers
|upkeep
|turn|18
|inactive|Cheeseitz21duh has 120 seconds left.
|
|t:|1760796392
|switch|p2a: Ting-Lu|Ting-Lu|60/100
|-ability|p2a: Ting-Lu|Vessel of Ruin
|move|p1a: Kingambit|Protect||[still]
|-fail|p1a: Kingambit
|
|-heal|p2a: Ting-Lu|66/100|[from] item: Leftovers
|-heal|p1a: Kingambit|100/100|[from] item: Leftovers
|upkeep
|turn|19
|
|t:|1760796404
|move|p2a: Ting-Lu|Spikes|p1a: Kingambit
|-sidestart|p1: manumohanx|Spikes
|move|p1a: Kingambit|Iron Head|p2a: Ting-Lu
|-damage|p2a: Ting-Lu|43/100
|
|-heal|p2a: Ting-Lu|49/100|[from] item: Leftovers
|upkeep
|turn|20
|inactive|Cheeseitz21duh has 120 seconds left.
|
|t:|1760796425
|move|p2a: Ting-Lu|Earthquake|p1a: Kingambit
|-supereffective|p1a: Kingambit
|-damage|p1a: Kingambit|50/100
|move|p1a: Kingambit|Iron Head|p2a: Ting-Lu
|-crit|p2a: Ting-Lu
|-damage|p2a: Ting-Lu|13/100
|
|-heal|p2a: Ting-Lu|19/100|[from] item: Leftovers
|-heal|p1a: Kingambit|56/100|[from] item: Leftovers
|upkeep
|turn|21
|inactive|Cheeseitz21duh has 120 seconds left.
|
|t:|1760796436
|move|p2a: Ting-Lu|Spikes|p1a: Kingambit
|-sidestart|p1: manumohanx|Spikes
|move|p1a: Kingambit|Iron Head|p2a: Ting-Lu
|-damage|p2a: Ting-Lu|0 fnt
|faint|p2a: Ting-Lu
|
|-heal|p1a: Kingambit|62/100|[from] item: Leftovers
|upkeep
|
|t:|1760796444
|switch|p2a: Haxorus|Haxorus, F|100/100
|-ability|p2a: Haxorus|Mold Breaker
|turn|22
|inactive|Cheeseitz21duh has 120 seconds left.
|
|t:|1760796456
|move|p2a: Haxorus|Dragon Dance|p2a: Haxorus
|-boost|p2a: Haxorus|atk|1
|-boost|p2a: Haxorus|spe|1
|move|p1a: Kingambit|Kowtow Cleave|p2a: Haxorus
|-crit|p2a: Haxorus
|-damage|p2a: Haxorus|0 fnt
|faint|p2a: Haxorus
|
|-heal|p1a: Kingambit|68/100|[from] item: Leftovers
|upkeep
|c|☆Cheeseitz21duh|king von smh
|
|t:|1760796480
|switch|p2a: Sinistcha|Sinistcha, tera:Water|63/100
|turn|23
|
|t:|1760796490
|move|p2a: Sinistcha|Strength Sap|p1a: Kingambit
|-unboost|p1a: Kingambit|atk|1
|-heal|p2a: Sinistcha|100/100
|move|p1a: Kingambit|Kowtow Cleave|p2a: Sinistcha
|-damage|p2a: Sinistcha|74/100
|-damage|p1a: Kingambit|51/100|[from] item: Rocky Helmet|[of] p2a: Sinistcha
|
|-heal|p1a: Kingambit|58/100|[from] item: Leftovers
|upkeep
|turn|24
|
|t:|1760796504
|-end|p1a: Kingambit|fallen2|[silent]
|switch|p1a: Iron Moth|Iron Moth, tera:Grass|40/100
|-damage|p1a: Iron Moth|15/100|[from] Spikes
|move|p2a: Sinistcha|Calm Mind|p2a: Sinistcha
|-boost|p2a: Sinistcha|spa|1
|-boost|p2a: Sinistcha|spd|1
|
|upkeep
|turn|25
|
|t:|1760796517
|move|p1a: Iron Moth|Discharge|p2a: Sinistcha
|-supereffective|p2a: Sinistcha
|-damage|p2a: Sinistcha|33/100
|move|p2a: Sinistcha|Shadow Ball|p1a: Iron Moth
|-damage|p1a: Iron Moth|0 fnt
|faint|p1a: Iron Moth
|-end|p1a: Iron Moth|Quark Drive|[silent]
|
|upkeep
|
|t:|1760796532
|switch|p1a: Kommo-o|Kommo-o, M|100/100
|-damage|p1a: Kommo-o|76/100|[from] Spikes
|turn|26
|
|t:|1760796536
|move|p1a: Kommo-o|Clangorous Soul|p1a: Kommo-o
|-boost|p1a: Kommo-o|atk|1
|-boost|p1a: Kommo-o|def|1
|-boost|p1a: Kommo-o|spa|1
|-boost|p1a: Kommo-o|spd|1
|-boost|p1a: Kommo-o|spe|1
|-damage|p1a: Kommo-o|43/100
|-enditem|p1a: Kommo-o|Throat Spray
|-boost|p1a: Kommo-o|spa|1|[from] item: Throat Spray
|move|p2a: Sinistcha|Strength Sap|p1a: Kommo-o
|-unboost|p1a: Kommo-o|atk|1
|-heal|p2a: Sinistcha|100/100
|
|upkeep
|turn|27
|inactive|Cheeseitz21duh has 120 seconds left.
|
|t:|1760796551
|move|p1a: Kommo-o|Boomburst|p2a: Sinistcha
|-damage|p2a: Sinistcha|41/100
|move|p2a: Sinistcha|Calm Mind|p2a: Sinistcha
|-boost|p2a: Sinistcha|spa|1
|-boost|p2a: Sinistcha|spd|1
|
|upkeep
|turn|28
|
|t:|1760796558
|move|p1a: Kommo-o|Boomburst|p2a: Sinistcha
|-crit|p2a: Sinistcha
|-damage|p2a: Sinistcha|0 fnt
|faint|p2a: Sinistcha
|
|upkeep
|
|t:|1760796562
|switch|p2a: Enamorus|Enamorus, F|100/100
|turn|29
|
|t:|1760796572
|move|p1a: Kommo-o|Boomburst|p2a: Enamorus
|-crit|p2a: Enamorus
|-damage|p2a: Enamorus|0 fnt
|faint|p2a: Enamorus
|
|upkeep
|-message|Cheeseitz21duh forfeited.
|
|win|manumohanx
|raw|manumohanx's rating: 1197 &rarr; <strong>1225</strong><br />(+28 for winning)
|raw|Cheeseitz21duh's rating: 1242 &rarr; <strong>1214</strong><br />(-28 for losing)
|l|☆Cheeseitz21duh
|player|p2|
|l|☆manumohanx
|player|p1|
