|j|☆Brofessor Been
|j|☆Overgame00
|t:|1760889711
|gametype|singles
|player|p1|Brofessor Been|170|1390
|player|p2|Overgame00|baker|1431
|gen|9
|tier|[Gen 9] OU
|rated|
|rule|HP Percentage Mod: HP is shown in percentages
|rule|Endless Battle Clause: Forcing endless battles is banned
|rule|Species Clause: Limit one of each Pokémon
|rule|OHKO Clause: OHKO moves are banned
|rule|Evasion Items Clause: Evasion items are banned
|rule|Evasion Moves Clause: Evasion moves are banned
|rule|Evasion Abilities Clause: Evasion abilities are banned
|rule|Sleep Moves Clause: Sleep-inducing moves are banned
|clearpoke
|poke|p1|Crawdaunt, M|
|poke|p1|Deoxys-Speed|
|poke|p1|Ursaluna, F|
|poke|p1|Scizor, F|
|poke|p1|Darkrai|
|poke|p1|Enamorus-Therian, F|
|poke|p2|Araquanid, F|
|poke|p2|Gholdengo|
|poke|p2|Enamorus, F|
|poke|p2|Great Tusk|
|poke|p2|Iron Moth|
|poke|p2|Kingambit, M|
|teampreview
|
|t:|1760889751
|teamsize|p1|6
|teamsize|p2|6
|start
|switch|p1a: Scizor|Scizor, F|100/100
|switch|p2a: Dora Do|Gholdengo|100/100
|turn|1
|
|t:|1760889759
|move|p2a: Dora Do|Shadow Ball|p1a: Scizor
|-damage|p1a: Scizor|39/100
|move|p1a: Scizor|U-turn|p2a: Dora Do
|-resisted|p2a: Dora Do
|-damage|p2a: Dora Do|86/100
|-damage|p1a: Scizor|29/100|[from] item: Life Orb
|
|t:|1760889776
|switch|p1a: Ursaluna|Ursaluna, F|100/100|[from] U-turn
|
|-status|p1a: Ursaluna|brn|[from] item: Flame Orb
|upkeep
|turn|2
|
|t:|1760889787
|switch|p2a: Blasting Moon|Enamorus, F|100/100
|move|p1a: Ursaluna|Facade|p2a: Blasting Moon
|-damage|p2a: Blasting Moon|0 fnt
|faint|p2a: Blasting Moon
|
|-damage|p1a: Ursaluna|94/100 brn|[from] brn
|upkeep
|
|t:|1760889792
|switch|p2a: Mr Bubbles|Araquanid, F|100/100
|turn|3
|
|t:|1760889806
|switch|p1a: Deoxys|Deoxys-Speed|100/100
|-ability|p1a: Deoxys|Pressure
|move|p2a: Mr Bubbles|Surf|p1a: Deoxys
|-damage|p1a: Deoxys|48/100
|
|upkeep
|turn|4
|
|t:|1760889819
|move|p2a: Mr Bubbles|Lunge|p1a: Deoxys
|-supereffective|p1a: Deoxys
|-damage|p1a: Deoxys|0 fnt
|faint|p1a: Deoxys
|
|upkeep
|
|t:|1760889857
|switch|p1a: Enamorus|Enamorus-Therian, F|100/100
|turn|5
|
|t:|1760889865
|move|p2a: Mr Bubbles|Surf|p1a: Enamorus
|-damage|p1a: Enamorus|67/100
|move|p1a: Enamorus|Moonblast|p2a: Mr Bubbles
|-damage|p2a: Mr Bubbles|52/100
|-damage|p1a: Enamorus|57/100|[from] item: Life Orb
|
|upkeep
|turn|6
|
|t:|1760889882
|move|p2a: Mr Bubbles|Surf|p1a: Enamorus
|-damage|p1a: Enamorus|23/100
|move|p1a: Enamorus|Earth Power|p2a: Mr Bubbles
|-resisted|p2a: Mr Bubbles
|-damage|p2a: Mr Bubbles|37/100
|-damage|p1a: Enamorus|13/100|[from] item: Life Orb
|
|upkeep
|turn|7
|
|t:|1760889890
|move|p2a: Mr Bubbles|Surf|p1a: Enamorus
|-damage|p1a: Enamorus|0 fnt
|faint|p1a: Enamorus
|
|upkeep
|
|t:|1760889896
|switch|p1a: Darkrai|Darkrai|100/100
|turn|8
|
|t:|1760889912
|move|p1a: Darkrai|Dark Pulse|p2a: Mr Bubbles
|-damage|p2a: Mr Bubbles|0 fnt
|faint|p2a: Mr Bubbles
|-damage|p1a: Darkrai|91/100|[from] item: Life Orb
|
|upkeep
|
|t:|1760889923
|switch|p2a: Iron Deficency|Iron Moth|100/100
|-enditem|p2a: Iron Deficency|Booster Energy
|-activate|p2a: Iron Deficency|ability: Quark Drive|[fromitem]
|-start|p2a: Iron Deficency|quarkdrivespa
|turn|9
|
|t:|1760889957
|move|p1a: Darkrai|Dark Pulse|p2a: Iron Deficency
|-damage|p2a: Iron Deficency|38/100
|-damage|p1a: Darkrai|81/100|[from] item: Life Orb
|move|p2a: Iron Deficency|Fiery Dance|p1a: Darkrai
|-damage|p1a: Darkrai|4/100
|
|upkeep
|turn|10
|
|t:|1760890002
|switch|p1a: Scizor|Scizor, F|29/100
|-end|p2a: Iron Deficency|Quark Drive|[silent]
|switch|p2a: El Mustachio|Kingambit, M|100/100
|-activate|p2a: El Mustachio|ability: Supreme Overlord
|-start|p2a: El Mustachio|fallen2|[silent]
|
|upkeep
|turn|11
|
|t:|1760890018
|move|p2a: El Mustachio|Sucker Punch|p1a: Scizor
|-damage|p1a: Scizor|0 fnt
|faint|p1a: Scizor
|
|upkeep
|
|t:|1760890022
|switch|p1a: Ursaluna|Ursaluna, F|94/100 brn
|turn|12
|
|t:|1760890035
|-end|p2a: El Mustachio|fallen2|[silent]
|switch|p2a: Little Tusk|Great Tusk|100/100
|move|p1a: Ursaluna|Headlong Rush|p2a: Little Tusk
|-damage|p2a: Little Tusk|28/100
|-unboost|p1a: Ursaluna|def|1
|-unboost|p1a: Ursaluna|spd|1
|
|-damage|p1a: Ursaluna|88/100 brn|[from] brn
|upkeep
|turn|13
|
|t:|1760890072
|switch|p1a: Darkrai|Darkrai|4/100
|move|p2a: Little Tusk|Headlong Rush|p1a: Darkrai
|-damage|p1a: Darkrai|0 fnt
|-unboost|p2a: Little Tusk|def|1
|-unboost|p2a: Little Tusk|spd|1
|faint|p1a: Darkrai
|
|upkeep
|
|t:|1760890078
|switch|p1a: Crawdaunt|Crawdaunt, M|100/100
|turn|14
|
|t:|1760890085
|move|p1a: Crawdaunt|Aqua Jet|p2a: Little Tusk
|-supereffective|p2a: Little Tusk
|-damage|p2a: Little Tusk|0 fnt
|faint|p2a: Little Tusk
|-end|p2a: Little Tusk|Protosynthesis|[silent]
|
|upkeep
|
|t:|1760890088
|switch|p2a: Dora Do|Gholdengo|86/100
|turn|15
|
|t:|1760890100
|switch|p1a: Ursaluna|Ursaluna, F|88/100 brn
|-terastallize|p2a: Dora Do|Dragon
|move|p2a: Dora Do|Nasty Plot|p2a: Dora Do
|-boost|p2a: Dora Do|spa|2
|
|-damage|p1a: Ursaluna|82/100 brn|[from] brn
|upkeep
|turn|16
|
|t:|1760890118
|move|p2a: Dora Do|Make It Rain|p1a: Ursaluna
|-damage|p1a: Ursaluna|0 fnt
|-unboost|p2a: Dora Do|spa|1
|faint|p1a: Ursaluna
|
|upkeep
|
|t:|1760890129
|switch|p1a: Crawdaunt|Crawdaunt, M|100/100
|turn|17
|
|t:|1760890146
|-terastallize|p1a: Crawdaunt|Water
|move|p2a: Dora Do|Make It Rain|p1a: Crawdaunt
|-resisted|p1a: Crawdaunt
|-damage|p1a: Crawdaunt|17/100
|-unboost|p2a: Dora Do|spa|1
|move|p1a: Crawdaunt|Crabhammer|p2a: Dora Do
|-resisted|p2a: Dora Do
|-crit|p2a: Dora Do
|-damage|p2a: Dora Do|0 fnt
|faint|p2a: Dora Do
|
|upkeep
|
|t:|1760890155
|switch|p2a: El Mustachio|Kingambit, M|100/100
|-activate|p2a: El Mustachio|ability: Supreme Overlord
|-start|p2a: El Mustachio|fallen4|[silent]
|turn|18
|-message|Brofessor Been forfeited.
|
|win|Overgame00
|raw|Brofessor Been's rating: 1390 &rarr; <strong>1372</strong><br />(-18 for losing)
|raw|Overgame00's rating: 1431 &rarr; <strong>1449</strong><br />(+18 for winning)
|l|☆Brofessor Been
|player|p1|
|l|☆Overgame00
|player|p2|
