|j|☆HWH8SB
|j|☆LastGREATEST
|t:|1760793100
|gametype|singles
|player|p1|HWH8SB|pokemaniac|1349
|player|p2|LastGREATEST|blue-gen7|1411
|gen|9
|tier|[Gen 9] OU
|rated|
|rule|HP Percentage Mod: HP is shown in percentages
|rule|Endless Battle Clause: Forcing endless battles is banned
|rule|Species Clause: Limit one of each Pokémon
|rule|OHKO Clause: OHKO moves are banned
|rule|Evasion Items Clause: Evasion items are banned
|rule|Evasion Moves Clause: Evasion moves are banned
|rule|Evasion Abilities Clause: Evasion abilities are banned
|rule|Sleep Moves Clause: Sleep-inducing moves are banned
|clearpoke
|poke|p1|Scizor, M|
|poke|p1|Dragonite, M|
|poke|p1|Primarina, M|
|poke|p1|Garchomp, M|
|poke|p1|Latios, M|
|poke|p1|Slowking-Galar, F|
|poke|p2|Slowking-Galar, M|
|poke|p2|Azumarill, M|
|poke|p2|Ursaluna, M|
|poke|p2|Mimikyu, M|
|poke|p2|Rabsca, M|
|poke|p2|Kingambit, M|
|teampreview
|
|t:|1760793110
|teamsize|p1|6
|teamsize|p2|6
|start
|switch|p1a: Garchomp|Garchomp, M|100/100
|switch|p2a: PIKABLU|Azumarill, M|100/100
|turn|1
|
|t:|1760793114
|move|p1a: Garchomp|Stealth Rock|p2a: PIKABLU
|-sidestart|p2: LastGREATEST|move: Stealth Rock
|move|p2a: PIKABLU|Play Rough|p1a: Garchomp
|-supereffective|p1a: Garchomp
|-damage|p1a: Garchomp|25/100
|-damage|p2a: PIKABLU|88/100|[from] ability: Rough Skin|[of] p1a: Garchomp
|-damage|p2a: PIKABLU|72/100|[from] item: Rocky Helmet|[of] p1a: Garchomp
|
|upkeep
|turn|2
|
|t:|1760793119
|move|p1a: Garchomp|Spikes|p2a: PIKABLU
|-sidestart|p2: LastGREATEST|Spikes
|move|p2a: PIKABLU|Play Rough|p1a: Garchomp
|-supereffective|p1a: Garchomp
|-damage|p1a: Garchomp|0 fnt
|-damage|p2a: PIKABLU|59/100|[from] ability: Rough Skin|[of] p1a: Garchomp
|-damage|p2a: PIKABLU|43/100|[from] item: Rocky Helmet|[of] p1a: Garchomp
|faint|p1a: Garchomp
|
|upkeep
|
|t:|1760793122
|switch|p1a: Scizor|Scizor, M|100/100
|turn|3
|
|t:|1760793125
|move|p1a: Scizor|Bullet Punch|p2a: PIKABLU
|-damage|p2a: PIKABLU|0 fnt
|faint|p2a: PIKABLU
|
|upkeep
|
|t:|1760793143
|switch|p2a: SMART @$$|Rabsca, M, shiny|100/100
|turn|4
|
|t:|1760793158
|switch|p1a: Slowking|Slowking-Galar, F|100/100
|move|p2a: SMART @$$|Trick Room|p2a: SMART @$$
|-fieldstart|move: Trick Room|[of] p2a: SMART @$$
|
|upkeep
|turn|5
|
|t:|1760793167
|-prepare|p1a: Slowking|Chilly Reception|[premajor]
|move|p1a: Slowking|Chilly Reception|p1a: Slowking
|-weather|Snowscape
|
|t:|1760793170
|switch|p1a: Scizor|Scizor, M|100/100|[from] Chilly Reception
|move|p2a: SMART @$$|Future Sight|p1a: Scizor
|-start|p2a: SMART @$$|move: Future Sight
|
|-weather|Snowscape|[upkeep]
|upkeep
|turn|6
|
|t:|1760793179
|switch|p2a: COCAINE|Ursaluna, M|100/100
|-damage|p2a: COCAINE|94/100|[from] Stealth Rock
|-damage|p2a: COCAINE|82/100|[from] Spikes
|move|p1a: Scizor|U-turn|p2a: COCAINE
|-damage|p2a: COCAINE|36/100
|
|t:|1760793199
|switch|p1a: Latios|Latios, M|100/100|[from] U-turn
|
|-weather|Snowscape|[upkeep]
|-status|p2a: COCAINE|brn|[from] item: Flame Orb
|upkeep
|turn|7
|
|t:|1760793205
|move|p2a: COCAINE|Crunch|p1a: Latios
|-supereffective|p1a: Latios
|-damage|p1a: Latios|0 fnt
|faint|p1a: Latios
|
|-weather|Snowscape|[upkeep]
|-hint|Future Sight did not hit because the target is fainted.
|-damage|p2a: COCAINE|30/100 brn|[from] brn
|upkeep
|
|t:|1760793207
|switch|p1a: Scizor|Scizor, M|100/100
|turn|8
|
|t:|1760793213
|move|p1a: Scizor|Bullet Punch|p2a: COCAINE
|-damage|p2a: COCAINE|0 fnt
|faint|p2a: COCAINE
|
|-weather|Snowscape|[upkeep]
|-fieldend|move: Trick Room
|upkeep
|
|t:|1760793237
|switch|p2a: DARTH BRO|Slowking-Galar, M|100/100
|-damage|p2a: DARTH BRO|88/100|[from] Stealth Rock
|-damage|p2a: DARTH BRO|76/100|[from] Spikes
|turn|9
|
|t:|1760793263
|switch|p1a: Slowking|Slowking-Galar, F|100/100
|switch|p2a: SMART @$$|Rabsca, M, shiny|100/100
|
|-weather|none
|upkeep
|turn|10
|
|t:|1760793281
|-prepare|p1a: Slowking|Chilly Reception|[premajor]
|move|p1a: Slowking|Chilly Reception|p1a: Slowking
|-weather|Snowscape
|
|t:|1760793288
|switch|p1a: Scizor|Scizor, M|100/100|[from] Chilly Reception
|move|p2a: SMART @$$|Trick Room|p2a: SMART @$$
|-fieldstart|move: Trick Room|[of] p2a: SMART @$$
|
|-weather|Snowscape|[upkeep]
|upkeep
|turn|11
|
|t:|1760793292
|move|p2a: SMART @$$|Future Sight|p1a: Scizor
|-start|p2a: SMART @$$|move: Future Sight
|move|p1a: Scizor|U-turn|p2a: SMART @$$
|-supereffective|p2a: SMART @$$
|-damage|p2a: SMART @$$|4/100
|
|t:|1760793297
|switch|p1a: Slowking|Slowking-Galar, F|100/100|[from] U-turn
|
|-weather|Snowscape|[upkeep]
|upkeep
|turn|12
|
|t:|1760793305
|move|p1a: Slowking|Sludge Bomb|p2a: SMART @$$
|-damage|p2a: SMART @$$|0 fnt
|faint|p2a: SMART @$$
|
|-weather|Snowscape|[upkeep]
|upkeep
|
|t:|1760793318
|switch|p2a: PIKABOO|Mimikyu, M|100/100
|-damage|p2a: PIKABOO|88/100|[from] Stealth Rock
|-damage|p2a: PIKABOO|76/100|[from] Spikes
|turn|13
|
|t:|1760793322
|move|p2a: PIKABOO|Shadow Sneak|p1a: Slowking
|-supereffective|p1a: Slowking
|-damage|p1a: Slowking|66/100
|move|p1a: Slowking|Sludge Bomb|p2a: PIKABOO
|-activate|p2a: PIKABOO|ability: Disguise
|-damage|p2a: PIKABOO|76/100
|detailschange|p2a: PIKABOO|Mimikyu-Busted, M
|-damage|p2a: PIKABOO|63/100|[from] pokemon: Mimikyu-Busted
|
|-weather|Snowscape|[upkeep]
|-end|p1a: Slowking|move: Future Sight
|-damage|p1a: Slowking|37/100
|upkeep
|turn|14
|
|t:|1760793344
|move|p1a: Slowking|Sludge Bomb|p2a: PIKABOO
|-damage|p2a: PIKABOO|25/100
|move|p2a: PIKABOO|Curse|p1a: Slowking
|-start|p1a: Slowking|Curse|[of] p2a: PIKABOO
|-damage|p2a: PIKABOO|0 fnt
|faint|p2a: PIKABOO
|
|-weather|none
|-damage|p1a: Slowking|12/100|[from] Curse
|-fieldend|move: Trick Room
|upkeep
|
|t:|1760793351
|switch|p2a: DARTH BRO|Slowking-Galar, M|100/100
|-damage|p2a: DARTH BRO|88/100|[from] Stealth Rock
|-damage|p2a: DARTH BRO|76/100|[from] Spikes
|turn|15
|
|t:|1760793354
|switch|p1a: Scizor|Scizor, M|100/100
|move|p2a: DARTH BRO|Trick Room|p2a: DARTH BRO
|-fieldstart|move: Trick Room|[of] p2a: DARTH BRO
|
|upkeep
|turn|16
|
|t:|1760793358
|move|p2a: DARTH BRO|Fire Blast|p1a: Scizor
|-supereffective|p1a: Scizor
|-damage|p1a: Scizor|0 fnt
|faint|p1a: Scizor
|-damage|p2a: DARTH BRO|66/100|[from] item: Life Orb
|
|upkeep
|
|t:|1760793368
|switch|p1a: Dragonite|Dragonite, M|100/100
|turn|17
|
|t:|1760793375
|move|p2a: DARTH BRO|Ice Beam|p1a: Dragonite
|-supereffective|p1a: Dragonite
|-damage|p1a: Dragonite|11/100
|-damage|p2a: DARTH BRO|56/100|[from] item: Life Orb
|move|p1a: Dragonite|Earthquake|p2a: DARTH BRO
|-supereffective|p2a: DARTH BRO
|-damage|p2a: DARTH BRO|0 fnt
|faint|p2a: DARTH BRO
|
|upkeep
|
|t:|1760793379
|switch|p2a: CHECKMATE|Kingambit, M, shiny|100/100
|-damage|p2a: CHECKMATE|94/100|[from] Stealth Rock
|-damage|p2a: CHECKMATE|82/100|[from] Spikes
|-activate|p2a: CHECKMATE|ability: Supreme Overlord
|-start|p2a: CHECKMATE|fallen5|[silent]
|turn|18
|
|t:|1760793386
|move|p2a: CHECKMATE|Sucker Punch|p1a: Dragonite
|-damage|p1a: Dragonite|0 fnt
|faint|p1a: Dragonite
|
|upkeep
|
|t:|1760793391
|switch|p1a: Primarina|Primarina, M|100/100
|turn|19
|
|t:|1760793397
|move|p2a: CHECKMATE|Iron Head|p1a: Primarina
|-damage|p1a: Primarina|0 fnt
|faint|p1a: Primarina
|
|-fieldend|move: Trick Room
|upkeep
|-message|HWH8SB forfeited.
|
|win|LastGREATEST
|raw|HWH8SB's rating: 1349 &rarr; <strong>1333</strong><br />(-16 for losing)
|raw|LastGREATEST's rating: 1411 &rarr; <strong>1427</strong><br />(+16 for winning)
|l|☆HWH8SB
|player|p1|
|l|☆LastGREATEST
|player|p2|
