|j|☆I will eat another
|j|☆yaotaiwon
|t:|1760878115
|gametype|singles
|player|p1|I will eat another|plasmagrunt|1390
|player|p2|yaotaiwon|102|1399
|gen|9
|tier|[Gen 9] OU
|rated|
|rule|HP Percentage Mod: HP is shown in percentages
|rule|Endless Battle Clause: Forcing endless battles is banned
|rule|Species Clause: Limit one of each Pokémon
|rule|OHKO Clause: OHKO moves are banned
|rule|Evasion Items Clause: Evasion items are banned
|rule|Evasion Moves Clause: Evasion moves are banned
|rule|Evasion Abilities Clause: Evasion abilities are banned
|rule|Sleep Moves Clause: Sleep-inducing moves are banned
|clearpoke
|poke|p1|Breloom, F|
|poke|p1|Swinub, F|
|poke|p1|Iron Crown|
|poke|p1|Glimmora, F|
|poke|p1|Talonflame, M|
|poke|p1|Greninja-*, F|
|poke|p2|Ting-Lu|
|poke|p2|Mandibuzz, F|
|poke|p2|Slowking-Galar, F|
|poke|p2|Great Tusk|
|poke|p2|Skeledirge, M|
|poke|p2|Iron Hands|
|teampreview
|inactive|Battle timer is ON: inactive players will automatically lose when time's up. (requested by I will eat another)
|inactive|yaotaiwon has 120 seconds left.
|
|t:|1760878147
|teamsize|p1|6
|teamsize|p2|6
|start
|switch|p1a: Kapilz|Breloom, F|100/100
|switch|p2a: Ting-Lu|Ting-Lu|100/100
|-ability|p2a: Ting-Lu|Vessel of Ruin
|turn|1
|
|t:|1760878153
|move|p1a: Kapilz|Bullet Seed|p2a: Ting-Lu
|-supereffective|p2a: Ting-Lu
|-damage|p2a: Ting-Lu|79/100
|-supereffective|p2a: Ting-Lu
|-damage|p2a: Ting-Lu|58/100
|-supereffective|p2a: Ting-Lu
|-damage|p2a: Ting-Lu|35/100
|-hitcount|p2a: Ting-Lu|3
|-damage|p1a: Kapilz|91/100|[from] item: Life Orb
|move|p2a: Ting-Lu|Stealth Rock|p1a: Kapilz
|-sidestart|p1: I will eat another|move: Stealth Rock
|
|-heal|p2a: Ting-Lu|41/100|[from] item: Leftovers
|upkeep
|turn|2
|
|t:|1760878164
|switch|p2a: Skeledirge|Skeledirge, M|100/100
|move|p1a: Kapilz|Bullet Seed|p2a: Skeledirge
|-resisted|p2a: Skeledirge
|-damage|p2a: Skeledirge|90/100
|-resisted|p2a: Skeledirge
|-damage|p2a: Skeledirge|82/100
|-resisted|p2a: Skeledirge
|-damage|p2a: Skeledirge|73/100
|-resisted|p2a: Skeledirge
|-damage|p2a: Skeledirge|63/100
|-resisted|p2a: Skeledirge
|-damage|p2a: Skeledirge|53/100
|-hitcount|p2a: Skeledirge|5
|-damage|p1a: Kapilz|81/100|[from] item: Life Orb
|
|-heal|p2a: Skeledirge|59/100|[from] item: Leftovers
|upkeep
|turn|3
|
|t:|1760878178
|move|p1a: Kapilz|Rock Tomb|p2a: Skeledirge
|-supereffective|p2a: Skeledirge
|-damage|p2a: Skeledirge|0 fnt
|faint|p2a: Skeledirge
|-damage|p1a: Kapilz|71/100|[from] item: Life Orb
|
|upkeep
|
|t:|1760878184
|switch|p2a: Mandibuzz|Mandibuzz, F|100/100
|turn|4
|
|t:|1760878190
|move|p1a: Kapilz|Rock Tomb|p2a: Mandibuzz
|-supereffective|p2a: Mandibuzz
|-damage|p2a: Mandibuzz|55/100
|-unboost|p2a: Mandibuzz|spe|1
|-damage|p1a: Kapilz|61/100|[from] item: Life Orb
|move|p2a: Mandibuzz|Foul Play|p1a: Kapilz
|-resisted|p1a: Kapilz
|-damage|p1a: Kapilz|20/100
|
|-heal|p2a: Mandibuzz|61/100|[from] item: Leftovers
|upkeep
|turn|5
|
|t:|1760878200
|move|p1a: Kapilz|Mach Punch|p2a: Mandibuzz
|-damage|p2a: Mandibuzz|39/100
|-damage|p1a: Kapilz|10/100|[from] item: Life Orb
|move|p2a: Mandibuzz|Roost|p2a: Mandibuzz
|-heal|p2a: Mandibuzz|89/100
|-singleturn|p2a: Mandibuzz|move: Roost
|
|-heal|p2a: Mandibuzz|95/100|[from] item: Leftovers
|upkeep
|turn|6
|
|t:|1760878210
|move|p1a: Kapilz|Bullet Seed|p2a: Mandibuzz
|-resisted|p2a: Mandibuzz
|-damage|p2a: Mandibuzz|89/100
|-resisted|p2a: Mandibuzz
|-damage|p2a: Mandibuzz|82/100
|-hitcount|p2a: Mandibuzz|2
|-damage|p1a: Kapilz|0 fnt|[from] item: Life Orb
|faint|p1a: Kapilz
|move|p2a: Mandibuzz|Foul Play|p1: Kapilz|[notarget]
|-fail|p2a: Mandibuzz
|
|-heal|p2a: Mandibuzz|88/100|[from] item: Leftovers
|upkeep
|
|t:|1760878220
|switch|p1a: Lumiflora|Glimmora, F|100/100
|-damage|p1a: Lumiflora|88/100|[from] Stealth Rock
|turn|7
|
|t:|1760878245
|switch|p2a: Ting-Lu|Ting-Lu|41/100
|-ability|p2a: Ting-Lu|Vessel of Ruin
|move|p1a: Lumiflora|Meteor Beam||[still]
|-prepare|p1a: Lumiflora|Meteor Beam
|-boost|p1a: Lumiflora|spa|1
|-enditem|p1a: Lumiflora|Power Herb
|-anim|p1a: Lumiflora|Meteor Beam|p2a: Ting-Lu
|-resisted|p2a: Ting-Lu
|-damage|p2a: Ting-Lu|17/100
|
|-heal|p2a: Ting-Lu|23/100|[from] item: Leftovers
|upkeep
|turn|8
|
|t:|1760878256
|move|p1a: Lumiflora|Mortal Spin|p2a: Ting-Lu
|-resisted|p2a: Ting-Lu
|-damage|p2a: Ting-Lu|22/100
|-status|p2a: Ting-Lu|psn
|-sideend|p1: I will eat another|Stealth Rock|[from] move: Mortal Spin|[of] p1a: Lumiflora
|move|p2a: Ting-Lu|Earthquake|p1a: Lumiflora
|-supereffective|p1a: Lumiflora
|-damage|p1a: Lumiflora|0 fnt
|-activate|p1a: Lumiflora|ability: Toxic Debris
|-sidestart|p2: yaotaiwon|move: Toxic Spikes
|faint|p1a: Lumiflora
|
|-heal|p2a: Ting-Lu|28/100 psn|[from] item: Leftovers
|-damage|p2a: Ting-Lu|15/100 psn|[from] psn
|upkeep
|
|t:|1760878269
|switch|p1a: Quiekel|Swinub, F|100/100
|turn|9
|
|t:|1760878289
|move|p1a: Quiekel|Ice Shard|p2a: Ting-Lu
|-supereffective|p2a: Ting-Lu
|-damage|p2a: Ting-Lu|6/100 psn
|move|p2a: Ting-Lu|Stealth Rock|p1a: Quiekel
|-sidestart|p1: I will eat another|move: Stealth Rock
|
|-heal|p2a: Ting-Lu|12/100 psn|[from] item: Leftovers
|-damage|p2a: Ting-Lu|0 fnt|[from] psn
|faint|p2a: Ting-Lu
|upkeep
|
|t:|1760878295
|switch|p2a: Mandibuzz|Mandibuzz, F|88/100
|turn|10
|
|t:|1760878301
|move|p2a: Mandibuzz|Toxic|p1a: Quiekel
|-status|p1a: Quiekel|tox
|move|p1a: Quiekel|Endeavor|p2a: Mandibuzz
|-damage|p2a: Mandibuzz|57/100
|
|-heal|p2a: Mandibuzz|63/100|[from] item: Leftovers
|-damage|p1a: Quiekel|94/100 tox|[from] psn
|upkeep
|turn|11
|
|t:|1760878314
|move|p1a: Quiekel|Ice Shard|p2a: Mandibuzz
|-supereffective|p2a: Mandibuzz
|-damage|p2a: Mandibuzz|49/100
|move|p2a: Mandibuzz|Roost|p2a: Mandibuzz
|-heal|p2a: Mandibuzz|99/100
|-singleturn|p2a: Mandibuzz|move: Roost
|
|-heal|p2a: Mandibuzz|100/100|[from] item: Leftovers
|-damage|p1a: Quiekel|82/100 tox|[from] psn
|upkeep
|turn|12
|
|t:|1760878325
|switch|p2a: Slowking|Slowking-Galar, F|100/100
|-sideend|p2: yaotaiwon|move: Toxic Spikes|[of] p2a: Slowking
|move|p1a: Quiekel|Roar|p2a: Slowking
|drag|p2a: Iron Hands|Iron Hands|100/100
|
|-damage|p1a: Quiekel|63/100 tox|[from] psn
|upkeep
|turn|13
|
|t:|1760878332
|-end|p2a: Iron Hands|Quark Drive|[silent]
|switch|p2a: Slowking|Slowking-Galar, F|100/100
|move|p1a: Quiekel|Earthquake|p2a: Slowking
|-supereffective|p2a: Slowking
|-damage|p2a: Slowking|55/100
|
|-heal|p2a: Slowking|61/100|[from] item: Leftovers
|-damage|p1a: Quiekel|38/100 tox|[from] psn
|upkeep
|turn|14
|
|t:|1760878340
|move|p1a: Quiekel|Earthquake|p2a: Slowking
|-supereffective|p2a: Slowking
|-damage|p2a: Slowking|15/100
|move|p2a: Slowking|Future Sight|p1a: Quiekel
|-start|p2a: Slowking|move: Future Sight
|
|-heal|p2a: Slowking|21/100|[from] item: Leftovers
|-damage|p1a: Quiekel|7/100 tox|[from] psn
|upkeep
|turn|15
|
|t:|1760878348
|move|p1a: Quiekel|Earthquake|p2a: Slowking
|-supereffective|p2a: Slowking
|-damage|p2a: Slowking|0 fnt
|faint|p2a: Slowking
|
|-damage|p1a: Quiekel|0 fnt|[from] psn
|faint|p1a: Quiekel
|upkeep
|
|t:|1760878355
|switch|p1a: Quajutsu|Greninja, F|100/100
|switch|p2a: Iron Hands|Iron Hands|100/100
|-damage|p1a: Quajutsu|88/100|[from] Stealth Rock
|turn|16
|
|t:|1760878362
|move|p1a: Quajutsu|Dark Pulse|p2a: Iron Hands
|-start|p1a: Quajutsu|typechange|Dark|[from] ability: Protean
|-resisted|p2a: Iron Hands
|-damage|p2a: Iron Hands|85/100
|move|p2a: Iron Hands|Supercell Slam|p1a: Quajutsu
|-damage|p1a: Quajutsu|0 fnt
|faint|p1a: Quajutsu
|
|-hint|Future Sight did not hit because the target is fainted.
|upkeep
|
|t:|1760878371
|switch|p1a: Fiaro|Talonflame, M|100/100
|turn|17
|
|t:|1760878377
|-end|p2a: Iron Hands|Quark Drive|[silent]
|switch|p2a: Great Tusk|Great Tusk|100/100
|-terastallize|p1a: Fiaro|Steel
|move|p1a: Fiaro|Will-O-Wisp|p2a: Great Tusk
|-status|p2a: Great Tusk|brn
|
|-damage|p2a: Great Tusk|94/100 brn|[from] brn
|upkeep
|turn|18
|
|t:|1760878387
|move|p1a: Fiaro|Flamethrower|p2a: Great Tusk
|-damage|p2a: Great Tusk|60/100 brn
|move|p2a: Great Tusk|Body Press|p1a: Fiaro
|-supereffective|p1a: Fiaro
|-damage|p1a: Fiaro|69/100
|
|-heal|p2a: Great Tusk|67/100 brn|[from] item: Leftovers
|-damage|p2a: Great Tusk|60/100 brn|[from] brn
|upkeep
|turn|19
|
|t:|1760878395
|move|p1a: Fiaro|Flamethrower|p2a: Great Tusk
|-damage|p2a: Great Tusk|30/100 brn
|move|p2a: Great Tusk|Body Press|p1a: Fiaro
|-supereffective|p1a: Fiaro
|-damage|p1a: Fiaro|35/100
|
|-heal|p2a: Great Tusk|36/100 brn|[from] item: Leftovers
|-damage|p2a: Great Tusk|30/100 brn|[from] brn
|upkeep
|turn|20
|
|t:|1760878403
|move|p1a: Fiaro|Roost|p1a: Fiaro
|-heal|p1a: Fiaro|85/100
|move|p2a: Great Tusk|Body Press|p1a: Fiaro
|-supereffective|p1a: Fiaro
|-damage|p1a: Fiaro|55/100
|
|-heal|p2a: Great Tusk|36/100 brn|[from] item: Leftovers
|-damage|p2a: Great Tusk|30/100 brn|[from] brn
|upkeep
|turn|21
|
|t:|1760878411
|move|p1a: Fiaro|Roost|p1a: Fiaro
|-heal|p1a: Fiaro|100/100
|move|p2a: Great Tusk|Body Press|p1a: Fiaro
|-supereffective|p1a: Fiaro
|-crit|p1a: Fiaro
|-damage|p1a: Fiaro|54/100
|
|-heal|p2a: Great Tusk|36/100 brn|[from] item: Leftovers
|-damage|p2a: Great Tusk|30/100 brn|[from] brn
|upkeep
|turn|22
|
|t:|1760878420
|move|p1a: Fiaro|Roost|p1a: Fiaro
|-heal|p1a: Fiaro|100/100
|move|p2a: Great Tusk|Body Press|p1a: Fiaro
|-supereffective|p1a: Fiaro
|-damage|p1a: Fiaro|71/100
|
|-heal|p2a: Great Tusk|36/100 brn|[from] item: Leftovers
|-damage|p2a: Great Tusk|30/100 brn|[from] brn
|upkeep
|turn|23
|
|t:|1760878428
|move|p1a: Fiaro|Flamethrower|p2a: Great Tusk
|-damage|p2a: Great Tusk|0 fnt
|faint|p2a: Great Tusk
|-end|p2a: Great Tusk|Protosynthesis|[silent]
|
|upkeep
|
|t:|1760878431
|switch|p2a: Mandibuzz|Mandibuzz, F|100/100
|turn|24
|
|t:|1760878436
|move|p1a: Fiaro|Will-O-Wisp|p2a: Mandibuzz
|-status|p2a: Mandibuzz|brn
|move|p2a: Mandibuzz|Foul Play|p1a: Fiaro
|-damage|p1a: Fiaro|59/100
|
|-damage|p2a: Mandibuzz|94/100 brn|[from] brn
|upkeep
|turn|25
|
|t:|1760878443
|move|p1a: Fiaro|Roost|p1a: Fiaro
|-heal|p1a: Fiaro|100/100
|move|p2a: Mandibuzz|Foul Play|p1a: Fiaro
|-damage|p1a: Fiaro|89/100
|
|-heal|p2a: Mandibuzz|100/100 brn|[from] item: Leftovers
|-damage|p2a: Mandibuzz|94/100 brn|[from] brn
|upkeep
|turn|26
|
|t:|1760878451
|move|p1a: Fiaro|Flamethrower|p2a: Mandibuzz
|-damage|p2a: Mandibuzz|76/100 brn
|move|p2a: Mandibuzz|Foul Play|p1a: Fiaro
|-damage|p1a: Fiaro|78/100
|
|-heal|p2a: Mandibuzz|82/100 brn|[from] item: Leftovers
|-damage|p2a: Mandibuzz|76/100 brn|[from] brn
|upkeep
|turn|27
|
|t:|1760878458
|move|p1a: Fiaro|Flamethrower|p2a: Mandibuzz
|-damage|p2a: Mandibuzz|55/100 brn
|move|p2a: Mandibuzz|Foul Play|p1a: Fiaro
|-damage|p1a: Fiaro|67/100
|
|-heal|p2a: Mandibuzz|61/100 brn|[from] item: Leftovers
|-damage|p2a: Mandibuzz|55/100 brn|[from] brn
|upkeep
|turn|28
|
|t:|1760878466
|move|p1a: Fiaro|Flamethrower|p2a: Mandibuzz
|-damage|p2a: Mandibuzz|36/100 brn
|move|p2a: Mandibuzz|Foul Play|p1a: Fiaro
|-damage|p1a: Fiaro|56/100
|
|-heal|p2a: Mandibuzz|42/100 brn|[from] item: Leftovers
|-damage|p2a: Mandibuzz|36/100 brn|[from] brn
|upkeep
|turn|29
|
|t:|1760878474
|move|p1a: Fiaro|Flamethrower|p2a: Mandibuzz
|-damage|p2a: Mandibuzz|14/100 brn
|move|p2a: Mandibuzz|Roost|p2a: Mandibuzz
|-heal|p2a: Mandibuzz|64/100 brn
|-singleturn|p2a: Mandibuzz|move: Roost
|
|-heal|p2a: Mandibuzz|71/100 brn|[from] item: Leftovers
|-damage|p2a: Mandibuzz|64/100 brn|[from] brn
|upkeep
|turn|30
|
|t:|1760878483
|move|p1a: Fiaro|Defog|p2a: Mandibuzz
|-unboost|p2a: Mandibuzz|evasion|1
|-sideend|p1: I will eat another|Stealth Rock|[from] move: Defog|[of] p1a: Fiaro
|move|p2a: Mandibuzz|Foul Play|p1a: Fiaro
|-damage|p1a: Fiaro|45/100
|
|-heal|p2a: Mandibuzz|71/100 brn|[from] item: Leftovers
|-damage|p2a: Mandibuzz|64/100 brn|[from] brn
|upkeep
|turn|31
|
|t:|1760878491
|move|p1a: Fiaro|Roost|p1a: Fiaro
|-heal|p1a: Fiaro|95/100
|move|p2a: Mandibuzz|Roost|p2a: Mandibuzz
|-heal|p2a: Mandibuzz|100/100 brn
|-singleturn|p2a: Mandibuzz|move: Roost
|
|-damage|p2a: Mandibuzz|94/100 brn|[from] brn
|upkeep
|turn|32
|
|t:|1760878500
|switch|p2a: Iron Hands|Iron Hands|85/100
|move|p1a: Fiaro|Flamethrower|p2a: Iron Hands
|-damage|p2a: Iron Hands|71/100
|
|upkeep
|turn|33
|
|t:|1760878506
|move|p1a: Fiaro|Will-O-Wisp|p2a: Iron Hands|[miss]
|-miss|p1a: Fiaro|p2a: Iron Hands
|move|p2a: Iron Hands|Close Combat|p1a: Fiaro
|-supereffective|p1a: Fiaro
|-damage|p1a: Fiaro|0 fnt
|-unboost|p2a: Iron Hands|def|1
|-unboost|p2a: Iron Hands|spd|1
|faint|p1a: Fiaro
|
|upkeep
|
|t:|1760878514
|switch|p1a: Eisenkrone|Iron Crown|100/100
|-enditem|p1a: Eisenkrone|Booster Energy
|-activate|p1a: Eisenkrone|ability: Quark Drive|[fromitem]
|-start|p1a: Eisenkrone|quarkdrivespe
|turn|34
|
|t:|1760878522
|-end|p2a: Iron Hands|Quark Drive|[silent]
|switch|p2a: Mandibuzz|Mandibuzz, F|94/100 brn
|move|p1a: Eisenkrone|Calm Mind|p1a: Eisenkrone
|-boost|p1a: Eisenkrone|spa|1
|-boost|p1a: Eisenkrone|spd|1
|
|-heal|p2a: Mandibuzz|100/100 brn|[from] item: Leftovers
|-damage|p2a: Mandibuzz|94/100 brn|[from] brn
|upkeep
|turn|35
|
|t:|1760878530
|move|p1a: Eisenkrone|Tachyon Cutter|p2a: Mandibuzz
|-damage|p2a: Mandibuzz|65/100 brn
|-damage|p2a: Mandibuzz|38/100 brn
|-hitcount|p2a: Mandibuzz|2
|move|p2a: Mandibuzz|Foul Play|p1a: Eisenkrone
|-supereffective|p1a: Eisenkrone
|-damage|p1a: Eisenkrone|80/100
|
|-heal|p2a: Mandibuzz|44/100 brn|[from] item: Leftovers
|-damage|p2a: Mandibuzz|38/100 brn|[from] brn
|upkeep
|turn|36
|
|t:|1760878539
|move|p1a: Eisenkrone|Tachyon Cutter|p2a: Mandibuzz
|-damage|p2a: Mandibuzz|8/100 brn
|-damage|p2a: Mandibuzz|0 fnt
|faint|p2a: Mandibuzz
|-hitcount|p2: Mandibuzz|2
|
|upkeep
|
|t:|1760878541
|switch|p2a: Iron Hands|Iron Hands|71/100
|turn|37
|
|t:|1760878546
|move|p1a: Eisenkrone|Psyshock|p2a: Iron Hands
|-supereffective|p2a: Iron Hands
|-damage|p2a: Iron Hands|3/100
|move|p2a: Iron Hands|Earthquake|p1a: Eisenkrone
|-supereffective|p1a: Eisenkrone
|-crit|p1a: Eisenkrone
|-damage|p1a: Eisenkrone|0 fnt
|faint|p1a: Eisenkrone
|-end|p1a: Eisenkrone|Quark Drive|[silent]
|
|win|yaotaiwon
|raw|I will eat another's rating: 1390 &rarr; <strong>1371</strong><br />(-19 for losing)
|raw|yaotaiwon's rating: 1399 &rarr; <strong>1418</strong><br />(+19 for winning)
|l|☆I will eat another
|player|p1|
|l|☆yaotaiwon
|player|p2|
