|j|☆phrugsqueek
|j|☆jkihl
|t:|1760767603
|gametype|singles
|player|p1|phrugsqueek|psychicf-gen4|1172
|player|p2|jkihl|wallace|1185
|gen|9
|tier|[Gen 9] OU
|rated|
|rule|HP Percentage Mod: HP is shown in percentages
|rule|Endless Battle Clause: Forcing endless battles is banned
|rule|Species Clause: Limit one of each Pokémon
|rule|OHKO Clause: OHKO moves are banned
|rule|Evasion Items Clause: Evasion items are banned
|rule|Evasion Moves Clause: Evasion moves are banned
|rule|Evasion Abilities Clause: Evasion abilities are banned
|rule|Sleep Moves Clause: Sleep-inducing moves are banned
|clearpoke
|poke|p1|Azumarill, M|
|poke|p1|Garganacl, M|
|poke|p1|Polteageist|
|poke|p1|Swalot, M|
|poke|p1|Hitmonchan, M|
|poke|p1|Glimmora, M|
|poke|p2|Iron Treads|
|poke|p2|Garganacl, F|
|poke|p2|Ogerpon-Wellspring, F|
|poke|p2|Moltres|
|poke|p2|Gholdengo|
|poke|p2|Zamazenta-*|
|teampreview
|inactive|Battle timer is ON: inactive players will automatically lose when time's up. (requested by phrugsqueek)
|
|t:|1760767624
|teamsize|p1|6
|teamsize|p2|6
|start
|switch|p1a: Glimmora|Glimmora, M|100/100
|switch|p2a: Iron Treads|Iron Treads|100/100
|turn|1
|
|t:|1760767632
|move|p1a: Glimmora|Stealth Rock|p2a: Iron Treads
|-sidestart|p2: jkihl|move: Stealth Rock
|move|p2a: Iron Treads|Earthquake|p1a: Glimmora
|-supereffective|p1a: Glimmora
|-enditem|p1a: Glimmora|Focus Sash
|-damage|p1a: Glimmora|1/100
|-activate|p1a: Glimmora|ability: Toxic Debris
|-sidestart|p2: jkihl|move: Toxic Spikes
|
|upkeep
|turn|2
|
|t:|1760767642
|move|p1a: Glimmora|Energy Ball|p2a: Iron Treads
|-damage|p2a: Iron Treads|86/100
|move|p2a: Iron Treads|Rapid Spin|p1a: Glimmora
|-resisted|p1a: Glimmora
|-damage|p1a: Glimmora|0 fnt
|-boost|p2a: Iron Treads|spe|1
|-activate|p1a: Glimmora|ability: Toxic Debris
|-sidestart|p2: jkihl|move: Toxic Spikes
|-sideend|p2: jkihl|Toxic Spikes|[from] move: Rapid Spin|[of] p2a: Iron Treads
|-sideend|p2: jkihl|Stealth Rock|[from] move: Rapid Spin|[of] p2a: Iron Treads
|faint|p1a: Glimmora
|
|upkeep
|
|t:|1760767654
|switch|p1a: Hitmonchan|Hitmonchan, M|100/100
|turn|3
|
|t:|1760767672
|-end|p2a: Iron Treads|Quark Drive|[silent]
|switch|p2a: Gholdengo|Gholdengo|100/100
|move|p1a: Hitmonchan|Bulk Up|p1a: Hitmonchan
|-boost|p1a: Hitmonchan|atk|1
|-boost|p1a: Hitmonchan|def|1
|
|upkeep
|turn|4
|
|t:|1760767680
|move|p2a: Gholdengo|Make It Rain|p1a: Hitmonchan
|-damage|p1a: Hitmonchan|14/100
|-unboost|p2a: Gholdengo|spa|1
|move|p1a: Hitmonchan|Throat Chop|p2a: Gholdengo
|-supereffective|p2a: Gholdengo
|-damage|p2a: Gholdengo|16/100
|-start|p2a: Gholdengo|Throat Chop|[silent]
|-enditem|p2a: Gholdengo|Red Card|[of] p1a: Hitmonchan
|drag|p1a: Polteageist|Polteageist|100/100
|
|upkeep
|turn|5
|
|t:|1760767701
|move|p1a: Polteageist|Shell Smash|p1a: Polteageist
|-unboost|p1a: Polteageist|def|1
|-unboost|p1a: Polteageist|spd|1
|-boost|p1a: Polteageist|atk|2
|-boost|p1a: Polteageist|spa|2
|-boost|p1a: Polteageist|spe|2
|move|p2a: Gholdengo|Shadow Ball|p1a: Polteageist
|-supereffective|p1a: Polteageist
|-enditem|p1a: Polteageist|Focus Sash
|-damage|p1a: Polteageist|1/100
|
|-end|p2a: Gholdengo|Throat Chop|[silent]
|upkeep
|turn|6
|
|t:|1760767715
|move|p1a: Polteageist|Stored Power|p2a: Gholdengo
|-resisted|p2a: Gholdengo
|-damage|p2a: Gholdengo|0 fnt
|faint|p2a: Gholdengo
|
|upkeep
|
|t:|1760767731
|switch|p2a: Iron Treads|Iron Treads|86/100
|turn|7
|
|t:|1760767734
|move|p1a: Polteageist|Giga Drain|p2a: Iron Treads
|-damage|p2a: Iron Treads|54/100
|-heal|p1a: Polteageist|24/100|[from] drain|[of] p2a: Iron Treads
|move|p2a: Iron Treads|Knock Off|p1a: Polteageist
|-supereffective|p1a: Polteageist
|-damage|p1a: Polteageist|0 fnt
|faint|p1a: Polteageist
|
|upkeep
|
|t:|1760767748
|switch|p1a: Swalot|Swalot, M|100/100
|turn|8
|
|t:|1760767753
|-terastallize|p1a: Swalot|Flying
|move|p2a: Iron Treads|Earthquake|p1a: Swalot
|-immune|p1a: Swalot
|move|p1a: Swalot|Stuff Cheeks|p1a: Swalot
|-boost|p1a: Swalot|def|2
|-enditem|p1a: Swalot|Starf Berry|[eat]
|-boost|p1a: Swalot|atk|2|[from] item: Starf Berry
|
|upkeep
|turn|9
|
|t:|1760767777
|move|p2a: Iron Treads|Ice Spinner|p1a: Swalot
|-supereffective|p1a: Swalot
|-damage|p1a: Swalot|84/100
|move|p1a: Swalot|Body Press|p2a: Iron Treads
|-supereffective|p2a: Iron Treads
|-damage|p2a: Iron Treads|0 fnt
|faint|p2a: Iron Treads
|-end|p2a: Iron Treads|Quark Drive|[silent]
|
|upkeep
|
|t:|1760767793
|switch|p2a: Garganacl|Garganacl, F|100/100
|turn|10
|
|t:|1760767799
|move|p1a: Swalot|Thief|p2a: Garganacl
|-damage|p2a: Garganacl|89/100
|-enditem|p2a: Garganacl|Leftovers|[silent]|[from] move: Thief|[of] p1a: Swalot
|-item|p1a: Swalot|Leftovers|[from] move: Thief|[of] p2a: Garganacl
|move|p2a: Garganacl|Salt Cure|p1a: Swalot
|-supereffective|p1a: Swalot
|-damage|p1a: Swalot|75/100
|-start|p1a: Swalot|Salt Cure
|
|-heal|p1a: Swalot|81/100|[from] item: Leftovers
|-damage|p1a: Swalot|68/100|[from] Salt Cure
|upkeep
|turn|11
|
|t:|1760767810
|move|p1a: Swalot|Body Press|p2a: Garganacl
|-supereffective|p2a: Garganacl
|-damage|p2a: Garganacl|31/100
|move|p2a: Garganacl|Stealth Rock|p1a: Swalot
|-sidestart|p1: phrugsqueek|move: Stealth Rock
|
|-heal|p1a: Swalot|75/100|[from] item: Leftovers
|-damage|p1a: Swalot|62/100|[from] Salt Cure
|upkeep
|turn|12
|
|t:|1760767820
|move|p2a: Garganacl|Protect|p2a: Garganacl
|-singleturn|p2a: Garganacl|Protect
|move|p1a: Swalot|Body Press|p2a: Garganacl
|-activate|p2a: Garganacl|move: Protect
|
|-heal|p1a: Swalot|68/100|[from] item: Leftovers
|-damage|p1a: Swalot|56/100|[from] Salt Cure
|upkeep
|turn|13
|
|t:|1760767833
|switch|p2a: Ogerpon|Ogerpon-Wellspring, F|100/100
|move|p1a: Swalot|Body Press|p2a: Ogerpon
|-damage|p2a: Ogerpon|46/100
|
|-heal|p1a: Swalot|62/100|[from] item: Leftovers
|-damage|p1a: Swalot|50/100|[from] Salt Cure
|upkeep
|turn|14
|
|t:|1760767844
|-terastallize|p2a: Ogerpon|Water
|detailschange|p2a: Ogerpon|Ogerpon-Wellspring-Tera, F, tera:Water
|-ability|p2a: Ogerpon|Embody Aspect (Wellspring)|boost
|-boost|p2a: Ogerpon|spd|1
|move|p2a: Ogerpon|Ivy Cudgel|p1a: Swalot|[anim] Ivy Cudgel Water
|-damage|p1a: Swalot|22/100
|move|p1a: Swalot|Belch|p2a: Ogerpon
|-damage|p2a: Ogerpon|19/100
|
|-heal|p1a: Swalot|28/100|[from] item: Leftovers
|-damage|p1a: Swalot|16/100|[from] Salt Cure
|upkeep
|turn|15
|
|t:|1760767857
|move|p2a: Ogerpon|Ivy Cudgel|p1a: Swalot|[anim] Ivy Cudgel Water
|-damage|p1a: Swalot|0 fnt
|faint|p1a: Swalot
|
|upkeep
|
|t:|1760767862
|switch|p1a: Hitmonchan|Hitmonchan, M|14/100
|-damage|p1a: Hitmonchan|8/100|[from] Stealth Rock
|turn|16
|
|t:|1760767869
|move|p2a: Ogerpon|Synthesis|p2a: Ogerpon
|-heal|p2a: Ogerpon|69/100
|move|p1a: Hitmonchan|Rapid Spin|p2a: Ogerpon
|-damage|p2a: Ogerpon|49/100
|-boost|p1a: Hitmonchan|spe|1
|-sideend|p1: phrugsqueek|Stealth Rock|[from] move: Rapid Spin|[of] p1a: Hitmonchan
|
|-heal|p1a: Hitmonchan|14/100|[from] item: Leftovers
|upkeep
|turn|17
|
|t:|1760767879
|move|p2a: Ogerpon|Ivy Cudgel|p1a: Hitmonchan|[anim] Ivy Cudgel Water
|-damage|p1a: Hitmonchan|0 fnt
|faint|p1a: Hitmonchan
|
|upkeep
|
|t:|1760767890
|switch|p1a: Garganacl|Garganacl, M|100/100
|turn|18
|
|t:|1760767900
|move|p2a: Ogerpon|Ivy Cudgel|p1a: Garganacl|[anim] Ivy Cudgel Water
|-supereffective|p1a: Garganacl
|-damage|p1a: Garganacl|19/100
|move|p1a: Garganacl|Salt Cure|p2a: Ogerpon
|-damage|p2a: Ogerpon|27/100
|-start|p2a: Ogerpon|Salt Cure
|
|-damage|p2a: Ogerpon|2/100|[from] Salt Cure
|upkeep
|turn|19
|
|t:|1760767911
|switch|p2a: Zamazenta|Zamazenta|100/100
|-ability|p2a: Zamazenta|Dauntless Shield|boost
|-boost|p2a: Zamazenta|def|1
|move|p1a: Garganacl|Protect||[still]
|-fail|p1a: Garganacl
|
|upkeep
|turn|20
|
|t:|1760767919
|move|p2a: Zamazenta|Body Press|p1a: Garganacl
|-supereffective|p1a: Garganacl
|-damage|p1a: Garganacl|0 fnt
|-damage|p2a: Zamazenta|84/100|[from] item: Rocky Helmet|[of] p1a: Garganacl
|faint|p1a: Garganacl
|
|-heal|p2a: Zamazenta|90/100|[from] item: Leftovers
|upkeep
|
|t:|1760767928
|switch|p1a: Azumarill|Azumarill, M|100/100
|turn|21
|
|t:|1760767931
|move|p2a: Zamazenta|Iron Defense|p2a: Zamazenta
|-boost|p2a: Zamazenta|def|2
|move|p1a: Azumarill|Belly Drum|p1a: Azumarill
|-damage|p1a: Azumarill|51/100
|-setboost|p1a: Azumarill|atk|6|[from] move: Belly Drum
|
|-heal|p2a: Zamazenta|96/100|[from] item: Leftovers
|upkeep
|turn|22
|
|t:|1760767954
|move|p1a: Azumarill|Aqua Jet|p2a: Zamazenta
|-damage|p2a: Zamazenta|71/100
|move|p2a: Zamazenta|Body Press|p1a: Azumarill
|-resisted|p1a: Azumarill
|-damage|p1a: Azumarill|0 fnt
|faint|p1a: Azumarill
|
|win|jkihl
|raw|phrugsqueek's rating: 1172 &rarr; <strong>1148</strong><br />(-24 for losing)
|raw|jkihl's rating: 1185 &rarr; <strong>1209</strong><br />(+24 for winning)
|l|☆jkihl
|player|p2|
|l|☆phrugsqueek
|player|p1|
