|j|☆smoke-6
|j|☆panzershock
|t:|1760872885
|gametype|singles
|player|p1|smoke-6|cynthia-gen4|1106
|player|p2|panzershock|265|1101
|gen|9
|tier|[Gen 9] OU
|rated|
|rule|HP Percentage Mod: HP is shown in percentages
|rule|Endless Battle Clause: Forcing endless battles is banned
|rule|Species Clause: Limit one of each Pokémon
|rule|OHKO Clause: OHKO moves are banned
|rule|Evasion Items Clause: Evasion items are banned
|rule|Evasion Moves Clause: Evasion moves are banned
|rule|Evasion Abilities Clause: Evasion abilities are banned
|rule|Sleep Moves Clause: Sleep-inducing moves are banned
|clearpoke
|poke|p1|Ribombee, F|
|poke|p1|Gliscor, M|
|poke|p1|Garchomp, F|
|poke|p1|Toxapex, F|
|poke|p1|Salazzle, F|
|poke|p1|Darkrai|
|poke|p2|Dudunsparce-*, M|
|poke|p2|Grafaiai, F|
|poke|p2|Flamigo, M|
|poke|p2|Hawlucha, F|
|poke|p2|Jirachi|
|poke|p2|Infernape, M|
|teampreview
|
|t:|1760872901
|teamsize|p1|6
|teamsize|p2|6
|start
|switch|p1a: Fada do capeta|Ribombee, F|100/100
|switch|p2a: Dudunsparce|Dudunsparce, M|100/100
|turn|1
|
|t:|1760872910
|switch|p2a: Grafaiai|Grafaiai, F|100/100
|move|p1a: Fada do capeta|Sticky Web|p2a: Grafaiai
|-sidestart|p2: panzershock|move: Sticky Web
|
|upkeep
|turn|2
|
|t:|1760872917
|move|p2a: Grafaiai|Copycat|p2a: Grafaiai
|move|p2a: Grafaiai|Sticky Web|p1a: Fada do capeta|[from] move: Copycat
|-sidestart|p1: smoke-6|move: Sticky Web
|move|p1a: Fada do capeta|Moonblast|p2a: Grafaiai
|-resisted|p2a: Grafaiai
|-damage|p2a: Grafaiai|76/100
|
|upkeep
|turn|3
|
|t:|1760872926
|move|p1a: Fada do capeta|U-turn|p2a: Grafaiai
|-resisted|p2a: Grafaiai
|-damage|p2a: Grafaiai|63/100
|
|t:|1760872930
|switch|p1a: Boa noite|Darkrai|100/100|[from] U-turn
|move|p2a: Grafaiai|Knock Off|p1a: Boa noite
|-resisted|p1a: Boa noite
|-damage|p1a: Boa noite|82/100
|-enditem|p1a: Boa noite|Heavy-Duty Boots|[from] move: Knock Off|[of] p2a: Grafaiai
|
|upkeep
|turn|4
|
|t:|1760872944
|switch|p2a: Dudunsparce|Dudunsparce, M|100/100
|-activate|p2a: Dudunsparce|move: Sticky Web
|-unboost|p2a: Dudunsparce|spe|1
|move|p1a: Boa noite|Nasty Plot|p1a: Boa noite
|-boost|p1a: Boa noite|spa|2
|
|upkeep
|turn|5
|
|t:|1760872953
|move|p1a: Boa noite|Nasty Plot|p1a: Boa noite
|-boost|p1a: Boa noite|spa|2
|move|p2a: Dudunsparce|Glare|p1a: Boa noite
|-status|p1a: Boa noite|par
|
|upkeep
|turn|6
|
|t:|1760872963
|move|p1a: Boa noite|Psychic|p2a: Dudunsparce
|-damage|p2a: Dudunsparce|11/100
|-unboost|p2a: Dudunsparce|spd|1
|move|p2a: Dudunsparce|Dragon Tail|p1a: Boa noite
|-crit|p1a: Boa noite
|-damage|p1a: Boa noite|54/100 par
|drag|p1a: Salamandra|Salazzle, F|100/100
|
|-heal|p2a: Dudunsparce|17/100|[from] item: Leftovers
|upkeep
|turn|7
|
|t:|1760872977
|move|p1a: Salamandra|Flamethrower|p2a: Dudunsparce
|-damage|p2a: Dudunsparce|0 fnt
|faint|p2a: Dudunsparce
|
|upkeep
|
|t:|1760872986
|switch|p2a: Grafaiai|Grafaiai, F|63/100
|-activate|p2a: Grafaiai|move: Sticky Web
|-unboost|p2a: Grafaiai|spe|1
|turn|8
|
|t:|1760872991
|move|p2a: Grafaiai|Switcheroo|p1a: Salamandra
|-activate|p2a: Grafaiai|move: Trick|[of] p1a: Salamandra
|-item|p1a: Salamandra|Lagging Tail|[from] move: Switcheroo
|-item|p2a: Grafaiai|Heavy-Duty Boots|[from] move: Switcheroo
|move|p1a: Salamandra|Knock Off|p2a: Grafaiai
|-damage|p2a: Grafaiai|35/100
|-enditem|p2a: Grafaiai|Heavy-Duty Boots|[from] move: Knock Off|[of] p1a: Salamandra
|
|upkeep
|turn|9
|
|t:|1760873002
|move|p2a: Grafaiai|Encore|p1a: Salamandra
|-start|p1a: Salamandra|Encore
|move|p1a: Salamandra|Knock Off|p2a: Grafaiai
|-damage|p2a: Grafaiai|16/100
|
|upkeep
|turn|10
|
|t:|1760873020
|switch|p2a: Hawlucha|Hawlucha, F|100/100
|-ability|p2a: Hawlucha|Mold Breaker
|move|p1a: Salamandra|Knock Off|p2a: Hawlucha
|-resisted|p2a: Hawlucha
|-damage|p2a: Hawlucha|90/100
|-enditem|p2a: Hawlucha|Heavy-Duty Boots|[from] move: Knock Off|[of] p1a: Salamandra
|
|upkeep
|turn|11
|
|t:|1760873032
|move|p2a: Hawlucha|Close Combat|p1a: Salamandra
|-resisted|p1a: Salamandra
|-damage|p1a: Salamandra|52/100
|-unboost|p2a: Hawlucha|def|1
|-unboost|p2a: Hawlucha|spd|1
|move|p1a: Salamandra|Knock Off|p2a: Hawlucha
|-resisted|p2a: Hawlucha
|-damage|p2a: Hawlucha|79/100
|
|-end|p1a: Salamandra|Encore
|upkeep
|turn|12
|
|t:|1760873044
|move|p2a: Hawlucha|Close Combat|p1a: Salamandra
|-resisted|p1a: Salamandra
|-damage|p1a: Salamandra|8/100
|-unboost|p2a: Hawlucha|def|1
|-unboost|p2a: Hawlucha|spd|1
|move|p1a: Salamandra|Flamethrower|p2a: Hawlucha
|-damage|p2a: Hawlucha|0 fnt
|faint|p2a: Hawlucha
|
|upkeep
|
|t:|1760873070
|switch|p2a: Flamigo|Flamigo, M|100/100
|turn|13
|
|t:|1760873078
|move|p2a: Flamigo|Liquidation|p1a: Salamandra
|-supereffective|p1a: Salamandra
|-damage|p1a: Salamandra|0 fnt
|faint|p1a: Salamandra
|
|upkeep
|
|t:|1760873089
|switch|p1a: Bolota|Toxapex, F|100/100
|-activate|p1a: Bolota|move: Sticky Web
|-unboost|p1a: Bolota|spe|1
|turn|14
|
|t:|1760873095
|move|p2a: Flamigo|U-turn|p1a: Bolota
|-resisted|p1a: Bolota
|-damage|p1a: Bolota|91/100
|
|t:|1760873098
|switch|p2a: Jirachi|Jirachi|100/100|[from] U-turn
|-activate|p2a: Jirachi|move: Sticky Web
|-unboost|p2a: Jirachi|spe|1
|move|p1a: Bolota|Toxic Spikes|p2a: Jirachi
|-sidestart|p2: panzershock|move: Toxic Spikes
|
|upkeep
|turn|15
|
|t:|1760873106
|move|p2a: Jirachi|Trick|p1a: Bolota
|-activate|p2a: Jirachi|move: Trick|[of] p1a: Bolota
|-item|p1a: Bolota|Choice Band|[from] move: Trick
|-item|p2a: Jirachi|Rocky Helmet|[from] move: Trick
|move|p1a: Bolota|Toxic Spikes|p2a: Jirachi
|-sidestart|p2: panzershock|move: Toxic Spikes
|
|upkeep
|turn|16
|
|t:|1760873131
|switch|p1a: Drácula|Gliscor, M|100/100
|move|p2a: Jirachi|Trick|p1a: Drácula
|-activate|p2a: Jirachi|move: Trick|[of] p1a: Drácula
|-item|p1a: Drácula|Rocky Helmet|[from] move: Trick
|-item|p2a: Jirachi|Toxic Orb|[from] move: Trick
|
|upkeep
|turn|17
|
|t:|1760873143
|switch|p2a: Infernape|Infernape, M|100/100
|-item|p2a: Infernape|Air Balloon
|move|p1a: Drácula|Knock Off|p2a: Infernape
|-resisted|p2a: Infernape
|-damage|p2a: Infernape|84/100
|-enditem|p2a: Infernape|Air Balloon
|
|upkeep
|turn|18
|
|t:|1760873152
|move|p2a: Infernape|Encore|p1a: Drácula
|-start|p1a: Drácula|Encore
|move|p1a: Drácula|Knock Off|p2a: Infernape
|-resisted|p2a: Infernape
|-damage|p2a: Infernape|73/100
|
|upkeep
|turn|19
|
|t:|1760873159
|switch|p1a: Meninona|Garchomp, F|100/100
|-activate|p1a: Meninona|move: Sticky Web
|-unboost|p1a: Meninona|spe|1
|move|p2a: Infernape|Nasty Plot|p2a: Infernape
|-boost|p2a: Infernape|spa|2
|
|upkeep
|turn|20
|
|t:|1760873167
|move|p2a: Infernape|Aura Sphere|p1a: Meninona
|-damage|p1a: Meninona|27/100
|move|p1a: Meninona|Earthquake|p2a: Infernape
|-supereffective|p2a: Infernape
|-damage|p2a: Infernape|0 fnt
|faint|p2a: Infernape
|
|upkeep
|
|t:|1760873182
|switch|p2a: Flamigo|Flamigo, M|100/100
|turn|21
|
|t:|1760873189
|move|p2a: Flamigo|Liquidation|p1a: Meninona
|-damage|p1a: Meninona|0 fnt
|-activate|p1a: Meninona|ability: Rough Skin
|-activate|p2a: Flamigo|item: Protective Pads
|faint|p1a: Meninona
|
|upkeep
|
|t:|1760873197
|switch|p1a: Boa noite|Darkrai|54/100 par
|-activate|p1a: Boa noite|move: Sticky Web
|-unboost|p1a: Boa noite|spe|1
|turn|22
|
|t:|1760873207
|move|p2a: Flamigo|U-turn|p1a: Boa noite
|-supereffective|p1a: Boa noite
|-damage|p1a: Boa noite|0 fnt
|faint|p1a: Boa noite
|
|t:|1760873212
|switch|p2a: Grafaiai|Grafaiai, F|16/100|[from] U-turn
|-activate|p2a: Grafaiai|move: Sticky Web
|-unboost|p2a: Grafaiai|spe|1
|-sideend|p2: panzershock|move: Toxic Spikes|[of] p2a: Grafaiai
|
|upkeep
|
|t:|1760873219
|switch|p1a: Drácula|Gliscor, M|100/100
|turn|23
|
|t:|1760873239
|move|p2a: Grafaiai|Switcheroo|p1a: Drácula
|-activate|p2a: Grafaiai|move: Trick|[of] p1a: Drácula
|-enditem|p1a: Drácula|Rocky Helmet|[silent]|[from] move: Switcheroo
|-item|p2a: Grafaiai|Rocky Helmet|[from] move: Switcheroo
|move|p1a: Drácula|Knock Off|p2a: Grafaiai
|-damage|p2a: Grafaiai|0 fnt
|-damage|p1a: Drácula|84/100|[from] item: Rocky Helmet|[of] p2a: Grafaiai
|-enditem|p2a: Grafaiai|Rocky Helmet|[from] move: Knock Off|[of] p1a: Drácula
|faint|p2a: Grafaiai
|
|upkeep
|
|t:|1760873249
|switch|p2a: Flamigo|Flamigo, M|100/100
|turn|24
|
|t:|1760873254
|move|p2a: Flamigo|Liquidation|p1a: Drácula
|-supereffective|p1a: Drácula
|-damage|p1a: Drácula|49/100
|move|p1a: Drácula|Toxic|p2a: Flamigo
|-status|p2a: Flamigo|tox
|
|-damage|p2a: Flamigo|94/100 tox|[from] psn
|upkeep
|turn|25
|
|t:|1760873265
|move|p1a: Drácula|Protect|p1a: Drácula
|-singleturn|p1a: Drácula|Protect
|move|p2a: Flamigo|U-turn|p1a: Drácula
|-activate|p1a: Drácula|move: Protect
|
|-damage|p2a: Flamigo|82/100 tox|[from] psn
|upkeep
|turn|26
|
|t:|1760873273
|move|p2a: Flamigo|Liquidation|p1a: Drácula
|-supereffective|p1a: Drácula
|-damage|p1a: Drácula|13/100
|move|p1a: Drácula|Earthquake|p2a: Flamigo
|-immune|p2a: Flamigo
|
|-damage|p2a: Flamigo|63/100 tox|[from] psn
|upkeep
|turn|27
|
|t:|1760873281
|move|p1a: Drácula|Protect|p1a: Drácula
|-singleturn|p1a: Drácula|Protect
|move|p2a: Flamigo|Liquidation|p1a: Drácula
|-activate|p1a: Drácula|move: Protect
|
|-damage|p2a: Flamigo|38/100 tox|[from] psn
|upkeep
|turn|28
|
|t:|1760873290
|move|p2a: Flamigo|Liquidation|p1a: Drácula
|-supereffective|p1a: Drácula
|-damage|p1a: Drácula|0 fnt
|faint|p1a: Drácula
|
|-damage|p2a: Flamigo|7/100 tox|[from] psn
|upkeep
|
|t:|1760873298
|switch|p1a: Bolota|Toxapex, F|100/100
|-activate|p1a: Bolota|move: Sticky Web
|-unboost|p1a: Bolota|spe|1
|turn|29
|
|t:|1760873304
|switch|p2a: Jirachi|Jirachi|100/100
|-activate|p2a: Jirachi|move: Sticky Web
|-unboost|p2a: Jirachi|spe|1
|move|p1a: Bolota|Baneful Bunker||[still]
|-fail|p1a: Bolota
|
|upkeep
|turn|30
|
|t:|1760873316
|switch|p1a: Fada do capeta|Ribombee, F|100/100
|-activate|p1a: Fada do capeta|move: Sticky Web
|-unboost|p1a: Fada do capeta|spe|1
|move|p2a: Jirachi|Iron Head|p1a: Fada do capeta
|-supereffective|p1a: Fada do capeta
|-enditem|p1a: Fada do capeta|Focus Sash
|-damage|p1a: Fada do capeta|1/100
|
|upkeep
|turn|31
|
|t:|1760873326
|move|p1a: Fada do capeta|Moonblast|p2a: Jirachi
|-resisted|p2a: Jirachi
|-damage|p2a: Jirachi|84/100
|-unboost|p2a: Jirachi|spa|1
|move|p2a: Jirachi|Iron Head|p1a: Fada do capeta
|-supereffective|p1a: Fada do capeta
|-damage|p1a: Fada do capeta|0 fnt
|faint|p1a: Fada do capeta
|
|upkeep
|
|t:|1760873336
|switch|p1a: Bolota|Toxapex, F|100/100
|-activate|p1a: Bolota|move: Sticky Web
|-unboost|p1a: Bolota|spe|1
|turn|32
|
|t:|1760873346
|-terastallize|p2a: Jirachi|Steel
|move|p2a: Jirachi|Iron Head|p1a: Bolota
|-resisted|p1a: Bolota
|-damage|p1a: Bolota|82/100
|move|p1a: Bolota|Liquidation|p2a: Jirachi
|-damage|p2a: Jirachi|49/100
|
|upkeep
|turn|33
|
|t:|1760873356
|-terastallize|p1a: Bolota|Water
|move|p2a: Jirachi|Iron Head|p1a: Bolota
|-resisted|p1a: Bolota
|-damage|p1a: Bolota|64/100
|cant|p1a: Bolota|flinch
|
|upkeep
|turn|34
|
|t:|1760873367
|move|p2a: Jirachi|Iron Head|p1a: Bolota
|-resisted|p1a: Bolota
|-damage|p1a: Bolota|45/100
|cant|p1a: Bolota|flinch
|
|upkeep
|turn|35
|
|t:|1760873374
|move|p2a: Jirachi|Iron Head|p1a: Bolota
|-resisted|p1a: Bolota
|-damage|p1a: Bolota|25/100
|move|p1a: Bolota|Liquidation|p2a: Jirachi
|-damage|p2a: Jirachi|9/100
|
|upkeep
|turn|36
|
|t:|1760873381
|move|p2a: Jirachi|Iron Head|p1a: Bolota
|-resisted|p1a: Bolota
|-damage|p1a: Bolota|3/100
|move|p1a: Bolota|Liquidation|p2a: Jirachi
|-damage|p2a: Jirachi|0 fnt
|faint|p2a: Jirachi
|
|upkeep
|
|t:|1760873386
|switch|p2a: Flamigo|Flamigo, M|7/100 tox
|turn|37
|
|t:|1760873392
|move|p2a: Flamigo|Close Combat|p1a: Bolota
|-damage|p1a: Bolota|0 fnt
|-unboost|p2a: Flamigo|def|1
|-unboost|p2a: Flamigo|spd|1
|faint|p1a: Bolota
|
|win|panzershock
|raw|smoke-6's rating: 1106 &rarr; <strong>1081</strong><br />(-25 for losing)
|raw|panzershock's rating: 1101 &rarr; <strong>1126</strong><br />(+25 for winning)
|l|☆panzershock
|player|p2|
|l|☆smoke-6
|player|p1|
