|j|☆renzard
|j|☆gjhvcjvgbncjgvn
|t:|1760763896
|gametype|singles
|player|p1|renzard|265|1195
|player|p2|gjhvcjvgbncjgvn|101|1245
|gen|9
|tier|[Gen 9] OU
|rated|
|rule|HP Percentage Mod: HP is shown in percentages
|rule|Endless Battle Clause: Forcing endless battles is banned
|rule|Species Clause: Limit one of each Pokémon
|rule|OHKO Clause: OHKO moves are banned
|rule|Evasion Items Clause: Evasion items are banned
|rule|Evasion Moves Clause: Evasion moves are banned
|rule|Evasion Abilities Clause: Evasion abilities are banned
|rule|Sleep Moves Clause: Sleep-inducing moves are banned
|clearpoke
|poke|p1|Maushold-Four|
|poke|p1|Talonflame, F|
|poke|p1|Corviknight, F|
|poke|p1|Blissey, F|
|poke|p1|Noivern, F|
|poke|p1|Clodsire, M|
|poke|p2|Pelipper, F|
|poke|p2|Barraskewda, F|
|poke|p2|Zapdos|
|poke|p2|Ogerpon-Wellspring, F|
|poke|p2|Toxicroak, M|
|poke|p2|Iron Treads|
|teampreview
|inactive|Battle timer is ON: inactive players will automatically lose when time's up. (requested by gjhvcjvgbncjgvn)
|
|t:|1760763905
|teamsize|p1|6
|teamsize|p2|6
|start
|switch|p1a: Talonflame|Talonflame, F, shiny|100/100
|switch|p2a: Pelipper|Pelipper, F|100/100
|-weather|RainDance|[from] ability: Drizzle|[of] p2a: Pelipper
|turn|1
|
|t:|1760763927
|switch|p1a: Noivern|Noivern, F, shiny|100/100
|move|p2a: Pelipper|Surf|p1a: Noivern
|-resisted|p1a: Noivern
|-crit|p1a: Noivern
|-damage|p1a: Noivern|55/100
|
|-weather|RainDance|[upkeep]
|upkeep
|turn|2
|
|t:|1760763939
|switch|p2a: Iron Treads|Iron Treads|100/100
|move|p1a: Noivern|Hurricane|p2a: Iron Treads
|-resisted|p2a: Iron Treads
|-damage|p2a: Iron Treads|51/100
|-start|p2a: Iron Treads|confusion
|
|-weather|RainDance|[upkeep]
|upkeep
|turn|3
|
|t:|1760763946
|move|p1a: Noivern|Hurricane|p2a: Iron Treads
|-resisted|p2a: Iron Treads
|-damage|p2a: Iron Treads|9/100
|-activate|p2a: Iron Treads|confusion
|move|p2a: Iron Treads|Stealth Rock|p1a: Noivern
|-sidestart|p1: renzard|move: Stealth Rock
|
|-weather|RainDance|[upkeep]
|upkeep
|turn|4
|
|t:|1760763953
|move|p1a: Noivern|Hurricane|p2a: Iron Treads
|-resisted|p2a: Iron Treads
|-damage|p2a: Iron Treads|0 fnt
|faint|p2a: Iron Treads
|-end|p2a: Iron Treads|Quark Drive|[silent]
|
|-weather|RainDance|[upkeep]
|upkeep
|
|t:|1760763956
|switch|p2a: Barraskewda|Barraskewda, F|100/100
|turn|5
|
|t:|1760763971
|-terastallize|p2a: Barraskewda|Water
|move|p2a: Barraskewda|Liquidation|p1a: Noivern
|-resisted|p1a: Noivern
|-damage|p1a: Noivern|0 fnt
|faint|p1a: Noivern
|
|-weather|RainDance|[upkeep]
|upkeep
|
|t:|1760763977
|switch|p1a: Maushold|Maushold-Four, shiny|100/100
|-damage|p1a: Maushold|88/100|[from] Stealth Rock
|turn|6
|
|t:|1760763983
|move|p2a: Barraskewda|Liquidation|p1a: Maushold
|-damage|p1a: Maushold|0 fnt
|faint|p1a: Maushold
|
|-weather|RainDance|[upkeep]
|upkeep
|
|t:|1760763991
|switch|p1a: Clodsire|Clodsire, M|100/100
|-damage|p1a: Clodsire|94/100|[from] Stealth Rock
|turn|7
|
|t:|1760763997
|move|p2a: Barraskewda|Liquidation|p1a: Clodsire
|-heal|p1a: Clodsire|100/100|[from] ability: Water Absorb|[of] p2a: Barraskewda
|move|p1a: Clodsire|Stealth Rock|p2a: Barraskewda
|-sidestart|p2: gjhvcjvgbncjgvn|move: Stealth Rock
|
|-weather|RainDance|[upkeep]
|upkeep
|turn|8
|
|t:|1760764021
|switch|p2a: Toxicroak|Toxicroak, M|100/100
|-damage|p2a: Toxicroak|94/100|[from] Stealth Rock
|switch|p1a: Corviknight|Corviknight, F|100/100
|-damage|p1a: Corviknight|88/100|[from] Stealth Rock
|
|-weather|none
|-heal|p2a: Toxicroak|100/100|[from] item: Leftovers
|upkeep
|turn|9
|inactive|renzard has 120 seconds left.
|
|t:|1760764045
|switch|p2a: Pelipper|Pelipper, F|100/100
|-damage|p2a: Pelipper|76/100|[from] Stealth Rock
|-weather|RainDance|[from] ability: Drizzle|[of] p2a: Pelipper
|move|p1a: Corviknight|Bulk Up|p1a: Corviknight
|-boost|p1a: Corviknight|atk|1
|-boost|p1a: Corviknight|def|1
|
|-weather|RainDance|[upkeep]
|upkeep
|turn|10
|inactive|renzard has 120 seconds left.
|
|t:|1760764062
|move|p1a: Corviknight|Bulk Up|p1a: Corviknight
|-boost|p1a: Corviknight|atk|1
|-boost|p1a: Corviknight|def|1
|move|p2a: Pelipper|U-turn|p1a: Corviknight
|-resisted|p1a: Corviknight
|-damage|p1a: Corviknight|87/100
|-damage|p2a: Pelipper|59/100|[from] item: Rocky Helmet|[of] p1a: Corviknight
|
|t:|1760764069
|switch|p2a: Zapdos|Zapdos|100/100|[from] U-turn
|-damage|p2a: Zapdos|76/100|[from] Stealth Rock
|
|-weather|RainDance|[upkeep]
|upkeep
|turn|11
|
|t:|1760764077
|move|p2a: Zapdos|Thunder|p1a: Corviknight
|-supereffective|p1a: Corviknight
|-damage|p1a: Corviknight|0 fnt
|faint|p1a: Corviknight
|
|-weather|RainDance|[upkeep]
|upkeep
|
|t:|1760764085
|switch|p1a: Talonflame|Talonflame, F, shiny|100/100
|-damage|p1a: Talonflame|50/100|[from] Stealth Rock
|turn|12
|
|t:|1760764090
|-terastallize|p1a: Talonflame|Ground
|move|p1a: Talonflame|Swords Dance|p1a: Talonflame
|-boost|p1a: Talonflame|atk|2
|move|p2a: Zapdos|Thunder|p1a: Talonflame
|-immune|p1a: Talonflame
|
|-weather|RainDance|[upkeep]
|upkeep
|turn|13
|
|t:|1760764103
|switch|p2a: Pelipper|Pelipper, F|59/100
|-damage|p2a: Pelipper|35/100|[from] Stealth Rock
|move|p1a: Talonflame|Acrobatics|p2a: Pelipper
|-damage|p2a: Pelipper|0 fnt
|faint|p2a: Pelipper
|
|-weather|RainDance|[upkeep]
|upkeep
|
|t:|1760764105
|switch|p2a: Barraskewda|Barraskewda, F, tera:Water|100/100
|-damage|p2a: Barraskewda|88/100|[from] Stealth Rock
|turn|14
|inactive|renzard has 120 seconds left.
|
|t:|1760764133
|move|p2a: Barraskewda|Close Combat|p1a: Talonflame
|-damage|p1a: Talonflame|0 fnt
|-unboost|p2a: Barraskewda|def|1
|-unboost|p2a: Barraskewda|spd|1
|faint|p1a: Talonflame
|
|-weather|RainDance|[upkeep]
|upkeep
|inactive|renzard has 120 seconds left.
|
|t:|1760764142
|switch|p1a: Clodsire|Clodsire, M|100/100
|-damage|p1a: Clodsire|94/100|[from] Stealth Rock
|turn|15
|-message|renzard forfeited.
|
|win|gjhvcjvgbncjgvn
|raw|renzard's rating: 1195 &rarr; <strong>1174</strong><br />(-21 for losing)
|raw|gjhvcjvgbncjgvn's rating: 1245 &rarr; <strong>1266</strong><br />(+21 for winning)
|l|☆renzard
|player|p1|
|l|☆gjhvcjvgbncjgvn
|player|p2|
