|j|☆Shea6045
|j|☆tza803
|t:|1760868628
|gametype|singles
|player|p1|Shea6045|cynthia-gen4|1457
|player|p2|tza803|101|1481
|gen|9
|tier|[Gen 9] OU
|rated|
|rule|HP Percentage Mod: HP is shown in percentages
|rule|Endless Battle Clause: Forcing endless battles is banned
|rule|Species Clause: Limit one of each Pokémon
|rule|OHKO Clause: OHKO moves are banned
|rule|Evasion Items Clause: Evasion items are banned
|rule|Evasion Moves Clause: Evasion moves are banned
|rule|Evasion Abilities Clause: Evasion abilities are banned
|rule|Sleep Moves Clause: Sleep-inducing moves are banned
|clearpoke
|poke|p1|Latios, M|
|poke|p1|Great Tusk|
|poke|p1|Enamorus, F|
|poke|p1|Ogerpon-Wellspring, F|
|poke|p1|Kingambit, F|
|poke|p1|Dragapult, F|
|poke|p2|Zamazenta-*|
|poke|p2|Dragonite, M|
|poke|p2|Ogerpon-Wellspring, F|
|poke|p2|Walking Wake|
|poke|p2|Cinderace, F|
|poke|p2|Great Tusk|
|teampreview
|inactive|Battle timer is ON: inactive players will automatically lose when time's up. (requested by tza803)
|
|t:|1760868653
|teamsize|p1|6
|teamsize|p2|6
|start
|switch|p1a: Dragapult|Dragapult, F|100/100
|switch|p2a: Walking Wake|Walking Wake|100/100
|turn|1
|
|t:|1760868660
|switch|p1a: Enamorus|Enamorus, F|100/100
|move|p2a: Walking Wake|Draco Meteor|p1a: Enamorus
|-immune|p1a: Enamorus
|
|upkeep
|turn|2
|inactive|tza803 has 120 seconds left.
|
|t:|1760868692
|-terastallize|p2a: Walking Wake|Fire
|move|p2a: Walking Wake|Flamethrower|p1a: Enamorus
|-damage|p1a: Enamorus|33/100
|move|p1a: Enamorus|Earth Power|p2a: Walking Wake
|-supereffective|p2a: Walking Wake
|-damage|p2a: Walking Wake|20/100
|
|upkeep
|turn|3
|
|t:|1760868703
|switch|p1a: Latios|Latios, M|100/100
|move|p2a: Walking Wake|Flamethrower|p1a: Latios
|-resisted|p1a: Latios
|-damage|p1a: Latios|78/100
|
|upkeep
|turn|4
|
|t:|1760868713
|-end|p2a: Walking Wake|Protosynthesis|[silent]
|switch|p2a: Dragonite|Dragonite, M|100/100
|move|p1a: Latios|Luster Purge|p2a: Dragonite
|-crit|p2a: Dragonite
|-damage|p2a: Dragonite|55/100
|-unboost|p2a: Dragonite|spd|1
|
|upkeep
|turn|5
|inactive|tza803 has 120 seconds left.
|
|t:|1760868733
|move|p2a: Dragonite|Extreme Speed|p1a: Latios
|-damage|p1a: Latios|38/100
|move|p1a: Latios|Luster Purge|p2a: Dragonite
|-damage|p2a: Dragonite|0 fnt
|faint|p2a: Dragonite
|
|upkeep
|inactive|tza803 has 120 seconds left.
|
|t:|1760868739
|switch|p2a: Cinderace|Cinderace, F|100/100
|turn|6
|inactive|tza803 has 120 seconds left.
|
|t:|1760868750
|switch|p1a: Great Tusk|Great Tusk|100/100
|move|p2a: Cinderace|Sucker Punch||[still]
|-fail|p2a: Cinderace
|
|upkeep
|turn|7
|
|t:|1760868757
|switch|p2a: Ogerpon|Ogerpon-Wellspring, F|100/100
|-end|p1a: Great Tusk|Protosynthesis|[silent]
|switch|p1a: Dragapult|Dragapult, F|100/100
|
|upkeep
|turn|8
|
|t:|1760868764
|move|p1a: Dragapult|Will-O-Wisp|p2a: Ogerpon
|-status|p2a: Ogerpon|brn
|move|p2a: Ogerpon|Play Rough|p1a: Dragapult
|-supereffective|p1a: Dragapult
|-damage|p1a: Dragapult|55/100
|
|-damage|p2a: Ogerpon|95/100 brn|[from] brn
|upkeep
|turn|9
|
|t:|1760868776
|switch|p2a: Cinderace|Cinderace, F|100/100
|move|p1a: Dragapult|U-turn|p2a: Cinderace
|-resisted|p2a: Cinderace
|-damage|p2a: Cinderace|86/100
|
|t:|1760868784
|switch|p1a: Great Tusk|Great Tusk|100/100|[from] U-turn
|
|upkeep
|turn|10
|
|t:|1760868797
|switch|p2a: Ogerpon|Ogerpon-Wellspring, F|95/100 brn
|-end|p1a: Great Tusk|Protosynthesis|[silent]
|switch|p1a: Dragapult|Dragapult, F|55/100
|
|-damage|p2a: Ogerpon|89/100 brn|[from] brn
|upkeep
|turn|11
|
|t:|1760868802
|move|p1a: Dragapult|U-turn|p2a: Ogerpon
|-supereffective|p2a: Ogerpon
|-damage|p2a: Ogerpon|37/100 brn
|
|t:|1760868811
|switch|p1a: Ogerpon|Ogerpon-Wellspring, F|100/100|[from] U-turn
|move|p2a: Ogerpon|Play Rough|p1a: Ogerpon
|-damage|p1a: Ogerpon|76/100
|
|-damage|p2a: Ogerpon|31/100 brn|[from] brn
|upkeep
|turn|12
|
|t:|1760868824
|move|p1a: Ogerpon|Power Whip|p2a: Ogerpon
|-damage|p2a: Ogerpon|0 fnt
|faint|p2a: Ogerpon
|
|upkeep
|
|t:|1760868827
|switch|p2a: Cinderace|Cinderace, F|86/100
|turn|13
|
|t:|1760868832
|switch|p1a: Great Tusk|Great Tusk|100/100
|move|p2a: Cinderace|Pyro Ball|p1a: Great Tusk
|-damage|p1a: Great Tusk|64/100
|
|upkeep
|turn|14
|
|t:|1760868837
|switch|p2a: Zamazenta|Zamazenta|100/100
|-ability|p2a: Zamazenta|Dauntless Shield|boost
|-boost|p2a: Zamazenta|def|1
|move|p1a: Great Tusk|Rapid Spin|p2a: Zamazenta
|-damage|p2a: Zamazenta|95/100
|-boost|p1a: Great Tusk|spe|1
|
|-heal|p2a: Zamazenta|100/100|[from] item: Leftovers
|upkeep
|turn|15
|
|t:|1760868848
|move|p1a: Great Tusk|Headlong Rush|p2a: Zamazenta
|-damage|p2a: Zamazenta|79/100
|-unboost|p1a: Great Tusk|def|1
|-unboost|p1a: Great Tusk|spd|1
|move|p2a: Zamazenta|Substitute|p2a: Zamazenta
|-start|p2a: Zamazenta|Substitute
|-damage|p2a: Zamazenta|54/100
|
|-heal|p2a: Zamazenta|61/100|[from] item: Leftovers
|upkeep
|turn|16
|
|t:|1760868852
|move|p1a: Great Tusk|Headlong Rush|p2a: Zamazenta
|-activate|p2a: Zamazenta|move: Substitute|[damage]
|-unboost|p1a: Great Tusk|def|1
|-unboost|p1a: Great Tusk|spd|1
|move|p2a: Zamazenta|Iron Defense|p2a: Zamazenta
|-boost|p2a: Zamazenta|def|2
|
|-heal|p2a: Zamazenta|67/100|[from] item: Leftovers
|upkeep
|turn|17
|
|t:|1760868855
|move|p1a: Great Tusk|Headlong Rush|p2a: Zamazenta
|-end|p2a: Zamazenta|Substitute
|-unboost|p1a: Great Tusk|def|1
|-unboost|p1a: Great Tusk|spd|1
|move|p2a: Zamazenta|Iron Defense|p2a: Zamazenta
|-boost|p2a: Zamazenta|def|2
|
|-heal|p2a: Zamazenta|73/100|[from] item: Leftovers
|upkeep
|turn|18
|
|t:|1760868861
|-end|p1a: Great Tusk|Protosynthesis|[silent]
|switch|p1a: Dragapult|Dragapult, F|55/100
|move|p2a: Zamazenta|Substitute|p2a: Zamazenta
|-start|p2a: Zamazenta|Substitute
|-damage|p2a: Zamazenta|48/100
|
|-heal|p2a: Zamazenta|54/100|[from] item: Leftovers
|upkeep
|turn|19
|
|t:|1760868864
|move|p1a: Dragapult|Will-O-Wisp|p2a: Zamazenta
|-status|p2a: Zamazenta|brn
|move|p2a: Zamazenta|Roar|p1a: Dragapult
|drag|p1a: Kingambit|Kingambit, F|100/100
|
|-heal|p2a: Zamazenta|60/100 brn|[from] item: Leftovers
|-damage|p2a: Zamazenta|54/100 brn|[from] brn
|upkeep
|turn|20
|
|t:|1760868871
|-end|p1a: Kingambit|fallenundefined|[silent]
|switch|p1a: Great Tusk|Great Tusk|64/100
|move|p2a: Zamazenta|Body Press|p1a: Great Tusk
|-damage|p1a: Great Tusk|18/100
|-damage|p2a: Zamazenta|38/100 brn|[from] item: Rocky Helmet|[of] p1a: Great Tusk
|
|-heal|p2a: Zamazenta|44/100 brn|[from] item: Leftovers
|-damage|p2a: Zamazenta|38/100 brn|[from] brn
|upkeep
|turn|21
|
|t:|1760868874
|move|p2a: Zamazenta|Body Press|p1a: Great Tusk
|-damage|p1a: Great Tusk|0 fnt
|-damage|p2a: Zamazenta|21/100 brn|[from] item: Rocky Helmet|[of] p1a: Great Tusk
|faint|p1a: Great Tusk
|-end|p1a: Great Tusk|Protosynthesis|[silent]
|
|-heal|p2a: Zamazenta|27/100 brn|[from] item: Leftovers
|-damage|p2a: Zamazenta|21/100 brn|[from] brn
|upkeep
|
|t:|1760868876
|switch|p1a: Dragapult|Dragapult, F|55/100
|turn|22
|
|t:|1760868879
|move|p1a: Dragapult|Hex|p2a: Zamazenta
|-damage|p2a: Zamazenta|0 fnt
|faint|p2a: Zamazenta
|
|upkeep
|
|t:|1760868882
|switch|p2a: Cinderace|Cinderace, F|86/100
|turn|23
|
|t:|1760868895
|-terastallize|p1a: Dragapult|Fairy
|move|p2a: Cinderace|Sucker Punch|p1a: Dragapult
|-start|p2a: Cinderace|typechange|Dark|[from] ability: Libero
|-resisted|p1a: Dragapult
|-damage|p1a: Dragapult|31/100
|move|p1a: Dragapult|Dragon Darts|p2a: Cinderace
|-damage|p2a: Cinderace|56/100
|-anim|p1a: Dragapult|Dragon Darts|p2a: Cinderace
|-damage|p2a: Cinderace|25/100
|
|upkeep
|turn|24
|
|t:|1760868906
|move|p1a: Dragapult|Will-O-Wisp|p2a: Cinderace|[miss]
|-miss|p1a: Dragapult|p2a: Cinderace
|move|p2a: Cinderace|Pyro Ball|p1a: Dragapult
|-damage|p1a: Dragapult|0 fnt
|faint|p1a: Dragapult
|
|upkeep
|
|t:|1760868912
|switch|p1a: Kingambit|Kingambit, F|100/100
|-activate|p1a: Kingambit|ability: Supreme Overlord
|-start|p1a: Kingambit|fallen2|[silent]
|turn|25
|
|t:|1760868918
|move|p2a: Cinderace|High Jump Kick|p1a: Kingambit
|-supereffective|p1a: Kingambit
|-damage|p1a: Kingambit|0 fnt
|faint|p1a: Kingambit
|-end|p1a: Kingambit|fallen2|[silent]
|
|upkeep
|-message|Shea6045 forfeited.
|
|win|tza803
|raw|Shea6045's rating: 1457 &rarr; <strong>1438</strong><br />(-19 for losing)
|raw|tza803's rating: 1481 &rarr; <strong>1500</strong><br />(+19 for winning)
|l|☆Shea6045
|player|p1|
