|j|☆IamLonny
|j|☆dnnddndnnr
|t:|1760848493
|gametype|singles
|player|p1|IamLonny|bruno|1169
|player|p2|dnnddndnnr|102|1198
|gen|9
|tier|[Gen 9] OU
|rated|
|rule|HP Percentage Mod: HP is shown in percentages
|rule|Endless Battle Clause: Forcing endless battles is banned
|rule|Species Clause: Limit one of each Pokémon
|rule|OHKO Clause: OHKO moves are banned
|rule|Evasion Items Clause: Evasion items are banned
|rule|Evasion Moves Clause: Evasion moves are banned
|rule|Evasion Abilities Clause: Evasion abilities are banned
|rule|Sleep Moves Clause: Sleep-inducing moves are banned
|clearpoke
|poke|p1|Sandy Shocks|
|poke|p1|Conkeldurr, F|
|poke|p1|Dusclops, F|
|poke|p1|Scizor, F|
|poke|p1|Gyarados, M|
|poke|p1|Altaria, M|
|poke|p2|Walking Wake|
|poke|p2|Scizor, F|
|poke|p2|Corviknight, M|
|poke|p2|Clodsire, M|
|poke|p2|Zamazenta-*|
|poke|p2|Gliscor, F|
|teampreview
|inactive|Battle timer is ON: inactive players will automatically lose when time's up. (requested by dnnddndnnr)
|
|t:|1760848503
|teamsize|p1|6
|teamsize|p2|6
|start
|switch|p1a: Sandy Shocks|Sandy Shocks, shiny|100/100
|switch|p2a: Corviknight|Corviknight, M|100/100
|-enditem|p1a: Sandy Shocks|Booster Energy
|-activate|p1a: Sandy Shocks|ability: Protosynthesis|[fromitem]
|-start|p1a: Sandy Shocks|protosynthesisspa
|turn|1
|
|t:|1760848517
|switch|p2a: Gliscor|Gliscor, F|100/100
|move|p1a: Sandy Shocks|Thunderbolt|p2a: Gliscor
|-immune|p2a: Gliscor
|
|-status|p2a: Gliscor|tox|[from] item: Toxic Orb
|upkeep
|turn|2
|
|t:|1760848526
|-terastallize|p1a: Sandy Shocks|Ice
|move|p1a: Sandy Shocks|Tera Blast|p2a: Gliscor|[anim] Tera Blast Ice
|-supereffective|p2a: Gliscor
|-damage|p2a: Gliscor|0 fnt
|faint|p2a: Gliscor
|
|upkeep
|
|t:|1760848550
|switch|p2a: Scizor|Scizor, F|100/100
|turn|3
|
|t:|1760848554
|-end|p1a: Sandy Shocks|Protosynthesis|[silent]
|switch|p1a: Gyarados|Gyarados, M|100/100
|-ability|p1a: Gyarados|Intimidate|boost
|-unboost|p2a: Scizor|atk|1
|move|p2a: Scizor|Bullet Punch|p1a: Gyarados
|-resisted|p1a: Gyarados
|-damage|p1a: Gyarados|78/100
|
|upkeep
|turn|4
|
|t:|1760848571
|switch|p2a: Corviknight|Corviknight, M|100/100
|move|p1a: Gyarados|Dragon Dance|p1a: Gyarados
|-boost|p1a: Gyarados|atk|1
|-boost|p1a: Gyarados|spe|1
|
|upkeep
|turn|5
|
|t:|1760848581
|move|p1a: Gyarados|Dragon Dance|p1a: Gyarados
|-boost|p1a: Gyarados|atk|1
|-boost|p1a: Gyarados|spe|1
|move|p2a: Corviknight|Taunt|p1a: Gyarados
|-start|p1a: Gyarados|move: Taunt
|
|upkeep
|turn|6
|
|t:|1760848598
|move|p1a: Gyarados|Waterfall|p2a: Corviknight
|-damage|p2a: Corviknight|50/100
|-damage|p1a: Gyarados|61/100|[from] item: Rocky Helmet|[of] p2a: Corviknight
|cant|p2a: Corviknight|flinch
|
|upkeep
|turn|7
|
|t:|1760848604
|move|p1a: Gyarados|Waterfall|p2a: Corviknight
|-damage|p2a: Corviknight|5/100
|-damage|p1a: Gyarados|44/100|[from] item: Rocky Helmet|[of] p2a: Corviknight
|move|p2a: Corviknight|Roost|p2a: Corviknight
|-heal|p2a: Corviknight|55/100
|-singleturn|p2a: Corviknight|move: Roost
|
|upkeep
|turn|8
|
|t:|1760848614
|move|p1a: Gyarados|Waterfall|p2a: Corviknight
|-damage|p2a: Corviknight|3/100
|-damage|p1a: Gyarados|28/100|[from] item: Rocky Helmet|[of] p2a: Corviknight
|move|p2a: Corviknight|Roost|p2a: Corviknight
|-heal|p2a: Corviknight|53/100
|-singleturn|p2a: Corviknight|move: Roost
|
|-end|p1a: Gyarados|move: Taunt
|upkeep
|turn|9
|inactive|dnnddndnnr has 120 seconds left.
|
|t:|1760848650
|move|p1a: Gyarados|Dragon Dance|p1a: Gyarados
|-boost|p1a: Gyarados|atk|1
|-boost|p1a: Gyarados|spe|1
|move|p2a: Corviknight|Roost|p2a: Corviknight
|-heal|p2a: Corviknight|100/100
|-singleturn|p2a: Corviknight|move: Roost
|
|upkeep
|turn|10
|
|t:|1760848658
|move|p1a: Gyarados|Waterfall|p2a: Corviknight
|-damage|p2a: Corviknight|35/100
|-damage|p1a: Gyarados|11/100|[from] item: Rocky Helmet|[of] p2a: Corviknight
|move|p2a: Corviknight|U-turn|p1a: Gyarados
|-resisted|p1a: Gyarados
|-crit|p1a: Gyarados
|-damage|p1a: Gyarados|0 fnt
|faint|p1a: Gyarados
|inactive|dnnddndnnr has 120 seconds left.
|
|t:|1760848674
|switch|p2a: Clodsire|Clodsire, M|100/100|[from] U-turn
|
|upkeep
|
|t:|1760848681
|switch|p1a: Sandy Shocks|Sandy Shocks, shiny, tera:Ice|100/100
|turn|11
|inactive|dnnddndnnr has 120 seconds left.
|
|t:|1760848700
|-terastallize|p2a: Clodsire|Poison
|move|p1a: Sandy Shocks|Earth Power|p2a: Clodsire
|-supereffective|p2a: Clodsire
|-damage|p2a: Clodsire|50/100
|move|p2a: Clodsire|Toxic|p1a: Sandy Shocks
|-status|p1a: Sandy Shocks|tox
|
|-heal|p2a: Clodsire|56/100|[from] item: Black Sludge
|-damage|p1a: Sandy Shocks|94/100 tox|[from] psn
|upkeep
|turn|12
|inactive|dnnddndnnr has 120 seconds left.
|
|t:|1760848712
|switch|p2a: Scizor|Scizor, F|100/100
|move|p1a: Sandy Shocks|Earth Power|p2a: Scizor
|-damage|p2a: Scizor|30/100
|
|-damage|p1a: Sandy Shocks|82/100 tox|[from] psn
|upkeep
|turn|13
|
|t:|1760848720
|move|p2a: Scizor|Bullet Punch|p1a: Sandy Shocks
|-supereffective|p1a: Sandy Shocks
|-damage|p1a: Sandy Shocks|0 fnt
|faint|p1a: Sandy Shocks
|-end|p1a: Sandy Shocks|Protosynthesis|[silent]
|
|upkeep
|
|t:|1760848731
|switch|p1a: Conkeldurr|Conkeldurr, F|100/100
|turn|14
|
|t:|1760848734
|switch|p2a: Corviknight|Corviknight, M|35/100
|move|p1a: Conkeldurr|Knock Off|p2a: Corviknight
|-damage|p2a: Corviknight|14/100
|-damage|p1a: Conkeldurr|84/100|[from] item: Rocky Helmet|[of] p2a: Corviknight
|-enditem|p2a: Corviknight|Rocky Helmet|[from] move: Knock Off|[of] p1a: Conkeldurr
|
|-status|p1a: Conkeldurr|brn|[from] item: Flame Orb
|upkeep
|turn|15
|
|t:|1760848744
|move|p1a: Conkeldurr|Mach Punch|p2a: Corviknight
|-damage|p2a: Corviknight|0 fnt
|faint|p2a: Corviknight
|
|-damage|p1a: Conkeldurr|78/100 brn|[from] brn
|upkeep
|
|t:|1760848760
|switch|p2a: Walking Wake|Walking Wake|100/100
|turn|16
|
|t:|1760848765
|move|p2a: Walking Wake|Draco Meteor|p1a: Conkeldurr
|-damage|p1a: Conkeldurr|0 fnt
|-unboost|p2a: Walking Wake|spa|2
|faint|p1a: Conkeldurr
|
|upkeep
|
|t:|1760848779
|switch|p1a: Altaria|Altaria, M|100/100
|-ability|p1a: Altaria|Cloud Nine
|turn|17
|
|t:|1760848784
|-end|p2a: Walking Wake|Protosynthesis|[silent]
|switch|p2a: Clodsire|Clodsire, M, tera:Poison|56/100
|move|p1a: Altaria|Moonblast|p2a: Clodsire
|-resisted|p2a: Clodsire
|-damage|p2a: Clodsire|51/100
|
|-heal|p2a: Clodsire|57/100|[from] item: Black Sludge
|upkeep
|turn|18
|
|t:|1760848792
|switch|p1a: Dusclops|Dusclops, F|100/100
|-ability|p1a: Dusclops|Pressure
|move|p2a: Clodsire|Toxic|p1a: Dusclops
|-status|p1a: Dusclops|tox
|
|-heal|p2a: Clodsire|63/100|[from] item: Black Sludge
|-damage|p1a: Dusclops|95/100 tox|[from] psn
|upkeep
|turn|19
|
|t:|1760848811
|move|p1a: Dusclops|Curse|p2a: Clodsire
|-start|p2a: Clodsire|Curse|[of] p1a: Dusclops
|-damage|p1a: Dusclops|45/100 tox
|move|p2a: Clodsire|Stealth Rock|p1a: Dusclops
|-sidestart|p1: IamLonny|move: Stealth Rock
|
|-heal|p2a: Clodsire|69/100|[from] item: Black Sludge
|-damage|p1a: Dusclops|33/100 tox|[from] psn
|-damage|p2a: Clodsire|44/100|[from] Curse
|upkeep
|turn|20
|
|t:|1760848821
|switch|p2a: Walking Wake|Walking Wake|100/100
|move|p1a: Dusclops|Pain Split|p2a: Walking Wake
|-sethp|p2a: Walking Wake|61/100|[from] move: Pain Split|[silent]
|-sethp|p1a: Dusclops|93/100 tox|[from] move: Pain Split
|
|-damage|p1a: Dusclops|76/100 tox|[from] psn
|upkeep
|turn|21
|
|t:|1760848830
|move|p1a: Dusclops|Protect|p1a: Dusclops
|-singleturn|p1a: Dusclops|Protect
|move|p2a: Walking Wake|Draco Meteor|p1a: Dusclops
|-activate|p1a: Dusclops|move: Protect
|
|-damage|p1a: Dusclops|52/100 tox|[from] psn
|upkeep
|turn|22
|
|t:|1760848833
|move|p2a: Walking Wake|Draco Meteor|p1a: Dusclops
|-crit|p1a: Dusclops
|-damage|p1a: Dusclops|0 fnt
|-unboost|p2a: Walking Wake|spa|2
|faint|p1a: Dusclops
|
|upkeep
|
|t:|1760848846
|switch|p1a: Scizor|Scizor, F|100/100
|-damage|p1a: Scizor|88/100|[from] Stealth Rock
|turn|23
|
|t:|1760848862
|-end|p2a: Walking Wake|Protosynthesis|[silent]
|switch|p2a: Zamazenta|Zamazenta|100/100
|-ability|p2a: Zamazenta|Dauntless Shield|boost
|-boost|p2a: Zamazenta|def|1
|move|p1a: Scizor|Swords Dance|p1a: Scizor
|-boost|p1a: Scizor|atk|2
|
|upkeep
|turn|24
|
|t:|1760848871
|move|p2a: Zamazenta|Iron Defense|p2a: Zamazenta
|-boost|p2a: Zamazenta|def|2
|move|p1a: Scizor|Bug Bite|p2a: Zamazenta
|-resisted|p2a: Zamazenta
|-damage|p2a: Zamazenta|85/100
|-damage|p1a: Scizor|78/100|[from] item: Life Orb
|
|-heal|p2a: Zamazenta|91/100|[from] item: Leftovers
|upkeep
|turn|25
|-message|IamLonny forfeited.
|
|win|dnnddndnnr
|raw|IamLonny's rating: 1169 &rarr; <strong>1146</strong><br />(-23 for losing)
|raw|dnnddndnnr's rating: 1203 &rarr; <strong>1226</strong><br />(+23 for winning)
|l|☆IamLonny
|player|p1|
|l|☆dnnddndnnr
|player|p2|
