|j|☆skiing in sudan
|j|☆JacquesDeAlderberg
|t:|1760735043
|gametype|singles
|player|p1|skiing in sudan|iris-gen5bw2|1589
|player|p2|JacquesDeAlderberg|plasmagrunt-gen5bw|1631
|gen|9
|tier|[Gen 9] OU
|rated|
|rule|HP Percentage Mod: HP is shown in percentages
|rule|Endless Battle Clause: Forcing endless battles is banned
|rule|Species Clause: Limit one of each Pokémon
|rule|OHKO Clause: OHKO moves are banned
|rule|Evasion Items Clause: Evasion items are banned
|rule|Evasion Moves Clause: Evasion moves are banned
|rule|Evasion Abilities Clause: Evasion abilities are banned
|rule|Sleep Moves Clause: Sleep-inducing moves are banned
|clearpoke
|poke|p1|Ninetales-Alola, F|
|poke|p1|Hoopa-Unbound|
|poke|p1|Primarina, F|
|poke|p1|Ceruledge, F|
|poke|p1|Zamazenta-*|
|poke|p1|Iron Treads|
|poke|p2|Clodsire, M|
|poke|p2|Enamorus, F|
|poke|p2|Conkeldurr, M|
|poke|p2|Ceruledge, F|
|poke|p2|Skarmory, F|
|poke|p2|Sinistcha|
|teampreview
|c|☆skiing in sudan|hf
|inactive|Battle timer is ON: inactive players will automatically lose when time's up. (requested by JacquesDeAlderberg)
|
|t:|1760735076
|teamsize|p1|6
|teamsize|p2|6
|start
|switch|p1a: Ninetales|Ninetales-Alola, F|100/100
|switch|p2a: Conkeldurr|Conkeldurr, M|100/100
|-weather|Snowscape|[from] ability: Snow Warning|[of] p1a: Ninetales
|turn|1
|
|t:|1760735080
|move|p1a: Ninetales|Aurora Veil|p1a: Ninetales
|-sidestart|p1: skiing in sudan|move: Aurora Veil
|move|p2a: Conkeldurr|Knock Off|p1a: Ninetales
|-resisted|p1a: Ninetales
|-damage|p1a: Ninetales|92/100
|-enditem|p1a: Ninetales|Light Clay|[from] move: Knock Off|[of] p2a: Conkeldurr
|
|-weather|Snowscape|[upkeep]
|-status|p2a: Conkeldurr|brn|[from] item: Flame Orb
|upkeep
|turn|2
|
|t:|1760735087
|switch|p2a: Skarmory|Skarmory, F|100/100
|move|p1a: Ninetales|Encore||[still]
|-fail|p1a: Ninetales
|
|-weather|Snowscape|[upkeep]
|upkeep
|turn|3
|
|t:|1760735093
|switch|p1a: Ceruledge|Ceruledge, F|100/100
|-item|p1a: Ceruledge|Air Balloon
|move|p2a: Skarmory|Stealth Rock|p1a: Ceruledge
|-sidestart|p1: skiing in sudan|move: Stealth Rock
|
|-weather|Snowscape|[upkeep]
|upkeep
|turn|4
|
|t:|1760735100
|move|p1a: Ceruledge|Swords Dance|p1a: Ceruledge
|-boost|p1a: Ceruledge|atk|2
|move|p2a: Skarmory|Taunt|p1a: Ceruledge
|-start|p1a: Ceruledge|move: Taunt
|
|-weather|Snowscape|[upkeep]
|upkeep
|turn|5
|
|t:|1760735105
|move|p1a: Ceruledge|Bitter Blade|p2a: Skarmory
|-supereffective|p2a: Skarmory
|-ability|p2a: Skarmory|Sturdy
|-damage|p2a: Skarmory|1/100
|move|p2a: Skarmory|Brave Bird|p1a: Ceruledge
|-damage|p1a: Ceruledge|69/100
|-ability|p1a: Ceruledge|Weak Armor|boost
|-unboost|p1a: Ceruledge|def|1
|-boost|p1a: Ceruledge|spe|2
|-enditem|p1a: Ceruledge|Air Balloon
|-damage|p2a: Skarmory|0 fnt|[from] Recoil
|faint|p2a: Skarmory
|
|-weather|none
|upkeep
|
|t:|1760735110
|switch|p2a: Clodsire|Clodsire, M|100/100
|turn|6
|
|t:|1760735118
|move|p1a: Ceruledge|Bitter Blade|p2a: Clodsire
|-damage|p2a: Clodsire|51/100
|-heal|p1a: Ceruledge|100/100|[from] drain|[of] p2a: Clodsire
|move|p2a: Clodsire|Curse|p2a: Clodsire
|-unboost|p2a: Clodsire|spe|1
|-boost|p2a: Clodsire|atk|1
|-boost|p2a: Clodsire|def|1
|
|-heal|p2a: Clodsire|57/100|[from] item: Leftovers
|upkeep
|turn|7
|
|t:|1760735133
|switch|p1a: Ninetales|Ninetales-Alola, F|92/100
|-damage|p1a: Ninetales|68/100|[from] Stealth Rock
|-weather|Snowscape|[from] ability: Snow Warning|[of] p1a: Ninetales
|move|p2a: Clodsire|Recover|p2a: Clodsire
|-heal|p2a: Clodsire|100/100
|
|-weather|Snowscape|[upkeep]
|upkeep
|turn|8
|
|t:|1760735138
|switch|p2a: Ceruledge|Ceruledge, F|100/100
|move|p1a: Ninetales|Encore||[still]
|-fail|p1a: Ninetales
|
|-weather|Snowscape|[upkeep]
|-sideend|p1: skiing in sudan|move: Aurora Veil
|upkeep
|turn|9
|
|t:|1760735147
|switch|p1a: Primarina|Primarina, F|100/100
|-damage|p1a: Primarina|88/100|[from] Stealth Rock
|move|p2a: Ceruledge|Bulk Up|p2a: Ceruledge
|-boost|p2a: Ceruledge|atk|1
|-boost|p2a: Ceruledge|def|1
|
|-weather|Snowscape|[upkeep]
|-heal|p1a: Primarina|94/100|[from] item: Leftovers
|upkeep
|turn|10
|
|t:|1760735151
|move|p2a: Ceruledge|Poltergeist|p1a: Primarina
|-activate|p1a: Primarina|move: Poltergeist|Leftovers
|-damage|p1a: Primarina|13/100
|move|p1a: Primarina|Surf|p2a: Ceruledge
|-supereffective|p2a: Ceruledge
|-damage|p2a: Ceruledge|0 fnt
|faint|p2a: Ceruledge
|
|-weather|Snowscape|[upkeep]
|-heal|p1a: Primarina|19/100|[from] item: Leftovers
|upkeep
|
|t:|1760735153
|switch|p2a: Enamorus|Enamorus, F|100/100
|turn|11
|
|t:|1760735157
|move|p2a: Enamorus|Moonblast|p1a: Primarina
|-damage|p1a: Primarina|0 fnt
|faint|p1a: Primarina
|
|-weather|none
|upkeep
|
|t:|1760735168
|switch|p1a: Iron Treads|Iron Treads|100/100
|-damage|p1a: Iron Treads|97/100|[from] Stealth Rock
|-enditem|p1a: Iron Treads|Booster Energy
|-activate|p1a: Iron Treads|ability: Quark Drive|[fromitem]
|-start|p1a: Iron Treads|quarkdrivespe
|turn|12
|
|t:|1760735172
|switch|p2a: Sinistcha|Sinistcha|100/100
|move|p1a: Iron Treads|Stealth Rock|p2a: Sinistcha
|-sidestart|p2: JacquesDeAlderberg|move: Stealth Rock
|
|upkeep
|turn|13
|
|t:|1760735176
|move|p1a: Iron Treads|Steel Beam|p2a: Sinistcha
|-damage|p2a: Sinistcha|40/100
|-damage|p1a: Iron Treads|47/100|[from] steelbeam
|move|p2a: Sinistcha|Calm Mind|p2a: Sinistcha
|-boost|p2a: Sinistcha|spa|1
|-boost|p2a: Sinistcha|spd|1
|
|upkeep
|turn|14
|
|t:|1760735180
|move|p1a: Iron Treads|Steel Beam|p2a: Sinistcha
|-damage|p2a: Sinistcha|1/100
|-damage|p1a: Iron Treads|0 fnt|[from] steelbeam
|faint|p1a: Iron Treads
|-end|p1a: Iron Treads|Quark Drive|[silent]
|move|p2a: Sinistcha|Calm Mind|p2a: Sinistcha
|-boost|p2a: Sinistcha|spa|1
|-boost|p2a: Sinistcha|spd|1
|
|upkeep
|
|t:|1760735189
|switch|p1a: Ninetales|Ninetales-Alola, F|68/100
|-damage|p1a: Ninetales|43/100|[from] Stealth Rock
|-weather|Snowscape|[from] ability: Snow Warning|[of] p1a: Ninetales
|turn|15
|
|t:|1760735192
|move|p1a: Ninetales|Freeze-Dry|p2a: Sinistcha
|-supereffective|p2a: Sinistcha
|-damage|p2a: Sinistcha|0 fnt
|faint|p2a: Sinistcha
|
|-weather|Snowscape|[upkeep]
|upkeep
|
|t:|1760735195
|switch|p2a: Conkeldurr|Conkeldurr, M|100/100 brn
|-damage|p2a: Conkeldurr|94/100 brn|[from] Stealth Rock
|turn|16
|
|t:|1760735198
|move|p2a: Conkeldurr|Mach Punch|p1a: Ninetales
|-damage|p1a: Ninetales|13/100
|move|p1a: Ninetales|Aurora Veil|p1a: Ninetales
|-sidestart|p1: skiing in sudan|move: Aurora Veil
|
|-weather|Snowscape|[upkeep]
|-damage|p2a: Conkeldurr|88/100 brn|[from] brn
|upkeep
|turn|17
|
|t:|1760735202
|move|p2a: Conkeldurr|Mach Punch|p1a: Ninetales
|-damage|p1a: Ninetales|0 fnt
|faint|p1a: Ninetales
|
|-weather|Snowscape|[upkeep]
|-damage|p2a: Conkeldurr|82/100 brn|[from] brn
|upkeep
|
|t:|1760735222
|switch|p1a: Hoopa|Hoopa-Unbound|100/100
|-damage|p1a: Hoopa|88/100|[from] Stealth Rock
|turn|18
|
|t:|1760735230
|move|p2a: Conkeldurr|Mach Punch|p1a: Hoopa
|-damage|p1a: Hoopa|65/100
|move|p1a: Hoopa|Psychic Noise|p2a: Conkeldurr
|-supereffective|p2a: Conkeldurr
|-damage|p2a: Conkeldurr|0 fnt
|faint|p2a: Conkeldurr
|
|-weather|Snowscape|[upkeep]
|upkeep
|
|t:|1760735236
|switch|p2a: Enamorus|Enamorus, F|100/100
|-damage|p2a: Enamorus|76/100|[from] Stealth Rock
|turn|19
|
|t:|1760735239
|move|p2a: Enamorus|Moonblast|p1a: Hoopa
|-supereffective|p1a: Hoopa
|-damage|p1a: Hoopa|29/100
|move|p1a: Hoopa|Psychic Noise|p2a: Enamorus
|-damage|p2a: Enamorus|16/100
|-start|p2a: Enamorus|move: Heal Block
|
|-weather|none
|upkeep
|turn|20
|
|t:|1760735246
|move|p2a: Enamorus|Moonblast|p1a: Hoopa
|-supereffective|p1a: Hoopa
|-crit|p1a: Hoopa
|-damage|p1a: Hoopa|0 fnt
|faint|p1a: Hoopa
|
|-end|p2a: Enamorus|move: Heal Block
|-sideend|p1: skiing in sudan|move: Aurora Veil
|upkeep
|
|t:|1760735252
|switch|p1a: Ceruledge|Ceruledge, F|100/100
|-damage|p1a: Ceruledge|76/100|[from] Stealth Rock
|turn|21
|
|t:|1760735261
|move|p2a: Enamorus|Earth Power|p1a: Ceruledge
|-supereffective|p1a: Ceruledge
|-damage|p1a: Ceruledge|0 fnt
|faint|p1a: Ceruledge
|
|-heal|p2a: Enamorus|22/100|[from] item: Leftovers
|upkeep
|
|t:|1760735264
|switch|p1a: Zamazenta|Zamazenta|100/100
|-damage|p1a: Zamazenta|94/100|[from] Stealth Rock
|-ability|p1a: Zamazenta|Dauntless Shield|boost
|-boost|p1a: Zamazenta|def|1
|turn|22
|
|t:|1760735271
|-terastallize|p1a: Zamazenta|Dark
|move|p1a: Zamazenta|Crunch|p2a: Enamorus
|-resisted|p2a: Enamorus
|-damage|p2a: Enamorus|0 fnt
|faint|p2a: Enamorus
|
|-heal|p1a: Zamazenta|100/100|[from] item: Leftovers
|upkeep
|
|t:|1760735275
|switch|p2a: Clodsire|Clodsire, M|100/100
|-damage|p2a: Clodsire|94/100|[from] Stealth Rock
|turn|23
|
|t:|1760735282
|move|p1a: Zamazenta|Crunch|p2a: Clodsire
|-damage|p2a: Clodsire|52/100
|move|p2a: Clodsire|Curse|p2a: Clodsire
|-unboost|p2a: Clodsire|spe|1
|-boost|p2a: Clodsire|atk|1
|-boost|p2a: Clodsire|def|1
|
|-heal|p2a: Clodsire|58/100|[from] item: Leftovers
|upkeep
|turn|24
|
|t:|1760735286
|move|p1a: Zamazenta|Crunch|p2a: Clodsire
|-damage|p2a: Clodsire|31/100
|-unboost|p2a: Clodsire|def|1
|move|p2a: Clodsire|Recover|p2a: Clodsire
|-heal|p2a: Clodsire|81/100
|
|-heal|p2a: Clodsire|87/100|[from] item: Leftovers
|upkeep
|turn|25
|
|t:|1760735288
|move|p1a: Zamazenta|Crunch|p2a: Clodsire
|-crit|p2a: Clodsire
|-damage|p2a: Clodsire|22/100
|move|p2a: Clodsire|Curse|p2a: Clodsire
|-unboost|p2a: Clodsire|spe|1
|-boost|p2a: Clodsire|atk|1
|-boost|p2a: Clodsire|def|1
|
|-heal|p2a: Clodsire|28/100|[from] item: Leftovers
|upkeep
|turn|26
|
|t:|1760735292
|move|p1a: Zamazenta|Crunch|p2a: Clodsire
|-damage|p2a: Clodsire|0 fnt
|faint|p2a: Clodsire
|
|win|skiing in sudan
|raw|skiing in sudan's rating: 1589 &rarr; <strong>1611</strong><br />(+22 for winning)
|raw|JacquesDeAlderberg's rating: 1631 &rarr; <strong>1609</strong><br />(-22 for losing)
|c|☆skiing in sudan|gg
|c|☆JacquesDeAlderberg|GG
|l|☆JacquesDeAlderberg
|player|p2|
|l|☆skiing in sudan
|player|p1|
