|inactive|Battle timer is ON: inactive players will automatically lose when time's up.
|t:|1760853828
|gametype|singles
|player|p1|Corvikafka|acetrainerf-gen4dp|
|player|p2|pinecoishot|drasna|
|gen|9
|tier|[Gen 9] OU
|rule|HP Percentage Mod: HP is shown in percentages
|rule|Endless Battle Clause: Forcing endless battles is banned
|rule|Species Clause: Limit one of each Pokémon
|rule|OHKO Clause: OHKO moves are banned
|rule|Evasion Items Clause: Evasion items are banned
|rule|Evasion Moves Clause: Evasion moves are banned
|rule|Evasion Abilities Clause: Evasion abilities are banned
|rule|Sleep Moves Clause: Sleep-inducing moves are banned
|clearpoke
|poke|p1|Rillaboom, F|
|poke|p1|Gholdengo|
|poke|p1|Zamazenta-*|
|poke|p1|Landorus-Therian, M|
|poke|p1|Darkrai|
|poke|p1|Primarina, F|
|poke|p2|Gliscor, M|
|poke|p2|Blissey, F|
|poke|p2|Clodsire, F|
|poke|p2|Clefable, M|
|poke|p2|Pecharunt|
|poke|p2|Skarmory, M|
|teampreview
|c|☆Corvikafka| hf
|c|☆pinecoishot|hf
|inactive|Corvikafka has 270 seconds left.
|inactive|pinecoishot has 270 seconds left.
|
|t:|1760853888
|teamsize|p1|6
|teamsize|p2|6
|start
|switch|p1a: Landorus|Landorus-Therian, M|100/100
|switch|p2a: Clefable|Clefable, M|100/100
|-ability|p1a: Landorus|Intimidate|boost
|-unboost|p2a: Clefable|atk|1
|turn|1
|
|t:|1760853896
|switch|p2a: Gliscor|Gliscor, M|100/100
|move|p1a: Landorus|Taunt|p2a: Gliscor
|-start|p2a: Gliscor|move: Taunt
|
|-status|p2a: Gliscor|tox|[from] item: Toxic Orb
|upkeep
|turn|2
|
|t:|1760853900
|move|p1a: Landorus|Stealth Rock|p2a: Gliscor
|-sidestart|p2: pinecoishot|move: Stealth Rock
|move|p2a: Gliscor|Knock Off|p1a: Landorus
|-damage|p1a: Landorus|78/100
|-damage|p2a: Gliscor|84/100 tox|[from] item: Rocky Helmet|[of] p1a: Landorus
|-enditem|p1a: Landorus|Rocky Helmet|[from] move: Knock Off|[of] p2a: Gliscor
|
|-heal|p2a: Gliscor|97/100 tox|[from] ability: Poison Heal
|upkeep
|turn|3
|
|t:|1760853914
|move|p1a: Landorus|U-turn|p2a: Gliscor
|-resisted|p2a: Gliscor
|-damage|p2a: Gliscor|89/100 tox
|
|t:|1760853925
|switch|p1a: Primarina|Primarina, F|100/100|[from] U-turn
|move|p2a: Gliscor|Knock Off|p1a: Primarina
|-resisted|p1a: Primarina
|-damage|p1a: Primarina|87/100
|-enditem|p1a: Primarina|Assault Vest|[from] move: Knock Off|[of] p2a: Gliscor
|
|-heal|p2a: Gliscor|100/100 tox|[from] ability: Poison Heal
|-end|p2a: Gliscor|move: Taunt
|upkeep
|turn|4
|
|t:|1760853932
|switch|p2a: Blissey|Blissey, F|100/100
|move|p1a: Primarina|Psychic Noise|p2a: Blissey
|-damage|p2a: Blissey|89/100
|-start|p2a: Blissey|move: Heal Block
|
|upkeep
|turn|5
|
|t:|1760853954
|move|p1a: Primarina|Flip Turn|p2a: Blissey
|-damage|p2a: Blissey|75/100
|
|t:|1760853969
|switch|p1a: Zamazenta|Zamazenta|100/100|[from] Flip Turn
|-ability|p1a: Zamazenta|Dauntless Shield|boost
|-boost|p1a: Zamazenta|def|1
|move|p2a: Blissey|Ice Beam|p1a: Zamazenta
|-damage|p1a: Zamazenta|84/100
|
|-end|p2a: Blissey|move: Heal Block
|upkeep
|turn|6
|
|t:|1760853977
|switch|p2a: Clefable|Clefable, M|100/100
|move|p1a: Zamazenta|Crunch|p2a: Clefable
|-resisted|p2a: Clefable
|-damage|p2a: Clefable|87/100
|-unboost|p2a: Clefable|def|1
|-damage|p1a: Zamazenta|74/100|[from] item: Life Orb
|
|-heal|p2a: Clefable|93/100|[from] item: Leftovers
|upkeep
|turn|7
|
|t:|1760853983
|switch|p2a: Pecharunt|Pecharunt|100/100
|move|p1a: Zamazenta|Heavy Slam|p2a: Pecharunt
|-damage|p2a: Pecharunt|72/100
|-damage|p1a: Zamazenta|64/100|[from] item: Life Orb
|
|upkeep
|turn|8
|
|t:|1760853988
|move|p1a: Zamazenta|Crunch|p2a: Pecharunt
|-supereffective|p2a: Pecharunt
|-damage|p2a: Pecharunt|39/100
|-unboost|p2a: Pecharunt|def|1
|-damage|p1a: Zamazenta|55/100|[from] item: Life Orb
|move|p2a: Pecharunt|Recover|p2a: Pecharunt
|-heal|p2a: Pecharunt|89/100
|
|upkeep
|turn|9
|
|t:|1760853999
|move|p1a: Zamazenta|Close Combat|p2a: Pecharunt
|-immune|p2a: Pecharunt
|move|p2a: Pecharunt|Malignant Chain|p1a: Zamazenta
|-damage|p1a: Zamazenta|26/100
|-status|p1a: Zamazenta|tox
|-start|p1a: Zamazenta|confusion|[from] ability: Poison Puppeteer|[of] p2a: Pecharunt
|
|-damage|p1a: Zamazenta|20/100 tox|[from] psn
|upkeep
|turn|10
|
|t:|1760854002
|switch|p2a: Gliscor|Gliscor, M|100/100 tox
|-damage|p2a: Gliscor|88/100 tox|[from] Stealth Rock
|-activate|p1a: Zamazenta|confusion
|move|p1a: Zamazenta|Crunch|p2a: Gliscor
|-damage|p2a: Gliscor|56/100 tox
|-unboost|p2a: Gliscor|def|1
|-damage|p1a: Zamazenta|10/100 tox|[from] item: Life Orb
|
|-damage|p1a: Zamazenta|0 fnt|[from] psn
|faint|p1a: Zamazenta
|-heal|p2a: Gliscor|68/100 tox|[from] ability: Poison Heal
|upkeep
|
|t:|1760854023
|switch|p1a: Rillaboom|Rillaboom, F|100/100
|-fieldstart|move: Grassy Terrain|[from] ability: Grassy Surge|[of] p1a: Rillaboom
|turn|11
|
|t:|1760854027
|switch|p2a: Skarmory|Skarmory, M|100/100
|-damage|p2a: Skarmory|88/100|[from] Stealth Rock
|move|p1a: Rillaboom|Swords Dance|p1a: Rillaboom
|-boost|p1a: Rillaboom|atk|2
|
|upkeep
|turn|12
|
|t:|1760854032
|-terastallize|p1a: Rillaboom|Electric
|move|p1a: Rillaboom|Tera Blast|p2a: Skarmory|[anim] Tera Blast Electric
|-supereffective|p2a: Skarmory
|-damage|p2a: Skarmory|0 fnt
|faint|p2a: Skarmory
|-damage|p1a: Rillaboom|91/100|[from] item: Life Orb
|
|-heal|p1a: Rillaboom|97/100|[from] Grassy Terrain
|upkeep
|
|t:|1760854040
|switch|p2a: Pecharunt|Pecharunt|89/100
|turn|13
|
|t:|1760854045
|-terastallize|p2a: Pecharunt|Dark
|move|p1a: Rillaboom|High Horsepower|p2a: Pecharunt
|-damage|p2a: Pecharunt|46/100
|-damage|p1a: Rillaboom|87/100|[from] item: Life Orb
|move|p2a: Pecharunt|Foul Play|p1a: Rillaboom
|-damage|p1a: Rillaboom|0 fnt
|faint|p1a: Rillaboom
|
|-heal|p2a: Pecharunt|52/100|[from] Grassy Terrain
|upkeep
|inactive|Corvikafka has 270 seconds left.
|inactive|Corvikafka has 240 seconds left.
|
|t:|1760854122
|switch|p1a: Gholdengo|Gholdengo|100/100
|-enditem|p1a: Gholdengo|Grassy Seed
|-boost|p1a: Gholdengo|def|1|[from] item: Grassy Seed
|turn|14
|
|t:|1760854138
|switch|p2a: Clodsire|Clodsire, F|100/100
|move|p1a: Gholdengo|Focus Blast|p2a: Clodsire
|-resisted|p2a: Clodsire
|-damage|p2a: Clodsire|91/100
|
|-heal|p2a: Clodsire|97/100|[from] Grassy Terrain
|upkeep
|turn|15
|
|t:|1760854144
|switch|p1a: Primarina|Primarina, F|87/100
|move|p2a: Clodsire|Stealth Rock|p1a: Primarina
|-sidestart|p1: Corvikafka|move: Stealth Rock
|
|-heal|p1a: Primarina|93/100|[from] Grassy Terrain
|-heal|p2a: Clodsire|100/100|[from] Grassy Terrain
|-fieldend|move: Grassy Terrain
|upkeep
|turn|16
|
|t:|1760854152
|switch|p2a: Pecharunt|Pecharunt, tera:Dark|52/100
|move|p1a: Primarina|Whirlpool|p2a: Pecharunt
|-damage|p2a: Pecharunt|33/100
|-activate|p2a: Pecharunt|move: Whirlpool|[of] p1a: Primarina
|
|-damage|p2a: Pecharunt|20/100|[from] move: Whirlpool|[partiallytrapped]
|upkeep
|turn|17
|
|t:|1760854166
|switch|p1a: Landorus|Landorus-Therian, M|78/100
|-damage|p1a: Landorus|66/100|[from] Stealth Rock
|-ability|p1a: Landorus|Intimidate|boost
|-unboost|p2a: Pecharunt|atk|1
|move|p2a: Pecharunt|Malignant Chain|p1a: Landorus
|-resisted|p1a: Landorus
|-damage|p1a: Landorus|49/100
|-status|p1a: Landorus|tox
|-start|p1a: Landorus|confusion|[from] ability: Poison Puppeteer|[of] p2a: Pecharunt
|
|-damage|p1a: Landorus|43/100 tox|[from] psn
|-end|p2a: Pecharunt|Whirlpool|[partiallytrapped]|[silent]
|upkeep
|turn|18
|
|t:|1760854172
|switch|p2a: Clefable|Clefable, M|93/100
|-activate|p1a: Landorus|confusion
|-damage|p1a: Landorus|32/100 tox|[from] confusion
|
|-heal|p2a: Clefable|99/100|[from] item: Leftovers
|-damage|p1a: Landorus|20/100 tox|[from] psn
|upkeep
|turn|19
|
|t:|1760854176
|-activate|p1a: Landorus|confusion
|-damage|p1a: Landorus|8/100 tox|[from] confusion
|move|p2a: Clefable|Calm Mind|p2a: Clefable
|-boost|p2a: Clefable|spa|1
|-boost|p2a: Clefable|spd|1
|
|-heal|p2a: Clefable|100/100|[from] item: Leftovers
|-damage|p1a: Landorus|0 fnt|[from] psn
|faint|p1a: Landorus
|upkeep
|
|t:|1760854180
|switch|p1a: Gholdengo|Gholdengo|100/100
|-damage|p1a: Gholdengo|94/100|[from] Stealth Rock
|turn|20
|inactive|Corvikafka has 270 seconds left.
|
|t:|1760854200
|switch|p2a: Clodsire|Clodsire, F|100/100
|move|p1a: Gholdengo|Nasty Plot|p1a: Gholdengo
|-boost|p1a: Gholdengo|spa|2
|
|upkeep
|turn|21
|inactive|Corvikafka has 270 seconds left.
|
|t:|1760854205
|move|p1a: Gholdengo|Shadow Ball|p2a: Clodsire
|-damage|p2a: Clodsire|81/100
|-unboost|p2a: Clodsire|spd|1
|move|p2a: Clodsire|Earthquake|p1a: Gholdengo
|-supereffective|p1a: Gholdengo
|-damage|p1a: Gholdengo|47/100
|
|upkeep
|turn|22
|
|t:|1760854211
|switch|p1a: Primarina|Primarina, F|93/100
|-damage|p1a: Primarina|81/100|[from] Stealth Rock
|move|p2a: Clodsire|Earthquake|p1a: Primarina
|-damage|p1a: Primarina|51/100
|
|upkeep
|turn|23
|
|t:|1760854218
|switch|p2a: Pecharunt|Pecharunt, tera:Dark|20/100
|move|p1a: Primarina|Psychic Noise|p2a: Pecharunt
|-damage|p2a: Pecharunt|0 fnt
|faint|p2a: Pecharunt
|
|upkeep
|
|t:|1760854225
|switch|p2a: Clefable|Clefable, M|100/100
|turn|24
|c|+Shadow0709|whats this for kafka?
|
|t:|1760854230
|move|p1a: Primarina|Moonblast|p2a: Clefable
|-damage|p2a: Clefable|57/100
|-unboost|p2a: Clefable|spa|1
|move|p2a: Clefable|Thunder Wave|p1a: Primarina|[miss]
|-miss|p2a: Clefable|p1a: Primarina
|
|-heal|p2a: Clefable|63/100|[from] item: Leftovers
|upkeep
|turn|25
|
|t:|1760854236
|move|p1a: Primarina|Psychic Noise|p2a: Clefable
|-damage|p2a: Clefable|26/100
|-start|p2a: Clefable|move: Heal Block
|move|p2a: Clefable|Thunder Wave|p1a: Primarina
|-status|p1a: Primarina|par
|
|upkeep
|turn|26
|
|t:|1760854241
|move|p2a: Clefable|Moonblast|p1a: Primarina
|-damage|p1a: Primarina|34/100 par
|move|p1a: Primarina|Psychic Noise|p2a: Clefable
|-damage|p2a: Clefable|0 fnt
|faint|p2a: Clefable
|
|upkeep
|
|t:|1760854244
|switch|p2a: Gliscor|Gliscor, M|68/100 tox
|-damage|p2a: Gliscor|56/100 tox|[from] Stealth Rock
|turn|27
|c|☆Corvikafka|EPL
|c|+Shadow0709|neat
|inactive|Corvikafka has 270 seconds left.
|
|t:|1760854276
|switch|p1a: Gholdengo|Gholdengo|47/100
|-damage|p1a: Gholdengo|41/100|[from] Stealth Rock
|move|p2a: Gliscor|Facade|p1a: Gholdengo
|-immune|p1a: Gholdengo
|
|-heal|p2a: Gliscor|68/100 tox|[from] ability: Poison Heal
|upkeep
|turn|28
|inactive|Corvikafka has 270 seconds left.
|
|t:|1760854305
|move|p2a: Gliscor|Knock Off|p1a: Gholdengo
|-supereffective|p1a: Gholdengo
|-damage|p1a: Gholdengo|12/100
|move|p1a: Gholdengo|Recover|p1a: Gholdengo
|-heal|p1a: Gholdengo|63/100
|
|-heal|p2a: Gliscor|81/100 tox|[from] ability: Poison Heal
|upkeep
|turn|29
|inactive|Corvikafka has 270 seconds left.
|
|t:|1760854313
|switch|p2a: Clodsire|Clodsire, F|81/100
|move|p1a: Gholdengo|Nasty Plot|p1a: Gholdengo
|-boost|p1a: Gholdengo|spa|2
|
|upkeep
|turn|30
|
|t:|1760854318
|move|p1a: Gholdengo|Shadow Ball|p2a: Clodsire
|-damage|p2a: Clodsire|64/100
|move|p2a: Clodsire|Earthquake|p1a: Gholdengo
|-supereffective|p1a: Gholdengo
|-damage|p1a: Gholdengo|11/100
|
|upkeep
|turn|31
|
|t:|1760854323
|move|p1a: Gholdengo|Shadow Ball|p2a: Clodsire
|-damage|p2a: Clodsire|45/100
|-unboost|p2a: Clodsire|spd|1
|move|p2a: Clodsire|Recover|p2a: Clodsire
|-heal|p2a: Clodsire|95/100
|
|upkeep
|turn|32
|
|t:|1760854326
|switch|p2a: Blissey|Blissey, F|75/100
|move|p1a: Gholdengo|Recover|p1a: Gholdengo
|-heal|p1a: Gholdengo|61/100
|
|upkeep
|turn|33
|
|t:|1760854342
|switch|p2a: Clodsire|Clodsire, F|95/100
|move|p1a: Gholdengo|Nasty Plot|p1a: Gholdengo
|-boost|p1a: Gholdengo|spa|2
|
|upkeep
|turn|34
|
|t:|1760854344
|move|p1a: Gholdengo|Shadow Ball|p2a: Clodsire
|-damage|p2a: Clodsire|78/100
|-unboost|p2a: Clodsire|spd|1
|move|p2a: Clodsire|Earthquake|p1a: Gholdengo
|-supereffective|p1a: Gholdengo
|-damage|p1a: Gholdengo|13/100
|
|upkeep
|turn|35
|
|t:|1760854353
|move|p1a: Gholdengo|Recover|p1a: Gholdengo
|-heal|p1a: Gholdengo|63/100
|move|p2a: Clodsire|Earthquake|p1a: Gholdengo
|-supereffective|p1a: Gholdengo
|-damage|p1a: Gholdengo|9/100
|
|upkeep
|turn|36
|
|t:|1760854360
|move|p1a: Gholdengo|Shadow Ball|p2a: Clodsire
|-damage|p2a: Clodsire|51/100
|move|p2a: Clodsire|Earthquake|p1a: Gholdengo
|-supereffective|p1a: Gholdengo
|-damage|p1a: Gholdengo|0 fnt
|faint|p1a: Gholdengo
|
|upkeep
|
|t:|1760854362
|switch|p1a: Darkrai|Darkrai|100/100
|turn|37
|
|t:|1760854367
|move|p1a: Darkrai|Ice Beam|p2a: Clodsire
|-supereffective|p2a: Clodsire
|-damage|p2a: Clodsire|4/100
|move|p2a: Clodsire|Toxic|p1a: Darkrai
|-status|p1a: Darkrai|tox
|
|-damage|p1a: Darkrai|94/100 tox|[from] psn
|upkeep
|turn|38
|
|t:|1760854370
|move|p1a: Darkrai|Ice Beam|p2a: Clodsire
|-supereffective|p2a: Clodsire
|-damage|p2a: Clodsire|0 fnt
|faint|p2a: Clodsire
|
|-damage|p1a: Darkrai|82/100 tox|[from] psn
|upkeep
|
|t:|1760854374
|switch|p2a: Blissey|Blissey, F|75/100
|turn|39
|
|t:|1760854378
|move|p1a: Darkrai|Nasty Plot|p1a: Darkrai
|-boost|p1a: Darkrai|spa|2
|move|p2a: Blissey|Seismic Toss|p1a: Darkrai
|-damage|p1a: Darkrai|47/100 tox
|
|-damage|p1a: Darkrai|29/100 tox|[from] psn
|upkeep
|turn|40
|
|t:|1760854381
|move|p1a: Darkrai|Dark Pulse|p2a: Blissey
|-damage|p2a: Blissey|51/100
|move|p2a: Blissey|Seismic Toss|p1a: Darkrai
|-damage|p1a: Darkrai|0 fnt
|faint|p1a: Darkrai
|
|upkeep
|
|t:|1760854384
|switch|p1a: Primarina|Primarina, F|34/100 par
|-damage|p1a: Primarina|22/100 par|[from] Stealth Rock
|turn|41
|
|t:|1760854387
|move|p2a: Blissey|Seismic Toss|p1a: Primarina
|-damage|p1a: Primarina|0 fnt
|faint|p1a: Primarina
|
|win|pinecoishot
|c|☆pinecoishot|gg
|c|☆Corvikafka|gg
|player|p2|
|player|p1|
|player|p1|Corvikafka|acetrainerf-gen4dp|
|player|p1|
|player|p1|Corvikafka|acetrainerf-gen4dp|
