|j|‽Lucid Coffee
|j|☆poketrep
|t:|1760813532
|gametype|singles
|player|p1|Lucid Coffee|blue|1615
|player|p2|poketrep|swimmerf|1584
|gen|9
|tier|[Gen 9] OU
|rated|
|rule|HP Percentage Mod: HP is shown in percentages
|rule|Endless Battle Clause: Forcing endless battles is banned
|rule|Species Clause: Limit one of each Pokémon
|rule|OHKO Clause: OHKO moves are banned
|rule|Evasion Items Clause: Evasion items are banned
|rule|Evasion Moves Clause: Evasion moves are banned
|rule|Evasion Abilities Clause: Evasion abilities are banned
|rule|Sleep Moves Clause: Sleep-inducing moves are banned
|clearpoke
|poke|p1|Kyurem|
|poke|p1|Landorus-Therian, M|
|poke|p1|Kingambit, M|
|poke|p1|Zamazenta-*|
|poke|p1|Great Tusk|
|poke|p1|Zapdos|
|poke|p2|Heatran, M|
|poke|p2|Mandibuzz, F|
|poke|p2|Iron Moth|
|poke|p2|Latios, M|
|poke|p2|Conkeldurr, M|
|poke|p2|Garchomp, F|
|teampreview
|
|t:|1760813553
|teamsize|p1|6
|teamsize|p2|6
|start
|switch|p1a: Kyurem|Kyurem|100/100
|switch|p2a: Cronk|Conkeldurr, M|100/100
|-ability|p1a: Kyurem|Pressure
|turn|1
|
|t:|1760813558
|switch|p1a: Zapdos|Zapdos|100/100
|move|p2a: Cronk|Knock Off|p1a: Zapdos
|-crit|p1a: Zapdos
|-damage|p1a: Zapdos|25/100
|-enditem|p1a: Zapdos|Assault Vest|[from] move: Knock Off|[of] p2a: Cronk
|
|upkeep
|turn|2
|
|t:|1760813568
|switch|p2a: Turd|Heatran, M|100/100
|move|p1a: Zapdos|Hurricane|p2a: Turd
|-resisted|p2a: Turd
|-damage|p2a: Turd|84/100
|
|-heal|p2a: Turd|90/100|[from] item: Leftovers
|upkeep
|turn|3
|
|t:|1760813573
|move|p1a: Zapdos|Volt Switch|p2a: Turd
|-damage|p2a: Turd|68/100
|
|t:|1760813581
|switch|p1a: Great Tusk|Great Tusk|100/100|[from] Volt Switch
|move|p2a: Turd|Magma Storm|p1a: Great Tusk
|-damage|p1a: Great Tusk|40/100
|-activate|p1a: Great Tusk|move: Magma Storm|[of] p2a: Turd
|
|-heal|p2a: Turd|74/100|[from] item: Leftovers
|-damage|p1a: Great Tusk|27/100|[from] move: Magma Storm|[partiallytrapped]
|upkeep
|turn|4
|
|t:|1760813589
|switch|p2a: Mandby|Mandibuzz, F|100/100
|move|p1a: Great Tusk|Knock Off|p2a: Mandby
|-resisted|p2a: Mandby
|-damage|p2a: Mandby|92/100
|-enditem|p2a: Mandby|Heavy-Duty Boots|[from] move: Knock Off|[of] p1a: Great Tusk
|
|-end|p1a: Great Tusk|Magma Storm|[partiallytrapped]|[silent]
|upkeep
|turn|5
|
|t:|1760813594
|-end|p1a: Great Tusk|Protosynthesis|[silent]
|switch|p1a: Landorus|Landorus-Therian, M|100/100
|-ability|p1a: Landorus|Intimidate|boost
|-unboost|p2a: Mandby|atk|1
|move|p2a: Mandby|U-turn|p1a: Landorus
|-resisted|p1a: Landorus
|-damage|p1a: Landorus|97/100
|-damage|p2a: Mandby|75/100|[from] item: Rocky Helmet|[of] p1a: Landorus
|
|t:|1760813596
|switch|p2a: Brrrrrrrr|Latios, M|100/100|[from] U-turn
|
|upkeep
|turn|6
|
|t:|1760813607
|switch|p1a: Zapdos|Zapdos|25/100
|move|p2a: Brrrrrrrr|Draco Meteor|p1a: Zapdos
|-damage|p1a: Zapdos|0 fnt
|-unboost|p2a: Brrrrrrrr|spa|2
|faint|p1a: Zapdos
|
|upkeep
|
|t:|1760813617
|switch|p1a: Landorus|Landorus-Therian, M|97/100
|-ability|p1a: Landorus|Intimidate|boost
|-unboost|p2a: Brrrrrrrr|atk|1
|turn|7
|
|t:|1760813634
|switch|p2a: Mandby|Mandibuzz, F|75/100
|move|p1a: Landorus|Stealth Rock|p2a: Mandby
|-sidestart|p2: poketrep|move: Stealth Rock
|
|upkeep
|turn|8
|
|t:|1760813644
|move|p1a: Landorus|Taunt|p2a: Mandby
|-start|p2a: Mandby|move: Taunt
|move|p2a: Mandby|Foul Play|p1a: Landorus
|-damage|p1a: Landorus|59/100
|-damage|p2a: Mandby|59/100|[from] item: Rocky Helmet|[of] p1a: Landorus
|
|upkeep
|turn|9
|
|t:|1760813652
|move|p1a: Landorus|U-turn|p2a: Mandby
|-damage|p2a: Mandby|48/100
|
|t:|1760813657
|switch|p1a: Kyurem|Kyurem|100/100|[from] U-turn
|-ability|p1a: Kyurem|Pressure
|move|p2a: Mandby|U-turn|p1a: Kyurem
|-damage|p1a: Kyurem|90/100
|
|t:|1760813662
|switch|p2a: Brrrrrrrr|Latios, M|100/100|[from] U-turn
|-damage|p2a: Brrrrrrrr|88/100|[from] Stealth Rock
|
|upkeep
|turn|10
|
|t:|1760813673
|switch|p1a: Kingambit|Kingambit, M|100/100
|-activate|p1a: Kingambit|ability: Supreme Overlord
|-start|p1a: Kingambit|fallen1|[silent]
|move|p2a: Brrrrrrrr|Draco Meteor|p1a: Kingambit
|-resisted|p1a: Kingambit
|-damage|p1a: Kingambit|55/100
|-unboost|p2a: Brrrrrrrr|spa|2
|
|-heal|p1a: Kingambit|61/100|[from] item: Leftovers
|upkeep
|turn|11
|
|t:|1760813685
|switch|p2a: Spike|Garchomp, F|100/100
|-damage|p2a: Spike|94/100|[from] Stealth Rock
|-end|p1a: Kingambit|fallen1|[silent]
|switch|p1a: Kyurem|Kyurem|90/100
|-ability|p1a: Kyurem|Pressure
|
|upkeep
|turn|12
|
|t:|1760813689
|switch|p2a: Mandby|Mandibuzz, F|48/100
|-damage|p2a: Mandby|23/100|[from] Stealth Rock
|move|p1a: Kyurem|Ice Beam|p2a: Mandby
|-supereffective|p2a: Mandby
|-damage|p2a: Mandby|0 fnt
|faint|p2a: Mandby
|
|upkeep
|
|t:|1760813692
|switch|p2a: Brrrrrrrr|Latios, M|88/100
|-damage|p2a: Brrrrrrrr|76/100|[from] Stealth Rock
|turn|13
|
|t:|1760813700
|-terastallize|p1a: Kyurem|Fairy
|move|p2a: Brrrrrrrr|Draco Meteor|p1a: Kyurem
|-immune|p1a: Kyurem
|move|p1a: Kyurem|Ice Beam|p2a: Brrrrrrrr
|-supereffective|p2a: Brrrrrrrr
|-damage|p2a: Brrrrrrrr|0 fnt
|faint|p2a: Brrrrrrrr
|
|upkeep
|
|t:|1760813705
|switch|p2a: Turd|Heatran, M|74/100
|-damage|p2a: Turd|62/100|[from] Stealth Rock
|turn|14
|
|t:|1760813709
|move|p1a: Kyurem|Earth Power|p2a: Turd
|-supereffective|p2a: Turd
|-damage|p2a: Turd|0 fnt
|faint|p2a: Turd
|
|upkeep
|
|t:|1760813719
|switch|p2a: Cronk|Conkeldurr, M|100/100
|-damage|p2a: Cronk|94/100|[from] Stealth Rock
|turn|15
|
|t:|1760813726
|switch|p1a: Great Tusk|Great Tusk|27/100
|move|p2a: Cronk|Ice Punch|p1a: Great Tusk
|-supereffective|p1a: Great Tusk
|-damage|p1a: Great Tusk|0 fnt
|faint|p1a: Great Tusk
|-end|p1a: Great Tusk|Protosynthesis|[silent]
|
|upkeep
|
|t:|1760813738
|switch|p1a: Landorus|Landorus-Therian, M|59/100
|-ability|p1a: Landorus|Intimidate|boost
|-unboost|p2a: Cronk|atk|1
|turn|16
|
|t:|1760813743
|move|p1a: Landorus|Earth Power|p2a: Cronk
|-damage|p2a: Cronk|67/100
|move|p2a: Cronk|Ice Punch|p1a: Landorus
|-supereffective|p1a: Landorus
|-damage|p1a: Landorus|0 fnt
|-damage|p2a: Cronk|51/100|[from] item: Rocky Helmet|[of] p1a: Landorus
|faint|p1a: Landorus
|
|upkeep
|
|t:|1760813758
|switch|p1a: Zamazenta|Zamazenta|100/100
|-ability|p1a: Zamazenta|Dauntless Shield|boost
|-boost|p1a: Zamazenta|def|1
|turn|17
|
|t:|1760813762
|switch|p2a: Spike|Garchomp, F|94/100
|-damage|p2a: Spike|88/100|[from] Stealth Rock
|move|p1a: Zamazenta|Close Combat|p2a: Spike
|-damage|p2a: Spike|40/100
|-unboost|p1a: Zamazenta|def|1
|-unboost|p1a: Zamazenta|spd|1
|-damage|p1a: Zamazenta|88/100|[from] ability: Rough Skin|[of] p2a: Spike
|-damage|p1a: Zamazenta|72/100|[from] item: Rocky Helmet|[of] p2a: Spike
|-damage|p1a: Zamazenta|62/100|[from] item: Life Orb
|
|upkeep
|turn|18
|
|t:|1760813767
|move|p2a: Spike|Endure|p2a: Spike
|-singleturn|p2a: Spike|move: Endure
|move|p1a: Zamazenta|Close Combat|p2a: Spike
|-activate|p2a: Spike|move: Endure
|-damage|p2a: Spike|1/100
|-unboost|p1a: Zamazenta|def|1
|-unboost|p1a: Zamazenta|spd|1
|-damage|p1a: Zamazenta|49/100|[from] ability: Rough Skin|[of] p2a: Spike
|-damage|p1a: Zamazenta|33/100|[from] item: Rocky Helmet|[of] p2a: Spike
|-damage|p1a: Zamazenta|23/100|[from] item: Life Orb
|
|upkeep
|turn|19
|
|t:|1760813779
|move|p1a: Zamazenta|Stone Edge|p2a: Spike
|-resisted|p2a: Spike
|-damage|p2a: Spike|0 fnt
|faint|p2a: Spike
|-damage|p1a: Zamazenta|13/100|[from] item: Life Orb
|
|upkeep
|
|t:|1760813789
|switch|p2a: DAYBREAK|Iron Moth|100/100
|-damage|p2a: DAYBREAK|76/100|[from] Stealth Rock
|turn|20
|
|t:|1760813795
|move|p2a: DAYBREAK|Fiery Dance|p1a: Zamazenta
|-damage|p1a: Zamazenta|0 fnt
|-boost|p2a: DAYBREAK|spa|1
|faint|p1a: Zamazenta
|
|upkeep
|
|t:|1760813800
|switch|p1a: Kyurem|Kyurem, tera:Fairy|90/100
|-ability|p1a: Kyurem|Pressure
|turn|21
|
|t:|1760813805
|-terastallize|p2a: DAYBREAK|Fairy
|move|p2a: DAYBREAK|Fiery Dance|p1a: Kyurem
|-damage|p1a: Kyurem|52/100
|move|p1a: Kyurem|Earth Power|p2a: DAYBREAK
|-damage|p2a: DAYBREAK|41/100
|
|upkeep
|turn|22
|
|t:|1760813812
|move|p2a: DAYBREAK|Fiery Dance|p1a: Kyurem
|-damage|p1a: Kyurem|16/100
|-boost|p2a: DAYBREAK|spa|1
|move|p1a: Kyurem|Ice Beam|p2a: DAYBREAK
|-damage|p2a: DAYBREAK|0 fnt
|faint|p2a: DAYBREAK
|-end|p2a: DAYBREAK|Quark Drive|[silent]
|
|upkeep
|
|t:|1760813816
|switch|p2a: Cronk|Conkeldurr, M|51/100
|-damage|p2a: Cronk|45/100|[from] Stealth Rock
|turn|23
|
|t:|1760813819
|move|p1a: Kyurem|Ice Beam|p2a: Cronk
|-damage|p2a: Cronk|8/100
|move|p2a: Cronk|Drain Punch|p1a: Kyurem
|-resisted|p1a: Kyurem
|-damage|p1a: Kyurem|0 fnt
|-heal|p2a: Cronk|16/100|[from] drain|[of] p1a: Kyurem
|faint|p1a: Kyurem
|
|upkeep
|
|t:|1760813822
|switch|p1a: Kingambit|Kingambit, M|61/100
|-activate|p1a: Kingambit|ability: Supreme Overlord
|-start|p1a: Kingambit|fallen5|[silent]
|turn|24
|
|t:|1760813827
|move|p1a: Kingambit|Sucker Punch|p2a: Cronk
|-resisted|p2a: Cronk
|-damage|p2a: Cronk|0 fnt
|faint|p2a: Cronk
|
|win|Lucid Coffee
|raw|Lucid Coffee's rating: 1615 &rarr; <strong>1633</strong><br />(+18 for winning)
|raw|poketrep's rating: 1584 &rarr; <strong>1566</strong><br />(-18 for losing)
|l|☆poketrep
|player|p2|
|l|‽Lucid Coffee
|player|p1|
