|j|☆potatofordinner
|j|☆ProboZap
|t:|1760762560
|gametype|singles
|player|p1|potatofordinner|blue|1204
|player|p2|ProboZap|thorton|1245
|gen|9
|tier|[Gen 9] OU
|rated|
|rule|HP Percentage Mod: HP is shown in percentages
|rule|Endless Battle Clause: Forcing endless battles is banned
|rule|Species Clause: Limit one of each Pokémon
|rule|OHKO Clause: OHKO moves are banned
|rule|Evasion Items Clause: Evasion items are banned
|rule|Evasion Moves Clause: Evasion moves are banned
|rule|Evasion Abilities Clause: Evasion abilities are banned
|rule|Sleep Moves Clause: Sleep-inducing moves are banned
|clearpoke
|poke|p1|Iron Valiant|
|poke|p1|Ogerpon-Wellspring, F|
|poke|p1|Gholdengo|
|poke|p1|Weezing-Galar, M|
|poke|p1|Garganacl, F|
|poke|p1|Kingambit, M|
|poke|p2|Magnezone|
|poke|p2|Hydreigon, F|
|poke|p2|Ditto|
|poke|p2|Landorus-Therian, M|
|poke|p2|Necrozma|
|poke|p2|Emboar, F|
|teampreview
|
|t:|1760762570
|teamsize|p1|6
|teamsize|p2|6
|start
|switch|p1a: Ogerpon|Ogerpon-Wellspring, F|100/100
|switch|p2a: Necrozma|Necrozma|100/100
|turn|1
|
|t:|1760762576
|move|p1a: Ogerpon|Ivy Cudgel|p2a: Necrozma|[anim] Ivy Cudgel Water
|-damage|p2a: Necrozma|52/100
|move|p2a: Necrozma|Trick Room|p2a: Necrozma
|-fieldstart|move: Trick Room|[of] p2a: Necrozma
|
|upkeep
|turn|2
|
|t:|1760762583
|switch|p1a: Kingambit|Kingambit, M, shiny|100/100
|move|p2a: Necrozma|Photon Geyser|p1a: Kingambit
|-immune|p1a: Kingambit
|
|upkeep
|turn|3
|
|t:|1760762591
|move|p1a: Kingambit|Sucker Punch|p2a: Necrozma
|-supereffective|p2a: Necrozma
|-damage|p2a: Necrozma|0 fnt
|faint|p2a: Necrozma
|
|upkeep
|
|t:|1760762593
|switch|p2a: Emboar|Emboar, F|100/100
|turn|4
|
|t:|1760762599
|-end|p1a: Kingambit|fallenundefined|[silent]
|switch|p1a: Garganacl|Garganacl, F|100/100
|move|p2a: Emboar|Flare Blitz|p1a: Garganacl
|-resisted|p1a: Garganacl
|-damage|p1a: Garganacl|75/100
|-damage|p2a: Emboar|93/100|[from] Recoil
|
|-heal|p1a: Garganacl|82/100|[from] item: Leftovers
|upkeep
|turn|5
|
|t:|1760762610
|move|p1a: Garganacl|Stealth Rock|p2a: Emboar
|-sidestart|p2: ProboZap|move: Stealth Rock
|move|p2a: Emboar|Knock Off|p1a: Garganacl
|-damage|p1a: Garganacl|60/100
|-enditem|p1a: Garganacl|Leftovers|[from] move: Knock Off|[of] p2a: Emboar
|
|-fieldend|move: Trick Room
|upkeep
|turn|6
|
|t:|1760762619
|switch|p2a: De Blob|Ditto|100/100
|-damage|p2a: De Blob|88/100|[from] Stealth Rock
|-transform|p2a: De Blob|p1a: Garganacl|[from] ability: Imposter
|move|p1a: Garganacl|Salt Cure|p2a: De Blob
|-damage|p2a: De Blob|76/100
|-start|p2a: De Blob|Salt Cure
|
|-damage|p2a: De Blob|63/100|[from] Salt Cure
|upkeep
|turn|7
|
|t:|1760762635
|switch|p1a: Ogerpon|Ogerpon-Wellspring, F|100/100
|move|p2a: De Blob|Salt Cure|p1a: Ogerpon
|-damage|p1a: Ogerpon|82/100
|-start|p1a: Ogerpon|Salt Cure
|
|-damage|p1a: Ogerpon|57/100|[from] Salt Cure
|-damage|p2a: De Blob|51/100|[from] Salt Cure
|upkeep
|turn|8
|
|t:|1760762652
|switch|p2a: Hydreigon|Hydreigon, F|100/100
|-damage|p2a: Hydreigon|88/100|[from] Stealth Rock
|move|p1a: Ogerpon|Taunt|p2a: Hydreigon
|-start|p2a: Hydreigon|move: Taunt
|
|-damage|p1a: Ogerpon|32/100|[from] Salt Cure
|upkeep
|turn|9
|
|t:|1760762662
|switch|p1a: Weezing|Weezing-Galar, M|100/100
|-ability|p1a: Weezing|Neutralizing Gas
|move|p2a: Hydreigon|U-turn|p1a: Weezing
|-resisted|p1a: Weezing
|-damage|p1a: Weezing|98/100
|
|t:|1760762667
|switch|p2a: Emboar|Emboar, F|93/100|[from] U-turn
|-damage|p2a: Emboar|80/100|[from] Stealth Rock
|
|upkeep
|turn|10
|
|t:|1760762678
|move|p2a: Emboar|Knock Off|p1a: Weezing
|-resisted|p1a: Weezing
|-damage|p1a: Weezing|87/100
|-enditem|p1a: Weezing|Heavy-Duty Boots|[from] move: Knock Off|[of] p2a: Emboar
|move|p1a: Weezing|Sludge Bomb|p2a: Emboar
|-damage|p2a: Emboar|52/100
|
|upkeep
|turn|11
|
|t:|1760762683
|move|p2a: Emboar|Head Smash|p1a: Weezing
|-damage|p1a: Weezing|50/100
|-damage|p2a: Emboar|38/100|[from] Recoil
|move|p1a: Weezing|Sludge Bomb|p2a: Emboar
|-damage|p2a: Emboar|7/100
|-status|p2a: Emboar|psn
|-enditem|p2a: Emboar|Lum Berry|[eat]
|-curestatus|p2a: Emboar|psn|[msg]
|
|upkeep
|turn|12
|
|t:|1760762692
|move|p2a: Emboar|Flare Blitz|p1a: Weezing
|-damage|p1a: Weezing|11/100
|-status|p1a: Weezing|brn
|-damage|p2a: Emboar|0 fnt|[from] Recoil
|faint|p2a: Emboar
|move|p1a: Weezing|Sludge Bomb|p2: Emboar|[notarget]
|-fail|p1a: Weezing
|
|-damage|p1a: Weezing|5/100 brn|[from] brn
|upkeep
|
|t:|1760762708
|switch|p2a: Hydreigon|Hydreigon, F|88/100
|-damage|p2a: Hydreigon|76/100|[from] Stealth Rock
|turn|13
|
|t:|1760762722
|move|p2a: Hydreigon|Earth Power|p1a: Weezing
|-supereffective|p1a: Weezing
|-damage|p1a: Weezing|0 fnt
|faint|p1a: Weezing
|-end|p1a: Weezing|ability: Neutralizing Gas
|
|upkeep
|
|t:|1760762726
|switch|p1a: Iron Valiant|Iron Valiant|100/100
|turn|14
|
|t:|1760762734
|switch|p2a: Landorus|Landorus-Therian, M|100/100
|-damage|p2a: Landorus|88/100|[from] Stealth Rock
|-ability|p2a: Landorus|Intimidate|boost
|-unboost|p1a: Iron Valiant|atk|1
|move|p1a: Iron Valiant|Shadow Ball|p2a: Landorus
|-crit|p2a: Landorus
|-damage|p2a: Landorus|5/100
|
|-heal|p2a: Landorus|11/100|[from] item: Leftovers
|upkeep
|turn|15
|
|t:|1760762741
|move|p1a: Iron Valiant|Shadow Ball|p2a: Landorus
|-damage|p2a: Landorus|0 fnt
|faint|p2a: Landorus
|
|upkeep
|
|t:|1760762742
|switch|p2a: Magnezone|Magnezone|100/100
|-damage|p2a: Magnezone|94/100|[from] Stealth Rock
|turn|16
|
|t:|1760762759
|-end|p1a: Iron Valiant|Quark Drive|[silent]
|switch|p1a: Ogerpon|Ogerpon-Wellspring, F|32/100
|-terastallize|p2a: Magnezone|Fairy
|move|p2a: Magnezone|Flash Cannon|p1a: Ogerpon
|-resisted|p1a: Ogerpon
|-damage|p1a: Ogerpon|3/100
|
|upkeep
|turn|17
|
|t:|1760762766
|switch|p2a: De Blob|Ditto|51/100
|-damage|p2a: De Blob|39/100|[from] Stealth Rock
|-transform|p2a: De Blob|p1a: Ogerpon|[from] ability: Imposter
|move|p1a: Ogerpon|Ivy Cudgel|p2a: De Blob|[anim] Ivy Cudgel Water
|-heal|p2a: De Blob|63/100|[from] ability: Water Absorb|[of] p1a: Ogerpon
|
|upkeep
|turn|18
|
|t:|1760762777
|move|p1a: Ogerpon|Knock Off|p2a: De Blob
|-damage|p2a: De Blob|12/100
|-damage|p1a: Ogerpon|0 fnt|[from] item: Rocky Helmet|[of] p2a: De Blob
|faint|p1a: Ogerpon
|move|p2a: De Blob|Knock Off|p1: Ogerpon|[notarget]
|-fail|p2a: De Blob
|
|upkeep
|
|t:|1760762787
|switch|p1a: Iron Valiant|Iron Valiant|100/100
|turn|19
|
|t:|1760762802
|switch|p2a: Magnezone|Magnezone, tera:Fairy|94/100
|-damage|p2a: Magnezone|82/100|[from] Stealth Rock
|move|p1a: Iron Valiant|Moonblast|p2a: Magnezone
|-damage|p2a: Magnezone|30/100
|-unboost|p2a: Magnezone|spa|1
|
|upkeep
|turn|20
|
|t:|1760762807
|move|p1a: Iron Valiant|Moonblast|p2a: Magnezone
|-damage|p2a: Magnezone|0 fnt
|faint|p2a: Magnezone
|
|upkeep
|
|t:|1760762811
|switch|p2a: De Blob|Ditto|12/100
|-damage|p2a: De Blob|0 fnt|[from] Stealth Rock
|faint|p2a: De Blob
|
|t:|1760762813
|switch|p2a: Hydreigon|Hydreigon, F|76/100
|-damage|p2a: Hydreigon|64/100|[from] Stealth Rock
|turn|21
|
|t:|1760762819
|-end|p1a: Iron Valiant|Quark Drive|[silent]
|switch|p1a: Garganacl|Garganacl, F|60/100
|move|p2a: Hydreigon|Flash Cannon|p1a: Garganacl
|-supereffective|p1a: Garganacl
|-damage|p1a: Garganacl|20/100
|
|upkeep
|turn|22
|-message|ProboZap forfeited.
|
|win|potatofordinner
|raw|potatofordinner's rating: 1204 &rarr; <strong>1232</strong><br />(+28 for winning)
|raw|ProboZap's rating: 1245 &rarr; <strong>1217</strong><br />(-28 for losing)
|l|☆ProboZap
|player|p2|
|l|☆potatofordinner
|player|p1|
