|j|☆AdHendrix
|j|☆Volga123
|t:|1760720149
|gametype|singles
|player|p1|AdHendrix|riley|1426
|player|p2|Volga123|cynthia|1432
|gen|9
|tier|[Gen 9] OU
|rated|
|rule|HP Percentage Mod: HP is shown in percentages
|rule|Endless Battle Clause: Forcing endless battles is banned
|rule|Species Clause: Limit one of each Pokémon
|rule|OHKO Clause: OHKO moves are banned
|rule|Evasion Items Clause: Evasion items are banned
|rule|Evasion Moves Clause: Evasion moves are banned
|rule|Evasion Abilities Clause: Evasion abilities are banned
|rule|Sleep Moves Clause: Sleep-inducing moves are banned
|clearpoke
|poke|p1|Pelipper, F|
|poke|p1|Barraskewda, F|
|poke|p1|Ogerpon-Wellspring, F|
|poke|p1|Raging Bolt|
|poke|p1|Primarina, M|
|poke|p1|Iron Treads|
|poke|p2|Araquanid, F|
|poke|p2|Politoed, F|
|poke|p2|Raging Bolt|
|poke|p2|Bisharp, F|
|poke|p2|Iron Jugulis|
|poke|p2|Clodsire, M|
|teampreview
|
|t:|1760720171
|teamsize|p1|6
|teamsize|p2|6
|start
|switch|p1a: Pelipper|Pelipper, F|100/100
|switch|p2a: Clodsire|Clodsire, M|100/100
|-weather|RainDance|[from] ability: Drizzle|[of] p1a: Pelipper
|turn|1
|
|t:|1760720189
|move|p1a: Pelipper|U-turn|p2a: Clodsire
|-resisted|p2a: Clodsire
|-damage|p2a: Clodsire|97/100
|
|t:|1760720192
|switch|p1a: Iron Treads|Iron Treads|100/100|[from] U-turn
|move|p2a: Clodsire|Stealth Rock|p1a: Iron Treads
|-sidestart|p1: AdHendrix|move: Stealth Rock
|
|-weather|RainDance|[upkeep]
|-heal|p2a: Clodsire|100/100|[from] item: Black Sludge
|upkeep
|turn|2
|
|t:|1760720203
|switch|p2a: Araquanid|Araquanid, F|100/100
|move|p1a: Iron Treads|Rapid Spin|p2a: Araquanid
|-damage|p2a: Araquanid|85/100
|-boost|p1a: Iron Treads|spe|1
|-sideend|p1: AdHendrix|Stealth Rock|[from] move: Rapid Spin|[of] p1a: Iron Treads
|
|-weather|RainDance|[upkeep]
|upkeep
|turn|3
|
|t:|1760720215
|-end|p1a: Iron Treads|Quark Drive|[silent]
|switch|p1a: Pelipper|Pelipper, F|100/100
|move|p2a: Araquanid|Liquidation|p1a: Pelipper
|-resisted|p1a: Pelipper
|-damage|p1a: Pelipper|43/100
|
|-weather|RainDance|[upkeep]
|upkeep
|turn|4
|
|t:|1760720226
|switch|p2a: Clodsire|Clodsire, M|100/100
|move|p1a: Pelipper|Roost|p1a: Pelipper
|-heal|p1a: Pelipper|93/100
|-singleturn|p1a: Pelipper|move: Roost
|
|-weather|RainDance|[upkeep]
|upkeep
|turn|5
|
|t:|1760720234
|move|p1a: Pelipper|U-turn|p2a: Clodsire
|-resisted|p2a: Clodsire
|-damage|p2a: Clodsire|97/100
|
|t:|1760720238
|switch|p1a: Iron Treads|Iron Treads|100/100|[from] U-turn
|move|p2a: Clodsire|Stealth Rock|p1a: Iron Treads
|-sidestart|p1: AdHendrix|move: Stealth Rock
|
|-weather|RainDance|[upkeep]
|-heal|p2a: Clodsire|100/100|[from] item: Black Sludge
|upkeep
|turn|6
|
|t:|1760720252
|move|p1a: Iron Treads|Earthquake|p2a: Clodsire
|-supereffective|p2a: Clodsire
|-crit|p2a: Clodsire
|-damage|p2a: Clodsire|0 fnt
|faint|p2a: Clodsire
|
|-weather|RainDance|[upkeep]
|upkeep
|
|t:|1760720259
|switch|p2a: Iron Jugulis|Iron Jugulis|100/100
|-enditem|p2a: Iron Jugulis|Booster Energy
|-activate|p2a: Iron Jugulis|ability: Quark Drive|[fromitem]
|-start|p2a: Iron Jugulis|quarkdrivespe
|turn|7
|
|t:|1760720275
|-end|p1a: Iron Treads|Quark Drive|[silent]
|switch|p1a: Primarina|Primarina, M|100/100
|-damage|p1a: Primarina|88/100|[from] Stealth Rock
|move|p2a: Iron Jugulis|Hydro Pump|p1a: Primarina
|-resisted|p1a: Primarina
|-damage|p1a: Primarina|71/100
|
|-weather|RainDance|[upkeep]
|upkeep
|turn|8
|
|t:|1760720289
|move|p2a: Iron Jugulis|Hurricane|p1a: Primarina
|-damage|p1a: Primarina|39/100
|move|p1a: Primarina|Moonblast|p2a: Iron Jugulis
|-supereffective|p2a: Iron Jugulis
|-damage|p2a: Iron Jugulis|0 fnt
|faint|p2a: Iron Jugulis
|-end|p2a: Iron Jugulis|Quark Drive|[silent]
|
|-weather|none
|upkeep
|
|t:|1760720298
|switch|p2a: Bisharp|Bisharp, F|100/100
|turn|9
|
|t:|1760720319
|switch|p1a: Iron Treads|Iron Treads|100/100
|-damage|p1a: Iron Treads|97/100|[from] Stealth Rock
|move|p2a: Bisharp|Swords Dance|p2a: Bisharp
|-boost|p2a: Bisharp|atk|2
|
|-heal|p1a: Iron Treads|100/100|[from] item: Leftovers
|upkeep
|turn|10
|
|t:|1760720326
|move|p1a: Iron Treads|Rapid Spin|p2a: Bisharp
|-resisted|p2a: Bisharp
|-damage|p2a: Bisharp|97/100
|-boost|p1a: Iron Treads|spe|1
|-sideend|p1: AdHendrix|Stealth Rock|[from] move: Rapid Spin|[of] p1a: Iron Treads
|move|p2a: Bisharp|Swords Dance|p2a: Bisharp
|-boost|p2a: Bisharp|atk|2
|
|upkeep
|turn|11
|
|t:|1760720333
|-terastallize|p2a: Bisharp|Flying
|move|p1a: Iron Treads|Earthquake|p2a: Bisharp
|-immune|p2a: Bisharp
|move|p2a: Bisharp|Brick Break|p1a: Iron Treads
|-supereffective|p1a: Iron Treads
|-damage|p1a: Iron Treads|0 fnt
|faint|p1a: Iron Treads
|-end|p1a: Iron Treads|Quark Drive|[silent]
|
|upkeep
|inactive|Battle timer is ON: inactive players will automatically lose when time's up. (requested by Volga123)
|
|t:|1760720393
|switch|p1a: Raging Bolt|Raging Bolt|100/100
|turn|12
|
|t:|1760720407
|-terastallize|p1a: Raging Bolt|Fairy
|move|p2a: Bisharp|Sucker Punch|p1a: Raging Bolt
|-resisted|p1a: Raging Bolt
|-damage|p1a: Raging Bolt|60/100
|move|p1a: Raging Bolt|Dragon Pulse|p2a: Bisharp
|-damage|p2a: Bisharp|49/100
|
|-heal|p1a: Raging Bolt|67/100|[from] item: Leftovers
|upkeep
|turn|13
|
|t:|1760720418
|move|p1a: Raging Bolt|Dragon Pulse|p2a: Bisharp
|-damage|p2a: Bisharp|5/100
|move|p2a: Bisharp|Iron Head|p1a: Raging Bolt
|-supereffective|p1a: Raging Bolt
|-damage|p1a: Raging Bolt|0 fnt
|faint|p1a: Raging Bolt
|-end|p1a: Raging Bolt|Protosynthesis|[silent]
|
|upkeep
|
|t:|1760720425
|switch|p1a: Barraskewda|Barraskewda, F|100/100
|turn|14
|
|t:|1760720430
|move|p1a: Barraskewda|Aqua Jet|p2a: Bisharp
|-crit|p2a: Bisharp
|-damage|p2a: Bisharp|0 fnt
|faint|p2a: Bisharp
|-damage|p1a: Barraskewda|91/100|[from] item: Life Orb
|
|upkeep
|
|t:|1760720445
|switch|p2a: Araquanid|Araquanid, F|85/100
|turn|15
|
|t:|1760720463
|move|p1a: Barraskewda|Poison Jab|p2a: Araquanid
|-damage|p2a: Araquanid|40/100
|-status|p2a: Araquanid|psn
|-damage|p1a: Barraskewda|81/100|[from] item: Life Orb
|move|p2a: Araquanid|Liquidation|p1a: Barraskewda
|-resisted|p1a: Barraskewda
|-damage|p1a: Barraskewda|0 fnt
|faint|p1a: Barraskewda
|
|-damage|p2a: Araquanid|28/100 psn|[from] psn
|upkeep
|inactive|AdHendrix has 120 seconds left.
|
|t:|1760720488
|switch|p1a: Ogerpon|Ogerpon-Wellspring, F|100/100
|turn|16
|inactive|AdHendrix has 120 seconds left.
|
|t:|1760720495
|switch|p2a: Politoed|Politoed, F|100/100
|-weather|RainDance|[from] ability: Drizzle|[of] p2a: Politoed
|move|p1a: Ogerpon|Knock Off|p2a: Politoed
|-damage|p2a: Politoed|58/100
|-enditem|p2a: Politoed|Damp Rock|[from] move: Knock Off|[of] p1a: Ogerpon
|
|-weather|RainDance|[upkeep]
|upkeep
|turn|17
|inactive|AdHendrix has 120 seconds left.
|
|t:|1760720506
|move|p1a: Ogerpon|Power Whip|p2a: Politoed|[miss]
|-miss|p1a: Ogerpon|p2a: Politoed
|move|p2a: Politoed|Ice Beam|p1a: Ogerpon
|-damage|p1a: Ogerpon|69/100
|
|-weather|RainDance|[upkeep]
|upkeep
|turn|18
|
|t:|1760720512
|move|p1a: Ogerpon|Power Whip|p2a: Politoed
|-supereffective|p2a: Politoed
|-crit|p2a: Politoed
|-damage|p2a: Politoed|0 fnt
|faint|p2a: Politoed
|
|-weather|RainDance|[upkeep]
|upkeep
|
|t:|1760720514
|switch|p2a: Raging Bolt|Raging Bolt|100/100
|-enditem|p2a: Raging Bolt|Booster Energy
|-activate|p2a: Raging Bolt|ability: Protosynthesis|[fromitem]
|-start|p2a: Raging Bolt|protosynthesisspa
|turn|19
|inactive|AdHendrix has 120 seconds left.
|
|t:|1760720536
|move|p1a: Ogerpon|Ivy Cudgel|p2a: Raging Bolt|[anim] Ivy Cudgel Water
|-resisted|p2a: Raging Bolt
|-damage|p2a: Raging Bolt|65/100
|move|p2a: Raging Bolt|Thunder|p1a: Ogerpon
|-damage|p1a: Ogerpon|0 fnt
|faint|p1a: Ogerpon
|
|-weather|RainDance|[upkeep]
|upkeep
|inactive|AdHendrix has 120 seconds left.
|
|t:|1760720549
|switch|p1a: Pelipper|Pelipper, F|93/100
|turn|20
|inactive|AdHendrix has 120 seconds left.
|
|t:|1760720557
|move|p2a: Raging Bolt|Thunder|p1a: Pelipper
|-supereffective|p1a: Pelipper
|-damage|p1a: Pelipper|0 fnt
|faint|p1a: Pelipper
|
|-weather|RainDance|[upkeep]
|upkeep
|
|t:|1760720560
|switch|p1a: Primarina|Primarina, M|39/100
|turn|21
|
|t:|1760720562
|move|p2a: Raging Bolt|Thunderclap|p1a: Primarina
|-supereffective|p1a: Primarina
|-damage|p1a: Primarina|0 fnt
|faint|p1a: Primarina
|
|win|Volga123
|raw|AdHendrix's rating: 1426 &rarr; <strong>1406</strong><br />(-20 for losing)
|raw|Volga123's rating: 1432 &rarr; <strong>1452</strong><br />(+20 for winning)
|l|☆AdHendrix
|player|p1|
|l|☆Volga123
|player|p2|
