|j|☆malpicatepica
|j|☆kevinbassonon
|t:|1760805725
|gametype|singles
|player|p1|malpicatepica|1|1477
|player|p2|kevinbassonon|lusamine-nihilego|1555
|gen|9
|tier|[Gen 9] OU
|rated|
|rule|HP Percentage Mod: HP is shown in percentages
|rule|Endless Battle Clause: Forcing endless battles is banned
|rule|Species Clause: Limit one of each Pokémon
|rule|OHKO Clause: OHKO moves are banned
|rule|Evasion Items Clause: Evasion items are banned
|rule|Evasion Moves Clause: Evasion moves are banned
|rule|Evasion Abilities Clause: Evasion abilities are banned
|rule|Sleep Moves Clause: Sleep-inducing moves are banned
|clearpoke
|poke|p1|Great Tusk|
|poke|p1|Muk-Alola, F|
|poke|p1|Mimikyu, M|
|poke|p1|Kyurem|
|poke|p1|Landorus-Therian, M|
|poke|p1|Slowking-Galar, M|
|poke|p2|Hoopa-Unbound|
|poke|p2|Alomomola, F|
|poke|p2|Weezing-Galar, F|
|poke|p2|Gliscor, M|
|poke|p2|Kingambit, F|
|poke|p2|Dragapult, F|
|teampreview
|
|t:|1760805735
|teamsize|p1|6
|teamsize|p2|6
|start
|switch|p1a: Mimikyu|Mimikyu, M|100/100
|switch|p2a: Dragapult|Dragapult, F|100/100
|turn|1
|
|t:|1760805744
|move|p1a: Mimikyu|Trick|p2a: Dragapult
|-activate|p1a: Mimikyu|move: Trick|[of] p2a: Dragapult
|-item|p2a: Dragapult|Choice Scarf|[from] move: Trick
|-item|p1a: Mimikyu|Choice Specs|[from] move: Trick
|move|p2a: Dragapult|U-turn|p1a: Mimikyu
|-activate|p1a: Mimikyu|ability: Disguise
|-damage|p1a: Mimikyu|100/100
|detailschange|p1a: Mimikyu|Mimikyu-Busted, M
|-damage|p1a: Mimikyu|88/100|[from] pokemon: Mimikyu-Busted
|
|t:|1760805753
|switch|p2a: Hoopa|Hoopa-Unbound|100/100|[from] U-turn
|
|upkeep
|turn|2
|
|t:|1760805758
|switch|p2a: Dragapult|Dragapult, F|100/100
|move|p1a: Mimikyu|Destiny Bond|p1a: Mimikyu
|-singlemove|p1a: Mimikyu|Destiny Bond
|
|upkeep
|turn|3
|
|t:|1760805768
|switch|p1a: Landorus|Landorus-Therian, M|100/100
|-ability|p1a: Landorus|Intimidate|boost
|-unboost|p2a: Dragapult|atk|1
|move|p2a: Dragapult|U-turn|p1a: Landorus
|-resisted|p1a: Landorus
|-damage|p1a: Landorus|96/100
|-damage|p2a: Dragapult|84/100|[from] item: Rocky Helmet|[of] p1a: Landorus
|
|t:|1760805775
|switch|p2a: Gliscor|Gliscor, M|100/100|[from] U-turn
|
|-status|p2a: Gliscor|tox|[from] item: Toxic Orb
|upkeep
|turn|4
|
|t:|1760805782
|move|p1a: Landorus|Taunt|p2a: Gliscor
|-start|p2a: Gliscor|move: Taunt
|cant|p2a: Gliscor|move: Taunt|Stealth Rock
|
|upkeep
|turn|5
|
|t:|1760805790
|move|p1a: Landorus|Stealth Rock|p2a: Gliscor
|-sidestart|p2: kevinbassonon|move: Stealth Rock
|move|p2a: Gliscor|Earthquake|p1a: Landorus
|-immune|p1a: Landorus
|
|upkeep
|turn|6
|
|t:|1760805796
|move|p1a: Landorus|U-turn|p2a: Gliscor
|-resisted|p2a: Gliscor
|-damage|p2a: Gliscor|92/100 tox
|
|t:|1760805800
|switch|p1a: Kyurem|Kyurem|100/100|[from] U-turn
|-ability|p1a: Kyurem|Pressure
|move|p2a: Gliscor|Earthquake|p1a: Kyurem
|-damage|p1a: Kyurem|68/100
|
|-heal|p2a: Gliscor|100/100 tox|[from] ability: Poison Heal
|-end|p2a: Gliscor|move: Taunt
|upkeep
|turn|7
|
|t:|1760805808
|switch|p2a: Hoopa|Hoopa-Unbound|100/100
|-damage|p2a: Hoopa|88/100|[from] Stealth Rock
|move|p1a: Kyurem|Freeze-Dry|p2a: Hoopa
|-damage|p2a: Hoopa|71/100
|-status|p2a: Hoopa|frz
|
|upkeep
|turn|8
|
|t:|1760805820
|switch|p1a: Landorus|Landorus-Therian, M|96/100
|-ability|p1a: Landorus|Intimidate|boost
|-unboost|p2a: Hoopa|atk|1
|cant|p2a: Hoopa|frz
|
|upkeep
|turn|9
|
|t:|1760805833
|switch|p2a: Gliscor|Gliscor, M|100/100 tox
|-damage|p2a: Gliscor|88/100 tox|[from] Stealth Rock
|move|p1a: Landorus|U-turn|p2a: Gliscor
|-resisted|p2a: Gliscor
|-damage|p2a: Gliscor|80/100 tox
|
|t:|1760805836
|switch|p1a: Kyurem|Kyurem|68/100|[from] U-turn
|-ability|p1a: Kyurem|Pressure
|
|-heal|p2a: Gliscor|92/100 tox|[from] ability: Poison Heal
|upkeep
|turn|10
|
|t:|1760805842
|move|p2a: Gliscor|Protect|p2a: Gliscor
|-singleturn|p2a: Gliscor|Protect
|move|p1a: Kyurem|Freeze-Dry|p2a: Gliscor
|-activate|p2a: Gliscor|move: Protect
|
|-heal|p2a: Gliscor|100/100 tox|[from] ability: Poison Heal
|upkeep
|turn|11
|
|t:|1760805854
|switch|p2a: Kingambit|Kingambit, F|100/100
|-damage|p2a: Kingambit|94/100|[from] Stealth Rock
|move|p1a: Kyurem|Freeze-Dry|p2a: Kingambit
|-resisted|p2a: Kingambit
|-damage|p2a: Kingambit|75/100
|
|-heal|p2a: Kingambit|81/100|[from] item: Leftovers
|upkeep
|turn|12
|
|t:|1760805869
|switch|p1a: Landorus|Landorus-Therian, M|96/100
|-ability|p1a: Landorus|Intimidate|boost
|-unboost|p2a: Kingambit|atk|1
|-end|p2a: Kingambit|fallenundefined|[silent]
|switch|p2a: Gliscor|Gliscor, M|100/100 tox
|-damage|p2a: Gliscor|88/100 tox|[from] Stealth Rock
|
|-heal|p2a: Gliscor|100/100 tox|[from] ability: Poison Heal
|upkeep
|turn|13
|
|t:|1760805888
|switch|p2a: Hoopa|Hoopa-Unbound|71/100 frz
|-damage|p2a: Hoopa|58/100 frz|[from] Stealth Rock
|move|p1a: Landorus|Taunt|p2a: Hoopa
|-start|p2a: Hoopa|move: Taunt
|
|upkeep
|turn|14
|
|t:|1760805895
|switch|p2a: Alomomola|Alomomola, F|100/100
|-damage|p2a: Alomomola|88/100|[from] Stealth Rock
|move|p1a: Landorus|U-turn|p2a: Alomomola
|-damage|p2a: Alomomola|74/100
|-damage|p1a: Landorus|79/100|[from] item: Rocky Helmet|[of] p2a: Alomomola
|
|t:|1760805904
|switch|p1a: Kyurem|Kyurem|68/100|[from] U-turn
|-ability|p1a: Kyurem|Pressure
|
|upkeep
|turn|15
|
|t:|1760805912
|switch|p2a: Hoopa|Hoopa-Unbound|58/100 frz
|-damage|p2a: Hoopa|46/100 frz|[from] Stealth Rock
|move|p1a: Kyurem|Freeze-Dry|p2a: Hoopa
|-damage|p2a: Hoopa|28/100 frz
|
|upkeep
|turn|16
|
|t:|1760805920
|switch|p1a: Landorus|Landorus-Therian, M|79/100
|-ability|p1a: Landorus|Intimidate|boost
|-unboost|p2a: Hoopa|atk|1
|cant|p2a: Hoopa|frz
|
|upkeep
|turn|17
|
|t:|1760805928
|switch|p2a: Alomomola|Alomomola, F|100/100
|-damage|p2a: Alomomola|88/100|[from] Stealth Rock
|move|p1a: Landorus|Earthquake|p2a: Alomomola
|-damage|p2a: Alomomola|58/100
|
|upkeep
|turn|18
|
|t:|1760805936
|move|p1a: Landorus|Taunt|p2a: Alomomola
|-start|p2a: Alomomola|move: Taunt
|cant|p2a: Alomomola|move: Taunt|Wish
|
|upkeep
|turn|19
|
|t:|1760805941
|switch|p1a: Kyurem|Kyurem|68/100
|-ability|p1a: Kyurem|Pressure
|move|p2a: Alomomola|Flip Turn|p1a: Kyurem
|-resisted|p1a: Kyurem
|-damage|p1a: Kyurem|60/100
|
|t:|1760805947
|switch|p2a: Kingambit|Kingambit, F|81/100|[from] Flip Turn
|-damage|p2a: Kingambit|75/100|[from] Stealth Rock
|
|-heal|p2a: Kingambit|81/100|[from] item: Leftovers
|upkeep
|turn|20
|
|t:|1760805952
|switch|p1a: Landorus|Landorus-Therian, M|79/100
|-ability|p1a: Landorus|Intimidate|boost
|-unboost|p2a: Kingambit|atk|1
|move|p2a: Kingambit|Kowtow Cleave|p1a: Landorus
|-damage|p1a: Landorus|48/100
|-damage|p2a: Kingambit|65/100|[from] item: Rocky Helmet|[of] p1a: Landorus
|
|-heal|p2a: Kingambit|71/100|[from] item: Leftovers
|upkeep
|turn|21
|
|t:|1760805957
|-end|p2a: Kingambit|fallenundefined|[silent]
|switch|p2a: Alomomola|Alomomola, F|92/100
|-damage|p2a: Alomomola|79/100|[from] Stealth Rock
|move|p1a: Landorus|U-turn|p2a: Alomomola
|-crit|p2a: Alomomola
|-damage|p2a: Alomomola|60/100
|-damage|p1a: Landorus|32/100|[from] item: Rocky Helmet|[of] p2a: Alomomola
|
|t:|1760805960
|switch|p1a: Kyurem|Kyurem|60/100|[from] U-turn
|-ability|p1a: Kyurem|Pressure
|
|upkeep
|turn|22
|
|t:|1760805971
|move|p2a: Alomomola|Protect|p2a: Alomomola
|-singleturn|p2a: Alomomola|Protect
|move|p1a: Kyurem|Freeze-Dry|p2a: Alomomola
|-activate|p2a: Alomomola|move: Protect
|
|upkeep
|turn|23
|
|t:|1760805977
|switch|p2a: Kingambit|Kingambit, F|71/100
|-damage|p2a: Kingambit|65/100|[from] Stealth Rock
|move|p1a: Kyurem|Freeze-Dry|p2a: Kingambit
|-resisted|p2a: Kingambit
|-damage|p2a: Kingambit|48/100
|
|-heal|p2a: Kingambit|54/100|[from] item: Leftovers
|upkeep
|turn|24
|
|t:|1760805993
|switch|p1a: Great Tusk|Great Tusk|100/100
|move|p2a: Kingambit|Kowtow Cleave|p1a: Great Tusk
|-resisted|p1a: Great Tusk
|-damage|p1a: Great Tusk|82/100
|
|-heal|p2a: Kingambit|60/100|[from] item: Leftovers
|upkeep
|turn|25
|
|t:|1760806000
|-end|p2a: Kingambit|fallenundefined|[silent]
|switch|p2a: Gliscor|Gliscor, M|100/100 tox
|-damage|p2a: Gliscor|88/100 tox|[from] Stealth Rock
|move|p1a: Great Tusk|Knock Off|p2a: Gliscor
|-damage|p2a: Gliscor|64/100 tox
|-enditem|p2a: Gliscor|Toxic Orb|[from] move: Knock Off|[of] p1a: Great Tusk
|
|-heal|p2a: Gliscor|77/100 tox|[from] ability: Poison Heal
|upkeep
|turn|26
|
|t:|1760806010
|move|p1a: Great Tusk|Ice Spinner|p2a: Gliscor
|-supereffective|p2a: Gliscor
|-damage|p2a: Gliscor|0 fnt
|faint|p2a: Gliscor
|
|upkeep
|
|t:|1760806015
|switch|p2a: Dragapult|Dragapult, F|84/100
|-damage|p2a: Dragapult|72/100|[from] Stealth Rock
|turn|27
|
|t:|1760806023
|-end|p1a: Great Tusk|Protosynthesis|[silent]
|switch|p1a: Muk|Muk-Alola, F|100/100
|move|p2a: Dragapult|Shadow Ball|p1a: Muk
|-resisted|p1a: Muk
|-damage|p1a: Muk|93/100
|
|upkeep
|turn|28
|
|t:|1760806038
|switch|p2a: Alomomola|Alomomola, F|93/100
|-damage|p2a: Alomomola|81/100|[from] Stealth Rock
|move|p1a: Muk|Knock Off|p2a: Alomomola
|-crit|p2a: Alomomola
|-damage|p2a: Alomomola|47/100
|-damage|p1a: Muk|76/100|[from] item: Rocky Helmet|[of] p2a: Alomomola
|-enditem|p2a: Alomomola|Rocky Helmet|[from] move: Knock Off|[of] p1a: Muk
|
|upkeep
|turn|29
|
|t:|1760806049
|move|p1a: Muk|Poison Jab|p2a: Alomomola
|-damage|p2a: Alomomola|29/100
|-status|p2a: Alomomola|psn
|move|p2a: Alomomola|Wish|p2a: Alomomola
|
|-damage|p2a: Alomomola|17/100 psn|[from] psn
|upkeep
|turn|30
|
|t:|1760806059
|move|p2a: Alomomola|Protect|p2a: Alomomola
|-singleturn|p2a: Alomomola|Protect
|move|p1a: Muk|Poison Jab|p2a: Alomomola
|-activate|p2a: Alomomola|move: Protect
|
|-heal|p2a: Alomomola|67/100 psn|[from] move: Wish|[wisher] Alomomola
|-damage|p2a: Alomomola|54/100 psn|[from] psn
|upkeep
|turn|31
|
|t:|1760806066
|switch|p1a: Kyurem|Kyurem|60/100
|-ability|p1a: Kyurem|Pressure
|move|p2a: Alomomola|Wish|p2a: Alomomola
|
|-damage|p2a: Alomomola|42/100 psn|[from] psn
|upkeep
|turn|32
|
|t:|1760806078
|switch|p2a: Kingambit|Kingambit, F|60/100
|-damage|p2a: Kingambit|54/100|[from] Stealth Rock
|-activate|p2a: Kingambit|ability: Supreme Overlord
|-start|p2a: Kingambit|fallen1|[silent]
|move|p1a: Kyurem|Earth Power|p2a: Kingambit
|-supereffective|p2a: Kingambit
|-damage|p2a: Kingambit|0 fnt
|faint|p2a: Kingambit
|-end|p2a: Kingambit|fallen1|[silent]
|
|upkeep
|
|t:|1760806087
|switch|p2a: Alomomola|Alomomola, F|75/100 psn
|-damage|p2a: Alomomola|63/100 psn|[from] Stealth Rock
|turn|33
|
|t:|1760806094
|move|p1a: Kyurem|Freeze-Dry|p2a: Alomomola
|-supereffective|p2a: Alomomola
|-damage|p2a: Alomomola|0 fnt
|faint|p2a: Alomomola
|
|upkeep
|-message|kevinbassonon forfeited.
|
|win|malpicatepica
|raw|malpicatepica's rating: 1477 &rarr; <strong>1501</strong><br />(+24 for winning)
|raw|kevinbassonon's rating: 1555 &rarr; <strong>1531</strong><br />(-24 for losing)
|l|☆kevinbassonon
|player|p2|
|l|☆malpicatepica
|player|p1|
