|badge|p1|bronze|gen9ou|100-7
|uhtml|medal-msg|<div class="broadcast-blue">Curious what those medals under the avatar are? PS now has Ladder Seasons! For more information, check out the <a href="https://www.smogon.com/forums/threads/3740067/">thread on Smogon.</a></div>
|badge|p2|bronze|gen9ou|100-7
|uhtml|medal-msg|<div class="broadcast-blue">Curious what those medals under the avatar are? PS now has Ladder Seasons! For more information, check out the <a href="https://www.smogon.com/forums/threads/3740067/">thread on Smogon.</a></div>
|j|☆MooFarmer
|j|☆eros maniac
|t:|1760768140
|gametype|singles
|player|p1|MooFarmer|1|1809
|player|p2|eros maniac|hilbert-wonderlauncher|1871
|gen|9
|tier|[Gen 9] OU
|rated|
|rule|HP Percentage Mod: HP is shown in percentages
|rule|Endless Battle Clause: Forcing endless battles is banned
|rule|Species Clause: Limit one of each Pokémon
|rule|OHKO Clause: OHKO moves are banned
|rule|Evasion Items Clause: Evasion items are banned
|rule|Evasion Moves Clause: Evasion moves are banned
|rule|Evasion Abilities Clause: Evasion abilities are banned
|rule|Sleep Moves Clause: Sleep-inducing moves are banned
|clearpoke
|poke|p1|Kyurem|
|poke|p1|Corviknight, M|
|poke|p1|Ting-Lu|
|poke|p1|Dondozo, M|
|poke|p1|Slowking-Galar, L99, F|
|poke|p1|Cinderace, M|
|poke|p2|Frosmoth, F|
|poke|p2|Maushold-Four|
|poke|p2|Krookodile, F|
|poke|p2|Sinistcha|
|poke|p2|Alomomola, F|
|poke|p2|Weezing-Galar, M|
|teampreview
|inactive|Battle timer is ON: inactive players will automatically lose when time's up. (requested by eros maniac)
|inactive|MooFarmer has 120 seconds left.
|
|t:|1760768187
|teamsize|p1|6
|teamsize|p2|6
|start
|switch|p1a: Cinderace|Cinderace, M|100/100
|switch|p2a: Krookodile|Krookodile, F|100/100
|-ability|p2a: Krookodile|Intimidate|boost
|-unboost|p1a: Cinderace|atk|1
|turn|1
|inactive|MooFarmer also wants the timer to be on.
|inactive|MooFarmer has 120 seconds left.
|
|t:|1760768232
|switch|p2a: Alomomola|Alomomola, F, shiny|100/100
|move|p1a: Cinderace|U-turn|p2a: Alomomola
|-damage|p2a: Alomomola|93/100
|-damage|p1a: Cinderace|84/100|[from] item: Rocky Helmet|[of] p2a: Alomomola
|inactive|MooFarmer has 90 seconds left.
|
|t:|1760768278
|switch|p1a: Slowking|Slowking-Galar, L99, F|100/100|[from] U-turn
|
|upkeep
|turn|2
|inactive|MooFarmer has 60 seconds left.
|
|t:|1760768323
|switch|p2a: Krookodile|Krookodile, F|100/100
|-ability|p2a: Krookodile|Intimidate|boost
|-unboost|p1a: Slowking|atk|1
|move|p1a: Slowking|Toxic|p2a: Krookodile
|-status|p2a: Krookodile|tox
|
|-damage|p2a: Krookodile|94/100 tox|[from] psn
|upkeep
|turn|3
|
|t:|1760768331
|switch|p1a: Corviknight|Corviknight, M|100/100
|-ability|p1a: Corviknight|Pressure
|move|p2a: Krookodile|Knock Off|p1a: Corviknight
|-damage|p1a: Corviknight|57/100
|-damage|p2a: Krookodile|78/100 tox|[from] item: Rocky Helmet|[of] p1a: Corviknight
|-enditem|p1a: Corviknight|Rocky Helmet|[from] move: Knock Off|[of] p2a: Krookodile
|
|-damage|p2a: Krookodile|66/100 tox|[from] psn
|upkeep
|turn|4
|
|t:|1760768341
|switch|p2a: Alomomola|Alomomola, F, shiny|100/100
|move|p1a: Corviknight|Roost|p1a: Corviknight
|-heal|p1a: Corviknight|100/100
|-singleturn|p1a: Corviknight|move: Roost
|
|upkeep
|turn|5
|
|t:|1760768349
|switch|p1a: Dondozo|Dondozo, M|100/100
|move|p2a: Alomomola|Flip Turn|p1a: Dondozo
|-resisted|p1a: Dondozo
|-damage|p1a: Dondozo|97/100
|
|t:|1760768353
|switch|p2a: Sinistcha|Sinistcha, shiny|100/100|[from] Flip Turn
|
|-heal|p1a: Dondozo|100/100|[from] item: Leftovers
|upkeep
|turn|6
|inactive|MooFarmer has 60 seconds left.
|
|t:|1760768361
|switch|p1a: Kyurem|Kyurem|100/100
|-ability|p1a: Kyurem|Pressure
|move|p2a: Sinistcha|Calm Mind|p2a: Sinistcha
|-boost|p2a: Sinistcha|spa|1
|-boost|p2a: Sinistcha|spd|1
|
|upkeep
|turn|7
|
|t:|1760768372
|move|p1a: Kyurem|Freeze-Dry|p2a: Sinistcha
|-supereffective|p2a: Sinistcha
|-damage|p2a: Sinistcha|42/100
|-status|p2a: Sinistcha|frz
|cant|p2a: Sinistcha|frz
|
|upkeep
|turn|8
|
|t:|1760768381
|switch|p2a: Frosmoth|Frosmoth, F, shiny|100/100
|move|p1a: Kyurem|Freeze-Dry|p2a: Frosmoth
|-resisted|p2a: Frosmoth
|-damage|p2a: Frosmoth|93/100
|
|-heal|p2a: Frosmoth|99/100|[from] item: Leftovers
|upkeep
|turn|9
|
|t:|1760768391
|switch|p1a: Cinderace|Cinderace, M|84/100
|move|p2a: Frosmoth|Ice Beam|p1a: Cinderace
|-resisted|p1a: Cinderace
|-damage|p1a: Cinderace|63/100
|
|-heal|p2a: Frosmoth|100/100|[from] item: Leftovers
|upkeep
|turn|10
|
|t:|1760768399
|switch|p2a: Alomomola|Alomomola, F, shiny|100/100
|move|p1a: Cinderace|Will-O-Wisp|p2a: Alomomola|[miss]
|-miss|p1a: Cinderace|p2a: Alomomola
|
|upkeep
|turn|11
|
|t:|1760768408
|switch|p1a: Kyurem|Kyurem|100/100
|-ability|p1a: Kyurem|Pressure
|move|p2a: Alomomola|Wish|p2a: Alomomola
|
|upkeep
|turn|12
|inactive|MooFarmer has 90 seconds left.
|j| Sir Nait
|l| Sir Nait
|inactive|MooFarmer has 60 seconds left.
|
|t:|1760768453
|move|p1a: Kyurem|Freeze-Dry|p2a: Alomomola
|-supereffective|p2a: Alomomola
|-damage|p2a: Alomomola|34/100
|move|p2a: Alomomola|Mirror Coat|p1a: Kyurem
|-damage|p1a: Kyurem|0 fnt
|faint|p1a: Kyurem
|
|-heal|p2a: Alomomola|84/100|[from] move: Wish|[wisher] Alomomola
|upkeep
|
|t:|1760768462
|switch|p1a: Slowking|Slowking-Galar, L99, F|100/100
|turn|13
|inactive|eros maniac has 120 seconds left.
|
|t:|1760768494
|move|p2a: Alomomola|Healing Wish|p2a: Alomomola
|faint|p2a: Alomomola
|move|p1a: Slowking|Toxic|p2: Alomomola|[notarget]
|-fail|p1a: Slowking
|
|upkeep
|inactive|eros maniac has 120 seconds left.
|
|t:|1760768502
|switch|p2a: Maushold|Maushold-Four|100/100
|turn|14
|j| PXT Alpha
|
|t:|1760768510
|switch|p1a: Corviknight|Corviknight, M|100/100
|-ability|p1a: Corviknight|Pressure
|move|p2a: Maushold|Population Bomb|p1a: Corviknight
|-resisted|p1a: Corviknight
|-damage|p1a: Corviknight|97/100
|-resisted|p1a: Corviknight
|-damage|p1a: Corviknight|94/100
|-resisted|p1a: Corviknight
|-damage|p1a: Corviknight|91/100
|-resisted|p1a: Corviknight
|-damage|p1a: Corviknight|87/100
|-resisted|p1a: Corviknight
|-damage|p1a: Corviknight|84/100
|-resisted|p1a: Corviknight
|-damage|p1a: Corviknight|81/100
|-resisted|p1a: Corviknight
|-damage|p1a: Corviknight|78/100
|-resisted|p1a: Corviknight
|-damage|p1a: Corviknight|75/100
|-resisted|p1a: Corviknight
|-crit|p1a: Corviknight
|-damage|p1a: Corviknight|70/100
|-resisted|p1a: Corviknight
|-damage|p1a: Corviknight|67/100
|-hitcount|p1a: Corviknight|10
|
|upkeep
|turn|15
|
|t:|1760768519
|move|p2a: Maushold|Population Bomb|p1a: Corviknight
|-resisted|p1a: Corviknight
|-damage|p1a: Corviknight|63/100
|-resisted|p1a: Corviknight
|-damage|p1a: Corviknight|60/100
|-resisted|p1a: Corviknight
|-damage|p1a: Corviknight|57/100
|-resisted|p1a: Corviknight
|-damage|p1a: Corviknight|53/100
|-resisted|p1a: Corviknight
|-damage|p1a: Corviknight|50/100
|-resisted|p1a: Corviknight
|-damage|p1a: Corviknight|46/100
|-resisted|p1a: Corviknight
|-damage|p1a: Corviknight|43/100
|-resisted|p1a: Corviknight
|-damage|p1a: Corviknight|40/100
|-resisted|p1a: Corviknight
|-damage|p1a: Corviknight|37/100
|-resisted|p1a: Corviknight
|-damage|p1a: Corviknight|34/100
|-hitcount|p1a: Corviknight|10
|move|p1a: Corviknight|U-turn|p2a: Maushold
|-damage|p2a: Maushold|78/100
|
|t:|1760768529
|switch|p1a: Cinderace|Cinderace, M|63/100|[from] U-turn
|
|upkeep
|turn|16
|
|t:|1760768537
|switch|p2a: Sinistcha|Sinistcha, shiny|42/100 frz
|-heal|p2a: Sinistcha|100/100|[from] move: Healing Wish
|move|p1a: Cinderace|U-turn|p2a: Sinistcha
|-damage|p2a: Sinistcha|87/100
|
|t:|1760768546
|switch|p1a: Slowking|Slowking-Galar, L99, F|100/100|[from] U-turn
|
|upkeep
|turn|17
|
|t:|1760768554
|switch|p2a: Krookodile|Krookodile, F|66/100 tox
|-ability|p2a: Krookodile|Intimidate|boost
|-unboost|p1a: Slowking|atk|1
|move|p1a: Slowking|Sludge Bomb|p2a: Krookodile
|-resisted|p2a: Krookodile
|-crit|p2a: Krookodile
|-damage|p2a: Krookodile|40/100 tox
|
|-damage|p2a: Krookodile|34/100 tox|[from] psn
|upkeep
|turn|18
|j| xiaopangsonsong
|
|t:|1760768563
|switch|p1a: Ting-Lu|Ting-Lu|100/100
|-ability|p1a: Ting-Lu|Vessel of Ruin
|move|p2a: Krookodile|Close Combat|p1a: Ting-Lu
|-supereffective|p1a: Ting-Lu
|-damage|p1a: Ting-Lu|27/100
|-unboost|p2a: Krookodile|def|1
|-unboost|p2a: Krookodile|spd|1
|
|-heal|p1a: Ting-Lu|33/100|[from] item: Leftovers
|-damage|p2a: Krookodile|22/100 tox|[from] psn
|upkeep
|turn|19
|inactive|MooFarmer has 90 seconds left.
|l| xiaopangsonsong
|inactive|MooFarmer has 60 seconds left.
|j| xiaopangsonsong
|
|t:|1760768608
|switch|p1a: Slowking|Slowking-Galar, L99, F|100/100
|move|p2a: Krookodile|Close Combat|p1a: Slowking
|-resisted|p1a: Slowking
|-damage|p1a: Slowking|85/100
|-unboost|p2a: Krookodile|def|1
|-unboost|p2a: Krookodile|spd|1
|
|-damage|p2a: Krookodile|3/100 tox|[from] psn
|upkeep
|turn|20
|inactive|MooFarmer has 60 seconds left.
|l| xiaopangsonsong
|inactive|MooFarmer has 30 seconds left.
|inactive|MooFarmer has 20 seconds left.
|
|t:|1760768653
|move|p2a: Krookodile|Close Combat|p1a: Slowking
|-resisted|p1a: Slowking
|-damage|p1a: Slowking|67/100
|-unboost|p2a: Krookodile|def|1
|-unboost|p2a: Krookodile|spd|1
|move|p1a: Slowking|Future Sight|p2a: Krookodile
|-start|p1a: Slowking|move: Future Sight
|
|-damage|p2a: Krookodile|0 fnt|[from] psn
|faint|p2a: Krookodile
|upkeep
|
|t:|1760768661
|switch|p2a: Maushold|Maushold-Four|78/100
|turn|21
|inactive|MooFarmer has 30 seconds left.
|
|t:|1760768669
|switch|p1a: Corviknight|Corviknight, M|34/100
|-ability|p1a: Corviknight|Pressure
|move|p2a: Maushold|Population Bomb|p1a: Corviknight
|-resisted|p1a: Corviknight
|-damage|p1a: Corviknight|30/100
|-resisted|p1a: Corviknight
|-damage|p1a: Corviknight|27/100
|-resisted|p1a: Corviknight
|-damage|p1a: Corviknight|24/100
|-resisted|p1a: Corviknight
|-damage|p1a: Corviknight|21/100
|-resisted|p1a: Corviknight
|-damage|p1a: Corviknight|18/100
|-resisted|p1a: Corviknight
|-damage|p1a: Corviknight|14/100
|-resisted|p1a: Corviknight
|-damage|p1a: Corviknight|11/100
|-resisted|p1a: Corviknight
|-damage|p1a: Corviknight|8/100
|-resisted|p1a: Corviknight
|-damage|p1a: Corviknight|5/100
|-resisted|p1a: Corviknight
|-damage|p1a: Corviknight|2/100
|-hitcount|p1a: Corviknight|10
|
|upkeep
|turn|22
|
|t:|1760768677
|move|p2a: Maushold|Population Bomb|p1a: Corviknight
|-resisted|p1a: Corviknight
|-damage|p1a: Corviknight|0 fnt
|faint|p1a: Corviknight
|-hitcount|p1: Corviknight|1
|
|-end|p2a: Maushold|move: Future Sight
|-damage|p2a: Maushold|13/100
|upkeep
|
|t:|1760768685
|switch|p1a: Cinderace|Cinderace, M|63/100
|turn|23
|
|t:|1760768697
|move|p1a: Cinderace|U-turn|p2a: Maushold
|-damage|p2a: Maushold|0 fnt
|faint|p2a: Maushold
|
|t:|1760768707
|switch|p1a: Slowking|Slowking-Galar, L99, F|100/100|[from] U-turn
|
|upkeep
|
|t:|1760768712
|switch|p2a: Frosmoth|Frosmoth, F, shiny|100/100
|turn|24
|
|t:|1760768720
|move|p2a: Frosmoth|Substitute|p2a: Frosmoth
|-start|p2a: Frosmoth|Substitute
|-damage|p2a: Frosmoth|75/100
|move|p1a: Slowking|Future Sight|p2a: Frosmoth
|-start|p1a: Slowking|move: Future Sight
|
|-heal|p2a: Frosmoth|82/100|[from] item: Leftovers
|upkeep
|turn|25
|
|t:|1760768734
|switch|p1a: Cinderace|Cinderace, M|63/100
|move|p2a: Frosmoth|Quiver Dance|p2a: Frosmoth
|-boost|p2a: Frosmoth|spa|1
|-boost|p2a: Frosmoth|spd|1
|-boost|p2a: Frosmoth|spe|1
|
|-heal|p2a: Frosmoth|88/100|[from] item: Leftovers
|upkeep
|turn|26
|inactive|MooFarmer has 60 seconds left.
|
|t:|1760768744
|move|p1a: Cinderace|Pyro Ball|p2a: Frosmoth
|-supereffective|p2a: Frosmoth
|-end|p2a: Frosmoth|Substitute
|move|p2a: Frosmoth|Tera Blast|p1a: Cinderace
|-damage|p1a: Cinderace|20/100
|
|-end|p2a: Frosmoth|move: Future Sight
|-damage|p2a: Frosmoth|77/100
|-heal|p2a: Frosmoth|83/100|[from] item: Leftovers
|upkeep
|turn|27
|
|t:|1760768752
|switch|p2a: Weezing|Weezing-Galar, M|100/100
|-ability|p2a: Weezing|Neutralizing Gas
|move|p1a: Cinderace|Pyro Ball|p2a: Weezing
|-damage|p2a: Weezing|69/100
|-status|p2a: Weezing|brn
|
|-damage|p2a: Weezing|63/100 brn|[from] brn
|upkeep
|turn|28
|j| Narwhale37
|
|t:|1760768763
|-end|p2a: Weezing|ability: Neutralizing Gas
|switch|p2a: Frosmoth|Frosmoth, F, shiny|83/100
|move|p1a: Cinderace|Pyro Ball|p2a: Frosmoth
|-supereffective|p2a: Frosmoth
|-damage|p2a: Frosmoth|0 fnt
|faint|p2a: Frosmoth
|
|upkeep
|
|t:|1760768765
|switch|p2a: Sinistcha|Sinistcha, shiny|87/100
|turn|29
|
|t:|1760768773
|move|p1a: Cinderace|U-turn|p2a: Sinistcha
|-damage|p2a: Sinistcha|73/100
|
|t:|1760768782
|switch|p1a: Slowking|Slowking-Galar, L99, F|100/100|[from] U-turn
|move|p2a: Sinistcha|Calm Mind|p2a: Sinistcha
|-boost|p2a: Sinistcha|spa|1
|-boost|p2a: Sinistcha|spd|1
|
|upkeep
|turn|30
|
|t:|1760768791
|-terastallize|p2a: Sinistcha|Poison
|move|p2a: Sinistcha|Calm Mind|p2a: Sinistcha
|-boost|p2a: Sinistcha|spa|1
|-boost|p2a: Sinistcha|spd|1
|move|p1a: Slowking|Future Sight|p2a: Sinistcha
|-start|p1a: Slowking|move: Future Sight
|
|upkeep
|turn|31
|
|t:|1760768799
|move|p2a: Sinistcha|Calm Mind|p2a: Sinistcha
|-boost|p2a: Sinistcha|spa|1
|-boost|p2a: Sinistcha|spd|1
|move|p1a: Slowking|Sludge Bomb|p2a: Sinistcha
|-resisted|p2a: Sinistcha
|-damage|p2a: Sinistcha|66/100
|
|upkeep
|turn|32
|inactive|MooFarmer has 90 seconds left.
|j| wgw2333
|inactive|MooFarmer has 60 seconds left.
|
|t:|1760768842
|move|p2a: Sinistcha|Shadow Ball|p1a: Slowking
|-supereffective|p1a: Slowking
|-damage|p1a: Slowking|8/100
|-unboost|p1a: Slowking|spd|1
|move|p1a: Slowking|Toxic|p2a: Sinistcha
|-immune|p2a: Sinistcha
|
|-end|p2a: Sinistcha|move: Future Sight
|-supereffective|p2a: Sinistcha
|-damage|p2a: Sinistcha|22/100
|upkeep
|turn|33
|inactive|MooFarmer has 60 seconds left.
|inactive|MooFarmer has 30 seconds left.
|inactive|MooFarmer has 20 seconds left.
|
|t:|1760768888
|switch|p1a: Cinderace|Cinderace, M|20/100
|move|p2a: Sinistcha|Strength Sap|p1a: Cinderace
|-unboost|p1a: Cinderace|atk|1
|-heal|p2a: Sinistcha|100/100
|
|upkeep
|turn|34
|inactive|MooFarmer has 30 seconds left this turn.
|
|t:|1760768896
|switch|p1a: Slowking|Slowking-Galar, L99, F|41/100
|move|p2a: Sinistcha|Calm Mind|p2a: Sinistcha
|-boost|p2a: Sinistcha|spa|1
|-boost|p2a: Sinistcha|spd|1
|
|upkeep
|turn|35
|inactive|MooFarmer has 30 seconds left.
|
|t:|1760768904
|move|p2a: Sinistcha|Shadow Ball|p1a: Slowking
|-supereffective|p1a: Slowking
|-damage|p1a: Slowking|0 fnt
|faint|p1a: Slowking
|
|upkeep
|inactive|MooFarmer has 30 seconds left.
|
|t:|1760768913
|switch|p1a: Dondozo|Dondozo, M|100/100
|turn|36
|
|t:|1760768921
|-terastallize|p1a: Dondozo|Dark
|move|p2a: Sinistcha|Matcha Gotcha|p1a: Dondozo
|-damage|p1a: Dondozo|71/100
|move|p1a: Dondozo|Curse|p1a: Dondozo
|-unboost|p1a: Dondozo|spe|1
|-boost|p1a: Dondozo|atk|1
|-boost|p1a: Dondozo|def|1
|
|-heal|p1a: Dondozo|77/100|[from] item: Leftovers
|upkeep
|turn|37
|
|t:|1760768930
|switch|p2a: Weezing|Weezing-Galar, M|63/100 brn
|-ability|p2a: Weezing|Neutralizing Gas
|move|p1a: Dondozo|Curse|p1a: Dondozo
|-unboost|p1a: Dondozo|spe|1
|-boost|p1a: Dondozo|atk|1
|-boost|p1a: Dondozo|def|1
|
|-heal|p1a: Dondozo|83/100|[from] item: Leftovers
|-damage|p2a: Weezing|57/100 brn|[from] brn
|upkeep
|turn|38
|
|t:|1760768939
|move|p2a: Weezing|Strange Steam|p1a: Dondozo
|-supereffective|p1a: Dondozo
|-damage|p1a: Dondozo|33/100
|move|p1a: Dondozo|Curse|p1a: Dondozo
|-unboost|p1a: Dondozo|spe|1
|-boost|p1a: Dondozo|atk|1
|-boost|p1a: Dondozo|def|1
|
|-heal|p1a: Dondozo|39/100|[from] item: Leftovers
|-damage|p2a: Weezing|51/100 brn|[from] brn
|upkeep
|turn|39
|
|t:|1760768948
|switch|p1a: Cinderace|Cinderace, M|20/100
|move|p2a: Weezing|Strange Steam|p1a: Cinderace
|-resisted|p1a: Cinderace
|-damage|p1a: Cinderace|4/100
|-start|p1a: Cinderace|confusion
|
|-damage|p2a: Weezing|45/100 brn|[from] brn
|upkeep
|turn|40
|
|t:|1760768957
|switch|p1a: Ting-Lu|Ting-Lu|33/100
|move|p2a: Weezing|Strange Steam|p1a: Ting-Lu
|-supereffective|p1a: Ting-Lu
|-damage|p1a: Ting-Lu|2/100
|
|-heal|p1a: Ting-Lu|8/100|[from] item: Leftovers
|-damage|p2a: Weezing|39/100 brn|[from] brn
|upkeep
|turn|41
|inactive|MooFarmer has 60 seconds left.
|
|t:|1760768966
|move|p2a: Weezing|Strange Steam|p1a: Ting-Lu
|-supereffective|p1a: Ting-Lu
|-damage|p1a: Ting-Lu|0 fnt
|faint|p1a: Ting-Lu
|
|-damage|p2a: Weezing|33/100 brn|[from] brn
|upkeep
|inactive|MooFarmer has 60 seconds left.
|
|t:|1760768974
|switch|p1a: Cinderace|Cinderace, M|4/100
|turn|42
|
|t:|1760768983
|-end|p2a: Weezing|ability: Neutralizing Gas
|switch|p2a: Sinistcha|Sinistcha, shiny, tera:Poison|100/100
|move|p1a: Cinderace|Pyro Ball|p2a: Sinistcha
|-damage|p2a: Sinistcha|75/100
|
|upkeep
|turn|43
|
|t:|1760768992
|move|p1a: Cinderace|Pyro Ball|p2a: Sinistcha
|-damage|p2a: Sinistcha|53/100
|move|p2a: Sinistcha|Matcha Gotcha|p1a: Cinderace
|-resisted|p1a: Cinderace
|-damage|p1a: Cinderace|0 fnt
|-heal|p2a: Sinistcha|55/100|[from] drain|[of] p1a: Cinderace
|faint|p1a: Cinderace
|
|upkeep
|
|t:|1760769000
|switch|p1a: Dondozo|Dondozo, M, tera:Dark|39/100
|turn|44
|
|t:|1760769009
|switch|p2a: Weezing|Weezing-Galar, M|33/100 brn
|-ability|p2a: Weezing|Neutralizing Gas
|move|p1a: Dondozo|Rest|p1a: Dondozo
|-status|p1a: Dondozo|slp|[from] move: Rest
|-heal|p1a: Dondozo|100/100 slp|[silent]
|
|-damage|p2a: Weezing|27/100 brn|[from] brn
|upkeep
|turn|45
|
|t:|1760769017
|move|p2a: Weezing|Pain Split|p1a: Dondozo
|-sethp|p1a: Dondozo|59/100 slp|[from] move: Pain Split|[silent]
|-sethp|p2a: Weezing|89/100 brn|[from] move: Pain Split
|cant|p1a: Dondozo|slp
|
|-heal|p1a: Dondozo|65/100 slp|[from] item: Leftovers
|-damage|p2a: Weezing|83/100 brn|[from] brn
|upkeep
|turn|46
|
|t:|1760769024
|move|p2a: Weezing|Strange Steam|p1a: Dondozo
|-supereffective|p1a: Dondozo
|-damage|p1a: Dondozo|18/100 slp
|-start|p1a: Dondozo|confusion
|cant|p1a: Dondozo|slp
|
|-heal|p1a: Dondozo|24/100 slp|[from] item: Leftovers
|-damage|p2a: Weezing|77/100 brn|[from] brn
|upkeep
|turn|47
|inactive|MooFarmer has 90 seconds left.
|
|t:|1760769044
|move|p2a: Weezing|Strange Steam|p1a: Dondozo
|-supereffective|p1a: Dondozo
|-damage|p1a: Dondozo|0 fnt
|faint|p1a: Dondozo
|
|win|eros maniac
|raw|MooFarmer's rating: 1809 &rarr; <strong>1793</strong><br />(-16 for losing)
|raw|eros maniac's rating: 1871 &rarr; <strong>1887</strong><br />(+16 for winning)
|l|☆MooFarmer
|player|p1|
