|j|☆parkjm
|j|☆triforceofchozo
|t:|1760794706
|gametype|singles
|player|p1|parkjm|101|1168
|player|p2|triforceofchozo|lady-gen4|1213
|gen|9
|tier|[Gen 9] OU
|rated|
|rule|HP Percentage Mod: HP is shown in percentages
|rule|Endless Battle Clause: Forcing endless battles is banned
|rule|Species Clause: Limit one of each Pokémon
|rule|OHKO Clause: OHKO moves are banned
|rule|Evasion Items Clause: Evasion items are banned
|rule|Evasion Moves Clause: Evasion moves are banned
|rule|Evasion Abilities Clause: Evasion abilities are banned
|rule|Sleep Moves Clause: Sleep-inducing moves are banned
|clearpoke
|poke|p1|Dondozo, M|
|poke|p1|Glimmora, M|
|poke|p1|Scizor, M|
|poke|p1|Snorlax, M|
|poke|p1|Breloom, M|
|poke|p1|Iron Moth|
|poke|p2|Pelipper, F|
|poke|p2|Ludicolo, M|
|poke|p2|Barraskewda, M|
|poke|p2|Kingdra, M|
|poke|p2|Zapdos|
|poke|p2|Thundurus-Therian, M|
|teampreview
|
|t:|1760794710
|teamsize|p1|6
|teamsize|p2|6
|start
|switch|p1a: Glimmora|Glimmora, M|100/100
|switch|p2a: Pelipper|Pelipper, F|100/100
|-weather|RainDance|[from] ability: Drizzle|[of] p2a: Pelipper
|turn|1
|
|t:|1760794727
|move|p1a: Glimmora|Stealth Rock|p2a: Pelipper
|-sidestart|p2: triforceofchozo|move: Stealth Rock
|move|p2a: Pelipper|U-turn|p1a: Glimmora
|-resisted|p1a: Glimmora
|-damage|p1a: Glimmora|97/100
|-activate|p1a: Glimmora|ability: Toxic Debris
|-sidestart|p2: triforceofchozo|move: Toxic Spikes
|
|t:|1760794734
|switch|p2a: Thundurus|Thundurus-Therian, M|100/100|[from] U-turn
|
|-weather|RainDance|[upkeep]
|upkeep
|turn|2
|
|t:|1760794749
|move|p2a: Thundurus|Volt Switch|p1a: Glimmora
|-damage|p1a: Glimmora|54/100
|inactive|Battle timer is ON: inactive players will automatically lose when time's up. (requested by parkjm)
|
|t:|1760794767
|switch|p2a: Barraskewda|Barraskewda, M|100/100|[from] Volt Switch
|-damage|p2a: Barraskewda|88/100|[from] Stealth Rock
|-status|p2a: Barraskewda|psn
|move|p1a: Glimmora|Toxic||[still]
|-fail|p1a: Glimmora
|
|-weather|RainDance|[upkeep]
|-damage|p2a: Barraskewda|76/100 psn|[from] psn
|upkeep
|turn|3
|
|t:|1760794778
|move|p2a: Barraskewda|Flip Turn|p1a: Glimmora
|-supereffective|p1a: Glimmora
|-damage|p1a: Glimmora|0 fnt
|-activate|p1a: Glimmora|ability: Toxic Debris
|-sidestart|p2: triforceofchozo|move: Toxic Spikes
|faint|p1a: Glimmora
|
|t:|1760794790
|switch|p2a: Thundurus|Thundurus-Therian, M|100/100|[from] Flip Turn
|
|-weather|RainDance|[upkeep]
|upkeep
|
|t:|1760794812
|switch|p1a: Iron Moth|Iron Moth|100/100
|-enditem|p1a: Iron Moth|Booster Energy
|-activate|p1a: Iron Moth|ability: Quark Drive|[fromitem]
|-start|p1a: Iron Moth|quarkdrivespa
|turn|4
|
|t:|1760794821
|-terastallize|p1a: Iron Moth|Ground
|move|p1a: Iron Moth|Fiery Dance|p2a: Thundurus
|-damage|p2a: Thundurus|59/100
|move|p2a: Thundurus|Volt Switch|p1a: Iron Moth
|-immune|p1a: Iron Moth
|
|-weather|RainDance|[upkeep]
|upkeep
|turn|5
|
|t:|1760794841
|move|p1a: Iron Moth|Fiery Dance|p2a: Thundurus
|-damage|p2a: Thundurus|22/100
|-boost|p1a: Iron Moth|spa|1
|move|p2a: Thundurus|Grass Knot|p1a: Iron Moth
|-supereffective|p1a: Iron Moth
|-damage|p1a: Iron Moth|51/100
|
|-weather|RainDance|[upkeep]
|upkeep
|turn|6
|
|t:|1760794857
|switch|p2a: Barraskewda|Barraskewda, M|76/100 psn
|-damage|p2a: Barraskewda|64/100 psn|[from] Stealth Rock
|move|p1a: Iron Moth|Fiery Dance|p2a: Barraskewda
|-resisted|p2a: Barraskewda
|-damage|p2a: Barraskewda|15/100 psn
|-boost|p1a: Iron Moth|spa|1
|
|-weather|RainDance|[upkeep]
|-damage|p2a: Barraskewda|3/100 psn|[from] psn
|upkeep
|turn|7
|
|t:|1760794875
|move|p2a: Barraskewda|Liquidation|p1a: Iron Moth
|-supereffective|p1a: Iron Moth
|-damage|p1a: Iron Moth|0 fnt
|faint|p1a: Iron Moth
|-end|p1a: Iron Moth|Quark Drive|[silent]
|
|-weather|RainDance|[upkeep]
|-damage|p2a: Barraskewda|0 fnt|[from] psn
|faint|p2a: Barraskewda
|upkeep
|inactive|triforceofchozo has 120 seconds left.
|
|t:|1760794890
|switch|p2a: Zapdos|Zapdos|100/100
|switch|p1a: Breloom|Breloom, M|100/100
|-damage|p2a: Zapdos|75/100|[from] Stealth Rock
|-ability|p2a: Zapdos|Pressure
|turn|8
|inactive|triforceofchozo has 120 seconds left.
|
|t:|1760794902
|move|p1a: Breloom|Protect|p1a: Breloom
|-singleturn|p1a: Breloom|Protect
|move|p2a: Zapdos|Hurricane|p1a: Breloom
|-activate|p1a: Breloom|move: Protect
|
|-weather|none
|-heal|p2a: Zapdos|82/100|[from] item: Leftovers
|-status|p1a: Breloom|tox|[from] item: Toxic Orb
|upkeep
|turn|9
|
|t:|1760794915
|switch|p1a: Snorlax|Snorlax, M|100/100
|move|p2a: Zapdos|Hurricane|p1a: Snorlax
|-damage|p1a: Snorlax|73/100
|
|-heal|p2a: Zapdos|88/100|[from] item: Leftovers
|-heal|p1a: Snorlax|79/100|[from] item: Leftovers
|upkeep
|turn|10
|
|t:|1760794924
|move|p2a: Zapdos|Volt Switch|p1a: Snorlax
|-damage|p1a: Snorlax|59/100
|
|t:|1760794928
|switch|p2a: Pelipper|Pelipper, F|100/100|[from] Volt Switch
|-damage|p2a: Pelipper|76/100|[from] Stealth Rock
|-weather|RainDance|[from] ability: Drizzle|[of] p2a: Pelipper
|move|p1a: Snorlax|Curse|p1a: Snorlax
|-unboost|p1a: Snorlax|spe|1
|-boost|p1a: Snorlax|atk|1
|-boost|p1a: Snorlax|def|1
|
|-weather|RainDance|[upkeep]
|-heal|p1a: Snorlax|65/100|[from] item: Leftovers
|upkeep
|turn|11
|
|t:|1760794944
|move|p2a: Pelipper|U-turn|p1a: Snorlax
|-damage|p1a: Snorlax|61/100
|
|t:|1760794955
|switch|p2a: Ludicolo|Ludicolo, M|100/100|[from] U-turn
|-damage|p2a: Ludicolo|88/100|[from] Stealth Rock
|-status|p2a: Ludicolo|tox
|move|p1a: Snorlax|Curse|p1a: Snorlax
|-unboost|p1a: Snorlax|spe|1
|-boost|p1a: Snorlax|atk|1
|-boost|p1a: Snorlax|def|1
|
|-weather|RainDance|[upkeep]
|-heal|p1a: Snorlax|67/100|[from] item: Leftovers
|-damage|p2a: Ludicolo|82/100 tox|[from] psn
|upkeep
|turn|12
|inactive|triforceofchozo has 120 seconds left.
|
|t:|1760794981
|move|p1a: Snorlax|Protect|p1a: Snorlax
|-singleturn|p1a: Snorlax|Protect
|move|p2a: Ludicolo|Encore|p1a: Snorlax
|-activate|p1a: Snorlax|move: Protect
|
|-weather|RainDance|[upkeep]
|-heal|p1a: Snorlax|73/100|[from] item: Leftovers
|-damage|p2a: Ludicolo|70/100 tox|[from] psn
|upkeep
|turn|13
|
|t:|1760794992
|move|p2a: Ludicolo|Giga Drain|p1a: Snorlax
|-damage|p1a: Snorlax|53/100
|-heal|p2a: Ludicolo|88/100 tox|[from] drain|[of] p1a: Snorlax
|-damage|p2a: Ludicolo|78/100 tox|[from] item: Life Orb
|move|p1a: Snorlax|Double-Edge|p2a: Ludicolo
|-damage|p2a: Ludicolo|0 fnt
|faint|p2a: Ludicolo
|-damage|p1a: Snorlax|38/100|[from] Recoil
|
|-weather|RainDance|[upkeep]
|-heal|p1a: Snorlax|44/100|[from] item: Leftovers
|upkeep
|inactive|triforceofchozo has 120 seconds left.
|
|t:|1760795006
|switch|p2a: Kingdra|Kingdra, M|100/100
|-damage|p2a: Kingdra|88/100|[from] Stealth Rock
|-status|p2a: Kingdra|tox
|turn|14
|
|t:|1760795015
|move|p1a: Snorlax|Protect|p1a: Snorlax
|-singleturn|p1a: Snorlax|Protect
|move|p2a: Kingdra|Draco Meteor|p1a: Snorlax
|-activate|p1a: Snorlax|move: Protect
|
|-weather|RainDance|[upkeep]
|-heal|p1a: Snorlax|50/100|[from] item: Leftovers
|-damage|p2a: Kingdra|82/100 tox|[from] psn
|upkeep
|turn|15
|
|t:|1760795026
|move|p2a: Kingdra|Draco Meteor|p1a: Snorlax
|-damage|p1a: Snorlax|9/100
|-unboost|p2a: Kingdra|spa|2
|move|p1a: Snorlax|Earthquake|p2a: Kingdra
|-damage|p2a: Kingdra|19/100 tox
|
|-weather|RainDance|[upkeep]
|-heal|p1a: Snorlax|15/100|[from] item: Leftovers
|-damage|p2a: Kingdra|7/100 tox|[from] psn
|upkeep
|turn|16
|
|t:|1760795042
|move|p1a: Snorlax|Protect|p1a: Snorlax
|-singleturn|p1a: Snorlax|Protect
|move|p2a: Kingdra|Draco Meteor|p1a: Snorlax
|-activate|p1a: Snorlax|move: Protect
|
|-weather|RainDance|[upkeep]
|-heal|p1a: Snorlax|21/100|[from] item: Leftovers
|-damage|p2a: Kingdra|0 fnt|[from] psn
|faint|p2a: Kingdra
|upkeep
|inactive|triforceofchozo has 120 seconds left.
|
|t:|1760795054
|switch|p2a: Thundurus|Thundurus-Therian, M|22/100
|turn|17
|
|t:|1760795065
|move|p1a: Snorlax|Protect|p1a: Snorlax
|-singleturn|p1a: Snorlax|Protect
|move|p2a: Thundurus|Thunder|p1a: Snorlax
|-activate|p1a: Snorlax|move: Protect
|
|-weather|none
|-heal|p1a: Snorlax|27/100|[from] item: Leftovers
|upkeep
|turn|18
|
|t:|1760795074
|move|p2a: Thundurus|Thunder|p1a: Snorlax|[miss]
|-miss|p2a: Thundurus|p1a: Snorlax
|move|p1a: Snorlax|Double-Edge|p2a: Thundurus
|-damage|p2a: Thundurus|0 fnt
|faint|p2a: Thundurus
|-damage|p1a: Snorlax|23/100|[from] Recoil
|
|-heal|p1a: Snorlax|29/100|[from] item: Leftovers
|upkeep
|-message|triforceofchozo forfeited.
|
|win|parkjm
|raw|parkjm's rating: 1168 &rarr; <strong>1196</strong><br />(+28 for winning)
|raw|triforceofchozo's rating: 1213 &rarr; <strong>1185</strong><br />(-28 for losing)
|l|☆triforceofchozo
|player|p2|
|l|☆parkjm
|player|p1|
