|j|☆M0nskey
|j|☆Dabsito
|t:|1760828303
|gametype|singles
|player|p1|M0nskey|iris-gen5bw2|1305
|player|p2|Dabsito|266|1250
|gen|9
|tier|[Gen 9] OU
|rated|
|rule|HP Percentage Mod: HP is shown in percentages
|rule|Endless Battle Clause: Forcing endless battles is banned
|rule|Species Clause: Limit one of each Pokémon
|rule|OHKO Clause: OHKO moves are banned
|rule|Evasion Items Clause: Evasion items are banned
|rule|Evasion Moves Clause: Evasion moves are banned
|rule|Evasion Abilities Clause: Evasion abilities are banned
|rule|Sleep Moves Clause: Sleep-inducing moves are banned
|clearpoke
|poke|p1|Ceruledge, M|
|poke|p1|Dragapult, M|
|poke|p1|Primarina, F|
|poke|p1|Zapdos|
|poke|p1|Landorus-Therian, M|
|poke|p1|Scizor, F|
|poke|p2|Lapras, F|
|poke|p2|Slowking-Galar, F|
|poke|p2|Latios, M|
|poke|p2|Sinistcha-Masterpiece|
|poke|p2|Conkeldurr, M|
|poke|p2|Talonflame, F|
|teampreview
|
|t:|1760828308
|teamsize|p1|6
|teamsize|p2|6
|start
|switch|p1a: Landorus|Landorus-Therian, M|100/100
|switch|p2a: Lapras|Lapras, F|100/100
|-ability|p1a: Landorus|Intimidate|boost
|-unboost|p2a: Lapras|atk|1
|turn|1
|
|t:|1760828311
|move|p1a: Landorus|Taunt|p2a: Lapras
|-start|p2a: Lapras|move: Taunt
|move|p2a: Lapras|Whirlpool|p1a: Landorus
|-supereffective|p1a: Landorus
|-damage|p1a: Landorus|80/100
|-activate|p1a: Landorus|move: Whirlpool|[of] p2a: Lapras
|
|-damage|p1a: Landorus|67/100|[from] move: Whirlpool|[partiallytrapped]
|upkeep
|turn|2
|
|t:|1760828317
|move|p1a: Landorus|Stealth Rock|p2a: Lapras
|-sidestart|p2: Dabsito|move: Stealth Rock
|move|p2a: Lapras|Whirlpool|p1a: Landorus
|-supereffective|p1a: Landorus
|-damage|p1a: Landorus|45/100
|
|-damage|p1a: Landorus|32/100|[from] move: Whirlpool|[partiallytrapped]
|upkeep
|turn|3
|
|t:|1760828324
|move|p1a: Landorus|U-turn|p2a: Lapras
|-damage|p2a: Lapras|86/100
|
|t:|1760828346
|switch|p1a: Primarina|Primarina, F|100/100|[from] U-turn
|move|p2a: Lapras|Whirlpool|p1a: Primarina
|-resisted|p1a: Primarina
|-damage|p1a: Primarina|97/100
|-activate|p1a: Primarina|move: Whirlpool|[of] p2a: Lapras
|
|-heal|p2a: Lapras|93/100|[from] item: Leftovers
|-damage|p1a: Primarina|84/100|[from] move: Whirlpool|[partiallytrapped]
|-end|p2a: Lapras|move: Taunt
|upkeep
|turn|4
|
|t:|1760828353
|move|p1a: Primarina|Moonblast|p2a: Lapras
|-damage|p2a: Lapras|58/100
|move|p2a: Lapras|Perish Song|p2a: Lapras
|-start|p1a: Primarina|perish3|[silent]
|-start|p2a: Lapras|perish3|[silent]
|-fieldactivate|move: Perish Song
|
|-heal|p2a: Lapras|65/100|[from] item: Leftovers
|-damage|p1a: Primarina|72/100|[from] move: Whirlpool|[partiallytrapped]
|-start|p1a: Primarina|perish3
|-start|p2a: Lapras|perish3
|upkeep
|turn|5
|
|t:|1760828361
|move|p1a: Primarina|Moonblast|p2a: Lapras
|-damage|p2a: Lapras|31/100
|move|p2a: Lapras|Life Dew|p2a: Lapras
|-heal|p2a: Lapras|56/100
|
|-heal|p2a: Lapras|62/100|[from] item: Leftovers
|-damage|p1a: Primarina|59/100|[from] move: Whirlpool|[partiallytrapped]
|-start|p1a: Primarina|perish2
|-start|p2a: Lapras|perish2
|upkeep
|turn|6
|
|t:|1760828373
|move|p2a: Lapras|Protect|p2a: Lapras
|-singleturn|p2a: Lapras|Protect
|move|p1a: Primarina|Moonblast|p2a: Lapras
|-activate|p2a: Lapras|move: Protect
|
|-heal|p2a: Lapras|69/100|[from] item: Leftovers
|-damage|p1a: Primarina|47/100|[from] move: Whirlpool|[partiallytrapped]
|-start|p1a: Primarina|perish1
|-start|p2a: Lapras|perish1
|upkeep
|turn|7
|
|t:|1760828382
|switch|p2a: Slowking|Slowking-Galar, F|100/100
|-damage|p2a: Slowking|88/100|[from] Stealth Rock
|move|p1a: Primarina|Flip Turn|p2a: Slowking
|-damage|p2a: Slowking|73/100
|
|t:|1760828396
|switch|p1a: Ceruledge|Ceruledge, M|100/100|[from] Flip Turn
|
|-heal|p2a: Slowking|79/100|[from] item: Black Sludge
|upkeep
|turn|8
|
|t:|1760828401
|move|p1a: Ceruledge|Poltergeist|p2a: Slowking
|-activate|p2a: Slowking|move: Poltergeist|Black Sludge
|-supereffective|p2a: Slowking
|-damage|p2a: Slowking|0 fnt
|faint|p2a: Slowking
|
|upkeep
|
|t:|1760828405
|switch|p2a: Talonflame|Talonflame, F|100/100
|turn|9
|
|t:|1760828416
|move|p2a: Talonflame|Defog|p1a: Ceruledge
|-unboost|p1a: Ceruledge|evasion|1
|-sideend|p2: Dabsito|Stealth Rock|[from] move: Defog|[of] p2a: Talonflame
|move|p1a: Ceruledge|Swords Dance|p1a: Ceruledge
|-boost|p1a: Ceruledge|atk|2
|
|upkeep
|turn|10
|
|t:|1760828423
|switch|p2a: Lapras|Lapras, F|69/100
|move|p1a: Ceruledge|Poltergeist|p2a: Lapras
|-activate|p2a: Lapras|move: Poltergeist|Leftovers
|-damage|p2a: Lapras|0 fnt
|faint|p2a: Lapras
|
|upkeep
|
|t:|1760828436
|switch|p2a: Sinistcha|Sinistcha-Masterpiece|100/100
|turn|11
|
|t:|1760828443
|-terastallize|p2a: Sinistcha|Water
|move|p1a: Ceruledge|Poltergeist|p2a: Sinistcha
|-activate|p2a: Sinistcha|move: Poltergeist|Rocky Helmet
|-damage|p2a: Sinistcha|23/100
|move|p2a: Sinistcha|Hex|p1a: Ceruledge
|-supereffective|p1a: Ceruledge
|-damage|p1a: Ceruledge|42/100
|
|upkeep
|turn|12
|
|t:|1760828455
|move|p1a: Ceruledge|Night Shade|p2a: Sinistcha
|-damage|p2a: Sinistcha|0 fnt
|faint|p2a: Sinistcha
|
|upkeep
|
|t:|1760828458
|switch|p2a: Latios|Latios, M|100/100
|turn|13
|
|t:|1760828477
|move|p2a: Latios|Luster Purge|p1a: Ceruledge
|-damage|p1a: Ceruledge|0 fnt
|faint|p1a: Ceruledge
|
|upkeep
|
|t:|1760828494
|switch|p1a: Dragapult|Dragapult, M|100/100
|turn|14
|
|t:|1760828513
|switch|p2a: Conkeldurr|Conkeldurr, M|100/100
|move|p1a: Dragapult|Draco Meteor|p2a: Conkeldurr
|-damage|p2a: Conkeldurr|47/100
|-unboost|p1a: Dragapult|spa|2
|
|-status|p2a: Conkeldurr|brn|[from] item: Flame Orb
|upkeep
|turn|15
|
|t:|1760828523
|move|p1a: Dragapult|U-turn|p2a: Conkeldurr
|-resisted|p2a: Conkeldurr
|-damage|p2a: Conkeldurr|40/100 brn
|
|t:|1760828537
|switch|p1a: Scizor|Scizor, F|100/100|[from] U-turn
|move|p2a: Conkeldurr|Drain Punch|p1a: Scizor
|-damage|p1a: Scizor|31/100
|-heal|p2a: Conkeldurr|66/100 brn|[from] drain|[of] p1a: Scizor
|
|-damage|p2a: Conkeldurr|60/100 brn|[from] brn
|upkeep
|turn|16
|
|t:|1760828550
|move|p1a: Scizor|Close Combat|p2a: Conkeldurr
|-damage|p2a: Conkeldurr|11/100 brn
|-unboost|p1a: Scizor|def|1
|-unboost|p1a: Scizor|spd|1
|-damage|p1a: Scizor|21/100|[from] item: Life Orb
|move|p2a: Conkeldurr|Drain Punch|p1a: Scizor
|-damage|p1a: Scizor|0 fnt
|-heal|p2a: Conkeldurr|19/100 brn|[from] drain|[of] p1a: Scizor
|faint|p1a: Scizor
|
|-damage|p2a: Conkeldurr|13/100 brn|[from] brn
|upkeep
|
|t:|1760828557
|switch|p1a: Dragapult|Dragapult, M|100/100
|turn|17
|
|t:|1760828563
|move|p1a: Dragapult|Hex|p2a: Conkeldurr
|-damage|p2a: Conkeldurr|0 fnt
|faint|p2a: Conkeldurr
|
|upkeep
|
|t:|1760828564
|switch|p2a: Latios|Latios, M|100/100
|turn|18
|
|t:|1760828571
|move|p2a: Latios|Draco Meteor|p1a: Dragapult
|-supereffective|p1a: Dragapult
|-enditem|p1a: Dragapult|Focus Sash
|-damage|p1a: Dragapult|1/100
|-unboost|p2a: Latios|spa|2
|move|p1a: Dragapult|Draco Meteor|p2a: Latios
|-supereffective|p2a: Latios
|-damage|p2a: Latios|0 fnt
|-unboost|p1a: Dragapult|spa|2
|faint|p2a: Latios
|
|upkeep
|
|t:|1760828574
|switch|p2a: Talonflame|Talonflame, F|100/100
|turn|19
|
|t:|1760828585
|move|p1a: Dragapult|Thunder Wave|p2a: Talonflame
|-status|p2a: Talonflame|par
|move|p2a: Talonflame|U-turn|p1a: Dragapult
|-resisted|p1a: Dragapult
|-damage|p1a: Dragapult|0 fnt
|faint|p1a: Dragapult
|
|upkeep
|
|t:|1760828594
|switch|p1a: Zapdos|Zapdos|100/100
|turn|20
|inactive|Battle timer is ON: inactive players will automatically lose when time's up. (requested by M0nskey)
|l|☆Dabsito
|inactive|Dabsito disconnected and has a minute to reconnect!
|player|p2|
|inactive|Dabsito has 30 seconds to reconnect!
|j|☆Dabsito
|inactive|Dabsito reconnected and has 115 seconds left.
|player|p2|Dabsito|266|
|-message|Dabsito forfeited.
|
|win|M0nskey
|raw|M0nskey's rating: 1305 &rarr; <strong>1322</strong><br />(+17 for winning)
|raw|Dabsito's rating: 1250 &rarr; <strong>1229</strong><br />(-21 for losing)
|l|☆Dabsito
|player|p2|
|l|☆M0nskey
|player|p1|
