|j|☆ILOVEPECHARUNTRAH
|j|☆henry151th
|t:|1760727830
|gametype|singles
|player|p1|ILOVEPECHARUNTRAH|miku-ghost|
|player|p2|henry151th|wallace|
|gen|9
|tier|[Gen 9] OU
|rule|HP Percentage Mod: HP is shown in percentages
|rule|Endless Battle Clause: Forcing endless battles is banned
|rule|Species Clause: Limit one of each Pokémon
|rule|OHKO Clause: OHKO moves are banned
|rule|Evasion Items Clause: Evasion items are banned
|rule|Evasion Moves Clause: Evasion moves are banned
|rule|Evasion Abilities Clause: Evasion abilities are banned
|rule|Sleep Moves Clause: Sleep-inducing moves are banned
|clearpoke
|poke|p1|Iron Valiant|
|poke|p1|Rotom-Wash|
|poke|p1|Ting-Lu|
|poke|p1|Dragonite, F|
|poke|p1|Gholdengo|
|poke|p1|Latios, M|
|poke|p2|Bellibolt, F|
|poke|p2|Tinkaton, F|
|poke|p2|Rillaboom, F|
|poke|p2|Dragapult, M|
|poke|p2|Alomomola, F|
|poke|p2|Great Tusk|
|teampreview
|c|☆ILOVEPECHARUNTRAH|no way it's 'rub mah belleh'
|c|☆henry151th|Pulled up to the squad with bellibolt
|
|t:|1760727864
|teamsize|p1|6
|teamsize|p2|6
|start
|switch|p1a: Rotom|Rotom-Wash|100/100
|switch|p2a: BOLTENHEIMER|Bellibolt, F|100/100
|turn|1
|
|t:|1760727877
|move|p1a: Rotom|Volt Switch|p2a: BOLTENHEIMER
|-resisted|p2a: BOLTENHEIMER
|-damage|p2a: BOLTENHEIMER|93/100
|-start|p2a: BOLTENHEIMER|Charge|Volt Switch|[from] ability: Electromorphosis
|
|t:|1760727879
|switch|p1a: Ting-Lu|Ting-Lu|100/100|[from] Volt Switch
|-ability|p1a: Ting-Lu|Vessel of Ruin
|move|p2a: BOLTENHEIMER|Soak|p1a: Ting-Lu
|-start|p1a: Ting-Lu|typechange|Water
|
|upkeep
|turn|2
|
|t:|1760727899
|switch|p1a: Rotom|Rotom-Wash|100/100
|move|p2a: BOLTENHEIMER|Discharge|p1a: Rotom
|-damage|p1a: Rotom|44/100
|-end|p2a: BOLTENHEIMER|Charge|[silent]
|
|-heal|p1a: Rotom|50/100|[from] item: Leftovers
|upkeep
|turn|3
|
|t:|1760727906
|move|p1a: Rotom|Pain Split|p2a: BOLTENHEIMER
|-sethp|p2a: BOLTENHEIMER|64/100|[from] move: Pain Split|[silent]
|-sethp|p1a: Rotom|89/100|[from] move: Pain Split
|move|p2a: BOLTENHEIMER|Toxic|p1a: Rotom
|-status|p1a: Rotom|tox
|
|-heal|p1a: Rotom|95/100 tox|[from] item: Leftovers
|-damage|p1a: Rotom|89/100 tox|[from] psn
|upkeep
|turn|4
|
|t:|1760727918
|move|p1a: Rotom|Will-O-Wisp|p2a: BOLTENHEIMER
|-status|p2a: BOLTENHEIMER|brn
|move|p2a: BOLTENHEIMER|Slack Off|p2a: BOLTENHEIMER
|-heal|p2a: BOLTENHEIMER|100/100 brn
|
|-heal|p1a: Rotom|95/100 tox|[from] item: Leftovers
|-damage|p1a: Rotom|83/100 tox|[from] psn
|-damage|p2a: BOLTENHEIMER|94/100 brn|[from] brn
|upkeep
|turn|5
|c|☆henry151th|Bellibolt lowkey shmixed
|
|t:|1760727930
|switch|p1a: Gholdengo|Gholdengo|100/100
|-item|p1a: Gholdengo|Air Balloon
|move|p2a: BOLTENHEIMER|Toxic|p1a: Gholdengo
|-immune|p1a: Gholdengo|[from] ability: Good as Gold
|
|-damage|p2a: BOLTENHEIMER|88/100 brn|[from] brn
|upkeep
|turn|6
|c|☆ILOVEPECHARUNTRAH|fr
|
|t:|1760727936
|switch|p2a: RAGNAROK|Tinkaton, F|100/100
|-ability|p2a: RAGNAROK|Mold Breaker
|-item|p2a: RAGNAROK|Air Balloon
|move|p1a: Gholdengo|Hex|p2a: RAGNAROK
|-damage|p2a: RAGNAROK|80/100
|-enditem|p2a: RAGNAROK|Air Balloon
|
|upkeep
|turn|7
|
|t:|1760727951
|switch|p1a: Rotom|Rotom-Wash|83/100 tox
|move|p2a: RAGNAROK|Thunder Wave||[still]
|-fail|p2a: RAGNAROK
|
|-heal|p1a: Rotom|89/100 tox|[from] item: Leftovers
|-damage|p1a: Rotom|83/100 tox|[from] psn
|upkeep
|turn|8
|
|t:|1760727956
|switch|p2a: BOLTENHEIMER|Bellibolt, F|88/100 brn
|move|p1a: Rotom|Volt Switch|p2a: BOLTENHEIMER
|-resisted|p2a: BOLTENHEIMER
|-damage|p2a: BOLTENHEIMER|80/100 brn
|-start|p2a: BOLTENHEIMER|Charge|Volt Switch|[from] ability: Electromorphosis
|
|t:|1760727973
|switch|p1a: Ting-Lu|Ting-Lu|100/100|[from] Volt Switch
|-ability|p1a: Ting-Lu|Vessel of Ruin
|
|-damage|p2a: BOLTENHEIMER|74/100 brn|[from] brn
|upkeep
|turn|9
|
|t:|1760727976
|move|p2a: BOLTENHEIMER|Toxic|p1a: Ting-Lu
|-status|p1a: Ting-Lu|tox
|move|p1a: Ting-Lu|Earthquake|p2a: BOLTENHEIMER
|-supereffective|p2a: BOLTENHEIMER
|-damage|p2a: BOLTENHEIMER|2/100 brn
|-start|p2a: BOLTENHEIMER|Charge|Earthquake|[from] ability: Electromorphosis
|
|-damage|p1a: Ting-Lu|94/100 tox|[from] psn
|-damage|p2a: BOLTENHEIMER|0 fnt|[from] brn
|faint|p2a: BOLTENHEIMER
|upkeep
|c|☆henry151th|Honestly worth it
|c|☆ILOVEPECHARUNTRAH|solid bellibolt value icl
|
|t:|1760727989
|switch|p2a: METRO BOOMER|Rillaboom, F|100/100
|-fieldstart|move: Grassy Terrain|[from] ability: Grassy Surge|[of] p2a: METRO BOOMER
|turn|10
|
|t:|1760727998
|switch|p1a: Dragonite|Dragonite, F|100/100
|move|p2a: METRO BOOMER|Wood Hammer|p1a: Dragonite
|-resisted|p1a: Dragonite
|-damage|p1a: Dragonite|85/100
|-damage|p2a: METRO BOOMER|95/100|[from] Recoil
|
|-heal|p2a: METRO BOOMER|100/100|[from] Grassy Terrain
|upkeep
|turn|11
|
|t:|1760728020
|switch|p2a: Alomolested|Alomomola, F|100/100
|move|p1a: Dragonite|Dragon Tail|p2a: Alomolested|[miss]
|-miss|p1a: Dragonite|p2a: Alomolested
|
|upkeep
|turn|12
|
|t:|1760728030
|switch|p1a: Rotom|Rotom-Wash|83/100 tox
|move|p2a: Alomolested|Flip Turn|p1a: Rotom
|-resisted|p1a: Rotom
|-damage|p1a: Rotom|77/100 tox
|c|☆henry151th|Crazy nickname btw
|
|t:|1760728038
|switch|p2a: NIGHTWING|Dragapult, M|100/100|[from] Flip Turn
|
|-heal|p1a: Rotom|83/100 tox|[from] item: Leftovers
|-damage|p1a: Rotom|77/100 tox|[from] psn
|upkeep
|turn|13
|c|☆ILOVEPECHARUNTRAH|fr
|
|t:|1760728043
|switch|p1a: Ting-Lu|Ting-Lu|94/100 tox
|-ability|p1a: Ting-Lu|Vessel of Ruin
|move|p2a: NIGHTWING|Hex|p1a: Ting-Lu
|-resisted|p1a: Ting-Lu
|-damage|p1a: Ting-Lu|76/100 tox
|
|-heal|p1a: Ting-Lu|82/100 tox|[from] Grassy Terrain
|-heal|p1a: Ting-Lu|89/100 tox|[from] item: Leftovers
|-damage|p1a: Ting-Lu|82/100 tox|[from] psn
|upkeep
|turn|14
|
|t:|1760728054
|switch|p2a: Alomolested|Alomomola, F|100/100
|move|p1a: Ting-Lu|Ruination|p2a: Alomolested
|-damage|p2a: Alomolested|51/100
|
|-heal|p1a: Ting-Lu|89/100 tox|[from] Grassy Terrain
|-heal|p1a: Ting-Lu|95/100 tox|[from] item: Leftovers
|-heal|p2a: Alomolested|57/100|[from] Grassy Terrain
|-damage|p1a: Ting-Lu|82/100 tox|[from] psn
|-fieldend|move: Grassy Terrain
|upkeep
|turn|15
|
|t:|1760728061
|switch|p1a: Latios|Latios, M|100/100
|move|p2a: Alomolested|Flip Turn|p1a: Latios
|-resisted|p1a: Latios
|-damage|p1a: Latios|90/100
|
|t:|1760728067
|switch|p2a: METRO BOOMER|Rillaboom, F|100/100|[from] Flip Turn
|-fieldstart|move: Grassy Terrain|[from] ability: Grassy Surge|[of] p2a: METRO BOOMER
|
|upkeep
|turn|16
|
|t:|1760728085
|switch|p2a: RAGNAROK|Tinkaton, F|80/100
|-ability|p2a: RAGNAROK|Mold Breaker
|move|p1a: Latios|Flip Turn|p2a: RAGNAROK
|-damage|p2a: RAGNAROK|67/100
|
|t:|1760728096
|switch|p1a: Rotom|Rotom-Wash|77/100 tox|[from] Flip Turn
|
|-heal|p2a: RAGNAROK|73/100|[from] Grassy Terrain
|-heal|p1a: Rotom|83/100 tox|[from] item: Leftovers
|-damage|p1a: Rotom|77/100 tox|[from] psn
|upkeep
|turn|17
|c|☆henry151th|All my nicknames are shiest ngl
|
|t:|1760728110
|move|p2a: RAGNAROK|Thunder Wave||[still]
|-fail|p2a: RAGNAROK
|move|p1a: Rotom|Volt Switch|p2a: RAGNAROK
|-damage|p2a: RAGNAROK|54/100
|c|☆henry151th|Also im bad
|
|t:|1760728120
|switch|p1a: Iron Valiant|Iron Valiant|100/100|[from] Volt Switch
|
|-heal|p2a: RAGNAROK|60/100|[from] Grassy Terrain
|upkeep
|turn|18
|
|t:|1760728136
|-end|p1a: Iron Valiant|Quark Drive|[silent]
|switch|p1a: Rotom|Rotom-Wash|77/100 tox
|move|p2a: RAGNAROK|Gigaton Hammer|p1a: Rotom
|-resisted|p1a: Rotom
|-damage|p1a: Rotom|68/100 tox
|
|-heal|p2a: RAGNAROK|66/100|[from] Grassy Terrain
|-heal|p1a: Rotom|75/100 tox|[from] item: Leftovers
|-damage|p1a: Rotom|68/100 tox|[from] psn
|upkeep
|turn|19
|
|t:|1760728146
|move|p2a: RAGNAROK|Stealth Rock|p1a: Rotom
|-sidestart|p1: ILOVEPECHARUNTRAH|move: Stealth Rock
|move|p1a: Rotom|Will-O-Wisp|p2a: RAGNAROK
|-status|p2a: RAGNAROK|brn
|
|-heal|p2a: RAGNAROK|73/100 brn|[from] Grassy Terrain
|-heal|p1a: Rotom|75/100 tox|[from] item: Leftovers
|-damage|p1a: Rotom|62/100 tox|[from] psn
|-damage|p2a: RAGNAROK|66/100 brn|[from] brn
|-fieldend|move: Grassy Terrain
|upkeep
|turn|20
|
|t:|1760728152
|move|p2a: RAGNAROK|Encore|p1a: Rotom
|-start|p1a: Rotom|Encore
|move|p1a: Rotom|Will-O-Wisp|p2a: RAGNAROK
|-fail|p2a: RAGNAROK|brn
|
|-heal|p1a: Rotom|68/100 tox|[from] item: Leftovers
|-damage|p1a: Rotom|50/100 tox|[from] psn
|-damage|p2a: RAGNAROK|60/100 brn|[from] brn
|upkeep
|turn|21
|
|t:|1760728155
|switch|p2a: NIGHTWING|Dragapult, M|100/100
|switch|p1a: Ting-Lu|Ting-Lu|82/100 tox
|-damage|p1a: Ting-Lu|76/100 tox|[from] Stealth Rock
|-ability|p1a: Ting-Lu|Vessel of Ruin
|
|-heal|p1a: Ting-Lu|82/100 tox|[from] item: Leftovers
|-damage|p1a: Ting-Lu|76/100 tox|[from] psn
|upkeep
|turn|22
|
|t:|1760728160
|switch|p2a: METRO BOOMER|Rillaboom, F|100/100
|-fieldstart|move: Grassy Terrain|[from] ability: Grassy Surge|[of] p2a: METRO BOOMER
|move|p1a: Ting-Lu|Stealth Rock|p2a: METRO BOOMER
|-sidestart|p2: henry151th|move: Stealth Rock
|
|-heal|p1a: Ting-Lu|82/100 tox|[from] Grassy Terrain
|-heal|p1a: Ting-Lu|89/100 tox|[from] item: Leftovers
|-damage|p1a: Ting-Lu|76/100 tox|[from] psn
|upkeep
|turn|23
|
|t:|1760728174
|switch|p1a: Dragonite|Dragonite, F|85/100
|move|p2a: METRO BOOMER|U-turn|p1a: Dragonite
|-resisted|p1a: Dragonite
|-damage|p1a: Dragonite|67/100
|
|t:|1760728178
|switch|p2a: NIGHTWING|Dragapult, M|100/100|[from] U-turn
|-damage|p2a: NIGHTWING|88/100|[from] Stealth Rock
|
|-heal|p2a: NIGHTWING|94/100|[from] Grassy Terrain
|upkeep
|turn|24
|
|t:|1760728185
|switch|p1a: Ting-Lu|Ting-Lu|76/100 tox
|-damage|p1a: Ting-Lu|70/100 tox|[from] Stealth Rock
|-ability|p1a: Ting-Lu|Vessel of Ruin
|move|p2a: NIGHTWING|Shadow Ball|p1a: Ting-Lu
|-resisted|p1a: Ting-Lu
|-damage|p1a: Ting-Lu|59/100 tox
|-unboost|p1a: Ting-Lu|spd|1
|
|-heal|p2a: NIGHTWING|99/100|[from] Grassy Terrain
|-heal|p1a: Ting-Lu|66/100 tox|[from] Grassy Terrain
|-heal|p1a: Ting-Lu|72/100 tox|[from] item: Leftovers
|-damage|p1a: Ting-Lu|66/100 tox|[from] psn
|upkeep
|turn|25
|
|t:|1760728190
|move|p2a: NIGHTWING|Shadow Ball|p1a: Ting-Lu
|-resisted|p1a: Ting-Lu
|-damage|p1a: Ting-Lu|50/100 tox
|move|p1a: Ting-Lu|Ruination|p2a: NIGHTWING
|-damage|p2a: NIGHTWING|50/100
|
|-heal|p2a: NIGHTWING|56/100|[from] Grassy Terrain
|-heal|p1a: Ting-Lu|56/100 tox|[from] Grassy Terrain
|-heal|p1a: Ting-Lu|62/100 tox|[from] item: Leftovers
|-damage|p1a: Ting-Lu|50/100 tox|[from] psn
|upkeep
|turn|26
|
|t:|1760728196
|switch|p2a: Alomolested|Alomomola, F|90/100
|move|p1a: Ting-Lu|Ruination|p2a: Alomolested
|-damage|p2a: Alomolested|45/100
|
|-heal|p1a: Ting-Lu|56/100 tox|[from] Grassy Terrain
|-heal|p1a: Ting-Lu|62/100 tox|[from] item: Leftovers
|-heal|p2a: Alomolested|51/100|[from] Grassy Terrain
|-damage|p1a: Ting-Lu|43/100 tox|[from] psn
|-fieldend|move: Grassy Terrain
|upkeep
|turn|27
|
|t:|1760728209
|switch|p1a: Latios|Latios, M|90/100
|-damage|p1a: Latios|78/100|[from] Stealth Rock
|move|p2a: Alomolested|Wish|p2a: Alomolested
|
|upkeep
|turn|28
|
|t:|1760728225
|move|p2a: Alomolested|Protect|p2a: Alomolested
|-singleturn|p2a: Alomolested|Protect
|move|p1a: Latios|Trick|p2a: Alomolested
|-activate|p2a: Alomolested|move: Protect
|
|-heal|p2a: Alomolested|100/100|[from] move: Wish|[wisher] Alomolested
|upkeep
|turn|29
|
|t:|1760728228
|switch|p2a: Midtusk|Great Tusk|100/100
|move|p1a: Latios|Trick|p2a: Midtusk
|-activate|p1a: Latios|move: Trick|[of] p2a: Midtusk
|-item|p2a: Midtusk|Choice Scarf|[from] move: Trick
|-item|p1a: Latios|Heavy-Duty Boots|[from] move: Trick
|
|upkeep
|turn|30
|
|t:|1760728247
|switch|p1a: Gholdengo|Gholdengo|100/100
|-damage|p1a: Gholdengo|94/100|[from] Stealth Rock
|-item|p1a: Gholdengo|Air Balloon
|move|p2a: Midtusk|Close Combat|p1a: Gholdengo
|-immune|p1a: Gholdengo
|
|upkeep
|turn|31
|
|t:|1760728258
|-end|p2a: Midtusk|Protosynthesis|[silent]
|switch|p2a: RAGNAROK|Tinkaton, F|60/100 brn
|-damage|p2a: RAGNAROK|54/100 brn|[from] Stealth Rock
|-ability|p2a: RAGNAROK|Mold Breaker
|move|p1a: Gholdengo|Hex|p2a: RAGNAROK
|-damage|p2a: RAGNAROK|17/100 brn
|
|-damage|p2a: RAGNAROK|11/100 brn|[from] brn
|upkeep
|turn|32
|
|t:|1760728269
|switch|p1a: Rotom|Rotom-Wash|50/100 tox
|-damage|p1a: Rotom|37/100 tox|[from] Stealth Rock
|move|p2a: RAGNAROK|Thunder Wave||[still]
|-fail|p2a: RAGNAROK
|
|-heal|p1a: Rotom|43/100 tox|[from] item: Leftovers
|-damage|p1a: Rotom|37/100 tox|[from] psn
|-damage|p2a: RAGNAROK|5/100 brn|[from] brn
|upkeep
|turn|33
|
|t:|1760728281
|switch|p2a: Alomolested|Alomomola, F|100/100
|move|p1a: Rotom|Hydro Pump|p2a: Alomolested
|-resisted|p2a: Alomolested
|-damage|p2a: Alomolested|82/100
|
|-heal|p1a: Rotom|43/100 tox|[from] item: Leftovers
|-damage|p1a: Rotom|31/100 tox|[from] psn
|upkeep
|turn|34
|
|t:|1760728285
|move|p2a: Alomolested|Protect|p2a: Alomolested
|-singleturn|p2a: Alomolested|Protect
|move|p1a: Rotom|Pain Split|p2a: Alomolested
|-activate|p2a: Alomolested|move: Protect
|
|-heal|p1a: Rotom|37/100 tox|[from] item: Leftovers
|-damage|p1a: Rotom|18/100 tox|[from] psn
|upkeep
|turn|35
|
|t:|1760728291
|switch|p2a: RAGNAROK|Tinkaton, F|5/100 brn
|-damage|p2a: RAGNAROK|0 fnt|[from] Stealth Rock
|faint|p2a: RAGNAROK
|move|p1a: Rotom|Volt Switch|p2: RAGNAROK|[notarget]
|-fail|p1a: Rotom
|
|-heal|p1a: Rotom|25/100 tox|[from] item: Leftovers
|-damage|p1a: Rotom|0 fnt|[from] psn
|faint|p1a: Rotom
|upkeep
|
|t:|1760728307
|switch|p2a: Alomolested|Alomomola, F|100/100
|switch|p1a: Latios|Latios, M|78/100
|turn|36
|
|t:|1760728313
|move|p1a: Latios|Psychic Noise|p2a: Alomolested
|-damage|p2a: Alomolested|67/100
|-start|p2a: Alomolested|move: Heal Block
|move|p2a: Alomolested|Flip Turn|p1a: Latios
|-resisted|p1a: Latios
|-damage|p1a: Latios|66/100
|
|t:|1760728316
|switch|p2a: METRO BOOMER|Rillaboom, F|100/100|[from] Flip Turn
|-damage|p2a: METRO BOOMER|88/100|[from] Stealth Rock
|-fieldstart|move: Grassy Terrain|[from] ability: Grassy Surge|[of] p2a: METRO BOOMER
|
|-heal|p2a: METRO BOOMER|94/100|[from] Grassy Terrain
|upkeep
|turn|37
|
|t:|1760728327
|-terastallize|p1a: Latios|Dragon
|move|p1a: Latios|Draco Meteor|p2a: METRO BOOMER
|-damage|p2a: METRO BOOMER|0 fnt
|-unboost|p1a: Latios|spa|2
|faint|p2a: METRO BOOMER
|
|upkeep
|
|t:|1760728333
|switch|p2a: NIGHTWING|Dragapult, M|56/100
|-damage|p2a: NIGHTWING|44/100|[from] Stealth Rock
|turn|38
|
|t:|1760728338
|switch|p1a: Ting-Lu|Ting-Lu|43/100 tox
|-damage|p1a: Ting-Lu|37/100 tox|[from] Stealth Rock
|-ability|p1a: Ting-Lu|Vessel of Ruin
|move|p2a: NIGHTWING|Draco Meteor|p1a: Ting-Lu|[miss]
|-miss|p2a: NIGHTWING|p1a: Ting-Lu
|
|-heal|p2a: NIGHTWING|50/100|[from] Grassy Terrain
|-heal|p1a: Ting-Lu|43/100 tox|[from] Grassy Terrain
|-heal|p1a: Ting-Lu|50/100 tox|[from] item: Leftovers
|-damage|p1a: Ting-Lu|43/100 tox|[from] psn
|upkeep
|turn|39
|
|t:|1760728349
|switch|p2a: Alomolested|Alomomola, F|99/100
|move|p1a: Ting-Lu|Ruination|p2a: Alomolested
|-damage|p2a: Alomolested|50/100
|
|-heal|p1a: Ting-Lu|50/100 tox|[from] Grassy Terrain
|-heal|p1a: Ting-Lu|56/100 tox|[from] item: Leftovers
|-heal|p2a: Alomolested|57/100|[from] Grassy Terrain
|-damage|p1a: Ting-Lu|43/100 tox|[from] psn
|upkeep
|turn|40
|
|t:|1760728354
|move|p1a: Ting-Lu|Spikes|p2a: Alomolested
|-sidestart|p2: henry151th|Spikes
|move|p2a: Alomolested|Wish|p2a: Alomolested
|
|-heal|p1a: Ting-Lu|50/100 tox|[from] Grassy Terrain
|-heal|p1a: Ting-Lu|56/100 tox|[from] item: Leftovers
|-heal|p2a: Alomolested|63/100|[from] Grassy Terrain
|-damage|p1a: Ting-Lu|37/100 tox|[from] psn
|-fieldend|move: Grassy Terrain
|upkeep
|turn|41
|
|t:|1760728371
|move|p1a: Ting-Lu|Spikes|p2a: Alomolested
|-sidestart|p2: henry151th|Spikes
|move|p2a: Alomolested|Flip Turn|p1a: Ting-Lu
|-supereffective|p1a: Ting-Lu
|-damage|p1a: Ting-Lu|18/100 tox
|
|t:|1760728373
|switch|p2a: NIGHTWING|Dragapult, M|50/100|[from] Flip Turn
|-damage|p2a: NIGHTWING|38/100|[from] Stealth Rock
|-damage|p2a: NIGHTWING|21/100|[from] Spikes
|
|-heal|p2a: NIGHTWING|95/100|[from] move: Wish|[wisher] Alomolested
|-heal|p1a: Ting-Lu|25/100 tox|[from] item: Leftovers
|-damage|p1a: Ting-Lu|0 fnt|[from] psn
|faint|p1a: Ting-Lu
|upkeep
|
|t:|1760728380
|switch|p1a: Iron Valiant|Iron Valiant|100/100
|turn|42
|
|t:|1760728396
|-terastallize|p2a: NIGHTWING|Ghost
|move|p2a: NIGHTWING|Shadow Ball|p1a: Iron Valiant
|-damage|p1a: Iron Valiant|0 fnt
|faint|p1a: Iron Valiant
|-end|p1a: Iron Valiant|Quark Drive|[silent]
|
|upkeep
|c|☆henry151th|Me when i click shadow ball 4 times
|
|t:|1760728403
|switch|p1a: Dragonite|Dragonite, F|67/100
|turn|43
|
|t:|1760728409
|move|p2a: NIGHTWING|Shadow Ball|p1a: Dragonite
|-damage|p1a: Dragonite|4/100
|move|p1a: Dragonite|Dragon Tail|p2a: NIGHTWING
|-crit|p2a: NIGHTWING
|-damage|p2a: NIGHTWING|19/100
|drag|p2a: Midtusk|Great Tusk|100/100
|-damage|p2a: Midtusk|98/100|[from] Stealth Rock
|-damage|p2a: Midtusk|81/100|[from] Spikes
|
|upkeep
|turn|44
|c|☆ILOVEPECHARUNTRAH|real
|
|t:|1760728416
|switch|p1a: Gholdengo|Gholdengo|94/100
|-damage|p1a: Gholdengo|88/100|[from] Stealth Rock
|-item|p1a: Gholdengo|Air Balloon
|move|p2a: Midtusk|Ice Spinner|p1a: Gholdengo
|-resisted|p1a: Gholdengo
|-damage|p1a: Gholdengo|78/100
|-enditem|p1a: Gholdengo|Air Balloon
|
|upkeep
|turn|45
|c|☆henry151th|That was a really bad crit btw
|c|☆henry151th|I might lose
|c|☆ILOVEPECHARUNTRAH|yea
|c|☆henry151th|Bc of that
|
|t:|1760728441
|-end|p2a: Midtusk|Protosynthesis|[silent]
|switch|p2a: Alomolested|Alomomola, F|96/100
|move|p1a: Gholdengo|Thunder Wave|p2a: Alomolested
|-status|p2a: Alomolested|par
|
|upkeep
|turn|46
|
|t:|1760728453
|move|p1a: Gholdengo|Hex|p2a: Alomolested
|-damage|p2a: Alomolested|41/100 par
|move|p2a: Alomolested|Flip Turn|p1a: Gholdengo
|-damage|p1a: Gholdengo|66/100
|
|t:|1760728455
|switch|p2a: Midtusk|Great Tusk|81/100|[from] Flip Turn
|-damage|p2a: Midtusk|78/100|[from] Stealth Rock
|-damage|p2a: Midtusk|62/100|[from] Spikes
|
|upkeep
|turn|47
|
|t:|1760728487
|move|p2a: Midtusk|Headlong Rush|p1a: Gholdengo
|-supereffective|p1a: Gholdengo
|-damage|p1a: Gholdengo|0 fnt
|-unboost|p2a: Midtusk|def|1
|-unboost|p2a: Midtusk|spd|1
|faint|p1a: Gholdengo
|
|upkeep
|
|t:|1760728490
|switch|p1a: Latios|Latios, M, tera:Dragon|66/100
|turn|48
|c|☆henry151th|Nvm i win
|
|t:|1760728500
|-end|p2a: Midtusk|Protosynthesis|[silent]
|switch|p2a: Alomolested|Alomomola, F|74/100 par
|move|p1a: Latios|Psychic Noise|p2a: Alomolested
|-damage|p2a: Alomolested|39/100 par
|-start|p2a: Alomolested|move: Heal Block
|
|upkeep
|turn|49
|
|t:|1760728515
|move|p1a: Latios|Psychic Noise|p2a: Alomolested
|-damage|p2a: Alomolested|2/100 par
|cant|p2a: Alomolested|par
|
|-end|p2a: Alomolested|move: Heal Block
|upkeep
|turn|50
|
|t:|1760728524
|move|p1a: Latios|Flip Turn|p2a: Alomolested
|-resisted|p2a: Alomolested
|-damage|p2a: Alomolested|0 fnt
|faint|p2a: Alomolested
|
|t:|1760728527
|switch|p1a: Dragonite|Dragonite, F|4/100|[from] Flip Turn
|
|upkeep
|
|t:|1760728530
|switch|p2a: Midtusk|Great Tusk|62/100
|-damage|p2a: Midtusk|59/100|[from] Stealth Rock
|-damage|p2a: Midtusk|42/100|[from] Spikes
|turn|51
|c|☆henry151th|Espeed crit
|c|☆henry151th|Is ur way out
|c|☆ILOVEPECHARUNTRAH|gogo gadget ultra crit
|
|t:|1760728554
|move|p1a: Dragonite|Extreme Speed|p2a: Midtusk
|-damage|p2a: Midtusk|19/100
|move|p2a: Midtusk|Rapid Spin|p1a: Dragonite
|-damage|p1a: Dragonite|0 fnt
|-boost|p2a: Midtusk|spe|1
|-sideend|p2: henry151th|Spikes|[from] move: Rapid Spin|[of] p2a: Midtusk
|-sideend|p2: henry151th|Stealth Rock|[from] move: Rapid Spin|[of] p2a: Midtusk
|faint|p1a: Dragonite
|
|upkeep
|c|☆henry151th|Ggs
|c|☆ILOVEPECHARUNTRAH|ggs
|
|t:|1760728561
|switch|p1a: Latios|Latios, M, tera:Dragon|66/100
|turn|52
|
|t:|1760728565
|move|p2a: Midtusk|Rapid Spin|p1a: Latios
|-damage|p1a: Latios|41/100
|-boost|p2a: Midtusk|spe|1
|move|p1a: Latios|Psychic Noise|p2a: Midtusk
|-supereffective|p2a: Midtusk
|-damage|p2a: Midtusk|0 fnt
|faint|p2a: Midtusk
|-end|p2a: Midtusk|Protosynthesis|[silent]
|
|upkeep
|
|t:|1760728567
|switch|p2a: NIGHTWING|Dragapult, M, tera:Ghost|19/100
|turn|53
|c|☆henry151th|Should i draco
|c|☆ILOVEPECHARUNTRAH|yes please
|c|☆henry151th|And risk miss for no reason
|c|☆henry151th|Lmao
|
|t:|1760728579
|move|p2a: NIGHTWING|Draco Meteor|p1a: Latios|[miss]
|-miss|p2a: NIGHTWING|p1a: Latios
|move|p1a: Latios|Psychic Noise|p2a: NIGHTWING
|-damage|p2a: NIGHTWING|0 fnt
|faint|p2a: NIGHTWING
|
|win|ILOVEPECHARUNTRAH
|c|☆ILOVEPECHARUNTRAH|lmao
|c|☆ILOVEPECHARUNTRAH|no fkn way
|c|☆henry151th|LMAO
|c|☆henry151th|Hahah
|c|☆ILOVEPECHARUNTRAH|aight let's just agree you won this anyway lol
|c|☆ILOVEPECHARUNTRAH|we'll never speak of this
|c|☆henry151th|Ong
|c|☆henry151th|Lmao
|l|☆ILOVEPECHARUNTRAH
|player|p1|
