|j|☆Jinghan Yu
|j|☆Joestar4444
|t:|1760789047
|gametype|singles
|player|p1|Jinghan Yu|nate|1162
|player|p2|Joestar4444|steven|1095
|gen|9
|tier|[Gen 9] OU
|rated|
|rule|HP Percentage Mod: HP is shown in percentages
|rule|Endless Battle Clause: Forcing endless battles is banned
|rule|Species Clause: Limit one of each Pokémon
|rule|OHKO Clause: OHKO moves are banned
|rule|Evasion Items Clause: Evasion items are banned
|rule|Evasion Moves Clause: Evasion moves are banned
|rule|Evasion Abilities Clause: Evasion abilities are banned
|rule|Sleep Moves Clause: Sleep-inducing moves are banned
|clearpoke
|poke|p1|Heracross, M|
|poke|p1|Umbreon, M|
|poke|p1|Dragonite, M|
|poke|p1|Gyarados, M|
|poke|p1|Emboar, M|
|poke|p1|Venusaur, M|
|poke|p2|Mamoswine, M|
|poke|p2|Vigoroth, M|
|poke|p2|Glimmora, F|
|poke|p2|Gholdengo|
|poke|p2|Hydreigon, F|
|poke|p2|Gyarados, M|
|teampreview
|
|t:|1760789058
|teamsize|p1|6
|teamsize|p2|6
|start
|switch|p1a: Benedy|Emboar, M|100/100
|switch|p2a: Glimmora|Glimmora, F|100/100
|turn|1
|
|t:|1760789069
|move|p2a: Glimmora|Sludge Bomb|p1a: Benedy
|-damage|p1a: Benedy|42/100
|-status|p1a: Benedy|psn
|move|p1a: Benedy|Sunny Day|p1a: Benedy
|-weather|SunnyDay
|
|-weather|SunnyDay|[upkeep]
|-damage|p1a: Benedy|30/100 psn|[from] psn
|upkeep
|turn|2
|
|t:|1760789078
|move|p2a: Glimmora|Sludge Bomb|p1a: Benedy
|-damage|p1a: Benedy|0 fnt
|faint|p1a: Benedy
|
|-weather|SunnyDay|[upkeep]
|upkeep
|
|t:|1760789080
|switch|p1a: Devon|Venusaur, M|100/100
|turn|3
|
|t:|1760789090
|move|p1a: Devon|Growth|p1a: Devon
|-boost|p1a: Devon|atk|2
|-boost|p1a: Devon|spa|2
|move|p2a: Glimmora|Sludge Bomb|p1a: Devon
|-damage|p1a: Devon|50/100
|
|-weather|SunnyDay|[upkeep]
|-heal|p1a: Devon|56/100|[from] item: Leftovers
|upkeep
|turn|4
|
|t:|1760789099
|move|p1a: Devon|Earth Power|p2a: Glimmora
|-supereffective|p2a: Glimmora
|-enditem|p2a: Glimmora|Focus Sash
|-damage|p2a: Glimmora|1/100
|move|p2a: Glimmora|Sludge Bomb|p1a: Devon
|-damage|p1a: Devon|8/100
|
|-weather|SunnyDay|[upkeep]
|-heal|p1a: Devon|14/100|[from] item: Leftovers
|upkeep
|turn|5
|
|t:|1760789118
|move|p1a: Devon|Weather Ball|p2a: Glimmora
|-resisted|p2a: Glimmora
|-damage|p2a: Glimmora|0 fnt
|faint|p2a: Glimmora
|
|-weather|none
|-heal|p1a: Devon|20/100|[from] item: Leftovers
|upkeep
|
|t:|1760789129
|switch|p2a: Vigoroth|Vigoroth, M|100/100
|turn|6
|
|t:|1760789142
|move|p2a: Vigoroth|Body Slam|p1a: Devon
|-damage|p1a: Devon|0 fnt
|faint|p1a: Devon
|
|upkeep
|
|t:|1760789144
|switch|p1a: Osten|Gyarados, M, shiny|100/100
|-ability|p1a: Osten|Intimidate|boost
|-unboost|p2a: Vigoroth|atk|1
|turn|7
|
|t:|1760789161
|move|p2a: Vigoroth|Body Slam|p1a: Osten
|-damage|p1a: Osten|76/100
|-status|p1a: Osten|par
|cant|p1a: Osten|par
|
|-heal|p1a: Osten|82/100 par|[from] item: Leftovers
|upkeep
|turn|8
|
|t:|1760789169
|move|p2a: Vigoroth|Play Rough|p1a: Osten
|-damage|p1a: Osten|66/100 par
|move|p1a: Osten|Dragon Dance|p1a: Osten
|-boost|p1a: Osten|atk|1
|-boost|p1a: Osten|spe|1
|
|-heal|p1a: Osten|72/100 par|[from] item: Leftovers
|upkeep
|turn|9
|
|t:|1760789181
|move|p2a: Vigoroth|Body Slam|p1a: Osten
|-damage|p1a: Osten|47/100 par
|move|p1a: Osten|Dragon Dance|p1a: Osten
|-boost|p1a: Osten|atk|1
|-boost|p1a: Osten|spe|1
|
|-heal|p1a: Osten|53/100 par|[from] item: Leftovers
|upkeep
|turn|10
|
|t:|1760789195
|-terastallize|p2a: Vigoroth|Normal
|move|p2a: Vigoroth|Body Slam|p1a: Osten
|-damage|p1a: Osten|19/100 par
|move|p1a: Osten|Dragon Dance|p1a: Osten
|-boost|p1a: Osten|atk|1
|-boost|p1a: Osten|spe|1
|
|-heal|p1a: Osten|25/100 par|[from] item: Leftovers
|upkeep
|turn|11
|
|t:|1760789205
|move|p1a: Osten|Waterfall|p2a: Vigoroth
|-damage|p2a: Vigoroth|15/100
|move|p2a: Vigoroth|Body Slam|p1a: Osten
|-damage|p1a: Osten|0 fnt
|faint|p1a: Osten
|
|upkeep
|
|t:|1760789217
|switch|p1a: Constant|Heracross, M|100/100
|turn|12
|
|t:|1760789226
|move|p1a: Constant|Trailblaze|p2a: Vigoroth
|-damage|p2a: Vigoroth|2/100
|-boost|p1a: Constant|spe|1
|move|p2a: Vigoroth|Play Rough|p1a: Constant
|-supereffective|p1a: Constant
|-damage|p1a: Constant|63/100
|
|-status|p1a: Constant|brn|[from] item: Flame Orb
|upkeep
|turn|13
|
|t:|1760789247
|switch|p2a: Gyarados|Gyarados, M|100/100
|-ability|p2a: Gyarados|Intimidate|boost
|-unboost|p1a: Constant|atk|1
|move|p1a: Constant|Trailblaze|p2a: Gyarados
|-damage|p2a: Gyarados|83/100
|-boost|p1a: Constant|spe|1
|
|-damage|p1a: Constant|57/100 brn|[from] brn
|upkeep
|turn|14
|
|t:|1760789262
|move|p1a: Constant|Swords Dance|p1a: Constant
|-boost|p1a: Constant|atk|2
|move|p2a: Gyarados|Waterfall|p1a: Constant
|-damage|p1a: Constant|0 fnt
|faint|p1a: Constant
|
|upkeep
|
|t:|1760789269
|switch|p1a: Avedis|Umbreon, M, shiny|100/100
|turn|15
|
|t:|1760789275
|move|p2a: Gyarados|Dragon Dance|p2a: Gyarados
|-boost|p2a: Gyarados|atk|1
|-boost|p2a: Gyarados|spe|1
|move|p1a: Avedis|Toxic|p2a: Gyarados
|-status|p2a: Gyarados|tox
|
|-damage|p2a: Gyarados|77/100 tox|[from] psn
|upkeep
|turn|16
|
|t:|1760789286
|move|p2a: Gyarados|Iron Head|p1a: Avedis
|-damage|p1a: Avedis|69/100
|move|p1a: Avedis|Foul Play|p2a: Gyarados
|-damage|p2a: Gyarados|0 fnt
|faint|p2a: Gyarados
|
|-heal|p1a: Avedis|75/100|[from] item: Leftovers
|upkeep
|
|t:|1760789301
|switch|p2a: Mamoswine|Mamoswine, M|100/100
|turn|17
|
|t:|1760789306
|move|p1a: Avedis|Protect|p1a: Avedis
|-singleturn|p1a: Avedis|Protect
|move|p2a: Mamoswine|Icicle Crash|p1a: Avedis
|-activate|p1a: Avedis|move: Protect
|
|-heal|p1a: Avedis|81/100|[from] item: Leftovers
|upkeep
|turn|18
|
|t:|1760789316
|move|p2a: Mamoswine|Heavy Slam|p1a: Avedis
|-damage|p1a: Avedis|44/100
|-damage|p2a: Mamoswine|91/100|[from] item: Life Orb
|move|p1a: Avedis|Toxic|p2a: Mamoswine
|-status|p2a: Mamoswine|tox
|
|-heal|p1a: Avedis|50/100|[from] item: Leftovers
|-damage|p2a: Mamoswine|84/100 tox|[from] psn
|upkeep
|turn|19
|
|t:|1760789330
|move|p2a: Mamoswine|Heavy Slam|p1a: Avedis
|-damage|p1a: Avedis|14/100
|-damage|p2a: Mamoswine|74/100 tox|[from] item: Life Orb
|move|p1a: Avedis|Wish|p1a: Avedis
|
|-heal|p1a: Avedis|20/100|[from] item: Leftovers
|-damage|p2a: Mamoswine|62/100 tox|[from] psn
|upkeep
|turn|20
|
|t:|1760789338
|move|p1a: Avedis|Protect|p1a: Avedis
|-singleturn|p1a: Avedis|Protect
|move|p2a: Mamoswine|Heavy Slam|p1a: Avedis
|-activate|p1a: Avedis|move: Protect
|
|-heal|p1a: Avedis|70/100|[from] move: Wish|[wisher] Avedis
|-heal|p1a: Avedis|76/100|[from] item: Leftovers
|-damage|p2a: Mamoswine|44/100 tox|[from] psn
|upkeep
|turn|21
|
|t:|1760789348
|move|p2a: Mamoswine|Heavy Slam|p1a: Avedis
|-damage|p1a: Avedis|41/100
|-damage|p2a: Mamoswine|34/100 tox|[from] item: Life Orb
|move|p1a: Avedis|Wish|p1a: Avedis
|
|-heal|p1a: Avedis|47/100|[from] item: Leftovers
|-damage|p2a: Mamoswine|10/100 tox|[from] psn
|upkeep
|turn|22
|
|t:|1760789360
|move|p1a: Avedis|Protect|p1a: Avedis
|-singleturn|p1a: Avedis|Protect
|move|p2a: Mamoswine|Heavy Slam|p1a: Avedis
|-activate|p1a: Avedis|move: Protect
|
|-heal|p1a: Avedis|97/100|[from] move: Wish|[wisher] Avedis
|-heal|p1a: Avedis|100/100|[from] item: Leftovers
|-damage|p2a: Mamoswine|0 fnt|[from] psn
|faint|p2a: Mamoswine
|upkeep
|
|t:|1760789373
|switch|p2a: Vigoroth|Vigoroth, M, tera:Normal|2/100
|turn|23
|
|t:|1760789380
|move|p2a: Vigoroth|Play Rough|p1a: Avedis
|-supereffective|p1a: Avedis
|-crit|p1a: Avedis
|-damage|p1a: Avedis|58/100
|move|p1a: Avedis|Toxic|p2a: Vigoroth
|-status|p2a: Vigoroth|tox
|
|-heal|p1a: Avedis|64/100|[from] item: Leftovers
|-damage|p2a: Vigoroth|0 fnt|[from] psn
|faint|p2a: Vigoroth
|upkeep
|
|t:|1760789394
|switch|p2a: Hydreigon|Hydreigon, F|100/100
|turn|24
|
|t:|1760789400
|move|p1a: Avedis|Protect|p1a: Avedis
|-singleturn|p1a: Avedis|Protect
|move|p2a: Hydreigon|Nasty Plot|p2a: Hydreigon
|-boost|p2a: Hydreigon|spa|2
|
|-heal|p1a: Avedis|70/100|[from] item: Leftovers
|upkeep
|turn|25
|
|t:|1760789411
|move|p2a: Hydreigon|Nasty Plot|p2a: Hydreigon
|-boost|p2a: Hydreigon|spa|2
|move|p1a: Avedis|Wish|p1a: Avedis
|
|-heal|p1a: Avedis|76/100|[from] item: Leftovers
|upkeep
|turn|26
|
|t:|1760789416
|move|p2a: Hydreigon|Earthquake|p1a: Avedis
|-damage|p1a: Avedis|61/100
|move|p1a: Avedis|Toxic|p2a: Hydreigon
|-status|p2a: Hydreigon|tox
|
|-heal|p1a: Avedis|100/100|[from] move: Wish|[wisher] Avedis
|-damage|p2a: Hydreigon|94/100 tox|[from] psn
|upkeep
|turn|27
|
|t:|1760789427
|move|p2a: Hydreigon|Outrage|p1a: Avedis
|-damage|p1a: Avedis|75/100
|move|p1a: Avedis|Wish|p1a: Avedis
|
|-heal|p1a: Avedis|81/100|[from] item: Leftovers
|-damage|p2a: Hydreigon|82/100 tox|[from] psn
|upkeep
|turn|28
|
|t:|1760789435
|move|p2a: Hydreigon|Outrage|p1a: Avedis|[from] lockedmove
|-damage|p1a: Avedis|55/100
|move|p1a: Avedis|Foul Play|p2a: Hydreigon
|-resisted|p2a: Hydreigon
|-damage|p2a: Hydreigon|68/100 tox
|
|-heal|p1a: Avedis|100/100|[from] move: Wish|[wisher] Avedis
|-damage|p2a: Hydreigon|49/100 tox|[from] psn
|upkeep
|turn|29
|
|t:|1760789444
|move|p2a: Hydreigon|Outrage|p1a: Avedis|[from] lockedmove
|-damage|p1a: Avedis|76/100
|-start|p2a: Hydreigon|confusion|[fatigue]
|move|p1a: Avedis|Wish|p1a: Avedis
|
|-heal|p1a: Avedis|82/100|[from] item: Leftovers
|-damage|p2a: Hydreigon|24/100 tox|[from] psn
|upkeep
|turn|30
|
|t:|1760789456
|move|p1a: Avedis|Protect|p1a: Avedis
|-singleturn|p1a: Avedis|Protect
|-activate|p2a: Hydreigon|confusion
|move|p2a: Hydreigon|Dark Pulse|p1a: Avedis
|-activate|p1a: Avedis|move: Protect
|
|-heal|p1a: Avedis|100/100|[from] move: Wish|[wisher] Avedis
|-damage|p2a: Hydreigon|0 fnt|[from] psn
|faint|p2a: Hydreigon
|upkeep
|
|t:|1760789465
|switch|p2a: Gholdengo|Gholdengo|100/100
|turn|31
|
|t:|1760789473
|move|p2a: Gholdengo|Thunder Wave|p1a: Avedis
|-status|p1a: Avedis|par
|-activate|p1a: Avedis|ability: Synchronize
|-status|p2a: Gholdengo|par
|move|p1a: Avedis|Foul Play|p2a: Gholdengo
|-supereffective|p2a: Gholdengo
|-damage|p2a: Gholdengo|70/100 par
|-damage|p1a: Avedis|84/100 par|[from] item: Rocky Helmet|[of] p2a: Gholdengo
|
|-heal|p1a: Avedis|90/100 par|[from] item: Leftovers
|upkeep
|turn|32
|
|t:|1760789485
|cant|p2a: Gholdengo|par
|cant|p1a: Avedis|par
|
|-heal|p1a: Avedis|96/100 par|[from] item: Leftovers
|upkeep
|turn|33
|
|t:|1760789490
|move|p2a: Gholdengo|Dazzling Gleam|p1a: Avedis
|-supereffective|p1a: Avedis
|-damage|p1a: Avedis|58/100 par
|move|p1a: Avedis|Foul Play|p2a: Gholdengo
|-supereffective|p2a: Gholdengo
|-damage|p2a: Gholdengo|37/100 par
|-damage|p1a: Avedis|41/100 par|[from] item: Rocky Helmet|[of] p2a: Gholdengo
|
|-heal|p1a: Avedis|47/100 par|[from] item: Leftovers
|upkeep
|turn|34
|
|t:|1760789500
|-terastallize|p1a: Avedis|Poison
|move|p2a: Gholdengo|Dazzling Gleam|p1a: Avedis
|-resisted|p1a: Avedis
|-damage|p1a: Avedis|37/100 par
|cant|p1a: Avedis|par
|
|-heal|p1a: Avedis|43/100 par|[from] item: Leftovers
|upkeep
|turn|35
|
|t:|1760789511
|cant|p1a: Avedis|par
|move|p2a: Gholdengo|Make It Rain|p1a: Avedis
|-damage|p1a: Avedis|1/100 par
|-unboost|p2a: Gholdengo|spa|1
|
|-heal|p1a: Avedis|7/100 par|[from] item: Leftovers
|upkeep
|turn|36
|
|t:|1760789519
|cant|p2a: Gholdengo|par
|move|p1a: Avedis|Foul Play|p2a: Gholdengo
|-supereffective|p2a: Gholdengo
|-damage|p2a: Gholdengo|7/100 par
|-damage|p1a: Avedis|0 fnt|[from] item: Rocky Helmet|[of] p2a: Gholdengo
|faint|p1a: Avedis
|
|upkeep
|
|t:|1760789523
|switch|p1a: Donavan|Dragonite, M, shiny|100/100
|turn|37
|
|t:|1760789529
|move|p1a: Donavan|Waterfall|p2a: Gholdengo
|-damage|p2a: Gholdengo|0 fnt
|-damage|p1a: Donavan|84/100|[from] item: Rocky Helmet|[of] p2a: Gholdengo
|faint|p2a: Gholdengo
|
|win|Jinghan Yu
|raw|Jinghan Yu's rating: 1162 &rarr; <strong>1182</strong><br />(+20 for winning)
|raw|Joestar4444's rating: 1095 &rarr; <strong>1075</strong><br />(-20 for losing)
|l|☆Jinghan Yu
|player|p1|
|l|☆Joestar4444
|player|p2|
