|j|☆SuprBallr
|j|☆S-993311
|t:|1760816731
|gametype|singles
|player|p1|SuprBallr|101|1381
|player|p2|S-993311|fisherman-gen4|1324
|gen|9
|tier|[Gen 9] OU
|rated|
|rule|HP Percentage Mod: HP is shown in percentages
|rule|Endless Battle Clause: Forcing endless battles is banned
|rule|Species Clause: Limit one of each Pokémon
|rule|OHKO Clause: OHKO moves are banned
|rule|Evasion Items Clause: Evasion items are banned
|rule|Evasion Moves Clause: Evasion moves are banned
|rule|Evasion Abilities Clause: Evasion abilities are banned
|rule|Sleep Moves Clause: Sleep-inducing moves are banned
|clearpoke
|poke|p1|Ogerpon-Wellspring, F|
|poke|p1|Alomomola, M|
|poke|p1|Garganacl, M|
|poke|p1|Tornadus-Therian, M|
|poke|p1|Weezing-Galar, F|
|poke|p1|Great Tusk|
|poke|p2|Thundurus-Therian, M|
|poke|p2|Raging Bolt|
|poke|p2|Iron Valiant|
|poke|p2|Toxapex, M|
|poke|p2|Great Tusk|
|poke|p2|Moltres|
|teampreview
|inactive|Battle timer is ON: inactive players will automatically lose when time's up. (requested by S-993311)
|
|t:|1760816748
|teamsize|p1|6
|teamsize|p2|6
|start
|switch|p1a: Garganacl|Garganacl, M|100/100
|switch|p2a: Thundurus|Thundurus-Therian, M|100/100
|turn|1
|
|t:|1760816752
|move|p2a: Thundurus|Volt Switch|p1a: Garganacl
|-damage|p1a: Garganacl|63/100
|
|t:|1760816758
|switch|p2a: Iron Valiant|Iron Valiant|100/100|[from] Volt Switch
|-enditem|p2a: Iron Valiant|Booster Energy
|-activate|p2a: Iron Valiant|ability: Quark Drive|[fromitem]
|-start|p2a: Iron Valiant|quarkdrivespe
|move|p1a: Garganacl|Salt Cure|p2a: Iron Valiant
|-resisted|p2a: Iron Valiant
|-damage|p2a: Iron Valiant|92/100
|-start|p2a: Iron Valiant|Salt Cure
|
|-heal|p1a: Garganacl|69/100|[from] item: Leftovers
|-damage|p2a: Iron Valiant|80/100|[from] Salt Cure
|upkeep
|turn|2
|
|t:|1760816778
|move|p1a: Garganacl|Protect|p1a: Garganacl
|-singleturn|p1a: Garganacl|Protect
|move|p2a: Iron Valiant|Close Combat|p1a: Garganacl
|-activate|p1a: Garganacl|move: Protect
|
|-heal|p1a: Garganacl|75/100|[from] item: Leftovers
|-damage|p2a: Iron Valiant|67/100|[from] Salt Cure
|upkeep
|turn|3
|
|t:|1760816782
|switch|p1a: Alomomola|Alomomola, M|100/100
|move|p2a: Iron Valiant|Close Combat|p1a: Alomomola
|-damage|p1a: Alomomola|64/100
|-unboost|p2a: Iron Valiant|def|1
|-unboost|p2a: Iron Valiant|spd|1
|
|-damage|p2a: Iron Valiant|55/100|[from] Salt Cure
|upkeep
|turn|4
|
|t:|1760816787
|move|p2a: Iron Valiant|Moonblast|p1a: Alomomola
|-damage|p1a: Alomomola|38/100
|move|p1a: Alomomola|Flip Turn|p2a: Iron Valiant
|-damage|p2a: Iron Valiant|23/100
|
|t:|1760816791
|switch|p1a: Garganacl|Garganacl, M|75/100|[from] Flip Turn
|
|-heal|p1a: Garganacl|81/100|[from] item: Leftovers
|-damage|p2a: Iron Valiant|10/100|[from] Salt Cure
|upkeep
|turn|5
|
|t:|1760816800
|-end|p2a: Iron Valiant|Quark Drive|[silent]
|switch|p2a: Thundurus|Thundurus-Therian, M|100/100
|move|p1a: Garganacl|Protect||[still]
|-fail|p1a: Garganacl
|
|-heal|p1a: Garganacl|87/100|[from] item: Leftovers
|upkeep
|turn|6
|
|t:|1760816806
|move|p1a: Garganacl|Protect|p1a: Garganacl
|-singleturn|p1a: Garganacl|Protect
|move|p2a: Thundurus|Volt Switch|p1a: Garganacl
|-activate|p1a: Garganacl|move: Protect
|
|-heal|p1a: Garganacl|94/100|[from] item: Leftovers
|upkeep
|turn|7
|
|t:|1760816812
|switch|p2a: Great Tusk|Great Tusk|100/100
|move|p1a: Garganacl|Salt Cure|p2a: Great Tusk
|-resisted|p2a: Great Tusk
|-damage|p2a: Great Tusk|98/100
|-start|p2a: Great Tusk|Salt Cure
|
|-heal|p1a: Garganacl|99/100|[from] item: Leftovers
|-damage|p2a: Great Tusk|86/100|[from] Salt Cure
|upkeep
|turn|8
|
|t:|1760816823
|-end|p2a: Great Tusk|Protosynthesis|[silent]
|switch|p2a: Thundurus|Thundurus-Therian, M|100/100
|switch|p1a: Tornadus|Tornadus-Therian, M|100/100
|
|upkeep
|turn|9
|
|t:|1760816830
|move|p1a: Tornadus|U-turn|p2a: Thundurus
|-resisted|p2a: Thundurus
|-damage|p2a: Thundurus|89/100
|
|t:|1760816834
|switch|p1a: Great Tusk|Great Tusk|100/100|[from] U-turn
|move|p2a: Thundurus|Grass Knot|p1a: Great Tusk
|-supereffective|p1a: Great Tusk
|-damage|p1a: Great Tusk|0 fnt
|faint|p1a: Great Tusk
|-end|p1a: Great Tusk|Protosynthesis|[silent]
|
|upkeep
|
|t:|1760816841
|switch|p1a: Garganacl|Garganacl, M|99/100
|turn|10
|
|t:|1760816847
|switch|p2a: Great Tusk|Great Tusk|86/100
|move|p1a: Garganacl|Salt Cure|p2a: Great Tusk
|-resisted|p2a: Great Tusk
|-damage|p2a: Great Tusk|84/100
|-start|p2a: Great Tusk|Salt Cure
|
|-heal|p1a: Garganacl|100/100|[from] item: Leftovers
|-damage|p2a: Great Tusk|71/100|[from] Salt Cure
|upkeep
|turn|11
|
|t:|1760816856
|-end|p2a: Great Tusk|Protosynthesis|[silent]
|switch|p2a: Iron Valiant|Iron Valiant|10/100
|switch|p1a: Tornadus|Tornadus-Therian, M|100/100
|
|upkeep
|turn|12
|
|t:|1760816864
|-end|p2a: Iron Valiant|Quark Drive|[silent]
|switch|p2a: Thundurus|Thundurus-Therian, M|89/100
|move|p1a: Tornadus|Heat Wave|p2a: Thundurus|[miss]
|-miss|p1a: Tornadus|p2a: Thundurus
|
|upkeep
|turn|13
|
|t:|1760816871
|move|p1a: Tornadus|Knock Off|p2a: Thundurus
|-damage|p2a: Thundurus|56/100
|-enditem|p2a: Thundurus|Choice Specs|[from] move: Knock Off|[of] p1a: Tornadus
|move|p2a: Thundurus|Volt Switch|p1a: Tornadus
|-supereffective|p1a: Tornadus
|-damage|p1a: Tornadus|42/100
|
|t:|1760816878
|switch|p2a: Toxapex|Toxapex, M|100/100|[from] Volt Switch
|
|upkeep
|turn|14
|
|t:|1760816882
|move|p1a: Tornadus|Knock Off|p2a: Toxapex
|-damage|p2a: Toxapex|86/100
|-enditem|p2a: Toxapex|Assault Vest|[from] move: Knock Off|[of] p1a: Tornadus
|move|p2a: Toxapex|Sludge Bomb|p1a: Tornadus
|-damage|p1a: Tornadus|24/100
|
|upkeep
|turn|15
|
|t:|1760816890
|move|p1a: Tornadus|U-turn|p2a: Toxapex
|-resisted|p2a: Toxapex
|-damage|p2a: Toxapex|81/100
|
|t:|1760816893
|switch|p1a: Alomomola|Alomomola, M|71/100|[from] U-turn
|move|p2a: Toxapex|Ice Beam|p1a: Alomomola
|-resisted|p1a: Alomomola
|-damage|p1a: Alomomola|67/100
|
|upkeep
|turn|16
|
|t:|1760816900
|move|p1a: Alomomola|Flip Turn|p2a: Toxapex
|-resisted|p2a: Toxapex
|-damage|p2a: Toxapex|75/100
|
|t:|1760816904
|switch|p1a: Tornadus|Tornadus-Therian, M|57/100|[from] Flip Turn
|move|p2a: Toxapex|Sludge Bomb|p1a: Tornadus
|-damage|p1a: Tornadus|39/100
|-status|p1a: Tornadus|psn
|
|-damage|p1a: Tornadus|26/100 psn|[from] psn
|upkeep
|turn|17
|
|t:|1760816912
|move|p1a: Tornadus|U-turn|p2a: Toxapex
|-resisted|p2a: Toxapex
|-damage|p2a: Toxapex|69/100
|
|t:|1760816915
|switch|p1a: Alomomola|Alomomola, M|99/100|[from] U-turn
|move|p2a: Toxapex|Acid Spray|p1a: Alomomola
|-damage|p1a: Alomomola|93/100
|-unboost|p1a: Alomomola|spd|2
|
|upkeep
|turn|18
|
|t:|1760816921
|move|p2a: Toxapex|Sludge Bomb|p1a: Alomomola
|-damage|p1a: Alomomola|64/100
|move|p1a: Alomomola|Mirror Coat|p2a: Toxapex
|-damage|p2a: Toxapex|0 fnt
|faint|p2a: Toxapex
|
|upkeep
|
|t:|1760816928
|switch|p2a: Thundurus|Thundurus-Therian, M|56/100
|turn|19
|inactive|SuprBallr has 120 seconds left.
|
|t:|1760816968
|switch|p1a: Tornadus|Tornadus-Therian, M|60/100 psn
|move|p2a: Thundurus|Volt Switch|p1a: Tornadus
|-supereffective|p1a: Tornadus
|-damage|p1a: Tornadus|6/100 psn
|
|t:|1760816981
|switch|p2a: Raging Bolt|Raging Bolt|100/100|[from] Volt Switch
|-enditem|p2a: Raging Bolt|Booster Energy
|-activate|p2a: Raging Bolt|ability: Protosynthesis|[fromitem]
|-start|p2a: Raging Bolt|protosynthesisspa
|
|-damage|p1a: Tornadus|0 fnt|[from] psn
|faint|p1a: Tornadus
|upkeep
|inactive|SuprBallr has 90 seconds left.
|
|t:|1760817023
|switch|p1a: Ogerpon|Ogerpon-Wellspring, F|100/100
|turn|20
|
|t:|1760817030
|move|p1a: Ogerpon|Swords Dance|p1a: Ogerpon
|-boost|p1a: Ogerpon|atk|2
|move|p2a: Raging Bolt|Thunderbolt|p1a: Ogerpon
|-damage|p1a: Ogerpon|13/100
|
|upkeep
|turn|21
|
|t:|1760817036
|move|p2a: Raging Bolt|Thunderclap||[still]
|-fail|p2a: Raging Bolt
|move|p1a: Ogerpon|Synthesis|p1a: Ogerpon
|-heal|p1a: Ogerpon|63/100
|
|upkeep
|turn|22
|
|t:|1760817042
|move|p1a: Ogerpon|Encore|p2a: Raging Bolt
|-start|p2a: Raging Bolt|Encore
|move|p2a: Raging Bolt|Thunderclap||[still]
|-fail|p2a: Raging Bolt
|
|upkeep
|turn|23
|
|t:|1760817048
|-end|p2a: Raging Bolt|Protosynthesis|[silent]
|switch|p2a: Iron Valiant|Iron Valiant|10/100
|move|p1a: Ogerpon|Synthesis|p1a: Ogerpon
|-heal|p1a: Ogerpon|100/100
|
|upkeep
|turn|24
|
|t:|1760817054
|switch|p1a: Alomomola|Alomomola, M|97/100
|move|p2a: Iron Valiant|Destiny Bond|p2a: Iron Valiant
|-singlemove|p2a: Iron Valiant|Destiny Bond
|
|upkeep
|turn|25
|
|t:|1760817062
|-end|p2a: Iron Valiant|Quark Drive|[silent]
|switch|p2a: Thundurus|Thundurus-Therian, M|56/100
|move|p1a: Alomomola|Flip Turn|p2a: Thundurus
|-damage|p2a: Thundurus|29/100
|
|t:|1760817065
|switch|p1a: Garganacl|Garganacl, M|100/100|[from] Flip Turn
|
|upkeep
|turn|26
|
|t:|1760817071
|move|p2a: Thundurus|Volt Switch|p1a: Garganacl
|-damage|p1a: Garganacl|71/100
|
|t:|1760817076
|switch|p2a: Great Tusk|Great Tusk|71/100|[from] Volt Switch
|move|p1a: Garganacl|Salt Cure|p2a: Great Tusk
|-resisted|p2a: Great Tusk
|-damage|p2a: Great Tusk|69/100
|-start|p2a: Great Tusk|Salt Cure
|
|-heal|p1a: Garganacl|77/100|[from] item: Leftovers
|-damage|p2a: Great Tusk|57/100|[from] Salt Cure
|upkeep
|turn|27
|
|t:|1760817092
|move|p2a: Great Tusk|Stealth Rock|p1a: Garganacl
|-sidestart|p1: SuprBallr|move: Stealth Rock
|move|p1a: Garganacl|Stealth Rock|p2a: Great Tusk
|-sidestart|p2: S-993311|move: Stealth Rock
|
|-heal|p1a: Garganacl|83/100|[from] item: Leftovers
|-damage|p2a: Great Tusk|44/100|[from] Salt Cure
|upkeep
|turn|28
|
|t:|1760817099
|move|p1a: Garganacl|Protect|p1a: Garganacl
|-singleturn|p1a: Garganacl|Protect
|move|p2a: Great Tusk|Rapid Spin|p1a: Garganacl
|-activate|p1a: Garganacl|move: Protect
|
|-heal|p1a: Garganacl|89/100|[from] item: Leftovers
|-damage|p2a: Great Tusk|32/100|[from] Salt Cure
|upkeep
|turn|29
|
|t:|1760817107
|switch|p1a: Weezing|Weezing-Galar, F|100/100
|-ability|p1a: Weezing|Neutralizing Gas
|move|p2a: Great Tusk|Headlong Rush|p1a: Weezing
|-supereffective|p1a: Weezing
|-damage|p1a: Weezing|23/100
|-unboost|p2a: Great Tusk|def|1
|-unboost|p2a: Great Tusk|spd|1
|
|-damage|p2a: Great Tusk|19/100|[from] Salt Cure
|upkeep
|turn|30
|
|t:|1760817117
|move|p2a: Great Tusk|Headlong Rush|p1a: Weezing
|-supereffective|p1a: Weezing
|-damage|p1a: Weezing|0 fnt
|-unboost|p2a: Great Tusk|def|1
|-unboost|p2a: Great Tusk|spd|1
|faint|p1a: Weezing
|-end|p1a: Weezing|ability: Neutralizing Gas
|
|-damage|p2a: Great Tusk|7/100|[from] Salt Cure
|upkeep
|
|t:|1760817122
|switch|p1a: Ogerpon|Ogerpon-Wellspring, F|100/100
|-damage|p1a: Ogerpon|88/100|[from] Stealth Rock
|turn|31
|
|t:|1760817128
|move|p1a: Ogerpon|Ivy Cudgel|p2a: Great Tusk|[anim] Ivy Cudgel Water
|-supereffective|p2a: Great Tusk
|-crit|p2a: Great Tusk
|-damage|p2a: Great Tusk|0 fnt
|faint|p2a: Great Tusk
|-end|p2a: Great Tusk|Protosynthesis|[silent]
|
|upkeep
|
|t:|1760817137
|switch|p2a: Raging Bolt|Raging Bolt|100/100
|-damage|p2a: Raging Bolt|88/100|[from] Stealth Rock
|turn|32
|
|t:|1760817142
|move|p1a: Ogerpon|Ivy Cudgel|p2a: Raging Bolt|[anim] Ivy Cudgel Water
|-resisted|p2a: Raging Bolt
|-damage|p2a: Raging Bolt|64/100
|move|p2a: Raging Bolt|Thunderbolt|p1a: Ogerpon
|-damage|p1a: Ogerpon|30/100
|
|upkeep
|turn|33
|
|t:|1760817148
|move|p1a: Ogerpon|Ivy Cudgel|p2a: Raging Bolt|[anim] Ivy Cudgel Water
|-resisted|p2a: Raging Bolt
|-damage|p2a: Raging Bolt|42/100
|move|p2a: Raging Bolt|Thunderbolt|p1a: Ogerpon
|-damage|p1a: Ogerpon|0 fnt
|faint|p1a: Ogerpon
|
|upkeep
|
|t:|1760817150
|switch|p1a: Garganacl|Garganacl, M|89/100
|-damage|p1a: Garganacl|77/100|[from] Stealth Rock
|turn|34
|
|t:|1760817159
|move|p2a: Raging Bolt|Thunderbolt|p1a: Garganacl
|-damage|p1a: Garganacl|41/100
|move|p1a: Garganacl|Salt Cure|p2a: Raging Bolt
|-damage|p2a: Raging Bolt|31/100
|-start|p2a: Raging Bolt|Salt Cure
|
|-heal|p1a: Garganacl|47/100|[from] item: Leftovers
|-damage|p2a: Raging Bolt|19/100|[from] Salt Cure
|upkeep
|turn|35
|
|t:|1760817167
|move|p2a: Raging Bolt|Calm Mind|p2a: Raging Bolt
|-boost|p2a: Raging Bolt|spa|1
|-boost|p2a: Raging Bolt|spd|1
|move|p1a: Garganacl|Recover|p1a: Garganacl
|-heal|p1a: Garganacl|97/100
|
|-heal|p1a: Garganacl|100/100|[from] item: Leftovers
|-damage|p2a: Raging Bolt|6/100|[from] Salt Cure
|upkeep
|turn|36
|
|t:|1760817182
|move|p1a: Garganacl|Protect|p1a: Garganacl
|-singleturn|p1a: Garganacl|Protect
|move|p2a: Raging Bolt|Thunderbolt|p1a: Garganacl
|-activate|p1a: Garganacl|move: Protect
|
|-damage|p2a: Raging Bolt|0 fnt|[from] Salt Cure
|faint|p2a: Raging Bolt
|-end|p2a: Raging Bolt|Protosynthesis|[silent]
|upkeep
|
|t:|1760817186
|switch|p2a: Moltres|Moltres|100/100
|turn|37
|
|t:|1760817189
|-terastallize|p2a: Moltres|Fairy
|move|p2a: Moltres|Hurricane|p1a: Garganacl|[miss]
|-miss|p2a: Moltres|p1a: Garganacl
|move|p1a: Garganacl|Salt Cure|p2a: Moltres
|-damage|p2a: Moltres|92/100
|-start|p2a: Moltres|Salt Cure
|
|-damage|p2a: Moltres|79/100|[from] Salt Cure
|upkeep
|turn|38
|
|t:|1760817198
|move|p2a: Moltres|Hurricane|p1a: Garganacl|[miss]
|-miss|p2a: Moltres|p1a: Garganacl
|move|p1a: Garganacl|Salt Cure|p2a: Moltres
|-damage|p2a: Moltres|70/100
|
|-damage|p2a: Moltres|57/100|[from] Salt Cure
|upkeep
|turn|39
|
|t:|1760817204
|move|p2a: Moltres|Roost|p2a: Moltres
|-heal|p2a: Moltres|100/100
|move|p1a: Garganacl|Salt Cure|p2a: Moltres
|-damage|p2a: Moltres|91/100
|
|-damage|p2a: Moltres|79/100|[from] Salt Cure
|upkeep
|turn|40
|
|t:|1760817229
|switch|p1a: Alomomola|Alomomola, M|100/100
|-damage|p1a: Alomomola|88/100|[from] Stealth Rock
|move|p2a: Moltres|Hurricane|p1a: Alomomola
|-damage|p1a: Alomomola|61/100
|-start|p1a: Alomomola|confusion
|
|-damage|p2a: Moltres|67/100|[from] Salt Cure
|upkeep
|turn|41
|
|t:|1760817238
|move|p2a: Moltres|U-turn|p1a: Alomomola
|-damage|p1a: Alomomola|50/100
|
|t:|1760817241
|switch|p2a: Iron Valiant|Iron Valiant|10/100|[from] U-turn
|-damage|p2a: Iron Valiant|4/100|[from] Stealth Rock
|-activate|p1a: Alomomola|confusion
|move|p1a: Alomomola|Flip Turn|p2a: Iron Valiant
|-damage|p2a: Iron Valiant|0 fnt
|faint|p2a: Iron Valiant
|-end|p2a: Iron Valiant|Quark Drive|[silent]
|
|t:|1760817246
|switch|p1a: Garganacl|Garganacl, M|100/100|[from] Flip Turn
|-damage|p1a: Garganacl|88/100|[from] Stealth Rock
|
|-heal|p1a: Garganacl|94/100|[from] item: Leftovers
|upkeep
|
|t:|1760817255
|switch|p2a: Moltres|Moltres, tera:Fairy|67/100
|turn|42
|
|t:|1760817258
|move|p2a: Moltres|Roost|p2a: Moltres
|-heal|p2a: Moltres|100/100
|move|p1a: Garganacl|Salt Cure|p2a: Moltres
|-damage|p2a: Moltres|91/100
|-start|p2a: Moltres|Salt Cure
|
|-heal|p1a: Garganacl|100/100|[from] item: Leftovers
|-damage|p2a: Moltres|79/100|[from] Salt Cure
|upkeep
|turn|43
|
|t:|1760817266
|switch|p1a: Alomomola|Alomomola, M|84/100
|-damage|p1a: Alomomola|71/100|[from] Stealth Rock
|move|p2a: Moltres|Hurricane|p1a: Alomomola
|-damage|p1a: Alomomola|48/100
|-start|p1a: Alomomola|confusion
|
|-damage|p2a: Moltres|66/100|[from] Salt Cure
|upkeep
|turn|44
|
|t:|1760817275
|move|p2a: Moltres|Hurricane|p1a: Alomomola
|-damage|p1a: Alomomola|22/100
|-activate|p1a: Alomomola|confusion
|move|p1a: Alomomola|Flip Turn|p2a: Moltres
|-damage|p2a: Moltres|55/100
|-status|p1a: Alomomola|brn|[from] ability: Flame Body|[of] p2a: Moltres
|
|t:|1760817282
|switch|p1a: Garganacl|Garganacl, M|100/100|[from] Flip Turn
|-damage|p1a: Garganacl|88/100|[from] Stealth Rock
|
|-heal|p1a: Garganacl|94/100|[from] item: Leftovers
|-damage|p2a: Moltres|43/100|[from] Salt Cure
|upkeep
|turn|45
|
|t:|1760817289
|switch|p1a: Alomomola|Alomomola, M|55/100 brn
|-damage|p1a: Alomomola|43/100 brn|[from] Stealth Rock
|move|p2a: Moltres|Roost|p2a: Moltres
|-heal|p2a: Moltres|93/100
|
|-damage|p1a: Alomomola|36/100 brn|[from] brn
|-damage|p2a: Moltres|81/100|[from] Salt Cure
|upkeep
|turn|46
|
|t:|1760817298
|move|p2a: Moltres|Hurricane|p1a: Alomomola
|-damage|p1a: Alomomola|10/100 brn
|move|p1a: Alomomola|Mirror Coat|p2a: Moltres
|-damage|p2a: Moltres|15/100
|
|-damage|p1a: Alomomola|4/100 brn|[from] brn
|-damage|p2a: Moltres|3/100|[from] Salt Cure
|upkeep
|turn|47
|
|t:|1760817305
|move|p2a: Moltres|Roost|p2a: Moltres
|-heal|p2a: Moltres|53/100
|move|p1a: Alomomola|Flip Turn|p2a: Moltres
|-damage|p2a: Moltres|47/100
|
|t:|1760817307
|switch|p1a: Garganacl|Garganacl, M|94/100|[from] Flip Turn
|-damage|p1a: Garganacl|82/100|[from] Stealth Rock
|
|-heal|p1a: Garganacl|88/100|[from] item: Leftovers
|-damage|p2a: Moltres|35/100|[from] Salt Cure
|upkeep
|turn|48
|inactive|S-993311 has 120 seconds left.
|inactive|S-993311 has 90 seconds left.
|inactive|S-993311 has 60 seconds left.
|inactive|S-993311 has 30 seconds left.
|
|t:|1760817427
|move|p2a: Moltres|Roost|p2a: Moltres
|-heal|p2a: Moltres|85/100
|move|p1a: Garganacl|Salt Cure|p2a: Moltres
|-damage|p2a: Moltres|75/100
|
|-heal|p1a: Garganacl|94/100|[from] item: Leftovers
|-damage|p2a: Moltres|63/100|[from] Salt Cure
|upkeep
|turn|49
|
|t:|1760817451
|move|p2a: Moltres|Hurricane|p1a: Garganacl
|-resisted|p1a: Garganacl
|-damage|p1a: Garganacl|79/100
|-start|p1a: Garganacl|confusion
|-activate|p1a: Garganacl|confusion
|move|p1a: Garganacl|Salt Cure|p2a: Moltres
|-damage|p2a: Moltres|54/100
|
|-heal|p1a: Garganacl|85/100|[from] item: Leftovers
|-damage|p2a: Moltres|41/100|[from] Salt Cure
|upkeep
|turn|50
|
|t:|1760817460
|switch|p1a: Alomomola|Alomomola, M|37/100 brn
|-damage|p1a: Alomomola|25/100 brn|[from] Stealth Rock
|move|p2a: Moltres|Roost|p2a: Moltres
|-heal|p2a: Moltres|91/100
|
|-damage|p1a: Alomomola|19/100 brn|[from] brn
|-damage|p2a: Moltres|79/100|[from] Salt Cure
|upkeep
|turn|51
|
|t:|1760817469
|switch|p1a: Garganacl|Garganacl, M|85/100
|-damage|p1a: Garganacl|73/100|[from] Stealth Rock
|move|p2a: Moltres|Hurricane|p1a: Garganacl|[miss]
|-miss|p2a: Moltres|p1a: Garganacl
|
|-heal|p1a: Garganacl|79/100|[from] item: Leftovers
|-damage|p2a: Moltres|67/100|[from] Salt Cure
|upkeep
|turn|52
|
|t:|1760817478
|move|p2a: Moltres|Hurricane|p1a: Garganacl
|-resisted|p1a: Garganacl
|-damage|p1a: Garganacl|64/100
|move|p1a: Garganacl|Salt Cure|p2a: Moltres
|-damage|p2a: Moltres|57/100
|
|-heal|p1a: Garganacl|71/100|[from] item: Leftovers
|-damage|p2a: Moltres|45/100|[from] Salt Cure
|upkeep
|turn|53
|
|t:|1760817487
|move|p2a: Moltres|Roost|p2a: Moltres
|-heal|p2a: Moltres|95/100
|move|p1a: Garganacl|Salt Cure|p2a: Moltres
|-damage|p2a: Moltres|86/100
|
|-heal|p1a: Garganacl|77/100|[from] item: Leftovers
|-damage|p2a: Moltres|74/100|[from] Salt Cure
|upkeep
|turn|54
|inactive|S-993311 has 60 seconds left.
|
|t:|1760817495
|move|p2a: Moltres|Hurricane|p1a: Garganacl
|-resisted|p1a: Garganacl
|-damage|p1a: Garganacl|62/100
|move|p1a: Garganacl|Salt Cure|p2a: Moltres
|-damage|p2a: Moltres|63/100
|
|-heal|p1a: Garganacl|68/100|[from] item: Leftovers
|-damage|p2a: Moltres|51/100|[from] Salt Cure
|upkeep
|turn|55
|
|t:|1760817503
|move|p2a: Moltres|Hurricane|p1a: Garganacl
|-resisted|p1a: Garganacl
|-damage|p1a: Garganacl|51/100
|move|p1a: Garganacl|Recover|p1a: Garganacl
|-heal|p1a: Garganacl|100/100
|
|-damage|p2a: Moltres|39/100|[from] Salt Cure
|upkeep
|turn|56
|
|t:|1760817510
|switch|p1a: Alomomola|Alomomola, M|52/100 brn
|-damage|p1a: Alomomola|39/100 brn|[from] Stealth Rock
|move|p2a: Moltres|Roost|p2a: Moltres
|-heal|p2a: Moltres|89/100
|
|-damage|p1a: Alomomola|33/100 brn|[from] brn
|-damage|p2a: Moltres|76/100|[from] Salt Cure
|upkeep
|turn|57
|
|t:|1760817519
|switch|p2a: Thundurus|Thundurus-Therian, M|29/100
|-damage|p2a: Thundurus|4/100|[from] Stealth Rock
|switch|p1a: Garganacl|Garganacl, M|100/100
|-damage|p1a: Garganacl|88/100|[from] Stealth Rock
|
|-heal|p1a: Garganacl|94/100|[from] item: Leftovers
|upkeep
|turn|58
|inactive|SuprBallr has 120 seconds left.
|
|t:|1760817563
|move|p2a: Thundurus|Focus Blast|p1a: Garganacl|[miss]
|-miss|p2a: Thundurus|p1a: Garganacl
|move|p1a: Garganacl|Salt Cure|p2a: Thundurus
|-supereffective|p2a: Thundurus
|-damage|p2a: Thundurus|0 fnt
|faint|p2a: Thundurus
|
|-heal|p1a: Garganacl|100/100|[from] item: Leftovers
|upkeep
|
|t:|1760817571
|switch|p2a: Moltres|Moltres, tera:Fairy|76/100
|turn|59
|inactive|SuprBallr has 120 seconds left.
|l|☆S-993311
|inactive|S-993311 disconnected and has a minute to reconnect!
|player|p2|
|inactive|SuprBallr has 90 seconds left.
|
|t:|1760817612
|move|p2a: Moltres|Hurricane|p1a: Garganacl|[miss]
|-miss|p2a: Moltres|p1a: Garganacl
|move|p1a: Garganacl|Salt Cure|p2a: Moltres
|-damage|p2a: Moltres|67/100
|-start|p2a: Moltres|Salt Cure
|
|-damage|p2a: Moltres|55/100|[from] Salt Cure
|upkeep
|turn|60
|inactive|SuprBallr has 90 seconds left.
|j|☆S-993311
|inactive|S-993311 reconnected and has 95 seconds left.
|player|p2|S-993311|fisherman-gen4|
|inactive|S-993311 has 90 seconds left.
|inactive|SuprBallr has 60 seconds left.
|
|t:|1760817648
|move|p2a: Moltres|Hurricane|p1a: Garganacl
|-resisted|p1a: Garganacl
|-damage|p1a: Garganacl|85/100
|move|p1a: Garganacl|Salt Cure|p2a: Moltres
|-damage|p2a: Moltres|45/100
|
|-heal|p1a: Garganacl|92/100|[from] item: Leftovers
|-damage|p2a: Moltres|32/100|[from] Salt Cure
|upkeep
|turn|61
|inactive|SuprBallr has 60 seconds left.
|inactive|S-993311 has 90 seconds left.
|inactive|S-993311 has 60 seconds left.
|inactive|S-993311 has 30 seconds left.
|inactive|S-993311 has 20 seconds left.
|inactive|S-993311 has 15 seconds left.
|inactive|S-993311 has 10 seconds left.
|inactive|S-993311 has 5 seconds left.
|
|t:|1760817747
|switch|p1a: Alomomola|Alomomola, M|66/100 brn
|-damage|p1a: Alomomola|54/100 brn|[from] Stealth Rock
|move|p2a: Moltres|Flamethrower|p1a: Alomomola
|-resisted|p1a: Alomomola
|-damage|p1a: Alomomola|44/100 brn
|
|-damage|p1a: Alomomola|38/100 brn|[from] brn
|-damage|p2a: Moltres|20/100|[from] Salt Cure
|upkeep
|turn|62
|inactive|S-993311 has 15 seconds left this turn.
|inactive|S-993311 has 10 seconds left.
|inactive|SuprBallr has 60 seconds left.
|inactive|S-993311 has 5 seconds left.
|-message|S-993311 lost due to inactivity.
|
|win|SuprBallr
|raw|SuprBallr's rating: 1381 &rarr; <strong>1398</strong><br />(+17 for winning)
|raw|S-993311's rating: 1324 &rarr; <strong>1307</strong><br />(-17 for losing)
|c|☆S-993311|lucky win
