|j|☆novineuniverse
|j|☆Dark_Havocll
|t:|1760764368
|gametype|singles
|player|p1|novineuniverse|102|1483
|player|p2|Dark_Havocll|hiker-gen4|1512
|gen|9
|tier|[Gen 9] OU
|rated|
|rule|HP Percentage Mod: HP is shown in percentages
|rule|Endless Battle Clause: Forcing endless battles is banned
|rule|Species Clause: Limit one of each Pokémon
|rule|OHKO Clause: OHKO moves are banned
|rule|Evasion Items Clause: Evasion items are banned
|rule|Evasion Moves Clause: Evasion moves are banned
|rule|Evasion Abilities Clause: Evasion abilities are banned
|rule|Sleep Moves Clause: Sleep-inducing moves are banned
|clearpoke
|poke|p1|Ting-Lu|
|poke|p1|Zamazenta-*|
|poke|p1|Glimmora, M|
|poke|p1|Kingambit, F|
|poke|p1|Tornadus-Therian, M|
|poke|p1|Rotom-Wash|
|poke|p2|Dragonite, F|
|poke|p2|Greninja-*, M|
|poke|p2|Great Tusk|
|poke|p2|Kingambit, F|
|poke|p2|Pecharunt|
|poke|p2|Regice|
|teampreview
|
|t:|1760764380
|teamsize|p1|6
|teamsize|p2|6
|start
|switch|p1a: Ting-Lu|Ting-Lu|100/100
|switch|p2a: Greninja|Greninja, M|100/100
|-ability|p1a: Ting-Lu|Vessel of Ruin
|turn|1
|
|t:|1760764383
|move|p2a: Greninja|Surf|p1a: Ting-Lu
|-start|p2a: Greninja|typechange|Water|[from] ability: Protean
|-supereffective|p1a: Ting-Lu
|-damage|p1a: Ting-Lu|51/100
|move|p1a: Ting-Lu|Earthquake|p2a: Greninja
|-damage|p2a: Greninja|30/100
|
|upkeep
|turn|2
|
|t:|1760764395
|switch|p1a: Rotom|Rotom-Wash|100/100
|move|p2a: Greninja|Surf|p1a: Rotom
|-resisted|p1a: Rotom
|-damage|p1a: Rotom|81/100
|
|-heal|p1a: Rotom|87/100|[from] item: Leftovers
|upkeep
|turn|3
|
|t:|1760764400
|switch|p2a: Regice|Regice|100/100
|move|p1a: Rotom|Thunderbolt|p2a: Regice
|-damage|p2a: Regice|88/100
|
|-heal|p1a: Rotom|93/100|[from] item: Leftovers
|upkeep
|turn|4
|
|t:|1760764411
|switch|p1a: Glimmora|Glimmora, M|100/100
|move|p2a: Regice|Ice Beam|p1a: Glimmora
|-damage|p1a: Glimmora|59/100
|
|upkeep
|turn|5
|
|t:|1760764413
|move|p1a: Glimmora|Meteor Beam||[still]
|-prepare|p1a: Glimmora|Meteor Beam
|-boost|p1a: Glimmora|spa|1
|-enditem|p1a: Glimmora|Power Herb
|-anim|p1a: Glimmora|Meteor Beam|p2a: Regice
|-supereffective|p2a: Regice
|-damage|p2a: Regice|15/100
|move|p2a: Regice|Icy Wind|p1a: Glimmora
|-damage|p1a: Glimmora|32/100
|-unboost|p1a: Glimmora|spe|1
|
|upkeep
|turn|6
|
|t:|1760764421
|move|p1a: Glimmora|Sludge Bomb|p2a: Regice
|-damage|p2a: Regice|0 fnt
|faint|p2a: Regice
|
|upkeep
|
|t:|1760764430
|switch|p2a: Greninja|Greninja, M|30/100
|turn|7
|
|t:|1760764433
|switch|p1a: Rotom|Rotom-Wash|93/100
|move|p2a: Greninja|Dark Pulse|p1a: Rotom
|-start|p2a: Greninja|typechange|Dark|[from] ability: Protean
|-damage|p1a: Rotom|55/100
|
|-heal|p1a: Rotom|61/100|[from] item: Leftovers
|upkeep
|turn|8
|
|t:|1760764440
|move|p2a: Greninja|Dark Pulse|p1a: Rotom
|-damage|p1a: Rotom|24/100
|move|p1a: Rotom|Hydro Pump|p2a: Greninja|[miss]
|-miss|p1a: Rotom|p2a: Greninja
|
|-heal|p1a: Rotom|30/100|[from] item: Leftovers
|upkeep
|turn|9
|
|t:|1760764443
|switch|p1a: Ting-Lu|Ting-Lu|51/100
|-ability|p1a: Ting-Lu|Vessel of Ruin
|move|p2a: Greninja|Dark Pulse|p1a: Ting-Lu
|-resisted|p1a: Ting-Lu
|-damage|p1a: Ting-Lu|42/100
|
|upkeep
|turn|10
|
|t:|1760764448
|move|p2a: Greninja|Surf|p1a: Ting-Lu
|-supereffective|p1a: Ting-Lu
|-damage|p1a: Ting-Lu|13/100
|move|p1a: Ting-Lu|Stealth Rock|p2a: Greninja
|-sidestart|p2: Dark_Havocll|move: Stealth Rock
|
|upkeep
|turn|11
|-enditem|p1a: Ting-Lu|Custap Berry|[eat]
|-activate|p1a: Ting-Lu|item: Custap Berry|[consumed]
|
|t:|1760764453
|move|p1a: Ting-Lu|Earthquake|p2a: Greninja
|-damage|p2a: Greninja|0 fnt
|faint|p2a: Greninja
|
|upkeep
|
|t:|1760764458
|switch|p2a: Great Tusk|Great Tusk|100/100
|-damage|p2a: Great Tusk|98/100|[from] Stealth Rock
|turn|12
|
|t:|1760764461
|move|p2a: Great Tusk|Rapid Spin|p1a: Ting-Lu
|-damage|p1a: Ting-Lu|5/100
|-boost|p2a: Great Tusk|spe|1
|-sideend|p2: Dark_Havocll|Stealth Rock|[from] move: Rapid Spin|[of] p2a: Great Tusk
|move|p1a: Ting-Lu|Ruination|p2a: Great Tusk
|-damage|p2a: Great Tusk|49/100
|
|-heal|p2a: Great Tusk|55/100|[from] item: Leftovers
|upkeep
|turn|13
|
|t:|1760764468
|move|p2a: Great Tusk|Bulk Up|p2a: Great Tusk
|-boost|p2a: Great Tusk|atk|1
|-boost|p2a: Great Tusk|def|1
|move|p1a: Ting-Lu|Earthquake|p2a: Great Tusk
|-damage|p2a: Great Tusk|35/100
|
|-heal|p2a: Great Tusk|41/100|[from] item: Leftovers
|upkeep
|turn|14
|
|t:|1760764475
|move|p2a: Great Tusk|Bulk Up|p2a: Great Tusk
|-boost|p2a: Great Tusk|atk|1
|-boost|p2a: Great Tusk|def|1
|move|p1a: Ting-Lu|Ruination|p2a: Great Tusk
|-damage|p2a: Great Tusk|21/100
|
|-heal|p2a: Great Tusk|27/100|[from] item: Leftovers
|upkeep
|turn|15
|
|t:|1760764482
|move|p2a: Great Tusk|Rapid Spin|p1a: Ting-Lu
|-damage|p1a: Ting-Lu|0 fnt
|-boost|p2a: Great Tusk|spe|1
|faint|p1a: Ting-Lu
|
|-heal|p2a: Great Tusk|33/100|[from] item: Leftovers
|upkeep
|
|t:|1760764484
|switch|p1a: Rotom|Rotom-Wash|30/100
|turn|16
|
|t:|1760764488
|move|p2a: Great Tusk|Knock Off|p1a: Rotom
|-damage|p1a: Rotom|0 fnt
|-enditem|p1a: Rotom|Leftovers|[from] move: Knock Off|[of] p2a: Great Tusk
|faint|p1a: Rotom
|
|-heal|p2a: Great Tusk|40/100|[from] item: Leftovers
|upkeep
|
|t:|1760764494
|switch|p1a: Tornadus|Tornadus-Therian, M|100/100
|turn|17
|
|t:|1760764497
|move|p2a: Great Tusk|Knock Off|p1a: Tornadus
|-damage|p1a: Tornadus|29/100
|-enditem|p1a: Tornadus|Sky Plate|[from] move: Knock Off|[of] p2a: Great Tusk
|move|p1a: Tornadus|Bleakwind Storm|p2a: Great Tusk
|-supereffective|p2a: Great Tusk
|-damage|p2a: Great Tusk|0 fnt
|faint|p2a: Great Tusk
|-end|p2a: Great Tusk|Protosynthesis|[silent]
|
|upkeep
|
|t:|1760764506
|switch|p2a: Dragonite|Dragonite, F|100/100
|turn|18
|
|t:|1760764510
|switch|p1a: Zamazenta|Zamazenta|100/100
|-ability|p1a: Zamazenta|Dauntless Shield|boost
|-boost|p1a: Zamazenta|def|1
|move|p2a: Dragonite|Dragon Dance|p2a: Dragonite
|-boost|p2a: Dragonite|atk|1
|-boost|p2a: Dragonite|spe|1
|
|upkeep
|turn|19
|
|t:|1760764518
|switch|p2a: Pecharunt|Pecharunt|100/100
|move|p1a: Zamazenta|Iron Defense|p1a: Zamazenta
|-boost|p1a: Zamazenta|def|2
|
|upkeep
|turn|20
|
|t:|1760764521
|switch|p1a: Glimmora|Glimmora, M|32/100
|move|p2a: Pecharunt|Malignant Chain|p1a: Glimmora
|-resisted|p1a: Glimmora
|-damage|p1a: Glimmora|22/100
|
|upkeep
|turn|21
|
|t:|1760764526
|move|p2a: Pecharunt|Parting Shot|p1a: Glimmora
|-unboost|p1a: Glimmora|atk|1
|-unboost|p1a: Glimmora|spa|1
|
|t:|1760764527
|switch|p2a: Kingambit|Kingambit, F|100/100|[from] Parting Shot
|-activate|p2a: Kingambit|ability: Supreme Overlord
|-start|p2a: Kingambit|fallen3|[silent]
|move|p1a: Glimmora|Earth Power|p2a: Kingambit
|-supereffective|p2a: Kingambit
|-damage|p2a: Kingambit|63/100
|
|-heal|p2a: Kingambit|70/100|[from] item: Leftovers
|upkeep
|turn|22
|
|t:|1760764533
|move|p1a: Glimmora|Earth Power|p2a: Kingambit
|-supereffective|p2a: Kingambit
|-damage|p2a: Kingambit|28/100
|-unboost|p2a: Kingambit|spd|1
|move|p2a: Kingambit|Stealth Rock|p1a: Glimmora
|-sidestart|p1: novineuniverse|move: Stealth Rock
|
|-heal|p2a: Kingambit|34/100|[from] item: Leftovers
|upkeep
|turn|23
|
|t:|1760764539
|move|p2a: Kingambit|Sucker Punch|p1a: Glimmora
|-damage|p1a: Glimmora|0 fnt
|-activate|p1a: Glimmora|ability: Toxic Debris
|-sidestart|p2: Dark_Havocll|move: Toxic Spikes
|faint|p1a: Glimmora
|
|-heal|p2a: Kingambit|40/100|[from] item: Leftovers
|upkeep
|
|t:|1760764544
|switch|p1a: Zamazenta|Zamazenta|100/100
|-damage|p1a: Zamazenta|94/100|[from] Stealth Rock
|turn|24
|
|t:|1760764547
|switch|p1a: Kingambit|Kingambit, F|100/100
|-damage|p1a: Kingambit|94/100|[from] Stealth Rock
|-activate|p1a: Kingambit|ability: Supreme Overlord
|-start|p1a: Kingambit|fallen3|[silent]
|move|p2a: Kingambit|Thunder Wave|p1a: Kingambit
|-status|p1a: Kingambit|par
|
|-heal|p2a: Kingambit|47/100|[from] item: Leftovers
|-heal|p1a: Kingambit|100/100 par|[from] item: Leftovers
|upkeep
|turn|25
|
|t:|1760764559
|move|p2a: Kingambit|Kowtow Cleave|p1a: Kingambit
|-resisted|p1a: Kingambit
|-damage|p1a: Kingambit|79/100 par
|move|p1a: Kingambit|Swords Dance|p1a: Kingambit
|-boost|p1a: Kingambit|atk|2
|
|-heal|p2a: Kingambit|53/100|[from] item: Leftovers
|-heal|p1a: Kingambit|85/100 par|[from] item: Leftovers
|upkeep
|turn|26
|
|t:|1760764564
|move|p2a: Kingambit|Kowtow Cleave|p1a: Kingambit
|-resisted|p1a: Kingambit
|-damage|p1a: Kingambit|63/100 par
|move|p1a: Kingambit|Kowtow Cleave|p2a: Kingambit
|-resisted|p2a: Kingambit
|-damage|p2a: Kingambit|15/100
|
|-heal|p2a: Kingambit|21/100|[from] item: Leftovers
|-heal|p1a: Kingambit|69/100 par|[from] item: Leftovers
|upkeep
|turn|27
|
|t:|1760764570
|move|p2a: Kingambit|Kowtow Cleave|p1a: Kingambit
|-resisted|p1a: Kingambit
|-damage|p1a: Kingambit|49/100 par
|cant|p1a: Kingambit|par
|
|-heal|p2a: Kingambit|27/100|[from] item: Leftovers
|-heal|p1a: Kingambit|56/100 par|[from] item: Leftovers
|upkeep
|turn|28
|
|t:|1760764575
|cant|p1a: Kingambit|par
|move|p2a: Kingambit|Kowtow Cleave|p1a: Kingambit
|-resisted|p1a: Kingambit
|-damage|p1a: Kingambit|35/100 par
|
|-heal|p2a: Kingambit|33/100|[from] item: Leftovers
|-heal|p1a: Kingambit|41/100 par|[from] item: Leftovers
|upkeep
|turn|29
|
|t:|1760764579
|cant|p1a: Kingambit|par
|move|p2a: Kingambit|Kowtow Cleave|p1a: Kingambit
|-resisted|p1a: Kingambit
|-damage|p1a: Kingambit|19/100 par
|
|-heal|p2a: Kingambit|40/100|[from] item: Leftovers
|-heal|p1a: Kingambit|25/100 par|[from] item: Leftovers
|upkeep
|turn|30
|
|t:|1760764584
|move|p2a: Kingambit|Sucker Punch|p1a: Kingambit
|-resisted|p1a: Kingambit
|-damage|p1a: Kingambit|7/100 par
|move|p1a: Kingambit|Sucker Punch||[still]
|-fail|p1a: Kingambit
|
|-heal|p2a: Kingambit|46/100|[from] item: Leftovers
|-heal|p1a: Kingambit|13/100 par|[from] item: Leftovers
|upkeep
|turn|31
|
|t:|1760764589
|move|p2a: Kingambit|Kowtow Cleave|p1a: Kingambit
|-resisted|p1a: Kingambit
|-damage|p1a: Kingambit|0 fnt
|faint|p1a: Kingambit
|-end|p1a: Kingambit|fallen3|[silent]
|
|-heal|p2a: Kingambit|52/100|[from] item: Leftovers
|upkeep
|
|t:|1760764593
|switch|p1a: Zamazenta|Zamazenta|94/100
|-damage|p1a: Zamazenta|88/100|[from] Stealth Rock
|turn|32
|
|t:|1760764595
|move|p1a: Zamazenta|Substitute|p1a: Zamazenta
|-start|p1a: Zamazenta|Substitute
|-damage|p1a: Zamazenta|63/100
|move|p2a: Kingambit|Thunder Wave||[still]
|-fail|p2a: Kingambit
|
|-heal|p1a: Zamazenta|69/100|[from] item: Leftovers
|-heal|p2a: Kingambit|58/100|[from] item: Leftovers
|upkeep
|turn|33
|
|t:|1760764600
|-end|p2a: Kingambit|fallen3|[silent]
|switch|p2a: Pecharunt|Pecharunt|100/100
|-sideend|p2: Dark_Havocll|move: Toxic Spikes|[of] p2a: Pecharunt
|move|p1a: Zamazenta|Body Press|p2a: Pecharunt
|-immune|p2a: Pecharunt
|
|-heal|p1a: Zamazenta|75/100|[from] item: Leftovers
|upkeep
|turn|34
|
|t:|1760764605
|move|p1a: Zamazenta|Crunch|p2a: Pecharunt
|-supereffective|p2a: Pecharunt
|-damage|p2a: Pecharunt|75/100
|-unboost|p2a: Pecharunt|def|1
|move|p2a: Pecharunt|Malignant Chain|p1a: Zamazenta
|-activate|p1a: Zamazenta|move: Substitute|[damage]
|
|-heal|p1a: Zamazenta|82/100|[from] item: Leftovers
|upkeep
|turn|35
|
|t:|1760764611
|move|p1a: Zamazenta|Crunch|p2a: Pecharunt
|-supereffective|p2a: Pecharunt
|-damage|p2a: Pecharunt|36/100
|move|p2a: Pecharunt|Hex|p1a: Zamazenta
|-end|p1a: Zamazenta|Substitute
|
|-heal|p1a: Zamazenta|88/100|[from] item: Leftovers
|upkeep
|turn|36
|
|t:|1760764615
|move|p1a: Zamazenta|Crunch|p2a: Pecharunt
|-supereffective|p2a: Pecharunt
|-damage|p2a: Pecharunt|0 fnt
|faint|p2a: Pecharunt
|
|-heal|p1a: Zamazenta|94/100|[from] item: Leftovers
|upkeep
|
|t:|1760764617
|switch|p2a: Dragonite|Dragonite, F|100/100
|turn|37
|
|t:|1760764625
|move|p1a: Zamazenta|Iron Defense|p1a: Zamazenta
|-boost|p1a: Zamazenta|def|2
|move|p2a: Dragonite|Dragon Dance|p2a: Dragonite
|-boost|p2a: Dragonite|atk|1
|-boost|p2a: Dragonite|spe|1
|
|-heal|p1a: Zamazenta|99/100|[from] item: Leftovers
|upkeep
|turn|38
|
|t:|1760764628
|move|p1a: Zamazenta|Body Press|p2a: Dragonite
|-resisted|p2a: Dragonite
|-damage|p2a: Dragonite|81/100
|move|p2a: Dragonite|Dragon Dance|p2a: Dragonite
|-boost|p2a: Dragonite|atk|1
|-boost|p2a: Dragonite|spe|1
|
|-heal|p1a: Zamazenta|100/100|[from] item: Leftovers
|upkeep
|turn|39
|
|t:|1760764639
|move|p2a: Dragonite|Earthquake|p1a: Zamazenta
|-damage|p1a: Zamazenta|72/100
|move|p1a: Zamazenta|Body Press|p2a: Dragonite
|-resisted|p2a: Dragonite
|-damage|p2a: Dragonite|42/100
|
|-heal|p1a: Zamazenta|79/100|[from] item: Leftovers
|upkeep
|turn|40
|
|t:|1760764645
|-terastallize|p2a: Dragonite|Electric
|move|p2a: Dragonite|Tera Blast|p1a: Zamazenta|[anim] Tera Blast Electric
|-damage|p1a: Zamazenta|47/100
|move|p1a: Zamazenta|Body Press|p2a: Dragonite
|-damage|p2a: Dragonite|0 fnt
|faint|p2a: Dragonite
|
|-heal|p1a: Zamazenta|54/100|[from] item: Leftovers
|upkeep
|
|t:|1760764651
|switch|p2a: Kingambit|Kingambit, F|58/100
|-activate|p2a: Kingambit|ability: Supreme Overlord
|-start|p2a: Kingambit|fallen5|[silent]
|turn|41
|c|☆Dark_Havocll|gg
|
|t:|1760764661
|move|p1a: Zamazenta|Body Press|p2a: Kingambit
|-supereffective|p2a: Kingambit
|-damage|p2a: Kingambit|0 fnt
|faint|p2a: Kingambit
|-end|p2a: Kingambit|fallen5|[silent]
|
|win|novineuniverse
|raw|novineuniverse's rating: 1483 &rarr; <strong>1505</strong><br />(+22 for winning)
|raw|Dark_Havocll's rating: 1512 &rarr; <strong>1490</strong><br />(-22 for losing)
|l|☆novineuniverse
|player|p1|
|l|☆Dark_Havocll
|player|p2|
