|j|☆karane yui
|j|☆Captain Brusin'
|t:|1760854723
|gametype|singles
|player|p1|karane yui|flannery|1240
|player|p2|Captain Brusin'|harlequin|1188
|gen|9
|tier|[Gen 9] OU
|rated|
|rule|HP Percentage Mod: HP is shown in percentages
|rule|Endless Battle Clause: Forcing endless battles is banned
|rule|Species Clause: Limit one of each Pokémon
|rule|OHKO Clause: OHKO moves are banned
|rule|Evasion Items Clause: Evasion items are banned
|rule|Evasion Moves Clause: Evasion moves are banned
|rule|Evasion Abilities Clause: Evasion abilities are banned
|rule|Sleep Moves Clause: Sleep-inducing moves are banned
|clearpoke
|poke|p1|Iron Valiant|
|poke|p1|Dragapult, M|
|poke|p1|Serperior, F|
|poke|p1|Dondozo, M|
|poke|p1|Goodra-Hisui, M|
|poke|p1|Cinderace, M|
|poke|p2|Dondozo, M|
|poke|p2|Slowking-Galar, L99, M|
|poke|p2|Kyurem|
|poke|p2|Corviknight, M|
|poke|p2|Conkeldurr, F|
|poke|p2|Hydreigon, F|
|teampreview
|inactive|Battle timer is ON: inactive players will automatically lose when time's up. (requested by karane yui)
|
|t:|1760854733
|teamsize|p1|6
|teamsize|p2|6
|start
|switch|p1a: Dragapult|Dragapult, M|100/100
|switch|p2a: My boo <3|Hydreigon, F, shiny|100/100
|turn|1
|j| ifweevermeetagain
|
|t:|1760854743
|move|p2a: My boo <3|Dark Pulse|p1a: Dragapult
|-supereffective|p1a: Dragapult
|-damage|p1a: Dragapult|0 fnt
|faint|p1a: Dragapult
|
|upkeep
|
|t:|1760854760
|switch|p1a: Iron Valiant|Iron Valiant|100/100
|-enditem|p1a: Iron Valiant|Booster Energy
|-activate|p1a: Iron Valiant|ability: Quark Drive|[fromitem]
|-start|p1a: Iron Valiant|quarkdrivespe
|turn|2
|
|t:|1760854768
|switch|p2a: Dr. Shrunk|Slowking-Galar, L99, M, shiny|100/100
|move|p1a: Iron Valiant|Knock Off|p2a: Dr. Shrunk
|-supereffective|p2a: Dr. Shrunk
|-damage|p2a: Dr. Shrunk|60/100
|-enditem|p2a: Dr. Shrunk|Shuca Berry|[from] move: Knock Off|[of] p1a: Iron Valiant
|
|upkeep
|turn|3
|
|t:|1760854796
|-end|p1a: Iron Valiant|Quark Drive|[silent]
|switch|p1a: Goodra|Goodra-Hisui, M|100/100
|-prepare|p2a: Dr. Shrunk|Chilly Reception|[premajor]
|move|p2a: Dr. Shrunk|Chilly Reception|p2a: Dr. Shrunk
|-weather|Snowscape
|
|t:|1760854813
|switch|p2a: Earl|Corviknight, M, shiny|100/100|[from] Chilly Reception
|-ability|p2a: Earl|Pressure
|
|-weather|Snowscape|[upkeep]
|upkeep
|turn|4
|
|t:|1760854820
|move|p2a: Earl|Iron Defense|p2a: Earl
|-boost|p2a: Earl|def|2
|move|p1a: Goodra|Flamethrower|p2a: Earl
|-supereffective|p2a: Earl
|-damage|p2a: Earl|39/100
|
|-weather|Snowscape|[upkeep]
|-heal|p2a: Earl|45/100|[from] item: Leftovers
|upkeep
|turn|5
|
|t:|1760854826
|move|p2a: Earl|Body Press|p1a: Goodra
|-supereffective|p1a: Goodra
|-damage|p1a: Goodra|8/100
|move|p1a: Goodra|Flamethrower|p2a: Earl
|-supereffective|p2a: Earl
|-damage|p2a: Earl|0 fnt
|faint|p2a: Earl
|
|-weather|Snowscape|[upkeep]
|upkeep
|
|t:|1760854840
|switch|p2a: Bonk|Conkeldurr, F, shiny|100/100
|turn|6
|l| ifweevermeetagain
|
|t:|1760854847
|move|p2a: Bonk|Mach Punch|p1a: Goodra
|-supereffective|p1a: Goodra
|-damage|p1a: Goodra|0 fnt
|faint|p1a: Goodra
|
|-weather|Snowscape|[upkeep]
|-status|p2a: Bonk|brn|[from] item: Flame Orb
|upkeep
|
|t:|1760854860
|switch|p1a: Iron Valiant|Iron Valiant|100/100
|turn|7
|
|t:|1760854875
|switch|p2a: Dr. Shrunk|Slowking-Galar, L99, M, shiny|93/100
|move|p1a: Iron Valiant|Moonblast|p2a: Dr. Shrunk
|-resisted|p2a: Dr. Shrunk
|-damage|p2a: Dr. Shrunk|75/100
|-unboost|p2a: Dr. Shrunk|spa|1
|
|-weather|none
|upkeep
|turn|8
|
|t:|1760854898
|move|p1a: Iron Valiant|Knock Off|p2a: Dr. Shrunk
|-supereffective|p2a: Dr. Shrunk
|-damage|p2a: Dr. Shrunk|48/100
|-prepare|p2a: Dr. Shrunk|Chilly Reception|[premajor]
|move|p2a: Dr. Shrunk|Chilly Reception|p2a: Dr. Shrunk
|-weather|Snowscape
|
|t:|1760854914
|switch|p2a: My boo <3|Hydreigon, F, shiny|100/100|[from] Chilly Reception
|
|-weather|Snowscape|[upkeep]
|upkeep
|turn|9
|
|t:|1760854933
|-terastallize|p1a: Iron Valiant|Steel
|move|p2a: My boo <3|U-turn|p1a: Iron Valiant
|-resisted|p1a: Iron Valiant
|-crit|p1a: Iron Valiant
|-damage|p1a: Iron Valiant|85/100
|
|t:|1760854940
|switch|p2a: Dr. Shrunk|Slowking-Galar, L99, M, shiny|82/100|[from] U-turn
|move|p1a: Iron Valiant|Moonblast|p2a: Dr. Shrunk
|-resisted|p2a: Dr. Shrunk
|-damage|p2a: Dr. Shrunk|64/100
|
|-weather|Snowscape|[upkeep]
|upkeep
|turn|10
|
|t:|1760854961
|move|p1a: Iron Valiant|Knock Off|p2a: Dr. Shrunk
|-supereffective|p2a: Dr. Shrunk
|-damage|p2a: Dr. Shrunk|37/100
|-prepare|p2a: Dr. Shrunk|Chilly Reception|[premajor]
|move|p2a: Dr. Shrunk|Chilly Reception|p2a: Dr. Shrunk
|
|t:|1760854970
|switch|p2a: My boo <3|Hydreigon, F, shiny|100/100|[from] Chilly Reception
|
|-weather|Snowscape|[upkeep]
|upkeep
|turn|11
|
|t:|1760854982
|-terastallize|p2a: My boo <3|Steel
|move|p2a: My boo <3|Fire Blast|p1a: Iron Valiant
|-supereffective|p1a: Iron Valiant
|-damage|p1a: Iron Valiant|0 fnt
|faint|p1a: Iron Valiant
|-end|p1a: Iron Valiant|Quark Drive|[silent]
|
|-weather|Snowscape|[upkeep]
|upkeep
|
|t:|1760854989
|switch|p1a: Cinderace|Cinderace, M|100/100
|turn|12
|
|t:|1760854994
|switch|p2a: Blue Chungus|Dondozo, M|100/100
|move|p1a: Cinderace|Will-O-Wisp|p2a: Blue Chungus
|-status|p2a: Blue Chungus|brn
|
|-weather|none
|-damage|p2a: Blue Chungus|94/100 brn|[from] brn
|upkeep
|turn|13
|
|t:|1760855004
|switch|p2a: Kyurem|Kyurem, shiny|100/100
|-ability|p2a: Kyurem|Pressure
|move|p1a: Cinderace|U-turn|p2a: Kyurem
|-start|p1a: Cinderace|typechange|Bug|[from] ability: Libero
|-damage|p2a: Kyurem|75/100
|
|t:|1760855019
|switch|p1a: Serperior|Serperior, F|100/100|[from] U-turn
|
|upkeep
|turn|14
|
|t:|1760855024
|move|p1a: Serperior|Dragon Pulse|p2a: Kyurem
|-supereffective|p2a: Kyurem
|-damage|p2a: Kyurem|37/100
|move|p2a: Kyurem|Freeze-Dry|p1a: Serperior
|-supereffective|p1a: Serperior
|-damage|p1a: Serperior|0 fnt
|faint|p1a: Serperior
|
|upkeep
|
|t:|1760855032
|switch|p1a: Cinderace|Cinderace, M|100/100
|turn|15
|
|t:|1760855037
|switch|p2a: Dr. Shrunk|Slowking-Galar, L99, M, shiny|71/100
|move|p1a: Cinderace|Will-O-Wisp|p2a: Dr. Shrunk
|-status|p2a: Dr. Shrunk|brn
|
|-damage|p2a: Dr. Shrunk|65/100 brn|[from] brn
|upkeep
|turn|16
|
|t:|1760855048
|move|p1a: Cinderace|Pyro Ball|p2a: Dr. Shrunk
|-damage|p2a: Dr. Shrunk|32/100 brn
|-prepare|p2a: Dr. Shrunk|Chilly Reception|[premajor]
|move|p2a: Dr. Shrunk|Chilly Reception|p2a: Dr. Shrunk
|-weather|Snowscape
|
|t:|1760855054
|switch|p2a: My boo <3|Hydreigon, F, shiny, tera:Steel|100/100|[from] Chilly Reception
|
|-weather|Snowscape|[upkeep]
|upkeep
|turn|17
|
|t:|1760855061
|move|p2a: My boo <3|Draco Meteor|p1a: Cinderace
|-damage|p1a: Cinderace|17/100
|-unboost|p2a: My boo <3|spa|2
|move|p1a: Cinderace|Pyro Ball|p2a: My boo <3
|-supereffective|p2a: My boo <3
|-damage|p2a: My boo <3|0 fnt
|faint|p2a: My boo <3
|
|-weather|Snowscape|[upkeep]
|upkeep
|
|t:|1760855070
|switch|p2a: Bonk|Conkeldurr, F, shiny|100/100 brn
|turn|18
|
|t:|1760855077
|move|p2a: Bonk|Mach Punch|p1a: Cinderace
|-damage|p1a: Cinderace|0 fnt
|faint|p1a: Cinderace
|
|-weather|Snowscape|[upkeep]
|-damage|p2a: Bonk|94/100 brn|[from] brn
|upkeep
|
|t:|1760855079
|switch|p1a: Dondozo|Dondozo, M|100/100
|turn|19
|
|t:|1760855086
|switch|p2a: Kyurem|Kyurem, shiny|37/100
|-ability|p2a: Kyurem|Pressure
|move|p1a: Dondozo|Curse|p1a: Dondozo
|-unboost|p1a: Dondozo|spe|1
|-boost|p1a: Dondozo|atk|1
|-boost|p1a: Dondozo|def|1
|
|-weather|Snowscape|[upkeep]
|upkeep
|turn|20
|
|t:|1760855092
|move|p2a: Kyurem|Freeze-Dry|p1a: Dondozo
|-supereffective|p1a: Dondozo
|-damage|p1a: Dondozo|0 fnt
|faint|p1a: Dondozo
|
|win|Captain Brusin'
|raw|karane yui's rating: 1240 &rarr; <strong>1211</strong><br />(-29 for losing)
|raw|Captain Brusin&apos;'s rating: 1188 &rarr; <strong>1217</strong><br />(+29 for winning)
|l|☆karane yui
|player|p1|
|c|☆Captain Brusin'|Hg
|l|☆Captain Brusin'
|player|p2|
