|j|☆geckoflaquee
|j|☆luca1996
|t:|1760736169
|gametype|singles
|player|p1|geckoflaquee|iris|1354
|player|p2|luca1996|boarder|1403
|gen|9
|tier|[Gen 9] OU
|rated|
|rule|HP Percentage Mod: HP is shown in percentages
|rule|Endless Battle Clause: Forcing endless battles is banned
|rule|Species Clause: Limit one of each Pokémon
|rule|OHKO Clause: OHKO moves are banned
|rule|Evasion Items Clause: Evasion items are banned
|rule|Evasion Moves Clause: Evasion moves are banned
|rule|Evasion Abilities Clause: Evasion abilities are banned
|rule|Sleep Moves Clause: Sleep-inducing moves are banned
|clearpoke
|poke|p1|Hoopa-Unbound|
|poke|p1|Hatterene, F|
|poke|p1|Ursaluna, F|
|poke|p1|Necrozma|
|poke|p1|Scizor, F|
|poke|p1|Azumarill, F|
|poke|p2|Gurdurr, F|
|poke|p2|Araquanid, F|
|poke|p2|Moltres-Galar|
|poke|p2|Entei|
|poke|p2|Great Tusk|
|poke|p2|Primarina, F|
|teampreview
|inactive|Battle timer is ON: inactive players will automatically lose when time's up. (requested by geckoflaquee)
|
|t:|1760736185
|teamsize|p1|6
|teamsize|p2|6
|start
|switch|p1a: Necrozma|Necrozma, shiny|100/100
|switch|p2a: Primarina|Primarina, F|100/100
|turn|1
|
|t:|1760736190
|move|p2a: Primarina|Moonblast|p1a: Necrozma
|-damage|p1a: Necrozma|37/100
|move|p1a: Necrozma|Trick Room|p1a: Necrozma
|-fieldstart|move: Trick Room|[of] p1a: Necrozma
|
|-heal|p1a: Necrozma|43/100|[from] item: Leftovers
|upkeep
|turn|2
|
|t:|1760736195
|switch|p1a: Azumarill|Azumarill, F, shiny|100/100
|move|p2a: Primarina|Moonblast|p1a: Azumarill
|-damage|p1a: Azumarill|65/100
|-unboost|p1a: Azumarill|spa|1
|
|upkeep
|turn|3
|
|t:|1760736198
|move|p1a: Azumarill|Play Rough|p2a: Primarina
|-damage|p2a: Primarina|33/100
|-unboost|p2a: Primarina|atk|1
|move|p2a: Primarina|Energy Ball|p1a: Azumarill
|-supereffective|p1a: Azumarill
|-damage|p1a: Azumarill|15/100
|
|upkeep
|turn|4
|
|t:|1760736201
|move|p1a: Azumarill|Play Rough|p2a: Primarina
|-damage|p2a: Primarina|0 fnt
|faint|p2a: Primarina
|
|upkeep
|
|t:|1760736204
|switch|p2a: Araquanid|Araquanid, F|100/100
|turn|5
|
|t:|1760736208
|switch|p1a: Necrozma|Necrozma, shiny|43/100
|move|p2a: Araquanid|Liquidation|p1a: Necrozma
|-damage|p1a: Necrozma|0 fnt
|faint|p1a: Necrozma
|
|-fieldend|move: Trick Room
|upkeep
|
|t:|1760736214
|switch|p1a: Scizor|Scizor, F|100/100
|turn|6
|
|t:|1760736232
|move|p1a: Scizor|Dual Wingbeat|p2a: Araquanid
|-supereffective|p2a: Araquanid
|-crit|p2a: Araquanid
|-damage|p2a: Araquanid|0 fnt
|faint|p2a: Araquanid
|-hitcount|p2: Araquanid|1
|
|upkeep
|
|t:|1760736239
|switch|p2a: Entei|Entei|100/100
|turn|7
|
|t:|1760736242
|switch|p1a: Azumarill|Azumarill, F, shiny|15/100
|move|p2a: Entei|Sacred Fire|p1a: Azumarill
|-resisted|p1a: Azumarill
|-damage|p1a: Azumarill|0 fnt
|faint|p1a: Azumarill
|
|upkeep
|
|t:|1760736248
|switch|p1a: Hoopa|Hoopa-Unbound|100/100
|turn|8
|
|t:|1760736252
|switch|p2a: Moltres|Moltres-Galar|100/100
|move|p1a: Hoopa|Trick Room|p1a: Hoopa
|-fieldstart|move: Trick Room|[of] p1a: Hoopa
|
|upkeep
|turn|9
|
|t:|1760736259
|move|p1a: Hoopa|Focus Blast|p2a: Moltres
|-damage|p2a: Moltres|46/100
|-ability|p2a: Moltres|Berserk|boost
|-boost|p2a: Moltres|spa|1
|-damage|p1a: Hoopa|91/100|[from] item: Life Orb
|move|p2a: Moltres|Fiery Wrath|p1a: Hoopa
|-damage|p1a: Hoopa|38/100
|
|upkeep
|turn|10
|
|t:|1760736262
|move|p1a: Hoopa|Focus Blast|p2a: Moltres
|-damage|p2a: Moltres|0 fnt
|faint|p2a: Moltres
|-damage|p1a: Hoopa|28/100|[from] item: Life Orb
|
|upkeep
|
|t:|1760736270
|switch|p2a: Great Tusk|Great Tusk|100/100
|turn|11
|
|t:|1760736272
|move|p1a: Hoopa|Psychic|p2a: Great Tusk
|-supereffective|p2a: Great Tusk
|-damage|p2a: Great Tusk|0 fnt
|faint|p2a: Great Tusk
|-end|p2a: Great Tusk|Protosynthesis|[silent]
|-damage|p1a: Hoopa|18/100|[from] item: Life Orb
|
|upkeep
|
|t:|1760736275
|switch|p2a: Gurdurr|Gurdurr, F|100/100
|turn|12
|
|t:|1760736277
|move|p2a: Gurdurr|Mach Punch|p1a: Hoopa
|-damage|p1a: Hoopa|0 fnt
|faint|p1a: Hoopa
|
|-fieldend|move: Trick Room
|upkeep
|
|t:|1760736285
|switch|p1a: Scizor|Scizor, F|100/100
|turn|13
|
|t:|1760736288
|-terastallize|p1a: Scizor|Flying
|move|p1a: Scizor|Dual Wingbeat|p2a: Gurdurr
|-supereffective|p2a: Gurdurr
|-damage|p2a: Gurdurr|30/100
|-supereffective|p2a: Gurdurr
|-damage|p2a: Gurdurr|0 fnt
|faint|p2a: Gurdurr
|-hitcount|p2: Gurdurr|2
|
|upkeep
|
|t:|1760736289
|switch|p2a: Entei|Entei|100/100
|turn|14
|
|t:|1760736297
|move|p2a: Entei|Sacred Fire|p1a: Scizor
|-damage|p1a: Scizor|54/100
|-status|p1a: Scizor|brn
|move|p1a: Scizor|Dual Wingbeat|p2a: Entei
|-damage|p2a: Entei|73/100
|-damage|p2a: Entei|46/100
|-hitcount|p2a: Entei|2
|
|-damage|p1a: Scizor|48/100 brn|[from] brn
|upkeep
|turn|15
|
|t:|1760736309
|move|p2a: Entei|Swagger|p1a: Scizor
|-boost|p1a: Scizor|atk|2
|-start|p1a: Scizor|confusion
|-enditem|p2a: Entei|Mirror Herb
|-boost|p2a: Entei|atk|2|[from] item: Mirror Herb
|-activate|p1a: Scizor|confusion
|-damage|p1a: Scizor|15/100 brn|[from] confusion
|
|-damage|p1a: Scizor|9/100 brn|[from] brn
|upkeep
|turn|16
|
|t:|1760736315
|move|p2a: Entei|Extreme Speed|p1a: Scizor
|-damage|p1a: Scizor|0 fnt
|faint|p1a: Scizor
|
|upkeep
|
|t:|1760736321
|switch|p1a: Hatterene|Hatterene, F|100/100
|turn|17
|
|t:|1760736323
|move|p2a: Entei|Sacred Fire|p1a: Hatterene
|-enditem|p1a: Hatterene|Focus Sash
|-damage|p1a: Hatterene|1/100
|-status|p1a: Hatterene|brn
|move|p1a: Hatterene|Psychic|p2a: Entei
|-damage|p2a: Entei|0 fnt
|faint|p2a: Entei
|
|win|geckoflaquee
|raw|geckoflaquee's rating: 1354 &rarr; <strong>1377</strong><br />(+23 for winning)
|raw|luca1996's rating: 1403 &rarr; <strong>1380</strong><br />(-23 for losing)
|l|☆luca1996
|player|p2|
|l|☆geckoflaquee
|player|p1|
