|j|☆beeboobaa
|j|☆jsyxfqhau
|t:|1760783616
|gametype|singles
|player|p1|beeboobaa|265|1340
|player|p2|jsyxfqhau|red|1283
|gen|9
|tier|[Gen 9] OU
|rated|
|rule|HP Percentage Mod: HP is shown in percentages
|rule|Endless Battle Clause: Forcing endless battles is banned
|rule|Species Clause: Limit one of each Pokémon
|rule|OHKO Clause: OHKO moves are banned
|rule|Evasion Items Clause: Evasion items are banned
|rule|Evasion Moves Clause: Evasion moves are banned
|rule|Evasion Abilities Clause: Evasion abilities are banned
|rule|Sleep Moves Clause: Sleep-inducing moves are banned
|clearpoke
|poke|p1|Blastoise, M|
|poke|p1|Clefable, F|
|poke|p1|Chansey, F|
|poke|p1|Ditto|
|poke|p1|Zapdos|
|poke|p1|Dragonite, F|
|poke|p2|Dondozo, F|
|poke|p2|Ogerpon-Wellspring, F|
|poke|p2|Umbreon, M|
|poke|p2|Gliscor, F|
|poke|p2|Araquanid, F|
|poke|p2|Pelipper, F|
|teampreview
|inactive|Battle timer is ON: inactive players will automatically lose when time's up. (requested by beeboobaa)
|
|t:|1760783626
|teamsize|p1|6
|teamsize|p2|6
|start
|switch|p1a: Blastoise|Blastoise, M|100/100
|switch|p2a: Gliscor|Gliscor, F|100/100
|turn|1
|
|t:|1760783635
|move|p2a: Gliscor|Protect|p2a: Gliscor
|-singleturn|p2a: Gliscor|Protect
|move|p1a: Blastoise|Ice Beam|p2a: Gliscor
|-activate|p2a: Gliscor|move: Protect
|
|-status|p2a: Gliscor|tox|[from] item: Toxic Orb
|upkeep
|turn|2
|
|t:|1760783645
|switch|p2a: Araquanid|Araquanid, F, shiny|100/100
|move|p1a: Blastoise|Ice Beam|p2a: Araquanid
|-resisted|p2a: Araquanid
|-crit|p2a: Araquanid
|-damage|p2a: Araquanid|89/100
|
|-heal|p2a: Araquanid|95/100|[from] item: Leftovers
|upkeep
|turn|3
|
|t:|1760783653
|move|p1a: Blastoise|Shell Smash|p1a: Blastoise
|-unboost|p1a: Blastoise|def|1
|-unboost|p1a: Blastoise|spd|1
|-boost|p1a: Blastoise|atk|2
|-boost|p1a: Blastoise|spa|2
|-boost|p1a: Blastoise|spe|2
|move|p2a: Araquanid|Stockpile|p2a: Araquanid
|-start|p2a: Araquanid|stockpile1
|-boost|p2a: Araquanid|def|1
|-boost|p2a: Araquanid|spd|1
|
|-heal|p2a: Araquanid|100/100|[from] item: Leftovers
|upkeep
|turn|4
|
|t:|1760783667
|move|p1a: Blastoise|Earthquake|p2a: Araquanid
|-resisted|p2a: Araquanid
|-damage|p2a: Araquanid|86/100
|move|p2a: Araquanid|Leech Life|p1a: Blastoise
|-damage|p1a: Blastoise|62/100
|-heal|p2a: Araquanid|100/100|[from] drain|[of] p1a: Blastoise
|-damage|p2a: Araquanid|84/100|[from] item: Rocky Helmet|[of] p1a: Blastoise
|
|-heal|p2a: Araquanid|90/100|[from] item: Leftovers
|upkeep
|turn|5
|
|t:|1760783686
|-terastallize|p1a: Blastoise|Electric
|move|p1a: Blastoise|Tera Blast|p2a: Araquanid|[anim] Tera Blast Electric
|-supereffective|p2a: Araquanid
|-damage|p2a: Araquanid|39/100
|move|p2a: Araquanid|Stockpile|p2a: Araquanid
|-start|p2a: Araquanid|stockpile2
|-boost|p2a: Araquanid|def|1
|-boost|p2a: Araquanid|spd|1
|
|-heal|p2a: Araquanid|45/100|[from] item: Leftovers
|upkeep
|turn|6
|
|t:|1760783698
|move|p1a: Blastoise|Tera Blast|p2a: Araquanid|[anim] Tera Blast Electric
|-supereffective|p2a: Araquanid
|-damage|p2a: Araquanid|9/100
|move|p2a: Araquanid|Liquidation|p1a: Blastoise
|-damage|p1a: Blastoise|0 fnt
|-damage|p2a: Araquanid|0 fnt|[from] item: Rocky Helmet|[of] p1a: Blastoise
|faint|p1a: Blastoise
|faint|p2a: Araquanid
|
|upkeep
|
|t:|1760783712
|switch|p1a: Zapdos|Zapdos|100/100
|switch|p2a: Gliscor|Gliscor, F|100/100 tox
|turn|7
|
|t:|1760783717
|move|p2a: Gliscor|Toxic|p1a: Zapdos
|-status|p1a: Zapdos|tox
|move|p1a: Zapdos|Hurricane|p2a: Gliscor
|-damage|p2a: Gliscor|56/100 tox
|
|-heal|p2a: Gliscor|68/100 tox|[from] ability: Poison Heal
|-damage|p1a: Zapdos|94/100 tox|[from] psn
|upkeep
|turn|8
|
|t:|1760783725
|switch|p1a: Chansey|Chansey, F|100/100
|move|p2a: Gliscor|Protect||[still]
|-fail|p2a: Gliscor
|
|-heal|p2a: Gliscor|81/100 tox|[from] ability: Poison Heal
|upkeep
|turn|9
|
|t:|1760783732
|move|p2a: Gliscor|Toxic|p1a: Chansey
|-status|p1a: Chansey|tox
|move|p1a: Chansey|Seismic Toss|p2a: Gliscor
|-damage|p2a: Gliscor|50/100 tox
|
|-heal|p2a: Gliscor|62/100 tox|[from] ability: Poison Heal
|-damage|p1a: Chansey|94/100 tox|[from] psn
|upkeep
|turn|10
|
|t:|1760783752
|-curestatus|p1a: Chansey|tox|[from] ability: Natural Cure
|switch|p1a: Clefable|Clefable, F|100/100
|move|p2a: Gliscor|Protect||[still]
|-fail|p2a: Gliscor
|
|-heal|p2a: Gliscor|74/100 tox|[from] ability: Poison Heal
|upkeep
|turn|11
|
|t:|1760783759
|move|p2a: Gliscor|Toxic|p1a: Clefable
|-status|p1a: Clefable|tox
|move|p1a: Clefable|Calm Mind|p1a: Clefable
|-boost|p1a: Clefable|spa|1
|-boost|p1a: Clefable|spd|1
|
|-heal|p2a: Gliscor|87/100 tox|[from] ability: Poison Heal
|upkeep
|turn|12
|
|t:|1760783777
|switch|p2a: Ogerpon|Ogerpon-Wellspring, F|100/100
|move|p1a: Clefable|Moonlight|p1a: Clefable
|-fail|p1a: Clefable|heal
|
|upkeep
|turn|13
|c|☆beeboobaa|misclick
|
|t:|1760783792
|switch|p1a: Dragonite|Dragonite, F|100/100
|move|p2a: Ogerpon|Swords Dance|p2a: Ogerpon
|-boost|p2a: Ogerpon|atk|2
|
|upkeep
|turn|14
|
|t:|1760783802
|move|p2a: Ogerpon|Trailblaze|p1a: Dragonite
|-resisted|p1a: Dragonite
|-damage|p1a: Dragonite|93/100
|-boost|p2a: Ogerpon|spe|1
|move|p1a: Dragonite|Dragon Dance|p1a: Dragonite
|-boost|p1a: Dragonite|atk|1
|-boost|p1a: Dragonite|spe|1
|
|upkeep
|turn|15
|
|t:|1760783811
|move|p2a: Ogerpon|Ivy Cudgel|p1a: Dragonite|[anim] Ivy Cudgel Water
|-resisted|p1a: Dragonite
|-damage|p1a: Dragonite|37/100
|move|p1a: Dragonite|Earthquake|p2a: Ogerpon
|-resisted|p2a: Ogerpon
|-damage|p2a: Ogerpon|63/100
|
|upkeep
|turn|16
|
|t:|1760783819
|move|p2a: Ogerpon|Ivy Cudgel|p1a: Dragonite|[anim] Ivy Cudgel Water
|-resisted|p1a: Dragonite
|-damage|p1a: Dragonite|0 fnt
|faint|p1a: Dragonite
|
|upkeep
|
|t:|1760783821
|switch|p1a: Ditto|Ditto|100/100
|-transform|p1a: Ditto|p2a: Ogerpon|[from] ability: Imposter
|turn|17
|
|t:|1760783843
|move|p1a: Ditto|Horn Leech|p2a: Ogerpon
|-damage|p2a: Ogerpon|0 fnt
|faint|p2a: Ogerpon
|
|upkeep
|
|t:|1760783857
|switch|p2a: Gliscor|Gliscor, F|87/100 tox
|turn|18
|
|t:|1760783860
|move|p1a: Ditto|Horn Leech|p2a: Gliscor
|-damage|p2a: Gliscor|24/100 tox
|move|p2a: Gliscor|Toxic|p1a: Ditto
|-status|p1a: Ditto|tox
|
|-damage|p1a: Ditto|94/100 tox|[from] psn
|-heal|p2a: Gliscor|37/100 tox|[from] ability: Poison Heal
|upkeep
|turn|19
|
|t:|1760783866
|move|p2a: Gliscor|Protect|p2a: Gliscor
|-singleturn|p2a: Gliscor|Protect
|move|p1a: Ditto|Horn Leech|p2a: Gliscor
|-activate|p2a: Gliscor|move: Protect
|
|-damage|p1a: Ditto|82/100 tox|[from] psn
|-heal|p2a: Gliscor|49/100 tox|[from] ability: Poison Heal
|upkeep
|turn|20
|
|t:|1760783878
|switch|p2a: Umbreon|Umbreon, M, shiny|100/100
|move|p1a: Ditto|Horn Leech|p2a: Umbreon
|-damage|p2a: Umbreon|57/100
|-heal|p1a: Ditto|100/100 tox|[from] drain|[of] p2a: Umbreon
|
|-heal|p2a: Umbreon|63/100|[from] item: Leftovers
|-damage|p1a: Ditto|82/100 tox|[from] psn
|upkeep
|turn|21
|
|t:|1760783884
|move|p2a: Umbreon|Protect|p2a: Umbreon
|-singleturn|p2a: Umbreon|Protect
|move|p1a: Ditto|Horn Leech|p2a: Umbreon
|-activate|p2a: Umbreon|move: Protect
|
|-heal|p2a: Umbreon|69/100|[from] item: Leftovers
|-damage|p1a: Ditto|58/100 tox|[from] psn
|upkeep
|turn|22
|
|t:|1760783893
|switch|p1a: Chansey|Chansey, F|94/100
|move|p2a: Umbreon|Wish|p2a: Umbreon
|
|-heal|p2a: Umbreon|75/100|[from] item: Leftovers
|upkeep
|turn|23
|
|t:|1760783899
|move|p2a: Umbreon|Foul Play|p1a: Chansey
|-damage|p1a: Chansey|93/100
|move|p1a: Chansey|Seismic Toss|p2a: Umbreon
|-damage|p2a: Umbreon|50/100
|
|-heal|p2a: Umbreon|99/100|[from] move: Wish|[wisher] Umbreon
|-heal|p2a: Umbreon|100/100|[from] item: Leftovers
|upkeep
|turn|24
|
|t:|1760783910
|move|p2a: Umbreon|Wish|p2a: Umbreon
|move|p1a: Chansey|Seismic Toss|p2a: Umbreon
|-damage|p2a: Umbreon|75/100
|
|-heal|p2a: Umbreon|81/100|[from] item: Leftovers
|upkeep
|turn|25
|
|t:|1760783925
|switch|p2a: Pelipper|Pelipper, F, shiny|100/100
|-weather|RainDance|[from] ability: Drizzle|[of] p2a: Pelipper
|move|p1a: Chansey|Seismic Toss|p2a: Pelipper
|-damage|p2a: Pelipper|62/100
|
|-weather|RainDance|[upkeep]
|-heal|p2a: Pelipper|100/100|[from] move: Wish|[wisher] Umbreon
|upkeep
|turn|26
|
|t:|1760783935
|move|p2a: Pelipper|Weather Ball|p1a: Chansey
|-damage|p1a: Chansey|75/100
|move|p1a: Chansey|Seismic Toss|p2a: Pelipper
|-damage|p2a: Pelipper|62/100
|
|-weather|RainDance|[upkeep]
|upkeep
|turn|27
|
|t:|1760783947
|move|p2a: Pelipper|U-turn|p1a: Chansey
|-damage|p1a: Chansey|69/100
|
|t:|1760783949
|switch|p2a: Dondozo|Dondozo, F, shiny|100/100|[from] U-turn
|move|p1a: Chansey|Seismic Toss|p2a: Dondozo
|-damage|p2a: Dondozo|81/100
|
|-weather|RainDance|[upkeep]
|-heal|p2a: Dondozo|87/100|[from] item: Leftovers
|upkeep
|turn|28
|
|t:|1760783959
|switch|p1a: Zapdos|Zapdos|94/100 tox
|move|p2a: Dondozo|Earthquake|p1a: Zapdos
|-immune|p1a: Zapdos
|
|-weather|RainDance|[upkeep]
|-heal|p2a: Dondozo|93/100|[from] item: Leftovers
|-damage|p1a: Zapdos|88/100 tox|[from] psn
|upkeep
|turn|29
|
|t:|1760783964
|move|p2a: Dondozo|Protect|p2a: Dondozo
|-singleturn|p2a: Dondozo|Protect
|move|p1a: Zapdos|Thunder Wave|p2a: Dondozo
|-activate|p2a: Dondozo|move: Protect
|
|-weather|RainDance|[upkeep]
|-heal|p2a: Dondozo|99/100|[from] item: Leftovers
|-damage|p1a: Zapdos|75/100 tox|[from] psn
|upkeep
|turn|30
|
|t:|1760783973
|switch|p2a: Gliscor|Gliscor, F|49/100 tox
|move|p1a: Zapdos|Hurricane|p2a: Gliscor
|-damage|p2a: Gliscor|7/100 tox
|
|-weather|RainDance|[upkeep]
|-heal|p2a: Gliscor|19/100 tox|[from] ability: Poison Heal
|-damage|p1a: Zapdos|57/100 tox|[from] psn
|upkeep
|turn|31
|
|t:|1760783980
|switch|p1a: Chansey|Chansey, F|69/100
|move|p2a: Gliscor|Protect||[still]
|-fail|p2a: Gliscor
|
|-weather|RainDance|[upkeep]
|-heal|p2a: Gliscor|32/100 tox|[from] ability: Poison Heal
|upkeep
|turn|32
|
|t:|1760783997
|switch|p2a: Umbreon|Umbreon, M, shiny|81/100
|move|p1a: Chansey|Seismic Toss|p2a: Umbreon
|-damage|p2a: Umbreon|56/100
|
|-weather|none
|-heal|p2a: Umbreon|62/100|[from] item: Leftovers
|upkeep
|turn|33
|
|t:|1760784019
|switch|p1a: Clefable|Clefable, F|100/100 tox
|move|p2a: Umbreon|Wish|p2a: Umbreon
|
|-heal|p2a: Umbreon|68/100|[from] item: Leftovers
|upkeep
|turn|34
|
|t:|1760784026
|move|p1a: Clefable|Calm Mind|p1a: Clefable
|-boost|p1a: Clefable|spa|1
|-boost|p1a: Clefable|spd|1
|move|p2a: Umbreon|Foul Play|p1a: Clefable
|-resisted|p1a: Clefable
|-damage|p1a: Clefable|93/100 tox
|-damage|p2a: Umbreon|52/100|[from] item: Rocky Helmet|[of] p1a: Clefable
|
|-heal|p2a: Umbreon|100/100|[from] move: Wish|[wisher] Umbreon
|upkeep
|turn|35
|
|t:|1760784034
|move|p1a: Clefable|Thunder Wave||[still]
|-status|p2a: Umbreon|par
|-activate|p2a: Umbreon|ability: Synchronize
|-fail|p2a: Umbreon
|move|p2a: Umbreon|Wish|p2a: Umbreon
|
|upkeep
|turn|36
|
|t:|1760784043
|switch|p2a: Gliscor|Gliscor, F|32/100 tox
|move|p1a: Clefable|Calm Mind|p1a: Clefable
|-boost|p1a: Clefable|spa|1
|-boost|p1a: Clefable|spd|1
|
|-heal|p2a: Gliscor|93/100 tox|[from] move: Wish|[wisher] Umbreon
|-heal|p2a: Gliscor|100/100 tox|[from] ability: Poison Heal
|upkeep
|turn|37
|
|t:|1760784050
|move|p2a: Gliscor|Earthquake|p1a: Clefable
|-damage|p1a: Clefable|67/100 tox
|move|p1a: Clefable|Moonblast|p2a: Gliscor
|-damage|p2a: Gliscor|35/100 tox
|-unboost|p2a: Gliscor|spa|1
|
|-heal|p2a: Gliscor|48/100 tox|[from] ability: Poison Heal
|upkeep
|turn|38
|
|t:|1760784058
|move|p2a: Gliscor|Protect|p2a: Gliscor
|-singleturn|p2a: Gliscor|Protect
|move|p1a: Clefable|Calm Mind|p1a: Clefable
|-boost|p1a: Clefable|spa|1
|-boost|p1a: Clefable|spd|1
|
|-heal|p2a: Gliscor|60/100 tox|[from] ability: Poison Heal
|upkeep
|turn|39
|
|t:|1760784064
|switch|p2a: Dondozo|Dondozo, F, shiny|99/100
|move|p1a: Clefable|Moonblast|p2a: Dondozo
|-damage|p2a: Dondozo|78/100
|
|-heal|p2a: Dondozo|84/100|[from] item: Leftovers
|upkeep
|turn|40
|
|t:|1760784072
|move|p1a: Clefable|Thunder Wave|p2a: Dondozo
|-status|p2a: Dondozo|par
|move|p2a: Dondozo|Aqua Tail|p1a: Clefable
|-damage|p1a: Clefable|42/100 tox
|-damage|p2a: Dondozo|68/100 par|[from] item: Rocky Helmet|[of] p1a: Clefable
|
|-heal|p2a: Dondozo|74/100 par|[from] item: Leftovers
|upkeep
|turn|41
|
|t:|1760784079
|move|p1a: Clefable|Moonlight|p1a: Clefable
|-heal|p1a: Clefable|92/100 tox
|cant|p2a: Dondozo|par
|
|-heal|p2a: Dondozo|80/100 par|[from] item: Leftovers
|upkeep
|turn|42
|
|t:|1760784085
|cant|p2a: Dondozo|par
|move|p1a: Clefable|Moonblast|p2a: Dondozo
|-damage|p2a: Dondozo|56/100 par
|
|-heal|p2a: Dondozo|62/100 par|[from] item: Leftovers
|upkeep
|turn|43
|
|t:|1760784090
|move|p1a: Clefable|Moonblast|p2a: Dondozo
|-damage|p2a: Dondozo|40/100 par
|move|p2a: Dondozo|Aqua Tail|p1a: Clefable
|-damage|p1a: Clefable|66/100 tox
|-damage|p2a: Dondozo|23/100 par|[from] item: Rocky Helmet|[of] p1a: Clefable
|
|-heal|p2a: Dondozo|29/100 par|[from] item: Leftovers
|upkeep
|turn|44
|
|t:|1760784095
|move|p2a: Dondozo|Protect|p2a: Dondozo
|-singleturn|p2a: Dondozo|Protect
|move|p1a: Clefable|Moonblast|p2a: Dondozo
|-activate|p2a: Dondozo|move: Protect
|
|-heal|p2a: Dondozo|35/100 par|[from] item: Leftovers
|upkeep
|turn|45
|
|t:|1760784105
|move|p1a: Clefable|Moonblast|p2a: Dondozo
|-damage|p2a: Dondozo|15/100 par
|move|p2a: Dondozo|Tera Blast|p1a: Clefable
|-damage|p1a: Clefable|54/100 tox
|
|-heal|p2a: Dondozo|21/100 par|[from] item: Leftovers
|upkeep
|turn|46
|
|t:|1760784111
|move|p2a: Dondozo|Protect|p2a: Dondozo
|-singleturn|p2a: Dondozo|Protect
|move|p1a: Clefable|Moonblast|p2a: Dondozo
|-activate|p2a: Dondozo|move: Protect
|
|-heal|p2a: Dondozo|27/100 par|[from] item: Leftovers
|upkeep
|turn|47
|
|t:|1760784122
|move|p1a: Clefable|Moonlight|p1a: Clefable
|-heal|p1a: Clefable|100/100 tox
|move|p2a: Dondozo|Aqua Tail|p1a: Clefable
|-damage|p1a: Clefable|73/100 tox
|-damage|p2a: Dondozo|10/100 par|[from] item: Rocky Helmet|[of] p1a: Clefable
|
|-heal|p2a: Dondozo|16/100 par|[from] item: Leftovers
|upkeep
|turn|48
|
|t:|1760784134
|cant|p2a: Dondozo|par
|move|p1a: Clefable|Moonblast|p2a: Dondozo
|-damage|p2a: Dondozo|0 fnt
|faint|p2a: Dondozo
|
|upkeep
|l|☆jsyxfqhau
|inactive|jsyxfqhau disconnected and has a minute to reconnect!
|player|p2|
|inactive|jsyxfqhau has 30 seconds to reconnect!
|inactive|jsyxfqhau has 20 seconds to reconnect!
|inactive|jsyxfqhau has 15 seconds to reconnect!
|inactive|jsyxfqhau has 10 seconds to reconnect!
|inactive|jsyxfqhau has 5 seconds to reconnect!
|-message|jsyxfqhau lost due to inactivity.
|
|win|beeboobaa
|raw|beeboobaa's rating: 1340 &rarr; <strong>1357</strong><br />(+17 for winning)
|raw|jsyxfqhau's rating: 1283 &rarr; <strong>1262</strong><br />(-21 for losing)
