|j|☆Gurekosu
|j|☆Fusionhype1
|t:|1760723528
|gametype|singles
|player|p1|Gurekosu|2|1217
|player|p2|Fusionhype1|169|1189
|gen|9
|tier|[Gen 9] OU
|rated|
|rule|HP Percentage Mod: HP is shown in percentages
|rule|Endless Battle Clause: Forcing endless battles is banned
|rule|Species Clause: Limit one of each Pokémon
|rule|OHKO Clause: OHKO moves are banned
|rule|Evasion Items Clause: Evasion items are banned
|rule|Evasion Moves Clause: Evasion moves are banned
|rule|Evasion Abilities Clause: Evasion abilities are banned
|rule|Sleep Moves Clause: Sleep-inducing moves are banned
|clearpoke
|poke|p1|Greninja-*, M|
|poke|p1|Glimmora, M|
|poke|p1|Sceptile, M|
|poke|p1|Scizor, M|
|poke|p1|Gliscor, M|
|poke|p1|Iron Valiant|
|poke|p2|Ampharos, F|
|poke|p2|Araquanid, F|
|poke|p2|Hoopa-Unbound|
|poke|p2|Ceruledge, F|
|poke|p2|Great Tusk|
|poke|p2|Maushold|
|teampreview
|inactive|Battle timer is ON: inactive players will automatically lose when time's up. (requested by Fusionhype1)
|
|t:|1760723534
|teamsize|p1|6
|teamsize|p2|6
|start
|switch|p1a: Glimmora|Glimmora, M|100/100
|switch|p2a: Araquanid|Araquanid, F|100/100
|turn|1
|
|t:|1760723542
|move|p1a: Glimmora|Mortal Spin|p2a: Araquanid
|-damage|p2a: Araquanid|93/100
|-status|p2a: Araquanid|psn
|-enditem|p2a: Araquanid|Red Card|[of] p1a: Glimmora
|drag|p1a: Iron Valiant|Iron Valiant|100/100
|-enditem|p1a: Iron Valiant|Booster Energy
|-activate|p1a: Iron Valiant|ability: Quark Drive|[fromitem]
|-start|p1a: Iron Valiant|quarkdrivespe
|move|p2a: Araquanid|Liquidation|p1a: Iron Valiant
|-damage|p1a: Iron Valiant|18/100
|
|-damage|p2a: Araquanid|81/100 psn|[from] psn
|upkeep
|turn|2
|
|t:|1760723557
|move|p1a: Iron Valiant|Moonblast|p2a: Araquanid
|-damage|p2a: Araquanid|43/100 psn
|-unboost|p2a: Araquanid|spa|1
|move|p2a: Araquanid|Sticky Web|p1a: Iron Valiant
|-sidestart|p1: Gurekosu|move: Sticky Web
|
|-damage|p2a: Araquanid|31/100 psn|[from] psn
|upkeep
|turn|3
|
|t:|1760723567
|move|p1a: Iron Valiant|Moonblast|p2a: Araquanid
|-damage|p2a: Araquanid|0 fnt
|faint|p2a: Araquanid
|
|upkeep
|
|t:|1760723582
|switch|p2a: Ceruledge|Ceruledge, F|100/100
|turn|4
|
|t:|1760723586
|move|p2a: Ceruledge|Shadow Sneak|p1a: Iron Valiant
|-damage|p1a: Iron Valiant|0 fnt
|faint|p1a: Iron Valiant
|-end|p1a: Iron Valiant|Quark Drive|[silent]
|
|upkeep
|
|t:|1760723593
|switch|p1a: Greninja|Greninja, M|100/100
|-activate|p1a: Greninja|move: Sticky Web
|-unboost|p1a: Greninja|spe|1
|turn|5
|
|t:|1760723602
|move|p2a: Ceruledge|Close Combat|p1a: Greninja
|-supereffective|p1a: Greninja
|-damage|p1a: Greninja|0 fnt
|-unboost|p2a: Ceruledge|def|1
|-unboost|p2a: Ceruledge|spd|1
|faint|p1a: Greninja
|
|upkeep
|
|t:|1760723610
|switch|p1a: Glimmora|Glimmora, M|100/100
|-activate|p1a: Glimmora|move: Sticky Web
|-unboost|p1a: Glimmora|spe|1
|turn|6
|
|t:|1760723616
|move|p2a: Ceruledge|Close Combat|p1a: Glimmora
|-damage|p1a: Glimmora|47/100
|-unboost|p2a: Ceruledge|def|1
|-unboost|p2a: Ceruledge|spd|1
|-activate|p1a: Glimmora|ability: Toxic Debris
|-sidestart|p2: Fusionhype1|move: Toxic Spikes
|move|p1a: Glimmora|Mortal Spin|p2a: Ceruledge
|-resisted|p2a: Ceruledge
|-damage|p2a: Ceruledge|91/100
|-status|p2a: Ceruledge|psn
|-ability|p2a: Ceruledge|Weak Armor|boost
|-unboost|p2a: Ceruledge|def|1
|-boost|p2a: Ceruledge|spe|2
|-sideend|p1: Gurekosu|Sticky Web|[from] move: Mortal Spin|[of] p1a: Glimmora
|
|-damage|p2a: Ceruledge|79/100 psn|[from] psn
|upkeep
|turn|7
|
|t:|1760723634
|move|p2a: Ceruledge|Close Combat|p1a: Glimmora
|-damage|p1a: Glimmora|0 fnt
|-unboost|p2a: Ceruledge|def|1
|-unboost|p2a: Ceruledge|spd|1
|-activate|p1a: Glimmora|ability: Toxic Debris
|-sidestart|p2: Fusionhype1|move: Toxic Spikes
|faint|p1a: Glimmora
|
|-damage|p2a: Ceruledge|66/100 psn|[from] psn
|upkeep
|
|t:|1760723644
|switch|p1a: Gliscor|Gliscor, M|100/100
|turn|8
|
|t:|1760723651
|move|p2a: Ceruledge|Bitter Blade|p1a: Gliscor
|-damage|p1a: Gliscor|68/100
|-heal|p2a: Ceruledge|86/100 psn|[from] drain|[of] p1a: Gliscor
|move|p1a: Gliscor|Earthquake|p2a: Ceruledge
|-supereffective|p2a: Ceruledge
|-damage|p2a: Ceruledge|0 fnt
|faint|p2a: Ceruledge
|
|-status|p1a: Gliscor|tox|[from] item: Toxic Orb
|upkeep
|
|t:|1760723656
|switch|p2a: Maushold|Maushold|100/100
|-status|p2a: Maushold|tox
|turn|9
|
|t:|1760723666
|move|p2a: Maushold|Tidy Up|p2a: Maushold
|-sideend|p2: Fusionhype1|Toxic Spikes
|-activate|p2a: Maushold|move: Tidy Up
|-boost|p2a: Maushold|atk|1
|-boost|p2a: Maushold|spe|1
|move|p1a: Gliscor|Knock Off|p2a: Maushold
|-damage|p2a: Maushold|65/100 tox
|-enditem|p2a: Maushold|Silk Scarf|[from] move: Knock Off|[of] p1a: Gliscor
|
|-damage|p2a: Maushold|59/100 tox|[from] psn
|-heal|p1a: Gliscor|81/100 tox|[from] ability: Poison Heal
|upkeep
|turn|10
|
|t:|1760723678
|move|p2a: Maushold|Population Bomb|p1a: Gliscor
|-damage|p1a: Gliscor|69/100 tox
|-damage|p1a: Gliscor|60/100 tox
|-damage|p1a: Gliscor|49/100 tox
|-damage|p1a: Gliscor|39/100 tox
|-damage|p1a: Gliscor|27/100 tox
|-damage|p1a: Gliscor|17/100 tox
|-damage|p1a: Gliscor|7/100 tox
|-damage|p1a: Gliscor|0 fnt
|faint|p1a: Gliscor
|-hitcount|p1: Gliscor|8
|
|-damage|p2a: Maushold|47/100 tox|[from] psn
|upkeep
|
|t:|1760723694
|switch|p1a: Sceptile|Sceptile, M|100/100
|turn|11
|
|t:|1760723697
|move|p2a: Maushold|Population Bomb|p1a: Sceptile
|-damage|p1a: Sceptile|70/100
|-crit|p1a: Sceptile
|-damage|p1a: Sceptile|21/100
|-hitcount|p1a: Sceptile|2
|move|p1a: Sceptile|Leaf Storm|p2a: Maushold
|-damage|p2a: Maushold|0 fnt
|-unboost|p1a: Sceptile|spa|2
|faint|p2a: Maushold
|-enditem|p1a: Sceptile|White Herb
|-clearnegativeboost|p1a: Sceptile|[silent]
|
|upkeep
|
|t:|1760723715
|switch|p2a: Ampharos|Ampharos, F|100/100
|turn|12
|
|t:|1760723724
|move|p1a: Sceptile|Energy Ball|p2a: Ampharos
|-damage|p2a: Ampharos|58/100
|move|p2a: Ampharos|Dazzling Gleam|p1a: Sceptile
|-damage|p1a: Sceptile|0 fnt
|faint|p1a: Sceptile
|
|upkeep
|
|t:|1760723732
|switch|p1a: Scizor|Scizor, M|100/100
|turn|13
|
|t:|1760723737
|move|p1a: Scizor|Bullet Punch|p2a: Ampharos
|-resisted|p2a: Ampharos
|-damage|p2a: Ampharos|31/100
|-status|p1a: Scizor|par|[from] ability: Static|[of] p2a: Ampharos
|move|p2a: Ampharos|Charge Beam|p1a: Scizor
|-damage|p1a: Scizor|56/100 par
|
|upkeep
|turn|14
|
|t:|1760723748
|cant|p1a: Scizor|par
|move|p2a: Ampharos|Charge Beam|p1a: Scizor
|-damage|p1a: Scizor|13/100 par
|-boost|p2a: Ampharos|spa|1
|
|upkeep
|turn|15
|
|t:|1760723754
|move|p1a: Scizor|Bullet Punch|p2a: Ampharos
|-resisted|p2a: Ampharos
|-damage|p2a: Ampharos|7/100
|move|p2a: Ampharos|Charge Beam|p1a: Scizor
|-damage|p1a: Scizor|0 fnt
|-boost|p2a: Ampharos|spa|1
|faint|p1a: Scizor
|
|win|Fusionhype1
|raw|Gurekosu's rating: 1217 &rarr; <strong>1190</strong><br />(-27 for losing)
|raw|Fusionhype1's rating: 1189 &rarr; <strong>1216</strong><br />(+27 for winning)
|l|☆Fusionhype1
|player|p2|
|l|☆Gurekosu
|player|p1|
