|j|☆catsanddogslol
|j|☆yanyee
|t:|1760786331
|gametype|singles
|player|p1|catsanddogslol|1|1182
|player|p2|yanyee|janine|1132
|gen|9
|tier|[Gen 9] OU
|rated|
|rule|HP Percentage Mod: HP is shown in percentages
|rule|Endless Battle Clause: Forcing endless battles is banned
|rule|Species Clause: Limit one of each Pokémon
|rule|OHKO Clause: OHKO moves are banned
|rule|Evasion Items Clause: Evasion items are banned
|rule|Evasion Moves Clause: Evasion moves are banned
|rule|Evasion Abilities Clause: Evasion abilities are banned
|rule|Sleep Moves Clause: Sleep-inducing moves are banned
|clearpoke
|poke|p1|Pelipper, M|
|poke|p1|Barraskewda, F|
|poke|p1|Tentacruel, F|
|poke|p1|Basculegion-F, F|
|poke|p1|Zapdos|
|poke|p1|Kingdra, M|
|poke|p2|Quagsire, M|
|poke|p2|Corviknight, F|
|poke|p2|Clodsire, M|
|poke|p2|Slowking, F|
|poke|p2|Dragapult, M|
|poke|p2|Electrode-Hisui|
|teampreview
|inactive|Battle timer is ON: inactive players will automatically lose when time's up. (requested by catsanddogslol)
|
|t:|1760786340
|teamsize|p1|6
|teamsize|p2|6
|start
|switch|p1a: Pelipper|Pelipper, M|100/100
|switch|p2a: Dragapult|Dragapult, M|100/100
|-weather|RainDance|[from] ability: Drizzle|[of] p1a: Pelipper
|turn|1
|
|t:|1760786347
|move|p2a: Dragapult|Light Screen|p2a: Dragapult
|-sidestart|p2: yanyee|move: Light Screen
|move|p1a: Pelipper|U-turn|p2a: Dragapult
|-resisted|p2a: Dragapult
|-damage|p2a: Dragapult|95/100
|
|t:|1760786370
|switch|p1a: Barraskewda|Barraskewda, F|100/100|[from] U-turn
|
|-weather|RainDance|[upkeep]
|upkeep
|turn|2
|
|t:|1760786378
|-terastallize|p1a: Barraskewda|Water
|move|p1a: Barraskewda|Liquidation|p2a: Dragapult
|-resisted|p2a: Dragapult
|-damage|p2a: Dragapult|0 fnt
|faint|p2a: Dragapult
|
|-weather|RainDance|[upkeep]
|upkeep
|
|t:|1760786387
|switch|p2a: Slowking|Slowking, F|100/100
|turn|3
|
|t:|1760786397
|move|p1a: Barraskewda|Liquidation|p2a: Slowking
|-resisted|p2a: Slowking
|-damage|p2a: Slowking|28/100
|-prepare|p2a: Slowking|Chilly Reception|[premajor]
|move|p2a: Slowking|Chilly Reception|p2a: Slowking
|-weather|Snowscape
|
|t:|1760786402
|switch|p2a: Electrode|Electrode-Hisui|100/100|[from] Chilly Reception
|
|-weather|Snowscape|[upkeep]
|upkeep
|turn|4
|
|t:|1760786408
|switch|p1a: Tentacruel|Tentacruel, F|100/100
|move|p2a: Electrode|Volt Switch|p1a: Tentacruel
|-supereffective|p1a: Tentacruel
|-damage|p1a: Tentacruel|25/100
|
|t:|1760786415
|switch|p2a: Slowking|Slowking, F|61/100|[from] Volt Switch
|
|-weather|Snowscape|[upkeep]
|upkeep
|turn|5
|
|t:|1760786422
|move|p1a: Tentacruel|Sludge Wave|p2a: Slowking
|-damage|p2a: Slowking|51/100
|move|p2a: Slowking|Future Sight|p1a: Tentacruel
|-start|p2a: Slowking|move: Future Sight
|
|-weather|Snowscape|[upkeep]
|upkeep
|turn|6
|
|t:|1760786426
|move|p1a: Tentacruel|Sludge Wave|p2a: Slowking
|-damage|p2a: Slowking|41/100
|-prepare|p2a: Slowking|Chilly Reception|[premajor]
|move|p2a: Slowking|Chilly Reception|p2a: Slowking
|
|t:|1760786429
|switch|p2a: Electrode|Electrode-Hisui|100/100|[from] Chilly Reception
|
|-weather|Snowscape|[upkeep]
|upkeep
|turn|7
|
|t:|1760786433
|move|p2a: Electrode|Volt Switch|p1a: Tentacruel
|-supereffective|p1a: Tentacruel
|-damage|p1a: Tentacruel|0 fnt
|faint|p1a: Tentacruel
|
|t:|1760786436
|switch|p2a: Slowking|Slowking, F|74/100|[from] Volt Switch
|
|-weather|none
|-hint|Future Sight did not hit because the target is fainted.
|upkeep
|
|t:|1760786441
|switch|p1a: Basculegion|Basculegion-F, F|100/100
|turn|8
|
|t:|1760786453
|move|p1a: Basculegion|Shadow Ball|p2a: Slowking
|-supereffective|p2a: Slowking
|-damage|p2a: Slowking|26/100
|-prepare|p2a: Slowking|Chilly Reception|[premajor]
|move|p2a: Slowking|Chilly Reception|p2a: Slowking
|-weather|Snowscape
|
|t:|1760786458
|switch|p2a: Electrode|Electrode-Hisui|100/100|[from] Chilly Reception
|
|-weather|Snowscape|[upkeep]
|-sideend|p2: yanyee|move: Light Screen
|upkeep
|turn|9
|
|t:|1760786465
|move|p2a: Electrode|Thunderbolt|p1a: Basculegion
|-supereffective|p1a: Basculegion
|-damage|p1a: Basculegion|0 fnt
|faint|p1a: Basculegion
|
|-weather|Snowscape|[upkeep]
|upkeep
|
|t:|1760786470
|switch|p1a: Zapdos|Zapdos|100/100
|turn|10
|
|t:|1760786481
|switch|p2a: Clodsire|Clodsire, M|100/100
|move|p1a: Zapdos|Hurricane|p2a: Clodsire|[miss]
|-miss|p1a: Zapdos|p2a: Clodsire
|
|-weather|Snowscape|[upkeep]
|upkeep
|turn|11
|
|t:|1760786490
|move|p1a: Zapdos|Hurricane|p2a: Clodsire|[miss]
|-miss|p1a: Zapdos|p2a: Clodsire
|move|p2a: Clodsire|Toxic|p1a: Zapdos
|-status|p1a: Zapdos|tox
|
|-weather|Snowscape|[upkeep]
|-damage|p1a: Zapdos|94/100 tox|[from] psn
|upkeep
|turn|12
|
|t:|1760786493
|switch|p2a: Slowking|Slowking, F|59/100
|move|p1a: Zapdos|Hurricane|p2a: Slowking
|-damage|p2a: Slowking|34/100
|
|-weather|none
|-damage|p1a: Zapdos|82/100 tox|[from] psn
|upkeep
|turn|13
|
|t:|1760786498
|move|p1a: Zapdos|Hurricane|p2a: Slowking|[miss]
|-miss|p1a: Zapdos|p2a: Slowking
|-prepare|p2a: Slowking|Chilly Reception|[premajor]
|move|p2a: Slowking|Chilly Reception|p2a: Slowking
|-weather|Snowscape
|
|t:|1760786501
|switch|p2a: Electrode|Electrode-Hisui|100/100|[from] Chilly Reception
|
|-weather|Snowscape|[upkeep]
|-damage|p1a: Zapdos|64/100 tox|[from] psn
|upkeep
|turn|14
|
|t:|1760786505
|switch|p2a: Clodsire|Clodsire, M|100/100
|move|p1a: Zapdos|U-turn|p2a: Clodsire
|-resisted|p2a: Clodsire
|-damage|p2a: Clodsire|94/100
|
|t:|1760786508
|switch|p1a: Pelipper|Pelipper, M|100/100|[from] U-turn
|-weather|RainDance|[from] ability: Drizzle|[of] p1a: Pelipper
|
|-weather|RainDance|[upkeep]
|upkeep
|turn|15
|
|t:|1760786514
|switch|p2a: Slowking|Slowking, F|68/100
|move|p1a: Pelipper|U-turn|p2a: Slowking
|-supereffective|p2a: Slowking
|-damage|p2a: Slowking|49/100
|
|t:|1760786518
|switch|p1a: Barraskewda|Barraskewda, F, tera:Water|100/100|[from] U-turn
|
|-weather|RainDance|[upkeep]
|upkeep
|turn|16
|
|t:|1760786520
|switch|p2a: Corviknight|Corviknight, F|100/100
|move|p1a: Barraskewda|Liquidation|p2a: Corviknight
|-damage|p2a: Corviknight|24/100
|-damage|p1a: Barraskewda|84/100|[from] item: Rocky Helmet|[of] p2a: Corviknight
|
|-weather|RainDance|[upkeep]
|upkeep
|turn|17
|
|t:|1760786527
|move|p1a: Barraskewda|Liquidation|p2a: Corviknight
|-damage|p2a: Corviknight|0 fnt
|-damage|p1a: Barraskewda|68/100|[from] item: Rocky Helmet|[of] p2a: Corviknight
|faint|p2a: Corviknight
|
|-weather|RainDance|[upkeep]
|upkeep
|
|t:|1760786533
|switch|p2a: Slowking|Slowking, F|82/100
|turn|18
|
|t:|1760786535
|move|p1a: Barraskewda|Liquidation|p2a: Slowking
|-resisted|p2a: Slowking
|-damage|p2a: Slowking|10/100
|-prepare|p2a: Slowking|Chilly Reception|[premajor]
|move|p2a: Slowking|Chilly Reception|p2a: Slowking
|-weather|Snowscape
|
|t:|1760786538
|switch|p2a: Electrode|Electrode-Hisui|100/100|[from] Chilly Reception
|
|-weather|Snowscape|[upkeep]
|upkeep
|turn|19
|
|t:|1760786542
|switch|p1a: Zapdos|Zapdos|64/100 tox
|move|p2a: Electrode|Thunderbolt|p1a: Zapdos
|-damage|p1a: Zapdos|11/100 tox
|
|-weather|Snowscape|[upkeep]
|-damage|p1a: Zapdos|5/100 tox|[from] psn
|upkeep
|turn|20
|
|t:|1760786545
|move|p2a: Electrode|Thunderbolt|p1a: Zapdos
|-damage|p1a: Zapdos|0 fnt
|faint|p1a: Zapdos
|
|-weather|Snowscape|[upkeep]
|upkeep
|
|t:|1760786547
|switch|p1a: Pelipper|Pelipper, M|100/100
|-weather|RainDance|[from] ability: Drizzle|[of] p1a: Pelipper
|turn|21
|
|t:|1760786552
|move|p2a: Electrode|Thunderbolt|p1a: Pelipper
|-supereffective|p1a: Pelipper
|-damage|p1a: Pelipper|0 fnt
|faint|p1a: Pelipper
|
|-weather|RainDance|[upkeep]
|upkeep
|
|t:|1760786554
|switch|p1a: Barraskewda|Barraskewda, F, tera:Water|68/100
|turn|22
|
|t:|1760786557
|move|p1a: Barraskewda|Liquidation|p2a: Electrode
|-resisted|p2a: Electrode
|-damage|p2a: Electrode|0 fnt
|-damage|p1a: Barraskewda|43/100|[from] ability: Aftermath|[of] p2a: Electrode
|faint|p2a: Electrode
|
|-weather|RainDance|[upkeep]
|upkeep
|
|t:|1760786565
|switch|p2a: Slowking|Slowking, F|43/100
|turn|23
|
|t:|1760786572
|switch|p2a: Quagsire|Quagsire, M|100/100
|move|p1a: Barraskewda|Liquidation|p2a: Quagsire
|-damage|p2a: Quagsire|0 fnt
|faint|p2a: Quagsire
|
|-weather|RainDance|[upkeep]
|upkeep
|
|t:|1760786575
|switch|p2a: Clodsire|Clodsire, M|94/100
|turn|24
|
|t:|1760786578
|move|p1a: Barraskewda|Liquidation|p2a: Clodsire
|-supereffective|p2a: Clodsire
|-damage|p2a: Clodsire|0 fnt
|faint|p2a: Clodsire
|
|-weather|RainDance|[upkeep]
|upkeep
|
|t:|1760786580
|switch|p2a: Slowking|Slowking, F|77/100
|turn|25
|c|☆yanyee|gg
|c|☆yanyee|this guy
|c|☆yanyee|too pain
|
|t:|1760786588
|move|p1a: Barraskewda|Liquidation|p2a: Slowking
|-resisted|p2a: Slowking
|-damage|p2a: Slowking|2/100
|-prepare|p2a: Slowking|Chilly Reception|[premajor]
|move|p2a: Slowking|Chilly Reception|p2a: Slowking
|-weather|Snowscape
|
|-weather|Snowscape|[upkeep]
|upkeep
|turn|26
|
|t:|1760786592
|move|p1a: Barraskewda|Liquidation|p2a: Slowking
|-resisted|p2a: Slowking
|-damage|p2a: Slowking|0 fnt
|faint|p2a: Slowking
|
|win|catsanddogslol
|raw|catsanddogslol's rating: 1182 &rarr; <strong>1203</strong><br />(+21 for winning)
|raw|yanyee's rating: 1132 &rarr; <strong>1111</strong><br />(-21 for losing)
|l|☆yanyee
|player|p2|
|l|☆catsanddogslol
|player|p1|
