|j|☆zhoudian
|j|☆sminey
|t:|1760760534
|gametype|singles
|player|p1|zhoudian|pokemaniac|1385
|player|p2|sminey|palmer|1438
|gen|9
|tier|[Gen 9] OU
|rated|
|rule|HP Percentage Mod: HP is shown in percentages
|rule|Endless Battle Clause: Forcing endless battles is banned
|rule|Species Clause: Limit one of each Pokémon
|rule|OHKO Clause: OHKO moves are banned
|rule|Evasion Items Clause: Evasion items are banned
|rule|Evasion Moves Clause: Evasion moves are banned
|rule|Evasion Abilities Clause: Evasion abilities are banned
|rule|Sleep Moves Clause: Sleep-inducing moves are banned
|clearpoke
|poke|p1|Arcanine-Hisui, M|
|poke|p1|Ogerpon-Wellspring, F|
|poke|p1|Dragapult, M|
|poke|p1|Ting-Lu|
|poke|p1|Glimmora, F|
|poke|p1|Corviknight, M|
|poke|p2|Cinderace, M|
|poke|p2|Zapdos|
|poke|p2|Latios, M|
|poke|p2|Weavile, M|
|poke|p2|Clefable, F|
|poke|p2|Slowking-Galar, M|
|teampreview
|inactive|Battle timer is ON: inactive players will automatically lose when time's up. (requested by zhoudian)
|
|t:|1760760559
|teamsize|p1|6
|teamsize|p2|6
|start
|switch|p1a: Ogerpon|Ogerpon-Wellspring, F|100/100
|switch|p2a: Latios|Latios, M|100/100
|turn|1
|
|t:|1760760571
|switch|p1a: Ting-Lu|Ting-Lu|100/100
|-ability|p1a: Ting-Lu|Vessel of Ruin
|move|p2a: Latios|Luster Purge|p1a: Ting-Lu
|-immune|p1a: Ting-Lu
|
|upkeep
|turn|2
|
|t:|1760760581
|switch|p2a: Cinderace|Cinderace, M|100/100
|move|p1a: Ting-Lu|Ruination|p2a: Cinderace
|-damage|p2a: Cinderace|50/100
|
|upkeep
|turn|3
|
|t:|1760760586
|move|p2a: Cinderace|U-turn|p1a: Ting-Lu
|-start|p2a: Cinderace|typechange|Bug|[from] ability: Libero
|-supereffective|p1a: Ting-Lu
|-damage|p1a: Ting-Lu|67/100
|
|t:|1760760591
|switch|p2a: Clefable|Clefable, F|100/100|[from] U-turn
|move|p1a: Ting-Lu|Earthquake|p2a: Clefable
|-damage|p2a: Clefable|72/100
|
|-heal|p1a: Ting-Lu|73/100|[from] item: Leftovers
|upkeep
|turn|4
|
|t:|1760760613
|move|p2a: Clefable|Knock Off|p1a: Ting-Lu
|-resisted|p1a: Ting-Lu
|-damage|p1a: Ting-Lu|69/100
|-enditem|p1a: Ting-Lu|Leftovers|[from] move: Knock Off|[of] p2a: Clefable
|move|p1a: Ting-Lu|Stealth Rock|p2a: Clefable
|-sidestart|p2: sminey|move: Stealth Rock
|
|upkeep
|turn|5
|
|t:|1760760620
|move|p2a: Clefable|Moonblast|p1a: Ting-Lu
|-supereffective|p1a: Ting-Lu
|-damage|p1a: Ting-Lu|44/100
|move|p1a: Ting-Lu|Whirlwind|p2a: Clefable
|drag|p2a: Latios|Latios, M|100/100
|-damage|p2a: Latios|88/100|[from] Stealth Rock
|
|upkeep
|turn|6
|inactive|zhoudian has 120 seconds left.
|inactive|zhoudian has 90 seconds left.
|inactive|zhoudian has 60 seconds left.
|inactive|zhoudian has 30 seconds left.
|
|t:|1760760741
|switch|p1a: Corviknight|Corviknight, M|100/100
|-ability|p1a: Corviknight|Pressure
|move|p2a: Latios|Flip Turn|p1a: Corviknight
|-damage|p1a: Corviknight|94/100
|-damage|p2a: Latios|72/100|[from] item: Rocky Helmet|[of] p1a: Corviknight
|
|t:|1760760749
|switch|p2a: Cinderace|Cinderace, M|50/100|[from] Flip Turn
|
|upkeep
|turn|7
|
|t:|1760760756
|move|p2a: Cinderace|Pyro Ball|p1a: Corviknight
|-supereffective|p1a: Corviknight
|-damage|p1a: Corviknight|20/100
|move|p1a: Corviknight|Body Press|p2a: Cinderace
|-damage|p2a: Cinderace|13/100
|
|upkeep
|turn|8
|
|t:|1760760762
|switch|p1a: Glimmora|Glimmora, F|100/100
|move|p2a: Cinderace|Pyro Ball|p1a: Glimmora
|-resisted|p1a: Glimmora
|-damage|p1a: Glimmora|67/100
|-activate|p1a: Glimmora|ability: Toxic Debris
|-sidestart|p2: sminey|move: Toxic Spikes
|
|upkeep
|turn|9
|
|t:|1760760775
|switch|p2a: Slowking|Slowking-Galar, M|100/100
|-damage|p2a: Slowking|88/100|[from] Stealth Rock
|-sideend|p2: sminey|move: Toxic Spikes|[of] p2a: Slowking
|move|p1a: Glimmora|Sludge Wave|p2a: Slowking
|-resisted|p2a: Slowking
|-damage|p2a: Slowking|77/100
|
|upkeep
|turn|10
|
|t:|1760760785
|switch|p1a: Corviknight|Corviknight, M|20/100
|-ability|p1a: Corviknight|Pressure
|move|p2a: Slowking|Psyshock|p1a: Corviknight
|-resisted|p1a: Corviknight
|-damage|p1a: Corviknight|10/100
|
|upkeep
|turn|11
|
|t:|1760760790
|move|p1a: Corviknight|Roost|p1a: Corviknight
|-heal|p1a: Corviknight|60/100
|-singleturn|p1a: Corviknight|move: Roost
|move|p2a: Slowking|Flamethrower|p1a: Corviknight
|-supereffective|p1a: Corviknight
|-damage|p1a: Corviknight|17/100
|
|upkeep
|turn|12
|inactive|zhoudian has 60 seconds left.
|
|t:|1760760797
|move|p1a: Corviknight|Roost|p1a: Corviknight
|-heal|p1a: Corviknight|67/100
|-singleturn|p1a: Corviknight|move: Roost
|move|p2a: Slowking|Flamethrower|p1a: Corviknight
|-supereffective|p1a: Corviknight
|-damage|p1a: Corviknight|20/100
|
|upkeep
|turn|13
|
|t:|1760760801
|switch|p1a: Ting-Lu|Ting-Lu|44/100
|-ability|p1a: Ting-Lu|Vessel of Ruin
|switch|p2a: Cinderace|Cinderace, M|13/100
|
|upkeep
|turn|14
|
|t:|1760760810
|switch|p1a: Corviknight|Corviknight, M|20/100
|-ability|p1a: Corviknight|Pressure
|move|p2a: Cinderace|Pyro Ball|p1a: Corviknight
|-supereffective|p1a: Corviknight
|-damage|p1a: Corviknight|0 fnt
|faint|p1a: Corviknight
|
|upkeep
|
|t:|1760760824
|switch|p1a: Ogerpon|Ogerpon-Wellspring, F|100/100
|turn|15
|
|t:|1760760831
|move|p2a: Cinderace|U-turn|p1a: Ogerpon
|-start|p2a: Cinderace|typechange|Bug|[from] ability: Libero
|-supereffective|p1a: Ogerpon
|-damage|p1a: Ogerpon|12/100
|
|t:|1760760837
|switch|p2a: Zapdos|Zapdos|100/100|[from] U-turn
|move|p1a: Ogerpon|U-turn|p2a: Zapdos
|-resisted|p2a: Zapdos
|-damage|p2a: Zapdos|90/100
|
|t:|1760760846
|switch|p1a: Arcanine|Arcanine-Hisui, M|100/100|[from] U-turn
|
|upkeep
|turn|16
|
|t:|1760760866
|-terastallize|p2a: Zapdos|Water
|move|p1a: Arcanine|Head Smash|p2a: Zapdos
|-damage|p2a: Zapdos|34/100
|-status|p1a: Arcanine|par|[from] ability: Static|[of] p2a: Zapdos
|move|p2a: Zapdos|Roost|p2a: Zapdos
|-heal|p2a: Zapdos|84/100
|
|upkeep
|turn|17
|
|t:|1760760878
|move|p2a: Zapdos|Hurricane|p1a: Arcanine|[miss]
|-miss|p2a: Zapdos|p1a: Arcanine
|move|p1a: Arcanine|Head Smash|p2a: Zapdos
|-damage|p2a: Zapdos|27/100
|
|upkeep
|turn|18
|
|t:|1760760880
|move|p2a: Zapdos|Roost|p2a: Zapdos
|-heal|p2a: Zapdos|77/100
|move|p1a: Arcanine|Head Smash|p2a: Zapdos
|-damage|p2a: Zapdos|23/100
|
|upkeep
|turn|19
|
|t:|1760760885
|move|p2a: Zapdos|Roost|p2a: Zapdos
|-heal|p2a: Zapdos|73/100
|move|p1a: Arcanine|Head Smash|p2a: Zapdos
|-damage|p2a: Zapdos|19/100
|
|upkeep
|turn|20
|
|t:|1760760889
|move|p2a: Zapdos|Roost|p2a: Zapdos
|-heal|p2a: Zapdos|69/100
|move|p1a: Arcanine|Head Smash|p2a: Zapdos
|-damage|p2a: Zapdos|12/100
|
|upkeep
|turn|21
|
|t:|1760760893
|move|p2a: Zapdos|Roost|p2a: Zapdos
|-heal|p2a: Zapdos|62/100
|move|p1a: Arcanine|Head Smash|p2a: Zapdos|[miss]
|-miss|p1a: Arcanine|p2a: Zapdos
|
|upkeep
|turn|22
|
|t:|1760760908
|move|p2a: Zapdos|Roost|p2a: Zapdos
|-heal|p2a: Zapdos|100/100
|move|p1a: Arcanine|Head Smash|p2a: Zapdos
|-damage|p2a: Zapdos|46/100
|
|upkeep
|turn|23
|
|t:|1760760911
|move|p2a: Zapdos|Roost|p2a: Zapdos
|-heal|p2a: Zapdos|96/100
|move|p1a: Arcanine|Head Smash|p2a: Zapdos
|-damage|p2a: Zapdos|45/100
|
|upkeep
|turn|24
|
|t:|1760760916
|move|p1a: Arcanine|Extreme Speed|p2a: Zapdos
|-damage|p2a: Zapdos|26/100
|move|p2a: Zapdos|Roost|p2a: Zapdos
|-heal|p2a: Zapdos|76/100
|
|upkeep
|turn|25
|
|t:|1760760924
|switch|p1a: Ogerpon|Ogerpon-Wellspring, F|12/100
|move|p2a: Zapdos|Volt Switch|p1a: Ogerpon
|-damage|p1a: Ogerpon|0 fnt
|faint|p1a: Ogerpon
|
|t:|1760760934
|switch|p2a: Weavile|Weavile, M|100/100|[from] Volt Switch
|-ability|p2a: Weavile|Pressure
|
|upkeep
|
|t:|1760760958
|switch|p1a: Dragapult|Dragapult, M|100/100
|turn|26
|
|t:|1760760967
|switch|p2a: Clefable|Clefable, F|72/100
|-terastallize|p1a: Dragapult|Fairy
|move|p1a: Dragapult|Will-O-Wisp|p2a: Clefable
|-status|p2a: Clefable|brn
|
|-damage|p2a: Clefable|65/100 brn|[from] brn
|upkeep
|turn|27
|
|t:|1760760982
|switch|p2a: Slowking|Slowking-Galar, M|100/100
|-damage|p2a: Slowking|88/100|[from] Stealth Rock
|move|p1a: Dragapult|Hex|p2a: Slowking
|-supereffective|p2a: Slowking
|-damage|p2a: Slowking|64/100
|
|upkeep
|turn|28
|
|t:|1760760990
|move|p1a: Dragapult|Will-O-Wisp|p2a: Slowking
|-status|p2a: Slowking|brn
|move|p2a: Slowking|Sludge Bomb|p1a: Dragapult
|-supereffective|p1a: Dragapult
|-damage|p1a: Dragapult|0 fnt
|faint|p1a: Dragapult
|
|-damage|p2a: Slowking|58/100 brn|[from] brn
|upkeep
|
|t:|1760760997
|switch|p1a: Arcanine|Arcanine-Hisui, M|100/100 par
|turn|29
|
|t:|1760761004
|switch|p2a: Clefable|Clefable, F|65/100 brn
|move|p1a: Arcanine|Flare Blitz|p2a: Clefable
|-damage|p2a: Clefable|21/100 brn
|
|-damage|p2a: Clefable|14/100 brn|[from] brn
|upkeep
|turn|30
|
|t:|1760761008
|move|p1a: Arcanine|Extreme Speed|p2a: Clefable
|-crit|p2a: Clefable
|-damage|p2a: Clefable|0 fnt
|faint|p2a: Clefable
|
|upkeep
|
|t:|1760761014
|switch|p2a: Latios|Latios, M|72/100
|-damage|p2a: Latios|59/100|[from] Stealth Rock
|turn|31
|
|t:|1760761021
|move|p2a: Latios|Flip Turn|p1a: Arcanine
|-supereffective|p1a: Arcanine
|-damage|p1a: Arcanine|47/100 par
|
|t:|1760761026
|switch|p2a: Zapdos|Zapdos, tera:Water|76/100|[from] Flip Turn
|move|p1a: Arcanine|Flare Blitz|p2a: Zapdos
|-resisted|p2a: Zapdos
|-damage|p2a: Zapdos|54/100
|
|upkeep
|turn|32
|l|☆sminey
|inactive|sminey disconnected and has a minute to reconnect!
|player|p2|
|j|☆sminey
|inactive|sminey reconnected and has 125 seconds left.
|player|p2|sminey|palmer|
|inactive|sminey has 120 seconds left.
|
|t:|1760761061
|switch|p1a: Ting-Lu|Ting-Lu|44/100
|-ability|p1a: Ting-Lu|Vessel of Ruin
|move|p2a: Zapdos|Volt Switch|p1a: Ting-Lu
|-immune|p1a: Ting-Lu
|
|upkeep
|turn|33
|inactive|sminey has 120 seconds left.
|
|t:|1760761084
|move|p2a: Zapdos|Hurricane|p1a: Ting-Lu
|-damage|p1a: Ting-Lu|24/100
|move|p1a: Ting-Lu|Whirlwind|p2a: Zapdos
|drag|p2a: Weavile|Weavile, M|100/100
|-ability|p2a: Weavile|Pressure
|
|upkeep
|turn|34
|inactive|sminey has 120 seconds left.
|
|t:|1760761093
|switch|p1a: Glimmora|Glimmora, F|67/100
|move|p2a: Weavile|Triple Axel|p1a: Glimmora
|-damage|p1a: Glimmora|54/100
|-activate|p1a: Glimmora|ability: Toxic Debris
|-sidestart|p2: sminey|move: Toxic Spikes
|-damage|p1a: Glimmora|32/100
|-activate|p1a: Glimmora|ability: Toxic Debris
|-sidestart|p2: sminey|move: Toxic Spikes
|-damage|p1a: Glimmora|0 fnt
|faint|p1a: Glimmora
|-hitcount|p1: Glimmora|3
|
|upkeep
|
|t:|1760761113
|switch|p1a: Arcanine|Arcanine-Hisui, M|47/100 par
|turn|35
|inactive|sminey has 120 seconds left.
|
|t:|1760761133
|move|p2a: Weavile|Knock Off|p1a: Arcanine
|-damage|p1a: Arcanine|0 fnt
|-enditem|p1a: Arcanine|Heavy-Duty Boots|[from] move: Knock Off|[of] p2a: Weavile
|faint|p1a: Arcanine
|
|upkeep
|inactive|zhoudian has 120 seconds left.
|inactive|zhoudian has 90 seconds left.
|inactive|zhoudian has 60 seconds left.
|inactive|zhoudian has 30 seconds left.
|inactive|zhoudian has 20 seconds left.
|inactive|zhoudian has 15 seconds left.
|inactive|zhoudian has 10 seconds left.
|inactive|zhoudian has 5 seconds left.
|-message|zhoudian lost due to inactivity.
|
|win|sminey
|raw|zhoudian's rating: 1385 &rarr; <strong>1368</strong><br />(-17 for losing)
|raw|sminey's rating: 1438 &rarr; <strong>1455</strong><br />(+17 for winning)
|l|☆sminey
|player|p2|
|l|☆zhoudian
|player|p1|
