|j|‽nesnot
|j|☆teamskullenoxa
|t:|1760735604
|gametype|singles
|player|p1|nesnot|170|1648
|player|p2|teamskullenoxa|170|1758
|gen|9
|tier|[Gen 9] OU
|rated|
|rule|HP Percentage Mod: HP is shown in percentages
|rule|Endless Battle Clause: Forcing endless battles is banned
|rule|Species Clause: Limit one of each Pokémon
|rule|OHKO Clause: OHKO moves are banned
|rule|Evasion Items Clause: Evasion items are banned
|rule|Evasion Moves Clause: Evasion moves are banned
|rule|Evasion Abilities Clause: Evasion abilities are banned
|rule|Sleep Moves Clause: Sleep-inducing moves are banned
|clearpoke
|poke|p1|Araquanid, F|
|poke|p1|Gholdengo|
|poke|p1|Pecharunt|
|poke|p1|Zapdos-Galar|
|poke|p1|Empoleon, F|
|poke|p1|Iron Treads|
|poke|p2|Lokix, F|
|poke|p2|Slowking-Galar, F|
|poke|p2|Weavile, F|
|poke|p2|Enamorus, F|
|poke|p2|Alomomola, F|
|poke|p2|Cinderace, M|
|teampreview
|inactive|Battle timer is ON: inactive players will automatically lose when time's up. (requested by nesnot)
|
|t:|1760735617
|teamsize|p1|6
|teamsize|p2|6
|start
|switch|p1a: Araquanid|Araquanid, F|100/100
|switch|p2a: Lokix|Lokix, F|100/100
|turn|1
|
|t:|1760735620
|move|p2a: Lokix|U-turn|p1a: Araquanid
|-damage|p1a: Araquanid|57/100
|
|t:|1760735622
|switch|p2a: Alomomola|Alomomola, F|100/100|[from] U-turn
|move|p1a: Araquanid|Surf|p2a: Alomomola
|-resisted|p2a: Alomomola
|-damage|p2a: Alomomola|93/100
|
|upkeep
|turn|2
|
|t:|1760735632
|switch|p1a: Empoleon|Empoleon, F|100/100
|move|p2a: Alomomola|Flip Turn|p1a: Empoleon
|-resisted|p1a: Empoleon
|-damage|p1a: Empoleon|91/100
|
|t:|1760735638
|switch|p2a: Lokix|Lokix, F|100/100|[from] Flip Turn
|
|upkeep
|turn|3
|
|t:|1760735646
|move|p2a: Lokix|Knock Off|p1a: Empoleon
|-damage|p1a: Empoleon|34/100
|-enditem|p1a: Empoleon|Weakness Policy|[from] move: Knock Off|[of] p2a: Lokix
|move|p1a: Empoleon|Agility|p1a: Empoleon
|-boost|p1a: Empoleon|spe|2
|
|upkeep
|turn|4
|
|t:|1760735652
|move|p2a: Lokix|Sucker Punch|p1a: Empoleon
|-damage|p1a: Empoleon|0 fnt
|faint|p1a: Empoleon
|
|upkeep
|
|t:|1760735658
|switch|p1a: Zapdos|Zapdos-Galar|100/100
|turn|5
|
|t:|1760735668
|switch|p2a: Alomomola|Alomomola, F|100/100
|move|p1a: Zapdos|Bulk Up|p1a: Zapdos
|-boost|p1a: Zapdos|atk|1
|-boost|p1a: Zapdos|def|1
|
|upkeep
|turn|6
|
|t:|1760735672
|move|p1a: Zapdos|Thunderous Kick|p2a: Alomomola
|-damage|p2a: Alomomola|52/100
|-unboost|p2a: Alomomola|def|1
|move|p2a: Alomomola|Body Slam|p1a: Zapdos
|-damage|p1a: Zapdos|88/100
|
|-heal|p1a: Zapdos|95/100|[from] item: Leftovers
|upkeep
|turn|7
|
|t:|1760735679
|switch|p2a: Enamorus|Enamorus, F|100/100
|move|p1a: Zapdos|Knock Off|p2a: Enamorus
|-resisted|p2a: Enamorus
|-damage|p2a: Enamorus|62/100
|-enditem|p2a: Enamorus|Choice Scarf|[from] move: Knock Off|[of] p1a: Zapdos
|
|-heal|p1a: Zapdos|100/100|[from] item: Leftovers
|upkeep
|turn|8
|
|t:|1760735684
|switch|p1a: Iron Treads|Iron Treads|100/100
|move|p2a: Enamorus|Moonblast|p1a: Iron Treads
|-resisted|p1a: Iron Treads
|-damage|p1a: Iron Treads|79/100
|
|-heal|p1a: Iron Treads|85/100|[from] item: Leftovers
|upkeep
|turn|9
|
|t:|1760735693
|switch|p2a: Alomomola|Alomomola, F|85/100
|move|p1a: Iron Treads|Earthquake|p2a: Alomomola
|-damage|p2a: Alomomola|58/100
|
|-heal|p1a: Iron Treads|91/100|[from] item: Leftovers
|upkeep
|turn|10
|
|t:|1760735699
|move|p1a: Iron Treads|Stealth Rock|p2a: Alomomola
|-sidestart|p2: teamskullenoxa|move: Stealth Rock
|move|p2a: Alomomola|Flip Turn|p1a: Iron Treads
|-supereffective|p1a: Iron Treads
|-damage|p1a: Iron Treads|66/100
|
|t:|1760735702
|switch|p2a: Cinderace|Cinderace, M|100/100|[from] Flip Turn
|
|-heal|p1a: Iron Treads|72/100|[from] item: Leftovers
|upkeep
|turn|11
|
|t:|1760735707
|move|p2a: Cinderace|Pyro Ball|p1a: Iron Treads|[miss]
|-miss|p2a: Cinderace|p1a: Iron Treads
|move|p1a: Iron Treads|Rapid Spin|p2a: Cinderace
|-crit|p2a: Cinderace
|-damage|p2a: Cinderace|74/100
|-boost|p1a: Iron Treads|spe|1
|
|-heal|p1a: Iron Treads|78/100|[from] item: Leftovers
|upkeep
|turn|12
|
|t:|1760735712
|switch|p2a: Alomomola|Alomomola, F|91/100
|-damage|p2a: Alomomola|79/100|[from] Stealth Rock
|move|p1a: Iron Treads|Earthquake|p2a: Alomomola
|-damage|p2a: Alomomola|52/100
|
|-heal|p1a: Iron Treads|84/100|[from] item: Leftovers
|upkeep
|turn|13
|
|t:|1760735733
|move|p1a: Iron Treads|Knock Off|p2a: Alomomola
|-damage|p2a: Alomomola|32/100
|-enditem|p2a: Alomomola|Assault Vest|[from] move: Knock Off|[of] p1a: Iron Treads
|move|p2a: Alomomola|Flip Turn|p1a: Iron Treads
|-supereffective|p1a: Iron Treads
|-damage|p1a: Iron Treads|57/100
|
|t:|1760735741
|switch|p2a: Lokix|Lokix, F|100/100|[from] Flip Turn
|-damage|p2a: Lokix|76/100|[from] Stealth Rock
|
|-heal|p1a: Iron Treads|63/100|[from] item: Leftovers
|upkeep
|turn|14
|
|t:|1760735747
|move|p2a: Lokix|First Impression|p1a: Iron Treads
|-resisted|p1a: Iron Treads
|-damage|p1a: Iron Treads|26/100
|move|p1a: Iron Treads|Knock Off|p2a: Lokix
|-resisted|p2a: Lokix
|-damage|p2a: Lokix|58/100
|-enditem|p2a: Lokix|Silver Powder|[from] move: Knock Off|[of] p1a: Iron Treads
|
|-heal|p1a: Iron Treads|32/100|[from] item: Leftovers
|upkeep
|turn|15
|
|t:|1760735757
|move|p2a: Lokix|Sucker Punch|p1a: Iron Treads
|-damage|p1a: Iron Treads|4/100
|move|p1a: Iron Treads|Earthquake|p2a: Lokix
|-resisted|p2a: Lokix
|-crit|p2a: Lokix
|-damage|p2a: Lokix|18/100
|
|-heal|p1a: Iron Treads|10/100|[from] item: Leftovers
|upkeep
|turn|16
|
|t:|1760735766
|-end|p1a: Iron Treads|Quark Drive|[silent]
|switch|p1a: Zapdos|Zapdos-Galar|100/100
|move|p2a: Lokix|U-turn|p1a: Zapdos
|-resisted|p1a: Zapdos
|-damage|p1a: Zapdos|79/100
|
|t:|1760735770
|switch|p2a: Cinderace|Cinderace, M|74/100|[from] U-turn
|
|-heal|p1a: Zapdos|86/100|[from] item: Leftovers
|upkeep
|turn|17
|
|t:|1760735775
|move|p2a: Cinderace|Court Change|p2a: Cinderace
|-swapsideconditions
|-activate|p2a: Cinderace|move: Court Change
|move|p1a: Zapdos|Brave Bird|p2a: Cinderace
|-damage|p2a: Cinderace|0 fnt
|faint|p2a: Cinderace
|-damage|p1a: Zapdos|63/100|[from] Recoil
|
|-heal|p1a: Zapdos|69/100|[from] item: Leftovers
|upkeep
|
|t:|1760735796
|switch|p2a: Weavile|Weavile, F|100/100
|-ability|p2a: Weavile|Pressure
|turn|18
|
|t:|1760735813
|-terastallize|p1a: Zapdos|Fighting
|move|p2a: Weavile|Triple Axel|p1a: Zapdos
|-damage|p1a: Zapdos|53/100
|-crit|p1a: Zapdos
|-damage|p1a: Zapdos|2/100
|-damage|p1a: Zapdos|0 fnt
|faint|p1a: Zapdos
|-hitcount|p1: Zapdos|3
|
|upkeep
|
|t:|1760735822
|switch|p1a: Araquanid|Araquanid, F|57/100
|turn|19
|
|t:|1760735829
|move|p2a: Weavile|Triple Axel|p1a: Araquanid
|-resisted|p1a: Araquanid
|-crit|p1a: Araquanid
|-damage|p1a: Araquanid|45/100
|-resisted|p1a: Araquanid
|-damage|p1a: Araquanid|29/100
|-hitcount|p1a: Araquanid|2
|move|p1a: Araquanid|Sticky Web|p2a: Weavile
|-sidestart|p2: teamskullenoxa|move: Sticky Web
|
|upkeep
|turn|20
|
|t:|1760735838
|move|p2a: Weavile|Triple Axel|p1a: Araquanid
|-resisted|p1a: Araquanid
|-damage|p1a: Araquanid|21/100
|-resisted|p1a: Araquanid
|-damage|p1a: Araquanid|3/100
|-resisted|p1a: Araquanid
|-damage|p1a: Araquanid|0 fnt
|faint|p1a: Araquanid
|-hitcount|p1: Araquanid|3
|
|upkeep
|
|t:|1760735843
|switch|p1a: Gholdengo|Gholdengo|100/100
|-damage|p1a: Gholdengo|94/100|[from] Stealth Rock
|turn|21
|
|t:|1760735853
|move|p2a: Weavile|Triple Axel|p1a: Gholdengo
|-resisted|p1a: Gholdengo
|-damage|p1a: Gholdengo|87/100
|-resisted|p1a: Gholdengo
|-damage|p1a: Gholdengo|71/100
|-resisted|p1a: Gholdengo
|-damage|p1a: Gholdengo|45/100
|-hitcount|p1a: Gholdengo|3
|move|p1a: Gholdengo|Nasty Plot|p1a: Gholdengo
|-boost|p1a: Gholdengo|spa|2
|
|upkeep
|turn|22
|
|t:|1760735859
|move|p2a: Weavile|Triple Axel|p1a: Gholdengo
|-resisted|p1a: Gholdengo
|-damage|p1a: Gholdengo|36/100
|-hitcount|p1a: Gholdengo|1
|move|p1a: Gholdengo|Make It Rain|p2a: Weavile
|-supereffective|p2a: Weavile
|-damage|p2a: Weavile|0 fnt
|-unboost|p1a: Gholdengo|spa|1
|faint|p2a: Weavile
|
|upkeep
|
|t:|1760735877
|switch|p2a: Enamorus|Enamorus, F|62/100
|turn|23
|
|t:|1760735891
|switch|p1a: Iron Treads|Iron Treads|10/100
|-damage|p1a: Iron Treads|8/100|[from] Stealth Rock
|-terastallize|p2a: Enamorus|Stellar
|move|p2a: Enamorus|Tera Blast|p1a: Iron Treads|[anim] Tera Blast Stellar
|-damage|p1a: Iron Treads|0 fnt
|-boost|p2a: Enamorus|atk|1
|-boost|p2a: Enamorus|spa|1
|faint|p1a: Iron Treads
|-end|p1a: Iron Treads|Quark Drive|[silent]
|
|upkeep
|
|t:|1760735898
|switch|p1a: Pecharunt|Pecharunt|100/100
|-damage|p1a: Pecharunt|88/100|[from] Stealth Rock
|-item|p1a: Pecharunt|Air Balloon
|turn|24
|
|t:|1760735904
|switch|p2a: Slowking|Slowking-Galar, F|100/100
|-activate|p2a: Slowking|move: Sticky Web
|-unboost|p2a: Slowking|spe|1
|move|p1a: Pecharunt|Malignant Chain|p2a: Slowking
|-resisted|p2a: Slowking
|-damage|p2a: Slowking|86/100
|
|upkeep
|turn|25
|
|t:|1760735913
|switch|p1a: Gholdengo|Gholdengo|36/100
|-damage|p1a: Gholdengo|30/100|[from] Stealth Rock
|move|p2a: Slowking|Future Sight|p1a: Gholdengo
|-start|p2a: Slowking|move: Future Sight
|
|upkeep
|turn|26
|
|t:|1760735921
|move|p1a: Gholdengo|Shadow Ball|p2a: Slowking
|-supereffective|p2a: Slowking
|-damage|p2a: Slowking|13/100
|-prepare|p2a: Slowking|Chilly Reception|[premajor]
|move|p2a: Slowking|Chilly Reception|p2a: Slowking
|-weather|Snowscape
|
|t:|1760735935
|switch|p2a: Lokix|Lokix, F|18/100|[from] Chilly Reception
|-activate|p2a: Lokix|move: Sticky Web
|-unboost|p2a: Lokix|spe|1
|
|-weather|Snowscape|[upkeep]
|upkeep
|turn|27
|inactive|nesnot has 120 seconds left.
|inactive|nesnot has 90 seconds left.
|inactive|nesnot has 60 seconds left.
|inactive|nesnot has 30 seconds left.
|inactive|nesnot has 20 seconds left.
|inactive|nesnot has 15 seconds left.
|inactive|nesnot has 10 seconds left.
|inactive|nesnot has 5 seconds left.
|-message|nesnot lost due to inactivity.
|
|win|teamskullenoxa
|raw|nesnot's rating: 1648 &rarr; <strong>1634</strong><br />(-14 for losing)
|raw|teamskullenoxa's rating: 1758 &rarr; <strong>1772</strong><br />(+14 for winning)
|l|☆teamskullenoxa
|player|p2|
|l|‽nesnot
|player|p1|
