|j|☆we2022
|j|☆Vikavolt22
|t:|1760761157
|gametype|singles
|player|p1|we2022|1|1151
|player|p2|Vikavolt22|266|1156
|gen|9
|tier|[Gen 9] OU
|rated|
|rule|HP Percentage Mod: HP is shown in percentages
|rule|Endless Battle Clause: Forcing endless battles is banned
|rule|Species Clause: Limit one of each Pokémon
|rule|OHKO Clause: OHKO moves are banned
|rule|Evasion Items Clause: Evasion items are banned
|rule|Evasion Moves Clause: Evasion moves are banned
|rule|Evasion Abilities Clause: Evasion abilities are banned
|rule|Sleep Moves Clause: Sleep-inducing moves are banned
|clearpoke
|poke|p1|Ceruledge, F|
|poke|p1|Ogerpon-Wellspring, F|
|poke|p1|Dragapult, M|
|poke|p1|Great Tusk|
|poke|p1|Glimmora, F|
|poke|p1|Moltres|
|poke|p2|Tyranitar, M|
|poke|p2|Excadrill, F|
|poke|p2|Gliscor, F|
|poke|p2|Garchomp, F|
|poke|p2|Ogerpon-Wellspring, F|
|poke|p2|Sandy Shocks|
|teampreview
|
|t:|1760761165
|teamsize|p1|6
|teamsize|p2|6
|start
|switch|p1a: Dragapult|Dragapult, M|100/100
|switch|p2a: Sandy Shocks|Sandy Shocks|100/100
|turn|1
|
|t:|1760761172
|-terastallize|p1a: Dragapult|Dragon
|move|p1a: Dragapult|Draco Meteor|p2a: Sandy Shocks
|-damage|p2a: Sandy Shocks|0 fnt
|-unboost|p1a: Dragapult|spa|2
|faint|p2a: Sandy Shocks
|-end|p2a: Sandy Shocks|Protosynthesis|[silent]
|
|upkeep
|
|t:|1760761179
|switch|p2a: Tyranitar|Tyranitar, M, shiny|100/100
|-weather|Sandstorm|[from] ability: Sand Stream|[of] p2a: Tyranitar
|turn|2
|
|t:|1760761182
|switch|p1a: Moltres|Moltres|100/100
|move|p2a: Tyranitar|Knock Off|p1a: Moltres
|-damage|p1a: Moltres|63/100
|-enditem|p1a: Moltres|Heavy-Duty Boots|[from] move: Knock Off|[of] p2a: Tyranitar
|
|-weather|Sandstorm|[upkeep]
|-damage|p1a: Moltres|57/100|[from] Sandstorm
|upkeep
|turn|3
|
|t:|1760761195
|move|p1a: Moltres|Will-O-Wisp|p2a: Tyranitar
|-status|p2a: Tyranitar|brn
|move|p2a: Tyranitar|Stone Edge|p1a: Moltres
|-supereffective|p1a: Moltres
|-damage|p1a: Moltres|0 fnt
|faint|p1a: Moltres
|
|-weather|Sandstorm|[upkeep]
|-damage|p2a: Tyranitar|94/100 brn|[from] brn
|upkeep
|
|t:|1760761204
|switch|p1a: Ogerpon|Ogerpon-Wellspring, F|100/100
|turn|4
|
|t:|1760761211
|switch|p2a: Ogerpon|Ogerpon-Wellspring, F|100/100
|move|p1a: Ogerpon|Knock Off|p2a: Ogerpon
|-damage|p2a: Ogerpon|69/100
|
|-weather|Sandstorm|[upkeep]
|-damage|p2a: Ogerpon|63/100|[from] Sandstorm
|-damage|p1a: Ogerpon|95/100|[from] Sandstorm
|upkeep
|turn|5
|
|t:|1760761222
|switch|p1a: Glimmora|Glimmora, F|100/100
|move|p2a: Ogerpon|Ivy Cudgel|p1a: Glimmora|[anim] Ivy Cudgel Water
|-supereffective|p1a: Glimmora
|-enditem|p1a: Glimmora|Focus Sash
|-damage|p1a: Glimmora|1/100
|-activate|p1a: Glimmora|ability: Toxic Debris
|-sidestart|p2: Vikavolt22|move: Toxic Spikes
|
|-weather|Sandstorm|[upkeep]
|-damage|p2a: Ogerpon|57/100|[from] Sandstorm
|upkeep
|turn|6
|
|t:|1760761231
|move|p2a: Ogerpon|Knock Off|p1a: Glimmora
|-damage|p1a: Glimmora|0 fnt
|-activate|p1a: Glimmora|ability: Toxic Debris
|-sidestart|p2: Vikavolt22|move: Toxic Spikes
|faint|p1a: Glimmora
|
|-weather|Sandstorm|[upkeep]
|-damage|p2a: Ogerpon|51/100|[from] Sandstorm
|upkeep
|
|t:|1760761234
|switch|p1a: Dragapult|Dragapult, M, tera:Dragon|100/100
|turn|7
|
|t:|1760761238
|switch|p2a: Tyranitar|Tyranitar, M, shiny|94/100 brn
|move|p1a: Dragapult|U-turn|p2a: Tyranitar
|-supereffective|p2a: Tyranitar
|-damage|p2a: Tyranitar|66/100 brn
|
|t:|1760761246
|switch|p1a: Ogerpon|Ogerpon-Wellspring, F|95/100|[from] U-turn
|
|-weather|Sandstorm|[upkeep]
|-damage|p1a: Ogerpon|89/100|[from] Sandstorm
|-damage|p2a: Tyranitar|59/100 brn|[from] brn
|upkeep
|turn|8
|
|t:|1760761254
|switch|p2a: Gliscor|Gliscor, F|100/100
|move|p1a: Ogerpon|Horn Leech|p2a: Gliscor
|-damage|p2a: Gliscor|66/100
|-heal|p1a: Ogerpon|100/100|[from] drain|[of] p2a: Gliscor
|
|-weather|Sandstorm|[upkeep]
|-damage|p1a: Ogerpon|95/100|[from] Sandstorm
|-status|p2a: Gliscor|tox|[from] item: Toxic Orb
|upkeep
|turn|9
|
|t:|1760761264
|move|p2a: Gliscor|Protect|p2a: Gliscor
|-singleturn|p2a: Gliscor|Protect
|move|p1a: Ogerpon|Ivy Cudgel|p2a: Gliscor|[anim] Ivy Cudgel Water
|-activate|p2a: Gliscor|move: Protect
|
|-weather|none
|-heal|p2a: Gliscor|79/100 tox|[from] ability: Poison Heal
|upkeep
|turn|10
|
|t:|1760761270
|-terastallize|p2a: Gliscor|Normal
|move|p1a: Ogerpon|Knock Off|p2a: Gliscor
|-damage|p2a: Gliscor|46/100 tox
|-enditem|p2a: Gliscor|Toxic Orb|[from] move: Knock Off|[of] p1a: Ogerpon
|move|p2a: Gliscor|Facade|p1a: Ogerpon
|-damage|p1a: Ogerpon|30/100
|
|-heal|p2a: Gliscor|59/100 tox|[from] ability: Poison Heal
|upkeep
|turn|11
|
|t:|1760761282
|move|p2a: Gliscor|Protect|p2a: Gliscor
|-singleturn|p2a: Gliscor|Protect
|move|p1a: Ogerpon|Ivy Cudgel|p2a: Gliscor|[anim] Ivy Cudgel Water
|-activate|p2a: Gliscor|move: Protect
|
|-heal|p2a: Gliscor|71/100 tox|[from] ability: Poison Heal
|upkeep
|turn|12
|
|t:|1760761286
|move|p1a: Ogerpon|Ivy Cudgel|p2a: Gliscor|[anim] Ivy Cudgel Water
|-damage|p2a: Gliscor|27/100 tox
|move|p2a: Gliscor|Facade|p1a: Ogerpon
|-damage|p1a: Ogerpon|0 fnt
|faint|p1a: Ogerpon
|
|-heal|p2a: Gliscor|39/100 tox|[from] ability: Poison Heal
|upkeep
|
|t:|1760761290
|switch|p1a: Dragapult|Dragapult, M, tera:Dragon|100/100
|turn|13
|
|t:|1760761298
|move|p2a: Gliscor|Protect|p2a: Gliscor
|-singleturn|p2a: Gliscor|Protect
|move|p1a: Dragapult|Draco Meteor|p2a: Gliscor
|-activate|p2a: Gliscor|move: Protect
|
|-heal|p2a: Gliscor|52/100 tox|[from] ability: Poison Heal
|upkeep
|turn|14
|
|t:|1760761302
|move|p1a: Dragapult|Draco Meteor|p2a: Gliscor
|-damage|p2a: Gliscor|0 fnt
|-unboost|p1a: Dragapult|spa|2
|faint|p2a: Gliscor
|
|upkeep
|
|t:|1760761306
|switch|p2a: Tyranitar|Tyranitar, M, shiny|59/100 brn
|-weather|Sandstorm|[from] ability: Sand Stream|[of] p2a: Tyranitar
|turn|15
|
|t:|1760761309
|switch|p1a: Great Tusk|Great Tusk|100/100
|move|p2a: Tyranitar|Knock Off|p1a: Great Tusk
|-resisted|p1a: Great Tusk
|-damage|p1a: Great Tusk|91/100
|-enditem|p1a: Great Tusk|Heavy-Duty Boots|[from] move: Knock Off|[of] p2a: Tyranitar
|
|-weather|Sandstorm|[upkeep]
|-damage|p2a: Tyranitar|53/100 brn|[from] brn
|upkeep
|turn|16
|
|t:|1760761322
|move|p1a: Great Tusk|Headlong Rush|p2a: Tyranitar
|-supereffective|p2a: Tyranitar
|-damage|p2a: Tyranitar|0 fnt
|-unboost|p1a: Great Tusk|def|1
|-unboost|p1a: Great Tusk|spd|1
|faint|p2a: Tyranitar
|
|-weather|Sandstorm|[upkeep]
|upkeep
|
|t:|1760761335
|switch|p2a: Garchomp|Garchomp, F, shiny|100/100
|-status|p2a: Garchomp|tox
|turn|17
|
|t:|1760761348
|move|p1a: Great Tusk|Ice Spinner|p2a: Garchomp
|-supereffective|p2a: Garchomp
|-damage|p2a: Garchomp|28/100 tox
|-damage|p1a: Great Tusk|78/100|[from] ability: Rough Skin|[of] p2a: Garchomp
|-damage|p1a: Great Tusk|62/100|[from] item: Rocky Helmet|[of] p2a: Garchomp
|move|p2a: Garchomp|Spikes|p1a: Great Tusk
|-sidestart|p1: we2022|Spikes
|
|-weather|Sandstorm|[upkeep]
|-damage|p2a: Garchomp|22/100 tox|[from] psn
|upkeep
|turn|18
|
|t:|1760761356
|move|p1a: Great Tusk|Ice Spinner|p2a: Garchomp
|-supereffective|p2a: Garchomp
|-damage|p2a: Garchomp|0 fnt
|-damage|p1a: Great Tusk|49/100|[from] ability: Rough Skin|[of] p2a: Garchomp
|-damage|p1a: Great Tusk|33/100|[from] item: Rocky Helmet|[of] p2a: Garchomp
|faint|p2a: Garchomp
|
|-weather|Sandstorm|[upkeep]
|upkeep
|
|t:|1760761359
|switch|p2a: Excadrill|Excadrill, F|100/100
|-item|p2a: Excadrill|Air Balloon
|turn|19
|
|t:|1760761363
|move|p2a: Excadrill|Earthquake|p1a: Great Tusk
|-damage|p1a: Great Tusk|0 fnt
|faint|p1a: Great Tusk
|-end|p1a: Great Tusk|Protosynthesis|[silent]
|
|-weather|Sandstorm|[upkeep]
|upkeep
|
|t:|1760761368
|switch|p1a: Dragapult|Dragapult, M, tera:Dragon|100/100
|-damage|p1a: Dragapult|88/100|[from] Spikes
|turn|20
|
|t:|1760761378
|move|p2a: Excadrill|Earthquake|p1a: Dragapult
|-damage|p1a: Dragapult|5/100
|move|p1a: Dragapult|Shadow Ball|p2a: Excadrill
|-damage|p2a: Excadrill|26/100
|-unboost|p2a: Excadrill|spd|1
|-enditem|p2a: Excadrill|Air Balloon
|
|-weather|Sandstorm|[upkeep]
|-damage|p1a: Dragapult|0 fnt|[from] Sandstorm
|faint|p1a: Dragapult
|upkeep
|
|t:|1760761380
|switch|p1a: Ceruledge|Ceruledge, F|100/100
|-damage|p1a: Ceruledge|88/100|[from] Spikes
|turn|21
|
|t:|1760761386
|move|p1a: Ceruledge|Shadow Sneak|p2a: Excadrill
|-damage|p2a: Excadrill|0 fnt
|faint|p2a: Excadrill
|
|-weather|Sandstorm|[upkeep]
|-damage|p1a: Ceruledge|82/100|[from] Sandstorm
|upkeep
|
|t:|1760761389
|switch|p2a: Ogerpon|Ogerpon-Wellspring, F|51/100
|-status|p2a: Ogerpon|tox
|turn|22
|
|t:|1760761396
|move|p1a: Ceruledge|Shadow Sneak|p2a: Ogerpon
|-damage|p2a: Ogerpon|23/100 tox
|move|p2a: Ogerpon|Ivy Cudgel|p1a: Ceruledge|[anim] Ivy Cudgel Water
|-supereffective|p1a: Ceruledge
|-damage|p1a: Ceruledge|0 fnt
|faint|p1a: Ceruledge
|
|win|Vikavolt22
|raw|we2022's rating: 1151 &rarr; <strong>1126</strong><br />(-25 for losing)
|raw|Vikavolt22's rating: 1156 &rarr; <strong>1181</strong><br />(+25 for winning)
|l|☆we2022
|player|p1|
|l|☆Vikavolt22
|player|p2|
