|j|☆Kaleor
|j|☆OffrateAndy
|t:|1760777492
|gametype|singles
|player|p1|Kaleor|swimmer-gen4dp|1591
|player|p2|OffrateAndy|169|1525
|gen|9
|tier|[Gen 9] OU
|rated|
|rule|HP Percentage Mod: HP is shown in percentages
|rule|Endless Battle Clause: Forcing endless battles is banned
|rule|Species Clause: Limit one of each Pokémon
|rule|OHKO Clause: OHKO moves are banned
|rule|Evasion Items Clause: Evasion items are banned
|rule|Evasion Moves Clause: Evasion moves are banned
|rule|Evasion Abilities Clause: Evasion abilities are banned
|rule|Sleep Moves Clause: Sleep-inducing moves are banned
|clearpoke
|poke|p1|Garchomp, F|
|poke|p1|Zapdos|
|poke|p1|Darkrai|
|poke|p1|Ceruledge, F|
|poke|p1|Enamorus, F|
|poke|p1|Great Tusk|
|poke|p2|Rillaboom, M|
|poke|p2|Garganacl, M|
|poke|p2|Cinderace, M|
|poke|p2|Raging Bolt|
|poke|p2|Slowking-Galar, F|
|poke|p2|Landorus-Therian, M|
|teampreview
|inactive|Battle timer is ON: inactive players will automatically lose when time's up. (requested by Kaleor)
|
|t:|1760777520
|teamsize|p1|6
|teamsize|p2|6
|start
|switch|p1a: Darkrai|Darkrai|100/100
|switch|p2a: Landorus|Landorus-Therian, M|100/100
|-ability|p2a: Landorus|Intimidate|boost
|-unboost|p1a: Darkrai|atk|1
|turn|1
|
|t:|1760777527
|switch|p2a: TANK|Garganacl, M|100/100
|move|p1a: Darkrai|Ice Beam|p2a: TANK
|-damage|p2a: TANK|78/100
|
|-heal|p2a: TANK|84/100|[from] item: Leftovers
|upkeep
|turn|2
|
|t:|1760777535
|switch|p1a: Garchomp|Garchomp, F|100/100
|move|p2a: TANK|Salt Cure|p1a: Garchomp
|-resisted|p1a: Garchomp
|-damage|p1a: Garchomp|96/100
|-start|p1a: Garchomp|Salt Cure
|
|-heal|p2a: TANK|91/100|[from] item: Leftovers
|-damage|p1a: Garchomp|84/100|[from] Salt Cure
|upkeep
|turn|3
|
|t:|1760777544
|switch|p2a: Landorus|Landorus-Therian, M|100/100
|-ability|p2a: Landorus|Intimidate|boost
|-unboost|p1a: Garchomp|atk|1
|move|p1a: Garchomp|Stealth Rock|p2a: Landorus
|-sidestart|p2: OffrateAndy|move: Stealth Rock
|
|-damage|p1a: Garchomp|72/100|[from] Salt Cure
|upkeep
|turn|4
|
|t:|1760777552
|move|p2a: Landorus|Stealth Rock|p1a: Garchomp
|-sidestart|p1: Kaleor|move: Stealth Rock
|move|p1a: Garchomp|Dragon Tail|p2a: Landorus
|-damage|p2a: Landorus|87/100
|-damage|p1a: Garchomp|55/100|[from] item: Rocky Helmet|[of] p2a: Landorus
|drag|p2a: RABBIT|Cinderace, M|100/100
|
|-damage|p1a: Garchomp|43/100|[from] Salt Cure
|upkeep
|turn|5
|
|t:|1760777562
|switch|p2a: Landorus|Landorus-Therian, M|87/100
|-damage|p2a: Landorus|75/100|[from] Stealth Rock
|-ability|p2a: Landorus|Intimidate|boost
|-unboost|p1a: Garchomp|atk|1
|move|p1a: Garchomp|Dragon Tail|p2a: Landorus
|-damage|p2a: Landorus|65/100
|-damage|p1a: Garchomp|26/100|[from] item: Rocky Helmet|[of] p2a: Landorus
|drag|p2a: Thunder Gale|Raging Bolt|100/100
|-damage|p2a: Thunder Gale|88/100|[from] Stealth Rock
|
|-damage|p1a: Garchomp|14/100|[from] Salt Cure
|upkeep
|turn|6
|
|t:|1760777571
|-end|p2a: Thunder Gale|Protosynthesis|[silent]
|switch|p2a: Slowking|Slowking-Galar, F|100/100
|-damage|p2a: Slowking|88/100|[from] Stealth Rock
|move|p1a: Garchomp|Earthquake|p2a: Slowking
|-supereffective|p2a: Slowking
|-damage|p2a: Slowking|58/100
|
|-damage|p1a: Garchomp|1/100|[from] Salt Cure
|upkeep
|turn|7
|
|t:|1760777580
|move|p1a: Garchomp|Spikes|p2a: Slowking
|-sidestart|p2: OffrateAndy|Spikes
|-prepare|p2a: Slowking|Chilly Reception|[premajor]
|move|p2a: Slowking|Chilly Reception|p2a: Slowking
|-weather|Snowscape
|
|t:|1760777599
|switch|p2a: Hibiki|Rillaboom, M|100/100|[from] Chilly Reception
|-damage|p2a: Hibiki|88/100|[from] Stealth Rock
|-damage|p2a: Hibiki|76/100|[from] Spikes
|-fieldstart|move: Grassy Terrain|[from] ability: Grassy Surge|[of] p2a: Hibiki
|
|-weather|Snowscape|[upkeep]
|-heal|p2a: Hibiki|82/100|[from] Grassy Terrain
|-heal|p1a: Garchomp|7/100|[from] Grassy Terrain
|-damage|p1a: Garchomp|0 fnt|[from] Salt Cure
|faint|p1a: Garchomp
|upkeep
|
|t:|1760777603
|switch|p1a: Zapdos|Zapdos|100/100
|turn|8
|
|t:|1760777617
|switch|p2a: Slowking|Slowking-Galar, F|91/100
|-damage|p2a: Slowking|78/100|[from] Stealth Rock
|-damage|p2a: Slowking|66/100|[from] Spikes
|move|p1a: Zapdos|Volt Switch|p2a: Slowking
|-damage|p2a: Slowking|40/100
|
|t:|1760777620
|switch|p1a: Darkrai|Darkrai|100/100|[from] Volt Switch
|-damage|p1a: Darkrai|88/100|[from] Stealth Rock
|
|-weather|Snowscape|[upkeep]
|-heal|p1a: Darkrai|94/100|[from] Grassy Terrain
|-heal|p2a: Slowking|46/100|[from] Grassy Terrain
|upkeep
|turn|9
|inactive|OffrateAndy has 120 seconds left.
|
|t:|1760777659
|switch|p2a: TANK|Garganacl, M|91/100
|-damage|p2a: TANK|78/100|[from] Stealth Rock
|-damage|p2a: TANK|66/100|[from] Spikes
|move|p1a: Darkrai|Trick|p2a: TANK
|-activate|p1a: Darkrai|move: Trick|[of] p2a: TANK
|-item|p2a: TANK|Choice Scarf|[from] move: Trick
|-item|p1a: Darkrai|Leftovers|[from] move: Trick
|
|-weather|Snowscape|[upkeep]
|-heal|p1a: Darkrai|99/100|[from] Grassy Terrain
|-heal|p1a: Darkrai|100/100|[from] item: Leftovers
|-heal|p2a: TANK|72/100|[from] Grassy Terrain
|upkeep
|turn|10
|inactive|OffrateAndy has 120 seconds left.
|
|t:|1760777664
|move|p1a: Darkrai|Dark Pulse|p2a: TANK
|-damage|p2a: TANK|42/100
|cant|p2a: TANK|flinch
|
|-weather|Snowscape|[upkeep]
|-heal|p2a: TANK|48/100|[from] Grassy Terrain
|upkeep
|turn|11
|
|t:|1760777670
|move|p1a: Darkrai|Dark Pulse|p2a: TANK
|-damage|p2a: TANK|20/100
|move|p2a: TANK|Salt Cure|p1a: Darkrai
|-damage|p1a: Darkrai|82/100
|-start|p1a: Darkrai|Salt Cure
|
|-weather|none
|-heal|p1a: Darkrai|88/100|[from] Grassy Terrain
|-heal|p1a: Darkrai|94/100|[from] item: Leftovers
|-heal|p2a: TANK|26/100|[from] Grassy Terrain
|-damage|p1a: Darkrai|82/100|[from] Salt Cure
|-fieldend|move: Grassy Terrain
|upkeep
|turn|12
|
|t:|1760777684
|switch|p2a: Thunder Gale|Raging Bolt|88/100
|-damage|p2a: Thunder Gale|76/100|[from] Stealth Rock
|-damage|p2a: Thunder Gale|64/100|[from] Spikes
|move|p1a: Darkrai|Dark Pulse|p2a: Thunder Gale
|-damage|p2a: Thunder Gale|22/100
|
|-heal|p1a: Darkrai|88/100|[from] item: Leftovers
|-damage|p1a: Darkrai|76/100|[from] Salt Cure
|upkeep
|turn|13
|
|t:|1760777691
|switch|p1a: Great Tusk|Great Tusk|100/100
|-damage|p1a: Great Tusk|98/100|[from] Stealth Rock
|move|p2a: Thunder Gale|Thunderclap||[still]
|-fail|p2a: Thunder Gale
|
|-heal|p1a: Great Tusk|100/100|[from] item: Leftovers
|upkeep
|turn|14
|
|t:|1760777694
|-end|p2a: Thunder Gale|Protosynthesis|[silent]
|switch|p2a: Hibiki|Rillaboom, M|82/100
|-damage|p2a: Hibiki|70/100|[from] Stealth Rock
|-damage|p2a: Hibiki|57/100|[from] Spikes
|-fieldstart|move: Grassy Terrain|[from] ability: Grassy Surge|[of] p2a: Hibiki
|move|p1a: Great Tusk|Ice Spinner|p2a: Hibiki
|-supereffective|p2a: Hibiki
|-damage|p2a: Hibiki|3/100
|-fieldend|move: Grassy Terrain
|
|upkeep
|turn|15
|
|t:|1760777697
|move|p1a: Great Tusk|Rapid Spin|p2a: Hibiki
|-damage|p2a: Hibiki|0 fnt
|-boost|p1a: Great Tusk|spe|1
|-sideend|p1: Kaleor|Stealth Rock|[from] move: Rapid Spin|[of] p1a: Great Tusk
|faint|p2a: Hibiki
|
|upkeep
|-message|OffrateAndy forfeited.
|
|win|Kaleor
|raw|Kaleor's rating: 1591 &rarr; <strong>1607</strong><br />(+16 for winning)
|raw|OffrateAndy's rating: 1525 &rarr; <strong>1509</strong><br />(-16 for losing)
|l|☆OffrateAndy
|player|p2|
|l|☆Kaleor
|player|p1|
