|j|☆glormbus' revenge
|j|☆Rbtnk
|t:|1760828773
|gametype|singles
|player|p1|glormbus' revenge|lady-gen4|1109
|player|p2|Rbtnk|scientistf|1164
|gen|9
|tier|[Gen 9] OU
|rated|
|rule|HP Percentage Mod: HP is shown in percentages
|rule|Endless Battle Clause: Forcing endless battles is banned
|rule|Species Clause: Limit one of each Pokémon
|rule|OHKO Clause: OHKO moves are banned
|rule|Evasion Items Clause: Evasion items are banned
|rule|Evasion Moves Clause: Evasion moves are banned
|rule|Evasion Abilities Clause: Evasion abilities are banned
|rule|Sleep Moves Clause: Sleep-inducing moves are banned
|clearpoke
|poke|p1|Samurott-Hisui, M|
|poke|p1|Ninetales-Alola, M|
|poke|p1|Dragonite, F|
|poke|p1|Great Tusk|
|poke|p1|Gholdengo|
|poke|p1|Iron Valiant|
|poke|p2|Primarina, F|
|poke|p2|Glimmora, M|
|poke|p2|Houndoom, M|
|poke|p2|Pecharunt|
|poke|p2|Mienshao, M|
|poke|p2|Raging Bolt|
|teampreview
|inactive|Battle timer is ON: inactive players will automatically lose when time's up. (requested by Rbtnk)
|
|t:|1760828782
|teamsize|p1|6
|teamsize|p2|6
|start
|switch|p1a: Samurott|Samurott-Hisui, M, shiny|100/100
|switch|p2a: Glimmora|Glimmora, M|100/100
|turn|1
|j| IceTemples
|
|t:|1760828791
|move|p1a: Samurott|Ceaseless Edge|p2a: Glimmora
|-damage|p2a: Glimmora|43/100
|-activate|p2a: Glimmora|ability: Toxic Debris
|-sidestart|p1: glormbus' revenge|move: Toxic Spikes
|-sidestart|p2: Rbtnk|Spikes
|move|p2a: Glimmora|Stealth Rock|p1a: Samurott
|-sidestart|p1: glormbus' revenge|move: Stealth Rock
|
|upkeep
|turn|2
|
|t:|1760828800
|move|p1a: Samurott|Ceaseless Edge|p2a: Glimmora
|-damage|p2a: Glimmora|0 fnt
|-activate|p2a: Glimmora|ability: Toxic Debris
|-sidestart|p1: glormbus' revenge|move: Toxic Spikes
|-sidestart|p2: Rbtnk|Spikes
|faint|p2a: Glimmora
|
|upkeep
|
|t:|1760828805
|switch|p2a: Pecharunt|Pecharunt|100/100
|turn|3
|
|t:|1760828821
|move|p1a: Samurott|Ceaseless Edge|p2a: Pecharunt
|-supereffective|p2a: Pecharunt
|-damage|p2a: Pecharunt|36/100
|-sidestart|p2: Rbtnk|Spikes
|move|p2a: Pecharunt|Malignant Chain|p1a: Samurott
|-damage|p1a: Samurott|41/100
|
|upkeep
|turn|4
|
|t:|1760828831
|move|p1a: Samurott|Ceaseless Edge|p2a: Pecharunt
|-supereffective|p2a: Pecharunt
|-damage|p2a: Pecharunt|0 fnt
|faint|p2a: Pecharunt
|
|upkeep
|
|t:|1760828833
|switch|p2a: Mienshao|Mienshao, M|100/100
|-damage|p2a: Mienshao|76/100|[from] Spikes
|turn|5
|
|t:|1760828838
|switch|p1a: Ninetales|Ninetales-Alola, M|100/100
|-status|p1a: Ninetales|tox
|-damage|p1a: Ninetales|76/100 tox|[from] Stealth Rock
|-weather|Snowscape|[from] ability: Snow Warning|[of] p1a: Ninetales
|move|p2a: Mienshao|Fake Out|p1a: Ninetales
|-damage|p1a: Ninetales|56/100 tox
|-damage|p2a: Mienshao|66/100|[from] item: Life Orb
|
|-weather|Snowscape|[upkeep]
|-damage|p1a: Ninetales|50/100 tox|[from] psn
|upkeep
|turn|6
|
|t:|1760828854
|move|p1a: Ninetales|Aurora Veil|p1a: Ninetales
|-sidestart|p1: glormbus' revenge|move: Aurora Veil
|move|p2a: Mienshao|U-turn|p1a: Ninetales
|-resisted|p1a: Ninetales
|-damage|p1a: Ninetales|42/100 tox
|-damage|p2a: Mienshao|56/100|[from] item: Life Orb
|
|t:|1760828860
|switch|p2a: Houndoom|Houndoom, M|100/100|[from] U-turn
|
|-weather|Snowscape|[upkeep]
|-damage|p1a: Ninetales|30/100 tox|[from] psn
|upkeep
|turn|7
|
|t:|1760828866
|-terastallize|p2a: Houndoom|Poison
|move|p1a: Ninetales|Moonblast|p2a: Houndoom
|-resisted|p2a: Houndoom
|-damage|p2a: Houndoom|75/100
|-unboost|p2a: Houndoom|spa|1
|move|p2a: Houndoom|Nasty Plot|p2a: Houndoom
|-boost|p2a: Houndoom|spa|2
|
|-weather|Snowscape|[upkeep]
|-damage|p1a: Ninetales|12/100 tox|[from] psn
|upkeep
|turn|8
|
|t:|1760828878
|move|p1a: Ninetales|Encore|p2a: Houndoom
|-start|p2a: Houndoom|Encore
|move|p2a: Houndoom|Nasty Plot|p2a: Houndoom
|-boost|p2a: Houndoom|spa|2
|
|-weather|Snowscape|[upkeep]
|-damage|p1a: Ninetales|0 fnt|[from] psn
|faint|p1a: Ninetales
|upkeep
|-message|Rbtnk forfeited.
|
|win|glormbus' revenge
|raw|glormbus&apos; revenge's rating: 1109 &rarr; <strong>1138</strong><br />(+29 for winning)
|raw|Rbtnk's rating: 1164 &rarr; <strong>1135</strong><br />(-29 for losing)
|l|☆Rbtnk
|player|p2|
|j| Skyhops
|l| Skyhops
