|j|☆rekcuskco
|j|☆rgood1478
|t:|1760782550
|gametype|singles
|player|p1|rekcuskco|lucian|1051
|player|p2|rgood1478|ltsurge|1054
|gen|9
|tier|[Gen 9] OU
|rated|
|rule|HP Percentage Mod: HP is shown in percentages
|rule|Endless Battle Clause: Forcing endless battles is banned
|rule|Species Clause: Limit one of each Pokémon
|rule|OHKO Clause: OHKO moves are banned
|rule|Evasion Items Clause: Evasion items are banned
|rule|Evasion Moves Clause: Evasion moves are banned
|rule|Evasion Abilities Clause: Evasion abilities are banned
|rule|Sleep Moves Clause: Sleep-inducing moves are banned
|clearpoke
|poke|p1|Deoxys-Speed|
|poke|p1|Electrode-Hisui|
|poke|p1|Dragapult, F|
|poke|p1|Zamazenta-*|
|poke|p1|Weavile, M|
|poke|p1|Ribombee, F|
|poke|p2|Pecharunt|
|poke|p2|Dragapult, F|
|poke|p2|Gliscor, M|
|poke|p2|Kingambit, F|
|poke|p2|Raging Bolt|
|poke|p2|Samurott-Hisui, M|
|teampreview
|inactive|Battle timer is ON: inactive players will automatically lose when time's up. (requested by rekcuskco)
|inactive|rgood1478 also wants the timer to be on.
|
|t:|1760782562
|teamsize|p1|6
|teamsize|p2|6
|start
|switch|p1a: Ribombee|Ribombee, F|100/100
|switch|p2a: Gliscor|Gliscor, M|100/100
|turn|1
|
|t:|1760782571
|move|p1a: Ribombee|Stun Spore|p2a: Gliscor
|-status|p2a: Gliscor|par
|cant|p2a: Gliscor|par
|
|upkeep
|turn|2
|
|t:|1760782581
|move|p1a: Ribombee|Sticky Web|p2a: Gliscor
|-sidestart|p2: rgood1478|move: Sticky Web
|move|p2a: Gliscor|Toxic|p1a: Ribombee|[miss]
|-miss|p2a: Gliscor|p1a: Ribombee
|
|upkeep
|turn|3
|
|t:|1760782594
|move|p1a: Ribombee|Moonblast|p2a: Gliscor
|-damage|p2a: Gliscor|39/100 par
|move|p2a: Gliscor|Toxic|p1a: Ribombee
|-status|p1a: Ribombee|tox
|
|-damage|p1a: Ribombee|94/100 tox|[from] psn
|upkeep
|turn|4
|
|t:|1760782606
|move|p1a: Ribombee|Moonblast|p2a: Gliscor
|-damage|p2a: Gliscor|0 fnt
|faint|p2a: Gliscor
|
|-damage|p1a: Ribombee|82/100 tox|[from] psn
|upkeep
|
|t:|1760782615
|switch|p2a: Pecharunt|Pecharunt|100/100
|-activate|p2a: Pecharunt|move: Sticky Web
|-unboost|p2a: Pecharunt|spe|1
|turn|5
|
|t:|1760782626
|move|p2a: Pecharunt|Protect|p2a: Pecharunt
|-singleturn|p2a: Pecharunt|Protect
|move|p1a: Ribombee|Psychic|p2a: Pecharunt
|-activate|p2a: Pecharunt|move: Protect
|
|-damage|p1a: Ribombee|64/100 tox|[from] psn
|upkeep
|turn|6
|
|t:|1760782642
|move|p1a: Ribombee|Psychic|p2a: Pecharunt
|-supereffective|p2a: Pecharunt
|-damage|p2a: Pecharunt|41/100
|move|p2a: Pecharunt|Hex|p1a: Ribombee
|-damage|p1a: Ribombee|0 fnt
|faint|p1a: Ribombee
|
|-heal|p2a: Pecharunt|47/100|[from] item: Leftovers
|upkeep
|
|t:|1760782669
|switch|p1a: Electrode|Electrode-Hisui|100/100
|turn|7
|
|t:|1760782684
|move|p1a: Electrode|Volt Switch|p2a: Pecharunt
|-damage|p2a: Pecharunt|14/100
|
|t:|1760782696
|switch|p1a: Dragapult|Dragapult, F|100/100|[from] Volt Switch
|move|p2a: Pecharunt|Toxic|p1a: Dragapult
|-status|p1a: Dragapult|tox
|-start|p1a: Dragapult|confusion|[from] ability: Poison Puppeteer|[of] p2a: Pecharunt
|
|-heal|p2a: Pecharunt|20/100|[from] item: Leftovers
|-damage|p1a: Dragapult|95/100 tox|[from] psn
|upkeep
|turn|8
|
|t:|1760782707
|-activate|p1a: Dragapult|confusion
|-damage|p1a: Dragapult|75/100 tox|[from] confusion
|move|p2a: Pecharunt|Hex|p1a: Dragapult
|-supereffective|p1a: Dragapult
|-crit|p1a: Dragapult
|-damage|p1a: Dragapult|0 fnt
|faint|p1a: Dragapult
|
|-heal|p2a: Pecharunt|26/100|[from] item: Leftovers
|upkeep
|inactive|rekcuskco has 120 seconds left.
|
|t:|1760782733
|switch|p1a: Electrode|Electrode-Hisui|100/100
|turn|9
|
|t:|1760782757
|move|p2a: Pecharunt|Protect|p2a: Pecharunt
|-singleturn|p2a: Pecharunt|Protect
|move|p1a: Electrode|Volt Switch|p2a: Pecharunt
|-activate|p2a: Pecharunt|move: Protect
|
|-heal|p2a: Pecharunt|32/100|[from] item: Leftovers
|upkeep
|turn|10
|
|t:|1760782773
|move|p2a: Pecharunt|Protect|p2a: Pecharunt
|-singleturn|p2a: Pecharunt|Protect
|move|p1a: Electrode|Volt Switch|p2a: Pecharunt
|-activate|p2a: Pecharunt|move: Protect
|
|-heal|p2a: Pecharunt|38/100|[from] item: Leftovers
|upkeep
|turn|11
|
|t:|1760782781
|move|p1a: Electrode|Taunt|p2a: Pecharunt
|-start|p2a: Pecharunt|move: Taunt
|cant|p2a: Pecharunt|move: Taunt|Toxic
|
|-heal|p2a: Pecharunt|44/100|[from] item: Leftovers
|upkeep
|turn|12
|inactive|rgood1478 has 120 seconds left.
|
|t:|1760782817
|switch|p2a: Dragapult|Dragapult, F|100/100
|-activate|p2a: Dragapult|move: Sticky Web
|-fail|p2a: Dragapult|unboost|[from] ability: Clear Body|[of] p2a: Dragapult
|move|p1a: Electrode|Volt Switch|p2a: Dragapult
|-resisted|p2a: Dragapult
|-damage|p2a: Dragapult|89/100
|
|t:|1760782834
|switch|p1a: Zamazenta|Zamazenta|100/100|[from] Volt Switch
|-ability|p1a: Zamazenta|Dauntless Shield|boost
|-boost|p1a: Zamazenta|def|1
|
|upkeep
|turn|13
|
|t:|1760782854
|move|p1a: Zamazenta|Crunch|p2a: Dragapult
|-supereffective|p2a: Dragapult
|-damage|p2a: Dragapult|25/100
|move|p2a: Dragapult|Dragon Darts|p1a: Zamazenta
|-crit|p1a: Zamazenta
|-damage|p1a: Zamazenta|69/100
|-anim|p2a: Dragapult|Dragon Darts|p1a: Zamazenta
|-damage|p1a: Zamazenta|56/100
|
|-heal|p1a: Zamazenta|63/100|[from] item: Leftovers
|upkeep
|turn|14
|
|t:|1760782869
|move|p2a: Dragapult|Sucker Punch|p1a: Zamazenta
|-resisted|p1a: Zamazenta
|-damage|p1a: Zamazenta|56/100
|move|p1a: Zamazenta|Crunch|p2a: Dragapult
|-supereffective|p2a: Dragapult
|-damage|p2a: Dragapult|0 fnt
|faint|p2a: Dragapult
|
|-heal|p1a: Zamazenta|62/100|[from] item: Leftovers
|upkeep
|
|t:|1760782881
|switch|p2a: Pecharunt|Pecharunt|44/100
|-activate|p2a: Pecharunt|move: Sticky Web
|-unboost|p2a: Pecharunt|spe|1
|turn|15
|
|t:|1760782890
|move|p2a: Pecharunt|Protect|p2a: Pecharunt
|-singleturn|p2a: Pecharunt|Protect
|move|p1a: Zamazenta|Crunch|p2a: Pecharunt
|-activate|p2a: Pecharunt|move: Protect
|
|-heal|p1a: Zamazenta|69/100|[from] item: Leftovers
|-heal|p2a: Pecharunt|50/100|[from] item: Leftovers
|upkeep
|turn|16
|
|t:|1760782901
|-terastallize|p2a: Pecharunt|Flying
|move|p1a: Zamazenta|Crunch|p2a: Pecharunt
|-damage|p2a: Pecharunt|34/100
|move|p2a: Pecharunt|Toxic|p1a: Zamazenta
|-status|p1a: Zamazenta|tox
|-start|p1a: Zamazenta|confusion|[from] ability: Poison Puppeteer|[of] p2a: Pecharunt
|
|-heal|p1a: Zamazenta|75/100 tox|[from] item: Leftovers
|-heal|p2a: Pecharunt|40/100|[from] item: Leftovers
|-damage|p1a: Zamazenta|69/100 tox|[from] psn
|upkeep
|turn|17
|
|t:|1760782914
|move|p2a: Pecharunt|Hex|p1a: Zamazenta
|-damage|p1a: Zamazenta|30/100 tox
|-activate|p1a: Zamazenta|confusion
|move|p1a: Zamazenta|Roar|p2a: Pecharunt
|drag|p2a: Kingambit|Kingambit, F|100/100
|-activate|p2a: Kingambit|move: Sticky Web
|-unboost|p2a: Kingambit|spe|1
|-activate|p2a: Kingambit|ability: Supreme Overlord
|-start|p2a: Kingambit|fallen2|[silent]
|
|-heal|p1a: Zamazenta|37/100 tox|[from] item: Leftovers
|-damage|p1a: Zamazenta|24/100 tox|[from] psn
|upkeep
|turn|18
|
|t:|1760782929
|-end|p2a: Kingambit|fallen2|[silent]
|switch|p2a: Pecharunt|Pecharunt, tera:Flying|40/100
|-end|p1a: Zamazenta|confusion
|move|p1a: Zamazenta|Body Press|p2a: Pecharunt
|-resisted|p2a: Pecharunt
|-damage|p2a: Pecharunt|21/100
|
|-heal|p1a: Zamazenta|30/100 tox|[from] item: Leftovers
|-heal|p2a: Pecharunt|27/100|[from] item: Leftovers
|-damage|p1a: Zamazenta|12/100 tox|[from] psn
|upkeep
|turn|19
|
|t:|1760782951
|move|p2a: Pecharunt|Protect|p2a: Pecharunt
|-singleturn|p2a: Pecharunt|Protect
|move|p1a: Zamazenta|Body Press|p2a: Pecharunt
|-activate|p2a: Pecharunt|move: Protect
|
|-heal|p1a: Zamazenta|18/100 tox|[from] item: Leftovers
|-heal|p2a: Pecharunt|33/100|[from] item: Leftovers
|-damage|p1a: Zamazenta|0 fnt|[from] psn
|faint|p1a: Zamazenta
|upkeep
|
|t:|1760782957
|switch|p1a: Deoxys|Deoxys-Speed|100/100
|-ability|p1a: Deoxys|Pressure
|turn|20
|
|t:|1760782967
|move|p1a: Deoxys|Ice Beam|p2a: Pecharunt
|-supereffective|p2a: Pecharunt
|-damage|p2a: Pecharunt|0 fnt
|faint|p2a: Pecharunt
|
|upkeep
|
|t:|1760782978
|switch|p2a: Samurott|Samurott-Hisui, M|100/100
|-activate|p2a: Samurott|move: Sticky Web
|-unboost|p2a: Samurott|spe|1
|turn|21
|
|t:|1760782992
|move|p2a: Samurott|Sucker Punch|p1a: Deoxys
|-supereffective|p1a: Deoxys
|-damage|p1a: Deoxys|0 fnt
|faint|p1a: Deoxys
|
|upkeep
|
|t:|1760782995
|switch|p1a: Electrode|Electrode-Hisui|100/100
|turn|22
|
|t:|1760783005
|move|p2a: Samurott|Sucker Punch|p1a: Electrode
|-damage|p1a: Electrode|40/100
|move|p1a: Electrode|Thunderbolt|p2a: Samurott
|-supereffective|p2a: Samurott
|-damage|p2a: Samurott|51/100
|
|upkeep
|turn|23
|
|t:|1760783015
|move|p2a: Samurott|Sucker Punch|p1a: Electrode
|-damage|p1a: Electrode|0 fnt
|-damage|p2a: Samurott|27/100|[from] ability: Aftermath|[of] p1a: Electrode
|faint|p1a: Electrode
|
|upkeep
|
|t:|1760783017
|switch|p1a: Weavile|Weavile, M|100/100
|-ability|p1a: Weavile|Pressure
|turn|24
|inactive|rgood1478 has 120 seconds left.
|
|t:|1760783041
|move|p1a: Weavile|Ice Shard|p2a: Samurott
|-resisted|p2a: Samurott
|-damage|p2a: Samurott|6/100
|move|p2a: Samurott|Sacred Sword|p1a: Weavile
|-supereffective|p1a: Weavile
|-damage|p1a: Weavile|0 fnt
|faint|p1a: Weavile
|
|win|rgood1478
|raw|rekcuskco's rating: 1051 &rarr; <strong>1034</strong><br />(-17 for losing)
|raw|rgood1478's rating: 1054 &rarr; <strong>1086</strong><br />(+32 for winning)
|l|☆rekcuskco
|player|p1|
|l|☆rgood1478
|player|p2|
