|j|☆HZBKAI2
|j|☆hansie
|t:|1760763645
|gametype|singles
|player|p1|HZBKAI2|266|1118
|player|p2|hansie|hiker-gen3rs|1094
|gen|9
|tier|[Gen 9] OU
|rated|
|rule|HP Percentage Mod: HP is shown in percentages
|rule|Endless Battle Clause: Forcing endless battles is banned
|rule|Species Clause: Limit one of each Pokémon
|rule|OHKO Clause: OHKO moves are banned
|rule|Evasion Items Clause: Evasion items are banned
|rule|Evasion Moves Clause: Evasion moves are banned
|rule|Evasion Abilities Clause: Evasion abilities are banned
|rule|Sleep Moves Clause: Sleep-inducing moves are banned
|clearpoke
|poke|p1|Latias, F|
|poke|p1|Ceruledge, M|
|poke|p1|Iron Valiant|
|poke|p1|Moltres-Galar|
|poke|p1|Glimmora, F|
|poke|p1|Scizor, M|
|poke|p2|Sinistcha|
|poke|p2|Umbreon, M|
|poke|p2|Primeape, M|
|poke|p2|Thwackey, F|
|poke|p2|Incineroar, M|
|poke|p2|Tentacruel, M|
|teampreview
|
|t:|1760763658
|teamsize|p1|6
|teamsize|p2|6
|start
|switch|p1a: Glimmora|Glimmora, F|100/100
|switch|p2a: Thwackey|Thwackey, F|100/100
|-fieldstart|move: Grassy Terrain|[from] ability: Grassy Surge|[of] p2a: Thwackey
|turn|1
|
|t:|1760763666
|move|p1a: Glimmora|Meteor Beam||[still]
|-prepare|p1a: Glimmora|Meteor Beam
|-boost|p1a: Glimmora|spa|1
|-enditem|p1a: Glimmora|Power Herb
|-anim|p1a: Glimmora|Meteor Beam|p2a: Thwackey
|-damage|p2a: Thwackey|12/100
|move|p2a: Thwackey|Leech Seed|p1a: Glimmora
|-start|p1a: Glimmora|move: Leech Seed
|
|-heal|p2a: Thwackey|18/100|[from] Grassy Terrain
|-damage|p1a: Glimmora|88/100|[from] Leech Seed|[of] p2a: Thwackey
|-heal|p2a: Thwackey|29/100|[silent]
|upkeep
|turn|2
|
|t:|1760763680
|switch|p2a: Tentacruel|Tentacruel, M|100/100
|move|p1a: Glimmora|Meteor Beam||[still]
|-prepare|p1a: Glimmora|Meteor Beam
|-boost|p1a: Glimmora|spa|1
|
|-heal|p1a: Glimmora|94/100|[from] Grassy Terrain
|-damage|p1a: Glimmora|82/100|[from] Leech Seed|[of] p2a: Tentacruel
|upkeep
|turn|3
|
|t:|1760763689
|move|p1a: Glimmora|Meteor Beam|p2a: Tentacruel|[from] lockedmove
|-damage|p2a: Tentacruel|3/100
|move|p2a: Tentacruel|Haze|p2a: Tentacruel
|-clearallboost
|
|-heal|p1a: Glimmora|88/100|[from] Grassy Terrain
|-heal|p2a: Tentacruel|9/100|[from] Grassy Terrain
|-heal|p2a: Tentacruel|15/100|[from] item: Black Sludge
|-damage|p1a: Glimmora|76/100|[from] Leech Seed|[of] p2a: Tentacruel
|-heal|p2a: Tentacruel|26/100|[silent]
|upkeep
|turn|4
|
|t:|1760763700
|move|p1a: Glimmora|Earth Power|p2a: Tentacruel
|-supereffective|p2a: Tentacruel
|-damage|p2a: Tentacruel|0 fnt
|faint|p2a: Tentacruel
|
|-heal|p1a: Glimmora|82/100|[from] Grassy Terrain
|upkeep
|
|t:|1760763706
|switch|p2a: Primeape|Primeape, M|100/100
|turn|5
|
|t:|1760763709
|move|p2a: Primeape|Bulk Up|p2a: Primeape
|-boost|p2a: Primeape|atk|1
|-boost|p2a: Primeape|def|1
|move|p1a: Glimmora|Earth Power|p2a: Primeape
|-damage|p2a: Primeape|72/100
|
|-heal|p2a: Primeape|78/100|[from] Grassy Terrain
|-heal|p1a: Glimmora|88/100|[from] Grassy Terrain
|-damage|p1a: Glimmora|76/100|[from] Leech Seed|[of] p2a: Primeape
|-heal|p2a: Primeape|90/100|[silent]
|-fieldend|move: Grassy Terrain
|upkeep
|turn|6
|
|t:|1760763725
|move|p2a: Primeape|Bulk Up|p2a: Primeape
|-boost|p2a: Primeape|atk|1
|-boost|p2a: Primeape|def|1
|move|p1a: Glimmora|Earth Power|p2a: Primeape
|-damage|p2a: Primeape|59/100
|
|-damage|p1a: Glimmora|63/100|[from] Leech Seed|[of] p2a: Primeape
|-heal|p2a: Primeape|71/100|[silent]
|upkeep
|turn|7
|
|t:|1760763734
|move|p2a: Primeape|Rage Fist|p1a: Glimmora
|-damage|p1a: Glimmora|0 fnt
|-activate|p1a: Glimmora|ability: Toxic Debris
|-sidestart|p2: hansie|move: Toxic Spikes
|faint|p1a: Glimmora
|
|upkeep
|
|t:|1760763734
|switch|p1a: Moltres|Moltres-Galar|100/100
|turn|8
|
|t:|1760763747
|move|p2a: Primeape|U-turn|p1a: Moltres
|-damage|p1a: Moltres|63/100
|
|t:|1760763752
|switch|p2a: Umbreon|Umbreon, M|100/100|[from] U-turn
|-status|p2a: Umbreon|psn
|move|p1a: Moltres|Hurricane|p2a: Umbreon
|-damage|p2a: Umbreon|73/100 psn
|
|-heal|p2a: Umbreon|79/100 psn|[from] item: Leftovers
|-damage|p2a: Umbreon|67/100 psn|[from] psn
|upkeep
|turn|9
|
|t:|1760763762
|move|p1a: Moltres|Hurricane|p2a: Umbreon|[miss]
|-miss|p1a: Moltres|p2a: Umbreon
|move|p2a: Umbreon|Wish|p2a: Umbreon
|
|-heal|p2a: Umbreon|73/100 psn|[from] item: Leftovers
|-damage|p2a: Umbreon|60/100 psn|[from] psn
|upkeep
|turn|10
|
|t:|1760763772
|switch|p2a: Incineroar|Incineroar, M|100/100
|-status|p2a: Incineroar|psn
|-ability|p2a: Incineroar|Intimidate|boost
|-unboost|p1a: Moltres|atk|1
|move|p1a: Moltres|Hurricane|p2a: Incineroar
|-damage|p2a: Incineroar|38/100 psn
|
|-heal|p2a: Incineroar|97/100 psn|[from] move: Wish|[wisher] Umbreon
|-damage|p2a: Incineroar|85/100 psn|[from] psn
|upkeep
|turn|11
|
|t:|1760763785
|move|p2a: Incineroar|Parting Shot|p1a: Moltres
|-unboost|p1a: Moltres|atk|1
|-unboost|p1a: Moltres|spa|1
|
|t:|1760763791
|switch|p2a: Umbreon|Umbreon, M|60/100 psn|[from] Parting Shot
|move|p1a: Moltres|Hurricane|p2a: Umbreon
|-damage|p2a: Umbreon|41/100 psn
|
|-heal|p2a: Umbreon|47/100 psn|[from] item: Leftovers
|-damage|p2a: Umbreon|35/100 psn|[from] psn
|upkeep
|turn|12
|
|t:|1760763799
|move|p1a: Moltres|Hurricane|p2a: Umbreon
|-damage|p2a: Umbreon|16/100 psn
|move|p2a: Umbreon|Wish|p2a: Umbreon
|
|-heal|p2a: Umbreon|22/100 psn|[from] item: Leftovers
|-damage|p2a: Umbreon|10/100 psn|[from] psn
|upkeep
|turn|13
|
|t:|1760763810
|switch|p2a: Incineroar|Incineroar, M|85/100 psn
|-ability|p2a: Incineroar|Intimidate|boost
|-unboost|p1a: Moltres|atk|1
|move|p1a: Moltres|Hurricane|p2a: Incineroar|[miss]
|-miss|p1a: Moltres|p2a: Incineroar
|
|-heal|p2a: Incineroar|100/100 psn|[from] move: Wish|[wisher] Umbreon
|-damage|p2a: Incineroar|88/100 psn|[from] psn
|upkeep
|turn|14
|
|t:|1760763823
|move|p2a: Incineroar|Flare Blitz|p1a: Moltres
|-damage|p1a: Moltres|0 fnt
|faint|p1a: Moltres
|-damage|p2a: Incineroar|68/100 psn|[from] Recoil
|
|-damage|p2a: Incineroar|55/100 psn|[from] psn
|upkeep
|
|t:|1760763823
|switch|p1a: Scizor|Scizor, M|100/100
|turn|15
|
|t:|1760763831
|move|p2a: Incineroar|Flare Blitz|p1a: Scizor
|-supereffective|p1a: Scizor
|-damage|p1a: Scizor|0 fnt
|faint|p1a: Scizor
|-damage|p2a: Incineroar|24/100 psn|[from] Recoil
|
|-damage|p2a: Incineroar|12/100 psn|[from] psn
|upkeep
|
|t:|1760763831
|switch|p1a: Ceruledge|Ceruledge, M|100/100
|turn|16
|
|t:|1760763841
|switch|p2a: Thwackey|Thwackey, F|29/100
|-status|p2a: Thwackey|psn
|-fieldstart|move: Grassy Terrain|[from] ability: Grassy Surge|[of] p2a: Thwackey
|move|p1a: Ceruledge|Poltergeist|p2a: Thwackey
|-activate|p2a: Thwackey|move: Poltergeist|Eviolite
|-damage|p2a: Thwackey|0 fnt
|faint|p2a: Thwackey
|
|upkeep
|
|t:|1760763851
|switch|p2a: Sinistcha|Sinistcha|100/100
|-status|p2a: Sinistcha|psn
|turn|17
|
|t:|1760763857
|move|p1a: Ceruledge|Poltergeist|p2a: Sinistcha
|-activate|p2a: Sinistcha|move: Poltergeist|Colbur Berry
|-supereffective|p2a: Sinistcha
|-crit|p2a: Sinistcha
|-damage|p2a: Sinistcha|0 fnt
|faint|p2a: Sinistcha
|
|upkeep
|-message|hansie forfeited.
|
|win|HZBKAI2
|raw|HZBKAI2's rating: 1118 &rarr; <strong>1141</strong><br />(+23 for winning)
|raw|hansie's rating: 1094 &rarr; <strong>1072</strong><br />(-22 for losing)
|l|☆HZBKAI2
|player|p1|
|l|☆hansie
|player|p2|
