|j|☆Mr-Mongol
|j|☆kshuaib734
|t:|1760790571
|gametype|singles
|player|p1|Mr-Mongol|alec-anime|1732
|player|p2|kshuaib734|steven|1795
|gen|9
|tier|[Gen 9] OU
|rated|
|rule|HP Percentage Mod: HP is shown in percentages
|rule|Endless Battle Clause: Forcing endless battles is banned
|rule|Species Clause: Limit one of each Pokémon
|rule|OHKO Clause: OHKO moves are banned
|rule|Evasion Items Clause: Evasion items are banned
|rule|Evasion Moves Clause: Evasion moves are banned
|rule|Evasion Abilities Clause: Evasion abilities are banned
|rule|Sleep Moves Clause: Sleep-inducing moves are banned
|clearpoke
|poke|p1|Gholdengo|
|poke|p1|Ceruledge, F|
|poke|p1|Enamorus, F|
|poke|p1|Ribombee, M|
|poke|p1|Quaquaval, F|
|poke|p1|Iron Treads|
|poke|p2|Tyranitar, F|
|poke|p2|Overqwil, M|
|poke|p2|Pelipper, F|
|poke|p2|Quaquaval, M|
|poke|p2|Kingdra, M|
|poke|p2|Excadrill, M|
|teampreview
|inactive|Battle timer is ON: inactive players will automatically lose when time's up. (requested by kshuaib734)
|
|t:|1760790584
|teamsize|p1|6
|teamsize|p2|6
|start
|switch|p1a: Ribombee|Ribombee, M, shiny|100/100
|switch|p2a: Tyrant's Downpour|Pelipper, F|100/100
|-weather|RainDance|[from] ability: Drizzle|[of] p2a: Tyrant's Downpour
|turn|1
|
|t:|1760790594
|move|p1a: Ribombee|Sticky Web|p2a: Tyrant's Downpour
|-sidestart|p2: kshuaib734|move: Sticky Web
|move|p2a: Tyrant's Downpour|Hurricane|p1a: Ribombee
|-supereffective|p1a: Ribombee
|-crit|p1a: Ribombee
|-enditem|p1a: Ribombee|Focus Sash
|-damage|p1a: Ribombee|1/100
|
|-weather|RainDance|[upkeep]
|upkeep
|turn|2
|
|t:|1760790609
|move|p1a: Ribombee|Moonblast|p2a: Tyrant's Downpour
|-damage|p2a: Tyrant's Downpour|44/100
|move|p2a: Tyrant's Downpour|U-turn|p1a: Ribombee
|-resisted|p1a: Ribombee
|-damage|p1a: Ribombee|0 fnt
|faint|p1a: Ribombee
|
|t:|1760790634
|switch|p2a: King Tyrant|Tyranitar, F|100/100|[from] U-turn
|-activate|p2a: King Tyrant|move: Sticky Web
|-unboost|p2a: King Tyrant|spe|1
|-weather|Sandstorm|[from] ability: Sand Stream|[of] p2a: King Tyrant
|
|-weather|Sandstorm|[upkeep]
|upkeep
|
|t:|1760790636
|switch|p1a: Quaquaval|Quaquaval, F|100/100
|turn|3
|
|t:|1760790646
|-terastallize|p2a: King Tyrant|Electric
|move|p1a: Quaquaval|Aqua Step|p2a: King Tyrant
|-damage|p2a: King Tyrant|71/100
|-boost|p1a: Quaquaval|spe|1
|move|p2a: King Tyrant|Thunderbolt|p1a: Quaquaval
|-supereffective|p1a: Quaquaval
|-damage|p1a: Quaquaval|39/100
|-status|p1a: Quaquaval|par
|
|-weather|Sandstorm|[upkeep]
|-damage|p1a: Quaquaval|33/100 par|[from] Sandstorm
|-damage|p2a: King Tyrant|65/100|[from] Sandstorm
|upkeep
|turn|4
|
|t:|1760790658
|move|p1a: Quaquaval|Aqua Step|p2a: King Tyrant
|-damage|p2a: King Tyrant|35/100
|-boost|p1a: Quaquaval|spe|1
|move|p2a: King Tyrant|Ancient Power|p1a: Quaquaval
|-resisted|p1a: Quaquaval
|-damage|p1a: Quaquaval|21/100 par
|
|-weather|Sandstorm|[upkeep]
|-damage|p1a: Quaquaval|15/100 par|[from] Sandstorm
|-damage|p2a: King Tyrant|29/100|[from] Sandstorm
|upkeep
|turn|5
|
|t:|1760790668
|switch|p2a: Tyrant's Downpour|Pelipper, F|44/100
|-weather|RainDance|[from] ability: Drizzle|[of] p2a: Tyrant's Downpour
|cant|p1a: Quaquaval|par
|
|-weather|RainDance|[upkeep]
|upkeep
|turn|6
|
|t:|1760790677
|move|p1a: Quaquaval|Aqua Step|p2a: Tyrant's Downpour
|-resisted|p2a: Tyrant's Downpour
|-damage|p2a: Tyrant's Downpour|20/100
|-boost|p1a: Quaquaval|spe|1
|move|p2a: Tyrant's Downpour|Weather Ball|p1a: Quaquaval
|-resisted|p1a: Quaquaval
|-damage|p1a: Quaquaval|0 fnt
|faint|p1a: Quaquaval
|
|-weather|RainDance|[upkeep]
|upkeep
|
|t:|1760790685
|switch|p1a: Enamorus|Enamorus, F|100/100
|turn|7
|
|t:|1760790714
|switch|p2a: King Tyrant|Tyranitar, F, tera:Electric|29/100
|-activate|p2a: King Tyrant|move: Sticky Web
|-unboost|p2a: King Tyrant|spe|1
|-weather|Sandstorm|[from] ability: Sand Stream|[of] p2a: King Tyrant
|move|p1a: Enamorus|Superpower|p2a: King Tyrant
|-damage|p2a: King Tyrant|9/100
|-boost|p1a: Enamorus|atk|1
|-boost|p1a: Enamorus|def|1
|
|-weather|Sandstorm|[upkeep]
|-damage|p1a: Enamorus|94/100|[from] Sandstorm
|-damage|p2a: King Tyrant|3/100|[from] Sandstorm
|upkeep
|turn|8
|
|t:|1760790727
|switch|p2a: Tyrant's Enforcer|Overqwil, M|100/100
|-activate|p2a: Tyrant's Enforcer|move: Sticky Web
|-unboost|p2a: Tyrant's Enforcer|spe|1
|move|p1a: Enamorus|Superpower|p2a: Tyrant's Enforcer
|-damage|p2a: Tyrant's Enforcer|57/100
|-boost|p1a: Enamorus|atk|1
|-boost|p1a: Enamorus|def|1
|-damage|p1a: Enamorus|78/100|[from] item: Rocky Helmet|[of] p2a: Tyrant's Enforcer
|
|-weather|Sandstorm|[upkeep]
|-damage|p1a: Enamorus|71/100|[from] Sandstorm
|-damage|p2a: Tyrant's Enforcer|50/100|[from] Sandstorm
|upkeep
|turn|9
|inactive|kshuaib734 has 120 seconds left.
|j| Disscratch
|
|t:|1760790746
|move|p1a: Enamorus|Earth Power|p2a: Tyrant's Enforcer
|-supereffective|p2a: Tyrant's Enforcer
|-damage|p2a: Tyrant's Enforcer|0 fnt
|faint|p2a: Tyrant's Enforcer
|
|-weather|Sandstorm|[upkeep]
|-damage|p1a: Enamorus|65/100|[from] Sandstorm
|upkeep
|inactive|kshuaib734 has 120 seconds left.
|
|t:|1760790760
|switch|p2a: Tyrant's Downpour|Pelipper, F|20/100
|-weather|RainDance|[from] ability: Drizzle|[of] p2a: Tyrant's Downpour
|turn|10
|
|t:|1760790764
|move|p1a: Enamorus|Superpower|p2a: Tyrant's Downpour
|-resisted|p2a: Tyrant's Downpour
|-damage|p2a: Tyrant's Downpour|0 fnt
|-boost|p1a: Enamorus|atk|1
|-boost|p1a: Enamorus|def|1
|faint|p2a: Tyrant's Downpour
|
|-weather|RainDance|[upkeep]
|upkeep
|
|t:|1760790771
|switch|p2a: Tyrant's Vengeance|Kingdra, M|100/100
|-activate|p2a: Tyrant's Vengeance|move: Sticky Web
|-unboost|p2a: Tyrant's Vengeance|spe|1
|turn|11
|
|t:|1760790785
|switch|p1a: Iron Treads|Iron Treads|100/100
|-enditem|p1a: Iron Treads|Booster Energy
|-activate|p1a: Iron Treads|ability: Quark Drive|[fromitem]
|-start|p1a: Iron Treads|quarkdriveatk
|move|p2a: Tyrant's Vengeance|Weather Ball|p1a: Iron Treads
|-supereffective|p1a: Iron Treads
|-damage|p1a: Iron Treads|0 fnt
|faint|p1a: Iron Treads
|-end|p1a: Iron Treads|Quark Drive|[silent]
|
|-weather|RainDance|[upkeep]
|upkeep
|
|t:|1760790789
|switch|p1a: Ceruledge|Ceruledge, F|100/100
|turn|12
|
|t:|1760790797
|move|p2a: Tyrant's Vengeance|Weather Ball|p1a: Ceruledge
|-supereffective|p1a: Ceruledge
|-enditem|p1a: Ceruledge|Focus Sash
|-damage|p1a: Ceruledge|1/100
|move|p1a: Ceruledge|Poltergeist|p2a: Tyrant's Vengeance
|-activate|p2a: Tyrant's Vengeance|move: Poltergeist|Choice Specs
|-damage|p2a: Tyrant's Vengeance|28/100
|
|-weather|RainDance|[upkeep]
|upkeep
|turn|13
|
|t:|1760790806
|switch|p2a: King Tyrant|Tyranitar, F, tera:Electric|3/100
|-activate|p2a: King Tyrant|move: Sticky Web
|-unboost|p2a: King Tyrant|spe|1
|-weather|Sandstorm|[from] ability: Sand Stream|[of] p2a: King Tyrant
|move|p1a: Ceruledge|Shadow Sneak|p2a: King Tyrant
|-damage|p2a: King Tyrant|0 fnt
|faint|p2a: King Tyrant
|
|-weather|Sandstorm|[upkeep]
|-damage|p1a: Ceruledge|0 fnt|[from] Sandstorm
|faint|p1a: Ceruledge
|upkeep
|
|t:|1760790821
|switch|p1a: Gholdengo|Gholdengo|100/100
|switch|p2a: Tyrant's Legacy|Excadrill, M|100/100
|-activate|p2a: Tyrant's Legacy|move: Sticky Web
|-unboost|p2a: Tyrant's Legacy|spe|1
|-item|p1a: Gholdengo|Air Balloon
|turn|14
|
|t:|1760790837
|move|p2a: Tyrant's Legacy|Iron Head|p1a: Gholdengo
|-resisted|p1a: Gholdengo
|-damage|p1a: Gholdengo|65/100
|-enditem|p1a: Gholdengo|Air Balloon
|-damage|p2a: Tyrant's Legacy|91/100|[from] item: Life Orb
|move|p1a: Gholdengo|Shadow Ball|p2a: Tyrant's Legacy
|-damage|p2a: Tyrant's Legacy|23/100
|
|-weather|Sandstorm|[upkeep]
|upkeep
|turn|15
|
|t:|1760790854
|-terastallize|p1a: Gholdengo|Fairy
|move|p2a: Tyrant's Legacy|Iron Head|p1a: Gholdengo
|-supereffective|p1a: Gholdengo
|-crit|p1a: Gholdengo
|-damage|p1a: Gholdengo|0 fnt
|faint|p1a: Gholdengo
|-damage|p2a: Tyrant's Legacy|13/100|[from] item: Life Orb
|
|-weather|Sandstorm|[upkeep]
|upkeep
|
|t:|1760790856
|switch|p1a: Enamorus|Enamorus, F|65/100
|turn|16
|
|t:|1760790864
|move|p2a: Tyrant's Legacy|Iron Head|p1a: Enamorus
|-supereffective|p1a: Enamorus
|-damage|p1a: Enamorus|0 fnt
|faint|p1a: Enamorus
|-damage|p2a: Tyrant's Legacy|4/100|[from] item: Life Orb
|
|win|kshuaib734
|raw|Mr-Mongol's rating: 1732 &rarr; <strong>1716</strong><br />(-16 for losing)
|raw|kshuaib734's rating: 1795 &rarr; <strong>1811</strong><br />(+16 for winning)
|l|☆Mr-Mongol
|player|p1|
|l|☆kshuaib734
|player|p2|
|l| Disscratch
