|j|☆galar8
|j|☆undertalethemovie
|t:|1760856128
|gametype|singles
|player|p1|galar8|caitlin-masters|1109
|player|p2|undertalethemovie|n|1158
|gen|9
|tier|[Gen 9] OU
|rated|
|rule|HP Percentage Mod: HP is shown in percentages
|rule|Endless Battle Clause: Forcing endless battles is banned
|rule|Species Clause: Limit one of each Pokémon
|rule|OHKO Clause: OHKO moves are banned
|rule|Evasion Items Clause: Evasion items are banned
|rule|Evasion Moves Clause: Evasion moves are banned
|rule|Evasion Abilities Clause: Evasion abilities are banned
|rule|Sleep Moves Clause: Sleep-inducing moves are banned
|clearpoke
|poke|p1|Garganacl, F|
|poke|p1|Toxapex, F|
|poke|p1|Jumpluff, M|
|poke|p1|Corviknight, M|
|poke|p1|Lycanroc, M|
|poke|p1|Gliscor, F|
|poke|p2|Clodsire, F|
|poke|p2|Ogerpon-Wellspring, F|
|poke|p2|Zoroark-Hisui, F|
|poke|p2|Zamazenta-*|
|poke|p2|Cinderace, F|
|poke|p2|Deoxys-Speed|
|teampreview
|inactive|Battle timer is ON: inactive players will automatically lose when time's up. (requested by galar8)
|
|t:|1760856134
|teamsize|p1|6
|teamsize|p2|6
|start
|switch|p1a: Lycanroc|Lycanroc, M|100/100
|switch|p2a: The Writer|Ogerpon-Wellspring, F|100/100
|turn|1
|l|☆galar8
|inactive|galar8 disconnected and has a minute to reconnect!
|player|p1|
|j|☆galar8
|inactive|galar8 reconnected and has 145 seconds left.
|player|p1|galar8|caitlin-masters|
|
|t:|1760856148
|-terastallize|p2a: The Writer|Water
|detailschange|p2a: The Writer|Ogerpon-Wellspring-Tera, F, tera:Water
|-ability|p2a: The Writer|Embody Aspect (Wellspring)|boost
|-boost|p2a: The Writer|spd|1
|move|p1a: Lycanroc|Stealth Rock|p2a: The Writer
|-sidestart|p2: undertalethemovie|move: Stealth Rock
|move|p2a: The Writer|Ivy Cudgel|p1a: Lycanroc|[anim] Ivy Cudgel Water
|-supereffective|p1a: Lycanroc
|-enditem|p1a: Lycanroc|Focus Sash
|-damage|p1a: Lycanroc|1/100
|
|upkeep
|turn|2
|
|t:|1760856155
|switch|p2a: Mumbo|Clodsire, F|100/100
|-damage|p2a: Mumbo|88/100|[from] Stealth Rock
|-item|p2a: Mumbo|Air Balloon
|move|p1a: Lycanroc|Endeavor|p2a: Mumbo
|-immune|p2a: Mumbo
|
|upkeep
|turn|3
|
|t:|1760856169
|move|p1a: Lycanroc|Taunt|p2a: Mumbo
|-start|p2a: Mumbo|move: Taunt
|cant|p2a: Mumbo|move: Taunt|Will-O-Wisp
|
|upkeep
|turn|4
|
|t:|1760856174
|move|p1a: Lycanroc|Accelerock|p2a: Mumbo
|-damage|p2a: Mumbo|55/100
|replace|p2a: Count St. Germain|Zoroark-Hisui, F, shiny
|-end|p2a: Count St. Germain|Illusion
|-enditem|p2a: Count St. Germain|Air Balloon
|move|p2a: Count St. Germain|Shadow Sneak|p1a: Lycanroc
|-damage|p1a: Lycanroc|0 fnt
|faint|p1a: Lycanroc
|
|upkeep
|
|t:|1760856190
|switch|p1a: Gliscor|Gliscor, F|100/100
|turn|5
|
|t:|1760856194
|switch|p2a: Mumbo|Clodsire, F|100/100
|-damage|p2a: Mumbo|94/100|[from] Stealth Rock
|-item|p2a: Mumbo|Air Balloon
|move|p1a: Gliscor|Protect||[still]
|-fail|p1a: Gliscor
|
|-status|p1a: Gliscor|tox|[from] item: Toxic Orb
|upkeep
|turn|6
|
|t:|1760856199
|switch|p2a: Ingerland|Cinderace, F|100/100
|move|p1a: Gliscor|Knock Off|p2a: Ingerland
|-damage|p2a: Ingerland|68/100
|-enditem|p2a: Ingerland|Heavy-Duty Boots|[from] move: Knock Off|[of] p1a: Gliscor
|
|upkeep
|turn|7
|
|t:|1760856204
|move|p2a: Ingerland|Court Change|p2a: Ingerland
|-start|p2a: Ingerland|typechange|Normal|[from] ability: Libero
|-swapsideconditions
|-activate|p2a: Ingerland|move: Court Change
|move|p1a: Gliscor|Earthquake|p2a: Ingerland
|-damage|p2a: Ingerland|24/100
|
|upkeep
|turn|8
|
|t:|1760856215
|move|p2a: Ingerland|Pyro Ball|p1a: Gliscor
|-damage|p1a: Gliscor|75/100 tox
|move|p1a: Gliscor|Knock Off|p2a: Ingerland
|-damage|p2a: Ingerland|2/100
|
|-heal|p1a: Gliscor|87/100 tox|[from] ability: Poison Heal
|upkeep
|turn|9
|
|t:|1760856218
|move|p2a: Ingerland|Pyro Ball|p1a: Gliscor
|-damage|p1a: Gliscor|62/100 tox
|move|p1a: Gliscor|Knock Off|p2a: Ingerland
|-damage|p2a: Ingerland|0 fnt
|faint|p2a: Ingerland
|
|-heal|p1a: Gliscor|74/100 tox|[from] ability: Poison Heal
|upkeep
|
|t:|1760856221
|switch|p2a: The Writer|Ogerpon-Wellspring-Tera, F, tera:Water|100/100
|-ability|p2a: The Writer|Embody Aspect (Wellspring)|boost
|-boost|p2a: The Writer|spd|1
|turn|10
|
|t:|1760856226
|move|p1a: Gliscor|Protect|p1a: Gliscor
|-singleturn|p1a: Gliscor|Protect
|move|p2a: The Writer|Ivy Cudgel|p1a: Gliscor|[anim] Ivy Cudgel Water
|-activate|p1a: Gliscor|move: Protect
|
|-heal|p1a: Gliscor|87/100 tox|[from] ability: Poison Heal
|upkeep
|turn|11
|
|t:|1760856230
|-terastallize|p1a: Gliscor|Steel
|move|p2a: The Writer|Ivy Cudgel|p1a: Gliscor|[anim] Ivy Cudgel Water
|-damage|p1a: Gliscor|37/100 tox
|move|p1a: Gliscor|Toxic|p2a: The Writer
|-status|p2a: The Writer|tox
|
|-damage|p2a: The Writer|95/100 tox|[from] psn
|-heal|p1a: Gliscor|49/100 tox|[from] ability: Poison Heal
|upkeep
|turn|12
|
|t:|1760856235
|move|p1a: Gliscor|Protect|p1a: Gliscor
|-singleturn|p1a: Gliscor|Protect
|move|p2a: The Writer|Encore|p1a: Gliscor
|-activate|p1a: Gliscor|move: Protect
|
|-damage|p2a: The Writer|83/100 tox|[from] psn
|-heal|p1a: Gliscor|62/100 tox|[from] ability: Poison Heal
|upkeep
|turn|13
|
|t:|1760856253
|switch|p1a: Jumpluff|Jumpluff, M|100/100
|-damage|p1a: Jumpluff|76/100|[from] Stealth Rock
|move|p2a: The Writer|U-turn|p1a: Jumpluff
|-damage|p1a: Jumpluff|38/100
|
|t:|1760856258
|switch|p2a: Minami Torishima|Deoxys-Speed|100/100|[from] U-turn
|-ability|p2a: Minami Torishima|Pressure
|
|upkeep
|turn|14
|
|t:|1760856264
|switch|p1a: Gliscor|Gliscor, F, tera:Steel|62/100 tox
|-damage|p1a: Gliscor|56/100 tox|[from] Stealth Rock
|move|p2a: Minami Torishima|Ice Beam|p1a: Gliscor
|-resisted|p1a: Gliscor
|-damage|p1a: Gliscor|36/100 tox
|
|-heal|p1a: Gliscor|48/100 tox|[from] ability: Poison Heal
|upkeep
|turn|15
|
|t:|1760856278
|switch|p2a: The Writer|Ogerpon-Wellspring-Tera, F, tera:Water|83/100 tox
|-ability|p2a: The Writer|Embody Aspect (Wellspring)|boost
|-boost|p2a: The Writer|spd|1
|move|p1a: Gliscor|Toxic|p2a: The Writer
|-fail|p2a: The Writer|tox
|
|-damage|p2a: The Writer|77/100 tox|[from] psn
|-heal|p1a: Gliscor|61/100 tox|[from] ability: Poison Heal
|upkeep
|turn|16
|
|t:|1760856284
|switch|p1a: Toxapex|Toxapex, F, shiny|100/100
|-damage|p1a: Toxapex|88/100|[from] Stealth Rock
|move|p2a: The Writer|Ivy Cudgel|p1a: Toxapex|[anim] Ivy Cudgel Water
|-resisted|p1a: Toxapex
|-damage|p1a: Toxapex|63/100
|
|-heal|p1a: Toxapex|70/100|[from] item: Leftovers
|-damage|p2a: The Writer|65/100 tox|[from] psn
|upkeep
|turn|17
|
|t:|1760856289
|move|p2a: The Writer|Horn Leech|p1a: Toxapex
|-damage|p1a: Toxapex|45/100
|-heal|p2a: The Writer|77/100 tox|[from] drain|[of] p1a: Toxapex
|move|p1a: Toxapex|Toxic Spikes|p2a: The Writer
|-sidestart|p2: undertalethemovie|move: Toxic Spikes
|
|-heal|p1a: Toxapex|51/100|[from] item: Leftovers
|-damage|p2a: The Writer|59/100 tox|[from] psn
|upkeep
|turn|18
|
|t:|1760856294
|move|p1a: Toxapex|Baneful Bunker|p1a: Toxapex
|-singleturn|p1a: Toxapex|move: Protect
|move|p2a: The Writer|Horn Leech|p1a: Toxapex
|-activate|p1a: Toxapex|move: Protect
|
|-heal|p1a: Toxapex|57/100|[from] item: Leftovers
|-damage|p2a: The Writer|35/100 tox|[from] psn
|upkeep
|turn|19
|
|t:|1760856299
|move|p2a: The Writer|U-turn|p1a: Toxapex
|-resisted|p1a: Toxapex
|-damage|p1a: Toxapex|50/100
|
|t:|1760856303
|switch|p2a: Mumbo|Clodsire, F|94/100|[from] U-turn
|-item|p2a: Mumbo|Air Balloon
|move|p1a: Toxapex|Toxic Spikes|p2a: Mumbo
|-sidestart|p2: undertalethemovie|move: Toxic Spikes
|
|-heal|p1a: Toxapex|56/100|[from] item: Leftovers
|upkeep
|turn|20
|
|t:|1760856324
|switch|p1a: Corviknight|Corviknight, M|100/100
|-damage|p1a: Corviknight|88/100|[from] Stealth Rock
|-ability|p1a: Corviknight|Pressure
|switch|p2a: The Writer|Ogerpon-Wellspring-Tera, F, tera:Water|35/100 tox
|-ability|p2a: The Writer|Embody Aspect (Wellspring)|boost
|-boost|p2a: The Writer|spd|1
|
|-heal|p1a: Corviknight|94/100|[from] item: Leftovers
|-damage|p2a: The Writer|29/100 tox|[from] psn
|upkeep
|turn|21
|
|t:|1760856330
|move|p2a: The Writer|Ivy Cudgel|p1a: Corviknight|[anim] Ivy Cudgel Water
|-damage|p1a: Corviknight|30/100
|move|p1a: Corviknight|Defog|p2a: The Writer
|-unboost|p2a: The Writer|evasion|1
|-sideend|p2: undertalethemovie|Toxic Spikes|[from] move: Defog|[of] p1a: Corviknight
|-sideend|p1: galar8|Stealth Rock|[from] move: Defog|[of] p1a: Corviknight
|
|-heal|p1a: Corviknight|36/100|[from] item: Leftovers
|-damage|p2a: The Writer|17/100 tox|[from] psn
|upkeep
|turn|22
|
|t:|1760856335
|switch|p1a: Toxapex|Toxapex, F, shiny|89/100
|move|p2a: The Writer|Ivy Cudgel|p1a: Toxapex|[anim] Ivy Cudgel Water
|-resisted|p1a: Toxapex
|-damage|p1a: Toxapex|67/100
|
|-heal|p1a: Toxapex|73/100|[from] item: Leftovers
|-damage|p2a: The Writer|0 fnt|[from] psn
|faint|p2a: The Writer
|detailschange|p2: The Writer|Ogerpon-Wellspring, F|[silent]
|upkeep
|
|t:|1760856338
|switch|p2a: Minami Torishima|Deoxys-Speed|100/100
|-ability|p2a: Minami Torishima|Pressure
|turn|23
|
|t:|1760856353
|move|p1a: Toxapex|Baneful Bunker|p1a: Toxapex
|-singleturn|p1a: Toxapex|move: Protect
|move|p2a: Minami Torishima|Dark Pulse|p1a: Toxapex
|-activate|p1a: Toxapex|move: Protect
|
|-heal|p1a: Toxapex|79/100|[from] item: Leftovers
|upkeep
|turn|24
|
|t:|1760856359
|move|p2a: Minami Torishima|Dark Pulse|p1a: Toxapex
|-damage|p1a: Toxapex|53/100
|move|p1a: Toxapex|Toxic Spikes|p2a: Minami Torishima
|-sidestart|p2: undertalethemovie|move: Toxic Spikes
|
|-heal|p1a: Toxapex|59/100|[from] item: Leftovers
|upkeep
|turn|25
|
|t:|1760856368
|move|p2a: Minami Torishima|Dark Pulse|p1a: Toxapex
|-damage|p1a: Toxapex|30/100
|move|p1a: Toxapex|Toxic Spikes|p2a: Minami Torishima
|-sidestart|p2: undertalethemovie|move: Toxic Spikes
|
|-heal|p1a: Toxapex|37/100|[from] item: Leftovers
|upkeep
|turn|26
|
|t:|1760856374
|switch|p2a: Mumbo|Clodsire, F|94/100
|-item|p2a: Mumbo|Air Balloon
|move|p1a: Toxapex|Recover|p1a: Toxapex
|-heal|p1a: Toxapex|87/100
|
|-heal|p1a: Toxapex|93/100|[from] item: Leftovers
|upkeep
|turn|27
|
|t:|1760856396
|switch|p1a: Garganacl|Garganacl, F|100/100
|move|p2a: Mumbo|Toxic Spikes|p1a: Garganacl
|-sidestart|p1: galar8|move: Toxic Spikes
|
|upkeep
|turn|28
|
|t:|1760856401
|move|p1a: Garganacl|Salt Cure|p2a: Mumbo
|-resisted|p2a: Mumbo
|-damage|p2a: Mumbo|87/100
|-start|p2a: Mumbo|Salt Cure
|-enditem|p2a: Mumbo|Air Balloon
|move|p2a: Mumbo|Toxic Spikes|p1a: Garganacl
|-sidestart|p1: galar8|move: Toxic Spikes
|
|-damage|p2a: Mumbo|74/100|[from] Salt Cure
|upkeep
|turn|29
|
|t:|1760856416
|move|p1a: Garganacl|Body Press|p2a: Mumbo
|-resisted|p2a: Mumbo
|-damage|p2a: Mumbo|58/100
|move|p2a: Mumbo|Recover|p2a: Mumbo
|-heal|p2a: Mumbo|100/100
|
|-damage|p2a: Mumbo|88/100|[from] Salt Cure
|upkeep
|turn|30
|
|t:|1760856425
|switch|p2a: Mumbo|Clodsire, F|55/100
|-status|p2a: Mumbo|tox
|move|p1a: Garganacl|Body Press|p2a: Mumbo
|-immune|p2a: Mumbo
|
|-damage|p2a: Mumbo|49/100 tox|[from] psn
|upkeep
|turn|31
|
|t:|1760856428
|switch|p2a: Mumbo|Clodsire, F|88/100
|-sideend|p2: undertalethemovie|move: Toxic Spikes|[of] p2a: Mumbo
|move|p1a: Garganacl|Salt Cure|p2a: Mumbo
|-resisted|p2a: Mumbo
|-damage|p2a: Mumbo|80/100
|-start|p2a: Mumbo|Salt Cure
|
|-damage|p2a: Mumbo|68/100|[from] Salt Cure
|upkeep
|turn|32
|
|t:|1760856431
|move|p1a: Garganacl|Body Press|p2a: Mumbo
|-resisted|p2a: Mumbo
|-damage|p2a: Mumbo|51/100
|move|p2a: Mumbo|Earthquake|p1a: Garganacl
|-supereffective|p1a: Garganacl
|-damage|p1a: Garganacl|72/100
|
|-damage|p2a: Mumbo|39/100|[from] Salt Cure
|upkeep
|turn|33
|
|t:|1760856438
|move|p1a: Garganacl|Body Press|p2a: Mumbo
|-resisted|p2a: Mumbo
|-damage|p2a: Mumbo|21/100
|move|p2a: Mumbo|Recover|p2a: Mumbo
|-heal|p2a: Mumbo|71/100
|
|-damage|p2a: Mumbo|59/100|[from] Salt Cure
|upkeep
|turn|34
|
|t:|1760856443
|move|p1a: Garganacl|Body Press|p2a: Mumbo
|-resisted|p2a: Mumbo
|-damage|p2a: Mumbo|43/100
|move|p2a: Mumbo|Recover|p2a: Mumbo
|-heal|p2a: Mumbo|93/100
|
|-damage|p2a: Mumbo|80/100|[from] Salt Cure
|upkeep
|turn|35
|
|t:|1760856450
|move|p1a: Garganacl|Body Press|p2a: Mumbo
|-resisted|p2a: Mumbo
|-damage|p2a: Mumbo|63/100
|move|p2a: Mumbo|Earthquake|p1a: Garganacl
|-supereffective|p1a: Garganacl
|-damage|p1a: Garganacl|44/100
|
|-damage|p2a: Mumbo|51/100|[from] Salt Cure
|upkeep
|turn|36
|
|t:|1760856455
|move|p1a: Garganacl|Recover|p1a: Garganacl
|-heal|p1a: Garganacl|94/100
|move|p2a: Mumbo|Recover|p2a: Mumbo
|-heal|p2a: Mumbo|100/100
|
|-damage|p2a: Mumbo|88/100|[from] Salt Cure
|upkeep
|turn|37
|
|t:|1760856461
|move|p1a: Garganacl|Body Press|p2a: Mumbo
|-resisted|p2a: Mumbo
|-damage|p2a: Mumbo|72/100
|move|p2a: Mumbo|Earthquake|p1a: Garganacl
|-supereffective|p1a: Garganacl
|-damage|p1a: Garganacl|64/100
|
|-damage|p2a: Mumbo|60/100|[from] Salt Cure
|upkeep
|turn|38
|
|t:|1760856477
|switch|p1a: Jumpluff|Jumpluff, M|38/100
|move|p2a: Mumbo|Recover|p2a: Mumbo
|-heal|p2a: Mumbo|100/100
|
|-damage|p2a: Mumbo|88/100|[from] Salt Cure
|upkeep
|turn|39
|
|t:|1760856481
|move|p1a: Jumpluff|Encore|p2a: Mumbo
|-start|p2a: Mumbo|Encore
|move|p2a: Mumbo|Recover|p2a: Mumbo
|-heal|p2a: Mumbo|100/100
|
|-damage|p2a: Mumbo|88/100|[from] Salt Cure
|upkeep
|turn|40
|
|t:|1760856485
|switch|p2a: Minami Torishima|Deoxys-Speed|100/100
|-ability|p2a: Minami Torishima|Pressure
|move|p1a: Jumpluff|Substitute|p1a: Jumpluff
|-start|p1a: Jumpluff|Substitute
|-damage|p1a: Jumpluff|13/100
|
|upkeep
|turn|41
|
|t:|1760856488
|move|p2a: Minami Torishima|Ice Beam|p1a: Jumpluff
|-supereffective|p1a: Jumpluff
|-end|p1a: Jumpluff|Substitute
|move|p1a: Jumpluff|Leech Seed|p2a: Minami Torishima
|-start|p2a: Minami Torishima|move: Leech Seed
|
|-damage|p2a: Minami Torishima|88/100|[from] Leech Seed|[of] p1a: Jumpluff
|-heal|p1a: Jumpluff|21/100|[silent]
|upkeep
|turn|42
|
|t:|1760856494
|switch|p2a: Pokemon Shield|Zamazenta|100/100
|-ability|p2a: Pokemon Shield|Dauntless Shield|boost
|-boost|p2a: Pokemon Shield|def|1
|switch|p1a: Toxapex|Toxapex, F, shiny|100/100
|-sideend|p1: galar8|move: Toxic Spikes|[of] p1a: Toxapex
|
|upkeep
|turn|43
|
|t:|1760856507
|move|p2a: Pokemon Shield|Wild Charge|p1a: Toxapex
|-supereffective|p1a: Toxapex
|-damage|p1a: Toxapex|62/100
|-damage|p2a: Pokemon Shield|91/100|[from] Recoil
|move|p1a: Toxapex|Haze|p1a: Toxapex
|-clearallboost
|
|-heal|p1a: Toxapex|68/100|[from] item: Leftovers
|upkeep
|turn|44
|
|t:|1760856525
|switch|p1a: Garganacl|Garganacl, F|64/100
|move|p2a: Pokemon Shield|Iron Head|p1a: Garganacl
|-supereffective|p1a: Garganacl
|-damage|p1a: Garganacl|34/100
|
|upkeep
|turn|45
|
|t:|1760856528
|move|p1a: Garganacl|Protect|p1a: Garganacl
|-singleturn|p1a: Garganacl|Protect
|move|p2a: Pokemon Shield|Iron Head|p1a: Garganacl
|-activate|p1a: Garganacl|move: Protect
|
|upkeep
|turn|46
|
|t:|1760856544
|switch|p1a: Toxapex|Toxapex, F, shiny|100/100
|move|p2a: Pokemon Shield|Iron Head|p1a: Toxapex
|-resisted|p1a: Toxapex
|-damage|p1a: Toxapex|92/100
|
|-heal|p1a: Toxapex|99/100|[from] item: Leftovers
|upkeep
|turn|47
|
|t:|1760856550
|switch|p2a: Minami Torishima|Deoxys-Speed|88/100
|-ability|p2a: Minami Torishima|Pressure
|move|p1a: Toxapex|Toxic Spikes|p2a: Minami Torishima
|-sidestart|p2: undertalethemovie|move: Toxic Spikes
|
|-heal|p1a: Toxapex|100/100|[from] item: Leftovers
|upkeep
|turn|48
|
|t:|1760856559
|switch|p1a: Gliscor|Gliscor, F, tera:Steel|61/100 tox
|move|p2a: Minami Torishima|Psycho Boost|p1a: Gliscor
|-resisted|p1a: Gliscor
|-damage|p1a: Gliscor|11/100 tox
|-unboost|p2a: Minami Torishima|spa|2
|
|-heal|p1a: Gliscor|23/100 tox|[from] ability: Poison Heal
|upkeep
|turn|49
|
|t:|1760856563
|switch|p2a: Minami Torishima|Deoxys-Speed|49/100 tox
|move|p1a: Gliscor|Protect||[still]
|-fail|p1a: Gliscor
|
|-damage|p2a: Minami Torishima|43/100 tox|[from] psn
|-heal|p1a: Gliscor|36/100 tox|[from] ability: Poison Heal
|upkeep
|turn|50
|
|t:|1760856569
|move|p1a: Gliscor|Protect|p1a: Gliscor
|-singleturn|p1a: Gliscor|Protect
|move|p2a: Minami Torishima|Hex|p1a: Gliscor
|-activate|p1a: Gliscor|move: Protect
|
|-damage|p2a: Minami Torishima|31/100 tox|[from] psn
|-heal|p1a: Gliscor|48/100 tox|[from] ability: Poison Heal
|upkeep
|turn|51
|
|t:|1760856582
|switch|p2a: Mumbo|Clodsire, F|88/100
|-sideend|p2: undertalethemovie|move: Toxic Spikes|[of] p2a: Mumbo
|switch|p1a: Toxapex|Toxapex, F, shiny|100/100
|
|upkeep
|turn|52
|
|t:|1760856593
|switch|p2a: Minami Torishima|Deoxys-Speed|88/100
|-ability|p2a: Minami Torishima|Pressure
|move|p1a: Toxapex|Toxic Spikes|p2a: Minami Torishima
|-sidestart|p2: undertalethemovie|move: Toxic Spikes
|
|upkeep
|turn|53
|
|t:|1760856597
|move|p1a: Toxapex|Baneful Bunker|p1a: Toxapex
|-singleturn|p1a: Toxapex|move: Protect
|move|p2a: Minami Torishima|Psycho Boost|p1a: Toxapex
|-activate|p1a: Toxapex|move: Protect
|
|upkeep
|turn|54
|
|t:|1760856614
|switch|p1a: Gliscor|Gliscor, F, tera:Steel|48/100 tox
|move|p2a: Minami Torishima|Psycho Boost|p1a: Gliscor|[miss]
|-miss|p2a: Minami Torishima|p1a: Gliscor
|
|-heal|p1a: Gliscor|61/100 tox|[from] ability: Poison Heal
|upkeep
|turn|55
|
|t:|1760856621
|move|p2a: Minami Torishima|Psycho Boost|p1a: Gliscor
|-resisted|p1a: Gliscor
|-damage|p1a: Gliscor|9/100 tox
|-unboost|p2a: Minami Torishima|spa|2
|move|p1a: Gliscor|Knock Off|p2a: Minami Torishima
|-supereffective|p2a: Minami Torishima
|-damage|p2a: Minami Torishima|23/100
|-enditem|p2a: Minami Torishima|Choice Specs|[from] move: Knock Off|[of] p1a: Gliscor
|
|-heal|p1a: Gliscor|21/100 tox|[from] ability: Poison Heal
|upkeep
|turn|56
|
|t:|1760856624
|move|p1a: Gliscor|Protect|p1a: Gliscor
|-singleturn|p1a: Gliscor|Protect
|move|p2a: Minami Torishima|Psycho Boost|p1a: Gliscor
|-activate|p1a: Gliscor|move: Protect
|
|-heal|p1a: Gliscor|34/100 tox|[from] ability: Poison Heal
|upkeep
|turn|57
|
|t:|1760856637
|switch|p2a: Mumbo|Clodsire, F|88/100
|-sideend|p2: undertalethemovie|move: Toxic Spikes|[of] p2a: Mumbo
|move|p1a: Gliscor|Earthquake|p2a: Mumbo
|-supereffective|p2a: Mumbo
|-damage|p2a: Mumbo|11/100
|
|-heal|p1a: Gliscor|46/100 tox|[from] ability: Poison Heal
|upkeep
|turn|58
|
|t:|1760856641
|move|p1a: Gliscor|Earthquake|p2a: Mumbo
|-supereffective|p2a: Mumbo
|-damage|p2a: Mumbo|0 fnt
|faint|p2a: Mumbo
|
|-heal|p1a: Gliscor|59/100 tox|[from] ability: Poison Heal
|upkeep
|
|t:|1760856643
|switch|p2a: Pokemon Shield|Zamazenta|91/100
|turn|59
|
|t:|1760856646
|move|p1a: Gliscor|Protect|p1a: Gliscor
|-singleturn|p1a: Gliscor|Protect
|move|p2a: Pokemon Shield|Close Combat|p1a: Gliscor
|-activate|p1a: Gliscor|move: Protect
|
|-heal|p1a: Gliscor|71/100 tox|[from] ability: Poison Heal
|upkeep
|turn|60
|
|t:|1760856653
|switch|p1a: Toxapex|Toxapex, F, shiny|100/100
|move|p2a: Pokemon Shield|Wild Charge|p1a: Toxapex
|-supereffective|p1a: Toxapex
|-crit|p1a: Toxapex
|-damage|p1a: Toxapex|42/100
|-damage|p2a: Pokemon Shield|78/100|[from] Recoil
|
|-heal|p1a: Toxapex|48/100|[from] item: Leftovers
|upkeep
|turn|61
|
|t:|1760856661
|switch|p2a: Minami Torishima|Deoxys-Speed|23/100
|-ability|p2a: Minami Torishima|Pressure
|move|p1a: Toxapex|Recover|p1a: Toxapex
|-heal|p1a: Toxapex|98/100
|
|-heal|p1a: Toxapex|100/100|[from] item: Leftovers
|upkeep
|turn|62
|
|t:|1760856664
|switch|p1a: Gliscor|Gliscor, F, tera:Steel|71/100 tox
|move|p2a: Minami Torishima|Psycho Boost|p1a: Gliscor
|-resisted|p1a: Gliscor
|-crit|p1a: Gliscor
|-damage|p1a: Gliscor|21/100 tox
|-unboost|p2a: Minami Torishima|spa|2
|
|-heal|p1a: Gliscor|34/100 tox|[from] ability: Poison Heal
|upkeep
|turn|63
|
|t:|1760856675
|switch|p2a: Pokemon Shield|Zamazenta|31/100 tox
|move|p1a: Gliscor|Protect||[still]
|-fail|p1a: Gliscor
|
|-damage|p2a: Pokemon Shield|25/100 tox|[from] psn
|-heal|p1a: Gliscor|46/100 tox|[from] ability: Poison Heal
|upkeep
|turn|64
|
|t:|1760856678
|move|p1a: Gliscor|Protect|p1a: Gliscor
|-singleturn|p1a: Gliscor|Protect
|move|p2a: Pokemon Shield|Hex|p1a: Gliscor
|-activate|p1a: Gliscor|move: Protect
|
|-damage|p2a: Pokemon Shield|13/100 tox|[from] psn
|-heal|p1a: Gliscor|58/100 tox|[from] ability: Poison Heal
|upkeep
|turn|65
|
|t:|1760856693
|switch|p1a: Toxapex|Toxapex, F, shiny|100/100
|move|p2a: Pokemon Shield|Hex|p1a: Toxapex
|-damage|p1a: Toxapex|74/100
|
|-heal|p1a: Toxapex|80/100|[from] item: Leftovers
|-damage|p2a: Pokemon Shield|0 fnt|[from] psn
|faint|p2a: Pokemon Shield
|upkeep
|-message|undertalethemovie forfeited.
|
|win|galar8
|raw|galar8's rating: 1109 &rarr; <strong>1138</strong><br />(+29 for winning)
|raw|undertalethemovie's rating: 1158 &rarr; <strong>1129</strong><br />(-29 for losing)
|l|☆undertalethemovie
|player|p2|
|l|☆galar8
|player|p1|
