|j|☆Hunter_of_Keys
|j|☆MarxN64
|t:|1760840102
|gametype|singles
|player|p1|Hunter_of_Keys|veteran|1356
|player|p2|MarxN64|gentleman-gen4|1293
|gen|9
|tier|[Gen 9] OU
|rated|
|rule|HP Percentage Mod: HP is shown in percentages
|rule|Endless Battle Clause: Forcing endless battles is banned
|rule|Species Clause: Limit one of each Pokémon
|rule|OHKO Clause: OHKO moves are banned
|rule|Evasion Items Clause: Evasion items are banned
|rule|Evasion Moves Clause: Evasion moves are banned
|rule|Evasion Abilities Clause: Evasion abilities are banned
|rule|Sleep Moves Clause: Sleep-inducing moves are banned
|clearpoke
|poke|p1|Gallade, M|
|poke|p1|Espeon, M|
|poke|p1|Indeedee, M|
|poke|p1|Cresselia, F|
|poke|p1|Rabsca, F|
|poke|p1|Bronzong|
|poke|p2|Houndstone, F|
|poke|p2|Zamazenta-*|
|poke|p2|Suicune|
|poke|p2|Coalossal, M|
|poke|p2|Arcanine-Hisui, F|
|poke|p2|Okidogi, M|
|teampreview
|inactive|Battle timer is ON: inactive players will automatically lose when time's up. (requested by Hunter_of_Keys)
|
|t:|1760840110
|teamsize|p1|6
|teamsize|p2|6
|start
|switch|p1a: Espeon|Espeon, M|100/100
|switch|p2a: Butch|Arcanine-Hisui, F|100/100
|turn|1
|
|t:|1760840113
|move|p2a: Butch|Head Smash|p1a: Espeon
|-damage|p1a: Espeon|22/100
|move|p1a: Espeon|Reflect|p1a: Espeon
|-sidestart|p1: Hunter_of_Keys|Reflect
|
|upkeep
|turn|2
|
|t:|1760840119
|switch|p1a: Cresselia|Cresselia, F|100/100
|move|p2a: Butch|Flare Blitz|p1a: Cresselia
|-damage|p1a: Cresselia|84/100
|-damage|p2a: Butch|84/100|[from] item: Rocky Helmet|[of] p1a: Cresselia
|
|upkeep
|turn|3
|
|t:|1760840122
|move|p2a: Butch|Will-O-Wisp|p1a: Cresselia
|-status|p1a: Cresselia|brn
|move|p1a: Cresselia|Thunder Wave|p2a: Butch|[miss]
|-miss|p1a: Cresselia|p2a: Butch
|
|-damage|p1a: Cresselia|78/100 brn|[from] brn
|upkeep
|turn|4
|
|t:|1760840125
|switch|p2a: Rudy|Houndstone, F, shiny|100/100
|move|p1a: Cresselia|Thunder Wave|p2a: Rudy
|-status|p2a: Rudy|par
|
|-damage|p1a: Cresselia|72/100 brn|[from] brn
|upkeep
|turn|5
|
|t:|1760840130
|move|p1a: Cresselia|Lunar Dance|p1a: Cresselia
|faint|p1a: Cresselia
|move|p2a: Rudy|Night Shade|p1: Cresselia|[notarget]
|-fail|p2a: Rudy
|
|-sideend|p1: Hunter_of_Keys|Reflect
|upkeep
|
|t:|1760840132
|switch|p1a: Espeon|Espeon, M|22/100
|-heal|p1a: Espeon|100/100|[from] move: Lunar Dance
|turn|6
|
|t:|1760840141
|move|p1a: Espeon|Light Screen|p1a: Espeon
|-sidestart|p1: Hunter_of_Keys|move: Light Screen
|move|p2a: Rudy|Roar|p1a: Espeon
|move|p1a: Espeon|Roar|p2a: Rudy|[from] ability: Magic Bounce
|drag|p2a: Lassy|Suicune|100/100
|-ability|p2a: Lassy|Pressure
|
|upkeep
|turn|7
|
|t:|1760840144
|move|p1a: Espeon|Reflect|p1a: Espeon
|-sidestart|p1: Hunter_of_Keys|Reflect
|move|p2a: Lassy|Scald|p1a: Espeon
|-damage|p1a: Espeon|88/100
|
|upkeep
|turn|8
|
|t:|1760840148
|switch|p1a: Bronzong|Bronzong|100/100
|move|p2a: Lassy|Calm Mind|p2a: Lassy
|-boost|p2a: Lassy|spa|1
|-boost|p2a: Lassy|spd|1
|
|upkeep
|turn|9
|
|t:|1760840152
|move|p2a: Lassy|Calm Mind|p2a: Lassy
|-boost|p2a: Lassy|spa|1
|-boost|p2a: Lassy|spd|1
|move|p1a: Bronzong|Calm Mind|p1a: Bronzong
|-boost|p1a: Bronzong|spa|1
|-boost|p1a: Bronzong|spd|1
|
|upkeep
|turn|10
|
|t:|1760840154
|move|p2a: Lassy|Calm Mind|p2a: Lassy
|-boost|p2a: Lassy|spa|1
|-boost|p2a: Lassy|spd|1
|move|p1a: Bronzong|Calm Mind|p1a: Bronzong
|-boost|p1a: Bronzong|spa|1
|-boost|p1a: Bronzong|spd|1
|
|-sideend|p1: Hunter_of_Keys|move: Light Screen
|upkeep
|turn|11
|
|t:|1760840156
|move|p2a: Lassy|Calm Mind|p2a: Lassy
|-boost|p2a: Lassy|spa|1
|-boost|p2a: Lassy|spd|1
|move|p1a: Bronzong|Calm Mind|p1a: Bronzong
|-boost|p1a: Bronzong|spa|1
|-boost|p1a: Bronzong|spd|1
|
|-sideend|p1: Hunter_of_Keys|Reflect
|upkeep
|turn|12
|
|t:|1760840157
|move|p2a: Lassy|Calm Mind|p2a: Lassy
|-boost|p2a: Lassy|spa|1
|-boost|p2a: Lassy|spd|1
|move|p1a: Bronzong|Calm Mind|p1a: Bronzong
|-boost|p1a: Bronzong|spa|1
|-boost|p1a: Bronzong|spd|1
|
|upkeep
|turn|13
|
|t:|1760840159
|move|p2a: Lassy|Calm Mind|p2a: Lassy
|-boost|p2a: Lassy|spa|1
|-boost|p2a: Lassy|spd|1
|move|p1a: Bronzong|Calm Mind|p1a: Bronzong
|-boost|p1a: Bronzong|spa|1
|-boost|p1a: Bronzong|spd|1
|
|upkeep
|turn|14
|
|t:|1760840161
|move|p2a: Lassy|Scald|p1a: Bronzong
|-damage|p1a: Bronzong|79/100
|move|p1a: Bronzong|Calm Mind|p1a: Bronzong
|-boost|p1a: Bronzong|spa|1
|-boost|p1a: Bronzong|spd|1
|
|upkeep
|turn|15
|
|t:|1760840165
|move|p2a: Lassy|Scald|p1a: Bronzong
|-damage|p1a: Bronzong|59/100
|move|p1a: Bronzong|Iron Defense|p1a: Bronzong
|-boost|p1a: Bronzong|def|2
|
|upkeep
|turn|16
|
|t:|1760840171
|move|p2a: Lassy|Scald|p1a: Bronzong
|-damage|p1a: Bronzong|40/100
|-enditem|p1a: Bronzong|Sitrus Berry|[eat]
|-heal|p1a: Bronzong|65/100|[from] item: Sitrus Berry
|move|p1a: Bronzong|Stored Power|p2a: Lassy
|-damage|p2a: Lassy|45/100
|
|upkeep
|turn|17
|
|t:|1760840176
|move|p2a: Lassy|Scald|p1a: Bronzong
|-crit|p1a: Bronzong
|-damage|p1a: Bronzong|0 fnt
|faint|p1a: Bronzong
|
|upkeep
|
|t:|1760840181
|switch|p1a: Gallade|Gallade, M|100/100
|turn|18
|
|t:|1760840183
|move|p1a: Gallade|Sacred Sword|p2a: Lassy
|-crit|p2a: Lassy
|-damage|p2a: Lassy|0 fnt
|faint|p2a: Lassy
|
|upkeep
|
|t:|1760840189
|switch|p2a: Rudy|Houndstone, F, shiny|100/100 par
|turn|19
|
|t:|1760840191
|-terastallize|p1a: Gallade|Dark
|move|p1a: Gallade|Night Slash|p2a: Rudy
|-supereffective|p2a: Rudy
|-damage|p2a: Rudy|46/100 par
|move|p2a: Rudy|Will-O-Wisp|p1a: Gallade
|-status|p1a: Gallade|brn
|
|-heal|p2a: Rudy|52/100 par|[from] item: Leftovers
|-damage|p1a: Gallade|94/100 brn|[from] brn
|upkeep
|turn|20
|
|t:|1760840195
|switch|p1a: Indeedee|Indeedee, M|100/100
|-fieldstart|move: Psychic Terrain|[from] ability: Psychic Surge|[of] p1a: Indeedee
|cant|p2a: Rudy|par
|
|-heal|p2a: Rudy|58/100 par|[from] item: Leftovers
|upkeep
|turn|21
|
|t:|1760840198
|move|p1a: Indeedee|Expanding Force|p2a: Rudy
|-damage|p2a: Rudy|2/100 par
|move|p2a: Rudy|Night Shade|p1a: Indeedee
|-immune|p1a: Indeedee
|
|-heal|p2a: Rudy|9/100 par|[from] item: Leftovers
|upkeep
|turn|22
|
|t:|1760840201
|move|p1a: Indeedee|Expanding Force|p2a: Rudy
|-damage|p2a: Rudy|0 fnt
|faint|p2a: Rudy
|
|upkeep
|
|t:|1760840204
|switch|p2a: Butch|Arcanine-Hisui, F|84/100
|turn|23
|
|t:|1760840207
|move|p1a: Indeedee|Healing Wish|p1a: Indeedee
|faint|p1a: Indeedee
|move|p2a: Butch|Head Smash|p1: Indeedee|[notarget]
|-fail|p2a: Butch
|
|upkeep
|
|t:|1760840210
|switch|p1a: Gallade|Gallade, M, tera:Dark|94/100 brn
|-heal|p1a: Gallade|100/100|[from] move: Healing Wish
|turn|24
|
|t:|1760840213
|move|p2a: Butch|Will-O-Wisp|p1a: Gallade
|-status|p1a: Gallade|brn
|move|p1a: Gallade|Sacred Sword|p2a: Butch
|-supereffective|p2a: Butch
|-damage|p2a: Butch|4/100
|
|-damage|p1a: Gallade|94/100 brn|[from] brn
|upkeep
|turn|25
|
|t:|1760840217
|switch|p2a: Grommit|Okidogi, M|100/100
|move|p1a: Gallade|Sacred Sword|p2a: Grommit
|-resisted|p2a: Grommit
|-crit|p2a: Grommit
|-damage|p2a: Grommit|81/100
|
|-heal|p2a: Grommit|87/100|[from] item: Black Sludge
|-damage|p1a: Gallade|88/100 brn|[from] brn
|upkeep
|turn|26
|
|t:|1760840220
|move|p1a: Gallade|Psycho Cut|p2a: Grommit
|-supereffective|p2a: Grommit
|-damage|p2a: Grommit|0 fnt
|faint|p2a: Grommit
|
|-damage|p1a: Gallade|82/100 brn|[from] brn
|upkeep
|
|t:|1760840223
|switch|p2a: Rusty|Zamazenta|100/100
|-ability|p2a: Rusty|Dauntless Shield|boost
|-boost|p2a: Rusty|def|1
|turn|27
|
|t:|1760840225
|move|p2a: Rusty|Moonblast|p1a: Gallade
|-supereffective|p1a: Gallade
|-damage|p1a: Gallade|24/100 brn
|move|p1a: Gallade|Psycho Cut|p2a: Rusty
|-supereffective|p2a: Rusty
|-damage|p2a: Rusty|56/100
|
|-damage|p1a: Gallade|18/100 brn|[from] brn
|-fieldend|move: Psychic Terrain
|upkeep
|turn|28
|
|t:|1760840229
|move|p2a: Rusty|Moonblast|p1a: Gallade
|-supereffective|p1a: Gallade
|-damage|p1a: Gallade|0 fnt
|faint|p1a: Gallade
|
|upkeep
|
|t:|1760840232
|switch|p1a: Espeon|Espeon, M|88/100
|turn|29
|
|t:|1760840239
|move|p2a: Rusty|Snarl|p1a: Espeon
|-supereffective|p1a: Espeon
|-damage|p1a: Espeon|57/100
|-unboost|p1a: Espeon|spa|1
|move|p1a: Espeon|Thunder Wave|p2a: Rusty
|-status|p2a: Rusty|par
|
|upkeep
|turn|30
|
|t:|1760840246
|switch|p2a: Coalossal|Coalossal, M|100/100
|move|p1a: Espeon|Reflect|p1a: Espeon
|-sidestart|p1: Hunter_of_Keys|Reflect
|
|upkeep
|turn|31
|
|t:|1760840248
|move|p1a: Espeon|Light Screen|p1a: Espeon
|-sidestart|p1: Hunter_of_Keys|move: Light Screen
|move|p2a: Coalossal|Meteor Beam||[still]
|-prepare|p2a: Coalossal|Meteor Beam
|-boost|p2a: Coalossal|spa|1
|-enditem|p2a: Coalossal|Power Herb
|-anim|p2a: Coalossal|Meteor Beam|p1a: Espeon
|-damage|p1a: Espeon|18/100
|
|upkeep
|turn|32
|
|t:|1760840253
|move|p1a: Espeon|Thunder Wave|p2a: Coalossal
|-status|p2a: Coalossal|par
|cant|p2a: Coalossal|par
|
|upkeep
|turn|33
|
|t:|1760840255
|move|p1a: Espeon|Expanding Force|p2a: Coalossal
|-damage|p2a: Coalossal|80/100 par
|move|p2a: Coalossal|Scald|p1a: Espeon
|-damage|p1a: Espeon|1/100
|-status|p1a: Espeon|brn
|
|-damage|p1a: Espeon|0 fnt|[from] brn
|faint|p1a: Espeon
|upkeep
|
|t:|1760840257
|switch|p1a: Rabsca|Rabsca, F|100/100
|turn|34
|
|t:|1760840259
|move|p1a: Rabsca|Revival Blessing|p1a: Rabsca
|-enditem|p1a: Rabsca|Leppa Berry|[eat]
|-activate|p1a: Rabsca|item: Leppa Berry|Revival Blessing|[consumed]
|
|t:|1760840289
|-heal|p1: Cresselia|50/100|[from] move: Revival Blessing
|cant|p2a: Coalossal|par
|
|-sideend|p1: Hunter_of_Keys|Reflect
|upkeep
|turn|35
|
|t:|1760840293
|move|p1a: Rabsca|Revival Blessing|p1a: Rabsca
|
|t:|1760840296
|-heal|p1: Gallade|50/100|[from] move: Revival Blessing
|cant|p2a: Coalossal|par
|
|-sideend|p1: Hunter_of_Keys|move: Light Screen
|upkeep
|turn|36
|
|t:|1760840301
|move|p1a: Rabsca|Psychic Noise|p2a: Coalossal
|-damage|p2a: Coalossal|55/100 par
|-start|p2a: Coalossal|move: Heal Block
|move|p2a: Coalossal|Power Gem|p1a: Rabsca
|-supereffective|p1a: Rabsca
|-damage|p1a: Rabsca|19/100
|
|upkeep
|turn|37
|
|t:|1760840307
|move|p1a: Rabsca|Psychic Noise|p2a: Coalossal
|-damage|p2a: Coalossal|30/100 par
|move|p2a: Coalossal|Power Gem|p1a: Rabsca
|-supereffective|p1a: Rabsca
|-damage|p1a: Rabsca|0 fnt
|faint|p1a: Rabsca
|
|-end|p2a: Coalossal|move: Heal Block
|upkeep
|
|t:|1760840312
|switch|p1a: Gallade|Gallade, M|50/100
|turn|38
|
|t:|1760840315
|move|p1a: Gallade|Sacred Sword|p2a: Coalossal
|-supereffective|p2a: Coalossal
|-damage|p2a: Coalossal|0 fnt
|faint|p2a: Coalossal
|
|upkeep
|
|t:|1760840319
|switch|p2a: Rusty|Zamazenta|56/100 par
|turn|39
|
|t:|1760840322
|move|p1a: Gallade|Sacred Sword|p2a: Rusty
|-damage|p2a: Rusty|0 fnt
|faint|p2a: Rusty
|
|upkeep
|
|t:|1760840326
|switch|p2a: Butch|Arcanine-Hisui, F|4/100
|turn|40
|
|t:|1760840329
|switch|p1a: Cresselia|Cresselia, F|50/100
|move|p2a: Butch|Head Smash|p1a: Cresselia
|-damage|p1a: Cresselia|8/100
|-damage|p2a: Butch|0 fnt|[from] item: Rocky Helmet|[of] p1a: Cresselia
|faint|p2a: Butch
|
|win|Hunter_of_Keys
|raw|Hunter_of_Keys's rating: 1356 &rarr; <strong>1372</strong><br />(+16 for winning)
|raw|MarxN64's rating: 1293 &rarr; <strong>1272</strong><br />(-21 for losing)
|l|☆MarxN64
|player|p2|
|l|☆Hunter_of_Keys
|player|p1|
