|j|☆Frosty458
|j|☆HZBKAI4
|t:|1760739888
|gametype|singles
|player|p1|Frosty458|170|1113
|player|p2|HZBKAI4|1|1078
|gen|9
|tier|[Gen 9] OU
|rated|
|rule|HP Percentage Mod: HP is shown in percentages
|rule|Endless Battle Clause: Forcing endless battles is banned
|rule|Species Clause: Limit one of each Pokémon
|rule|OHKO Clause: OHKO moves are banned
|rule|Evasion Items Clause: Evasion items are banned
|rule|Evasion Moves Clause: Evasion moves are banned
|rule|Evasion Abilities Clause: Evasion abilities are banned
|rule|Sleep Moves Clause: Sleep-inducing moves are banned
|clearpoke
|poke|p1|Iron Crown|
|poke|p1|Meowstic, M|
|poke|p1|Gogoat, F|
|poke|p1|Rotom-Heat|
|poke|p1|Noivern, M|
|poke|p1|Quaquaval, M|
|poke|p2|Dragapult, M|
|poke|p2|Enamorus, F|
|poke|p2|Glimmora, F|
|poke|p2|Kingambit, M|
|poke|p2|Blaziken, F|
|poke|p2|Clefable, F|
|teampreview
|
|t:|1760739896
|teamsize|p1|6
|teamsize|p2|6
|start
|switch|p1a: Meowstic|Meowstic, M|100/100
|switch|p2a: Dragapult|Dragapult, M|100/100
|turn|1
|
|t:|1760739901
|move|p1a: Meowstic|Reflect|p1a: Meowstic
|-sidestart|p1: Frosty458|Reflect
|move|p2a: Dragapult|Hex|p1a: Meowstic
|-supereffective|p1a: Meowstic
|-damage|p1a: Meowstic|55/100
|
|upkeep
|turn|2
|
|t:|1760739905
|move|p1a: Meowstic|Light Screen|p1a: Meowstic
|-sidestart|p1: Frosty458|move: Light Screen
|move|p2a: Dragapult|Hex|p1a: Meowstic
|-supereffective|p1a: Meowstic
|-damage|p1a: Meowstic|12/100
|
|upkeep
|turn|3
|
|t:|1760739910
|move|p1a: Meowstic|Thunder Wave|p2a: Dragapult
|-status|p2a: Dragapult|par
|cant|p2a: Dragapult|par
|
|upkeep
|turn|4
|
|t:|1760739915
|move|p1a: Meowstic|Psychic|p2a: Dragapult
|-damage|p2a: Dragapult|59/100 par
|move|p2a: Dragapult|Hex|p1a: Meowstic
|-supereffective|p1a: Meowstic
|-damage|p1a: Meowstic|0 fnt
|faint|p1a: Meowstic
|
|upkeep
|
|t:|1760739921
|switch|p1a: Iron Crown|Iron Crown|100/100
|turn|5
|
|t:|1760739924
|move|p1a: Iron Crown|Calm Mind|p1a: Iron Crown
|-boost|p1a: Iron Crown|spa|1
|-boost|p1a: Iron Crown|spd|1
|move|p2a: Dragapult|Hex|p1a: Iron Crown
|-supereffective|p1a: Iron Crown
|-damage|p1a: Iron Crown|62/100
|-enditem|p1a: Iron Crown|Weakness Policy
|-boost|p1a: Iron Crown|atk|2|[from] item: Weakness Policy
|-boost|p1a: Iron Crown|spa|2|[from] item: Weakness Policy
|
|upkeep
|turn|6
|
|t:|1760739932
|-terastallize|p1a: Iron Crown|Water
|move|p1a: Iron Crown|Agility|p1a: Iron Crown
|-boost|p1a: Iron Crown|spe|2
|cant|p2a: Dragapult|par
|
|upkeep
|turn|7
|
|t:|1760739938
|move|p1a: Iron Crown|Tachyon Cutter|p2a: Dragapult
|-crit|p2a: Dragapult
|-damage|p2a: Dragapult|0 fnt
|faint|p2a: Dragapult
|-hitcount|p2: Dragapult|1
|
|upkeep
|
|t:|1760739938
|switch|p2a: Blaziken|Blaziken, F|100/100
|turn|8
|
|t:|1760739944
|move|p1a: Iron Crown|Stored Power|p2a: Blaziken
|-supereffective|p2a: Blaziken
|-damage|p2a: Blaziken|0 fnt
|faint|p2a: Blaziken
|
|-sideend|p1: Frosty458|Reflect
|upkeep
|
|t:|1760739944
|switch|p2a: Clefable|Clefable, F|100/100
|turn|9
|
|t:|1760739951
|-terastallize|p2a: Clefable|Water
|move|p1a: Iron Crown|Tachyon Cutter|p2a: Clefable
|-resisted|p2a: Clefable
|-damage|p2a: Clefable|67/100
|-resisted|p2a: Clefable
|-damage|p2a: Clefable|32/100
|-hitcount|p2a: Clefable|2
|move|p2a: Clefable|Moonblast|p1a: Iron Crown
|-damage|p1a: Iron Crown|53/100
|
|-heal|p2a: Clefable|39/100|[from] item: Leftovers
|-sideend|p1: Frosty458|move: Light Screen
|upkeep
|turn|10
|
|t:|1760739961
|move|p1a: Iron Crown|Stored Power|p2a: Clefable
|-damage|p2a: Clefable|0 fnt
|faint|p2a: Clefable
|
|upkeep
|
|t:|1760739961
|switch|p2a: Kingambit|Kingambit, M|100/100
|-activate|p2a: Kingambit|ability: Supreme Overlord
|-start|p2a: Kingambit|fallen3|[silent]
|turn|11
|
|t:|1760739968
|move|p1a: Iron Crown|Calm Mind|p1a: Iron Crown
|-boost|p1a: Iron Crown|spa|1
|-boost|p1a: Iron Crown|spd|1
|move|p2a: Kingambit|Kowtow Cleave|p1a: Iron Crown
|-damage|p1a: Iron Crown|0 fnt
|faint|p1a: Iron Crown
|-end|p1a: Iron Crown|Quark Drive|[silent]
|
|upkeep
|
|t:|1760739974
|switch|p1a: Gogoat|Gogoat, F|100/100
|turn|12
|
|t:|1760739978
|move|p2a: Kingambit|Kowtow Cleave|p1a: Gogoat
|-damage|p1a: Gogoat|26/100
|-enditem|p1a: Gogoat|Sitrus Berry|[eat]
|-heal|p1a: Gogoat|51/100|[from] item: Sitrus Berry
|move|p1a: Gogoat|Earthquake|p2a: Kingambit
|-supereffective|p2a: Kingambit
|-damage|p2a: Kingambit|61/100
|
|-heal|p2a: Kingambit|67/100|[from] item: Leftovers
|upkeep
|turn|13
|
|t:|1760739986
|move|p2a: Kingambit|Kowtow Cleave|p1a: Gogoat
|-damage|p1a: Gogoat|0 fnt
|faint|p1a: Gogoat
|
|-heal|p2a: Kingambit|73/100|[from] item: Leftovers
|upkeep
|
|t:|1760739992
|switch|p1a: Rotom|Rotom-Heat|100/100
|turn|14
|
|t:|1760739996
|move|p1a: Rotom|Will-O-Wisp|p2a: Kingambit
|-status|p2a: Kingambit|brn
|move|p2a: Kingambit|Kowtow Cleave|p1a: Rotom
|-damage|p1a: Rotom|66/100
|
|-heal|p1a: Rotom|72/100|[from] item: Leftovers
|-heal|p2a: Kingambit|79/100 brn|[from] item: Leftovers
|-damage|p2a: Kingambit|73/100 brn|[from] brn
|upkeep
|turn|15
|
|t:|1760740004
|switch|p1a: Quaquaval|Quaquaval, M|100/100
|move|p2a: Kingambit|Kowtow Cleave|p1a: Quaquaval
|-resisted|p1a: Quaquaval
|-crit|p1a: Quaquaval
|-damage|p1a: Quaquaval|68/100
|
|-heal|p2a: Kingambit|79/100 brn|[from] item: Leftovers
|-damage|p2a: Kingambit|73/100 brn|[from] brn
|upkeep
|turn|16
|
|t:|1760740013
|move|p1a: Quaquaval|Aqua Step|p2a: Kingambit
|-damage|p2a: Kingambit|39/100 brn
|-boost|p1a: Quaquaval|spe|1
|move|p2a: Kingambit|Kowtow Cleave|p1a: Quaquaval
|-resisted|p1a: Quaquaval
|-damage|p1a: Quaquaval|48/100
|
|-heal|p2a: Kingambit|45/100 brn|[from] item: Leftovers
|-damage|p2a: Kingambit|39/100 brn|[from] brn
|upkeep
|turn|17
|
|t:|1760740023
|move|p1a: Quaquaval|Roost|p1a: Quaquaval
|-heal|p1a: Quaquaval|99/100
|-singleturn|p1a: Quaquaval|move: Roost
|move|p2a: Kingambit|Kowtow Cleave|p1a: Quaquaval
|-resisted|p1a: Quaquaval
|-damage|p1a: Quaquaval|77/100
|
|-heal|p2a: Kingambit|45/100 brn|[from] item: Leftovers
|-damage|p2a: Kingambit|39/100 brn|[from] brn
|upkeep
|turn|18
|
|t:|1760740031
|move|p1a: Quaquaval|Aqua Step|p2a: Kingambit
|-damage|p2a: Kingambit|3/100 brn
|-boost|p1a: Quaquaval|spe|1
|move|p2a: Kingambit|Kowtow Cleave|p1a: Quaquaval
|-resisted|p1a: Quaquaval
|-damage|p1a: Quaquaval|55/100
|
|-heal|p2a: Kingambit|9/100 brn|[from] item: Leftovers
|-damage|p2a: Kingambit|3/100 brn|[from] brn
|upkeep
|turn|19
|
|t:|1760740040
|move|p1a: Quaquaval|Aqua Step|p2a: Kingambit
|-damage|p2a: Kingambit|0 fnt
|-boost|p1a: Quaquaval|spe|1
|faint|p2a: Kingambit
|-end|p2a: Kingambit|fallen3|[silent]
|-ability|p1a: Quaquaval|Moxie|boost
|-boost|p1a: Quaquaval|atk|1
|
|upkeep
|
|t:|1760740040
|switch|p2a: Enamorus|Enamorus, F|100/100
|turn|20
|
|t:|1760740048
|move|p1a: Quaquaval|Aqua Step|p2a: Enamorus
|-damage|p2a: Enamorus|8/100
|-boost|p1a: Quaquaval|spe|1
|-start|p1a: Quaquaval|Attract|[from] ability: Cute Charm|[of] p2a: Enamorus
|move|p2a: Enamorus|Moonblast|p1a: Quaquaval
|-supereffective|p1a: Quaquaval
|-damage|p1a: Quaquaval|0 fnt
|faint|p1a: Quaquaval
|
|-heal|p2a: Enamorus|14/100|[from] item: Leftovers
|upkeep
|
|t:|1760740058
|switch|p1a: Noivern|Noivern, M|100/100
|-item|p2a: Enamorus|Leftovers|[from] ability: Frisk|[of] p1a: Noivern
|turn|21
|
|t:|1760740063
|move|p1a: Noivern|Boomburst|p2a: Enamorus
|-damage|p2a: Enamorus|0 fnt
|faint|p2a: Enamorus
|
|upkeep
|
|t:|1760740063
|switch|p2a: Glimmora|Glimmora, F|100/100
|turn|22
|
|t:|1760740068
|move|p1a: Noivern|Boomburst|p2a: Glimmora
|-resisted|p2a: Glimmora
|-damage|p2a: Glimmora|62/100
|move|p2a: Glimmora|Meteor Beam||[still]
|-prepare|p2a: Glimmora|Meteor Beam
|-boost|p2a: Glimmora|spa|1
|-enditem|p2a: Glimmora|Power Herb
|-anim|p2a: Glimmora|Meteor Beam|p1a: Noivern
|-supereffective|p1a: Noivern
|-damage|p1a: Noivern|0 fnt
|faint|p1a: Noivern
|
|upkeep
|
|t:|1760740077
|switch|p1a: Rotom|Rotom-Heat|72/100
|turn|23
|
|t:|1760740080
|move|p2a: Glimmora|Earth Power|p1a: Rotom
|-immune|p1a: Rotom|[from] ability: Levitate
|move|p1a: Rotom|Thunderbolt|p2a: Glimmora
|-damage|p2a: Glimmora|2/100
|-status|p2a: Glimmora|par
|
|-heal|p1a: Rotom|78/100|[from] item: Leftovers
|upkeep
|turn|24
|
|t:|1760740088
|move|p1a: Rotom|Thunderbolt|p2a: Glimmora
|-damage|p2a: Glimmora|0 fnt
|faint|p2a: Glimmora
|
|win|Frosty458
|raw|Frosty458's rating: 1113 &rarr; <strong>1135</strong><br />(+22 for winning)
|raw|HZBKAI4's rating: 1078 &rarr; <strong>1058</strong><br />(-20 for losing)
|l|☆HZBKAI4
|player|p2|
|l|☆Frosty458
|player|p1|
