|j|☆beebopstolemyname
|j|☆MonsterZogg
|t:|1760804010
|gametype|singles
|player|p1|beebopstolemyname|unknown|1161
|player|p2|MonsterZogg|pokemonrangerf|1130
|gen|9
|tier|[Gen 9] OU
|rated|
|rule|HP Percentage Mod: HP is shown in percentages
|rule|Endless Battle Clause: Forcing endless battles is banned
|rule|Species Clause: Limit one of each Pokémon
|rule|OHKO Clause: OHKO moves are banned
|rule|Evasion Items Clause: Evasion items are banned
|rule|Evasion Moves Clause: Evasion moves are banned
|rule|Evasion Abilities Clause: Evasion abilities are banned
|rule|Sleep Moves Clause: Sleep-inducing moves are banned
|clearpoke
|poke|p1|Hatterene, F|
|poke|p1|Blaziken, M|
|poke|p1|Scizor, M|
|poke|p1|Dondozo, M|
|poke|p1|Kingambit, F|
|poke|p1|Gliscor, M|
|poke|p2|Haxorus, F|
|poke|p2|Salamence, M|
|poke|p2|Goodra, M|
|poke|p2|Garchomp, M|
|poke|p2|Cyclizar, M|
|poke|p2|Dragonite, F|
|teampreview
|inactive|Battle timer is ON: inactive players will automatically lose when time's up. (requested by beebopstolemyname)
|inactive|MonsterZogg has 120 seconds left.
|
|t:|1760804060
|teamsize|p1|6
|teamsize|p2|6
|start
|switch|p1a: Gliscor|Gliscor, M|100/100
|switch|p2a: Goodra|Goodra, M|100/100
|turn|1
|
|t:|1760804068
|move|p1a: Gliscor|Swords Dance|p1a: Gliscor
|-boost|p1a: Gliscor|atk|2
|move|p2a: Goodra|Ice Beam|p1a: Gliscor
|-supereffective|p1a: Gliscor
|-damage|p1a: Gliscor|0 fnt
|faint|p1a: Gliscor
|
|upkeep
|
|t:|1760804077
|switch|p1a: Hatterene|Hatterene, F|100/100
|turn|2
|
|t:|1760804082
|move|p2a: Goodra|Sludge Bomb|p1a: Hatterene
|-supereffective|p1a: Hatterene
|-damage|p1a: Hatterene|39/100
|move|p1a: Hatterene|Trick Room|p1a: Hatterene
|-fieldstart|move: Trick Room|[of] p1a: Hatterene
|
|upkeep
|turn|3
|
|t:|1760804089
|move|p1a: Hatterene|Dazzling Gleam|p2a: Goodra
|-supereffective|p2a: Goodra
|-damage|p2a: Goodra|63/100
|move|p2a: Goodra|Flamethrower|p1a: Hatterene
|-damage|p1a: Hatterene|9/100
|
|upkeep
|turn|4
|
|t:|1760804093
|move|p1a: Hatterene|Dazzling Gleam|p2a: Goodra
|-supereffective|p2a: Goodra
|-damage|p2a: Goodra|22/100
|move|p2a: Goodra|Thunderbolt|p1a: Hatterene
|-damage|p1a: Hatterene|0 fnt
|faint|p1a: Hatterene
|
|upkeep
|
|t:|1760804103
|switch|p1a: Blaziken|Blaziken, M|100/100
|turn|5
|
|t:|1760804116
|move|p2a: Goodra|Sludge Bomb|p1a: Blaziken
|-damage|p1a: Blaziken|46/100
|move|p1a: Blaziken|Earthquake|p2a: Goodra
|-damage|p2a: Goodra|0 fnt
|faint|p2a: Goodra
|-damage|p1a: Blaziken|36/100|[from] item: Life Orb
|
|-ability|p1a: Blaziken|Speed Boost|boost
|-boost|p1a: Blaziken|spe|1
|upkeep
|
|t:|1760804131
|switch|p2a: Dragonite|Dragonite, F|100/100
|turn|6
|
|t:|1760804148
|move|p2a: Dragonite|Extreme Speed|p1a: Blaziken
|-damage|p1a: Blaziken|0 fnt
|faint|p1a: Blaziken
|
|-fieldend|move: Trick Room
|upkeep
|
|t:|1760804152
|switch|p1a: Dondozo|Dondozo, M|100/100
|turn|7
|
|t:|1760804162
|move|p2a: Dragonite|Hurricane|p1a: Dondozo
|-damage|p1a: Dondozo|51/100
|move|p1a: Dondozo|Heavy Slam|p2a: Dragonite
|-damage|p2a: Dragonite|93/100
|
|-heal|p1a: Dondozo|57/100|[from] item: Leftovers
|upkeep
|turn|8
|
|t:|1760804181
|move|p2a: Dragonite|Hurricane|p1a: Dondozo
|-damage|p1a: Dondozo|10/100
|move|p1a: Dondozo|Rest|p1a: Dondozo
|-status|p1a: Dondozo|slp|[from] move: Rest
|-heal|p1a: Dondozo|100/100 slp|[silent]
|
|upkeep
|turn|9
|c|☆MonsterZogg|yo mega dragonite if he gets no guard genuinely might go straight to ubers
|
|t:|1760804189
|move|p2a: Dragonite|Hurricane|p1a: Dondozo|[miss]
|-miss|p2a: Dragonite|p1a: Dondozo
|cant|p1a: Dondozo|slp
|
|upkeep
|turn|10
|
|t:|1760804195
|move|p2a: Dragonite|Hurricane|p1a: Dondozo
|-damage|p1a: Dondozo|54/100 slp
|cant|p1a: Dondozo|slp
|
|-heal|p1a: Dondozo|60/100 slp|[from] item: Leftovers
|upkeep
|turn|11
|
|t:|1760804199
|move|p2a: Dragonite|Hurricane|p1a: Dondozo|[miss]
|-miss|p2a: Dragonite|p1a: Dondozo
|-curestatus|p1a: Dondozo|slp|[msg]
|move|p1a: Dondozo|Wave Crash|p2a: Dragonite
|-resisted|p2a: Dragonite
|-damage|p2a: Dragonite|60/100
|-damage|p1a: Dondozo|53/100|[from] Recoil
|
|-heal|p1a: Dondozo|59/100|[from] item: Leftovers
|upkeep
|turn|12
|
|t:|1760804206
|move|p2a: Dragonite|Hurricane|p1a: Dondozo
|-damage|p1a: Dondozo|16/100
|move|p1a: Dondozo|Wave Crash|p2a: Dragonite
|-resisted|p2a: Dragonite
|-crit|p2a: Dragonite
|-damage|p2a: Dragonite|16/100
|-damage|p1a: Dondozo|6/100|[from] Recoil
|
|-heal|p1a: Dondozo|13/100|[from] item: Leftovers
|upkeep
|turn|13
|
|t:|1760804221
|move|p2a: Dragonite|Dragon Claw|p1a: Dondozo
|-damage|p1a: Dondozo|0 fnt
|faint|p1a: Dondozo
|
|upkeep
|
|t:|1760804224
|switch|p1a: Scizor|Scizor, M|100/100
|turn|14
|
|t:|1760804234
|move|p1a: Scizor|Bullet Punch|p2a: Dragonite
|-damage|p2a: Dragonite|0 fnt
|faint|p2a: Dragonite
|
|upkeep
|
|t:|1760804246
|switch|p2a: Salamence|Salamence, M|100/100
|turn|15
|
|t:|1760804261
|move|p2a: Salamence|Temper Flare|p1a: Scizor
|-supereffective|p1a: Scizor
|-damage|p1a: Scizor|0 fnt
|faint|p1a: Scizor
|-ability|p2a: Salamence|Moxie|boost
|-boost|p2a: Salamence|atk|1
|
|upkeep
|
|t:|1760804264
|switch|p1a: Kingambit|Kingambit, F|100/100
|-activate|p1a: Kingambit|ability: Supreme Overlord
|-start|p1a: Kingambit|fallen5|[silent]
|turn|16
|
|t:|1760804280
|-terastallize|p1a: Kingambit|Dark
|move|p2a: Salamence|Earthquake|p1a: Kingambit
|-damage|p1a: Kingambit|61/100
|move|p1a: Kingambit|Kowtow Cleave|p2a: Salamence
|-damage|p2a: Salamence|0 fnt
|faint|p2a: Salamence
|-damage|p1a: Kingambit|52/100|[from] item: Life Orb
|
|upkeep
|
|t:|1760804289
|switch|p2a: Haxorus|Haxorus, F, shiny|100/100
|-ability|p2a: Haxorus|Mold Breaker
|turn|17
|c|☆MonsterZogg|ggs
|
|t:|1760804296
|move|p2a: Haxorus|Close Combat|p1a: Kingambit
|-supereffective|p1a: Kingambit
|-damage|p1a: Kingambit|0 fnt
|-unboost|p2a: Haxorus|def|1
|-unboost|p2a: Haxorus|spd|1
|faint|p1a: Kingambit
|-end|p1a: Kingambit|fallen5|[silent]
|
|win|MonsterZogg
|raw|beebopstolemyname's rating: 1161 &rarr; <strong>1134</strong><br />(-27 for losing)
|raw|MonsterZogg's rating: 1130 &rarr; <strong>1157</strong><br />(+27 for winning)
|l|☆beebopstolemyname
|player|p1|
