|j|☆jarxP
|j|☆Argha321
|t:|1760777292
|gametype|singles
|player|p1|jarxP|roxanne|1180
|player|p2|Argha321|alder|1164
|gen|9
|tier|[Gen 9] OU
|rated|
|rule|HP Percentage Mod: HP is shown in percentages
|rule|Endless Battle Clause: Forcing endless battles is banned
|rule|Species Clause: Limit one of each Pokémon
|rule|OHKO Clause: OHKO moves are banned
|rule|Evasion Items Clause: Evasion items are banned
|rule|Evasion Moves Clause: Evasion moves are banned
|rule|Evasion Abilities Clause: Evasion abilities are banned
|rule|Sleep Moves Clause: Sleep-inducing moves are banned
|clearpoke
|poke|p1|Gliscor, M|
|poke|p1|Great Tusk|
|poke|p1|Iron Valiant|
|poke|p1|Ting-Lu|
|poke|p1|Dragapult, M|
|poke|p1|Meowscarada, F|
|poke|p2|Pikachu-Original, M|
|poke|p2|Charizard, M|
|poke|p2|Infernape, M|
|poke|p2|Krookodile, F|
|poke|p2|Greninja-*, M|
|poke|p2|Lycanroc-Dusk, M|
|teampreview
|inactive|Battle timer is ON: inactive players will automatically lose when time's up. (requested by Argha321)
|
|t:|1760777301
|teamsize|p1|6
|teamsize|p2|6
|start
|switch|p1a: :gulp:|Meowscarada, F, shiny|100/100
|switch|p2a: Greninja|Greninja, M|100/100
|turn|1
|
|t:|1760777307
|switch|p2a: Infernape|Infernape, M|100/100
|move|p1a: :gulp:|U-turn|p2a: Infernape
|-start|p1a: :gulp:|typechange|Bug|[from] ability: Protean
|-resisted|p2a: Infernape
|-damage|p2a: Infernape|89/100
|
|t:|1760777321
|switch|p1a: hesgonnasaythenwor|Dragapult, M|100/100|[from] U-turn
|
|upkeep
|turn|2
|
|t:|1760777323
|move|p2a: Infernape|U-turn|p1a: hesgonnasaythenwor
|-resisted|p1a: hesgonnasaythenwor
|-damage|p1a: hesgonnasaythenwor|84/100
|
|t:|1760777325
|switch|p2a: Krookodile|Krookodile, F|100/100|[from] U-turn
|-ability|p2a: Krookodile|Intimidate|boost
|-unboost|p1a: hesgonnasaythenwor|atk|1
|move|p1a: hesgonnasaythenwor|Draco Meteor|p2a: Krookodile
|-damage|p2a: Krookodile|0 fnt
|-unboost|p1a: hesgonnasaythenwor|spa|2
|faint|p2a: Krookodile
|
|upkeep
|
|t:|1760777329
|switch|p2a: Greninja|Greninja, M|100/100
|turn|3
|
|t:|1760777334
|switch|p1a: :gulp:|Meowscarada, F, shiny|100/100
|move|p2a: Greninja|Ice Beam|p1a: :gulp:
|-supereffective|p1a: :gulp:
|-damage|p1a: :gulp:|5/100
|
|upkeep
|turn|4
|
|t:|1760777342
|move|p2a: Greninja|Water Shuriken|p1a: :gulp:
|-resisted|p1a: :gulp:
|-damage|p1a: :gulp:|0 fnt
|faint|p1a: :gulp:
|-ability|p2a: Greninja|Battle Bond|boost
|-boost|p2a: Greninja|atk|1
|-boost|p2a: Greninja|spa|1
|-boost|p2a: Greninja|spe|1
|-activate|p2a: Greninja|ability: Battle Bond
|-hitcount|p1: :gulp:|1
|
|upkeep
|
|t:|1760777348
|switch|p1a: Ting-Lu|Ting-Lu|100/100
|-ability|p1a: Ting-Lu|Vessel of Ruin
|turn|5
|
|t:|1760777357
|-terastallize|p2a: Greninja|Water
|-terastallize|p1a: Ting-Lu|Poison
|move|p2a: Greninja|Surf|p1a: Ting-Lu
|-damage|p1a: Ting-Lu|66/100
|move|p1a: Ting-Lu|Whirlwind|p2a: Greninja
|drag|p2a: Lycanroc|Lycanroc-Dusk, M|100/100
|
|-heal|p1a: Ting-Lu|72/100|[from] item: Leftovers
|upkeep
|turn|6
|
|t:|1760777370
|move|p2a: Lycanroc|Swords Dance|p2a: Lycanroc
|-boost|p2a: Lycanroc|atk|2
|move|p1a: Ting-Lu|Earthquake|p2a: Lycanroc
|-supereffective|p2a: Lycanroc
|-damage|p2a: Lycanroc|0 fnt
|faint|p2a: Lycanroc
|
|-heal|p1a: Ting-Lu|78/100|[from] item: Leftovers
|upkeep
|l|☆Argha321
|inactive|Argha321 disconnected and has a minute to reconnect!
|player|p2|
|inactive|Argha321 has 30 seconds to reconnect!
|inactive|Argha321 has 20 seconds to reconnect!
|inactive|Argha321 has 15 seconds to reconnect!
|inactive|Argha321 has 10 seconds to reconnect!
|inactive|Argha321 has 5 seconds to reconnect!
|-message|Argha321 lost due to inactivity.
|
|win|jarxP
|raw|jarxP's rating: 1180 &rarr; <strong>1204</strong><br />(+24 for winning)
|raw|Argha321's rating: 1164 &rarr; <strong>1140</strong><br />(-24 for losing)
|l|☆jarxP
|player|p1|
