|j|☆Etarnus XD
|j|☆one_angry_jew
|t:|1760861913
|gametype|singles
|player|p1|Etarnus XD|266|1307
|player|p2|one_angry_jew|169|1376
|gen|9
|tier|[Gen 9] OU
|rated|
|rule|HP Percentage Mod: HP is shown in percentages
|rule|Endless Battle Clause: Forcing endless battles is banned
|rule|Species Clause: Limit one of each Pokémon
|rule|OHKO Clause: OHKO moves are banned
|rule|Evasion Items Clause: Evasion items are banned
|rule|Evasion Moves Clause: Evasion moves are banned
|rule|Evasion Abilities Clause: Evasion abilities are banned
|rule|Sleep Moves Clause: Sleep-inducing moves are banned
|clearpoke
|poke|p1|Inteleon, M|
|poke|p1|Cinderace, F|
|poke|p1|Landorus-Therian, M|
|poke|p1|Clefable, M|
|poke|p1|Kingambit, M|
|poke|p1|Rillaboom, F|
|poke|p2|Vaporeon, M|
|poke|p2|Sylveon, M|
|poke|p2|Espeon, M|
|poke|p2|Jolteon, M|
|poke|p2|Glaceon, F|
|poke|p2|Umbreon, M|
|teampreview
|
|t:|1760861932
|teamsize|p1|6
|teamsize|p2|6
|start
|switch|p1a: Cinderace|Cinderace, F|100/100
|switch|p2a: Glaceon|Glaceon, F|100/100
|turn|1
|inactive|Battle timer is ON: inactive players will automatically lose when time's up. (requested by Etarnus XD)
|
|t:|1760861941
|switch|p2a: Umbreon|Umbreon, M|100/100
|move|p1a: Cinderace|Pyro Ball|p2a: Umbreon
|-damage|p2a: Umbreon|65/100
|
|-heal|p2a: Umbreon|71/100|[from] item: Leftovers
|upkeep
|turn|2
|
|t:|1760861950
|move|p1a: Cinderace|U-turn|p2a: Umbreon
|-start|p1a: Cinderace|typechange|Bug|[from] ability: Libero
|-supereffective|p2a: Umbreon
|-damage|p2a: Umbreon|30/100
|
|t:|1760861955
|switch|p1a: Kingambit|Kingambit, M|100/100|[from] U-turn
|move|p2a: Umbreon|Toxic|p1a: Kingambit
|-immune|p1a: Kingambit
|
|-heal|p2a: Umbreon|36/100|[from] item: Leftovers
|upkeep
|turn|3
|
|t:|1760861967
|move|p1a: Kingambit|Swords Dance|p1a: Kingambit
|-boost|p1a: Kingambit|atk|2
|move|p2a: Umbreon|Wish|p2a: Umbreon
|
|-heal|p2a: Umbreon|42/100|[from] item: Leftovers
|upkeep
|turn|4
|
|t:|1760861974
|move|p2a: Umbreon|Protect|p2a: Umbreon
|-singleturn|p2a: Umbreon|Protect
|move|p1a: Kingambit|Swords Dance|p1a: Kingambit
|-boost|p1a: Kingambit|atk|2
|
|-heal|p2a: Umbreon|92/100|[from] move: Wish|[wisher] Umbreon
|-heal|p2a: Umbreon|98/100|[from] item: Leftovers
|upkeep
|turn|5
|
|t:|1760861985
|move|p1a: Kingambit|Iron Head|p2a: Umbreon
|-damage|p2a: Umbreon|9/100
|move|p2a: Umbreon|Foul Play|p1a: Kingambit
|-resisted|p1a: Kingambit
|-damage|p1a: Kingambit|25/100
|
|-heal|p1a: Kingambit|31/100|[from] item: Leftovers
|-heal|p2a: Umbreon|15/100|[from] item: Leftovers
|upkeep
|turn|6
|
|t:|1760861995
|switch|p2a: Glaceon|Glaceon, F|100/100
|move|p1a: Kingambit|Kowtow Cleave|p2a: Glaceon
|-damage|p2a: Glaceon|0 fnt
|faint|p2a: Glaceon
|
|-heal|p1a: Kingambit|37/100|[from] item: Leftovers
|upkeep
|
|t:|1760861997
|switch|p2a: Espeon|Espeon, M|100/100
|turn|7
|
|t:|1760862008
|move|p1a: Kingambit|Sucker Punch||[still]
|-fail|p1a: Kingambit
|move|p2a: Espeon|Trick|p1a: Kingambit
|-activate|p2a: Espeon|move: Trick|[of] p1a: Kingambit
|-item|p1a: Kingambit|Choice Scarf|[from] move: Trick
|-item|p2a: Espeon|Leftovers|[from] move: Trick
|
|upkeep
|turn|8
|
|t:|1760862016
|switch|p2a: Umbreon|Umbreon, M|15/100
|move|p1a: Kingambit|Kowtow Cleave|p2a: Umbreon
|-resisted|p2a: Umbreon
|-damage|p2a: Umbreon|0 fnt
|faint|p2a: Umbreon
|
|upkeep
|
|t:|1760862021
|switch|p2a: Jolteon|Jolteon, M|100/100
|turn|9
|
|t:|1760862031
|move|p2a: Jolteon|Alluring Voice|p1a: Kingambit
|-damage|p1a: Kingambit|0 fnt
|faint|p1a: Kingambit
|-end|p1a: Kingambit|fallenundefined|[silent]
|
|upkeep
|
|t:|1760862036
|switch|p1a: Landorus|Landorus-Therian, M|100/100
|-ability|p1a: Landorus|Intimidate|boost
|-unboost|p2a: Jolteon|atk|1
|turn|10
|
|t:|1760862043
|move|p2a: Jolteon|Alluring Voice|p1a: Landorus
|-damage|p1a: Landorus|60/100
|move|p1a: Landorus|Stealth Rock|p2a: Jolteon
|-sidestart|p2: one_angry_jew|move: Stealth Rock
|
|upkeep
|turn|11
|
|t:|1760862049
|move|p2a: Jolteon|Alluring Voice|p1a: Landorus
|-damage|p1a: Landorus|21/100
|move|p1a: Landorus|Earth Power|p2a: Jolteon
|-supereffective|p2a: Jolteon
|-damage|p2a: Jolteon|23/100
|
|upkeep
|turn|12
|
|t:|1760862062
|switch|p1a: Rillaboom|Rillaboom, F|100/100
|-fieldstart|move: Grassy Terrain|[from] ability: Grassy Surge|[of] p1a: Rillaboom
|move|p2a: Jolteon|Alluring Voice|p1a: Rillaboom
|-damage|p1a: Rillaboom|57/100
|
|-heal|p2a: Jolteon|29/100|[from] Grassy Terrain
|-heal|p1a: Rillaboom|63/100|[from] Grassy Terrain
|upkeep
|turn|13
|
|t:|1760862076
|move|p1a: Rillaboom|Grassy Glide|p2a: Jolteon
|-damage|p2a: Jolteon|0 fnt
|faint|p2a: Jolteon
|
|-heal|p1a: Rillaboom|69/100|[from] Grassy Terrain
|upkeep
|
|t:|1760862082
|switch|p2a: Espeon|Espeon, M|100/100
|-damage|p2a: Espeon|88/100|[from] Stealth Rock
|turn|14
|
|t:|1760862095
|switch|p1a: Landorus|Landorus-Therian, M|21/100
|-ability|p1a: Landorus|Intimidate|boost
|-unboost|p2a: Espeon|atk|1
|move|p2a: Espeon|Psychic|p1a: Landorus
|-damage|p1a: Landorus|0 fnt
|faint|p1a: Landorus
|
|-heal|p2a: Espeon|94/100|[from] Grassy Terrain
|-heal|p2a: Espeon|100/100|[from] item: Leftovers
|upkeep
|
|t:|1760862110
|switch|p1a: Inteleon|Inteleon, M|100/100
|turn|15
|
|t:|1760862122
|switch|p2a: Vaporeon|Vaporeon, M|100/100
|-damage|p2a: Vaporeon|88/100|[from] Stealth Rock
|-terastallize|p1a: Inteleon|Water
|move|p1a: Inteleon|Snipe Shot|p2a: Vaporeon
|-heal|p2a: Vaporeon|100/100|[from] ability: Water Absorb|[of] p1a: Inteleon
|
|upkeep
|turn|16
|
|t:|1760862135
|switch|p1a: Clefable|Clefable, M|100/100
|-terastallize|p2a: Vaporeon|Ground
|move|p2a: Vaporeon|Ice Beam|p1a: Clefable
|-damage|p1a: Clefable|58/100
|
|-heal|p1a: Clefable|64/100|[from] Grassy Terrain
|upkeep
|turn|17
|
|t:|1760862148
|switch|p2a: Sylveon|Sylveon, M|100/100
|-damage|p2a: Sylveon|88/100|[from] Stealth Rock
|move|p1a: Clefable|Calm Mind|p1a: Clefable
|-boost|p1a: Clefable|spa|1
|-boost|p1a: Clefable|spd|1
|
|-heal|p1a: Clefable|71/100|[from] Grassy Terrain
|-heal|p2a: Sylveon|94/100|[from] Grassy Terrain
|upkeep
|turn|18
|
|t:|1760862160
|move|p1a: Clefable|Calm Mind|p1a: Clefable
|-boost|p1a: Clefable|spa|1
|-boost|p1a: Clefable|spd|1
|move|p2a: Sylveon|Hyper Voice|p1a: Clefable
|-damage|p1a: Clefable|45/100
|
|-heal|p1a: Clefable|51/100|[from] Grassy Terrain
|-heal|p2a: Sylveon|99/100|[from] Grassy Terrain
|upkeep
|turn|19
|
|t:|1760862170
|move|p2a: Sylveon|Hyper Voice|p1a: Clefable
|-damage|p1a: Clefable|25/100
|move|p1a: Clefable|Moonlight|p1a: Clefable
|-heal|p1a: Clefable|75/100
|
|-heal|p2a: Sylveon|100/100|[from] Grassy Terrain
|-heal|p1a: Clefable|81/100|[from] Grassy Terrain
|-fieldend|move: Grassy Terrain
|upkeep
|turn|20
|c|☆one_angry_jew|please crit this horrible thing
|
|t:|1760862184
|move|p2a: Sylveon|Hyper Voice|p1a: Clefable
|-damage|p1a: Clefable|54/100
|move|p1a: Clefable|Calm Mind|p1a: Clefable
|-boost|p1a: Clefable|spa|1
|-boost|p1a: Clefable|spd|1
|
|upkeep
|turn|21
|
|t:|1760862192
|move|p1a: Clefable|Moonlight|p1a: Clefable
|-heal|p1a: Clefable|100/100
|move|p2a: Sylveon|Hyper Voice|p1a: Clefable
|-damage|p1a: Clefable|81/100
|
|upkeep
|turn|22
|
|t:|1760862199
|move|p1a: Clefable|Moonblast|p2a: Sylveon
|-damage|p2a: Sylveon|56/100
|move|p2a: Sylveon|Hyper Voice|p1a: Clefable
|-damage|p1a: Clefable|61/100
|
|upkeep
|turn|23
|
|t:|1760862210
|move|p1a: Clefable|Moonblast|p2a: Sylveon
|-damage|p2a: Sylveon|11/100
|move|p2a: Sylveon|Psyshock|p1a: Clefable
|-damage|p1a: Clefable|39/100
|
|upkeep
|turn|24
|
|t:|1760862217
|move|p1a: Clefable|Moonlight|p1a: Clefable
|-heal|p1a: Clefable|89/100
|move|p2a: Sylveon|Hyper Voice|p1a: Clefable
|-damage|p1a: Clefable|69/100
|
|upkeep
|turn|25
|
|t:|1760862225
|move|p2a: Sylveon|Hyper Voice|p1a: Clefable
|-damage|p1a: Clefable|48/100
|move|p1a: Clefable|Moonblast|p2a: Sylveon
|-damage|p2a: Sylveon|0 fnt
|faint|p2a: Sylveon
|
|upkeep
|
|t:|1760862229
|switch|p2a: Espeon|Espeon, M|100/100
|-damage|p2a: Espeon|88/100|[from] Stealth Rock
|turn|26
|
|t:|1760862237
|move|p2a: Espeon|Psychic|p1a: Clefable
|-damage|p1a: Clefable|27/100
|move|p1a: Clefable|Moonblast|p2a: Espeon
|-damage|p2a: Espeon|0 fnt
|faint|p2a: Espeon
|
|upkeep
|
|t:|1760862240
|switch|p2a: Vaporeon|Vaporeon, M, tera:Ground|100/100
|-damage|p2a: Vaporeon|94/100|[from] Stealth Rock
|turn|27
|
|t:|1760862251
|move|p2a: Vaporeon|Scald|p1a: Clefable
|-damage|p1a: Clefable|4/100
|move|p1a: Clefable|Moonblast|p2a: Vaporeon
|-damage|p2a: Vaporeon|15/100
|
|upkeep
|turn|28
|
|t:|1760862258
|move|p2a: Vaporeon|Scald|p1a: Clefable
|-damage|p1a: Clefable|0 fnt
|faint|p1a: Clefable
|
|upkeep
|
|t:|1760862265
|switch|p1a: Inteleon|Inteleon, M, tera:Water|100/100
|turn|29
|
|t:|1760862270
|move|p1a: Inteleon|Ice Beam|p2a: Vaporeon
|-supereffective|p2a: Vaporeon
|-damage|p2a: Vaporeon|0 fnt
|faint|p2a: Vaporeon
|
|win|Etarnus XD
|raw|Etarnus XD's rating: 1307 &rarr; <strong>1331</strong><br />(+24 for winning)
|raw|one_angry_jew's rating: 1376 &rarr; <strong>1352</strong><br />(-24 for losing)
|l|☆Etarnus XD
|player|p1|
