|j|☆bighamsterbaseball
|j|☆peruanitopro1244
|t:|1760836585
|gametype|singles
|player|p1|bighamsterbaseball|pokemaniac|1426
|player|p2|peruanitopro1244|janitor|1388
|gen|9
|tier|[Gen 9] OU
|rated|
|rule|HP Percentage Mod: HP is shown in percentages
|rule|Endless Battle Clause: Forcing endless battles is banned
|rule|Species Clause: Limit one of each Pokémon
|rule|OHKO Clause: OHKO moves are banned
|rule|Evasion Items Clause: Evasion items are banned
|rule|Evasion Moves Clause: Evasion moves are banned
|rule|Evasion Abilities Clause: Evasion abilities are banned
|rule|Sleep Moves Clause: Sleep-inducing moves are banned
|clearpoke
|poke|p1|Exeggutor, F|
|poke|p1|Indeedee, M|
|poke|p1|Torkoal, F|
|poke|p1|Walking Wake|
|poke|p1|Great Tusk|
|poke|p1|Venusaur, F|
|poke|p2|Pelipper, M|
|poke|p2|Barraskewda, M|
|poke|p2|Iron Treads|
|poke|p2|Toxicroak, F|
|poke|p2|Zapdos|
|poke|p2|Tornadus-Therian, M|
|teampreview
|
|t:|1760836614
|teamsize|p1|6
|teamsize|p2|6
|start
|switch|p1a: Cuck Coin|Indeedee, M, shiny|100/100
|switch|p2a: Iron Treads|Iron Treads|100/100
|-fieldstart|move: Psychic Terrain|[from] ability: Psychic Surge|[of] p1a: Cuck Coin
|turn|1
|
|t:|1760836632
|switch|p1a: Zozolizerb|Great Tusk|100/100
|move|p2a: Iron Treads|Stealth Rock|p1a: Zozolizerb
|-sidestart|p1: bighamsterbaseball|move: Stealth Rock
|
|upkeep
|turn|2
|
|t:|1760836638
|-end|p2a: Iron Treads|Quark Drive|[silent]
|switch|p2a: Felipe|Pelipper, M|100/100
|-weather|RainDance|[from] ability: Drizzle|[of] p2a: Felipe
|move|p1a: Zozolizerb|Rapid Spin|p2a: Felipe
|-damage|p2a: Felipe|89/100
|-boost|p1a: Zozolizerb|spe|1
|-sideend|p1: bighamsterbaseball|Stealth Rock|[from] move: Rapid Spin|[of] p1a: Zozolizerb
|
|-weather|RainDance|[upkeep]
|upkeep
|turn|3
|
|t:|1760836648
|-end|p1a: Zozolizerb|Protosynthesis|[silent]
|switch|p1a: Goobersaur|Walking Wake|100/100
|move|p2a: Felipe|U-turn|p1a: Goobersaur
|-damage|p1a: Goobersaur|91/100
|
|t:|1760836676
|switch|p2a: Tornadus|Tornadus-Therian, M|100/100|[from] U-turn
|
|-weather|RainDance|[upkeep]
|upkeep
|turn|4
|
|t:|1760836685
|-terastallize|p2a: Tornadus|Steel
|move|p2a: Tornadus|Bleakwind Storm|p1a: Goobersaur
|-crit|p1a: Goobersaur
|-damage|p1a: Goobersaur|54/100
|-unboost|p1a: Goobersaur|spe|1
|move|p1a: Goobersaur|Hydro Steam|p2a: Tornadus
|-damage|p2a: Tornadus|46/100
|
|-weather|RainDance|[upkeep]
|upkeep
|turn|5
|
|t:|1760836705
|move|p2a: Tornadus|Bleakwind Storm|p1a: Goobersaur
|-damage|p1a: Goobersaur|31/100
|-unboost|p1a: Goobersaur|spe|1
|move|p1a: Goobersaur|Flip Turn|p2a: Tornadus
|-damage|p2a: Tornadus|19/100
|
|t:|1760836726
|-end|p1a: Goobersaur|Protosynthesis|[silent]
|switch|p1a: King Von|Exeggutor, F, shiny|100/100|[from] Flip Turn
|
|-weather|RainDance|[upkeep]
|upkeep
|turn|6
|
|t:|1760836731
|move|p1a: King Von|Endure|p1a: King Von
|-singleturn|p1a: King Von|move: Endure
|move|p2a: Tornadus|Bleakwind Storm|p1a: King Von
|-supereffective|p1a: King Von
|-activate|p1a: King Von|move: Endure
|-damage|p1a: King Von|1/100
|
|-weather|RainDance|[upkeep]
|upkeep
|turn|7
|-enditem|p1a: King Von|Custap Berry|[eat]
|-activate|p1a: King Von|item: Custap Berry|[consumed]
|
|t:|1760836739
|move|p1a: King Von|Expanding Force|p2a: Tornadus
|-resisted|p2a: Tornadus
|-damage|p2a: Tornadus|0 fnt
|faint|p2a: Tornadus
|
|-weather|RainDance|[upkeep]
|-item|p1a: King Von|Custap Berry|[from] ability: Harvest
|upkeep
|
|t:|1760836747
|switch|p2a: Barraskewda|Barraskewda, M|100/100
|turn|8
|-enditem|p1a: King Von|Custap Berry|[eat]
|-activate|p1a: King Von|item: Custap Berry|[consumed]
|
|t:|1760836754
|move|p1a: King Von|Energy Ball|p2a: Barraskewda
|-supereffective|p2a: Barraskewda
|-damage|p2a: Barraskewda|0 fnt
|faint|p2a: Barraskewda
|
|-weather|RainDance|[upkeep]
|-fieldend|move: Psychic Terrain
|upkeep
|
|t:|1760836780
|switch|p2a: Zapdos|Zapdos|100/100
|turn|9
|
|t:|1760836806
|move|p1a: King Von|Endure|p1a: King Von
|-singleturn|p1a: King Von|move: Endure
|move|p2a: Zapdos|Hurricane|p1a: King Von
|-supereffective|p1a: King Von
|-activate|p1a: King Von|move: Endure
|-damage|p1a: King Von|1/100
|-start|p1a: King Von|confusion
|
|-weather|none
|-item|p1a: King Von|Custap Berry|[from] ability: Harvest
|upkeep
|turn|10
|
|t:|1760836828
|switch|p2a: Felipe|Pelipper, M|89/100
|-weather|RainDance|[from] ability: Drizzle|[of] p2a: Felipe
|switch|p1a: Zozolizerb|Great Tusk|100/100
|
|-weather|RainDance|[upkeep]
|upkeep
|turn|11
|
|t:|1760836837
|move|p1a: Zozolizerb|Knock Off|p2a: Felipe
|-damage|p2a: Felipe|68/100
|-enditem|p2a: Felipe|Damp Rock|[from] move: Knock Off|[of] p1a: Zozolizerb
|move|p2a: Felipe|Hurricane|p1a: Zozolizerb
|-supereffective|p1a: Zozolizerb
|-damage|p1a: Zozolizerb|12/100
|
|-weather|RainDance|[upkeep]
|upkeep
|turn|12
|
|t:|1760836850
|move|p1a: Zozolizerb|Ice Spinner|p2a: Felipe
|-damage|p2a: Felipe|48/100
|move|p2a: Felipe|Hurricane|p1a: Zozolizerb
|-supereffective|p1a: Zozolizerb
|-damage|p1a: Zozolizerb|0 fnt
|faint|p1a: Zozolizerb
|-end|p1a: Zozolizerb|Protosynthesis|[silent]
|
|-weather|RainDance|[upkeep]
|upkeep
|
|t:|1760836862
|switch|p1a: Cuck Coin|Indeedee, M, shiny|100/100
|-fieldstart|move: Psychic Terrain|[from] ability: Psychic Surge|[of] p1a: Cuck Coin
|turn|13
|
|t:|1760836878
|switch|p1a: Mr. Turtle|Torkoal, F, shiny|100/100
|-weather|SunnyDay|[from] ability: Drought|[of] p1a: Mr. Turtle
|switch|p2a: Iron Treads|Iron Treads|100/100
|
|-weather|SunnyDay|[upkeep]
|upkeep
|turn|14
|
|t:|1760836903
|-terastallize|p1a: Mr. Turtle|Flying
|move|p2a: Iron Treads|Stealth Rock|p1a: Mr. Turtle
|-sidestart|p1: bighamsterbaseball|move: Stealth Rock
|move|p1a: Mr. Turtle|Stealth Rock|p2a: Iron Treads
|-sidestart|p2: peruanitopro1244|move: Stealth Rock
|
|-weather|SunnyDay|[upkeep]
|upkeep
|turn|15
|
|t:|1760836908
|move|p2a: Iron Treads|Volt Switch|p1a: Mr. Turtle
|-supereffective|p1a: Mr. Turtle
|-damage|p1a: Mr. Turtle|74/100
|
|t:|1760836910
|-end|p2a: Iron Treads|Quark Drive|[silent]
|switch|p2a: Felipe|Pelipper, M|48/100|[from] Volt Switch
|-damage|p2a: Felipe|23/100|[from] Stealth Rock
|-weather|RainDance|[from] ability: Drizzle|[of] p2a: Felipe
|move|p1a: Mr. Turtle|Rapid Spin|p2a: Felipe
|-damage|p2a: Felipe|16/100
|-boost|p1a: Mr. Turtle|spe|1
|-sideend|p1: bighamsterbaseball|Stealth Rock|[from] move: Rapid Spin|[of] p1a: Mr. Turtle
|
|-weather|RainDance|[upkeep]
|upkeep
|turn|16
|
|t:|1760836944
|switch|p2a: Zapdos|Zapdos|100/100
|-damage|p2a: Zapdos|76/100|[from] Stealth Rock
|switch|p1a: Cuck Coin|Indeedee, M, shiny|100/100
|
|-weather|RainDance|[upkeep]
|upkeep
|turn|17
|
|t:|1760836960
|move|p2a: Zapdos|Weather Ball|p1a: Cuck Coin
|-damage|p1a: Cuck Coin|13/100
|move|p1a: Cuck Coin|Expanding Force|p2a: Zapdos
|-damage|p2a: Zapdos|5/100
|
|-weather|RainDance|[upkeep]
|upkeep
|turn|18
|
|t:|1760836980
|move|p2a: Zapdos|Weather Ball|p1a: Cuck Coin
|-damage|p1a: Cuck Coin|0 fnt
|faint|p1a: Cuck Coin
|
|-weather|RainDance|[upkeep]
|upkeep
|
|t:|1760836987
|switch|p1a: Goobersaur|Walking Wake|31/100
|turn|19
|
|t:|1760836992
|move|p2a: Zapdos|Weather Ball|p1a: Goobersaur
|-resisted|p1a: Goobersaur
|-damage|p1a: Goobersaur|19/100
|move|p1a: Goobersaur|Flip Turn|p2a: Zapdos
|-damage|p2a: Zapdos|0 fnt
|faint|p2a: Zapdos
|
|t:|1760837003
|-end|p1a: Goobersaur|Protosynthesis|[silent]
|switch|p1a: King Von|Exeggutor, F, shiny|1/100|[from] Flip Turn
|
|-weather|none
|upkeep
|
|t:|1760837012
|switch|p2a: Iron Treads|Iron Treads|100/100
|-damage|p2a: Iron Treads|98/100|[from] Stealth Rock
|turn|20
|
|t:|1760837022
|switch|p1a: Mr. Turtle|Torkoal, F, shiny, tera:Flying|74/100
|-weather|SunnyDay|[from] ability: Drought|[of] p1a: Mr. Turtle
|move|p2a: Iron Treads|Rapid Spin|p1a: Mr. Turtle
|-damage|p1a: Mr. Turtle|65/100
|-boost|p2a: Iron Treads|spe|1
|-sideend|p2: peruanitopro1244|Stealth Rock|[from] move: Rapid Spin|[of] p2a: Iron Treads
|
|-weather|SunnyDay|[upkeep]
|-heal|p2a: Iron Treads|100/100|[from] item: Leftovers
|-fieldend|move: Psychic Terrain
|upkeep
|turn|21
|
|t:|1760837040
|switch|p1a: Toad from Mario|Venusaur, F|100/100
|move|p2a: Iron Treads|Volt Switch|p1a: Toad from Mario
|-resisted|p1a: Toad from Mario
|-damage|p1a: Toad from Mario|94/100
|
|t:|1760837043
|-end|p2a: Iron Treads|Quark Drive|[silent]
|switch|p2a: Felipe|Pelipper, M|16/100|[from] Volt Switch
|-weather|RainDance|[from] ability: Drizzle|[of] p2a: Felipe
|
|-weather|RainDance|[upkeep]
|upkeep
|turn|22
|
|t:|1760837054
|switch|p2a: Toxicroak|Toxicroak, F|100/100
|move|p1a: Toad from Mario|Weather Ball|p2a: Toxicroak
|-immune|p2a: Toxicroak|[from] ability: Dry Skin
|
|-weather|RainDance|[upkeep]
|upkeep
|turn|23
|
|t:|1760837070
|switch|p1a: Mr. Turtle|Torkoal, F, shiny, tera:Flying|65/100
|-weather|SunnyDay|[from] ability: Drought|[of] p1a: Mr. Turtle
|move|p2a: Toxicroak|Knock Off|p1a: Mr. Turtle
|-damage|p1a: Mr. Turtle|52/100
|-enditem|p1a: Mr. Turtle|Heat Rock|[from] move: Knock Off|[of] p2a: Toxicroak
|
|-weather|SunnyDay|[upkeep]
|-damage|p2a: Toxicroak|88/100|[from] ability: Dry Skin|[of] p2a: Toxicroak
|upkeep
|turn|24
|
|t:|1760837080
|switch|p2a: Felipe|Pelipper, M|16/100
|-weather|RainDance|[from] ability: Drizzle|[of] p2a: Felipe
|move|p1a: Mr. Turtle|Lava Plume|p2a: Felipe
|-resisted|p2a: Felipe
|-damage|p2a: Felipe|8/100
|
|-weather|RainDance|[upkeep]
|upkeep
|turn|25
|
|t:|1760837089
|move|p2a: Felipe|Roost|p2a: Felipe
|-heal|p2a: Felipe|58/100
|-singleturn|p2a: Felipe|move: Roost
|move|p1a: Mr. Turtle|Lava Plume|p2a: Felipe
|-resisted|p2a: Felipe
|-damage|p2a: Felipe|50/100
|
|-weather|RainDance|[upkeep]
|upkeep
|turn|26
|
|t:|1760837093
|move|p2a: Felipe|Roost|p2a: Felipe
|-heal|p2a: Felipe|99/100
|-singleturn|p2a: Felipe|move: Roost
|move|p1a: Mr. Turtle|Stealth Rock|p2a: Felipe
|-sidestart|p2: peruanitopro1244|move: Stealth Rock
|
|-weather|RainDance|[upkeep]
|upkeep
|turn|27
|
|t:|1760837097
|move|p2a: Felipe|Hurricane|p1a: Mr. Turtle
|-damage|p1a: Mr. Turtle|11/100
|-start|p1a: Mr. Turtle|confusion
|-activate|p1a: Mr. Turtle|confusion
|move|p1a: Mr. Turtle|Lava Plume|p2a: Felipe
|-resisted|p2a: Felipe
|-damage|p2a: Felipe|91/100
|
|-weather|RainDance|[upkeep]
|upkeep
|turn|28
|
|t:|1760837102
|move|p2a: Felipe|Hurricane|p1a: Mr. Turtle
|-damage|p1a: Mr. Turtle|0 fnt
|faint|p1a: Mr. Turtle
|
|-weather|none
|upkeep
|
|t:|1760837109
|switch|p1a: King Von|Exeggutor, F, shiny|1/100
|turn|29
|-enditem|p1a: King Von|Custap Berry|[eat]
|-activate|p1a: King Von|item: Custap Berry|[consumed]
|
|t:|1760837115
|move|p1a: King Von|Energy Ball|p2a: Felipe
|-damage|p2a: Felipe|21/100
|-unboost|p2a: Felipe|spd|1
|move|p2a: Felipe|U-turn|p1a: King Von
|-supereffective|p1a: King Von
|-damage|p1a: King Von|0 fnt
|faint|p1a: King Von
|-message|bighamsterbaseball forfeited.
|
|win|peruanitopro1244
|raw|bighamsterbaseball's rating: 1426 &rarr; <strong>1404</strong><br />(-22 for losing)
|raw|peruanitopro1244's rating: 1388 &rarr; <strong>1410</strong><br />(+22 for winning)
|l|☆bighamsterbaseball
|player|p1|
|l|☆peruanitopro1244
|player|p2|
