|j|☆pinkflu
|j|☆haocai99
|t:|1760860892
|gametype|singles
|player|p1|pinkflu|gentleman|1050
|player|p2|haocai99|102|1101
|gen|9
|tier|[Gen 9] OU
|rated|
|rule|HP Percentage Mod: HP is shown in percentages
|rule|Endless Battle Clause: Forcing endless battles is banned
|rule|Species Clause: Limit one of each Pokémon
|rule|OHKO Clause: OHKO moves are banned
|rule|Evasion Items Clause: Evasion items are banned
|rule|Evasion Moves Clause: Evasion moves are banned
|rule|Evasion Abilities Clause: Evasion abilities are banned
|rule|Sleep Moves Clause: Sleep-inducing moves are banned
|clearpoke
|poke|p1|Scizor, M|
|poke|p1|Yanmega, M|
|poke|p1|Slither Wing|
|poke|p1|Galvantula, M|
|poke|p1|Ribombee, M|
|poke|p1|Vespiquen, F|
|poke|p2|Ceruledge, M|
|poke|p2|Lucario, F|
|poke|p2|Greninja-*, M|
|poke|p2|Iron Hands|
|poke|p2|Meowscarada, M|
|poke|p2|Kleavor, M|
|teampreview
|inactive|Battle timer is ON: inactive players will automatically lose when time's up. (requested by haocai99)
|
|t:|1760860898
|teamsize|p1|6
|teamsize|p2|6
|start
|switch|p1a: Galvantula|Galvantula, M, shiny|100/100
|switch|p2a: Kleavor|Kleavor, M, shiny|100/100
|turn|1
|
|t:|1760860904
|move|p1a: Galvantula|Sticky Web|p2a: Kleavor
|-sidestart|p2: haocai99|move: Sticky Web
|move|p2a: Kleavor|Stone Axe|p1a: Galvantula
|-supereffective|p1a: Galvantula
|-enditem|p1a: Galvantula|Focus Sash
|-damage|p1a: Galvantula|1/100
|-sidestart|p1: pinkflu|move: Stealth Rock
|
|upkeep
|turn|2
|
|t:|1760860912
|move|p1a: Galvantula|Thunder Wave|p2a: Kleavor
|-status|p2a: Kleavor|par
|move|p2a: Kleavor|Trailblaze|p1a: Galvantula
|-resisted|p1a: Galvantula
|-damage|p1a: Galvantula|0 fnt
|-boost|p2a: Kleavor|spe|1
|faint|p1a: Galvantula
|
|upkeep
|
|t:|1760860924
|switch|p1a: Scizor|Scizor, M|100/100
|-damage|p1a: Scizor|88/100|[from] Stealth Rock
|turn|3
|
|t:|1760860931
|move|p1a: Scizor|Swords Dance|p1a: Scizor
|-boost|p1a: Scizor|atk|2
|move|p2a: Kleavor|Stone Axe|p1a: Scizor
|-damage|p1a: Scizor|34/100
|
|upkeep
|turn|4
|
|t:|1760860940
|move|p1a: Scizor|Bullet Punch|p2a: Kleavor
|-supereffective|p2a: Kleavor
|-enditem|p2a: Kleavor|Focus Sash
|-damage|p2a: Kleavor|1/100 par
|-damage|p1a: Scizor|24/100|[from] item: Life Orb
|cant|p2a: Kleavor|par
|
|upkeep
|turn|5
|
|t:|1760860951
|move|p1a: Scizor|Bullet Punch|p2a: Kleavor
|-supereffective|p2a: Kleavor
|-damage|p2a: Kleavor|0 fnt
|faint|p2a: Kleavor
|-damage|p1a: Scizor|14/100|[from] item: Life Orb
|
|upkeep
|
|t:|1760860953
|switch|p2a: Ceruledge|Ceruledge, M, shiny|100/100
|turn|6
|
|t:|1760860959
|move|p1a: Scizor|Bullet Punch|p2a: Ceruledge
|-resisted|p2a: Ceruledge
|-damage|p2a: Ceruledge|42/100
|-ability|p2a: Ceruledge|Weak Armor|boost
|-unboost|p2a: Ceruledge|def|1
|-boost|p2a: Ceruledge|spe|2
|-damage|p1a: Scizor|4/100|[from] item: Life Orb
|move|p2a: Ceruledge|Bitter Blade|p1a: Scizor
|-supereffective|p1a: Scizor
|-damage|p1a: Scizor|0 fnt
|-heal|p2a: Ceruledge|44/100|[from] drain|[of] p1a: Scizor
|faint|p1a: Scizor
|
|upkeep
|
|t:|1760860967
|switch|p1a: Slither Wing|Slither Wing|100/100
|-damage|p1a: Slither Wing|88/100|[from] Stealth Rock
|turn|7
|
|t:|1760860976
|-terastallize|p1a: Slither Wing|Water
|move|p2a: Ceruledge|Bitter Blade|p1a: Slither Wing
|-resisted|p1a: Slither Wing
|-damage|p1a: Slither Wing|54/100
|-heal|p2a: Ceruledge|61/100|[from] drain|[of] p1a: Slither Wing
|move|p1a: Slither Wing|Wild Charge|p2a: Ceruledge
|-damage|p2a: Ceruledge|0 fnt
|faint|p2a: Ceruledge
|-damage|p1a: Slither Wing|39/100|[from] Recoil
|
|upkeep
|
|t:|1760860982
|switch|p2a: Meowscarada|Meowscarada, M, shiny|100/100
|-activate|p2a: Meowscarada|move: Sticky Web
|-unboost|p2a: Meowscarada|spe|1
|turn|8
|
|t:|1760860988
|-end|p1a: Slither Wing|Protosynthesis|[silent]
|switch|p1a: Yanmega|Yanmega, M|100/100
|move|p2a: Meowscarada|Flower Trick|p1a: Yanmega
|-start|p2a: Meowscarada|typechange|Grass|[from] ability: Protean
|-resisted|p1a: Yanmega
|-crit|p1a: Yanmega
|-damage|p1a: Yanmega|84/100
|
|upkeep
|turn|9
|
|t:|1760861003
|move|p1a: Yanmega|Substitute|p1a: Yanmega
|-start|p1a: Yanmega|Substitute
|-damage|p1a: Yanmega|59/100
|move|p2a: Meowscarada|Knock Off|p1a: Yanmega
|-end|p1a: Yanmega|Substitute
|
|-ability|p1a: Yanmega|Speed Boost|boost
|-boost|p1a: Yanmega|spe|1
|upkeep
|turn|10
|
|t:|1760861011
|move|p1a: Yanmega|Air Slash|p2a: Meowscarada
|-supereffective|p2a: Meowscarada
|-damage|p2a: Meowscarada|21/100
|move|p2a: Meowscarada|Knock Off|p1a: Yanmega
|-damage|p1a: Yanmega|22/100
|-enditem|p1a: Yanmega|Heavy-Duty Boots|[from] move: Knock Off|[of] p2a: Meowscarada
|
|-ability|p1a: Yanmega|Speed Boost|boost
|-boost|p1a: Yanmega|spe|1
|upkeep
|turn|11
|
|t:|1760861018
|move|p1a: Yanmega|Bug Buzz|p2a: Meowscarada
|-supereffective|p2a: Meowscarada
|-damage|p2a: Meowscarada|0 fnt
|faint|p2a: Meowscarada
|
|-ability|p1a: Yanmega|Speed Boost|boost
|-boost|p1a: Yanmega|spe|1
|upkeep
|
|t:|1760861026
|switch|p2a: Greninja|Greninja, M|100/100
|-activate|p2a: Greninja|move: Sticky Web
|-unboost|p2a: Greninja|spe|1
|turn|12
|
|t:|1760861030
|move|p1a: Yanmega|Bug Buzz|p2a: Greninja
|-supereffective|p2a: Greninja
|-enditem|p2a: Greninja|Focus Sash
|-damage|p2a: Greninja|1/100
|move|p2a: Greninja|Ice Beam|p1a: Yanmega
|-supereffective|p1a: Yanmega
|-damage|p1a: Yanmega|0 fnt
|faint|p1a: Yanmega
|-ability|p2a: Greninja|Battle Bond|boost
|-boost|p2a: Greninja|atk|1
|-boost|p2a: Greninja|spa|1
|-boost|p2a: Greninja|spe|1
|-activate|p2a: Greninja|ability: Battle Bond
|
|upkeep
|
|t:|1760861050
|switch|p1a: Slither Wing|Slither Wing, tera:Water|39/100
|-damage|p1a: Slither Wing|27/100|[from] Stealth Rock
|turn|13
|
|t:|1760861067
|move|p1a: Slither Wing|Flare Blitz|p2a: Greninja
|-resisted|p2a: Greninja
|-damage|p2a: Greninja|0 fnt
|faint|p2a: Greninja
|-damage|p1a: Slither Wing|27/100|[from] Recoil
|
|upkeep
|
|t:|1760861070
|switch|p2a: Iron Hands|Iron Hands, shiny|100/100
|-activate|p2a: Iron Hands|move: Sticky Web
|-unboost|p2a: Iron Hands|spe|1
|turn|14
|-activate|p2a: Iron Hands|item: Quick Claw
|
|t:|1760861088
|move|p2a: Iron Hands|Thunder Punch|p1a: Slither Wing
|-supereffective|p1a: Slither Wing
|-damage|p1a: Slither Wing|0 fnt
|faint|p1a: Slither Wing
|-end|p1a: Slither Wing|Protosynthesis|[silent]
|
|upkeep
|
|t:|1760861098
|switch|p1a: Ribombee|Ribombee, M, shiny|100/100
|-damage|p1a: Ribombee|76/100|[from] Stealth Rock
|turn|15
|
|t:|1760861107
|-terastallize|p2a: Iron Hands|Steel
|move|p1a: Ribombee|Draining Kiss|p2a: Iron Hands
|-resisted|p2a: Iron Hands
|-damage|p2a: Iron Hands|87/100
|-heal|p1a: Ribombee|96/100|[from] drain|[of] p2a: Iron Hands
|move|p2a: Iron Hands|Iron Head|p1a: Ribombee
|-supereffective|p1a: Ribombee
|-damage|p1a: Ribombee|0 fnt
|faint|p1a: Ribombee
|
|upkeep
|
|t:|1760861114
|switch|p1a: Vespiquen|Vespiquen, F|100/100
|-damage|p1a: Vespiquen|51/100|[from] Stealth Rock
|-ability|p1a: Vespiquen|Pressure
|turn|16
|
|t:|1760861123
|move|p1a: Vespiquen|Defend Order|p1a: Vespiquen
|-boost|p1a: Vespiquen|def|1
|-boost|p1a: Vespiquen|spd|1
|move|p2a: Iron Hands|Iron Head|p1a: Vespiquen
|-damage|p1a: Vespiquen|17/100
|-enditem|p1a: Vespiquen|Sitrus Berry|[eat]
|-heal|p1a: Vespiquen|41/100|[from] item: Sitrus Berry
|
|upkeep
|turn|17
|
|t:|1760861129
|move|p1a: Vespiquen|Defend Order|p1a: Vespiquen
|-boost|p1a: Vespiquen|def|1
|-boost|p1a: Vespiquen|spd|1
|move|p2a: Iron Hands|Iron Head|p1a: Vespiquen
|-damage|p1a: Vespiquen|17/100
|
|upkeep
|turn|18
|
|t:|1760861137
|move|p1a: Vespiquen|Bug Buzz|p2a: Iron Hands
|-resisted|p2a: Iron Hands
|-damage|p2a: Iron Hands|75/100
|move|p2a: Iron Hands|Iron Head|p1a: Vespiquen
|-damage|p1a: Vespiquen|0 fnt
|faint|p1a: Vespiquen
|
|win|haocai99
|raw|pinkflu's rating: 1050 &rarr; <strong>1035</strong><br />(-15 for losing)
|raw|haocai99's rating: 1101 &rarr; <strong>1122</strong><br />(+21 for winning)
|l|☆pinkflu
|player|p1|
|l|☆haocai99
|player|p2|
