|j|☆bussst
|j|☆Sqpanda123
|t:|1760795205
|gametype|singles
|player|p1|bussst|harlequin|1120
|player|p2|Sqpanda123|raihan|1128
|gen|9
|tier|[Gen 9] OU
|rated|
|rule|HP Percentage Mod: HP is shown in percentages
|rule|Endless Battle Clause: Forcing endless battles is banned
|rule|Species Clause: Limit one of each Pokémon
|rule|OHKO Clause: OHKO moves are banned
|rule|Evasion Items Clause: Evasion items are banned
|rule|Evasion Moves Clause: Evasion moves are banned
|rule|Evasion Abilities Clause: Evasion abilities are banned
|rule|Sleep Moves Clause: Sleep-inducing moves are banned
|clearpoke
|poke|p1|Orthworm, F|
|poke|p1|Clodsire, F|
|poke|p1|Great Tusk|
|poke|p1|Slowking, F|
|poke|p1|Weavile, F|
|poke|p1|Pecharunt|
|poke|p2|Toxapex, F|
|poke|p2|Magcargo, M|
|poke|p2|Farigiraf, M|
|poke|p2|Slowking-Galar, M|
|poke|p2|Forretress, F|
|poke|p2|Quagsire, F|
|teampreview
|inactive|Battle timer is ON: inactive players will automatically lose when time's up. (requested by Sqpanda123)
|j| gcc sgew
|c|☆bussst|well well well
|
|t:|1760795225
|teamsize|p1|6
|teamsize|p2|6
|start
|switch|p1a: Clodsire|Clodsire, F, shiny|100/100
|switch|p2a: #beststaller|Toxapex, F|100/100
|turn|1
|c|☆Sqpanda123|?
|
|t:|1760795233
|move|p2a: #beststaller|Toxic Spikes|p1a: Clodsire
|-sidestart|p1: bussst|move: Toxic Spikes
|move|p1a: Clodsire|Stealth Rock|p2a: #beststaller
|-sidestart|p2: Sqpanda123|move: Stealth Rock
|
|upkeep
|turn|2
|c|☆bussst|stalll vs stall
|c|☆Sqpanda123|Hm
|c|☆Sqpanda123|Rlly?
|
|t:|1760795252
|move|p2a: #beststaller|Liquidation|p1a: Clodsire
|-supereffective|p1a: Clodsire
|-damage|p1a: Clodsire|60/100
|move|p1a: Clodsire|Earthquake|p2a: #beststaller
|-supereffective|p2a: #beststaller
|-damage|p2a: #beststaller|64/100
|-enditem|p2a: #beststaller|Weakness Policy
|-boost|p2a: #beststaller|atk|2|[from] item: Weakness Policy
|-boost|p2a: #beststaller|spa|2|[from] item: Weakness Policy
|
|-heal|p1a: Clodsire|66/100|[from] item: Leftovers
|upkeep
|turn|3
|
|t:|1760795260
|move|p2a: #beststaller|Liquidation|p1a: Clodsire
|-supereffective|p1a: Clodsire
|-crit|p1a: Clodsire
|-damage|p1a: Clodsire|0 fnt
|faint|p1a: Clodsire
|
|upkeep
|c|☆bussst|welp
|
|t:|1760795274
|switch|p1a: Pecharunt|Pecharunt|100/100
|-sideend|p1: bussst|move: Toxic Spikes|[of] p1a: Pecharunt
|turn|4
|
|t:|1760795283
|move|p1a: Pecharunt|Hex|p2a: #beststaller
|-damage|p2a: #beststaller|50/100
|move|p2a: #beststaller|Toxic Spikes|p1a: Pecharunt
|-sidestart|p1: bussst|move: Toxic Spikes
|
|upkeep
|turn|5
|
|t:|1760795289
|move|p1a: Pecharunt|Parting Shot|p2a: #beststaller
|-unboost|p2a: #beststaller|atk|1
|-unboost|p2a: #beststaller|spa|1
|
|t:|1760795291
|switch|p1a: Slowking|Slowking, F, shiny|100/100|[from] Parting Shot
|move|p2a: #beststaller|Recover|p2a: #beststaller
|-heal|p2a: #beststaller|100/100
|
|upkeep
|turn|6
|
|t:|1760795310
|move|p2a: #beststaller|Poison Jab|p1a: Slowking
|-damage|p1a: Slowking|70/100
|move|p1a: Slowking|Thunder Wave|p2a: #beststaller
|-status|p2a: #beststaller|par
|
|upkeep
|turn|7
|
|t:|1760795315
|switch|p1a: Pecharunt|Pecharunt|100/100
|-sideend|p1: bussst|move: Toxic Spikes|[of] p1a: Pecharunt
|cant|p2a: #beststaller|par
|
|upkeep
|turn|8
|
|t:|1760795326
|move|p1a: Pecharunt|Hex|p2a: #beststaller
|-damage|p2a: #beststaller|73/100 par
|move|p2a: #beststaller|Toxic Spikes|p1a: Pecharunt
|-sidestart|p1: bussst|move: Toxic Spikes
|
|upkeep
|turn|9
|
|t:|1760795332
|move|p1a: Pecharunt|Hex|p2a: #beststaller
|-damage|p2a: #beststaller|44/100 par
|move|p2a: #beststaller|Poison Jab|p1a: Pecharunt
|-resisted|p1a: Pecharunt
|-damage|p1a: Pecharunt|97/100
|
|upkeep
|turn|10
|
|t:|1760795340
|move|p1a: Pecharunt|Hex|p2a: #beststaller
|-damage|p2a: #beststaller|12/100 par
|move|p2a: #beststaller|Recover|p2a: #beststaller
|-heal|p2a: #beststaller|62/100 par
|
|upkeep
|turn|11
|
|t:|1760795348
|switch|p2a: Getting eaten|Farigiraf, M|100/100
|-damage|p2a: Getting eaten|88/100|[from] Stealth Rock
|move|p1a: Pecharunt|Parting Shot|p2a: Getting eaten
|-unboost|p2a: Getting eaten|atk|1
|-unboost|p2a: Getting eaten|spa|1
|
|t:|1760795369
|switch|p1a: Great Tusk|Great Tusk, shiny|100/100|[from] Parting Shot
|
|upkeep
|turn|12
|
|t:|1760795374
|move|p1a: Great Tusk|Knock Off|p2a: Getting eaten
|-supereffective|p2a: Getting eaten
|-damage|p2a: Getting eaten|18/100
|-enditem|p2a: Getting eaten|Choice Specs|[from] move: Knock Off|[of] p1a: Great Tusk
|move|p2a: Getting eaten|Psychic Noise|p1a: Great Tusk
|-supereffective|p1a: Great Tusk
|-damage|p1a: Great Tusk|21/100
|-start|p1a: Great Tusk|move: Heal Block
|
|upkeep
|turn|13
|
|t:|1760795382
|move|p1a: Great Tusk|Knock Off|p2a: Getting eaten
|-supereffective|p2a: Getting eaten
|-damage|p2a: Getting eaten|0 fnt
|faint|p2a: Getting eaten
|
|-end|p1a: Great Tusk|move: Heal Block
|upkeep
|c|☆Sqpanda123|Why is your whole team hdb
|
|t:|1760795398
|switch|p2a: Jacks|Forretress, F|100/100
|-damage|p2a: Jacks|88/100|[from] Stealth Rock
|turn|14
|
|t:|1760795406
|move|p1a: Great Tusk|Headlong Rush|p2a: Jacks
|-damage|p2a: Jacks|52/100
|-unboost|p1a: Great Tusk|def|1
|-unboost|p1a: Great Tusk|spd|1
|-damage|p1a: Great Tusk|5/100|[from] item: Rocky Helmet|[of] p2a: Jacks
|move|p2a: Jacks|Rapid Spin|p1a: Great Tusk
|-damage|p1a: Great Tusk|0 fnt
|-boost|p2a: Jacks|spe|1
|-sideend|p2: Sqpanda123|Stealth Rock|[from] move: Rapid Spin|[of] p2a: Jacks
|faint|p1a: Great Tusk
|-end|p1a: Great Tusk|Protosynthesis|[silent]
|
|upkeep
|
|t:|1760795416
|switch|p1a: Pecharunt|Pecharunt|97/100
|-sideend|p1: bussst|move: Toxic Spikes|[of] p1a: Pecharunt
|turn|15
|
|t:|1760795422
|move|p1a: Pecharunt|Parting Shot|p2a: Jacks
|-unboost|p2a: Jacks|atk|1
|-unboost|p2a: Jacks|spa|1
|
|t:|1760795425
|switch|p1a: Slowking|Slowking, F, shiny|100/100|[from] Parting Shot
|move|p2a: Jacks|Volt Switch|p1a: Slowking
|-supereffective|p1a: Slowking
|-damage|p1a: Slowking|92/100
|
|t:|1760795429
|switch|p2a: Pls laugh|Slowking-Galar, M|100/100|[from] Volt Switch
|
|upkeep
|turn|16
|
|t:|1760795439
|move|p2a: Pls laugh|Grass Knot|p1a: Slowking
|-supereffective|p1a: Slowking
|-damage|p1a: Slowking|48/100
|move|p1a: Slowking|Thunder Wave|p2a: Pls laugh
|-status|p2a: Pls laugh|par
|
|upkeep
|turn|17
|
|t:|1760795458
|switch|p2a: Turbo|Magcargo, M|100/100
|move|p1a: Slowking|Future Sight|p2a: Turbo
|-start|p1a: Slowking|move: Future Sight
|
|upkeep
|turn|18
|
|t:|1760795468
|move|p2a: Turbo|Shell Smash|p2a: Turbo
|-unboost|p2a: Turbo|def|1
|-unboost|p2a: Turbo|spd|1
|-boost|p2a: Turbo|atk|2
|-boost|p2a: Turbo|spa|2
|-boost|p2a: Turbo|spe|2
|-prepare|p1a: Slowking|Chilly Reception|[premajor]
|move|p1a: Slowking|Chilly Reception|p1a: Slowking
|-weather|Snowscape
|inactive|bussst has 120 seconds left.
|c|☆Sqpanda123|Why is there some guy watching us
|
|t:|1760795499
|switch|p1a: Weavile|Weavile, F, shiny|100/100|[from] Chilly Reception
|
|-weather|Snowscape|[upkeep]
|upkeep
|turn|19
|
|t:|1760795504
|move|p1a: Weavile|Knock Off|p2a: Turbo
|-damage|p2a: Turbo|24/100
|-ability|p2a: Turbo|Weak Armor|boost
|-unboost|p2a: Turbo|def|1
|-boost|p2a: Turbo|spe|2
|-enditem|p2a: Turbo|Focus Sash|[from] move: Knock Off|[of] p1a: Weavile
|move|p2a: Turbo|Flamethrower|p1a: Weavile
|-supereffective|p1a: Weavile
|-damage|p1a: Weavile|0 fnt
|faint|p1a: Weavile
|
|-weather|Snowscape|[upkeep]
|-end|p2a: Turbo|move: Future Sight
|-damage|p2a: Turbo|0 fnt
|faint|p2a: Turbo
|upkeep
|c|☆bussst|idk
|inactive|bussst has 120 seconds left.
|
|t:|1760795519
|switch|p1a: Orthworm|Orthworm, F, shiny|100/100
|switch|p2a: Jacks|Forretress, F|52/100
|turn|20
|
|t:|1760795524
|switch|p1a: Slowking|Slowking, F, shiny|81/100
|move|p2a: Jacks|Body Press|p1a: Slowking
|-resisted|p1a: Slowking
|-damage|p1a: Slowking|66/100
|
|-weather|Snowscape|[upkeep]
|upkeep
|turn|21
|c|☆Sqpanda123|Ouch
|
|t:|1760795530
|move|p2a: Jacks|Volt Switch|p1a: Slowking
|-supereffective|p1a: Slowking
|-damage|p1a: Slowking|53/100
|
|t:|1760795534
|switch|p2a: Pls laugh|Slowking-Galar, M|100/100 par|[from] Volt Switch
|move|p1a: Slowking|Future Sight|p2a: Pls laugh
|-start|p1a: Slowking|move: Future Sight
|
|-weather|Snowscape|[upkeep]
|upkeep
|turn|22
|
|t:|1760795547
|-prepare|p1a: Slowking|Chilly Reception|[premajor]
|move|p1a: Slowking|Chilly Reception|p1a: Slowking
|
|t:|1760795550
|switch|p1a: Pecharunt|Pecharunt|97/100|[from] Chilly Reception
|move|p2a: Pls laugh|Grass Knot|p1a: Pecharunt
|-resisted|p1a: Pecharunt
|-damage|p1a: Pecharunt|92/100
|
|-weather|none
|upkeep
|turn|23
|
|t:|1760795561
|switch|p2a: Benji dong|Quagsire, F|100/100
|move|p1a: Pecharunt|Hex|p2a: Benji dong
|-damage|p2a: Benji dong|74/100
|
|-end|p2a: Benji dong|move: Future Sight
|-damage|p2a: Benji dong|25/100
|-heal|p2a: Benji dong|31/100|[from] item: Leftovers
|upkeep
|turn|24
|
|t:|1760795572
|switch|p2a: Jacks|Forretress, F|52/100
|move|p1a: Pecharunt|Parting Shot|p2a: Jacks
|-unboost|p2a: Jacks|atk|1
|-unboost|p2a: Jacks|spa|1
|
|t:|1760795581
|switch|p1a: Orthworm|Orthworm, F, shiny|100/100|[from] Parting Shot
|
|upkeep
|turn|25
|
|t:|1760795586
|move|p1a: Orthworm|Body Press|p2a: Jacks
|-crit|p2a: Jacks
|-damage|p2a: Jacks|24/100
|-damage|p1a: Orthworm|84/100|[from] item: Rocky Helmet|[of] p2a: Jacks
|move|p2a: Jacks|Body Press|p1a: Orthworm
|-supereffective|p1a: Orthworm
|-damage|p1a: Orthworm|45/100
|-damage|p2a: Jacks|7/100|[from] item: Rocky Helmet|[of] p1a: Orthworm
|
|upkeep
|turn|26
|c|☆Sqpanda123|What in the body press
|
|t:|1760795601
|move|p1a: Orthworm|Spikes|p2a: Jacks
|-sidestart|p2: Sqpanda123|Spikes
|move|p2a: Jacks|Body Press|p1a: Orthworm
|-supereffective|p1a: Orthworm
|-damage|p1a: Orthworm|13/100
|-damage|p2a: Jacks|0 fnt|[from] item: Rocky Helmet|[of] p1a: Orthworm
|faint|p2a: Jacks
|
|upkeep
|
|t:|1760795608
|switch|p2a: #beststaller|Toxapex, F|62/100 par
|-damage|p2a: #beststaller|50/100 par|[from] Spikes
|turn|27
|
|t:|1760795613
|switch|p1a: Pecharunt|Pecharunt|92/100
|move|p2a: #beststaller|Recover|p2a: #beststaller
|-heal|p2a: #beststaller|99/100 par
|
|upkeep
|turn|28
|
|t:|1760795629
|move|p1a: Pecharunt|Parting Shot|p2a: #beststaller
|-unboost|p2a: #beststaller|atk|1
|-unboost|p2a: #beststaller|spa|1
|
|t:|1760795632
|switch|p1a: Slowking|Slowking, F, shiny|87/100|[from] Parting Shot
|move|p2a: #beststaller|Liquidation|p1a: Slowking
|-resisted|p1a: Slowking
|-damage|p1a: Slowking|80/100
|
|upkeep
|turn|29
|
|t:|1760795639
|move|p1a: Slowking|Future Sight|p2a: #beststaller
|-start|p1a: Slowking|move: Future Sight
|move|p2a: #beststaller|Poison Jab|p1a: Slowking
|-damage|p1a: Slowking|66/100
|
|upkeep
|turn|30
|
|t:|1760795644
|-prepare|p1a: Slowking|Chilly Reception|[premajor]
|move|p1a: Slowking|Chilly Reception|p1a: Slowking
|-weather|Snowscape
|
|t:|1760795647
|switch|p1a: Pecharunt|Pecharunt|92/100|[from] Chilly Reception
|move|p2a: #beststaller|Poison Jab|p1a: Pecharunt
|-resisted|p1a: Pecharunt
|-crit|p1a: Pecharunt
|-damage|p1a: Pecharunt|89/100
|
|-weather|Snowscape|[upkeep]
|upkeep
|turn|31
|
|t:|1760795655
|switch|p2a: Pls laugh|Slowking-Galar, M|100/100 par
|-damage|p2a: Pls laugh|88/100 par|[from] Spikes
|move|p1a: Pecharunt|Hex|p2a: Pls laugh
|-supereffective|p2a: Pls laugh
|-damage|p2a: Pls laugh|19/100 par
|
|-weather|Snowscape|[upkeep]
|-end|p2a: Pls laugh|move: Future Sight
|-damage|p2a: Pls laugh|0 fnt
|faint|p2a: Pls laugh
|upkeep
|
|t:|1760795665
|switch|p2a: #beststaller|Toxapex, F|99/100 par
|-damage|p2a: #beststaller|87/100 par|[from] Spikes
|turn|32
|c|☆Sqpanda123|Ow
|
|t:|1760795671
|move|p1a: Pecharunt|Parting Shot|p2a: #beststaller
|-unboost|p2a: #beststaller|atk|1
|-unboost|p2a: #beststaller|spa|1
|
|t:|1760795673
|switch|p1a: Slowking|Slowking, F, shiny|99/100|[from] Parting Shot
|move|p2a: #beststaller|Poison Jab|p1a: Slowking
|-damage|p1a: Slowking|85/100
|-status|p1a: Slowking|psn
|
|-weather|Snowscape|[upkeep]
|-damage|p1a: Slowking|73/100 psn|[from] psn
|upkeep
|turn|33
|
|t:|1760795681
|move|p1a: Slowking|Future Sight|p2a: #beststaller
|-start|p1a: Slowking|move: Future Sight
|cant|p2a: #beststaller|par
|
|-weather|Snowscape|[upkeep]
|-damage|p1a: Slowking|61/100 psn|[from] psn
|upkeep
|turn|34
|
|t:|1760795690
|switch|p1a: Pecharunt|Pecharunt|89/100
|cant|p2a: #beststaller|par
|
|-weather|none
|upkeep
|turn|35
|
|t:|1760795702
|move|p1a: Pecharunt|Malignant Chain|p2a: #beststaller
|-resisted|p2a: #beststaller
|-damage|p2a: #beststaller|76/100 par
|move|p2a: #beststaller|Liquidation|p1a: Pecharunt
|-damage|p1a: Pecharunt|82/100
|
|-end|p2a: #beststaller|move: Future Sight
|-supereffective|p2a: #beststaller
|-damage|p2a: #beststaller|13/100 par
|upkeep
|turn|36
|
|t:|1760795710
|move|p1a: Pecharunt|Hex|p2a: #beststaller
|-damage|p2a: #beststaller|0 fnt
|faint|p2a: #beststaller
|
|upkeep
|
|t:|1760795712
|switch|p2a: Benji dong|Quagsire, F|31/100
|-damage|p2a: Benji dong|19/100|[from] Spikes
|turn|37
|
|t:|1760795721
|move|p1a: Pecharunt|Parting Shot|p2a: Benji dong
|-unboost|p2a: Benji dong|atk|1
|-unboost|p2a: Benji dong|spa|1
|
|t:|1760795722
|switch|p1a: Slowking|Slowking, F, shiny|94/100 psn|[from] Parting Shot
|move|p2a: Benji dong|Stockpile|p2a: Benji dong
|-start|p2a: Benji dong|stockpile1
|-boost|p2a: Benji dong|def|1
|-boost|p2a: Benji dong|spd|1
|
|-heal|p2a: Benji dong|25/100|[from] item: Leftovers
|-damage|p1a: Slowking|81/100 psn|[from] psn
|upkeep
|turn|38
|c|☆Sqpanda123|Gg i have nothing
|
|t:|1760795735
|move|p2a: Benji dong|Stockpile|p2a: Benji dong
|-start|p2a: Benji dong|stockpile2
|-boost|p2a: Benji dong|def|1
|-boost|p2a: Benji dong|spd|1
|move|p1a: Slowking|Future Sight|p2a: Benji dong
|-start|p1a: Slowking|move: Future Sight
|
|-heal|p2a: Benji dong|31/100|[from] item: Leftovers
|-damage|p1a: Slowking|69/100 psn|[from] psn
|upkeep
|turn|39
|
|t:|1760795739
|move|p2a: Benji dong|Stockpile|p2a: Benji dong
|-start|p2a: Benji dong|stockpile3
|-boost|p2a: Benji dong|def|1
|-boost|p2a: Benji dong|spd|1
|-prepare|p1a: Slowking|Chilly Reception|[premajor]
|move|p1a: Slowking|Chilly Reception|p1a: Slowking
|-weather|Snowscape
|
|t:|1760795741
|switch|p1a: Pecharunt|Pecharunt|82/100|[from] Chilly Reception
|
|-weather|Snowscape|[upkeep]
|-heal|p2a: Benji dong|37/100|[from] item: Leftovers
|upkeep
|turn|40
|
|t:|1760795744
|move|p1a: Pecharunt|Malignant Chain|p2a: Benji dong
|-resisted|p2a: Benji dong
|-damage|p2a: Benji dong|30/100
|-status|p2a: Benji dong|tox
|-start|p2a: Benji dong|confusion|[from] ability: Poison Puppeteer|[of] p1a: Pecharunt
|-activate|p2a: Benji dong|confusion
|move|p2a: Benji dong|Swallow|p2a: Benji dong
|-heal|p2a: Benji dong|100/100 tox
|-unboost|p2a: Benji dong|def|3
|-unboost|p2a: Benji dong|spd|3
|-end|p2a: Benji dong|Stockpile
|
|-weather|Snowscape|[upkeep]
|-end|p2a: Benji dong|move: Future Sight
|-damage|p2a: Benji dong|53/100 tox
|-heal|p2a: Benji dong|59/100 tox|[from] item: Leftovers
|-damage|p2a: Benji dong|53/100 tox|[from] psn
|upkeep
|turn|41
|
|t:|1760795752
|move|p1a: Pecharunt|Hex|p2a: Benji dong
|-damage|p2a: Benji dong|2/100 tox
|-activate|p2a: Benji dong|confusion
|move|p2a: Benji dong|Stockpile|p2a: Benji dong
|-start|p2a: Benji dong|stockpile1
|-boost|p2a: Benji dong|def|1
|-boost|p2a: Benji dong|spd|1
|
|-weather|Snowscape|[upkeep]
|-heal|p2a: Benji dong|8/100 tox|[from] item: Leftovers
|-damage|p2a: Benji dong|0 fnt|[from] psn
|faint|p2a: Benji dong
|
|win|bussst
|raw|bussst's rating: 1120 &rarr; <strong>1146</strong><br />(+26 for winning)
|raw|Sqpanda123's rating: 1128 &rarr; <strong>1102</strong><br />(-26 for losing)
|l|☆bussst
|player|p1|
