|j|☆joven alex
|j|☆skmtmzaka
|t:|1760799146
|gametype|singles
|player|p1|joven alex|youngster-gen4dp|1315
|player|p2|skmtmzaka|scientist-gen4|1380
|gen|9
|tier|[Gen 9] OU
|rated|
|rule|HP Percentage Mod: HP is shown in percentages
|rule|Endless Battle Clause: Forcing endless battles is banned
|rule|Species Clause: Limit one of each Pokémon
|rule|OHKO Clause: OHKO moves are banned
|rule|Evasion Items Clause: Evasion items are banned
|rule|Evasion Moves Clause: Evasion moves are banned
|rule|Evasion Abilities Clause: Evasion abilities are banned
|rule|Sleep Moves Clause: Sleep-inducing moves are banned
|clearpoke
|poke|p1|Galvantula, F|
|poke|p1|Sinistcha|
|poke|p1|Great Tusk|
|poke|p1|Ninetales-Alola, F|
|poke|p1|Samurott-Hisui, F|
|poke|p1|Heatran, M|
|poke|p2|Alomomola, M|
|poke|p2|Gliscor, M|
|poke|p2|Corviknight, M|
|poke|p2|Blissey, F|
|poke|p2|Clodsire, M|
|poke|p2|Dondozo, F|
|teampreview
|inactive|Battle timer is ON: inactive players will automatically lose when time's up. (requested by skmtmzaka)
|
|t:|1760799163
|teamsize|p1|6
|teamsize|p2|6
|start
|switch|p1a: Galvantula|Galvantula, F|100/100
|switch|p2a: 天蝎王快守住|Gliscor, M, shiny|100/100
|turn|1
|
|t:|1760799170
|-terastallize|p1a: Galvantula|Ice
|move|p2a: 天蝎王快守住|Protect|p2a: 天蝎王快守住
|-singleturn|p2a: 天蝎王快守住|Protect
|move|p1a: Galvantula|Tera Blast|p2a: 天蝎王快守住|[anim] Tera Blast Ice
|-activate|p2a: 天蝎王快守住|move: Protect
|
|-status|p2a: 天蝎王快守住|tox|[from] item: Toxic Orb
|upkeep
|turn|2
|
|t:|1760799184
|switch|p2a: 蛋神|Blissey, F|100/100
|move|p1a: Galvantula|Sticky Web|p2a: 蛋神
|-sidestart|p2: skmtmzaka|move: Sticky Web
|
|upkeep
|turn|3
|
|t:|1760799193
|switch|p1a: Samurott|Samurott-Hisui, F|100/100
|move|p2a: 蛋神|Trick|p1a: Samurott
|-activate|p2a: 蛋神|move: Trick|[of] p1a: Samurott
|-item|p1a: Samurott|Choice Scarf|[from] move: Trick
|-item|p2a: 蛋神|Choice Scarf|[from] move: Trick
|
|upkeep
|turn|4
|
|t:|1760799208
|switch|p2a: 三旋击严厉的父亲|Alomomola, M|100/100
|-activate|p2a: 三旋击严厉的父亲|move: Sticky Web
|-unboost|p2a: 三旋击严厉的父亲|spe|1
|move|p1a: Samurott|Ceaseless Edge|p2a: 三旋击严厉的父亲
|-damage|p2a: 三旋击严厉的父亲|69/100
|-damage|p1a: Samurott|84/100|[from] item: Rocky Helmet|[of] p2a: 三旋击严厉的父亲
|-sidestart|p2: skmtmzaka|Spikes
|
|upkeep
|turn|5
|
|t:|1760799224
|move|p1a: Samurott|Ceaseless Edge|p2a: 三旋击严厉的父亲
|-damage|p2a: 三旋击严厉的父亲|40/100
|-damage|p1a: Samurott|67/100|[from] item: Rocky Helmet|[of] p2a: 三旋击严厉的父亲
|-sidestart|p2: skmtmzaka|Spikes
|move|p2a: 三旋击严厉的父亲|Flip Turn|p1a: Samurott
|-resisted|p1a: Samurott
|-damage|p1a: Samurott|58/100
|
|t:|1760799232
|switch|p2a: 天蝎王快守住|Gliscor, M, shiny|100/100 tox|[from] Flip Turn
|
|upkeep
|turn|6
|
|t:|1760799237
|move|p1a: Samurott|Ceaseless Edge|p2a: 天蝎王快守住|[miss]
|-miss|p1a: Samurott|p2a: 天蝎王快守住
|move|p2a: 天蝎王快守住|Toxic|p1a: Samurott
|-status|p1a: Samurott|tox
|
|-damage|p1a: Samurott|52/100 tox|[from] psn
|upkeep
|turn|7
|
|t:|1760799246
|switch|p1a: Ninetales|Ninetales-Alola, F|100/100
|-weather|Snowscape|[from] ability: Snow Warning|[of] p1a: Ninetales
|move|p2a: 天蝎王快守住|Protect||[still]
|-fail|p2a: 天蝎王快守住
|
|-weather|Snowscape|[upkeep]
|upkeep
|turn|8
|
|t:|1760799259
|switch|p2a: 蛋神|Blissey, F|100/100
|-activate|p2a: 蛋神|move: Sticky Web
|-unboost|p2a: 蛋神|spe|1
|-damage|p2a: 蛋神|84/100|[from] Spikes
|move|p1a: Ninetales|Blizzard|p2a: 蛋神
|-damage|p2a: 蛋神|71/100
|-status|p2a: 蛋神|frz
|
|-weather|Snowscape|[upkeep]
|upkeep
|turn|9
|
|t:|1760799272
|-curestatus|p2a: 蛋神|frz|[from] ability: Natural Cure
|switch|p2a: 我要除雾了|Corviknight, M, shiny|100/100
|-ability|p2a: 我要除雾了|Pressure
|move|p1a: Ninetales|Aurora Veil|p1a: Ninetales
|-sidestart|p1: joven alex|move: Aurora Veil
|
|-weather|Snowscape|[upkeep]
|upkeep
|turn|10
|
|t:|1760799284
|switch|p1a: Heatran|Heatran, M|100/100
|-item|p1a: Heatran|Air Balloon
|move|p2a: 我要除雾了|Defog|p1a: Heatran
|-unboost|p1a: Heatran|evasion|1
|-sideend|p1: joven alex|move: Aurora Veil
|-sideend|p2: skmtmzaka|Spikes|[from] move: Defog|[of] p2a: 我要除雾了
|-sideend|p2: skmtmzaka|Sticky Web|[from] move: Defog|[of] p2a: 我要除雾了
|
|-weather|Snowscape|[upkeep]
|upkeep
|turn|11
|
|t:|1760799294
|switch|p2a: 蛋神|Blissey, F|71/100
|move|p1a: Heatran|Lava Plume|p2a: 蛋神
|-crit|p2a: 蛋神
|-damage|p2a: 蛋神|50/100
|
|-weather|none
|upkeep
|turn|12
|
|t:|1760799304
|switch|p1a: Great Tusk|Great Tusk|100/100
|move|p2a: 蛋神|Trick|p1a: Great Tusk
|-activate|p2a: 蛋神|move: Trick|[of] p1a: Great Tusk
|-item|p1a: Great Tusk|Choice Scarf|[from] move: Trick
|-item|p2a: 蛋神|Assault Vest|[from] move: Trick
|
|upkeep
|turn|13
|
|t:|1760799312
|switch|p2a: 三旋击严厉的父亲|Alomomola, M|73/100
|move|p1a: Great Tusk|Knock Off|p2a: 三旋击严厉的父亲
|-damage|p2a: 三旋击严厉的父亲|50/100
|-damage|p1a: Great Tusk|84/100|[from] item: Rocky Helmet|[of] p2a: 三旋击严厉的父亲
|-enditem|p2a: 三旋击严厉的父亲|Rocky Helmet|[from] move: Knock Off|[of] p1a: Great Tusk
|
|upkeep
|turn|14
|
|t:|1760799323
|-end|p1a: Great Tusk|Protosynthesis|[silent]
|switch|p1a: Sinistcha|Sinistcha|100/100
|move|p2a: 三旋击严厉的父亲|Wish|p2a: 三旋击严厉的父亲
|
|upkeep
|turn|15
|
|t:|1760799333
|move|p1a: Sinistcha|Matcha Gotcha|p2a: 三旋击严厉的父亲
|-supereffective|p2a: 三旋击严厉的父亲
|-damage|p2a: 三旋击严厉的父亲|0 fnt
|faint|p2a: 三旋击严厉的父亲
|
|upkeep
|-message|skmtmzaka forfeited.
|
|win|joven alex
|raw|joven alex's rating: 1315 &rarr; <strong>1339</strong><br />(+24 for winning)
|raw|skmtmzaka's rating: 1380 &rarr; <strong>1356</strong><br />(-24 for losing)
|l|☆skmtmzaka
|player|p2|
|l|☆joven alex
|player|p1|
