|j|☆superbigmariofan1
|j|☆Trainer #39
|t:|1760789959
|gametype|singles
|player|p1|superbigmariofan1|2|1688
|player|p2|Trainer #39|bugsy|1744
|gen|9
|tier|[Gen 9] OU
|rated|
|rule|HP Percentage Mod: HP is shown in percentages
|rule|Endless Battle Clause: Forcing endless battles is banned
|rule|Species Clause: Limit one of each Pokémon
|rule|OHKO Clause: OHKO moves are banned
|rule|Evasion Items Clause: Evasion items are banned
|rule|Evasion Moves Clause: Evasion moves are banned
|rule|Evasion Abilities Clause: Evasion abilities are banned
|rule|Sleep Moves Clause: Sleep-inducing moves are banned
|clearpoke
|poke|p1|Kingambit, F|
|poke|p1|Cinderace, F|
|poke|p1|Landorus-Therian, M|
|poke|p1|Iron Valiant|
|poke|p1|Kyurem|
|poke|p1|Slowking-Galar, M|
|poke|p2|Blissey, F|
|poke|p2|Corviknight, M|
|poke|p2|Dondozo, M|
|poke|p2|Gliscor, M|
|poke|p2|Clefable, M|
|poke|p2|Slowking-Galar, M|
|teampreview
|inactive|Battle timer is ON: inactive players will automatically lose when time's up. (requested by superbigmariofan1)
|j| quetuo123
|
|t:|1760789975
|teamsize|p1|6
|teamsize|p2|6
|start
|switch|p1a: Kyurem|Kyurem, shiny|100/100
|switch|p2a: 🇮🇱=stop genocide|Gliscor, M|100/100
|-ability|p1a: Kyurem|Pressure
|turn|1
|
|t:|1760789982
|move|p2a: 🇮🇱=stop genocide|Protect|p2a: 🇮🇱=stop genocide
|-singleturn|p2a: 🇮🇱=stop genocide|Protect
|move|p1a: Kyurem|Substitute|p1a: Kyurem
|-start|p1a: Kyurem|Substitute
|-damage|p1a: Kyurem|76/100
|
|-heal|p1a: Kyurem|82/100|[from] item: Leftovers
|-status|p2a: 🇮🇱=stop genocide|tox|[from] item: Toxic Orb
|upkeep
|turn|2
|j| Bloodhound Q50
|
|t:|1760790008
|switch|p2a: LeJ/ovni/la lettre|Slowking-Galar, M|100/100
|move|p1a: Kyurem|Freeze-Dry|p2a: LeJ/ovni/la lettre
|-damage|p2a: LeJ/ovni/la lettre|75/100
|
|-heal|p1a: Kyurem|88/100|[from] item: Leftovers
|upkeep
|turn|3
|
|t:|1760790017
|move|p1a: Kyurem|Earth Power|p2a: LeJ/ovni/la lettre
|-supereffective|p2a: LeJ/ovni/la lettre
|-damage|p2a: LeJ/ovni/la lettre|29/100
|move|p2a: LeJ/ovni/la lettre|Sludge Bomb|p1a: Kyurem
|-end|p1a: Kyurem|Substitute
|
|-heal|p1a: Kyurem|94/100|[from] item: Leftovers
|upkeep
|turn|4
|
|t:|1760790022
|switch|p2a: brat|Blissey, F|100/100
|move|p1a: Kyurem|Substitute|p1a: Kyurem
|-start|p1a: Kyurem|Substitute
|-damage|p1a: Kyurem|69/100
|
|-heal|p1a: Kyurem|75/100|[from] item: Leftovers
|upkeep
|turn|5
|
|t:|1760790025
|move|p1a: Kyurem|Protect|p1a: Kyurem
|-singleturn|p1a: Kyurem|Protect
|move|p2a: brat|Calm Mind|p2a: brat
|-boost|p2a: brat|spa|1
|-boost|p2a: brat|spd|1
|
|-heal|p1a: Kyurem|81/100|[from] item: Leftovers
|upkeep
|turn|6
|
|t:|1760790030
|switch|p2a: LeJ/ovni/la lettre|Slowking-Galar, M|62/100
|move|p1a: Kyurem|Freeze-Dry|p2a: LeJ/ovni/la lettre
|-damage|p2a: LeJ/ovni/la lettre|36/100
|
|-heal|p1a: Kyurem|88/100|[from] item: Leftovers
|upkeep
|turn|7
|
|t:|1760790032
|switch|p2a: brat|Blissey, F|100/100
|move|p1a: Kyurem|Earth Power|p2a: brat
|-damage|p2a: brat|89/100
|-unboost|p2a: brat|spd|1
|
|-heal|p1a: Kyurem|94/100|[from] item: Leftovers
|upkeep
|turn|8
|
|t:|1760790036
|move|p1a: Kyurem|Freeze-Dry|p2a: brat
|-damage|p2a: brat|71/100
|move|p2a: brat|Calm Mind|p2a: brat
|-boost|p2a: brat|spa|1
|-boost|p2a: brat|spd|1
|
|-heal|p1a: Kyurem|99/100|[from] item: Leftovers
|upkeep
|turn|9
|
|t:|1760790041
|move|p1a: Kyurem|Freeze-Dry|p2a: brat
|-damage|p2a: brat|59/100
|move|p2a: brat|Calm Mind|p2a: brat
|-boost|p2a: brat|spa|1
|-boost|p2a: brat|spd|1
|
|-heal|p1a: Kyurem|100/100|[from] item: Leftovers
|upkeep
|turn|10
|
|t:|1760790043
|move|p1a: Kyurem|Freeze-Dry|p2a: brat
|-damage|p2a: brat|51/100
|move|p2a: brat|Calm Mind|p2a: brat
|-boost|p2a: brat|spa|1
|-boost|p2a: brat|spd|1
|
|upkeep
|turn|11
|
|t:|1760790047
|switch|p1a: Kingambit|Kingambit, F|100/100
|move|p2a: brat|Soft-Boiled|p2a: brat
|-heal|p2a: brat|100/100
|
|upkeep
|turn|12
|
|t:|1760790050
|switch|p2a: 🇮🇱=stop genocide|Gliscor, M|100/100 tox
|move|p1a: Kingambit|Iron Head|p2a: 🇮🇱=stop genocide
|-damage|p2a: 🇮🇱=stop genocide|69/100 tox
|
|-heal|p2a: 🇮🇱=stop genocide|82/100 tox|[from] ability: Poison Heal
|upkeep
|turn|13
|
|t:|1760790077
|-end|p1a: Kingambit|fallenundefined|[silent]
|switch|p1a: Slowking|Slowking-Galar, M, shiny|100/100
|move|p2a: 🇮🇱=stop genocide|Toxic|p1a: Slowking
|-immune|p1a: Slowking
|
|-heal|p2a: 🇮🇱=stop genocide|94/100 tox|[from] ability: Poison Heal
|upkeep
|turn|14
|
|t:|1760790081
|switch|p2a: LeJ/ovni/la lettre|Slowking-Galar, M|69/100
|switch|p1a: Landorus|Landorus-Therian, M, shiny|100/100
|-ability|p1a: Landorus|Intimidate|boost
|-unboost|p2a: LeJ/ovni/la lettre|atk|1
|
|upkeep
|turn|15
|
|t:|1760790090
|switch|p2a: 🇮🇱=stop genocide|Gliscor, M|94/100 tox
|move|p1a: Landorus|Taunt|p2a: 🇮🇱=stop genocide
|-start|p2a: 🇮🇱=stop genocide|move: Taunt
|
|-heal|p2a: 🇮🇱=stop genocide|100/100 tox|[from] ability: Poison Heal
|upkeep
|turn|16
|
|t:|1760790097
|move|p1a: Landorus|Rock Tomb|p2a: 🇮🇱=stop genocide|[miss]
|-miss|p1a: Landorus|p2a: 🇮🇱=stop genocide
|move|p2a: 🇮🇱=stop genocide|Earthquake|p1a: Landorus
|-immune|p1a: Landorus
|
|upkeep
|turn|17
|
|t:|1760790101
|switch|p2a: Charlie Kirk: idc|Corviknight, M|100/100
|-ability|p2a: Charlie Kirk: idc|Pressure
|move|p1a: Landorus|Rock Tomb|p2a: Charlie Kirk: idc
|-damage|p2a: Charlie Kirk: idc|89/100
|-unboost|p2a: Charlie Kirk: idc|spe|1
|
|upkeep
|turn|18
|
|t:|1760790115
|switch|p1a: Kyurem|Kyurem, shiny|100/100
|-ability|p1a: Kyurem|Pressure
|switch|p2a: 🇮🇱=stop genocide|Gliscor, M|100/100 tox
|
|upkeep
|turn|19
|
|t:|1760790120
|switch|p2a: LeJ/ovni/la lettre|Slowking-Galar, M|100/100
|move|p1a: Kyurem|Substitute|p1a: Kyurem
|-start|p1a: Kyurem|Substitute
|-damage|p1a: Kyurem|76/100
|
|-heal|p1a: Kyurem|82/100|[from] item: Leftovers
|upkeep
|turn|20
|
|t:|1760790123
|move|p1a: Kyurem|Earth Power|p2a: LeJ/ovni/la lettre
|-supereffective|p2a: LeJ/ovni/la lettre
|-damage|p2a: LeJ/ovni/la lettre|54/100
|move|p2a: LeJ/ovni/la lettre|Sludge Bomb|p1a: Kyurem
|-end|p1a: Kyurem|Substitute
|
|-heal|p1a: Kyurem|88/100|[from] item: Leftovers
|upkeep
|turn|21
|
|t:|1760790126
|switch|p2a: brat|Blissey, F|100/100
|move|p1a: Kyurem|Protect||[still]
|-fail|p1a: Kyurem
|
|-heal|p1a: Kyurem|94/100|[from] item: Leftovers
|upkeep
|turn|22
|
|t:|1760790131
|switch|p2a: LeJ/ovni/la lettre|Slowking-Galar, M|87/100
|move|p1a: Kyurem|Substitute|p1a: Kyurem
|-start|p1a: Kyurem|Substitute
|-damage|p1a: Kyurem|69/100
|
|-heal|p1a: Kyurem|75/100|[from] item: Leftovers
|upkeep
|turn|23
|
|t:|1760790135
|move|p1a: Kyurem|Earth Power|p2a: LeJ/ovni/la lettre
|-supereffective|p2a: LeJ/ovni/la lettre
|-damage|p2a: LeJ/ovni/la lettre|40/100
|-unboost|p2a: LeJ/ovni/la lettre|spd|1
|move|p2a: LeJ/ovni/la lettre|Sludge Bomb|p1a: Kyurem
|-end|p1a: Kyurem|Substitute
|
|-heal|p1a: Kyurem|81/100|[from] item: Leftovers
|upkeep
|turn|24
|
|t:|1760790141
|switch|p2a: brat|Blissey, F|100/100
|move|p1a: Kyurem|Substitute|p1a: Kyurem
|-start|p1a: Kyurem|Substitute
|-damage|p1a: Kyurem|57/100
|
|-heal|p1a: Kyurem|63/100|[from] item: Leftovers
|upkeep
|turn|25
|
|t:|1760790143
|move|p1a: Kyurem|Freeze-Dry|p2a: brat
|-damage|p2a: brat|89/100
|move|p2a: brat|Calm Mind|p2a: brat
|-boost|p2a: brat|spa|1
|-boost|p2a: brat|spd|1
|
|-heal|p1a: Kyurem|69/100|[from] item: Leftovers
|upkeep
|turn|26
|
|t:|1760790148
|switch|p1a: Kingambit|Kingambit, F|100/100
|move|p2a: brat|Calm Mind|p2a: brat
|-boost|p2a: brat|spa|1
|-boost|p2a: brat|spd|1
|
|upkeep
|turn|27
|
|t:|1760790152
|switch|p2a: 🇮🇱=stop genocide|Gliscor, M|100/100 tox
|move|p1a: Kingambit|Swords Dance|p1a: Kingambit
|-boost|p1a: Kingambit|atk|2
|
|upkeep
|turn|28
|
|t:|1760790156
|switch|p2a: 808 and curses|Dondozo, M|100/100
|move|p1a: Kingambit|Kowtow Cleave|p2a: 808 and curses
|-damage|p2a: 808 and curses|78/100
|
|-heal|p2a: 808 and curses|84/100|[from] item: Leftovers
|upkeep
|turn|29
|
|t:|1760790163
|-end|p1a: Kingambit|fallenundefined|[silent]
|switch|p1a: Slowking|Slowking-Galar, M, shiny|100/100
|move|p2a: 808 and curses|Waterfall|p1a: Slowking
|-damage|p1a: Slowking|71/100
|
|-heal|p2a: 808 and curses|90/100|[from] item: Leftovers
|upkeep
|turn|30
|
|t:|1760790166
|switch|p2a: LeJ/ovni/la lettre|Slowking-Galar, M|73/100
|-prepare|p1a: Slowking|Chilly Reception|[premajor]
|move|p1a: Slowking|Chilly Reception|p1a: Slowking
|-weather|Snowscape
|
|t:|1760790172
|switch|p1a: Kingambit|Kingambit, F|100/100|[from] Chilly Reception
|
|-weather|Snowscape|[upkeep]
|upkeep
|turn|31
|
|t:|1760790179
|switch|p2a: 808 and curses|Dondozo, M|90/100
|move|p1a: Kingambit|Swords Dance|p1a: Kingambit
|-boost|p1a: Kingambit|atk|2
|
|-weather|Snowscape|[upkeep]
|-heal|p2a: 808 and curses|96/100|[from] item: Leftovers
|upkeep
|turn|32
|
|t:|1760790182
|-end|p1a: Kingambit|fallenundefined|[silent]
|switch|p1a: Slowking|Slowking-Galar, M, shiny|100/100
|move|p2a: 808 and curses|Waterfall|p1a: Slowking
|-damage|p1a: Slowking|75/100
|
|-weather|Snowscape|[upkeep]
|-heal|p2a: 808 and curses|100/100|[from] item: Leftovers
|upkeep
|turn|33
|
|t:|1760790187
|switch|p2a: LeJ/ovni/la lettre|Slowking-Galar, M|100/100
|-prepare|p1a: Slowking|Chilly Reception|[premajor]
|move|p1a: Slowking|Chilly Reception|p1a: Slowking
|
|t:|1760790191
|switch|p1a: Kingambit|Kingambit, F|100/100|[from] Chilly Reception
|
|-weather|Snowscape|[upkeep]
|upkeep
|turn|34
|c| Bloodhound Q50|if that was a mixed Kyurem this would be over
|j| Disscratch
|c|☆superbigmariofan1|i was playing mixed kyurem last game into a balance team
|c|☆superbigmariofan1|and now im playing sub protect into stall
|c| Bloodhound Q50|oh damn lol
|inactive|superbigmariofan1 has 120 seconds left.
|
|t:|1760790230
|switch|p2a: 808 and curses|Dondozo, M|100/100
|-end|p1a: Kingambit|fallenundefined|[silent]
|switch|p1a: Kyurem|Kyurem, shiny|69/100
|-ability|p1a: Kyurem|Pressure
|
|-weather|none
|-heal|p1a: Kyurem|75/100|[from] item: Leftovers
|upkeep
|turn|35
|inactive|superbigmariofan1 has 120 seconds left.
|
|t:|1760790238
|switch|p2a: LeJ/ovni/la lettre|Slowking-Galar, M|100/100
|move|p1a: Kyurem|Substitute|p1a: Kyurem
|-start|p1a: Kyurem|Substitute
|-damage|p1a: Kyurem|50/100
|
|-heal|p1a: Kyurem|56/100|[from] item: Leftovers
|upkeep
|turn|36
|
|t:|1760790243
|move|p1a: Kyurem|Protect|p1a: Kyurem
|-singleturn|p1a: Kyurem|Protect
|move|p2a: LeJ/ovni/la lettre|Future Sight|p1a: Kyurem
|-start|p2a: LeJ/ovni/la lettre|move: Future Sight
|
|-heal|p1a: Kyurem|62/100|[from] item: Leftovers
|upkeep
|turn|37
|
|t:|1760790246
|switch|p2a: brat|Blissey, F|89/100
|move|p1a: Kyurem|Earth Power|p2a: brat
|-damage|p2a: brat|78/100
|
|-heal|p1a: Kyurem|69/100|[from] item: Leftovers
|upkeep
|turn|38
|
|t:|1760790252
|switch|p2a: LeJ/ovni/la lettre|Slowking-Galar, M|100/100
|move|p1a: Kyurem|Earth Power|p2a: LeJ/ovni/la lettre
|-supereffective|p2a: LeJ/ovni/la lettre
|-damage|p2a: LeJ/ovni/la lettre|54/100
|
|-end|p1a: Kyurem|move: Future Sight
|-end|p1a: Kyurem|Substitute
|-heal|p1a: Kyurem|75/100|[from] item: Leftovers
|upkeep
|turn|39
|
|t:|1760790258
|switch|p2a: brat|Blissey, F|78/100
|move|p1a: Kyurem|Protect||[still]
|-fail|p1a: Kyurem
|
|-heal|p1a: Kyurem|81/100|[from] item: Leftovers
|upkeep
|turn|40
|
|t:|1760790265
|switch|p2a: LeJ/ovni/la lettre|Slowking-Galar, M|88/100
|move|p1a: Kyurem|Substitute|p1a: Kyurem
|-start|p1a: Kyurem|Substitute
|-damage|p1a: Kyurem|56/100
|
|-heal|p1a: Kyurem|62/100|[from] item: Leftovers
|upkeep
|turn|41
|inactive|Trainer #39 has 120 seconds left.
|
|t:|1760790317
|move|p1a: Kyurem|Freeze-Dry|p2a: LeJ/ovni/la lettre
|-damage|p2a: LeJ/ovni/la lettre|63/100
|move|p2a: LeJ/ovni/la lettre|Sludge Bomb|p1a: Kyurem
|-end|p1a: Kyurem|Substitute
|
|-heal|p1a: Kyurem|68/100|[from] item: Leftovers
|upkeep
|turn|42
|
|t:|1760790327
|switch|p2a: brat|Blissey, F|78/100
|move|p1a: Kyurem|Protect||[still]
|-fail|p1a: Kyurem
|
|-heal|p1a: Kyurem|75/100|[from] item: Leftovers
|upkeep
|turn|43
|c|☆superbigmariofan1|i wish we could draw
|
|t:|1760790350
|switch|p1a: Slowking|Slowking-Galar, M, shiny|100/100
|move|p2a: brat|Calm Mind|p2a: brat
|-boost|p2a: brat|spa|1
|-boost|p2a: brat|spd|1
|
|upkeep
|turn|44
|c| Bloodhound Q50|you gotta finish him off
|c| Bloodhound Q50|pause
|
|t:|1760790369
|switch|p2a: LeJ/ovni/la lettre|Slowking-Galar, M|96/100
|move|p1a: Slowking|Sludge Bomb|p2a: LeJ/ovni/la lettre
|-resisted|p2a: LeJ/ovni/la lettre
|-damage|p2a: LeJ/ovni/la lettre|84/100
|
|upkeep
|turn|45
|
|t:|1760790389
|move|p2a: LeJ/ovni/la lettre|Thunder Wave|p1a: Slowking
|-status|p1a: Slowking|par
|move|p1a: Slowking|Thunder Wave|p2a: LeJ/ovni/la lettre
|-status|p2a: LeJ/ovni/la lettre|par
|
|upkeep
|turn|46
|c|☆superbigmariofan1|type shit
|
|t:|1760790403
|switch|p2a: brat|Blissey, F|78/100
|cant|p1a: Slowking|par
|
|upkeep
|turn|47
|inactive|Trainer #39 has 120 seconds left.
|
|t:|1760790414
|switch|p2a: LeJ/ovni/la lettre|Slowking-Galar, M|100/100 par
|move|p1a: Slowking|Psychic Noise|p2a: LeJ/ovni/la lettre
|-damage|p2a: LeJ/ovni/la lettre|79/100 par
|-start|p2a: LeJ/ovni/la lettre|move: Heal Block
|
|upkeep
|turn|48
|inactive|Trainer #39 has 120 seconds left.
|
|t:|1760790421
|switch|p1a: Kingambit|Kingambit, F|100/100
|move|p2a: LeJ/ovni/la lettre|Trick|p1a: Kingambit
|-activate|p2a: LeJ/ovni/la lettre|move: Trick|[of] p1a: Kingambit
|-item|p1a: Kingambit|Choice Scarf|[from] move: Trick
|-item|p2a: LeJ/ovni/la lettre|Leftovers|[from] move: Trick
|
|-end|p2a: LeJ/ovni/la lettre|move: Heal Block
|upkeep
|turn|49
|
|t:|1760790439
|-end|p1a: Kingambit|fallenundefined|[silent]
|switch|p1a: Landorus|Landorus-Therian, M, shiny|100/100
|-ability|p1a: Landorus|Intimidate|boost
|-unboost|p2a: LeJ/ovni/la lettre|atk|1
|switch|p2a: 🇮🇱=stop genocide|Gliscor, M|100/100 tox
|
|upkeep
|turn|50
|
|t:|1760790444
|move|p1a: Landorus|Taunt|p2a: 🇮🇱=stop genocide
|-start|p2a: 🇮🇱=stop genocide|move: Taunt
|cant|p2a: 🇮🇱=stop genocide|move: Taunt|Toxic
|
|upkeep
|turn|51
|
|t:|1760790450
|move|p1a: Landorus|Rock Tomb|p2a: 🇮🇱=stop genocide
|-damage|p2a: 🇮🇱=stop genocide|88/100 tox
|-unboost|p2a: 🇮🇱=stop genocide|spe|1
|move|p2a: 🇮🇱=stop genocide|Earthquake|p1a: Landorus
|-immune|p1a: Landorus
|
|-heal|p2a: 🇮🇱=stop genocide|100/100 tox|[from] ability: Poison Heal
|upkeep
|turn|52
|
|t:|1760790454
|switch|p2a: Charlie Kirk: idc|Corviknight, M|89/100
|-ability|p2a: Charlie Kirk: idc|Pressure
|move|p1a: Landorus|Rock Tomb|p2a: Charlie Kirk: idc
|-damage|p2a: Charlie Kirk: idc|77/100
|-unboost|p2a: Charlie Kirk: idc|spe|1
|
|upkeep
|turn|53
|
|t:|1760790456
|switch|p2a: 🇮🇱=stop genocide|Gliscor, M|100/100 tox
|move|p1a: Landorus|Taunt|p2a: 🇮🇱=stop genocide
|-start|p2a: 🇮🇱=stop genocide|move: Taunt
|
|upkeep
|turn|54
|
|t:|1760790460
|switch|p2a: Charlie Kirk: idc|Corviknight, M|77/100
|-ability|p2a: Charlie Kirk: idc|Pressure
|move|p1a: Landorus|Rock Tomb|p2a: Charlie Kirk: idc
|-crit|p2a: Charlie Kirk: idc
|-damage|p2a: Charlie Kirk: idc|60/100
|-unboost|p2a: Charlie Kirk: idc|spe|1
|
|upkeep
|turn|55
|
|t:|1760790463
|move|p1a: Landorus|Taunt|p2a: Charlie Kirk: idc
|-start|p2a: Charlie Kirk: idc|move: Taunt
|cant|p2a: Charlie Kirk: idc|move: Taunt|Roost
|
|upkeep
|turn|56
|
|t:|1760790468
|switch|p2a: 🇮🇱=stop genocide|Gliscor, M|100/100 tox
|move|p1a: Landorus|Rock Tomb|p2a: 🇮🇱=stop genocide
|-damage|p2a: 🇮🇱=stop genocide|88/100 tox
|-unboost|p2a: 🇮🇱=stop genocide|spe|1
|
|-heal|p2a: 🇮🇱=stop genocide|99/100 tox|[from] ability: Poison Heal
|upkeep
|turn|57
|
|t:|1760790471
|switch|p2a: 808 and curses|Dondozo, M|100/100
|move|p1a: Landorus|Taunt|p2a: 808 and curses
|-start|p2a: 808 and curses|move: Taunt
|
|upkeep
|turn|58
|
|t:|1760790474
|move|p1a: Landorus|U-turn|p2a: 808 and curses
|-damage|p2a: 808 and curses|90/100
|
|t:|1760790478
|switch|p1a: Kyurem|Kyurem, shiny|75/100|[from] U-turn
|-ability|p1a: Kyurem|Pressure
|move|p2a: 808 and curses|Waterfall|p1a: Kyurem
|-resisted|p1a: Kyurem
|-crit|p1a: Kyurem
|-damage|p1a: Kyurem|55/100
|
|-heal|p1a: Kyurem|61/100|[from] item: Leftovers
|-heal|p2a: 808 and curses|96/100|[from] item: Leftovers
|upkeep
|turn|59
|
|t:|1760790499
|switch|p2a: LeJ/ovni/la lettre|Slowking-Galar, M|100/100 par
|move|p1a: Kyurem|Freeze-Dry|p2a: LeJ/ovni/la lettre
|-damage|p2a: LeJ/ovni/la lettre|76/100 par
|
|-heal|p1a: Kyurem|67/100|[from] item: Leftovers
|-heal|p2a: LeJ/ovni/la lettre|82/100 par|[from] item: Leftovers
|upkeep
|turn|60
|
|t:|1760790509
|move|p1a: Kyurem|Protect|p1a: Kyurem
|-singleturn|p1a: Kyurem|Protect
|move|p2a: LeJ/ovni/la lettre|Future Sight|p1a: Kyurem
|-start|p2a: LeJ/ovni/la lettre|move: Future Sight
|
|-heal|p1a: Kyurem|73/100|[from] item: Leftovers
|-heal|p2a: LeJ/ovni/la lettre|88/100 par|[from] item: Leftovers
|upkeep
|turn|61
|
|t:|1760790513
|move|p1a: Kyurem|Substitute|p1a: Kyurem
|-start|p1a: Kyurem|Substitute
|-damage|p1a: Kyurem|48/100
|move|p2a: LeJ/ovni/la lettre|Sludge Bomb|p1a: Kyurem
|-end|p1a: Kyurem|Substitute
|
|-heal|p1a: Kyurem|54/100|[from] item: Leftovers
|-heal|p2a: LeJ/ovni/la lettre|94/100 par|[from] item: Leftovers
|upkeep
|turn|62
|
|t:|1760790517
|switch|p1a: Slowking|Slowking-Galar, M, shiny|100/100 par
|switch|p2a: brat|Blissey, F|78/100
|
|-end|p1a: Slowking|move: Future Sight
|-crit|p1a: Slowking
|-damage|p1a: Slowking|59/100 par
|upkeep
|turn|63
|
|t:|1760790521
|move|p2a: brat|Stealth Rock|p1a: Slowking
|-sidestart|p1: superbigmariofan1|move: Stealth Rock
|cant|p1a: Slowking|par
|
|upkeep
|turn|64
|
|t:|1760790526
|switch|p2a: 🇮🇱=stop genocide|Gliscor, M|99/100 tox
|-prepare|p1a: Slowking|Chilly Reception|[premajor]
|move|p1a: Slowking|Chilly Reception|p1a: Slowking
|-weather|Snowscape
|
|t:|1760790551
|switch|p1a: Kyurem|Kyurem, shiny|54/100|[from] Chilly Reception
|-damage|p1a: Kyurem|29/100|[from] Stealth Rock
|-ability|p1a: Kyurem|Pressure
|
|-weather|Snowscape|[upkeep]
|-heal|p1a: Kyurem|36/100|[from] item: Leftovers
|-heal|p2a: 🇮🇱=stop genocide|100/100 tox|[from] ability: Poison Heal
|upkeep
|turn|65
|
|t:|1760790555
|switch|p2a: LeJ/ovni/la lettre|Slowking-Galar, M|100/100 par
|move|p1a: Kyurem|Freeze-Dry|p2a: LeJ/ovni/la lettre
|-damage|p2a: LeJ/ovni/la lettre|72/100 par
|
|-weather|Snowscape|[upkeep]
|-heal|p1a: Kyurem|42/100|[from] item: Leftovers
|-heal|p2a: LeJ/ovni/la lettre|78/100 par|[from] item: Leftovers
|upkeep
|turn|66
|
|t:|1760790557
|-terastallize|p1a: Kyurem|Ground
|move|p1a: Kyurem|Earth Power|p2a: LeJ/ovni/la lettre
|-supereffective|p2a: LeJ/ovni/la lettre
|-damage|p2a: LeJ/ovni/la lettre|9/100 par
|move|p2a: LeJ/ovni/la lettre|Sludge Bomb|p1a: Kyurem
|-resisted|p1a: Kyurem
|-crit|p1a: Kyurem
|-damage|p1a: Kyurem|20/100
|
|-weather|Snowscape|[upkeep]
|-heal|p1a: Kyurem|26/100|[from] item: Leftovers
|-heal|p2a: LeJ/ovni/la lettre|15/100 par|[from] item: Leftovers
|upkeep
|turn|67
|
|t:|1760790564
|switch|p2a: brat|Blissey, F|78/100
|move|p1a: Kyurem|Substitute|p1a: Kyurem
|-start|p1a: Kyurem|Substitute
|-damage|p1a: Kyurem|1/100
|
|-weather|Snowscape|[upkeep]
|-heal|p1a: Kyurem|7/100|[from] item: Leftovers
|upkeep
|turn|68
|
|t:|1760790567
|move|p1a: Kyurem|Protect|p1a: Kyurem
|-singleturn|p1a: Kyurem|Protect
|move|p2a: brat|Calm Mind|p2a: brat
|-boost|p2a: brat|spa|1
|-boost|p2a: brat|spd|1
|
|-weather|none
|-heal|p1a: Kyurem|13/100|[from] item: Leftovers
|upkeep
|turn|69
|
|t:|1760790570
|move|p1a: Kyurem|Freeze-Dry|p2a: brat
|-damage|p2a: brat|69/100
|move|p2a: brat|Shadow Ball|p1a: Kyurem
|-activate|p1a: Kyurem|move: Substitute|[damage]
|
|-heal|p1a: Kyurem|19/100|[from] item: Leftovers
|upkeep
|turn|70
|
|t:|1760790573
|move|p1a: Kyurem|Freeze-Dry|p2a: brat
|-damage|p2a: brat|61/100
|move|p2a: brat|Shadow Ball|p1a: Kyurem
|-end|p1a: Kyurem|Substitute
|
|-heal|p1a: Kyurem|25/100|[from] item: Leftovers
|upkeep
|turn|71
|
|t:|1760790579
|move|p1a: Kyurem|Protect|p1a: Kyurem
|-singleturn|p1a: Kyurem|Protect
|move|p2a: brat|Shadow Ball|p1a: Kyurem
|-activate|p1a: Kyurem|move: Protect
|
|-heal|p1a: Kyurem|32/100|[from] item: Leftovers
|upkeep
|turn|72
|
|t:|1760790590
|switch|p1a: Kingambit|Kingambit, F|100/100
|-damage|p1a: Kingambit|94/100|[from] Stealth Rock
|move|p2a: brat|Shadow Ball|p1a: Kingambit
|-resisted|p1a: Kingambit
|-damage|p1a: Kingambit|82/100
|
|upkeep
|turn|73
|
|t:|1760790597
|switch|p2a: 🇮🇱=stop genocide|Gliscor, M|100/100 tox
|move|p1a: Kingambit|Swords Dance|p1a: Kingambit
|-boost|p1a: Kingambit|atk|2
|
|upkeep
|turn|74
|
|t:|1760790602
|-end|p1a: Kingambit|fallenundefined|[silent]
|switch|p1a: Slowking|Slowking-Galar, M, shiny|92/100 par
|move|p2a: 🇮🇱=stop genocide|Earthquake|p1a: Slowking
|-supereffective|p1a: Slowking
|-damage|p1a: Slowking|31/100 par
|
|upkeep
|turn|75
|
|t:|1760790605
|move|p2a: 🇮🇱=stop genocide|Earthquake|p1a: Slowking
|-supereffective|p1a: Slowking
|-damage|p1a: Slowking|0 fnt
|faint|p1a: Slowking
|
|upkeep
|-message|superbigmariofan1 forfeited.
|
|win|Trainer #39
|raw|superbigmariofan1's rating: 1688 &rarr; <strong>1671</strong><br />(-17 for losing)
|raw|Trainer #39's rating: 1744 &rarr; <strong>1761</strong><br />(+17 for winning)
|l|☆superbigmariofan1
|player|p1|
|l|☆Trainer #39
|player|p2|
|l| Disscratch
|l| Bloodhound Q50
|l| quetuo123
