|j|☆sus skibidi
|j|☆c4ptain_barnacles
|t:|1760760469
|gametype|singles
|player|p1|sus skibidi|miku-ice|1460
|player|p2|c4ptain_barnacles|170|1544
|gen|9
|tier|[Gen 9] OU
|rated|
|rule|HP Percentage Mod: HP is shown in percentages
|rule|Endless Battle Clause: Forcing endless battles is banned
|rule|Species Clause: Limit one of each Pokémon
|rule|OHKO Clause: OHKO moves are banned
|rule|Evasion Items Clause: Evasion items are banned
|rule|Evasion Moves Clause: Evasion moves are banned
|rule|Evasion Abilities Clause: Evasion abilities are banned
|rule|Sleep Moves Clause: Sleep-inducing moves are banned
|clearpoke
|poke|p1|Heatran, F|
|poke|p1|Ogerpon-Wellspring, F|
|poke|p1|Dragonite, F|
|poke|p1|Hatterene, F|
|poke|p1|Garganacl, M|
|poke|p1|Great Tusk|
|poke|p2|Kingambit, F|
|poke|p2|Cinderace, F|
|poke|p2|Landorus-Therian, M|
|poke|p2|Iron Valiant|
|poke|p2|Kyurem|
|poke|p2|Slowking-Galar, M|
|teampreview
|inactive|Battle timer is ON: inactive players will automatically lose when time's up. (requested by c4ptain_barnacles)
|inactive|sus skibidi also wants the timer to be on.
|
|t:|1760760494
|teamsize|p1|6
|teamsize|p2|6
|start
|switch|p1a: Forever More Quoth|Hatterene, F|100/100
|switch|p2a: Kyurem|Kyurem, shiny|100/100
|-ability|p2a: Kyurem|Pressure
|turn|1
|
|t:|1760760501
|switch|p2a: Slowking|Slowking-Galar, M, shiny|100/100
|move|p1a: Forever More Quoth|Nuzzle|p2a: Slowking
|-damage|p2a: Slowking|97/100
|-status|p2a: Slowking|par
|
|upkeep
|turn|2
|
|t:|1760760509
|move|p1a: Forever More Quoth|Psychic Noise|p2a: Slowking
|-damage|p2a: Slowking|78/100 par
|-start|p2a: Slowking|move: Heal Block
|move|p2a: Slowking|Thunder Wave|p1a: Forever More Quoth
|move|p1a: Forever More Quoth|Thunder Wave|p2a: Slowking|[from] ability: Magic Bounce|[miss]
|-miss|p1a: Forever More Quoth|p2a: Slowking
|
|upkeep
|turn|3
|
|t:|1760760519
|switch|p1a: Guanciale|Garganacl, M, shiny|100/100
|move|p2a: Slowking|Psychic Noise|p1a: Guanciale
|-damage|p1a: Guanciale|81/100
|-start|p1a: Guanciale|move: Heal Block
|
|-end|p2a: Slowking|move: Heal Block
|upkeep
|turn|4
|
|t:|1760760525
|move|p1a: Guanciale|Earthquake|p2a: Slowking
|-supereffective|p2a: Slowking
|-damage|p2a: Slowking|34/100 par
|-prepare|p2a: Slowking|Chilly Reception|[premajor]
|move|p2a: Slowking|Chilly Reception|p2a: Slowking
|-weather|Snowscape
|
|t:|1760760533
|switch|p2a: Landorus|Landorus-Therian, M, shiny|100/100|[from] Chilly Reception
|-ability|p2a: Landorus|Intimidate|boost
|-unboost|p1a: Guanciale|atk|1
|
|-weather|Snowscape|[upkeep]
|-end|p1a: Guanciale|move: Heal Block
|upkeep
|turn|5
|
|t:|1760760537
|switch|p1a: Forever More Quoth|Hatterene, F|100/100
|move|p2a: Landorus|Earthquake|p1a: Forever More Quoth
|-damage|p1a: Forever More Quoth|57/100
|
|-weather|Snowscape|[upkeep]
|upkeep
|turn|6
|
|t:|1760760541
|move|p2a: Landorus|Earthquake|p1a: Forever More Quoth
|-damage|p1a: Forever More Quoth|14/100
|move|p1a: Forever More Quoth|Psychic Noise|p2a: Landorus
|-damage|p2a: Landorus|54/100
|-start|p2a: Landorus|move: Heal Block
|
|-weather|Snowscape|[upkeep]
|upkeep
|turn|7
|
|t:|1760760546
|move|p2a: Landorus|Rock Tomb|p1a: Forever More Quoth
|-damage|p1a: Forever More Quoth|0 fnt
|faint|p1a: Forever More Quoth
|
|-weather|Snowscape|[upkeep]
|-end|p2a: Landorus|move: Heal Block
|upkeep
|
|t:|1760760549
|switch|p1a: Awel Sum|Ogerpon-Wellspring, F|100/100
|turn|8
|
|t:|1760760560
|switch|p2a: Kyurem|Kyurem, shiny|100/100
|-ability|p2a: Kyurem|Pressure
|move|p1a: Awel Sum|Swords Dance|p1a: Awel Sum
|-boost|p1a: Awel Sum|atk|2
|
|-weather|none
|upkeep
|turn|9
|
|t:|1760760565
|move|p1a: Awel Sum|Play Rough|p2a: Kyurem
|-supereffective|p2a: Kyurem
|-damage|p2a: Kyurem|0 fnt
|faint|p2a: Kyurem
|
|upkeep
|
|t:|1760760574
|switch|p2a: Cinderace|Cinderace, F, shiny|100/100
|turn|10
|
|t:|1760760577
|switch|p1a: Guanciale|Garganacl, M, shiny|81/100
|move|p2a: Cinderace|Will-O-Wisp|p1a: Guanciale
|-immune|p1a: Guanciale|[from] ability: Purifying Salt
|
|-heal|p1a: Guanciale|87/100|[from] item: Leftovers
|upkeep
|turn|11
|
|t:|1760760580
|move|p2a: Cinderace|U-turn|p1a: Guanciale
|-damage|p1a: Guanciale|76/100
|
|t:|1760760589
|switch|p2a: Landorus|Landorus-Therian, M, shiny|54/100|[from] U-turn
|-ability|p2a: Landorus|Intimidate|boost
|-unboost|p1a: Guanciale|atk|1
|move|p1a: Guanciale|Salt Cure|p2a: Landorus
|-damage|p2a: Landorus|47/100
|-start|p2a: Landorus|Salt Cure
|
|-heal|p1a: Guanciale|82/100|[from] item: Leftovers
|-damage|p2a: Landorus|34/100|[from] Salt Cure
|upkeep
|turn|12
|
|t:|1760760612
|move|p2a: Landorus|U-turn|p1a: Guanciale
|-damage|p1a: Guanciale|67/100
|
|t:|1760760615
|switch|p2a: Iron Valiant|Iron Valiant|100/100|[from] U-turn
|-enditem|p2a: Iron Valiant|Booster Energy
|-activate|p2a: Iron Valiant|ability: Quark Drive|[fromitem]
|-start|p2a: Iron Valiant|quarkdrivespe
|move|p1a: Guanciale|Salt Cure|p2a: Iron Valiant
|-resisted|p2a: Iron Valiant
|-damage|p2a: Iron Valiant|94/100
|-start|p2a: Iron Valiant|Salt Cure
|
|-heal|p1a: Guanciale|73/100|[from] item: Leftovers
|-damage|p2a: Iron Valiant|81/100|[from] Salt Cure
|upkeep
|turn|13
|c|☆sus skibidi|67
|
|t:|1760760623
|move|p2a: Iron Valiant|Calm Mind|p2a: Iron Valiant
|-boost|p2a: Iron Valiant|spa|1
|-boost|p2a: Iron Valiant|spd|1
|move|p1a: Guanciale|Earthquake|p2a: Iron Valiant
|-damage|p2a: Iron Valiant|62/100
|
|-heal|p1a: Guanciale|79/100|[from] item: Leftovers
|-damage|p2a: Iron Valiant|50/100|[from] Salt Cure
|upkeep
|turn|14
|
|t:|1760760625
|move|p2a: Iron Valiant|Moonblast|p1a: Guanciale
|-damage|p1a: Guanciale|28/100
|move|p1a: Guanciale|Earthquake|p2a: Iron Valiant
|-damage|p2a: Iron Valiant|30/100
|
|-heal|p1a: Guanciale|34/100|[from] item: Leftovers
|-damage|p2a: Iron Valiant|18/100|[from] Salt Cure
|upkeep
|turn|15
|
|t:|1760760633
|move|p2a: Iron Valiant|Moonblast|p1a: Guanciale
|-damage|p1a: Guanciale|0 fnt
|faint|p1a: Guanciale
|
|-damage|p2a: Iron Valiant|5/100|[from] Salt Cure
|upkeep
|
|t:|1760760658
|switch|p1a: Good Night gngy|Dragonite, F|100/100
|turn|16
|
|t:|1760760664
|move|p2a: Iron Valiant|Moonblast|p1a: Good Night gngy
|-supereffective|p1a: Good Night gngy
|-damage|p1a: Good Night gngy|20/100
|move|p1a: Good Night gngy|Dragon Dance|p1a: Good Night gngy
|-boost|p1a: Good Night gngy|atk|1
|-boost|p1a: Good Night gngy|spe|1
|
|-damage|p2a: Iron Valiant|0 fnt|[from] Salt Cure
|faint|p2a: Iron Valiant
|-end|p2a: Iron Valiant|Quark Drive|[silent]
|upkeep
|
|t:|1760760687
|switch|p2a: Kingambit|Kingambit, F|100/100
|-activate|p2a: Kingambit|ability: Supreme Overlord
|-start|p2a: Kingambit|fallen2|[silent]
|turn|17
|
|t:|1760760691
|move|p2a: Kingambit|Sucker Punch||[still]
|-fail|p2a: Kingambit
|move|p1a: Good Night gngy|Encore|p2a: Kingambit
|-start|p2a: Kingambit|Encore
|
|upkeep
|turn|18
|
|t:|1760760695
|-end|p2a: Kingambit|fallen2|[silent]
|switch|p2a: Landorus|Landorus-Therian, M, shiny|34/100
|-ability|p2a: Landorus|Intimidate|boost
|-unboost|p1a: Good Night gngy|atk|1
|move|p1a: Good Night gngy|Dragon Dance|p1a: Good Night gngy
|-boost|p1a: Good Night gngy|atk|1
|-boost|p1a: Good Night gngy|spe|1
|
|upkeep
|turn|19
|
|t:|1760760700
|move|p1a: Good Night gngy|Scale Shot|p2a: Landorus
|-damage|p2a: Landorus|16/100
|-damage|p2a: Landorus|0 fnt
|faint|p2a: Landorus
|-hitcount|p2: Landorus|2
|-unboost|p1a: Good Night gngy|def|1
|-boost|p1a: Good Night gngy|spe|1
|
|upkeep
|
|t:|1760760705
|switch|p2a: Kingambit|Kingambit, F|100/100
|-activate|p2a: Kingambit|ability: Supreme Overlord
|-start|p2a: Kingambit|fallen3|[silent]
|turn|20
|
|t:|1760760708
|move|p2a: Kingambit|Sucker Punch|p1a: Good Night gngy
|-damage|p1a: Good Night gngy|0 fnt
|faint|p1a: Good Night gngy
|
|upkeep
|
|t:|1760760711
|switch|p1a: Horned Up Big Dawg|Great Tusk|100/100
|-enditem|p1a: Horned Up Big Dawg|Booster Energy
|-activate|p1a: Horned Up Big Dawg|ability: Protosynthesis|[fromitem]
|-start|p1a: Horned Up Big Dawg|protosynthesisspe
|turn|21
|
|t:|1760760718
|-end|p2a: Kingambit|fallen3|[silent]
|switch|p2a: Slowking|Slowking-Galar, M, shiny|68/100 par
|move|p1a: Horned Up Big Dawg|Bulk Up|p1a: Horned Up Big Dawg
|-boost|p1a: Horned Up Big Dawg|atk|1
|-boost|p1a: Horned Up Big Dawg|def|1
|
|upkeep
|turn|22
|
|t:|1760760722
|move|p1a: Horned Up Big Dawg|Headlong Rush|p2a: Slowking
|-supereffective|p2a: Slowking
|-damage|p2a: Slowking|0 fnt
|-unboost|p1a: Horned Up Big Dawg|def|1
|-unboost|p1a: Horned Up Big Dawg|spd|1
|faint|p2a: Slowking
|
|upkeep
|
|t:|1760760725
|switch|p2a: Cinderace|Cinderace, F, shiny|100/100
|turn|23
|
|t:|1760760729
|move|p1a: Horned Up Big Dawg|Headlong Rush|p2a: Cinderace
|-supereffective|p2a: Cinderace
|-damage|p2a: Cinderace|0 fnt
|-unboost|p1a: Horned Up Big Dawg|def|1
|-unboost|p1a: Horned Up Big Dawg|spd|1
|faint|p2a: Cinderace
|
|upkeep
|
|t:|1760760731
|switch|p2a: Kingambit|Kingambit, F|100/100
|-activate|p2a: Kingambit|ability: Supreme Overlord
|-start|p2a: Kingambit|fallen5|[silent]
|turn|24
|
|t:|1760760742
|-terastallize|p2a: Kingambit|Flying
|move|p1a: Horned Up Big Dawg|Headlong Rush|p2a: Kingambit
|-immune|p2a: Kingambit
|move|p2a: Kingambit|Swords Dance|p2a: Kingambit
|-boost|p2a: Kingambit|atk|2
|
|upkeep
|turn|25
|
|t:|1760760746
|move|p1a: Horned Up Big Dawg|Ice Spinner|p2a: Kingambit
|-supereffective|p2a: Kingambit
|-damage|p2a: Kingambit|43/100
|move|p2a: Kingambit|Iron Head|p1a: Horned Up Big Dawg
|-damage|p1a: Horned Up Big Dawg|0 fnt
|faint|p1a: Horned Up Big Dawg
|-end|p1a: Horned Up Big Dawg|Protosynthesis|[silent]
|
|-heal|p2a: Kingambit|49/100|[from] item: Leftovers
|upkeep
|
|t:|1760760751
|switch|p1a: Dodge|Heatran, F|100/100
|-item|p1a: Dodge|Air Balloon
|turn|26
|
|t:|1760760761
|-terastallize|p1a: Dodge|Fairy
|move|p2a: Kingambit|Sucker Punch|p1a: Dodge
|-resisted|p1a: Dodge
|-damage|p1a: Dodge|37/100
|-enditem|p1a: Dodge|Air Balloon
|move|p1a: Dodge|Flamethrower|p2a: Kingambit
|-damage|p2a: Kingambit|2/100
|-status|p2a: Kingambit|brn
|
|-heal|p2a: Kingambit|8/100 brn|[from] item: Leftovers
|-damage|p2a: Kingambit|2/100 brn|[from] brn
|upkeep
|turn|27
|c|☆sus skibidi|ggwp
|c|☆c4ptain_barnacles|gg
|
|t:|1760760779
|move|p1a: Dodge|Flamethrower|p2a: Kingambit
|-damage|p2a: Kingambit|0 fnt
|faint|p2a: Kingambit
|-end|p2a: Kingambit|fallen5|[silent]
|
|win|sus skibidi
|raw|sus skibidi's rating: 1460 &rarr; <strong>1485</strong><br />(+25 for winning)
|raw|c4ptain_barnacles's rating: 1544 &rarr; <strong>1519</strong><br />(-25 for losing)
|l|☆c4ptain_barnacles
|player|p2|
|l|☆sus skibidi
|player|p1|
