|j|☆Shadowz2005
|j|☆jouos
|inactive|Battle timer is ON: inactive players will automatically lose when time's up.
|t:|1760738166
|gametype|singles
|player|p1|Shadowz2005|101|
|player|p2|jouos|steven|
|gen|9
|tier|[Gen 9] OU
|rated|Tournament battle
|rule|HP Percentage Mod: HP is shown in percentages
|rule|Endless Battle Clause: Forcing endless battles is banned
|rule|Species Clause: Limit one of each Pokémon
|rule|OHKO Clause: OHKO moves are banned
|rule|Evasion Items Clause: Evasion items are banned
|rule|Evasion Moves Clause: Evasion moves are banned
|rule|Evasion Abilities Clause: Evasion abilities are banned
|rule|Sleep Moves Clause: Sleep-inducing moves are banned
|clearpoke
|poke|p1|Landorus-Therian, M|
|poke|p1|Samurott-Hisui, F|
|poke|p1|Pecharunt|
|poke|p1|Scizor, F|
|poke|p1|Latios, M|
|poke|p1|Zamazenta-*|
|poke|p2|Samurott-Hisui, M|
|poke|p2|Rillaboom, M|
|poke|p2|Great Tusk|
|poke|p2|Kingambit, F|
|poke|p2|Raging Bolt|
|poke|p2|Clefable, F|
|teampreview
|j|*Lady Monita ☀
|j| BB-8-NU
|inactive|Shadowz2005 also wants the timer to be on.
|c|☆jouos|glhf
|inactive|Shadowz2005 has 120 seconds left.
|
|t:|1760738197
|teamsize|p1|6
|teamsize|p2|6
|start
|switch|p1a: Samurott|Samurott-Hisui, F|100/100
|switch|p2a: Samurott|Samurott-Hisui, M|100/100
|turn|1
|j| Pherusa
|
|t:|1760738201
|move|p2a: Samurott|Sacred Sword|p1a: Samurott
|-supereffective|p1a: Samurott
|-damage|p1a: Samurott|0 fnt
|faint|p1a: Samurott
|
|upkeep
|
|t:|1760738206
|switch|p1a: Zamazenta|Zamazenta|100/100
|-ability|p1a: Zamazenta|Dauntless Shield|boost
|-boost|p1a: Zamazenta|def|1
|turn|2
|l| Pherusa
|j| Sung Chip Woo
|
|t:|1760738220
|switch|p2a: Clefable|Clefable, F|100/100
|move|p1a: Zamazenta|Body Press|p2a: Clefable
|-resisted|p2a: Clefable
|-damage|p2a: Clefable|86/100
|
|upkeep
|turn|3
|j| Mallowmar
|
|t:|1760738233
|switch|p1a: Scizor|Scizor, F|100/100
|move|p2a: Clefable|Moonblast|p1a: Scizor
|-resisted|p1a: Scizor
|-damage|p1a: Scizor|78/100
|-unboost|p1a: Scizor|spa|1
|
|upkeep
|turn|4
|
|t:|1760738246
|switch|p2a: Raging Bolt|Raging Bolt|100/100
|move|p1a: Scizor|Swords Dance|p1a: Scizor
|-boost|p1a: Scizor|atk|2
|
|upkeep
|turn|5
|inactive|Shadowz2005 has 120 seconds left.
|
|t:|1760738279
|-terastallize|p1a: Scizor|Electric
|move|p1a: Scizor|Knock Off|p2a: Raging Bolt
|-damage|p2a: Raging Bolt|39/100
|-enditem|p2a: Raging Bolt|Heavy-Duty Boots|[from] move: Knock Off|[of] p1a: Scizor
|move|p2a: Raging Bolt|Thunderbolt|p1a: Scizor
|-resisted|p1a: Scizor
|-damage|p1a: Scizor|41/100
|
|upkeep
|turn|6
|inactive|jouos has 120 seconds left.
|
|t:|1760738312
|move|p2a: Raging Bolt|Thunderclap||[still]
|-fail|p2a: Raging Bolt
|move|p1a: Scizor|Swords Dance|p1a: Scizor
|-boost|p1a: Scizor|atk|2
|
|upkeep
|turn|7
|inactive|jouos has 120 seconds left.
|
|t:|1760738327
|move|p1a: Scizor|Bullet Punch|p2a: Raging Bolt
|-resisted|p2a: Raging Bolt
|-damage|p2a: Raging Bolt|0 fnt
|faint|p2a: Raging Bolt
|-end|p2a: Raging Bolt|Protosynthesis|[silent]
|
|upkeep
|inactive|jouos has 120 seconds left.
|
|t:|1760738345
|switch|p2a: Great Tusk|Great Tusk|100/100
|turn|8
|
|t:|1760738355
|move|p1a: Scizor|Bullet Punch|p2a: Great Tusk
|-crit|p2a: Great Tusk
|-damage|p2a: Great Tusk|11/100
|move|p2a: Great Tusk|Headlong Rush|p1a: Scizor
|-supereffective|p1a: Scizor
|-damage|p1a: Scizor|0 fnt
|-unboost|p2a: Great Tusk|def|1
|-unboost|p2a: Great Tusk|spd|1
|faint|p1a: Scizor
|
|-heal|p2a: Great Tusk|18/100|[from] item: Leftovers
|upkeep
|
|t:|1760738361
|switch|p1a: Zamazenta|Zamazenta|100/100
|turn|9
|
|t:|1760738366
|-end|p2a: Great Tusk|Protosynthesis|[silent]
|switch|p2a: Clefable|Clefable, F|86/100
|move|p1a: Zamazenta|Body Press|p2a: Clefable
|-resisted|p2a: Clefable
|-damage|p2a: Clefable|72/100
|
|upkeep
|turn|10
|
|t:|1760738372
|switch|p1a: Pecharunt|Pecharunt|100/100
|move|p2a: Clefable|Stealth Rock|p1a: Pecharunt
|-sidestart|p1: Shadowz2005|move: Stealth Rock
|
|upkeep
|turn|11
|
|t:|1760738379
|switch|p2a: Samurott|Samurott-Hisui, M|100/100
|move|p1a: Pecharunt|Parting Shot|p2a: Samurott
|-unboost|p2a: Samurott|atk|1
|-unboost|p2a: Samurott|spa|1
|
|t:|1760738386
|switch|p1a: Zamazenta|Zamazenta|100/100|[from] Parting Shot
|-damage|p1a: Zamazenta|94/100|[from] Stealth Rock
|
|-heal|p1a: Zamazenta|100/100|[from] item: Leftovers
|upkeep
|turn|12
|
|t:|1760738390
|switch|p2a: Clefable|Clefable, F|72/100
|move|p1a: Zamazenta|Iron Defense|p1a: Zamazenta
|-boost|p1a: Zamazenta|def|2
|
|upkeep
|turn|13
|
|t:|1760738398
|move|p1a: Zamazenta|Body Press|p2a: Clefable
|-resisted|p2a: Clefable
|-damage|p2a: Clefable|59/100
|move|p2a: Clefable|Moonblast|p1a: Zamazenta
|-supereffective|p1a: Zamazenta
|-damage|p1a: Zamazenta|41/100
|
|-heal|p1a: Zamazenta|47/100|[from] item: Leftovers
|upkeep
|turn|14
|
|t:|1760738404
|move|p1a: Zamazenta|Body Press|p2a: Clefable
|-resisted|p2a: Clefable
|-crit|p2a: Clefable
|-damage|p2a: Clefable|36/100
|move|p2a: Clefable|Moonlight|p2a: Clefable
|-heal|p2a: Clefable|86/100
|
|-heal|p1a: Zamazenta|53/100|[from] item: Leftovers
|upkeep
|turn|15
|
|t:|1760738413
|switch|p1a: Pecharunt|Pecharunt|100/100
|move|p2a: Clefable|Knock Off|p1a: Pecharunt
|-supereffective|p1a: Pecharunt
|-damage|p1a: Pecharunt|84/100
|-enditem|p1a: Pecharunt|Heavy-Duty Boots|[from] move: Knock Off|[of] p2a: Clefable
|
|upkeep
|turn|16
|
|t:|1760738422
|switch|p2a: Samurott|Samurott-Hisui, M|100/100
|move|p1a: Pecharunt|Malignant Chain|p2a: Samurott
|-damage|p2a: Samurott|58/100
|-status|p2a: Samurott|tox
|-start|p2a: Samurott|confusion|[from] ability: Poison Puppeteer|[of] p1a: Pecharunt
|
|-damage|p2a: Samurott|51/100 tox|[from] psn
|upkeep
|turn|17
|
|t:|1760738445
|switch|p1a: Zamazenta|Zamazenta|53/100
|-damage|p1a: Zamazenta|47/100|[from] Stealth Rock
|-activate|p2a: Samurott|confusion
|move|p2a: Samurott|Ceaseless Edge|p1a: Zamazenta
|-resisted|p1a: Zamazenta
|-damage|p1a: Zamazenta|30/100
|-sidestart|p1: Shadowz2005|Spikes
|
|-heal|p1a: Zamazenta|36/100|[from] item: Leftovers
|-damage|p2a: Samurott|39/100 tox|[from] psn
|upkeep
|turn|18
|
|t:|1760738454
|switch|p2a: Clefable|Clefable, F|86/100
|move|p1a: Zamazenta|Body Press|p2a: Clefable
|-resisted|p2a: Clefable
|-damage|p2a: Clefable|72/100
|
|-heal|p1a: Zamazenta|42/100|[from] item: Leftovers
|upkeep
|turn|19
|
|t:|1760738459
|switch|p1a: Pecharunt|Pecharunt|84/100
|-damage|p1a: Pecharunt|71/100|[from] Stealth Rock
|-damage|p1a: Pecharunt|59/100|[from] Spikes
|move|p2a: Clefable|Moonblast|p1a: Pecharunt
|-resisted|p1a: Pecharunt
|-damage|p1a: Pecharunt|42/100
|-unboost|p1a: Pecharunt|spa|1
|
|upkeep
|turn|20
|
|t:|1760738468
|switch|p2a: Kingambit|Kingambit, F|100/100
|-activate|p2a: Kingambit|ability: Supreme Overlord
|-start|p2a: Kingambit|fallen1|[silent]
|move|p1a: Pecharunt|Recover|p1a: Pecharunt
|-heal|p1a: Pecharunt|92/100
|
|upkeep
|turn|21
|
|t:|1760738479
|move|p1a: Pecharunt|Parting Shot|p2a: Kingambit
|-unboost|p2a: Kingambit|atk|1
|-unboost|p2a: Kingambit|spa|1
|
|t:|1760738481
|switch|p1a: Landorus|Landorus-Therian, M|100/100|[from] Parting Shot
|-damage|p1a: Landorus|88/100|[from] Stealth Rock
|-ability|p1a: Landorus|Intimidate|boost
|-unboost|p2a: Kingambit|atk|1
|move|p2a: Kingambit|Iron Head|p1a: Landorus
|-damage|p1a: Landorus|61/100
|-damage|p2a: Kingambit|84/100|[from] item: Rocky Helmet|[of] p1a: Landorus
|
|-heal|p2a: Kingambit|90/100|[from] item: Leftovers
|upkeep
|turn|22
|
|t:|1760738497
|-end|p2a: Kingambit|fallen1|[silent]
|switch|p2a: Rillaboom|Rillaboom, M|100/100
|-fieldstart|move: Grassy Terrain|[from] ability: Grassy Surge|[of] p2a: Rillaboom
|move|p1a: Landorus|Earthquake|p2a: Rillaboom
|-resisted|p2a: Rillaboom
|-damage|p2a: Rillaboom|89/100
|
|-heal|p2a: Rillaboom|95/100|[from] Grassy Terrain
|upkeep
|turn|23
|
|t:|1760738512
|switch|p1a: Latios|Latios, M|100/100
|-damage|p1a: Latios|88/100|[from] Stealth Rock
|move|p2a: Rillaboom|Knock Off|p1a: Latios
|-supereffective|p1a: Latios
|-damage|p1a: Latios|0 fnt
|-enditem|p1a: Latios|Soul Dew|[from] move: Knock Off|[of] p2a: Rillaboom
|faint|p1a: Latios
|
|-heal|p2a: Rillaboom|100/100|[from] Grassy Terrain
|upkeep
|
|t:|1760738515
|switch|p1a: Landorus|Landorus-Therian, M|61/100
|-damage|p1a: Landorus|49/100|[from] Stealth Rock
|-ability|p1a: Landorus|Intimidate|boost
|-unboost|p2a: Rillaboom|atk|1
|turn|24
|
|t:|1760738523
|move|p1a: Landorus|Stealth Rock|p2a: Rillaboom
|-sidestart|p2: jouos|move: Stealth Rock
|move|p2a: Rillaboom|Knock Off|p1a: Landorus
|-damage|p1a: Landorus|26/100
|-damage|p2a: Rillaboom|84/100|[from] item: Rocky Helmet|[of] p1a: Landorus
|-enditem|p1a: Landorus|Rocky Helmet|[from] move: Knock Off|[of] p2a: Rillaboom
|
|-heal|p2a: Rillaboom|90/100|[from] Grassy Terrain
|upkeep
|turn|25
|
|t:|1760738531
|move|p1a: Landorus|U-turn|p2a: Rillaboom
|-supereffective|p2a: Rillaboom
|-damage|p2a: Rillaboom|50/100
|
|t:|1760738533
|switch|p1a: Zamazenta|Zamazenta|42/100|[from] U-turn
|-damage|p1a: Zamazenta|36/100|[from] Stealth Rock
|-damage|p1a: Zamazenta|23/100|[from] Spikes
|move|p2a: Rillaboom|U-turn|p1a: Zamazenta
|-resisted|p1a: Zamazenta
|-damage|p1a: Zamazenta|17/100
|
|t:|1760738546
|switch|p2a: Clefable|Clefable, F|72/100|[from] U-turn
|
|-heal|p1a: Zamazenta|23/100|[from] Grassy Terrain
|-heal|p1a: Zamazenta|30/100|[from] item: Leftovers
|-heal|p2a: Clefable|78/100|[from] Grassy Terrain
|upkeep
|turn|26
|
|t:|1760738555
|switch|p1a: Pecharunt|Pecharunt|92/100
|-damage|p1a: Pecharunt|79/100|[from] Stealth Rock
|-damage|p1a: Pecharunt|67/100|[from] Spikes
|move|p2a: Clefable|Moonblast|p1a: Pecharunt
|-resisted|p1a: Pecharunt
|-damage|p1a: Pecharunt|50/100
|-unboost|p1a: Pecharunt|spa|1
|
|-heal|p1a: Pecharunt|56/100|[from] Grassy Terrain
|-heal|p2a: Clefable|84/100|[from] Grassy Terrain
|-fieldend|move: Grassy Terrain
|upkeep
|turn|27
|
|t:|1760738563
|switch|p2a: Kingambit|Kingambit, F|90/100
|-damage|p2a: Kingambit|84/100|[from] Stealth Rock
|-activate|p2a: Kingambit|ability: Supreme Overlord
|-start|p2a: Kingambit|fallen1|[silent]
|move|p1a: Pecharunt|Recover|p1a: Pecharunt
|-heal|p1a: Pecharunt|100/100
|
|-heal|p2a: Kingambit|90/100|[from] item: Leftovers
|upkeep
|turn|28
|
|t:|1760738575
|move|p1a: Pecharunt|Parting Shot|p2a: Kingambit
|-unboost|p2a: Kingambit|atk|1
|-unboost|p2a: Kingambit|spa|1
|
|t:|1760738579
|switch|p1a: Zamazenta|Zamazenta|30/100|[from] Parting Shot
|-damage|p1a: Zamazenta|23/100|[from] Stealth Rock
|-damage|p1a: Zamazenta|11/100|[from] Spikes
|move|p2a: Kingambit|Iron Head|p1a: Zamazenta
|-damage|p1a: Zamazenta|0 fnt
|faint|p1a: Zamazenta
|
|-heal|p2a: Kingambit|96/100|[from] item: Leftovers
|upkeep
|
|t:|1760738580
|switch|p1a: Landorus|Landorus-Therian, M|26/100
|-damage|p1a: Landorus|13/100|[from] Stealth Rock
|-ability|p1a: Landorus|Intimidate|boost
|-unboost|p2a: Kingambit|atk|1
|turn|29
|
|t:|1760738585
|-end|p2a: Kingambit|fallen1|[silent]
|switch|p2a: Rillaboom|Rillaboom, M|50/100
|-damage|p2a: Rillaboom|37/100|[from] Stealth Rock
|-fieldstart|move: Grassy Terrain|[from] ability: Grassy Surge|[of] p2a: Rillaboom
|move|p1a: Landorus|Earthquake|p2a: Rillaboom
|-resisted|p2a: Rillaboom
|-damage|p2a: Rillaboom|27/100
|
|-heal|p2a: Rillaboom|33/100|[from] Grassy Terrain
|upkeep
|turn|30
|
|t:|1760738593
|move|p2a: Rillaboom|Grassy Glide|p1a: Landorus
|-damage|p1a: Landorus|0 fnt
|faint|p1a: Landorus
|
|-heal|p2a: Rillaboom|39/100|[from] Grassy Terrain
|upkeep
|
|t:|1760738595
|switch|p1a: Pecharunt|Pecharunt|100/100
|-damage|p1a: Pecharunt|88/100|[from] Stealth Rock
|-damage|p1a: Pecharunt|76/100|[from] Spikes
|turn|31
|c|☆Shadowz2005|gg
|
|t:|1760738599
|move|p1a: Pecharunt|Malignant Chain|p2a: Rillaboom
|-supereffective|p2a: Rillaboom
|-damage|p2a: Rillaboom|0 fnt
|faint|p2a: Rillaboom
|
|-heal|p1a: Pecharunt|82/100|[from] Grassy Terrain
|upkeep
|
|t:|1760738603
|switch|p2a: Samurott|Samurott-Hisui, M|39/100 tox
|-damage|p2a: Samurott|26/100 tox|[from] Stealth Rock
|turn|32
|
|t:|1760738611
|move|p2a: Samurott|Ceaseless Edge|p1a: Pecharunt
|-supereffective|p1a: Pecharunt
|-damage|p1a: Pecharunt|29/100
|-sidestart|p1: Shadowz2005|Spikes
|move|p1a: Pecharunt|Malignant Chain|p2a: Samurott
|-damage|p2a: Samurott|0 fnt
|faint|p2a: Samurott
|
|-heal|p1a: Pecharunt|35/100|[from] Grassy Terrain
|upkeep
|c|☆jouos|gg
|
|t:|1760738616
|switch|p2a: Great Tusk|Great Tusk|18/100
|-damage|p2a: Great Tusk|15/100|[from] Stealth Rock
|turn|33
|
|t:|1760738630
|move|p1a: Pecharunt|Recover|p1a: Pecharunt
|-heal|p1a: Pecharunt|85/100
|move|p2a: Great Tusk|Headlong Rush|p1a: Pecharunt
|-supereffective|p1a: Pecharunt
|-crit|p1a: Pecharunt
|-damage|p1a: Pecharunt|0 fnt
|-unboost|p2a: Great Tusk|def|1
|-unboost|p2a: Great Tusk|spd|1
|faint|p1a: Pecharunt
|
|win|jouos
|n|☆Shadowz2005|shadowz2005
|n|☆jouos|jouos
|n|*Lady Monita ☀|ladymonita
|n| BB-8-NU|bb8nu
|n| Sung Chip Woo|sungchipwoo
|n| Mallowmar|mallowmar
|l|*Lady Monita ☀
