|j|☆UConduit
|j|☆Cyber PunK 144
|t:|1760839112
|gametype|singles
|player|p1|UConduit|cameraman|1319
|player|p2|Cyber PunK 144|marley|1301
|gen|9
|tier|[Gen 9] OU
|rated|
|rule|HP Percentage Mod: HP is shown in percentages
|rule|Endless Battle Clause: Forcing endless battles is banned
|rule|Species Clause: Limit one of each Pokémon
|rule|OHKO Clause: OHKO moves are banned
|rule|Evasion Items Clause: Evasion items are banned
|rule|Evasion Moves Clause: Evasion moves are banned
|rule|Evasion Abilities Clause: Evasion abilities are banned
|rule|Sleep Moves Clause: Sleep-inducing moves are banned
|clearpoke
|poke|p1|Arcanine-Hisui, F|
|poke|p1|Clodsire, M|
|poke|p1|Sinistcha|
|poke|p1|Ninetales-Alola, F|
|poke|p1|Iron Treads|
|poke|p1|Quaquaval, F|
|poke|p2|Iron Valiant|
|poke|p2|Excadrill, M|
|poke|p2|Gholdengo|
|poke|p2|Darkrai|
|poke|p2|Dragonite, M|
|poke|p2|Ogerpon-Wellspring, F|
|teampreview
|inactive|Battle timer is ON: inactive players will automatically lose when time's up. (requested by UConduit)
|
|t:|1760839135
|teamsize|p1|6
|teamsize|p2|6
|start
|switch|p1a: Ninetales|Ninetales-Alola, F|100/100
|switch|p2a: Darkrai|Darkrai|100/100
|-weather|Snowscape|[from] ability: Snow Warning|[of] p1a: Ninetales
|turn|1
|
|t:|1760839143
|switch|p1a: Clodsire|Clodsire, M|100/100
|move|p2a: Darkrai|Sludge Bomb|p1a: Clodsire
|-resisted|p1a: Clodsire
|-damage|p1a: Clodsire|95/100
|-damage|p2a: Darkrai|91/100|[from] item: Life Orb
|
|-weather|Snowscape|[upkeep]
|-heal|p1a: Clodsire|100/100|[from] item: Leftovers
|upkeep
|turn|2
|
|t:|1760839153
|move|p2a: Darkrai|Dark Pulse|p1a: Clodsire
|-damage|p1a: Clodsire|69/100
|-damage|p2a: Darkrai|81/100|[from] item: Life Orb
|cant|p1a: Clodsire|flinch
|
|-weather|Snowscape|[upkeep]
|-heal|p1a: Clodsire|75/100|[from] item: Leftovers
|upkeep
|turn|3
|
|t:|1760839163
|switch|p2a: Excadrill|Excadrill, M, shiny|100/100
|-ability|p2a: Excadrill|Mold Breaker
|move|p1a: Clodsire|Spikes|p2a: Excadrill
|-sidestart|p2: Cyber PunK 144|Spikes
|
|-weather|Snowscape|[upkeep]
|-heal|p1a: Clodsire|81/100|[from] item: Leftovers
|upkeep
|turn|4
|
|t:|1760839172
|switch|p1a: Sinistcha|Sinistcha|100/100
|move|p2a: Excadrill|Stealth Rock|p1a: Sinistcha
|-sidestart|p1: UConduit|move: Stealth Rock
|
|-weather|Snowscape|[upkeep]
|upkeep
|turn|5
|
|t:|1760839179
|switch|p2a: Gholdengo|Gholdengo|100/100
|-item|p2a: Gholdengo|Air Balloon
|move|p1a: Sinistcha|Matcha Gotcha|p2a: Gholdengo
|-resisted|p2a: Gholdengo
|-damage|p2a: Gholdengo|80/100
|-enditem|p2a: Gholdengo|Air Balloon
|
|-weather|none
|upkeep
|turn|6
|
|t:|1760839190
|switch|p1a: Clodsire|Clodsire, M|81/100
|-damage|p1a: Clodsire|75/100|[from] Stealth Rock
|move|p2a: Gholdengo|Nasty Plot|p2a: Gholdengo
|-boost|p2a: Gholdengo|spa|2
|
|-heal|p1a: Clodsire|81/100|[from] item: Leftovers
|upkeep
|turn|7
|
|t:|1760839200
|move|p2a: Gholdengo|Shadow Ball|p1a: Clodsire
|-damage|p1a: Clodsire|37/100
|move|p1a: Clodsire|Earthquake|p2a: Gholdengo
|-supereffective|p2a: Gholdengo
|-damage|p2a: Gholdengo|22/100
|
|-heal|p1a: Clodsire|43/100|[from] item: Leftovers
|upkeep
|turn|8
|
|t:|1760839213
|move|p2a: Gholdengo|Shadow Ball|p1a: Clodsire
|-damage|p1a: Clodsire|2/100
|move|p1a: Clodsire|Earthquake|p2a: Gholdengo
|-supereffective|p2a: Gholdengo
|-damage|p2a: Gholdengo|0 fnt
|faint|p2a: Gholdengo
|
|-heal|p1a: Clodsire|8/100|[from] item: Leftovers
|upkeep
|
|t:|1760839238
|switch|p2a: Dragonite|Dragonite, M, shiny|100/100
|turn|9
|
|t:|1760839249
|switch|p1a: Sinistcha|Sinistcha|100/100
|-damage|p1a: Sinistcha|88/100|[from] Stealth Rock
|move|p2a: Dragonite|Earthquake|p1a: Sinistcha
|-resisted|p1a: Sinistcha
|-damage|p1a: Sinistcha|71/100
|
|upkeep
|turn|10
|
|t:|1760839267
|move|p2a: Dragonite|Ice Spinner|p1a: Sinistcha
|-supereffective|p1a: Sinistcha
|-damage|p1a: Sinistcha|16/100
|-damage|p2a: Dragonite|84/100|[from] item: Rocky Helmet|[of] p1a: Sinistcha
|move|p1a: Sinistcha|Strength Sap|p2a: Dragonite
|-unboost|p2a: Dragonite|atk|1
|-heal|p1a: Sinistcha|100/100
|
|upkeep
|turn|11
|inactive|Cyber PunK 144 has 120 seconds left.
|
|t:|1760839288
|move|p2a: Dragonite|Dragon Dance|p2a: Dragonite
|-boost|p2a: Dragonite|atk|1
|-boost|p2a: Dragonite|spe|1
|move|p1a: Sinistcha|Shadow Ball|p2a: Dragonite
|-damage|p2a: Dragonite|45/100
|
|upkeep
|turn|12
|
|t:|1760839298
|move|p2a: Dragonite|Dragon Dance|p2a: Dragonite
|-boost|p2a: Dragonite|atk|1
|-boost|p2a: Dragonite|spe|1
|move|p1a: Sinistcha|Strength Sap|p2a: Dragonite
|-unboost|p2a: Dragonite|atk|1
|
|upkeep
|turn|13
|
|t:|1760839305
|move|p2a: Dragonite|Ice Spinner|p1a: Sinistcha
|-supereffective|p1a: Sinistcha
|-damage|p1a: Sinistcha|50/100
|-damage|p2a: Dragonite|28/100|[from] item: Rocky Helmet|[of] p1a: Sinistcha
|move|p1a: Sinistcha|Shadow Ball|p2a: Dragonite
|-damage|p2a: Dragonite|0 fnt
|faint|p2a: Dragonite
|
|upkeep
|
|t:|1760839315
|switch|p2a: Darkrai|Darkrai|81/100
|-damage|p2a: Darkrai|68/100|[from] Spikes
|turn|14
|
|t:|1760839333
|switch|p1a: Arcanine|Arcanine-Hisui, F|100/100
|-damage|p1a: Arcanine|76/100|[from] Stealth Rock
|move|p2a: Darkrai|Dark Pulse|p1a: Arcanine
|-damage|p1a: Arcanine|9/100
|-damage|p2a: Darkrai|58/100|[from] item: Life Orb
|
|upkeep
|turn|15
|
|t:|1760839343
|move|p2a: Darkrai|Sucker Punch|p1a: Arcanine
|-damage|p1a: Arcanine|0 fnt
|faint|p1a: Arcanine
|-damage|p2a: Darkrai|48/100|[from] item: Life Orb
|
|upkeep
|
|t:|1760839347
|switch|p1a: Iron Treads|Iron Treads|100/100
|-damage|p1a: Iron Treads|97/100|[from] Stealth Rock
|turn|16
|
|t:|1760839371
|switch|p2a: Ogerpon|Ogerpon-Wellspring, F|100/100
|-damage|p2a: Ogerpon|88/100|[from] Spikes
|move|p1a: Iron Treads|Rapid Spin|p2a: Ogerpon
|-damage|p2a: Ogerpon|67/100
|-boost|p1a: Iron Treads|spe|1
|-sideend|p1: UConduit|Stealth Rock|[from] move: Rapid Spin|[of] p1a: Iron Treads
|
|upkeep
|turn|17
|
|t:|1760839386
|-end|p1a: Iron Treads|Quark Drive|[silent]
|switch|p1a: Clodsire|Clodsire, M|8/100
|move|p2a: Ogerpon|Ivy Cudgel|p1a: Clodsire|[anim] Ivy Cudgel Water
|-heal|p1a: Clodsire|33/100|[from] ability: Water Absorb|[of] p2a: Ogerpon
|
|-heal|p1a: Clodsire|40/100|[from] item: Leftovers
|upkeep
|turn|18
|
|t:|1760839397
|move|p2a: Ogerpon|Swords Dance|p2a: Ogerpon
|-boost|p2a: Ogerpon|atk|2
|move|p1a: Clodsire|Toxic Spikes|p2a: Ogerpon
|-sidestart|p2: Cyber PunK 144|move: Toxic Spikes
|
|-heal|p1a: Clodsire|46/100|[from] item: Leftovers
|upkeep
|turn|19
|
|t:|1760839405
|move|p2a: Ogerpon|Horn Leech|p1a: Clodsire
|-damage|p1a: Clodsire|0 fnt
|-heal|p2a: Ogerpon|100/100|[from] drain|[of] p1a: Clodsire
|faint|p1a: Clodsire
|
|upkeep
|
|t:|1760839409
|switch|p1a: Sinistcha|Sinistcha|50/100
|turn|20
|
|t:|1760839414
|move|p2a: Ogerpon|Play Rough|p1a: Sinistcha
|-damage|p1a: Sinistcha|0 fnt
|-damage|p2a: Ogerpon|84/100|[from] item: Rocky Helmet|[of] p1a: Sinistcha
|faint|p1a: Sinistcha
|
|upkeep
|
|t:|1760839422
|switch|p1a: Ninetales|Ninetales-Alola, F|100/100
|-weather|Snowscape|[from] ability: Snow Warning|[of] p1a: Ninetales
|turn|21
|
|t:|1760839438
|-terastallize|p2a: Ogerpon|Water
|detailschange|p2a: Ogerpon|Ogerpon-Wellspring-Tera, F, tera:Water
|-ability|p2a: Ogerpon|Embody Aspect (Wellspring)|boost
|-boost|p2a: Ogerpon|spd|1
|move|p2a: Ogerpon|Ivy Cudgel|p1a: Ninetales|[anim] Ivy Cudgel Water
|-damage|p1a: Ninetales|0 fnt
|faint|p1a: Ninetales
|
|-weather|Snowscape|[upkeep]
|upkeep
|
|t:|1760839446
|switch|p1a: Quaquaval|Quaquaval, F|100/100
|turn|22
|
|t:|1760839453
|move|p1a: Quaquaval|Close Combat|p2a: Ogerpon
|-damage|p2a: Ogerpon|3/100
|-unboost|p1a: Quaquaval|def|1
|-unboost|p1a: Quaquaval|spd|1
|move|p2a: Ogerpon|Horn Leech|p1a: Quaquaval
|-supereffective|p1a: Quaquaval
|-damage|p1a: Quaquaval|0 fnt
|-heal|p2a: Ogerpon|57/100|[from] drain|[of] p1a: Quaquaval
|faint|p1a: Quaquaval
|
|-weather|Snowscape|[upkeep]
|upkeep
|
|t:|1760839456
|switch|p1a: Iron Treads|Iron Treads|97/100
|turn|23
|
|t:|1760839468
|move|p2a: Ogerpon|Ivy Cudgel|p1a: Iron Treads|[anim] Ivy Cudgel Water
|-supereffective|p1a: Iron Treads
|-damage|p1a: Iron Treads|0 fnt
|faint|p1a: Iron Treads
|-end|p1a: Iron Treads|Quark Drive|[silent]
|
|win|Cyber PunK 144
|raw|UConduit's rating: 1319 &rarr; <strong>1298</strong><br />(-21 for losing)
|raw|Cyber PunK 144's rating: 1301 &rarr; <strong>1322</strong><br />(+21 for winning)
