|j|☆Winter6097
|j|☆reudige Gurke
|t:|1760815925
|gametype|singles
|player|p1|Winter6097|dancer|1348
|player|p2|reudige Gurke|265|1352
|gen|9
|tier|[Gen 9] OU
|rated|
|rule|HP Percentage Mod: HP is shown in percentages
|rule|Endless Battle Clause: Forcing endless battles is banned
|rule|Species Clause: Limit one of each Pokémon
|rule|OHKO Clause: OHKO moves are banned
|rule|Evasion Items Clause: Evasion items are banned
|rule|Evasion Moves Clause: Evasion moves are banned
|rule|Evasion Abilities Clause: Evasion abilities are banned
|rule|Sleep Moves Clause: Sleep-inducing moves are banned
|clearpoke
|poke|p1|Rillaboom, F|
|poke|p1|Ogerpon, F|
|poke|p1|Samurott-Hisui, F|
|poke|p1|Slowking-Galar, M|
|poke|p1|Primarina, F|
|poke|p1|Iron Treads|
|poke|p2|Mew|
|poke|p2|Alomomola, F|
|poke|p2|Cinderace, M|
|poke|p2|Primarina, F|
|poke|p2|Persian-Alola, F|
|poke|p2|Kyurem|
|teampreview
|inactive|Battle timer is ON: inactive players will automatically lose when time's up. (requested by Winter6097)
|
|t:|1760815934
|teamsize|p1|6
|teamsize|p2|6
|start
|switch|p1a: Samurott on roids|Samurott-Hisui, F|100/100
|switch|p2a: Persian|Persian-Alola, F|100/100
|turn|1
|
|t:|1760815940
|switch|p1a: Oioioi BA-KAAA|Rillaboom, F|100/100
|-fieldstart|move: Grassy Terrain|[from] ability: Grassy Surge|[of] p1a: Oioioi BA-KAAA
|move|p2a: Persian|Parting Shot|p1a: Oioioi BA-KAAA
|-unboost|p1a: Oioioi BA-KAAA|atk|1
|-unboost|p1a: Oioioi BA-KAAA|spa|1
|
|t:|1760815948
|switch|p2a: Mew|Mew|100/100|[from] Parting Shot
|
|upkeep
|turn|2
|
|t:|1760815952
|move|p2a: Mew|Agility|p2a: Mew
|-boost|p2a: Mew|spe|2
|move|p1a: Oioioi BA-KAAA|U-turn|p2a: Mew
|-supereffective|p2a: Mew
|-damage|p2a: Mew|83/100
|-enditem|p2a: Mew|Weakness Policy
|-boost|p2a: Mew|atk|2|[from] item: Weakness Policy
|-boost|p2a: Mew|spa|2|[from] item: Weakness Policy
|
|t:|1760815959
|switch|p1a: Samurott on roids|Samurott-Hisui, F|100/100|[from] U-turn
|
|-heal|p2a: Mew|89/100|[from] Grassy Terrain
|upkeep
|turn|3
|
|t:|1760815968
|-terastallize|p2a: Mew|Fairy
|move|p2a: Mew|Calm Mind|p2a: Mew
|-boost|p2a: Mew|spa|1
|-boost|p2a: Mew|spd|1
|move|p1a: Samurott on roids|Ceaseless Edge|p2a: Mew
|-resisted|p2a: Mew
|-damage|p2a: Mew|78/100
|-sidestart|p2: reudige Gurke|Spikes
|
|-heal|p2a: Mew|84/100|[from] Grassy Terrain
|upkeep
|turn|4
|
|t:|1760815974
|switch|p1a: I luv jokes|Slowking-Galar, M|100/100
|move|p2a: Mew|Draining Kiss|p1a: I luv jokes
|-resisted|p1a: I luv jokes
|-damage|p1a: I luv jokes|85/100
|-heal|p2a: Mew|96/100|[from] drain|[of] p1a: I luv jokes
|
|-heal|p2a: Mew|100/100|[from] Grassy Terrain
|-heal|p1a: I luv jokes|91/100|[from] Grassy Terrain
|upkeep
|turn|5
|
|t:|1760815979
|move|p2a: Mew|Stored Power|p1a: I luv jokes
|-damage|p1a: I luv jokes|0 fnt
|faint|p1a: I luv jokes
|
|-fieldend|move: Grassy Terrain
|upkeep
|-message|Winter6097 forfeited.
|
|win|reudige Gurke
|raw|Winter6097's rating: 1348 &rarr; <strong>1328</strong><br />(-20 for losing)
|raw|reudige Gurke's rating: 1352 &rarr; <strong>1372</strong><br />(+20 for winning)
|l|☆Winter6097
|player|p1|
|l|☆reudige Gurke
|player|p2|
