|j|☆scribeofrevocis
|j|☆Kreceir
|t:|1760879702
|gametype|singles
|player|p1|scribeofrevocis|beauty-gen4dp|1071
|player|p2|Kreceir|marley|1065
|gen|9
|tier|[Gen 9] OU
|rated|
|rule|HP Percentage Mod: HP is shown in percentages
|rule|Endless Battle Clause: Forcing endless battles is banned
|rule|Species Clause: Limit one of each Pokémon
|rule|OHKO Clause: OHKO moves are banned
|rule|Evasion Items Clause: Evasion items are banned
|rule|Evasion Moves Clause: Evasion moves are banned
|rule|Evasion Abilities Clause: Evasion abilities are banned
|rule|Sleep Moves Clause: Sleep-inducing moves are banned
|clearpoke
|poke|p1|Hoopa-Unbound|
|poke|p1|Great Tusk|
|poke|p1|Amoonguss, F|
|poke|p1|Gholdengo|
|poke|p1|Glimmora, M|
|poke|p1|Dragapult, M|
|poke|p2|Mabosstiff, F|
|poke|p2|Raichu, F|
|poke|p2|Pikachu, M|
|poke|p2|Magnezone|
|poke|p2|Zapdos|
|poke|p2|Electrode|
|teampreview
|
|t:|1760879711
|teamsize|p1|6
|teamsize|p2|6
|start
|switch|p1a: Dragapult|Dragapult, M|100/100
|switch|p2a: PLACE4|Electrode|100/100
|turn|1
|
|t:|1760879716
|move|p1a: Dragapult|Dragon Darts|p2a: PLACE4
|-damage|p2a: PLACE4|36/100
|-anim|p1a: Dragapult|Dragon Darts|p2a: PLACE4
|-damage|p2a: PLACE4|0 fnt
|faint|p2a: PLACE4
|
|upkeep
|
|t:|1760879724
|switch|p2a: PLACE2|Pikachu, M|100/100
|turn|2
|
|t:|1760879737
|move|p1a: Dragapult|Dragon Darts|p2a: PLACE2
|-damage|p2a: PLACE2|0 fnt
|faint|p2a: PLACE2
|
|upkeep
|
|t:|1760879741
|switch|p2a: PLACE1|Raichu, F|100/100
|turn|3
|
|t:|1760879746
|move|p1a: Dragapult|Dragon Darts|p2a: PLACE1
|-damage|p2a: PLACE1|28/100
|-anim|p1a: Dragapult|Dragon Darts|p2a: PLACE1
|-damage|p2a: PLACE1|0 fnt
|faint|p2a: PLACE1
|
|upkeep
|
|t:|1760879754
|switch|p2a: PLACE3|Magnezone|100/100
|turn|4
|
|t:|1760879758
|switch|p1a: Amoonguss|Amoonguss, F|100/100
|move|p2a: PLACE3|Thunderbolt|p1a: Amoonguss
|-resisted|p1a: Amoonguss
|-damage|p1a: Amoonguss|78/100
|
|upkeep
|turn|5
|
|t:|1760879784
|move|p2a: PLACE3|Thunderbolt|p1a: Amoonguss
|-resisted|p1a: Amoonguss
|-damage|p1a: Amoonguss|56/100
|move|p1a: Amoonguss|Foul Play|p2a: PLACE3
|-damage|p2a: PLACE3|87/100
|
|upkeep
|turn|6
|
|t:|1760879791
|switch|p1a: Hoopa|Hoopa-Unbound|100/100
|move|p2a: PLACE3|Thunderbolt|p1a: Hoopa
|-damage|p1a: Hoopa|60/100
|
|upkeep
|turn|7
|
|t:|1760879797
|-terastallize|p1a: Hoopa|Dark
|move|p1a: Hoopa|Hyperspace Fury|p2a: PLACE3
|-damage|p2a: PLACE3|2/100
|-unboost|p1a: Hoopa|def|1
|-enditem|p1a: Hoopa|Eject Pack
|
|t:|1760879802
|switch|p1a: Dragapult|Dragapult, M|100/100
|move|p2a: PLACE3|Thunderbolt|p1a: Dragapult
|-resisted|p1a: Dragapult
|-damage|p1a: Dragapult|70/100
|
|upkeep
|turn|8
|
|t:|1760879808
|move|p1a: Dragapult|Dragon Darts|p2a: PLACE3
|-resisted|p2a: PLACE3
|-damage|p2a: PLACE3|0 fnt
|faint|p2a: PLACE3
|
|upkeep
|
|t:|1760879816
|switch|p2a: ZAPDOG|Zapdos|100/100
|-ability|p2a: ZAPDOG|Pressure
|turn|9
|
|t:|1760879820
|move|p1a: Dragapult|Dragon Darts|p2a: ZAPDOG
|-damage|p2a: ZAPDOG|57/100
|-anim|p1a: Dragapult|Dragon Darts|p2a: ZAPDOG
|-damage|p2a: ZAPDOG|15/100
|move|p2a: ZAPDOG|Thunderbolt|p1a: Dragapult
|-resisted|p1a: Dragapult
|-damage|p1a: Dragapult|40/100
|
|upkeep
|turn|10
|inactive|Battle timer is ON: inactive players will automatically lose when time's up. (requested by scribeofrevocis)
|
|t:|1760879844
|move|p1a: Dragapult|Dragon Darts|p2a: ZAPDOG
|-damage|p2a: ZAPDOG|0 fnt
|faint|p2a: ZAPDOG
|
|upkeep
|
|t:|1760879850
|switch|p2a: Kaya|Mabosstiff, F|100/100
|-ability|p2a: Kaya|Intimidate|boost
|-fail|p1a: Dragapult|unboost|[from] ability: Clear Body|[of] p1a: Dragapult
|turn|11
|
|t:|1760879855
|-terastallize|p2a: Kaya|Water
|move|p1a: Dragapult|Dragon Darts|p2a: Kaya
|-damage|p2a: Kaya|69/100
|-anim|p1a: Dragapult|Dragon Darts|p2a: Kaya
|-crit|p2a: Kaya
|-damage|p2a: Kaya|26/100
|move|p2a: Kaya|Crunch|p1a: Dragapult
|-supereffective|p1a: Dragapult
|-damage|p1a: Dragapult|0 fnt
|faint|p1a: Dragapult
|
|upkeep
|
|t:|1760879860
|switch|p1a: Hoopa|Hoopa-Unbound, tera:Dark|60/100
|turn|12
|
|t:|1760879866
|move|p1a: Hoopa|Hyperspace Fury|p2a: Kaya
|-damage|p2a: Kaya|0 fnt
|-unboost|p1a: Hoopa|def|1
|faint|p2a: Kaya
|
|win|scribeofrevocis
|raw|scribeofrevocis's rating: 1071 &rarr; <strong>1100</strong><br />(+29 for winning)
|raw|Kreceir's rating: 1065 &rarr; <strong>1046</strong><br />(-19 for losing)
|l|☆Kreceir
|player|p2|
|l|☆scribeofrevocis
|player|p1|
