|j|☆kinhojoker
|j|☆Ken_Ducky
|t:|1760792015
|gametype|singles
|player|p1|kinhojoker|cynthia|1142
|player|p2|Ken_Ducky|riley|1118
|gen|9
|tier|[Gen 9] OU
|rated|
|rule|HP Percentage Mod: HP is shown in percentages
|rule|Endless Battle Clause: Forcing endless battles is banned
|rule|Species Clause: Limit one of each Pokémon
|rule|OHKO Clause: OHKO moves are banned
|rule|Evasion Items Clause: Evasion items are banned
|rule|Evasion Moves Clause: Evasion moves are banned
|rule|Evasion Abilities Clause: Evasion abilities are banned
|rule|Sleep Moves Clause: Sleep-inducing moves are banned
|clearpoke
|poke|p1|Toxapex, M|
|poke|p1|Clefable, M|
|poke|p1|Excadrill, M|
|poke|p1|Dragonite, M|
|poke|p1|Ogerpon-Wellspring, F|
|poke|p1|Thundurus-Therian, M|
|poke|p2|Froslass, F|
|poke|p2|Donphan, F|
|poke|p2|Orthworm, F|
|poke|p2|Dragalge, F|
|poke|p2|Pincurchin, M|
|poke|p2|Iron Hands|
|teampreview
|inactive|Battle timer is ON: inactive players will automatically lose when time's up. (requested by Ken_Ducky)
|
|t:|1760792022
|teamsize|p1|6
|teamsize|p2|6
|start
|switch|p1a: Toxapex|Toxapex, M|100/100
|switch|p2a: Froslass|Froslass, F, shiny|100/100
|turn|1
|
|t:|1760792029
|move|p2a: Froslass|Spikes|p1a: Toxapex
|-sidestart|p1: kinhojoker|Spikes
|move|p1a: Toxapex|Toxic|p2a: Froslass
|-status|p2a: Froslass|tox
|
|-damage|p2a: Froslass|94/100 tox|[from] psn
|upkeep
|turn|2
|
|t:|1760792040
|switch|p1a: Excadrill|Excadrill, M|100/100
|-damage|p1a: Excadrill|88/100|[from] Spikes
|-ability|p1a: Excadrill|Mold Breaker
|move|p2a: Froslass|Spikes|p1a: Excadrill
|-sidestart|p1: kinhojoker|Spikes
|
|-damage|p2a: Froslass|82/100 tox|[from] psn
|upkeep
|turn|3
|
|t:|1760792052
|move|p2a: Froslass|Spikes|p1a: Excadrill
|-sidestart|p1: kinhojoker|Spikes
|move|p1a: Excadrill|Iron Head|p2a: Froslass
|-supereffective|p2a: Froslass
|-damage|p2a: Froslass|0 fnt
|-start|p1a: Excadrill|Disable|Iron Head|[from] ability: Cursed Body|[of] p2a: Froslass
|faint|p2a: Froslass
|-damage|p1a: Excadrill|78/100|[from] item: Life Orb
|
|upkeep
|
|t:|1760792058
|switch|p2a: Orthworm|Orthworm, F|100/100
|turn|4
|
|t:|1760792067
|move|p1a: Excadrill|Stealth Rock|p2a: Orthworm
|-sidestart|p2: Ken_Ducky|move: Stealth Rock
|move|p2a: Orthworm|Iron Defense|p2a: Orthworm
|-boost|p2a: Orthworm|def|2
|
|upkeep
|turn|5
|
|t:|1760792073
|move|p1a: Excadrill|Rapid Spin|p2a: Orthworm
|-resisted|p2a: Orthworm
|-damage|p2a: Orthworm|96/100
|-boost|p1a: Excadrill|spe|1
|-sideend|p1: kinhojoker|Spikes|[from] move: Rapid Spin|[of] p1a: Excadrill
|-damage|p1a: Excadrill|68/100|[from] item: Life Orb
|move|p2a: Orthworm|Iron Defense|p2a: Orthworm
|-boost|p2a: Orthworm|def|2
|
|-heal|p2a: Orthworm|100/100|[from] item: Leftovers
|upkeep
|turn|6
|
|t:|1760792085
|switch|p1a: Toxapex|Toxapex, M|100/100
|move|p2a: Orthworm|Iron Defense|p2a: Orthworm
|-boost|p2a: Orthworm|def|2
|
|upkeep
|turn|7
|
|t:|1760792093
|move|p2a: Orthworm|Stealth Rock|p1a: Toxapex
|-sidestart|p1: kinhojoker|move: Stealth Rock
|move|p1a: Toxapex|Chilling Water|p2a: Orthworm
|-damage|p2a: Orthworm|87/100
|-unboost|p2a: Orthworm|atk|1
|
|-heal|p2a: Orthworm|94/100|[from] item: Leftovers
|upkeep
|turn|8
|
|t:|1760792102
|move|p2a: Orthworm|Body Press|p1a: Toxapex
|-resisted|p1a: Toxapex
|-damage|p1a: Toxapex|68/100
|-damage|p2a: Orthworm|77/100|[from] item: Rocky Helmet|[of] p1a: Toxapex
|move|p1a: Toxapex|Chilling Water|p2a: Orthworm
|-damage|p2a: Orthworm|64/100
|-unboost|p2a: Orthworm|atk|1
|
|-heal|p2a: Orthworm|70/100|[from] item: Leftovers
|upkeep
|turn|9
|
|t:|1760792113
|move|p2a: Orthworm|Heavy Slam|p1a: Toxapex
|-resisted|p1a: Toxapex
|-damage|p1a: Toxapex|63/100
|-damage|p2a: Orthworm|53/100|[from] item: Rocky Helmet|[of] p1a: Toxapex
|move|p1a: Toxapex|Recover|p1a: Toxapex
|-heal|p1a: Toxapex|100/100
|
|-heal|p2a: Orthworm|60/100|[from] item: Leftovers
|upkeep
|turn|10
|
|t:|1760792123
|move|p2a: Orthworm|Body Press|p1a: Toxapex
|-resisted|p1a: Toxapex
|-damage|p1a: Toxapex|65/100
|-damage|p2a: Orthworm|43/100|[from] item: Rocky Helmet|[of] p1a: Toxapex
|move|p1a: Toxapex|Chilling Water|p2a: Orthworm
|-damage|p2a: Orthworm|32/100
|-unboost|p2a: Orthworm|atk|1
|
|-heal|p2a: Orthworm|38/100|[from] item: Leftovers
|upkeep
|turn|11
|
|t:|1760792134
|move|p2a: Orthworm|Body Press|p1a: Toxapex
|-resisted|p1a: Toxapex
|-damage|p1a: Toxapex|31/100
|-damage|p2a: Orthworm|21/100|[from] item: Rocky Helmet|[of] p1a: Toxapex
|move|p1a: Toxapex|Recover|p1a: Toxapex
|-heal|p1a: Toxapex|81/100
|
|-heal|p2a: Orthworm|27/100|[from] item: Leftovers
|upkeep
|turn|12
|
|t:|1760792144
|move|p2a: Orthworm|Body Press|p1a: Toxapex
|-resisted|p1a: Toxapex
|-damage|p1a: Toxapex|49/100
|-damage|p2a: Orthworm|11/100|[from] item: Rocky Helmet|[of] p1a: Toxapex
|move|p1a: Toxapex|Chilling Water|p2a: Orthworm
|-damage|p2a: Orthworm|0 fnt
|faint|p2a: Orthworm
|
|upkeep
|
|t:|1760792149
|switch|p2a: Donphan|Donphan, F|100/100
|-damage|p2a: Donphan|94/100|[from] Stealth Rock
|turn|13
|
|t:|1760792157
|move|p2a: Donphan|Rapid Spin|p1a: Toxapex
|-damage|p1a: Toxapex|39/100
|-boost|p2a: Donphan|spe|1
|-damage|p2a: Donphan|78/100|[from] item: Rocky Helmet|[of] p1a: Toxapex
|-sideend|p2: Ken_Ducky|Stealth Rock|[from] move: Rapid Spin|[of] p2a: Donphan
|move|p1a: Toxapex|Toxic|p2a: Donphan
|-status|p2a: Donphan|tox
|
|-damage|p2a: Donphan|72/100 tox|[from] psn
|upkeep
|turn|14
|
|t:|1760792173
|switch|p1a: Dragonite|Dragonite, M|100/100
|move|p2a: Donphan|Earthquake|p1a: Dragonite
|-immune|p1a: Dragonite
|
|-damage|p2a: Donphan|59/100 tox|[from] psn
|upkeep
|turn|15
|
|t:|1760792186
|move|p2a: Donphan|Endure|p2a: Donphan
|-singleturn|p2a: Donphan|move: Endure
|move|p1a: Dragonite|Ice Spinner|p2a: Donphan
|-supereffective|p2a: Donphan
|-damage|p2a: Donphan|1/100 tox
|-enditem|p2a: Donphan|Liechi Berry|[eat]
|-boost|p2a: Donphan|atk|1|[from] item: Liechi Berry
|
|-damage|p2a: Donphan|0 fnt|[from] psn
|faint|p2a: Donphan
|upkeep
|
|t:|1760792192
|switch|p2a: Pincurchin|Pincurchin, M|100/100
|-fieldstart|move: Electric Terrain|[from] ability: Electric Surge|[of] p2a: Pincurchin
|turn|16
|
|t:|1760792203
|move|p1a: Dragonite|Earthquake|p2a: Pincurchin
|-supereffective|p2a: Pincurchin
|-damage|p2a: Pincurchin|23/100
|move|p2a: Pincurchin|Memento|p1a: Dragonite
|-unboost|p1a: Dragonite|atk|2
|-unboost|p1a: Dragonite|spa|2
|faint|p2a: Pincurchin
|
|upkeep
|
|t:|1760792211
|switch|p2a: Iron Hands|Iron Hands|100/100
|-enditem|p2a: Iron Hands|Electric Seed
|-boost|p2a: Iron Hands|def|1|[from] item: Electric Seed
|-activate|p2a: Iron Hands|ability: Quark Drive
|-start|p2a: Iron Hands|quarkdriveatk
|turn|17
|
|t:|1760792220
|switch|p1a: Excadrill|Excadrill, M|68/100
|-damage|p1a: Excadrill|65/100|[from] Stealth Rock
|-ability|p1a: Excadrill|Mold Breaker
|move|p2a: Iron Hands|Swords Dance|p2a: Iron Hands
|-boost|p2a: Iron Hands|atk|2
|
|upkeep
|turn|18
|
|t:|1760792231
|move|p1a: Excadrill|Earthquake|p2a: Iron Hands
|-supereffective|p2a: Iron Hands
|-damage|p2a: Iron Hands|36/100
|-damage|p1a: Excadrill|55/100|[from] item: Life Orb
|move|p2a: Iron Hands|Drain Punch|p1a: Excadrill
|-supereffective|p1a: Excadrill
|-damage|p1a: Excadrill|0 fnt
|-heal|p2a: Iron Hands|57/100|[from] drain|[of] p1a: Excadrill
|faint|p1a: Excadrill
|
|upkeep
|
|t:|1760792254
|switch|p1a: Thundurus|Thundurus-Therian, M|100/100
|-damage|p1a: Thundurus|75/100|[from] Stealth Rock
|turn|19
|
|t:|1760792262
|move|p1a: Thundurus|Psychic|p2a: Iron Hands
|-supereffective|p2a: Iron Hands
|-damage|p2a: Iron Hands|0 fnt
|faint|p2a: Iron Hands
|-end|p2a: Iron Hands|Quark Drive|[silent]
|-damage|p1a: Thundurus|65/100|[from] item: Life Orb
|
|upkeep
|
|t:|1760792265
|switch|p2a: Dragalge|Dragalge, F, shiny|100/100
|turn|20
|
|t:|1760792272
|move|p1a: Thundurus|Thunder Wave|p2a: Dragalge
|-status|p2a: Dragalge|par
|cant|p2a: Dragalge|par
|
|upkeep
|turn|21
|-message|Ken_Ducky forfeited.
|
|win|kinhojoker
|raw|kinhojoker's rating: 1142 &rarr; <strong>1165</strong><br />(+23 for winning)
|raw|Ken_Ducky's rating: 1118 &rarr; <strong>1095</strong><br />(-23 for losing)
|l|☆Ken_Ducky
|player|p2|
|l|☆kinhojoker
|player|p1|
