|j|‽shindig42
|j|☆Weymint
|t:|1760847954
|gametype|singles
|player|p1|shindig42|brycen|1337
|player|p2|Weymint|roxanne|1346
|gen|9
|tier|[Gen 9] OU
|rated|
|rule|HP Percentage Mod: HP is shown in percentages
|rule|Endless Battle Clause: Forcing endless battles is banned
|rule|Species Clause: Limit one of each Pokémon
|rule|OHKO Clause: OHKO moves are banned
|rule|Evasion Items Clause: Evasion items are banned
|rule|Evasion Moves Clause: Evasion moves are banned
|rule|Evasion Abilities Clause: Evasion abilities are banned
|rule|Sleep Moves Clause: Sleep-inducing moves are banned
|clearpoke
|poke|p1|Corviknight, M|
|poke|p1|Slowking-Galar, M|
|poke|p1|Landorus-Therian, M|
|poke|p1|Cinderace, M|
|poke|p1|Darkrai|
|poke|p1|Samurott-Hisui, M|
|poke|p2|Muk-Alola, M|
|poke|p2|Volcanion|
|poke|p2|Clefable, F|
|poke|p2|Jirachi|
|poke|p2|Great Tusk|
|poke|p2|Thundurus-Therian, M|
|teampreview
|inactive|Battle timer is ON: inactive players will automatically lose when time's up. (requested by Weymint)
|
|t:|1760847968
|teamsize|p1|6
|teamsize|p2|6
|start
|switch|p1a: Landorus|Landorus-Therian, M|100/100
|switch|p2a: Thundurus|Thundurus-Therian, M|100/100
|-ability|p1a: Landorus|Intimidate|boost
|-unboost|p2a: Thundurus|atk|1
|turn|1
|
|t:|1760847979
|switch|p2a: Great Tusk|Great Tusk|100/100
|move|p1a: Landorus|Earthquake|p2a: Great Tusk
|-damage|p2a: Great Tusk|67/100
|
|upkeep
|turn|2
|
|t:|1760847985
|switch|p1a: Corviknight|Corviknight, M|100/100
|-ability|p1a: Corviknight|Pressure
|move|p2a: Great Tusk|Ice Spinner|p1a: Corviknight
|-damage|p1a: Corviknight|85/100
|-damage|p2a: Great Tusk|51/100|[from] item: Rocky Helmet|[of] p1a: Corviknight
|
|upkeep
|turn|3
|
|t:|1760847992
|move|p2a: Great Tusk|Knock Off|p1a: Corviknight
|-damage|p1a: Corviknight|65/100
|-damage|p2a: Great Tusk|34/100|[from] item: Rocky Helmet|[of] p1a: Corviknight
|-enditem|p1a: Corviknight|Rocky Helmet|[from] move: Knock Off|[of] p2a: Great Tusk
|move|p1a: Corviknight|U-turn|p2a: Great Tusk
|-resisted|p2a: Great Tusk
|-damage|p2a: Great Tusk|30/100
|-damage|p1a: Corviknight|49/100|[from] item: Rocky Helmet|[of] p2a: Great Tusk
|
|t:|1760848004
|switch|p1a: Darkrai|Darkrai|100/100|[from] U-turn
|
|upkeep
|turn|4
|
|t:|1760848015
|-end|p2a: Great Tusk|Protosynthesis|[silent]
|switch|p2a: Muk|Muk-Alola, M, shiny|100/100
|move|p1a: Darkrai|Dark Pulse|p2a: Muk
|-resisted|p2a: Muk
|-damage|p2a: Muk|80/100
|
|upkeep
|turn|5
|
|t:|1760848021
|switch|p1a: Corviknight|Corviknight, M|49/100
|-ability|p1a: Corviknight|Pressure
|move|p2a: Muk|Poison Fang|p1a: Corviknight
|-immune|p1a: Corviknight
|
|upkeep
|turn|6
|
|t:|1760848026
|switch|p2a: Volcanion|Volcanion|100/100
|move|p1a: Corviknight|Roost|p1a: Corviknight
|-heal|p1a: Corviknight|99/100
|-singleturn|p1a: Corviknight|move: Roost
|
|upkeep
|turn|7
|
|t:|1760848033
|move|p2a: Volcanion|Scald|p1a: Corviknight
|-damage|p1a: Corviknight|38/100
|move|p1a: Corviknight|U-turn|p2a: Volcanion
|-resisted|p2a: Volcanion
|-damage|p2a: Volcanion|94/100
|
|t:|1760848039
|switch|p1a: Landorus|Landorus-Therian, M|100/100|[from] U-turn
|-ability|p1a: Landorus|Intimidate|boost
|-unboost|p2a: Volcanion|atk|1
|
|upkeep
|turn|8
|
|t:|1760848047
|-terastallize|p2a: Volcanion|Dragon
|move|p1a: Landorus|Stone Edge|p2a: Volcanion
|-crit|p2a: Volcanion
|-damage|p2a: Volcanion|42/100
|move|p2a: Volcanion|Scald|p1a: Landorus
|-supereffective|p1a: Landorus
|-damage|p1a: Landorus|0 fnt
|faint|p1a: Landorus
|
|upkeep
|
|t:|1760848057
|switch|p1a: Darkrai|Darkrai|100/100
|turn|9
|
|t:|1760848063
|switch|p2a: Muk|Muk-Alola, M, shiny|80/100
|move|p1a: Darkrai|Dark Pulse|p2a: Muk
|-resisted|p2a: Muk
|-damage|p2a: Muk|58/100
|
|upkeep
|turn|10
|
|t:|1760848072
|switch|p1a: Corviknight|Corviknight, M|38/100
|-ability|p1a: Corviknight|Pressure
|switch|p2a: Volcanion|Volcanion, tera:Dragon|42/100
|
|upkeep
|turn|11
|
|t:|1760848080
|move|p2a: Volcanion|Scald|p1a: Corviknight
|-damage|p1a: Corviknight|0 fnt
|faint|p1a: Corviknight
|
|upkeep
|
|t:|1760848085
|switch|p1a: Darkrai|Darkrai|100/100
|turn|12
|
|t:|1760848089
|move|p1a: Darkrai|Dark Pulse|p2a: Volcanion
|-damage|p2a: Volcanion|0 fnt
|faint|p2a: Volcanion
|
|upkeep
|
|t:|1760848091
|switch|p2a: Muk|Muk-Alola, M, shiny|58/100
|turn|13
|
|t:|1760848103
|move|p1a: Darkrai|Dark Pulse|p2a: Muk
|-resisted|p2a: Muk
|-damage|p2a: Muk|37/100
|move|p2a: Muk|Knock Off|p1a: Darkrai
|-resisted|p1a: Darkrai
|-damage|p1a: Darkrai|70/100
|-enditem|p1a: Darkrai|Choice Specs|[from] move: Knock Off|[of] p2a: Muk
|
|upkeep
|turn|14
|
|t:|1760848111
|move|p1a: Darkrai|Dark Pulse|p2a: Muk
|-resisted|p2a: Muk
|-damage|p2a: Muk|23/100
|move|p2a: Muk|Poison Fang|p1a: Darkrai
|-crit|p1a: Darkrai
|-damage|p1a: Darkrai|18/100
|-status|p1a: Darkrai|tox
|
|-damage|p1a: Darkrai|12/100 tox|[from] psn
|upkeep
|turn|15
|
|t:|1760848122
|move|p1a: Darkrai|Dark Pulse|p2a: Muk
|-resisted|p2a: Muk
|-damage|p2a: Muk|10/100
|move|p2a: Muk|Mud Shot|p1a: Darkrai
|-damage|p1a: Darkrai|1/100 tox
|-unboost|p1a: Darkrai|spe|1
|
|-damage|p1a: Darkrai|0 fnt|[from] psn
|faint|p1a: Darkrai
|upkeep
|
|t:|1760848124
|switch|p1a: Samurott|Samurott-Hisui, M|100/100
|turn|16
|
|t:|1760848128
|switch|p2a: Great Tusk|Great Tusk|30/100
|move|p1a: Samurott|Ceaseless Edge|p2a: Great Tusk
|-resisted|p2a: Great Tusk
|-damage|p2a: Great Tusk|17/100
|-damage|p1a: Samurott|84/100|[from] item: Rocky Helmet|[of] p2a: Great Tusk
|-sidestart|p2: Weymint|Spikes
|
|upkeep
|turn|17
|
|t:|1760848135
|move|p1a: Samurott|Aqua Jet|p2a: Great Tusk
|-supereffective|p2a: Great Tusk
|-damage|p2a: Great Tusk|0 fnt
|-damage|p1a: Samurott|67/100|[from] item: Rocky Helmet|[of] p2a: Great Tusk
|faint|p2a: Great Tusk
|-end|p2a: Great Tusk|Protosynthesis|[silent]
|
|upkeep
|
|t:|1760848140
|switch|p2a: Thundurus|Thundurus-Therian, M|100/100
|turn|18
|
|t:|1760848145
|move|p1a: Samurott|Aqua Jet|p2a: Thundurus
|-damage|p2a: Thundurus|73/100
|move|p2a: Thundurus|Thunderbolt|p1a: Samurott
|-supereffective|p1a: Samurott
|-damage|p1a: Samurott|0 fnt
|faint|p1a: Samurott
|
|upkeep
|
|t:|1760848151
|switch|p1a: Cinderace|Cinderace, M|100/100
|turn|19
|
|t:|1760848156
|move|p1a: Cinderace|Pyro Ball|p2a: Thundurus
|-damage|p2a: Thundurus|0 fnt
|faint|p2a: Thundurus
|
|upkeep
|
|t:|1760848162
|switch|p2a: Clefable|Clefable, F|100/100
|turn|20
|
|t:|1760848166
|move|p1a: Cinderace|U-turn|p2a: Clefable
|-start|p1a: Cinderace|typechange|Bug|[from] ability: Libero
|-resisted|p2a: Clefable
|-damage|p2a: Clefable|87/100
|
|t:|1760848170
|switch|p1a: Slowking|Slowking-Galar, M|100/100|[from] U-turn
|move|p2a: Clefable|Draining Kiss|p1a: Slowking
|-resisted|p1a: Slowking
|-damage|p1a: Slowking|94/100
|-heal|p2a: Clefable|92/100|[from] drain|[of] p1a: Slowking
|
|upkeep
|turn|21
|
|t:|1760848176
|switch|p2a: Muk|Muk-Alola, M, shiny|10/100
|-damage|p2a: Muk|0 fnt|[from] Spikes
|faint|p2a: Muk
|move|p1a: Slowking|Flamethrower|p2: Muk|[notarget]
|-fail|p1a: Slowking
|
|upkeep
|
|t:|1760848181
|switch|p2a: Jirachi|Jirachi|100/100
|-damage|p2a: Jirachi|88/100|[from] Spikes
|turn|22
|
|t:|1760848188
|-terastallize|p1a: Slowking|Fire
|move|p2a: Jirachi|Iron Head|p1a: Slowking
|-resisted|p1a: Slowking
|-damage|p1a: Slowking|74/100
|move|p1a: Slowking|Flamethrower|p2a: Jirachi
|-supereffective|p2a: Jirachi
|-damage|p2a: Jirachi|0 fnt
|faint|p2a: Jirachi
|
|upkeep
|-message|Weymint forfeited.
|
|win|shindig42
|raw|shindig42's rating: 1337 &rarr; <strong>1358</strong><br />(+21 for winning)
|raw|Weymint's rating: 1346 &rarr; <strong>1325</strong><br />(-21 for losing)
|l|☆Weymint
|player|p2|
|l|‽shindig42
|player|p1|
