|j|☆peaceinverarity
|j|☆ProboZap
|t:|1760835406
|gametype|singles
|player|p1|peaceinverarity|170|1295
|player|p2|ProboZap|thorton|1259
|gen|9
|tier|[Gen 9] OU
|rated|
|rule|HP Percentage Mod: HP is shown in percentages
|rule|Endless Battle Clause: Forcing endless battles is banned
|rule|Species Clause: Limit one of each Pokémon
|rule|OHKO Clause: OHKO moves are banned
|rule|Evasion Items Clause: Evasion items are banned
|rule|Evasion Moves Clause: Evasion moves are banned
|rule|Evasion Abilities Clause: Evasion abilities are banned
|rule|Sleep Moves Clause: Sleep-inducing moves are banned
|clearpoke
|poke|p1|Samurott-Hisui, M|
|poke|p1|Hydreigon, F|
|poke|p1|Kingambit, F|
|poke|p1|Primarina, F|
|poke|p1|Iron Valiant|
|poke|p1|Iron Treads|
|poke|p2|Mew|
|poke|p2|Araquanid, M|
|poke|p2|Dragonite, M|
|poke|p2|Hatterene, F|
|poke|p2|Mimikyu, F|
|poke|p2|Heatran, M|
|teampreview
|inactive|Battle timer is ON: inactive players will automatically lose when time's up. (requested by peaceinverarity)
|
|t:|1760835423
|teamsize|p1|6
|teamsize|p2|6
|start
|switch|p1a: Unyielding Rage|Samurott-Hisui, M|100/100
|switch|p2a: Araquanid|Araquanid, M|100/100
|turn|1
|
|t:|1760835428
|move|p1a: Unyielding Rage|Taunt|p2a: Araquanid
|-start|p2a: Araquanid|move: Taunt
|move|p2a: Araquanid|Leech Life|p1a: Unyielding Rage
|-supereffective|p1a: Unyielding Rage
|-damage|p1a: Unyielding Rage|5/100
|-damage|p2a: Araquanid|91/100|[from] item: Life Orb
|
|upkeep
|turn|2
|
|t:|1760835449
|move|p1a: Unyielding Rage|Ceaseless Edge|p2a: Araquanid
|-damage|p2a: Araquanid|42/100
|-sidestart|p2: ProboZap|Spikes
|move|p2a: Araquanid|Leech Life|p1a: Unyielding Rage
|-supereffective|p1a: Unyielding Rage
|-damage|p1a: Unyielding Rage|0 fnt
|-heal|p2a: Araquanid|44/100|[from] drain|[of] p1a: Unyielding Rage
|faint|p1a: Unyielding Rage
|-damage|p2a: Araquanid|34/100|[from] item: Life Orb
|
|upkeep
|
|t:|1760835467
|switch|p1a: Popping Off|Primarina, F|100/100
|turn|3
|
|t:|1760835473
|move|p1a: Popping Off|Moonblast|p2a: Araquanid
|-damage|p2a: Araquanid|0 fnt
|faint|p2a: Araquanid
|
|upkeep
|
|t:|1760835496
|switch|p2a: Mimikyu|Mimikyu, F|100/100
|-damage|p2a: Mimikyu|88/100|[from] Spikes
|turn|4
|inactive|ProboZap has 120 seconds left.
|
|t:|1760835513
|switch|p1a: All-Terrain|Iron Treads|100/100
|-enditem|p1a: All-Terrain|Booster Energy
|-activate|p1a: All-Terrain|ability: Quark Drive|[fromitem]
|-start|p1a: All-Terrain|quarkdrivespe
|move|p2a: Mimikyu|Trick Room|p2a: Mimikyu
|-fieldstart|move: Trick Room|[of] p2a: Mimikyu
|
|upkeep
|turn|5
|
|t:|1760835522
|move|p2a: Mimikyu|Curse|p1a: All-Terrain
|-start|p1a: All-Terrain|Curse|[of] p2a: Mimikyu
|-damage|p2a: Mimikyu|38/100
|move|p1a: All-Terrain|Earthquake|p2a: Mimikyu
|-activate|p2a: Mimikyu|ability: Disguise
|-damage|p2a: Mimikyu|38/100
|detailschange|p2a: Mimikyu|Mimikyu-Busted, F
|-damage|p2a: Mimikyu|26/100|[from] pokemon: Mimikyu-Busted
|-enditem|p2a: Mimikyu|Red Card|[of] p1a: All-Terrain
|-end|p1a: All-Terrain|Quark Drive|[silent]
|drag|p1a: Popping Off|Primarina, F|100/100
|
|upkeep
|turn|6
|
|t:|1760835528
|switch|p1a: All-Terrain|Iron Treads|100/100
|move|p2a: Mimikyu|Pain Split|p1a: All-Terrain
|-sethp|p1a: All-Terrain|63/100|[from] move: Pain Split|[silent]
|-sethp|p2a: Mimikyu|64/100|[from] move: Pain Split
|
|upkeep
|turn|7
|
|t:|1760835546
|switch|p2a: Dragonite|Dragonite, M|100/100
|move|p1a: All-Terrain|Stealth Rock|p2a: Dragonite
|-sidestart|p2: ProboZap|move: Stealth Rock
|
|upkeep
|turn|8
|
|t:|1760835550
|move|p2a: Dragonite|Earthquake|p1a: All-Terrain
|-supereffective|p1a: All-Terrain
|-damage|p1a: All-Terrain|0 fnt
|faint|p1a: All-Terrain
|-end|p1a: All-Terrain|Quark Drive|[silent]
|
|-fieldend|move: Trick Room
|upkeep
|
|t:|1760835554
|switch|p1a: Popping Off|Primarina, F|100/100
|turn|9
|
|t:|1760835561
|-terastallize|p2a: Dragonite|Normal
|move|p2a: Dragonite|Extreme Speed|p1a: Popping Off
|-damage|p1a: Popping Off|42/100
|move|p1a: Popping Off|Moonblast|p2a: Dragonite
|-damage|p2a: Dragonite|74/100
|
|-heal|p1a: Popping Off|48/100|[from] item: Leftovers
|upkeep
|turn|10
|
|t:|1760835571
|move|p2a: Dragonite|Extreme Speed|p1a: Popping Off
|-damage|p1a: Popping Off|0 fnt
|faint|p1a: Popping Off
|
|upkeep
|
|t:|1760835575
|switch|p1a: Machination|Iron Valiant|100/100
|-enditem|p1a: Machination|Booster Energy
|-activate|p1a: Machination|ability: Quark Drive|[fromitem]
|-start|p1a: Machination|quarkdrivespe
|turn|11
|
|t:|1760835587
|switch|p2a: Mimikyu|Mimikyu-Busted, F|64/100
|-damage|p2a: Mimikyu|52/100|[from] Spikes
|-damage|p2a: Mimikyu|39/100|[from] Stealth Rock
|-terastallize|p1a: Machination|Steel
|move|p1a: Machination|Close Combat|p2a: Mimikyu
|-immune|p2a: Mimikyu
|
|upkeep
|turn|12
|
|t:|1760835602
|move|p1a: Machination|Moonblast|p2a: Mimikyu
|-damage|p2a: Mimikyu|0 fnt
|faint|p2a: Mimikyu
|
|upkeep
|
|t:|1760835609
|switch|p2a: Mew|Mew|100/100
|-damage|p2a: Mew|88/100|[from] Spikes
|-damage|p2a: Mew|76/100|[from] Stealth Rock
|turn|13
|
|t:|1760835614
|move|p1a: Machination|Knock Off|p2a: Mew
|-supereffective|p2a: Mew
|-damage|p2a: Mew|25/100
|-enditem|p2a: Mew|Leftovers|[from] move: Knock Off|[of] p1a: Machination
|move|p2a: Mew|Will-O-Wisp|p1a: Machination
|-status|p1a: Machination|brn
|
|-damage|p1a: Machination|94/100 brn|[from] brn
|upkeep
|turn|14
|
|t:|1760835624
|move|p1a: Machination|Knock Off|p2a: Mew
|-supereffective|p2a: Mew
|-damage|p2a: Mew|9/100
|move|p2a: Mew|Ice Beam|p1a: Machination
|-resisted|p1a: Machination
|-damage|p1a: Machination|66/100 brn
|
|-damage|p1a: Machination|60/100 brn|[from] brn
|upkeep
|turn|15
|
|t:|1760835628
|move|p1a: Machination|Knock Off|p2a: Mew
|-supereffective|p2a: Mew
|-damage|p2a: Mew|0 fnt
|faint|p2a: Mew
|
|-damage|p1a: Machination|54/100 brn|[from] brn
|upkeep
|
|t:|1760835643
|switch|p2a: Dragonite|Dragonite, M, tera:Normal|74/100
|turn|16
|
|t:|1760835659
|switch|p2a: Hatterene|Hatterene, F|100/100
|-damage|p2a: Hatterene|88/100|[from] Spikes
|-damage|p2a: Hatterene|76/100|[from] Stealth Rock
|move|p1a: Machination|Close Combat|p2a: Hatterene
|-resisted|p2a: Hatterene
|-damage|p2a: Hatterene|70/100
|-unboost|p1a: Machination|def|1
|-unboost|p1a: Machination|spd|1
|
|-damage|p1a: Machination|48/100 brn|[from] brn
|upkeep
|turn|17
|
|t:|1760835671
|move|p1a: Machination|Knock Off|p2a: Hatterene
|-damage|p2a: Hatterene|56/100
|-enditem|p2a: Hatterene|Covert Cloak|[from] move: Knock Off|[of] p1a: Machination
|move|p2a: Hatterene|Reflect|p2a: Hatterene
|-sidestart|p2: ProboZap|Reflect
|
|-damage|p1a: Machination|41/100 brn|[from] brn
|upkeep
|turn|18
|
|t:|1760835679
|move|p1a: Machination|Knock Off|p2a: Hatterene
|-damage|p2a: Hatterene|52/100
|move|p2a: Hatterene|Dazzling Gleam|p1a: Machination
|-resisted|p1a: Machination
|-damage|p1a: Machination|0 fnt
|faint|p1a: Machination
|-end|p1a: Machination|Quark Drive|[silent]
|
|upkeep
|
|t:|1760835683
|switch|p1a: Roaring Wife|Hydreigon, F|100/100
|turn|19
|
|t:|1760835690
|move|p1a: Roaring Wife|Nasty Plot|p1a: Roaring Wife
|-boost|p1a: Roaring Wife|spa|2
|move|p2a: Hatterene|Dazzling Gleam|p1a: Roaring Wife
|-supereffective|p1a: Roaring Wife
|-damage|p1a: Roaring Wife|0 fnt
|faint|p1a: Roaring Wife
|
|upkeep
|
|t:|1760835701
|switch|p1a: Kami|Kingambit, F|100/100
|-activate|p1a: Kami|ability: Supreme Overlord
|-start|p1a: Kami|fallen5|[silent]
|turn|20
|
|t:|1760835705
|move|p1a: Kami|Swords Dance|p1a: Kami
|-boost|p1a: Kami|atk|2
|move|p2a: Hatterene|Dazzling Gleam|p1a: Kami
|-damage|p1a: Kami|58/100
|
|-heal|p1a: Kami|64/100|[from] item: Leftovers
|upkeep
|turn|21
|
|t:|1760835711
|move|p1a: Kami|Swords Dance|p1a: Kami
|-boost|p1a: Kami|atk|2
|move|p2a: Hatterene|Dazzling Gleam|p1a: Kami
|-damage|p1a: Kami|15/100
|
|-heal|p1a: Kami|22/100|[from] item: Leftovers
|-sideend|p2: ProboZap|Reflect
|upkeep
|turn|22
|
|t:|1760835715
|move|p1a: Kami|Iron Head|p2a: Hatterene
|-supereffective|p2a: Hatterene
|-damage|p2a: Hatterene|0 fnt
|faint|p2a: Hatterene
|
|-heal|p1a: Kami|28/100|[from] item: Leftovers
|upkeep
|
|t:|1760835718
|switch|p2a: Heatran|Heatran, M|100/100
|-damage|p2a: Heatran|88/100|[from] Spikes
|-damage|p2a: Heatran|76/100|[from] Stealth Rock
|turn|23
|
|t:|1760835721
|move|p1a: Kami|Sucker Punch|p2a: Heatran
|-damage|p2a: Heatran|0 fnt
|-damage|p1a: Kami|11/100|[from] item: Rocky Helmet|[of] p2a: Heatran
|faint|p2a: Heatran
|
|-heal|p1a: Kami|18/100|[from] item: Leftovers
|upkeep
|
|t:|1760835724
|switch|p2a: Dragonite|Dragonite, M, tera:Normal|74/100
|turn|24
|
|t:|1760835726
|move|p2a: Dragonite|Extreme Speed|p1a: Kami
|-resisted|p1a: Kami
|-damage|p1a: Kami|0 fnt
|faint|p1a: Kami
|-end|p1a: Kami|fallen5|[silent]
|
|win|ProboZap
|raw|peaceinverarity's rating: 1295 &rarr; <strong>1267</strong><br />(-28 for losing)
|raw|ProboZap's rating: 1259 &rarr; <strong>1287</strong><br />(+28 for winning)
|l|☆peaceinverarity
|player|p1|
