|j|☆JILIULONG
|j|☆Ekaiser du 75
|t:|1760776003
|gametype|singles
|player|p1|JILIULONG|wallace|1152
|player|p2|Ekaiser du 75|n|1115
|gen|9
|tier|[Gen 9] OU
|rated|
|rule|HP Percentage Mod: HP is shown in percentages
|rule|Endless Battle Clause: Forcing endless battles is banned
|rule|Species Clause: Limit one of each Pokémon
|rule|OHKO Clause: OHKO moves are banned
|rule|Evasion Items Clause: Evasion items are banned
|rule|Evasion Moves Clause: Evasion moves are banned
|rule|Evasion Abilities Clause: Evasion abilities are banned
|rule|Sleep Moves Clause: Sleep-inducing moves are banned
|clearpoke
|poke|p1|Darkrai|
|poke|p1|Scizor, F|
|poke|p1|Pecharunt|
|poke|p1|Zamazenta-*|
|poke|p1|Kommo-o, M|
|poke|p1|Landorus-Therian, M|
|poke|p2|Ceruledge, M|
|poke|p2|Keldeo-Resolute|
|poke|p2|Dragonite, F|
|poke|p2|Meowstic-F, F|
|poke|p2|Zarude-Dada|
|poke|p2|Hydrapple, M|
|teampreview
|
|t:|1760776021
|teamsize|p1|6
|teamsize|p2|6
|start
|switch|p1a: Scizor|Scizor, F|100/100
|switch|p2a: Ceruledge|Ceruledge, M, shiny|100/100
|-item|p1a: Scizor|Air Balloon
|turn|1
|
|t:|1760776029
|-terastallize|p1a: Scizor|Water
|move|p2a: Ceruledge|Bitter Blade|p1a: Scizor
|-resisted|p1a: Scizor
|-damage|p1a: Scizor|77/100
|-enditem|p1a: Scizor|Air Balloon
|move|p1a: Scizor|Swords Dance|p1a: Scizor
|-boost|p1a: Scizor|atk|2
|
|upkeep
|turn|2
|
|t:|1760776041
|move|p2a: Ceruledge|Dragon Claw|p1a: Scizor
|-damage|p1a: Scizor|50/100
|move|p1a: Scizor|Dual Wingbeat|p2a: Ceruledge
|-damage|p2a: Ceruledge|45/100
|-ability|p2a: Ceruledge|Weak Armor|boost
|-unboost|p2a: Ceruledge|def|1
|-boost|p2a: Ceruledge|spe|2
|-damage|p2a: Ceruledge|0 fnt
|faint|p2a: Ceruledge
|-hitcount|p2: Ceruledge|2
|
|upkeep
|
|t:|1760776061
|switch|p2a: Hydrapple|Hydrapple, M, shiny|100/100
|-ability|p2a: Hydrapple|Supersweet Syrup
|-unboost|p1a: Scizor|evasion|1
|turn|3
|
|t:|1760776070
|move|p1a: Scizor|Dual Wingbeat|p2a: Hydrapple
|-supereffective|p2a: Hydrapple
|-damage|p2a: Hydrapple|24/100
|-supereffective|p2a: Hydrapple
|-damage|p2a: Hydrapple|0 fnt
|faint|p2a: Hydrapple
|-hitcount|p2: Hydrapple|2
|
|upkeep
|
|t:|1760776078
|switch|p2a: Zarude|Zarude-Dada|100/100
|turn|4
|
|t:|1760776083
|move|p2a: Zarude|Petal Blizzard|p1a: Scizor
|-supereffective|p1a: Scizor
|-damage|p1a: Scizor|0 fnt
|faint|p1a: Scizor
|
|upkeep
|
|t:|1760776089
|switch|p1a: Landorus|Landorus-Therian, M|100/100
|-ability|p1a: Landorus|Intimidate|boost
|-unboost|p2a: Zarude|atk|1
|turn|5
|
|t:|1760776098
|move|p1a: Landorus|U-turn|p2a: Zarude
|-supereffective|p2a: Zarude
|-damage|p2a: Zarude|15/100
|
|t:|1760776103
|switch|p1a: Pecharunt|Pecharunt|100/100|[from] U-turn
|move|p2a: Zarude|Petal Blizzard|p1a: Pecharunt
|-resisted|p1a: Pecharunt
|-damage|p1a: Pecharunt|92/100
|
|-heal|p2a: Zarude|21/100|[from] item: Leftovers
|-heal|p1a: Pecharunt|98/100|[from] item: Leftovers
|upkeep
|turn|6
|
|t:|1760776112
|move|p2a: Zarude|Crunch|p1a: Pecharunt
|-supereffective|p1a: Pecharunt
|-damage|p1a: Pecharunt|68/100
|move|p1a: Pecharunt|Malignant Chain|p2a: Zarude
|-supereffective|p2a: Zarude
|-damage|p2a: Zarude|0 fnt
|faint|p2a: Zarude
|
|-heal|p1a: Pecharunt|74/100|[from] item: Leftovers
|upkeep
|
|t:|1760776125
|switch|p2a: Meowstic|Meowstic-F, F, shiny|100/100
|turn|7
|
|t:|1760776131
|move|p2a: Meowstic|Psychic|p1a: Pecharunt
|-supereffective|p1a: Pecharunt
|-damage|p1a: Pecharunt|4/100
|move|p1a: Pecharunt|Shadow Ball|p2a: Meowstic
|-supereffective|p2a: Meowstic
|-crit|p2a: Meowstic
|-damage|p2a: Meowstic|0 fnt
|faint|p2a: Meowstic
|
|-heal|p1a: Pecharunt|10/100|[from] item: Leftovers
|upkeep
|
|t:|1760776144
|switch|p2a: Keldeo|Keldeo-Resolute, shiny|100/100
|turn|8
|
|t:|1760776153
|switch|p1a: Landorus|Landorus-Therian, M|100/100
|-ability|p1a: Landorus|Intimidate|boost
|-unboost|p2a: Keldeo|atk|1
|move|p2a: Keldeo|Surf|p1a: Landorus
|-supereffective|p1a: Landorus
|-damage|p1a: Landorus|16/100
|
|upkeep
|turn|9
|
|t:|1760776165
|move|p1a: Landorus|U-turn|p2a: Keldeo
|-resisted|p2a: Keldeo
|-damage|p2a: Keldeo|86/100
|
|t:|1760776171
|switch|p1a: Zamazenta|Zamazenta|100/100|[from] U-turn
|-ability|p1a: Zamazenta|Dauntless Shield|boost
|-boost|p1a: Zamazenta|def|1
|move|p2a: Keldeo|Air Slash|p1a: Zamazenta
|-supereffective|p1a: Zamazenta
|-crit|p1a: Zamazenta
|-damage|p1a: Zamazenta|39/100
|
|upkeep
|turn|10
|
|t:|1760776183
|move|p1a: Zamazenta|Body Press|p2a: Keldeo
|-damage|p2a: Keldeo|43/100
|move|p2a: Keldeo|Air Slash|p1a: Zamazenta
|-supereffective|p1a: Zamazenta
|-damage|p1a: Zamazenta|0 fnt
|faint|p1a: Zamazenta
|
|upkeep
|
|t:|1760776190
|switch|p1a: Kommo-o|Kommo-o, M|100/100
|turn|11
|
|t:|1760776195
|move|p1a: Kommo-o|Dragon Claw|p2a: Keldeo
|-damage|p2a: Keldeo|8/100
|move|p2a: Keldeo|Air Slash|p1a: Kommo-o
|-supereffective|p1a: Kommo-o
|-damage|p1a: Kommo-o|39/100
|
|upkeep
|turn|12
|
|t:|1760776204
|move|p1a: Kommo-o|Dragon Claw|p2a: Keldeo
|-damage|p2a: Keldeo|0 fnt
|faint|p2a: Keldeo
|
|upkeep
|
|t:|1760776209
|switch|p2a: Dragonite|Dragonite, F, shiny|100/100
|turn|13
|
|t:|1760776218
|move|p1a: Kommo-o|Drain Punch|p2a: Dragonite
|-resisted|p2a: Dragonite
|-damage|p2a: Dragonite|86/100
|-heal|p1a: Kommo-o|48/100|[from] drain|[of] p2a: Dragonite
|move|p2a: Dragonite|Dragon Tail|p1a: Kommo-o
|-supereffective|p1a: Kommo-o
|-damage|p1a: Kommo-o|0 fnt
|-damage|p2a: Dragonite|69/100|[from] item: Rocky Helmet|[of] p1a: Kommo-o
|faint|p1a: Kommo-o
|
|-heal|p2a: Dragonite|75/100|[from] item: Leftovers
|upkeep
|
|t:|1760776229
|switch|p1a: Darkrai|Darkrai|100/100
|turn|14
|
|t:|1760776238
|move|p1a: Darkrai|Ice Beam|p2a: Dragonite
|-supereffective|p2a: Dragonite
|-damage|p2a: Dragonite|0 fnt
|faint|p2a: Dragonite
|-damage|p1a: Darkrai|91/100|[from] item: Life Orb
|
|win|JILIULONG
|raw|JILIULONG's rating: 1152 &rarr; <strong>1174</strong><br />(+22 for winning)
|raw|Ekaiser du 75's rating: 1115 &rarr; <strong>1093</strong><br />(-22 for losing)
|l|☆Ekaiser du 75
|player|p2|
|l|☆JILIULONG
|player|p1|
