|j|☆n3684q
|j|☆hacksareus10
|t:|1760792159
|gametype|singles
|player|p1|n3684q|102|1364
|player|p2|hacksareus10|170|1357
|gen|9
|tier|[Gen 9] OU
|rated|
|rule|HP Percentage Mod: HP is shown in percentages
|rule|Endless Battle Clause: Forcing endless battles is banned
|rule|Species Clause: Limit one of each Pokémon
|rule|OHKO Clause: OHKO moves are banned
|rule|Evasion Items Clause: Evasion items are banned
|rule|Evasion Moves Clause: Evasion moves are banned
|rule|Evasion Abilities Clause: Evasion abilities are banned
|rule|Sleep Moves Clause: Sleep-inducing moves are banned
|clearpoke
|poke|p1|Probopass, M|
|poke|p1|Iron Crown|
|poke|p1|Sinistcha|
|poke|p1|Grimmsnarl, M|
|poke|p1|Kyurem|
|poke|p1|Great Tusk|
|poke|p2|Walking Wake|
|poke|p2|Ninetales, F|
|poke|p2|Corviknight, F|
|poke|p2|Landorus-Therian, M|
|poke|p2|Armarouge, F|
|poke|p2|Arboliva, F|
|teampreview
|inactive|Battle timer is ON: inactive players will automatically lose when time's up. (requested by hacksareus10)
|
|t:|1760792182
|teamsize|p1|6
|teamsize|p2|6
|start
|switch|p1a: Norton|Grimmsnarl, M|100/100
|switch|p2a: Landorus|Landorus-Therian, M|100/100
|-ability|p2a: Landorus|Intimidate|boost
|-unboost|p1a: Norton|atk|1
|turn|1
|
|t:|1760792196
|move|p1a: Norton|Reflect|p1a: Norton
|-sidestart|p1: n3684q|Reflect
|move|p2a: Landorus|Taunt|p1a: Norton
|-start|p1a: Norton|move: Taunt
|
|upkeep
|turn|2
|
|t:|1760792202
|switch|p2a: Corviknight|Corviknight, F|100/100
|-ability|p2a: Corviknight|Pressure
|switch|p1a: Great Tusk|Great Tusk|100/100
|
|upkeep
|turn|3
|
|t:|1760792212
|move|p1a: Great Tusk|Knock Off|p2a: Corviknight
|-damage|p2a: Corviknight|80/100
|-damage|p1a: Great Tusk|84/100|[from] item: Rocky Helmet|[of] p2a: Corviknight
|-enditem|p2a: Corviknight|Rocky Helmet|[from] move: Knock Off|[of] p1a: Great Tusk
|move|p2a: Corviknight|Defog|p1a: Great Tusk
|-unboost|p1a: Great Tusk|evasion|1
|-sideend|p1: n3684q|Reflect
|
|upkeep
|turn|4
|
|t:|1760792221
|-end|p1a: Great Tusk|Protosynthesis|[silent]
|switch|p1a: Norton|Grimmsnarl, M|100/100
|move|p2a: Corviknight|U-turn|p1a: Norton
|-damage|p1a: Norton|89/100
|
|t:|1760792227
|switch|p2a: Landorus|Landorus-Therian, M|100/100|[from] U-turn
|-ability|p2a: Landorus|Intimidate|boost
|-unboost|p1a: Norton|atk|1
|
|upkeep
|turn|5
|
|t:|1760792233
|move|p1a: Norton|Parting Shot|p2a: Landorus
|-unboost|p2a: Landorus|atk|1
|-unboost|p2a: Landorus|spa|1
|
|t:|1760792235
|switch|p1a: Freeze Corleone|Kyurem|100/100|[from] Parting Shot
|-ability|p1a: Freeze Corleone|Pressure
|move|p2a: Landorus|U-turn|p1a: Freeze Corleone
|-damage|p1a: Freeze Corleone|81/100
|
|t:|1760792243
|switch|p2a: Corviknight|Corviknight, F|80/100|[from] U-turn
|-ability|p2a: Corviknight|Pressure
|
|upkeep
|turn|6
|
|t:|1760792249
|switch|p1a: Itsume Probo|Probopass, M|100/100
|move|p2a: Corviknight|Body Press|p1a: Itsume Probo
|-supereffective|p1a: Itsume Probo
|-damage|p1a: Itsume Probo|41/100
|-damage|p2a: Corviknight|63/100|[from] item: Rocky Helmet|[of] p1a: Itsume Probo
|
|upkeep
|turn|7
|
|t:|1760792257
|move|p2a: Corviknight|Body Press|p1a: Itsume Probo
|-supereffective|p1a: Itsume Probo
|-damage|p1a: Itsume Probo|0 fnt
|-damage|p2a: Corviknight|47/100|[from] item: Rocky Helmet|[of] p1a: Itsume Probo
|faint|p1a: Itsume Probo
|
|upkeep
|
|t:|1760792264
|switch|p1a: Freeze Corleone|Kyurem|81/100
|-ability|p1a: Freeze Corleone|Pressure
|turn|8
|
|t:|1760792269
|move|p1a: Freeze Corleone|Freeze-Dry|p2a: Corviknight
|-damage|p2a: Corviknight|15/100
|move|p2a: Corviknight|Roost|p2a: Corviknight
|-heal|p2a: Corviknight|65/100
|-singleturn|p2a: Corviknight|move: Roost
|
|upkeep
|turn|9
|
|t:|1760792277
|switch|p1a: Iron Mugulis|Sinistcha|100/100
|move|p2a: Corviknight|Roost|p2a: Corviknight
|-heal|p2a: Corviknight|100/100
|-singleturn|p2a: Corviknight|move: Roost
|
|upkeep
|turn|10
|
|t:|1760792284
|move|p1a: Iron Mugulis|Calm Mind|p1a: Iron Mugulis
|-boost|p1a: Iron Mugulis|spa|1
|-boost|p1a: Iron Mugulis|spd|1
|move|p2a: Corviknight|U-turn|p1a: Iron Mugulis
|-crit|p1a: Iron Mugulis
|-damage|p1a: Iron Mugulis|84/100
|
|t:|1760792300
|switch|p2a: Landorus|Landorus-Therian, M|100/100|[from] U-turn
|-ability|p2a: Landorus|Intimidate|boost
|-unboost|p1a: Iron Mugulis|atk|1
|
|upkeep
|turn|11
|
|t:|1760792320
|move|p2a: Landorus|U-turn|p1a: Iron Mugulis
|-damage|p1a: Iron Mugulis|64/100
|
|t:|1760792328
|switch|p2a: Ninetales|Ninetales, F|100/100|[from] U-turn
|-weather|SunnyDay|[from] ability: Drought|[of] p2a: Ninetales
|move|p1a: Iron Mugulis|Matcha Gotcha|p2a: Ninetales
|-resisted|p2a: Ninetales
|-damage|p2a: Ninetales|78/100
|-heal|p1a: Iron Mugulis|76/100|[from] drain|[of] p2a: Ninetales
|
|-weather|SunnyDay|[upkeep]
|upkeep
|turn|12
|
|t:|1760792340
|move|p2a: Ninetales|Encore|p1a: Iron Mugulis
|-start|p1a: Iron Mugulis|Encore
|move|p1a: Iron Mugulis|Matcha Gotcha|p2a: Ninetales
|-resisted|p2a: Ninetales
|-damage|p2a: Ninetales|53/100
|-heal|p1a: Iron Mugulis|88/100|[from] drain|[of] p2a: Ninetales
|
|-weather|SunnyDay|[upkeep]
|upkeep
|turn|13
|
|t:|1760792351
|move|p2a: Ninetales|Weather Ball|p1a: Iron Mugulis
|-supereffective|p1a: Iron Mugulis
|-damage|p1a: Iron Mugulis|50/100
|move|p1a: Iron Mugulis|Matcha Gotcha|p2a: Ninetales
|-resisted|p2a: Ninetales
|-damage|p2a: Ninetales|27/100
|-heal|p1a: Iron Mugulis|63/100|[from] drain|[of] p2a: Ninetales
|
|-weather|SunnyDay|[upkeep]
|upkeep
|turn|14
|
|t:|1760792363
|move|p2a: Ninetales|Healing Wish|p2a: Ninetales
|faint|p2a: Ninetales
|move|p1a: Iron Mugulis|Matcha Gotcha|p2: Ninetales|[notarget]
|-fail|p1a: Iron Mugulis
|
|-weather|SunnyDay|[upkeep]
|-end|p1a: Iron Mugulis|Encore
|upkeep
|inactive|hacksareus10 has 120 seconds left.
|
|t:|1760792391
|switch|p2a: Armarouge|Armarouge, F|100/100
|turn|15
|
|t:|1760792405
|move|p2a: Armarouge|Armor Cannon|p1a: Iron Mugulis
|-supereffective|p1a: Iron Mugulis
|-damage|p1a: Iron Mugulis|0 fnt
|-unboost|p2a: Armarouge|def|1
|-unboost|p2a: Armarouge|spd|1
|faint|p1a: Iron Mugulis
|
|-weather|SunnyDay|[upkeep]
|upkeep
|
|t:|1760792411
|switch|p1a: Great Tusk|Great Tusk|84/100
|-activate|p1a: Great Tusk|ability: Protosynthesis
|-start|p1a: Great Tusk|protosynthesisatk
|turn|16
|
|t:|1760792417
|move|p2a: Armarouge|Endure|p2a: Armarouge
|-singleturn|p2a: Armarouge|move: Endure
|move|p1a: Great Tusk|Knock Off|p2a: Armarouge
|-supereffective|p2a: Armarouge
|-activate|p2a: Armarouge|move: Endure
|-damage|p2a: Armarouge|1/100
|-ability|p2a: Armarouge|Weak Armor|boost
|-unboost|p2a: Armarouge|def|1
|-boost|p2a: Armarouge|spe|2
|-enditem|p2a: Armarouge|Weakness Policy
|-boost|p2a: Armarouge|atk|2|[from] item: Weakness Policy
|-boost|p2a: Armarouge|spa|2|[from] item: Weakness Policy
|
|-weather|SunnyDay|[upkeep]
|upkeep
|turn|17
|
|t:|1760792430
|move|p2a: Armarouge|Stored Power|p1a: Great Tusk
|-supereffective|p1a: Great Tusk
|-damage|p1a: Great Tusk|0 fnt
|faint|p1a: Great Tusk
|-end|p1a: Great Tusk|Protosynthesis|[silent]
|
|-weather|SunnyDay|[upkeep]
|upkeep
|
|t:|1760792433
|switch|p1a: Norton|Grimmsnarl, M|89/100
|turn|18
|
|t:|1760792440
|move|p1a: Norton|Light Screen|p1a: Norton
|-sidestart|p1: n3684q|move: Light Screen
|move|p2a: Armarouge|Armor Cannon|p1a: Norton
|-damage|p1a: Norton|0 fnt
|-unboost|p2a: Armarouge|def|1
|-unboost|p2a: Armarouge|spd|1
|faint|p1a: Norton
|
|-weather|none
|upkeep
|
|t:|1760792447
|switch|p1a: Freeze Corleone|Kyurem|81/100
|-ability|p1a: Freeze Corleone|Pressure
|turn|19
|
|t:|1760792461
|move|p2a: Armarouge|Stored Power|p1a: Freeze Corleone
|-damage|p1a: Freeze Corleone|5/100
|move|p1a: Freeze Corleone|Freeze-Dry|p2a: Armarouge
|-resisted|p2a: Armarouge
|-damage|p2a: Armarouge|0 fnt
|faint|p2a: Armarouge
|
|upkeep
|
|t:|1760792476
|switch|p2a: Landorus|Landorus-Therian, M|100/100
|-ability|p2a: Landorus|Intimidate|boost
|-unboost|p1a: Freeze Corleone|atk|1
|turn|20
|
|t:|1760792486
|move|p2a: Landorus|Earthquake|p1a: Freeze Corleone
|-damage|p1a: Freeze Corleone|0 fnt
|faint|p1a: Freeze Corleone
|
|upkeep
|
|t:|1760792494
|switch|p1a: Iron CHOP|Iron Crown|100/100
|turn|21
|
|t:|1760792505
|-terastallize|p2a: Landorus|Ground
|-terastallize|p1a: Iron CHOP|Water
|move|p2a: Landorus|Earthquake|p1a: Iron CHOP
|-damage|p1a: Iron CHOP|15/100
|move|p1a: Iron CHOP|Agility|p1a: Iron CHOP
|-boost|p1a: Iron CHOP|spe|2
|
|upkeep
|turn|22
|
|t:|1760792517
|move|p1a: Iron CHOP|Tachyon Cutter|p2a: Landorus
|-damage|p2a: Landorus|71/100
|-damage|p2a: Landorus|40/100
|-hitcount|p2a: Landorus|2
|move|p2a: Landorus|Earthquake|p1a: Iron CHOP
|-damage|p1a: Iron CHOP|0 fnt
|faint|p1a: Iron CHOP
|-end|p1a: Iron CHOP|Quark Drive|[silent]
|
|win|hacksareus10
|raw|n3684q's rating: 1364 &rarr; <strong>1344</strong><br />(-20 for losing)
|raw|hacksareus10's rating: 1357 &rarr; <strong>1377</strong><br />(+20 for winning)
|l|☆n3684q
|player|p1|
|c|☆hacksareus10|Gg
|l|☆hacksareus10
|player|p2|
