|j|☆Potential Man
|j|☆Supersayan999
|t:|1760837041
|gametype|singles
|player|p1|Potential Man|brock-gen2|1472
|player|p2|Supersayan999|palmer|1486
|gen|9
|tier|[Gen 9] OU
|rated|
|rule|HP Percentage Mod: HP is shown in percentages
|rule|Endless Battle Clause: Forcing endless battles is banned
|rule|Species Clause: Limit one of each Pokémon
|rule|OHKO Clause: OHKO moves are banned
|rule|Evasion Items Clause: Evasion items are banned
|rule|Evasion Moves Clause: Evasion moves are banned
|rule|Evasion Abilities Clause: Evasion abilities are banned
|rule|Sleep Moves Clause: Sleep-inducing moves are banned
|clearpoke
|poke|p1|Toxtricity, F|
|poke|p1|Slowking, F|
|poke|p1|Corviknight, F|
|poke|p1|Hatterene, F|
|poke|p1|Garchomp, M|
|poke|p1|Weavile, F|
|poke|p2|Dragonite, F|
|poke|p2|Weezing-Galar, M|
|poke|p2|Kingambit, M|
|poke|p2|Raging Bolt|
|poke|p2|Skeledirge, F|
|poke|p2|Rillaboom, M|
|teampreview
|inactive|Battle timer is ON: inactive players will automatically lose when time's up. (requested by Potential Man)
|
|t:|1760837058
|teamsize|p1|6
|teamsize|p2|6
|start
|switch|p1a: Garchomp|Garchomp, M|100/100
|switch|p2a: Kingambit|Kingambit, M|100/100
|turn|1
|
|t:|1760837065
|-end|p2a: Kingambit|fallenundefined|[silent]
|switch|p2a: Weezing|Weezing-Galar, M|100/100
|move|p1a: Garchomp|Swords Dance|p1a: Garchomp
|-boost|p1a: Garchomp|atk|2
|
|upkeep
|turn|2
|
|t:|1760837071
|switch|p1a: Hatterene|Hatterene, F|100/100
|move|p2a: Weezing|Strange Steam|p1a: Hatterene|[miss]
|-miss|p2a: Weezing|p1a: Hatterene
|
|upkeep
|turn|3
|
|t:|1760837081
|switch|p2a: Skeledirge|Skeledirge, F|100/100
|move|p1a: Hatterene|Nuzzle|p2a: Skeledirge
|-damage|p2a: Skeledirge|97/100
|-status|p2a: Skeledirge|par
|
|upkeep
|turn|4
|
|t:|1760837089
|switch|p1a: Brine O' Mine|Slowking, F, shiny|100/100
|move|p2a: Skeledirge|Torch Song|p1a: Brine O' Mine
|-resisted|p1a: Brine O' Mine
|-damage|p1a: Brine O' Mine|92/100
|-boost|p2a: Skeledirge|spa|1
|
|upkeep
|turn|5
|
|t:|1760837099
|switch|p2a: Raging Bolt|Raging Bolt|100/100
|-prepare|p1a: Brine O' Mine|Chilly Reception|[premajor]
|move|p1a: Brine O' Mine|Chilly Reception|p1a: Brine O' Mine
|-weather|Snowscape
|
|t:|1760837102
|switch|p1a: Garchomp|Garchomp, M|100/100|[from] Chilly Reception
|
|-weather|Snowscape|[upkeep]
|upkeep
|turn|6
|
|t:|1760837111
|-end|p2a: Raging Bolt|Protosynthesis|[silent]
|switch|p2a: Weezing|Weezing-Galar, M|100/100
|move|p1a: Garchomp|Stealth Rock|p2a: Weezing
|-sidestart|p2: Supersayan999|move: Stealth Rock
|
|-weather|Snowscape|[upkeep]
|upkeep
|turn|7
|
|t:|1760837119
|move|p1a: Garchomp|Earthquake|p2a: Weezing
|-immune|p2a: Weezing|[from] ability: Levitate
|move|p2a: Weezing|Defog|p1a: Garchomp
|-unboost|p1a: Garchomp|evasion|1
|-sideend|p2: Supersayan999|Stealth Rock|[from] move: Defog|[of] p2a: Weezing
|
|-weather|Snowscape|[upkeep]
|upkeep
|turn|8
|
|t:|1760837127
|switch|p1a: Bad Amp|Toxtricity, F, shiny|100/100
|move|p2a: Weezing|Sludge Bomb|p1a: Bad Amp
|-resisted|p1a: Bad Amp
|-damage|p1a: Bad Amp|81/100
|
|-weather|Snowscape|[upkeep]
|upkeep
|turn|9
|
|t:|1760837136
|switch|p2a: Raging Bolt|Raging Bolt|100/100
|move|p1a: Bad Amp|Volt Switch|p2a: Raging Bolt
|-resisted|p2a: Raging Bolt
|-damage|p2a: Raging Bolt|89/100
|
|t:|1760837142
|switch|p1a: Garchomp|Garchomp, M|100/100|[from] Volt Switch
|
|-weather|none
|-heal|p2a: Raging Bolt|95/100|[from] item: Leftovers
|upkeep
|turn|10
|
|t:|1760837149
|move|p1a: Garchomp|Stealth Rock|p2a: Raging Bolt
|-sidestart|p2: Supersayan999|move: Stealth Rock
|move|p2a: Raging Bolt|Dragon Pulse|p1a: Garchomp
|-supereffective|p1a: Garchomp
|-damage|p1a: Garchomp|11/100
|
|-heal|p2a: Raging Bolt|100/100|[from] item: Leftovers
|upkeep
|turn|11
|
|t:|1760837172
|switch|p1a: Bad Amp|Toxtricity, F, shiny|81/100
|-end|p2a: Raging Bolt|Protosynthesis|[silent]
|switch|p2a: Weezing|Weezing-Galar, M|100/100
|
|upkeep
|turn|12
|
|t:|1760837180
|move|p1a: Bad Amp|Boomburst|p2a: Weezing
|-crit|p2a: Weezing
|-damage|p2a: Weezing|0 fnt
|faint|p2a: Weezing
|
|upkeep
|
|t:|1760837191
|switch|p2a: Kingambit|Kingambit, M|100/100
|-damage|p2a: Kingambit|94/100|[from] Stealth Rock
|-activate|p2a: Kingambit|ability: Supreme Overlord
|-start|p2a: Kingambit|fallen1|[silent]
|turn|13
|
|t:|1760837197
|switch|p1a: Corviknight|Corviknight, F, shiny|100/100
|-ability|p1a: Corviknight|Pressure
|move|p2a: Kingambit|Sucker Punch||[still]
|-fail|p2a: Kingambit
|
|upkeep
|turn|14
|
|t:|1760837204
|-end|p2a: Kingambit|fallen1|[silent]
|switch|p2a: Skeledirge|Skeledirge, F|97/100 par
|move|p1a: Corviknight|U-turn|p2a: Skeledirge
|-resisted|p2a: Skeledirge
|-damage|p2a: Skeledirge|94/100 par
|
|t:|1760837207
|switch|p1a: Garchomp|Garchomp, M|11/100|[from] U-turn
|
|upkeep
|turn|15
|
|t:|1760837218
|switch|p2a: Rillaboom|Rillaboom, M|100/100
|-damage|p2a: Rillaboom|88/100|[from] Stealth Rock
|-fieldstart|move: Grassy Terrain|[from] ability: Grassy Surge|[of] p2a: Rillaboom
|move|p1a: Garchomp|Scale Shot|p2a: Rillaboom|[miss]
|-miss|p1a: Garchomp|p2a: Rillaboom
|
|-heal|p1a: Garchomp|17/100|[from] Grassy Terrain
|-heal|p2a: Rillaboom|94/100|[from] Grassy Terrain
|upkeep
|turn|16
|
|t:|1760837229
|switch|p1a: Corviknight|Corviknight, F, shiny|100/100
|-ability|p1a: Corviknight|Pressure
|move|p2a: Rillaboom|Grassy Glide|p1a: Corviknight
|-resisted|p1a: Corviknight
|-damage|p1a: Corviknight|94/100
|-damage|p2a: Rillaboom|78/100|[from] item: Rocky Helmet|[of] p1a: Corviknight
|
|-heal|p2a: Rillaboom|84/100|[from] Grassy Terrain
|upkeep
|turn|17
|
|t:|1760837244
|move|p2a: Rillaboom|U-turn|p1a: Corviknight
|-resisted|p1a: Corviknight
|-damage|p1a: Corviknight|91/100
|-damage|p2a: Rillaboom|68/100|[from] item: Rocky Helmet|[of] p1a: Corviknight
|
|t:|1760837248
|switch|p2a: Skeledirge|Skeledirge, F|94/100 par|[from] U-turn
|move|p1a: Corviknight|U-turn|p2a: Skeledirge
|-resisted|p2a: Skeledirge
|-damage|p2a: Skeledirge|91/100 par
|
|t:|1760837251
|switch|p1a: Bad Amp|Toxtricity, F, shiny|81/100|[from] U-turn
|
|-heal|p1a: Bad Amp|87/100|[from] Grassy Terrain
|-heal|p2a: Skeledirge|97/100 par|[from] Grassy Terrain
|upkeep
|turn|18
|
|t:|1760837261
|move|p1a: Bad Amp|Volt Switch|p2a: Skeledirge
|-damage|p2a: Skeledirge|58/100 par
|
|t:|1760837272
|switch|p1a: Weavile|Weavile, F|100/100|[from] Volt Switch
|-ability|p1a: Weavile|Pressure
|move|p2a: Skeledirge|Torch Song|p1a: Weavile
|-supereffective|p1a: Weavile
|-damage|p1a: Weavile|10/100
|-boost|p2a: Skeledirge|spa|1
|
|-heal|p1a: Weavile|16/100|[from] Grassy Terrain
|-heal|p2a: Skeledirge|64/100 par|[from] Grassy Terrain
|upkeep
|turn|19
|
|t:|1760837287
|switch|p2a: Kingambit|Kingambit, M|94/100
|-damage|p2a: Kingambit|88/100|[from] Stealth Rock
|-activate|p2a: Kingambit|ability: Supreme Overlord
|-start|p2a: Kingambit|fallen1|[silent]
|move|p1a: Weavile|Knock Off|p2a: Kingambit
|-resisted|p2a: Kingambit
|-damage|p2a: Kingambit|72/100
|-enditem|p2a: Kingambit|Black Glasses|[from] move: Knock Off|[of] p1a: Weavile
|
|-heal|p1a: Weavile|22/100|[from] Grassy Terrain
|-heal|p2a: Kingambit|78/100|[from] Grassy Terrain
|-fieldend|move: Grassy Terrain
|upkeep
|turn|20
|
|t:|1760837299
|move|p1a: Weavile|Low Kick|p2a: Kingambit
|-supereffective|p2a: Kingambit
|-damage|p2a: Kingambit|0 fnt
|faint|p2a: Kingambit
|-end|p2a: Kingambit|fallen1|[silent]
|
|upkeep
|
|t:|1760837304
|switch|p2a: Dragonite|Dragonite, F|100/100
|-damage|p2a: Dragonite|76/100|[from] Stealth Rock
|turn|21
|
|t:|1760837311
|switch|p1a: Corviknight|Corviknight, F, shiny|91/100
|-ability|p1a: Corviknight|Pressure
|-terastallize|p2a: Dragonite|Normal
|move|p2a: Dragonite|Dragon Dance|p2a: Dragonite
|-boost|p2a: Dragonite|atk|1
|-boost|p2a: Dragonite|spe|1
|
|upkeep
|turn|22
|
|t:|1760837320
|move|p2a: Dragonite|Roost|p2a: Dragonite
|-heal|p2a: Dragonite|100/100
|move|p1a: Corviknight|Body Press|p2a: Dragonite
|-supereffective|p2a: Dragonite
|-damage|p2a: Dragonite|72/100
|
|upkeep
|turn|23
|
|t:|1760837328
|move|p2a: Dragonite|Roost|p2a: Dragonite
|-heal|p2a: Dragonite|100/100
|move|p1a: Corviknight|Body Press|p2a: Dragonite
|-supereffective|p2a: Dragonite
|-damage|p2a: Dragonite|70/100
|
|upkeep
|turn|24
|
|t:|1760837335
|switch|p2a: Skeledirge|Skeledirge, F|64/100 par
|move|p1a: Corviknight|Body Press|p2a: Skeledirge
|-immune|p2a: Skeledirge
|
|upkeep
|turn|25
|
|t:|1760837345
|switch|p1a: Brine O' Mine|Slowking, F, shiny|100/100
|move|p2a: Skeledirge|Hex|p1a: Brine O' Mine
|-supereffective|p1a: Brine O' Mine
|-damage|p1a: Brine O' Mine|72/100
|
|upkeep
|turn|26
|
|t:|1760837354
|move|p2a: Skeledirge|Slack Off|p2a: Skeledirge
|-heal|p2a: Skeledirge|100/100 par
|move|p1a: Brine O' Mine|Future Sight|p2a: Skeledirge
|-start|p1a: Brine O' Mine|move: Future Sight
|
|upkeep
|turn|27
|
|t:|1760837362
|move|p2a: Skeledirge|Will-O-Wisp|p1a: Brine O' Mine
|-status|p1a: Brine O' Mine|brn
|move|p1a: Brine O' Mine|Scald|p2a: Skeledirge
|-supereffective|p2a: Skeledirge
|-damage|p2a: Skeledirge|64/100 par
|
|-damage|p1a: Brine O' Mine|65/100 brn|[from] brn
|upkeep
|turn|28
|
|t:|1760837373
|move|p2a: Skeledirge|Slack Off|p2a: Skeledirge
|-heal|p2a: Skeledirge|100/100 par
|-prepare|p1a: Brine O' Mine|Chilly Reception|[premajor]
|move|p1a: Brine O' Mine|Chilly Reception|p1a: Brine O' Mine
|-weather|Snowscape
|
|t:|1760837376
|switch|p1a: Bad Amp|Toxtricity, F, shiny|87/100|[from] Chilly Reception
|
|-weather|Snowscape|[upkeep]
|-end|p2a: Skeledirge|move: Future Sight
|-damage|p2a: Skeledirge|69/100 par
|upkeep
|turn|29
|
|t:|1760837385
|move|p1a: Bad Amp|Toxic Spikes|p2a: Skeledirge
|-sidestart|p2: Supersayan999|move: Toxic Spikes
|cant|p2a: Skeledirge|par
|
|-weather|Snowscape|[upkeep]
|upkeep
|turn|30
|
|t:|1760837393
|switch|p1a: Weavile|Weavile, F|22/100
|-ability|p1a: Weavile|Pressure
|move|p2a: Skeledirge|Torch Song|p1a: Weavile
|-supereffective|p1a: Weavile
|-damage|p1a: Weavile|0 fnt
|-boost|p2a: Skeledirge|spa|1
|faint|p1a: Weavile
|
|-weather|Snowscape|[upkeep]
|upkeep
|
|t:|1760837396
|switch|p1a: Bad Amp|Toxtricity, F, shiny|87/100
|turn|31
|
|t:|1760837408
|move|p1a: Bad Amp|Overdrive|p2a: Skeledirge
|-damage|p2a: Skeledirge|12/100 par
|cant|p2a: Skeledirge|par
|
|-weather|Snowscape|[upkeep]
|upkeep
|turn|32
|-message|Supersayan999 forfeited.
|
|win|Potential Man
|raw|Potential Man's rating: 1472 &rarr; <strong>1493</strong><br />(+21 for winning)
|raw|Supersayan999's rating: 1486 &rarr; <strong>1465</strong><br />(-21 for losing)
|l|☆Supersayan999
|player|p2|
|l|☆Potential Man
|player|p1|
