|j|☆jsyxfqhau
|j|☆magabeedrill
|t:|1760855370
|gametype|singles
|player|p1|jsyxfqhau|red|1262
|player|p2|magabeedrill|ghetsis|1291
|gen|9
|tier|[Gen 9] OU
|rated|
|rule|HP Percentage Mod: HP is shown in percentages
|rule|Endless Battle Clause: Forcing endless battles is banned
|rule|Species Clause: Limit one of each Pokémon
|rule|OHKO Clause: OHKO moves are banned
|rule|Evasion Items Clause: Evasion items are banned
|rule|Evasion Moves Clause: Evasion moves are banned
|rule|Evasion Abilities Clause: Evasion abilities are banned
|rule|Sleep Moves Clause: Sleep-inducing moves are banned
|clearpoke
|poke|p1|Dondozo, F|
|poke|p1|Ogerpon-Wellspring, F|
|poke|p1|Umbreon, M|
|poke|p1|Gliscor, M|
|poke|p1|Araquanid, M|
|poke|p1|Pelipper, F|
|poke|p2|Kingambit, M|
|poke|p2|Cinderace, F|
|poke|p2|Landorus-Therian, M|
|poke|p2|Iron Valiant|
|poke|p2|Kyurem|
|poke|p2|Slowking-Galar, M|
|teampreview
|inactive|Battle timer is ON: inactive players will automatically lose when time's up. (requested by magabeedrill)
|
|t:|1760855378
|teamsize|p1|6
|teamsize|p2|6
|start
|switch|p1a: Umbreon|Umbreon, M, shiny|100/100
|switch|p2a: Kyurem|Kyurem, shiny|100/100
|-ability|p2a: Kyurem|Pressure
|turn|1
|
|t:|1760855386
|move|p2a: Kyurem|Substitute|p2a: Kyurem
|-start|p2a: Kyurem|Substitute
|-damage|p2a: Kyurem|76/100
|move|p1a: Umbreon|Foul Play|p2a: Kyurem
|-end|p2a: Kyurem|Substitute
|
|-heal|p2a: Kyurem|82/100|[from] item: Leftovers
|upkeep
|turn|2
|
|t:|1760855393
|move|p2a: Kyurem|Protect|p2a: Kyurem
|-singleturn|p2a: Kyurem|Protect
|move|p1a: Umbreon|Foul Play|p2a: Kyurem
|-activate|p2a: Kyurem|move: Protect
|
|-heal|p2a: Kyurem|88/100|[from] item: Leftovers
|upkeep
|turn|3
|
|t:|1760855411
|move|p2a: Kyurem|Freeze-Dry|p1a: Umbreon
|-damage|p1a: Umbreon|77/100
|move|p1a: Umbreon|Toxic|p2a: Kyurem
|-status|p2a: Kyurem|tox
|
|-heal|p2a: Kyurem|94/100 tox|[from] item: Leftovers
|-heal|p1a: Umbreon|83/100|[from] item: Leftovers
|-damage|p2a: Kyurem|88/100 tox|[from] psn
|upkeep
|turn|4
|
|t:|1760855418
|move|p2a: Kyurem|Freeze-Dry|p1a: Umbreon
|-damage|p1a: Umbreon|60/100
|move|p1a: Umbreon|Wish|p1a: Umbreon
|
|-heal|p2a: Kyurem|94/100 tox|[from] item: Leftovers
|-heal|p1a: Umbreon|66/100|[from] item: Leftovers
|-damage|p2a: Kyurem|82/100 tox|[from] psn
|upkeep
|turn|5
|
|t:|1760855429
|switch|p2a: Kingambit|Kingambit, M, shiny|100/100
|move|p1a: Umbreon|Foul Play|p2a: Kingambit
|-resisted|p2a: Kingambit
|-damage|p2a: Kingambit|77/100
|
|-heal|p1a: Umbreon|100/100|[from] move: Wish|[wisher] Umbreon
|-heal|p2a: Kingambit|83/100|[from] item: Leftovers
|upkeep
|turn|6
|
|t:|1760855437
|move|p2a: Kingambit|Swords Dance|p2a: Kingambit
|-boost|p2a: Kingambit|atk|2
|move|p1a: Umbreon|Wish|p1a: Umbreon
|
|-heal|p2a: Kingambit|90/100|[from] item: Leftovers
|upkeep
|turn|7
|inactive|magabeedrill has 120 seconds left.
|
|t:|1760855487
|move|p2a: Kingambit|Iron Head|p1a: Umbreon
|-crit|p1a: Umbreon
|-damage|p1a: Umbreon|16/100
|move|p1a: Umbreon|Foul Play|p2a: Kingambit
|-resisted|p2a: Kingambit
|-damage|p2a: Kingambit|44/100
|
|-heal|p1a: Umbreon|66/100|[from] move: Wish|[wisher] Umbreon
|-heal|p2a: Kingambit|51/100|[from] item: Leftovers
|-heal|p1a: Umbreon|72/100|[from] item: Leftovers
|upkeep
|turn|8
|
|t:|1760855495
|move|p2a: Kingambit|Iron Head|p1a: Umbreon
|-damage|p1a: Umbreon|17/100
|move|p1a: Umbreon|Wish|p1a: Umbreon
|
|-heal|p2a: Kingambit|57/100|[from] item: Leftovers
|-heal|p1a: Umbreon|23/100|[from] item: Leftovers
|upkeep
|turn|9
|
|t:|1760855503
|move|p1a: Umbreon|Protect|p1a: Umbreon
|-singleturn|p1a: Umbreon|Protect
|move|p2a: Kingambit|Iron Head|p1a: Umbreon
|-activate|p1a: Umbreon|move: Protect
|
|-heal|p1a: Umbreon|73/100|[from] move: Wish|[wisher] Umbreon
|-heal|p2a: Kingambit|63/100|[from] item: Leftovers
|-heal|p1a: Umbreon|79/100|[from] item: Leftovers
|upkeep
|turn|10
|inactive|magabeedrill has 120 seconds left.
|
|t:|1760855511
|switch|p1a: Dondozo|Dondozo, F, shiny|100/100
|move|p2a: Kingambit|Iron Head|p1a: Dondozo
|-resisted|p1a: Dondozo
|-damage|p1a: Dondozo|86/100
|
|-heal|p2a: Kingambit|69/100|[from] item: Leftovers
|-heal|p1a: Dondozo|92/100|[from] item: Leftovers
|upkeep
|turn|11
|inactive|magabeedrill has 120 seconds left.
|
|t:|1760855525
|-end|p2a: Kingambit|fallenundefined|[silent]
|switch|p2a: Slowking|Slowking-Galar, M, shiny|100/100
|move|p1a: Dondozo|Earthquake|p2a: Slowking
|-supereffective|p2a: Slowking
|-damage|p2a: Slowking|45/100
|
|-heal|p1a: Dondozo|98/100|[from] item: Leftovers
|upkeep
|turn|12
|inactive|magabeedrill has 120 seconds left.
|
|t:|1760855562
|switch|p2a: Iron Valiant|Iron Valiant, shiny|100/100
|-enditem|p2a: Iron Valiant|Booster Energy
|-activate|p2a: Iron Valiant|ability: Quark Drive|[fromitem]
|-start|p2a: Iron Valiant|quarkdrivespe
|move|p1a: Dondozo|Earthquake|p2a: Iron Valiant
|-damage|p2a: Iron Valiant|70/100
|
|-heal|p1a: Dondozo|100/100|[from] item: Leftovers
|upkeep
|turn|13
|inactive|magabeedrill has 90 seconds left.
|
|t:|1760855580
|switch|p1a: Araquanid|Araquanid, M, shiny|100/100
|move|p2a: Iron Valiant|Moonblast|p1a: Araquanid
|-damage|p1a: Araquanid|65/100
|
|-heal|p1a: Araquanid|71/100|[from] item: Leftovers
|upkeep
|turn|14
|inactive|magabeedrill has 90 seconds left.
|
|t:|1760855605
|move|p2a: Iron Valiant|Moonblast|p1a: Araquanid
|-damage|p1a: Araquanid|32/100
|move|p1a: Araquanid|Sticky Web|p2a: Iron Valiant
|-sidestart|p2: magabeedrill|move: Sticky Web
|
|-heal|p1a: Araquanid|38/100|[from] item: Leftovers
|upkeep
|turn|15
|
|t:|1760855613
|move|p2a: Iron Valiant|Encore|p1a: Araquanid
|-start|p1a: Araquanid|Encore
|move|p1a: Araquanid|Sticky Web||[still]
|-fail|p1a: Araquanid
|
|-heal|p1a: Araquanid|44/100|[from] item: Leftovers
|upkeep
|turn|16
|
|t:|1760855620
|switch|p1a: Gliscor|Gliscor, M|100/100
|move|p2a: Iron Valiant|Moonblast|p1a: Gliscor
|-damage|p1a: Gliscor|56/100
|
|-status|p1a: Gliscor|tox|[from] item: Toxic Orb
|upkeep
|turn|17
|
|t:|1760855629
|move|p1a: Gliscor|Protect|p1a: Gliscor
|-singleturn|p1a: Gliscor|Protect
|move|p2a: Iron Valiant|Moonblast|p1a: Gliscor
|-activate|p1a: Gliscor|move: Protect
|
|-heal|p1a: Gliscor|68/100 tox|[from] ability: Poison Heal
|upkeep
|turn|18
|
|t:|1760855634
|move|p2a: Iron Valiant|Moonblast|p1a: Gliscor
|-damage|p1a: Gliscor|19/100 tox
|move|p1a: Gliscor|Toxic|p2a: Iron Valiant
|-status|p2a: Iron Valiant|tox
|
|-damage|p2a: Iron Valiant|64/100 tox|[from] psn
|-heal|p1a: Gliscor|31/100 tox|[from] ability: Poison Heal
|upkeep
|turn|19
|inactive|magabeedrill has 120 seconds left.
|
|t:|1760855640
|-end|p2a: Iron Valiant|Quark Drive|[silent]
|switch|p2a: Landorus|Landorus-Therian, M|100/100
|-ability|p2a: Landorus|Intimidate|boost
|-unboost|p1a: Gliscor|atk|1
|move|p1a: Gliscor|Protect||[still]
|-fail|p1a: Gliscor
|
|-heal|p1a: Gliscor|44/100 tox|[from] ability: Poison Heal
|upkeep
|turn|20
|
|t:|1760855652
|switch|p1a: Pelipper|Pelipper, F, shiny|100/100
|-weather|RainDance|[from] ability: Drizzle|[of] p1a: Pelipper
|move|p2a: Landorus|U-turn|p1a: Pelipper
|-resisted|p1a: Pelipper
|-damage|p1a: Pelipper|86/100
|
|t:|1760855662
|switch|p2a: Kyurem|Kyurem, shiny|82/100 tox|[from] U-turn
|-activate|p2a: Kyurem|move: Sticky Web
|-unboost|p2a: Kyurem|spe|1
|-ability|p2a: Kyurem|Pressure
|
|-weather|RainDance|[upkeep]
|-heal|p2a: Kyurem|88/100 tox|[from] item: Leftovers
|-damage|p2a: Kyurem|82/100 tox|[from] psn
|upkeep
|turn|21
|
|t:|1760855670
|move|p2a: Kyurem|Freeze-Dry|p1a: Pelipper
|-supereffective|p1a: Pelipper
|-damage|p1a: Pelipper|0 fnt
|faint|p1a: Pelipper
|
|-weather|RainDance|[upkeep]
|-heal|p2a: Kyurem|88/100 tox|[from] item: Leftovers
|-damage|p2a: Kyurem|76/100 tox|[from] psn
|upkeep
|
|t:|1760855685
|switch|p1a: Umbreon|Umbreon, M, shiny|79/100
|turn|22
|inactive|magabeedrill has 120 seconds left.
|
|t:|1760855725
|switch|p2a: Landorus|Landorus-Therian, M|100/100
|-ability|p2a: Landorus|Intimidate|boost
|-unboost|p1a: Umbreon|atk|1
|move|p1a: Umbreon|Wish|p1a: Umbreon
|
|-weather|RainDance|[upkeep]
|-heal|p1a: Umbreon|85/100|[from] item: Leftovers
|upkeep
|turn|23
|
|t:|1760855732
|move|p2a: Landorus|Taunt|p1a: Umbreon
|-start|p1a: Umbreon|move: Taunt
|cant|p1a: Umbreon|move: Taunt|Toxic
|
|-weather|RainDance|[upkeep]
|-heal|p1a: Umbreon|100/100|[from] move: Wish|[wisher] Umbreon
|upkeep
|turn|24
|inactive|magabeedrill has 120 seconds left.
|
|t:|1760855751
|switch|p1a: Gliscor|Gliscor, M|44/100 tox
|move|p2a: Landorus|U-turn|p1a: Gliscor
|-resisted|p1a: Gliscor
|-damage|p1a: Gliscor|33/100 tox
|inactive|magabeedrill has 120 seconds left.
|
|t:|1760855763
|switch|p2a: Kyurem|Kyurem, shiny|76/100 tox|[from] U-turn
|-activate|p2a: Kyurem|move: Sticky Web
|-unboost|p2a: Kyurem|spe|1
|-ability|p2a: Kyurem|Pressure
|
|-weather|RainDance|[upkeep]
|-heal|p2a: Kyurem|82/100 tox|[from] item: Leftovers
|-heal|p1a: Gliscor|46/100 tox|[from] ability: Poison Heal
|-damage|p2a: Kyurem|76/100 tox|[from] psn
|upkeep
|turn|25
|inactive|magabeedrill has 120 seconds left.
|
|t:|1760855774
|switch|p2a: Landorus|Landorus-Therian, M|100/100
|-ability|p2a: Landorus|Intimidate|boost
|-unboost|p1a: Gliscor|atk|1
|move|p1a: Gliscor|Protect||[still]
|-fail|p1a: Gliscor
|
|-weather|RainDance|[upkeep]
|-heal|p1a: Gliscor|58/100 tox|[from] ability: Poison Heal
|upkeep
|turn|26
|inactive|magabeedrill has 120 seconds left.
|
|t:|1760855786
|switch|p1a: Araquanid|Araquanid, M, shiny|44/100
|move|p2a: Landorus|Taunt|p1a: Araquanid
|-start|p1a: Araquanid|move: Taunt
|
|-weather|RainDance|[upkeep]
|-heal|p1a: Araquanid|50/100|[from] item: Leftovers
|upkeep
|turn|27
|
|t:|1760855793
|move|p2a: Landorus|Rock Tomb|p1a: Araquanid
|-supereffective|p1a: Araquanid
|-damage|p1a: Araquanid|12/100
|-unboost|p1a: Araquanid|spe|1
|move|p1a: Araquanid|Liquidation|p2a: Landorus
|-supereffective|p2a: Landorus
|-damage|p2a: Landorus|0 fnt
|-damage|p1a: Araquanid|0 fnt|[from] item: Rocky Helmet|[of] p2a: Landorus
|faint|p2a: Landorus
|faint|p1a: Araquanid
|
|-weather|none
|upkeep
|inactive|magabeedrill has 120 seconds left.
|
|t:|1760855805
|switch|p2a: Slowking|Slowking-Galar, M, shiny|78/100
|switch|p1a: Gliscor|Gliscor, M|58/100 tox
|turn|28
|inactive|magabeedrill has 120 seconds left.
|inactive|magabeedrill has 90 seconds left.
|inactive|magabeedrill has 60 seconds left.
|
|t:|1760855895
|move|p1a: Gliscor|Earthquake|p2a: Slowking
|-supereffective|p2a: Slowking
|-damage|p2a: Slowking|13/100
|-prepare|p2a: Slowking|Chilly Reception|[premajor]
|move|p2a: Slowking|Chilly Reception|p2a: Slowking
|-weather|Snowscape
|
|t:|1760855908
|switch|p2a: Kyurem|Kyurem, shiny|76/100 tox|[from] Chilly Reception
|-activate|p2a: Kyurem|move: Sticky Web
|-unboost|p2a: Kyurem|spe|1
|-ability|p2a: Kyurem|Pressure
|
|-weather|Snowscape|[upkeep]
|-heal|p2a: Kyurem|82/100 tox|[from] item: Leftovers
|-heal|p1a: Gliscor|70/100 tox|[from] ability: Poison Heal
|-damage|p2a: Kyurem|76/100 tox|[from] psn
|upkeep
|turn|29
|
|t:|1760855915
|move|p1a: Gliscor|Protect|p1a: Gliscor
|-singleturn|p1a: Gliscor|Protect
|move|p2a: Kyurem|Substitute|p2a: Kyurem
|-start|p2a: Kyurem|Substitute
|-damage|p2a: Kyurem|51/100 tox
|
|-weather|Snowscape|[upkeep]
|-heal|p2a: Kyurem|57/100 tox|[from] item: Leftovers
|-heal|p1a: Gliscor|83/100 tox|[from] ability: Poison Heal
|-damage|p2a: Kyurem|44/100 tox|[from] psn
|upkeep
|turn|30
|
|t:|1760855922
|move|p1a: Gliscor|Substitute|p1a: Gliscor
|-start|p1a: Gliscor|Substitute
|-damage|p1a: Gliscor|58/100 tox
|move|p2a: Kyurem|Freeze-Dry|p1a: Gliscor
|-supereffective|p1a: Gliscor
|-end|p1a: Gliscor|Substitute
|
|-weather|Snowscape|[upkeep]
|-heal|p2a: Kyurem|51/100 tox|[from] item: Leftovers
|-heal|p1a: Gliscor|70/100 tox|[from] ability: Poison Heal
|-damage|p2a: Kyurem|32/100 tox|[from] psn
|upkeep
|turn|31
|
|t:|1760855933
|move|p1a: Gliscor|Protect|p1a: Gliscor
|-singleturn|p1a: Gliscor|Protect
|move|p2a: Kyurem|Freeze-Dry|p1a: Gliscor
|-activate|p1a: Gliscor|move: Protect
|
|-weather|Snowscape|[upkeep]
|-heal|p2a: Kyurem|38/100 tox|[from] item: Leftovers
|-heal|p1a: Gliscor|83/100 tox|[from] ability: Poison Heal
|-damage|p2a: Kyurem|14/100 tox|[from] psn
|upkeep
|turn|32
|
|t:|1760855939
|move|p1a: Gliscor|Substitute|p1a: Gliscor
|-start|p1a: Gliscor|Substitute
|-damage|p1a: Gliscor|58/100 tox
|move|p2a: Kyurem|Freeze-Dry|p1a: Gliscor
|-supereffective|p1a: Gliscor
|-end|p1a: Gliscor|Substitute
|
|-weather|none
|-heal|p2a: Kyurem|20/100 tox|[from] item: Leftovers
|-heal|p1a: Gliscor|70/100 tox|[from] ability: Poison Heal
|-damage|p2a: Kyurem|0 fnt|[from] psn
|faint|p2a: Kyurem
|upkeep
|
|t:|1760855948
|switch|p2a: Kingambit|Kingambit, M, shiny|69/100
|-activate|p2a: Kingambit|move: Sticky Web
|-unboost|p2a: Kingambit|spe|1
|-activate|p2a: Kingambit|ability: Supreme Overlord
|-start|p2a: Kingambit|fallen2|[silent]
|turn|33
|
|t:|1760855967
|-terastallize|p2a: Kingambit|Flying
|move|p1a: Gliscor|Earthquake|p2a: Kingambit
|-immune|p2a: Kingambit
|move|p2a: Kingambit|Swords Dance|p2a: Kingambit
|-boost|p2a: Kingambit|atk|2
|
|-heal|p2a: Kingambit|75/100|[from] item: Leftovers
|-heal|p1a: Gliscor|83/100 tox|[from] ability: Poison Heal
|upkeep
|turn|34
|
|t:|1760855976
|move|p1a: Gliscor|Protect|p1a: Gliscor
|-singleturn|p1a: Gliscor|Protect
|move|p2a: Kingambit|Kowtow Cleave|p1a: Gliscor
|-activate|p1a: Gliscor|move: Protect
|
|-heal|p2a: Kingambit|81/100|[from] item: Leftovers
|-heal|p1a: Gliscor|95/100 tox|[from] ability: Poison Heal
|upkeep
|turn|35
|
|t:|1760855982
|switch|p1a: Dondozo|Dondozo, F, shiny|100/100
|move|p2a: Kingambit|Kowtow Cleave|p1a: Dondozo
|-damage|p1a: Dondozo|63/100
|
|-heal|p2a: Kingambit|88/100|[from] item: Leftovers
|-heal|p1a: Dondozo|69/100|[from] item: Leftovers
|upkeep
|turn|36
|inactive|magabeedrill has 90 seconds left.
|
|t:|1760855990
|move|p2a: Kingambit|Kowtow Cleave|p1a: Dondozo
|-damage|p1a: Dondozo|35/100
|move|p1a: Dondozo|Aqua Tail|p2a: Kingambit
|-damage|p2a: Kingambit|62/100
|
|-heal|p2a: Kingambit|68/100|[from] item: Leftovers
|-heal|p1a: Dondozo|41/100|[from] item: Leftovers
|upkeep
|turn|37
|
|t:|1760855997
|move|p1a: Dondozo|Protect|p1a: Dondozo
|-singleturn|p1a: Dondozo|Protect
|move|p2a: Kingambit|Kowtow Cleave|p1a: Dondozo
|-activate|p1a: Dondozo|move: Protect
|
|-heal|p2a: Kingambit|74/100|[from] item: Leftovers
|-heal|p1a: Dondozo|48/100|[from] item: Leftovers
|upkeep
|turn|38
|inactive|magabeedrill has 90 seconds left.
|
|t:|1760856017
|move|p2a: Kingambit|Kowtow Cleave|p1a: Dondozo
|-damage|p1a: Dondozo|9/100
|move|p1a: Dondozo|Aqua Tail|p2a: Kingambit
|-damage|p2a: Kingambit|47/100
|
|-heal|p2a: Kingambit|54/100|[from] item: Leftovers
|-heal|p1a: Dondozo|15/100|[from] item: Leftovers
|upkeep
|turn|39
|
|t:|1760856025
|move|p2a: Kingambit|Sucker Punch|p1a: Dondozo
|-damage|p1a: Dondozo|0 fnt
|faint|p1a: Dondozo
|
|-heal|p2a: Kingambit|60/100|[from] item: Leftovers
|upkeep
|
|t:|1760856027
|switch|p1a: Umbreon|Umbreon, M, shiny|100/100
|turn|40
|
|t:|1760856036
|move|p1a: Umbreon|Foul Play|p2a: Kingambit
|-damage|p2a: Kingambit|0 fnt
|faint|p2a: Kingambit
|-end|p2a: Kingambit|fallen2|[silent]
|
|upkeep
|
|t:|1760856039
|switch|p2a: Iron Valiant|Iron Valiant, shiny|64/100 tox
|-activate|p2a: Iron Valiant|move: Sticky Web
|-unboost|p2a: Iron Valiant|spe|1
|turn|41
|
|t:|1760856043
|move|p1a: Umbreon|Protect|p1a: Umbreon
|-singleturn|p1a: Umbreon|Protect
|move|p2a: Iron Valiant|Moonblast|p1a: Umbreon
|-activate|p1a: Umbreon|move: Protect
|
|-damage|p2a: Iron Valiant|58/100 tox|[from] psn
|upkeep
|turn|42
|
|t:|1760856048
|move|p2a: Iron Valiant|Moonblast|p1a: Umbreon
|-supereffective|p1a: Umbreon
|-damage|p1a: Umbreon|37/100
|-unboost|p1a: Umbreon|spa|1
|move|p1a: Umbreon|Wish|p1a: Umbreon
|
|-heal|p1a: Umbreon|43/100|[from] item: Leftovers
|-damage|p2a: Iron Valiant|45/100 tox|[from] psn
|upkeep
|turn|43
|
|t:|1760856055
|move|p1a: Umbreon|Protect|p1a: Umbreon
|-singleturn|p1a: Umbreon|Protect
|move|p2a: Iron Valiant|Calm Mind|p2a: Iron Valiant
|-boost|p2a: Iron Valiant|spa|1
|-boost|p2a: Iron Valiant|spd|1
|
|-heal|p1a: Umbreon|93/100|[from] move: Wish|[wisher] Umbreon
|-heal|p1a: Umbreon|99/100|[from] item: Leftovers
|-damage|p2a: Iron Valiant|26/100 tox|[from] psn
|upkeep
|turn|44
|
|t:|1760856060
|move|p2a: Iron Valiant|Moonblast|p1a: Umbreon
|-supereffective|p1a: Umbreon
|-damage|p1a: Umbreon|7/100
|-unboost|p1a: Umbreon|spa|1
|move|p1a: Umbreon|Wish|p1a: Umbreon
|
|-heal|p1a: Umbreon|13/100|[from] item: Leftovers
|-damage|p2a: Iron Valiant|2/100 tox|[from] psn
|upkeep
|turn|45
|inactive|magabeedrill has 120 seconds left.
|
|t:|1760856112
|-end|p2a: Iron Valiant|Quark Drive|[silent]
|switch|p2a: Slowking|Slowking-Galar, M, shiny|46/100
|move|p1a: Umbreon|Protect||[still]
|-fail|p1a: Umbreon
|
|-heal|p1a: Umbreon|63/100|[from] move: Wish|[wisher] Umbreon
|-heal|p1a: Umbreon|70/100|[from] item: Leftovers
|upkeep
|turn|46
|
|t:|1760856123
|move|p1a: Umbreon|Wish|p1a: Umbreon
|move|p2a: Slowking|Thunder Wave|p1a: Umbreon
|-status|p1a: Umbreon|par
|-activate|p1a: Umbreon|ability: Synchronize
|-status|p2a: Slowking|par
|
|-heal|p1a: Umbreon|76/100 par|[from] item: Leftovers
|upkeep
|turn|47
|
|t:|1760856133
|cant|p1a: Umbreon|par
|-prepare|p2a: Slowking|Chilly Reception|[premajor]
|cant|p2a: Slowking|par
|
|-heal|p1a: Umbreon|100/100 par|[from] move: Wish|[wisher] Umbreon
|upkeep
|turn|48
|
|t:|1760856154
|switch|p1a: Ogerpon|Ogerpon-Wellspring, F|100/100
|switch|p2a: Cinderace|Cinderace, F|100/100
|
|upkeep
|turn|49
|
|t:|1760856165
|move|p2a: Cinderace|U-turn|p1a: Ogerpon
|-supereffective|p1a: Ogerpon
|-damage|p1a: Ogerpon|37/100
|
|t:|1760856169
|switch|p2a: Iron Valiant|Iron Valiant, shiny|2/100 tox|[from] U-turn
|-activate|p2a: Iron Valiant|move: Sticky Web
|-unboost|p2a: Iron Valiant|spe|1
|move|p1a: Ogerpon|Ivy Cudgel|p2a: Iron Valiant|[anim] Ivy Cudgel Water
|-damage|p2a: Iron Valiant|0 fnt
|faint|p2a: Iron Valiant
|-end|p2a: Iron Valiant|Quark Drive|[silent]
|
|upkeep
|
|t:|1760856176
|switch|p2a: Cinderace|Cinderace, F|100/100
|turn|50
|
|t:|1760856187
|switch|p1a: Gliscor|Gliscor, M|95/100 tox
|move|p2a: Cinderace|U-turn|p1a: Gliscor
|-resisted|p1a: Gliscor
|-damage|p1a: Gliscor|85/100 tox
|
|t:|1760856191
|switch|p2a: Slowking|Slowking-Galar, M, shiny|79/100 par|[from] U-turn
|
|-heal|p1a: Gliscor|98/100 tox|[from] ability: Poison Heal
|upkeep
|turn|51
|
|t:|1760856195
|move|p1a: Gliscor|Earthquake|p2a: Slowking
|-supereffective|p2a: Slowking
|-damage|p2a: Slowking|15/100 par
|move|p2a: Slowking|Psychic Noise|p1a: Gliscor
|-damage|p1a: Gliscor|69/100 tox
|-start|p1a: Gliscor|move: Heal Block
|
|upkeep
|turn|52
|
|t:|1760856203
|move|p1a: Gliscor|Earthquake|p2a: Slowking
|-supereffective|p2a: Slowking
|-damage|p2a: Slowking|0 fnt
|faint|p2a: Slowking
|
|-end|p1a: Gliscor|move: Heal Block
|upkeep
|
|t:|1760856205
|switch|p2a: Cinderace|Cinderace, F|100/100
|turn|53
|
|t:|1760856218
|move|p1a: Gliscor|Protect|p1a: Gliscor
|-singleturn|p1a: Gliscor|Protect
|move|p2a: Cinderace|Pyro Ball|p1a: Gliscor
|-activate|p1a: Gliscor|move: Protect
|
|-heal|p1a: Gliscor|81/100 tox|[from] ability: Poison Heal
|upkeep
|turn|54
|
|t:|1760856225
|move|p2a: Cinderace|Pyro Ball|p1a: Gliscor
|-damage|p1a: Gliscor|31/100 tox
|move|p1a: Gliscor|Earthquake|p2a: Cinderace
|-supereffective|p2a: Cinderace
|-damage|p2a: Cinderace|3/100
|
|-heal|p1a: Gliscor|44/100 tox|[from] ability: Poison Heal
|upkeep
|turn|55
|
|t:|1760856231
|move|p1a: Gliscor|Protect|p1a: Gliscor
|-singleturn|p1a: Gliscor|Protect
|move|p2a: Cinderace|Pyro Ball|p1a: Gliscor
|-activate|p1a: Gliscor|move: Protect
|
|-heal|p1a: Gliscor|56/100 tox|[from] ability: Poison Heal
|upkeep
|turn|56
|
|t:|1760856236
|-terastallize|p1a: Gliscor|Fire
|move|p2a: Cinderace|Pyro Ball|p1a: Gliscor
|-resisted|p1a: Gliscor
|-damage|p1a: Gliscor|19/100 tox
|move|p1a: Gliscor|Earthquake|p2a: Cinderace
|-supereffective|p2a: Cinderace
|-damage|p2a: Cinderace|0 fnt
|faint|p2a: Cinderace
|
|win|jsyxfqhau
|raw|jsyxfqhau's rating: 1238 &rarr; <strong>1267</strong><br />(+29 for winning)
|raw|magabeedrill's rating: 1291 &rarr; <strong>1262</strong><br />(-29 for losing)
|l|☆jsyxfqhau
|player|p1|
