|j|☆Havestol
|j|☆Lyrongolem1
|t:|1760731959
|gametype|singles
|player|p1|Havestol|mars|1525
|player|p2|Lyrongolem1|101|1499
|gen|9
|tier|[Gen 9] OU
|rated|
|rule|HP Percentage Mod: HP is shown in percentages
|rule|Endless Battle Clause: Forcing endless battles is banned
|rule|Species Clause: Limit one of each Pokémon
|rule|OHKO Clause: OHKO moves are banned
|rule|Evasion Items Clause: Evasion items are banned
|rule|Evasion Moves Clause: Evasion moves are banned
|rule|Evasion Abilities Clause: Evasion abilities are banned
|rule|Sleep Moves Clause: Sleep-inducing moves are banned
|clearpoke
|poke|p1|Pelipper, M|
|poke|p1|Iron Treads|
|poke|p1|Braviary-Hisui, M|
|poke|p1|Barraskewda, M|
|poke|p1|Raging Bolt|
|poke|p1|Kingambit, M|
|poke|p2|Garganacl, M|
|poke|p2|Weezing-Galar, F|
|poke|p2|Corviknight, M|
|poke|p2|Dragapult, M|
|poke|p2|Slowking-Galar, F|
|poke|p2|Samurott-Hisui, F|
|teampreview
|inactive|Battle timer is ON: inactive players will automatically lose when time's up. (requested by Lyrongolem1)
|
|t:|1760731977
|teamsize|p1|6
|teamsize|p2|6
|start
|switch|p1a: Pelipper|Pelipper, M|100/100
|switch|p2a: Dr. Garg|Garganacl, M|100/100
|-weather|RainDance|[from] ability: Drizzle|[of] p1a: Pelipper
|turn|1
|
|t:|1760731987
|move|p1a: Pelipper|U-turn|p2a: Dr. Garg
|-damage|p2a: Dr. Garg|95/100
|
|t:|1760731997
|switch|p1a: Braviary|Braviary-Hisui, M|100/100|[from] U-turn
|move|p2a: Dr. Garg|Stealth Rock|p1a: Braviary
|-sidestart|p1: Havestol|move: Stealth Rock
|
|-weather|RainDance|[upkeep]
|-heal|p2a: Dr. Garg|100/100|[from] item: Leftovers
|upkeep
|turn|2
|
|t:|1760732005
|-terastallize|p1a: Braviary|Flying
|move|p2a: Dr. Garg|Protect|p2a: Dr. Garg
|-singleturn|p2a: Dr. Garg|Protect
|move|p1a: Braviary|Hurricane|p2a: Dr. Garg
|-activate|p2a: Dr. Garg|move: Protect
|
|-weather|RainDance|[upkeep]
|upkeep
|turn|3
|
|t:|1760732029
|move|p1a: Braviary|Hurricane|p2a: Dr. Garg
|-resisted|p2a: Dr. Garg
|-damage|p2a: Dr. Garg|27/100
|move|p2a: Dr. Garg|Salt Cure|p1a: Braviary
|-supereffective|p1a: Braviary
|-damage|p1a: Braviary|68/100
|-start|p1a: Braviary|Salt Cure
|
|-weather|RainDance|[upkeep]
|-heal|p2a: Dr. Garg|33/100|[from] item: Leftovers
|-damage|p1a: Braviary|56/100|[from] Salt Cure
|upkeep
|turn|4
|
|t:|1760732035
|move|p2a: Dr. Garg|Protect|p2a: Dr. Garg
|-singleturn|p2a: Dr. Garg|Protect
|move|p1a: Braviary|Hurricane|p2a: Dr. Garg
|-activate|p2a: Dr. Garg|move: Protect
|
|-weather|RainDance|[upkeep]
|-heal|p2a: Dr. Garg|40/100|[from] item: Leftovers
|-damage|p1a: Braviary|43/100|[from] Salt Cure
|upkeep
|turn|5
|
|t:|1760732047
|switch|p2a: Trudeau-king|Slowking-Galar, F|100/100
|move|p1a: Braviary|Hurricane|p2a: Trudeau-king
|-damage|p2a: Trudeau-king|54/100
|
|-weather|RainDance|[upkeep]
|-damage|p1a: Braviary|31/100|[from] Salt Cure
|upkeep
|turn|6
|
|t:|1760732060
|switch|p1a: Iron Treads|Iron Treads|100/100
|-damage|p1a: Iron Treads|98/100|[from] Stealth Rock
|move|p2a: Trudeau-king|Sludge Bomb|p1a: Iron Treads
|-immune|p1a: Iron Treads
|
|-weather|RainDance|[upkeep]
|-heal|p1a: Iron Treads|100/100|[from] item: Leftovers
|upkeep
|turn|7
|
|t:|1760732069
|switch|p2a: Specialist|Dragapult, M|100/100
|move|p1a: Iron Treads|Knock Off|p2a: Specialist
|-supereffective|p2a: Specialist
|-damage|p2a: Specialist|28/100
|-enditem|p2a: Specialist|Heavy-Duty Boots|[from] move: Knock Off|[of] p1a: Iron Treads
|
|-weather|RainDance|[upkeep]
|upkeep
|turn|8
|
|t:|1760732081
|move|p2a: Specialist|Will-O-Wisp|p1a: Iron Treads
|-status|p1a: Iron Treads|brn
|move|p1a: Iron Treads|Knock Off|p2a: Specialist
|-supereffective|p2a: Specialist
|-damage|p2a: Specialist|6/100
|
|-weather|none
|-damage|p1a: Iron Treads|94/100 brn|[from] brn
|upkeep
|turn|9
|
|t:|1760732087
|move|p2a: Specialist|U-turn|p1a: Iron Treads
|-resisted|p1a: Iron Treads
|-damage|p1a: Iron Treads|86/100 brn
|
|t:|1760732092
|switch|p2a: Plague Doctor|Corviknight, M|100/100|[from] U-turn
|-ability|p2a: Plague Doctor|Pressure
|move|p1a: Iron Treads|Knock Off|p2a: Plague Doctor
|-damage|p2a: Plague Doctor|93/100
|-damage|p1a: Iron Treads|69/100 brn|[from] item: Rocky Helmet|[of] p2a: Plague Doctor
|-enditem|p2a: Plague Doctor|Rocky Helmet|[from] move: Knock Off|[of] p1a: Iron Treads
|
|-heal|p1a: Iron Treads|75/100 brn|[from] item: Leftovers
|-damage|p1a: Iron Treads|69/100 brn|[from] brn
|upkeep
|turn|10
|
|t:|1760732099
|move|p1a: Iron Treads|Rapid Spin|p2a: Plague Doctor
|-resisted|p2a: Plague Doctor
|-damage|p2a: Plague Doctor|91/100
|-boost|p1a: Iron Treads|spe|1
|-sideend|p1: Havestol|Stealth Rock|[from] move: Rapid Spin|[of] p1a: Iron Treads
|move|p2a: Plague Doctor|Body Press|p1a: Iron Treads
|-supereffective|p1a: Iron Treads
|-damage|p1a: Iron Treads|29/100 brn
|
|-heal|p1a: Iron Treads|35/100 brn|[from] item: Leftovers
|-damage|p1a: Iron Treads|29/100 brn|[from] brn
|upkeep
|turn|11
|
|t:|1760732111
|switch|p2a: Acupuncturist|Samurott-Hisui, F|100/100
|move|p1a: Iron Treads|Stealth Rock|p2a: Acupuncturist
|-sidestart|p2: Lyrongolem1|move: Stealth Rock
|
|-heal|p1a: Iron Treads|35/100 brn|[from] item: Leftovers
|-damage|p1a: Iron Treads|29/100 brn|[from] brn
|upkeep
|turn|12
|
|t:|1760732116
|-end|p1a: Iron Treads|Quark Drive|[silent]
|switch|p1a: Pelipper|Pelipper, M|100/100
|-weather|RainDance|[from] ability: Drizzle|[of] p1a: Pelipper
|move|p2a: Acupuncturist|Ceaseless Edge|p1a: Pelipper
|-damage|p1a: Pelipper|66/100
|-sidestart|p1: Havestol|Spikes
|
|-weather|RainDance|[upkeep]
|upkeep
|turn|13
|
|t:|1760732124
|move|p2a: Acupuncturist|Ceaseless Edge|p1a: Pelipper
|-damage|p1a: Pelipper|32/100
|-sidestart|p1: Havestol|Spikes
|move|p1a: Pelipper|U-turn|p2a: Acupuncturist
|-supereffective|p2a: Acupuncturist
|-damage|p2a: Acupuncturist|75/100
|
|t:|1760732153
|switch|p1a: Barraskewda|Barraskewda, M|100/100|[from] U-turn
|-damage|p1a: Barraskewda|84/100|[from] Spikes
|
|-weather|RainDance|[upkeep]
|upkeep
|turn|14
|
|t:|1760732162
|switch|p2a: Plague Doctor|Corviknight, M|91/100
|-damage|p2a: Plague Doctor|79/100|[from] Stealth Rock
|-ability|p2a: Plague Doctor|Pressure
|move|p1a: Barraskewda|Liquidation|p2a: Plague Doctor
|-damage|p2a: Plague Doctor|20/100
|-unboost|p2a: Plague Doctor|def|1
|
|-weather|RainDance|[upkeep]
|upkeep
|turn|15
|
|t:|1760732173
|move|p1a: Barraskewda|Liquidation|p2a: Plague Doctor
|-damage|p2a: Plague Doctor|0 fnt
|faint|p2a: Plague Doctor
|
|-weather|RainDance|[upkeep]
|upkeep
|
|t:|1760732197
|switch|p2a: Nurse|Weezing-Galar, F|100/100
|-ability|p2a: Nurse|Neutralizing Gas
|-damage|p2a: Nurse|88/100|[from] Stealth Rock
|turn|16
|
|t:|1760732206
|move|p1a: Barraskewda|Liquidation|p2a: Nurse
|-damage|p2a: Nurse|23/100
|move|p2a: Nurse|Will-O-Wisp|p1a: Barraskewda
|-status|p1a: Barraskewda|brn
|
|-weather|RainDance|[upkeep]
|-heal|p2a: Nurse|29/100|[from] item: Black Sludge
|-damage|p1a: Barraskewda|78/100 brn|[from] brn
|upkeep
|turn|17
|
|t:|1760732218
|-end|p2a: Nurse|ability: Neutralizing Gas
|switch|p2a: Specialist|Dragapult, M|6/100
|-damage|p2a: Specialist|0 fnt|[from] Stealth Rock
|faint|p2a: Specialist
|move|p1a: Barraskewda|Liquidation|p2: Specialist|[notarget]
|-fail|p1a: Barraskewda
|
|-weather|RainDance|[upkeep]
|-damage|p1a: Barraskewda|72/100 brn|[from] brn
|upkeep
|
|t:|1760732226
|switch|p2a: Acupuncturist|Samurott-Hisui, F|75/100
|-damage|p2a: Acupuncturist|62/100|[from] Stealth Rock
|turn|18
|
|t:|1760732230
|move|p1a: Barraskewda|Liquidation|p2a: Acupuncturist
|-resisted|p2a: Acupuncturist
|-damage|p2a: Acupuncturist|30/100
|-unboost|p2a: Acupuncturist|def|1
|move|p2a: Acupuncturist|Ceaseless Edge|p1a: Barraskewda
|-damage|p1a: Barraskewda|0 fnt
|-sidestart|p1: Havestol|Spikes
|faint|p1a: Barraskewda
|
|-weather|RainDance|[upkeep]
|upkeep
|
|t:|1760732240
|switch|p1a: Raging Bolt|Raging Bolt|100/100
|turn|19
|
|t:|1760732245
|switch|p2a: Trudeau-king|Slowking-Galar, F|87/100
|-damage|p2a: Trudeau-king|75/100|[from] Stealth Rock
|move|p1a: Raging Bolt|Thunder|p2a: Trudeau-king
|-damage|p2a: Trudeau-king|48/100
|-status|p2a: Trudeau-king|par
|
|-weather|none
|upkeep
|turn|20
|
|t:|1760732256
|move|p1a: Raging Bolt|Draco Meteor|p2a: Trudeau-king
|-damage|p2a: Trudeau-king|14/100 par
|-unboost|p1a: Raging Bolt|spa|2
|move|p2a: Trudeau-king|Future Sight|p1a: Raging Bolt
|-start|p2a: Trudeau-king|move: Future Sight
|
|upkeep
|turn|21
|
|t:|1760732267
|switch|p2a: Nurse|Weezing-Galar, F|29/100
|-ability|p2a: Nurse|Neutralizing Gas
|-damage|p2a: Nurse|16/100|[from] Stealth Rock
|move|p1a: Raging Bolt|Draco Meteor|p2a: Nurse
|-immune|p2a: Nurse
|
|-heal|p2a: Nurse|22/100|[from] item: Black Sludge
|upkeep
|turn|22
|
|t:|1760732276
|move|p1a: Raging Bolt|Volt Switch|p2a: Nurse
|-damage|p2a: Nurse|0 fnt
|faint|p2a: Nurse
|-end|p2a: Nurse|ability: Neutralizing Gas
|
|t:|1760732281
|-end|p1a: Raging Bolt|Protosynthesis|[silent]
|switch|p1a: Pelipper|Pelipper, M|32/100|[from] Volt Switch
|-weather|RainDance|[from] ability: Drizzle|[of] p1a: Pelipper
|
|-weather|RainDance|[upkeep]
|-end|p1a: Pelipper|move: Future Sight
|-damage|p1a: Pelipper|0 fnt
|faint|p1a: Pelipper
|upkeep
|
|t:|1760732300
|switch|p2a: Dr. Garg|Garganacl, M|40/100
|switch|p1a: Raging Bolt|Raging Bolt|100/100
|-damage|p2a: Dr. Garg|27/100|[from] Stealth Rock
|turn|23
|
|t:|1760732307
|move|p2a: Dr. Garg|Protect|p2a: Dr. Garg
|-singleturn|p2a: Dr. Garg|Protect
|move|p1a: Raging Bolt|Thunder|p2a: Dr. Garg
|-activate|p2a: Dr. Garg|move: Protect
|
|-weather|RainDance|[upkeep]
|-heal|p2a: Dr. Garg|33/100|[from] item: Leftovers
|upkeep
|turn|24
|
|t:|1760732324
|switch|p2a: Trudeau-king|Slowking-Galar, F|48/100 par
|-damage|p2a: Trudeau-king|35/100 par|[from] Stealth Rock
|move|p1a: Raging Bolt|Thunder|p2a: Trudeau-king
|-damage|p2a: Trudeau-king|8/100 par
|
|-weather|RainDance|[upkeep]
|upkeep
|turn|25
|
|t:|1760732329
|move|p1a: Raging Bolt|Thunder|p2a: Trudeau-king
|-damage|p2a: Trudeau-king|0 fnt
|faint|p2a: Trudeau-king
|
|-weather|RainDance|[upkeep]
|upkeep
|
|t:|1760732331
|switch|p2a: Acupuncturist|Samurott-Hisui, F|30/100
|-damage|p2a: Acupuncturist|18/100|[from] Stealth Rock
|turn|26
|
|t:|1760732335
|move|p2a: Acupuncturist|Knock Off|p1a: Raging Bolt
|-damage|p1a: Raging Bolt|57/100
|-enditem|p1a: Raging Bolt|Heavy-Duty Boots|[from] move: Knock Off|[of] p2a: Acupuncturist
|move|p1a: Raging Bolt|Volt Switch|p2a: Acupuncturist
|-supereffective|p2a: Acupuncturist
|-damage|p2a: Acupuncturist|0 fnt
|faint|p2a: Acupuncturist
|
|t:|1760732339
|-end|p1a: Raging Bolt|Protosynthesis|[silent]
|switch|p1a: Braviary|Braviary-Hisui, M, tera:Flying|31/100|[from] Volt Switch
|
|-weather|RainDance|[upkeep]
|upkeep
|
|t:|1760732343
|switch|p2a: Dr. Garg|Garganacl, M|33/100
|-damage|p2a: Dr. Garg|21/100|[from] Stealth Rock
|turn|27
|
|t:|1760732347
|move|p1a: Braviary|Hurricane|p2a: Dr. Garg
|-resisted|p2a: Dr. Garg
|-damage|p2a: Dr. Garg|0 fnt
|faint|p2a: Dr. Garg
|
|win|Havestol
|raw|Havestol's rating: 1525 &rarr; <strong>1544</strong><br />(+19 for winning)
|raw|Lyrongolem1's rating: 1499 &rarr; <strong>1480</strong><br />(-19 for losing)
|l|☆Lyrongolem1
|player|p2|
