|j|☆Narichi537
|j|☆anderek
|t:|1760767562
|gametype|singles
|player|p1|Narichi537|swimmer-gen4dp|1203
|player|p2|anderek|fisherman-gen4|1195
|gen|9
|tier|[Gen 9] OU
|rated|
|rule|HP Percentage Mod: HP is shown in percentages
|rule|Endless Battle Clause: Forcing endless battles is banned
|rule|Species Clause: Limit one of each Pokémon
|rule|OHKO Clause: OHKO moves are banned
|rule|Evasion Items Clause: Evasion items are banned
|rule|Evasion Moves Clause: Evasion moves are banned
|rule|Evasion Abilities Clause: Evasion abilities are banned
|rule|Sleep Moves Clause: Sleep-inducing moves are banned
|clearpoke
|poke|p1|Iron Treads|
|poke|p1|Darkrai|
|poke|p1|Sylveon, F|
|poke|p1|Slowking, F|
|poke|p1|Meowscarada, M|
|poke|p1|Garchomp, M|
|poke|p2|Kyurem|
|poke|p2|Zapdos|
|poke|p2|Great Tusk|
|poke|p2|Samurott-Hisui, M|
|poke|p2|Slowking-Galar, M|
|poke|p2|Pelipper, F|
|teampreview
|inactive|Battle timer is ON: inactive players will automatically lose when time's up. (requested by anderek)
|
|t:|1760767577
|teamsize|p1|6
|teamsize|p2|6
|start
|switch|p1a: Sylveon|Sylveon, F|100/100
|switch|p2a: Samurott|Samurott-Hisui, M|100/100
|turn|1
|
|t:|1760767583
|switch|p2a: Slowking|Slowking-Galar, M|100/100
|move|p1a: Sylveon|Hyper Voice|p2a: Slowking
|-resisted|p2a: Slowking
|-damage|p2a: Slowking|85/100
|
|-heal|p2a: Slowking|91/100|[from] item: Black Sludge
|upkeep
|turn|2
|
|t:|1760767591
|switch|p1a: Iron Treads|Iron Treads|100/100
|-item|p1a: Iron Treads|Air Balloon
|-prepare|p2a: Slowking|Chilly Reception|[premajor]
|move|p2a: Slowking|Chilly Reception|p2a: Slowking
|-weather|Snowscape
|
|t:|1760767610
|switch|p2a: Samurott|Samurott-Hisui, M|100/100|[from] Chilly Reception
|
|-weather|Snowscape|[upkeep]
|upkeep
|turn|3
|
|t:|1760767622
|move|p1a: Iron Treads|Knock Off|p2a: Samurott
|-resisted|p2a: Samurott
|-damage|p2a: Samurott|80/100
|-enditem|p2a: Samurott|Focus Sash|[from] move: Knock Off|[of] p1a: Iron Treads
|move|p2a: Samurott|Razor Shell|p1a: Iron Treads
|-supereffective|p1a: Iron Treads
|-damage|p1a: Iron Treads|0 fnt
|-enditem|p1a: Iron Treads|Air Balloon
|faint|p1a: Iron Treads
|-end|p1a: Iron Treads|Quark Drive|[silent]
|
|-weather|Snowscape|[upkeep]
|upkeep
|
|t:|1760767632
|switch|p1a: Meowscarada|Meowscarada, M|100/100
|turn|4
|
|t:|1760767635
|switch|p2a: Slowking|Slowking-Galar, M|100/100
|move|p1a: Meowscarada|U-turn|p2a: Slowking
|-start|p1a: Meowscarada|typechange|Bug|[from] ability: Protean
|-damage|p2a: Slowking|64/100
|
|t:|1760767643
|switch|p1a: Garchomp|Garchomp, M|100/100|[from] U-turn
|
|-weather|Snowscape|[upkeep]
|-heal|p2a: Slowking|71/100|[from] item: Black Sludge
|upkeep
|turn|5
|
|t:|1760767661
|switch|p2a: Pelipper|Pelipper, F|100/100
|-weather|RainDance|[from] ability: Drizzle|[of] p2a: Pelipper
|move|p1a: Garchomp|Stealth Rock|p2a: Pelipper
|-sidestart|p2: anderek|move: Stealth Rock
|
|-weather|RainDance|[upkeep]
|upkeep
|turn|6
|
|t:|1760767676
|move|p1a: Garchomp|Spikes|p2a: Pelipper
|-sidestart|p2: anderek|Spikes
|move|p2a: Pelipper|Weather Ball|p1a: Garchomp
|-damage|p1a: Garchomp|53/100
|
|-weather|RainDance|[upkeep]
|upkeep
|turn|7
|
|t:|1760767684
|move|p1a: Garchomp|Spikes|p2a: Pelipper
|-sidestart|p2: anderek|Spikes
|move|p2a: Pelipper|Weather Ball|p1a: Garchomp
|-damage|p1a: Garchomp|7/100
|
|-weather|RainDance|[upkeep]
|upkeep
|turn|8
|
|t:|1760767692
|switch|p2a: Great Tusk|Great Tusk|100/100
|-damage|p2a: Great Tusk|98/100|[from] Stealth Rock
|-damage|p2a: Great Tusk|81/100|[from] Spikes
|-enditem|p2a: Great Tusk|Booster Energy
|-activate|p2a: Great Tusk|ability: Protosynthesis|[fromitem]
|-start|p2a: Great Tusk|protosynthesisspe
|move|p1a: Garchomp|Spikes|p2a: Great Tusk
|-sidestart|p2: anderek|Spikes
|
|-weather|RainDance|[upkeep]
|upkeep
|turn|9
|
|t:|1760767702
|-terastallize|p1a: Garchomp|Ghost
|move|p2a: Great Tusk|Rapid Spin|p1a: Garchomp
|-immune|p1a: Garchomp
|move|p1a: Garchomp|Dragon Tail|p2a: Great Tusk
|-damage|p2a: Great Tusk|65/100
|-end|p2a: Great Tusk|Protosynthesis|[silent]
|drag|p2a: Kyurem|Kyurem|100/100
|-damage|p2a: Kyurem|76/100|[from] Stealth Rock
|-damage|p2a: Kyurem|51/100|[from] Spikes
|-ability|p2a: Kyurem|Pressure
|
|-weather|none
|upkeep
|turn|10
|
|t:|1760767714
|move|p2a: Kyurem|Freeze-Dry|p1a: Garchomp
|-damage|p1a: Garchomp|0 fnt
|faint|p1a: Garchomp
|
|upkeep
|
|t:|1760767721
|switch|p1a: Sylveon|Sylveon, F|100/100
|turn|11
|
|t:|1760767731
|switch|p2a: Slowking|Slowking-Galar, M|100/100
|-damage|p2a: Slowking|88/100|[from] Stealth Rock
|-damage|p2a: Slowking|63/100|[from] Spikes
|switch|p1a: Meowscarada|Meowscarada, M|100/100
|
|-heal|p2a: Slowking|69/100|[from] item: Black Sludge
|upkeep
|turn|12
|
|t:|1760767743
|move|p1a: Meowscarada|Knock Off|p2a: Slowking
|-start|p1a: Meowscarada|typechange|Dark|[from] ability: Protean
|-supereffective|p2a: Slowking
|-crit|p2a: Slowking
|-damage|p2a: Slowking|0 fnt
|-enditem|p2a: Slowking|Black Sludge|[from] move: Knock Off|[of] p1a: Meowscarada
|faint|p2a: Slowking
|
|upkeep
|
|t:|1760767755
|switch|p2a: Pelipper|Pelipper, F|100/100
|-weather|RainDance|[from] ability: Drizzle|[of] p2a: Pelipper
|turn|13
|
|t:|1760767764
|switch|p1a: Slowking|Slowking, F|100/100
|move|p2a: Pelipper|U-turn|p1a: Slowking
|-supereffective|p1a: Slowking
|-damage|p1a: Slowking|84/100
|
|t:|1760767768
|switch|p2a: Zapdos|Zapdos|100/100|[from] U-turn
|
|-weather|RainDance|[upkeep]
|upkeep
|turn|14
|
|t:|1760767777
|-terastallize|p2a: Zapdos|Electric
|move|p2a: Zapdos|Thunder|p1a: Slowking
|-supereffective|p1a: Slowking
|-damage|p1a: Slowking|0 fnt
|faint|p1a: Slowking
|
|-weather|RainDance|[upkeep]
|upkeep
|
|t:|1760767789
|switch|p1a: Meowscarada|Meowscarada, M|100/100
|turn|15
|
|t:|1760767793
|move|p1a: Meowscarada|Flower Trick|p2a: Zapdos
|-start|p1a: Meowscarada|typechange|Grass|[from] ability: Protean
|-crit|p2a: Zapdos
|-damage|p2a: Zapdos|5/100
|move|p2a: Zapdos|Thunder|p1a: Meowscarada
|-resisted|p1a: Meowscarada
|-damage|p1a: Meowscarada|37/100
|
|-weather|RainDance|[upkeep]
|upkeep
|turn|16
|
|t:|1760767815
|switch|p2a: Kyurem|Kyurem|51/100
|-damage|p2a: Kyurem|26/100|[from] Stealth Rock
|-damage|p2a: Kyurem|1/100|[from] Spikes
|-ability|p2a: Kyurem|Pressure
|move|p1a: Meowscarada|Flower Trick|p2a: Kyurem
|-resisted|p2a: Kyurem
|-crit|p2a: Kyurem
|-damage|p2a: Kyurem|0 fnt
|faint|p2a: Kyurem
|
|-weather|RainDance|[upkeep]
|upkeep
|
|t:|1760767819
|switch|p2a: Samurott|Samurott-Hisui, M|80/100
|-damage|p2a: Samurott|67/100|[from] Stealth Rock
|-damage|p2a: Samurott|42/100|[from] Spikes
|turn|17
|
|t:|1760767829
|move|p2a: Samurott|Sucker Punch|p1a: Meowscarada
|-damage|p1a: Meowscarada|0 fnt
|faint|p1a: Meowscarada
|
|-weather|none
|upkeep
|
|t:|1760767834
|switch|p1a: Sylveon|Sylveon, F|100/100
|turn|18
|
|t:|1760767839
|move|p2a: Samurott|Razor Shell|p1a: Sylveon
|-damage|p1a: Sylveon|52/100
|-unboost|p1a: Sylveon|def|1
|move|p1a: Sylveon|Hyper Voice|p2a: Samurott
|-supereffective|p2a: Samurott
|-damage|p2a: Samurott|0 fnt
|faint|p2a: Samurott
|
|-heal|p1a: Sylveon|58/100|[from] item: Leftovers
|upkeep
|
|t:|1760767854
|switch|p2a: Pelipper|Pelipper, F|100/100
|-weather|RainDance|[from] ability: Drizzle|[of] p2a: Pelipper
|turn|19
|
|t:|1760767858
|move|p1a: Sylveon|Protect|p1a: Sylveon
|-singleturn|p1a: Sylveon|Protect
|move|p2a: Pelipper|Hurricane|p1a: Sylveon
|-activate|p1a: Sylveon|move: Protect
|
|-weather|RainDance|[upkeep]
|-heal|p1a: Sylveon|64/100|[from] item: Leftovers
|upkeep
|turn|20
|
|t:|1760767866
|move|p1a: Sylveon|Hyper Voice|p2a: Pelipper
|-damage|p2a: Pelipper|62/100
|move|p2a: Pelipper|Hurricane|p1a: Sylveon
|-damage|p1a: Sylveon|41/100
|
|-weather|RainDance|[upkeep]
|-heal|p1a: Sylveon|47/100|[from] item: Leftovers
|upkeep
|turn|21
|
|t:|1760767874
|move|p1a: Sylveon|Hyper Voice|p2a: Pelipper
|-damage|p2a: Pelipper|20/100
|move|p2a: Pelipper|Roost|p2a: Pelipper
|-heal|p2a: Pelipper|70/100
|-singleturn|p2a: Pelipper|move: Roost
|
|-weather|RainDance|[upkeep]
|-heal|p1a: Sylveon|53/100|[from] item: Leftovers
|upkeep
|turn|22
|
|t:|1760767882
|move|p1a: Sylveon|Wish|p1a: Sylveon
|move|p2a: Pelipper|U-turn|p1a: Sylveon
|-resisted|p1a: Sylveon
|-damage|p1a: Sylveon|47/100
|
|t:|1760767888
|switch|p2a: Zapdos|Zapdos, tera:Electric|5/100|[from] U-turn
|
|-weather|RainDance|[upkeep]
|-heal|p1a: Sylveon|53/100|[from] item: Leftovers
|upkeep
|turn|23
|
|t:|1760767896
|switch|p2a: Pelipper|Pelipper, F|70/100
|move|p1a: Sylveon|Protect||[still]
|-fail|p1a: Sylveon
|
|-weather|none
|-heal|p1a: Sylveon|100/100|[from] move: Wish|[wisher] Sylveon
|upkeep
|turn|24
|
|t:|1760767904
|move|p1a: Sylveon|Calm Mind|p1a: Sylveon
|-boost|p1a: Sylveon|spa|1
|-boost|p1a: Sylveon|spd|1
|move|p2a: Pelipper|Roost|p2a: Pelipper
|-heal|p2a: Pelipper|100/100
|-singleturn|p2a: Pelipper|move: Roost
|
|upkeep
|turn|25
|
|t:|1760767910
|move|p1a: Sylveon|Calm Mind|p1a: Sylveon
|-boost|p1a: Sylveon|spa|1
|-boost|p1a: Sylveon|spd|1
|move|p2a: Pelipper|U-turn|p1a: Sylveon
|-resisted|p1a: Sylveon
|-damage|p1a: Sylveon|95/100
|
|t:|1760767915
|switch|p2a: Great Tusk|Great Tusk|65/100|[from] U-turn
|-damage|p2a: Great Tusk|62/100|[from] Stealth Rock
|-damage|p2a: Great Tusk|38/100|[from] Spikes
|
|-heal|p1a: Sylveon|100/100|[from] item: Leftovers
|upkeep
|turn|26
|
|t:|1760767923
|move|p1a: Sylveon|Protect|p1a: Sylveon
|-singleturn|p1a: Sylveon|Protect
|move|p2a: Great Tusk|Iron Head|p1a: Sylveon
|-activate|p1a: Sylveon|move: Protect
|
|upkeep
|turn|27
|
|t:|1760767929
|move|p2a: Great Tusk|Iron Head|p1a: Sylveon
|-supereffective|p1a: Sylveon
|-damage|p1a: Sylveon|45/100
|move|p1a: Sylveon|Hyper Voice|p2a: Great Tusk
|-supereffective|p2a: Great Tusk
|-damage|p2a: Great Tusk|0 fnt
|faint|p2a: Great Tusk
|-end|p2a: Great Tusk|Protosynthesis|[silent]
|
|-heal|p1a: Sylveon|51/100|[from] item: Leftovers
|upkeep
|
|t:|1760767936
|switch|p2a: Pelipper|Pelipper, F|100/100
|-weather|RainDance|[from] ability: Drizzle|[of] p2a: Pelipper
|turn|28
|
|t:|1760767944
|move|p1a: Sylveon|Wish|p1a: Sylveon
|move|p2a: Pelipper|Weather Ball|p1a: Sylveon
|-crit|p1a: Sylveon
|-damage|p1a: Sylveon|4/100
|
|-weather|RainDance|[upkeep]
|-heal|p1a: Sylveon|10/100|[from] item: Leftovers
|upkeep
|turn|29
|
|t:|1760767951
|move|p1a: Sylveon|Protect|p1a: Sylveon
|-singleturn|p1a: Sylveon|Protect
|move|p2a: Pelipper|Weather Ball|p1a: Sylveon
|-activate|p1a: Sylveon|move: Protect
|
|-weather|RainDance|[upkeep]
|-heal|p1a: Sylveon|60/100|[from] move: Wish|[wisher] Sylveon
|-heal|p1a: Sylveon|66/100|[from] item: Leftovers
|upkeep
|turn|30
|
|t:|1760767960
|move|p1a: Sylveon|Wish|p1a: Sylveon
|move|p2a: Pelipper|U-turn|p1a: Sylveon
|-resisted|p1a: Sylveon
|-damage|p1a: Sylveon|60/100
|
|t:|1760767963
|switch|p2a: Zapdos|Zapdos, tera:Electric|5/100|[from] U-turn
|
|-weather|RainDance|[upkeep]
|-heal|p1a: Sylveon|66/100|[from] item: Leftovers
|upkeep
|turn|31
|
|t:|1760767968
|move|p1a: Sylveon|Protect|p1a: Sylveon
|-singleturn|p1a: Sylveon|Protect
|move|p2a: Zapdos|Thunder|p1a: Sylveon
|-activate|p1a: Sylveon|move: Protect
|
|-weather|RainDance|[upkeep]
|-heal|p1a: Sylveon|100/100|[from] move: Wish|[wisher] Sylveon
|upkeep
|turn|32
|
|t:|1760767975
|move|p2a: Zapdos|Thunder|p1a: Sylveon
|-damage|p1a: Sylveon|76/100
|-status|p1a: Sylveon|par
|move|p1a: Sylveon|Hyper Voice|p2a: Zapdos
|-damage|p2a: Zapdos|0 fnt
|faint|p2a: Zapdos
|
|-weather|none
|-heal|p1a: Sylveon|82/100 par|[from] item: Leftovers
|upkeep
|-message|anderek forfeited.
|
|win|Narichi537
|raw|Narichi537's rating: 1203 &rarr; <strong>1227</strong><br />(+24 for winning)
|raw|anderek's rating: 1195 &rarr; <strong>1171</strong><br />(-24 for losing)
|l|☆anderek
|player|p2|
|c|☆Narichi537|gg
|l|☆Narichi537
|player|p1|
