|j|☆motorskk
|j|☆KennytheslugSmith
|t:|1760873394
|gametype|singles
|player|p1|motorskk|battlegirl-gen4|1488
|player|p2|KennytheslugSmith|scientist-gen4dp|1500
|gen|9
|tier|[Gen 9] OU
|rated|
|rule|HP Percentage Mod: HP is shown in percentages
|rule|Endless Battle Clause: Forcing endless battles is banned
|rule|Species Clause: Limit one of each Pokémon
|rule|OHKO Clause: OHKO moves are banned
|rule|Evasion Items Clause: Evasion items are banned
|rule|Evasion Moves Clause: Evasion moves are banned
|rule|Evasion Abilities Clause: Evasion abilities are banned
|rule|Sleep Moves Clause: Sleep-inducing moves are banned
|clearpoke
|poke|p1|Tinkaton, F|
|poke|p1|Darkrai|
|poke|p1|Samurott-Hisui, M|
|poke|p1|Zapdos|
|poke|p1|Sinistcha|
|poke|p1|Clodsire, M|
|poke|p2|Hydrapple, M|
|poke|p2|Skarmory, F|
|poke|p2|Tyranitar, M|
|poke|p2|Alomomola, M|
|poke|p2|Clodsire, F|
|poke|p2|Clefable, F|
|teampreview
|inactive|Battle timer is ON: inactive players will automatically lose when time's up. (requested by motorskk)
|inactive|motorskk has 120 seconds left.
|inactive|motorskk has 90 seconds left.
|inactive|motorskk has 60 seconds left.
|
|t:|1760873487
|teamsize|p1|6
|teamsize|p2|6
|start
|switch|p1a: Zapdos|Zapdos|100/100
|switch|p2a: Hydrapple|Hydrapple, M|100/100
|turn|1
|
|t:|1760873497
|switch|p2a: Tyranitar|Tyranitar, M|100/100
|-weather|Sandstorm|[from] ability: Sand Stream|[of] p2a: Tyranitar
|move|p1a: Zapdos|Thunder Wave|p2a: Tyranitar
|-status|p2a: Tyranitar|par
|
|-weather|Sandstorm|[upkeep]
|-damage|p1a: Zapdos|94/100|[from] Sandstorm
|upkeep
|turn|2
|
|t:|1760873507
|move|p1a: Zapdos|Volt Switch|p2a: Tyranitar
|-damage|p2a: Tyranitar|89/100 par
|
|t:|1760873513
|switch|p1a: Tinkaton|Tinkaton, F|100/100|[from] Volt Switch
|-item|p1a: Tinkaton|Air Balloon
|cant|p2a: Tyranitar|par
|
|-weather|Sandstorm|[upkeep]
|upkeep
|turn|3
|
|t:|1760873525
|move|p1a: Tinkaton|Stealth Rock|p2a: Tyranitar
|-sidestart|p2: KennytheslugSmith|move: Stealth Rock
|cant|p2a: Tyranitar|par
|
|-weather|Sandstorm|[upkeep]
|upkeep
|turn|4
|
|t:|1760873532
|switch|p2a: Hydrapple|Hydrapple, M|100/100
|move|p1a: Tinkaton|Gigaton Hammer|p2a: Hydrapple
|-damage|p2a: Hydrapple|75/100
|
|-weather|Sandstorm|[upkeep]
|-damage|p2a: Hydrapple|69/100|[from] Sandstorm
|upkeep
|turn|5
|
|t:|1760873542
|move|p1a: Tinkaton|Knock Off|p2a: Hydrapple
|-damage|p2a: Hydrapple|58/100
|-enditem|p2a: Hydrapple|Heavy-Duty Boots|[from] move: Knock Off|[of] p1a: Tinkaton
|move|p2a: Hydrapple|Giga Drain|p1a: Tinkaton
|-resisted|p1a: Tinkaton
|-damage|p1a: Tinkaton|87/100
|-heal|p2a: Hydrapple|64/100|[from] drain|[of] p1a: Tinkaton
|-enditem|p1a: Tinkaton|Air Balloon
|
|-weather|none
|upkeep
|turn|6
|
|t:|1760873553
|move|p1a: Tinkaton|Encore|p2a: Hydrapple
|-start|p2a: Hydrapple|Encore
|move|p2a: Hydrapple|Giga Drain|p1a: Tinkaton
|-resisted|p1a: Tinkaton
|-damage|p1a: Tinkaton|74/100
|-heal|p2a: Hydrapple|70/100|[from] drain|[of] p1a: Tinkaton
|
|upkeep
|turn|7
|
|t:|1760873564
|move|p1a: Tinkaton|Gigaton Hammer|p2a: Hydrapple
|-damage|p2a: Hydrapple|43/100
|move|p2a: Hydrapple|Giga Drain|p1a: Tinkaton
|-resisted|p1a: Tinkaton
|-damage|p1a: Tinkaton|60/100
|-heal|p2a: Hydrapple|50/100|[from] drain|[of] p1a: Tinkaton
|
|upkeep
|turn|8
|
|t:|1760873572
|switch|p1a: Zapdos|Zapdos|94/100
|move|p2a: Hydrapple|Giga Drain|p1a: Zapdos
|-resisted|p1a: Zapdos
|-damage|p1a: Zapdos|79/100
|-heal|p2a: Hydrapple|57/100|[from] drain|[of] p1a: Zapdos
|
|-end|p2a: Hydrapple|Encore
|upkeep
|turn|9
|
|t:|1760873582
|switch|p2a: Tyranitar|Tyranitar, M|89/100 par
|-weather|Sandstorm|[from] ability: Sand Stream|[of] p2a: Tyranitar
|move|p1a: Zapdos|Volt Switch|p2a: Tyranitar
|-crit|p2a: Tyranitar
|-damage|p2a: Tyranitar|71/100 par
|
|t:|1760873594
|switch|p1a: Samurott|Samurott-Hisui, M|100/100|[from] Volt Switch
|
|-weather|Sandstorm|[upkeep]
|-damage|p1a: Samurott|94/100|[from] Sandstorm
|upkeep
|turn|10
|
|t:|1760873602
|switch|p2a: Clefable|Clefable, F|100/100
|move|p1a: Samurott|Ceaseless Edge|p2a: Clefable
|-resisted|p2a: Clefable
|-damage|p2a: Clefable|85/100
|-sidestart|p2: KennytheslugSmith|Spikes
|
|-weather|Sandstorm|[upkeep]
|-damage|p1a: Samurott|88/100|[from] Sandstorm
|upkeep
|turn|11
|inactive|motorskk has 120 seconds left.
|
|t:|1760873652
|switch|p1a: Tinkaton|Tinkaton, F|60/100
|move|p2a: Clefable|Moonblast|p1a: Tinkaton
|-resisted|p1a: Tinkaton
|-damage|p1a: Tinkaton|47/100
|
|-weather|Sandstorm|[upkeep]
|upkeep
|turn|12
|
|t:|1760873661
|switch|p2a: Hydrapple|Hydrapple, M|90/100
|-damage|p2a: Hydrapple|78/100|[from] Stealth Rock
|-damage|p2a: Hydrapple|66/100|[from] Spikes
|move|p1a: Tinkaton|Gigaton Hammer|p2a: Hydrapple
|-damage|p2a: Hydrapple|40/100
|
|-weather|Sandstorm|[upkeep]
|-damage|p2a: Hydrapple|34/100|[from] Sandstorm
|upkeep
|turn|13
|
|t:|1760873675
|switch|p1a: Zapdos|Zapdos|79/100
|move|p2a: Hydrapple|Earth Power|p1a: Zapdos
|-immune|p1a: Zapdos
|
|-weather|none
|upkeep
|turn|14
|
|t:|1760873683
|switch|p2a: Clodsire|Clodsire, F|100/100
|move|p1a: Zapdos|Volt Switch|p2a: Clodsire
|-immune|p2a: Clodsire
|
|upkeep
|turn|15
|inactive|motorskk has 120 seconds left.
|
|t:|1760873705
|switch|p1a: Tinkaton|Tinkaton, F|47/100
|switch|p2a: Tyranitar|Tyranitar, M|71/100 par
|-weather|Sandstorm|[from] ability: Sand Stream|[of] p2a: Tyranitar
|
|-weather|Sandstorm|[upkeep]
|upkeep
|turn|16
|
|t:|1760873721
|switch|p2a: Alomomola|Alomomola, M, shiny|100/100
|move|p1a: Tinkaton|Knock Off|p2a: Alomomola
|-damage|p2a: Alomomola|90/100
|-enditem|p2a: Alomomola|Heavy-Duty Boots|[from] move: Knock Off|[of] p1a: Tinkaton
|
|-weather|Sandstorm|[upkeep]
|-damage|p2a: Alomomola|84/100|[from] Sandstorm
|upkeep
|turn|17
|inactive|motorskk has 90 seconds left.
|
|t:|1760873768
|switch|p1a: Sinistcha|Sinistcha|100/100
|move|p2a: Alomomola|Wish|p2a: Alomomola
|
|-weather|Sandstorm|[upkeep]
|-damage|p1a: Sinistcha|94/100|[from] Sandstorm
|-damage|p2a: Alomomola|78/100|[from] Sandstorm
|upkeep
|turn|18
|
|t:|1760873780
|switch|p2a: Hydrapple|Hydrapple, M|67/100
|-damage|p2a: Hydrapple|55/100|[from] Stealth Rock
|-damage|p2a: Hydrapple|43/100|[from] Spikes
|move|p1a: Sinistcha|Calm Mind|p1a: Sinistcha
|-boost|p1a: Sinistcha|spa|1
|-boost|p1a: Sinistcha|spd|1
|
|-weather|Sandstorm|[upkeep]
|-damage|p1a: Sinistcha|88/100|[from] Sandstorm
|-damage|p2a: Hydrapple|37/100|[from] Sandstorm
|-heal|p2a: Hydrapple|93/100|[from] move: Wish|[wisher] Alomomola
|upkeep
|turn|19
|
|t:|1760873793
|switch|p2a: Clodsire|Clodsire, F|100/100
|move|p1a: Sinistcha|Calm Mind|p1a: Sinistcha
|-boost|p1a: Sinistcha|spa|1
|-boost|p1a: Sinistcha|spd|1
|
|-weather|none
|upkeep
|turn|20
|
|t:|1760873803
|-terastallize|p1a: Sinistcha|Poison
|move|p1a: Sinistcha|Matcha Gotcha|p2a: Clodsire
|-damage|p2a: Clodsire|80/100
|-heal|p1a: Sinistcha|100/100|[from] drain|[of] p2a: Clodsire
|move|p2a: Clodsire|Toxic|p1a: Sinistcha
|-immune|p1a: Sinistcha
|
|upkeep
|turn|21
|
|t:|1760873817
|move|p1a: Sinistcha|Matcha Gotcha|p2a: Clodsire|[miss]
|-miss|p1a: Sinistcha|p2a: Clodsire
|move|p2a: Clodsire|Earthquake|p1a: Sinistcha
|-supereffective|p1a: Sinistcha
|-damage|p1a: Sinistcha|66/100
|
|upkeep
|turn|22
|
|t:|1760873827
|move|p1a: Sinistcha|Matcha Gotcha|p2a: Clodsire
|-damage|p2a: Clodsire|60/100
|-heal|p1a: Sinistcha|79/100|[from] drain|[of] p2a: Clodsire
|move|p2a: Clodsire|Earthquake|p1a: Sinistcha
|-supereffective|p1a: Sinistcha
|-damage|p1a: Sinistcha|44/100
|
|upkeep
|turn|23
|
|t:|1760873836
|move|p1a: Sinistcha|Matcha Gotcha|p2a: Clodsire
|-damage|p2a: Clodsire|43/100
|-heal|p1a: Sinistcha|56/100|[from] drain|[of] p2a: Clodsire
|move|p2a: Clodsire|Recover|p2a: Clodsire
|-heal|p2a: Clodsire|93/100
|
|upkeep
|turn|24
|
|t:|1760873846
|move|p1a: Sinistcha|Matcha Gotcha|p2a: Clodsire
|-crit|p2a: Clodsire
|-damage|p2a: Clodsire|66/100
|-heal|p1a: Sinistcha|74/100|[from] drain|[of] p2a: Clodsire
|move|p2a: Clodsire|Earthquake|p1a: Sinistcha
|-supereffective|p1a: Sinistcha
|-damage|p1a: Sinistcha|36/100
|
|upkeep
|turn|25
|inactive|motorskk has 90 seconds left.
|
|t:|1760873860
|move|p1a: Sinistcha|Strength Sap|p2a: Clodsire
|-unboost|p2a: Clodsire|atk|1
|-heal|p1a: Sinistcha|90/100
|move|p2a: Clodsire|Recover|p2a: Clodsire
|-heal|p2a: Clodsire|100/100
|
|upkeep
|turn|26
|
|t:|1760873868
|move|p1a: Sinistcha|Matcha Gotcha|p2a: Clodsire
|-damage|p2a: Clodsire|81/100
|-heal|p1a: Sinistcha|100/100|[from] drain|[of] p2a: Clodsire
|move|p2a: Clodsire|Amnesia|p2a: Clodsire
|-boost|p2a: Clodsire|spd|2
|
|upkeep
|turn|27
|
|t:|1760873877
|move|p1a: Sinistcha|Matcha Gotcha|p2a: Clodsire
|-damage|p2a: Clodsire|72/100
|move|p2a: Clodsire|Earthquake|p1a: Sinistcha
|-supereffective|p1a: Sinistcha
|-damage|p1a: Sinistcha|76/100
|
|upkeep
|turn|28
|
|t:|1760873885
|move|p1a: Sinistcha|Matcha Gotcha|p2a: Clodsire|[miss]
|-miss|p1a: Sinistcha|p2a: Clodsire
|move|p2a: Clodsire|Amnesia|p2a: Clodsire
|-boost|p2a: Clodsire|spd|2
|
|upkeep
|turn|29
|
|t:|1760873894
|move|p1a: Sinistcha|Matcha Gotcha|p2a: Clodsire
|-damage|p2a: Clodsire|65/100
|-heal|p1a: Sinistcha|81/100|[from] drain|[of] p2a: Clodsire
|move|p2a: Clodsire|Earthquake|p1a: Sinistcha
|-supereffective|p1a: Sinistcha
|-damage|p1a: Sinistcha|56/100
|
|upkeep
|turn|30
|inactive|motorskk has 120 seconds left.
|
|t:|1760873903
|move|p1a: Sinistcha|Matcha Gotcha|p2a: Clodsire
|-damage|p2a: Clodsire|58/100
|-heal|p1a: Sinistcha|61/100|[from] drain|[of] p2a: Clodsire
|move|p2a: Clodsire|Earthquake|p1a: Sinistcha
|-supereffective|p1a: Sinistcha
|-damage|p1a: Sinistcha|33/100
|
|upkeep
|turn|31
|inactive|motorskk has 120 seconds left.
|
|t:|1760873914
|move|p1a: Sinistcha|Matcha Gotcha|p2a: Clodsire
|-damage|p2a: Clodsire|51/100
|-heal|p1a: Sinistcha|38/100|[from] drain|[of] p2a: Clodsire
|move|p2a: Clodsire|Recover|p2a: Clodsire
|-heal|p2a: Clodsire|100/100
|
|upkeep
|turn|32
|
|t:|1760873922
|move|p1a: Sinistcha|Matcha Gotcha|p2a: Clodsire
|-damage|p2a: Clodsire|95/100
|-heal|p1a: Sinistcha|42/100|[from] drain|[of] p2a: Clodsire
|-status|p2a: Clodsire|brn
|move|p2a: Clodsire|Earthquake|p1a: Sinistcha
|-supereffective|p1a: Sinistcha
|-damage|p1a: Sinistcha|30/100
|
|-damage|p2a: Clodsire|89/100 brn|[from] brn
|upkeep
|turn|33
|inactive|motorskk has 120 seconds left.
|
|t:|1760873944
|move|p1a: Sinistcha|Shadow Ball|p2a: Clodsire
|-damage|p2a: Clodsire|82/100 brn
|move|p2a: Clodsire|Earthquake|p1a: Sinistcha
|-supereffective|p1a: Sinistcha
|-damage|p1a: Sinistcha|17/100
|
|-damage|p2a: Clodsire|76/100 brn|[from] brn
|upkeep
|turn|34
|inactive|motorskk has 120 seconds left.
|
|t:|1760873955
|move|p1a: Sinistcha|Shadow Ball|p2a: Clodsire
|-damage|p2a: Clodsire|70/100 brn
|move|p2a: Clodsire|Earthquake|p1a: Sinistcha
|-supereffective|p1a: Sinistcha
|-crit|p1a: Sinistcha
|-damage|p1a: Sinistcha|0 fnt
|faint|p1a: Sinistcha
|
|-damage|p2a: Clodsire|64/100 brn|[from] brn
|upkeep
|
|t:|1760873966
|switch|p1a: Samurott|Samurott-Hisui, M|88/100
|turn|35
|
|t:|1760873971
|switch|p2a: Clefable|Clefable, F|85/100
|move|p1a: Samurott|Razor Shell|p2a: Clefable
|-damage|p2a: Clefable|45/100
|
|upkeep
|turn|36
|
|t:|1760873984
|move|p1a: Samurott|Razor Shell|p2a: Clefable
|-damage|p2a: Clefable|3/100
|-unboost|p2a: Clefable|def|1
|move|p2a: Clefable|Wish|p2a: Clefable
|
|upkeep
|turn|37
|
|t:|1760873997
|move|p2a: Clefable|Protect|p2a: Clefable
|-singleturn|p2a: Clefable|Protect
|move|p1a: Samurott|Ceaseless Edge|p2a: Clefable
|-activate|p2a: Clefable|move: Protect
|
|-heal|p2a: Clefable|53/100|[from] move: Wish|[wisher] Clefable
|upkeep
|turn|38
|
|t:|1760874007
|switch|p2a: Hydrapple|Hydrapple, M|100/100
|-damage|p2a: Hydrapple|88/100|[from] Stealth Rock
|-damage|p2a: Hydrapple|76/100|[from] Spikes
|move|p1a: Samurott|Razor Shell|p2a: Hydrapple
|-resisted|p2a: Hydrapple
|-damage|p2a: Hydrapple|69/100
|-unboost|p2a: Hydrapple|def|1
|
|upkeep
|turn|39
|
|t:|1760874019
|switch|p1a: Zapdos|Zapdos|79/100
|move|p2a: Hydrapple|Giga Drain|p1a: Zapdos
|-resisted|p1a: Zapdos
|-damage|p1a: Zapdos|62/100
|-heal|p2a: Hydrapple|77/100|[from] drain|[of] p1a: Zapdos
|
|upkeep
|turn|40
|
|t:|1760874033
|switch|p2a: Clodsire|Clodsire, F|64/100 brn
|move|p1a: Zapdos|Hurricane|p2a: Clodsire
|-damage|p2a: Clodsire|39/100 brn
|
|-damage|p2a: Clodsire|33/100 brn|[from] brn
|upkeep
|turn|41
|
|t:|1760874052
|move|p1a: Zapdos|Hurricane|p2a: Clodsire
|-damage|p2a: Clodsire|7/100 brn
|move|p2a: Clodsire|Recover|p2a: Clodsire
|-heal|p2a: Clodsire|57/100 brn
|
|-damage|p2a: Clodsire|51/100 brn|[from] brn
|upkeep
|turn|42
|
|t:|1760874060
|switch|p1a: Clodsire|Clodsire, M|100/100
|move|p2a: Clodsire|Recover|p2a: Clodsire
|-heal|p2a: Clodsire|100/100 brn
|
|-damage|p2a: Clodsire|94/100 brn|[from] brn
|upkeep
|turn|43
|
|t:|1760874068
|switch|p2a: Clefable|Clefable, F|53/100
|move|p1a: Clodsire|Earthquake|p2a: Clefable
|-damage|p2a: Clefable|32/100
|
|upkeep
|turn|44
|inactive|motorskk has 120 seconds left.
|
|t:|1760874108
|switch|p1a: Tinkaton|Tinkaton, F|47/100
|move|p2a: Clefable|Wish|p2a: Clefable
|
|upkeep
|turn|45
|inactive|motorskk has 120 seconds left.
|
|t:|1760874120
|move|p2a: Clefable|Protect|p2a: Clefable
|-singleturn|p2a: Clefable|Protect
|move|p1a: Tinkaton|Knock Off|p2a: Clefable
|-activate|p2a: Clefable|move: Protect
|
|-heal|p2a: Clefable|82/100|[from] move: Wish|[wisher] Clefable
|upkeep
|turn|46
|inactive|motorskk has 120 seconds left.
|
|t:|1760874128
|move|p1a: Tinkaton|Gigaton Hammer|p2a: Clefable
|-supereffective|p2a: Clefable
|-damage|p2a: Clefable|18/100
|move|p2a: Clefable|Wish|p2a: Clefable
|
|upkeep
|turn|47
|
|t:|1760874138
|move|p1a: Tinkaton|Knock Off|p2a: Clefable
|-resisted|p2a: Clefable
|-damage|p2a: Clefable|11/100
|move|p2a: Clefable|Moonblast|p1a: Tinkaton
|-resisted|p1a: Tinkaton
|-damage|p1a: Tinkaton|34/100
|
|-heal|p2a: Clefable|61/100|[from] move: Wish|[wisher] Clefable
|-damage|p1a: Tinkaton|22/100|[from] item: Sticky Barb
|upkeep
|turn|48
|inactive|motorskk has 120 seconds left.
|
|t:|1760874163
|move|p2a: Clefable|Protect|p2a: Clefable
|-singleturn|p2a: Clefable|Protect
|move|p1a: Tinkaton|Gigaton Hammer|p2a: Clefable
|-activate|p2a: Clefable|move: Protect
|
|-damage|p1a: Tinkaton|10/100|[from] item: Sticky Barb
|upkeep
|turn|49
|
|t:|1760874171
|move|p1a: Tinkaton|Encore|p2a: Clefable
|-start|p2a: Clefable|Encore
|move|p2a: Clefable|Protect||[still]
|-fail|p2a: Clefable
|
|-damage|p1a: Tinkaton|0 fnt|[from] item: Sticky Barb
|faint|p1a: Tinkaton
|upkeep
|inactive|motorskk has 120 seconds left.
|
|t:|1760874178
|switch|p1a: Darkrai|Darkrai|100/100
|turn|50
|
|t:|1760874190
|switch|p2a: Clodsire|Clodsire, F|94/100 brn
|move|p1a: Darkrai|Ice Beam|p2a: Clodsire
|-supereffective|p2a: Clodsire
|-damage|p2a: Clodsire|50/100 brn
|
|-damage|p2a: Clodsire|44/100 brn|[from] brn
|upkeep
|turn|51
|
|t:|1760874200
|switch|p2a: Alomomola|Alomomola, M, shiny|100/100
|-damage|p2a: Alomomola|88/100|[from] Stealth Rock
|-damage|p2a: Alomomola|76/100|[from] Spikes
|move|p1a: Darkrai|Ice Beam|p2a: Alomomola
|-resisted|p2a: Alomomola
|-damage|p2a: Alomomola|61/100
|
|upkeep
|turn|52
|
|t:|1760874209
|move|p1a: Darkrai|Dark Pulse|p2a: Alomomola
|-damage|p2a: Alomomola|21/100
|move|p2a: Alomomola|Wish|p2a: Alomomola
|
|upkeep
|turn|53
|
|t:|1760874227
|switch|p2a: Clodsire|Clodsire, F|44/100 brn
|move|p1a: Darkrai|Ice Beam|p2a: Clodsire
|-supereffective|p2a: Clodsire
|-damage|p2a: Clodsire|0 fnt
|faint|p2a: Clodsire
|
|upkeep
|
|t:|1760874235
|switch|p2a: Hydrapple|Hydrapple, M|100/100
|-damage|p2a: Hydrapple|88/100|[from] Stealth Rock
|-damage|p2a: Hydrapple|76/100|[from] Spikes
|turn|54
|
|t:|1760874244
|switch|p1a: Zapdos|Zapdos|62/100
|-terastallize|p2a: Hydrapple|Steel
|move|p2a: Hydrapple|Nasty Plot|p2a: Hydrapple
|-boost|p2a: Hydrapple|spa|2
|
|upkeep
|turn|55
|
|t:|1760874252
|move|p1a: Zapdos|Volt Switch|p2a: Hydrapple
|-damage|p2a: Hydrapple|48/100
|
|t:|1760874255
|switch|p1a: Clodsire|Clodsire, M|100/100|[from] Volt Switch
|move|p2a: Hydrapple|Fickle Beam|p1a: Clodsire
|-damage|p1a: Clodsire|81/100
|
|upkeep
|turn|56
|
|t:|1760874266
|switch|p2a: Alomomola|Alomomola, M, shiny|54/100
|-damage|p2a: Alomomola|42/100|[from] Stealth Rock
|-damage|p2a: Alomomola|30/100|[from] Spikes
|move|p1a: Clodsire|Earthquake|p2a: Alomomola
|-damage|p2a: Alomomola|12/100
|
|upkeep
|turn|57
|
|t:|1760874275
|move|p2a: Alomomola|Flip Turn|p1a: Clodsire
|-supereffective|p1a: Clodsire
|-damage|p1a: Clodsire|44/100
|
|t:|1760874278
|switch|p2a: Skarmory|Skarmory, F|100/100|[from] Flip Turn
|move|p1a: Clodsire|Earthquake|p2a: Skarmory
|-immune|p2a: Skarmory
|
|upkeep
|turn|58
|
|t:|1760874292
|switch|p1a: Zapdos|Zapdos|62/100
|move|p2a: Skarmory|Spikes|p1a: Zapdos
|-sidestart|p1: motorskk|Spikes
|
|upkeep
|turn|59
|
|t:|1760874304
|move|p1a: Zapdos|Thunder Wave|p2a: Skarmory
|-status|p2a: Skarmory|par
|move|p2a: Skarmory|Roost||[still]
|-fail|p2a: Skarmory|heal
|
|upkeep
|turn|60
|
|t:|1760874312
|switch|p2a: Tyranitar|Tyranitar, M|71/100 par
|-weather|Sandstorm|[from] ability: Sand Stream|[of] p2a: Tyranitar
|move|p1a: Zapdos|Volt Switch|p2a: Tyranitar
|-damage|p2a: Tyranitar|59/100 par
|
|t:|1760874319
|switch|p1a: Samurott|Samurott-Hisui, M|88/100|[from] Volt Switch
|
|-weather|Sandstorm|[upkeep]
|-damage|p1a: Samurott|82/100|[from] Sandstorm
|upkeep
|turn|61
|
|t:|1760874339
|switch|p1a: Zapdos|Zapdos|62/100
|switch|p2a: Skarmory|Skarmory, F|100/100 par
|
|-weather|Sandstorm|[upkeep]
|-damage|p1a: Zapdos|56/100|[from] Sandstorm
|upkeep
|turn|62
|
|t:|1760874350
|switch|p2a: Tyranitar|Tyranitar, M|59/100 par
|move|p1a: Zapdos|Volt Switch|p2a: Tyranitar
|-damage|p2a: Tyranitar|46/100 par
|
|t:|1760874358
|switch|p1a: Samurott|Samurott-Hisui, M|82/100|[from] Volt Switch
|
|-weather|Sandstorm|[upkeep]
|-damage|p1a: Samurott|76/100|[from] Sandstorm
|upkeep
|turn|63
|
|t:|1760874366
|switch|p2a: Hydrapple|Hydrapple, M, tera:Steel|81/100
|-damage|p2a: Hydrapple|75/100|[from] Stealth Rock
|-damage|p2a: Hydrapple|63/100|[from] Spikes
|move|p1a: Samurott|Razor Shell|p2a: Hydrapple
|-damage|p2a: Hydrapple|32/100
|
|-weather|Sandstorm|[upkeep]
|-damage|p1a: Samurott|69/100|[from] Sandstorm
|upkeep
|turn|64
|
|t:|1760874383
|switch|p1a: Clodsire|Clodsire, M|44/100
|move|p2a: Hydrapple|Giga Drain|p1a: Clodsire
|-damage|p1a: Clodsire|26/100
|-heal|p2a: Hydrapple|42/100|[from] drain|[of] p1a: Clodsire
|
|-weather|none
|upkeep
|turn|65
|
|t:|1760874392
|switch|p1a: Zapdos|Zapdos|56/100
|move|p2a: Hydrapple|Earth Power|p1a: Zapdos
|-immune|p1a: Zapdos
|
|upkeep
|turn|66
|
|t:|1760874410
|move|p1a: Zapdos|Roost|p1a: Zapdos
|-heal|p1a: Zapdos|100/100
|-singleturn|p1a: Zapdos|move: Roost
|move|p2a: Hydrapple|Giga Drain|p1a: Zapdos
|-damage|p1a: Zapdos|68/100
|-heal|p2a: Hydrapple|57/100|[from] drain|[of] p1a: Zapdos
|
|upkeep
|turn|67
|
|t:|1760874419
|move|p1a: Zapdos|Thunder Wave|p2a: Hydrapple
|-status|p2a: Hydrapple|par
|move|p2a: Hydrapple|Fickle Beam|p1a: Zapdos
|-damage|p1a: Zapdos|35/100
|
|upkeep
|turn|68
|
|t:|1760874425
|move|p1a: Zapdos|Roost|p1a: Zapdos
|-heal|p1a: Zapdos|85/100
|-singleturn|p1a: Zapdos|move: Roost
|move|p2a: Hydrapple|Earth Power|p1a: Zapdos
|-supereffective|p1a: Zapdos
|-damage|p1a: Zapdos|35/100
|
|upkeep
|turn|69
|
|t:|1760874435
|move|p1a: Zapdos|Roost|p1a: Zapdos
|-heal|p1a: Zapdos|85/100
|-singleturn|p1a: Zapdos|move: Roost
|move|p2a: Hydrapple|Fickle Beam|p1a: Zapdos|[anim] Fickle Beam All Out
|-activate|p2a: Hydrapple|move: Fickle Beam
|-damage|p1a: Zapdos|21/100
|
|upkeep
|turn|70
|
|t:|1760874444
|move|p1a: Zapdos|Roost|p1a: Zapdos
|-heal|p1a: Zapdos|72/100
|-singleturn|p1a: Zapdos|move: Roost
|cant|p2a: Hydrapple|par
|
|upkeep
|turn|71
|
|t:|1760874461
|move|p1a: Zapdos|Volt Switch|p2a: Hydrapple
|-damage|p2a: Hydrapple|30/100 par
|
|t:|1760874471
|switch|p1a: Clodsire|Clodsire, M|26/100|[from] Volt Switch
|move|p2a: Hydrapple|Earth Power|p1a: Clodsire
|-supereffective|p1a: Clodsire
|-damage|p1a: Clodsire|0 fnt
|faint|p1a: Clodsire
|
|upkeep
|
|t:|1760874477
|switch|p1a: Darkrai|Darkrai|100/100
|-damage|p1a: Darkrai|88/100|[from] Spikes
|turn|72
|
|t:|1760874486
|switch|p2a: Tyranitar|Tyranitar, M|46/100 par
|-weather|Sandstorm|[from] ability: Sand Stream|[of] p2a: Tyranitar
|move|p1a: Darkrai|Dark Pulse|p2a: Tyranitar
|-resisted|p2a: Tyranitar
|-damage|p2a: Tyranitar|37/100 par
|
|-weather|Sandstorm|[upkeep]
|-damage|p1a: Darkrai|82/100|[from] Sandstorm
|upkeep
|turn|73
|
|t:|1760874499
|move|p1a: Darkrai|Focus Blast|p2a: Tyranitar
|-supereffective|p2a: Tyranitar
|-damage|p2a: Tyranitar|0 fnt
|faint|p2a: Tyranitar
|
|-weather|Sandstorm|[upkeep]
|-damage|p1a: Darkrai|76/100|[from] Sandstorm
|upkeep
|
|t:|1760874509
|switch|p2a: Skarmory|Skarmory, F|100/100 par
|turn|74
|
|t:|1760874514
|switch|p1a: Zapdos|Zapdos|72/100
|move|p2a: Skarmory|Body Press|p1a: Zapdos
|-resisted|p1a: Zapdos
|-damage|p1a: Zapdos|60/100
|
|-weather|Sandstorm|[upkeep]
|-damage|p1a: Zapdos|54/100|[from] Sandstorm
|upkeep
|turn|75
|
|t:|1760874524
|switch|p2a: Hydrapple|Hydrapple, M, tera:Steel|63/100 par
|-damage|p2a: Hydrapple|57/100 par|[from] Stealth Rock
|-damage|p2a: Hydrapple|45/100 par|[from] Spikes
|move|p1a: Zapdos|Roost|p1a: Zapdos
|-heal|p1a: Zapdos|100/100
|-singleturn|p1a: Zapdos|move: Roost
|
|-weather|Sandstorm|[upkeep]
|-damage|p1a: Zapdos|94/100|[from] Sandstorm
|upkeep
|turn|76
|
|t:|1760874536
|move|p1a: Zapdos|Hurricane|p2a: Hydrapple|[miss]
|-miss|p1a: Zapdos|p2a: Hydrapple
|move|p2a: Hydrapple|Fickle Beam|p1a: Zapdos|[anim] Fickle Beam All Out
|-activate|p2a: Hydrapple|move: Fickle Beam
|-damage|p1a: Zapdos|27/100
|
|-weather|none
|upkeep
|turn|77
|
|t:|1760874547
|move|p1a: Zapdos|Roost|p1a: Zapdos
|-heal|p1a: Zapdos|77/100
|-singleturn|p1a: Zapdos|move: Roost
|cant|p2a: Hydrapple|par
|
|upkeep
|turn|78
|
|t:|1760874568
|move|p1a: Zapdos|Hurricane|p2a: Hydrapple|[miss]
|-miss|p1a: Zapdos|p2a: Hydrapple
|move|p2a: Hydrapple|Fickle Beam|p1a: Zapdos
|-damage|p1a: Zapdos|40/100
|
|upkeep
|turn|79
|
|t:|1760874575
|move|p1a: Zapdos|Volt Switch|p2a: Hydrapple
|-damage|p2a: Hydrapple|15/100 par
|
|t:|1760874582
|switch|p1a: Samurott|Samurott-Hisui, M|69/100|[from] Volt Switch
|cant|p2a: Hydrapple|par
|
|upkeep
|turn|80
|
|t:|1760874589
|switch|p2a: Clefable|Clefable, F|61/100
|move|p1a: Samurott|Knock Off|p2a: Clefable
|-resisted|p2a: Clefable
|-damage|p2a: Clefable|49/100
|
|upkeep
|turn|81
|
|t:|1760874602
|move|p1a: Samurott|Razor Shell|p2a: Clefable
|-damage|p2a: Clefable|7/100
|move|p2a: Clefable|Wish|p2a: Clefable
|
|upkeep
|turn|82
|
|t:|1760874613
|switch|p1a: Darkrai|Darkrai|76/100
|-damage|p1a: Darkrai|63/100|[from] Spikes
|move|p2a: Clefable|Protect||[still]
|-fail|p2a: Clefable
|
|-heal|p2a: Clefable|57/100|[from] move: Wish|[wisher] Clefable
|upkeep
|turn|83
|
|t:|1760874622
|move|p2a: Clefable|Protect|p2a: Clefable
|-singleturn|p2a: Clefable|Protect
|move|p1a: Darkrai|Sludge Bomb|p2a: Clefable
|-activate|p2a: Clefable|move: Protect
|
|upkeep
|turn|84
|
|t:|1760874635
|switch|p2a: Skarmory|Skarmory, F|100/100 par
|move|p1a: Darkrai|Sludge Bomb|p2a: Skarmory
|-immune|p2a: Skarmory
|
|upkeep
|turn|85
|
|t:|1760874645
|switch|p1a: Zapdos|Zapdos|40/100
|switch|p2a: Hydrapple|Hydrapple, M, tera:Steel|48/100 par
|-damage|p2a: Hydrapple|42/100 par|[from] Stealth Rock
|-damage|p2a: Hydrapple|29/100 par|[from] Spikes
|
|upkeep
|turn|86
|
|t:|1760874672
|move|p1a: Zapdos|Volt Switch|p2a: Hydrapple
|-crit|p2a: Hydrapple
|-damage|p2a: Hydrapple|0 fnt
|faint|p2a: Hydrapple
|
|t:|1760874680
|switch|p1a: Darkrai|Darkrai|63/100|[from] Volt Switch
|-damage|p1a: Darkrai|51/100|[from] Spikes
|
|upkeep
|
|t:|1760874686
|switch|p2a: Skarmory|Skarmory, F|100/100 par
|turn|87
|
|t:|1760874690
|switch|p1a: Zapdos|Zapdos|40/100
|switch|p2a: Clefable|Clefable, F|57/100
|
|upkeep
|turn|88
|
|t:|1760874696
|move|p1a: Zapdos|Roost|p1a: Zapdos
|-heal|p1a: Zapdos|91/100
|-singleturn|p1a: Zapdos|move: Roost
|move|p2a: Clefable|Wish|p2a: Clefable
|
|upkeep
|turn|89
|
|t:|1760874705
|move|p1a: Zapdos|Thunder Wave|p2a: Clefable
|-status|p2a: Clefable|par
|move|p2a: Clefable|Moonblast|p1a: Zapdos
|-damage|p1a: Zapdos|62/100
|-unboost|p1a: Zapdos|spa|1
|
|-heal|p2a: Clefable|100/100 par|[from] move: Wish|[wisher] Clefable
|upkeep
|turn|90
|
|t:|1760874722
|move|p1a: Zapdos|Hurricane|p2a: Clefable
|-damage|p2a: Clefable|74/100 par
|move|p2a: Clefable|Wish|p2a: Clefable
|
|upkeep
|turn|91
|
|t:|1760874733
|move|p1a: Zapdos|Hurricane|p2a: Clefable
|-damage|p2a: Clefable|43/100 par
|move|p2a: Clefable|Moonblast|p1a: Zapdos
|-damage|p1a: Zapdos|32/100
|
|-heal|p2a: Clefable|93/100 par|[from] move: Wish|[wisher] Clefable
|upkeep
|turn|92
|
|t:|1760874753
|move|p1a: Zapdos|Hurricane|p2a: Clefable
|-damage|p2a: Clefable|64/100 par
|-start|p2a: Clefable|confusion
|-activate|p2a: Clefable|confusion
|-damage|p2a: Clefable|59/100 par|[from] confusion
|
|upkeep
|turn|93
|
|t:|1760874761
|move|p1a: Zapdos|Volt Switch|p2a: Clefable
|-damage|p2a: Clefable|39/100 par
|
|t:|1760874772
|switch|p1a: Samurott|Samurott-Hisui, M|69/100|[from] Volt Switch
|-activate|p2a: Clefable|confusion
|move|p2a: Clefable|Wish|p2a: Clefable
|
|upkeep
|turn|94
|
|t:|1760874778
|-end|p2a: Clefable|confusion
|cant|p2a: Clefable|par
|move|p1a: Samurott|Razor Shell|p2a: Clefable
|-damage|p2a: Clefable|0 fnt
|faint|p2a: Clefable
|
|upkeep
|c|☆KennytheslugSmith|How much luck can one person have
|inactive|KennytheslugSmith has 120 seconds left.
|
|t:|1760874810
|switch|p2a: Alomomola|Alomomola, M, shiny|46/100
|-damage|p2a: Alomomola|33/100|[from] Stealth Rock
|-damage|p2a: Alomomola|21/100|[from] Spikes
|turn|95
|inactive|motorskk has 120 seconds left.
|
|t:|1760874845
|move|p1a: Samurott|Ceaseless Edge|p2a: Alomomola
|-damage|p2a: Alomomola|0 fnt
|-sidestart|p2: KennytheslugSmith|Spikes
|faint|p2a: Alomomola
|
|upkeep
|inactive|KennytheslugSmith has 120 seconds left.
|c|☆KennytheslugSmith|Bg
|-message|KennytheslugSmith forfeited.
|
|win|motorskk
|raw|motorskk's rating: 1488 &rarr; <strong>1509</strong><br />(+21 for winning)
|raw|KennytheslugSmith's rating: 1500 &rarr; <strong>1479</strong><br />(-21 for losing)
|l|☆KennytheslugSmith
|player|p2|
|c|☆motorskk|gg
|l|☆motorskk
|player|p1|
|j|☆motorskk
|player|p1|motorskk|battlegirl-gen4|
