|j|☆ay cheu
|j|☆apjkds
|t:|1760750656
|gametype|singles
|player|p1|ay cheu|riley|1501
|player|p2|apjkds|101|1524
|gen|9
|tier|[Gen 9] OU
|rated|
|rule|HP Percentage Mod: HP is shown in percentages
|rule|Endless Battle Clause: Forcing endless battles is banned
|rule|Species Clause: Limit one of each Pokémon
|rule|OHKO Clause: OHKO moves are banned
|rule|Evasion Items Clause: Evasion items are banned
|rule|Evasion Moves Clause: Evasion moves are banned
|rule|Evasion Abilities Clause: Evasion abilities are banned
|rule|Sleep Moves Clause: Sleep-inducing moves are banned
|clearpoke
|poke|p1|Arcanine, M|
|poke|p1|Hatterene, F|
|poke|p1|Mamoswine, M|
|poke|p1|Altaria, F|
|poke|p1|Darkrai|
|poke|p1|Magnezone|
|poke|p2|Ribombee, F|
|poke|p2|Samurott-Hisui, F|
|poke|p2|Iron Valiant|
|poke|p2|Zamazenta-*|
|poke|p2|Gholdengo|
|poke|p2|Iron Moth|
|teampreview
|inactive|Battle timer is ON: inactive players will automatically lose when time's up. (requested by ay cheu)
|
|t:|1760750673
|teamsize|p1|6
|teamsize|p2|6
|start
|switch|p1a: Magnezone|Magnezone|100/100
|switch|p2a: Ribombee|Ribombee, F|100/100
|turn|1
|inactive|apjkds has 120 seconds left.
|
|t:|1760750716
|move|p2a: Ribombee|Skill Swap|p1a: Magnezone
|-activate|p2a: Ribombee|move: Skill Swap|Analytic|Shield Dust|[of] p1a: Magnezone
|move|p1a: Magnezone|Flash Cannon|p2a: Ribombee
|-supereffective|p2a: Ribombee
|-enditem|p2a: Ribombee|Focus Sash
|-damage|p2a: Ribombee|1/100
|
|upkeep
|turn|2
|
|t:|1760750723
|switch|p1a: Hatterene|Hatterene, F|100/100
|move|p2a: Ribombee|Skill Swap|p1a: Hatterene
|-activate|p2a: Ribombee|move: Skill Swap|Magic Bounce|Analytic|[of] p1a: Hatterene
|
|upkeep
|turn|3
|inactive|apjkds has 120 seconds left.
|c|☆apjkds|checkmate
|
|t:|1760750741
|move|p2a: Ribombee|Sticky Web|p1a: Hatterene
|-sidestart|p1: ay cheu|move: Sticky Web
|move|p1a: Hatterene|Draining Kiss|p2a: Ribombee
|-damage|p2a: Ribombee|0 fnt
|faint|p2a: Ribombee
|
|upkeep
|inactive|apjkds has 120 seconds left.
|
|t:|1760750773
|switch|p2a: Musashi's Scallop|Samurott-Hisui, F|100/100
|turn|4
|
|t:|1760750785
|move|p2a: Musashi's Scallop|Ceaseless Edge|p1a: Hatterene
|-damage|p1a: Hatterene|52/100
|-sidestart|p1: ay cheu|Spikes
|move|p1a: Hatterene|Draining Kiss|p2a: Musashi's Scallop
|-supereffective|p2a: Musashi's Scallop
|-damage|p2a: Musashi's Scallop|11/100
|-heal|p1a: Hatterene|100/100|[from] drain|[of] p2a: Musashi's Scallop
|
|upkeep
|turn|5
|
|t:|1760750804
|switch|p1a: Arcanine|Arcanine, M|100/100
|-activate|p1a: Arcanine|move: Sticky Web
|-unboost|p1a: Arcanine|spe|1
|-damage|p1a: Arcanine|88/100|[from] Spikes
|-ability|p1a: Arcanine|Intimidate|boost
|-unboost|p2a: Musashi's Scallop|atk|1
|move|p2a: Musashi's Scallop|Knock Off|p1a: Arcanine
|-damage|p1a: Arcanine|58/100
|-damage|p2a: Musashi's Scallop|0 fnt|[from] item: Rocky Helmet|[of] p1a: Arcanine
|faint|p2a: Musashi's Scallop
|
|upkeep
|inactive|apjkds has 90 seconds left.
|
|t:|1760750819
|switch|p2a: Iron Moth|Iron Moth|100/100
|-enditem|p2a: Iron Moth|Booster Energy
|-activate|p2a: Iron Moth|ability: Quark Drive|[fromitem]
|-start|p2a: Iron Moth|quarkdrivespa
|turn|6
|
|t:|1760750824
|move|p2a: Iron Moth|Sludge Wave|p1a: Arcanine
|-damage|p1a: Arcanine|0 fnt
|faint|p1a: Arcanine
|
|upkeep
|
|t:|1760750829
|switch|p1a: Altaria|Altaria, F|100/100
|-ability|p1a: Altaria|Cloud Nine
|turn|7
|
|t:|1760750848
|move|p2a: Iron Moth|Sludge Wave|p1a: Altaria
|-damage|p1a: Altaria|38/100
|move|p1a: Altaria|Defog|p2a: Iron Moth
|-unboost|p2a: Iron Moth|evasion|1
|-sideend|p1: ay cheu|Spikes|[from] move: Defog|[of] p1a: Altaria
|-sideend|p1: ay cheu|Sticky Web|[from] move: Defog|[of] p1a: Altaria
|
|upkeep
|turn|8
|
|t:|1760750855
|switch|p1a: Magnezone|Magnezone|100/100
|move|p2a: Iron Moth|Sludge Wave|p1a: Magnezone
|-immune|p1a: Magnezone
|
|upkeep
|turn|9
|
|t:|1760750883
|switch|p1a: Altaria|Altaria, F|38/100
|-ability|p1a: Altaria|Cloud Nine
|move|p2a: Iron Moth|Fiery Dance|p1a: Altaria
|-resisted|p1a: Altaria
|-damage|p1a: Altaria|11/100
|-boost|p2a: Iron Moth|spa|1
|
|upkeep
|turn|10
|
|t:|1760750892
|move|p2a: Iron Moth|Fiery Dance|p1a: Altaria
|-resisted|p1a: Altaria
|-damage|p1a: Altaria|0 fnt
|-boost|p2a: Iron Moth|spa|1
|faint|p1a: Altaria
|
|upkeep
|
|t:|1760750894
|switch|p1a: Mamoswine|Mamoswine, M|100/100
|turn|11
|
|t:|1760750899
|move|p1a: Mamoswine|Earthquake|p2a: Iron Moth
|-supereffective|p2a: Iron Moth
|-damage|p2a: Iron Moth|0 fnt
|faint|p2a: Iron Moth
|-end|p2a: Iron Moth|Quark Drive|[silent]
|
|upkeep
|
|t:|1760750909
|switch|p2a: Goldilocks|Gholdengo|100/100
|-item|p2a: Goldilocks|Air Balloon
|turn|12
|
|t:|1760750915
|switch|p1a: Magnezone|Magnezone|100/100
|move|p2a: Goldilocks|Dazzling Gleam|p1a: Magnezone
|-resisted|p1a: Magnezone
|-damage|p1a: Magnezone|90/100
|
|upkeep
|turn|13
|
|t:|1760750921
|move|p2a: Goldilocks|Shadow Ball|p1a: Magnezone
|-damage|p1a: Magnezone|61/100
|move|p1a: Magnezone|Discharge|p2a: Goldilocks
|-damage|p2a: Goldilocks|27/100
|-enditem|p2a: Goldilocks|Air Balloon
|
|upkeep
|turn|14
|
|t:|1760750929
|move|p2a: Goldilocks|Shadow Ball|p1a: Magnezone
|-damage|p1a: Magnezone|31/100
|move|p1a: Magnezone|Volt Switch|p2a: Goldilocks
|-damage|p2a: Goldilocks|0 fnt
|faint|p2a: Goldilocks
|
|t:|1760750937
|switch|p1a: Hatterene|Hatterene, F|100/100|[from] Volt Switch
|
|upkeep
|
|t:|1760750953
|switch|p2a: Iron Valiant|Iron Valiant|100/100
|-enditem|p2a: Iron Valiant|Booster Energy
|-activate|p2a: Iron Valiant|ability: Quark Drive|[fromitem]
|-start|p2a: Iron Valiant|quarkdriveatk
|turn|15
|
|t:|1760750959
|switch|p1a: Magnezone|Magnezone|31/100
|move|p2a: Iron Valiant|Swords Dance|p2a: Iron Valiant
|-boost|p2a: Iron Valiant|atk|2
|
|upkeep
|turn|16
|
|t:|1760750967
|move|p2a: Iron Valiant|Knock Off|p1a: Magnezone
|-damage|p1a: Magnezone|0 fnt
|-enditem|p1a: Magnezone|Assault Vest|[from] move: Knock Off|[of] p2a: Iron Valiant
|faint|p1a: Magnezone
|
|upkeep
|
|t:|1760750969
|switch|p1a: Darkrai|Darkrai|100/100
|turn|17
|
|t:|1760750978
|move|p1a: Darkrai|Dark Pulse|p2a: Iron Valiant
|-resisted|p2a: Iron Valiant
|-damage|p2a: Iron Valiant|73/100
|move|p2a: Iron Valiant|Close Combat|p1a: Darkrai
|-supereffective|p1a: Darkrai
|-damage|p1a: Darkrai|0 fnt
|-unboost|p2a: Iron Valiant|def|1
|-unboost|p2a: Iron Valiant|spd|1
|faint|p1a: Darkrai
|
|upkeep
|
|t:|1760750983
|switch|p1a: Mamoswine|Mamoswine, M|100/100
|turn|18
|
|t:|1760750990
|move|p1a: Mamoswine|Earthquake|p2a: Iron Valiant
|-damage|p2a: Iron Valiant|0 fnt
|faint|p2a: Iron Valiant
|-end|p2a: Iron Valiant|Quark Drive|[silent]
|
|upkeep
|
|t:|1760751003
|switch|p2a: Zamazenta|Zamazenta|100/100
|-ability|p2a: Zamazenta|Dauntless Shield|boost
|-boost|p2a: Zamazenta|def|1
|turn|19
|
|t:|1760751009
|switch|p1a: Hatterene|Hatterene, F|100/100
|move|p2a: Zamazenta|Roar|p1a: Hatterene
|move|p1a: Hatterene|Roar||[from] ability: Magic Bounce|[still]
|-fail|p1a: Hatterene
|
|upkeep
|turn|20
|
|t:|1760751016
|-terastallize|p2a: Zamazenta|Fire
|move|p2a: Zamazenta|Crunch|p1a: Hatterene
|-damage|p1a: Hatterene|80/100
|move|p1a: Hatterene|Draining Kiss|p2a: Zamazenta
|-resisted|p2a: Zamazenta
|-crit|p2a: Zamazenta
|-damage|p2a: Zamazenta|84/100
|-heal|p1a: Hatterene|93/100|[from] drain|[of] p2a: Zamazenta
|
|-heal|p2a: Zamazenta|90/100|[from] item: Leftovers
|-heal|p1a: Hatterene|99/100|[from] item: Leftovers
|upkeep
|turn|21
|
|t:|1760751026
|move|p2a: Zamazenta|Crunch|p1a: Hatterene
|-damage|p1a: Hatterene|79/100
|-unboost|p1a: Hatterene|def|1
|move|p1a: Hatterene|Psychic Noise|p2a: Zamazenta
|-damage|p2a: Zamazenta|59/100
|-start|p2a: Zamazenta|move: Heal Block
|
|-heal|p1a: Hatterene|85/100|[from] item: Leftovers
|upkeep
|turn|22
|
|t:|1760751036
|switch|p1a: Mamoswine|Mamoswine, M|100/100
|move|p2a: Zamazenta|Crunch|p1a: Mamoswine
|-damage|p1a: Mamoswine|75/100
|-unboost|p1a: Mamoswine|def|1
|
|-end|p2a: Zamazenta|move: Heal Block
|upkeep
|turn|23
|
|t:|1760751044
|move|p1a: Mamoswine|Earthquake|p2a: Zamazenta
|-supereffective|p2a: Zamazenta
|-damage|p2a: Zamazenta|3/100
|move|p2a: Zamazenta|Body Press|p1a: Mamoswine
|-supereffective|p1a: Mamoswine
|-damage|p1a: Mamoswine|0 fnt
|faint|p1a: Mamoswine
|
|-heal|p2a: Zamazenta|9/100|[from] item: Leftovers
|upkeep
|
|t:|1760751049
|switch|p1a: Hatterene|Hatterene, F|85/100
|turn|24
|inactive|apjkds has 120 seconds left.
|
|t:|1760751099
|move|p2a: Zamazenta|Crunch|p1a: Hatterene
|-damage|p1a: Hatterene|67/100
|move|p1a: Hatterene|Psychic Noise|p2a: Zamazenta
|-damage|p2a: Zamazenta|0 fnt
|faint|p2a: Zamazenta
|
|win|ay cheu
|raw|ay cheu's rating: 1501 &rarr; <strong>1523</strong><br />(+22 for winning)
|raw|apjkds's rating: 1538 &rarr; <strong>1516</strong><br />(-22 for losing)
|l|☆apjkds
|player|p2|
|l|☆ay cheu
|player|p1|
