|j|☆praveenkumart236
|j|☆Beile
|t:|1760786450
|gametype|singles
|player|p1|praveenkumart236|170|1535
|player|p2|Beile|lucas|1513
|gen|9
|tier|[Gen 9] OU
|rated|
|rule|HP Percentage Mod: HP is shown in percentages
|rule|Endless Battle Clause: Forcing endless battles is banned
|rule|Species Clause: Limit one of each Pokémon
|rule|OHKO Clause: OHKO moves are banned
|rule|Evasion Items Clause: Evasion items are banned
|rule|Evasion Moves Clause: Evasion moves are banned
|rule|Evasion Abilities Clause: Evasion abilities are banned
|rule|Sleep Moves Clause: Sleep-inducing moves are banned
|clearpoke
|poke|p1|Iron Treads|
|poke|p1|Darkrai|
|poke|p1|Sylveon, F|
|poke|p1|Slowking, F|
|poke|p1|Meowscarada, F|
|poke|p1|Garchomp, F|
|poke|p2|Ninetales-Alola, F|
|poke|p2|Scizor, F|
|poke|p2|Kyurem|
|poke|p2|Gliscor, F|
|poke|p2|Iron Crown|
|poke|p2|Raging Bolt|
|teampreview
|inactive|Battle timer is ON: inactive players will automatically lose when time's up. (requested by praveenkumart236)
|inactive|praveenkumart236 has 120 seconds left.
|
|t:|1760786488
|teamsize|p1|6
|teamsize|p2|6
|start
|switch|p1a: Sylveon|Sylveon, F|100/100
|switch|p2a: Scizor|Scizor, F|100/100
|turn|1
|
|t:|1760786495
|move|p1a: Sylveon|Protect|p1a: Sylveon
|-singleturn|p1a: Sylveon|Protect
|move|p2a: Scizor|Swords Dance|p2a: Scizor
|-boost|p2a: Scizor|atk|2
|
|upkeep
|turn|2
|
|t:|1760786508
|switch|p1a: Garchomp|Garchomp, F|100/100
|move|p2a: Scizor|Bullet Punch|p1a: Garchomp
|-damage|p1a: Garchomp|45/100
|-damage|p2a: Scizor|88/100|[from] ability: Rough Skin|[of] p1a: Garchomp
|-damage|p2a: Scizor|72/100|[from] item: Rocky Helmet|[of] p1a: Garchomp
|-damage|p2a: Scizor|62/100|[from] item: Life Orb
|
|upkeep
|turn|3
|
|t:|1760786525
|move|p2a: Scizor|Bullet Punch|p1a: Garchomp
|-damage|p1a: Garchomp|0 fnt
|-damage|p2a: Scizor|49/100|[from] ability: Rough Skin|[of] p1a: Garchomp
|-damage|p2a: Scizor|33/100|[from] item: Rocky Helmet|[of] p1a: Garchomp
|faint|p1a: Garchomp
|-damage|p2a: Scizor|23/100|[from] item: Life Orb
|
|upkeep
|inactive|praveenkumart236 has 120 seconds left.
|
|t:|1760786547
|switch|p1a: Iron Treads|Iron Treads|100/100
|-item|p1a: Iron Treads|Air Balloon
|turn|4
|
|t:|1760786556
|move|p2a: Scizor|Bullet Punch|p1a: Iron Treads
|-resisted|p1a: Iron Treads
|-damage|p1a: Iron Treads|59/100
|-enditem|p1a: Iron Treads|Air Balloon
|-damage|p2a: Scizor|13/100|[from] item: Life Orb
|move|p1a: Iron Treads|Knock Off|p2a: Scizor
|-damage|p2a: Scizor|0 fnt
|-enditem|p2a: Scizor|Life Orb|[from] move: Knock Off|[of] p1a: Iron Treads
|faint|p2a: Scizor
|
|upkeep
|inactive|Beile has 120 seconds left.
|
|t:|1760786606
|switch|p2a: Ninetales|Ninetales-Alola, F|100/100
|-weather|Snowscape|[from] ability: Snow Warning|[of] p2a: Ninetales
|turn|5
|
|t:|1760786620
|move|p2a: Ninetales|Aurora Veil|p2a: Ninetales
|-sidestart|p2: Beile|move: Aurora Veil
|move|p1a: Iron Treads|Rapid Spin|p2a: Ninetales
|-damage|p2a: Ninetales|94/100
|-boost|p1a: Iron Treads|spe|1
|
|-weather|Snowscape|[upkeep]
|upkeep
|turn|6
|inactive|Beile has 120 seconds left.
|
|t:|1760786631
|switch|p2a: Iron Crown|Iron Crown|100/100
|-enditem|p2a: Iron Crown|Booster Energy
|-activate|p2a: Iron Crown|ability: Quark Drive|[fromitem]
|-start|p2a: Iron Crown|quarkdrivespe
|move|p1a: Iron Treads|Knock Off|p2a: Iron Crown
|-supereffective|p2a: Iron Crown
|-damage|p2a: Iron Crown|84/100
|
|-weather|Snowscape|[upkeep]
|upkeep
|turn|7
|
|t:|1760786642
|move|p1a: Iron Treads|Earthquake|p2a: Iron Crown
|-supereffective|p2a: Iron Crown
|-damage|p2a: Iron Crown|42/100
|move|p2a: Iron Crown|Iron Defense|p2a: Iron Crown
|-boost|p2a: Iron Crown|def|2
|
|-weather|Snowscape|[upkeep]
|upkeep
|turn|8
|
|t:|1760786651
|move|p1a: Iron Treads|Earthquake|p2a: Iron Crown
|-supereffective|p2a: Iron Crown
|-damage|p2a: Iron Crown|21/100
|move|p2a: Iron Crown|Tachyon Cutter|p1a: Iron Treads
|-resisted|p1a: Iron Treads
|-damage|p1a: Iron Treads|43/100
|-resisted|p1a: Iron Treads
|-damage|p1a: Iron Treads|30/100
|-hitcount|p1a: Iron Treads|2
|
|-weather|Snowscape|[upkeep]
|upkeep
|turn|9
|
|t:|1760786659
|move|p1a: Iron Treads|Earthquake|p2a: Iron Crown
|-supereffective|p2a: Iron Crown
|-damage|p2a: Iron Crown|0 fnt
|faint|p2a: Iron Crown
|-end|p2a: Iron Crown|Quark Drive|[silent]
|
|-weather|none
|upkeep
|
|t:|1760786662
|switch|p2a: Kyurem|Kyurem|100/100
|-ability|p2a: Kyurem|Pressure
|turn|10
|
|t:|1760786672
|move|p1a: Iron Treads|Knock Off|p2a: Kyurem
|-damage|p2a: Kyurem|86/100
|-enditem|p2a: Kyurem|Loaded Dice|[from] move: Knock Off|[of] p1a: Iron Treads
|move|p2a: Kyurem|Dragon Dance|p2a: Kyurem
|-boost|p2a: Kyurem|atk|1
|-boost|p2a: Kyurem|spe|1
|
|upkeep
|turn|11
|
|t:|1760786681
|move|p1a: Iron Treads|Earthquake|p2a: Kyurem
|-damage|p2a: Kyurem|65/100
|move|p2a: Kyurem|Dragon Dance|p2a: Kyurem
|-boost|p2a: Kyurem|atk|1
|-boost|p2a: Kyurem|spe|1
|
|upkeep
|turn|12
|
|t:|1760786687
|move|p2a: Kyurem|Dragon Dance|p2a: Kyurem
|-boost|p2a: Kyurem|atk|1
|-boost|p2a: Kyurem|spe|1
|move|p1a: Iron Treads|Earthquake|p2a: Kyurem
|-damage|p2a: Kyurem|41/100
|
|-sideend|p2: Beile|move: Aurora Veil
|upkeep
|turn|13
|
|t:|1760786693
|move|p2a: Kyurem|Icicle Spear|p1a: Iron Treads
|-damage|p1a: Iron Treads|0 fnt
|faint|p1a: Iron Treads
|-end|p1a: Iron Treads|Quark Drive|[silent]
|-hitcount|p1: Iron Treads|1
|
|upkeep
|
|t:|1760786715
|switch|p1a: Sylveon|Sylveon, F|100/100
|turn|14
|
|t:|1760786720
|-terastallize|p1a: Sylveon|Steel
|move|p2a: Kyurem|Icicle Spear|p1a: Sylveon
|-resisted|p1a: Sylveon
|-damage|p1a: Sylveon|85/100
|-resisted|p1a: Sylveon
|-damage|p1a: Sylveon|70/100
|-resisted|p1a: Sylveon
|-damage|p1a: Sylveon|56/100
|-resisted|p1a: Sylveon
|-damage|p1a: Sylveon|43/100
|-resisted|p1a: Sylveon
|-damage|p1a: Sylveon|27/100
|-hitcount|p1a: Sylveon|5
|move|p1a: Sylveon|Hyper Voice|p2a: Kyurem
|-supereffective|p2a: Kyurem
|-damage|p2a: Kyurem|0 fnt
|faint|p2a: Kyurem
|
|-heal|p1a: Sylveon|33/100|[from] item: Leftovers
|upkeep
|
|t:|1760786741
|switch|p2a: Ninetales|Ninetales-Alola, F|94/100
|-weather|Snowscape|[from] ability: Snow Warning|[of] p2a: Ninetales
|turn|15
|
|t:|1760786749
|move|p2a: Ninetales|Aurora Veil|p2a: Ninetales
|-sidestart|p2: Beile|move: Aurora Veil
|move|p1a: Sylveon|Wish|p1a: Sylveon
|
|-weather|Snowscape|[upkeep]
|-heal|p1a: Sylveon|39/100|[from] item: Leftovers
|upkeep
|turn|16
|
|t:|1760786756
|move|p1a: Sylveon|Calm Mind|p1a: Sylveon
|-boost|p1a: Sylveon|spa|1
|-boost|p1a: Sylveon|spd|1
|move|p2a: Ninetales|Roar|p1a: Sylveon
|drag|p1a: Slowking|Slowking, F|100/100
|
|-weather|Snowscape|[upkeep]
|upkeep
|turn|17
|
|t:|1760786765
|switch|p2a: Raging Bolt|Raging Bolt|100/100
|-enditem|p2a: Raging Bolt|Booster Energy
|-activate|p2a: Raging Bolt|ability: Protosynthesis|[fromitem]
|-start|p2a: Raging Bolt|protosynthesisspa
|move|p1a: Slowking|Future Sight|p2a: Raging Bolt
|-start|p1a: Slowking|move: Future Sight
|
|-weather|Snowscape|[upkeep]
|upkeep
|turn|18
|
|t:|1760786784
|move|p2a: Raging Bolt|Calm Mind|p2a: Raging Bolt
|-boost|p2a: Raging Bolt|spa|1
|-boost|p2a: Raging Bolt|spd|1
|-prepare|p1a: Slowking|Chilly Reception|[premajor]
|move|p1a: Slowking|Chilly Reception|p1a: Slowking
|inactive|praveenkumart236 has 120 seconds left.
|
|t:|1760786817
|switch|p1a: Meowscarada|Meowscarada, F|100/100|[from] Chilly Reception
|
|-weather|Snowscape|[upkeep]
|upkeep
|turn|19
|
|t:|1760786841
|move|p1a: Meowscarada|U-turn|p2a: Raging Bolt
|-start|p1a: Meowscarada|typechange|Bug|[from] ability: Protean
|-crit|p2a: Raging Bolt
|-damage|p2a: Raging Bolt|45/100
|
|t:|1760786847
|switch|p1a: Sylveon|Sylveon, F, tera:Steel|39/100|[from] U-turn
|move|p2a: Raging Bolt|Dragon Pulse|p1a: Sylveon
|-resisted|p1a: Sylveon
|-damage|p1a: Sylveon|5/100
|
|-weather|none
|-end|p2a: Raging Bolt|move: Future Sight
|-damage|p2a: Raging Bolt|32/100
|-heal|p1a: Sylveon|11/100|[from] item: Leftovers
|upkeep
|turn|20
|
|t:|1760786864
|move|p2a: Raging Bolt|Discharge|p1a: Sylveon
|-crit|p1a: Sylveon
|-damage|p1a: Sylveon|0 fnt
|faint|p1a: Sylveon
|
|upkeep
|
|t:|1760786873
|switch|p1a: Meowscarada|Meowscarada, F|100/100
|turn|21
|
|t:|1760786879
|move|p2a: Raging Bolt|Thunderclap|p1a: Meowscarada
|-resisted|p1a: Meowscarada
|-damage|p1a: Meowscarada|33/100
|move|p1a: Meowscarada|Flower Trick|p2a: Raging Bolt
|-start|p1a: Meowscarada|typechange|Grass|[from] ability: Protean
|-resisted|p2a: Raging Bolt
|-crit|p2a: Raging Bolt
|-damage|p2a: Raging Bolt|5/100
|
|upkeep
|turn|22
|
|t:|1760786891
|switch|p1a: Darkrai|Darkrai|100/100
|move|p2a: Raging Bolt|Thunderclap||[still]
|-fail|p2a: Raging Bolt
|
|-sideend|p2: Beile|move: Aurora Veil
|upkeep
|turn|23
|
|t:|1760786904
|move|p2a: Raging Bolt|Thunderclap||[still]
|-fail|p2a: Raging Bolt
|move|p1a: Darkrai|Trick|p2a: Raging Bolt
|-activate|p1a: Darkrai|move: Trick|[of] p2a: Raging Bolt
|-item|p2a: Raging Bolt|Choice Scarf|[from] move: Trick
|-enditem|p1a: Darkrai|Choice Scarf|[silent]|[from] move: Trick
|
|upkeep
|turn|24
|
|t:|1760786917
|move|p2a: Raging Bolt|Thunderclap|p1a: Darkrai
|-damage|p1a: Darkrai|0 fnt
|faint|p1a: Darkrai
|
|upkeep
|
|t:|1760786925
|switch|p1a: Meowscarada|Meowscarada, F|33/100
|turn|25
|
|t:|1760786929
|move|p1a: Meowscarada|Sucker Punch|p2a: Raging Bolt
|-start|p1a: Meowscarada|typechange|Dark|[from] ability: Protean
|-damage|p2a: Raging Bolt|0 fnt
|faint|p2a: Raging Bolt
|-end|p2a: Raging Bolt|Protosynthesis|[silent]
|
|upkeep
|
|t:|1760786934
|switch|p2a: Ninetales|Ninetales-Alola, F|94/100
|-weather|Snowscape|[from] ability: Snow Warning|[of] p2a: Ninetales
|turn|26
|inactive|praveenkumart236 has 120 seconds left.
|
|t:|1760786951
|switch|p1a: Slowking|Slowking, F|100/100
|move|p2a: Ninetales|Aurora Veil|p2a: Ninetales
|-sidestart|p2: Beile|move: Aurora Veil
|
|-weather|Snowscape|[upkeep]
|upkeep
|turn|27
|inactive|praveenkumart236 has 120 seconds left.
|
|t:|1760786965
|move|p2a: Ninetales|Freeze-Dry|p1a: Slowking
|-supereffective|p1a: Slowking
|-damage|p1a: Slowking|74/100
|move|p1a: Slowking|Scald|p2a: Ninetales
|-damage|p2a: Ninetales|80/100
|
|-weather|Snowscape|[upkeep]
|upkeep
|turn|28
|
|t:|1760786972
|move|p1a: Slowking|Scald|p2a: Ninetales
|-damage|p2a: Ninetales|67/100
|move|p2a: Ninetales|Roar|p1a: Slowking
|drag|p1a: Meowscarada|Meowscarada, F|33/100
|
|-weather|Snowscape|[upkeep]
|upkeep
|turn|29
|
|t:|1760786983
|switch|p2a: Gliscor|Gliscor, F|100/100
|move|p1a: Meowscarada|U-turn|p2a: Gliscor
|-start|p1a: Meowscarada|typechange|Bug|[from] ability: Protean
|-resisted|p2a: Gliscor
|-damage|p2a: Gliscor|90/100
|
|t:|1760786991
|switch|p1a: Slowking|Slowking, F|100/100|[from] U-turn
|
|-weather|Snowscape|[upkeep]
|-status|p2a: Gliscor|tox|[from] item: Toxic Orb
|upkeep
|turn|30
|inactive|praveenkumart236 has 120 seconds left.
|
|t:|1760787007
|move|p2a: Gliscor|Swords Dance|p2a: Gliscor
|-boost|p2a: Gliscor|atk|2
|move|p1a: Slowking|Future Sight|p2a: Gliscor
|-start|p1a: Slowking|move: Future Sight
|
|-weather|none
|-heal|p2a: Gliscor|100/100 tox|[from] ability: Poison Heal
|upkeep
|turn|31
|
|t:|1760787021
|move|p2a: Gliscor|Agility|p2a: Gliscor
|-boost|p2a: Gliscor|spe|2
|move|p1a: Slowking|Ice Beam|p2a: Gliscor
|-supereffective|p2a: Gliscor
|-damage|p2a: Gliscor|39/100 tox
|
|-heal|p2a: Gliscor|51/100 tox|[from] ability: Poison Heal
|upkeep
|turn|32
|
|t:|1760787033
|-terastallize|p2a: Gliscor|Normal
|move|p2a: Gliscor|Swords Dance|p2a: Gliscor
|-boost|p2a: Gliscor|atk|2
|move|p1a: Slowking|Ice Beam|p2a: Gliscor
|-damage|p2a: Gliscor|35/100 tox
|
|-end|p2a: Gliscor|move: Future Sight
|-damage|p2a: Gliscor|6/100 tox
|-heal|p2a: Gliscor|18/100 tox|[from] ability: Poison Heal
|upkeep
|turn|33
|
|t:|1760787049
|move|p2a: Gliscor|Knock Off|p1a: Slowking
|-supereffective|p1a: Slowking
|-damage|p1a: Slowking|0 fnt
|-enditem|p1a: Slowking|Heavy-Duty Boots|[from] move: Knock Off|[of] p2a: Gliscor
|faint|p1a: Slowking
|
|-heal|p2a: Gliscor|31/100 tox|[from] ability: Poison Heal
|-sideend|p2: Beile|move: Aurora Veil
|upkeep
|
|t:|1760787053
|switch|p1a: Meowscarada|Meowscarada, F|33/100
|turn|34
|
|t:|1760787064
|move|p1a: Meowscarada|Sucker Punch||[still]
|-fail|p1a: Meowscarada
|move|p2a: Gliscor|Swords Dance|p2a: Gliscor
|-boost|p2a: Gliscor|atk|2
|
|-heal|p2a: Gliscor|43/100 tox|[from] ability: Poison Heal
|upkeep
|turn|35
|-message|praveenkumart236 forfeited.
|
|win|Beile
|raw|praveenkumart236's rating: 1535 &rarr; <strong>1514</strong><br />(-21 for losing)
|raw|Beile's rating: 1513 &rarr; <strong>1534</strong><br />(+21 for winning)
|l|☆praveenkumart236
|player|p1|
|l|☆Beile
|player|p2|
