|j|☆NekroBlasphemer
|j|☆Der_Yuuuki
|t:|1760828192
|gametype|singles
|player|p1|NekroBlasphemer|fisherman-gen4|1138
|player|p2|Der_Yuuuki|n|1163
|gen|9
|tier|[Gen 9] OU
|rated|
|rule|HP Percentage Mod: HP is shown in percentages
|rule|Endless Battle Clause: Forcing endless battles is banned
|rule|Species Clause: Limit one of each Pokémon
|rule|OHKO Clause: OHKO moves are banned
|rule|Evasion Items Clause: Evasion items are banned
|rule|Evasion Moves Clause: Evasion moves are banned
|rule|Evasion Abilities Clause: Evasion abilities are banned
|rule|Sleep Moves Clause: Sleep-inducing moves are banned
|clearpoke
|poke|p1|Araquanid, F|
|poke|p1|Murkrow, M|
|poke|p1|Kingambit, F|
|poke|p1|Mamoswine, F|
|poke|p1|Quagsire, F|
|poke|p1|Pecharunt|
|poke|p2|Cinderace, F|
|poke|p2|Dragapult, F|
|poke|p2|Primarina, M|
|poke|p2|Meowscarada, M|
|poke|p2|Pecharunt|
|poke|p2|Great Tusk|
|teampreview
|
|t:|1760828206
|teamsize|p1|6
|teamsize|p2|6
|start
|switch|p1a: Araquanid|Araquanid, F|100/100
|switch|p2a: Meowscarada|Meowscarada, M|100/100
|turn|1
|
|t:|1760828221
|move|p2a: Meowscarada|Flower Trick|p1a: Araquanid
|-start|p2a: Meowscarada|typechange|Grass|[from] ability: Protean
|-crit|p1a: Araquanid
|-damage|p1a: Araquanid|28/100
|move|p1a: Araquanid|Sticky Web|p2a: Meowscarada
|-sidestart|p2: Der_Yuuuki|move: Sticky Web
|
|-heal|p1a: Araquanid|34/100|[from] item: Leftovers
|upkeep
|turn|2
|
|t:|1760828230
|-terastallize|p1a: Araquanid|Steel
|move|p2a: Meowscarada|Flower Trick|p1a: Araquanid
|-resisted|p1a: Araquanid
|-crit|p1a: Araquanid
|-damage|p1a: Araquanid|0 fnt
|faint|p1a: Araquanid
|
|upkeep
|
|t:|1760828252
|switch|p1a: Pecharunt|Pecharunt|100/100
|turn|3
|
|t:|1760828263
|switch|p2a: Cinderace|Cinderace, F|100/100
|-activate|p2a: Cinderace|move: Sticky Web
|-unboost|p2a: Cinderace|spe|1
|move|p1a: Pecharunt|Nasty Plot|p1a: Pecharunt
|-boost|p1a: Pecharunt|spa|2
|
|upkeep
|turn|4
|
|t:|1760828269
|move|p2a: Cinderace|Court Change|p2a: Cinderace
|-start|p2a: Cinderace|typechange|Normal|[from] ability: Libero
|-swapsideconditions
|-activate|p2a: Cinderace|move: Court Change
|move|p1a: Pecharunt|Malignant Chain|p2a: Cinderace
|-damage|p2a: Cinderace|0 fnt
|faint|p2a: Cinderace
|
|upkeep
|
|t:|1760828278
|switch|p2a: Dragapult|Dragapult, F|100/100
|turn|5
|
|t:|1760828286
|move|p2a: Dragapult|Shadow Ball|p1a: Pecharunt
|-supereffective|p1a: Pecharunt
|-damage|p1a: Pecharunt|0 fnt
|faint|p1a: Pecharunt
|
|upkeep
|
|t:|1760828291
|switch|p1a: Murkrow|Murkrow, M|100/100
|turn|6
|
|t:|1760828297
|switch|p2a: Great Tusk|Great Tusk|100/100
|move|p1a: Murkrow|Tailwind|p1a: Murkrow
|-sidestart|p1: NekroBlasphemer|move: Tailwind
|
|upkeep
|turn|7
|
|t:|1760828305
|move|p1a: Murkrow|Foul Play|p2a: Great Tusk
|-resisted|p2a: Great Tusk
|-damage|p2a: Great Tusk|84/100
|move|p2a: Great Tusk|Close Combat|p1a: Murkrow
|-damage|p1a: Murkrow|0 fnt
|-unboost|p2a: Great Tusk|def|1
|-unboost|p2a: Great Tusk|spd|1
|faint|p1a: Murkrow
|
|upkeep
|
|t:|1760828322
|switch|p1a: Quagsire|Quagsire, F|100/100
|-activate|p1a: Quagsire|move: Sticky Web
|-unboost|p1a: Quagsire|spe|1
|turn|8
|
|t:|1760828333
|-end|p2a: Great Tusk|Protosynthesis|[silent]
|switch|p2a: Meowscarada|Meowscarada, M|100/100
|move|p1a: Quagsire|Whirlpool|p2a: Meowscarada
|-resisted|p2a: Meowscarada
|-damage|p2a: Meowscarada|94/100
|-activate|p2a: Meowscarada|move: Whirlpool|[of] p1a: Quagsire
|
|-damage|p2a: Meowscarada|81/100|[from] move: Whirlpool|[partiallytrapped]
|upkeep
|turn|9
|
|t:|1760828347
|move|p1a: Quagsire|Protect|p1a: Quagsire
|-singleturn|p1a: Quagsire|Protect
|move|p2a: Meowscarada|Flower Trick|p1a: Quagsire
|-start|p2a: Meowscarada|typechange|Grass|[from] ability: Protean
|-activate|p1a: Quagsire|move: Protect
|
|-damage|p2a: Meowscarada|69/100|[from] move: Whirlpool|[partiallytrapped]
|-sideend|p1: NekroBlasphemer|move: Tailwind
|upkeep
|turn|10
|
|t:|1760828351
|switch|p1a: Kingambit|Kingambit, F|100/100
|-activate|p1a: Kingambit|move: Sticky Web
|-unboost|p1a: Kingambit|spe|1
|-activate|p1a: Kingambit|ability: Supreme Overlord
|-start|p1a: Kingambit|fallen3|[silent]
|move|p2a: Meowscarada|Flower Trick|p1a: Kingambit
|-resisted|p1a: Kingambit
|-crit|p1a: Kingambit
|-damage|p1a: Kingambit|75/100
|
|-end|p2a: Meowscarada|Whirlpool|[partiallytrapped]|[silent]
|upkeep
|turn|11
|
|t:|1760828359
|move|p2a: Meowscarada|Flower Trick|p1a: Kingambit
|-resisted|p1a: Kingambit
|-crit|p1a: Kingambit
|-damage|p1a: Kingambit|49/100
|move|p1a: Kingambit|Kowtow Cleave|p2a: Meowscarada
|-damage|p2a: Meowscarada|0 fnt
|faint|p2a: Meowscarada
|-damage|p1a: Kingambit|39/100|[from] item: Life Orb
|
|upkeep
|
|t:|1760828371
|switch|p2a: Great Tusk|Great Tusk|84/100
|turn|12
|
|t:|1760828385
|move|p1a: Kingambit|Sucker Punch|p2a: Great Tusk
|-resisted|p2a: Great Tusk
|-damage|p2a: Great Tusk|57/100
|-damage|p1a: Kingambit|29/100|[from] item: Life Orb
|move|p2a: Great Tusk|Close Combat|p1a: Kingambit
|-supereffective|p1a: Kingambit
|-damage|p1a: Kingambit|0 fnt
|-unboost|p2a: Great Tusk|def|1
|-unboost|p2a: Great Tusk|spd|1
|faint|p1a: Kingambit
|-end|p1a: Kingambit|fallen3|[silent]
|
|upkeep
|
|t:|1760828394
|switch|p1a: Mamoswine|Mamoswine, F|100/100
|-activate|p1a: Mamoswine|move: Sticky Web
|-unboost|p1a: Mamoswine|spe|1
|turn|13
|
|t:|1760828398
|move|p1a: Mamoswine|Ice Shard|p2a: Great Tusk
|-supereffective|p2a: Great Tusk
|-damage|p2a: Great Tusk|8/100
|move|p2a: Great Tusk|Stealth Rock|p1a: Mamoswine
|-sidestart|p1: NekroBlasphemer|move: Stealth Rock
|
|upkeep
|turn|14
|
|t:|1760828406
|move|p1a: Mamoswine|Ice Shard|p2a: Great Tusk
|-supereffective|p2a: Great Tusk
|-damage|p2a: Great Tusk|0 fnt
|faint|p2a: Great Tusk
|-end|p2a: Great Tusk|Protosynthesis|[silent]
|
|upkeep
|
|t:|1760828412
|switch|p2a: Primarina|Primarina, M|100/100
|turn|15
|
|t:|1760828420
|move|p2a: Primarina|Alluring Voice|p1a: Mamoswine
|-supereffective|p1a: Mamoswine
|-damage|p1a: Mamoswine|5/100
|move|p1a: Mamoswine|Iron Head|p2a: Primarina
|-damage|p2a: Primarina|66/100
|
|-heal|p2a: Primarina|72/100|[from] item: Leftovers
|-heal|p1a: Mamoswine|11/100|[from] item: Leftovers
|upkeep
|turn|16
|
|t:|1760828428
|move|p1a: Mamoswine|Ice Shard|p2a: Primarina
|-resisted|p2a: Primarina
|-damage|p2a: Primarina|59/100
|move|p2a: Primarina|Alluring Voice|p1a: Mamoswine
|-supereffective|p1a: Mamoswine
|-damage|p1a: Mamoswine|0 fnt
|faint|p1a: Mamoswine
|
|-heal|p2a: Primarina|65/100|[from] item: Leftovers
|upkeep
|
|t:|1760828430
|switch|p1a: Quagsire|Quagsire, F|100/100
|-activate|p1a: Quagsire|move: Sticky Web
|-unboost|p1a: Quagsire|spe|1
|-damage|p1a: Quagsire|94/100|[from] Stealth Rock
|turn|17
|
|t:|1760828437
|move|p2a: Primarina|Moonblast|p1a: Quagsire
|-damage|p1a: Quagsire|40/100
|move|p1a: Quagsire|Whirlpool|p2a: Primarina
|-resisted|p2a: Primarina
|-damage|p2a: Primarina|62/100
|-activate|p2a: Primarina|move: Whirlpool|[of] p1a: Quagsire
|
|-heal|p2a: Primarina|68/100|[from] item: Leftovers
|-heal|p1a: Quagsire|46/100|[from] item: Leftovers
|-damage|p2a: Primarina|56/100|[from] move: Whirlpool|[partiallytrapped]
|upkeep
|turn|18
|
|t:|1760828446
|move|p1a: Quagsire|Protect|p1a: Quagsire
|-singleturn|p1a: Quagsire|Protect
|move|p2a: Primarina|Moonblast|p1a: Quagsire
|-activate|p1a: Quagsire|move: Protect
|
|-heal|p2a: Primarina|62/100|[from] item: Leftovers
|-heal|p1a: Quagsire|52/100|[from] item: Leftovers
|-damage|p2a: Primarina|50/100|[from] move: Whirlpool|[partiallytrapped]
|upkeep
|turn|19
|
|t:|1760828448
|move|p2a: Primarina|Moonblast|p1a: Quagsire
|-damage|p1a: Quagsire|0 fnt
|faint|p1a: Quagsire
|
|win|Der_Yuuuki
|raw|NekroBlasphemer's rating: 1138 &rarr; <strong>1115</strong><br />(-23 for losing)
|raw|Der_Yuuuki's rating: 1163 &rarr; <strong>1186</strong><br />(+23 for winning)
|l|☆NekroBlasphemer
|player|p1|
|l|☆Der_Yuuuki
|player|p2|
