|j|☆bezos of the nasal
|j|☆MicrowaveHeart
|t:|1760833835
|gametype|singles
|player|p1|bezos of the nasal|#adpl|1763
|player|p2|MicrowaveHeart|workerice|1718
|gen|9
|tier|[Gen 9] OU
|rated|
|rule|HP Percentage Mod: HP is shown in percentages
|rule|Endless Battle Clause: Forcing endless battles is banned
|rule|Species Clause: Limit one of each Pokémon
|rule|OHKO Clause: OHKO moves are banned
|rule|Evasion Items Clause: Evasion items are banned
|rule|Evasion Moves Clause: Evasion moves are banned
|rule|Evasion Abilities Clause: Evasion abilities are banned
|rule|Sleep Moves Clause: Sleep-inducing moves are banned
|clearpoke
|poke|p1|Ninetales, F|
|poke|p1|Great Tusk|
|poke|p1|Walking Wake|
|poke|p1|Brute Bonnet|
|poke|p1|Talonflame, F|
|poke|p1|Hatterene, F|
|poke|p2|Gholdengo|
|poke|p2|Incineroar, M|
|poke|p2|Ogerpon-Wellspring, F|
|poke|p2|Iron Treads|
|poke|p2|Tornadus-Therian, M|
|poke|p2|Mamoswine, F|
|teampreview
|inactive|Battle timer is ON: inactive players will automatically lose when time's up. (requested by bezos of the nasal)
|inactive|bezos of the nasal has 120 seconds left.
|
|t:|1760833890
|teamsize|p1|6
|teamsize|p2|6
|start
|switch|p1a: Walking Wake|Walking Wake|100/100
|switch|p2a: Tornadus|Tornadus-Therian, M|100/100
|turn|1
|
|t:|1760833918
|-end|p1a: Walking Wake|Protosynthesis|[silent]
|switch|p1a: Talonflame|Talonflame, F|100/100
|move|p2a: Tornadus|Knock Off|p1a: Talonflame
|-damage|p1a: Talonflame|72/100
|-enditem|p1a: Talonflame|Heavy-Duty Boots|[from] move: Knock Off|[of] p2a: Tornadus
|
|upkeep
|turn|2
|
|t:|1760833933
|move|p1a: Talonflame|Swords Dance|p1a: Talonflame
|-boost|p1a: Talonflame|atk|2
|move|p2a: Tornadus|Bleakwind Storm|p1a: Talonflame
|-damage|p1a: Talonflame|14/100
|
|upkeep
|turn|3
|
|t:|1760833944
|switch|p2a: Incineroar|Incineroar, M|100/100
|-ability|p2a: Incineroar|Intimidate|boost
|-unboost|p1a: Talonflame|atk|1
|move|p1a: Talonflame|Swords Dance|p1a: Talonflame
|-boost|p1a: Talonflame|atk|2
|
|upkeep
|turn|4
|
|t:|1760833955
|move|p1a: Talonflame|Brave Bird|p2a: Incineroar
|-damage|p2a: Incineroar|21/100
|-damage|p1a: Talonflame|0 fnt|[from] Recoil
|faint|p1a: Talonflame
|move|p2a: Incineroar|Parting Shot|p1: Talonflame|[notarget]
|-fail|p2a: Incineroar
|
|upkeep
|inactive|bezos of the nasal has 120 seconds left.
|
|t:|1760834015
|switch|p1a: Ninetales|Ninetales, F|100/100
|-weather|SunnyDay|[from] ability: Drought|[of] p1a: Ninetales
|turn|5
|
|t:|1760834019
|move|p1a: Ninetales|Overheat|p2a: Incineroar
|-resisted|p2a: Incineroar
|-damage|p2a: Incineroar|0 fnt
|-unboost|p1a: Ninetales|spa|2
|faint|p2a: Incineroar
|
|-weather|SunnyDay|[upkeep]
|upkeep
|
|t:|1760834022
|switch|p2a: Tornadus|Tornadus-Therian, M|100/100
|turn|6
|
|t:|1760834026
|switch|p1a: Hatterene|Hatterene, F|100/100
|move|p2a: Tornadus|Knock Off|p1a: Hatterene
|-damage|p1a: Hatterene|83/100
|-enditem|p1a: Hatterene|Eject Button|[from] move: Knock Off|[of] p2a: Tornadus
|
|-weather|SunnyDay|[upkeep]
|upkeep
|turn|7
|j| AnUnfortunateGamer
|
|t:|1760834034
|switch|p1a: Walking Wake|Walking Wake|100/100
|-activate|p1a: Walking Wake|ability: Protosynthesis
|-start|p1a: Walking Wake|protosynthesisspe
|move|p2a: Tornadus|U-turn|p1a: Walking Wake
|-damage|p1a: Walking Wake|86/100
|
|t:|1760834042
|switch|p2a: Ogerpon|Ogerpon-Wellspring, F|100/100|[from] U-turn
|
|-weather|SunnyDay|[upkeep]
|upkeep
|turn|8
|inactive|bezos of the nasal has 120 seconds left.
|
|t:|1760834073
|-end|p1a: Walking Wake|Protosynthesis|[silent]
|switch|p1a: Brute Bonnet|Brute Bonnet|100/100
|-activate|p1a: Brute Bonnet|ability: Protosynthesis
|-start|p1a: Brute Bonnet|protosynthesisatk
|switch|p2a: Iron Treads|Iron Treads|100/100
|
|-weather|SunnyDay|[upkeep]
|upkeep
|turn|9
|
|t:|1760834087
|move|p2a: Iron Treads|Knock Off|p1a: Brute Bonnet
|-resisted|p1a: Brute Bonnet
|-damage|p1a: Brute Bonnet|90/100
|-enditem|p1a: Brute Bonnet|Leftovers|[from] move: Knock Off|[of] p2a: Iron Treads
|move|p1a: Brute Bonnet|Growth|p1a: Brute Bonnet
|-boost|p1a: Brute Bonnet|atk|2
|-boost|p1a: Brute Bonnet|spa|2
|
|-weather|SunnyDay|[upkeep]
|upkeep
|turn|10
|inactive|bezos of the nasal has 90 seconds left.
|inactive|MicrowaveHeart has 120 seconds left.
|
|t:|1760834128
|-end|p2a: Iron Treads|Quark Drive|[silent]
|switch|p2a: Mamoswine|Mamoswine, F, shiny|100/100
|move|p1a: Brute Bonnet|Crunch|p2a: Mamoswine
|-damage|p2a: Mamoswine|0 fnt
|faint|p2a: Mamoswine
|
|-weather|SunnyDay|[upkeep]
|upkeep
|inactive|MicrowaveHeart has 120 seconds left.
|l| AnUnfortunateGamer
|-message|MicrowaveHeart forfeited.
|
|win|bezos of the nasal
|raw|bezos of the nasal's rating: 1763 &rarr; <strong>1780</strong><br />(+17 for winning)
|raw|MicrowaveHeart's rating: 1718 &rarr; <strong>1701</strong><br />(-17 for losing)
|l|☆MicrowaveHeart
|player|p2|
|l|☆bezos of the nasal
|player|p1|
