|j|☆olaf-18
|j|☆nmx123
|t:|1760851499
|gametype|singles
|player|p1|olaf-18|102|1554
|player|p2|nmx123|2|1515
|gen|9
|tier|[Gen 9] OU
|rated|
|rule|HP Percentage Mod: HP is shown in percentages
|rule|Endless Battle Clause: Forcing endless battles is banned
|rule|Species Clause: Limit one of each Pokémon
|rule|OHKO Clause: OHKO moves are banned
|rule|Evasion Items Clause: Evasion items are banned
|rule|Evasion Moves Clause: Evasion moves are banned
|rule|Evasion Abilities Clause: Evasion abilities are banned
|rule|Sleep Moves Clause: Sleep-inducing moves are banned
|clearpoke
|poke|p1|Slowking-Galar, F|
|poke|p1|Armarouge, M|
|poke|p1|Gholdengo|
|poke|p1|Ursaluna, M|
|poke|p1|Great Tusk|
|poke|p1|Dragonite, M|
|poke|p2|Zamazenta-*|
|poke|p2|Gholdengo|
|poke|p2|Raging Bolt|
|poke|p2|Great Tusk|
|poke|p2|Dragonite, F|
|poke|p2|Alomomola, M|
|teampreview
|inactive|Battle timer is ON: inactive players will automatically lose when time's up. (requested by nmx123)
|
|t:|1760851503
|teamsize|p1|6
|teamsize|p2|6
|start
|switch|p1a: Great Tusk|Great Tusk|100/100
|switch|p2a: Dragonite|Dragonite, F|100/100
|-enditem|p1a: Great Tusk|Booster Energy
|-activate|p1a: Great Tusk|ability: Protosynthesis|[fromitem]
|-start|p1a: Great Tusk|protosynthesisatk
|turn|1
|
|t:|1760851513
|switch|p2a: Zamazenta|Zamazenta|100/100
|-ability|p2a: Zamazenta|Dauntless Shield|boost
|-boost|p2a: Zamazenta|def|1
|move|p1a: Great Tusk|Rapid Spin|p2a: Zamazenta
|-damage|p2a: Zamazenta|87/100
|-boost|p1a: Great Tusk|spe|1
|
|-heal|p2a: Zamazenta|93/100|[from] item: Leftovers
|upkeep
|turn|2
|
|t:|1760851517
|move|p2a: Zamazenta|Iron Defense|p2a: Zamazenta
|-boost|p2a: Zamazenta|def|2
|move|p1a: Great Tusk|Stealth Rock|p2a: Zamazenta
|-sidestart|p2: nmx123|move: Stealth Rock
|
|-heal|p2a: Zamazenta|99/100|[from] item: Leftovers
|upkeep
|turn|3
|
|t:|1760851521
|-end|p1a: Great Tusk|Protosynthesis|[silent]
|switch|p1a: Armarouge|Armarouge, M|100/100
|move|p2a: Zamazenta|Body Press|p1a: Armarouge
|-resisted|p1a: Armarouge
|-damage|p1a: Armarouge|57/100
|-ability|p1a: Armarouge|Weak Armor|boost
|-unboost|p1a: Armarouge|def|1
|-boost|p1a: Armarouge|spe|2
|
|-heal|p2a: Zamazenta|100/100|[from] item: Leftovers
|upkeep
|turn|4
|
|t:|1760851527
|move|p1a: Armarouge|Endure|p1a: Armarouge
|-singleturn|p1a: Armarouge|move: Endure
|move|p2a: Zamazenta|Body Press|p1a: Armarouge
|-resisted|p1a: Armarouge
|-activate|p1a: Armarouge|move: Endure
|-damage|p1a: Armarouge|1/100
|-ability|p1a: Armarouge|Weak Armor|boost
|-unboost|p1a: Armarouge|def|1
|-boost|p1a: Armarouge|spe|2
|
|upkeep
|turn|5
|
|t:|1760851536
|-terastallize|p2a: Zamazenta|Fire
|move|p1a: Armarouge|Armor Cannon|p2a: Zamazenta
|-resisted|p2a: Zamazenta
|-damage|p2a: Zamazenta|67/100
|-unboost|p1a: Armarouge|def|1
|-unboost|p1a: Armarouge|spd|1
|move|p2a: Zamazenta|Body Press|p1a: Armarouge
|-resisted|p1a: Armarouge
|-damage|p1a: Armarouge|0 fnt
|faint|p1a: Armarouge
|
|-heal|p2a: Zamazenta|73/100|[from] item: Leftovers
|upkeep
|
|t:|1760851543
|switch|p1a: Slowking|Slowking-Galar, F|100/100
|turn|6
|
|t:|1760851548
|move|p2a: Zamazenta|Crunch|p1a: Slowking
|-supereffective|p1a: Slowking
|-damage|p1a: Slowking|59/100
|move|p1a: Slowking|Trick Room|p1a: Slowking
|-fieldstart|move: Trick Room|[of] p1a: Slowking
|
|-heal|p2a: Zamazenta|79/100|[from] item: Leftovers
|upkeep
|turn|7
|
|t:|1760851552
|move|p1a: Slowking|Sludge Bomb|p2a: Zamazenta
|-crit|p2a: Zamazenta
|-damage|p2a: Zamazenta|12/100
|move|p2a: Zamazenta|Crunch|p1a: Slowking
|-supereffective|p1a: Slowking
|-damage|p1a: Slowking|15/100
|
|-heal|p2a: Zamazenta|18/100|[from] item: Leftovers
|upkeep
|turn|8
|
|t:|1760851561
|move|p1a: Slowking|Sludge Bomb|p2a: Zamazenta
|-damage|p2a: Zamazenta|0 fnt
|faint|p2a: Zamazenta
|
|upkeep
|
|t:|1760851562
|switch|p2a: Great Tusk|Great Tusk|100/100
|-damage|p2a: Great Tusk|97/100|[from] Stealth Rock
|turn|9
|
|t:|1760851568
|move|p1a: Slowking|Ice Beam|p2a: Great Tusk
|-supereffective|p2a: Great Tusk
|-damage|p2a: Great Tusk|38/100
|-status|p2a: Great Tusk|frz
|cant|p2a: Great Tusk|frz
|
|upkeep
|turn|10
|
|t:|1760851573
|move|p1a: Slowking|Ice Beam|p2a: Great Tusk
|-supereffective|p2a: Great Tusk
|-damage|p2a: Great Tusk|0 fnt
|faint|p2a: Great Tusk
|-end|p2a: Great Tusk|Protosynthesis|[silent]
|
|-fieldend|move: Trick Room
|upkeep
|
|t:|1760851577
|switch|p2a: Dragonite|Dragonite, F|100/100
|turn|11
|
|t:|1760851583
|move|p2a: Dragonite|Extreme Speed|p1a: Slowking
|-damage|p1a: Slowking|0 fnt
|faint|p1a: Slowking
|
|upkeep
|
|t:|1760851589
|switch|p1a: Dragonite|Dragonite, M|100/100
|turn|12
|
|t:|1760851594
|move|p2a: Dragonite|Dragon Dance|p2a: Dragonite
|-boost|p2a: Dragonite|atk|1
|-boost|p2a: Dragonite|spe|1
|move|p1a: Dragonite|Dragon Dance|p1a: Dragonite
|-boost|p1a: Dragonite|atk|1
|-boost|p1a: Dragonite|spe|1
|
|upkeep
|turn|13
|
|t:|1760851598
|-terastallize|p1a: Dragonite|Fairy
|move|p2a: Dragonite|Encore|p1a: Dragonite
|-start|p1a: Dragonite|Encore
|move|p1a: Dragonite|Dragon Dance|p1a: Dragonite
|-boost|p1a: Dragonite|atk|1
|-boost|p1a: Dragonite|spe|1
|
|upkeep
|turn|14
|
|t:|1760851607
|switch|p1a: Gholdengo|Gholdengo|100/100
|-item|p1a: Gholdengo|Air Balloon
|move|p2a: Dragonite|Extreme Speed|p1a: Gholdengo
|-immune|p1a: Gholdengo
|
|upkeep
|turn|15
|
|t:|1760851618
|switch|p2a: Alomomola|Alomomola, M|100/100
|move|p1a: Gholdengo|Shadow Ball|p2a: Alomomola
|-damage|p2a: Alomomola|67/100
|
|upkeep
|turn|16
|
|t:|1760851624
|move|p1a: Gholdengo|Nasty Plot|p1a: Gholdengo
|-boost|p1a: Gholdengo|spa|2
|move|p2a: Alomomola|Mirror Coat||[still]
|-fail|p2a: Alomomola
|
|upkeep
|turn|17
|
|t:|1760851629
|move|p1a: Gholdengo|Nasty Plot|p1a: Gholdengo
|-boost|p1a: Gholdengo|spa|2
|move|p2a: Alomomola|Flip Turn|p1a: Gholdengo
|-damage|p1a: Gholdengo|81/100
|-enditem|p1a: Gholdengo|Air Balloon
|
|t:|1760851631
|switch|p2a: Dragonite|Dragonite, F|100/100|[from] Flip Turn
|
|upkeep
|turn|18
|
|t:|1760851635
|move|p1a: Gholdengo|Make It Rain|p2a: Dragonite
|-damage|p2a: Dragonite|3/100
|-unboost|p1a: Gholdengo|spa|1
|move|p2a: Dragonite|Earthquake|p1a: Gholdengo
|-supereffective|p1a: Gholdengo
|-damage|p1a: Gholdengo|0 fnt
|faint|p1a: Gholdengo
|
|upkeep
|
|t:|1760851642
|switch|p1a: Great Tusk|Great Tusk|100/100
|turn|19
|
|t:|1760851649
|switch|p2a: Alomomola|Alomomola, M|99/100
|move|p1a: Great Tusk|Knock Off|p2a: Alomomola
|-damage|p2a: Alomomola|73/100
|-enditem|p2a: Alomomola|Heavy-Duty Boots|[from] move: Knock Off|[of] p1a: Great Tusk
|
|upkeep
|turn|20
|
|t:|1760851659
|move|p1a: Great Tusk|Headlong Rush|p2a: Alomomola
|-damage|p2a: Alomomola|16/100
|-unboost|p1a: Great Tusk|def|1
|-unboost|p1a: Great Tusk|spd|1
|move|p2a: Alomomola|Wish|p2a: Alomomola
|
|upkeep
|turn|21
|
|t:|1760851673
|move|p1a: Great Tusk|Rapid Spin|p2a: Alomomola
|-damage|p2a: Alomomola|2/100
|-boost|p1a: Great Tusk|spe|1
|move|p2a: Alomomola|Flip Turn|p1a: Great Tusk
|-supereffective|p1a: Great Tusk
|-damage|p1a: Great Tusk|68/100
|
|t:|1760851680
|switch|p2a: Dragonite|Dragonite, F|3/100|[from] Flip Turn
|
|-heal|p2a: Dragonite|85/100|[from] move: Wish|[wisher] Alomomola
|upkeep
|turn|22
|
|t:|1760851694
|-end|p1a: Great Tusk|Protosynthesis|[silent]
|switch|p1a: Dragonite|Dragonite, M, tera:Fairy|100/100
|move|p2a: Dragonite|Dragon Dance|p2a: Dragonite
|-boost|p2a: Dragonite|atk|1
|-boost|p2a: Dragonite|spe|1
|
|upkeep
|turn|23
|j| sixludicolos
|
|t:|1760851704
|move|p2a: Dragonite|Extreme Speed|p1a: Dragonite
|-damage|p1a: Dragonite|72/100
|move|p1a: Dragonite|Tera Blast|p2a: Dragonite|[anim] Tera Blast Fairy
|-supereffective|p2a: Dragonite
|-damage|p2a: Dragonite|0 fnt
|faint|p2a: Dragonite
|
|upkeep
|l| sixludicolos
|
|t:|1760851712
|switch|p2a: Gholdengo|Gholdengo|100/100
|-damage|p2a: Gholdengo|94/100|[from] Stealth Rock
|turn|24
|
|t:|1760851719
|move|p2a: Gholdengo|Shadow Ball|p1a: Dragonite
|-damage|p1a: Dragonite|31/100
|-unboost|p1a: Dragonite|spd|1
|move|p1a: Dragonite|Earthquake|p2a: Gholdengo
|-supereffective|p2a: Gholdengo
|-damage|p2a: Gholdengo|2/100
|
|upkeep
|turn|25
|
|t:|1760851723
|move|p2a: Gholdengo|Shadow Ball|p1a: Dragonite
|-damage|p1a: Dragonite|0 fnt
|faint|p1a: Dragonite
|
|upkeep
|
|t:|1760851724
|switch|p1a: Great Tusk|Great Tusk|68/100
|turn|26
|
|t:|1760851726
|move|p2a: Gholdengo|Shadow Ball|p1a: Great Tusk
|-damage|p1a: Great Tusk|3/100
|-unboost|p1a: Great Tusk|spd|1
|move|p1a: Great Tusk|Headlong Rush|p2a: Gholdengo
|-supereffective|p2a: Gholdengo
|-damage|p2a: Gholdengo|0 fnt
|-unboost|p1a: Great Tusk|def|1
|-unboost|p1a: Great Tusk|spd|1
|faint|p2a: Gholdengo
|
|upkeep
|
|t:|1760851735
|switch|p2a: Alomomola|Alomomola, M|36/100
|-damage|p2a: Alomomola|23/100|[from] Stealth Rock
|turn|27
|
|t:|1760851740
|move|p1a: Great Tusk|Headlong Rush|p2a: Alomomola
|-damage|p2a: Alomomola|0 fnt
|-unboost|p1a: Great Tusk|def|1
|-unboost|p1a: Great Tusk|spd|1
|faint|p2a: Alomomola
|
|upkeep
|
|t:|1760851741
|switch|p2a: Raging Bolt|Raging Bolt|100/100
|-damage|p2a: Raging Bolt|88/100|[from] Stealth Rock
|turn|28
|
|t:|1760851743
|move|p1a: Great Tusk|Headlong Rush|p2a: Raging Bolt
|-supereffective|p2a: Raging Bolt
|-crit|p2a: Raging Bolt
|-damage|p2a: Raging Bolt|0 fnt
|-unboost|p1a: Great Tusk|def|1
|-unboost|p1a: Great Tusk|spd|1
|faint|p2a: Raging Bolt
|-end|p2a: Raging Bolt|Protosynthesis|[silent]
|
|win|olaf-18
|raw|olaf-18's rating: 1554 &rarr; <strong>1572</strong><br />(+18 for winning)
|raw|nmx123's rating: 1515 &rarr; <strong>1497</strong><br />(-18 for losing)
|l|☆nmx123
|player|p2|
|l|☆olaf-18
|player|p1|
