|j|☆spudcutter
|j|☆powerfull_rock
|t:|1760789326
|gametype|singles
|player|p1|spudcutter|ghetsis-gen5bw|1653
|player|p2|powerfull_rock|blackbelt|1731
|gen|9
|tier|[Gen 9] OU
|rated|
|rule|HP Percentage Mod: HP is shown in percentages
|rule|Endless Battle Clause: Forcing endless battles is banned
|rule|Species Clause: Limit one of each Pokémon
|rule|OHKO Clause: OHKO moves are banned
|rule|Evasion Items Clause: Evasion items are banned
|rule|Evasion Moves Clause: Evasion moves are banned
|rule|Evasion Abilities Clause: Evasion abilities are banned
|rule|Sleep Moves Clause: Sleep-inducing moves are banned
|clearpoke
|poke|p1|Kingambit, M|
|poke|p1|Dragapult, F|
|poke|p1|Great Tusk|
|poke|p1|Slowking-Galar, M|
|poke|p1|Darkrai|
|poke|p1|Dondozo, M|
|poke|p2|Clodsire, M|
|poke|p2|Conkeldurr, F|
|poke|p2|Enamorus, F|
|poke|p2|Ceruledge, M|
|poke|p2|Skarmory, M|
|poke|p2|Sinistcha|
|teampreview
|inactive|Battle timer is ON: inactive players will automatically lose when time's up. (requested by spudcutter)
|j| Disscratch
|
|t:|1760789345
|teamsize|p1|6
|teamsize|p2|6
|start
|switch|p1a: Dragapult|Dragapult, F|100/100
|switch|p2a: Wide Shoulder|Conkeldurr, F, shiny|100/100
|turn|1
|
|t:|1760789349
|move|p1a: Dragapult|Dragon Darts|p2a: Wide Shoulder
|-damage|p2a: Wide Shoulder|76/100
|-anim|p1a: Dragapult|Dragon Darts|p2a: Wide Shoulder
|-damage|p2a: Wide Shoulder|52/100
|move|p2a: Wide Shoulder|Knock Off|p1a: Dragapult
|-supereffective|p1a: Dragapult
|-damage|p1a: Dragapult|0 fnt
|-enditem|p1a: Dragapult|Heavy-Duty Boots|[from] move: Knock Off|[of] p2a: Wide Shoulder
|faint|p1a: Dragapult
|
|-status|p2a: Wide Shoulder|brn|[from] item: Flame Orb
|upkeep
|
|t:|1760789357
|switch|p1a: Great Tusk|Great Tusk|100/100
|turn|2
|
|t:|1760789360
|move|p1a: Great Tusk|Headlong Rush|p2a: Wide Shoulder
|-damage|p2a: Wide Shoulder|0 fnt
|-unboost|p1a: Great Tusk|def|1
|-unboost|p1a: Great Tusk|spd|1
|faint|p2a: Wide Shoulder
|
|upkeep
|
|t:|1760789363
|switch|p2a: Love Snake|Enamorus, F|100/100
|turn|3
|
|t:|1760789365
|switch|p2a: Clean Edge|Ceruledge, M|100/100
|-end|p1a: Great Tusk|Protosynthesis|[silent]
|switch|p1a: Slowking|Slowking-Galar, M|100/100
|
|upkeep
|turn|4
|
|t:|1760789369
|switch|p1a: Dondozo|Dondozo, M|100/100
|move|p2a: Clean Edge|Poltergeist|p1a: Dondozo|[miss]
|-miss|p2a: Clean Edge|p1a: Dondozo
|
|upkeep
|turn|5
|
|t:|1760789376
|switch|p2a: Fat Body|Clodsire, M, shiny|100/100
|switch|p1a: Kingambit|Kingambit, M|100/100
|
|upkeep
|turn|6
|
|t:|1760789381
|move|p1a: Kingambit|Kowtow Cleave|p2a: Fat Body
|-damage|p2a: Fat Body|58/100
|move|p2a: Fat Body|Earthquake|p1a: Kingambit
|-supereffective|p1a: Kingambit
|-damage|p1a: Kingambit|58/100
|
|-heal|p1a: Kingambit|65/100|[from] item: Leftovers
|-heal|p2a: Fat Body|65/100|[from] item: Leftovers
|upkeep
|turn|7
|
|t:|1760789385
|switch|p1a: Slowking|Slowking-Galar, M|100/100
|switch|p2a: Broken Vessel|Sinistcha, shiny|100/100
|
|upkeep
|turn|8
|
|t:|1760789391
|move|p2a: Broken Vessel|Shadow Ball|p1a: Slowking
|-supereffective|p1a: Slowking
|-damage|p1a: Slowking|63/100
|move|p1a: Slowking|Sludge Bomb|p2a: Broken Vessel
|-damage|p2a: Broken Vessel|48/100
|-status|p2a: Broken Vessel|psn
|
|-damage|p2a: Broken Vessel|36/100 psn|[from] psn
|upkeep
|turn|9
|
|t:|1760789398
|move|p2a: Broken Vessel|Shadow Ball|p1a: Slowking
|-supereffective|p1a: Slowking
|-damage|p1a: Slowking|31/100
|move|p1a: Slowking|Psyshock|p2a: Broken Vessel
|-damage|p2a: Broken Vessel|5/100 psn
|
|-damage|p2a: Broken Vessel|0 fnt|[from] psn
|faint|p2a: Broken Vessel
|upkeep
|
|t:|1760789403
|switch|p2a: Love Snake|Enamorus, F|100/100
|turn|10
|j| Puyu Paz
|
|t:|1760789405
|switch|p1a: Darkrai|Darkrai|100/100
|move|p2a: Love Snake|Earth Power|p1a: Darkrai
|-damage|p1a: Darkrai|57/100
|
|-heal|p1a: Darkrai|63/100|[from] item: Leftovers
|upkeep
|turn|11
|
|t:|1760789409
|move|p1a: Darkrai|Substitute|p1a: Darkrai
|-start|p1a: Darkrai|Substitute
|-damage|p1a: Darkrai|38/100
|move|p2a: Love Snake|Moonblast|p1a: Darkrai
|-supereffective|p1a: Darkrai
|-end|p1a: Darkrai|Substitute
|
|-heal|p1a: Darkrai|44/100|[from] item: Leftovers
|upkeep
|turn|12
|
|t:|1760789411
|switch|p2a: Metal Wing|Skarmory, M|100/100
|move|p1a: Darkrai|Sludge Bomb|p2a: Metal Wing
|-immune|p2a: Metal Wing
|
|-heal|p1a: Darkrai|50/100|[from] item: Leftovers
|upkeep
|turn|13
|j| Dragonlatios1
|
|t:|1760789416
|move|p1a: Darkrai|Dark Pulse|p2a: Metal Wing
|-damage|p2a: Metal Wing|59/100
|move|p2a: Metal Wing|Brave Bird|p1a: Darkrai
|-damage|p1a: Darkrai|3/100
|-damage|p2a: Metal Wing|46/100|[from] Recoil
|
|-heal|p1a: Darkrai|9/100|[from] item: Leftovers
|-heal|p2a: Metal Wing|52/100|[from] item: Leftovers
|upkeep
|turn|14
|
|t:|1760789421
|move|p1a: Darkrai|Nasty Plot|p1a: Darkrai
|-boost|p1a: Darkrai|spa|2
|move|p2a: Metal Wing|Roost|p2a: Metal Wing
|-heal|p2a: Metal Wing|100/100
|-singleturn|p2a: Metal Wing|move: Roost
|
|-heal|p1a: Darkrai|15/100|[from] item: Leftovers
|upkeep
|turn|15
|
|t:|1760789423
|move|p1a: Darkrai|Dark Pulse|p2a: Metal Wing
|-damage|p2a: Metal Wing|25/100
|move|p2a: Metal Wing|Brave Bird|p1a: Darkrai
|-damage|p1a: Darkrai|0 fnt
|faint|p1a: Darkrai
|-damage|p2a: Metal Wing|21/100|[from] Recoil
|
|-heal|p2a: Metal Wing|27/100|[from] item: Leftovers
|upkeep
|
|t:|1760789427
|switch|p1a: Great Tusk|Great Tusk|100/100
|turn|16
|
|t:|1760789430
|move|p1a: Great Tusk|Temper Flare|p2a: Metal Wing
|-supereffective|p2a: Metal Wing
|-damage|p2a: Metal Wing|0 fnt
|faint|p2a: Metal Wing
|
|upkeep
|
|t:|1760789434
|switch|p2a: Clean Edge|Ceruledge, M|100/100
|turn|17
|
|t:|1760789437
|-end|p1a: Great Tusk|Protosynthesis|[silent]
|switch|p1a: Dondozo|Dondozo, M|100/100
|-terastallize|p2a: Clean Edge|Bug
|move|p2a: Clean Edge|Bulk Up|p2a: Clean Edge
|-boost|p2a: Clean Edge|atk|1
|-boost|p2a: Clean Edge|def|1
|
|upkeep
|turn|18
|
|t:|1760789439
|switch|p2a: Fat Body|Clodsire, M, shiny|65/100
|move|p1a: Dondozo|Waterfall|p2a: Fat Body
|-heal|p2a: Fat Body|90/100|[from] ability: Water Absorb|[of] p1a: Dondozo
|
|-heal|p2a: Fat Body|96/100|[from] item: Leftovers
|upkeep
|turn|19
|
|t:|1760789444
|switch|p1a: Great Tusk|Great Tusk|100/100
|move|p2a: Fat Body|Toxic|p1a: Great Tusk
|-status|p1a: Great Tusk|tox
|
|-heal|p2a: Fat Body|100/100|[from] item: Leftovers
|-damage|p1a: Great Tusk|94/100 tox|[from] psn
|upkeep
|turn|20
|
|t:|1760789450
|move|p1a: Great Tusk|Ice Spinner|p2a: Fat Body
|-supereffective|p2a: Fat Body
|-damage|p2a: Fat Body|58/100
|move|p2a: Fat Body|Stealth Rock|p1a: Great Tusk
|-sidestart|p1: spudcutter|move: Stealth Rock
|
|-heal|p1a: Great Tusk|100/100 tox|[from] item: Leftovers
|-heal|p2a: Fat Body|65/100|[from] item: Leftovers
|-damage|p1a: Great Tusk|88/100 tox|[from] psn
|upkeep
|turn|21
|
|t:|1760789452
|move|p1a: Great Tusk|Headlong Rush|p2a: Fat Body
|-supereffective|p2a: Fat Body
|-damage|p2a: Fat Body|0 fnt
|-unboost|p1a: Great Tusk|def|1
|-unboost|p1a: Great Tusk|spd|1
|faint|p2a: Fat Body
|
|-heal|p1a: Great Tusk|94/100 tox|[from] item: Leftovers
|-damage|p1a: Great Tusk|76/100 tox|[from] psn
|upkeep
|
|t:|1760789454
|switch|p2a: Love Snake|Enamorus, F|100/100
|turn|22
|
|t:|1760789457
|-end|p1a: Great Tusk|Protosynthesis|[silent]
|switch|p1a: Slowking|Slowking-Galar, M|64/100
|-damage|p1a: Slowking|52/100|[from] Stealth Rock
|move|p2a: Love Snake|Substitute|p2a: Love Snake
|-start|p2a: Love Snake|Substitute
|-damage|p2a: Love Snake|76/100
|
|-heal|p2a: Love Snake|82/100|[from] item: Leftovers
|upkeep
|turn|23
|
|t:|1760789461
|move|p2a: Love Snake|Earth Power|p1a: Slowking
|-supereffective|p1a: Slowking
|-damage|p1a: Slowking|19/100
|move|p1a: Slowking|Sludge Bomb|p2a: Love Snake
|-supereffective|p2a: Love Snake
|-end|p2a: Love Snake|Substitute
|
|-heal|p2a: Love Snake|88/100|[from] item: Leftovers
|upkeep
|turn|24
|
|t:|1760789469
|-terastallize|p1a: Slowking|Grass
|move|p2a: Love Snake|Earth Power|p1a: Slowking
|-resisted|p1a: Slowking
|-damage|p1a: Slowking|11/100
|move|p1a: Slowking|Sludge Bomb|p2a: Love Snake
|-supereffective|p2a: Love Snake
|-damage|p2a: Love Snake|0 fnt
|faint|p2a: Love Snake
|
|upkeep
|
|t:|1760789472
|switch|p2a: Clean Edge|Ceruledge, M, tera:Bug|100/100
|turn|25
|
|t:|1760789475
|move|p2a: Clean Edge|Bitter Blade|p1a: Slowking
|-supereffective|p1a: Slowking
|-damage|p1a: Slowking|0 fnt
|faint|p1a: Slowking
|
|upkeep
|
|t:|1760789476
|switch|p1a: Dondozo|Dondozo, M|100/100
|-damage|p1a: Dondozo|88/100|[from] Stealth Rock
|turn|26
|-message|powerfull_rock forfeited.
|
|win|spudcutter
|raw|spudcutter's rating: 1653 &rarr; <strong>1677</strong><br />(+24 for winning)
|raw|powerfull_rock's rating: 1731 &rarr; <strong>1707</strong><br />(-24 for losing)
|l|☆powerfull_rock
|player|p2|
|l|☆spudcutter
|player|p1|
|l| Dragonlatios1
|l| Puyu Paz
|l| Disscratch
