|j|☆Fini di Canne
|j|☆Izerous
|t:|1760760069
|gametype|singles
|player|p1|Fini di Canne|guitarist-gen4|1292
|player|p2|Izerous|wally|1311
|gen|9
|tier|[Gen 9] OU
|rated|
|rule|HP Percentage Mod: HP is shown in percentages
|rule|Endless Battle Clause: Forcing endless battles is banned
|rule|Species Clause: Limit one of each Pokémon
|rule|OHKO Clause: OHKO moves are banned
|rule|Evasion Items Clause: Evasion items are banned
|rule|Evasion Moves Clause: Evasion moves are banned
|rule|Evasion Abilities Clause: Evasion abilities are banned
|rule|Sleep Moves Clause: Sleep-inducing moves are banned
|clearpoke
|poke|p1|Ceruledge, M|
|poke|p1|Darkrai|
|poke|p1|Dragonite, F|
|poke|p1|Zamazenta-*|
|poke|p1|Enamorus, F|
|poke|p1|Glimmora, F|
|poke|p2|Gallade, M|
|poke|p2|Weezing-Galar, F|
|poke|p2|Lokix, F|
|poke|p2|Goodra-Hisui, M|
|poke|p2|Swampert, M|
|poke|p2|Cinderace, M|
|teampreview
|
|t:|1760760083
|teamsize|p1|6
|teamsize|p2|6
|start
|switch|p1a: Darkrai|Darkrai|100/100
|switch|p2a: Swampert|Swampert, M|100/100
|turn|1
|
|t:|1760760089
|move|p1a: Darkrai|Nasty Plot|p1a: Darkrai
|-boost|p1a: Darkrai|spa|2
|move|p2a: Swampert|Liquidation|p1a: Darkrai
|-damage|p1a: Darkrai|52/100
|
|-heal|p1a: Darkrai|58/100|[from] item: Leftovers
|upkeep
|turn|2
|
|t:|1760760095
|move|p1a: Darkrai|Dark Pulse|p2a: Swampert
|-damage|p2a: Swampert|56/100
|move|p2a: Swampert|Earthquake|p1a: Darkrai
|-damage|p1a: Darkrai|1/100
|
|-heal|p1a: Darkrai|7/100|[from] item: Leftovers
|upkeep
|turn|3
|
|t:|1760760100
|move|p1a: Darkrai|Dark Pulse|p2a: Swampert
|-damage|p2a: Swampert|6/100
|move|p2a: Swampert|Earthquake|p1a: Darkrai
|-damage|p1a: Darkrai|0 fnt
|faint|p1a: Darkrai
|
|upkeep
|
|t:|1760760128
|switch|p1a: Dragonite|Dragonite, F|100/100
|turn|4
|
|t:|1760760133
|move|p1a: Dragonite|Earthquake|p2a: Swampert
|-damage|p2a: Swampert|0 fnt
|faint|p2a: Swampert
|
|upkeep
|
|t:|1760760139
|switch|p2a: Weezing|Weezing-Galar, F|100/100
|turn|5
|
|t:|1760760148
|switch|p1a: Glimmora|Glimmora, F|100/100
|move|p2a: Weezing|Will-O-Wisp|p1a: Glimmora
|-status|p1a: Glimmora|brn
|
|-damage|p1a: Glimmora|94/100 brn|[from] brn
|upkeep
|turn|6
|
|t:|1760760154
|switch|p2a: Goodra|Goodra-Hisui, M|100/100
|move|p1a: Glimmora|Earth Power|p2a: Goodra
|-supereffective|p2a: Goodra
|-crit|p2a: Goodra
|-damage|p2a: Goodra|60/100
|
|-damage|p1a: Glimmora|88/100 brn|[from] brn
|upkeep
|turn|7
|
|t:|1760760163
|move|p1a: Glimmora|Stealth Rock|p2a: Goodra
|-sidestart|p2: Izerous|move: Stealth Rock
|move|p2a: Goodra|Flash Cannon|p1a: Glimmora
|-supereffective|p1a: Glimmora
|-damage|p1a: Glimmora|0 fnt
|faint|p1a: Glimmora
|
|upkeep
|
|t:|1760760169
|switch|p1a: Zamazenta|Zamazenta|100/100
|-ability|p1a: Zamazenta|Dauntless Shield|boost
|-boost|p1a: Zamazenta|def|1
|turn|8
|
|t:|1760760178
|move|p1a: Zamazenta|Iron Defense|p1a: Zamazenta
|-boost|p1a: Zamazenta|def|2
|move|p2a: Goodra|Draco Meteor|p1a: Zamazenta
|-damage|p1a: Zamazenta|54/100
|-unboost|p2a: Goodra|spa|2
|
|-heal|p1a: Zamazenta|60/100|[from] item: Leftovers
|upkeep
|turn|9
|
|t:|1760760183
|move|p1a: Zamazenta|Body Press|p2a: Goodra
|-supereffective|p2a: Goodra
|-damage|p2a: Goodra|0 fnt
|-ability|p2a: Goodra|Gooey
|-unboost|p1a: Zamazenta|spe|1
|faint|p2a: Goodra
|
|-heal|p1a: Zamazenta|66/100|[from] item: Leftovers
|upkeep
|
|t:|1760760189
|switch|p2a: Gallade|Gallade, M|100/100
|-damage|p2a: Gallade|94/100|[from] Stealth Rock
|turn|10
|
|t:|1760760205
|-terastallize|p1a: Zamazenta|Steel
|move|p2a: Gallade|Psycho Cut|p1a: Zamazenta
|-resisted|p1a: Zamazenta
|-damage|p1a: Zamazenta|59/100
|move|p1a: Zamazenta|Body Press|p2a: Gallade
|-resisted|p2a: Gallade
|-damage|p2a: Gallade|26/100
|
|-heal|p1a: Zamazenta|65/100|[from] item: Leftovers
|upkeep
|turn|11
|
|t:|1760760217
|switch|p2a: Weezing|Weezing-Galar, F|100/100
|-damage|p2a: Weezing|88/100|[from] Stealth Rock
|switch|p1a: Enamorus|Enamorus, F|100/100
|
|-heal|p2a: Weezing|94/100|[from] item: Black Sludge
|upkeep
|turn|12
|
|t:|1760760225
|switch|p1a: Ceruledge|Ceruledge, M|100/100
|move|p2a: Weezing|Will-O-Wisp|p1a: Ceruledge
|-immune|p1a: Ceruledge
|
|-heal|p2a: Weezing|99/100|[from] item: Black Sludge
|upkeep
|turn|13
|
|t:|1760760234
|switch|p2a: Lokix|Lokix, F|100/100
|-damage|p2a: Lokix|76/100|[from] Stealth Rock
|move|p1a: Ceruledge|Swords Dance|p1a: Ceruledge
|-boost|p1a: Ceruledge|atk|2
|
|upkeep
|turn|14
|
|t:|1760760242
|-terastallize|p2a: Lokix|Dark
|move|p2a: Lokix|Knock Off|p1a: Ceruledge
|-supereffective|p1a: Ceruledge
|-enditem|p1a: Ceruledge|Focus Sash
|-damage|p1a: Ceruledge|1/100
|-ability|p1a: Ceruledge|Weak Armor|boost
|-unboost|p1a: Ceruledge|def|1
|-boost|p1a: Ceruledge|spe|2
|-damage|p2a: Lokix|66/100|[from] item: Life Orb
|move|p1a: Ceruledge|Bitter Blade|p2a: Lokix
|-damage|p2a: Lokix|0 fnt
|-heal|p1a: Ceruledge|33/100|[from] drain|[of] p2a: Lokix
|faint|p2a: Lokix
|
|upkeep
|
|t:|1760760253
|switch|p2a: Cinderace|Cinderace, M|100/100
|turn|15
|
|t:|1760760259
|move|p1a: Ceruledge|Shadow Sneak|p2a: Cinderace
|-damage|p2a: Cinderace|45/100
|move|p2a: Cinderace|Sucker Punch||[still]
|-fail|p2a: Cinderace
|
|upkeep
|turn|16
|
|t:|1760760264
|move|p1a: Ceruledge|Shadow Sneak|p2a: Cinderace
|-damage|p2a: Cinderace|0 fnt
|faint|p2a: Cinderace
|
|upkeep
|
|t:|1760760267
|switch|p2a: Weezing|Weezing-Galar, F|99/100
|-damage|p2a: Weezing|88/100|[from] Stealth Rock
|turn|17
|
|t:|1760760269
|move|p1a: Ceruledge|Bitter Blade|p2a: Weezing
|-damage|p2a: Weezing|15/100
|-heal|p1a: Ceruledge|73/100|[from] drain|[of] p2a: Weezing
|move|p2a: Weezing|Strange Steam|p1a: Ceruledge|[miss]
|-miss|p2a: Weezing|p1a: Ceruledge
|
|-heal|p2a: Weezing|21/100|[from] item: Black Sludge
|upkeep
|turn|18
|-message|Izerous forfeited.
|
|win|Fini di Canne
|raw|Fini di Canne's rating: 1292 &rarr; <strong>1318</strong><br />(+26 for winning)
|raw|Izerous's rating: 1311 &rarr; <strong>1290</strong><br />(-21 for losing)
|l|☆Izerous
|player|p2|
|l|☆Fini di Canne
|player|p1|
