|j|☆wangischangis
|j|☆killingnath
|t:|1760848871
|gametype|singles
|player|p1|wangischangis|170|1183
|player|p2|killingnath|170|1155
|gen|9
|tier|[Gen 9] OU
|rated|
|rule|HP Percentage Mod: HP is shown in percentages
|rule|Endless Battle Clause: Forcing endless battles is banned
|rule|Species Clause: Limit one of each Pokémon
|rule|OHKO Clause: OHKO moves are banned
|rule|Evasion Items Clause: Evasion items are banned
|rule|Evasion Moves Clause: Evasion moves are banned
|rule|Evasion Abilities Clause: Evasion abilities are banned
|rule|Sleep Moves Clause: Sleep-inducing moves are banned
|clearpoke
|poke|p1|Alomomola, F|
|poke|p1|Scizor, M|
|poke|p1|Incineroar, M|
|poke|p1|Porygon2|
|poke|p1|Glimmora, M|
|poke|p1|Gliscor, F|
|poke|p2|Noivern, M|
|poke|p2|Heatran, F|
|poke|p2|Scizor, M|
|poke|p2|Chandelure, M|
|poke|p2|Dragapult, F|
|poke|p2|Ogerpon-Wellspring, F|
|teampreview
|inactive|Battle timer is ON: inactive players will automatically lose when time's up. (requested by killingnath)
|
|t:|1760848890
|teamsize|p1|6
|teamsize|p2|6
|start
|switch|p1a: Gliscor|Gliscor, F|100/100
|switch|p2a: Noivern|Noivern, M|100/100
|turn|1
|
|t:|1760848896
|-terastallize|p2a: Noivern|Normal
|move|p1a: Gliscor|Protect|p1a: Gliscor
|-singleturn|p1a: Gliscor|Protect
|move|p2a: Noivern|Boomburst|p1a: Gliscor
|-activate|p1a: Gliscor|move: Protect
|
|-status|p1a: Gliscor|tox|[from] item: Toxic Orb
|upkeep
|turn|2
|
|t:|1760848901
|move|p2a: Noivern|Boomburst|p1a: Gliscor
|-damage|p1a: Gliscor|12/100 tox
|move|p1a: Gliscor|Stealth Rock|p2a: Noivern
|-sidestart|p2: killingnath|move: Stealth Rock
|
|-heal|p1a: Gliscor|25/100 tox|[from] ability: Poison Heal
|upkeep
|turn|3
|
|t:|1760848904
|move|p1a: Gliscor|Protect|p1a: Gliscor
|-singleturn|p1a: Gliscor|Protect
|move|p2a: Noivern|Boomburst|p1a: Gliscor
|-activate|p1a: Gliscor|move: Protect
|
|-heal|p1a: Gliscor|37/100 tox|[from] ability: Poison Heal
|upkeep
|turn|4
|
|t:|1760848916
|switch|p1a: Incineroar|Incineroar, M|100/100
|-ability|p1a: Incineroar|Intimidate|boost
|-unboost|p2a: Noivern|atk|1
|move|p2a: Noivern|Boomburst|p1a: Incineroar
|-damage|p1a: Incineroar|10/100
|
|-heal|p1a: Incineroar|16/100|[from] item: Leftovers
|upkeep
|turn|5
|
|t:|1760848919
|move|p1a: Incineroar|Fake Out|p2a: Noivern
|-damage|p2a: Noivern|82/100
|cant|p2a: Noivern|flinch
|
|-heal|p1a: Incineroar|22/100|[from] item: Leftovers
|upkeep
|turn|6
|inactive|wangischangis has 120 seconds left.
|
|t:|1760848957
|switch|p1a: Scizor|Scizor, M|100/100
|move|p2a: Noivern|Boomburst|p1a: Scizor
|-resisted|p1a: Scizor
|-damage|p1a: Scizor|67/100
|
|upkeep
|turn|7
|inactive|wangischangis has 120 seconds left.
|
|t:|1760848968
|switch|p2a: Chandelure|Chandelure, M|100/100
|-damage|p2a: Chandelure|76/100|[from] Stealth Rock
|-terastallize|p1a: Scizor|Poison
|move|p1a: Scizor|Bullet Punch|p2a: Chandelure
|-resisted|p2a: Chandelure
|-damage|p2a: Chandelure|53/100
|
|upkeep
|turn|8
|
|t:|1760848972
|switch|p1a: Alomomola|Alomomola, F|100/100
|move|p2a: Chandelure|Fire Blast|p1a: Alomomola
|-resisted|p1a: Alomomola
|-damage|p1a: Alomomola|57/100
|-enditem|p1a: Alomomola|Eject Button
|
|t:|1760848980
|switch|p1a: Gliscor|Gliscor, F|37/100 tox
|
|-heal|p1a: Gliscor|50/100 tox|[from] ability: Poison Heal
|upkeep
|turn|9
|
|t:|1760848985
|move|p1a: Gliscor|Protect|p1a: Gliscor
|-singleturn|p1a: Gliscor|Protect
|move|p2a: Chandelure|Fire Blast|p1a: Gliscor
|-activate|p1a: Gliscor|move: Protect
|
|-heal|p1a: Gliscor|62/100 tox|[from] ability: Poison Heal
|upkeep
|turn|10
|
|t:|1760848991
|switch|p2a: Noivern|Noivern, M, tera:Normal|82/100
|-damage|p2a: Noivern|69/100|[from] Stealth Rock
|move|p1a: Gliscor|Earthquake|p2a: Noivern
|-damage|p2a: Noivern|18/100
|
|-heal|p1a: Gliscor|74/100 tox|[from] ability: Poison Heal
|upkeep
|turn|11
|
|t:|1760849000
|move|p1a: Gliscor|Protect|p1a: Gliscor
|-singleturn|p1a: Gliscor|Protect
|move|p2a: Noivern|Flamethrower|p1a: Gliscor
|-activate|p1a: Gliscor|move: Protect
|
|-heal|p1a: Gliscor|87/100 tox|[from] ability: Poison Heal
|upkeep
|turn|12
|-message|killingnath forfeited.
|
|win|wangischangis
|raw|wangischangis's rating: 1183 &rarr; <strong>1206</strong><br />(+23 for winning)
|raw|killingnath's rating: 1155 &rarr; <strong>1132</strong><br />(-23 for losing)
|l|☆killingnath
|player|p2|
|l|☆wangischangis
|player|p1|
