|j|☆ay cheu
|j|☆GODKUD
|t:|1760751505
|gametype|singles
|player|p1|ay cheu|riley|1475
|player|p2|GODKUD|ghetsis|1500
|gen|9
|tier|[Gen 9] OU
|rated|
|rule|HP Percentage Mod: HP is shown in percentages
|rule|Endless Battle Clause: Forcing endless battles is banned
|rule|Species Clause: Limit one of each Pokémon
|rule|OHKO Clause: OHKO moves are banned
|rule|Evasion Items Clause: Evasion items are banned
|rule|Evasion Moves Clause: Evasion moves are banned
|rule|Evasion Abilities Clause: Evasion abilities are banned
|rule|Sleep Moves Clause: Sleep-inducing moves are banned
|clearpoke
|poke|p1|Arcanine-Hisui, M|
|poke|p1|Hydreigon, M|
|poke|p1|Sandy Shocks|
|poke|p1|Jirachi|
|poke|p1|Noivern, M|
|poke|p1|Azumarill, M|
|poke|p2|Alomomola, F|
|poke|p2|Garchomp, M|
|poke|p2|Rillaboom, F|
|poke|p2|Tyranitar, F|
|poke|p2|Cinderace, M|
|poke|p2|Hatterene, F|
|teampreview
|inactive|Battle timer is ON: inactive players will automatically lose when time's up. (requested by ay cheu)
|
|t:|1760751523
|teamsize|p1|6
|teamsize|p2|6
|start
|switch|p1a: Hydreigon|Hydreigon, M|100/100
|switch|p2a: Garchomp|Garchomp, M|100/100
|turn|1
|
|t:|1760751527
|switch|p2a: Tyranitar|Tyranitar, F|100/100
|-weather|Sandstorm|[from] ability: Sand Stream|[of] p2a: Tyranitar
|move|p1a: Hydreigon|Draco Meteor|p2a: Tyranitar
|-damage|p2a: Tyranitar|72/100
|-unboost|p1a: Hydreigon|spa|2
|
|-weather|Sandstorm|[upkeep]
|-damage|p1a: Hydreigon|94/100|[from] Sandstorm
|-heal|p2a: Tyranitar|78/100|[from] item: Leftovers
|upkeep
|turn|2
|
|t:|1760751534
|switch|p1a: 灰灰|Arcanine-Hisui, M|100/100
|move|p2a: Tyranitar|Knock Off|p1a: 灰灰
|-damage|p1a: 灰灰|45/100
|-enditem|p1a: 灰灰|Hard Stone|[from] move: Knock Off|[of] p2a: Tyranitar
|
|-weather|Sandstorm|[upkeep]
|-heal|p2a: Tyranitar|84/100|[from] item: Leftovers
|upkeep
|turn|3
|
|t:|1760751539
|switch|p2a: Garchomp|Garchomp, M|100/100
|move|p1a: 灰灰|Will-O-Wisp|p2a: Garchomp
|-status|p2a: Garchomp|brn
|
|-weather|Sandstorm|[upkeep]
|-damage|p2a: Garchomp|94/100 brn|[from] brn
|upkeep
|turn|4
|
|t:|1760751544
|switch|p1a: Noivern|Noivern, M|100/100
|-item|p2a: Garchomp|Rocky Helmet|[from] ability: Frisk|[of] p1a: Noivern
|move|p2a: Garchomp|Stealth Rock|p1a: Noivern
|-sidestart|p1: ay cheu|move: Stealth Rock
|
|-weather|Sandstorm|[upkeep]
|-damage|p1a: Noivern|94/100|[from] Sandstorm
|-damage|p2a: Garchomp|88/100 brn|[from] brn
|upkeep
|turn|5
|
|t:|1760751549
|switch|p2a: Tyranitar|Tyranitar, F|84/100
|move|p1a: Noivern|Defog|p2a: Tyranitar
|-unboost|p2a: Tyranitar|evasion|1
|-sideend|p1: ay cheu|Stealth Rock|[from] move: Defog|[of] p1a: Noivern
|
|-weather|none
|-heal|p2a: Tyranitar|91/100|[from] item: Leftovers
|upkeep
|turn|6
|
|t:|1760751553
|move|p1a: Noivern|U-turn|p2a: Tyranitar
|-supereffective|p2a: Tyranitar
|-damage|p2a: Tyranitar|75/100
|
|t:|1760751557
|switch|p1a: Azumarill|Azumarill, M|100/100|[from] U-turn
|move|p2a: Tyranitar|Knock Off|p1a: Azumarill
|-resisted|p1a: Azumarill
|-damage|p1a: Azumarill|77/100
|-enditem|p1a: Azumarill|Choice Band|[from] move: Knock Off|[of] p2a: Tyranitar
|
|-heal|p2a: Tyranitar|81/100|[from] item: Leftovers
|upkeep
|turn|7
|
|t:|1760751563
|switch|p2a: Alomomola|Alomomola, F|100/100
|move|p1a: Azumarill|Knock Off|p2a: Alomomola
|-damage|p2a: Alomomola|78/100
|-damage|p1a: Azumarill|60/100|[from] item: Rocky Helmet|[of] p2a: Alomomola
|-enditem|p2a: Alomomola|Rocky Helmet|[from] move: Knock Off|[of] p1a: Azumarill
|
|upkeep
|turn|8
|
|t:|1760751567
|switch|p1a: Jirachi|Jirachi|100/100
|move|p2a: Alomomola|Wish|p2a: Alomomola
|
|upkeep
|turn|9
|
|t:|1760751570
|move|p1a: Jirachi|Wish|p1a: Jirachi
|move|p2a: Alomomola|Flip Turn|p1a: Jirachi
|-damage|p1a: Jirachi|89/100
|-damage|p2a: Alomomola|61/100|[from] item: Rocky Helmet|[of] p1a: Jirachi
|
|t:|1760751577
|switch|p2a: Garchomp|Garchomp, M|88/100 brn|[from] Flip Turn
|
|-heal|p2a: Garchomp|100/100 brn|[from] move: Wish|[wisher] Alomomola
|-damage|p2a: Garchomp|94/100 brn|[from] brn
|upkeep
|turn|10
|
|t:|1760751580
|switch|p1a: Azumarill|Azumarill, M|60/100
|move|p2a: Garchomp|Stealth Rock|p1a: Azumarill
|-sidestart|p1: ay cheu|move: Stealth Rock
|
|-heal|p1a: Azumarill|100/100|[from] move: Wish|[wisher] Jirachi
|-damage|p2a: Garchomp|88/100 brn|[from] brn
|upkeep
|turn|11
|
|t:|1760751587
|switch|p2a: Alomomola|Alomomola, F|95/100
|switch|p1a: Jirachi|Jirachi|89/100
|-damage|p1a: Jirachi|82/100|[from] Stealth Rock
|
|upkeep
|turn|12
|
|t:|1760751591
|move|p1a: Jirachi|Wish|p1a: Jirachi
|move|p2a: Alomomola|Flip Turn|p1a: Jirachi
|-damage|p1a: Jirachi|70/100
|-damage|p2a: Alomomola|78/100|[from] item: Rocky Helmet|[of] p1a: Jirachi
|
|t:|1760751594
|switch|p2a: Garchomp|Garchomp, M|88/100 brn|[from] Flip Turn
|
|-damage|p2a: Garchomp|82/100 brn|[from] brn
|upkeep
|turn|13
|
|t:|1760751598
|switch|p1a: Hydreigon|Hydreigon, M|94/100
|-damage|p1a: Hydreigon|82/100|[from] Stealth Rock
|move|p2a: Garchomp|Spikes|p1a: Hydreigon
|-sidestart|p1: ay cheu|Spikes
|
|-heal|p1a: Hydreigon|100/100|[from] move: Wish|[wisher] Jirachi
|-damage|p2a: Garchomp|76/100 brn|[from] brn
|upkeep
|turn|14
|
|t:|1760751605
|switch|p2a: Tyranitar|Tyranitar, F|81/100
|-weather|Sandstorm|[from] ability: Sand Stream|[of] p2a: Tyranitar
|move|p1a: Hydreigon|Focus Blast|p2a: Tyranitar
|-supereffective|p2a: Tyranitar
|-damage|p2a: Tyranitar|12/100
|
|-weather|Sandstorm|[upkeep]
|-damage|p1a: Hydreigon|94/100|[from] Sandstorm
|-heal|p2a: Tyranitar|18/100|[from] item: Leftovers
|upkeep
|turn|15
|
|t:|1760751615
|switch|p1a: Noivern|Noivern, M|94/100
|-item|p2a: Tyranitar|Leftovers|[from] ability: Frisk|[of] p1a: Noivern
|switch|p2a: Rillaboom|Rillaboom, F|100/100
|-fieldstart|move: Grassy Terrain|[from] ability: Grassy Surge|[of] p2a: Rillaboom
|
|-weather|Sandstorm|[upkeep]
|-damage|p1a: Noivern|88/100|[from] Sandstorm
|-damage|p2a: Rillaboom|94/100|[from] Sandstorm
|-heal|p2a: Rillaboom|100/100|[from] Grassy Terrain
|upkeep
|turn|16
|
|t:|1760751624
|move|p1a: Noivern|Defog|p2a: Rillaboom
|-unboost|p2a: Rillaboom|evasion|1
|-sideend|p1: ay cheu|Spikes|[from] move: Defog|[of] p1a: Noivern
|-sideend|p1: ay cheu|Stealth Rock|[from] move: Defog|[of] p1a: Noivern
|-fieldend|move: Grassy Terrain
|move|p2a: Rillaboom|Knock Off|p1a: Noivern
|-damage|p1a: Noivern|53/100
|-enditem|p1a: Noivern|Heavy-Duty Boots|[from] move: Knock Off|[of] p2a: Rillaboom
|
|-weather|Sandstorm|[upkeep]
|-damage|p1a: Noivern|47/100|[from] Sandstorm
|-damage|p2a: Rillaboom|94/100|[from] Sandstorm
|upkeep
|turn|17
|
|t:|1760751630
|-terastallize|p2a: Rillaboom|Steel
|move|p1a: Noivern|Roost|p1a: Noivern
|-heal|p1a: Noivern|97/100
|-singleturn|p1a: Noivern|move: Roost
|move|p2a: Rillaboom|U-turn|p1a: Noivern
|-damage|p1a: Noivern|74/100
|
|t:|1760751633
|switch|p2a: Alomomola|Alomomola, F|100/100|[from] U-turn
|
|-weather|Sandstorm|[upkeep]
|-damage|p1a: Noivern|68/100|[from] Sandstorm
|-damage|p2a: Alomomola|94/100|[from] Sandstorm
|upkeep
|turn|18
|
|t:|1760751640
|move|p1a: Noivern|U-turn|p2a: Alomomola
|-damage|p2a: Alomomola|89/100
|
|t:|1760751642
|switch|p1a: Sandy Shocks|Sandy Shocks|100/100|[from] U-turn
|move|p2a: Alomomola|Wish|p2a: Alomomola
|
|-weather|none
|upkeep
|turn|19
|
|t:|1760751652
|switch|p2a: Hatterene|Hatterene, F|100/100
|move|p1a: Sandy Shocks|Earth Power|p2a: Hatterene
|-damage|p2a: Hatterene|53/100
|
|-heal|p2a: Hatterene|100/100|[from] move: Wish|[wisher] Alomomola
|upkeep
|turn|20
|
|t:|1760751658
|move|p1a: Sandy Shocks|Volt Switch|p2a: Hatterene
|-damage|p2a: Hatterene|67/100
|
|t:|1760751662
|-end|p1a: Sandy Shocks|Protosynthesis|[silent]
|switch|p1a: Jirachi|Jirachi|70/100|[from] Volt Switch
|move|p2a: Hatterene|Calm Mind|p2a: Hatterene
|-boost|p2a: Hatterene|spa|1
|-boost|p2a: Hatterene|spd|1
|
|-heal|p2a: Hatterene|73/100|[from] item: Leftovers
|upkeep
|turn|21
|
|t:|1760751668
|switch|p2a: Alomomola|Alomomola, F|100/100
|move|p1a: Jirachi|Iron Head|p2a: Alomomola
|-resisted|p2a: Alomomola
|-damage|p2a: Alomomola|93/100
|
|upkeep
|turn|22
|
|t:|1760751672
|move|p1a: Jirachi|U-turn|p2a: Alomomola
|-damage|p2a: Alomomola|85/100
|
|t:|1760751674
|switch|p1a: Sandy Shocks|Sandy Shocks|100/100|[from] U-turn
|move|p2a: Alomomola|Wish|p2a: Alomomola
|
|upkeep
|turn|23
|
|t:|1760751679
|switch|p2a: Rillaboom|Rillaboom, F, tera:Steel|94/100
|-fieldstart|move: Grassy Terrain|[from] ability: Grassy Surge|[of] p2a: Rillaboom
|move|p1a: Sandy Shocks|Volt Switch|p2a: Rillaboom
|-damage|p2a: Rillaboom|67/100
|
|t:|1760751691
|-end|p1a: Sandy Shocks|Protosynthesis|[silent]
|switch|p1a: 灰灰|Arcanine-Hisui, M|45/100|[from] Volt Switch
|
|-heal|p2a: Rillaboom|100/100|[from] move: Wish|[wisher] Alomomola
|-heal|p1a: 灰灰|51/100|[from] Grassy Terrain
|upkeep
|turn|24
|
|t:|1760751698
|switch|p1a: Noivern|Noivern, M|68/100
|-item|p2a: Rillaboom|Assault Vest|[from] ability: Frisk|[of] p1a: Noivern
|switch|p2a: Garchomp|Garchomp, M|76/100 brn
|
|-heal|p2a: Garchomp|82/100 brn|[from] Grassy Terrain
|-damage|p2a: Garchomp|76/100 brn|[from] brn
|upkeep
|turn|25
|
|t:|1760751704
|move|p1a: Noivern|Hurricane|p2a: Garchomp
|-damage|p2a: Garchomp|41/100 brn
|move|p2a: Garchomp|Stealth Rock|p1a: Noivern
|-sidestart|p1: ay cheu|move: Stealth Rock
|
|-heal|p2a: Garchomp|48/100 brn|[from] Grassy Terrain
|-damage|p2a: Garchomp|41/100 brn|[from] brn
|upkeep
|turn|26
|
|t:|1760751709
|switch|p2a: Alomomola|Alomomola, F|100/100
|move|p1a: Noivern|Defog|p2a: Alomomola
|-unboost|p2a: Alomomola|evasion|1
|-sideend|p1: ay cheu|Stealth Rock|[from] move: Defog|[of] p1a: Noivern
|-fieldend|move: Grassy Terrain
|
|upkeep
|turn|27
|
|t:|1760751713
|move|p1a: Noivern|Hurricane|p2a: Alomomola
|-damage|p2a: Alomomola|53/100
|move|p2a: Alomomola|Wish|p2a: Alomomola
|
|upkeep
|turn|28
|
|t:|1760751718
|move|p1a: Noivern|U-turn|p2a: Alomomola
|-damage|p2a: Alomomola|47/100
|
|t:|1760751720
|switch|p1a: Jirachi|Jirachi|70/100|[from] U-turn
|move|p2a: Alomomola|Flip Turn|p1a: Jirachi
|-damage|p1a: Jirachi|58/100
|-damage|p2a: Alomomola|30/100|[from] item: Rocky Helmet|[of] p1a: Jirachi
|
|t:|1760751723
|switch|p2a: Tyranitar|Tyranitar, F|18/100|[from] Flip Turn
|-weather|Sandstorm|[from] ability: Sand Stream|[of] p2a: Tyranitar
|
|-weather|Sandstorm|[upkeep]
|-heal|p2a: Tyranitar|84/100|[from] move: Wish|[wisher] Alomomola
|-heal|p2a: Tyranitar|91/100|[from] item: Leftovers
|upkeep
|turn|29
|
|t:|1760751730
|switch|p2a: Alomomola|Alomomola, F|63/100
|move|p1a: Jirachi|Wish|p1a: Jirachi
|
|-weather|Sandstorm|[upkeep]
|-damage|p2a: Alomomola|57/100|[from] Sandstorm
|upkeep
|turn|30
|
|t:|1760751734
|move|p1a: Jirachi|U-turn|p2a: Alomomola
|-damage|p2a: Alomomola|49/100
|
|t:|1760751738
|switch|p1a: 灰灰|Arcanine-Hisui, M|51/100|[from] U-turn
|move|p2a: Alomomola|Wish|p2a: Alomomola
|
|-weather|Sandstorm|[upkeep]
|-damage|p2a: Alomomola|43/100|[from] Sandstorm
|-heal|p1a: 灰灰|100/100|[from] move: Wish|[wisher] Jirachi
|upkeep
|turn|31
|
|t:|1760751743
|switch|p2a: Garchomp|Garchomp, M|41/100 brn
|-terastallize|p1a: 灰灰|Rock
|move|p1a: 灰灰|Head Smash|p2a: Garchomp|[miss]
|-miss|p1a: 灰灰|p2a: Garchomp
|
|-weather|Sandstorm|[upkeep]
|-heal|p2a: Garchomp|100/100 brn|[from] move: Wish|[wisher] Alomomola
|-damage|p2a: Garchomp|94/100 brn|[from] brn
|upkeep
|turn|32
|
|t:|1760751753
|switch|p1a: Noivern|Noivern, M|68/100
|-item|p2a: Garchomp|Rocky Helmet|[from] ability: Frisk|[of] p1a: Noivern
|move|p2a: Garchomp|Stealth Rock|p1a: Noivern
|-sidestart|p1: ay cheu|move: Stealth Rock
|
|-weather|none
|-damage|p2a: Garchomp|88/100 brn|[from] brn
|upkeep
|turn|33
|
|t:|1760751756
|move|p1a: Noivern|Defog|p2a: Garchomp
|-unboost|p2a: Garchomp|evasion|1
|-sideend|p1: ay cheu|Stealth Rock|[from] move: Defog|[of] p1a: Noivern
|move|p2a: Garchomp|Dragon Tail|p1a: Noivern
|-supereffective|p1a: Noivern
|-damage|p1a: Noivern|44/100
|drag|p1a: Jirachi|Jirachi|58/100
|
|-damage|p2a: Garchomp|82/100 brn|[from] brn
|upkeep
|turn|34
|
|t:|1760751763
|move|p2a: Garchomp|Stealth Rock|p1a: Jirachi
|-sidestart|p1: ay cheu|move: Stealth Rock
|move|p1a: Jirachi|Wish|p1a: Jirachi
|
|-damage|p2a: Garchomp|76/100 brn|[from] brn
|upkeep
|turn|35
|
|t:|1760751767
|move|p1a: Jirachi|Iron Head|p2a: Garchomp
|-damage|p2a: Garchomp|58/100 brn
|-damage|p1a: Jirachi|45/100|[from] ability: Rough Skin|[of] p2a: Garchomp
|-damage|p1a: Jirachi|29/100|[from] item: Rocky Helmet|[of] p2a: Garchomp
|move|p2a: Garchomp|Dragon Tail|p1a: Jirachi
|-resisted|p1a: Jirachi
|-damage|p1a: Jirachi|24/100
|-damage|p2a: Garchomp|41/100 brn|[from] item: Rocky Helmet|[of] p1a: Jirachi
|drag|p1a: Azumarill|Azumarill, M|100/100
|-damage|p1a: Azumarill|88/100|[from] Stealth Rock
|
|-heal|p1a: Azumarill|100/100|[from] move: Wish|[wisher] Jirachi
|-damage|p2a: Garchomp|35/100 brn|[from] brn
|upkeep
|turn|36
|
|t:|1760751777
|switch|p2a: Alomomola|Alomomola, F|76/100
|switch|p1a: Sandy Shocks|Sandy Shocks|100/100
|-damage|p1a: Sandy Shocks|94/100|[from] Stealth Rock
|
|-heal|p1a: Sandy Shocks|100/100|[from] item: Leftovers
|upkeep
|turn|37
|
|t:|1760751782
|switch|p2a: Tyranitar|Tyranitar, F|91/100
|-weather|Sandstorm|[from] ability: Sand Stream|[of] p2a: Tyranitar
|move|p1a: Sandy Shocks|Earth Power|p2a: Tyranitar
|-supereffective|p2a: Tyranitar
|-damage|p2a: Tyranitar|54/100
|
|-weather|Sandstorm|[upkeep]
|-heal|p2a: Tyranitar|61/100|[from] item: Leftovers
|upkeep
|turn|38
|
|t:|1760751785
|move|p2a: Tyranitar|Protect|p2a: Tyranitar
|-singleturn|p2a: Tyranitar|Protect
|move|p1a: Sandy Shocks|Stealth Rock|p2a: Tyranitar
|-sidestart|p2: GODKUD|move: Stealth Rock
|
|-weather|Sandstorm|[upkeep]
|-heal|p2a: Tyranitar|67/100|[from] item: Leftovers
|upkeep
|turn|39
|
|t:|1760751792
|switch|p2a: Rillaboom|Rillaboom, F, tera:Steel|100/100
|-damage|p2a: Rillaboom|94/100|[from] Stealth Rock
|-fieldstart|move: Grassy Terrain|[from] ability: Grassy Surge|[of] p2a: Rillaboom
|move|p1a: Sandy Shocks|Earth Power|p2a: Rillaboom
|-supereffective|p2a: Rillaboom
|-damage|p2a: Rillaboom|27/100
|
|-weather|Sandstorm|[upkeep]
|-heal|p2a: Rillaboom|33/100|[from] Grassy Terrain
|upkeep
|turn|40
|
|t:|1760751803
|-end|p1a: Sandy Shocks|Protosynthesis|[silent]
|switch|p1a: Jirachi|Jirachi|24/100
|-damage|p1a: Jirachi|18/100|[from] Stealth Rock
|move|p2a: Rillaboom|Grassy Glide|p1a: Jirachi
|-resisted|p1a: Jirachi
|-damage|p1a: Jirachi|1/100
|-damage|p2a: Rillaboom|17/100|[from] item: Rocky Helmet|[of] p1a: Jirachi
|
|-weather|Sandstorm|[upkeep]
|-heal|p2a: Rillaboom|23/100|[from] Grassy Terrain
|-heal|p1a: Jirachi|7/100|[from] Grassy Terrain
|upkeep
|turn|41
|
|t:|1760751811
|move|p1a: Jirachi|Protect|p1a: Jirachi
|-singleturn|p1a: Jirachi|Protect
|move|p2a: Rillaboom|Grassy Glide|p1a: Jirachi
|-activate|p1a: Jirachi|move: Protect
|
|-weather|none
|-heal|p2a: Rillaboom|29/100|[from] Grassy Terrain
|-heal|p1a: Jirachi|14/100|[from] Grassy Terrain
|upkeep
|turn|42
|
|t:|1760751813
|move|p2a: Rillaboom|Knock Off|p1a: Jirachi
|-supereffective|p1a: Jirachi
|-damage|p1a: Jirachi|0 fnt
|-damage|p2a: Rillaboom|12/100|[from] item: Rocky Helmet|[of] p1a: Jirachi
|-enditem|p1a: Jirachi|Rocky Helmet|[from] move: Knock Off|[of] p2a: Rillaboom
|faint|p1a: Jirachi
|
|-heal|p2a: Rillaboom|18/100|[from] Grassy Terrain
|upkeep
|
|t:|1760751818
|switch|p1a: Hydreigon|Hydreigon, M|94/100
|-damage|p1a: Hydreigon|82/100|[from] Stealth Rock
|turn|43
|
|t:|1760751827
|switch|p2a: Hatterene|Hatterene, F|73/100
|-damage|p2a: Hatterene|60/100|[from] Stealth Rock
|move|p1a: Hydreigon|Dark Pulse|p2a: Hatterene
|-damage|p2a: Hatterene|21/100
|
|-heal|p2a: Hatterene|27/100|[from] Grassy Terrain
|-heal|p2a: Hatterene|33/100|[from] item: Leftovers
|-fieldend|move: Grassy Terrain
|upkeep
|turn|44
|
|t:|1760751832
|switch|p2a: Tyranitar|Tyranitar, F|67/100
|-damage|p2a: Tyranitar|54/100|[from] Stealth Rock
|-weather|Sandstorm|[from] ability: Sand Stream|[of] p2a: Tyranitar
|move|p1a: Hydreigon|Dark Pulse|p2a: Tyranitar
|-resisted|p2a: Tyranitar
|-damage|p2a: Tyranitar|45/100
|
|-weather|Sandstorm|[upkeep]
|-damage|p1a: Hydreigon|76/100|[from] Sandstorm
|-heal|p2a: Tyranitar|51/100|[from] item: Leftovers
|upkeep
|turn|45
|
|t:|1760751835
|switch|p1a: Noivern|Noivern, M|44/100
|-damage|p1a: Noivern|19/100|[from] Stealth Rock
|-item|p2a: Tyranitar|Leftovers|[from] ability: Frisk|[of] p1a: Noivern
|move|p2a: Tyranitar|Rock Blast|p1a: Noivern|[miss]
|-miss|p2a: Tyranitar|p1a: Noivern
|
|-weather|Sandstorm|[upkeep]
|-damage|p1a: Noivern|13/100|[from] Sandstorm
|-heal|p2a: Tyranitar|58/100|[from] item: Leftovers
|upkeep
|turn|46
|
|t:|1760751844
|move|p1a: Noivern|Roost|p1a: Noivern
|-heal|p1a: Noivern|63/100
|-singleturn|p1a: Noivern|move: Roost
|move|p2a: Tyranitar|Knock Off|p1a: Noivern
|-crit|p1a: Noivern
|-damage|p1a: Noivern|23/100
|
|-weather|Sandstorm|[upkeep]
|-damage|p1a: Noivern|17/100|[from] Sandstorm
|-heal|p2a: Tyranitar|64/100|[from] item: Leftovers
|upkeep
|turn|47
|
|t:|1760751850
|move|p1a: Noivern|Roost|p1a: Noivern
|-heal|p1a: Noivern|67/100
|-singleturn|p1a: Noivern|move: Roost
|move|p2a: Tyranitar|Rock Blast|p1a: Noivern
|-damage|p1a: Noivern|57/100
|-damage|p1a: Noivern|46/100
|-hitcount|p1a: Noivern|2
|
|-weather|Sandstorm|[upkeep]
|-damage|p1a: Noivern|40/100|[from] Sandstorm
|-heal|p2a: Tyranitar|70/100|[from] item: Leftovers
|upkeep
|turn|48
|
|t:|1760751857
|move|p1a: Noivern|Roost|p1a: Noivern
|-heal|p1a: Noivern|90/100
|-singleturn|p1a: Noivern|move: Roost
|move|p2a: Tyranitar|Roar|p1a: Noivern
|drag|p1a: Sandy Shocks|Sandy Shocks|100/100
|-damage|p1a: Sandy Shocks|94/100|[from] Stealth Rock
|
|-weather|none
|-heal|p1a: Sandy Shocks|100/100|[from] item: Leftovers
|-heal|p2a: Tyranitar|76/100|[from] item: Leftovers
|upkeep
|turn|49
|
|t:|1760751868
|switch|p2a: Garchomp|Garchomp, M|35/100 brn
|-damage|p2a: Garchomp|29/100 brn|[from] Stealth Rock
|move|p1a: Sandy Shocks|Earth Power|p2a: Garchomp
|-damage|p2a: Garchomp|0 fnt
|faint|p2a: Garchomp
|
|upkeep
|
|t:|1760751870
|switch|p2a: Rillaboom|Rillaboom, F, tera:Steel|18/100
|-damage|p2a: Rillaboom|12/100|[from] Stealth Rock
|-fieldstart|move: Grassy Terrain|[from] ability: Grassy Surge|[of] p2a: Rillaboom
|turn|50
|
|t:|1760751873
|-end|p1a: Sandy Shocks|Protosynthesis|[silent]
|switch|p1a: Noivern|Noivern, M|90/100
|-damage|p1a: Noivern|65/100|[from] Stealth Rock
|-item|p2a: Rillaboom|Assault Vest|[from] ability: Frisk|[of] p1a: Noivern
|move|p2a: Rillaboom|Grassy Glide|p1a: Noivern
|-resisted|p1a: Noivern
|-crit|p1a: Noivern
|-damage|p1a: Noivern|52/100
|
|-heal|p2a: Rillaboom|18/100|[from] Grassy Terrain
|upkeep
|turn|51
|
|t:|1760751878
|switch|p2a: Tyranitar|Tyranitar, F|76/100
|-damage|p2a: Tyranitar|64/100|[from] Stealth Rock
|-weather|Sandstorm|[from] ability: Sand Stream|[of] p2a: Tyranitar
|move|p1a: Noivern|Hurricane|p2a: Tyranitar|[miss]
|-miss|p1a: Noivern|p2a: Tyranitar
|
|-weather|Sandstorm|[upkeep]
|-damage|p1a: Noivern|46/100|[from] Sandstorm
|-heal|p2a: Tyranitar|70/100|[from] Grassy Terrain
|-heal|p2a: Tyranitar|76/100|[from] item: Leftovers
|upkeep
|turn|52
|
|t:|1760751883
|switch|p2a: Alomomola|Alomomola, F|100/100
|-damage|p2a: Alomomola|88/100|[from] Stealth Rock
|move|p1a: Noivern|Roost|p1a: Noivern
|-heal|p1a: Noivern|96/100
|-singleturn|p1a: Noivern|move: Roost
|
|-weather|Sandstorm|[upkeep]
|-damage|p1a: Noivern|90/100|[from] Sandstorm
|-damage|p2a: Alomomola|82/100|[from] Sandstorm
|-heal|p1a: Noivern|96/100|[from] Grassy Terrain
|-heal|p2a: Alomomola|88/100|[from] Grassy Terrain
|upkeep
|turn|53
|
|t:|1760751888
|move|p1a: Noivern|Hurricane|p2a: Alomomola
|-damage|p2a: Alomomola|42/100
|move|p2a: Alomomola|Wish|p2a: Alomomola
|
|-weather|Sandstorm|[upkeep]
|-damage|p1a: Noivern|90/100|[from] Sandstorm
|-damage|p2a: Alomomola|36/100|[from] Sandstorm
|-heal|p2a: Alomomola|42/100|[from] Grassy Terrain
|upkeep
|turn|54
|
|t:|1760751893
|move|p1a: Noivern|Hurricane|p2a: Alomomola
|-damage|p2a: Alomomola|2/100
|move|p2a: Alomomola|Flip Turn|p1a: Noivern
|-resisted|p1a: Noivern
|-damage|p1a: Noivern|84/100
|
|t:|1760751896
|switch|p2a: Rillaboom|Rillaboom, F, tera:Steel|18/100|[from] Flip Turn
|-damage|p2a: Rillaboom|12/100|[from] Stealth Rock
|
|-weather|Sandstorm|[upkeep]
|-damage|p1a: Noivern|77/100|[from] Sandstorm
|-heal|p2a: Rillaboom|80/100|[from] move: Wish|[wisher] Alomomola
|-heal|p2a: Rillaboom|86/100|[from] Grassy Terrain
|-fieldend|move: Grassy Terrain
|upkeep
|turn|55
|
|t:|1760751905
|move|p1a: Noivern|Hurricane|p2a: Rillaboom
|-resisted|p2a: Rillaboom
|-damage|p2a: Rillaboom|71/100
|-start|p2a: Rillaboom|confusion
|-activate|p2a: Rillaboom|confusion
|-damage|p2a: Rillaboom|58/100|[from] confusion
|
|-weather|none
|upkeep
|turn|56
|
|t:|1760751913
|switch|p2a: Tyranitar|Tyranitar, F|76/100
|-damage|p2a: Tyranitar|64/100|[from] Stealth Rock
|-weather|Sandstorm|[from] ability: Sand Stream|[of] p2a: Tyranitar
|move|p1a: Noivern|Hurricane|p2a: Tyranitar|[miss]
|-miss|p1a: Noivern|p2a: Tyranitar
|
|-weather|Sandstorm|[upkeep]
|-damage|p1a: Noivern|71/100|[from] Sandstorm
|-heal|p2a: Tyranitar|70/100|[from] item: Leftovers
|upkeep
|turn|57
|
|t:|1760751921
|move|p1a: Noivern|U-turn|p2a: Tyranitar
|-supereffective|p2a: Tyranitar
|-damage|p2a: Tyranitar|53/100
|
|t:|1760751923
|switch|p1a: Azumarill|Azumarill, M|100/100|[from] U-turn
|-damage|p1a: Azumarill|88/100|[from] Stealth Rock
|move|p2a: Tyranitar|Roar|p1a: Azumarill
|drag|p1a: Sandy Shocks|Sandy Shocks|100/100
|-damage|p1a: Sandy Shocks|94/100|[from] Stealth Rock
|
|-weather|Sandstorm|[upkeep]
|-heal|p1a: Sandy Shocks|100/100|[from] item: Leftovers
|-heal|p2a: Tyranitar|59/100|[from] item: Leftovers
|upkeep
|turn|58
|
|t:|1760751930
|switch|p2a: Hatterene|Hatterene, F|33/100
|-damage|p2a: Hatterene|20/100|[from] Stealth Rock
|move|p1a: Sandy Shocks|Earth Power|p2a: Hatterene
|-damage|p2a: Hatterene|0 fnt
|faint|p2a: Hatterene
|
|-weather|Sandstorm|[upkeep]
|upkeep
|
|t:|1760751933
|switch|p2a: Rillaboom|Rillaboom, F, tera:Steel|58/100
|-damage|p2a: Rillaboom|52/100|[from] Stealth Rock
|-fieldstart|move: Grassy Terrain|[from] ability: Grassy Surge|[of] p2a: Rillaboom
|turn|59
|
|t:|1760751951
|-end|p1a: Sandy Shocks|Protosynthesis|[silent]
|switch|p1a: Noivern|Noivern, M|71/100
|-damage|p1a: Noivern|46/100|[from] Stealth Rock
|-item|p2a: Rillaboom|Assault Vest|[from] ability: Frisk|[of] p1a: Noivern
|move|p2a: Rillaboom|U-turn|p1a: Noivern
|-resisted|p1a: Noivern
|-damage|p1a: Noivern|33/100
|
|t:|1760751955
|switch|p2a: Cinderace|Cinderace, M|100/100|[from] U-turn
|
|-weather|Sandstorm|[upkeep]
|-damage|p2a: Cinderace|94/100|[from] Sandstorm
|-damage|p1a: Noivern|27/100|[from] Sandstorm
|-heal|p2a: Cinderace|100/100|[from] Grassy Terrain
|upkeep
|turn|60
|
|t:|1760751960
|move|p2a: Cinderace|Pyro Ball|p1a: Noivern
|-resisted|p1a: Noivern
|-damage|p1a: Noivern|6/100
|move|p1a: Noivern|Roost|p1a: Noivern
|-heal|p1a: Noivern|56/100
|-singleturn|p1a: Noivern|move: Roost
|
|-weather|none
|-heal|p1a: Noivern|63/100|[from] Grassy Terrain
|upkeep
|turn|61
|
|t:|1760751964
|move|p2a: Cinderace|Will-O-Wisp|p1a: Noivern
|-status|p1a: Noivern|brn
|move|p1a: Noivern|Roost|p1a: Noivern
|-heal|p1a: Noivern|100/100 brn
|-singleturn|p1a: Noivern|move: Roost
|
|-damage|p1a: Noivern|94/100 brn|[from] brn
|upkeep
|turn|62
|
|t:|1760751969
|move|p2a: Cinderace|Pyro Ball|p1a: Noivern
|-resisted|p1a: Noivern
|-damage|p1a: Noivern|73/100 brn
|move|p1a: Noivern|U-turn|p2a: Cinderace
|-resisted|p2a: Cinderace
|-damage|p2a: Cinderace|98/100
|
|t:|1760751974
|switch|p1a: Azumarill|Azumarill, M|88/100|[from] U-turn
|-damage|p1a: Azumarill|76/100|[from] Stealth Rock
|
|-heal|p2a: Cinderace|100/100|[from] Grassy Terrain
|-heal|p1a: Azumarill|82/100|[from] Grassy Terrain
|upkeep
|turn|63
|
|t:|1760751978
|move|p2a: Cinderace|Will-O-Wisp|p1a: Azumarill
|-status|p1a: Azumarill|brn
|move|p1a: Azumarill|Liquidation|p2a: Cinderace
|-supereffective|p2a: Cinderace
|-crit|p2a: Cinderace
|-damage|p2a: Cinderace|0 fnt
|faint|p2a: Cinderace
|
|-heal|p1a: Azumarill|88/100 brn|[from] Grassy Terrain
|-damage|p1a: Azumarill|82/100 brn|[from] brn
|-fieldend|move: Grassy Terrain
|upkeep
|
|t:|1760751984
|switch|p2a: Alomomola|Alomomola, F|36/100
|-damage|p2a: Alomomola|23/100|[from] Stealth Rock
|turn|64
|
|t:|1760751988
|move|p2a: Alomomola|Wish|p2a: Alomomola
|move|p1a: Azumarill|Play Rough|p2a: Alomomola
|-damage|p2a: Alomomola|8/100
|-unboost|p2a: Alomomola|atk|1
|
|-damage|p1a: Azumarill|76/100 brn|[from] brn
|upkeep
|turn|65
|
|t:|1760751997
|switch|p1a: Sandy Shocks|Sandy Shocks|100/100
|-damage|p1a: Sandy Shocks|94/100|[from] Stealth Rock
|move|p2a: Alomomola|Protect||[still]
|-fail|p2a: Alomomola
|
|-heal|p2a: Alomomola|58/100|[from] move: Wish|[wisher] Alomomola
|-heal|p1a: Sandy Shocks|100/100|[from] item: Leftovers
|upkeep
|turn|66
|
|t:|1760752002
|switch|p2a: Tyranitar|Tyranitar, F|59/100
|-damage|p2a: Tyranitar|47/100|[from] Stealth Rock
|-weather|Sandstorm|[from] ability: Sand Stream|[of] p2a: Tyranitar
|move|p1a: Sandy Shocks|Volt Switch|p2a: Tyranitar
|-damage|p2a: Tyranitar|33/100
|
|t:|1760752007
|-end|p1a: Sandy Shocks|Protosynthesis|[silent]
|switch|p1a: 灰灰|Arcanine-Hisui, M, tera:Rock|100/100|[from] Volt Switch
|-damage|p1a: 灰灰|88/100|[from] Stealth Rock
|
|-weather|Sandstorm|[upkeep]
|-heal|p2a: Tyranitar|39/100|[from] item: Leftovers
|upkeep
|turn|67
|
|t:|1760752011
|switch|p2a: Alomomola|Alomomola, F|92/100
|-damage|p2a: Alomomola|79/100|[from] Stealth Rock
|move|p1a: 灰灰|Head Smash|p2a: Alomomola
|-damage|p2a: Alomomola|32/100
|
|-weather|Sandstorm|[upkeep]
|-damage|p2a: Alomomola|26/100|[from] Sandstorm
|upkeep
|turn|68
|
|t:|1760752016
|move|p1a: 灰灰|Head Smash|p2a: Alomomola
|-damage|p2a: Alomomola|0 fnt
|faint|p2a: Alomomola
|
|-weather|Sandstorm|[upkeep]
|upkeep
|c|☆GODKUD|te subestime, pense que tu equipo era una mierda
|
|t:|1760752031
|switch|p2a: Rillaboom|Rillaboom, F, tera:Steel|52/100
|-damage|p2a: Rillaboom|46/100|[from] Stealth Rock
|-fieldstart|move: Grassy Terrain|[from] ability: Grassy Surge|[of] p2a: Rillaboom
|turn|69
|
|t:|1760752039
|switch|p1a: Hydreigon|Hydreigon, M|76/100
|-damage|p1a: Hydreigon|64/100|[from] Stealth Rock
|move|p2a: Rillaboom|Grassy Glide|p1a: Hydreigon
|-resisted|p1a: Hydreigon
|-damage|p1a: Hydreigon|39/100
|
|-weather|Sandstorm|[upkeep]
|-damage|p1a: Hydreigon|33/100|[from] Sandstorm
|-heal|p2a: Rillaboom|52/100|[from] Grassy Terrain
|upkeep
|turn|70
|
|t:|1760752049
|switch|p2a: Tyranitar|Tyranitar, F|39/100
|-damage|p2a: Tyranitar|27/100|[from] Stealth Rock
|move|p1a: Hydreigon|Focus Blast|p2a: Tyranitar
|-supereffective|p2a: Tyranitar
|-damage|p2a: Tyranitar|0 fnt
|faint|p2a: Tyranitar
|
|-weather|none
|upkeep
|
|t:|1760752052
|switch|p2a: Rillaboom|Rillaboom, F, tera:Steel|52/100
|-damage|p2a: Rillaboom|46/100|[from] Stealth Rock
|turn|71
|
|t:|1760752055
|move|p2a: Rillaboom|Grassy Glide|p1a: Hydreigon
|-resisted|p1a: Hydreigon
|-damage|p1a: Hydreigon|8/100
|move|p1a: Hydreigon|Focus Blast|p2a: Rillaboom
|-supereffective|p2a: Rillaboom
|-damage|p2a: Rillaboom|0 fnt
|faint|p2a: Rillaboom
|
|win|ay cheu
|raw|ay cheu's rating: 1475 &rarr; <strong>1496</strong><br />(+21 for winning)
|raw|GODKUD's rating: 1500 &rarr; <strong>1479</strong><br />(-21 for losing)
|l|☆GODKUD
|player|p2|
