|j|☆diegoluquechaves
|j|☆IPFREELY69420
|t:|1760737834
|gametype|singles
|player|p1|diegoluquechaves|102|1361
|player|p2|IPFREELY69420|2|1405
|gen|9
|tier|[Gen 9] OU
|rated|
|rule|HP Percentage Mod: HP is shown in percentages
|rule|Endless Battle Clause: Forcing endless battles is banned
|rule|Species Clause: Limit one of each Pokémon
|rule|OHKO Clause: OHKO moves are banned
|rule|Evasion Items Clause: Evasion items are banned
|rule|Evasion Moves Clause: Evasion moves are banned
|rule|Evasion Abilities Clause: Evasion abilities are banned
|rule|Sleep Moves Clause: Sleep-inducing moves are banned
|clearpoke
|poke|p1|Hatterene, F|
|poke|p1|Spiritomb, F|
|poke|p1|Ursaluna, F|
|poke|p1|Exeggutor-Alola, F|
|poke|p1|Torkoal, M|
|poke|p1|Slither Wing|
|poke|p2|Rotom-Wash|
|poke|p2|Garchomp, F|
|poke|p2|Pecharunt|
|poke|p2|Zamazenta-*|
|poke|p2|Landorus-Therian, M|
|poke|p2|Kingambit, F|
|teampreview
|inactive|Battle timer is ON: inactive players will automatically lose when time's up. (requested by IPFREELY69420)
|
|t:|1760737849
|teamsize|p1|6
|teamsize|p2|6
|start
|switch|p1a: Hatterene|Hatterene, F|100/100
|switch|p2a: Landorus|Landorus-Therian, M|100/100
|-ability|p2a: Landorus|Intimidate|boost
|-unboost|p1a: Hatterene|atk|1
|turn|1
|
|t:|1760737857
|move|p2a: Landorus|U-turn|p1a: Hatterene
|-damage|p1a: Hatterene|81/100
|
|t:|1760737861
|switch|p2a: Pecharunt|Pecharunt|100/100|[from] U-turn
|move|p1a: Hatterene|Trick Room|p1a: Hatterene
|-fieldstart|move: Trick Room|[of] p1a: Hatterene
|
|-heal|p1a: Hatterene|87/100|[from] item: Leftovers
|upkeep
|turn|2
|
|t:|1760737874
|move|p1a: Hatterene|Psychic Noise|p2a: Pecharunt
|-supereffective|p2a: Pecharunt
|-damage|p2a: Pecharunt|28/100
|-start|p2a: Pecharunt|move: Heal Block
|move|p2a: Pecharunt|Parting Shot|p1a: Hatterene
|move|p1a: Hatterene|Parting Shot|p2a: Pecharunt|[from] ability: Magic Bounce
|-unboost|p2a: Pecharunt|atk|1
|-unboost|p2a: Pecharunt|spa|1
|
|t:|1760737902
|switch|p1a: Ursaluna|Ursaluna, F|100/100|[from] Parting Shot
|
|-status|p1a: Ursaluna|brn|[from] item: Flame Orb
|upkeep
|turn|3
|
|t:|1760737913
|switch|p2a: Landorus|Landorus-Therian, M|100/100
|-ability|p2a: Landorus|Intimidate|boost
|-unboost|p1a: Ursaluna|atk|1
|move|p1a: Ursaluna|Ice Punch|p2a: Landorus
|-supereffective|p2a: Landorus
|-damage|p2a: Landorus|0 fnt
|-damage|p1a: Ursaluna|84/100 brn|[from] item: Rocky Helmet|[of] p2a: Landorus
|faint|p2a: Landorus
|
|-damage|p1a: Ursaluna|78/100 brn|[from] brn
|upkeep
|
|t:|1760737931
|switch|p2a: Pecharunt|Pecharunt|28/100
|turn|4
|
|t:|1760737939
|switch|p2a: Rotom|Rotom-Wash|100/100
|move|p1a: Ursaluna|Ice Punch|p2a: Rotom
|-resisted|p2a: Rotom
|-damage|p2a: Rotom|88/100
|
|-heal|p2a: Rotom|94/100|[from] item: Leftovers
|-damage|p1a: Ursaluna|72/100 brn|[from] brn
|upkeep
|turn|5
|
|t:|1760737959
|switch|p2a: Pecharunt|Pecharunt|28/100
|move|p1a: Ursaluna|Facade|p2a: Pecharunt
|-immune|p2a: Pecharunt
|
|-damage|p1a: Ursaluna|65/100 brn|[from] brn
|-fieldend|move: Trick Room
|upkeep
|turn|6
|c|☆IPFREELY69420|you aint like that g
|
|t:|1760737976
|switch|p1a: Hatterene|Hatterene, F|87/100
|move|p2a: Pecharunt|Recover|p2a: Pecharunt
|-heal|p2a: Pecharunt|78/100
|
|-heal|p1a: Hatterene|93/100|[from] item: Leftovers
|upkeep
|turn|7
|
|t:|1760737984
|move|p2a: Pecharunt|Malignant Chain|p1a: Hatterene
|-supereffective|p1a: Hatterene
|-damage|p1a: Hatterene|36/100
|-status|p1a: Hatterene|tox
|-start|p1a: Hatterene|confusion|[from] ability: Poison Puppeteer|[of] p2a: Pecharunt
|-activate|p1a: Hatterene|confusion
|-damage|p1a: Hatterene|27/100 tox|[from] confusion
|
|-heal|p1a: Hatterene|34/100 tox|[from] item: Leftovers
|-damage|p1a: Hatterene|27/100 tox|[from] psn
|upkeep
|turn|8
|inactive|diegoluquechaves has 120 seconds left.
|
|t:|1760738026
|-terastallize|p1a: Hatterene|Steel
|move|p2a: Pecharunt|Malignant Chain|p1a: Hatterene
|-immune|p1a: Hatterene
|-activate|p1a: Hatterene|confusion
|move|p1a: Hatterene|Trick Room|p1a: Hatterene
|-fieldstart|move: Trick Room|[of] p1a: Hatterene
|
|-heal|p1a: Hatterene|34/100 tox|[from] item: Leftovers
|-damage|p1a: Hatterene|21/100 tox|[from] psn
|upkeep
|turn|9
|
|t:|1760738039
|-activate|p1a: Hatterene|confusion
|-damage|p1a: Hatterene|13/100 tox|[from] confusion
|move|p2a: Pecharunt|Hex|p1a: Hatterene
|-damage|p1a: Hatterene|0 fnt
|faint|p1a: Hatterene
|
|upkeep
|
|t:|1760738054
|switch|p1a: Ursaluna|Ursaluna, F|65/100 brn
|turn|10
|
|t:|1760738067
|move|p1a: Ursaluna|Headlong Rush|p2a: Pecharunt
|-supereffective|p2a: Pecharunt
|-damage|p2a: Pecharunt|0 fnt
|-unboost|p1a: Ursaluna|def|1
|-unboost|p1a: Ursaluna|spd|1
|faint|p2a: Pecharunt
|
|-damage|p1a: Ursaluna|59/100 brn|[from] brn
|upkeep
|
|t:|1760738072
|switch|p2a: Zamazenta|Zamazenta|100/100
|-ability|p2a: Zamazenta|Dauntless Shield|boost
|-boost|p2a: Zamazenta|def|1
|turn|11
|
|t:|1760738082
|switch|p1a: Spiritomb|Spiritomb, F|100/100
|-ability|p1a: Spiritomb|Pressure
|move|p2a: Zamazenta|Close Combat|p1a: Spiritomb
|-immune|p1a: Spiritomb
|
|upkeep
|turn|12
|
|t:|1760738090
|switch|p2a: Kingambit|Kingambit, F|100/100
|-activate|p2a: Kingambit|ability: Supreme Overlord
|-start|p2a: Kingambit|fallen2|[silent]
|-item|p2a: Kingambit|Air Balloon
|move|p1a: Spiritomb|Will-O-Wisp|p2a: Kingambit
|-status|p2a: Kingambit|brn
|
|-damage|p2a: Kingambit|94/100 brn|[from] brn
|-fieldend|move: Trick Room
|upkeep
|turn|13
|
|t:|1760738103
|-end|p2a: Kingambit|fallen2|[silent]
|switch|p2a: Rotom|Rotom-Wash|94/100
|switch|p1a: Torkoal|Torkoal, M|100/100
|-weather|SunnyDay|[from] ability: Drought|[of] p1a: Torkoal
|
|-weather|SunnyDay|[upkeep]
|-heal|p2a: Rotom|99/100|[from] item: Leftovers
|upkeep
|turn|14
|
|t:|1760738114
|switch|p1a: Exeggutor|Exeggutor-Alola, F|100/100
|move|p2a: Rotom|Hydro Pump|p1a: Exeggutor
|-resisted|p1a: Exeggutor
|-damage|p1a: Exeggutor|95/100
|
|-weather|SunnyDay|[upkeep]
|-heal|p2a: Rotom|100/100|[from] item: Leftovers
|upkeep
|turn|15
|
|t:|1760738126
|move|p2a: Rotom|Volt Switch|p1a: Exeggutor
|-resisted|p1a: Exeggutor
|-damage|p1a: Exeggutor|86/100
|
|t:|1760738141
|switch|p2a: Zamazenta|Zamazenta|100/100|[from] Volt Switch
|move|p1a: Exeggutor|Trick Room|p1a: Exeggutor
|-fieldstart|move: Trick Room|[of] p1a: Exeggutor
|
|-weather|SunnyDay|[upkeep]
|upkeep
|turn|16
|inactive|diegoluquechaves has 120 seconds left.
|
|t:|1760738152
|move|p1a: Exeggutor|Calm Mind|p1a: Exeggutor
|-boost|p1a: Exeggutor|spa|1
|-boost|p1a: Exeggutor|spd|1
|move|p2a: Zamazenta|Crunch|p1a: Exeggutor
|-damage|p1a: Exeggutor|63/100
|
|-weather|SunnyDay|[upkeep]
|upkeep
|turn|17
|inactive|diegoluquechaves has 120 seconds left.
|
|t:|1760738160
|move|p1a: Exeggutor|Calm Mind|p1a: Exeggutor
|-boost|p1a: Exeggutor|spa|1
|-boost|p1a: Exeggutor|spd|1
|move|p2a: Zamazenta|Close Combat|p1a: Exeggutor
|-damage|p1a: Exeggutor|7/100
|-unboost|p2a: Zamazenta|def|1
|-unboost|p2a: Zamazenta|spd|1
|-enditem|p1a: Exeggutor|Sitrus Berry|[eat]
|-heal|p1a: Exeggutor|32/100|[from] item: Sitrus Berry
|
|-weather|SunnyDay|[upkeep]
|-item|p1a: Exeggutor|Sitrus Berry|[from] ability: Harvest
|upkeep
|-enditem|p1a: Exeggutor|Sitrus Berry|[eat]
|-heal|p1a: Exeggutor|56/100|[from] item: Sitrus Berry
|turn|18
|inactive|diegoluquechaves has 120 seconds left.
|
|t:|1760738177
|move|p1a: Exeggutor|Giga Drain|p2a: Zamazenta
|-damage|p2a: Zamazenta|28/100
|-heal|p1a: Exeggutor|92/100|[from] drain|[of] p2a: Zamazenta
|move|p2a: Zamazenta|Close Combat|p1a: Exeggutor
|-damage|p1a: Exeggutor|37/100
|-unboost|p2a: Zamazenta|def|1
|-unboost|p2a: Zamazenta|spd|1
|
|-weather|SunnyDay|[upkeep]
|-item|p1a: Exeggutor|Sitrus Berry|[from] ability: Harvest
|upkeep
|-enditem|p1a: Exeggutor|Sitrus Berry|[eat]
|-heal|p1a: Exeggutor|62/100|[from] item: Sitrus Berry
|turn|19
|inactive|diegoluquechaves has 120 seconds left.
|
|t:|1760738194
|move|p1a: Exeggutor|Giga Drain|p2a: Zamazenta
|-damage|p2a: Zamazenta|0 fnt
|-heal|p1a: Exeggutor|75/100|[from] drain|[of] p2a: Zamazenta
|faint|p2a: Zamazenta
|
|-weather|SunnyDay|[upkeep]
|-fieldend|move: Trick Room
|-item|p1a: Exeggutor|Sitrus Berry|[from] ability: Harvest
|upkeep
|
|t:|1760738197
|switch|p2a: Garchomp|Garchomp, F|100/100
|turn|20
|inactive|diegoluquechaves has 120 seconds left.
|
|t:|1760738212
|move|p2a: Garchomp|Scale Shot|p1a: Exeggutor
|-supereffective|p1a: Exeggutor
|-damage|p1a: Exeggutor|41/100
|-enditem|p1a: Exeggutor|Sitrus Berry|[eat]
|-heal|p1a: Exeggutor|66/100|[from] item: Sitrus Berry
|-supereffective|p1a: Exeggutor
|-damage|p1a: Exeggutor|30/100
|-supereffective|p1a: Exeggutor
|-damage|p1a: Exeggutor|0 fnt
|faint|p1a: Exeggutor
|-hitcount|p1: Exeggutor|3
|-unboost|p2a: Garchomp|def|1
|-boost|p2a: Garchomp|spe|1
|-damage|p2a: Garchomp|91/100|[from] item: Life Orb
|
|-weather|none
|upkeep
|
|t:|1760738232
|switch|p1a: Spiritomb|Spiritomb, F|100/100
|-ability|p1a: Spiritomb|Pressure
|turn|21
|
|t:|1760738243
|switch|p2a: Kingambit|Kingambit, F|94/100 brn
|-activate|p2a: Kingambit|ability: Supreme Overlord
|-start|p2a: Kingambit|fallen3|[silent]
|-item|p2a: Kingambit|Air Balloon
|move|p1a: Spiritomb|Trick Room|p1a: Spiritomb
|-fieldstart|move: Trick Room|[of] p1a: Spiritomb
|
|-damage|p2a: Kingambit|88/100 brn|[from] brn
|upkeep
|turn|22
|
|t:|1760738256
|switch|p1a: Slither Wing|Slither Wing|100/100
|move|p2a: Kingambit|Swords Dance|p2a: Kingambit
|-boost|p2a: Kingambit|atk|2
|
|-damage|p2a: Kingambit|82/100 brn|[from] brn
|upkeep
|turn|23
|
|t:|1760738267
|move|p2a: Kingambit|Sucker Punch|p1a: Slither Wing
|-resisted|p1a: Slither Wing
|-damage|p1a: Slither Wing|73/100
|move|p1a: Slither Wing|Close Combat|p2a: Kingambit
|-supereffective|p2a: Kingambit
|-damage|p2a: Kingambit|0 fnt
|-unboost|p1a: Slither Wing|def|1
|-unboost|p1a: Slither Wing|spd|1
|-enditem|p2a: Kingambit|Air Balloon
|faint|p2a: Kingambit
|-end|p2a: Kingambit|fallen3|[silent]
|
|upkeep
|
|t:|1760738271
|switch|p2a: Rotom|Rotom-Wash|100/100
|turn|24
|inactive|diegoluquechaves has 120 seconds left.
|
|t:|1760738289
|move|p1a: Slither Wing|Close Combat|p2a: Rotom
|-crit|p2a: Rotom
|-damage|p2a: Rotom|15/100
|-unboost|p1a: Slither Wing|def|1
|-unboost|p1a: Slither Wing|spd|1
|move|p2a: Rotom|Hydro Pump|p1a: Slither Wing
|-damage|p1a: Slither Wing|22/100
|
|-heal|p2a: Rotom|21/100|[from] item: Leftovers
|upkeep
|turn|25
|inactive|diegoluquechaves has 120 seconds left.
|
|t:|1760738301
|move|p1a: Slither Wing|Close Combat|p2a: Rotom
|-damage|p2a: Rotom|0 fnt
|-unboost|p1a: Slither Wing|def|1
|-unboost|p1a: Slither Wing|spd|1
|faint|p2a: Rotom
|
|-fieldend|move: Trick Room
|upkeep
|
|t:|1760738305
|switch|p2a: Garchomp|Garchomp, F|91/100
|turn|26
|
|t:|1760738312
|move|p2a: Garchomp|Swords Dance|p2a: Garchomp
|-boost|p2a: Garchomp|atk|2
|move|p1a: Slither Wing|Close Combat|p2a: Garchomp
|-damage|p2a: Garchomp|18/100
|-unboost|p1a: Slither Wing|def|1
|-unboost|p1a: Slither Wing|spd|1
|-damage|p1a: Slither Wing|10/100|[from] ability: Rough Skin|[of] p2a: Garchomp
|
|upkeep
|turn|27
|
|t:|1760738326
|-end|p1a: Slither Wing|Protosynthesis|[silent]
|switch|p1a: Torkoal|Torkoal, M|100/100
|-weather|SunnyDay|[from] ability: Drought|[of] p1a: Torkoal
|move|p2a: Garchomp|Earthquake|p1a: Torkoal
|-supereffective|p1a: Torkoal
|-damage|p1a: Torkoal|0 fnt
|faint|p1a: Torkoal
|-damage|p2a: Garchomp|8/100|[from] item: Life Orb
|
|-weather|SunnyDay|[upkeep]
|upkeep
|c|☆IPFREELY69420|gg
|c|☆IPFREELY69420|i forgot im not dice
|inactive|diegoluquechaves has 120 seconds left.
|
|t:|1760738337
|switch|p1a: Slither Wing|Slither Wing|10/100
|-activate|p1a: Slither Wing|ability: Protosynthesis
|-start|p1a: Slither Wing|protosynthesisatk
|turn|28
|
|t:|1760738343
|move|p1a: Slither Wing|First Impression|p2a: Garchomp
|-damage|p2a: Garchomp|0 fnt
|-damage|p1a: Slither Wing|0 fnt|[from] ability: Rough Skin|[of] p2a: Garchomp
|faint|p2a: Garchomp
|faint|p1a: Slither Wing
|-end|p1a: Slither Wing|Protosynthesis|[silent]
|
|win|diegoluquechaves
|raw|diegoluquechaves's rating: 1361 &rarr; <strong>1384</strong><br />(+23 for winning)
|raw|IPFREELY69420's rating: 1405 &rarr; <strong>1382</strong><br />(-23 for losing)
|l|☆IPFREELY69420
|player|p2|
|l|☆diegoluquechaves
|player|p1|
