|j|☆gengar's style
|j|☆PrimeXStriker
|t:|1760731295
|gametype|singles
|player|p1|gengar's style|parasollady-gen4|1541
|player|p2|PrimeXStriker|marshal|1552
|gen|9
|tier|[Gen 9] OU
|rated|
|rule|HP Percentage Mod: HP is shown in percentages
|rule|Endless Battle Clause: Forcing endless battles is banned
|rule|Species Clause: Limit one of each Pokémon
|rule|OHKO Clause: OHKO moves are banned
|rule|Evasion Items Clause: Evasion items are banned
|rule|Evasion Moves Clause: Evasion moves are banned
|rule|Evasion Abilities Clause: Evasion abilities are banned
|rule|Sleep Moves Clause: Sleep-inducing moves are banned
|clearpoke
|poke|p1|Glimmora, M|
|poke|p1|Rillaboom, M|
|poke|p1|Hawlucha, M|
|poke|p1|Dragapult, M|
|poke|p1|Kingambit, M|
|poke|p1|Cinderace, M|
|poke|p2|Zapdos-Galar|
|poke|p2|Iron Jugulis|
|poke|p2|Primarina, M|
|poke|p2|Cinderace, M|
|poke|p2|Tyranitar, F|
|poke|p2|Great Tusk|
|teampreview
|inactive|Battle timer is ON: inactive players will automatically lose when time's up. (requested by PrimeXStriker)
|
|t:|1760731311
|teamsize|p1|6
|teamsize|p2|6
|start
|switch|p1a: Dragapult|Dragapult, M|100/100
|switch|p2a: Cinderace|Cinderace, M|100/100
|turn|1
|
|t:|1760731321
|move|p2a: Cinderace|Sucker Punch|p1a: Dragapult
|-start|p2a: Cinderace|typechange|Dark|[from] ability: Libero
|-supereffective|p1a: Dragapult
|-damage|p1a: Dragapult|7/100
|move|p1a: Dragapult|U-turn|p2a: Cinderace
|-supereffective|p2a: Cinderace
|-damage|p2a: Cinderace|51/100
|
|t:|1760731329
|switch|p1a: Glimmora|Glimmora, M|100/100|[from] U-turn
|
|upkeep
|turn|2
|
|t:|1760731335
|move|p2a: Cinderace|U-turn|p1a: Glimmora
|-resisted|p1a: Glimmora
|-damage|p1a: Glimmora|87/100
|-activate|p1a: Glimmora|ability: Toxic Debris
|-sidestart|p2: PrimeXStriker|move: Toxic Spikes
|
|t:|1760731341
|switch|p2a: Tyranitar|Tyranitar, F|100/100|[from] U-turn
|-status|p2a: Tyranitar|psn
|-weather|Sandstorm|[from] ability: Sand Stream|[of] p2a: Tyranitar
|move|p1a: Glimmora|Stealth Rock|p2a: Tyranitar
|-sidestart|p2: PrimeXStriker|move: Stealth Rock
|
|-weather|Sandstorm|[upkeep]
|-damage|p2a: Tyranitar|88/100 psn|[from] psn
|upkeep
|turn|3
|inactive|gengar's style has 120 seconds left.
|
|t:|1760731374
|switch|p1a: Rillaboom|Rillaboom, M|100/100
|-fieldstart|move: Grassy Terrain|[from] ability: Grassy Surge|[of] p1a: Rillaboom
|move|p2a: Tyranitar|Knock Off|p1a: Rillaboom
|-damage|p1a: Rillaboom|57/100
|-enditem|p1a: Rillaboom|Choice Band|[from] move: Knock Off|[of] p2a: Tyranitar
|
|-weather|Sandstorm|[upkeep]
|-damage|p1a: Rillaboom|51/100|[from] Sandstorm
|-heal|p1a: Rillaboom|57/100|[from] Grassy Terrain
|-heal|p2a: Tyranitar|94/100 psn|[from] Grassy Terrain
|-heal|p2a: Tyranitar|100/100 psn|[from] item: Leftovers
|-damage|p2a: Tyranitar|88/100 psn|[from] psn
|upkeep
|turn|4
|inactive|gengar's style has 120 seconds left.
|
|t:|1760731387
|switch|p2a: Zapdos|Zapdos-Galar|100/100
|-damage|p2a: Zapdos|88/100|[from] Stealth Rock
|move|p1a: Rillaboom|Knock Off|p2a: Zapdos
|-resisted|p2a: Zapdos
|-damage|p2a: Zapdos|66/100
|-enditem|p2a: Zapdos|Choice Band|[from] move: Knock Off|[of] p1a: Rillaboom
|
|-weather|Sandstorm|[upkeep]
|-damage|p2a: Zapdos|60/100|[from] Sandstorm
|-damage|p1a: Rillaboom|51/100|[from] Sandstorm
|-heal|p1a: Rillaboom|57/100|[from] Grassy Terrain
|upkeep
|turn|5
|inactive|gengar's style has 120 seconds left.
|
|t:|1760731399
|switch|p1a: Glimmora|Glimmora, M|87/100
|move|p2a: Zapdos|U-turn|p1a: Glimmora
|-resisted|p1a: Glimmora
|-crit|p1a: Glimmora
|-damage|p1a: Glimmora|66/100
|-activate|p1a: Glimmora|ability: Toxic Debris
|-sidestart|p2: PrimeXStriker|move: Toxic Spikes
|
|t:|1760731423
|switch|p2a: Iron Jugulis|Iron Jugulis|100/100|[from] U-turn
|-damage|p2a: Iron Jugulis|76/100|[from] Stealth Rock
|
|-weather|Sandstorm|[upkeep]
|-damage|p2a: Iron Jugulis|69/100|[from] Sandstorm
|-heal|p1a: Glimmora|72/100|[from] Grassy Terrain
|upkeep
|turn|6
|inactive|gengar's style has 120 seconds left.
|
|t:|1760731449
|switch|p1a: Dragapult|Dragapult, M|7/100
|move|p2a: Iron Jugulis|Earth Power|p1a: Dragapult
|-damage|p1a: Dragapult|0 fnt
|faint|p1a: Dragapult
|
|-weather|none
|upkeep
|inactive|gengar's style has 90 seconds left.
|
|t:|1760731476
|switch|p1a: Hawlucha|Hawlucha, M|100/100
|-enditem|p1a: Hawlucha|Grassy Seed
|-boost|p1a: Hawlucha|def|1|[from] item: Grassy Seed
|turn|7
|
|t:|1760731481
|-end|p2a: Iron Jugulis|Quark Drive|[silent]
|switch|p2a: Great Tusk|Great Tusk|100/100
|-status|p2a: Great Tusk|tox
|-damage|p2a: Great Tusk|98/100 tox|[from] Stealth Rock
|move|p1a: Hawlucha|Acrobatics|p2a: Great Tusk
|-supereffective|p2a: Great Tusk
|-damage|p2a: Great Tusk|51/100 tox
|-damage|p1a: Hawlucha|84/100|[from] item: Rocky Helmet|[of] p2a: Great Tusk
|
|-heal|p2a: Great Tusk|58/100 tox|[from] Grassy Terrain
|-damage|p2a: Great Tusk|51/100 tox|[from] psn
|-fieldend|move: Grassy Terrain
|upkeep
|turn|8
|
|t:|1760731493
|move|p1a: Hawlucha|Acrobatics|p2a: Great Tusk
|-supereffective|p2a: Great Tusk
|-crit|p2a: Great Tusk
|-damage|p2a: Great Tusk|0 fnt
|-damage|p1a: Hawlucha|68/100|[from] item: Rocky Helmet|[of] p2a: Great Tusk
|faint|p2a: Great Tusk
|-end|p2a: Great Tusk|Protosynthesis|[silent]
|
|upkeep
|
|t:|1760731505
|switch|p2a: Tyranitar|Tyranitar, F|88/100 psn
|-damage|p2a: Tyranitar|76/100 psn|[from] Stealth Rock
|-weather|Sandstorm|[from] ability: Sand Stream|[of] p2a: Tyranitar
|turn|9
|
|t:|1760731516
|-terastallize|p2a: Tyranitar|Flying
|move|p1a: Hawlucha|Acrobatics|p2a: Tyranitar
|-crit|p2a: Tyranitar
|-damage|p2a: Tyranitar|23/100 psn
|move|p2a: Tyranitar|Ice Beam|p1a: Hawlucha
|-supereffective|p1a: Hawlucha
|-damage|p1a: Hawlucha|7/100
|
|-weather|Sandstorm|[upkeep]
|-damage|p1a: Hawlucha|1/100|[from] Sandstorm
|-damage|p2a: Tyranitar|17/100 psn|[from] Sandstorm
|-heal|p2a: Tyranitar|23/100 psn|[from] item: Leftovers
|-damage|p2a: Tyranitar|11/100 psn|[from] psn
|upkeep
|turn|10
|
|t:|1760731537
|move|p1a: Hawlucha|Acrobatics|p2a: Tyranitar
|-damage|p2a: Tyranitar|0 fnt
|faint|p2a: Tyranitar
|
|-weather|Sandstorm|[upkeep]
|-damage|p1a: Hawlucha|0 fnt|[from] Sandstorm
|faint|p1a: Hawlucha
|upkeep
|
|t:|1760731545
|switch|p1a: Glimmora|Glimmora, M|72/100
|switch|p2a: Cinderace|Cinderace, M|51/100
|turn|11
|
|t:|1760731559
|move|p2a: Cinderace|U-turn|p1a: Glimmora
|-start|p2a: Cinderace|typechange|Bug|[from] ability: Libero
|-resisted|p1a: Glimmora
|-crit|p1a: Glimmora
|-damage|p1a: Glimmora|43/100
|
|t:|1760731561
|switch|p2a: Zapdos|Zapdos-Galar|60/100|[from] U-turn
|-damage|p2a: Zapdos|48/100|[from] Stealth Rock
|move|p1a: Glimmora|Power Gem|p2a: Zapdos
|-damage|p2a: Zapdos|0 fnt
|faint|p2a: Zapdos
|
|-weather|Sandstorm|[upkeep]
|upkeep
|
|t:|1760731574
|switch|p2a: Iron Jugulis|Iron Jugulis|69/100
|-damage|p2a: Iron Jugulis|45/100|[from] Stealth Rock
|turn|12
|
|t:|1760731583
|move|p2a: Iron Jugulis|Earth Power|p1a: Glimmora
|-supereffective|p1a: Glimmora
|-damage|p1a: Glimmora|0 fnt
|faint|p1a: Glimmora
|
|-weather|Sandstorm|[upkeep]
|-damage|p2a: Iron Jugulis|38/100|[from] Sandstorm
|upkeep
|inactive|gengar's style has 120 seconds left.
|
|t:|1760731598
|switch|p1a: Rillaboom|Rillaboom, M|57/100
|-fieldstart|move: Grassy Terrain|[from] ability: Grassy Surge|[of] p1a: Rillaboom
|turn|13
|inactive|gengar's style has 120 seconds left.
|
|t:|1760731606
|-terastallize|p1a: Rillaboom|Grass
|move|p1a: Rillaboom|Grassy Glide|p2a: Iron Jugulis
|-resisted|p2a: Iron Jugulis
|-damage|p2a: Iron Jugulis|8/100
|move|p2a: Iron Jugulis|Earth Power|p1a: Rillaboom
|-resisted|p1a: Rillaboom
|-damage|p1a: Rillaboom|38/100
|
|-weather|none
|-heal|p1a: Rillaboom|44/100|[from] Grassy Terrain
|upkeep
|turn|14
|inactive|gengar's style has 120 seconds left.
|
|t:|1760731616
|move|p1a: Rillaboom|Grassy Glide|p2a: Iron Jugulis
|-resisted|p2a: Iron Jugulis
|-damage|p2a: Iron Jugulis|0 fnt
|faint|p2a: Iron Jugulis
|-end|p2a: Iron Jugulis|Quark Drive|[silent]
|
|-heal|p1a: Rillaboom|50/100|[from] Grassy Terrain
|upkeep
|
|t:|1760731620
|switch|p2a: Cinderace|Cinderace, M|51/100
|turn|15
|
|t:|1760731628
|switch|p1a: Cinderace|Cinderace, M|100/100
|move|p2a: Cinderace|Court Change|p2a: Cinderace
|-start|p2a: Cinderace|typechange|Normal|[from] ability: Libero
|-swapsideconditions
|-activate|p2a: Cinderace|move: Court Change
|
|-heal|p2a: Cinderace|57/100|[from] Grassy Terrain
|upkeep
|turn|16
|
|t:|1760731636
|move|p2a: Cinderace|U-turn|p1a: Cinderace
|-resisted|p1a: Cinderace
|-damage|p1a: Cinderace|84/100
|
|t:|1760731638
|switch|p2a: Primarina|Primarina, M|100/100|[from] U-turn
|move|p1a: Cinderace|Court Change|p1a: Cinderace
|-start|p1a: Cinderace|typechange|Normal|[from] ability: Libero
|-swapsideconditions
|-activate|p1a: Cinderace|move: Court Change
|
|-heal|p1a: Cinderace|90/100|[from] Grassy Terrain
|upkeep
|turn|17
|
|t:|1760731653
|move|p1a: Cinderace|Gunk Shot|p2a: Primarina|[miss]
|-miss|p1a: Cinderace|p2a: Primarina
|move|p2a: Primarina|Calm Mind|p2a: Primarina
|-boost|p2a: Primarina|spa|1
|-boost|p2a: Primarina|spd|1
|
|-heal|p1a: Cinderace|96/100|[from] Grassy Terrain
|-fieldend|move: Grassy Terrain
|upkeep
|turn|18
|
|t:|1760731665
|move|p1a: Cinderace|Gunk Shot|p2a: Primarina
|-supereffective|p2a: Primarina
|-damage|p2a: Primarina|36/100
|move|p2a: Primarina|Substitute|p2a: Primarina
|-start|p2a: Primarina|Substitute
|-damage|p2a: Primarina|11/100
|
|-heal|p2a: Primarina|17/100|[from] item: Leftovers
|upkeep
|turn|19
|
|t:|1760731678
|move|p1a: Cinderace|Gunk Shot|p2a: Primarina
|-supereffective|p2a: Primarina
|-end|p2a: Primarina|Substitute
|move|p2a: Primarina|Draining Kiss|p1a: Cinderace
|-damage|p1a: Cinderace|51/100
|-heal|p2a: Primarina|45/100|[from] drain|[of] p1a: Cinderace
|
|-heal|p2a: Primarina|51/100|[from] item: Leftovers
|upkeep
|turn|20
|
|t:|1760731693
|move|p1a: Cinderace|Gunk Shot|p2a: Primarina
|-supereffective|p2a: Primarina
|-damage|p2a: Primarina|0 fnt
|faint|p2a: Primarina
|
|upkeep
|-message|PrimeXStriker forfeited.
|
|win|gengar's style
|raw|gengar&apos;s style's rating: 1541 &rarr; <strong>1562</strong><br />(+21 for winning)
|raw|PrimeXStriker's rating: 1552 &rarr; <strong>1531</strong><br />(-21 for losing)
|l|☆PrimeXStriker
|player|p2|
|l|☆gengar's style
|player|p1|
