|j|☆mataj
|j|☆bigtestsofbig
|t:|1760806510
|gametype|singles
|player|p1|mataj|hilbert-wonderlauncher|1598
|player|p2|bigtestsofbig|1|1548
|gen|9
|tier|[Gen 9] OU
|rated|
|rule|HP Percentage Mod: HP is shown in percentages
|rule|Endless Battle Clause: Forcing endless battles is banned
|rule|Species Clause: Limit one of each Pokémon
|rule|OHKO Clause: OHKO moves are banned
|rule|Evasion Items Clause: Evasion items are banned
|rule|Evasion Moves Clause: Evasion moves are banned
|rule|Evasion Abilities Clause: Evasion abilities are banned
|rule|Sleep Moves Clause: Sleep-inducing moves are banned
|clearpoke
|poke|p1|Ogerpon-Wellspring, F|
|poke|p1|Cinderace, M|
|poke|p1|Ting-Lu|
|poke|p1|Dragapult, F|
|poke|p1|Great Tusk|
|poke|p1|Kingambit, F|
|poke|p2|Iron Jugulis|
|poke|p2|Pelipper, F|
|poke|p2|Floatzel, M|
|poke|p2|Walking Wake|
|poke|p2|Basculegion-F, F|
|poke|p2|Iron Treads|
|teampreview
|inactive|Battle timer is ON: inactive players will automatically lose when time's up. (requested by bigtestsofbig)
|
|t:|1760806528
|teamsize|p1|6
|teamsize|p2|6
|start
|switch|p1a: Hehehe|Dragapult, F|100/100
|switch|p2a: Pelipper|Pelipper, F|100/100
|-weather|RainDance|[from] ability: Drizzle|[of] p2a: Pelipper
|turn|1
|
|t:|1760806534
|move|p1a: Hehehe|Draco Meteor|p2a: Pelipper|[miss]
|-miss|p1a: Hehehe|p2a: Pelipper
|move|p2a: Pelipper|Knock Off|p1a: Hehehe
|-supereffective|p1a: Hehehe
|-damage|p1a: Hehehe|68/100
|-enditem|p1a: Hehehe|Choice Specs|[from] move: Knock Off|[of] p2a: Pelipper
|
|-weather|RainDance|[upkeep]
|upkeep
|turn|2
|
|t:|1760806538
|move|p1a: Hehehe|Draco Meteor|p2a: Pelipper
|-damage|p2a: Pelipper|42/100
|-unboost|p1a: Hehehe|spa|2
|move|p2a: Pelipper|Roost|p2a: Pelipper
|-heal|p2a: Pelipper|92/100
|-singleturn|p2a: Pelipper|move: Roost
|
|-weather|RainDance|[upkeep]
|upkeep
|turn|3
|
|t:|1760806544
|move|p1a: Hehehe|U-turn|p2a: Pelipper
|-resisted|p2a: Pelipper
|-damage|p2a: Pelipper|83/100
|
|t:|1760806547
|switch|p1a: Not OG|Ogerpon-Wellspring, F|100/100|[from] U-turn
|move|p2a: Pelipper|U-turn|p1a: Not OG
|-supereffective|p1a: Not OG
|-damage|p1a: Not OG|79/100
|
|t:|1760806571
|switch|p2a: Basculegion|Basculegion-F, F|100/100|[from] U-turn
|
|-weather|RainDance|[upkeep]
|upkeep
|turn|4
|inactive|bigtestsofbig has 120 seconds left.
|
|t:|1760806605
|switch|p2a: Walking Wake|Walking Wake|100/100
|-enditem|p2a: Walking Wake|Booster Energy
|-activate|p2a: Walking Wake|ability: Protosynthesis|[fromitem]
|-start|p2a: Walking Wake|protosynthesisspe
|move|p1a: Not OG|Knock Off|p2a: Walking Wake
|-damage|p2a: Walking Wake|72/100
|
|-weather|RainDance|[upkeep]
|upkeep
|turn|5
|inactive|bigtestsofbig has 120 seconds left.
|
|t:|1760806616
|switch|p1a: Man|Ting-Lu|100/100
|-ability|p1a: Man|Vessel of Ruin
|move|p2a: Walking Wake|Dragon Pulse|p1a: Man
|-damage|p1a: Man|81/100
|
|-weather|RainDance|[upkeep]
|-heal|p1a: Man|87/100|[from] item: Leftovers
|upkeep
|turn|6
|
|t:|1760806622
|move|p2a: Walking Wake|Hydro Pump|p1a: Man
|-supereffective|p1a: Man
|-damage|p1a: Man|23/100
|move|p1a: Man|Spikes|p2a: Walking Wake
|-sidestart|p2: bigtestsofbig|Spikes
|
|-weather|RainDance|[upkeep]
|-heal|p1a: Man|29/100|[from] item: Leftovers
|upkeep
|turn|7
|
|t:|1760806633
|move|p2a: Walking Wake|Dragon Pulse|p1a: Man
|-damage|p1a: Man|13/100
|move|p1a: Man|Spikes|p2a: Walking Wake
|-sidestart|p2: bigtestsofbig|Spikes
|
|-weather|RainDance|[upkeep]
|-heal|p1a: Man|19/100|[from] item: Leftovers
|upkeep
|turn|8
|
|t:|1760806636
|switch|p1a: Not OG|Ogerpon-Wellspring, F|79/100
|move|p2a: Walking Wake|Dragon Pulse|p1a: Not OG
|-damage|p1a: Not OG|32/100
|
|-weather|none
|upkeep
|turn|9
|
|t:|1760806646
|switch|p1a: Man|Ting-Lu|19/100
|-ability|p1a: Man|Vessel of Ruin
|move|p2a: Walking Wake|Dragon Pulse|p1a: Man
|-damage|p1a: Man|2/100
|
|-heal|p1a: Man|8/100|[from] item: Leftovers
|upkeep
|turn|10
|
|t:|1760806650
|move|p2a: Walking Wake|Dragon Pulse|p1a: Man
|-damage|p1a: Man|0 fnt
|faint|p1a: Man
|
|upkeep
|
|t:|1760806653
|switch|p1a: The One Piece|Kingambit, F|100/100
|-activate|p1a: The One Piece|ability: Supreme Overlord
|-start|p1a: The One Piece|fallen1|[silent]
|turn|11
|
|t:|1760806664
|-terastallize|p2a: Walking Wake|Fairy
|move|p1a: The One Piece|Sucker Punch|p2a: Walking Wake
|-resisted|p2a: Walking Wake
|-damage|p2a: Walking Wake|48/100
|move|p2a: Walking Wake|Hydro Pump|p1a: The One Piece
|-damage|p1a: The One Piece|37/100
|
|-heal|p1a: The One Piece|43/100|[from] item: Leftovers
|upkeep
|turn|12
|
|t:|1760806677
|move|p2a: Walking Wake|Dragon Pulse|p1a: The One Piece
|-resisted|p1a: The One Piece
|-damage|p1a: The One Piece|17/100
|move|p1a: The One Piece|Iron Head|p2a: Walking Wake
|-supereffective|p2a: Walking Wake
|-damage|p2a: Walking Wake|0 fnt
|faint|p2a: Walking Wake
|-end|p2a: Walking Wake|Protosynthesis|[silent]
|
|-heal|p1a: The One Piece|23/100|[from] item: Leftovers
|upkeep
|
|t:|1760806683
|switch|p2a: Iron Jugulis|Iron Jugulis|100/100
|turn|13
|
|t:|1760806688
|-end|p1a: The One Piece|fallen1|[silent]
|switch|p1a: The Last 10|Cinderace, M|100/100
|move|p2a: Iron Jugulis|Dark Pulse|p1a: The Last 10
|-damage|p1a: The Last 10|29/100
|
|upkeep
|turn|14
|
|t:|1760806693
|-end|p2a: Iron Jugulis|Quark Drive|[silent]
|switch|p2a: Pelipper|Pelipper, F|83/100
|-weather|RainDance|[from] ability: Drizzle|[of] p2a: Pelipper
|move|p1a: The Last 10|Pyro Ball|p2a: Pelipper
|-resisted|p2a: Pelipper
|-damage|p2a: Pelipper|64/100
|
|-weather|RainDance|[upkeep]
|upkeep
|turn|15
|
|t:|1760806697
|move|p1a: The Last 10|U-turn|p2a: Pelipper
|-resisted|p2a: Pelipper
|-damage|p2a: Pelipper|56/100
|
|t:|1760806699
|switch|p1a: Hehehe|Dragapult, F|68/100|[from] U-turn
|move|p2a: Pelipper|Roost|p2a: Pelipper
|-heal|p2a: Pelipper|100/100
|-singleturn|p2a: Pelipper|move: Roost
|
|-weather|RainDance|[upkeep]
|upkeep
|turn|16
|
|t:|1760806703
|switch|p2a: Iron Jugulis|Iron Jugulis|100/100
|move|p1a: Hehehe|Draco Meteor|p2a: Iron Jugulis
|-damage|p2a: Iron Jugulis|33/100
|-unboost|p1a: Hehehe|spa|2
|
|-weather|RainDance|[upkeep]
|upkeep
|turn|17
|
|t:|1760806708
|-end|p2a: Iron Jugulis|Quark Drive|[silent]
|switch|p2a: Iron Treads|Iron Treads|100/100
|-damage|p2a: Iron Treads|84/100|[from] Spikes
|move|p1a: Hehehe|Draco Meteor|p2a: Iron Treads|[miss]
|-miss|p1a: Hehehe|p2a: Iron Treads
|
|-weather|RainDance|[upkeep]
|-heal|p2a: Iron Treads|90/100|[from] item: Leftovers
|upkeep
|turn|18
|
|t:|1760806711
|move|p1a: Hehehe|U-turn|p2a: Iron Treads
|-resisted|p2a: Iron Treads
|-damage|p2a: Iron Treads|83/100
|
|t:|1760806712
|switch|p1a: Lando|Great Tusk|100/100|[from] U-turn
|move|p2a: Iron Treads|Rapid Spin|p1a: Lando
|-damage|p1a: Lando|90/100
|-boost|p2a: Iron Treads|spe|1
|-damage|p2a: Iron Treads|66/100|[from] item: Rocky Helmet|[of] p1a: Lando
|-sideend|p2: bigtestsofbig|Spikes|[from] move: Rapid Spin|[of] p2a: Iron Treads
|
|-weather|RainDance|[upkeep]
|-heal|p2a: Iron Treads|72/100|[from] item: Leftovers
|upkeep
|turn|19
|
|t:|1760806717
|move|p2a: Iron Treads|Earthquake|p1a: Lando
|-damage|p1a: Lando|61/100
|move|p1a: Lando|Stealth Rock|p2a: Iron Treads
|-sidestart|p2: bigtestsofbig|move: Stealth Rock
|
|-weather|RainDance|[upkeep]
|-heal|p2a: Iron Treads|79/100|[from] item: Leftovers
|upkeep
|turn|20
|
|t:|1760806719
|move|p2a: Iron Treads|Earthquake|p1a: Lando
|-damage|p1a: Lando|30/100
|move|p1a: Lando|Rapid Spin|p2a: Iron Treads
|-resisted|p2a: Iron Treads
|-damage|p2a: Iron Treads|72/100
|-boost|p1a: Lando|spe|1
|
|-weather|RainDance|[upkeep]
|-heal|p2a: Iron Treads|78/100|[from] item: Leftovers
|upkeep
|turn|21
|
|t:|1760806724
|move|p2a: Iron Treads|Earthquake|p1a: Lando
|-damage|p1a: Lando|0 fnt
|faint|p1a: Lando
|-end|p1a: Lando|Protosynthesis|[silent]
|
|-weather|none
|-heal|p2a: Iron Treads|84/100|[from] item: Leftovers
|upkeep
|
|t:|1760806730
|switch|p1a: The One Piece|Kingambit, F|23/100
|-activate|p1a: The One Piece|ability: Supreme Overlord
|-start|p1a: The One Piece|fallen2|[silent]
|turn|22
|
|t:|1760806735
|move|p1a: The One Piece|Sucker Punch|p2a: Iron Treads
|-damage|p2a: Iron Treads|37/100
|move|p2a: Iron Treads|Earthquake|p1a: The One Piece
|-supereffective|p1a: The One Piece
|-damage|p1a: The One Piece|0 fnt
|faint|p1a: The One Piece
|-end|p1a: The One Piece|fallen2|[silent]
|
|-heal|p2a: Iron Treads|43/100|[from] item: Leftovers
|upkeep
|
|t:|1760806737
|switch|p1a: The Last 10|Cinderace, M|29/100
|turn|23
|
|t:|1760806744
|move|p2a: Iron Treads|Earthquake|p1a: The Last 10
|-supereffective|p1a: The Last 10
|-damage|p1a: The Last 10|0 fnt
|faint|p1a: The Last 10
|
|-heal|p2a: Iron Treads|49/100|[from] item: Leftovers
|upkeep
|
|t:|1760806746
|switch|p1a: Not OG|Ogerpon-Wellspring, F|32/100
|turn|24
|
|t:|1760806749
|move|p2a: Iron Treads|Ice Spinner|p1a: Not OG
|-damage|p1a: Not OG|0 fnt
|faint|p1a: Not OG
|
|-heal|p2a: Iron Treads|56/100|[from] item: Leftovers
|upkeep
|
|t:|1760806751
|switch|p1a: Hehehe|Dragapult, F|68/100
|turn|25
|
|t:|1760806753
|move|p2a: Iron Treads|Earthquake|p1a: Hehehe
|-damage|p1a: Hehehe|2/100
|move|p1a: Hehehe|Flamethrower|p2a: Iron Treads
|-supereffective|p2a: Iron Treads
|-damage|p2a: Iron Treads|0 fnt
|faint|p2a: Iron Treads
|-end|p2a: Iron Treads|Quark Drive|[silent]
|
|upkeep
|
|t:|1760806759
|switch|p2a: Floatzel|Floatzel, M|100/100
|-damage|p2a: Floatzel|88/100|[from] Stealth Rock
|turn|26
|
|t:|1760806763
|move|p1a: Hehehe|Draco Meteor|p2a: Floatzel|[miss]
|-miss|p1a: Hehehe|p2a: Floatzel
|move|p2a: Floatzel|Liquidation|p1a: Hehehe
|-resisted|p1a: Hehehe
|-damage|p1a: Hehehe|0 fnt
|faint|p1a: Hehehe
|
|win|bigtestsofbig
|raw|mataj's rating: 1598 &rarr; <strong>1575</strong><br />(-23 for losing)
|raw|bigtestsofbig's rating: 1548 &rarr; <strong>1571</strong><br />(+23 for winning)
|c|☆mataj|gg
|l|☆mataj
|player|p1|
|l|☆bigtestsofbig
|player|p2|
