|j|☆MTv_09
|j|☆Guerrero105
|t:|1760812968
|gametype|singles
|player|p1|MTv_09|guitarist|1232
|player|p2|Guerrero105|lucas-gen4pt|1296
|gen|9
|tier|[Gen 9] OU
|rated|
|rule|HP Percentage Mod: HP is shown in percentages
|rule|Endless Battle Clause: Forcing endless battles is banned
|rule|Species Clause: Limit one of each Pokémon
|rule|OHKO Clause: OHKO moves are banned
|rule|Evasion Items Clause: Evasion items are banned
|rule|Evasion Moves Clause: Evasion moves are banned
|rule|Evasion Abilities Clause: Evasion abilities are banned
|rule|Sleep Moves Clause: Sleep-inducing moves are banned
|clearpoke
|poke|p1|Toxtricity, M|
|poke|p1|Scizor, M|
|poke|p1|Gliscor, M|
|poke|p1|Corviknight, M|
|poke|p1|Meowscarada, M|
|poke|p1|Skarmory, M|
|poke|p2|Garchomp, M|
|poke|p2|Corviknight, M|
|poke|p2|Clefable, F|
|poke|p2|Galvantula, M|
|poke|p2|Incineroar, M|
|poke|p2|Serperior, M|
|teampreview
|inactive|Battle timer is ON: inactive players will automatically lose when time's up. (requested by Guerrero105)
|
|t:|1760812982
|teamsize|p1|6
|teamsize|p2|6
|start
|switch|p1a: Murdoc|Gliscor, M|100/100
|switch|p2a: Incineroar|Incineroar, M|100/100
|-ability|p2a: Incineroar|Intimidate|boost
|-unboost|p1a: Murdoc|atk|1
|turn|1
|inactive|Guerrero105 has 120 seconds left.
|
|t:|1760813019
|switch|p2a: Corviknight|Corviknight, M|100/100
|-ability|p2a: Corviknight|Pressure
|move|p1a: Murdoc|Stealth Rock|p2a: Corviknight
|-sidestart|p2: Guerrero105|move: Stealth Rock
|
|-status|p1a: Murdoc|tox|[from] item: Toxic Orb
|upkeep
|turn|2
|inactive|Guerrero105 has 120 seconds left.
|
|t:|1760813029
|move|p1a: Murdoc|Toxic Spikes|p2a: Corviknight
|-sidestart|p2: Guerrero105|move: Toxic Spikes
|move|p2a: Corviknight|Iron Defense|p2a: Corviknight
|-boost|p2a: Corviknight|def|2
|
|upkeep
|turn|3
|inactive|Guerrero105 has 120 seconds left.
|
|t:|1760813050
|switch|p1a: Kurt|Toxtricity, M|100/100
|move|p2a: Corviknight|Defog|p1a: Kurt
|-unboost|p1a: Kurt|evasion|1
|-sideend|p2: Guerrero105|Toxic Spikes|[from] move: Defog|[of] p2a: Corviknight
|-sideend|p2: Guerrero105|Stealth Rock|[from] move: Defog|[of] p2a: Corviknight
|
|upkeep
|turn|4
|
|t:|1760813060
|switch|p2a: Galvantula|Galvantula, M|100/100
|move|p1a: Kurt|Overdrive|p2a: Galvantula
|-resisted|p2a: Galvantula
|-damage|p2a: Galvantula|22/100
|
|upkeep
|turn|5
|inactive|Guerrero105 has 120 seconds left.
|
|t:|1760813073
|move|p2a: Galvantula|Light Screen|p2a: Galvantula
|-sidestart|p2: Guerrero105|move: Light Screen
|move|p1a: Kurt|Overdrive|p2a: Galvantula
|-resisted|p2a: Galvantula
|-damage|p2a: Galvantula|0 fnt
|faint|p2a: Galvantula
|
|upkeep
|
|t:|1760813079
|switch|p2a: Garchomp|Garchomp, M|100/100
|turn|6
|
|t:|1760813083
|switch|p1a: Keiler|Meowscarada, M|100/100
|move|p2a: Garchomp|Swords Dance|p2a: Garchomp
|-boost|p2a: Garchomp|atk|2
|
|upkeep
|turn|7
|
|t:|1760813090
|switch|p2a: Incineroar|Incineroar, M|100/100
|-ability|p2a: Incineroar|Intimidate|boost
|-unboost|p1a: Keiler|atk|1
|move|p1a: Keiler|Triple Axel|p2a: Incineroar
|-start|p1a: Keiler|typechange|Ice|[from] ability: Protean
|-resisted|p2a: Incineroar
|-damage|p2a: Incineroar|98/100
|-resisted|p2a: Incineroar
|-damage|p2a: Incineroar|92/100
|-resisted|p2a: Incineroar
|-damage|p2a: Incineroar|84/100
|-hitcount|p2a: Incineroar|3
|
|-heal|p2a: Incineroar|90/100|[from] item: Leftovers
|upkeep
|turn|8
|
|t:|1760813106
|move|p1a: Keiler|U-turn|p2a: Incineroar
|-damage|p2a: Incineroar|79/100
|
|t:|1760813110
|switch|p1a: Murdoc|Gliscor, M|100/100 tox|[from] U-turn
|move|p2a: Incineroar|Parting Shot|p1a: Murdoc
|-unboost|p1a: Murdoc|atk|1
|-unboost|p1a: Murdoc|spa|1
|
|t:|1760813118
|switch|p2a: Serperior|Serperior, M|100/100|[from] Parting Shot
|
|upkeep
|turn|9
|
|t:|1760813126
|move|p2a: Serperior|Taunt|p1a: Murdoc
|-start|p1a: Murdoc|move: Taunt
|move|p1a: Murdoc|U-turn|p2a: Serperior
|-supereffective|p2a: Serperior
|-damage|p2a: Serperior|73/100
|
|t:|1760813133
|switch|p1a: Kurt|Toxtricity, M|100/100|[from] U-turn
|
|-sideend|p2: Guerrero105|move: Light Screen
|upkeep
|turn|10
|
|t:|1760813140
|switch|p2a: Corviknight|Corviknight, M|100/100
|-ability|p2a: Corviknight|Pressure
|-terastallize|p1a: Kurt|Normal
|move|p1a: Kurt|Boomburst|p2a: Corviknight
|-resisted|p2a: Corviknight
|-damage|p2a: Corviknight|18/100
|
|upkeep
|turn|11
|
|t:|1760813156
|move|p1a: Kurt|Boomburst|p2a: Corviknight
|-resisted|p2a: Corviknight
|-damage|p2a: Corviknight|0 fnt
|faint|p2a: Corviknight
|
|upkeep
|
|t:|1760813173
|switch|p2a: Incineroar|Incineroar, M|79/100
|-ability|p2a: Incineroar|Intimidate|boost
|-unboost|p1a: Kurt|atk|1
|turn|12
|
|t:|1760813178
|-terastallize|p2a: Incineroar|Ghost
|move|p1a: Kurt|Boomburst|p2a: Incineroar
|-immune|p2a: Incineroar
|move|p2a: Incineroar|Knock Off|p1a: Kurt
|-damage|p1a: Kurt|39/100
|-enditem|p1a: Kurt|Choice Specs|[from] move: Knock Off|[of] p2a: Incineroar
|
|-heal|p2a: Incineroar|85/100|[from] item: Leftovers
|upkeep
|turn|13
|
|t:|1760813193
|switch|p1a: Keiler|Meowscarada, M|100/100
|move|p2a: Incineroar|Parting Shot|p1a: Keiler
|-unboost|p1a: Keiler|atk|1
|-unboost|p1a: Keiler|spa|1
|inactive|Guerrero105 has 120 seconds left.
|
|t:|1760813221
|switch|p2a: Clefable|Clefable, F|100/100|[from] Parting Shot
|
|upkeep
|turn|14
|
|t:|1760813230
|move|p1a: Keiler|U-turn|p2a: Clefable
|-start|p1a: Keiler|typechange|Bug|[from] ability: Protean
|-resisted|p2a: Clefable
|-damage|p2a: Clefable|82/100
|
|t:|1760813237
|switch|p1a: Kurt|Toxtricity, M, tera:Normal|39/100|[from] U-turn
|move|p2a: Clefable|Stealth Rock|p1a: Kurt
|-sidestart|p1: MTv_09|move: Stealth Rock
|
|-heal|p2a: Clefable|88/100|[from] item: Leftovers
|upkeep
|turn|15
|
|t:|1760813248
|move|p1a: Kurt|Sludge Wave|p2a: Clefable
|-supereffective|p2a: Clefable
|-damage|p2a: Clefable|11/100
|move|p2a: Clefable|Moonblast|p1a: Kurt
|-damage|p1a: Kurt|0 fnt
|faint|p1a: Kurt
|
|-heal|p2a: Clefable|17/100|[from] item: Leftovers
|upkeep
|
|t:|1760813260
|switch|p1a: Murdoc|Gliscor, M|100/100 tox
|-damage|p1a: Murdoc|88/100 tox|[from] Stealth Rock
|turn|16
|
|t:|1760813266
|move|p1a: Murdoc|Earthquake|p2a: Clefable
|-damage|p2a: Clefable|0 fnt
|faint|p2a: Clefable
|
|-heal|p1a: Murdoc|100/100 tox|[from] ability: Poison Heal
|upkeep
|
|t:|1760813276
|switch|p2a: Serperior|Serperior, M|73/100
|turn|17
|
|t:|1760813282
|move|p2a: Serperior|Leaf Storm|p1a: Murdoc
|-damage|p1a: Murdoc|47/100 tox
|-boost|p2a: Serperior|spa|2
|move|p1a: Murdoc|U-turn|p2a: Serperior
|-supereffective|p2a: Serperior
|-damage|p2a: Serperior|33/100
|
|t:|1760813289
|switch|p1a: Seven|Scizor, M|100/100|[from] U-turn
|-damage|p1a: Seven|88/100|[from] Stealth Rock
|
|upkeep
|turn|18
|
|t:|1760813296
|switch|p2a: Incineroar|Incineroar, M, tera:Ghost|85/100
|-ability|p2a: Incineroar|Intimidate|boost
|-unboost|p1a: Seven|atk|1
|move|p1a: Seven|U-turn|p2a: Incineroar
|-resisted|p2a: Incineroar
|-damage|p2a: Incineroar|67/100
|
|t:|1760813305
|switch|p1a: Keiler|Meowscarada, M|100/100|[from] U-turn
|
|-heal|p2a: Incineroar|73/100|[from] item: Leftovers
|upkeep
|turn|19
|
|t:|1760813312
|move|p1a: Keiler|Knock Off|p2a: Incineroar
|-start|p1a: Keiler|typechange|Dark|[from] ability: Protean
|-supereffective|p2a: Incineroar
|-damage|p2a: Incineroar|0 fnt
|-enditem|p2a: Incineroar|Leftovers|[from] move: Knock Off|[of] p1a: Keiler
|faint|p2a: Incineroar
|
|upkeep
|-message|Guerrero105 forfeited.
|
|win|MTv_09
|raw|MTv_09's rating: 1232 &rarr; <strong>1262</strong><br />(+30 for winning)
|raw|Guerrero105's rating: 1296 &rarr; <strong>1266</strong><br />(-30 for losing)
|l|☆Guerrero105
|player|p2|
|l|☆MTv_09
|player|p1|
