|j|☆RocksDXebeccc
|j|☆kingkong427
|t:|1760807845
|gametype|singles
|player|p1|RocksDXebeccc|101|1724
|player|p2|kingkong427|ethan|1773
|gen|9
|tier|[Gen 9] OU
|rated|
|rule|HP Percentage Mod: HP is shown in percentages
|rule|Endless Battle Clause: Forcing endless battles is banned
|rule|Species Clause: Limit one of each Pokémon
|rule|OHKO Clause: OHKO moves are banned
|rule|Evasion Items Clause: Evasion items are banned
|rule|Evasion Moves Clause: Evasion moves are banned
|rule|Evasion Abilities Clause: Evasion abilities are banned
|rule|Sleep Moves Clause: Sleep-inducing moves are banned
|clearpoke
|poke|p1|Cinderace, F|
|poke|p1|Landorus-Therian, M|
|poke|p1|Gholdengo|
|poke|p1|Clefable, M|
|poke|p1|Mimikyu, M|
|poke|p1|Toxapex, F|
|poke|p2|Ting-Lu|
|poke|p2|Sinistcha|
|poke|p2|Garganacl, M|
|poke|p2|Moltres|
|poke|p2|Okidogi, M|
|poke|p2|Dragonite, F|
|teampreview
|
|t:|1760807862
|teamsize|p1|6
|teamsize|p2|6
|start
|switch|p1a: Clefable|Clefable, M|100/100
|switch|p2a: Garganacl|Garganacl, M|100/100
|turn|1
|
|t:|1760807867
|move|p1a: Clefable|Moonblast|p2a: Garganacl
|-damage|p2a: Garganacl|63/100
|move|p2a: Garganacl|Stealth Rock|p1a: Clefable
|-sidestart|p1: RocksDXebeccc|move: Stealth Rock
|
|-heal|p2a: Garganacl|69/100|[from] item: Leftovers
|upkeep
|turn|2
|
|t:|1760807879
|switch|p2a: Okidogi|Okidogi, M|100/100
|move|p1a: Clefable|Moonblast|p2a: Okidogi
|-damage|p2a: Okidogi|53/100
|
|-heal|p2a: Okidogi|59/100|[from] item: Leftovers
|upkeep
|turn|3
|j| PIDGEY GORDITO
|
|t:|1760807886
|switch|p1a: Landorus|Landorus-Therian, M|100/100
|-damage|p1a: Landorus|88/100|[from] Stealth Rock
|-ability|p1a: Landorus|Intimidate|boost
|-unboost|p2a: Okidogi|atk|1
|move|p2a: Okidogi|Knock Off|p1a: Landorus
|-damage|p1a: Landorus|72/100
|-status|p1a: Landorus|tox|[from] ability: Toxic Chain|[of] p2a: Okidogi
|-enditem|p1a: Landorus|Leftovers|[from] move: Knock Off|[of] p2a: Okidogi
|
|-heal|p2a: Okidogi|65/100|[from] item: Leftovers
|-damage|p1a: Landorus|66/100 tox|[from] psn
|upkeep
|turn|4
|l| PIDGEY GORDITO
|
|t:|1760807903
|switch|p2a: Ting-Lu|Ting-Lu|100/100
|-ability|p2a: Ting-Lu|Vessel of Ruin
|move|p1a: Landorus|Stealth Rock|p2a: Ting-Lu
|-sidestart|p2: kingkong427|move: Stealth Rock
|
|-damage|p1a: Landorus|54/100 tox|[from] psn
|upkeep
|turn|5
|
|t:|1760807911
|move|p1a: Landorus|Earthquake|p2a: Ting-Lu
|-damage|p2a: Ting-Lu|74/100
|move|p2a: Ting-Lu|Spikes|p1a: Landorus
|-sidestart|p1: RocksDXebeccc|Spikes
|
|-heal|p2a: Ting-Lu|80/100|[from] item: Leftovers
|-damage|p1a: Landorus|36/100 tox|[from] psn
|upkeep
|turn|6
|
|t:|1760807918
|move|p1a: Landorus|U-turn|p2a: Ting-Lu
|-supereffective|p2a: Ting-Lu
|-crit|p2a: Ting-Lu
|-damage|p2a: Ting-Lu|47/100
|
|t:|1760807927
|switch|p1a: Cinderace|Cinderace, F|100/100|[from] U-turn
|move|p2a: Ting-Lu|Spikes|p1a: Cinderace
|-sidestart|p1: RocksDXebeccc|Spikes
|
|-heal|p2a: Ting-Lu|53/100|[from] item: Leftovers
|upkeep
|turn|7
|
|t:|1760807933
|move|p1a: Cinderace|U-turn|p2a: Ting-Lu
|-start|p1a: Cinderace|typechange|Bug|[from] ability: Libero
|-supereffective|p2a: Ting-Lu
|-damage|p2a: Ting-Lu|13/100
|j| dragonlatios1
|
|t:|1760807938
|switch|p1a: Landorus|Landorus-Therian, M|36/100 tox|[from] U-turn
|-damage|p1a: Landorus|24/100 tox|[from] Stealth Rock
|-ability|p1a: Landorus|Intimidate|boost
|-unboost|p2a: Ting-Lu|atk|1
|move|p2a: Ting-Lu|Earthquake|p1a: Landorus
|-immune|p1a: Landorus
|
|-heal|p2a: Ting-Lu|19/100|[from] item: Leftovers
|-damage|p1a: Landorus|18/100 tox|[from] psn
|upkeep
|turn|8
|
|t:|1760807952
|switch|p2a: Moltres|Moltres|100/100
|move|p1a: Landorus|U-turn|p2a: Moltres
|-resisted|p2a: Moltres
|-damage|p2a: Moltres|97/100
|
|t:|1760807958
|switch|p1a: Clefable|Clefable, M|100/100|[from] U-turn
|
|upkeep
|turn|9
|
|t:|1760807962
|switch|p2a: Ting-Lu|Ting-Lu|19/100
|-damage|p2a: Ting-Lu|13/100|[from] Stealth Rock
|-ability|p2a: Ting-Lu|Vessel of Ruin
|move|p1a: Clefable|Thunderbolt|p2a: Ting-Lu
|-immune|p2a: Ting-Lu
|
|-heal|p2a: Ting-Lu|19/100|[from] item: Leftovers
|upkeep
|turn|10
|
|t:|1760807971
|move|p1a: Clefable|Moonblast|p2a: Ting-Lu
|-supereffective|p2a: Ting-Lu
|-damage|p2a: Ting-Lu|0 fnt
|faint|p2a: Ting-Lu
|
|upkeep
|
|t:|1760807978
|switch|p2a: Okidogi|Okidogi, M|65/100
|-damage|p2a: Okidogi|59/100|[from] Stealth Rock
|turn|11
|
|t:|1760807985
|switch|p1a: Landorus|Landorus-Therian, M|18/100 tox
|-damage|p1a: Landorus|6/100 tox|[from] Stealth Rock
|-ability|p1a: Landorus|Intimidate|boost
|-unboost|p2a: Okidogi|atk|1
|move|p2a: Okidogi|Knock Off|p1a: Landorus
|-damage|p1a: Landorus|0 fnt
|faint|p1a: Landorus
|
|-heal|p2a: Okidogi|65/100|[from] item: Leftovers
|upkeep
|
|t:|1760807996
|switch|p1a: Cinderace|Cinderace, F|100/100
|turn|12
|
|t:|1760808000
|move|p1a: Cinderace|Pyro Ball|p2a: Okidogi
|-damage|p2a: Okidogi|21/100
|move|p2a: Okidogi|Drain Punch|p1a: Cinderace
|-damage|p1a: Cinderace|70/100
|-heal|p2a: Okidogi|33/100|[from] drain|[of] p1a: Cinderace
|
|-heal|p2a: Okidogi|39/100|[from] item: Leftovers
|upkeep
|turn|13
|
|t:|1760808008
|switch|p2a: Moltres|Moltres|97/100
|move|p1a: Cinderace|Pyro Ball|p2a: Moltres
|-resisted|p2a: Moltres
|-damage|p2a: Moltres|76/100
|
|upkeep
|turn|14
|
|t:|1760808016
|switch|p1a: Toxapex|Toxapex, F|100/100
|-damage|p1a: Toxapex|88/100|[from] Stealth Rock
|-damage|p1a: Toxapex|72/100|[from] Spikes
|move|p2a: Moltres|Flamethrower|p1a: Toxapex
|-resisted|p1a: Toxapex
|-crit|p1a: Toxapex
|-damage|p1a: Toxapex|54/100
|
|-heal|p1a: Toxapex|60/100|[from] item: Leftovers
|upkeep
|turn|15
|
|t:|1760808028
|switch|p2a: Garganacl|Garganacl, M|69/100
|-damage|p2a: Garganacl|57/100|[from] Stealth Rock
|switch|p1a: Clefable|Clefable, M|100/100
|
|-heal|p2a: Garganacl|63/100|[from] item: Leftovers
|upkeep
|turn|16
|
|t:|1760808036
|move|p2a: Garganacl|Protect|p2a: Garganacl
|-singleturn|p2a: Garganacl|Protect
|move|p1a: Clefable|Moonblast|p2a: Garganacl
|-activate|p2a: Garganacl|move: Protect
|
|-heal|p2a: Garganacl|69/100|[from] item: Leftovers
|upkeep
|turn|17
|
|t:|1760808044
|move|p1a: Clefable|Moonblast|p2a: Garganacl
|-damage|p2a: Garganacl|28/100
|-unboost|p2a: Garganacl|spa|1
|move|p2a: Garganacl|Salt Cure|p1a: Clefable
|-damage|p1a: Clefable|84/100
|-start|p1a: Clefable|Salt Cure
|
|-heal|p2a: Garganacl|35/100|[from] item: Leftovers
|upkeep
|turn|18
|
|t:|1760808055
|move|p2a: Garganacl|Protect|p2a: Garganacl
|-singleturn|p2a: Garganacl|Protect
|move|p1a: Clefable|Moonblast|p2a: Garganacl
|-activate|p2a: Garganacl|move: Protect
|
|-heal|p2a: Garganacl|41/100|[from] item: Leftovers
|upkeep
|turn|19
|
|t:|1760808080
|move|p1a: Clefable|Moonblast|p2a: Garganacl
|-damage|p2a: Garganacl|0 fnt
|faint|p2a: Garganacl
|
|upkeep
|
|t:|1760808091
|switch|p2a: Okidogi|Okidogi, M|39/100
|-damage|p2a: Okidogi|33/100|[from] Stealth Rock
|turn|20
|
|t:|1760808107
|move|p2a: Okidogi|Bulk Up|p2a: Okidogi
|-boost|p2a: Okidogi|atk|1
|-boost|p2a: Okidogi|def|1
|move|p1a: Clefable|Moonblast|p2a: Okidogi
|-damage|p2a: Okidogi|0 fnt
|faint|p2a: Okidogi
|
|upkeep
|
|t:|1760808109
|switch|p2a: Sinistcha|Sinistcha|100/100
|turn|21
|
|t:|1760808118
|-terastallize|p2a: Sinistcha|Poison
|-terastallize|p1a: Clefable|Fire
|move|p2a: Sinistcha|Calm Mind|p2a: Sinistcha
|-boost|p2a: Sinistcha|spa|1
|-boost|p2a: Sinistcha|spd|1
|move|p1a: Clefable|Flamethrower|p2a: Sinistcha
|-damage|p2a: Sinistcha|79/100
|
|upkeep
|turn|22
|
|t:|1760808129
|switch|p1a: Gholdengo|Gholdengo|100/100
|-damage|p1a: Gholdengo|94/100|[from] Stealth Rock
|-damage|p1a: Gholdengo|78/100|[from] Spikes
|move|p2a: Sinistcha|Calm Mind|p2a: Sinistcha
|-boost|p2a: Sinistcha|spa|1
|-boost|p2a: Sinistcha|spd|1
|
|upkeep
|turn|23
|
|t:|1760808136
|move|p1a: Gholdengo|Trick|p2a: Sinistcha
|-activate|p1a: Gholdengo|move: Trick|[of] p2a: Sinistcha
|-item|p2a: Sinistcha|Choice Scarf|[from] move: Trick
|-item|p1a: Gholdengo|Heavy-Duty Boots|[from] move: Trick
|move|p2a: Sinistcha|Shadow Ball|p1a: Gholdengo
|-supereffective|p1a: Gholdengo
|-damage|p1a: Gholdengo|0 fnt
|faint|p1a: Gholdengo
|
|upkeep
|
|t:|1760808146
|switch|p1a: Cinderace|Cinderace, F|70/100
|turn|24
|
|t:|1760808149
|move|p1a: Cinderace|Court Change|p1a: Cinderace
|-start|p1a: Cinderace|typechange|Normal|[from] ability: Libero
|-swapsideconditions
|-activate|p1a: Cinderace|move: Court Change
|move|p2a: Sinistcha|Shadow Ball|p1a: Cinderace
|-immune|p1a: Cinderace
|
|upkeep
|turn|25
|
|t:|1760808162
|switch|p2a: Moltres|Moltres|76/100
|move|p1a: Cinderace|Pyro Ball|p2a: Moltres
|-resisted|p2a: Moltres
|-damage|p2a: Moltres|63/100
|
|upkeep
|turn|26
|
|t:|1760808169
|switch|p1a: Clefable|Clefable, M, tera:Fire|84/100
|move|p2a: Moltres|Will-O-Wisp|p1a: Clefable
|-immune|p1a: Clefable
|
|upkeep
|turn|27
|-message|kingkong427 forfeited.
|
|win|RocksDXebeccc
|raw|RocksDXebeccc's rating: 1724 &rarr; <strong>1745</strong><br />(+21 for winning)
|raw|kingkong427's rating: 1749 &rarr; <strong>1728</strong><br />(-21 for losing)
|l|☆kingkong427
|player|p2|
|l|☆RocksDXebeccc
|player|p1|
|l| dragonlatios1
