|j|☆YumeKasumi76
|j|☆chairn't
|t:|1760720893
|gametype|singles
|player|p1|YumeKasumi76|101|1392
|player|p2|chairn't|miku-fairy|1410
|gen|9
|tier|[Gen 9] OU
|rated|
|rule|HP Percentage Mod: HP is shown in percentages
|rule|Endless Battle Clause: Forcing endless battles is banned
|rule|Species Clause: Limit one of each Pokémon
|rule|OHKO Clause: OHKO moves are banned
|rule|Evasion Items Clause: Evasion items are banned
|rule|Evasion Moves Clause: Evasion moves are banned
|rule|Evasion Abilities Clause: Evasion abilities are banned
|rule|Sleep Moves Clause: Sleep-inducing moves are banned
|clearpoke
|poke|p1|Heracross, M|
|poke|p1|Latias, F|
|poke|p1|Honchkrow, M|
|poke|p1|Heatran, M|
|poke|p1|Brambleghast, M|
|poke|p1|Suicune|
|poke|p2|Ting-Lu|
|poke|p2|Hatterene, F|
|poke|p2|Great Tusk|
|poke|p2|Ceruledge, M|
|poke|p2|Dragonite, F|
|poke|p2|Kyurem|
|teampreview
|inactive|Battle timer is ON: inactive players will automatically lose when time's up. (requested by chairn't)
|inactive|chairn't has 120 seconds left.
|l|☆YumeKasumi76
|inactive|YumeKasumi76 disconnected and has a minute to reconnect!
|player|p1|
|j|☆YumeKasumi76
|inactive|YumeKasumi76 reconnected.
|player|p1|YumeKasumi76|101|
|
|t:|1760720953
|teamsize|p1|6
|teamsize|p2|6
|start
|switch|p1a: SogiitaGunha|Heracross, M|100/100
|switch|p2a: Ting-Lu|Ting-Lu|100/100
|-ability|p2a: Ting-Lu|Vessel of Ruin
|turn|1
|
|t:|1760720966
|move|p1a: SogiitaGunha|Megahorn|p2a: Ting-Lu
|-supereffective|p2a: Ting-Lu
|-damage|p2a: Ting-Lu|3/100
|move|p2a: Ting-Lu|Stealth Rock|p1a: SogiitaGunha
|-sidestart|p1: YumeKasumi76|move: Stealth Rock
|
|-heal|p2a: Ting-Lu|10/100|[from] item: Leftovers
|upkeep
|turn|2
|
|t:|1760720990
|switch|p2a: Dragonite|Dragonite, F|100/100
|move|p1a: SogiitaGunha|Megahorn|p2a: Dragonite
|-resisted|p2a: Dragonite
|-damage|p2a: Dragonite|78/100
|
|-heal|p2a: Dragonite|84/100|[from] item: Leftovers
|upkeep
|turn|3
|
|t:|1760720998
|move|p1a: SogiitaGunha|Megahorn|p2a: Dragonite
|-resisted|p2a: Dragonite
|-damage|p2a: Dragonite|38/100
|move|p2a: Dragonite|Dragon Dance|p2a: Dragonite
|-boost|p2a: Dragonite|atk|1
|-boost|p2a: Dragonite|spe|1
|
|-heal|p2a: Dragonite|44/100|[from] item: Leftovers
|upkeep
|turn|4
|
|t:|1760721020
|switch|p1a: Purifier|Suicune|100/100
|-damage|p1a: Purifier|88/100|[from] Stealth Rock
|-ability|p1a: Purifier|Pressure
|move|p2a: Dragonite|Roost|p2a: Dragonite
|-heal|p2a: Dragonite|94/100
|-singleturn|p2a: Dragonite|move: Roost
|
|-heal|p2a: Dragonite|99/100|[from] item: Leftovers
|-heal|p1a: Purifier|94/100|[from] item: Leftovers
|upkeep
|turn|5
|l|☆YumeKasumi76
|inactive|YumeKasumi76 disconnected and has a minute to reconnect!
|player|p1|
|j|☆YumeKasumi76
|inactive|YumeKasumi76 reconnected and has 150 seconds left.
|player|p1|YumeKasumi76|101|
|
|t:|1760721032
|-terastallize|p2a: Dragonite|Fairy
|move|p2a: Dragonite|Dragon Dance|p2a: Dragonite
|-boost|p2a: Dragonite|atk|1
|-boost|p2a: Dragonite|spe|1
|move|p1a: Purifier|Icy Wind|p2a: Dragonite
|-damage|p2a: Dragonite|88/100
|-unboost|p2a: Dragonite|spe|1
|
|-heal|p2a: Dragonite|94/100|[from] item: Leftovers
|-heal|p1a: Purifier|100/100|[from] item: Leftovers
|upkeep
|turn|6
|
|t:|1760721040
|move|p2a: Dragonite|Dragon Dance|p2a: Dragonite
|-boost|p2a: Dragonite|atk|1
|-boost|p2a: Dragonite|spe|1
|move|p1a: Purifier|Scald|p2a: Dragonite
|-damage|p2a: Dragonite|68/100
|
|-heal|p2a: Dragonite|74/100|[from] item: Leftovers
|upkeep
|turn|7
|
|t:|1760721046
|move|p2a: Dragonite|Tera Blast|p1a: Purifier|[anim] Tera Blast Fairy
|-damage|p1a: Purifier|35/100
|move|p1a: Purifier|Roar|p2a: Dragonite
|drag|p2a: Ceruledge|Ceruledge, M|100/100
|
|-heal|p1a: Purifier|41/100|[from] item: Leftovers
|upkeep
|turn|8
|
|t:|1760721052
|move|p2a: Ceruledge|Swords Dance|p2a: Ceruledge
|-boost|p2a: Ceruledge|atk|2
|move|p1a: Purifier|Tailwind|p1a: Purifier
|-sidestart|p1: YumeKasumi76|move: Tailwind
|
|-heal|p1a: Purifier|47/100|[from] item: Leftovers
|upkeep
|turn|9
|
|t:|1760721057
|move|p1a: Purifier|Scald|p2a: Ceruledge
|-supereffective|p2a: Ceruledge
|-damage|p2a: Ceruledge|35/100
|move|p2a: Ceruledge|Close Combat|p1a: Purifier
|-damage|p1a: Purifier|3/100
|-unboost|p2a: Ceruledge|def|1
|-unboost|p2a: Ceruledge|spd|1
|
|-heal|p1a: Purifier|9/100|[from] item: Leftovers
|upkeep
|turn|10
|
|t:|1760721068
|switch|p1a: Shinetori|Honchkrow, M|100/100
|-damage|p1a: Shinetori|76/100|[from] Stealth Rock
|move|p2a: Ceruledge|Shadow Sneak|p1a: Shinetori
|-resisted|p1a: Shinetori
|-damage|p1a: Shinetori|40/100
|
|upkeep
|turn|11
|
|t:|1760721089
|switch|p2a: Hatterene|Hatterene, F|100/100
|move|p1a: Shinetori|Brave Bird|p2a: Hatterene
|-damage|p2a: Hatterene|23/100
|-damage|p1a: Shinetori|16/100|[from] Recoil
|-damage|p1a: Shinetori|6/100|[from] item: Life Orb
|
|-sideend|p1: YumeKasumi76|move: Tailwind
|upkeep
|turn|12
|
|t:|1760721098
|move|p1a: Shinetori|Tailwind|p1a: Shinetori
|-sidestart|p1: YumeKasumi76|move: Tailwind
|move|p2a: Hatterene|Nuzzle|p1a: Shinetori
|-supereffective|p1a: Shinetori
|-damage|p1a: Shinetori|0 fnt
|faint|p1a: Shinetori
|
|upkeep
|
|t:|1760721122
|switch|p1a: MapoTofu|Heatran, M|100/100
|-damage|p1a: MapoTofu|88/100|[from] Stealth Rock
|turn|13
|
|t:|1760721141
|move|p1a: MapoTofu|Stealth Rock|p2a: Hatterene
|move|p2a: Hatterene|Stealth Rock||[from] ability: Magic Bounce|[still]
|-fail|p2a: Hatterene
|move|p2a: Hatterene|Nuzzle|p1a: MapoTofu
|-damage|p1a: MapoTofu|85/100
|-status|p1a: MapoTofu|par
|
|-heal|p1a: MapoTofu|91/100 par|[from] item: Leftovers
|upkeep
|turn|14
|
|t:|1760721147
|cant|p1a: MapoTofu|par
|move|p2a: Hatterene|Psyshock|p1a: MapoTofu
|-resisted|p1a: MapoTofu
|-damage|p1a: MapoTofu|74/100 par
|
|-heal|p1a: MapoTofu|80/100 par|[from] item: Leftovers
|upkeep
|turn|15
|
|t:|1760721160
|switch|p1a: BigKusa|Brambleghast, M|100/100
|-ability|p1a: BigKusa|Wind Rider|boost
|-boost|p1a: BigKusa|atk|1
|switch|p2a: Kyurem|Kyurem|100/100
|-ability|p2a: Kyurem|Pressure
|
|-sideend|p1: YumeKasumi76|move: Tailwind
|upkeep
|turn|16
|
|t:|1760721170
|-terastallize|p1a: BigKusa|Fire
|move|p2a: Kyurem|Earth Power|p1a: BigKusa
|-supereffective|p1a: BigKusa
|-damage|p1a: BigKusa|0 fnt
|faint|p1a: BigKusa
|
|upkeep
|-message|YumeKasumi76 forfeited.
|
|win|chairn't
|raw|YumeKasumi76's rating: 1392 &rarr; <strong>1373</strong><br />(-19 for losing)
|raw|chairn&apos;t's rating: 1410 &rarr; <strong>1429</strong><br />(+19 for winning)
|l|☆YumeKasumi76
|player|p1|
