|j|☆enormouschilli
|j|☆Avl2121
|t:|1760765949
|gametype|singles
|player|p1|enormouschilli|2|1336
|player|p2|Avl2121|dragontamer|1291
|gen|9
|tier|[Gen 9] OU
|rated|
|rule|HP Percentage Mod: HP is shown in percentages
|rule|Endless Battle Clause: Forcing endless battles is banned
|rule|Species Clause: Limit one of each Pokémon
|rule|OHKO Clause: OHKO moves are banned
|rule|Evasion Items Clause: Evasion items are banned
|rule|Evasion Moves Clause: Evasion moves are banned
|rule|Evasion Abilities Clause: Evasion abilities are banned
|rule|Sleep Moves Clause: Sleep-inducing moves are banned
|clearpoke
|poke|p1|Hatterene, F|
|poke|p1|Indeedee-F, F|
|poke|p1|Kingambit, F|
|poke|p1|Avalugg, F|
|poke|p1|Cresselia, F|
|poke|p1|Crawdaunt, F|
|poke|p2|Garganacl, M|
|poke|p2|Blaziken, M|
|poke|p2|Landorus-Therian, M|
|poke|p2|Kyurem|
|poke|p2|Flygon, M|
|poke|p2|Gengar, M|
|teampreview
|inactive|Battle timer is ON: inactive players will automatically lose when time's up. (requested by Avl2121)
|
|t:|1760765956
|teamsize|p1|6
|teamsize|p2|6
|start
|switch|p1a: Hatterene|Hatterene, F|100/100
|switch|p2a: Gengar|Gengar, M|100/100
|turn|1
|
|t:|1760765964
|move|p2a: Gengar|Trick|p1a: Hatterene
|-activate|p2a: Gengar|move: Trick|[of] p1a: Hatterene
|-item|p1a: Hatterene|Choice Scarf|[from] move: Trick
|-item|p2a: Gengar|Focus Sash|[from] move: Trick
|move|p1a: Hatterene|Trick Room|p1a: Hatterene
|-fieldstart|move: Trick Room|[of] p1a: Hatterene
|
|upkeep
|turn|2
|
|t:|1760765973
|switch|p1a: Kingambit|Kingambit, F|100/100
|switch|p2a: Garganacl|Garganacl, M|100/100
|
|upkeep
|turn|3
|
|t:|1760765987
|move|p2a: Garganacl|Salt Cure|p1a: Kingambit
|-resisted|p1a: Kingambit
|-damage|p1a: Kingambit|96/100
|-start|p1a: Kingambit|Salt Cure
|move|p1a: Kingambit|Iron Head|p2a: Garganacl
|-supereffective|p2a: Garganacl
|-damage|p2a: Garganacl|48/100
|
|-heal|p2a: Garganacl|54/100|[from] item: Leftovers
|-heal|p1a: Kingambit|100/100|[from] item: Leftovers
|-damage|p1a: Kingambit|75/100|[from] Salt Cure
|upkeep
|turn|4
|
|t:|1760765997
|-end|p1a: Kingambit|fallenundefined|[silent]
|switch|p1a: Hatterene|Hatterene, F|100/100
|move|p2a: Garganacl|Recover|p2a: Garganacl
|-heal|p2a: Garganacl|100/100
|
|upkeep
|turn|5
|
|t:|1760766002
|move|p1a: Hatterene|Healing Wish|p1a: Hatterene
|faint|p1a: Hatterene
|move|p2a: Garganacl|Salt Cure|p1: Hatterene|[notarget]
|-fail|p2a: Garganacl
|
|-fieldend|move: Trick Room
|upkeep
|
|t:|1760766008
|switch|p1a: Crawdaunt|Crawdaunt, F|100/100
|turn|6
|
|t:|1760766019
|move|p1a: Crawdaunt|Crabhammer|p2a: Garganacl
|-supereffective|p2a: Garganacl
|-damage|p2a: Garganacl|0 fnt
|faint|p2a: Garganacl
|-damage|p1a: Crawdaunt|91/100|[from] item: Life Orb
|
|upkeep
|
|t:|1760766022
|switch|p2a: Gengar|Gengar, M|100/100
|turn|7
|
|t:|1760766029
|switch|p1a: Indeedee|Indeedee-F, F|100/100
|-fieldstart|move: Psychic Terrain|[from] ability: Psychic Surge|[of] p1a: Indeedee
|move|p2a: Gengar|Thunder Wave|p1a: Indeedee|[miss]
|-miss|p2a: Gengar|p1a: Indeedee
|
|upkeep
|turn|8
|
|t:|1760766039
|move|p2a: Gengar|Destiny Bond|p2a: Gengar
|-singlemove|p2a: Gengar|Destiny Bond
|move|p1a: Indeedee|Trick Room|p1a: Indeedee
|-fieldstart|move: Trick Room|[of] p1a: Indeedee
|
|upkeep
|turn|9
|
|t:|1760766046
|switch|p2a: Kyurem|Kyurem|100/100
|-ability|p2a: Kyurem|Pressure
|move|p1a: Indeedee|Psychic|p2a: Kyurem
|-damage|p2a: Kyurem|53/100
|-unboost|p2a: Kyurem|spd|1
|
|-heal|p2a: Kyurem|60/100|[from] item: Leftovers
|upkeep
|turn|10
|
|t:|1760766052
|move|p1a: Indeedee|Psychic|p2a: Kyurem
|-damage|p2a: Kyurem|0 fnt
|faint|p2a: Kyurem
|
|upkeep
|
|t:|1760766057
|switch|p2a: Landorus|Landorus-Therian, M|100/100
|-ability|p2a: Landorus|Intimidate|boost
|-unboost|p1a: Indeedee|atk|1
|turn|11
|
|t:|1760766065
|move|p1a: Indeedee|Charm|p2a: Landorus
|-unboost|p2a: Landorus|atk|2
|move|p2a: Landorus|U-turn|p1a: Indeedee
|-supereffective|p1a: Indeedee
|-damage|p1a: Indeedee|66/100
|
|t:|1760766072
|switch|p2a: Gengar|Gengar, M|100/100|[from] U-turn
|
|-fieldend|move: Psychic Terrain
|upkeep
|turn|12
|
|t:|1760766079
|move|p1a: Indeedee|Psychic|p2a: Gengar
|-supereffective|p2a: Gengar
|-enditem|p2a: Gengar|Focus Sash
|-damage|p2a: Gengar|1/100
|move|p2a: Gengar|Toxic|p1a: Indeedee
|-status|p1a: Indeedee|tox
|
|-damage|p1a: Indeedee|60/100 tox|[from] psn
|-fieldend|move: Trick Room
|upkeep
|turn|13
|
|t:|1760766088
|move|p2a: Gengar|Trick|p1a: Indeedee
|-activate|p2a: Gengar|move: Trick|[of] p1a: Indeedee
|-enditem|p1a: Indeedee|Focus Sash|[silent]|[from] move: Trick
|-item|p2a: Gengar|Focus Sash|[from] move: Trick
|move|p1a: Indeedee|Trick Room|p1a: Indeedee
|-fieldstart|move: Trick Room|[of] p1a: Indeedee
|
|-damage|p1a: Indeedee|48/100 tox|[from] psn
|upkeep
|turn|14
|
|t:|1760766097
|move|p1a: Indeedee|Psychic|p2a: Gengar
|-supereffective|p2a: Gengar
|-crit|p2a: Gengar
|-damage|p2a: Gengar|0 fnt
|faint|p2a: Gengar
|
|-damage|p1a: Indeedee|30/100 tox|[from] psn
|upkeep
|
|t:|1760766107
|switch|p2a: Landorus|Landorus-Therian, M|100/100
|-ability|p2a: Landorus|Intimidate|boost
|-unboost|p1a: Indeedee|atk|1
|turn|15
|
|t:|1760766126
|move|p1a: Indeedee|Psychic|p2a: Landorus
|-damage|p2a: Landorus|50/100
|move|p2a: Landorus|Stealth Rock|p1a: Indeedee
|-sidestart|p1: enormouschilli|move: Stealth Rock
|
|-damage|p1a: Indeedee|6/100 tox|[from] psn
|upkeep
|turn|16
|
|t:|1760766132
|move|p1a: Indeedee|Psychic|p2a: Landorus
|-damage|p2a: Landorus|0 fnt
|faint|p2a: Landorus
|
|-damage|p1a: Indeedee|0 fnt|[from] psn
|faint|p1a: Indeedee
|upkeep
|
|t:|1760766143
|switch|p1a: Crawdaunt|Crawdaunt, F|91/100
|switch|p2a: Blaziken|Blaziken, M|100/100
|-heal|p1a: Crawdaunt|100/100|[from] move: Healing Wish
|-damage|p1a: Crawdaunt|88/100|[from] Stealth Rock
|turn|17
|
|t:|1760766147
|move|p2a: Blaziken|Protect|p2a: Blaziken
|-singleturn|p2a: Blaziken|Protect
|move|p1a: Crawdaunt|Substitute|p1a: Crawdaunt
|-start|p1a: Crawdaunt|Substitute
|-damage|p1a: Crawdaunt|63/100
|
|-fieldend|move: Trick Room
|-ability|p2a: Blaziken|Speed Boost|boost
|-boost|p2a: Blaziken|spe|1
|upkeep
|turn|18
|
|t:|1760766154
|-terastallize|p2a: Blaziken|Grass
|move|p2a: Blaziken|Close Combat|p1a: Crawdaunt
|-supereffective|p1a: Crawdaunt
|-crit|p1a: Crawdaunt
|-end|p1a: Crawdaunt|Substitute
|-unboost|p2a: Blaziken|def|1
|-unboost|p2a: Blaziken|spd|1
|move|p1a: Crawdaunt|Crabhammer|p2a: Blaziken
|-resisted|p2a: Blaziken
|-damage|p2a: Blaziken|0 fnt
|faint|p2a: Blaziken
|-damage|p1a: Crawdaunt|54/100|[from] item: Life Orb
|
|upkeep
|
|t:|1760766157
|switch|p2a: Flygon|Flygon, M|100/100
|turn|19
|
|t:|1760766165
|move|p2a: Flygon|Dragon Dance|p2a: Flygon
|-boost|p2a: Flygon|atk|1
|-boost|p2a: Flygon|spe|1
|move|p1a: Crawdaunt|Crabhammer|p2a: Flygon
|-crit|p2a: Flygon
|-damage|p2a: Flygon|0 fnt
|faint|p2a: Flygon
|-damage|p1a: Crawdaunt|44/100|[from] item: Life Orb
|
|win|enormouschilli
|raw|enormouschilli's rating: 1336 &rarr; <strong>1353</strong><br />(+17 for winning)
|raw|Avl2121's rating: 1291 &rarr; <strong>1269</strong><br />(-22 for losing)
|l|☆Avl2121
|player|p2|
|l|☆enormouschilli
|player|p1|
