|j|☆THECHICKENISHERE
|j|☆karakel
|t:|1760879566
|gametype|singles
|player|p1|THECHICKENISHERE|linebacker|1477
|player|p2|karakel|cowgirl|1505
|gen|9
|tier|[Gen 9] OU
|rated|
|rule|HP Percentage Mod: HP is shown in percentages
|rule|Endless Battle Clause: Forcing endless battles is banned
|rule|Species Clause: Limit one of each Pokémon
|rule|OHKO Clause: OHKO moves are banned
|rule|Evasion Items Clause: Evasion items are banned
|rule|Evasion Moves Clause: Evasion moves are banned
|rule|Evasion Abilities Clause: Evasion abilities are banned
|rule|Sleep Moves Clause: Sleep-inducing moves are banned
|clearpoke
|poke|p1|Blaziken, F|
|poke|p1|Mew|
|poke|p1|Ninetales-Alola, M|
|poke|p1|Maushold|
|poke|p1|Salamence, F|
|poke|p1|Garchomp, M|
|poke|p2|Lilligant-Hisui, F|
|poke|p2|Ninetales, F|
|poke|p2|Great Tusk|
|poke|p2|Walking Wake|
|poke|p2|Cresselia, F|
|poke|p2|Cinderace, F|
|teampreview
|inactive|Battle timer is ON: inactive players will automatically lose when time's up. (requested by THECHICKENISHERE)
|
|t:|1760879592
|teamsize|p1|6
|teamsize|p2|6
|start
|switch|p1a: Garchomp|Garchomp, M|100/100
|switch|p2a: Cinderace|Cinderace, F|100/100
|turn|1
|
|t:|1760879597
|switch|p2a: Great Tusk|Great Tusk|100/100
|move|p1a: Garchomp|Stealth Rock|p2a: Great Tusk
|-sidestart|p2: karakel|move: Stealth Rock
|
|upkeep
|turn|2
|
|t:|1760879602
|move|p1a: Garchomp|Draco Meteor|p2a: Great Tusk
|-damage|p2a: Great Tusk|3/100
|-unboost|p1a: Garchomp|spa|2
|-damage|p1a: Garchomp|91/100|[from] item: Life Orb
|move|p2a: Great Tusk|Rapid Spin|p1a: Garchomp
|-damage|p1a: Garchomp|76/100
|-boost|p2a: Great Tusk|spe|1
|-damage|p2a: Great Tusk|0 fnt|[from] ability: Rough Skin|[of] p1a: Garchomp
|faint|p2a: Great Tusk
|-end|p2a: Great Tusk|Protosynthesis|[silent]
|
|upkeep
|
|t:|1760879610
|switch|p2a: Ninetales|Ninetales, F|100/100
|-damage|p2a: Ninetales|76/100|[from] Stealth Rock
|-weather|SunnyDay|[from] ability: Drought|[of] p2a: Ninetales
|turn|3
|
|t:|1760879626
|switch|p2a: Cresselia|Cresselia, F|100/100
|-damage|p2a: Cresselia|88/100|[from] Stealth Rock
|switch|p1a: Ninetales|Ninetales-Alola, M, shiny|100/100
|-weather|Snowscape|[from] ability: Snow Warning|[of] p1a: Ninetales
|
|-weather|Snowscape|[upkeep]
|upkeep
|turn|4
|
|t:|1760879634
|switch|p1a: Garchomp|Garchomp, M|76/100
|switch|p2a: Ninetales|Ninetales, F|76/100
|-damage|p2a: Ninetales|51/100|[from] Stealth Rock
|-weather|SunnyDay|[from] ability: Drought|[of] p2a: Ninetales
|
|-weather|SunnyDay|[upkeep]
|upkeep
|turn|5
|
|t:|1760879640
|switch|p2a: Cinderace|Cinderace, F|100/100
|-damage|p2a: Cinderace|76/100|[from] Stealth Rock
|move|p1a: Garchomp|Draco Meteor|p2a: Cinderace
|-damage|p2a: Cinderace|0 fnt
|-unboost|p1a: Garchomp|spa|2
|faint|p2a: Cinderace
|-damage|p1a: Garchomp|66/100|[from] item: Life Orb
|
|-weather|SunnyDay|[upkeep]
|upkeep
|
|t:|1760879645
|switch|p2a: Lilligant|Lilligant-Hisui, F|100/100
|-damage|p2a: Lilligant|94/100|[from] Stealth Rock
|turn|6
|
|t:|1760879664
|switch|p1a: Ninetales|Ninetales-Alola, M, shiny|100/100
|-weather|Snowscape|[from] ability: Snow Warning|[of] p1a: Ninetales
|move|p2a: Lilligant|Victory Dance|p2a: Lilligant
|-boost|p2a: Lilligant|atk|1
|-boost|p2a: Lilligant|def|1
|-boost|p2a: Lilligant|spe|1
|
|-weather|Snowscape|[upkeep]
|-heal|p2a: Lilligant|100/100|[from] item: Leftovers
|upkeep
|turn|7
|
|t:|1760879670
|-terastallize|p2a: Lilligant|Rock
|move|p2a: Lilligant|Tera Blast|p1a: Ninetales|[anim] Tera Blast Rock
|-supereffective|p1a: Ninetales
|-crit|p1a: Ninetales
|-damage|p1a: Ninetales|0 fnt
|faint|p1a: Ninetales
|
|-weather|Snowscape|[upkeep]
|upkeep
|
|t:|1760879682
|switch|p1a: Blutgang|Mew, shiny|100/100
|turn|8
|
|t:|1760879694
|move|p2a: Lilligant|Victory Dance|p2a: Lilligant
|-boost|p2a: Lilligant|atk|1
|-boost|p2a: Lilligant|def|1
|-boost|p2a: Lilligant|spe|1
|move|p1a: Blutgang|Drain Punch|p2a: Lilligant
|-supereffective|p2a: Lilligant
|-damage|p2a: Lilligant|66/100
|
|-weather|Snowscape|[upkeep]
|-heal|p2a: Lilligant|72/100|[from] item: Leftovers
|upkeep
|turn|9
|
|t:|1760879700
|move|p2a: Lilligant|Victory Dance|p2a: Lilligant
|-boost|p2a: Lilligant|atk|1
|-boost|p2a: Lilligant|def|1
|-boost|p2a: Lilligant|spe|1
|move|p1a: Blutgang|Drain Punch|p2a: Lilligant
|-supereffective|p2a: Lilligant
|-damage|p2a: Lilligant|47/100
|
|-weather|Snowscape|[upkeep]
|-heal|p2a: Lilligant|53/100|[from] item: Leftovers
|upkeep
|turn|10
|
|t:|1760879703
|move|p2a: Lilligant|Tera Blast|p1a: Blutgang|[anim] Tera Blast Rock
|-damage|p1a: Blutgang|4/100
|move|p1a: Blutgang|Drain Punch|p2a: Lilligant
|-supereffective|p2a: Lilligant
|-damage|p2a: Lilligant|24/100
|-heal|p1a: Blutgang|17/100|[from] drain|[of] p2a: Lilligant
|
|-weather|none
|-heal|p2a: Lilligant|30/100|[from] item: Leftovers
|upkeep
|turn|11
|
|t:|1760879706
|move|p2a: Lilligant|Tera Blast|p1a: Blutgang|[anim] Tera Blast Rock
|-damage|p1a: Blutgang|0 fnt
|faint|p1a: Blutgang
|
|-heal|p2a: Lilligant|36/100|[from] item: Leftovers
|upkeep
|
|t:|1760879715
|switch|p1a: Garchomp|Garchomp, M|66/100
|turn|12
|
|t:|1760879719
|move|p2a: Lilligant|Close Combat|p1a: Garchomp
|-damage|p1a: Garchomp|0 fnt
|-unboost|p2a: Lilligant|def|1
|-unboost|p2a: Lilligant|spd|1
|-damage|p2a: Lilligant|24/100|[from] ability: Rough Skin|[of] p1a: Garchomp
|faint|p1a: Garchomp
|
|-heal|p2a: Lilligant|30/100|[from] item: Leftovers
|upkeep
|
|t:|1760879726
|switch|p1a: Salamence|Salamence, F|100/100
|turn|13
|
|t:|1760879732
|-terastallize|p1a: Salamence|Ghost
|move|p2a: Lilligant|Tera Blast|p1a: Salamence|[anim] Tera Blast Rock
|-damage|p1a: Salamence|0 fnt
|faint|p1a: Salamence
|
|-heal|p2a: Lilligant|36/100|[from] item: Leftovers
|upkeep
|-message|THECHICKENISHERE forfeited.
|
|win|karakel
|raw|THECHICKENISHERE's rating: 1499 &rarr; <strong>1479</strong><br />(-20 for losing)
|raw|karakel's rating: 1505 &rarr; <strong>1525</strong><br />(+20 for winning)
|l|☆THECHICKENISHERE
|player|p1|
|l|☆karakel
|player|p2|
