|j|☆Le Pepino
|j|☆elpapucp
|t:|1760727134
|gametype|singles
|player|p1|Le Pepino|170|1137
|player|p2|elpapucp|roxie|1177
|gen|9
|tier|[Gen 9] OU
|rated|
|rule|HP Percentage Mod: HP is shown in percentages
|rule|Endless Battle Clause: Forcing endless battles is banned
|rule|Species Clause: Limit one of each Pokémon
|rule|OHKO Clause: OHKO moves are banned
|rule|Evasion Items Clause: Evasion items are banned
|rule|Evasion Moves Clause: Evasion moves are banned
|rule|Evasion Abilities Clause: Evasion abilities are banned
|rule|Sleep Moves Clause: Sleep-inducing moves are banned
|clearpoke
|poke|p1|Dragonite, M|
|poke|p1|Meowscarada, M|
|poke|p1|Clefable, M|
|poke|p1|Magnezone|
|poke|p1|Swampert, F|
|poke|p1|Milotic, F|
|poke|p2|Alomomola, M|
|poke|p2|Clodsire, M|
|poke|p2|Cinderace, M|
|poke|p2|Rillaboom, F|
|poke|p2|Enamorus, F|
|poke|p2|Iron Jugulis|
|teampreview
|l|☆elpapucp
|player|p2|
|j|☆elpapucp
|player|p2|elpapucp|roxie|
|
|t:|1760727181
|teamsize|p1|6
|teamsize|p2|6
|start
|switch|p1a: Meowscarada|Meowscarada, M|100/100
|switch|p2a: Clodsire|Clodsire, M|100/100
|turn|1
|
|t:|1760727189
|move|p1a: Meowscarada|Triple Axel|p2a: Clodsire
|-start|p1a: Meowscarada|typechange|Ice|[from] ability: Protean
|-supereffective|p2a: Clodsire
|-damage|p2a: Clodsire|78/100
|-hitcount|p2a: Clodsire|1
|move|p2a: Clodsire|Stealth Rock|p1a: Meowscarada
|-sidestart|p1: Le Pepino|move: Stealth Rock
|
|-heal|p2a: Clodsire|84/100|[from] item: Black Sludge
|upkeep
|turn|2
|
|t:|1760727200
|switch|p2a: Alomomola|Alomomola, M|100/100
|move|p1a: Meowscarada|Triple Axel|p2a: Alomomola
|-resisted|p2a: Alomomola
|-damage|p2a: Alomomola|98/100
|-resisted|p2a: Alomomola
|-damage|p2a: Alomomola|94/100
|-resisted|p2a: Alomomola
|-damage|p2a: Alomomola|86/100
|-hitcount|p2a: Alomomola|3
|
|-heal|p2a: Alomomola|92/100|[from] item: Leftovers
|upkeep
|turn|3
|
|t:|1760727215
|switch|p1a: Magnezone|Magnezone|100/100
|-damage|p1a: Magnezone|94/100|[from] Stealth Rock
|move|p2a: Alomomola|Wish|p2a: Alomomola
|
|-heal|p2a: Alomomola|99/100|[from] item: Leftovers
|upkeep
|turn|4
|
|t:|1760727227
|move|p2a: Alomomola|Flip Turn|p1a: Magnezone
|-damage|p1a: Magnezone|81/100
|
|t:|1760727230
|switch|p2a: Clodsire|Clodsire, M|84/100|[from] Flip Turn
|move|p1a: Magnezone|Flash Cannon|p2a: Clodsire
|-damage|p2a: Clodsire|63/100
|-unboost|p2a: Clodsire|spd|1
|
|-heal|p2a: Clodsire|100/100|[from] move: Wish|[wisher] Alomomola
|upkeep
|turn|5
|
|t:|1760727239
|-terastallize|p1a: Magnezone|Flying
|move|p1a: Magnezone|Flash Cannon|p2a: Clodsire
|-damage|p2a: Clodsire|66/100
|move|p2a: Clodsire|Toxic|p1a: Magnezone
|-status|p1a: Magnezone|tox
|
|-heal|p2a: Clodsire|72/100|[from] item: Black Sludge
|-damage|p1a: Magnezone|75/100 tox|[from] psn
|upkeep
|turn|6
|
|t:|1760727250
|move|p1a: Magnezone|Flash Cannon|p2a: Clodsire
|-damage|p2a: Clodsire|42/100
|-unboost|p2a: Clodsire|spd|1
|move|p2a: Clodsire|Recover|p2a: Clodsire
|-heal|p2a: Clodsire|92/100
|
|-heal|p2a: Clodsire|98/100|[from] item: Black Sludge
|-damage|p1a: Magnezone|63/100 tox|[from] psn
|upkeep
|turn|7
|
|t:|1760727260
|switch|p2a: Alomomola|Alomomola, M|100/100
|move|p1a: Magnezone|Flash Cannon|p2a: Alomomola
|-resisted|p2a: Alomomola
|-damage|p2a: Alomomola|75/100
|
|-heal|p2a: Alomomola|81/100|[from] item: Leftovers
|-damage|p1a: Magnezone|45/100 tox|[from] psn
|upkeep
|turn|8
|
|t:|1760727268
|move|p2a: Alomomola|Flip Turn|p1a: Magnezone
|-damage|p1a: Magnezone|33/100 tox
|
|t:|1760727271
|switch|p2a: Clodsire|Clodsire, M|98/100|[from] Flip Turn
|move|p1a: Magnezone|Thunderbolt|p2a: Clodsire
|-immune|p2a: Clodsire
|
|-heal|p2a: Clodsire|100/100|[from] item: Black Sludge
|-damage|p1a: Magnezone|9/100 tox|[from] psn
|upkeep
|turn|9
|
|t:|1760727282
|move|p1a: Magnezone|Flash Cannon|p2a: Clodsire
|-damage|p2a: Clodsire|80/100
|move|p2a: Clodsire|Toxic|p1a: Magnezone
|-fail|p1a: Magnezone|tox
|
|-heal|p2a: Clodsire|86/100|[from] item: Black Sludge
|-damage|p1a: Magnezone|0 fnt|[from] psn
|faint|p1a: Magnezone
|upkeep
|
|t:|1760727297
|switch|p1a: Meowscarada|Meowscarada, M|100/100
|-damage|p1a: Meowscarada|88/100|[from] Stealth Rock
|turn|10
|
|t:|1760727302
|move|p1a: Meowscarada|Flower Trick|p2a: Clodsire
|-start|p1a: Meowscarada|typechange|Grass|[from] ability: Protean
|-crit|p2a: Clodsire
|-damage|p2a: Clodsire|33/100
|move|p2a: Clodsire|Toxic|p1a: Meowscarada
|-status|p1a: Meowscarada|tox
|
|-heal|p2a: Clodsire|40/100|[from] item: Black Sludge
|-damage|p1a: Meowscarada|82/100 tox|[from] psn
|upkeep
|turn|11
|
|t:|1760727313
|switch|p2a: Alomomola|Alomomola, M|100/100
|move|p1a: Meowscarada|Flower Trick|p2a: Alomomola
|-supereffective|p2a: Alomomola
|-crit|p2a: Alomomola
|-damage|p2a: Alomomola|49/100
|
|-heal|p2a: Alomomola|55/100|[from] item: Leftovers
|-damage|p1a: Meowscarada|70/100 tox|[from] psn
|upkeep
|turn|12
|
|t:|1760727321
|move|p1a: Meowscarada|Flower Trick|p2a: Alomomola
|-supereffective|p2a: Alomomola
|-crit|p2a: Alomomola
|-damage|p2a: Alomomola|2/100
|move|p2a: Alomomola|Wish|p2a: Alomomola
|
|-heal|p2a: Alomomola|8/100|[from] item: Leftovers
|-damage|p1a: Meowscarada|52/100 tox|[from] psn
|upkeep
|turn|13
|
|t:|1760727329
|move|p2a: Alomomola|Protect|p2a: Alomomola
|-singleturn|p2a: Alomomola|Protect
|move|p1a: Meowscarada|Flower Trick|p2a: Alomomola
|-activate|p2a: Alomomola|move: Protect
|
|-heal|p2a: Alomomola|58/100|[from] move: Wish|[wisher] Alomomola
|-heal|p2a: Alomomola|64/100|[from] item: Leftovers
|-damage|p1a: Meowscarada|27/100 tox|[from] psn
|upkeep
|turn|14
|
|t:|1760727340
|move|p1a: Meowscarada|Flower Trick|p2a: Alomomola
|-supereffective|p2a: Alomomola
|-crit|p2a: Alomomola
|-damage|p2a: Alomomola|8/100
|move|p2a: Alomomola|Wish|p2a: Alomomola
|
|-heal|p2a: Alomomola|14/100|[from] item: Leftovers
|-damage|p1a: Meowscarada|0 fnt|[from] psn
|faint|p1a: Meowscarada
|upkeep
|
|t:|1760727350
|switch|p1a: Dragonite|Dragonite, M|100/100
|turn|15
|
|t:|1760727353
|move|p1a: Dragonite|Extreme Speed|p2a: Alomomola
|-damage|p2a: Alomomola|0 fnt
|faint|p2a: Alomomola
|
|upkeep
|
|t:|1760727362
|switch|p2a: Enamorus|Enamorus, F|100/100
|turn|16
|
|t:|1760727372
|move|p2a: Enamorus|Draining Kiss|p1a: Dragonite
|-supereffective|p1a: Dragonite
|-damage|p1a: Dragonite|66/100
|-damage|p2a: Enamorus|91/100|[from] item: Life Orb
|move|p1a: Dragonite|Ice Spinner|p2a: Enamorus
|-supereffective|p2a: Enamorus
|-damage|p2a: Enamorus|0 fnt
|faint|p2a: Enamorus
|
|upkeep
|
|t:|1760727380
|switch|p2a: Cinderace|Cinderace, M|100/100
|turn|17
|
|t:|1760727384
|move|p2a: Cinderace|Sucker Punch|p1a: Dragonite
|-start|p2a: Cinderace|typechange|Dark|[from] ability: Libero
|-damage|p1a: Dragonite|28/100
|move|p1a: Dragonite|Earthquake|p2a: Cinderace
|-damage|p2a: Cinderace|41/100
|
|upkeep
|turn|18
|
|t:|1760727392
|move|p1a: Dragonite|Extreme Speed|p2a: Cinderace
|-damage|p2a: Cinderace|0 fnt
|faint|p2a: Cinderace
|
|upkeep
|
|t:|1760727399
|switch|p2a: Iron Jugulis|Iron Jugulis|100/100
|-enditem|p2a: Iron Jugulis|Booster Energy
|-activate|p2a: Iron Jugulis|ability: Quark Drive|[fromitem]
|-start|p2a: Iron Jugulis|quarkdrivespe
|turn|19
|
|t:|1760727406
|move|p1a: Dragonite|Extreme Speed|p2a: Iron Jugulis
|-damage|p2a: Iron Jugulis|65/100
|move|p2a: Iron Jugulis|Air Slash|p1a: Dragonite
|-damage|p1a: Dragonite|0 fnt
|faint|p1a: Dragonite
|
|upkeep
|
|t:|1760727412
|switch|p1a: Clefable|Clefable, M|100/100
|turn|20
|
|t:|1760727415
|move|p2a: Iron Jugulis|Taunt|p1a: Clefable
|-start|p1a: Clefable|move: Taunt
|cant|p1a: Clefable|move: Taunt|Calm Mind
|
|upkeep
|turn|21
|
|t:|1760727421
|move|p2a: Iron Jugulis|Air Slash|p1a: Clefable
|-damage|p1a: Clefable|65/100
|cant|p1a: Clefable|flinch
|
|upkeep
|turn|22
|
|t:|1760727426
|move|p2a: Iron Jugulis|Air Slash|p1a: Clefable
|-damage|p1a: Clefable|31/100
|move|p1a: Clefable|Moonblast|p2a: Iron Jugulis
|-supereffective|p2a: Iron Jugulis
|-damage|p2a: Iron Jugulis|0 fnt
|faint|p2a: Iron Jugulis
|-end|p2a: Iron Jugulis|Quark Drive|[silent]
|
|-end|p1a: Clefable|move: Taunt
|upkeep
|
|t:|1760727431
|switch|p2a: Rillaboom|Rillaboom, F|100/100
|-fieldstart|move: Grassy Terrain|[from] ability: Grassy Surge|[of] p2a: Rillaboom
|turn|23
|
|t:|1760727439
|-terastallize|p2a: Rillaboom|Grass
|move|p2a: Rillaboom|Wood Hammer|p1a: Clefable
|-damage|p1a: Clefable|0 fnt
|faint|p1a: Clefable
|-damage|p2a: Rillaboom|91/100|[from] Recoil
|
|-heal|p2a: Rillaboom|97/100|[from] Grassy Terrain
|upkeep
|
|t:|1760727448
|switch|p1a: Milotic|Milotic, F|100/100
|-damage|p1a: Milotic|88/100|[from] Stealth Rock
|turn|24
|
|t:|1760727454
|move|p1a: Milotic|Protect|p1a: Milotic
|-singleturn|p1a: Milotic|Protect
|move|p2a: Rillaboom|U-turn|p1a: Milotic
|-activate|p1a: Milotic|move: Protect
|
|-heal|p2a: Rillaboom|100/100|[from] Grassy Terrain
|-heal|p1a: Milotic|94/100|[from] Grassy Terrain
|-status|p1a: Milotic|brn|[from] item: Flame Orb
|upkeep
|turn|25
|
|t:|1760727464
|move|p2a: Rillaboom|U-turn|p1a: Milotic
|-damage|p1a: Milotic|79/100 brn
|
|t:|1760727468
|switch|p2a: Clodsire|Clodsire, M|40/100|[from] U-turn
|move|p1a: Milotic|Scald|p2a: Clodsire
|-heal|p2a: Clodsire|65/100|[from] ability: Water Absorb|[of] p1a: Milotic
|
|-heal|p1a: Milotic|85/100 brn|[from] Grassy Terrain
|-heal|p2a: Clodsire|71/100|[from] Grassy Terrain
|-heal|p2a: Clodsire|77/100|[from] item: Black Sludge
|-damage|p1a: Milotic|79/100 brn|[from] brn
|upkeep
|turn|26
|
|t:|1760727479
|switch|p1a: Swampert|Swampert, F|100/100
|-damage|p1a: Swampert|94/100|[from] Stealth Rock
|move|p2a: Clodsire|Earthquake|p1a: Swampert
|-damage|p1a: Swampert|79/100
|
|-heal|p1a: Swampert|85/100|[from] Grassy Terrain
|-heal|p1a: Swampert|91/100|[from] item: Leftovers
|-heal|p2a: Clodsire|83/100|[from] Grassy Terrain
|-heal|p2a: Clodsire|90/100|[from] item: Black Sludge
|upkeep
|turn|27
|
|t:|1760727490
|move|p1a: Swampert|High Horsepower|p2a: Clodsire
|-supereffective|p2a: Clodsire
|-damage|p2a: Clodsire|14/100
|move|p2a: Clodsire|Toxic|p1a: Swampert
|-status|p1a: Swampert|tox
|
|-heal|p1a: Swampert|97/100 tox|[from] Grassy Terrain
|-heal|p1a: Swampert|100/100 tox|[from] item: Leftovers
|-heal|p2a: Clodsire|21/100|[from] Grassy Terrain
|-heal|p2a: Clodsire|27/100|[from] item: Black Sludge
|-damage|p1a: Swampert|94/100 tox|[from] psn
|-fieldend|move: Grassy Terrain
|upkeep
|turn|28
|
|t:|1760727505
|move|p1a: Swampert|High Horsepower|p2a: Clodsire
|-supereffective|p2a: Clodsire
|-damage|p2a: Clodsire|0 fnt
|faint|p2a: Clodsire
|
|-heal|p1a: Swampert|100/100 tox|[from] item: Leftovers
|-damage|p1a: Swampert|88/100 tox|[from] psn
|upkeep
|
|t:|1760727507
|switch|p2a: Rillaboom|Rillaboom, F, tera:Grass|100/100
|-fieldstart|move: Grassy Terrain|[from] ability: Grassy Surge|[of] p2a: Rillaboom
|turn|29
|
|t:|1760727519
|move|p2a: Rillaboom|Grassy Glide|p1a: Swampert
|-supereffective|p1a: Swampert
|-damage|p1a: Swampert|0 fnt
|faint|p1a: Swampert
|
|upkeep
|
|t:|1760727523
|switch|p1a: Milotic|Milotic, F|79/100 brn
|-damage|p1a: Milotic|67/100 brn|[from] Stealth Rock
|turn|30
|
|t:|1760727527
|move|p2a: Rillaboom|Wood Hammer|p1a: Milotic
|-supereffective|p1a: Milotic
|-damage|p1a: Milotic|0 fnt
|faint|p1a: Milotic
|-damage|p2a: Rillaboom|79/100|[from] Recoil
|
|win|elpapucp
|raw|Le Pepino's rating: 1137 &rarr; <strong>1115</strong><br />(-22 for losing)
|raw|elpapucp's rating: 1177 &rarr; <strong>1199</strong><br />(+22 for winning)
|l|☆Le Pepino
|player|p1|
|l|☆elpapucp
|player|p2|
