|j|☆TryinSome
|j|☆kapingote
|t:|1760740946
|gametype|singles
|player|p1|TryinSome|nate|1186
|player|p2|kapingote|1|1116
|gen|9
|tier|[Gen 9] OU
|rated|
|rule|HP Percentage Mod: HP is shown in percentages
|rule|Endless Battle Clause: Forcing endless battles is banned
|rule|Species Clause: Limit one of each Pokémon
|rule|OHKO Clause: OHKO moves are banned
|rule|Evasion Items Clause: Evasion items are banned
|rule|Evasion Moves Clause: Evasion moves are banned
|rule|Evasion Abilities Clause: Evasion abilities are banned
|rule|Sleep Moves Clause: Sleep-inducing moves are banned
|clearpoke
|poke|p1|Chesnaught, M|
|poke|p1|Kilowattrel, M|
|poke|p1|Swampert, M|
|poke|p1|Espeon, M|
|poke|p1|Dragalge, M|
|poke|p1|Mamoswine, M|
|poke|p2|Alomomola, F|
|poke|p2|Deoxys-Defense|
|poke|p2|Ursaluna, M|
|poke|p2|Slowking-Galar, M|
|poke|p2|Kingambit, M|
|poke|p2|Dondozo, M|
|teampreview
|
|t:|1760740962
|teamsize|p1|6
|teamsize|p2|6
|start
|switch|p1a: Chesnaught|Chesnaught, M|100/100
|switch|p2a: Deoxys|Deoxys-Defense|100/100
|-ability|p2a: Deoxys|Pressure
|turn|1
|
|t:|1760740973
|move|p2a: Deoxys|Reflect|p2a: Deoxys
|-sidestart|p2: kapingote|Reflect
|move|p1a: Chesnaught|Knock Off|p2a: Deoxys
|-supereffective|p2a: Deoxys
|-damage|p2a: Deoxys|80/100
|-enditem|p2a: Deoxys|Light Clay|[from] move: Knock Off|[of] p1a: Chesnaught
|
|upkeep
|turn|2
|
|t:|1760741005
|switch|p1a: Kilowattrel|Kilowattrel, M|100/100
|move|p2a: Deoxys|Trick Room|p2a: Deoxys
|-fieldstart|move: Trick Room|[of] p2a: Deoxys
|
|upkeep
|turn|3
|
|t:|1760741013
|move|p1a: Kilowattrel|Air Slash|p2a: Deoxys
|-damage|p2a: Deoxys|59/100
|move|p2a: Deoxys|Teleport|p2a: Deoxys
|
|t:|1760741017
|switch|p2a: Ursaluna|Ursaluna, M|100/100|[from] Teleport
|
|-status|p2a: Ursaluna|brn|[from] item: Flame Orb
|upkeep
|turn|4
|
|t:|1760741029
|switch|p1a: Chesnaught|Chesnaught, M|100/100
|move|p2a: Ursaluna|Facade|p1a: Chesnaught
|-damage|p1a: Chesnaught|11/100
|
|-damage|p2a: Ursaluna|94/100 brn|[from] brn
|upkeep
|turn|5
|
|t:|1760741039
|move|p2a: Ursaluna|Facade|p1a: Chesnaught
|-damage|p1a: Chesnaught|0 fnt
|faint|p1a: Chesnaught
|
|-damage|p2a: Ursaluna|88/100 brn|[from] brn
|upkeep
|
|t:|1760741044
|switch|p1a: Swampert|Swampert, M|100/100
|turn|6
|
|t:|1760741052
|-terastallize|p1a: Swampert|Water
|move|p2a: Ursaluna|Facade|p1a: Swampert
|-damage|p1a: Swampert|0 fnt
|faint|p1a: Swampert
|
|-damage|p2a: Ursaluna|82/100 brn|[from] brn
|-fieldend|move: Trick Room
|upkeep
|
|t:|1760741060
|switch|p1a: Mamoswine|Mamoswine, M|100/100
|turn|7
|
|t:|1760741071
|switch|p2a: Alomomola|Alomomola, F|100/100
|move|p1a: Mamoswine|Icicle Crash|p2a: Alomomola
|-resisted|p2a: Alomomola
|-damage|p2a: Alomomola|94/100
|
|-heal|p2a: Alomomola|99/100|[from] item: Leftovers
|upkeep
|turn|8
|
|t:|1760741078
|move|p1a: Mamoswine|Knock Off|p2a: Alomomola
|-damage|p2a: Alomomola|91/100
|-enditem|p2a: Alomomola|Leftovers|[from] move: Knock Off|[of] p1a: Mamoswine
|move|p2a: Alomomola|Wish|p2a: Alomomola
|
|-sideend|p2: kapingote|Reflect
|upkeep
|turn|9
|
|t:|1760741090
|switch|p1a: Espeon|Espeon, M, shiny|100/100
|move|p2a: Alomomola|Flip Turn|p1a: Espeon
|-damage|p1a: Espeon|69/100
|
|t:|1760741095
|switch|p2a: Deoxys|Deoxys-Defense|59/100|[from] Flip Turn
|-ability|p2a: Deoxys|Pressure
|
|-heal|p2a: Deoxys|100/100|[from] move: Wish|[wisher] Alomomola
|-heal|p1a: Espeon|75/100|[from] item: Leftovers
|upkeep
|turn|10
|
|t:|1760741104
|move|p1a: Espeon|Calm Mind|p1a: Espeon
|-boost|p1a: Espeon|spa|1
|-boost|p1a: Espeon|spd|1
|move|p2a: Deoxys|Trick Room|p2a: Deoxys
|-fieldstart|move: Trick Room|[of] p2a: Deoxys
|
|-heal|p1a: Espeon|81/100|[from] item: Leftovers
|upkeep
|turn|11
|
|t:|1760741110
|move|p1a: Espeon|Psyshock|p2a: Deoxys
|-resisted|p2a: Deoxys
|-damage|p2a: Deoxys|78/100
|move|p2a: Deoxys|Teleport|p2a: Deoxys
|
|t:|1760741114
|switch|p2a: Ursaluna|Ursaluna, M|82/100 brn|[from] Teleport
|
|-heal|p1a: Espeon|87/100|[from] item: Leftovers
|-damage|p2a: Ursaluna|76/100 brn|[from] brn
|upkeep
|turn|12
|
|t:|1760741120
|move|p2a: Ursaluna|Facade|p1a: Espeon
|-damage|p1a: Espeon|0 fnt
|faint|p1a: Espeon
|
|-damage|p2a: Ursaluna|70/100 brn|[from] brn
|upkeep
|
|t:|1760741128
|switch|p1a: Mamoswine|Mamoswine, M|100/100
|turn|13
|
|t:|1760741132
|move|p1a: Mamoswine|Ice Shard|p2a: Ursaluna
|-supereffective|p2a: Ursaluna
|-damage|p2a: Ursaluna|40/100 brn
|move|p2a: Ursaluna|Drain Punch|p1a: Mamoswine
|-supereffective|p1a: Mamoswine
|-damage|p1a: Mamoswine|0 fnt
|-heal|p2a: Ursaluna|79/100 brn|[from] drain|[of] p1a: Mamoswine
|faint|p1a: Mamoswine
|
|-damage|p2a: Ursaluna|73/100 brn|[from] brn
|upkeep
|
|t:|1760741142
|switch|p1a: Kilowattrel|Kilowattrel, M|100/100
|turn|14
|
|t:|1760741151
|move|p2a: Ursaluna|Facade|p1a: Kilowattrel
|-damage|p1a: Kilowattrel|0 fnt
|faint|p1a: Kilowattrel
|
|-damage|p2a: Ursaluna|67/100 brn|[from] brn
|-fieldend|move: Trick Room
|upkeep
|
|t:|1760741154
|switch|p1a: Dragalge|Dragalge, M, shiny|100/100
|turn|15
|
|t:|1760741159
|move|p1a: Dragalge|Scald|p2a: Ursaluna
|-supereffective|p2a: Ursaluna
|-damage|p2a: Ursaluna|25/100 brn
|move|p2a: Ursaluna|Earthquake|p1a: Dragalge
|-supereffective|p1a: Dragalge
|-damage|p1a: Dragalge|0 fnt
|faint|p1a: Dragalge
|
|win|kapingote
|raw|TryinSome's rating: 1186 &rarr; <strong>1156</strong><br />(-30 for losing)
|raw|kapingote's rating: 1116 &rarr; <strong>1146</strong><br />(+30 for winning)
|l|☆TryinSome
|player|p1|
