|j|☆skakounrain
|j|☆Petey2210
|t:|1760760439
|gametype|singles
|player|p1|skakounrain|dragontamer|1184
|player|p2|Petey2210|102|1143
|gen|9
|tier|[Gen 9] OU
|rated|
|rule|HP Percentage Mod: HP is shown in percentages
|rule|Endless Battle Clause: Forcing endless battles is banned
|rule|Species Clause: Limit one of each Pokémon
|rule|OHKO Clause: OHKO moves are banned
|rule|Evasion Items Clause: Evasion items are banned
|rule|Evasion Moves Clause: Evasion moves are banned
|rule|Evasion Abilities Clause: Evasion abilities are banned
|rule|Sleep Moves Clause: Sleep-inducing moves are banned
|clearpoke
|poke|p1|Blissey, F|
|poke|p1|Dragonite, F|
|poke|p1|Dragapult, F|
|poke|p1|Corviknight, M|
|poke|p1|Garchomp, F|
|poke|p1|Pecharunt|
|poke|p2|Ceruledge, M|
|poke|p2|Venusaur, M|
|poke|p2|Ninetales, M|
|poke|p2|Walking Wake|
|poke|p2|Landorus-Therian, M|
|poke|p2|Slowking-Galar, F|
|teampreview
|
|t:|1760760449
|teamsize|p1|6
|teamsize|p2|6
|start
|switch|p1a: Garchomp|Garchomp, F|100/100
|switch|p2a: Landorus|Landorus-Therian, M|100/100
|-ability|p2a: Landorus|Intimidate|boost
|-unboost|p1a: Garchomp|atk|1
|turn|1
|inactive|Battle timer is ON: inactive players will automatically lose when time's up. (requested by Petey2210)
|
|t:|1760760455
|move|p1a: Garchomp|Swords Dance|p1a: Garchomp
|-boost|p1a: Garchomp|atk|2
|move|p2a: Landorus|Taunt|p1a: Garchomp
|-start|p1a: Garchomp|move: Taunt
|
|upkeep
|turn|2
|
|t:|1760760462
|move|p1a: Garchomp|Scale Shot|p2a: Landorus
|-damage|p2a: Landorus|85/100
|-damage|p2a: Landorus|68/100
|-damage|p2a: Landorus|54/100
|-damage|p2a: Landorus|38/100
|-damage|p2a: Landorus|24/100
|-hitcount|p2a: Landorus|5
|-unboost|p1a: Garchomp|def|1
|-boost|p1a: Garchomp|spe|1
|move|p2a: Landorus|Stealth Rock|p1a: Garchomp
|-sidestart|p1: skakounrain|move: Stealth Rock
|
|upkeep
|turn|3
|
|t:|1760760481
|switch|p2a: Ninetales|Ninetales, M|100/100
|-weather|SunnyDay|[from] ability: Drought|[of] p2a: Ninetales
|move|p1a: Garchomp|Scale Shot|p2a: Ninetales
|-damage|p2a: Ninetales|76/100
|-damage|p2a: Ninetales|50/100
|-damage|p2a: Ninetales|24/100
|-damage|p2a: Ninetales|0 fnt
|faint|p2a: Ninetales
|-hitcount|p2: Ninetales|4
|-unboost|p1a: Garchomp|def|1
|-boost|p1a: Garchomp|spe|1
|
|-weather|SunnyDay|[upkeep]
|upkeep
|
|t:|1760760501
|switch|p2a: Walking Wake|Walking Wake|100/100
|-activate|p2a: Walking Wake|ability: Protosynthesis
|-start|p2a: Walking Wake|protosynthesisspe
|turn|4
|
|t:|1760760506
|-terastallize|p2a: Walking Wake|Steel
|move|p1a: Garchomp|Scale Shot|p2a: Walking Wake
|-resisted|p2a: Walking Wake
|-damage|p2a: Walking Wake|89/100
|-resisted|p2a: Walking Wake
|-crit|p2a: Walking Wake
|-damage|p2a: Walking Wake|73/100
|-resisted|p2a: Walking Wake
|-damage|p2a: Walking Wake|62/100
|-resisted|p2a: Walking Wake
|-damage|p2a: Walking Wake|50/100
|-resisted|p2a: Walking Wake
|-damage|p2a: Walking Wake|39/100
|-hitcount|p2a: Walking Wake|5
|-unboost|p1a: Garchomp|def|1
|-boost|p1a: Garchomp|spe|1
|move|p2a: Walking Wake|Draco Meteor|p1a: Garchomp
|-supereffective|p1a: Garchomp
|-damage|p1a: Garchomp|0 fnt
|-unboost|p2a: Walking Wake|spa|2
|faint|p1a: Garchomp
|-damage|p2a: Walking Wake|29/100|[from] item: Life Orb
|
|-weather|SunnyDay|[upkeep]
|upkeep
|
|t:|1760760521
|switch|p1a: Blissey|Blissey, F|100/100
|turn|5
|
|t:|1760760527
|-end|p2a: Walking Wake|Protosynthesis|[silent]
|switch|p2a: Ceruledge|Ceruledge, M|100/100
|move|p1a: Blissey|Seismic Toss|p2a: Ceruledge
|-immune|p2a: Ceruledge
|
|-weather|SunnyDay|[upkeep]
|upkeep
|turn|6
|
|t:|1760760530
|move|p2a: Ceruledge|Bulk Up|p2a: Ceruledge
|-boost|p2a: Ceruledge|atk|1
|-boost|p2a: Ceruledge|def|1
|move|p1a: Blissey|Thunder Wave|p2a: Ceruledge
|-status|p2a: Ceruledge|par
|
|-weather|SunnyDay|[upkeep]
|upkeep
|turn|7
|
|t:|1760760537
|switch|p1a: Dragapult|Dragapult, F|100/100
|-damage|p1a: Dragapult|88/100|[from] Stealth Rock
|cant|p2a: Ceruledge|par
|
|-weather|SunnyDay|[upkeep]
|upkeep
|turn|8
|
|t:|1760760541
|cant|p2a: Ceruledge|par
|move|p1a: Dragapult|Hex|p2a: Ceruledge
|-supereffective|p2a: Ceruledge
|-damage|p2a: Ceruledge|0 fnt
|faint|p2a: Ceruledge
|
|-weather|SunnyDay|[upkeep]
|upkeep
|
|t:|1760760547
|switch|p2a: Landorus|Landorus-Therian, M|24/100
|-ability|p2a: Landorus|Intimidate|boost
|-unboost|p1a: Dragapult|atk|1
|turn|9
|
|t:|1760760551
|move|p1a: Dragapult|Hex|p2a: Landorus
|-damage|p2a: Landorus|0 fnt
|faint|p2a: Landorus
|
|-weather|SunnyDay|[upkeep]
|upkeep
|
|t:|1760760555
|switch|p2a: Venusaur|Venusaur, M|100/100
|turn|10
|
|t:|1760760562
|switch|p1a: Corviknight|Corviknight, M|100/100
|-damage|p1a: Corviknight|88/100|[from] Stealth Rock
|move|p2a: Venusaur|Giga Drain|p1a: Corviknight
|-resisted|p1a: Corviknight
|-damage|p1a: Corviknight|80/100
|
|-weather|none
|upkeep
|turn|11
|
|t:|1760760570
|switch|p2a: Slowking|Slowking-Galar, F|100/100
|move|p1a: Corviknight|U-turn|p2a: Slowking
|-damage|p2a: Slowking|86/100
|
|t:|1760760575
|switch|p1a: Pecharunt|Pecharunt|100/100|[from] U-turn
|
|-heal|p2a: Slowking|92/100|[from] item: Black Sludge
|upkeep
|turn|12
|-message|Petey2210 forfeited.
|
|win|skakounrain
|raw|skakounrain's rating: 1184 &rarr; <strong>1206</strong><br />(+22 for winning)
|raw|Petey2210's rating: 1143 &rarr; <strong>1121</strong><br />(-22 for losing)
|l|☆Petey2210
|player|p2|
|l|☆skakounrain
|player|p1|
