|j|☆skmtmzaka
|j|☆interesting小小露003
|t:|1760851431
|gametype|singles
|player|p1|skmtmzaka|scientist-gen4|1317
|player|p2|interesting小小露003|miku-water|1376
|gen|9
|tier|[Gen 9] OU
|rated|
|rule|HP Percentage Mod: HP is shown in percentages
|rule|Endless Battle Clause: Forcing endless battles is banned
|rule|Species Clause: Limit one of each Pokémon
|rule|OHKO Clause: OHKO moves are banned
|rule|Evasion Items Clause: Evasion items are banned
|rule|Evasion Moves Clause: Evasion moves are banned
|rule|Evasion Abilities Clause: Evasion abilities are banned
|rule|Sleep Moves Clause: Sleep-inducing moves are banned
|clearpoke
|poke|p1|Gliscor, M|
|poke|p1|Blissey, F|
|poke|p1|Corviknight, F|
|poke|p1|Toxapex, M|
|poke|p1|Clodsire, F|
|poke|p1|Dondozo, M|
|poke|p2|Serperior, F|
|poke|p2|Great Tusk|
|poke|p2|Landorus-Therian, M|
|poke|p2|Zamazenta-*|
|poke|p2|Heatran, F|
|poke|p2|Keldeo-Resolute|
|teampreview
|inactive|Battle timer is ON: inactive players will automatically lose when time's up. (requested by skmtmzaka)
|
|t:|1760851445
|teamsize|p1|6
|teamsize|p2|6
|start
|switch|p1a: Gliscor|Gliscor, M|100/100
|switch|p2a: Landorus|Landorus-Therian, M, shiny|100/100
|-ability|p2a: Landorus|Intimidate|boost
|-unboost|p1a: Gliscor|atk|1
|turn|1
|
|t:|1760851464
|move|p1a: Gliscor|Protect|p1a: Gliscor
|-singleturn|p1a: Gliscor|Protect
|move|p2a: Landorus|Stealth Rock|p1a: Gliscor
|-sidestart|p1: skmtmzaka|move: Stealth Rock
|
|-status|p1a: Gliscor|tox|[from] item: Toxic Orb
|upkeep
|turn|2
|
|t:|1760851472
|move|p2a: Landorus|U-turn|p1a: Gliscor
|-resisted|p1a: Gliscor
|-damage|p1a: Gliscor|91/100 tox
|
|t:|1760851476
|switch|p2a: Keldeo|Keldeo-Resolute|100/100|[from] U-turn
|move|p1a: Gliscor|Knock Off|p2a: Keldeo
|-resisted|p2a: Keldeo
|-damage|p2a: Keldeo|93/100
|-ability|p2a: Keldeo|Justified|boost
|-boost|p2a: Keldeo|atk|1
|-enditem|p2a: Keldeo|Choice Specs|[from] move: Knock Off|[of] p1a: Gliscor
|
|-heal|p1a: Gliscor|100/100 tox|[from] ability: Poison Heal
|upkeep
|turn|3
|
|t:|1760851493
|move|p1a: Gliscor|Protect|p1a: Gliscor
|-singleturn|p1a: Gliscor|Protect
|move|p2a: Keldeo|Flip Turn|p1a: Gliscor
|-activate|p1a: Gliscor|move: Protect
|
|upkeep
|turn|4
|
|t:|1760851499
|switch|p1a: Toxapex|Toxapex, M|100/100
|-damage|p1a: Toxapex|88/100|[from] Stealth Rock
|move|p2a: Keldeo|Surf|p1a: Toxapex
|-resisted|p1a: Toxapex
|-damage|p1a: Toxapex|71/100
|
|upkeep
|turn|5
|
|t:|1760851516
|switch|p2a: Great Tusk|Great Tusk, shiny|100/100
|move|p1a: Toxapex|Toxic Spikes|p2a: Great Tusk
|-sidestart|p2: interesting小小露003|move: Toxic Spikes
|
|upkeep
|turn|6
|
|t:|1760851523
|switch|p1a: Corviknight|Corviknight, F|100/100
|-damage|p1a: Corviknight|88/100|[from] Stealth Rock
|-ability|p1a: Corviknight|Pressure
|move|p2a: Great Tusk|Earthquake|p1a: Corviknight
|-immune|p1a: Corviknight
|
|upkeep
|turn|7
|
|t:|1760851533
|move|p2a: Great Tusk|Rapid Spin|p1a: Corviknight
|-resisted|p1a: Corviknight
|-damage|p1a: Corviknight|82/100
|-boost|p2a: Great Tusk|spe|1
|-damage|p2a: Great Tusk|84/100|[from] item: Rocky Helmet|[of] p1a: Corviknight
|-sideend|p2: interesting小小露003|Toxic Spikes|[from] move: Rapid Spin|[of] p2a: Great Tusk
|move|p1a: Corviknight|Defog|p2a: Great Tusk
|-unboost|p2a: Great Tusk|evasion|1
|-sideend|p1: skmtmzaka|Stealth Rock|[from] move: Defog|[of] p1a: Corviknight
|
|upkeep
|turn|8
|
|t:|1760851544
|-end|p2a: Great Tusk|Protosynthesis|[silent]
|switch|p2a: Heatran|Heatran, F|100/100
|switch|p1a: Toxapex|Toxapex, M|100/100
|
|upkeep
|turn|9
|
|t:|1760851553
|switch|p1a: Gliscor|Gliscor, M|100/100 tox
|move|p2a: Heatran|Taunt|p1a: Gliscor
|-start|p1a: Gliscor|move: Taunt
|
|upkeep
|turn|10
|
|t:|1760851562
|switch|p2a: Landorus|Landorus-Therian, M, shiny|100/100
|-ability|p2a: Landorus|Intimidate|boost
|-unboost|p1a: Gliscor|atk|1
|move|p1a: Gliscor|Knock Off|p2a: Landorus
|-damage|p2a: Landorus|87/100
|-damage|p1a: Gliscor|84/100 tox|[from] item: Rocky Helmet|[of] p2a: Landorus
|-enditem|p2a: Landorus|Rocky Helmet|[from] move: Knock Off|[of] p1a: Gliscor
|
|-heal|p1a: Gliscor|96/100 tox|[from] ability: Poison Heal
|upkeep
|turn|11
|
|t:|1760851574
|switch|p1a: Toxapex|Toxapex, M|100/100
|move|p2a: Landorus|Stealth Rock|p1a: Toxapex
|-sidestart|p1: skmtmzaka|move: Stealth Rock
|
|upkeep
|turn|12
|
|t:|1760851595
|move|p2a: Landorus|U-turn|p1a: Toxapex
|-resisted|p1a: Toxapex
|-damage|p1a: Toxapex|92/100
|-damage|p2a: Landorus|70/100|[from] item: Rocky Helmet|[of] p1a: Toxapex
|
|t:|1760851598
|switch|p2a: Serperior|Serperior, F|100/100|[from] U-turn
|move|p1a: Toxapex|Toxic|p2a: Serperior
|-status|p2a: Serperior|tox
|
|-damage|p2a: Serperior|94/100 tox|[from] psn
|upkeep
|turn|13
|
|t:|1760851609
|switch|p1a: Blissey|Blissey, F|100/100
|-damage|p1a: Blissey|88/100|[from] Stealth Rock
|move|p2a: Serperior|Substitute|p2a: Serperior
|-start|p2a: Serperior|Substitute
|-damage|p2a: Serperior|69/100 tox
|
|-heal|p2a: Serperior|76/100 tox|[from] item: Leftovers
|-damage|p2a: Serperior|63/100 tox|[from] psn
|upkeep
|turn|14
|
|t:|1760851620
|move|p2a: Serperior|Leech Seed|p1a: Blissey
|-start|p1a: Blissey|move: Leech Seed
|move|p1a: Blissey|Calm Mind|p1a: Blissey
|-boost|p1a: Blissey|spa|1
|-boost|p1a: Blissey|spd|1
|
|-heal|p2a: Serperior|69/100 tox|[from] item: Leftovers
|-damage|p1a: Blissey|76/100|[from] Leech Seed|[of] p2a: Serperior
|-heal|p2a: Serperior|92/100 tox|[silent]
|-damage|p2a: Serperior|74/100 tox|[from] psn
|upkeep
|turn|15
|
|t:|1760851635
|switch|p1a: Clodsire|Clodsire, F|100/100
|move|p2a: Serperior|Glare|p1a: Clodsire
|-status|p1a: Clodsire|par
|
|-heal|p2a: Serperior|80/100 tox|[from] item: Leftovers
|-damage|p2a: Serperior|55/100 tox|[from] psn
|upkeep
|turn|16
|
|t:|1760851645
|switch|p2a: Great Tusk|Great Tusk, shiny|84/100
|switch|p1a: Blissey|Blissey, F|76/100
|-damage|p1a: Blissey|63/100|[from] Stealth Rock
|
|upkeep
|turn|17
|
|t:|1760851653
|switch|p1a: Corviknight|Corviknight, F|82/100
|-damage|p1a: Corviknight|69/100|[from] Stealth Rock
|-ability|p1a: Corviknight|Pressure
|move|p2a: Great Tusk|Close Combat|p1a: Corviknight
|-damage|p1a: Corviknight|25/100
|-unboost|p2a: Great Tusk|def|1
|-unboost|p2a: Great Tusk|spd|1
|-damage|p2a: Great Tusk|67/100|[from] item: Rocky Helmet|[of] p1a: Corviknight
|
|upkeep
|turn|18
|
|t:|1760851667
|-terastallize|p1a: Corviknight|Fighting
|move|p2a: Great Tusk|Close Combat|p1a: Corviknight
|-damage|p1a: Corviknight|0 fnt
|-unboost|p2a: Great Tusk|def|1
|-unboost|p2a: Great Tusk|spd|1
|-damage|p2a: Great Tusk|51/100|[from] item: Rocky Helmet|[of] p1a: Corviknight
|faint|p1a: Corviknight
|
|upkeep
|
|t:|1760851677
|switch|p1a: Toxapex|Toxapex, M|100/100
|-damage|p1a: Toxapex|88/100|[from] Stealth Rock
|turn|19
|
|t:|1760851685
|-end|p2a: Great Tusk|Protosynthesis|[silent]
|switch|p2a: Serperior|Serperior, F|55/100 tox
|move|p1a: Toxapex|Toxic|p2a: Serperior
|-fail|p2a: Serperior|tox
|
|-heal|p2a: Serperior|61/100 tox|[from] item: Leftovers
|-damage|p2a: Serperior|55/100 tox|[from] psn
|upkeep
|turn|20
|
|t:|1760851697
|switch|p1a: Clodsire|Clodsire, F|100/100 par
|move|p2a: Serperior|Glare|p1a: Clodsire
|-fail|p1a: Clodsire|par
|
|-heal|p2a: Serperior|61/100 tox|[from] item: Leftovers
|-damage|p2a: Serperior|49/100 tox|[from] psn
|upkeep
|turn|21
|
|t:|1760851713
|switch|p2a: Great Tusk|Great Tusk, shiny|51/100
|move|p1a: Clodsire|Earthquake|p2a: Great Tusk
|-damage|p2a: Great Tusk|35/100
|
|upkeep
|turn|22
|
|t:|1760851726
|switch|p1a: Toxapex|Toxapex, M|100/100
|-damage|p1a: Toxapex|88/100|[from] Stealth Rock
|move|p2a: Great Tusk|Earthquake|p1a: Toxapex
|-supereffective|p1a: Toxapex
|-damage|p1a: Toxapex|4/100
|
|upkeep
|turn|23
|
|t:|1760851739
|switch|p1a: Dondozo|Dondozo, M|100/100
|-damage|p1a: Dondozo|88/100|[from] Stealth Rock
|move|p2a: Great Tusk|Ice Spinner|p1a: Dondozo
|-resisted|p1a: Dondozo
|-damage|p1a: Dondozo|81/100
|
|-heal|p1a: Dondozo|88/100|[from] item: Leftovers
|upkeep
|turn|24
|
|t:|1760851753
|-end|p2a: Great Tusk|Protosynthesis|[silent]
|switch|p2a: Serperior|Serperior, F|49/100 tox
|move|p1a: Dondozo|Avalanche|p2a: Serperior
|-supereffective|p2a: Serperior
|-damage|p2a: Serperior|23/100 tox
|
|-heal|p2a: Serperior|29/100 tox|[from] item: Leftovers
|-heal|p1a: Dondozo|94/100|[from] item: Leftovers
|-damage|p2a: Serperior|23/100 tox|[from] psn
|upkeep
|turn|25
|
|t:|1760851764
|switch|p1a: Clodsire|Clodsire, F|100/100 par
|move|p2a: Serperior|Leech Seed|p1a: Clodsire
|-start|p1a: Clodsire|move: Leech Seed
|
|-heal|p2a: Serperior|29/100 tox|[from] item: Leftovers
|-damage|p1a: Clodsire|88/100 par|[from] Leech Seed|[of] p2a: Serperior
|-heal|p2a: Serperior|45/100 tox|[silent]
|-damage|p2a: Serperior|33/100 tox|[from] psn
|upkeep
|turn|26
|c|☆interesting小小露003|玩受队就该死
|
|t:|1760851783
|switch|p2a: Landorus|Landorus-Therian, M, shiny|70/100
|-ability|p2a: Landorus|Intimidate|boost
|-unboost|p1a: Clodsire|atk|1
|move|p1a: Clodsire|Spikes|p2a: Landorus
|-sidestart|p2: interesting小小露003|Spikes
|
|-damage|p1a: Clodsire|75/100 par|[from] Leech Seed|[of] p2a: Landorus
|-heal|p2a: Landorus|86/100|[silent]
|upkeep
|turn|27
|
|t:|1760851794
|switch|p1a: Gliscor|Gliscor, M|96/100 tox
|-damage|p1a: Gliscor|84/100 tox|[from] Stealth Rock
|move|p2a: Landorus|U-turn|p1a: Gliscor
|-resisted|p1a: Gliscor
|-crit|p1a: Gliscor
|-damage|p1a: Gliscor|71/100 tox
|
|t:|1760851812
|switch|p2a: Keldeo|Keldeo-Resolute|93/100|[from] U-turn
|-damage|p2a: Keldeo|80/100|[from] Spikes
|
|-heal|p1a: Gliscor|83/100 tox|[from] ability: Poison Heal
|upkeep
|turn|28
|
|t:|1760851829
|switch|p1a: Dondozo|Dondozo, M|94/100
|-damage|p1a: Dondozo|81/100|[from] Stealth Rock
|move|p2a: Keldeo|Surf|p1a: Dondozo
|-resisted|p1a: Dondozo
|-damage|p1a: Dondozo|59/100
|
|-heal|p1a: Dondozo|65/100|[from] item: Leftovers
|upkeep
|turn|29
|
|t:|1760851841
|move|p2a: Keldeo|Flip Turn|p1a: Dondozo
|-resisted|p1a: Dondozo
|-damage|p1a: Dondozo|62/100
|
|t:|1760851843
|switch|p2a: Serperior|Serperior, F|33/100 tox|[from] Flip Turn
|-damage|p2a: Serperior|21/100 tox|[from] Spikes
|move|p1a: Dondozo|Body Press|p2a: Serperior
|-damage|p2a: Serperior|0 fnt
|faint|p2a: Serperior
|
|-heal|p1a: Dondozo|68/100|[from] item: Leftovers
|upkeep
|
|t:|1760851846
|switch|p2a: Great Tusk|Great Tusk, shiny|35/100
|-damage|p2a: Great Tusk|23/100|[from] Spikes
|turn|30
|c|☆skmtmzaka|🤓🤓🤓
|
|t:|1760851859
|move|p2a: Great Tusk|Rapid Spin|p1a: Dondozo
|-damage|p1a: Dondozo|60/100
|-boost|p2a: Great Tusk|spe|1
|-sideend|p2: interesting小小露003|Spikes|[from] move: Rapid Spin|[of] p2a: Great Tusk
|move|p1a: Dondozo|Avalanche|p2a: Great Tusk
|-supereffective|p2a: Great Tusk
|-damage|p2a: Great Tusk|0 fnt
|faint|p2a: Great Tusk
|-end|p2a: Great Tusk|Protosynthesis|[silent]
|
|-heal|p1a: Dondozo|66/100|[from] item: Leftovers
|upkeep
|c|☆skmtmzaka|破防了是吧
|
|t:|1760851878
|switch|p2a: Landorus|Landorus-Therian, M, shiny|86/100
|-ability|p2a: Landorus|Intimidate|boost
|-unboost|p1a: Dondozo|atk|1
|turn|31
|
|t:|1760851887
|move|p2a: Landorus|U-turn|p1a: Dondozo
|-damage|p1a: Dondozo|56/100
|
|t:|1760851890
|switch|p2a: Keldeo|Keldeo-Resolute|80/100|[from] U-turn
|move|p1a: Dondozo|Avalanche|p2a: Keldeo
|-resisted|p2a: Keldeo
|-damage|p2a: Keldeo|75/100
|
|-heal|p1a: Dondozo|63/100|[from] item: Leftovers
|upkeep
|turn|32
|
|t:|1760851900
|move|p2a: Keldeo|Secret Sword|p1a: Dondozo
|-damage|p1a: Dondozo|42/100
|move|p1a: Dondozo|Body Press|p2a: Keldeo
|-damage|p2a: Keldeo|44/100
|
|-heal|p1a: Dondozo|48/100|[from] item: Leftovers
|upkeep
|turn|33
|
|t:|1760851910
|move|p2a: Keldeo|Flip Turn|p1a: Dondozo
|-resisted|p1a: Dondozo
|-damage|p1a: Dondozo|45/100
|
|t:|1760851912
|switch|p2a: Zamazenta|Zamazenta, shiny|100/100|[from] Flip Turn
|-ability|p2a: Zamazenta|Dauntless Shield|boost
|-boost|p2a: Zamazenta|def|1
|move|p1a: Dondozo|Rest|p1a: Dondozo
|-status|p1a: Dondozo|slp|[from] move: Rest
|-heal|p1a: Dondozo|100/100 slp|[silent]
|
|upkeep
|turn|34
|
|t:|1760851922
|move|p2a: Zamazenta|Iron Defense|p2a: Zamazenta
|-boost|p2a: Zamazenta|def|2
|cant|p1a: Dondozo|slp
|move|p1a: Dondozo|Sleep Talk|p1a: Dondozo
|move|p1a: Dondozo|Rest||[from] move: Sleep Talk|[still]
|-fail|p1a: Dondozo
|
|upkeep
|turn|35
|
|t:|1760851933
|move|p2a: Zamazenta|Substitute|p2a: Zamazenta
|-start|p2a: Zamazenta|Substitute
|-damage|p2a: Zamazenta|76/100
|cant|p1a: Dondozo|slp
|move|p1a: Dondozo|Sleep Talk|p1a: Dondozo
|move|p1a: Dondozo|Rest||[from] move: Sleep Talk|[still]
|-fail|p1a: Dondozo
|
|-heal|p2a: Zamazenta|82/100|[from] item: Leftovers
|upkeep
|turn|36
|
|t:|1760851946
|move|p2a: Zamazenta|Iron Defense|p2a: Zamazenta
|-boost|p2a: Zamazenta|def|2
|-curestatus|p1a: Dondozo|slp|[msg]
|move|p1a: Dondozo|Body Press|p2a: Zamazenta
|-activate|p2a: Zamazenta|move: Substitute|[damage]
|
|-heal|p2a: Zamazenta|88/100|[from] item: Leftovers
|upkeep
|turn|37
|
|t:|1760851955
|move|p2a: Zamazenta|Body Press|p1a: Dondozo
|-damage|p1a: Dondozo|81/100
|move|p1a: Dondozo|Body Press|p2a: Zamazenta
|-crit|p2a: Zamazenta
|-end|p2a: Zamazenta|Substitute
|
|-heal|p2a: Zamazenta|94/100|[from] item: Leftovers
|-heal|p1a: Dondozo|88/100|[from] item: Leftovers
|upkeep
|turn|38
|
|t:|1760851966
|move|p2a: Zamazenta|Substitute|p2a: Zamazenta
|-start|p2a: Zamazenta|Substitute
|-damage|p2a: Zamazenta|69/100
|move|p1a: Dondozo|Body Press|p2a: Zamazenta
|-activate|p2a: Zamazenta|move: Substitute|[damage]
|
|-heal|p2a: Zamazenta|75/100|[from] item: Leftovers
|-heal|p1a: Dondozo|94/100|[from] item: Leftovers
|upkeep
|turn|39
|
|t:|1760851976
|move|p2a: Zamazenta|Iron Defense|p2a: Zamazenta
|-boost|p2a: Zamazenta|def|1
|move|p1a: Dondozo|Body Press|p2a: Zamazenta
|-end|p2a: Zamazenta|Substitute
|
|-heal|p2a: Zamazenta|82/100|[from] item: Leftovers
|-heal|p1a: Dondozo|99/100|[from] item: Leftovers
|upkeep
|turn|40
|
|t:|1760851990
|switch|p1a: Clodsire|Clodsire, F|75/100 par
|move|p2a: Zamazenta|Substitute|p2a: Zamazenta
|-start|p2a: Zamazenta|Substitute
|-damage|p2a: Zamazenta|57/100
|
|-heal|p2a: Zamazenta|63/100|[from] item: Leftovers
|upkeep
|turn|41
|
|t:|1760852000
|move|p2a: Zamazenta|Body Press|p1a: Clodsire
|-resisted|p1a: Clodsire
|-damage|p1a: Clodsire|51/100 par
|move|p1a: Clodsire|Spikes|p2a: Zamazenta
|-sidestart|p2: interesting小小露003|Spikes
|
|-heal|p2a: Zamazenta|69/100|[from] item: Leftovers
|upkeep
|turn|42
|
|t:|1760852017
|switch|p2a: Heatran|Heatran, F|100/100
|-damage|p2a: Heatran|88/100|[from] Spikes
|move|p1a: Clodsire|Spikes|p2a: Heatran
|-sidestart|p2: interesting小小露003|Spikes
|
|-heal|p2a: Heatran|94/100|[from] item: Leftovers
|upkeep
|turn|43
|
|t:|1760852034
|switch|p1a: Gliscor|Gliscor, M|83/100 tox
|-damage|p1a: Gliscor|71/100 tox|[from] Stealth Rock
|-terastallize|p2a: Heatran|Flying
|move|p2a: Heatran|Magma Storm|p1a: Gliscor
|-damage|p1a: Gliscor|25/100 tox
|-activate|p1a: Gliscor|move: Magma Storm|[of] p2a: Heatran
|
|-heal|p2a: Heatran|100/100|[from] item: Leftovers
|-heal|p1a: Gliscor|37/100 tox|[from] ability: Poison Heal
|-damage|p1a: Gliscor|25/100 tox|[from] move: Magma Storm|[partiallytrapped]
|upkeep
|turn|44
|
|t:|1760852049
|move|p1a: Gliscor|Protect|p1a: Gliscor
|-singleturn|p1a: Gliscor|Protect
|move|p2a: Heatran|Magma Storm|p1a: Gliscor
|-activate|p1a: Gliscor|move: Protect
|
|-heal|p1a: Gliscor|37/100 tox|[from] ability: Poison Heal
|-damage|p1a: Gliscor|25/100 tox|[from] move: Magma Storm|[partiallytrapped]
|upkeep
|turn|45
|inactive|skmtmzaka has 120 seconds left.
|
|t:|1760852071
|move|p1a: Gliscor|Stealth Rock|p2a: Heatran
|-sidestart|p2: interesting小小露003|move: Stealth Rock
|move|p2a: Heatran|Magma Storm|p1a: Gliscor|[miss]
|-miss|p2a: Heatran|p1a: Gliscor
|
|-heal|p1a: Gliscor|37/100 tox|[from] ability: Poison Heal
|-damage|p1a: Gliscor|25/100 tox|[from] move: Magma Storm|[partiallytrapped]
|upkeep
|turn|46
|
|t:|1760852080
|move|p1a: Gliscor|Protect|p1a: Gliscor
|-singleturn|p1a: Gliscor|Protect
|move|p2a: Heatran|Taunt|p1a: Gliscor
|-activate|p1a: Gliscor|move: Protect
|
|-heal|p1a: Gliscor|37/100 tox|[from] ability: Poison Heal
|-damage|p1a: Gliscor|25/100 tox|[from] move: Magma Storm|[partiallytrapped]
|upkeep
|turn|47
|
|t:|1760852090
|move|p1a: Gliscor|Knock Off|p2a: Heatran
|-damage|p2a: Heatran|81/100
|-enditem|p2a: Heatran|Leftovers|[from] move: Knock Off|[of] p1a: Gliscor
|move|p2a: Heatran|Magma Storm|p1a: Gliscor|[miss]
|-miss|p2a: Heatran|p1a: Gliscor
|
|-heal|p1a: Gliscor|37/100 tox|[from] ability: Poison Heal
|-damage|p1a: Gliscor|25/100 tox|[from] move: Magma Storm|[partiallytrapped]
|upkeep
|turn|48
|
|t:|1760852102
|move|p1a: Gliscor|Protect|p1a: Gliscor
|-singleturn|p1a: Gliscor|Protect
|move|p2a: Heatran|Magma Storm|p1a: Gliscor
|-activate|p1a: Gliscor|move: Protect
|
|-heal|p1a: Gliscor|37/100 tox|[from] ability: Poison Heal
|-end|p1a: Gliscor|Magma Storm|[partiallytrapped]
|upkeep
|turn|49
|
|t:|1760852112
|switch|p1a: Toxapex|Toxapex, M|38/100
|-damage|p1a: Toxapex|25/100|[from] Stealth Rock
|move|p2a: Heatran|Magma Storm|p1a: Toxapex
|-resisted|p1a: Toxapex
|-damage|p1a: Toxapex|5/100
|-activate|p1a: Toxapex|move: Magma Storm|[of] p2a: Heatran
|
|-damage|p1a: Toxapex|0 fnt|[from] move: Magma Storm|[partiallytrapped]
|faint|p1a: Toxapex
|upkeep
|inactive|skmtmzaka has 120 seconds left.
|
|t:|1760852123
|switch|p1a: Blissey|Blissey, F|63/100
|-damage|p1a: Blissey|51/100|[from] Stealth Rock
|turn|50
|
|t:|1760852129
|move|p2a: Heatran|Taunt|p1a: Blissey
|-start|p1a: Blissey|move: Taunt
|cant|p1a: Blissey|move: Taunt|Trick
|
|upkeep
|turn|51
|inactive|skmtmzaka has 120 seconds left.
|
|t:|1760852147
|switch|p2a: Keldeo|Keldeo-Resolute|44/100
|-damage|p2a: Keldeo|28/100|[from] Spikes
|-damage|p2a: Keldeo|22/100|[from] Stealth Rock
|switch|p1a: Dondozo|Dondozo, M|99/100
|-damage|p1a: Dondozo|87/100|[from] Stealth Rock
|
|-heal|p1a: Dondozo|94/100|[from] item: Leftovers
|upkeep
|turn|52
|inactive|skmtmzaka has 120 seconds left.
|
|t:|1760852165
|move|p2a: Keldeo|Surf|p1a: Dondozo
|-resisted|p1a: Dondozo
|-crit|p1a: Dondozo
|-damage|p1a: Dondozo|61/100
|move|p1a: Dondozo|Avalanche|p2a: Keldeo
|-resisted|p2a: Keldeo
|-damage|p2a: Keldeo|5/100
|
|-heal|p1a: Dondozo|67/100|[from] item: Leftovers
|upkeep
|turn|53
|inactive|skmtmzaka has 120 seconds left.
|
|t:|1760852178
|move|p2a: Keldeo|Surf|p1a: Dondozo
|-resisted|p1a: Dondozo
|-damage|p1a: Dondozo|46/100
|move|p1a: Dondozo|Rest|p1a: Dondozo
|-status|p1a: Dondozo|slp|[from] move: Rest
|-heal|p1a: Dondozo|100/100 slp|[silent]
|
|upkeep
|turn|54
|
|t:|1760852186
|move|p2a: Keldeo|Surf|p1a: Dondozo
|-resisted|p1a: Dondozo
|-damage|p1a: Dondozo|80/100 slp
|cant|p1a: Dondozo|slp
|move|p1a: Dondozo|Sleep Talk|p1a: Dondozo
|move|p1a: Dondozo|Body Press|p2a: Keldeo|[from] move: Sleep Talk
|-damage|p2a: Keldeo|0 fnt
|faint|p2a: Keldeo
|
|-heal|p1a: Dondozo|86/100 slp|[from] item: Leftovers
|upkeep
|
|t:|1760852195
|switch|p2a: Landorus|Landorus-Therian, M, shiny|86/100
|-damage|p2a: Landorus|74/100|[from] Stealth Rock
|-ability|p2a: Landorus|Intimidate|boost
|-unboost|p1a: Dondozo|atk|1
|turn|55
|
|t:|1760852205
|move|p2a: Landorus|Earthquake|p1a: Dondozo
|-damage|p1a: Dondozo|64/100 slp
|cant|p1a: Dondozo|slp
|move|p1a: Dondozo|Sleep Talk|p1a: Dondozo
|move|p1a: Dondozo|Avalanche|p2a: Landorus|[from] move: Sleep Talk
|-supereffective|p2a: Landorus
|-damage|p2a: Landorus|4/100
|
|-heal|p1a: Dondozo|71/100 slp|[from] item: Leftovers
|upkeep
|turn|56
|
|t:|1760852218
|move|p2a: Landorus|U-turn|p1a: Dondozo
|-damage|p1a: Dondozo|61/100 slp
|
|t:|1760852220
|switch|p2a: Heatran|Heatran, F, tera:Flying|81/100|[from] U-turn
|-damage|p2a: Heatran|56/100|[from] Stealth Rock
|-curestatus|p1a: Dondozo|slp|[msg]
|move|p1a: Dondozo|Avalanche|p2a: Heatran
|-supereffective|p2a: Heatran
|-damage|p2a: Heatran|39/100
|
|-heal|p1a: Dondozo|67/100|[from] item: Leftovers
|upkeep
|turn|57
|
|t:|1760852241
|move|p2a: Heatran|Taunt|p1a: Dondozo
|-start|p1a: Dondozo|move: Taunt
|move|p1a: Dondozo|Avalanche|p2a: Heatran
|-supereffective|p2a: Heatran
|-damage|p2a: Heatran|22/100
|-status|p1a: Dondozo|brn|[from] ability: Flame Body|[of] p2a: Heatran
|
|-heal|p1a: Dondozo|73/100 brn|[from] item: Leftovers
|-damage|p1a: Dondozo|67/100 brn|[from] brn
|upkeep
|turn|58
|
|t:|1760852258
|move|p2a: Heatran|Magma Storm|p1a: Dondozo
|-resisted|p1a: Dondozo
|-damage|p1a: Dondozo|40/100 brn
|-activate|p1a: Dondozo|move: Magma Storm|[of] p2a: Heatran
|move|p1a: Dondozo|Avalanche|p2a: Heatran
|-supereffective|p2a: Heatran
|-damage|p2a: Heatran|4/100
|
|-heal|p1a: Dondozo|46/100 brn|[from] item: Leftovers
|-damage|p1a: Dondozo|40/100 brn|[from] brn
|-damage|p1a: Dondozo|27/100 brn|[from] move: Magma Storm|[partiallytrapped]
|upkeep
|turn|59
|
|t:|1760852270
|move|p2a: Heatran|Magma Storm|p1a: Dondozo
|-resisted|p1a: Dondozo
|-crit|p1a: Dondozo
|-damage|p1a: Dondozo|0 fnt
|faint|p1a: Dondozo
|
|upkeep
|
|t:|1760852276
|switch|p1a: Blissey|Blissey, F|51/100
|-damage|p1a: Blissey|38/100|[from] Stealth Rock
|turn|60
|
|t:|1760852281
|move|p2a: Heatran|Taunt|p1a: Blissey
|-start|p1a: Blissey|move: Taunt
|move|p1a: Blissey|Seismic Toss|p2a: Heatran
|-damage|p2a: Heatran|0 fnt
|faint|p2a: Heatran
|
|upkeep
|
|t:|1760852285
|switch|p2a: Zamazenta|Zamazenta, shiny|69/100
|-damage|p2a: Zamazenta|53/100|[from] Spikes
|-damage|p2a: Zamazenta|46/100|[from] Stealth Rock
|turn|61
|
|t:|1760852297
|switch|p1a: Clodsire|Clodsire, F|51/100 par
|move|p2a: Zamazenta|Body Press|p1a: Clodsire
|-resisted|p1a: Clodsire
|-damage|p1a: Clodsire|27/100 par
|
|-heal|p2a: Zamazenta|53/100|[from] item: Leftovers
|upkeep
|turn|62
|
|t:|1760852307
|move|p2a: Zamazenta|Substitute|p2a: Zamazenta
|-start|p2a: Zamazenta|Substitute
|-damage|p2a: Zamazenta|28/100
|move|p1a: Clodsire|Recover|p1a: Clodsire
|-heal|p1a: Clodsire|77/100 par
|
|-heal|p2a: Zamazenta|34/100|[from] item: Leftovers
|upkeep
|turn|63
|
|t:|1760852322
|move|p2a: Zamazenta|Iron Defense|p2a: Zamazenta
|-boost|p2a: Zamazenta|def|2
|cant|p1a: Clodsire|par
|
|-heal|p2a: Zamazenta|40/100|[from] item: Leftovers
|upkeep
|turn|64
|
|t:|1760852334
|move|p2a: Zamazenta|Body Press|p1a: Clodsire
|-resisted|p1a: Clodsire
|-damage|p1a: Clodsire|54/100 par
|move|p1a: Clodsire|Earthquake|p2a: Zamazenta
|-activate|p2a: Zamazenta|move: Substitute|[damage]
|
|-heal|p2a: Zamazenta|46/100|[from] item: Leftovers
|upkeep
|turn|65
|
|t:|1760852344
|move|p2a: Zamazenta|Body Press|p1a: Clodsire
|-resisted|p1a: Clodsire
|-damage|p1a: Clodsire|30/100 par
|move|p1a: Clodsire|Recover|p1a: Clodsire
|-heal|p1a: Clodsire|80/100 par
|
|-heal|p2a: Zamazenta|52/100|[from] item: Leftovers
|upkeep
|turn|66
|
|t:|1760852359
|move|p2a: Zamazenta|Body Press|p1a: Clodsire
|-resisted|p1a: Clodsire
|-damage|p1a: Clodsire|56/100 par
|cant|p1a: Clodsire|par
|
|-heal|p2a: Zamazenta|58/100|[from] item: Leftovers
|upkeep
|turn|67
|
|t:|1760852368
|move|p2a: Zamazenta|Body Press|p1a: Clodsire
|-resisted|p1a: Clodsire
|-damage|p1a: Clodsire|33/100 par
|move|p1a: Clodsire|Earthquake|p2a: Zamazenta
|-crit|p2a: Zamazenta
|-end|p2a: Zamazenta|Substitute
|
|-heal|p2a: Zamazenta|65/100|[from] item: Leftovers
|upkeep
|turn|68
|
|t:|1760852378
|move|p2a: Zamazenta|Body Press|p1a: Clodsire
|-resisted|p1a: Clodsire
|-damage|p1a: Clodsire|9/100 par
|move|p1a: Clodsire|Recover|p1a: Clodsire
|-heal|p1a: Clodsire|59/100 par
|
|-heal|p2a: Zamazenta|71/100|[from] item: Leftovers
|upkeep
|turn|69
|
|t:|1760852387
|move|p2a: Zamazenta|Substitute|p2a: Zamazenta
|-start|p2a: Zamazenta|Substitute
|-damage|p2a: Zamazenta|46/100
|move|p1a: Clodsire|Toxic||[still]
|-fail|p1a: Clodsire
|
|-heal|p2a: Zamazenta|52/100|[from] item: Leftovers
|upkeep
|turn|70
|
|t:|1760852405
|move|p2a: Zamazenta|Body Press|p1a: Clodsire
|-resisted|p1a: Clodsire
|-damage|p1a: Clodsire|35/100 par
|cant|p1a: Clodsire|par
|
|-heal|p2a: Zamazenta|58/100|[from] item: Leftovers
|upkeep
|turn|71
|
|t:|1760852414
|move|p2a: Zamazenta|Body Press|p1a: Clodsire
|-resisted|p1a: Clodsire
|-damage|p1a: Clodsire|13/100 par
|move|p1a: Clodsire|Recover|p1a: Clodsire
|-heal|p1a: Clodsire|63/100 par
|
|-heal|p2a: Zamazenta|64/100|[from] item: Leftovers
|upkeep
|turn|72
|
|t:|1760852426
|move|p2a: Zamazenta|Body Press|p1a: Clodsire
|-resisted|p1a: Clodsire
|-damage|p1a: Clodsire|39/100 par
|move|p1a: Clodsire|Earthquake|p2a: Zamazenta
|-activate|p2a: Zamazenta|move: Substitute|[damage]
|
|-heal|p2a: Zamazenta|70/100|[from] item: Leftovers
|upkeep
|turn|73
|
|t:|1760852436
|move|p2a: Zamazenta|Body Press|p1a: Clodsire
|-resisted|p1a: Clodsire
|-damage|p1a: Clodsire|17/100 par
|cant|p1a: Clodsire|par
|
|-heal|p2a: Zamazenta|77/100|[from] item: Leftovers
|upkeep
|turn|74
|
|t:|1760852452
|switch|p1a: Gliscor|Gliscor, M|37/100 tox
|-damage|p1a: Gliscor|25/100 tox|[from] Stealth Rock
|move|p2a: Zamazenta|Body Press|p1a: Gliscor
|-resisted|p1a: Gliscor
|-damage|p1a: Gliscor|0 fnt
|faint|p1a: Gliscor
|
|-heal|p2a: Zamazenta|83/100|[from] item: Leftovers
|upkeep
|
|t:|1760852463
|switch|p1a: Clodsire|Clodsire, F|17/100 par
|turn|75
|
|t:|1760852467
|move|p2a: Zamazenta|Body Press|p1a: Clodsire
|-resisted|p1a: Clodsire
|-damage|p1a: Clodsire|0 fnt
|faint|p1a: Clodsire
|
|-heal|p2a: Zamazenta|89/100|[from] item: Leftovers
|upkeep
|c|☆interesting小小露003|好玩吗
|-message|skmtmzaka forfeited.
|
|win|interesting小小露003
|raw|skmtmzaka's rating: 1317 &rarr; <strong>1300</strong><br />(-17 for losing)
|raw|interesting小小露003's rating: 1376 &rarr; <strong>1393</strong><br />(+17 for winning)
|l|☆skmtmzaka
|player|p1|
|c|☆interesting小小露003|啧啧啧
|l|☆interesting小小露003
|player|p2|
|j| quqeee熊孩子大元帅
|j| vywxiwjxjwk
|j| xinshouS~M
|l| quqeee熊孩子大元帅
|j| alex20101010索罗亚克侠
|l| vywxiwjxjwk
|j| xieeee
|j| leo111212你好
|j|☆interesting小小露003
|player|p2|interesting小小露003|miku-water|
|j| vywxiwjxjwk
|l| vywxiwjxjwk
|l|☆interesting小小露003
|player|p2|
|l| alex20101010索罗亚克侠
