|j|☆orio27
|j|☆SleepyEevie
|t:|1760801783
|gametype|singles
|player|p1|orio27|blackbelt|1342
|player|p2|SleepyEevie|lady|1319
|gen|9
|tier|[Gen 9] OU
|rated|
|rule|HP Percentage Mod: HP is shown in percentages
|rule|Endless Battle Clause: Forcing endless battles is banned
|rule|Species Clause: Limit one of each Pokémon
|rule|OHKO Clause: OHKO moves are banned
|rule|Evasion Items Clause: Evasion items are banned
|rule|Evasion Moves Clause: Evasion moves are banned
|rule|Evasion Abilities Clause: Evasion abilities are banned
|rule|Sleep Moves Clause: Sleep-inducing moves are banned
|clearpoke
|poke|p1|Great Tusk|
|poke|p1|Kingambit, F|
|poke|p1|Moltres|
|poke|p1|Tinkaton, F|
|poke|p1|Hydrapple, M|
|poke|p1|Samurott-Hisui, M|
|poke|p2|Lycanroc-Dusk, F|
|poke|p2|Great Tusk|
|poke|p2|Iron Crown|
|poke|p2|Moltres|
|poke|p2|Ogerpon-Wellspring, F|
|poke|p2|Raging Bolt|
|teampreview
|inactive|Battle timer is ON: inactive players will automatically lose when time's up. (requested by SleepyEevie)
|
|t:|1760801792
|teamsize|p1|6
|teamsize|p2|6
|start
|switch|p1a: Tinkaton|Tinkaton, F|100/100
|switch|p2a: Lycanroc|Lycanroc-Dusk, F, shiny|100/100
|-item|p1a: Tinkaton|Air Balloon
|turn|1
|
|t:|1760801802
|move|p2a: Lycanroc|Stealth Rock|p1a: Tinkaton
|-sidestart|p1: orio27|move: Stealth Rock
|move|p1a: Tinkaton|Thunder Wave|p2a: Lycanroc
|-status|p2a: Lycanroc|par
|
|upkeep
|turn|2
|
|t:|1760801812
|move|p1a: Tinkaton|Stealth Rock|p2a: Lycanroc
|-sidestart|p2: SleepyEevie|move: Stealth Rock
|move|p2a: Lycanroc|Close Combat|p1a: Tinkaton
|-damage|p1a: Tinkaton|39/100
|-unboost|p2a: Lycanroc|def|1
|-unboost|p2a: Lycanroc|spd|1
|-enditem|p1a: Tinkaton|Air Balloon
|-enditem|p2a: Lycanroc|Focus Sash|[silent]|[from] ability: Pickpocket|[of] p2a: Lycanroc
|-item|p1a: Tinkaton|Focus Sash|[from] ability: Pickpocket|[of] p2a: Lycanroc
|
|upkeep
|turn|3
|
|t:|1760801825
|cant|p2a: Lycanroc|par
|move|p1a: Tinkaton|Gigaton Hammer|p2a: Lycanroc
|-supereffective|p2a: Lycanroc
|-damage|p2a: Lycanroc|0 fnt
|faint|p2a: Lycanroc
|
|upkeep
|
|t:|1760801836
|switch|p2a: Great Tusk|Great Tusk, shiny|100/100
|-damage|p2a: Great Tusk|98/100|[from] Stealth Rock
|turn|4
|
|t:|1760801842
|move|p1a: Tinkaton|Knock Off|p2a: Great Tusk
|-resisted|p2a: Great Tusk
|-damage|p2a: Great Tusk|92/100
|-enditem|p2a: Great Tusk|Leftovers|[from] move: Knock Off|[of] p1a: Tinkaton
|move|p2a: Great Tusk|Rapid Spin|p1a: Tinkaton
|-resisted|p1a: Tinkaton
|-damage|p1a: Tinkaton|30/100
|-boost|p2a: Great Tusk|spe|1
|-sideend|p2: SleepyEevie|Stealth Rock|[from] move: Rapid Spin|[of] p2a: Great Tusk
|
|upkeep
|turn|5
|
|t:|1760801849
|move|p2a: Great Tusk|Headlong Rush|p1a: Tinkaton
|-supereffective|p1a: Tinkaton
|-damage|p1a: Tinkaton|0 fnt
|-unboost|p2a: Great Tusk|def|1
|-unboost|p2a: Great Tusk|spd|1
|faint|p1a: Tinkaton
|
|upkeep
|
|t:|1760801856
|switch|p1a: Moltres|Moltres|100/100
|turn|6
|
|t:|1760801862
|-end|p2a: Great Tusk|Protosynthesis|[silent]
|switch|p2a: Moltres|Moltres|100/100
|move|p1a: Moltres|Flamethrower|p2a: Moltres
|-resisted|p2a: Moltres
|-damage|p2a: Moltres|78/100
|
|upkeep
|turn|7
|
|t:|1760801868
|move|p2a: Moltres|Air Slash|p1a: Moltres
|-damage|p1a: Moltres|62/100
|move|p1a: Moltres|Flamethrower|p2a: Moltres
|-resisted|p2a: Moltres
|-damage|p2a: Moltres|54/100
|
|upkeep
|turn|8
|
|t:|1760801875
|move|p2a: Moltres|Air Slash|p1a: Moltres
|-damage|p1a: Moltres|23/100
|cant|p1a: Moltres|flinch
|
|upkeep
|turn|9
|
|t:|1760801881
|switch|p1a: Samurott|Samurott-Hisui, M|100/100
|-damage|p1a: Samurott|88/100|[from] Stealth Rock
|move|p2a: Moltres|Air Slash|p1a: Samurott
|-damage|p1a: Samurott|28/100
|
|upkeep
|turn|10
|
|t:|1760801889
|switch|p2a: Ogerpon|Ogerpon-Wellspring, F|100/100
|move|p1a: Samurott|Aqua Cutter|p2a: Ogerpon
|-immune|p2a: Ogerpon|[from] ability: Water Absorb
|
|upkeep
|turn|11
|
|t:|1760801896
|switch|p1a: Hydrapple|Hydrapple, M|100/100
|move|p2a: Ogerpon|Ivy Cudgel|p1a: Hydrapple|[anim] Ivy Cudgel Water
|-resisted|p1a: Hydrapple
|-damage|p1a: Hydrapple|89/100
|
|upkeep
|turn|12
|
|t:|1760801903
|move|p2a: Ogerpon|Knock Off|p1a: Hydrapple
|-damage|p1a: Hydrapple|60/100
|-enditem|p1a: Hydrapple|Heavy-Duty Boots|[from] move: Knock Off|[of] p2a: Ogerpon
|move|p1a: Hydrapple|Fickle Beam|p2a: Ogerpon
|-crit|p2a: Ogerpon
|-damage|p2a: Ogerpon|30/100
|
|upkeep
|turn|13
|
|t:|1760801919
|switch|p2a: Moltres|Moltres|54/100
|move|p1a: Hydrapple|Fickle Beam|p2a: Moltres
|-damage|p2a: Moltres|0 fnt
|faint|p2a: Moltres
|
|upkeep
|
|t:|1760801924
|switch|p2a: Iron Crown|Iron Crown|100/100
|-enditem|p2a: Iron Crown|Booster Energy
|-activate|p2a: Iron Crown|ability: Quark Drive|[fromitem]
|-start|p2a: Iron Crown|quarkdrivespe
|turn|14
|
|t:|1760801949
|switch|p1a: Moltres|Moltres|23/100
|-terastallize|p2a: Iron Crown|Water
|move|p2a: Iron Crown|Calm Mind|p2a: Iron Crown
|-boost|p2a: Iron Crown|spa|1
|-boost|p2a: Iron Crown|spd|1
|
|upkeep
|turn|15
|
|t:|1760801957
|move|p2a: Iron Crown|Calm Mind|p2a: Iron Crown
|-boost|p2a: Iron Crown|spa|1
|-boost|p2a: Iron Crown|spd|1
|move|p1a: Moltres|Roost|p1a: Moltres
|-heal|p1a: Moltres|73/100
|-singleturn|p1a: Moltres|move: Roost
|
|upkeep
|turn|16
|
|t:|1760801964
|move|p2a: Iron Crown|Psyshock|p1a: Moltres
|-damage|p1a: Moltres|18/100
|move|p1a: Moltres|Roar|p2a: Iron Crown
|-end|p2a: Iron Crown|Quark Drive|[silent]
|drag|p2a: Great Tusk|Great Tusk, shiny|92/100
|
|upkeep
|turn|17
|
|t:|1760801972
|move|p2a: Great Tusk|Knock Off|p1a: Moltres
|-damage|p1a: Moltres|0 fnt
|-enditem|p1a: Moltres|Heavy-Duty Boots|[from] move: Knock Off|[of] p2a: Great Tusk
|faint|p1a: Moltres
|
|upkeep
|
|t:|1760801977
|switch|p1a: Hydrapple|Hydrapple, M|93/100
|-damage|p1a: Hydrapple|81/100|[from] Stealth Rock
|turn|18
|
|t:|1760801983
|-end|p2a: Great Tusk|Protosynthesis|[silent]
|switch|p2a: Iron Crown|Iron Crown, tera:Water|100/100
|move|p1a: Hydrapple|Giga Drain|p2a: Iron Crown
|-supereffective|p2a: Iron Crown
|-damage|p2a: Iron Crown|31/100
|-heal|p1a: Hydrapple|100/100|[from] drain|[of] p2a: Iron Crown
|
|upkeep
|turn|19
|
|t:|1760801995
|move|p2a: Iron Crown|Volt Switch|p1a: Hydrapple
|-resisted|p1a: Hydrapple
|-damage|p1a: Hydrapple|95/100
|
|t:|1760802005
|-end|p2a: Iron Crown|Quark Drive|[silent]
|switch|p2a: Great Tusk|Great Tusk, shiny|92/100|[from] Volt Switch
|move|p1a: Hydrapple|Giga Drain|p2a: Great Tusk
|-supereffective|p2a: Great Tusk
|-damage|p2a: Great Tusk|0 fnt
|-heal|p1a: Hydrapple|100/100|[from] drain|[of] p2a: Great Tusk
|faint|p2a: Great Tusk
|-end|p2a: Great Tusk|Protosynthesis|[silent]
|
|upkeep
|
|t:|1760802010
|switch|p2a: Raging Bolt|Raging Bolt|100/100
|turn|20
|
|t:|1760802024
|switch|p1a: Great Tusk|Great Tusk|100/100
|move|p2a: Raging Bolt|Draco Meteor|p1a: Great Tusk
|-damage|p1a: Great Tusk|0 fnt
|-unboost|p2a: Raging Bolt|spa|2
|faint|p1a: Great Tusk
|-end|p1a: Great Tusk|Protosynthesis|[silent]
|
|upkeep
|
|t:|1760802032
|switch|p1a: Hydrapple|Hydrapple, M|100/100
|-damage|p1a: Hydrapple|88/100|[from] Stealth Rock
|turn|21
|
|t:|1760802037
|move|p2a: Raging Bolt|Draco Meteor|p1a: Hydrapple
|-supereffective|p1a: Hydrapple
|-damage|p1a: Hydrapple|4/100
|-unboost|p2a: Raging Bolt|spa|2
|move|p1a: Hydrapple|Fickle Beam|p2a: Raging Bolt
|-supereffective|p2a: Raging Bolt
|-damage|p2a: Raging Bolt|54/100
|
|upkeep
|turn|22
|
|t:|1760802050
|move|p2a: Raging Bolt|Thunderbolt|p1a: Hydrapple
|-resisted|p1a: Hydrapple
|-damage|p1a: Hydrapple|0 fnt
|faint|p1a: Hydrapple
|
|upkeep
|
|t:|1760802054
|switch|p1a: Kingambit|Kingambit, F|100/100
|-damage|p1a: Kingambit|94/100|[from] Stealth Rock
|-activate|p1a: Kingambit|ability: Supreme Overlord
|-start|p1a: Kingambit|fallen4|[silent]
|turn|23
|
|t:|1760802060
|-end|p2a: Raging Bolt|Protosynthesis|[silent]
|switch|p2a: Iron Crown|Iron Crown, tera:Water|31/100
|move|p1a: Kingambit|Swords Dance|p1a: Kingambit
|-boost|p1a: Kingambit|atk|2
|
|-heal|p1a: Kingambit|100/100|[from] item: Leftovers
|upkeep
|turn|24
|
|t:|1760802067
|move|p1a: Kingambit|Sucker Punch||[still]
|-fail|p1a: Kingambit
|move|p2a: Iron Crown|Calm Mind|p2a: Iron Crown
|-boost|p2a: Iron Crown|spa|1
|-boost|p2a: Iron Crown|spd|1
|
|upkeep
|turn|25
|
|t:|1760802073
|-terastallize|p1a: Kingambit|Fairy
|move|p2a: Iron Crown|Calm Mind|p2a: Iron Crown
|-boost|p2a: Iron Crown|spa|1
|-boost|p2a: Iron Crown|spd|1
|move|p1a: Kingambit|Swords Dance|p1a: Kingambit
|-boost|p1a: Kingambit|atk|2
|
|upkeep
|turn|26
|
|t:|1760802082
|move|p2a: Iron Crown|Tachyon Cutter|p1a: Kingambit
|-supereffective|p1a: Kingambit
|-damage|p1a: Kingambit|1/100
|-supereffective|p1a: Kingambit
|-damage|p1a: Kingambit|0 fnt
|faint|p1a: Kingambit
|-end|p1a: Kingambit|fallen4|[silent]
|-hitcount|p1: Kingambit|2
|
|upkeep
|
|t:|1760802087
|switch|p1a: Samurott|Samurott-Hisui, M|28/100
|-damage|p1a: Samurott|15/100|[from] Stealth Rock
|turn|27
|
|t:|1760802094
|move|p1a: Samurott|Ceaseless Edge|p2a: Iron Crown
|-damage|p2a: Iron Crown|0 fnt
|-sidestart|p2: SleepyEevie|Spikes
|faint|p2a: Iron Crown
|-end|p2a: Iron Crown|Quark Drive|[silent]
|
|upkeep
|
|t:|1760802098
|switch|p2a: Raging Bolt|Raging Bolt|54/100
|-damage|p2a: Raging Bolt|42/100|[from] Spikes
|turn|28
|
|t:|1760802102
|move|p2a: Raging Bolt|Thunderclap|p1a: Samurott
|-supereffective|p1a: Samurott
|-damage|p1a: Samurott|0 fnt
|faint|p1a: Samurott
|
|win|SleepyEevie
|raw|orio27's rating: 1342 &rarr; <strong>1321</strong><br />(-21 for losing)
|raw|SleepyEevie's rating: 1319 &rarr; <strong>1340</strong><br />(+21 for winning)
|l|☆orio27
|player|p1|
