|j|☆HippyDippydanger
|j|☆ethanwayneooo
|t:|1760770115
|gametype|singles
|player|p1|HippyDippydanger|janitor|1000
|player|p2|ethanwayneooo|2|1000
|gen|9
|tier|[Gen 9] OU
|rated|
|rule|HP Percentage Mod: HP is shown in percentages
|rule|Endless Battle Clause: Forcing endless battles is banned
|rule|Species Clause: Limit one of each Pokémon
|rule|OHKO Clause: OHKO moves are banned
|rule|Evasion Items Clause: Evasion items are banned
|rule|Evasion Moves Clause: Evasion moves are banned
|rule|Evasion Abilities Clause: Evasion abilities are banned
|rule|Sleep Moves Clause: Sleep-inducing moves are banned
|clearpoke
|poke|p1|Golem-Alola, M|
|poke|p1|Shiftry, M|
|poke|p1|Regirock|
|poke|p1|Azelf|
|poke|p1|Skuntank, M|
|poke|p1|Metagross|
|poke|p2|Glimmora, M|
|poke|p2|Gliscor, F|
|poke|p2|Revavroom, M|
|poke|p2|Serperior, F|
|poke|p2|Diancie|
|poke|p2|Ceruledge, F|
|teampreview
|
|t:|1760770121
|teamsize|p1|6
|teamsize|p2|6
|start
|switch|p1a: Skunbomb|Skuntank, M|100/100
|switch|p2a: Serperior|Serperior, F|100/100
|turn|1
|
|t:|1760770132
|switch|p2a: Gliscor|Gliscor, F|100/100
|move|p1a: Skunbomb|Poison Jab|p2a: Gliscor
|-resisted|p2a: Gliscor
|-damage|p2a: Gliscor|80/100
|-damage|p1a: Skunbomb|91/100|[from] item: Life Orb
|
|-status|p2a: Gliscor|tox|[from] item: Toxic Orb
|upkeep
|turn|2
|
|t:|1760770142
|move|p1a: Skunbomb|Knock Off|p2a: Gliscor
|-damage|p2a: Gliscor|36/100 tox
|-enditem|p2a: Gliscor|Toxic Orb|[from] move: Knock Off|[of] p1a: Skunbomb
|-damage|p1a: Skunbomb|81/100|[from] item: Life Orb
|move|p2a: Gliscor|Swords Dance|p2a: Gliscor
|-boost|p2a: Gliscor|atk|2
|
|-heal|p2a: Gliscor|48/100 tox|[from] ability: Poison Heal
|upkeep
|turn|3
|
|t:|1760770154
|move|p1a: Skunbomb|Explosion|p2a: Gliscor
|-damage|p2a: Gliscor|0 fnt
|faint|p1a: Skunbomb
|faint|p2a: Gliscor
|
|upkeep
|
|t:|1760770174
|switch|p1a: Reginition|Regirock|100/100
|switch|p2a: Glimmora|Glimmora, M|100/100
|turn|4
|
|t:|1760770180
|move|p2a: Glimmora|Energy Ball|p1a: Reginition
|-supereffective|p1a: Reginition
|-damage|p1a: Reginition|44/100
|move|p1a: Reginition|Drain Punch|p2a: Glimmora
|-damage|p2a: Glimmora|67/100
|-heal|p1a: Reginition|59/100|[from] drain|[of] p2a: Glimmora
|-activate|p2a: Glimmora|ability: Toxic Debris
|-sidestart|p1: HippyDippydanger|move: Toxic Spikes
|-damage|p1a: Reginition|49/100|[from] item: Life Orb
|
|upkeep
|turn|5
|
|t:|1760770191
|-terastallize|p1a: Reginition|Normal
|move|p2a: Glimmora|Energy Ball|p1a: Reginition
|-damage|p1a: Reginition|21/100
|move|p1a: Reginition|Drain Punch|p2a: Glimmora
|-damage|p2a: Glimmora|30/100
|-heal|p1a: Reginition|37/100|[from] drain|[of] p2a: Glimmora
|-activate|p2a: Glimmora|ability: Toxic Debris
|-sidestart|p1: HippyDippydanger|move: Toxic Spikes
|-damage|p1a: Reginition|27/100|[from] item: Life Orb
|
|upkeep
|turn|6
|
|t:|1760770210
|move|p2a: Glimmora|Sludge Wave|p1a: Reginition
|-damage|p1a: Reginition|0 fnt
|faint|p1a: Reginition
|
|upkeep
|
|t:|1760770217
|switch|p1a: Azplosion|Azelf|100/100
|turn|7
|
|t:|1760770227
|switch|p2a: Ceruledge|Ceruledge, F|100/100
|move|p1a: Azplosion|Psycho Cut|p2a: Ceruledge
|-damage|p2a: Ceruledge|34/100
|-ability|p2a: Ceruledge|Weak Armor|boost
|-unboost|p2a: Ceruledge|def|1
|-boost|p2a: Ceruledge|spe|2
|-damage|p1a: Azplosion|91/100|[from] item: Life Orb
|
|upkeep
|turn|8
|
|t:|1760770237
|move|p2a: Ceruledge|Poltergeist|p1a: Azplosion
|-activate|p1a: Azplosion|move: Poltergeist|Life Orb
|-supereffective|p1a: Azplosion
|-damage|p1a: Azplosion|0 fnt
|faint|p1a: Azplosion
|-damage|p2a: Ceruledge|24/100|[from] item: Life Orb
|
|upkeep
|
|t:|1760770243
|switch|p1a: Metaboom|Metagross|100/100
|turn|9
|
|t:|1760770251
|move|p1a: Metaboom|Bullet Punch|p2a: Ceruledge
|-resisted|p2a: Ceruledge
|-damage|p2a: Ceruledge|0 fnt
|faint|p2a: Ceruledge
|-damage|p1a: Metaboom|91/100|[from] item: Life Orb
|
|upkeep
|
|t:|1760770273
|switch|p2a: Glimmora|Glimmora, M|30/100
|turn|10
|
|t:|1760770278
|move|p1a: Metaboom|Bullet Punch|p2a: Glimmora
|-supereffective|p2a: Glimmora
|-damage|p2a: Glimmora|0 fnt
|faint|p2a: Glimmora
|-damage|p1a: Metaboom|81/100|[from] item: Life Orb
|
|upkeep
|
|t:|1760770291
|switch|p2a: Serperior|Serperior, F|100/100
|turn|11
|
|t:|1760770296
|move|p2a: Serperior|Glare|p1a: Metaboom
|-status|p1a: Metaboom|par
|move|p1a: Metaboom|Knock Off|p2a: Serperior
|-damage|p2a: Serperior|51/100
|-enditem|p2a: Serperior|Life Orb|[from] move: Knock Off|[of] p1a: Metaboom
|-damage|p1a: Metaboom|71/100 par|[from] item: Life Orb
|
|upkeep
|turn|12
|
|t:|1760770316
|move|p2a: Serperior|Leaf Storm|p1a: Metaboom
|-resisted|p1a: Metaboom
|-damage|p1a: Metaboom|48/100 par
|-boost|p2a: Serperior|spa|2
|move|p1a: Metaboom|Earthquake|p2a: Serperior
|-resisted|p2a: Serperior
|-damage|p2a: Serperior|21/100
|-damage|p1a: Metaboom|38/100 par|[from] item: Life Orb
|
|upkeep
|turn|13
|
|t:|1760770328
|move|p2a: Serperior|Dragon Pulse|p1a: Metaboom
|-resisted|p1a: Metaboom
|-damage|p1a: Metaboom|19/100 par
|cant|p1a: Metaboom|par
|
|upkeep
|turn|14
|
|t:|1760770335
|cant|p1a: Metaboom|par
|move|p2a: Serperior|Leaf Storm|p1a: Metaboom
|-resisted|p1a: Metaboom
|-damage|p1a: Metaboom|0 fnt
|-boost|p2a: Serperior|spa|2
|faint|p1a: Metaboom
|
|upkeep
|
|t:|1760770342
|switch|p1a: Shifission|Shiftry, M|100/100
|-status|p1a: Shifission|tox
|turn|15
|
|t:|1760770352
|move|p2a: Serperior|Dragon Pulse|p1a: Shifission
|-damage|p1a: Shifission|13/100 tox
|move|p1a: Shifission|Explosion|p2a: Serperior
|-damage|p2a: Serperior|0 fnt
|faint|p1a: Shifission
|faint|p2a: Serperior
|
|upkeep
|
|t:|1760770369
|switch|p2a: Diancie|Diancie|100/100
|switch|p1a: Golmination|Golem-Alola, M|100/100
|-status|p1a: Golmination|tox
|turn|16
|
|t:|1760770379
|move|p2a: Diancie|Moonblast|p1a: Golmination
|-damage|p1a: Golmination|52/100 tox
|-unboost|p1a: Golmination|spa|1
|move|p1a: Golmination|Explosion|p2a: Diancie
|-damage|p2a: Diancie|0 fnt
|faint|p1a: Golmination
|faint|p2a: Diancie
|
|win|ethanwayneooo
|raw|HippyDippydanger's rating: 1000 &rarr; <strong>1000</strong><br />(+0 for losing)
|raw|ethanwayneooo's rating: 1000 &rarr; <strong>1040</strong><br />(+40 for winning)
|l|☆ethanwayneooo
|player|p2|
