|j|☆masongordon1
|j|☆fishinboat
|t:|1760757722
|gametype|singles
|player|p1|masongordon1|benga|1080
|player|p2|fishinboat|pokemonbreeder-gen4|1051
|gen|9
|tier|[Gen 9] OU
|rated|
|rule|HP Percentage Mod: HP is shown in percentages
|rule|Endless Battle Clause: Forcing endless battles is banned
|rule|Species Clause: Limit one of each Pokémon
|rule|OHKO Clause: OHKO moves are banned
|rule|Evasion Items Clause: Evasion items are banned
|rule|Evasion Moves Clause: Evasion moves are banned
|rule|Evasion Abilities Clause: Evasion abilities are banned
|rule|Sleep Moves Clause: Sleep-inducing moves are banned
|clearpoke
|poke|p1|Gliscor, M|
|poke|p1|Venusaur, F|
|poke|p1|Blastoise, F|
|poke|p1|Hatterene, F|
|poke|p1|Iron Hands|
|poke|p1|Typhlosion-Hisui, F|
|poke|p2|Arbok, F|
|poke|p2|Serperior, M|
|poke|p2|Milotic, F|
|poke|p2|Gyarados, M|
|poke|p2|Sandaconda, F|
|poke|p2|Dragonair, M|
|teampreview
|inactive|Battle timer is ON: inactive players will automatically lose when time's up. (requested by masongordon1)
|
|t:|1760757727
|teamsize|p1|6
|teamsize|p2|6
|start
|switch|p1a: Typhlosion|Typhlosion-Hisui, F|100/100
|switch|p2a: Lordly Snek|Serperior, M|100/100
|-item|p2a: Lordly Snek|Big Root|[from] ability: Frisk|[of] p1a: Typhlosion
|turn|1
|
|t:|1760757737
|switch|p2a: Dirty Snek|Sandaconda, F|100/100
|move|p1a: Typhlosion|Eruption|p2a: Dirty Snek
|-damage|p2a: Dirty Snek|2/100
|-weather|Sandstorm|[from] ability: Sand Spit|[of] p2a: Dirty Snek
|
|-weather|Sandstorm|[upkeep]
|-damage|p1a: Typhlosion|95/100|[from] Sandstorm
|upkeep
|turn|2
|
|t:|1760757747
|move|p1a: Typhlosion|Flamethrower|p2a: Dirty Snek
|-damage|p2a: Dirty Snek|0 fnt
|faint|p2a: Dirty Snek
|
|-weather|Sandstorm|[upkeep]
|-damage|p1a: Typhlosion|89/100|[from] Sandstorm
|upkeep
|
|t:|1760757754
|switch|p2a: Angry Snek|Gyarados, M, shiny|100/100
|turn|3
|
|t:|1760757761
|switch|p1a: Blastoise|Blastoise, F|100/100
|move|p2a: Angry Snek|Scald|p1a: Blastoise
|-resisted|p1a: Blastoise
|-damage|p1a: Blastoise|90/100
|
|-weather|Sandstorm|[upkeep]
|-damage|p2a: Angry Snek|94/100|[from] Sandstorm
|-damage|p1a: Blastoise|84/100|[from] Sandstorm
|-heal|p2a: Angry Snek|100/100|[from] item: Leftovers
|upkeep
|turn|4
|
|t:|1760757771
|-terastallize|p1a: Blastoise|Electric
|move|p2a: Angry Snek|Thunderbolt|p1a: Blastoise
|-resisted|p1a: Blastoise
|-damage|p1a: Blastoise|77/100
|move|p1a: Blastoise|Tera Blast|p2a: Angry Snek|[anim] Tera Blast Electric
|-supereffective|p2a: Angry Snek
|-damage|p2a: Angry Snek|0 fnt
|faint|p2a: Angry Snek
|
|-weather|Sandstorm|[upkeep]
|-damage|p1a: Blastoise|71/100|[from] Sandstorm
|upkeep
|
|t:|1760757781
|switch|p2a: Lordly Snek|Serperior, M|100/100
|turn|5
|
|t:|1760757785
|move|p2a: Lordly Snek|Knock Off|p1a: Blastoise
|-damage|p1a: Blastoise|52/100
|-enditem|p1a: Blastoise|White Herb|[from] move: Knock Off|[of] p2a: Lordly Snek
|move|p1a: Blastoise|Ice Beam|p2a: Lordly Snek
|-supereffective|p2a: Lordly Snek
|-damage|p2a: Lordly Snek|41/100
|
|-weather|none
|upkeep
|turn|6
|
|t:|1760757795
|move|p2a: Lordly Snek|Leaf Storm|p1a: Blastoise|[miss]
|-miss|p2a: Lordly Snek|p1a: Blastoise
|move|p1a: Blastoise|Ice Beam|p2a: Lordly Snek
|-supereffective|p2a: Lordly Snek
|-damage|p2a: Lordly Snek|0 fnt
|faint|p2a: Lordly Snek
|
|upkeep
|
|t:|1760757802
|switch|p2a: Fancy Snek|Milotic, F|100/100
|turn|7
|
|t:|1760757808
|move|p2a: Fancy Snek|Triple Axel|p1a: Blastoise|[miss]
|-miss|p2a: Fancy Snek|p1a: Blastoise
|move|p1a: Blastoise|Tera Blast|p2a: Fancy Snek|[anim] Tera Blast Electric
|-supereffective|p2a: Fancy Snek
|-damage|p2a: Fancy Snek|44/100
|
|upkeep
|turn|8
|
|t:|1760757821
|move|p1a: Blastoise|Tera Blast|p2a: Fancy Snek|[anim] Tera Blast Electric
|-supereffective|p2a: Fancy Snek
|-damage|p2a: Fancy Snek|0 fnt
|faint|p2a: Fancy Snek
|
|upkeep
|
|t:|1760757826
|switch|p2a: Shiny Snek|Arbok, F, shiny|100/100
|-ability|p2a: Shiny Snek|Intimidate|boost
|-unboost|p1a: Blastoise|atk|1
|turn|9
|
|t:|1760757832
|move|p2a: Shiny Snek|Toxic|p1a: Blastoise
|-status|p1a: Blastoise|tox
|move|p1a: Blastoise|Surf|p2a: Shiny Snek
|-damage|p2a: Shiny Snek|52/100
|
|-heal|p2a: Shiny Snek|59/100|[from] item: Leftovers
|-damage|p1a: Blastoise|46/100 tox|[from] psn
|upkeep
|turn|10
|
|t:|1760757840
|move|p2a: Shiny Snek|Protect|p2a: Shiny Snek
|-singleturn|p2a: Shiny Snek|Protect
|move|p1a: Blastoise|Ice Beam|p2a: Shiny Snek
|-activate|p2a: Shiny Snek|move: Protect
|
|-heal|p2a: Shiny Snek|65/100|[from] item: Leftovers
|-damage|p1a: Blastoise|34/100 tox|[from] psn
|upkeep
|turn|11
|
|t:|1760757847
|move|p2a: Shiny Snek|Sucker Punch||[still]
|-fail|p2a: Shiny Snek
|move|p1a: Blastoise|Shell Smash|p1a: Blastoise
|-unboost|p1a: Blastoise|def|1
|-unboost|p1a: Blastoise|spd|1
|-boost|p1a: Blastoise|atk|2
|-boost|p1a: Blastoise|spa|2
|-boost|p1a: Blastoise|spe|2
|
|-heal|p2a: Shiny Snek|71/100|[from] item: Leftovers
|-damage|p1a: Blastoise|16/100 tox|[from] psn
|upkeep
|turn|12
|
|t:|1760757856
|move|p2a: Shiny Snek|Protect|p2a: Shiny Snek
|-singleturn|p2a: Shiny Snek|Protect
|move|p1a: Blastoise|Ice Beam|p2a: Shiny Snek
|-activate|p2a: Shiny Snek|move: Protect
|
|-heal|p2a: Shiny Snek|77/100|[from] item: Leftovers
|-damage|p1a: Blastoise|0 fnt|[from] psn
|faint|p1a: Blastoise
|upkeep
|
|t:|1760757861
|switch|p1a: circumcision sim|Gliscor, M|100/100
|turn|13
|
|t:|1760757875
|move|p2a: Shiny Snek|Psychic Fangs|p1a: circumcision sim
|-damage|p1a: circumcision sim|88/100
|move|p1a: circumcision sim|Earthquake|p2a: Shiny Snek
|-supereffective|p2a: Shiny Snek
|-damage|p2a: Shiny Snek|0 fnt
|faint|p2a: Shiny Snek
|
|-status|p1a: circumcision sim|tox|[from] item: Toxic Orb
|upkeep
|
|t:|1760757882
|switch|p2a: Pretty Snek|Dragonair, M, shiny|100/100
|turn|14
|
|t:|1760757886
|move|p1a: circumcision sim|Toxic|p2a: Pretty Snek|[miss]
|-miss|p1a: circumcision sim|p2a: Pretty Snek
|move|p2a: Pretty Snek|Ice Beam|p1a: circumcision sim
|-supereffective|p1a: circumcision sim
|-damage|p1a: circumcision sim|0 fnt
|faint|p1a: circumcision sim
|
|upkeep
|
|t:|1760757892
|switch|p1a: Hatterene|Hatterene, F|100/100
|turn|15
|
|t:|1760757902
|move|p2a: Pretty Snek|Ice Beam|p1a: Hatterene
|-damage|p1a: Hatterene|78/100
|move|p1a: Hatterene|Draining Kiss|p2a: Pretty Snek
|-supereffective|p2a: Pretty Snek
|-damage|p2a: Pretty Snek|43/100
|-heal|p1a: Hatterene|100/100|[from] drain|[of] p2a: Pretty Snek
|
|upkeep
|turn|16
|
|t:|1760757909
|move|p2a: Pretty Snek|Ice Beam|p1a: Hatterene
|-damage|p1a: Hatterene|75/100
|move|p1a: Hatterene|Draining Kiss|p2a: Pretty Snek
|-supereffective|p2a: Pretty Snek
|-damage|p2a: Pretty Snek|0 fnt
|-heal|p1a: Hatterene|100/100|[from] drain|[of] p2a: Pretty Snek
|faint|p2a: Pretty Snek
|
|win|masongordon1
|raw|masongordon1's rating: 1080 &rarr; <strong>1106</strong><br />(+26 for winning)
|raw|fishinboat's rating: 1051 &rarr; <strong>1035</strong><br />(-16 for losing)
|l|☆masongordon1
|player|p1|
|l|☆fishinboat
|player|p2|
