|j|☆moi88764
|j|☆FearedStriker
|t:|1760834279
|gametype|singles
|player|p1|moi88764|buck|1178
|player|p2|FearedStriker|alder|1179
|gen|9
|tier|[Gen 9] OU
|rated|
|rule|HP Percentage Mod: HP is shown in percentages
|rule|Endless Battle Clause: Forcing endless battles is banned
|rule|Species Clause: Limit one of each Pokémon
|rule|OHKO Clause: OHKO moves are banned
|rule|Evasion Items Clause: Evasion items are banned
|rule|Evasion Moves Clause: Evasion moves are banned
|rule|Evasion Abilities Clause: Evasion abilities are banned
|rule|Sleep Moves Clause: Sleep-inducing moves are banned
|clearpoke
|poke|p1|Ninetales, M|
|poke|p1|Raging Bolt|
|poke|p1|Swampert, F|
|poke|p1|Bisharp, M|
|poke|p1|Lilligant-Hisui, F|
|poke|p1|Mandibuzz, F|
|poke|p2|Grimmsnarl, M|
|poke|p2|Inteleon, M|
|poke|p2|Zapdos|
|poke|p2|Dragapult, M|
|poke|p2|Infernape, M|
|poke|p2|Glimmora, F|
|teampreview
|inactive|Battle timer is ON: inactive players will automatically lose when time's up. (requested by FearedStriker)
|
|t:|1760834285
|teamsize|p1|6
|teamsize|p2|6
|start
|switch|p1a: Swampert|Swampert, F|100/100
|switch|p2a: Glimmora|Glimmora, F|100/100
|turn|1
|
|t:|1760834295
|move|p2a: Glimmora|Energy Ball|p1a: Swampert
|-supereffective|p1a: Swampert
|-damage|p1a: Swampert|0 fnt
|faint|p1a: Swampert
|
|upkeep
|
|t:|1760834299
|switch|p1a: Ninetales|Ninetales, M|100/100
|-weather|SunnyDay|[from] ability: Drought|[of] p1a: Ninetales
|turn|2
|
|t:|1760834309
|switch|p2a: Grimmsnarl|Grimmsnarl, M, shiny|100/100
|move|p1a: Ninetales|Scorching Sands|p2a: Grimmsnarl
|-damage|p2a: Grimmsnarl|83/100
|-status|p2a: Grimmsnarl|brn
|
|-weather|SunnyDay|[upkeep]
|-damage|p2a: Grimmsnarl|77/100 brn|[from] brn
|upkeep
|turn|3
|
|t:|1760834322
|move|p2a: Grimmsnarl|Light Screen|p2a: Grimmsnarl
|-sidestart|p2: FearedStriker|move: Light Screen
|move|p1a: Ninetales|Fire Blast|p2a: Grimmsnarl|[miss]
|-miss|p1a: Ninetales|p2a: Grimmsnarl
|
|-weather|SunnyDay|[upkeep]
|-damage|p2a: Grimmsnarl|71/100 brn|[from] brn
|upkeep
|turn|4
|
|t:|1760834327
|move|p2a: Grimmsnarl|Reflect|p2a: Grimmsnarl
|-sidestart|p2: FearedStriker|Reflect
|move|p1a: Ninetales|Nasty Plot|p1a: Ninetales
|-boost|p1a: Ninetales|spa|2
|
|-weather|SunnyDay|[upkeep]
|-damage|p2a: Grimmsnarl|65/100 brn|[from] brn
|upkeep
|turn|5
|
|t:|1760834331
|move|p2a: Grimmsnarl|Parting Shot|p1a: Ninetales
|-unboost|p1a: Ninetales|atk|1
|-unboost|p1a: Ninetales|spa|1
|
|t:|1760834336
|switch|p2a: Inteleon|Inteleon, M|100/100|[from] Parting Shot
|move|p1a: Ninetales|Fire Blast|p2a: Inteleon
|-resisted|p2a: Inteleon
|-damage|p2a: Inteleon|60/100
|
|-weather|SunnyDay|[upkeep]
|upkeep
|turn|6
|
|t:|1760834344
|move|p2a: Inteleon|Snipe Shot|p1a: Ninetales
|-supereffective|p1a: Ninetales
|-damage|p1a: Ninetales|37/100
|-damage|p2a: Inteleon|50/100|[from] item: Life Orb
|move|p1a: Ninetales|Solar Beam||[still]
|-prepare|p1a: Ninetales|Solar Beam
|-anim|p1a: Ninetales|Solar Beam|p2a: Inteleon
|-supereffective|p2a: Inteleon
|-damage|p2a: Inteleon|0 fnt
|faint|p2a: Inteleon
|
|-weather|none
|-heal|p1a: Ninetales|43/100|[from] item: Leftovers
|upkeep
|
|t:|1760834351
|switch|p2a: Infernape|Infernape, M|100/100
|turn|7
|
|t:|1760834359
|switch|p1a: Mandibuzz|Mandibuzz, F|100/100
|move|p2a: Infernape|Drain Punch|p1a: Mandibuzz
|-damage|p1a: Mandibuzz|74/100
|
|upkeep
|turn|8
|
|t:|1760834372
|-terastallize|p2a: Infernape|Electric
|move|p2a: Infernape|Thunder Punch|p1a: Mandibuzz
|-supereffective|p1a: Mandibuzz
|-crit|p1a: Mandibuzz
|-damage|p1a: Mandibuzz|0 fnt
|faint|p1a: Mandibuzz
|
|upkeep
|
|t:|1760834393
|switch|p1a: Raging Bolt|Raging Bolt|100/100
|turn|9
|
|t:|1760834410
|switch|p2a: Grimmsnarl|Grimmsnarl, M, shiny|65/100 brn
|-terastallize|p1a: Raging Bolt|Fairy
|move|p1a: Raging Bolt|Tera Blast|p2a: Grimmsnarl|[anim] Tera Blast Fairy
|-supereffective|p2a: Grimmsnarl
|-damage|p2a: Grimmsnarl|20/100 brn
|
|-damage|p2a: Grimmsnarl|14/100 brn|[from] brn
|upkeep
|turn|10
|
|t:|1760834417
|move|p2a: Grimmsnarl|Parting Shot|p1a: Raging Bolt
|-unboost|p1a: Raging Bolt|atk|1
|-unboost|p1a: Raging Bolt|spa|1
|
|t:|1760834420
|switch|p2a: Glimmora|Glimmora, F|100/100|[from] Parting Shot
|move|p1a: Raging Bolt|Tera Blast|p2a: Glimmora|[anim] Tera Blast Fairy
|-resisted|p2a: Glimmora
|-damage|p2a: Glimmora|91/100
|
|-sideend|p2: FearedStriker|move: Light Screen
|upkeep
|turn|11
|
|t:|1760834428
|-end|p1a: Raging Bolt|Protosynthesis|[silent]
|switch|p1a: Bisharp|Bisharp, M|100/100
|move|p2a: Glimmora|Flash Cannon|p1a: Bisharp
|-resisted|p1a: Bisharp
|-damage|p1a: Bisharp|84/100
|
|-sideend|p2: FearedStriker|Reflect
|upkeep
|turn|12
|
|t:|1760834435
|move|p2a: Glimmora|Flash Cannon|p1a: Bisharp
|-resisted|p1a: Bisharp
|-damage|p1a: Bisharp|65/100
|-unboost|p1a: Bisharp|spd|1
|-ability|p1a: Bisharp|Defiant|boost
|-boost|p1a: Bisharp|atk|2
|move|p1a: Bisharp|Swords Dance|p1a: Bisharp
|-boost|p1a: Bisharp|atk|2
|
|upkeep
|turn|13
|
|t:|1760834453
|switch|p2a: Zapdos|Zapdos|100/100
|move|p1a: Bisharp|Iron Head|p2a: Zapdos
|-resisted|p2a: Zapdos
|-damage|p2a: Zapdos|23/100
|
|upkeep
|turn|14
|
|t:|1760834459
|move|p1a: Bisharp|Sucker Punch|p2a: Zapdos
|-damage|p2a: Zapdos|0 fnt
|faint|p2a: Zapdos
|
|upkeep
|
|t:|1760834461
|switch|p2a: Grimmsnarl|Grimmsnarl, M, shiny|14/100 brn
|turn|15
|
|t:|1760834466
|move|p2a: Grimmsnarl|Reflect|p2a: Grimmsnarl
|-sidestart|p2: FearedStriker|Reflect
|move|p1a: Bisharp|Iron Head|p2a: Grimmsnarl
|-supereffective|p2a: Grimmsnarl
|-damage|p2a: Grimmsnarl|0 fnt
|faint|p2a: Grimmsnarl
|
|upkeep
|
|t:|1760834470
|switch|p2a: Infernape|Infernape, M, tera:Electric|100/100
|turn|16
|
|t:|1760834494
|move|p1a: Bisharp|Sucker Punch|p2a: Infernape
|-damage|p2a: Infernape|7/100
|move|p2a: Infernape|Drain Punch|p1a: Bisharp
|-supereffective|p1a: Bisharp
|-damage|p1a: Bisharp|0 fnt
|-heal|p2a: Infernape|37/100|[from] drain|[of] p1a: Bisharp
|faint|p1a: Bisharp
|
|upkeep
|
|t:|1760834504
|switch|p1a: Raging Bolt|Raging Bolt, tera:Fairy|100/100
|turn|17
|
|t:|1760834517
|move|p1a: Raging Bolt|Dragon Pulse|p2a: Infernape
|-damage|p2a: Infernape|0 fnt
|faint|p2a: Infernape
|
|upkeep
|
|t:|1760834519
|switch|p2a: Glimmora|Glimmora, F|91/100
|turn|18
|
|t:|1760834528
|-end|p1a: Raging Bolt|Protosynthesis|[silent]
|switch|p1a: Ninetales|Ninetales, M|43/100
|-weather|SunnyDay|[from] ability: Drought|[of] p1a: Ninetales
|move|p2a: Glimmora|Sludge Bomb|p1a: Ninetales
|-damage|p1a: Ninetales|0 fnt
|faint|p1a: Ninetales
|
|-weather|SunnyDay|[upkeep]
|upkeep
|inactive|moi88764 has 120 seconds left.
|
|t:|1760834560
|switch|p1a: Raging Bolt|Raging Bolt, tera:Fairy|100/100
|-activate|p1a: Raging Bolt|ability: Protosynthesis
|-start|p1a: Raging Bolt|protosynthesisspa
|turn|19
|
|t:|1760834569
|move|p1a: Raging Bolt|Volt Switch|p2a: Glimmora
|-damage|p2a: Glimmora|29/100
|
|t:|1760834572
|-end|p1a: Raging Bolt|Protosynthesis|[silent]
|switch|p1a: Lilligant|Lilligant-Hisui, F|100/100|[from] Volt Switch
|move|p2a: Glimmora|Sludge Bomb|p1a: Lilligant
|-supereffective|p1a: Lilligant
|-damage|p1a: Lilligant|0 fnt
|faint|p1a: Lilligant
|
|-weather|SunnyDay|[upkeep]
|upkeep
|
|t:|1760834575
|switch|p1a: Raging Bolt|Raging Bolt, tera:Fairy|100/100
|-activate|p1a: Raging Bolt|ability: Protosynthesis
|-start|p1a: Raging Bolt|protosynthesisspa
|turn|20
|
|t:|1760834584
|move|p1a: Raging Bolt|Dragon Pulse|p2a: Glimmora
|-damage|p2a: Glimmora|0 fnt
|faint|p2a: Glimmora
|
|-weather|SunnyDay|[upkeep]
|upkeep
|
|t:|1760834586
|switch|p2a: Dragapult|Dragapult, M|100/100
|turn|21
|
|t:|1760834593
|move|p2a: Dragapult|Hex|p1a: Raging Bolt
|-damage|p1a: Raging Bolt|68/100
|move|p1a: Raging Bolt|Dragon Pulse|p2a: Dragapult
|-supereffective|p2a: Dragapult
|-damage|p2a: Dragapult|0 fnt
|faint|p2a: Dragapult
|
|win|moi88764
|raw|moi88764's rating: 1178 &rarr; <strong>1203</strong><br />(+25 for winning)
|raw|FearedStriker's rating: 1179 &rarr; <strong>1154</strong><br />(-25 for losing)
|l|☆FearedStriker
|player|p2|
