|j|☆phonekretchy
|j|☆eron2025
|t:|1760862480
|gametype|singles
|player|p1|phonekretchy|1|1200
|player|p2|eron2025|lucas|1246
|gen|9
|tier|[Gen 9] OU
|rated|
|rule|HP Percentage Mod: HP is shown in percentages
|rule|Endless Battle Clause: Forcing endless battles is banned
|rule|Species Clause: Limit one of each Pokémon
|rule|OHKO Clause: OHKO moves are banned
|rule|Evasion Items Clause: Evasion items are banned
|rule|Evasion Moves Clause: Evasion moves are banned
|rule|Evasion Abilities Clause: Evasion abilities are banned
|rule|Sleep Moves Clause: Sleep-inducing moves are banned
|clearpoke
|poke|p1|Whimsicott, M|
|poke|p1|Sunflora, F|
|poke|p1|Torkoal, F|
|poke|p1|Mimikyu, M|
|poke|p1|Raging Bolt|
|poke|p1|Ogerpon-Wellspring, F|
|poke|p2|Indeedee, M|
|poke|p2|Iron Valiant|
|poke|p2|Armarouge, F|
|poke|p2|Hatterene, F|
|poke|p2|Polteageist|
|poke|p2|Kyurem|
|teampreview
|inactive|Battle timer is ON: inactive players will automatically lose when time's up. (requested by eron2025)
|
|t:|1760862488
|teamsize|p1|6
|teamsize|p2|6
|start
|switch|p1a: Whimsicott|Whimsicott, M|100/100
|switch|p2a: Indeedee|Indeedee, M|100/100
|-fieldstart|move: Psychic Terrain|[from] ability: Psychic Surge|[of] p2a: Indeedee
|turn|1
|c|☆phonekretchy|glhf
|
|t:|1760862510
|move|p2a: Indeedee|Expanding Force|p1a: Whimsicott
|-damage|p1a: Whimsicott|13/100
|move|p1a: Whimsicott|Trick Room|p1a: Whimsicott
|-fieldstart|move: Trick Room|[of] p1a: Whimsicott
|
|upkeep
|turn|2
|
|t:|1760862515
|move|p1a: Whimsicott|Sunny Day|p1a: Whimsicott
|-weather|SunnyDay
|move|p2a: Indeedee|Expanding Force|p1a: Whimsicott
|-damage|p1a: Whimsicott|0 fnt
|faint|p1a: Whimsicott
|
|-weather|SunnyDay|[upkeep]
|upkeep
|
|t:|1760862517
|switch|p1a: Sunflora|Sunflora, F|100/100
|turn|3
|
|t:|1760862525
|move|p1a: Sunflora|Weather Ball|p2a: Indeedee
|-damage|p2a: Indeedee|0 fnt
|faint|p2a: Indeedee
|
|-weather|SunnyDay|[upkeep]
|-damage|p1a: Sunflora|88/100|[from] ability: Solar Power|[of] p1a: Sunflora
|upkeep
|
|t:|1760862534
|switch|p2a: Hatterene|Hatterene, F|100/100
|turn|4
|
|t:|1760862538
|-terastallize|p1a: Sunflora|Fire
|move|p1a: Sunflora|Weather Ball|p2a: Hatterene
|-damage|p2a: Hatterene|0 fnt
|faint|p2a: Hatterene
|
|-weather|SunnyDay|[upkeep]
|-damage|p1a: Sunflora|76/100|[from] ability: Solar Power|[of] p1a: Sunflora
|upkeep
|
|t:|1760862546
|switch|p2a: Armarouge|Armarouge, F|100/100
|turn|5
|
|t:|1760862551
|switch|p1a: Raging Bolt|Raging Bolt|100/100
|-activate|p1a: Raging Bolt|ability: Protosynthesis
|-start|p1a: Raging Bolt|protosynthesisspa
|move|p2a: Armarouge|Expanding Force|p1a: Raging Bolt
|-damage|p1a: Raging Bolt|43/100
|
|-weather|SunnyDay|[upkeep]
|-fieldend|move: Trick Room
|upkeep
|turn|6
|
|t:|1760862560
|move|p1a: Raging Bolt|Thunderclap|p2a: Armarouge
|-activate|p2a: Armarouge|move: Psychic Terrain
|move|p2a: Armarouge|Expanding Force|p1a: Raging Bolt
|-damage|p1a: Raging Bolt|0 fnt
|faint|p1a: Raging Bolt
|-end|p1a: Raging Bolt|Protosynthesis|[silent]
|
|-weather|none
|upkeep
|
|t:|1760862566
|switch|p1a: Mimikyu|Mimikyu, M|100/100
|turn|7
|
|t:|1760862572
|move|p2a: Armarouge|Expanding Force|p1a: Mimikyu
|-activate|p1a: Mimikyu|ability: Disguise
|-damage|p1a: Mimikyu|100/100
|detailschange|p1a: Mimikyu|Mimikyu-Busted, M
|-damage|p1a: Mimikyu|88/100|[from] pokemon: Mimikyu-Busted
|-enditem|p1a: Mimikyu|Red Card|[of] p2a: Armarouge
|drag|p2a: Polteageist|Polteageist|100/100
|move|p1a: Mimikyu|Trick Room|p1a: Mimikyu
|-fieldstart|move: Trick Room|[of] p1a: Mimikyu
|
|upkeep
|turn|8
|c|☆phonekretchy|i forgor 💀
|
|t:|1760862592
|move|p1a: Mimikyu|Play Rough|p2a: Polteageist
|-damage|p2a: Polteageist|51/100
|-ability|p2a: Polteageist|Weak Armor|boost
|-unboost|p2a: Polteageist|def|1
|-boost|p2a: Polteageist|spe|2
|move|p2a: Polteageist|Shell Smash|p2a: Polteageist
|-unboost|p2a: Polteageist|def|1
|-unboost|p2a: Polteageist|spd|1
|-boost|p2a: Polteageist|atk|2
|-boost|p2a: Polteageist|spa|2
|-boost|p2a: Polteageist|spe|2
|
|-fieldend|move: Psychic Terrain
|upkeep
|turn|9
|
|t:|1760862604
|-terastallize|p2a: Polteageist|Fighting
|move|p1a: Mimikyu|Play Rough|p2a: Polteageist
|-supereffective|p2a: Polteageist
|-damage|p2a: Polteageist|0 fnt
|faint|p2a: Polteageist
|
|upkeep
|
|t:|1760862615
|switch|p2a: Armarouge|Armarouge, F|100/100
|turn|10
|
|t:|1760862619
|switch|p1a: Torkoal|Torkoal, F|100/100
|-weather|SunnyDay|[from] ability: Drought|[of] p1a: Torkoal
|move|p2a: Armarouge|Expanding Force|p1a: Torkoal
|-damage|p1a: Torkoal|45/100
|-enditem|p1a: Torkoal|Eject Button
|
|t:|1760862621
|switch|p1a: Sunflora|Sunflora, F, tera:Fire|76/100
|
|-weather|SunnyDay|[upkeep]
|-damage|p1a: Sunflora|63/100|[from] ability: Solar Power|[of] p1a: Sunflora
|upkeep
|turn|11
|
|t:|1760862629
|move|p1a: Sunflora|Earth Power|p2a: Armarouge
|-supereffective|p2a: Armarouge
|-enditem|p2a: Armarouge|Focus Sash
|-damage|p2a: Armarouge|1/100
|move|p2a: Armarouge|Expanding Force|p1a: Sunflora
|-damage|p1a: Sunflora|13/100
|
|-weather|SunnyDay|[upkeep]
|-damage|p1a: Sunflora|0 fnt|[from] ability: Solar Power|[of] p1a: Sunflora
|faint|p1a: Sunflora
|-fieldend|move: Trick Room
|upkeep
|
|t:|1760862636
|switch|p1a: Ogerpon|Ogerpon-Wellspring, F|100/100
|turn|12
|
|t:|1760862643
|move|p1a: Ogerpon|U-turn|p2a: Armarouge
|-damage|p2a: Armarouge|0 fnt
|faint|p2a: Armarouge
|
|t:|1760862649
|switch|p1a: Mimikyu|Mimikyu-Busted, M|88/100|[from] U-turn
|
|-weather|SunnyDay|[upkeep]
|upkeep
|
|t:|1760862653
|switch|p2a: Kyurem|Kyurem|100/100
|-ability|p2a: Kyurem|Pressure
|turn|13
|
|t:|1760862657
|move|p2a: Kyurem|Dragon Dance|p2a: Kyurem
|-boost|p2a: Kyurem|atk|1
|-boost|p2a: Kyurem|spe|1
|move|p1a: Mimikyu|Trick Room|p1a: Mimikyu
|-fieldstart|move: Trick Room|[of] p1a: Mimikyu
|
|-weather|SunnyDay|[upkeep]
|upkeep
|turn|14
|
|t:|1760862664
|move|p1a: Mimikyu|Destiny Bond|p1a: Mimikyu
|-singlemove|p1a: Mimikyu|Destiny Bond
|move|p2a: Kyurem|Icicle Spear|p1a: Mimikyu
|-damage|p1a: Mimikyu|70/100
|-damage|p1a: Mimikyu|52/100
|-damage|p1a: Mimikyu|35/100
|-damage|p1a: Mimikyu|18/100
|-damage|p1a: Mimikyu|0 fnt
|faint|p1a: Mimikyu
|-activate|p1a: Mimikyu|move: Destiny Bond
|faint|p2a: Kyurem
|-hitcount|p1: Mimikyu|5
|
|-weather|none
|upkeep
|
|t:|1760862676
|switch|p1a: Torkoal|Torkoal, F|45/100
|switch|p2a: Iron Valiant|Iron Valiant|100/100
|-weather|SunnyDay|[from] ability: Drought|[of] p1a: Torkoal
|-enditem|p2a: Iron Valiant|Booster Energy
|-activate|p2a: Iron Valiant|ability: Quark Drive|[fromitem]
|-start|p2a: Iron Valiant|quarkdrivespe
|turn|15
|
|t:|1760862687
|move|p1a: Torkoal|Lava Plume|p2a: Iron Valiant
|-crit|p2a: Iron Valiant
|-damage|p2a: Iron Valiant|12/100
|-status|p2a: Iron Valiant|brn
|move|p2a: Iron Valiant|Swords Dance|p2a: Iron Valiant
|-boost|p2a: Iron Valiant|atk|2
|
|-weather|SunnyDay|[upkeep]
|-damage|p2a: Iron Valiant|6/100 brn|[from] brn
|upkeep
|turn|16
|c|☆phonekretchy|mb
|c|☆eron2025|gg
|
|t:|1760862703
|move|p1a: Torkoal|Lava Plume|p2a: Iron Valiant
|-crit|p2a: Iron Valiant
|-damage|p2a: Iron Valiant|0 fnt
|faint|p2a: Iron Valiant
|-end|p2a: Iron Valiant|Quark Drive|[silent]
|
|win|phonekretchy
|raw|phonekretchy's rating: 1200 &rarr; <strong>1228</strong><br />(+28 for winning)
|raw|eron2025's rating: 1246 &rarr; <strong>1218</strong><br />(-28 for losing)
|c|☆phonekretchy|ggs
|l|☆phonekretchy
|player|p1|
