|j|☆pioneer7569
|j|☆jumbolino
|t:|1760854911
|gametype|singles
|player|p1|pioneer7569|266|1073
|player|p2|jumbolino|102|1054
|gen|9
|tier|[Gen 9] OU
|rated|
|rule|HP Percentage Mod: HP is shown in percentages
|rule|Endless Battle Clause: Forcing endless battles is banned
|rule|Species Clause: Limit one of each Pokémon
|rule|OHKO Clause: OHKO moves are banned
|rule|Evasion Items Clause: Evasion items are banned
|rule|Evasion Moves Clause: Evasion moves are banned
|rule|Evasion Abilities Clause: Evasion abilities are banned
|rule|Sleep Moves Clause: Sleep-inducing moves are banned
|clearpoke
|poke|p1|Dragapult, M|
|poke|p1|Gliscor, M|
|poke|p1|Deoxys-Speed|
|poke|p1|Kingambit, M|
|poke|p1|Scizor, F|
|poke|p1|Blaziken, M|
|poke|p2|Reuniclus, F|
|poke|p2|Tornadus-Therian, M|
|poke|p2|Mienshao, F|
|poke|p2|Lokix, M|
|poke|p2|Ribombee, F|
|poke|p2|Toxapex, M|
|teampreview
|inactive|Battle timer is ON: inactive players will automatically lose when time's up. (requested by pioneer7569)
|
|t:|1760854927
|teamsize|p1|6
|teamsize|p2|6
|start
|switch|p1a: Deoxys|Deoxys-Speed|100/100
|switch|p2a: Lokix|Lokix, M|100/100
|-ability|p1a: Deoxys|Pressure
|turn|1
|
|t:|1760854936
|move|p2a: Lokix|First Impression|p1a: Deoxys
|-supereffective|p1a: Deoxys
|-enditem|p1a: Deoxys|Focus Sash
|-damage|p1a: Deoxys|1/100
|move|p1a: Deoxys|Stealth Rock|p2a: Lokix
|-sidestart|p2: jumbolino|move: Stealth Rock
|
|upkeep
|turn|2
|
|t:|1760854947
|move|p1a: Deoxys|Pain Split|p2a: Lokix
|-sethp|p2a: Lokix|51/100|[from] move: Pain Split|[silent]
|-sethp|p1a: Deoxys|47/100|[from] move: Pain Split
|move|p2a: Lokix|U-turn|p1a: Deoxys
|-supereffective|p1a: Deoxys
|-damage|p1a: Deoxys|0 fnt
|faint|p1a: Deoxys
|
|t:|1760854958
|switch|p2a: Toxapex|Toxapex, M|100/100|[from] U-turn
|-damage|p2a: Toxapex|88/100|[from] Stealth Rock
|
|-heal|p2a: Toxapex|94/100|[from] item: Black Sludge
|upkeep
|
|t:|1760854973
|switch|p1a: Gliscor|Gliscor, M|100/100
|turn|3
|
|t:|1760854977
|move|p1a: Gliscor|Earthquake|p2a: Toxapex
|-supereffective|p2a: Toxapex
|-damage|p2a: Toxapex|41/100
|move|p2a: Toxapex|Hydro Pump|p1a: Gliscor
|-supereffective|p1a: Gliscor
|-damage|p1a: Gliscor|30/100
|
|-heal|p2a: Toxapex|47/100|[from] item: Black Sludge
|-status|p1a: Gliscor|tox|[from] item: Toxic Orb
|upkeep
|turn|4
|
|t:|1760854992
|switch|p2a: Tornadus|Tornadus-Therian, M|100/100
|move|p1a: Gliscor|Dual Wingbeat|p2a: Tornadus
|-damage|p2a: Tornadus|82/100
|-damage|p2a: Tornadus|63/100
|-hitcount|p2a: Tornadus|2
|
|-heal|p1a: Gliscor|43/100 tox|[from] ability: Poison Heal
|upkeep
|turn|5
|
|t:|1760855015
|move|p2a: Tornadus|Hurricane|p1a: Gliscor
|-damage|p1a: Gliscor|0 fnt
|faint|p1a: Gliscor
|
|upkeep
|
|t:|1760855019
|switch|p1a: Dragapult|Dragapult, M|100/100
|turn|6
|
|t:|1760855028
|switch|p2a: Toxapex|Toxapex, M|80/100
|-damage|p2a: Toxapex|68/100|[from] Stealth Rock
|move|p1a: Dragapult|Dragon Darts|p2a: Toxapex
|-damage|p2a: Toxapex|52/100
|-anim|p1a: Dragapult|Dragon Darts|p2a: Toxapex
|-damage|p2a: Toxapex|38/100
|
|-heal|p2a: Toxapex|44/100|[from] item: Black Sludge
|upkeep
|turn|7
|
|t:|1760855042
|switch|p2a: Ribombee|Ribombee, F|100/100
|-damage|p2a: Ribombee|76/100|[from] Stealth Rock
|move|p1a: Dragapult|U-turn|p2a: Ribombee
|-resisted|p2a: Ribombee
|-damage|p2a: Ribombee|54/100
|
|t:|1760855049
|switch|p1a: Scizor|Scizor, F|100/100|[from] U-turn
|
|upkeep
|turn|8
|
|t:|1760855065
|move|p2a: Ribombee|Quiver Dance|p2a: Ribombee
|-boost|p2a: Ribombee|spa|1
|-boost|p2a: Ribombee|spd|1
|-boost|p2a: Ribombee|spe|1
|move|p1a: Scizor|Iron Head|p2a: Ribombee
|-supereffective|p2a: Ribombee
|-damage|p2a: Ribombee|0 fnt
|faint|p2a: Ribombee
|-damage|p1a: Scizor|91/100|[from] item: Life Orb
|
|upkeep
|
|t:|1760855080
|switch|p2a: Mienshao|Mienshao, F|100/100
|-damage|p2a: Mienshao|95/100|[from] Stealth Rock
|turn|9
|
|t:|1760855086
|move|p2a: Mienshao|Bulk Up|p2a: Mienshao
|-boost|p2a: Mienshao|atk|1
|-boost|p2a: Mienshao|def|1
|move|p1a: Scizor|Dual Wingbeat|p2a: Mienshao|[miss]
|-miss|p1a: Scizor|p2a: Mienshao
|
|upkeep
|turn|10
|
|t:|1760855099
|move|p2a: Mienshao|Drain Punch|p1a: Scizor
|-damage|p1a: Scizor|18/100
|-heal|p2a: Mienshao|100/100|[from] drain|[of] p1a: Scizor
|-damage|p2a: Mienshao|91/100|[from] item: Life Orb
|move|p1a: Scizor|Dual Wingbeat|p2a: Mienshao
|-supereffective|p2a: Mienshao
|-damage|p2a: Mienshao|15/100
|-supereffective|p2a: Mienshao
|-damage|p2a: Mienshao|0 fnt
|faint|p2a: Mienshao
|-hitcount|p2: Mienshao|2
|-damage|p1a: Scizor|8/100|[from] item: Life Orb
|
|upkeep
|
|t:|1760855114
|switch|p2a: Lokix|Lokix, M|51/100
|turn|11
|
|t:|1760855118
|move|p2a: Lokix|First Impression|p1a: Scizor
|-resisted|p1a: Scizor
|-damage|p1a: Scizor|0 fnt
|faint|p1a: Scizor
|
|upkeep
|
|t:|1760855124
|switch|p1a: Blaziken|Blaziken, M|100/100
|turn|12
|
|t:|1760855133
|move|p2a: Lokix|U-turn|p1a: Blaziken
|-resisted|p1a: Blaziken
|-damage|p1a: Blaziken|79/100
|
|t:|1760855137
|switch|p2a: Toxapex|Toxapex, M|77/100|[from] U-turn
|-damage|p2a: Toxapex|65/100|[from] Stealth Rock
|move|p1a: Blaziken|Swords Dance|p1a: Blaziken
|-boost|p1a: Blaziken|atk|2
|
|-heal|p1a: Blaziken|85/100|[from] item: Leftovers
|-heal|p2a: Toxapex|71/100|[from] item: Black Sludge
|-ability|p1a: Blaziken|Speed Boost|boost
|-boost|p1a: Blaziken|spe|1
|upkeep
|turn|13
|
|t:|1760855149
|-terastallize|p1a: Blaziken|Flying
|move|p1a: Blaziken|Close Combat|p2a: Toxapex
|-resisted|p2a: Toxapex
|-damage|p2a: Toxapex|32/100
|-unboost|p1a: Blaziken|def|1
|-unboost|p1a: Blaziken|spd|1
|move|p2a: Toxapex|Toxic|p1a: Blaziken
|-status|p1a: Blaziken|tox
|
|-heal|p1a: Blaziken|91/100 tox|[from] item: Leftovers
|-heal|p2a: Toxapex|38/100|[from] item: Black Sludge
|-damage|p1a: Blaziken|85/100 tox|[from] psn
|-ability|p1a: Blaziken|Speed Boost|boost
|-boost|p1a: Blaziken|spe|1
|upkeep
|turn|14
|
|t:|1760855165
|move|p2a: Toxapex|Baneful Bunker|p2a: Toxapex
|-singleturn|p2a: Toxapex|move: Protect
|move|p1a: Blaziken|Close Combat|p2a: Toxapex
|-activate|p2a: Toxapex|move: Protect
|
|-heal|p1a: Blaziken|91/100 tox|[from] item: Leftovers
|-heal|p2a: Toxapex|44/100|[from] item: Black Sludge
|-damage|p1a: Blaziken|79/100 tox|[from] psn
|-ability|p1a: Blaziken|Speed Boost|boost
|-boost|p1a: Blaziken|spe|1
|upkeep
|turn|15
|
|t:|1760855177
|switch|p2a: Tornadus|Tornadus-Therian, M|96/100
|move|p1a: Blaziken|Blaze Kick|p2a: Tornadus
|-damage|p2a: Tornadus|0 fnt
|faint|p2a: Tornadus
|
|-heal|p1a: Blaziken|85/100 tox|[from] item: Leftovers
|-damage|p1a: Blaziken|67/100 tox|[from] psn
|-ability|p1a: Blaziken|Speed Boost|boost
|-boost|p1a: Blaziken|spe|1
|upkeep
|
|t:|1760855190
|switch|p2a: Toxapex|Toxapex, M|77/100
|-damage|p2a: Toxapex|65/100|[from] Stealth Rock
|turn|16
|
|t:|1760855197
|move|p1a: Blaziken|Swords Dance|p1a: Blaziken
|-boost|p1a: Blaziken|atk|2
|move|p2a: Toxapex|Recover|p2a: Toxapex
|-heal|p2a: Toxapex|100/100
|
|-heal|p1a: Blaziken|73/100 tox|[from] item: Leftovers
|-damage|p1a: Blaziken|49/100 tox|[from] psn
|-ability|p1a: Blaziken|Speed Boost|boost
|-boost|p1a: Blaziken|spe|1
|upkeep
|turn|17
|
|t:|1760855209
|move|p1a: Blaziken|Close Combat|p2a: Toxapex
|-resisted|p2a: Toxapex
|-damage|p2a: Toxapex|42/100
|-unboost|p1a: Blaziken|def|1
|-unboost|p1a: Blaziken|spd|1
|move|p2a: Toxapex|Hydro Pump|p1a: Blaziken|[miss]
|-miss|p2a: Toxapex|p1a: Blaziken
|
|-heal|p1a: Blaziken|55/100 tox|[from] item: Leftovers
|-heal|p2a: Toxapex|48/100|[from] item: Black Sludge
|-damage|p1a: Blaziken|25/100 tox|[from] psn
|-ability|p1a: Blaziken|Speed Boost|boost
|-boost|p1a: Blaziken|spe|1
|upkeep
|turn|18
|
|t:|1760855224
|move|p2a: Toxapex|Baneful Bunker|p2a: Toxapex
|-singleturn|p2a: Toxapex|move: Protect
|move|p1a: Blaziken|Swords Dance|p1a: Blaziken
|-boost|p1a: Blaziken|atk|2
|
|-heal|p1a: Blaziken|31/100 tox|[from] item: Leftovers
|-heal|p2a: Toxapex|54/100|[from] item: Black Sludge
|-damage|p1a: Blaziken|0 fnt|[from] psn
|faint|p1a: Blaziken
|upkeep
|
|t:|1760855236
|switch|p1a: Dragapult|Dragapult, M|100/100
|turn|19
|
|t:|1760855241
|move|p1a: Dragapult|Phantom Force||[still]
|-prepare|p1a: Dragapult|Phantom Force
|move|p2a: Toxapex|Toxic|p1a: Dragapult
|-status|p1a: Dragapult|tox
|
|-heal|p2a: Toxapex|60/100|[from] item: Black Sludge
|-damage|p1a: Dragapult|95/100 tox|[from] psn
|upkeep
|turn|20
|
|t:|1760855250
|move|p1a: Dragapult|Phantom Force|p2a: Toxapex|[from] lockedmove
|-damage|p2a: Toxapex|33/100
|move|p2a: Toxapex|Recover|p2a: Toxapex
|-heal|p2a: Toxapex|83/100
|
|-heal|p2a: Toxapex|89/100|[from] item: Black Sludge
|-damage|p1a: Dragapult|83/100 tox|[from] psn
|upkeep
|turn|21
|
|t:|1760855259
|move|p1a: Dragapult|U-turn|p2a: Toxapex
|-resisted|p2a: Toxapex
|-damage|p2a: Toxapex|83/100
|
|t:|1760855262
|switch|p1a: Kingambit|Kingambit, M|100/100|[from] U-turn
|-activate|p1a: Kingambit|ability: Supreme Overlord
|-start|p1a: Kingambit|fallen4|[silent]
|move|p2a: Toxapex|Hydro Pump|p1a: Kingambit
|-damage|p1a: Kingambit|76/100
|
|-heal|p2a: Toxapex|89/100|[from] item: Black Sludge
|upkeep
|turn|22
|
|t:|1760855282
|switch|p2a: Lokix|Lokix, M|51/100
|move|p1a: Kingambit|Stone Edge|p2a: Lokix|[miss]
|-miss|p1a: Kingambit|p2a: Lokix
|-enditem|p1a: Kingambit|Blunder Policy
|-boost|p1a: Kingambit|spe|2
|
|upkeep
|turn|23
|inactive|pioneer7569 has 120 seconds left.
|
|t:|1760855310
|-terastallize|p2a: Lokix|Bug
|move|p2a: Lokix|First Impression|p1a: Kingambit
|-damage|p1a: Kingambit|30/100
|move|p1a: Kingambit|Iron Head|p2a: Lokix
|-damage|p2a: Lokix|0 fnt
|faint|p2a: Lokix
|
|upkeep
|
|t:|1760855319
|switch|p2a: Toxapex|Toxapex, M|100/100
|-damage|p2a: Toxapex|88/100|[from] Stealth Rock
|turn|24
|inactive|pioneer7569 has 120 seconds left.
|
|t:|1760855339
|move|p1a: Kingambit|Kowtow Cleave|p2a: Toxapex
|-damage|p2a: Toxapex|48/100
|move|p2a: Toxapex|Hydro Pump|p1a: Kingambit
|-damage|p1a: Kingambit|2/100
|
|-heal|p2a: Toxapex|54/100|[from] item: Black Sludge
|upkeep
|turn|25
|inactive|pioneer7569 has 120 seconds left.
|
|t:|1760855349
|move|p1a: Kingambit|Kowtow Cleave|p2a: Toxapex
|-damage|p2a: Toxapex|11/100
|move|p2a: Toxapex|Hydro Pump|p1a: Kingambit|[miss]
|-miss|p2a: Toxapex|p1a: Kingambit
|
|-heal|p2a: Toxapex|18/100|[from] item: Black Sludge
|upkeep
|turn|26
|
|t:|1760855358
|switch|p2a: Reuniclus|Reuniclus, F|100/100
|-damage|p2a: Reuniclus|88/100|[from] Stealth Rock
|move|p1a: Kingambit|Kowtow Cleave|p2a: Reuniclus
|-supereffective|p2a: Reuniclus
|-damage|p2a: Reuniclus|0 fnt
|faint|p2a: Reuniclus
|
|upkeep
|c|☆pioneer7569|finally
|
|t:|1760855367
|switch|p2a: Toxapex|Toxapex, M|51/100
|-damage|p2a: Toxapex|38/100|[from] Stealth Rock
|turn|27
|
|t:|1760855372
|move|p2a: Toxapex|Baneful Bunker|p2a: Toxapex
|-singleturn|p2a: Toxapex|move: Protect
|move|p1a: Kingambit|Kowtow Cleave|p2a: Toxapex
|-activate|p2a: Toxapex|move: Protect
|
|-heal|p2a: Toxapex|45/100|[from] item: Black Sludge
|upkeep
|turn|28
|
|t:|1760855381
|move|p1a: Kingambit|Kowtow Cleave|p2a: Toxapex
|-damage|p2a: Toxapex|6/100
|move|p2a: Toxapex|Hydro Pump|p1a: Kingambit
|-damage|p1a: Kingambit|0 fnt
|faint|p1a: Kingambit
|-end|p1a: Kingambit|fallen4|[silent]
|
|-heal|p2a: Toxapex|12/100|[from] item: Black Sludge
|upkeep
|
|t:|1760855386
|switch|p1a: Dragapult|Dragapult, M|83/100 tox
|turn|29
|
|t:|1760855392
|move|p1a: Dragapult|Dragon Darts|p2a: Toxapex
|-crit|p2a: Toxapex
|-damage|p2a: Toxapex|0 fnt
|faint|p2a: Toxapex
|
|win|pioneer7569
|raw|pioneer7569's rating: 1073 &rarr; <strong>1100</strong><br />(+27 for winning)
|raw|jumbolino's rating: 1054 &rarr; <strong>1037</strong><br />(-17 for losing)
|l|☆jumbolino
|player|p2|
