|j|☆Sanchez1334
|j|☆Taradikov
|t:|1760847378
|gametype|singles
|player|p1|Sanchez1334|n|1058
|player|p2|Taradikov|burglar|1056
|gen|9
|tier|[Gen 9] OU
|rated|
|rule|HP Percentage Mod: HP is shown in percentages
|rule|Endless Battle Clause: Forcing endless battles is banned
|rule|Species Clause: Limit one of each Pokémon
|rule|OHKO Clause: OHKO moves are banned
|rule|Evasion Items Clause: Evasion items are banned
|rule|Evasion Moves Clause: Evasion moves are banned
|rule|Evasion Abilities Clause: Evasion abilities are banned
|rule|Sleep Moves Clause: Sleep-inducing moves are banned
|clearpoke
|poke|p1|Toxapex, M|
|poke|p1|Dragapult, M|
|poke|p1|Serperior, F|
|poke|p1|Clodsire, M|
|poke|p1|Magnezone|
|poke|p1|Flygon, M|
|poke|p2|Metagross|
|poke|p2|Basculegion-F, F|
|poke|p2|Breloom, F|
|poke|p2|Porygon-Z|
|poke|p2|Blaziken, F|
|poke|p2|Goodra-Hisui, F|
|teampreview
|inactive|Battle timer is ON: inactive players will automatically lose when time's up. (requested by Taradikov)
|
|t:|1760847393
|teamsize|p1|6
|teamsize|p2|6
|start
|switch|p1a: Clodsire|Clodsire, M|100/100
|switch|p2a: Porygon-Z|Porygon-Z|100/100
|-ability|p2a: Porygon-Z|Download|boost
|-boost|p2a: Porygon-Z|atk|1
|turn|1
|
|t:|1760847404
|move|p2a: Porygon-Z|Tri Attack|p1a: Clodsire
|-damage|p1a: Clodsire|66/100
|move|p1a: Clodsire|Toxic|p2a: Porygon-Z
|-status|p2a: Porygon-Z|tox
|
|-heal|p1a: Clodsire|72/100|[from] item: Leftovers
|-damage|p2a: Porygon-Z|94/100 tox|[from] psn
|upkeep
|turn|2
|
|t:|1760847414
|move|p1a: Clodsire|Protect|p1a: Clodsire
|-singleturn|p1a: Clodsire|Protect
|move|p2a: Porygon-Z|Tri Attack|p1a: Clodsire
|-activate|p1a: Clodsire|move: Protect
|
|-heal|p1a: Clodsire|78/100|[from] item: Leftovers
|-damage|p2a: Porygon-Z|82/100 tox|[from] psn
|upkeep
|turn|3
|
|t:|1760847424
|move|p2a: Porygon-Z|Ice Beam|p1a: Clodsire
|-supereffective|p1a: Clodsire
|-damage|p1a: Clodsire|16/100
|move|p1a: Clodsire|Recover|p1a: Clodsire
|-heal|p1a: Clodsire|66/100
|
|-heal|p1a: Clodsire|72/100|[from] item: Leftovers
|-damage|p2a: Porygon-Z|64/100 tox|[from] psn
|upkeep
|turn|4
|
|t:|1760847444
|switch|p2a: Breloom|Breloom, F, shiny|100/100
|move|p1a: Clodsire|Protect||[still]
|-fail|p1a: Clodsire
|
|-heal|p1a: Clodsire|78/100|[from] item: Leftovers
|upkeep
|turn|5
|
|t:|1760847459
|move|p2a: Breloom|Bullet Seed|p1a: Clodsire
|-damage|p1a: Clodsire|57/100
|-damage|p1a: Clodsire|38/100
|-damage|p1a: Clodsire|16/100
|-hitcount|p1a: Clodsire|3
|move|p1a: Clodsire|Toxic|p2a: Breloom
|-status|p2a: Breloom|tox
|
|-heal|p1a: Clodsire|22/100|[from] item: Leftovers
|-damage|p2a: Breloom|94/100 tox|[from] psn
|upkeep
|turn|6
|
|t:|1760847475
|move|p1a: Clodsire|Protect|p1a: Clodsire
|-singleturn|p1a: Clodsire|Protect
|move|p2a: Breloom|Mach Punch|p1a: Clodsire
|-activate|p1a: Clodsire|move: Protect
|
|-heal|p1a: Clodsire|29/100|[from] item: Leftovers
|-damage|p2a: Breloom|82/100 tox|[from] psn
|upkeep
|turn|7
|
|t:|1760847485
|switch|p1a: Serperior|Serperior, F|100/100
|move|p2a: Breloom|Bullet Seed|p1a: Serperior
|-resisted|p1a: Serperior
|-damage|p1a: Serperior|91/100
|-resisted|p1a: Serperior
|-damage|p1a: Serperior|81/100
|-hitcount|p1a: Serperior|2
|
|-heal|p1a: Serperior|87/100|[from] item: Leftovers
|-damage|p2a: Breloom|64/100 tox|[from] psn
|upkeep
|turn|8
|
|t:|1760847496
|move|p1a: Serperior|Leaf Storm|p2a: Breloom
|-resisted|p2a: Breloom
|-damage|p2a: Breloom|35/100 tox
|-boost|p1a: Serperior|spa|2
|-enditem|p2a: Breloom|Mirror Herb
|-boost|p2a: Breloom|spa|2|[from] item: Mirror Herb
|move|p2a: Breloom|Rock Tomb|p1a: Serperior
|-damage|p1a: Serperior|52/100
|-boost|p1a: Serperior|spe|1
|
|-heal|p1a: Serperior|58/100|[from] item: Leftovers
|-damage|p2a: Breloom|10/100 tox|[from] psn
|upkeep
|turn|9
|-message|Taradikov forfeited.
|
|win|Sanchez1334
|raw|Sanchez1334's rating: 1058 &rarr; <strong>1089</strong><br />(+31 for winning)
|raw|Taradikov's rating: 1056 &rarr; <strong>1038</strong><br />(-18 for losing)
|l|☆Taradikov
|player|p2|
|l|☆Sanchez1334
|player|p1|
