|j|☆mlap3000
|j|☆Crystal Celesse
|t:|1760753832
|gametype|singles
|player|p1|mlap3000|volkner|1435
|player|p2|Crystal Celesse|cynthia-gen4|1453
|gen|9
|tier|[Gen 9] OU
|rated|
|rule|HP Percentage Mod: HP is shown in percentages
|rule|Endless Battle Clause: Forcing endless battles is banned
|rule|Species Clause: Limit one of each Pokémon
|rule|OHKO Clause: OHKO moves are banned
|rule|Evasion Items Clause: Evasion items are banned
|rule|Evasion Moves Clause: Evasion moves are banned
|rule|Evasion Abilities Clause: Evasion abilities are banned
|rule|Sleep Moves Clause: Sleep-inducing moves are banned
|clearpoke
|poke|p1|Primarina, F|
|poke|p1|Cinderace, F|
|poke|p1|Garchomp, M|
|poke|p1|Gliscor, M|
|poke|p1|Zamazenta-*|
|poke|p1|Darkrai|
|poke|p2|Jolteon, F|
|poke|p2|Slowking-Galar, F|
|poke|p2|Great Tusk|
|poke|p2|Moltres|
|poke|p2|Kingambit, F|
|poke|p2|Hydrapple, F|
|teampreview
|
|t:|1760753848
|teamsize|p1|6
|teamsize|p2|6
|start
|switch|p1a: Garchomp|Garchomp, M|100/100
|switch|p2a: Great Tusk|Great Tusk|100/100
|turn|1
|inactive|Battle timer is ON: inactive players will automatically lose when time's up. (requested by mlap3000)
|
|t:|1760753859
|move|p1a: Garchomp|Scale Shot|p2a: Great Tusk
|-damage|p2a: Great Tusk|94/100
|-damage|p2a: Great Tusk|87/100
|-damage|p2a: Great Tusk|80/100
|-damage|p2a: Great Tusk|73/100
|-hitcount|p2a: Great Tusk|4
|-unboost|p1a: Garchomp|def|1
|-boost|p1a: Garchomp|spe|1
|move|p2a: Great Tusk|Ice Spinner|p1a: Garchomp
|-supereffective|p1a: Garchomp
|-damage|p1a: Garchomp|0 fnt
|-damage|p2a: Great Tusk|61/100|[from] ability: Rough Skin|[of] p1a: Garchomp
|faint|p1a: Garchomp
|
|upkeep
|
|t:|1760753879
|switch|p1a: Darkrai|Darkrai|100/100
|turn|2
|
|t:|1760753883
|-end|p2a: Great Tusk|Protosynthesis|[silent]
|switch|p2a: Queengambit|Kingambit, F, shiny|100/100
|move|p1a: Darkrai|Nasty Plot|p1a: Darkrai
|-boost|p1a: Darkrai|spa|2
|
|upkeep
|turn|3
|
|t:|1760753892
|switch|p1a: 16 bron|Zamazenta|100/100
|-ability|p1a: 16 bron|Dauntless Shield|boost
|-boost|p1a: 16 bron|def|1
|move|p2a: Queengambit|Iron Head|p1a: 16 bron
|-damage|p1a: 16 bron|76/100
|
|-heal|p1a: 16 bron|82/100|[from] item: Leftovers
|upkeep
|turn|4
|
|t:|1760753904
|switch|p1a: Primarina|Primarina, F|100/100
|-end|p2a: Queengambit|fallenundefined|[silent]
|switch|p2a: Moltres|Moltres|100/100
|
|upkeep
|turn|5
|
|t:|1760753910
|switch|p2a: Zeus|Jolteon, F, shiny|100/100
|move|p1a: Primarina|Surf|p2a: Zeus
|-damage|p2a: Zeus|33/100
|
|upkeep
|turn|6
|
|t:|1760753918
|move|p2a: Zeus|Volt Switch|p1a: Primarina
|-supereffective|p1a: Primarina
|-damage|p1a: Primarina|61/100
|
|t:|1760753922
|switch|p2a: Slowking|Slowking-Galar, F|100/100|[from] Volt Switch
|move|p1a: Primarina|Moonblast|p2a: Slowking
|-resisted|p2a: Slowking
|-damage|p2a: Slowking|88/100
|
|upkeep
|turn|7
|
|t:|1760753934
|switch|p1a: Gliscor|Gliscor, M|100/100
|move|p2a: Slowking|Sludge Bomb|p1a: Gliscor
|-resisted|p1a: Gliscor
|-damage|p1a: Gliscor|85/100
|-status|p1a: Gliscor|psn
|
|-heal|p1a: Gliscor|98/100 psn|[from] ability: Poison Heal
|upkeep
|turn|8
|
|t:|1760753944
|move|p1a: Gliscor|Knock Off|p2a: Slowking
|-supereffective|p2a: Slowking
|-damage|p2a: Slowking|45/100
|-enditem|p2a: Slowking|Assault Vest|[from] move: Knock Off|[of] p1a: Gliscor
|move|p2a: Slowking|Ice Beam|p1a: Gliscor
|-supereffective|p1a: Gliscor
|-damage|p1a: Gliscor|3/100 psn
|
|-heal|p1a: Gliscor|16/100 psn|[from] ability: Poison Heal
|upkeep
|turn|9
|
|t:|1760753964
|move|p1a: Gliscor|Earthquake|p2a: Slowking
|-supereffective|p2a: Slowking
|-damage|p2a: Slowking|0 fnt
|faint|p2a: Slowking
|
|-heal|p1a: Gliscor|28/100 psn|[from] ability: Poison Heal
|upkeep
|
|t:|1760753973
|switch|p2a: Moltres|Moltres|100/100
|turn|10
|
|t:|1760753978
|move|p1a: Gliscor|Toxic|p2a: Moltres
|-status|p2a: Moltres|tox
|move|p2a: Moltres|Flamethrower|p1a: Gliscor
|-damage|p1a: Gliscor|0 fnt
|faint|p1a: Gliscor
|
|-damage|p2a: Moltres|94/100 tox|[from] psn
|upkeep
|
|t:|1760753995
|switch|p1a: Primarina|Primarina, F|61/100
|turn|11
|inactive|Crystal Celesse has 120 seconds left.
|
|t:|1760754034
|switch|p2a: Great Tusk|Great Tusk|61/100
|move|p1a: Primarina|Moonblast|p2a: Great Tusk
|-supereffective|p2a: Great Tusk
|-damage|p2a: Great Tusk|0 fnt
|faint|p2a: Great Tusk
|-end|p2a: Great Tusk|Protosynthesis|[silent]
|
|upkeep
|
|t:|1760754047
|switch|p2a: Queengambit|Kingambit, F, shiny|100/100
|-activate|p2a: Queengambit|ability: Supreme Overlord
|-start|p2a: Queengambit|fallen2|[silent]
|turn|12
|
|t:|1760754059
|switch|p1a: Cinderace|Cinderace, F|100/100
|move|p2a: Queengambit|Iron Head|p1a: Cinderace
|-resisted|p1a: Cinderace
|-damage|p1a: Cinderace|69/100
|
|upkeep
|turn|13
|inactive|Crystal Celesse has 120 seconds left.
|
|t:|1760754073
|-end|p2a: Queengambit|fallen2|[silent]
|switch|p2a: Moltres|Moltres|94/100 tox
|move|p1a: Cinderace|Will-O-Wisp||[still]
|-fail|p1a: Cinderace
|
|-damage|p2a: Moltres|88/100 tox|[from] psn
|upkeep
|turn|14
|
|t:|1760754082
|move|p1a: Cinderace|U-turn|p2a: Moltres
|-resisted|p2a: Moltres
|-damage|p2a: Moltres|84/100 tox
|
|t:|1760754091
|switch|p1a: Primarina|Primarina, F|61/100|[from] U-turn
|move|p2a: Moltres|Scorching Sands|p1a: Primarina
|-damage|p1a: Primarina|49/100
|
|-damage|p2a: Moltres|72/100 tox|[from] psn
|upkeep
|turn|15
|inactive|Crystal Celesse has 120 seconds left.
|
|t:|1760754117
|-terastallize|p2a: Moltres|Fairy
|move|p2a: Moltres|Will-O-Wisp|p1a: Primarina
|-status|p1a: Primarina|brn
|move|p1a: Primarina|Moonblast|p2a: Moltres
|-damage|p2a: Moltres|23/100 tox
|
|-damage|p2a: Moltres|4/100 tox|[from] psn
|-damage|p1a: Primarina|43/100 brn|[from] brn
|upkeep
|turn|16
|inactive|Crystal Celesse has 120 seconds left.
|inactive|mlap3000 has 120 seconds left.
|
|t:|1760754145
|move|p2a: Moltres|Roost|p2a: Moltres
|-heal|p2a: Moltres|54/100 tox
|move|p1a: Primarina|Psychic Noise|p2a: Moltres
|-damage|p2a: Moltres|29/100 tox
|-start|p2a: Moltres|move: Heal Block
|
|-damage|p2a: Moltres|4/100 tox|[from] psn
|-damage|p1a: Primarina|37/100 brn|[from] brn
|upkeep
|turn|17
|inactive|mlap3000 has 120 seconds left.
|inactive|Crystal Celesse has 120 seconds left.
|
|t:|1760754167
|switch|p2a: Queengambit|Kingambit, F, shiny|100/100
|-activate|p2a: Queengambit|ability: Supreme Overlord
|-start|p2a: Queengambit|fallen2|[silent]
|move|p1a: Primarina|Surf|p2a: Queengambit
|-damage|p2a: Queengambit|48/100
|
|-heal|p2a: Queengambit|54/100|[from] item: Leftovers
|-damage|p1a: Primarina|30/100 brn|[from] brn
|upkeep
|turn|18
|
|t:|1760754179
|move|p1a: Primarina|Moonblast|p2a: Queengambit
|-damage|p2a: Queengambit|0 fnt
|faint|p2a: Queengambit
|-end|p2a: Queengambit|fallen2|[silent]
|
|-damage|p1a: Primarina|24/100 brn|[from] brn
|upkeep
|
|t:|1760754184
|switch|p2a: Zeus|Jolteon, F, shiny|33/100
|turn|19
|inactive|mlap3000 has 120 seconds left.
|inactive|Crystal Celesse has 120 seconds left.
|
|t:|1760754205
|move|p2a: Zeus|Thunderbolt|p1a: Primarina
|-supereffective|p1a: Primarina
|-damage|p1a: Primarina|0 fnt
|faint|p1a: Primarina
|
|upkeep
|inactive|mlap3000 has 90 seconds left.
|
|t:|1760754228
|switch|p1a: 16 bron|Zamazenta|82/100
|turn|20
|
|t:|1760754233
|switch|p2a: Moltres|Moltres, tera:Fairy|4/100 tox
|move|p1a: 16 bron|Body Press|p2a: Moltres
|-resisted|p2a: Moltres
|-damage|p2a: Moltres|0 fnt
|faint|p2a: Moltres
|
|-heal|p1a: 16 bron|89/100|[from] item: Leftovers
|upkeep
|
|t:|1760754241
|switch|p2a: Hydrapple|Hydrapple, F, shiny|100/100
|turn|21
|
|t:|1760754262
|switch|p1a: Cinderace|Cinderace, F|69/100
|move|p2a: Hydrapple|Nasty Plot|p2a: Hydrapple
|-boost|p2a: Hydrapple|spa|2
|
|upkeep
|turn|22
|
|t:|1760754272
|move|p1a: Cinderace|Pyro Ball|p2a: Hydrapple
|-damage|p2a: Hydrapple|76/100
|move|p2a: Hydrapple|Fickle Beam|p1a: Cinderace|[anim] Fickle Beam All Out
|-activate|p2a: Hydrapple|move: Fickle Beam
|-damage|p1a: Cinderace|0 fnt
|faint|p1a: Cinderace
|
|upkeep
|
|t:|1760754279
|switch|p1a: Darkrai|Darkrai|100/100
|turn|23
|
|t:|1760754286
|move|p1a: Darkrai|Ice Beam|p2a: Hydrapple
|-supereffective|p2a: Hydrapple
|-crit|p2a: Hydrapple
|-damage|p2a: Hydrapple|0 fnt
|faint|p2a: Hydrapple
|
|upkeep
|
|t:|1760754288
|switch|p2a: Zeus|Jolteon, F, shiny|33/100
|turn|24
|
|t:|1760754292
|move|p2a: Zeus|Alluring Voice|p1a: Darkrai
|-supereffective|p1a: Darkrai
|-damage|p1a: Darkrai|51/100
|move|p1a: Darkrai|Dark Pulse|p2a: Zeus
|-damage|p2a: Zeus|0 fnt
|faint|p2a: Zeus
|
|win|mlap3000
|raw|mlap3000's rating: 1435 &rarr; <strong>1456</strong><br />(+21 for winning)
|raw|Crystal Celesse's rating: 1453 &rarr; <strong>1432</strong><br />(-21 for losing)
