|j|☆skmtmzaka
|j|☆Mr. Saddened
|t:|1760811391
|gametype|singles
|player|p1|skmtmzaka|scientist-gen4|1378
|player|p2|Mr. Saddened|iris|1324
|gen|9
|tier|[Gen 9] OU
|rated|
|rule|HP Percentage Mod: HP is shown in percentages
|rule|Endless Battle Clause: Forcing endless battles is banned
|rule|Species Clause: Limit one of each Pokémon
|rule|OHKO Clause: OHKO moves are banned
|rule|Evasion Items Clause: Evasion items are banned
|rule|Evasion Moves Clause: Evasion moves are banned
|rule|Evasion Abilities Clause: Evasion abilities are banned
|rule|Sleep Moves Clause: Sleep-inducing moves are banned
|clearpoke
|poke|p1|Gliscor, F|
|poke|p1|Blissey, F|
|poke|p1|Corviknight, M|
|poke|p1|Toxapex, M|
|poke|p1|Clodsire, F|
|poke|p1|Dondozo, M|
|poke|p2|Slowking-Galar, M|
|poke|p2|Kyurem|
|poke|p2|Great Tusk|
|poke|p2|Iron Valiant|
|poke|p2|Scizor, F|
|poke|p2|Alomomola, M|
|teampreview
|inactive|Battle timer is ON: inactive players will automatically lose when time's up. (requested by skmtmzaka)
|c|☆Mr. Saddened|oh ok
|
|t:|1760811405
|teamsize|p1|6
|teamsize|p2|6
|start
|switch|p1a: Blissey|Blissey, F|100/100
|switch|p2a: The Thinker|Slowking-Galar, M, shiny|100/100
|turn|1
|
|t:|1760811417
|move|p1a: Blissey|Trick|p2a: The Thinker
|-activate|p1a: Blissey|move: Trick|[of] p2a: The Thinker
|-item|p2a: The Thinker|Choice Scarf|[from] move: Trick
|-item|p1a: Blissey|Heavy-Duty Boots|[from] move: Trick
|move|p2a: The Thinker|Future Sight|p1a: Blissey
|-start|p2a: The Thinker|move: Future Sight
|
|upkeep
|turn|2
|
|t:|1760811429
|switch|p2a: Skittle|Great Tusk, shiny|100/100
|move|p1a: Blissey|Seismic Toss|p2a: Skittle
|-damage|p2a: Skittle|77/100
|
|upkeep
|turn|3
|
|t:|1760811437
|switch|p1a: Corviknight|Corviknight, M|100/100
|-ability|p1a: Corviknight|Pressure
|move|p2a: Skittle|Knock Off|p1a: Corviknight
|-damage|p1a: Corviknight|73/100
|-damage|p2a: Skittle|61/100|[from] item: Rocky Helmet|[of] p1a: Corviknight
|-enditem|p1a: Corviknight|Rocky Helmet|[from] move: Knock Off|[of] p2a: Skittle
|
|-end|p1a: Corviknight|move: Future Sight
|-resisted|p1a: Corviknight
|-crit|p1a: Corviknight
|-damage|p1a: Corviknight|46/100
|upkeep
|turn|4
|
|t:|1760811450
|move|p2a: Skittle|Close Combat|p1a: Corviknight
|-damage|p1a: Corviknight|0 fnt
|-unboost|p2a: Skittle|def|1
|-unboost|p2a: Skittle|spd|1
|faint|p1a: Corviknight
|
|upkeep
|
|t:|1760811461
|switch|p1a: Toxapex|Toxapex, M|100/100
|turn|5
|
|t:|1760811466
|-end|p2a: Skittle|Protosynthesis|[silent]
|switch|p2a: The Thinker|Slowking-Galar, M, shiny|100/100
|move|p1a: Toxapex|Toxic Spikes|p2a: The Thinker
|-sidestart|p2: Mr. Saddened|move: Toxic Spikes
|
|upkeep
|turn|6
|
|t:|1760811475
|move|p1a: Toxapex|Toxic|p2a: The Thinker
|-immune|p2a: The Thinker
|move|p2a: The Thinker|Future Sight|p1a: Toxapex
|-start|p2a: The Thinker|move: Future Sight
|
|upkeep
|turn|7
|
|t:|1760811484
|move|p1a: Toxapex|Toxic Spikes|p2a: The Thinker
|-sidestart|p2: Mr. Saddened|move: Toxic Spikes
|move|p2a: The Thinker|Future Sight||[still]
|-fail|p2a: The Thinker
|
|upkeep
|turn|8
|
|t:|1760811498
|switch|p1a: Blissey|Blissey, F|100/100
|switch|p2a: S.A.M.|Scizor, F, shiny|100/100
|
|-end|p1a: Blissey|move: Future Sight
|-damage|p1a: Blissey|86/100
|upkeep
|turn|9
|
|t:|1760811516
|switch|p1a: Dondozo|Dondozo, M|100/100
|move|p2a: S.A.M.|Swords Dance|p2a: S.A.M.
|-boost|p2a: S.A.M.|atk|2
|
|upkeep
|turn|10
|
|t:|1760811524
|switch|p2a: The Thinker|Slowking-Galar, M, shiny|100/100
|-sideend|p2: Mr. Saddened|move: Toxic Spikes|[of] p2a: The Thinker
|switch|p1a: Gliscor|Gliscor, F|100/100
|
|-status|p1a: Gliscor|tox|[from] item: Toxic Orb
|upkeep
|turn|11
|
|t:|1760811535
|switch|p2a: Fin-land EMS|Alomomola, M|100/100
|move|p1a: Gliscor|Knock Off|p2a: Fin-land EMS
|-damage|p2a: Fin-land EMS|90/100
|-enditem|p2a: Fin-land EMS|Heavy-Duty Boots|[from] move: Knock Off|[of] p1a: Gliscor
|
|upkeep
|turn|12
|
|t:|1760811545
|switch|p2a: Brrr-ett|Kyurem|100/100
|-ability|p2a: Brrr-ett|Pressure
|move|p1a: Gliscor|Stealth Rock|p2a: Brrr-ett
|-sidestart|p2: Mr. Saddened|move: Stealth Rock
|
|upkeep
|turn|13
|
|t:|1760811556
|switch|p1a: Blissey|Blissey, F|86/100
|move|p2a: Brrr-ett|Freeze-Dry|p1a: Blissey
|-damage|p1a: Blissey|69/100
|
|upkeep
|turn|14
|
|t:|1760811571
|switch|p2a: The Thinker|Slowking-Galar, M, shiny|100/100
|-damage|p2a: The Thinker|88/100|[from] Stealth Rock
|move|p1a: Blissey|Seismic Toss|p2a: The Thinker
|-damage|p2a: The Thinker|63/100
|
|upkeep
|turn|15
|
|t:|1760811579
|move|p1a: Blissey|Seismic Toss|p2a: The Thinker
|-damage|p2a: The Thinker|37/100
|-prepare|p2a: The Thinker|Chilly Reception|[premajor]
|move|p2a: The Thinker|Chilly Reception|p2a: The Thinker
|-weather|Snowscape
|
|t:|1760811595
|switch|p2a: Gender-Tron|Iron Valiant, shiny|100/100|[from] Chilly Reception
|-damage|p2a: Gender-Tron|94/100|[from] Stealth Rock
|-enditem|p2a: Gender-Tron|Booster Energy
|-activate|p2a: Gender-Tron|ability: Quark Drive|[fromitem]
|-start|p2a: Gender-Tron|quarkdrivespe
|
|-weather|Snowscape|[upkeep]
|upkeep
|turn|16
|
|t:|1760811607
|switch|p1a: Toxapex|Toxapex, M|100/100
|move|p2a: Gender-Tron|Moonblast|p1a: Toxapex
|-resisted|p1a: Toxapex
|-damage|p1a: Toxapex|84/100
|-unboost|p1a: Toxapex|spa|1
|
|-weather|Snowscape|[upkeep]
|upkeep
|turn|17
|
|t:|1760811619
|-end|p2a: Gender-Tron|Quark Drive|[silent]
|switch|p2a: S.A.M.|Scizor, F, shiny|100/100
|-damage|p2a: S.A.M.|88/100|[from] Stealth Rock
|move|p1a: Toxapex|Toxic Spikes|p2a: S.A.M.
|-sidestart|p2: Mr. Saddened|move: Toxic Spikes
|
|-weather|Snowscape|[upkeep]
|upkeep
|turn|18
|
|t:|1760811627
|switch|p1a: Dondozo|Dondozo, M|100/100
|move|p2a: S.A.M.|Knock Off|p1a: Dondozo
|-damage|p1a: Dondozo|77/100
|-enditem|p1a: Dondozo|Leftovers|[from] move: Knock Off|[of] p2a: S.A.M.
|-damage|p2a: S.A.M.|78/100|[from] item: Life Orb
|
|-weather|Snowscape|[upkeep]
|upkeep
|turn|19
|
|t:|1760811639
|switch|p2a: The Thinker|Slowking-Galar, M, shiny|71/100
|-damage|p2a: The Thinker|58/100|[from] Stealth Rock
|-sideend|p2: Mr. Saddened|move: Toxic Spikes|[of] p2a: The Thinker
|move|p1a: Dondozo|Body Press|p2a: The Thinker
|-resisted|p2a: The Thinker
|-damage|p2a: The Thinker|51/100
|
|-weather|none
|upkeep
|turn|20
|
|t:|1760811652
|switch|p1a: Toxapex|Toxapex, M|100/100
|-prepare|p2a: The Thinker|Chilly Reception|[premajor]
|move|p2a: The Thinker|Chilly Reception|p2a: The Thinker
|-weather|Snowscape
|inactive|Mr. Saddened has 120 seconds left.
|
|t:|1760811682
|switch|p2a: Skittle|Great Tusk, shiny|61/100|[from] Chilly Reception
|-damage|p2a: Skittle|58/100|[from] Stealth Rock
|
|-weather|Snowscape|[upkeep]
|upkeep
|turn|21
|inactive|Mr. Saddened has 120 seconds left.
|
|t:|1760811693
|-terastallize|p1a: Toxapex|Ghost
|move|p2a: Skittle|Knock Off|p1a: Toxapex
|-supereffective|p1a: Toxapex
|-damage|p1a: Toxapex|46/100
|-damage|p2a: Skittle|41/100|[from] item: Rocky Helmet|[of] p1a: Toxapex
|-enditem|p1a: Toxapex|Rocky Helmet|[from] move: Knock Off|[of] p2a: Skittle
|move|p1a: Toxapex|Toxic|p2a: Skittle
|-status|p2a: Skittle|tox
|
|-weather|Snowscape|[upkeep]
|-damage|p2a: Skittle|35/100 tox|[from] psn
|upkeep
|turn|22
|inactive|Mr. Saddened has 120 seconds left.
|
|t:|1760811710
|switch|p1a: Dondozo|Dondozo, M|77/100
|move|p2a: Skittle|Earthquake|p1a: Dondozo
|-damage|p1a: Dondozo|51/100
|
|-weather|Snowscape|[upkeep]
|-damage|p2a: Skittle|23/100 tox|[from] psn
|upkeep
|turn|23
|inactive|Mr. Saddened has 120 seconds left.
|
|t:|1760811724
|-end|p2a: Skittle|Protosynthesis|[silent]
|switch|p2a: Brrr-ett|Kyurem|100/100
|-damage|p2a: Brrr-ett|76/100|[from] Stealth Rock
|-ability|p2a: Brrr-ett|Pressure
|switch|p1a: Toxapex|Toxapex, M, tera:Ghost|79/100
|
|-weather|Snowscape|[upkeep]
|upkeep
|turn|24
|inactive|Mr. Saddened has 120 seconds left.
|
|t:|1760811746
|move|p2a: Brrr-ett|Ice Beam|p1a: Toxapex
|-damage|p1a: Toxapex|34/100
|-status|p1a: Toxapex|frz
|cant|p1a: Toxapex|frz
|
|-weather|none
|upkeep
|turn|25
|
|t:|1760811756
|switch|p1a: Clodsire|Clodsire, F|100/100
|move|p2a: Brrr-ett|Ice Beam|p1a: Clodsire
|-supereffective|p1a: Clodsire
|-crit|p1a: Clodsire
|-damage|p1a: Clodsire|0 fnt
|faint|p1a: Clodsire
|
|upkeep
|
|t:|1760811764
|switch|p1a: Blissey|Blissey, F|69/100
|turn|26
|inactive|Mr. Saddened has 120 seconds left.
|c|☆skmtmzaka|？
|c|☆skmtmzaka|？
|
|t:|1760811790
|switch|p2a: Gender-Tron|Iron Valiant, shiny|94/100
|-damage|p2a: Gender-Tron|88/100|[from] Stealth Rock
|move|p1a: Blissey|Soft-Boiled|p1a: Blissey
|-heal|p1a: Blissey|100/100
|
|upkeep
|turn|27
|
|t:|1760811798
|switch|p1a: Toxapex|Toxapex, M, tera:Ghost|67/100 frz
|move|p2a: Gender-Tron|Close Combat|p1a: Toxapex
|-immune|p1a: Toxapex
|
|upkeep
|turn|28
|
|t:|1760811807
|move|p2a: Gender-Tron|Moonblast|p1a: Toxapex
|-damage|p1a: Toxapex|34/100 frz
|cant|p1a: Toxapex|frz
|
|upkeep
|turn|29
|
|t:|1760811817
|switch|p1a: Gliscor|Gliscor, F|100/100 tox
|move|p2a: Gender-Tron|Moonblast|p1a: Gliscor
|-damage|p1a: Gliscor|60/100 tox
|-unboost|p1a: Gliscor|spa|1
|
|-heal|p1a: Gliscor|72/100 tox|[from] ability: Poison Heal
|upkeep
|turn|30
|inactive|Mr. Saddened has 120 seconds left.
|
|t:|1760811828
|move|p1a: Gliscor|Protect|p1a: Gliscor
|-singleturn|p1a: Gliscor|Protect
|move|p2a: Gender-Tron|Moonblast|p1a: Gliscor
|-activate|p1a: Gliscor|move: Protect
|
|-heal|p1a: Gliscor|84/100 tox|[from] ability: Poison Heal
|upkeep
|turn|31
|
|t:|1760811841
|-end|p2a: Gender-Tron|Quark Drive|[silent]
|switch|p2a: The Thinker|Slowking-Galar, M, shiny|84/100
|-damage|p2a: The Thinker|72/100|[from] Stealth Rock
|move|p1a: Gliscor|Earthquake|p2a: The Thinker
|-supereffective|p2a: The Thinker
|-damage|p2a: The Thinker|0 fnt
|faint|p2a: The Thinker
|
|-heal|p1a: Gliscor|97/100 tox|[from] ability: Poison Heal
|upkeep
|inactive|Mr. Saddened has 120 seconds left.
|inactive|Mr. Saddened has 90 seconds left.
|inactive|Mr. Saddened has 60 seconds left.
|
|t:|1760811917
|switch|p2a: Fin-land EMS|Alomomola, M|100/100
|-damage|p2a: Fin-land EMS|88/100|[from] Stealth Rock
|turn|32
|
|t:|1760811922
|move|p1a: Gliscor|Knock Off|p2a: Fin-land EMS
|-damage|p2a: Fin-land EMS|81/100
|move|p2a: Fin-land EMS|Wish|p2a: Fin-land EMS
|
|-heal|p1a: Gliscor|100/100 tox|[from] ability: Poison Heal
|upkeep
|turn|33
|
|t:|1760811935
|switch|p1a: Toxapex|Toxapex, M, tera:Ghost|68/100 frz
|move|p2a: Fin-land EMS|Flip Turn|p1a: Toxapex
|-damage|p1a: Toxapex|57/100 frz
|
|t:|1760811944
|switch|p2a: Brrr-ett|Kyurem|76/100|[from] Flip Turn
|-damage|p2a: Brrr-ett|51/100|[from] Stealth Rock
|-ability|p2a: Brrr-ett|Pressure
|
|-heal|p2a: Brrr-ett|100/100|[from] move: Wish|[wisher] Fin-land EMS
|upkeep
|turn|34
|
|t:|1760811954
|switch|p1a: Blissey|Blissey, F|100/100
|move|p2a: Brrr-ett|Draco Meteor|p1a: Blissey|[miss]
|-miss|p2a: Brrr-ett|p1a: Blissey
|
|upkeep
|turn|35
|
|t:|1760811973
|switch|p2a: Fin-land EMS|Alomomola, M|100/100
|-damage|p2a: Fin-land EMS|88/100|[from] Stealth Rock
|move|p1a: Blissey|Seismic Toss|p2a: Fin-land EMS
|-damage|p2a: Fin-land EMS|69/100
|
|upkeep
|turn|36
|
|t:|1760811981
|switch|p1a: Toxapex|Toxapex, M, tera:Ghost|90/100 frz
|move|p2a: Fin-land EMS|Wish|p2a: Fin-land EMS
|
|upkeep
|turn|37
|
|t:|1760811988
|move|p2a: Fin-land EMS|Flip Turn|p1a: Toxapex
|-damage|p1a: Toxapex|78/100 frz
|
|t:|1760811991
|switch|p2a: Skittle|Great Tusk, shiny|23/100 tox|[from] Flip Turn
|-damage|p2a: Skittle|20/100 tox|[from] Stealth Rock
|cant|p1a: Toxapex|frz
|
|-heal|p2a: Skittle|81/100 tox|[from] move: Wish|[wisher] Fin-land EMS
|-damage|p2a: Skittle|75/100 tox|[from] psn
|upkeep
|turn|38
|
|t:|1760812005
|move|p2a: Skittle|Earthquake|p1a: Toxapex
|-damage|p1a: Toxapex|38/100 frz
|cant|p1a: Toxapex|frz
|
|-damage|p2a: Skittle|62/100 tox|[from] psn
|upkeep
|turn|39
|inactive|Mr. Saddened has 90 seconds left.
|
|t:|1760812025
|switch|p1a: Dondozo|Dondozo, M|51/100
|move|p2a: Skittle|Knock Off|p1a: Dondozo
|-damage|p1a: Dondozo|40/100
|
|-damage|p2a: Skittle|44/100 tox|[from] psn
|upkeep
|turn|40
|inactive|Mr. Saddened has 90 seconds left.
|
|t:|1760812035
|-end|p2a: Skittle|Protosynthesis|[silent]
|switch|p2a: Gender-Tron|Iron Valiant, shiny|88/100
|-damage|p2a: Gender-Tron|82/100|[from] Stealth Rock
|move|p1a: Dondozo|Rest|p1a: Dondozo
|-status|p1a: Dondozo|slp|[from] move: Rest
|-heal|p1a: Dondozo|100/100 slp|[silent]
|
|upkeep
|turn|41
|
|t:|1760812049
|switch|p1a: Gliscor|Gliscor, F|100/100 tox
|move|p2a: Gender-Tron|Moonblast|p1a: Gliscor
|-damage|p1a: Gliscor|63/100 tox
|
|-heal|p1a: Gliscor|76/100 tox|[from] ability: Poison Heal
|upkeep
|turn|42
|
|t:|1760812063
|move|p2a: Gender-Tron|Moonblast|p1a: Gliscor
|-damage|p1a: Gliscor|35/100 tox
|move|p1a: Gliscor|Earthquake|p2a: Gender-Tron
|-damage|p2a: Gender-Tron|43/100
|
|-heal|p1a: Gliscor|47/100 tox|[from] ability: Poison Heal
|upkeep
|turn|43
|
|t:|1760812077
|move|p1a: Gliscor|Protect|p1a: Gliscor
|-singleturn|p1a: Gliscor|Protect
|move|p2a: Gender-Tron|Moonblast|p1a: Gliscor
|-activate|p1a: Gliscor|move: Protect
|
|-heal|p1a: Gliscor|60/100 tox|[from] ability: Poison Heal
|upkeep
|turn|44
|inactive|Mr. Saddened has 90 seconds left.
|inactive|Mr. Saddened has 60 seconds left.
|
|t:|1760812127
|-end|p2a: Gender-Tron|Quark Drive|[silent]
|switch|p2a: Fin-land EMS|Alomomola, M|100/100
|-damage|p2a: Fin-land EMS|88/100|[from] Stealth Rock
|move|p1a: Gliscor|Earthquake|p2a: Fin-land EMS
|-damage|p2a: Fin-land EMS|69/100
|
|-heal|p1a: Gliscor|72/100 tox|[from] ability: Poison Heal
|upkeep
|turn|45
|
|t:|1760812137
|switch|p1a: Toxapex|Toxapex, M, tera:Ghost|71/100 frz
|move|p2a: Fin-land EMS|Flip Turn|p1a: Toxapex
|-damage|p1a: Toxapex|60/100 frz
|
|t:|1760812142
|switch|p2a: Brrr-ett|Kyurem|100/100|[from] Flip Turn
|-damage|p2a: Brrr-ett|76/100|[from] Stealth Rock
|-ability|p2a: Brrr-ett|Pressure
|
|upkeep
|turn|46
|
|t:|1760812151
|switch|p1a: Blissey|Blissey, F|100/100
|move|p2a: Brrr-ett|Ice Beam|p1a: Blissey
|-damage|p1a: Blissey|79/100
|
|upkeep
|turn|47
|
|t:|1760812163
|switch|p2a: Fin-land EMS|Alomomola, M|100/100
|-damage|p2a: Fin-land EMS|88/100|[from] Stealth Rock
|move|p1a: Blissey|Calm Mind|p1a: Blissey
|-boost|p1a: Blissey|spa|1
|-boost|p1a: Blissey|spd|1
|
|upkeep
|turn|48
|
|t:|1760812172
|switch|p1a: Toxapex|Toxapex, M, tera:Ghost|93/100 frz
|move|p2a: Fin-land EMS|Wish|p2a: Fin-land EMS
|
|upkeep
|turn|49
|
|t:|1760812177
|move|p2a: Fin-land EMS|Flip Turn|p1a: Toxapex
|-damage|p1a: Toxapex|81/100 frz
|
|t:|1760812180
|switch|p2a: Skittle|Great Tusk, shiny|44/100 tox|[from] Flip Turn
|-damage|p2a: Skittle|41/100 tox|[from] Stealth Rock
|cant|p1a: Toxapex|frz
|
|-heal|p2a: Skittle|100/100 tox|[from] move: Wish|[wisher] Fin-land EMS
|-damage|p2a: Skittle|94/100 tox|[from] psn
|upkeep
|turn|50
|
|t:|1760812195
|move|p2a: Skittle|Knock Off|p1a: Toxapex
|-supereffective|p1a: Toxapex
|-damage|p1a: Toxapex|46/100 frz
|-curestatus|p1a: Toxapex|frz|[msg]
|move|p1a: Toxapex|Toxic Spikes|p2a: Skittle
|-sidestart|p2: Mr. Saddened|move: Toxic Spikes
|
|-damage|p2a: Skittle|82/100 tox|[from] psn
|upkeep
|turn|51
|inactive|Mr. Saddened has 90 seconds left.
|inactive|Mr. Saddened has 60 seconds left.
|
|t:|1760812257
|switch|p1a: Dondozo|Dondozo, M|100/100 slp
|move|p2a: Skittle|Earthquake|p1a: Dondozo
|-damage|p1a: Dondozo|74/100 slp
|
|-damage|p2a: Skittle|63/100 tox|[from] psn
|upkeep
|turn|52
|
|t:|1760812266
|move|p2a: Skittle|Rapid Spin|p1a: Dondozo
|-damage|p1a: Dondozo|66/100 slp
|-boost|p2a: Skittle|spe|1
|-sideend|p2: Mr. Saddened|Toxic Spikes|[from] move: Rapid Spin|[of] p2a: Skittle
|-sideend|p2: Mr. Saddened|Stealth Rock|[from] move: Rapid Spin|[of] p2a: Skittle
|cant|p1a: Dondozo|slp
|move|p1a: Dondozo|Sleep Talk|p1a: Dondozo
|move|p1a: Dondozo|Rest||[from] move: Sleep Talk|[still]
|-fail|p1a: Dondozo
|
|-damage|p2a: Skittle|38/100 tox|[from] psn
|upkeep
|turn|53
|
|t:|1760812279
|-end|p2a: Skittle|Protosynthesis|[silent]
|switch|p2a: Gender-Tron|Iron Valiant, shiny|43/100
|cant|p1a: Dondozo|slp
|move|p1a: Dondozo|Sleep Talk|p1a: Dondozo
|move|p1a: Dondozo|Body Press|p2a: Gender-Tron|[from] move: Sleep Talk
|-resisted|p2a: Gender-Tron
|-damage|p2a: Gender-Tron|26/100
|
|upkeep
|turn|54
|inactive|Mr. Saddened has 60 seconds left.
|
|t:|1760812312
|move|p2a: Gender-Tron|Moonblast|p1a: Dondozo
|-damage|p1a: Dondozo|20/100 slp
|-curestatus|p1a: Dondozo|slp|[msg]
|move|p1a: Dondozo|Avalanche|p2a: Gender-Tron
|-damage|p2a: Gender-Tron|0 fnt
|faint|p2a: Gender-Tron
|-end|p2a: Gender-Tron|Quark Drive|[silent]
|
|upkeep
|inactive|Mr. Saddened has 30 seconds left.
|inactive|Mr. Saddened has 20 seconds left.
|inactive|Mr. Saddened has 15 seconds left.
|
|t:|1760812341
|switch|p2a: Skittle|Great Tusk, shiny|38/100 tox
|turn|55
|inactive|Mr. Saddened has 25 seconds left this turn.
|inactive|Mr. Saddened has 20 seconds left.
|
|t:|1760812349
|switch|p1a: Toxapex|Toxapex, M, tera:Ghost|79/100
|move|p2a: Skittle|Earthquake|p1a: Toxapex
|-damage|p1a: Toxapex|41/100
|
|-damage|p2a: Skittle|32/100 tox|[from] psn
|upkeep
|turn|56
|inactive|Mr. Saddened has 30 seconds left this turn.
|inactive|Mr. Saddened has 20 seconds left.
|
|t:|1760812363
|switch|p1a: Gliscor|Gliscor, F|72/100 tox
|move|p2a: Skittle|Earthquake|p1a: Gliscor
|-immune|p1a: Gliscor
|
|-heal|p1a: Gliscor|85/100 tox|[from] ability: Poison Heal
|-damage|p2a: Skittle|20/100 tox|[from] psn
|upkeep
|turn|57
|inactive|Mr. Saddened has 30 seconds left this turn.
|
|t:|1760812374
|move|p1a: Gliscor|Stealth Rock|p2a: Skittle
|-sidestart|p2: Mr. Saddened|move: Stealth Rock
|move|p2a: Skittle|Knock Off|p1a: Gliscor
|-damage|p1a: Gliscor|57/100 tox
|-enditem|p1a: Gliscor|Toxic Orb|[from] move: Knock Off|[of] p2a: Skittle
|
|-heal|p1a: Gliscor|69/100 tox|[from] ability: Poison Heal
|-damage|p2a: Skittle|1/100 tox|[from] psn
|upkeep
|turn|58
|inactive|Mr. Saddened has 30 seconds left.
|
|t:|1760812384
|move|p1a: Gliscor|Protect|p1a: Gliscor
|-singleturn|p1a: Gliscor|Protect
|move|p2a: Skittle|Close Combat|p1a: Gliscor
|-activate|p1a: Gliscor|move: Protect
|
|-heal|p1a: Gliscor|82/100 tox|[from] ability: Poison Heal
|-damage|p2a: Skittle|0 fnt|[from] psn
|faint|p2a: Skittle
|-end|p2a: Skittle|Protosynthesis|[silent]
|upkeep
|inactive|Mr. Saddened has 30 seconds left.
|inactive|Mr. Saddened has 20 seconds left.
|
|t:|1760812402
|switch|p2a: Brrr-ett|Kyurem|76/100
|-damage|p2a: Brrr-ett|51/100|[from] Stealth Rock
|-ability|p2a: Brrr-ett|Pressure
|turn|59
|inactive|Mr. Saddened has 30 seconds left this turn.
|
|t:|1760812411
|switch|p2a: S.A.M.|Scizor, F, shiny|78/100
|-damage|p2a: S.A.M.|66/100|[from] Stealth Rock
|switch|p1a: Blissey|Blissey, F|79/100
|
|upkeep
|turn|60
|
|t:|1760812426
|move|p2a: S.A.M.|Swords Dance|p2a: S.A.M.
|-boost|p2a: S.A.M.|atk|2
|move|p1a: Blissey|Trick|p2a: S.A.M.
|-activate|p1a: Blissey|move: Trick|[of] p2a: S.A.M.
|-item|p2a: S.A.M.|Heavy-Duty Boots|[from] move: Trick
|-item|p1a: Blissey|Life Orb|[from] move: Trick
|
|upkeep
|turn|61
|inactive|Mr. Saddened has 30 seconds left.
|inactive|Mr. Saddened has 20 seconds left.
|inactive|Mr. Saddened has 15 seconds left.
|inactive|Mr. Saddened has 10 seconds left.
|inactive|Mr. Saddened has 5 seconds left.
|-message|Mr. Saddened lost due to inactivity.
|
|win|skmtmzaka
|raw|skmtmzaka's rating: 1378 &rarr; <strong>1395</strong><br />(+17 for winning)
|raw|Mr. Saddened's rating: 1324 &rarr; <strong>1307</strong><br />(-17 for losing)
|c|☆Mr. Saddened|ah crap
|l|☆skmtmzaka
|player|p1|
