|j|☆SunStar090
|j|☆Sanesa8724
|t:|1760720939
|gametype|singles
|player|p1|SunStar090|102|1655
|player|p2|Sanesa8724|1|1845
|gen|9
|tier|[Gen 9] OU
|rated|
|rule|HP Percentage Mod: HP is shown in percentages
|rule|Endless Battle Clause: Forcing endless battles is banned
|rule|Species Clause: Limit one of each Pokémon
|rule|OHKO Clause: OHKO moves are banned
|rule|Evasion Items Clause: Evasion items are banned
|rule|Evasion Moves Clause: Evasion moves are banned
|rule|Evasion Abilities Clause: Evasion abilities are banned
|rule|Sleep Moves Clause: Sleep-inducing moves are banned
|clearpoke
|poke|p1|Samurott-Hisui, F|
|poke|p1|Tornadus-Therian, M|
|poke|p1|Pecharunt|
|poke|p1|Great Tusk|
|poke|p1|Clefable, F|
|poke|p1|Zamazenta-*|
|poke|p2|Rillaboom, M|
|poke|p2|Zamazenta-*|
|poke|p2|Ogerpon, F|
|poke|p2|Moltres|
|poke|p2|Iron Treads|
|poke|p2|Gholdengo|
|teampreview
|c|☆Sanesa8724|Glhf
|j| 0WithdrawalSyndrom
|c| 0WithdrawalSyndrom|dont
|inactive|Battle timer is ON: inactive players will automatically lose when time's up. (requested by SunStar090)
|j| isaac_gam3r
|
|t:|1760720983
|teamsize|p1|6
|teamsize|p2|6
|start
|switch|p1a: Tornadus|Tornadus-Therian, M|100/100
|switch|p2a: Iron Treads|Iron Treads|100/100
|turn|1
|c|☆SunStar090|Huh
|c| 0WithdrawalSyndrom|how you beat grassy terrain grasspon
|
|t:|1760720997
|move|p1a: Tornadus|Heat Wave|p2a: Iron Treads
|-supereffective|p2a: Iron Treads
|-damage|p2a: Iron Treads|26/100
|-damage|p1a: Tornadus|91/100|[from] item: Life Orb
|move|p2a: Iron Treads|Knock Off|p1a: Tornadus
|-damage|p1a: Tornadus|60/100
|-enditem|p1a: Tornadus|Life Orb|[from] move: Knock Off|[of] p2a: Iron Treads
|
|-heal|p2a: Iron Treads|32/100|[from] item: Leftovers
|upkeep
|turn|2
|
|t:|1760721014
|-end|p2a: Iron Treads|Quark Drive|[silent]
|switch|p2a: Moltres|Moltres|100/100
|move|p1a: Tornadus|Heat Wave|p2a: Moltres
|-resisted|p2a: Moltres
|-damage|p2a: Moltres|90/100
|
|upkeep
|turn|3
|
|t:|1760721036
|switch|p1a: Samurott|Samurott-Hisui, F|100/100
|move|p2a: Moltres|Flamethrower|p1a: Samurott
|-resisted|p1a: Samurott
|-damage|p1a: Samurott|86/100
|
|upkeep
|turn|4
|
|t:|1760721050
|switch|p2a: Rillaboom|Rillaboom, M|100/100
|-fieldstart|move: Grassy Terrain|[from] ability: Grassy Surge|[of] p2a: Rillaboom
|move|p1a: Samurott|Ceaseless Edge|p2a: Rillaboom
|-damage|p2a: Rillaboom|58/100
|-sidestart|p2: Sanesa8724|Spikes
|
|-heal|p1a: Samurott|92/100|[from] Grassy Terrain
|-heal|p2a: Rillaboom|64/100|[from] Grassy Terrain
|upkeep
|turn|5
|
|t:|1760721063
|switch|p1a: Pecharunt|Pecharunt|100/100
|move|p2a: Rillaboom|U-turn|p1a: Pecharunt
|-resisted|p1a: Pecharunt
|-damage|p1a: Pecharunt|97/100
|
|t:|1760721078
|switch|p2a: Iron Treads|Iron Treads|32/100|[from] U-turn
|-damage|p2a: Iron Treads|20/100|[from] Spikes
|
|-heal|p2a: Iron Treads|26/100|[from] Grassy Terrain
|-heal|p2a: Iron Treads|32/100|[from] item: Leftovers
|-heal|p1a: Pecharunt|100/100|[from] Grassy Terrain
|upkeep
|turn|6
|
|t:|1760721094
|switch|p1a: Tornadus|Tornadus-Therian, M|93/100
|move|p2a: Iron Treads|Stealth Rock|p1a: Tornadus
|-sidestart|p1: SunStar090|move: Stealth Rock
|
|-heal|p2a: Iron Treads|39/100|[from] Grassy Terrain
|-heal|p2a: Iron Treads|45/100|[from] item: Leftovers
|upkeep
|turn|7
|
|t:|1760721105
|-end|p2a: Iron Treads|Quark Drive|[silent]
|switch|p2a: Moltres|Moltres|90/100
|move|p1a: Tornadus|Heat Wave|p2a: Moltres
|-resisted|p2a: Moltres
|-damage|p2a: Moltres|80/100
|
|upkeep
|turn|8
|
|t:|1760721112
|move|p1a: Tornadus|Nasty Plot|p1a: Tornadus
|-boost|p1a: Tornadus|spa|2
|move|p2a: Moltres|U-turn|p1a: Tornadus
|-resisted|p1a: Tornadus
|-damage|p1a: Tornadus|83/100
|inactive|Sanesa8724 has 120 seconds left.
|inactive|Sanesa8724 has 90 seconds left.
|inactive|Sanesa8724 has 60 seconds left.
|inactive|Sanesa8724 has 30 seconds left.
|l| isaac_gam3r
|inactive|Sanesa8724 has 20 seconds left.
|inactive|Sanesa8724 has 15 seconds left.
|j| Crogenius2
|
|t:|1760721250
|switch|p2a: Rillaboom|Rillaboom, M|64/100|[from] U-turn
|-damage|p2a: Rillaboom|51/100|[from] Spikes
|
|-heal|p2a: Rillaboom|58/100|[from] Grassy Terrain
|upkeep
|turn|9
|inactive|Sanesa8724 has 25 seconds left this turn.
|
|t:|1760721259
|move|p2a: Rillaboom|Grassy Glide|p1a: Tornadus
|-resisted|p1a: Tornadus
|-damage|p1a: Tornadus|54/100
|move|p1a: Tornadus|Heat Wave|p2a: Rillaboom
|-supereffective|p2a: Rillaboom
|-damage|p2a: Rillaboom|0 fnt
|faint|p2a: Rillaboom
|
|upkeep
|inactive|Sanesa8724 has 30 seconds left this turn.
|
|t:|1760721263
|switch|p2a: Ogerpon|Ogerpon, F|100/100
|-damage|p2a: Ogerpon|88/100|[from] Spikes
|turn|10
|inactive|SunStar090 has 120 seconds left.
|
|t:|1760721303
|switch|p1a: Pecharunt|Pecharunt|100/100
|move|p2a: Ogerpon|Swords Dance|p2a: Ogerpon
|-boost|p2a: Ogerpon|atk|2
|
|-heal|p2a: Ogerpon|94/100|[from] Grassy Terrain
|upkeep
|turn|11
|inactive|SunStar090 has 120 seconds left.
|inactive|Sanesa8724 has 30 seconds left.
|inactive|Sanesa8724 has 20 seconds left.
|
|t:|1760721332
|move|p2a: Ogerpon|Knock Off|p1a: Pecharunt
|-supereffective|p1a: Pecharunt
|-damage|p1a: Pecharunt|25/100
|-enditem|p1a: Pecharunt|Heavy-Duty Boots|[from] move: Knock Off|[of] p2a: Ogerpon
|-damage|p2a: Ogerpon|84/100|[from] item: Life Orb
|move|p1a: Pecharunt|Foul Play|p2a: Ogerpon
|-damage|p2a: Ogerpon|6/100
|
|-heal|p2a: Ogerpon|12/100|[from] Grassy Terrain
|-heal|p1a: Pecharunt|31/100|[from] Grassy Terrain
|-fieldend|move: Grassy Terrain
|upkeep
|turn|12
|inactive|Sanesa8724 has 30 seconds left this turn.
|inactive|Sanesa8724 has 20 seconds left.
|inactive|Sanesa8724 has 15 seconds left.
|
|t:|1760721351
|move|p2a: Ogerpon|Ivy Cudgel|p1a: Pecharunt
|-resisted|p1a: Pecharunt
|-damage|p1a: Pecharunt|0 fnt
|faint|p1a: Pecharunt
|-damage|p2a: Ogerpon|2/100|[from] item: Life Orb
|
|upkeep
|
|t:|1760721361
|switch|p1a: Zamazenta|Zamazenta|100/100
|-damage|p1a: Zamazenta|94/100|[from] Stealth Rock
|-ability|p1a: Zamazenta|Dauntless Shield|boost
|-boost|p1a: Zamazenta|def|1
|turn|13
|inactive|Sanesa8724 has 30 seconds left this turn.
|
|t:|1760721368
|switch|p2a: Moltres|Moltres|80/100
|move|p1a: Zamazenta|Crunch|p2a: Moltres
|-damage|p2a: Moltres|56/100
|-status|p1a: Zamazenta|brn|[from] ability: Flame Body|[of] p2a: Moltres
|
|-damage|p1a: Zamazenta|88/100 brn|[from] brn
|upkeep
|turn|14
|inactive|Sanesa8724 has 30 seconds left.
|
|t:|1760721381
|move|p1a: Zamazenta|Stone Edge|p2a: Moltres
|-supereffective|p2a: Moltres
|-damage|p2a: Moltres|0 fnt
|faint|p2a: Moltres
|
|-damage|p1a: Zamazenta|82/100 brn|[from] brn
|upkeep
|inactive|Sanesa8724 has 30 seconds left this turn.
|
|t:|1760721385
|switch|p2a: Zamazenta|Zamazenta|100/100
|-damage|p2a: Zamazenta|88/100|[from] Spikes
|-ability|p2a: Zamazenta|Dauntless Shield|boost
|-boost|p2a: Zamazenta|def|1
|turn|15
|
|t:|1760721395
|switch|p1a: Clefable|Clefable, F|100/100
|move|p2a: Zamazenta|Iron Defense|p2a: Zamazenta
|-boost|p2a: Zamazenta|def|2
|
|-heal|p2a: Zamazenta|94/100|[from] item: Leftovers
|upkeep
|turn|16
|inactive|SunStar090 has 120 seconds left.
|
|t:|1760721412
|-terastallize|p2a: Zamazenta|Steel
|move|p2a: Zamazenta|Substitute|p2a: Zamazenta
|-start|p2a: Zamazenta|Substitute
|-damage|p2a: Zamazenta|69/100
|move|p1a: Clefable|Moonblast|p2a: Zamazenta
|-resisted|p2a: Zamazenta
|-activate|p2a: Zamazenta|move: Substitute|[damage]
|
|-heal|p2a: Zamazenta|76/100|[from] item: Leftovers
|upkeep
|turn|17
|inactive|Sanesa8724 has 30 seconds left.
|inactive|Sanesa8724 has 20 seconds left.
|
|t:|1760721452
|move|p2a: Zamazenta|Iron Defense|p2a: Zamazenta
|-boost|p2a: Zamazenta|def|2
|move|p1a: Clefable|Flamethrower|p2a: Zamazenta
|-supereffective|p2a: Zamazenta
|-crit|p2a: Zamazenta
|-end|p2a: Zamazenta|Substitute
|
|-heal|p2a: Zamazenta|82/100|[from] item: Leftovers
|upkeep
|turn|18
|inactive|Sanesa8724 has 30 seconds left this turn.
|inactive|Sanesa8724 has 20 seconds left.
|inactive|Sanesa8724 has 15 seconds left.
|
|t:|1760721471
|move|p2a: Zamazenta|Body Press|p1a: Clefable
|-resisted|p1a: Clefable
|-crit|p1a: Clefable
|-damage|p1a: Clefable|27/100
|move|p1a: Clefable|Flamethrower|p2a: Zamazenta
|-supereffective|p2a: Zamazenta
|-damage|p2a: Zamazenta|50/100
|
|-heal|p2a: Zamazenta|57/100|[from] item: Leftovers
|-heal|p1a: Clefable|33/100|[from] item: Leftovers
|upkeep
|turn|19
|inactive|Sanesa8724 has 25 seconds left this turn.
|
|t:|1760721474
|move|p2a: Zamazenta|Body Press|p1a: Clefable
|-resisted|p1a: Clefable
|-crit|p1a: Clefable
|-damage|p1a: Clefable|0 fnt
|faint|p1a: Clefable
|
|-heal|p2a: Zamazenta|63/100|[from] item: Leftovers
|upkeep
|
|t:|1760721486
|switch|p1a: Tornadus|Tornadus-Therian, M|87/100
|-damage|p1a: Tornadus|62/100|[from] Stealth Rock
|turn|20
|
|t:|1760721489
|move|p2a: Zamazenta|Body Press|p1a: Tornadus
|-resisted|p1a: Tornadus
|-damage|p1a: Tornadus|0 fnt
|faint|p1a: Tornadus
|
|-heal|p2a: Zamazenta|69/100|[from] item: Leftovers
|upkeep
|-message|SunStar090 forfeited.
|
|win|Sanesa8724
|raw|SunStar090's rating: 1655 &rarr; <strong>1645</strong><br />(-10 for losing)
|raw|Sanesa8724's rating: 1845 &rarr; <strong>1855</strong><br />(+10 for winning)
|c|☆Sanesa8724|Gg
|l| Crogenius2
|l|☆SunStar090
|player|p1|
|l|☆Sanesa8724
|player|p2|
