|j|☆Krusher Kane
|j|☆HZBKAI7
|t:|1760764719
|gametype|singles
|player|p1|Krusher Kane|101|1181
|player|p2|HZBKAI7|2|1135
|gen|9
|tier|[Gen 9] OU
|rated|
|rule|HP Percentage Mod: HP is shown in percentages
|rule|Endless Battle Clause: Forcing endless battles is banned
|rule|Species Clause: Limit one of each Pokémon
|rule|OHKO Clause: OHKO moves are banned
|rule|Evasion Items Clause: Evasion items are banned
|rule|Evasion Moves Clause: Evasion moves are banned
|rule|Evasion Abilities Clause: Evasion abilities are banned
|rule|Sleep Moves Clause: Sleep-inducing moves are banned
|clearpoke
|poke|p1|Falinks|
|poke|p1|Mimikyu, M|
|poke|p1|Kyurem|
|poke|p1|Metagross|
|poke|p1|Morpeko, M|
|poke|p1|Iron Jugulis|
|poke|p2|Diancie|
|poke|p2|Rillaboom, M|
|poke|p2|Necrozma|
|poke|p2|Corviknight, F|
|poke|p2|Ogerpon-Wellspring, F|
|poke|p2|Iron Hands|
|teampreview
|
|t:|1760764753
|teamsize|p1|6
|teamsize|p2|6
|start
|switch|p1a: Metagross|Metagross, shiny|100/100
|switch|p2a: Ogerpon|Ogerpon-Wellspring, F|100/100
|turn|1
|
|t:|1760764760
|move|p2a: Ogerpon|Knock Off|p1a: Metagross
|-supereffective|p1a: Metagross
|-damage|p1a: Metagross|40/100
|-enditem|p1a: Metagross|Weakness Policy
|-boost|p1a: Metagross|atk|2|[from] item: Weakness Policy
|-boost|p1a: Metagross|spa|2|[from] item: Weakness Policy
|move|p1a: Metagross|Agility|p1a: Metagross
|-boost|p1a: Metagross|spe|2
|
|upkeep
|turn|2
|
|t:|1760764769
|move|p1a: Metagross|Psychic Fangs|p2a: Ogerpon
|-damage|p2a: Ogerpon|0 fnt
|faint|p2a: Ogerpon
|
|upkeep
|
|t:|1760764774
|switch|p2a: Necrozma|Necrozma|100/100
|turn|3
|
|t:|1760764804
|-terastallize|p1a: Metagross|Steel
|-terastallize|p2a: Necrozma|Psychic
|move|p1a: Metagross|Meteor Mash|p2a: Necrozma
|-damage|p2a: Necrozma|0 fnt
|faint|p2a: Necrozma
|
|upkeep
|
|t:|1760764811
|switch|p2a: Iron Hands|Iron Hands|100/100
|-enditem|p2a: Iron Hands|Booster Energy
|-activate|p2a: Iron Hands|ability: Quark Drive|[fromitem]
|-start|p2a: Iron Hands|quarkdriveatk
|turn|4
|
|t:|1760764824
|move|p1a: Metagross|Psychic Fangs|p2a: Iron Hands
|-supereffective|p2a: Iron Hands
|-damage|p2a: Iron Hands|0 fnt
|faint|p2a: Iron Hands
|-end|p2a: Iron Hands|Quark Drive|[silent]
|
|upkeep
|
|t:|1760764825
|switch|p2a: Diancie|Diancie|100/100
|turn|5
|
|t:|1760764833
|move|p1a: Metagross|Meteor Mash|p2a: Diancie
|-supereffective|p2a: Diancie
|-damage|p2a: Diancie|0 fnt
|-damage|p1a: Metagross|23/100|[from] item: Rocky Helmet|[of] p2a: Diancie
|faint|p2a: Diancie
|
|upkeep
|
|t:|1760764833
|switch|p2a: Corviknight|Corviknight, F|100/100
|-ability|p2a: Corviknight|Pressure
|turn|6
|
|t:|1760764848
|move|p1a: Metagross|Meteor Mash|p2a: Corviknight
|-resisted|p2a: Corviknight
|-damage|p2a: Corviknight|61/100
|-damage|p1a: Metagross|7/100|[from] item: Rocky Helmet|[of] p2a: Corviknight
|move|p2a: Corviknight|Brave Bird|p1a: Metagross
|-resisted|p1a: Metagross
|-damage|p1a: Metagross|0 fnt
|faint|p1a: Metagross
|-damage|p2a: Corviknight|60/100|[from] Recoil
|
|upkeep
|
|t:|1760764866
|switch|p1a: Iron Jugulis|Iron Jugulis|100/100
|turn|7
|
|t:|1760764867
|move|p1a: Iron Jugulis|Fire Blast|p2a: Corviknight
|-supereffective|p2a: Corviknight
|-damage|p2a: Corviknight|0 fnt
|faint|p2a: Corviknight
|
|upkeep
|
|t:|1760764867
|switch|p2a: Rillaboom|Rillaboom, M|100/100
|-fieldstart|move: Grassy Terrain|[from] ability: Grassy Surge|[of] p2a: Rillaboom
|turn|8
|
|t:|1760764875
|move|p1a: Iron Jugulis|Fire Blast|p2a: Rillaboom
|-supereffective|p2a: Rillaboom
|-damage|p2a: Rillaboom|0 fnt
|faint|p2a: Rillaboom
|
|win|Krusher Kane
|raw|Krusher Kane's rating: 1181 &rarr; <strong>1203</strong><br />(+22 for winning)
|raw|HZBKAI7's rating: 1135 &rarr; <strong>1113</strong><br />(-22 for losing)
|l|☆HZBKAI7
|player|p2|
|c|☆Krusher Kane|gg
|l|☆Krusher Kane
|player|p1|
