|j|☆kingkong427
|j|☆Spud Webbs
|t:|1760806996
|gametype|singles
|player|p1|kingkong427|ethan|1775
|player|p2|Spud Webbs|2|1773
|gen|9
|tier|[Gen 9] OU
|rated|
|rule|HP Percentage Mod: HP is shown in percentages
|rule|Endless Battle Clause: Forcing endless battles is banned
|rule|Species Clause: Limit one of each Pokémon
|rule|OHKO Clause: OHKO moves are banned
|rule|Evasion Items Clause: Evasion items are banned
|rule|Evasion Moves Clause: Evasion moves are banned
|rule|Evasion Abilities Clause: Evasion abilities are banned
|rule|Sleep Moves Clause: Sleep-inducing moves are banned
|clearpoke
|poke|p1|Ting-Lu|
|poke|p1|Sinistcha|
|poke|p1|Garganacl, M|
|poke|p1|Moltres|
|poke|p1|Okidogi, M|
|poke|p1|Dragonite, M|
|poke|p2|Ceruledge, M|
|poke|p2|Ninetales, M|
|poke|p2|Enamorus, F|
|poke|p2|Raging Bolt|
|poke|p2|Great Tusk|
|poke|p2|Leavanny, M|
|teampreview
|
|t:|1760807014
|teamsize|p1|6
|teamsize|p2|6
|start
|switch|p1a: Okidogi|Okidogi, M|100/100
|switch|p2a: aint no chump|Great Tusk|100/100
|turn|1
|
|t:|1760807028
|-end|p2a: aint no chump|Protosynthesis|[silent]
|switch|p2a: fine tales|Ninetales, M|100/100
|-weather|SunnyDay|[from] ability: Drought|[of] p2a: fine tales
|switch|p1a: Sinistcha|Sinistcha|100/100
|
|-weather|SunnyDay|[upkeep]
|upkeep
|turn|2
|
|t:|1760807036
|switch|p2a: aint no chump|Great Tusk|100/100
|-activate|p2a: aint no chump|ability: Protosynthesis
|-start|p2a: aint no chump|protosynthesisatk
|switch|p1a: Ting-Lu|Ting-Lu|100/100
|-ability|p1a: Ting-Lu|Vessel of Ruin
|
|-weather|SunnyDay|[upkeep]
|upkeep
|turn|3
|
|t:|1760807039
|switch|p1a: Moltres|Moltres|100/100
|move|p2a: aint no chump|Close Combat|p1a: Moltres
|-resisted|p1a: Moltres
|-damage|p1a: Moltres|66/100
|-unboost|p2a: aint no chump|def|1
|-unboost|p2a: aint no chump|spd|1
|-damage|p2a: aint no chump|91/100|[from] item: Life Orb
|
|-weather|SunnyDay|[upkeep]
|upkeep
|turn|4
|
|t:|1760807044
|-end|p2a: aint no chump|Protosynthesis|[silent]
|switch|p2a: try me bish|Ceruledge, M|100/100
|switch|p1a: Ting-Lu|Ting-Lu|100/100
|-ability|p1a: Ting-Lu|Vessel of Ruin
|
|-weather|SunnyDay|[upkeep]
|upkeep
|turn|5
|
|t:|1760807047
|switch|p2a: aint no chump|Great Tusk|91/100
|-activate|p2a: aint no chump|ability: Protosynthesis
|-start|p2a: aint no chump|protosynthesisatk
|move|p1a: Ting-Lu|Whirlwind|p2a: aint no chump
|-end|p2a: aint no chump|Protosynthesis|[silent]
|drag|p2a: I got you fam|Raging Bolt|100/100
|-activate|p2a: I got you fam|ability: Protosynthesis
|-start|p2a: I got you fam|protosynthesisspa
|
|-weather|SunnyDay|[upkeep]
|upkeep
|turn|6
|
|t:|1760807050
|move|p2a: I got you fam|Solar Beam||[still]
|-prepare|p2a: I got you fam|Solar Beam
|-anim|p2a: I got you fam|Solar Beam|p1a: Ting-Lu
|-supereffective|p1a: Ting-Lu
|-damage|p1a: Ting-Lu|32/100
|-damage|p2a: I got you fam|91/100|[from] item: Life Orb
|move|p1a: Ting-Lu|Earthquake|p2a: I got you fam
|-supereffective|p2a: I got you fam
|-damage|p2a: I got you fam|22/100
|
|-weather|SunnyDay|[upkeep]
|-heal|p1a: Ting-Lu|38/100|[from] item: Leftovers
|upkeep
|turn|7
|
|t:|1760807057
|switch|p1a: Dragonite|Dragonite, M|100/100
|move|p2a: I got you fam|Weather Ball|p1a: Dragonite
|-resisted|p1a: Dragonite
|-damage|p1a: Dragonite|78/100
|-damage|p2a: I got you fam|13/100|[from] item: Life Orb
|
|-weather|SunnyDay|[upkeep]
|upkeep
|turn|8
|
|t:|1760807062
|-end|p2a: I got you fam|Protosynthesis|[silent]
|switch|p2a: aint no chump|Great Tusk|91/100
|-activate|p2a: aint no chump|ability: Protosynthesis
|-start|p2a: aint no chump|protosynthesisatk
|switch|p1a: Ting-Lu|Ting-Lu|38/100
|-ability|p1a: Ting-Lu|Vessel of Ruin
|
|-weather|none
|-end|p2a: aint no chump|Protosynthesis
|-heal|p1a: Ting-Lu|45/100|[from] item: Leftovers
|upkeep
|turn|9
|
|t:|1760807065
|-end|p2a: aint no chump|Protosynthesis|[silent]
|switch|p2a: fine tales|Ninetales, M|100/100
|-weather|SunnyDay|[from] ability: Drought|[of] p2a: fine tales
|switch|p1a: Moltres|Moltres|66/100
|
|-weather|SunnyDay|[upkeep]
|upkeep
|turn|10
|j| Disscratch
|
|t:|1760807074
|switch|p2a: try me bish|Ceruledge, M|100/100
|move|p1a: Moltres|Roost|p1a: Moltres
|-heal|p1a: Moltres|100/100
|-singleturn|p1a: Moltres|move: Roost
|
|-weather|SunnyDay|[upkeep]
|upkeep
|turn|11
|
|t:|1760807076
|move|p2a: try me bish|Swords Dance|p2a: try me bish
|-boost|p2a: try me bish|atk|2
|move|p1a: Moltres|Roar|p2a: try me bish
|drag|p2a: LEAVanny! Get it?|Leavanny, M|100/100
|
|-weather|SunnyDay|[upkeep]
|upkeep
|turn|12
|j| plaketdefrein
|
|t:|1760807081
|move|p2a: LEAVanny! Get it?|Sticky Web|p1a: Moltres
|-sidestart|p1: kingkong427|move: Sticky Web
|move|p1a: Moltres|Flamethrower|p2a: LEAVanny! Get it?
|-supereffective|p2a: LEAVanny! Get it?
|-damage|p2a: LEAVanny! Get it?|0 fnt
|faint|p2a: LEAVanny! Get it?
|
|-weather|SunnyDay|[upkeep]
|upkeep
|
|t:|1760807085
|switch|p2a: I got you fam|Raging Bolt|13/100
|-activate|p2a: I got you fam|ability: Protosynthesis
|-start|p2a: I got you fam|protosynthesisspa
|turn|13
|j| Terry B bestdlc
|
|t:|1760807093
|switch|p1a: Ting-Lu|Ting-Lu|45/100
|-activate|p1a: Ting-Lu|move: Sticky Web
|-unboost|p1a: Ting-Lu|spe|1
|-ability|p1a: Ting-Lu|Vessel of Ruin
|move|p2a: I got you fam|Thunderbolt|p1a: Ting-Lu
|-immune|p1a: Ting-Lu
|
|-weather|SunnyDay|[upkeep]
|-heal|p1a: Ting-Lu|51/100|[from] item: Leftovers
|upkeep
|turn|14
|
|t:|1760807099
|move|p2a: I got you fam|Solar Beam||[still]
|-prepare|p2a: I got you fam|Solar Beam
|-anim|p2a: I got you fam|Solar Beam|p1a: Ting-Lu
|-supereffective|p1a: Ting-Lu
|-damage|p1a: Ting-Lu|0 fnt
|faint|p1a: Ting-Lu
|-damage|p2a: I got you fam|3/100|[from] item: Life Orb
|
|-weather|SunnyDay|[upkeep]
|upkeep
|
|t:|1760807101
|switch|p1a: Dragonite|Dragonite, M|78/100
|turn|15
|
|t:|1760807103
|-end|p2a: I got you fam|Protosynthesis|[silent]
|switch|p2a: aint no chump|Great Tusk|91/100
|-activate|p2a: aint no chump|ability: Protosynthesis
|-start|p2a: aint no chump|protosynthesisatk
|move|p1a: Dragonite|Extreme Speed|p2a: aint no chump
|-damage|p2a: aint no chump|66/100
|
|-weather|SunnyDay|[upkeep]
|upkeep
|turn|16
|
|t:|1760807111
|move|p2a: aint no chump|Ice Spinner|p1a: Dragonite
|-supereffective|p1a: Dragonite
|-damage|p1a: Dragonite|0 fnt
|faint|p1a: Dragonite
|-damage|p2a: aint no chump|56/100|[from] item: Life Orb
|
|-weather|none
|-end|p2a: aint no chump|Protosynthesis
|upkeep
|
|t:|1760807113
|switch|p1a: Garganacl|Garganacl, M|100/100
|-activate|p1a: Garganacl|move: Sticky Web
|-unboost|p1a: Garganacl|spe|1
|turn|17
|j| St.Peewee
|
|t:|1760807116
|-end|p2a: aint no chump|Protosynthesis|[silent]
|switch|p2a: fine tales|Ninetales, M|100/100
|-weather|SunnyDay|[from] ability: Drought|[of] p2a: fine tales
|-terastallize|p1a: Garganacl|Water
|move|p1a: Garganacl|Stealth Rock|p2a: fine tales
|-sidestart|p2: Spud Webbs|move: Stealth Rock
|
|-weather|SunnyDay|[upkeep]
|upkeep
|turn|18
|
|t:|1760807121
|switch|p1a: Okidogi|Okidogi, M|100/100
|-activate|p1a: Okidogi|move: Sticky Web
|-unboost|p1a: Okidogi|spe|1
|move|p2a: fine tales|Healing Wish|p2a: fine tales
|faint|p2a: fine tales
|
|-weather|SunnyDay|[upkeep]
|upkeep
|
|t:|1760807123
|switch|p2a: I got you fam|Raging Bolt|3/100
|-heal|p2a: I got you fam|100/100|[from] move: Healing Wish
|-damage|p2a: I got you fam|88/100|[from] Stealth Rock
|-activate|p2a: I got you fam|ability: Protosynthesis
|-start|p2a: I got you fam|protosynthesisspa
|turn|19
|
|t:|1760807126
|move|p2a: I got you fam|Thunderbolt|p1a: Okidogi
|-damage|p1a: Okidogi|29/100
|-damage|p2a: I got you fam|78/100|[from] item: Life Orb
|move|p1a: Okidogi|Poison Jab|p2a: I got you fam
|-damage|p2a: I got you fam|46/100
|
|-weather|SunnyDay|[upkeep]
|-heal|p1a: Okidogi|35/100|[from] item: Leftovers
|upkeep
|turn|20
|
|t:|1760807137
|move|p2a: I got you fam|Thunderbolt|p1a: Okidogi
|-damage|p1a: Okidogi|0 fnt
|faint|p1a: Okidogi
|-damage|p2a: I got you fam|36/100|[from] item: Life Orb
|
|-weather|SunnyDay|[upkeep]
|upkeep
|-message|kingkong427 forfeited.
|
|win|Spud Webbs
|raw|kingkong427's rating: 1775 &rarr; <strong>1755</strong><br />(-20 for losing)
|raw|Spud Webbs's rating: 1773 &rarr; <strong>1793</strong><br />(+20 for winning)
|l|☆kingkong427
|player|p1|
|l|☆Spud Webbs
|player|p2|
|l| Terry B bestdlc
|l| St.Peewee
|l| Disscratch
|l| plaketdefrein
