|j|☆LLBattler
|j|☆Brodie9069
|t:|1760794606
|gametype|singles
|player|p1|LLBattler|2|1087
|player|p2|Brodie9069|pokemonbreeder-gen4|1099
|gen|9
|tier|[Gen 9] OU
|rated|
|rule|HP Percentage Mod: HP is shown in percentages
|rule|Endless Battle Clause: Forcing endless battles is banned
|rule|Species Clause: Limit one of each Pokémon
|rule|OHKO Clause: OHKO moves are banned
|rule|Evasion Items Clause: Evasion items are banned
|rule|Evasion Moves Clause: Evasion moves are banned
|rule|Evasion Abilities Clause: Evasion abilities are banned
|rule|Sleep Moves Clause: Sleep-inducing moves are banned
|clearpoke
|poke|p1|Landorus-Therian, M|
|poke|p1|Samurott-Hisui, M|
|poke|p1|Pecharunt|
|poke|p1|Scizor, F|
|poke|p1|Latios, M|
|poke|p1|Zamazenta-*|
|poke|p2|Ninetales-Alola, M|
|poke|p2|Froslass, F|
|poke|p2|Mamoswine, F|
|poke|p2|Sandslash-Alola, F|
|poke|p2|Cetitan, F|
|poke|p2|Rotom-Frost|
|teampreview
|c|☆LLBattler|ice gym?
|inactive|Battle timer is ON: inactive players will automatically lose when time's up. (requested by LLBattler)
|
|t:|1760794626
|teamsize|p1|6
|teamsize|p2|6
|start
|switch|p1a: Samurott|Samurott-Hisui, M|100/100
|switch|p2a: Naruto-Arctic|Ninetales-Alola, M|100/100
|-weather|Snowscape|[from] ability: Snow Warning|[of] p2a: Naruto-Arctic
|turn|1
|c|☆Brodie9069|Would be fun to think about my team like that
|
|t:|1760794638
|move|p2a: Naruto-Arctic|Aurora Veil|p2a: Naruto-Arctic
|-sidestart|p2: Brodie9069|move: Aurora Veil
|move|p1a: Samurott|Ceaseless Edge|p2a: Naruto-Arctic
|-resisted|p2a: Naruto-Arctic
|-damage|p2a: Naruto-Arctic|90/100
|-sidestart|p2: Brodie9069|Spikes
|
|-weather|Snowscape|[upkeep]
|upkeep
|turn|2
|
|t:|1760794646
|move|p2a: Naruto-Arctic|Moonblast|p1a: Samurott
|-supereffective|p1a: Samurott
|-damage|p1a: Samurott|45/100
|-unboost|p1a: Samurott|spa|1
|move|p1a: Samurott|Ceaseless Edge|p2a: Naruto-Arctic
|-resisted|p2a: Naruto-Arctic
|-damage|p2a: Naruto-Arctic|80/100
|-sidestart|p2: Brodie9069|Spikes
|
|-weather|Snowscape|[upkeep]
|upkeep
|turn|3
|
|t:|1760794662
|switch|p1a: Pecharunt|Pecharunt|100/100
|move|p2a: Naruto-Arctic|Moonblast|p1a: Pecharunt
|-resisted|p1a: Pecharunt
|-damage|p1a: Pecharunt|86/100
|
|-weather|Snowscape|[upkeep]
|upkeep
|turn|4
|
|t:|1760794672
|switch|p2a: Backrolls|Sandslash-Alola, F|100/100
|-damage|p2a: Backrolls|84/100|[from] Spikes
|move|p1a: Pecharunt|Shadow Ball|p2a: Backrolls
|-damage|p2a: Backrolls|63/100
|
|-weather|Snowscape|[upkeep]
|upkeep
|turn|5
|
|t:|1760794683
|move|p2a: Backrolls|Earthquake|p1a: Pecharunt
|-supereffective|p1a: Pecharunt
|-damage|p1a: Pecharunt|38/100
|-damage|p2a: Backrolls|53/100|[from] item: Life Orb
|move|p1a: Pecharunt|Malignant Chain|p2a: Backrolls
|-immune|p2a: Backrolls
|
|-weather|none
|upkeep
|turn|6
|
|t:|1760794696
|switch|p1a: Landorus|Landorus-Therian, M|100/100
|-ability|p1a: Landorus|Intimidate|boost
|-unboost|p2a: Backrolls|atk|1
|move|p2a: Backrolls|Earthquake|p1a: Landorus
|-immune|p1a: Landorus
|
|upkeep
|turn|7
|
|t:|1760794706
|switch|p2a: Naruto-Arctic|Ninetales-Alola, M|80/100
|-damage|p2a: Naruto-Arctic|64/100|[from] Spikes
|-weather|Snowscape|[from] ability: Snow Warning|[of] p2a: Naruto-Arctic
|move|p1a: Landorus|Earthquake|p2a: Naruto-Arctic
|-damage|p2a: Naruto-Arctic|44/100
|
|-weather|Snowscape|[upkeep]
|upkeep
|turn|8
|inactive|LLBattler has 120 seconds left.
|
|t:|1760794739
|move|p2a: Naruto-Arctic|Freeze-Dry|p1a: Landorus
|-supereffective|p1a: Landorus
|-damage|p1a: Landorus|11/100
|move|p1a: Landorus|Earthquake|p2a: Naruto-Arctic
|-damage|p2a: Naruto-Arctic|24/100
|
|-weather|Snowscape|[upkeep]
|-sideend|p2: Brodie9069|move: Aurora Veil
|upkeep
|turn|9
|inactive|LLBattler has 120 seconds left.
|
|t:|1760794751
|switch|p1a: Scizor|Scizor, F|100/100
|move|p2a: Naruto-Arctic|Aurora Veil|p2a: Naruto-Arctic
|-sidestart|p2: Brodie9069|move: Aurora Veil
|
|-weather|Snowscape|[upkeep]
|upkeep
|turn|10
|
|t:|1760794756
|move|p1a: Scizor|Bullet Punch|p2a: Naruto-Arctic
|-supereffective|p2a: Naruto-Arctic
|-damage|p2a: Naruto-Arctic|0 fnt
|faint|p2a: Naruto-Arctic
|
|-weather|Snowscape|[upkeep]
|upkeep
|
|t:|1760794759
|switch|p2a: Backrolls|Sandslash-Alola, F|53/100
|-damage|p2a: Backrolls|37/100|[from] Spikes
|turn|11
|
|t:|1760794774
|-terastallize|p1a: Scizor|Electric
|move|p2a: Backrolls|Rapid Spin|p1a: Scizor
|-damage|p1a: Scizor|74/100
|-boost|p2a: Backrolls|spe|1
|-sideend|p2: Brodie9069|Spikes|[from] move: Rapid Spin|[of] p2a: Backrolls
|-damage|p2a: Backrolls|27/100|[from] item: Life Orb
|move|p1a: Scizor|Knock Off|p2a: Backrolls
|-damage|p2a: Backrolls|16/100
|-enditem|p2a: Backrolls|Life Orb|[from] move: Knock Off|[of] p1a: Scizor
|
|-weather|none
|upkeep
|turn|12
|
|t:|1760794785
|move|p1a: Scizor|Bullet Punch|p2a: Backrolls
|-damage|p2a: Backrolls|0 fnt
|faint|p2a: Backrolls
|
|upkeep
|
|t:|1760794789
|switch|p2a: JoeMama|Mamoswine, F|100/100
|turn|13
|
|t:|1760794804
|move|p2a: JoeMama|Trailblaze|p1a: Scizor
|-damage|p1a: Scizor|53/100
|-boost|p2a: JoeMama|spe|1
|move|p1a: Scizor|Swords Dance|p1a: Scizor
|-boost|p1a: Scizor|atk|2
|
|upkeep
|turn|14
|
|t:|1760794817
|move|p2a: JoeMama|Earthquake|p1a: Scizor
|-supereffective|p1a: Scizor
|-damage|p1a: Scizor|0 fnt
|faint|p1a: Scizor
|
|upkeep
|
|t:|1760794825
|switch|p1a: Samurott|Samurott-Hisui, M|45/100
|turn|15
|
|t:|1760794832
|move|p1a: Samurott|Aqua Jet|p2a: JoeMama
|-supereffective|p2a: JoeMama
|-damage|p2a: JoeMama|78/100
|-enditem|p2a: JoeMama|Weakness Policy
|-boost|p2a: JoeMama|atk|2|[from] item: Weakness Policy
|-boost|p2a: JoeMama|spa|2|[from] item: Weakness Policy
|move|p2a: JoeMama|Earthquake|p1a: Samurott
|-damage|p1a: Samurott|0 fnt
|faint|p1a: Samurott
|
|upkeep
|
|t:|1760794841
|switch|p1a: Pecharunt|Pecharunt|38/100
|turn|16
|
|t:|1760794847
|move|p2a: JoeMama|Earthquake|p1a: Pecharunt
|-supereffective|p1a: Pecharunt
|-crit|p1a: Pecharunt
|-damage|p1a: Pecharunt|0 fnt
|faint|p1a: Pecharunt
|
|-sideend|p2: Brodie9069|move: Aurora Veil
|upkeep
|
|t:|1760794854
|switch|p1a: Zamazenta|Zamazenta|100/100
|-ability|p1a: Zamazenta|Dauntless Shield|boost
|-boost|p1a: Zamazenta|def|1
|turn|17
|
|t:|1760794861
|-terastallize|p2a: JoeMama|Electric
|move|p2a: JoeMama|Earthquake|p1a: Zamazenta
|-damage|p1a: Zamazenta|53/100
|move|p1a: Zamazenta|Roar|p2a: JoeMama
|drag|p2a: BigFreeza|Rotom-Frost|100/100
|
|-heal|p1a: Zamazenta|59/100|[from] item: Leftovers
|upkeep
|turn|18
|
|t:|1760794872
|move|p1a: Zamazenta|Crunch|p2a: BigFreeza
|-damage|p2a: BigFreeza|77/100
|move|p2a: BigFreeza|Will-O-Wisp|p1a: Zamazenta|[miss]
|-miss|p2a: BigFreeza|p1a: Zamazenta
|
|-heal|p1a: Zamazenta|65/100|[from] item: Leftovers
|upkeep
|turn|19
|
|t:|1760794882
|switch|p1a: Latios|Latios, M|100/100
|move|p2a: BigFreeza|Will-O-Wisp|p1a: Latios|[miss]
|-miss|p2a: BigFreeza|p1a: Latios
|
|upkeep
|turn|20
|
|t:|1760794888
|move|p1a: Latios|Draco Meteor|p2a: BigFreeza
|-damage|p2a: BigFreeza|0 fnt
|-unboost|p1a: Latios|spa|2
|faint|p2a: BigFreeza
|
|upkeep
|
|t:|1760794898
|switch|p2a: Shy Smoulder|Froslass, F|100/100
|turn|21
|
|t:|1760794904
|move|p2a: Shy Smoulder|Thunder Wave|p1a: Latios
|-status|p1a: Latios|par
|move|p1a: Latios|Calm Mind|p1a: Latios
|-boost|p1a: Latios|spa|1
|-boost|p1a: Latios|spd|1
|
|upkeep
|turn|22
|
|t:|1760794916
|move|p2a: Shy Smoulder|Icy Wind|p1a: Latios
|-supereffective|p1a: Latios
|-damage|p1a: Latios|77/100 par
|-unboost|p1a: Latios|spe|1
|move|p1a: Latios|Draco Meteor|p2a: Shy Smoulder
|-damage|p2a: Shy Smoulder|27/100
|-unboost|p1a: Latios|spa|2
|
|upkeep
|turn|23
|
|t:|1760794928
|move|p2a: Shy Smoulder|Snowscape|p2a: Shy Smoulder
|-weather|Snowscape
|move|p1a: Latios|Draco Meteor|p2a: Shy Smoulder
|-damage|p2a: Shy Smoulder|0 fnt
|-unboost|p1a: Latios|spa|2
|faint|p2a: Shy Smoulder
|
|-weather|Snowscape|[upkeep]
|upkeep
|
|t:|1760794932
|switch|p2a: JoeMama|Mamoswine, F, tera:Electric|78/100
|turn|24
|
|t:|1760794939
|switch|p1a: Landorus|Landorus-Therian, M|11/100
|-ability|p1a: Landorus|Intimidate|boost
|-unboost|p2a: JoeMama|atk|1
|move|p2a: JoeMama|Icicle Crash|p1a: Landorus
|-supereffective|p1a: Landorus
|-damage|p1a: Landorus|0 fnt
|faint|p1a: Landorus
|
|-weather|Snowscape|[upkeep]
|upkeep
|
|t:|1760794948
|switch|p1a: Latios|Latios, M|77/100 par
|turn|25
|
|t:|1760794954
|move|p2a: JoeMama|Icicle Crash|p1a: Latios
|-supereffective|p1a: Latios
|-damage|p1a: Latios|0 fnt
|faint|p1a: Latios
|
|-weather|Snowscape|[upkeep]
|upkeep
|
|t:|1760794960
|switch|p1a: Zamazenta|Zamazenta|65/100
|turn|26
|
|t:|1760794966
|move|p1a: Zamazenta|Body Press|p2a: JoeMama
|-damage|p2a: JoeMama|36/100
|move|p2a: JoeMama|Earthquake|p1a: Zamazenta
|-damage|p1a: Zamazenta|38/100
|
|-weather|Snowscape|[upkeep]
|-heal|p1a: Zamazenta|44/100|[from] item: Leftovers
|upkeep
|turn|27
|
|t:|1760794974
|move|p1a: Zamazenta|Body Press|p2a: JoeMama
|-damage|p2a: JoeMama|0 fnt
|faint|p2a: JoeMama
|
|-weather|Snowscape|[upkeep]
|-heal|p1a: Zamazenta|50/100|[from] item: Leftovers
|upkeep
|
|t:|1760794977
|switch|p2a: ThaisKarla|Cetitan, F|100/100
|turn|28
|
|t:|1760794981
|move|p1a: Zamazenta|Body Press|p2a: ThaisKarla
|-supereffective|p2a: ThaisKarla
|-damage|p2a: ThaisKarla|54/100
|move|p2a: ThaisKarla|Curse|p2a: ThaisKarla
|-unboost|p2a: ThaisKarla|spe|1
|-boost|p2a: ThaisKarla|atk|1
|-boost|p2a: ThaisKarla|def|1
|
|-weather|Snowscape|[upkeep]
|-heal|p1a: Zamazenta|56/100|[from] item: Leftovers
|upkeep
|turn|29
|
|t:|1760794994
|move|p1a: Zamazenta|Body Press|p2a: ThaisKarla
|-supereffective|p2a: ThaisKarla
|-damage|p2a: ThaisKarla|22/100
|move|p2a: ThaisKarla|Rest|p2a: ThaisKarla
|-status|p2a: ThaisKarla|slp|[from] move: Rest
|-heal|p2a: ThaisKarla|100/100 slp|[silent]
|
|-weather|Snowscape|[upkeep]
|-heal|p1a: Zamazenta|62/100|[from] item: Leftovers
|upkeep
|turn|30
|
|t:|1760795003
|move|p1a: Zamazenta|Iron Defense|p1a: Zamazenta
|-boost|p1a: Zamazenta|def|2
|cant|p2a: ThaisKarla|slp
|move|p2a: ThaisKarla|Sleep Talk|p2a: ThaisKarla
|move|p2a: ThaisKarla|Rest||[from] move: Sleep Talk|[still]
|-fail|p2a: ThaisKarla
|
|-weather|none
|-heal|p1a: Zamazenta|68/100|[from] item: Leftovers
|upkeep
|turn|31
|
|t:|1760795011
|move|p1a: Zamazenta|Iron Defense|p1a: Zamazenta
|-boost|p1a: Zamazenta|def|2
|cant|p2a: ThaisKarla|slp
|move|p2a: ThaisKarla|Sleep Talk|p2a: ThaisKarla
|move|p2a: ThaisKarla|Avalanche|p1a: Zamazenta|[from] move: Sleep Talk
|-damage|p1a: Zamazenta|60/100
|
|-heal|p1a: Zamazenta|66/100|[from] item: Leftovers
|upkeep
|turn|32
|
|t:|1760795021
|move|p1a: Zamazenta|Iron Defense|p1a: Zamazenta
|-boost|p1a: Zamazenta|def|2
|-curestatus|p2a: ThaisKarla|slp|[msg]
|move|p2a: ThaisKarla|Avalanche|p1a: Zamazenta
|-damage|p1a: Zamazenta|59/100
|
|-heal|p1a: Zamazenta|65/100|[from] item: Leftovers
|upkeep
|turn|33
|
|t:|1760795029
|move|p1a: Zamazenta|Body Press|p2a: ThaisKarla
|-supereffective|p2a: ThaisKarla
|-damage|p2a: ThaisKarla|0 fnt
|faint|p2a: ThaisKarla
|
|win|LLBattler
|raw|LLBattler's rating: 1087 &rarr; <strong>1115</strong><br />(+28 for winning)
|raw|Brodie9069's rating: 1099 &rarr; <strong>1073</strong><br />(-26 for losing)
|l|☆Brodie9069
|player|p2|
|c|☆LLBattler|gg
