|j|☆alessio06xy
|j|☆Poyiski
|t:|1760869595
|gametype|singles
|player|p1|alessio06xy|lucas|1120
|player|p2|Poyiski|veteran|1179
|gen|9
|tier|[Gen 9] OU
|rated|
|rule|HP Percentage Mod: HP is shown in percentages
|rule|Endless Battle Clause: Forcing endless battles is banned
|rule|Species Clause: Limit one of each Pokémon
|rule|OHKO Clause: OHKO moves are banned
|rule|Evasion Items Clause: Evasion items are banned
|rule|Evasion Moves Clause: Evasion moves are banned
|rule|Evasion Abilities Clause: Evasion abilities are banned
|rule|Sleep Moves Clause: Sleep-inducing moves are banned
|clearpoke
|poke|p1|Cloyster, M|
|poke|p1|Scizor, M|
|poke|p1|Arcanine, F|
|poke|p1|Garchomp, M|
|poke|p1|Zoroark-Hisui, F|
|poke|p1|Iron Valiant|
|poke|p2|Glimmora, F|
|poke|p2|Ogerpon-Wellspring, F|
|poke|p2|Hatterene, F|
|poke|p2|Iron Moth|
|poke|p2|Dragonite, F|
|poke|p2|Kingambit, F|
|teampreview
|inactive|Battle timer is ON: inactive players will automatically lose when time's up. (requested by alessio06xy)
|
|t:|1760869604
|teamsize|p1|6
|teamsize|p2|6
|start
|switch|p1a: Cloyster|Cloyster, M|100/100
|switch|p2a: G|Glimmora, F|100/100
|turn|1
|
|t:|1760869611
|move|p2a: G|Stealth Rock|p1a: Cloyster
|-sidestart|p1: alessio06xy|move: Stealth Rock
|move|p1a: Cloyster|Shell Smash|p1a: Cloyster
|-unboost|p1a: Cloyster|def|1
|-unboost|p1a: Cloyster|spd|1
|-boost|p1a: Cloyster|atk|2
|-boost|p1a: Cloyster|spa|2
|-boost|p1a: Cloyster|spe|2
|
|upkeep
|turn|2
|
|t:|1760869620
|move|p1a: Cloyster|Shell Smash|p1a: Cloyster
|-unboost|p1a: Cloyster|def|1
|-unboost|p1a: Cloyster|spd|1
|-boost|p1a: Cloyster|atk|2
|-boost|p1a: Cloyster|spa|2
|-boost|p1a: Cloyster|spe|2
|move|p2a: G|Energy Ball|p1a: Cloyster
|-supereffective|p1a: Cloyster
|-enditem|p1a: Cloyster|Focus Sash
|-damage|p1a: Cloyster|1/100
|-unboost|p1a: Cloyster|spd|1
|
|upkeep
|turn|3
|
|t:|1760869631
|move|p1a: Cloyster|Icicle Spear|p2a: G
|-crit|p2a: G
|-damage|p2a: G|40/100
|-activate|p2a: G|ability: Toxic Debris
|-sidestart|p1: alessio06xy|move: Toxic Spikes
|-damage|p2a: G|0 fnt
|-activate|p2a: G|ability: Toxic Debris
|-sidestart|p1: alessio06xy|move: Toxic Spikes
|faint|p2a: G
|-hitcount|p2: G|2
|
|upkeep
|
|t:|1760869642
|switch|p2a: O|Ogerpon-Wellspring, F|100/100
|turn|4
|
|t:|1760869649
|move|p1a: Cloyster|Icicle Spear|p2a: O
|-damage|p2a: O|59/100
|-damage|p2a: O|17/100
|-damage|p2a: O|0 fnt
|faint|p2a: O
|-hitcount|p2: O|3
|
|upkeep
|
|t:|1760869664
|switch|p2a: H|Hatterene, F|100/100
|turn|5
|
|t:|1760869669
|move|p1a: Cloyster|Icicle Spear|p2a: H
|-damage|p2a: H|72/100
|-crit|p2a: H
|-damage|p2a: H|31/100
|-damage|p2a: H|0 fnt
|faint|p2a: H
|-hitcount|p2: H|3
|
|upkeep
|
|t:|1760869678
|switch|p2a: I|Iron Moth|100/100
|-enditem|p2a: I|Booster Energy
|-activate|p2a: I|ability: Quark Drive|[fromitem]
|-start|p2a: I|quarkdrivespe
|turn|6
|
|t:|1760869686
|move|p1a: Cloyster|Icicle Spear|p2a: I
|-resisted|p2a: I
|-damage|p2a: I|78/100
|-resisted|p2a: I
|-damage|p2a: I|51/100
|-resisted|p2a: I
|-damage|p2a: I|25/100
|-resisted|p2a: I
|-damage|p2a: I|2/100
|-resisted|p2a: I
|-damage|p2a: I|0 fnt
|faint|p2a: I
|-end|p2a: I|Quark Drive|[silent]
|-hitcount|p2: I|5
|
|upkeep
|
|t:|1760869697
|switch|p2a: K|Kingambit, F|100/100
|-activate|p2a: K|ability: Supreme Overlord
|-start|p2a: K|fallen4|[silent]
|turn|7
|
|t:|1760869703
|move|p2a: K|Sucker Punch|p1a: Cloyster
|-damage|p1a: Cloyster|0 fnt
|faint|p1a: Cloyster
|
|upkeep
|
|t:|1760869709
|switch|p1a: Arcanine|Arcanine, F|100/100
|-damage|p1a: Arcanine|76/100|[from] Stealth Rock
|-status|p1a: Arcanine|tox
|-ability|p1a: Arcanine|Intimidate|boost
|-unboost|p2a: K|atk|1
|turn|8
|
|t:|1760869719
|-terastallize|p2a: K|Fire
|move|p1a: Arcanine|Flare Blitz|p2a: K
|-resisted|p2a: K
|-damage|p2a: K|77/100
|-damage|p1a: Arcanine|68/100 tox|[from] Recoil
|move|p2a: K|Kowtow Cleave|p1a: Arcanine
|-damage|p1a: Arcanine|2/100 tox
|
|-damage|p1a: Arcanine|0 fnt|[from] psn
|faint|p1a: Arcanine
|upkeep
|
|t:|1760869733
|switch|p1a: Garchomp|Garchomp, M|100/100
|-damage|p1a: Garchomp|95/100|[from] Stealth Rock
|-status|p1a: Garchomp|tox
|turn|9
|
|t:|1760869740
|-end|p2a: K|fallen4|[silent]
|switch|p2a: D|Dragonite, F|100/100
|-terastallize|p1a: Garchomp|Water
|move|p1a: Garchomp|Liquidation|p2a: D
|-resisted|p2a: D
|-damage|p2a: D|88/100
|
|-damage|p1a: Garchomp|89/100 tox|[from] psn
|upkeep
|turn|10
|
|t:|1760869760
|move|p1a: Garchomp|Dragon Claw|p2a: D
|-supereffective|p2a: D
|-damage|p2a: D|2/100
|move|p2a: D|Dragon Dance|p2a: D
|-boost|p2a: D|atk|1
|-boost|p2a: D|spe|1
|
|-damage|p1a: Garchomp|77/100 tox|[from] psn
|upkeep
|turn|11
|
|t:|1760869769
|move|p2a: D|Ice Spinner|p1a: Garchomp
|-resisted|p1a: Garchomp
|-damage|p1a: Garchomp|53/100 tox
|-damage|p2a: D|0 fnt|[from] ability: Rough Skin|[of] p1a: Garchomp
|faint|p2a: D
|move|p1a: Garchomp|Dragon Claw|p2: D|[notarget]
|-fail|p1a: Garchomp
|
|-damage|p1a: Garchomp|35/100 tox|[from] psn
|upkeep
|
|t:|1760869779
|switch|p2a: K|Kingambit, F, tera:Fire|77/100
|-activate|p2a: K|ability: Supreme Overlord
|-start|p2a: K|fallen5|[silent]
|turn|12
|
|t:|1760869787
|move|p2a: K|Sucker Punch|p1a: Garchomp
|-damage|p1a: Garchomp|0 fnt
|-damage|p2a: K|65/100|[from] ability: Rough Skin|[of] p1a: Garchomp
|faint|p1a: Garchomp
|
|upkeep
|
|t:|1760869794
|switch|p1a: Iron Valiant|Iron Valiant|100/100
|-damage|p1a: Iron Valiant|88/100|[from] Stealth Rock
|-status|p1a: Iron Valiant|tox
|turn|13
|
|t:|1760869806
|move|p2a: K|Sucker Punch|p1a: Iron Valiant
|-supereffective|p1a: Iron Valiant
|-damage|p1a: Iron Valiant|0 fnt
|replace|p1a: Zoroark|Zoroark-Hisui, F
|-end|p1a: Zoroark|Illusion
|faint|p1a: Zoroark
|
|upkeep
|
|t:|1760869814
|switch|p1a: Iron Valiant|Iron Valiant|100/100
|-damage|p1a: Iron Valiant|94/100|[from] Stealth Rock
|-status|p1a: Iron Valiant|tox
|-enditem|p1a: Iron Valiant|Booster Energy
|-activate|p1a: Iron Valiant|ability: Quark Drive|[fromitem]
|-start|p1a: Iron Valiant|quarkdrivespe
|turn|14
|
|t:|1760869821
|move|p2a: K|Sucker Punch||[still]
|-fail|p2a: K
|move|p1a: Iron Valiant|Swords Dance|p1a: Iron Valiant
|-boost|p1a: Iron Valiant|atk|2
|
|-damage|p1a: Iron Valiant|88/100 tox|[from] psn
|upkeep
|turn|15
|
|t:|1760869830
|move|p2a: K|Sucker Punch|p1a: Iron Valiant
|-resisted|p1a: Iron Valiant
|-damage|p1a: Iron Valiant|63/100 tox
|move|p1a: Iron Valiant|Drain Punch|p2a: K
|-damage|p2a: K|2/100
|-heal|p1a: Iron Valiant|99/100 tox|[from] drain|[of] p2a: K
|
|-damage|p1a: Iron Valiant|88/100 tox|[from] psn
|upkeep
|turn|16
|
|t:|1760869840
|move|p1a: Iron Valiant|Drain Punch|p2a: K
|-damage|p2a: K|0 fnt
|-heal|p1a: Iron Valiant|89/100 tox|[from] drain|[of] p2a: K
|faint|p2a: K
|-end|p2a: K|fallen5|[silent]
|
|win|alessio06xy
|raw|alessio06xy's rating: 1120 &rarr; <strong>1149</strong><br />(+29 for winning)
|raw|Poyiski's rating: 1179 &rarr; <strong>1150</strong><br />(-29 for losing)
|c|☆alessio06xy|gg
|l|☆alessio06xy
|player|p1|
|l|☆Poyiski
|player|p2|
