|j|☆Ghettocatfish
|j|☆crockcorak
|t:|1760749224
|gametype|singles
|player|p1|Ghettocatfish|1|1501
|player|p2|crockcorak|2|1491
|gen|9
|tier|[Gen 9] OU
|rated|
|rule|HP Percentage Mod: HP is shown in percentages
|rule|Endless Battle Clause: Forcing endless battles is banned
|rule|Species Clause: Limit one of each Pokémon
|rule|OHKO Clause: OHKO moves are banned
|rule|Evasion Items Clause: Evasion items are banned
|rule|Evasion Moves Clause: Evasion moves are banned
|rule|Evasion Abilities Clause: Evasion abilities are banned
|rule|Sleep Moves Clause: Sleep-inducing moves are banned
|clearpoke
|poke|p1|Enamorus, F|
|poke|p1|Pecharunt|
|poke|p1|Ting-Lu|
|poke|p1|Ogerpon-Wellspring, F|
|poke|p1|Conkeldurr, F|
|poke|p1|Latios, M|
|poke|p2|Blaziken, M|
|poke|p2|Gliscor, F|
|poke|p2|Sinistcha-Masterpiece|
|poke|p2|Kingambit, F|
|poke|p2|Dragapult, F|
|poke|p2|Primarina, M|
|teampreview
|inactive|Battle timer is ON: inactive players will automatically lose when time's up. (requested by Ghettocatfish)
|
|t:|1760749235
|teamsize|p1|6
|teamsize|p2|6
|start
|switch|p1a: Conkeldurr|Conkeldurr, F|100/100
|switch|p2a: Primarina|Primarina, M|100/100
|turn|1
|
|t:|1760749245
|switch|p1a: Ogerpon|Ogerpon-Wellspring, F|100/100
|move|p2a: Primarina|Draining Kiss|p1a: Ogerpon
|-damage|p1a: Ogerpon|65/100
|
|upkeep
|turn|2
|
|t:|1760749257
|switch|p2a: Sinistcha|Sinistcha-Masterpiece|100/100
|move|p1a: Ogerpon|Trailblaze|p2a: Sinistcha
|-resisted|p2a: Sinistcha
|-damage|p2a: Sinistcha|90/100
|-boost|p1a: Ogerpon|spe|1
|
|-heal|p2a: Sinistcha|96/100|[from] item: Leftovers
|upkeep
|turn|3
|
|t:|1760749272
|move|p1a: Ogerpon|Swords Dance|p1a: Ogerpon
|-boost|p1a: Ogerpon|atk|2
|move|p2a: Sinistcha|Matcha Gotcha|p1a: Ogerpon|[miss]
|-miss|p2a: Sinistcha|p1a: Ogerpon
|
|-heal|p2a: Sinistcha|100/100|[from] item: Leftovers
|upkeep
|turn|4
|
|t:|1760749296
|switch|p1a: Pecharunt|Pecharunt|100/100
|move|p2a: Sinistcha|Strength Sap|p1a: Pecharunt
|-unboost|p1a: Pecharunt|atk|1
|
|upkeep
|turn|5
|
|t:|1760749308
|switch|p2a: Kingambit|Kingambit, F|100/100
|move|p1a: Pecharunt|Malignant Chain|p2a: Kingambit
|-immune|p2a: Kingambit
|
|upkeep
|turn|6
|
|t:|1760749315
|switch|p1a: Conkeldurr|Conkeldurr, F|100/100
|move|p2a: Kingambit|Kowtow Cleave|p1a: Conkeldurr
|-resisted|p1a: Conkeldurr
|-damage|p1a: Conkeldurr|82/100
|
|-heal|p1a: Conkeldurr|88/100|[from] item: Leftovers
|upkeep
|turn|7
|
|t:|1760749324
|-end|p2a: Kingambit|fallenundefined|[silent]
|switch|p2a: Primarina|Primarina, M|100/100
|move|p1a: Conkeldurr|Knock Off|p2a: Primarina
|-resisted|p2a: Primarina
|-damage|p2a: Primarina|81/100
|-enditem|p2a: Primarina|Leftovers|[from] move: Knock Off|[of] p1a: Conkeldurr
|
|-heal|p1a: Conkeldurr|94/100|[from] item: Leftovers
|upkeep
|turn|8
|
|t:|1760749339
|switch|p1a: Pecharunt|Pecharunt|100/100
|move|p2a: Primarina|Calm Mind|p2a: Primarina
|-boost|p2a: Primarina|spa|1
|-boost|p2a: Primarina|spd|1
|
|upkeep
|turn|9
|
|t:|1760749344
|-terastallize|p2a: Primarina|Steel
|move|p1a: Pecharunt|Malignant Chain|p2a: Primarina
|-immune|p2a: Primarina
|move|p2a: Primarina|Calm Mind|p2a: Primarina
|-boost|p2a: Primarina|spa|1
|-boost|p2a: Primarina|spd|1
|
|upkeep
|turn|10
|
|t:|1760749348
|move|p1a: Pecharunt|Parting Shot|p2a: Primarina
|-unboost|p2a: Primarina|atk|1
|-unboost|p2a: Primarina|spa|1
|
|t:|1760749362
|switch|p1a: Ting-Lu|Ting-Lu|100/100|[from] Parting Shot
|-ability|p1a: Ting-Lu|Vessel of Ruin
|move|p2a: Primarina|Psychic Noise|p1a: Ting-Lu
|-supereffective|p1a: Ting-Lu
|-damage|p1a: Ting-Lu|42/100
|-start|p1a: Ting-Lu|move: Heal Block
|
|upkeep
|turn|11
|
|t:|1760749365
|-terastallize|p1a: Ting-Lu|Poison
|move|p2a: Primarina|Draining Kiss|p1a: Ting-Lu
|-resisted|p1a: Ting-Lu
|-damage|p1a: Ting-Lu|33/100
|-heal|p2a: Primarina|91/100|[from] drain|[of] p1a: Ting-Lu
|move|p1a: Ting-Lu|Earthquake|p2a: Primarina
|-supereffective|p2a: Primarina
|-damage|p2a: Primarina|2/100
|
|-end|p1a: Ting-Lu|move: Heal Block
|upkeep
|turn|12
|
|t:|1760749376
|move|p2a: Primarina|Psychic Noise|p1a: Ting-Lu
|-crit|p1a: Ting-Lu
|-damage|p1a: Ting-Lu|0 fnt
|faint|p1a: Ting-Lu
|
|upkeep
|
|t:|1760749381
|switch|p1a: Latios|Latios, M|100/100
|turn|13
|
|t:|1760749387
|move|p1a: Latios|Shadow Ball|p2a: Primarina
|-damage|p2a: Primarina|0 fnt
|faint|p2a: Primarina
|
|upkeep
|
|t:|1760749389
|switch|p2a: Kingambit|Kingambit, F|100/100
|-activate|p2a: Kingambit|ability: Supreme Overlord
|-start|p2a: Kingambit|fallen1|[silent]
|turn|14
|
|t:|1760749392
|move|p1a: Latios|Aura Sphere|p2a: Kingambit
|-supereffective|p2a: Kingambit
|-damage|p2a: Kingambit|0 fnt
|faint|p2a: Kingambit
|-end|p2a: Kingambit|fallen1|[silent]
|
|upkeep
|
|t:|1760749396
|switch|p2a: Dragapult|Dragapult, F|100/100
|turn|15
|
|t:|1760749414
|switch|p1a: Conkeldurr|Conkeldurr, F|94/100
|move|p2a: Dragapult|U-turn|p1a: Conkeldurr
|-resisted|p1a: Conkeldurr
|-damage|p1a: Conkeldurr|89/100
|
|t:|1760749421
|switch|p2a: Sinistcha|Sinistcha-Masterpiece|100/100|[from] U-turn
|
|-heal|p1a: Conkeldurr|95/100|[from] item: Leftovers
|upkeep
|turn|16
|
|t:|1760749434
|move|p2a: Sinistcha|Strength Sap|p1a: Conkeldurr
|-unboost|p1a: Conkeldurr|atk|1
|move|p1a: Conkeldurr|Knock Off|p2a: Sinistcha
|-supereffective|p2a: Sinistcha
|-damage|p2a: Sinistcha|72/100
|-enditem|p2a: Sinistcha|Leftovers|[from] move: Knock Off|[of] p1a: Conkeldurr
|
|-heal|p1a: Conkeldurr|100/100|[from] item: Leftovers
|upkeep
|turn|17
|
|t:|1760749445
|switch|p1a: Latios|Latios, M|100/100
|move|p2a: Sinistcha|Calm Mind|p2a: Sinistcha
|-boost|p2a: Sinistcha|spa|1
|-boost|p2a: Sinistcha|spd|1
|
|upkeep
|turn|18
|
|t:|1760749451
|move|p1a: Latios|Psychic Noise|p2a: Sinistcha
|-damage|p2a: Sinistcha|43/100
|-start|p2a: Sinistcha|move: Heal Block
|cant|p2a: Sinistcha|move: Heal Block|Strength Sap
|
|upkeep
|turn|19
|
|t:|1760749458
|move|p1a: Latios|Shadow Ball|p2a: Sinistcha
|-supereffective|p2a: Sinistcha
|-damage|p2a: Sinistcha|0 fnt
|faint|p2a: Sinistcha
|
|upkeep
|
|t:|1760749464
|switch|p2a: Dragapult|Dragapult, F|100/100
|turn|20
|
|t:|1760749478
|switch|p1a: Conkeldurr|Conkeldurr, F|100/100
|move|p2a: Dragapult|Shadow Ball|p1a: Conkeldurr
|-damage|p1a: Conkeldurr|41/100
|
|-heal|p1a: Conkeldurr|47/100|[from] item: Leftovers
|upkeep
|turn|21
|
|t:|1760749487
|move|p2a: Dragapult|Shadow Ball|p1a: Conkeldurr
|-damage|p1a: Conkeldurr|0 fnt
|faint|p1a: Conkeldurr
|
|upkeep
|
|t:|1760749490
|switch|p1a: Enamorus|Enamorus, F|100/100
|turn|22
|
|t:|1760749495
|move|p1a: Enamorus|Moonblast|p2a: Dragapult
|-supereffective|p2a: Dragapult
|-damage|p2a: Dragapult|0 fnt
|faint|p2a: Dragapult
|
|upkeep
|
|t:|1760749498
|switch|p2a: Blaziken|Blaziken, M|100/100
|turn|23
|
|t:|1760749503
|move|p1a: Enamorus|Moonblast|p2a: Blaziken
|-damage|p2a: Blaziken|19/100
|move|p2a: Blaziken|Swords Dance|p2a: Blaziken
|-boost|p2a: Blaziken|atk|2
|
|-ability|p2a: Blaziken|Speed Boost|boost
|-boost|p2a: Blaziken|spe|1
|upkeep
|turn|24
|
|t:|1760749507
|move|p1a: Enamorus|Moonblast|p2a: Blaziken
|-damage|p2a: Blaziken|0 fnt
|faint|p2a: Blaziken
|
|upkeep
|-message|crockcorak forfeited.
|
|win|Ghettocatfish
|raw|Ghettocatfish's rating: 1501 &rarr; <strong>1520</strong><br />(+19 for winning)
|raw|crockcorak's rating: 1491 &rarr; <strong>1472</strong><br />(-19 for losing)
|l|☆crockcorak
|player|p2|
|l|☆Ghettocatfish
|player|p1|
