|j|☆Zara home 001
|j|☆Bogobor101
|t:|1760771749
|gametype|singles
|player|p1|Zara home 001|101|1411
|player|p2|Bogobor101|2|1447
|gen|9
|tier|[Gen 9] OU
|rated|
|rule|HP Percentage Mod: HP is shown in percentages
|rule|Endless Battle Clause: Forcing endless battles is banned
|rule|Species Clause: Limit one of each Pokémon
|rule|OHKO Clause: OHKO moves are banned
|rule|Evasion Items Clause: Evasion items are banned
|rule|Evasion Moves Clause: Evasion moves are banned
|rule|Evasion Abilities Clause: Evasion abilities are banned
|rule|Sleep Moves Clause: Sleep-inducing moves are banned
|clearpoke
|poke|p1|Iron Valiant|
|poke|p1|Iron Crown|
|poke|p1|Skeledirge, F|
|poke|p1|Dragapult, M|
|poke|p1|Corviknight, M|
|poke|p1|Darkrai|
|poke|p2|Kyurem|
|poke|p2|Weavile, M|
|poke|p2|Moltres|
|poke|p2|Clefable, F|
|poke|p2|Great Tusk|
|poke|p2|Slowking-Galar, F|
|teampreview
|
|t:|1760771760
|teamsize|p1|6
|teamsize|p2|6
|start
|switch|p1a: Corviknight|Corviknight, M|100/100
|switch|p2a: Kyurem|Kyurem|100/100
|-ability|p2a: Kyurem|Pressure
|turn|1
|
|t:|1760771766
|move|p2a: Kyurem|Freeze-Dry|p1a: Corviknight
|-damage|p1a: Corviknight|51/100
|move|p1a: Corviknight|U-turn|p2a: Kyurem
|-damage|p2a: Kyurem|87/100
|inactive|Battle timer is ON: inactive players will automatically lose when time's up. (requested by Bogobor101)
|
|t:|1760771780
|switch|p1a: Dragapult|Dragapult, M, shiny|100/100|[from] U-turn
|
|upkeep
|turn|2
|
|t:|1760771787
|move|p1a: Dragapult|Dragon Darts|p2a: Kyurem
|-supereffective|p2a: Kyurem
|-damage|p2a: Kyurem|7/100
|-anim|p1a: Dragapult|Dragon Darts|p2a: Kyurem
|-supereffective|p2a: Kyurem
|-damage|p2a: Kyurem|0 fnt
|faint|p2a: Kyurem
|
|upkeep
|
|t:|1760771790
|switch|p2a: Clefable|Clefable, F|100/100
|turn|3
|
|t:|1760771793
|switch|p1a: Iron Crown|Iron Crown|100/100
|move|p2a: Clefable|Stealth Rock|p1a: Iron Crown
|-sidestart|p1: Zara home 001|move: Stealth Rock
|
|upkeep
|turn|4
|
|t:|1760771801
|switch|p2a: Slowking|Slowking-Galar, F|100/100
|move|p1a: Iron Crown|Volt Switch|p2a: Slowking
|-damage|p2a: Slowking|88/100
|
|t:|1760771806
|-end|p1a: Iron Crown|Quark Drive|[silent]
|switch|p1a: Corviknight|Corviknight, M|51/100|[from] Volt Switch
|-damage|p1a: Corviknight|38/100|[from] Stealth Rock
|
|upkeep
|turn|5
|
|t:|1760771812
|move|p1a: Corviknight|Roost|p1a: Corviknight
|-heal|p1a: Corviknight|88/100
|-singleturn|p1a: Corviknight|move: Roost
|move|p2a: Slowking|Future Sight|p1a: Corviknight
|-start|p2a: Slowking|move: Future Sight
|
|upkeep
|turn|6
|
|t:|1760771816
|move|p1a: Corviknight|Defog|p2a: Slowking
|-unboost|p2a: Slowking|evasion|1
|-sideend|p1: Zara home 001|Stealth Rock|[from] move: Defog|[of] p1a: Corviknight
|-prepare|p2a: Slowking|Chilly Reception|[premajor]
|move|p2a: Slowking|Chilly Reception|p2a: Slowking
|-weather|Snowscape
|
|t:|1760771819
|switch|p2a: Moltres|Moltres|100/100|[from] Chilly Reception
|
|-weather|Snowscape|[upkeep]
|upkeep
|turn|7
|
|t:|1760771836
|switch|p1a: Darkrai|Darkrai|100/100
|move|p2a: Moltres|Flamethrower|p1a: Darkrai
|-damage|p1a: Darkrai|54/100
|
|-weather|Snowscape|[upkeep]
|-end|p1a: Darkrai|move: Future Sight
|-immune|p1a: Darkrai
|upkeep
|turn|8
|
|t:|1760771844
|move|p1a: Darkrai|Dark Pulse|p2a: Moltres
|-damage|p2a: Moltres|54/100
|move|p2a: Moltres|Hurricane|p1a: Darkrai
|-damage|p1a: Darkrai|0 fnt
|faint|p1a: Darkrai
|
|-weather|Snowscape|[upkeep]
|upkeep
|
|t:|1760771853
|switch|p1a: Dragapult|Dragapult, M, shiny|100/100
|turn|9
|
|t:|1760771857
|switch|p2a: Clefable|Clefable, F|100/100
|move|p1a: Dragapult|Dragon Darts|p2a: Clefable
|-immune|p2a: Clefable
|
|-weather|Snowscape|[upkeep]
|upkeep
|turn|10
|
|t:|1760771865
|switch|p1a: Iron Crown|Iron Crown|100/100
|move|p2a: Clefable|Stealth Rock|p1a: Iron Crown
|-sidestart|p1: Zara home 001|move: Stealth Rock
|
|-weather|none
|upkeep
|turn|11
|
|t:|1760771870
|switch|p2a: Slowking|Slowking-Galar, F|100/100
|move|p1a: Iron Crown|Volt Switch|p2a: Slowking
|-damage|p2a: Slowking|87/100
|
|t:|1760771875
|-end|p1a: Iron Crown|Quark Drive|[silent]
|switch|p1a: Corviknight|Corviknight, M|88/100|[from] Volt Switch
|-damage|p1a: Corviknight|76/100|[from] Stealth Rock
|
|upkeep
|turn|12
|
|t:|1760771880
|move|p1a: Corviknight|Defog|p2a: Slowking
|-unboost|p2a: Slowking|evasion|1
|-sideend|p1: Zara home 001|Stealth Rock|[from] move: Defog|[of] p1a: Corviknight
|-prepare|p2a: Slowking|Chilly Reception|[premajor]
|move|p2a: Slowking|Chilly Reception|p2a: Slowking
|-weather|Snowscape
|
|t:|1760771881
|switch|p2a: Moltres|Moltres|54/100|[from] Chilly Reception
|
|-weather|Snowscape|[upkeep]
|upkeep
|turn|13
|
|t:|1760771892
|switch|p1a: Skeledirge|Skeledirge, F|100/100
|move|p2a: Moltres|Roost|p2a: Moltres
|-heal|p2a: Moltres|100/100
|-singleturn|p2a: Moltres|move: Roost
|
|-weather|Snowscape|[upkeep]
|upkeep
|turn|14
|
|t:|1760771894
|move|p2a: Moltres|Hurricane|p1a: Skeledirge|[miss]
|-miss|p2a: Moltres|p1a: Skeledirge
|move|p1a: Skeledirge|Slack Off||[still]
|-fail|p1a: Skeledirge|heal
|
|-weather|Snowscape|[upkeep]
|upkeep
|turn|15
|
|t:|1760771899
|switch|p1a: Iron Crown|Iron Crown|100/100
|move|p2a: Moltres|Hurricane|p1a: Iron Crown|[miss]
|-miss|p2a: Moltres|p1a: Iron Crown
|
|-weather|Snowscape|[upkeep]
|upkeep
|turn|16
|
|t:|1760771903
|move|p1a: Iron Crown|Volt Switch|p2a: Moltres
|-supereffective|p2a: Moltres
|-damage|p2a: Moltres|54/100
|
|t:|1760771908
|-end|p1a: Iron Crown|Quark Drive|[silent]
|switch|p1a: Dragapult|Dragapult, M, shiny|100/100|[from] Volt Switch
|move|p2a: Moltres|Flamethrower|p1a: Dragapult
|-resisted|p1a: Dragapult
|-damage|p1a: Dragapult|74/100
|
|-weather|none
|upkeep
|turn|17
|
|t:|1760771912
|move|p1a: Dragapult|U-turn|p2a: Moltres
|-resisted|p2a: Moltres
|-damage|p2a: Moltres|47/100
|-status|p1a: Dragapult|brn|[from] ability: Flame Body|[of] p2a: Moltres
|
|t:|1760771917
|switch|p1a: Iron Crown|Iron Crown|100/100|[from] U-turn
|move|p2a: Moltres|Roost|p2a: Moltres
|-heal|p2a: Moltres|98/100
|-singleturn|p2a: Moltres|move: Roost
|
|upkeep
|turn|18
|
|t:|1760771922
|switch|p2a: Slowking|Slowking-Galar, F|100/100
|move|p1a: Iron Crown|Volt Switch|p2a: Slowking
|-damage|p2a: Slowking|87/100
|
|t:|1760771930
|-end|p1a: Iron Crown|Quark Drive|[silent]
|switch|p1a: Skeledirge|Skeledirge, F|100/100|[from] Volt Switch
|
|upkeep
|turn|19
|
|t:|1760771933
|move|p1a: Skeledirge|Will-O-Wisp|p2a: Slowking
|-status|p2a: Slowking|brn
|move|p2a: Slowking|Toxic|p1a: Skeledirge
|-status|p1a: Skeledirge|tox
|
|-damage|p1a: Skeledirge|94/100 tox|[from] psn
|-damage|p2a: Slowking|81/100 brn|[from] brn
|upkeep
|turn|20
|
|t:|1760771939
|switch|p2a: Clefable|Clefable, F|100/100
|move|p1a: Skeledirge|Hex|p2a: Clefable
|-damage|p2a: Clefable|83/100
|
|-damage|p1a: Skeledirge|82/100 tox|[from] psn
|upkeep
|turn|21
|
|t:|1760771945
|switch|p1a: Iron Crown|Iron Crown|100/100
|move|p2a: Clefable|Stealth Rock|p1a: Iron Crown
|-sidestart|p1: Zara home 001|move: Stealth Rock
|
|upkeep
|turn|22
|
|t:|1760771951
|switch|p2a: Slowking|Slowking-Galar, F|100/100 brn
|move|p1a: Iron Crown|Volt Switch|p2a: Slowking
|-damage|p2a: Slowking|87/100 brn
|
|t:|1760771956
|-end|p1a: Iron Crown|Quark Drive|[silent]
|switch|p1a: Skeledirge|Skeledirge, F|82/100 tox|[from] Volt Switch
|
|-damage|p1a: Skeledirge|76/100 tox|[from] psn
|-damage|p2a: Slowking|81/100 brn|[from] brn
|upkeep
|turn|23
|
|t:|1760771959
|move|p1a: Skeledirge|Will-O-Wisp|p2a: Slowking
|-fail|p2a: Slowking|brn
|-prepare|p2a: Slowking|Chilly Reception|[premajor]
|move|p2a: Slowking|Chilly Reception|p2a: Slowking
|-weather|Snowscape
|
|t:|1760771966
|switch|p2a: Moltres|Moltres|98/100|[from] Chilly Reception
|
|-weather|Snowscape|[upkeep]
|-damage|p1a: Skeledirge|64/100 tox|[from] psn
|upkeep
|turn|24
|
|t:|1760771973
|switch|p1a: Iron Crown|Iron Crown|100/100
|-damage|p1a: Iron Crown|94/100|[from] Stealth Rock
|move|p2a: Moltres|Hurricane|p1a: Iron Crown
|-resisted|p1a: Iron Crown
|-damage|p1a: Iron Crown|80/100
|
|-weather|Snowscape|[upkeep]
|upkeep
|turn|25
|
|t:|1760771978
|switch|p2a: Great Tusk|Great Tusk|100/100
|move|p1a: Iron Crown|Volt Switch|p2a: Great Tusk
|-immune|p2a: Great Tusk
|
|-weather|Snowscape|[upkeep]
|upkeep
|turn|26
|
|t:|1760771984
|-end|p2a: Great Tusk|Protosynthesis|[silent]
|switch|p2a: Weavile|Weavile, M|100/100
|move|p1a: Iron Crown|Psychic Noise|p2a: Weavile
|-immune|p2a: Weavile
|
|-weather|Snowscape|[upkeep]
|upkeep
|turn|27
|
|t:|1760771988
|-terastallize|p1a: Iron Crown|Fairy
|move|p2a: Weavile|Knock Off|p1a: Iron Crown
|-resisted|p1a: Iron Crown
|-damage|p1a: Iron Crown|56/100
|-enditem|p1a: Iron Crown|Assault Vest|[from] move: Knock Off|[of] p2a: Weavile
|move|p1a: Iron Crown|Tachyon Cutter|p2a: Weavile
|-supereffective|p2a: Weavile
|-damage|p2a: Weavile|36/100
|-supereffective|p2a: Weavile
|-damage|p2a: Weavile|0 fnt
|faint|p2a: Weavile
|-hitcount|p2: Weavile|2
|
|-weather|none
|upkeep
|
|t:|1760771993
|switch|p2a: Slowking|Slowking-Galar, F|100/100 brn
|turn|28
|
|t:|1760771996
|move|p1a: Iron Crown|Volt Switch|p2a: Slowking
|-damage|p2a: Slowking|88/100 brn
|
|t:|1760772003
|-end|p1a: Iron Crown|Quark Drive|[silent]
|switch|p1a: Corviknight|Corviknight, M|76/100|[from] Volt Switch
|-damage|p1a: Corviknight|63/100|[from] Stealth Rock
|move|p2a: Slowking|Future Sight|p1a: Corviknight
|-start|p2a: Slowking|move: Future Sight
|
|-damage|p2a: Slowking|82/100 brn|[from] brn
|upkeep
|turn|29
|
|t:|1760772007
|move|p1a: Corviknight|Defog|p2a: Slowking
|-unboost|p2a: Slowking|evasion|1
|-sideend|p1: Zara home 001|Stealth Rock|[from] move: Defog|[of] p1a: Corviknight
|-prepare|p2a: Slowking|Chilly Reception|[premajor]
|move|p2a: Slowking|Chilly Reception|p2a: Slowking
|-weather|Snowscape
|
|t:|1760772009
|switch|p2a: Moltres|Moltres|98/100|[from] Chilly Reception
|
|-weather|Snowscape|[upkeep]
|upkeep
|turn|30
|
|t:|1760772014
|switch|p1a: Dragapult|Dragapult, M, shiny|74/100 brn
|move|p2a: Moltres|Flamethrower|p1a: Dragapult
|-resisted|p1a: Dragapult
|-damage|p1a: Dragapult|48/100 brn
|
|-weather|Snowscape|[upkeep]
|-end|p1a: Dragapult|move: Future Sight
|-damage|p1a: Dragapult|0 fnt
|faint|p1a: Dragapult
|upkeep
|
|t:|1760772022
|switch|p1a: Iron Valiant|Iron Valiant|100/100
|-enditem|p1a: Iron Valiant|Booster Energy
|-activate|p1a: Iron Valiant|ability: Quark Drive|[fromitem]
|-start|p1a: Iron Valiant|quarkdrivespe
|turn|31
|
|t:|1760772029
|move|p1a: Iron Valiant|Thunderbolt|p2a: Moltres
|-supereffective|p2a: Moltres
|-damage|p2a: Moltres|33/100
|move|p2a: Moltres|Hurricane|p1a: Iron Valiant|[miss]
|-miss|p2a: Moltres|p1a: Iron Valiant
|
|-weather|Snowscape|[upkeep]
|upkeep
|turn|32
|
|t:|1760772046
|-end|p1a: Iron Valiant|Quark Drive|[silent]
|switch|p1a: Skeledirge|Skeledirge, F|64/100 tox
|switch|p2a: Slowking|Slowking-Galar, F|100/100 brn
|
|-weather|Snowscape|[upkeep]
|-damage|p1a: Skeledirge|58/100 tox|[from] psn
|-damage|p2a: Slowking|94/100 brn|[from] brn
|upkeep
|turn|33
|
|t:|1760772051
|switch|p2a: Moltres|Moltres|33/100
|move|p1a: Skeledirge|Hex|p2a: Moltres
|-damage|p2a: Moltres|10/100
|
|-weather|none
|-damage|p1a: Skeledirge|46/100 tox|[from] psn
|upkeep
|turn|34
|
|t:|1760772054
|switch|p1a: Iron Valiant|Iron Valiant|100/100
|move|p2a: Moltres|Roost|p2a: Moltres
|-heal|p2a: Moltres|61/100
|-singleturn|p2a: Moltres|move: Roost
|
|upkeep
|turn|35
|
|t:|1760772057
|switch|p2a: Slowking|Slowking-Galar, F|100/100 brn
|move|p1a: Iron Valiant|Thunderbolt|p2a: Slowking
|-damage|p2a: Slowking|81/100 brn
|
|-damage|p2a: Slowking|75/100 brn|[from] brn
|upkeep
|turn|36
|
|t:|1760772062
|-end|p1a: Iron Valiant|Quark Drive|[silent]
|switch|p1a: Corviknight|Corviknight, M|63/100
|move|p2a: Slowking|Future Sight|p1a: Corviknight
|-start|p2a: Slowking|move: Future Sight
|
|-damage|p2a: Slowking|69/100 brn|[from] brn
|upkeep
|turn|37
|
|t:|1760772072
|move|p1a: Corviknight|U-turn|p2a: Slowking
|-damage|p2a: Slowking|55/100 brn
|
|t:|1760772074
|switch|p1a: Iron Crown|Iron Crown, tera:Fairy|56/100|[from] U-turn
|-prepare|p2a: Slowking|Chilly Reception|[premajor]
|move|p2a: Slowking|Chilly Reception|p2a: Slowking
|-weather|Snowscape
|
|t:|1760772078
|switch|p2a: Moltres|Moltres|61/100|[from] Chilly Reception
|
|-weather|Snowscape|[upkeep]
|upkeep
|turn|38
|
|t:|1760772083
|switch|p2a: Slowking|Slowking-Galar, F|88/100 brn
|move|p1a: Iron Crown|Volt Switch|p2a: Slowking
|-damage|p2a: Slowking|74/100 brn
|
|t:|1760772085
|-end|p1a: Iron Crown|Quark Drive|[silent]
|switch|p1a: Corviknight|Corviknight, M|63/100|[from] Volt Switch
|
|-weather|Snowscape|[upkeep]
|-end|p1a: Corviknight|move: Future Sight
|-resisted|p1a: Corviknight
|-damage|p1a: Corviknight|42/100
|-damage|p2a: Slowking|68/100 brn|[from] brn
|upkeep
|turn|39
|
|t:|1760772088
|move|p1a: Corviknight|Roost|p1a: Corviknight
|-heal|p1a: Corviknight|92/100
|-singleturn|p1a: Corviknight|move: Roost
|move|p2a: Slowking|Future Sight|p1a: Corviknight
|-start|p2a: Slowking|move: Future Sight
|
|-weather|Snowscape|[upkeep]
|-damage|p2a: Slowking|62/100 brn|[from] brn
|upkeep
|turn|40
|
|t:|1760772094
|move|p1a: Corviknight|Brave Bird|p2a: Slowking
|-damage|p2a: Slowking|22/100 brn
|-damage|p1a: Corviknight|79/100|[from] Recoil
|-prepare|p2a: Slowking|Chilly Reception|[premajor]
|move|p2a: Slowking|Chilly Reception|p2a: Slowking
|
|t:|1760772096
|switch|p2a: Moltres|Moltres|61/100|[from] Chilly Reception
|
|-weather|Snowscape|[upkeep]
|upkeep
|turn|41
|
|t:|1760772107
|switch|p1a: Skeledirge|Skeledirge, F|46/100 tox
|move|p2a: Moltres|Flamethrower|p1a: Skeledirge
|-resisted|p1a: Skeledirge
|-damage|p1a: Skeledirge|25/100 tox
|
|-weather|none
|-end|p1a: Skeledirge|move: Future Sight
|-damage|p1a: Skeledirge|0 fnt
|faint|p1a: Skeledirge
|upkeep
|
|t:|1760772110
|switch|p1a: Iron Valiant|Iron Valiant|100/100
|turn|42
|
|t:|1760772115
|switch|p2a: Slowking|Slowking-Galar, F|55/100 brn
|move|p1a: Iron Valiant|Thunderbolt|p2a: Slowking
|-damage|p2a: Slowking|37/100 brn
|
|-damage|p2a: Slowking|31/100 brn|[from] brn
|upkeep
|turn|43
|
|t:|1760772124
|switch|p2a: Clefable|Clefable, F|83/100
|move|p1a: Iron Valiant|Thunderbolt|p2a: Clefable
|-damage|p2a: Clefable|62/100
|
|upkeep
|turn|44
|
|t:|1760772129
|-end|p1a: Iron Valiant|Quark Drive|[silent]
|switch|p1a: Iron Crown|Iron Crown, tera:Fairy|56/100
|move|p2a: Clefable|Moonblast|p1a: Iron Crown
|-damage|p1a: Iron Crown|17/100
|-unboost|p1a: Iron Crown|spa|1
|
|upkeep
|turn|45
|
|t:|1760772132
|move|p1a: Iron Crown|Volt Switch|p2a: Clefable
|-damage|p2a: Clefable|52/100
|
|t:|1760772134
|-end|p1a: Iron Crown|Quark Drive|[silent]
|switch|p1a: Corviknight|Corviknight, M|79/100|[from] Volt Switch
|move|p2a: Clefable|Moonblast|p1a: Corviknight
|-resisted|p1a: Corviknight
|-damage|p1a: Corviknight|58/100
|
|upkeep
|turn|46
|
|t:|1760772139
|move|p1a: Corviknight|Brave Bird|p2a: Clefable
|-damage|p2a: Clefable|14/100
|-damage|p1a: Corviknight|46/100|[from] Recoil
|move|p2a: Clefable|Stealth Rock|p1a: Corviknight
|-sidestart|p1: Zara home 001|move: Stealth Rock
|
|upkeep
|turn|47
|
|t:|1760772147
|move|p1a: Corviknight|Brave Bird|p2a: Clefable
|-damage|p2a: Clefable|0 fnt
|faint|p2a: Clefable
|-damage|p1a: Corviknight|42/100|[from] Recoil
|
|upkeep
|
|t:|1760772151
|switch|p2a: Moltres|Moltres|61/100
|turn|48
|
|t:|1760772156
|switch|p1a: Iron Crown|Iron Crown, tera:Fairy|17/100
|-damage|p1a: Iron Crown|5/100|[from] Stealth Rock
|move|p2a: Moltres|Roost|p2a: Moltres
|-heal|p2a: Moltres|100/100
|-singleturn|p2a: Moltres|move: Roost
|
|upkeep
|turn|49
|
|t:|1760772162
|move|p1a: Iron Crown|Future Sight|p2a: Moltres
|-start|p1a: Iron Crown|move: Future Sight
|move|p2a: Moltres|Flamethrower|p1a: Iron Crown
|-damage|p1a: Iron Crown|0 fnt
|faint|p1a: Iron Crown
|-end|p1a: Iron Crown|Quark Drive|[silent]
|
|upkeep
|
|t:|1760772164
|switch|p1a: Iron Valiant|Iron Valiant|100/100
|-damage|p1a: Iron Valiant|94/100|[from] Stealth Rock
|turn|50
|
|t:|1760772166
|switch|p2a: Slowking|Slowking-Galar, F|64/100 brn
|move|p1a: Iron Valiant|Thunderbolt|p2a: Slowking
|-damage|p2a: Slowking|47/100 brn
|
|-damage|p2a: Slowking|41/100 brn|[from] brn
|upkeep
|turn|51
|
|t:|1760772169
|switch|p2a: Moltres|Moltres|100/100
|move|p1a: Iron Valiant|Calm Mind|p1a: Iron Valiant
|-boost|p1a: Iron Valiant|spa|1
|-boost|p1a: Iron Valiant|spd|1
|
|-end|p2a: Moltres|move: Future Sight
|-damage|p2a: Moltres|43/100
|upkeep
|turn|52
|
|t:|1760772177
|move|p1a: Iron Valiant|Thunderbolt|p2a: Moltres
|-supereffective|p2a: Moltres
|-damage|p2a: Moltres|0 fnt
|faint|p2a: Moltres
|
|upkeep
|
|t:|1760772178
|switch|p2a: Slowking|Slowking-Galar, F|75/100 brn
|turn|53
|
|t:|1760772186
|move|p1a: Iron Valiant|Calm Mind|p1a: Iron Valiant
|-boost|p1a: Iron Valiant|spa|1
|-boost|p1a: Iron Valiant|spd|1
|move|p2a: Slowking|Sludge Wave|p1a: Iron Valiant
|-supereffective|p1a: Iron Valiant
|-damage|p1a: Iron Valiant|32/100
|
|-damage|p2a: Slowking|69/100 brn|[from] brn
|upkeep
|turn|54
|
|t:|1760772188
|move|p1a: Iron Valiant|Thunderbolt|p2a: Slowking
|-crit|p2a: Slowking
|-damage|p2a: Slowking|16/100 brn
|move|p2a: Slowking|Sludge Wave|p1a: Iron Valiant
|-supereffective|p1a: Iron Valiant
|-damage|p1a: Iron Valiant|0 fnt
|faint|p1a: Iron Valiant
|-end|p1a: Iron Valiant|Quark Drive|[silent]
|
|-damage|p2a: Slowking|10/100 brn|[from] brn
|upkeep
|
|t:|1760772190
|switch|p1a: Corviknight|Corviknight, M|42/100
|-damage|p1a: Corviknight|29/100|[from] Stealth Rock
|turn|55
|
|t:|1760772193
|switch|p2a: Great Tusk|Great Tusk|100/100
|move|p1a: Corviknight|Roost|p1a: Corviknight
|-heal|p1a: Corviknight|79/100
|-singleturn|p1a: Corviknight|move: Roost
|
|upkeep
|turn|56
|
|t:|1760772197
|move|p2a: Great Tusk|Knock Off|p1a: Corviknight
|-damage|p1a: Corviknight|57/100
|-damage|p2a: Great Tusk|84/100|[from] item: Rocky Helmet|[of] p1a: Corviknight
|-enditem|p1a: Corviknight|Rocky Helmet|[from] move: Knock Off|[of] p2a: Great Tusk
|move|p1a: Corviknight|Brave Bird|p2a: Great Tusk
|-supereffective|p2a: Great Tusk
|-damage|p2a: Great Tusk|31/100
|-damage|p1a: Corviknight|41/100|[from] Recoil
|
|upkeep
|turn|57
|
|t:|1760772206
|move|p2a: Great Tusk|Knock Off|p1a: Corviknight
|-damage|p1a: Corviknight|28/100
|move|p1a: Corviknight|Roost|p1a: Corviknight
|-heal|p1a: Corviknight|78/100
|-singleturn|p1a: Corviknight|move: Roost
|
|upkeep
|turn|58
|
|t:|1760772210
|-end|p2a: Great Tusk|Protosynthesis|[silent]
|switch|p2a: Slowking|Slowking-Galar, F|43/100 brn
|move|p1a: Corviknight|Roost|p1a: Corviknight
|-heal|p1a: Corviknight|100/100
|-singleturn|p1a: Corviknight|move: Roost
|
|-damage|p2a: Slowking|37/100 brn|[from] brn
|upkeep
|turn|59
|
|t:|1760772212
|switch|p2a: Great Tusk|Great Tusk|31/100
|move|p1a: Corviknight|Brave Bird|p2a: Great Tusk
|-supereffective|p2a: Great Tusk
|-damage|p2a: Great Tusk|0 fnt
|faint|p2a: Great Tusk
|-end|p2a: Great Tusk|Protosynthesis|[silent]
|-damage|p1a: Corviknight|91/100|[from] Recoil
|
|upkeep
|
|t:|1760772214
|switch|p2a: Slowking|Slowking-Galar, F|70/100 brn
|turn|60
|
|t:|1760772217
|move|p1a: Corviknight|Brave Bird|p2a: Slowking
|-damage|p2a: Slowking|32/100 brn
|-damage|p1a: Corviknight|79/100|[from] Recoil
|move|p2a: Slowking|Future Sight|p1a: Corviknight
|-start|p2a: Slowking|move: Future Sight
|
|-damage|p2a: Slowking|26/100 brn|[from] brn
|upkeep
|turn|61
|
|t:|1760772221
|-terastallize|p2a: Slowking|Fairy
|move|p1a: Corviknight|Brave Bird|p2a: Slowking
|-damage|p2a: Slowking|0 fnt
|faint|p2a: Slowking
|-damage|p1a: Corviknight|70/100|[from] Recoil
|
|win|Zara home 001
|raw|Zara home 001's rating: 1411 &rarr; <strong>1433</strong><br />(+22 for winning)
|raw|Bogobor101's rating: 1447 &rarr; <strong>1425</strong><br />(-22 for losing)
|c|☆Bogobor101|gg
|l|☆Bogobor101
|player|p2|
