|j|☆a19a19
|j|☆mataj
|t:|1760729094
|gametype|singles
|player|p1|a19a19|red|1630
|player|p2|mataj|hilbert-wonderlauncher|1618
|gen|9
|tier|[Gen 9] OU
|rated|
|rule|HP Percentage Mod: HP is shown in percentages
|rule|Endless Battle Clause: Forcing endless battles is banned
|rule|Species Clause: Limit one of each Pokémon
|rule|OHKO Clause: OHKO moves are banned
|rule|Evasion Items Clause: Evasion items are banned
|rule|Evasion Moves Clause: Evasion moves are banned
|rule|Evasion Abilities Clause: Evasion abilities are banned
|rule|Sleep Moves Clause: Sleep-inducing moves are banned
|clearpoke
|poke|p1|Raging Bolt|
|poke|p1|Iron Treads|
|poke|p1|Ting-Lu|
|poke|p1|Gholdengo|
|poke|p1|Zamazenta-*|
|poke|p1|Tornadus-Therian, M|
|poke|p2|Tyranitar, F|
|poke|p2|Excadrill, F|
|poke|p2|Kingambit, F|
|poke|p2|Garchomp, F|
|poke|p2|Pecharunt|
|poke|p2|Rotom-Wash|
|teampreview
|inactive|Battle timer is ON: inactive players will automatically lose when time's up. (requested by a19a19)
|j| kamenos30arhs+
|l| kamenos30arhs+
|inactive|mataj has 120 seconds left.
|c|☆mataj|damn cool new sprite for gholdengo
|
|t:|1760729139
|teamsize|p1|6
|teamsize|p2|6
|start
|switch|p1a: Tornadus|Tornadus-Therian, M|100/100
|switch|p2a: Big Ts|Tyranitar, F|100/100
|-weather|Sandstorm|[from] ability: Sand Stream|[of] p2a: Big Ts
|turn|1
|
|t:|1760729148
|move|p1a: Tornadus|Focus Blast|p2a: Big Ts
|-supereffective|p2a: Big Ts
|-damage|p2a: Big Ts|23/100
|-damage|p1a: Tornadus|91/100|[from] item: Life Orb
|move|p2a: Big Ts|Knock Off|p1a: Tornadus
|-damage|p1a: Tornadus|35/100
|-enditem|p1a: Tornadus|Life Orb|[from] move: Knock Off|[of] p2a: Big Ts
|
|-weather|Sandstorm|[upkeep]
|-damage|p1a: Tornadus|29/100|[from] Sandstorm
|upkeep
|turn|2
|
|t:|1760729170
|switch|p1a: Iron Treads|Iron Treads|100/100
|-enditem|p1a: Iron Treads|Booster Energy
|-activate|p1a: Iron Treads|ability: Quark Drive|[fromitem]
|-start|p1a: Iron Treads|quarkdrivespe
|switch|p2a: yuck|Pecharunt|100/100
|-item|p2a: yuck|Air Balloon
|
|-weather|Sandstorm|[upkeep]
|-damage|p2a: yuck|94/100|[from] Sandstorm
|upkeep
|turn|3
|
|t:|1760729191
|move|p1a: Iron Treads|Ice Spinner|p2a: yuck
|-damage|p2a: yuck|83/100
|-enditem|p2a: yuck|Air Balloon
|move|p2a: yuck|Parting Shot|p1a: Iron Treads
|-unboost|p1a: Iron Treads|atk|1
|-unboost|p1a: Iron Treads|spa|1
|
|t:|1760729202
|switch|p2a: shady's back|Excadrill, F|100/100|[from] Parting Shot
|
|-weather|Sandstorm|[upkeep]
|upkeep
|turn|4
|
|t:|1760729209
|-terastallize|p1a: Iron Treads|Ground
|move|p2a: shady's back|Earthquake|p1a: Iron Treads
|-damage|p1a: Iron Treads|30/100
|-damage|p2a: shady's back|91/100|[from] item: Life Orb
|move|p1a: Iron Treads|Earthquake|p2a: shady's back
|-supereffective|p2a: shady's back
|-damage|p2a: shady's back|0 fnt
|faint|p2a: shady's back
|
|-weather|Sandstorm|[upkeep]
|upkeep
|
|t:|1760729213
|switch|p2a: absolute chomp|Garchomp, F|100/100
|turn|5
|
|t:|1760729229
|move|p1a: Iron Treads|Ice Spinner|p2a: absolute chomp
|-supereffective|p2a: absolute chomp
|-damage|p2a: absolute chomp|30/100
|-damage|p1a: Iron Treads|17/100|[from] ability: Rough Skin|[of] p2a: absolute chomp
|move|p2a: absolute chomp|Swords Dance|p2a: absolute chomp
|-boost|p2a: absolute chomp|atk|2
|
|-weather|Sandstorm|[upkeep]
|upkeep
|turn|6
|
|t:|1760729238
|switch|p2a: Rotom-Fold|Rotom-Wash|100/100
|move|p1a: Iron Treads|Ice Spinner|p2a: Rotom-Fold
|-resisted|p2a: Rotom-Fold
|-damage|p2a: Rotom-Fold|94/100
|
|-weather|Sandstorm|[upkeep]
|-damage|p2a: Rotom-Fold|87/100|[from] Sandstorm
|-heal|p2a: Rotom-Fold|94/100|[from] item: Leftovers
|upkeep
|turn|7
|
|t:|1760729254
|-end|p1a: Iron Treads|Quark Drive|[silent]
|switch|p1a: Raging Bolt|Raging Bolt|100/100
|-enditem|p1a: Raging Bolt|Booster Energy
|-activate|p1a: Raging Bolt|ability: Protosynthesis|[fromitem]
|-start|p1a: Raging Bolt|protosynthesisspa
|move|p2a: Rotom-Fold|Hydro Pump|p1a: Raging Bolt
|-resisted|p1a: Raging Bolt
|-damage|p1a: Raging Bolt|84/100
|
|-weather|Sandstorm|[upkeep]
|-damage|p2a: Rotom-Fold|87/100|[from] Sandstorm
|-damage|p1a: Raging Bolt|77/100|[from] Sandstorm
|-heal|p2a: Rotom-Fold|94/100|[from] item: Leftovers
|upkeep
|turn|8
|
|t:|1760729268
|move|p2a: Rotom-Fold|Volt Switch|p1a: Raging Bolt
|-resisted|p1a: Raging Bolt
|-damage|p1a: Raging Bolt|72/100
|
|t:|1760729274
|switch|p2a: Big Ts|Tyranitar, F|23/100|[from] Volt Switch
|move|p1a: Raging Bolt|Dragon Pulse|p2a: Big Ts
|-damage|p2a: Big Ts|0 fnt
|faint|p2a: Big Ts
|
|-weather|none
|upkeep
|
|t:|1760729283
|switch|p2a: yuck|Pecharunt|83/100
|turn|9
|
|t:|1760729286
|move|p2a: yuck|Malignant Chain|p1a: Raging Bolt
|-damage|p1a: Raging Bolt|44/100
|move|p1a: Raging Bolt|Thunderbolt|p2a: yuck
|-damage|p2a: yuck|9/100
|
|upkeep
|turn|10
|
|t:|1760729295
|move|p2a: yuck|Parting Shot|p1a: Raging Bolt
|-unboost|p1a: Raging Bolt|atk|1
|-unboost|p1a: Raging Bolt|spa|1
|
|t:|1760729298
|switch|p2a: absolute chomp|Garchomp, F|30/100|[from] Parting Shot
|move|p1a: Raging Bolt|Dragon Pulse|p2a: absolute chomp
|-supereffective|p2a: absolute chomp
|-damage|p2a: absolute chomp|0 fnt
|faint|p2a: absolute chomp
|
|upkeep
|
|t:|1760729304
|switch|p2a: Rotom-Fold|Rotom-Wash|94/100
|turn|11
|
|t:|1760729312
|move|p2a: Rotom-Fold|Hydro Pump|p1a: Raging Bolt
|-resisted|p1a: Raging Bolt
|-damage|p1a: Raging Bolt|27/100
|move|p1a: Raging Bolt|Thunderbolt|p2a: Rotom-Fold
|-damage|p2a: Rotom-Fold|47/100
|
|-heal|p2a: Rotom-Fold|53/100|[from] item: Leftovers
|upkeep
|turn|12
|
|t:|1760729321
|move|p2a: Rotom-Fold|Volt Switch|p1a: Raging Bolt
|-resisted|p1a: Raging Bolt
|-damage|p1a: Raging Bolt|22/100
|
|t:|1760729324
|switch|p2a: yuck|Pecharunt|9/100|[from] Volt Switch
|move|p1a: Raging Bolt|Thunderbolt|p2a: yuck
|-damage|p2a: yuck|0 fnt
|faint|p2a: yuck
|
|upkeep
|
|t:|1760729325
|switch|p2a: the one piece|Kingambit, F|100/100
|-activate|p2a: the one piece|ability: Supreme Overlord
|-start|p2a: the one piece|fallen4|[silent]
|turn|13
|
|t:|1760729335
|move|p1a: Raging Bolt|Thunderbolt|p2a: the one piece
|-damage|p2a: the one piece|49/100
|move|p2a: the one piece|Iron Head|p1a: Raging Bolt
|-resisted|p1a: Raging Bolt
|-crit|p1a: Raging Bolt
|-damage|p1a: Raging Bolt|0 fnt
|faint|p1a: Raging Bolt
|-end|p1a: Raging Bolt|Protosynthesis|[silent]
|
|upkeep
|
|t:|1760729345
|switch|p1a: Zamazenta|Zamazenta|100/100
|-ability|p1a: Zamazenta|Dauntless Shield|boost
|-boost|p1a: Zamazenta|def|1
|turn|14
|
|t:|1760729349
|-end|p2a: the one piece|fallen4|[silent]
|switch|p2a: Rotom-Fold|Rotom-Wash|53/100
|move|p1a: Zamazenta|Iron Defense|p1a: Zamazenta
|-boost|p1a: Zamazenta|def|2
|
|-heal|p2a: Rotom-Fold|60/100|[from] item: Leftovers
|upkeep
|turn|15
|
|t:|1760729357
|move|p1a: Zamazenta|Body Press|p2a: Rotom-Fold
|-damage|p2a: Rotom-Fold|0 fnt
|faint|p2a: Rotom-Fold
|
|upkeep
|
|t:|1760729360
|switch|p2a: the one piece|Kingambit, F|49/100
|-activate|p2a: the one piece|ability: Supreme Overlord
|-start|p2a: the one piece|fallen5|[silent]
|turn|16
|c|☆mataj|gg
|
|t:|1760729367
|move|p1a: Zamazenta|Body Press|p2a: the one piece
|-supereffective|p2a: the one piece
|-crit|p2a: the one piece
|-damage|p2a: the one piece|0 fnt
|faint|p2a: the one piece
|-end|p2a: the one piece|fallen5|[silent]
|
|win|a19a19
|raw|a19a19's rating: 1630 &rarr; <strong>1649</strong><br />(+19 for winning)
|raw|mataj's rating: 1618 &rarr; <strong>1599</strong><br />(-19 for losing)
|l|☆mataj
|player|p2|
|l|☆a19a19
|player|p1|
