|j|☆capitolg
|j|☆InfinityPokeRang3r
|t:|1760794255
|gametype|singles
|player|p1|capitolg|bellelba|1210
|player|p2|InfinityPokeRang3r|ingo|1150
|gen|9
|tier|[Gen 9] OU
|rated|
|rule|HP Percentage Mod: HP is shown in percentages
|rule|Endless Battle Clause: Forcing endless battles is banned
|rule|Species Clause: Limit one of each Pokémon
|rule|OHKO Clause: OHKO moves are banned
|rule|Evasion Items Clause: Evasion items are banned
|rule|Evasion Moves Clause: Evasion moves are banned
|rule|Evasion Abilities Clause: Evasion abilities are banned
|rule|Sleep Moves Clause: Sleep-inducing moves are banned
|clearpoke
|poke|p1|Vikavolt, M|
|poke|p1|Gothitelle, F|
|poke|p1|Smeargle, F|
|poke|p1|Empoleon, F|
|poke|p1|Passimian, M|
|poke|p1|Dusknoir, F|
|poke|p2|Araquanid, M|
|poke|p2|Enamorus, F|
|poke|p2|Great Tusk|
|poke|p2|Skeledirge, M|
|poke|p2|Ogerpon-Cornerstone, F|
|poke|p2|Iron Crown|
|teampreview
|
|t:|1760794266
|teamsize|p1|6
|teamsize|p2|6
|start
|switch|p1a: Vikavolt|Vikavolt, M|100/100
|switch|p2a: Iron Crown|Iron Crown|100/100
|turn|1
|
|t:|1760794279
|switch|p1a: Dusknoir|Dusknoir, F|100/100
|-ability|p1a: Dusknoir|Pressure
|move|p2a: Iron Crown|Volt Switch|p1a: Dusknoir
|-damage|p1a: Dusknoir|65/100
|
|t:|1760794291
|-end|p2a: Iron Crown|Quark Drive|[silent]
|switch|p2a: Araquanid|Araquanid, M|100/100|[from] Volt Switch
|
|upkeep
|turn|2
|
|t:|1760794303
|move|p2a: Araquanid|Sticky Web|p1a: Dusknoir
|-sidestart|p1: capitolg|move: Sticky Web
|move|p1a: Dusknoir|Poltergeist|p2a: Araquanid
|-activate|p2a: Araquanid|move: Poltergeist|Mental Herb
|-damage|p2a: Araquanid|54/100
|
|upkeep
|turn|3
|
|t:|1760794324
|move|p2a: Araquanid|Lunge|p1a: Dusknoir
|-resisted|p1a: Dusknoir
|-damage|p1a: Dusknoir|52/100
|-unboost|p1a: Dusknoir|atk|1
|move|p1a: Dusknoir|Trick Room|p1a: Dusknoir
|-fieldstart|move: Trick Room|[of] p1a: Dusknoir
|
|upkeep
|turn|4
|
|t:|1760794340
|move|p1a: Dusknoir|Poltergeist|p2a: Araquanid
|-activate|p2a: Araquanid|move: Poltergeist|Mental Herb
|-damage|p2a: Araquanid|24/100
|move|p2a: Araquanid|Liquidation|p1a: Dusknoir
|-damage|p1a: Dusknoir|25/100
|
|upkeep
|turn|5
|inactive|Battle timer is ON: inactive players will automatically lose when time's up. (requested by capitolg)
|
|t:|1760794368
|switch|p2a: Great Tusk|Great Tusk|100/100
|move|p1a: Dusknoir|Poltergeist|p2a: Great Tusk
|-activate|p2a: Great Tusk|move: Poltergeist|Assault Vest
|-damage|p2a: Great Tusk|77/100
|
|upkeep
|turn|6
|
|t:|1760794380
|move|p1a: Dusknoir|Ice Punch|p2a: Great Tusk
|-supereffective|p2a: Great Tusk
|-damage|p2a: Great Tusk|55/100
|move|p2a: Great Tusk|Ice Spinner|p1a: Dusknoir
|-damage|p1a: Dusknoir|0 fnt
|faint|p1a: Dusknoir
|
|upkeep
|
|t:|1760794389
|switch|p1a: Vikavolt|Vikavolt, M|100/100
|turn|7
|
|t:|1760794401
|move|p1a: Vikavolt|Energy Ball|p2a: Great Tusk
|-supereffective|p2a: Great Tusk
|-damage|p2a: Great Tusk|0 fnt
|faint|p2a: Great Tusk
|-end|p2a: Great Tusk|Protosynthesis|[silent]
|
|-fieldend|move: Trick Room
|upkeep
|
|t:|1760794413
|switch|p2a: Iron Crown|Iron Crown|100/100
|turn|8
|
|t:|1760794419
|move|p2a: Iron Crown|Tachyon Cutter|p1a: Vikavolt
|-resisted|p1a: Vikavolt
|-damage|p1a: Vikavolt|78/100
|-resisted|p1a: Vikavolt
|-damage|p1a: Vikavolt|51/100
|-hitcount|p1a: Vikavolt|2
|move|p1a: Vikavolt|Discharge|p2a: Iron Crown
|-damage|p2a: Iron Crown|47/100
|
|upkeep
|turn|9
|
|t:|1760794423
|move|p2a: Iron Crown|Tachyon Cutter|p1a: Vikavolt
|-resisted|p1a: Vikavolt
|-damage|p1a: Vikavolt|26/100
|-resisted|p1a: Vikavolt
|-damage|p1a: Vikavolt|0 fnt
|faint|p1a: Vikavolt
|-hitcount|p1: Vikavolt|2
|
|upkeep
|
|t:|1760794425
|switch|p1a: Smeargle|Smeargle, F|100/100
|-activate|p1a: Smeargle|move: Sticky Web
|-unboost|p1a: Smeargle|spe|1
|turn|10
|
|t:|1760794433
|move|p2a: Iron Crown|Tachyon Cutter|p1a: Smeargle
|-damage|p1a: Smeargle|48/100
|-damage|p1a: Smeargle|0 fnt
|faint|p1a: Smeargle
|-hitcount|p1: Smeargle|2
|
|upkeep
|
|t:|1760794440
|switch|p1a: Gothitelle|Gothitelle, F|100/100
|-activate|p1a: Gothitelle|move: Sticky Web
|-unboost|p1a: Gothitelle|spe|1
|-ability|p1a: Gothitelle|Competitive|boost
|-boost|p1a: Gothitelle|spa|2
|turn|11
|
|t:|1760794445
|move|p2a: Iron Crown|Tachyon Cutter|p1a: Gothitelle
|-damage|p1a: Gothitelle|60/100
|-damage|p1a: Gothitelle|26/100
|-hitcount|p1a: Gothitelle|2
|move|p1a: Gothitelle|Trick Room|p1a: Gothitelle
|-fieldstart|move: Trick Room|[of] p1a: Gothitelle
|
|-heal|p1a: Gothitelle|32/100|[from] item: Leftovers
|upkeep
|turn|12
|
|t:|1760794456
|move|p1a: Gothitelle|Shadow Ball|p2a: Iron Crown
|-supereffective|p2a: Iron Crown
|-damage|p2a: Iron Crown|0 fnt
|faint|p2a: Iron Crown
|-end|p2a: Iron Crown|Quark Drive|[silent]
|
|-heal|p1a: Gothitelle|38/100|[from] item: Leftovers
|upkeep
|
|t:|1760794460
|switch|p2a: Skeledirge|Skeledirge, M|100/100
|turn|13
|
|t:|1760794466
|-terastallize|p2a: Skeledirge|Normal
|move|p1a: Gothitelle|Shadow Ball|p2a: Skeledirge
|-immune|p2a: Skeledirge
|move|p2a: Skeledirge|Hex|p1a: Gothitelle
|-supereffective|p1a: Gothitelle
|-damage|p1a: Gothitelle|0 fnt
|faint|p1a: Gothitelle
|
|upkeep
|
|t:|1760794469
|switch|p1a: Passimian|Passimian, M|100/100
|-activate|p1a: Passimian|move: Sticky Web
|-unboost|p1a: Passimian|spe|1
|-ability|p1a: Passimian|Defiant|boost
|-boost|p1a: Passimian|atk|2
|turn|14
|
|t:|1760794479
|move|p1a: Passimian|Drain Punch|p2a: Skeledirge
|-supereffective|p2a: Skeledirge
|-damage|p2a: Skeledirge|36/100
|move|p2a: Skeledirge|Will-O-Wisp|p1a: Passimian|[miss]
|-miss|p2a: Skeledirge|p1a: Passimian
|
|upkeep
|turn|15
|
|t:|1760794491
|move|p1a: Passimian|Iron Head|p2a: Skeledirge
|-damage|p2a: Skeledirge|11/100
|move|p2a: Skeledirge|Slack Off|p2a: Skeledirge
|-heal|p2a: Skeledirge|61/100
|
|-fieldend|move: Trick Room
|upkeep
|turn|16
|
|t:|1760794497
|move|p2a: Skeledirge|Will-O-Wisp|p1a: Passimian
|-status|p1a: Passimian|brn
|move|p1a: Passimian|Drain Punch|p2a: Skeledirge
|-supereffective|p2a: Skeledirge
|-damage|p2a: Skeledirge|27/100
|
|-damage|p1a: Passimian|94/100 brn|[from] brn
|upkeep
|turn|17
|
|t:|1760794504
|move|p2a: Skeledirge|Slack Off|p2a: Skeledirge
|-heal|p2a: Skeledirge|77/100
|move|p1a: Passimian|Drain Punch|p2a: Skeledirge
|-supereffective|p2a: Skeledirge
|-damage|p2a: Skeledirge|41/100
|-heal|p1a: Passimian|100/100 brn|[from] drain|[of] p2a: Skeledirge
|
|-damage|p1a: Passimian|94/100 brn|[from] brn
|upkeep
|turn|18
|-message|capitolg forfeited.
|
|win|InfinityPokeRang3r
|raw|capitolg's rating: 1210 &rarr; <strong>1181</strong><br />(-29 for losing)
|raw|InfinityPokeRang3r's rating: 1150 &rarr; <strong>1179</strong><br />(+29 for winning)
|l|☆capitolg
|player|p1|
|l|☆InfinityPokeRang3r
|player|p2|
