|j|☆capone n norega
|j|☆OP Earthquakes
|t:|1760727884
|gametype|singles
|player|p1|capone n norega|102|1541
|player|p2|OP Earthquakes|giovanni-masters|1517
|gen|9
|tier|[Gen 9] OU
|rated|
|rule|HP Percentage Mod: HP is shown in percentages
|rule|Endless Battle Clause: Forcing endless battles is banned
|rule|Species Clause: Limit one of each Pokémon
|rule|OHKO Clause: OHKO moves are banned
|rule|Evasion Items Clause: Evasion items are banned
|rule|Evasion Moves Clause: Evasion moves are banned
|rule|Evasion Abilities Clause: Evasion abilities are banned
|rule|Sleep Moves Clause: Sleep-inducing moves are banned
|clearpoke
|poke|p1|Dragapult, F|
|poke|p1|Slowking-Galar, F|
|poke|p1|Great Tusk|
|poke|p1|Kyurem|
|poke|p1|Ogerpon-Wellspring, F|
|poke|p1|Weavile, M|
|poke|p2|Excadrill, F|
|poke|p2|Hawlucha, M|
|poke|p2|Kyurem|
|poke|p2|Tyranitar, F|
|poke|p2|Pawmot, M|
|poke|p2|Klefki, F|
|teampreview
|inactive|Battle timer is ON: inactive players will automatically lose when time's up. (requested by OP Earthquakes)
|inactive|capone n norega has 120 seconds left.
|inactive|OP Earthquakes has 120 seconds left.
|inactive|OP Earthquakes has 90 seconds left.
|c|☆OP Earthquakes|sorry for the delay
|c|☆OP Earthquakes|GLHF!
|
|t:|1760727972
|teamsize|p1|6
|teamsize|p2|6
|start
|switch|p1a: Weavile|Weavile, M|100/100
|switch|p2a: Klefki|Klefki, F, shiny|100/100
|turn|1
|
|t:|1760727983
|move|p2a: Klefki|Reflect|p2a: Klefki
|-sidestart|p2: OP Earthquakes|Reflect
|move|p1a: Weavile|Knock Off|p2a: Klefki
|-resisted|p2a: Klefki
|-damage|p2a: Klefki|89/100
|-enditem|p2a: Klefki|Ring Target|[from] move: Knock Off|[of] p1a: Weavile
|
|upkeep
|turn|2
|
|t:|1760728005
|switch|p1a: Slowking|Slowking-Galar, F|100/100
|switch|p2a: Shukaku|Tyranitar, F, shiny|100/100
|-weather|Sandstorm|[from] ability: Sand Stream|[of] p2a: Shukaku
|
|-weather|Sandstorm|[upkeep]
|-damage|p1a: Slowking|94/100|[from] Sandstorm
|upkeep
|turn|3
|inactive|capone n norega has 120 seconds left.
|
|t:|1760728037
|switch|p1a: Weavile|Weavile, M|100/100
|move|p2a: Shukaku|Stealth Rock|p1a: Weavile
|-sidestart|p1: capone n norega|move: Stealth Rock
|
|-weather|Sandstorm|[upkeep]
|-damage|p1a: Weavile|94/100|[from] Sandstorm
|upkeep
|turn|4
|
|t:|1760728049
|switch|p1a: Great Tusk|Great Tusk|100/100
|-damage|p1a: Great Tusk|98/100|[from] Stealth Rock
|move|p2a: Shukaku|Thunder Wave|p1a: Great Tusk
|-immune|p1a: Great Tusk
|
|-weather|Sandstorm|[upkeep]
|upkeep
|turn|5
|
|t:|1760728063
|move|p1a: Great Tusk|Rapid Spin|p2a: Shukaku
|-resisted|p2a: Shukaku
|-damage|p2a: Shukaku|98/100
|-boost|p1a: Great Tusk|spe|1
|-sideend|p1: capone n norega|Stealth Rock|[from] move: Rapid Spin|[of] p1a: Great Tusk
|move|p2a: Shukaku|Ice Beam|p1a: Great Tusk
|-supereffective|p1a: Great Tusk
|-damage|p1a: Great Tusk|33/100
|
|-weather|Sandstorm|[upkeep]
|-sideend|p2: OP Earthquakes|Reflect
|upkeep
|turn|6
|
|t:|1760728073
|switch|p2a: Itachi|Hawlucha, M, shiny|100/100
|-ability|p2a: Itachi|Mold Breaker
|move|p1a: Great Tusk|Stealth Rock|p2a: Itachi
|-sidestart|p2: OP Earthquakes|move: Stealth Rock
|
|-weather|Sandstorm|[upkeep]
|-damage|p2a: Itachi|94/100|[from] Sandstorm
|upkeep
|turn|7
|
|t:|1760728080
|-end|p1a: Great Tusk|Protosynthesis|[silent]
|switch|p1a: Slowking|Slowking-Galar, F|100/100
|move|p2a: Itachi|Defog|p1a: Slowking
|-unboost|p1a: Slowking|evasion|1
|-sideend|p2: OP Earthquakes|Stealth Rock|[from] move: Defog|[of] p2a: Itachi
|
|-weather|Sandstorm|[upkeep]
|-damage|p2a: Itachi|88/100|[from] Sandstorm
|-damage|p1a: Slowking|94/100|[from] Sandstorm
|upkeep
|turn|8
|
|t:|1760728087
|switch|p2a: Klefki|Klefki, F, shiny|89/100
|-prepare|p1a: Slowking|Chilly Reception|[premajor]
|move|p1a: Slowking|Chilly Reception|p1a: Slowking
|-weather|Snowscape
|
|t:|1760728094
|switch|p1a: Great Tusk|Great Tusk|33/100|[from] Chilly Reception
|
|-weather|Snowscape|[upkeep]
|upkeep
|turn|9
|
|t:|1760728102
|switch|p2a: Itachi|Hawlucha, M, shiny|88/100
|-ability|p2a: Itachi|Mold Breaker
|move|p1a: Great Tusk|Headlong Rush|p2a: Itachi
|-immune|p2a: Itachi
|
|-weather|Snowscape|[upkeep]
|upkeep
|turn|10
|
|t:|1760728113
|-end|p1a: Great Tusk|Protosynthesis|[silent]
|switch|p1a: Slowking|Slowking-Galar, F|100/100
|move|p2a: Itachi|Brave Bird|p1a: Slowking
|-damage|p1a: Slowking|54/100
|-damage|p2a: Itachi|68/100|[from] Recoil
|
|-weather|Snowscape|[upkeep]
|upkeep
|turn|11
|
|t:|1760728128
|switch|p2a: Klefki|Klefki, F, shiny|89/100
|move|p1a: Slowking|Psychic Noise|p2a: Klefki
|-resisted|p2a: Klefki
|-damage|p2a: Klefki|72/100
|-start|p2a: Klefki|move: Heal Block
|
|-weather|Snowscape|[upkeep]
|upkeep
|turn|12
|
|t:|1760728132
|move|p2a: Klefki|Reflect|p2a: Klefki
|-sidestart|p2: OP Earthquakes|Reflect
|-prepare|p1a: Slowking|Chilly Reception|[premajor]
|move|p1a: Slowking|Chilly Reception|p1a: Slowking
|
|t:|1760728153
|switch|p1a: Great Tusk|Great Tusk|33/100|[from] Chilly Reception
|
|-weather|none
|-end|p2a: Klefki|move: Heal Block
|upkeep
|turn|13
|inactive|capone n norega has 120 seconds left.
|
|t:|1760728176
|-end|p1a: Great Tusk|Protosynthesis|[silent]
|switch|p1a: Dragapult|Dragapult, F|100/100
|switch|p2a: Itachi|Hawlucha, M, shiny|68/100
|-ability|p2a: Itachi|Mold Breaker
|
|upkeep
|turn|14
|
|t:|1760728189
|switch|p2a: Klefki|Klefki, F, shiny|72/100
|move|p1a: Dragapult|U-turn|p2a: Klefki
|-resisted|p2a: Klefki
|-damage|p2a: Klefki|67/100
|inactive|capone n norega has 120 seconds left.
|
|t:|1760728203
|switch|p1a: Slowking|Slowking-Galar, F|87/100|[from] U-turn
|
|upkeep
|turn|15
|
|t:|1760728211
|move|p2a: Klefki|Light Screen|p2a: Klefki
|-sidestart|p2: OP Earthquakes|move: Light Screen
|-prepare|p1a: Slowking|Chilly Reception|[premajor]
|move|p1a: Slowking|Chilly Reception|p1a: Slowking
|-weather|Snowscape
|inactive|capone n norega has 120 seconds left.
|
|t:|1760728233
|switch|p1a: Kyurem|Kyurem|100/100|[from] Chilly Reception
|-ability|p1a: Kyurem|Pressure
|
|-weather|Snowscape|[upkeep]
|upkeep
|turn|16
|inactive|capone n norega has 120 seconds left.
|
|t:|1760728239
|switch|p1a: Great Tusk|Great Tusk|33/100
|move|p2a: Klefki|Switcheroo|p1a: Great Tusk
|-activate|p2a: Klefki|move: Trick|[of] p1a: Great Tusk
|-enditem|p1a: Great Tusk|Rocky Helmet|[silent]|[from] move: Switcheroo
|-item|p2a: Klefki|Rocky Helmet|[from] move: Switcheroo
|
|-weather|Snowscape|[upkeep]
|-sideend|p2: OP Earthquakes|Reflect
|upkeep
|turn|17
|inactive|capone n norega has 120 seconds left.
|
|t:|1760728258
|-end|p1a: Great Tusk|Protosynthesis|[silent]
|switch|p1a: Kyurem|Kyurem|100/100
|-ability|p1a: Kyurem|Pressure
|move|p2a: Klefki|Reflect|p2a: Klefki
|-sidestart|p2: OP Earthquakes|Reflect
|
|-weather|Snowscape|[upkeep]
|upkeep
|turn|18
|inactive|capone n norega has 120 seconds left.
|
|t:|1760728267
|move|p2a: Klefki|Magic Room|p2a: Klefki
|-fieldstart|move: Magic Room|[of] p2a: Klefki
|move|p1a: Kyurem|Substitute|p1a: Kyurem
|-start|p1a: Kyurem|Substitute
|-damage|p1a: Kyurem|75/100
|
|-weather|Snowscape|[upkeep]
|upkeep
|turn|19
|l|☆OP Earthquakes
|inactive|OP Earthquakes disconnected and has a minute to reconnect!
|player|p2|
|inactive|capone n norega has 120 seconds left.
|inactive|OP Earthquakes has 30 seconds to reconnect!
|inactive|OP Earthquakes has 20 seconds to reconnect!
|inactive|OP Earthquakes has 15 seconds to reconnect!
|inactive|OP Earthquakes has 10 seconds to reconnect!
|inactive|OP Earthquakes has 5 seconds to reconnect!
|j|☆OP Earthquakes
|inactive|OP Earthquakes reconnected and has 95 seconds left.
|player|p2|OP Earthquakes|giovanni-masters|
|inactive|OP Earthquakes has 90 seconds left.
|c|☆OP Earthquakes|crazy dc
|c|☆OP Earthquakes|didnt even notice smh
|
|t:|1760728354
|switch|p2a: Shukaku|Tyranitar, F, shiny|98/100
|-weather|Sandstorm|[from] ability: Sand Stream|[of] p2a: Shukaku
|move|p1a: Kyurem|Freeze-Dry|p2a: Shukaku
|-crit|p2a: Shukaku
|-damage|p2a: Shukaku|64/100
|
|-weather|Sandstorm|[upkeep]
|-damage|p1a: Kyurem|69/100|[from] Sandstorm
|-sideend|p2: OP Earthquakes|move: Light Screen
|upkeep
|turn|20
|
|t:|1760728367
|move|p1a: Kyurem|Protect|p1a: Kyurem
|-singleturn|p1a: Kyurem|Protect
|move|p2a: Shukaku|Roar|p1a: Kyurem
|drag|p1a: Great Tusk|Great Tusk|33/100
|
|-weather|Sandstorm|[upkeep]
|upkeep
|turn|21
|inactive|capone n norega has 120 seconds left.
|
|t:|1760728381
|move|p1a: Great Tusk|Body Press|p2a: Shukaku
|-supereffective|p2a: Shukaku
|-damage|p2a: Shukaku|0 fnt
|faint|p2a: Shukaku
|
|-weather|Sandstorm|[upkeep]
|-sideend|p2: OP Earthquakes|Reflect
|upkeep
|
|t:|1760728400
|switch|p2a: Itachi|Hawlucha, M, shiny|68/100
|-ability|p2a: Itachi|Mold Breaker
|turn|22
|
|t:|1760728410
|-end|p1a: Great Tusk|Protosynthesis|[silent]
|switch|p1a: Slowking|Slowking-Galar, F|100/100
|move|p2a: Itachi|Brave Bird|p1a: Slowking
|-damage|p1a: Slowking|53/100
|-damage|p2a: Itachi|47/100|[from] Recoil
|
|-weather|Sandstorm|[upkeep]
|-damage|p2a: Itachi|41/100|[from] Sandstorm
|-damage|p1a: Slowking|47/100|[from] Sandstorm
|-fieldend|move: Magic Room|[of] p2: Klefki
|upkeep
|turn|23
|inactive|capone n norega has 120 seconds left.
|inactive|capone n norega has 90 seconds left.
|c|☆OP Earthquakes|test
|
|t:|1760728484
|move|p2a: Itachi|Brave Bird|p1a: Slowking
|-damage|p1a: Slowking|3/100
|-damage|p2a: Itachi|22/100|[from] Recoil
|-prepare|p1a: Slowking|Chilly Reception|[premajor]
|move|p1a: Slowking|Chilly Reception|p1a: Slowking
|-weather|Snowscape
|
|t:|1760728494
|switch|p1a: Dragapult|Dragapult, F|100/100|[from] Chilly Reception
|
|-weather|Snowscape|[upkeep]
|upkeep
|turn|24
|inactive|OP Earthquakes has 90 seconds left.
|
|t:|1760728503
|switch|p2a: Klefki|Klefki, F, shiny|67/100
|-terastallize|p1a: Dragapult|Ghost
|move|p1a: Dragapult|Tera Blast|p2a: Klefki|[anim] Tera Blast Ghost
|-crit|p2a: Klefki
|-damage|p2a: Klefki|0 fnt
|faint|p2a: Klefki
|
|-weather|Snowscape|[upkeep]
|upkeep
|inactive|OP Earthquakes has 90 seconds left.
|
|t:|1760728515
|switch|p2a: Frieza|Kyurem, shiny|100/100
|-ability|p2a: Frieza|Pressure
|turn|25
|inactive|capone n norega has 60 seconds left.
|
|t:|1760728544
|switch|p1a: Slowking|Slowking-Galar, F|36/100
|move|p2a: Frieza|Shadow Ball|p1a: Slowking
|-supereffective|p1a: Slowking
|-damage|p1a: Slowking|0 fnt
|faint|p1a: Slowking
|
|-weather|Snowscape|[upkeep]
|upkeep
|inactive|capone n norega has 60 seconds left.
|
|t:|1760728549
|switch|p1a: Weavile|Weavile, M|94/100
|turn|26
|
|t:|1760728556
|switch|p2a: Itachi|Hawlucha, M, shiny|22/100
|-ability|p2a: Itachi|Mold Breaker
|move|p1a: Weavile|Triple Axel|p2a: Itachi|[miss]
|-miss|p1a: Weavile|p2a: Itachi
|
|-weather|Snowscape|[upkeep]
|upkeep
|turn|27
|
|t:|1760728564
|move|p1a: Weavile|Triple Axel|p2a: Itachi|[miss]
|-miss|p1a: Weavile|p2a: Itachi
|move|p2a: Itachi|Brave Bird|p1a: Weavile
|-damage|p1a: Weavile|41/100
|-damage|p2a: Itachi|5/100|[from] Recoil
|
|-weather|none
|upkeep
|turn|28
|
|t:|1760728579
|move|p1a: Weavile|Triple Axel|p2a: Itachi
|-supereffective|p2a: Itachi
|-damage|p2a: Itachi|0 fnt
|faint|p2a: Itachi
|-hitcount|p2: Itachi|1
|
|upkeep
|
|t:|1760728581
|switch|p2a: Porunga|Pawmot, M|100/100
|turn|29
|
|t:|1760728584
|move|p1a: Weavile|Triple Axel|p2a: Porunga|[miss]
|-miss|p1a: Weavile|p2a: Porunga
|move|p2a: Porunga|Revival Blessing|p2a: Porunga
|-enditem|p2a: Porunga|Leppa Berry|[eat]
|-activate|p2a: Porunga|item: Leppa Berry|Revival Blessing|[consumed]
|c|☆OP Earthquakes|CRAZY
|
|t:|1760728591
|-heal|p2: Shukaku|50/100|[from] move: Revival Blessing
|
|upkeep
|turn|30
|
|t:|1760728594
|move|p1a: Weavile|Triple Axel|p2a: Porunga|[miss]
|-miss|p1a: Weavile|p2a: Porunga
|move|p2a: Porunga|Revival Blessing|p2a: Porunga
|c|☆OP Earthquakes|OMG
|c|☆OP Earthquakes|LOL
|
|t:|1760728604
|-heal|p2: Klefki|50/100|[from] move: Revival Blessing
|
|upkeep
|turn|31
|
|t:|1760728615
|move|p1a: Weavile|Triple Axel|p2a: Porunga
|-damage|p2a: Porunga|87/100
|-hitcount|p2a: Porunga|1
|move|p2a: Porunga|Metronome|p2a: Porunga
|move|p2a: Porunga|Fire Lash|p1a: Weavile|[from] move: Metronome
|-supereffective|p1a: Weavile
|-damage|p1a: Weavile|0 fnt
|faint|p1a: Weavile
|
|upkeep
|c|☆OP Earthquakes|LMFAO
|c|☆OP Earthquakes|YOOO I AM SOOO SORRY
|
|t:|1760728634
|switch|p1a: Dragapult|Dragapult, F, tera:Ghost|100/100
|turn|32
|
|t:|1760728641
|switch|p2a: Shukaku|Tyranitar, F, shiny|50/100
|-weather|Sandstorm|[from] ability: Sand Stream|[of] p2a: Shukaku
|move|p1a: Dragapult|Tera Blast|p2a: Shukaku|[anim] Tera Blast Ghost
|-resisted|p2a: Shukaku
|-damage|p2a: Shukaku|23/100
|
|-weather|Sandstorm|[upkeep]
|-damage|p1a: Dragapult|95/100|[from] Sandstorm
|upkeep
|turn|33
|
|t:|1760728668
|switch|p2a: Klefki|Klefki, F, shiny|50/100
|move|p1a: Dragapult|Tera Blast|p2a: Klefki|[anim] Tera Blast Ghost
|-damage|p2a: Klefki|0 fnt
|faint|p2a: Klefki
|
|-weather|Sandstorm|[upkeep]
|-damage|p1a: Dragapult|89/100|[from] Sandstorm
|upkeep
|
|t:|1760728673
|switch|p2a: OP|Excadrill, F|100/100
|turn|34
|
|t:|1760728683
|switch|p1a: Ogerpon|Ogerpon-Wellspring, F|100/100
|move|p2a: OP|Earthquake|p1a: Ogerpon
|-resisted|p1a: Ogerpon
|-damage|p1a: Ogerpon|46/100
|
|-weather|Sandstorm|[upkeep]
|-damage|p1a: Ogerpon|40/100|[from] Sandstorm
|upkeep
|turn|35
|c|☆OP Earthquakes|OMG
|c|☆OP Earthquakes|GG
|
|t:|1760728698
|move|p2a: OP|Earthquake|p1a: Ogerpon
|-resisted|p1a: Ogerpon
|-damage|p1a: Ogerpon|0 fnt
|faint|p1a: Ogerpon
|
|-weather|Sandstorm|[upkeep]
|upkeep
|
|t:|1760728703
|switch|p1a: Kyurem|Kyurem|69/100
|-ability|p1a: Kyurem|Pressure
|turn|36
|
|t:|1760728705
|move|p1a: Kyurem|Protect|p1a: Kyurem
|-singleturn|p1a: Kyurem|Protect
|move|p2a: OP|Earthquake|p1a: Kyurem
|-activate|p1a: Kyurem|move: Protect
|
|-weather|Sandstorm|[upkeep]
|-damage|p1a: Kyurem|63/100|[from] Sandstorm
|-heal|p1a: Kyurem|69/100|[from] item: Leftovers
|upkeep
|turn|37
|
|t:|1760728721
|switch|p1a: Great Tusk|Great Tusk|33/100
|move|p2a: OP|Earthquake|p1a: Great Tusk
|-damage|p1a: Great Tusk|0 fnt
|faint|p1a: Great Tusk
|-end|p1a: Great Tusk|Protosynthesis|[silent]
|
|-weather|Sandstorm|[upkeep]
|upkeep
|
|t:|1760728722
|switch|p1a: Kyurem|Kyurem|69/100
|-ability|p1a: Kyurem|Pressure
|turn|38
|
|t:|1760728725
|move|p1a: Kyurem|Protect|p1a: Kyurem
|-singleturn|p1a: Kyurem|Protect
|move|p2a: OP|Earthquake|p1a: Kyurem
|-activate|p1a: Kyurem|move: Protect
|
|-weather|Sandstorm|[upkeep]
|-damage|p1a: Kyurem|63/100|[from] Sandstorm
|-heal|p1a: Kyurem|69/100|[from] item: Leftovers
|upkeep
|turn|39
|
|t:|1760728744
|move|p2a: OP|Earthquake|p1a: Kyurem
|-damage|p1a: Kyurem|0 fnt
|faint|p1a: Kyurem
|
|-weather|none
|upkeep
|-message|capone n norega forfeited.
|
|win|OP Earthquakes
|raw|capone n norega's rating: 1541 &rarr; <strong>1520</strong><br />(-21 for losing)
|raw|OP Earthquakes's rating: 1517 &rarr; <strong>1538</strong><br />(+21 for winning)
|l|☆capone n norega
|player|p1|
