|j|☆Skotus
|j|☆C4CTUSK1NG
|t:|1760767366
|gametype|singles
|player|p1|Skotus|102|1348
|player|p2|C4CTUSK1NG|volkner|1332
|gen|9
|tier|[Gen 9] OU
|rated|
|rule|HP Percentage Mod: HP is shown in percentages
|rule|Endless Battle Clause: Forcing endless battles is banned
|rule|Species Clause: Limit one of each Pokémon
|rule|OHKO Clause: OHKO moves are banned
|rule|Evasion Items Clause: Evasion items are banned
|rule|Evasion Moves Clause: Evasion moves are banned
|rule|Evasion Abilities Clause: Evasion abilities are banned
|rule|Sleep Moves Clause: Sleep-inducing moves are banned
|clearpoke
|poke|p1|Great Tusk|
|poke|p1|Heatran, M|
|poke|p1|Ursaluna, M|
|poke|p1|Zapdos|
|poke|p1|Pelipper, M|
|poke|p1|Politoed, M|
|poke|p2|Heatran, F|
|poke|p2|Rillaboom, M|
|poke|p2|Great Tusk|
|poke|p2|Zapdos|
|poke|p2|Samurott-Hisui, M|
|poke|p2|Iron Valiant|
|teampreview
|
|t:|1760767384
|teamsize|p1|6
|teamsize|p2|6
|start
|switch|p1a: Zapdos|Zapdos|100/100
|switch|p2a: Samurott|Samurott-Hisui, M|100/100
|-ability|p1a: Zapdos|Pressure
|turn|1
|
|t:|1760767412
|switch|p2a: Great Tusk|Great Tusk|100/100
|move|p1a: Zapdos|Volt Switch|p2a: Great Tusk
|-immune|p2a: Great Tusk
|
|upkeep
|turn|2
|
|t:|1760767432
|switch|p1a: Pelipper|Pelipper, M|100/100
|-weather|RainDance|[from] ability: Drizzle|[of] p1a: Pelipper
|-end|p2a: Great Tusk|Protosynthesis|[silent]
|switch|p2a: Zapdos|Zapdos|100/100
|
|-weather|RainDance|[upkeep]
|upkeep
|turn|3
|
|t:|1760767445
|move|p2a: Zapdos|Hurricane|p1a: Pelipper
|-damage|p1a: Pelipper|34/100
|move|p1a: Pelipper|U-turn|p2a: Zapdos
|-resisted|p2a: Zapdos
|-damage|p2a: Zapdos|97/100
|
|t:|1760767457
|switch|p1a: Ursaluna|Ursaluna, M|100/100|[from] U-turn
|
|-weather|RainDance|[upkeep]
|-status|p1a: Ursaluna|brn|[from] item: Flame Orb
|upkeep
|turn|4
|
|t:|1760767464
|-terastallize|p1a: Ursaluna|Normal
|move|p2a: Zapdos|Hurricane|p1a: Ursaluna
|-damage|p1a: Ursaluna|59/100 brn
|move|p1a: Ursaluna|Trailblaze|p2a: Zapdos
|-resisted|p2a: Zapdos
|-damage|p2a: Zapdos|86/100
|-boost|p1a: Ursaluna|spe|1
|
|-weather|RainDance|[upkeep]
|-damage|p1a: Ursaluna|53/100 brn|[from] brn
|upkeep
|turn|5
|
|t:|1760767477
|move|p2a: Zapdos|Hurricane|p1a: Ursaluna
|-damage|p1a: Ursaluna|13/100 brn
|-start|p1a: Ursaluna|confusion
|-activate|p1a: Ursaluna|confusion
|move|p1a: Ursaluna|Facade|p2a: Zapdos
|-damage|p2a: Zapdos|0 fnt
|faint|p2a: Zapdos
|
|-weather|RainDance|[upkeep]
|-damage|p1a: Ursaluna|7/100 brn|[from] brn
|upkeep
|
|t:|1760767500
|switch|p2a: Rillaboom|Rillaboom, M|100/100
|-fieldstart|move: Grassy Terrain|[from] ability: Grassy Surge|[of] p2a: Rillaboom
|turn|6
|
|t:|1760767504
|switch|p1a: Zapdos|Zapdos|100/100
|-ability|p1a: Zapdos|Pressure
|move|p2a: Rillaboom|Grassy Glide|p1a: Zapdos
|-resisted|p1a: Zapdos
|-damage|p1a: Zapdos|66/100
|
|-weather|RainDance|[upkeep]
|upkeep
|turn|7
|
|t:|1760767516
|switch|p2a: Heatran|Heatran, F|100/100
|move|p1a: Zapdos|Weather Ball|p2a: Heatran
|-supereffective|p2a: Heatran
|-damage|p2a: Heatran|2/100
|
|-weather|RainDance|[upkeep]
|-heal|p2a: Heatran|8/100|[from] Grassy Terrain
|-heal|p2a: Heatran|14/100|[from] item: Leftovers
|upkeep
|turn|8
|
|t:|1760767529
|move|p1a: Zapdos|Weather Ball|p2a: Heatran
|-supereffective|p2a: Heatran
|-damage|p2a: Heatran|0 fnt
|faint|p2a: Heatran
|
|-weather|RainDance|[upkeep]
|upkeep
|
|t:|1760767545
|switch|p2a: Samurott|Samurott-Hisui, M|100/100
|turn|9
|
|t:|1760767553
|switch|p1a: Ursaluna|Ursaluna, M, tera:Normal|7/100 brn
|move|p2a: Samurott|Razor Shell|p1a: Ursaluna
|-damage|p1a: Ursaluna|0 fnt
|faint|p1a: Ursaluna
|
|-weather|none
|upkeep
|
|t:|1760767567
|switch|p1a: Politoed|Politoed, M|100/100
|-weather|RainDance|[from] ability: Drizzle|[of] p1a: Politoed
|turn|10
|
|t:|1760767571
|move|p2a: Samurott|Ceaseless Edge|p1a: Politoed
|-damage|p1a: Politoed|55/100
|-sidestart|p1: Skotus|Spikes
|move|p1a: Politoed|Perish Song|p1a: Politoed
|-start|p1a: Politoed|perish3|[silent]
|-start|p2a: Samurott|perish3|[silent]
|-fieldactivate|move: Perish Song
|
|-weather|RainDance|[upkeep]
|-heal|p1a: Politoed|61/100|[from] Grassy Terrain
|-heal|p1a: Politoed|67/100|[from] item: Leftovers
|-start|p2a: Samurott|perish3
|-start|p1a: Politoed|perish3
|-fieldend|move: Grassy Terrain
|upkeep
|turn|11
|
|t:|1760767582
|switch|p2a: Rillaboom|Rillaboom, M|100/100
|-fieldstart|move: Grassy Terrain|[from] ability: Grassy Surge|[of] p2a: Rillaboom
|move|p1a: Politoed|Whirlpool|p2a: Rillaboom
|-resisted|p2a: Rillaboom
|-damage|p2a: Rillaboom|85/100
|-activate|p2a: Rillaboom|move: Whirlpool|[of] p1a: Politoed
|
|-weather|RainDance|[upkeep]
|-heal|p2a: Rillaboom|91/100|[from] Grassy Terrain
|-heal|p1a: Politoed|74/100|[from] Grassy Terrain
|-heal|p1a: Politoed|80/100|[from] item: Leftovers
|-damage|p2a: Rillaboom|79/100|[from] move: Whirlpool|[partiallytrapped]
|-start|p1a: Politoed|perish2
|upkeep
|turn|12
|
|t:|1760767593
|move|p2a: Rillaboom|Wood Hammer|p1a: Politoed
|-supereffective|p1a: Politoed
|-damage|p1a: Politoed|0 fnt
|faint|p1a: Politoed
|-damage|p2a: Rillaboom|49/100|[from] Recoil
|
|-weather|RainDance|[upkeep]
|-heal|p2a: Rillaboom|55/100|[from] Grassy Terrain
|-end|p2a: Rillaboom|Whirlpool|[partiallytrapped]|[silent]
|upkeep
|
|t:|1760767604
|switch|p1a: Zapdos|Zapdos|66/100
|-ability|p1a: Zapdos|Pressure
|turn|13
|
|t:|1760767613
|move|p1a: Zapdos|Hurricane|p2a: Rillaboom
|-supereffective|p2a: Rillaboom
|-damage|p2a: Rillaboom|0 fnt
|faint|p2a: Rillaboom
|
|-weather|RainDance|[upkeep]
|upkeep
|
|t:|1760767623
|switch|p2a: Samurott|Samurott-Hisui, M|100/100
|turn|14
|
|t:|1760767628
|move|p1a: Zapdos|Hurricane|p2a: Samurott
|-crit|p2a: Samurott
|-damage|p2a: Samurott|16/100
|move|p2a: Samurott|Razor Shell|p1a: Zapdos
|-damage|p1a: Zapdos|0 fnt
|faint|p1a: Zapdos
|
|-weather|none
|-heal|p2a: Samurott|22/100|[from] Grassy Terrain
|upkeep
|
|t:|1760767637
|switch|p1a: Great Tusk|Great Tusk|100/100
|-damage|p1a: Great Tusk|88/100|[from] Spikes
|-enditem|p1a: Great Tusk|Booster Energy
|-activate|p1a: Great Tusk|ability: Protosynthesis|[fromitem]
|-start|p1a: Great Tusk|protosynthesisatk
|turn|15
|
|t:|1760767650
|move|p2a: Samurott|Sucker Punch|p1a: Great Tusk
|-resisted|p1a: Great Tusk
|-damage|p1a: Great Tusk|76/100
|move|p1a: Great Tusk|Rapid Spin|p2a: Samurott
|-damage|p2a: Samurott|0 fnt
|-boost|p1a: Great Tusk|spe|1
|-sideend|p1: Skotus|Spikes|[from] move: Rapid Spin|[of] p1a: Great Tusk
|faint|p2a: Samurott
|
|-heal|p1a: Great Tusk|82/100|[from] Grassy Terrain
|-fieldend|move: Grassy Terrain
|upkeep
|
|t:|1760767662
|switch|p2a: Iron Valiant|Iron Valiant|100/100
|-enditem|p2a: Iron Valiant|Booster Energy
|-activate|p2a: Iron Valiant|ability: Quark Drive|[fromitem]
|-start|p2a: Iron Valiant|quarkdrivespe
|turn|16
|
|t:|1760767670
|-terastallize|p2a: Iron Valiant|Ghost
|move|p2a: Iron Valiant|Encore|p1a: Great Tusk
|-start|p1a: Great Tusk|Encore
|move|p1a: Great Tusk|Rapid Spin|p2a: Iron Valiant
|-immune|p2a: Iron Valiant
|
|upkeep
|turn|17
|
|t:|1760767676
|-end|p1a: Great Tusk|Protosynthesis|[silent]
|switch|p1a: Pelipper|Pelipper, M|34/100
|-weather|RainDance|[from] ability: Drizzle|[of] p1a: Pelipper
|move|p2a: Iron Valiant|Calm Mind|p2a: Iron Valiant
|-boost|p2a: Iron Valiant|spa|1
|-boost|p2a: Iron Valiant|spd|1
|
|-weather|RainDance|[upkeep]
|upkeep
|turn|18
|
|t:|1760767684
|move|p2a: Iron Valiant|Shadow Ball|p1a: Pelipper
|-damage|p1a: Pelipper|0 fnt
|faint|p1a: Pelipper
|
|-weather|RainDance|[upkeep]
|upkeep
|
|t:|1760767693
|switch|p1a: Heatran|Heatran, M|100/100
|turn|19
|
|t:|1760767700
|move|p2a: Iron Valiant|Shadow Ball|p1a: Heatran
|-damage|p1a: Heatran|38/100
|move|p1a: Heatran|Flash Cannon|p2a: Iron Valiant
|-damage|p2a: Iron Valiant|44/100
|
|-weather|RainDance|[upkeep]
|upkeep
|turn|20
|
|t:|1760767706
|move|p2a: Iron Valiant|Shadow Ball|p1a: Heatran
|-damage|p1a: Heatran|0 fnt
|faint|p1a: Heatran
|
|-weather|RainDance|[upkeep]
|upkeep
|
|t:|1760767708
|switch|p1a: Great Tusk|Great Tusk|82/100
|turn|21
|
|t:|1760767719
|move|p2a: Iron Valiant|Moonblast|p1a: Great Tusk
|-supereffective|p1a: Great Tusk
|-crit|p1a: Great Tusk
|-damage|p1a: Great Tusk|0 fnt
|faint|p1a: Great Tusk
|-end|p1a: Great Tusk|Protosynthesis|[silent]
|
|win|C4CTUSK1NG
|raw|Skotus's rating: 1348 &rarr; <strong>1327</strong><br />(-21 for losing)
|raw|C4CTUSK1NG's rating: 1332 &rarr; <strong>1353</strong><br />(+21 for winning)
|l|☆Skotus
|player|p1|
|l|☆C4CTUSK1NG
|player|p2|
