|j|☆JuniorDaCapixaba
|j|☆rhyperiorgoatau
|t:|1760847143
|gametype|singles
|player|p1|JuniorDaCapixaba|swimmerf-gen4|1055
|player|p2|rhyperiorgoatau|cynthia|1056
|gen|9
|tier|[Gen 9] OU
|rated|
|rule|HP Percentage Mod: HP is shown in percentages
|rule|Endless Battle Clause: Forcing endless battles is banned
|rule|Species Clause: Limit one of each Pokémon
|rule|OHKO Clause: OHKO moves are banned
|rule|Evasion Items Clause: Evasion items are banned
|rule|Evasion Moves Clause: Evasion moves are banned
|rule|Evasion Abilities Clause: Evasion abilities are banned
|rule|Sleep Moves Clause: Sleep-inducing moves are banned
|clearpoke
|poke|p1|Corviknight, M|
|poke|p1|Toxtricity, F|
|poke|p1|Incineroar, M|
|poke|p1|Araquanid, M|
|poke|p1|Dragapult, M|
|poke|p1|Primarina, F|
|poke|p2|Landorus-Therian, M|
|poke|p2|Samurott-Hisui, M|
|poke|p2|Pecharunt|
|poke|p2|Scizor, F|
|poke|p2|Latios, M|
|poke|p2|Zamazenta-*|
|teampreview
|
|t:|1760847149
|teamsize|p1|6
|teamsize|p2|6
|start
|switch|p1a: Araquanid|Araquanid, M|100/100
|switch|p2a: Landorus|Landorus-Therian, M|100/100
|-ability|p2a: Landorus|Intimidate|boost
|-unboost|p1a: Araquanid|atk|1
|turn|1
|
|t:|1760847162
|move|p2a: Landorus|Stealth Rock|p1a: Araquanid
|-sidestart|p1: JuniorDaCapixaba|move: Stealth Rock
|move|p1a: Araquanid|Sticky Web|p2a: Landorus
|-sidestart|p2: rhyperiorgoatau|move: Sticky Web
|
|upkeep
|turn|2
|
|t:|1760847170
|move|p2a: Landorus|U-turn|p1a: Araquanid
|-damage|p1a: Araquanid|78/100
|
|t:|1760847178
|switch|p2a: Samurott|Samurott-Hisui, M|100/100|[from] U-turn
|-activate|p2a: Samurott|move: Sticky Web
|-unboost|p2a: Samurott|spe|1
|move|p1a: Araquanid|Liquidation|p2a: Samurott
|-resisted|p2a: Samurott
|-damage|p2a: Samurott|83/100
|
|upkeep
|turn|3
|
|t:|1760847189
|move|p2a: Samurott|Ceaseless Edge|p1a: Araquanid
|-damage|p1a: Araquanid|27/100
|-sidestart|p1: JuniorDaCapixaba|Spikes
|move|p1a: Araquanid|Leech Life|p2a: Samurott
|-supereffective|p2a: Samurott
|-damage|p2a: Samurott|50/100
|-heal|p1a: Araquanid|44/100|[from] drain|[of] p2a: Samurott
|
|upkeep
|turn|4
|
|t:|1760847199
|move|p2a: Samurott|Ceaseless Edge|p1a: Araquanid|[miss]
|-miss|p2a: Samurott|p1a: Araquanid
|move|p1a: Araquanid|Leech Life|p2a: Samurott
|-supereffective|p2a: Samurott
|-damage|p2a: Samurott|18/100
|-heal|p1a: Araquanid|61/100|[from] drain|[of] p2a: Samurott
|
|upkeep
|turn|5
|
|t:|1760847208
|move|p2a: Samurott|Ceaseless Edge|p1a: Araquanid
|-damage|p1a: Araquanid|8/100
|-sidestart|p1: JuniorDaCapixaba|Spikes
|move|p1a: Araquanid|Leech Life|p2a: Samurott
|-supereffective|p2a: Samurott
|-damage|p2a: Samurott|0 fnt
|-heal|p1a: Araquanid|18/100|[from] drain|[of] p2a: Samurott
|faint|p2a: Samurott
|
|upkeep
|
|t:|1760847220
|switch|p2a: Pecharunt|Pecharunt|100/100
|turn|6
|
|t:|1760847232
|move|p2a: Pecharunt|Malignant Chain|p1a: Araquanid
|-damage|p1a: Araquanid|0 fnt
|faint|p1a: Araquanid
|
|upkeep
|
|t:|1760847238
|switch|p1a: Corviknight|Corviknight, M|100/100
|-damage|p1a: Corviknight|88/100|[from] Stealth Rock
|-ability|p1a: Corviknight|Pressure
|turn|7
|
|t:|1760847248
|move|p2a: Pecharunt|Parting Shot|p1a: Corviknight
|-unboost|p1a: Corviknight|atk|1
|-unboost|p1a: Corviknight|spa|1
|
|t:|1760847251
|switch|p2a: Scizor|Scizor, F|100/100|[from] Parting Shot
|move|p1a: Corviknight|Iron Defense|p1a: Corviknight
|-boost|p1a: Corviknight|def|2
|
|-heal|p1a: Corviknight|94/100|[from] item: Leftovers
|upkeep
|turn|8
|
|t:|1760847263
|move|p2a: Scizor|Swords Dance|p2a: Scizor
|-boost|p2a: Scizor|atk|2
|move|p1a: Corviknight|Brave Bird|p2a: Scizor
|-damage|p2a: Scizor|75/100
|-damage|p1a: Corviknight|88/100|[from] Recoil
|
|-heal|p1a: Corviknight|94/100|[from] item: Leftovers
|upkeep
|turn|9
|
|t:|1760847274
|move|p2a: Scizor|Knock Off|p1a: Corviknight
|-damage|p1a: Corviknight|70/100
|-enditem|p1a: Corviknight|Leftovers|[from] move: Knock Off|[of] p2a: Scizor
|move|p1a: Corviknight|Iron Defense|p1a: Corviknight
|-boost|p1a: Corviknight|def|2
|
|upkeep
|turn|10
|
|t:|1760847282
|-terastallize|p2a: Scizor|Electric
|move|p2a: Scizor|Tera Blast|p1a: Corviknight|[anim] Tera Blast Electric
|-supereffective|p1a: Corviknight
|-damage|p1a: Corviknight|31/100
|move|p1a: Corviknight|Iron Defense|p1a: Corviknight
|-boost|p1a: Corviknight|def|2
|
|upkeep
|turn|11
|
|t:|1760847291
|move|p2a: Scizor|Tera Blast|p1a: Corviknight|[anim] Tera Blast Electric
|-supereffective|p1a: Corviknight
|-damage|p1a: Corviknight|2/100
|move|p1a: Corviknight|Roost|p1a: Corviknight
|-heal|p1a: Corviknight|52/100
|-singleturn|p1a: Corviknight|move: Roost
|
|upkeep
|turn|12
|
|t:|1760847300
|move|p2a: Scizor|Swords Dance|p2a: Scizor
|-boost|p2a: Scizor|atk|2
|move|p1a: Corviknight|Roost|p1a: Corviknight
|-heal|p1a: Corviknight|100/100
|-singleturn|p1a: Corviknight|move: Roost
|
|upkeep
|turn|13
|
|t:|1760847312
|move|p2a: Scizor|Tera Blast|p1a: Corviknight|[anim] Tera Blast Electric
|-supereffective|p1a: Corviknight
|-damage|p1a: Corviknight|57/100
|move|p1a: Corviknight|Body Press|p2a: Scizor
|-damage|p2a: Scizor|0 fnt
|faint|p2a: Scizor
|
|upkeep
|
|t:|1760847321
|switch|p2a: Landorus|Landorus-Therian, M|100/100
|-ability|p2a: Landorus|Intimidate|boost
|-unboost|p1a: Corviknight|atk|1
|turn|14
|
|t:|1760847328
|move|p2a: Landorus|Smack Down|p1a: Corviknight
|-damage|p1a: Corviknight|54/100
|-start|p1a: Corviknight|Smack Down
|move|p1a: Corviknight|Roost|p1a: Corviknight
|-heal|p1a: Corviknight|100/100
|-singleturn|p1a: Corviknight|move: Roost
|
|upkeep
|turn|15
|
|t:|1760847337
|move|p2a: Landorus|Earthquake|p1a: Corviknight
|-supereffective|p1a: Corviknight
|-damage|p1a: Corviknight|85/100
|move|p1a: Corviknight|Brave Bird|p2a: Landorus
|-damage|p2a: Landorus|84/100
|-damage|p1a: Corviknight|69/100|[from] item: Rocky Helmet|[of] p2a: Landorus
|-damage|p1a: Corviknight|64/100|[from] Recoil
|
|upkeep
|turn|16
|
|t:|1760847352
|move|p2a: Landorus|Earthquake|p1a: Corviknight
|-supereffective|p1a: Corviknight
|-damage|p1a: Corviknight|49/100
|move|p1a: Corviknight|Body Press|p2a: Landorus
|-resisted|p2a: Landorus
|-damage|p2a: Landorus|29/100
|-damage|p1a: Corviknight|32/100|[from] item: Rocky Helmet|[of] p2a: Landorus
|
|upkeep
|turn|17
|
|t:|1760847360
|move|p2a: Landorus|Earthquake|p1a: Corviknight
|-supereffective|p1a: Corviknight
|-damage|p1a: Corviknight|19/100
|move|p1a: Corviknight|Roost|p1a: Corviknight
|-heal|p1a: Corviknight|69/100
|-singleturn|p1a: Corviknight|move: Roost
|
|upkeep
|turn|18
|
|t:|1760847370
|move|p2a: Landorus|Earthquake|p1a: Corviknight
|-supereffective|p1a: Corviknight
|-damage|p1a: Corviknight|52/100
|move|p1a: Corviknight|Body Press|p2a: Landorus
|-resisted|p2a: Landorus
|-damage|p2a: Landorus|0 fnt
|-damage|p1a: Corviknight|36/100|[from] item: Rocky Helmet|[of] p2a: Landorus
|faint|p2a: Landorus
|
|upkeep
|
|t:|1760847376
|switch|p2a: Pecharunt|Pecharunt|100/100
|turn|19
|l|☆JuniorDaCapixaba
|player|p1|
|j|☆JuniorDaCapixaba
|player|p1|JuniorDaCapixaba|swimmerf-gen4|
|
|t:|1760847403
|move|p2a: Pecharunt|Shadow Ball|p1a: Corviknight
|-damage|p1a: Corviknight|9/100
|move|p1a: Corviknight|Roost|p1a: Corviknight
|-heal|p1a: Corviknight|59/100
|-singleturn|p1a: Corviknight|move: Roost
|
|upkeep
|turn|20
|
|t:|1760847415
|move|p2a: Pecharunt|Shadow Ball|p1a: Corviknight
|-damage|p1a: Corviknight|34/100
|move|p1a: Corviknight|Roost|p1a: Corviknight
|-heal|p1a: Corviknight|84/100
|-singleturn|p1a: Corviknight|move: Roost
|
|upkeep
|turn|21
|
|t:|1760847424
|move|p2a: Pecharunt|Shadow Ball|p1a: Corviknight
|-damage|p1a: Corviknight|59/100
|move|p1a: Corviknight|Brave Bird|p2a: Pecharunt
|-damage|p2a: Pecharunt|90/100
|-damage|p1a: Corviknight|56/100|[from] Recoil
|
|upkeep
|turn|22
|
|t:|1760847436
|move|p2a: Pecharunt|Shadow Ball|p1a: Corviknight
|-damage|p1a: Corviknight|33/100
|-unboost|p1a: Corviknight|spd|1
|move|p1a: Corviknight|Roost|p1a: Corviknight
|-heal|p1a: Corviknight|83/100
|-singleturn|p1a: Corviknight|move: Roost
|
|upkeep
|turn|23
|
|t:|1760847445
|move|p2a: Pecharunt|Shadow Ball|p1a: Corviknight
|-damage|p1a: Corviknight|50/100
|-unboost|p1a: Corviknight|spd|1
|move|p1a: Corviknight|Brave Bird|p2a: Pecharunt
|-damage|p2a: Pecharunt|80/100
|-damage|p1a: Corviknight|47/100|[from] Recoil
|
|upkeep
|turn|24
|
|t:|1760847454
|move|p2a: Pecharunt|Shadow Ball|p1a: Corviknight
|-damage|p1a: Corviknight|0 fnt
|faint|p1a: Corviknight
|
|upkeep
|
|t:|1760847466
|switch|p1a: Primarina|Primarina, F|100/100
|-damage|p1a: Primarina|88/100|[from] Stealth Rock
|-damage|p1a: Primarina|72/100|[from] Spikes
|turn|25
|l|☆JuniorDaCapixaba
|player|p1|
|j|☆JuniorDaCapixaba
|player|p1|JuniorDaCapixaba|swimmerf-gen4|
|
|t:|1760847488
|-terastallize|p1a: Primarina|Water
|move|p2a: Pecharunt|Malignant Chain|p1a: Primarina
|-damage|p1a: Primarina|45/100
|-status|p1a: Primarina|tox
|-start|p1a: Primarina|confusion|[from] ability: Poison Puppeteer|[of] p2a: Pecharunt
|-activate|p1a: Primarina|confusion
|move|p1a: Primarina|Hydro Pump|p2a: Pecharunt
|-damage|p2a: Pecharunt|4/100
|
|-heal|p1a: Primarina|50/100 tox|[from] item: Leftovers
|-damage|p1a: Primarina|45/100 tox|[from] psn
|upkeep
|turn|26
|l|☆JuniorDaCapixaba
|player|p1|
|j|☆JuniorDaCapixaba
|player|p1|JuniorDaCapixaba|swimmerf-gen4|
|
|t:|1760847520
|move|p2a: Pecharunt|Shadow Ball|p1a: Primarina
|-damage|p1a: Primarina|25/100 tox
|-activate|p1a: Primarina|confusion
|move|p1a: Primarina|Ice Beam|p2a: Pecharunt
|-crit|p2a: Pecharunt
|-damage|p2a: Pecharunt|0 fnt
|faint|p2a: Pecharunt
|
|-heal|p1a: Primarina|31/100 tox|[from] item: Leftovers
|-damage|p1a: Primarina|19/100 tox|[from] psn
|upkeep
|
|t:|1760847538
|switch|p2a: Zamazenta|Zamazenta|100/100
|-activate|p2a: Zamazenta|move: Sticky Web
|-unboost|p2a: Zamazenta|spe|1
|-ability|p2a: Zamazenta|Dauntless Shield|boost
|-boost|p2a: Zamazenta|def|1
|turn|27
|
|t:|1760847555
|move|p2a: Zamazenta|Crunch|p1a: Primarina
|-damage|p1a: Primarina|0 fnt
|faint|p1a: Primarina
|
|upkeep
|
|t:|1760847568
|switch|p1a: Dragapult|Dragapult, M|100/100
|-damage|p1a: Dragapult|88/100|[from] Stealth Rock
|-damage|p1a: Dragapult|72/100|[from] Spikes
|turn|28
|
|t:|1760847581
|move|p1a: Dragapult|Shadow Ball|p2a: Zamazenta
|-damage|p2a: Zamazenta|69/100
|-unboost|p2a: Zamazenta|spd|1
|move|p2a: Zamazenta|Crunch|p1a: Dragapult
|-supereffective|p1a: Dragapult
|-damage|p1a: Dragapult|2/100
|
|-heal|p1a: Dragapult|8/100|[from] item: Leftovers
|-heal|p2a: Zamazenta|75/100|[from] item: Leftovers
|upkeep
|turn|29
|
|t:|1760847598
|move|p1a: Dragapult|Shadow Ball|p2a: Zamazenta
|-damage|p2a: Zamazenta|26/100
|move|p2a: Zamazenta|Crunch|p1a: Dragapult
|-supereffective|p1a: Dragapult
|-damage|p1a: Dragapult|0 fnt
|faint|p1a: Dragapult
|
|-heal|p2a: Zamazenta|32/100|[from] item: Leftovers
|upkeep
|
|t:|1760847608
|switch|p1a: Toxtricity|Toxtricity, F|100/100
|-damage|p1a: Toxtricity|88/100|[from] Stealth Rock
|-damage|p1a: Toxtricity|72/100|[from] Spikes
|turn|30
|
|t:|1760847619
|move|p2a: Zamazenta|Body Press|p1a: Toxtricity
|-resisted|p1a: Toxtricity
|-damage|p1a: Toxtricity|29/100
|move|p1a: Toxtricity|Overdrive|p2a: Zamazenta
|-damage|p2a: Zamazenta|0 fnt
|faint|p2a: Zamazenta
|-enditem|p1a: Toxtricity|Throat Spray
|-boost|p1a: Toxtricity|spa|1|[from] item: Throat Spray
|
|upkeep
|
|t:|1760847629
|switch|p2a: Latios|Latios, M|100/100
|turn|31
|
|t:|1760847637
|move|p2a: Latios|Psychic Noise|p1a: Toxtricity
|-supereffective|p1a: Toxtricity
|-damage|p1a: Toxtricity|0 fnt
|faint|p1a: Toxtricity
|
|upkeep
|
|t:|1760847643
|switch|p1a: Incineroar|Incineroar, M|100/100
|-damage|p1a: Incineroar|76/100|[from] Stealth Rock
|-damage|p1a: Incineroar|59/100|[from] Spikes
|-ability|p1a: Incineroar|Intimidate|boost
|-unboost|p2a: Latios|atk|1
|turn|32
|l|☆JuniorDaCapixaba
|player|p1|
|j|☆JuniorDaCapixaba
|player|p1|JuniorDaCapixaba|swimmerf-gen4|
|
|t:|1760847664
|move|p1a: Incineroar|Fake Out|p2a: Latios
|-crit|p2a: Latios
|-damage|p2a: Latios|74/100
|cant|p2a: Latios|flinch
|
|upkeep
|turn|33
|
|t:|1760847673
|move|p2a: Latios|Draco Meteor|p1a: Incineroar
|-damage|p1a: Incineroar|0 fnt
|-unboost|p2a: Latios|spa|2
|faint|p1a: Incineroar
|
|win|rhyperiorgoatau
|raw|JuniorDaCapixaba's rating: 1055 &rarr; <strong>1037</strong><br />(-18 for losing)
|raw|rhyperiorgoatau's rating: 1056 &rarr; <strong>1088</strong><br />(+32 for winning)
|l|☆JuniorDaCapixaba
|player|p1|
|l|☆rhyperiorgoatau
|player|p2|
