|j|☆turb0truck
|j|☆PokeMasterEN
|t:|1760839670
|gametype|singles
|player|p1|turb0truck|1|1344
|player|p2|PokeMasterEN|firebreather|1291
|gen|9
|tier|[Gen 9] OU
|rated|
|rule|HP Percentage Mod: HP is shown in percentages
|rule|Endless Battle Clause: Forcing endless battles is banned
|rule|Species Clause: Limit one of each Pokémon
|rule|OHKO Clause: OHKO moves are banned
|rule|Evasion Items Clause: Evasion items are banned
|rule|Evasion Moves Clause: Evasion moves are banned
|rule|Evasion Abilities Clause: Evasion abilities are banned
|rule|Sleep Moves Clause: Sleep-inducing moves are banned
|clearpoke
|poke|p1|Kyurem|
|poke|p1|Latios, M|
|poke|p1|Lucario, F|
|poke|p1|Primarina, M|
|poke|p1|Terrakion|
|poke|p1|Cresselia, F|
|poke|p2|Kyurem|
|poke|p2|Landorus-Therian, M|
|poke|p2|Kingambit, M|
|poke|p2|Zamazenta-*|
|poke|p2|Great Tusk|
|poke|p2|Zapdos|
|teampreview
|inactive|Battle timer is ON: inactive players will automatically lose when time's up. (requested by PokeMasterEN)
|
|t:|1760839690
|teamsize|p1|6
|teamsize|p2|6
|start
|switch|p1a: Terrakion|Terrakion|100/100
|switch|p2a: Zapdos|Zapdos|100/100
|turn|1
|
|t:|1760839701
|move|p1a: Terrakion|Rock Slide|p2a: Zapdos
|-supereffective|p2a: Zapdos
|-damage|p2a: Zapdos|1/100
|move|p2a: Zapdos|Volt Switch|p1a: Terrakion
|-crit|p1a: Terrakion
|-damage|p1a: Terrakion|38/100
|
|t:|1760839718
|switch|p2a: Zamazenta|Zamazenta|100/100|[from] Volt Switch
|-ability|p2a: Zamazenta|Dauntless Shield|boost
|-boost|p2a: Zamazenta|def|1
|
|upkeep
|turn|2
|
|t:|1760839726
|switch|p1a: Primarina|Primarina, M|100/100
|move|p2a: Zamazenta|Close Combat|p1a: Primarina
|-resisted|p1a: Primarina
|-damage|p1a: Primarina|56/100
|-unboost|p2a: Zamazenta|def|1
|-unboost|p2a: Zamazenta|spd|1
|-damage|p2a: Zamazenta|91/100|[from] item: Life Orb
|
|-heal|p1a: Primarina|62/100|[from] item: Leftovers
|upkeep
|turn|3
|
|t:|1760839741
|switch|p2a: Landorus|Landorus-Therian, M|100/100
|-ability|p2a: Landorus|Intimidate|boost
|-unboost|p1a: Primarina|atk|1
|move|p1a: Primarina|Draining Kiss|p2a: Landorus
|-damage|p2a: Landorus|78/100
|-heal|p1a: Primarina|84/100|[from] drain|[of] p2a: Landorus
|-damage|p1a: Primarina|67/100|[from] item: Rocky Helmet|[of] p2a: Landorus
|
|-heal|p1a: Primarina|73/100|[from] item: Leftovers
|upkeep
|turn|4
|
|t:|1760839752
|move|p2a: Landorus|Stealth Rock|p1a: Primarina
|-sidestart|p1: turb0truck|move: Stealth Rock
|move|p1a: Primarina|Sparkling Aria|p2a: Landorus
|-supereffective|p2a: Landorus
|-damage|p2a: Landorus|0 fnt
|faint|p2a: Landorus
|
|-heal|p1a: Primarina|79/100|[from] item: Leftovers
|upkeep
|
|t:|1760839763
|switch|p2a: Kyurem|Kyurem|100/100
|-ability|p2a: Kyurem|Pressure
|turn|5
|
|t:|1760839775
|switch|p1a: Cresselia|Cresselia, F|100/100
|-damage|p1a: Cresselia|88/100|[from] Stealth Rock
|-terastallize|p2a: Kyurem|Fairy
|move|p2a: Kyurem|Freeze-Dry|p1a: Cresselia
|-damage|p1a: Cresselia|76/100
|
|upkeep
|turn|6
|
|t:|1760839791
|move|p2a: Kyurem|Focus Blast|p1a: Cresselia
|-resisted|p1a: Cresselia
|-damage|p1a: Cresselia|69/100
|move|p1a: Cresselia|Expanding Force|p2a: Kyurem
|-damage|p2a: Kyurem|89/100
|
|upkeep
|turn|7
|
|t:|1760839801
|switch|p2a: Great Tusk|Great Tusk|100/100
|move|p1a: Cresselia|Shadow Ball|p2a: Great Tusk
|-damage|p2a: Great Tusk|80/100
|
|upkeep
|turn|8
|
|t:|1760839809
|move|p2a: Great Tusk|Knock Off|p1a: Cresselia
|-supereffective|p1a: Cresselia
|-damage|p1a: Cresselia|25/100
|-enditem|p1a: Cresselia|Assault Vest|[from] move: Knock Off|[of] p2a: Great Tusk
|move|p1a: Cresselia|Expanding Force|p2a: Great Tusk
|-supereffective|p2a: Great Tusk
|-damage|p2a: Great Tusk|13/100
|
|upkeep
|turn|9
|
|t:|1760839822
|move|p2a: Great Tusk|Knock Off|p1a: Cresselia
|-supereffective|p1a: Cresselia
|-damage|p1a: Cresselia|0 fnt
|faint|p1a: Cresselia
|
|upkeep
|
|t:|1760839836
|switch|p1a: Latios|Latios, M|100/100
|-damage|p1a: Latios|88/100|[from] Stealth Rock
|turn|10
|
|t:|1760839848
|move|p1a: Latios|Draco Meteor|p2a: Great Tusk|[miss]
|-miss|p1a: Latios|p2a: Great Tusk
|move|p2a: Great Tusk|Ice Spinner|p1a: Latios
|-supereffective|p1a: Latios
|-damage|p1a: Latios|17/100
|
|upkeep
|turn|11
|inactive|PokeMasterEN has 120 seconds left.
|
|t:|1760839878
|move|p1a: Latios|Draco Meteor|p2a: Great Tusk
|-damage|p2a: Great Tusk|0 fnt
|-unboost|p1a: Latios|spa|2
|faint|p2a: Great Tusk
|-end|p2a: Great Tusk|Protosynthesis|[silent]
|
|upkeep
|inactive|PokeMasterEN has 120 seconds left.
|
|t:|1760839889
|switch|p2a: Zamazenta|Zamazenta|91/100
|turn|12
|inactive|PokeMasterEN has 120 seconds left.
|
|t:|1760839898
|switch|p1a: Primarina|Primarina, M|79/100
|-damage|p1a: Primarina|67/100|[from] Stealth Rock
|move|p2a: Zamazenta|Crunch|p1a: Primarina
|-resisted|p1a: Primarina
|-damage|p1a: Primarina|47/100
|-damage|p2a: Zamazenta|81/100|[from] item: Life Orb
|
|-heal|p1a: Primarina|53/100|[from] item: Leftovers
|upkeep
|turn|13
|inactive|PokeMasterEN has 120 seconds left.
|
|t:|1760839910
|switch|p2a: Kingambit|Kingambit, M|100/100
|-activate|p2a: Kingambit|ability: Supreme Overlord
|-start|p2a: Kingambit|fallen2|[silent]
|move|p1a: Primarina|Draining Kiss|p2a: Kingambit
|-damage|p2a: Kingambit|80/100
|-heal|p1a: Primarina|73/100|[from] drain|[of] p2a: Kingambit
|
|-heal|p1a: Primarina|79/100|[from] item: Leftovers
|-heal|p2a: Kingambit|86/100|[from] item: Leftovers
|upkeep
|turn|14
|
|t:|1760839923
|move|p1a: Primarina|Sparkling Aria|p2a: Kingambit
|-damage|p2a: Kingambit|50/100
|move|p2a: Kingambit|Iron Head|p1a: Primarina
|-damage|p1a: Primarina|23/100
|
|-heal|p1a: Primarina|29/100|[from] item: Leftovers
|-heal|p2a: Kingambit|56/100|[from] item: Leftovers
|upkeep
|turn|15
|
|t:|1760839932
|move|p2a: Kingambit|Sucker Punch|p1a: Primarina
|-resisted|p1a: Primarina
|-damage|p1a: Primarina|3/100
|move|p1a: Primarina|Sparkling Aria|p2a: Kingambit
|-damage|p2a: Kingambit|0 fnt
|faint|p2a: Kingambit
|-end|p2a: Kingambit|fallen2|[silent]
|
|-heal|p1a: Primarina|9/100|[from] item: Leftovers
|upkeep
|
|t:|1760839936
|switch|p2a: Zamazenta|Zamazenta|81/100
|turn|16
|
|t:|1760839943
|move|p2a: Zamazenta|Close Combat|p1a: Primarina
|-resisted|p1a: Primarina
|-damage|p1a: Primarina|0 fnt
|-unboost|p2a: Zamazenta|def|1
|-unboost|p2a: Zamazenta|spd|1
|faint|p1a: Primarina
|-damage|p2a: Zamazenta|71/100|[from] item: Life Orb
|
|upkeep
|
|t:|1760839952
|switch|p1a: Latios|Latios, M|17/100
|-damage|p1a: Latios|5/100|[from] Stealth Rock
|turn|17
|
|t:|1760839960
|move|p2a: Zamazenta|Ice Fang|p1a: Latios
|-supereffective|p1a: Latios
|-damage|p1a: Latios|0 fnt
|faint|p1a: Latios
|-damage|p2a: Zamazenta|61/100|[from] item: Life Orb
|
|upkeep
|
|t:|1760839967
|switch|p1a: Terrakion|Terrakion|38/100
|-damage|p1a: Terrakion|32/100|[from] Stealth Rock
|turn|18
|
|t:|1760839978
|move|p1a: Terrakion|Close Combat|p2a: Zamazenta
|-damage|p2a: Zamazenta|0 fnt
|-unboost|p1a: Terrakion|def|1
|-unboost|p1a: Terrakion|spd|1
|faint|p2a: Zamazenta
|
|upkeep
|
|t:|1760839985
|switch|p2a: Zapdos|Zapdos|1/100
|turn|19
|
|t:|1760839991
|move|p1a: Terrakion|Close Combat|p2a: Zapdos
|-resisted|p2a: Zapdos
|-damage|p2a: Zapdos|0 fnt
|-unboost|p1a: Terrakion|def|1
|-unboost|p1a: Terrakion|spd|1
|faint|p2a: Zapdos
|
|upkeep
|
|t:|1760839993
|switch|p2a: Kyurem|Kyurem, tera:Fairy|89/100
|-ability|p2a: Kyurem|Pressure
|turn|20
|
|t:|1760840002
|switch|p1a: Kyurem|Kyurem|100/100
|-damage|p1a: Kyurem|75/100|[from] Stealth Rock
|-ability|p1a: Kyurem|Pressure
|move|p2a: Kyurem|Earth Power|p1a: Kyurem
|-damage|p1a: Kyurem|45/100
|
|upkeep
|turn|21
|
|t:|1760840013
|move|p1a: Kyurem|Flash Cannon|p2a: Kyurem
|-supereffective|p2a: Kyurem
|-crit|p2a: Kyurem
|-damage|p2a: Kyurem|19/100
|move|p2a: Kyurem|Focus Blast|p1a: Kyurem
|-supereffective|p1a: Kyurem
|-damage|p1a: Kyurem|0 fnt
|faint|p1a: Kyurem
|
|upkeep
|
|t:|1760840023
|switch|p1a: Lucario|Lucario, F|100/100
|-damage|p1a: Lucario|98/100|[from] Stealth Rock
|turn|22
|
|t:|1760840029
|move|p1a: Lucario|Bullet Punch|p2a: Kyurem
|-supereffective|p2a: Kyurem
|-damage|p2a: Kyurem|0 fnt
|faint|p2a: Kyurem
|
|win|turb0truck
|raw|turb0truck's rating: 1344 &rarr; <strong>1361</strong><br />(+17 for winning)
|raw|PokeMasterEN's rating: 1291 &rarr; <strong>1270</strong><br />(-21 for losing)
|l|☆PokeMasterEN
|player|p2|
|l|☆turb0truck
|player|p1|
