|j|☆guensama
|j|☆Alex_F2B
|t:|1760883286
|gametype|singles
|player|p1|guensama|marley|1266
|player|p2|Alex_F2B|265|1258
|gen|9
|tier|[Gen 9] OU
|rated|
|rule|HP Percentage Mod: HP is shown in percentages
|rule|Endless Battle Clause: Forcing endless battles is banned
|rule|Species Clause: Limit one of each Pokémon
|rule|OHKO Clause: OHKO moves are banned
|rule|Evasion Items Clause: Evasion items are banned
|rule|Evasion Moves Clause: Evasion moves are banned
|rule|Evasion Abilities Clause: Evasion abilities are banned
|rule|Sleep Moves Clause: Sleep-inducing moves are banned
|clearpoke
|poke|p1|Raging Bolt|
|poke|p1|Garchomp, F|
|poke|p1|Veluza, F|
|poke|p1|Iron Valiant|
|poke|p1|Cinderace, F|
|poke|p1|Scizor, M|
|poke|p2|Gholdengo|
|poke|p2|Ogerpon-Wellspring, F|
|poke|p2|Kingambit, M|
|poke|p2|Gliscor, M|
|poke|p2|Kyurem|
|poke|p2|Slowking-Galar, F|
|teampreview
|
|t:|1760883293
|teamsize|p1|6
|teamsize|p2|6
|start
|switch|p1a: Fun team|Veluza, F|100/100
|switch|p2a: Ogerpon|Ogerpon-Wellspring, F|100/100
|-ability|p1a: Fun team|Mold Breaker
|turn|1
|
|t:|1760883357
|move|p1a: Fun team|Final Gambit|p2a: Ogerpon
|-damage|p2a: Ogerpon|0 fnt
|faint|p1a: Fun team
|faint|p2a: Ogerpon
|
|upkeep
|
|t:|1760883402
|switch|p2a: Gliscor|Gliscor, M|100/100
|switch|p1a: Morris|Scizor, M|100/100
|turn|2
|
|t:|1760883455
|move|p2a: Gliscor|Protect|p2a: Gliscor
|-singleturn|p2a: Gliscor|Protect
|move|p1a: Morris|Swords Dance|p1a: Morris
|-boost|p1a: Morris|atk|2
|
|-status|p2a: Gliscor|tox|[from] item: Toxic Orb
|upkeep
|turn|3
|inactive|Battle timer is ON: inactive players will automatically lose when time's up. (requested by guensama)
|
|t:|1760883518
|move|p2a: Gliscor|Earthquake|p1a: Morris
|-damage|p1a: Morris|64/100
|move|p1a: Morris|Knock Off|p2a: Gliscor
|-damage|p2a: Gliscor|56/100 tox
|-enditem|p2a: Gliscor|Toxic Orb|[from] move: Knock Off|[of] p1a: Morris
|
|-heal|p2a: Gliscor|68/100 tox|[from] ability: Poison Heal
|upkeep
|turn|4
|
|t:|1760883536
|move|p1a: Morris|Bullet Punch|p2a: Gliscor
|-damage|p2a: Gliscor|16/100 tox
|move|p2a: Gliscor|Earthquake|p1a: Morris
|-damage|p1a: Morris|28/100
|
|-heal|p2a: Gliscor|29/100 tox|[from] ability: Poison Heal
|upkeep
|turn|5
|inactive|Alex_F2B has 120 seconds left.
|
|t:|1760883591
|move|p2a: Gliscor|Earthquake|p1a: Morris
|-damage|p1a: Morris|0 fnt
|faint|p1a: Morris
|
|-heal|p2a: Gliscor|41/100 tox|[from] ability: Poison Heal
|upkeep
|
|t:|1760883606
|switch|p1a: Goat|Garchomp, F|100/100
|turn|6
|
|t:|1760883626
|move|p1a: Goat|Swords Dance|p1a: Goat
|-boost|p1a: Goat|atk|2
|move|p2a: Gliscor|Toxic|p1a: Goat
|-status|p1a: Goat|tox
|
|-damage|p1a: Goat|94/100 tox|[from] psn
|-heal|p2a: Gliscor|54/100 tox|[from] ability: Poison Heal
|upkeep
|turn|7
|inactive|guensama has 120 seconds left.
|
|t:|1760883684
|move|p2a: Gliscor|Protect|p2a: Gliscor
|-singleturn|p2a: Gliscor|Protect
|move|p1a: Goat|Scale Shot|p2a: Gliscor
|-activate|p2a: Gliscor|move: Protect
|
|-damage|p1a: Goat|82/100 tox|[from] psn
|-heal|p2a: Gliscor|66/100 tox|[from] ability: Poison Heal
|upkeep
|turn|8
|
|t:|1760883690
|move|p1a: Goat|Scale Shot|p2a: Gliscor
|-damage|p2a: Gliscor|51/100 tox
|-crit|p2a: Gliscor
|-damage|p2a: Gliscor|25/100 tox
|-damage|p2a: Gliscor|9/100 tox
|-damage|p2a: Gliscor|0 fnt
|faint|p2a: Gliscor
|-hitcount|p2: Gliscor|4
|-unboost|p1a: Goat|def|1
|-boost|p1a: Goat|spe|1
|
|-damage|p1a: Goat|64/100 tox|[from] psn
|upkeep
|
|t:|1760883712
|switch|p2a: Gholdengo|Gholdengo|100/100
|turn|9
|
|t:|1760883725
|move|p1a: Goat|Earthquake|p2a: Gholdengo
|-supereffective|p2a: Gholdengo
|-damage|p2a: Gholdengo|0 fnt
|faint|p2a: Gholdengo
|
|-damage|p1a: Goat|39/100 tox|[from] psn
|upkeep
|
|t:|1760883733
|switch|p2a: Kyurem|Kyurem|100/100
|-ability|p2a: Kyurem|Pressure
|turn|10
|
|t:|1760883743
|switch|p2a: Slowking|Slowking-Galar, F|100/100
|move|p1a: Goat|Scale Shot|p2a: Slowking
|-damage|p2a: Slowking|75/100
|-damage|p2a: Slowking|48/100
|-damage|p2a: Slowking|22/100
|-damage|p2a: Slowking|0 fnt
|faint|p2a: Slowking
|-hitcount|p2: Slowking|4
|-unboost|p1a: Goat|def|1
|-boost|p1a: Goat|spe|1
|
|-damage|p1a: Goat|8/100 tox|[from] psn
|upkeep
|
|t:|1760883749
|switch|p2a: Kingambit|Kingambit, M|100/100
|-activate|p2a: Kingambit|ability: Supreme Overlord
|-start|p2a: Kingambit|fallen4|[silent]
|turn|11
|
|t:|1760883753
|move|p2a: Kingambit|Sucker Punch|p1a: Goat
|-damage|p1a: Goat|0 fnt
|-damage|p2a: Kingambit|88/100|[from] ability: Rough Skin|[of] p1a: Goat
|faint|p1a: Goat
|
|upkeep
|
|t:|1760883757
|switch|p1a: C.R 7|Iron Valiant|100/100
|-enditem|p1a: C.R 7|Booster Energy
|-activate|p1a: C.R 7|ability: Quark Drive|[fromitem]
|-start|p1a: C.R 7|quarkdrivespe
|turn|12
|
|t:|1760883759
|-terastallize|p2a: Kingambit|Fairy
|move|p1a: C.R 7|Encore|p2a: Kingambit
|-start|p2a: Kingambit|Encore
|move|p2a: Kingambit|Sucker Punch||[still]
|-fail|p2a: Kingambit
|
|upkeep
|turn|13
|
|t:|1760883764
|-end|p2a: Kingambit|fallen4|[silent]
|switch|p2a: Kyurem|Kyurem|100/100
|-ability|p2a: Kyurem|Pressure
|move|p1a: C.R 7|Swords Dance|p1a: C.R 7
|-boost|p1a: C.R 7|atk|2
|
|upkeep
|turn|14
|
|t:|1760883774
|move|p1a: C.R 7|Spirit Break|p2a: Kyurem
|-supereffective|p2a: Kyurem
|-damage|p2a: Kyurem|0 fnt
|faint|p2a: Kyurem
|
|upkeep
|-message|Alex_F2B forfeited.
|
|win|guensama
|raw|guensama's rating: 1266 &rarr; <strong>1290</strong><br />(+24 for winning)
|raw|Alex_F2B's rating: 1258 &rarr; <strong>1234</strong><br />(-24 for losing)
|l|☆Alex_F2B
|player|p2|
|l|☆guensama
|player|p1|
