|j|☆frozenhost
|j|‽shindig42
|t:|1760746139
|gametype|singles
|player|p1|frozenhost|unknownf|1382
|player|p2|shindig42|brycen|1321
|gen|9
|tier|[Gen 9] OU
|rated|
|rule|HP Percentage Mod: HP is shown in percentages
|rule|Endless Battle Clause: Forcing endless battles is banned
|rule|Species Clause: Limit one of each Pokémon
|rule|OHKO Clause: OHKO moves are banned
|rule|Evasion Items Clause: Evasion items are banned
|rule|Evasion Moves Clause: Evasion moves are banned
|rule|Evasion Abilities Clause: Evasion abilities are banned
|rule|Sleep Moves Clause: Sleep-inducing moves are banned
|clearpoke
|poke|p1|Ogerpon-Wellspring, F|
|poke|p1|Tatsugiri-Stretchy, F|
|poke|p1|Kingambit, M|
|poke|p1|Heatran, M|
|poke|p1|Rillaboom, M|
|poke|p1|Garganacl, F|
|poke|p2|Corviknight, F|
|poke|p2|Slowking-Galar, F|
|poke|p2|Landorus-Therian, M|
|poke|p2|Cinderace, M|
|poke|p2|Darkrai|
|poke|p2|Samurott-Hisui, M|
|teampreview
|inactive|Battle timer is ON: inactive players will automatically lose when time's up. (requested by frozenhost)
|
|t:|1760746162
|teamsize|p1|6
|teamsize|p2|6
|start
|switch|p1a: Heatran|Heatran, M|100/100
|switch|p2a: Landorus|Landorus-Therian, M|100/100
|-ability|p2a: Landorus|Intimidate|boost
|-unboost|p1a: Heatran|atk|1
|turn|1
|
|t:|1760746172
|switch|p1a: Rillaboom|Rillaboom, M|100/100
|-fieldstart|move: Grassy Terrain|[from] ability: Grassy Surge|[of] p1a: Rillaboom
|move|p2a: Landorus|U-turn|p1a: Rillaboom
|-supereffective|p1a: Rillaboom
|-damage|p1a: Rillaboom|53/100
|
|t:|1760746179
|switch|p2a: Cinderace|Cinderace, M|100/100|[from] U-turn
|
|-heal|p1a: Rillaboom|60/100|[from] Grassy Terrain
|upkeep
|turn|2
|
|t:|1760746185
|switch|p1a: Garganacl|Garganacl, F|100/100
|move|p2a: Cinderace|U-turn|p1a: Garganacl
|-start|p2a: Cinderace|typechange|Bug|[from] ability: Libero
|-damage|p1a: Garganacl|84/100
|
|t:|1760746193
|switch|p2a: Samurott|Samurott-Hisui, M|100/100|[from] U-turn
|
|-heal|p1a: Garganacl|90/100|[from] Grassy Terrain
|upkeep
|turn|3
|
|t:|1760746198
|move|p2a: Samurott|Aqua Cutter|p1a: Garganacl
|-supereffective|p1a: Garganacl
|-damage|p1a: Garganacl|41/100
|move|p1a: Garganacl|Salt Cure|p2a: Samurott
|-damage|p2a: Samurott|84/100
|-start|p2a: Samurott|Salt Cure
|
|-heal|p2a: Samurott|90/100|[from] Grassy Terrain
|-heal|p1a: Garganacl|47/100|[from] Grassy Terrain
|-damage|p2a: Samurott|65/100|[from] Salt Cure
|upkeep
|turn|4
|
|t:|1760746221
|switch|p2a: Darkrai|Darkrai|100/100
|switch|p1a: Ogerpon|Ogerpon-Wellspring, F|100/100
|
|upkeep
|turn|5
|
|t:|1760746233
|switch|p1a: Heatran|Heatran, M|100/100
|move|p2a: Darkrai|Sludge Bomb|p1a: Heatran
|-immune|p1a: Heatran
|
|-fieldend|move: Grassy Terrain
|upkeep
|turn|6
|
|t:|1760746239
|switch|p2a: Landorus|Landorus-Therian, M|100/100
|-ability|p2a: Landorus|Intimidate|boost
|-unboost|p1a: Heatran|atk|1
|move|p1a: Heatran|Magma Storm|p2a: Landorus|[miss]
|-miss|p1a: Heatran|p2a: Landorus
|
|upkeep
|turn|7
|
|t:|1760746253
|move|p2a: Landorus|Earthquake|p1a: Heatran
|-supereffective|p1a: Heatran
|-damage|p1a: Heatran|0 fnt
|faint|p1a: Heatran
|
|upkeep
|
|t:|1760746256
|switch|p1a: Ogerpon|Ogerpon-Wellspring, F|100/100
|turn|8
|
|t:|1760746263
|switch|p2a: Samurott|Samurott-Hisui, M|65/100
|move|p1a: Ogerpon|Swords Dance|p1a: Ogerpon
|-boost|p1a: Ogerpon|atk|2
|
|upkeep
|turn|9
|
|t:|1760746267
|move|p1a: Ogerpon|Horn Leech|p2a: Samurott
|-supereffective|p2a: Samurott
|-damage|p2a: Samurott|0 fnt
|faint|p2a: Samurott
|
|upkeep
|
|t:|1760746272
|switch|p2a: Landorus|Landorus-Therian, M|100/100
|-ability|p2a: Landorus|Intimidate|boost
|-unboost|p1a: Ogerpon|atk|1
|turn|10
|
|t:|1760746278
|switch|p1a: Garganacl|Garganacl, F|47/100
|move|p2a: Landorus|U-turn|p1a: Garganacl
|-damage|p1a: Garganacl|34/100
|
|t:|1760746290
|switch|p2a: Darkrai|Darkrai|100/100|[from] U-turn
|
|upkeep
|turn|11
|
|t:|1760746297
|switch|p1a: Kingambit|Kingambit, M|100/100
|-activate|p1a: Kingambit|ability: Supreme Overlord
|-start|p1a: Kingambit|fallen1|[silent]
|move|p2a: Darkrai|Dark Pulse|p1a: Kingambit
|-resisted|p1a: Kingambit
|-damage|p1a: Kingambit|71/100
|
|upkeep
|turn|12
|
|t:|1760746305
|switch|p2a: Corviknight|Corviknight, F|100/100
|-ability|p2a: Corviknight|Pressure
|move|p1a: Kingambit|Swords Dance|p1a: Kingambit
|-boost|p1a: Kingambit|atk|2
|
|upkeep
|turn|13
|
|t:|1760746315
|move|p1a: Kingambit|Sucker Punch||[still]
|-fail|p1a: Kingambit
|move|p2a: Corviknight|Iron Defense|p2a: Corviknight
|-boost|p2a: Corviknight|def|2
|
|upkeep
|turn|14
|
|t:|1760746325
|-end|p1a: Kingambit|fallen1|[silent]
|switch|p1a: Tatsugiri|Tatsugiri-Stretchy, F|100/100
|move|p2a: Corviknight|Body Press|p1a: Tatsugiri
|-damage|p1a: Tatsugiri|7/100
|
|upkeep
|turn|15
|
|t:|1760746335
|switch|p2a: Slowking|Slowking-Galar, F|100/100
|move|p1a: Tatsugiri|Hydro Pump|p2a: Slowking|[miss]
|-miss|p1a: Tatsugiri|p2a: Slowking
|
|upkeep
|turn|16
|
|t:|1760746345
|move|p1a: Tatsugiri|Hydro Pump|p2a: Slowking
|-damage|p2a: Slowking|56/100
|move|p2a: Slowking|Flamethrower|p1a: Tatsugiri
|-resisted|p1a: Tatsugiri
|-damage|p1a: Tatsugiri|0 fnt
|faint|p1a: Tatsugiri
|
|upkeep
|
|t:|1760746357
|switch|p1a: Ogerpon|Ogerpon-Wellspring, F|100/100
|turn|17
|
|t:|1760746362
|switch|p2a: Landorus|Landorus-Therian, M|100/100
|-ability|p2a: Landorus|Intimidate|boost
|-unboost|p1a: Ogerpon|atk|1
|-terastallize|p1a: Ogerpon|Water
|detailschange|p1a: Ogerpon|Ogerpon-Wellspring-Tera, F, tera:Water
|-ability|p1a: Ogerpon|Embody Aspect (Wellspring)|boost
|-boost|p1a: Ogerpon|spd|1
|move|p1a: Ogerpon|Ivy Cudgel|p2a: Landorus|[anim] Ivy Cudgel Water
|-supereffective|p2a: Landorus
|-crit|p2a: Landorus
|-damage|p2a: Landorus|0 fnt
|faint|p2a: Landorus
|
|upkeep
|
|t:|1760746369
|switch|p2a: Darkrai|Darkrai|100/100
|turn|18
|
|t:|1760746374
|switch|p1a: Kingambit|Kingambit, M|71/100
|-activate|p1a: Kingambit|ability: Supreme Overlord
|-start|p1a: Kingambit|fallen2|[silent]
|move|p2a: Darkrai|Dark Pulse|p1a: Kingambit
|-resisted|p1a: Kingambit
|-damage|p1a: Kingambit|41/100
|
|upkeep
|turn|19
|
|t:|1760746382
|move|p2a: Darkrai|Dark Pulse|p1a: Kingambit
|-resisted|p1a: Kingambit
|-damage|p1a: Kingambit|12/100
|move|p1a: Kingambit|Kowtow Cleave|p2a: Darkrai
|-resisted|p2a: Darkrai
|-damage|p2a: Darkrai|51/100
|
|upkeep
|turn|20
|
|t:|1760746390
|-end|p1a: Kingambit|fallen2|[silent]
|switch|p1a: Garganacl|Garganacl, F|34/100
|move|p2a: Darkrai|Dark Pulse|p1a: Garganacl
|-damage|p1a: Garganacl|0 fnt
|faint|p1a: Garganacl
|
|upkeep
|
|t:|1760746392
|switch|p1a: Rillaboom|Rillaboom, M|60/100
|-fieldstart|move: Grassy Terrain|[from] ability: Grassy Surge|[of] p1a: Rillaboom
|turn|21
|
|t:|1760746397
|switch|p2a: Corviknight|Corviknight, F|100/100
|-ability|p2a: Corviknight|Pressure
|move|p1a: Rillaboom|U-turn|p2a: Corviknight
|-resisted|p2a: Corviknight
|-damage|p2a: Corviknight|96/100
|-damage|p1a: Rillaboom|43/100|[from] item: Rocky Helmet|[of] p2a: Corviknight
|
|t:|1760746400
|switch|p1a: Ogerpon|Ogerpon-Wellspring-Tera, F, tera:Water|100/100|[from] U-turn
|-ability|p1a: Ogerpon|Embody Aspect (Wellspring)|boost
|-boost|p1a: Ogerpon|spd|1
|
|upkeep
|turn|22
|
|t:|1760746411
|move|p1a: Ogerpon|Swords Dance|p1a: Ogerpon
|-boost|p1a: Ogerpon|atk|2
|move|p2a: Corviknight|U-turn|p1a: Ogerpon
|-damage|p1a: Ogerpon|83/100
|
|t:|1760746416
|switch|p2a: Darkrai|Darkrai|51/100|[from] U-turn
|
|-heal|p2a: Darkrai|57/100|[from] Grassy Terrain
|-heal|p1a: Ogerpon|89/100|[from] Grassy Terrain
|upkeep
|turn|23
|
|t:|1760746419
|move|p2a: Darkrai|Dark Pulse|p1a: Ogerpon
|-damage|p1a: Ogerpon|36/100
|move|p1a: Ogerpon|Horn Leech|p2a: Darkrai
|-damage|p2a: Darkrai|0 fnt
|-heal|p1a: Ogerpon|63/100|[from] drain|[of] p2a: Darkrai
|faint|p2a: Darkrai
|
|-heal|p1a: Ogerpon|69/100|[from] Grassy Terrain
|upkeep
|
|t:|1760746430
|switch|p2a: Slowking|Slowking-Galar, F|89/100
|turn|24
|
|t:|1760746434
|move|p1a: Ogerpon|Ivy Cudgel|p2a: Slowking|[anim] Ivy Cudgel Water
|-damage|p2a: Slowking|0 fnt
|faint|p2a: Slowking
|
|-heal|p1a: Ogerpon|75/100|[from] Grassy Terrain
|upkeep
|
|t:|1760746437
|switch|p2a: Cinderace|Cinderace, M|100/100
|turn|25
|
|t:|1760746440
|-terastallize|p2a: Cinderace|Dark
|move|p2a: Cinderace|Sucker Punch|p1a: Ogerpon
|-damage|p1a: Ogerpon|29/100
|move|p1a: Ogerpon|Ivy Cudgel|p2a: Cinderace|[anim] Ivy Cudgel Water
|-damage|p2a: Cinderace|0 fnt
|faint|p2a: Cinderace
|
|-heal|p1a: Ogerpon|35/100|[from] Grassy Terrain
|-fieldend|move: Grassy Terrain
|upkeep
|
|t:|1760746447
|switch|p2a: Corviknight|Corviknight, F|96/100
|-ability|p2a: Corviknight|Pressure
|turn|26
|
|t:|1760746452
|move|p1a: Ogerpon|Ivy Cudgel|p2a: Corviknight|[anim] Ivy Cudgel Water
|-damage|p2a: Corviknight|0 fnt
|faint|p2a: Corviknight
|
|win|frozenhost
|raw|frozenhost's rating: 1382 &rarr; <strong>1399</strong><br />(+17 for winning)
|raw|shindig42's rating: 1321 &rarr; <strong>1304</strong><br />(-17 for losing)
|l|☆frozenhost
|player|p1|
|l|‽shindig42
|player|p2|
