|j|☆Winter6097
|j|☆golookatthisduck
|t:|1760786406
|gametype|singles
|player|p1|Winter6097|dancer|1464
|player|p2|golookatthisduck|169|1484
|gen|9
|tier|[Gen 9] OU
|rated|
|rule|HP Percentage Mod: HP is shown in percentages
|rule|Endless Battle Clause: Forcing endless battles is banned
|rule|Species Clause: Limit one of each Pokémon
|rule|OHKO Clause: OHKO moves are banned
|rule|Evasion Items Clause: Evasion items are banned
|rule|Evasion Moves Clause: Evasion moves are banned
|rule|Evasion Abilities Clause: Evasion abilities are banned
|rule|Sleep Moves Clause: Sleep-inducing moves are banned
|clearpoke
|poke|p1|Polteageist|
|poke|p1|Indeedee-F, F|
|poke|p1|Hatterene, F|
|poke|p1|Hoopa-Unbound|
|poke|p1|Hawlucha, F|
|poke|p1|Delphox, M|
|poke|p2|Enamorus, F|
|poke|p2|Great Tusk|
|poke|p2|Iron Crown|
|poke|p2|Lokix, M|
|poke|p2|Alomomola, M|
|poke|p2|Ogerpon-Wellspring, F|
|teampreview
|inactive|Battle timer is ON: inactive players will automatically lose when time's up. (requested by golookatthisduck)
|inactive|Winter6097 also wants the timer to be on.
|
|t:|1760786414
|teamsize|p1|6
|teamsize|p2|6
|start
|switch|p1a: Maiden|Indeedee-F, F|100/100
|switch|p2a: Braveheart|Iron Crown|100/100
|-fieldstart|move: Psychic Terrain|[from] ability: Psychic Surge|[of] p1a: Maiden
|turn|1
|
|t:|1760786429
|switch|p1a: Need mega NOW|Delphox, M|100/100
|move|p2a: Braveheart|Tachyon Cutter|p1a: Need mega NOW
|-resisted|p1a: Need mega NOW
|-damage|p1a: Need mega NOW|78/100
|-resisted|p1a: Need mega NOW
|-damage|p1a: Need mega NOW|55/100
|-hitcount|p1a: Need mega NOW|2
|
|upkeep
|turn|2
|
|t:|1760786439
|-end|p2a: Braveheart|Quark Drive|[silent]
|switch|p2a: Pisces|Alomomola, M, shiny|100/100
|move|p1a: Need mega NOW|Flamethrower|p2a: Pisces
|-resisted|p2a: Pisces
|-damage|p2a: Pisces|88/100
|
|upkeep
|turn|3
|
|t:|1760786446
|move|p1a: Need mega NOW|Expanding Force|p2a: Pisces
|-damage|p2a: Pisces|48/100
|move|p2a: Pisces|Flip Turn|p1a: Need mega NOW
|-supereffective|p1a: Need mega NOW
|-damage|p1a: Need mega NOW|2/100
|
|t:|1760786458
|switch|p2a: Joegerpon|Ogerpon-Wellspring, F|100/100|[from] Flip Turn
|
|upkeep
|turn|4
|
|t:|1760786469
|move|p2a: Joegerpon|Ivy Cudgel|p1a: Need mega NOW|[anim] Ivy Cudgel Water
|-supereffective|p1a: Need mega NOW
|-damage|p1a: Need mega NOW|0 fnt
|faint|p1a: Need mega NOW
|
|upkeep
|
|t:|1760786483
|switch|p1a: Hawlucha|Hawlucha, F|100/100
|-enditem|p1a: Hawlucha|Psychic Seed
|-boost|p1a: Hawlucha|spd|1|[from] item: Psychic Seed
|turn|5
|
|t:|1760786489
|-terastallize|p2a: Joegerpon|Water
|detailschange|p2a: Joegerpon|Ogerpon-Wellspring-Tera, F, tera:Water
|-ability|p2a: Joegerpon|Embody Aspect (Wellspring)|boost
|-boost|p2a: Joegerpon|spd|1
|move|p1a: Hawlucha|Swords Dance|p1a: Hawlucha
|-boost|p1a: Hawlucha|atk|2
|move|p2a: Joegerpon|Ivy Cudgel|p1a: Hawlucha|[anim] Ivy Cudgel Water
|-damage|p1a: Hawlucha|0 fnt
|faint|p1a: Hawlucha
|
|upkeep
|inactive|Winter6097 has 120 seconds left.
|
|t:|1760786520
|switch|p1a: Megamind|Hoopa-Unbound|100/100
|turn|6
|
|t:|1760786524
|move|p1a: Megamind|Expanding Force|p2a: Joegerpon
|-damage|p2a: Joegerpon|22/100
|move|p2a: Joegerpon|Ivy Cudgel|p1a: Megamind|[anim] Ivy Cudgel Water
|-damage|p1a: Megamind|0 fnt
|faint|p1a: Megamind
|
|upkeep
|
|t:|1760786533
|switch|p1a: SURPRISE|Polteageist|100/100
|turn|7
|-message|Winter6097 forfeited.
|
|win|golookatthisduck
|raw|Winter6097's rating: 1464 &rarr; <strong>1445</strong><br />(-19 for losing)
|raw|golookatthisduck's rating: 1484 &rarr; <strong>1503</strong><br />(+19 for winning)
|l|☆Winter6097
|player|p1|
|l|☆golookatthisduck
|player|p2|
