|badge|p2|bronze|gen9ou|100-7
|uhtml|medal-msg|<div class="broadcast-blue">Curious what those medals under the avatar are? PS now has Ladder Seasons! For more information, check out the <a href="https://www.smogon.com/forums/threads/3740067/">thread on Smogon.</a></div>
|j|‽OehtWasHere
|j|☆xdye
|t:|1760726558
|gametype|singles
|player|p1|OehtWasHere|chase|1759
|player|p2|xdye|iris-gen5bw2|1819
|gen|9
|tier|[Gen 9] OU
|rated|
|rule|HP Percentage Mod: HP is shown in percentages
|rule|Endless Battle Clause: Forcing endless battles is banned
|rule|Species Clause: Limit one of each Pokémon
|rule|OHKO Clause: OHKO moves are banned
|rule|Evasion Items Clause: Evasion items are banned
|rule|Evasion Moves Clause: Evasion moves are banned
|rule|Evasion Abilities Clause: Evasion abilities are banned
|rule|Sleep Moves Clause: Sleep-inducing moves are banned
|clearpoke
|poke|p1|Deoxys-Speed|
|poke|p1|Maushold|
|poke|p1|Iron Crown|
|poke|p1|Ceruledge, F|
|poke|p1|Great Tusk|
|poke|p1|Dragonite, F|
|poke|p2|Blissey, F|
|poke|p2|Gliscor, F|
|poke|p2|Mandibuzz, F|
|poke|p2|Pecharunt|
|poke|p2|Talonflame, F|
|poke|p2|Toxapex, M|
|teampreview
|inactive|Battle timer is ON: inactive players will automatically lose when time's up. (requested by OehtWasHere)
|c|☆xdye|hf
|j| Sparkletastix
|c| Sparkletastix|Ew stall
|inactive|xdye has 120 seconds left.
|
|t:|1760726609
|teamsize|p1|6
|teamsize|p2|6
|start
|switch|p1a: Deoxys|Deoxys-Speed|100/100
|switch|p2a: Mandibuzz|Mandibuzz, F|100/100
|-ability|p1a: Deoxys|Pressure
|turn|1
|inactive|OehtWasHere has 120 seconds left.
|j| 0WithdrawalSyndrom
|
|t:|1760726652
|move|p1a: Deoxys|Taunt|p2a: Mandibuzz
|-start|p2a: Mandibuzz|move: Taunt
|move|p2a: Mandibuzz|Foul Play|p1a: Deoxys
|-supereffective|p1a: Deoxys
|-crit|p1a: Deoxys
|-damage|p1a: Deoxys|3/100
|
|upkeep
|turn|2
|c| 0WithdrawalSyndrom|why talonflamme
|
|t:|1760726667
|move|p1a: Deoxys|Reflect|p1a: Deoxys
|-sidestart|p1: OehtWasHere|Reflect
|move|p2a: Mandibuzz|Foul Play|p1a: Deoxys
|-supereffective|p1a: Deoxys
|-damage|p1a: Deoxys|0 fnt
|faint|p1a: Deoxys
|
|upkeep
|c| 0WithdrawalSyndrom|you could be more defensive
|c|☆xdye|it's a good mon on stall
|c| 0WithdrawalSyndrom|oh
|c|☆xdye|read the stall bible
|inactive|OehtWasHere has 90 seconds left.
|n|☆OehtWasHere|oehtwashere
|c|☆OehtWasHere|well guys safe to say
|c|☆OehtWasHere|im fucked
|j| DepriD
|c| Sparkletastix|Stall is disgusting
|
|t:|1760726715
|switch|p1a: Maushold|Maushold|100/100
|turn|3
|
|t:|1760726723
|switch|p2a: Pecharunt|Pecharunt|100/100
|move|p1a: Maushold|Tidy Up|p1a: Maushold
|-boost|p1a: Maushold|atk|1
|-boost|p1a: Maushold|spe|1
|
|upkeep
|turn|4
|
|t:|1760726731
|switch|p1a: Iron Crown|Iron Crown|100/100
|-enditem|p1a: Iron Crown|Booster Energy
|-activate|p1a: Iron Crown|ability: Quark Drive|[fromitem]
|-start|p1a: Iron Crown|quarkdrivespe
|move|p2a: Pecharunt|Malignant Chain|p1a: Iron Crown
|-immune|p1a: Iron Crown
|
|upkeep
|turn|5
|
|t:|1760726738
|switch|p2a: Blissey|Blissey, F|100/100
|move|p1a: Iron Crown|Calm Mind|p1a: Iron Crown
|-boost|p1a: Iron Crown|spa|1
|-boost|p1a: Iron Crown|spd|1
|
|upkeep
|turn|6
|inactive|OehtWasHere has 90 seconds left.
|
|t:|1760726745
|move|p1a: Iron Crown|Calm Mind|p1a: Iron Crown
|-boost|p1a: Iron Crown|spa|1
|-boost|p1a: Iron Crown|spd|1
|move|p2a: Blissey|Calm Mind|p2a: Blissey
|-boost|p2a: Blissey|spa|1
|-boost|p2a: Blissey|spd|1
|
|upkeep
|turn|7
|
|t:|1760726750
|-terastallize|p2a: Blissey|Dark
|move|p1a: Iron Crown|Calm Mind|p1a: Iron Crown
|-boost|p1a: Iron Crown|spa|1
|-boost|p1a: Iron Crown|spd|1
|move|p2a: Blissey|Calm Mind|p2a: Blissey
|-boost|p2a: Blissey|spa|1
|-boost|p2a: Blissey|spd|1
|
|upkeep
|turn|8
|
|t:|1760726757
|-end|p1a: Iron Crown|Quark Drive|[silent]
|switch|p1a: Maushold|Maushold|100/100
|move|p2a: Blissey|Calm Mind|p2a: Blissey
|-boost|p2a: Blissey|spa|1
|-boost|p2a: Blissey|spd|1
|
|upkeep
|turn|9
|
|t:|1760726762
|switch|p2a: Pecharunt|Pecharunt|100/100
|move|p1a: Maushold|Tidy Up|p1a: Maushold
|-boost|p1a: Maushold|atk|1
|-boost|p1a: Maushold|spe|1
|
|-sideend|p1: OehtWasHere|Reflect
|upkeep
|turn|10
|inactive|OehtWasHere has 120 seconds left.
|inactive|OehtWasHere has 90 seconds left.
|
|t:|1760726805
|move|p1a: Maushold|Bite|p2a: Pecharunt
|-supereffective|p2a: Pecharunt
|-damage|p2a: Pecharunt|72/100
|move|p2a: Pecharunt|Malignant Chain|p1a: Maushold
|-damage|p1a: Maushold|53/100
|-status|p1a: Maushold|tox
|-start|p1a: Maushold|confusion|[from] ability: Poison Puppeteer|[of] p2a: Pecharunt
|
|-damage|p1a: Maushold|47/100 tox|[from] psn
|upkeep
|turn|11
|
|t:|1760726811
|-activate|p1a: Maushold|confusion
|move|p1a: Maushold|Bite|p2a: Pecharunt
|-supereffective|p2a: Pecharunt
|-damage|p2a: Pecharunt|39/100
|move|p2a: Pecharunt|Recover|p2a: Pecharunt
|-heal|p2a: Pecharunt|89/100
|
|-damage|p1a: Maushold|34/100 tox|[from] psn
|upkeep
|turn|12
|
|t:|1760726815
|-end|p1a: Maushold|confusion
|move|p1a: Maushold|Encore|p2a: Pecharunt
|-start|p2a: Pecharunt|Encore
|move|p2a: Pecharunt|Recover|p2a: Pecharunt
|-heal|p2a: Pecharunt|100/100
|
|-damage|p1a: Maushold|15/100 tox|[from] psn
|upkeep
|turn|13
|
|t:|1760726823
|switch|p1a: Iron Crown|Iron Crown|100/100
|move|p2a: Pecharunt|Recover||[still]
|-fail|p2a: Pecharunt|heal
|
|upkeep
|turn|14
|
|t:|1760726826
|-end|p1a: Iron Crown|Quark Drive|[silent]
|switch|p1a: Maushold|Maushold|15/100 tox
|switch|p2a: Blissey|Blissey, F, tera:Dark|100/100
|
|-damage|p1a: Maushold|9/100 tox|[from] psn
|upkeep
|turn|15
|
|t:|1760726834
|switch|p2a: Pecharunt|Pecharunt|100/100
|move|p1a: Maushold|Population Bomb|p2a: Pecharunt
|-immune|p2a: Pecharunt
|
|-damage|p1a: Maushold|0 fnt|[from] psn
|faint|p1a: Maushold
|upkeep
|
|t:|1760726839
|switch|p1a: Ceruledge|Ceruledge, F|100/100
|turn|16
|
|t:|1760726848
|switch|p2a: Mandibuzz|Mandibuzz, F|100/100
|move|p1a: Ceruledge|Bulk Up|p1a: Ceruledge
|-boost|p1a: Ceruledge|atk|1
|-boost|p1a: Ceruledge|def|1
|
|upkeep
|turn|17
|
|t:|1760726858
|switch|p1a: Iron Crown|Iron Crown|100/100
|move|p2a: Mandibuzz|Iron Defense|p2a: Mandibuzz
|-boost|p2a: Mandibuzz|def|2
|
|upkeep
|turn|18
|
|t:|1760726864
|switch|p2a: Blissey|Blissey, F, tera:Dark|100/100
|move|p1a: Iron Crown|Calm Mind|p1a: Iron Crown
|-boost|p1a: Iron Crown|spa|1
|-boost|p1a: Iron Crown|spd|1
|
|upkeep
|turn|19
|
|t:|1760726872
|move|p1a: Iron Crown|Focus Blast|p2a: Blissey
|-supereffective|p2a: Blissey
|-damage|p2a: Blissey|66/100
|move|p2a: Blissey|Stealth Rock|p1a: Iron Crown
|-sidestart|p1: OehtWasHere|move: Stealth Rock
|
|upkeep
|turn|20
|
|t:|1760726882
|-terastallize|p1a: Iron Crown|Fighting
|move|p1a: Iron Crown|Focus Blast|p2a: Blissey
|-supereffective|p2a: Blissey
|-damage|p2a: Blissey|16/100
|move|p2a: Blissey|Calm Mind|p2a: Blissey
|-boost|p2a: Blissey|spa|1
|-boost|p2a: Blissey|spd|1
|
|upkeep
|turn|21
|c| 0WithdrawalSyndrom|wow
|c| Sparkletastix|Misplay
|inactive|OehtWasHere has 120 seconds left.
|
|t:|1760726934
|move|p1a: Iron Crown|Focus Blast|p2a: Blissey
|-supereffective|p2a: Blissey
|-damage|p2a: Blissey|0 fnt
|faint|p2a: Blissey
|
|upkeep
|
|t:|1760726938
|switch|p2a: Toxapex|Toxapex, M|100/100
|turn|22
|c| Sparkletastix|Come on oeht was here I believe in tou
|
|t:|1760726945
|move|p1a: Iron Crown|Stored Power|p2a: Toxapex
|-supereffective|p2a: Toxapex
|-damage|p2a: Toxapex|50/100
|move|p2a: Toxapex|Toxic|p1a: Iron Crown
|-status|p1a: Iron Crown|tox
|
|-damage|p1a: Iron Crown|94/100 tox|[from] psn
|upkeep
|turn|23
|
|t:|1760726955
|switch|p2a: Gliscor|Gliscor, F|100/100
|move|p1a: Iron Crown|Calm Mind|p1a: Iron Crown
|-boost|p1a: Iron Crown|spa|1
|-boost|p1a: Iron Crown|spd|1
|
|-damage|p1a: Iron Crown|82/100 tox|[from] psn
|-status|p2a: Gliscor|tox|[from] item: Toxic Orb
|upkeep
|turn|24
|
|t:|1760726959
|move|p1a: Iron Crown|Calm Mind|p1a: Iron Crown
|-boost|p1a: Iron Crown|spa|1
|-boost|p1a: Iron Crown|spd|1
|move|p2a: Gliscor|Earthquake|p1a: Iron Crown
|-damage|p1a: Iron Crown|52/100 tox
|
|-damage|p1a: Iron Crown|34/100 tox|[from] psn
|upkeep
|turn|25
|
|t:|1760726966
|move|p2a: Gliscor|Protect|p2a: Gliscor
|-singleturn|p2a: Gliscor|Protect
|move|p1a: Iron Crown|Stored Power|p2a: Gliscor
|-activate|p2a: Gliscor|move: Protect
|
|-damage|p1a: Iron Crown|9/100 tox|[from] psn
|upkeep
|turn|26
|
|t:|1760726975
|switch|p2a: Toxapex|Toxapex, M|84/100
|move|p1a: Iron Crown|Tachyon Cutter|p2a: Toxapex
|-resisted|p2a: Toxapex
|-crit|p2a: Toxapex
|-damage|p2a: Toxapex|57/100
|-resisted|p2a: Toxapex
|-damage|p2a: Toxapex|39/100
|-hitcount|p2a: Toxapex|2
|
|-damage|p1a: Iron Crown|0 fnt|[from] psn
|faint|p1a: Iron Crown
|-end|p1a: Iron Crown|Quark Drive|[silent]
|upkeep
|
|t:|1760726981
|switch|p1a: Great Tusk|Great Tusk|100/100
|-damage|p1a: Great Tusk|97/100|[from] Stealth Rock
|-enditem|p1a: Great Tusk|Booster Energy
|-activate|p1a: Great Tusk|ability: Protosynthesis|[fromitem]
|-start|p1a: Great Tusk|protosynthesisspe
|turn|27
|
|t:|1760726986
|move|p1a: Great Tusk|Bulk Up|p1a: Great Tusk
|-boost|p1a: Great Tusk|atk|1
|-boost|p1a: Great Tusk|def|1
|move|p2a: Toxapex|Toxic|p1a: Great Tusk
|-status|p1a: Great Tusk|tox
|
|-damage|p1a: Great Tusk|91/100 tox|[from] psn
|upkeep
|turn|28
|
|t:|1760726992
|move|p1a: Great Tusk|Head Smash|p2a: Toxapex
|-damage|p2a: Toxapex|0 fnt
|faint|p2a: Toxapex
|-damage|p1a: Great Tusk|78/100 tox|[from] Recoil
|
|-damage|p1a: Great Tusk|65/100 tox|[from] psn
|upkeep
|c| Sparkletastix|Stall is sooooo annoying
|
|t:|1760727002
|switch|p2a: Gliscor|Gliscor, F|100/100 tox
|turn|29
|
|t:|1760727005
|move|p2a: Gliscor|Protect|p2a: Gliscor
|-singleturn|p2a: Gliscor|Protect
|move|p1a: Great Tusk|Bulk Up|p1a: Great Tusk
|-boost|p1a: Great Tusk|atk|1
|-boost|p1a: Great Tusk|def|1
|
|-damage|p1a: Great Tusk|47/100 tox|[from] psn
|upkeep
|turn|30
|
|t:|1760727018
|switch|p2a: Talonflame|Talonflame, F|100/100
|move|p1a: Great Tusk|Head Smash|p2a: Talonflame
|-supereffective|p2a: Talonflame
|-damage|p2a: Talonflame|0 fnt
|faint|p2a: Talonflame
|-damage|p1a: Great Tusk|8/100 tox|[from] Recoil
|
|-damage|p1a: Great Tusk|0 fnt|[from] psn
|faint|p1a: Great Tusk
|-end|p1a: Great Tusk|Protosynthesis|[silent]
|upkeep
|
|t:|1760727026
|switch|p2a: Mandibuzz|Mandibuzz, F|100/100
|switch|p1a: Ceruledge|Ceruledge, F|100/100
|-damage|p1a: Ceruledge|76/100|[from] Stealth Rock
|turn|31
|
|t:|1760727029
|move|p1a: Ceruledge|Bitter Blade|p2a: Mandibuzz
|-damage|p2a: Mandibuzz|70/100
|-heal|p1a: Ceruledge|97/100|[from] drain|[of] p2a: Mandibuzz
|move|p2a: Mandibuzz|Iron Defense|p2a: Mandibuzz
|-boost|p2a: Mandibuzz|def|2
|
|upkeep
|turn|32
|c|☆OehtWasHere|gg
|-message|OehtWasHere forfeited.
|
|win|xdye
|raw|OehtWasHere's rating: 1759 &rarr; <strong>1742</strong><br />(-17 for losing)
|raw|xdye's rating: 1819 &rarr; <strong>1836</strong><br />(+17 for winning)
|c|☆xdye|gg
|l|☆OehtWasHere
|player|p1|
|l| Sparkletastix
|l| DepriD
|l|☆xdye
|player|p2|
|l| 0WithdrawalSyndrom
