|j|☆teatrero mugroso
|j|☆LeonOnRoids
|t:|1760879230
|gametype|singles
|player|p1|teatrero mugroso|blue|1312
|player|p2|LeonOnRoids|swimmerf|1314
|gen|9
|tier|[Gen 9] OU
|rated|
|rule|HP Percentage Mod: HP is shown in percentages
|rule|Endless Battle Clause: Forcing endless battles is banned
|rule|Species Clause: Limit one of each Pokémon
|rule|OHKO Clause: OHKO moves are banned
|rule|Evasion Items Clause: Evasion items are banned
|rule|Evasion Moves Clause: Evasion moves are banned
|rule|Evasion Abilities Clause: Evasion abilities are banned
|rule|Sleep Moves Clause: Sleep-inducing moves are banned
|clearpoke
|poke|p1|Clefable, M|
|poke|p1|Blastoise, F|
|poke|p1|Gengar, M|
|poke|p1|Magneton|
|poke|p1|Dragonite, M|
|poke|p1|Moltres|
|poke|p2|Landorus-Therian, M|
|poke|p2|Samurott-Hisui, M|
|poke|p2|Pecharunt|
|poke|p2|Scizor, F|
|poke|p2|Latios, M|
|poke|p2|Zamazenta-*|
|teampreview
|inactive|Battle timer is ON: inactive players will automatically lose when time's up. (requested by LeonOnRoids)
|inactive|teatrero mugroso also wants the timer to be on.
|
|t:|1760879249
|teamsize|p1|6
|teamsize|p2|6
|start
|switch|p1a: Blastoise|Blastoise, F|100/100
|switch|p2a: Landorus|Landorus-Therian, M|100/100
|-ability|p2a: Landorus|Intimidate|boost
|-unboost|p1a: Blastoise|atk|1
|turn|1
|
|t:|1760879278
|move|p2a: Landorus|U-turn|p1a: Blastoise
|-damage|p1a: Blastoise|86/100
|inactive|LeonOnRoids has 120 seconds left.
|
|t:|1760879290
|switch|p2a: Latios|Latios, M|100/100|[from] U-turn
|move|p1a: Blastoise|Liquidation|p2a: Latios
|-resisted|p2a: Latios
|-damage|p2a: Latios|89/100
|-unboost|p2a: Latios|def|1
|
|-heal|p1a: Blastoise|92/100|[from] item: Leftovers
|upkeep
|turn|2
|
|t:|1760879300
|switch|p1a: Clefable|Clefable, M|100/100
|move|p2a: Latios|Calm Mind|p2a: Latios
|-boost|p2a: Latios|spa|1
|-boost|p2a: Latios|spd|1
|
|upkeep
|turn|3
|
|t:|1760879309
|-terastallize|p2a: Latios|Steel
|move|p2a: Latios|Psychic Noise|p1a: Clefable
|-damage|p1a: Clefable|71/100
|-start|p1a: Clefable|move: Heal Block
|move|p1a: Clefable|Stealth Rock|p2a: Latios
|-sidestart|p2: LeonOnRoids|move: Stealth Rock
|
|upkeep
|turn|4
|
|t:|1760879318
|move|p2a: Latios|Psychic Noise|p1a: Clefable
|-damage|p1a: Clefable|42/100
|move|p1a: Clefable|Thunder Wave|p2a: Latios
|-status|p2a: Latios|par
|
|-end|p1a: Clefable|move: Heal Block
|upkeep
|turn|5
|
|t:|1760879352
|switch|p2a: Landorus|Landorus-Therian, M|100/100
|-damage|p2a: Landorus|88/100|[from] Stealth Rock
|-ability|p2a: Landorus|Intimidate|boost
|-unboost|p1a: Clefable|atk|1
|move|p1a: Clefable|Moonlight|p1a: Clefable
|-heal|p1a: Clefable|92/100
|
|-heal|p1a: Clefable|98/100|[from] item: Leftovers
|upkeep
|turn|6
|
|t:|1760879362
|switch|p1a: Blastoise|Blastoise, F|92/100
|move|p2a: Landorus|Stealth Rock|p1a: Blastoise
|-sidestart|p1: teatrero mugroso|move: Stealth Rock
|
|-heal|p1a: Blastoise|99/100|[from] item: Leftovers
|upkeep
|turn|7
|
|t:|1760879370
|move|p2a: Landorus|U-turn|p1a: Blastoise
|-damage|p1a: Blastoise|83/100
|
|t:|1760879375
|switch|p2a: Zamazenta|Zamazenta|100/100|[from] U-turn
|-damage|p2a: Zamazenta|94/100|[from] Stealth Rock
|-ability|p2a: Zamazenta|Dauntless Shield|boost
|-boost|p2a: Zamazenta|def|1
|move|p1a: Blastoise|Rapid Spin|p2a: Zamazenta
|-damage|p2a: Zamazenta|89/100
|-boost|p1a: Blastoise|spe|1
|-sideend|p1: teatrero mugroso|Stealth Rock|[from] move: Rapid Spin|[of] p1a: Blastoise
|
|-heal|p2a: Zamazenta|96/100|[from] item: Leftovers
|-heal|p1a: Blastoise|89/100|[from] item: Leftovers
|upkeep
|turn|8
|
|t:|1760879388
|move|p2a: Zamazenta|Body Press|p1a: Blastoise
|-damage|p1a: Blastoise|52/100
|move|p1a: Blastoise|Flip Turn|p2a: Zamazenta
|-damage|p2a: Zamazenta|88/100
|
|t:|1760879405
|switch|p1a: Moltres|Moltres|100/100|[from] Flip Turn
|
|-heal|p2a: Zamazenta|94/100|[from] item: Leftovers
|upkeep
|turn|9
|
|t:|1760879423
|switch|p2a: Pecharunt|Pecharunt|100/100
|move|p1a: Moltres|Will-O-Wisp|p2a: Pecharunt
|-status|p2a: Pecharunt|brn
|
|-damage|p2a: Pecharunt|94/100 brn|[from] brn
|upkeep
|turn|10
|
|t:|1760879431
|switch|p1a: Magneton|Magneton|100/100
|move|p2a: Pecharunt|Shadow Ball|p1a: Magneton
|-damage|p1a: Magneton|50/100
|-unboost|p1a: Magneton|spd|1
|
|-damage|p2a: Pecharunt|88/100 brn|[from] brn
|upkeep
|turn|11
|
|t:|1760879440
|move|p2a: Pecharunt|Shadow Ball|p1a: Magneton
|-damage|p1a: Magneton|0 fnt
|faint|p1a: Magneton
|
|-damage|p2a: Pecharunt|82/100 brn|[from] brn
|upkeep
|
|t:|1760879447
|switch|p1a: Gengar|Gengar, M|100/100
|turn|12
|
|t:|1760879452
|move|p1a: Gengar|Shadow Ball|p2a: Pecharunt
|-supereffective|p2a: Pecharunt
|-damage|p2a: Pecharunt|6/100 brn
|move|p2a: Pecharunt|Shadow Ball|p1a: Gengar
|-supereffective|p1a: Gengar
|-damage|p1a: Gengar|24/100
|-start|p2a: Pecharunt|Disable|Shadow Ball|[from] ability: Cursed Body|[of] p1a: Gengar
|
|-damage|p2a: Pecharunt|0 fnt|[from] brn
|faint|p2a: Pecharunt
|upkeep
|
|t:|1760879461
|switch|p2a: Scizor|Scizor, F|100/100
|turn|13
|
|t:|1760879466
|switch|p1a: Moltres|Moltres|100/100
|move|p2a: Scizor|Knock Off|p1a: Moltres
|-damage|p1a: Moltres|67/100
|-enditem|p1a: Moltres|Heavy-Duty Boots|[from] move: Knock Off|[of] p2a: Scizor
|
|upkeep
|turn|14
|
|t:|1760879478
|switch|p2a: Latios|Latios, M, tera:Steel|89/100 par
|-damage|p2a: Latios|83/100 par|[from] Stealth Rock
|move|p1a: Moltres|Will-O-Wisp||[still]
|-fail|p1a: Moltres
|
|upkeep
|turn|15
|
|t:|1760879485
|switch|p2a: Landorus|Landorus-Therian, M|88/100
|-damage|p2a: Landorus|76/100|[from] Stealth Rock
|-ability|p2a: Landorus|Intimidate|boost
|-unboost|p1a: Moltres|atk|1
|move|p1a: Moltres|Flamethrower|p2a: Landorus
|-damage|p2a: Landorus|33/100
|-status|p2a: Landorus|brn
|
|-damage|p2a: Landorus|26/100 brn|[from] brn
|upkeep
|turn|16
|
|t:|1760879496
|move|p2a: Landorus|Stealth Rock|p1a: Moltres
|-sidestart|p1: teatrero mugroso|move: Stealth Rock
|move|p1a: Moltres|Air Slash|p2a: Landorus
|-crit|p2a: Landorus
|-damage|p2a: Landorus|0 fnt
|faint|p2a: Landorus
|
|upkeep
|
|t:|1760879502
|switch|p2a: Samurott|Samurott-Hisui, M|100/100
|-damage|p2a: Samurott|88/100|[from] Stealth Rock
|turn|17
|
|t:|1760879512
|move|p1a: Moltres|Will-O-Wisp|p2a: Samurott
|-status|p2a: Samurott|brn
|move|p2a: Samurott|Ceaseless Edge|p1a: Moltres
|-damage|p1a: Moltres|44/100
|-sidestart|p1: teatrero mugroso|Spikes
|
|-damage|p2a: Samurott|82/100 brn|[from] brn
|upkeep
|turn|18
|
|t:|1760879523
|move|p1a: Moltres|Roost|p1a: Moltres
|-heal|p1a: Moltres|94/100
|-singleturn|p1a: Moltres|move: Roost
|move|p2a: Samurott|Knock Off|p1a: Moltres
|-damage|p1a: Moltres|78/100
|
|-damage|p2a: Samurott|76/100 brn|[from] brn
|upkeep
|turn|19
|
|t:|1760879532
|switch|p1a: Clefable|Clefable, M|98/100
|-damage|p1a: Clefable|85/100|[from] Stealth Rock
|-damage|p1a: Clefable|73/100|[from] Spikes
|move|p2a: Samurott|Razor Shell|p1a: Clefable
|-damage|p1a: Clefable|43/100
|
|-heal|p1a: Clefable|49/100|[from] item: Leftovers
|-damage|p2a: Samurott|70/100 brn|[from] brn
|upkeep
|turn|20
|
|t:|1760879543
|move|p2a: Samurott|Razor Shell|p1a: Clefable
|-damage|p1a: Clefable|16/100
|move|p1a: Clefable|Moonblast|p2a: Samurott
|-supereffective|p2a: Samurott
|-damage|p2a: Samurott|11/100 brn
|
|-heal|p1a: Clefable|22/100|[from] item: Leftovers
|-damage|p2a: Samurott|4/100 brn|[from] brn
|upkeep
|turn|21
|
|t:|1760879554
|move|p2a: Samurott|Ceaseless Edge|p1a: Clefable
|-resisted|p1a: Clefable
|-damage|p1a: Clefable|10/100
|-sidestart|p1: teatrero mugroso|Spikes
|move|p1a: Clefable|Moonlight|p1a: Clefable
|-heal|p1a: Clefable|60/100
|
|-heal|p1a: Clefable|66/100|[from] item: Leftovers
|-damage|p2a: Samurott|0 fnt|[from] brn
|faint|p2a: Samurott
|upkeep
|
|t:|1760879562
|switch|p2a: Scizor|Scizor, F|100/100
|turn|22
|
|t:|1760879571
|move|p2a: Scizor|Swords Dance|p2a: Scizor
|-boost|p2a: Scizor|atk|2
|move|p1a: Clefable|Thunder Wave|p2a: Scizor
|-status|p2a: Scizor|par
|
|-heal|p1a: Clefable|72/100|[from] item: Leftovers
|upkeep
|turn|23
|
|t:|1760879586
|move|p1a: Clefable|Moonblast|p2a: Scizor
|-resisted|p2a: Scizor
|-damage|p2a: Scizor|80/100 par
|-unboost|p2a: Scizor|spa|1
|move|p2a: Scizor|Knock Off|p1a: Clefable
|-resisted|p1a: Clefable
|-damage|p1a: Clefable|49/100
|-enditem|p1a: Clefable|Leftovers|[from] move: Knock Off|[of] p2a: Scizor
|
|upkeep
|turn|24
|
|t:|1760879594
|move|p1a: Clefable|Moonblast|p2a: Scizor
|-resisted|p2a: Scizor
|-damage|p2a: Scizor|58/100 par
|move|p2a: Scizor|Swords Dance|p2a: Scizor
|-boost|p2a: Scizor|atk|2
|
|upkeep
|turn|25
|
|t:|1760879600
|move|p2a: Scizor|Bullet Punch|p1a: Clefable
|-supereffective|p1a: Clefable
|-damage|p1a: Clefable|0 fnt
|faint|p1a: Clefable
|
|upkeep
|
|t:|1760879607
|switch|p1a: Blastoise|Blastoise, F|52/100
|-damage|p1a: Blastoise|40/100|[from] Stealth Rock
|-damage|p1a: Blastoise|23/100|[from] Spikes
|turn|26
|
|t:|1760879614
|move|p2a: Scizor|Bullet Punch|p1a: Blastoise
|-resisted|p1a: Blastoise
|-damage|p1a: Blastoise|0 fnt
|faint|p1a: Blastoise
|
|upkeep
|
|t:|1760879619
|switch|p1a: Moltres|Moltres|78/100
|-damage|p1a: Moltres|28/100|[from] Stealth Rock
|turn|27
|
|t:|1760879624
|move|p2a: Scizor|Bullet Punch|p1a: Moltres
|-resisted|p1a: Moltres
|-damage|p1a: Moltres|0 fnt
|faint|p1a: Moltres
|
|upkeep
|
|t:|1760879629
|switch|p1a: Dragonite|Dragonite, M|100/100
|-damage|p1a: Dragonite|76/100|[from] Stealth Rock
|turn|28
|
|t:|1760879637
|-terastallize|p1a: Dragonite|Normal
|move|p1a: Dragonite|Extreme Speed|p2a: Scizor
|-resisted|p2a: Scizor
|-damage|p2a: Scizor|19/100 par
|move|p2a: Scizor|Knock Off|p1a: Dragonite
|-damage|p1a: Dragonite|0 fnt
|-enditem|p1a: Dragonite|Choice Band|[from] move: Knock Off|[of] p2a: Scizor
|faint|p1a: Dragonite
|
|upkeep
|-message|teatrero mugroso forfeited.
|
|win|LeonOnRoids
|raw|teatrero mugroso's rating: 1312 &rarr; <strong>1292</strong><br />(-20 for losing)
|raw|LeonOnRoids's rating: 1314 &rarr; <strong>1334</strong><br />(+20 for winning)
|l|☆teatrero mugroso
|player|p1|
|l|☆LeonOnRoids
|player|p2|
