|j|☆Crystal Celesse
|j|☆minershrub
|t:|1760718159
|gametype|singles
|player|p1|Crystal Celesse|cynthia-gen4|1458
|player|p2|minershrub|acetrainer-gen4dp|1446
|gen|9
|tier|[Gen 9] OU
|rated|
|rule|HP Percentage Mod: HP is shown in percentages
|rule|Endless Battle Clause: Forcing endless battles is banned
|rule|Species Clause: Limit one of each Pokémon
|rule|OHKO Clause: OHKO moves are banned
|rule|Evasion Items Clause: Evasion items are banned
|rule|Evasion Moves Clause: Evasion moves are banned
|rule|Evasion Abilities Clause: Evasion abilities are banned
|rule|Sleep Moves Clause: Sleep-inducing moves are banned
|clearpoke
|poke|p1|Jolteon, F|
|poke|p1|Slowking-Galar, F|
|poke|p1|Great Tusk|
|poke|p1|Moltres|
|poke|p1|Kingambit, F|
|poke|p1|Hydrapple, M|
|poke|p2|Zapdos|
|poke|p2|Kingambit, F|
|poke|p2|Landorus-Therian, M|
|poke|p2|Ogerpon-Wellspring, F|
|poke|p2|Cinderace, F|
|poke|p2|Dragapult, F|
|teampreview
|
|t:|1760718179
|teamsize|p1|6
|teamsize|p2|6
|start
|switch|p1a: Moltres|Moltres|100/100
|switch|p2a: Landorus|Landorus-Therian, M|100/100
|-ability|p2a: Landorus|Intimidate|boost
|-unboost|p1a: Moltres|atk|1
|turn|1
|
|t:|1760718192
|move|p2a: Landorus|Stone Edge|p1a: Moltres
|-supereffective|p1a: Moltres
|-damage|p1a: Moltres|0 fnt
|faint|p1a: Moltres
|
|upkeep
|
|t:|1760718199
|switch|p1a: Great Tusk|Great Tusk|100/100
|turn|2
|
|t:|1760718214
|switch|p2a: Cinderace|Cinderace, F|100/100
|move|p1a: Great Tusk|Ice Spinner|p2a: Cinderace
|-resisted|p2a: Cinderace
|-damage|p2a: Cinderace|85/100
|
|upkeep
|turn|3
|
|t:|1760718232
|move|p2a: Cinderace|Will-O-Wisp|p1a: Great Tusk
|-status|p1a: Great Tusk|brn
|move|p1a: Great Tusk|Headlong Rush|p2a: Cinderace
|-supereffective|p2a: Cinderace
|-damage|p2a: Cinderace|9/100
|-unboost|p1a: Great Tusk|def|1
|-unboost|p1a: Great Tusk|spd|1
|
|-damage|p1a: Great Tusk|94/100 brn|[from] brn
|upkeep
|turn|4
|
|t:|1760718240
|move|p2a: Cinderace|Pyro Ball|p1a: Great Tusk|[miss]
|-miss|p2a: Cinderace|p1a: Great Tusk
|move|p1a: Great Tusk|Rapid Spin|p2a: Cinderace
|-damage|p2a: Cinderace|0 fnt
|-boost|p1a: Great Tusk|spe|1
|faint|p2a: Cinderace
|
|-damage|p1a: Great Tusk|88/100 brn|[from] brn
|upkeep
|
|t:|1760718244
|switch|p2a: Dragapult|Dragapult, F|100/100
|turn|5
|
|t:|1760718256
|move|p2a: Dragapult|Hydro Pump|p1a: Great Tusk
|-supereffective|p1a: Great Tusk
|-damage|p1a: Great Tusk|0 fnt
|faint|p1a: Great Tusk
|-end|p1a: Great Tusk|Protosynthesis|[silent]
|
|upkeep
|
|t:|1760718262
|switch|p1a: Slowking|Slowking-Galar, F|100/100
|turn|6
|
|t:|1760718268
|switch|p2a: Kingambit|Kingambit, F|100/100
|-activate|p2a: Kingambit|ability: Supreme Overlord
|-start|p2a: Kingambit|fallen1|[silent]
|move|p1a: Slowking|Ice Beam|p2a: Kingambit
|-resisted|p2a: Kingambit
|-damage|p2a: Kingambit|89/100
|
|upkeep
|turn|7
|
|t:|1760718279
|move|p2a: Kingambit|Swords Dance|p2a: Kingambit
|-boost|p2a: Kingambit|atk|2
|move|p1a: Slowking|Flamethrower|p2a: Kingambit
|-supereffective|p2a: Kingambit
|-crit|p2a: Kingambit
|-damage|p2a: Kingambit|18/100
|
|upkeep
|turn|8
|
|t:|1760718289
|switch|p1a: Queengambit|Kingambit, F, shiny|100/100
|-activate|p1a: Queengambit|ability: Supreme Overlord
|-start|p1a: Queengambit|fallen2|[silent]
|move|p2a: Kingambit|Sucker Punch||[still]
|-fail|p2a: Kingambit
|
|upkeep
|turn|9
|
|t:|1760718299
|move|p1a: Queengambit|Sucker Punch|p2a: Kingambit
|-resisted|p2a: Kingambit
|-damage|p2a: Kingambit|0 fnt
|faint|p2a: Kingambit
|-end|p2a: Kingambit|fallen1|[silent]
|
|upkeep
|
|t:|1760718302
|switch|p2a: Landorus|Landorus-Therian, M|100/100
|-ability|p2a: Landorus|Intimidate|boost
|-unboost|p1a: Queengambit|atk|1
|turn|10
|
|t:|1760718309
|-end|p1a: Queengambit|fallen2|[silent]
|switch|p1a: Hydrapple|Hydrapple, M, shiny|100/100
|move|p2a: Landorus|Earthquake|p1a: Hydrapple
|-resisted|p1a: Hydrapple
|-damage|p1a: Hydrapple|84/100
|
|upkeep
|turn|11
|
|t:|1760718321
|move|p2a: Landorus|U-turn|p1a: Hydrapple
|-supereffective|p1a: Hydrapple
|-damage|p1a: Hydrapple|55/100
|
|t:|1760718347
|switch|p2a: Ogerpon|Ogerpon-Wellspring, F|100/100|[from] U-turn
|move|p1a: Hydrapple|Fickle Beam|p2a: Ogerpon|[anim] Fickle Beam All Out
|-activate|p1a: Hydrapple|move: Fickle Beam
|-damage|p2a: Ogerpon|22/100
|
|upkeep
|turn|12
|
|t:|1760718359
|move|p2a: Ogerpon|U-turn|p1a: Hydrapple
|-supereffective|p1a: Hydrapple
|-damage|p1a: Hydrapple|24/100
|
|t:|1760718363
|switch|p2a: Zapdos|Zapdos|100/100|[from] U-turn
|move|p1a: Hydrapple|Giga Drain|p2a: Zapdos
|-resisted|p2a: Zapdos
|-damage|p2a: Zapdos|86/100
|-heal|p1a: Hydrapple|31/100|[from] drain|[of] p2a: Zapdos
|
|-heal|p2a: Zapdos|92/100|[from] item: Leftovers
|upkeep
|turn|13
|
|t:|1760718376
|switch|p1a: Zeus|Jolteon, F, shiny|100/100
|move|p2a: Zapdos|Substitute|p2a: Zapdos
|-start|p2a: Zapdos|Substitute
|-damage|p2a: Zapdos|67/100
|
|-heal|p2a: Zapdos|73/100|[from] item: Leftovers
|upkeep
|turn|14
|
|t:|1760718383
|-terastallize|p2a: Zapdos|Electric
|move|p1a: Zeus|Thunderbolt|p2a: Zapdos
|-resisted|p2a: Zapdos
|-activate|p2a: Zapdos|move: Substitute|[damage]
|move|p2a: Zapdos|Discharge|p1a: Zeus
|-immune|p1a: Zeus|[from] ability: Volt Absorb
|
|-heal|p2a: Zapdos|79/100|[from] item: Leftovers
|upkeep
|turn|15
|
|t:|1760718391
|move|p1a: Zeus|Alluring Voice|p2a: Zapdos
|-damage|p2a: Zapdos|56/100
|move|p2a: Zapdos|Hurricane|p1a: Zeus
|-resisted|p1a: Zeus
|-damage|p1a: Zeus|71/100
|
|-heal|p2a: Zapdos|62/100|[from] item: Leftovers
|upkeep
|turn|16
|
|t:|1760718399
|move|p1a: Zeus|Calm Mind|p1a: Zeus
|-boost|p1a: Zeus|spa|1
|-boost|p1a: Zeus|spd|1
|move|p2a: Zapdos|Roost|p2a: Zapdos
|-heal|p2a: Zapdos|100/100
|
|upkeep
|turn|17
|
|t:|1760718406
|move|p1a: Zeus|Calm Mind|p1a: Zeus
|-boost|p1a: Zeus|spa|1
|-boost|p1a: Zeus|spd|1
|move|p2a: Zapdos|Hurricane|p1a: Zeus
|-resisted|p1a: Zeus
|-damage|p1a: Zeus|55/100
|
|upkeep
|turn|18
|
|t:|1760718414
|move|p1a: Zeus|Alluring Voice|p2a: Zapdos
|-damage|p2a: Zapdos|59/100
|move|p2a: Zapdos|Hurricane|p1a: Zeus|[miss]
|-miss|p2a: Zapdos|p1a: Zeus
|
|-heal|p2a: Zapdos|65/100|[from] item: Leftovers
|upkeep
|turn|19
|
|t:|1760718427
|move|p1a: Zeus|Alluring Voice|p2a: Zapdos
|-damage|p2a: Zapdos|21/100
|move|p2a: Zapdos|Hurricane|p1a: Zeus
|-resisted|p1a: Zeus
|-damage|p1a: Zeus|41/100
|-start|p1a: Zeus|confusion
|
|-heal|p2a: Zapdos|27/100|[from] item: Leftovers
|upkeep
|turn|20
|
|t:|1760718435
|switch|p2a: Landorus|Landorus-Therian, M|100/100
|-ability|p2a: Landorus|Intimidate|boost
|-unboost|p1a: Zeus|atk|1
|-activate|p1a: Zeus|confusion
|move|p1a: Zeus|Alluring Voice|p2a: Landorus
|-damage|p2a: Landorus|35/100
|
|upkeep
|turn|21
|
|t:|1760718448
|switch|p1a: Hydrapple|Hydrapple, M, shiny|64/100
|move|p2a: Landorus|Earthquake|p1a: Hydrapple
|-resisted|p1a: Hydrapple
|-damage|p1a: Hydrapple|49/100
|
|upkeep
|turn|22
|
|t:|1760718464
|move|p2a: Landorus|U-turn|p1a: Hydrapple
|-supereffective|p1a: Hydrapple
|-damage|p1a: Hydrapple|19/100
|
|t:|1760718469
|switch|p2a: Zapdos|Zapdos, tera:Electric|27/100|[from] U-turn
|move|p1a: Hydrapple|Giga Drain|p2a: Zapdos
|-damage|p2a: Zapdos|0 fnt
|-heal|p1a: Hydrapple|32/100|[from] drain|[of] p2a: Zapdos
|faint|p2a: Zapdos
|
|upkeep
|
|t:|1760718474
|switch|p2a: Dragapult|Dragapult, F|100/100
|turn|23
|c|☆minershrub|!dt hydrapple
|c| minershrub|/raw <div class="message"><ul class="utilichart"><li class="result"><span class="col numcol">UU</span> <span class="col iconcol"><psicon pokemon="hydrapple"/></span> <span class="col pokemonnamecol" style="white-space:nowrap"><a href="https://dex.pokemonshowdown.com/pokemon/hydrapple" target="_blank">Hydrapple</a></span> <span class="col typecol"><img src="https://play.pokemonshowdown.com/sprites/types/Grass.png" alt="Grass" height="14" width="32"><img src="https://play.pokemonshowdown.com/sprites/types/Dragon.png" alt="Dragon" height="14" width="32"></span> <span style="float:left;min-height:26px"><span class="col twoabilitycol">Supersweet Syrup<br />Regenerator</span><span class="col abilitycol"><em>Sticky Hold</em></span></span><span style="float:left;min-height:26px"><span class="col statcol"><em>HP</em><br />106</span> <span class="col statcol"><em>Atk</em><br />80</span> <span class="col statcol"><em>Def</em><br />110</span> <span class="col statcol"><em>SpA</em><br />120</span> <span class="col statcol"><em>SpD</em><br />80</span> <span class="col statcol"><em>Spe</em><br />44</span> <span class="col bstcol"><em>BST<br />540</em></span> </span></li><li style="clear:both"></li></ul></div>
|c| minershrub|/raw <font size="1"><font color="#686868">Dex#:</font> 1019&nbsp;|&ThickSpace;<font color="#686868">Gen:</font> 9&nbsp;|&ThickSpace;<font color="#686868">Height:</font> 1.8 m&nbsp;|&ThickSpace;<font color="#686868">Weight:</font> 93 kg <em>(80 BP)</em>&nbsp;|&ThickSpace;<font color="#686868">Dex Colour:</font> Green&nbsp;|&ThickSpace;<font color="#686868">Egg Group(s):</font> Grass, Dragon&nbsp;|&ThickSpace;<font color="#686868">Pre-Evolution:</font> Dipplin&nbsp;|&ThickSpace;<font color="#686868">Does Not Evolve</font></font>

|
|t:|1760718495
|switch|p1a: Queengambit|Kingambit, F, shiny|100/100
|-activate|p1a: Queengambit|ability: Supreme Overlord
|-start|p1a: Queengambit|fallen2|[silent]
|move|p2a: Dragapult|Shadow Ball|p1a: Queengambit
|-resisted|p1a: Queengambit
|-damage|p1a: Queengambit|80/100
|
|-heal|p1a: Queengambit|86/100|[from] item: Leftovers
|upkeep
|turn|24
|
|t:|1760718516
|switch|p2a: Landorus|Landorus-Therian, M|35/100
|-ability|p2a: Landorus|Intimidate|boost
|-unboost|p1a: Queengambit|atk|1
|move|p1a: Queengambit|Sucker Punch||[still]
|-fail|p1a: Queengambit
|
|-heal|p1a: Queengambit|93/100|[from] item: Leftovers
|upkeep
|turn|25
|
|t:|1760718530
|-end|p1a: Queengambit|fallen2|[silent]
|switch|p1a: Hydrapple|Hydrapple, M, shiny|65/100
|move|p2a: Landorus|Taunt|p1a: Hydrapple
|-start|p1a: Hydrapple|move: Taunt
|
|upkeep
|turn|26
|
|t:|1760718543
|move|p2a: Landorus|U-turn|p1a: Hydrapple
|-supereffective|p1a: Hydrapple
|-damage|p1a: Hydrapple|35/100
|
|t:|1760718546
|switch|p2a: Dragapult|Dragapult, F|100/100|[from] U-turn
|move|p1a: Hydrapple|Fickle Beam|p2a: Dragapult
|-supereffective|p2a: Dragapult
|-damage|p2a: Dragapult|9/100
|
|upkeep
|turn|27
|
|t:|1760718559
|switch|p1a: Slowking|Slowking-Galar, F|100/100
|move|p2a: Dragapult|Draco Meteor|p1a: Slowking
|-damage|p1a: Slowking|74/100
|-unboost|p2a: Dragapult|spa|2
|
|upkeep
|turn|28
|-message|minershrub forfeited.
|
|win|Crystal Celesse
|raw|Crystal Celesse's rating: 1458 &rarr; <strong>1478</strong><br />(+20 for winning)
|raw|minershrub's rating: 1466 &rarr; <strong>1446</strong><br />(-20 for losing)
|l|☆minershrub
|player|p2|
