|j|☆Deafoman
|j|☆trippi-troppi6969
|t:|1760768852
|gametype|singles
|player|p1|Deafoman|hoopster|1184
|player|p2|trippi-troppi6969|ghetsis|1177
|gen|9
|tier|[Gen 9] OU
|rated|
|rule|HP Percentage Mod: HP is shown in percentages
|rule|Endless Battle Clause: Forcing endless battles is banned
|rule|Species Clause: Limit one of each Pokémon
|rule|OHKO Clause: OHKO moves are banned
|rule|Evasion Items Clause: Evasion items are banned
|rule|Evasion Moves Clause: Evasion moves are banned
|rule|Evasion Abilities Clause: Evasion abilities are banned
|rule|Sleep Moves Clause: Sleep-inducing moves are banned
|clearpoke
|poke|p1|Okidogi, M|
|poke|p1|Braviary-Hisui, M|
|poke|p1|Politoed, M|
|poke|p1|Excadrill, M|
|poke|p1|Lokix, F|
|poke|p1|Ninetales-Alola, F|
|poke|p2|Quaquaval, F|
|poke|p2|Kingambit, F|
|poke|p2|Iron Moth|
|poke|p2|Garchomp, M|
|poke|p2|Hatterene, F|
|poke|p2|Moltres-Galar|
|teampreview
|inactive|Battle timer is ON: inactive players will automatically lose when time's up. (requested by trippi-troppi6969)
|
|t:|1760768872
|teamsize|p1|6
|teamsize|p2|6
|start
|switch|p1a: Politoed|Politoed, M|100/100
|switch|p2a: Garchomp|Garchomp, M|100/100
|-weather|RainDance|[from] ability: Drizzle|[of] p1a: Politoed
|turn|1
|inactive|trippi-troppi6969 has 120 seconds left.
|j| Djpokey
|c| Djpokey|lock in
|inactive|trippi-troppi6969 has 90 seconds left.
|inactive|trippi-troppi6969 has 60 seconds left.
|
|t:|1760768966
|-terastallize|p2a: Garchomp|Ghost
|move|p2a: Garchomp|Spikes|p1a: Politoed
|-sidestart|p1: Deafoman|Spikes
|move|p1a: Politoed|Surf|p2a: Garchomp
|-damage|p2a: Garchomp|41/100
|
|-weather|RainDance|[upkeep]
|upkeep
|turn|2
|
|t:|1760768976
|move|p2a: Garchomp|Spikes|p1a: Politoed
|-sidestart|p1: Deafoman|Spikes
|move|p1a: Politoed|Surf|p2a: Garchomp
|-damage|p2a: Garchomp|0 fnt
|faint|p2a: Garchomp
|
|-weather|RainDance|[upkeep]
|upkeep
|
|t:|1760768982
|switch|p2a: Quaquaval|Quaquaval, F|100/100
|turn|3
|
|t:|1760768989
|switch|p1a: Ninetales|Ninetales-Alola, F, shiny|100/100
|-damage|p1a: Ninetales|84/100|[from] Spikes
|-weather|Snowscape|[from] ability: Snow Warning|[of] p1a: Ninetales
|move|p2a: Quaquaval|Aqua Step|p1a: Ninetales
|-damage|p1a: Ninetales|22/100
|-boost|p2a: Quaquaval|spe|1
|
|-weather|Snowscape|[upkeep]
|upkeep
|turn|4
|
|t:|1760768999
|move|p2a: Quaquaval|Aqua Step|p1a: Ninetales
|-crit|p1a: Ninetales
|-damage|p1a: Ninetales|0 fnt
|-boost|p2a: Quaquaval|spe|1
|faint|p1a: Ninetales
|-ability|p2a: Quaquaval|Moxie|boost
|-boost|p2a: Quaquaval|atk|1
|
|-weather|Snowscape|[upkeep]
|upkeep
|
|t:|1760769010
|switch|p1a: Politoed|Politoed, M|100/100
|-damage|p1a: Politoed|84/100|[from] Spikes
|-weather|RainDance|[from] ability: Drizzle|[of] p1a: Politoed
|turn|5
|
|t:|1760769025
|move|p2a: Quaquaval|Aqua Step|p1a: Politoed
|-resisted|p1a: Politoed
|-damage|p1a: Politoed|14/100
|-boost|p2a: Quaquaval|spe|1
|move|p1a: Politoed|Haze|p1a: Politoed
|-clearallboost
|
|-weather|RainDance|[upkeep]
|upkeep
|turn|6
|
|t:|1760769036
|move|p2a: Quaquaval|Aqua Step|p1a: Politoed
|-resisted|p1a: Politoed
|-damage|p1a: Politoed|0 fnt
|-boost|p2a: Quaquaval|spe|1
|faint|p1a: Politoed
|-ability|p2a: Quaquaval|Moxie|boost
|-boost|p2a: Quaquaval|atk|1
|
|-weather|RainDance|[upkeep]
|upkeep
|
|t:|1760769039
|switch|p1a: Braviary|Braviary-Hisui, M, shiny|100/100
|turn|7
|
|t:|1760769050
|move|p2a: Quaquaval|Aqua Step|p1a: Braviary
|-damage|p1a: Braviary|10/100
|-boost|p2a: Quaquaval|spe|1
|move|p1a: Braviary|Esper Wing|p2a: Quaquaval
|-supereffective|p2a: Quaquaval
|-damage|p2a: Quaquaval|8/100
|-boost|p1a: Braviary|spe|1
|
|-weather|RainDance|[upkeep]
|upkeep
|turn|8
|
|t:|1760769059
|move|p2a: Quaquaval|Aqua Step|p1a: Braviary
|-damage|p1a: Braviary|0 fnt
|-boost|p2a: Quaquaval|spe|1
|faint|p1a: Braviary
|-ability|p2a: Quaquaval|Moxie|boost
|-boost|p2a: Quaquaval|atk|1
|
|-weather|RainDance|[upkeep]
|upkeep
|
|t:|1760769063
|switch|p1a: Lokix|Lokix, F, shiny|100/100
|-damage|p1a: Lokix|84/100|[from] Spikes
|turn|9
|
|t:|1760769067
|move|p1a: Lokix|First Impression|p2a: Quaquaval
|-resisted|p2a: Quaquaval
|-damage|p2a: Quaquaval|0 fnt
|faint|p2a: Quaquaval
|
|-weather|RainDance|[upkeep]
|upkeep
|
|t:|1760769074
|switch|p2a: Iron Moth|Iron Moth|100/100
|-enditem|p2a: Iron Moth|Booster Energy
|-activate|p2a: Iron Moth|ability: Quark Drive|[fromitem]
|-start|p2a: Iron Moth|quarkdrivespe
|turn|10
|
|t:|1760769084
|move|p2a: Iron Moth|Fiery Dance|p1a: Lokix
|-supereffective|p1a: Lokix
|-damage|p1a: Lokix|35/100
|move|p1a: Lokix|U-turn|p2a: Iron Moth
|-resisted|p2a: Iron Moth
|-damage|p2a: Iron Moth|77/100
|
|t:|1760769089
|switch|p1a: Okidogi|Okidogi, M|100/100|[from] U-turn
|-damage|p1a: Okidogi|84/100|[from] Spikes
|
|-weather|RainDance|[upkeep]
|upkeep
|turn|11
|
|t:|1760769094
|move|p2a: Iron Moth|Psychic|p1a: Okidogi
|-supereffective|p1a: Okidogi
|-damage|p1a: Okidogi|0 fnt
|faint|p1a: Okidogi
|
|-weather|RainDance|[upkeep]
|upkeep
|
|t:|1760769100
|switch|p1a: Excadrill|Excadrill, M|100/100
|-ability|p1a: Excadrill|Mold Breaker
|-item|p1a: Excadrill|Air Balloon
|turn|12
|
|t:|1760769108
|-terastallize|p1a: Excadrill|Flying
|move|p2a: Iron Moth|Fiery Dance|p1a: Excadrill
|-damage|p1a: Excadrill|75/100
|-enditem|p1a: Excadrill|Air Balloon
|move|p1a: Excadrill|Earthquake|p2a: Iron Moth
|-supereffective|p2a: Iron Moth
|-damage|p2a: Iron Moth|0 fnt
|faint|p2a: Iron Moth
|-end|p2a: Iron Moth|Quark Drive|[silent]
|
|-weather|none
|upkeep
|
|t:|1760769119
|switch|p2a: Hatterene|Hatterene, F|100/100
|turn|13
|
|t:|1760769123
|move|p1a: Excadrill|Iron Head|p2a: Hatterene
|-supereffective|p2a: Hatterene
|-damage|p2a: Hatterene|1/100
|move|p2a: Hatterene|Nuzzle|p1a: Excadrill
|-supereffective|p1a: Excadrill
|-damage|p1a: Excadrill|62/100
|-status|p1a: Excadrill|par
|
|upkeep
|turn|14
|
|t:|1760769137
|move|p1a: Excadrill|Earthquake|p2a: Hatterene
|-damage|p2a: Hatterene|0 fnt
|faint|p2a: Hatterene
|
|upkeep
|
|t:|1760769142
|switch|p2a: Moltres|Moltres-Galar|100/100
|turn|15
|
|t:|1760769160
|move|p2a: Moltres|Agility|p2a: Moltres
|-boost|p2a: Moltres|spe|2
|cant|p1a: Excadrill|par
|
|upkeep
|turn|16
|
|t:|1760769168
|move|p2a: Moltres|Nasty Plot|p2a: Moltres
|-boost|p2a: Moltres|spa|2
|move|p1a: Excadrill|Iron Head|p2a: Moltres
|-damage|p2a: Moltres|51/100
|
|upkeep
|turn|17
|
|t:|1760769172
|move|p2a: Moltres|Fiery Wrath|p1a: Excadrill
|-damage|p1a: Excadrill|0 fnt
|faint|p1a: Excadrill
|
|upkeep
|
|t:|1760769174
|switch|p1a: Lokix|Lokix, F, shiny|35/100
|-damage|p1a: Lokix|19/100|[from] Spikes
|turn|18
|
|t:|1760769180
|move|p1a: Lokix|First Impression|p2a: Moltres
|-damage|p2a: Moltres|0 fnt
|faint|p2a: Moltres
|
|upkeep
|
|t:|1760769183
|switch|p2a: Kingambit|Kingambit, F|100/100
|-activate|p2a: Kingambit|ability: Supreme Overlord
|-start|p2a: Kingambit|fallen5|[silent]
|-item|p2a: Kingambit|Air Balloon
|turn|19
|
|t:|1760769188
|move|p1a: Lokix|First Impression||[still]
|-hint|First Impression only works on your first turn out.
|-fail|p1a: Lokix
|move|p2a: Kingambit|Sucker Punch||[still]
|-fail|p2a: Kingambit
|
|upkeep
|turn|20
|
|t:|1760769194
|move|p1a: Lokix|U-turn|p2a: Kingambit
|-damage|p2a: Kingambit|77/100
|-enditem|p2a: Kingambit|Air Balloon
|move|p2a: Kingambit|Iron Head|p1a: Lokix
|-damage|p1a: Lokix|0 fnt
|faint|p1a: Lokix
|
|win|trippi-troppi6969
|raw|Deafoman's rating: 1184 &rarr; <strong>1158</strong><br />(-26 for losing)
|raw|trippi-troppi6969's rating: 1177 &rarr; <strong>1203</strong><br />(+26 for winning)
|l|☆Deafoman
|player|p1|
|l|☆trippi-troppi6969
|player|p2|
|l| Djpokey
