|j|☆Crsiu
|j|☆mikeim520
|t:|1760762416
|gametype|singles
|player|p1|Crsiu|n|1695
|player|p2|mikeim520|2|1820
|gen|9
|tier|[Gen 9] OU
|rated|
|rule|HP Percentage Mod: HP is shown in percentages
|rule|Endless Battle Clause: Forcing endless battles is banned
|rule|Species Clause: Limit one of each Pokémon
|rule|OHKO Clause: OHKO moves are banned
|rule|Evasion Items Clause: Evasion items are banned
|rule|Evasion Moves Clause: Evasion moves are banned
|rule|Evasion Abilities Clause: Evasion abilities are banned
|rule|Sleep Moves Clause: Sleep-inducing moves are banned
|clearpoke
|poke|p1|Blaziken, F|
|poke|p1|Indeedee, M|
|poke|p1|Ninetales-Alola, M|
|poke|p1|Iron Treads|
|poke|p1|Raging Bolt|
|poke|p1|Ursaluna, M|
|poke|p2|Latios, M|
|poke|p2|Toxapex, F|
|poke|p2|Darkrai|
|poke|p2|Corviknight, F|
|poke|p2|Iron Treads|
|poke|p2|Gliscor, F|
|teampreview
|inactive|Battle timer is ON: inactive players will automatically lose when time's up. (requested by mikeim520)
|
|t:|1760762438
|teamsize|p1|6
|teamsize|p2|6
|start
|switch|p1a: Raging Bolt|Raging Bolt|100/100
|switch|p2a: Darkrai|Darkrai|100/100
|turn|1
|
|t:|1760762441
|move|p2a: Darkrai|Ice Beam|p1a: Raging Bolt
|-supereffective|p1a: Raging Bolt
|-damage|p1a: Raging Bolt|19/100
|move|p1a: Raging Bolt|Draco Meteor|p2a: Darkrai
|-damage|p2a: Darkrai|0 fnt
|-unboost|p1a: Raging Bolt|spa|2
|faint|p2a: Darkrai
|
|upkeep
|
|t:|1760762446
|switch|p2a: Latios|Latios, M|100/100
|turn|2
|
|t:|1760762451
|move|p2a: Latios|Substitute|p2a: Latios
|-start|p2a: Latios|Substitute
|-damage|p2a: Latios|76/100
|move|p1a: Raging Bolt|Draco Meteor|p2a: Latios
|-supereffective|p2a: Latios
|-end|p2a: Latios|Substitute
|-unboost|p1a: Raging Bolt|spa|2
|
|-heal|p2a: Latios|82/100|[from] item: Leftovers
|upkeep
|turn|3
|
|t:|1760762456
|-end|p1a: Raging Bolt|Protosynthesis|[silent]
|switch|p1a: Ninetales|Ninetales-Alola, M, shiny|100/100
|-weather|Snowscape|[from] ability: Snow Warning|[of] p1a: Ninetales
|move|p2a: Latios|Substitute|p2a: Latios
|-start|p2a: Latios|Substitute
|-damage|p2a: Latios|57/100
|
|-weather|Snowscape|[upkeep]
|-heal|p2a: Latios|63/100|[from] item: Leftovers
|upkeep
|turn|4
|
|t:|1760762463
|move|p2a: Latios|Luster Purge|p1a: Ninetales
|-damage|p1a: Ninetales|52/100
|-unboost|p1a: Ninetales|spd|1
|move|p1a: Ninetales|Roar|p2a: Latios
|drag|p2a: Toxapex|Toxapex, F|100/100
|
|-weather|Snowscape|[upkeep]
|upkeep
|turn|5
|
|t:|1760762467
|move|p1a: Ninetales|Aurora Veil|p1a: Ninetales
|-sidestart|p1: Crsiu|move: Aurora Veil
|move|p2a: Toxapex|Toxic|p1a: Ninetales
|-status|p1a: Ninetales|tox
|
|-weather|Snowscape|[upkeep]
|-damage|p1a: Ninetales|46/100 tox|[from] psn
|upkeep
|turn|6
|
|t:|1760762473
|switch|p1a: Ursaluna|Ursaluna, M, shiny|100/100
|switch|p2a: Corviknight|Corviknight, F|100/100
|-ability|p2a: Corviknight|Pressure
|
|-weather|Snowscape|[upkeep]
|-status|p1a: Ursaluna|brn|[from] item: Flame Orb
|upkeep
|turn|7
|
|t:|1760762483
|switch|p1a: Raging Bolt|Raging Bolt|19/100
|move|p2a: Corviknight|Iron Defense|p2a: Corviknight
|-boost|p2a: Corviknight|def|2
|
|-weather|none
|upkeep
|turn|8
|
|t:|1760762489
|switch|p2a: Iron Treads|Iron Treads|100/100
|move|p1a: Raging Bolt|Volt Switch|p2a: Iron Treads
|-immune|p2a: Iron Treads
|
|upkeep
|turn|9
|
|t:|1760762494
|-end|p1a: Raging Bolt|Protosynthesis|[silent]
|switch|p1a: Ursaluna|Ursaluna, M, shiny|100/100 brn
|move|p2a: Iron Treads|Earthquake|p1a: Ursaluna
|-damage|p1a: Ursaluna|88/100 brn
|
|-damage|p1a: Ursaluna|82/100 brn|[from] brn
|upkeep
|turn|10
|
|t:|1760762499
|-end|p2a: Iron Treads|Quark Drive|[silent]
|switch|p2a: Corviknight|Corviknight, F|100/100
|-ability|p2a: Corviknight|Pressure
|move|p1a: Ursaluna|Facade|p2a: Corviknight
|-resisted|p2a: Corviknight
|-damage|p2a: Corviknight|62/100
|
|-heal|p2a: Corviknight|68/100|[from] item: Leftovers
|-damage|p1a: Ursaluna|75/100 brn|[from] brn
|upkeep
|turn|11
|
|t:|1760762504
|switch|p1a: Raging Bolt|Raging Bolt|19/100
|move|p2a: Corviknight|Iron Defense|p2a: Corviknight
|-boost|p2a: Corviknight|def|2
|
|-heal|p2a: Corviknight|74/100|[from] item: Leftovers
|upkeep
|turn|12
|
|t:|1760762508
|switch|p2a: Iron Treads|Iron Treads|100/100
|move|p1a: Raging Bolt|Draco Meteor|p2a: Iron Treads
|-resisted|p2a: Iron Treads
|-damage|p2a: Iron Treads|56/100
|-unboost|p1a: Raging Bolt|spa|2
|
|-heal|p2a: Iron Treads|62/100|[from] item: Leftovers
|-sideend|p1: Crsiu|move: Aurora Veil
|upkeep
|turn|13
|j| Champion reko
|
|t:|1760762517
|-end|p1a: Raging Bolt|Protosynthesis|[silent]
|switch|p1a: Ursaluna|Ursaluna, M, shiny|75/100 brn
|move|p2a: Iron Treads|Earthquake|p1a: Ursaluna
|-damage|p1a: Ursaluna|49/100 brn
|
|-heal|p2a: Iron Treads|68/100|[from] item: Leftovers
|-damage|p1a: Ursaluna|43/100 brn|[from] brn
|upkeep
|turn|14
|
|t:|1760762523
|-end|p2a: Iron Treads|Quark Drive|[silent]
|switch|p2a: Corviknight|Corviknight, F|74/100
|-ability|p2a: Corviknight|Pressure
|move|p1a: Ursaluna|Facade|p2a: Corviknight
|-resisted|p2a: Corviknight
|-damage|p2a: Corviknight|40/100
|
|-heal|p2a: Corviknight|46/100|[from] item: Leftovers
|-damage|p1a: Ursaluna|37/100 brn|[from] brn
|upkeep
|turn|15
|j| Ctannn
|
|t:|1760762526
|move|p2a: Corviknight|Roost|p2a: Corviknight
|-heal|p2a: Corviknight|96/100
|-singleturn|p2a: Corviknight|move: Roost
|move|p1a: Ursaluna|Headlong Rush|p2a: Corviknight
|-supereffective|p2a: Corviknight
|-damage|p2a: Corviknight|0 fnt
|-unboost|p1a: Ursaluna|def|1
|-unboost|p1a: Ursaluna|spd|1
|faint|p2a: Corviknight
|
|-damage|p1a: Ursaluna|30/100 brn|[from] brn
|upkeep
|
|t:|1760762533
|switch|p2a: Latios|Latios, M|63/100
|turn|16
|
|t:|1760762539
|move|p2a: Latios|Luster Purge|p1a: Ursaluna
|-damage|p1a: Ursaluna|0 fnt
|faint|p1a: Ursaluna
|
|-heal|p2a: Latios|69/100|[from] item: Leftovers
|upkeep
|
|t:|1760762551
|switch|p1a: Iron Treads|Iron Treads, shiny|100/100
|turn|17
|
|t:|1760762555
|-terastallize|p2a: Latios|Steel
|move|p2a: Latios|Aura Sphere|p1a: Iron Treads
|-supereffective|p1a: Iron Treads
|-damage|p1a: Iron Treads|18/100
|move|p1a: Iron Treads|Knock Off|p2a: Latios
|-damage|p2a: Latios|27/100
|-enditem|p2a: Latios|Leftovers|[from] move: Knock Off|[of] p1a: Iron Treads
|
|upkeep
|turn|18
|
|t:|1760762562
|-terastallize|p1a: Iron Treads|Ghost
|move|p2a: Latios|Luster Purge|p1a: Iron Treads
|-damage|p1a: Iron Treads|0 fnt
|faint|p1a: Iron Treads
|-end|p1a: Iron Treads|Quark Drive|[silent]
|
|upkeep
|
|t:|1760762571
|switch|p1a: Indeedee|Indeedee, M|100/100
|-fieldstart|move: Psychic Terrain|[from] ability: Psychic Surge|[of] p1a: Indeedee
|turn|19
|
|t:|1760762576
|move|p1a: Indeedee|Expanding Force|p2a: Latios
|-resisted|p2a: Latios
|-damage|p2a: Latios|0 fnt
|faint|p2a: Latios
|
|upkeep
|
|t:|1760762579
|switch|p2a: Iron Treads|Iron Treads|68/100
|turn|20
|
|t:|1760762586
|switch|p1a: Raging Bolt|Raging Bolt|19/100
|move|p2a: Iron Treads|Stealth Rock|p1a: Raging Bolt
|-sidestart|p1: Crsiu|move: Stealth Rock
|
|-heal|p2a: Iron Treads|74/100|[from] item: Leftovers
|upkeep
|turn|21
|l| Champion reko
|
|t:|1760762590
|move|p2a: Iron Treads|Earthquake|p1a: Raging Bolt
|-supereffective|p1a: Raging Bolt
|-crit|p1a: Raging Bolt
|-damage|p1a: Raging Bolt|0 fnt
|faint|p1a: Raging Bolt
|-end|p1a: Raging Bolt|Protosynthesis|[silent]
|
|-heal|p2a: Iron Treads|80/100|[from] item: Leftovers
|upkeep
|
|t:|1760762592
|switch|p1a: Ninetales|Ninetales-Alola, M, shiny|46/100 tox
|-damage|p1a: Ninetales|21/100 tox|[from] Stealth Rock
|-weather|Snowscape|[from] ability: Snow Warning|[of] p1a: Ninetales
|turn|22
|
|t:|1760762598
|move|p1a: Ninetales|Aurora Veil|p1a: Ninetales
|-sidestart|p1: Crsiu|move: Aurora Veil
|move|p2a: Iron Treads|Earthquake|p1a: Ninetales
|-damage|p1a: Ninetales|7/100 tox
|
|-weather|Snowscape|[upkeep]
|-heal|p2a: Iron Treads|86/100|[from] item: Leftovers
|-damage|p1a: Ninetales|1/100 tox|[from] psn
|upkeep
|turn|23
|
|t:|1760762606
|move|p1a: Ninetales|Freeze-Dry|p2a: Iron Treads
|-damage|p2a: Iron Treads|70/100
|-status|p2a: Iron Treads|frz
|cant|p2a: Iron Treads|frz
|
|-weather|Snowscape|[upkeep]
|-heal|p2a: Iron Treads|76/100 frz|[from] item: Leftovers
|-damage|p1a: Ninetales|0 fnt|[from] psn
|faint|p1a: Ninetales
|-fieldend|move: Psychic Terrain
|upkeep
|
|t:|1760762609
|switch|p1a: Blaziken|Blaziken, F, shiny|100/100
|-damage|p1a: Blaziken|88/100|[from] Stealth Rock
|turn|24
|c|☆mikeim520|...
|
|t:|1760762616
|switch|p1a: Indeedee|Indeedee, M|100/100
|-damage|p1a: Indeedee|88/100|[from] Stealth Rock
|-fieldstart|move: Psychic Terrain|[from] ability: Psychic Surge|[of] p1a: Indeedee
|-end|p2a: Iron Treads|Quark Drive|[silent]
|switch|p2a: Toxapex|Toxapex, F|100/100
|
|-weather|Snowscape|[upkeep]
|upkeep
|turn|25
|
|t:|1760762618
|move|p1a: Indeedee|Expanding Force|p2a: Toxapex
|-supereffective|p2a: Toxapex
|-damage|p2a: Toxapex|15/100
|move|p2a: Toxapex|Toxic|p1a: Indeedee
|-status|p1a: Indeedee|tox
|
|-weather|Snowscape|[upkeep]
|-heal|p2a: Toxapex|21/100|[from] item: Leftovers
|-damage|p1a: Indeedee|82/100 tox|[from] psn
|upkeep
|turn|26
|
|t:|1760762622
|switch|p2a: Iron Treads|Iron Treads|76/100 frz
|move|p1a: Indeedee|Expanding Force|p2a: Iron Treads
|-resisted|p2a: Iron Treads
|-damage|p2a: Iron Treads|48/100 frz
|
|-weather|none
|-heal|p2a: Iron Treads|54/100 frz|[from] item: Leftovers
|-damage|p1a: Indeedee|70/100 tox|[from] psn
|upkeep
|turn|27
|
|t:|1760762625
|move|p1a: Indeedee|Expanding Force|p2a: Iron Treads
|-resisted|p2a: Iron Treads
|-damage|p2a: Iron Treads|26/100 frz
|cant|p2a: Iron Treads|frz
|
|-heal|p2a: Iron Treads|32/100 frz|[from] item: Leftovers
|-damage|p1a: Indeedee|52/100 tox|[from] psn
|upkeep
|turn|28
|
|t:|1760762628
|move|p1a: Indeedee|Expanding Force|p2a: Iron Treads
|-resisted|p2a: Iron Treads
|-damage|p2a: Iron Treads|6/100 frz
|cant|p2a: Iron Treads|frz
|
|-heal|p2a: Iron Treads|12/100 frz|[from] item: Leftovers
|-damage|p1a: Indeedee|27/100 tox|[from] psn
|-fieldend|move: Psychic Terrain
|upkeep
|turn|29
|
|t:|1760762632
|move|p1a: Indeedee|Expanding Force|p2a: Iron Treads
|-resisted|p2a: Iron Treads
|-damage|p2a: Iron Treads|0 fnt
|faint|p2a: Iron Treads
|-end|p2a: Iron Treads|Quark Drive|[silent]
|
|-damage|p1a: Indeedee|0 fnt|[from] psn
|faint|p1a: Indeedee
|-sideend|p1: Crsiu|move: Aurora Veil
|upkeep
|
|t:|1760762634
|switch|p1a: Blaziken|Blaziken, F, shiny|88/100
|switch|p2a: Toxapex|Toxapex, F|54/100
|-damage|p1a: Blaziken|76/100|[from] Stealth Rock
|turn|30
|
|t:|1760762636
|move|p1a: Blaziken|Swords Dance|p1a: Blaziken
|-boost|p1a: Blaziken|atk|2
|move|p2a: Toxapex|Toxic|p1a: Blaziken
|-status|p1a: Blaziken|tox
|
|-heal|p2a: Toxapex|61/100|[from] item: Leftovers
|-damage|p1a: Blaziken|70/100 tox|[from] psn
|-ability|p1a: Blaziken|Speed Boost|boost
|-boost|p1a: Blaziken|spe|1
|upkeep
|turn|31
|
|t:|1760762640
|move|p1a: Blaziken|Blaze Kick|p2a: Toxapex
|-resisted|p2a: Toxapex
|-damage|p2a: Toxapex|25/100
|-status|p2a: Toxapex|brn
|move|p2a: Toxapex|Haze|p2a: Toxapex
|-clearallboost
|
|-heal|p2a: Toxapex|31/100 brn|[from] item: Leftovers
|-damage|p1a: Blaziken|58/100 tox|[from] psn
|-damage|p2a: Toxapex|25/100 brn|[from] brn
|-ability|p1a: Blaziken|Speed Boost|boost
|-boost|p1a: Blaziken|spe|1
|upkeep
|turn|32
|c|☆mikeim520|gg wp
|
|t:|1760762649
|move|p1a: Blaziken|Swords Dance|p1a: Blaziken
|-boost|p1a: Blaziken|atk|2
|move|p2a: Toxapex|Recover|p2a: Toxapex
|-heal|p2a: Toxapex|75/100 brn
|
|-heal|p2a: Toxapex|81/100 brn|[from] item: Leftovers
|-damage|p1a: Blaziken|40/100 tox|[from] psn
|-damage|p2a: Toxapex|75/100 brn|[from] brn
|-ability|p1a: Blaziken|Speed Boost|boost
|-boost|p1a: Blaziken|spe|1
|upkeep
|turn|33
|
|t:|1760762652
|move|p1a: Blaziken|Swords Dance|p1a: Blaziken
|-boost|p1a: Blaziken|atk|2
|move|p2a: Toxapex|Haze|p2a: Toxapex
|-clearallboost
|
|-heal|p2a: Toxapex|81/100 brn|[from] item: Leftovers
|-damage|p1a: Blaziken|16/100 tox|[from] psn
|-damage|p2a: Toxapex|75/100 brn|[from] brn
|-ability|p1a: Blaziken|Speed Boost|boost
|-boost|p1a: Blaziken|spe|1
|upkeep
|turn|34
|
|t:|1760762654
|move|p1a: Blaziken|Blaze Kick|p2a: Toxapex|[miss]
|-miss|p1a: Blaziken|p2a: Toxapex
|move|p2a: Toxapex|Surf|p1a: Blaziken
|-supereffective|p1a: Blaziken
|-damage|p1a: Blaziken|0 fnt
|faint|p1a: Blaziken
|
|win|mikeim520
|raw|Crsiu's rating: 1695 &rarr; <strong>1682</strong><br />(-13 for losing)
|raw|mikeim520's rating: 1820 &rarr; <strong>1833</strong><br />(+13 for winning)
|l|☆mikeim520
|player|p2|
|l|☆Crsiu
|player|p1|
|l| Ctannn
