|j|☆sandgangboss
|j|☆beentheredonepat
|t:|1760877632
|gametype|singles
|player|p1|sandgangboss|170|1294
|player|p2|beentheredonepat|ethan|1253
|gen|9
|tier|[Gen 9] OU
|rated|
|rule|HP Percentage Mod: HP is shown in percentages
|rule|Endless Battle Clause: Forcing endless battles is banned
|rule|Species Clause: Limit one of each Pokémon
|rule|OHKO Clause: OHKO moves are banned
|rule|Evasion Items Clause: Evasion items are banned
|rule|Evasion Moves Clause: Evasion moves are banned
|rule|Evasion Abilities Clause: Evasion abilities are banned
|rule|Sleep Moves Clause: Sleep-inducing moves are banned
|clearpoke
|poke|p1|Kyurem|
|poke|p1|Iron Valiant|
|poke|p1|Deoxys-Speed|
|poke|p1|Tornadus-Therian, M|
|poke|p1|Great Tusk|
|poke|p1|Clefable, M|
|poke|p2|Typhlosion, M|
|poke|p2|Ninetales, M|
|poke|p2|Shiftry, M|
|poke|p2|Ursaluna, F|
|poke|p2|Torkoal, F|
|poke|p2|Hatterene, F|
|teampreview
|inactive|Battle timer is ON: inactive players will automatically lose when time's up. (requested by beentheredonepat)
|c|☆beentheredonepat|Tornadus vs shiftry?
|inactive|beentheredonepat has 120 seconds left.
|c|☆beentheredonepat|You game?
|
|t:|1760877683
|teamsize|p1|6
|teamsize|p2|6
|start
|switch|p1a: Great Musk|Great Tusk|100/100
|switch|p2a: Nymph|Hatterene, F|100/100
|turn|1
|c|☆beentheredonepat|No fun
|
|t:|1760877691
|move|p1a: Great Musk|Knock Off|p2a: Nymph
|-damage|p2a: Nymph|70/100
|-enditem|p2a: Nymph|Leftovers|[from] move: Knock Off|[of] p1a: Great Musk
|move|p2a: Nymph|Trick Room|p2a: Nymph
|-fieldstart|move: Trick Room|[of] p2a: Nymph
|
|upkeep
|turn|2
|
|t:|1760877713
|-end|p1a: Great Musk|Protosynthesis|[silent]
|switch|p1a: Willy Willy|Tornadus-Therian, M|100/100
|move|p2a: Nymph|Dazzling Gleam|p1a: Willy Willy
|-damage|p1a: Willy Willy|73/100
|
|upkeep
|turn|3
|
|t:|1760877723
|switch|p2a: Shinobi|Shiftry, M|100/100
|move|p1a: Willy Willy|U-turn|p2a: Shinobi
|-supereffective|p2a: Shinobi
|-damage|p2a: Shinobi|5/100
|
|t:|1760877729
|switch|p1a: Mortal Wombat|Iron Valiant|100/100|[from] U-turn
|-enditem|p1a: Mortal Wombat|Booster Energy
|-activate|p1a: Mortal Wombat|ability: Quark Drive|[fromitem]
|-start|p1a: Mortal Wombat|quarkdrivespe
|
|upkeep
|turn|4
|
|t:|1760877735
|move|p1a: Mortal Wombat|Vacuum Wave|p2a: Shinobi
|-supereffective|p2a: Shinobi
|-damage|p2a: Shinobi|0 fnt
|faint|p2a: Shinobi
|
|upkeep
|
|t:|1760877737
|switch|p2a: Sol|Torkoal, F|100/100
|-weather|SunnyDay|[from] ability: Drought|[of] p2a: Sol
|turn|5
|
|t:|1760877742
|move|p2a: Sol|Eruption|p1a: Mortal Wombat
|-damage|p1a: Mortal Wombat|0 fnt
|faint|p1a: Mortal Wombat
|-end|p1a: Mortal Wombat|Quark Drive|[silent]
|
|-weather|SunnyDay|[upkeep]
|-fieldend|move: Trick Room
|upkeep
|
|t:|1760877751
|switch|p1a: Great Musk|Great Tusk|100/100
|-activate|p1a: Great Musk|ability: Protosynthesis
|-start|p1a: Great Musk|protosynthesisatk
|turn|6
|
|t:|1760877757
|move|p1a: Great Musk|Headlong Rush|p2a: Sol
|-supereffective|p2a: Sol
|-damage|p2a: Sol|0 fnt
|-unboost|p1a: Great Musk|def|1
|-unboost|p1a: Great Musk|spd|1
|faint|p2a: Sol
|
|-weather|SunnyDay|[upkeep]
|upkeep
|
|t:|1760877760
|switch|p2a: Nymph|Hatterene, F|70/100
|turn|7
|
|t:|1760877766
|move|p1a: Great Musk|Headlong Rush|p2a: Nymph
|-damage|p2a: Nymph|0 fnt
|-unboost|p1a: Great Musk|def|1
|-unboost|p1a: Great Musk|spd|1
|faint|p2a: Nymph
|
|-weather|SunnyDay|[upkeep]
|upkeep
|
|t:|1760877769
|switch|p2a: Charlie|Typhlosion, M|100/100
|turn|8
|
|t:|1760877780
|-end|p1a: Great Musk|Protosynthesis|[silent]
|switch|p1a: POWER CREEP?|Clefable, M|100/100
|-terastallize|p2a: Charlie|Fire
|move|p2a: Charlie|Eruption|p1a: POWER CREEP?
|-damage|p1a: POWER CREEP?|0 fnt
|faint|p1a: POWER CREEP?
|
|-weather|SunnyDay|[upkeep]
|upkeep
|
|t:|1760877794
|switch|p1a: Zoomies|Deoxys-Speed|100/100
|-ability|p1a: Zoomies|Pressure
|turn|9
|
|t:|1760877808
|switch|p2a: Mama Bear|Ursaluna, F|100/100
|move|p1a: Zoomies|Psycho Boost|p2a: Mama Bear
|-damage|p2a: Mama Bear|52/100
|-unboost|p1a: Zoomies|spa|2
|-enditem|p1a: Zoomies|Eject Pack
|
|t:|1760877820
|switch|p1a: BBL Blizzy|Kyurem|100/100
|-ability|p1a: BBL Blizzy|Pressure
|
|-weather|SunnyDay|[upkeep]
|-status|p2a: Mama Bear|brn|[from] item: Flame Orb
|upkeep
|turn|10
|
|t:|1760877828
|move|p1a: BBL Blizzy|Icicle Spear|p2a: Mama Bear
|-supereffective|p2a: Mama Bear
|-damage|p2a: Mama Bear|29/100 brn
|-supereffective|p2a: Mama Bear
|-damage|p2a: Mama Bear|6/100 brn
|-supereffective|p2a: Mama Bear
|-damage|p2a: Mama Bear|0 fnt
|faint|p2a: Mama Bear
|-hitcount|p2: Mama Bear|3
|
|-weather|SunnyDay|[upkeep]
|upkeep
|
|t:|1760877832
|switch|p2a: Charlie|Typhlosion, M, tera:Fire|100/100
|turn|11
|
|t:|1760877839
|move|p2a: Charlie|Eruption|p1a: BBL Blizzy
|-damage|p1a: BBL Blizzy|0 fnt
|faint|p1a: BBL Blizzy
|
|-weather|SunnyDay|[upkeep]
|upkeep
|
|t:|1760877845
|switch|p1a: Zoomies|Deoxys-Speed|100/100
|-ability|p1a: Zoomies|Pressure
|turn|12
|
|t:|1760877852
|move|p1a: Zoomies|Psycho Boost|p2a: Charlie
|-damage|p2a: Charlie|26/100
|-unboost|p1a: Zoomies|spa|2
|move|p2a: Charlie|Eruption|p1a: Zoomies
|-damage|p1a: Zoomies|39/100
|
|-weather|none
|upkeep
|turn|13
|
|t:|1760877862
|switch|p2a: Tollomot|Ninetales, M|100/100
|-weather|SunnyDay|[from] ability: Drought|[of] p2a: Tollomot
|move|p1a: Zoomies|Superpower|p2a: Tollomot
|-damage|p2a: Tollomot|65/100
|-unboost|p1a: Zoomies|atk|1
|-unboost|p1a: Zoomies|def|1
|
|-weather|SunnyDay|[upkeep]
|upkeep
|turn|14
|
|t:|1760877872
|move|p1a: Zoomies|Knock Off|p2a: Tollomot
|-damage|p2a: Tollomot|46/100
|-enditem|p2a: Tollomot|Eject Pack|[from] move: Knock Off|[of] p1a: Zoomies
|move|p2a: Tollomot|Overheat|p1a: Zoomies
|-damage|p1a: Zoomies|0 fnt
|-unboost|p2a: Tollomot|spa|2
|faint|p1a: Zoomies
|
|-weather|SunnyDay|[upkeep]
|upkeep
|
|t:|1760877882
|switch|p1a: Great Musk|Great Tusk|100/100
|-activate|p1a: Great Musk|ability: Protosynthesis
|-start|p1a: Great Musk|protosynthesisatk
|turn|15
|
|t:|1760877887
|move|p1a: Great Musk|Headlong Rush|p2a: Tollomot
|-supereffective|p2a: Tollomot
|-damage|p2a: Tollomot|0 fnt
|-unboost|p1a: Great Musk|def|1
|-unboost|p1a: Great Musk|spd|1
|faint|p2a: Tollomot
|
|-weather|SunnyDay|[upkeep]
|upkeep
|
|t:|1760877890
|switch|p2a: Charlie|Typhlosion, M, tera:Fire|26/100
|turn|16
|
|t:|1760877896
|-end|p1a: Great Musk|Protosynthesis|[silent]
|switch|p1a: Willy Willy|Tornadus-Therian, M|100/100
|move|p2a: Charlie|Flamethrower|p1a: Willy Willy
|-damage|p1a: Willy Willy|40/100
|
|-weather|SunnyDay|[upkeep]
|upkeep
|turn|17
|
|t:|1760877905
|move|p2a: Charlie|Flamethrower|p1a: Willy Willy
|-damage|p1a: Willy Willy|0 fnt
|faint|p1a: Willy Willy
|
|-weather|none
|upkeep
|
|t:|1760877910
|switch|p1a: Great Musk|Great Tusk|100/100
|turn|18
|
|t:|1760877913
|move|p2a: Charlie|Flamethrower|p1a: Great Musk
|-crit|p1a: Great Musk
|-damage|p1a: Great Musk|15/100
|-status|p1a: Great Musk|brn
|move|p1a: Great Musk|Headlong Rush|p2a: Charlie
|-supereffective|p2a: Charlie
|-damage|p2a: Charlie|0 fnt
|-unboost|p1a: Great Musk|def|1
|-unboost|p1a: Great Musk|spd|1
|faint|p2a: Charlie
|
|win|sandgangboss
|raw|sandgangboss's rating: 1294 &rarr; <strong>1316</strong><br />(+22 for winning)
|raw|beentheredonepat's rating: 1253 &rarr; <strong>1231</strong><br />(-22 for losing)
|l|☆sandgangboss
|player|p1|
|l|☆beentheredonepat
|player|p2|
