|j|☆Enchantix fairy
|j|☆GEM0816
|t:|1760791194
|gametype|singles
|player|p1|Enchantix fairy|winona|1247
|player|p2|GEM0816|lady|1275
|gen|9
|tier|[Gen 9] OU
|rated|
|rule|HP Percentage Mod: HP is shown in percentages
|rule|Endless Battle Clause: Forcing endless battles is banned
|rule|Species Clause: Limit one of each Pokémon
|rule|OHKO Clause: OHKO moves are banned
|rule|Evasion Items Clause: Evasion items are banned
|rule|Evasion Moves Clause: Evasion moves are banned
|rule|Evasion Abilities Clause: Evasion abilities are banned
|rule|Sleep Moves Clause: Sleep-inducing moves are banned
|clearpoke
|poke|p1|Primarina, F|
|poke|p1|Dragonite, M|
|poke|p1|Galvantula, F|
|poke|p1|Metagross|
|poke|p1|Great Tusk|
|poke|p1|Moltres-Galar|
|poke|p2|Gallade, M|
|poke|p2|Zoroark-Hisui, M|
|poke|p2|Corviknight, M|
|poke|p2|Clodsire, M|
|poke|p2|Arcanine, F|
|poke|p2|Dachsbun, F|
|teampreview
|inactive|Battle timer is ON: inactive players will automatically lose when time's up. (requested by Enchantix fairy)
|
|t:|1760791204
|teamsize|p1|6
|teamsize|p2|6
|start
|switch|p1a: Galvantula|Galvantula, F, shiny|100/100
|switch|p2a: 艾路雷朵|Gallade, M|100/100
|turn|1
|
|t:|1760791213
|move|p2a: 艾路雷朵|Trick|p1a: Galvantula
|-activate|p2a: 艾路雷朵|move: Trick|[of] p1a: Galvantula
|-item|p1a: Galvantula|Choice Scarf|[from] move: Trick
|-item|p2a: 艾路雷朵|Choice Specs|[from] move: Trick
|move|p1a: Galvantula|Bug Buzz|p2a: 艾路雷朵
|-resisted|p2a: 艾路雷朵
|-damage|p2a: 艾路雷朵|64/100
|replace|p2a: 索罗亚克|Zoroark-Hisui, M
|-end|p2a: 索罗亚克|Illusion
|
|upkeep
|turn|2
|
|t:|1760791232
|switch|p1a: Primarina|Primarina, F|100/100
|move|p2a: 索罗亚克|Flamethrower|p1a: Primarina
|-resisted|p1a: Primarina
|-damage|p1a: Primarina|88/100
|
|upkeep
|turn|3
|
|t:|1760791240
|switch|p2a: 土王|Clodsire, M|100/100
|move|p1a: Primarina|Psychic|p2a: 土王
|-supereffective|p2a: 土王
|-damage|p2a: 土王|67/100
|
|-heal|p2a: 土王|74/100|[from] item: Black Sludge
|upkeep
|turn|4
|
|t:|1760791248
|switch|p1a: Metagross|Metagross|100/100
|move|p2a: 土王|Toxic|p1a: Metagross
|-immune|p1a: Metagross
|
|-heal|p2a: 土王|80/100|[from] item: Black Sludge
|upkeep
|turn|5
|
|t:|1760791257
|switch|p2a: 疯狗|Arcanine, F|100/100
|-ability|p2a: 疯狗|Intimidate|boost
|-fail|p1a: Metagross|unboost|[from] ability: Clear Body|[of] p1a: Metagross
|move|p1a: Metagross|Earthquake|p2a: 疯狗
|-supereffective|p2a: 疯狗
|-damage|p2a: 疯狗|18/100
|
|upkeep
|turn|6
|
|t:|1760791267
|switch|p1a: Great Tusk|Great Tusk|100/100
|-terastallize|p2a: 疯狗|Flying
|move|p2a: 疯狗|Morning Sun|p2a: 疯狗
|-heal|p2a: 疯狗|68/100
|
|upkeep
|turn|7
|
|t:|1760791279
|switch|p2a: 钢铠鸦|Corviknight, M|100/100
|move|p1a: Great Tusk|Ice Spinner|p2a: 钢铠鸦
|-damage|p2a: 钢铠鸦|83/100
|
|-heal|p2a: 钢铠鸦|89/100|[from] item: Leftovers
|upkeep
|turn|8
|
|t:|1760791288
|move|p1a: Great Tusk|Stealth Rock|p2a: 钢铠鸦
|-sidestart|p2: GEM0816|move: Stealth Rock
|move|p2a: 钢铠鸦|Iron Defense|p2a: 钢铠鸦
|-boost|p2a: 钢铠鸦|def|2
|
|-heal|p2a: 钢铠鸦|95/100|[from] item: Leftovers
|upkeep
|turn|9
|
|t:|1760791295
|-end|p1a: Great Tusk|Protosynthesis|[silent]
|switch|p1a: Galvantula|Galvantula, F, shiny|100/100
|move|p2a: 钢铠鸦|Defog|p1a: Galvantula
|-unboost|p1a: Galvantula|evasion|1
|-sideend|p2: GEM0816|Stealth Rock|[from] move: Defog|[of] p2a: 钢铠鸦
|
|-heal|p2a: 钢铠鸦|100/100|[from] item: Leftovers
|upkeep
|turn|10
|
|t:|1760791309
|switch|p2a: 土王|Clodsire, M|80/100
|move|p1a: Galvantula|Thunder|p2a: 土王
|-immune|p2a: 土王
|
|-heal|p2a: 土王|86/100|[from] item: Black Sludge
|upkeep
|turn|11
|
|t:|1760791316
|switch|p1a: Metagross|Metagross|100/100
|move|p2a: 土王|Earthquake|p1a: Metagross
|-supereffective|p1a: Metagross
|-damage|p1a: Metagross|60/100
|
|-heal|p2a: 土王|92/100|[from] item: Black Sludge
|upkeep
|turn|12
|
|t:|1760791323
|move|p2a: 土王|Protect|p2a: 土王
|-singleturn|p2a: 土王|Protect
|move|p1a: Metagross|Earthquake|p2a: 土王
|-activate|p2a: 土王|move: Protect
|
|-heal|p2a: 土王|99/100|[from] item: Black Sludge
|upkeep
|turn|13
|
|t:|1760791331
|switch|p1a: Moltres|Moltres-Galar|100/100
|switch|p2a: 疯狗|Arcanine, F, tera:Flying|68/100
|-ability|p2a: 疯狗|Intimidate|boost
|-unboost|p1a: Moltres|atk|1
|
|upkeep
|turn|14
|
|t:|1760791345
|move|p1a: Moltres|Agility|p1a: Moltres
|-boost|p1a: Moltres|spe|2
|move|p2a: 疯狗|Flare Blitz|p1a: Moltres
|-damage|p1a: Moltres|53/100
|-damage|p2a: 疯狗|55/100|[from] Recoil
|
|upkeep
|turn|15
|
|t:|1760791355
|move|p1a: Moltres|Fiery Wrath|p2a: 疯狗
|-damage|p2a: 疯狗|18/100
|cant|p2a: 疯狗|flinch
|
|upkeep
|turn|16
|
|t:|1760791370
|switch|p2a: 麻花犬|Dachsbun, F|100/100
|move|p1a: Moltres|Fiery Wrath|p2a: 麻花犬
|-resisted|p2a: 麻花犬
|-damage|p2a: 麻花犬|79/100
|
|-heal|p2a: 麻花犬|85/100|[from] item: Leftovers
|upkeep
|turn|17
|
|t:|1760791377
|-terastallize|p1a: Moltres|Fairy
|move|p1a: Moltres|Nasty Plot|p1a: Moltres
|-boost|p1a: Moltres|spa|2
|move|p2a: 麻花犬|Thunder Fang|p1a: Moltres
|-damage|p1a: Moltres|42/100
|-ability|p1a: Moltres|Berserk|boost
|-boost|p1a: Moltres|spa|1
|
|-heal|p2a: 麻花犬|91/100|[from] item: Leftovers
|upkeep
|turn|18
|
|t:|1760791390
|switch|p2a: 土王|Clodsire, M|99/100
|move|p1a: Moltres|Tera Blast|p2a: 土王|[anim] Tera Blast Fairy
|-resisted|p2a: 土王
|-damage|p2a: 土王|80/100
|
|-heal|p2a: 土王|86/100|[from] item: Black Sludge
|upkeep
|turn|19
|
|t:|1760791397
|move|p1a: Moltres|Fiery Wrath|p2a: 土王
|-damage|p2a: 土王|44/100
|move|p2a: 土王|Earthquake|p1a: Moltres
|-damage|p1a: Moltres|16/100
|
|-heal|p2a: 土王|50/100|[from] item: Black Sludge
|upkeep
|turn|20
|
|t:|1760791405
|move|p1a: Moltres|Fiery Wrath|p2a: 土王
|-damage|p2a: 土王|8/100
|move|p2a: 土王|Earthquake|p1a: Moltres
|-damage|p1a: Moltres|0 fnt
|faint|p1a: Moltres
|
|-heal|p2a: 土王|15/100|[from] item: Black Sludge
|upkeep
|
|t:|1760791416
|switch|p1a: Great Tusk|Great Tusk|100/100
|turn|21
|
|t:|1760791422
|move|p1a: Great Tusk|Rapid Spin|p2a: 土王
|-damage|p2a: 土王|0 fnt
|-boost|p1a: Great Tusk|spe|1
|faint|p2a: 土王
|
|upkeep
|
|t:|1760791427
|switch|p2a: 艾路雷朵|Gallade, M|100/100
|turn|22
|
|t:|1760791439
|move|p1a: Great Tusk|Earthquake|p2a: 艾路雷朵
|-damage|p2a: 艾路雷朵|16/100
|move|p2a: 艾路雷朵|Psycho Cut|p1a: Great Tusk
|-supereffective|p1a: Great Tusk
|-damage|p1a: Great Tusk|0 fnt
|faint|p1a: Great Tusk
|-end|p1a: Great Tusk|Protosynthesis|[silent]
|
|upkeep
|
|t:|1760791446
|switch|p1a: Galvantula|Galvantula, F, shiny|100/100
|turn|23
|
|t:|1760791449
|move|p1a: Galvantula|Thunder|p2a: 艾路雷朵
|-damage|p2a: 艾路雷朵|0 fnt
|faint|p2a: 艾路雷朵
|
|upkeep
|
|t:|1760791454
|switch|p2a: 麻花犬|Dachsbun, F|64/100
|turn|24
|
|t:|1760791457
|move|p1a: Galvantula|Thunder|p2a: 麻花犬
|-damage|p2a: 麻花犬|0 fnt
|replace|p2a: 索罗亚克|Zoroark-Hisui, M
|-end|p2a: 索罗亚克|Illusion
|faint|p2a: 索罗亚克
|
|upkeep
|-message|GEM0816 forfeited.
|
|win|Enchantix fairy
|raw|Enchantix fairy's rating: 1247 &rarr; <strong>1274</strong><br />(+27 for winning)
|raw|GEM0816's rating: 1275 &rarr; <strong>1248</strong><br />(-27 for losing)
|l|☆GEM0816
|player|p2|
|l|☆Enchantix fairy
|player|p1|
