|badge|p2|bronze|gen9ubers|100-7
|uhtml|medal-msg|<div class="broadcast-blue">Curious what those medals under the avatar are? PS now has Ladder Seasons! For more information, check out the <a href="https://www.smogon.com/forums/threads/3740067/">thread on Smogon.</a></div>
|j|☆Rj yoip
|j|☆RoaringMoonlight2
|t:|1760877391
|gametype|singles
|player|p1|Rj yoip|caitlin-masters|1729
|player|p2|RoaringMoonlight2|turo-ai|1701
|gen|9
|tier|[Gen 9] OU
|rated|
|rule|HP Percentage Mod: HP is shown in percentages
|rule|Endless Battle Clause: Forcing endless battles is banned
|rule|Species Clause: Limit one of each Pokémon
|rule|OHKO Clause: OHKO moves are banned
|rule|Evasion Items Clause: Evasion items are banned
|rule|Evasion Moves Clause: Evasion moves are banned
|rule|Evasion Abilities Clause: Evasion abilities are banned
|rule|Sleep Moves Clause: Sleep-inducing moves are banned
|clearpoke
|poke|p1|Zapdos-Galar|
|poke|p1|Darkrai|
|poke|p1|Clefable, F|
|poke|p1|Gliscor, M|
|poke|p1|Dragapult, M|
|poke|p1|Kingambit, M|
|poke|p2|Glimmora, F|
|poke|p2|Iron Valiant|
|poke|p2|Raging Bolt|
|poke|p2|Ogerpon-Wellspring, F|
|poke|p2|Kingambit, F|
|poke|p2|Ceruledge, M|
|teampreview
|inactive|Battle timer is ON: inactive players will automatically lose when time's up. (requested by RoaringMoonlight2)
|inactive|RoaringMoonlight2 has 120 seconds left.
|
|t:|1760877424
|teamsize|p1|6
|teamsize|p2|6
|start
|switch|p1a: Dragapult|Dragapult, M|100/100
|switch|p2a: Fleur de Cuivre|Glimmora, F|100/100
|turn|1
|
|t:|1760877427
|move|p1a: Dragapult|Will-O-Wisp|p2a: Fleur de Cuivre
|-status|p2a: Fleur de Cuivre|brn
|move|p2a: Fleur de Cuivre|Meteor Beam||[still]
|-prepare|p2a: Fleur de Cuivre|Meteor Beam
|-boost|p2a: Fleur de Cuivre|spa|1
|-enditem|p2a: Fleur de Cuivre|Power Herb
|-anim|p2a: Fleur de Cuivre|Meteor Beam|p1a: Dragapult
|-damage|p1a: Dragapult|0 fnt
|faint|p1a: Dragapult
|
|-damage|p2a: Fleur de Cuivre|94/100 brn|[from] brn
|upkeep
|
|t:|1760877430
|switch|p1a: Gliscor|Gliscor, M|100/100
|turn|2
|
|t:|1760877433
|move|p2a: Fleur de Cuivre|Stealth Rock|p1a: Gliscor
|-sidestart|p1: Rj yoip|move: Stealth Rock
|move|p1a: Gliscor|Earthquake|p2a: Fleur de Cuivre
|-supereffective|p2a: Fleur de Cuivre
|-damage|p2a: Fleur de Cuivre|0 fnt
|-activate|p2a: Fleur de Cuivre|ability: Toxic Debris
|-sidestart|p1: Rj yoip|move: Toxic Spikes
|faint|p2a: Fleur de Cuivre
|
|-status|p1a: Gliscor|tox|[from] item: Toxic Orb
|upkeep
|
|t:|1760877437
|switch|p2a: Masqurécage|Ogerpon-Wellspring, F|100/100
|turn|3
|
|t:|1760877448
|move|p2a: Masqurécage|Ivy Cudgel|p1a: Gliscor|[anim] Ivy Cudgel Water
|-supereffective|p1a: Gliscor
|-damage|p1a: Gliscor|7/100 tox
|move|p1a: Gliscor|Toxic|p2a: Masqurécage
|-status|p2a: Masqurécage|tox
|
|-damage|p2a: Masqurécage|95/100 tox|[from] psn
|-heal|p1a: Gliscor|19/100 tox|[from] ability: Poison Heal
|upkeep
|turn|4
|
|t:|1760877456
|move|p1a: Gliscor|Protect|p1a: Gliscor
|-singleturn|p1a: Gliscor|Protect
|move|p2a: Masqurécage|Swords Dance|p2a: Masqurécage
|-boost|p2a: Masqurécage|atk|2
|
|-damage|p2a: Masqurécage|83/100 tox|[from] psn
|-heal|p1a: Gliscor|32/100 tox|[from] ability: Poison Heal
|upkeep
|turn|5
|
|t:|1760877463
|switch|p1a: Zapdos|Zapdos-Galar|100/100
|-damage|p1a: Zapdos|88/100|[from] Stealth Rock
|move|p2a: Masqurécage|Ivy Cudgel|p1a: Zapdos|[anim] Ivy Cudgel Water
|-damage|p1a: Zapdos|0 fnt
|faint|p1a: Zapdos
|
|-damage|p2a: Masqurécage|65/100 tox|[from] psn
|upkeep
|
|t:|1760877464
|switch|p1a: Darkrai|Darkrai|100/100
|turn|6
|
|t:|1760877467
|move|p1a: Darkrai|Sludge Bomb|p2a: Masqurécage
|-supereffective|p2a: Masqurécage
|-damage|p2a: Masqurécage|0 fnt
|faint|p2a: Masqurécage
|
|upkeep
|inactive|RoaringMoonlight2 has 120 seconds left.
|
|t:|1760877499
|switch|p2a: Escrameur|Ceruledge, M|100/100
|turn|7
|
|t:|1760877505
|move|p1a: Darkrai|Dark Pulse|p2a: Escrameur
|-supereffective|p2a: Escrameur
|-damage|p2a: Escrameur|3/100
|move|p2a: Escrameur|Bitter Blade|p1a: Darkrai
|-damage|p1a: Darkrai|34/100
|-heal|p2a: Escrameur|35/100|[from] drain|[of] p1a: Darkrai
|
|upkeep
|turn|8
|
|t:|1760877521
|move|p2a: Escrameur|Shadow Sneak|p1a: Darkrai
|-resisted|p1a: Darkrai
|-damage|p1a: Darkrai|20/100
|move|p1a: Darkrai|Dark Pulse|p2a: Escrameur
|-supereffective|p2a: Escrameur
|-damage|p2a: Escrameur|0 fnt
|faint|p2a: Escrameur
|
|upkeep
|
|t:|1760877533
|switch|p2a: Terminator|Iron Valiant|100/100
|-enditem|p2a: Terminator|Booster Energy
|-activate|p2a: Terminator|ability: Quark Drive|[fromitem]
|-start|p2a: Terminator|quarkdrivespe
|turn|9
|
|t:|1760877538
|switch|p1a: Gliscor|Gliscor, M|32/100 tox
|-damage|p1a: Gliscor|19/100 tox|[from] Stealth Rock
|move|p2a: Terminator|Moonblast|p1a: Gliscor
|-damage|p1a: Gliscor|0 fnt
|faint|p1a: Gliscor
|
|upkeep
|
|t:|1760877539
|switch|p1a: Clefable|Clefable, F|100/100
|-status|p1a: Clefable|psn
|turn|10
|
|t:|1760877561
|-terastallize|p2a: Terminator|Steel
|move|p2a: Terminator|Calm Mind|p2a: Terminator
|-boost|p2a: Terminator|spa|1
|-boost|p2a: Terminator|spd|1
|move|p1a: Clefable|Moonblast|p2a: Terminator
|-resisted|p2a: Terminator
|-damage|p2a: Terminator|81/100
|-unboost|p2a: Terminator|spa|1
|
|upkeep
|turn|11
|
|t:|1760877569
|switch|p1a: Darkrai|Darkrai|20/100
|move|p2a: Terminator|Moonblast|p1a: Darkrai
|-supereffective|p1a: Darkrai
|-damage|p1a: Darkrai|0 fnt
|faint|p1a: Darkrai
|
|upkeep
|
|t:|1760877571
|switch|p1a: Kingambit|Kingambit, M|100/100
|-damage|p1a: Kingambit|94/100|[from] Stealth Rock
|-activate|p1a: Kingambit|ability: Supreme Overlord
|-start|p1a: Kingambit|fallen4|[silent]
|-item|p1a: Kingambit|Air Balloon
|turn|12
|
|t:|1760877578
|-terastallize|p1a: Kingambit|Fairy
|move|p2a: Terminator|Moonblast|p1a: Kingambit
|-damage|p1a: Kingambit|41/100
|-enditem|p1a: Kingambit|Air Balloon
|move|p1a: Kingambit|Low Kick|p2a: Terminator
|-supereffective|p2a: Terminator
|-damage|p2a: Terminator|0 fnt
|faint|p2a: Terminator
|-end|p2a: Terminator|Quark Drive|[silent]
|
|upkeep
|
|t:|1760877583
|switch|p2a: Raille-Cou|Raging Bolt|100/100
|turn|13
|
|t:|1760877588
|move|p2a: Raille-Cou|Thunderbolt|p1a: Kingambit
|-damage|p1a: Kingambit|0 fnt
|faint|p1a: Kingambit
|-end|p1a: Kingambit|fallen4|[silent]
|
|upkeep
|
|t:|1760877590
|switch|p1a: Clefable|Clefable, F|100/100 psn
|turn|14
|
|t:|1760877596
|move|p2a: Raille-Cou|Calm Mind|p2a: Raille-Cou
|-boost|p2a: Raille-Cou|spa|1
|-boost|p2a: Raille-Cou|spd|1
|move|p1a: Clefable|Moonblast|p2a: Raille-Cou
|-supereffective|p2a: Raille-Cou
|-damage|p2a: Raille-Cou|61/100
|
|-heal|p2a: Raille-Cou|67/100|[from] item: Leftovers
|upkeep
|turn|15
|-message|Rj yoip forfeited.
|
|win|RoaringMoonlight2
|raw|Rj yoip's rating: 1729 &rarr; <strong>1707</strong><br />(-22 for losing)
|raw|RoaringMoonlight2's rating: 1701 &rarr; <strong>1723</strong><br />(+22 for winning)
|l|☆Rj yoip
|player|p1|
|l|☆RoaringMoonlight2
|player|p2|
