|j|☆Srita Kaguya
|j|‽nesnot
|t:|1760745386
|gametype|singles
|player|p1|Srita Kaguya|janine|1539
|player|p2|nesnot|2|1571
|gen|9
|tier|[Gen 9] OU
|rated|
|rule|HP Percentage Mod: HP is shown in percentages
|rule|Endless Battle Clause: Forcing endless battles is banned
|rule|Species Clause: Limit one of each Pokémon
|rule|OHKO Clause: OHKO moves are banned
|rule|Evasion Items Clause: Evasion items are banned
|rule|Evasion Moves Clause: Evasion moves are banned
|rule|Evasion Abilities Clause: Evasion abilities are banned
|rule|Sleep Moves Clause: Sleep-inducing moves are banned
|clearpoke
|poke|p1|Clodsire, F|
|poke|p1|Quagsire, M|
|poke|p1|Blissey, F|
|poke|p1|Dondozo, M|
|poke|p1|Skarmory, F|
|poke|p1|Clefable, F|
|poke|p2|Araquanid, M|
|poke|p2|Gholdengo|
|poke|p2|Pecharunt|
|poke|p2|Zapdos-Galar|
|poke|p2|Empoleon, F|
|poke|p2|Iron Treads|
|teampreview
|inactive|Battle timer is ON: inactive players will automatically lose when time's up. (requested by nesnot)
|
|t:|1760745401
|teamsize|p1|6
|teamsize|p2|6
|start
|switch|p1a: Skarmory|Skarmory, F|100/100
|switch|p2a: Iron Treads|Iron Treads|100/100
|turn|1
|
|t:|1760745410
|move|p2a: Iron Treads|Knock Off|p1a: Skarmory
|-damage|p1a: Skarmory|85/100
|-damage|p2a: Iron Treads|84/100|[from] item: Rocky Helmet|[of] p1a: Skarmory
|-enditem|p1a: Skarmory|Rocky Helmet|[from] move: Knock Off|[of] p2a: Iron Treads
|move|p1a: Skarmory|Body Press|p2a: Iron Treads
|-supereffective|p2a: Iron Treads
|-damage|p2a: Iron Treads|41/100
|
|-heal|p2a: Iron Treads|47/100|[from] item: Leftovers
|upkeep
|turn|2
|
|t:|1760745414
|-end|p2a: Iron Treads|Quark Drive|[silent]
|switch|p2a: Pecharunt|Pecharunt|100/100
|-item|p2a: Pecharunt|Air Balloon
|move|p1a: Skarmory|Spikes|p2a: Pecharunt
|-sidestart|p2: nesnot|Spikes
|
|upkeep
|turn|3
|
|t:|1760745418
|switch|p1a: Clodsire|Clodsire, F|100/100
|move|p2a: Pecharunt|Nasty Plot|p2a: Pecharunt
|-boost|p2a: Pecharunt|spa|2
|
|upkeep
|turn|4
|
|t:|1760745421
|move|p2a: Pecharunt|Nasty Plot|p2a: Pecharunt
|-boost|p2a: Pecharunt|spa|2
|move|p1a: Clodsire|Poison Jab|p2a: Pecharunt
|-resisted|p2a: Pecharunt
|-damage|p2a: Pecharunt|96/100
|-enditem|p2a: Pecharunt|Air Balloon
|
|upkeep
|turn|5
|
|t:|1760745425
|move|p2a: Pecharunt|Shadow Ball|p1a: Clodsire
|-damage|p1a: Clodsire|85/100
|move|p1a: Clodsire|Stealth Rock|p2a: Pecharunt
|-sidestart|p2: nesnot|move: Stealth Rock
|
|upkeep
|turn|6
|
|t:|1760745432
|switch|p2a: Araquanid|Araquanid, M|100/100
|move|p1a: Clodsire|Earthquake|p2a: Araquanid
|-resisted|p2a: Araquanid
|-damage|p2a: Araquanid|85/100
|
|upkeep
|turn|7
|
|t:|1760745438
|switch|p1a: Clefable|Clefable, F|100/100
|move|p2a: Araquanid|Surf|p1a: Clefable
|-damage|p1a: Clefable|67/100
|
|-heal|p1a: Clefable|74/100|[from] item: Leftovers
|upkeep
|turn|8
|
|t:|1760745442
|move|p1a: Clefable|Wish|p1a: Clefable
|move|p2a: Araquanid|Sticky Web|p1a: Clefable
|-sidestart|p1: Srita Kaguya|move: Sticky Web
|
|-heal|p1a: Clefable|80/100|[from] item: Leftovers
|upkeep
|turn|9
|
|t:|1760745447
|switch|p2a: Iron Treads|Iron Treads|47/100
|-damage|p2a: Iron Treads|35/100|[from] Spikes
|-damage|p2a: Iron Treads|32/100|[from] Stealth Rock
|move|p1a: Clefable|Knock Off|p2a: Iron Treads
|-damage|p2a: Iron Treads|20/100
|-enditem|p2a: Iron Treads|Leftovers|[from] move: Knock Off|[of] p1a: Clefable
|
|-heal|p1a: Clefable|100/100|[from] move: Wish|[wisher] Clefable
|upkeep
|turn|10
|
|t:|1760745452
|move|p2a: Iron Treads|Rapid Spin|p1a: Clefable
|-damage|p1a: Clefable|90/100
|-boost|p2a: Iron Treads|spe|1
|-sideend|p2: nesnot|Spikes|[from] move: Rapid Spin|[of] p2a: Iron Treads
|-sideend|p2: nesnot|Stealth Rock|[from] move: Rapid Spin|[of] p2a: Iron Treads
|move|p1a: Clefable|Moonblast|p2a: Iron Treads
|-resisted|p2a: Iron Treads
|-damage|p2a: Iron Treads|8/100
|
|-heal|p1a: Clefable|96/100|[from] item: Leftovers
|upkeep
|turn|11
|
|t:|1760745466
|move|p2a: Iron Treads|Knock Off|p1a: Clefable
|-resisted|p1a: Clefable
|-damage|p1a: Clefable|88/100
|-enditem|p1a: Clefable|Leftovers|[from] move: Knock Off|[of] p2a: Iron Treads
|move|p1a: Clefable|Knock Off|p2a: Iron Treads
|-damage|p2a: Iron Treads|0 fnt
|faint|p2a: Iron Treads
|-end|p2a: Iron Treads|Quark Drive|[silent]
|
|upkeep
|
|t:|1760745470
|switch|p2a: Gholdengo|Gholdengo|100/100
|turn|12
|
|t:|1760745474
|move|p1a: Clefable|Protect|p1a: Clefable
|-singleturn|p1a: Clefable|Protect
|move|p2a: Gholdengo|Nasty Plot|p2a: Gholdengo
|-boost|p2a: Gholdengo|spa|2
|
|upkeep
|turn|13
|
|t:|1760745483
|switch|p1a: Clodsire|Clodsire, F|85/100
|move|p2a: Gholdengo|Make It Rain|p1a: Clodsire
|-damage|p1a: Clodsire|51/100
|-unboost|p2a: Gholdengo|spa|1
|
|upkeep
|turn|14
|
|t:|1760745487
|move|p2a: Gholdengo|Make It Rain|p1a: Clodsire
|-damage|p1a: Clodsire|19/100
|-unboost|p2a: Gholdengo|spa|1
|move|p1a: Clodsire|Recover|p1a: Clodsire
|-heal|p1a: Clodsire|69/100
|
|upkeep
|turn|15
|
|t:|1760745493
|switch|p2a: Araquanid|Araquanid, M|85/100
|move|p1a: Clodsire|Recover|p1a: Clodsire
|-heal|p1a: Clodsire|100/100
|
|upkeep
|turn|16
|
|t:|1760745497
|switch|p1a: Clefable|Clefable, F|88/100
|-activate|p1a: Clefable|move: Sticky Web
|-unboost|p1a: Clefable|spe|1
|move|p2a: Araquanid|Surf|p1a: Clefable
|-crit|p1a: Clefable
|-damage|p1a: Clefable|39/100
|
|upkeep
|turn|17
|
|t:|1760745503
|switch|p2a: Gholdengo|Gholdengo|100/100
|move|p1a: Clefable|Protect||[still]
|-fail|p1a: Clefable
|
|upkeep
|turn|18
|
|t:|1760745507
|switch|p1a: Clodsire|Clodsire, F|100/100
|move|p2a: Gholdengo|Nasty Plot|p2a: Gholdengo
|-boost|p2a: Gholdengo|spa|2
|
|upkeep
|turn|19
|
|t:|1760745511
|move|p2a: Gholdengo|Shadow Ball|p1a: Clodsire
|-damage|p1a: Clodsire|78/100
|move|p1a: Clodsire|Stealth Rock|p2a: Gholdengo
|-sidestart|p2: nesnot|move: Stealth Rock
|
|upkeep
|turn|20
|
|t:|1760745513
|move|p2a: Gholdengo|Shadow Ball|p1a: Clodsire
|-damage|p1a: Clodsire|55/100
|move|p1a: Clodsire|Poison Jab|p2a: Gholdengo
|-immune|p2a: Gholdengo
|
|upkeep
|turn|21
|
|t:|1760745515
|move|p2a: Gholdengo|Shadow Ball|p1a: Clodsire
|-damage|p1a: Clodsire|30/100
|-unboost|p1a: Clodsire|spd|1
|move|p1a: Clodsire|Recover|p1a: Clodsire
|-heal|p1a: Clodsire|80/100
|
|upkeep
|turn|22
|
|t:|1760745517
|switch|p1a: Blissey|Blissey, F|100/100
|move|p2a: Gholdengo|Shadow Ball|p1a: Blissey
|-immune|p1a: Blissey
|
|upkeep
|turn|23
|
|t:|1760745520
|move|p2a: Gholdengo|Nasty Plot|p2a: Gholdengo
|-boost|p2a: Gholdengo|spa|2
|move|p1a: Blissey|Calm Mind|p1a: Blissey
|-boost|p1a: Blissey|spa|1
|-boost|p1a: Blissey|spd|1
|
|upkeep
|turn|24
|
|t:|1760745523
|move|p2a: Gholdengo|Focus Blast|p1a: Blissey
|-supereffective|p1a: Blissey
|-damage|p1a: Blissey|56/100
|move|p1a: Blissey|Calm Mind|p1a: Blissey
|-boost|p1a: Blissey|spa|1
|-boost|p1a: Blissey|spd|1
|
|upkeep
|turn|25
|
|t:|1760745526
|move|p2a: Gholdengo|Nasty Plot|p2a: Gholdengo
|-boost|p2a: Gholdengo|spa|2
|move|p1a: Blissey|Soft-Boiled|p1a: Blissey
|-heal|p1a: Blissey|100/100
|
|upkeep
|turn|26
|
|t:|1760745528
|move|p2a: Gholdengo|Focus Blast|p1a: Blissey
|-supereffective|p1a: Blissey
|-damage|p1a: Blissey|50/100
|move|p1a: Blissey|Calm Mind|p1a: Blissey
|-boost|p1a: Blissey|spa|1
|-boost|p1a: Blissey|spd|1
|
|upkeep
|turn|27
|
|t:|1760745531
|move|p2a: Gholdengo|Focus Blast|p1a: Blissey|[miss]
|-miss|p2a: Gholdengo|p1a: Blissey
|move|p1a: Blissey|Soft-Boiled|p1a: Blissey
|-heal|p1a: Blissey|99/100
|
|upkeep
|turn|28
|
|t:|1760745533
|move|p2a: Gholdengo|Focus Blast|p1a: Blissey
|-supereffective|p1a: Blissey
|-damage|p1a: Blissey|59/100
|-unboost|p1a: Blissey|spd|1
|move|p1a: Blissey|Flamethrower|p2a: Gholdengo
|-supereffective|p2a: Gholdengo
|-damage|p2a: Gholdengo|6/100
|-enditem|p2a: Gholdengo|Salac Berry|[eat]
|-boost|p2a: Gholdengo|spe|1|[from] item: Salac Berry
|
|upkeep
|turn|29
|
|t:|1760745537
|move|p2a: Gholdengo|Focus Blast|p1a: Blissey
|-supereffective|p1a: Blissey
|-damage|p1a: Blissey|11/100
|move|p1a: Blissey|Soft-Boiled|p1a: Blissey
|-heal|p1a: Blissey|61/100
|
|upkeep
|turn|30
|
|t:|1760745541
|switch|p2a: Empoleon|Empoleon, F|100/100
|-damage|p2a: Empoleon|94/100|[from] Stealth Rock
|move|p1a: Blissey|Soft-Boiled|p1a: Blissey
|-heal|p1a: Blissey|100/100
|
|upkeep
|turn|31
|
|t:|1760745545
|switch|p2a: Gholdengo|Gholdengo|6/100
|-damage|p2a: Gholdengo|0 fnt|[from] Stealth Rock
|faint|p2a: Gholdengo
|move|p1a: Blissey|Flamethrower|p2: Gholdengo|[notarget]
|-fail|p1a: Blissey
|
|upkeep
|inactive|nesnot has 120 seconds left.
|inactive|nesnot has 90 seconds left.
|
|t:|1760745618
|switch|p2a: Zapdos|Zapdos-Galar|100/100
|-damage|p2a: Zapdos|88/100|[from] Stealth Rock
|turn|32
|
|t:|1760745629
|switch|p1a: Skarmory|Skarmory, F|85/100
|move|p2a: Zapdos|Bulk Up|p2a: Zapdos
|-boost|p2a: Zapdos|atk|1
|-boost|p2a: Zapdos|def|1
|
|-heal|p2a: Zapdos|94/100|[from] item: Leftovers
|upkeep
|turn|33
|
|t:|1760745644
|move|p2a: Zapdos|Thunderous Kick|p1a: Skarmory
|-damage|p1a: Skarmory|41/100
|-unboost|p1a: Skarmory|def|1
|move|p1a: Skarmory|Roost|p1a: Skarmory
|-heal|p1a: Skarmory|91/100
|-singleturn|p1a: Skarmory|move: Roost
|
|-heal|p2a: Zapdos|100/100|[from] item: Leftovers
|upkeep
|turn|34
|
|t:|1760745652
|move|p2a: Zapdos|Thunderous Kick|p1a: Skarmory
|-damage|p1a: Skarmory|22/100
|-unboost|p1a: Skarmory|def|1
|move|p1a: Skarmory|Brave Bird|p2a: Zapdos
|-supereffective|p2a: Zapdos
|-damage|p2a: Zapdos|46/100
|-damage|p1a: Skarmory|5/100|[from] Recoil
|
|-heal|p2a: Zapdos|52/100|[from] item: Leftovers
|upkeep
|turn|35
|
|t:|1760745662
|move|p2a: Zapdos|Knock Off|p1a: Skarmory
|-damage|p1a: Skarmory|0 fnt
|faint|p1a: Skarmory
|
|-heal|p2a: Zapdos|58/100|[from] item: Leftovers
|upkeep
|
|t:|1760745663
|switch|p1a: Quagsire|Quagsire, M|100/100
|turn|36
|
|t:|1760745669
|move|p2a: Zapdos|Thunderous Kick|p1a: Quagsire
|-damage|p1a: Quagsire|70/100
|-unboost|p1a: Quagsire|def|1
|move|p1a: Quagsire|Toxic|p2a: Zapdos
|-status|p2a: Zapdos|tox
|
|-heal|p2a: Zapdos|64/100 tox|[from] item: Leftovers
|-damage|p2a: Zapdos|58/100 tox|[from] psn
|upkeep
|turn|37
|
|t:|1760745676
|-terastallize|p2a: Zapdos|Flying
|move|p2a: Zapdos|Brave Bird|p1a: Quagsire
|-damage|p1a: Quagsire|0 fnt
|faint|p1a: Quagsire
|-damage|p2a: Zapdos|30/100 tox|[from] Recoil
|
|-heal|p2a: Zapdos|36/100 tox|[from] item: Leftovers
|-damage|p2a: Zapdos|24/100 tox|[from] psn
|upkeep
|
|t:|1760745681
|switch|p1a: Dondozo|Dondozo, M|100/100
|turn|38
|inactive|nesnot has 120 seconds left.
|
|t:|1760745706
|move|p2a: Zapdos|Brave Bird|p1a: Dondozo
|-damage|p1a: Dondozo|63/100
|-damage|p2a: Zapdos|4/100 tox|[from] Recoil
|move|p1a: Dondozo|Liquidation|p2a: Zapdos
|-damage|p2a: Zapdos|0 fnt
|faint|p2a: Zapdos
|
|upkeep
|
|t:|1760745712
|switch|p2a: Pecharunt|Pecharunt|96/100
|-damage|p2a: Pecharunt|84/100|[from] Stealth Rock
|turn|39
|
|t:|1760745725
|switch|p1a: Clodsire|Clodsire, F|80/100
|move|p2a: Pecharunt|Nasty Plot|p2a: Pecharunt
|-boost|p2a: Pecharunt|spa|2
|
|upkeep
|turn|40
|inactive|nesnot has 120 seconds left.
|
|t:|1760745758
|move|p2a: Pecharunt|Shadow Ball|p1a: Clodsire
|-damage|p1a: Clodsire|62/100
|move|p1a: Clodsire|Earthquake|p2a: Pecharunt
|-supereffective|p2a: Pecharunt
|-damage|p2a: Pecharunt|42/100
|
|upkeep
|turn|41
|
|t:|1760745764
|move|p2a: Pecharunt|Shadow Ball|p1a: Clodsire
|-damage|p1a: Clodsire|44/100
|-unboost|p1a: Clodsire|spd|1
|move|p1a: Clodsire|Earthquake|p2a: Pecharunt
|-supereffective|p2a: Pecharunt
|-damage|p2a: Pecharunt|2/100
|
|upkeep
|turn|42
|
|t:|1760745770
|move|p2a: Pecharunt|Shadow Ball|p1a: Clodsire
|-damage|p1a: Clodsire|16/100
|move|p1a: Clodsire|Earthquake|p2a: Pecharunt
|-supereffective|p2a: Pecharunt
|-damage|p2a: Pecharunt|0 fnt
|faint|p2a: Pecharunt
|
|upkeep
|
|t:|1760745773
|switch|p2a: Empoleon|Empoleon, F|94/100
|-damage|p2a: Empoleon|88/100|[from] Stealth Rock
|turn|43
|
|t:|1760745775
|move|p2a: Empoleon|Surf|p1a: Clodsire
|-supereffective|p1a: Clodsire
|-crit|p1a: Clodsire
|-damage|p1a: Clodsire|0 fnt
|faint|p1a: Clodsire
|
|upkeep
|
|t:|1760745777
|switch|p1a: Blissey|Blissey, F|100/100
|turn|44
|
|t:|1760745802
|switch|p2a: Araquanid|Araquanid, M|85/100
|move|p1a: Blissey|Seismic Toss|p2a: Araquanid
|-damage|p2a: Araquanid|56/100
|
|upkeep
|turn|45
|
|t:|1760745806
|switch|p1a: Dondozo|Dondozo, M|63/100
|move|p2a: Araquanid|Pounce|p1a: Dondozo
|-damage|p1a: Dondozo|57/100
|-unboost|p1a: Dondozo|spe|1
|
|upkeep
|turn|46
|
|t:|1760745812
|switch|p2a: Empoleon|Empoleon, F|88/100
|-damage|p2a: Empoleon|82/100|[from] Stealth Rock
|move|p1a: Dondozo|Body Press|p2a: Empoleon
|-supereffective|p2a: Empoleon
|-damage|p2a: Empoleon|11/100
|-enditem|p2a: Empoleon|Weakness Policy
|-boost|p2a: Empoleon|atk|2|[from] item: Weakness Policy
|-boost|p2a: Empoleon|spa|2|[from] item: Weakness Policy
|
|upkeep
|turn|47
|
|t:|1760745818
|move|p2a: Empoleon|Grass Knot|p1a: Dondozo
|-supereffective|p1a: Dondozo
|-damage|p1a: Dondozo|0 fnt
|faint|p1a: Dondozo
|
|upkeep
|
|t:|1760745819
|switch|p1a: Blissey|Blissey, F|100/100
|turn|48
|
|t:|1760745822
|move|p2a: Empoleon|Surf|p1a: Blissey
|-damage|p1a: Blissey|77/100
|move|p1a: Blissey|Seismic Toss|p2a: Empoleon
|-damage|p2a: Empoleon|0 fnt
|faint|p2a: Empoleon
|
|upkeep
|inactive|nesnot has 120 seconds left.
|l|☆Srita Kaguya
|inactive|Srita Kaguya disconnected and has a minute to reconnect!
|player|p1|
|j|☆Srita Kaguya
|inactive|Srita Kaguya reconnected.
|player|p1|Srita Kaguya|janine|
|inactive|nesnot has 90 seconds left.
|l|‽nesnot
|inactive|nesnot disconnected and has a minute to reconnect!
|player|p2|
|inactive|nesnot has 30 seconds to reconnect!
|inactive|nesnot has 20 seconds to reconnect!
|inactive|nesnot has 15 seconds to reconnect!
|inactive|nesnot has 10 seconds to reconnect!
|inactive|nesnot has 5 seconds to reconnect!
|-message|nesnot lost due to inactivity.
|
|win|Srita Kaguya
|raw|Srita Kaguya's rating: 1539 &rarr; <strong>1559</strong><br />(+20 for winning)
|raw|nesnot's rating: 1539 &rarr; <strong>1519</strong><br />(-20 for losing)
