|j|☆RATTTATAAA MASTER
|j|☆rankupf8g
|t:|1760869356
|gametype|singles
|player|p1|RATTTATAAA MASTER|lance|1239
|player|p2|rankupf8g|skierf|1353
|gen|9
|tier|[Gen 9] OU
|rated|
|rule|HP Percentage Mod: HP is shown in percentages
|rule|Endless Battle Clause: Forcing endless battles is banned
|rule|Species Clause: Limit one of each Pokémon
|rule|OHKO Clause: OHKO moves are banned
|rule|Evasion Items Clause: Evasion items are banned
|rule|Evasion Moves Clause: Evasion moves are banned
|rule|Evasion Abilities Clause: Evasion abilities are banned
|rule|Sleep Moves Clause: Sleep-inducing moves are banned
|clearpoke
|poke|p1|Entei|
|poke|p1|Torkoal, F|
|poke|p1|Walking Wake|
|poke|p1|Great Tusk|
|poke|p1|Gholdengo|
|poke|p1|Cinderace, M|
|poke|p2|Lokix, F|
|poke|p2|Cinderace, M|
|poke|p2|Great Tusk|
|poke|p2|Alomomola, F|
|poke|p2|Enamorus, F|
|poke|p2|Slowking-Galar, F|
|teampreview
|inactive|Battle timer is ON: inactive players will automatically lose when time's up. (requested by RATTTATAAA MASTER)
|inactive|rankupf8g also wants the timer to be on.
|
|t:|1760869371
|teamsize|p1|6
|teamsize|p2|6
|start
|switch|p1a: Walking Wake|Walking Wake|100/100
|switch|p2a: Slowking|Slowking-Galar, F|100/100
|turn|1
|
|t:|1760869383
|-terastallize|p1a: Walking Wake|Water
|move|p1a: Walking Wake|Hydro Steam|p2a: Slowking
|-damage|p2a: Slowking|45/100
|-damage|p1a: Walking Wake|91/100|[from] item: Life Orb
|move|p2a: Slowking|Future Sight|p1a: Walking Wake
|-start|p2a: Slowking|move: Future Sight
|
|upkeep
|turn|2
|
|t:|1760869390
|-terastallize|p2a: Slowking|Water
|move|p1a: Walking Wake|Draco Meteor|p2a: Slowking
|-damage|p2a: Slowking|0 fnt
|-unboost|p1a: Walking Wake|spa|2
|faint|p2a: Slowking
|-damage|p1a: Walking Wake|81/100|[from] item: Life Orb
|
|upkeep
|
|t:|1760869399
|switch|p2a: Lokix|Lokix, F|100/100
|turn|3
|
|t:|1760869404
|-end|p1a: Walking Wake|Protosynthesis|[silent]
|switch|p1a: Torkoal|Torkoal, F|100/100
|-weather|SunnyDay|[from] ability: Drought|[of] p1a: Torkoal
|move|p2a: Lokix|First Impression|p1a: Torkoal
|-resisted|p1a: Torkoal
|-damage|p1a: Torkoal|61/100
|
|-weather|SunnyDay|[upkeep]
|-end|p1a: Torkoal|move: Future Sight
|-damage|p1a: Torkoal|0 fnt
|faint|p1a: Torkoal
|upkeep
|
|t:|1760869418
|switch|p1a: Entei|Entei|100/100
|-ability|p1a: Entei|Pressure
|turn|4
|
|t:|1760869424
|switch|p2a: Alomomola|Alomomola, F|100/100
|move|p1a: Entei|Swagger|p2a: Alomomola
|-boost|p2a: Alomomola|atk|2
|-start|p2a: Alomomola|confusion
|-enditem|p1a: Entei|Mirror Herb
|-boost|p1a: Entei|atk|2|[from] item: Mirror Herb
|
|-weather|SunnyDay|[upkeep]
|upkeep
|turn|5
|
|t:|1760869432
|move|p1a: Entei|Trailblaze|p2a: Alomomola
|-supereffective|p2a: Alomomola
|-damage|p2a: Alomomola|50/100
|-boost|p1a: Entei|spe|1
|-activate|p2a: Alomomola|confusion
|move|p2a: Alomomola|Mirror Coat||[still]
|-fail|p2a: Alomomola
|
|-weather|SunnyDay|[upkeep]
|upkeep
|turn|6
|-message|rankupf8g forfeited.
|
|win|RATTTATAAA MASTER
|raw|RATTTATAAA MASTER's rating: 1239 &rarr; <strong>1272</strong><br />(+33 for winning)
|raw|rankupf8g's rating: 1353 &rarr; <strong>1327</strong><br />(-26 for losing)
|l|☆rankupf8g
|player|p2|
