|j|☆jxrx
|j|☆AsierX
|t:|1760871385
|gametype|singles
|player|p1|jxrx|norman|1423
|player|p2|AsierX|skierf|1469
|gen|9
|tier|[Gen 9] OU
|rated|
|rule|HP Percentage Mod: HP is shown in percentages
|rule|Endless Battle Clause: Forcing endless battles is banned
|rule|Species Clause: Limit one of each Pokémon
|rule|OHKO Clause: OHKO moves are banned
|rule|Evasion Items Clause: Evasion items are banned
|rule|Evasion Moves Clause: Evasion moves are banned
|rule|Evasion Abilities Clause: Evasion abilities are banned
|rule|Sleep Moves Clause: Sleep-inducing moves are banned
|clearpoke
|poke|p1|Dragapult, M|
|poke|p1|Houndoom, F|
|poke|p1|Vileplume, M|
|poke|p1|Gyarados, M|
|poke|p1|Pachirisu, M|
|poke|p1|Great Tusk|
|poke|p2|Moltres-Galar|
|poke|p2|Zapdos-Galar|
|poke|p2|Ogerpon-Wellspring, F|
|poke|p2|Iron Boulder|
|poke|p2|Sandy Shocks|
|poke|p2|Cinderace, M|
|teampreview
|
|t:|1760871391
|teamsize|p1|6
|teamsize|p2|6
|start
|switch|p1a: Pachirisu|Pachirisu, M|100/100
|switch|p2a: Birdbrain|Zapdos-Galar|100/100
|turn|1
|inactive|Battle timer is ON: inactive players will automatically lose when time's up. (requested by jxrx)
|
|t:|1760871403
|move|p2a: Birdbrain|U-turn|p1a: Pachirisu
|-damage|p1a: Pachirisu|65/100
|
|t:|1760871405
|switch|p2a: 𝕷 𝖊 𝖌 𝖘|Sandy Shocks|100/100|[from] U-turn
|move|p1a: Pachirisu|Nuzzle|p2a: 𝕷 𝖊 𝖌 𝖘
|-immune|p2a: 𝕷 𝖊 𝖌 𝖘
|
|upkeep
|turn|2
|
|t:|1760871418
|move|p2a: 𝕷 𝖊 𝖌 𝖘|Iron Defense|p2a: 𝕷 𝖊 𝖌 𝖘
|-boost|p2a: 𝕷 𝖊 𝖌 𝖘|def|2
|move|p1a: Pachirisu|Super Fang|p2a: 𝕷 𝖊 𝖌 𝖘
|-damage|p2a: 𝕷 𝖊 𝖌 𝖘|51/100
|
|-heal|p2a: 𝕷 𝖊 𝖌 𝖘|57/100|[from] item: Leftovers
|upkeep
|turn|3
|
|t:|1760871427
|switch|p1a: Vileplume|Vileplume, M|100/100
|move|p2a: 𝕷 𝖊 𝖌 𝖘|Scorching Sands|p1a: Vileplume
|-damage|p1a: Vileplume|62/100
|
|-heal|p2a: 𝕷 𝖊 𝖌 𝖘|63/100|[from] item: Leftovers
|upkeep
|turn|4
|
|t:|1760871436
|move|p2a: 𝕷 𝖊 𝖌 𝖘|Scorching Sands|p1a: Vileplume
|-damage|p1a: Vileplume|25/100
|-status|p1a: Vileplume|brn
|move|p1a: Vileplume|Giga Drain|p2a: 𝕷 𝖊 𝖌 𝖘
|-supereffective|p2a: 𝕷 𝖊 𝖌 𝖘
|-damage|p2a: 𝕷 𝖊 𝖌 𝖘|0 fnt
|-heal|p1a: Vileplume|52/100 brn|[from] drain|[of] p2a: 𝕷 𝖊 𝖌 𝖘
|faint|p2a: 𝕷 𝖊 𝖌 𝖘
|-end|p2a: 𝕷 𝖊 𝖌 𝖘|Protosynthesis|[silent]
|
|-damage|p1a: Vileplume|46/100 brn|[from] brn
|upkeep
|
|t:|1760871440
|switch|p2a: Here's the kicker|Cinderace, M|100/100
|turn|5
|
|t:|1760871444
|switch|p1a: Houndoom|Houndoom, F|100/100
|move|p2a: Here's the kicker|Pyro Ball|p1a: Houndoom
|-start|p1a: Houndoom|ability: Flash Fire
|
|upkeep
|turn|6
|
|t:|1760871453
|-end|p1a: Houndoom|ability: Flash Fire|[silent]
|switch|p1a: Vileplume|Vileplume, M|46/100 brn
|move|p2a: Here's the kicker|High Jump Kick|p1a: Vileplume
|-start|p2a: Here's the kicker|typechange|Fighting|[from] ability: Libero
|-resisted|p1a: Vileplume
|-crit|p1a: Vileplume
|-damage|p1a: Vileplume|12/100 brn
|-damage|p2a: Here's the kicker|84/100|[from] item: Rocky Helmet|[of] p1a: Vileplume
|
|-damage|p1a: Vileplume|5/100 brn|[from] brn
|upkeep
|turn|7
|
|t:|1760871462
|move|p2a: Here's the kicker|U-turn|p1a: Vileplume
|-damage|p1a: Vileplume|0 fnt
|-damage|p2a: Here's the kicker|67/100|[from] item: Rocky Helmet|[of] p1a: Vileplume
|faint|p1a: Vileplume
|
|t:|1760871466
|switch|p2a: Birdbrain|Zapdos-Galar|100/100|[from] U-turn
|
|upkeep
|
|t:|1760871469
|switch|p1a: Houndoom|Houndoom, F|100/100
|turn|8
|
|t:|1760871471
|move|p2a: Birdbrain|Thunderous Kick|p1a: Houndoom
|-supereffective|p1a: Houndoom
|-enditem|p1a: Houndoom|Focus Sash
|-damage|p1a: Houndoom|1/100
|-unboost|p1a: Houndoom|def|1
|move|p1a: Houndoom|Endeavor|p2a: Birdbrain
|-damage|p2a: Birdbrain|1/100
|
|upkeep
|turn|9
|
|t:|1760871475
|move|p1a: Houndoom|Sucker Punch|p2a: Birdbrain
|-resisted|p2a: Birdbrain
|-damage|p2a: Birdbrain|0 fnt
|faint|p2a: Birdbrain
|
|upkeep
|
|t:|1760871479
|switch|p2a: Big Bonk|Ogerpon-Wellspring, F|100/100
|turn|10
|
|t:|1760871483
|move|p2a: Big Bonk|Swords Dance|p2a: Big Bonk
|-boost|p2a: Big Bonk|atk|2
|move|p1a: Houndoom|Endeavor|p2a: Big Bonk
|-damage|p2a: Big Bonk|1/100
|
|upkeep
|turn|11
|
|t:|1760871485
|move|p1a: Houndoom|Sucker Punch||[still]
|-fail|p1a: Houndoom
|move|p2a: Big Bonk|Encore|p1a: Houndoom
|-start|p1a: Houndoom|Encore
|
|upkeep
|turn|12
|
|t:|1760871500
|switch|p2a: 🔥I'm EVIL‼🔥|Moltres-Galar|100/100
|move|p1a: Houndoom|Sucker Punch||[still]
|-fail|p1a: Houndoom
|
|upkeep
|turn|13
|
|t:|1760871506
|switch|p1a: Pachirisu|Pachirisu, M|65/100
|move|p2a: 🔥I'm EVIL‼🔥|Nasty Plot|p2a: 🔥I'm EVIL‼🔥
|-boost|p2a: 🔥I'm EVIL‼🔥|spa|2
|
|upkeep
|turn|14
|
|t:|1760871512
|move|p1a: Pachirisu|Nuzzle|p2a: 🔥I'm EVIL‼🔥
|-supereffective|p2a: 🔥I'm EVIL‼🔥
|-crit|p2a: 🔥I'm EVIL‼🔥
|-damage|p2a: 🔥I'm EVIL‼🔥|89/100
|-status|p2a: 🔥I'm EVIL‼🔥|par
|move|p2a: 🔥I'm EVIL‼🔥|Fiery Wrath|p1a: Pachirisu
|-damage|p1a: Pachirisu|0 fnt
|faint|p1a: Pachirisu
|
|upkeep
|
|t:|1760871519
|switch|p1a: Houndoom|Houndoom, F|1/100
|turn|15
|
|t:|1760871522
|move|p1a: Houndoom|Endeavor|p2a: 🔥I'm EVIL‼🔥
|-damage|p2a: 🔥I'm EVIL‼🔥|1/100 par
|-ability|p2a: 🔥I'm EVIL‼🔥|Berserk|boost
|-boost|p2a: 🔥I'm EVIL‼🔥|spa|1
|-enditem|p2a: 🔥I'm EVIL‼🔥|Sitrus Berry|[eat]
|-heal|p2a: 🔥I'm EVIL‼🔥|26/100 par|[from] item: Sitrus Berry
|move|p2a: 🔥I'm EVIL‼🔥|Fiery Wrath|p1a: Houndoom
|-resisted|p1a: Houndoom
|-damage|p1a: Houndoom|0 fnt
|faint|p1a: Houndoom
|
|upkeep
|
|t:|1760871528
|switch|p1a: Gyarados|Gyarados, M|100/100
|turn|16
|
|t:|1760871537
|switch|p2a: Big Bonk|Ogerpon-Wellspring, F|1/100
|move|p1a: Gyarados|Dragon Dance|p1a: Gyarados
|-boost|p1a: Gyarados|atk|1
|-boost|p1a: Gyarados|spe|1
|
|upkeep
|turn|17
|
|t:|1760871540
|move|p1a: Gyarados|Crunch|p2a: Big Bonk
|-damage|p2a: Big Bonk|0 fnt
|faint|p2a: Big Bonk
|-ability|p1a: Gyarados|Moxie|boost
|-boost|p1a: Gyarados|atk|1
|
|upkeep
|
|t:|1760871543
|switch|p2a: Battering Ram|Iron Boulder|100/100
|-enditem|p2a: Battering Ram|Booster Energy
|-activate|p2a: Battering Ram|ability: Quark Drive|[fromitem]
|-start|p2a: Battering Ram|quarkdrivespe
|turn|18
|
|t:|1760871545
|-terastallize|p1a: Gyarados|Dark
|move|p2a: Battering Ram|Mighty Cleave|p1a: Gyarados
|-damage|p1a: Gyarados|46/100
|move|p1a: Gyarados|Waterfall|p2a: Battering Ram
|-supereffective|p2a: Battering Ram
|-damage|p2a: Battering Ram|0 fnt
|faint|p2a: Battering Ram
|-end|p2a: Battering Ram|Quark Drive|[silent]
|-ability|p1a: Gyarados|Moxie|boost
|-boost|p1a: Gyarados|atk|1
|
|upkeep
|
|t:|1760871549
|switch|p2a: Here's the kicker|Cinderace, M|67/100
|turn|19
|
|t:|1760871556
|move|p1a: Gyarados|Waterfall|p2a: Here's the kicker
|-supereffective|p2a: Here's the kicker
|-damage|p2a: Here's the kicker|0 fnt
|faint|p2a: Here's the kicker
|-ability|p1a: Gyarados|Moxie|boost
|-boost|p1a: Gyarados|atk|1
|
|upkeep
|
|t:|1760871558
|switch|p2a: 🔥I'm EVIL‼🔥|Moltres-Galar|26/100 par
|turn|20
|c|☆AsierX|gg
|
|t:|1760871567
|move|p1a: Gyarados|Waterfall|p2a: 🔥I'm EVIL‼🔥
|-crit|p2a: 🔥I'm EVIL‼🔥
|-damage|p2a: 🔥I'm EVIL‼🔥|0 fnt
|faint|p2a: 🔥I'm EVIL‼🔥
|
|win|jxrx
|raw|jxrx's rating: 1423 &rarr; <strong>1446</strong><br />(+23 for winning)
|raw|AsierX's rating: 1469 &rarr; <strong>1446</strong><br />(-23 for losing)
|c|☆AsierX|it was on me for not encoring earlier
|l|☆jxrx
|player|p1|
|l|☆AsierX
|player|p2|
