|j|☆Sanchez1334
|j|☆papa macaroni
|t:|1760847253
|gametype|singles
|player|p1|Sanchez1334|n|1073
|player|p2|papa macaroni|gentleman-gen4|1167
|gen|9
|tier|[Gen 9] OU
|rated|
|rule|HP Percentage Mod: HP is shown in percentages
|rule|Endless Battle Clause: Forcing endless battles is banned
|rule|Species Clause: Limit one of each Pokémon
|rule|OHKO Clause: OHKO moves are banned
|rule|Evasion Items Clause: Evasion items are banned
|rule|Evasion Moves Clause: Evasion moves are banned
|rule|Evasion Abilities Clause: Evasion abilities are banned
|rule|Sleep Moves Clause: Sleep-inducing moves are banned
|clearpoke
|poke|p1|Toxapex, M|
|poke|p1|Dragapult, M|
|poke|p1|Serperior, F|
|poke|p1|Clodsire, M|
|poke|p1|Magnezone|
|poke|p1|Flygon, M|
|poke|p2|Alomomola, F|
|poke|p2|Cyclizar, F|
|poke|p2|Rillaboom, F|
|poke|p2|Dragonite, M|
|poke|p2|Glimmora, F|
|poke|p2|Drifblim, F|
|teampreview
|inactive|Battle timer is ON: inactive players will automatically lose when time's up. (requested by papa macaroni)
|
|t:|1760847271
|teamsize|p1|6
|teamsize|p2|6
|start
|switch|p1a: Clodsire|Clodsire, M|100/100
|switch|p2a: Dragonite|Dragonite, M|100/100
|turn|1
|
|t:|1760847278
|move|p2a: Dragonite|Substitute|p2a: Dragonite
|-start|p2a: Dragonite|Substitute
|-damage|p2a: Dragonite|76/100
|move|p1a: Clodsire|Toxic||[still]
|-fail|p1a: Clodsire
|
|-heal|p2a: Dragonite|82/100|[from] item: Leftovers
|upkeep
|turn|2
|
|t:|1760847296
|switch|p1a: Dragapult|Dragapult, M|100/100
|move|p2a: Dragonite|Earthquake|p1a: Dragapult
|-damage|p1a: Dragapult|54/100
|
|-heal|p1a: Dragapult|61/100|[from] item: Leftovers
|-heal|p2a: Dragonite|88/100|[from] item: Leftovers
|upkeep
|turn|3
|
|t:|1760847306
|move|p1a: Dragapult|Shadow Ball|p2a: Dragonite
|-end|p2a: Dragonite|Substitute
|move|p2a: Dragonite|Dragon Dance|p2a: Dragonite
|-boost|p2a: Dragonite|atk|1
|-boost|p2a: Dragonite|spe|1
|
|-heal|p2a: Dragonite|94/100|[from] item: Leftovers
|-heal|p1a: Dragapult|67/100|[from] item: Leftovers
|upkeep
|turn|4
|
|t:|1760847317
|switch|p1a: Toxapex|Toxapex, M|100/100
|-terastallize|p2a: Dragonite|Normal
|move|p2a: Dragonite|Dragon Dance|p2a: Dragonite
|-boost|p2a: Dragonite|atk|1
|-boost|p2a: Dragonite|spe|1
|
|-heal|p2a: Dragonite|100/100|[from] item: Leftovers
|upkeep
|turn|5
|
|t:|1760847327
|move|p2a: Dragonite|Substitute|p2a: Dragonite
|-start|p2a: Dragonite|Substitute
|-damage|p2a: Dragonite|76/100
|move|p1a: Toxapex|Toxic||[still]
|-fail|p1a: Toxapex
|
|-heal|p2a: Dragonite|82/100|[from] item: Leftovers
|upkeep
|turn|6
|
|t:|1760847338
|switch|p1a: Magnezone|Magnezone|100/100
|move|p2a: Dragonite|Earthquake|p1a: Magnezone
|-supereffective|p1a: Magnezone
|-damage|p1a: Magnezone|0 fnt
|faint|p1a: Magnezone
|
|-heal|p2a: Dragonite|88/100|[from] item: Leftovers
|upkeep
|
|t:|1760847349
|switch|p1a: Dragapult|Dragapult, M|67/100
|turn|7
|
|t:|1760847353
|move|p2a: Dragonite|Earthquake|p1a: Dragapult
|-damage|p1a: Dragapult|0 fnt
|faint|p1a: Dragapult
|
|-heal|p2a: Dragonite|94/100|[from] item: Leftovers
|upkeep
|
|t:|1760847361
|switch|p1a: Flygon|Flygon, M|100/100
|turn|8
|
|t:|1760847370
|move|p2a: Dragonite|Extreme Speed|p1a: Flygon
|-damage|p1a: Flygon|0 fnt
|faint|p1a: Flygon
|
|-heal|p2a: Dragonite|100/100|[from] item: Leftovers
|upkeep
|-message|Sanchez1334 forfeited.
|
|win|papa macaroni
|raw|Sanchez1334's rating: 1073 &rarr; <strong>1058</strong><br />(-15 for losing)
|raw|papa macaroni's rating: 1167 &rarr; <strong>1185</strong><br />(+18 for winning)
|l|☆Sanchez1334
|player|p1|
|l|☆papa macaroni
|player|p2|
