|j|☆zhanghandsome
|j|☆Sunnysadore
|t:|1760868307
|gametype|singles
|player|p1|zhanghandsome|102|1056
|player|p2|Sunnysadore|iris-gen5bw2|1034
|gen|9
|tier|[Gen 9] OU
|rated|
|rule|HP Percentage Mod: HP is shown in percentages
|rule|Endless Battle Clause: Forcing endless battles is banned
|rule|Species Clause: Limit one of each Pokémon
|rule|OHKO Clause: OHKO moves are banned
|rule|Evasion Items Clause: Evasion items are banned
|rule|Evasion Moves Clause: Evasion moves are banned
|rule|Evasion Abilities Clause: Evasion abilities are banned
|rule|Sleep Moves Clause: Sleep-inducing moves are banned
|clearpoke
|poke|p1|Garganacl, M|
|poke|p1|Gliscor, F|
|poke|p1|Tinkaton, F|
|poke|p1|Skeledirge, F|
|poke|p1|Rillaboom, M|
|poke|p1|Great Tusk|
|poke|p2|Jirachi|
|poke|p2|Dragonite, M|
|poke|p2|Tinkaton, F|
|poke|p2|Quagsire, M|
|poke|p2|Iron Valiant|
|poke|p2|Iron Moth|
|teampreview
|
|t:|1760868313
|teamsize|p1|6
|teamsize|p2|6
|start
|switch|p1a: Rillaboom|Rillaboom, M|100/100
|switch|p2a: Moon|Tinkaton, F|100/100
|-ability|p2a: Moon|Mold Breaker
|-item|p2a: Moon|Air Balloon
|-fieldstart|move: Grassy Terrain|[from] ability: Grassy Surge|[of] p1a: Rillaboom
|turn|1
|inactive|Battle timer is ON: inactive players will automatically lose when time's up. (requested by Sunnysadore)
|
|t:|1760868335
|move|p2a: Moon|Stealth Rock|p1a: Rillaboom
|-sidestart|p1: zhanghandsome|move: Stealth Rock
|move|p1a: Rillaboom|U-turn|p2a: Moon
|-resisted|p2a: Moon
|-damage|p2a: Moon|91/100
|-enditem|p2a: Moon|Air Balloon
|-damage|p1a: Rillaboom|91/100|[from] item: Life Orb
|
|t:|1760868352
|switch|p1a: Gliscor|Gliscor, F|100/100|[from] U-turn
|-damage|p1a: Gliscor|88/100|[from] Stealth Rock
|
|-heal|p2a: Moon|98/100|[from] Grassy Terrain
|-status|p1a: Gliscor|tox|[from] item: Toxic Orb
|upkeep
|turn|2
|
|t:|1760868365
|move|p1a: Gliscor|Protect|p1a: Gliscor
|-singleturn|p1a: Gliscor|Protect
|move|p2a: Moon|Knock Off|p1a: Gliscor
|-activate|p1a: Gliscor|move: Protect
|
|-heal|p2a: Moon|100/100|[from] Grassy Terrain
|-heal|p1a: Gliscor|100/100 tox|[from] ability: Poison Heal
|upkeep
|turn|3
|
|t:|1760868378
|move|p2a: Moon|Knock Off|p1a: Gliscor
|-damage|p1a: Gliscor|89/100 tox
|-enditem|p1a: Gliscor|Toxic Orb|[from] move: Knock Off|[of] p2a: Moon
|move|p1a: Gliscor|Substitute|p1a: Gliscor
|-start|p1a: Gliscor|Substitute
|-damage|p1a: Gliscor|64/100 tox
|
|-heal|p1a: Gliscor|77/100 tox|[from] ability: Poison Heal
|upkeep
|turn|4
|
|t:|1760868392
|move|p2a: Moon|Gigaton Hammer|p1a: Gliscor
|-end|p1a: Gliscor|Substitute
|move|p1a: Gliscor|Earthquake|p2a: Moon
|-supereffective|p2a: Moon
|-damage|p2a: Moon|63/100
|
|-heal|p2a: Moon|69/100|[from] Grassy Terrain
|-heal|p1a: Gliscor|89/100 tox|[from] ability: Poison Heal
|upkeep
|turn|5
|
|t:|1760868404
|switch|p2a: Yassine|Quagsire, M, shiny|100/100
|move|p1a: Gliscor|Earthquake|p2a: Yassine
|-damage|p2a: Yassine|89/100
|
|-heal|p2a: Yassine|95/100|[from] Grassy Terrain
|-heal|p2a: Yassine|100/100|[from] item: Leftovers
|-heal|p1a: Gliscor|100/100 tox|[from] ability: Poison Heal
|-fieldend|move: Grassy Terrain
|upkeep
|turn|6
|
|t:|1760868421
|move|p1a: Gliscor|Toxic|p2a: Yassine
|-status|p2a: Yassine|tox
|move|p2a: Yassine|Earthquake|p1a: Gliscor
|-immune|p1a: Gliscor
|
|-damage|p2a: Yassine|94/100 tox|[from] psn
|upkeep
|turn|7
|
|t:|1760868431
|move|p1a: Gliscor|Toxic|p2a: Yassine
|-fail|p2a: Yassine|tox
|move|p2a: Yassine|Aqua Tail|p1a: Gliscor
|-supereffective|p1a: Gliscor
|-damage|p1a: Gliscor|65/100 tox
|
|-heal|p2a: Yassine|100/100 tox|[from] item: Leftovers
|-heal|p1a: Gliscor|77/100 tox|[from] ability: Poison Heal
|-damage|p2a: Yassine|88/100 tox|[from] psn
|upkeep
|turn|8
|
|t:|1760868447
|move|p1a: Gliscor|Toxic|p2a: Yassine
|-fail|p2a: Yassine|tox
|move|p2a: Yassine|Aqua Tail|p1a: Gliscor
|-supereffective|p1a: Gliscor
|-damage|p1a: Gliscor|39/100 tox
|
|-heal|p2a: Yassine|94/100 tox|[from] item: Leftovers
|-heal|p1a: Gliscor|52/100 tox|[from] ability: Poison Heal
|-damage|p2a: Yassine|76/100 tox|[from] psn
|upkeep
|turn|9
|
|t:|1760868460
|move|p1a: Gliscor|Substitute|p1a: Gliscor
|-start|p1a: Gliscor|Substitute
|-damage|p1a: Gliscor|27/100 tox
|move|p2a: Yassine|Aqua Tail|p1a: Gliscor
|-supereffective|p1a: Gliscor
|-end|p1a: Gliscor|Substitute
|
|-heal|p2a: Yassine|82/100 tox|[from] item: Leftovers
|-heal|p1a: Gliscor|39/100 tox|[from] ability: Poison Heal
|-damage|p2a: Yassine|58/100 tox|[from] psn
|upkeep
|turn|10
|inactive|Sunnysadore has 120 seconds left.
|
|t:|1760868506
|move|p1a: Gliscor|Protect|p1a: Gliscor
|-singleturn|p1a: Gliscor|Protect
|move|p2a: Yassine|Aqua Tail|p1a: Gliscor
|-activate|p1a: Gliscor|move: Protect
|
|-heal|p2a: Yassine|64/100 tox|[from] item: Leftovers
|-heal|p1a: Gliscor|52/100 tox|[from] ability: Poison Heal
|-damage|p2a: Yassine|33/100 tox|[from] psn
|upkeep
|turn|11
|
|t:|1760868518
|move|p1a: Gliscor|Substitute|p1a: Gliscor
|-start|p1a: Gliscor|Substitute
|-damage|p1a: Gliscor|27/100 tox
|move|p2a: Yassine|Recover|p2a: Yassine
|-heal|p2a: Yassine|83/100 tox
|
|-heal|p2a: Yassine|90/100 tox|[from] item: Leftovers
|-heal|p1a: Gliscor|39/100 tox|[from] ability: Poison Heal
|-damage|p2a: Yassine|53/100 tox|[from] psn
|upkeep
|turn|12
|
|t:|1760868533
|move|p1a: Gliscor|Protect|p1a: Gliscor
|-singleturn|p1a: Gliscor|Protect
|move|p2a: Yassine|Recover|p2a: Yassine
|-heal|p2a: Yassine|100/100 tox
|
|-heal|p1a: Gliscor|52/100 tox|[from] ability: Poison Heal
|-damage|p2a: Yassine|58/100 tox|[from] psn
|upkeep
|turn|13
|
|t:|1760868543
|move|p1a: Gliscor|Earthquake|p2a: Yassine
|-damage|p2a: Yassine|33/100 tox
|move|p2a: Yassine|Recover|p2a: Yassine
|-heal|p2a: Yassine|83/100 tox
|
|-heal|p2a: Yassine|90/100 tox|[from] item: Leftovers
|-heal|p1a: Gliscor|64/100 tox|[from] ability: Poison Heal
|-damage|p2a: Yassine|41/100 tox|[from] psn
|upkeep
|turn|14
|inactive|Sunnysadore has 120 seconds left.
|
|t:|1760868555
|move|p1a: Gliscor|Earthquake|p2a: Yassine
|-damage|p2a: Yassine|19/100 tox
|move|p2a: Yassine|Aqua Tail|p1a: Gliscor|[miss]
|-miss|p2a: Yassine|p1a: Gliscor
|
|-heal|p2a: Yassine|25/100 tox|[from] item: Leftovers
|-heal|p1a: Gliscor|77/100 tox|[from] ability: Poison Heal
|-damage|p2a: Yassine|0 fnt|[from] psn
|faint|p2a: Yassine
|upkeep
|inactive|Sunnysadore has 120 seconds left.
|
|t:|1760868576
|switch|p2a: Jirachi|Jirachi|100/100
|turn|15
|
|t:|1760868593
|move|p2a: Jirachi|Iron Head|p1a: Gliscor
|-activate|p1a: Gliscor|move: Substitute|[damage]
|move|p1a: Gliscor|Earthquake|p2a: Jirachi
|-supereffective|p2a: Jirachi
|-damage|p2a: Jirachi|50/100
|
|-heal|p2a: Jirachi|56/100|[from] item: Leftovers
|-heal|p1a: Gliscor|89/100 tox|[from] ability: Poison Heal
|upkeep
|turn|16
|
|t:|1760868604
|move|p2a: Jirachi|Wish|p2a: Jirachi
|move|p1a: Gliscor|Earthquake|p2a: Jirachi
|-supereffective|p2a: Jirachi
|-damage|p2a: Jirachi|0 fnt
|faint|p2a: Jirachi
|
|-heal|p1a: Gliscor|100/100 tox|[from] ability: Poison Heal
|upkeep
|
|t:|1760868621
|switch|p2a: BOB|Iron Moth|100/100
|-enditem|p2a: BOB|Booster Energy
|-activate|p2a: BOB|ability: Quark Drive|[fromitem]
|-start|p2a: BOB|quarkdrivespa
|turn|17
|inactive|Sunnysadore has 90 seconds left.
|
|t:|1760868641
|move|p2a: BOB|Sludge Wave|p1a: Gliscor
|-resisted|p1a: Gliscor
|-end|p1a: Gliscor|Substitute
|move|p1a: Gliscor|Earthquake|p2a: BOB
|-supereffective|p2a: BOB
|-damage|p2a: BOB|0 fnt
|faint|p2a: BOB
|-end|p2a: BOB|Quark Drive|[silent]
|
|upkeep
|-message|Sunnysadore forfeited.
|
|win|zhanghandsome
|raw|zhanghandsome's rating: 1056 &rarr; <strong>1086</strong><br />(+30 for winning)
|raw|Sunnysadore's rating: 1034 &rarr; <strong>1020</strong><br />(-14 for losing)
|l|☆Sunnysadore
|player|p2|
