|j|☆Denis ist toll amk
|j|☆gnes00n
|t:|1760847760
|gametype|singles
|player|p1|Denis ist toll amk|266|1132
|player|p2|gnes00n|102|1147
|gen|9
|tier|[Gen 9] OU
|rated|
|rule|HP Percentage Mod: HP is shown in percentages
|rule|Endless Battle Clause: Forcing endless battles is banned
|rule|Species Clause: Limit one of each Pokémon
|rule|OHKO Clause: OHKO moves are banned
|rule|Evasion Items Clause: Evasion items are banned
|rule|Evasion Moves Clause: Evasion moves are banned
|rule|Evasion Abilities Clause: Evasion abilities are banned
|rule|Sleep Moves Clause: Sleep-inducing moves are banned
|clearpoke
|poke|p1|Iron Treads|
|poke|p1|Kingambit, M|
|poke|p1|Scizor, F|
|poke|p1|Pecharunt|
|poke|p1|Dragonite, M|
|poke|p1|Iron Moth|
|poke|p2|Weezing-Galar, F|
|poke|p2|Kingambit, M|
|poke|p2|Gliscor, F|
|poke|p2|Dondozo, M|
|poke|p2|Skeledirge, F|
|poke|p2|Iron Hands|
|teampreview
|inactive|Battle timer is ON: inactive players will automatically lose when time's up. (requested by gnes00n)
|
|t:|1760847767
|teamsize|p1|6
|teamsize|p2|6
|start
|switch|p1a: Dragonite|Dragonite, M|100/100
|switch|p2a: Kingambit|Kingambit, M|100/100
|turn|1
|
|t:|1760847775
|move|p1a: Dragonite|Dragon Dance|p1a: Dragonite
|-boost|p1a: Dragonite|atk|1
|-boost|p1a: Dragonite|spe|1
|move|p2a: Kingambit|Thunder Wave|p1a: Dragonite
|-status|p1a: Dragonite|par
|
|upkeep
|turn|2
|
|t:|1760847784
|move|p1a: Dragonite|Dragon Dance|p1a: Dragonite
|-boost|p1a: Dragonite|atk|1
|-boost|p1a: Dragonite|spe|1
|move|p2a: Kingambit|Stealth Rock|p1a: Dragonite
|-sidestart|p1: Denis ist toll amk|move: Stealth Rock
|
|upkeep
|turn|3
|
|t:|1760847793
|-end|p2a: Kingambit|fallenundefined|[silent]
|switch|p2a: Gliscor|Gliscor, F|100/100
|move|p1a: Dragonite|Earthquake|p2a: Gliscor
|-immune|p2a: Gliscor
|
|-status|p2a: Gliscor|tox|[from] item: Toxic Orb
|upkeep
|turn|4
|
|t:|1760847808
|-terastallize|p1a: Dragonite|Fairy
|move|p2a: Gliscor|Knock Off|p1a: Dragonite
|-resisted|p1a: Dragonite
|-damage|p1a: Dragonite|84/100 par
|-enditem|p1a: Dragonite|Loaded Dice|[from] move: Knock Off|[of] p2a: Gliscor
|move|p1a: Dragonite|Scale Shot|p2a: Gliscor
|-damage|p2a: Gliscor|74/100 tox
|-damage|p2a: Gliscor|44/100 tox
|-damage|p2a: Gliscor|16/100 tox
|-hitcount|p2a: Gliscor|3
|-unboost|p1a: Dragonite|def|1
|-boost|p1a: Dragonite|spe|1
|
|-heal|p2a: Gliscor|28/100 tox|[from] ability: Poison Heal
|upkeep
|turn|5
|
|t:|1760847825
|move|p2a: Gliscor|Protect|p2a: Gliscor
|-singleturn|p2a: Gliscor|Protect
|move|p1a: Dragonite|Scale Shot|p2a: Gliscor
|-activate|p2a: Gliscor|move: Protect
|
|-heal|p2a: Gliscor|41/100 tox|[from] ability: Poison Heal
|upkeep
|turn|6
|
|t:|1760847834
|switch|p2a: Weezing|Weezing-Galar, F|100/100
|cant|p1a: Dragonite|par
|
|upkeep
|turn|7
|
|t:|1760847852
|move|p1a: Dragonite|Earthquake|p2a: Weezing
|-immune|p2a: Weezing|[from] ability: Levitate
|move|p2a: Weezing|Sludge Bomb|p1a: Dragonite
|-supereffective|p1a: Dragonite
|-damage|p1a: Dragonite|0 fnt
|faint|p1a: Dragonite
|
|upkeep
|
|t:|1760847857
|switch|p1a: Iron Treads|Iron Treads|100/100
|-damage|p1a: Iron Treads|97/100|[from] Stealth Rock
|turn|8
|
|t:|1760847881
|switch|p2a: Gliscor|Gliscor, F|41/100 tox
|move|p1a: Iron Treads|Rapid Spin|p2a: Gliscor
|-crit|p2a: Gliscor
|-damage|p2a: Gliscor|18/100 tox
|-boost|p1a: Iron Treads|spe|1
|-sideend|p1: Denis ist toll amk|Stealth Rock|[from] move: Rapid Spin|[of] p1a: Iron Treads
|
|-heal|p1a: Iron Treads|100/100|[from] item: Leftovers
|-heal|p2a: Gliscor|30/100 tox|[from] ability: Poison Heal
|upkeep
|turn|9
|
|t:|1760847892
|move|p2a: Gliscor|Protect|p2a: Gliscor
|-singleturn|p2a: Gliscor|Protect
|move|p1a: Iron Treads|Ice Spinner|p2a: Gliscor
|-activate|p2a: Gliscor|move: Protect
|
|-heal|p2a: Gliscor|42/100 tox|[from] ability: Poison Heal
|upkeep
|turn|10
|
|t:|1760847901
|switch|p2a: Dondozo|Dondozo, M|100/100
|move|p1a: Iron Treads|Ice Spinner|p2a: Dondozo
|-resisted|p2a: Dondozo
|-damage|p2a: Dondozo|94/100
|
|upkeep
|turn|11
|
|t:|1760847910
|move|p1a: Iron Treads|Knock Off|p2a: Dondozo
|-damage|p2a: Dondozo|75/100
|-enditem|p2a: Dondozo|Chesto Berry|[from] move: Knock Off|[of] p1a: Iron Treads
|move|p2a: Dondozo|Liquidation|p1a: Iron Treads
|-supereffective|p1a: Iron Treads
|-damage|p1a: Iron Treads|38/100
|-unboost|p1a: Iron Treads|def|1
|
|-heal|p1a: Iron Treads|44/100|[from] item: Leftovers
|upkeep
|turn|12
|
|t:|1760847922
|-end|p1a: Iron Treads|Quark Drive|[silent]
|switch|p1a: Pecharunt|Pecharunt|100/100
|move|p2a: Dondozo|Liquidation|p1a: Pecharunt
|-damage|p1a: Pecharunt|85/100
|
|upkeep
|turn|13
|
|t:|1760847929
|move|p1a: Pecharunt|Malignant Chain|p2a: Dondozo
|-damage|p2a: Dondozo|50/100
|move|p2a: Dondozo|Earthquake|p1a: Pecharunt
|-supereffective|p1a: Pecharunt
|-damage|p1a: Pecharunt|58/100
|
|upkeep
|turn|14
|
|t:|1760847938
|move|p1a: Pecharunt|Malignant Chain|p2a: Dondozo
|-damage|p2a: Dondozo|26/100
|move|p2a: Dondozo|Earthquake|p1a: Pecharunt
|-supereffective|p1a: Pecharunt
|-damage|p1a: Pecharunt|32/100
|
|upkeep
|turn|15
|
|t:|1760847946
|move|p1a: Pecharunt|Malignant Chain|p2a: Dondozo
|-damage|p2a: Dondozo|0 fnt
|faint|p2a: Dondozo
|
|upkeep
|
|t:|1760847953
|switch|p2a: Kingambit|Kingambit, M|100/100
|-activate|p2a: Kingambit|ability: Supreme Overlord
|-start|p2a: Kingambit|fallen1|[silent]
|turn|16
|
|t:|1760847961
|move|p1a: Pecharunt|Parting Shot|p2a: Kingambit
|-unboost|p2a: Kingambit|atk|1
|-unboost|p2a: Kingambit|spa|1
|
|t:|1760847964
|switch|p1a: Iron Moth|Iron Moth|100/100|[from] Parting Shot
|move|p2a: Kingambit|Iron Head|p1a: Iron Moth
|-resisted|p1a: Iron Moth
|-damage|p1a: Iron Moth|61/100
|-damage|p2a: Kingambit|91/100|[from] item: Life Orb
|
|upkeep
|turn|17
|
|t:|1760847977
|move|p1a: Iron Moth|Flamethrower|p2a: Kingambit
|-supereffective|p2a: Kingambit
|-damage|p2a: Kingambit|0 fnt
|faint|p2a: Kingambit
|-end|p2a: Kingambit|fallen1|[silent]
|
|upkeep
|
|t:|1760847983
|switch|p2a: Skeledirge|Skeledirge, F|100/100
|turn|18
|
|t:|1760847988
|-end|p1a: Iron Moth|Quark Drive|[silent]
|switch|p1a: Pecharunt|Pecharunt|32/100
|move|p2a: Skeledirge|Torch Song|p1a: Pecharunt
|-damage|p1a: Pecharunt|0 fnt
|-boost|p2a: Skeledirge|spa|1
|faint|p1a: Pecharunt
|
|upkeep
|
|t:|1760847991
|switch|p1a: Scizor|Scizor, F|100/100
|turn|19
|
|t:|1760848001
|move|p2a: Skeledirge|Torch Song|p1a: Scizor
|-supereffective|p1a: Scizor
|-damage|p1a: Scizor|0 fnt
|-boost|p2a: Skeledirge|spa|1
|faint|p1a: Scizor
|
|upkeep
|
|t:|1760848007
|switch|p1a: Kingambit|Kingambit, M|100/100
|-activate|p1a: Kingambit|ability: Supreme Overlord
|-start|p1a: Kingambit|fallen3|[silent]
|turn|20
|
|t:|1760848013
|-terastallize|p2a: Skeledirge|Grass
|move|p1a: Kingambit|Sucker Punch|p2a: Skeledirge
|-damage|p2a: Skeledirge|38/100
|-damage|p1a: Kingambit|91/100|[from] item: Life Orb
|move|p2a: Skeledirge|Torch Song|p1a: Kingambit
|-supereffective|p1a: Kingambit
|-damage|p1a: Kingambit|0 fnt
|-boost|p2a: Skeledirge|spa|1
|faint|p1a: Kingambit
|-end|p1a: Kingambit|fallen3|[silent]
|
|-heal|p2a: Skeledirge|44/100|[from] item: Leftovers
|upkeep
|
|t:|1760848017
|switch|p1a: Iron Treads|Iron Treads|44/100
|turn|21
|
|t:|1760848044
|move|p1a: Iron Treads|Ice Spinner|p2a: Skeledirge
|-supereffective|p2a: Skeledirge
|-damage|p2a: Skeledirge|3/100
|move|p2a: Skeledirge|Torch Song|p1a: Iron Treads
|-supereffective|p1a: Iron Treads
|-damage|p1a: Iron Treads|0 fnt
|-boost|p2a: Skeledirge|spa|1
|faint|p1a: Iron Treads
|-end|p1a: Iron Treads|Quark Drive|[silent]
|
|-heal|p2a: Skeledirge|9/100|[from] item: Leftovers
|upkeep
|-message|Denis ist toll amk forfeited.
|
|win|gnes00n
|raw|Denis ist toll amk's rating: 1132 &rarr; <strong>1108</strong><br />(-24 for losing)
|raw|gnes00n's rating: 1147 &rarr; <strong>1171</strong><br />(+24 for winning)
|l|☆Denis ist toll amk
|player|p1|
|l|☆gnes00n
|player|p2|
