|j|☆soboredawq
|j|☆soohyo9
|t:|1760777143
|gametype|singles
|player|p1|soboredawq|wallace|1084
|player|p2|soohyo9|valerie|1100
|gen|9
|tier|[Gen 9] OU
|rated|
|rule|HP Percentage Mod: HP is shown in percentages
|rule|Endless Battle Clause: Forcing endless battles is banned
|rule|Species Clause: Limit one of each Pokémon
|rule|OHKO Clause: OHKO moves are banned
|rule|Evasion Items Clause: Evasion items are banned
|rule|Evasion Moves Clause: Evasion moves are banned
|rule|Evasion Abilities Clause: Evasion abilities are banned
|rule|Sleep Moves Clause: Sleep-inducing moves are banned
|clearpoke
|poke|p1|Ting-Lu|
|poke|p1|Alomomola, F|
|poke|p1|Dondozo, M|
|poke|p1|Gliscor, F|
|poke|p1|Blissey, F|
|poke|p1|Weezing-Galar, M|
|poke|p2|Ninetales, F|
|poke|p2|Serperior, F|
|poke|p2|Milotic, F|
|poke|p2|Dragonair, F|
|poke|p2|Diancie|
|poke|p2|Gardevoir, F|
|teampreview
|inactive|Battle timer is ON: inactive players will automatically lose when time's up. (requested by soboredawq)
|
|t:|1760777170
|teamsize|p1|6
|teamsize|p2|6
|start
|switch|p1a: Ting-Lu|Ting-Lu|100/100
|switch|p2a: Diancie|Diancie|100/100
|-ability|p1a: Ting-Lu|Vessel of Ruin
|turn|1
|
|t:|1760777174
|move|p2a: Diancie|Stealth Rock|p1a: Ting-Lu
|-sidestart|p1: soboredawq|move: Stealth Rock
|move|p1a: Ting-Lu|Heavy Slam|p2a: Diancie
|-supereffective|p2a: Diancie
|-damage|p2a: Diancie|0 fnt
|faint|p2a: Diancie
|
|upkeep
|
|t:|1760777181
|switch|p2a: Milotic|Milotic, F|100/100
|turn|2
|
|t:|1760777186
|switch|p1a: Blissey|Blissey, F|100/100
|move|p2a: Milotic|Scald|p1a: Blissey
|-damage|p1a: Blissey|91/100
|-status|p1a: Blissey|brn
|
|-damage|p1a: Blissey|85/100 brn|[from] brn
|upkeep
|turn|3
|
|t:|1760777200
|switch|p2a: Dragonair|Dragonair, F|100/100
|move|p1a: Blissey|Stealth Rock|p2a: Dragonair
|-sidestart|p2: soohyo9|move: Stealth Rock
|
|-damage|p1a: Blissey|79/100 brn|[from] brn
|upkeep
|turn|4
|
|t:|1760777209
|-curestatus|p1a: Blissey|brn|[from] ability: Natural Cure
|switch|p1a: Weezing|Weezing-Galar, M|100/100
|-ability|p1a: Weezing|Neutralizing Gas
|move|p2a: Dragonair|Dragon Dance|p2a: Dragonair
|-boost|p2a: Dragonair|atk|1
|-boost|p2a: Dragonair|spe|1
|
|upkeep
|turn|5
|
|t:|1760777217
|move|p2a: Dragonair|Thunderbolt|p1a: Weezing
|-damage|p1a: Weezing|82/100
|move|p1a: Weezing|Will-O-Wisp|p2a: Dragonair
|-status|p2a: Dragonair|brn
|
|-damage|p2a: Dragonair|94/100 brn|[from] brn
|upkeep
|turn|6
|
|t:|1760777224
|switch|p2a: Gardevoir|Gardevoir, F, shiny|100/100
|-damage|p2a: Gardevoir|88/100|[from] Stealth Rock
|move|p1a: Weezing|Defog|p2a: Gardevoir
|-unboost|p2a: Gardevoir|evasion|1
|-sideend|p2: soohyo9|Stealth Rock|[from] move: Defog|[of] p1a: Weezing
|-sideend|p1: soboredawq|Stealth Rock|[from] move: Defog|[of] p1a: Weezing
|
|upkeep
|turn|7
|
|t:|1760777231
|-end|p1a: Weezing|ability: Neutralizing Gas
|switch|p1a: Blissey|Blissey, F|79/100
|-ability|p2a: Gardevoir|Natural Cure|Trace|[from] ability: Trace|[of] p1a: Blissey
|move|p2a: Gardevoir|Trick|p1a: Blissey
|-activate|p2a: Gardevoir|move: Trick|[of] p1a: Blissey
|-item|p1a: Blissey|Choice Scarf|[from] move: Trick
|-item|p2a: Gardevoir|Heavy-Duty Boots|[from] move: Trick
|
|upkeep
|turn|8
|
|t:|1760777244
|move|p2a: Gardevoir|Focus Blast|p1a: Blissey
|-supereffective|p1a: Blissey
|-damage|p1a: Blissey|54/100
|move|p1a: Blissey|Stealth Rock|p2a: Gardevoir
|-sidestart|p2: soohyo9|move: Stealth Rock
|
|upkeep
|turn|9
|
|t:|1760777250
|switch|p1a: Weezing|Weezing-Galar, M|82/100
|-ability|p1a: Weezing|Neutralizing Gas
|move|p2a: Gardevoir|Moonblast|p1a: Weezing
|-resisted|p1a: Weezing
|-damage|p1a: Weezing|49/100
|
|upkeep
|turn|10
|
|t:|1760777255
|move|p2a: Gardevoir|Psychic|p1a: Weezing
|-supereffective|p1a: Weezing
|-damage|p1a: Weezing|0 fnt
|faint|p1a: Weezing
|-end|p1a: Weezing|ability: Neutralizing Gas
|
|upkeep
|
|t:|1760777259
|switch|p1a: Gliscor|Gliscor, F|100/100
|turn|11
|
|t:|1760777265
|switch|p2a: Milotic|Milotic, F|100/100
|-damage|p2a: Milotic|88/100|[from] Stealth Rock
|move|p1a: Gliscor|Spikes|p2a: Milotic
|-sidestart|p2: soohyo9|Spikes
|
|-heal|p2a: Milotic|94/100|[from] item: Leftovers
|-status|p1a: Gliscor|tox|[from] item: Toxic Orb
|upkeep
|turn|12
|
|t:|1760777272
|move|p1a: Gliscor|Toxic|p2a: Milotic
|-status|p2a: Milotic|tox
|move|p2a: Milotic|Ice Beam|p1a: Gliscor
|-supereffective|p1a: Gliscor
|-damage|p1a: Gliscor|0 fnt
|faint|p1a: Gliscor
|
|-heal|p2a: Milotic|99/100 tox|[from] item: Leftovers
|-damage|p2a: Milotic|94/100 tox|[from] psn
|upkeep
|
|t:|1760777280
|switch|p1a: Dondozo|Dondozo, M|100/100
|turn|13
|
|t:|1760777283
|move|p2a: Milotic|Ice Beam|p1a: Dondozo
|-resisted|p1a: Dondozo
|-damage|p1a: Dondozo|91/100
|move|p1a: Dondozo|Body Press|p2a: Milotic
|-damage|p2a: Milotic|80/100 tox
|
|-heal|p2a: Milotic|86/100 tox|[from] item: Leftovers
|-damage|p2a: Milotic|74/100 tox|[from] psn
|upkeep
|turn|14
|
|t:|1760777294
|switch|p2a: Ninetales|Ninetales, F|100/100
|-weather|SunnyDay|[from] ability: Drought|[of] p2a: Ninetales
|move|p1a: Dondozo|Body Press|p2a: Ninetales
|-damage|p2a: Ninetales|66/100
|
|-weather|SunnyDay|[upkeep]
|upkeep
|turn|15
|
|t:|1760777297
|move|p2a: Ninetales|Solar Beam||[still]
|-prepare|p2a: Ninetales|Solar Beam
|-anim|p2a: Ninetales|Solar Beam|p1a: Dondozo
|-supereffective|p1a: Dondozo
|-damage|p1a: Dondozo|44/100
|move|p1a: Dondozo|Body Press|p2a: Ninetales
|-damage|p2a: Ninetales|33/100
|
|-weather|SunnyDay|[upkeep]
|upkeep
|turn|16
|
|t:|1760777302
|switch|p1a: Blissey|Blissey, F|54/100
|move|p2a: Ninetales|Solar Beam||[still]
|-prepare|p2a: Ninetales|Solar Beam
|-anim|p2a: Ninetales|Solar Beam|p1a: Blissey
|-damage|p1a: Blissey|47/100
|
|-weather|SunnyDay|[upkeep]
|upkeep
|turn|17
|
|t:|1760777310
|switch|p2a: Dragonair|Dragonair, F|94/100 brn
|-damage|p2a: Dragonair|82/100 brn|[from] Stealth Rock
|-damage|p2a: Dragonair|70/100 brn|[from] Spikes
|move|p1a: Blissey|Shadow Ball|p2a: Dragonair
|-damage|p2a: Dragonair|57/100 brn
|
|-weather|SunnyDay|[upkeep]
|-damage|p2a: Dragonair|51/100 brn|[from] brn
|upkeep
|turn|18
|
|t:|1760777313
|move|p2a: Dragonair|Dragon Dance|p2a: Dragonair
|-boost|p2a: Dragonair|atk|1
|-boost|p2a: Dragonair|spe|1
|move|p1a: Blissey|Shadow Ball|p2a: Dragonair
|-damage|p2a: Dragonair|38/100 brn
|
|-weather|none
|-activate|p2a: Dragonair|ability: Shed Skin
|-curestatus|p2a: Dragonair|brn|[msg]
|upkeep
|turn|19
|
|t:|1760777319
|switch|p1a: Dondozo|Dondozo, M|44/100
|move|p2a: Dragonair|Dragon Dance|p2a: Dragonair
|-boost|p2a: Dragonair|atk|1
|-boost|p2a: Dragonair|spe|1
|
|upkeep
|turn|20
|
|t:|1760777325
|switch|p1a: Ting-Lu|Ting-Lu|100/100
|-ability|p1a: Ting-Lu|Vessel of Ruin
|move|p2a: Dragonair|Thunderbolt|p1a: Ting-Lu
|-immune|p1a: Ting-Lu
|
|upkeep
|turn|21
|
|t:|1760777329
|move|p2a: Dragonair|Outrage|p1a: Ting-Lu
|-damage|p1a: Ting-Lu|63/100
|move|p1a: Ting-Lu|Earthquake|p2a: Dragonair
|-damage|p2a: Dragonair|0 fnt
|faint|p2a: Dragonair
|
|upkeep
|
|t:|1760777332
|switch|p2a: Serperior|Serperior, F|100/100
|-damage|p2a: Serperior|88/100|[from] Stealth Rock
|-damage|p2a: Serperior|76/100|[from] Spikes
|turn|22
|
|t:|1760777337
|switch|p1a: Blissey|Blissey, F|47/100
|move|p2a: Serperior|Leaf Storm|p1a: Blissey
|-damage|p1a: Blissey|35/100
|-boost|p2a: Serperior|spa|2
|
|-heal|p2a: Serperior|82/100|[from] item: Leftovers
|upkeep
|turn|23
|
|t:|1760777343
|move|p2a: Serperior|Leaf Storm|p1a: Blissey
|-damage|p1a: Blissey|13/100
|-boost|p2a: Serperior|spa|2
|move|p1a: Blissey|Soft-Boiled|p1a: Blissey
|-heal|p1a: Blissey|63/100
|
|-heal|p2a: Serperior|88/100|[from] item: Leftovers
|upkeep
|turn|24
|
|t:|1760777347
|move|p2a: Serperior|Leaf Storm|p1a: Blissey|[miss]
|-miss|p2a: Serperior|p1a: Blissey
|move|p1a: Blissey|Soft-Boiled|p1a: Blissey
|-heal|p1a: Blissey|100/100
|
|-heal|p2a: Serperior|94/100|[from] item: Leftovers
|upkeep
|turn|25
|
|t:|1760777352
|switch|p1a: Dondozo|Dondozo, M|44/100
|move|p2a: Serperior|Leaf Storm|p1a: Dondozo
|-supereffective|p1a: Dondozo
|-damage|p1a: Dondozo|0 fnt
|-boost|p2a: Serperior|spa|2
|faint|p1a: Dondozo
|
|-heal|p2a: Serperior|100/100|[from] item: Leftovers
|upkeep
|
|t:|1760777355
|switch|p1a: Alomomola|Alomomola, F|100/100
|turn|26
|
|t:|1760777357
|move|p2a: Serperior|Leaf Storm|p1a: Alomomola
|-supereffective|p1a: Alomomola
|-damage|p1a: Alomomola|0 fnt
|faint|p1a: Alomomola
|
|upkeep
|-message|soboredawq forfeited.
|
|win|soohyo9
|raw|soboredawq's rating: 1084 &rarr; <strong>1062</strong><br />(-22 for losing)
|raw|soohyo9's rating: 1100 &rarr; <strong>1124</strong><br />(+24 for winning)
|l|☆soboredawq
|player|p1|
|l|☆soohyo9
|player|p2|
