|j|☆7yy7y7y7
|j|☆Fusionhype1
|t:|1760724258
|gametype|singles
|player|p1|7yy7y7y7|169|1270
|player|p2|Fusionhype1|169|1261
|gen|9
|tier|[Gen 9] OU
|rated|
|rule|HP Percentage Mod: HP is shown in percentages
|rule|Endless Battle Clause: Forcing endless battles is banned
|rule|Species Clause: Limit one of each Pokémon
|rule|OHKO Clause: OHKO moves are banned
|rule|Evasion Items Clause: Evasion items are banned
|rule|Evasion Moves Clause: Evasion moves are banned
|rule|Evasion Abilities Clause: Evasion abilities are banned
|rule|Sleep Moves Clause: Sleep-inducing moves are banned
|clearpoke
|poke|p1|Clefable, M|
|poke|p1|Dondozo, M|
|poke|p1|Blissey, F|
|poke|p1|Clodsire, F|
|poke|p1|Corviknight, F|
|poke|p1|Gliscor, M|
|poke|p2|Ampharos, M|
|poke|p2|Araquanid, F|
|poke|p2|Hoopa-Unbound|
|poke|p2|Ceruledge, F|
|poke|p2|Great Tusk|
|poke|p2|Maushold|
|teampreview
|inactive|Battle timer is ON: inactive players will automatically lose when time's up. (requested by Fusionhype1)
|
|t:|1760724279
|teamsize|p1|6
|teamsize|p2|6
|start
|switch|p1a: Gliscor|Gliscor, M|100/100
|switch|p2a: Araquanid|Araquanid, F|100/100
|turn|1
|
|t:|1760724286
|move|p1a: Gliscor|Protect|p1a: Gliscor
|-singleturn|p1a: Gliscor|Protect
|move|p2a: Araquanid|Sticky Web|p1a: Gliscor
|-sidestart|p1: 7yy7y7y7|move: Sticky Web
|
|-status|p1a: Gliscor|tox|[from] item: Toxic Orb
|upkeep
|turn|2
|
|t:|1760724297
|switch|p1a: Dondozo|Dondozo, M|100/100
|move|p2a: Araquanid|Liquidation|p1a: Dondozo
|-resisted|p1a: Dondozo
|-damage|p1a: Dondozo|87/100
|
|upkeep
|turn|3
|
|t:|1760724313
|move|p2a: Araquanid|Liquidation|p1a: Dondozo
|-resisted|p1a: Dondozo
|-damage|p1a: Dondozo|73/100
|move|p1a: Dondozo|Waterfall|p2a: Araquanid
|-resisted|p2a: Araquanid
|-damage|p2a: Araquanid|86/100
|-enditem|p2a: Araquanid|Red Card|[of] p1a: Dondozo
|drag|p1a: Clefable|Clefable, M|100/100
|-activate|p1a: Clefable|move: Sticky Web
|-unboost|p1a: Clefable|spe|1
|
|upkeep
|turn|4
|
|t:|1760724330
|switch|p1a: Dondozo|Dondozo, M|73/100
|move|p2a: Araquanid|Poison Jab|p1a: Dondozo
|-damage|p1a: Dondozo|64/100
|
|upkeep
|turn|5
|
|t:|1760724340
|move|p2a: Araquanid|Liquidation|p1a: Dondozo
|-resisted|p1a: Dondozo
|-damage|p1a: Dondozo|50/100
|move|p1a: Dondozo|Waterfall|p2a: Araquanid
|-resisted|p2a: Araquanid
|-damage|p2a: Araquanid|72/100
|
|upkeep
|turn|6
|
|t:|1760724349
|move|p2a: Araquanid|Liquidation|p1a: Dondozo
|-resisted|p1a: Dondozo
|-damage|p1a: Dondozo|36/100
|move|p1a: Dondozo|Curse|p1a: Dondozo
|-unboost|p1a: Dondozo|spe|1
|-boost|p1a: Dondozo|atk|1
|-boost|p1a: Dondozo|def|1
|
|upkeep
|turn|7
|
|t:|1760724360
|switch|p2a: Ampharos|Ampharos, M|100/100
|move|p1a: Dondozo|Rest|p1a: Dondozo
|-status|p1a: Dondozo|slp|[from] move: Rest
|-heal|p1a: Dondozo|100/100 slp|[silent]
|
|upkeep
|turn|8
|
|t:|1760724368
|switch|p1a: Clodsire|Clodsire, F|100/100
|move|p2a: Ampharos|Charge Beam|p1a: Clodsire
|-immune|p1a: Clodsire
|
|upkeep
|turn|9
|
|t:|1760724383
|switch|p2a: Araquanid|Araquanid, F|72/100
|move|p1a: Clodsire|Earthquake|p2a: Araquanid
|-resisted|p2a: Araquanid
|-damage|p2a: Araquanid|57/100
|
|upkeep
|turn|10
|
|t:|1760724391
|switch|p1a: Dondozo|Dondozo, M|100/100 slp
|move|p2a: Araquanid|Liquidation|p1a: Dondozo
|-resisted|p1a: Dondozo
|-crit|p1a: Dondozo
|-damage|p1a: Dondozo|80/100 slp
|-unboost|p1a: Dondozo|def|1
|
|upkeep
|turn|11
|
|t:|1760724399
|move|p2a: Araquanid|Liquidation|p1a: Dondozo
|-resisted|p1a: Dondozo
|-damage|p1a: Dondozo|59/100 slp
|cant|p1a: Dondozo|slp
|move|p1a: Dondozo|Sleep Talk|p1a: Dondozo
|move|p1a: Dondozo|Waterfall|p2a: Araquanid|[from] move: Sleep Talk
|-resisted|p2a: Araquanid
|-damage|p2a: Araquanid|43/100
|
|upkeep
|turn|12
|
|t:|1760724410
|move|p2a: Araquanid|Liquidation|p1a: Dondozo
|-resisted|p1a: Dondozo
|-damage|p1a: Dondozo|36/100 slp
|-unboost|p1a: Dondozo|def|1
|cant|p1a: Dondozo|slp
|move|p1a: Dondozo|Sleep Talk|p1a: Dondozo
|move|p1a: Dondozo|Curse|p1a: Dondozo|[from] move: Sleep Talk
|-unboost|p1a: Dondozo|spe|1
|-boost|p1a: Dondozo|atk|1
|-boost|p1a: Dondozo|def|1
|
|upkeep
|turn|13
|
|t:|1760724422
|move|p2a: Araquanid|Liquidation|p1a: Dondozo
|-resisted|p1a: Dondozo
|-damage|p1a: Dondozo|13/100 slp
|-curestatus|p1a: Dondozo|slp|[msg]
|move|p1a: Dondozo|Rest|p1a: Dondozo
|-status|p1a: Dondozo|slp|[from] move: Rest
|-heal|p1a: Dondozo|100/100 slp|[silent]
|
|upkeep
|turn|14
|
|t:|1760724431
|switch|p2a: Hoopa|Hoopa-Unbound|100/100
|cant|p1a: Dondozo|slp
|move|p1a: Dondozo|Sleep Talk|p1a: Dondozo
|move|p1a: Dondozo|Waterfall|p2a: Hoopa|[from] move: Sleep Talk
|-damage|p2a: Hoopa|19/100
|
|upkeep
|turn|15
|
|t:|1760724452
|switch|p1a: Clefable|Clefable, M|100/100
|-activate|p1a: Clefable|move: Sticky Web
|-unboost|p1a: Clefable|spe|1
|move|p2a: Hoopa|Psychic|p1a: Clefable
|-damage|p1a: Clefable|34/100
|-damage|p2a: Hoopa|9/100|[from] item: Life Orb
|
|-heal|p1a: Clefable|40/100|[from] item: Leftovers
|upkeep
|turn|16
|
|t:|1760724471
|switch|p1a: Blissey|Blissey, F|100/100
|move|p2a: Hoopa|Psychic|p1a: Blissey
|-damage|p1a: Blissey|78/100
|-damage|p2a: Hoopa|0 fnt|[from] item: Life Orb
|faint|p2a: Hoopa
|
|upkeep
|
|t:|1760724489
|switch|p2a: Ceruledge|Ceruledge, F|100/100
|turn|17
|
|t:|1760724495
|switch|p1a: Gliscor|Gliscor, M|100/100 tox
|move|p2a: Ceruledge|Swords Dance|p2a: Ceruledge
|-boost|p2a: Ceruledge|atk|2
|
|upkeep
|turn|18
|
|t:|1760724503
|-terastallize|p2a: Ceruledge|Fighting
|move|p2a: Ceruledge|Bitter Blade|p1a: Gliscor
|-damage|p1a: Gliscor|41/100 tox
|move|p1a: Gliscor|Toxic|p2a: Ceruledge|[miss]
|-miss|p1a: Gliscor|p2a: Ceruledge
|
|-heal|p1a: Gliscor|53/100 tox|[from] ability: Poison Heal
|upkeep
|turn|19
|
|t:|1760724527
|move|p1a: Gliscor|Protect|p1a: Gliscor
|-singleturn|p1a: Gliscor|Protect
|move|p2a: Ceruledge|Swords Dance|p2a: Ceruledge
|-boost|p2a: Ceruledge|atk|2
|
|-heal|p1a: Gliscor|66/100 tox|[from] ability: Poison Heal
|upkeep
|turn|20
|
|t:|1760724536
|switch|p1a: Dondozo|Dondozo, M|100/100 slp
|move|p2a: Ceruledge|Bitter Blade|p1a: Dondozo
|-resisted|p1a: Dondozo
|-damage|p1a: Dondozo|90/100 slp
|
|upkeep
|turn|21
|
|t:|1760724547
|move|p2a: Ceruledge|Close Combat|p1a: Dondozo
|-damage|p1a: Dondozo|60/100 slp
|-unboost|p2a: Ceruledge|def|1
|-unboost|p2a: Ceruledge|spd|1
|cant|p1a: Dondozo|slp
|move|p1a: Dondozo|Sleep Talk|p1a: Dondozo
|move|p1a: Dondozo|Waterfall|p2a: Ceruledge|[from] move: Sleep Talk
|-damage|p2a: Ceruledge|61/100
|-ability|p2a: Ceruledge|Weak Armor|boost
|-unboost|p2a: Ceruledge|def|1
|-boost|p2a: Ceruledge|spe|2
|
|upkeep
|turn|22
|
|t:|1760724564
|move|p2a: Ceruledge|Close Combat|p1a: Dondozo
|-crit|p1a: Dondozo
|-damage|p1a: Dondozo|13/100 slp
|-unboost|p2a: Ceruledge|def|1
|-unboost|p2a: Ceruledge|spd|1
|-curestatus|p1a: Dondozo|slp|[msg]
|move|p1a: Dondozo|Rest|p1a: Dondozo
|-status|p1a: Dondozo|slp|[from] move: Rest
|-heal|p1a: Dondozo|100/100 slp|[silent]
|
|upkeep
|turn|23
|
|t:|1760724576
|move|p2a: Ceruledge|Close Combat|p1a: Dondozo
|-damage|p1a: Dondozo|70/100 slp
|-unboost|p2a: Ceruledge|def|1
|-unboost|p2a: Ceruledge|spd|1
|cant|p1a: Dondozo|slp
|move|p1a: Dondozo|Sleep Talk|p1a: Dondozo
|move|p1a: Dondozo|Rest||[from] move: Sleep Talk|[still]
|-fail|p1a: Dondozo
|
|upkeep
|turn|24
|
|t:|1760724587
|move|p2a: Ceruledge|Close Combat|p1a: Dondozo
|-damage|p1a: Dondozo|37/100 slp
|-unboost|p2a: Ceruledge|def|1
|-unboost|p2a: Ceruledge|spd|1
|cant|p1a: Dondozo|slp
|move|p1a: Dondozo|Sleep Talk|p1a: Dondozo
|move|p1a: Dondozo|Rest||[from] move: Sleep Talk|[still]
|-fail|p1a: Dondozo
|
|upkeep
|turn|25
|
|t:|1760724598
|move|p2a: Ceruledge|Close Combat|p1a: Dondozo
|-damage|p1a: Dondozo|7/100 slp
|-unboost|p2a: Ceruledge|def|1
|-unboost|p2a: Ceruledge|spd|1
|-curestatus|p1a: Dondozo|slp|[msg]
|move|p1a: Dondozo|Rest|p1a: Dondozo
|-status|p1a: Dondozo|slp|[from] move: Rest
|-heal|p1a: Dondozo|100/100 slp|[silent]
|
|upkeep
|turn|26
|
|t:|1760724612
|switch|p2a: Ampharos|Ampharos, M|100/100
|cant|p1a: Dondozo|slp
|move|p1a: Dondozo|Sleep Talk|p1a: Dondozo
|move|p1a: Dondozo|Waterfall|p2a: Ampharos|[from] move: Sleep Talk
|-damage|p2a: Ampharos|73/100
|
|upkeep
|turn|27
|
|t:|1760724623
|switch|p2a: Great Tusk|Great Tusk|100/100
|-enditem|p2a: Great Tusk|Booster Energy
|-activate|p2a: Great Tusk|ability: Protosynthesis|[fromitem]
|-start|p2a: Great Tusk|protosynthesisspe
|switch|p1a: Clodsire|Clodsire, F|100/100
|
|upkeep
|turn|28
|
|t:|1760724639
|switch|p1a: Dondozo|Dondozo, M|100/100 slp
|move|p2a: Great Tusk|Ice Spinner|p1a: Dondozo
|-resisted|p1a: Dondozo
|-damage|p1a: Dondozo|95/100 slp
|
|upkeep
|turn|29
|
|t:|1760724651
|-end|p2a: Great Tusk|Protosynthesis|[silent]
|switch|p2a: Ampharos|Ampharos, M|73/100
|cant|p1a: Dondozo|slp
|move|p1a: Dondozo|Sleep Talk|p1a: Dondozo
|move|p1a: Dondozo|Curse|p1a: Dondozo|[from] move: Sleep Talk
|-unboost|p1a: Dondozo|spe|1
|-boost|p1a: Dondozo|atk|1
|-boost|p1a: Dondozo|def|1
|
|upkeep
|turn|30
|
|t:|1760724665
|switch|p1a: Clodsire|Clodsire, F|100/100
|move|p2a: Ampharos|Focus Blast|p1a: Clodsire|[miss]
|-miss|p2a: Ampharos|p1a: Clodsire
|
|upkeep
|turn|31
|
|t:|1760724693
|switch|p2a: Araquanid|Araquanid, F|43/100
|move|p1a: Clodsire|Earthquake|p2a: Araquanid
|-resisted|p2a: Araquanid
|-damage|p2a: Araquanid|28/100
|
|upkeep
|turn|32
|
|t:|1760724703
|switch|p1a: Dondozo|Dondozo, M|95/100 slp
|move|p2a: Araquanid|Liquidation|p1a: Dondozo
|-resisted|p1a: Dondozo
|-damage|p1a: Dondozo|81/100 slp
|
|upkeep
|turn|33
|
|t:|1760724712
|move|p2a: Araquanid|Liquidation|p1a: Dondozo
|-resisted|p1a: Dondozo
|-damage|p1a: Dondozo|66/100 slp
|-curestatus|p1a: Dondozo|slp|[msg]
|move|p1a: Dondozo|Waterfall|p2a: Araquanid
|-resisted|p2a: Araquanid
|-crit|p2a: Araquanid
|-damage|p2a: Araquanid|8/100
|
|upkeep
|turn|34
|
|t:|1760724725
|move|p2a: Araquanid|Liquidation|p1a: Dondozo
|-resisted|p1a: Dondozo
|-damage|p1a: Dondozo|51/100
|move|p1a: Dondozo|Waterfall|p2a: Araquanid
|-resisted|p2a: Araquanid
|-damage|p2a: Araquanid|0 fnt
|faint|p2a: Araquanid
|
|upkeep
|
|t:|1760724732
|switch|p2a: Maushold|Maushold|100/100
|turn|35
|
|t:|1760724736
|switch|p1a: Corviknight|Corviknight, F|100/100
|-ability|p1a: Corviknight|Pressure
|move|p2a: Maushold|Population Bomb|p1a: Corviknight
|-resisted|p1a: Corviknight
|-damage|p1a: Corviknight|96/100
|-damage|p2a: Maushold|84/100|[from] item: Rocky Helmet|[of] p1a: Corviknight
|-resisted|p1a: Corviknight
|-damage|p1a: Corviknight|92/100
|-damage|p2a: Maushold|67/100|[from] item: Rocky Helmet|[of] p1a: Corviknight
|-resisted|p1a: Corviknight
|-damage|p1a: Corviknight|88/100
|-damage|p2a: Maushold|51/100|[from] item: Rocky Helmet|[of] p1a: Corviknight
|-resisted|p1a: Corviknight
|-damage|p1a: Corviknight|83/100
|-damage|p2a: Maushold|34/100|[from] item: Rocky Helmet|[of] p1a: Corviknight
|-resisted|p1a: Corviknight
|-damage|p1a: Corviknight|79/100
|-damage|p2a: Maushold|17/100|[from] item: Rocky Helmet|[of] p1a: Corviknight
|-resisted|p1a: Corviknight
|-damage|p1a: Corviknight|75/100
|-damage|p2a: Maushold|1/100|[from] item: Rocky Helmet|[of] p1a: Corviknight
|-resisted|p1a: Corviknight
|-damage|p1a: Corviknight|71/100
|-damage|p2a: Maushold|0 fnt|[from] item: Rocky Helmet|[of] p1a: Corviknight
|faint|p2a: Maushold
|-hitcount|p1a: Corviknight|7
|
|upkeep
|
|t:|1760724740
|switch|p2a: Ampharos|Ampharos, M|73/100
|turn|36
|
|t:|1760724764
|switch|p1a: Clodsire|Clodsire, F|100/100
|switch|p2a: Great Tusk|Great Tusk|100/100
|
|upkeep
|turn|37
|
|t:|1760724774
|switch|p1a: Corviknight|Corviknight, F|71/100
|-ability|p1a: Corviknight|Pressure
|move|p2a: Great Tusk|Headlong Rush|p1a: Corviknight
|-immune|p1a: Corviknight
|
|upkeep
|turn|38
|
|t:|1760724786
|-end|p2a: Great Tusk|Protosynthesis|[silent]
|switch|p2a: Ampharos|Ampharos, M|73/100
|move|p1a: Corviknight|Body Press|p2a: Ampharos
|-damage|p2a: Ampharos|45/100
|
|upkeep
|turn|39
|
|t:|1760724796
|-terastallize|p1a: Corviknight|Dragon
|move|p1a: Corviknight|Body Press|p2a: Ampharos
|-damage|p2a: Ampharos|17/100
|move|p2a: Ampharos|Charge Beam|p1a: Corviknight
|-resisted|p1a: Corviknight
|-damage|p1a: Corviknight|56/100
|-boost|p2a: Ampharos|spa|1
|
|upkeep
|turn|40
|
|t:|1760724805
|move|p1a: Corviknight|Body Press|p2a: Ampharos
|-damage|p2a: Ampharos|0 fnt
|faint|p2a: Ampharos
|
|upkeep
|-message|Fusionhype1 forfeited.
|
|win|7yy7y7y7
|raw|7yy7y7y7's rating: 1270 &rarr; <strong>1294</strong><br />(+24 for winning)
|raw|Fusionhype1's rating: 1261 &rarr; <strong>1237</strong><br />(-24 for losing)
|l|☆Fusionhype1
|player|p2|
|l|☆7yy7y7y7
|player|p1|
