|j|☆PANZERVPANTHER
|j|☆NebulaTrainer
|t:|1760800414
|gametype|singles
|player|p1|PANZERVPANTHER|flannery|1464
|player|p2|NebulaTrainer|cynthia-gen4|1475
|gen|9
|tier|[Gen 9] OU
|rated|
|rule|HP Percentage Mod: HP is shown in percentages
|rule|Endless Battle Clause: Forcing endless battles is banned
|rule|Species Clause: Limit one of each Pokémon
|rule|OHKO Clause: OHKO moves are banned
|rule|Evasion Items Clause: Evasion items are banned
|rule|Evasion Moves Clause: Evasion moves are banned
|rule|Evasion Abilities Clause: Evasion abilities are banned
|rule|Sleep Moves Clause: Sleep-inducing moves are banned
|clearpoke
|poke|p1|Scizor, F|
|poke|p1|Gholdengo|
|poke|p1|Samurott-Hisui, F|
|poke|p1|Great Tusk|
|poke|p1|Iron Moth|
|poke|p1|Dragonite, M|
|poke|p2|Hippowdon, M|
|poke|p2|Excadrill, M|
|poke|p2|Hydrapple, F|
|poke|p2|Tornadus-Therian, M|
|poke|p2|Heatran, M|
|poke|p2|Keldeo-Resolute|
|teampreview
|inactive|Battle timer is ON: inactive players will automatically lose when time's up. (requested by PANZERVPANTHER)
|
|t:|1760800443
|teamsize|p1|6
|teamsize|p2|6
|start
|switch|p1a: Samurott|Samurott-Hisui, F|100/100
|switch|p2a: Hydrapple|Hydrapple, F|100/100
|turn|1
|
|t:|1760800451
|move|p1a: Samurott|Flip Turn|p2a: Hydrapple
|-resisted|p2a: Hydrapple
|-damage|p2a: Hydrapple|95/100
|
|t:|1760800453
|switch|p1a: Scizor|Scizor, F|100/100|[from] Flip Turn
|move|p2a: Hydrapple|Giga Drain|p1a: Scizor
|-resisted|p1a: Scizor
|-damage|p1a: Scizor|89/100
|-heal|p2a: Hydrapple|99/100|[from] drain|[of] p1a: Scizor
|
|upkeep
|turn|2
|
|t:|1760800462
|switch|p2a: Hippowdon|Hippowdon, M, shiny|100/100
|-weather|Sandstorm|[from] ability: Sand Stream|[of] p2a: Hippowdon
|move|p1a: Scizor|Knock Off|p2a: Hippowdon
|-damage|p2a: Hippowdon|82/100
|-enditem|p2a: Hippowdon|Smooth Rock|[from] move: Knock Off|[of] p1a: Scizor
|
|-weather|Sandstorm|[upkeep]
|upkeep
|turn|3
|
|t:|1760800471
|move|p1a: Scizor|U-turn|p2a: Hippowdon
|-crit|p2a: Hippowdon
|-damage|p2a: Hippowdon|53/100
|
|t:|1760800473
|switch|p1a: Samurott|Samurott-Hisui, F|100/100|[from] U-turn
|move|p2a: Hippowdon|Stealth Rock|p1a: Samurott
|-sidestart|p1: PANZERVPANTHER|move: Stealth Rock
|
|-weather|Sandstorm|[upkeep]
|-damage|p1a: Samurott|94/100|[from] Sandstorm
|upkeep
|turn|4
|
|t:|1760800486
|switch|p2a: Hydrapple|Hydrapple, F|100/100
|move|p1a: Samurott|Ceaseless Edge|p2a: Hydrapple
|-damage|p2a: Hydrapple|69/100
|-sidestart|p2: NebulaTrainer|Spikes
|
|-weather|Sandstorm|[upkeep]
|-damage|p1a: Samurott|88/100|[from] Sandstorm
|-damage|p2a: Hydrapple|63/100|[from] Sandstorm
|upkeep
|turn|5
|
|t:|1760800501
|switch|p1a: Gholdengo|Gholdengo|100/100
|-damage|p1a: Gholdengo|94/100|[from] Stealth Rock
|-item|p1a: Gholdengo|Air Balloon
|move|p2a: Hydrapple|Earth Power|p1a: Gholdengo
|-immune|p1a: Gholdengo
|
|-weather|Sandstorm|[upkeep]
|-damage|p2a: Hydrapple|57/100|[from] Sandstorm
|upkeep
|turn|6
|
|t:|1760800521
|switch|p2a: Heatran|Heatran, M, shiny|100/100
|-damage|p2a: Heatran|88/100|[from] Spikes
|move|p1a: Gholdengo|Shadow Ball|p2a: Heatran
|-damage|p2a: Heatran|67/100
|
|-weather|Sandstorm|[upkeep]
|-heal|p2a: Heatran|73/100|[from] item: Leftovers
|upkeep
|turn|7
|
|t:|1760800531
|switch|p1a: Samurott|Samurott-Hisui, F|88/100
|-damage|p1a: Samurott|76/100|[from] Stealth Rock
|move|p2a: Heatran|Magma Storm|p1a: Samurott|[miss]
|-miss|p2a: Heatran|p1a: Samurott
|
|-weather|Sandstorm|[upkeep]
|-damage|p1a: Samurott|69/100|[from] Sandstorm
|-heal|p2a: Heatran|80/100|[from] item: Leftovers
|upkeep
|turn|8
|
|t:|1760800543
|switch|p2a: Hydrapple|Hydrapple, F|90/100
|move|p1a: Samurott|Ceaseless Edge|p2a: Hydrapple
|-damage|p2a: Hydrapple|58/100
|-sidestart|p2: NebulaTrainer|Spikes
|
|-weather|Sandstorm|[upkeep]
|-damage|p1a: Samurott|63/100|[from] Sandstorm
|-damage|p2a: Hydrapple|52/100|[from] Sandstorm
|upkeep
|turn|9
|
|t:|1760800553
|move|p1a: Samurott|Ceaseless Edge|p2a: Hydrapple
|-crit|p2a: Hydrapple
|-damage|p2a: Hydrapple|5/100
|-sidestart|p2: NebulaTrainer|Spikes
|move|p2a: Hydrapple|Fickle Beam|p1a: Samurott
|-damage|p1a: Samurott|0 fnt
|faint|p1a: Samurott
|
|-weather|none
|upkeep
|
|t:|1760800556
|switch|p1a: Scizor|Scizor, F|89/100
|-damage|p1a: Scizor|76/100|[from] Stealth Rock
|turn|10
|
|t:|1760800565
|switch|p2a: Tornadus|Tornadus-Therian, M, shiny|100/100
|move|p1a: Scizor|U-turn|p2a: Tornadus
|-resisted|p2a: Tornadus
|-damage|p2a: Tornadus|78/100
|
|t:|1760800570
|switch|p1a: Gholdengo|Gholdengo|94/100|[from] U-turn
|-damage|p1a: Gholdengo|88/100|[from] Stealth Rock
|-item|p1a: Gholdengo|Air Balloon
|
|upkeep
|turn|11
|
|t:|1760800577
|move|p2a: Tornadus|U-turn|p1a: Gholdengo
|-resisted|p1a: Gholdengo
|-damage|p1a: Gholdengo|85/100
|-enditem|p1a: Gholdengo|Air Balloon
|
|t:|1760800595
|switch|p2a: Heatran|Heatran, M, shiny|80/100|[from] U-turn
|-damage|p2a: Heatran|55/100|[from] Spikes
|move|p1a: Gholdengo|Shadow Ball|p2a: Heatran
|-damage|p2a: Heatran|31/100
|
|-heal|p2a: Heatran|38/100|[from] item: Leftovers
|upkeep
|turn|12
|
|t:|1760800615
|move|p1a: Gholdengo|Focus Blast|p2a: Heatran
|-supereffective|p2a: Heatran
|-damage|p2a: Heatran|0 fnt
|faint|p2a: Heatran
|
|upkeep
|
|t:|1760800624
|switch|p2a: Keldeo|Keldeo-Resolute|100/100
|-damage|p2a: Keldeo|76/100|[from] Spikes
|turn|13
|
|t:|1760800636
|move|p2a: Keldeo|Hydro Pump|p1a: Gholdengo
|-damage|p1a: Gholdengo|6/100
|move|p1a: Gholdengo|Shadow Ball|p2a: Keldeo
|-damage|p2a: Keldeo|36/100
|
|upkeep
|turn|14
|
|t:|1760800643
|move|p2a: Keldeo|Hydro Pump|p1a: Gholdengo
|-damage|p1a: Gholdengo|0 fnt
|faint|p1a: Gholdengo
|
|upkeep
|
|t:|1760800646
|switch|p1a: Dragonite|Dragonite, M|100/100
|turn|15
|
|t:|1760800651
|switch|p2a: Hippowdon|Hippowdon, M, shiny|53/100
|-damage|p2a: Hippowdon|28/100|[from] Spikes
|-weather|Sandstorm|[from] ability: Sand Stream|[of] p2a: Hippowdon
|move|p1a: Dragonite|Dragon Dance|p1a: Dragonite
|-boost|p1a: Dragonite|atk|1
|-boost|p1a: Dragonite|spe|1
|
|-weather|Sandstorm|[upkeep]
|-damage|p1a: Dragonite|94/100|[from] Sandstorm
|upkeep
|turn|16
|
|t:|1760800662
|move|p1a: Dragonite|Dragon Dance|p1a: Dragonite
|-boost|p1a: Dragonite|atk|1
|-boost|p1a: Dragonite|spe|1
|move|p2a: Hippowdon|Whirlwind|p1a: Dragonite
|drag|p1a: Great Tusk|Great Tusk|100/100
|
|-weather|Sandstorm|[upkeep]
|upkeep
|turn|17
|
|t:|1760800672
|move|p1a: Great Tusk|Stealth Rock|p2a: Hippowdon
|-sidestart|p2: NebulaTrainer|move: Stealth Rock
|move|p2a: Hippowdon|Slack Off|p2a: Hippowdon
|-heal|p2a: Hippowdon|78/100
|
|-weather|Sandstorm|[upkeep]
|upkeep
|turn|18
|
|t:|1760800678
|move|p1a: Great Tusk|Ice Spinner|p2a: Hippowdon
|-supereffective|p2a: Hippowdon
|-damage|p2a: Hippowdon|50/100
|move|p2a: Hippowdon|Earthquake|p1a: Great Tusk
|-damage|p1a: Great Tusk|74/100
|
|-weather|Sandstorm|[upkeep]
|upkeep
|turn|19
|
|t:|1760800686
|move|p1a: Great Tusk|Ice Spinner|p2a: Hippowdon
|-supereffective|p2a: Hippowdon
|-damage|p2a: Hippowdon|18/100
|move|p2a: Hippowdon|Slack Off|p2a: Hippowdon
|-heal|p2a: Hippowdon|68/100
|
|-weather|none
|upkeep
|turn|20
|
|t:|1760800697
|move|p1a: Great Tusk|Rapid Spin|p2a: Hippowdon
|-damage|p2a: Hippowdon|59/100
|-boost|p1a: Great Tusk|spe|1
|-sideend|p1: PANZERVPANTHER|Stealth Rock|[from] move: Rapid Spin|[of] p1a: Great Tusk
|move|p2a: Hippowdon|Slack Off|p2a: Hippowdon
|-heal|p2a: Hippowdon|100/100
|
|upkeep
|turn|21
|
|t:|1760800705
|move|p1a: Great Tusk|Stealth Rock||[still]
|-fail|p1a: Great Tusk
|move|p2a: Hippowdon|Slack Off||[still]
|-fail|p2a: Hippowdon|heal
|
|upkeep
|turn|22
|
|t:|1760800711
|move|p1a: Great Tusk|Ice Spinner|p2a: Hippowdon
|-supereffective|p2a: Hippowdon
|-damage|p2a: Hippowdon|69/100
|move|p2a: Hippowdon|Stealth Rock|p1a: Great Tusk
|-sidestart|p1: PANZERVPANTHER|move: Stealth Rock
|
|upkeep
|turn|23
|
|t:|1760800717
|move|p1a: Great Tusk|Rapid Spin|p2a: Hippowdon
|-damage|p2a: Hippowdon|60/100
|-boost|p1a: Great Tusk|spe|1
|-sideend|p1: PANZERVPANTHER|Stealth Rock|[from] move: Rapid Spin|[of] p1a: Great Tusk
|move|p2a: Hippowdon|Earthquake|p1a: Great Tusk
|-damage|p1a: Great Tusk|45/100
|
|upkeep
|turn|24
|
|t:|1760800725
|move|p1a: Great Tusk|Ice Spinner|p2a: Hippowdon
|-supereffective|p2a: Hippowdon
|-damage|p2a: Hippowdon|31/100
|move|p2a: Hippowdon|Stealth Rock|p1a: Great Tusk
|-sidestart|p1: PANZERVPANTHER|move: Stealth Rock
|
|upkeep
|turn|25
|
|t:|1760800732
|move|p1a: Great Tusk|Rapid Spin|p2a: Hippowdon
|-damage|p2a: Hippowdon|22/100
|-boost|p1a: Great Tusk|spe|1
|-sideend|p1: PANZERVPANTHER|Stealth Rock|[from] move: Rapid Spin|[of] p1a: Great Tusk
|move|p2a: Hippowdon|Slack Off|p2a: Hippowdon
|-heal|p2a: Hippowdon|72/100
|
|upkeep
|turn|26
|
|t:|1760800741
|move|p1a: Great Tusk|Ice Spinner|p2a: Hippowdon
|-supereffective|p2a: Hippowdon
|-crit|p2a: Hippowdon
|-damage|p2a: Hippowdon|26/100
|move|p2a: Hippowdon|Stealth Rock|p1a: Great Tusk
|-sidestart|p1: PANZERVPANTHER|move: Stealth Rock
|
|upkeep
|turn|27
|
|t:|1760800748
|move|p1a: Great Tusk|Ice Spinner|p2a: Hippowdon
|-supereffective|p2a: Hippowdon
|-damage|p2a: Hippowdon|0 fnt
|faint|p2a: Hippowdon
|
|upkeep
|
|t:|1760800756
|switch|p2a: Tornadus|Tornadus-Therian, M, shiny|100/100
|-damage|p2a: Tornadus|76/100|[from] Stealth Rock
|turn|28
|
|t:|1760800760
|move|p1a: Great Tusk|Ice Spinner|p2a: Tornadus
|-supereffective|p2a: Tornadus
|-damage|p2a: Tornadus|8/100
|move|p2a: Tornadus|Hurricane|p1a: Great Tusk|[miss]
|-miss|p2a: Tornadus|p1a: Great Tusk
|
|upkeep
|turn|29
|
|t:|1760800771
|move|p1a: Great Tusk|Ice Spinner|p2a: Tornadus
|-supereffective|p2a: Tornadus
|-damage|p2a: Tornadus|0 fnt
|faint|p2a: Tornadus
|
|upkeep
|
|t:|1760800780
|switch|p2a: Hydrapple|Hydrapple, F|38/100
|turn|30
|
|t:|1760800785
|-terastallize|p2a: Hydrapple|Fairy
|move|p1a: Great Tusk|Headlong Rush|p2a: Hydrapple
|-damage|p2a: Hydrapple|0 fnt
|-unboost|p1a: Great Tusk|def|1
|-unboost|p1a: Great Tusk|spd|1
|faint|p2a: Hydrapple
|
|upkeep
|-message|NebulaTrainer forfeited.
|
|win|PANZERVPANTHER
|raw|PANZERVPANTHER's rating: 1464 &rarr; <strong>1485</strong><br />(+21 for winning)
|raw|NebulaTrainer's rating: 1475 &rarr; <strong>1454</strong><br />(-21 for losing)
|l|☆NebulaTrainer
|player|p2|
|l|☆PANZERVPANTHER
|player|p1|
