|j|☆byuself
|j|☆Rabzzz
|t:|1760733758
|gametype|singles
|player|p1|byuself|2|1708
|player|p2|Rabzzz|#mwpvimurkrows|1749
|gen|9
|tier|[Gen 9] OU
|rated|
|rule|HP Percentage Mod: HP is shown in percentages
|rule|Endless Battle Clause: Forcing endless battles is banned
|rule|Species Clause: Limit one of each Pokémon
|rule|OHKO Clause: OHKO moves are banned
|rule|Evasion Items Clause: Evasion items are banned
|rule|Evasion Moves Clause: Evasion moves are banned
|rule|Evasion Abilities Clause: Evasion abilities are banned
|rule|Sleep Moves Clause: Sleep-inducing moves are banned
|clearpoke
|poke|p1|Walking Wake|
|poke|p1|Cresselia, F|
|poke|p1|Ninetales, F|
|poke|p1|Lilligant-Hisui, F|
|poke|p1|Raging Bolt|
|poke|p1|Great Tusk|
|poke|p2|Iron Boulder|
|poke|p2|Ting-Lu|
|poke|p2|Great Tusk|
|poke|p2|Enamorus, F|
|poke|p2|Gholdengo|
|poke|p2|Rotom-Wash|
|teampreview
|
|t:|1760733787
|teamsize|p1|6
|teamsize|p2|6
|start
|switch|p1a: Ninetales|Ninetales, F|100/100
|switch|p2a: Enamorus|Enamorus, F|100/100
|-weather|SunnyDay|[from] ability: Drought|[of] p1a: Ninetales
|turn|1
|inactive|Battle timer is ON: inactive players will automatically lose when time's up. (requested by byuself)
|
|t:|1760733793
|switch|p1a: Cresselia|Cresselia, F|100/100
|move|p2a: Enamorus|Earth Power|p1a: Cresselia
|-immune|p1a: Cresselia|[from] ability: Levitate
|
|-weather|SunnyDay|[upkeep]
|upkeep
|turn|2
|
|t:|1760733803
|switch|p2a: Gholdengo|Gholdengo|100/100
|move|p1a: Cresselia|Thunder Wave|p2a: Gholdengo
|-immune|p2a: Gholdengo|[from] ability: Good as Gold
|
|-weather|SunnyDay|[upkeep]
|upkeep
|turn|3
|
|t:|1760733813
|switch|p1a: Great Tusk|Great Tusk|100/100
|-activate|p1a: Great Tusk|ability: Protosynthesis
|-start|p1a: Great Tusk|protosynthesisspe
|switch|p2a: Enamorus|Enamorus, F|100/100
|
|-weather|SunnyDay|[upkeep]
|upkeep
|turn|4
|
|t:|1760733818
|-end|p1a: Great Tusk|Protosynthesis|[silent]
|switch|p1a: Cresselia|Cresselia, F|100/100
|move|p2a: Enamorus|Moonblast|p1a: Cresselia
|-damage|p1a: Cresselia|57/100
|
|-weather|SunnyDay|[upkeep]
|-heal|p1a: Cresselia|63/100|[from] item: Leftovers
|upkeep
|turn|5
|
|t:|1760733825
|move|p2a: Enamorus|Moonblast|p1a: Cresselia
|-damage|p1a: Cresselia|20/100
|move|p1a: Cresselia|Moonlight|p1a: Cresselia
|-heal|p1a: Cresselia|87/100
|
|-weather|SunnyDay|[upkeep]
|-heal|p1a: Cresselia|93/100|[from] item: Leftovers
|upkeep
|turn|6
|
|t:|1760733830
|switch|p2a: Gholdengo|Gholdengo|100/100
|switch|p1a: Walking Wake|Walking Wake|100/100
|-activate|p1a: Walking Wake|ability: Protosynthesis
|-start|p1a: Walking Wake|protosynthesisspa
|
|-weather|SunnyDay|[upkeep]
|upkeep
|turn|7
|
|t:|1760733836
|move|p1a: Walking Wake|Hydro Steam|p2a: Gholdengo
|-damage|p2a: Gholdengo|0 fnt
|faint|p2a: Gholdengo
|-damage|p1a: Walking Wake|91/100|[from] item: Life Orb
|
|-weather|SunnyDay|[upkeep]
|upkeep
|j| jajaashelby
|inactive|Rabzzz has 120 seconds left.
|
|t:|1760733879
|switch|p2a: Rotom|Rotom-Wash|100/100
|turn|8
|
|t:|1760733883
|switch|p2a: Ting-Lu|Ting-Lu|100/100
|-ability|p2a: Ting-Lu|Vessel of Ruin
|move|p1a: Walking Wake|Draco Meteor|p2a: Ting-Lu
|-damage|p2a: Ting-Lu|51/100
|-unboost|p1a: Walking Wake|spa|2
|-damage|p1a: Walking Wake|81/100|[from] item: Life Orb
|
|-weather|none
|-end|p1a: Walking Wake|Protosynthesis
|-heal|p2a: Ting-Lu|57/100|[from] item: Leftovers
|upkeep
|turn|9
|inactive|Rabzzz has 120 seconds left.
|
|t:|1760733900
|move|p1a: Walking Wake|Hydro Steam|p2a: Ting-Lu
|-supereffective|p2a: Ting-Lu
|-damage|p2a: Ting-Lu|34/100
|-damage|p1a: Walking Wake|71/100|[from] item: Life Orb
|move|p2a: Ting-Lu|Spikes|p1a: Walking Wake
|-sidestart|p1: byuself|Spikes
|
|-heal|p2a: Ting-Lu|40/100|[from] item: Leftovers
|upkeep
|turn|10
|inactive|Rabzzz has 120 seconds left.
|
|t:|1760733915
|move|p1a: Walking Wake|Hydro Steam|p2a: Ting-Lu
|-supereffective|p2a: Ting-Lu
|-damage|p2a: Ting-Lu|15/100
|-damage|p1a: Walking Wake|62/100|[from] item: Life Orb
|move|p2a: Ting-Lu|Earthquake|p1a: Walking Wake
|-damage|p1a: Walking Wake|24/100
|
|-heal|p2a: Ting-Lu|22/100|[from] item: Leftovers
|upkeep
|turn|11
|inactive|Rabzzz has 120 seconds left.
|
|t:|1760733923
|switch|p2a: Rotom|Rotom-Wash|100/100
|move|p1a: Walking Wake|Hydro Steam|p2a: Rotom
|-resisted|p2a: Rotom
|-damage|p2a: Rotom|85/100
|-damage|p1a: Walking Wake|14/100|[from] item: Life Orb
|
|upkeep
|turn|12
|
|t:|1760733928
|-end|p1a: Walking Wake|Protosynthesis|[silent]
|switch|p1a: Ninetales|Ninetales, F|100/100
|-damage|p1a: Ninetales|88/100|[from] Spikes
|-weather|SunnyDay|[from] ability: Drought|[of] p1a: Ninetales
|switch|p2a: Ting-Lu|Ting-Lu|22/100
|-ability|p2a: Ting-Lu|Vessel of Ruin
|
|-weather|SunnyDay|[upkeep]
|-heal|p2a: Ting-Lu|28/100|[from] item: Leftovers
|upkeep
|turn|13
|
|t:|1760733938
|switch|p1a: Great Tusk|Great Tusk|100/100
|-damage|p1a: Great Tusk|88/100|[from] Spikes
|-activate|p1a: Great Tusk|ability: Protosynthesis
|-start|p1a: Great Tusk|protosynthesisspe
|move|p2a: Ting-Lu|Spikes|p1a: Great Tusk
|-sidestart|p1: byuself|Spikes
|
|-weather|SunnyDay|[upkeep]
|-heal|p2a: Ting-Lu|34/100|[from] item: Leftovers
|upkeep
|turn|14
|
|t:|1760733943
|switch|p2a: Rotom|Rotom-Wash|85/100
|move|p1a: Great Tusk|Rapid Spin|p2a: Rotom
|-damage|p2a: Rotom|74/100
|-boost|p1a: Great Tusk|spe|1
|-damage|p1a: Great Tusk|71/100|[from] item: Rocky Helmet|[of] p2a: Rotom
|-sideend|p1: byuself|Spikes|[from] move: Rapid Spin|[of] p1a: Great Tusk
|
|-weather|SunnyDay|[upkeep]
|upkeep
|turn|15
|
|t:|1760733947
|move|p1a: Great Tusk|Stealth Rock|p2a: Rotom
|-sidestart|p2: Rabzzz|move: Stealth Rock
|move|p2a: Rotom|Will-O-Wisp|p1a: Great Tusk
|-status|p1a: Great Tusk|brn
|
|-weather|SunnyDay|[upkeep]
|-damage|p1a: Great Tusk|65/100 brn|[from] brn
|upkeep
|turn|16
|
|t:|1760733953
|-end|p1a: Great Tusk|Protosynthesis|[silent]
|switch|p1a: Raging Bolt|Raging Bolt|100/100
|-activate|p1a: Raging Bolt|ability: Protosynthesis
|-start|p1a: Raging Bolt|protosynthesisspa
|move|p2a: Rotom|Volt Switch|p1a: Raging Bolt
|-resisted|p1a: Raging Bolt
|-damage|p1a: Raging Bolt|95/100
|
|t:|1760733958
|switch|p2a: Great Tusk|Great Tusk|100/100|[from] Volt Switch
|-activate|p2a: Great Tusk|ability: Protosynthesis
|-start|p2a: Great Tusk|protosynthesisatk
|
|-weather|SunnyDay|[upkeep]
|upkeep
|turn|17
|
|t:|1760733969
|-end|p1a: Raging Bolt|Protosynthesis|[silent]
|switch|p1a: Lilligant|Lilligant-Hisui, F|100/100
|move|p2a: Great Tusk|Headlong Rush|p1a: Lilligant
|-resisted|p1a: Lilligant
|-damage|p1a: Lilligant|35/100
|-unboost|p2a: Great Tusk|def|1
|-unboost|p2a: Great Tusk|spd|1
|
|-weather|SunnyDay|[upkeep]
|upkeep
|turn|18
|
|t:|1760733988
|-terastallize|p2a: Great Tusk|Steel
|move|p1a: Lilligant|Solar Blade||[still]
|-prepare|p1a: Lilligant|Solar Blade
|-anim|p1a: Lilligant|Solar Blade|p2a: Great Tusk
|-resisted|p2a: Great Tusk
|-damage|p2a: Great Tusk|59/100
|-damage|p1a: Lilligant|25/100|[from] item: Life Orb
|move|p2a: Great Tusk|Rapid Spin|p1a: Lilligant
|-damage|p1a: Lilligant|0 fnt
|-boost|p2a: Great Tusk|spe|1
|-sideend|p2: Rabzzz|Stealth Rock|[from] move: Rapid Spin|[of] p2a: Great Tusk
|faint|p1a: Lilligant
|
|-weather|SunnyDay|[upkeep]
|upkeep
|
|t:|1760734000
|switch|p1a: Great Tusk|Great Tusk|65/100 brn
|-activate|p1a: Great Tusk|ability: Protosynthesis
|-start|p1a: Great Tusk|protosynthesisspe
|turn|19
|
|t:|1760734024
|-end|p2a: Great Tusk|Protosynthesis|[silent]
|switch|p2a: Enamorus|Enamorus, F|100/100
|move|p1a: Great Tusk|Headlong Rush|p2a: Enamorus
|-immune|p2a: Enamorus
|
|-weather|none
|-end|p1a: Great Tusk|Protosynthesis
|-damage|p1a: Great Tusk|59/100 brn|[from] brn
|upkeep
|turn|20
|
|t:|1760734032
|-end|p1a: Great Tusk|Protosynthesis|[silent]
|switch|p1a: Cresselia|Cresselia, F|93/100
|move|p2a: Enamorus|Earth Power|p1a: Cresselia
|-immune|p1a: Cresselia|[from] ability: Levitate
|
|-heal|p1a: Cresselia|99/100|[from] item: Leftovers
|upkeep
|turn|21
|
|t:|1760734039
|switch|p2a: Great Tusk|Great Tusk, tera:Steel|59/100
|move|p1a: Cresselia|Ice Beam|p2a: Great Tusk
|-resisted|p2a: Great Tusk
|-damage|p2a: Great Tusk|46/100
|-status|p2a: Great Tusk|frz
|
|-heal|p1a: Cresselia|100/100|[from] item: Leftovers
|upkeep
|turn|22
|
|t:|1760734049
|-end|p2a: Great Tusk|Protosynthesis|[silent]
|switch|p2a: Ting-Lu|Ting-Lu|34/100
|-ability|p2a: Ting-Lu|Vessel of Ruin
|switch|p1a: Ninetales|Ninetales, F|88/100
|-weather|SunnyDay|[from] ability: Drought|[of] p1a: Ninetales
|
|-weather|SunnyDay|[upkeep]
|-heal|p2a: Ting-Lu|40/100|[from] item: Leftovers
|upkeep
|turn|23
|inactive|byuself has 120 seconds left.
|
|t:|1760734082
|switch|p1a: Raging Bolt|Raging Bolt|95/100
|-activate|p1a: Raging Bolt|ability: Protosynthesis
|-start|p1a: Raging Bolt|protosynthesisspa
|move|p2a: Ting-Lu|Spikes|p1a: Raging Bolt
|-sidestart|p1: byuself|Spikes
|
|-weather|SunnyDay|[upkeep]
|-heal|p2a: Ting-Lu|46/100|[from] item: Leftovers
|upkeep
|turn|24
|
|t:|1760734087
|switch|p2a: Great Tusk|Great Tusk, tera:Steel|46/100 frz
|-activate|p2a: Great Tusk|ability: Protosynthesis
|-start|p2a: Great Tusk|protosynthesisatk
|move|p1a: Raging Bolt|Weather Ball|p2a: Great Tusk
|-supereffective|p2a: Great Tusk
|-damage|p2a: Great Tusk|0 fnt
|faint|p2a: Great Tusk
|-end|p2a: Great Tusk|Protosynthesis|[silent]
|
|-weather|SunnyDay|[upkeep]
|upkeep
|
|t:|1760734105
|switch|p2a: Iron Boulder|Iron Boulder|100/100
|-enditem|p2a: Iron Boulder|Booster Energy
|-activate|p2a: Iron Boulder|ability: Quark Drive|[fromitem]
|-start|p2a: Iron Boulder|quarkdrivespe
|turn|25
|
|t:|1760734111
|-end|p1a: Raging Bolt|Protosynthesis|[silent]
|switch|p1a: Cresselia|Cresselia, F|100/100
|move|p2a: Iron Boulder|Swords Dance|p2a: Iron Boulder
|-boost|p2a: Iron Boulder|atk|2
|
|-weather|SunnyDay|[upkeep]
|upkeep
|turn|26
|
|t:|1760734116
|-terastallize|p1a: Cresselia|Steel
|move|p2a: Iron Boulder|Substitute|p2a: Iron Boulder
|-start|p2a: Iron Boulder|Substitute
|-damage|p2a: Iron Boulder|76/100
|move|p1a: Cresselia|Thunder Wave||[still]
|-fail|p1a: Cresselia
|
|-weather|SunnyDay|[upkeep]
|upkeep
|turn|27
|
|t:|1760734123
|move|p2a: Iron Boulder|Swords Dance|p2a: Iron Boulder
|-boost|p2a: Iron Boulder|atk|2
|move|p1a: Cresselia|Ice Beam|p2a: Iron Boulder
|-activate|p2a: Iron Boulder|move: Substitute|[damage]
|
|-weather|SunnyDay|[upkeep]
|upkeep
|turn|28
|
|t:|1760734129
|move|p2a: Iron Boulder|Swords Dance|p2a: Iron Boulder
|-boost|p2a: Iron Boulder|atk|2
|move|p1a: Cresselia|Ice Beam|p2a: Iron Boulder
|-end|p2a: Iron Boulder|Substitute
|
|-weather|SunnyDay|[upkeep]
|upkeep
|turn|29
|
|t:|1760734138
|move|p2a: Iron Boulder|Substitute|p2a: Iron Boulder
|-start|p2a: Iron Boulder|Substitute
|-damage|p2a: Iron Boulder|51/100
|move|p1a: Cresselia|Ice Beam|p2a: Iron Boulder
|-activate|p2a: Iron Boulder|move: Substitute|[damage]
|
|-weather|none
|upkeep
|turn|30
|
|t:|1760734143
|move|p2a: Iron Boulder|Mighty Cleave|p1a: Cresselia
|-resisted|p1a: Cresselia
|-damage|p1a: Cresselia|48/100
|move|p1a: Cresselia|Ice Beam|p2a: Iron Boulder
|-end|p2a: Iron Boulder|Substitute
|
|-heal|p1a: Cresselia|54/100|[from] item: Leftovers
|upkeep
|turn|31
|
|t:|1760734152
|move|p2a: Iron Boulder|Substitute|p2a: Iron Boulder
|-start|p2a: Iron Boulder|Substitute
|-damage|p2a: Iron Boulder|26/100
|move|p1a: Cresselia|Moonlight|p1a: Cresselia
|-heal|p1a: Cresselia|100/100
|
|upkeep
|turn|32
|
|t:|1760734155
|move|p2a: Iron Boulder|Mighty Cleave|p1a: Cresselia
|-resisted|p1a: Cresselia
|-damage|p1a: Cresselia|45/100
|move|p1a: Cresselia|Ice Beam|p2a: Iron Boulder
|-activate|p2a: Iron Boulder|move: Substitute|[damage]
|
|-heal|p1a: Cresselia|51/100|[from] item: Leftovers
|upkeep
|turn|33
|
|t:|1760734161
|move|p2a: Iron Boulder|Mighty Cleave|p1a: Cresselia
|-resisted|p1a: Cresselia
|-damage|p1a: Cresselia|0 fnt
|faint|p1a: Cresselia
|
|upkeep
|c|☆Rabzzz|gg
|-message|byuself forfeited.
|
|win|Rabzzz
|raw|byuself's rating: 1708 &rarr; <strong>1690</strong><br />(-18 for losing)
|raw|Rabzzz's rating: 1749 &rarr; <strong>1767</strong><br />(+18 for winning)
|l|☆byuself
|player|p1|
|l| jajaashelby
|l|☆Rabzzz
|player|p2|
