|j|☆the last victorg7
|j|☆a turd
|t:|1760891076
|gametype|singles
|player|p1|the last victorg7|hilbert|1394
|player|p2|a turd|veteran-gen4|1462
|gen|9
|tier|[Gen 9] OU
|rated|
|rule|HP Percentage Mod: HP is shown in percentages
|rule|Endless Battle Clause: Forcing endless battles is banned
|rule|Species Clause: Limit one of each Pokémon
|rule|OHKO Clause: OHKO moves are banned
|rule|Evasion Items Clause: Evasion items are banned
|rule|Evasion Moves Clause: Evasion moves are banned
|rule|Evasion Abilities Clause: Evasion abilities are banned
|rule|Sleep Moves Clause: Sleep-inducing moves are banned
|clearpoke
|poke|p1|Dragonite, F|
|poke|p1|Great Tusk|
|poke|p1|Glimmora, M|
|poke|p1|Greninja-*, M|
|poke|p1|Tornadus-Therian, M|
|poke|p1|Gholdengo|
|poke|p2|Diancie|
|poke|p2|Kyurem|
|poke|p2|Necrozma|
|poke|p2|Hatterene, F|
|poke|p2|Iron Hands|
|poke|p2|Landorus-Therian, M|
|teampreview
|
|t:|1760891087
|teamsize|p1|6
|teamsize|p2|6
|start
|switch|p1a: Glimmora|Glimmora, M|100/100
|switch|p2a: Necrozma|Necrozma|100/100
|turn|1
|
|t:|1760891091
|move|p1a: Glimmora|Sludge Wave|p2a: Necrozma
|-damage|p2a: Necrozma|58/100
|move|p2a: Necrozma|Trick Room|p2a: Necrozma
|-fieldstart|move: Trick Room|[of] p2a: Necrozma
|
|upkeep
|turn|2
|
|t:|1760891094
|move|p2a: Necrozma|Meteor Beam||[still]
|-prepare|p2a: Necrozma|Meteor Beam
|-boost|p2a: Necrozma|spa|1
|-enditem|p2a: Necrozma|Power Herb
|-anim|p2a: Necrozma|Meteor Beam|p1a: Glimmora
|-enditem|p1a: Glimmora|Focus Sash
|-damage|p1a: Glimmora|1/100
|move|p1a: Glimmora|Stealth Rock|p2a: Necrozma
|-sidestart|p2: a turd|move: Stealth Rock
|
|upkeep
|turn|3
|
|t:|1760891107
|move|p2a: Necrozma|Photon Geyser|p1a: Glimmora
|-supereffective|p1a: Glimmora
|-damage|p1a: Glimmora|0 fnt
|faint|p1a: Glimmora
|
|upkeep
|
|t:|1760891110
|switch|p1a: Gholdengo|Gholdengo|100/100
|turn|4
|
|t:|1760891113
|move|p2a: Necrozma|Heat Wave|p1a: Gholdengo
|-supereffective|p1a: Gholdengo
|-damage|p1a: Gholdengo|0 fnt
|faint|p1a: Gholdengo
|
|upkeep
|
|t:|1760891125
|switch|p1a: Great Tusk|Great Tusk|100/100
|turn|5
|
|t:|1760891127
|-end|p1a: Great Tusk|Protosynthesis|[silent]
|switch|p1a: Greninja|Greninja, M|100/100
|move|p2a: Necrozma|Photon Geyser|p1a: Greninja
|-immune|p1a: Greninja
|
|-fieldend|move: Trick Room
|upkeep
|turn|6
|
|t:|1760891131
|move|p1a: Greninja|Dark Pulse|p2a: Necrozma
|-supereffective|p2a: Necrozma
|-damage|p2a: Necrozma|7/100
|move|p2a: Necrozma|Trick Room|p2a: Necrozma
|-fieldstart|move: Trick Room|[of] p2a: Necrozma
|
|upkeep
|turn|7
|
|t:|1760891139
|move|p2a: Necrozma|Heat Wave|p1a: Greninja
|-resisted|p1a: Greninja
|-damage|p1a: Greninja|56/100
|move|p1a: Greninja|Dark Pulse|p2a: Necrozma
|-supereffective|p2a: Necrozma
|-damage|p2a: Necrozma|0 fnt
|faint|p2a: Necrozma
|-ability|p1a: Greninja|Battle Bond|boost
|-boost|p1a: Greninja|atk|1
|-boost|p1a: Greninja|spa|1
|-boost|p1a: Greninja|spe|1
|-activate|p1a: Greninja|ability: Battle Bond
|
|upkeep
|
|t:|1760891150
|switch|p2a: Diancie|Diancie|100/100
|-damage|p2a: Diancie|88/100|[from] Stealth Rock
|turn|8
|
|t:|1760891182
|-terastallize|p1a: Greninja|Poison
|move|p2a: Diancie|Meteor Beam||[still]
|-prepare|p2a: Diancie|Meteor Beam
|-boost|p2a: Diancie|spa|1
|-enditem|p2a: Diancie|Power Herb
|-anim|p2a: Diancie|Meteor Beam|p1a: Greninja
|-crit|p1a: Greninja
|-damage|p1a: Greninja|0 fnt
|faint|p1a: Greninja
|
|upkeep
|
|t:|1760891191
|switch|p1a: Tornadus|Tornadus-Therian, M|100/100
|turn|9
|
|t:|1760891195
|switch|p1a: Great Tusk|Great Tusk|100/100
|move|p2a: Diancie|Moonblast|p1a: Great Tusk
|-supereffective|p1a: Great Tusk
|-damage|p1a: Great Tusk|0 fnt
|faint|p1a: Great Tusk
|-end|p1a: Great Tusk|Protosynthesis|[silent]
|
|upkeep
|
|t:|1760891198
|switch|p1a: Tornadus|Tornadus-Therian, M|100/100
|turn|10
|
|t:|1760891203
|move|p2a: Diancie|Moonblast|p1a: Tornadus
|-damage|p1a: Tornadus|16/100
|move|p1a: Tornadus|Hurricane|p2a: Diancie
|-resisted|p2a: Diancie
|-crit|p2a: Diancie
|-damage|p2a: Diancie|59/100
|
|-fieldend|move: Trick Room
|upkeep
|turn|11
|
|t:|1760891207
|move|p1a: Tornadus|Hurricane|p2a: Diancie|[miss]
|-miss|p1a: Tornadus|p2a: Diancie
|move|p2a: Diancie|Trick Room|p2a: Diancie
|-fieldstart|move: Trick Room|[of] p2a: Diancie
|
|upkeep
|turn|12
|
|t:|1760891210
|move|p2a: Diancie|Moonblast|p1a: Tornadus
|-damage|p1a: Tornadus|0 fnt
|faint|p1a: Tornadus
|
|upkeep
|
|t:|1760891212
|switch|p1a: Dragonite|Dragonite, F|100/100
|turn|13
|
|t:|1760891215
|move|p2a: Diancie|Moonblast|p1a: Dragonite
|-supereffective|p1a: Dragonite
|-damage|p1a: Dragonite|33/100
|move|p1a: Dragonite|Earthquake|p2a: Diancie
|-supereffective|p2a: Diancie
|-damage|p2a: Diancie|0 fnt
|faint|p2a: Diancie
|
|upkeep
|
|t:|1760891218
|switch|p2a: Iron Hands|Iron Hands|100/100
|-damage|p2a: Iron Hands|94/100|[from] Stealth Rock
|-enditem|p2a: Iron Hands|Booster Energy
|-activate|p2a: Iron Hands|ability: Quark Drive|[fromitem]
|-start|p2a: Iron Hands|quarkdriveatk
|turn|14
|
|t:|1760891222
|move|p2a: Iron Hands|Ice Punch|p1a: Dragonite
|-supereffective|p1a: Dragonite
|-damage|p1a: Dragonite|0 fnt
|faint|p1a: Dragonite
|
|win|a turd
|raw|the last victorg7's rating: 1394 &rarr; <strong>1378</strong><br />(-16 for losing)
|raw|a turd's rating: 1462 &rarr; <strong>1478</strong><br />(+16 for winning)
|l|☆the last victorg7
|player|p1|
