|j|☆ProboZap
|j|☆mankindes
|t:|1760764625
|gametype|singles
|player|p1|ProboZap|thorton|1224
|player|p2|mankindes|steven|1193
|gen|9
|tier|[Gen 9] OU
|rated|
|rule|HP Percentage Mod: HP is shown in percentages
|rule|Endless Battle Clause: Forcing endless battles is banned
|rule|Species Clause: Limit one of each Pokémon
|rule|OHKO Clause: OHKO moves are banned
|rule|Evasion Items Clause: Evasion items are banned
|rule|Evasion Moves Clause: Evasion moves are banned
|rule|Evasion Abilities Clause: Evasion abilities are banned
|rule|Sleep Moves Clause: Sleep-inducing moves are banned
|clearpoke
|poke|p1|Scovillain, M|
|poke|p1|Walking Wake|
|poke|p1|Empoleon, F|
|poke|p1|Torkoal, F|
|poke|p1|Hydreigon, F|
|poke|p1|Qwilfish-Hisui, M|
|poke|p2|Dragonite, F|
|poke|p2|Dondozo, F|
|poke|p2|Iron Moth|
|poke|p2|Kingambit, M|
|poke|p2|Gliscor, M|
|poke|p2|Raging Bolt|
|teampreview
|
|t:|1760764630
|teamsize|p1|6
|teamsize|p2|6
|start
|switch|p1a: Empoleon|Empoleon, F|100/100
|switch|p2a: Gliscor|Gliscor, M|100/100
|turn|1
|
|t:|1760764639
|move|p2a: Gliscor|Stealth Rock|p1a: Empoleon
|-sidestart|p1: ProboZap|move: Stealth Rock
|move|p1a: Empoleon|Stealth Rock|p2a: Gliscor
|-sidestart|p2: mankindes|move: Stealth Rock
|
|-status|p2a: Gliscor|tox|[from] item: Toxic Orb
|upkeep
|turn|2
|
|t:|1760764645
|move|p2a: Gliscor|Earthquake|p1a: Empoleon
|-supereffective|p1a: Empoleon
|-damage|p1a: Empoleon|38/100
|move|p1a: Empoleon|Ice Beam|p2a: Gliscor
|-supereffective|p2a: Gliscor
|-damage|p2a: Gliscor|11/100 tox
|
|-heal|p2a: Gliscor|24/100 tox|[from] ability: Poison Heal
|upkeep
|turn|3
|
|t:|1760764658
|move|p2a: Gliscor|Earthquake|p1a: Empoleon
|-supereffective|p1a: Empoleon
|-damage|p1a: Empoleon|0 fnt
|faint|p1a: Empoleon
|
|-heal|p2a: Gliscor|36/100 tox|[from] ability: Poison Heal
|upkeep
|
|t:|1760764669
|switch|p1a: Hydreigon|Hydreigon, F|100/100
|-damage|p1a: Hydreigon|88/100|[from] Stealth Rock
|turn|4
|
|t:|1760764676
|move|p2a: Gliscor|Protect|p2a: Gliscor
|-singleturn|p2a: Gliscor|Protect
|move|p1a: Hydreigon|Dark Pulse|p2a: Gliscor
|-activate|p2a: Gliscor|move: Protect
|
|-heal|p2a: Gliscor|49/100 tox|[from] ability: Poison Heal
|upkeep
|turn|5
|
|t:|1760764696
|switch|p2a: Kingambit|Kingambit, M|100/100
|-damage|p2a: Kingambit|94/100|[from] Stealth Rock
|move|p1a: Hydreigon|Dark Pulse|p2a: Kingambit
|-resisted|p2a: Kingambit
|-damage|p2a: Kingambit|76/100
|
|upkeep
|turn|6
|
|t:|1760764706
|switch|p1a: Qwilfish|Qwilfish-Hisui, M|100/100
|-damage|p1a: Qwilfish|88/100|[from] Stealth Rock
|-ability|p1a: Qwilfish|Intimidate|boost
|-unboost|p2a: Kingambit|atk|1
|move|p2a: Kingambit|Low Kick|p1a: Qwilfish
|-damage|p1a: Qwilfish|84/100
|-damage|p2a: Kingambit|66/100|[from] item: Life Orb
|
|upkeep
|turn|7
|
|t:|1760764720
|-end|p2a: Kingambit|fallenundefined|[silent]
|switch|p2a: Gliscor|Gliscor, M|49/100 tox
|-damage|p2a: Gliscor|36/100 tox|[from] Stealth Rock
|move|p1a: Qwilfish|Taunt|p2a: Gliscor
|-start|p2a: Gliscor|move: Taunt
|
|-heal|p2a: Gliscor|49/100 tox|[from] ability: Poison Heal
|upkeep
|turn|8
|
|t:|1760764733
|switch|p1a: Torkoal|Torkoal, F|100/100
|-damage|p1a: Torkoal|75/100|[from] Stealth Rock
|-weather|SunnyDay|[from] ability: Drought|[of] p1a: Torkoal
|move|p2a: Gliscor|Earthquake|p1a: Torkoal
|-supereffective|p1a: Torkoal
|-damage|p1a: Torkoal|31/100
|
|-weather|SunnyDay|[upkeep]
|-heal|p2a: Gliscor|61/100 tox|[from] ability: Poison Heal
|upkeep
|turn|9
|
|t:|1760764750
|switch|p1a: Walking Wake|Walking Wake|100/100
|-damage|p1a: Walking Wake|88/100|[from] Stealth Rock
|-activate|p1a: Walking Wake|ability: Protosynthesis
|-start|p1a: Walking Wake|protosynthesisspa
|move|p2a: Gliscor|Earthquake|p1a: Walking Wake
|-damage|p1a: Walking Wake|49/100
|
|-weather|SunnyDay|[upkeep]
|-heal|p2a: Gliscor|73/100 tox|[from] ability: Poison Heal
|-end|p2a: Gliscor|move: Taunt
|upkeep
|turn|10
|
|t:|1760764762
|-terastallize|p1a: Walking Wake|Water
|move|p2a: Gliscor|Protect|p2a: Gliscor
|-singleturn|p2a: Gliscor|Protect
|move|p1a: Walking Wake|Hydro Steam|p2a: Gliscor
|-activate|p2a: Gliscor|move: Protect
|
|-weather|SunnyDay|[upkeep]
|-heal|p2a: Gliscor|86/100 tox|[from] ability: Poison Heal
|upkeep
|turn|11
|
|t:|1760764775
|switch|p2a: Dondozo|Dondozo, F|100/100
|-damage|p2a: Dondozo|88/100|[from] Stealth Rock
|move|p1a: Walking Wake|Hydro Steam|p2a: Dondozo
|-resisted|p2a: Dondozo
|-damage|p2a: Dondozo|8/100
|
|-weather|SunnyDay|[upkeep]
|-heal|p2a: Dondozo|14/100|[from] item: Leftovers
|upkeep
|turn|12
|
|t:|1760764785
|move|p2a: Dondozo|Protect|p2a: Dondozo
|-singleturn|p2a: Dondozo|Protect
|move|p1a: Walking Wake|Hydro Steam|p2a: Dondozo
|-activate|p2a: Dondozo|move: Protect
|
|-weather|SunnyDay|[upkeep]
|-heal|p2a: Dondozo|21/100|[from] item: Leftovers
|upkeep
|turn|13
|
|t:|1760764802
|-end|p1a: Walking Wake|Protosynthesis|[silent]
|switch|p1a: Hydreigon|Hydreigon, F|88/100
|-damage|p1a: Hydreigon|76/100|[from] Stealth Rock
|move|p2a: Dondozo|Earthquake|p1a: Hydreigon
|-immune|p1a: Hydreigon|[from] ability: Levitate
|
|-weather|SunnyDay|[upkeep]
|-heal|p2a: Dondozo|27/100|[from] item: Leftovers
|upkeep
|turn|14
|
|t:|1760764811
|move|p2a: Dondozo|Protect|p2a: Dondozo
|-singleturn|p2a: Dondozo|Protect
|move|p1a: Hydreigon|Earth Power|p2a: Dondozo
|-activate|p2a: Dondozo|move: Protect
|
|-weather|SunnyDay|[upkeep]
|-heal|p2a: Dondozo|33/100|[from] item: Leftovers
|upkeep
|turn|15
|
|t:|1760764819
|switch|p2a: Gliscor|Gliscor, M|86/100 tox
|-damage|p2a: Gliscor|73/100 tox|[from] Stealth Rock
|move|p1a: Hydreigon|Earth Power|p2a: Gliscor
|-immune|p2a: Gliscor
|
|-weather|none
|-heal|p2a: Gliscor|86/100 tox|[from] ability: Poison Heal
|upkeep
|turn|16
|
|t:|1760764829
|switch|p1a: Qwilfish|Qwilfish-Hisui, M|84/100
|-damage|p1a: Qwilfish|72/100|[from] Stealth Rock
|-ability|p1a: Qwilfish|Intimidate|boost
|-unboost|p2a: Gliscor|atk|1
|move|p2a: Gliscor|Toxic|p1a: Qwilfish
|-immune|p1a: Qwilfish
|
|-heal|p2a: Gliscor|98/100 tox|[from] ability: Poison Heal
|upkeep
|turn|17
|
|t:|1760764839
|move|p2a: Gliscor|Earthquake|p1a: Qwilfish
|-supereffective|p1a: Qwilfish
|-damage|p1a: Qwilfish|48/100
|move|p1a: Qwilfish|Toxic Spikes|p2a: Gliscor
|-sidestart|p2: mankindes|move: Toxic Spikes
|
|-heal|p2a: Gliscor|100/100 tox|[from] ability: Poison Heal
|upkeep
|turn|18
|
|t:|1760764846
|move|p2a: Gliscor|Earthquake|p1a: Qwilfish
|-supereffective|p1a: Qwilfish
|-damage|p1a: Qwilfish|22/100
|move|p1a: Qwilfish|Pain Split|p2a: Gliscor
|-sethp|p2a: Gliscor|61/100 tox|[from] move: Pain Split|[silent]
|-sethp|p1a: Qwilfish|64/100|[from] move: Pain Split
|
|-heal|p2a: Gliscor|73/100 tox|[from] ability: Poison Heal
|upkeep
|turn|19
|
|t:|1760764855
|move|p2a: Gliscor|Earthquake|p1a: Qwilfish
|-supereffective|p1a: Qwilfish
|-damage|p1a: Qwilfish|39/100
|move|p1a: Qwilfish|Taunt|p2a: Gliscor
|-start|p2a: Gliscor|move: Taunt
|
|-heal|p2a: Gliscor|86/100 tox|[from] ability: Poison Heal
|upkeep
|turn|20
|
|t:|1760764862
|move|p2a: Gliscor|Earthquake|p1a: Qwilfish
|-supereffective|p1a: Qwilfish
|-damage|p1a: Qwilfish|15/100
|move|p1a: Qwilfish|Pain Split|p2a: Gliscor
|-sethp|p2a: Gliscor|50/100 tox|[from] move: Pain Split|[silent]
|-sethp|p1a: Qwilfish|53/100|[from] move: Pain Split
|
|-heal|p2a: Gliscor|62/100 tox|[from] ability: Poison Heal
|upkeep
|turn|21
|
|t:|1760764870
|move|p1a: Qwilfish|Aqua Jet|p2a: Gliscor
|-supereffective|p2a: Gliscor
|-damage|p2a: Gliscor|49/100 tox
|move|p2a: Gliscor|Earthquake|p1a: Qwilfish
|-supereffective|p1a: Qwilfish
|-damage|p1a: Qwilfish|28/100
|
|-heal|p2a: Gliscor|62/100 tox|[from] ability: Poison Heal
|upkeep
|turn|22
|
|t:|1760764878
|move|p2a: Gliscor|Earthquake|p1a: Qwilfish
|-supereffective|p1a: Qwilfish
|-damage|p1a: Qwilfish|3/100
|move|p1a: Qwilfish|Pain Split|p2a: Gliscor
|-sethp|p2a: Gliscor|32/100 tox|[from] move: Pain Split|[silent]
|-sethp|p1a: Qwilfish|34/100|[from] move: Pain Split
|
|-heal|p2a: Gliscor|45/100 tox|[from] ability: Poison Heal
|-end|p2a: Gliscor|move: Taunt
|upkeep
|turn|23
|
|t:|1760764887
|switch|p1a: Hydreigon|Hydreigon, F|76/100
|-damage|p1a: Hydreigon|64/100|[from] Stealth Rock
|move|p2a: Gliscor|Earthquake|p1a: Hydreigon
|-immune|p1a: Hydreigon|[from] ability: Levitate
|
|-heal|p2a: Gliscor|57/100 tox|[from] ability: Poison Heal
|upkeep
|turn|24
|
|t:|1760764898
|move|p2a: Gliscor|Protect|p2a: Gliscor
|-singleturn|p2a: Gliscor|Protect
|move|p1a: Hydreigon|U-turn|p2a: Gliscor
|-activate|p2a: Gliscor|move: Protect
|
|-heal|p2a: Gliscor|69/100 tox|[from] ability: Poison Heal
|upkeep
|turn|25
|
|t:|1760764906
|move|p1a: Hydreigon|U-turn|p2a: Gliscor
|-resisted|p2a: Gliscor
|-damage|p2a: Gliscor|64/100 tox
|
|t:|1760764908
|switch|p1a: Torkoal|Torkoal, F|31/100|[from] U-turn
|-damage|p1a: Torkoal|6/100|[from] Stealth Rock
|-weather|SunnyDay|[from] ability: Drought|[of] p1a: Torkoal
|move|p2a: Gliscor|Toxic|p1a: Torkoal
|-status|p1a: Torkoal|tox
|
|-weather|SunnyDay|[upkeep]
|-heal|p2a: Gliscor|77/100 tox|[from] ability: Poison Heal
|-damage|p1a: Torkoal|0 fnt|[from] psn
|faint|p1a: Torkoal
|upkeep
|
|t:|1760764921
|switch|p1a: Walking Wake|Walking Wake, tera:Water|49/100
|-damage|p1a: Walking Wake|37/100|[from] Stealth Rock
|-activate|p1a: Walking Wake|ability: Protosynthesis
|-start|p1a: Walking Wake|protosynthesisspa
|turn|26
|
|t:|1760764930
|move|p2a: Gliscor|Protect|p2a: Gliscor
|-singleturn|p2a: Gliscor|Protect
|move|p1a: Walking Wake|Hydro Steam|p2a: Gliscor
|-activate|p2a: Gliscor|move: Protect
|
|-weather|SunnyDay|[upkeep]
|-heal|p2a: Gliscor|89/100 tox|[from] ability: Poison Heal
|upkeep
|turn|27
|
|t:|1760764942
|switch|p2a: Dondozo|Dondozo, F|33/100
|-damage|p2a: Dondozo|20/100|[from] Stealth Rock
|-status|p2a: Dondozo|psn
|move|p1a: Walking Wake|Hydro Steam|p2a: Dondozo
|-resisted|p2a: Dondozo
|-damage|p2a: Dondozo|0 fnt
|faint|p2a: Dondozo
|
|-weather|SunnyDay|[upkeep]
|upkeep
|
|t:|1760764953
|switch|p2a: Iron Moth|Iron Moth|100/100
|-sideend|p2: mankindes|move: Toxic Spikes|[of] p2a: Iron Moth
|turn|28
|
|t:|1760764971
|-terastallize|p2a: Iron Moth|Grass
|move|p2a: Iron Moth|Overheat|p1a: Walking Wake
|-resisted|p1a: Walking Wake
|-damage|p1a: Walking Wake|0 fnt
|-unboost|p2a: Iron Moth|spa|2
|faint|p1a: Walking Wake
|-end|p1a: Walking Wake|Protosynthesis|[silent]
|
|-weather|SunnyDay|[upkeep]
|upkeep
|
|t:|1760764976
|switch|p1a: Scovillain|Scovillain, M|100/100
|-damage|p1a: Scovillain|76/100|[from] Stealth Rock
|turn|29
|
|t:|1760764984
|-end|p2a: Iron Moth|Quark Drive|[silent]
|switch|p2a: Gliscor|Gliscor, M|89/100 tox
|-damage|p2a: Gliscor|77/100 tox|[from] Stealth Rock
|move|p1a: Scovillain|Overheat|p2a: Gliscor
|-damage|p2a: Gliscor|0 fnt
|-unboost|p1a: Scovillain|spa|2
|faint|p2a: Gliscor
|-damage|p1a: Scovillain|66/100|[from] item: Life Orb
|
|-weather|SunnyDay|[upkeep]
|upkeep
|
|t:|1760764996
|switch|p2a: Raging Bolt|Raging Bolt|100/100
|-damage|p2a: Raging Bolt|88/100|[from] Stealth Rock
|-activate|p2a: Raging Bolt|ability: Protosynthesis
|-start|p2a: Raging Bolt|protosynthesisspa
|turn|30
|
|t:|1760765004
|move|p1a: Scovillain|Stomping Tantrum|p2a: Raging Bolt
|-supereffective|p2a: Raging Bolt
|-damage|p2a: Raging Bolt|49/100
|-damage|p1a: Scovillain|56/100|[from] item: Life Orb
|move|p2a: Raging Bolt|Draco Meteor|p1a: Scovillain
|-damage|p1a: Scovillain|0 fnt
|-unboost|p2a: Raging Bolt|spa|2
|faint|p1a: Scovillain
|
|-weather|SunnyDay|[upkeep]
|upkeep
|
|t:|1760765015
|switch|p1a: Hydreigon|Hydreigon, F|64/100
|-damage|p1a: Hydreigon|51/100|[from] Stealth Rock
|turn|31
|
|t:|1760765024
|move|p1a: Hydreigon|Earth Power|p2a: Raging Bolt
|-supereffective|p2a: Raging Bolt
|-damage|p2a: Raging Bolt|14/100
|move|p2a: Raging Bolt|Volt Switch|p1a: Hydreigon
|-resisted|p1a: Hydreigon
|-crit|p1a: Hydreigon
|-damage|p1a: Hydreigon|6/100
|-message|ProboZap forfeited.
|
|win|mankindes
|raw|ProboZap's rating: 1224 &rarr; <strong>1197</strong><br />(-27 for losing)
|raw|mankindes's rating: 1193 &rarr; <strong>1220</strong><br />(+27 for winning)
|l|☆ProboZap
|player|p1|
|l|☆mankindes
|player|p2|
