|j|☆sadmetameta
|j|☆bungx67
|t:|1760761124
|gametype|singles
|player|p1|sadmetameta|cilan|1326
|player|p2|bungx67|170|1404
|gen|9
|tier|[Gen 9] OU
|rated|
|rule|HP Percentage Mod: HP is shown in percentages
|rule|Endless Battle Clause: Forcing endless battles is banned
|rule|Species Clause: Limit one of each Pokémon
|rule|OHKO Clause: OHKO moves are banned
|rule|Evasion Items Clause: Evasion items are banned
|rule|Evasion Moves Clause: Evasion moves are banned
|rule|Evasion Abilities Clause: Evasion abilities are banned
|rule|Sleep Moves Clause: Sleep-inducing moves are banned
|clearpoke
|poke|p1|Weavile, M|
|poke|p1|Sinistcha|
|poke|p1|Gliscor, M|
|poke|p1|Primarina, M|
|poke|p1|Hydrapple, F|
|poke|p1|Iron Crown|
|poke|p2|Landorus-Therian, M|
|poke|p2|Samurott-Hisui, M|
|poke|p2|Dragapult, F|
|poke|p2|Scizor, M|
|poke|p2|Great Tusk|
|poke|p2|Slowking-Galar, M|
|teampreview
|
|t:|1760761140
|teamsize|p1|6
|teamsize|p2|6
|start
|switch|p1a: Sinistcha|Sinistcha|100/100
|switch|p2a: Landorus|Landorus-Therian, M|100/100
|-ability|p2a: Landorus|Intimidate|boost
|-unboost|p1a: Sinistcha|atk|1
|turn|1
|
|t:|1760761146
|move|p2a: Landorus|Stealth Rock|p1a: Sinistcha
|-sidestart|p1: sadmetameta|move: Stealth Rock
|move|p1a: Sinistcha|Calm Mind|p1a: Sinistcha
|-boost|p1a: Sinistcha|spa|1
|-boost|p1a: Sinistcha|spd|1
|
|upkeep
|turn|2
|
|t:|1760761150
|move|p2a: Landorus|Taunt|p1a: Sinistcha
|-start|p1a: Sinistcha|move: Taunt
|move|p1a: Sinistcha|Matcha Gotcha|p2a: Landorus
|-damage|p2a: Landorus|45/100
|
|upkeep
|turn|3
|
|t:|1760761157
|move|p2a: Landorus|U-turn|p1a: Sinistcha
|-damage|p1a: Sinistcha|87/100
|
|t:|1760761160
|switch|p2a: Slowking|Slowking-Galar, M|100/100|[from] U-turn
|move|p1a: Sinistcha|Matcha Gotcha|p2a: Slowking
|-resisted|p2a: Slowking
|-damage|p2a: Slowking|88/100
|-heal|p1a: Sinistcha|94/100|[from] drain|[of] p2a: Slowking
|-status|p2a: Slowking|brn
|
|-damage|p2a: Slowking|82/100 brn|[from] brn
|upkeep
|turn|4
|
|t:|1760761179
|move|p1a: Sinistcha|Shadow Ball|p2a: Slowking
|-supereffective|p2a: Slowking
|-damage|p2a: Slowking|37/100 brn
|-unboost|p2a: Slowking|spd|1
|move|p2a: Slowking|Ice Beam|p1a: Sinistcha
|-supereffective|p1a: Sinistcha
|-damage|p1a: Sinistcha|52/100
|
|-damage|p2a: Slowking|31/100 brn|[from] brn
|-end|p1a: Sinistcha|move: Taunt
|upkeep
|turn|5
|
|t:|1760761195
|switch|p2a: Samurott|Samurott-Hisui, M|100/100
|move|p1a: Sinistcha|Shadow Ball|p2a: Samurott
|-resisted|p2a: Samurott
|-damage|p2a: Samurott|63/100
|
|upkeep
|turn|6
|
|t:|1760761204
|-terastallize|p1a: Sinistcha|Poison
|move|p2a: Samurott|Ceaseless Edge|p1a: Sinistcha
|-damage|p1a: Sinistcha|24/100
|-sidestart|p1: sadmetameta|Spikes
|move|p1a: Sinistcha|Matcha Gotcha|p2a: Samurott
|-supereffective|p2a: Samurott
|-damage|p2a: Samurott|0 fnt
|-heal|p1a: Sinistcha|53/100|[from] drain|[of] p2a: Samurott
|faint|p2a: Samurott
|
|upkeep
|
|t:|1760761220
|switch|p2a: Great Tusk|Great Tusk|100/100
|turn|7
|
|t:|1760761222
|move|p2a: Great Tusk|Headlong Rush|p1a: Sinistcha
|-supereffective|p1a: Sinistcha
|-damage|p1a: Sinistcha|0 fnt
|-unboost|p2a: Great Tusk|def|1
|-unboost|p2a: Great Tusk|spd|1
|faint|p1a: Sinistcha
|
|upkeep
|
|t:|1760761229
|switch|p1a: Primarina|Primarina, M|100/100
|turn|8
|
|t:|1760761250
|move|p2a: Great Tusk|Headlong Rush|p1a: Primarina
|-damage|p1a: Primarina|46/100
|-unboost|p2a: Great Tusk|def|1
|-unboost|p2a: Great Tusk|spd|1
|move|p1a: Primarina|Surf|p2a: Great Tusk
|-supereffective|p2a: Great Tusk
|-damage|p2a: Great Tusk|0 fnt
|faint|p2a: Great Tusk
|-end|p2a: Great Tusk|Protosynthesis|[silent]
|
|upkeep
|
|t:|1760761262
|switch|p2a: Scizor|Scizor, M|100/100
|turn|9
|
|t:|1760761269
|move|p2a: Scizor|Bullet Punch|p1a: Primarina
|-damage|p1a: Primarina|4/100
|move|p1a: Primarina|Surf|p2a: Scizor
|-damage|p2a: Scizor|16/100
|
|upkeep
|turn|10
|
|t:|1760761271
|move|p2a: Scizor|Bullet Punch|p1a: Primarina
|-damage|p1a: Primarina|0 fnt
|faint|p1a: Primarina
|
|upkeep
|
|t:|1760761276
|switch|p1a: Iron Crown|Iron Crown|100/100
|-damage|p1a: Iron Crown|94/100|[from] Stealth Rock
|-damage|p1a: Iron Crown|82/100|[from] Spikes
|turn|11
|
|t:|1760761285
|switch|p2a: Landorus|Landorus-Therian, M|45/100
|-ability|p2a: Landorus|Intimidate|boost
|-unboost|p1a: Iron Crown|atk|1
|move|p1a: Iron Crown|Tachyon Cutter|p2a: Landorus
|-damage|p2a: Landorus|19/100
|-damage|p2a: Landorus|0 fnt
|faint|p2a: Landorus
|-hitcount|p2: Landorus|2
|
|upkeep
|
|t:|1760761293
|switch|p2a: Dragapult|Dragapult, F|100/100
|turn|12
|
|t:|1760761305
|move|p2a: Dragapult|Flamethrower|p1a: Iron Crown
|-supereffective|p1a: Iron Crown
|-damage|p1a: Iron Crown|31/100
|-status|p1a: Iron Crown|brn
|move|p1a: Iron Crown|Future Sight|p2a: Dragapult
|-start|p1a: Iron Crown|move: Future Sight
|
|-damage|p1a: Iron Crown|24/100 brn|[from] brn
|upkeep
|turn|13
|
|t:|1760761310
|move|p2a: Dragapult|Flamethrower|p1a: Iron Crown
|-supereffective|p1a: Iron Crown
|-damage|p1a: Iron Crown|0 fnt
|faint|p1a: Iron Crown
|-end|p1a: Iron Crown|Quark Drive|[silent]
|
|upkeep
|
|t:|1760761316
|switch|p1a: Hydrapple|Hydrapple, F|100/100
|-damage|p1a: Hydrapple|88/100|[from] Stealth Rock
|-damage|p1a: Hydrapple|76/100|[from] Spikes
|turn|14
|l|☆sadmetameta
|player|p1|
|
|t:|1760761358
|switch|p2a: Slowking|Slowking-Galar, M|64/100 brn
|move|p1a: Hydrapple|Fickle Beam|p2a: Slowking|[anim] Fickle Beam All Out
|-activate|p1a: Hydrapple|move: Fickle Beam
|-damage|p2a: Slowking|20/100 brn
|
|-end|p2a: Slowking|move: Future Sight
|-damage|p2a: Slowking|0 fnt
|faint|p2a: Slowking
|upkeep
|
|t:|1760761364
|switch|p2a: Scizor|Scizor, M|16/100
|turn|15
|j|☆sadmetameta
|player|p1|sadmetameta|cilan|
|
|t:|1760761396
|switch|p1a: Gliscor|Gliscor, M|100/100
|-damage|p1a: Gliscor|88/100|[from] Stealth Rock
|move|p2a: Scizor|U-turn|p1a: Gliscor
|-resisted|p1a: Gliscor
|-damage|p1a: Gliscor|67/100
|
|t:|1760761402
|switch|p2a: Dragapult|Dragapult, F|100/100|[from] U-turn
|
|-status|p1a: Gliscor|tox|[from] item: Toxic Orb
|upkeep
|turn|16
|
|t:|1760761406
|move|p1a: Gliscor|Protect|p1a: Gliscor
|-singleturn|p1a: Gliscor|Protect
|move|p2a: Dragapult|Draco Meteor|p1a: Gliscor
|-activate|p1a: Gliscor|move: Protect
|
|-heal|p1a: Gliscor|79/100 tox|[from] ability: Poison Heal
|upkeep
|turn|17
|
|t:|1760761414
|move|p2a: Dragapult|Draco Meteor|p1a: Gliscor
|-damage|p1a: Gliscor|3/100 tox
|-unboost|p2a: Dragapult|spa|2
|move|p1a: Gliscor|Toxic|p2a: Dragapult
|-status|p2a: Dragapult|tox
|
|-damage|p2a: Dragapult|95/100 tox|[from] psn
|-heal|p1a: Gliscor|15/100 tox|[from] ability: Poison Heal
|upkeep
|turn|18
|
|t:|1760761418
|move|p1a: Gliscor|Protect|p1a: Gliscor
|-singleturn|p1a: Gliscor|Protect
|move|p2a: Dragapult|Draco Meteor|p1a: Gliscor
|-activate|p1a: Gliscor|move: Protect
|
|-damage|p2a: Dragapult|83/100 tox|[from] psn
|-heal|p1a: Gliscor|28/100 tox|[from] ability: Poison Heal
|upkeep
|turn|19
|
|t:|1760761425
|move|p2a: Dragapult|Draco Meteor|p1a: Gliscor
|-damage|p1a: Gliscor|0 fnt
|-unboost|p2a: Dragapult|spa|2
|faint|p1a: Gliscor
|
|-damage|p2a: Dragapult|65/100 tox|[from] psn
|upkeep
|
|t:|1760761428
|switch|p1a: Weavile|Weavile, M|100/100
|-damage|p1a: Weavile|76/100|[from] Stealth Rock
|-damage|p1a: Weavile|63/100|[from] Spikes
|-ability|p1a: Weavile|Pressure
|turn|20
|inactive|Battle timer is ON: inactive players will automatically lose when time's up. (requested by sadmetameta)
|inactive|bungx67 has 120 seconds left.
|l|☆sadmetameta
|inactive|sadmetameta disconnected and has a minute to reconnect!
|player|p1|
|j|☆sadmetameta
|inactive|sadmetameta reconnected.
|player|p1|sadmetameta|cilan|
|inactive|bungx67 has 90 seconds left.
|
|t:|1760761545
|switch|p2a: Scizor|Scizor, M|16/100
|move|p1a: Weavile|Ice Shard|p2a: Scizor
|-resisted|p2a: Scizor
|-damage|p2a: Scizor|0 fnt
|faint|p2a: Scizor
|
|upkeep
|
|t:|1760761548
|switch|p2a: Dragapult|Dragapult, F|65/100 tox
|turn|21
|
|t:|1760761561
|-terastallize|p2a: Dragapult|Ghost
|move|p1a: Weavile|Ice Shard|p2a: Dragapult
|-damage|p2a: Dragapult|24/100 tox
|move|p2a: Dragapult|Draco Meteor|p1a: Weavile
|-damage|p1a: Weavile|0 fnt
|-unboost|p2a: Dragapult|spa|2
|faint|p1a: Weavile
|
|-damage|p2a: Dragapult|18/100 tox|[from] psn
|upkeep
|
|t:|1760761571
|switch|p1a: Hydrapple|Hydrapple, F|100/100
|-damage|p1a: Hydrapple|88/100|[from] Stealth Rock
|-damage|p1a: Hydrapple|76/100|[from] Spikes
|turn|22
|
|t:|1760761574
|move|p2a: Dragapult|Draco Meteor|p1a: Hydrapple
|-supereffective|p1a: Hydrapple
|-damage|p1a: Hydrapple|22/100
|-unboost|p2a: Dragapult|spa|2
|move|p1a: Hydrapple|Fickle Beam|p2a: Dragapult
|-damage|p2a: Dragapult|0 fnt
|faint|p2a: Dragapult
|
|win|sadmetameta
|raw|sadmetameta's rating: 1326 &rarr; <strong>1350</strong><br />(+24 for winning)
|raw|bungx67's rating: 1404 &rarr; <strong>1380</strong><br />(-24 for losing)
|l|☆sadmetameta
|player|p1|
|l|☆bungx67
|player|p2|
