|j|☆Nubaidpros7
|j|☆Bordercauley
|t:|1760886194
|gametype|singles
|player|p1|Nubaidpros7|2|1504
|player|p2|Bordercauley|169|1510
|gen|9
|tier|[Gen 9] OU
|rated|
|rule|HP Percentage Mod: HP is shown in percentages
|rule|Endless Battle Clause: Forcing endless battles is banned
|rule|Species Clause: Limit one of each Pokémon
|rule|OHKO Clause: OHKO moves are banned
|rule|Evasion Items Clause: Evasion items are banned
|rule|Evasion Moves Clause: Evasion moves are banned
|rule|Evasion Abilities Clause: Evasion abilities are banned
|rule|Sleep Moves Clause: Sleep-inducing moves are banned
|clearpoke
|poke|p1|Porygon-Z|
|poke|p1|Cinderace, F|
|poke|p1|Slowking-Galar, F|
|poke|p1|Ting-Lu|
|poke|p1|Kyurem|
|poke|p1|Zamazenta-*|
|poke|p2|Meowscarada, F|
|poke|p2|Pelipper, M|
|poke|p2|Floatzel, M|
|poke|p2|Quaquaval, M|
|poke|p2|Sinistcha|
|poke|p2|Kilowattrel, F|
|teampreview
|inactive|Battle timer is ON: inactive players will automatically lose when time's up. (requested by Bordercauley)
|
|t:|1760886229
|teamsize|p1|6
|teamsize|p2|6
|start
|switch|p1a: Kyurem|Kyurem|100/100
|switch|p2a: Cat|Meowscarada, F|100/100
|-ability|p1a: Kyurem|Pressure
|turn|1
|
|t:|1760886235
|move|p1a: Kyurem|Protect|p1a: Kyurem
|-singleturn|p1a: Kyurem|Protect
|move|p2a: Cat|Taunt|p1a: Kyurem
|-activate|p1a: Kyurem|move: Protect
|
|upkeep
|turn|2
|
|t:|1760886255
|move|p2a: Cat|Spikes|p1a: Kyurem
|-sidestart|p1: Nubaidpros7|Spikes
|move|p1a: Kyurem|Freeze-Dry|p2a: Cat
|-supereffective|p2a: Cat
|-enditem|p2a: Cat|Focus Sash
|-damage|p2a: Cat|1/100
|
|upkeep
|turn|3
|
|t:|1760886264
|move|p2a: Cat|Taunt|p1a: Kyurem
|-start|p1a: Kyurem|move: Taunt
|cant|p1a: Kyurem|move: Taunt|Substitute
|
|upkeep
|turn|4
|
|t:|1760886268
|move|p2a: Cat|Knock Off|p1a: Kyurem
|-damage|p1a: Kyurem|70/100
|-enditem|p1a: Kyurem|Leftovers|[from] move: Knock Off|[of] p2a: Cat
|move|p1a: Kyurem|Freeze-Dry|p2a: Cat
|-supereffective|p2a: Cat
|-damage|p2a: Cat|0 fnt
|faint|p2a: Cat
|
|upkeep
|
|t:|1760886287
|switch|p2a: Bird|Pelipper, M|100/100
|-weather|RainDance|[from] ability: Drizzle|[of] p2a: Bird
|turn|5
|
|t:|1760886289
|move|p1a: Kyurem|Freeze-Dry|p2a: Bird
|-supereffective|p2a: Bird
|-damage|p2a: Bird|0 fnt
|faint|p2a: Bird
|
|-weather|RainDance|[upkeep]
|-end|p1a: Kyurem|move: Taunt
|upkeep
|
|t:|1760886293
|switch|p2a: Weasel|Floatzel, M|100/100
|turn|6
|
|t:|1760886297
|move|p1a: Kyurem|Protect|p1a: Kyurem
|-singleturn|p1a: Kyurem|Protect
|move|p2a: Weasel|Wave Crash|p1a: Kyurem
|-activate|p1a: Kyurem|move: Protect
|
|-weather|RainDance|[upkeep]
|upkeep
|turn|7
|
|t:|1760886301
|move|p2a: Weasel|Wave Crash|p1a: Kyurem
|-resisted|p1a: Kyurem
|-damage|p1a: Kyurem|13/100
|-damage|p2a: Weasel|76/100|[from] Recoil
|move|p1a: Kyurem|Freeze-Dry|p2a: Weasel
|-supereffective|p2a: Weasel
|-damage|p2a: Weasel|0 fnt
|faint|p2a: Weasel
|
|-weather|RainDance|[upkeep]
|upkeep
|
|t:|1760886304
|switch|p2a: Duck|Quaquaval, M|100/100
|turn|8
|
|t:|1760886311
|-terastallize|p2a: Duck|Fairy
|move|p1a: Kyurem|Protect|p1a: Kyurem
|-singleturn|p1a: Kyurem|Protect
|move|p2a: Duck|Bulk Up|p2a: Duck
|-boost|p2a: Duck|atk|1
|-boost|p2a: Duck|def|1
|
|-weather|RainDance|[upkeep]
|upkeep
|turn|9
|
|t:|1760886326
|move|p2a: Duck|Aqua Step|p1a: Kyurem
|-resisted|p1a: Kyurem
|-damage|p1a: Kyurem|0 fnt
|-boost|p2a: Duck|spe|1
|faint|p1a: Kyurem
|-ability|p2a: Duck|Moxie|boost
|-boost|p2a: Duck|atk|1
|
|-weather|RainDance|[upkeep]
|upkeep
|inactive|Nubaidpros7 has 120 seconds left.
|
|t:|1760886352
|switch|p1a: Ting-Lu|Ting-Lu|100/100
|-damage|p1a: Ting-Lu|88/100|[from] Spikes
|-ability|p1a: Ting-Lu|Vessel of Ruin
|turn|10
|
|t:|1760886359
|-terastallize|p1a: Ting-Lu|Water
|move|p2a: Duck|Aqua Step|p1a: Ting-Lu
|-resisted|p1a: Ting-Lu
|-damage|p1a: Ting-Lu|56/100
|-boost|p2a: Duck|spe|1
|move|p1a: Ting-Lu|Whirlwind|p2a: Duck
|drag|p2a: Bird2|Kilowattrel, F|100/100
|
|-weather|RainDance|[upkeep]
|-heal|p1a: Ting-Lu|62/100|[from] item: Leftovers
|upkeep
|turn|11
|
|t:|1760886370
|switch|p1a: Slowking|Slowking-Galar, F|100/100
|move|p2a: Bird2|Thunder|p1a: Slowking
|-damage|p1a: Slowking|63/100
|-status|p1a: Slowking|par
|
|-weather|RainDance|[upkeep]
|upkeep
|turn|12
|
|t:|1760886378
|move|p2a: Bird2|Thunder|p1a: Slowking
|-damage|p1a: Slowking|21/100 par
|-prepare|p1a: Slowking|Chilly Reception|[premajor]
|move|p1a: Slowking|Chilly Reception|p1a: Slowking
|-weather|Snowscape
|inactive|Nubaidpros7 has 120 seconds left.
|inactive|Nubaidpros7 has 90 seconds left.
|
|t:|1760886435
|switch|p1a: Porygon-Z|Porygon-Z|100/100|[from] Chilly Reception
|-damage|p1a: Porygon-Z|88/100|[from] Spikes
|-ability|p1a: Porygon-Z|Download|boost
|-boost|p1a: Porygon-Z|atk|1
|
|-weather|Snowscape|[upkeep]
|upkeep
|turn|13
|inactive|Nubaidpros7 has 90 seconds left.
|
|t:|1760886446
|move|p2a: Bird2|Thunder|p1a: Porygon-Z|[miss]
|-miss|p2a: Bird2|p1a: Porygon-Z
|move|p1a: Porygon-Z|Ice Beam|p2a: Bird2
|-supereffective|p2a: Bird2
|-damage|p2a: Bird2|0 fnt
|faint|p2a: Bird2
|
|-weather|Snowscape|[upkeep]
|upkeep
|
|t:|1760886450
|switch|p2a: Duck|Quaquaval, M, tera:Fairy|100/100
|turn|14
|
|t:|1760886461
|move|p1a: Porygon-Z|Ice Beam|p2a: Duck
|-damage|p2a: Duck|32/100
|move|p2a: Duck|Aqua Step|p1a: Porygon-Z
|-damage|p1a: Porygon-Z|27/100
|-boost|p2a: Duck|spe|1
|
|-weather|Snowscape|[upkeep]
|-heal|p2a: Duck|38/100|[from] item: Leftovers
|upkeep
|turn|15
|
|t:|1760886474
|switch|p1a: Ting-Lu|Ting-Lu, tera:Water|62/100
|-damage|p1a: Ting-Lu|50/100|[from] Spikes
|-ability|p1a: Ting-Lu|Vessel of Ruin
|move|p2a: Duck|Aqua Step|p1a: Ting-Lu
|-resisted|p1a: Ting-Lu
|-damage|p1a: Ting-Lu|40/100
|-boost|p2a: Duck|spe|1
|
|-weather|Snowscape|[upkeep]
|-heal|p2a: Duck|44/100|[from] item: Leftovers
|-heal|p1a: Ting-Lu|46/100|[from] item: Leftovers
|upkeep
|turn|16
|
|t:|1760886479
|move|p2a: Duck|Bulk Up|p2a: Duck
|-boost|p2a: Duck|atk|1
|-boost|p2a: Duck|def|1
|move|p1a: Ting-Lu|Earthquake|p2a: Duck
|-damage|p2a: Duck|11/100
|
|-weather|none
|-heal|p2a: Duck|17/100|[from] item: Leftovers
|-heal|p1a: Ting-Lu|52/100|[from] item: Leftovers
|upkeep
|turn|17
|
|t:|1760886484
|move|p2a: Duck|Close Combat|p1a: Ting-Lu
|-crit|p1a: Ting-Lu
|-damage|p1a: Ting-Lu|0 fnt
|-unboost|p2a: Duck|def|1
|-unboost|p2a: Duck|spd|1
|faint|p1a: Ting-Lu
|-ability|p2a: Duck|Moxie|boost
|-boost|p2a: Duck|atk|1
|
|-heal|p2a: Duck|23/100|[from] item: Leftovers
|upkeep
|
|t:|1760886488
|switch|p1a: Zamazenta|Zamazenta|100/100
|-damage|p1a: Zamazenta|88/100|[from] Spikes
|-ability|p1a: Zamazenta|Dauntless Shield|boost
|-boost|p1a: Zamazenta|def|1
|turn|18
|
|t:|1760886495
|move|p2a: Duck|Close Combat|p1a: Zamazenta
|-damage|p1a: Zamazenta|24/100
|-unboost|p2a: Duck|def|1
|-unboost|p2a: Duck|spd|1
|move|p1a: Zamazenta|Iron Defense|p1a: Zamazenta
|-boost|p1a: Zamazenta|def|2
|
|-heal|p2a: Duck|29/100|[from] item: Leftovers
|upkeep
|turn|19
|
|t:|1760886508
|move|p2a: Duck|Close Combat|p1a: Zamazenta
|-damage|p1a: Zamazenta|0 fnt
|-unboost|p2a: Duck|def|1
|-unboost|p2a: Duck|spd|1
|faint|p1a: Zamazenta
|-ability|p2a: Duck|Moxie|boost
|-boost|p2a: Duck|atk|1
|
|-heal|p2a: Duck|35/100|[from] item: Leftovers
|upkeep
|inactive|Nubaidpros7 has 120 seconds left.
|
|t:|1760886522
|switch|p1a: Cinderace|Cinderace, F|100/100
|turn|20
|
|t:|1760886529
|move|p2a: Duck|Bulk Up|p2a: Duck
|-boost|p2a: Duck|atk|1
|-boost|p2a: Duck|def|1
|move|p1a: Cinderace|Pyro Ball|p2a: Duck
|-damage|p2a: Duck|0 fnt
|faint|p2a: Duck
|
|upkeep
|
|t:|1760886530
|switch|p2a: Tea|Sinistcha|100/100
|turn|21
|
|t:|1760886534
|move|p1a: Cinderace|Will-O-Wisp|p2a: Tea
|-status|p2a: Tea|brn
|move|p2a: Tea|Calm Mind|p2a: Tea
|-boost|p2a: Tea|spa|1
|-boost|p2a: Tea|spd|1
|
|-damage|p2a: Tea|98/100 brn|[from] brn
|upkeep
|turn|22
|
|t:|1760886538
|move|p1a: Cinderace|Pyro Ball|p2a: Tea
|-supereffective|p2a: Tea
|-damage|p2a: Tea|64/100 brn
|move|p2a: Tea|Calm Mind|p2a: Tea
|-boost|p2a: Tea|spa|1
|-boost|p2a: Tea|spd|1
|
|-heal|p2a: Tea|70/100 brn|[from] item: Leftovers
|-damage|p2a: Tea|67/100 brn|[from] brn
|upkeep
|turn|23
|
|t:|1760886543
|switch|p1a: Porygon-Z|Porygon-Z|27/100
|-damage|p1a: Porygon-Z|15/100|[from] Spikes
|-ability|p1a: Porygon-Z|Download|boost
|-boost|p1a: Porygon-Z|atk|1
|move|p2a: Tea|Strength Sap|p1a: Porygon-Z
|-unboost|p1a: Porygon-Z|atk|1
|-heal|p2a: Tea|100/100 brn
|
|-damage|p2a: Tea|98/100 brn|[from] brn
|upkeep
|turn|24
|
|t:|1760886550
|move|p1a: Porygon-Z|Ice Beam|p2a: Tea
|-supereffective|p2a: Tea
|-damage|p2a: Tea|43/100 brn
|move|p2a: Tea|Matcha Gotcha|p1a: Porygon-Z
|-damage|p1a: Porygon-Z|0 fnt
|-heal|p2a: Tea|49/100 brn|[from] drain|[of] p1a: Porygon-Z
|faint|p1a: Porygon-Z
|
|-heal|p2a: Tea|55/100 brn|[from] item: Leftovers
|-damage|p2a: Tea|53/100 brn|[from] brn
|upkeep
|
|t:|1760886564
|switch|p1a: Slowking|Slowking-Galar, F|54/100 par
|turn|25
|
|t:|1760886567
|move|p2a: Tea|Shadow Ball|p1a: Slowking
|-supereffective|p1a: Slowking
|-damage|p1a: Slowking|0 fnt
|faint|p1a: Slowking
|
|-heal|p2a: Tea|59/100 brn|[from] item: Leftovers
|-damage|p2a: Tea|56/100 brn|[from] brn
|upkeep
|
|t:|1760886570
|switch|p1a: Cinderace|Cinderace, F|100/100
|turn|26
|
|t:|1760886572
|move|p1a: Cinderace|Pyro Ball|p2a: Tea
|-supereffective|p2a: Tea
|-damage|p2a: Tea|21/100 brn
|move|p2a: Tea|Strength Sap|p1a: Cinderace
|-unboost|p1a: Cinderace|atk|1
|-heal|p2a: Tea|100/100 brn
|
|-damage|p2a: Tea|98/100 brn|[from] brn
|upkeep
|turn|27
|
|t:|1760886579
|move|p1a: Cinderace|Pyro Ball|p2a: Tea
|-supereffective|p2a: Tea
|-damage|p2a: Tea|73/100 brn
|move|p2a: Tea|Shadow Ball|p1a: Cinderace
|-damage|p1a: Cinderace|21/100
|
|-heal|p2a: Tea|79/100 brn|[from] item: Leftovers
|-damage|p2a: Tea|76/100 brn|[from] brn
|upkeep
|turn|28
|
|t:|1760886585
|move|p1a: Cinderace|Pyro Ball|p2a: Tea
|-supereffective|p2a: Tea
|-damage|p2a: Tea|41/100 brn
|move|p2a: Tea|Shadow Ball|p1a: Cinderace
|-damage|p1a: Cinderace|0 fnt
|faint|p1a: Cinderace
|
|win|Bordercauley
|raw|Nubaidpros7's rating: 1504 &rarr; <strong>1484</strong><br />(-20 for losing)
|raw|Bordercauley's rating: 1510 &rarr; <strong>1530</strong><br />(+20 for winning)
|c|☆Bordercauley|gg
|l|☆Nubaidpros7
|player|p1|
