|j|☆NekroBlasphemer
|j|☆Maymcspade
|t:|1760827854
|gametype|singles
|player|p1|NekroBlasphemer|fisherman-gen4|1165
|player|p2|Maymcspade|shauntal|1135
|gen|9
|tier|[Gen 9] OU
|rated|
|rule|HP Percentage Mod: HP is shown in percentages
|rule|Endless Battle Clause: Forcing endless battles is banned
|rule|Species Clause: Limit one of each Pokémon
|rule|OHKO Clause: OHKO moves are banned
|rule|Evasion Items Clause: Evasion items are banned
|rule|Evasion Moves Clause: Evasion moves are banned
|rule|Evasion Abilities Clause: Evasion abilities are banned
|rule|Sleep Moves Clause: Sleep-inducing moves are banned
|clearpoke
|poke|p1|Quagsire, M|
|poke|p1|Murkrow, F|
|poke|p1|Araquanid, M|
|poke|p1|Magnezone|
|poke|p1|Salamence, F|
|poke|p1|Bisharp, M|
|poke|p2|Heatran, F|
|poke|p2|Iron Treads|
|poke|p2|Tornadus-Therian, M|
|poke|p2|Gliscor, F|
|poke|p2|Ogerpon-Wellspring, F|
|poke|p2|Iron Crown|
|teampreview
|inactive|Battle timer is ON: inactive players will automatically lose when time's up. (requested by Maymcspade)
|inactive|Maymcspade has 120 seconds left.
|
|t:|1760827902
|teamsize|p1|6
|teamsize|p2|6
|start
|switch|p1a: Araquanid|Araquanid, M|100/100
|switch|p2a: Dreadwind|Tornadus-Therian, M|100/100
|turn|1
|
|t:|1760827918
|move|p2a: Dreadwind|Knock Off|p1a: Araquanid
|-damage|p1a: Araquanid|76/100
|-enditem|p1a: Araquanid|Leftovers|[from] move: Knock Off|[of] p2a: Dreadwind
|move|p1a: Araquanid|Sticky Web|p2a: Dreadwind
|-sidestart|p2: Maymcspade|move: Sticky Web
|
|upkeep
|turn|2
|
|t:|1760827929
|move|p2a: Dreadwind|Bleakwind Storm|p1a: Araquanid
|-supereffective|p1a: Araquanid
|-damage|p1a: Araquanid|15/100
|move|p1a: Araquanid|Liquidation|p2a: Dreadwind
|-damage|p2a: Dreadwind|28/100
|-unboost|p2a: Dreadwind|def|1
|
|upkeep
|turn|3
|
|t:|1760827940
|move|p1a: Araquanid|Protect|p1a: Araquanid
|-singleturn|p1a: Araquanid|Protect
|move|p2a: Dreadwind|U-turn|p1a: Araquanid
|-activate|p1a: Araquanid|move: Protect
|
|upkeep
|turn|4
|
|t:|1760827947
|move|p2a: Dreadwind|Knock Off|p1a: Araquanid
|-damage|p1a: Araquanid|0 fnt
|faint|p1a: Araquanid
|
|upkeep
|
|t:|1760827957
|switch|p1a: Murkrow|Murkrow, F|100/100
|turn|5
|
|t:|1760827963
|move|p1a: Murkrow|Tailwind|p1a: Murkrow
|-sidestart|p1: NekroBlasphemer|move: Tailwind
|move|p2a: Dreadwind|U-turn|p1a: Murkrow
|-damage|p1a: Murkrow|68/100
|-enditem|p1a: Murkrow|Eject Button
|
|t:|1760827968
|switch|p1a: Magnezone|Magnezone|100/100
|
|upkeep
|turn|6
|
|t:|1760827976
|switch|p2a: Roller|Iron Treads|100/100
|-activate|p2a: Roller|move: Sticky Web
|-unboost|p2a: Roller|spe|1
|move|p1a: Magnezone|Volt Switch|p2a: Roller
|-immune|p2a: Roller
|
|upkeep
|turn|7
|
|t:|1760827981
|move|p1a: Magnezone|Protect|p1a: Magnezone
|-singleturn|p1a: Magnezone|Protect
|move|p2a: Roller|Rapid Spin|p1a: Magnezone
|-activate|p1a: Magnezone|move: Protect
|
|upkeep
|turn|8
|
|t:|1760827993
|move|p1a: Magnezone|Body Press|p2a: Roller
|-supereffective|p2a: Roller
|-damage|p2a: Roller|53/100
|move|p2a: Roller|Rapid Spin|p1a: Magnezone
|-resisted|p1a: Magnezone
|-damage|p1a: Magnezone|94/100
|-boost|p2a: Roller|spe|1
|-sideend|p2: Maymcspade|Sticky Web|[from] move: Rapid Spin|[of] p2a: Roller
|
|-heal|p2a: Roller|59/100|[from] item: Leftovers
|-heal|p1a: Magnezone|100/100|[from] item: Leftovers
|-sideend|p1: NekroBlasphemer|move: Tailwind
|upkeep
|turn|9
|
|t:|1760828000
|switch|p1a: Quagsire|Quagsire, M|100/100
|move|p2a: Roller|Earthquake|p1a: Quagsire
|-damage|p1a: Quagsire|66/100
|
|-heal|p2a: Roller|66/100|[from] item: Leftovers
|-heal|p1a: Quagsire|72/100|[from] item: Leftovers
|upkeep
|turn|10
|
|t:|1760828014
|-end|p2a: Roller|Quark Drive|[silent]
|switch|p2a: Torrent|Ogerpon-Wellspring, F|100/100
|move|p1a: Quagsire|Whirlpool|p2a: Torrent
|-immune|p2a: Torrent|[from] ability: Water Absorb
|
|-heal|p1a: Quagsire|78/100|[from] item: Leftovers
|upkeep
|turn|11
|
|t:|1760828030
|move|p1a: Quagsire|Protect|p1a: Quagsire
|-singleturn|p1a: Quagsire|Protect
|move|p2a: Torrent|Horn Leech|p1a: Quagsire
|-activate|p1a: Quagsire|move: Protect
|
|-heal|p1a: Quagsire|84/100|[from] item: Leftovers
|upkeep
|turn|12
|
|t:|1760828049
|switch|p1a: Magnezone|Magnezone|100/100
|move|p2a: Torrent|Horn Leech|p1a: Magnezone
|-resisted|p1a: Magnezone
|-damage|p1a: Magnezone|82/100
|
|-heal|p1a: Magnezone|88/100|[from] item: Leftovers
|upkeep
|turn|13
|
|t:|1760828058
|move|p1a: Magnezone|Protect|p1a: Magnezone
|-singleturn|p1a: Magnezone|Protect
|move|p2a: Torrent|U-turn|p1a: Magnezone
|-activate|p1a: Magnezone|move: Protect
|
|-heal|p1a: Magnezone|94/100|[from] item: Leftovers
|upkeep
|turn|14
|
|t:|1760828067
|move|p2a: Torrent|U-turn|p1a: Magnezone
|-resisted|p1a: Magnezone
|-damage|p1a: Magnezone|83/100
|
|t:|1760828069
|switch|p2a: Dracula|Gliscor, F|100/100|[from] U-turn
|move|p1a: Magnezone|Body Press|p2a: Dracula
|-resisted|p2a: Dracula
|-damage|p2a: Dracula|91/100
|
|-heal|p1a: Magnezone|89/100|[from] item: Leftovers
|-status|p2a: Dracula|tox|[from] item: Toxic Orb
|upkeep
|turn|15
|
|t:|1760828076
|move|p1a: Magnezone|Protect|p1a: Magnezone
|-singleturn|p1a: Magnezone|Protect
|move|p2a: Dracula|Spikes|p1a: Magnezone
|-sidestart|p1: NekroBlasphemer|Spikes
|
|-heal|p1a: Magnezone|95/100|[from] item: Leftovers
|-heal|p2a: Dracula|100/100 tox|[from] ability: Poison Heal
|upkeep
|turn|16
|
|t:|1760828098
|switch|p1a: Murkrow|Murkrow, F|68/100
|move|p2a: Dracula|Knock Off|p1a: Murkrow
|-resisted|p1a: Murkrow
|-damage|p1a: Murkrow|54/100
|
|upkeep
|turn|17
|
|t:|1760828109
|move|p1a: Murkrow|Tailwind|p1a: Murkrow
|-sidestart|p1: NekroBlasphemer|move: Tailwind
|move|p2a: Dracula|Spikes|p1a: Murkrow
|-sidestart|p1: NekroBlasphemer|Spikes
|
|upkeep
|turn|18
|inactive|Maymcspade has 120 seconds left.
|
|t:|1760828145
|move|p1a: Murkrow|Perish Song|p1a: Murkrow
|-start|p1a: Murkrow|perish3|[silent]
|-start|p2a: Dracula|perish3|[silent]
|-fieldactivate|move: Perish Song
|move|p2a: Dracula|Spikes|p1a: Murkrow
|-sidestart|p1: NekroBlasphemer|Spikes
|
|-start|p1a: Murkrow|perish3
|-start|p2a: Dracula|perish3
|upkeep
|turn|19
|
|t:|1760828153
|switch|p1a: Quagsire|Quagsire, M|84/100
|-damage|p1a: Quagsire|59/100|[from] Spikes
|move|p2a: Dracula|U-turn|p1a: Quagsire
|-damage|p1a: Quagsire|48/100
|inactive|Maymcspade has 120 seconds left.
|
|t:|1760828175
|switch|p2a: Torrent|Ogerpon-Wellspring, F|100/100|[from] U-turn
|
|-heal|p1a: Quagsire|55/100|[from] item: Leftovers
|upkeep
|turn|20
|
|t:|1760828180
|move|p2a: Torrent|Horn Leech|p1a: Quagsire
|-supereffective|p1a: Quagsire
|-damage|p1a: Quagsire|0 fnt
|faint|p1a: Quagsire
|
|-sideend|p1: NekroBlasphemer|move: Tailwind
|upkeep
|-message|NekroBlasphemer forfeited.
|
|win|Maymcspade
|raw|NekroBlasphemer's rating: 1165 &rarr; <strong>1138</strong><br />(-27 for losing)
|raw|Maymcspade's rating: 1135 &rarr; <strong>1162</strong><br />(+27 for winning)
|l|☆NekroBlasphemer
|player|p1|
|l|☆Maymcspade
|player|p2|
