|j|☆sly_sunflower
|j|☆les liepool
|t:|1760879625
|gametype|singles
|player|p1|sly_sunflower|cilan|1097
|player|p2|les liepool|flannery|1140
|gen|9
|tier|[Gen 9] OU
|rated|
|rule|HP Percentage Mod: HP is shown in percentages
|rule|Endless Battle Clause: Forcing endless battles is banned
|rule|Species Clause: Limit one of each Pokémon
|rule|OHKO Clause: OHKO moves are banned
|rule|Evasion Items Clause: Evasion items are banned
|rule|Evasion Moves Clause: Evasion moves are banned
|rule|Evasion Abilities Clause: Evasion abilities are banned
|rule|Sleep Moves Clause: Sleep-inducing moves are banned
|clearpoke
|poke|p1|Galvantula, M|
|poke|p1|Sudowoodo, M|
|poke|p1|Bruxish, F|
|poke|p1|Scrafty, M|
|poke|p1|Brambleghast, F|
|poke|p1|Pyroar, M|
|poke|p2|Scizor, M|
|poke|p2|Alomomola, M|
|poke|p2|Iron Crown|
|poke|p2|Kyurem|
|poke|p2|Clefable, F|
|poke|p2|Great Tusk|
|teampreview
|inactive|Battle timer is ON: inactive players will automatically lose when time's up. (requested by les liepool)
|inactive|sly_sunflower also wants the timer to be on.
|
|t:|1760879632
|teamsize|p1|6
|teamsize|p2|6
|start
|switch|p1a: Galvantula|Galvantula, M|100/100
|switch|p2a: Kyurem|Kyurem|100/100
|-ability|p2a: Kyurem|Pressure
|turn|1
|
|t:|1760879642
|move|p1a: Galvantula|Bug Buzz|p2a: Kyurem
|-damage|p2a: Kyurem|64/100
|move|p2a: Kyurem|Dragon Dance|p2a: Kyurem
|-boost|p2a: Kyurem|atk|1
|-boost|p2a: Kyurem|spe|1
|
|upkeep
|turn|2
|
|t:|1760879649
|move|p2a: Kyurem|Scale Shot|p1a: Galvantula|[miss]
|-miss|p2a: Kyurem|p1a: Galvantula
|move|p1a: Galvantula|Sticky Web|p2a: Kyurem
|-sidestart|p2: les liepool|move: Sticky Web
|
|upkeep
|turn|3
|
|t:|1760879655
|move|p2a: Kyurem|Scale Shot|p1a: Galvantula
|-damage|p1a: Galvantula|67/100
|-damage|p1a: Galvantula|28/100
|-damage|p1a: Galvantula|0 fnt
|faint|p1a: Galvantula
|-hitcount|p1: Galvantula|3
|-unboost|p2a: Kyurem|def|1
|-boost|p2a: Kyurem|spe|1
|
|upkeep
|
|t:|1760879662
|switch|p1a: Sudowoodo|Sudowoodo, M|100/100
|turn|4
|
|t:|1760879667
|move|p2a: Kyurem|Icicle Spear|p1a: Sudowoodo
|-damage|p1a: Sudowoodo|81/100
|-damage|p1a: Sudowoodo|61/100
|-damage|p1a: Sudowoodo|41/100
|-damage|p1a: Sudowoodo|19/100
|-damage|p1a: Sudowoodo|0 fnt
|faint|p1a: Sudowoodo
|-hitcount|p1: Sudowoodo|5
|
|upkeep
|
|t:|1760879682
|switch|p1a: Bruxish|Bruxish, F|100/100
|turn|5
|
|t:|1760879688
|move|p2a: Kyurem|Scale Shot|p1a: Bruxish|[miss]
|-miss|p2a: Kyurem|p1a: Bruxish
|move|p1a: Bruxish|Psychic Fangs|p2a: Kyurem
|-damage|p2a: Kyurem|0 fnt
|faint|p2a: Kyurem
|
|upkeep
|
|t:|1760879701
|switch|p2a: Clefable|Clefable, F|100/100
|-activate|p2a: Clefable|move: Sticky Web
|-unboost|p2a: Clefable|spe|1
|turn|6
|
|t:|1760879704
|move|p1a: Bruxish|Psychic Fangs|p2a: Clefable
|-damage|p2a: Clefable|56/100
|move|p2a: Clefable|Calm Mind|p2a: Clefable
|-boost|p2a: Clefable|spa|1
|-boost|p2a: Clefable|spd|1
|
|-heal|p2a: Clefable|62/100|[from] item: Leftovers
|upkeep
|turn|7
|
|t:|1760879709
|move|p1a: Bruxish|Psychic Fangs|p2a: Clefable
|-damage|p2a: Clefable|15/100
|move|p2a: Clefable|Moonlight|p2a: Clefable
|-heal|p2a: Clefable|65/100
|
|-heal|p2a: Clefable|71/100|[from] item: Leftovers
|upkeep
|turn|8
|
|t:|1760879712
|move|p1a: Bruxish|Psychic Fangs|p2a: Clefable
|-damage|p2a: Clefable|27/100
|move|p2a: Clefable|Moonlight|p2a: Clefable
|-heal|p2a: Clefable|77/100
|
|-heal|p2a: Clefable|83/100|[from] item: Leftovers
|upkeep
|turn|9
|
|t:|1760879717
|move|p1a: Bruxish|Psychic Fangs|p2a: Clefable
|-damage|p2a: Clefable|42/100
|move|p2a: Clefable|Knock Off|p1a: Bruxish
|-supereffective|p1a: Bruxish
|-damage|p1a: Bruxish|59/100
|-enditem|p1a: Bruxish|Choice Band|[from] move: Knock Off|[of] p2a: Clefable
|
|-heal|p2a: Clefable|48/100|[from] item: Leftovers
|upkeep
|turn|10
|
|t:|1760879727
|-terastallize|p1a: Bruxish|Water
|move|p1a: Bruxish|Wave Crash|p2a: Clefable
|-damage|p2a: Clefable|0 fnt
|faint|p2a: Clefable
|-damage|p1a: Bruxish|36/100|[from] Recoil
|
|upkeep
|
|t:|1760879732
|switch|p2a: Iron Crown|Iron Crown|100/100
|-activate|p2a: Iron Crown|move: Sticky Web
|-unboost|p2a: Iron Crown|spe|1
|turn|11
|
|t:|1760879737
|move|p1a: Bruxish|Wave Crash|p2a: Iron Crown
|-damage|p2a: Iron Crown|29/100
|-damage|p1a: Bruxish|9/100|[from] Recoil
|move|p2a: Iron Crown|Volt Switch|p1a: Bruxish
|-supereffective|p1a: Bruxish
|-crit|p1a: Bruxish
|-damage|p1a: Bruxish|0 fnt
|faint|p1a: Bruxish
|
|t:|1760879743
|-end|p2a: Iron Crown|Quark Drive|[silent]
|switch|p2a: Great Tusk|Great Tusk|100/100|[from] Volt Switch
|
|upkeep
|
|t:|1760879749
|switch|p1a: Brambleghast|Brambleghast, F|100/100
|turn|12
|
|t:|1760879760
|-terastallize|p2a: Great Tusk|Steel
|move|p1a: Brambleghast|Rapid Spin|p2a: Great Tusk
|-resisted|p2a: Great Tusk
|-damage|p2a: Great Tusk|95/100
|-boost|p1a: Brambleghast|spe|1
|move|p2a: Great Tusk|Ice Spinner|p1a: Brambleghast
|-supereffective|p1a: Brambleghast
|-damage|p1a: Brambleghast|0 fnt
|faint|p1a: Brambleghast
|
|upkeep
|
|t:|1760879770
|switch|p1a: Scrappers|Scrafty, M|100/100
|turn|13
|
|t:|1760879777
|move|p2a: Great Tusk|Rapid Spin|p1a: Scrappers
|-damage|p1a: Scrappers|82/100
|-boost|p2a: Great Tusk|spe|1
|-sideend|p2: les liepool|Sticky Web|[from] move: Rapid Spin|[of] p2a: Great Tusk
|move|p1a: Scrappers|Dragon Dance|p1a: Scrappers
|-boost|p1a: Scrappers|atk|1
|-boost|p1a: Scrappers|spe|1
|
|-heal|p1a: Scrappers|88/100|[from] item: Leftovers
|upkeep
|turn|14
|
|t:|1760879781
|move|p2a: Great Tusk|Headlong Rush|p1a: Scrappers
|-damage|p1a: Scrappers|14/100
|-unboost|p2a: Great Tusk|def|1
|-unboost|p2a: Great Tusk|spd|1
|move|p1a: Scrappers|Dragon Dance|p1a: Scrappers
|-boost|p1a: Scrappers|atk|1
|-boost|p1a: Scrappers|spe|1
|
|-heal|p1a: Scrappers|20/100|[from] item: Leftovers
|upkeep
|turn|15
|
|t:|1760879784
|move|p1a: Scrappers|Drain Punch|p2a: Great Tusk
|-supereffective|p2a: Great Tusk
|-damage|p2a: Great Tusk|0 fnt
|-heal|p1a: Scrappers|85/100|[from] drain|[of] p2a: Great Tusk
|faint|p2a: Great Tusk
|-end|p2a: Great Tusk|Protosynthesis|[silent]
|
|-heal|p1a: Scrappers|91/100|[from] item: Leftovers
|upkeep
|
|t:|1760879790
|switch|p2a: Alomomola|Alomomola, M|100/100
|turn|16
|
|t:|1760879798
|move|p1a: Scrappers|Dragon Dance|p1a: Scrappers
|-boost|p1a: Scrappers|atk|1
|-boost|p1a: Scrappers|spe|1
|move|p2a: Alomomola|Scald|p1a: Scrappers
|-damage|p1a: Scrappers|75/100
|
|-heal|p1a: Scrappers|81/100|[from] item: Leftovers
|upkeep
|turn|17
|
|t:|1760879807
|move|p1a: Scrappers|Dragon Dance|p1a: Scrappers
|-boost|p1a: Scrappers|atk|1
|-boost|p1a: Scrappers|spe|1
|move|p2a: Alomomola|Scald|p1a: Scrappers
|-damage|p1a: Scrappers|64/100
|
|-heal|p1a: Scrappers|70/100|[from] item: Leftovers
|upkeep
|turn|18
|
|t:|1760879817
|move|p1a: Scrappers|Drain Punch|p2a: Alomomola
|-damage|p2a: Alomomola|51/100
|-heal|p1a: Scrappers|100/100|[from] drain|[of] p2a: Alomomola
|move|p2a: Alomomola|Scald|p1a: Scrappers
|-damage|p1a: Scrappers|85/100
|
|-heal|p1a: Scrappers|91/100|[from] item: Leftovers
|upkeep
|turn|19
|
|t:|1760879823
|move|p1a: Scrappers|Knock Off|p2a: Alomomola
|-damage|p2a: Alomomola|0 fnt
|-enditem|p2a: Alomomola|Heavy-Duty Boots|[from] move: Knock Off|[of] p1a: Scrappers
|faint|p2a: Alomomola
|
|-heal|p1a: Scrappers|96/100|[from] item: Leftovers
|upkeep
|
|t:|1760879825
|switch|p2a: Scizor|Scizor, M|100/100
|turn|20
|
|t:|1760879832
|move|p1a: Scrappers|Drain Punch|p2a: Scizor
|-damage|p2a: Scizor|7/100
|-heal|p1a: Scrappers|100/100|[from] drain|[of] p2a: Scizor
|move|p2a: Scizor|Dual Wingbeat|p1a: Scrappers
|-supereffective|p1a: Scrappers
|-damage|p1a: Scrappers|28/100
|-supereffective|p1a: Scrappers
|-damage|p1a: Scrappers|0 fnt
|faint|p1a: Scrappers
|-hitcount|p1: Scrappers|2
|
|upkeep
|
|t:|1760879839
|switch|p1a: Pyroar|Pyroar, M|100/100
|-ability|p1a: Pyroar|Unnerve
|turn|21
|-message|les liepool forfeited.
|
|win|sly_sunflower
|raw|sly_sunflower's rating: 1097 &rarr; <strong>1126</strong><br />(+29 for winning)
|raw|les liepool's rating: 1140 &rarr; <strong>1112</strong><br />(-28 for losing)
|l|☆les liepool
|player|p2|
|l|☆sly_sunflower
|player|p1|
