|j|☆giogiovannio
|j|☆sfinch1
|t:|1760732038
|gametype|singles
|player|p1|giogiovannio|drayden|1597
|player|p2|sfinch1|170|1591
|gen|9
|tier|[Gen 9] OU
|rated|
|rule|HP Percentage Mod: HP is shown in percentages
|rule|Endless Battle Clause: Forcing endless battles is banned
|rule|Species Clause: Limit one of each Pokémon
|rule|OHKO Clause: OHKO moves are banned
|rule|Evasion Items Clause: Evasion items are banned
|rule|Evasion Moves Clause: Evasion moves are banned
|rule|Evasion Abilities Clause: Evasion abilities are banned
|rule|Sleep Moves Clause: Sleep-inducing moves are banned
|clearpoke
|poke|p1|Tornadus-Therian, M|
|poke|p1|Samurott-Hisui, M|
|poke|p1|Zamazenta-*|
|poke|p1|Gholdengo|
|poke|p1|Cyclizar, F|
|poke|p1|Slowking-Galar, M|
|poke|p2|Zamazenta-*|
|poke|p2|Tinkaton, F|
|poke|p2|Dragapult, F|
|poke|p2|Hatterene, F|
|poke|p2|Scizor, F|
|poke|p2|Samurott-Hisui, M|
|teampreview
|
|t:|1760732048
|teamsize|p1|6
|teamsize|p2|6
|start
|switch|p1a: Samurott|Samurott-Hisui, M|100/100
|switch|p2a: Samurott|Samurott-Hisui, M|100/100
|turn|1
|
|t:|1760732053
|move|p1a: Samurott|Ceaseless Edge|p2a: Samurott
|-resisted|p2a: Samurott
|-damage|p2a: Samurott|72/100
|-sidestart|p2: sfinch1|Spikes
|move|p2a: Samurott|Ceaseless Edge|p1a: Samurott
|-resisted|p1a: Samurott
|-damage|p1a: Samurott|71/100
|-sidestart|p1: giogiovannio|Spikes
|
|upkeep
|turn|2
|
|t:|1760732064
|move|p1a: Samurott|Ceaseless Edge|p2a: Samurott|[miss]
|-miss|p1a: Samurott|p2a: Samurott
|move|p2a: Samurott|Ceaseless Edge|p1a: Samurott
|-resisted|p1a: Samurott
|-damage|p1a: Samurott|42/100
|-sidestart|p1: giogiovannio|Spikes
|
|upkeep
|turn|3
|
|t:|1760732067
|move|p2a: Samurott|Ceaseless Edge|p1a: Samurott
|-resisted|p1a: Samurott
|-damage|p1a: Samurott|11/100
|-sidestart|p1: giogiovannio|Spikes
|move|p1a: Samurott|Encore|p2a: Samurott
|-start|p2a: Samurott|Encore
|
|upkeep
|turn|4
|
|t:|1760732078
|move|p1a: Samurott|Ceaseless Edge|p2a: Samurott
|-resisted|p2a: Samurott
|-damage|p2a: Samurott|43/100
|-sidestart|p2: sfinch1|Spikes
|move|p2a: Samurott|Ceaseless Edge|p1a: Samurott
|-resisted|p1a: Samurott
|-damage|p1a: Samurott|0 fnt
|faint|p1a: Samurott
|
|upkeep
|
|t:|1760732084
|switch|p1a: Cyclizar|Cyclizar, F|100/100
|-damage|p1a: Cyclizar|76/100|[from] Spikes
|turn|5
|
|t:|1760732100
|switch|p2a: Scizor|Scizor, F|100/100
|-damage|p2a: Scizor|84/100|[from] Spikes
|move|p1a: Cyclizar|U-turn|p2a: Scizor
|-resisted|p2a: Scizor
|-damage|p2a: Scizor|70/100
|
|t:|1760732105
|switch|p1a: Gholdengo|Gholdengo|100/100|[from] U-turn
|-item|p1a: Gholdengo|Air Balloon
|
|upkeep
|turn|6
|
|t:|1760732111
|move|p1a: Gholdengo|Recover||[still]
|-fail|p1a: Gholdengo|heal
|move|p2a: Scizor|Knock Off|p1a: Gholdengo
|-supereffective|p1a: Gholdengo
|-damage|p1a: Gholdengo|20/100
|-enditem|p1a: Gholdengo|Air Balloon
|
|upkeep
|turn|7
|
|t:|1760732118
|move|p1a: Gholdengo|Recover|p1a: Gholdengo
|-heal|p1a: Gholdengo|70/100
|move|p2a: Scizor|Knock Off|p1a: Gholdengo
|-supereffective|p1a: Gholdengo
|-damage|p1a: Gholdengo|22/100
|
|upkeep
|turn|8
|
|t:|1760732121
|move|p1a: Gholdengo|Recover|p1a: Gholdengo
|-heal|p1a: Gholdengo|72/100
|move|p2a: Scizor|Knock Off|p1a: Gholdengo
|-supereffective|p1a: Gholdengo
|-damage|p1a: Gholdengo|18/100
|
|upkeep
|turn|9
|
|t:|1760732124
|move|p1a: Gholdengo|Recover|p1a: Gholdengo
|-heal|p1a: Gholdengo|68/100
|move|p2a: Scizor|Knock Off|p1a: Gholdengo
|-supereffective|p1a: Gholdengo
|-damage|p1a: Gholdengo|19/100
|
|upkeep
|turn|10
|
|t:|1760732126
|move|p1a: Gholdengo|Recover|p1a: Gholdengo
|-heal|p1a: Gholdengo|69/100
|move|p2a: Scizor|Knock Off|p1a: Gholdengo
|-supereffective|p1a: Gholdengo
|-damage|p1a: Gholdengo|17/100
|
|upkeep
|turn|11
|
|t:|1760732137
|-terastallize|p1a: Gholdengo|Fairy
|move|p1a: Gholdengo|Recover|p1a: Gholdengo
|-heal|p1a: Gholdengo|67/100
|move|p2a: Scizor|Knock Off|p1a: Gholdengo
|-resisted|p1a: Gholdengo
|-damage|p1a: Gholdengo|54/100
|
|upkeep
|turn|12
|
|t:|1760732145
|switch|p2a: Samurott|Samurott-Hisui, M|43/100
|-damage|p2a: Samurott|27/100|[from] Spikes
|move|p1a: Gholdengo|Thunder Wave|p2a: Samurott
|-status|p2a: Samurott|par
|
|upkeep
|turn|13
|
|t:|1760732152
|move|p1a: Gholdengo|Hex|p2a: Samurott
|-resisted|p2a: Samurott
|-damage|p2a: Samurott|0 fnt
|faint|p2a: Samurott
|
|upkeep
|
|t:|1760732159
|switch|p2a: Tinkaton|Tinkaton, F|100/100
|-damage|p2a: Tinkaton|84/100|[from] Spikes
|-ability|p2a: Tinkaton|Mold Breaker
|turn|14
|
|t:|1760732166
|switch|p1a: Slowking|Slowking-Galar, M|100/100
|move|p2a: Tinkaton|Gigaton Hammer|p1a: Slowking
|-damage|p1a: Slowking|45/100
|
|upkeep
|turn|15
|
|t:|1760732171
|move|p2a: Tinkaton|Swords Dance|p2a: Tinkaton
|-boost|p2a: Tinkaton|atk|2
|-prepare|p1a: Slowking|Chilly Reception|[premajor]
|move|p1a: Slowking|Chilly Reception|p1a: Slowking
|-weather|Snowscape
|
|t:|1760732175
|switch|p1a: Zamazenta|Zamazenta|100/100|[from] Chilly Reception
|-damage|p1a: Zamazenta|75/100|[from] Spikes
|-ability|p1a: Zamazenta|Dauntless Shield|boost
|-boost|p1a: Zamazenta|def|1
|
|-weather|Snowscape|[upkeep]
|-heal|p1a: Zamazenta|82/100|[from] item: Leftovers
|upkeep
|turn|16
|
|t:|1760732180
|move|p1a: Zamazenta|Iron Defense|p1a: Zamazenta
|-boost|p1a: Zamazenta|def|2
|move|p2a: Tinkaton|Gigaton Hammer|p1a: Zamazenta
|-damage|p1a: Zamazenta|47/100
|
|-weather|Snowscape|[upkeep]
|-heal|p1a: Zamazenta|53/100|[from] item: Leftovers
|upkeep
|turn|17
|
|t:|1760732186
|move|p1a: Zamazenta|Heavy Slam|p2a: Tinkaton
|-damage|p2a: Tinkaton|70/100
|move|p2a: Tinkaton|Swords Dance|p2a: Tinkaton
|-boost|p2a: Tinkaton|atk|2
|
|-weather|Snowscape|[upkeep]
|-heal|p1a: Zamazenta|59/100|[from] item: Leftovers
|upkeep
|turn|18
|
|t:|1760732191
|move|p1a: Zamazenta|Body Press|p2a: Tinkaton
|-damage|p2a: Tinkaton|0 fnt
|faint|p2a: Tinkaton
|
|-weather|Snowscape|[upkeep]
|-heal|p1a: Zamazenta|65/100|[from] item: Leftovers
|upkeep
|
|t:|1760732195
|switch|p2a: Dragapult|Dragapult, F|100/100
|-damage|p2a: Dragapult|84/100|[from] Spikes
|turn|19
|
|t:|1760732201
|switch|p1a: Gholdengo|Gholdengo, tera:Fairy|54/100
|-damage|p1a: Gholdengo|30/100|[from] Spikes
|move|p2a: Dragapult|Draco Meteor|p1a: Gholdengo
|-immune|p1a: Gholdengo
|
|-weather|none
|upkeep
|turn|20
|
|t:|1760732206
|switch|p2a: Scizor|Scizor, F|70/100
|-damage|p2a: Scizor|54/100|[from] Spikes
|move|p1a: Gholdengo|Recover|p1a: Gholdengo
|-heal|p1a: Gholdengo|80/100
|
|upkeep
|turn|21
|
|t:|1760732214
|switch|p1a: Slowking|Slowking-Galar, M|78/100
|move|p2a: Scizor|Bullet Punch|p1a: Slowking
|-damage|p1a: Slowking|24/100
|
|upkeep
|turn|22
|
|t:|1760732218
|move|p2a: Scizor|Bullet Punch|p1a: Slowking
|-damage|p1a: Slowking|0 fnt
|faint|p1a: Slowking
|
|upkeep
|
|t:|1760732221
|switch|p1a: Tornadus|Tornadus-Therian, M|100/100
|turn|23
|
|t:|1760732241
|switch|p2a: Dragapult|Dragapult, F|84/100
|-damage|p2a: Dragapult|68/100|[from] Spikes
|move|p1a: Tornadus|Hurricane|p2a: Dragapult
|-damage|p2a: Dragapult|14/100
|
|upkeep
|turn|24
|
|t:|1760732248
|move|p1a: Tornadus|Hurricane|p2a: Dragapult|[miss]
|-miss|p1a: Tornadus|p2a: Dragapult
|move|p2a: Dragapult|Shadow Ball|p1a: Tornadus
|-damage|p1a: Tornadus|32/100
|
|upkeep
|turn|25
|
|t:|1760732254
|move|p1a: Tornadus|Hurricane|p2a: Dragapult|[miss]
|-miss|p1a: Tornadus|p2a: Dragapult
|move|p2a: Dragapult|Shadow Ball|p1a: Tornadus
|-damage|p1a: Tornadus|0 fnt
|faint|p1a: Tornadus
|
|upkeep
|-message|giogiovannio forfeited.
|
|win|sfinch1
|raw|giogiovannio's rating: 1597 &rarr; <strong>1577</strong><br />(-20 for losing)
|raw|sfinch1's rating: 1591 &rarr; <strong>1611</strong><br />(+20 for winning)
|l|☆giogiovannio
|player|p1|
|l|☆sfinch1
|player|p2|
