|j|☆luca1996
|j|☆dishes_ttv
|t:|1760735415
|gametype|singles
|player|p1|luca1996|boarder|1342
|player|p2|dishes_ttv|266|1364
|gen|9
|tier|[Gen 9] OU
|rated|
|rule|HP Percentage Mod: HP is shown in percentages
|rule|Endless Battle Clause: Forcing endless battles is banned
|rule|Species Clause: Limit one of each Pokémon
|rule|OHKO Clause: OHKO moves are banned
|rule|Evasion Items Clause: Evasion items are banned
|rule|Evasion Moves Clause: Evasion moves are banned
|rule|Evasion Abilities Clause: Evasion abilities are banned
|rule|Sleep Moves Clause: Sleep-inducing moves are banned
|clearpoke
|poke|p1|Gurdurr, M|
|poke|p1|Araquanid, M|
|poke|p1|Moltres-Galar|
|poke|p1|Entei|
|poke|p1|Great Tusk|
|poke|p1|Primarina, M|
|poke|p2|Kommo-o, M|
|poke|p2|Scizor, F|
|poke|p2|Ogerpon-Wellspring, F|
|poke|p2|Iron Crown|
|poke|p2|Moltres|
|poke|p2|Raging Bolt|
|teampreview
|inactive|Battle timer is ON: inactive players will automatically lose when time's up. (requested by luca1996)
|
|t:|1760735427
|teamsize|p1|6
|teamsize|p2|6
|start
|switch|p1a: Primarina|Primarina, M|100/100
|switch|p2a: Iron Crown|Iron Crown|100/100
|turn|1
|
|t:|1760735433
|move|p2a: Iron Crown|Tachyon Cutter|p1a: Primarina
|-damage|p1a: Primarina|85/100
|-crit|p1a: Primarina
|-damage|p1a: Primarina|64/100
|-hitcount|p1a: Primarina|2
|move|p1a: Primarina|Psychic Noise|p2a: Iron Crown
|-resisted|p2a: Iron Crown
|-damage|p2a: Iron Crown|96/100
|-start|p2a: Iron Crown|move: Heal Block
|
|upkeep
|turn|2
|
|t:|1760735439
|move|p2a: Iron Crown|Volt Switch|p1a: Primarina
|-supereffective|p1a: Primarina
|-damage|p1a: Primarina|36/100
|
|t:|1760735445
|-end|p2a: Iron Crown|Quark Drive|[silent]
|switch|p2a: Scizor|Scizor, F|100/100|[from] Volt Switch
|move|p1a: Primarina|Surf|p2a: Scizor
|-damage|p2a: Scizor|43/100
|
|upkeep
|turn|3
|
|t:|1760735452
|move|p2a: Scizor|Bullet Punch|p1a: Primarina
|-damage|p1a: Primarina|0 fnt
|faint|p1a: Primarina
|
|upkeep
|
|t:|1760735457
|switch|p1a: Araquanid|Araquanid, M|100/100
|turn|4
|
|t:|1760735460
|move|p2a: Scizor|U-turn|p1a: Araquanid
|-damage|p1a: Araquanid|58/100
|
|t:|1760735468
|switch|p2a: Raging Bolt|Raging Bolt|100/100|[from] U-turn
|-enditem|p2a: Raging Bolt|Booster Energy
|-activate|p2a: Raging Bolt|ability: Protosynthesis|[fromitem]
|-start|p2a: Raging Bolt|protosynthesisspa
|move|p1a: Araquanid|Sticky Web|p2a: Raging Bolt
|-sidestart|p2: dishes_ttv|move: Sticky Web
|
|upkeep
|turn|5
|
|t:|1760735496
|move|p2a: Raging Bolt|Calm Mind|p2a: Raging Bolt
|-boost|p2a: Raging Bolt|spa|1
|-boost|p2a: Raging Bolt|spd|1
|move|p1a: Araquanid|Lunge|p2a: Raging Bolt
|-damage|p2a: Raging Bolt|75/100
|-unboost|p2a: Raging Bolt|atk|1
|
|upkeep
|turn|6
|
|t:|1760735506
|move|p2a: Raging Bolt|Thunderbolt|p1a: Araquanid
|-supereffective|p1a: Araquanid
|-crit|p1a: Araquanid
|-damage|p1a: Araquanid|0 fnt
|faint|p1a: Araquanid
|
|upkeep
|
|t:|1760735516
|switch|p1a: Great Tusk|Great Tusk|100/100
|turn|7
|
|t:|1760735523
|-terastallize|p2a: Raging Bolt|Fairy
|move|p1a: Great Tusk|Earthquake|p2a: Raging Bolt
|-damage|p2a: Raging Bolt|31/100
|move|p2a: Raging Bolt|Draco Meteor|p1a: Great Tusk
|-damage|p1a: Great Tusk|0 fnt
|-unboost|p2a: Raging Bolt|spa|2
|faint|p1a: Great Tusk
|-end|p1a: Great Tusk|Protosynthesis|[silent]
|
|upkeep
|
|t:|1760735529
|switch|p1a: Entei|Entei|100/100
|turn|8
|
|t:|1760735532
|move|p2a: Raging Bolt|Thunderclap||[still]
|-fail|p2a: Raging Bolt
|move|p1a: Entei|Swagger|p2a: Raging Bolt
|-boost|p2a: Raging Bolt|atk|2
|-start|p2a: Raging Bolt|confusion
|-enditem|p1a: Entei|Mirror Herb
|-boost|p1a: Entei|atk|2|[from] item: Mirror Herb
|
|upkeep
|turn|9
|
|t:|1760735537
|move|p1a: Entei|Extreme Speed|p2a: Raging Bolt
|-damage|p2a: Raging Bolt|0 fnt
|faint|p2a: Raging Bolt
|-end|p2a: Raging Bolt|Protosynthesis|[silent]
|
|upkeep
|
|t:|1760735548
|switch|p2a: Ogerpon|Ogerpon-Wellspring, F|100/100
|-activate|p2a: Ogerpon|move: Sticky Web
|-unboost|p2a: Ogerpon|spe|1
|turn|10
|
|t:|1760735552
|move|p1a: Entei|Sacred Fire|p2a: Ogerpon
|-damage|p2a: Ogerpon|0 fnt
|faint|p2a: Ogerpon
|
|upkeep
|
|t:|1760735565
|switch|p2a: Kommo-o|Kommo-o, M|100/100
|-activate|p2a: Kommo-o|move: Sticky Web
|-unboost|p2a: Kommo-o|spe|1
|turn|11
|
|t:|1760735570
|move|p1a: Entei|Extreme Speed|p2a: Kommo-o
|-crit|p2a: Kommo-o
|-damage|p2a: Kommo-o|20/100
|move|p2a: Kommo-o|Clangorous Soul||[still]
|-fail|p2a: Kommo-o
|
|upkeep
|turn|12
|
|t:|1760735575
|move|p1a: Entei|Stomping Tantrum|p2a: Kommo-o
|-damage|p2a: Kommo-o|0 fnt
|faint|p2a: Kommo-o
|
|upkeep
|
|t:|1760735579
|switch|p2a: Moltres|Moltres|100/100
|turn|13
|
|t:|1760735585
|-terastallize|p1a: Entei|Normal
|move|p1a: Entei|Extreme Speed|p2a: Moltres
|-damage|p2a: Moltres|47/100
|-status|p1a: Entei|brn|[from] ability: Flame Body|[of] p2a: Moltres
|move|p2a: Moltres|Hurricane|p1a: Entei
|-damage|p1a: Entei|44/100 brn
|
|-damage|p1a: Entei|38/100 brn|[from] brn
|upkeep
|turn|14
|
|t:|1760735594
|move|p1a: Entei|Swagger|p2a: Moltres|[miss]
|-miss|p1a: Entei|p2a: Moltres
|move|p2a: Moltres|Roost|p2a: Moltres
|-heal|p2a: Moltres|97/100
|-singleturn|p2a: Moltres|move: Roost
|
|-damage|p1a: Entei|31/100 brn|[from] brn
|upkeep
|turn|15
|c|☆luca1996|flame body is 100% burn chance
|
|t:|1760735604
|switch|p2a: Iron Crown|Iron Crown|96/100
|-activate|p2a: Iron Crown|move: Sticky Web
|-unboost|p2a: Iron Crown|spe|1
|move|p1a: Entei|Swagger|p2a: Iron Crown
|-boost|p2a: Iron Crown|atk|2
|-start|p2a: Iron Crown|confusion
|
|-damage|p1a: Entei|25/100 brn|[from] brn
|upkeep
|turn|16
|
|t:|1760735610
|-end|p2a: Iron Crown|Quark Drive|[silent]
|switch|p2a: Moltres|Moltres|97/100
|move|p1a: Entei|Sacred Fire|p2a: Moltres
|-resisted|p2a: Moltres
|-damage|p2a: Moltres|79/100
|
|-damage|p1a: Entei|19/100 brn|[from] brn
|upkeep
|turn|17
|
|t:|1760735619
|move|p1a: Entei|Extreme Speed|p2a: Moltres
|-damage|p2a: Moltres|52/100
|move|p2a: Moltres|Roost|p2a: Moltres
|-heal|p2a: Moltres|100/100
|-singleturn|p2a: Moltres|move: Roost
|
|-damage|p1a: Entei|13/100 brn|[from] brn
|upkeep
|turn|18
|
|t:|1760735639
|switch|p2a: Iron Crown|Iron Crown|96/100
|-activate|p2a: Iron Crown|move: Sticky Web
|-unboost|p2a: Iron Crown|spe|1
|move|p1a: Entei|Swagger|p2a: Iron Crown
|-boost|p2a: Iron Crown|atk|2
|-start|p2a: Iron Crown|confusion
|
|-damage|p1a: Entei|7/100 brn|[from] brn
|upkeep
|turn|19
|
|t:|1760735644
|-end|p2a: Iron Crown|Quark Drive|[silent]
|switch|p2a: Moltres|Moltres|100/100
|move|p1a: Entei|Extreme Speed|p2a: Moltres
|-damage|p2a: Moltres|73/100
|
|-damage|p1a: Entei|0 fnt|[from] brn
|faint|p1a: Entei
|upkeep
|
|t:|1760735647
|switch|p1a: Moltres|Moltres-Galar|100/100
|turn|20
|inactive|dishes_ttv has 120 seconds left.
|inactive|dishes_ttv has 90 seconds left.
|
|t:|1760735711
|move|p1a: Moltres|Fiery Wrath|p2a: Moltres
|-damage|p2a: Moltres|31/100
|move|p2a: Moltres|Hurricane|p1a: Moltres
|-damage|p1a: Moltres|64/100
|
|upkeep
|turn|21
|
|t:|1760735718
|move|p1a: Moltres|Fiery Wrath|p2a: Moltres
|-damage|p2a: Moltres|0 fnt
|faint|p2a: Moltres
|
|upkeep
|inactive|dishes_ttv has 90 seconds left.
|
|t:|1760735749
|switch|p2a: Iron Crown|Iron Crown|96/100
|-activate|p2a: Iron Crown|move: Sticky Web
|-unboost|p2a: Iron Crown|spe|1
|turn|22
|
|t:|1760735753
|move|p1a: Moltres|Fiery Wrath|p2a: Iron Crown
|-supereffective|p2a: Iron Crown
|-damage|p2a: Iron Crown|50/100
|move|p2a: Iron Crown|Volt Switch|p1a: Moltres
|-supereffective|p1a: Moltres
|-damage|p1a: Moltres|30/100
|-ability|p1a: Moltres|Berserk|boost
|-boost|p1a: Moltres|spa|1
|
|t:|1760735759
|-end|p2a: Iron Crown|Quark Drive|[silent]
|switch|p2a: Scizor|Scizor, F|43/100|[from] Volt Switch
|
|upkeep
|turn|23
|
|t:|1760735761
|move|p2a: Scizor|Bullet Punch|p1a: Moltres
|-damage|p1a: Moltres|0 fnt
|faint|p1a: Moltres
|
|upkeep
|
|t:|1760735763
|switch|p1a: Gurdurr|Gurdurr, M|100/100
|turn|24
|inactive|dishes_ttv has 90 seconds left.
|
|t:|1760735785
|move|p2a: Scizor|Swords Dance|p2a: Scizor
|-boost|p2a: Scizor|atk|2
|move|p1a: Gurdurr|Drain Punch|p2a: Scizor
|-damage|p2a: Scizor|2/100
|
|upkeep
|turn|25
|inactive|dishes_ttv has 90 seconds left.
|
|t:|1760735793
|move|p2a: Scizor|Bullet Punch|p1a: Gurdurr
|-damage|p1a: Gurdurr|53/100
|move|p1a: Gurdurr|Mach Punch|p2a: Scizor
|-damage|p2a: Scizor|0 fnt
|faint|p2a: Scizor
|
|upkeep
|inactive|dishes_ttv has 90 seconds left.
|
|t:|1760735801
|switch|p2a: Iron Crown|Iron Crown|50/100
|-activate|p2a: Iron Crown|move: Sticky Web
|-unboost|p2a: Iron Crown|spe|1
|turn|26
|
|t:|1760735806
|move|p2a: Iron Crown|Tachyon Cutter|p1a: Gurdurr
|-damage|p1a: Gurdurr|29/100
|-damage|p1a: Gurdurr|3/100
|-hitcount|p1a: Gurdurr|2
|move|p1a: Gurdurr|Knock Off|p2a: Iron Crown
|-supereffective|p2a: Iron Crown
|-damage|p2a: Iron Crown|0 fnt
|-enditem|p2a: Iron Crown|Assault Vest|[from] move: Knock Off|[of] p1a: Gurdurr
|faint|p2a: Iron Crown
|-end|p2a: Iron Crown|Quark Drive|[silent]
|
|win|luca1996
|raw|luca1996's rating: 1342 &rarr; <strong>1363</strong><br />(+21 for winning)
|raw|dishes_ttv's rating: 1364 &rarr; <strong>1343</strong><br />(-21 for losing)
|c|☆luca1996|gg
|l|☆luca1996
|player|p1|
|l|☆dishes_ttv
|player|p2|
