|j|☆MiraidonGaming
|j|☆bbygrinch
|t:|1760853143
|gametype|singles
|player|p1|MiraidonGaming|lucas|1237
|player|p2|bbygrinch|hugh|1257
|gen|9
|tier|[Gen 9] OU
|rated|
|rule|HP Percentage Mod: HP is shown in percentages
|rule|Endless Battle Clause: Forcing endless battles is banned
|rule|Species Clause: Limit one of each Pokémon
|rule|OHKO Clause: OHKO moves are banned
|rule|Evasion Items Clause: Evasion items are banned
|rule|Evasion Moves Clause: Evasion moves are banned
|rule|Evasion Abilities Clause: Evasion abilities are banned
|rule|Sleep Moves Clause: Sleep-inducing moves are banned
|clearpoke
|poke|p1|Leafeon, M|
|poke|p1|Ninetales, F|
|poke|p1|Volcanion|
|poke|p1|Arcanine-Hisui, M|
|poke|p1|Moltres|
|poke|p1|Great Tusk|
|poke|p2|Arcanine-Hisui, M|
|poke|p2|Tyranitar, M|
|poke|p2|Gholdengo|
|poke|p2|Gliscor, F|
|poke|p2|Deoxys-Speed|
|poke|p2|Araquanid, M|
|teampreview
|inactive|Battle timer is ON: inactive players will automatically lose when time's up. (requested by bbygrinch)
|
|t:|1760853167
|teamsize|p1|6
|teamsize|p2|6
|start
|switch|p1a: Solaris|Ninetales, F|100/100
|switch|p2a: frank2|Araquanid, M, shiny|100/100
|-weather|SunnyDay|[from] ability: Drought|[of] p1a: Solaris
|turn|1
|
|t:|1760853176
|move|p1a: Solaris|Overheat|p2a: frank2
|-damage|p2a: frank2|72/100
|-unboost|p1a: Solaris|spa|2
|move|p2a: frank2|Sticky Web|p1a: Solaris
|-sidestart|p1: MiraidonGaming|move: Sticky Web
|
|-weather|SunnyDay|[upkeep]
|upkeep
|turn|2
|
|t:|1760853184
|switch|p1a: Hydrus|Volcanion|100/100
|-activate|p1a: Hydrus|move: Sticky Web
|-unboost|p1a: Hydrus|spe|1
|move|p2a: frank2|Liquidation|p1a: Hydrus
|-immune|p1a: Hydrus|[from] ability: Water Absorb
|
|-weather|SunnyDay|[upkeep]
|upkeep
|turn|3
|inactive|bbygrinch has 120 seconds left.
|
|t:|1760853219
|move|p2a: frank2|Poison Jab|p1a: Hydrus
|-damage|p1a: Hydrus|84/100
|move|p1a: Hydrus|Sludge Bomb|p2a: frank2
|-damage|p2a: frank2|30/100
|-status|p2a: frank2|psn
|
|-weather|SunnyDay|[upkeep]
|-damage|p2a: frank2|18/100 psn|[from] psn
|upkeep
|turn|4
|inactive|bbygrinch has 120 seconds left.
|inactive|bbygrinch has 90 seconds left.
|
|t:|1760853265
|switch|p1a: Great Tusk|Great Tusk|100/100
|-activate|p1a: Great Tusk|move: Sticky Web
|-unboost|p1a: Great Tusk|spe|1
|-activate|p1a: Great Tusk|ability: Protosynthesis
|-start|p1a: Great Tusk|protosynthesisdef
|move|p2a: frank2|Poison Jab|p1a: Great Tusk
|-resisted|p1a: Great Tusk
|-damage|p1a: Great Tusk|97/100
|
|-weather|SunnyDay|[upkeep]
|-heal|p1a: Great Tusk|100/100|[from] item: Leftovers
|-damage|p2a: frank2|6/100 psn|[from] psn
|upkeep
|turn|5
|inactive|bbygrinch has 90 seconds left.
|
|t:|1760853279
|switch|p2a: joao|Gholdengo, shiny|100/100
|move|p1a: Great Tusk|Rapid Spin|p2a: joao
|-immune|p2a: joao
|
|-weather|SunnyDay|[upkeep]
|upkeep
|turn|6
|inactive|bbygrinch has 90 seconds left.
|
|t:|1760853289
|move|p2a: joao|Shadow Ball|p1a: Great Tusk
|-damage|p1a: Great Tusk|42/100
|move|p1a: Great Tusk|Earthquake|p2a: joao
|-supereffective|p2a: joao
|-damage|p2a: joao|0 fnt
|faint|p2a: joao
|
|-weather|SunnyDay|[upkeep]
|-heal|p1a: Great Tusk|48/100|[from] item: Leftovers
|upkeep
|inactive|bbygrinch has 90 seconds left.
|
|t:|1760853298
|switch|p2a: toby|Arcanine-Hisui, M|100/100
|turn|7
|inactive|bbygrinch has 90 seconds left.
|
|t:|1760853318
|-end|p1a: Great Tusk|Protosynthesis|[silent]
|switch|p1a: Hydrus|Volcanion|84/100
|-activate|p1a: Hydrus|move: Sticky Web
|-unboost|p1a: Hydrus|spe|1
|move|p2a: toby|Flare Blitz|p1a: Hydrus
|-resisted|p1a: Hydrus
|-damage|p1a: Hydrus|61/100
|-damage|p2a: toby|91/100|[from] item: Life Orb
|
|-weather|SunnyDay|[upkeep]
|upkeep
|turn|8
|inactive|bbygrinch has 90 seconds left.
|
|t:|1760853340
|move|p2a: toby|Head Smash|p1a: Hydrus
|-supereffective|p1a: Hydrus
|-damage|p1a: Hydrus|0 fnt
|faint|p1a: Hydrus
|-damage|p2a: toby|81/100|[from] item: Life Orb
|
|-weather|none
|upkeep
|
|t:|1760853345
|switch|p1a: Great Tusk|Great Tusk|48/100
|-activate|p1a: Great Tusk|move: Sticky Web
|-unboost|p1a: Great Tusk|spe|1
|turn|9
|
|t:|1760853358
|move|p2a: toby|Flare Blitz|p1a: Great Tusk
|-damage|p1a: Great Tusk|14/100
|-damage|p2a: toby|71/100|[from] item: Life Orb
|move|p1a: Great Tusk|Rapid Spin|p2a: toby
|-resisted|p2a: toby
|-damage|p2a: toby|61/100
|-boost|p1a: Great Tusk|spe|1
|-sideend|p1: MiraidonGaming|Sticky Web|[from] move: Rapid Spin|[of] p1a: Great Tusk
|
|-heal|p1a: Great Tusk|20/100|[from] item: Leftovers
|upkeep
|turn|10
|
|t:|1760853369
|move|p2a: toby|Flare Blitz|p1a: Great Tusk
|-damage|p1a: Great Tusk|0 fnt
|faint|p1a: Great Tusk
|-end|p1a: Great Tusk|Protosynthesis|[silent]
|-damage|p2a: toby|51/100|[from] item: Life Orb
|
|upkeep
|
|t:|1760853376
|switch|p1a: Volcanis|Arcanine-Hisui, M|100/100
|turn|11
|inactive|bbygrinch has 90 seconds left.
|
|t:|1760853381
|move|p1a: Volcanis|Head Smash|p2a: toby
|-supereffective|p2a: toby
|-damage|p2a: toby|0 fnt
|faint|p2a: toby
|
|upkeep
|inactive|bbygrinch has 90 seconds left.
|
|t:|1760853398
|switch|p2a: bruce wayne|Gliscor, F, shiny|100/100
|turn|12
|
|t:|1760853402
|move|p1a: Volcanis|Head Smash|p2a: bruce wayne
|-damage|p2a: bruce wayne|35/100
|move|p2a: bruce wayne|Earthquake|p1a: Volcanis
|-supereffective|p1a: Volcanis
|-damage|p1a: Volcanis|0 fnt
|faint|p1a: Volcanis
|
|-status|p2a: bruce wayne|tox|[from] item: Toxic Orb
|upkeep
|
|t:|1760853407
|switch|p1a: Solaris|Ninetales, F|100/100
|-weather|SunnyDay|[from] ability: Drought|[of] p1a: Solaris
|turn|13
|inactive|bbygrinch has 90 seconds left.
|
|t:|1760853423
|move|p1a: Solaris|Hex|p2a: bruce wayne
|-damage|p2a: bruce wayne|0 fnt
|faint|p2a: bruce wayne
|
|-weather|SunnyDay|[upkeep]
|upkeep
|inactive|bbygrinch has 90 seconds left.
|
|t:|1760853430
|switch|p2a: matheus|Tyranitar, M, shiny|100/100
|-weather|Sandstorm|[from] ability: Sand Stream|[of] p2a: matheus
|turn|14
|inactive|bbygrinch has 90 seconds left.
|
|t:|1760853440
|move|p1a: Solaris|Will-O-Wisp|p2a: matheus
|-status|p2a: matheus|brn
|move|p2a: matheus|Crunch|p1a: Solaris
|-damage|p1a: Solaris|64/100
|
|-weather|Sandstorm|[upkeep]
|-damage|p1a: Solaris|58/100|[from] Sandstorm
|-damage|p2a: matheus|94/100 brn|[from] brn
|upkeep
|turn|15
|
|t:|1760853450
|switch|p1a: Icarus|Moltres|100/100
|move|p2a: matheus|Stone Edge|p1a: Icarus
|-supereffective|p1a: Icarus
|-damage|p1a: Icarus|0 fnt
|faint|p1a: Icarus
|
|-weather|Sandstorm|[upkeep]
|-damage|p2a: matheus|88/100 brn|[from] brn
|upkeep
|
|t:|1760853452
|switch|p1a: Solaris|Ninetales, F|58/100
|-weather|SunnyDay|[from] ability: Drought|[of] p1a: Solaris
|turn|16
|
|t:|1760853462
|switch|p1a: Grames|Leafeon, M|100/100
|switch|p2a: frank2|Araquanid, M, shiny|6/100 psn
|
|-weather|SunnyDay|[upkeep]
|-damage|p2a: frank2|0 fnt|[from] psn
|faint|p2a: frank2
|upkeep
|
|t:|1760853470
|switch|p2a: matheus|Tyranitar, M, shiny|88/100 brn
|-weather|Sandstorm|[from] ability: Sand Stream|[of] p2a: matheus
|turn|17
|
|t:|1760853479
|switch|p1a: Solaris|Ninetales, F|58/100
|-weather|SunnyDay|[from] ability: Drought|[of] p1a: Solaris
|-terastallize|p2a: matheus|Flying
|move|p2a: matheus|Body Slam|p1a: Solaris
|-damage|p1a: Solaris|35/100
|
|-weather|SunnyDay|[upkeep]
|-damage|p2a: matheus|82/100 brn|[from] brn
|upkeep
|turn|18
|
|t:|1760853496
|move|p1a: Solaris|Overheat|p2a: matheus
|-damage|p2a: matheus|38/100 brn
|-unboost|p1a: Solaris|spa|2
|move|p2a: matheus|Crunch|p1a: Solaris
|-damage|p1a: Solaris|0 fnt
|faint|p1a: Solaris
|
|-weather|SunnyDay|[upkeep]
|-damage|p2a: matheus|32/100 brn|[from] brn
|upkeep
|
|t:|1760853499
|switch|p1a: Grames|Leafeon, M|100/100
|turn|19
|
|t:|1760853512
|move|p1a: Grames|Knock Off|p2a: matheus
|-damage|p2a: matheus|0 fnt
|-enditem|p2a: matheus|Assault Vest|[from] move: Knock Off|[of] p1a: Grames
|faint|p2a: matheus
|-damage|p1a: Grames|91/100|[from] item: Life Orb
|
|-weather|SunnyDay|[upkeep]
|upkeep
|
|t:|1760853519
|switch|p2a: frank|Deoxys-Speed, shiny|100/100
|-ability|p2a: frank|Pressure
|turn|20
|
|t:|1760853523
|move|p1a: Grames|Knock Off|p2a: frank
|-supereffective|p2a: frank
|-damage|p2a: frank|0 fnt
|-enditem|p2a: frank|Expert Belt|[from] move: Knock Off|[of] p1a: Grames
|faint|p2a: frank
|-damage|p1a: Grames|81/100|[from] item: Life Orb
|
|win|MiraidonGaming
|raw|MiraidonGaming's rating: 1237 &rarr; <strong>1263</strong><br />(+26 for winning)
|raw|bbygrinch's rating: 1257 &rarr; <strong>1231</strong><br />(-26 for losing)
|l|☆bbygrinch
|player|p2|
|l|☆MiraidonGaming
|player|p1|
