|j|☆hi im squid
|j|☆salent
|t:|1760815632
|gametype|singles
|player|p1|hi im squid|1|1063
|player|p2|salent|roughneck-gen4|1098
|gen|9
|tier|[Gen 9] OU
|rated|
|rule|HP Percentage Mod: HP is shown in percentages
|rule|Endless Battle Clause: Forcing endless battles is banned
|rule|Species Clause: Limit one of each Pokémon
|rule|OHKO Clause: OHKO moves are banned
|rule|Evasion Items Clause: Evasion items are banned
|rule|Evasion Moves Clause: Evasion moves are banned
|rule|Evasion Abilities Clause: Evasion abilities are banned
|rule|Sleep Moves Clause: Sleep-inducing moves are banned
|clearpoke
|poke|p1|Rillaboom, M|
|poke|p1|Cacturne, M|
|poke|p1|Arboliva, M|
|poke|p1|Electrode-Hisui|
|poke|p1|Hitmonlee, M|
|poke|p1|Muk-Alola, M|
|poke|p2|Dugtrio, M|
|poke|p2|Noivern, M|
|poke|p2|Sylveon, F|
|poke|p2|Corviknight, F|
|poke|p2|Metagross|
|poke|p2|Dondozo, F|
|teampreview
|inactive|Battle timer is ON: inactive players will automatically lose when time's up. (requested by hi im squid)
|
|t:|1760815653
|teamsize|p1|6
|teamsize|p2|6
|start
|switch|p1a: Arboliva|Arboliva, M|100/100
|switch|p2a: Noivern|Noivern, M|100/100
|-item|p1a: Arboliva|Leftovers|[from] ability: Frisk|[of] p2a: Noivern
|turn|1
|
|t:|1760815665
|move|p2a: Noivern|Flamethrower|p1a: Arboliva
|-supereffective|p1a: Arboliva
|-damage|p1a: Arboliva|55/100
|-fieldstart|move: Grassy Terrain|[from] ability: Seed Sower|[of] p1a: Arboliva
|move|p1a: Arboliva|Leech Seed|p2a: Noivern
|-start|p2a: Noivern|move: Leech Seed
|
|-heal|p1a: Arboliva|62/100|[from] Grassy Terrain
|-heal|p1a: Arboliva|68/100|[from] item: Leftovers
|-damage|p2a: Noivern|88/100|[from] Leech Seed|[of] p1a: Arboliva
|-heal|p1a: Arboliva|78/100|[silent]
|upkeep
|turn|2
|
|t:|1760815679
|move|p2a: Noivern|Flamethrower|p1a: Arboliva
|-supereffective|p1a: Arboliva
|-damage|p1a: Arboliva|33/100
|move|p1a: Arboliva|Hyper Voice|p2a: Noivern
|-damage|p2a: Noivern|20/100
|
|-heal|p1a: Arboliva|39/100|[from] Grassy Terrain
|-heal|p1a: Arboliva|45/100|[from] item: Leftovers
|-damage|p2a: Noivern|8/100|[from] Leech Seed|[of] p1a: Arboliva
|-heal|p1a: Arboliva|55/100|[silent]
|upkeep
|turn|3
|
|t:|1760815690
|move|p2a: Noivern|Roost|p2a: Noivern
|-heal|p2a: Noivern|58/100
|-singleturn|p2a: Noivern|move: Roost
|move|p1a: Arboliva|Leech Seed||[still]
|-fail|p1a: Arboliva
|
|-heal|p2a: Noivern|64/100|[from] Grassy Terrain
|-heal|p1a: Arboliva|62/100|[from] Grassy Terrain
|-heal|p1a: Arboliva|68/100|[from] item: Leftovers
|-damage|p2a: Noivern|52/100|[from] Leech Seed|[of] p1a: Arboliva
|-heal|p1a: Arboliva|78/100|[silent]
|upkeep
|turn|4
|
|t:|1760815702
|move|p2a: Noivern|Flamethrower|p1a: Arboliva
|-supereffective|p1a: Arboliva
|-damage|p1a: Arboliva|33/100
|move|p1a: Arboliva|Hyper Voice|p2a: Noivern
|-damage|p2a: Noivern|0 fnt
|faint|p2a: Noivern
|
|-heal|p1a: Arboliva|39/100|[from] Grassy Terrain
|-heal|p1a: Arboliva|45/100|[from] item: Leftovers
|upkeep
|
|t:|1760815716
|switch|p2a: Corviknight|Corviknight, F|100/100
|-ability|p2a: Corviknight|Pressure
|turn|5
|
|t:|1760815731
|-terastallize|p2a: Corviknight|Dragon
|move|p2a: Corviknight|Brave Bird|p1a: Arboliva
|-supereffective|p1a: Arboliva
|-damage|p1a: Arboliva|0 fnt
|faint|p1a: Arboliva
|-damage|p2a: Corviknight|87/100|[from] Recoil
|
|-heal|p2a: Corviknight|93/100|[from] Grassy Terrain
|-fieldend|move: Grassy Terrain
|upkeep
|
|t:|1760815739
|switch|p1a: Muk|Muk-Alola, M, shiny|100/100
|turn|6
|
|t:|1760815751
|switch|p2a: Sylveon|Sylveon, F|100/100
|move|p1a: Muk|Taunt|p2a: Sylveon
|-start|p2a: Sylveon|move: Taunt
|
|upkeep
|turn|7
|
|t:|1760815762
|move|p2a: Sylveon|Psychic|p1a: Muk
|-immune|p1a: Muk
|move|p1a: Muk|Curse|p1a: Muk
|-unboost|p1a: Muk|spe|1
|-boost|p1a: Muk|atk|1
|-boost|p1a: Muk|def|1
|
|upkeep
|turn|8
|
|t:|1760815772
|switch|p2a: Dugtrio|Dugtrio, M|100/100
|move|p1a: Muk|Curse|p1a: Muk
|-unboost|p1a: Muk|spe|1
|-boost|p1a: Muk|atk|1
|-boost|p1a: Muk|def|1
|
|upkeep
|turn|9
|
|t:|1760815787
|-terastallize|p1a: Muk|Flying
|move|p2a: Dugtrio|Earthquake|p1a: Muk
|-immune|p1a: Muk
|move|p1a: Muk|Knock Off|p2a: Dugtrio
|-damage|p2a: Dugtrio|0 fnt
|-enditem|p2a: Dugtrio|Choice Scarf|[from] move: Knock Off|[of] p1a: Muk
|faint|p2a: Dugtrio
|
|upkeep
|
|t:|1760815800
|switch|p2a: Sylveon|Sylveon, F|100/100
|turn|10
|
|t:|1760815814
|move|p2a: Sylveon|Hyper Voice|p1a: Muk
|-damage|p1a: Muk|35/100
|move|p1a: Muk|Poison Jab|p2a: Sylveon
|-supereffective|p2a: Sylveon
|-damage|p2a: Sylveon|0 fnt
|faint|p2a: Sylveon
|
|-heal|p1a: Muk|41/100|[from] item: Leftovers
|upkeep
|
|t:|1760815827
|switch|p2a: Metagross|Metagross|100/100
|turn|11
|
|t:|1760815840
|move|p2a: Metagross|Earthquake|p1a: Muk
|-immune|p1a: Muk
|move|p1a: Muk|Knock Off|p2a: Metagross
|-supereffective|p2a: Metagross
|-damage|p2a: Metagross|0 fnt
|-enditem|p2a: Metagross|Choice Band|[from] move: Knock Off|[of] p1a: Muk
|faint|p2a: Metagross
|
|-heal|p1a: Muk|47/100|[from] item: Leftovers
|upkeep
|
|t:|1760815853
|switch|p2a: Corviknight|Corviknight, F, tera:Dragon|93/100
|-ability|p2a: Corviknight|Pressure
|turn|12
|
|t:|1760815860
|move|p2a: Corviknight|Brave Bird|p1a: Muk
|-damage|p1a: Muk|29/100
|-damage|p2a: Corviknight|87/100|[from] Recoil
|move|p1a: Muk|Poison Jab|p2a: Corviknight
|-damage|p2a: Corviknight|37/100
|-status|p2a: Corviknight|psn
|-damage|p1a: Muk|12/100|[from] item: Rocky Helmet|[of] p2a: Corviknight
|
|-heal|p1a: Muk|18/100|[from] item: Leftovers
|-damage|p2a: Corviknight|24/100 psn|[from] psn
|upkeep
|turn|13
|
|t:|1760815875
|move|p2a: Corviknight|Roost|p2a: Corviknight
|-heal|p2a: Corviknight|74/100 psn
|move|p1a: Muk|Curse|p1a: Muk
|-unboost|p1a: Muk|spe|1
|-boost|p1a: Muk|atk|1
|-boost|p1a: Muk|def|1
|
|-heal|p1a: Muk|24/100|[from] item: Leftovers
|-damage|p2a: Corviknight|62/100 psn|[from] psn
|upkeep
|turn|14
|
|t:|1760815890
|move|p2a: Corviknight|Brave Bird|p1a: Muk
|-damage|p1a: Muk|9/100
|-damage|p2a: Corviknight|57/100 psn|[from] Recoil
|move|p1a: Muk|Curse|p1a: Muk
|-unboost|p1a: Muk|spe|1
|-boost|p1a: Muk|atk|1
|-boost|p1a: Muk|def|1
|
|-heal|p1a: Muk|15/100|[from] item: Leftovers
|-damage|p2a: Corviknight|45/100 psn|[from] psn
|upkeep
|turn|15
|
|t:|1760815904
|move|p2a: Corviknight|Roost|p2a: Corviknight
|-heal|p2a: Corviknight|95/100 psn
|move|p1a: Muk|Curse|p1a: Muk
|-unboost|p1a: Muk|spe|1
|-boost|p1a: Muk|atk|1
|-boost|p1a: Muk|def|1
|
|-heal|p1a: Muk|21/100|[from] item: Leftovers
|-damage|p2a: Corviknight|82/100 psn|[from] psn
|upkeep
|turn|16
|
|t:|1760815918
|move|p2a: Corviknight|Brave Bird|p1a: Muk
|-damage|p1a: Muk|9/100
|-damage|p2a: Corviknight|78/100 psn|[from] Recoil
|move|p1a: Muk|Taunt|p2a: Corviknight
|-start|p2a: Corviknight|move: Taunt
|
|-heal|p1a: Muk|15/100|[from] item: Leftovers
|-damage|p2a: Corviknight|66/100 psn|[from] psn
|upkeep
|turn|17
|
|t:|1760815930
|move|p2a: Corviknight|Brave Bird|p1a: Muk
|-damage|p1a: Muk|4/100
|-damage|p2a: Corviknight|62/100 psn|[from] Recoil
|move|p1a: Muk|Curse|p1a: Muk
|-unboost|p1a: Muk|spe|1
|-boost|p1a: Muk|atk|1
|-boost|p1a: Muk|def|1
|
|-heal|p1a: Muk|10/100|[from] item: Leftovers
|-damage|p2a: Corviknight|50/100 psn|[from] psn
|upkeep
|turn|18
|
|t:|1760815949
|move|p2a: Corviknight|Brave Bird|p1a: Muk
|-damage|p1a: Muk|1/100
|-damage|p2a: Corviknight|47/100 psn|[from] Recoil
|move|p1a: Muk|Poison Jab|p2a: Corviknight
|-damage|p2a: Corviknight|0 fnt
|-damage|p1a: Muk|0 fnt|[from] item: Rocky Helmet|[of] p2a: Corviknight
|faint|p2a: Corviknight
|faint|p1a: Muk
|
|upkeep
|inactive|salent has 120 seconds left.
|
|t:|1760815982
|switch|p2a: Dondozo|Dondozo, F|100/100
|switch|p1a: Rillaboom|Rillaboom, M, shiny|100/100
|-fieldstart|move: Grassy Terrain|[from] ability: Grassy Surge|[of] p1a: Rillaboom
|turn|19
|
|t:|1760815992
|move|p1a: Rillaboom|U-turn|p2a: Dondozo
|-damage|p2a: Dondozo|88/100
|
|t:|1760815994
|switch|p1a: Electrode|Electrode-Hisui, shiny|100/100|[from] U-turn
|move|p2a: Dondozo|Waterfall|p1a: Electrode
|-resisted|p1a: Electrode
|-damage|p1a: Electrode|74/100
|
|-heal|p1a: Electrode|81/100|[from] Grassy Terrain
|-heal|p2a: Dondozo|94/100|[from] Grassy Terrain
|-heal|p2a: Dondozo|99/100|[from] item: Leftovers
|upkeep
|turn|20
|
|t:|1760816011
|move|p1a: Electrode|Chloroblast|p2a: Dondozo
|-supereffective|p2a: Dondozo
|-damage|p2a: Dondozo|0 fnt
|faint|p2a: Dondozo
|-damage|p1a: Electrode|30/100|[from] Recoil
|
|win|hi im squid
|raw|hi im squid's rating: 1063 &rarr; <strong>1097</strong><br />(+34 for winning)
|raw|salent's rating: 1098 &rarr; <strong>1071</strong><br />(-27 for losing)
|l|☆salent
|player|p2|
|l|☆hi im squid
|player|p1|
