|j|☆Marc_Hsiao
|j|☆Bogatyum
|t:|1760798896
|gametype|singles
|player|p1|Marc_Hsiao|265|1136
|player|p2|Bogatyum|ethan|1109
|gen|9
|tier|[Gen 9] OU
|rated|
|rule|HP Percentage Mod: HP is shown in percentages
|rule|Endless Battle Clause: Forcing endless battles is banned
|rule|Species Clause: Limit one of each Pokémon
|rule|OHKO Clause: OHKO moves are banned
|rule|Evasion Items Clause: Evasion items are banned
|rule|Evasion Moves Clause: Evasion moves are banned
|rule|Evasion Abilities Clause: Evasion abilities are banned
|rule|Sleep Moves Clause: Sleep-inducing moves are banned
|clearpoke
|poke|p1|Gliscor, F|
|poke|p1|Corviknight, F|
|poke|p1|Garganacl, M|
|poke|p1|Whimsicott, M|
|poke|p1|Ogerpon-Cornerstone, F|
|poke|p1|Dondozo, M|
|poke|p2|Blastoise, M|
|poke|p2|Mimikyu, F|
|poke|p2|Gengar, M|
|poke|p2|Tinkaton, F|
|poke|p2|Zapdos|
|poke|p2|Scream Tail|
|teampreview
|
|t:|1760798928
|teamsize|p1|6
|teamsize|p2|6
|start
|switch|p1a: Garganacl|Garganacl, M|100/100
|switch|p2a: Scream Tail|Scream Tail|100/100
|-enditem|p2a: Scream Tail|Booster Energy
|-activate|p2a: Scream Tail|ability: Protosynthesis|[fromitem]
|-start|p2a: Scream Tail|protosynthesisspe
|turn|1
|
|t:|1760798940
|move|p2a: Scream Tail|Focus Blast|p1a: Garganacl|[miss]
|-miss|p2a: Scream Tail|p1a: Garganacl
|move|p1a: Garganacl|Stealth Rock|p2a: Scream Tail
|-sidestart|p2: Bogatyum|move: Stealth Rock
|
|upkeep
|turn|2
|
|t:|1760798964
|move|p2a: Scream Tail|Calm Mind|p2a: Scream Tail
|-boost|p2a: Scream Tail|spa|1
|-boost|p2a: Scream Tail|spd|1
|move|p1a: Garganacl|Salt Cure|p2a: Scream Tail
|-damage|p2a: Scream Tail|85/100
|-start|p2a: Scream Tail|Salt Cure
|
|-damage|p2a: Scream Tail|72/100|[from] Salt Cure
|upkeep
|turn|3
|
|t:|1760798976
|switch|p1a: Whimsicott|Whimsicott, M|100/100
|move|p2a: Scream Tail|Focus Blast|p1a: Whimsicott
|-resisted|p1a: Whimsicott
|-damage|p1a: Whimsicott|80/100
|-unboost|p1a: Whimsicott|spd|1
|
|-heal|p1a: Whimsicott|87/100|[from] item: Leftovers
|-damage|p2a: Scream Tail|60/100|[from] Salt Cure
|upkeep
|turn|4
|
|t:|1760798993
|move|p1a: Whimsicott|Substitute|p1a: Whimsicott
|-start|p1a: Whimsicott|Substitute
|-damage|p1a: Whimsicott|62/100
|move|p2a: Scream Tail|Psychic Noise|p1a: Whimsicott
|-damage|p1a: Whimsicott|8/100
|-start|p1a: Whimsicott|move: Heal Block
|
|-damage|p2a: Scream Tail|48/100|[from] Salt Cure
|upkeep
|turn|5
|
|t:|1760799008
|-end|p2a: Scream Tail|Protosynthesis|[silent]
|switch|p2a: Zapdos|Zapdos|100/100
|switch|p1a: Dondozo|Dondozo, M|100/100
|
|upkeep
|turn|6
|
|t:|1760799017
|switch|p1a: Gliscor|Gliscor, F|100/100
|move|p2a: Zapdos|Thunderbolt|p1a: Gliscor
|-immune|p1a: Gliscor
|
|-status|p1a: Gliscor|tox|[from] item: Toxic Orb
|upkeep
|turn|7
|
|t:|1760799027
|-terastallize|p2a: Zapdos|Steel
|move|p1a: Gliscor|Toxic|p2a: Zapdos
|-immune|p2a: Zapdos
|move|p2a: Zapdos|Hurricane|p1a: Gliscor
|-damage|p1a: Gliscor|39/100 tox
|
|-heal|p1a: Gliscor|52/100 tox|[from] ability: Poison Heal
|upkeep
|turn|8
|
|t:|1760799039
|move|p1a: Gliscor|Protect|p1a: Gliscor
|-singleturn|p1a: Gliscor|Protect
|move|p2a: Zapdos|Hurricane|p1a: Gliscor
|-activate|p1a: Gliscor|move: Protect
|
|-heal|p1a: Gliscor|64/100 tox|[from] ability: Poison Heal
|upkeep
|turn|9
|
|t:|1760799060
|move|p1a: Gliscor|Earthquake|p2a: Zapdos
|-supereffective|p2a: Zapdos
|-damage|p2a: Zapdos|57/100
|move|p2a: Zapdos|Hurricane|p1a: Gliscor
|-damage|p1a: Gliscor|6/100 tox
|-start|p1a: Gliscor|confusion
|
|-heal|p1a: Gliscor|19/100 tox|[from] ability: Poison Heal
|upkeep
|turn|10
|
|t:|1760799081
|-activate|p1a: Gliscor|confusion
|move|p1a: Gliscor|Protect|p1a: Gliscor
|-singleturn|p1a: Gliscor|Protect
|move|p2a: Zapdos|Roost|p2a: Zapdos
|-heal|p2a: Zapdos|100/100
|
|-heal|p1a: Gliscor|31/100 tox|[from] ability: Poison Heal
|upkeep
|turn|11
|
|t:|1760799091
|switch|p1a: Garganacl|Garganacl, M|100/100
|move|p2a: Zapdos|Hurricane|p1a: Garganacl
|-resisted|p1a: Garganacl
|-damage|p1a: Garganacl|76/100
|-start|p1a: Garganacl|confusion
|
|-heal|p1a: Garganacl|82/100|[from] item: Leftovers
|upkeep
|turn|12
|
|t:|1760799114
|move|p2a: Zapdos|U-turn|p1a: Garganacl
|-damage|p1a: Garganacl|74/100
|
|t:|1760799117
|switch|p2a: Mimikyu|Mimikyu, F|100/100|[from] U-turn
|-damage|p2a: Mimikyu|88/100|[from] Stealth Rock
|-activate|p1a: Garganacl|confusion
|move|p1a: Garganacl|Salt Cure|p2a: Mimikyu
|-activate|p2a: Mimikyu|ability: Disguise
|-damage|p2a: Mimikyu|88/100
|-start|p2a: Mimikyu|Salt Cure
|detailschange|p2a: Mimikyu|Mimikyu-Busted, F
|-damage|p2a: Mimikyu|76/100|[from] pokemon: Mimikyu-Busted
|
|-heal|p1a: Garganacl|80/100|[from] item: Leftovers
|-damage|p2a: Mimikyu|63/100|[from] Salt Cure
|upkeep
|turn|13
|
|t:|1760799134
|move|p2a: Mimikyu|Drain Punch|p1a: Garganacl
|-supereffective|p1a: Garganacl
|-damage|p1a: Garganacl|44/100
|-heal|p2a: Mimikyu|86/100|[from] drain|[of] p1a: Garganacl
|-damage|p2a: Mimikyu|76/100|[from] item: Life Orb
|-activate|p1a: Garganacl|confusion
|-damage|p1a: Garganacl|37/100|[from] confusion
|
|-heal|p1a: Garganacl|44/100|[from] item: Leftovers
|-damage|p2a: Mimikyu|64/100|[from] Salt Cure
|upkeep
|turn|14
|
|t:|1760799149
|move|p2a: Mimikyu|Drain Punch|p1a: Garganacl
|-supereffective|p1a: Garganacl
|-damage|p1a: Garganacl|7/100
|-heal|p2a: Mimikyu|87/100|[from] drain|[of] p1a: Garganacl
|-damage|p2a: Mimikyu|78/100|[from] item: Life Orb
|-activate|p1a: Garganacl|confusion
|-damage|p1a: Garganacl|0 fnt|[from] confusion
|faint|p1a: Garganacl
|
|-damage|p2a: Mimikyu|65/100|[from] Salt Cure
|upkeep
|
|t:|1760799166
|switch|p1a: Gliscor|Gliscor, F|31/100 tox
|turn|15
|
|t:|1760799173
|move|p1a: Gliscor|Substitute|p1a: Gliscor
|-start|p1a: Gliscor|Substitute
|-damage|p1a: Gliscor|6/100 tox
|move|p2a: Mimikyu|Shadow Claw|p1a: Gliscor
|-end|p1a: Gliscor|Substitute
|-damage|p2a: Mimikyu|55/100|[from] item: Life Orb
|
|-heal|p1a: Gliscor|19/100 tox|[from] ability: Poison Heal
|-damage|p2a: Mimikyu|43/100|[from] Salt Cure
|upkeep
|turn|16
|
|t:|1760799183
|move|p1a: Gliscor|Protect|p1a: Gliscor
|-singleturn|p1a: Gliscor|Protect
|move|p2a: Mimikyu|Swords Dance|p2a: Mimikyu
|-boost|p2a: Mimikyu|atk|2
|
|-heal|p1a: Gliscor|31/100 tox|[from] ability: Poison Heal
|-damage|p2a: Mimikyu|30/100|[from] Salt Cure
|upkeep
|turn|17
|
|t:|1760799194
|switch|p1a: Dondozo|Dondozo, M|100/100
|move|p2a: Mimikyu|Shadow Claw|p1a: Dondozo
|-damage|p1a: Dondozo|83/100
|-damage|p2a: Mimikyu|21/100|[from] item: Life Orb
|
|-heal|p1a: Dondozo|89/100|[from] item: Leftovers
|-damage|p2a: Mimikyu|8/100|[from] Salt Cure
|upkeep
|turn|18
|
|t:|1760799206
|switch|p2a: Zapdos|Zapdos, tera:Steel|100/100
|move|p1a: Dondozo|Curse|p1a: Dondozo
|-unboost|p1a: Dondozo|spe|1
|-boost|p1a: Dondozo|atk|1
|-boost|p1a: Dondozo|def|1
|
|-heal|p1a: Dondozo|95/100|[from] item: Leftovers
|upkeep
|turn|19
|
|t:|1760799216
|move|p1a: Dondozo|Protect|p1a: Dondozo
|-singleturn|p1a: Dondozo|Protect
|move|p2a: Zapdos|Thunderbolt|p1a: Dondozo
|-activate|p1a: Dondozo|move: Protect
|
|-heal|p1a: Dondozo|100/100|[from] item: Leftovers
|upkeep
|turn|20
|
|t:|1760799225
|move|p2a: Zapdos|Thunderbolt|p1a: Dondozo
|-supereffective|p1a: Dondozo
|-damage|p1a: Dondozo|25/100
|move|p1a: Dondozo|Earthquake|p2a: Zapdos
|-supereffective|p2a: Zapdos
|-damage|p2a: Zapdos|51/100
|
|-heal|p1a: Dondozo|32/100|[from] item: Leftovers
|upkeep
|turn|21
|
|t:|1760799254
|move|p1a: Dondozo|Protect|p1a: Dondozo
|-singleturn|p1a: Dondozo|Protect
|move|p2a: Zapdos|Roost|p2a: Zapdos
|-heal|p2a: Zapdos|100/100
|
|-heal|p1a: Dondozo|38/100|[from] item: Leftovers
|upkeep
|turn|22
|inactive|Battle timer is ON: inactive players will automatically lose when time's up. (requested by Bogatyum)
|
|t:|1760799263
|switch|p1a: Gliscor|Gliscor, F|31/100 tox
|move|p2a: Zapdos|Thunderbolt|p1a: Gliscor
|-immune|p1a: Gliscor
|
|-heal|p1a: Gliscor|43/100 tox|[from] ability: Poison Heal
|upkeep
|turn|23
|
|t:|1760799276
|move|p1a: Gliscor|Protect|p1a: Gliscor
|-singleturn|p1a: Gliscor|Protect
|move|p2a: Zapdos|Thunderbolt|p1a: Gliscor
|-activate|p1a: Gliscor|move: Protect
|
|-heal|p1a: Gliscor|56/100 tox|[from] ability: Poison Heal
|upkeep
|turn|24
|
|t:|1760799284
|move|p1a: Gliscor|Substitute|p1a: Gliscor
|-start|p1a: Gliscor|Substitute
|-damage|p1a: Gliscor|31/100 tox
|move|p2a: Zapdos|Hurricane|p1a: Gliscor
|-end|p1a: Gliscor|Substitute
|
|-heal|p1a: Gliscor|43/100 tox|[from] ability: Poison Heal
|upkeep
|turn|25
|
|t:|1760799293
|move|p1a: Gliscor|Protect|p1a: Gliscor
|-singleturn|p1a: Gliscor|Protect
|move|p2a: Zapdos|Hurricane|p1a: Gliscor
|-activate|p1a: Gliscor|move: Protect
|
|-heal|p1a: Gliscor|56/100 tox|[from] ability: Poison Heal
|upkeep
|turn|26
|
|t:|1760799310
|move|p1a: Gliscor|Substitute|p1a: Gliscor
|-start|p1a: Gliscor|Substitute
|-damage|p1a: Gliscor|31/100 tox
|move|p2a: Zapdos|Hurricane|p1a: Gliscor
|-end|p1a: Gliscor|Substitute
|
|-heal|p1a: Gliscor|43/100 tox|[from] ability: Poison Heal
|upkeep
|turn|27
|inactive|Bogatyum has 120 seconds left.
|
|t:|1760799340
|switch|p2a: Blastoise|Blastoise, M|100/100
|-damage|p2a: Blastoise|88/100|[from] Stealth Rock
|move|p1a: Gliscor|Protect||[still]
|-fail|p1a: Gliscor
|
|-heal|p1a: Gliscor|56/100 tox|[from] ability: Poison Heal
|upkeep
|turn|28
|inactive|Marc_Hsiao has 120 seconds left.
|
|t:|1760799373
|move|p1a: Gliscor|Substitute|p1a: Gliscor
|-start|p1a: Gliscor|Substitute
|-damage|p1a: Gliscor|31/100 tox
|move|p2a: Blastoise|Shell Smash|p2a: Blastoise
|-unboost|p2a: Blastoise|def|1
|-unboost|p2a: Blastoise|spd|1
|-boost|p2a: Blastoise|atk|2
|-boost|p2a: Blastoise|spa|2
|-boost|p2a: Blastoise|spe|2
|-enditem|p2a: Blastoise|White Herb
|-clearnegativeboost|p2a: Blastoise|[silent]
|
|-heal|p1a: Gliscor|43/100 tox|[from] ability: Poison Heal
|upkeep
|turn|29
|inactive|Bogatyum has 120 seconds left.
|
|t:|1760799391
|move|p1a: Gliscor|Protect|p1a: Gliscor
|-singleturn|p1a: Gliscor|Protect
|move|p2a: Blastoise|Ice Beam|p1a: Gliscor
|-activate|p1a: Gliscor|move: Protect
|
|-heal|p1a: Gliscor|56/100 tox|[from] ability: Poison Heal
|upkeep
|turn|30
|
|t:|1760799400
|move|p2a: Blastoise|Ice Beam|p1a: Gliscor
|-supereffective|p1a: Gliscor
|-end|p1a: Gliscor|Substitute
|move|p1a: Gliscor|Toxic|p2a: Blastoise|[miss]
|-miss|p1a: Gliscor|p2a: Blastoise
|
|-heal|p1a: Gliscor|68/100 tox|[from] ability: Poison Heal
|upkeep
|turn|31
|
|t:|1760799409
|move|p1a: Gliscor|Protect|p1a: Gliscor
|-singleturn|p1a: Gliscor|Protect
|move|p2a: Blastoise|Shell Smash|p2a: Blastoise
|-unboost|p2a: Blastoise|def|1
|-unboost|p2a: Blastoise|spd|1
|-boost|p2a: Blastoise|atk|2
|-boost|p2a: Blastoise|spa|2
|-boost|p2a: Blastoise|spe|2
|
|-heal|p1a: Gliscor|81/100 tox|[from] ability: Poison Heal
|upkeep
|turn|32
|
|t:|1760799419
|switch|p1a: Dondozo|Dondozo, M|38/100
|move|p2a: Blastoise|Ice Beam|p1a: Dondozo
|-resisted|p1a: Dondozo
|-damage|p1a: Dondozo|26/100
|
|-heal|p1a: Dondozo|32/100|[from] item: Leftovers
|upkeep
|turn|33
|
|t:|1760799428
|move|p1a: Dondozo|Protect|p1a: Dondozo
|-singleturn|p1a: Dondozo|Protect
|move|p2a: Blastoise|Tera Blast|p1a: Dondozo
|-activate|p1a: Dondozo|move: Protect
|
|-heal|p1a: Dondozo|39/100|[from] item: Leftovers
|upkeep
|turn|34
|
|t:|1760799440
|move|p2a: Blastoise|Tera Blast|p1a: Dondozo
|-damage|p1a: Dondozo|17/100
|move|p1a: Dondozo|Body Press|p2a: Blastoise
|-damage|p2a: Blastoise|57/100
|
|-heal|p1a: Dondozo|23/100|[from] item: Leftovers
|upkeep
|turn|35
|
|t:|1760799449
|move|p1a: Dondozo|Protect|p1a: Dondozo
|-singleturn|p1a: Dondozo|Protect
|move|p2a: Blastoise|Shell Smash|p2a: Blastoise
|-unboost|p2a: Blastoise|def|1
|-unboost|p2a: Blastoise|spd|1
|-boost|p2a: Blastoise|atk|2
|-boost|p2a: Blastoise|spa|2
|-boost|p2a: Blastoise|spe|2
|
|-heal|p1a: Dondozo|29/100|[from] item: Leftovers
|upkeep
|turn|36
|
|t:|1760799459
|move|p2a: Blastoise|Surf|p1a: Dondozo
|-resisted|p1a: Dondozo
|-damage|p1a: Dondozo|11/100
|move|p1a: Dondozo|Body Press|p2a: Blastoise
|-damage|p2a: Blastoise|27/100
|
|-heal|p1a: Dondozo|17/100|[from] item: Leftovers
|upkeep
|turn|37
|
|t:|1760799468
|move|p1a: Dondozo|Protect|p1a: Dondozo
|-singleturn|p1a: Dondozo|Protect
|move|p2a: Blastoise|Tera Blast|p1a: Dondozo
|-activate|p1a: Dondozo|move: Protect
|
|-heal|p1a: Dondozo|23/100|[from] item: Leftovers
|upkeep
|turn|38
|
|t:|1760799477
|move|p2a: Blastoise|Tera Blast|p1a: Dondozo
|-damage|p1a: Dondozo|0 fnt
|faint|p1a: Dondozo
|
|upkeep
|
|t:|1760799485
|switch|p1a: Corviknight|Corviknight, F|100/100
|turn|39
|
|t:|1760799494
|move|p2a: Blastoise|Surf|p1a: Corviknight
|-damage|p1a: Corviknight|0 fnt
|faint|p1a: Corviknight
|
|upkeep
|
|t:|1760799497
|switch|p1a: Ogerpon|Ogerpon-Cornerstone, F|100/100
|turn|40
|
|t:|1760799503
|move|p2a: Blastoise|Ice Beam|p1a: Ogerpon
|-supereffective|p1a: Ogerpon
|-ability|p1a: Ogerpon|Sturdy
|-damage|p1a: Ogerpon|1/100
|move|p1a: Ogerpon|Ivy Cudgel|p2a: Blastoise|[anim] Ivy Cudgel Rock
|-damage|p2a: Blastoise|0 fnt
|faint|p2a: Blastoise
|
|upkeep
|
|t:|1760799515
|switch|p2a: Zapdos|Zapdos, tera:Steel|100/100
|turn|41
|
|t:|1760799519
|move|p1a: Ogerpon|Ivy Cudgel|p2a: Zapdos|[anim] Ivy Cudgel Rock
|-resisted|p2a: Zapdos
|-damage|p2a: Zapdos|79/100
|move|p2a: Zapdos|Thunderbolt|p1a: Ogerpon
|-resisted|p1a: Ogerpon
|-damage|p1a: Ogerpon|0 fnt
|faint|p1a: Ogerpon
|
|upkeep
|
|t:|1760799522
|switch|p1a: Gliscor|Gliscor, F|81/100 tox
|turn|42
|
|t:|1760799532
|move|p1a: Gliscor|Earthquake|p2a: Zapdos
|-supereffective|p2a: Zapdos
|-damage|p2a: Zapdos|31/100
|move|p2a: Zapdos|Hurricane|p1a: Gliscor|[miss]
|-miss|p2a: Zapdos|p1a: Gliscor
|
|-heal|p1a: Gliscor|93/100 tox|[from] ability: Poison Heal
|upkeep
|turn|43
|
|t:|1760799555
|move|p1a: Gliscor|Earthquake|p2a: Zapdos
|-supereffective|p2a: Zapdos
|-damage|p2a: Zapdos|0 fnt
|faint|p2a: Zapdos
|
|-heal|p1a: Gliscor|100/100 tox|[from] ability: Poison Heal
|upkeep
|
|t:|1760799568
|switch|p2a: Страх Фей|Tinkaton, F|100/100
|-damage|p2a: Страх Фей|94/100|[from] Stealth Rock
|-ability|p2a: Страх Фей|Mold Breaker
|turn|44
|
|t:|1760799581
|move|p2a: Страх Фей|Swords Dance|p2a: Страх Фей
|-boost|p2a: Страх Фей|atk|2
|move|p1a: Gliscor|Substitute|p1a: Gliscor
|-start|p1a: Gliscor|Substitute
|-damage|p1a: Gliscor|76/100 tox
|
|-heal|p2a: Страх Фей|100/100|[from] item: Leftovers
|-heal|p1a: Gliscor|88/100 tox|[from] ability: Poison Heal
|upkeep
|turn|45
|
|t:|1760799595
|move|p2a: Страх Фей|Knock Off|p1a: Gliscor
|-end|p1a: Gliscor|Substitute
|move|p1a: Gliscor|Earthquake|p2a: Страх Фей
|-supereffective|p2a: Страх Фей
|-damage|p2a: Страх Фей|6/100
|
|-heal|p2a: Страх Фей|12/100|[from] item: Leftovers
|-heal|p1a: Gliscor|100/100 tox|[from] ability: Poison Heal
|upkeep
|turn|46
|inactive|Bogatyum has 120 seconds left.
|
|t:|1760799624
|move|p2a: Страх Фей|Gigaton Hammer|p1a: Gliscor
|-damage|p1a: Gliscor|23/100 tox
|move|p1a: Gliscor|Earthquake|p2a: Страх Фей
|-supereffective|p2a: Страх Фей
|-damage|p2a: Страх Фей|0 fnt
|faint|p2a: Страх Фей
|
|-heal|p1a: Gliscor|35/100 tox|[from] ability: Poison Heal
|upkeep
|
|t:|1760799635
|switch|p2a: Gengar|Gengar, M|100/100
|-damage|p2a: Gengar|88/100|[from] Stealth Rock
|turn|47
|
|t:|1760799642
|move|p1a: Gliscor|Protect|p1a: Gliscor
|-singleturn|p1a: Gliscor|Protect
|move|p2a: Gengar|Hex|p1a: Gliscor
|-activate|p1a: Gliscor|move: Protect
|
|-heal|p1a: Gliscor|47/100 tox|[from] ability: Poison Heal
|upkeep
|turn|48
|inactive|Bogatyum has 120 seconds left.
|
|t:|1760799656
|move|p2a: Gengar|Hex|p1a: Gliscor
|-damage|p1a: Gliscor|0 fnt
|faint|p1a: Gliscor
|
|upkeep
|
|t:|1760799659
|switch|p1a: Whimsicott|Whimsicott, M|8/100
|turn|49
|
|t:|1760799667
|move|p1a: Whimsicott|Leech Seed|p2a: Gengar|[miss]
|-miss|p1a: Whimsicott|p2a: Gengar
|move|p2a: Gengar|Sludge Bomb|p1a: Whimsicott
|-supereffective|p1a: Whimsicott
|-damage|p1a: Whimsicott|0 fnt
|faint|p1a: Whimsicott
|
|win|Bogatyum
|raw|Marc_Hsiao's rating: 1136 &rarr; <strong>1109</strong><br />(-27 for losing)
|raw|Bogatyum's rating: 1109 &rarr; <strong>1136</strong><br />(+27 for winning)
|l|☆Marc_Hsiao
|player|p1|
|c|☆Bogatyum|Gg
|c|☆Bogatyum|Going
