|j|☆Volga123
|j|☆Tungsten Daniel
|t:|1760866895
|gametype|singles
|player|p1|Volga123|cynthia|1358
|player|p2|Tungsten Daniel|ingo|1318
|gen|9
|tier|[Gen 9] OU
|rated|
|rule|HP Percentage Mod: HP is shown in percentages
|rule|Endless Battle Clause: Forcing endless battles is banned
|rule|Species Clause: Limit one of each Pokémon
|rule|OHKO Clause: OHKO moves are banned
|rule|Evasion Items Clause: Evasion items are banned
|rule|Evasion Moves Clause: Evasion moves are banned
|rule|Evasion Abilities Clause: Evasion abilities are banned
|rule|Sleep Moves Clause: Sleep-inducing moves are banned
|clearpoke
|poke|p1|Araquanid, F|
|poke|p1|Politoed, M|
|poke|p1|Raging Bolt|
|poke|p1|Donphan, M|
|poke|p1|Iron Jugulis|
|poke|p1|Clodsire, F|
|poke|p2|Alomomola, M|
|poke|p2|Gallade, M|
|poke|p2|Slowking-Galar, F|
|poke|p2|Serperior, F|
|poke|p2|Latios, M|
|poke|p2|Ursaluna, M|
|teampreview
|
|t:|1760866919
|teamsize|p1|6
|teamsize|p2|6
|start
|switch|p1a: Araquanid|Araquanid, F|100/100
|switch|p2a: Slowking|Slowking-Galar, F|100/100
|turn|1
|inactive|Battle timer is ON: inactive players will automatically lose when time's up. (requested by Tungsten Daniel)
|
|t:|1760866923
|-terastallize|p1a: Araquanid|Water
|move|p1a: Araquanid|Liquidation|p2a: Slowking
|-damage|p2a: Slowking|3/100
|move|p2a: Slowking|Future Sight|p1a: Araquanid
|-start|p2a: Slowking|move: Future Sight
|
|-heal|p2a: Slowking|9/100|[from] item: Leftovers
|upkeep
|turn|2
|
|t:|1760866936
|switch|p1a: Politoed|Politoed, M|100/100
|-weather|RainDance|[from] ability: Drizzle|[of] p1a: Politoed
|switch|p2a: Alomomola|Alomomola, M|100/100
|
|-weather|RainDance|[upkeep]
|upkeep
|turn|3
|
|t:|1760866939
|switch|p1a: Iron Jugulis|Iron Jugulis|100/100
|-enditem|p1a: Iron Jugulis|Booster Energy
|-activate|p1a: Iron Jugulis|ability: Quark Drive|[fromitem]
|-start|p1a: Iron Jugulis|quarkdrivespe
|move|p2a: Alomomola|Wish|p2a: Alomomola
|
|-weather|RainDance|[upkeep]
|-end|p1a: Iron Jugulis|move: Future Sight
|-immune|p1a: Iron Jugulis
|upkeep
|turn|4
|
|t:|1760866944
|move|p1a: Iron Jugulis|Hurricane|p2a: Alomomola
|-damage|p2a: Alomomola|62/100
|move|p2a: Alomomola|Flip Turn|p1a: Iron Jugulis
|-damage|p1a: Iron Jugulis|74/100
|
|t:|1760866964
|switch|p2a: Ursaluna|Ursaluna, M|100/100|[from] Flip Turn
|
|-weather|RainDance|[upkeep]
|upkeep
|turn|5
|
|t:|1760866968
|move|p1a: Iron Jugulis|Hurricane|p2a: Ursaluna
|-damage|p2a: Ursaluna|68/100
|move|p2a: Ursaluna|Supercell Slam|p1a: Iron Jugulis
|-supereffective|p1a: Iron Jugulis
|-damage|p1a: Iron Jugulis|0 fnt
|faint|p1a: Iron Jugulis
|-end|p1a: Iron Jugulis|Quark Drive|[silent]
|
|-weather|RainDance|[upkeep]
|upkeep
|
|t:|1760866981
|switch|p1a: Raging Bolt|Raging Bolt|100/100
|-enditem|p1a: Raging Bolt|Booster Energy
|-activate|p1a: Raging Bolt|ability: Protosynthesis|[fromitem]
|-start|p1a: Raging Bolt|protosynthesisspa
|turn|6
|
|t:|1760866992
|move|p1a: Raging Bolt|Weather Ball|p2a: Ursaluna
|-immune|p2a: Ursaluna|[from] ability: Bulletproof
|move|p2a: Ursaluna|Headlong Rush|p1a: Raging Bolt
|-supereffective|p1a: Raging Bolt
|-damage|p1a: Raging Bolt|2/100
|-unboost|p2a: Ursaluna|def|1
|-unboost|p2a: Ursaluna|spd|1
|
|-weather|RainDance|[upkeep]
|upkeep
|turn|7
|-message|Volga123 forfeited.
|
|win|Tungsten Daniel
|raw|Volga123's rating: 1358 &rarr; <strong>1336</strong><br />(-22 for losing)
|raw|Tungsten Daniel's rating: 1318 &rarr; <strong>1340</strong><br />(+22 for winning)
|l|☆Volga123
|player|p1|
|l|☆Tungsten Daniel
|player|p2|
