|j|☆pokeplup7
|j|☆levi6969
|t:|1760761833
|gametype|singles
|player|p1|pokeplup7|iris-gen5bw2|1324
|player|p2|levi6969|266|1347
|gen|9
|tier|[Gen 9] OU
|rated|
|rule|HP Percentage Mod: HP is shown in percentages
|rule|Endless Battle Clause: Forcing endless battles is banned
|rule|Species Clause: Limit one of each Pokémon
|rule|OHKO Clause: OHKO moves are banned
|rule|Evasion Items Clause: Evasion items are banned
|rule|Evasion Moves Clause: Evasion moves are banned
|rule|Evasion Abilities Clause: Evasion abilities are banned
|rule|Sleep Moves Clause: Sleep-inducing moves are banned
|clearpoke
|poke|p1|Rillaboom, F|
|poke|p1|Iron Crown|
|poke|p1|Tornadus-Therian, M|
|poke|p1|Volcanion|
|poke|p1|Hatterene, F|
|poke|p1|Great Tusk|
|poke|p2|Torterra, F|
|poke|p2|Ninetales-Alola, F|
|poke|p2|Azelf|
|poke|p2|Haxorus, M|
|poke|p2|Quaquaval, F|
|poke|p2|Ceruledge, F|
|teampreview
|inactive|Battle timer is ON: inactive players will automatically lose when time's up. (requested by levi6969)
|
|t:|1760761859
|teamsize|p1|6
|teamsize|p2|6
|start
|switch|p1a: Iron Crown|Iron Crown|100/100
|switch|p2a: Azelf|Azelf, shiny|100/100
|turn|1
|
|t:|1760761864
|move|p2a: Azelf|Knock Off|p1a: Iron Crown
|-supereffective|p1a: Iron Crown
|-damage|p1a: Iron Crown|26/100
|-enditem|p1a: Iron Crown|Choice Specs|[from] move: Knock Off|[of] p2a: Azelf
|move|p1a: Iron Crown|Volt Switch|p2a: Azelf
|-damage|p2a: Azelf|61/100
|
|t:|1760761872
|-end|p1a: Iron Crown|Quark Drive|[silent]
|switch|p1a: Rillaboom|Rillaboom, F|100/100|[from] Volt Switch
|-fieldstart|move: Grassy Terrain|[from] ability: Grassy Surge|[of] p1a: Rillaboom
|
|upkeep
|turn|2
|
|t:|1760761885
|move|p1a: Rillaboom|Grassy Glide|p2a: Azelf
|-damage|p2a: Azelf|0 fnt
|faint|p2a: Azelf
|-damage|p1a: Rillaboom|91/100|[from] item: Life Orb
|
|-heal|p1a: Rillaboom|97/100|[from] Grassy Terrain
|upkeep
|
|t:|1760761903
|switch|p2a: Ninetales|Ninetales-Alola, F, shiny|100/100
|-weather|Snowscape|[from] ability: Snow Warning|[of] p2a: Ninetales
|turn|3
|
|t:|1760761908
|switch|p1a: Iron Crown|Iron Crown|26/100
|move|p2a: Ninetales|Aurora Veil|p2a: Ninetales
|-sidestart|p2: levi6969|move: Aurora Veil
|
|-weather|Snowscape|[upkeep]
|-heal|p1a: Iron Crown|32/100|[from] Grassy Terrain
|upkeep
|turn|4
|
|t:|1760761919
|switch|p2a: Torterra|Torterra, F|100/100
|move|p1a: Iron Crown|Tachyon Cutter|p2a: Torterra
|-damage|p2a: Torterra|86/100
|-damage|p2a: Torterra|71/100
|-hitcount|p2a: Torterra|2
|
|-weather|Snowscape|[upkeep]
|-heal|p1a: Iron Crown|38/100|[from] Grassy Terrain
|-heal|p2a: Torterra|77/100|[from] Grassy Terrain
|upkeep
|turn|5
|
|t:|1760761925
|-end|p1a: Iron Crown|Quark Drive|[silent]
|switch|p1a: Tornadus|Tornadus-Therian, M|100/100
|move|p2a: Torterra|Earthquake|p1a: Tornadus
|-immune|p1a: Tornadus
|
|-weather|Snowscape|[upkeep]
|-heal|p2a: Torterra|83/100|[from] Grassy Terrain
|-fieldend|move: Grassy Terrain
|upkeep
|turn|6
|
|t:|1760761933
|move|p1a: Tornadus|Bleakwind Storm|p2a: Torterra
|-supereffective|p2a: Torterra
|-damage|p2a: Torterra|41/100
|-unboost|p2a: Torterra|spe|1
|move|p2a: Torterra|Shell Smash|p2a: Torterra
|-unboost|p2a: Torterra|def|1
|-unboost|p2a: Torterra|spd|1
|-boost|p2a: Torterra|atk|2
|-boost|p2a: Torterra|spa|2
|-boost|p2a: Torterra|spe|2
|
|-weather|Snowscape|[upkeep]
|upkeep
|turn|7
|
|t:|1760761941
|-terastallize|p2a: Torterra|Electric
|move|p1a: Tornadus|Bleakwind Storm|p2a: Torterra
|-resisted|p2a: Torterra
|-damage|p2a: Torterra|24/100
|move|p2a: Torterra|Tera Blast|p1a: Tornadus|[anim] Tera Blast Electric
|-supereffective|p1a: Tornadus
|-damage|p1a: Tornadus|0 fnt
|faint|p1a: Tornadus
|
|-weather|none
|upkeep
|
|t:|1760761956
|switch|p1a: Great Tusk|Great Tusk|100/100
|turn|8
|
|t:|1760761960
|move|p2a: Torterra|Bullet Seed|p1a: Great Tusk
|-supereffective|p1a: Great Tusk
|-damage|p1a: Great Tusk|63/100
|-supereffective|p1a: Great Tusk
|-damage|p1a: Great Tusk|27/100
|-supereffective|p1a: Great Tusk
|-crit|p1a: Great Tusk
|-damage|p1a: Great Tusk|0 fnt
|faint|p1a: Great Tusk
|-end|p1a: Great Tusk|Protosynthesis|[silent]
|-hitcount|p1: Great Tusk|3
|
|upkeep
|
|t:|1760761965
|switch|p1a: Hatterene|Hatterene, F|100/100
|turn|9
|
|t:|1760761970
|move|p2a: Torterra|Bullet Seed|p1a: Hatterene
|-damage|p1a: Hatterene|78/100
|-damage|p1a: Hatterene|57/100
|-damage|p1a: Hatterene|34/100
|-damage|p1a: Hatterene|13/100
|-hitcount|p1a: Hatterene|4
|move|p1a: Hatterene|Draining Kiss|p2a: Torterra
|-damage|p2a: Torterra|5/100
|-heal|p1a: Hatterene|28/100|[from] drain|[of] p2a: Torterra
|
|upkeep
|turn|10
|
|t:|1760761978
|switch|p1a: Rillaboom|Rillaboom, F|97/100
|-fieldstart|move: Grassy Terrain|[from] ability: Grassy Surge|[of] p1a: Rillaboom
|move|p2a: Torterra|Bullet Seed|p1a: Rillaboom
|-resisted|p1a: Rillaboom
|-damage|p1a: Rillaboom|79/100
|-resisted|p1a: Rillaboom
|-crit|p1a: Rillaboom
|-damage|p1a: Rillaboom|50/100
|-resisted|p1a: Rillaboom
|-damage|p1a: Rillaboom|31/100
|-resisted|p1a: Rillaboom
|-damage|p1a: Rillaboom|12/100
|-hitcount|p1a: Rillaboom|4
|
|-heal|p2a: Torterra|11/100|[from] Grassy Terrain
|-heal|p1a: Rillaboom|18/100|[from] Grassy Terrain
|-sideend|p2: levi6969|move: Aurora Veil
|upkeep
|turn|11
|
|t:|1760761983
|move|p1a: Rillaboom|Grassy Glide|p2a: Torterra
|-damage|p2a: Torterra|0 fnt
|faint|p2a: Torterra
|-damage|p1a: Rillaboom|8/100|[from] item: Life Orb
|
|-heal|p1a: Rillaboom|15/100|[from] Grassy Terrain
|upkeep
|
|t:|1760761991
|switch|p2a: Ninetales|Ninetales-Alola, F, shiny|100/100
|-weather|Snowscape|[from] ability: Snow Warning|[of] p2a: Ninetales
|turn|12
|
|t:|1760761995
|move|p1a: Rillaboom|Grassy Glide|p2a: Ninetales
|-damage|p2a: Ninetales|55/100
|-damage|p1a: Rillaboom|5/100|[from] item: Life Orb
|move|p2a: Ninetales|Aurora Veil|p2a: Ninetales
|-sidestart|p2: levi6969|move: Aurora Veil
|
|-weather|Snowscape|[upkeep]
|-heal|p2a: Ninetales|61/100|[from] Grassy Terrain
|-heal|p1a: Rillaboom|11/100|[from] Grassy Terrain
|upkeep
|turn|13
|
|t:|1760762004
|switch|p2a: Haxorus|Haxorus, M, shiny|100/100
|-ability|p2a: Haxorus|Mold Breaker
|move|p1a: Rillaboom|Grassy Glide|p2a: Haxorus
|-resisted|p2a: Haxorus
|-damage|p2a: Haxorus|84/100
|-damage|p1a: Rillaboom|1/100|[from] item: Life Orb
|
|-weather|Snowscape|[upkeep]
|-heal|p2a: Haxorus|91/100|[from] Grassy Terrain
|-heal|p1a: Rillaboom|7/100|[from] Grassy Terrain
|upkeep
|turn|14
|
|t:|1760762013
|move|p2a: Haxorus|Close Combat|p1a: Rillaboom
|-damage|p1a: Rillaboom|0 fnt
|-unboost|p2a: Haxorus|def|1
|-unboost|p2a: Haxorus|spd|1
|faint|p1a: Rillaboom
|
|-weather|Snowscape|[upkeep]
|-heal|p2a: Haxorus|97/100|[from] Grassy Terrain
|-fieldend|move: Grassy Terrain
|upkeep
|
|t:|1760762018
|switch|p1a: Iron Crown|Iron Crown|38/100
|turn|15
|
|t:|1760762024
|move|p1a: Iron Crown|Tachyon Cutter|p2a: Haxorus
|-crit|p2a: Haxorus
|-damage|p2a: Haxorus|3/100
|-damage|p2a: Haxorus|0 fnt
|faint|p2a: Haxorus
|-hitcount|p2: Haxorus|2
|
|-weather|Snowscape|[upkeep]
|upkeep
|
|t:|1760762030
|switch|p2a: Ceruledge|Ceruledge, F|100/100
|turn|16
|
|t:|1760762036
|move|p1a: Iron Crown|Volt Switch|p2a: Ceruledge
|-damage|p2a: Ceruledge|87/100
|
|t:|1760762039
|-end|p1a: Iron Crown|Quark Drive|[silent]
|switch|p1a: Hatterene|Hatterene, F|28/100|[from] Volt Switch
|move|p2a: Ceruledge|Swords Dance|p2a: Ceruledge
|-boost|p2a: Ceruledge|atk|2
|
|-weather|none
|upkeep
|turn|17
|
|t:|1760762044
|move|p2a: Ceruledge|Bitter Blade|p1a: Hatterene
|-damage|p1a: Hatterene|0 fnt
|-heal|p2a: Ceruledge|100/100|[from] drain|[of] p1a: Hatterene
|faint|p1a: Hatterene
|
|upkeep
|
|t:|1760762047
|switch|p1a: Volcanion|Volcanion|100/100
|turn|18
|
|t:|1760762050
|move|p2a: Ceruledge|Poltergeist|p1a: Volcanion
|-activate|p1a: Volcanion|move: Poltergeist|Assault Vest
|-damage|p1a: Volcanion|0 fnt
|faint|p1a: Volcanion
|
|upkeep
|
|t:|1760762053
|switch|p1a: Iron Crown|Iron Crown|38/100
|turn|19
|
|t:|1760762057
|move|p2a: Ceruledge|Shadow Sneak|p1a: Iron Crown
|-supereffective|p1a: Iron Crown
|-crit|p1a: Iron Crown
|-damage|p1a: Iron Crown|0 fnt
|faint|p1a: Iron Crown
|-end|p1a: Iron Crown|Quark Drive|[silent]
|
|win|levi6969
|raw|pokeplup7's rating: 1324 &rarr; <strong>1305</strong><br />(-19 for losing)
|raw|levi6969's rating: 1347 &rarr; <strong>1366</strong><br />(+19 for winning)
|l|☆pokeplup7
|player|p1|
|l|☆levi6969
|player|p2|
