|j|☆newhere1310
|j|☆doulos
|t:|1760805716
|gametype|singles
|player|p1|newhere1310|gentleman-lgpe|1602
|player|p2|doulos|yellow|1650
|gen|9
|tier|[Gen 9] OU
|rated|
|rule|HP Percentage Mod: HP is shown in percentages
|rule|Endless Battle Clause: Forcing endless battles is banned
|rule|Species Clause: Limit one of each Pokémon
|rule|OHKO Clause: OHKO moves are banned
|rule|Evasion Items Clause: Evasion items are banned
|rule|Evasion Moves Clause: Evasion moves are banned
|rule|Evasion Abilities Clause: Evasion abilities are banned
|rule|Sleep Moves Clause: Sleep-inducing moves are banned
|clearpoke
|poke|p1|Tyranitar, F|
|poke|p1|Excadrill, F|
|poke|p1|Zapdos|
|poke|p1|Gholdengo|
|poke|p1|Kingambit, F|
|poke|p1|Ogerpon-Wellspring, F|
|poke|p2|Dragapult, F|
|poke|p2|Glimmora, F|
|poke|p2|Iron Valiant|
|poke|p2|Ogerpon-Wellspring, F|
|poke|p2|Landorus-Therian, M|
|poke|p2|Kingambit, F|
|teampreview
|
|t:|1760805723
|teamsize|p1|6
|teamsize|p2|6
|start
|switch|p1a: Tyranitar|Tyranitar, F|100/100
|switch|p2a: Dragapult|Dragapult, F|100/100
|-weather|Sandstorm|[from] ability: Sand Stream|[of] p1a: Tyranitar
|turn|1
|
|t:|1760805729
|move|p2a: Dragapult|U-turn|p1a: Tyranitar
|-supereffective|p1a: Tyranitar
|-damage|p1a: Tyranitar|71/100
|
|t:|1760805733
|switch|p2a: Glimmora|Glimmora, F|100/100|[from] U-turn
|move|p1a: Tyranitar|Ice Punch|p2a: Glimmora
|-damage|p2a: Glimmora|44/100
|-activate|p2a: Glimmora|ability: Toxic Debris
|-sidestart|p1: newhere1310|move: Toxic Spikes
|
|-weather|Sandstorm|[upkeep]
|upkeep
|turn|2
|
|t:|1760805740
|switch|p1a: Excadrill|Excadrill, F|100/100
|-item|p1a: Excadrill|Air Balloon
|move|p2a: Glimmora|Earth Power|p1a: Excadrill
|-immune|p1a: Excadrill
|
|-weather|Sandstorm|[upkeep]
|upkeep
|turn|3
|
|t:|1760805747
|switch|p2a: Landorus|Landorus-Therian, M|100/100
|-ability|p2a: Landorus|Intimidate|boost
|-unboost|p1a: Excadrill|atk|1
|move|p1a: Excadrill|Rapid Spin|p2a: Landorus
|-damage|p2a: Landorus|89/100
|-boost|p1a: Excadrill|spe|1
|-damage|p1a: Excadrill|84/100|[from] item: Rocky Helmet|[of] p2a: Landorus
|-sideend|p1: newhere1310|Toxic Spikes|[from] move: Rapid Spin|[of] p1a: Excadrill
|
|-weather|Sandstorm|[upkeep]
|upkeep
|turn|4
|
|t:|1760805757
|switch|p1a: Zapdos|Zapdos|100/100
|move|p2a: Landorus|U-turn|p1a: Zapdos
|-resisted|p1a: Zapdos
|-damage|p1a: Zapdos|88/100
|
|t:|1760805759
|switch|p2a: Glimmora|Glimmora, F|44/100|[from] U-turn
|
|-weather|Sandstorm|[upkeep]
|-damage|p1a: Zapdos|81/100|[from] Sandstorm
|upkeep
|turn|5
|
|t:|1760805765
|move|p1a: Zapdos|Thunderbolt|p2a: Glimmora
|-damage|p2a: Glimmora|5/100
|move|p2a: Glimmora|Meteor Beam||[still]
|-prepare|p2a: Glimmora|Meteor Beam
|-boost|p2a: Glimmora|spa|1
|-enditem|p2a: Glimmora|Power Herb
|-anim|p2a: Glimmora|Meteor Beam|p1a: Zapdos
|-supereffective|p1a: Zapdos
|-damage|p1a: Zapdos|0 fnt
|faint|p1a: Zapdos
|
|-weather|none
|upkeep
|
|t:|1760805770
|switch|p1a: Ogerpon|Ogerpon-Wellspring, F|100/100
|turn|6
|
|t:|1760805779
|move|p2a: Glimmora|Spikes|p1a: Ogerpon
|-sidestart|p1: newhere1310|Spikes
|move|p1a: Ogerpon|Ivy Cudgel|p2a: Glimmora|[anim] Ivy Cudgel Water
|-supereffective|p2a: Glimmora
|-damage|p2a: Glimmora|0 fnt
|-activate|p2a: Glimmora|ability: Toxic Debris
|-sidestart|p1: newhere1310|move: Toxic Spikes
|faint|p2a: Glimmora
|
|upkeep
|
|t:|1760805787
|switch|p2a: Ogerpon|Ogerpon-Wellspring, F|100/100
|turn|7
|inactive|Battle timer is ON: inactive players will automatically lose when time's up. (requested by newhere1310)
|
|t:|1760805793
|move|p2a: Ogerpon|Horn Leech|p1a: Ogerpon
|-damage|p1a: Ogerpon|48/100
|move|p1a: Ogerpon|Trailblaze|p2a: Ogerpon
|-damage|p2a: Ogerpon|58/100
|-boost|p1a: Ogerpon|spe|1
|
|upkeep
|turn|8
|
|t:|1760805800
|move|p1a: Ogerpon|Synthesis|p1a: Ogerpon
|-heal|p1a: Ogerpon|98/100
|move|p2a: Ogerpon|Horn Leech|p1a: Ogerpon
|-damage|p1a: Ogerpon|54/100
|-heal|p2a: Ogerpon|84/100|[from] drain|[of] p1a: Ogerpon
|
|upkeep
|turn|9
|
|t:|1760805804
|switch|p1a: Gholdengo|Gholdengo|100/100
|-damage|p1a: Gholdengo|88/100|[from] Spikes
|move|p2a: Ogerpon|Horn Leech|p1a: Gholdengo
|-resisted|p1a: Gholdengo
|-damage|p1a: Gholdengo|61/100
|-heal|p2a: Ogerpon|98/100|[from] drain|[of] p1a: Gholdengo
|
|upkeep
|turn|10
|
|t:|1760805812
|move|p2a: Ogerpon|Ivy Cudgel|p1a: Gholdengo|[anim] Ivy Cudgel Water
|-damage|p1a: Gholdengo|0 fnt
|faint|p1a: Gholdengo
|
|upkeep
|
|t:|1760805818
|switch|p1a: Kingambit|Kingambit, F|100/100
|-damage|p1a: Kingambit|88/100|[from] Spikes
|-activate|p1a: Kingambit|ability: Supreme Overlord
|-start|p1a: Kingambit|fallen2|[silent]
|turn|11
|
|t:|1760805824
|switch|p2a: Landorus|Landorus-Therian, M|89/100
|-ability|p2a: Landorus|Intimidate|boost
|-fail|p1a: Kingambit|unboost|[from] item: Clear Amulet|[of] p1a: Kingambit
|move|p1a: Kingambit|Swords Dance|p1a: Kingambit
|-boost|p1a: Kingambit|atk|2
|
|upkeep
|turn|12
|
|t:|1760805829
|move|p1a: Kingambit|Sucker Punch||[still]
|-fail|p1a: Kingambit
|move|p2a: Landorus|Taunt|p1a: Kingambit
|-start|p1a: Kingambit|move: Taunt
|
|upkeep
|turn|13
|
|t:|1760805836
|move|p1a: Kingambit|Sucker Punch||[still]
|-fail|p1a: Kingambit
|move|p2a: Landorus|Stealth Rock|p1a: Kingambit
|-sidestart|p1: newhere1310|move: Stealth Rock
|
|upkeep
|turn|14
|
|t:|1760805839
|move|p1a: Kingambit|Sucker Punch|p2a: Landorus
|-damage|p2a: Landorus|5/100
|-damage|p1a: Kingambit|72/100|[from] item: Rocky Helmet|[of] p2a: Landorus
|move|p2a: Landorus|Earthquake|p1a: Kingambit
|-supereffective|p1a: Kingambit
|-damage|p1a: Kingambit|0 fnt
|faint|p1a: Kingambit
|-end|p1a: Kingambit|fallen2|[silent]
|
|upkeep
|
|t:|1760805843
|switch|p1a: Excadrill|Excadrill, F|84/100
|-damage|p1a: Excadrill|81/100|[from] Stealth Rock
|-item|p1a: Excadrill|Air Balloon
|turn|15
|
|t:|1760805848
|move|p2a: Landorus|U-turn|p1a: Excadrill
|-resisted|p1a: Excadrill
|-damage|p1a: Excadrill|65/100
|-enditem|p1a: Excadrill|Air Balloon
|
|t:|1760805850
|switch|p2a: Dragapult|Dragapult, F|100/100|[from] U-turn
|move|p1a: Excadrill|Earthquake|p2a: Dragapult
|-damage|p2a: Dragapult|27/100
|
|upkeep
|turn|16
|
|t:|1760805858
|switch|p1a: Tyranitar|Tyranitar, F|71/100
|-damage|p1a: Tyranitar|59/100|[from] Spikes
|-status|p1a: Tyranitar|psn
|-damage|p1a: Tyranitar|47/100 psn|[from] Stealth Rock
|-weather|Sandstorm|[from] ability: Sand Stream|[of] p1a: Tyranitar
|move|p2a: Dragapult|U-turn|p1a: Tyranitar
|-supereffective|p1a: Tyranitar
|-damage|p1a: Tyranitar|14/100 psn
|
|t:|1760805867
|switch|p2a: Ogerpon|Ogerpon-Wellspring, F|98/100|[from] U-turn
|
|-weather|Sandstorm|[upkeep]
|-damage|p2a: Ogerpon|92/100|[from] Sandstorm
|-damage|p1a: Tyranitar|2/100 psn|[from] psn
|upkeep
|turn|17
|
|t:|1760805874
|move|p2a: Ogerpon|Horn Leech|p1a: Tyranitar
|-supereffective|p1a: Tyranitar
|-damage|p1a: Tyranitar|0 fnt
|-heal|p2a: Ogerpon|93/100|[from] drain|[of] p1a: Tyranitar
|faint|p1a: Tyranitar
|
|-weather|Sandstorm|[upkeep]
|-damage|p2a: Ogerpon|87/100|[from] Sandstorm
|upkeep
|
|t:|1760805876
|switch|p1a: Excadrill|Excadrill, F|65/100
|-damage|p1a: Excadrill|53/100|[from] Spikes
|-damage|p1a: Excadrill|50/100|[from] Stealth Rock
|turn|18
|
|t:|1760805879
|switch|p2a: Dragapult|Dragapult, F|27/100
|move|p1a: Excadrill|Rapid Spin|p2a: Dragapult
|-immune|p2a: Dragapult
|
|-weather|Sandstorm|[upkeep]
|-damage|p2a: Dragapult|21/100|[from] Sandstorm
|upkeep
|turn|19
|
|t:|1760805883
|switch|p2a: Landorus|Landorus-Therian, M|5/100
|-ability|p2a: Landorus|Intimidate|boost
|-unboost|p1a: Excadrill|atk|1
|move|p1a: Excadrill|Earthquake|p2a: Landorus
|-immune|p2a: Landorus
|
|-weather|Sandstorm|[upkeep]
|upkeep
|turn|20
|
|t:|1760805885
|switch|p2a: Dragapult|Dragapult, F|21/100
|move|p1a: Excadrill|Rapid Spin|p2a: Dragapult
|-immune|p2a: Dragapult
|
|-weather|none
|upkeep
|turn|21
|
|t:|1760805891
|move|p2a: Dragapult|Shadow Ball|p1a: Excadrill
|-damage|p1a: Excadrill|0 fnt
|faint|p1a: Excadrill
|
|upkeep
|
|t:|1760805893
|switch|p1a: Ogerpon|Ogerpon-Wellspring, F|54/100
|-damage|p1a: Ogerpon|42/100|[from] Spikes
|-status|p1a: Ogerpon|psn
|-damage|p1a: Ogerpon|30/100 psn|[from] Stealth Rock
|turn|22
|-message|newhere1310 forfeited.
|
|win|doulos
|raw|newhere1310's rating: 1602 &rarr; <strong>1585</strong><br />(-17 for losing)
|raw|doulos's rating: 1650 &rarr; <strong>1667</strong><br />(+17 for winning)
|l|☆newhere1310
|player|p1|
