|j|☆Truffle buddah
|j|☆LLuman
|t:|1760857120
|gametype|singles
|player|p1|Truffle buddah|li|1398
|player|p2|LLuman|2|1446
|gen|9
|tier|[Gen 9] OU
|rated|
|rule|HP Percentage Mod: HP is shown in percentages
|rule|Endless Battle Clause: Forcing endless battles is banned
|rule|Species Clause: Limit one of each Pokémon
|rule|OHKO Clause: OHKO moves are banned
|rule|Evasion Items Clause: Evasion items are banned
|rule|Evasion Moves Clause: Evasion moves are banned
|rule|Evasion Abilities Clause: Evasion abilities are banned
|rule|Sleep Moves Clause: Sleep-inducing moves are banned
|clearpoke
|poke|p1|Sinistcha|
|poke|p1|Mimikyu, M|
|poke|p1|Diancie|
|poke|p1|Ursaluna, M|
|poke|p1|Hoopa-Unbound|
|poke|p1|Iron Hands|
|poke|p2|Darkrai|
|poke|p2|Great Tusk|
|poke|p2|Gholdengo|
|poke|p2|Kingambit, M|
|poke|p2|Glimmora, M|
|poke|p2|Dragonite, M|
|teampreview
|inactive|Battle timer is ON: inactive players will automatically lose when time's up. (requested by LLuman)
|inactive|Truffle buddah has 120 seconds left.
|
|t:|1760857178
|teamsize|p1|6
|teamsize|p2|6
|start
|switch|p1a: Diancie|Diancie|100/100
|switch|p2a: Glimmora|Glimmora, M, shiny|100/100
|turn|1
|
|t:|1760857189
|move|p2a: Glimmora|Stealth Rock|p1a: Diancie
|-sidestart|p1: Truffle buddah|move: Stealth Rock
|move|p1a: Diancie|Stealth Rock|p2a: Glimmora
|-sidestart|p2: LLuman|move: Stealth Rock
|
|upkeep
|turn|2
|
|t:|1760857195
|move|p2a: Glimmora|Mortal Spin|p1a: Diancie
|-damage|p1a: Diancie|96/100
|-status|p1a: Diancie|psn
|-sideend|p2: LLuman|Stealth Rock|[from] move: Mortal Spin|[of] p2a: Glimmora
|move|p1a: Diancie|Trick Room|p1a: Diancie
|-fieldstart|move: Trick Room|[of] p1a: Diancie
|
|-damage|p1a: Diancie|83/100 psn|[from] psn
|upkeep
|turn|3
|
|t:|1760857210
|move|p1a: Diancie|Meteor Beam||[still]
|-prepare|p1a: Diancie|Meteor Beam
|-boost|p1a: Diancie|spa|1
|-enditem|p1a: Diancie|Power Herb
|-anim|p1a: Diancie|Meteor Beam|p2a: Glimmora
|-damage|p2a: Glimmora|0 fnt
|faint|p2a: Glimmora
|
|-damage|p1a: Diancie|71/100 psn|[from] psn
|upkeep
|inactive|LLuman has 120 seconds left.
|
|t:|1760857232
|switch|p2a: Kingambit|Kingambit, M|100/100
|-activate|p2a: Kingambit|ability: Supreme Overlord
|-start|p2a: Kingambit|fallen1|[silent]
|turn|4
|
|t:|1760857242
|move|p1a: Diancie|Stealth Rock|p2a: Kingambit
|-sidestart|p2: LLuman|move: Stealth Rock
|move|p2a: Kingambit|Iron Head|p1a: Diancie
|-supereffective|p1a: Diancie
|-damage|p1a: Diancie|0 fnt
|faint|p1a: Diancie
|
|upkeep
|
|t:|1760857244
|switch|p1a: Iron Hands|Iron Hands|100/100
|-damage|p1a: Iron Hands|94/100|[from] Stealth Rock
|turn|5
|inactive|LLuman has 120 seconds left.
|
|t:|1760857267
|-end|p2a: Kingambit|fallen1|[silent]
|switch|p2a: Gholdengo|Gholdengo, shiny|100/100
|-damage|p2a: Gholdengo|94/100|[from] Stealth Rock
|-item|p2a: Gholdengo|Air Balloon
|move|p1a: Iron Hands|Swords Dance|p1a: Iron Hands
|-boost|p1a: Iron Hands|atk|2
|
|upkeep
|turn|6
|inactive|LLuman has 120 seconds left.
|
|t:|1760857282
|move|p1a: Iron Hands|Ice Punch|p2a: Gholdengo
|-resisted|p2a: Gholdengo
|-damage|p2a: Gholdengo|58/100
|-enditem|p2a: Gholdengo|Air Balloon
|move|p2a: Gholdengo|Dazzling Gleam|p1a: Iron Hands
|-supereffective|p1a: Iron Hands
|-damage|p1a: Iron Hands|39/100
|
|-fieldend|move: Trick Room
|upkeep
|turn|7
|inactive|LLuman has 120 seconds left.
|
|t:|1760857302
|move|p2a: Gholdengo|Shadow Ball|p1a: Iron Hands
|-damage|p1a: Iron Hands|0 fnt
|faint|p1a: Iron Hands
|-end|p1a: Iron Hands|Quark Drive|[silent]
|
|upkeep
|
|t:|1760857308
|switch|p1a: Hoopa|Hoopa-Unbound|100/100
|-damage|p1a: Hoopa|88/100|[from] Stealth Rock
|turn|8
|inactive|LLuman has 120 seconds left.
|
|t:|1760857319
|-terastallize|p2a: Gholdengo|Fairy
|move|p2a: Gholdengo|Dazzling Gleam|p1a: Hoopa
|-supereffective|p1a: Hoopa
|-damage|p1a: Hoopa|24/100
|-enditem|p1a: Hoopa|Sitrus Berry|[eat]
|-heal|p1a: Hoopa|49/100|[from] item: Sitrus Berry
|move|p1a: Hoopa|Trick Room|p1a: Hoopa
|-fieldstart|move: Trick Room|[of] p1a: Hoopa
|
|upkeep
|turn|9
|inactive|LLuman has 120 seconds left.
|
|t:|1760857340
|move|p1a: Hoopa|Gunk Shot|p2a: Gholdengo|[miss]
|-miss|p1a: Hoopa|p2a: Gholdengo
|move|p2a: Gholdengo|Dazzling Gleam|p1a: Hoopa
|-supereffective|p1a: Hoopa
|-crit|p1a: Hoopa
|-damage|p1a: Hoopa|0 fnt
|faint|p1a: Hoopa
|
|upkeep
|
|t:|1760857351
|switch|p1a: Ursaluna|Ursaluna, M|100/100
|-damage|p1a: Ursaluna|94/100|[from] Stealth Rock
|turn|10
|
|t:|1760857366
|switch|p2a: Dragonite|Dragonite, M, shiny|100/100
|-damage|p2a: Dragonite|76/100|[from] Stealth Rock
|move|p1a: Ursaluna|Headlong Rush|p2a: Dragonite
|-immune|p2a: Dragonite
|
|-status|p1a: Ursaluna|brn|[from] item: Flame Orb
|upkeep
|turn|11
|
|t:|1760857381
|move|p1a: Ursaluna|Facade|p2a: Dragonite
|-damage|p2a: Dragonite|0 fnt
|faint|p2a: Dragonite
|
|-damage|p1a: Ursaluna|88/100 brn|[from] brn
|upkeep
|inactive|LLuman has 90 seconds left.
|
|t:|1760857403
|switch|p2a: Great Tusk|Great Tusk, shiny|100/100
|-damage|p2a: Great Tusk|97/100|[from] Stealth Rock
|-enditem|p2a: Great Tusk|Booster Energy
|-activate|p2a: Great Tusk|ability: Protosynthesis|[fromitem]
|-start|p2a: Great Tusk|protosynthesisspe
|turn|12
|
|t:|1760857409
|switch|p1a: Sinistcha|Sinistcha|100/100
|move|p2a: Great Tusk|Ice Spinner|p1a: Sinistcha
|-supereffective|p1a: Sinistcha
|-damage|p1a: Sinistcha|63/100
|
|-fieldend|move: Trick Room
|upkeep
|turn|13
|
|t:|1760857419
|move|p2a: Great Tusk|Ice Spinner|p1a: Sinistcha
|-supereffective|p1a: Sinistcha
|-damage|p1a: Sinistcha|25/100
|move|p1a: Sinistcha|Trick Room|p1a: Sinistcha
|-fieldstart|move: Trick Room|[of] p1a: Sinistcha
|
|upkeep
|turn|14
|
|t:|1760857429
|move|p1a: Sinistcha|Matcha Gotcha|p2a: Great Tusk
|-supereffective|p2a: Great Tusk
|-damage|p2a: Great Tusk|0 fnt
|-heal|p1a: Sinistcha|85/100|[from] drain|[of] p2a: Great Tusk
|faint|p2a: Great Tusk
|-end|p2a: Great Tusk|Protosynthesis|[silent]
|
|upkeep
|inactive|LLuman has 90 seconds left.
|
|t:|1760857455
|switch|p2a: Kingambit|Kingambit, M|100/100
|-damage|p2a: Kingambit|94/100|[from] Stealth Rock
|-activate|p2a: Kingambit|ability: Supreme Overlord
|-start|p2a: Kingambit|fallen3|[silent]
|turn|15
|inactive|Truffle buddah has 120 seconds left.
|
|t:|1760857504
|move|p1a: Sinistcha|Matcha Gotcha|p2a: Kingambit
|-resisted|p2a: Kingambit
|-damage|p2a: Kingambit|75/100
|-heal|p1a: Sinistcha|97/100|[from] drain|[of] p2a: Kingambit
|move|p2a: Kingambit|Kowtow Cleave|p1a: Sinistcha
|-supereffective|p1a: Sinistcha
|-damage|p1a: Sinistcha|0 fnt
|faint|p1a: Sinistcha
|
|-heal|p2a: Kingambit|81/100|[from] item: Leftovers
|upkeep
|
|t:|1760857507
|switch|p1a: Ursaluna|Ursaluna, M|88/100 brn
|-damage|p1a: Ursaluna|82/100 brn|[from] Stealth Rock
|turn|16
|inactive|LLuman has 90 seconds left.
|
|t:|1760857533
|move|p2a: Kingambit|Sucker Punch|p1a: Ursaluna
|-damage|p1a: Ursaluna|45/100 brn
|move|p1a: Ursaluna|Facade|p2a: Kingambit
|-resisted|p2a: Kingambit
|-damage|p2a: Kingambit|36/100
|
|-heal|p2a: Kingambit|42/100|[from] item: Leftovers
|-damage|p1a: Ursaluna|38/100 brn|[from] brn
|upkeep
|turn|17
|
|t:|1760857548
|switch|p1a: Mimikyu|Mimikyu, M|100/100
|-damage|p1a: Mimikyu|88/100|[from] Stealth Rock
|move|p2a: Kingambit|Sucker Punch||[still]
|-fail|p2a: Kingambit
|
|-heal|p2a: Kingambit|48/100|[from] item: Leftovers
|-fieldend|move: Trick Room
|upkeep
|turn|18
|
|t:|1760857558
|move|p2a: Kingambit|Kowtow Cleave|p1a: Mimikyu
|-activate|p1a: Mimikyu|ability: Disguise
|-damage|p1a: Mimikyu|88/100
|detailschange|p1a: Mimikyu|Mimikyu-Busted, M
|-damage|p1a: Mimikyu|76/100|[from] pokemon: Mimikyu-Busted
|move|p1a: Mimikyu|Trick Room|p1a: Mimikyu
|-fieldstart|move: Trick Room|[of] p1a: Mimikyu
|
|-heal|p2a: Kingambit|55/100|[from] item: Leftovers
|upkeep
|turn|19
|
|t:|1760857570
|move|p2a: Kingambit|Kowtow Cleave|p1a: Mimikyu
|-damage|p1a: Mimikyu|0 fnt
|faint|p1a: Mimikyu
|
|-heal|p2a: Kingambit|61/100|[from] item: Leftovers
|upkeep
|inactive|Truffle buddah has 120 seconds left.
|-message|Truffle buddah forfeited.
|
|win|LLuman
|raw|Truffle buddah's rating: 1398 &rarr; <strong>1381</strong><br />(-17 for losing)
|raw|LLuman's rating: 1446 &rarr; <strong>1463</strong><br />(+17 for winning)
|l|☆Truffle buddah
|player|p1|
|l|☆LLuman
|player|p2|
