|j|‽aria4games
|j|☆hareeb
|t:|1760865987
|gametype|singles
|player|p1|aria4games|janine|1341
|player|p2|hareeb|170|1284
|gen|9
|tier|[Gen 9] OU
|rated|
|rule|HP Percentage Mod: HP is shown in percentages
|rule|Endless Battle Clause: Forcing endless battles is banned
|rule|Species Clause: Limit one of each Pokémon
|rule|OHKO Clause: OHKO moves are banned
|rule|Evasion Items Clause: Evasion items are banned
|rule|Evasion Moves Clause: Evasion moves are banned
|rule|Evasion Abilities Clause: Evasion abilities are banned
|rule|Sleep Moves Clause: Sleep-inducing moves are banned
|clearpoke
|poke|p1|Cinderace, M|
|poke|p1|Darkrai|
|poke|p1|Reuniclus, M|
|poke|p1|Kyurem|
|poke|p1|Keldeo-Resolute|
|poke|p1|Raging Bolt|
|poke|p2|Garganacl, M|
|poke|p2|Great Tusk|
|poke|p2|Kingambit, M|
|poke|p2|Iron Moth|
|poke|p2|Scizor, F|
|poke|p2|Primarina, F|
|teampreview
|
|t:|1760866007
|teamsize|p1|6
|teamsize|p2|6
|start
|switch|p1a: Kyurem|Kyurem|100/100
|switch|p2a: Garganacl|Garganacl, M, shiny|100/100
|-ability|p1a: Kyurem|Pressure
|turn|1
|
|t:|1760866016
|switch|p1a: Reuniclus|Reuniclus, M|100/100
|switch|p2a: Scizor|Scizor, F, shiny|100/100
|
|upkeep
|turn|2
|
|t:|1760866028
|move|p2a: Scizor|Bug Bite|p1a: Reuniclus
|-supereffective|p1a: Reuniclus
|-damage|p1a: Reuniclus|0 fnt
|-damage|p2a: Scizor|84/100|[from] item: Rocky Helmet|[of] p1a: Reuniclus
|faint|p1a: Reuniclus
|
|upkeep
|
|t:|1760866033
|switch|p1a: Cinderace|Cinderace, M|100/100
|turn|3
|
|t:|1760866038
|switch|p2a: Primarina|Primarina, F, shiny|100/100
|move|p1a: Cinderace|U-turn|p2a: Primarina
|-start|p1a: Cinderace|typechange|Bug|[from] ability: Libero
|-resisted|p2a: Primarina
|-damage|p2a: Primarina|81/100
|
|t:|1760866042
|switch|p1a: Raging Bolt|Raging Bolt|100/100|[from] U-turn
|-enditem|p1a: Raging Bolt|Booster Energy
|-activate|p1a: Raging Bolt|ability: Protosynthesis|[fromitem]
|-start|p1a: Raging Bolt|protosynthesisspa
|
|upkeep
|turn|4
|
|t:|1760866045
|switch|p2a: Great Tusk|Great Tusk, shiny|100/100
|-enditem|p2a: Great Tusk|Booster Energy
|-activate|p2a: Great Tusk|ability: Protosynthesis|[fromitem]
|-start|p2a: Great Tusk|protosynthesisatk
|move|p1a: Raging Bolt|Calm Mind|p1a: Raging Bolt
|-boost|p1a: Raging Bolt|spa|1
|-boost|p1a: Raging Bolt|spd|1
|
|upkeep
|turn|5
|
|t:|1760866065
|-terastallize|p1a: Raging Bolt|Bug
|move|p1a: Raging Bolt|Dragon Pulse|p2a: Great Tusk
|-damage|p2a: Great Tusk|0 fnt
|faint|p2a: Great Tusk
|-end|p2a: Great Tusk|Protosynthesis|[silent]
|
|upkeep
|
|t:|1760866073
|switch|p2a: Iron Moth|Iron Moth, shiny|100/100
|-enditem|p2a: Iron Moth|Booster Energy
|-activate|p2a: Iron Moth|ability: Quark Drive|[fromitem]
|-start|p2a: Iron Moth|quarkdrivespa
|turn|6
|
|t:|1760866088
|move|p2a: Iron Moth|Fiery Dance|p1a: Raging Bolt
|-supereffective|p1a: Raging Bolt
|-damage|p1a: Raging Bolt|22/100
|-boost|p2a: Iron Moth|spa|1
|move|p1a: Raging Bolt|Thunderbolt|p2a: Iron Moth
|-damage|p2a: Iron Moth|0 fnt
|faint|p2a: Iron Moth
|-end|p2a: Iron Moth|Quark Drive|[silent]
|
|upkeep
|
|t:|1760866096
|switch|p2a: Scizor|Scizor, F, shiny|84/100
|turn|7
|
|t:|1760866105
|move|p1a: Raging Bolt|Thunderclap|p2a: Scizor
|-damage|p2a: Scizor|0 fnt
|faint|p2a: Scizor
|
|upkeep
|
|t:|1760866113
|switch|p2a: Primarina|Primarina, F, shiny|81/100
|turn|8
|
|t:|1760866118
|move|p2a: Primarina|Aqua Jet|p1a: Raging Bolt
|-damage|p1a: Raging Bolt|11/100
|move|p1a: Raging Bolt|Thunderbolt|p2a: Primarina
|-supereffective|p2a: Primarina
|-damage|p2a: Primarina|0 fnt
|faint|p2a: Primarina
|
|upkeep
|
|t:|1760866121
|switch|p2a: Garganacl|Garganacl, M, shiny|100/100
|turn|9
|
|t:|1760866128
|move|p1a: Raging Bolt|Thunderbolt|p2a: Garganacl
|-damage|p2a: Garganacl|33/100
|move|p2a: Garganacl|Salt Cure|p1a: Raging Bolt
|-supereffective|p1a: Raging Bolt
|-damage|p1a: Raging Bolt|0 fnt
|faint|p1a: Raging Bolt
|-end|p1a: Raging Bolt|Protosynthesis|[silent]
|
|-heal|p2a: Garganacl|40/100|[from] item: Leftovers
|upkeep
|
|t:|1760866139
|switch|p1a: Keldeo|Keldeo-Resolute|100/100
|turn|10
|
|t:|1760866152
|move|p1a: Keldeo|Surf|p2a: Garganacl
|-supereffective|p2a: Garganacl
|-damage|p2a: Garganacl|0 fnt
|faint|p2a: Garganacl
|
|upkeep
|
|t:|1760866155
|switch|p2a: Kingambit|Kingambit, M, shiny|100/100
|-activate|p2a: Kingambit|ability: Supreme Overlord
|-start|p2a: Kingambit|fallen5|[silent]
|turn|11
|
|t:|1760866160
|switch|p1a: Kyurem|Kyurem|100/100
|-ability|p1a: Kyurem|Pressure
|-terastallize|p2a: Kingambit|Dark
|move|p2a: Kingambit|Sucker Punch||[still]
|-fail|p2a: Kingambit
|
|upkeep
|turn|12
|
|t:|1760866170
|move|p2a: Kingambit|Sucker Punch|p1a: Kyurem
|-damage|p1a: Kyurem|1/100
|move|p1a: Kyurem|Freeze-Dry|p2a: Kingambit
|-damage|p2a: Kingambit|71/100
|
|upkeep
|turn|13
|
|t:|1760866176
|move|p2a: Kingambit|Sucker Punch|p1a: Kyurem
|-damage|p1a: Kyurem|0 fnt
|faint|p1a: Kyurem
|
|upkeep
|
|t:|1760866179
|switch|p1a: Cinderace|Cinderace, M|100/100
|turn|14
|
|t:|1760866183
|move|p1a: Cinderace|Sucker Punch|p2a: Kingambit
|-start|p1a: Cinderace|typechange|Dark|[from] ability: Libero
|-resisted|p2a: Kingambit
|-damage|p2a: Kingambit|58/100
|move|p2a: Kingambit|Sucker Punch||[still]
|-fail|p2a: Kingambit
|
|upkeep
|turn|15
|-message|hareeb forfeited.
|
|win|aria4games
|raw|aria4games's rating: 1341 &rarr; <strong>1358</strong><br />(+17 for winning)
|raw|hareeb's rating: 1284 &rarr; <strong>1263</strong><br />(-21 for losing)
|l|☆hareeb
|player|p2|
|l|‽aria4games
|player|p1|
