|j|☆WeRrsome
|j|☆Team BBIO 38
|t:|1760724146
|gametype|singles
|player|p1|WeRrsome|265|1400
|player|p2|Team BBIO 38|dragontamer|1413
|gen|9
|tier|[Gen 9] OU
|rated|
|rule|HP Percentage Mod: HP is shown in percentages
|rule|Endless Battle Clause: Forcing endless battles is banned
|rule|Species Clause: Limit one of each Pokémon
|rule|OHKO Clause: OHKO moves are banned
|rule|Evasion Items Clause: Evasion items are banned
|rule|Evasion Moves Clause: Evasion moves are banned
|rule|Evasion Abilities Clause: Evasion abilities are banned
|rule|Sleep Moves Clause: Sleep-inducing moves are banned
|clearpoke
|poke|p1|Ogerpon, F|
|poke|p1|Araquanid, F|
|poke|p1|Magnezone|
|poke|p1|Iron Treads|
|poke|p1|Dragonite, F|
|poke|p1|Tyranitar, M|
|poke|p2|Dusclops, M|
|poke|p2|Blissey, F|
|poke|p2|Flamigo, M|
|poke|p2|Latias, F|
|poke|p2|Darkrai|
|poke|p2|Tinkaton, F|
|teampreview
|inactive|Battle timer is ON: inactive players will automatically lose when time's up. (requested by Team BBIO 38)
|
|t:|1760724157
|teamsize|p1|6
|teamsize|p2|6
|start
|switch|p1a: Tyranitar|Tyranitar, M|100/100
|switch|p2a: Tinkaton|Tinkaton, F|100/100
|-ability|p2a: Tinkaton|Mold Breaker
|-weather|Sandstorm|[from] ability: Sand Stream|[of] p1a: Tyranitar
|turn|1
|
|t:|1760724164
|switch|p1a: Magnezone|Magnezone|100/100
|move|p2a: Tinkaton|Gigaton Hammer|p1a: Magnezone
|-resisted|p1a: Magnezone
|-damage|p1a: Magnezone|89/100
|
|-weather|Sandstorm|[upkeep]
|upkeep
|turn|2
|
|t:|1760724171
|switch|p2a: Blissey|Blissey, F|100/100
|move|p1a: Magnezone|Flash Cannon|p2a: Blissey
|-damage|p2a: Blissey|70/100
|
|-weather|Sandstorm|[upkeep]
|-damage|p2a: Blissey|63/100|[from] Sandstorm
|-heal|p2a: Blissey|70/100|[from] item: Leftovers
|upkeep
|turn|3
|
|t:|1760724190
|switch|p1a: Tyranitar|Tyranitar, M|100/100
|move|p2a: Blissey|Seismic Toss|p1a: Tyranitar
|-damage|p1a: Tyranitar|76/100
|
|-weather|Sandstorm|[upkeep]
|-damage|p2a: Blissey|63/100|[from] Sandstorm
|-heal|p1a: Tyranitar|82/100|[from] item: Leftovers
|-heal|p2a: Blissey|70/100|[from] item: Leftovers
|upkeep
|turn|4
|
|t:|1760724205
|move|p1a: Tyranitar|Knock Off|p2a: Blissey
|-damage|p2a: Blissey|16/100
|-enditem|p2a: Blissey|Leftovers|[from] move: Knock Off|[of] p1a: Tyranitar
|move|p2a: Blissey|Thunder Wave|p1a: Tyranitar
|-status|p1a: Tyranitar|par
|
|-weather|Sandstorm|[upkeep]
|-damage|p2a: Blissey|10/100|[from] Sandstorm
|-heal|p1a: Tyranitar|88/100 par|[from] item: Leftovers
|upkeep
|turn|5
|
|t:|1760724214
|move|p2a: Blissey|Soft-Boiled|p2a: Blissey
|-heal|p2a: Blissey|60/100
|move|p1a: Tyranitar|Stealth Rock|p2a: Blissey
|-sidestart|p2: Team BBIO 38|move: Stealth Rock
|
|-weather|none
|-heal|p1a: Tyranitar|94/100 par|[from] item: Leftovers
|upkeep
|turn|6
|
|t:|1760724221
|move|p2a: Blissey|Soft-Boiled|p2a: Blissey
|-heal|p2a: Blissey|100/100
|move|p1a: Tyranitar|Thunder Wave|p2a: Blissey
|-status|p2a: Blissey|par
|
|-heal|p1a: Tyranitar|100/100 par|[from] item: Leftovers
|upkeep
|turn|7
|
|t:|1760724228
|cant|p1a: Tyranitar|par
|move|p2a: Blissey|Seismic Toss|p1a: Tyranitar
|-damage|p1a: Tyranitar|76/100 par
|
|-heal|p1a: Tyranitar|82/100 par|[from] item: Leftovers
|upkeep
|turn|8
|
|t:|1760724235
|move|p1a: Tyranitar|Rock Slide|p2a: Blissey
|-damage|p2a: Blissey|61/100 par
|cant|p2a: Blissey|flinch
|
|-heal|p1a: Tyranitar|88/100 par|[from] item: Leftovers
|upkeep
|turn|9
|inactive|Team BBIO 38 has 120 seconds left.
|
|t:|1760724266
|move|p1a: Tyranitar|Knock Off|p2a: Blissey
|-crit|p2a: Blissey
|-damage|p2a: Blissey|12/100 par
|move|p2a: Blissey|Seismic Toss|p1a: Tyranitar
|-damage|p1a: Tyranitar|63/100 par
|
|-heal|p1a: Tyranitar|70/100 par|[from] item: Leftovers
|upkeep
|turn|10
|inactive|Team BBIO 38 has 120 seconds left.
|
|t:|1760724277
|cant|p1a: Tyranitar|par
|move|p2a: Blissey|Soft-Boiled|p2a: Blissey
|-heal|p2a: Blissey|62/100 par
|
|-heal|p1a: Tyranitar|76/100 par|[from] item: Leftovers
|upkeep
|turn|11
|
|t:|1760724283
|move|p1a: Tyranitar|Rock Slide|p2a: Blissey
|-damage|p2a: Blissey|22/100 par
|cant|p2a: Blissey|flinch
|
|-heal|p1a: Tyranitar|82/100 par|[from] item: Leftovers
|upkeep
|turn|12
|
|t:|1760724289
|move|p1a: Tyranitar|Knock Off|p2a: Blissey
|-damage|p2a: Blissey|0 fnt
|faint|p2a: Blissey
|
|-heal|p1a: Tyranitar|88/100 par|[from] item: Leftovers
|upkeep
|
|t:|1760724294
|switch|p2a: Flamigo|Flamigo, M|100/100
|-damage|p2a: Flamigo|88/100|[from] Stealth Rock
|turn|13
|
|t:|1760724303
|switch|p1a: Dragonite|Dragonite, F|100/100
|move|p2a: Flamigo|Close Combat|p1a: Dragonite
|-resisted|p1a: Dragonite
|-damage|p1a: Dragonite|91/100
|-unboost|p2a: Flamigo|def|1
|-unboost|p2a: Flamigo|spd|1
|-damage|p2a: Flamigo|72/100|[from] item: Rocky Helmet|[of] p1a: Dragonite
|
|upkeep
|turn|14
|
|t:|1760724313
|switch|p2a: Dusclops|Dusclops, M|100/100
|-damage|p2a: Dusclops|88/100|[from] Stealth Rock
|-item|p1a: Dragonite|Rocky Helmet|[from] ability: Frisk|[of] p2a: Dusclops
|move|p1a: Dragonite|Thunder Wave|p2a: Dusclops
|-status|p2a: Dusclops|par
|
|upkeep
|turn|15
|
|t:|1760724321
|switch|p1a: Tyranitar|Tyranitar, M|88/100 par
|-weather|Sandstorm|[from] ability: Sand Stream|[of] p1a: Tyranitar
|move|p2a: Dusclops|Will-O-Wisp||[still]
|-fail|p2a: Dusclops
|
|-weather|Sandstorm|[upkeep]
|-damage|p2a: Dusclops|82/100 par|[from] Sandstorm
|-heal|p1a: Tyranitar|94/100 par|[from] item: Leftovers
|upkeep
|turn|16
|
|t:|1760724330
|cant|p1a: Tyranitar|par
|cant|p2a: Dusclops|par
|
|-weather|Sandstorm|[upkeep]
|-damage|p2a: Dusclops|76/100 par|[from] Sandstorm
|-heal|p1a: Tyranitar|100/100 par|[from] item: Leftovers
|upkeep
|turn|17
|
|t:|1760724336
|cant|p1a: Tyranitar|par
|move|p2a: Dusclops|Night Shade|p1a: Tyranitar
|-damage|p1a: Tyranitar|76/100 par
|
|-weather|Sandstorm|[upkeep]
|-damage|p2a: Dusclops|70/100 par|[from] Sandstorm
|-heal|p1a: Tyranitar|82/100 par|[from] item: Leftovers
|upkeep
|turn|18
|
|t:|1760724343
|move|p1a: Tyranitar|Knock Off|p2a: Dusclops
|-supereffective|p2a: Dusclops
|-damage|p2a: Dusclops|17/100 par
|-enditem|p2a: Dusclops|Eviolite|[from] move: Knock Off|[of] p1a: Tyranitar
|move|p2a: Dusclops|Pain Split|p1a: Tyranitar
|-sethp|p1a: Tyranitar|47/100 par|[from] move: Pain Split|[silent]
|-sethp|p2a: Dusclops|67/100 par|[from] move: Pain Split
|
|-weather|Sandstorm|[upkeep]
|-damage|p2a: Dusclops|61/100 par|[from] Sandstorm
|-heal|p1a: Tyranitar|53/100 par|[from] item: Leftovers
|upkeep
|turn|19
|
|t:|1760724352
|cant|p1a: Tyranitar|par
|move|p2a: Dusclops|Night Shade|p1a: Tyranitar
|-damage|p1a: Tyranitar|28/100 par
|
|-weather|none
|-heal|p1a: Tyranitar|35/100 par|[from] item: Leftovers
|upkeep
|turn|20
|
|t:|1760724358
|cant|p1a: Tyranitar|par
|move|p2a: Dusclops|Night Shade|p1a: Tyranitar
|-damage|p1a: Tyranitar|10/100 par
|
|-heal|p1a: Tyranitar|16/100 par|[from] item: Leftovers
|upkeep
|turn|21
|
|t:|1760724364
|move|p1a: Tyranitar|Knock Off|p2a: Dusclops
|-supereffective|p2a: Dusclops
|-damage|p2a: Dusclops|6/100 par
|move|p2a: Dusclops|Night Shade|p1a: Tyranitar
|-damage|p1a: Tyranitar|0 fnt
|faint|p1a: Tyranitar
|
|upkeep
|
|t:|1760724376
|switch|p1a: Magnezone|Magnezone|89/100
|turn|22
|
|t:|1760724378
|move|p1a: Magnezone|Volt Switch|p2a: Dusclops
|-damage|p2a: Dusclops|0 fnt
|faint|p2a: Dusclops
|
|t:|1760724380
|switch|p1a: Ogerpon|Ogerpon, F|100/100|[from] Volt Switch
|
|upkeep
|
|t:|1760724385
|switch|p2a: Darkrai|Darkrai|100/100
|-damage|p2a: Darkrai|88/100|[from] Stealth Rock
|turn|23
|
|t:|1760724388
|-terastallize|p1a: Ogerpon|Grass
|detailschange|p1a: Ogerpon|Ogerpon-Teal-Tera, F, tera:Grass
|-ability|p1a: Ogerpon|Embody Aspect (Teal)|boost
|-boost|p1a: Ogerpon|spe|1
|move|p1a: Ogerpon|U-turn|p2a: Darkrai
|-supereffective|p2a: Darkrai
|-damage|p2a: Darkrai|0 fnt
|faint|p2a: Darkrai
|
|t:|1760724397
|switch|p1a: Magnezone|Magnezone|89/100|[from] U-turn
|
|upkeep
|
|t:|1760724407
|switch|p2a: Alaric|Latias, F|100/100
|-damage|p2a: Alaric|88/100|[from] Stealth Rock
|turn|24
|
|t:|1760724411
|-terastallize|p2a: Alaric|Steel
|move|p2a: Alaric|Calm Mind|p2a: Alaric
|-boost|p2a: Alaric|spa|1
|-boost|p2a: Alaric|spd|1
|move|p1a: Magnezone|Flash Cannon|p2a: Alaric
|-resisted|p2a: Alaric
|-damage|p2a: Alaric|59/100
|
|upkeep
|turn|25
|
|t:|1760724419
|switch|p1a: Iron Treads|Iron Treads|100/100
|move|p2a: Alaric|Calm Mind|p2a: Alaric
|-boost|p2a: Alaric|spa|1
|-boost|p2a: Alaric|spd|1
|
|upkeep
|turn|26
|
|t:|1760724426
|move|p2a: Alaric|Recover|p2a: Alaric
|-heal|p2a: Alaric|100/100
|move|p1a: Iron Treads|Knock Off|p2a: Alaric
|-damage|p2a: Alaric|76/100
|-enditem|p2a: Alaric|Covert Cloak|[from] move: Knock Off|[of] p1a: Iron Treads
|
|upkeep
|turn|27
|
|t:|1760724432
|-end|p1a: Iron Treads|Quark Drive|[silent]
|switch|p1a: Dragonite|Dragonite, F|91/100
|move|p2a: Alaric|Calm Mind|p2a: Alaric
|-boost|p2a: Alaric|spa|1
|-boost|p2a: Alaric|spd|1
|
|upkeep
|turn|28
|
|t:|1760724437
|move|p2a: Alaric|Stored Power|p1a: Dragonite
|-damage|p1a: Dragonite|0 fnt
|faint|p1a: Dragonite
|
|upkeep
|
|t:|1760724458
|switch|p1a: Magnezone|Magnezone|89/100
|turn|29
|
|t:|1760724466
|move|p2a: Alaric|Aura Sphere|p1a: Magnezone
|-supereffective|p1a: Magnezone
|-damage|p1a: Magnezone|0 fnt
|faint|p1a: Magnezone
|
|upkeep
|
|t:|1760724474
|switch|p1a: Ogerpon|Ogerpon-Teal-Tera, F, tera:Grass|100/100
|-ability|p1a: Ogerpon|Embody Aspect (Teal)|boost
|-boost|p1a: Ogerpon|spe|1
|turn|30
|
|t:|1760724482
|move|p1a: Ogerpon|U-turn|p2a: Alaric
|-resisted|p2a: Alaric
|-damage|p2a: Alaric|60/100
|
|t:|1760724485
|switch|p1a: Araquanid|Araquanid, F|100/100|[from] U-turn
|move|p2a: Alaric|Stored Power|p1a: Araquanid
|-damage|p1a: Araquanid|4/100
|
|upkeep
|turn|31
|
|t:|1760724491
|move|p2a: Alaric|Stored Power|p1a: Araquanid
|-damage|p1a: Araquanid|0 fnt
|faint|p1a: Araquanid
|
|upkeep
|
|t:|1760724494
|switch|p1a: Ogerpon|Ogerpon-Teal-Tera, F, tera:Grass|100/100
|-ability|p1a: Ogerpon|Embody Aspect (Teal)|boost
|-boost|p1a: Ogerpon|spe|1
|turn|32
|
|t:|1760724502
|move|p1a: Ogerpon|Ivy Cudgel|p2a: Alaric
|-resisted|p2a: Alaric
|-damage|p2a: Alaric|12/100
|move|p2a: Alaric|Stored Power|p1a: Ogerpon
|-damage|p1a: Ogerpon|0 fnt
|faint|p1a: Ogerpon
|detailschange|p1: Ogerpon|Ogerpon, F|[silent]
|
|upkeep
|
|t:|1760724505
|switch|p1a: Iron Treads|Iron Treads|100/100
|turn|33
|
|t:|1760724511
|move|p2a: Alaric|Aura Sphere|p1a: Iron Treads
|-supereffective|p1a: Iron Treads
|-damage|p1a: Iron Treads|43/100
|move|p1a: Iron Treads|Knock Off|p2a: Alaric
|-damage|p2a: Alaric|0 fnt
|faint|p2a: Alaric
|
|upkeep
|
|t:|1760724518
|switch|p2a: Flamigo|Flamigo, M|72/100
|-damage|p2a: Flamigo|60/100|[from] Stealth Rock
|turn|34
|
|t:|1760724521
|move|p2a: Flamigo|Close Combat|p1a: Iron Treads
|-supereffective|p1a: Iron Treads
|-damage|p1a: Iron Treads|0 fnt
|-unboost|p2a: Flamigo|def|1
|-unboost|p2a: Flamigo|spd|1
|faint|p1a: Iron Treads
|-end|p1a: Iron Treads|Quark Drive|[silent]
|
|win|Team BBIO 38
|raw|WeRrsome's rating: 1400 &rarr; <strong>1381</strong><br />(-19 for losing)
|raw|Team BBIO 38's rating: 1413 &rarr; <strong>1432</strong><br />(+19 for winning)
|l|☆WeRrsome
|player|p1|
|l|☆Team BBIO 38
|player|p2|
