|j|☆gabrvm12
|j|☆avenacaroni
|t:|1760847304
|gametype|singles
|player|p1|gabrvm12|2|1220
|player|p2|avenacaroni|caitlin|1203
|gen|9
|tier|[Gen 9] OU
|rated|
|rule|HP Percentage Mod: HP is shown in percentages
|rule|Endless Battle Clause: Forcing endless battles is banned
|rule|Species Clause: Limit one of each Pokémon
|rule|OHKO Clause: OHKO moves are banned
|rule|Evasion Items Clause: Evasion items are banned
|rule|Evasion Moves Clause: Evasion moves are banned
|rule|Evasion Abilities Clause: Evasion abilities are banned
|rule|Sleep Moves Clause: Sleep-inducing moves are banned
|clearpoke
|poke|p1|Dragapult, M|
|poke|p1|Landorus-Therian, M|
|poke|p1|Serperior, F|
|poke|p1|Pecharunt|
|poke|p1|Ogerpon-Wellspring, F|
|poke|p1|Ceruledge, M|
|poke|p2|Hydreigon, M|
|poke|p2|Landorus-Therian, M|
|poke|p2|Rillaboom, F|
|poke|p2|Iron Moth|
|poke|p2|Gholdengo|
|poke|p2|Zamazenta-*|
|teampreview
|
|t:|1760847329
|teamsize|p1|6
|teamsize|p2|6
|start
|switch|p1a: Landorus|Landorus-Therian, M, shiny|100/100
|switch|p2a: Hydreigon|Hydreigon, M|100/100
|-ability|p1a: Landorus|Intimidate|boost
|-unboost|p2a: Hydreigon|atk|1
|turn|1
|
|t:|1760847342
|move|p2a: Hydreigon|Nasty Plot|p2a: Hydreigon
|-boost|p2a: Hydreigon|spa|2
|move|p1a: Landorus|U-turn|p2a: Hydreigon
|-supereffective|p2a: Hydreigon
|-damage|p2a: Hydreigon|29/100
|-damage|p1a: Landorus|90/100|[from] item: Life Orb
|
|t:|1760847350
|switch|p1a: Ceruledge|Ceruledge, M|100/100|[from] U-turn
|
|-heal|p2a: Hydreigon|35/100|[from] item: Leftovers
|upkeep
|turn|2
|
|t:|1760847359
|move|p2a: Hydreigon|Draco Meteor|p1a: Ceruledge|[miss]
|-miss|p2a: Hydreigon|p1a: Ceruledge
|move|p1a: Ceruledge|Swords Dance|p1a: Ceruledge
|-boost|p1a: Ceruledge|atk|2
|
|-heal|p2a: Hydreigon|41/100|[from] item: Leftovers
|upkeep
|turn|3
|
|t:|1760847367
|move|p1a: Ceruledge|Shadow Sneak|p2a: Hydreigon
|-resisted|p2a: Hydreigon
|-damage|p2a: Hydreigon|16/100
|move|p2a: Hydreigon|Draco Meteor|p1a: Ceruledge
|-enditem|p1a: Ceruledge|Focus Sash
|-damage|p1a: Ceruledge|1/100
|-unboost|p2a: Hydreigon|spa|2
|
|-heal|p2a: Hydreigon|22/100|[from] item: Leftovers
|upkeep
|turn|4
|
|t:|1760847379
|move|p1a: Ceruledge|Shadow Sneak|p2a: Hydreigon
|-resisted|p2a: Hydreigon
|-damage|p2a: Hydreigon|0 fnt
|faint|p2a: Hydreigon
|
|upkeep
|
|t:|1760847389
|switch|p2a: Rillaboom|Rillaboom, F|100/100
|-fieldstart|move: Grassy Terrain|[from] ability: Grassy Surge|[of] p2a: Rillaboom
|turn|5
|
|t:|1760847400
|move|p2a: Rillaboom|U-turn|p1a: Ceruledge
|-resisted|p1a: Ceruledge
|-damage|p1a: Ceruledge|0 fnt
|faint|p1a: Ceruledge
|
|t:|1760847423
|switch|p2a: Landorus|Landorus-Therian, M|100/100|[from] U-turn
|
|upkeep
|
|t:|1760847429
|switch|p1a: Ogerpon|Ogerpon-Wellspring, F|100/100
|turn|6
|
|t:|1760847441
|-terastallize|p1a: Ogerpon|Water
|detailschange|p1a: Ogerpon|Ogerpon-Wellspring-Tera, F, tera:Water
|-ability|p1a: Ogerpon|Embody Aspect (Wellspring)|boost
|-boost|p1a: Ogerpon|spd|1
|-terastallize|p2a: Landorus|Water
|move|p1a: Ogerpon|Swords Dance|p1a: Ogerpon
|-boost|p1a: Ogerpon|atk|2
|move|p2a: Landorus|U-turn|p1a: Ogerpon
|-damage|p1a: Ogerpon|65/100
|
|t:|1760847453
|switch|p2a: Rillaboom|Rillaboom, F|100/100|[from] U-turn
|
|-heal|p1a: Ogerpon|71/100|[from] Grassy Terrain
|upkeep
|turn|7
|
|t:|1760847458
|move|p1a: Ogerpon|Spiky Shield|p1a: Ogerpon
|-singleturn|p1a: Ogerpon|move: Protect
|move|p2a: Rillaboom|Grassy Glide|p1a: Ogerpon
|-activate|p1a: Ogerpon|move: Protect
|-damage|p2a: Rillaboom|88/100|[from] Spiky Shield|[of] p1a: Ogerpon
|
|-heal|p1a: Ogerpon|77/100|[from] Grassy Terrain
|-heal|p2a: Rillaboom|94/100|[from] Grassy Terrain
|upkeep
|turn|8
|
|t:|1760847468
|move|p2a: Rillaboom|Grassy Glide|p1a: Ogerpon
|-supereffective|p1a: Ogerpon
|-damage|p1a: Ogerpon|0 fnt
|faint|p1a: Ogerpon
|detailschange|p1: Ogerpon|Ogerpon-Wellspring, F|[silent]
|
|-heal|p2a: Rillaboom|100/100|[from] Grassy Terrain
|upkeep
|
|t:|1760847474
|switch|p1a: Dragapult|Dragapult, M|100/100
|turn|9
|inactive|Battle timer is ON: inactive players will automatically lose when time's up. (requested by gabrvm12)
|
|t:|1760847516
|switch|p2a: Landorus|Landorus-Therian, M, tera:Water|100/100
|-ability|p2a: Landorus|Intimidate|boost
|-unboost|p1a: Dragapult|atk|1
|move|p1a: Dragapult|Dragon Dance|p1a: Dragapult
|-boost|p1a: Dragapult|atk|1
|-boost|p1a: Dragapult|spe|1
|
|-fieldend|move: Grassy Terrain
|upkeep
|turn|10
|
|t:|1760847531
|move|p1a: Dragapult|Will-O-Wisp|p2a: Landorus
|-status|p2a: Landorus|brn
|move|p2a: Landorus|Earthquake|p1a: Dragapult
|-damage|p1a: Dragapult|64/100
|
|-damage|p2a: Landorus|95/100 brn|[from] brn
|upkeep
|turn|11
|
|t:|1760847542
|move|p1a: Dragapult|Dragon Darts|p2a: Landorus
|-damage|p2a: Landorus|62/100 brn
|-anim|p1a: Dragapult|Dragon Darts|p2a: Landorus
|-damage|p2a: Landorus|29/100 brn
|move|p2a: Landorus|Stealth Rock|p1a: Dragapult
|-sidestart|p1: gabrvm12|move: Stealth Rock
|
|-damage|p2a: Landorus|23/100 brn|[from] brn
|upkeep
|turn|12
|
|t:|1760847558
|move|p1a: Dragapult|Dragon Dance|p1a: Dragapult
|-boost|p1a: Dragapult|atk|1
|-boost|p1a: Dragapult|spe|1
|move|p2a: Landorus|Earthquake|p1a: Dragapult
|-damage|p1a: Dragapult|28/100
|
|-damage|p2a: Landorus|17/100 brn|[from] brn
|upkeep
|turn|13
|
|t:|1760847568
|move|p1a: Dragapult|Acrobatics|p2a: Landorus
|-damage|p2a: Landorus|0 fnt
|-damage|p1a: Dragapult|12/100|[from] item: Rocky Helmet|[of] p2a: Landorus
|faint|p2a: Landorus
|
|upkeep
|
|t:|1760847576
|switch|p2a: Rillaboom|Rillaboom, F|100/100
|-fieldstart|move: Grassy Terrain|[from] ability: Grassy Surge|[of] p2a: Rillaboom
|turn|14
|
|t:|1760847581
|move|p2a: Rillaboom|Grassy Glide|p1a: Dragapult
|-resisted|p1a: Dragapult
|-damage|p1a: Dragapult|0 fnt
|faint|p1a: Dragapult
|
|upkeep
|
|t:|1760847587
|switch|p1a: Pecharunt|Pecharunt|100/100
|-damage|p1a: Pecharunt|88/100|[from] Stealth Rock
|turn|15
|
|t:|1760847594
|switch|p2a: Gholdengo|Gholdengo|100/100
|-item|p2a: Gholdengo|Air Balloon
|move|p1a: Pecharunt|Shadow Ball|p2a: Gholdengo
|-supereffective|p2a: Gholdengo
|-crit|p2a: Gholdengo
|-damage|p2a: Gholdengo|10/100
|-enditem|p2a: Gholdengo|Air Balloon
|
|-heal|p2a: Gholdengo|16/100|[from] Grassy Terrain
|-heal|p1a: Pecharunt|94/100|[from] Grassy Terrain
|-heal|p1a: Pecharunt|99/100|[from] item: Leftovers
|upkeep
|turn|16
|
|t:|1760847611
|move|p2a: Gholdengo|Recover|p2a: Gholdengo
|-heal|p2a: Gholdengo|66/100
|move|p1a: Pecharunt|Shadow Ball|p2a: Gholdengo
|-supereffective|p2a: Gholdengo
|-damage|p2a: Gholdengo|0 fnt
|faint|p2a: Gholdengo
|
|-heal|p1a: Pecharunt|100/100|[from] Grassy Terrain
|upkeep
|inactive|avenacaroni has 120 seconds left.
|
|t:|1760847634
|switch|p2a: Iron Moth|Iron Moth|100/100
|-enditem|p2a: Iron Moth|Booster Energy
|-activate|p2a: Iron Moth|ability: Quark Drive|[fromitem]
|-start|p2a: Iron Moth|quarkdrivespe
|turn|17
|
|t:|1760847643
|move|p2a: Iron Moth|Substitute|p2a: Iron Moth
|-start|p2a: Iron Moth|Substitute
|-damage|p2a: Iron Moth|76/100
|move|p1a: Pecharunt|Nasty Plot|p1a: Pecharunt
|-boost|p1a: Pecharunt|spa|2
|
|-heal|p2a: Iron Moth|82/100|[from] Grassy Terrain
|upkeep
|turn|18
|
|t:|1760847651
|move|p2a: Iron Moth|Fiery Dance|p1a: Pecharunt
|-damage|p1a: Pecharunt|53/100
|-boost|p2a: Iron Moth|spa|1
|move|p1a: Pecharunt|Shadow Ball|p2a: Iron Moth
|-end|p2a: Iron Moth|Substitute
|
|-heal|p2a: Iron Moth|88/100|[from] Grassy Terrain
|-heal|p1a: Pecharunt|59/100|[from] Grassy Terrain
|-heal|p1a: Pecharunt|65/100|[from] item: Leftovers
|-fieldend|move: Grassy Terrain
|upkeep
|turn|19
|
|t:|1760847662
|move|p2a: Iron Moth|Fiery Dance|p1a: Pecharunt
|-damage|p1a: Pecharunt|0 fnt
|faint|p1a: Pecharunt
|
|upkeep
|
|t:|1760847668
|switch|p1a: Landorus|Landorus-Therian, M, shiny|90/100
|-damage|p1a: Landorus|78/100|[from] Stealth Rock
|-ability|p1a: Landorus|Intimidate|boost
|-unboost|p2a: Iron Moth|atk|1
|turn|20
|inactive|avenacaroni has 120 seconds left.
|
|t:|1760847713
|-end|p2a: Iron Moth|Quark Drive|[silent]
|switch|p2a: Rillaboom|Rillaboom, F|100/100
|-fieldstart|move: Grassy Terrain|[from] ability: Grassy Surge|[of] p2a: Rillaboom
|move|p1a: Landorus|Earthquake|p2a: Rillaboom
|-resisted|p2a: Rillaboom
|-damage|p2a: Rillaboom|79/100
|-damage|p1a: Landorus|68/100|[from] item: Life Orb
|
|-heal|p2a: Rillaboom|85/100|[from] Grassy Terrain
|upkeep
|turn|21
|inactive|gabrvm12 has 120 seconds left.
|
|t:|1760847750
|move|p1a: Landorus|U-turn|p2a: Rillaboom
|-supereffective|p2a: Rillaboom
|-damage|p2a: Rillaboom|12/100
|-damage|p1a: Landorus|58/100|[from] item: Life Orb
|
|t:|1760847754
|switch|p1a: Serperior|Serperior, F|100/100|[from] U-turn
|-damage|p1a: Serperior|88/100|[from] Stealth Rock
|move|p2a: Rillaboom|Wood Hammer|p1a: Serperior
|-resisted|p1a: Serperior
|-damage|p1a: Serperior|10/100
|-damage|p2a: Rillaboom|0 fnt|[from] Recoil
|faint|p2a: Rillaboom
|
|-heal|p1a: Serperior|16/100|[from] Grassy Terrain
|upkeep
|
|t:|1760847765
|switch|p2a: Iron Moth|Iron Moth|88/100
|turn|22
|
|t:|1760847773
|move|p2a: Iron Moth|Substitute|p2a: Iron Moth
|-start|p2a: Iron Moth|Substitute
|-damage|p2a: Iron Moth|63/100
|move|p1a: Serperior|Glare||[still]
|-fail|p1a: Serperior
|
|-heal|p2a: Iron Moth|69/100|[from] Grassy Terrain
|-heal|p1a: Serperior|22/100|[from] Grassy Terrain
|upkeep
|turn|23
|l|☆gabrvm12
|inactive|gabrvm12 disconnected and has a minute to reconnect!
|player|p1|
|inactive|gabrvm12 has 30 seconds to reconnect!
|inactive|gabrvm12 has 20 seconds to reconnect!
|inactive|gabrvm12 has 15 seconds to reconnect!
|inactive|gabrvm12 has 10 seconds to reconnect!
|inactive|gabrvm12 has 5 seconds to reconnect!
|-message|gabrvm12 lost due to inactivity.
|
|win|avenacaroni
|raw|gabrvm12's rating: 1220 &rarr; <strong>1194</strong><br />(-26 for losing)
|raw|avenacaroni's rating: 1203 &rarr; <strong>1229</strong><br />(+26 for winning)
|l|☆avenacaroni
|player|p2|
