|j|☆LorySobby10
|j|☆deecolon
|t:|1760724649
|gametype|singles
|player|p1|LorySobby10|elio|1365
|player|p2|deecolon|unknown|1341
|gen|9
|tier|[Gen 9] OU
|rated|
|rule|HP Percentage Mod: HP is shown in percentages
|rule|Endless Battle Clause: Forcing endless battles is banned
|rule|Species Clause: Limit one of each Pokémon
|rule|OHKO Clause: OHKO moves are banned
|rule|Evasion Items Clause: Evasion items are banned
|rule|Evasion Moves Clause: Evasion moves are banned
|rule|Evasion Abilities Clause: Evasion abilities are banned
|rule|Sleep Moves Clause: Sleep-inducing moves are banned
|clearpoke
|poke|p1|Dragapult, F|
|poke|p1|Ogerpon-Wellspring, F|
|poke|p1|Slowking-Galar, M|
|poke|p1|Landorus-Therian, M|
|poke|p1|Iron Valiant|
|poke|p1|Kingambit, F|
|poke|p2|Skeledirge, F|
|poke|p2|Ogerpon-Wellspring, F|
|poke|p2|Dragapult, M|
|poke|p2|Weezing-Galar, M|
|poke|p2|Ting-Lu|
|poke|p2|Corviknight, F|
|teampreview
|
|t:|1760724664
|teamsize|p1|6
|teamsize|p2|6
|start
|switch|p1a: Homelandor|Landorus-Therian, M, shiny|100/100
|switch|p2a: Dragapult|Dragapult, M|100/100
|-ability|p1a: Homelandor|Intimidate|boost
|-fail|p2a: Dragapult|unboost|[from] ability: Clear Body|[of] p2a: Dragapult
|turn|1
|
|t:|1760724673
|switch|p2a: Corviknight|Corviknight, F|100/100
|-ability|p2a: Corviknight|Pressure
|move|p1a: Homelandor|Taunt|p2a: Corviknight
|-start|p2a: Corviknight|move: Taunt
|
|upkeep
|turn|2
|
|t:|1760724679
|move|p1a: Homelandor|Stealth Rock|p2a: Corviknight
|-sidestart|p2: deecolon|move: Stealth Rock
|move|p2a: Corviknight|U-turn|p1a: Homelandor
|-resisted|p1a: Homelandor
|-damage|p1a: Homelandor|94/100
|-damage|p2a: Corviknight|84/100|[from] item: Rocky Helmet|[of] p1a: Homelandor
|
|t:|1760724683
|switch|p2a: Ogerpon|Ogerpon-Wellspring, F|100/100|[from] U-turn
|-damage|p2a: Ogerpon|88/100|[from] Stealth Rock
|
|upkeep
|turn|3
|
|t:|1760724694
|switch|p1a: UwU|Ogerpon-Wellspring, F|100/100
|move|p2a: Ogerpon|Spikes|p1a: UwU
|-sidestart|p1: LorySobby10|Spikes
|
|upkeep
|turn|4
|
|t:|1760724704
|switch|p2a: Corviknight|Corviknight, F|84/100
|-damage|p2a: Corviknight|71/100|[from] Stealth Rock
|-ability|p2a: Corviknight|Pressure
|move|p1a: UwU|U-turn|p2a: Corviknight
|-resisted|p2a: Corviknight
|-damage|p2a: Corviknight|68/100
|-damage|p1a: UwU|84/100|[from] item: Rocky Helmet|[of] p2a: Corviknight
|
|t:|1760724715
|switch|p1a: Homelandor|Landorus-Therian, M, shiny|94/100|[from] U-turn
|-ability|p1a: Homelandor|Intimidate|boost
|-unboost|p2a: Corviknight|atk|1
|
|upkeep
|turn|5
|
|t:|1760724720
|move|p1a: Homelandor|Taunt|p2a: Corviknight
|-start|p2a: Corviknight|move: Taunt
|move|p2a: Corviknight|U-turn|p1a: Homelandor
|-resisted|p1a: Homelandor
|-damage|p1a: Homelandor|89/100
|-damage|p2a: Corviknight|51/100|[from] item: Rocky Helmet|[of] p1a: Homelandor
|
|t:|1760724725
|switch|p2a: Dragapult|Dragapult, M|100/100|[from] U-turn
|-damage|p2a: Dragapult|88/100|[from] Stealth Rock
|
|upkeep
|turn|6
|
|t:|1760724730
|move|p2a: Dragapult|Draco Meteor|p1a: Homelandor
|-damage|p1a: Homelandor|0 fnt
|-unboost|p2a: Dragapult|spa|2
|faint|p1a: Homelandor
|
|upkeep
|
|t:|1760724739
|switch|p1a: Gotta go fast|Iron Valiant|100/100
|-damage|p1a: Gotta go fast|88/100|[from] Spikes
|-enditem|p1a: Gotta go fast|Booster Energy
|-activate|p1a: Gotta go fast|ability: Quark Drive|[fromitem]
|-start|p1a: Gotta go fast|quarkdrivespe
|turn|7
|
|t:|1760724746
|switch|p2a: Skeledirge|Skeledirge, F|100/100
|move|p1a: Gotta go fast|Knock Off|p2a: Skeledirge
|-supereffective|p2a: Skeledirge
|-damage|p2a: Skeledirge|50/100
|-enditem|p2a: Skeledirge|Heavy-Duty Boots|[from] move: Knock Off|[of] p1a: Gotta go fast
|
|upkeep
|turn|8
|
|t:|1760724755
|move|p1a: Gotta go fast|Knock Off|p2a: Skeledirge
|-supereffective|p2a: Skeledirge
|-damage|p2a: Skeledirge|20/100
|move|p2a: Skeledirge|Slack Off|p2a: Skeledirge
|-heal|p2a: Skeledirge|70/100
|
|upkeep
|turn|9
|
|t:|1760724760
|move|p1a: Gotta go fast|Encore|p2a: Skeledirge
|-start|p2a: Skeledirge|Encore
|move|p2a: Skeledirge|Slack Off|p2a: Skeledirge
|-heal|p2a: Skeledirge|100/100
|
|upkeep
|turn|10
|
|t:|1760724770
|-end|p1a: Gotta go fast|Quark Drive|[silent]
|switch|p1a: UwU|Ogerpon-Wellspring, F|84/100
|-damage|p1a: UwU|72/100|[from] Spikes
|switch|p2a: Corviknight|Corviknight, F|51/100
|-damage|p2a: Corviknight|39/100|[from] Stealth Rock
|-ability|p2a: Corviknight|Pressure
|
|upkeep
|turn|11
|
|t:|1760724784
|-terastallize|p2a: Corviknight|Grass
|move|p1a: UwU|Ivy Cudgel|p2a: Corviknight|[anim] Ivy Cudgel Water
|-resisted|p2a: Corviknight
|-damage|p2a: Corviknight|21/100
|move|p2a: Corviknight|Roost|p2a: Corviknight
|-heal|p2a: Corviknight|71/100
|
|upkeep
|turn|12
|
|t:|1760724793
|move|p1a: UwU|Spikes|p2a: Corviknight
|-sidestart|p2: deecolon|Spikes
|move|p2a: Corviknight|Roost|p2a: Corviknight
|-heal|p2a: Corviknight|100/100
|
|upkeep
|turn|13
|
|t:|1760724797
|move|p1a: UwU|Spikes|p2a: Corviknight
|-sidestart|p2: deecolon|Spikes
|move|p2a: Corviknight|U-turn|p1a: UwU
|-supereffective|p1a: UwU
|-damage|p1a: UwU|32/100
|
|t:|1760724799
|switch|p2a: Weezing|Weezing-Galar, M|100/100|[from] U-turn
|-ability|p2a: Weezing|Neutralizing Gas
|
|upkeep
|turn|14
|
|t:|1760724806
|move|p1a: UwU|Ivy Cudgel|p2a: Weezing|[anim] Ivy Cudgel Water
|-damage|p2a: Weezing|51/100
|move|p2a: Weezing|Defog|p1a: UwU
|-unboost|p1a: UwU|evasion|1
|-sideend|p1: LorySobby10|Spikes|[from] move: Defog|[of] p2a: Weezing
|-sideend|p2: deecolon|Spikes|[from] move: Defog|[of] p2a: Weezing
|-sideend|p2: deecolon|Stealth Rock|[from] move: Defog|[of] p2a: Weezing
|
|upkeep
|turn|15
|
|t:|1760724815
|move|p1a: UwU|Ivy Cudgel|p2a: Weezing|[anim] Ivy Cudgel Water
|-damage|p2a: Weezing|8/100
|move|p2a: Weezing|Will-O-Wisp|p1a: UwU
|-status|p1a: UwU|brn
|
|-damage|p1a: UwU|26/100 brn|[from] brn
|upkeep
|turn|16
|
|t:|1760724821
|-end|p2a: Weezing|ability: Neutralizing Gas
|switch|p2a: Corviknight|Corviknight, F, tera:Grass|100/100
|-ability|p2a: Corviknight|Pressure
|move|p1a: UwU|Ivy Cudgel|p2a: Corviknight|[anim] Ivy Cudgel Water
|-resisted|p2a: Corviknight
|-damage|p2a: Corviknight|92/100
|
|-damage|p1a: UwU|20/100 brn|[from] brn
|upkeep
|turn|17
|
|t:|1760724826
|switch|p2a: Ogerpon|Ogerpon-Wellspring, F|88/100
|move|p1a: UwU|U-turn|p2a: Ogerpon
|-supereffective|p2a: Ogerpon
|-damage|p2a: Ogerpon|56/100
|
|t:|1760724833
|switch|p1a: Gotta go fast|Iron Valiant|88/100|[from] U-turn
|
|upkeep
|turn|18
|
|t:|1760724844
|switch|p2a: Skeledirge|Skeledirge, F|100/100
|move|p1a: Gotta go fast|Moonblast|p2a: Skeledirge
|-resisted|p2a: Skeledirge
|-damage|p2a: Skeledirge|85/100
|
|upkeep
|turn|19
|
|t:|1760724849
|move|p1a: Gotta go fast|Knock Off|p2a: Skeledirge
|-supereffective|p2a: Skeledirge
|-damage|p2a: Skeledirge|53/100
|move|p2a: Skeledirge|Torch Song|p1a: Gotta go fast
|-damage|p1a: Gotta go fast|33/100
|-boost|p2a: Skeledirge|spa|1
|
|upkeep
|turn|20
|
|t:|1760724855
|move|p1a: Gotta go fast|Knock Off|p2a: Skeledirge
|-supereffective|p2a: Skeledirge
|-damage|p2a: Skeledirge|20/100
|move|p2a: Skeledirge|Torch Song|p1a: Gotta go fast
|-damage|p1a: Gotta go fast|0 fnt
|-boost|p2a: Skeledirge|spa|1
|faint|p1a: Gotta go fast
|-end|p1a: Gotta go fast|Quark Drive|[silent]
|
|upkeep
|
|t:|1760724859
|switch|p1a: Bleach|Dragapult, F|100/100
|turn|21
|
|t:|1760724894
|-terastallize|p1a: Bleach|Ghost
|move|p1a: Bleach|Tera Blast|p2a: Skeledirge|[anim] Tera Blast Ghost
|-supereffective|p2a: Skeledirge
|-damage|p2a: Skeledirge|0 fnt
|faint|p2a: Skeledirge
|
|upkeep
|
|t:|1760724901
|switch|p2a: Ting-Lu|Ting-Lu, shiny|100/100
|-ability|p2a: Ting-Lu|Vessel of Ruin
|turn|22
|
|t:|1760724906
|switch|p1a: UwU|Ogerpon-Wellspring, F|20/100 brn
|move|p2a: Ting-Lu|Throat Chop|p1a: UwU
|-damage|p1a: UwU|0 fnt
|faint|p1a: UwU
|
|upkeep
|
|t:|1760724912
|switch|p1a: Chill guy|Slowking-Galar, M, shiny|100/100
|turn|23
|
|t:|1760724916
|move|p2a: Ting-Lu|Stealth Rock|p1a: Chill guy
|-sidestart|p1: LorySobby10|move: Stealth Rock
|move|p1a: Chill guy|Ice Beam|p2a: Ting-Lu
|-supereffective|p2a: Ting-Lu
|-damage|p2a: Ting-Lu|80/100
|
|-heal|p2a: Ting-Lu|86/100|[from] item: Leftovers
|upkeep
|turn|24
|
|t:|1760724921
|move|p2a: Ting-Lu|Earthquake|p1a: Chill guy
|-supereffective|p1a: Chill guy
|-damage|p1a: Chill guy|30/100
|move|p1a: Chill guy|Ice Beam|p2a: Ting-Lu
|-supereffective|p2a: Ting-Lu
|-damage|p2a: Ting-Lu|62/100
|-status|p2a: Ting-Lu|frz
|
|-heal|p2a: Ting-Lu|69/100 frz|[from] item: Leftovers
|upkeep
|turn|25
|
|t:|1760724932
|cant|p2a: Ting-Lu|frz
|move|p1a: Chill guy|Ice Beam|p2a: Ting-Lu
|-supereffective|p2a: Ting-Lu
|-damage|p2a: Ting-Lu|46/100 frz
|
|-heal|p2a: Ting-Lu|53/100 frz|[from] item: Leftovers
|upkeep
|turn|26
|
|t:|1760724940
|cant|p2a: Ting-Lu|frz
|move|p1a: Chill guy|Ice Beam|p2a: Ting-Lu
|-supereffective|p2a: Ting-Lu
|-damage|p2a: Ting-Lu|31/100 frz
|
|-heal|p2a: Ting-Lu|37/100 frz|[from] item: Leftovers
|upkeep
|turn|27
|
|t:|1760724948
|cant|p2a: Ting-Lu|frz
|move|p1a: Chill guy|Ice Beam|p2a: Ting-Lu
|-supereffective|p2a: Ting-Lu
|-damage|p2a: Ting-Lu|16/100 frz
|
|-heal|p2a: Ting-Lu|23/100 frz|[from] item: Leftovers
|upkeep
|turn|28
|
|t:|1760724956
|cant|p2a: Ting-Lu|frz
|move|p1a: Chill guy|Ice Beam|p2a: Ting-Lu
|-supereffective|p2a: Ting-Lu
|-damage|p2a: Ting-Lu|2/100 frz
|
|-heal|p2a: Ting-Lu|8/100 frz|[from] item: Leftovers
|upkeep
|turn|29
|
|t:|1760724965
|cant|p2a: Ting-Lu|frz
|move|p1a: Chill guy|Sludge Bomb|p2a: Ting-Lu
|-resisted|p2a: Ting-Lu
|-damage|p2a: Ting-Lu|0 fnt
|faint|p2a: Ting-Lu
|
|upkeep
|c|☆deecolon|...
|
|t:|1760724971
|switch|p2a: Ogerpon|Ogerpon-Wellspring, F|56/100
|turn|30
|
|t:|1760724977
|switch|p1a: Shogun|Kingambit, F|100/100
|-damage|p1a: Shogun|94/100|[from] Stealth Rock
|-activate|p1a: Shogun|ability: Supreme Overlord
|-start|p1a: Shogun|fallen3|[silent]
|move|p2a: Ogerpon|Knock Off|p1a: Shogun
|-resisted|p1a: Shogun
|-damage|p1a: Shogun|82/100
|-enditem|p1a: Shogun|Leftovers|[from] move: Knock Off|[of] p2a: Ogerpon
|
|upkeep
|turn|31
|
|t:|1760724986
|switch|p2a: Corviknight|Corviknight, F, tera:Grass|92/100
|-ability|p2a: Corviknight|Pressure
|move|p1a: Shogun|Kowtow Cleave|p2a: Corviknight
|-damage|p2a: Corviknight|52/100
|-damage|p1a: Shogun|65/100|[from] item: Rocky Helmet|[of] p2a: Corviknight
|
|upkeep
|turn|32
|
|t:|1760724997
|move|p1a: Shogun|Swords Dance|p1a: Shogun
|-boost|p1a: Shogun|atk|2
|move|p2a: Corviknight|Roost|p2a: Corviknight
|-heal|p2a: Corviknight|100/100
|
|upkeep
|turn|33
|
|t:|1760725007
|move|p1a: Shogun|Swords Dance|p1a: Shogun
|-boost|p1a: Shogun|atk|2
|move|p2a: Corviknight|Body Press|p1a: Shogun
|-supereffective|p1a: Shogun
|-damage|p1a: Shogun|0 fnt
|faint|p1a: Shogun
|-end|p1a: Shogun|fallen3|[silent]
|
|upkeep
|
|t:|1760725014
|switch|p1a: Bleach|Dragapult, F, tera:Ghost|100/100
|-damage|p1a: Bleach|88/100|[from] Stealth Rock
|turn|34
|
|t:|1760725018
|move|p1a: Bleach|Tera Blast|p2a: Corviknight|[anim] Tera Blast Ghost
|-damage|p2a: Corviknight|51/100
|move|p2a: Corviknight|U-turn|p1a: Bleach
|-resisted|p1a: Bleach
|-damage|p1a: Bleach|77/100
|
|t:|1760725025
|switch|p2a: Weezing|Weezing-Galar, M|8/100|[from] U-turn
|-ability|p2a: Weezing|Neutralizing Gas
|
|upkeep
|turn|35
|
|t:|1760725030
|move|p1a: Bleach|Tera Blast|p2a: Weezing|[anim] Tera Blast Ghost
|-damage|p2a: Weezing|0 fnt
|faint|p2a: Weezing
|-end|p2a: Weezing|ability: Neutralizing Gas
|
|upkeep
|
|t:|1760725033
|switch|p2a: Corviknight|Corviknight, F, tera:Grass|51/100
|-ability|p2a: Corviknight|Pressure
|turn|36
|
|t:|1760725037
|move|p1a: Bleach|Tera Blast|p2a: Corviknight|[anim] Tera Blast Ghost
|-crit|p2a: Corviknight
|-damage|p2a: Corviknight|0 fnt
|faint|p2a: Corviknight
|
|upkeep
|
|t:|1760725042
|switch|p2a: Dragapult|Dragapult, M|88/100
|turn|37
|
|t:|1760725044
|move|p1a: Bleach|Tera Blast|p2a: Dragapult|[anim] Tera Blast Ghost
|-supereffective|p2a: Dragapult
|-damage|p2a: Dragapult|0 fnt
|faint|p2a: Dragapult
|
|upkeep
|c|☆deecolon|wow
|c|☆LorySobby10|GG
|c|☆deecolon|nope
|
|t:|1760725058
|switch|p2a: Ogerpon|Ogerpon-Wellspring, F|56/100
|turn|38
|
|t:|1760725059
|move|p1a: Bleach|Tera Blast|p2a: Ogerpon|[anim] Tera Blast Ghost
|-damage|p2a: Ogerpon|0 fnt
|faint|p2a: Ogerpon
|
|win|LorySobby10
|raw|LorySobby10's rating: 1365 &rarr; <strong>1384</strong><br />(+19 for winning)
|raw|deecolon's rating: 1341 &rarr; <strong>1322</strong><br />(-19 for losing)
|c|☆deecolon|nice hax
|c|☆deecolon|gl
|c|☆LorySobby10|Yep
|l|☆deecolon
|player|p2|
