|j|☆undertalethemovie
|j|☆sehega
|t:|1760854989
|gametype|singles
|player|p1|undertalethemovie|n|1189
|player|p2|sehega|blue|1168
|gen|9
|tier|[Gen 9] OU
|rated|
|rule|HP Percentage Mod: HP is shown in percentages
|rule|Endless Battle Clause: Forcing endless battles is banned
|rule|Species Clause: Limit one of each Pokémon
|rule|OHKO Clause: OHKO moves are banned
|rule|Evasion Items Clause: Evasion items are banned
|rule|Evasion Moves Clause: Evasion moves are banned
|rule|Evasion Abilities Clause: Evasion abilities are banned
|rule|Sleep Moves Clause: Sleep-inducing moves are banned
|clearpoke
|poke|p1|Clodsire, F|
|poke|p1|Ogerpon-Wellspring, F|
|poke|p1|Zoroark-Hisui, M|
|poke|p1|Zamazenta-*|
|poke|p1|Cinderace, F|
|poke|p1|Deoxys-Speed|
|poke|p2|Vikavolt, F|
|poke|p2|Bisharp, M|
|poke|p2|Arcanine-Hisui, F|
|poke|p2|Great Tusk|
|poke|p2|Primarina, F|
|poke|p2|Thundurus, M|
|teampreview
|inactive|Battle timer is ON: inactive players will automatically lose when time's up. (requested by undertalethemovie)
|
|t:|1760855005
|teamsize|p1|6
|teamsize|p2|6
|start
|switch|p1a: The Writer|Ogerpon-Wellspring, F|100/100
|switch|p2a: Vikavolt|Vikavolt, F, shiny|100/100
|turn|1
|
|t:|1760855012
|-terastallize|p1a: The Writer|Water
|detailschange|p1a: The Writer|Ogerpon-Wellspring-Tera, F, tera:Water
|-ability|p1a: The Writer|Embody Aspect (Wellspring)|boost
|-boost|p1a: The Writer|spd|1
|move|p1a: The Writer|Ivy Cudgel|p2a: Vikavolt|[anim] Ivy Cudgel Water
|-damage|p2a: Vikavolt|14/100
|move|p2a: Vikavolt|Sticky Web|p1a: The Writer
|-sidestart|p1: undertalethemovie|move: Sticky Web
|
|upkeep
|turn|2
|
|t:|1760855030
|move|p1a: The Writer|U-turn|p2a: Vikavolt
|-damage|p2a: Vikavolt|0 fnt
|faint|p2a: Vikavolt
|
|t:|1760855034
|switch|p1a: Ingerland|Cinderace, F|100/100|[from] U-turn
|
|upkeep
|
|t:|1760855041
|switch|p2a: Great Tusk|Great Tusk, shiny|100/100
|-enditem|p2a: Great Tusk|Booster Energy
|-activate|p2a: Great Tusk|ability: Protosynthesis|[fromitem]
|-start|p2a: Great Tusk|protosynthesisdef
|turn|3
|
|t:|1760855043
|move|p1a: Ingerland|U-turn|p2a: Great Tusk
|-start|p1a: Ingerland|typechange|Bug|[from] ability: Libero
|-resisted|p2a: Great Tusk
|-damage|p2a: Great Tusk|93/100
|
|t:|1760855045
|switch|p1a: Mumbo|Clodsire, F|100/100|[from] U-turn
|-item|p1a: Mumbo|Air Balloon
|move|p2a: Great Tusk|Rapid Spin|p1a: Mumbo
|-immune|p1a: Mumbo
|
|upkeep
|turn|4
|
|t:|1760855058
|move|p1a: Mumbo|Will-O-Wisp|p2a: Great Tusk
|-status|p2a: Great Tusk|brn
|move|p2a: Great Tusk|Ice Spinner|p1a: Mumbo
|-damage|p1a: Mumbo|71/100
|replace|p1a: Count St. Germain|Zoroark-Hisui, M, shiny
|-end|p1a: Count St. Germain|Illusion
|-enditem|p1a: Count St. Germain|Air Balloon
|
|-damage|p2a: Great Tusk|87/100 brn|[from] brn
|upkeep
|turn|5
|
|t:|1760855071
|move|p1a: Count St. Germain|Detect|p1a: Count St. Germain
|-singleturn|p1a: Count St. Germain|Protect
|move|p2a: Great Tusk|Earthquake|p1a: Count St. Germain
|-activate|p1a: Count St. Germain|move: Protect
|
|-damage|p2a: Great Tusk|81/100 brn|[from] brn
|upkeep
|turn|6
|
|t:|1760855074
|move|p1a: Count St. Germain|Hex|p2a: Great Tusk
|-crit|p2a: Great Tusk
|-damage|p2a: Great Tusk|0 fnt
|faint|p2a: Great Tusk
|-end|p2a: Great Tusk|Protosynthesis|[silent]
|
|upkeep
|
|t:|1760855082
|switch|p2a: Bisharp|Bisharp, M, shiny|100/100
|turn|7
|
|t:|1760855085
|move|p1a: Count St. Germain|Detect|p1a: Count St. Germain
|-singleturn|p1a: Count St. Germain|Protect
|move|p2a: Bisharp|Sucker Punch||[still]
|-fail|p2a: Bisharp
|
|upkeep
|turn|8
|
|t:|1760855088
|move|p1a: Count St. Germain|Will-O-Wisp|p2a: Bisharp
|-status|p2a: Bisharp|brn
|move|p2a: Bisharp|Swords Dance|p2a: Bisharp
|-boost|p2a: Bisharp|atk|2
|
|-damage|p2a: Bisharp|94/100 brn|[from] brn
|upkeep
|turn|9
|
|t:|1760855094
|switch|p1a: Ingerland|Cinderace, F|100/100
|move|p2a: Bisharp|Iron Head|p1a: Ingerland
|-resisted|p1a: Ingerland
|-damage|p1a: Ingerland|73/100
|
|-damage|p2a: Bisharp|88/100 brn|[from] brn
|upkeep
|turn|10
|
|t:|1760855103
|switch|p2a: Arcanine|Arcanine-Hisui, F, shiny|100/100
|move|p1a: Ingerland|Pyro Ball|p2a: Arcanine
|-resisted|p2a: Arcanine
|-damage|p2a: Arcanine|82/100
|
|upkeep
|turn|11
|
|t:|1760855112
|move|p2a: Arcanine|Head Smash|p1a: Ingerland
|-supereffective|p1a: Ingerland
|-damage|p1a: Ingerland|0 fnt
|faint|p1a: Ingerland
|
|upkeep
|
|t:|1760855117
|switch|p1a: Mumbo|Clodsire, F|100/100
|-item|p1a: Mumbo|Air Balloon
|turn|12
|
|t:|1760855120
|move|p2a: Arcanine|Head Smash|p1a: Mumbo
|-resisted|p1a: Mumbo
|-damage|p1a: Mumbo|54/100
|-enditem|p1a: Mumbo|Air Balloon
|move|p1a: Mumbo|Toxic Spikes|p2a: Arcanine
|-sidestart|p2: sehega|move: Toxic Spikes
|
|upkeep
|turn|13
|
|t:|1760855130
|switch|p2a: Bisharp|Bisharp, M, shiny|88/100 brn
|move|p1a: Mumbo|Recover|p1a: Mumbo
|-heal|p1a: Mumbo|100/100
|
|-damage|p2a: Bisharp|82/100 brn|[from] brn
|upkeep
|turn|14
|
|t:|1760855135
|move|p2a: Bisharp|Swords Dance|p2a: Bisharp
|-boost|p2a: Bisharp|atk|2
|move|p1a: Mumbo|Earthquake|p2a: Bisharp
|-supereffective|p2a: Bisharp
|-damage|p2a: Bisharp|44/100 brn
|
|-damage|p2a: Bisharp|38/100 brn|[from] brn
|upkeep
|turn|15
|
|t:|1760855139
|move|p2a: Bisharp|Iron Head|p1a: Mumbo
|-damage|p1a: Mumbo|77/100
|move|p1a: Mumbo|Earthquake|p2a: Bisharp
|-supereffective|p2a: Bisharp
|-damage|p2a: Bisharp|0 fnt
|faint|p2a: Bisharp
|
|upkeep
|
|t:|1760855149
|switch|p2a: Thundurus|Thundurus, M, shiny|100/100
|turn|16
|
|t:|1760855151
|move|p2a: Thundurus|Swagger|p1a: Mumbo
|-boost|p1a: Mumbo|atk|2
|-start|p1a: Mumbo|confusion
|-enditem|p2a: Thundurus|Mirror Herb
|-boost|p2a: Thundurus|atk|2|[from] item: Mirror Herb
|-activate|p1a: Mumbo|confusion
|-damage|p1a: Mumbo|59/100|[from] confusion
|
|upkeep
|turn|17
|
|t:|1760855160
|move|p2a: Thundurus|Acrobatics|p1a: Mumbo
|-damage|p1a: Mumbo|0 fnt
|faint|p1a: Mumbo
|
|upkeep
|
|t:|1760855186
|switch|p1a: Pokemon Shield|Zamazenta|100/100
|-activate|p1a: Pokemon Shield|move: Sticky Web
|-unboost|p1a: Pokemon Shield|spe|1
|-ability|p1a: Pokemon Shield|Dauntless Shield|boost
|-boost|p1a: Pokemon Shield|def|1
|turn|18
|
|t:|1760855195
|move|p2a: Thundurus|Supercell Slam|p1a: Pokemon Shield
|-damage|p1a: Pokemon Shield|37/100
|move|p1a: Pokemon Shield|Wild Charge|p2a: Thundurus
|-damage|p2a: Thundurus|55/100
|-damage|p1a: Pokemon Shield|27/100|[from] Recoil
|
|upkeep
|turn|19
|
|t:|1760855198
|move|p2a: Thundurus|Acrobatics|p1a: Pokemon Shield
|-supereffective|p1a: Pokemon Shield
|-damage|p1a: Pokemon Shield|0 fnt
|faint|p1a: Pokemon Shield
|
|upkeep
|
|t:|1760855200
|switch|p1a: Minami Torishima|Deoxys-Speed|100/100
|-activate|p1a: Minami Torishima|move: Sticky Web
|-unboost|p1a: Minami Torishima|spe|1
|-ability|p1a: Minami Torishima|Pressure
|turn|20
|
|t:|1760855207
|move|p2a: Thundurus|Acrobatics|p1a: Minami Torishima
|-damage|p1a: Minami Torishima|0 fnt
|faint|p1a: Minami Torishima
|
|upkeep
|
|t:|1760855210
|switch|p1a: The Writer|Ogerpon-Wellspring-Tera, F|71/100
|-activate|p1a: The Writer|move: Sticky Web
|-unboost|p1a: The Writer|spe|1
|-start|p1a: The Writer|typechange|Water|[silent]
|turn|21
|
|t:|1760855213
|move|p2a: Thundurus|Acrobatics|p1a: The Writer
|-damage|p1a: The Writer|0 fnt
|replace|p1a: Count St. Germain|Zoroark-Hisui, M, shiny
|-end|p1a: Count St. Germain|Illusion
|faint|p1a: Count St. Germain
|
|upkeep
|
|t:|1760855214
|switch|p1a: The Writer|Ogerpon-Wellspring-Tera, F, tera:Water|100/100
|-activate|p1a: The Writer|move: Sticky Web
|-unboost|p1a: The Writer|spe|1
|-ability|p1a: The Writer|Embody Aspect (Wellspring)|boost
|-boost|p1a: The Writer|spd|1
|turn|22
|
|t:|1760855218
|move|p2a: Thundurus|Acrobatics|p1a: The Writer
|-damage|p1a: The Writer|0 fnt
|faint|p1a: The Writer
|detailschange|p1: The Writer|Ogerpon-Wellspring, F|[silent]
|
|win|sehega
|raw|undertalethemovie's rating: 1189 &rarr; <strong>1162</strong><br />(-27 for losing)
|raw|sehega's rating: 1168 &rarr; <strong>1195</strong><br />(+27 for winning)
|l|☆undertalethemovie
|player|p1|
|l|☆sehega
|player|p2|
