|j|☆WolfStern
|j|☆jingqmmx
|t:|1760859574
|gametype|singles
|player|p1|WolfStern|n|1105
|player|p2|jingqmmx|n|1172
|gen|9
|tier|[Gen 9] OU
|rated|
|rule|HP Percentage Mod: HP is shown in percentages
|rule|Endless Battle Clause: Forcing endless battles is banned
|rule|Species Clause: Limit one of each Pokémon
|rule|OHKO Clause: OHKO moves are banned
|rule|Evasion Items Clause: Evasion items are banned
|rule|Evasion Moves Clause: Evasion moves are banned
|rule|Evasion Abilities Clause: Evasion abilities are banned
|rule|Sleep Moves Clause: Sleep-inducing moves are banned
|clearpoke
|poke|p1|Jolteon, M|
|poke|p1|Emboar, M|
|poke|p1|Great Tusk|
|poke|p1|Iron Crown|
|poke|p1|Alomomola, F|
|poke|p1|Muk-Alola, F|
|poke|p2|Ogerpon, F|
|poke|p2|Rillaboom, M|
|poke|p2|Heatran, M|
|poke|p2|Landorus-Therian, M|
|poke|p2|Dragonite, M|
|poke|p2|Dondozo, M|
|teampreview
|
|t:|1760859594
|teamsize|p1|6
|teamsize|p2|6
|start
|switch|p1a: Jolteon|Jolteon, M|100/100
|switch|p2a: Rillaboom|Rillaboom, M|100/100
|-fieldstart|move: Grassy Terrain|[from] ability: Grassy Surge|[of] p2a: Rillaboom
|turn|1
|
|t:|1760859609
|move|p2a: Rillaboom|Grassy Glide|p1a: Jolteon
|-damage|p1a: Jolteon|19/100
|move|p1a: Jolteon|Volt Switch|p2a: Rillaboom
|-resisted|p2a: Rillaboom
|-damage|p2a: Rillaboom|77/100
|
|t:|1760859618
|switch|p1a: Emboar|Emboar, M|100/100|[from] Volt Switch
|
|-heal|p2a: Rillaboom|83/100|[from] Grassy Terrain
|upkeep
|turn|2
|
|t:|1760859638
|switch|p2a: Heatran|Heatran, M, shiny|100/100
|-item|p2a: Heatran|Air Balloon
|move|p1a: Emboar|Close Combat|p2a: Heatran
|-supereffective|p2a: Heatran
|-damage|p2a: Heatran|0 fnt
|-unboost|p1a: Emboar|def|1
|-unboost|p1a: Emboar|spd|1
|-enditem|p2a: Heatran|Air Balloon
|faint|p2a: Heatran
|-damage|p1a: Emboar|91/100|[from] item: Life Orb
|
|-heal|p1a: Emboar|97/100|[from] Grassy Terrain
|upkeep
|
|t:|1760859661
|switch|p2a: Landorus|Landorus-Therian, M|100/100
|-ability|p2a: Landorus|Intimidate|boost
|-unboost|p1a: Emboar|atk|1
|turn|3
|
|t:|1760859681
|switch|p1a: Alomomola|Alomomola, F|100/100
|move|p2a: Landorus|Earthquake|p1a: Alomomola
|-damage|p1a: Alomomola|86/100
|
|-heal|p1a: Alomomola|92/100|[from] Grassy Terrain
|-heal|p1a: Alomomola|98/100|[from] item: Leftovers
|upkeep
|turn|4
|
|t:|1760859693
|switch|p2a: Rillaboom|Rillaboom, M|83/100
|move|p1a: Alomomola|Wish|p1a: Alomomola
|
|-heal|p2a: Rillaboom|90/100|[from] Grassy Terrain
|-heal|p1a: Alomomola|100/100|[from] Grassy Terrain
|upkeep
|turn|5
|
|t:|1760859712
|switch|p1a: Muk|Muk-Alola, F|100/100
|move|p2a: Rillaboom|U-turn|p1a: Muk
|-damage|p1a: Muk|73/100
|
|t:|1760859718
|switch|p2a: Ogerpon|Ogerpon, F|100/100|[from] U-turn
|
|-heal|p1a: Muk|100/100|[from] move: Wish|[wisher] Alomomola
|upkeep
|turn|6
|
|t:|1760859729
|-terastallize|p2a: Ogerpon|Grass
|detailschange|p2a: Ogerpon|Ogerpon-Teal-Tera, F, tera:Grass
|-ability|p2a: Ogerpon|Embody Aspect (Teal)|boost
|-boost|p2a: Ogerpon|spe|1
|move|p2a: Ogerpon|Swords Dance|p2a: Ogerpon
|-boost|p2a: Ogerpon|atk|2
|move|p1a: Muk|Knock Off|p2a: Ogerpon
|-damage|p2a: Ogerpon|57/100
|-enditem|p2a: Ogerpon|Life Orb|[from] move: Knock Off|[of] p1a: Muk
|
|-heal|p2a: Ogerpon|63/100|[from] Grassy Terrain
|upkeep
|turn|7
|
|t:|1760859765
|move|p2a: Ogerpon|Play Rough|p1a: Muk
|-damage|p1a: Muk|43/100
|move|p1a: Muk|Poison Jab|p2a: Ogerpon
|-supereffective|p2a: Ogerpon
|-damage|p2a: Ogerpon|0 fnt
|faint|p2a: Ogerpon
|detailschange|p2: Ogerpon|Ogerpon, F|[silent]
|
|-heal|p1a: Muk|49/100|[from] Grassy Terrain
|upkeep
|
|t:|1760859786
|switch|p2a: Dragonite|Dragonite, M|100/100
|turn|8
|
|t:|1760859806
|move|p2a: Dragonite|Dragon Dance|p2a: Dragonite
|-boost|p2a: Dragonite|atk|1
|-boost|p2a: Dragonite|spe|1
|move|p1a: Muk|Knock Off|p2a: Dragonite
|-damage|p2a: Dragonite|82/100
|-enditem|p2a: Dragonite|Heavy-Duty Boots|[from] move: Knock Off|[of] p1a: Muk
|
|-heal|p1a: Muk|55/100|[from] Grassy Terrain
|-fieldend|move: Grassy Terrain
|upkeep
|turn|9
|
|t:|1760859825
|move|p2a: Dragonite|Extreme Speed|p1a: Muk
|-damage|p1a: Muk|4/100
|move|p1a: Muk|Poison Jab|p2a: Dragonite
|-damage|p2a: Dragonite|47/100
|-status|p2a: Dragonite|psn|[from] ability: Poison Touch|[of] p1a: Muk
|
|-damage|p2a: Dragonite|35/100 psn|[from] psn
|upkeep
|turn|10
|
|t:|1760859837
|move|p2a: Dragonite|Extreme Speed|p1a: Muk
|-damage|p1a: Muk|0 fnt
|faint|p1a: Muk
|
|-damage|p2a: Dragonite|23/100 psn|[from] psn
|upkeep
|
|t:|1760859843
|switch|p1a: Alomomola|Alomomola, F|100/100
|turn|11
|
|t:|1760859849
|move|p1a: Alomomola|Protect|p1a: Alomomola
|-singleturn|p1a: Alomomola|Protect
|move|p2a: Dragonite|Outrage|p1a: Alomomola
|-activate|p1a: Alomomola|move: Protect
|
|-damage|p2a: Dragonite|10/100 psn|[from] psn
|upkeep
|turn|12
|
|t:|1760859859
|move|p2a: Dragonite|Outrage|p1a: Alomomola
|-damage|p1a: Alomomola|49/100
|move|p1a: Alomomola|Wish|p1a: Alomomola
|
|-heal|p1a: Alomomola|55/100|[from] item: Leftovers
|-damage|p2a: Dragonite|0 fnt|[from] psn
|faint|p2a: Dragonite
|upkeep
|
|t:|1760859870
|switch|p2a: Rillaboom|Rillaboom, M|90/100
|-fieldstart|move: Grassy Terrain|[from] ability: Grassy Surge|[of] p2a: Rillaboom
|turn|13
|
|t:|1760859886
|switch|p1a: Emboar|Emboar, M|97/100
|move|p2a: Rillaboom|Grassy Glide|p1a: Emboar
|-resisted|p1a: Emboar
|-damage|p1a: Emboar|72/100
|
|-heal|p1a: Emboar|100/100|[from] move: Wish|[wisher] Alomomola
|-heal|p2a: Rillaboom|96/100|[from] Grassy Terrain
|upkeep
|turn|14
|
|t:|1760859902
|switch|p2a: Landorus|Landorus-Therian, M|100/100
|-ability|p2a: Landorus|Intimidate|boost
|-unboost|p1a: Emboar|atk|1
|move|p1a: Emboar|Flare Blitz|p2a: Landorus
|-damage|p2a: Landorus|23/100
|-damage|p1a: Emboar|81/100|[from] Recoil
|-damage|p1a: Emboar|71/100|[from] item: Life Orb
|
|-heal|p1a: Emboar|78/100|[from] Grassy Terrain
|upkeep
|turn|15
|
|t:|1760859915
|switch|p1a: Alomomola|Alomomola, F|88/100
|move|p2a: Landorus|Earthquake|p1a: Alomomola
|-damage|p1a: Alomomola|74/100
|
|-heal|p1a: Alomomola|80/100|[from] Grassy Terrain
|-heal|p1a: Alomomola|86/100|[from] item: Leftovers
|upkeep
|turn|16
|inactive|Battle timer is ON: inactive players will automatically lose when time's up. (requested by WolfStern)
|
|t:|1760859944
|switch|p2a: Rillaboom|Rillaboom, M|96/100
|move|p1a: Alomomola|Wish|p1a: Alomomola
|
|-heal|p2a: Rillaboom|100/100|[from] Grassy Terrain
|-heal|p1a: Alomomola|93/100|[from] Grassy Terrain
|-heal|p1a: Alomomola|99/100|[from] item: Leftovers
|upkeep
|turn|17
|
|t:|1760859961
|switch|p1a: Emboar|Emboar, M|78/100
|move|p2a: Rillaboom|Low Kick|p1a: Emboar
|-damage|p1a: Emboar|37/100
|
|-heal|p1a: Emboar|99/100|[from] move: Wish|[wisher] Alomomola
|-heal|p1a: Emboar|100/100|[from] Grassy Terrain
|upkeep
|turn|18
|inactive|jingqmmx has 120 seconds left.
|l|☆jingqmmx
|inactive|jingqmmx disconnected and has a minute to reconnect!
|player|p2|
|inactive|jingqmmx has 30 seconds to reconnect!
|inactive|jingqmmx has 20 seconds to reconnect!
|j|☆jingqmmx
|inactive|jingqmmx reconnected and has 80 seconds left.
|player|p2|jingqmmx|n|
|inactive|jingqmmx has 60 seconds left.
|
|t:|1760860058
|switch|p2a: Dondozo|Dondozo, M|100/100
|-terastallize|p1a: Emboar|Fire
|move|p1a: Emboar|Flare Blitz|p2a: Dondozo
|-resisted|p2a: Dondozo
|-damage|p2a: Dondozo|70/100
|-damage|p1a: Emboar|88/100|[from] Recoil
|-damage|p1a: Emboar|79/100|[from] item: Life Orb
|
|-heal|p1a: Emboar|85/100|[from] Grassy Terrain
|-heal|p2a: Dondozo|76/100|[from] Grassy Terrain
|-heal|p2a: Dondozo|82/100|[from] item: Leftovers
|upkeep
|turn|19
|
|t:|1760860078
|switch|p1a: Iron Crown|Iron Crown|100/100
|move|p2a: Dondozo|Waterfall|p1a: Iron Crown
|-damage|p1a: Iron Crown|74/100
|
|-heal|p1a: Iron Crown|81/100|[from] Grassy Terrain
|-heal|p2a: Dondozo|88/100|[from] Grassy Terrain
|-heal|p2a: Dondozo|94/100|[from] item: Leftovers
|upkeep
|turn|20
|
|t:|1760860091
|move|p1a: Iron Crown|Volt Switch|p2a: Dondozo
|-supereffective|p2a: Dondozo
|-damage|p2a: Dondozo|40/100
|
|t:|1760860095
|-end|p1a: Iron Crown|Quark Drive|[silent]
|switch|p1a: Alomomola|Alomomola, F|100/100|[from] Volt Switch
|move|p2a: Dondozo|Curse|p2a: Dondozo
|-unboost|p2a: Dondozo|spe|1
|-boost|p2a: Dondozo|atk|1
|-boost|p2a: Dondozo|def|1
|
|-heal|p2a: Dondozo|46/100|[from] Grassy Terrain
|-heal|p2a: Dondozo|52/100|[from] item: Leftovers
|-fieldend|move: Grassy Terrain
|upkeep
|turn|21
|
|t:|1760860120
|move|p1a: Alomomola|Flip Turn|p2a: Dondozo
|-resisted|p2a: Dondozo
|-damage|p2a: Dondozo|50/100
|
|t:|1760860135
|switch|p1a: Iron Crown|Iron Crown|81/100|[from] Flip Turn
|move|p2a: Dondozo|Curse|p2a: Dondozo
|-unboost|p2a: Dondozo|spe|1
|-boost|p2a: Dondozo|atk|1
|-boost|p2a: Dondozo|def|1
|
|-heal|p2a: Dondozo|56/100|[from] item: Leftovers
|upkeep
|turn|22
|inactive|jingqmmx has 60 seconds left.
|
|t:|1760860146
|move|p1a: Iron Crown|Volt Switch|p2a: Dondozo
|-supereffective|p2a: Dondozo
|-damage|p2a: Dondozo|0 fnt
|faint|p2a: Dondozo
|-message|jingqmmx forfeited.
|
|win|WolfStern
|raw|WolfStern's rating: 1105 &rarr; <strong>1135</strong><br />(+30 for winning)
|raw|jingqmmx's rating: 1172 &rarr; <strong>1142</strong><br />(-30 for losing)
|l|☆jingqmmx
|player|p2|
