|j|‽shindig42
|j|☆YeatLover267
|t:|1760837626
|gametype|singles
|player|p1|shindig42|brycen|1322
|player|p2|YeatLover267|backersf|1340
|gen|9
|tier|[Gen 9] OU
|rated|
|rule|HP Percentage Mod: HP is shown in percentages
|rule|Endless Battle Clause: Forcing endless battles is banned
|rule|Species Clause: Limit one of each Pokémon
|rule|OHKO Clause: OHKO moves are banned
|rule|Evasion Items Clause: Evasion items are banned
|rule|Evasion Moves Clause: Evasion moves are banned
|rule|Evasion Abilities Clause: Evasion abilities are banned
|rule|Sleep Moves Clause: Sleep-inducing moves are banned
|clearpoke
|poke|p1|Grimmsnarl, M|
|poke|p1|Ursaluna, M|
|poke|p1|Slowbro-Galar, M|
|poke|p1|Iron Hands|
|poke|p1|Kingambit, F|
|poke|p1|Enamorus-Therian, F|
|poke|p2|Lycanroc-Dusk, F|
|poke|p2|Enamorus, F|
|poke|p2|Heatran, M|
|poke|p2|Dondozo, M|
|poke|p2|Slowking, F|
|poke|p2|Toedscruel, F|
|teampreview
|inactive|Battle timer is ON: inactive players will automatically lose when time's up. (requested by YeatLover267)
|
|t:|1760837646
|teamsize|p1|6
|teamsize|p2|6
|start
|switch|p1a: Grimmsnarl|Grimmsnarl, M|100/100
|switch|p2a: Heatran|Heatran, M|100/100
|-item|p2a: Heatran|Air Balloon
|turn|1
|
|t:|1760837649
|move|p1a: Grimmsnarl|Light Screen|p1a: Grimmsnarl
|-sidestart|p1: shindig42|move: Light Screen
|move|p2a: Heatran|Stealth Rock|p1a: Grimmsnarl
|-sidestart|p1: shindig42|move: Stealth Rock
|
|upkeep
|turn|2
|
|t:|1760837655
|move|p1a: Grimmsnarl|Reflect|p1a: Grimmsnarl
|-sidestart|p1: shindig42|Reflect
|move|p2a: Heatran|Flash Cannon|p1a: Grimmsnarl
|-supereffective|p1a: Grimmsnarl
|-damage|p1a: Grimmsnarl|64/100
|
|upkeep
|turn|3
|
|t:|1760837664
|switch|p1a: Ursaluna|Ursaluna, M|100/100
|-damage|p1a: Ursaluna|94/100|[from] Stealth Rock
|move|p2a: Heatran|Will-O-Wisp|p1a: Ursaluna
|-status|p1a: Ursaluna|brn
|
|-damage|p1a: Ursaluna|88/100 brn|[from] brn
|upkeep
|turn|4
|
|t:|1760837678
|move|p2a: Heatran|Lava Plume|p1a: Ursaluna
|-damage|p1a: Ursaluna|73/100 brn
|move|p1a: Ursaluna|Swords Dance|p1a: Ursaluna
|-boost|p1a: Ursaluna|atk|2
|
|-damage|p1a: Ursaluna|67/100 brn|[from] brn
|upkeep
|turn|5
|
|t:|1760837682
|move|p2a: Heatran|Lava Plume|p1a: Ursaluna
|-damage|p1a: Ursaluna|52/100 brn
|move|p1a: Ursaluna|Headlong Rush|p2a: Heatran
|-immune|p2a: Heatran
|
|-damage|p1a: Ursaluna|46/100 brn|[from] brn
|upkeep
|turn|6
|
|t:|1760837686
|move|p2a: Heatran|Lava Plume|p1a: Ursaluna
|-damage|p1a: Ursaluna|30/100 brn
|move|p1a: Ursaluna|Facade|p2a: Heatran
|-resisted|p2a: Heatran
|-damage|p2a: Heatran|0 fnt
|-enditem|p2a: Heatran|Air Balloon
|faint|p2a: Heatran
|
|-damage|p1a: Ursaluna|24/100 brn|[from] brn
|upkeep
|
|t:|1760837692
|switch|p2a: Lycanroc|Lycanroc-Dusk, F, shiny|100/100
|turn|7
|
|t:|1760837697
|move|p2a: Lycanroc|Close Combat|p1a: Ursaluna
|-supereffective|p1a: Ursaluna
|-damage|p1a: Ursaluna|0 fnt
|-unboost|p2a: Lycanroc|def|1
|-unboost|p2a: Lycanroc|spd|1
|faint|p1a: Ursaluna
|-damage|p2a: Lycanroc|91/100|[from] item: Life Orb
|
|upkeep
|
|t:|1760837701
|switch|p1a: Slowbro|Slowbro-Galar, M|100/100
|-damage|p1a: Slowbro|88/100|[from] Stealth Rock
|turn|8
|
|t:|1760837706
|switch|p2a: Slowking|Slowking, F|100/100
|move|p1a: Slowbro|Nasty Plot|p1a: Slowbro
|-boost|p1a: Slowbro|spa|2
|
|-sideend|p1: shindig42|move: Light Screen
|upkeep
|turn|9
|
|t:|1760837713
|move|p1a: Slowbro|Nasty Plot|p1a: Slowbro
|-boost|p1a: Slowbro|spa|2
|move|p2a: Slowking|Future Sight|p1a: Slowbro
|-start|p2a: Slowking|move: Future Sight
|
|-sideend|p1: shindig42|Reflect
|upkeep
|turn|10
|-activate|p1a: Slowbro|ability: Quick Draw
|
|t:|1760837721
|move|p1a: Slowbro|Sludge Bomb|p2a: Slowking
|-damage|p2a: Slowking|28/100
|-prepare|p2a: Slowking|Chilly Reception|[premajor]
|move|p2a: Slowking|Chilly Reception|p2a: Slowking
|-weather|Snowscape
|
|t:|1760837727
|switch|p2a: Dondozo|Dondozo, M, shiny|100/100|[from] Chilly Reception
|
|-weather|Snowscape|[upkeep]
|upkeep
|turn|11
|
|t:|1760837734
|move|p2a: Dondozo|Wave Crash|p1a: Slowbro
|-damage|p1a: Slowbro|53/100
|-damage|p2a: Dondozo|91/100|[from] Recoil
|move|p1a: Slowbro|Sludge Bomb|p2a: Dondozo
|-damage|p2a: Dondozo|49/100
|-status|p2a: Dondozo|psn
|
|-weather|Snowscape|[upkeep]
|-end|p1a: Slowbro|move: Future Sight
|-damage|p1a: Slowbro|2/100
|-heal|p2a: Dondozo|55/100 psn|[from] item: Leftovers
|-damage|p2a: Dondozo|42/100 psn|[from] psn
|upkeep
|turn|12
|
|t:|1760837748
|switch|p1a: Grimmsnarl|Grimmsnarl, M|64/100
|-damage|p1a: Grimmsnarl|51/100|[from] Stealth Rock
|move|p2a: Dondozo|Rest|p2a: Dondozo
|-status|p2a: Dondozo|slp|[from] move: Rest
|-heal|p2a: Dondozo|100/100 slp|[silent]
|
|-weather|Snowscape|[upkeep]
|upkeep
|turn|13
|
|t:|1760837752
|move|p1a: Grimmsnarl|Reflect|p1a: Grimmsnarl
|-sidestart|p1: shindig42|Reflect
|cant|p2a: Dondozo|slp
|
|-weather|Snowscape|[upkeep]
|upkeep
|turn|14
|
|t:|1760837755
|move|p1a: Grimmsnarl|Light Screen|p1a: Grimmsnarl
|-sidestart|p1: shindig42|move: Light Screen
|cant|p2a: Dondozo|slp
|move|p2a: Dondozo|Sleep Talk|p2a: Dondozo
|move|p2a: Dondozo|Wave Crash|p1a: Grimmsnarl|[from] move: Sleep Talk
|-damage|p1a: Grimmsnarl|35/100
|-damage|p2a: Dondozo|96/100 slp|[from] Recoil
|
|-weather|none
|-heal|p2a: Dondozo|100/100 slp|[from] item: Leftovers
|upkeep
|turn|15
|
|t:|1760837758
|move|p1a: Grimmsnarl|Taunt|p2a: Dondozo
|-start|p2a: Dondozo|move: Taunt
|-curestatus|p2a: Dondozo|slp|[msg]
|cant|p2a: Dondozo|move: Taunt|Curse
|
|upkeep
|turn|16
|
|t:|1760837761
|switch|p1a: Slowbro|Slowbro-Galar, M|2/100
|-damage|p1a: Slowbro|0 fnt|[from] Stealth Rock
|faint|p1a: Slowbro
|switch|p2a: Slowking|Slowking, F|61/100
|
|upkeep
|
|t:|1760837781
|switch|p1a: Iron Hands|Iron Hands|100/100
|-damage|p1a: Iron Hands|94/100|[from] Stealth Rock
|turn|17
|-activate|p1a: Iron Hands|item: Quick Claw
|
|t:|1760837785
|move|p1a: Iron Hands|Swords Dance|p1a: Iron Hands
|-boost|p1a: Iron Hands|atk|2
|move|p2a: Slowking|Future Sight|p1a: Iron Hands
|-start|p2a: Slowking|move: Future Sight
|
|upkeep
|turn|18
|
|t:|1760837788
|move|p1a: Iron Hands|Wild Charge|p2a: Slowking
|-supereffective|p2a: Slowking
|-damage|p2a: Slowking|0 fnt
|faint|p2a: Slowking
|-damage|p1a: Iron Hands|83/100|[from] Recoil
|
|upkeep
|
|t:|1760837790
|switch|p2a: Dondozo|Dondozo, M, shiny|100/100
|turn|19
|
|t:|1760837796
|move|p1a: Iron Hands|Wild Charge|p2a: Dondozo
|-supereffective|p2a: Dondozo
|-damage|p2a: Dondozo|49/100
|-damage|p1a: Iron Hands|70/100|[from] Recoil
|move|p2a: Dondozo|Rest|p2a: Dondozo
|-status|p2a: Dondozo|slp|[from] move: Rest
|-heal|p2a: Dondozo|100/100 slp|[silent]
|
|-end|p1a: Iron Hands|move: Future Sight
|-supereffective|p1a: Iron Hands
|-damage|p1a: Iron Hands|33/100
|upkeep
|turn|20
|
|t:|1760837802
|move|p1a: Iron Hands|Wild Charge|p2a: Dondozo
|-supereffective|p2a: Dondozo
|-crit|p2a: Dondozo
|-damage|p2a: Dondozo|28/100 slp
|-damage|p1a: Iron Hands|15/100|[from] Recoil
|cant|p2a: Dondozo|slp
|move|p2a: Dondozo|Sleep Talk|p2a: Dondozo
|move|p2a: Dondozo|Curse|p2a: Dondozo|[from] move: Sleep Talk
|-unboost|p2a: Dondozo|spe|1
|-boost|p2a: Dondozo|atk|1
|-boost|p2a: Dondozo|def|1
|
|-heal|p2a: Dondozo|34/100 slp|[from] item: Leftovers
|-sideend|p1: shindig42|Reflect
|upkeep
|turn|21
|
|t:|1760837806
|move|p1a: Iron Hands|Wild Charge|p2a: Dondozo
|-supereffective|p2a: Dondozo
|-damage|p2a: Dondozo|1/100 slp
|-damage|p1a: Iron Hands|7/100|[from] Recoil
|cant|p2a: Dondozo|slp
|move|p2a: Dondozo|Sleep Talk|p2a: Dondozo
|move|p2a: Dondozo|Wave Crash|p1a: Iron Hands|[from] move: Sleep Talk
|-damage|p1a: Iron Hands|0 fnt
|faint|p1a: Iron Hands
|-end|p1a: Iron Hands|Quark Drive|[silent]
|-damage|p2a: Dondozo|0 fnt|[from] Recoil
|faint|p2a: Dondozo
|
|-sideend|p1: shindig42|move: Light Screen
|upkeep
|
|t:|1760837811
|switch|p1a: Grimmsnarl|Grimmsnarl, M|35/100
|switch|p2a: Enamorus|Enamorus, F|100/100
|-damage|p1a: Grimmsnarl|22/100|[from] Stealth Rock
|turn|22
|
|t:|1760837817
|move|p1a: Grimmsnarl|Light Screen|p1a: Grimmsnarl
|-sidestart|p1: shindig42|move: Light Screen
|move|p2a: Enamorus|Moonblast|p1a: Grimmsnarl
|-supereffective|p1a: Grimmsnarl
|-damage|p1a: Grimmsnarl|0 fnt
|faint|p1a: Grimmsnarl
|
|upkeep
|
|t:|1760837821
|switch|p1a: Enamorus|Enamorus-Therian, F|100/100
|-damage|p1a: Enamorus|76/100|[from] Stealth Rock
|turn|23
|
|t:|1760837824
|switch|p2a: Toedscruel|Toedscruel, F|100/100
|move|p1a: Enamorus|Calm Mind|p1a: Enamorus
|-boost|p1a: Enamorus|spa|1
|-boost|p1a: Enamorus|spd|1
|
|upkeep
|turn|24
|-activate|p1a: Enamorus|item: Quick Claw
|
|t:|1760837841
|move|p1a: Enamorus|Moonblast|p2a: Toedscruel
|-damage|p2a: Toedscruel|37/100
|move|p2a: Toedscruel|Spikes|p1a: Enamorus
|-sidestart|p1: shindig42|Spikes
|
|upkeep
|turn|25
|
|t:|1760837847
|move|p1a: Enamorus|Moonblast|p2a: Toedscruel
|-damage|p2a: Toedscruel|0 fnt
|faint|p2a: Toedscruel
|
|upkeep
|
|t:|1760837849
|switch|p2a: Enamorus|Enamorus, F|100/100
|turn|26
|-activate|p1a: Enamorus|item: Quick Claw
|
|t:|1760837855
|move|p1a: Enamorus|Moonblast|p2a: Enamorus
|-damage|p2a: Enamorus|0 fnt
|faint|p2a: Enamorus
|
|upkeep
|
|t:|1760837857
|switch|p2a: Lycanroc|Lycanroc-Dusk, F, shiny|91/100
|turn|27
|
|t:|1760837861
|-terastallize|p2a: Lycanroc|Rock
|move|p2a: Lycanroc|Accelerock|p1a: Enamorus
|-supereffective|p1a: Enamorus
|-damage|p1a: Enamorus|0 fnt
|faint|p1a: Enamorus
|-damage|p2a: Lycanroc|81/100|[from] item: Life Orb
|
|upkeep
|
|t:|1760837865
|switch|p1a: Kingambit|Kingambit, F|100/100
|-damage|p1a: Kingambit|94/100|[from] Stealth Rock
|-damage|p1a: Kingambit|82/100|[from] Spikes
|-activate|p1a: Kingambit|ability: Supreme Overlord
|-start|p1a: Kingambit|fallen5|[silent]
|turn|28
|
|t:|1760837874
|move|p2a: Lycanroc|Close Combat|p1a: Kingambit
|-supereffective|p1a: Kingambit
|-damage|p1a: Kingambit|0 fnt
|-unboost|p2a: Lycanroc|def|1
|-unboost|p2a: Lycanroc|spd|1
|faint|p1a: Kingambit
|-end|p1a: Kingambit|fallen5|[silent]
|-damage|p2a: Lycanroc|71/100|[from] item: Life Orb
|
|win|YeatLover267
|raw|shindig42's rating: 1322 &rarr; <strong>1303</strong><br />(-19 for losing)
|raw|YeatLover267's rating: 1340 &rarr; <strong>1359</strong><br />(+19 for winning)
|l|☆YeatLover267
|player|p2|
|l|‽shindig42
|player|p1|
