|j|☆golookatthisduck
|j|☆liam2803
|t:|1760763442
|gametype|singles
|player|p1|golookatthisduck|265|1437
|player|p2|liam2803|2|1360
|gen|9
|tier|[Gen 9] OU
|rated|
|rule|HP Percentage Mod: HP is shown in percentages
|rule|Endless Battle Clause: Forcing endless battles is banned
|rule|Species Clause: Limit one of each Pokémon
|rule|OHKO Clause: OHKO moves are banned
|rule|Evasion Items Clause: Evasion items are banned
|rule|Evasion Moves Clause: Evasion moves are banned
|rule|Evasion Abilities Clause: Evasion abilities are banned
|rule|Sleep Moves Clause: Sleep-inducing moves are banned
|clearpoke
|poke|p1|Torkoal, F|
|poke|p1|Walking Wake|
|poke|p1|Ursaluna, F|
|poke|p1|Hatterene, F|
|poke|p1|Cresselia, F|
|poke|p1|Zamazenta-*|
|poke|p2|Moltres|
|poke|p2|Iron Hands|
|poke|p2|Iron Treads|
|poke|p2|Pecharunt|
|poke|p2|Meowscarada, F|
|poke|p2|Toxapex, F|
|teampreview
|inactive|Battle timer is ON: inactive players will automatically lose when time's up. (requested by golookatthisduck)
|inactive|golookatthisduck has 120 seconds left.
|
|t:|1760763485
|teamsize|p1|6
|teamsize|p2|6
|start
|switch|p1a: Hatterene|Hatterene, F|100/100
|switch|p2a: Meowscarada|Meowscarada, F, shiny|100/100
|turn|1
|
|t:|1760763495
|move|p2a: Meowscarada|U-turn|p1a: Hatterene
|-start|p2a: Meowscarada|typechange|Bug|[from] ability: Protean
|-damage|p1a: Hatterene|62/100
|
|t:|1760763508
|switch|p2a: Iron Treads|Iron Treads, shiny|100/100|[from] U-turn
|-enditem|p2a: Iron Treads|Booster Energy
|-activate|p2a: Iron Treads|ability: Quark Drive|[fromitem]
|-start|p2a: Iron Treads|quarkdrivespe
|move|p1a: Hatterene|Trick Room|p1a: Hatterene
|-fieldstart|move: Trick Room|[of] p1a: Hatterene
|
|-heal|p1a: Hatterene|67/100|[from] item: Leftovers
|upkeep
|turn|2
|
|t:|1760763531
|switch|p1a: Torkoal|Torkoal, F|100/100
|-weather|SunnyDay|[from] ability: Drought|[of] p1a: Torkoal
|move|p2a: Iron Treads|Knock Off|p1a: Torkoal
|-damage|p1a: Torkoal|80/100
|-enditem|p1a: Torkoal|Choice Specs|[from] move: Knock Off|[of] p2a: Iron Treads
|
|-weather|SunnyDay|[upkeep]
|upkeep
|turn|3
|
|t:|1760763543
|-end|p2a: Iron Treads|Quark Drive|[silent]
|switch|p2a: Moltres|Moltres, shiny|100/100
|move|p1a: Torkoal|Eruption|p2a: Moltres
|-resisted|p2a: Moltres
|-damage|p2a: Moltres|65/100
|
|-weather|SunnyDay|[upkeep]
|upkeep
|turn|4
|
|t:|1760763551
|move|p1a: Torkoal|Eruption|p2a: Moltres
|-resisted|p2a: Moltres
|-damage|p2a: Moltres|28/100
|move|p2a: Moltres|Roost|p2a: Moltres
|-heal|p2a: Moltres|78/100
|-singleturn|p2a: Moltres|move: Roost
|
|-weather|SunnyDay|[upkeep]
|upkeep
|turn|5
|
|t:|1760763559
|switch|p1a: Walking Wake|Walking Wake|100/100
|-activate|p1a: Walking Wake|ability: Protosynthesis
|-start|p1a: Walking Wake|protosynthesisspa
|move|p2a: Moltres|Roost|p2a: Moltres
|-heal|p2a: Moltres|100/100
|-singleturn|p2a: Moltres|move: Roost
|
|-weather|SunnyDay|[upkeep]
|-fieldend|move: Trick Room
|upkeep
|turn|6
|
|t:|1760763570
|switch|p2a: Toxapex|Toxapex, F, shiny|100/100
|move|p1a: Walking Wake|Hydro Steam|p2a: Toxapex
|-resisted|p2a: Toxapex
|-damage|p2a: Toxapex|74/100
|
|-weather|none
|-end|p1a: Walking Wake|Protosynthesis
|-heal|p2a: Toxapex|80/100|[from] item: Black Sludge
|upkeep
|turn|7
|
|t:|1760763579
|-end|p1a: Walking Wake|Protosynthesis|[silent]
|switch|p1a: Hatterene|Hatterene, F|67/100
|move|p2a: Toxapex|Toxic|p1a: Hatterene
|move|p1a: Hatterene|Toxic|p2a: Toxapex|[from] ability: Magic Bounce|[miss]
|-miss|p1a: Hatterene|p2a: Toxapex
|
|-heal|p2a: Toxapex|86/100|[from] item: Black Sludge
|-heal|p1a: Hatterene|73/100|[from] item: Leftovers
|upkeep
|turn|8
|
|t:|1760763589
|move|p2a: Toxapex|Surf|p1a: Hatterene
|-damage|p1a: Hatterene|60/100
|move|p1a: Hatterene|Trick Room|p1a: Hatterene
|-fieldstart|move: Trick Room|[of] p1a: Hatterene
|
|-heal|p1a: Hatterene|66/100|[from] item: Leftovers
|-heal|p2a: Toxapex|93/100|[from] item: Black Sludge
|upkeep
|turn|9
|
|t:|1760763601
|move|p1a: Hatterene|Psyshock|p2a: Toxapex
|-supereffective|p2a: Toxapex
|-damage|p2a: Toxapex|37/100
|move|p2a: Toxapex|Surf|p1a: Hatterene
|-damage|p1a: Hatterene|52/100
|
|-heal|p1a: Hatterene|58/100|[from] item: Leftovers
|-heal|p2a: Toxapex|43/100|[from] item: Black Sludge
|upkeep
|turn|10
|
|t:|1760763609
|switch|p1a: Torkoal|Torkoal, F|80/100
|-weather|SunnyDay|[from] ability: Drought|[of] p1a: Torkoal
|move|p2a: Toxapex|Baneful Bunker||[still]
|-fail|p2a: Toxapex
|
|-weather|SunnyDay|[upkeep]
|-heal|p2a: Toxapex|49/100|[from] item: Black Sludge
|upkeep
|turn|11
|
|t:|1760763621
|switch|p2a: Moltres|Moltres, shiny|100/100
|move|p1a: Torkoal|Earth Power|p2a: Moltres
|-immune|p2a: Moltres
|
|-weather|SunnyDay|[upkeep]
|upkeep
|turn|12
|
|t:|1760763627
|switch|p1a: Walking Wake|Walking Wake|100/100
|-activate|p1a: Walking Wake|ability: Protosynthesis
|-start|p1a: Walking Wake|protosynthesisspa
|move|p2a: Moltres|Scorching Sands|p1a: Walking Wake
|-damage|p1a: Walking Wake|79/100
|
|-weather|SunnyDay|[upkeep]
|-fieldend|move: Trick Room
|upkeep
|turn|13
|
|t:|1760763638
|switch|p2a: Toxapex|Toxapex, F, shiny|82/100
|move|p1a: Walking Wake|Flip Turn|p2a: Toxapex
|-resisted|p2a: Toxapex
|-damage|p2a: Toxapex|79/100
|
|t:|1760763640
|-end|p1a: Walking Wake|Protosynthesis|[silent]
|switch|p1a: Ursaluna|Ursaluna, F|100/100|[from] Flip Turn
|
|-weather|SunnyDay|[upkeep]
|-heal|p2a: Toxapex|86/100|[from] item: Black Sludge
|-status|p1a: Ursaluna|brn|[from] item: Flame Orb
|upkeep
|turn|14
|
|t:|1760763653
|switch|p2a: Pecharunt|Pecharunt|100/100
|move|p1a: Ursaluna|Swords Dance|p1a: Ursaluna
|-boost|p1a: Ursaluna|atk|2
|
|-weather|none
|-damage|p1a: Ursaluna|94/100 brn|[from] brn
|upkeep
|turn|15
|
|t:|1760763662
|-terastallize|p2a: Pecharunt|Normal
|move|p2a: Pecharunt|Nasty Plot|p2a: Pecharunt
|-boost|p2a: Pecharunt|spa|2
|move|p1a: Ursaluna|Facade|p2a: Pecharunt
|-damage|p2a: Pecharunt|0 fnt
|faint|p2a: Pecharunt
|
|-damage|p1a: Ursaluna|88/100 brn|[from] brn
|upkeep
|-message|liam2803 forfeited.
|
|win|golookatthisduck
|raw|golookatthisduck's rating: 1437 &rarr; <strong>1453</strong><br />(+16 for winning)
|raw|liam2803's rating: 1360 &rarr; <strong>1344</strong><br />(-16 for losing)
|l|☆liam2803
|player|p2|
