|j|☆kritath
|j|☆deep value
|t:|1760839304
|gametype|singles
|player|p1|kritath|policeman-gen4|1416
|player|p2|deep value|yellow|1413
|gen|9
|tier|[Gen 9] OU
|rated|
|rule|HP Percentage Mod: HP is shown in percentages
|rule|Endless Battle Clause: Forcing endless battles is banned
|rule|Species Clause: Limit one of each Pokémon
|rule|OHKO Clause: OHKO moves are banned
|rule|Evasion Items Clause: Evasion items are banned
|rule|Evasion Moves Clause: Evasion moves are banned
|rule|Evasion Abilities Clause: Evasion abilities are banned
|rule|Sleep Moves Clause: Sleep-inducing moves are banned
|clearpoke
|poke|p1|Pecharunt|
|poke|p1|Blissey, F|
|poke|p1|Gliscor, M|
|poke|p1|Dragonite, F|
|poke|p1|Quagsire, M|
|poke|p1|Skarmory, F|
|poke|p2|Ogerpon, F|
|poke|p2|Weavile, F|
|poke|p2|Great Tusk|
|poke|p2|Heatran, F|
|poke|p2|Primarina, F|
|poke|p2|Pecharunt|
|teampreview
|inactive|Battle timer is ON: inactive players will automatically lose when time's up. (requested by kritath)
|inactive|kritath has 120 seconds left.
|inactive|kritath has 90 seconds left.
|inactive|deep value has 120 seconds left.
|
|t:|1760839396
|teamsize|p1|6
|teamsize|p2|6
|start
|switch|p1a: Gliscor|Gliscor, M|100/100
|switch|p2a: Weavile|Weavile, F|100/100
|-ability|p2a: Weavile|Pressure
|turn|1
|
|t:|1760839402
|move|p1a: Gliscor|Protect|p1a: Gliscor
|-singleturn|p1a: Gliscor|Protect
|move|p2a: Weavile|Triple Axel|p1a: Gliscor
|-activate|p1a: Gliscor|move: Protect
|
|-status|p1a: Gliscor|tox|[from] item: Toxic Orb
|upkeep
|turn|2
|
|t:|1760839405
|switch|p2a: Heatran|Heatran, F|100/100
|-item|p2a: Heatran|Air Balloon
|switch|p1a: Pecharunt|Pecharunt|100/100
|
|upkeep
|turn|3
|
|t:|1760839411
|move|p2a: Heatran|Stealth Rock|p1a: Pecharunt
|-sidestart|p1: kritath|move: Stealth Rock
|move|p1a: Pecharunt|Parting Shot|p2a: Heatran
|-unboost|p2a: Heatran|atk|1
|-unboost|p2a: Heatran|spa|1
|
|t:|1760839424
|switch|p1a: Gliscor|Gliscor, M|100/100 tox|[from] Parting Shot
|-damage|p1a: Gliscor|88/100 tox|[from] Stealth Rock
|
|-heal|p1a: Gliscor|100/100 tox|[from] ability: Poison Heal
|upkeep
|turn|4
|
|t:|1760839427
|move|p2a: Heatran|Taunt|p1a: Gliscor
|-start|p1a: Gliscor|move: Taunt
|move|p1a: Gliscor|Knock Off|p2a: Heatran
|-damage|p2a: Heatran|78/100
|-enditem|p2a: Heatran|Air Balloon
|
|upkeep
|turn|5
|
|t:|1760839431
|switch|p2a: Pecharunt|Pecharunt|100/100
|move|p1a: Gliscor|Knock Off|p2a: Pecharunt
|-supereffective|p2a: Pecharunt
|-damage|p2a: Pecharunt|80/100
|-damage|p1a: Gliscor|84/100 tox|[from] item: Rocky Helmet|[of] p2a: Pecharunt
|-enditem|p2a: Pecharunt|Rocky Helmet|[from] move: Knock Off|[of] p1a: Gliscor
|
|-heal|p1a: Gliscor|97/100 tox|[from] ability: Poison Heal
|upkeep
|turn|6
|
|t:|1760839435
|move|p1a: Gliscor|Knock Off|p2a: Pecharunt
|-supereffective|p2a: Pecharunt
|-damage|p2a: Pecharunt|68/100
|move|p2a: Pecharunt|Parting Shot|p1a: Gliscor
|-unboost|p1a: Gliscor|atk|1
|-unboost|p1a: Gliscor|spa|1
|
|t:|1760839437
|switch|p2a: Weavile|Weavile, F|100/100|[from] Parting Shot
|-ability|p2a: Weavile|Pressure
|
|-heal|p1a: Gliscor|100/100 tox|[from] ability: Poison Heal
|-end|p1a: Gliscor|move: Taunt
|upkeep
|turn|7
|
|t:|1760839440
|switch|p1a: Pecharunt|Pecharunt|100/100
|move|p2a: Weavile|Triple Axel|p1a: Pecharunt
|-damage|p1a: Pecharunt|93/100
|-damage|p1a: Pecharunt|80/100
|-damage|p1a: Pecharunt|57/100
|-hitcount|p1a: Pecharunt|3
|
|upkeep
|turn|8
|
|t:|1760839445
|switch|p2a: Heatran|Heatran, F|78/100
|move|p1a: Pecharunt|Recover|p1a: Pecharunt
|-heal|p1a: Pecharunt|100/100
|
|upkeep
|turn|9
|
|t:|1760839450
|switch|p1a: Gliscor|Gliscor, M|100/100 tox
|-damage|p1a: Gliscor|88/100 tox|[from] Stealth Rock
|move|p2a: Heatran|Earth Power|p1a: Gliscor
|-immune|p1a: Gliscor
|
|-heal|p1a: Gliscor|100/100 tox|[from] ability: Poison Heal
|upkeep
|turn|10
|
|t:|1760839455
|move|p1a: Gliscor|Protect|p1a: Gliscor
|-singleturn|p1a: Gliscor|Protect
|move|p2a: Heatran|Taunt|p1a: Gliscor
|-activate|p1a: Gliscor|move: Protect
|
|upkeep
|turn|11
|
|t:|1760839463
|move|p2a: Heatran|Magma Storm|p1a: Gliscor
|-damage|p1a: Gliscor|54/100 tox
|-activate|p1a: Gliscor|move: Magma Storm|[of] p2a: Heatran
|move|p1a: Gliscor|Facade|p2a: Heatran
|-resisted|p2a: Heatran
|-damage|p2a: Heatran|61/100
|
|-heal|p1a: Gliscor|66/100 tox|[from] ability: Poison Heal
|-damage|p1a: Gliscor|54/100 tox|[from] move: Magma Storm|[partiallytrapped]
|upkeep
|turn|12
|
|t:|1760839468
|move|p1a: Gliscor|Protect|p1a: Gliscor
|-singleturn|p1a: Gliscor|Protect
|move|p2a: Heatran|Taunt|p1a: Gliscor
|-activate|p1a: Gliscor|move: Protect
|
|-heal|p1a: Gliscor|66/100 tox|[from] ability: Poison Heal
|-damage|p1a: Gliscor|54/100 tox|[from] move: Magma Storm|[partiallytrapped]
|upkeep
|turn|13
|
|t:|1760839475
|move|p2a: Heatran|Magma Storm|p1a: Gliscor|[miss]
|-miss|p2a: Heatran|p1a: Gliscor
|move|p1a: Gliscor|Swords Dance|p1a: Gliscor
|-boost|p1a: Gliscor|atk|2
|
|-heal|p1a: Gliscor|66/100 tox|[from] ability: Poison Heal
|-damage|p1a: Gliscor|54/100 tox|[from] move: Magma Storm|[partiallytrapped]
|upkeep
|turn|14
|
|t:|1760839477
|move|p1a: Gliscor|Protect|p1a: Gliscor
|-singleturn|p1a: Gliscor|Protect
|move|p2a: Heatran|Taunt|p1a: Gliscor
|-activate|p1a: Gliscor|move: Protect
|
|-heal|p1a: Gliscor|66/100 tox|[from] ability: Poison Heal
|-damage|p1a: Gliscor|54/100 tox|[from] move: Magma Storm|[partiallytrapped]
|upkeep
|turn|15
|
|t:|1760839481
|move|p2a: Heatran|Taunt|p1a: Gliscor
|-start|p1a: Gliscor|move: Taunt
|move|p1a: Gliscor|Facade|p2a: Heatran
|-resisted|p2a: Heatran
|-damage|p2a: Heatran|31/100
|
|-heal|p1a: Gliscor|66/100 tox|[from] ability: Poison Heal
|-end|p1a: Gliscor|Magma Storm|[partiallytrapped]
|upkeep
|turn|16
|
|t:|1760839486
|move|p2a: Heatran|Magma Storm|p1a: Gliscor
|-damage|p1a: Gliscor|18/100 tox
|-activate|p1a: Gliscor|move: Magma Storm|[of] p2a: Heatran
|move|p1a: Gliscor|Facade|p2a: Heatran
|-resisted|p2a: Heatran
|-damage|p2a: Heatran|0 fnt
|faint|p2a: Heatran
|
|-heal|p1a: Gliscor|30/100 tox|[from] ability: Poison Heal
|-end|p1a: Gliscor|Magma Storm|[partiallytrapped]|[silent]
|upkeep
|
|t:|1760839491
|switch|p2a: Weavile|Weavile, F|100/100
|-ability|p2a: Weavile|Pressure
|turn|17
|
|t:|1760839494
|switch|p1a: Skarmory|Skarmory, F|100/100
|-damage|p1a: Skarmory|88/100|[from] Stealth Rock
|move|p2a: Weavile|Knock Off|p1a: Skarmory
|-damage|p1a: Skarmory|43/100
|-damage|p2a: Weavile|84/100|[from] item: Rocky Helmet|[of] p1a: Skarmory
|-enditem|p1a: Skarmory|Rocky Helmet|[from] move: Knock Off|[of] p2a: Weavile
|
|upkeep
|turn|18
|
|t:|1760839503
|switch|p2a: Primarina|Primarina, F|100/100
|move|p1a: Skarmory|Roost|p1a: Skarmory
|-heal|p1a: Skarmory|93/100
|-singleturn|p1a: Skarmory|move: Roost
|
|upkeep
|turn|19
|
|t:|1760839508
|switch|p1a: Blissey|Blissey, F|100/100
|-damage|p1a: Blissey|88/100|[from] Stealth Rock
|move|p2a: Primarina|Psychic Noise|p1a: Blissey
|-damage|p1a: Blissey|77/100
|-start|p1a: Blissey|move: Heal Block
|
|upkeep
|turn|20
|
|t:|1760839517
|move|p2a: Primarina|Whirlpool|p1a: Blissey
|-damage|p1a: Blissey|72/100
|-activate|p1a: Blissey|move: Whirlpool|[of] p2a: Primarina
|move|p1a: Blissey|Stealth Rock|p2a: Primarina
|-sidestart|p2: deep value|move: Stealth Rock
|
|-damage|p1a: Blissey|60/100|[from] move: Whirlpool|[partiallytrapped]
|-end|p1a: Blissey|move: Heal Block
|upkeep
|turn|21
|
|t:|1760839526
|move|p2a: Primarina|Psychic Noise|p1a: Blissey
|-damage|p1a: Blissey|48/100
|-start|p1a: Blissey|move: Heal Block
|move|p1a: Blissey|Seismic Toss|p2a: Primarina
|-damage|p2a: Primarina|73/100
|
|-damage|p1a: Blissey|36/100|[from] move: Whirlpool|[partiallytrapped]
|upkeep
|turn|22
|
|t:|1760839528
|move|p2a: Primarina|Psychic Noise|p1a: Blissey
|-damage|p1a: Blissey|23/100
|move|p1a: Blissey|Seismic Toss|p2a: Primarina
|-damage|p2a: Primarina|45/100
|
|-damage|p1a: Blissey|11/100|[from] move: Whirlpool|[partiallytrapped]
|-end|p1a: Blissey|move: Heal Block
|upkeep
|turn|23
|
|t:|1760839530
|move|p2a: Primarina|Psychic Noise|p1a: Blissey
|-damage|p1a: Blissey|0 fnt
|faint|p1a: Blissey
|
|upkeep
|
|t:|1760839540
|switch|p1a: Pecharunt|Pecharunt|100/100
|turn|24
|
|t:|1760839544
|move|p1a: Pecharunt|Malignant Chain|p2a: Primarina
|-supereffective|p2a: Primarina
|-damage|p2a: Primarina|15/100
|move|p2a: Primarina|Psychic Noise|p1a: Pecharunt
|-damage|p1a: Pecharunt|56/100
|-start|p1a: Pecharunt|move: Heal Block
|
|upkeep
|turn|25
|
|t:|1760839553
|move|p1a: Pecharunt|Malignant Chain|p2a: Primarina
|-supereffective|p2a: Primarina
|-damage|p2a: Primarina|0 fnt
|faint|p2a: Primarina
|
|-end|p1a: Pecharunt|move: Heal Block
|upkeep
|
|t:|1760839557
|switch|p2a: Great Tusk|Great Tusk|100/100
|turn|26
|
|t:|1760839562
|-terastallize|p1a: Pecharunt|Ghost
|move|p2a: Great Tusk|Headlong Rush|p1a: Pecharunt
|-damage|p1a: Pecharunt|28/100
|-unboost|p2a: Great Tusk|def|1
|-unboost|p2a: Great Tusk|spd|1
|move|p1a: Pecharunt|Recover|p1a: Pecharunt
|-heal|p1a: Pecharunt|78/100
|
|upkeep
|turn|27
|
|t:|1760839571
|-end|p2a: Great Tusk|Protosynthesis|[silent]
|switch|p2a: Pecharunt|Pecharunt|68/100
|-damage|p2a: Pecharunt|55/100|[from] Stealth Rock
|move|p1a: Pecharunt|Parting Shot|p2a: Pecharunt
|-unboost|p2a: Pecharunt|atk|1
|-unboost|p2a: Pecharunt|spa|1
|
|t:|1760839573
|switch|p1a: Gliscor|Gliscor, M|30/100 tox|[from] Parting Shot
|-damage|p1a: Gliscor|18/100 tox|[from] Stealth Rock
|
|-heal|p1a: Gliscor|30/100 tox|[from] ability: Poison Heal
|upkeep
|turn|28
|
|t:|1760839576
|move|p1a: Gliscor|Protect|p1a: Gliscor
|-singleturn|p1a: Gliscor|Protect
|move|p2a: Pecharunt|Parting Shot|p1a: Gliscor
|-activate|p1a: Gliscor|move: Protect
|
|-heal|p1a: Gliscor|43/100 tox|[from] ability: Poison Heal
|upkeep
|turn|29
|
|t:|1760839579
|move|p1a: Gliscor|Swords Dance|p1a: Gliscor
|-boost|p1a: Gliscor|atk|2
|move|p2a: Pecharunt|Parting Shot|p1a: Gliscor
|-unboost|p1a: Gliscor|atk|1
|-unboost|p1a: Gliscor|spa|1
|
|t:|1760839582
|switch|p2a: Great Tusk|Great Tusk|100/100|[from] Parting Shot
|
|-heal|p1a: Gliscor|55/100 tox|[from] ability: Poison Heal
|upkeep
|turn|30
|
|t:|1760839586
|move|p1a: Gliscor|Protect|p1a: Gliscor
|-singleturn|p1a: Gliscor|Protect
|move|p2a: Great Tusk|Headlong Rush|p1a: Gliscor
|-activate|p1a: Gliscor|move: Protect
|
|-heal|p1a: Gliscor|68/100 tox|[from] ability: Poison Heal
|upkeep
|turn|31
|
|t:|1760839590
|switch|p1a: Pecharunt|Pecharunt, tera:Ghost|78/100
|move|p2a: Great Tusk|Ice Spinner|p1a: Pecharunt
|-damage|p1a: Pecharunt|65/100
|
|upkeep
|turn|32
|
|t:|1760839594
|move|p2a: Great Tusk|Headlong Rush|p1a: Pecharunt
|-damage|p1a: Pecharunt|37/100
|-unboost|p2a: Great Tusk|def|1
|-unboost|p2a: Great Tusk|spd|1
|move|p1a: Pecharunt|Malignant Chain|p2a: Great Tusk
|-resisted|p2a: Great Tusk
|-damage|p2a: Great Tusk|66/100
|-status|p2a: Great Tusk|tox
|-start|p2a: Great Tusk|confusion|[from] ability: Poison Puppeteer|[of] p1a: Pecharunt
|
|-damage|p2a: Great Tusk|60/100 tox|[from] psn
|upkeep
|turn|33
|
|t:|1760839598
|-end|p2a: Great Tusk|Protosynthesis|[silent]
|switch|p2a: Weavile|Weavile, F|84/100
|-damage|p2a: Weavile|59/100|[from] Stealth Rock
|-ability|p2a: Weavile|Pressure
|move|p1a: Pecharunt|Recover|p1a: Pecharunt
|-heal|p1a: Pecharunt|87/100
|
|upkeep
|turn|34
|
|t:|1760839603
|switch|p1a: Skarmory|Skarmory, F|93/100
|-damage|p1a: Skarmory|81/100|[from] Stealth Rock
|-terastallize|p2a: Weavile|Ice
|move|p2a: Weavile|Triple Axel|p1a: Skarmory
|-crit|p1a: Skarmory
|-damage|p1a: Skarmory|60/100
|-damage|p1a: Skarmory|36/100
|-hitcount|p1a: Skarmory|2
|
|upkeep
|turn|35
|
|t:|1760839612
|move|p2a: Weavile|Triple Axel|p1a: Skarmory
|-damage|p1a: Skarmory|24/100
|-damage|p1a: Skarmory|0 fnt
|faint|p1a: Skarmory
|-hitcount|p1: Skarmory|2
|
|upkeep
|
|t:|1760839623
|switch|p1a: Quagsire|Quagsire, M|100/100
|turn|36
|
|t:|1760839632
|move|p2a: Weavile|Triple Axel|p1a: Quagsire
|-damage|p1a: Quagsire|86/100
|-damage|p1a: Quagsire|57/100
|-damage|p1a: Quagsire|13/100
|-hitcount|p1a: Quagsire|3
|move|p1a: Quagsire|Toxic|p2a: Weavile|[miss]
|-miss|p1a: Quagsire|p2a: Weavile
|
|upkeep
|turn|37
|
|t:|1760839637
|move|p2a: Weavile|Triple Axel|p1a: Quagsire
|-damage|p1a: Quagsire|0 fnt
|faint|p1a: Quagsire
|-hitcount|p1: Quagsire|1
|
|upkeep
|
|t:|1760839639
|switch|p1a: Pecharunt|Pecharunt, tera:Ghost|87/100
|turn|38
|
|t:|1760839650
|switch|p2a: Pecharunt|Pecharunt|55/100
|-damage|p2a: Pecharunt|43/100|[from] Stealth Rock
|move|p1a: Pecharunt|Malignant Chain|p2a: Pecharunt
|-resisted|p2a: Pecharunt
|-damage|p2a: Pecharunt|36/100
|
|upkeep
|turn|39
|
|t:|1760839655
|move|p1a: Pecharunt|Parting Shot|p2a: Pecharunt
|-unboost|p2a: Pecharunt|atk|1
|-unboost|p2a: Pecharunt|spa|1
|
|t:|1760839657
|switch|p1a: Gliscor|Gliscor, M|68/100 tox|[from] Parting Shot
|-damage|p1a: Gliscor|55/100 tox|[from] Stealth Rock
|move|p2a: Pecharunt|Recover|p2a: Pecharunt
|-heal|p2a: Pecharunt|86/100
|
|-heal|p1a: Gliscor|68/100 tox|[from] ability: Poison Heal
|upkeep
|turn|40
|
|t:|1760839661
|move|p1a: Gliscor|Protect|p1a: Gliscor
|-singleturn|p1a: Gliscor|Protect
|move|p2a: Pecharunt|Parting Shot|p1a: Gliscor
|-activate|p1a: Gliscor|move: Protect
|
|-heal|p1a: Gliscor|80/100 tox|[from] ability: Poison Heal
|upkeep
|turn|41
|
|t:|1760839689
|switch|p1a: Dragonite|Dragonite, F|100/100
|move|p2a: Pecharunt|Parting Shot|p1a: Dragonite
|-unboost|p1a: Dragonite|atk|1
|-unboost|p1a: Dragonite|spa|1
|
|t:|1760839708
|switch|p2a: Ogerpon|Ogerpon, F|100/100|[from] Parting Shot
|-damage|p2a: Ogerpon|88/100|[from] Stealth Rock
|
|upkeep
|turn|42
|
|t:|1760839713
|move|p2a: Ogerpon|Knock Off|p1a: Dragonite
|-damage|p1a: Dragonite|83/100
|-enditem|p1a: Dragonite|Heavy-Duty Boots|[from] move: Knock Off|[of] p2a: Ogerpon
|move|p1a: Dragonite|Thunder Wave|p2a: Ogerpon
|-status|p2a: Ogerpon|par
|
|upkeep
|turn|43
|
|t:|1760839721
|switch|p2a: Pecharunt|Pecharunt|86/100
|-damage|p2a: Pecharunt|74/100|[from] Stealth Rock
|move|p1a: Dragonite|Roost|p1a: Dragonite
|-heal|p1a: Dragonite|100/100
|-singleturn|p1a: Dragonite|move: Roost
|
|upkeep
|turn|44
|
|t:|1760839725
|switch|p1a: Pecharunt|Pecharunt, tera:Ghost|87/100
|move|p2a: Pecharunt|Malignant Chain|p1a: Pecharunt
|-resisted|p1a: Pecharunt
|-damage|p1a: Pecharunt|72/100
|-status|p1a: Pecharunt|tox
|-start|p1a: Pecharunt|confusion|[from] ability: Poison Puppeteer|[of] p2a: Pecharunt
|
|-damage|p1a: Pecharunt|66/100 tox|[from] psn
|upkeep
|turn|45
|
|t:|1760839733
|-activate|p1a: Pecharunt|confusion
|-damage|p1a: Pecharunt|63/100 tox|[from] confusion
|move|p2a: Pecharunt|Parting Shot|p1a: Pecharunt
|-unboost|p1a: Pecharunt|atk|1
|-unboost|p1a: Pecharunt|spa|1
|
|t:|1760839742
|switch|p2a: Weavile|Weavile, F, tera:Ice|59/100|[from] Parting Shot
|-damage|p2a: Weavile|34/100|[from] Stealth Rock
|-ability|p2a: Weavile|Pressure
|
|-damage|p1a: Pecharunt|51/100 tox|[from] psn
|upkeep
|turn|46
|
|t:|1760839745
|move|p2a: Weavile|Knock Off|p1a: Pecharunt
|-supereffective|p1a: Pecharunt
|-damage|p1a: Pecharunt|0 fnt
|-enditem|p1a: Pecharunt|Heavy-Duty Boots|[from] move: Knock Off|[of] p2a: Weavile
|faint|p1a: Pecharunt
|
|upkeep
|
|t:|1760839748
|switch|p1a: Gliscor|Gliscor, M|80/100 tox
|-damage|p1a: Gliscor|68/100 tox|[from] Stealth Rock
|turn|47
|
|t:|1760839754
|switch|p2a: Pecharunt|Pecharunt|74/100
|-damage|p2a: Pecharunt|61/100|[from] Stealth Rock
|move|p1a: Gliscor|Facade|p2a: Pecharunt
|-immune|p2a: Pecharunt
|
|-heal|p1a: Gliscor|80/100 tox|[from] ability: Poison Heal
|upkeep
|turn|48
|
|t:|1760839759
|move|p1a: Gliscor|Protect|p1a: Gliscor
|-singleturn|p1a: Gliscor|Protect
|move|p2a: Pecharunt|Recover|p2a: Pecharunt
|-heal|p2a: Pecharunt|100/100
|
|-heal|p1a: Gliscor|93/100 tox|[from] ability: Poison Heal
|upkeep
|turn|49
|
|t:|1760839763
|switch|p1a: Dragonite|Dragonite, F|100/100
|-damage|p1a: Dragonite|76/100|[from] Stealth Rock
|move|p2a: Pecharunt|Parting Shot|p1a: Dragonite
|-unboost|p1a: Dragonite|atk|1
|-unboost|p1a: Dragonite|spa|1
|
|t:|1760839765
|switch|p2a: Great Tusk|Great Tusk|60/100 tox|[from] Parting Shot
|
|-damage|p2a: Great Tusk|53/100 tox|[from] psn
|upkeep
|turn|50
|
|t:|1760839776
|move|p2a: Great Tusk|Rapid Spin|p1a: Dragonite
|-damage|p1a: Dragonite|62/100
|-boost|p2a: Great Tusk|spe|1
|-sideend|p2: deep value|Stealth Rock|[from] move: Rapid Spin|[of] p2a: Great Tusk
|move|p1a: Dragonite|Breaking Swipe|p2a: Great Tusk
|-damage|p2a: Great Tusk|40/100 tox
|-unboost|p2a: Great Tusk|atk|1
|
|-damage|p2a: Great Tusk|28/100 tox|[from] psn
|upkeep
|turn|51
|
|t:|1760839778
|move|p2a: Great Tusk|Ice Spinner|p1a: Dragonite
|-supereffective|p1a: Dragonite
|-damage|p1a: Dragonite|10/100
|move|p1a: Dragonite|Roost|p1a: Dragonite
|-heal|p1a: Dragonite|60/100
|-singleturn|p1a: Dragonite|move: Roost
|
|-damage|p2a: Great Tusk|9/100 tox|[from] psn
|upkeep
|turn|52
|
|t:|1760839782
|move|p2a: Great Tusk|Ice Spinner|p1a: Dragonite
|-supereffective|p1a: Dragonite
|-damage|p1a: Dragonite|10/100
|move|p1a: Dragonite|Roost|p1a: Dragonite
|-heal|p1a: Dragonite|60/100
|-singleturn|p1a: Dragonite|move: Roost
|
|-damage|p2a: Great Tusk|0 fnt|[from] psn
|faint|p2a: Great Tusk
|-end|p2a: Great Tusk|Protosynthesis|[silent]
|upkeep
|
|t:|1760839785
|switch|p2a: Weavile|Weavile, F, tera:Ice|34/100
|-ability|p2a: Weavile|Pressure
|turn|53
|
|t:|1760839786
|move|p1a: Dragonite|Extreme Speed|p2a: Weavile
|-damage|p2a: Weavile|9/100
|move|p2a: Weavile|Triple Axel|p1a: Dragonite
|-supereffective|p1a: Dragonite
|-damage|p1a: Dragonite|2/100
|-supereffective|p1a: Dragonite
|-crit|p1a: Dragonite
|-damage|p1a: Dragonite|0 fnt
|faint|p1a: Dragonite
|-hitcount|p1: Dragonite|2
|
|upkeep
|
|t:|1760839789
|switch|p1a: Gliscor|Gliscor, M|93/100 tox
|-damage|p1a: Gliscor|80/100 tox|[from] Stealth Rock
|turn|54
|
|t:|1760839794
|move|p1a: Gliscor|Protect|p1a: Gliscor
|-singleturn|p1a: Gliscor|Protect
|move|p2a: Weavile|Triple Axel|p1a: Gliscor
|-activate|p1a: Gliscor|move: Protect
|
|-heal|p1a: Gliscor|93/100 tox|[from] ability: Poison Heal
|upkeep
|turn|55
|
|t:|1760839799
|switch|p2a: Ogerpon|Ogerpon, F|88/100 par
|move|p1a: Gliscor|Knock Off|p2a: Ogerpon
|-damage|p2a: Ogerpon|60/100 par
|-enditem|p2a: Ogerpon|Choice Band|[from] move: Knock Off|[of] p1a: Gliscor
|
|-heal|p1a: Gliscor|100/100 tox|[from] ability: Poison Heal
|upkeep
|turn|56
|
|t:|1760839804
|move|p1a: Gliscor|Protect|p1a: Gliscor
|-singleturn|p1a: Gliscor|Protect
|move|p2a: Ogerpon|Ivy Cudgel|p1a: Gliscor
|-activate|p1a: Gliscor|move: Protect
|
|upkeep
|turn|57
|
|t:|1760839811
|move|p1a: Gliscor|Facade|p2a: Ogerpon
|-damage|p2a: Ogerpon|20/100 par
|move|p2a: Ogerpon|Ivy Cudgel|p1a: Gliscor
|-damage|p1a: Gliscor|65/100 tox
|
|-heal|p1a: Gliscor|77/100 tox|[from] ability: Poison Heal
|upkeep
|turn|58
|
|t:|1760839816
|move|p1a: Gliscor|Protect|p1a: Gliscor
|-singleturn|p1a: Gliscor|Protect
|move|p2a: Ogerpon|Rock Tomb|p1a: Gliscor
|-activate|p1a: Gliscor|move: Protect
|
|-heal|p1a: Gliscor|90/100 tox|[from] ability: Poison Heal
|upkeep
|turn|59
|
|t:|1760839819
|move|p1a: Gliscor|Knock Off|p2a: Ogerpon
|-damage|p2a: Ogerpon|0 fnt
|faint|p2a: Ogerpon
|
|-heal|p1a: Gliscor|100/100 tox|[from] ability: Poison Heal
|upkeep
|
|t:|1760839821
|switch|p2a: Weavile|Weavile, F, tera:Ice|9/100
|-ability|p2a: Weavile|Pressure
|turn|60
|
|t:|1760839825
|move|p1a: Gliscor|Protect|p1a: Gliscor
|-singleturn|p1a: Gliscor|Protect
|move|p2a: Weavile|Ice Shard|p1a: Gliscor
|-activate|p1a: Gliscor|move: Protect
|
|upkeep
|turn|61
|
|t:|1760839836
|move|p2a: Weavile|Ice Shard|p1a: Gliscor
|-supereffective|p1a: Gliscor
|-damage|p1a: Gliscor|0 fnt
|faint|p1a: Gliscor
|
|win|deep value
|raw|kritath's rating: 1416 &rarr; <strong>1396</strong><br />(-20 for losing)
|raw|deep value's rating: 1413 &rarr; <strong>1433</strong><br />(+20 for winning)
