|j|☆emeryns88
|j|☆reudige Gurke
|t:|1760813010
|gametype|singles
|player|p1|emeryns88|hilbert|1374
|player|p2|reudige Gurke|265|1334
|gen|9
|tier|[Gen 9] OU
|rated|
|rule|HP Percentage Mod: HP is shown in percentages
|rule|Endless Battle Clause: Forcing endless battles is banned
|rule|Species Clause: Limit one of each Pokémon
|rule|OHKO Clause: OHKO moves are banned
|rule|Evasion Items Clause: Evasion items are banned
|rule|Evasion Moves Clause: Evasion moves are banned
|rule|Evasion Abilities Clause: Evasion abilities are banned
|rule|Sleep Moves Clause: Sleep-inducing moves are banned
|clearpoke
|poke|p1|Dragonite, M|
|poke|p1|Iron Valiant|
|poke|p1|Gholdengo|
|poke|p1|Zapdos|
|poke|p1|Primarina, F|
|poke|p1|Ting-Lu|
|poke|p2|Mew|
|poke|p2|Alomomola, M|
|poke|p2|Cinderace, F|
|poke|p2|Primarina, M|
|poke|p2|Persian-Alola, M|
|poke|p2|Kyurem|
|teampreview
|inactive|Battle timer is ON: inactive players will automatically lose when time's up. (requested by reudige Gurke)
|
|t:|1760813018
|teamsize|p1|6
|teamsize|p2|6
|start
|switch|p1a: Ting-Lu|Ting-Lu|100/100
|switch|p2a: Persian|Persian-Alola, M|100/100
|-ability|p1a: Ting-Lu|Vessel of Ruin
|turn|1
|
|t:|1760813023
|move|p2a: Persian|Switcheroo|p1a: Ting-Lu
|-activate|p2a: Persian|move: Trick|[of] p1a: Ting-Lu
|-item|p1a: Ting-Lu|Choice Scarf|[from] move: Switcheroo
|-item|p2a: Persian|Leftovers|[from] move: Switcheroo
|move|p1a: Ting-Lu|Stealth Rock|p2a: Persian
|-sidestart|p2: reudige Gurke|move: Stealth Rock
|
|upkeep
|turn|2
|
|t:|1760813035
|switch|p1a: Primarina|Primarina, F|100/100
|move|p2a: Persian|Parting Shot|p1a: Primarina
|-unboost|p1a: Primarina|atk|1
|-unboost|p1a: Primarina|spa|1
|
|t:|1760813063
|switch|p2a: Cinderace|Cinderace, F|100/100|[from] Parting Shot
|
|upkeep
|turn|3
|
|t:|1760813069
|move|p2a: Cinderace|Court Change|p2a: Cinderace
|-start|p2a: Cinderace|typechange|Normal|[from] ability: Libero
|-swapsideconditions
|-activate|p2a: Cinderace|move: Court Change
|move|p1a: Primarina|Hydro Pump|p2a: Cinderace
|-damage|p2a: Cinderace|41/100
|
|upkeep
|turn|4
|
|t:|1760813077
|move|p2a: Cinderace|U-turn|p1a: Primarina
|-resisted|p1a: Primarina
|-damage|p1a: Primarina|88/100
|
|t:|1760813079
|switch|p2a: Primarina|Primarina, M|100/100|[from] U-turn
|move|p1a: Primarina|Moonblast|p2a: Primarina
|-damage|p2a: Primarina|79/100
|
|upkeep
|turn|5
|
|t:|1760813086
|switch|p1a: Zapdos|Zapdos|100/100
|-damage|p1a: Zapdos|76/100|[from] Stealth Rock
|move|p2a: Primarina|Moonblast|p1a: Zapdos
|-damage|p1a: Zapdos|28/100
|
|upkeep
|turn|6
|
|t:|1760813107
|move|p1a: Zapdos|Roost|p1a: Zapdos
|-heal|p1a: Zapdos|78/100
|-singleturn|p1a: Zapdos|move: Roost
|move|p2a: Primarina|Moonblast|p1a: Zapdos
|-damage|p1a: Zapdos|27/100
|
|upkeep
|turn|7
|
|t:|1760813117
|switch|p2a: Kyurem|Kyurem|100/100
|-ability|p2a: Kyurem|Pressure
|move|p1a: Zapdos|Volt Switch|p2a: Kyurem
|-resisted|p2a: Kyurem
|-damage|p2a: Kyurem|85/100
|
|t:|1760813123
|switch|p1a: Gholdengo|Gholdengo|100/100|[from] Volt Switch
|-damage|p1a: Gholdengo|94/100|[from] Stealth Rock
|
|-heal|p2a: Kyurem|91/100|[from] item: Leftovers
|upkeep
|turn|8
|
|t:|1760813142
|move|p2a: Kyurem|Substitute|p2a: Kyurem
|-start|p2a: Kyurem|Substitute
|-damage|p2a: Kyurem|67/100
|move|p1a: Gholdengo|Shadow Ball|p2a: Kyurem
|-end|p2a: Kyurem|Substitute
|
|-heal|p2a: Kyurem|73/100|[from] item: Leftovers
|upkeep
|turn|9
|
|t:|1760813147
|move|p2a: Kyurem|Protect|p2a: Kyurem
|-singleturn|p2a: Kyurem|Protect
|move|p1a: Gholdengo|Shadow Ball|p2a: Kyurem
|-activate|p2a: Kyurem|move: Protect
|
|-heal|p2a: Kyurem|79/100|[from] item: Leftovers
|upkeep
|turn|10
|
|t:|1760813153
|switch|p2a: Primarina|Primarina, M|79/100
|move|p1a: Gholdengo|Shadow Ball|p2a: Primarina
|-damage|p2a: Primarina|40/100
|
|upkeep
|turn|11
|
|t:|1760813163
|move|p1a: Gholdengo|Shadow Ball|p2a: Primarina
|-damage|p2a: Primarina|1/100
|-unboost|p2a: Primarina|spd|1
|move|p2a: Primarina|Surf|p1a: Gholdengo
|-damage|p1a: Gholdengo|6/100
|
|upkeep
|turn|12
|
|t:|1760813175
|move|p1a: Gholdengo|Shadow Ball|p2a: Primarina
|-damage|p2a: Primarina|0 fnt
|faint|p2a: Primarina
|
|upkeep
|
|t:|1760813195
|switch|p2a: Kyurem|Kyurem|79/100
|-ability|p2a: Kyurem|Pressure
|turn|13
|
|t:|1760813198
|move|p2a: Kyurem|Icicle Spear|p1a: Gholdengo
|-resisted|p1a: Gholdengo
|-damage|p1a: Gholdengo|0 fnt
|faint|p1a: Gholdengo
|-hitcount|p1: Gholdengo|1
|
|-heal|p2a: Kyurem|85/100|[from] item: Leftovers
|upkeep
|
|t:|1760813200
|switch|p1a: Primarina|Primarina, F|88/100
|-damage|p1a: Primarina|75/100|[from] Stealth Rock
|turn|14
|
|t:|1760813219
|move|p2a: Kyurem|Protect|p2a: Kyurem
|-singleturn|p2a: Kyurem|Protect
|move|p1a: Primarina|Draining Kiss|p2a: Kyurem
|-activate|p2a: Kyurem|move: Protect
|
|-heal|p2a: Kyurem|91/100|[from] item: Leftovers
|upkeep
|turn|15
|
|t:|1760813225
|switch|p2a: Alomomola|Alomomola, M|100/100
|move|p1a: Primarina|Draining Kiss|p2a: Alomomola
|-damage|p2a: Alomomola|65/100
|-heal|p1a: Primarina|100/100|[from] drain|[of] p2a: Alomomola
|
|upkeep
|turn|16
|
|t:|1760813231
|move|p1a: Primarina|Psychic Noise|p2a: Alomomola
|-damage|p2a: Alomomola|34/100
|-start|p2a: Alomomola|move: Heal Block
|cant|p2a: Alomomola|move: Heal Block|Wish
|
|upkeep
|turn|17
|inactive|reudige Gurke has 120 seconds left.
|
|t:|1760813267
|switch|p2a: Cinderace|Cinderace, F|41/100
|move|p1a: Primarina|Psychic Noise|p2a: Cinderace
|-damage|p2a: Cinderace|0 fnt
|faint|p2a: Cinderace
|
|upkeep
|inactive|reudige Gurke has 120 seconds left.
|
|t:|1760813276
|switch|p2a: Persian|Persian-Alola, M|100/100
|turn|18
|
|t:|1760813283
|switch|p1a: Ting-Lu|Ting-Lu|100/100
|-damage|p1a: Ting-Lu|94/100|[from] Stealth Rock
|-ability|p1a: Ting-Lu|Vessel of Ruin
|move|p2a: Persian|Thunder Wave|p1a: Ting-Lu
|-immune|p1a: Ting-Lu
|
|upkeep
|turn|19
|
|t:|1760813290
|move|p2a: Persian|Parting Shot|p1a: Ting-Lu
|-unboost|p1a: Ting-Lu|atk|1
|-unboost|p1a: Ting-Lu|spa|1
|
|t:|1760813292
|switch|p2a: Mew|Mew|100/100|[from] Parting Shot
|move|p1a: Ting-Lu|Spikes|p2a: Mew
|-sidestart|p2: reudige Gurke|Spikes
|
|upkeep
|turn|20
|
|t:|1760813297
|move|p2a: Mew|Calm Mind|p2a: Mew
|-boost|p2a: Mew|spa|1
|-boost|p2a: Mew|spd|1
|move|p1a: Ting-Lu|Spikes|p2a: Mew
|-sidestart|p2: reudige Gurke|Spikes
|
|upkeep
|turn|21
|
|t:|1760813300
|move|p2a: Mew|Calm Mind|p2a: Mew
|-boost|p2a: Mew|spa|1
|-boost|p2a: Mew|spd|1
|move|p1a: Ting-Lu|Spikes|p2a: Mew
|-sidestart|p2: reudige Gurke|Spikes
|
|upkeep
|turn|22
|
|t:|1760813303
|switch|p1a: Zapdos|Zapdos|27/100
|-damage|p1a: Zapdos|2/100|[from] Stealth Rock
|move|p2a: Mew|Agility|p2a: Mew
|-boost|p2a: Mew|spe|2
|
|upkeep
|turn|23
|
|t:|1760813312
|move|p2a: Mew|Stored Power|p1a: Zapdos
|-damage|p1a: Zapdos|0 fnt
|faint|p1a: Zapdos
|
|upkeep
|
|t:|1760813314
|switch|p1a: Ting-Lu|Ting-Lu|94/100
|-damage|p1a: Ting-Lu|88/100|[from] Stealth Rock
|-ability|p1a: Ting-Lu|Vessel of Ruin
|turn|24
|
|t:|1760813319
|move|p2a: Mew|Calm Mind|p2a: Mew
|-boost|p2a: Mew|spa|1
|-boost|p2a: Mew|spd|1
|move|p1a: Ting-Lu|Whirlwind|p2a: Mew
|drag|p2a: Persian|Persian-Alola, M|100/100
|-damage|p2a: Persian|76/100|[from] Spikes
|
|-heal|p2a: Persian|82/100|[from] item: Leftovers
|upkeep
|turn|25
|inactive|reudige Gurke has 120 seconds left.
|
|t:|1760813353
|move|p2a: Persian|Foul Play|p1a: Ting-Lu
|-resisted|p1a: Ting-Lu
|-damage|p1a: Ting-Lu|81/100
|move|p1a: Ting-Lu|Whirlwind|p2a: Persian
|drag|p2a: Kyurem|Kyurem|91/100
|-damage|p2a: Kyurem|66/100|[from] Spikes
|-ability|p2a: Kyurem|Pressure
|
|-heal|p2a: Kyurem|73/100|[from] item: Leftovers
|upkeep
|turn|26
|
|t:|1760813359
|switch|p1a: Primarina|Primarina, F|100/100
|-damage|p1a: Primarina|88/100|[from] Stealth Rock
|move|p2a: Kyurem|Icicle Spear|p1a: Primarina
|-resisted|p1a: Primarina
|-damage|p1a: Primarina|82/100
|-resisted|p1a: Primarina
|-damage|p1a: Primarina|75/100
|-resisted|p1a: Primarina
|-damage|p1a: Primarina|69/100
|-resisted|p1a: Primarina
|-damage|p1a: Primarina|63/100
|-hitcount|p1a: Primarina|4
|
|-heal|p2a: Kyurem|79/100|[from] item: Leftovers
|upkeep
|turn|27
|
|t:|1760813367
|move|p2a: Kyurem|Protect|p2a: Kyurem
|-singleturn|p2a: Kyurem|Protect
|move|p1a: Primarina|Draining Kiss|p2a: Kyurem
|-activate|p2a: Kyurem|move: Protect
|
|-heal|p2a: Kyurem|85/100|[from] item: Leftovers
|upkeep
|turn|28
|
|t:|1760813376
|-terastallize|p2a: Kyurem|Steel
|move|p2a: Kyurem|Substitute|p2a: Kyurem
|-start|p2a: Kyurem|Substitute
|-damage|p2a: Kyurem|60/100
|move|p1a: Primarina|Draining Kiss|p2a: Kyurem
|-resisted|p2a: Kyurem
|-activate|p2a: Kyurem|move: Substitute|[damage]
|-heal|p1a: Primarina|72/100|[from] drain|[of] p2a: Kyurem
|
|-heal|p2a: Kyurem|66/100|[from] item: Leftovers
|upkeep
|turn|29
|
|t:|1760813379
|move|p2a: Kyurem|Protect|p2a: Kyurem
|-singleturn|p2a: Kyurem|Protect
|move|p1a: Primarina|Hydro Pump|p2a: Kyurem
|-activate|p2a: Kyurem|move: Protect
|
|-heal|p2a: Kyurem|72/100|[from] item: Leftovers
|upkeep
|turn|30
|
|t:|1760813386
|move|p2a: Kyurem|Icicle Spear|p1a: Primarina
|-resisted|p1a: Primarina
|-damage|p1a: Primarina|66/100
|-resisted|p1a: Primarina
|-damage|p1a: Primarina|60/100
|-hitcount|p1a: Primarina|2
|move|p1a: Primarina|Hydro Pump|p2a: Kyurem
|-end|p2a: Kyurem|Substitute
|
|-heal|p2a: Kyurem|78/100|[from] item: Leftovers
|upkeep
|turn|31
|
|t:|1760813389
|switch|p2a: Persian|Persian-Alola, M|82/100
|-damage|p2a: Persian|57/100|[from] Spikes
|move|p1a: Primarina|Hydro Pump|p2a: Persian|[miss]
|-miss|p1a: Primarina|p2a: Persian
|
|-heal|p2a: Persian|63/100|[from] item: Leftovers
|upkeep
|turn|32
|
|t:|1760813393
|move|p2a: Persian|Parting Shot|p1a: Primarina
|-unboost|p1a: Primarina|atk|1
|-unboost|p1a: Primarina|spa|1
|
|t:|1760813397
|switch|p2a: Kyurem|Kyurem, tera:Steel|78/100|[from] Parting Shot
|-damage|p2a: Kyurem|54/100|[from] Spikes
|-ability|p2a: Kyurem|Pressure
|move|p1a: Primarina|Draining Kiss|p2a: Kyurem
|-resisted|p2a: Kyurem
|-damage|p2a: Kyurem|46/100
|-heal|p1a: Primarina|67/100|[from] drain|[of] p2a: Kyurem
|
|-heal|p2a: Kyurem|52/100|[from] item: Leftovers
|upkeep
|turn|33
|
|t:|1760813400
|move|p2a: Kyurem|Protect|p2a: Kyurem
|-singleturn|p2a: Kyurem|Protect
|move|p1a: Primarina|Hydro Pump|p2a: Kyurem
|-activate|p2a: Kyurem|move: Protect
|
|-heal|p2a: Kyurem|58/100|[from] item: Leftovers
|upkeep
|turn|34
|
|t:|1760813406
|switch|p2a: Persian|Persian-Alola, M|63/100
|-damage|p2a: Persian|38/100|[from] Spikes
|move|p1a: Primarina|Psychic Noise|p2a: Persian
|-immune|p2a: Persian
|
|-heal|p2a: Persian|44/100|[from] item: Leftovers
|upkeep
|turn|35
|
|t:|1760813410
|move|p2a: Persian|Parting Shot|p1a: Primarina
|-unboost|p1a: Primarina|atk|1
|-unboost|p1a: Primarina|spa|1
|
|t:|1760813412
|switch|p2a: Kyurem|Kyurem, tera:Steel|58/100|[from] Parting Shot
|-damage|p2a: Kyurem|33/100|[from] Spikes
|-ability|p2a: Kyurem|Pressure
|move|p1a: Primarina|Draining Kiss|p2a: Kyurem
|-resisted|p2a: Kyurem
|-damage|p2a: Kyurem|27/100
|-heal|p1a: Primarina|73/100|[from] drain|[of] p2a: Kyurem
|
|-heal|p2a: Kyurem|33/100|[from] item: Leftovers
|upkeep
|turn|36
|
|t:|1760813415
|switch|p1a: Iron Valiant|Iron Valiant|100/100
|-damage|p1a: Iron Valiant|94/100|[from] Stealth Rock
|-enditem|p1a: Iron Valiant|Booster Energy
|-activate|p1a: Iron Valiant|ability: Quark Drive|[fromitem]
|-start|p1a: Iron Valiant|quarkdrivespe
|move|p2a: Kyurem|Substitute|p2a: Kyurem
|-start|p2a: Kyurem|Substitute
|-damage|p2a: Kyurem|8/100
|
|-heal|p2a: Kyurem|15/100|[from] item: Leftovers
|upkeep
|turn|37
|
|t:|1760813418
|move|p2a: Kyurem|Protect|p2a: Kyurem
|-singleturn|p2a: Kyurem|Protect
|move|p1a: Iron Valiant|Close Combat|p2a: Kyurem
|-activate|p2a: Kyurem|move: Protect
|
|-heal|p2a: Kyurem|21/100|[from] item: Leftovers
|upkeep
|turn|38
|
|t:|1760813430
|move|p1a: Iron Valiant|Close Combat|p2a: Kyurem
|-supereffective|p2a: Kyurem
|-end|p2a: Kyurem|Substitute
|-unboost|p1a: Iron Valiant|def|1
|-unboost|p1a: Iron Valiant|spd|1
|move|p2a: Kyurem|Icicle Spear|p1a: Iron Valiant
|-damage|p1a: Iron Valiant|74/100
|-damage|p1a: Iron Valiant|51/100
|-hitcount|p1a: Iron Valiant|2
|
|-heal|p2a: Kyurem|27/100|[from] item: Leftovers
|upkeep
|turn|39
|
|t:|1760813441
|move|p1a: Iron Valiant|Knock Off|p2a: Kyurem
|-damage|p2a: Kyurem|0 fnt
|-enditem|p2a: Kyurem|Leftovers|[from] move: Knock Off|[of] p1a: Iron Valiant
|faint|p2a: Kyurem
|
|upkeep
|
|t:|1760813443
|switch|p2a: Mew|Mew|100/100
|-damage|p2a: Mew|75/100|[from] Spikes
|turn|40
|
|t:|1760813445
|move|p1a: Iron Valiant|Knock Off|p2a: Mew
|-supereffective|p2a: Mew
|-damage|p2a: Mew|34/100
|-enditem|p2a: Mew|Weakness Policy
|-boost|p2a: Mew|atk|2|[from] item: Weakness Policy
|-boost|p2a: Mew|spa|2|[from] item: Weakness Policy
|move|p2a: Mew|Agility|p2a: Mew
|-boost|p2a: Mew|spe|2
|
|upkeep
|turn|41
|
|t:|1760813448
|-end|p1a: Iron Valiant|Quark Drive|[silent]
|switch|p1a: Ting-Lu|Ting-Lu|81/100
|-damage|p1a: Ting-Lu|75/100|[from] Stealth Rock
|-ability|p1a: Ting-Lu|Vessel of Ruin
|move|p2a: Mew|Draining Kiss|p1a: Ting-Lu
|-supereffective|p1a: Ting-Lu
|-crit|p1a: Ting-Lu
|-damage|p1a: Ting-Lu|35/100
|-heal|p2a: Mew|72/100|[from] drain|[of] p1a: Ting-Lu
|
|upkeep
|turn|42
|
|t:|1760813452
|move|p2a: Mew|Draining Kiss|p1a: Ting-Lu
|-supereffective|p1a: Ting-Lu
|-damage|p1a: Ting-Lu|9/100
|-heal|p2a: Mew|98/100|[from] drain|[of] p1a: Ting-Lu
|move|p1a: Ting-Lu|Whirlwind|p2a: Mew
|drag|p2a: Alomomola|Alomomola, M|67/100
|
|upkeep
|turn|43
|
|t:|1760813458
|move|p2a: Alomomola|Wish|p2a: Alomomola
|move|p1a: Ting-Lu|Whirlwind|p2a: Alomomola
|drag|p2a: Persian|Persian-Alola, M|44/100
|-damage|p2a: Persian|19/100|[from] Spikes
|
|-heal|p2a: Persian|25/100|[from] item: Leftovers
|upkeep
|turn|44
|
|t:|1760813466
|move|p2a: Persian|Foul Play|p1a: Ting-Lu
|-resisted|p1a: Ting-Lu
|-damage|p1a: Ting-Lu|3/100
|move|p1a: Ting-Lu|Whirlwind|p2a: Persian
|drag|p2a: Alomomola|Alomomola, M|100/100
|
|upkeep
|turn|45
|
|t:|1760813472
|move|p2a: Alomomola|Wish|p2a: Alomomola
|move|p1a: Ting-Lu|Whirlwind|p2a: Alomomola
|drag|p2a: Persian|Persian-Alola, M|25/100
|-damage|p2a: Persian|0 fnt|[from] Spikes
|faint|p2a: Persian
|
|upkeep
|
|t:|1760813483
|switch|p2a: Alomomola|Alomomola, M|100/100
|turn|46
|
|t:|1760813486
|move|p2a: Alomomola|Wish||[still]
|-fail|p2a: Alomomola
|move|p1a: Ting-Lu|Whirlwind|p2a: Alomomola
|drag|p2a: Mew|Mew|98/100
|-damage|p2a: Mew|73/100|[from] Spikes
|
|-heal|p2a: Mew|100/100|[from] move: Wish|[wisher] Alomomola
|upkeep
|turn|47
|
|t:|1760813503
|switch|p2a: Alomomola|Alomomola, M|100/100
|move|p1a: Ting-Lu|Whirlwind|p2a: Alomomola
|drag|p2a: Mew|Mew|100/100
|-damage|p2a: Mew|75/100|[from] Spikes
|
|upkeep
|turn|48
|
|t:|1760813510
|move|p2a: Mew|Calm Mind|p2a: Mew
|-boost|p2a: Mew|spa|1
|-boost|p2a: Mew|spd|1
|move|p1a: Ting-Lu|Whirlwind|p2a: Mew
|drag|p2a: Alomomola|Alomomola, M|100/100
|
|upkeep
|turn|49
|
|t:|1760813513
|move|p2a: Alomomola|Wish|p2a: Alomomola
|move|p1a: Ting-Lu|Whirlwind|p2a: Alomomola
|drag|p2a: Mew|Mew|75/100
|-damage|p2a: Mew|50/100|[from] Spikes
|
|upkeep
|turn|50
|
|t:|1760813520
|move|p2a: Mew|Calm Mind|p2a: Mew
|-boost|p2a: Mew|spa|1
|-boost|p2a: Mew|spd|1
|move|p1a: Ting-Lu|Whirlwind|p2a: Mew
|drag|p2a: Alomomola|Alomomola, M|100/100
|
|upkeep
|turn|51
|
|t:|1760813522
|move|p2a: Alomomola|Wish|p2a: Alomomola
|move|p1a: Ting-Lu|Whirlwind|p2a: Alomomola
|drag|p2a: Mew|Mew|50/100
|-damage|p2a: Mew|25/100|[from] Spikes
|
|upkeep
|turn|52
|
|t:|1760813528
|switch|p2a: Alomomola|Alomomola, M|100/100
|move|p1a: Ting-Lu|Whirlwind|p2a: Alomomola
|drag|p2a: Mew|Mew|25/100
|-damage|p2a: Mew|0 fnt|[from] Spikes
|faint|p2a: Mew
|
|upkeep
|-message|reudige Gurke forfeited.
|
|win|emeryns88
|raw|emeryns88's rating: 1374 &rarr; <strong>1393</strong><br />(+19 for winning)
|raw|reudige Gurke's rating: 1357 &rarr; <strong>1338</strong><br />(-19 for losing)
|l|☆reudige Gurke
|player|p2|
|l|☆emeryns88
|player|p1|
