|j|☆bytfiyt
|j|☆Stalled&left
|t:|1760798354
|gametype|singles
|player|p1|bytfiyt|scientistf|1084
|player|p2|Stalled&left|flannery|1114
|gen|9
|tier|[Gen 9] OU
|rated|
|rule|HP Percentage Mod: HP is shown in percentages
|rule|Endless Battle Clause: Forcing endless battles is banned
|rule|Species Clause: Limit one of each Pokémon
|rule|OHKO Clause: OHKO moves are banned
|rule|Evasion Items Clause: Evasion items are banned
|rule|Evasion Moves Clause: Evasion moves are banned
|rule|Evasion Abilities Clause: Evasion abilities are banned
|rule|Sleep Moves Clause: Sleep-inducing moves are banned
|clearpoke
|poke|p1|Blaziken, F|
|poke|p1|Sudowoodo, M|
|poke|p1|Latios, M|
|poke|p1|Gholdengo|
|poke|p1|Ogerpon-Wellspring, F|
|poke|p1|Great Tusk|
|poke|p2|Clodsire, F|
|poke|p2|Dondozo, M|
|poke|p2|Alomomola, M|
|poke|p2|Talonflame, F|
|poke|p2|Toxapex, F|
|poke|p2|Blissey, F|
|teampreview
|inactive|Battle timer is ON: inactive players will automatically lose when time's up. (requested by Stalled&left)
|
|t:|1760798363
|teamsize|p1|6
|teamsize|p2|6
|start
|switch|p1a: Sudowoodo|Sudowoodo, M|100/100
|switch|p2a: Clodsire|Clodsire, F|100/100
|turn|1
|
|t:|1760798374
|move|p1a: Sudowoodo|Stealth Rock|p2a: Clodsire
|-sidestart|p2: Stalled&left|move: Stealth Rock
|move|p2a: Clodsire|Earthquake|p1a: Sudowoodo
|-supereffective|p1a: Sudowoodo
|-damage|p1a: Sudowoodo|16/100
|
|upkeep
|turn|2
|-enditem|p1a: Sudowoodo|Custap Berry|[eat]
|-activate|p1a: Sudowoodo|item: Custap Berry|[consumed]
|
|t:|1760798387
|move|p1a: Sudowoodo|Endeavor|p2a: Clodsire
|-damage|p2a: Clodsire|9/100
|move|p2a: Clodsire|Toxic|p1a: Sudowoodo
|-status|p1a: Sudowoodo|tox
|
|-heal|p2a: Clodsire|15/100|[from] item: Black Sludge
|-damage|p1a: Sudowoodo|10/100 tox|[from] psn
|upkeep
|turn|3
|
|t:|1760798407
|switch|p2a: Dondozo|Dondozo, M|100/100
|-damage|p2a: Dondozo|88/100|[from] Stealth Rock
|move|p1a: Sudowoodo|Spikes|p2a: Dondozo
|-sidestart|p2: Stalled&left|Spikes
|
|-heal|p2a: Dondozo|94/100|[from] item: Leftovers
|-damage|p1a: Sudowoodo|0 fnt|[from] psn
|faint|p1a: Sudowoodo
|upkeep
|
|t:|1760798418
|switch|p1a: Ogerpon|Ogerpon-Wellspring, F|100/100
|turn|4
|
|t:|1760798432
|switch|p2a: Toxapex|Toxapex, F|100/100
|-damage|p2a: Toxapex|88/100|[from] Stealth Rock
|-damage|p2a: Toxapex|75/100|[from] Spikes
|move|p1a: Ogerpon|Power Whip|p2a: Toxapex|[miss]
|-miss|p1a: Ogerpon|p2a: Toxapex
|
|-heal|p2a: Toxapex|82/100|[from] item: Black Sludge
|upkeep
|turn|5
|
|t:|1760798444
|move|p2a: Toxapex|Baneful Bunker|p2a: Toxapex
|-singleturn|p2a: Toxapex|move: Protect
|move|p1a: Ogerpon|U-turn|p2a: Toxapex
|-activate|p2a: Toxapex|move: Protect
|-status|p1a: Ogerpon|psn
|
|-heal|p2a: Toxapex|88/100|[from] item: Black Sludge
|-damage|p1a: Ogerpon|88/100 psn|[from] psn
|upkeep
|turn|6
|
|t:|1760798457
|switch|p2a: Talonflame|Talonflame, F|100/100
|move|p1a: Ogerpon|U-turn|p2a: Talonflame
|-resisted|p2a: Talonflame
|-damage|p2a: Talonflame|92/100
|
|t:|1760798473
|switch|p1a: Gholdengo|Gholdengo|100/100|[from] U-turn
|-item|p1a: Gholdengo|Air Balloon
|
|upkeep
|turn|7
|
|t:|1760798480
|-terastallize|p1a: Gholdengo|Fairy
|move|p2a: Talonflame|Flamethrower|p1a: Gholdengo
|-damage|p1a: Gholdengo|73/100
|-enditem|p1a: Gholdengo|Air Balloon
|move|p1a: Gholdengo|Shadow Ball|p2a: Talonflame
|-damage|p2a: Talonflame|34/100
|-unboost|p2a: Talonflame|spd|1
|
|upkeep
|turn|8
|
|t:|1760798495
|switch|p2a: Blissey|Blissey, F|100/100
|move|p1a: Gholdengo|Shadow Ball|p2a: Blissey
|-immune|p2a: Blissey
|
|upkeep
|turn|9
|
|t:|1760798503
|switch|p1a: Ogerpon|Ogerpon-Wellspring, F|88/100 psn
|move|p2a: Blissey|Stealth Rock|p1a: Ogerpon
|-sidestart|p1: bytfiyt|move: Stealth Rock
|
|-damage|p1a: Ogerpon|76/100 psn|[from] psn
|upkeep
|turn|10
|
|t:|1760798516
|switch|p2a: Talonflame|Talonflame, F|34/100
|move|p1a: Ogerpon|Ivy Cudgel|p2a: Talonflame|[anim] Ivy Cudgel Water
|-supereffective|p2a: Talonflame
|-damage|p2a: Talonflame|0 fnt
|faint|p2a: Talonflame
|
|-damage|p1a: Ogerpon|64/100 psn|[from] psn
|upkeep
|
|t:|1760798526
|switch|p2a: Alomomola|Alomomola, M|100/100
|turn|11
|
|t:|1760798530
|move|p2a: Alomomola|Protect|p2a: Alomomola
|-singleturn|p2a: Alomomola|Protect
|move|p1a: Ogerpon|U-turn|p2a: Alomomola
|-activate|p2a: Alomomola|move: Protect
|
|-damage|p1a: Ogerpon|51/100 psn|[from] psn
|upkeep
|turn|12
|
|t:|1760798541
|move|p1a: Ogerpon|U-turn|p2a: Alomomola
|-damage|p2a: Alomomola|85/100
|
|t:|1760798546
|switch|p1a: Latios|Latios, M|100/100|[from] U-turn
|-damage|p1a: Latios|88/100|[from] Stealth Rock
|move|p2a: Alomomola|Whirlpool|p1a: Latios
|-resisted|p1a: Latios
|-damage|p1a: Latios|85/100
|-activate|p1a: Latios|move: Whirlpool|[of] p2a: Alomomola
|
|-damage|p1a: Latios|73/100|[from] move: Whirlpool|[partiallytrapped]
|upkeep
|turn|13
|
|t:|1760798560
|move|p1a: Latios|Calm Mind|p1a: Latios
|-boost|p1a: Latios|spa|1
|-boost|p1a: Latios|spd|1
|move|p2a: Alomomola|Wish|p2a: Alomomola
|
|-damage|p1a: Latios|61/100|[from] move: Whirlpool|[partiallytrapped]
|upkeep
|turn|14
|
|t:|1760798570
|switch|p2a: Clodsire|Clodsire, F|15/100
|-damage|p2a: Clodsire|9/100|[from] Stealth Rock
|-damage|p2a: Clodsire|0 fnt|[from] Spikes
|faint|p2a: Clodsire
|move|p1a: Latios|Calm Mind|p1a: Latios
|-boost|p1a: Latios|spa|1
|-boost|p1a: Latios|spd|1
|
|-end|p1a: Latios|Whirlpool|[partiallytrapped]|[silent]
|upkeep
|
|t:|1760798579
|switch|p2a: Toxapex|Toxapex, F|100/100
|-damage|p2a: Toxapex|88/100|[from] Stealth Rock
|-damage|p2a: Toxapex|75/100|[from] Spikes
|turn|15
|
|t:|1760798585
|move|p1a: Latios|Stored Power|p2a: Toxapex
|-supereffective|p2a: Toxapex
|-damage|p2a: Toxapex|0 fnt
|faint|p2a: Toxapex
|
|upkeep
|-message|Stalled&left forfeited.
|
|win|bytfiyt
|raw|bytfiyt's rating: 1084 &rarr; <strong>1114</strong><br />(+30 for winning)
|raw|Stalled&amp;left's rating: 1114 &rarr; <strong>1087</strong><br />(-27 for losing)
|l|☆Stalled&left
|player|p2|
|l|☆bytfiyt
|player|p1|
