|j|☆LightMatters
|j|☆Tripleo20
|t:|1760854413
|gametype|singles
|player|p1|LightMatters|hilbert|1044
|player|p2|Tripleo20|101|1000
|gen|9
|tier|[Gen 9] OU
|rated|
|rule|HP Percentage Mod: HP is shown in percentages
|rule|Endless Battle Clause: Forcing endless battles is banned
|rule|Species Clause: Limit one of each Pokémon
|rule|OHKO Clause: OHKO moves are banned
|rule|Evasion Items Clause: Evasion items are banned
|rule|Evasion Moves Clause: Evasion moves are banned
|rule|Evasion Abilities Clause: Evasion abilities are banned
|rule|Sleep Moves Clause: Sleep-inducing moves are banned
|clearpoke
|poke|p1|Dragapult, F|
|poke|p1|Iron Moth|
|poke|p1|Iron Valiant|
|poke|p1|Kyurem|
|poke|p1|Scizor, F|
|poke|p1|Zapdos|
|poke|p2|Ninetales-Alola, F|
|poke|p2|Cetitan, F|
|poke|p2|Avalugg, F|
|poke|p2|Weavile, F|
|poke|p2|Piloswine, M|
|poke|p2|Rotom-Frost|
|teampreview
|
|t:|1760854417
|teamsize|p1|6
|teamsize|p2|6
|start
|switch|p1a: Scizor|Scizor, F|100/100
|switch|p2a: Ninetales|Ninetales-Alola, F|100/100
|-weather|Snowscape|[from] ability: Snow Warning|[of] p2a: Ninetales
|turn|1
|
|t:|1760854434
|switch|p1a: Kyurem|Kyurem|100/100
|-ability|p1a: Kyurem|Pressure
|move|p2a: Ninetales|Aurora Veil|p2a: Ninetales
|-sidestart|p2: Tripleo20|move: Aurora Veil
|
|-weather|Snowscape|[upkeep]
|upkeep
|turn|2
|
|t:|1760854455
|move|p2a: Ninetales|Moonblast|p1a: Kyurem
|-supereffective|p1a: Kyurem
|-damage|p1a: Kyurem|39/100
|-unboost|p1a: Kyurem|spa|1
|move|p1a: Kyurem|Freeze-Dry|p2a: Ninetales
|-resisted|p2a: Ninetales
|-damage|p2a: Ninetales|95/100
|
|-weather|Snowscape|[upkeep]
|upkeep
|turn|3
|
|t:|1760854464
|move|p2a: Ninetales|Moonblast|p1a: Kyurem
|-supereffective|p1a: Kyurem
|-damage|p1a: Kyurem|0 fnt
|faint|p1a: Kyurem
|
|-weather|Snowscape|[upkeep]
|upkeep
|
|t:|1760854469
|switch|p1a: Iron Moth|Iron Moth|100/100
|-enditem|p1a: Iron Moth|Booster Energy
|-activate|p1a: Iron Moth|ability: Quark Drive|[fromitem]
|-start|p1a: Iron Moth|quarkdrivespa
|turn|4
|
|t:|1760854475
|move|p2a: Ninetales|Blizzard|p1a: Iron Moth
|-resisted|p1a: Iron Moth
|-damage|p1a: Iron Moth|75/100
|move|p1a: Iron Moth|Fiery Dance|p2a: Ninetales
|-supereffective|p2a: Ninetales
|-damage|p2a: Ninetales|35/100
|-boost|p1a: Iron Moth|spa|1
|
|-weather|Snowscape|[upkeep]
|upkeep
|turn|5
|
|t:|1760854494
|switch|p2a: Avalugg|Avalugg, F|100/100
|move|p1a: Iron Moth|Fiery Dance|p2a: Avalugg
|-supereffective|p2a: Avalugg
|-damage|p2a: Avalugg|20/100
|-boost|p1a: Iron Moth|spa|1
|
|-weather|none
|-sideend|p2: Tripleo20|move: Aurora Veil
|upkeep
|turn|6
|
|t:|1760854509
|move|p1a: Iron Moth|Fiery Dance|p2a: Avalugg
|-supereffective|p2a: Avalugg
|-damage|p2a: Avalugg|0 fnt
|faint|p2a: Avalugg
|
|upkeep
|
|t:|1760854514
|switch|p2a: Ninetales|Ninetales-Alola, F|35/100
|-weather|Snowscape|[from] ability: Snow Warning|[of] p2a: Ninetales
|turn|7
|
|t:|1760854521
|switch|p2a: Rotom|Rotom-Frost|100/100
|move|p1a: Iron Moth|Fiery Dance|p2a: Rotom
|-supereffective|p2a: Rotom
|-damage|p2a: Rotom|0 fnt
|faint|p2a: Rotom
|
|-weather|Snowscape|[upkeep]
|upkeep
|
|t:|1760854529
|switch|p2a: Piloswine|Piloswine, M|100/100
|turn|8
|
|t:|1760854536
|move|p1a: Iron Moth|Fiery Dance|p2a: Piloswine
|-supereffective|p2a: Piloswine
|-damage|p2a: Piloswine|0 fnt
|-boost|p1a: Iron Moth|spa|1
|faint|p2a: Piloswine
|
|-weather|Snowscape|[upkeep]
|upkeep
|
|t:|1760854542
|switch|p2a: Weavile|Weavile, F|100/100
|-ability|p2a: Weavile|Pressure
|turn|9
|
|t:|1760854549
|move|p2a: Weavile|Knock Off|p1a: Iron Moth
|-damage|p1a: Iron Moth|39/100
|move|p1a: Iron Moth|Fiery Dance|p2a: Weavile
|-supereffective|p2a: Weavile
|-damage|p2a: Weavile|0 fnt
|faint|p2a: Weavile
|
|-weather|Snowscape|[upkeep]
|upkeep
|
|t:|1760854558
|switch|p2a: Cetitan|Cetitan, F|100/100
|turn|10
|
|t:|1760854563
|move|p2a: Cetitan|Icicle Crash|p1a: Iron Moth
|-resisted|p1a: Iron Moth
|-damage|p1a: Iron Moth|14/100
|move|p1a: Iron Moth|Fiery Dance|p2a: Cetitan
|-supereffective|p2a: Cetitan
|-damage|p2a: Cetitan|0 fnt
|-boost|p1a: Iron Moth|spa|1
|faint|p2a: Cetitan
|
|-weather|Snowscape|[upkeep]
|upkeep
|
|t:|1760854571
|switch|p2a: Ninetales|Ninetales-Alola, F|35/100
|turn|11
|
|t:|1760854579
|move|p2a: Ninetales|Moonblast|p1a: Iron Moth
|-resisted|p1a: Iron Moth
|-damage|p1a: Iron Moth|4/100
|-unboost|p1a: Iron Moth|spa|1
|move|p1a: Iron Moth|Fiery Dance|p2a: Ninetales
|-supereffective|p2a: Ninetales
|-damage|p2a: Ninetales|0 fnt
|-boost|p1a: Iron Moth|spa|1
|faint|p2a: Ninetales
|
|win|LightMatters
|raw|LightMatters's rating: 1044 &rarr; <strong>1073</strong><br />(+29 for winning)
|raw|Tripleo20's rating: 1000 &rarr; <strong>1000</strong><br />(+0 for losing)
|l|☆Tripleo20
|player|p2|
