|j|☆motorskk
|j|☆bigtestsofbig
|t:|1760799507
|gametype|singles
|player|p1|motorskk|battlegirl-gen4|1549
|player|p2|bigtestsofbig|1|1548
|gen|9
|tier|[Gen 9] OU
|rated|
|rule|HP Percentage Mod: HP is shown in percentages
|rule|Endless Battle Clause: Forcing endless battles is banned
|rule|Species Clause: Limit one of each Pokémon
|rule|OHKO Clause: OHKO moves are banned
|rule|Evasion Items Clause: Evasion items are banned
|rule|Evasion Moves Clause: Evasion moves are banned
|rule|Evasion Abilities Clause: Evasion abilities are banned
|rule|Sleep Moves Clause: Sleep-inducing moves are banned
|clearpoke
|poke|p1|Alomomola, F|
|poke|p1|Garchomp, F|
|poke|p1|Gholdengo|
|poke|p1|Thundurus-Therian, M|
|poke|p1|Garganacl, F|
|poke|p1|Lokix, F|
|poke|p2|Wo-Chien|
|poke|p2|Garganacl, F|
|poke|p2|Garchomp, M|
|poke|p2|Gholdengo|
|poke|p2|Iron Treads|
|poke|p2|Rotom-Wash|
|teampreview
|inactive|Battle timer is ON: inactive players will automatically lose when time's up. (requested by motorskk)
|
|t:|1760799530
|teamsize|p1|6
|teamsize|p2|6
|start
|switch|p1a: Lokix|Lokix, F|100/100
|switch|p2a: Rotom|Rotom-Wash|100/100
|turn|1
|
|t:|1760799552
|move|p2a: Rotom|Trick|p1a: Lokix
|-activate|p2a: Rotom|move: Trick|[of] p1a: Lokix
|-item|p1a: Lokix|Choice Scarf|[from] move: Trick
|-item|p2a: Rotom|Heavy-Duty Boots|[from] move: Trick
|move|p1a: Lokix|U-turn|p2a: Rotom
|-damage|p2a: Rotom|67/100
|inactive|motorskk has 120 seconds left.
|
|t:|1760799570
|switch|p1a: Thundurus|Thundurus-Therian, M|100/100|[from] U-turn
|
|upkeep
|turn|2
|
|t:|1760799577
|switch|p2a: Iron Treads|Iron Treads|100/100
|move|p1a: Thundurus|Thunderbolt|p2a: Iron Treads
|-immune|p2a: Iron Treads
|
|upkeep
|turn|3
|inactive|motorskk has 120 seconds left.
|
|t:|1760799599
|move|p2a: Iron Treads|Ice Spinner|p1a: Thundurus
|-supereffective|p1a: Thundurus
|-damage|p1a: Thundurus|17/100
|move|p1a: Thundurus|Knock Off|p2a: Iron Treads
|-damage|p2a: Iron Treads|83/100
|-enditem|p2a: Iron Treads|Leftovers|[from] move: Knock Off|[of] p1a: Thundurus
|
|upkeep
|turn|4
|
|t:|1760799611
|switch|p1a: Alomomola|Alomomola, F|100/100
|move|p2a: Iron Treads|Earthquake|p1a: Alomomola
|-damage|p1a: Alomomola|73/100
|
|upkeep
|turn|5
|
|t:|1760799615
|move|p2a: Iron Treads|Volt Switch|p1a: Alomomola
|-supereffective|p1a: Alomomola
|-damage|p1a: Alomomola|53/100
|
|t:|1760799618
|-end|p2a: Iron Treads|Quark Drive|[silent]
|switch|p2a: Garchomp|Garchomp, M|100/100|[from] Volt Switch
|move|p1a: Alomomola|Wish|p1a: Alomomola
|
|upkeep
|turn|6
|
|t:|1760799627
|move|p2a: Garchomp|Spikes|p1a: Alomomola
|-sidestart|p1: motorskk|Spikes
|move|p1a: Alomomola|Flip Turn|p2a: Garchomp
|-damage|p2a: Garchomp|87/100
|-damage|p1a: Alomomola|41/100|[from] ability: Rough Skin|[of] p2a: Garchomp
|-damage|p1a: Alomomola|24/100|[from] item: Rocky Helmet|[of] p2a: Garchomp
|
|t:|1760799630
|switch|p1a: Thundurus|Thundurus-Therian, M|17/100|[from] Flip Turn
|
|-heal|p1a: Thundurus|96/100|[from] move: Wish|[wisher] Alomomola
|upkeep
|turn|7
|
|t:|1760799648
|switch|p1a: Alomomola|Alomomola, F|57/100
|switch|p2a: Wo-Chien|Wo-Chien|100/100
|-ability|p2a: Wo-Chien|Tablets of Ruin
|
|upkeep
|turn|8
|
|t:|1760799668
|switch|p1a: Garganacl|Garganacl, F|100/100
|-damage|p1a: Garganacl|88/100|[from] Spikes
|move|p2a: Wo-Chien|Knock Off|p1a: Garganacl
|-crit|p1a: Garganacl
|-damage|p1a: Garganacl|63/100
|-enditem|p1a: Garganacl|Leftovers|[from] move: Knock Off|[of] p2a: Wo-Chien
|
|upkeep
|turn|9
|
|t:|1760799677
|move|p2a: Wo-Chien|Leech Seed|p1a: Garganacl
|-start|p1a: Garganacl|move: Leech Seed
|move|p1a: Garganacl|Recover|p1a: Garganacl
|-heal|p1a: Garganacl|100/100
|
|-damage|p1a: Garganacl|88/100|[from] Leech Seed|[of] p2a: Wo-Chien
|upkeep
|turn|10
|
|t:|1760799685
|switch|p2a: Garchomp|Garchomp, M|87/100
|move|p1a: Garganacl|Stealth Rock|p2a: Garchomp
|-sidestart|p2: bigtestsofbig|move: Stealth Rock
|
|-damage|p1a: Garganacl|76/100|[from] Leech Seed|[of] p2a: Garchomp
|-heal|p2a: Garchomp|99/100|[silent]
|upkeep
|turn|11
|
|t:|1760799706
|switch|p1a: Thundurus|Thundurus-Therian, M|96/100
|move|p2a: Garchomp|Spikes|p1a: Thundurus
|-sidestart|p1: motorskk|Spikes
|
|upkeep
|turn|12
|
|t:|1760799712
|switch|p2a: Wo-Chien|Wo-Chien|100/100
|-damage|p2a: Wo-Chien|88/100|[from] Stealth Rock
|-ability|p2a: Wo-Chien|Tablets of Ruin
|move|p1a: Thundurus|Nasty Plot|p1a: Thundurus
|-boost|p1a: Thundurus|spa|2
|
|-heal|p2a: Wo-Chien|94/100|[from] item: Leftovers
|upkeep
|turn|13
|
|t:|1760799720
|-terastallize|p1a: Thundurus|Ice
|move|p2a: Wo-Chien|Protect|p2a: Wo-Chien
|-singleturn|p2a: Wo-Chien|Protect
|move|p1a: Thundurus|Tera Blast|p2a: Wo-Chien|[anim] Tera Blast Ice
|-activate|p2a: Wo-Chien|move: Protect
|
|-heal|p2a: Wo-Chien|100/100|[from] item: Leftovers
|upkeep
|turn|14
|
|t:|1760799742
|switch|p2a: Rotom|Rotom-Wash|67/100
|move|p1a: Thundurus|Tera Blast|p2a: Rotom|[anim] Tera Blast Ice
|-resisted|p2a: Rotom
|-damage|p2a: Rotom|21/100
|
|upkeep
|turn|15
|
|t:|1760799763
|move|p1a: Thundurus|Tera Blast|p2a: Rotom|[anim] Tera Blast Ice
|-resisted|p2a: Rotom
|-damage|p2a: Rotom|0 fnt
|faint|p2a: Rotom
|
|upkeep
|inactive|bigtestsofbig has 120 seconds left.
|
|t:|1760799789
|switch|p2a: Garganacl|Garganacl, F|100/100
|-damage|p2a: Garganacl|88/100|[from] Stealth Rock
|turn|16
|inactive|motorskk has 120 seconds left.
|inactive|motorskk has 90 seconds left.
|inactive|motorskk has 60 seconds left.
|
|t:|1760799890
|switch|p1a: Garchomp|Garchomp, F|100/100
|-damage|p1a: Garchomp|84/100|[from] Spikes
|move|p2a: Garganacl|Salt Cure|p1a: Garchomp
|-resisted|p1a: Garchomp
|-damage|p1a: Garchomp|80/100
|-start|p1a: Garchomp|Salt Cure
|
|-heal|p2a: Garganacl|94/100|[from] item: Leftovers
|-damage|p1a: Garchomp|67/100|[from] Salt Cure
|upkeep
|turn|17
|inactive|bigtestsofbig has 120 seconds left.
|
|t:|1760799924
|switch|p2a: Wo-Chien|Wo-Chien|100/100
|-damage|p2a: Wo-Chien|88/100|[from] Stealth Rock
|-ability|p2a: Wo-Chien|Tablets of Ruin
|move|p1a: Garchomp|Earthquake|p2a: Wo-Chien
|-resisted|p2a: Wo-Chien
|-damage|p2a: Wo-Chien|78/100
|
|-heal|p2a: Wo-Chien|84/100|[from] item: Leftovers
|-damage|p1a: Garchomp|55/100|[from] Salt Cure
|upkeep
|turn|18
|
|t:|1760799941
|switch|p1a: Lokix|Lokix, F|100/100
|-damage|p1a: Lokix|84/100|[from] Spikes
|move|p2a: Wo-Chien|Knock Off|p1a: Lokix
|-resisted|p1a: Lokix
|-damage|p1a: Lokix|65/100
|-enditem|p1a: Lokix|Choice Scarf|[from] move: Knock Off|[of] p2a: Wo-Chien
|
|-heal|p2a: Wo-Chien|90/100|[from] item: Leftovers
|upkeep
|turn|19
|inactive|motorskk has 30 seconds left.
|inactive|bigtestsofbig has 90 seconds left.
|
|t:|1760799962
|switch|p1a: Thundurus|Thundurus-Therian, M, tera:Ice|96/100
|switch|p2a: Garganacl|Garganacl, F|94/100
|-damage|p2a: Garganacl|82/100|[from] Stealth Rock
|
|-heal|p2a: Garganacl|88/100|[from] item: Leftovers
|upkeep
|turn|20
|inactive|motorskk has 30 seconds left.
|
|t:|1760799974
|switch|p1a: Garchomp|Garchomp, F|55/100
|-damage|p1a: Garchomp|38/100|[from] Spikes
|move|p2a: Garganacl|Salt Cure|p1a: Garchomp
|-resisted|p1a: Garchomp
|-damage|p1a: Garchomp|34/100
|-start|p1a: Garchomp|Salt Cure
|
|-heal|p2a: Garganacl|94/100|[from] item: Leftovers
|-damage|p1a: Garchomp|21/100|[from] Salt Cure
|upkeep
|turn|21
|
|t:|1760799988
|move|p1a: Garchomp|Rest|p1a: Garchomp
|-status|p1a: Garchomp|slp|[from] move: Rest
|-heal|p1a: Garchomp|100/100 slp|[silent]
|move|p2a: Garganacl|Curse|p2a: Garganacl
|-unboost|p2a: Garganacl|spe|1
|-boost|p2a: Garganacl|atk|1
|-boost|p2a: Garganacl|def|1
|
|-heal|p2a: Garganacl|100/100|[from] item: Leftovers
|-damage|p1a: Garchomp|88/100 slp|[from] Salt Cure
|upkeep
|turn|22
|
|t:|1760800003
|move|p2a: Garganacl|Salt Cure|p1a: Garchomp
|-resisted|p1a: Garchomp
|-damage|p1a: Garchomp|81/100 slp
|cant|p1a: Garchomp|slp
|
|-damage|p1a: Garchomp|69/100 slp|[from] Salt Cure
|upkeep
|turn|23
|
|t:|1760800020
|move|p2a: Garganacl|Salt Cure|p1a: Garchomp
|-resisted|p1a: Garchomp
|-damage|p1a: Garchomp|62/100 slp
|cant|p1a: Garchomp|slp
|
|-damage|p1a: Garchomp|50/100 slp|[from] Salt Cure
|upkeep
|turn|24
|
|t:|1760800035
|move|p2a: Garganacl|Salt Cure|p1a: Garchomp
|-resisted|p1a: Garchomp
|-damage|p1a: Garchomp|43/100 slp
|-curestatus|p1a: Garchomp|slp|[msg]
|move|p1a: Garchomp|Dragon Tail|p2a: Garganacl
|-damage|p2a: Garganacl|89/100
|drag|p2a: Gholdengo|Gholdengo|100/100
|-damage|p2a: Gholdengo|94/100|[from] Stealth Rock
|
|-heal|p2a: Gholdengo|100/100|[from] item: Leftovers
|-damage|p1a: Garchomp|31/100|[from] Salt Cure
|upkeep
|turn|25
|
|t:|1760800054
|switch|p1a: Alomomola|Alomomola, F|91/100
|move|p2a: Gholdengo|Recover||[still]
|-fail|p2a: Gholdengo|heal
|
|upkeep
|turn|26
|
|t:|1760800071
|move|p2a: Gholdengo|Thunder Wave|p1a: Alomomola
|-status|p1a: Alomomola|par
|move|p1a: Alomomola|Wish|p1a: Alomomola
|
|upkeep
|turn|27
|
|t:|1760800075
|move|p2a: Gholdengo|Hex|p1a: Alomomola
|-damage|p1a: Alomomola|43/100 par
|move|p1a: Alomomola|Flip Turn|p2a: Gholdengo
|-damage|p2a: Gholdengo|88/100
|
|t:|1760800082
|switch|p1a: Garchomp|Garchomp, F|31/100|[from] Flip Turn
|-damage|p1a: Garchomp|14/100|[from] Spikes
|
|-heal|p1a: Garchomp|70/100|[from] move: Wish|[wisher] Alomomola
|-heal|p2a: Gholdengo|94/100|[from] item: Leftovers
|upkeep
|turn|28
|inactive|motorskk has 60 seconds left.
|
|t:|1760800105
|switch|p1a: Thundurus|Thundurus-Therian, M, tera:Ice|96/100
|switch|p2a: Wo-Chien|Wo-Chien|90/100
|-damage|p2a: Wo-Chien|78/100|[from] Stealth Rock
|-ability|p2a: Wo-Chien|Tablets of Ruin
|
|-heal|p2a: Wo-Chien|84/100|[from] item: Leftovers
|upkeep
|turn|29
|
|t:|1760800113
|move|p1a: Thundurus|Knock Off|p2a: Wo-Chien
|-resisted|p2a: Wo-Chien
|-damage|p2a: Wo-Chien|78/100
|-enditem|p2a: Wo-Chien|Leftovers|[from] move: Knock Off|[of] p1a: Thundurus
|move|p2a: Wo-Chien|Leech Seed|p1a: Thundurus
|-start|p1a: Thundurus|move: Leech Seed
|
|-damage|p1a: Thundurus|83/100|[from] Leech Seed|[of] p2a: Wo-Chien
|-heal|p2a: Wo-Chien|88/100|[silent]
|upkeep
|turn|30
|inactive|motorskk has 60 seconds left.
|
|t:|1760800136
|switch|p1a: Garganacl|Garganacl, F|76/100
|-damage|p1a: Garganacl|59/100|[from] Spikes
|move|p2a: Wo-Chien|Knock Off|p1a: Garganacl
|-damage|p1a: Garganacl|49/100
|
|upkeep
|turn|31
|
|t:|1760800147
|move|p2a: Wo-Chien|Leech Seed|p1a: Garganacl|[miss]
|-miss|p2a: Wo-Chien|p1a: Garganacl
|move|p1a: Garganacl|Recover|p1a: Garganacl
|-heal|p1a: Garganacl|99/100
|
|upkeep
|turn|32
|
|t:|1760800152
|move|p2a: Wo-Chien|Leech Seed|p1a: Garganacl
|-start|p1a: Garganacl|move: Leech Seed
|move|p1a: Garganacl|Salt Cure|p2a: Wo-Chien
|-damage|p2a: Wo-Chien|79/100
|-start|p2a: Wo-Chien|Salt Cure
|
|-damage|p1a: Garganacl|86/100|[from] Leech Seed|[of] p2a: Wo-Chien
|-heal|p2a: Wo-Chien|93/100|[silent]
|-damage|p2a: Wo-Chien|80/100|[from] Salt Cure
|upkeep
|turn|33
|inactive|motorskk has 60 seconds left.
|
|t:|1760800176
|switch|p1a: Thundurus|Thundurus-Therian, M, tera:Ice|83/100
|move|p2a: Wo-Chien|Leech Seed|p1a: Thundurus|[miss]
|-miss|p2a: Wo-Chien|p1a: Thundurus
|
|-damage|p2a: Wo-Chien|68/100|[from] Salt Cure
|upkeep
|turn|34
|inactive|motorskk has 60 seconds left.
|
|t:|1760800194
|switch|p2a: Iron Treads|Iron Treads|83/100
|-damage|p2a: Iron Treads|80/100|[from] Stealth Rock
|move|p1a: Thundurus|Knock Off|p2a: Iron Treads
|-damage|p2a: Iron Treads|67/100
|
|upkeep
|turn|35
|
|t:|1760800222
|switch|p1a: Garchomp|Garchomp, F|70/100
|-damage|p1a: Garchomp|54/100|[from] Spikes
|move|p2a: Iron Treads|Rapid Spin|p1a: Garchomp
|-damage|p1a: Garchomp|44/100
|-boost|p2a: Iron Treads|spe|1
|-damage|p2a: Iron Treads|55/100|[from] ability: Rough Skin|[of] p1a: Garchomp
|-damage|p2a: Iron Treads|38/100|[from] item: Rocky Helmet|[of] p1a: Garchomp
|-sideend|p2: bigtestsofbig|Stealth Rock|[from] move: Rapid Spin|[of] p2a: Iron Treads
|
|upkeep
|turn|36
|
|t:|1760800234
|switch|p1a: Alomomola|Alomomola, F|77/100 par
|-terastallize|p2a: Iron Treads|Ground
|move|p2a: Iron Treads|Earthquake|p1a: Alomomola
|-damage|p1a: Alomomola|41/100 par
|
|upkeep
|turn|37
|
|t:|1760800254
|move|p2a: Iron Treads|Volt Switch|p1a: Alomomola
|-supereffective|p1a: Alomomola
|-damage|p1a: Alomomola|22/100 par
|
|t:|1760800257
|-end|p2a: Iron Treads|Quark Drive|[silent]
|switch|p2a: Garchomp|Garchomp, M|99/100|[from] Volt Switch
|move|p1a: Alomomola|Flip Turn|p2a: Garchomp
|-damage|p2a: Garchomp|88/100
|-damage|p1a: Alomomola|10/100 par|[from] ability: Rough Skin|[of] p2a: Garchomp
|-damage|p1a: Alomomola|0 fnt|[from] item: Rocky Helmet|[of] p2a: Garchomp
|faint|p1a: Alomomola
|
|upkeep
|
|t:|1760800272
|switch|p1a: Gholdengo|Gholdengo|100/100
|-item|p1a: Gholdengo|Air Balloon
|turn|38
|
|t:|1760800278
|move|p2a: Garchomp|Surf|p1a: Gholdengo
|-damage|p1a: Gholdengo|84/100
|-enditem|p1a: Gholdengo|Air Balloon
|move|p1a: Gholdengo|Make It Rain|p2a: Garchomp
|-damage|p2a: Garchomp|35/100
|-unboost|p1a: Gholdengo|spa|1
|
|upkeep
|turn|39
|inactive|bigtestsofbig has 120 seconds left.
|
|t:|1760800312
|switch|p1a: Garchomp|Garchomp, F|44/100
|-damage|p1a: Garchomp|28/100|[from] Spikes
|move|p2a: Garchomp|Stealth Rock|p1a: Garchomp
|-sidestart|p1: motorskk|move: Stealth Rock
|
|upkeep
|turn|40
|inactive|bigtestsofbig has 120 seconds left.
|inactive|motorskk has 30 seconds left.
|inactive|motorskk has 20 seconds left.
|inactive|motorskk has 15 seconds left.
|inactive|motorskk has 10 seconds left.
|inactive|motorskk has 5 seconds left.
|-message|motorskk lost due to inactivity.
|
|win|bigtestsofbig
|raw|motorskk's rating: 1549 &rarr; <strong>1529</strong><br />(-20 for losing)
|raw|bigtestsofbig's rating: 1548 &rarr; <strong>1568</strong><br />(+20 for winning)
|l|☆bigtestsofbig
|player|p2|
|l|☆motorskk
|player|p1|
