|j|☆hyperchoice
|j|☆hipposheep
|t:|1760732276
|gametype|singles
|player|p1|hyperchoice|101|1628
|player|p2|hipposheep|ghetsis-gen5bw|1644
|gen|9
|tier|[Gen 9] OU
|rated|
|rule|HP Percentage Mod: HP is shown in percentages
|rule|Endless Battle Clause: Forcing endless battles is banned
|rule|Species Clause: Limit one of each Pokémon
|rule|OHKO Clause: OHKO moves are banned
|rule|Evasion Items Clause: Evasion items are banned
|rule|Evasion Moves Clause: Evasion moves are banned
|rule|Evasion Abilities Clause: Evasion abilities are banned
|rule|Sleep Moves Clause: Sleep-inducing moves are banned
|clearpoke
|poke|p1|Tyranitar, M|
|poke|p1|Excadrill, F|
|poke|p1|Kingambit, M|
|poke|p1|Garchomp, M|
|poke|p1|Pecharunt|
|poke|p1|Rotom-Wash|
|poke|p2|Skeledirge, M|
|poke|p2|Ogerpon-Wellspring, F|
|poke|p2|Dragapult, F|
|poke|p2|Weezing-Galar, F|
|poke|p2|Ting-Lu|
|poke|p2|Corviknight, M|
|teampreview
|l|☆hyperchoice
|player|p1|
|inactive|Battle timer is ON: inactive players will automatically lose when time's up. (requested by hipposheep)
|j|☆hyperchoice
|inactive|hyperchoice reconnected and has 135 seconds left.
|player|p1|hyperchoice|101|
|
|t:|1760732309
|teamsize|p1|6
|teamsize|p2|6
|start
|switch|p1a: Tyranitar|Tyranitar, M|100/100
|switch|p2a: Ogerpon|Ogerpon-Wellspring, F|100/100
|-weather|Sandstorm|[from] ability: Sand Stream|[of] p1a: Tyranitar
|turn|1
|
|t:|1760732327
|move|p2a: Ogerpon|Ivy Cudgel|p1a: Tyranitar|[anim] Ivy Cudgel Water
|-supereffective|p1a: Tyranitar
|-damage|p1a: Tyranitar|20/100
|move|p1a: Tyranitar|Thunder Wave|p2a: Ogerpon
|-status|p2a: Ogerpon|par
|
|-weather|Sandstorm|[upkeep]
|-damage|p2a: Ogerpon|94/100 par|[from] Sandstorm
|upkeep
|turn|2
|
|t:|1760732334
|switch|p1a: Rotom|Rotom-Wash|100/100
|cant|p2a: Ogerpon|par
|
|-weather|Sandstorm|[upkeep]
|-damage|p1a: Rotom|94/100|[from] Sandstorm
|-damage|p2a: Ogerpon|88/100 par|[from] Sandstorm
|-heal|p1a: Rotom|100/100|[from] item: Leftovers
|upkeep
|turn|3
|
|t:|1760732337
|switch|p2a: Ting-Lu|Ting-Lu, shiny|100/100
|-ability|p2a: Ting-Lu|Vessel of Ruin
|move|p1a: Rotom|Volt Switch|p2a: Ting-Lu
|-immune|p2a: Ting-Lu
|
|-weather|Sandstorm|[upkeep]
|-damage|p1a: Rotom|94/100|[from] Sandstorm
|-heal|p1a: Rotom|100/100|[from] item: Leftovers
|upkeep
|turn|4
|
|t:|1760732339
|move|p1a: Rotom|Will-O-Wisp|p2a: Ting-Lu
|-status|p2a: Ting-Lu|brn
|move|p2a: Ting-Lu|Stealth Rock|p1a: Rotom
|-sidestart|p1: hyperchoice|move: Stealth Rock
|
|-weather|Sandstorm|[upkeep]
|-damage|p1a: Rotom|94/100|[from] Sandstorm
|-heal|p1a: Rotom|100/100|[from] item: Leftovers
|-damage|p2a: Ting-Lu|94/100 brn|[from] brn
|upkeep
|turn|5
|
|t:|1760732342
|move|p1a: Rotom|Hydro Pump|p2a: Ting-Lu
|-supereffective|p2a: Ting-Lu
|-damage|p2a: Ting-Lu|63/100 brn
|move|p2a: Ting-Lu|Throat Chop|p1a: Rotom
|-damage|p1a: Rotom|89/100
|-start|p1a: Rotom|Throat Chop|[silent]
|
|-weather|Sandstorm|[upkeep]
|-damage|p1a: Rotom|82/100|[from] Sandstorm
|-heal|p1a: Rotom|89/100|[from] item: Leftovers
|-heal|p2a: Ting-Lu|70/100 brn|[from] item: Leftovers
|-damage|p2a: Ting-Lu|63/100 brn|[from] brn
|upkeep
|turn|6
|
|t:|1760732353
|switch|p2a: Ogerpon|Ogerpon-Wellspring, F|88/100 par
|move|p1a: Rotom|Hydro Pump|p2a: Ogerpon
|-heal|p2a: Ogerpon|100/100 par|[from] ability: Water Absorb|[of] p1a: Rotom
|
|-weather|Sandstorm|[upkeep]
|-damage|p1a: Rotom|82/100|[from] Sandstorm
|-damage|p2a: Ogerpon|94/100 par|[from] Sandstorm
|-heal|p1a: Rotom|89/100|[from] item: Leftovers
|-end|p1a: Rotom|Throat Chop|[silent]
|upkeep
|turn|7
|
|t:|1760732357
|move|p1a: Rotom|Volt Switch|p2a: Ogerpon
|-damage|p2a: Ogerpon|70/100 par
|
|t:|1760732361
|switch|p1a: Pecharunt|Pecharunt|100/100|[from] Volt Switch
|-damage|p1a: Pecharunt|88/100|[from] Stealth Rock
|-item|p1a: Pecharunt|Air Balloon
|move|p2a: Ogerpon|Knock Off|p1a: Pecharunt
|-supereffective|p1a: Pecharunt
|-damage|p1a: Pecharunt|53/100
|-enditem|p1a: Pecharunt|Air Balloon
|
|-weather|Sandstorm|[upkeep]
|-damage|p1a: Pecharunt|47/100|[from] Sandstorm
|-damage|p2a: Ogerpon|64/100 par|[from] Sandstorm
|upkeep
|turn|8
|
|t:|1760732366
|switch|p2a: Ting-Lu|Ting-Lu, shiny|63/100 brn
|-ability|p2a: Ting-Lu|Vessel of Ruin
|move|p1a: Pecharunt|Recover|p1a: Pecharunt
|-heal|p1a: Pecharunt|97/100
|
|-weather|none
|-heal|p2a: Ting-Lu|70/100 brn|[from] item: Leftovers
|-damage|p2a: Ting-Lu|63/100 brn|[from] brn
|upkeep
|turn|9
|
|t:|1760732371
|move|p1a: Pecharunt|Parting Shot|p2a: Ting-Lu
|-unboost|p2a: Ting-Lu|atk|1
|-unboost|p2a: Ting-Lu|spa|1
|
|t:|1760732377
|switch|p1a: Garchomp|Garchomp, M|100/100|[from] Parting Shot
|-damage|p1a: Garchomp|94/100|[from] Stealth Rock
|move|p2a: Ting-Lu|Rest|p2a: Ting-Lu
|-status|p2a: Ting-Lu|slp|[from] move: Rest
|-heal|p2a: Ting-Lu|100/100 slp|[silent]
|
|upkeep
|turn|10
|
|t:|1760732382
|switch|p2a: Corviknight|Corviknight, M|100/100
|-ability|p2a: Corviknight|Pressure
|move|p1a: Garchomp|Swords Dance|p1a: Garchomp
|-boost|p1a: Garchomp|atk|2
|
|upkeep
|turn|11
|
|t:|1760732384
|move|p1a: Garchomp|Fire Fang|p2a: Corviknight
|-supereffective|p2a: Corviknight
|-damage|p2a: Corviknight|46/100
|-damage|p1a: Garchomp|78/100|[from] item: Rocky Helmet|[of] p2a: Corviknight
|move|p2a: Corviknight|Iron Defense|p2a: Corviknight
|-boost|p2a: Corviknight|def|2
|
|upkeep
|turn|12
|
|t:|1760732389
|move|p1a: Garchomp|Swords Dance|p1a: Garchomp
|-boost|p1a: Garchomp|atk|2
|move|p2a: Corviknight|Roost|p2a: Corviknight
|-heal|p2a: Corviknight|96/100
|-singleturn|p2a: Corviknight|move: Roost
|
|upkeep
|turn|13
|
|t:|1760732392
|-terastallize|p1a: Garchomp|Fire
|move|p1a: Garchomp|Fire Fang|p2a: Corviknight
|-supereffective|p2a: Corviknight
|-damage|p2a: Corviknight|34/100
|-damage|p1a: Garchomp|61/100|[from] item: Rocky Helmet|[of] p2a: Corviknight
|move|p2a: Corviknight|Iron Defense|p2a: Corviknight
|-boost|p2a: Corviknight|def|2
|
|upkeep
|turn|14
|
|t:|1760732394
|move|p1a: Garchomp|Fire Fang|p2a: Corviknight
|-supereffective|p2a: Corviknight
|-damage|p2a: Corviknight|0 fnt
|-damage|p1a: Garchomp|45/100|[from] item: Rocky Helmet|[of] p2a: Corviknight
|faint|p2a: Corviknight
|
|upkeep
|
|t:|1760732397
|switch|p2a: Dragapult|Dragapult, F|100/100
|turn|15
|
|t:|1760732399
|switch|p1a: Tyranitar|Tyranitar, M|20/100
|-damage|p1a: Tyranitar|7/100|[from] Stealth Rock
|-weather|Sandstorm|[from] ability: Sand Stream|[of] p1a: Tyranitar
|move|p2a: Dragapult|Shadow Ball|p1a: Tyranitar
|-resisted|p1a: Tyranitar
|-damage|p1a: Tyranitar|0 fnt
|faint|p1a: Tyranitar
|
|-weather|Sandstorm|[upkeep]
|-damage|p2a: Dragapult|95/100|[from] Sandstorm
|upkeep
|
|t:|1760732402
|switch|p1a: Excadrill|Excadrill, F|100/100
|-damage|p1a: Excadrill|97/100|[from] Stealth Rock
|-item|p1a: Excadrill|Air Balloon
|turn|16
|
|t:|1760732410
|-terastallize|p2a: Dragapult|Ghost
|move|p1a: Excadrill|Earthquake|p2a: Dragapult
|-damage|p2a: Dragapult|10/100
|move|p2a: Dragapult|Shadow Ball|p1a: Excadrill
|-damage|p1a: Excadrill|2/100
|-unboost|p1a: Excadrill|spd|1
|-enditem|p1a: Excadrill|Air Balloon
|
|-weather|Sandstorm|[upkeep]
|-damage|p2a: Dragapult|4/100|[from] Sandstorm
|upkeep
|turn|17
|
|t:|1760732418
|switch|p2a: Ogerpon|Ogerpon-Wellspring, F|64/100 par
|move|p1a: Excadrill|Earthquake|p2a: Ogerpon
|-resisted|p2a: Ogerpon
|-damage|p2a: Ogerpon|34/100 par
|
|-weather|Sandstorm|[upkeep]
|-damage|p2a: Ogerpon|28/100 par|[from] Sandstorm
|upkeep
|turn|18
|
|t:|1760732421
|move|p1a: Excadrill|Rapid Spin|p2a: Ogerpon
|-damage|p2a: Ogerpon|6/100 par
|-boost|p1a: Excadrill|spe|1
|-sideend|p1: hyperchoice|Stealth Rock|[from] move: Rapid Spin|[of] p1a: Excadrill
|move|p2a: Ogerpon|Ivy Cudgel|p1a: Excadrill|[anim] Ivy Cudgel Water
|-supereffective|p1a: Excadrill
|-damage|p1a: Excadrill|0 fnt
|faint|p1a: Excadrill
|
|-weather|Sandstorm|[upkeep]
|-damage|p2a: Ogerpon|0 fnt|[from] Sandstorm
|faint|p2a: Ogerpon
|upkeep
|
|t:|1760732430
|switch|p2a: Weezing|Weezing-Galar, F|100/100
|switch|p1a: Kingambit|Kingambit, M|100/100
|-ability|p2a: Weezing|Neutralizing Gas
|turn|19
|
|t:|1760732432
|move|p2a: Weezing|Will-O-Wisp|p1a: Kingambit
|-status|p1a: Kingambit|brn
|move|p1a: Kingambit|Iron Head|p2a: Weezing
|-supereffective|p2a: Weezing
|-damage|p2a: Weezing|63/100
|
|-weather|Sandstorm|[upkeep]
|-damage|p2a: Weezing|57/100|[from] Sandstorm
|-damage|p1a: Kingambit|94/100 brn|[from] brn
|upkeep
|turn|20
|
|t:|1760732440
|-end|p2a: Weezing|ability: Neutralizing Gas
|-activate|p1a: Kingambit|ability: Supreme Overlord
|-start|p1a: Kingambit|fallen2|[silent]
|switch|p2a: Skeledirge|Skeledirge, M|100/100
|move|p1a: Kingambit|Swords Dance|p1a: Kingambit
|-boost|p1a: Kingambit|atk|2
|
|-weather|Sandstorm|[upkeep]
|-damage|p2a: Skeledirge|94/100|[from] Sandstorm
|-damage|p1a: Kingambit|88/100 brn|[from] brn
|upkeep
|turn|21
|
|t:|1760732443
|move|p1a: Kingambit|Kowtow Cleave|p2a: Skeledirge
|-supereffective|p2a: Skeledirge
|-crit|p2a: Skeledirge
|-damage|p2a: Skeledirge|1/100
|move|p2a: Skeledirge|Torch Song|p1a: Kingambit
|-supereffective|p1a: Kingambit
|-damage|p1a: Kingambit|24/100 brn
|-boost|p2a: Skeledirge|spa|1
|
|-weather|Sandstorm|[upkeep]
|-damage|p2a: Skeledirge|0 fnt|[from] Sandstorm
|faint|p2a: Skeledirge
|-damage|p1a: Kingambit|18/100 brn|[from] brn
|upkeep
|
|t:|1760732450
|switch|p2a: Ting-Lu|Ting-Lu, shiny|100/100 slp
|-ability|p2a: Ting-Lu|Vessel of Ruin
|turn|22
|
|t:|1760732454
|-end|p1a: Kingambit|fallen2|[silent]
|switch|p1a: Rotom|Rotom-Wash|89/100
|cant|p2a: Ting-Lu|slp
|
|-weather|none
|-heal|p1a: Rotom|95/100|[from] item: Leftovers
|upkeep
|turn|23
|c|☆hipposheep|...
|
|t:|1760732460
|move|p1a: Rotom|Pain Split|p2a: Ting-Lu
|-sethp|p2a: Ting-Lu|78/100 slp|[from] move: Pain Split|[silent]
|-sethp|p1a: Rotom|100/100|[from] move: Pain Split
|cant|p2a: Ting-Lu|slp
|
|-heal|p2a: Ting-Lu|85/100 slp|[from] item: Leftovers
|upkeep
|turn|24
|
|t:|1760732464
|move|p1a: Rotom|Will-O-Wisp||[still]
|-fail|p1a: Rotom
|-curestatus|p2a: Ting-Lu|slp|[msg]
|move|p2a: Ting-Lu|Stealth Rock|p1a: Rotom
|-sidestart|p1: hyperchoice|move: Stealth Rock
|
|-heal|p2a: Ting-Lu|91/100|[from] item: Leftovers
|upkeep
|turn|25
|
|t:|1760732472
|move|p1a: Rotom|Will-O-Wisp|p2a: Ting-Lu
|-status|p2a: Ting-Lu|brn
|move|p2a: Ting-Lu|Throat Chop|p1a: Rotom
|-damage|p1a: Rotom|88/100
|-start|p1a: Rotom|Throat Chop|[silent]
|
|-heal|p1a: Rotom|94/100|[from] item: Leftovers
|-heal|p2a: Ting-Lu|97/100 brn|[from] item: Leftovers
|-damage|p2a: Ting-Lu|91/100 brn|[from] brn
|upkeep
|turn|26
|
|t:|1760732476
|move|p1a: Rotom|Will-O-Wisp|p2a: Ting-Lu
|-fail|p2a: Ting-Lu|brn
|move|p2a: Ting-Lu|Throat Chop|p1a: Rotom
|-damage|p1a: Rotom|83/100
|
|-heal|p1a: Rotom|89/100|[from] item: Leftovers
|-heal|p2a: Ting-Lu|97/100 brn|[from] item: Leftovers
|-damage|p2a: Ting-Lu|91/100 brn|[from] brn
|-end|p1a: Rotom|Throat Chop|[silent]
|upkeep
|turn|27
|
|t:|1760732479
|move|p1a: Rotom|Will-O-Wisp|p2a: Ting-Lu
|-fail|p2a: Ting-Lu|brn
|move|p2a: Ting-Lu|Throat Chop|p1a: Rotom
|-damage|p1a: Rotom|76/100
|-start|p1a: Rotom|Throat Chop|[silent]
|
|-heal|p1a: Rotom|82/100|[from] item: Leftovers
|-heal|p2a: Ting-Lu|97/100 brn|[from] item: Leftovers
|-damage|p2a: Ting-Lu|91/100 brn|[from] brn
|upkeep
|turn|28
|
|t:|1760732482
|move|p1a: Rotom|Will-O-Wisp|p2a: Ting-Lu
|-fail|p2a: Ting-Lu|brn
|move|p2a: Ting-Lu|Throat Chop|p1a: Rotom
|-damage|p1a: Rotom|71/100
|
|-heal|p1a: Rotom|77/100|[from] item: Leftovers
|-heal|p2a: Ting-Lu|97/100 brn|[from] item: Leftovers
|-damage|p2a: Ting-Lu|91/100 brn|[from] brn
|-end|p1a: Rotom|Throat Chop|[silent]
|upkeep
|turn|29
|
|t:|1760732485
|move|p1a: Rotom|Pain Split|p2a: Ting-Lu
|-sethp|p2a: Ting-Lu|68/100 brn|[from] move: Pain Split|[silent]
|-sethp|p1a: Rotom|100/100|[from] move: Pain Split
|move|p2a: Ting-Lu|Throat Chop|p1a: Rotom
|-damage|p1a: Rotom|89/100
|-start|p1a: Rotom|Throat Chop|[silent]
|
|-heal|p1a: Rotom|96/100|[from] item: Leftovers
|-heal|p2a: Ting-Lu|75/100 brn|[from] item: Leftovers
|-damage|p2a: Ting-Lu|68/100 brn|[from] brn
|upkeep
|turn|30
|
|t:|1760732487
|move|p1a: Rotom|Will-O-Wisp|p2a: Ting-Lu|[miss]
|-miss|p1a: Rotom|p2a: Ting-Lu
|move|p2a: Ting-Lu|Throat Chop|p1a: Rotom
|-damage|p1a: Rotom|83/100
|
|-heal|p1a: Rotom|89/100|[from] item: Leftovers
|-heal|p2a: Ting-Lu|75/100 brn|[from] item: Leftovers
|-damage|p2a: Ting-Lu|68/100 brn|[from] brn
|-end|p1a: Rotom|Throat Chop|[silent]
|upkeep
|turn|31
|
|t:|1760732491
|move|p1a: Rotom|Will-O-Wisp|p2a: Ting-Lu|[miss]
|-miss|p1a: Rotom|p2a: Ting-Lu
|move|p2a: Ting-Lu|Throat Chop|p1a: Rotom
|-damage|p1a: Rotom|77/100
|-start|p1a: Rotom|Throat Chop|[silent]
|
|-heal|p1a: Rotom|83/100|[from] item: Leftovers
|-heal|p2a: Ting-Lu|75/100 brn|[from] item: Leftovers
|-damage|p2a: Ting-Lu|68/100 brn|[from] brn
|upkeep
|turn|32
|
|t:|1760732497
|move|p1a: Rotom|Will-O-Wisp|p2a: Ting-Lu
|-fail|p2a: Ting-Lu|brn
|move|p2a: Ting-Lu|Throat Chop|p1a: Rotom
|-crit|p1a: Rotom
|-damage|p1a: Rotom|65/100
|
|-heal|p1a: Rotom|71/100|[from] item: Leftovers
|-heal|p2a: Ting-Lu|75/100 brn|[from] item: Leftovers
|-damage|p2a: Ting-Lu|68/100 brn|[from] brn
|-end|p1a: Rotom|Throat Chop|[silent]
|upkeep
|turn|33
|
|t:|1760732501
|move|p1a: Rotom|Will-O-Wisp|p2a: Ting-Lu|[miss]
|-miss|p1a: Rotom|p2a: Ting-Lu
|move|p2a: Ting-Lu|Rest|p2a: Ting-Lu
|-status|p2a: Ting-Lu|slp|[from] move: Rest
|-heal|p2a: Ting-Lu|100/100 slp|[silent]
|
|-heal|p1a: Rotom|77/100|[from] item: Leftovers
|upkeep
|turn|34
|
|t:|1760732503
|move|p1a: Rotom|Pain Split|p2a: Ting-Lu
|-sethp|p2a: Ting-Lu|73/100 slp|[from] move: Pain Split|[silent]
|-sethp|p1a: Rotom|100/100|[from] move: Pain Split
|cant|p2a: Ting-Lu|slp
|
|-heal|p2a: Ting-Lu|79/100 slp|[from] item: Leftovers
|upkeep
|turn|35
|
|t:|1760732513
|move|p1a: Rotom|Hydro Pump|p2a: Ting-Lu|[miss]
|-miss|p1a: Rotom|p2a: Ting-Lu
|cant|p2a: Ting-Lu|slp
|
|-heal|p2a: Ting-Lu|86/100 slp|[from] item: Leftovers
|upkeep
|turn|36
|
|t:|1760732516
|switch|p1a: Pecharunt|Pecharunt|97/100
|-damage|p1a: Pecharunt|85/100|[from] Stealth Rock
|switch|p2a: Weezing|Weezing-Galar, F|57/100
|-ability|p2a: Weezing|Neutralizing Gas
|
|upkeep
|turn|37
|
|t:|1760732520
|move|p1a: Pecharunt|Malignant Chain|p2a: Weezing
|-damage|p2a: Weezing|15/100
|move|p2a: Weezing|Will-O-Wisp|p1a: Pecharunt
|-status|p1a: Pecharunt|brn
|
|-damage|p1a: Pecharunt|79/100 brn|[from] brn
|upkeep
|turn|38
|
|t:|1760732526
|-end|p2a: Weezing|ability: Neutralizing Gas
|switch|p2a: Ting-Lu|Ting-Lu, shiny|86/100 slp
|-ability|p2a: Ting-Lu|Vessel of Ruin
|move|p1a: Pecharunt|Parting Shot|p2a: Ting-Lu
|-unboost|p2a: Ting-Lu|atk|1
|-unboost|p2a: Ting-Lu|spa|1
|
|t:|1760732531
|switch|p1a: Garchomp|Garchomp, M, tera:Fire|45/100|[from] Parting Shot
|-damage|p1a: Garchomp|20/100|[from] Stealth Rock
|
|-heal|p2a: Ting-Lu|92/100 slp|[from] item: Leftovers
|upkeep
|turn|39
|
|t:|1760732535
|move|p1a: Garchomp|Scale Shot|p2a: Ting-Lu
|-damage|p2a: Ting-Lu|84/100 slp
|-damage|p2a: Ting-Lu|77/100 slp
|-damage|p2a: Ting-Lu|70/100 slp
|-damage|p2a: Ting-Lu|63/100 slp
|-hitcount|p2a: Ting-Lu|4
|-unboost|p1a: Garchomp|def|1
|-boost|p1a: Garchomp|spe|1
|-curestatus|p2a: Ting-Lu|slp|[msg]
|move|p2a: Ting-Lu|Earthquake|p1a: Garchomp
|-supereffective|p1a: Garchomp
|-damage|p1a: Garchomp|0 fnt
|faint|p1a: Garchomp
|
|-heal|p2a: Ting-Lu|69/100|[from] item: Leftovers
|upkeep
|
|t:|1760732542
|switch|p1a: Pecharunt|Pecharunt|79/100 brn
|-damage|p1a: Pecharunt|67/100 brn|[from] Stealth Rock
|turn|40
|
|t:|1760732545
|move|p1a: Pecharunt|Parting Shot|p2a: Ting-Lu
|-unboost|p2a: Ting-Lu|atk|1
|-unboost|p2a: Ting-Lu|spa|1
|
|t:|1760732547
|switch|p1a: Rotom|Rotom-Wash|100/100|[from] Parting Shot
|-damage|p1a: Rotom|88/100|[from] Stealth Rock
|move|p2a: Ting-Lu|Throat Chop|p1a: Rotom
|-damage|p1a: Rotom|75/100
|-start|p1a: Rotom|Throat Chop|[silent]
|
|-heal|p1a: Rotom|81/100|[from] item: Leftovers
|-heal|p2a: Ting-Lu|75/100|[from] item: Leftovers
|upkeep
|turn|41
|
|t:|1760732551
|move|p1a: Rotom|Will-O-Wisp|p2a: Ting-Lu
|-status|p2a: Ting-Lu|brn
|move|p2a: Ting-Lu|Throat Chop|p1a: Rotom
|-damage|p1a: Rotom|75/100
|
|-heal|p1a: Rotom|82/100|[from] item: Leftovers
|-heal|p2a: Ting-Lu|82/100 brn|[from] item: Leftovers
|-damage|p2a: Ting-Lu|75/100 brn|[from] brn
|-end|p1a: Rotom|Throat Chop|[silent]
|upkeep
|turn|42
|
|t:|1760732558
|move|p1a: Rotom|Hydro Pump|p2a: Ting-Lu
|-supereffective|p2a: Ting-Lu
|-damage|p2a: Ting-Lu|43/100 brn
|move|p2a: Ting-Lu|Throat Chop|p1a: Rotom
|-damage|p1a: Rotom|76/100
|-start|p1a: Rotom|Throat Chop|[silent]
|
|-heal|p1a: Rotom|82/100|[from] item: Leftovers
|-heal|p2a: Ting-Lu|49/100 brn|[from] item: Leftovers
|-damage|p2a: Ting-Lu|43/100 brn|[from] brn
|upkeep
|turn|43
|
|t:|1760732565
|switch|p1a: Pecharunt|Pecharunt|67/100 brn
|-damage|p1a: Pecharunt|54/100 brn|[from] Stealth Rock
|move|p2a: Ting-Lu|Rest|p2a: Ting-Lu
|-status|p2a: Ting-Lu|slp|[from] move: Rest
|-heal|p2a: Ting-Lu|100/100 slp|[silent]
|
|-damage|p1a: Pecharunt|48/100 brn|[from] brn
|upkeep
|turn|44
|
|t:|1760732567
|move|p1a: Pecharunt|Recover|p1a: Pecharunt
|-heal|p1a: Pecharunt|98/100 brn
|cant|p2a: Ting-Lu|slp
|
|-damage|p1a: Pecharunt|92/100 brn|[from] brn
|upkeep
|turn|45
|
|t:|1760732569
|move|p1a: Pecharunt|Parting Shot|p2a: Ting-Lu
|-unboost|p2a: Ting-Lu|atk|1
|-unboost|p2a: Ting-Lu|spa|1
|
|t:|1760732571
|switch|p1a: Rotom|Rotom-Wash|82/100|[from] Parting Shot
|-damage|p1a: Rotom|70/100|[from] Stealth Rock
|cant|p2a: Ting-Lu|slp
|
|-heal|p1a: Rotom|76/100|[from] item: Leftovers
|upkeep
|turn|46
|
|t:|1760732575
|move|p1a: Rotom|Pain Split|p2a: Ting-Lu
|-sethp|p2a: Ting-Lu|73/100 slp|[from] move: Pain Split|[silent]
|-sethp|p1a: Rotom|100/100|[from] move: Pain Split
|-curestatus|p2a: Ting-Lu|slp|[msg]
|move|p2a: Ting-Lu|Throat Chop|p1a: Rotom
|-damage|p1a: Rotom|91/100
|-start|p1a: Rotom|Throat Chop|[silent]
|
|-heal|p1a: Rotom|98/100|[from] item: Leftovers
|-heal|p2a: Ting-Lu|79/100|[from] item: Leftovers
|upkeep
|turn|47
|
|t:|1760732582
|move|p1a: Rotom|Pain Split|p2a: Ting-Lu
|-sethp|p2a: Ting-Lu|69/100|[from] move: Pain Split|[silent]
|-sethp|p1a: Rotom|100/100|[from] move: Pain Split
|move|p2a: Ting-Lu|Throat Chop|p1a: Rotom
|-damage|p1a: Rotom|91/100
|
|-heal|p1a: Rotom|97/100|[from] item: Leftovers
|-heal|p2a: Ting-Lu|75/100|[from] item: Leftovers
|-end|p1a: Rotom|Throat Chop|[silent]
|upkeep
|turn|48
|
|t:|1760732584
|move|p1a: Rotom|Will-O-Wisp|p2a: Ting-Lu
|-status|p2a: Ting-Lu|brn
|move|p2a: Ting-Lu|Throat Chop|p1a: Rotom
|-damage|p1a: Rotom|92/100
|-start|p1a: Rotom|Throat Chop|[silent]
|
|-heal|p1a: Rotom|98/100|[from] item: Leftovers
|-heal|p2a: Ting-Lu|81/100 brn|[from] item: Leftovers
|-damage|p2a: Ting-Lu|75/100 brn|[from] brn
|upkeep
|turn|49
|
|t:|1760732590
|switch|p1a: Pecharunt|Pecharunt|92/100 brn
|-damage|p1a: Pecharunt|80/100 brn|[from] Stealth Rock
|move|p2a: Ting-Lu|Throat Chop|p1a: Pecharunt
|-supereffective|p1a: Pecharunt
|-damage|p1a: Pecharunt|74/100 brn
|-start|p1a: Pecharunt|Throat Chop|[silent]
|
|-heal|p2a: Ting-Lu|81/100 brn|[from] item: Leftovers
|-damage|p1a: Pecharunt|68/100 brn|[from] brn
|-damage|p2a: Ting-Lu|75/100 brn|[from] brn
|upkeep
|turn|50
|
|t:|1760732596
|switch|p2a: Dragapult|Dragapult, F, tera:Ghost|4/100
|move|p1a: Pecharunt|Shadow Ball|p2a: Dragapult
|-supereffective|p2a: Dragapult
|-damage|p2a: Dragapult|0 fnt
|faint|p2a: Dragapult
|
|-damage|p1a: Pecharunt|62/100 brn|[from] brn
|-end|p1a: Pecharunt|Throat Chop|[silent]
|upkeep
|-message|hipposheep forfeited.
|
|win|hyperchoice
|raw|hyperchoice's rating: 1628 &rarr; <strong>1649</strong><br />(+21 for winning)
|raw|hipposheep's rating: 1644 &rarr; <strong>1623</strong><br />(-21 for losing)
|l|☆hipposheep
|player|p2|
|l|☆hyperchoice
|player|p1|
