|j|☆hsbsbsbsbsb
|j|☆chlxechlxe3333
|t:|1760799382
|gametype|singles
|player|p1|hsbsbsbsbsb|parasollady|1129
|player|p2|chlxechlxe3333|iono|1107
|gen|9
|tier|[Gen 9] OU
|rated|
|rule|HP Percentage Mod: HP is shown in percentages
|rule|Endless Battle Clause: Forcing endless battles is banned
|rule|Species Clause: Limit one of each Pokémon
|rule|OHKO Clause: OHKO moves are banned
|rule|Evasion Items Clause: Evasion items are banned
|rule|Evasion Moves Clause: Evasion moves are banned
|rule|Evasion Abilities Clause: Evasion abilities are banned
|rule|Sleep Moves Clause: Sleep-inducing moves are banned
|clearpoke
|poke|p1|Mew|
|poke|p1|Glimmora, F|
|poke|p1|Polteageist|
|poke|p1|Carbink|
|poke|p1|Indeedee-F, F|
|poke|p1|Sylveon, M|
|poke|p2|Landorus-Therian, M|
|poke|p2|Great Tusk|
|poke|p2|Dragonite, F|
|poke|p2|Raging Bolt|
|poke|p2|Gholdengo|
|poke|p2|Iron Valiant|
|teampreview
|inactive|Battle timer is ON: inactive players will automatically lose when time's up. (requested by chlxechlxe3333)
|
|t:|1760799402
|teamsize|p1|6
|teamsize|p2|6
|start
|switch|p1a: Mew|Mew, shiny|100/100
|switch|p2a: Gholdengo|Gholdengo|100/100
|turn|1
|
|t:|1760799425
|move|p1a: Mew|Imprison|p1a: Mew
|-start|p1a: Mew|move: Imprison
|move|p2a: Gholdengo|Shadow Ball|p1a: Mew
|-supereffective|p1a: Mew
|-damage|p1a: Mew|27/100
|
|-heal|p1a: Mew|33/100|[from] item: Leftovers
|upkeep
|turn|2
|
|t:|1760799444
|move|p1a: Mew|Transform|p2a: Gholdengo
|-immune|p2a: Gholdengo|[from] ability: Good as Gold
|move|p2a: Gholdengo|Shadow Ball|p1a: Mew
|-supereffective|p1a: Mew
|-damage|p1a: Mew|0 fnt
|faint|p1a: Mew
|
|upkeep
|c|☆chlxechlxe3333|bro
|
|t:|1760799455
|switch|p1a: Glimmora|Glimmora, F, shiny|100/100
|turn|3
|
|t:|1760799462
|move|p1a: Glimmora|Stealth Rock|p2a: Gholdengo
|-sidestart|p2: chlxechlxe3333|move: Stealth Rock
|move|p2a: Gholdengo|Nasty Plot|p2a: Gholdengo
|-boost|p2a: Gholdengo|spa|2
|
|upkeep
|turn|4
|
|t:|1760799468
|move|p1a: Glimmora|Spikes|p2a: Gholdengo
|-sidestart|p2: chlxechlxe3333|Spikes
|move|p2a: Gholdengo|Make It Rain|p1a: Glimmora
|-supereffective|p1a: Glimmora
|-damage|p1a: Glimmora|0 fnt
|-unboost|p2a: Gholdengo|spa|1
|faint|p1a: Glimmora
|
|upkeep
|
|t:|1760799477
|switch|p1a: Polteageist|Polteageist, shiny|100/100
|turn|5
|
|t:|1760799484
|move|p1a: Polteageist|Shell Smash|p1a: Polteageist
|-unboost|p1a: Polteageist|def|1
|-unboost|p1a: Polteageist|spd|1
|-boost|p1a: Polteageist|atk|2
|-boost|p1a: Polteageist|spa|2
|-boost|p1a: Polteageist|spe|2
|move|p2a: Gholdengo|Shadow Ball|p1a: Polteageist
|-supereffective|p1a: Polteageist
|-enditem|p1a: Polteageist|Focus Sash
|-damage|p1a: Polteageist|1/100
|
|upkeep
|turn|6
|
|t:|1760799497
|move|p2a: Gholdengo|Protect|p2a: Gholdengo
|-singleturn|p2a: Gholdengo|Protect
|move|p1a: Polteageist|Shadow Ball|p2a: Gholdengo
|-activate|p2a: Gholdengo|move: Protect
|
|upkeep
|turn|7
|
|t:|1760799506
|switch|p2a: Dragonite|Dragonite, F|100/100
|-damage|p2a: Dragonite|76/100|[from] Stealth Rock
|move|p1a: Polteageist|Shadow Ball|p2a: Dragonite
|-damage|p2a: Dragonite|0 fnt
|faint|p2a: Dragonite
|
|upkeep
|
|t:|1760799515
|switch|p2a: Landorus|Landorus-Therian, M|100/100
|-damage|p2a: Landorus|88/100|[from] Stealth Rock
|-ability|p2a: Landorus|Intimidate|boost
|-unboost|p1a: Polteageist|atk|1
|turn|8
|
|t:|1760799525
|move|p1a: Polteageist|Stored Power|p2a: Landorus
|-damage|p2a: Landorus|0 fnt
|faint|p2a: Landorus
|
|upkeep
|
|t:|1760799529
|switch|p2a: Raging Bolt|Raging Bolt|100/100
|-damage|p2a: Raging Bolt|88/100|[from] Stealth Rock
|-damage|p2a: Raging Bolt|76/100|[from] Spikes
|turn|9
|
|t:|1760799536
|move|p2a: Raging Bolt|Thunderclap|p1a: Polteageist
|-damage|p1a: Polteageist|0 fnt
|faint|p1a: Polteageist
|
|upkeep
|
|t:|1760799541
|switch|p1a: Carbink|Carbink, shiny|100/100
|turn|10
|
|t:|1760799545
|-end|p2a: Raging Bolt|Protosynthesis|[silent]
|switch|p2a: Great Tusk|Great Tusk|100/100
|-damage|p2a: Great Tusk|98/100|[from] Stealth Rock
|-damage|p2a: Great Tusk|85/100|[from] Spikes
|move|p1a: Carbink|Trick Room|p1a: Carbink
|-fieldstart|move: Trick Room|[of] p1a: Carbink
|
|upkeep
|turn|11
|
|t:|1760799554
|move|p1a: Carbink|Spikes|p2a: Great Tusk
|-sidestart|p2: chlxechlxe3333|Spikes
|move|p2a: Great Tusk|Rapid Spin|p1a: Carbink
|-resisted|p1a: Carbink
|-damage|p1a: Carbink|92/100
|-boost|p2a: Great Tusk|spe|1
|-sideend|p2: chlxechlxe3333|Spikes|[from] move: Rapid Spin|[of] p2a: Great Tusk
|-sideend|p2: chlxechlxe3333|Stealth Rock|[from] move: Rapid Spin|[of] p2a: Great Tusk
|-damage|p2a: Great Tusk|75/100|[from] item: Life Orb
|
|upkeep
|turn|12
|
|t:|1760799563
|move|p1a: Carbink|Stealth Rock|p2a: Great Tusk
|-sidestart|p2: chlxechlxe3333|move: Stealth Rock
|move|p2a: Great Tusk|Close Combat|p1a: Carbink
|-damage|p1a: Carbink|31/100
|-unboost|p2a: Great Tusk|def|1
|-unboost|p2a: Great Tusk|spd|1
|-damage|p2a: Great Tusk|66/100|[from] item: Life Orb
|
|upkeep
|turn|13
|
|t:|1760799572
|move|p1a: Carbink|Misty Explosion|p2a: Great Tusk
|-supereffective|p2a: Great Tusk
|-damage|p2a: Great Tusk|0 fnt
|faint|p1a: Carbink
|faint|p2a: Great Tusk
|-end|p2a: Great Tusk|Protosynthesis|[silent]
|
|upkeep
|
|t:|1760799582
|switch|p1a: Indeedee|Indeedee-F, F, shiny|100/100
|switch|p2a: Gholdengo|Gholdengo|100/100
|-fieldstart|move: Psychic Terrain|[from] ability: Psychic Surge|[of] p1a: Indeedee
|-enditem|p1a: Indeedee|Psychic Seed
|-boost|p1a: Indeedee|spd|1|[from] item: Psychic Seed
|-damage|p2a: Gholdengo|94/100|[from] Stealth Rock
|turn|14
|
|t:|1760799594
|move|p2a: Gholdengo|Protect|p2a: Gholdengo
|-singleturn|p2a: Gholdengo|Protect
|move|p1a: Indeedee|Trick Room|p1a: Indeedee
|-fieldend|move: Trick Room
|
|upkeep
|turn|15
|c|☆chlxechlxe3333|are we real bro
|
|t:|1760799611
|move|p2a: Gholdengo|Nasty Plot|p2a: Gholdengo
|-boost|p2a: Gholdengo|spa|2
|move|p1a: Indeedee|Psychic|p2a: Gholdengo
|-resisted|p2a: Gholdengo
|-damage|p2a: Gholdengo|76/100
|
|upkeep
|turn|16
|
|t:|1760799621
|move|p2a: Gholdengo|Nasty Plot|p2a: Gholdengo
|-boost|p2a: Gholdengo|spa|2
|move|p1a: Indeedee|Trick Room|p1a: Indeedee
|-fieldstart|move: Trick Room|[of] p1a: Indeedee
|
|upkeep
|turn|17
|
|t:|1760799632
|move|p1a: Indeedee|Healing Wish|p1a: Indeedee
|faint|p1a: Indeedee
|move|p2a: Gholdengo|Make It Rain|p1: Indeedee|[notarget]
|-fail|p2a: Gholdengo
|
|upkeep
|
|t:|1760799638
|switch|p1a: Sylveon|Sylveon, M, shiny|100/100
|turn|18
|
|t:|1760799642
|move|p1a: Sylveon|Curse|p1a: Sylveon
|-unboost|p1a: Sylveon|spe|1
|-boost|p1a: Sylveon|atk|1
|-boost|p1a: Sylveon|def|1
|move|p2a: Gholdengo|Make It Rain|p1a: Sylveon
|-supereffective|p1a: Sylveon
|-damage|p1a: Sylveon|0 fnt
|-unboost|p2a: Gholdengo|spa|1
|faint|p1a: Sylveon
|
|win|chlxechlxe3333
|raw|hsbsbsbsbsb's rating: 1129 &rarr; <strong>1102</strong><br />(-27 for losing)
|raw|chlxechlxe3333's rating: 1107 &rarr; <strong>1134</strong><br />(+27 for winning)
|l|☆hsbsbsbsbsb
|player|p1|
|c|☆chlxechlxe3333|BRO
