|j|☆reudige Gurke
|j|☆bottom drawer
|t:|1760837128
|gametype|singles
|player|p1|reudige Gurke|265|1428
|player|p2|bottom drawer|red-gen1|1418
|gen|9
|tier|[Gen 9] OU
|rated|
|rule|HP Percentage Mod: HP is shown in percentages
|rule|Endless Battle Clause: Forcing endless battles is banned
|rule|Species Clause: Limit one of each Pokémon
|rule|OHKO Clause: OHKO moves are banned
|rule|Evasion Items Clause: Evasion items are banned
|rule|Evasion Moves Clause: Evasion moves are banned
|rule|Evasion Abilities Clause: Evasion abilities are banned
|rule|Sleep Moves Clause: Sleep-inducing moves are banned
|clearpoke
|poke|p1|Mew|
|poke|p1|Alomomola, M|
|poke|p1|Cinderace, M|
|poke|p1|Primarina, F|
|poke|p1|Persian-Alola, M|
|poke|p1|Kyurem|
|poke|p2|Ursaluna, M|
|poke|p2|Exeggutor-Alola, M|
|poke|p2|Hatterene, F|
|poke|p2|Hoopa-Unbound|
|poke|p2|Deoxys-Defense|
|poke|p2|Iron Hands|
|teampreview
|
|t:|1760837166
|teamsize|p1|6
|teamsize|p2|6
|start
|switch|p1a: Persian|Persian-Alola, M|100/100
|switch|p2a: Deoxys|Deoxys-Defense|100/100
|-ability|p2a: Deoxys|Pressure
|turn|1
|
|t:|1760837197
|-terastallize|p2a: Deoxys|Dark
|move|p1a: Persian|Switcheroo|p2a: Deoxys
|-activate|p1a: Persian|move: Trick|[of] p2a: Deoxys
|-item|p2a: Deoxys|Choice Scarf|[from] move: Switcheroo
|-item|p1a: Persian|Heavy-Duty Boots|[from] move: Switcheroo
|move|p2a: Deoxys|Trick Room|p2a: Deoxys
|-fieldstart|move: Trick Room|[of] p2a: Deoxys
|
|upkeep
|turn|2
|
|t:|1760837209
|switch|p2a: Iron Hands|Iron Hands|100/100
|-enditem|p2a: Iron Hands|Booster Energy
|-activate|p2a: Iron Hands|ability: Quark Drive|[fromitem]
|-start|p2a: Iron Hands|quarkdriveatk
|move|p1a: Persian|Parting Shot|p2a: Iron Hands
|-unboost|p2a: Iron Hands|atk|1
|-unboost|p2a: Iron Hands|spa|1
|
|t:|1760837227
|switch|p1a: Mewing|Mew|100/100|[from] Parting Shot
|
|upkeep
|turn|3
|
|t:|1760837232
|move|p2a: Iron Hands|Swords Dance|p2a: Iron Hands
|-boost|p2a: Iron Hands|atk|2
|move|p1a: Mewing|Calm Mind|p1a: Mewing
|-boost|p1a: Mewing|spa|1
|-boost|p1a: Mewing|spd|1
|
|upkeep
|turn|4
|
|t:|1760837243
|-terastallize|p1a: Mewing|Fairy
|move|p2a: Iron Hands|Thunder Punch|p1a: Mewing
|-damage|p1a: Mewing|46/100
|move|p1a: Mewing|Calm Mind|p1a: Mewing
|-boost|p1a: Mewing|spa|1
|-boost|p1a: Mewing|spd|1
|
|upkeep
|turn|5
|
|t:|1760837249
|move|p2a: Iron Hands|Thunder Punch|p1a: Mewing
|-damage|p1a: Mewing|0 fnt
|faint|p1a: Mewing
|
|-fieldend|move: Trick Room
|upkeep
|-message|reudige Gurke forfeited.
|
|win|bottom drawer
|raw|reudige Gurke's rating: 1428 &rarr; <strong>1407</strong><br />(-21 for losing)
|raw|bottom drawer's rating: 1418 &rarr; <strong>1439</strong><br />(+21 for winning)
|l|☆reudige Gurke
|player|p1|
|l|☆bottom drawer
|player|p2|
