|j|☆healorant
|j|☆SmallKuza1888
|t:|1760822833
|gametype|singles
|player|p1|healorant|alder|1714
|player|p2|SmallKuza1888|cyclist-gen4|1731
|gen|9
|tier|[Gen 9] OU
|rated|
|rule|HP Percentage Mod: HP is shown in percentages
|rule|Endless Battle Clause: Forcing endless battles is banned
|rule|Species Clause: Limit one of each Pokémon
|rule|OHKO Clause: OHKO moves are banned
|rule|Evasion Items Clause: Evasion items are banned
|rule|Evasion Moves Clause: Evasion moves are banned
|rule|Evasion Abilities Clause: Evasion abilities are banned
|rule|Sleep Moves Clause: Sleep-inducing moves are banned
|clearpoke
|poke|p1|Ursaluna, F|
|poke|p1|Rillaboom, F|
|poke|p1|Zamazenta-*|
|poke|p1|Raging Bolt|
|poke|p1|Weezing-Galar, F|
|poke|p1|Garganacl, M|
|poke|p2|Tyranitar, M|
|poke|p2|Excadrill, F|
|poke|p2|Sinistcha|
|poke|p2|Tinkaton, F|
|poke|p2|Toxapex, M|
|poke|p2|Tornadus-Therian, M|
|teampreview
|inactive|Battle timer is ON: inactive players will automatically lose when time's up. (requested by SmallKuza1888)
|
|t:|1760822846
|teamsize|p1|6
|teamsize|p2|6
|start
|switch|p1a: Garganacl|Garganacl, M|100/100
|switch|p2a: Tornadus|Tornadus-Therian, M|100/100
|turn|1
|
|t:|1760822856
|move|p2a: Tornadus|Grass Knot|p1a: Garganacl
|-supereffective|p1a: Garganacl
|-damage|p1a: Garganacl|27/100
|move|p1a: Garganacl|Salt Cure|p2a: Tornadus
|-supereffective|p2a: Tornadus
|-damage|p2a: Tornadus|60/100
|-start|p2a: Tornadus|Salt Cure
|
|-heal|p1a: Garganacl|33/100|[from] item: Leftovers
|-damage|p2a: Tornadus|47/100|[from] Salt Cure
|upkeep
|turn|2
|
|t:|1760822861
|switch|p2a: Excadrill|Excadrill, F|100/100
|move|p1a: Garganacl|Protect||[still]
|-fail|p1a: Garganacl
|
|-heal|p1a: Garganacl|39/100|[from] item: Leftovers
|upkeep
|turn|3
|
|t:|1760822866
|switch|p1a: Rillaboom|Rillaboom, F|100/100
|-fieldstart|move: Grassy Terrain|[from] ability: Grassy Surge|[of] p1a: Rillaboom
|move|p2a: Excadrill|Earthquake|p1a: Rillaboom
|-resisted|p1a: Rillaboom
|-damage|p1a: Rillaboom|85/100
|
|-heal|p1a: Rillaboom|91/100|[from] Grassy Terrain
|-heal|p1a: Rillaboom|97/100|[from] item: Leftovers
|upkeep
|turn|4
|
|t:|1760822874
|switch|p2a: Tinkaton|Tinkaton, F|100/100
|-ability|p2a: Tinkaton|Mold Breaker
|-item|p2a: Tinkaton|Air Balloon
|move|p1a: Rillaboom|Knock Off|p2a: Tinkaton
|-resisted|p2a: Tinkaton
|-damage|p2a: Tinkaton|82/100
|-enditem|p2a: Tinkaton|Air Balloon
|
|-heal|p2a: Tinkaton|88/100|[from] Grassy Terrain
|-heal|p1a: Rillaboom|100/100|[from] Grassy Terrain
|upkeep
|turn|5
|
|t:|1760822884
|switch|p1a: Weezing|Weezing-Galar, F|100/100
|-ability|p1a: Weezing|Neutralizing Gas
|move|p2a: Tinkaton|Stealth Rock|p1a: Weezing
|-sidestart|p1: healorant|move: Stealth Rock
|
|-heal|p2a: Tinkaton|95/100|[from] Grassy Terrain
|upkeep
|turn|6
|
|t:|1760822887
|move|p2a: Tinkaton|Knock Off|p1a: Weezing
|-resisted|p1a: Weezing
|-damage|p1a: Weezing|95/100
|-enditem|p1a: Weezing|Heavy-Duty Boots|[from] move: Knock Off|[of] p2a: Tinkaton
|move|p1a: Weezing|Defog|p2a: Tinkaton
|-unboost|p2a: Tinkaton|evasion|1
|-sideend|p1: healorant|Stealth Rock|[from] move: Defog|[of] p1a: Weezing
|-fieldend|move: Grassy Terrain
|
|upkeep
|turn|7
|
|t:|1760822897
|-end|p1a: Weezing|ability: Neutralizing Gas
|-ability|p2a: Tinkaton|Mold Breaker
|switch|p1a: Ursaluna|Ursaluna, F|100/100
|move|p2a: Tinkaton|Encore||[still]
|-fail|p2a: Tinkaton
|
|upkeep
|turn|8
|
|t:|1760822901
|switch|p2a: Sinistcha|Sinistcha|100/100
|move|p1a: Ursaluna|Body Slam|p2a: Sinistcha
|-immune|p2a: Sinistcha
|
|upkeep
|turn|9
|
|t:|1760822905
|move|p2a: Sinistcha|Matcha Gotcha|p1a: Ursaluna
|-supereffective|p1a: Ursaluna
|-crit|p1a: Ursaluna
|-damage|p1a: Ursaluna|38/100
|move|p1a: Ursaluna|Ice Punch|p2a: Sinistcha
|-supereffective|p2a: Sinistcha
|-damage|p2a: Sinistcha|60/100
|
|-heal|p2a: Sinistcha|66/100|[from] item: Leftovers
|upkeep
|turn|10
|
|t:|1760822916
|move|p2a: Sinistcha|Matcha Gotcha|p1a: Ursaluna
|-supereffective|p1a: Ursaluna
|-damage|p1a: Ursaluna|0 fnt
|-heal|p2a: Sinistcha|92/100|[from] drain|[of] p1a: Ursaluna
|faint|p1a: Ursaluna
|
|-heal|p2a: Sinistcha|98/100|[from] item: Leftovers
|upkeep
|-message|healorant forfeited.
|
|win|SmallKuza1888
|raw|healorant's rating: 1714 &rarr; <strong>1695</strong><br />(-19 for losing)
|raw|SmallKuza1888's rating: 1731 &rarr; <strong>1750</strong><br />(+19 for winning)
|l|☆healorant
|player|p1|
|l|☆SmallKuza1888
|player|p2|
