|j|☆farhannn
|j|☆HZBKAI7
|t:|1760851854
|gametype|singles
|player|p1|farhannn|265|1188
|player|p2|HZBKAI7|2|1144
|gen|9
|tier|[Gen 9] OU
|rated|
|rule|HP Percentage Mod: HP is shown in percentages
|rule|Endless Battle Clause: Forcing endless battles is banned
|rule|Species Clause: Limit one of each Pokémon
|rule|OHKO Clause: OHKO moves are banned
|rule|Evasion Items Clause: Evasion items are banned
|rule|Evasion Moves Clause: Evasion moves are banned
|rule|Evasion Abilities Clause: Evasion abilities are banned
|rule|Sleep Moves Clause: Sleep-inducing moves are banned
|clearpoke
|poke|p1|Corviknight, F|
|poke|p1|Heatran, F|
|poke|p1|Scizor, F|
|poke|p1|Cobalion|
|poke|p1|Excadrill, M|
|poke|p1|Gholdengo|
|poke|p2|Kingambit, F|
|poke|p2|Iron Treads|
|poke|p2|Necrozma|
|poke|p2|Pecharunt|
|poke|p2|Enamorus, F|
|poke|p2|Samurott-Hisui, F|
|teampreview
|inactive|Battle timer is ON: inactive players will automatically lose when time's up. (requested by farhannn)
|
|t:|1760851860
|teamsize|p1|6
|teamsize|p2|6
|start
|switch|p1a: Cobalion|Cobalion|100/100
|switch|p2a: Samurott|Samurott-Hisui, F, shiny|100/100
|turn|1
|
|t:|1760851866
|move|p1a: Cobalion|Focus Blast|p2a: Samurott|[miss]
|-miss|p1a: Cobalion|p2a: Samurott
|move|p2a: Samurott|Razor Shell|p1a: Cobalion
|-damage|p1a: Cobalion|24/100
|
|upkeep
|turn|2
|
|t:|1760851871
|move|p1a: Cobalion|Focus Blast|p2a: Samurott
|-supereffective|p2a: Samurott
|-damage|p2a: Samurott|0 fnt
|faint|p2a: Samurott
|
|upkeep
|
|t:|1760851873
|switch|p2a: Iron Treads|Iron Treads|100/100
|turn|3
|
|t:|1760851877
|move|p1a: Cobalion|Focus Blast|p2a: Iron Treads
|-supereffective|p2a: Iron Treads
|-damage|p2a: Iron Treads|0 fnt
|faint|p2a: Iron Treads
|-end|p2a: Iron Treads|Quark Drive|[silent]
|
|upkeep
|
|t:|1760851877
|switch|p2a: Necrozma|Necrozma, shiny|100/100
|turn|4
|
|t:|1760851895
|switch|p1a: Gholdengo|Gholdengo|100/100
|-item|p1a: Gholdengo|Air Balloon
|move|p2a: Necrozma|Earth Power|p1a: Gholdengo
|-immune|p1a: Gholdengo
|
|upkeep
|turn|5
|
|t:|1760851899
|move|p1a: Gholdengo|Nasty Plot|p1a: Gholdengo
|-boost|p1a: Gholdengo|spa|2
|move|p2a: Necrozma|Earth Power|p1a: Gholdengo
|-immune|p1a: Gholdengo
|
|upkeep
|turn|6
|
|t:|1760851904
|move|p1a: Gholdengo|Shadow Ball|p2a: Necrozma
|-supereffective|p2a: Necrozma
|-damage|p2a: Necrozma|0 fnt
|faint|p2a: Necrozma
|
|upkeep
|
|t:|1760851904
|switch|p2a: Kingambit|Kingambit, F, shiny|100/100
|-activate|p2a: Kingambit|ability: Supreme Overlord
|-start|p2a: Kingambit|fallen3|[silent]
|turn|7
|
|t:|1760851916
|-terastallize|p1a: Gholdengo|Steel
|move|p1a: Gholdengo|Focus Blast|p2a: Kingambit
|-supereffective|p2a: Kingambit
|-damage|p2a: Kingambit|0 fnt
|faint|p2a: Kingambit
|-end|p2a: Kingambit|fallen3|[silent]
|
|upkeep
|
|t:|1760851916
|switch|p2a: Enamorus|Enamorus, F, shiny|100/100
|turn|8
|
|t:|1760851923
|move|p2a: Enamorus|Earth Power|p1a: Gholdengo
|-immune|p1a: Gholdengo
|move|p1a: Gholdengo|Make It Rain|p2a: Enamorus
|-supereffective|p2a: Enamorus
|-damage|p2a: Enamorus|0 fnt
|-unboost|p1a: Gholdengo|spa|1
|faint|p2a: Enamorus
|
|upkeep
|
|t:|1760851923
|switch|p2a: Pecharunt|Pecharunt|100/100
|-item|p2a: Pecharunt|Air Balloon
|turn|9
|
|t:|1760851927
|move|p2a: Pecharunt|Shadow Ball|p1a: Gholdengo
|-damage|p1a: Gholdengo|68/100
|-enditem|p1a: Gholdengo|Air Balloon
|move|p1a: Gholdengo|Make It Rain|p2a: Pecharunt
|-damage|p2a: Pecharunt|0 fnt
|-unboost|p1a: Gholdengo|spa|1
|-enditem|p2a: Pecharunt|Air Balloon
|faint|p2a: Pecharunt
|
|win|farhannn
|raw|farhannn's rating: 1188 &rarr; <strong>1210</strong><br />(+22 for winning)
|raw|HZBKAI7's rating: 1144 &rarr; <strong>1122</strong><br />(-22 for losing)
|l|☆HZBKAI7
|player|p2|
|l|☆farhannn
|player|p1|
