|j|☆Altoz_3429
|j|☆mista222
|t:|1760818411
|gametype|singles
|player|p1|Altoz_3429|ghetsis-gen5bw|
|player|p2|mista222|266|
|gen|9
|tier|[Gen 9] OU
|rule|HP Percentage Mod: HP is shown in percentages
|rule|Endless Battle Clause: Forcing endless battles is banned
|rule|Species Clause: Limit one of each Pokémon
|rule|OHKO Clause: OHKO moves are banned
|rule|Evasion Items Clause: Evasion items are banned
|rule|Evasion Moves Clause: Evasion moves are banned
|rule|Evasion Abilities Clause: Evasion abilities are banned
|rule|Sleep Moves Clause: Sleep-inducing moves are banned
|clearpoke
|poke|p1|Ceruledge, M|
|poke|p1|Goodra, F|
|poke|p1|Gliscor, M|
|poke|p1|Great Tusk|
|poke|p1|Noivern, F|
|poke|p1|Corviknight, F|
|poke|p2|Scizor, F|
|poke|p2|Krookodile, M|
|poke|p2|Latias, F|
|poke|p2|Talonflame, M|
|poke|p2|Blaziken, F|
|poke|p2|Skeledirge, F|
|teampreview
|j| maneki uwu
|j| lethsov
|j| Rionecnirp
|
|t:|1760818523
|teamsize|p1|6
|teamsize|p2|6
|start
|switch|p1a: Batman|Gliscor, M|100/100
|switch|p2a: Skeledirge|Skeledirge, F|100/100
|turn|1
|
|t:|1760818552
|switch|p2a: Talonflame|Talonflame, M|100/100
|move|p1a: Batman|Spikes|p2a: Talonflame
|-sidestart|p2: mista222|Spikes
|
|-status|p1a: Batman|tox|[from] item: Toxic Orb
|upkeep
|turn|2
|
|t:|1760818564
|move|p2a: Talonflame|Will-O-Wisp||[still]
|-fail|p2a: Talonflame
|move|p1a: Batman|Spikes|p2a: Talonflame
|-sidestart|p2: mista222|Spikes
|
|upkeep
|turn|3
|
|t:|1760818577
|move|p2a: Talonflame|U-turn|p1a: Batman
|-resisted|p1a: Batman
|-damage|p1a: Batman|97/100 tox
|
|t:|1760818592
|switch|p2a: mirage 2000|Latias, F|100/100|[from] U-turn
|move|p1a: Batman|Spikes|p2a: mirage 2000
|-sidestart|p2: mista222|Spikes
|
|-heal|p1a: Batman|100/100 tox|[from] ability: Poison Heal
|upkeep
|turn|4
|
|t:|1760818603
|move|p2a: mirage 2000|Calm Mind|p2a: mirage 2000
|-boost|p2a: mirage 2000|spa|1
|-boost|p2a: mirage 2000|spd|1
|move|p1a: Batman|Toxic|p2a: mirage 2000
|-status|p2a: mirage 2000|tox
|
|-damage|p2a: mirage 2000|94/100 tox|[from] psn
|upkeep
|turn|5
|
|t:|1760818618
|move|p1a: Batman|Protect|p1a: Batman
|-singleturn|p1a: Batman|Protect
|move|p2a: mirage 2000|Stored Power|p1a: Batman
|-activate|p1a: Batman|move: Protect
|
|-damage|p2a: mirage 2000|82/100 tox|[from] psn
|upkeep
|turn|6
|
|t:|1760818654
|switch|p1a: Pappouth|Great Tusk|100/100
|move|p2a: mirage 2000|Stored Power|p1a: Pappouth
|-supereffective|p1a: Pappouth
|-damage|p1a: Pappouth|17/100
|
|-heal|p1a: Pappouth|23/100|[from] item: Leftovers
|-damage|p2a: mirage 2000|64/100 tox|[from] psn
|upkeep
|turn|7
|
|t:|1760818665
|move|p2a: mirage 2000|Draining Kiss|p1a: Pappouth
|-supereffective|p1a: Pappouth
|-damage|p1a: Pappouth|0 fnt
|-heal|p2a: mirage 2000|85/100 tox|[from] drain|[of] p1a: Pappouth
|faint|p1a: Pappouth
|-end|p1a: Pappouth|Protosynthesis|[silent]
|
|-damage|p2a: mirage 2000|60/100 tox|[from] psn
|upkeep
|
|t:|1760818677
|switch|p1a: Rengoku|Ceruledge, M|100/100
|turn|8
|
|t:|1760818687
|switch|p2a: crocomuniste|Krookodile, M|100/100
|-damage|p2a: crocomuniste|76/100|[from] Spikes
|-ability|p2a: crocomuniste|Intimidate|boost
|-unboost|p1a: Rengoku|atk|1
|move|p1a: Rengoku|Bitter Blade|p2a: crocomuniste
|-damage|p2a: crocomuniste|20/100
|-damage|p1a: Rengoku|91/100|[from] item: Life Orb
|
|upkeep
|turn|9
|
|t:|1760818701
|move|p2a: crocomuniste|Knock Off|p1a: Rengoku
|-supereffective|p1a: Rengoku
|-damage|p1a: Rengoku|0 fnt
|-enditem|p1a: Rengoku|Life Orb|[from] move: Knock Off|[of] p2a: crocomuniste
|faint|p1a: Rengoku
|
|upkeep
|
|t:|1760818709
|switch|p1a: Batman|Gliscor, M|100/100 tox
|turn|10
|
|t:|1760818714
|move|p2a: crocomuniste|Knock Off|p1a: Batman
|-damage|p1a: Batman|60/100 tox
|-enditem|p1a: Batman|Toxic Orb|[from] move: Knock Off|[of] p2a: crocomuniste
|move|p1a: Batman|Earthquake|p2a: crocomuniste
|-damage|p2a: crocomuniste|0 fnt
|faint|p2a: crocomuniste
|
|-heal|p1a: Batman|73/100 tox|[from] ability: Poison Heal
|upkeep
|
|t:|1760818731
|switch|p2a: Talonflame|Talonflame, M|100/100
|turn|11
|
|t:|1760818738
|move|p2a: Talonflame|Brave Bird|p1a: Batman
|-damage|p1a: Batman|52/100 tox
|-damage|p2a: Talonflame|94/100|[from] Recoil
|move|p1a: Batman|Toxic|p2a: Talonflame
|-status|p2a: Talonflame|tox
|
|-damage|p2a: Talonflame|88/100 tox|[from] psn
|-heal|p1a: Batman|65/100 tox|[from] ability: Poison Heal
|upkeep
|turn|12
|
|t:|1760818753
|switch|p1a: Dragon toupipou|Goodra, F|100/100
|move|p2a: Talonflame|U-turn|p1a: Dragon toupipou
|-damage|p1a: Dragon toupipou|80/100
|
|t:|1760818766
|switch|p2a: insekt|Scizor, F|100/100|[from] U-turn
|-damage|p2a: insekt|75/100|[from] Spikes
|
|upkeep
|turn|13
|
|t:|1760818773
|move|p1a: Dragon toupipou|Flamethrower|p2a: insekt
|-supereffective|p2a: insekt
|-damage|p2a: insekt|0 fnt
|faint|p2a: insekt
|
|upkeep
|
|t:|1760818784
|switch|p2a: Skeledirge|Skeledirge, F|100/100
|-damage|p2a: Skeledirge|75/100|[from] Spikes
|turn|14
|
|t:|1760818792
|move|p1a: Dragon toupipou|Knock Off|p2a: Skeledirge
|-supereffective|p2a: Skeledirge
|-damage|p2a: Skeledirge|52/100
|move|p2a: Skeledirge|Alluring Voice|p1a: Dragon toupipou
|-supereffective|p1a: Dragon toupipou
|-damage|p1a: Dragon toupipou|52/100
|
|upkeep
|turn|15
|
|t:|1760818804
|move|p1a: Dragon toupipou|Draco Meteor|p2a: Skeledirge|[miss]
|-miss|p1a: Dragon toupipou|p2a: Skeledirge
|move|p2a: Skeledirge|Torch Song|p1a: Dragon toupipou
|-resisted|p1a: Dragon toupipou
|-damage|p1a: Dragon toupipou|41/100
|-boost|p2a: Skeledirge|spa|1
|
|upkeep
|turn|16
|
|t:|1760818812
|move|p1a: Dragon toupipou|Draco Meteor|p2a: Skeledirge
|-damage|p2a: Skeledirge|0 fnt
|-unboost|p1a: Dragon toupipou|spa|2
|faint|p2a: Skeledirge
|
|upkeep
|
|t:|1760818822
|switch|p2a: mirage 2000|Latias, F|60/100 tox
|turn|17
|
|t:|1760818836
|move|p2a: mirage 2000|Draining Kiss|p1a: Dragon toupipou
|-supereffective|p1a: Dragon toupipou
|-damage|p1a: Dragon toupipou|22/100
|-heal|p2a: mirage 2000|73/100 tox|[from] drain|[of] p1a: Dragon toupipou
|move|p1a: Dragon toupipou|Draco Meteor|p2a: mirage 2000
|-supereffective|p2a: mirage 2000
|-damage|p2a: mirage 2000|29/100 tox
|-unboost|p1a: Dragon toupipou|spa|2
|-enditem|p2a: mirage 2000|Weakness Policy
|-boost|p2a: mirage 2000|atk|2|[from] item: Weakness Policy
|-boost|p2a: mirage 2000|spa|2|[from] item: Weakness Policy
|
|-damage|p2a: mirage 2000|23/100 tox|[from] psn
|upkeep
|turn|18
|
|t:|1760818858
|move|p2a: mirage 2000|Draining Kiss|p1a: Dragon toupipou
|-supereffective|p1a: Dragon toupipou
|-damage|p1a: Dragon toupipou|0 fnt
|-heal|p2a: mirage 2000|38/100 tox|[from] drain|[of] p1a: Dragon toupipou
|faint|p1a: Dragon toupipou
|
|-damage|p2a: mirage 2000|26/100 tox|[from] psn
|upkeep
|
|t:|1760818866
|switch|p1a: Croa|Corviknight, F|100/100
|-ability|p1a: Croa|Pressure
|turn|19
|
|t:|1760818874
|move|p2a: mirage 2000|Stored Power|p1a: Croa
|-resisted|p1a: Croa
|-damage|p1a: Croa|64/100
|move|p1a: Croa|U-turn|p2a: mirage 2000
|-supereffective|p2a: mirage 2000
|-damage|p2a: mirage 2000|0 fnt
|faint|p2a: mirage 2000
|
|t:|1760818881
|switch|p1a: Batman|Gliscor, M|65/100 tox|[from] U-turn
|
|-heal|p1a: Batman|77/100 tox|[from] ability: Poison Heal
|upkeep
|
|t:|1760818889
|switch|p2a: poulet braisé|Blaziken, F|100/100
|-damage|p2a: poulet braisé|75/100|[from] Spikes
|turn|20
|
|t:|1760818898
|-terastallize|p2a: poulet braisé|Fire
|move|p1a: Batman|Earthquake|p2a: poulet braisé
|-supereffective|p2a: poulet braisé
|-damage|p2a: poulet braisé|0 fnt
|faint|p2a: poulet braisé
|
|-heal|p1a: Batman|90/100 tox|[from] ability: Poison Heal
|upkeep
|
|t:|1760818905
|switch|p2a: Talonflame|Talonflame, M|88/100 tox
|turn|21
|
|t:|1760818919
|switch|p1a: Le Dragon|Noivern, F|100/100
|move|p2a: Talonflame|Brave Bird|p1a: Le Dragon
|-damage|p1a: Le Dragon|59/100
|-damage|p2a: Talonflame|76/100 tox|[from] Recoil
|
|-damage|p2a: Talonflame|70/100 tox|[from] psn
|upkeep
|turn|22
|
|t:|1760818935
|move|p2a: Talonflame|Brave Bird|p1a: Le Dragon
|-damage|p1a: Le Dragon|10/100
|-damage|p2a: Talonflame|56/100 tox|[from] Recoil
|move|p1a: Le Dragon|Draco Meteor|p2a: Talonflame
|-damage|p2a: Talonflame|0 fnt
|-unboost|p1a: Le Dragon|spa|2
|faint|p2a: Talonflame
|
|win|Altoz_3429
|l|☆Altoz_3429
|player|p1|
