|j|☆PachuMerin
|j|☆aolvalt
|t:|1760840586
|gametype|singles
|player|p1|PachuMerin|twins|1162
|player|p2|aolvalt|red|1131
|gen|9
|tier|[Gen 9] OU
|rated|
|rule|HP Percentage Mod: HP is shown in percentages
|rule|Endless Battle Clause: Forcing endless battles is banned
|rule|Species Clause: Limit one of each Pokémon
|rule|OHKO Clause: OHKO moves are banned
|rule|Evasion Items Clause: Evasion items are banned
|rule|Evasion Moves Clause: Evasion moves are banned
|rule|Evasion Abilities Clause: Evasion abilities are banned
|rule|Sleep Moves Clause: Sleep-inducing moves are banned
|clearpoke
|poke|p1|Eelektross, M|
|poke|p1|Glimmora, F|
|poke|p1|Froslass, F|
|poke|p1|Haxorus, M|
|poke|p1|Skeledirge, F|
|poke|p1|Alomomola, M|
|poke|p2|Pikachu-Alola, M|
|poke|p2|Cinderace, F|
|poke|p2|Inteleon, M|
|poke|p2|Lycanroc-Dusk, F|
|poke|p2|Dragonite, M|
|poke|p2|Gliscor, F|
|teampreview
|
|t:|1760840596
|teamsize|p1|6
|teamsize|p2|6
|start
|switch|p1a: Glimmora|Glimmora, F|100/100
|switch|p2a: Inteleon|Inteleon, M|100/100
|turn|1
|
|t:|1760840601
|move|p2a: Inteleon|Snipe Shot|p1a: Glimmora
|-supereffective|p1a: Glimmora
|-enditem|p1a: Glimmora|Focus Sash
|-damage|p1a: Glimmora|1/100
|move|p1a: Glimmora|Sludge Wave|p2a: Inteleon
|-damage|p2a: Inteleon|17/100
|
|upkeep
|turn|2
|
|t:|1760840613
|switch|p1a: Alomomola|Alomomola, M|100/100
|move|p2a: Inteleon|Dark Pulse|p1a: Alomomola
|-crit|p1a: Alomomola
|-damage|p1a: Alomomola|25/100
|
|upkeep
|turn|3
|
|t:|1760840618
|move|p2a: Inteleon|Dark Pulse|p1a: Alomomola
|-damage|p1a: Alomomola|0 fnt
|faint|p1a: Alomomola
|
|upkeep
|
|t:|1760840622
|switch|p1a: Froslass|Froslass, F|100/100
|turn|4
|
|t:|1760840629
|move|p1a: Froslass|Ice Shard|p2a: Inteleon
|-resisted|p2a: Inteleon
|-damage|p2a: Inteleon|3/100
|move|p2a: Inteleon|Dark Pulse|p1a: Froslass
|-supereffective|p1a: Froslass
|-crit|p1a: Froslass
|-damage|p1a: Froslass|0 fnt
|-start|p2a: Inteleon|Disable|Dark Pulse|[from] ability: Cursed Body|[of] p1a: Froslass
|faint|p1a: Froslass
|
|upkeep
|
|t:|1760840635
|switch|p1a: Haxorus|Haxorus, M|100/100
|-ability|p1a: Haxorus|Mold Breaker
|turn|5
|
|t:|1760840640
|move|p2a: Inteleon|Ice Beam|p1a: Haxorus
|-supereffective|p1a: Haxorus
|-crit|p1a: Haxorus
|-damage|p1a: Haxorus|0 fnt
|faint|p1a: Haxorus
|
|upkeep
|
|t:|1760840645
|switch|p1a: Eelektross|Eelektross, M|100/100
|turn|6
|
|t:|1760840648
|switch|p2a: Pikachu|Pikachu-Alola, M|100/100
|move|p1a: Eelektross|Drain Punch|p2a: Pikachu
|-damage|p2a: Pikachu|28/100
|
|upkeep
|turn|7
|
|t:|1760840656
|move|p2a: Pikachu|Surf|p1a: Eelektross
|-damage|p1a: Eelektross|63/100
|move|p1a: Eelektross|Drain Punch|p2a: Pikachu
|-damage|p2a: Pikachu|0 fnt
|-heal|p1a: Eelektross|71/100|[from] drain|[of] p2a: Pikachu
|faint|p2a: Pikachu
|
|-heal|p1a: Eelektross|77/100|[from] item: Leftovers
|upkeep
|
|t:|1760840667
|switch|p2a: Lycanroc|Lycanroc-Dusk, F|100/100
|turn|8
|
|t:|1760840671
|move|p1a: Eelektross|Coil|p1a: Eelektross
|-boost|p1a: Eelektross|atk|1
|-boost|p1a: Eelektross|def|1
|-boost|p1a: Eelektross|accuracy|1
|move|p2a: Lycanroc|Counter||[still]
|-fail|p2a: Lycanroc
|
|-heal|p1a: Eelektross|83/100|[from] item: Leftovers
|upkeep
|turn|9
|
|t:|1760840678
|move|p1a: Eelektross|Coil|p1a: Eelektross
|-boost|p1a: Eelektross|atk|1
|-boost|p1a: Eelektross|def|1
|-boost|p1a: Eelektross|accuracy|1
|move|p2a: Lycanroc|Counter||[still]
|-fail|p2a: Lycanroc
|
|-heal|p1a: Eelektross|90/100|[from] item: Leftovers
|upkeep
|turn|10
|
|t:|1760840682
|move|p1a: Eelektross|Coil|p1a: Eelektross
|-boost|p1a: Eelektross|atk|1
|-boost|p1a: Eelektross|def|1
|-boost|p1a: Eelektross|accuracy|1
|move|p2a: Lycanroc|Counter||[still]
|-fail|p2a: Lycanroc
|
|-heal|p1a: Eelektross|96/100|[from] item: Leftovers
|upkeep
|turn|11
|
|t:|1760840684
|move|p1a: Eelektross|Zap Cannon|p2a: Lycanroc
|-damage|p2a: Lycanroc|29/100
|-status|p2a: Lycanroc|par
|move|p2a: Lycanroc|Counter||[still]
|-fail|p2a: Lycanroc
|
|-heal|p1a: Eelektross|100/100|[from] item: Leftovers
|upkeep
|turn|12
|
|t:|1760840691
|move|p2a: Lycanroc|Accelerock|p1a: Eelektross
|-damage|p1a: Eelektross|89/100
|move|p1a: Eelektross|Drain Punch|p2a: Lycanroc
|-supereffective|p2a: Lycanroc
|-damage|p2a: Lycanroc|0 fnt
|-heal|p1a: Eelektross|100/100|[from] drain|[of] p2a: Lycanroc
|faint|p2a: Lycanroc
|
|upkeep
|
|t:|1760840701
|switch|p2a: Gliscor|Gliscor, F|100/100
|turn|13
|
|t:|1760840703
|move|p2a: Gliscor|Swords Dance|p2a: Gliscor
|-boost|p2a: Gliscor|atk|2
|move|p1a: Eelektross|Liquidation|p2a: Gliscor
|-supereffective|p2a: Gliscor
|-damage|p2a: Gliscor|0 fnt
|faint|p2a: Gliscor
|
|upkeep
|
|t:|1760840715
|switch|p2a: Dragonite|Dragonite, M|100/100
|turn|14
|
|t:|1760840718
|move|p2a: Dragonite|Dragon Dance|p2a: Dragonite
|-boost|p2a: Dragonite|atk|1
|-boost|p2a: Dragonite|spe|1
|move|p1a: Eelektross|Zap Cannon|p2a: Dragonite
|-damage|p2a: Dragonite|80/100
|-status|p2a: Dragonite|par
|
|-heal|p2a: Dragonite|86/100 par|[from] item: Leftovers
|upkeep
|turn|15
|
|t:|1760840722
|move|p2a: Dragonite|Dragon Dance|p2a: Dragonite
|-boost|p2a: Dragonite|atk|1
|-boost|p2a: Dragonite|spe|1
|move|p1a: Eelektross|Drain Punch|p2a: Dragonite
|-resisted|p2a: Dragonite
|-damage|p2a: Dragonite|53/100 par
|
|-heal|p2a: Dragonite|60/100 par|[from] item: Leftovers
|upkeep
|turn|16
|
|t:|1760840735
|move|p2a: Dragonite|Dragon Dance|p2a: Dragonite
|-boost|p2a: Dragonite|atk|1
|-boost|p2a: Dragonite|spe|1
|move|p1a: Eelektross|Zap Cannon|p2a: Dragonite
|-damage|p2a: Dragonite|15/100 par
|
|-heal|p2a: Dragonite|21/100 par|[from] item: Leftovers
|upkeep
|turn|17
|
|t:|1760840741
|cant|p2a: Dragonite|par
|move|p1a: Eelektross|Zap Cannon|p2a: Dragonite
|-damage|p2a: Dragonite|0 fnt
|faint|p2a: Dragonite
|
|upkeep
|
|t:|1760840746
|switch|p2a: Inteleon|Inteleon, M|3/100
|turn|18
|
|t:|1760840749
|move|p2a: Inteleon|Snipe Shot|p1a: Eelektross
|-crit|p1a: Eelektross
|-damage|p1a: Eelektross|11/100
|move|p1a: Eelektross|Drain Punch|p2a: Inteleon
|-damage|p2a: Inteleon|0 fnt
|-heal|p1a: Eelektross|13/100|[from] drain|[of] p2a: Inteleon
|faint|p2a: Inteleon
|
|-heal|p1a: Eelektross|19/100|[from] item: Leftovers
|upkeep
|
|t:|1760840753
|switch|p2a: Cinderace|Cinderace, F|100/100
|turn|19
|
|t:|1760840762
|move|p2a: Cinderace|Pyro Ball|p1a: Eelektross
|-damage|p1a: Eelektross|0 fnt
|faint|p1a: Eelektross
|-damage|p2a: Cinderace|91/100|[from] item: Life Orb
|
|upkeep
|
|t:|1760840764
|switch|p1a: Glimmora|Glimmora, F|1/100
|turn|20
|
|t:|1760840770
|move|p2a: Cinderace|Pyro Ball|p1a: Glimmora
|-resisted|p1a: Glimmora
|-damage|p1a: Glimmora|0 fnt
|-activate|p1a: Glimmora|ability: Toxic Debris
|-sidestart|p2: aolvalt|move: Toxic Spikes
|faint|p1a: Glimmora
|-damage|p2a: Cinderace|81/100|[from] item: Life Orb
|
|upkeep
|
|t:|1760840773
|switch|p1a: Skeledirge|Skeledirge, F|100/100
|turn|21
|
|t:|1760840781
|-terastallize|p2a: Cinderace|Stellar
|-terastallize|p1a: Skeledirge|Fairy
|move|p2a: Cinderace|Gunk Shot|p1a: Skeledirge|[miss]
|-miss|p2a: Cinderace|p1a: Skeledirge
|move|p1a: Skeledirge|Torch Song|p2a: Cinderace
|-resisted|p2a: Cinderace
|-damage|p2a: Cinderace|61/100
|-boost|p1a: Skeledirge|spa|1
|
|upkeep
|turn|22
|
|t:|1760840793
|move|p2a: Cinderace|Gunk Shot|p1a: Skeledirge
|-supereffective|p1a: Skeledirge
|-damage|p1a: Skeledirge|0 fnt
|faint|p1a: Skeledirge
|-damage|p2a: Cinderace|51/100|[from] item: Life Orb
|
|win|aolvalt
|raw|PachuMerin's rating: 1162 &rarr; <strong>1135</strong><br />(-27 for losing)
|raw|aolvalt's rating: 1131 &rarr; <strong>1158</strong><br />(+27 for winning)
|c|☆PachuMerin|lol g
|l|☆PachuMerin
|player|p1|
|l|☆aolvalt
|player|p2|
