|j|☆motorskk
|j|☆River Rocket
|t:|1760769829
|gametype|singles
|player|p1|motorskk|265|1541
|player|p2|River Rocket|janitor|1604
|gen|9
|tier|[Gen 9] OU
|rated|
|rule|HP Percentage Mod: HP is shown in percentages
|rule|Endless Battle Clause: Forcing endless battles is banned
|rule|Species Clause: Limit one of each Pokémon
|rule|OHKO Clause: OHKO moves are banned
|rule|Evasion Items Clause: Evasion items are banned
|rule|Evasion Moves Clause: Evasion moves are banned
|rule|Evasion Abilities Clause: Evasion abilities are banned
|rule|Sleep Moves Clause: Sleep-inducing moves are banned
|clearpoke
|poke|p1|Landorus-Therian, M|
|poke|p1|Enamorus, F|
|poke|p1|Cinderace, M|
|poke|p1|Raging Bolt|
|poke|p1|Dondozo, F|
|poke|p1|Zamazenta-*|
|poke|p2|Dragapult, M|
|poke|p2|Glimmora, M|
|poke|p2|Comfey, M|
|poke|p2|Kingambit, M|
|poke|p2|Ogerpon-Wellspring, F|
|poke|p2|Blaziken, M|
|teampreview
|
|t:|1760769842
|teamsize|p1|6
|teamsize|p2|6
|start
|switch|p1a: Dondozo|Dondozo, F|100/100
|switch|p2a: Dragapult|Dragapult, M, shiny|100/100
|turn|1
|
|t:|1760769867
|switch|p2a: Ogerpon|Ogerpon-Wellspring, F|100/100
|switch|p1a: Landorus|Landorus-Therian, M|100/100
|-ability|p1a: Landorus|Intimidate|boost
|-unboost|p2a: Ogerpon|atk|1
|
|upkeep
|turn|2
|l|☆River Rocket
|player|p2|
|inactive|Battle timer is ON: inactive players will automatically lose when time's up. (requested by motorskk)
|j|☆River Rocket
|inactive|River Rocket reconnected and has 135 seconds left.
|player|p2|River Rocket|janitor|
|
|t:|1760769944
|switch|p2a: Kingambit|Kingambit, M, shiny|100/100
|switch|p1a: Zamazenta|Zamazenta|100/100
|-ability|p1a: Zamazenta|Dauntless Shield|boost
|-boost|p1a: Zamazenta|def|1
|
|upkeep
|turn|3
|
|t:|1760769969
|-end|p2a: Kingambit|fallenundefined|[silent]
|switch|p2a: Glimmora|Glimmora, M, shiny|100/100
|move|p1a: Zamazenta|Body Press|p2a: Glimmora
|-damage|p2a: Glimmora|67/100
|-activate|p2a: Glimmora|ability: Toxic Debris
|-sidestart|p1: motorskk|move: Toxic Spikes
|-enditem|p2a: Glimmora|Red Card|[of] p1a: Zamazenta
|drag|p1a: Cinderace|Cinderace, M|100/100
|
|upkeep
|turn|4
|inactive|motorskk has 120 seconds left.
|
|t:|1760770008
|move|p1a: Cinderace|U-turn|p2a: Glimmora
|-start|p1a: Cinderace|typechange|Bug|[from] ability: Libero
|-resisted|p2a: Glimmora
|-damage|p2a: Glimmora|56/100
|-activate|p2a: Glimmora|ability: Toxic Debris
|-sidestart|p1: motorskk|move: Toxic Spikes
|
|t:|1760770010
|switch|p1a: Enamorus|Enamorus, F|100/100|[from] U-turn
|move|p2a: Glimmora|Power Gem|p1a: Enamorus
|-supereffective|p1a: Enamorus
|-damage|p1a: Enamorus|3/100
|
|-heal|p1a: Enamorus|9/100|[from] item: Leftovers
|upkeep
|turn|5
|
|t:|1760770016
|switch|p2a: Ogerpon|Ogerpon-Wellspring, F|100/100
|move|p1a: Enamorus|Earth Power|p2a: Ogerpon
|-resisted|p2a: Ogerpon
|-damage|p2a: Ogerpon|82/100
|
|-heal|p1a: Enamorus|15/100|[from] item: Leftovers
|upkeep
|turn|6
|inactive|motorskk has 120 seconds left.
|
|t:|1760770039
|move|p2a: Ogerpon|Ivy Cudgel|p1a: Enamorus|[anim] Ivy Cudgel Water
|-crit|p1a: Enamorus
|-damage|p1a: Enamorus|0 fnt
|faint|p1a: Enamorus
|
|upkeep
|
|t:|1760770040
|switch|p1a: Cinderace|Cinderace, M|100/100
|turn|7
|
|t:|1760770057
|switch|p2a: Kingambit|Kingambit, M, shiny|100/100
|-terastallize|p1a: Cinderace|Fire
|move|p1a: Cinderace|Pyro Ball|p2a: Kingambit
|-supereffective|p2a: Kingambit
|-damage|p2a: Kingambit|0 fnt
|faint|p2a: Kingambit
|-end|p2a: Kingambit|fallenundefined|[silent]
|
|upkeep
|
|t:|1760770066
|switch|p2a: Glimmora|Glimmora, M, shiny|56/100
|turn|8
|inactive|motorskk has 120 seconds left.
|
|t:|1760770073
|move|p1a: Cinderace|U-turn|p2a: Glimmora
|-resisted|p2a: Glimmora
|-damage|p2a: Glimmora|47/100
|
|t:|1760770074
|switch|p1a: Landorus|Landorus-Therian, M|100/100|[from] U-turn
|-ability|p1a: Landorus|Intimidate|boost
|-unboost|p2a: Glimmora|atk|1
|move|p2a: Glimmora|Power Gem|p1a: Landorus
|-damage|p1a: Landorus|72/100
|
|-heal|p1a: Landorus|78/100|[from] item: Leftovers
|upkeep
|turn|9
|
|t:|1760770087
|move|p2a: Glimmora|Mortal Spin|p1a: Landorus
|-resisted|p1a: Landorus
|-crit|p1a: Landorus
|-damage|p1a: Landorus|74/100
|-status|p1a: Landorus|psn
|move|p1a: Landorus|U-turn|p2a: Glimmora
|-resisted|p2a: Glimmora
|-damage|p2a: Glimmora|40/100
|inactive|motorskk has 120 seconds left.
|
|t:|1760770097
|switch|p1a: Cinderace|Cinderace, M, tera:Fire|100/100|[from] U-turn
|
|upkeep
|turn|10
|
|t:|1760770103
|move|p1a: Cinderace|U-turn|p2a: Glimmora
|-resisted|p2a: Glimmora
|-damage|p2a: Glimmora|32/100
|
|t:|1760770105
|switch|p1a: Landorus|Landorus-Therian, M|74/100 psn|[from] U-turn
|-ability|p1a: Landorus|Intimidate|boost
|-unboost|p2a: Glimmora|atk|1
|move|p2a: Glimmora|Power Gem|p1a: Landorus
|-damage|p1a: Landorus|50/100 psn
|
|-heal|p1a: Landorus|56/100 psn|[from] item: Leftovers
|-damage|p1a: Landorus|44/100 psn|[from] psn
|upkeep
|turn|11
|
|t:|1760770113
|switch|p2a: Ogerpon|Ogerpon-Wellspring, F|82/100
|move|p1a: Landorus|Stealth Rock|p2a: Ogerpon
|-sidestart|p2: River Rocket|move: Stealth Rock
|
|-heal|p1a: Landorus|50/100 psn|[from] item: Leftovers
|-damage|p1a: Landorus|38/100 psn|[from] psn
|upkeep
|turn|12
|
|t:|1760770118
|move|p2a: Ogerpon|Ivy Cudgel|p1a: Landorus|[anim] Ivy Cudgel Water
|-supereffective|p1a: Landorus
|-damage|p1a: Landorus|0 fnt
|faint|p1a: Landorus
|
|upkeep
|
|t:|1760770120
|switch|p1a: Cinderace|Cinderace, M, tera:Fire|100/100
|turn|13
|
|t:|1760770125
|-terastallize|p2a: Ogerpon|Water
|detailschange|p2a: Ogerpon|Ogerpon-Wellspring-Tera, F, tera:Water
|-ability|p2a: Ogerpon|Embody Aspect (Wellspring)|boost
|-boost|p2a: Ogerpon|spd|1
|move|p1a: Cinderace|Pyro Ball|p2a: Ogerpon
|-resisted|p2a: Ogerpon
|-damage|p2a: Ogerpon|31/100
|move|p2a: Ogerpon|Ivy Cudgel|p1a: Cinderace|[anim] Ivy Cudgel Water
|-supereffective|p1a: Cinderace
|-damage|p1a: Cinderace|0 fnt
|faint|p1a: Cinderace
|
|upkeep
|-message|motorskk forfeited.
|
|win|River Rocket
|raw|motorskk's rating: 1541 &rarr; <strong>1525</strong><br />(-16 for losing)
|raw|River Rocket's rating: 1604 &rarr; <strong>1620</strong><br />(+16 for winning)
|l|☆motorskk
|player|p1|
|l|☆River Rocket
|player|p2|
