|badge|p2|silver|gen9doublesou|30-7
|badge|p2|bronze|gen9ru|100-7
|uhtml|medal-msg|<div class="broadcast-blue">Curious what those medals under the avatar are? PS now has Ladder Seasons! For more information, check out the <a href="https://www.smogon.com/forums/threads/3740067/">thread on Smogon.</a></div>
|j|☆rollion papis
|j|☆3idk
|t:|1760875060
|gametype|singles
|player|p1|rollion papis|swimmer-gen4|1621
|player|p2|3idk|cynthia-masters|1612
|gen|9
|tier|[Gen 9] OU
|rated|
|rule|HP Percentage Mod: HP is shown in percentages
|rule|Endless Battle Clause: Forcing endless battles is banned
|rule|Species Clause: Limit one of each Pokémon
|rule|OHKO Clause: OHKO moves are banned
|rule|Evasion Items Clause: Evasion items are banned
|rule|Evasion Moves Clause: Evasion moves are banned
|rule|Evasion Abilities Clause: Evasion abilities are banned
|rule|Sleep Moves Clause: Sleep-inducing moves are banned
|clearpoke
|poke|p1|Rillaboom, M|
|poke|p1|Okidogi, M|
|poke|p1|Zamazenta-*|
|poke|p1|Iron Treads|
|poke|p1|Clefable, F|
|poke|p1|Walking Wake|
|poke|p2|Pelipper, M|
|poke|p2|Tornadus-Therian, M|
|poke|p2|Iron Treads|
|poke|p2|Decidueye-Hisui, M|
|poke|p2|Barraskewda, M|
|poke|p2|Raging Bolt|
|teampreview
|inactive|Battle timer is ON: inactive players will automatically lose when time's up. (requested by 3idk)
|j| Joshu13
|inactive|rollion papis has 120 seconds left.
|
|t:|1760875105
|teamsize|p1|6
|teamsize|p2|6
|start
|switch|p1a: Iron Treads|Iron Treads|100/100
|switch|p2a: Tornadus|Tornadus-Therian, M|100/100
|turn|1
|
|t:|1760875111
|move|p2a: Tornadus|Focus Blast|p1a: Iron Treads
|-supereffective|p1a: Iron Treads
|-damage|p1a: Iron Treads|0 fnt
|faint|p1a: Iron Treads
|-end|p1a: Iron Treads|Quark Drive|[silent]
|
|upkeep
|
|t:|1760875129
|switch|p1a: Clefable|Clefable, F|100/100
|turn|2
|
|t:|1760875133
|switch|p2a: Iron Treads|Iron Treads|100/100
|move|p1a: Clefable|Thunder Wave|p2a: Iron Treads
|-immune|p2a: Iron Treads
|
|upkeep
|turn|3
|
|t:|1760875142
|switch|p1a: Rillaboom|Rillaboom, M|100/100
|-fieldstart|move: Grassy Terrain|[from] ability: Grassy Surge|[of] p1a: Rillaboom
|move|p2a: Iron Treads|Knock Off|p1a: Rillaboom
|-damage|p1a: Rillaboom|76/100
|-enditem|p1a: Rillaboom|Terrain Extender|[from] move: Knock Off|[of] p2a: Iron Treads
|
|-heal|p1a: Rillaboom|82/100|[from] Grassy Terrain
|upkeep
|turn|4
|
|t:|1760875165
|-end|p2a: Iron Treads|Quark Drive|[silent]
|switch|p2a: Tornadus|Tornadus-Therian, M|100/100
|move|p1a: Rillaboom|Wood Hammer|p2a: Tornadus
|-resisted|p2a: Tornadus
|-damage|p2a: Tornadus|45/100
|-damage|p1a: Rillaboom|69/100|[from] Recoil
|
|-heal|p1a: Rillaboom|75/100|[from] Grassy Terrain
|upkeep
|turn|5
|inactive|rollion papis has 120 seconds left.
|
|t:|1760875207
|switch|p1a: Clefable|Clefable, F|100/100
|move|p2a: Tornadus|U-turn|p1a: Clefable
|-resisted|p1a: Clefable
|-damage|p1a: Clefable|94/100
|
|t:|1760875227
|switch|p2a: Pelipper|Pelipper, M|100/100|[from] U-turn
|-weather|RainDance|[from] ability: Drizzle|[of] p2a: Pelipper
|
|-weather|RainDance|[upkeep]
|-heal|p1a: Clefable|100/100|[from] Grassy Terrain
|upkeep
|turn|6
|inactive|rollion papis has 90 seconds left.
|
|t:|1760875255
|switch|p2a: Iron Treads|Iron Treads|100/100
|move|p1a: Clefable|Moonblast|p2a: Iron Treads
|-resisted|p2a: Iron Treads
|-damage|p2a: Iron Treads|88/100
|
|-weather|RainDance|[upkeep]
|-heal|p2a: Iron Treads|94/100|[from] Grassy Terrain
|-heal|p2a: Iron Treads|99/100|[from] item: Leftovers
|upkeep
|turn|7
|inactive|rollion papis has 90 seconds left.
|
|t:|1760875280
|switch|p1a: Rillaboom|Rillaboom, M|75/100
|move|p2a: Iron Treads|Stealth Rock|p1a: Rillaboom
|-sidestart|p1: rollion papis|move: Stealth Rock
|
|-weather|RainDance|[upkeep]
|-heal|p2a: Iron Treads|100/100|[from] Grassy Terrain
|-heal|p1a: Rillaboom|81/100|[from] Grassy Terrain
|upkeep
|turn|8
|
|t:|1760875290
|-end|p2a: Iron Treads|Quark Drive|[silent]
|switch|p2a: Decidueye|Decidueye-Hisui, M|100/100
|move|p1a: Rillaboom|Wood Hammer|p2a: Decidueye
|-resisted|p2a: Decidueye
|-damage|p2a: Decidueye|67/100
|-damage|p1a: Rillaboom|64/100|[from] item: Rocky Helmet|[of] p2a: Decidueye
|-damage|p1a: Rillaboom|54/100|[from] Recoil
|
|-weather|RainDance|[upkeep]
|-heal|p1a: Rillaboom|60/100|[from] Grassy Terrain
|-heal|p2a: Decidueye|73/100|[from] Grassy Terrain
|upkeep
|turn|9
|inactive|rollion papis has 90 seconds left.
|
|t:|1760875302
|switch|p1a: Zamazenta|Zamazenta|100/100
|-damage|p1a: Zamazenta|94/100|[from] Stealth Rock
|-ability|p1a: Zamazenta|Dauntless Shield|boost
|-boost|p1a: Zamazenta|def|1
|move|p2a: Decidueye|U-turn|p1a: Zamazenta
|-resisted|p1a: Zamazenta
|-crit|p1a: Zamazenta
|-damage|p1a: Zamazenta|84/100
|inactive|3idk has 120 seconds left.
|
|t:|1760875350
|switch|p2a: Barraskewda|Barraskewda, M|100/100|[from] U-turn
|
|-weather|RainDance|[upkeep]
|-heal|p1a: Zamazenta|91/100|[from] Grassy Terrain
|-heal|p1a: Zamazenta|97/100|[from] item: Leftovers
|upkeep
|turn|10
|inactive|rollion papis has 90 seconds left.
|
|t:|1760875361
|move|p2a: Barraskewda|Flip Turn|p1a: Zamazenta
|-damage|p1a: Zamazenta|62/100
|-damage|p2a: Barraskewda|91/100|[from] item: Life Orb
|
|t:|1760875377
|switch|p2a: Decidueye|Decidueye-Hisui, M|73/100|[from] Flip Turn
|move|p1a: Zamazenta|Body Press|p2a: Decidueye
|-damage|p2a: Decidueye|30/100
|-damage|p1a: Zamazenta|45/100|[from] item: Rocky Helmet|[of] p2a: Decidueye
|
|-weather|RainDance|[upkeep]
|-heal|p1a: Zamazenta|51/100|[from] Grassy Terrain
|-heal|p1a: Zamazenta|57/100|[from] item: Leftovers
|-heal|p2a: Decidueye|36/100|[from] Grassy Terrain
|-fieldend|move: Grassy Terrain
|upkeep
|turn|11
|inactive|rollion papis has 90 seconds left.
|
|t:|1760875404
|move|p1a: Zamazenta|Stone Edge|p2a: Decidueye
|-resisted|p2a: Decidueye
|-damage|p2a: Decidueye|26/100
|move|p2a: Decidueye|U-turn|p1a: Zamazenta
|-resisted|p1a: Zamazenta
|-damage|p1a: Zamazenta|53/100
|
|t:|1760875415
|switch|p2a: Barraskewda|Barraskewda, M|91/100|[from] U-turn
|
|-weather|RainDance|[upkeep]
|-heal|p1a: Zamazenta|59/100|[from] item: Leftovers
|upkeep
|turn|12
|inactive|rollion papis has 90 seconds left.
|
|t:|1760875425
|move|p2a: Barraskewda|Flip Turn|p1a: Zamazenta
|-damage|p1a: Zamazenta|24/100
|-damage|p2a: Barraskewda|81/100|[from] item: Life Orb
|
|t:|1760875433
|switch|p2a: Decidueye|Decidueye-Hisui, M|26/100|[from] Flip Turn
|move|p1a: Zamazenta|Body Press|p2a: Decidueye
|-damage|p2a: Decidueye|0 fnt
|-damage|p1a: Zamazenta|7/100|[from] item: Rocky Helmet|[of] p2a: Decidueye
|faint|p2a: Decidueye
|
|-weather|none
|-heal|p1a: Zamazenta|13/100|[from] item: Leftovers
|upkeep
|
|t:|1760875438
|switch|p2a: Pelipper|Pelipper, M|100/100
|-weather|RainDance|[from] ability: Drizzle|[of] p2a: Pelipper
|turn|13
|
|t:|1760875443
|move|p1a: Zamazenta|Stone Edge|p2a: Pelipper
|-supereffective|p2a: Pelipper
|-damage|p2a: Pelipper|58/100
|move|p2a: Pelipper|Hurricane|p1a: Zamazenta
|-supereffective|p1a: Zamazenta
|-damage|p1a: Zamazenta|0 fnt
|faint|p1a: Zamazenta
|
|-weather|RainDance|[upkeep]
|upkeep
|
|t:|1760875453
|switch|p1a: Walking Wake|Walking Wake|100/100
|-damage|p1a: Walking Wake|88/100|[from] Stealth Rock
|turn|14
|inactive|rollion papis has 90 seconds left.
|
|t:|1760875497
|switch|p2a: Iron Treads|Iron Treads|100/100
|-terastallize|p1a: Walking Wake|Water
|move|p1a: Walking Wake|Surf|p2a: Iron Treads
|-supereffective|p2a: Iron Treads
|-damage|p2a: Iron Treads|0 fnt
|faint|p2a: Iron Treads
|-end|p2a: Iron Treads|Quark Drive|[silent]
|
|-weather|RainDance|[upkeep]
|upkeep
|inactive|3idk has 120 seconds left.
|
|t:|1760875510
|switch|p2a: Tornadus|Tornadus-Therian, M|78/100
|turn|15
|
|t:|1760875516
|-terastallize|p2a: Tornadus|Flying
|move|p2a: Tornadus|Hurricane|p1a: Walking Wake
|-damage|p1a: Walking Wake|0 fnt
|faint|p1a: Walking Wake
|-end|p1a: Walking Wake|Protosynthesis|[silent]
|
|-weather|RainDance|[upkeep]
|upkeep
|
|t:|1760875542
|switch|p1a: Clefable|Clefable, F|100/100
|turn|16
|
|t:|1760875548
|switch|p2a: Raging Bolt|Raging Bolt|100/100
|-enditem|p2a: Raging Bolt|Booster Energy
|-activate|p2a: Raging Bolt|ability: Protosynthesis|[fromitem]
|-start|p2a: Raging Bolt|protosynthesisspa
|move|p1a: Clefable|Moonblast|p2a: Raging Bolt
|-supereffective|p2a: Raging Bolt
|-damage|p2a: Raging Bolt|43/100
|
|-weather|RainDance|[upkeep]
|upkeep
|turn|17
|c|☆3idk|should have twaved there
|inactive|rollion papis has 60 seconds left.
|c|☆rollion papis|dont teach me how to play 3d
|
|t:|1760875593
|switch|p1a: Okidogi|Okidogi, M|100/100
|-damage|p1a: Okidogi|94/100|[from] Stealth Rock
|move|p2a: Raging Bolt|Thunder|p1a: Okidogi
|-damage|p1a: Okidogi|25/100
|
|-weather|RainDance|[upkeep]
|-heal|p1a: Okidogi|31/100|[from] item: Leftovers
|upkeep
|turn|18
|c|☆3idk|ok mate
|c|☆rollion papis|I lost turn 1 anyway
|c|☆rollion papis|didnt expect specs
|inactive|rollion papis has 30 seconds left.
|c|☆3idk|ya specs is niche
|
|t:|1760875618
|move|p2a: Raging Bolt|Thunderclap|p1a: Okidogi
|-damage|p1a: Okidogi|0 fnt
|faint|p1a: Okidogi
|
|-weather|RainDance|[upkeep]
|upkeep
|inactive|rollion papis has 30 seconds left.
|
|t:|1760875623
|switch|p1a: Rillaboom|Rillaboom, M|60/100
|-damage|p1a: Rillaboom|47/100|[from] Stealth Rock
|-fieldstart|move: Grassy Terrain|[from] ability: Grassy Surge|[of] p1a: Rillaboom
|turn|19
|c|☆rollion papis|wp bro
|c|☆rollion papis|2gs
|c|☆3idk|ggs
|
|t:|1760875635
|move|p1a: Rillaboom|Grassy Glide|p2a: Raging Bolt
|-resisted|p2a: Raging Bolt
|-damage|p2a: Raging Bolt|26/100
|move|p2a: Raging Bolt|Dragon Pulse|p1a: Rillaboom
|-damage|p1a: Rillaboom|0 fnt
|faint|p1a: Rillaboom
|
|-weather|RainDance|[upkeep]
|-heal|p2a: Raging Bolt|32/100|[from] Grassy Terrain
|upkeep
|
|t:|1760875641
|switch|p1a: Clefable|Clefable, F|100/100
|turn|20
|
|t:|1760875655
|move|p2a: Raging Bolt|Thunder|p1a: Clefable
|-damage|p1a: Clefable|23/100
|move|p1a: Clefable|Moonblast|p2a: Raging Bolt
|-supereffective|p2a: Raging Bolt
|-damage|p2a: Raging Bolt|0 fnt
|faint|p2a: Raging Bolt
|-end|p2a: Raging Bolt|Protosynthesis|[silent]
|
|-weather|none
|-heal|p1a: Clefable|29/100|[from] Grassy Terrain
|-heal|p1a: Clefable|36/100|[from] item: Leftovers
|upkeep
|
|t:|1760875662
|switch|p2a: Barraskewda|Barraskewda, M|81/100
|turn|21
|inactive|rollion papis has 60 seconds left.
|
|t:|1760875669
|move|p2a: Barraskewda|Liquidation|p1a: Clefable
|-damage|p1a: Clefable|0 fnt
|faint|p1a: Clefable
|-damage|p2a: Barraskewda|71/100|[from] item: Life Orb
|
|win|3idk
|raw|rollion papis's rating: 1621 &rarr; <strong>1602</strong><br />(-19 for losing)
|raw|3idk's rating: 1634 &rarr; <strong>1653</strong><br />(+19 for winning)
|c|☆rollion papis|pleasure
|c|☆rollion papis|have a good day bro
|l|☆rollion papis
|player|p1|
