|j|☆Crystalbrightness
|j|☆AsierX
|t:|1760870530
|gametype|singles
|player|p1|Crystalbrightness|waitress-gen4|1474
|player|p2|AsierX|skierf|1531
|gen|9
|tier|[Gen 9] OU
|rated|
|rule|HP Percentage Mod: HP is shown in percentages
|rule|Endless Battle Clause: Forcing endless battles is banned
|rule|Species Clause: Limit one of each Pokémon
|rule|OHKO Clause: OHKO moves are banned
|rule|Evasion Items Clause: Evasion items are banned
|rule|Evasion Moves Clause: Evasion moves are banned
|rule|Evasion Abilities Clause: Evasion abilities are banned
|rule|Sleep Moves Clause: Sleep-inducing moves are banned
|clearpoke
|poke|p1|Landorus-Therian, M|
|poke|p1|Cinderace, F|
|poke|p1|Lokix, F|
|poke|p1|Alomomola, F|
|poke|p1|Keldeo-Resolute|
|poke|p1|Ogerpon, F|
|poke|p2|Skarmory, F|
|poke|p2|Dragonite, F|
|poke|p2|Excadrill, M|
|poke|p2|Clefable, F|
|poke|p2|Greninja-*, M|
|poke|p2|Chesnaught, M|
|teampreview
|inactive|Battle timer is ON: inactive players will automatically lose when time's up. (requested by Crystalbrightness)
|
|t:|1760870537
|teamsize|p1|6
|teamsize|p2|6
|start
|switch|p1a: Keldeo|Keldeo-Resolute|100/100
|switch|p2a: Greninja|Greninja, M|100/100
|turn|1
|
|t:|1760870546
|switch|p2a: Chesnaught|Chesnaught, M|100/100
|-terastallize|p1a: Keldeo|Water
|move|p1a: Keldeo|Surf|p2a: Chesnaught
|-resisted|p2a: Chesnaught
|-damage|p2a: Chesnaught|65/100
|
|-heal|p2a: Chesnaught|71/100|[from] item: Leftovers
|upkeep
|turn|2
|
|t:|1760870551
|switch|p1a: Cinderace|Cinderace, F|100/100
|move|p2a: Chesnaught|Leech Seed|p1a: Cinderace
|-start|p1a: Cinderace|move: Leech Seed
|
|-heal|p2a: Chesnaught|77/100|[from] item: Leftovers
|-damage|p1a: Cinderace|88/100|[from] Leech Seed|[of] p2a: Chesnaught
|-heal|p2a: Chesnaught|87/100|[silent]
|upkeep
|turn|3
|
|t:|1760870556
|move|p1a: Cinderace|Will-O-Wisp|p2a: Chesnaught
|-status|p2a: Chesnaught|brn
|move|p2a: Chesnaught|Knock Off|p1a: Cinderace
|-damage|p1a: Cinderace|73/100
|-enditem|p1a: Cinderace|Heavy-Duty Boots|[from] move: Knock Off|[of] p2a: Chesnaught
|
|-heal|p2a: Chesnaught|93/100 brn|[from] item: Leftovers
|-damage|p1a: Cinderace|60/100|[from] Leech Seed|[of] p2a: Chesnaught
|-heal|p2a: Chesnaught|100/100 brn|[silent]
|-damage|p2a: Chesnaught|94/100 brn|[from] brn
|upkeep
|turn|4
|
|t:|1760870560
|move|p2a: Chesnaught|Spiky Shield|p2a: Chesnaught
|-singleturn|p2a: Chesnaught|move: Protect
|move|p1a: Cinderace|U-turn|p2a: Chesnaught
|-start|p1a: Cinderace|typechange|Bug|[from] ability: Libero
|-activate|p2a: Chesnaught|move: Protect
|-damage|p1a: Cinderace|48/100|[from] Spiky Shield|[of] p2a: Chesnaught
|
|-heal|p2a: Chesnaught|100/100 brn|[from] item: Leftovers
|-damage|p1a: Cinderace|36/100|[from] Leech Seed|[of] p2a: Chesnaught
|-damage|p2a: Chesnaught|94/100 brn|[from] brn
|upkeep
|turn|5
|
|t:|1760870564
|move|p1a: Cinderace|U-turn|p2a: Chesnaught
|-crit|p2a: Chesnaught
|-damage|p2a: Chesnaught|55/100 brn
|
|t:|1760870575
|switch|p1a: Landorus|Landorus-Therian, M|100/100|[from] U-turn
|-ability|p1a: Landorus|Intimidate|boost
|-unboost|p2a: Chesnaught|atk|1
|move|p2a: Chesnaught|Bulk Up|p2a: Chesnaught
|-boost|p2a: Chesnaught|atk|1
|-boost|p2a: Chesnaught|def|1
|
|-heal|p2a: Chesnaught|61/100 brn|[from] item: Leftovers
|-damage|p2a: Chesnaught|55/100 brn|[from] brn
|upkeep
|turn|6
|
|t:|1760870578
|move|p2a: Chesnaught|Spiky Shield|p2a: Chesnaught
|-singleturn|p2a: Chesnaught|move: Protect
|move|p1a: Landorus|Taunt|p2a: Chesnaught
|-activate|p2a: Chesnaught|move: Protect
|
|-heal|p2a: Chesnaught|61/100 brn|[from] item: Leftovers
|-damage|p2a: Chesnaught|55/100 brn|[from] brn
|upkeep
|turn|7
|
|t:|1760870583
|move|p1a: Landorus|Taunt|p2a: Chesnaught
|-start|p2a: Chesnaught|move: Taunt
|move|p2a: Chesnaught|Knock Off|p1a: Landorus
|-damage|p1a: Landorus|90/100
|-enditem|p1a: Landorus|Leftovers|[from] move: Knock Off|[of] p2a: Chesnaught
|
|-heal|p2a: Chesnaught|61/100 brn|[from] item: Leftovers
|-damage|p2a: Chesnaught|55/100 brn|[from] brn
|upkeep
|turn|8
|
|t:|1760870589
|switch|p2a: Skarmory|Skarmory, F, shiny|100/100
|move|p1a: Landorus|Stealth Rock|p2a: Skarmory
|-sidestart|p2: AsierX|move: Stealth Rock
|
|upkeep
|turn|9
|
|t:|1760870592
|move|p1a: Landorus|Taunt|p2a: Skarmory
|-start|p2a: Skarmory|move: Taunt
|cant|p2a: Skarmory|move: Taunt|Swords Dance
|
|upkeep
|turn|10
|
|t:|1760870594
|move|p1a: Landorus|U-turn|p2a: Skarmory
|-resisted|p2a: Skarmory
|-damage|p2a: Skarmory|96/100
|-ability|p2a: Skarmory|Weak Armor|boost
|-unboost|p2a: Skarmory|def|1
|-boost|p2a: Skarmory|spe|2
|
|t:|1760870600
|switch|p1a: Alomomola|Alomomola, F|100/100|[from] U-turn
|move|p2a: Skarmory|Iron Head|p1a: Alomomola
|-resisted|p1a: Alomomola
|-damage|p1a: Alomomola|90/100
|
|upkeep
|turn|11
|
|t:|1760870604
|switch|p2a: Chesnaught|Chesnaught, M|55/100 brn
|-damage|p2a: Chesnaught|49/100 brn|[from] Stealth Rock
|move|p1a: Alomomola|Flip Turn|p2a: Chesnaught
|-resisted|p2a: Chesnaught
|-damage|p2a: Chesnaught|43/100 brn
|
|t:|1760870611
|switch|p1a: Landorus|Landorus-Therian, M|90/100|[from] Flip Turn
|-ability|p1a: Landorus|Intimidate|boost
|-unboost|p2a: Chesnaught|atk|1
|
|-heal|p2a: Chesnaught|49/100 brn|[from] item: Leftovers
|-damage|p2a: Chesnaught|43/100 brn|[from] brn
|upkeep
|turn|12
|
|t:|1760870614
|switch|p2a: Dragonite|Dragonite, F|100/100
|move|p1a: Landorus|Taunt|p2a: Dragonite
|-start|p2a: Dragonite|move: Taunt
|
|upkeep
|turn|13
|
|t:|1760870616
|move|p1a: Landorus|U-turn|p2a: Dragonite
|-resisted|p2a: Dragonite
|-damage|p2a: Dragonite|94/100
|
|t:|1760870621
|switch|p1a: Keldeo|Keldeo-Resolute, tera:Water|100/100|[from] U-turn
|move|p2a: Dragonite|Ice Spinner|p1a: Keldeo
|-resisted|p1a: Keldeo
|-damage|p1a: Keldeo|82/100
|
|upkeep
|turn|14
|
|t:|1760870627
|move|p1a: Keldeo|Icy Wind|p2a: Dragonite
|-supereffective|p2a: Dragonite
|-damage|p2a: Dragonite|0 fnt
|faint|p2a: Dragonite
|
|upkeep
|
|t:|1760870635
|switch|p2a: Greninja|Greninja, M|100/100
|-damage|p2a: Greninja|88/100|[from] Stealth Rock
|turn|15
|
|t:|1760870648
|switch|p1a: Alomomola|Alomomola, F|100/100
|-terastallize|p2a: Greninja|Poison
|move|p2a: Greninja|Sludge Wave|p1a: Alomomola
|-damage|p1a: Alomomola|78/100
|
|upkeep
|turn|16
|
|t:|1760870653
|move|p2a: Greninja|Sludge Wave|p1a: Alomomola
|-damage|p1a: Alomomola|56/100
|move|p1a: Alomomola|Mirror Coat|p2a: Greninja
|-damage|p2a: Greninja|16/100
|
|upkeep
|turn|17
|
|t:|1760870659
|switch|p2a: Clefable|Clefable, F|100/100
|move|p1a: Alomomola|Flip Turn|p2a: Clefable
|-damage|p2a: Clefable|81/100
|
|t:|1760870666
|switch|p1a: Keldeo|Keldeo-Resolute, tera:Water|82/100|[from] Flip Turn
|
|-heal|p2a: Clefable|87/100|[from] item: Leftovers
|upkeep
|turn|18
|
|t:|1760870669
|move|p1a: Keldeo|Surf|p2a: Clefable
|-damage|p2a: Clefable|3/100
|move|p2a: Clefable|Cosmic Power|p2a: Clefable
|-boost|p2a: Clefable|def|1
|-boost|p2a: Clefable|spd|1
|
|-heal|p2a: Clefable|9/100|[from] item: Leftovers
|upkeep
|turn|19
|
|t:|1760870675
|switch|p2a: Chesnaught|Chesnaught, M|43/100 brn
|-damage|p2a: Chesnaught|37/100 brn|[from] Stealth Rock
|move|p1a: Keldeo|Surf|p2a: Chesnaught
|-resisted|p2a: Chesnaught
|-damage|p2a: Chesnaught|0 fnt
|faint|p2a: Chesnaught
|
|upkeep
|-message|AsierX forfeited.
|
|win|Crystalbrightness
|raw|Crystalbrightness's rating: 1474 &rarr; <strong>1497</strong><br />(+23 for winning)
|raw|AsierX's rating: 1531 &rarr; <strong>1508</strong><br />(-23 for losing)
|l|☆AsierX
|player|p2|
|l|☆Crystalbrightness
|player|p1|
