|j|☆no stall for you
|j|☆overheat xyz
|t:|1760881518
|gametype|singles
|player|p1|no stall for you|169|1578
|player|p2|overheat xyz|2|1627
|gen|9
|tier|[Gen 9] OU
|rated|
|rule|HP Percentage Mod: HP is shown in percentages
|rule|Endless Battle Clause: Forcing endless battles is banned
|rule|Species Clause: Limit one of each Pokémon
|rule|OHKO Clause: OHKO moves are banned
|rule|Evasion Items Clause: Evasion items are banned
|rule|Evasion Moves Clause: Evasion moves are banned
|rule|Evasion Abilities Clause: Evasion abilities are banned
|rule|Sleep Moves Clause: Sleep-inducing moves are banned
|clearpoke
|poke|p1|Corviknight, F|
|poke|p1|Ogerpon-Wellspring, F|
|poke|p1|Enamorus, F|
|poke|p1|Slowking-Galar, F|
|poke|p1|Zamazenta-*|
|poke|p1|Iron Treads|
|poke|p2|Kingambit, M|
|poke|p2|Garganacl, F|
|poke|p2|Rillaboom, M|
|poke|p2|Primarina, M|
|poke|p2|Dragapult, F|
|poke|p2|Corviknight, F|
|teampreview
|c|☆no stall for you|gl hf
|inactive|Battle timer is ON: inactive players will automatically lose when time's up. (requested by no stall for you)
|
|t:|1760881571
|teamsize|p1|6
|teamsize|p2|6
|start
|switch|p1a: Corviknight|Corviknight, F|100/100
|switch|p2a: Primarina|Primarina, M|100/100
|-ability|p1a: Corviknight|Pressure
|turn|1
|
|t:|1760881591
|move|p1a: Corviknight|U-turn|p2a: Primarina
|-resisted|p2a: Primarina
|-damage|p2a: Primarina|92/100
|
|t:|1760881599
|switch|p1a: Ogerpon|Ogerpon-Wellspring, F|100/100|[from] U-turn
|move|p2a: Primarina|Surf|p1a: Ogerpon
|-immune|p1a: Ogerpon|[from] ability: Water Absorb
|
|upkeep
|turn|2
|
|t:|1760881608
|switch|p2a: Corviknight|Corviknight, F|100/100
|-ability|p2a: Corviknight|Pressure
|move|p1a: Ogerpon|Spikes|p2a: Corviknight
|-sidestart|p2: overheat xyz|Spikes
|
|upkeep
|turn|3
|
|t:|1760881614
|switch|p1a: Enamorus|Enamorus, F|100/100
|move|p2a: Corviknight|Defog|p1a: Enamorus
|-boost|p1a: Enamorus|evasion|1
|-sideend|p2: overheat xyz|Spikes|[from] move: Defog|[of] p2a: Corviknight
|
|upkeep
|turn|4
|
|t:|1760881625
|switch|p2a: Garganacl|Garganacl, F|100/100
|move|p1a: Enamorus|Moonblast|p2a: Garganacl
|-damage|p2a: Garganacl|65/100
|
|-heal|p2a: Garganacl|71/100|[from] item: Leftovers
|upkeep
|turn|5
|
|t:|1760881638
|switch|p1a: Slowking|Slowking-Galar, F|100/100
|move|p2a: Garganacl|Stealth Rock|p1a: Slowking
|-sidestart|p1: no stall for you|move: Stealth Rock
|
|-heal|p2a: Garganacl|77/100|[from] item: Leftovers
|upkeep
|turn|6
|
|t:|1760881647
|switch|p2a: Kingambit|Kingambit, M|100/100
|move|p1a: Slowking|Future Sight|p2a: Kingambit
|-start|p1a: Slowking|move: Future Sight
|
|upkeep
|turn|7
|
|t:|1760881651
|switch|p1a: Zamazenta|Zamazenta|100/100
|-damage|p1a: Zamazenta|94/100|[from] Stealth Rock
|-ability|p1a: Zamazenta|Dauntless Shield|boost
|-boost|p1a: Zamazenta|def|1
|move|p2a: Kingambit|Iron Head|p1a: Zamazenta
|-damage|p1a: Zamazenta|64/100
|
|upkeep
|turn|8
|
|t:|1760881660
|-end|p2a: Kingambit|fallenundefined|[silent]
|switch|p2a: Corviknight|Corviknight, F|100/100
|-ability|p2a: Corviknight|Pressure
|move|p1a: Zamazenta|Close Combat|p2a: Corviknight
|-damage|p2a: Corviknight|51/100
|-unboost|p1a: Zamazenta|def|1
|-unboost|p1a: Zamazenta|spd|1
|-damage|p1a: Zamazenta|47/100|[from] item: Rocky Helmet|[of] p2a: Corviknight
|-damage|p1a: Zamazenta|37/100|[from] item: Life Orb
|
|-end|p2a: Corviknight|move: Future Sight
|-resisted|p2a: Corviknight
|-damage|p2a: Corviknight|25/100
|upkeep
|turn|9
|
|t:|1760881677
|move|p1a: Zamazenta|Stone Edge|p2a: Corviknight
|-damage|p2a: Corviknight|0 fnt
|faint|p2a: Corviknight
|-damage|p1a: Zamazenta|28/100|[from] item: Life Orb
|
|upkeep
|
|t:|1760881679
|switch|p2a: Dragapult|Dragapult, F|100/100
|turn|10
|
|t:|1760881685
|switch|p1a: Iron Treads|Iron Treads|100/100
|-damage|p1a: Iron Treads|98/100|[from] Stealth Rock
|move|p2a: Dragapult|Shadow Ball|p1a: Iron Treads
|-damage|p1a: Iron Treads|58/100
|
|-heal|p1a: Iron Treads|64/100|[from] item: Leftovers
|upkeep
|turn|11
|l|☆no stall for you
|inactive|no stall for you disconnected and has a minute to reconnect!
|player|p1|
|inactive|no stall for you has 30 seconds to reconnect!
|inactive|no stall for you has 20 seconds to reconnect!
|inactive|no stall for you has 15 seconds to reconnect!
|inactive|no stall for you has 10 seconds to reconnect!
|inactive|no stall for you has 5 seconds to reconnect!
|-message|no stall for you lost due to inactivity.
|
|win|overheat xyz
|raw|no stall for you's rating: 1578 &rarr; <strong>1561</strong><br />(-17 for losing)
|raw|overheat xyz's rating: 1627 &rarr; <strong>1644</strong><br />(+17 for winning)
|j|☆no stall for you
|player|p1|no stall for you|169|
|l|☆no stall for you
|player|p1|
