|j|☆deepak johnson
|j|☆ioalla
|t:|1760876116
|gametype|singles
|player|p1|deepak johnson|2|1560
|player|p2|ioalla|170|1557
|gen|9
|tier|[Gen 9] OU
|rated|
|rule|HP Percentage Mod: HP is shown in percentages
|rule|Endless Battle Clause: Forcing endless battles is banned
|rule|Species Clause: Limit one of each Pokémon
|rule|OHKO Clause: OHKO moves are banned
|rule|Evasion Items Clause: Evasion items are banned
|rule|Evasion Moves Clause: Evasion moves are banned
|rule|Evasion Abilities Clause: Evasion abilities are banned
|rule|Sleep Moves Clause: Sleep-inducing moves are banned
|clearpoke
|poke|p1|Hoopa-Unbound|
|poke|p1|Hydrapple, F|
|poke|p1|Gliscor, F|
|poke|p1|Cinderace, M|
|poke|p1|Alomomola, M|
|poke|p1|Gholdengo|
|poke|p2|Dondozo, F|
|poke|p2|Blissey, F|
|poke|p2|Corviknight, M|
|poke|p2|Weezing-Galar, M|
|poke|p2|Gliscor, F|
|poke|p2|Toxapex, F|
|teampreview
|
|t:|1760876149
|teamsize|p1|6
|teamsize|p2|6
|start
|switch|p1a: Gliscor|Gliscor, F|100/100
|switch|p2a: Gliscor|Gliscor, F|100/100
|turn|1
|
|t:|1760876156
|move|p1a: Gliscor|Protect|p1a: Gliscor
|-singleturn|p1a: Gliscor|Protect
|move|p2a: Gliscor|Protect||[still]
|-fail|p2a: Gliscor
|
|-status|p1a: Gliscor|tox|[from] item: Toxic Orb
|-status|p2a: Gliscor|tox|[from] item: Toxic Orb
|upkeep
|turn|2
|inactive|Battle timer is ON: inactive players will automatically lose when time's up. (requested by deepak johnson)
|
|t:|1760876172
|switch|p1a: Alomomola|Alomomola, M|100/100
|move|p2a: Gliscor|Spikes|p1a: Alomomola
|-sidestart|p1: deepak johnson|Spikes
|
|upkeep
|turn|3
|
|t:|1760876189
|switch|p2a: Toxapex|Toxapex, F|100/100
|switch|p1a: Gliscor|Gliscor, F|100/100 tox
|
|upkeep
|turn|4
|
|t:|1760876200
|switch|p2a: Corviknight|Corviknight, M|100/100
|-ability|p2a: Corviknight|Pressure
|move|p1a: Gliscor|Earthquake|p2a: Corviknight
|-immune|p2a: Corviknight
|
|upkeep
|turn|5
|
|t:|1760876208
|switch|p1a: Alomomola|Alomomola, M|100/100
|-damage|p1a: Alomomola|88/100|[from] Spikes
|move|p2a: Corviknight|Iron Defense|p2a: Corviknight
|-boost|p2a: Corviknight|def|2
|
|upkeep
|turn|6
|
|t:|1760876216
|move|p2a: Corviknight|Iron Defense|p2a: Corviknight
|-boost|p2a: Corviknight|def|2
|move|p1a: Alomomola|Flip Turn|p2a: Corviknight
|-damage|p2a: Corviknight|97/100
|
|t:|1760876224
|switch|p1a: Gholdengo|Gholdengo|100/100|[from] Flip Turn
|-item|p1a: Gholdengo|Air Balloon
|
|-heal|p2a: Corviknight|100/100|[from] item: Leftovers
|upkeep
|turn|7
|
|t:|1760876234
|switch|p2a: Blissey|Blissey, F|100/100
|move|p1a: Gholdengo|Thunder Wave|p2a: Blissey
|-status|p2a: Blissey|par
|
|upkeep
|turn|8
|
|t:|1760876241
|switch|p1a: Gliscor|Gliscor, F|100/100 tox
|cant|p2a: Blissey|par
|
|upkeep
|turn|9
|
|t:|1760876255
|-curestatus|p2a: Blissey|par|[from] ability: Natural Cure
|switch|p2a: Corviknight|Corviknight, M|100/100
|-ability|p2a: Corviknight|Pressure
|move|p1a: Gliscor|Earthquake|p2a: Corviknight
|-immune|p2a: Corviknight
|
|upkeep
|turn|10
|
|t:|1760876263
|switch|p1a: Gholdengo|Gholdengo|100/100
|-item|p1a: Gholdengo|Air Balloon
|move|p2a: Corviknight|Body Press|p1a: Gholdengo
|-immune|p1a: Gholdengo
|
|upkeep
|turn|11
|
|t:|1760876269
|switch|p1a: Cinderace|Cinderace, M|100/100
|switch|p2a: Blissey|Blissey, F|100/100
|
|upkeep
|turn|12
|
|t:|1760876285
|switch|p2a: Toxapex|Toxapex, F|100/100
|move|p1a: Cinderace|U-turn|p2a: Toxapex
|-resisted|p2a: Toxapex
|-crit|p2a: Toxapex
|-damage|p2a: Toxapex|89/100
|
|t:|1760876300
|switch|p1a: Hoopa|Hoopa-Unbound|100/100|[from] U-turn
|-damage|p1a: Hoopa|88/100|[from] Spikes
|
|-heal|p2a: Toxapex|95/100|[from] item: Leftovers
|upkeep
|turn|13
|
|t:|1760876306
|move|p1a: Hoopa|Trick|p2a: Toxapex
|-activate|p1a: Hoopa|move: Trick|[of] p2a: Toxapex
|-item|p2a: Toxapex|Choice Scarf|[from] move: Trick
|-item|p1a: Hoopa|Leftovers|[from] move: Trick
|move|p2a: Toxapex|Toxic|p1a: Hoopa
|-status|p1a: Hoopa|tox
|
|-heal|p1a: Hoopa|94/100 tox|[from] item: Leftovers
|-damage|p1a: Hoopa|88/100 tox|[from] psn
|upkeep
|turn|14
|
|t:|1760876324
|switch|p2a: Gliscor|Gliscor, F|100/100 tox
|move|p1a: Hoopa|Psychic Noise|p2a: Gliscor
|-damage|p2a: Gliscor|65/100 tox
|-start|p2a: Gliscor|move: Heal Block
|
|-heal|p1a: Hoopa|94/100 tox|[from] item: Leftovers
|-damage|p1a: Hoopa|82/100 tox|[from] psn
|upkeep
|turn|15
|
|t:|1760876347
|switch|p1a: Hydrapple|Hydrapple, F, shiny|100/100
|-damage|p1a: Hydrapple|88/100|[from] Spikes
|move|p2a: Gliscor|Protect||[still]
|-fail|p2a: Gliscor
|
|-end|p2a: Gliscor|move: Heal Block
|upkeep
|turn|16
|
|t:|1760876356
|move|p2a: Gliscor|Knock Off|p1a: Hydrapple
|-damage|p1a: Hydrapple|74/100
|-damage|p2a: Gliscor|49/100 tox|[from] item: Rocky Helmet|[of] p1a: Hydrapple
|-enditem|p1a: Hydrapple|Rocky Helmet|[from] move: Knock Off|[of] p2a: Gliscor
|move|p1a: Hydrapple|Fickle Beam|p2a: Gliscor|[anim] Fickle Beam All Out
|-activate|p1a: Hydrapple|move: Fickle Beam
|-damage|p2a: Gliscor|0 fnt
|faint|p2a: Gliscor
|
|upkeep
|
|t:|1760876377
|switch|p2a: Toxapex|Toxapex, F|100/100
|turn|17
|
|t:|1760876392
|switch|p1a: Gliscor|Gliscor, F|100/100 tox
|move|p2a: Toxapex|Toxic|p1a: Gliscor
|-fail|p1a: Gliscor|tox
|
|upkeep
|turn|18
|
|t:|1760876399
|switch|p1a: Cinderace|Cinderace, M|100/100
|switch|p2a: Corviknight|Corviknight, M|100/100
|-ability|p2a: Corviknight|Pressure
|
|upkeep
|turn|19
|
|t:|1760876405
|switch|p2a: Dondozo|Dondozo, F|100/100
|move|p1a: Cinderace|Court Change|p1a: Cinderace
|-swapsideconditions
|-activate|p1a: Cinderace|move: Court Change
|
|upkeep
|turn|20
|
|t:|1760876420
|move|p1a: Cinderace|U-turn|p2a: Dondozo
|-damage|p2a: Dondozo|92/100
|
|t:|1760876423
|switch|p1a: Hydrapple|Hydrapple, F, shiny|100/100|[from] U-turn
|move|p2a: Dondozo|Body Press|p1a: Hydrapple
|-damage|p1a: Hydrapple|83/100
|
|-heal|p2a: Dondozo|98/100|[from] item: Leftovers
|upkeep
|turn|21
|
|t:|1760876431
|switch|p1a: Alomomola|Alomomola, M|100/100
|move|p2a: Dondozo|Avalanche|p1a: Alomomola
|-resisted|p1a: Alomomola
|-damage|p1a: Alomomola|96/100
|
|-heal|p2a: Dondozo|100/100|[from] item: Leftovers
|upkeep
|turn|22
|
|t:|1760876444
|switch|p2a: Corviknight|Corviknight, M|100/100
|-ability|p2a: Corviknight|Pressure
|move|p1a: Alomomola|Flip Turn|p2a: Corviknight
|-damage|p2a: Corviknight|90/100
|
|t:|1760876448
|switch|p1a: Gliscor|Gliscor, F|100/100 tox|[from] Flip Turn
|
|-heal|p2a: Corviknight|97/100|[from] item: Leftovers
|upkeep
|turn|23
|
|t:|1760876455
|move|p1a: Gliscor|Spikes|p2a: Corviknight
|-sidestart|p2: ioalla|Spikes
|move|p2a: Corviknight|Defog|p1a: Gliscor
|-unboost|p1a: Gliscor|evasion|1
|-sideend|p2: ioalla|Spikes|[from] move: Defog|[of] p2a: Corviknight
|
|-heal|p2a: Corviknight|100/100|[from] item: Leftovers
|upkeep
|turn|24
|
|t:|1760876473
|move|p1a: Gliscor|Spikes|p2a: Corviknight
|-sidestart|p2: ioalla|Spikes
|move|p2a: Corviknight|Iron Defense|p2a: Corviknight
|-boost|p2a: Corviknight|def|2
|
|upkeep
|turn|25
|
|t:|1760876485
|switch|p1a: Gholdengo|Gholdengo|100/100
|-item|p1a: Gholdengo|Air Balloon
|move|p2a: Corviknight|Defog|p1a: Gholdengo
|-immune|p1a: Gholdengo|[from] ability: Good as Gold
|
|upkeep
|turn|26
|
|t:|1760876496
|switch|p1a: Gliscor|Gliscor, F|100/100 tox
|switch|p2a: Blissey|Blissey, F|100/100
|-damage|p2a: Blissey|88/100|[from] Spikes
|
|-heal|p2a: Blissey|94/100|[from] item: Leftovers
|upkeep
|turn|27
|
|t:|1760876500
|switch|p2a: Corviknight|Corviknight, M|100/100
|-ability|p2a: Corviknight|Pressure
|move|p1a: Gliscor|Spikes|p2a: Corviknight
|-sidestart|p2: ioalla|Spikes
|
|upkeep
|turn|28
|
|t:|1760876513
|switch|p1a: Gholdengo|Gholdengo|100/100
|-item|p1a: Gholdengo|Air Balloon
|move|p2a: Corviknight|Defog|p1a: Gholdengo
|-immune|p1a: Gholdengo|[from] ability: Good as Gold
|
|upkeep
|turn|29
|
|t:|1760876517
|move|p1a: Gholdengo|Thunder Wave|p2a: Corviknight
|-status|p2a: Corviknight|par
|move|p2a: Corviknight|Defog|p1a: Gholdengo
|-immune|p1a: Gholdengo|[from] ability: Good as Gold
|
|upkeep
|turn|30
|
|t:|1760876522
|move|p1a: Gholdengo|Hex|p2a: Corviknight
|-crit|p2a: Corviknight
|-damage|p2a: Corviknight|15/100 par
|move|p2a: Corviknight|Defog|p1a: Gholdengo
|-immune|p1a: Gholdengo|[from] ability: Good as Gold
|
|-heal|p2a: Corviknight|21/100 par|[from] item: Leftovers
|upkeep
|turn|31
|
|t:|1760876527
|switch|p2a: Blissey|Blissey, F|94/100
|-damage|p2a: Blissey|78/100|[from] Spikes
|move|p1a: Gholdengo|Hex|p2a: Blissey
|-immune|p2a: Blissey
|
|-heal|p2a: Blissey|84/100|[from] item: Leftovers
|upkeep
|turn|32
|
|t:|1760876530
|switch|p1a: Gliscor|Gliscor, F|100/100 tox
|move|p2a: Blissey|Stealth Rock|p1a: Gliscor
|-sidestart|p1: deepak johnson|move: Stealth Rock
|
|-heal|p2a: Blissey|90/100|[from] item: Leftovers
|upkeep
|turn|33
|
|t:|1760876536
|switch|p2a: Weezing|Weezing-Galar, M|100/100
|-ability|p2a: Weezing|Neutralizing Gas
|move|p1a: Gliscor|Spikes|p2a: Weezing
|-sidestart|p2: ioalla|Spikes
|
|-damage|p1a: Gliscor|88/100 tox|[from] psn
|upkeep
|turn|34
|
|t:|1760876541
|move|p1a: Gliscor|Earthquake|p2a: Weezing
|-supereffective|p2a: Weezing
|-damage|p2a: Weezing|57/100
|move|p2a: Weezing|Defog|p1a: Gliscor
|-unboost|p1a: Gliscor|evasion|1
|-sideend|p1: deepak johnson|Stealth Rock|[from] move: Defog|[of] p2a: Weezing
|-sideend|p2: ioalla|Spikes|[from] move: Defog|[of] p2a: Weezing
|
|-damage|p1a: Gliscor|69/100 tox|[from] psn
|upkeep
|turn|35
|
|t:|1760876555
|switch|p1a: Alomomola|Alomomola, M|100/100
|move|p2a: Weezing|Pain Split|p1a: Alomomola
|-sethp|p1a: Alomomola|68/100|[from] move: Pain Split|[silent]
|-sethp|p2a: Weezing|100/100|[from] move: Pain Split
|
|upkeep
|turn|36
|
|t:|1760876563
|move|p2a: Weezing|Will-O-Wisp|p1a: Alomomola
|-status|p1a: Alomomola|brn
|move|p1a: Alomomola|Flip Turn|p2a: Weezing
|-damage|p2a: Weezing|95/100
|
|t:|1760876590
|switch|p1a: Gholdengo|Gholdengo|100/100|[from] Flip Turn
|-item|p1a: Gholdengo|Air Balloon
|
|upkeep
|turn|37
|
|t:|1760876596
|-end|p2a: Weezing|ability: Neutralizing Gas
|switch|p2a: Blissey|Blissey, F|90/100
|move|p1a: Gholdengo|Thunder Wave|p2a: Blissey
|-status|p2a: Blissey|par
|
|-heal|p2a: Blissey|96/100 par|[from] item: Leftovers
|upkeep
|turn|38
|
|t:|1760876616
|switch|p1a: Gliscor|Gliscor, F|69/100 tox
|cant|p2a: Blissey|par
|
|-heal|p2a: Blissey|100/100 par|[from] item: Leftovers
|-heal|p1a: Gliscor|82/100 tox|[from] ability: Poison Heal
|upkeep
|turn|39
|
|t:|1760876622
|-curestatus|p2a: Blissey|par|[from] ability: Natural Cure
|switch|p2a: Weezing|Weezing-Galar, M|95/100
|-ability|p2a: Weezing|Neutralizing Gas
|move|p1a: Gliscor|Spikes|p2a: Weezing
|-sidestart|p2: ioalla|Spikes
|
|-damage|p1a: Gliscor|69/100 tox|[from] psn
|upkeep
|turn|40
|
|t:|1760876634
|move|p1a: Gliscor|Earthquake|p2a: Weezing
|-supereffective|p2a: Weezing
|-damage|p2a: Weezing|49/100
|move|p2a: Weezing|Defog|p1a: Gliscor
|-unboost|p1a: Gliscor|evasion|1
|-sideend|p2: ioalla|Spikes|[from] move: Defog|[of] p2a: Weezing
|
|-damage|p1a: Gliscor|50/100 tox|[from] psn
|upkeep
|turn|41
|
|t:|1760876640
|move|p1a: Gliscor|Earthquake|p2a: Weezing
|-supereffective|p2a: Weezing
|-damage|p2a: Weezing|7/100
|move|p2a: Weezing|Pain Split|p1a: Gliscor
|-sethp|p1a: Gliscor|29/100 tox|[from] move: Pain Split|[silent]
|-sethp|p2a: Weezing|30/100|[from] move: Pain Split
|
|-damage|p1a: Gliscor|4/100 tox|[from] psn
|upkeep
|turn|42
|
|t:|1760876652
|-end|p2a: Weezing|ability: Neutralizing Gas
|switch|p2a: Corviknight|Corviknight, M|21/100 par
|-ability|p2a: Corviknight|Pressure
|move|p1a: Gliscor|Earthquake|p2a: Corviknight
|-immune|p2a: Corviknight
|
|-heal|p2a: Corviknight|27/100 par|[from] item: Leftovers
|-heal|p1a: Gliscor|16/100 tox|[from] ability: Poison Heal
|upkeep
|turn|43
|
|t:|1760876672
|move|p1a: Gliscor|Spikes|p2a: Corviknight
|-sidestart|p2: ioalla|Spikes
|move|p2a: Corviknight|Defog|p1a: Gliscor
|-unboost|p1a: Gliscor|evasion|1
|-sideend|p2: ioalla|Spikes|[from] move: Defog|[of] p2a: Corviknight
|
|-heal|p2a: Corviknight|34/100 par|[from] item: Leftovers
|-heal|p1a: Gliscor|29/100 tox|[from] ability: Poison Heal
|upkeep
|turn|44
|
|t:|1760876688
|switch|p2a: Dondozo|Dondozo, F|100/100
|move|p1a: Gliscor|Spikes|p2a: Dondozo
|-sidestart|p2: ioalla|Spikes
|
|-heal|p1a: Gliscor|41/100 tox|[from] ability: Poison Heal
|upkeep
|turn|45
|
|t:|1760876694
|switch|p1a: Hydrapple|Hydrapple, F, shiny|100/100
|move|p2a: Dondozo|Avalanche|p1a: Hydrapple
|-supereffective|p1a: Hydrapple
|-damage|p1a: Hydrapple|66/100
|
|upkeep
|turn|46
|
|t:|1760876702
|switch|p1a: Hoopa|Hoopa-Unbound|82/100 tox
|move|p2a: Dondozo|Avalanche|p1a: Hoopa
|-damage|p1a: Hoopa|56/100 tox
|
|-heal|p1a: Hoopa|62/100 tox|[from] item: Leftovers
|-damage|p1a: Hoopa|56/100 tox|[from] psn
|upkeep
|turn|47
|
|t:|1760876712
|move|p1a: Hoopa|Knock Off|p2a: Dondozo
|-damage|p2a: Dondozo|73/100
|-enditem|p2a: Dondozo|Leftovers|[from] move: Knock Off|[of] p1a: Hoopa
|move|p2a: Dondozo|Body Press|p1a: Hoopa
|-damage|p1a: Hoopa|0 fnt
|faint|p1a: Hoopa
|
|upkeep
|
|t:|1760876716
|switch|p1a: Hydrapple|Hydrapple, F, shiny|99/100
|turn|48
|
|t:|1760876728
|switch|p2a: Weezing|Weezing-Galar, M|30/100
|-ability|p2a: Weezing|Neutralizing Gas
|move|p1a: Hydrapple|Giga Drain|p2a: Weezing
|-resisted|p2a: Weezing
|-damage|p2a: Weezing|7/100
|-heal|p1a: Hydrapple|100/100|[from] drain|[of] p2a: Weezing
|
|upkeep
|turn|49
|
|t:|1760876735
|move|p2a: Weezing|Pain Split|p1a: Hydrapple
|-sethp|p1a: Hydrapple|53/100|[from] move: Pain Split|[silent]
|-sethp|p2a: Weezing|65/100|[from] move: Pain Split
|move|p1a: Hydrapple|Giga Drain|p2a: Weezing
|-resisted|p2a: Weezing
|-damage|p2a: Weezing|39/100
|-heal|p1a: Hydrapple|64/100|[from] drain|[of] p2a: Weezing
|
|upkeep
|turn|50
|
|t:|1760876744
|move|p2a: Weezing|Pain Split|p1a: Hydrapple
|-sethp|p1a: Hydrapple|47/100|[from] move: Pain Split|[silent]
|-sethp|p2a: Weezing|59/100|[from] move: Pain Split
|move|p1a: Hydrapple|Earth Power|p2a: Weezing
|-supereffective|p2a: Weezing
|-damage|p2a: Weezing|0 fnt
|faint|p2a: Weezing
|-end|p2a: Weezing|ability: Neutralizing Gas
|
|upkeep
|
|t:|1760876754
|switch|p2a: Blissey|Blissey, F|100/100
|-damage|p2a: Blissey|88/100|[from] Spikes
|turn|51
|
|t:|1760876757
|switch|p1a: Gliscor|Gliscor, F|41/100 tox
|move|p2a: Blissey|Seismic Toss|p1a: Gliscor
|-damage|p1a: Gliscor|13/100 tox
|
|-heal|p2a: Blissey|94/100|[from] item: Leftovers
|-heal|p1a: Gliscor|25/100 tox|[from] ability: Poison Heal
|upkeep
|turn|52
|
|t:|1760876762
|move|p1a: Gliscor|Protect|p1a: Gliscor
|-singleturn|p1a: Gliscor|Protect
|move|p2a: Blissey|Seismic Toss|p1a: Gliscor
|-activate|p1a: Gliscor|move: Protect
|
|-heal|p2a: Blissey|100/100|[from] item: Leftovers
|-heal|p1a: Gliscor|38/100 tox|[from] ability: Poison Heal
|upkeep
|turn|53
|
|t:|1760876768
|move|p1a: Gliscor|Toxic|p2a: Blissey
|-status|p2a: Blissey|tox
|move|p2a: Blissey|Stealth Rock|p1a: Gliscor
|-sidestart|p1: deepak johnson|move: Stealth Rock
|
|-heal|p1a: Gliscor|50/100 tox|[from] ability: Poison Heal
|-damage|p2a: Blissey|94/100 tox|[from] psn
|upkeep
|turn|54
|
|t:|1760876771
|-curestatus|p2a: Blissey|tox|[from] ability: Natural Cure
|switch|p2a: Corviknight|Corviknight, M|34/100 par
|-ability|p2a: Corviknight|Pressure
|move|p1a: Gliscor|Spikes|p2a: Corviknight
|-sidestart|p2: ioalla|Spikes
|
|-heal|p2a: Corviknight|40/100 par|[from] item: Leftovers
|-heal|p1a: Gliscor|63/100 tox|[from] ability: Poison Heal
|upkeep
|turn|55
|
|t:|1760876780
|move|p1a: Gliscor|Spikes|p2a: Corviknight
|-sidestart|p2: ioalla|Spikes
|move|p2a: Corviknight|Defog|p1a: Gliscor
|-unboost|p1a: Gliscor|evasion|1
|-sideend|p1: deepak johnson|Stealth Rock|[from] move: Defog|[of] p2a: Corviknight
|-sideend|p2: ioalla|Spikes|[from] move: Defog|[of] p2a: Corviknight
|
|-heal|p2a: Corviknight|46/100 par|[from] item: Leftovers
|-heal|p1a: Gliscor|75/100 tox|[from] ability: Poison Heal
|upkeep
|turn|56
|
|t:|1760876792
|move|p1a: Gliscor|Spikes|p2a: Corviknight
|-sidestart|p2: ioalla|Spikes
|move|p2a: Corviknight|Defog|p1a: Gliscor
|-unboost|p1a: Gliscor|evasion|1
|-sideend|p2: ioalla|Spikes|[from] move: Defog|[of] p2a: Corviknight
|
|-heal|p2a: Corviknight|52/100 par|[from] item: Leftovers
|-heal|p1a: Gliscor|88/100 tox|[from] ability: Poison Heal
|upkeep
|turn|57
|
|t:|1760876797
|switch|p1a: Gholdengo|Gholdengo|100/100
|-item|p1a: Gholdengo|Air Balloon
|cant|p2a: Corviknight|par
|
|-heal|p2a: Corviknight|59/100 par|[from] item: Leftovers
|upkeep
|turn|58
|
|t:|1760876804
|switch|p1a: Cinderace|Cinderace, M|100/100
|switch|p2a: Blissey|Blissey, F|94/100
|
|-heal|p2a: Blissey|100/100|[from] item: Leftovers
|upkeep
|turn|59
|
|t:|1760876806
|switch|p2a: Dondozo|Dondozo, F|73/100
|move|p1a: Cinderace|U-turn|p2a: Dondozo
|-damage|p2a: Dondozo|65/100
|
|t:|1760876810
|switch|p1a: Hydrapple|Hydrapple, F, shiny|81/100|[from] U-turn
|
|upkeep
|turn|60
|
|t:|1760876816
|move|p1a: Hydrapple|Nasty Plot|p1a: Hydrapple
|-boost|p1a: Hydrapple|spa|2
|move|p2a: Dondozo|Avalanche|p1a: Hydrapple
|-supereffective|p1a: Hydrapple
|-damage|p1a: Hydrapple|47/100
|
|upkeep
|turn|61
|
|t:|1760876823
|move|p1a: Hydrapple|Giga Drain|p2a: Dondozo
|-supereffective|p2a: Dondozo
|-damage|p2a: Dondozo|0 fnt
|-heal|p1a: Hydrapple|86/100|[from] drain|[of] p2a: Dondozo
|faint|p2a: Dondozo
|
|upkeep
|-message|ioalla forfeited.
|
|win|deepak johnson
|raw|deepak johnson's rating: 1538 &rarr; <strong>1559</strong><br />(+21 for winning)
|raw|ioalla's rating: 1557 &rarr; <strong>1536</strong><br />(-21 for losing)
|l|☆ioalla
|player|p2|
|l|☆deepak johnson
|player|p1|
