|j|☆olaf-18
|j|‽GoComedy
|t:|1760851950
|gametype|singles
|player|p1|olaf-18|102|1572
|player|p2|GoComedy|169|1493
|gen|9
|tier|[Gen 9] OU
|rated|
|rule|HP Percentage Mod: HP is shown in percentages
|rule|Endless Battle Clause: Forcing endless battles is banned
|rule|Species Clause: Limit one of each Pokémon
|rule|OHKO Clause: OHKO moves are banned
|rule|Evasion Items Clause: Evasion items are banned
|rule|Evasion Moves Clause: Evasion moves are banned
|rule|Evasion Abilities Clause: Evasion abilities are banned
|rule|Sleep Moves Clause: Sleep-inducing moves are banned
|clearpoke
|poke|p1|Slowking-Galar, F|
|poke|p1|Armarouge, F|
|poke|p1|Gholdengo|
|poke|p1|Ursaluna, F|
|poke|p1|Great Tusk|
|poke|p1|Dragonite, F|
|poke|p2|Gholdengo|
|poke|p2|Ceruledge, F|
|poke|p2|Enamorus, F|
|poke|p2|Ribombee, M|
|poke|p2|Quaquaval, F|
|poke|p2|Iron Treads|
|teampreview
|
|t:|1760851959
|teamsize|p1|6
|teamsize|p2|6
|start
|switch|p1a: Gholdengo|Gholdengo|100/100
|switch|p2a: Ribombee|Ribombee, M, shiny|100/100
|-item|p1a: Gholdengo|Air Balloon
|turn|1
|
|t:|1760851965
|move|p2a: Ribombee|Sticky Web|p1a: Gholdengo
|-sidestart|p1: olaf-18|move: Sticky Web
|move|p1a: Gholdengo|Shadow Ball|p2a: Ribombee
|-damage|p2a: Ribombee|20/100
|
|upkeep
|turn|2
|
|t:|1760851972
|move|p2a: Ribombee|Moonblast|p1a: Gholdengo
|-resisted|p1a: Gholdengo
|-damage|p1a: Gholdengo|77/100
|-unboost|p1a: Gholdengo|spa|1
|-enditem|p1a: Gholdengo|Air Balloon
|move|p1a: Gholdengo|Shadow Ball|p2a: Ribombee
|-crit|p2a: Ribombee
|-damage|p2a: Ribombee|0 fnt
|faint|p2a: Ribombee
|
|upkeep
|inactive|Battle timer is ON: inactive players will automatically lose when time's up. (requested by olaf-18)
|
|t:|1760852003
|switch|p2a: Quaquaval|Quaquaval, F|100/100
|turn|3
|
|t:|1760852012
|move|p2a: Quaquaval|Knock Off|p1a: Gholdengo
|-supereffective|p1a: Gholdengo
|-crit|p1a: Gholdengo
|-damage|p1a: Gholdengo|9/100
|move|p1a: Gholdengo|Shadow Ball|p2a: Quaquaval
|-damage|p2a: Quaquaval|74/100
|-unboost|p2a: Quaquaval|spd|1
|
|upkeep
|turn|4
|
|t:|1760852024
|switch|p1a: Slowking|Slowking-Galar, F|100/100
|move|p2a: Quaquaval|Aqua Step|p1a: Slowking
|-damage|p1a: Slowking|58/100
|-boost|p2a: Quaquaval|spe|1
|
|upkeep
|turn|5
|
|t:|1760852037
|-terastallize|p1a: Slowking|Flying
|move|p2a: Quaquaval|Knock Off|p1a: Slowking
|-damage|p1a: Slowking|23/100
|-enditem|p1a: Slowking|Heavy-Duty Boots|[from] move: Knock Off|[of] p2a: Quaquaval
|move|p1a: Slowking|Trick Room|p1a: Slowking
|-fieldstart|move: Trick Room|[of] p1a: Slowking
|
|upkeep
|turn|6
|
|t:|1760852055
|switch|p1a: Gholdengo|Gholdengo|9/100
|-activate|p1a: Gholdengo|move: Sticky Web
|-unboost|p1a: Gholdengo|spe|1
|move|p2a: Quaquaval|Knock Off|p1a: Gholdengo
|-supereffective|p1a: Gholdengo
|-damage|p1a: Gholdengo|0 fnt
|faint|p1a: Gholdengo
|-ability|p2a: Quaquaval|Moxie|boost
|-boost|p2a: Quaquaval|atk|1
|
|upkeep
|
|t:|1760852059
|switch|p1a: Ursaluna|Ursaluna, F|100/100
|-activate|p1a: Ursaluna|move: Sticky Web
|-unboost|p1a: Ursaluna|spe|1
|turn|7
|
|t:|1760852068
|move|p1a: Ursaluna|Earthquake|p2a: Quaquaval
|-damage|p2a: Quaquaval|0 fnt
|faint|p2a: Quaquaval
|
|-status|p1a: Ursaluna|brn|[from] item: Flame Orb
|upkeep
|
|t:|1760852082
|switch|p2a: Gholdengo|Gholdengo|100/100
|-item|p2a: Gholdengo|Air Balloon
|turn|8
|
|t:|1760852094
|move|p2a: Gholdengo|Make It Rain|p1a: Ursaluna
|-damage|p1a: Ursaluna|41/100 brn
|-unboost|p2a: Gholdengo|spa|1
|move|p1a: Ursaluna|Avalanche|p2a: Gholdengo
|-resisted|p2a: Gholdengo
|-damage|p2a: Gholdengo|57/100
|-enditem|p2a: Gholdengo|Air Balloon
|
|-damage|p1a: Ursaluna|35/100 brn|[from] brn
|upkeep
|turn|9
|
|t:|1760852103
|move|p1a: Ursaluna|Supercell Slam|p2a: Gholdengo
|-damage|p2a: Gholdengo|0 fnt
|faint|p2a: Gholdengo
|
|-damage|p1a: Ursaluna|29/100 brn|[from] brn
|-fieldend|move: Trick Room
|upkeep
|
|t:|1760852130
|switch|p2a: Iron Treads|Iron Treads|100/100
|-enditem|p2a: Iron Treads|Booster Energy
|-activate|p2a: Iron Treads|ability: Quark Drive|[fromitem]
|-start|p2a: Iron Treads|quarkdriveatk
|turn|10
|
|t:|1760852140
|move|p2a: Iron Treads|Earthquake|p1a: Ursaluna
|-damage|p1a: Ursaluna|0 fnt
|faint|p1a: Ursaluna
|
|upkeep
|
|t:|1760852146
|switch|p1a: Great Tusk|Great Tusk|100/100
|-activate|p1a: Great Tusk|move: Sticky Web
|-unboost|p1a: Great Tusk|spe|1
|-enditem|p1a: Great Tusk|Booster Energy
|-activate|p1a: Great Tusk|ability: Protosynthesis|[fromitem]
|-start|p1a: Great Tusk|protosynthesisatk
|turn|11
|
|t:|1760852152
|move|p2a: Iron Treads|Ice Spinner|p1a: Great Tusk
|-supereffective|p1a: Great Tusk
|-damage|p1a: Great Tusk|52/100
|move|p1a: Great Tusk|Rapid Spin|p2a: Iron Treads
|-resisted|p2a: Iron Treads
|-damage|p2a: Iron Treads|90/100
|-boost|p1a: Great Tusk|spe|1
|-sideend|p1: olaf-18|Sticky Web|[from] move: Rapid Spin|[of] p1a: Great Tusk
|
|upkeep
|turn|12
|
|t:|1760852159
|move|p1a: Great Tusk|Stealth Rock|p2a: Iron Treads
|-sidestart|p2: GoComedy|move: Stealth Rock
|move|p2a: Iron Treads|Ice Spinner|p1a: Great Tusk
|-supereffective|p1a: Great Tusk
|-damage|p1a: Great Tusk|1/100
|
|upkeep
|turn|13
|
|t:|1760852167
|move|p1a: Great Tusk|Headlong Rush|p2a: Iron Treads
|-supereffective|p2a: Iron Treads
|-damage|p2a: Iron Treads|0 fnt
|-unboost|p1a: Great Tusk|def|1
|-unboost|p1a: Great Tusk|spd|1
|faint|p2a: Iron Treads
|-end|p2a: Iron Treads|Quark Drive|[silent]
|
|upkeep
|
|t:|1760852179
|switch|p2a: Enamorus|Enamorus, F|100/100
|-damage|p2a: Enamorus|76/100|[from] Stealth Rock
|turn|14
|
|t:|1760852187
|move|p2a: Enamorus|Superpower|p1a: Great Tusk
|-damage|p1a: Great Tusk|0 fnt
|-boost|p2a: Enamorus|atk|1
|-boost|p2a: Enamorus|def|1
|faint|p1a: Great Tusk
|-end|p1a: Great Tusk|Protosynthesis|[silent]
|
|upkeep
|
|t:|1760852190
|switch|p1a: Armarouge|Armarouge, F|100/100
|turn|15
|
|t:|1760852201
|-terastallize|p2a: Enamorus|Stellar
|move|p2a: Enamorus|Earth Power|p1a: Armarouge
|-supereffective|p1a: Armarouge
|-damage|p1a: Armarouge|4/100
|-enditem|p1a: Armarouge|Weakness Policy
|-boost|p1a: Armarouge|atk|2|[from] item: Weakness Policy
|-boost|p1a: Armarouge|spa|2|[from] item: Weakness Policy
|move|p1a: Armarouge|Armor Cannon|p2a: Enamorus
|-damage|p2a: Enamorus|0 fnt
|-unboost|p1a: Armarouge|def|1
|-unboost|p1a: Armarouge|spd|1
|faint|p2a: Enamorus
|
|upkeep
|
|t:|1760852208
|switch|p2a: Ceruledge|Ceruledge, F|100/100
|-damage|p2a: Ceruledge|76/100|[from] Stealth Rock
|turn|16
|
|t:|1760852211
|move|p2a: Ceruledge|Shadow Sneak|p1a: Armarouge
|-supereffective|p1a: Armarouge
|-damage|p1a: Armarouge|0 fnt
|faint|p1a: Armarouge
|
|upkeep
|
|t:|1760852215
|switch|p1a: Dragonite|Dragonite, F|100/100
|turn|17
|
|t:|1760852218
|move|p2a: Ceruledge|Poltergeist|p1a: Dragonite
|-activate|p1a: Dragonite|move: Poltergeist|Heavy-Duty Boots
|-damage|p1a: Dragonite|65/100
|move|p1a: Dragonite|Earthquake|p2a: Ceruledge
|-supereffective|p2a: Ceruledge
|-damage|p2a: Ceruledge|0 fnt
|faint|p2a: Ceruledge
|
|win|olaf-18
|raw|olaf-18's rating: 1551 &rarr; <strong>1568</strong><br />(+17 for winning)
|raw|GoComedy's rating: 1493 &rarr; <strong>1476</strong><br />(-17 for losing)
|l|☆olaf-18
|player|p1|
|l|‽GoComedy
|player|p2|
