|j|☆michaelgoalise
|j|☆werearewe
|t:|1760768526
|gametype|singles
|player|p1|michaelgoalise|2|1567
|player|p2|werearewe|170|1586
|gen|9
|tier|[Gen 9] OU
|rated|
|rule|HP Percentage Mod: HP is shown in percentages
|rule|Endless Battle Clause: Forcing endless battles is banned
|rule|Species Clause: Limit one of each Pokémon
|rule|OHKO Clause: OHKO moves are banned
|rule|Evasion Items Clause: Evasion items are banned
|rule|Evasion Moves Clause: Evasion moves are banned
|rule|Evasion Abilities Clause: Evasion abilities are banned
|rule|Sleep Moves Clause: Sleep-inducing moves are banned
|clearpoke
|poke|p1|Tyranitar, M|
|poke|p1|Excadrill, F|
|poke|p1|Iron Valiant|
|poke|p1|Palossand, F|
|poke|p1|Corviknight, M|
|poke|p1|Ogerpon-Wellspring, F|
|poke|p2|Ribombee, F|
|poke|p2|Cinderace, M|
|poke|p2|Ogerpon, F|
|poke|p2|Milotic, F|
|poke|p2|Kingambit, F|
|poke|p2|Empoleon, F|
|teampreview
|inactive|Battle timer is ON: inactive players will automatically lose when time's up. (requested by michaelgoalise)
|inactive|michaelgoalise has 120 seconds left.
|j| xiaopangsonsong
|l| xiaopangsonsong
|inactive|michaelgoalise has 90 seconds left.
|inactive|michaelgoalise has 60 seconds left.
|
|t:|1760768624
|teamsize|p1|6
|teamsize|p2|6
|start
|switch|p1a: Tyranitar|Tyranitar, M|100/100
|switch|p2a: Ribombee|Ribombee, F|100/100
|-weather|Sandstorm|[from] ability: Sand Stream|[of] p1a: Tyranitar
|turn|1
|
|t:|1760768638
|move|p2a: Ribombee|Sticky Web|p1a: Tyranitar
|-sidestart|p1: michaelgoalise|move: Sticky Web
|move|p1a: Tyranitar|Stone Edge|p2a: Ribombee
|-supereffective|p2a: Ribombee
|-enditem|p2a: Ribombee|Focus Sash
|-damage|p2a: Ribombee|1/100
|
|-weather|Sandstorm|[upkeep]
|-damage|p2a: Ribombee|0 fnt|[from] Sandstorm
|faint|p2a: Ribombee
|upkeep
|
|t:|1760768642
|switch|p2a: Cinderace|Cinderace, M|100/100
|turn|2
|
|t:|1760768655
|move|p2a: Cinderace|Court Change|p2a: Cinderace
|-swapsideconditions
|-activate|p2a: Cinderace|move: Court Change
|move|p1a: Tyranitar|Knock Off|p2a: Cinderace
|-damage|p2a: Cinderace|46/100
|-enditem|p2a: Cinderace|Heavy-Duty Boots|[from] move: Knock Off|[of] p1a: Tyranitar
|
|-weather|Sandstorm|[upkeep]
|-damage|p2a: Cinderace|40/100|[from] Sandstorm
|upkeep
|turn|3
|inactive|michaelgoalise has 120 seconds left.
|
|t:|1760768687
|move|p2a: Cinderace|Will-O-Wisp|p1a: Tyranitar
|-status|p1a: Tyranitar|brn
|move|p1a: Tyranitar|Thunder Wave|p2a: Cinderace
|-status|p2a: Cinderace|par
|
|-weather|Sandstorm|[upkeep]
|-damage|p2a: Cinderace|34/100 par|[from] Sandstorm
|-damage|p1a: Tyranitar|94/100 brn|[from] brn
|upkeep
|turn|4
|
|t:|1760768700
|move|p2a: Cinderace|Pyro Ball|p1a: Tyranitar
|-resisted|p1a: Tyranitar
|-damage|p1a: Tyranitar|77/100 brn
|move|p1a: Tyranitar|Knock Off|p2a: Cinderace
|-crit|p2a: Cinderace
|-damage|p2a: Cinderace|8/100 par
|
|-weather|Sandstorm|[upkeep]
|-damage|p2a: Cinderace|2/100 par|[from] Sandstorm
|-heal|p1a: Tyranitar|83/100 brn|[from] item: Leftovers
|-damage|p1a: Tyranitar|77/100 brn|[from] brn
|upkeep
|turn|5
|inactive|michaelgoalise has 120 seconds left.
|
|t:|1760768717
|switch|p1a: Palossand|Palossand, F|100/100
|cant|p2a: Cinderace|par
|
|-weather|none
|upkeep
|turn|6
|
|t:|1760768723
|move|p2a: Cinderace|Will-O-Wisp|p1a: Palossand
|-status|p1a: Palossand|brn
|move|p1a: Palossand|Stealth Rock|p2a: Cinderace
|-sidestart|p2: werearewe|move: Stealth Rock
|
|-damage|p1a: Palossand|94/100 brn|[from] brn
|upkeep
|turn|7
|inactive|michaelgoalise has 120 seconds left.
|
|t:|1760768731
|cant|p2a: Cinderace|par
|move|p1a: Palossand|Scorching Sands|p2a: Cinderace
|-supereffective|p2a: Cinderace
|-damage|p2a: Cinderace|0 fnt
|faint|p2a: Cinderace
|
|-damage|p1a: Palossand|88/100 brn|[from] brn
|upkeep
|inactive|werearewe has 120 seconds left.
|
|t:|1760768771
|switch|p2a: Milotic|Milotic, F|100/100
|-activate|p2a: Milotic|move: Sticky Web
|-unboost|p2a: Milotic|spe|1
|-ability|p2a: Milotic|Competitive|boost
|-boost|p2a: Milotic|spa|2
|-damage|p2a: Milotic|88/100|[from] Stealth Rock
|turn|8
|inactive|michaelgoalise has 120 seconds left.
|
|t:|1760768805
|move|p2a: Milotic|Ice Beam|p1a: Palossand
|-supereffective|p1a: Palossand
|-damage|p1a: Palossand|0 fnt
|faint|p1a: Palossand
|
|upkeep
|
|t:|1760768810
|switch|p1a: Ogerpon|Ogerpon-Wellspring, F|100/100
|turn|9
|
|t:|1760768825
|-terastallize|p2a: Milotic|Fairy
|move|p1a: Ogerpon|U-turn|p2a: Milotic
|-resisted|p2a: Milotic
|-damage|p2a: Milotic|73/100
|
|t:|1760768828
|switch|p1a: Tyranitar|Tyranitar, M|77/100 brn|[from] U-turn
|-weather|Sandstorm|[from] ability: Sand Stream|[of] p1a: Tyranitar
|move|p2a: Milotic|Draining Kiss|p1a: Tyranitar
|-supereffective|p1a: Tyranitar
|-damage|p1a: Tyranitar|31/100 brn
|-heal|p2a: Milotic|100/100|[from] drain|[of] p1a: Tyranitar
|
|-weather|Sandstorm|[upkeep]
|-damage|p2a: Milotic|94/100|[from] Sandstorm
|-heal|p1a: Tyranitar|37/100 brn|[from] item: Leftovers
|-damage|p1a: Tyranitar|31/100 brn|[from] brn
|upkeep
|turn|10
|j| PXT Alpha
|
|t:|1760768836
|move|p1a: Tyranitar|Knock Off|p2a: Milotic
|-resisted|p2a: Milotic
|-damage|p2a: Milotic|84/100
|-enditem|p2a: Milotic|Assault Vest|[from] move: Knock Off|[of] p1a: Tyranitar
|move|p2a: Milotic|Draining Kiss|p1a: Tyranitar
|-supereffective|p1a: Tyranitar
|-damage|p1a: Tyranitar|0 fnt
|-heal|p2a: Milotic|100/100|[from] drain|[of] p1a: Tyranitar
|faint|p1a: Tyranitar
|
|-weather|Sandstorm|[upkeep]
|-damage|p2a: Milotic|94/100|[from] Sandstorm
|upkeep
|
|t:|1760768842
|switch|p1a: Excadrill|Excadrill, F|100/100
|turn|11
|inactive|werearewe has 120 seconds left.
|
|t:|1760768875
|move|p1a: Excadrill|Iron Head|p2a: Milotic
|-supereffective|p2a: Milotic
|-damage|p2a: Milotic|0 fnt
|faint|p2a: Milotic
|
|-weather|Sandstorm|[upkeep]
|upkeep
|
|t:|1760768877
|switch|p2a: Ogerpon|Ogerpon, F|100/100
|-activate|p2a: Ogerpon|move: Sticky Web
|-unboost|p2a: Ogerpon|spe|1
|-ability|p2a: Ogerpon|Defiant|boost
|-boost|p2a: Ogerpon|atk|2
|-damage|p2a: Ogerpon|88/100|[from] Stealth Rock
|-enditem|p2a: Ogerpon|White Herb
|-clearnegativeboost|p2a: Ogerpon|[silent]
|turn|12
|
|t:|1760768897
|move|p1a: Excadrill|Iron Head|p2a: Ogerpon
|-damage|p2a: Ogerpon|0 fnt
|faint|p2a: Ogerpon
|
|-weather|Sandstorm|[upkeep]
|upkeep
|
|t:|1760768913
|switch|p2a: Kingambit|Kingambit, F|100/100
|-activate|p2a: Kingambit|move: Sticky Web
|-unboost|p2a: Kingambit|spe|1
|-ability|p2a: Kingambit|Defiant|boost
|-boost|p2a: Kingambit|atk|2
|-damage|p2a: Kingambit|94/100|[from] Stealth Rock
|turn|13
|
|t:|1760768921
|move|p2a: Kingambit|Sucker Punch|p1a: Excadrill
|-damage|p1a: Excadrill|0 fnt
|faint|p1a: Excadrill
|
|-weather|none
|upkeep
|
|t:|1760768924
|switch|p1a: Corviknight|Corviknight, M|100/100
|-ability|p1a: Corviknight|Pressure
|turn|14
|
|t:|1760768951
|move|p1a: Corviknight|Iron Defense|p1a: Corviknight
|-boost|p1a: Corviknight|def|2
|move|p2a: Kingambit|Kowtow Cleave|p1a: Corviknight
|-damage|p1a: Corviknight|70/100
|-damage|p2a: Kingambit|78/100|[from] item: Rocky Helmet|[of] p1a: Corviknight
|
|upkeep
|turn|15
|c|☆michaelgoalise|what is the point of this team
|
|t:|1760768957
|move|p1a: Corviknight|Body Press|p2a: Kingambit
|-supereffective|p2a: Kingambit
|-damage|p2a: Kingambit|0 fnt
|faint|p2a: Kingambit
|
|upkeep
|
|t:|1760768962
|switch|p2a: Empoleon|Empoleon, F|100/100
|-activate|p2a: Empoleon|move: Sticky Web
|-unboost|p2a: Empoleon|spe|1
|-ability|p2a: Empoleon|Competitive|boost
|-boost|p2a: Empoleon|spa|2
|-damage|p2a: Empoleon|94/100|[from] Stealth Rock
|turn|16
|
|t:|1760768967
|move|p1a: Corviknight|Body Press|p2a: Empoleon
|-supereffective|p2a: Empoleon
|-damage|p2a: Empoleon|0 fnt
|faint|p2a: Empoleon
|
|win|michaelgoalise
|raw|michaelgoalise's rating: 1567 &rarr; <strong>1589</strong><br />(+22 for winning)
|raw|werearewe's rating: 1598 &rarr; <strong>1576</strong><br />(-22 for losing)
|l|☆werearewe
|player|p2|
|l| PXT Alpha
|l|☆michaelgoalise
|player|p1|
