|j|☆witcher7777
|j|☆Spotifytweaks
|t:|1760873139
|gametype|singles
|player|p1|witcher7777|swimmer-gen4dp|1393
|player|p2|Spotifytweaks|169|1449
|gen|9
|tier|[Gen 9] OU
|rated|
|rule|HP Percentage Mod: HP is shown in percentages
|rule|Endless Battle Clause: Forcing endless battles is banned
|rule|Species Clause: Limit one of each Pokémon
|rule|OHKO Clause: OHKO moves are banned
|rule|Evasion Items Clause: Evasion items are banned
|rule|Evasion Moves Clause: Evasion moves are banned
|rule|Evasion Abilities Clause: Evasion abilities are banned
|rule|Sleep Moves Clause: Sleep-inducing moves are banned
|clearpoke
|poke|p1|Rhyperior, F|
|poke|p1|Darkrai|
|poke|p1|Gholdengo|
|poke|p1|Iron Crown|
|poke|p1|Cinderace, F|
|poke|p1|Zapdos|
|poke|p2|Great Tusk|
|poke|p2|Heatran, M|
|poke|p2|Weavile, M|
|poke|p2|Primarina, M|
|poke|p2|Ogerpon, F|
|poke|p2|Pecharunt|
|teampreview
|inactive|Battle timer is ON: inactive players will automatically lose when time's up. (requested by Spotifytweaks)
|
|t:|1760873147
|teamsize|p1|6
|teamsize|p2|6
|start
|switch|p1a: Iron Crown|Iron Crown|100/100
|switch|p2a: Anonymous|Ogerpon, F|100/100
|turn|1
|
|t:|1760873150
|move|p2a: Anonymous|Knock Off|p1a: Iron Crown
|-supereffective|p1a: Iron Crown
|-damage|p1a: Iron Crown|0 fnt
|-enditem|p1a: Iron Crown|Choice Specs|[from] move: Knock Off|[of] p2a: Anonymous
|faint|p1a: Iron Crown
|-end|p1a: Iron Crown|Quark Drive|[silent]
|
|upkeep
|
|t:|1760873153
|switch|p1a: Cinderace|Cinderace, F|100/100
|turn|2
|
|t:|1760873156
|switch|p2a: Overseer|Pecharunt|100/100
|move|p1a: Cinderace|U-turn|p2a: Overseer
|-start|p1a: Cinderace|typechange|Bug|[from] ability: Libero
|-resisted|p2a: Overseer
|-damage|p2a: Overseer|97/100
|-damage|p1a: Cinderace|84/100|[from] item: Rocky Helmet|[of] p2a: Overseer
|
|t:|1760873160
|switch|p1a: Darkrai|Darkrai|100/100|[from] U-turn
|
|upkeep
|turn|3
|
|t:|1760873164
|move|p1a: Darkrai|Knock Off|p2a: Overseer
|-supereffective|p2a: Overseer
|-damage|p2a: Overseer|73/100
|-damage|p1a: Darkrai|84/100|[from] item: Rocky Helmet|[of] p2a: Overseer
|-enditem|p2a: Overseer|Rocky Helmet|[from] move: Knock Off|[of] p1a: Darkrai
|move|p2a: Overseer|Parting Shot|p1a: Darkrai
|-unboost|p1a: Darkrai|atk|1
|-unboost|p1a: Darkrai|spa|1
|
|t:|1760873166
|switch|p2a: Anonymous|Ogerpon, F|100/100|[from] Parting Shot
|
|upkeep
|turn|4
|
|t:|1760873172
|switch|p1a: Zapdos|Zapdos|100/100
|-terastallize|p2a: Anonymous|Grass
|detailschange|p2a: Anonymous|Ogerpon-Teal-Tera, F, tera:Grass
|-ability|p2a: Anonymous|Embody Aspect (Teal)|boost
|-boost|p2a: Anonymous|spe|1
|move|p2a: Anonymous|U-turn|p1a: Zapdos
|-resisted|p1a: Zapdos
|-damage|p1a: Zapdos|89/100
|
|t:|1760873180
|switch|p2a: Bandit|Weavile, M, shiny|100/100|[from] U-turn
|-ability|p2a: Bandit|Pressure
|
|upkeep
|turn|5
|
|t:|1760873188
|move|p2a: Bandit|Triple Axel|p1a: Zapdos
|-supereffective|p1a: Zapdos
|-damage|p1a: Zapdos|67/100
|-status|p2a: Bandit|par|[from] ability: Static|[of] p1a: Zapdos
|-supereffective|p1a: Zapdos
|-damage|p1a: Zapdos|23/100
|-supereffective|p1a: Zapdos
|-damage|p1a: Zapdos|0 fnt
|faint|p1a: Zapdos
|-hitcount|p1: Zapdos|3
|
|upkeep
|
|t:|1760873197
|switch|p1a: Cinderace|Cinderace, F|84/100
|turn|6
|
|t:|1760873200
|switch|p2a: Overseer|Pecharunt|73/100
|move|p1a: Cinderace|U-turn|p2a: Overseer
|-start|p1a: Cinderace|typechange|Bug|[from] ability: Libero
|-resisted|p2a: Overseer
|-damage|p2a: Overseer|69/100
|
|t:|1760873202
|switch|p1a: Darkrai|Darkrai|84/100|[from] U-turn
|
|upkeep
|turn|7
|
|t:|1760873206
|move|p1a: Darkrai|Dark Pulse|p2a: Overseer
|-supereffective|p2a: Overseer
|-damage|p2a: Overseer|0 fnt
|faint|p2a: Overseer
|
|upkeep
|
|t:|1760873210
|switch|p2a: Anonymous|Ogerpon-Teal-Tera, F, tera:Grass|100/100
|-ability|p2a: Anonymous|Embody Aspect (Teal)|boost
|-boost|p2a: Anonymous|spe|1
|turn|8
|
|t:|1760873215
|move|p2a: Anonymous|U-turn|p1a: Darkrai
|-supereffective|p1a: Darkrai
|-damage|p1a: Darkrai|0 fnt
|faint|p1a: Darkrai
|
|t:|1760873218
|switch|p2a: Chaos|Heatran, M, shiny|100/100|[from] U-turn
|-item|p2a: Chaos|Air Balloon
|
|upkeep
|
|t:|1760873223
|switch|p1a: Cinderace|Cinderace, F|84/100
|turn|9
|
|t:|1760873226
|move|p1a: Cinderace|U-turn|p2a: Chaos
|-start|p1a: Cinderace|typechange|Bug|[from] ability: Libero
|-resisted|p2a: Chaos
|-damage|p2a: Chaos|92/100
|-enditem|p2a: Chaos|Air Balloon
|
|t:|1760873228
|switch|p1a: Rhyperior|Rhyperior, F|100/100|[from] U-turn
|move|p2a: Chaos|Earth Power|p1a: Rhyperior
|-supereffective|p1a: Rhyperior
|-damage|p1a: Rhyperior|65/100
|
|upkeep
|turn|10
|
|t:|1760873239
|move|p2a: Chaos|Earth Power|p1a: Rhyperior
|-supereffective|p1a: Rhyperior
|-damage|p1a: Rhyperior|25/100
|move|p1a: Rhyperior|Earthquake|p2a: Chaos
|-supereffective|p2a: Chaos
|-crit|p2a: Chaos
|-damage|p2a: Chaos|0 fnt
|faint|p2a: Chaos
|
|upkeep
|
|t:|1760873241
|switch|p2a: Behemoth|Great Tusk, shiny|100/100
|turn|11
|
|t:|1760873247
|move|p2a: Behemoth|Rapid Spin|p1a: Rhyperior
|-resisted|p1a: Rhyperior
|-damage|p1a: Rhyperior|20/100
|-boost|p2a: Behemoth|spe|1
|move|p1a: Rhyperior|Ice Punch|p2a: Behemoth
|-supereffective|p2a: Behemoth
|-damage|p2a: Behemoth|62/100
|
|upkeep
|turn|12
|
|t:|1760873254
|move|p2a: Behemoth|Headlong Rush|p1a: Rhyperior
|-supereffective|p1a: Rhyperior
|-damage|p1a: Rhyperior|0 fnt
|-unboost|p2a: Behemoth|def|1
|-unboost|p2a: Behemoth|spd|1
|faint|p1a: Rhyperior
|
|upkeep
|
|t:|1760873255
|switch|p1a: Gholdengo|Gholdengo|100/100
|-item|p1a: Gholdengo|Air Balloon
|turn|13
|
|t:|1760873266
|-end|p2a: Behemoth|Protosynthesis|[silent]
|switch|p2a: Celestine|Primarina, M, shiny|100/100
|move|p1a: Gholdengo|Hex|p2a: Celestine
|-damage|p2a: Celestine|85/100
|
|upkeep
|turn|14
|
|t:|1760873270
|move|p1a: Gholdengo|Thunder Wave|p2a: Celestine
|-status|p2a: Celestine|par
|move|p2a: Celestine|Flip Turn|p1a: Gholdengo
|-damage|p1a: Gholdengo|91/100
|-enditem|p1a: Gholdengo|Air Balloon
|
|t:|1760873275
|switch|p2a: Behemoth|Great Tusk, shiny|62/100|[from] Flip Turn
|
|upkeep
|turn|15
|
|t:|1760873283
|-terastallize|p1a: Gholdengo|Fairy
|move|p2a: Behemoth|Headlong Rush|p1a: Gholdengo
|-damage|p1a: Gholdengo|47/100
|-unboost|p2a: Behemoth|def|1
|-unboost|p2a: Behemoth|spd|1
|move|p1a: Gholdengo|Make It Rain|p2a: Behemoth
|-damage|p2a: Behemoth|0 fnt
|-unboost|p1a: Gholdengo|spa|1
|faint|p2a: Behemoth
|-end|p2a: Behemoth|Protosynthesis|[silent]
|
|upkeep
|
|t:|1760873289
|switch|p2a: Anonymous|Ogerpon-Teal-Tera, F, tera:Grass|100/100
|-ability|p2a: Anonymous|Embody Aspect (Teal)|boost
|-boost|p2a: Anonymous|spe|1
|turn|16
|
|t:|1760873295
|switch|p1a: Cinderace|Cinderace, F|84/100
|move|p2a: Anonymous|Ivy Cudgel|p1a: Cinderace
|-resisted|p1a: Cinderace
|-damage|p1a: Cinderace|13/100
|
|upkeep
|turn|17
|
|t:|1760873302
|move|p1a: Cinderace|Sucker Punch|p2a: Anonymous
|-start|p1a: Cinderace|typechange|Dark|[from] ability: Libero
|-damage|p2a: Anonymous|59/100
|move|p2a: Anonymous|Ivy Cudgel|p1a: Cinderace
|-crit|p1a: Cinderace
|-damage|p1a: Cinderace|0 fnt
|faint|p1a: Cinderace
|
|upkeep
|
|t:|1760873308
|switch|p1a: Gholdengo|Gholdengo, tera:Fairy|47/100
|turn|18
|
|t:|1760873311
|move|p2a: Anonymous|Ivy Cudgel|p1a: Gholdengo
|-damage|p1a: Gholdengo|0 fnt
|faint|p1a: Gholdengo
|
|win|Spotifytweaks
|raw|witcher7777's rating: 1393 &rarr; <strong>1376</strong><br />(-17 for losing)
|raw|Spotifytweaks's rating: 1449 &rarr; <strong>1466</strong><br />(+17 for winning)
|l|☆witcher7777
|player|p1|
|l|☆Spotifytweaks
|player|p2|
