|j|☆KennytheslugSmith
|j|☆Vickvolta侠
|t:|1760859127
|gametype|singles
|player|p1|KennytheslugSmith|scientist-gen4dp|1165
|player|p2|Vickvolta侠|bugcatcher-gen4dp|1112
|gen|9
|tier|[Gen 9] OU
|rated|
|rule|HP Percentage Mod: HP is shown in percentages
|rule|Endless Battle Clause: Forcing endless battles is banned
|rule|Species Clause: Limit one of each Pokémon
|rule|OHKO Clause: OHKO moves are banned
|rule|Evasion Items Clause: Evasion items are banned
|rule|Evasion Moves Clause: Evasion moves are banned
|rule|Evasion Abilities Clause: Evasion abilities are banned
|rule|Sleep Moves Clause: Sleep-inducing moves are banned
|clearpoke
|poke|p1|Hydrapple, M|
|poke|p1|Skarmory, M|
|poke|p1|Tyranitar, F|
|poke|p1|Alomomola, M|
|poke|p1|Clodsire, F|
|poke|p1|Clefable, F|
|poke|p2|Metagross|
|poke|p2|Forretress, F|
|poke|p2|Staraptor, F|
|poke|p2|Talonflame, M|
|poke|p2|Galvantula, F|
|poke|p2|Tyranitar, M|
|teampreview
|
|t:|1760859133
|teamsize|p1|6
|teamsize|p2|6
|start
|switch|p1a: Tyranitar|Tyranitar, F|100/100
|switch|p2a: Staraptor|Staraptor, F|100/100
|-weather|Sandstorm|[from] ability: Sand Stream|[of] p1a: Tyranitar
|turn|1
|inactive|Battle timer is ON: inactive players will automatically lose when time's up. (requested by KennytheslugSmith)
|
|t:|1760859143
|switch|p1a: Skarmory|Skarmory, M|100/100
|move|p2a: Staraptor|Close Combat|p1a: Skarmory
|-damage|p1a: Skarmory|58/100
|-unboost|p2a: Staraptor|def|1
|-unboost|p2a: Staraptor|spd|1
|
|-weather|Sandstorm|[upkeep]
|-damage|p2a: Staraptor|94/100|[from] Sandstorm
|upkeep
|turn|2
|
|t:|1760859156
|switch|p2a: Galvantula|Galvantula, F|100/100
|move|p1a: Skarmory|Roost|p1a: Skarmory
|-heal|p1a: Skarmory|100/100
|-singleturn|p1a: Skarmory|move: Roost
|
|-weather|Sandstorm|[upkeep]
|-damage|p2a: Galvantula|94/100|[from] Sandstorm
|upkeep
|turn|3
|
|t:|1760859166
|switch|p1a: Tyranitar|Tyranitar, F|100/100
|move|p2a: Galvantula|Sticky Web|p1a: Tyranitar
|-sidestart|p1: KennytheslugSmith|move: Sticky Web
|
|-weather|Sandstorm|[upkeep]
|-damage|p2a: Galvantula|88/100|[from] Sandstorm
|upkeep
|turn|4
|
|t:|1760859175
|move|p2a: Galvantula|Bug Buzz|p1a: Tyranitar
|-supereffective|p1a: Tyranitar
|-damage|p1a: Tyranitar|71/100
|move|p1a: Tyranitar|Stealth Rock|p2a: Galvantula
|-sidestart|p2: Vickvolta侠|move: Stealth Rock
|
|-weather|Sandstorm|[upkeep]
|-damage|p2a: Galvantula|82/100|[from] Sandstorm
|upkeep
|turn|5
|
|t:|1760859183
|switch|p1a: Clodsire|Clodsire, F|100/100
|move|p2a: Galvantula|Bug Buzz|p1a: Clodsire
|-resisted|p1a: Clodsire
|-damage|p1a: Clodsire|90/100
|-unboost|p1a: Clodsire|spd|1
|
|-weather|none
|upkeep
|turn|6
|
|t:|1760859193
|move|p2a: Galvantula|Bug Buzz|p1a: Clodsire
|-resisted|p1a: Clodsire
|-damage|p1a: Clodsire|72/100
|move|p1a: Clodsire|Toxic|p2a: Galvantula
|-status|p2a: Galvantula|tox
|
|-damage|p2a: Galvantula|76/100 tox|[from] psn
|upkeep
|turn|7
|
|t:|1760859202
|move|p2a: Galvantula|Bug Buzz|p1a: Clodsire
|-resisted|p1a: Clodsire
|-damage|p1a: Clodsire|56/100
|move|p1a: Clodsire|Amnesia|p1a: Clodsire
|-boost|p1a: Clodsire|spd|2
|
|-damage|p2a: Galvantula|64/100 tox|[from] psn
|upkeep
|turn|8
|
|t:|1760859211
|move|p2a: Galvantula|Bug Buzz|p1a: Clodsire
|-resisted|p1a: Clodsire
|-damage|p1a: Clodsire|49/100
|move|p1a: Clodsire|Recover|p1a: Clodsire
|-heal|p1a: Clodsire|99/100
|
|-damage|p2a: Galvantula|46/100 tox|[from] psn
|upkeep
|turn|9
|
|t:|1760859220
|move|p2a: Galvantula|Bug Buzz|p1a: Clodsire
|-resisted|p1a: Clodsire
|-damage|p1a: Clodsire|91/100
|move|p1a: Clodsire|Amnesia|p1a: Clodsire
|-boost|p1a: Clodsire|spd|2
|
|-damage|p2a: Galvantula|22/100 tox|[from] psn
|upkeep
|turn|10
|
|t:|1760859229
|move|p2a: Galvantula|Bug Buzz|p1a: Clodsire
|-resisted|p1a: Clodsire
|-damage|p1a: Clodsire|84/100
|move|p1a: Clodsire|Amnesia|p1a: Clodsire
|-boost|p1a: Clodsire|spd|2
|
|-damage|p2a: Galvantula|0 fnt|[from] psn
|faint|p2a: Galvantula
|upkeep
|
|t:|1760859238
|switch|p2a: Forretress|Forretress, F|100/100
|-damage|p2a: Forretress|88/100|[from] Stealth Rock
|turn|11
|
|t:|1760859248
|switch|p1a: Skarmory|Skarmory, M|100/100
|move|p2a: Forretress|Rapid Spin|p1a: Skarmory
|-resisted|p1a: Skarmory
|-damage|p1a: Skarmory|96/100
|-boost|p2a: Forretress|spe|1
|-sideend|p2: Vickvolta侠|Stealth Rock|[from] move: Rapid Spin|[of] p2a: Forretress
|
|upkeep
|turn|12
|
|t:|1760859258
|switch|p2a: Talonflame|Talonflame, M|100/100
|move|p1a: Skarmory|Spikes|p2a: Talonflame
|-sidestart|p2: Vickvolta侠|Spikes
|
|upkeep
|turn|13
|
|t:|1760859265
|switch|p1a: Alomomola|Alomomola, M, shiny|100/100
|-terastallize|p2a: Talonflame|Fire
|move|p2a: Talonflame|Flare Blitz|p1a: Alomomola
|-resisted|p1a: Alomomola
|-damage|p1a: Alomomola|74/100
|-damage|p2a: Talonflame|86/100|[from] Recoil
|
|upkeep
|turn|14
|
|t:|1760859281
|switch|p2a: Tyranitar|Tyranitar, M|100/100
|-damage|p2a: Tyranitar|88/100|[from] Spikes
|-weather|Sandstorm|[from] ability: Sand Stream|[of] p2a: Tyranitar
|move|p1a: Alomomola|Wish|p1a: Alomomola
|
|-weather|Sandstorm|[upkeep]
|-damage|p1a: Alomomola|68/100|[from] Sandstorm
|upkeep
|turn|15
|
|t:|1760859291
|move|p2a: Tyranitar|Knock Off|p1a: Alomomola
|-damage|p1a: Alomomola|40/100
|-enditem|p1a: Alomomola|Heavy-Duty Boots|[from] move: Knock Off|[of] p2a: Tyranitar
|move|p1a: Alomomola|Flip Turn|p2a: Tyranitar
|-supereffective|p2a: Tyranitar
|-damage|p2a: Tyranitar|61/100
|
|t:|1760859299
|switch|p1a: Tyranitar|Tyranitar, F|71/100|[from] Flip Turn
|
|-weather|Sandstorm|[upkeep]
|-heal|p1a: Tyranitar|100/100|[from] move: Wish|[wisher] Alomomola
|upkeep
|turn|16
|
|t:|1760859307
|switch|p1a: Alomomola|Alomomola, M, shiny|74/100
|-activate|p1a: Alomomola|move: Sticky Web
|-unboost|p1a: Alomomola|spe|1
|move|p2a: Tyranitar|Earthquake|p1a: Alomomola
|-damage|p1a: Alomomola|55/100
|
|-weather|Sandstorm|[upkeep]
|-damage|p1a: Alomomola|49/100|[from] Sandstorm
|upkeep
|turn|17
|
|t:|1760859317
|move|p2a: Tyranitar|Stone Edge|p1a: Alomomola
|-damage|p1a: Alomomola|24/100
|move|p1a: Alomomola|Wish|p1a: Alomomola
|
|-weather|Sandstorm|[upkeep]
|-damage|p1a: Alomomola|18/100|[from] Sandstorm
|upkeep
|turn|18
|
|t:|1760859326
|switch|p2a: Staraptor|Staraptor, F|94/100
|move|p1a: Alomomola|Protect||[still]
|-fail|p1a: Alomomola
|
|-weather|none
|-heal|p1a: Alomomola|68/100|[from] move: Wish|[wisher] Alomomola
|upkeep
|turn|19
|
|t:|1760859335
|move|p1a: Alomomola|Protect|p1a: Alomomola
|-singleturn|p1a: Alomomola|Protect
|move|p2a: Staraptor|Brave Bird|p1a: Alomomola
|-activate|p1a: Alomomola|move: Protect
|
|upkeep
|turn|20
|
|t:|1760859342
|switch|p1a: Skarmory|Skarmory, M|96/100
|move|p2a: Staraptor|Brave Bird|p1a: Skarmory
|-resisted|p1a: Skarmory
|-damage|p1a: Skarmory|60/100
|-damage|p2a: Staraptor|82/100|[from] Recoil
|
|upkeep
|turn|21
|
|t:|1760859351
|switch|p2a: Tyranitar|Tyranitar, M|61/100
|-damage|p2a: Tyranitar|49/100|[from] Spikes
|-weather|Sandstorm|[from] ability: Sand Stream|[of] p2a: Tyranitar
|move|p1a: Skarmory|Roost|p1a: Skarmory
|-heal|p1a: Skarmory|100/100
|-singleturn|p1a: Skarmory|move: Roost
|
|-weather|Sandstorm|[upkeep]
|upkeep
|turn|22
|
|t:|1760859362
|switch|p1a: Alomomola|Alomomola, M, shiny|100/100
|-activate|p1a: Alomomola|move: Sticky Web
|-unboost|p1a: Alomomola|spe|1
|move|p2a: Tyranitar|Knock Off|p1a: Alomomola
|-damage|p1a: Alomomola|84/100
|
|-weather|Sandstorm|[upkeep]
|-damage|p1a: Alomomola|78/100|[from] Sandstorm
|upkeep
|turn|23
|
|t:|1760859372
|move|p2a: Tyranitar|Stone Edge|p1a: Alomomola|[miss]
|-miss|p2a: Tyranitar|p1a: Alomomola
|move|p1a: Alomomola|Wish|p1a: Alomomola
|
|-weather|Sandstorm|[upkeep]
|-damage|p1a: Alomomola|72/100|[from] Sandstorm
|upkeep
|turn|24
|
|t:|1760859381
|switch|p2a: Metagross|Metagross|100/100
|-damage|p2a: Metagross|88/100|[from] Spikes
|move|p1a: Alomomola|Protect||[still]
|-fail|p1a: Alomomola
|
|-weather|Sandstorm|[upkeep]
|-damage|p1a: Alomomola|65/100|[from] Sandstorm
|-heal|p1a: Alomomola|100/100|[from] move: Wish|[wisher] Alomomola
|upkeep
|turn|25
|
|t:|1760859392
|move|p2a: Metagross|Earthquake|p1a: Alomomola
|-damage|p1a: Alomomola|69/100
|-damage|p2a: Metagross|78/100|[from] item: Life Orb
|move|p1a: Alomomola|Flip Turn|p2a: Metagross
|-damage|p2a: Metagross|65/100
|
|t:|1760859399
|switch|p1a: Skarmory|Skarmory, M|100/100|[from] Flip Turn
|
|-weather|none
|upkeep
|turn|26
|
|t:|1760859405
|move|p1a: Skarmory|Iron Defense|p1a: Skarmory
|-boost|p1a: Skarmory|def|2
|move|p2a: Metagross|Explosion|p1a: Skarmory
|-resisted|p1a: Skarmory
|-damage|p1a: Skarmory|81/100
|faint|p2a: Metagross
|
|upkeep
|
|t:|1760859413
|switch|p2a: Forretress|Forretress, F|88/100
|-damage|p2a: Forretress|76/100|[from] Spikes
|turn|27
|
|t:|1760859418
|move|p1a: Skarmory|Body Press|p2a: Forretress
|-damage|p2a: Forretress|30/100
|move|p2a: Forretress|Explosion|p1a: Skarmory
|-resisted|p1a: Skarmory
|-damage|p1a: Skarmory|70/100
|faint|p2a: Forretress
|
|upkeep
|
|t:|1760859427
|switch|p2a: Talonflame|Talonflame, M, tera:Fire|86/100
|-damage|p2a: Talonflame|74/100|[from] Spikes
|turn|28
|
|t:|1760859431
|switch|p1a: Alomomola|Alomomola, M, shiny|100/100
|-activate|p1a: Alomomola|move: Sticky Web
|-unboost|p1a: Alomomola|spe|1
|move|p2a: Talonflame|Flare Blitz|p1a: Alomomola
|-resisted|p1a: Alomomola
|-damage|p1a: Alomomola|73/100
|-damage|p2a: Talonflame|60/100|[from] Recoil
|
|upkeep
|turn|29
|
|t:|1760859440
|move|p2a: Talonflame|Flare Blitz|p1a: Alomomola
|-resisted|p1a: Alomomola
|-damage|p1a: Alomomola|44/100
|-damage|p2a: Talonflame|45/100|[from] Recoil
|move|p1a: Alomomola|Flip Turn|p2a: Talonflame
|-supereffective|p2a: Talonflame
|-damage|p2a: Talonflame|0 fnt
|faint|p2a: Talonflame
|
|t:|1760859450
|switch|p1a: Tyranitar|Tyranitar, F|100/100|[from] Flip Turn
|-weather|Sandstorm|[from] ability: Sand Stream|[of] p1a: Tyranitar
|
|-weather|Sandstorm|[upkeep]
|upkeep
|
|t:|1760859458
|switch|p2a: Staraptor|Staraptor, F|82/100
|turn|30
|
|t:|1760859464
|switch|p1a: Clefable|Clefable, F|100/100
|-activate|p1a: Clefable|move: Sticky Web
|-unboost|p1a: Clefable|spe|1
|move|p2a: Staraptor|Close Combat|p1a: Clefable
|-resisted|p1a: Clefable
|-damage|p1a: Clefable|77/100
|-unboost|p2a: Staraptor|def|1
|-unboost|p2a: Staraptor|spd|1
|
|-weather|Sandstorm|[upkeep]
|-damage|p2a: Staraptor|75/100|[from] Sandstorm
|upkeep
|turn|31
|
|t:|1760859476
|move|p2a: Staraptor|Close Combat|p1a: Clefable
|-resisted|p1a: Clefable
|-damage|p1a: Clefable|52/100
|-unboost|p2a: Staraptor|def|1
|-unboost|p2a: Staraptor|spd|1
|move|p1a: Clefable|Wish|p1a: Clefable
|
|-weather|Sandstorm|[upkeep]
|-damage|p2a: Staraptor|69/100|[from] Sandstorm
|upkeep
|turn|32
|
|t:|1760859486
|move|p2a: Staraptor|Close Combat|p1a: Clefable
|-resisted|p1a: Clefable
|-damage|p1a: Clefable|28/100
|-unboost|p2a: Staraptor|def|1
|-unboost|p2a: Staraptor|spd|1
|move|p1a: Clefable|Moonblast|p2a: Staraptor
|-damage|p2a: Staraptor|0 fnt
|faint|p2a: Staraptor
|
|-weather|Sandstorm|[upkeep]
|-heal|p1a: Clefable|78/100|[from] move: Wish|[wisher] Clefable
|upkeep
|
|t:|1760859499
|switch|p2a: Tyranitar|Tyranitar, M|49/100
|-damage|p2a: Tyranitar|37/100|[from] Spikes
|turn|33
|
|t:|1760859503
|switch|p1a: Alomomola|Alomomola, M, shiny|78/100
|-activate|p1a: Alomomola|move: Sticky Web
|-unboost|p1a: Alomomola|spe|1
|move|p2a: Tyranitar|Stone Edge|p1a: Alomomola
|-crit|p1a: Alomomola
|-damage|p1a: Alomomola|37/100
|
|-weather|none
|upkeep
|turn|34
|l|☆Vickvolta侠
|inactive|Vickvolta侠 disconnected and has a minute to reconnect!
|player|p2|
|j|☆Vickvolta侠
|inactive|Vickvolta侠 reconnected and has 120 seconds left.
|player|p2|Vickvolta侠|bugcatcher-gen4dp|
|
|t:|1760859544
|move|p2a: Tyranitar|Stone Edge|p1a: Alomomola|[miss]
|-miss|p2a: Tyranitar|p1a: Alomomola
|move|p1a: Alomomola|Wish|p1a: Alomomola
|
|upkeep
|turn|35
|
|t:|1760859549
|move|p1a: Alomomola|Protect|p1a: Alomomola
|-singleturn|p1a: Alomomola|Protect
|move|p2a: Tyranitar|Stone Edge|p1a: Alomomola
|-activate|p1a: Alomomola|move: Protect
|
|-heal|p1a: Alomomola|87/100|[from] move: Wish|[wisher] Alomomola
|upkeep
|turn|36
|inactive|Vickvolta侠 has 120 seconds left.
|inactive|Vickvolta侠 has 90 seconds left.
|inactive|Vickvolta侠 has 60 seconds left.
|inactive|Vickvolta侠 has 30 seconds left.
|inactive|Vickvolta侠 has 20 seconds left.
|inactive|Vickvolta侠 has 15 seconds left.
|inactive|Vickvolta侠 has 10 seconds left.
|inactive|Vickvolta侠 has 5 seconds left.
|-message|Vickvolta侠 lost due to inactivity.
|
|win|KennytheslugSmith
|raw|KennytheslugSmith's rating: 1187 &rarr; <strong>1207</strong><br />(+20 for winning)
|raw|Vickvolta侠's rating: 1112 &rarr; <strong>1092</strong><br />(-20 for losing)
