|j|☆R687
|j|☆deepfried_kiwis
|t:|1760807030
|gametype|singles
|player|p1|R687|unknown|1079
|player|p2|deepfried_kiwis|ingo|1117
|gen|9
|tier|[Gen 9] OU
|rated|
|rule|HP Percentage Mod: HP is shown in percentages
|rule|Endless Battle Clause: Forcing endless battles is banned
|rule|Species Clause: Limit one of each Pokémon
|rule|OHKO Clause: OHKO moves are banned
|rule|Evasion Items Clause: Evasion items are banned
|rule|Evasion Moves Clause: Evasion moves are banned
|rule|Evasion Abilities Clause: Evasion abilities are banned
|rule|Sleep Moves Clause: Sleep-inducing moves are banned
|clearpoke
|poke|p1|Barraskewda, M|
|poke|p1|Hatterene, F|
|poke|p1|Gengar, F|
|poke|p1|Cyclizar, M|
|poke|p1|Orthworm, M|
|poke|p1|Zoroark-Hisui, M|
|poke|p2|Garganacl, F|
|poke|p2|Dragapult, F|
|poke|p2|Ogerpon-Wellspring, F|
|poke|p2|Moltres|
|poke|p2|Zamazenta-*|
|poke|p2|Iron Treads|
|teampreview
|
|t:|1760807044
|teamsize|p1|6
|teamsize|p2|6
|start
|switch|p1a: Hatterene|Hatterene, F|100/100
|switch|p2a: Iron Treads|Iron Treads|100/100
|turn|1
|
|t:|1760807050
|move|p2a: Iron Treads|Stealth Rock|p1a: Hatterene
|move|p1a: Hatterene|Stealth Rock|p2a: Iron Treads|[from] ability: Magic Bounce
|-sidestart|p2: deepfried_kiwis|move: Stealth Rock
|move|p1a: Hatterene|Reflect|p1a: Hatterene
|-sidestart|p1: R687|Reflect
|
|upkeep
|turn|2
|
|t:|1760807056
|move|p2a: Iron Treads|Knock Off|p1a: Hatterene
|-damage|p1a: Hatterene|83/100
|-enditem|p1a: Hatterene|Light Clay|[from] move: Knock Off|[of] p2a: Iron Treads
|move|p1a: Hatterene|Light Screen|p1a: Hatterene
|-sidestart|p1: R687|move: Light Screen
|
|upkeep
|turn|3
|
|t:|1760807066
|move|p2a: Iron Treads|Rapid Spin|p1a: Hatterene
|-damage|p1a: Hatterene|73/100
|-boost|p2a: Iron Treads|spe|1
|-sideend|p2: deepfried_kiwis|Stealth Rock|[from] move: Rapid Spin|[of] p2a: Iron Treads
|move|p1a: Hatterene|Psychic|p2a: Iron Treads
|-resisted|p2a: Iron Treads
|-damage|p2a: Iron Treads|82/100
|
|-heal|p2a: Iron Treads|88/100|[from] item: Leftovers
|upkeep
|turn|4
|inactive|Battle timer is ON: inactive players will automatically lose when time's up. (requested by deepfried_kiwis)
|
|t:|1760807082
|switch|p1a: Barraskewda|Barraskewda, M|100/100
|move|p2a: Iron Treads|Knock Off|p1a: Barraskewda
|-damage|p1a: Barraskewda|77/100
|-enditem|p1a: Barraskewda|Expert Belt|[from] move: Knock Off|[of] p2a: Iron Treads
|
|-heal|p2a: Iron Treads|94/100|[from] item: Leftovers
|upkeep
|turn|5
|
|t:|1760807093
|-end|p2a: Iron Treads|Quark Drive|[silent]
|switch|p2a: Ogerpon|Ogerpon-Wellspring, F|100/100
|move|p1a: Barraskewda|Liquidation|p2a: Ogerpon
|-immune|p2a: Ogerpon|[from] ability: Water Absorb
|
|upkeep
|turn|6
|
|t:|1760807110
|move|p1a: Barraskewda|Poison Jab|p2a: Ogerpon
|-supereffective|p2a: Ogerpon
|-damage|p2a: Ogerpon|36/100
|move|p2a: Ogerpon|Trailblaze|p1a: Barraskewda
|-supereffective|p1a: Barraskewda
|-damage|p1a: Barraskewda|24/100
|-boost|p2a: Ogerpon|spe|1
|
|-sideend|p1: R687|move: Light Screen
|upkeep
|turn|7
|
|t:|1760807120
|move|p2a: Ogerpon|Trailblaze|p1a: Barraskewda
|-supereffective|p1a: Barraskewda
|-damage|p1a: Barraskewda|0 fnt
|-boost|p2a: Ogerpon|spe|1
|faint|p1a: Barraskewda
|
|upkeep
|
|t:|1760807135
|switch|p1a: Hatterene|Hatterene, F|73/100
|turn|8
|
|t:|1760807140
|move|p2a: Ogerpon|Ivy Cudgel|p1a: Hatterene|[anim] Ivy Cudgel Water
|-damage|p1a: Hatterene|37/100
|move|p1a: Hatterene|Psychic|p2a: Ogerpon
|-damage|p2a: Ogerpon|0 fnt
|faint|p2a: Ogerpon
|
|-sideend|p1: R687|Reflect
|upkeep
|
|t:|1760807149
|switch|p2a: Dragapult|Dragapult, F|100/100
|turn|9
|
|t:|1760807154
|move|p2a: Dragapult|Hex|p1a: Hatterene
|-supereffective|p1a: Hatterene
|-damage|p1a: Hatterene|0 fnt
|faint|p1a: Hatterene
|
|upkeep
|
|t:|1760807160
|switch|p1a: Orthworm|Orthworm, M|100/100
|turn|10
|
|t:|1760807178
|switch|p2a: Moltres|Moltres|100/100
|move|p1a: Orthworm|Bitter Malice|p2a: Moltres
|-damage|p2a: Moltres|66/100
|-unboost|p2a: Moltres|atk|1
|
|upkeep
|turn|11
|
|t:|1760807195
|move|p1a: Orthworm|Nasty Plot|p1a: Orthworm
|-boost|p1a: Orthworm|spa|2
|move|p2a: Moltres|Flamethrower|p1a: Orthworm
|-damage|p1a: Orthworm|21/100
|replace|p1a: Zoroark|Zoroark-Hisui, M
|-end|p1a: Zoroark|Illusion
|
|upkeep
|turn|12
|
|t:|1760807208
|move|p1a: Zoroark|Hyper Voice|p2a: Moltres
|-damage|p2a: Moltres|0 fnt
|faint|p2a: Moltres
|
|upkeep
|
|t:|1760807215
|switch|p2a: Dragapult|Dragapult, F|100/100
|turn|13
|
|t:|1760807218
|move|p2a: Dragapult|Hex|p1a: Zoroark
|-immune|p1a: Zoroark
|move|p1a: Zoroark|Bitter Malice|p2a: Dragapult
|-supereffective|p2a: Dragapult
|-damage|p2a: Dragapult|0 fnt
|faint|p2a: Dragapult
|
|upkeep
|
|t:|1760807223
|switch|p2a: Zamazenta|Zamazenta|100/100
|-ability|p2a: Zamazenta|Dauntless Shield|boost
|-boost|p2a: Zamazenta|def|1
|turn|14
|
|t:|1760807232
|move|p2a: Zamazenta|Crunch|p1a: Zoroark
|-supereffective|p1a: Zoroark
|-damage|p1a: Zoroark|0 fnt
|faint|p1a: Zoroark
|
|upkeep
|
|t:|1760807246
|switch|p1a: Cyclizar|Cyclizar, M|100/100
|turn|15
|
|t:|1760807253
|move|p2a: Zamazenta|Close Combat|p1a: Cyclizar
|-supereffective|p1a: Cyclizar
|-damage|p1a: Cyclizar|0 fnt
|-unboost|p2a: Zamazenta|def|1
|-unboost|p2a: Zamazenta|spd|1
|faint|p1a: Cyclizar
|
|upkeep
|
|t:|1760807266
|switch|p1a: Gengar|Gengar, F|100/100
|turn|16
|
|t:|1760807270
|move|p2a: Zamazenta|Crunch|p1a: Gengar
|-supereffective|p1a: Gengar
|-enditem|p1a: Gengar|Focus Sash
|-damage|p1a: Gengar|1/100
|move|p1a: Gengar|Shadow Ball|p2a: Zamazenta
|-damage|p2a: Zamazenta|42/100
|-unboost|p2a: Zamazenta|spd|1
|
|upkeep
|turn|17
|
|t:|1760807280
|move|p2a: Zamazenta|Crunch|p1a: Gengar
|-supereffective|p1a: Gengar
|-damage|p1a: Gengar|0 fnt
|faint|p1a: Gengar
|
|upkeep
|
|t:|1760807284
|switch|p1a: Orthworm|Orthworm, M|100/100
|turn|18
|
|t:|1760807297
|move|p2a: Zamazenta|Close Combat|p1a: Orthworm
|-supereffective|p1a: Orthworm
|-damage|p1a: Orthworm|20/100
|-unboost|p2a: Zamazenta|def|1
|-unboost|p2a: Zamazenta|spd|1
|move|p1a: Orthworm|Body Press|p2a: Zamazenta
|-damage|p2a: Zamazenta|0 fnt
|faint|p2a: Zamazenta
|
|upkeep
|
|t:|1760807301
|switch|p2a: Garganacl|Garganacl, F|100/100
|turn|19
|
|t:|1760807312
|-terastallize|p1a: Orthworm|Steel
|move|p1a: Orthworm|Metal Burst||[still]
|-fail|p1a: Orthworm
|move|p2a: Garganacl|Salt Cure|p1a: Orthworm
|-resisted|p1a: Orthworm
|-damage|p1a: Orthworm|16/100
|-start|p1a: Orthworm|Salt Cure
|
|-damage|p1a: Orthworm|0 fnt|[from] Salt Cure
|faint|p1a: Orthworm
|
|win|deepfried_kiwis
|raw|R687's rating: 1079 &rarr; <strong>1060</strong><br />(-19 for losing)
|raw|deepfried_kiwis's rating: 1117 &rarr; <strong>1139</strong><br />(+22 for winning)
|l|☆R687
|player|p1|
