|j|☆oficial matute
|j|☆Senech
|t:|1760852457
|gametype|singles
|player|p1|oficial matute|policeman|1188
|player|p2|Senech|crasherwake|1250
|gen|9
|tier|[Gen 9] OU
|rated|
|rule|HP Percentage Mod: HP is shown in percentages
|rule|Endless Battle Clause: Forcing endless battles is banned
|rule|Species Clause: Limit one of each Pokémon
|rule|OHKO Clause: OHKO moves are banned
|rule|Evasion Items Clause: Evasion items are banned
|rule|Evasion Moves Clause: Evasion moves are banned
|rule|Evasion Abilities Clause: Evasion abilities are banned
|rule|Sleep Moves Clause: Sleep-inducing moves are banned
|clearpoke
|poke|p1|Noivern, F|
|poke|p1|Tropius, F|
|poke|p1|Garchomp, F|
|poke|p1|Hydrapple, M|
|poke|p1|Torterra, F|
|poke|p1|Landorus-Therian, M|
|poke|p2|Iron Moth|
|poke|p2|Kingambit, F|
|poke|p2|Dragonite, M|
|poke|p2|Ogerpon-Cornerstone, F|
|poke|p2|Iron Valiant|
|poke|p2|Raging Bolt|
|teampreview
|
|t:|1760852465
|teamsize|p1|6
|teamsize|p2|6
|start
|switch|p1a: 👁👅👁|Noivern, F|100/100
|switch|p2a: Iron Moth|Iron Moth|100/100
|-item|p2a: Iron Moth|Booster Energy|[from] ability: Frisk|[of] p1a: 👁👅👁
|-enditem|p2a: Iron Moth|Booster Energy
|-activate|p2a: Iron Moth|ability: Quark Drive|[fromitem]
|-start|p2a: Iron Moth|quarkdrivespe
|turn|1
|inactive|Battle timer is ON: inactive players will automatically lose when time's up. (requested by oficial matute)
|
|t:|1760852478
|move|p1a: 👁👅👁|Switcheroo|p2a: Iron Moth
|-activate|p1a: 👁👅👁|move: Trick|[of] p2a: Iron Moth
|-item|p2a: Iron Moth|Choice Scarf|[from] move: Switcheroo
|-enditem|p1a: 👁👅👁|Choice Scarf|[silent]|[from] move: Switcheroo
|move|p2a: Iron Moth|Dazzling Gleam|p1a: 👁👅👁
|-supereffective|p1a: 👁👅👁
|-damage|p1a: 👁👅👁|35/100
|
|upkeep
|turn|2
|
|t:|1760852485
|switch|p1a: 👁🐽👁|Tropius, F, shiny|100/100
|move|p2a: Iron Moth|Dazzling Gleam|p1a: 👁🐽👁
|-damage|p1a: 👁🐽👁|81/100
|
|upkeep
|turn|3
|
|t:|1760852496
|-end|p2a: Iron Moth|Quark Drive|[silent]
|switch|p2a: Dragonite|Dragonite, M|100/100
|-terastallize|p1a: 👁🐽👁|Ghost
|move|p1a: 👁🐽👁|Curse|p2a: Dragonite
|-start|p2a: Dragonite|Curse|[of] p1a: 👁🐽👁
|-damage|p1a: 👁🐽👁|31/100
|-enditem|p1a: 👁🐽👁|Sitrus Berry|[eat]
|-heal|p1a: 👁🐽👁|56/100|[from] item: Sitrus Berry
|
|-damage|p2a: Dragonite|76/100|[from] Curse
|upkeep
|turn|4
|
|t:|1760852512
|move|p1a: 👁🐽👁|Protect|p1a: 👁🐽👁
|-singleturn|p1a: 👁🐽👁|Protect
|move|p2a: Dragonite|Earthquake|p1a: 👁🐽👁
|-activate|p1a: 👁🐽👁|move: Protect
|
|-damage|p2a: Dragonite|51/100|[from] Curse
|-item|p1a: 👁🐽👁|Sitrus Berry|[from] ability: Harvest
|upkeep
|turn|5
|
|t:|1760852524
|switch|p2a: Raging Bolt|Raging Bolt|100/100
|-enditem|p2a: Raging Bolt|Booster Energy
|-activate|p2a: Raging Bolt|ability: Protosynthesis|[fromitem]
|-start|p2a: Raging Bolt|protosynthesisspa
|move|p1a: 👁🐽👁|Leech Seed|p2a: Raging Bolt|[miss]
|-miss|p1a: 👁🐽👁|p2a: Raging Bolt
|
|upkeep
|turn|6
|
|t:|1760852543
|switch|p1a: 👁👅👁|Noivern, F|35/100
|move|p2a: Raging Bolt|Calm Mind|p2a: Raging Bolt
|-boost|p2a: Raging Bolt|spa|1
|-boost|p2a: Raging Bolt|spd|1
|
|upkeep
|turn|7
|
|t:|1760852553
|move|p2a: Raging Bolt|Thunderclap|p1a: 👁👅👁
|-damage|p1a: 👁👅👁|0 fnt
|faint|p1a: 👁👅👁
|
|upkeep
|
|t:|1760852560
|switch|p1a: 👁💋👁|Torterra, F|100/100
|turn|8
|
|t:|1760852569
|-terastallize|p2a: Raging Bolt|Ghost
|move|p2a: Raging Bolt|Dragon Pulse|p1a: 👁💋👁
|-enditem|p1a: 👁💋👁|Focus Sash
|-damage|p1a: 👁💋👁|1/100
|move|p1a: 👁💋👁|Headlong Rush|p2a: Raging Bolt
|-damage|p2a: Raging Bolt|39/100
|-unboost|p1a: 👁💋👁|def|1
|-unboost|p1a: 👁💋👁|spd|1
|
|upkeep
|turn|9
|
|t:|1760852582
|move|p2a: Raging Bolt|Dragon Pulse|p1a: 👁💋👁
|-damage|p1a: 👁💋👁|0 fnt
|faint|p1a: 👁💋👁
|
|upkeep
|
|t:|1760852587
|switch|p1a: 👁🫦👁|Garchomp, F|100/100
|turn|10
|
|t:|1760852595
|move|p1a: 👁🫦👁|Scale Shot|p2a: Raging Bolt
|-damage|p2a: Raging Bolt|25/100
|-damage|p2a: Raging Bolt|12/100
|-damage|p2a: Raging Bolt|0 fnt
|faint|p2a: Raging Bolt
|-end|p2a: Raging Bolt|Protosynthesis|[silent]
|-hitcount|p2: Raging Bolt|3
|-unboost|p1a: 👁🫦👁|def|1
|-boost|p1a: 👁🫦👁|spe|1
|
|upkeep
|
|t:|1760852609
|switch|p2a: Dragonite|Dragonite, M|51/100
|turn|11
|
|t:|1760852614
|move|p2a: Dragonite|Extreme Speed|p1a: 👁🫦👁
|-damage|p1a: 👁🫦👁|56/100
|-damage|p2a: Dragonite|39/100|[from] ability: Rough Skin|[of] p1a: 👁🫦👁
|move|p1a: 👁🫦👁|Scale Shot|p2a: Dragonite
|-supereffective|p2a: Dragonite
|-damage|p2a: Dragonite|7/100
|-supereffective|p2a: Dragonite
|-damage|p2a: Dragonite|0 fnt
|faint|p2a: Dragonite
|-hitcount|p2: Dragonite|2
|-unboost|p1a: 👁🫦👁|def|1
|-boost|p1a: 👁🫦👁|spe|1
|
|upkeep
|
|t:|1760852640
|switch|p2a: Ogerpon|Ogerpon-Cornerstone, F|100/100
|turn|12
|
|t:|1760852648
|move|p1a: 👁🫦👁|Swords Dance|p1a: 👁🫦👁
|-boost|p1a: 👁🫦👁|atk|2
|move|p2a: Ogerpon|Ivy Cudgel|p1a: 👁🫦👁|[anim] Ivy Cudgel Rock
|-resisted|p1a: 👁🫦👁
|-damage|p1a: 👁🫦👁|0 fnt
|faint|p1a: 👁🫦👁
|
|upkeep
|
|t:|1760852657
|switch|p1a: 👁👄👁|Hydrapple, M|100/100
|turn|13
|
|t:|1760852662
|move|p2a: Ogerpon|Knock Off|p1a: 👁👄👁
|-damage|p1a: 👁👄👁|70/100
|-enditem|p1a: 👁👄👁|Assault Vest|[from] move: Knock Off|[of] p2a: Ogerpon
|move|p1a: 👁👄👁|Giga Drain|p2a: Ogerpon
|-damage|p2a: Ogerpon|53/100
|-heal|p1a: 👁👄👁|88/100|[from] drain|[of] p2a: Ogerpon
|
|upkeep
|turn|14
|
|t:|1760852670
|move|p2a: Ogerpon|Ivy Cudgel|p1a: 👁👄👁|[anim] Ivy Cudgel Rock
|-damage|p1a: 👁👄👁|46/100
|move|p1a: 👁👄👁|Giga Drain|p2a: Ogerpon
|-damage|p2a: Ogerpon|11/100
|-heal|p1a: 👁👄👁|61/100|[from] drain|[of] p2a: Ogerpon
|
|upkeep
|turn|15
|
|t:|1760852678
|move|p2a: Ogerpon|Ivy Cudgel|p1a: 👁👄👁|[anim] Ivy Cudgel Rock
|-damage|p1a: 👁👄👁|19/100
|move|p1a: 👁👄👁|Earth Power|p2a: Ogerpon
|-damage|p2a: Ogerpon|0 fnt
|faint|p2a: Ogerpon
|
|upkeep
|
|t:|1760852684
|switch|p2a: Iron Moth|Iron Moth|100/100
|turn|16
|
|t:|1760852702
|switch|p1a: 👁🐽👁|Tropius, F, shiny, tera:Ghost|56/100
|move|p2a: Iron Moth|Fiery Dance|p1a: 👁🐽👁
|-damage|p1a: 👁🐽👁|27/100
|-enditem|p1a: 👁🐽👁|Sitrus Berry|[eat]
|-heal|p1a: 👁🐽👁|52/100|[from] item: Sitrus Berry
|
|upkeep
|turn|17
|
|t:|1760852710
|move|p1a: 👁🐽👁|Protect|p1a: 👁🐽👁
|-singleturn|p1a: 👁🐽👁|Protect
|move|p2a: Iron Moth|Fiery Dance|p1a: 👁🐽👁
|-activate|p1a: 👁🐽👁|move: Protect
|
|upkeep
|turn|18
|
|t:|1760852725
|move|p2a: Iron Moth|Fiery Dance|p1a: 👁🐽👁
|-damage|p1a: 👁🐽👁|26/100
|-boost|p2a: Iron Moth|spa|1
|move|p1a: 👁🐽👁|Leech Seed|p2a: Iron Moth|[miss]
|-miss|p1a: 👁🐽👁|p2a: Iron Moth
|
|-item|p1a: 👁🐽👁|Sitrus Berry|[from] ability: Harvest
|upkeep
|-enditem|p1a: 👁🐽👁|Sitrus Berry|[eat]
|-heal|p1a: 👁🐽👁|50/100|[from] item: Sitrus Berry
|turn|19
|
|t:|1760852737
|move|p1a: 👁🐽👁|Protect|p1a: 👁🐽👁
|-singleturn|p1a: 👁🐽👁|Protect
|move|p2a: Iron Moth|Fiery Dance|p1a: 👁🐽👁
|-activate|p1a: 👁🐽👁|move: Protect
|
|-item|p1a: 👁🐽👁|Sitrus Berry|[from] ability: Harvest
|upkeep
|-enditem|p1a: 👁🐽👁|Sitrus Berry|[eat]
|-heal|p1a: 👁🐽👁|75/100|[from] item: Sitrus Berry
|turn|20
|
|t:|1760852751
|move|p2a: Iron Moth|Fiery Dance|p1a: 👁🐽👁
|-damage|p1a: 👁🐽👁|36/100
|move|p1a: 👁🐽👁|Leech Seed|p2a: Iron Moth
|-start|p2a: Iron Moth|move: Leech Seed
|
|-damage|p2a: Iron Moth|88/100|[from] Leech Seed|[of] p1a: 👁🐽👁
|-heal|p1a: 👁🐽👁|46/100|[silent]
|-item|p1a: 👁🐽👁|Sitrus Berry|[from] ability: Harvest
|upkeep
|-enditem|p1a: 👁🐽👁|Sitrus Berry|[eat]
|-heal|p1a: 👁🐽👁|70/100|[from] item: Sitrus Berry
|turn|21
|
|t:|1760852763
|-end|p2a: Iron Moth|Quark Drive|[silent]
|switch|p2a: Iron Valiant|Iron Valiant|100/100
|-enditem|p2a: Iron Valiant|Booster Energy
|-activate|p2a: Iron Valiant|ability: Quark Drive|[fromitem]
|-start|p2a: Iron Valiant|quarkdrivespe
|move|p1a: 👁🐽👁|Substitute|p1a: 👁🐽👁
|-start|p1a: 👁🐽👁|Substitute
|-damage|p1a: 👁🐽👁|46/100
|
|-item|p1a: 👁🐽👁|Sitrus Berry|[from] ability: Harvest
|upkeep
|-enditem|p1a: 👁🐽👁|Sitrus Berry|[eat]
|-heal|p1a: 👁🐽👁|70/100|[from] item: Sitrus Berry
|turn|22
|
|t:|1760852786
|move|p2a: Iron Valiant|Knock Off|p1a: 👁🐽👁
|-supereffective|p1a: 👁🐽👁
|-end|p1a: 👁🐽👁|Substitute
|move|p1a: 👁🐽👁|Curse|p2a: Iron Valiant
|-start|p2a: Iron Valiant|Curse|[of] p1a: 👁🐽👁
|-damage|p1a: 👁🐽👁|20/100
|
|-damage|p2a: Iron Valiant|76/100|[from] Curse
|-item|p1a: 👁🐽👁|Sitrus Berry|[from] ability: Harvest
|upkeep
|-enditem|p1a: 👁🐽👁|Sitrus Berry|[eat]
|-heal|p1a: 👁🐽👁|45/100|[from] item: Sitrus Berry
|turn|23
|
|t:|1760852799
|move|p1a: 👁🐽👁|Protect|p1a: 👁🐽👁
|-singleturn|p1a: 👁🐽👁|Protect
|move|p2a: Iron Valiant|Swords Dance|p2a: Iron Valiant
|-boost|p2a: Iron Valiant|atk|2
|
|-damage|p2a: Iron Valiant|51/100|[from] Curse
|upkeep
|turn|24
|
|t:|1760852810
|switch|p1a: 👁👄👁|Hydrapple, M|52/100
|move|p2a: Iron Valiant|Knock Off|p1a: 👁👄👁
|-damage|p1a: 👁👄👁|21/100
|
|-damage|p2a: Iron Valiant|26/100|[from] Curse
|upkeep
|turn|25
|
|t:|1760852821
|move|p2a: Iron Valiant|Knock Off|p1a: 👁👄👁
|-damage|p1a: 👁👄👁|0 fnt
|faint|p1a: 👁👄👁
|
|-damage|p2a: Iron Valiant|1/100|[from] Curse
|upkeep
|
|t:|1760852829
|switch|p1a: 👁🐽👁|Tropius, F, shiny, tera:Ghost|45/100
|turn|26
|
|t:|1760852839
|move|p1a: 👁🐽👁|Protect|p1a: 👁🐽👁
|-singleturn|p1a: 👁🐽👁|Protect
|move|p2a: Iron Valiant|Destiny Bond|p2a: Iron Valiant
|-singlemove|p2a: Iron Valiant|Destiny Bond
|
|-damage|p2a: Iron Valiant|0 fnt|[from] Curse
|faint|p2a: Iron Valiant
|-end|p2a: Iron Valiant|Quark Drive|[silent]
|-item|p1a: 👁🐽👁|Sitrus Berry|[from] ability: Harvest
|upkeep
|-enditem|p1a: 👁🐽👁|Sitrus Berry|[eat]
|-heal|p1a: 👁🐽👁|70/100|[from] item: Sitrus Berry
|
|t:|1760852842
|switch|p2a: Iron Moth|Iron Moth|88/100
|turn|27
|
|t:|1760852862
|move|p2a: Iron Moth|Sludge Wave|p1a: 👁🐽👁
|-resisted|p1a: 👁🐽👁
|-damage|p1a: 👁🐽👁|54/100
|move|p1a: 👁🐽👁|Leech Seed|p2a: Iron Moth
|-start|p2a: Iron Moth|move: Leech Seed
|
|-damage|p2a: Iron Moth|76/100|[from] Leech Seed|[of] p1a: 👁🐽👁
|-heal|p1a: 👁🐽👁|64/100|[silent]
|-item|p1a: 👁🐽👁|Sitrus Berry|[from] ability: Harvest
|upkeep
|turn|28
|
|t:|1760852873
|-end|p2a: Iron Moth|Quark Drive|[silent]
|switch|p2a: Kingambit|Kingambit, F|100/100
|-activate|p2a: Kingambit|ability: Supreme Overlord
|-start|p2a: Kingambit|fallen4|[silent]
|move|p1a: 👁🐽👁|Substitute|p1a: 👁🐽👁
|-start|p1a: 👁🐽👁|Substitute
|-damage|p1a: 👁🐽👁|39/100
|-enditem|p1a: 👁🐽👁|Sitrus Berry|[eat]
|-heal|p1a: 👁🐽👁|64/100|[from] item: Sitrus Berry
|
|upkeep
|turn|29
|
|t:|1760852888
|move|p1a: 👁🐽👁|Protect|p1a: 👁🐽👁
|-singleturn|p1a: 👁🐽👁|Protect
|move|p2a: Kingambit|Swords Dance|p2a: Kingambit
|-boost|p2a: Kingambit|atk|2
|
|-item|p1a: 👁🐽👁|Sitrus Berry|[from] ability: Harvest
|upkeep
|turn|30
|
|t:|1760852897
|move|p2a: Kingambit|Kowtow Cleave|p1a: 👁🐽👁
|-supereffective|p1a: 👁🐽👁
|-end|p1a: 👁🐽👁|Substitute
|move|p1a: 👁🐽👁|Curse|p2a: Kingambit
|-start|p2a: Kingambit|Curse|[of] p1a: 👁🐽👁
|-damage|p1a: 👁🐽👁|14/100
|-enditem|p1a: 👁🐽👁|Sitrus Berry|[eat]
|-heal|p1a: 👁🐽👁|39/100|[from] item: Sitrus Berry
|
|-damage|p2a: Kingambit|76/100|[from] Curse
|-item|p1a: 👁🐽👁|Sitrus Berry|[from] ability: Harvest
|upkeep
|-enditem|p1a: 👁🐽👁|Sitrus Berry|[eat]
|-heal|p1a: 👁🐽👁|63/100|[from] item: Sitrus Berry
|turn|31
|
|t:|1760852912
|move|p1a: 👁🐽👁|Protect|p1a: 👁🐽👁
|-singleturn|p1a: 👁🐽👁|Protect
|move|p2a: Kingambit|Swords Dance|p2a: Kingambit
|-boost|p2a: Kingambit|atk|2
|
|-damage|p2a: Kingambit|51/100|[from] Curse
|upkeep
|turn|32
|
|t:|1760852920
|switch|p1a: 👁👃👁|Landorus-Therian, M|100/100
|-ability|p1a: 👁👃👁|Intimidate|boost
|-unboost|p2a: Kingambit|atk|1
|move|p2a: Kingambit|Kowtow Cleave|p1a: 👁👃👁
|-damage|p1a: 👁👃👁|0 fnt
|-damage|p2a: Kingambit|34/100|[from] item: Rocky Helmet|[of] p1a: 👁👃👁
|faint|p1a: 👁👃👁
|
|-damage|p2a: Kingambit|9/100|[from] Curse
|upkeep
|
|t:|1760852932
|switch|p1a: 👁🐽👁|Tropius, F, shiny, tera:Ghost|63/100
|turn|33
|
|t:|1760852935
|move|p1a: 👁🐽👁|Protect|p1a: 👁🐽👁
|-singleturn|p1a: 👁🐽👁|Protect
|move|p2a: Kingambit|Sucker Punch||[still]
|-fail|p2a: Kingambit
|
|-damage|p2a: Kingambit|0 fnt|[from] Curse
|faint|p2a: Kingambit
|-end|p2a: Kingambit|fallen4|[silent]
|-item|p1a: 👁🐽👁|Sitrus Berry|[from] ability: Harvest
|upkeep
|
|t:|1760852938
|switch|p2a: Iron Moth|Iron Moth|76/100
|turn|34
|
|t:|1760852948
|move|p2a: Iron Moth|Fiery Dance|p1a: 👁🐽👁
|-crit|p1a: 👁🐽👁
|-damage|p1a: 👁🐽👁|20/100
|-enditem|p1a: 👁🐽👁|Sitrus Berry|[eat]
|-heal|p1a: 👁🐽👁|45/100|[from] item: Sitrus Berry
|move|p1a: 👁🐽👁|Leech Seed|p2a: Iron Moth
|-start|p2a: Iron Moth|move: Leech Seed
|
|-damage|p2a: Iron Moth|64/100|[from] Leech Seed|[of] p1a: 👁🐽👁
|-heal|p1a: 👁🐽👁|54/100|[silent]
|-item|p1a: 👁🐽👁|Sitrus Berry|[from] ability: Harvest
|upkeep
|turn|35
|-message|Senech forfeited.
|
|win|oficial matute
|raw|oficial matute's rating: 1188 &rarr; <strong>1217</strong><br />(+29 for winning)
|raw|Senech's rating: 1250 &rarr; <strong>1221</strong><br />(-29 for losing)
|l|☆Senech
|player|p2|
|l|☆oficial matute
|player|p1|
