|j|☆kadorus
|j|☆Blackheart1979
|t:|1760834210
|gametype|singles
|player|p1|kadorus|schoolkid|1277
|player|p2|Blackheart1979|1|1311
|gen|9
|tier|[Gen 9] OU
|rated|
|rule|HP Percentage Mod: HP is shown in percentages
|rule|Endless Battle Clause: Forcing endless battles is banned
|rule|Species Clause: Limit one of each Pokémon
|rule|OHKO Clause: OHKO moves are banned
|rule|Evasion Items Clause: Evasion items are banned
|rule|Evasion Moves Clause: Evasion moves are banned
|rule|Evasion Abilities Clause: Evasion abilities are banned
|rule|Sleep Moves Clause: Sleep-inducing moves are banned
|clearpoke
|poke|p1|Carbink, L1|
|poke|p1|Braviary-Hisui, M|
|poke|p1|Ursaluna, F|
|poke|p1|Kingambit, M|
|poke|p1|Iron Hands|
|poke|p1|Hatterene, F|
|poke|p2|Rillaboom, F|
|poke|p2|Hawlucha, F|
|poke|p2|Garganacl, F|
|poke|p2|Weezing, M|
|poke|p2|Iron Treads|
|poke|p2|Zoroark-Hisui, F|
|teampreview
|
|t:|1760834245
|teamsize|p1|6
|teamsize|p2|6
|start
|switch|p1a: Average Binker|Carbink, L1|100/100
|switch|p2a: Iron Treads|Iron Treads|100/100
|turn|1
|
|t:|1760834256
|move|p2a: Iron Treads|U-turn|p1a: Average Binker
|-resisted|p1a: Average Binker
|-ability|p1a: Average Binker|Sturdy
|-damage|p1a: Average Binker|9/100
|
|t:|1760834282
|switch|p2a: Rillaboom|Rillaboom, F|100/100|[from] U-turn
|-fieldstart|move: Grassy Terrain|[from] ability: Grassy Surge|[of] p2a: Rillaboom
|move|p1a: Average Binker|Stealth Rock|p2a: Rillaboom
|-sidestart|p2: Blackheart1979|move: Stealth Rock
|
|-heal|p1a: Average Binker|17/100|[from] Grassy Terrain
|-damage|p1a: Average Binker|9/100|[from] item: Black Sludge
|upkeep
|turn|2
|
|t:|1760834293
|move|p2a: Rillaboom|Grassy Glide|p1a: Average Binker
|-supereffective|p1a: Average Binker
|-damage|p1a: Average Binker|0 fnt
|faint|p1a: Average Binker
|
|upkeep
|
|t:|1760834302
|switch|p1a: Hatterene|Hatterene, F|100/100
|turn|3
|
|t:|1760834311
|move|p2a: Rillaboom|U-turn|p1a: Hatterene
|-damage|p1a: Hatterene|69/100
|
|t:|1760834315
|switch|p2a: Iron Treads|Iron Treads|100/100|[from] U-turn
|-damage|p2a: Iron Treads|97/100|[from] Stealth Rock
|move|p1a: Hatterene|Trick Room|p1a: Hatterene
|-fieldstart|move: Trick Room|[of] p1a: Hatterene
|
|-heal|p1a: Hatterene|75/100|[from] Grassy Terrain
|-heal|p2a: Iron Treads|100/100|[from] Grassy Terrain
|upkeep
|turn|4
|
|t:|1760834337
|move|p1a: Hatterene|Healing Wish|p1a: Hatterene
|faint|p1a: Hatterene
|move|p2a: Iron Treads|Rapid Spin|p1: Hatterene|[notarget]
|-fail|p2a: Iron Treads
|
|upkeep
|
|t:|1760834341
|switch|p1a: Ursaluna|Ursaluna, F|100/100
|turn|5
|
|t:|1760834355
|-end|p2a: Iron Treads|Quark Drive|[silent]
|switch|p2a: Weezing|Weezing, M|100/100
|-damage|p2a: Weezing|88/100|[from] Stealth Rock
|move|p1a: Ursaluna|Swords Dance|p1a: Ursaluna
|-boost|p1a: Ursaluna|atk|2
|
|-fieldend|move: Grassy Terrain
|-status|p1a: Ursaluna|brn|[from] item: Flame Orb
|upkeep
|turn|6
|
|t:|1760834365
|move|p1a: Ursaluna|Facade|p2a: Weezing
|-damage|p2a: Weezing|0 fnt
|-damage|p1a: Ursaluna|84/100 brn|[from] item: Rocky Helmet|[of] p2a: Weezing
|faint|p2a: Weezing
|
|-damage|p1a: Ursaluna|78/100 brn|[from] brn
|upkeep
|
|t:|1760834385
|switch|p2a: Rillaboom|Rillaboom, F|100/100
|-damage|p2a: Rillaboom|88/100|[from] Stealth Rock
|-fieldstart|move: Grassy Terrain|[from] ability: Grassy Surge|[of] p2a: Rillaboom
|turn|7
|
|t:|1760834395
|-terastallize|p2a: Rillaboom|Grass
|move|p2a: Rillaboom|Grassy Glide|p1a: Ursaluna
|-supereffective|p1a: Ursaluna
|-damage|p1a: Ursaluna|4/100 brn
|move|p1a: Ursaluna|Facade|p2a: Rillaboom
|-damage|p2a: Rillaboom|0 fnt
|faint|p2a: Rillaboom
|
|-heal|p1a: Ursaluna|10/100 brn|[from] Grassy Terrain
|-damage|p1a: Ursaluna|4/100 brn|[from] brn
|-fieldend|move: Trick Room
|upkeep
|
|t:|1760834412
|switch|p2a: Hawlucha|Hawlucha, F|100/100
|-damage|p2a: Hawlucha|88/100|[from] Stealth Rock
|-enditem|p2a: Hawlucha|Grassy Seed
|-boost|p2a: Hawlucha|def|1|[from] item: Grassy Seed
|turn|8
|
|t:|1760834422
|move|p2a: Hawlucha|Acrobatics|p1a: Ursaluna
|-damage|p1a: Ursaluna|0 fnt
|faint|p1a: Ursaluna
|
|upkeep
|
|t:|1760834427
|switch|p1a: Iron Hands|Iron Hands|100/100
|-enditem|p1a: Iron Hands|Booster Energy
|-activate|p1a: Iron Hands|ability: Quark Drive|[fromitem]
|-start|p1a: Iron Hands|quarkdriveatk
|turn|9
|
|t:|1760834436
|move|p2a: Hawlucha|Acrobatics|p1a: Iron Hands
|-damage|p1a: Iron Hands|67/100
|move|p1a: Iron Hands|Thunder Punch|p2a: Hawlucha
|-supereffective|p2a: Hawlucha
|-damage|p2a: Hawlucha|0 fnt
|faint|p2a: Hawlucha
|
|-heal|p1a: Iron Hands|73/100|[from] Grassy Terrain
|upkeep
|
|t:|1760834452
|switch|p2a: Garganacl|Garganacl, F|100/100
|-damage|p2a: Garganacl|88/100|[from] Stealth Rock
|turn|10
|
|t:|1760834482
|move|p2a: Garganacl|Iron Defense|p2a: Garganacl
|-boost|p2a: Garganacl|def|2
|move|p1a: Iron Hands|Drain Punch|p2a: Garganacl
|-supereffective|p2a: Garganacl
|-damage|p2a: Garganacl|48/100
|-heal|p1a: Iron Hands|92/100|[from] drain|[of] p2a: Garganacl
|
|-heal|p2a: Garganacl|54/100|[from] Grassy Terrain
|-heal|p2a: Garganacl|60/100|[from] item: Leftovers
|-heal|p1a: Iron Hands|98/100|[from] Grassy Terrain
|upkeep
|turn|11
|
|t:|1760834499
|move|p2a: Garganacl|Recover|p2a: Garganacl
|-heal|p2a: Garganacl|100/100
|move|p1a: Iron Hands|Swords Dance|p1a: Iron Hands
|-boost|p1a: Iron Hands|atk|2
|
|-heal|p1a: Iron Hands|100/100|[from] Grassy Terrain
|-fieldend|move: Grassy Terrain
|upkeep
|turn|12
|
|t:|1760834508
|move|p2a: Garganacl|Iron Defense|p2a: Garganacl
|-boost|p2a: Garganacl|def|2
|move|p1a: Iron Hands|Swords Dance|p1a: Iron Hands
|-boost|p1a: Iron Hands|atk|2
|
|upkeep
|turn|13
|
|t:|1760834514
|move|p2a: Garganacl|Iron Defense|p2a: Garganacl
|-boost|p2a: Garganacl|def|2
|move|p1a: Iron Hands|Swords Dance|p1a: Iron Hands
|-boost|p1a: Iron Hands|atk|2
|
|upkeep
|turn|14
|
|t:|1760834524
|move|p2a: Garganacl|Body Press|p1a: Iron Hands
|-damage|p1a: Iron Hands|28/100
|move|p1a: Iron Hands|Drain Punch|p2a: Garganacl
|-supereffective|p2a: Garganacl
|-damage|p2a: Garganacl|20/100
|-heal|p1a: Iron Hands|64/100|[from] drain|[of] p2a: Garganacl
|
|-heal|p2a: Garganacl|26/100|[from] item: Leftovers
|upkeep
|turn|15
|
|t:|1760834536
|-terastallize|p1a: Iron Hands|Flying
|move|p2a: Garganacl|Body Press|p1a: Iron Hands
|-resisted|p1a: Iron Hands
|-damage|p1a: Iron Hands|29/100
|move|p1a: Iron Hands|Drain Punch|p2a: Garganacl
|-supereffective|p2a: Garganacl
|-damage|p2a: Garganacl|0 fnt
|-heal|p1a: Iron Hands|40/100|[from] drain|[of] p2a: Garganacl
|faint|p2a: Garganacl
|
|upkeep
|
|t:|1760834557
|switch|p2a: Iron Treads|Iron Treads|100/100
|-damage|p2a: Iron Treads|88/100|[from] Stealth Rock
|turn|16
|
|t:|1760834568
|move|p2a: Iron Treads|Hyper Voice|p1a: Iron Hands
|-damage|p1a: Iron Hands|6/100
|move|p1a: Iron Hands|Ice Punch|p2a: Iron Treads
|-damage|p2a: Iron Treads|0 fnt
|replace|p2a: Zoroark|Zoroark-Hisui, F
|-end|p2a: Zoroark|Illusion
|faint|p2a: Zoroark
|
|upkeep
|
|t:|1760834577
|switch|p2a: Iron Treads|Iron Treads|100/100
|-damage|p2a: Iron Treads|97/100|[from] Stealth Rock
|turn|17
|
|t:|1760834584
|move|p2a: Iron Treads|Rapid Spin|p1a: Iron Hands
|-damage|p1a: Iron Hands|0 fnt
|-boost|p2a: Iron Treads|spe|1
|-sideend|p2: Blackheart1979|Stealth Rock|[from] move: Rapid Spin|[of] p2a: Iron Treads
|faint|p1a: Iron Hands
|-end|p1a: Iron Hands|Quark Drive|[silent]
|
|-heal|p2a: Iron Treads|100/100|[from] item: Leftovers
|upkeep
|
|t:|1760834593
|switch|p1a: Braviary|Braviary-Hisui, M|100/100
|turn|18
|
|t:|1760834601
|move|p2a: Iron Treads|Knock Off|p1a: Braviary
|-supereffective|p1a: Braviary
|-damage|p1a: Braviary|35/100
|-enditem|p1a: Braviary|Life Orb|[from] move: Knock Off|[of] p2a: Iron Treads
|move|p1a: Braviary|Heat Wave|p2a: Iron Treads
|-supereffective|p2a: Iron Treads
|-damage|p2a: Iron Treads|0 fnt
|faint|p2a: Iron Treads
|-end|p2a: Iron Treads|Quark Drive|[silent]
|
|win|kadorus
|raw|kadorus's rating: 1277 &rarr; <strong>1304</strong><br />(+27 for winning)
|raw|Blackheart1979's rating: 1311 &rarr; <strong>1289</strong><br />(-22 for losing)
|l|☆Blackheart1979
|player|p2|
|l|☆kadorus
|player|p1|
