|j|☆Drudger
|j|☆darealjay
|t:|1760760650
|gametype|singles
|player|p1|Drudger|brawly|1399
|player|p2|darealjay|265|1408
|gen|9
|tier|[Gen 9] OU
|rated|
|rule|HP Percentage Mod: HP is shown in percentages
|rule|Endless Battle Clause: Forcing endless battles is banned
|rule|Species Clause: Limit one of each Pokémon
|rule|OHKO Clause: OHKO moves are banned
|rule|Evasion Items Clause: Evasion items are banned
|rule|Evasion Moves Clause: Evasion moves are banned
|rule|Evasion Abilities Clause: Evasion abilities are banned
|rule|Sleep Moves Clause: Sleep-inducing moves are banned
|clearpoke
|poke|p1|Blaziken, M|
|poke|p1|Corviknight, F|
|poke|p1|Enamorus, F|
|poke|p1|Landorus-Therian, M|
|poke|p1|Ogerpon-Wellspring, F|
|poke|p1|Kyurem|
|poke|p2|Ninetales-Alola, M|
|poke|p2|Garganacl, M|
|poke|p2|Cinderace, M|
|poke|p2|Corviknight, F|
|poke|p2|Kommo-o, M|
|poke|p2|Raging Bolt|
|teampreview
|
|t:|1760760672
|teamsize|p1|6
|teamsize|p2|6
|start
|switch|p1a: Blaziken|Blaziken, M|100/100
|switch|p2a: Cinderace|Cinderace, M|100/100
|turn|1
|
|t:|1760760680
|move|p1a: Blaziken|Protect|p1a: Blaziken
|-singleturn|p1a: Blaziken|Protect
|move|p2a: Cinderace|U-turn|p1a: Blaziken
|-start|p2a: Cinderace|typechange|Bug|[from] ability: Libero
|-activate|p1a: Blaziken|move: Protect
|
|-ability|p1a: Blaziken|Speed Boost|boost
|-boost|p1a: Blaziken|spe|1
|upkeep
|turn|2
|
|t:|1760760690
|switch|p2a: Garganacl|Garganacl, M|100/100
|move|p1a: Blaziken|Swords Dance|p1a: Blaziken
|-boost|p1a: Blaziken|atk|2
|
|-ability|p1a: Blaziken|Speed Boost|boost
|-boost|p1a: Blaziken|spe|1
|upkeep
|turn|3
|inactive|Battle timer is ON: inactive players will automatically lose when time's up. (requested by darealjay)
|
|t:|1760760703
|-terastallize|p2a: Garganacl|Ghost
|move|p1a: Blaziken|Close Combat|p2a: Garganacl
|-immune|p2a: Garganacl
|move|p2a: Garganacl|Iron Defense|p2a: Garganacl
|-boost|p2a: Garganacl|def|2
|
|-ability|p1a: Blaziken|Speed Boost|boost
|-boost|p1a: Blaziken|spe|1
|upkeep
|turn|4
|
|t:|1760760718
|switch|p1a: Ogerpon|Ogerpon-Wellspring, F|100/100
|move|p2a: Garganacl|Salt Cure|p1a: Ogerpon
|-damage|p1a: Ogerpon|83/100
|-start|p1a: Ogerpon|Salt Cure
|
|-damage|p1a: Ogerpon|58/100|[from] Salt Cure
|upkeep
|turn|5
|
|t:|1760760730
|move|p1a: Ogerpon|Knock Off|p2a: Garganacl
|-supereffective|p2a: Garganacl
|-damage|p2a: Garganacl|75/100
|-enditem|p2a: Garganacl|Leftovers|[from] move: Knock Off|[of] p1a: Ogerpon
|move|p2a: Garganacl|Body Press|p1a: Ogerpon
|-damage|p1a: Ogerpon|1/100
|
|-damage|p1a: Ogerpon|0 fnt|[from] Salt Cure
|faint|p1a: Ogerpon
|upkeep
|inactive|Drudger has 120 seconds left.
|
|t:|1760760765
|switch|p1a: Landorus|Landorus-Therian, M|100/100
|-ability|p1a: Landorus|Intimidate|boost
|-unboost|p2a: Garganacl|atk|1
|turn|6
|
|t:|1760760771
|move|p1a: Landorus|Taunt|p2a: Garganacl
|-start|p2a: Garganacl|move: Taunt
|move|p2a: Garganacl|Salt Cure|p1a: Landorus
|-damage|p1a: Landorus|91/100
|-start|p1a: Landorus|Salt Cure
|
|-damage|p1a: Landorus|79/100|[from] Salt Cure
|upkeep
|turn|7
|
|t:|1760760785
|move|p1a: Landorus|Earth Power|p2a: Garganacl
|-damage|p2a: Garganacl|53/100
|move|p2a: Garganacl|Body Press|p1a: Landorus
|-resisted|p1a: Landorus
|-damage|p1a: Landorus|57/100
|-damage|p2a: Garganacl|36/100|[from] item: Rocky Helmet|[of] p1a: Landorus
|
|-damage|p1a: Landorus|44/100|[from] Salt Cure
|upkeep
|turn|8
|
|t:|1760760800
|switch|p2a: Corviknight|Corviknight, F|100/100
|-ability|p2a: Corviknight|Pressure
|move|p1a: Landorus|Earth Power|p2a: Corviknight
|-immune|p2a: Corviknight
|
|-damage|p1a: Landorus|32/100|[from] Salt Cure
|upkeep
|turn|9
|
|t:|1760760810
|move|p1a: Landorus|U-turn|p2a: Corviknight
|-resisted|p2a: Corviknight
|-damage|p2a: Corviknight|98/100
|-damage|p1a: Landorus|16/100|[from] item: Rocky Helmet|[of] p2a: Corviknight
|
|t:|1760760822
|switch|p1a: Blaziken|Blaziken, M|100/100|[from] U-turn
|move|p2a: Corviknight|U-turn|p1a: Blaziken
|-resisted|p1a: Blaziken
|-damage|p1a: Blaziken|95/100
|
|t:|1760760826
|switch|p2a: Garganacl|Garganacl, M, tera:Ghost|36/100|[from] U-turn
|
|upkeep
|turn|10
|
|t:|1760760832
|move|p1a: Blaziken|Flare Blitz|p2a: Garganacl
|-damage|p2a: Garganacl|0 fnt
|faint|p2a: Garganacl
|-damage|p1a: Blaziken|79/100|[from] Recoil
|-damage|p1a: Blaziken|69/100|[from] item: Life Orb
|
|-ability|p1a: Blaziken|Speed Boost|boost
|-boost|p1a: Blaziken|spe|1
|upkeep
|
|t:|1760760835
|switch|p2a: Raging Bolt|Raging Bolt|100/100
|turn|11
|inactive|Drudger has 120 seconds left.
|
|t:|1760760858
|switch|p1a: Landorus|Landorus-Therian, M|16/100
|-ability|p1a: Landorus|Intimidate|boost
|-unboost|p2a: Raging Bolt|atk|1
|move|p2a: Raging Bolt|Dragon Pulse|p1a: Landorus
|-damage|p1a: Landorus|0 fnt
|faint|p1a: Landorus
|
|upkeep
|
|t:|1760760866
|switch|p1a: Kyurem|Kyurem|100/100
|-ability|p1a: Kyurem|Pressure
|turn|12
|
|t:|1760760877
|move|p1a: Kyurem|Icicle Spear|p2a: Raging Bolt
|-supereffective|p2a: Raging Bolt
|-damage|p2a: Raging Bolt|78/100
|-supereffective|p2a: Raging Bolt
|-damage|p2a: Raging Bolt|56/100
|-supereffective|p2a: Raging Bolt
|-damage|p2a: Raging Bolt|34/100
|-supereffective|p2a: Raging Bolt
|-damage|p2a: Raging Bolt|13/100
|-supereffective|p2a: Raging Bolt
|-damage|p2a: Raging Bolt|0 fnt
|faint|p2a: Raging Bolt
|-end|p2a: Raging Bolt|Protosynthesis|[silent]
|-hitcount|p2: Raging Bolt|5
|
|upkeep
|
|t:|1760760879
|switch|p2a: Ninetales|Ninetales-Alola, M|100/100
|-weather|Snowscape|[from] ability: Snow Warning|[of] p2a: Ninetales
|turn|13
|inactive|Drudger has 120 seconds left.
|
|t:|1760760894
|move|p2a: Ninetales|Aurora Veil|p2a: Ninetales
|-sidestart|p2: darealjay|move: Aurora Veil
|move|p1a: Kyurem|Dragon Dance|p1a: Kyurem
|-boost|p1a: Kyurem|atk|1
|-boost|p1a: Kyurem|spe|1
|
|-weather|Snowscape|[upkeep]
|upkeep
|turn|14
|inactive|Drudger has 120 seconds left.
|
|t:|1760760914
|-terastallize|p1a: Kyurem|Fire
|move|p1a: Kyurem|Dragon Dance|p1a: Kyurem
|-boost|p1a: Kyurem|atk|1
|-boost|p1a: Kyurem|spe|1
|move|p2a: Ninetales|Moonblast|p1a: Kyurem
|-resisted|p1a: Kyurem
|-damage|p1a: Kyurem|84/100
|-unboost|p1a: Kyurem|spa|1
|
|-weather|Snowscape|[upkeep]
|upkeep
|turn|15
|
|t:|1760760926
|move|p1a: Kyurem|Tera Blast|p2a: Ninetales|[anim] Tera Blast Fire
|-supereffective|p2a: Ninetales
|-damage|p2a: Ninetales|15/100
|move|p2a: Ninetales|Moonblast|p1a: Kyurem
|-resisted|p1a: Kyurem
|-damage|p1a: Kyurem|68/100
|
|-weather|Snowscape|[upkeep]
|upkeep
|turn|16
|
|t:|1760760942
|move|p1a: Kyurem|Tera Blast|p2a: Ninetales|[anim] Tera Blast Fire
|-supereffective|p2a: Ninetales
|-damage|p2a: Ninetales|0 fnt
|faint|p2a: Ninetales
|
|-weather|Snowscape|[upkeep]
|upkeep
|
|t:|1760760946
|switch|p2a: Corviknight|Corviknight, F|98/100
|-ability|p2a: Corviknight|Pressure
|turn|17
|inactive|Drudger has 90 seconds left.
|
|t:|1760760976
|move|p1a: Kyurem|Tera Blast|p2a: Corviknight|[anim] Tera Blast Fire
|-supereffective|p2a: Corviknight
|-damage|p2a: Corviknight|47/100
|move|p2a: Corviknight|Body Press|p1a: Kyurem
|-damage|p1a: Kyurem|41/100
|
|-weather|none
|upkeep
|turn|18
|inactive|Drudger has 90 seconds left.
|
|t:|1760760984
|move|p1a: Kyurem|Tera Blast|p2a: Corviknight|[anim] Tera Blast Fire
|-supereffective|p2a: Corviknight
|-damage|p2a: Corviknight|0 fnt
|faint|p2a: Corviknight
|
|upkeep
|
|t:|1760760986
|switch|p2a: Kommo-o|Kommo-o, M|100/100
|turn|19
|
|t:|1760760992
|move|p1a: Kyurem|Scale Shot|p2a: Kommo-o|[miss]
|-miss|p1a: Kyurem|p2a: Kommo-o
|move|p2a: Kommo-o|Drain Punch|p1a: Kyurem
|-damage|p1a: Kyurem|13/100
|
|upkeep
|turn|20
|
|t:|1760760999
|move|p1a: Kyurem|Scale Shot|p2a: Kommo-o
|-supereffective|p2a: Kommo-o
|-crit|p2a: Kommo-o
|-damage|p2a: Kommo-o|30/100
|-supereffective|p2a: Kommo-o
|-damage|p2a: Kommo-o|7/100
|-enditem|p2a: Kommo-o|Salac Berry|[eat]
|-boost|p2a: Kommo-o|spe|1|[from] item: Salac Berry
|-supereffective|p2a: Kommo-o
|-damage|p2a: Kommo-o|0 fnt
|faint|p2a: Kommo-o
|-hitcount|p2: Kommo-o|3
|-unboost|p1a: Kyurem|def|1
|-boost|p1a: Kyurem|spe|1
|
|-sideend|p2: darealjay|move: Aurora Veil
|upkeep
|-message|darealjay forfeited.
|
|win|Drudger
|raw|Drudger's rating: 1399 &rarr; <strong>1420</strong><br />(+21 for winning)
|raw|darealjay's rating: 1408 &rarr; <strong>1387</strong><br />(-21 for losing)
|l|☆darealjay
|player|p2|
|l|☆Drudger
|player|p1|
