|j|☆SpongeGar & Patar
|j|☆Obito 2001
|t:|1760869084
|gametype|singles
|player|p1|SpongeGar & Patar|101|1792
|player|p2|Obito 2001|blue-gen3two|1805
|gen|9
|tier|[Gen 9] OU
|rated|
|rule|HP Percentage Mod: HP is shown in percentages
|rule|Endless Battle Clause: Forcing endless battles is banned
|rule|Species Clause: Limit one of each Pokémon
|rule|OHKO Clause: OHKO moves are banned
|rule|Evasion Items Clause: Evasion items are banned
|rule|Evasion Moves Clause: Evasion moves are banned
|rule|Evasion Abilities Clause: Evasion abilities are banned
|rule|Sleep Moves Clause: Sleep-inducing moves are banned
|clearpoke
|poke|p1|Kyurem|
|poke|p1|Corviknight, M|
|poke|p1|Ting-Lu|
|poke|p1|Dondozo, M|
|poke|p1|Slowking-Galar, L99, F|
|poke|p1|Cinderace, F|
|poke|p2|Maushold-Four|
|poke|p2|Comfey, F|
|poke|p2|Grimmsnarl, M|
|poke|p2|Iron Crown|
|poke|p2|Ogerpon-Wellspring, F|
|poke|p2|Great Tusk|
|teampreview
|inactive|Battle timer is ON: inactive players will automatically lose when time's up. (requested by Obito 2001)
|inactive|SpongeGar & Patar has 120 seconds left.
|j| PQPP214
|
|t:|1760869133
|teamsize|p1|6
|teamsize|p2|6
|start
|switch|p1a: Cinderace|Cinderace, F|100/100
|switch|p2a: Mega Donphan|Great Tusk|100/100
|turn|1
|inactive|SpongeGar & Patar also wants the timer to be on.
|l| PQPP214
|inactive|SpongeGar & Patar has 120 seconds left.
|
|t:|1760869182
|move|p1a: Cinderace|Will-O-Wisp|p2a: Mega Donphan
|-status|p2a: Mega Donphan|brn
|move|p2a: Mega Donphan|Headlong Rush|p1a: Cinderace
|-supereffective|p1a: Cinderace
|-damage|p1a: Cinderace|20/100
|-unboost|p2a: Mega Donphan|def|1
|-unboost|p2a: Mega Donphan|spd|1
|
|-damage|p2a: Mega Donphan|94/100 brn|[from] brn
|upkeep
|turn|2
|inactive|SpongeGar & Patar has 90 seconds left.
|
|t:|1760869230
|move|p1a: Cinderace|U-turn|p2a: Mega Donphan
|-resisted|p2a: Mega Donphan
|-damage|p2a: Mega Donphan|84/100 brn
|inactive|SpongeGar & Patar has 60 seconds left.
|l|☆Obito 2001
|inactive|Obito 2001 disconnected and has a minute to reconnect!
|player|p2|
|inactive|SpongeGar & Patar has 30 seconds left.
|
|t:|1760869278
|switch|p1a: Dondozo|Dondozo, M|100/100|[from] U-turn
|move|p2a: Mega Donphan|Headlong Rush|p1a: Dondozo
|-damage|p1a: Dondozo|88/100
|-unboost|p2a: Mega Donphan|def|1
|-unboost|p2a: Mega Donphan|spd|1
|
|-heal|p1a: Dondozo|94/100|[from] item: Leftovers
|-damage|p2a: Mega Donphan|78/100 brn|[from] brn
|upkeep
|turn|3
|j|☆Obito 2001
|inactive|Obito 2001 reconnected and has 140 seconds left.
|player|p2|Obito 2001|blue-gen3two|
|
|t:|1760869293
|move|p2a: Mega Donphan|Stealth Rock|p1a: Dondozo
|-sidestart|p1: SpongeGar & Patar|move: Stealth Rock
|move|p1a: Dondozo|Curse|p1a: Dondozo
|-unboost|p1a: Dondozo|spe|1
|-boost|p1a: Dondozo|atk|1
|-boost|p1a: Dondozo|def|1
|
|-heal|p1a: Dondozo|99/100|[from] item: Leftovers
|-damage|p2a: Mega Donphan|72/100 brn|[from] brn
|upkeep
|turn|4
|
|t:|1760869302
|-end|p2a: Mega Donphan|Protosynthesis|[silent]
|switch|p2a: Zanpakuto🗡️|Iron Crown|100/100
|move|p1a: Dondozo|Curse|p1a: Dondozo
|-unboost|p1a: Dondozo|spe|1
|-boost|p1a: Dondozo|atk|1
|-boost|p1a: Dondozo|def|1
|
|-heal|p1a: Dondozo|100/100|[from] item: Leftovers
|upkeep
|turn|5
|
|t:|1760869312
|move|p2a: Zanpakuto🗡️|Volt Switch|p1a: Dondozo
|-supereffective|p1a: Dondozo
|-damage|p1a: Dondozo|31/100
|
|t:|1760869317
|-end|p2a: Zanpakuto🗡️|Quark Drive|[silent]
|switch|p2a: Mega Donphan|Great Tusk|72/100 brn|[from] Volt Switch
|move|p1a: Dondozo|Waterfall|p2a: Mega Donphan
|-supereffective|p2a: Mega Donphan
|-damage|p2a: Mega Donphan|0 fnt
|faint|p2a: Mega Donphan
|-end|p2a: Mega Donphan|Protosynthesis|[silent]
|
|-heal|p1a: Dondozo|37/100|[from] item: Leftovers
|upkeep
|
|t:|1760869319
|switch|p2a: Zanpakuto🗡️|Iron Crown|100/100
|turn|6
|inactive|SpongeGar & Patar has 60 seconds left.
|
|t:|1760869328
|switch|p1a: Ting-Lu|Ting-Lu|100/100
|-damage|p1a: Ting-Lu|94/100|[from] Stealth Rock
|-ability|p1a: Ting-Lu|Vessel of Ruin
|move|p2a: Zanpakuto🗡️|Focus Blast|p1a: Ting-Lu
|-supereffective|p1a: Ting-Lu
|-damage|p1a: Ting-Lu|40/100
|
|-heal|p1a: Ting-Lu|46/100|[from] item: Leftovers
|upkeep
|turn|7
|j| Disscratch
|
|t:|1760869338
|-end|p2a: Zanpakuto🗡️|Quark Drive|[silent]
|switch|p2a: Gang bang|Maushold-Four|100/100
|move|p1a: Ting-Lu|Earthquake|p2a: Gang bang
|-damage|p2a: Gang bang|45/100
|
|-heal|p1a: Ting-Lu|53/100|[from] item: Leftovers
|upkeep
|turn|8
|
|t:|1760869349
|switch|p2a: Zanpakuto🗡️|Iron Crown|100/100
|move|p1a: Ting-Lu|Earthquake|p2a: Zanpakuto🗡️
|-supereffective|p2a: Zanpakuto🗡️
|-damage|p2a: Zanpakuto🗡️|16/100
|
|-heal|p1a: Ting-Lu|59/100|[from] item: Leftovers
|upkeep
|turn|9
|
|t:|1760869359
|move|p2a: Zanpakuto🗡️|Focus Blast|p1a: Ting-Lu|[miss]
|-miss|p2a: Zanpakuto🗡️|p1a: Ting-Lu
|move|p1a: Ting-Lu|Earthquake|p2a: Zanpakuto🗡️
|-supereffective|p2a: Zanpakuto🗡️
|-damage|p2a: Zanpakuto🗡️|0 fnt
|faint|p2a: Zanpakuto🗡️
|-end|p2a: Zanpakuto🗡️|Quark Drive|[silent]
|
|-heal|p1a: Ting-Lu|65/100|[from] item: Leftovers
|upkeep
|
|t:|1760869362
|switch|p2a: 🎭|Ogerpon-Wellspring, F|100/100
|turn|10
|
|t:|1760869371
|switch|p1a: Kyurem|Kyurem|100/100
|-damage|p1a: Kyurem|75/100|[from] Stealth Rock
|-ability|p1a: Kyurem|Pressure
|move|p2a: 🎭|Swords Dance|p2a: 🎭
|-boost|p2a: 🎭|atk|2
|
|-heal|p1a: Kyurem|82/100|[from] item: Leftovers
|upkeep
|turn|11
|
|t:|1760869380
|move|p2a: 🎭|Play Rough|p1a: Kyurem
|-supereffective|p1a: Kyurem
|-damage|p1a: Kyurem|0 fnt
|faint|p1a: Kyurem
|
|upkeep
|
|t:|1760869390
|switch|p1a: Cinderace|Cinderace, F|20/100
|turn|12
|inactive|SpongeGar & Patar has 90 seconds left.
|
|t:|1760869402
|switch|p2a: Screen Goblin|Grimmsnarl, M|100/100
|move|p1a: Cinderace|Will-O-Wisp|p2a: Screen Goblin
|-status|p2a: Screen Goblin|brn
|
|-damage|p2a: Screen Goblin|94/100 brn|[from] brn
|upkeep
|turn|13
|inactive|SpongeGar & Patar has 90 seconds left.
|inactive|SpongeGar & Patar has 60 seconds left.
|
|t:|1760869449
|move|p1a: Cinderace|Court Change|p1a: Cinderace
|-swapsideconditions
|-activate|p1a: Cinderace|move: Court Change
|move|p2a: Screen Goblin|Spirit Break|p1a: Cinderace
|-resisted|p1a: Cinderace
|-damage|p1a: Cinderace|11/100
|-unboost|p1a: Cinderace|spa|1
|
|-damage|p2a: Screen Goblin|88/100 brn|[from] brn
|upkeep
|turn|14
|inactive|SpongeGar & Patar has 60 seconds left.
|inactive|SpongeGar & Patar has 30 seconds left.
|inactive|SpongeGar & Patar has 20 seconds left.
|
|t:|1760869498
|move|p2a: Screen Goblin|Reflect|p2a: Screen Goblin
|-sidestart|p2: Obito 2001|Reflect
|move|p1a: Cinderace|Pyro Ball|p2a: Screen Goblin
|-crit|p2a: Screen Goblin
|-damage|p2a: Screen Goblin|0 fnt
|faint|p2a: Screen Goblin
|
|upkeep
|
|t:|1760869502
|switch|p2a: Huh-Yunjin💋|Comfey, F|100/100
|-damage|p2a: Huh-Yunjin💋|88/100|[from] Stealth Rock
|turn|15
|inactive|SpongeGar & Patar has 30 seconds left.
|
|t:|1760869512
|switch|p1a: Slowking|Slowking-Galar, L99, F|100/100
|move|p2a: Huh-Yunjin💋|Draining Kiss|p1a: Slowking
|-resisted|p1a: Slowking
|-damage|p1a: Slowking|94/100
|-heal|p2a: Huh-Yunjin💋|94/100|[from] drain|[of] p1a: Slowking
|
|upkeep
|turn|16
|inactive|SpongeGar & Patar has 30 seconds left.
|
|t:|1760869530
|-terastallize|p2a: Huh-Yunjin💋|Steel
|move|p2a: Huh-Yunjin💋|Calm Mind|p2a: Huh-Yunjin💋
|-boost|p2a: Huh-Yunjin💋|spa|1
|-boost|p2a: Huh-Yunjin💋|spd|1
|move|p1a: Slowking|Sludge Bomb|p2a: Huh-Yunjin💋
|-immune|p2a: Huh-Yunjin💋
|
|upkeep
|turn|17
|j| john torkoal
|
|t:|1760869539
|move|p2a: Huh-Yunjin💋|Calm Mind|p2a: Huh-Yunjin💋
|-boost|p2a: Huh-Yunjin💋|spa|1
|-boost|p2a: Huh-Yunjin💋|spd|1
|-prepare|p1a: Slowking|Chilly Reception|[premajor]
|move|p1a: Slowking|Chilly Reception|p1a: Slowking
|-weather|Snowscape
|
|t:|1760869548
|switch|p1a: Ting-Lu|Ting-Lu|65/100|[from] Chilly Reception
|-ability|p1a: Ting-Lu|Vessel of Ruin
|
|-weather|Snowscape|[upkeep]
|-heal|p1a: Ting-Lu|71/100|[from] item: Leftovers
|upkeep
|turn|18
|
|t:|1760869560
|move|p2a: Huh-Yunjin💋|Stored Power|p1a: Ting-Lu
|-immune|p1a: Ting-Lu
|move|p1a: Ting-Lu|Earthquake|p2a: Huh-Yunjin💋
|-supereffective|p2a: Huh-Yunjin💋
|-damage|p2a: Huh-Yunjin💋|51/100
|
|-weather|Snowscape|[upkeep]
|-heal|p1a: Ting-Lu|78/100|[from] item: Leftovers
|upkeep
|turn|19
|
|t:|1760869571
|-terastallize|p1a: Ting-Lu|Water
|move|p2a: Huh-Yunjin💋|Draining Kiss|p1a: Ting-Lu
|-damage|p1a: Ting-Lu|58/100
|-heal|p2a: Huh-Yunjin💋|75/100|[from] drain|[of] p1a: Ting-Lu
|move|p1a: Ting-Lu|Earthquake|p2a: Huh-Yunjin💋
|-supereffective|p2a: Huh-Yunjin💋
|-damage|p2a: Huh-Yunjin💋|28/100
|
|-weather|Snowscape|[upkeep]
|-heal|p1a: Ting-Lu|65/100|[from] item: Leftovers
|upkeep
|turn|20
|
|t:|1760869581
|move|p2a: Huh-Yunjin💋|Giga Drain|p1a: Ting-Lu
|-supereffective|p1a: Ting-Lu
|-damage|p1a: Ting-Lu|32/100
|-heal|p2a: Huh-Yunjin💋|55/100|[from] drain|[of] p1a: Ting-Lu
|move|p1a: Ting-Lu|Earthquake|p2a: Huh-Yunjin💋
|-supereffective|p2a: Huh-Yunjin💋
|-damage|p2a: Huh-Yunjin💋|8/100
|
|-weather|Snowscape|[upkeep]
|-heal|p1a: Ting-Lu|38/100|[from] item: Leftovers
|upkeep
|turn|21
|
|t:|1760869591
|switch|p1a: Corviknight|Corviknight, M|100/100
|-ability|p1a: Corviknight|Pressure
|move|p2a: Huh-Yunjin💋|Giga Drain|p1a: Corviknight
|-resisted|p1a: Corviknight
|-damage|p1a: Corviknight|91/100
|-heal|p2a: Huh-Yunjin💋|14/100|[from] drain|[of] p1a: Corviknight
|
|-weather|none
|-sideend|p2: Obito 2001|Reflect
|upkeep
|turn|22
|
|t:|1760869601
|move|p2a: Huh-Yunjin💋|Stored Power|p1a: Corviknight
|-resisted|p1a: Corviknight
|-damage|p1a: Corviknight|66/100
|move|p1a: Corviknight|Brave Bird|p2a: Huh-Yunjin💋
|-resisted|p2a: Huh-Yunjin💋
|-damage|p2a: Huh-Yunjin💋|0 fnt
|faint|p2a: Huh-Yunjin💋
|-damage|p1a: Corviknight|62/100|[from] Recoil
|
|upkeep
|
|t:|1760869604
|switch|p2a: Gang bang|Maushold-Four|45/100
|-damage|p2a: Gang bang|33/100|[from] Stealth Rock
|turn|23
|inactive|SpongeGar & Patar has 60 seconds left.
|
|t:|1760869612
|move|p2a: Gang bang|Tidy Up|p2a: Gang bang
|-sideend|p2: Obito 2001|Stealth Rock
|-activate|p2a: Gang bang|move: Tidy Up
|-boost|p2a: Gang bang|atk|1
|-boost|p2a: Gang bang|spe|1
|move|p1a: Corviknight|Brave Bird|p2a: Gang bang
|-damage|p2a: Gang bang|0 fnt
|faint|p2a: Gang bang
|-damage|p1a: Corviknight|55/100|[from] Recoil
|
|upkeep
|
|t:|1760869614
|switch|p2a: 🎭|Ogerpon-Wellspring, F|100/100
|turn|24
|
|t:|1760869623
|move|p2a: 🎭|Swords Dance|p2a: 🎭
|-boost|p2a: 🎭|atk|2
|move|p1a: Corviknight|Brave Bird|p2a: 🎭
|-supereffective|p2a: 🎭
|-damage|p2a: 🎭|0 fnt
|faint|p2a: 🎭
|-damage|p1a: Corviknight|30/100|[from] Recoil
|
|win|SpongeGar & Patar
|raw|SpongeGar &amp; Patar's rating: 1792 &rarr; <strong>1813</strong><br />(+21 for winning)
|raw|Obito 2001's rating: 1805 &rarr; <strong>1784</strong><br />(-21 for losing)
|l|☆SpongeGar & Patar
|player|p1|
|l|☆Obito 2001
|player|p2|
|l| john torkoal
|l| Disscratch
