|j|☆ineverhaxed
|j|☆RexTheflex
|t:|1760741198
|gametype|singles
|player|p1|ineverhaxed|1|1177
|player|p2|RexTheflex|pokemaniac|1224
|gen|9
|tier|[Gen 9] OU
|rated|
|rule|HP Percentage Mod: HP is shown in percentages
|rule|Endless Battle Clause: Forcing endless battles is banned
|rule|Species Clause: Limit one of each Pokémon
|rule|OHKO Clause: OHKO moves are banned
|rule|Evasion Items Clause: Evasion items are banned
|rule|Evasion Moves Clause: Evasion moves are banned
|rule|Evasion Abilities Clause: Evasion abilities are banned
|rule|Sleep Moves Clause: Sleep-inducing moves are banned
|clearpoke
|poke|p1|Qwilfish-Hisui, M|
|poke|p1|Cloyster, M|
|poke|p1|Blissey, F|
|poke|p1|Darkrai|
|poke|p1|Cinderace, F|
|poke|p1|Lokix, M|
|poke|p2|Ceruledge, F|
|poke|p2|Clefable, M|
|poke|p2|Garganacl, F|
|poke|p2|Glimmora, M|
|poke|p2|Greninja-*, M|
|poke|p2|Metagross|
|teampreview
|inactive|Battle timer is ON: inactive players will automatically lose when time's up. (requested by RexTheflex)
|
|t:|1760741207
|teamsize|p1|6
|teamsize|p2|6
|start
|switch|p1a: Cloyster|Cloyster, M|100/100
|switch|p2a: Glimmora|Glimmora, M, shiny|100/100
|turn|1
|
|t:|1760741218
|move|p2a: Glimmora|Power Gem|p1a: Cloyster
|-supereffective|p1a: Cloyster
|-enditem|p1a: Cloyster|Focus Sash
|-damage|p1a: Cloyster|1/100
|move|p1a: Cloyster|Shell Smash|p1a: Cloyster
|-unboost|p1a: Cloyster|def|1
|-unboost|p1a: Cloyster|spd|1
|-boost|p1a: Cloyster|atk|2
|-boost|p1a: Cloyster|spa|2
|-boost|p1a: Cloyster|spe|2
|
|upkeep
|turn|2
|
|t:|1760741230
|move|p1a: Cloyster|Icicle Spear|p2a: Glimmora
|-damage|p2a: Glimmora|72/100
|-activate|p2a: Glimmora|ability: Toxic Debris
|-sidestart|p1: ineverhaxed|move: Toxic Spikes
|-damage|p2a: Glimmora|41/100
|-activate|p2a: Glimmora|ability: Toxic Debris
|-sidestart|p1: ineverhaxed|move: Toxic Spikes
|-damage|p2a: Glimmora|12/100
|-damage|p2a: Glimmora|0 fnt
|faint|p2a: Glimmora
|-hitcount|p2: Glimmora|4
|
|upkeep
|
|t:|1760741242
|switch|p2a: Greninja|Greninja, M, shiny|100/100
|turn|3
|
|t:|1760741248
|move|p1a: Cloyster|Ice Shard|p2a: Greninja
|-resisted|p2a: Greninja
|-damage|p2a: Greninja|68/100
|move|p2a: Greninja|Water Shuriken|p1a: Cloyster
|-start|p2a: Greninja|typechange|Water|[from] ability: Protean
|-resisted|p1a: Cloyster
|-damage|p1a: Cloyster|0 fnt
|faint|p1a: Cloyster
|-hitcount|p1: Cloyster|1
|
|upkeep
|
|t:|1760741251
|switch|p1a: Qwilfish|Qwilfish-Hisui, M|100/100
|-sideend|p1: ineverhaxed|move: Toxic Spikes|[of] p1a: Qwilfish
|turn|4
|inactive|RexTheflex has 120 seconds left.
|
|t:|1760741289
|switch|p2a: Garganacl|Garganacl, F, shiny|100/100
|move|p1a: Qwilfish|Toxic Spikes|p2a: Garganacl
|-sidestart|p2: RexTheflex|move: Toxic Spikes
|
|upkeep
|turn|5
|inactive|RexTheflex has 120 seconds left.
|
|t:|1760741304
|switch|p1a: Darkrai|Darkrai|100/100
|move|p2a: Garganacl|Curse|p2a: Garganacl
|-unboost|p2a: Garganacl|spe|1
|-boost|p2a: Garganacl|atk|1
|-boost|p2a: Garganacl|def|1
|
|upkeep
|turn|6
|
|t:|1760741313
|move|p1a: Darkrai|Trick|p2a: Garganacl
|-activate|p1a: Darkrai|move: Trick|[of] p2a: Garganacl
|-item|p2a: Garganacl|Choice Scarf|[from] move: Trick
|-item|p1a: Darkrai|Sitrus Berry|[from] move: Trick
|move|p2a: Garganacl|Salt Cure|p1a: Darkrai
|-damage|p1a: Darkrai|71/100
|-start|p1a: Darkrai|Salt Cure
|
|-damage|p1a: Darkrai|58/100|[from] Salt Cure
|upkeep
|turn|7
|inactive|RexTheflex has 120 seconds left.
|
|t:|1760741327
|switch|p2a: Clefable|Clefable, M|100/100
|-status|p2a: Clefable|psn
|move|p1a: Darkrai|Dark Pulse|p2a: Clefable
|-resisted|p2a: Clefable
|-damage|p2a: Clefable|79/100 psn
|
|-damage|p1a: Darkrai|46/100|[from] Salt Cure
|upkeep
|-enditem|p1a: Darkrai|Sitrus Berry|[eat]
|-heal|p1a: Darkrai|71/100|[from] item: Sitrus Berry
|turn|8
|inactive|RexTheflex has 120 seconds left.
|
|t:|1760741341
|switch|p1a: Qwilfish|Qwilfish-Hisui, M|100/100
|move|p2a: Clefable|Calm Mind|p2a: Clefable
|-boost|p2a: Clefable|spa|1
|-boost|p2a: Clefable|spd|1
|
|upkeep
|turn|9
|inactive|RexTheflex has 120 seconds left.
|
|t:|1760741350
|move|p1a: Qwilfish|Barb Barrage|p2a: Clefable
|-supereffective|p2a: Clefable
|-damage|p2a: Clefable|7/100 psn
|move|p2a: Clefable|Reflect|p2a: Clefable
|-sidestart|p2: RexTheflex|Reflect
|
|upkeep
|turn|10
|
|t:|1760741357
|move|p1a: Qwilfish|Barb Barrage|p2a: Clefable
|-supereffective|p2a: Clefable
|-damage|p2a: Clefable|0 fnt
|faint|p2a: Clefable
|
|upkeep
|inactive|RexTheflex has 120 seconds left.
|
|t:|1760741369
|switch|p2a: Garganacl|Garganacl, F, shiny|100/100
|turn|11
|
|t:|1760741372
|move|p1a: Qwilfish|Spite||[still]
|-fail|p1a: Qwilfish
|move|p2a: Garganacl|Stealth Rock|p1a: Qwilfish
|-sidestart|p1: ineverhaxed|move: Stealth Rock
|
|upkeep
|turn|12
|
|t:|1760741385
|switch|p1a: Cinderace|Cinderace, F|100/100
|-damage|p1a: Cinderace|76/100|[from] Stealth Rock
|switch|p2a: Ceruledge|Ceruledge, F, shiny|100/100
|-status|p2a: Ceruledge|psn
|
|-damage|p2a: Ceruledge|88/100 psn|[from] psn
|upkeep
|turn|13
|
|t:|1760741397
|move|p1a: Cinderace|Court Change|p1a: Cinderace
|-start|p1a: Cinderace|typechange|Normal|[from] ability: Libero
|-swapsideconditions
|-activate|p1a: Cinderace|move: Court Change
|move|p2a: Ceruledge|Swords Dance|p2a: Ceruledge
|-boost|p2a: Ceruledge|atk|2
|
|-damage|p2a: Ceruledge|76/100 psn|[from] psn
|-sideend|p1: ineverhaxed|Reflect
|upkeep
|turn|14
|
|t:|1760741406
|switch|p1a: Qwilfish|Qwilfish-Hisui, M|100/100
|-sideend|p1: ineverhaxed|move: Toxic Spikes|[of] p1a: Qwilfish
|move|p2a: Ceruledge|Swords Dance|p2a: Ceruledge
|-boost|p2a: Ceruledge|atk|2
|
|-damage|p2a: Ceruledge|63/100 psn|[from] psn
|upkeep
|turn|15
|
|t:|1760741419
|move|p2a: Ceruledge|Bitter Blade|p1a: Qwilfish
|-damage|p1a: Qwilfish|0 fnt
|-heal|p2a: Ceruledge|100/100 psn|[from] drain|[of] p1a: Qwilfish
|faint|p1a: Qwilfish
|
|-damage|p2a: Ceruledge|88/100 psn|[from] psn
|upkeep
|
|t:|1760741424
|switch|p1a: Cinderace|Cinderace, F|76/100
|turn|16
|
|t:|1760741430
|move|p1a: Cinderace|Sucker Punch|p2a: Ceruledge
|-start|p1a: Cinderace|typechange|Dark|[from] ability: Libero
|-supereffective|p2a: Ceruledge
|-crit|p2a: Ceruledge
|-damage|p2a: Ceruledge|0 fnt
|faint|p2a: Ceruledge
|
|upkeep
|
|t:|1760741442
|switch|p2a: Greninja|Greninja, M, shiny|68/100
|-damage|p2a: Greninja|56/100|[from] Stealth Rock
|turn|17
|
|t:|1760741452
|move|p2a: Greninja|Ice Beam|p1a: Cinderace
|-start|p2a: Greninja|typechange|Ice|[from] ability: Protean
|-damage|p1a: Cinderace|0 fnt
|faint|p1a: Cinderace
|
|upkeep
|
|t:|1760741459
|switch|p1a: Blissey|Blissey, F|100/100
|turn|18
|
|t:|1760741463
|switch|p2a: Metagross|Metagross|100/100
|-damage|p2a: Metagross|94/100|[from] Stealth Rock
|move|p1a: Blissey|Flamethrower|p2a: Metagross
|-supereffective|p2a: Metagross
|-damage|p2a: Metagross|56/100
|
|-heal|p2a: Metagross|62/100|[from] item: Leftovers
|upkeep
|turn|19
|
|t:|1760741475
|move|p2a: Metagross|Meteor Mash|p1a: Blissey
|-damage|p1a: Blissey|56/100
|move|p1a: Blissey|Flamethrower|p2a: Metagross
|-supereffective|p2a: Metagross
|-damage|p2a: Metagross|24/100
|
|-heal|p2a: Metagross|30/100|[from] item: Leftovers
|-heal|p1a: Blissey|62/100|[from] item: Leftovers
|upkeep
|turn|20
|
|t:|1760741486
|move|p2a: Metagross|Protect|p2a: Metagross
|-singleturn|p2a: Metagross|Protect
|move|p1a: Blissey|Flamethrower|p2a: Metagross
|-activate|p2a: Metagross|move: Protect
|
|-heal|p2a: Metagross|36/100|[from] item: Leftovers
|-heal|p1a: Blissey|69/100|[from] item: Leftovers
|upkeep
|turn|21
|
|t:|1760741498
|-terastallize|p2a: Metagross|Flying
|move|p2a: Metagross|Meteor Mash|p1a: Blissey|[miss]
|-miss|p2a: Metagross|p1a: Blissey
|move|p1a: Blissey|Flamethrower|p2a: Metagross
|-damage|p2a: Metagross|16/100
|
|-heal|p2a: Metagross|22/100|[from] item: Leftovers
|-heal|p1a: Blissey|75/100|[from] item: Leftovers
|upkeep
|turn|22
|
|t:|1760741509
|move|p2a: Metagross|Heavy Slam|p1a: Blissey
|-damage|p1a: Blissey|14/100
|move|p1a: Blissey|Ice Beam|p2a: Metagross
|-supereffective|p2a: Metagross
|-damage|p2a: Metagross|0 fnt
|faint|p2a: Metagross
|
|-heal|p1a: Blissey|20/100|[from] item: Leftovers
|upkeep
|
|t:|1760741520
|switch|p2a: Garganacl|Garganacl, F, shiny|100/100
|-damage|p2a: Garganacl|88/100|[from] Stealth Rock
|turn|23
|
|t:|1760741525
|move|p1a: Blissey|Thunderbolt|p2a: Garganacl
|-damage|p2a: Garganacl|73/100
|move|p2a: Garganacl|Salt Cure|p1a: Blissey
|-damage|p1a: Blissey|6/100
|-start|p1a: Blissey|Salt Cure
|
|-heal|p1a: Blissey|12/100|[from] item: Leftovers
|-damage|p1a: Blissey|0 fnt|[from] Salt Cure
|faint|p1a: Blissey
|upkeep
|
|t:|1760741532
|switch|p1a: Darkrai|Darkrai|71/100
|turn|24
|
|t:|1760741542
|switch|p2a: Greninja|Greninja, M, shiny|56/100
|-damage|p2a: Greninja|43/100|[from] Stealth Rock
|-terastallize|p1a: Darkrai|Dark
|move|p1a: Darkrai|Dark Pulse|p2a: Greninja
|-resisted|p2a: Greninja
|-damage|p2a: Greninja|0 fnt
|faint|p2a: Greninja
|
|upkeep
|
|t:|1760741552
|switch|p2a: Garganacl|Garganacl, F, shiny|73/100
|-damage|p2a: Garganacl|60/100|[from] Stealth Rock
|turn|25
|
|t:|1760741561
|move|p1a: Darkrai|Dark Pulse|p2a: Garganacl
|-damage|p2a: Garganacl|14/100
|move|p2a: Garganacl|Salt Cure|p1a: Darkrai
|-damage|p1a: Darkrai|50/100
|-start|p1a: Darkrai|Salt Cure
|
|-damage|p1a: Darkrai|38/100|[from] Salt Cure
|upkeep
|turn|26
|
|t:|1760741571
|move|p1a: Darkrai|Dark Pulse|p2a: Garganacl
|-damage|p2a: Garganacl|0 fnt
|faint|p2a: Garganacl
|
|win|ineverhaxed
|raw|ineverhaxed's rating: 1177 &rarr; <strong>1205</strong><br />(+28 for winning)
|raw|RexTheflex's rating: 1224 &rarr; <strong>1196</strong><br />(-28 for losing)
|l|☆ineverhaxed
|player|p1|
|l|☆RexTheflex
|player|p2|
