|j|☆151htyrneh
|j|☆Lolproplayer
|t:|1760775553
|gametype|singles
|player|p1|151htyrneh|wallace|1773
|player|p2|Lolproplayer|2|1689
|gen|9
|tier|[Gen 9] OU
|rated|
|rule|HP Percentage Mod: HP is shown in percentages
|rule|Endless Battle Clause: Forcing endless battles is banned
|rule|Species Clause: Limit one of each Pokémon
|rule|OHKO Clause: OHKO moves are banned
|rule|Evasion Items Clause: Evasion items are banned
|rule|Evasion Moves Clause: Evasion moves are banned
|rule|Evasion Abilities Clause: Evasion abilities are banned
|rule|Sleep Moves Clause: Sleep-inducing moves are banned
|clearpoke
|poke|p1|Deoxys-Speed|
|poke|p1|Dragonite, M|
|poke|p1|Glimmora, M|
|poke|p1|Great Tusk|
|poke|p1|Iron Valiant|
|poke|p1|Kingambit, M|
|poke|p2|Ursaluna, M|
|poke|p2|Cresselia, F|
|poke|p2|Iron Hands|
|poke|p2|Volcanion|
|poke|p2|Hatterene, F|
|poke|p2|Porygon2|
|teampreview
|inactive|Battle timer is ON: inactive players will automatically lose when time's up. (requested by Lolproplayer)
|
|t:|1760775558
|teamsize|p1|6
|teamsize|p2|6
|start
|switch|p1a: Deoxys|Deoxys-Speed|100/100
|switch|p2a: Porygon2|Porygon2|100/100
|-ability|p1a: Deoxys|Pressure
|-ability|p2a: Porygon2|Download|boost
|-boost|p2a: Porygon2|spa|1
|turn|1
|
|t:|1760775567
|move|p1a: Deoxys|Taunt|p2a: Porygon2
|-start|p2a: Porygon2|move: Taunt
|move|p2a: Porygon2|Tera Blast|p1a: Deoxys
|-damage|p1a: Deoxys|29/100
|
|upkeep
|turn|2
|
|t:|1760775574
|move|p1a: Deoxys|Light Screen|p1a: Deoxys
|-sidestart|p1: 151htyrneh|move: Light Screen
|move|p2a: Porygon2|Ice Beam|p1a: Deoxys
|-damage|p1a: Deoxys|3/100
|
|upkeep
|turn|3
|
|t:|1760775579
|move|p1a: Deoxys|Reflect|p1a: Deoxys
|-sidestart|p1: 151htyrneh|Reflect
|move|p2a: Porygon2|Ice Beam|p1a: Deoxys
|-crit|p1a: Deoxys
|-damage|p1a: Deoxys|0 fnt
|faint|p1a: Deoxys
|
|-end|p2a: Porygon2|move: Taunt
|upkeep
|
|t:|1760775588
|switch|p1a: Kingambit|Kingambit, M|100/100
|-activate|p1a: Kingambit|ability: Supreme Overlord
|-start|p1a: Kingambit|fallen1|[silent]
|turn|4
|
|t:|1760775595
|switch|p2a: Iron Hands|Iron Hands|100/100
|-enditem|p2a: Iron Hands|Booster Energy
|-activate|p2a: Iron Hands|ability: Quark Drive|[fromitem]
|-start|p2a: Iron Hands|quarkdriveatk
|move|p1a: Kingambit|Swords Dance|p1a: Kingambit
|-boost|p1a: Kingambit|atk|2
|
|upkeep
|turn|5
|
|t:|1760775603
|-terastallize|p1a: Kingambit|Fighting
|move|p1a: Kingambit|Low Kick|p2a: Iron Hands
|-damage|p2a: Iron Hands|19/100
|move|p2a: Iron Hands|Close Combat|p1a: Kingambit
|-damage|p1a: Kingambit|60/100
|-unboost|p2a: Iron Hands|def|1
|-unboost|p2a: Iron Hands|spd|1
|
|upkeep
|turn|6
|
|t:|1760775613
|move|p1a: Kingambit|Iron Head|p2a: Iron Hands
|-resisted|p2a: Iron Hands
|-damage|p2a: Iron Hands|0 fnt
|faint|p2a: Iron Hands
|-end|p2a: Iron Hands|Quark Drive|[silent]
|
|upkeep
|
|t:|1760775625
|switch|p2a: Hatterene|Hatterene, F|100/100
|turn|7
|
|t:|1760775628
|move|p1a: Kingambit|Iron Head|p2a: Hatterene
|-supereffective|p2a: Hatterene
|-enditem|p2a: Hatterene|Focus Sash
|-damage|p2a: Hatterene|1/100
|move|p2a: Hatterene|Trick Room|p2a: Hatterene
|-fieldstart|move: Trick Room|[of] p2a: Hatterene
|
|upkeep
|turn|8
|
|t:|1760775635
|move|p1a: Kingambit|Sucker Punch||[still]
|-fail|p1a: Kingambit
|move|p2a: Hatterene|Healing Wish|p2a: Hatterene
|faint|p2a: Hatterene
|
|upkeep
|
|t:|1760775652
|switch|p2a: Ursaluna|Ursaluna, M|100/100
|turn|9
|
|t:|1760775655
|move|p2a: Ursaluna|Protect|p2a: Ursaluna
|-singleturn|p2a: Ursaluna|Protect
|move|p1a: Kingambit|Low Kick|p2a: Ursaluna
|-activate|p2a: Ursaluna|move: Protect
|
|-sideend|p1: 151htyrneh|move: Light Screen
|-status|p2a: Ursaluna|brn|[from] item: Flame Orb
|upkeep
|turn|10
|
|t:|1760775664
|move|p1a: Kingambit|Sucker Punch|p2a: Ursaluna
|-damage|p2a: Ursaluna|40/100 brn
|move|p2a: Ursaluna|Facade|p1a: Kingambit
|-damage|p1a: Kingambit|5/100
|
|-damage|p2a: Ursaluna|33/100 brn|[from] brn
|-sideend|p1: 151htyrneh|Reflect
|upkeep
|turn|11
|
|t:|1760775676
|switch|p2a: Volcanion|Volcanion|100/100
|move|p1a: Kingambit|Sucker Punch||[still]
|-fail|p1a: Kingambit
|
|-fieldend|move: Trick Room
|upkeep
|turn|12
|
|t:|1760775683
|move|p1a: Kingambit|Low Kick|p2a: Volcanion
|-damage|p2a: Volcanion|2/100
|move|p2a: Volcanion|Steam Eruption|p1a: Kingambit
|-damage|p1a: Kingambit|0 fnt
|faint|p1a: Kingambit
|-end|p1a: Kingambit|fallen1|[silent]
|
|upkeep
|j| amimec
|
|t:|1760775688
|switch|p1a: Glimmora|Glimmora, M|100/100
|turn|13
|
|t:|1760775699
|switch|p2a: Porygon2|Porygon2|100/100
|-ability|p2a: Porygon2|Download|boost
|-boost|p2a: Porygon2|spa|1
|move|p1a: Glimmora|Earth Power|p2a: Porygon2
|-damage|p2a: Porygon2|79/100
|
|upkeep
|turn|14
|
|t:|1760775711
|-terastallize|p2a: Porygon2|Ground
|move|p1a: Glimmora|Meteor Beam||[still]
|-prepare|p1a: Glimmora|Meteor Beam
|-boost|p1a: Glimmora|spa|1
|-enditem|p1a: Glimmora|Power Herb
|-anim|p1a: Glimmora|Meteor Beam|p2a: Porygon2
|-resisted|p2a: Porygon2
|-damage|p2a: Porygon2|49/100
|move|p2a: Porygon2|Tera Blast|p1a: Glimmora|[anim] Tera Blast Ground
|-supereffective|p1a: Glimmora
|-damage|p1a: Glimmora|0 fnt
|faint|p1a: Glimmora
|
|upkeep
|
|t:|1760775726
|switch|p1a: Great Tusk|Great Tusk|100/100
|-enditem|p1a: Great Tusk|Booster Energy
|-activate|p1a: Great Tusk|ability: Protosynthesis|[fromitem]
|-start|p1a: Great Tusk|protosynthesisspe
|turn|15
|
|t:|1760775732
|move|p1a: Great Tusk|Taunt|p2a: Porygon2
|-start|p2a: Porygon2|move: Taunt
|cant|p2a: Porygon2|move: Taunt|Trick Room
|
|upkeep
|turn|16
|
|t:|1760775737
|move|p1a: Great Tusk|Headlong Rush|p2a: Porygon2
|-damage|p2a: Porygon2|14/100
|-unboost|p1a: Great Tusk|def|1
|-unboost|p1a: Great Tusk|spd|1
|move|p2a: Porygon2|Ice Beam|p1a: Great Tusk
|-supereffective|p1a: Great Tusk
|-damage|p1a: Great Tusk|0 fnt
|faint|p1a: Great Tusk
|-end|p1a: Great Tusk|Protosynthesis|[silent]
|
|upkeep
|
|t:|1760775740
|switch|p1a: Iron Valiant|Iron Valiant|100/100
|-enditem|p1a: Iron Valiant|Booster Energy
|-activate|p1a: Iron Valiant|ability: Quark Drive|[fromitem]
|-start|p1a: Iron Valiant|quarkdrivespe
|turn|17
|
|t:|1760775757
|switch|p2a: Volcanion|Volcanion|2/100
|-heal|p2a: Volcanion|100/100|[from] move: Healing Wish
|move|p1a: Iron Valiant|Moonblast|p2a: Volcanion
|-resisted|p2a: Volcanion
|-crit|p2a: Volcanion
|-damage|p2a: Volcanion|64/100
|
|upkeep
|turn|18
|
|t:|1760775765
|move|p1a: Iron Valiant|Close Combat|p2a: Volcanion
|-damage|p2a: Volcanion|25/100
|-unboost|p1a: Iron Valiant|def|1
|-unboost|p1a: Iron Valiant|spd|1
|move|p2a: Volcanion|Steam Eruption|p1a: Iron Valiant
|-damage|p1a: Iron Valiant|0 fnt
|faint|p1a: Iron Valiant
|-end|p1a: Iron Valiant|Quark Drive|[silent]
|
|upkeep
|
|t:|1760775768
|switch|p1a: Dragonite|Dragonite, M|100/100
|turn|19
|
|t:|1760775777
|move|p1a: Dragonite|Dragon Dance|p1a: Dragonite
|-boost|p1a: Dragonite|atk|1
|-boost|p1a: Dragonite|spe|1
|move|p2a: Volcanion|Steam Eruption|p1a: Dragonite
|-resisted|p1a: Dragonite
|-damage|p1a: Dragonite|75/100
|
|-heal|p1a: Dragonite|81/100|[from] item: Leftovers
|upkeep
|turn|20
|
|t:|1760775786
|move|p1a: Dragonite|Earthquake|p2a: Volcanion
|-supereffective|p2a: Volcanion
|-damage|p2a: Volcanion|0 fnt
|faint|p2a: Volcanion
|
|-heal|p1a: Dragonite|87/100|[from] item: Leftovers
|upkeep
|
|t:|1760775794
|switch|p2a: Cresselia|Cresselia, F|100/100
|turn|21
|
|t:|1760775798
|move|p1a: Dragonite|Tera Blast|p2a: Cresselia
|-damage|p2a: Cresselia|90/100
|move|p2a: Cresselia|Trick Room|p2a: Cresselia
|-fieldstart|move: Trick Room|[of] p2a: Cresselia
|
|-heal|p1a: Dragonite|93/100|[from] item: Leftovers
|upkeep
|turn|22
|
|t:|1760775811
|move|p2a: Cresselia|Moonblast|p1a: Dragonite
|-supereffective|p1a: Dragonite
|-damage|p1a: Dragonite|59/100
|move|p1a: Dragonite|Substitute|p1a: Dragonite
|-start|p1a: Dragonite|Substitute
|-damage|p1a: Dragonite|34/100
|
|-heal|p1a: Dragonite|40/100|[from] item: Leftovers
|upkeep
|turn|23
|
|t:|1760775820
|move|p2a: Cresselia|Moonblast|p1a: Dragonite
|-supereffective|p1a: Dragonite
|-end|p1a: Dragonite|Substitute
|move|p1a: Dragonite|Tera Blast|p2a: Cresselia
|-damage|p2a: Cresselia|81/100
|
|-heal|p1a: Dragonite|46/100|[from] item: Leftovers
|upkeep
|turn|24
|
|t:|1760775829
|move|p2a: Cresselia|Moonblast|p1a: Dragonite
|-supereffective|p1a: Dragonite
|-damage|p1a: Dragonite|12/100
|-unboost|p1a: Dragonite|spa|1
|move|p1a: Dragonite|Tera Blast|p2a: Cresselia
|-damage|p2a: Cresselia|74/100
|
|-heal|p1a: Dragonite|18/100|[from] item: Leftovers
|upkeep
|turn|25
|-message|151htyrneh forfeited.
|
|win|Lolproplayer
|raw|151htyrneh's rating: 1773 &rarr; <strong>1748</strong><br />(-25 for losing)
|raw|Lolproplayer's rating: 1689 &rarr; <strong>1714</strong><br />(+25 for winning)
|l|☆151htyrneh
|player|p1|
