|j|☆LifeOrbSpammer
|j|‽Plug Kristmas
|t:|1760880025
|gametype|singles
|player|p1|LifeOrbSpammer|101|1122
|player|p2|Plug Kristmas|rood|1139
|gen|9
|tier|[Gen 9] OU
|rated|
|rule|HP Percentage Mod: HP is shown in percentages
|rule|Endless Battle Clause: Forcing endless battles is banned
|rule|Species Clause: Limit one of each Pokémon
|rule|OHKO Clause: OHKO moves are banned
|rule|Evasion Items Clause: Evasion items are banned
|rule|Evasion Moves Clause: Evasion moves are banned
|rule|Evasion Abilities Clause: Evasion abilities are banned
|rule|Sleep Moves Clause: Sleep-inducing moves are banned
|clearpoke
|poke|p1|Zamazenta-*|
|poke|p1|Walking Wake|
|poke|p1|Darkrai|
|poke|p1|Dragapult, M|
|poke|p1|Iron Valiant|
|poke|p1|Dragonite, F|
|poke|p2|Hariyama, F|
|poke|p2|Manaphy|
|poke|p2|Heatran, M|
|poke|p2|Alcremie-Rainbow-Swirl, F|
|poke|p2|Iron Valiant|
|poke|p2|Glimmora, F|
|teampreview
|
|t:|1760880031
|teamsize|p1|6
|teamsize|p2|6
|start
|switch|p1a: Dragonite|Dragonite, F|100/100
|switch|p2a: Manaphy|Manaphy|100/100
|turn|1
|
|t:|1760880042
|move|p2a: Manaphy|Blizzard|p1a: Dragonite
|-supereffective|p1a: Dragonite
|-damage|p1a: Dragonite|36/100
|move|p1a: Dragonite|Dragon Claw|p2a: Manaphy
|-damage|p2a: Manaphy|44/100
|-damage|p1a: Dragonite|26/100|[from] item: Life Orb
|
|-heal|p2a: Manaphy|51/100|[from] item: Leftovers
|upkeep
|turn|2
|
|t:|1760880052
|move|p1a: Dragonite|Extreme Speed|p2a: Manaphy
|-damage|p2a: Manaphy|6/100
|-damage|p1a: Dragonite|16/100|[from] item: Life Orb
|move|p2a: Manaphy|Blizzard|p1a: Dragonite|[miss]
|-miss|p2a: Manaphy|p1a: Dragonite
|
|-heal|p2a: Manaphy|13/100|[from] item: Leftovers
|upkeep
|turn|3
|
|t:|1760880065
|switch|p2a: Alcremie|Alcremie-Rainbow-Swirl, F|100/100
|move|p1a: Dragonite|Extreme Speed|p2a: Alcremie
|-damage|p2a: Alcremie|50/100
|-damage|p1a: Dragonite|6/100|[from] item: Life Orb
|
|-heal|p2a: Alcremie|56/100|[from] item: Leftovers
|upkeep
|turn|4
|
|t:|1760880075
|switch|p2a: Glimmora|Glimmora, F|100/100
|move|p1a: Dragonite|Extreme Speed|p2a: Glimmora
|-resisted|p2a: Glimmora
|-damage|p2a: Glimmora|79/100
|-activate|p2a: Glimmora|ability: Toxic Debris
|-sidestart|p1: LifeOrbSpammer|move: Toxic Spikes
|-damage|p1a: Dragonite|0 fnt|[from] item: Life Orb
|faint|p1a: Dragonite
|
|upkeep
|
|t:|1760880092
|switch|p1a: Walking Wake|Walking Wake|100/100
|-status|p1a: Walking Wake|psn
|turn|5
|
|t:|1760880101
|switch|p2a: Alcremie|Alcremie-Rainbow-Swirl, F|56/100
|move|p1a: Walking Wake|Scald|p2a: Alcremie
|-damage|p2a: Alcremie|18/100
|-damage|p1a: Walking Wake|91/100 psn|[from] item: Life Orb
|
|-heal|p2a: Alcremie|24/100|[from] item: Leftovers
|-damage|p1a: Walking Wake|78/100 psn|[from] psn
|upkeep
|turn|6
|
|t:|1760880119
|move|p1a: Walking Wake|Flamethrower|p2a: Alcremie
|-damage|p2a: Alcremie|0 fnt
|faint|p2a: Alcremie
|-damage|p1a: Walking Wake|69/100 psn|[from] item: Life Orb
|
|-damage|p1a: Walking Wake|56/100 psn|[from] psn
|upkeep
|
|t:|1760880132
|switch|p2a: Hariyama|Hariyama, F|100/100
|turn|7
|
|t:|1760880139
|move|p1a: Walking Wake|Dragon Pulse|p2a: Hariyama
|-damage|p2a: Hariyama|34/100
|-damage|p1a: Walking Wake|47/100 psn|[from] item: Life Orb
|move|p2a: Hariyama|Thunder Punch|p1a: Walking Wake
|-damage|p1a: Walking Wake|16/100 psn
|
|-damage|p1a: Walking Wake|4/100 psn|[from] psn
|-status|p2a: Hariyama|brn|[from] item: Flame Orb
|upkeep
|turn|8
|
|t:|1760880151
|switch|p2a: Glimmora|Glimmora, F|79/100
|move|p1a: Walking Wake|Scald|p2a: Glimmora
|-supereffective|p2a: Glimmora
|-damage|p2a: Glimmora|0 fnt
|faint|p2a: Glimmora
|-damage|p1a: Walking Wake|0 fnt|[from] item: Life Orb
|faint|p1a: Walking Wake
|-end|p1a: Walking Wake|Protosynthesis|[silent]
|
|upkeep
|
|t:|1760880163
|switch|p1a: Zamazenta|Zamazenta|100/100
|switch|p2a: Hariyama|Hariyama, F|34/100 brn
|-status|p1a: Zamazenta|psn
|-ability|p1a: Zamazenta|Dauntless Shield|boost
|-boost|p1a: Zamazenta|def|1
|turn|9
|
|t:|1760880174
|move|p1a: Zamazenta|Close Combat|p2a: Hariyama
|-damage|p2a: Hariyama|0 fnt
|-unboost|p1a: Zamazenta|def|1
|-unboost|p1a: Zamazenta|spd|1
|faint|p2a: Hariyama
|-damage|p1a: Zamazenta|91/100 psn|[from] item: Life Orb
|
|-damage|p1a: Zamazenta|78/100 psn|[from] psn
|upkeep
|
|t:|1760880185
|switch|p2a: Iron Valiant|Iron Valiant|100/100
|turn|10
|
|t:|1760880193
|move|p1a: Zamazenta|Heavy Slam|p2a: Iron Valiant
|-supereffective|p2a: Iron Valiant
|-damage|p2a: Iron Valiant|0 fnt
|faint|p2a: Iron Valiant
|-end|p2a: Iron Valiant|Quark Drive|[silent]
|-damage|p1a: Zamazenta|68/100 psn|[from] item: Life Orb
|
|-damage|p1a: Zamazenta|56/100 psn|[from] psn
|upkeep
|
|t:|1760880202
|switch|p2a: Heatran|Heatran, M|100/100
|-item|p2a: Heatran|Air Balloon
|turn|11
|
|t:|1760880209
|-terastallize|p2a: Heatran|Fire
|move|p1a: Zamazenta|Close Combat|p2a: Heatran
|-damage|p2a: Heatran|38/100
|-unboost|p1a: Zamazenta|def|1
|-unboost|p1a: Zamazenta|spd|1
|-enditem|p2a: Heatran|Air Balloon
|-damage|p1a: Zamazenta|46/100 psn|[from] item: Life Orb
|move|p2a: Heatran|Earth Power|p1a: Zamazenta
|-damage|p1a: Zamazenta|0 fnt
|faint|p1a: Zamazenta
|
|upkeep
|
|t:|1760880224
|switch|p1a: Dragapult|Dragapult, M|100/100
|-status|p1a: Dragapult|psn
|turn|12
|
|t:|1760880237
|move|p1a: Dragapult|Sucker Punch|p2a: Heatran
|-damage|p2a: Heatran|14/100
|-damage|p1a: Dragapult|91/100 psn|[from] item: Life Orb
|move|p2a: Heatran|Fire Blast|p1a: Dragapult
|-resisted|p1a: Dragapult
|-damage|p1a: Dragapult|31/100 psn
|
|-damage|p1a: Dragapult|19/100 psn|[from] psn
|upkeep
|turn|13
|
|t:|1760880247
|move|p1a: Dragapult|Outrage|p2a: Heatran
|-damage|p2a: Heatran|0 fnt
|faint|p2a: Heatran
|-damage|p1a: Dragapult|9/100 psn|[from] item: Life Orb
|
|-damage|p1a: Dragapult|0 fnt|[from] psn
|faint|p1a: Dragapult
|upkeep
|
|t:|1760880257
|switch|p1a: Darkrai|Darkrai|100/100
|switch|p2a: Manaphy|Manaphy|13/100
|-status|p1a: Darkrai|psn
|turn|14
|
|t:|1760880265
|move|p1a: Darkrai|Dark Pulse|p2a: Manaphy
|-damage|p2a: Manaphy|0 fnt
|faint|p2a: Manaphy
|-damage|p1a: Darkrai|91/100 psn|[from] item: Life Orb
|
|win|LifeOrbSpammer
|raw|LifeOrbSpammer's rating: 1122 &rarr; <strong>1148</strong><br />(+26 for winning)
|raw|Plug Kristmas's rating: 1139 &rarr; <strong>1113</strong><br />(-26 for losing)
|l|‽Plug Kristmas
|player|p2|
