|j|☆lizholmes
|j|☆pcklee
|t:|1760762205
|gametype|singles
|player|p1|lizholmes|1|1551
|player|p2|pcklee|101|1555
|gen|9
|tier|[Gen 9] OU
|rated|
|rule|HP Percentage Mod: HP is shown in percentages
|rule|Endless Battle Clause: Forcing endless battles is banned
|rule|Species Clause: Limit one of each Pokémon
|rule|OHKO Clause: OHKO moves are banned
|rule|Evasion Items Clause: Evasion items are banned
|rule|Evasion Moves Clause: Evasion moves are banned
|rule|Evasion Abilities Clause: Evasion abilities are banned
|rule|Sleep Moves Clause: Sleep-inducing moves are banned
|clearpoke
|poke|p1|Great Tusk|
|poke|p1|Ogerpon-Wellspring, F|
|poke|p1|Dragapult, F|
|poke|p1|Dragonite, M|
|poke|p1|Iron Crown|
|poke|p1|Tornadus-Therian, M|
|poke|p2|Zamazenta-*|
|poke|p2|Dragonite, M|
|poke|p2|Alomomola, M|
|poke|p2|Pecharunt|
|poke|p2|Scizor, M|
|poke|p2|Ting-Lu|
|teampreview
|inactive|Battle timer is ON: inactive players will automatically lose when time's up. (requested by lizholmes)
|inactive|pcklee has 120 seconds left.
|
|t:|1760762239
|teamsize|p1|6
|teamsize|p2|6
|start
|switch|p1a: Tornadus|Tornadus-Therian, M|100/100
|switch|p2a: Ting-Lu|Ting-Lu|100/100
|-ability|p2a: Ting-Lu|Vessel of Ruin
|turn|1
|
|t:|1760762248
|move|p1a: Tornadus|Knock Off|p2a: Ting-Lu
|-resisted|p2a: Ting-Lu
|-damage|p2a: Ting-Lu|95/100
|-enditem|p2a: Ting-Lu|Leftovers|[from] move: Knock Off|[of] p1a: Tornadus
|move|p2a: Ting-Lu|Stealth Rock|p1a: Tornadus
|-sidestart|p1: lizholmes|move: Stealth Rock
|
|upkeep
|turn|2
|
|t:|1760762259
|move|p1a: Tornadus|U-turn|p2a: Ting-Lu
|-supereffective|p2a: Ting-Lu
|-damage|p2a: Ting-Lu|79/100
|
|t:|1760762266
|switch|p1a: Great Tusk|Great Tusk|100/100|[from] U-turn
|-damage|p1a: Great Tusk|98/100|[from] Stealth Rock
|move|p2a: Ting-Lu|Ruination|p1a: Great Tusk
|-damage|p1a: Great Tusk|49/100
|
|-heal|p1a: Great Tusk|55/100|[from] item: Leftovers
|upkeep
|turn|3
|
|t:|1760762294
|switch|p2a: Alomomola|Alomomola, M|100/100
|move|p1a: Great Tusk|Ice Spinner|p2a: Alomomola
|-resisted|p2a: Alomomola
|-damage|p2a: Alomomola|92/100
|
|-heal|p1a: Great Tusk|61/100|[from] item: Leftovers
|upkeep
|turn|4
|
|t:|1760762304
|-end|p1a: Great Tusk|Protosynthesis|[silent]
|switch|p1a: Tornadus|Tornadus-Therian, M|100/100
|move|p2a: Alomomola|Flip Turn|p1a: Tornadus
|-damage|p1a: Tornadus|81/100
|inactive|pcklee has 120 seconds left.
|
|t:|1760762329
|switch|p2a: Zamazenta|Zamazenta|100/100|[from] Flip Turn
|-ability|p2a: Zamazenta|Dauntless Shield|boost
|-boost|p2a: Zamazenta|def|1
|
|upkeep
|turn|5
|
|t:|1760762335
|switch|p1a: Great Tusk|Great Tusk|61/100
|-damage|p1a: Great Tusk|58/100|[from] Stealth Rock
|move|p2a: Zamazenta|Stone Edge|p1a: Great Tusk
|-resisted|p1a: Great Tusk
|-damage|p1a: Great Tusk|53/100
|
|-heal|p1a: Great Tusk|59/100|[from] item: Leftovers
|upkeep
|turn|6
|inactive|pcklee has 120 seconds left.
|
|t:|1760762346
|move|p2a: Zamazenta|Close Combat|p1a: Great Tusk
|-damage|p1a: Great Tusk|16/100
|-unboost|p2a: Zamazenta|def|1
|-unboost|p2a: Zamazenta|spd|1
|move|p1a: Great Tusk|Rapid Spin|p2a: Zamazenta
|-damage|p2a: Zamazenta|86/100
|-boost|p1a: Great Tusk|spe|1
|-sideend|p1: lizholmes|Stealth Rock|[from] move: Rapid Spin|[of] p1a: Great Tusk
|
|-heal|p1a: Great Tusk|22/100|[from] item: Leftovers
|upkeep
|turn|7
|inactive|pcklee has 120 seconds left.
|
|t:|1760762362
|-end|p1a: Great Tusk|Protosynthesis|[silent]
|switch|p1a: Tornadus|Tornadus-Therian, M|100/100
|move|p2a: Zamazenta|Close Combat|p1a: Tornadus
|-resisted|p1a: Tornadus
|-damage|p1a: Tornadus|65/100
|-unboost|p2a: Zamazenta|def|1
|-unboost|p2a: Zamazenta|spd|1
|
|upkeep
|turn|8
|inactive|pcklee has 120 seconds left.
|
|t:|1760762378
|switch|p1a: Iron Crown|Iron Crown|100/100
|move|p2a: Zamazenta|Stone Edge|p1a: Iron Crown
|-resisted|p1a: Iron Crown
|-damage|p1a: Iron Crown|85/100
|
|upkeep
|turn|9
|inactive|pcklee has 120 seconds left.
|
|t:|1760762390
|switch|p2a: Ting-Lu|Ting-Lu|79/100
|-ability|p2a: Ting-Lu|Vessel of Ruin
|move|p1a: Iron Crown|Tachyon Cutter|p2a: Ting-Lu
|-damage|p2a: Ting-Lu|69/100
|-damage|p2a: Ting-Lu|57/100
|-hitcount|p2a: Ting-Lu|2
|
|upkeep
|turn|10
|inactive|pcklee has 120 seconds left.
|
|t:|1760762401
|-end|p1a: Iron Crown|Quark Drive|[silent]
|switch|p1a: Ogerpon|Ogerpon-Wellspring, F|100/100
|move|p2a: Ting-Lu|Stealth Rock|p1a: Ogerpon
|-sidestart|p1: lizholmes|move: Stealth Rock
|
|upkeep
|turn|11
|inactive|pcklee has 120 seconds left.
|
|t:|1760762413
|switch|p2a: Pecharunt|Pecharunt|100/100
|move|p1a: Ogerpon|Ivy Cudgel|p2a: Pecharunt|[anim] Ivy Cudgel Water
|-damage|p2a: Pecharunt|60/100
|
|upkeep
|turn|12
|inactive|pcklee has 120 seconds left.
|
|t:|1760762425
|switch|p1a: Iron Crown|Iron Crown|85/100
|-damage|p1a: Iron Crown|78/100|[from] Stealth Rock
|move|p2a: Pecharunt|Recover|p2a: Pecharunt
|-heal|p2a: Pecharunt|100/100
|
|upkeep
|turn|13
|
|t:|1760762432
|switch|p2a: Ting-Lu|Ting-Lu|57/100
|-ability|p2a: Ting-Lu|Vessel of Ruin
|move|p1a: Iron Crown|Psychic Noise|p2a: Ting-Lu
|-immune|p2a: Ting-Lu
|
|upkeep
|turn|14
|inactive|pcklee has 120 seconds left.
|
|t:|1760762451
|-end|p1a: Iron Crown|Quark Drive|[silent]
|switch|p1a: Tornadus|Tornadus-Therian, M|99/100
|move|p2a: Ting-Lu|Ruination|p1a: Tornadus
|-damage|p1a: Tornadus|50/100
|
|upkeep
|turn|15
|inactive|pcklee has 120 seconds left.
|
|t:|1760762471
|switch|p2a: Zamazenta|Zamazenta|86/100
|move|p1a: Tornadus|Bleakwind Storm|p2a: Zamazenta
|-supereffective|p2a: Zamazenta
|-damage|p2a: Zamazenta|25/100
|-unboost|p2a: Zamazenta|spe|1
|
|upkeep
|turn|16
|inactive|lizholmes has 120 seconds left.
|
|t:|1760762504
|switch|p2a: Alomomola|Alomomola, M|100/100
|move|p1a: Tornadus|Bleakwind Storm|p2a: Alomomola
|-damage|p2a: Alomomola|66/100
|
|upkeep
|turn|17
|
|t:|1760762510
|switch|p2a: Pecharunt|Pecharunt|100/100
|move|p1a: Tornadus|Knock Off|p2a: Pecharunt
|-supereffective|p2a: Pecharunt
|-damage|p2a: Pecharunt|77/100
|-enditem|p2a: Pecharunt|Heavy-Duty Boots|[from] move: Knock Off|[of] p1a: Tornadus
|
|upkeep
|turn|18
|
|t:|1760762521
|move|p1a: Tornadus|U-turn|p2a: Pecharunt
|-resisted|p2a: Pecharunt
|-damage|p2a: Pecharunt|75/100
|
|t:|1760762524
|switch|p1a: Iron Crown|Iron Crown|78/100|[from] U-turn
|-damage|p1a: Iron Crown|72/100|[from] Stealth Rock
|move|p2a: Pecharunt|Shadow Ball|p1a: Iron Crown
|-supereffective|p1a: Iron Crown
|-damage|p1a: Iron Crown|36/100
|
|upkeep
|turn|19
|inactive|pcklee has 120 seconds left.
|
|t:|1760762534
|switch|p2a: Ting-Lu|Ting-Lu|57/100
|-ability|p2a: Ting-Lu|Vessel of Ruin
|move|p1a: Iron Crown|Psychic Noise|p2a: Ting-Lu
|-immune|p2a: Ting-Lu
|
|upkeep
|turn|20
|inactive|pcklee has 120 seconds left.
|
|t:|1760762543
|-end|p1a: Iron Crown|Quark Drive|[silent]
|switch|p1a: Tornadus|Tornadus-Therian, M|83/100
|switch|p2a: Zamazenta|Zamazenta|25/100
|
|upkeep
|turn|21
|
|t:|1760762548
|move|p2a: Zamazenta|Stone Edge|p1a: Tornadus
|-supereffective|p1a: Tornadus
|-crit|p1a: Tornadus
|-damage|p1a: Tornadus|0 fnt
|faint|p1a: Tornadus
|
|upkeep
|
|t:|1760762552
|switch|p1a: Dragapult|Dragapult, F|100/100
|-damage|p1a: Dragapult|88/100|[from] Stealth Rock
|turn|22
|inactive|pcklee has 120 seconds left.
|
|t:|1760762576
|move|p1a: Dragapult|Draco Meteor|p2a: Zamazenta
|-damage|p2a: Zamazenta|0 fnt
|-unboost|p1a: Dragapult|spa|2
|faint|p2a: Zamazenta
|
|upkeep
|inactive|pcklee has 120 seconds left.
|
|t:|1760762581
|switch|p2a: Dragonite|Dragonite, M|100/100
|turn|23
|
|t:|1760762585
|move|p1a: Dragapult|Draco Meteor|p2a: Dragonite|[miss]
|-miss|p1a: Dragapult|p2a: Dragonite
|move|p2a: Dragonite|Dragon Dance|p2a: Dragonite
|-boost|p2a: Dragonite|atk|1
|-boost|p2a: Dragonite|spe|1
|
|upkeep
|turn|24
|
|t:|1760762591
|move|p1a: Dragapult|Draco Meteor|p2a: Dragonite|[miss]
|-miss|p1a: Dragapult|p2a: Dragonite
|move|p2a: Dragonite|Dragon Dance|p2a: Dragonite
|-boost|p2a: Dragonite|atk|1
|-boost|p2a: Dragonite|spe|1
|
|upkeep
|turn|25
|-message|lizholmes forfeited.
|
|win|pcklee
|raw|lizholmes's rating: 1551 &rarr; <strong>1531</strong><br />(-20 for losing)
|raw|pcklee's rating: 1555 &rarr; <strong>1575</strong><br />(+20 for winning)
|l|☆lizholmes
|player|p1|
|c|☆pcklee|gg
|l|☆pcklee
|player|p2|
