|j|☆Harsh9555
|j|☆akkkkkiii
|t:|1760862181
|gametype|singles
|player|p1|Harsh9555|1|1253
|player|p2|akkkkkiii|102|1193
|gen|9
|tier|[Gen 9] OU
|rated|
|rule|HP Percentage Mod: HP is shown in percentages
|rule|Endless Battle Clause: Forcing endless battles is banned
|rule|Species Clause: Limit one of each Pokémon
|rule|OHKO Clause: OHKO moves are banned
|rule|Evasion Items Clause: Evasion items are banned
|rule|Evasion Moves Clause: Evasion moves are banned
|rule|Evasion Abilities Clause: Evasion abilities are banned
|rule|Sleep Moves Clause: Sleep-inducing moves are banned
|clearpoke
|poke|p1|Goodra-Hisui, F|
|poke|p1|Dragonite, F|
|poke|p1|Dragapult, F|
|poke|p1|Moltres|
|poke|p1|Garganacl, M|
|poke|p1|Corviknight, F|
|poke|p2|Walking Wake|
|poke|p2|Sylveon, M|
|poke|p2|Ninetales, M|
|poke|p2|Great Tusk|
|poke|p2|Rotom-Heat|
|poke|p2|Skarmory, F|
|teampreview
|inactive|Battle timer is ON: inactive players will automatically lose when time's up. (requested by Harsh9555)
|
|t:|1760862199
|teamsize|p1|6
|teamsize|p2|6
|start
|switch|p1a: Garganacl|Garganacl, M|100/100
|switch|p2a: Ninetales|Ninetales, M|100/100
|-weather|SunnyDay|[from] ability: Drought|[of] p2a: Ninetales
|turn|1
|
|t:|1760862210
|move|p2a: Ninetales|Solar Beam||[still]
|-prepare|p2a: Ninetales|Solar Beam
|-anim|p2a: Ninetales|Solar Beam|p1a: Garganacl
|-supereffective|p1a: Garganacl
|-damage|p1a: Garganacl|64/100
|move|p1a: Garganacl|Salt Cure|p2a: Ninetales
|-supereffective|p2a: Ninetales
|-damage|p2a: Ninetales|64/100
|-start|p2a: Ninetales|Salt Cure
|
|-weather|SunnyDay|[upkeep]
|-heal|p1a: Garganacl|71/100|[from] item: Leftovers
|-damage|p2a: Ninetales|51/100|[from] Salt Cure
|upkeep
|turn|2
|
|t:|1760862223
|move|p2a: Ninetales|Solar Beam||[still]
|-prepare|p2a: Ninetales|Solar Beam
|-anim|p2a: Ninetales|Solar Beam|p1a: Garganacl
|-supereffective|p1a: Garganacl
|-damage|p1a: Garganacl|37/100
|move|p1a: Garganacl|Salt Cure|p2a: Ninetales
|-supereffective|p2a: Ninetales
|-damage|p2a: Ninetales|15/100
|
|-weather|SunnyDay|[upkeep]
|-heal|p1a: Garganacl|44/100|[from] item: Leftovers
|-damage|p2a: Ninetales|3/100|[from] Salt Cure
|upkeep
|turn|3
|
|t:|1760862236
|move|p1a: Garganacl|Protect|p1a: Garganacl
|-singleturn|p1a: Garganacl|Protect
|move|p2a: Ninetales|Solar Beam||[still]
|-prepare|p2a: Ninetales|Solar Beam
|-anim|p2a: Ninetales|Solar Beam|p1a: Garganacl
|-activate|p1a: Garganacl|move: Protect
|
|-weather|SunnyDay|[upkeep]
|-heal|p1a: Garganacl|50/100|[from] item: Leftovers
|-damage|p2a: Ninetales|0 fnt|[from] Salt Cure
|faint|p2a: Ninetales
|upkeep
|
|t:|1760862247
|switch|p2a: Walking Wake|Walking Wake|100/100
|-activate|p2a: Walking Wake|ability: Protosynthesis
|-start|p2a: Walking Wake|protosynthesisspe
|turn|4
|
|t:|1760862257
|move|p2a: Walking Wake|Hydro Steam|p1a: Garganacl
|-supereffective|p1a: Garganacl
|-damage|p1a: Garganacl|0 fnt
|faint|p1a: Garganacl
|
|-weather|SunnyDay|[upkeep]
|upkeep
|
|t:|1760862266
|switch|p1a: Goodra|Goodra-Hisui, F|100/100
|turn|5
|
|t:|1760862280
|move|p2a: Walking Wake|Draco Meteor|p1a: Goodra|[miss]
|-miss|p2a: Walking Wake|p1a: Goodra
|move|p1a: Goodra|Flash Cannon|p2a: Walking Wake
|-resisted|p2a: Walking Wake
|-damage|p2a: Walking Wake|75/100
|
|-weather|SunnyDay|[upkeep]
|upkeep
|turn|6
|inactive|Harsh9555 has 120 seconds left.
|inactive|Harsh9555 has 90 seconds left.
|
|t:|1760862358
|move|p2a: Walking Wake|Draco Meteor|p1a: Goodra
|-damage|p1a: Goodra|73/100
|-unboost|p2a: Walking Wake|spa|2
|move|p1a: Goodra|Draco Meteor|p2a: Walking Wake
|-supereffective|p2a: Walking Wake
|-damage|p2a: Walking Wake|0 fnt
|-unboost|p1a: Goodra|spa|2
|faint|p2a: Walking Wake
|-end|p2a: Walking Wake|Protosynthesis|[silent]
|
|-weather|SunnyDay|[upkeep]
|upkeep
|
|t:|1760862378
|switch|p2a: Rotom|Rotom-Heat|100/100
|turn|7
|
|t:|1760862382
|switch|p1a: Moltres|Moltres|100/100
|-ability|p1a: Moltres|Pressure
|move|p2a: Rotom|Thunder Wave|p1a: Moltres
|-status|p1a: Moltres|par
|
|-weather|SunnyDay|[upkeep]
|upkeep
|turn|8
|inactive|Harsh9555 has 90 seconds left.
|
|t:|1760862400
|switch|p1a: Goodra|Goodra-Hisui, F|73/100
|move|p2a: Rotom|Thunderbolt|p1a: Goodra
|-resisted|p1a: Goodra
|-damage|p1a: Goodra|64/100
|
|-weather|none
|upkeep
|turn|9
|inactive|Harsh9555 has 90 seconds left.
|
|t:|1760862410
|move|p2a: Rotom|Thunder Wave|p1a: Goodra
|-status|p1a: Goodra|par
|move|p1a: Goodra|Flash Cannon|p2a: Rotom
|-resisted|p2a: Rotom
|-damage|p2a: Rotom|89/100
|
|upkeep
|turn|10
|
|t:|1760862417
|switch|p2a: Great Tusk|Great Tusk|100/100
|-enditem|p2a: Great Tusk|Booster Energy
|-activate|p2a: Great Tusk|ability: Protosynthesis|[fromitem]
|-start|p2a: Great Tusk|protosynthesisatk
|move|p1a: Goodra|Draco Meteor|p2a: Great Tusk
|-damage|p2a: Great Tusk|7/100
|-unboost|p1a: Goodra|spa|2
|
|upkeep
|turn|11
|
|t:|1760862428
|move|p2a: Great Tusk|Stealth Rock|p1a: Goodra
|-sidestart|p1: Harsh9555|move: Stealth Rock
|cant|p1a: Goodra|par
|
|upkeep
|turn|12
|
|t:|1760862434
|move|p2a: Great Tusk|Close Combat|p1a: Goodra
|-supereffective|p1a: Goodra
|-damage|p1a: Goodra|0 fnt
|-unboost|p2a: Great Tusk|def|1
|-unboost|p2a: Great Tusk|spd|1
|-ability|p1a: Goodra|Gooey
|-unboost|p2a: Great Tusk|spe|1
|faint|p1a: Goodra
|
|upkeep
|
|t:|1760862441
|switch|p1a: Moltres|Moltres|100/100 par
|-ability|p1a: Moltres|Pressure
|turn|13
|
|t:|1760862446
|move|p2a: Great Tusk|Close Combat|p1a: Moltres
|-resisted|p1a: Moltres
|-damage|p1a: Moltres|60/100 par
|-unboost|p2a: Great Tusk|def|1
|-unboost|p2a: Great Tusk|spd|1
|move|p1a: Moltres|Air Slash|p2a: Great Tusk
|-supereffective|p2a: Great Tusk
|-damage|p2a: Great Tusk|0 fnt
|faint|p2a: Great Tusk
|-end|p2a: Great Tusk|Protosynthesis|[silent]
|
|upkeep
|
|t:|1760862455
|switch|p2a: Rotom|Rotom-Heat|89/100
|turn|14
|
|t:|1760862460
|move|p2a: Rotom|Thunderbolt|p1a: Moltres
|-supereffective|p1a: Moltres
|-damage|p1a: Moltres|6/100 par
|move|p1a: Moltres|Roost|p1a: Moltres
|-heal|p1a: Moltres|56/100 par
|-singleturn|p1a: Moltres|move: Roost
|
|upkeep
|turn|15
|
|t:|1760862467
|move|p2a: Rotom|Thunderbolt|p1a: Moltres
|-supereffective|p1a: Moltres
|-damage|p1a: Moltres|0 fnt
|faint|p1a: Moltres
|
|upkeep
|
|t:|1760862472
|switch|p1a: Corviknight|Corviknight, F|100/100
|-damage|p1a: Corviknight|88/100|[from] Stealth Rock
|turn|16
|
|t:|1760862478
|move|p2a: Rotom|Thunder Wave|p1a: Corviknight
|-status|p1a: Corviknight|par
|move|p1a: Corviknight|Defog|p2a: Rotom
|-unboost|p2a: Rotom|evasion|1
|-sideend|p1: Harsh9555|Stealth Rock|[from] move: Defog|[of] p1a: Corviknight
|
|upkeep
|turn|17
|
|t:|1760862488
|move|p2a: Rotom|Thunderbolt|p1a: Corviknight
|-supereffective|p1a: Corviknight
|-damage|p1a: Corviknight|28/100 par
|move|p1a: Corviknight|Iron Defense|p1a: Corviknight
|-boost|p1a: Corviknight|def|2
|
|upkeep
|turn|18
|
|t:|1760862495
|move|p2a: Rotom|Thunderbolt|p1a: Corviknight
|-supereffective|p1a: Corviknight
|-damage|p1a: Corviknight|0 fnt
|faint|p1a: Corviknight
|
|upkeep
|
|t:|1760862498
|switch|p1a: Dragapult|Dragapult, F|100/100
|turn|19
|
|t:|1760862503
|switch|p2a: Skarmory|Skarmory, F|100/100
|move|p1a: Dragapult|Dragon Dance|p1a: Dragapult
|-boost|p1a: Dragapult|atk|1
|-boost|p1a: Dragapult|spe|1
|
|upkeep
|turn|20
|
|t:|1760862513
|move|p1a: Dragapult|Dragon Darts|p2a: Skarmory
|-resisted|p2a: Skarmory
|-damage|p2a: Skarmory|86/100
|-anim|p1a: Dragapult|Dragon Darts|p2a: Skarmory
|-resisted|p2a: Skarmory
|-damage|p2a: Skarmory|69/100
|-damage|p1a: Dragapult|91/100|[from] item: Life Orb
|move|p2a: Skarmory|Whirlwind|p1a: Dragapult
|drag|p1a: Dragonite|Dragonite, F|100/100
|
|upkeep
|turn|21
|
|t:|1760862524
|move|p1a: Dragonite|Dragon Dance|p1a: Dragonite
|-boost|p1a: Dragonite|atk|1
|-boost|p1a: Dragonite|spe|1
|move|p2a: Skarmory|Roost|p2a: Skarmory
|-heal|p2a: Skarmory|100/100
|-singleturn|p2a: Skarmory|move: Roost
|
|upkeep
|turn|22
|
|t:|1760862533
|move|p1a: Dragonite|Outrage|p2a: Skarmory
|-resisted|p2a: Skarmory
|-damage|p2a: Skarmory|69/100
|-damage|p1a: Dragonite|84/100|[from] item: Rocky Helmet|[of] p2a: Skarmory
|move|p2a: Skarmory|Whirlwind|p1a: Dragonite
|drag|p1a: Dragapult|Dragapult, F|91/100
|
|upkeep
|turn|23
|
|t:|1760862543
|move|p1a: Dragapult|Phantom Force||[still]
|-prepare|p1a: Dragapult|Phantom Force
|move|p2a: Skarmory|Roost|p2a: Skarmory
|-heal|p2a: Skarmory|100/100
|-singleturn|p2a: Skarmory|move: Roost
|
|upkeep
|turn|24
|
|t:|1760862550
|move|p1a: Dragapult|Phantom Force|p2a: Skarmory|[from] lockedmove
|-damage|p2a: Skarmory|62/100
|-damage|p1a: Dragapult|74/100|[from] item: Rocky Helmet|[of] p2a: Skarmory
|-damage|p1a: Dragapult|65/100|[from] item: Life Orb
|move|p2a: Skarmory|Brave Bird|p1a: Dragapult
|-damage|p1a: Dragapult|19/100
|-damage|p2a: Skarmory|47/100|[from] Recoil
|
|upkeep
|turn|25
|
|t:|1760862561
|move|p1a: Dragapult|Dragon Dance|p1a: Dragapult
|-boost|p1a: Dragapult|atk|1
|-boost|p1a: Dragapult|spe|1
|move|p2a: Skarmory|Roost|p2a: Skarmory
|-heal|p2a: Skarmory|97/100
|-singleturn|p2a: Skarmory|move: Roost
|
|upkeep
|turn|26
|
|t:|1760862568
|move|p1a: Dragapult|Phantom Force||[still]
|-prepare|p1a: Dragapult|Phantom Force
|move|p2a: Skarmory|Brave Bird|p1a: Dragapult|[miss]
|-miss|p2a: Skarmory|p1a: Dragapult
|
|upkeep
|turn|27
|
|t:|1760862574
|move|p1a: Dragapult|Phantom Force|p2a: Skarmory|[from] lockedmove
|-damage|p2a: Skarmory|39/100
|-damage|p1a: Dragapult|2/100|[from] item: Rocky Helmet|[of] p2a: Skarmory
|-damage|p1a: Dragapult|0 fnt|[from] item: Life Orb
|faint|p1a: Dragapult
|move|p2a: Skarmory|Brave Bird|p1: Dragapult|[notarget]
|-fail|p2a: Skarmory
|
|upkeep
|
|t:|1760862582
|switch|p1a: Dragonite|Dragonite, F|84/100
|turn|28
|
|t:|1760862585
|move|p1a: Dragonite|Earthquake|p2a: Skarmory
|-immune|p2a: Skarmory
|move|p2a: Skarmory|Roost|p2a: Skarmory
|-heal|p2a: Skarmory|89/100
|-singleturn|p2a: Skarmory|move: Roost
|
|upkeep
|turn|29
|-message|Harsh9555 forfeited.
|
|win|akkkkkiii
|raw|Harsh9555's rating: 1253 &rarr; <strong>1224</strong><br />(-29 for losing)
|raw|akkkkkiii's rating: 1193 &rarr; <strong>1222</strong><br />(+29 for winning)
|l|☆Harsh9555
|player|p1|
|l|☆akkkkkiii
|player|p2|
