|j|☆moi88764
|j|☆vindingmachine
|t:|1760814575
|gametype|singles
|player|p1|moi88764|buck|1173
|player|p2|vindingmachine|tate|1192
|gen|9
|tier|[Gen 9] OU
|rated|
|rule|HP Percentage Mod: HP is shown in percentages
|rule|Endless Battle Clause: Forcing endless battles is banned
|rule|Species Clause: Limit one of each Pokémon
|rule|OHKO Clause: OHKO moves are banned
|rule|Evasion Items Clause: Evasion items are banned
|rule|Evasion Moves Clause: Evasion moves are banned
|rule|Evasion Abilities Clause: Evasion abilities are banned
|rule|Sleep Moves Clause: Sleep-inducing moves are banned
|clearpoke
|poke|p1|Torkoal, F|
|poke|p1|Raging Bolt|
|poke|p1|Walking Wake|
|poke|p1|Metagross|
|poke|p1|Brambleghast, F|
|poke|p1|Mandibuzz, F|
|poke|p2|Latias, F|
|poke|p2|Ninetales-Alola, F|
|poke|p2|Heatran, F|
|poke|p2|Ceruledge, F|
|poke|p2|Great Tusk|
|poke|p2|Meowscarada, F|
|teampreview
|inactive|Battle timer is ON: inactive players will automatically lose when time's up. (requested by vindingmachine)
|
|t:|1760814583
|teamsize|p1|6
|teamsize|p2|6
|start
|switch|p1a: Torkoal|Torkoal, F|100/100
|switch|p2a: Ninetales|Ninetales-Alola, F|100/100
|-weather|Snowscape|[from] ability: Snow Warning|[of] p2a: Ninetales
|-weather|SunnyDay|[from] ability: Drought|[of] p1a: Torkoal
|turn|1
|
|t:|1760814589
|switch|p2a: Ceruledge|Ceruledge, F|100/100
|move|p1a: Torkoal|Heat Wave|p2a: Ceruledge
|-start|p2a: Ceruledge|ability: Flash Fire
|
|-weather|SunnyDay|[upkeep]
|upkeep
|turn|2
|
|t:|1760814595
|move|p2a: Ceruledge|Taunt|p1a: Torkoal
|-start|p1a: Torkoal|move: Taunt
|move|p1a: Torkoal|Earth Power|p2a: Ceruledge
|-supereffective|p2a: Ceruledge
|-damage|p2a: Ceruledge|59/100
|
|-weather|SunnyDay|[upkeep]
|upkeep
|turn|3
|
|t:|1760814605
|switch|p1a: Mandibuzz|Mandibuzz, F|100/100
|move|p2a: Ceruledge|Bulk Up|p2a: Ceruledge
|-boost|p2a: Ceruledge|atk|1
|-boost|p2a: Ceruledge|def|1
|
|-weather|SunnyDay|[upkeep]
|upkeep
|turn|4
|
|t:|1760814615
|-terastallize|p2a: Ceruledge|Bug
|move|p2a: Ceruledge|Bulk Up|p2a: Ceruledge
|-boost|p2a: Ceruledge|atk|1
|-boost|p2a: Ceruledge|def|1
|move|p1a: Mandibuzz|Foul Play|p2a: Ceruledge
|-damage|p2a: Ceruledge|12/100
|
|-weather|SunnyDay|[upkeep]
|upkeep
|turn|5
|
|t:|1760814623
|move|p2a: Ceruledge|Bitter Blade|p1a: Mandibuzz
|-damage|p1a: Mandibuzz|7/100
|-heal|p2a: Ceruledge|68/100|[from] drain|[of] p1a: Mandibuzz
|-damage|p2a: Ceruledge|52/100|[from] item: Rocky Helmet|[of] p1a: Mandibuzz
|move|p1a: Mandibuzz|Foul Play|p2a: Ceruledge
|-damage|p2a: Ceruledge|6/100
|
|-weather|none
|upkeep
|turn|6
|
|t:|1760814630
|move|p2a: Ceruledge|Shadow Sneak|p1a: Mandibuzz
|-resisted|p1a: Mandibuzz
|-damage|p1a: Mandibuzz|0 fnt
|-damage|p2a: Ceruledge|0 fnt|[from] item: Rocky Helmet|[of] p1a: Mandibuzz
|faint|p1a: Mandibuzz
|faint|p2a: Ceruledge
|
|upkeep
|
|t:|1760814645
|switch|p2a: Latias|Latias, F|100/100
|switch|p1a: Torkoal|Torkoal, F|100/100
|-weather|SunnyDay|[from] ability: Drought|[of] p1a: Torkoal
|turn|7
|
|t:|1760814650
|switch|p1a: Metagross|Metagross|100/100
|move|p2a: Latias|Agility|p2a: Latias
|-boost|p2a: Latias|spe|2
|
|-weather|SunnyDay|[upkeep]
|upkeep
|turn|8
|
|t:|1760814655
|move|p2a: Latias|Calm Mind|p2a: Latias
|-boost|p2a: Latias|spa|1
|-boost|p2a: Latias|spd|1
|move|p1a: Metagross|Ice Punch|p2a: Latias
|-supereffective|p2a: Latias
|-damage|p2a: Latias|55/100
|-enditem|p2a: Latias|Weakness Policy
|-boost|p2a: Latias|atk|2|[from] item: Weakness Policy
|-boost|p2a: Latias|spa|2|[from] item: Weakness Policy
|
|-weather|SunnyDay|[upkeep]
|upkeep
|turn|9
|
|t:|1760814663
|move|p2a: Latias|Stored Power|p1a: Metagross
|-resisted|p1a: Metagross
|-damage|p1a: Metagross|61/100
|move|p1a: Metagross|Ice Punch|p2a: Latias
|-supereffective|p2a: Latias
|-damage|p2a: Latias|5/100
|
|-weather|SunnyDay|[upkeep]
|-heal|p1a: Metagross|67/100|[from] item: Leftovers
|upkeep
|turn|10
|
|t:|1760814670
|switch|p2a: Heatran|Heatran, F|100/100
|-item|p2a: Heatran|Air Balloon
|move|p1a: Metagross|Meteor Mash|p2a: Heatran
|-resisted|p2a: Heatran
|-damage|p2a: Heatran|87/100
|-enditem|p2a: Heatran|Air Balloon
|
|-weather|SunnyDay|[upkeep]
|-heal|p1a: Metagross|73/100|[from] item: Leftovers
|upkeep
|turn|11
|
|t:|1760814679
|switch|p1a: Walking Wake|Walking Wake|100/100
|-activate|p1a: Walking Wake|ability: Protosynthesis
|-start|p1a: Walking Wake|protosynthesisspa
|move|p2a: Heatran|Stealth Rock|p1a: Walking Wake
|-sidestart|p1: moi88764|move: Stealth Rock
|
|-weather|none
|-end|p1a: Walking Wake|Protosynthesis
|upkeep
|turn|12
|
|t:|1760814687
|switch|p2a: Latias|Latias, F|5/100
|move|p1a: Walking Wake|Hydro Steam|p2a: Latias
|-resisted|p2a: Latias
|-damage|p2a: Latias|0 fnt
|faint|p2a: Latias
|
|upkeep
|
|t:|1760814697
|switch|p2a: Ninetales|Ninetales-Alola, F|100/100
|-weather|Snowscape|[from] ability: Snow Warning|[of] p2a: Ninetales
|turn|13
|
|t:|1760814703
|switch|p2a: Great Tusk|Great Tusk|100/100
|-enditem|p2a: Great Tusk|Booster Energy
|-activate|p2a: Great Tusk|ability: Protosynthesis|[fromitem]
|-start|p2a: Great Tusk|protosynthesisspe
|-end|p1a: Walking Wake|Protosynthesis|[silent]
|switch|p1a: Torkoal|Torkoal, F|100/100
|-damage|p1a: Torkoal|76/100|[from] Stealth Rock
|-weather|SunnyDay|[from] ability: Drought|[of] p1a: Torkoal
|
|-weather|SunnyDay|[upkeep]
|-heal|p1a: Torkoal|82/100|[from] item: Leftovers
|upkeep
|turn|14
|
|t:|1760814713
|-terastallize|p1a: Torkoal|Ground
|move|p2a: Great Tusk|Bulk Up|p2a: Great Tusk
|-boost|p2a: Great Tusk|atk|1
|-boost|p2a: Great Tusk|def|1
|move|p1a: Torkoal|Rapid Spin|p2a: Great Tusk
|-damage|p2a: Great Tusk|97/100
|-boost|p1a: Torkoal|spe|1
|-sideend|p1: moi88764|Stealth Rock|[from] move: Rapid Spin|[of] p1a: Torkoal
|
|-weather|SunnyDay|[upkeep]
|-heal|p1a: Torkoal|88/100|[from] item: Leftovers
|upkeep
|turn|15
|
|t:|1760814723
|move|p2a: Great Tusk|Bulk Up|p2a: Great Tusk
|-boost|p2a: Great Tusk|atk|1
|-boost|p2a: Great Tusk|def|1
|move|p1a: Torkoal|Solar Beam||[still]
|-prepare|p1a: Torkoal|Solar Beam
|-anim|p1a: Torkoal|Solar Beam|p2a: Great Tusk
|-supereffective|p2a: Great Tusk
|-damage|p2a: Great Tusk|7/100
|
|-weather|SunnyDay|[upkeep]
|-heal|p1a: Torkoal|94/100|[from] item: Leftovers
|upkeep
|turn|16
|
|t:|1760814730
|move|p2a: Great Tusk|Ice Spinner|p1a: Torkoal
|-supereffective|p1a: Torkoal
|-damage|p1a: Torkoal|26/100
|move|p1a: Torkoal|Heat Wave|p2a: Great Tusk
|-crit|p2a: Great Tusk
|-damage|p2a: Great Tusk|0 fnt
|faint|p2a: Great Tusk
|-end|p2a: Great Tusk|Protosynthesis|[silent]
|
|-weather|SunnyDay|[upkeep]
|-heal|p1a: Torkoal|32/100|[from] item: Leftovers
|upkeep
|
|t:|1760814734
|switch|p2a: Ninetales|Ninetales-Alola, F|100/100
|-weather|Snowscape|[from] ability: Snow Warning|[of] p2a: Ninetales
|turn|17
|
|t:|1760814741
|switch|p1a: Metagross|Metagross|73/100
|move|p2a: Ninetales|Aurora Veil|p2a: Ninetales
|-sidestart|p2: vindingmachine|move: Aurora Veil
|
|-weather|Snowscape|[upkeep]
|-heal|p1a: Metagross|79/100|[from] item: Leftovers
|upkeep
|turn|18
|
|t:|1760814748
|switch|p2a: Heatran|Heatran, F|87/100
|move|p1a: Metagross|Meteor Mash|p2a: Heatran
|-resisted|p2a: Heatran
|-damage|p2a: Heatran|80/100
|
|-weather|Snowscape|[upkeep]
|-heal|p1a: Metagross|85/100|[from] item: Leftovers
|upkeep
|turn|19
|
|t:|1760814755
|switch|p1a: Walking Wake|Walking Wake|100/100
|move|p2a: Heatran|Magma Storm|p1a: Walking Wake
|-resisted|p1a: Walking Wake
|-damage|p1a: Walking Wake|84/100
|-activate|p1a: Walking Wake|move: Magma Storm|[of] p2a: Heatran
|
|-weather|Snowscape|[upkeep]
|-heal|p1a: Walking Wake|91/100|[from] item: Leftovers
|-damage|p1a: Walking Wake|78/100|[from] move: Magma Storm|[partiallytrapped]
|upkeep
|turn|20
|
|t:|1760814765
|switch|p2a: Ninetales|Ninetales-Alola, F|100/100
|move|p1a: Walking Wake|Flip Turn|p2a: Ninetales
|-damage|p2a: Ninetales|94/100
|
|t:|1760814772
|-end|p1a: Walking Wake|Protosynthesis|[silent]
|switch|p1a: Torkoal|Torkoal, F, tera:Ground|32/100|[from] Flip Turn
|-weather|SunnyDay|[from] ability: Drought|[of] p1a: Torkoal
|
|-weather|SunnyDay|[upkeep]
|-heal|p1a: Torkoal|38/100|[from] item: Leftovers
|upkeep
|turn|21
|
|t:|1760814780
|switch|p1a: Metagross|Metagross|85/100
|move|p2a: Ninetales|Moonblast|p1a: Metagross
|-resisted|p1a: Metagross
|-damage|p1a: Metagross|70/100
|
|-weather|SunnyDay|[upkeep]
|-heal|p1a: Metagross|77/100|[from] item: Leftovers
|upkeep
|turn|22
|
|t:|1760814787
|switch|p2a: Heatran|Heatran, F|80/100
|move|p1a: Metagross|Hammer Arm|p2a: Heatran
|-supereffective|p2a: Heatran
|-damage|p2a: Heatran|43/100
|-unboost|p1a: Metagross|spe|1
|
|-weather|SunnyDay|[upkeep]
|-heal|p1a: Metagross|83/100|[from] item: Leftovers
|upkeep
|turn|23
|
|t:|1760814795
|switch|p1a: Walking Wake|Walking Wake|78/100
|-activate|p1a: Walking Wake|ability: Protosynthesis
|-start|p1a: Walking Wake|protosynthesisspa
|move|p2a: Heatran|Magma Storm|p1a: Walking Wake|[miss]
|-miss|p2a: Heatran|p1a: Walking Wake
|
|-weather|SunnyDay|[upkeep]
|-heal|p1a: Walking Wake|84/100|[from] item: Leftovers
|upkeep
|turn|24
|
|t:|1760814802
|move|p1a: Walking Wake|Hydro Steam|p2a: Heatran
|-supereffective|p2a: Heatran
|-damage|p2a: Heatran|0 fnt
|faint|p2a: Heatran
|
|-weather|none
|-end|p1a: Walking Wake|Protosynthesis
|-heal|p1a: Walking Wake|91/100|[from] item: Leftovers
|-sideend|p2: vindingmachine|move: Aurora Veil
|upkeep
|
|t:|1760814806
|switch|p2a: Ninetales|Ninetales-Alola, F|94/100
|-weather|Snowscape|[from] ability: Snow Warning|[of] p2a: Ninetales
|turn|25
|
|t:|1760814813
|switch|p2a: Meowscarada|Meowscarada, F|100/100
|move|p1a: Walking Wake|Flip Turn|p2a: Meowscarada
|-resisted|p2a: Meowscarada
|-damage|p2a: Meowscarada|88/100
|
|t:|1760814822
|-end|p1a: Walking Wake|Protosynthesis|[silent]
|switch|p1a: Torkoal|Torkoal, F, tera:Ground|38/100|[from] Flip Turn
|-weather|SunnyDay|[from] ability: Drought|[of] p1a: Torkoal
|
|-weather|SunnyDay|[upkeep]
|-heal|p1a: Torkoal|44/100|[from] item: Leftovers
|upkeep
|turn|26
|
|t:|1760814828
|move|p2a: Meowscarada|Flower Trick|p1a: Torkoal
|-start|p2a: Meowscarada|typechange|Grass|[from] ability: Protean
|-supereffective|p1a: Torkoal
|-crit|p1a: Torkoal
|-damage|p1a: Torkoal|0 fnt
|faint|p1a: Torkoal
|
|-weather|SunnyDay|[upkeep]
|upkeep
|
|t:|1760814834
|switch|p1a: Metagross|Metagross|83/100
|turn|27
|
|t:|1760814839
|switch|p2a: Ninetales|Ninetales-Alola, F|94/100
|-weather|Snowscape|[from] ability: Snow Warning|[of] p2a: Ninetales
|move|p1a: Metagross|Ice Punch|p2a: Ninetales
|-resisted|p2a: Ninetales
|-damage|p2a: Ninetales|82/100
|
|-weather|Snowscape|[upkeep]
|-heal|p1a: Metagross|89/100|[from] item: Leftovers
|upkeep
|turn|28
|
|t:|1760814845
|move|p2a: Ninetales|Aurora Veil|p2a: Ninetales
|-sidestart|p2: vindingmachine|move: Aurora Veil
|move|p1a: Metagross|Meteor Mash|p2a: Ninetales
|-supereffective|p2a: Ninetales
|-damage|p2a: Ninetales|0 fnt
|faint|p2a: Ninetales
|
|-weather|Snowscape|[upkeep]
|-heal|p1a: Metagross|95/100|[from] item: Leftovers
|upkeep
|
|t:|1760814848
|switch|p2a: Meowscarada|Meowscarada, F|88/100
|turn|29
|
|t:|1760814861
|move|p2a: Meowscarada|Knock Off|p1a: Metagross
|-start|p2a: Meowscarada|typechange|Dark|[from] ability: Protean
|-supereffective|p1a: Metagross
|-damage|p1a: Metagross|0 fnt
|-enditem|p1a: Metagross|Leftovers|[from] move: Knock Off|[of] p2a: Meowscarada
|faint|p1a: Metagross
|
|-weather|Snowscape|[upkeep]
|upkeep
|
|t:|1760814873
|switch|p1a: Walking Wake|Walking Wake|91/100
|turn|30
|
|t:|1760814876
|move|p2a: Meowscarada|Knock Off|p1a: Walking Wake
|-damage|p1a: Walking Wake|21/100
|-enditem|p1a: Walking Wake|Leftovers|[from] move: Knock Off|[of] p2a: Meowscarada
|move|p1a: Walking Wake|Hydro Steam|p2a: Meowscarada
|-crit|p2a: Meowscarada
|-damage|p2a: Meowscarada|0 fnt
|faint|p2a: Meowscarada
|
|win|moi88764
|raw|moi88764's rating: 1173 &rarr; <strong>1199</strong><br />(+26 for winning)
|raw|vindingmachine's rating: 1192 &rarr; <strong>1166</strong><br />(-26 for losing)
