|j|☆nobita3
|j|☆ppppppz
|t:|1760766441
|gametype|singles
|player|p1|nobita3|artist|1147
|player|p2|ppppppz|preschooler|1154
|gen|9
|tier|[Gen 9] OU
|rated|
|rule|HP Percentage Mod: HP is shown in percentages
|rule|Endless Battle Clause: Forcing endless battles is banned
|rule|Species Clause: Limit one of each Pokémon
|rule|OHKO Clause: OHKO moves are banned
|rule|Evasion Items Clause: Evasion items are banned
|rule|Evasion Moves Clause: Evasion moves are banned
|rule|Evasion Abilities Clause: Evasion abilities are banned
|rule|Sleep Moves Clause: Sleep-inducing moves are banned
|clearpoke
|poke|p1|Porygon-Z|
|poke|p1|Dragapult, M|
|poke|p1|Incineroar, F|
|poke|p1|Hatterene, F|
|poke|p1|Corviknight, M|
|poke|p1|Quaquaval, F|
|poke|p2|Cinderace, F|
|poke|p2|Blaziken, F|
|poke|p2|Meowscarada, M|
|poke|p2|Quaquaval, F|
|poke|p2|Serperior, F|
|poke|p2|Feraligatr, M|
|teampreview
|inactive|Battle timer is ON: inactive players will automatically lose when time's up. (requested by nobita3)
|
|t:|1760766465
|teamsize|p1|6
|teamsize|p2|6
|start
|switch|p1a: Dragapult|Dragapult, M, shiny|100/100
|switch|p2a: Blaziken|Blaziken, F|100/100
|turn|1
|
|t:|1760766474
|move|p1a: Dragapult|Dragon Dance|p1a: Dragapult
|-boost|p1a: Dragapult|atk|1
|-boost|p1a: Dragapult|spe|1
|move|p2a: Blaziken|Swords Dance|p2a: Blaziken
|-boost|p2a: Blaziken|atk|2
|
|-ability|p2a: Blaziken|Speed Boost|boost
|-boost|p2a: Blaziken|spe|1
|upkeep
|turn|2
|
|t:|1760766487
|move|p1a: Dragapult|Phantom Force||[still]
|-prepare|p1a: Dragapult|Phantom Force
|-enditem|p1a: Dragapult|Power Herb
|-anim|p1a: Dragapult|Phantom Force|p2a: Blaziken
|-enditem|p2a: Blaziken|Focus Sash
|-damage|p2a: Blaziken|1/100
|move|p2a: Blaziken|Blaze Kick|p1a: Dragapult
|-resisted|p1a: Dragapult
|-crit|p1a: Dragapult
|-damage|p1a: Dragapult|19/100
|
|-ability|p2a: Blaziken|Speed Boost|boost
|-boost|p2a: Blaziken|spe|1
|upkeep
|turn|3
|
|t:|1760766500
|move|p1a: Dragapult|Acrobatics|p2a: Blaziken
|-supereffective|p2a: Blaziken
|-damage|p2a: Blaziken|0 fnt
|faint|p2a: Blaziken
|
|upkeep
|inactive|ppppppz has 120 seconds left.
|
|t:|1760766535
|switch|p2a: Serperior|Serperior, F|100/100
|turn|4
|
|t:|1760766544
|move|p1a: Dragapult|Acrobatics|p2a: Serperior
|-supereffective|p2a: Serperior
|-enditem|p2a: Serperior|Focus Sash
|-damage|p2a: Serperior|1/100
|move|p2a: Serperior|Leaf Storm|p1a: Dragapult
|-resisted|p1a: Dragapult
|-damage|p1a: Dragapult|0 fnt
|-boost|p2a: Serperior|spa|2
|faint|p1a: Dragapult
|
|upkeep
|
|t:|1760766559
|switch|p1a: Incineroar|Incineroar, F, shiny|100/100
|-ability|p1a: Incineroar|Intimidate|boost
|-boost|p2a: Serperior|atk|1
|turn|5
|inactive|ppppppz has 120 seconds left.
|
|t:|1760766583
|switch|p2a: Quaquaval|Quaquaval, F|100/100
|move|p1a: Incineroar|Fake Out|p2a: Quaquaval
|-damage|p2a: Quaquaval|82/100
|-damage|p1a: Incineroar|91/100|[from] item: Life Orb
|
|upkeep
|turn|6
|inactive|ppppppz has 120 seconds left.
|
|t:|1760766593
|switch|p1a: Corviknight|Corviknight, M, shiny|100/100
|move|p2a: Quaquaval|Aqua Step|p1a: Corviknight
|-damage|p1a: Corviknight|74/100
|-boost|p2a: Quaquaval|spe|1
|-damage|p2a: Quaquaval|66/100|[from] item: Rocky Helmet|[of] p1a: Corviknight
|
|upkeep
|turn|7
|inactive|ppppppz has 120 seconds left.
|
|t:|1760766607
|move|p2a: Quaquaval|Close Combat|p1a: Corviknight
|-damage|p1a: Corviknight|31/100
|-unboost|p2a: Quaquaval|def|1
|-unboost|p2a: Quaquaval|spd|1
|-damage|p2a: Quaquaval|49/100|[from] item: Rocky Helmet|[of] p1a: Corviknight
|move|p1a: Corviknight|Bulk Up|p1a: Corviknight
|-boost|p1a: Corviknight|atk|1
|-boost|p1a: Corviknight|def|1
|
|upkeep
|turn|8
|
|t:|1760766616
|move|p2a: Quaquaval|Close Combat|p1a: Corviknight
|-damage|p1a: Corviknight|3/100
|-unboost|p2a: Quaquaval|def|1
|-unboost|p2a: Quaquaval|spd|1
|-damage|p2a: Quaquaval|33/100|[from] item: Rocky Helmet|[of] p1a: Corviknight
|move|p1a: Corviknight|Roost|p1a: Corviknight
|-heal|p1a: Corviknight|53/100
|-singleturn|p1a: Corviknight|move: Roost
|
|upkeep
|turn|9
|inactive|ppppppz has 120 seconds left.
|
|t:|1760766634
|move|p2a: Quaquaval|Close Combat|p1a: Corviknight
|-damage|p1a: Corviknight|26/100
|-unboost|p2a: Quaquaval|def|1
|-unboost|p2a: Quaquaval|spd|1
|-damage|p2a: Quaquaval|17/100|[from] item: Rocky Helmet|[of] p1a: Corviknight
|move|p1a: Corviknight|Roost|p1a: Corviknight
|-heal|p1a: Corviknight|76/100
|-singleturn|p1a: Corviknight|move: Roost
|
|upkeep
|turn|10
|inactive|ppppppz has 120 seconds left.
|
|t:|1760766660
|switch|p2a: Cinderace|Cinderace, F|100/100
|move|p1a: Corviknight|Roost|p1a: Corviknight
|-heal|p1a: Corviknight|100/100
|-singleturn|p1a: Corviknight|move: Roost
|
|upkeep
|turn|11
|
|t:|1760766668
|-terastallize|p1a: Corviknight|Ground
|move|p2a: Cinderace|Pyro Ball|p1a: Corviknight
|-damage|p1a: Corviknight|76/100
|-status|p1a: Corviknight|brn
|move|p1a: Corviknight|Brave Bird|p2a: Cinderace
|-damage|p2a: Cinderace|61/100
|-damage|p1a: Corviknight|66/100 brn|[from] Recoil
|
|-damage|p1a: Corviknight|60/100 brn|[from] brn
|upkeep
|turn|12
|
|t:|1760766682
|move|p2a: Cinderace|Swords Dance|p2a: Cinderace
|-start|p2a: Cinderace|typechange|Normal|[from] ability: Libero
|-boost|p2a: Cinderace|atk|2
|move|p1a: Corviknight|Bulk Up|p1a: Corviknight
|-boost|p1a: Corviknight|atk|1
|-boost|p1a: Corviknight|def|1
|
|-damage|p1a: Corviknight|53/100 brn|[from] brn
|upkeep
|turn|13
|
|t:|1760766707
|move|p2a: Cinderace|Pyro Ball|p1a: Corviknight
|-damage|p1a: Corviknight|28/100 brn
|move|p1a: Corviknight|Brave Bird|p2a: Cinderace
|-crit|p2a: Cinderace
|-damage|p2a: Cinderace|0 fnt
|faint|p2a: Cinderace
|-damage|p1a: Corviknight|13/100 brn|[from] Recoil
|
|-damage|p1a: Corviknight|6/100 brn|[from] brn
|upkeep
|inactive|ppppppz has 120 seconds left.
|
|t:|1760766726
|switch|p2a: Serperior|Serperior, F|1/100
|turn|14
|
|t:|1760766731
|move|p2a: Serperior|Leaf Storm|p1a: Corviknight
|-supereffective|p1a: Corviknight
|-damage|p1a: Corviknight|0 fnt
|-boost|p2a: Serperior|spa|2
|faint|p1a: Corviknight
|
|upkeep
|
|t:|1760766734
|switch|p1a: Incineroar|Incineroar, F, shiny|91/100
|-ability|p1a: Incineroar|Intimidate|boost
|-boost|p2a: Serperior|atk|1
|turn|15
|
|t:|1760766743
|switch|p2a: Quaquaval|Quaquaval, F|17/100
|move|p1a: Incineroar|Fake Out|p2a: Quaquaval
|-damage|p2a: Quaquaval|0 fnt
|faint|p2a: Quaquaval
|-damage|p1a: Incineroar|81/100|[from] item: Life Orb
|
|upkeep
|
|t:|1760766752
|switch|p2a: Feraligatr|Feraligatr, M|100/100
|turn|16
|
|t:|1760766765
|switch|p1a: Quaquaval|Quaquaval, F, shiny|100/100
|move|p2a: Feraligatr|Dragon Dance|p2a: Feraligatr
|-boost|p2a: Feraligatr|atk|1
|-boost|p2a: Feraligatr|spe|1
|
|upkeep
|turn|17
|
|t:|1760766775
|move|p2a: Feraligatr|Dragon Dance|p2a: Feraligatr
|-boost|p2a: Feraligatr|atk|1
|-boost|p2a: Feraligatr|spe|1
|move|p1a: Quaquaval|Aqua Step|p2a: Feraligatr
|-resisted|p2a: Feraligatr
|-damage|p2a: Feraligatr|80/100
|-boost|p1a: Quaquaval|spe|1
|
|upkeep
|turn|18
|
|t:|1760766783
|move|p2a: Feraligatr|Dragon Dance|p2a: Feraligatr
|-boost|p2a: Feraligatr|atk|1
|-boost|p2a: Feraligatr|spe|1
|move|p1a: Quaquaval|Close Combat|p2a: Feraligatr
|-damage|p2a: Feraligatr|20/100
|-unboost|p1a: Quaquaval|def|1
|-unboost|p1a: Quaquaval|spd|1
|
|upkeep
|turn|19
|
|t:|1760766803
|move|p2a: Feraligatr|Liquidation|p1a: Quaquaval
|-resisted|p1a: Quaquaval
|-enditem|p1a: Quaquaval|Focus Sash
|-damage|p1a: Quaquaval|1/100
|move|p1a: Quaquaval|Close Combat|p2a: Feraligatr
|-damage|p2a: Feraligatr|0 fnt
|-unboost|p1a: Quaquaval|def|1
|-unboost|p1a: Quaquaval|spd|1
|faint|p2a: Feraligatr
|-ability|p1a: Quaquaval|Moxie|boost
|-boost|p1a: Quaquaval|atk|1
|
|upkeep
|
|t:|1760766823
|switch|p2a: Meowscarada|Meowscarada, M|100/100
|-item|p2a: Meowscarada|Air Balloon
|turn|20
|
|t:|1760766828
|move|p1a: Quaquaval|Acrobatics|p2a: Meowscarada
|-supereffective|p2a: Meowscarada
|-damage|p2a: Meowscarada|0 fnt
|-enditem|p2a: Meowscarada|Air Balloon
|faint|p2a: Meowscarada
|-ability|p1a: Quaquaval|Moxie|boost
|-boost|p1a: Quaquaval|atk|1
|
|upkeep
|-message|ppppppz forfeited.
|
|win|nobita3
|raw|nobita3's rating: 1147 &rarr; <strong>1173</strong><br />(+26 for winning)
|raw|ppppppz's rating: 1154 &rarr; <strong>1128</strong><br />(-26 for losing)
|l|☆ppppppz
|player|p2|
|l|☆nobita3
|player|p1|
