|j|☆KingSeok
|j|☆nrkjr45
|t:|1760754186
|gametype|singles
|player|p1|KingSeok|acetrainer-gen4dp|1362
|player|p2|nrkjr45|volkner|1372
|gen|9
|tier|[Gen 9] OU
|rated|
|rule|HP Percentage Mod: HP is shown in percentages
|rule|Endless Battle Clause: Forcing endless battles is banned
|rule|Species Clause: Limit one of each Pokémon
|rule|OHKO Clause: OHKO moves are banned
|rule|Evasion Items Clause: Evasion items are banned
|rule|Evasion Moves Clause: Evasion moves are banned
|rule|Evasion Abilities Clause: Evasion abilities are banned
|rule|Sleep Moves Clause: Sleep-inducing moves are banned
|clearpoke
|poke|p1|Zapdos|
|poke|p1|Zamazenta-*|
|poke|p1|Gholdengo|
|poke|p1|Umbreon, M|
|poke|p1|Iron Valiant|
|poke|p1|Dondozo, M|
|poke|p2|Dragapult, F|
|poke|p2|Iron Crown|
|poke|p2|Maushold-Four|
|poke|p2|Torterra, F|
|poke|p2|Cloyster, F|
|poke|p2|Scizor, M|
|teampreview
|
|t:|1760754191
|teamsize|p1|6
|teamsize|p2|6
|start
|switch|p1a: Umbreon|Umbreon, M|100/100
|switch|p2a: Torterra|Torterra, F|100/100
|turn|1
|inactive|Battle timer is ON: inactive players will automatically lose when time's up. (requested by nrkjr45)
|
|t:|1760754200
|switch|p2a: Scizor|Scizor, M|100/100
|move|p1a: Umbreon|Reflect|p1a: Umbreon
|-sidestart|p1: KingSeok|Reflect
|
|upkeep
|turn|2
|
|t:|1760754205
|move|p2a: Scizor|Knock Off|p1a: Umbreon
|-resisted|p1a: Umbreon
|-damage|p1a: Umbreon|92/100
|-enditem|p1a: Umbreon|Light Clay|[from] move: Knock Off|[of] p2a: Scizor
|move|p1a: Umbreon|Thunder Wave|p2a: Scizor
|-status|p2a: Scizor|par
|
|upkeep
|turn|3
|
|t:|1760754213
|switch|p2a: Torterra|Torterra, F|100/100
|move|p1a: Umbreon|Light Screen|p1a: Umbreon
|-sidestart|p1: KingSeok|move: Light Screen
|
|upkeep
|turn|4
|
|t:|1760754229
|switch|p1a: Iron Valiant|Iron Valiant|100/100
|-enditem|p1a: Iron Valiant|Booster Energy
|-activate|p1a: Iron Valiant|ability: Quark Drive|[fromitem]
|-start|p1a: Iron Valiant|quarkdrivespe
|move|p2a: Torterra|Shell Smash|p2a: Torterra
|-unboost|p2a: Torterra|def|1
|-unboost|p2a: Torterra|spd|1
|-boost|p2a: Torterra|atk|2
|-boost|p2a: Torterra|spa|2
|-boost|p2a: Torterra|spe|2
|
|upkeep
|turn|5
|
|t:|1760754243
|switch|p2a: Scizor|Scizor, M|100/100 par
|move|p1a: Iron Valiant|Close Combat|p2a: Scizor
|-damage|p2a: Scizor|42/100 par
|-unboost|p1a: Iron Valiant|def|1
|-unboost|p1a: Iron Valiant|spd|1
|
|upkeep
|turn|6
|
|t:|1760754251
|move|p2a: Scizor|Bullet Punch|p1a: Iron Valiant
|-supereffective|p1a: Iron Valiant
|-damage|p1a: Iron Valiant|2/100
|move|p1a: Iron Valiant|Swords Dance|p1a: Iron Valiant
|-boost|p1a: Iron Valiant|atk|2
|
|upkeep
|turn|7
|
|t:|1760754256
|move|p2a: Scizor|Bullet Punch|p1a: Iron Valiant
|-supereffective|p1a: Iron Valiant
|-damage|p1a: Iron Valiant|0 fnt
|faint|p1a: Iron Valiant
|-end|p1a: Iron Valiant|Quark Drive|[silent]
|
|-sideend|p1: KingSeok|move: Light Screen
|upkeep
|
|t:|1760754267
|switch|p1a: Zamazenta|Zamazenta|100/100
|-ability|p1a: Zamazenta|Dauntless Shield|boost
|-boost|p1a: Zamazenta|def|1
|turn|8
|
|t:|1760754273
|switch|p2a: Maushold|Maushold-Four|100/100
|move|p1a: Zamazenta|Substitute|p1a: Zamazenta
|-start|p1a: Zamazenta|Substitute
|-damage|p1a: Zamazenta|76/100
|
|-heal|p1a: Zamazenta|82/100|[from] item: Leftovers
|-sideend|p1: KingSeok|Reflect
|upkeep
|turn|9
|
|t:|1760754279
|move|p1a: Zamazenta|Iron Defense|p1a: Zamazenta
|-boost|p1a: Zamazenta|def|2
|move|p2a: Maushold|Encore|p1a: Zamazenta
|-start|p1a: Zamazenta|Encore
|
|-heal|p1a: Zamazenta|88/100|[from] item: Leftovers
|upkeep
|turn|10
|
|t:|1760754283
|move|p1a: Zamazenta|Iron Defense|p1a: Zamazenta
|-boost|p1a: Zamazenta|def|2
|move|p2a: Maushold|Tidy Up|p2a: Maushold
|-end|p1a: Zamazenta|Substitute
|-activate|p2a: Maushold|move: Tidy Up
|-boost|p2a: Maushold|atk|1
|-boost|p2a: Maushold|spe|1
|
|-heal|p1a: Zamazenta|94/100|[from] item: Leftovers
|upkeep
|turn|11
|
|t:|1760754288
|move|p2a: Maushold|Tidy Up|p2a: Maushold
|-boost|p2a: Maushold|atk|1
|-boost|p2a: Maushold|spe|1
|move|p1a: Zamazenta|Iron Defense|p1a: Zamazenta
|-boost|p1a: Zamazenta|def|1
|
|-heal|p1a: Zamazenta|99/100|[from] item: Leftovers
|upkeep
|turn|12
|
|t:|1760754291
|move|p2a: Maushold|Tidy Up|p2a: Maushold
|-boost|p2a: Maushold|atk|1
|-boost|p2a: Maushold|spe|1
|move|p1a: Zamazenta|Iron Defense|p1a: Zamazenta
|-boost|p1a: Zamazenta|def|0
|
|-heal|p1a: Zamazenta|100/100|[from] item: Leftovers
|-end|p1a: Zamazenta|Encore
|upkeep
|turn|13
|
|t:|1760754298
|move|p2a: Maushold|Encore|p1a: Zamazenta
|-start|p1a: Zamazenta|Encore
|move|p1a: Zamazenta|Iron Defense|p1a: Zamazenta
|-boost|p1a: Zamazenta|def|0
|
|upkeep
|turn|14
|
|t:|1760754303
|switch|p1a: Umbreon|Umbreon, M|92/100
|move|p2a: Maushold|Tidy Up|p2a: Maushold
|-boost|p2a: Maushold|atk|1
|-boost|p2a: Maushold|spe|1
|
|upkeep
|turn|15
|
|t:|1760754306
|move|p2a: Maushold|Population Bomb|p1a: Umbreon
|-damage|p1a: Umbreon|72/100
|-damage|p1a: Umbreon|53/100
|-damage|p1a: Umbreon|35/100
|-crit|p1a: Umbreon
|-damage|p1a: Umbreon|4/100
|-damage|p1a: Umbreon|0 fnt
|faint|p1a: Umbreon
|-hitcount|p1: Umbreon|5
|
|upkeep
|
|t:|1760754313
|switch|p1a: Zamazenta|Zamazenta|100/100
|turn|16
|
|t:|1760754316
|move|p2a: Maushold|Population Bomb|p1a: Zamazenta
|-damage|p1a: Zamazenta|78/100
|-damage|p1a: Zamazenta|56/100
|-damage|p1a: Zamazenta|35/100
|-damage|p1a: Zamazenta|10/100
|-damage|p1a: Zamazenta|0 fnt
|faint|p1a: Zamazenta
|-hitcount|p1: Zamazenta|5
|
|upkeep
|-message|KingSeok forfeited.
|
|win|nrkjr45
|raw|KingSeok's rating: 1362 &rarr; <strong>1343</strong><br />(-19 for losing)
|raw|nrkjr45's rating: 1372 &rarr; <strong>1391</strong><br />(+19 for winning)
|l|☆KingSeok
|player|p1|
|l|☆nrkjr45
|player|p2|
