|j|☆jj20112
|j|☆theKentoRico
|t:|1760788312
|gametype|singles
|player|p1|jj20112|102|1068
|player|p2|theKentoRico|169|1042
|gen|9
|tier|[Gen 9] OU
|rated|
|rule|HP Percentage Mod: HP is shown in percentages
|rule|Endless Battle Clause: Forcing endless battles is banned
|rule|Species Clause: Limit one of each Pokémon
|rule|OHKO Clause: OHKO moves are banned
|rule|Evasion Items Clause: Evasion items are banned
|rule|Evasion Moves Clause: Evasion moves are banned
|rule|Evasion Abilities Clause: Evasion abilities are banned
|rule|Sleep Moves Clause: Sleep-inducing moves are banned
|clearpoke
|poke|p1|Greninja-*, M|
|poke|p1|Ceruledge, M|
|poke|p1|Slowking-Galar, F|
|poke|p1|Gliscor, F|
|poke|p1|Registeel|
|poke|p1|Raging Bolt|
|poke|p2|Vaporeon, F|
|poke|p2|Landorus-Therian, M|
|poke|p2|Gliscor, F|
|poke|p2|Heatran, M|
|poke|p2|Rillaboom, F|
|poke|p2|Hawlucha, M|
|teampreview
|inactive|Battle timer is ON: inactive players will automatically lose when time's up. (requested by theKentoRico)
|
|t:|1760788318
|teamsize|p1|6
|teamsize|p2|6
|start
|switch|p1a: Greninja|Greninja, M|100/100
|switch|p2a: Vaporeon|Vaporeon, F|100/100
|turn|1
|
|t:|1760788334
|switch|p2a: Rillaboom|Rillaboom, F|100/100
|-fieldstart|move: Grassy Terrain|[from] ability: Grassy Surge|[of] p2a: Rillaboom
|move|p1a: Greninja|Spikes|p2a: Rillaboom
|-sidestart|p2: theKentoRico|Spikes
|
|upkeep
|turn|2
|
|t:|1760788343
|move|p2a: Rillaboom|Grassy Glide|p1a: Greninja
|-supereffective|p1a: Greninja
|-enditem|p1a: Greninja|Focus Sash
|-damage|p1a: Greninja|1/100
|move|p1a: Greninja|Toxic Spikes|p2a: Rillaboom
|-sidestart|p2: theKentoRico|move: Toxic Spikes
|
|-heal|p1a: Greninja|7/100|[from] Grassy Terrain
|upkeep
|turn|3
|
|t:|1760788353
|move|p2a: Rillaboom|Grassy Glide|p1a: Greninja
|-supereffective|p1a: Greninja
|-damage|p1a: Greninja|0 fnt
|faint|p1a: Greninja
|
|upkeep
|
|t:|1760788359
|switch|p1a: Ceruledge|Ceruledge, M|100/100
|turn|4
|
|t:|1760788363
|move|p2a: Rillaboom|Grassy Glide|p1a: Ceruledge
|-resisted|p1a: Ceruledge
|-damage|p1a: Ceruledge|64/100
|move|p1a: Ceruledge|Swords Dance|p1a: Ceruledge
|-boost|p1a: Ceruledge|atk|2
|
|-heal|p1a: Ceruledge|70/100|[from] Grassy Terrain
|upkeep
|turn|5
|
|t:|1760788375
|switch|p2a: Landorus|Landorus-Therian, M|100/100
|-ability|p2a: Landorus|Intimidate|boost
|-unboost|p1a: Ceruledge|atk|1
|move|p1a: Ceruledge|Swords Dance|p1a: Ceruledge
|-boost|p1a: Ceruledge|atk|2
|
|-heal|p1a: Ceruledge|76/100|[from] Grassy Terrain
|-fieldend|move: Grassy Terrain
|upkeep
|turn|6
|
|t:|1760788386
|move|p2a: Landorus|Earthquake|p1a: Ceruledge
|-supereffective|p1a: Ceruledge
|-damage|p1a: Ceruledge|0 fnt
|faint|p1a: Ceruledge
|
|upkeep
|
|t:|1760788391
|switch|p1a: Registeel|Registeel|100/100
|turn|7
|
|t:|1760788395
|move|p2a: Landorus|Earthquake|p1a: Registeel
|-supereffective|p1a: Registeel
|-damage|p1a: Registeel|28/100
|move|p1a: Registeel|Iron Defense|p1a: Registeel
|-boost|p1a: Registeel|def|2
|
|-heal|p1a: Registeel|34/100|[from] item: Leftovers
|upkeep
|turn|8
|
|t:|1760788404
|move|p2a: Landorus|Earthquake|p1a: Registeel
|-supereffective|p1a: Registeel
|-damage|p1a: Registeel|0 fnt
|faint|p1a: Registeel
|
|upkeep
|
|t:|1760788412
|switch|p1a: Gliscor|Gliscor, F|100/100
|turn|9
|
|t:|1760788420
|switch|p2a: Heatran|Heatran, M|100/100
|-damage|p2a: Heatran|88/100|[from] Spikes
|move|p1a: Gliscor|Stealth Rock|p2a: Heatran
|-sidestart|p2: theKentoRico|move: Stealth Rock
|
|-heal|p2a: Heatran|94/100|[from] item: Leftovers
|upkeep
|turn|10
|
|t:|1760788431
|move|p1a: Gliscor|Swords Dance|p1a: Gliscor
|-boost|p1a: Gliscor|atk|2
|move|p2a: Heatran|Magma Storm|p1a: Gliscor
|-damage|p1a: Gliscor|28/100
|-activate|p1a: Gliscor|move: Magma Storm|[of] p2a: Heatran
|
|-heal|p2a: Heatran|100/100|[from] item: Leftovers
|-damage|p1a: Gliscor|15/100|[from] move: Magma Storm|[partiallytrapped]
|upkeep
|turn|11
|
|t:|1760788446
|move|p1a: Gliscor|Acrobatics|p2a: Heatran
|-resisted|p2a: Heatran
|-damage|p2a: Heatran|57/100
|move|p2a: Heatran|Taunt|p1a: Gliscor
|-start|p1a: Gliscor|move: Taunt
|
|-heal|p2a: Heatran|63/100|[from] item: Leftovers
|-damage|p1a: Gliscor|3/100|[from] move: Magma Storm|[partiallytrapped]
|upkeep
|turn|12
|
|t:|1760788457
|move|p1a: Gliscor|Acrobatics|p2a: Heatran
|-resisted|p2a: Heatran
|-damage|p2a: Heatran|21/100
|move|p2a: Heatran|Will-O-Wisp|p1a: Gliscor
|-status|p1a: Gliscor|brn
|
|-heal|p2a: Heatran|27/100|[from] item: Leftovers
|-damage|p1a: Gliscor|0 fnt|[from] brn
|faint|p1a: Gliscor
|upkeep
|
|t:|1760788470
|switch|p1a: Slowking|Slowking-Galar, F|100/100
|turn|13
|
|t:|1760788478
|move|p2a: Heatran|Earth Power|p1a: Slowking
|-supereffective|p1a: Slowking
|-damage|p1a: Slowking|50/100
|move|p1a: Slowking|Psychic|p2a: Heatran
|-resisted|p2a: Heatran
|-damage|p2a: Heatran|9/100
|
|-heal|p2a: Heatran|15/100|[from] item: Leftovers
|-heal|p1a: Slowking|56/100|[from] item: Black Sludge
|upkeep
|turn|14
|
|t:|1760788490
|move|p2a: Heatran|Earth Power|p1a: Slowking
|-supereffective|p1a: Slowking
|-damage|p1a: Slowking|5/100
|move|p1a: Slowking|Psychic|p2a: Heatran
|-resisted|p2a: Heatran
|-damage|p2a: Heatran|0 fnt
|faint|p2a: Heatran
|
|-heal|p1a: Slowking|11/100|[from] item: Black Sludge
|upkeep
|
|t:|1760788504
|switch|p2a: Rillaboom|Rillaboom, F|100/100
|-damage|p2a: Rillaboom|88/100|[from] Spikes
|-status|p2a: Rillaboom|psn
|-damage|p2a: Rillaboom|76/100 psn|[from] Stealth Rock
|-fieldstart|move: Grassy Terrain|[from] ability: Grassy Surge|[of] p2a: Rillaboom
|turn|15
|
|t:|1760788514
|move|p2a: Rillaboom|U-turn|p1a: Slowking
|-damage|p1a: Slowking|0 fnt
|faint|p1a: Slowking
|
|t:|1760788518
|switch|p2a: Hawlucha|Hawlucha, M|100/100|[from] U-turn
|-damage|p2a: Hawlucha|88/100|[from] Stealth Rock
|-enditem|p2a: Hawlucha|Grassy Seed
|-boost|p2a: Hawlucha|def|1|[from] item: Grassy Seed
|
|upkeep
|
|t:|1760788523
|switch|p1a: Raging Bolt|Raging Bolt|100/100
|-enditem|p1a: Raging Bolt|Booster Energy
|-activate|p1a: Raging Bolt|ability: Protosynthesis|[fromitem]
|-start|p1a: Raging Bolt|protosynthesisspa
|turn|16
|
|t:|1760788536
|move|p2a: Hawlucha|Close Combat|p1a: Raging Bolt
|-damage|p1a: Raging Bolt|58/100
|-unboost|p2a: Hawlucha|def|1
|-unboost|p2a: Hawlucha|spd|1
|move|p1a: Raging Bolt|Electric Terrain|p1a: Raging Bolt
|-fieldstart|move: Electric Terrain
|
|upkeep
|turn|17
|
|t:|1760788547
|-terastallize|p2a: Hawlucha|Flying
|-terastallize|p1a: Raging Bolt|Electric
|move|p2a: Hawlucha|Acrobatics|p1a: Raging Bolt
|-resisted|p1a: Raging Bolt
|-damage|p1a: Raging Bolt|30/100
|move|p1a: Raging Bolt|Discharge|p2a: Hawlucha
|-supereffective|p2a: Hawlucha
|-damage|p2a: Hawlucha|0 fnt
|faint|p2a: Hawlucha
|
|upkeep
|
|t:|1760788560
|switch|p2a: Gliscor|Gliscor, F|100/100
|-damage|p2a: Gliscor|88/100|[from] Stealth Rock
|turn|18
|
|t:|1760788567
|move|p2a: Gliscor|Knock Off|p1a: Raging Bolt
|-damage|p1a: Raging Bolt|17/100
|move|p1a: Raging Bolt|Ancient Power|p2a: Gliscor
|-damage|p2a: Gliscor|66/100
|
|-status|p2a: Gliscor|tox|[from] item: Toxic Orb
|upkeep
|turn|19
|
|t:|1760788578
|move|p2a: Gliscor|Toxic|p1a: Raging Bolt
|-status|p1a: Raging Bolt|tox
|move|p1a: Raging Bolt|Ancient Power|p2a: Gliscor
|-damage|p2a: Gliscor|45/100 tox
|
|-heal|p2a: Gliscor|58/100 tox|[from] ability: Poison Heal
|-damage|p1a: Raging Bolt|11/100 tox|[from] psn
|upkeep
|turn|20
|
|t:|1760788588
|move|p2a: Gliscor|Protect|p2a: Gliscor
|-singleturn|p2a: Gliscor|Protect
|move|p1a: Raging Bolt|Ancient Power|p2a: Gliscor
|-activate|p2a: Gliscor|move: Protect
|
|-heal|p2a: Gliscor|70/100 tox|[from] ability: Poison Heal
|-damage|p1a: Raging Bolt|0 fnt|[from] psn
|faint|p1a: Raging Bolt
|-end|p1a: Raging Bolt|Protosynthesis|[silent]
|
|win|theKentoRico
|raw|jj20112's rating: 1068 &rarr; <strong>1046</strong><br />(-22 for losing)
|raw|theKentoRico's rating: 1042 &rarr; <strong>1078</strong><br />(+36 for winning)
|l|☆jj20112
|player|p1|
