|j|☆zyzyno.1
|j|☆sakuraba emma
|t:|1760793662
|gametype|singles
|player|p1|zyzyno.1|cynthia-gen4|1376
|player|p2|sakuraba emma|hilda-wonderlauncher|1347
|gen|9
|tier|[Gen 9] OU
|rated|
|rule|HP Percentage Mod: HP is shown in percentages
|rule|Endless Battle Clause: Forcing endless battles is banned
|rule|Species Clause: Limit one of each Pokémon
|rule|OHKO Clause: OHKO moves are banned
|rule|Evasion Items Clause: Evasion items are banned
|rule|Evasion Moves Clause: Evasion moves are banned
|rule|Evasion Abilities Clause: Evasion abilities are banned
|rule|Sleep Moves Clause: Sleep-inducing moves are banned
|clearpoke
|poke|p1|Maushold|
|poke|p1|Ninetales-Alola, F|
|poke|p1|Ceruledge, M|
|poke|p1|Moltres-Galar|
|poke|p1|Enamorus, F|
|poke|p1|Gliscor, F|
|poke|p2|Great Tusk|
|poke|p2|Kyurem|
|poke|p2|Hatterene, F|
|poke|p2|Dragonite, M|
|poke|p2|Ceruledge, M|
|poke|p2|Ting-Lu|
|teampreview
|inactive|Battle timer is ON: inactive players will automatically lose when time's up. (requested by zyzyno.1)
|
|t:|1760793683
|teamsize|p1|6
|teamsize|p2|6
|start
|switch|p1a: Ninetales|Ninetales-Alola, F|100/100
|switch|p2a: Ting-Lu|Ting-Lu|100/100
|-weather|Snowscape|[from] ability: Snow Warning|[of] p1a: Ninetales
|-ability|p2a: Ting-Lu|Vessel of Ruin
|turn|1
|
|t:|1760793699
|move|p1a: Ninetales|Aurora Veil|p1a: Ninetales
|-sidestart|p1: zyzyno.1|move: Aurora Veil
|move|p2a: Ting-Lu|Stealth Rock|p1a: Ninetales
|-sidestart|p1: zyzyno.1|move: Stealth Rock
|
|-weather|Snowscape|[upkeep]
|upkeep
|turn|2
|
|t:|1760793723
|switch|p1a: Maushold|Maushold|100/100
|-damage|p1a: Maushold|88/100|[from] Stealth Rock
|move|p2a: Ting-Lu|Whirlwind|p1a: Maushold
|drag|p1a: Moltres|Moltres-Galar|100/100
|-damage|p1a: Moltres|76/100|[from] Stealth Rock
|
|-weather|Snowscape|[upkeep]
|-heal|p1a: Moltres|82/100|[from] item: Leftovers
|upkeep
|turn|3
|
|t:|1760793737
|move|p1a: Moltres|Taunt|p2a: Ting-Lu
|-start|p2a: Ting-Lu|move: Taunt
|cant|p2a: Ting-Lu|move: Taunt|Whirlwind
|
|-weather|Snowscape|[upkeep]
|-heal|p1a: Moltres|88/100|[from] item: Leftovers
|upkeep
|turn|4
|
|t:|1760793753
|switch|p2a: Hatterene|Hatterene, F|100/100
|move|p1a: Moltres|Nasty Plot|p1a: Moltres
|-boost|p1a: Moltres|spa|2
|
|-weather|Snowscape|[upkeep]
|-heal|p1a: Moltres|94/100|[from] item: Leftovers
|upkeep
|turn|5
|
|t:|1760793764
|move|p1a: Moltres|Fiery Wrath|p2a: Hatterene
|-crit|p2a: Hatterene
|-damage|p2a: Hatterene|28/100
|move|p2a: Hatterene|Nuzzle|p1a: Moltres
|-supereffective|p1a: Moltres
|-damage|p1a: Moltres|89/100
|-status|p1a: Moltres|par
|
|-weather|none
|-heal|p1a: Moltres|95/100 par|[from] item: Leftovers
|upkeep
|turn|6
|
|t:|1760793777
|cant|p1a: Moltres|par
|move|p2a: Hatterene|Draining Kiss|p1a: Moltres
|-supereffective|p1a: Moltres
|-damage|p1a: Moltres|74/100 par
|-heal|p2a: Hatterene|45/100|[from] drain|[of] p1a: Moltres
|
|-heal|p1a: Moltres|80/100 par|[from] item: Leftovers
|upkeep
|turn|7
|inactive|sakuraba emma has 120 seconds left.
|
|t:|1760793816
|move|p1a: Moltres|Fiery Wrath|p2a: Hatterene
|-damage|p2a: Hatterene|0 fnt
|faint|p2a: Hatterene
|
|-heal|p1a: Moltres|86/100 par|[from] item: Leftovers
|upkeep
|
|t:|1760793819
|switch|p2a: Kyurem|Kyurem|100/100
|-ability|p2a: Kyurem|Pressure
|turn|8
|
|t:|1760793823
|move|p2a: Kyurem|Icicle Spear|p1a: Moltres
|-supereffective|p1a: Moltres
|-damage|p1a: Moltres|70/100 par
|-supereffective|p1a: Moltres
|-damage|p1a: Moltres|55/100 par
|-supereffective|p1a: Moltres
|-damage|p1a: Moltres|39/100 par
|-supereffective|p1a: Moltres
|-damage|p1a: Moltres|24/100 par
|-supereffective|p1a: Moltres
|-damage|p1a: Moltres|10/100 par
|-hitcount|p1a: Moltres|5
|-ability|p1a: Moltres|Berserk|boost
|-boost|p1a: Moltres|spa|1
|move|p1a: Moltres|Fiery Wrath|p2a: Kyurem
|-damage|p2a: Kyurem|5/100
|
|-heal|p1a: Moltres|16/100 par|[from] item: Leftovers
|-sideend|p1: zyzyno.1|move: Aurora Veil
|upkeep
|turn|9
|inactive|sakuraba emma has 120 seconds left.
|
|t:|1760793838
|move|p2a: Kyurem|Icicle Spear|p1a: Moltres
|-supereffective|p1a: Moltres
|-damage|p1a: Moltres|0 fnt
|faint|p1a: Moltres
|-hitcount|p1: Moltres|1
|
|upkeep
|
|t:|1760793867
|switch|p1a: Ninetales|Ninetales-Alola, F|100/100
|-damage|p1a: Ninetales|76/100|[from] Stealth Rock
|-weather|Snowscape|[from] ability: Snow Warning|[of] p1a: Ninetales
|turn|10
|inactive|sakuraba emma has 120 seconds left.
|inactive|sakuraba emma has 90 seconds left.
|
|t:|1760793914
|switch|p2a: Ting-Lu|Ting-Lu|100/100
|-ability|p2a: Ting-Lu|Vessel of Ruin
|move|p1a: Ninetales|Moonblast|p2a: Ting-Lu
|-supereffective|p2a: Ting-Lu
|-damage|p2a: Ting-Lu|74/100
|
|-weather|Snowscape|[upkeep]
|-heal|p2a: Ting-Lu|81/100|[from] item: Leftovers
|upkeep
|turn|11
|inactive|sakuraba emma has 90 seconds left.
|
|t:|1760793925
|move|p1a: Ninetales|Aurora Veil|p1a: Ninetales
|-sidestart|p1: zyzyno.1|move: Aurora Veil
|move|p2a: Ting-Lu|Whirlwind|p1a: Ninetales
|drag|p1a: Maushold|Maushold|88/100
|-damage|p1a: Maushold|76/100|[from] Stealth Rock
|
|-weather|Snowscape|[upkeep]
|-heal|p2a: Ting-Lu|87/100|[from] item: Leftovers
|upkeep
|turn|12
|inactive|sakuraba emma has 90 seconds left.
|
|t:|1760793941
|move|p1a: Maushold|Tidy Up|p1a: Maushold
|-sideend|p1: zyzyno.1|Stealth Rock
|-activate|p1a: Maushold|move: Tidy Up
|-boost|p1a: Maushold|atk|1
|-boost|p1a: Maushold|spe|1
|move|p2a: Ting-Lu|Ruination|p1a: Maushold
|-damage|p1a: Maushold|38/100
|
|-weather|Snowscape|[upkeep]
|-heal|p2a: Ting-Lu|93/100|[from] item: Leftovers
|upkeep
|turn|13
|
|t:|1760793947
|move|p1a: Maushold|Population Bomb|p2a: Ting-Lu
|-damage|p2a: Ting-Lu|84/100
|-damage|p2a: Ting-Lu|76/100
|-damage|p2a: Ting-Lu|67/100
|-damage|p2a: Ting-Lu|58/100
|-damage|p2a: Ting-Lu|49/100
|-damage|p2a: Ting-Lu|41/100
|-damage|p2a: Ting-Lu|33/100
|-damage|p2a: Ting-Lu|24/100
|-damage|p2a: Ting-Lu|16/100
|-damage|p2a: Ting-Lu|8/100
|-hitcount|p2a: Ting-Lu|10
|move|p2a: Ting-Lu|Earthquake|p1a: Maushold
|-damage|p1a: Maushold|10/100
|
|-weather|Snowscape|[upkeep]
|-heal|p2a: Ting-Lu|14/100|[from] item: Leftovers
|upkeep
|turn|14
|inactive|sakuraba emma has 90 seconds left.
|
|t:|1760793963
|-terastallize|p2a: Ting-Lu|Ghost
|move|p1a: Maushold|Bite|p2a: Ting-Lu
|-supereffective|p2a: Ting-Lu
|-crit|p2a: Ting-Lu
|-damage|p2a: Ting-Lu|0 fnt
|faint|p2a: Ting-Lu
|
|-weather|none
|upkeep
|
|t:|1760793970
|switch|p2a: Dragonite|Dragonite, M|100/100
|turn|15
|
|t:|1760793982
|move|p2a: Dragonite|Extreme Speed|p1a: Maushold
|-damage|p1a: Maushold|0 fnt
|faint|p1a: Maushold
|
|upkeep
|
|t:|1760793992
|switch|p1a: Enamorus|Enamorus, F|100/100
|turn|16
|
|t:|1760794003
|move|p2a: Dragonite|Extreme Speed|p1a: Enamorus
|-crit|p1a: Enamorus
|-damage|p1a: Enamorus|10/100
|move|p1a: Enamorus|Calm Mind|p1a: Enamorus
|-boost|p1a: Enamorus|spa|1
|-boost|p1a: Enamorus|spd|1
|
|upkeep
|turn|17
|
|t:|1760794032
|switch|p1a: Ceruledge|Ceruledge, M|100/100
|move|p2a: Dragonite|Extreme Speed|p1a: Ceruledge
|-immune|p1a: Ceruledge
|
|upkeep
|turn|18
|inactive|zyzyno.1 has 120 seconds left.
|inactive|zyzyno.1 has 90 seconds left.
|
|t:|1760794078
|switch|p2a: Ceruledge|Ceruledge, M|100/100
|move|p1a: Ceruledge|Shadow Sneak|p2a: Ceruledge
|-supereffective|p2a: Ceruledge
|-damage|p2a: Ceruledge|41/100
|-ability|p2a: Ceruledge|Weak Armor|boost
|-unboost|p2a: Ceruledge|def|1
|-boost|p2a: Ceruledge|spe|2
|
|-sideend|p1: zyzyno.1|move: Aurora Veil
|upkeep
|turn|19
|inactive|zyzyno.1 has 90 seconds left.
|
|t:|1760794095
|move|p2a: Ceruledge|Shadow Sneak|p1a: Ceruledge
|-supereffective|p1a: Ceruledge
|-damage|p1a: Ceruledge|54/100
|-ability|p1a: Ceruledge|Weak Armor|boost
|-unboost|p1a: Ceruledge|def|1
|-boost|p1a: Ceruledge|spe|2
|move|p1a: Ceruledge|Shadow Sneak|p2a: Ceruledge
|-supereffective|p2a: Ceruledge
|-damage|p2a: Ceruledge|0 fnt
|faint|p2a: Ceruledge
|
|upkeep
|
|t:|1760794120
|switch|p2a: Great Tusk|Great Tusk|100/100
|turn|20
|
|t:|1760794127
|switch|p1a: Ninetales|Ninetales-Alola, F|76/100
|-weather|Snowscape|[from] ability: Snow Warning|[of] p1a: Ninetales
|move|p2a: Great Tusk|Headlong Rush|p1a: Ninetales
|-damage|p1a: Ninetales|23/100
|-unboost|p2a: Great Tusk|def|1
|-unboost|p2a: Great Tusk|spd|1
|
|-weather|Snowscape|[upkeep]
|upkeep
|turn|21
|inactive|sakuraba emma has 90 seconds left.
|
|t:|1760794155
|move|p1a: Ninetales|Aurora Veil|p1a: Ninetales
|-sidestart|p1: zyzyno.1|move: Aurora Veil
|move|p2a: Great Tusk|Headlong Rush|p1a: Ninetales
|-damage|p1a: Ninetales|0 fnt
|-unboost|p2a: Great Tusk|def|1
|-unboost|p2a: Great Tusk|spd|1
|faint|p1a: Ninetales
|
|-weather|Snowscape|[upkeep]
|upkeep
|inactive|zyzyno.1 has 90 seconds left.
|
|t:|1760794183
|switch|p1a: Enamorus|Enamorus, F|10/100
|turn|22
|inactive|sakuraba emma has 90 seconds left.
|
|t:|1760794204
|-end|p2a: Great Tusk|Protosynthesis|[silent]
|switch|p2a: Dragonite|Dragonite, M|100/100
|move|p1a: Enamorus|Draining Kiss|p2a: Dragonite
|-supereffective|p2a: Dragonite
|-damage|p2a: Dragonite|67/100
|-heal|p1a: Enamorus|44/100|[from] drain|[of] p2a: Dragonite
|-damage|p1a: Enamorus|34/100|[from] item: Life Orb
|
|-weather|Snowscape|[upkeep]
|upkeep
|turn|23
|inactive|zyzyno.1 has 90 seconds left.
|inactive|sakuraba emma has 60 seconds left.
|
|t:|1760794244
|move|p2a: Dragonite|Extreme Speed|p1a: Enamorus
|-damage|p1a: Enamorus|2/100
|move|p1a: Enamorus|Draining Kiss|p2a: Dragonite
|-supereffective|p2a: Dragonite
|-damage|p2a: Dragonite|0 fnt
|-heal|p1a: Enamorus|69/100|[from] drain|[of] p2a: Dragonite
|faint|p2a: Dragonite
|-damage|p1a: Enamorus|59/100|[from] item: Life Orb
|
|-weather|Snowscape|[upkeep]
|upkeep
|-message|sakuraba emma forfeited.
|
|win|zyzyno.1
|raw|zyzyno.1's rating: 1376 &rarr; <strong>1394</strong><br />(+18 for winning)
|raw|sakuraba emma's rating: 1347 &rarr; <strong>1329</strong><br />(-18 for losing)
|l|☆zyzyno.1
|player|p1|
|l|☆sakuraba emma
|player|p2|
