|j|☆plolaaa
|j|☆akakak1598
|t:|1760777185
|gametype|singles
|player|p1|plolaaa|preschooler|1120
|player|p2|akakak1598|2|1064
|gen|9
|tier|[Gen 9] OU
|rated|
|rule|HP Percentage Mod: HP is shown in percentages
|rule|Endless Battle Clause: Forcing endless battles is banned
|rule|Species Clause: Limit one of each Pokémon
|rule|OHKO Clause: OHKO moves are banned
|rule|Evasion Items Clause: Evasion items are banned
|rule|Evasion Moves Clause: Evasion moves are banned
|rule|Evasion Abilities Clause: Evasion abilities are banned
|rule|Sleep Moves Clause: Sleep-inducing moves are banned
|clearpoke
|poke|p1|Manaphy|
|poke|p1|Bellossom, F|
|poke|p1|Magmar, M|
|poke|p1|Porygon2|
|poke|p1|Piloswine, M|
|poke|p1|Pelipper, M|
|poke|p2|Vileplume, M|
|poke|p2|Dragonite, F|
|poke|p2|Deoxys-Speed|
|poke|p2|Great Tusk|
|poke|p2|Zapdos|
|poke|p2|Volcanion|
|teampreview
|
|t:|1760777196
|teamsize|p1|6
|teamsize|p2|6
|start
|switch|p1a: Bellossom|Bellossom, F|100/100
|switch|p2a: Vileplume|Vileplume, M|100/100
|turn|1
|inactive|Battle timer is ON: inactive players will automatically lose when time's up. (requested by plolaaa)
|
|t:|1760777203
|move|p1a: Bellossom|Quiver Dance|p1a: Bellossom
|-boost|p1a: Bellossom|spa|1
|-boost|p1a: Bellossom|spd|1
|-boost|p1a: Bellossom|spe|1
|move|p2a: Vileplume|Sludge Bomb|p1a: Bellossom
|-supereffective|p1a: Bellossom
|-damage|p1a: Bellossom|28/100
|
|upkeep
|turn|2
|
|t:|1760777210
|move|p1a: Bellossom|Triple Axel|p2a: Vileplume
|-supereffective|p2a: Vileplume
|-damage|p2a: Vileplume|89/100
|-supereffective|p2a: Vileplume
|-damage|p2a: Vileplume|67/100
|-supereffective|p2a: Vileplume
|-damage|p2a: Vileplume|35/100
|-hitcount|p2a: Vileplume|3
|move|p2a: Vileplume|Sludge Bomb|p1a: Bellossom
|-supereffective|p1a: Bellossom
|-damage|p1a: Bellossom|0 fnt
|faint|p1a: Bellossom
|
|-heal|p2a: Vileplume|41/100|[from] item: Leftovers
|upkeep
|
|t:|1760777223
|switch|p1a: Porygon2|Porygon2|100/100
|-ability|p1a: Porygon2|Download|boost
|-boost|p1a: Porygon2|atk|1
|turn|3
|
|t:|1760777233
|-terastallize|p1a: Porygon2|Normal
|move|p1a: Porygon2|Tri Attack|p2a: Vileplume
|-damage|p2a: Vileplume|0 fnt
|faint|p2a: Vileplume
|
|upkeep
|
|t:|1760777251
|switch|p2a: Great Tusk|Great Tusk|100/100
|-item|p2a: Great Tusk|Air Balloon
|turn|4
|
|t:|1760777255
|move|p2a: Great Tusk|Close Combat|p1a: Porygon2
|-supereffective|p1a: Porygon2
|-damage|p1a: Porygon2|9/100
|-unboost|p2a: Great Tusk|def|1
|-unboost|p2a: Great Tusk|spd|1
|move|p1a: Porygon2|Tri Attack|p2a: Great Tusk
|-damage|p2a: Great Tusk|0 fnt
|-enditem|p2a: Great Tusk|Air Balloon
|faint|p2a: Great Tusk
|-end|p2a: Great Tusk|Protosynthesis|[silent]
|
|upkeep
|
|t:|1760777273
|switch|p2a: Zapdos|Zapdos|100/100
|-ability|p2a: Zapdos|Pressure
|turn|5
|
|t:|1760777278
|move|p2a: Zapdos|Thunderbolt|p1a: Porygon2
|-damage|p1a: Porygon2|0 fnt
|faint|p1a: Porygon2
|
|upkeep
|
|t:|1760777281
|switch|p1a: Piloswine|Piloswine, M|100/100
|turn|6
|
|t:|1760777298
|switch|p2a: Volcanion|Volcanion|100/100
|move|p1a: Piloswine|Trailblaze|p2a: Volcanion
|-damage|p2a: Volcanion|85/100
|-boost|p1a: Piloswine|spe|1
|
|upkeep
|turn|7
|
|t:|1760777307
|move|p2a: Volcanion|Steam Eruption|p1a: Piloswine
|-supereffective|p1a: Piloswine
|-crit|p1a: Piloswine
|-damage|p1a: Piloswine|0 fnt
|faint|p1a: Piloswine
|
|upkeep
|
|t:|1760777311
|switch|p1a: Pelipper|Pelipper, M|100/100
|-weather|RainDance|[from] ability: Drizzle|[of] p1a: Pelipper
|turn|8
|
|t:|1760777317
|move|p2a: Volcanion|Steam Eruption|p1a: Pelipper
|-resisted|p1a: Pelipper
|-damage|p1a: Pelipper|38/100
|move|p1a: Pelipper|Hurricane|p2a: Volcanion
|-damage|p2a: Volcanion|21/100
|
|-weather|RainDance|[upkeep]
|upkeep
|turn|9
|
|t:|1760777325
|move|p2a: Volcanion|Steam Eruption|p1a: Pelipper
|-resisted|p1a: Pelipper
|-damage|p1a: Pelipper|0 fnt
|faint|p1a: Pelipper
|
|-weather|RainDance|[upkeep]
|upkeep
|
|t:|1760777329
|switch|p1a: Manaphy|Manaphy|100/100
|turn|10
|
|t:|1760777342
|switch|p1a: Magmar|Magmar, M|100/100
|move|p2a: Volcanion|Steam Eruption|p1a: Magmar
|-supereffective|p1a: Magmar
|-damage|p1a: Magmar|0 fnt
|faint|p1a: Magmar
|
|-weather|RainDance|[upkeep]
|upkeep
|-message|plolaaa forfeited.
|
|win|akakak1598
|raw|plolaaa's rating: 1120 &rarr; <strong>1091</strong><br />(-29 for losing)
|raw|akakak1598's rating: 1064 &rarr; <strong>1099</strong><br />(+35 for winning)
|l|☆plolaaa
|player|p1|
|l|☆akakak1598
|player|p2|
