|j|☆potatosforfree
|j|☆Passhie
|t:|1760816197
|gametype|singles
|player|p1|potatosforfree|lucas|1408
|player|p2|Passhie|maid|1380
|gen|9
|tier|[Gen 9] OU
|rated|
|rule|HP Percentage Mod: HP is shown in percentages
|rule|Endless Battle Clause: Forcing endless battles is banned
|rule|Species Clause: Limit one of each Pokémon
|rule|OHKO Clause: OHKO moves are banned
|rule|Evasion Items Clause: Evasion items are banned
|rule|Evasion Moves Clause: Evasion moves are banned
|rule|Evasion Abilities Clause: Evasion abilities are banned
|rule|Sleep Moves Clause: Sleep-inducing moves are banned
|clearpoke
|poke|p1|Slowking-Galar, M|
|poke|p1|Great Tusk|
|poke|p1|Arcanine-Hisui, F|
|poke|p1|Corviknight, M|
|poke|p1|Dragapult, F|
|poke|p1|Kingambit, F|
|poke|p2|Rillaboom, M|
|poke|p2|Heatran, M|
|poke|p2|Tornadus-Therian, M|
|poke|p2|Ting-Lu|
|poke|p2|Weezing-Galar, M|
|poke|p2|Dragapult, F|
|teampreview
|inactive|Battle timer is ON: inactive players will automatically lose when time's up. (requested by Passhie)
|inactive|potatosforfree also wants the timer to be on.
|
|t:|1760816204
|teamsize|p1|6
|teamsize|p2|6
|start
|switch|p1a: Dragapult|Dragapult, F|100/100
|switch|p2a: Heatran|Heatran, M|100/100
|turn|1
|
|t:|1760816209
|move|p1a: Dragapult|U-turn|p2a: Heatran
|-resisted|p2a: Heatran
|-damage|p2a: Heatran|96/100
|
|t:|1760816216
|switch|p1a: Great Tusk|Great Tusk|100/100|[from] U-turn
|move|p2a: Heatran|Magma Storm|p1a: Great Tusk|[miss]
|-miss|p2a: Heatran|p1a: Great Tusk
|
|-heal|p2a: Heatran|100/100|[from] item: Leftovers
|upkeep
|turn|2
|
|t:|1760816221
|switch|p2a: Tornadus|Tornadus-Therian, M|100/100
|move|p1a: Great Tusk|Stealth Rock|p2a: Tornadus
|-sidestart|p2: Passhie|move: Stealth Rock
|
|upkeep
|turn|3
|
|t:|1760816225
|-end|p1a: Great Tusk|Protosynthesis|[silent]
|switch|p1a: Slowking|Slowking-Galar, M|100/100
|move|p2a: Tornadus|Bleakwind Storm|p1a: Slowking
|-damage|p1a: Slowking|65/100
|-damage|p2a: Tornadus|91/100|[from] item: Life Orb
|
|upkeep
|turn|4
|
|t:|1760816230
|switch|p2a: Heatran|Heatran, M|100/100
|-damage|p2a: Heatran|88/100|[from] Stealth Rock
|-prepare|p1a: Slowking|Chilly Reception|[premajor]
|move|p1a: Slowking|Chilly Reception|p1a: Slowking
|-weather|Snowscape
|
|t:|1760816238
|switch|p1a: Arcanine|Arcanine-Hisui, F|100/100|[from] Chilly Reception
|
|-weather|Snowscape|[upkeep]
|-heal|p2a: Heatran|94/100|[from] item: Leftovers
|upkeep
|turn|5
|
|t:|1760816244
|switch|p2a: Ting-Lu|Ting-Lu|100/100
|-damage|p2a: Ting-Lu|94/100|[from] Stealth Rock
|-ability|p2a: Ting-Lu|Vessel of Ruin
|move|p1a: Arcanine|Head Smash|p2a: Ting-Lu
|-resisted|p2a: Ting-Lu
|-damage|p2a: Ting-Lu|62/100
|
|-weather|Snowscape|[upkeep]
|-heal|p2a: Ting-Lu|68/100|[from] item: Leftovers
|upkeep
|turn|6
|
|t:|1760816250
|switch|p1a: Corviknight|Corviknight, M|100/100
|-ability|p1a: Corviknight|Pressure
|move|p2a: Ting-Lu|Ruination|p1a: Corviknight
|-damage|p1a: Corviknight|51/100
|
|-weather|Snowscape|[upkeep]
|-heal|p2a: Ting-Lu|74/100|[from] item: Leftovers
|upkeep
|turn|7
|
|t:|1760816253
|move|p1a: Corviknight|U-turn|p2a: Ting-Lu
|-supereffective|p2a: Ting-Lu
|-damage|p2a: Ting-Lu|58/100
|
|t:|1760816259
|switch|p1a: Slowking|Slowking-Galar, M|99/100|[from] U-turn
|move|p2a: Ting-Lu|Spikes|p1a: Slowking
|-sidestart|p1: potatosforfree|Spikes
|
|-weather|Snowscape|[upkeep]
|-heal|p2a: Ting-Lu|65/100|[from] item: Leftovers
|upkeep
|turn|8
|
|t:|1760816265
|switch|p1a: Great Tusk|Great Tusk|100/100
|move|p2a: Ting-Lu|Earthquake|p1a: Great Tusk
|-damage|p1a: Great Tusk|75/100
|
|-weather|none
|-heal|p2a: Ting-Lu|71/100|[from] item: Leftovers
|upkeep
|turn|9
|
|t:|1760816271
|switch|p2a: Dragapult|Dragapult, F|100/100
|move|p1a: Great Tusk|Ice Spinner|p2a: Dragapult
|-supereffective|p2a: Dragapult
|-damage|p2a: Dragapult|29/100
|
|upkeep
|turn|10
|
|t:|1760816278
|-end|p1a: Great Tusk|Protosynthesis|[silent]
|switch|p1a: Corviknight|Corviknight, M|51/100
|-ability|p1a: Corviknight|Pressure
|move|p2a: Dragapult|Will-O-Wisp|p1a: Corviknight
|-status|p1a: Corviknight|brn
|
|-damage|p1a: Corviknight|45/100 brn|[from] brn
|upkeep
|turn|11
|
|t:|1760816281
|move|p2a: Dragapult|Hex|p1a: Corviknight
|-damage|p1a: Corviknight|0 fnt
|faint|p1a: Corviknight
|
|upkeep
|
|t:|1760816286
|switch|p1a: Dragapult|Dragapult, F|100/100
|-damage|p1a: Dragapult|88/100|[from] Spikes
|turn|12
|
|t:|1760816291
|switch|p2a: Ting-Lu|Ting-Lu|71/100
|-damage|p2a: Ting-Lu|65/100|[from] Stealth Rock
|-ability|p2a: Ting-Lu|Vessel of Ruin
|move|p1a: Dragapult|Shadow Ball|p2a: Ting-Lu
|-resisted|p2a: Ting-Lu
|-damage|p2a: Ting-Lu|53/100
|
|-heal|p2a: Ting-Lu|59/100|[from] item: Leftovers
|upkeep
|turn|13
|
|t:|1760816297
|switch|p1a: Great Tusk|Great Tusk|75/100
|switch|p2a: Rillaboom|Rillaboom, M|100/100
|-damage|p2a: Rillaboom|88/100|[from] Stealth Rock
|-fieldstart|move: Grassy Terrain|[from] ability: Grassy Surge|[of] p2a: Rillaboom
|
|-heal|p1a: Great Tusk|82/100|[from] Grassy Terrain
|-heal|p2a: Rillaboom|94/100|[from] Grassy Terrain
|upkeep
|turn|14
|
|t:|1760816306
|-end|p1a: Great Tusk|Protosynthesis|[silent]
|switch|p1a: Slowking|Slowking-Galar, M|100/100
|move|p2a: Rillaboom|Knock Off|p1a: Slowking
|-supereffective|p1a: Slowking
|-crit|p1a: Slowking
|-damage|p1a: Slowking|0 fnt
|-enditem|p1a: Slowking|Heavy-Duty Boots|[from] move: Knock Off|[of] p2a: Rillaboom
|faint|p1a: Slowking
|-damage|p2a: Rillaboom|84/100|[from] item: Life Orb
|
|-heal|p2a: Rillaboom|91/100|[from] Grassy Terrain
|upkeep
|
|t:|1760816318
|switch|p1a: Dragapult|Dragapult, F|88/100
|-damage|p1a: Dragapult|76/100|[from] Spikes
|turn|15
|
|t:|1760816322
|switch|p2a: Ting-Lu|Ting-Lu|59/100
|-damage|p2a: Ting-Lu|53/100|[from] Stealth Rock
|-ability|p2a: Ting-Lu|Vessel of Ruin
|move|p1a: Dragapult|Draco Meteor|p2a: Ting-Lu
|-damage|p2a: Ting-Lu|17/100
|-unboost|p1a: Dragapult|spa|2
|
|-heal|p1a: Dragapult|82/100|[from] Grassy Terrain
|-heal|p2a: Ting-Lu|23/100|[from] Grassy Terrain
|-heal|p2a: Ting-Lu|30/100|[from] item: Leftovers
|upkeep
|turn|16
|
|t:|1760816326
|switch|p1a: Great Tusk|Great Tusk|82/100
|move|p2a: Ting-Lu|Ruination|p1a: Great Tusk
|-damage|p1a: Great Tusk|41/100
|
|-heal|p1a: Great Tusk|47/100|[from] Grassy Terrain
|-heal|p2a: Ting-Lu|36/100|[from] Grassy Terrain
|-heal|p2a: Ting-Lu|42/100|[from] item: Leftovers
|upkeep
|turn|17
|
|t:|1760816332
|move|p1a: Great Tusk|Rapid Spin|p2a: Ting-Lu
|-damage|p2a: Ting-Lu|33/100
|-boost|p1a: Great Tusk|spe|1
|-sideend|p1: potatosforfree|Spikes|[from] move: Rapid Spin|[of] p1a: Great Tusk
|move|p2a: Ting-Lu|Earthquake|p1a: Great Tusk
|-damage|p1a: Great Tusk|33/100
|
|-heal|p1a: Great Tusk|40/100|[from] Grassy Terrain
|-heal|p2a: Ting-Lu|39/100|[from] Grassy Terrain
|-heal|p2a: Ting-Lu|45/100|[from] item: Leftovers
|-fieldend|move: Grassy Terrain
|upkeep
|turn|18
|
|t:|1760816336
|move|p1a: Great Tusk|Ice Spinner|p2a: Ting-Lu
|-supereffective|p2a: Ting-Lu
|-damage|p2a: Ting-Lu|14/100
|move|p2a: Ting-Lu|Whirlwind|p1a: Great Tusk
|-end|p1a: Great Tusk|Protosynthesis|[silent]
|drag|p1a: Arcanine|Arcanine-Hisui, F|100/100
|
|-heal|p2a: Ting-Lu|20/100|[from] item: Leftovers
|upkeep
|turn|19
|
|t:|1760816341
|move|p1a: Arcanine|Flare Blitz|p2a: Ting-Lu
|-damage|p2a: Ting-Lu|0 fnt
|faint|p2a: Ting-Lu
|
|upkeep
|
|t:|1760816343
|switch|p2a: Heatran|Heatran, M|94/100
|-damage|p2a: Heatran|82/100|[from] Stealth Rock
|turn|20
|
|t:|1760816345
|switch|p1a: Great Tusk|Great Tusk|40/100
|move|p2a: Heatran|Magma Storm|p1a: Great Tusk
|-damage|p1a: Great Tusk|0 fnt
|faint|p1a: Great Tusk
|-end|p1a: Great Tusk|Protosynthesis|[silent]
|
|-heal|p2a: Heatran|88/100|[from] item: Leftovers
|upkeep
|
|t:|1760816348
|switch|p1a: Arcanine|Arcanine-Hisui, F|100/100
|turn|21
|
|t:|1760816353
|switch|p2a: Dragapult|Dragapult, F|29/100
|move|p1a: Arcanine|Head Smash|p2a: Dragapult|[miss]
|-miss|p1a: Arcanine|p2a: Dragapult
|
|upkeep
|turn|22
|
|t:|1760816357
|move|p2a: Dragapult|Draco Meteor|p1a: Arcanine
|-damage|p1a: Arcanine|30/100
|-unboost|p2a: Dragapult|spa|2
|move|p1a: Arcanine|Head Smash|p2a: Dragapult
|-damage|p2a: Dragapult|0 fnt
|faint|p2a: Dragapult
|
|upkeep
|
|t:|1760816363
|switch|p2a: Rillaboom|Rillaboom, M|91/100
|-damage|p2a: Rillaboom|78/100|[from] Stealth Rock
|-fieldstart|move: Grassy Terrain|[from] ability: Grassy Surge|[of] p2a: Rillaboom
|turn|23
|
|t:|1760816367
|-terastallize|p2a: Rillaboom|Grass
|move|p2a: Rillaboom|Grassy Glide|p1a: Arcanine
|-damage|p1a: Arcanine|0 fnt
|faint|p1a: Arcanine
|-damage|p2a: Rillaboom|68/100|[from] item: Life Orb
|
|-heal|p2a: Rillaboom|74/100|[from] Grassy Terrain
|upkeep
|
|t:|1760816372
|switch|p1a: Dragapult|Dragapult, F|82/100
|turn|24
|
|t:|1760816379
|move|p1a: Dragapult|Draco Meteor|p2a: Rillaboom
|-damage|p2a: Rillaboom|0 fnt
|-unboost|p1a: Dragapult|spa|2
|faint|p2a: Rillaboom
|
|-heal|p1a: Dragapult|88/100|[from] Grassy Terrain
|upkeep
|
|t:|1760816382
|switch|p2a: Heatran|Heatran, M|88/100
|-damage|p2a: Heatran|76/100|[from] Stealth Rock
|turn|25
|
|t:|1760816385
|move|p1a: Dragapult|Draco Meteor|p2a: Heatran|[miss]
|-miss|p1a: Dragapult|p2a: Heatran
|move|p2a: Heatran|Magma Storm|p1a: Dragapult
|-resisted|p1a: Dragapult
|-damage|p1a: Dragapult|50/100
|-activate|p1a: Dragapult|move: Magma Storm|[of] p2a: Heatran
|
|-heal|p1a: Dragapult|56/100|[from] Grassy Terrain
|-heal|p2a: Heatran|82/100|[from] Grassy Terrain
|-heal|p2a: Heatran|88/100|[from] item: Leftovers
|-damage|p1a: Dragapult|44/100|[from] move: Magma Storm|[partiallytrapped]
|upkeep
|turn|26
|
|t:|1760816388
|move|p1a: Dragapult|Draco Meteor|p2a: Heatran
|-resisted|p2a: Heatran
|-damage|p2a: Heatran|67/100
|-unboost|p1a: Dragapult|spa|2
|move|p2a: Heatran|Earth Power|p1a: Dragapult
|-damage|p1a: Dragapult|1/100
|
|-heal|p1a: Dragapult|7/100|[from] Grassy Terrain
|-heal|p2a: Heatran|73/100|[from] Grassy Terrain
|-heal|p2a: Heatran|79/100|[from] item: Leftovers
|-damage|p1a: Dragapult|0 fnt|[from] move: Magma Storm|[partiallytrapped]
|faint|p1a: Dragapult
|upkeep
|
|t:|1760816392
|switch|p1a: Kingambit|Kingambit, F|100/100
|-activate|p1a: Kingambit|ability: Supreme Overlord
|-start|p1a: Kingambit|fallen5|[silent]
|turn|27
|
|t:|1760816394
|-terastallize|p1a: Kingambit|Ghost
|move|p2a: Heatran|Magma Storm|p1a: Kingambit
|-damage|p1a: Kingambit|53/100
|-activate|p1a: Kingambit|move: Magma Storm|[of] p2a: Heatran
|move|p1a: Kingambit|Swords Dance|p1a: Kingambit
|-boost|p1a: Kingambit|atk|2
|
|-heal|p2a: Heatran|85/100|[from] Grassy Terrain
|-heal|p2a: Heatran|92/100|[from] item: Leftovers
|-heal|p1a: Kingambit|59/100|[from] Grassy Terrain
|-heal|p1a: Kingambit|65/100|[from] item: Leftovers
|-damage|p1a: Kingambit|53/100|[from] move: Magma Storm|[partiallytrapped]
|-fieldend|move: Grassy Terrain
|upkeep
|turn|28
|
|t:|1760816401
|move|p1a: Kingambit|Sucker Punch||[still]
|-fail|p1a: Kingambit
|move|p2a: Heatran|Taunt|p1a: Kingambit
|-start|p1a: Kingambit|move: Taunt
|
|-heal|p2a: Heatran|98/100|[from] item: Leftovers
|-heal|p1a: Kingambit|59/100|[from] item: Leftovers
|-damage|p1a: Kingambit|47/100|[from] move: Magma Storm|[partiallytrapped]
|upkeep
|turn|29
|
|t:|1760816406
|move|p2a: Heatran|Stealth Rock|p1a: Kingambit
|-sidestart|p1: potatosforfree|move: Stealth Rock
|move|p1a: Kingambit|Kowtow Cleave|p2a: Heatran
|-damage|p2a: Heatran|0 fnt
|faint|p2a: Heatran
|
|-heal|p1a: Kingambit|53/100|[from] item: Leftovers
|-end|p1a: Kingambit|Magma Storm|[partiallytrapped]|[silent]
|upkeep
|
|t:|1760816409
|switch|p2a: Weezing|Weezing-Galar, M|100/100
|-ability|p2a: Weezing|Neutralizing Gas
|turn|30
|
|t:|1760816412
|move|p2a: Weezing|Will-O-Wisp|p1a: Kingambit|[miss]
|-miss|p2a: Weezing|p1a: Kingambit
|move|p1a: Kingambit|Iron Head|p2a: Weezing
|-supereffective|p2a: Weezing
|-damage|p2a: Weezing|0 fnt
|faint|p2a: Weezing
|-end|p2a: Weezing|ability: Neutralizing Gas
|-activate|p1a: Kingambit|ability: Supreme Overlord
|-start|p1a: Kingambit|fallen5|[silent]
|
|-heal|p1a: Kingambit|59/100|[from] item: Leftovers
|upkeep
|
|t:|1760816414
|switch|p2a: Tornadus|Tornadus-Therian, M|100/100
|-damage|p2a: Tornadus|76/100|[from] Stealth Rock
|turn|31
|
|t:|1760816418
|move|p1a: Kingambit|Sucker Punch||[still]
|-fail|p1a: Kingambit
|move|p2a: Tornadus|Nasty Plot|p2a: Tornadus
|-boost|p2a: Tornadus|spa|2
|
|-heal|p1a: Kingambit|65/100|[from] item: Leftovers
|-end|p1a: Kingambit|move: Taunt
|upkeep
|turn|32
|
|t:|1760816423
|move|p1a: Kingambit|Sucker Punch||[still]
|-fail|p1a: Kingambit
|move|p2a: Tornadus|Nasty Plot|p2a: Tornadus
|-boost|p2a: Tornadus|spa|2
|
|-heal|p1a: Kingambit|71/100|[from] item: Leftovers
|upkeep
|turn|33
|
|t:|1760816426
|move|p1a: Kingambit|Sucker Punch|p2a: Tornadus
|-damage|p2a: Tornadus|0 fnt
|faint|p2a: Tornadus
|
|win|potatosforfree
|raw|potatosforfree's rating: 1408 &rarr; <strong>1426</strong><br />(+18 for winning)
|raw|Passhie's rating: 1380 &rarr; <strong>1362</strong><br />(-18 for losing)
|l|☆Passhie
|player|p2|
