|j|☆astolfo cesar
|j|☆Igor Bigorno
|t:|1760791617
|gametype|singles
|player|p1|astolfo cesar|hilda|1132
|player|p2|Igor Bigorno|101|1158
|gen|9
|tier|[Gen 9] OU
|rated|
|rule|HP Percentage Mod: HP is shown in percentages
|rule|Endless Battle Clause: Forcing endless battles is banned
|rule|Species Clause: Limit one of each Pokémon
|rule|OHKO Clause: OHKO moves are banned
|rule|Evasion Items Clause: Evasion items are banned
|rule|Evasion Moves Clause: Evasion moves are banned
|rule|Evasion Abilities Clause: Evasion abilities are banned
|rule|Sleep Moves Clause: Sleep-inducing moves are banned
|clearpoke
|poke|p1|Tornadus-Therian, M|
|poke|p1|Weezing-Galar, M|
|poke|p1|Iron Treads|
|poke|p1|Zamazenta-*|
|poke|p1|Alomomola, F|
|poke|p1|Kyurem|
|poke|p2|Eelektross, F|
|poke|p2|Deoxys-Speed|
|poke|p2|Iron Valiant|
|poke|p2|Pecharunt|
|poke|p2|Dragonite, F|
|poke|p2|Kingambit, F|
|teampreview
|inactive|Battle timer is ON: inactive players will automatically lose when time's up. (requested by Igor Bigorno)
|
|t:|1760791650
|teamsize|p1|6
|teamsize|p2|6
|start
|switch|p1a: Fat fish|Alomomola, F|100/100
|switch|p2a: Deoxys|Deoxys-Speed|100/100
|-ability|p2a: Deoxys|Pressure
|turn|1
|
|t:|1760791661
|move|p2a: Deoxys|Light Screen|p2a: Deoxys
|-sidestart|p2: Igor Bigorno|move: Light Screen
|move|p1a: Fat fish|Flip Turn|p2a: Deoxys
|-damage|p2a: Deoxys|81/100
|
|t:|1760791670
|switch|p1a: No defog :(|Tornadus-Therian, M|100/100|[from] Flip Turn
|
|upkeep
|turn|2
|
|t:|1760791681
|move|p2a: Deoxys|Reflect|p2a: Deoxys
|-sidestart|p2: Igor Bigorno|Reflect
|move|p1a: No defog :(|Knock Off|p2a: Deoxys
|-supereffective|p2a: Deoxys
|-damage|p2a: Deoxys|58/100
|-enditem|p2a: Deoxys|Light Clay|[from] move: Knock Off|[of] p1a: No defog :(
|
|upkeep
|turn|3
|
|t:|1760791689
|switch|p2a: Eelektross|Eelektross, F|100/100
|move|p1a: No defog :(|U-turn|p2a: Eelektross
|-damage|p2a: Eelektross|92/100
|
|t:|1760791708
|switch|p1a: Kturem (No ideas)|Kyurem|100/100|[from] U-turn
|-ability|p1a: Kturem (No ideas)|Pressure
|
|-heal|p2a: Eelektross|98/100|[from] item: Leftovers
|upkeep
|turn|4
|
|t:|1760791716
|move|p1a: Kturem (No ideas)|Substitute|p1a: Kturem (No ideas)
|-start|p1a: Kturem (No ideas)|Substitute
|-damage|p1a: Kturem (No ideas)|75/100
|move|p2a: Eelektross|Coil|p2a: Eelektross
|-boost|p2a: Eelektross|atk|1
|-boost|p2a: Eelektross|def|1
|-boost|p2a: Eelektross|accuracy|1
|
|-heal|p1a: Kturem (No ideas)|82/100|[from] item: Leftovers
|-heal|p2a: Eelektross|100/100|[from] item: Leftovers
|upkeep
|turn|5
|
|t:|1760791726
|move|p1a: Kturem (No ideas)|Freeze-Dry|p2a: Eelektross
|-crit|p2a: Eelektross
|-damage|p2a: Eelektross|58/100
|move|p2a: Eelektross|Dragon Tail|p1a: Kturem (No ideas)
|-supereffective|p1a: Kturem (No ideas)
|-end|p1a: Kturem (No ideas)|Substitute
|
|-heal|p1a: Kturem (No ideas)|88/100|[from] item: Leftovers
|-heal|p2a: Eelektross|64/100|[from] item: Leftovers
|upkeep
|turn|6
|
|t:|1760791736
|move|p1a: Kturem (No ideas)|Protect|p1a: Kturem (No ideas)
|-singleturn|p1a: Kturem (No ideas)|Protect
|move|p2a: Eelektross|Drain Punch|p1a: Kturem (No ideas)
|-activate|p1a: Kturem (No ideas)|move: Protect
|
|-heal|p1a: Kturem (No ideas)|94/100|[from] item: Leftovers
|-heal|p2a: Eelektross|70/100|[from] item: Leftovers
|upkeep
|turn|7
|
|t:|1760791749
|switch|p1a: Drug user|Weezing-Galar, M|100/100
|-ability|p1a: Drug user|Neutralizing Gas
|move|p2a: Eelektross|Dragon Tail|p1a: Drug user
|-immune|p1a: Drug user
|
|-heal|p2a: Eelektross|76/100|[from] item: Leftovers
|upkeep
|turn|8
|
|t:|1760791769
|move|p2a: Eelektross|Coil|p2a: Eelektross
|-boost|p2a: Eelektross|atk|1
|-boost|p2a: Eelektross|def|1
|-boost|p2a: Eelektross|accuracy|1
|move|p1a: Drug user|Will-O-Wisp|p2a: Eelektross
|-status|p2a: Eelektross|brn
|
|-heal|p2a: Eelektross|82/100 brn|[from] item: Leftovers
|-damage|p2a: Eelektross|76/100 brn|[from] brn
|-sideend|p2: Igor Bigorno|move: Light Screen
|upkeep
|turn|9
|
|t:|1760791780
|move|p2a: Eelektross|Coil|p2a: Eelektross
|-boost|p2a: Eelektross|atk|1
|-boost|p2a: Eelektross|def|1
|-boost|p2a: Eelektross|accuracy|1
|move|p1a: Drug user|Strange Steam|p2a: Eelektross
|-damage|p2a: Eelektross|54/100 brn
|
|-heal|p2a: Eelektross|60/100 brn|[from] item: Leftovers
|-damage|p2a: Eelektross|54/100 brn|[from] brn
|-sideend|p2: Igor Bigorno|Reflect
|upkeep
|turn|10
|
|t:|1760791791
|move|p2a: Eelektross|Supercell Slam|p1a: Drug user
|-damage|p1a: Drug user|58/100
|move|p1a: Drug user|Strange Steam|p2a: Eelektross
|-crit|p2a: Eelektross
|-damage|p2a: Eelektross|18/100 brn
|
|-heal|p2a: Eelektross|24/100 brn|[from] item: Leftovers
|-damage|p2a: Eelektross|18/100 brn|[from] brn
|upkeep
|turn|11
|
|t:|1760791807
|-end|p1a: Drug user|ability: Neutralizing Gas
|switch|p1a: Fat fish|Alomomola, F|100/100
|move|p2a: Eelektross|Drain Punch|p1a: Fat fish
|-damage|p1a: Fat fish|88/100
|-heal|p2a: Eelektross|27/100 brn|[from] drain|[of] p1a: Fat fish
|-damage|p2a: Eelektross|11/100 brn|[from] item: Rocky Helmet|[of] p1a: Fat fish
|
|-heal|p2a: Eelektross|17/100 brn|[from] item: Leftovers
|-damage|p2a: Eelektross|11/100 brn|[from] brn
|upkeep
|turn|12
|
|t:|1760791820
|switch|p1a: Kturem (No ideas)|Kyurem|94/100
|-ability|p1a: Kturem (No ideas)|Pressure
|move|p2a: Eelektross|Supercell Slam|p1a: Kturem (No ideas)
|-resisted|p1a: Kturem (No ideas)
|-damage|p1a: Kturem (No ideas)|70/100
|
|-heal|p1a: Kturem (No ideas)|76/100|[from] item: Leftovers
|-heal|p2a: Eelektross|17/100 brn|[from] item: Leftovers
|-damage|p2a: Eelektross|11/100 brn|[from] brn
|upkeep
|turn|13
|
|t:|1760791835
|move|p1a: Kturem (No ideas)|Protect|p1a: Kturem (No ideas)
|-singleturn|p1a: Kturem (No ideas)|Protect
|move|p2a: Eelektross|Drain Punch|p1a: Kturem (No ideas)
|-activate|p1a: Kturem (No ideas)|move: Protect
|
|-heal|p1a: Kturem (No ideas)|83/100|[from] item: Leftovers
|-heal|p2a: Eelektross|17/100 brn|[from] item: Leftovers
|-damage|p2a: Eelektross|11/100 brn|[from] brn
|upkeep
|turn|14
|
|t:|1760791844
|switch|p1a: Fat fish|Alomomola, F|100/100
|move|p2a: Eelektross|Drain Punch|p1a: Fat fish
|-damage|p1a: Fat fish|87/100
|-heal|p2a: Eelektross|20/100 brn|[from] drain|[of] p1a: Fat fish
|-damage|p2a: Eelektross|4/100 brn|[from] item: Rocky Helmet|[of] p1a: Fat fish
|
|-heal|p2a: Eelektross|10/100 brn|[from] item: Leftovers
|-damage|p2a: Eelektross|4/100 brn|[from] brn
|upkeep
|turn|15
|
|t:|1760791857
|move|p1a: Fat fish|Protect|p1a: Fat fish
|-singleturn|p1a: Fat fish|Protect
|move|p2a: Eelektross|Supercell Slam|p1a: Fat fish
|-activate|p1a: Fat fish|move: Protect
|-damage|p2a: Eelektross|0 fnt|[from] supercellslam
|faint|p2a: Eelektross
|
|upkeep
|
|t:|1760791869
|switch|p2a: Kingambit|Kingambit, F|100/100
|-activate|p2a: Kingambit|ability: Supreme Overlord
|-start|p2a: Kingambit|fallen1|[silent]
|turn|16
|
|t:|1760791873
|move|p2a: Kingambit|Swords Dance|p2a: Kingambit
|-boost|p2a: Kingambit|atk|2
|move|p1a: Fat fish|Scald|p2a: Kingambit
|-damage|p2a: Kingambit|88/100
|-status|p2a: Kingambit|brn
|-enditem|p2a: Kingambit|Lum Berry|[eat]
|-curestatus|p2a: Kingambit|brn|[msg]
|
|upkeep
|turn|17
|
|t:|1760791883
|move|p2a: Kingambit|Kowtow Cleave|p1a: Fat fish
|-damage|p1a: Fat fish|27/100
|-damage|p2a: Kingambit|71/100|[from] item: Rocky Helmet|[of] p1a: Fat fish
|move|p1a: Fat fish|Scald|p2a: Kingambit
|-damage|p2a: Kingambit|57/100
|-status|p2a: Kingambit|brn
|
|-damage|p2a: Kingambit|51/100 brn|[from] brn
|upkeep
|turn|18
|
|t:|1760791898
|switch|p1a: Why is this fast?|Zamazenta|100/100
|-ability|p1a: Why is this fast?|Dauntless Shield|boost
|-boost|p1a: Why is this fast?|def|1
|move|p2a: Kingambit|Swords Dance|p2a: Kingambit
|-boost|p2a: Kingambit|atk|2
|
|-damage|p2a: Kingambit|45/100 brn|[from] brn
|upkeep
|turn|19
|
|t:|1760791910
|-end|p2a: Kingambit|fallen1|[silent]
|switch|p2a: Pecharunt|Pecharunt|100/100
|move|p1a: Why is this fast?|Close Combat|p2a: Pecharunt
|-immune|p2a: Pecharunt
|
|upkeep
|turn|20
|
|t:|1760791924
|switch|p1a: Drug user|Weezing-Galar, M|58/100
|-ability|p1a: Drug user|Neutralizing Gas
|move|p2a: Pecharunt|Nasty Plot|p2a: Pecharunt
|-boost|p2a: Pecharunt|spa|2
|
|upkeep
|turn|21
|
|t:|1760791934
|-end|p1a: Drug user|ability: Neutralizing Gas
|switch|p1a: Not great tusk|Iron Treads|100/100
|move|p2a: Pecharunt|Malignant Chain|p1a: Not great tusk
|-immune|p1a: Not great tusk
|
|upkeep
|turn|22
|
|t:|1760791944
|move|p1a: Not great tusk|Earthquake|p2a: Pecharunt
|-supereffective|p2a: Pecharunt
|-damage|p2a: Pecharunt|43/100
|move|p2a: Pecharunt|Shadow Ball|p1a: Not great tusk
|-damage|p1a: Not great tusk|29/100
|
|-heal|p1a: Not great tusk|35/100|[from] item: Leftovers
|upkeep
|turn|23
|
|t:|1760791955
|switch|p2a: Deoxys|Deoxys-Speed|58/100
|-ability|p2a: Deoxys|Pressure
|move|p1a: Not great tusk|Earthquake|p2a: Deoxys
|-damage|p2a: Deoxys|0 fnt
|faint|p2a: Deoxys
|
|-heal|p1a: Not great tusk|42/100|[from] item: Leftovers
|upkeep
|
|t:|1760791972
|switch|p2a: Dragonite|Dragonite, F|100/100
|turn|24
|
|t:|1760791979
|move|p1a: Not great tusk|Knock Off|p2a: Dragonite
|-damage|p2a: Dragonite|83/100
|-enditem|p2a: Dragonite|Heavy-Duty Boots|[from] move: Knock Off|[of] p1a: Not great tusk
|move|p2a: Dragonite|Dragon Dance|p2a: Dragonite
|-boost|p2a: Dragonite|atk|1
|-boost|p2a: Dragonite|spe|1
|
|-heal|p1a: Not great tusk|48/100|[from] item: Leftovers
|upkeep
|turn|25
|
|t:|1760791994
|-end|p1a: Not great tusk|Quark Drive|[silent]
|switch|p1a: Why is this fast?|Zamazenta|100/100
|move|p2a: Dragonite|Roost|p2a: Dragonite
|-heal|p2a: Dragonite|100/100
|-singleturn|p2a: Dragonite|move: Roost
|
|upkeep
|turn|26
|
|t:|1760792001
|move|p1a: Why is this fast?|Stone Edge|p2a: Dragonite|[miss]
|-miss|p1a: Why is this fast?|p2a: Dragonite
|move|p2a: Dragonite|Dragon Dance|p2a: Dragonite
|-boost|p2a: Dragonite|atk|1
|-boost|p2a: Dragonite|spe|1
|
|upkeep
|turn|27
|
|t:|1760792009
|-terastallize|p2a: Dragonite|Flying
|move|p2a: Dragonite|Tera Blast|p1a: Why is this fast?|[anim] Tera Blast Flying
|-supereffective|p1a: Why is this fast?
|-damage|p1a: Why is this fast?|0 fnt
|faint|p1a: Why is this fast?
|
|upkeep
|
|t:|1760792015
|switch|p1a: Kturem (No ideas)|Kyurem|83/100
|-ability|p1a: Kturem (No ideas)|Pressure
|turn|28
|
|t:|1760792020
|move|p1a: Kturem (No ideas)|Protect|p1a: Kturem (No ideas)
|-singleturn|p1a: Kturem (No ideas)|Protect
|move|p2a: Dragonite|Earthquake|p1a: Kturem (No ideas)
|-activate|p1a: Kturem (No ideas)|move: Protect
|
|-heal|p1a: Kturem (No ideas)|89/100|[from] item: Leftovers
|upkeep
|turn|29
|
|t:|1760792030
|move|p2a: Dragonite|Tera Blast|p1a: Kturem (No ideas)|[anim] Tera Blast Flying
|-damage|p1a: Kturem (No ideas)|0 fnt
|faint|p1a: Kturem (No ideas)
|
|upkeep
|-message|astolfo cesar forfeited.
|
|win|Igor Bigorno
|raw|astolfo cesar's rating: 1132 &rarr; <strong>1109</strong><br />(-23 for losing)
|raw|Igor Bigorno's rating: 1158 &rarr; <strong>1181</strong><br />(+23 for winning)
|l|☆astolfo cesar
|player|p1|
|l|☆Igor Bigorno
|player|p2|
