|j|☆realmathhills
|j|☆106abd
|t:|1760807375
|gametype|singles
|player|p1|realmathhills|265|1437
|player|p2|106abd|hilbert-wonderlauncher|1488
|gen|9
|tier|[Gen 9] OU
|rated|
|rule|HP Percentage Mod: HP is shown in percentages
|rule|Endless Battle Clause: Forcing endless battles is banned
|rule|Species Clause: Limit one of each Pokémon
|rule|OHKO Clause: OHKO moves are banned
|rule|Evasion Items Clause: Evasion items are banned
|rule|Evasion Moves Clause: Evasion moves are banned
|rule|Evasion Abilities Clause: Evasion abilities are banned
|rule|Sleep Moves Clause: Sleep-inducing moves are banned
|clearpoke
|poke|p1|Keldeo-Resolute|
|poke|p1|Deoxys-Speed|
|poke|p1|Corviknight, F|
|poke|p1|Ting-Lu|
|poke|p1|Gholdengo|
|poke|p1|Rillaboom, F|
|poke|p2|Whimsicott, M|
|poke|p2|Garganacl, M|
|poke|p2|Dragapult, M|
|poke|p2|Talonflame, M|
|poke|p2|Kingambit, M|
|poke|p2|Greninja-*, M|
|teampreview
|inactive|Battle timer is ON: inactive players will automatically lose when time's up. (requested by realmathhills)
|
|t:|1760807390
|teamsize|p1|6
|teamsize|p2|6
|start
|switch|p1a: Deoxys|Deoxys-Speed|100/100
|switch|p2a: Dragapult|Dragapult, M|100/100
|-ability|p1a: Deoxys|Pressure
|turn|1
|
|t:|1760807397
|move|p2a: Dragapult|Dragon Darts|p1a: Deoxys
|-damage|p1a: Deoxys|62/100
|-anim|p2a: Dragapult|Dragon Darts|p1a: Deoxys
|-damage|p1a: Deoxys|22/100
|move|p1a: Deoxys|Psycho Boost|p2a: Dragapult
|-damage|p2a: Dragapult|0 fnt
|-unboost|p1a: Deoxys|spa|2
|faint|p2a: Dragapult
|-damage|p1a: Deoxys|12/100|[from] item: Life Orb
|
|upkeep
|
|t:|1760807404
|switch|p2a: Kingambit|Kingambit, M|100/100
|-activate|p2a: Kingambit|ability: Supreme Overlord
|-start|p2a: Kingambit|fallen1|[silent]
|turn|2
|
|t:|1760807410
|switch|p1a: Keldeo|Keldeo-Resolute|100/100
|move|p2a: Kingambit|Swords Dance|p2a: Kingambit
|-boost|p2a: Kingambit|atk|2
|
|upkeep
|turn|3
|
|t:|1760807415
|-end|p2a: Kingambit|fallen1|[silent]
|switch|p2a: Whimsicott|Whimsicott, M|100/100
|move|p1a: Keldeo|Flip Turn|p2a: Whimsicott
|-resisted|p2a: Whimsicott
|-damage|p2a: Whimsicott|92/100
|
|t:|1760807434
|switch|p1a: Gholdengo|Gholdengo|100/100|[from] Flip Turn
|
|upkeep
|turn|4
|
|t:|1760807439
|switch|p2a: Kingambit|Kingambit, M|100/100
|-activate|p2a: Kingambit|ability: Supreme Overlord
|-start|p2a: Kingambit|fallen1|[silent]
|move|p1a: Gholdengo|Shadow Ball|p2a: Kingambit
|-resisted|p2a: Kingambit
|-damage|p2a: Kingambit|79/100
|
|-heal|p2a: Kingambit|86/100|[from] item: Leftovers
|upkeep
|turn|5
|
|t:|1760807443
|switch|p1a: Keldeo|Keldeo-Resolute|100/100
|move|p2a: Kingambit|Kowtow Cleave|p1a: Keldeo
|-resisted|p1a: Keldeo
|-damage|p1a: Keldeo|71/100
|-ability|p1a: Keldeo|Justified|boost
|-boost|p1a: Keldeo|atk|1
|
|-heal|p2a: Kingambit|92/100|[from] item: Leftovers
|upkeep
|turn|6
|
|t:|1760807446
|-end|p2a: Kingambit|fallen1|[silent]
|switch|p2a: Whimsicott|Whimsicott, M|92/100
|move|p1a: Keldeo|Secret Sword|p2a: Whimsicott
|-resisted|p2a: Whimsicott
|-damage|p2a: Whimsicott|49/100
|
|upkeep
|turn|7
|
|t:|1760807451
|switch|p2a: Garganacl|Garganacl, M|100/100
|switch|p1a: Gholdengo|Gholdengo|100/100
|
|upkeep
|turn|8
|
|t:|1760807459
|move|p1a: Gholdengo|Trick|p2a: Garganacl
|-activate|p1a: Gholdengo|move: Trick|[of] p2a: Garganacl
|-item|p2a: Garganacl|Choice Scarf|[from] move: Trick
|-item|p1a: Gholdengo|Leftovers|[from] move: Trick
|move|p2a: Garganacl|Salt Cure|p1a: Gholdengo
|-resisted|p1a: Gholdengo
|-damage|p1a: Gholdengo|92/100
|-start|p1a: Gholdengo|Salt Cure
|
|-heal|p1a: Gholdengo|98/100|[from] item: Leftovers
|-damage|p1a: Gholdengo|73/100|[from] Salt Cure
|upkeep
|turn|9
|
|t:|1760807465
|switch|p2a: Kingambit|Kingambit, M|92/100
|-activate|p2a: Kingambit|ability: Supreme Overlord
|-start|p2a: Kingambit|fallen1|[silent]
|move|p1a: Gholdengo|Shadow Ball|p2a: Kingambit
|-resisted|p2a: Kingambit
|-damage|p2a: Kingambit|68/100
|
|-heal|p1a: Gholdengo|79/100|[from] item: Leftovers
|-heal|p2a: Kingambit|75/100|[from] item: Leftovers
|-damage|p1a: Gholdengo|54/100|[from] Salt Cure
|upkeep
|turn|10
|
|t:|1760807473
|switch|p1a: Ting-Lu|Ting-Lu|100/100
|-ability|p1a: Ting-Lu|Vessel of Ruin
|move|p2a: Kingambit|Sucker Punch||[still]
|-fail|p2a: Kingambit
|
|-heal|p2a: Kingambit|81/100|[from] item: Leftovers
|upkeep
|turn|11
|-message|106abd forfeited.
|
|win|realmathhills
|raw|realmathhills's rating: 1437 &rarr; <strong>1460</strong><br />(+23 for winning)
|raw|106abd's rating: 1488 &rarr; <strong>1465</strong><br />(-23 for losing)
|l|☆106abd
|player|p2|
