|j|☆SprigatitoSwift
|j|☆karakel
|t:|1760887739
|gametype|singles
|player|p1|SprigatitoSwift|cheryl|1535
|player|p2|karakel|cowgirl|1458
|gen|9
|tier|[Gen 9] OU
|rated|
|rule|HP Percentage Mod: HP is shown in percentages
|rule|Endless Battle Clause: Forcing endless battles is banned
|rule|Species Clause: Limit one of each Pokémon
|rule|OHKO Clause: OHKO moves are banned
|rule|Evasion Items Clause: Evasion items are banned
|rule|Evasion Moves Clause: Evasion moves are banned
|rule|Evasion Abilities Clause: Evasion abilities are banned
|rule|Sleep Moves Clause: Sleep-inducing moves are banned
|clearpoke
|poke|p1|Torkoal, F|
|poke|p1|Cinderace, M|
|poke|p1|Scream Tail|
|poke|p1|Great Tusk|
|poke|p1|Walking Wake|
|poke|p1|Iron Moth|
|poke|p2|Lilligant-Hisui, F|
|poke|p2|Ninetales, M|
|poke|p2|Great Tusk|
|poke|p2|Walking Wake|
|poke|p2|Cresselia, F|
|poke|p2|Cinderace, F|
|teampreview
|inactive|Battle timer is ON: inactive players will automatically lose when time's up. (requested by karakel)
|inactive|SprigatitoSwift also wants the timer to be on.
|
|t:|1760887754
|teamsize|p1|6
|teamsize|p2|6
|start
|switch|p1a: Cinderace|Cinderace, M|100/100
|switch|p2a: Walking Wake|Walking Wake|100/100
|turn|1
|
|t:|1760887763
|move|p1a: Cinderace|U-turn|p2a: Walking Wake
|-start|p1a: Cinderace|typechange|Bug|[from] ability: Libero
|-damage|p2a: Walking Wake|62/100
|
|t:|1760887769
|switch|p1a: Scream Tail|Scream Tail|100/100|[from] U-turn
|move|p2a: Walking Wake|Draco Meteor|p1a: Scream Tail
|-immune|p1a: Scream Tail
|
|upkeep
|turn|2
|
|t:|1760887779
|-end|p2a: Walking Wake|Protosynthesis|[silent]
|switch|p2a: Ninetales|Ninetales, M|100/100
|-weather|SunnyDay|[from] ability: Drought|[of] p2a: Ninetales
|-activate|p1a: Scream Tail|ability: Protosynthesis
|-start|p1a: Scream Tail|protosynthesisspe
|move|p1a: Scream Tail|Calm Mind|p1a: Scream Tail
|-boost|p1a: Scream Tail|spa|1
|-boost|p1a: Scream Tail|spd|1
|
|-weather|SunnyDay|[upkeep]
|upkeep
|turn|3
|
|t:|1760887787
|move|p1a: Scream Tail|Calm Mind|p1a: Scream Tail
|-boost|p1a: Scream Tail|spa|1
|-boost|p1a: Scream Tail|spd|1
|move|p2a: Ninetales|Encore|p1a: Scream Tail
|-start|p1a: Scream Tail|Encore
|
|-weather|SunnyDay|[upkeep]
|upkeep
|turn|4
|inactive|SprigatitoSwift has 120 seconds left.
|
|t:|1760887818
|-end|p1a: Scream Tail|Protosynthesis|[silent]
|switch|p1a: Cinderace|Cinderace, M|100/100
|switch|p2a: Cinderace|Cinderace, F|100/100
|
|-weather|SunnyDay|[upkeep]
|upkeep
|turn|5
|
|t:|1760887825
|move|p2a: Cinderace|Pyro Ball|p1a: Cinderace
|-resisted|p1a: Cinderace
|-damage|p1a: Cinderace|43/100
|move|p1a: Cinderace|U-turn|p2a: Cinderace
|-start|p1a: Cinderace|typechange|Bug|[from] ability: Libero
|-resisted|p2a: Cinderace
|-crit|p2a: Cinderace
|-damage|p2a: Cinderace|61/100
|inactive|SprigatitoSwift has 120 seconds left.
|
|t:|1760887836
|switch|p1a: Walking Wake|Walking Wake|100/100|[from] U-turn
|-activate|p1a: Walking Wake|ability: Protosynthesis
|-start|p1a: Walking Wake|protosynthesisspa
|
|-weather|SunnyDay|[upkeep]
|upkeep
|turn|6
|
|t:|1760887839
|switch|p2a: Cresselia|Cresselia, F|100/100
|move|p1a: Walking Wake|Agility|p1a: Walking Wake
|-boost|p1a: Walking Wake|spe|2
|
|-weather|SunnyDay|[upkeep]
|upkeep
|turn|7
|
|t:|1760887843
|move|p1a: Walking Wake|Hydro Steam|p2a: Cresselia
|-damage|p2a: Cresselia|51/100
|-enditem|p2a: Cresselia|Eject Button
|
|t:|1760887848
|switch|p2a: Lilligant|Lilligant-Hisui, F|100/100
|
|-weather|SunnyDay|[upkeep]
|upkeep
|turn|8
|
|t:|1760887859
|move|p1a: Walking Wake|Weather Ball|p2a: Lilligant
|-supereffective|p2a: Lilligant
|-damage|p2a: Lilligant|0 fnt
|faint|p2a: Lilligant
|
|-weather|SunnyDay|[upkeep]
|upkeep
|-message|karakel forfeited.
|
|win|SprigatitoSwift
|raw|SprigatitoSwift's rating: 1535 &rarr; <strong>1551</strong><br />(+16 for winning)
|raw|karakel's rating: 1458 &rarr; <strong>1442</strong><br />(-16 for losing)
|l|☆karakel
|player|p2|
|l|☆SprigatitoSwift
|player|p1|
