|j|☆NOOBnextDOOR
|j|☆sazaloco
|t:|1760722334
|gametype|singles
|player|p1|NOOBnextDOOR|burglar|1052
|player|p2|sazaloco|lucas|1059
|gen|9
|tier|[Gen 9] OU
|rated|
|rule|HP Percentage Mod: HP is shown in percentages
|rule|Endless Battle Clause: Forcing endless battles is banned
|rule|Species Clause: Limit one of each Pokémon
|rule|OHKO Clause: OHKO moves are banned
|rule|Evasion Items Clause: Evasion items are banned
|rule|Evasion Moves Clause: Evasion moves are banned
|rule|Evasion Abilities Clause: Evasion abilities are banned
|rule|Sleep Moves Clause: Sleep-inducing moves are banned
|clearpoke
|poke|p1|Ninetales, F|
|poke|p1|Whimsicott, M|
|poke|p1|Garganacl, M|
|poke|p1|Kilowattrel, M|
|poke|p1|Tauros-Paldea-Aqua, M|
|poke|p1|Politoed, F|
|poke|p2|Garchomp, M|
|poke|p2|Dragonite, M|
|poke|p2|Kingambit, M|
|poke|p2|Gliscor, M|
|poke|p2|Gholdengo|
|poke|p2|Snorlax, M|
|teampreview
|
|t:|1760722351
|teamsize|p1|6
|teamsize|p2|6
|start
|switch|p1a: Politoed|Politoed, F|100/100
|switch|p2a: Garchomp|Garchomp, M|100/100
|-weather|RainDance|[from] ability: Drizzle|[of] p1a: Politoed
|turn|1
|inactive|Battle timer is ON: inactive players will automatically lose when time's up. (requested by sazaloco)
|
|t:|1760722396
|move|p2a: Garchomp|Stealth Rock|p1a: Politoed
|-sidestart|p1: NOOBnextDOOR|move: Stealth Rock
|move|p1a: Politoed|Hydro Pump|p2a: Garchomp
|-damage|p2a: Garchomp|54/100
|
|-weather|RainDance|[upkeep]
|upkeep
|turn|2
|
|t:|1760722408
|move|p2a: Garchomp|Scale Shot|p1a: Politoed
|-damage|p1a: Politoed|84/100
|-damage|p1a: Politoed|69/100
|-hitcount|p1a: Politoed|2
|-unboost|p2a: Garchomp|def|1
|-boost|p2a: Garchomp|spe|1
|move|p1a: Politoed|Hydro Pump|p2a: Garchomp
|-damage|p2a: Garchomp|9/100
|
|-weather|RainDance|[upkeep]
|upkeep
|turn|3
|
|t:|1760722420
|move|p2a: Garchomp|Scale Shot|p1a: Politoed
|-damage|p1a: Politoed|52/100
|-damage|p1a: Politoed|35/100
|-damage|p1a: Politoed|20/100
|-hitcount|p1a: Politoed|3
|-unboost|p2a: Garchomp|def|1
|-boost|p2a: Garchomp|spe|1
|move|p1a: Politoed|Ice Beam|p2a: Garchomp
|-supereffective|p2a: Garchomp
|-damage|p2a: Garchomp|0 fnt
|faint|p2a: Garchomp
|
|-weather|RainDance|[upkeep]
|upkeep
|
|t:|1760722434
|switch|p2a: Dragonite|Dragonite, M|100/100
|turn|4
|
|t:|1760722441
|move|p2a: Dragonite|Extreme Speed|p1a: Politoed
|-damage|p1a: Politoed|0 fnt
|faint|p1a: Politoed
|
|-weather|RainDance|[upkeep]
|upkeep
|
|t:|1760722470
|switch|p1a: Ninetales|Ninetales, F, shiny|100/100
|-damage|p1a: Ninetales|76/100|[from] Stealth Rock
|-weather|SunnyDay|[from] ability: Drought|[of] p1a: Ninetales
|turn|5
|
|t:|1760722486
|switch|p1a: Whimsicott|Whimsicott, M, shiny|100/100
|-damage|p1a: Whimsicott|88/100|[from] Stealth Rock
|move|p2a: Dragonite|Dragon Dance|p2a: Dragonite
|-boost|p2a: Dragonite|atk|1
|-boost|p2a: Dragonite|spe|1
|
|-weather|SunnyDay|[upkeep]
|-heal|p1a: Whimsicott|94/100|[from] item: Leftovers
|upkeep
|turn|6
|
|t:|1760722499
|move|p1a: Whimsicott|Growth|p1a: Whimsicott
|-boost|p1a: Whimsicott|atk|2
|-boost|p1a: Whimsicott|spa|2
|move|p2a: Dragonite|Dragon Dance|p2a: Dragonite
|-boost|p2a: Dragonite|atk|1
|-boost|p2a: Dragonite|spe|1
|
|-weather|SunnyDay|[upkeep]
|-heal|p1a: Whimsicott|100/100|[from] item: Leftovers
|upkeep
|turn|7
|
|t:|1760722512
|move|p2a: Dragonite|Extreme Speed|p1a: Whimsicott
|-damage|p1a: Whimsicott|26/100
|move|p1a: Whimsicott|Moonblast|p2a: Dragonite
|-supereffective|p2a: Dragonite
|-damage|p2a: Dragonite|22/100
|-enditem|p2a: Dragonite|Weakness Policy
|-boost|p2a: Dragonite|atk|2|[from] item: Weakness Policy
|-boost|p2a: Dragonite|spa|2|[from] item: Weakness Policy
|
|-weather|SunnyDay|[upkeep]
|-heal|p1a: Whimsicott|32/100|[from] item: Leftovers
|upkeep
|turn|8
|
|t:|1760722529
|switch|p1a: Tauros|Tauros-Paldea-Aqua, M, shiny|100/100
|-damage|p1a: Tauros|94/100|[from] Stealth Rock
|move|p2a: Dragonite|Extreme Speed|p1a: Tauros
|-damage|p1a: Tauros|0 fnt
|faint|p1a: Tauros
|
|-weather|SunnyDay|[upkeep]
|upkeep
|inactive|NOOBnextDOOR has 120 seconds left.
|
|t:|1760722539
|switch|p1a: Garganacl|Garganacl, M, shiny|100/100
|-damage|p1a: Garganacl|88/100|[from] Stealth Rock
|turn|9
|inactive|NOOBnextDOOR has 120 seconds left.
|
|t:|1760722566
|move|p2a: Dragonite|Earthquake|p1a: Garganacl
|-supereffective|p1a: Garganacl
|-damage|p1a: Garganacl|0 fnt
|faint|p1a: Garganacl
|
|-weather|SunnyDay|[upkeep]
|upkeep
|-message|NOOBnextDOOR forfeited.
|
|win|sazaloco
|raw|NOOBnextDOOR's rating: 1052 &rarr; <strong>1035</strong><br />(-17 for losing)
|raw|sazaloco's rating: 1059 &rarr; <strong>1090</strong><br />(+31 for winning)
|l|☆NOOBnextDOOR
|player|p1|
|l|☆sazaloco
|player|p2|
