|j|☆GODKUD
|j|☆Nuipir
|t:|1760806996
|gametype|singles
|player|p1|GODKUD|ghetsis|1438
|player|p2|Nuipir|2|1459
|gen|9
|tier|[Gen 9] OU
|rated|
|rule|HP Percentage Mod: HP is shown in percentages
|rule|Endless Battle Clause: Forcing endless battles is banned
|rule|Species Clause: Limit one of each Pokémon
|rule|OHKO Clause: OHKO moves are banned
|rule|Evasion Items Clause: Evasion items are banned
|rule|Evasion Moves Clause: Evasion moves are banned
|rule|Evasion Abilities Clause: Evasion abilities are banned
|rule|Sleep Moves Clause: Sleep-inducing moves are banned
|clearpoke
|poke|p1|Garchomp, M|
|poke|p1|Clefable, M|
|poke|p1|Incineroar, M|
|poke|p1|Alomomola, M|
|poke|p1|Forretress, F|
|poke|p1|Tornadus-Therian, M|
|poke|p2|Gliscor, M|
|poke|p2|Walking Wake|
|poke|p2|Slowking-Galar, M|
|poke|p2|Zamazenta-*|
|poke|p2|Ting-Lu|
|poke|p2|Kingambit, F|
|teampreview
|inactive|Battle timer is ON: inactive players will automatically lose when time's up. (requested by GODKUD)
|
|t:|1760807005
|teamsize|p1|6
|teamsize|p2|6
|start
|switch|p1a: Tornadus|Tornadus-Therian, M|100/100
|switch|p2a: Walking Wake|Walking Wake|100/100
|turn|1
|
|t:|1760807010
|-end|p2a: Walking Wake|Protosynthesis|[silent]
|switch|p2a: Slowking|Slowking-Galar, M|100/100
|move|p1a: Tornadus|U-turn|p2a: Slowking
|-damage|p2a: Slowking|86/100
|
|t:|1760807013
|switch|p1a: Incineroar|Incineroar, M|100/100|[from] U-turn
|-ability|p1a: Incineroar|Intimidate|boost
|-unboost|p2a: Slowking|atk|1
|
|upkeep
|turn|2
|
|t:|1760807017
|switch|p2a: Zamazenta|Zamazenta|100/100
|-ability|p2a: Zamazenta|Dauntless Shield|boost
|-boost|p2a: Zamazenta|def|1
|move|p1a: Incineroar|Knock Off|p2a: Zamazenta
|-resisted|p2a: Zamazenta
|-damage|p2a: Zamazenta|89/100
|-enditem|p2a: Zamazenta|Heavy-Duty Boots|[from] move: Knock Off|[of] p1a: Incineroar
|
|upkeep
|turn|3
|
|t:|1760807024
|switch|p1a: Garchomp|Garchomp, M|100/100
|move|p2a: Zamazenta|Close Combat|p1a: Garchomp
|-damage|p1a: Garchomp|62/100
|-unboost|p2a: Zamazenta|def|1
|-unboost|p2a: Zamazenta|spd|1
|-damage|p2a: Zamazenta|77/100|[from] ability: Rough Skin|[of] p1a: Garchomp
|-damage|p2a: Zamazenta|60/100|[from] item: Rocky Helmet|[of] p1a: Garchomp
|
|upkeep
|turn|4
|
|t:|1760807031
|switch|p2a: Gliscor|Gliscor, M|100/100
|switch|p1a: Alomomola|Alomomola, M|100/100
|
|-status|p2a: Gliscor|tox|[from] item: Toxic Orb
|upkeep
|turn|5
|
|t:|1760807036
|switch|p1a: Forretress|Forretress, F|100/100
|move|p2a: Gliscor|Swords Dance|p2a: Gliscor
|-boost|p2a: Gliscor|atk|2
|
|upkeep
|turn|6
|
|t:|1760807042
|move|p2a: Gliscor|Earthquake|p1a: Forretress
|-damage|p1a: Forretress|60/100
|move|p1a: Forretress|Gyro Ball|p2a: Gliscor
|-damage|p2a: Gliscor|80/100 tox
|
|-heal|p2a: Gliscor|92/100 tox|[from] ability: Poison Heal
|upkeep
|turn|7
|
|t:|1760807049
|switch|p1a: Alomomola|Alomomola, M|100/100
|move|p2a: Gliscor|Earthquake|p1a: Alomomola
|-damage|p1a: Alomomola|56/100
|
|-heal|p2a: Gliscor|100/100 tox|[from] ability: Poison Heal
|upkeep
|turn|8
|
|t:|1760807054
|move|p2a: Gliscor|Swords Dance|p2a: Gliscor
|-boost|p2a: Gliscor|atk|2
|move|p1a: Alomomola|Flip Turn|p2a: Gliscor
|-supereffective|p2a: Gliscor
|-damage|p2a: Gliscor|73/100 tox
|
|t:|1760807055
|switch|p1a: Clefable|Clefable, M|100/100|[from] Flip Turn
|
|-heal|p2a: Gliscor|86/100 tox|[from] ability: Poison Heal
|upkeep
|turn|9
|
|t:|1760807061
|move|p2a: Gliscor|Earthquake|p1a: Clefable
|-damage|p1a: Clefable|66/100
|move|p1a: Clefable|Calm Mind|p1a: Clefable
|-boost|p1a: Clefable|spa|1
|-boost|p1a: Clefable|spd|1
|
|-heal|p2a: Gliscor|98/100 tox|[from] ability: Poison Heal
|upkeep
|turn|10
|
|t:|1760807067
|switch|p2a: Ting-Lu|Ting-Lu|100/100
|-ability|p2a: Ting-Lu|Vessel of Ruin
|move|p1a: Clefable|Moonblast|p2a: Ting-Lu
|-supereffective|p2a: Ting-Lu
|-damage|p2a: Ting-Lu|60/100
|-unboost|p2a: Ting-Lu|spa|1
|
|-heal|p2a: Ting-Lu|67/100|[from] item: Leftovers
|upkeep
|turn|11
|
|t:|1760807073
|move|p1a: Clefable|Moonblast|p2a: Ting-Lu
|-supereffective|p2a: Ting-Lu
|-damage|p2a: Ting-Lu|21/100
|move|p2a: Ting-Lu|Earthquake|p1a: Clefable
|-damage|p1a: Clefable|34/100
|
|-heal|p2a: Ting-Lu|27/100|[from] item: Leftovers
|upkeep
|turn|12
|
|t:|1760807078
|switch|p2a: Slowking|Slowking-Galar, M|100/100
|move|p1a: Clefable|Moonlight|p1a: Clefable
|-heal|p1a: Clefable|84/100
|
|upkeep
|turn|13
|
|t:|1760807084
|switch|p1a: Tornadus|Tornadus-Therian, M|100/100
|-prepare|p2a: Slowking|Chilly Reception|[premajor]
|move|p2a: Slowking|Chilly Reception|p2a: Slowking
|-weather|Snowscape
|
|t:|1760807088
|switch|p2a: Ting-Lu|Ting-Lu|27/100|[from] Chilly Reception
|-ability|p2a: Ting-Lu|Vessel of Ruin
|
|-weather|Snowscape|[upkeep]
|-heal|p2a: Ting-Lu|34/100|[from] item: Leftovers
|upkeep
|turn|14
|
|t:|1760807091
|move|p1a: Tornadus|Taunt|p2a: Ting-Lu
|-start|p2a: Ting-Lu|move: Taunt
|cant|p2a: Ting-Lu|move: Taunt|Stealth Rock
|
|-weather|Snowscape|[upkeep]
|-heal|p2a: Ting-Lu|40/100|[from] item: Leftovers
|upkeep
|turn|15
|
|t:|1760807096
|move|p1a: Tornadus|Knock Off|p2a: Ting-Lu
|-resisted|p2a: Ting-Lu
|-damage|p2a: Ting-Lu|35/100
|-enditem|p2a: Ting-Lu|Leftovers|[from] move: Knock Off|[of] p1a: Tornadus
|move|p2a: Ting-Lu|Ruination|p1a: Tornadus
|-damage|p1a: Tornadus|50/100
|
|-weather|Snowscape|[upkeep]
|upkeep
|turn|16
|
|t:|1760807100
|move|p1a: Tornadus|U-turn|p2a: Ting-Lu
|-supereffective|p2a: Ting-Lu
|-damage|p2a: Ting-Lu|20/100
|
|t:|1760807111
|switch|p1a: Alomomola|Alomomola, M|90/100|[from] U-turn
|move|p2a: Ting-Lu|Ruination|p1a: Alomomola
|-damage|p1a: Alomomola|45/100
|
|-weather|Snowscape|[upkeep]
|-end|p2a: Ting-Lu|move: Taunt
|upkeep
|turn|17
|
|t:|1760807117
|move|p2a: Ting-Lu|Stealth Rock|p1a: Alomomola
|-sidestart|p1: GODKUD|move: Stealth Rock
|move|p1a: Alomomola|Flip Turn|p2a: Ting-Lu
|-supereffective|p2a: Ting-Lu
|-damage|p2a: Ting-Lu|5/100
|
|t:|1760807119
|switch|p1a: Forretress|Forretress, F|60/100|[from] Flip Turn
|-damage|p1a: Forretress|47/100|[from] Stealth Rock
|
|-weather|none
|upkeep
|turn|18
|
|t:|1760807125
|move|p2a: Ting-Lu|Ruination|p1a: Forretress
|-damage|p1a: Forretress|24/100
|move|p1a: Forretress|Rapid Spin|p2a: Ting-Lu
|-damage|p2a: Ting-Lu|0 fnt
|-boost|p1a: Forretress|spe|1
|-sideend|p1: GODKUD|Stealth Rock|[from] move: Rapid Spin|[of] p1a: Forretress
|faint|p2a: Ting-Lu
|
|upkeep
|
|t:|1760807130
|switch|p2a: Walking Wake|Walking Wake|100/100
|turn|19
|
|t:|1760807135
|switch|p1a: Clefable|Clefable, M|84/100
|move|p2a: Walking Wake|Scald|p1a: Clefable
|-damage|p1a: Clefable|52/100
|
|upkeep
|turn|20
|
|t:|1760807144
|-end|p2a: Walking Wake|Protosynthesis|[silent]
|switch|p2a: Kingambit|Kingambit, F|100/100
|-activate|p2a: Kingambit|ability: Supreme Overlord
|-start|p2a: Kingambit|fallen1|[silent]
|move|p1a: Clefable|Moonlight|p1a: Clefable
|-heal|p1a: Clefable|100/100
|
|upkeep
|turn|21
|
|t:|1760807151
|-end|p2a: Kingambit|fallen1|[silent]
|switch|p2a: Walking Wake|Walking Wake|100/100
|switch|p1a: Garchomp|Garchomp, M|62/100
|
|upkeep
|turn|22
|
|t:|1760807159
|switch|p1a: Clefable|Clefable, M|100/100
|move|p2a: Walking Wake|Draco Meteor|p1a: Clefable
|-immune|p1a: Clefable
|
|upkeep
|turn|23
|
|t:|1760807163
|move|p2a: Walking Wake|Knock Off|p1a: Clefable
|-resisted|p1a: Clefable
|-damage|p1a: Clefable|93/100
|-enditem|p1a: Clefable|Heavy-Duty Boots|[from] move: Knock Off|[of] p2a: Walking Wake
|move|p1a: Clefable|Thunder Wave|p2a: Walking Wake
|-status|p2a: Walking Wake|par
|
|upkeep
|turn|24
|
|t:|1760807170
|-end|p2a: Walking Wake|Protosynthesis|[silent]
|switch|p2a: Slowking|Slowking-Galar, M|100/100
|move|p1a: Clefable|Moonblast|p2a: Slowking
|-resisted|p2a: Slowking
|-damage|p2a: Slowking|91/100
|
|upkeep
|turn|25
|
|t:|1760807172
|move|p1a: Clefable|Thunder Wave|p2a: Slowking
|-status|p2a: Slowking|par
|move|p2a: Slowking|Future Sight|p1a: Clefable
|-start|p2a: Slowking|move: Future Sight
|
|upkeep
|turn|26
|
|t:|1760807178
|switch|p1a: Incineroar|Incineroar, M|100/100
|-ability|p1a: Incineroar|Intimidate|boost
|-unboost|p2a: Slowking|atk|1
|move|p2a: Slowking|Sludge Bomb|p1a: Incineroar
|-damage|p1a: Incineroar|79/100
|
|upkeep
|turn|27
|
|t:|1760807183
|switch|p2a: Gliscor|Gliscor, M|98/100 tox
|move|p1a: Incineroar|Knock Off|p2a: Gliscor
|-damage|p2a: Gliscor|67/100 tox
|-enditem|p2a: Gliscor|Toxic Orb|[from] move: Knock Off|[of] p1a: Incineroar
|
|-end|p1a: Incineroar|move: Future Sight
|-immune|p1a: Incineroar
|-heal|p2a: Gliscor|80/100 tox|[from] ability: Poison Heal
|upkeep
|turn|28
|
|t:|1760807189
|move|p2a: Gliscor|Swords Dance|p2a: Gliscor
|-boost|p2a: Gliscor|atk|2
|move|p1a: Incineroar|Parting Shot|p2a: Gliscor
|-unboost|p2a: Gliscor|atk|1
|-unboost|p2a: Gliscor|spa|1
|
|t:|1760807194
|switch|p1a: Clefable|Clefable, M|93/100|[from] Parting Shot
|
|-heal|p2a: Gliscor|92/100 tox|[from] ability: Poison Heal
|upkeep
|turn|29
|
|t:|1760807199
|switch|p2a: Slowking|Slowking-Galar, M|100/100 par
|move|p1a: Clefable|Moonblast|p2a: Slowking
|-resisted|p2a: Slowking
|-damage|p2a: Slowking|91/100 par
|
|upkeep
|turn|30
|
|t:|1760807204
|switch|p1a: Incineroar|Incineroar, M|79/100
|-ability|p1a: Incineroar|Intimidate|boost
|-unboost|p2a: Slowking|atk|1
|move|p2a: Slowking|Future Sight|p1a: Incineroar
|-start|p2a: Slowking|move: Future Sight
|
|upkeep
|turn|31
|
|t:|1760807210
|switch|p2a: Gliscor|Gliscor, M|92/100 tox
|move|p1a: Incineroar|Parting Shot|p2a: Gliscor
|-unboost|p2a: Gliscor|atk|1
|-unboost|p2a: Gliscor|spa|1
|
|t:|1760807219
|switch|p1a: Clefable|Clefable, M|93/100|[from] Parting Shot
|
|-heal|p2a: Gliscor|100/100 tox|[from] ability: Poison Heal
|upkeep
|turn|32
|
|t:|1760807226
|switch|p2a: Slowking|Slowking-Galar, M|100/100 par
|move|p1a: Clefable|Moonblast|p2a: Slowking
|-resisted|p2a: Slowking
|-damage|p2a: Slowking|91/100 par
|
|-end|p1a: Clefable|move: Future Sight
|-damage|p1a: Clefable|57/100
|upkeep
|turn|33
|
|t:|1760807233
|switch|p1a: Tornadus|Tornadus-Therian, M|84/100
|move|p2a: Slowking|Sludge Bomb|p1a: Tornadus
|-damage|p1a: Tornadus|52/100
|
|upkeep
|turn|34
|
|t:|1760807239
|move|p1a: Tornadus|Taunt|p2a: Slowking
|-start|p2a: Slowking|move: Taunt
|move|p2a: Slowking|Future Sight|p1a: Tornadus
|-start|p2a: Slowking|move: Future Sight
|
|upkeep
|turn|35
|
|t:|1760807244
|move|p1a: Tornadus|Knock Off|p2a: Slowking
|-supereffective|p2a: Slowking
|-damage|p2a: Slowking|50/100 par
|-enditem|p2a: Slowking|Heavy-Duty Boots|[from] move: Knock Off|[of] p1a: Tornadus
|cant|p2a: Slowking|par
|
|upkeep
|turn|36
|
|t:|1760807251
|move|p1a: Tornadus|Knock Off|p2a: Slowking
|-supereffective|p2a: Slowking
|-damage|p2a: Slowking|21/100 par
|cant|p2a: Slowking|par
|
|-end|p1a: Tornadus|move: Future Sight
|-damage|p1a: Tornadus|7/100
|-end|p2a: Slowking|move: Taunt
|upkeep
|turn|37
|
|t:|1760807258
|switch|p2a: Gliscor|Gliscor, M|100/100 tox
|move|p1a: Tornadus|U-turn|p2a: Gliscor
|-resisted|p2a: Gliscor
|-damage|p2a: Gliscor|95/100 tox
|
|t:|1760807261
|switch|p1a: Alomomola|Alomomola, M|79/100|[from] U-turn
|
|-heal|p2a: Gliscor|100/100 tox|[from] ability: Poison Heal
|upkeep
|turn|38
|
|t:|1760807265
|move|p2a: Gliscor|Swords Dance|p2a: Gliscor
|-boost|p2a: Gliscor|atk|2
|move|p1a: Alomomola|Wish|p1a: Alomomola
|
|upkeep
|turn|39
|
|t:|1760807269
|move|p2a: Gliscor|Ice Fang|p1a: Alomomola
|-resisted|p1a: Alomomola
|-damage|p1a: Alomomola|70/100
|-damage|p2a: Gliscor|84/100 tox|[from] item: Rocky Helmet|[of] p1a: Alomomola
|move|p1a: Alomomola|Flip Turn|p2a: Gliscor
|-supereffective|p2a: Gliscor
|-damage|p2a: Gliscor|58/100 tox
|
|t:|1760807280
|switch|p1a: Forretress|Forretress, F|24/100|[from] Flip Turn
|
|-heal|p1a: Forretress|99/100|[from] move: Wish|[wisher] Alomomola
|-heal|p2a: Gliscor|70/100 tox|[from] ability: Poison Heal
|upkeep
|turn|40
|
|t:|1760807286
|switch|p1a: Clefable|Clefable, M|57/100
|move|p2a: Gliscor|Earthquake|p1a: Clefable
|-damage|p1a: Clefable|24/100
|
|-heal|p2a: Gliscor|83/100 tox|[from] ability: Poison Heal
|upkeep
|turn|41
|
|t:|1760807291
|switch|p1a: Tornadus|Tornadus-Therian, M|40/100
|move|p2a: Gliscor|Earthquake|p1a: Tornadus
|-immune|p1a: Tornadus
|
|-heal|p2a: Gliscor|95/100 tox|[from] ability: Poison Heal
|upkeep
|turn|42
|
|t:|1760807294
|move|p1a: Tornadus|Bleakwind Storm|p2a: Gliscor
|-damage|p2a: Gliscor|54/100 tox
|-unboost|p2a: Gliscor|spe|1
|move|p2a: Gliscor|Ice Fang|p1a: Tornadus
|-supereffective|p1a: Tornadus
|-damage|p1a: Tornadus|0 fnt
|faint|p1a: Tornadus
|
|-heal|p2a: Gliscor|67/100 tox|[from] ability: Poison Heal
|upkeep
|
|t:|1760807302
|switch|p1a: Alomomola|Alomomola, M|100/100
|turn|43
|
|t:|1760807304
|move|p2a: Gliscor|Swords Dance|p2a: Gliscor
|-boost|p2a: Gliscor|atk|2
|move|p1a: Alomomola|Wish|p1a: Alomomola
|
|-heal|p2a: Gliscor|79/100 tox|[from] ability: Poison Heal
|upkeep
|turn|44
|
|t:|1760807308
|move|p2a: Gliscor|Earthquake|p1a: Alomomola
|-damage|p1a: Alomomola|34/100
|move|p1a: Alomomola|Flip Turn|p2a: Gliscor
|-supereffective|p2a: Gliscor
|-damage|p2a: Gliscor|52/100 tox
|
|t:|1760807310
|switch|p1a: Clefable|Clefable, M|24/100|[from] Flip Turn
|
|-heal|p1a: Clefable|91/100|[from] move: Wish|[wisher] Alomomola
|-heal|p2a: Gliscor|64/100 tox|[from] ability: Poison Heal
|upkeep
|turn|45
|
|t:|1760807316
|switch|p2a: Slowking|Slowking-Galar, M|55/100 par
|move|p1a: Clefable|Calm Mind|p1a: Clefable
|-boost|p1a: Clefable|spa|1
|-boost|p1a: Clefable|spd|1
|
|upkeep
|turn|46
|
|t:|1760807321
|switch|p1a: Garchomp|Garchomp, M|62/100
|move|p2a: Slowking|Sludge Bomb|p1a: Garchomp
|-resisted|p1a: Garchomp
|-damage|p1a: Garchomp|48/100
|-status|p1a: Garchomp|psn
|
|-damage|p1a: Garchomp|36/100 psn|[from] psn
|upkeep
|turn|47
|
|t:|1760807330
|switch|p2a: Gliscor|Gliscor, M|64/100 tox
|move|p1a: Garchomp|Stealth Rock|p2a: Gliscor
|-sidestart|p2: Nuipir|move: Stealth Rock
|
|-heal|p2a: Gliscor|77/100 tox|[from] ability: Poison Heal
|-damage|p1a: Garchomp|23/100 psn|[from] psn
|upkeep
|turn|48
|
|t:|1760807336
|switch|p1a: Alomomola|Alomomola, M|68/100
|move|p2a: Gliscor|Earthquake|p1a: Alomomola
|-damage|p1a: Alomomola|46/100
|
|-heal|p2a: Gliscor|89/100 tox|[from] ability: Poison Heal
|upkeep
|turn|49
|
|t:|1760807340
|move|p2a: Gliscor|Swords Dance|p2a: Gliscor
|-boost|p2a: Gliscor|atk|2
|move|p1a: Alomomola|Wish|p1a: Alomomola
|
|-heal|p2a: Gliscor|100/100 tox|[from] ability: Poison Heal
|upkeep
|turn|50
|
|t:|1760807345
|switch|p1a: Clefable|Clefable, M|91/100
|move|p2a: Gliscor|Earthquake|p1a: Clefable
|-damage|p1a: Clefable|54/100
|
|-heal|p1a: Clefable|100/100|[from] move: Wish|[wisher] Alomomola
|upkeep
|turn|51
|
|t:|1760807351
|switch|p2a: Slowking|Slowking-Galar, M|88/100 par
|-damage|p2a: Slowking|75/100 par|[from] Stealth Rock
|move|p1a: Clefable|Moonlight|p1a: Clefable
|-fail|p1a: Clefable|heal
|
|upkeep
|turn|52
|
|t:|1760807356
|switch|p1a: Incineroar|Incineroar, M|79/100
|-ability|p1a: Incineroar|Intimidate|boost
|-unboost|p2a: Slowking|atk|1
|cant|p2a: Slowking|par
|
|upkeep
|turn|53
|
|t:|1760807362
|switch|p2a: Gliscor|Gliscor, M|100/100 tox
|-damage|p2a: Gliscor|88/100 tox|[from] Stealth Rock
|move|p1a: Incineroar|Knock Off|p2a: Gliscor
|-damage|p2a: Gliscor|69/100 tox
|
|-heal|p2a: Gliscor|82/100 tox|[from] ability: Poison Heal
|upkeep
|turn|54
|
|t:|1760807371
|switch|p1a: Alomomola|Alomomola, M|80/100
|move|p2a: Gliscor|Earthquake|p1a: Alomomola
|-damage|p1a: Alomomola|59/100
|
|-heal|p2a: Gliscor|94/100 tox|[from] ability: Poison Heal
|upkeep
|turn|55
|
|t:|1760807377
|switch|p2a: Walking Wake|Walking Wake|100/100 par
|move|p1a: Alomomola|Flip Turn|p2a: Walking Wake
|-resisted|p2a: Walking Wake
|-damage|p2a: Walking Wake|96/100 par
|
|t:|1760807382
|switch|p1a: Clefable|Clefable, M|100/100|[from] Flip Turn
|
|upkeep
|turn|56
|
|t:|1760807387
|-end|p2a: Walking Wake|Protosynthesis|[silent]
|switch|p2a: Slowking|Slowking-Galar, M|100/100 par
|-damage|p2a: Slowking|88/100 par|[from] Stealth Rock
|switch|p1a: Forretress|Forretress, F|99/100
|
|upkeep
|turn|57
|
|t:|1760807391
|move|p1a: Forretress|Volt Switch|p2a: Slowking
|-damage|p2a: Slowking|82/100 par
|
|t:|1760807396
|switch|p1a: Alomomola|Alomomola, M|93/100|[from] Volt Switch
|cant|p2a: Slowking|par
|
|upkeep
|turn|58
|
|t:|1760807401
|move|p1a: Alomomola|Wish|p1a: Alomomola
|move|p2a: Slowking|Future Sight|p1a: Alomomola
|-start|p2a: Slowking|move: Future Sight
|
|upkeep
|turn|59
|
|t:|1760807404
|move|p1a: Alomomola|Flip Turn|p2a: Slowking
|-damage|p2a: Slowking|66/100 par
|
|t:|1760807407
|switch|p1a: Garchomp|Garchomp, M|23/100 psn|[from] Flip Turn
|-prepare|p2a: Slowking|Chilly Reception|[premajor]
|move|p2a: Slowking|Chilly Reception|p2a: Slowking
|-weather|Snowscape
|
|t:|1760807420
|switch|p2a: Zamazenta|Zamazenta|60/100|[from] Chilly Reception
|-damage|p2a: Zamazenta|54/100|[from] Stealth Rock
|
|-weather|Snowscape|[upkeep]
|-heal|p1a: Garchomp|87/100 psn|[from] move: Wish|[wisher] Alomomola
|-damage|p1a: Garchomp|75/100 psn|[from] psn
|upkeep
|turn|60
|
|t:|1760807426
|switch|p1a: Forretress|Forretress, F|99/100
|move|p2a: Zamazenta|Close Combat|p1a: Forretress
|-damage|p1a: Forretress|69/100
|-unboost|p2a: Zamazenta|def|1
|-unboost|p2a: Zamazenta|spd|1
|
|-weather|Snowscape|[upkeep]
|-end|p1a: Forretress|move: Future Sight
|-resisted|p1a: Forretress
|-damage|p1a: Forretress|47/100
|upkeep
|turn|61
|
|t:|1760807436
|switch|p1a: Alomomola|Alomomola, M|100/100
|move|p2a: Zamazenta|Close Combat|p1a: Alomomola
|-damage|p1a: Alomomola|72/100
|-unboost|p2a: Zamazenta|def|1
|-unboost|p2a: Zamazenta|spd|1
|-damage|p2a: Zamazenta|38/100|[from] item: Rocky Helmet|[of] p1a: Alomomola
|
|-weather|Snowscape|[upkeep]
|upkeep
|turn|62
|
|t:|1760807440
|switch|p2a: Walking Wake|Walking Wake|96/100 par
|move|p1a: Alomomola|Wish|p1a: Alomomola
|
|-weather|Snowscape|[upkeep]
|upkeep
|turn|63
|
|t:|1760807448
|switch|p1a: Forretress|Forretress, F|47/100
|move|p2a: Walking Wake|Knock Off|p1a: Forretress
|-damage|p1a: Forretress|38/100
|-enditem|p1a: Forretress|Assault Vest|[from] move: Knock Off|[of] p2a: Walking Wake
|
|-weather|none
|-heal|p1a: Forretress|100/100|[from] move: Wish|[wisher] Alomomola
|upkeep
|turn|64
|
|t:|1760807455
|switch|p1a: Clefable|Clefable, M|100/100
|move|p2a: Walking Wake|Scald|p1a: Clefable
|-damage|p1a: Clefable|70/100
|
|upkeep
|turn|65
|
|t:|1760807464
|switch|p1a: Incineroar|Incineroar, M|79/100
|-ability|p1a: Incineroar|Intimidate|boost
|-unboost|p2a: Walking Wake|atk|1
|move|p2a: Walking Wake|Roar|p1a: Incineroar
|drag|p1a: Forretress|Forretress, F|100/100
|
|upkeep
|turn|66
|
|t:|1760807471
|switch|p1a: Clefable|Clefable, M|70/100
|move|p2a: Walking Wake|Scald|p1a: Clefable
|-damage|p1a: Clefable|39/100
|-status|p1a: Clefable|brn
|
|-damage|p1a: Clefable|33/100 brn|[from] brn
|upkeep
|turn|67
|
|t:|1760807479
|-end|p2a: Walking Wake|Protosynthesis|[silent]
|switch|p2a: Slowking|Slowking-Galar, M|99/100 par
|-damage|p2a: Slowking|87/100 par|[from] Stealth Rock
|move|p1a: Clefable|Moonlight|p1a: Clefable
|-heal|p1a: Clefable|83/100 brn
|
|-damage|p1a: Clefable|77/100 brn|[from] brn
|upkeep
|turn|68
|
|t:|1760807484
|switch|p1a: Garchomp|Garchomp, M|75/100 psn
|move|p2a: Slowking|Future Sight|p1a: Garchomp
|-start|p2a: Slowking|move: Future Sight
|
|-damage|p1a: Garchomp|62/100 psn|[from] psn
|upkeep
|turn|69
|
|t:|1760807489
|switch|p2a: Gliscor|Gliscor, M|94/100 tox
|-damage|p2a: Gliscor|82/100 tox|[from] Stealth Rock
|move|p1a: Garchomp|Spikes|p2a: Gliscor
|-sidestart|p2: Nuipir|Spikes
|
|-heal|p2a: Gliscor|94/100 tox|[from] ability: Poison Heal
|-damage|p1a: Garchomp|50/100 psn|[from] psn
|upkeep
|turn|70
|
|t:|1760807500
|switch|p1a: Alomomola|Alomomola, M|100/100
|move|p2a: Gliscor|Swords Dance|p2a: Gliscor
|-boost|p2a: Gliscor|atk|2
|
|-end|p1a: Alomomola|move: Future Sight
|-damage|p1a: Alomomola|44/100
|-heal|p2a: Gliscor|100/100 tox|[from] ability: Poison Heal
|upkeep
|turn|71
|
|t:|1760807511
|switch|p1a: Clefable|Clefable, M|77/100 brn
|move|p2a: Gliscor|Earthquake|p1a: Clefable
|-damage|p1a: Clefable|39/100 brn
|
|-damage|p1a: Clefable|33/100 brn|[from] brn
|upkeep
|turn|72
|
|t:|1760807522
|switch|p1a: Incineroar|Incineroar, M|79/100
|-ability|p1a: Incineroar|Intimidate|boost
|-unboost|p2a: Gliscor|atk|1
|move|p2a: Gliscor|Earthquake|p1a: Incineroar
|-supereffective|p1a: Incineroar
|-damage|p1a: Incineroar|0 fnt
|faint|p1a: Incineroar
|
|upkeep
|
|t:|1760807526
|switch|p1a: Alomomola|Alomomola, M|78/100
|turn|73
|
|t:|1760807528
|move|p2a: Gliscor|Swords Dance|p2a: Gliscor
|-boost|p2a: Gliscor|atk|2
|move|p1a: Alomomola|Wish|p1a: Alomomola
|
|upkeep
|turn|74
|
|t:|1760807536
|move|p2a: Gliscor|Earthquake|p1a: Alomomola
|-damage|p1a: Alomomola|24/100
|move|p1a: Alomomola|Flip Turn|p2a: Gliscor
|-supereffective|p2a: Gliscor
|-damage|p2a: Gliscor|75/100 tox
|
|t:|1760807539
|switch|p1a: Clefable|Clefable, M|33/100 brn|[from] Flip Turn
|
|-heal|p1a: Clefable|100/100 brn|[from] move: Wish|[wisher] Alomomola
|-heal|p2a: Gliscor|87/100 tox|[from] ability: Poison Heal
|-damage|p1a: Clefable|94/100 brn|[from] brn
|upkeep
|turn|75
|
|t:|1760807544
|switch|p2a: Slowking|Slowking-Galar, M|100/100 par
|-damage|p2a: Slowking|88/100 par|[from] Stealth Rock
|-damage|p2a: Slowking|76/100 par|[from] Spikes
|move|p1a: Clefable|Moonblast|p2a: Slowking
|-resisted|p2a: Slowking
|-damage|p2a: Slowking|66/100 par
|
|-damage|p1a: Clefable|88/100 brn|[from] brn
|upkeep
|turn|76
|
|t:|1760807549
|switch|p1a: Garchomp|Garchomp, M|50/100 psn
|move|p2a: Slowking|Future Sight|p1a: Garchomp
|-start|p2a: Slowking|move: Future Sight
|
|-damage|p1a: Garchomp|37/100 psn|[from] psn
|upkeep
|turn|77
|
|t:|1760807554
|switch|p2a: Gliscor|Gliscor, M|87/100 tox
|-damage|p2a: Gliscor|75/100 tox|[from] Stealth Rock
|move|p1a: Garchomp|Spikes|p2a: Gliscor
|-sidestart|p2: Nuipir|Spikes
|
|-heal|p2a: Gliscor|87/100 tox|[from] ability: Poison Heal
|-damage|p1a: Garchomp|25/100 psn|[from] psn
|upkeep
|turn|78
|
|t:|1760807562
|move|p2a: Gliscor|Earthquake|p1a: Garchomp
|-crit|p1a: Garchomp
|-damage|p1a: Garchomp|0 fnt
|faint|p1a: Garchomp
|
|-hint|Future Sight did not hit because the target is fainted.
|-heal|p2a: Gliscor|99/100 tox|[from] ability: Poison Heal
|upkeep
|
|t:|1760807569
|switch|p1a: Clefable|Clefable, M|88/100 brn
|turn|79
|
|t:|1760807573
|switch|p2a: Kingambit|Kingambit, F|100/100
|-damage|p2a: Kingambit|94/100|[from] Stealth Rock
|-damage|p2a: Kingambit|78/100|[from] Spikes
|-activate|p2a: Kingambit|ability: Supreme Overlord
|-start|p2a: Kingambit|fallen1|[silent]
|move|p1a: Clefable|Calm Mind|p1a: Clefable
|-boost|p1a: Clefable|spa|1
|-boost|p1a: Clefable|spd|1
|
|-damage|p1a: Clefable|82/100 brn|[from] brn
|upkeep
|turn|80
|
|t:|1760807576
|switch|p1a: Forretress|Forretress, F|100/100
|move|p2a: Kingambit|Iron Head|p1a: Forretress
|-resisted|p1a: Forretress
|-damage|p1a: Forretress|86/100
|
|upkeep
|turn|81
|
|t:|1760807582
|-terastallize|p2a: Kingambit|Dark
|move|p2a: Kingambit|Swords Dance|p2a: Kingambit
|-boost|p2a: Kingambit|atk|2
|move|p1a: Forretress|Body Press|p2a: Kingambit
|-supereffective|p2a: Kingambit
|-damage|p2a: Kingambit|25/100
|
|upkeep
|turn|82
|
|t:|1760807585
|move|p2a: Kingambit|Kowtow Cleave|p1a: Forretress
|-damage|p1a: Forretress|0 fnt
|faint|p1a: Forretress
|
|upkeep
|
|t:|1760807590
|switch|p1a: Clefable|Clefable, M|82/100 brn
|turn|83
|
|t:|1760807593
|-terastallize|p1a: Clefable|Water
|move|p2a: Kingambit|Iron Head|p1a: Clefable
|-resisted|p1a: Clefable
|-damage|p1a: Clefable|59/100 brn
|cant|p1a: Clefable|flinch
|
|-damage|p1a: Clefable|53/100 brn|[from] brn
|upkeep
|turn|84
|
|t:|1760807597
|move|p2a: Kingambit|Kowtow Cleave|p1a: Clefable
|-damage|p1a: Clefable|0 fnt
|faint|p1a: Clefable
|
|upkeep
|-message|GODKUD forfeited.
|
|win|Nuipir
|raw|GODKUD's rating: 1438 &rarr; <strong>1419</strong><br />(-19 for losing)
|raw|Nuipir's rating: 1459 &rarr; <strong>1478</strong><br />(+19 for winning)
|l|☆GODKUD
|player|p1|
|l|☆Nuipir
|player|p2|
