|j|☆thejay1224
|j|‽cacao1
|t:|1760786982
|gametype|singles
|player|p1|thejay1224|2|1433
|player|p2|cacao1|169|1451
|gen|9
|tier|[Gen 9] OU
|rated|
|rule|HP Percentage Mod: HP is shown in percentages
|rule|Endless Battle Clause: Forcing endless battles is banned
|rule|Species Clause: Limit one of each Pokémon
|rule|OHKO Clause: OHKO moves are banned
|rule|Evasion Items Clause: Evasion items are banned
|rule|Evasion Moves Clause: Evasion moves are banned
|rule|Evasion Abilities Clause: Evasion abilities are banned
|rule|Sleep Moves Clause: Sleep-inducing moves are banned
|clearpoke
|poke|p1|Frosmoth, F|
|poke|p1|Cinccino, F|
|poke|p1|Incineroar, M|
|poke|p1|Weezing-Galar, F|
|poke|p1|Sinistcha|
|poke|p1|Alomomola, M|
|poke|p2|Cinderace, F|
|poke|p2|Rillaboom, F|
|poke|p2|Greninja-*, M|
|poke|p2|Meowscarada, F|
|poke|p2|Primarina, F|
|poke|p2|Infernape, F|
|teampreview
|inactive|Battle timer is ON: inactive players will automatically lose when time's up. (requested by cacao1)
|
|t:|1760787001
|teamsize|p1|6
|teamsize|p2|6
|start
|switch|p1a: Incineroar|Incineroar, M|100/100
|switch|p2a: Primarina|Primarina, F|100/100
|-ability|p1a: Incineroar|Intimidate|boost
|-unboost|p2a: Primarina|atk|1
|turn|1
|
|t:|1760787010
|switch|p1a: Frosmoth|Frosmoth, F|100/100
|move|p2a: Primarina|Surf|p1a: Frosmoth
|-damage|p1a: Frosmoth|82/100
|
|-heal|p1a: Frosmoth|88/100|[from] item: Leftovers
|upkeep
|turn|2
|
|t:|1760787017
|move|p1a: Frosmoth|Substitute|p1a: Frosmoth
|-start|p1a: Frosmoth|Substitute
|-damage|p1a: Frosmoth|63/100
|move|p2a: Primarina|Flip Turn|p1a: Frosmoth
|-activate|p1a: Frosmoth|move: Substitute|[damage]
|
|t:|1760787025
|switch|p2a: Cinderace|Cinderace, F|100/100|[from] Flip Turn
|
|-heal|p1a: Frosmoth|69/100|[from] item: Leftovers
|upkeep
|turn|3
|
|t:|1760787033
|move|p2a: Cinderace|Pyro Ball|p1a: Frosmoth
|-supereffective|p1a: Frosmoth
|-end|p1a: Frosmoth|Substitute
|move|p1a: Frosmoth|Ice Beam|p2a: Cinderace
|-resisted|p2a: Cinderace
|-damage|p2a: Cinderace|74/100
|-status|p2a: Cinderace|frz
|
|-heal|p1a: Frosmoth|75/100|[from] item: Leftovers
|upkeep
|turn|4
|
|t:|1760787044
|switch|p1a: Alomomola|Alomomola, M|100/100
|-curestatus|p2a: Cinderace|frz|[from] move: Pyro Ball
|move|p2a: Cinderace|Pyro Ball|p1a: Alomomola
|-resisted|p1a: Alomomola
|-damage|p1a: Alomomola|82/100
|
|upkeep
|turn|5
|
|t:|1760787051
|move|p2a: Cinderace|U-turn|p1a: Alomomola
|-start|p2a: Cinderace|typechange|Bug|[from] ability: Libero
|-damage|p1a: Alomomola|59/100
|-damage|p2a: Cinderace|57/100|[from] item: Rocky Helmet|[of] p1a: Alomomola
|
|t:|1760787054
|switch|p2a: Rillaboom|Rillaboom, F|100/100|[from] U-turn
|-fieldstart|move: Grassy Terrain|[from] ability: Grassy Surge|[of] p2a: Rillaboom
|move|p1a: Alomomola|Flip Turn|p2a: Rillaboom
|-resisted|p2a: Rillaboom
|-crit|p2a: Rillaboom
|-damage|p2a: Rillaboom|88/100
|
|t:|1760787059
|switch|p1a: Incineroar|Incineroar, M|100/100|[from] Flip Turn
|-ability|p1a: Incineroar|Intimidate|boost
|-unboost|p2a: Rillaboom|atk|1
|
|-heal|p2a: Rillaboom|94/100|[from] Grassy Terrain
|upkeep
|turn|6
|
|t:|1760787062
|move|p2a: Rillaboom|U-turn|p1a: Incineroar
|-damage|p1a: Incineroar|83/100
|
|t:|1760787067
|switch|p2a: Infernape|Infernape, F|100/100|[from] U-turn
|move|p1a: Incineroar|Parting Shot|p2a: Infernape
|-unboost|p2a: Infernape|atk|1
|-unboost|p2a: Infernape|spa|1
|
|t:|1760787085
|switch|p1a: Weezing|Weezing-Galar, F|100/100|[from] Parting Shot
|-ability|p1a: Weezing|Neutralizing Gas
|
|upkeep
|turn|7
|
|t:|1760787088
|move|p2a: Infernape|Fire Blast|p1a: Weezing
|-damage|p1a: Weezing|40/100
|-damage|p2a: Infernape|91/100|[from] item: Life Orb
|move|p1a: Weezing|Toxic|p2a: Infernape
|-status|p2a: Infernape|tox
|
|-heal|p2a: Infernape|97/100 tox|[from] Grassy Terrain
|-heal|p1a: Weezing|46/100|[from] Grassy Terrain
|-damage|p2a: Infernape|91/100 tox|[from] psn
|upkeep
|turn|8
|
|t:|1760787101
|-end|p1a: Weezing|ability: Neutralizing Gas
|switch|p1a: Alomomola|Alomomola, M|92/100
|move|p2a: Infernape|Nasty Plot|p2a: Infernape
|-boost|p2a: Infernape|spa|2
|
|-heal|p2a: Infernape|97/100 tox|[from] Grassy Terrain
|-heal|p1a: Alomomola|98/100|[from] Grassy Terrain
|-damage|p2a: Infernape|84/100 tox|[from] psn
|upkeep
|turn|9
|
|t:|1760787109
|move|p2a: Infernape|Focus Blast|p1a: Alomomola|[miss]
|-miss|p2a: Infernape|p1a: Alomomola
|move|p1a: Alomomola|Mirror Coat||[still]
|-fail|p1a: Alomomola
|
|-heal|p2a: Infernape|91/100 tox|[from] Grassy Terrain
|-heal|p1a: Alomomola|100/100|[from] Grassy Terrain
|-damage|p2a: Infernape|72/100 tox|[from] psn
|-fieldend|move: Grassy Terrain
|upkeep
|turn|10
|
|t:|1760787114
|move|p2a: Infernape|Focus Blast|p1a: Alomomola
|-damage|p1a: Alomomola|1/100
|-damage|p2a: Infernape|62/100 tox|[from] item: Life Orb
|move|p1a: Alomomola|Flip Turn|p2a: Infernape
|-supereffective|p2a: Infernape
|-damage|p2a: Infernape|12/100 tox
|
|t:|1760787126
|switch|p1a: Cinccino|Cinccino, F|100/100|[from] Flip Turn
|
|-damage|p2a: Infernape|0 fnt|[from] psn
|faint|p2a: Infernape
|upkeep
|
|t:|1760787140
|switch|p2a: Greninja|Greninja, M|100/100
|turn|11
|
|t:|1760787155
|move|p2a: Greninja|Dark Pulse|p1a: Cinccino
|-crit|p1a: Cinccino
|-damage|p1a: Cinccino|0 fnt
|faint|p1a: Cinccino
|-ability|p2a: Greninja|Battle Bond|boost
|-boost|p2a: Greninja|atk|1
|-boost|p2a: Greninja|spa|1
|-boost|p2a: Greninja|spe|1
|-activate|p2a: Greninja|ability: Battle Bond
|
|upkeep
|
|t:|1760787167
|switch|p1a: Frosmoth|Frosmoth, F|75/100
|turn|12
|
|t:|1760787173
|move|p2a: Greninja|Dark Pulse|p1a: Frosmoth
|-damage|p1a: Frosmoth|43/100
|move|p1a: Frosmoth|Quiver Dance|p1a: Frosmoth
|-boost|p1a: Frosmoth|spa|1
|-boost|p1a: Frosmoth|spd|1
|-boost|p1a: Frosmoth|spe|1
|
|-heal|p1a: Frosmoth|49/100|[from] item: Leftovers
|upkeep
|turn|13
|
|t:|1760787181
|move|p2a: Greninja|Dark Pulse|p1a: Frosmoth
|-damage|p1a: Frosmoth|28/100
|move|p1a: Frosmoth|Quiver Dance|p1a: Frosmoth
|-boost|p1a: Frosmoth|spa|1
|-boost|p1a: Frosmoth|spd|1
|-boost|p1a: Frosmoth|spe|1
|
|-heal|p1a: Frosmoth|34/100|[from] item: Leftovers
|upkeep
|turn|14
|
|t:|1760787194
|move|p2a: Greninja|Dark Pulse|p1a: Frosmoth
|-damage|p1a: Frosmoth|18/100
|move|p1a: Frosmoth|Quiver Dance|p1a: Frosmoth
|-boost|p1a: Frosmoth|spa|1
|-boost|p1a: Frosmoth|spd|1
|-boost|p1a: Frosmoth|spe|1
|
|-heal|p1a: Frosmoth|24/100|[from] item: Leftovers
|upkeep
|turn|15
|
|t:|1760787205
|move|p2a: Greninja|Dark Pulse|p1a: Frosmoth
|-damage|p1a: Frosmoth|12/100
|move|p1a: Frosmoth|Quiver Dance|p1a: Frosmoth
|-boost|p1a: Frosmoth|spa|1
|-boost|p1a: Frosmoth|spd|1
|-boost|p1a: Frosmoth|spe|1
|
|-heal|p1a: Frosmoth|19/100|[from] item: Leftovers
|upkeep
|turn|16
|
|t:|1760787215
|move|p2a: Greninja|Dark Pulse|p1a: Frosmoth
|-damage|p1a: Frosmoth|9/100
|move|p1a: Frosmoth|Quiver Dance|p1a: Frosmoth
|-boost|p1a: Frosmoth|spa|1
|-boost|p1a: Frosmoth|spd|1
|-boost|p1a: Frosmoth|spe|1
|
|-heal|p1a: Frosmoth|15/100|[from] item: Leftovers
|upkeep
|turn|17
|
|t:|1760787232
|switch|p2a: Cinderace|Cinderace, F|57/100
|move|p1a: Frosmoth|Ice Beam|p2a: Cinderace
|-resisted|p2a: Cinderace
|-damage|p2a: Cinderace|0 fnt
|faint|p2a: Cinderace
|
|-heal|p1a: Frosmoth|21/100|[from] item: Leftovers
|upkeep
|
|t:|1760787235
|switch|p2a: Rillaboom|Rillaboom, F|94/100
|-fieldstart|move: Grassy Terrain|[from] ability: Grassy Surge|[of] p2a: Rillaboom
|turn|18
|
|t:|1760787247
|switch|p1a: Weezing|Weezing-Galar, F|46/100
|-ability|p1a: Weezing|Neutralizing Gas
|-terastallize|p2a: Rillaboom|Grass
|move|p2a: Rillaboom|Grassy Glide|p1a: Weezing
|-resisted|p1a: Weezing
|-damage|p1a: Weezing|18/100
|
|-heal|p2a: Rillaboom|99/100|[from] Grassy Terrain
|-heal|p1a: Weezing|24/100|[from] Grassy Terrain
|upkeep
|turn|19
|
|t:|1760787260
|-end|p1a: Weezing|ability: Neutralizing Gas
|switch|p1a: Incineroar|Incineroar, M|83/100
|-ability|p1a: Incineroar|Intimidate|boost
|-unboost|p2a: Rillaboom|atk|1
|move|p2a: Rillaboom|Grassy Glide|p1a: Incineroar
|-resisted|p1a: Incineroar
|-crit|p1a: Incineroar
|-damage|p1a: Incineroar|45/100
|
|-heal|p2a: Rillaboom|100/100|[from] Grassy Terrain
|-heal|p1a: Incineroar|52/100|[from] Grassy Terrain
|upkeep
|turn|20
|
|t:|1760787267
|switch|p2a: Primarina|Primarina, F|100/100
|move|p1a: Incineroar|Will-O-Wisp|p2a: Primarina
|-status|p2a: Primarina|brn
|
|-heal|p1a: Incineroar|58/100|[from] Grassy Terrain
|-damage|p2a: Primarina|94/100 brn|[from] brn
|upkeep
|turn|21
|inactive|thejay1224 has 120 seconds left.
|
|t:|1760787298
|switch|p1a: Weezing|Weezing-Galar, F|24/100
|-ability|p1a: Weezing|Neutralizing Gas
|move|p2a: Primarina|Surf|p1a: Weezing
|-damage|p1a: Weezing|0 fnt
|faint|p1a: Weezing
|-end|p1a: Weezing|ability: Neutralizing Gas
|
|-heal|p2a: Primarina|100/100 brn|[from] Grassy Terrain
|-damage|p2a: Primarina|94/100 brn|[from] brn
|upkeep
|inactive|thejay1224 has 120 seconds left.
|
|t:|1760787305
|switch|p1a: Alomomola|Alomomola, M|35/100
|turn|22
|
|t:|1760787315
|switch|p1a: Sinistcha|Sinistcha|100/100
|move|p2a: Primarina|Energy Ball|p1a: Sinistcha
|-resisted|p1a: Sinistcha
|-damage|p1a: Sinistcha|73/100
|
|-heal|p1a: Sinistcha|79/100|[from] Grassy Terrain
|-heal|p2a: Primarina|100/100 brn|[from] Grassy Terrain
|-damage|p2a: Primarina|94/100 brn|[from] brn
|-fieldend|move: Grassy Terrain
|upkeep
|turn|23
|
|t:|1760787326
|move|p1a: Sinistcha|Matcha Gotcha|p2a: Primarina
|-supereffective|p2a: Primarina
|-damage|p2a: Primarina|56/100 brn
|-heal|p1a: Sinistcha|99/100|[from] drain|[of] p2a: Primarina
|move|p2a: Primarina|Flip Turn|p1a: Sinistcha
|-resisted|p1a: Sinistcha
|-damage|p1a: Sinistcha|97/100
|
|t:|1760787333
|switch|p2a: Greninja|Greninja, M|100/100|[from] Flip Turn
|
|upkeep
|turn|24
|
|t:|1760787349
|move|p2a: Greninja|Dark Pulse|p1a: Sinistcha
|-supereffective|p1a: Sinistcha
|-enditem|p1a: Sinistcha|Colbur Berry|[eat]
|-enditem|p1a: Sinistcha|Colbur Berry|[weaken]
|-damage|p1a: Sinistcha|38/100
|move|p1a: Sinistcha|Matcha Gotcha|p2a: Greninja
|-supereffective|p2a: Greninja
|-damage|p2a: Greninja|0 fnt
|-heal|p1a: Sinistcha|79/100|[from] drain|[of] p2a: Greninja
|faint|p2a: Greninja
|
|upkeep
|
|t:|1760787359
|switch|p2a: Meowscarada|Meowscarada, F|100/100
|turn|25
|
|t:|1760787368
|switch|p1a: Incineroar|Incineroar, M|58/100
|-ability|p1a: Incineroar|Intimidate|boost
|-unboost|p2a: Meowscarada|atk|1
|move|p2a: Meowscarada|Knock Off|p1a: Incineroar
|-start|p2a: Meowscarada|typechange|Dark|[from] ability: Protean
|-resisted|p1a: Incineroar
|-damage|p1a: Incineroar|48/100
|-enditem|p1a: Incineroar|Heavy-Duty Boots|[from] move: Knock Off|[of] p2a: Meowscarada
|
|upkeep
|turn|26
|
|t:|1760787378
|switch|p2a: Primarina|Primarina, F|56/100 brn
|move|p1a: Incineroar|Parting Shot|p2a: Primarina
|-unboost|p2a: Primarina|atk|1
|-unboost|p2a: Primarina|spa|1
|
|t:|1760787383
|switch|p1a: Alomomola|Alomomola, M|68/100|[from] Parting Shot
|
|-damage|p2a: Primarina|50/100 brn|[from] brn
|upkeep
|turn|27
|
|t:|1760787392
|move|p2a: Primarina|Moonblast|p1a: Alomomola
|-damage|p1a: Alomomola|34/100
|move|p1a: Alomomola|Wish|p1a: Alomomola
|
|-damage|p2a: Primarina|44/100 brn|[from] brn
|upkeep
|turn|28
|
|t:|1760787401
|move|p2a: Primarina|Flip Turn|p1a: Alomomola
|-resisted|p1a: Alomomola
|-damage|p1a: Alomomola|33/100
|-damage|p2a: Primarina|27/100 brn|[from] item: Rocky Helmet|[of] p1a: Alomomola
|
|t:|1760787405
|switch|p2a: Rillaboom|Rillaboom, F, tera:Grass|100/100|[from] Flip Turn
|-fieldstart|move: Grassy Terrain|[from] ability: Grassy Surge|[of] p2a: Rillaboom
|move|p1a: Alomomola|Flip Turn|p2a: Rillaboom
|-resisted|p2a: Rillaboom
|-crit|p2a: Rillaboom
|-damage|p2a: Rillaboom|88/100
|
|t:|1760787418
|switch|p1a: Frosmoth|Frosmoth, F|21/100|[from] Flip Turn
|
|-heal|p1a: Frosmoth|99/100|[from] move: Wish|[wisher] Alomomola
|-heal|p2a: Rillaboom|94/100|[from] Grassy Terrain
|-heal|p1a: Frosmoth|100/100|[from] Grassy Terrain
|upkeep
|turn|29
|
|t:|1760787427
|switch|p1a: Incineroar|Incineroar, M|48/100
|-ability|p1a: Incineroar|Intimidate|boost
|-unboost|p2a: Rillaboom|atk|1
|move|p2a: Rillaboom|Knock Off|p1a: Incineroar
|-resisted|p1a: Incineroar
|-crit|p1a: Incineroar
|-damage|p1a: Incineroar|29/100
|
|-heal|p2a: Rillaboom|100/100|[from] Grassy Terrain
|-heal|p1a: Incineroar|35/100|[from] Grassy Terrain
|upkeep
|turn|30
|
|t:|1760787442
|switch|p2a: Primarina|Primarina, F|27/100 brn
|move|p1a: Incineroar|Parting Shot|p2a: Primarina
|-unboost|p2a: Primarina|atk|1
|-unboost|p2a: Primarina|spa|1
|
|t:|1760787451
|switch|p1a: Frosmoth|Frosmoth, F|100/100|[from] Parting Shot
|
|-heal|p2a: Primarina|33/100 brn|[from] Grassy Terrain
|-damage|p2a: Primarina|27/100 brn|[from] brn
|upkeep
|turn|31
|
|t:|1760787459
|switch|p2a: Rillaboom|Rillaboom, F, tera:Grass|100/100
|move|p1a: Frosmoth|Substitute|p1a: Frosmoth
|-start|p1a: Frosmoth|Substitute
|-damage|p1a: Frosmoth|76/100
|
|-heal|p1a: Frosmoth|82/100|[from] Grassy Terrain
|-heal|p1a: Frosmoth|88/100|[from] item: Leftovers
|upkeep
|turn|32
|
|t:|1760787463
|move|p2a: Rillaboom|Wood Hammer|p1a: Frosmoth
|-resisted|p1a: Frosmoth
|-end|p1a: Frosmoth|Substitute
|-damage|p2a: Rillaboom|92/100|[from] Recoil|[of] p1a: Frosmoth
|move|p1a: Frosmoth|Ice Beam|p2a: Rillaboom
|-supereffective|p2a: Rillaboom
|-damage|p2a: Rillaboom|0 fnt
|faint|p2a: Rillaboom
|
|-heal|p1a: Frosmoth|94/100|[from] Grassy Terrain
|-heal|p1a: Frosmoth|99/100|[from] item: Leftovers
|-fieldend|move: Grassy Terrain
|upkeep
|-message|cacao1 forfeited.
|
|win|thejay1224
|raw|thejay1224's rating: 1433 &rarr; <strong>1454</strong><br />(+21 for winning)
|raw|cacao1's rating: 1451 &rarr; <strong>1430</strong><br />(-21 for losing)
|l|‽cacao1
|player|p2|
|l|☆thejay1224
|player|p1|
