|j|☆jamescordensucks
|j|☆monkeling
|t:|1760848257
|gametype|singles
|player|p1|jamescordensucks|harlequin|1464
|player|p2|monkeling|ash|1472
|gen|9
|tier|[Gen 9] OU
|rated|
|rule|HP Percentage Mod: HP is shown in percentages
|rule|Endless Battle Clause: Forcing endless battles is banned
|rule|Species Clause: Limit one of each Pokémon
|rule|OHKO Clause: OHKO moves are banned
|rule|Evasion Items Clause: Evasion items are banned
|rule|Evasion Moves Clause: Evasion moves are banned
|rule|Evasion Abilities Clause: Evasion abilities are banned
|rule|Sleep Moves Clause: Sleep-inducing moves are banned
|clearpoke
|poke|p1|Moltres|
|poke|p1|Zamazenta-*|
|poke|p1|Darkrai|
|poke|p1|Hydrapple, M|
|poke|p1|Ting-Lu|
|poke|p1|Tinkaton, F|
|poke|p2|Ting-Lu|
|poke|p2|Dondozo, M|
|poke|p2|Corviknight, M|
|poke|p2|Great Tusk|
|poke|p2|Dragonite, M|
|poke|p2|Slowking-Galar, M|
|teampreview
|inactive|Battle timer is ON: inactive players will automatically lose when time's up. (requested by monkeling)
|
|t:|1760848265
|teamsize|p1|6
|teamsize|p2|6
|start
|switch|p1a: Tinkaton|Tinkaton, F|100/100
|switch|p2a: Great Tusk|Great Tusk|100/100
|-ability|p1a: Tinkaton|Mold Breaker
|-item|p1a: Tinkaton|Air Balloon
|turn|1
|
|t:|1760848272
|switch|p1a: Hydrapple|Hydrapple, M|100/100
|-end|p2a: Great Tusk|Protosynthesis|[silent]
|switch|p2a: Slowking|Slowking-Galar, M|100/100
|
|upkeep
|turn|2
|
|t:|1760848280
|switch|p1a: Ting-Lu|Ting-Lu|100/100
|-ability|p1a: Ting-Lu|Vessel of Ruin
|move|p2a: Slowking|Future Sight|p1a: Ting-Lu
|-start|p2a: Slowking|move: Future Sight
|
|upkeep
|turn|3
|
|t:|1760848294
|switch|p2a: Corviknight|Corviknight, M|100/100
|-ability|p2a: Corviknight|Pressure
|move|p1a: Ting-Lu|Ruination|p2a: Corviknight
|-damage|p2a: Corviknight|51/100
|
|-heal|p2a: Corviknight|57/100|[from] item: Leftovers
|upkeep
|turn|4
|
|t:|1760848299
|move|p2a: Corviknight|Roost|p2a: Corviknight
|-heal|p2a: Corviknight|100/100
|-singleturn|p2a: Corviknight|move: Roost
|move|p1a: Ting-Lu|Spikes|p2a: Corviknight
|-sidestart|p2: monkeling|Spikes
|
|-end|p1a: Ting-Lu|move: Future Sight
|-immune|p1a: Ting-Lu
|upkeep
|turn|5
|
|t:|1760848302
|move|p2a: Corviknight|Defog|p1a: Ting-Lu
|-unboost|p1a: Ting-Lu|evasion|1
|-sideend|p2: monkeling|Spikes|[from] move: Defog|[of] p2a: Corviknight
|move|p1a: Ting-Lu|Ruination|p2a: Corviknight
|-damage|p2a: Corviknight|51/100
|
|-heal|p2a: Corviknight|57/100|[from] item: Leftovers
|upkeep
|turn|6
|
|t:|1760848315
|move|p2a: Corviknight|Body Press|p1a: Ting-Lu
|-supereffective|p1a: Ting-Lu
|-damage|p1a: Ting-Lu|69/100
|move|p1a: Ting-Lu|Earthquake|p2a: Corviknight
|-immune|p2a: Corviknight
|
|-heal|p2a: Corviknight|63/100|[from] item: Leftovers
|-heal|p1a: Ting-Lu|75/100|[from] item: Leftovers
|upkeep
|turn|7
|
|t:|1760848324
|move|p2a: Corviknight|Body Press|p1a: Ting-Lu
|-supereffective|p1a: Ting-Lu
|-damage|p1a: Ting-Lu|47/100
|move|p1a: Ting-Lu|Spikes|p2a: Corviknight
|-sidestart|p2: monkeling|Spikes
|
|-heal|p2a: Corviknight|69/100|[from] item: Leftovers
|-heal|p1a: Ting-Lu|53/100|[from] item: Leftovers
|upkeep
|turn|8
|
|t:|1760848329
|switch|p1a: Moltres|Moltres|100/100
|move|p2a: Corviknight|Defog|p1a: Moltres
|-unboost|p1a: Moltres|evasion|1
|-sideend|p2: monkeling|Spikes|[from] move: Defog|[of] p2a: Corviknight
|
|-heal|p2a: Corviknight|75/100|[from] item: Leftovers
|upkeep
|turn|9
|
|t:|1760848337
|switch|p2a: Slowking|Slowking-Galar, M|100/100
|move|p1a: Moltres|U-turn|p2a: Slowking
|-damage|p2a: Slowking|86/100
|
|t:|1760848340
|switch|p1a: Darkrai|Darkrai, shiny|100/100|[from] U-turn
|
|upkeep
|turn|10
|
|t:|1760848349
|move|p1a: Darkrai|Knock Off|p2a: Slowking
|-supereffective|p2a: Slowking
|-damage|p2a: Slowking|29/100
|-enditem|p2a: Slowking|Heavy-Duty Boots|[from] move: Knock Off|[of] p1a: Darkrai
|move|p2a: Slowking|Toxic|p1a: Darkrai
|-status|p1a: Darkrai|tox
|
|-damage|p1a: Darkrai|94/100 tox|[from] psn
|upkeep
|turn|11
|
|t:|1760848357
|switch|p2a: Ting-Lu|Ting-Lu|100/100
|-ability|p2a: Ting-Lu|Vessel of Ruin
|move|p1a: Darkrai|Knock Off|p2a: Ting-Lu
|-resisted|p2a: Ting-Lu
|-damage|p2a: Ting-Lu|92/100
|-enditem|p2a: Ting-Lu|Heavy-Duty Boots|[from] move: Knock Off|[of] p1a: Darkrai
|
|-damage|p1a: Darkrai|82/100 tox|[from] psn
|upkeep
|turn|12
|
|t:|1760848363
|switch|p1a: Ting-Lu|Ting-Lu|53/100
|-ability|p1a: Ting-Lu|Vessel of Ruin
|move|p2a: Ting-Lu|Spikes|p1a: Ting-Lu
|-sidestart|p1: jamescordensucks|Spikes
|
|-heal|p1a: Ting-Lu|59/100|[from] item: Leftovers
|upkeep
|turn|13
|
|t:|1760848367
|move|p1a: Ting-Lu|Spikes|p2a: Ting-Lu
|-sidestart|p2: monkeling|Spikes
|move|p2a: Ting-Lu|Earthquake|p1a: Ting-Lu
|-damage|p1a: Ting-Lu|39/100
|
|-heal|p1a: Ting-Lu|45/100|[from] item: Leftovers
|upkeep
|turn|14
|
|t:|1760848375
|switch|p2a: Corviknight|Corviknight, M|75/100
|-ability|p2a: Corviknight|Pressure
|move|p1a: Ting-Lu|Spikes|p2a: Corviknight
|-sidestart|p2: monkeling|Spikes
|
|-heal|p2a: Corviknight|81/100|[from] item: Leftovers
|-heal|p1a: Ting-Lu|51/100|[from] item: Leftovers
|upkeep
|turn|15
|
|t:|1760848382
|switch|p1a: Moltres|Moltres|100/100
|move|p2a: Corviknight|Body Press|p1a: Moltres
|-resisted|p1a: Moltres
|-damage|p1a: Moltres|92/100
|
|-heal|p2a: Corviknight|87/100|[from] item: Leftovers
|upkeep
|turn|16
|
|t:|1760848394
|switch|p2a: Slowking|Slowking-Galar, M|62/100
|-damage|p2a: Slowking|46/100|[from] Spikes
|move|p1a: Moltres|Flamethrower|p2a: Slowking
|-damage|p2a: Slowking|22/100
|
|upkeep
|turn|17
|
|t:|1760848398
|switch|p2a: Ting-Lu|Ting-Lu|92/100
|-damage|p2a: Ting-Lu|76/100|[from] Spikes
|-ability|p2a: Ting-Lu|Vessel of Ruin
|move|p1a: Moltres|Flamethrower|p2a: Ting-Lu
|-damage|p2a: Ting-Lu|59/100
|-status|p2a: Ting-Lu|brn
|
|-damage|p2a: Ting-Lu|53/100 brn|[from] brn
|upkeep
|turn|18
|
|t:|1760848404
|move|p2a: Ting-Lu|Rest|p2a: Ting-Lu
|-status|p2a: Ting-Lu|slp|[from] move: Rest
|-heal|p2a: Ting-Lu|100/100 slp|[silent]
|move|p1a: Moltres|Roar|p2a: Ting-Lu
|drag|p2a: Great Tusk|Great Tusk|100/100
|
|upkeep
|turn|19
|
|t:|1760848412
|-end|p2a: Great Tusk|Protosynthesis|[silent]
|switch|p2a: Ting-Lu|Ting-Lu|100/100 slp
|-damage|p2a: Ting-Lu|84/100 slp|[from] Spikes
|-ability|p2a: Ting-Lu|Vessel of Ruin
|move|p1a: Moltres|Flamethrower|p2a: Ting-Lu
|-damage|p2a: Ting-Lu|70/100 slp
|
|upkeep
|turn|20
|
|t:|1760848417
|move|p1a: Moltres|U-turn|p2a: Ting-Lu
|-supereffective|p2a: Ting-Lu
|-damage|p2a: Ting-Lu|55/100 slp
|
|t:|1760848423
|switch|p1a: Hydrapple|Hydrapple, M|100/100|[from] U-turn
|cant|p2a: Ting-Lu|slp
|
|upkeep
|turn|21
|
|t:|1760848429
|switch|p2a: Corviknight|Corviknight, M|87/100
|-ability|p2a: Corviknight|Pressure
|move|p1a: Hydrapple|Nasty Plot|p1a: Hydrapple
|-boost|p1a: Hydrapple|spa|2
|
|-heal|p2a: Corviknight|93/100|[from] item: Leftovers
|upkeep
|turn|22
|
|t:|1760848434
|move|p2a: Corviknight|Defog|p1a: Hydrapple
|-unboost|p1a: Hydrapple|evasion|1
|-sideend|p1: jamescordensucks|Spikes|[from] move: Defog|[of] p2a: Corviknight
|-sideend|p2: monkeling|Spikes|[from] move: Defog|[of] p2a: Corviknight
|move|p1a: Hydrapple|Nasty Plot|p1a: Hydrapple
|-boost|p1a: Hydrapple|spa|2
|
|-heal|p2a: Corviknight|99/100|[from] item: Leftovers
|upkeep
|turn|23
|
|t:|1760848440
|move|p2a: Corviknight|Brave Bird|p1a: Hydrapple
|-supereffective|p1a: Hydrapple
|-damage|p1a: Hydrapple|55/100
|-damage|p2a: Corviknight|83/100|[from] Recoil
|move|p1a: Hydrapple|Fickle Beam|p2a: Corviknight|[anim] Fickle Beam All Out
|-activate|p1a: Hydrapple|move: Fickle Beam
|-resisted|p2a: Corviknight
|-damage|p2a: Corviknight|0 fnt
|faint|p2a: Corviknight
|
|upkeep
|inactive|monkeling has 120 seconds left.
|
|t:|1760848487
|switch|p2a: Great Tusk|Great Tusk|100/100
|turn|24
|
|t:|1760848495
|switch|p1a: Moltres|Moltres|92/100
|move|p2a: Great Tusk|Body Press|p1a: Moltres
|-resisted|p1a: Moltres
|-damage|p1a: Moltres|75/100
|
|upkeep
|turn|25
|
|t:|1760848499
|move|p1a: Moltres|Flamethrower|p2a: Great Tusk
|-damage|p2a: Great Tusk|51/100
|move|p2a: Great Tusk|Stealth Rock|p1a: Moltres
|-sidestart|p1: jamescordensucks|move: Stealth Rock
|
|upkeep
|turn|26
|
|t:|1760848505
|-end|p2a: Great Tusk|Protosynthesis|[silent]
|switch|p2a: Slowking|Slowking-Galar, M|55/100
|move|p1a: Moltres|Flamethrower|p2a: Slowking
|-damage|p2a: Slowking|35/100
|
|upkeep
|turn|27
|
|t:|1760848510
|move|p1a: Moltres|U-turn|p2a: Slowking
|-crit|p2a: Slowking
|-damage|p2a: Slowking|10/100
|
|t:|1760848513
|switch|p1a: Tinkaton|Tinkaton, F|100/100|[from] U-turn
|-damage|p1a: Tinkaton|94/100|[from] Stealth Rock
|-ability|p1a: Tinkaton|Mold Breaker
|-item|p1a: Tinkaton|Air Balloon
|move|p2a: Slowking|Future Sight|p1a: Tinkaton
|-start|p2a: Slowking|move: Future Sight
|
|upkeep
|turn|28
|
|t:|1760848517
|switch|p2a: Dondozo|Dondozo, M|100/100
|move|p1a: Tinkaton|Stealth Rock|p2a: Dondozo
|-sidestart|p2: monkeling|move: Stealth Rock
|
|upkeep
|turn|29
|
|t:|1760848522
|move|p1a: Tinkaton|Thunder Wave|p2a: Dondozo
|-status|p2a: Dondozo|par
|move|p2a: Dondozo|Curse|p2a: Dondozo
|-unboost|p2a: Dondozo|spe|1
|-boost|p2a: Dondozo|atk|1
|-boost|p2a: Dondozo|def|1
|
|-end|p1a: Tinkaton|move: Future Sight
|-resisted|p1a: Tinkaton
|-damage|p1a: Tinkaton|76/100
|-enditem|p1a: Tinkaton|Air Balloon
|upkeep
|turn|30
|
|t:|1760848526
|move|p1a: Tinkaton|Encore|p2a: Dondozo
|-start|p2a: Dondozo|Encore
|cant|p2a: Dondozo|par
|
|upkeep
|turn|31
|
|t:|1760848530
|switch|p1a: Hydrapple|Hydrapple, M|88/100
|move|p2a: Dondozo|Curse|p2a: Dondozo
|-unboost|p2a: Dondozo|spe|1
|-boost|p2a: Dondozo|atk|1
|-boost|p2a: Dondozo|def|1
|
|upkeep
|turn|32
|
|t:|1760848535
|move|p1a: Hydrapple|Nasty Plot|p1a: Hydrapple
|-boost|p1a: Hydrapple|spa|2
|move|p2a: Dondozo|Curse|p2a: Dondozo
|-unboost|p2a: Dondozo|spe|1
|-boost|p2a: Dondozo|atk|1
|-boost|p2a: Dondozo|def|1
|
|-end|p2a: Dondozo|Encore
|upkeep
|turn|33
|
|t:|1760848547
|-terastallize|p2a: Dondozo|Fighting
|move|p1a: Hydrapple|Giga Drain|p2a: Dondozo
|-damage|p2a: Dondozo|68/100 par
|-heal|p1a: Hydrapple|100/100|[from] drain|[of] p2a: Dondozo
|move|p2a: Dondozo|Body Press|p1a: Hydrapple
|-damage|p1a: Hydrapple|34/100
|
|upkeep
|turn|34
|
|t:|1760848555
|move|p1a: Hydrapple|Fickle Beam|p2a: Dondozo
|-damage|p2a: Dondozo|35/100 par
|cant|p2a: Dondozo|par
|
|upkeep
|turn|35
|
|t:|1760848560
|move|p1a: Hydrapple|Fickle Beam|p2a: Dondozo
|-damage|p2a: Dondozo|3/100 par
|move|p2a: Dondozo|Rest|p2a: Dondozo
|-status|p2a: Dondozo|slp|[from] move: Rest
|-heal|p2a: Dondozo|100/100 slp|[silent]
|
|upkeep
|turn|36
|
|t:|1760848564
|move|p1a: Hydrapple|Fickle Beam|p2a: Dondozo
|-damage|p2a: Dondozo|65/100 slp
|cant|p2a: Dondozo|slp
|
|upkeep
|turn|37
|
|t:|1760848569
|move|p1a: Hydrapple|Fickle Beam|p2a: Dondozo
|-damage|p2a: Dondozo|33/100 slp
|cant|p2a: Dondozo|slp
|
|upkeep
|turn|38
|
|t:|1760848574
|move|p1a: Hydrapple|Fickle Beam|p2a: Dondozo
|-damage|p2a: Dondozo|2/100 slp
|-curestatus|p2a: Dondozo|slp|[msg]
|move|p2a: Dondozo|Body Press|p1a: Hydrapple
|-damage|p1a: Hydrapple|0 fnt
|faint|p1a: Hydrapple
|
|upkeep
|
|t:|1760848585
|switch|p1a: Tinkaton|Tinkaton, F|76/100
|-damage|p1a: Tinkaton|70/100|[from] Stealth Rock
|-ability|p1a: Tinkaton|Mold Breaker
|turn|39
|
|t:|1760848588
|move|p1a: Tinkaton|Gigaton Hammer|p2a: Dondozo
|-damage|p2a: Dondozo|0 fnt
|faint|p2a: Dondozo
|
|upkeep
|
|t:|1760848603
|switch|p2a: Slowking|Slowking-Galar, M|44/100
|-damage|p2a: Slowking|31/100|[from] Stealth Rock
|turn|40
|
|t:|1760848608
|switch|p1a: Ting-Lu|Ting-Lu|51/100
|-damage|p1a: Ting-Lu|45/100|[from] Stealth Rock
|-ability|p1a: Ting-Lu|Vessel of Ruin
|move|p2a: Slowking|Future Sight|p1a: Ting-Lu
|-start|p2a: Slowking|move: Future Sight
|
|-heal|p1a: Ting-Lu|51/100|[from] item: Leftovers
|upkeep
|turn|41
|
|t:|1760848614
|switch|p2a: Great Tusk|Great Tusk|51/100
|move|p1a: Ting-Lu|Ruination|p2a: Great Tusk
|-damage|p2a: Great Tusk|26/100
|
|-heal|p1a: Ting-Lu|57/100|[from] item: Leftovers
|upkeep
|turn|42
|
|t:|1760848624
|move|p2a: Great Tusk|Body Press|p1a: Ting-Lu
|-supereffective|p1a: Ting-Lu
|-damage|p1a: Ting-Lu|3/100
|move|p1a: Ting-Lu|Earthquake|p2a: Great Tusk
|-damage|p2a: Great Tusk|7/100
|
|-end|p1a: Ting-Lu|move: Future Sight
|-immune|p1a: Ting-Lu
|-heal|p1a: Ting-Lu|9/100|[from] item: Leftovers
|upkeep
|turn|43
|
|t:|1760848633
|switch|p1a: Zamazenta|Zamazenta|100/100
|-ability|p1a: Zamazenta|Dauntless Shield|boost
|-boost|p1a: Zamazenta|def|1
|move|p2a: Great Tusk|Rapid Spin|p1a: Zamazenta
|-damage|p1a: Zamazenta|91/100
|-boost|p2a: Great Tusk|spe|1
|-sideend|p2: monkeling|Stealth Rock|[from] move: Rapid Spin|[of] p2a: Great Tusk
|
|upkeep
|turn|44
|
|t:|1760848638
|-end|p2a: Great Tusk|Protosynthesis|[silent]
|switch|p2a: Slowking|Slowking-Galar, M|64/100
|move|p1a: Zamazenta|Ice Fang|p2a: Slowking
|-damage|p2a: Slowking|41/100
|
|upkeep
|turn|45
|
|t:|1760848641
|move|p1a: Zamazenta|Crunch|p2a: Slowking
|-supereffective|p2a: Slowking
|-damage|p2a: Slowking|0 fnt
|faint|p2a: Slowking
|
|upkeep
|
|t:|1760848644
|switch|p2a: Dragonite|Dragonite, M|100/100
|turn|46
|
|t:|1760848647
|move|p1a: Zamazenta|Ice Fang|p2a: Dragonite
|-supereffective|p2a: Dragonite
|-damage|p2a: Dragonite|63/100
|move|p2a: Dragonite|Dragon Dance|p2a: Dragonite
|-boost|p2a: Dragonite|atk|1
|-boost|p2a: Dragonite|spe|1
|
|upkeep
|turn|47
|
|t:|1760848652
|move|p1a: Zamazenta|Ice Fang|p2a: Dragonite
|-supereffective|p2a: Dragonite
|-damage|p2a: Dragonite|0 fnt
|faint|p2a: Dragonite
|
|upkeep
|
|t:|1760848660
|switch|p2a: Great Tusk|Great Tusk|7/100
|turn|48
|
|t:|1760848665
|move|p1a: Zamazenta|Ice Fang|p2a: Great Tusk
|-supereffective|p2a: Great Tusk
|-damage|p2a: Great Tusk|0 fnt
|faint|p2a: Great Tusk
|-end|p2a: Great Tusk|Protosynthesis|[silent]
|
|upkeep
|
|t:|1760848671
|switch|p2a: Ting-Lu|Ting-Lu|55/100 slp
|-ability|p2a: Ting-Lu|Vessel of Ruin
|turn|49
|
|t:|1760848673
|move|p1a: Zamazenta|Close Combat|p2a: Ting-Lu
|-supereffective|p2a: Ting-Lu
|-damage|p2a: Ting-Lu|0 fnt
|-unboost|p1a: Zamazenta|def|1
|-unboost|p1a: Zamazenta|spd|1
|faint|p2a: Ting-Lu
|
|win|jamescordensucks
|raw|jamescordensucks's rating: 1464 &rarr; <strong>1484</strong><br />(+20 for winning)
|raw|monkeling's rating: 1472 &rarr; <strong>1452</strong><br />(-20 for losing)
|l|☆monkeling
|player|p2|
|l|☆jamescordensucks
|player|p1|
