|j|☆can i get a cookie
|j|☆A King Of The Ring
|t:|1760827705
|gametype|singles
|player|p1|can i get a cookie|skyla|1735
|player|p2|A King Of The Ring|rocketexecutive-gen2|1626
|gen|9
|tier|[Gen 9] OU
|rated|
|rule|HP Percentage Mod: HP is shown in percentages
|rule|Endless Battle Clause: Forcing endless battles is banned
|rule|Species Clause: Limit one of each Pokémon
|rule|OHKO Clause: OHKO moves are banned
|rule|Evasion Items Clause: Evasion items are banned
|rule|Evasion Moves Clause: Evasion moves are banned
|rule|Evasion Abilities Clause: Evasion abilities are banned
|rule|Sleep Moves Clause: Sleep-inducing moves are banned
|clearpoke
|poke|p1|Landorus-Therian, M|
|poke|p1|Cinderace, M|
|poke|p1|Great Tusk|
|poke|p1|Clodsire, F|
|poke|p1|Armarouge, M|
|poke|p1|Bellibolt, M|
|poke|p2|Kyurem|
|poke|p2|Ursaluna, M|
|poke|p2|Darkrai|
|poke|p2|Ninetales-Alola, M|
|poke|p2|Comfey, M|
|poke|p2|Thundurus-Therian, M|
|teampreview
|inactive|Battle timer is ON: inactive players will automatically lose when time's up. (requested by can i get a cookie)
|
|t:|1760827729
|teamsize|p1|6
|teamsize|p2|6
|start
|switch|p1a: Cinderace|Cinderace, M|100/100
|switch|p2a: Darkrai|Darkrai, shiny|100/100
|turn|1
|
|t:|1760827750
|move|p2a: Darkrai|Dark Pulse|p1a: Cinderace
|-damage|p1a: Cinderace|39/100
|cant|p1a: Cinderace|flinch
|
|upkeep
|turn|2
|
|t:|1760827754
|switch|p1a: Clodsire|Clodsire, F|100/100
|move|p2a: Darkrai|Dark Pulse|p1a: Clodsire
|-damage|p1a: Clodsire|77/100
|
|-heal|p1a: Clodsire|83/100|[from] item: Leftovers
|upkeep
|turn|3
|
|t:|1760827756
|move|p2a: Darkrai|Taunt|p1a: Clodsire
|-start|p1a: Clodsire|move: Taunt
|cant|p1a: Clodsire|move: Taunt|Stealth Rock
|
|-heal|p1a: Clodsire|90/100|[from] item: Leftovers
|upkeep
|turn|4
|
|t:|1760827763
|move|p2a: Darkrai|Dark Pulse|p1a: Clodsire
|-crit|p1a: Clodsire
|-damage|p1a: Clodsire|56/100
|move|p1a: Clodsire|Earthquake|p2a: Darkrai
|-damage|p2a: Darkrai|66/100
|
|-heal|p1a: Clodsire|63/100|[from] item: Leftovers
|upkeep
|turn|5
|
|t:|1760827767
|move|p2a: Darkrai|Dark Pulse|p1a: Clodsire
|-damage|p1a: Clodsire|39/100
|move|p1a: Clodsire|Earthquake|p2a: Darkrai
|-damage|p2a: Darkrai|29/100
|
|-heal|p1a: Clodsire|45/100|[from] item: Leftovers
|-end|p1a: Clodsire|move: Taunt
|upkeep
|turn|6
|
|t:|1760827774
|move|p2a: Darkrai|Taunt|p1a: Clodsire
|-start|p1a: Clodsire|move: Taunt
|move|p1a: Clodsire|Earthquake|p2a: Darkrai
|-damage|p2a: Darkrai|0 fnt
|faint|p2a: Darkrai
|
|-heal|p1a: Clodsire|52/100|[from] item: Leftovers
|upkeep
|
|t:|1760827779
|switch|p2a: Ursaluna|Ursaluna, M, shiny|100/100
|turn|7
|
|t:|1760827782
|switch|p1a: Great Tusk|Great Tusk|100/100
|-enditem|p1a: Great Tusk|Booster Energy
|-activate|p1a: Great Tusk|ability: Protosynthesis|[fromitem]
|-start|p1a: Great Tusk|protosynthesisatk
|move|p2a: Ursaluna|Bulk Up|p2a: Ursaluna
|-boost|p2a: Ursaluna|atk|1
|-boost|p2a: Ursaluna|def|1
|
|-status|p2a: Ursaluna|brn|[from] item: Flame Orb
|upkeep
|turn|8
|
|t:|1760827786
|move|p1a: Great Tusk|Close Combat|p2a: Ursaluna
|-supereffective|p2a: Ursaluna
|-damage|p2a: Ursaluna|8/100 brn
|-unboost|p1a: Great Tusk|def|1
|-unboost|p1a: Great Tusk|spd|1
|move|p2a: Ursaluna|Facade|p1a: Great Tusk
|-damage|p1a: Great Tusk|0 fnt
|faint|p1a: Great Tusk
|-end|p1a: Great Tusk|Protosynthesis|[silent]
|
|-damage|p2a: Ursaluna|1/100 brn|[from] brn
|upkeep
|
|t:|1760827791
|switch|p1a: Landorus|Landorus-Therian, M|100/100
|-ability|p1a: Landorus|Intimidate|boost
|-unboost|p2a: Ursaluna|atk|1
|turn|9
|
|t:|1760827793
|move|p1a: Landorus|U-turn|p2a: Ursaluna
|-damage|p2a: Ursaluna|0 fnt
|faint|p2a: Ursaluna
|
|t:|1760827796
|switch|p1a: Cinderace|Cinderace, M|39/100|[from] U-turn
|
|upkeep
|
|t:|1760827801
|switch|p2a: Thundurus|Thundurus-Therian, M|100/100
|turn|10
|
|t:|1760827806
|move|p1a: Cinderace|Pyro Ball|p2a: Thundurus
|-damage|p2a: Thundurus|0 fnt
|faint|p2a: Thundurus
|
|upkeep
|
|t:|1760827810
|switch|p2a: Kyurem|Kyurem|100/100
|-ability|p2a: Kyurem|Pressure
|turn|11
|
|t:|1760827813
|-terastallize|p1a: Cinderace|Fire
|move|p1a: Cinderace|Pyro Ball|p2a: Kyurem
|-damage|p2a: Kyurem|19/100
|move|p2a: Kyurem|Earth Power|p1a: Cinderace
|-supereffective|p1a: Cinderace
|-damage|p1a: Cinderace|0 fnt
|faint|p1a: Cinderace
|
|upkeep
|
|t:|1760827820
|switch|p1a: Bellibolt|Bellibolt, M|100/100
|turn|12
|
|t:|1760827825
|move|p2a: Kyurem|Earth Power|p1a: Bellibolt
|-supereffective|p1a: Bellibolt
|-damage|p1a: Bellibolt|29/100
|-start|p1a: Bellibolt|Charge|Earth Power|[from] ability: Electromorphosis
|move|p1a: Bellibolt|Thunder Wave|p2a: Kyurem
|-status|p2a: Kyurem|par
|-end|p1a: Bellibolt|Charge|[silent]
|
|-heal|p1a: Bellibolt|35/100|[from] item: Leftovers
|upkeep
|turn|13
|j| tabata toxapex
|
|t:|1760827844
|move|p1a: Bellibolt|Thunderbolt|p2a: Kyurem
|-resisted|p2a: Kyurem
|-damage|p2a: Kyurem|0 fnt
|faint|p2a: Kyurem
|
|-heal|p1a: Bellibolt|41/100|[from] item: Leftovers
|upkeep
|j| Dhoom Again
|
|t:|1760827869
|switch|p2a: Ninetales|Ninetales-Alola, M, shiny|100/100
|-weather|Snowscape|[from] ability: Snow Warning|[of] p2a: Ninetales
|turn|14
|
|t:|1760827874
|move|p2a: Ninetales|Encore|p1a: Bellibolt
|-start|p1a: Bellibolt|Encore
|move|p1a: Bellibolt|Thunderbolt|p2a: Ninetales
|-damage|p2a: Ninetales|61/100
|
|-weather|Snowscape|[upkeep]
|-heal|p1a: Bellibolt|47/100|[from] item: Leftovers
|upkeep
|turn|15
|
|t:|1760827877
|move|p2a: Ninetales|Aurora Veil|p2a: Ninetales
|-sidestart|p2: A King Of The Ring|move: Aurora Veil
|move|p1a: Bellibolt|Thunderbolt|p2a: Ninetales
|-damage|p2a: Ninetales|41/100
|
|-weather|Snowscape|[upkeep]
|-heal|p1a: Bellibolt|54/100|[from] item: Leftovers
|upkeep
|turn|16
|
|t:|1760827881
|switch|p1a: Armarouge|Armarouge, M|100/100
|move|p2a: Ninetales|Freeze-Dry|p1a: Armarouge
|-resisted|p1a: Armarouge
|-damage|p1a: Armarouge|87/100
|
|-weather|Snowscape|[upkeep]
|upkeep
|turn|17
|
|t:|1760827885
|switch|p1a: Bellibolt|Bellibolt, M|54/100
|move|p2a: Ninetales|Freeze-Dry|p1a: Bellibolt
|-damage|p1a: Bellibolt|34/100
|-status|p1a: Bellibolt|frz
|-start|p1a: Bellibolt|Charge|Freeze-Dry|[from] ability: Electromorphosis
|
|-weather|Snowscape|[upkeep]
|-heal|p1a: Bellibolt|41/100 frz|[from] item: Leftovers
|upkeep
|turn|18
|
|t:|1760827887
|switch|p2a: Comfey|Comfey, M, shiny|100/100
|cant|p1a: Bellibolt|frz
|
|-weather|none
|-heal|p1a: Bellibolt|47/100 frz|[from] item: Leftovers
|upkeep
|turn|19
|
|t:|1760827890
|switch|p1a: Landorus|Landorus-Therian, M|100/100
|-ability|p1a: Landorus|Intimidate|boost
|-unboost|p2a: Comfey|atk|1
|move|p2a: Comfey|Calm Mind|p2a: Comfey
|-boost|p2a: Comfey|spa|1
|-boost|p2a: Comfey|spd|1
|
|upkeep
|turn|20
|
|t:|1760827893
|move|p1a: Landorus|Earthquake|p2a: Comfey
|-damage|p2a: Comfey|44/100
|move|p2a: Comfey|Calm Mind|p2a: Comfey
|-boost|p2a: Comfey|spa|1
|-boost|p2a: Comfey|spd|1
|
|upkeep
|turn|21
|
|t:|1760827896
|move|p2a: Comfey|Draining Kiss|p1a: Landorus
|-damage|p1a: Landorus|51/100
|-heal|p2a: Comfey|95/100|[from] drain|[of] p1a: Landorus
|move|p1a: Landorus|Earthquake|p2a: Comfey
|-damage|p2a: Comfey|45/100
|
|upkeep
|turn|22
|
|t:|1760827899
|move|p2a: Comfey|Draining Kiss|p1a: Landorus
|-damage|p1a: Landorus|0 fnt
|-heal|p2a: Comfey|96/100|[from] drain|[of] p1a: Landorus
|faint|p1a: Landorus
|
|-sideend|p2: A King Of The Ring|move: Aurora Veil
|upkeep
|
|t:|1760827903
|switch|p1a: Clodsire|Clodsire, F|52/100
|turn|23
|
|t:|1760827907
|move|p2a: Comfey|Stored Power|p1a: Clodsire
|-supereffective|p1a: Clodsire
|-damage|p1a: Clodsire|0 fnt
|faint|p1a: Clodsire
|
|upkeep
|
|t:|1760827910
|switch|p1a: Armarouge|Armarouge, M|87/100
|turn|24
|
|t:|1760827913
|-terastallize|p2a: Comfey|Ground
|move|p1a: Armarouge|Armor Cannon|p2a: Comfey
|-damage|p2a: Comfey|58/100
|-unboost|p1a: Armarouge|def|1
|-unboost|p1a: Armarouge|spd|1
|move|p2a: Comfey|Tera Blast|p1a: Armarouge|[anim] Tera Blast Ground
|-supereffective|p1a: Armarouge
|-damage|p1a: Armarouge|0 fnt
|faint|p1a: Armarouge
|
|upkeep
|-message|can i get a cookie forfeited.
|
|win|A King Of The Ring
|raw|can i get a cookie's rating: 1735 &rarr; <strong>1709</strong><br />(-26 for losing)
|raw|A King Of The Ring's rating: 1626 &rarr; <strong>1652</strong><br />(+26 for winning)
|l|☆can i get a cookie
|player|p1|
|l|☆A King Of The Ring
|player|p2|
|l| Dhoom Again
