|j|☆kingkong427
|j|☆Megumin's Husband
|t:|1760807463
|gametype|singles
|player|p1|kingkong427|ethan|1773
|player|p2|Megumin's Husband|alder|1708
|gen|9
|tier|[Gen 9] OU
|rated|
|rule|HP Percentage Mod: HP is shown in percentages
|rule|Endless Battle Clause: Forcing endless battles is banned
|rule|Species Clause: Limit one of each Pokémon
|rule|OHKO Clause: OHKO moves are banned
|rule|Evasion Items Clause: Evasion items are banned
|rule|Evasion Moves Clause: Evasion moves are banned
|rule|Evasion Abilities Clause: Evasion abilities are banned
|rule|Sleep Moves Clause: Sleep-inducing moves are banned
|clearpoke
|poke|p1|Ting-Lu|
|poke|p1|Sinistcha|
|poke|p1|Garganacl, F|
|poke|p1|Moltres|
|poke|p1|Okidogi, M|
|poke|p1|Dragonite, M|
|poke|p2|Pecharunt|
|poke|p2|Primarina, F|
|poke|p2|Heatran, F|
|poke|p2|Great Tusk|
|poke|p2|Weavile, F|
|poke|p2|Ogerpon, F|
|teampreview
|inactive|Battle timer is ON: inactive players will automatically lose when time's up. (requested by Megumin's Husband)
|
|t:|1760807485
|teamsize|p1|6
|teamsize|p2|6
|start
|switch|p1a: Okidogi|Okidogi, M|100/100
|switch|p2a: Yamawaro|Ogerpon, F|100/100
|turn|1
|
|t:|1760807491
|move|p2a: Yamawaro|U-turn|p1a: Okidogi
|-resisted|p1a: Okidogi
|-damage|p1a: Okidogi|93/100
|
|t:|1760807493
|switch|p2a: Pecharunt|Pecharunt|100/100|[from] U-turn
|move|p1a: Okidogi|Knock Off|p2a: Pecharunt
|-supereffective|p2a: Pecharunt
|-damage|p2a: Pecharunt|77/100
|-damage|p1a: Okidogi|77/100|[from] item: Rocky Helmet|[of] p2a: Pecharunt
|-enditem|p2a: Pecharunt|Rocky Helmet|[from] move: Knock Off|[of] p1a: Okidogi
|
|-heal|p1a: Okidogi|83/100|[from] item: Leftovers
|upkeep
|turn|2
|
|t:|1760807503
|move|p1a: Okidogi|Bulk Up|p1a: Okidogi
|-boost|p1a: Okidogi|atk|1
|-boost|p1a: Okidogi|def|1
|move|p2a: Pecharunt|Parting Shot|p1a: Okidogi
|-unboost|p1a: Okidogi|atk|1
|-unboost|p1a: Okidogi|spa|1
|
|t:|1760807505
|switch|p2a: Nacho|Great Tusk|100/100|[from] Parting Shot
|
|-heal|p1a: Okidogi|89/100|[from] item: Leftovers
|upkeep
|turn|3
|
|t:|1760807511
|move|p2a: Nacho|Knock Off|p1a: Okidogi
|-resisted|p1a: Okidogi
|-damage|p1a: Okidogi|79/100
|-enditem|p1a: Okidogi|Leftovers|[from] move: Knock Off|[of] p2a: Nacho
|move|p1a: Okidogi|Poison Jab|p2a: Nacho
|-resisted|p2a: Nacho
|-damage|p2a: Nacho|89/100
|-status|p2a: Nacho|psn
|
|-damage|p2a: Nacho|76/100 psn|[from] psn
|upkeep
|turn|4
|
|t:|1760807520
|-end|p2a: Nacho|Protosynthesis|[silent]
|switch|p2a: Pecharunt|Pecharunt|77/100
|switch|p1a: Ting-Lu|Ting-Lu|100/100
|-ability|p1a: Ting-Lu|Vessel of Ruin
|
|upkeep
|turn|5
|
|t:|1760807524
|move|p2a: Pecharunt|Malignant Chain|p1a: Ting-Lu
|-resisted|p1a: Ting-Lu
|-damage|p1a: Ting-Lu|93/100
|-status|p1a: Ting-Lu|tox
|-start|p1a: Ting-Lu|confusion|[from] ability: Poison Puppeteer|[of] p2a: Pecharunt
|-activate|p1a: Ting-Lu|confusion
|move|p1a: Ting-Lu|Spikes|p2a: Pecharunt
|-sidestart|p2: Megumin's Husband|Spikes
|
|-heal|p1a: Ting-Lu|99/100 tox|[from] item: Leftovers
|-damage|p1a: Ting-Lu|93/100 tox|[from] psn
|upkeep
|turn|6
|
|t:|1760807527
|move|p2a: Pecharunt|Parting Shot|p1a: Ting-Lu
|-unboost|p1a: Ting-Lu|atk|1
|-unboost|p1a: Ting-Lu|spa|1
|
|t:|1760807529
|switch|p2a: Nacho|Great Tusk|76/100 psn|[from] Parting Shot
|-end|p1a: Ting-Lu|confusion
|move|p1a: Ting-Lu|Spikes|p2a: Nacho
|-sidestart|p2: Megumin's Husband|Spikes
|
|-heal|p1a: Ting-Lu|99/100 tox|[from] item: Leftovers
|-damage|p2a: Nacho|64/100 psn|[from] psn
|-damage|p1a: Ting-Lu|87/100 tox|[from] psn
|upkeep
|turn|7
|
|t:|1760807535
|switch|p1a: Sinistcha|Sinistcha|100/100
|move|p2a: Nacho|Knock Off|p1a: Sinistcha
|-supereffective|p1a: Sinistcha
|-damage|p1a: Sinistcha|55/100
|-enditem|p1a: Sinistcha|Heavy-Duty Boots|[from] move: Knock Off|[of] p2a: Nacho
|
|-damage|p2a: Nacho|51/100 psn|[from] psn
|upkeep
|turn|8
|
|t:|1760807552
|-end|p2a: Nacho|Protosynthesis|[silent]
|switch|p2a: Dolores|Heatran, F, shiny|100/100
|-item|p2a: Dolores|Air Balloon
|move|p1a: Sinistcha|Strength Sap|p2a: Dolores
|-unboost|p2a: Dolores|atk|1
|-heal|p1a: Sinistcha|100/100
|
|upkeep
|turn|9
|
|t:|1760807566
|switch|p1a: Ting-Lu|Ting-Lu|87/100 tox
|-ability|p1a: Ting-Lu|Vessel of Ruin
|move|p2a: Dolores|Stealth Rock|p1a: Ting-Lu
|-sidestart|p1: kingkong427|move: Stealth Rock
|
|-heal|p1a: Ting-Lu|93/100 tox|[from] item: Leftovers
|-damage|p1a: Ting-Lu|87/100 tox|[from] psn
|upkeep
|turn|10
|
|t:|1760807578
|switch|p2a: Yamawaro|Ogerpon, F|100/100
|-damage|p2a: Yamawaro|84/100|[from] Spikes
|move|p1a: Ting-Lu|Ruination|p2a: Yamawaro
|-damage|p2a: Yamawaro|42/100
|
|-heal|p1a: Ting-Lu|93/100 tox|[from] item: Leftovers
|-damage|p1a: Ting-Lu|81/100 tox|[from] psn
|upkeep
|turn|11
|
|t:|1760807606
|switch|p1a: Moltres|Moltres|100/100
|move|p2a: Yamawaro|Spikes|p1a: Moltres
|-sidestart|p1: kingkong427|Spikes
|
|upkeep
|turn|12
|
|t:|1760807611
|switch|p2a: Dolores|Heatran, F, shiny|100/100
|-item|p2a: Dolores|Air Balloon
|move|p1a: Moltres|Roar|p2a: Dolores
|drag|p2a: Chomusuke|Weavile, F|100/100
|-damage|p2a: Chomusuke|84/100|[from] Spikes
|-ability|p2a: Chomusuke|Pressure
|
|upkeep
|turn|13
|
|t:|1760807621
|move|p2a: Chomusuke|Knock Off|p1a: Moltres
|-crit|p1a: Moltres
|-damage|p1a: Moltres|29/100
|-enditem|p1a: Moltres|Heavy-Duty Boots|[from] move: Knock Off|[of] p2a: Chomusuke
|move|p1a: Moltres|Roar|p2a: Chomusuke
|drag|p2a: Yamawaro|Ogerpon, F|42/100
|-damage|p2a: Yamawaro|26/100|[from] Spikes
|
|upkeep
|turn|14
|
|t:|1760807636
|move|p2a: Yamawaro|Spikes|p1a: Moltres
|-sidestart|p1: kingkong427|Spikes
|move|p1a: Moltres|Roar|p2a: Yamawaro
|drag|p2a: Primarina|Primarina, F|100/100
|-damage|p2a: Primarina|84/100|[from] Spikes
|
|upkeep
|turn|15
|
|t:|1760807644
|move|p1a: Moltres|Will-O-Wisp|p2a: Primarina
|-status|p2a: Primarina|brn
|move|p2a: Primarina|Surf|p1a: Moltres
|-supereffective|p1a: Moltres
|-damage|p1a: Moltres|0 fnt
|faint|p1a: Moltres
|
|-damage|p2a: Primarina|78/100 brn|[from] brn
|upkeep
|
|t:|1760807656
|switch|p1a: Okidogi|Okidogi, M|79/100
|-damage|p1a: Okidogi|73/100|[from] Stealth Rock
|-damage|p1a: Okidogi|57/100|[from] Spikes
|turn|16
|
|t:|1760807661
|switch|p2a: Pecharunt|Pecharunt|77/100
|-damage|p2a: Pecharunt|60/100|[from] Spikes
|move|p1a: Okidogi|Poison Jab|p2a: Pecharunt
|-resisted|p2a: Pecharunt
|-damage|p2a: Pecharunt|56/100
|
|upkeep
|turn|17
|
|t:|1760807668
|move|p1a: Okidogi|Bulk Up|p1a: Okidogi
|-boost|p1a: Okidogi|atk|1
|-boost|p1a: Okidogi|def|1
|move|p2a: Pecharunt|Recover|p2a: Pecharunt
|-heal|p2a: Pecharunt|100/100
|
|upkeep
|turn|18
|
|t:|1760807679
|move|p1a: Okidogi|Knock Off|p2a: Pecharunt
|-supereffective|p2a: Pecharunt
|-damage|p2a: Pecharunt|73/100
|move|p2a: Pecharunt|Shadow Ball|p1a: Okidogi
|-damage|p1a: Okidogi|37/100
|-unboost|p1a: Okidogi|spd|1
|
|upkeep
|turn|19
|
|t:|1760807686
|move|p1a: Okidogi|Bulk Up|p1a: Okidogi
|-boost|p1a: Okidogi|atk|1
|-boost|p1a: Okidogi|def|1
|move|p2a: Pecharunt|Shadow Ball|p1a: Okidogi
|-damage|p1a: Okidogi|9/100
|
|upkeep
|turn|20
|
|t:|1760807690
|move|p1a: Okidogi|Knock Off|p2a: Pecharunt
|-supereffective|p2a: Pecharunt
|-damage|p2a: Pecharunt|39/100
|move|p2a: Pecharunt|Recover|p2a: Pecharunt
|-heal|p2a: Pecharunt|89/100
|
|upkeep
|turn|21
|
|t:|1760807692
|move|p1a: Okidogi|Knock Off|p2a: Pecharunt
|-supereffective|p2a: Pecharunt
|-damage|p2a: Pecharunt|52/100
|move|p2a: Pecharunt|Shadow Ball|p1a: Okidogi
|-damage|p1a: Okidogi|0 fnt
|faint|p1a: Okidogi
|
|upkeep
|
|t:|1760807699
|switch|p1a: Garganacl|Garganacl, F|100/100
|-damage|p1a: Garganacl|88/100|[from] Stealth Rock
|-damage|p1a: Garganacl|72/100|[from] Spikes
|turn|22
|
|t:|1760807705
|move|p2a: Pecharunt|Parting Shot|p1a: Garganacl
|-unboost|p1a: Garganacl|atk|1
|-unboost|p1a: Garganacl|spa|1
|
|t:|1760807707
|switch|p2a: Nacho|Great Tusk|51/100 psn|[from] Parting Shot
|move|p1a: Garganacl|Stealth Rock|p2a: Nacho
|-sidestart|p2: Megumin's Husband|move: Stealth Rock
|
|-heal|p1a: Garganacl|78/100|[from] item: Leftovers
|-damage|p2a: Nacho|39/100 psn|[from] psn
|upkeep
|turn|23
|
|t:|1760807712
|move|p1a: Garganacl|Protect|p1a: Garganacl
|-singleturn|p1a: Garganacl|Protect
|move|p2a: Nacho|Rapid Spin|p1a: Garganacl
|-activate|p1a: Garganacl|move: Protect
|
|-heal|p1a: Garganacl|84/100|[from] item: Leftovers
|-damage|p2a: Nacho|27/100 psn|[from] psn
|upkeep
|turn|24
|inactive|kingkong427 has 120 seconds left.
|
|t:|1760807759
|switch|p1a: Sinistcha|Sinistcha|100/100
|-damage|p1a: Sinistcha|88/100|[from] Stealth Rock
|-damage|p1a: Sinistcha|72/100|[from] Spikes
|move|p2a: Nacho|Ice Spinner|p1a: Sinistcha
|-supereffective|p1a: Sinistcha
|-damage|p1a: Sinistcha|32/100
|
|-damage|p2a: Nacho|14/100 psn|[from] psn
|upkeep
|turn|25
|
|t:|1760807775
|-terastallize|p1a: Sinistcha|Poison
|move|p2a: Nacho|Ice Spinner|p1a: Sinistcha
|-damage|p1a: Sinistcha|14/100
|move|p1a: Sinistcha|Strength Sap|p2a: Nacho
|-unboost|p2a: Nacho|atk|1
|-heal|p1a: Sinistcha|100/100
|
|-damage|p2a: Nacho|2/100 psn|[from] psn
|upkeep
|turn|26
|
|t:|1760807780
|move|p2a: Nacho|Rapid Spin|p1a: Sinistcha
|-damage|p1a: Sinistcha|92/100
|-boost|p2a: Nacho|spe|1
|-sideend|p2: Megumin's Husband|Spikes|[from] move: Rapid Spin|[of] p2a: Nacho
|-sideend|p2: Megumin's Husband|Stealth Rock|[from] move: Rapid Spin|[of] p2a: Nacho
|move|p1a: Sinistcha|Strength Sap|p2a: Nacho
|-unboost|p2a: Nacho|atk|1
|-heal|p1a: Sinistcha|100/100
|
|-damage|p2a: Nacho|0 fnt|[from] psn
|faint|p2a: Nacho
|-end|p2a: Nacho|Protosynthesis|[silent]
|upkeep
|
|t:|1760807788
|switch|p2a: Dolores|Heatran, F, shiny|100/100
|-item|p2a: Dolores|Air Balloon
|turn|27
|
|t:|1760807797
|switch|p2a: Yamawaro|Ogerpon, F|26/100
|switch|p1a: Ting-Lu|Ting-Lu|81/100 tox
|-damage|p1a: Ting-Lu|75/100 tox|[from] Stealth Rock
|-damage|p1a: Ting-Lu|58/100 tox|[from] Spikes
|-ability|p1a: Ting-Lu|Vessel of Ruin
|
|-heal|p1a: Ting-Lu|65/100 tox|[from] item: Leftovers
|-damage|p1a: Ting-Lu|58/100 tox|[from] psn
|upkeep
|turn|28
|
|t:|1760807799
|move|p2a: Yamawaro|Ivy Cudgel|p1a: Ting-Lu
|-supereffective|p1a: Ting-Lu
|-damage|p1a: Ting-Lu|0 fnt
|faint|p1a: Ting-Lu
|
|upkeep
|
|t:|1760807802
|switch|p1a: Sinistcha|Sinistcha, tera:Poison|100/100
|-damage|p1a: Sinistcha|88/100|[from] Stealth Rock
|-damage|p1a: Sinistcha|72/100|[from] Spikes
|turn|29
|
|t:|1760807811
|move|p2a: Yamawaro|Ivy Cudgel|p1a: Sinistcha
|-resisted|p1a: Sinistcha
|-damage|p1a: Sinistcha|45/100
|move|p1a: Sinistcha|Calm Mind|p1a: Sinistcha
|-boost|p1a: Sinistcha|spa|1
|-boost|p1a: Sinistcha|spd|1
|
|upkeep
|turn|30
|
|t:|1760807822
|switch|p2a: Dolores|Heatran, F, shiny|100/100
|-item|p2a: Dolores|Air Balloon
|move|p1a: Sinistcha|Strength Sap|p2a: Dolores
|-unboost|p2a: Dolores|atk|1
|-heal|p1a: Sinistcha|93/100
|
|upkeep
|turn|31
|
|t:|1760807824
|move|p2a: Dolores|Earth Power|p1a: Sinistcha
|-supereffective|p1a: Sinistcha
|-damage|p1a: Sinistcha|51/100
|move|p1a: Sinistcha|Calm Mind|p1a: Sinistcha
|-boost|p1a: Sinistcha|spa|1
|-boost|p1a: Sinistcha|spd|1
|
|upkeep
|turn|32
|
|t:|1760807827
|move|p2a: Dolores|Earth Power|p1a: Sinistcha
|-supereffective|p1a: Sinistcha
|-damage|p1a: Sinistcha|19/100
|move|p1a: Sinistcha|Shadow Ball|p2a: Dolores
|-damage|p2a: Dolores|59/100
|-unboost|p2a: Dolores|spd|1
|-enditem|p2a: Dolores|Air Balloon
|
|upkeep
|turn|33
|
|t:|1760807830
|move|p2a: Dolores|Earth Power|p1a: Sinistcha
|-supereffective|p1a: Sinistcha
|-damage|p1a: Sinistcha|0 fnt
|faint|p1a: Sinistcha
|
|upkeep
|-message|kingkong427 forfeited.
|
|win|Megumin's Husband
|raw|kingkong427's rating: 1773 &rarr; <strong>1749</strong><br />(-24 for losing)
|raw|Megumin&apos;s Husband's rating: 1708 &rarr; <strong>1732</strong><br />(+24 for winning)
|l|☆kingkong427
|player|p1|
