|j|☆maarcelo33
|j|☆RJoyful
|t:|1760755257
|gametype|singles
|player|p1|maarcelo33|102|1102
|player|p2|RJoyful|gentleman|1089
|gen|9
|tier|[Gen 9] OU
|rated|
|rule|HP Percentage Mod: HP is shown in percentages
|rule|Endless Battle Clause: Forcing endless battles is banned
|rule|Species Clause: Limit one of each Pokémon
|rule|OHKO Clause: OHKO moves are banned
|rule|Evasion Items Clause: Evasion items are banned
|rule|Evasion Moves Clause: Evasion moves are banned
|rule|Evasion Abilities Clause: Evasion abilities are banned
|rule|Sleep Moves Clause: Sleep-inducing moves are banned
|clearpoke
|poke|p1|Jirachi|
|poke|p1|Amoonguss, F|
|poke|p1|Clefable, M|
|poke|p1|Alomomola, M|
|poke|p1|Garchomp, F|
|poke|p1|Emboar, M|
|poke|p2|Hoopa-Unbound|
|poke|p2|Slowking-Galar, F|
|poke|p2|Alomomola, F|
|poke|p2|Zamazenta-*|
|poke|p2|Great Tusk|
|poke|p2|Kingambit, F|
|teampreview
|
|t:|1760755269
|teamsize|p1|6
|teamsize|p2|6
|start
|switch|p1a: Emboar|Emboar, M|100/100
|switch|p2a: Great Tusk|Great Tusk|100/100
|turn|1
|inactive|Battle timer is ON: inactive players will automatically lose when time's up. (requested by maarcelo33)
|
|t:|1760755301
|switch|p1a: Amoonguss|Amoonguss, F|100/100
|move|p2a: Great Tusk|Stealth Rock|p1a: Amoonguss
|-sidestart|p1: maarcelo33|move: Stealth Rock
|
|upkeep
|turn|2
|
|t:|1760755327
|move|p2a: Great Tusk|Ice Spinner|p1a: Amoonguss
|-supereffective|p1a: Amoonguss
|-damage|p1a: Amoonguss|41/100
|move|p1a: Amoonguss|Toxic|p2a: Great Tusk
|-status|p2a: Great Tusk|tox
|
|-heal|p1a: Amoonguss|47/100|[from] item: Black Sludge
|-damage|p2a: Great Tusk|94/100 tox|[from] psn
|upkeep
|turn|3
|
|t:|1760755335
|move|p1a: Amoonguss|Protect|p1a: Amoonguss
|-singleturn|p1a: Amoonguss|Protect
|move|p2a: Great Tusk|Ice Spinner|p1a: Amoonguss
|-activate|p1a: Amoonguss|move: Protect
|
|-heal|p1a: Amoonguss|53/100|[from] item: Black Sludge
|-damage|p2a: Great Tusk|82/100 tox|[from] psn
|upkeep
|turn|4
|
|t:|1760755344
|switch|p1a: Alomomola|Alomomola, M|100/100
|-damage|p1a: Alomomola|88/100|[from] Stealth Rock
|move|p2a: Great Tusk|Ice Spinner|p1a: Alomomola
|-resisted|p1a: Alomomola
|-damage|p1a: Alomomola|77/100
|
|-damage|p2a: Great Tusk|63/100 tox|[from] psn
|upkeep
|turn|5
|inactive|maarcelo33 has 120 seconds left.
|
|t:|1760755375
|-end|p2a: Great Tusk|Protosynthesis|[silent]
|switch|p2a: Alomomola|Alomomola, F|100/100
|move|p1a: Alomomola|Liquidation|p2a: Alomomola
|-resisted|p2a: Alomomola
|-crit|p2a: Alomomola
|-damage|p2a: Alomomola|85/100
|-unboost|p2a: Alomomola|def|1
|
|upkeep
|turn|6
|inactive|maarcelo33 has 120 seconds left.
|
|t:|1760755388
|move|p1a: Alomomola|Play Rough|p2a: Alomomola
|-damage|p2a: Alomomola|62/100
|move|p2a: Alomomola|Wish|p2a: Alomomola
|
|upkeep
|turn|7
|inactive|maarcelo33 has 120 seconds left.
|
|t:|1760755405
|move|p1a: Alomomola|Flip Turn|p2a: Alomomola
|-resisted|p2a: Alomomola
|-damage|p2a: Alomomola|52/100
|inactive|maarcelo33 has 120 seconds left.
|
|t:|1760755412
|switch|p1a: Amoonguss|Amoonguss, F|87/100|[from] Flip Turn
|-damage|p1a: Amoonguss|74/100|[from] Stealth Rock
|move|p2a: Alomomola|Flip Turn|p1a: Amoonguss
|-resisted|p1a: Amoonguss
|-damage|p1a: Amoonguss|66/100
|
|t:|1760755421
|switch|p2a: Kingambit|Kingambit, F|100/100|[from] Flip Turn
|
|-heal|p1a: Amoonguss|72/100|[from] item: Black Sludge
|upkeep
|turn|8
|inactive|maarcelo33 has 120 seconds left.
|
|t:|1760755443
|switch|p1a: Garchomp|Garchomp, F|100/100
|-damage|p1a: Garchomp|94/100|[from] Stealth Rock
|move|p2a: Kingambit|Iron Head|p1a: Garchomp
|-damage|p1a: Garchomp|49/100
|-damage|p2a: Kingambit|88/100|[from] ability: Rough Skin|[of] p1a: Garchomp
|-damage|p2a: Kingambit|72/100|[from] item: Rocky Helmet|[of] p1a: Garchomp
|
|-heal|p2a: Kingambit|78/100|[from] item: Leftovers
|upkeep
|turn|9
|inactive|maarcelo33 has 120 seconds left.
|
|t:|1760755467
|-end|p2a: Kingambit|fallenundefined|[silent]
|switch|p2a: Alomomola|Alomomola, F|86/100
|move|p1a: Garchomp|Stealth Rock|p2a: Alomomola
|-sidestart|p2: RJoyful|move: Stealth Rock
|
|upkeep
|turn|10
|inactive|maarcelo33 has 120 seconds left.
|
|t:|1760755481
|switch|p1a: Clefable|Clefable, M|100/100
|move|p2a: Alomomola|Flip Turn|p1a: Clefable
|-damage|p1a: Clefable|81/100
|
|t:|1760755488
|switch|p2a: Kingambit|Kingambit, F|78/100|[from] Flip Turn
|-damage|p2a: Kingambit|72/100|[from] Stealth Rock
|
|-heal|p1a: Clefable|87/100|[from] item: Leftovers
|-heal|p2a: Kingambit|78/100|[from] item: Leftovers
|upkeep
|turn|11
|inactive|maarcelo33 has 120 seconds left.
|
|t:|1760755499
|switch|p1a: Garchomp|Garchomp, F|49/100
|-damage|p1a: Garchomp|43/100|[from] Stealth Rock
|move|p2a: Kingambit|Iron Head|p1a: Garchomp
|-damage|p1a: Garchomp|0 fnt
|-damage|p2a: Kingambit|65/100|[from] ability: Rough Skin|[of] p1a: Garchomp
|-damage|p2a: Kingambit|49/100|[from] item: Rocky Helmet|[of] p1a: Garchomp
|faint|p1a: Garchomp
|
|-heal|p2a: Kingambit|55/100|[from] item: Leftovers
|upkeep
|inactive|maarcelo33 has 120 seconds left.
|
|t:|1760755509
|switch|p1a: Emboar|Emboar, M|100/100
|-damage|p1a: Emboar|88/100|[from] Stealth Rock
|turn|12
|inactive|maarcelo33 has 120 seconds left.
|
|t:|1760755517
|-end|p2a: Kingambit|fallenundefined|[silent]
|switch|p2a: Alomomola|Alomomola, F|100/100
|move|p1a: Emboar|Flare Blitz|p2a: Alomomola
|-resisted|p2a: Alomomola
|-damage|p2a: Alomomola|64/100
|-damage|p1a: Emboar|75/100|[from] Recoil
|
|upkeep
|turn|13
|
|t:|1760755527
|switch|p1a: Amoonguss|Amoonguss, F|100/100
|-damage|p1a: Amoonguss|88/100|[from] Stealth Rock
|move|p2a: Alomomola|Wish|p2a: Alomomola
|
|-heal|p1a: Amoonguss|94/100|[from] item: Black Sludge
|upkeep
|turn|14
|
|t:|1760755533
|switch|p2a: Kingambit|Kingambit, F|55/100
|-damage|p2a: Kingambit|49/100|[from] Stealth Rock
|move|p1a: Amoonguss|Toxic|p2a: Kingambit
|-immune|p2a: Kingambit
|
|-heal|p2a: Kingambit|100/100|[from] move: Wish|[wisher] Alomomola
|-heal|p1a: Amoonguss|100/100|[from] item: Black Sludge
|upkeep
|turn|15
|
|t:|1760755544
|move|p2a: Kingambit|Iron Head|p1a: Amoonguss
|-damage|p1a: Amoonguss|47/100
|move|p1a: Amoonguss|Foul Play|p2a: Kingambit
|-resisted|p2a: Kingambit
|-damage|p2a: Kingambit|87/100
|
|-heal|p2a: Kingambit|93/100|[from] item: Leftovers
|-heal|p1a: Amoonguss|53/100|[from] item: Black Sludge
|upkeep
|turn|16
|
|t:|1760755559
|switch|p1a: Alomomola|Alomomola, M|100/100
|-damage|p1a: Alomomola|88/100|[from] Stealth Rock
|move|p2a: Kingambit|Kowtow Cleave|p1a: Alomomola
|-damage|p1a: Alomomola|48/100
|
|-heal|p2a: Kingambit|99/100|[from] item: Leftovers
|upkeep
|turn|17
|
|t:|1760755569
|move|p1a: Alomomola|Play Rough|p2a: Kingambit
|-damage|p2a: Kingambit|82/100
|move|p2a: Kingambit|Swords Dance|p2a: Kingambit
|-boost|p2a: Kingambit|atk|2
|
|-heal|p2a: Kingambit|88/100|[from] item: Leftovers
|upkeep
|turn|18
|
|t:|1760755577
|move|p1a: Alomomola|Liquidation|p2a: Kingambit
|-damage|p2a: Kingambit|63/100
|move|p2a: Kingambit|Swords Dance|p2a: Kingambit
|-boost|p2a: Kingambit|atk|2
|
|-heal|p2a: Kingambit|69/100|[from] item: Leftovers
|upkeep
|turn|19
|
|t:|1760755585
|move|p1a: Alomomola|Liquidation|p2a: Kingambit
|-damage|p2a: Kingambit|45/100
|move|p2a: Kingambit|Kowtow Cleave|p1a: Alomomola
|-crit|p1a: Alomomola
|-damage|p1a: Alomomola|0 fnt
|faint|p1a: Alomomola
|
|-heal|p2a: Kingambit|51/100|[from] item: Leftovers
|upkeep
|
|t:|1760755590
|switch|p1a: Emboar|Emboar, M|75/100
|-damage|p1a: Emboar|62/100|[from] Stealth Rock
|turn|20
|
|t:|1760755597
|-terastallize|p2a: Kingambit|Fire
|move|p1a: Emboar|Flare Blitz|p2a: Kingambit
|-resisted|p2a: Kingambit
|-damage|p2a: Kingambit|10/100
|-damage|p1a: Emboar|49/100|[from] Recoil
|move|p2a: Kingambit|Kowtow Cleave|p1a: Emboar
|-resisted|p1a: Emboar
|-damage|p1a: Emboar|0 fnt
|faint|p1a: Emboar
|
|-heal|p2a: Kingambit|16/100|[from] item: Leftovers
|upkeep
|
|t:|1760755608
|switch|p1a: Amoonguss|Amoonguss, F|87/100
|-damage|p1a: Amoonguss|74/100|[from] Stealth Rock
|turn|21
|
|t:|1760755612
|move|p2a: Kingambit|Kowtow Cleave|p1a: Amoonguss
|-damage|p1a: Amoonguss|0 fnt
|faint|p1a: Amoonguss
|
|-heal|p2a: Kingambit|22/100|[from] item: Leftovers
|upkeep
|
|t:|1760755614
|switch|p1a: Jirachi|Jirachi|100/100
|-damage|p1a: Jirachi|94/100|[from] Stealth Rock
|turn|22
|
|t:|1760755623
|-terastallize|p1a: Jirachi|Steel
|move|p2a: Kingambit|Sucker Punch|p1a: Jirachi
|-damage|p1a: Jirachi|0 fnt
|faint|p1a: Jirachi
|
|-heal|p2a: Kingambit|29/100|[from] item: Leftovers
|upkeep
|
|t:|1760755627
|switch|p1a: Clefable|Clefable, M|87/100
|turn|23
|
|t:|1760755634
|move|p2a: Kingambit|Sucker Punch|p1a: Clefable
|-resisted|p1a: Clefable
|-damage|p1a: Clefable|17/100
|move|p1a: Clefable|Moonblast|p2a: Kingambit
|-resisted|p2a: Kingambit
|-damage|p2a: Kingambit|7/100
|-unboost|p2a: Kingambit|spa|1
|
|-heal|p1a: Clefable|23/100|[from] item: Leftovers
|-heal|p2a: Kingambit|13/100|[from] item: Leftovers
|upkeep
|turn|24
|c|☆RJoyful|gg
|inactive|maarcelo33 has 120 seconds left.
|c|☆RJoyful|i got all day bud
|inactive|maarcelo33 has 90 seconds left.
|inactive|maarcelo33 has 60 seconds left.
|inactive|maarcelo33 has 30 seconds left.
|inactive|maarcelo33 has 20 seconds left.
|inactive|maarcelo33 has 15 seconds left.
|inactive|maarcelo33 has 10 seconds left.
|inactive|maarcelo33 has 5 seconds left.
|-message|maarcelo33 lost due to inactivity.
|
|win|RJoyful
|raw|maarcelo33's rating: 1123 &rarr; <strong>1096</strong><br />(-27 for losing)
|raw|RJoyful's rating: 1089 &rarr; <strong>1118</strong><br />(+29 for winning)
