|j|☆maisiemeow
|j|☆Marco264
|t:|1760822388
|gametype|singles
|player|p1|maisiemeow|iris|1216
|player|p2|Marco264|101|1200
|gen|9
|tier|[Gen 9] OU
|rated|
|rule|HP Percentage Mod: HP is shown in percentages
|rule|Endless Battle Clause: Forcing endless battles is banned
|rule|Species Clause: Limit one of each Pokémon
|rule|OHKO Clause: OHKO moves are banned
|rule|Evasion Items Clause: Evasion items are banned
|rule|Evasion Moves Clause: Evasion moves are banned
|rule|Evasion Abilities Clause: Evasion abilities are banned
|rule|Sleep Moves Clause: Sleep-inducing moves are banned
|clearpoke
|poke|p1|Garchomp, M|
|poke|p1|Darkrai|
|poke|p1|Heatran, M|
|poke|p1|Ogerpon-Wellspring, F|
|poke|p1|Iron Valiant|
|poke|p1|Iron Treads|
|poke|p2|Meowscarada, M|
|poke|p2|Skeledirge, F|
|poke|p2|Corviknight, F|
|poke|p2|Slowking-Galar, F|
|poke|p2|Masquerain, F|
|poke|p2|Quaquaval, F|
|teampreview
|inactive|Battle timer is ON: inactive players will automatically lose when time's up. (requested by maisiemeow)
|
|t:|1760822393
|teamsize|p1|6
|teamsize|p2|6
|start
|switch|p1a: Garchomp|Garchomp, M|100/100
|switch|p2a: Meowscarada|Meowscarada, M|100/100
|turn|1
|
|t:|1760822401
|switch|p2a: Masquerain|Masquerain, F|100/100
|-ability|p2a: Masquerain|Intimidate|boost
|-unboost|p1a: Garchomp|atk|1
|move|p1a: Garchomp|Stealth Rock|p2a: Masquerain
|-sidestart|p2: Marco264|move: Stealth Rock
|
|upkeep
|turn|2
|
|t:|1760822406
|switch|p1a: Iron Treads|Iron Treads|100/100
|move|p2a: Masquerain|Ice Beam|p1a: Iron Treads
|-damage|p1a: Iron Treads|84/100
|-status|p1a: Iron Treads|frz
|
|upkeep
|turn|3
|
|t:|1760822416
|switch|p2a: Quaquaval|Quaquaval, F|100/100
|-damage|p2a: Quaquaval|94/100|[from] Stealth Rock
|cant|p1a: Iron Treads|frz
|
|upkeep
|turn|4
|
|t:|1760822420
|-end|p1a: Iron Treads|Quark Drive|[silent]
|switch|p1a: Garchomp|Garchomp, M|100/100
|move|p2a: Quaquaval|Bulk Up|p2a: Quaquaval
|-boost|p2a: Quaquaval|atk|1
|-boost|p2a: Quaquaval|def|1
|
|upkeep
|turn|5
|
|t:|1760822432
|move|p2a: Quaquaval|Ice Spinner|p1a: Garchomp
|-supereffective|p1a: Garchomp
|-damage|p1a: Garchomp|0 fnt
|-damage|p2a: Quaquaval|82/100|[from] ability: Rough Skin|[of] p1a: Garchomp
|-damage|p2a: Quaquaval|66/100|[from] item: Rocky Helmet|[of] p1a: Garchomp
|faint|p1a: Garchomp
|-ability|p2a: Quaquaval|Moxie|boost
|-boost|p2a: Quaquaval|atk|1
|-damage|p2a: Quaquaval|56/100|[from] item: Life Orb
|
|upkeep
|
|t:|1760822445
|switch|p1a: Darkrai|Darkrai|100/100
|turn|6
|
|t:|1760822455
|move|p1a: Darkrai|Sludge Bomb|p2a: Quaquaval
|-damage|p2a: Quaquaval|12/100
|move|p2a: Quaquaval|Close Combat|p1a: Darkrai
|-supereffective|p1a: Darkrai
|-damage|p1a: Darkrai|0 fnt
|-unboost|p2a: Quaquaval|def|1
|-unboost|p2a: Quaquaval|spd|1
|faint|p1a: Darkrai
|-ability|p2a: Quaquaval|Moxie|boost
|-boost|p2a: Quaquaval|atk|1
|-damage|p2a: Quaquaval|2/100|[from] item: Life Orb
|
|upkeep
|
|t:|1760822476
|switch|p1a: Ogerpon|Ogerpon-Wellspring, F|100/100
|turn|7
|
|t:|1760822492
|move|p1a: Ogerpon|Ivy Cudgel|p2a: Quaquaval|[anim] Ivy Cudgel Water
|-resisted|p2a: Quaquaval
|-damage|p2a: Quaquaval|0 fnt
|faint|p2a: Quaquaval
|
|upkeep
|
|t:|1760822496
|switch|p2a: Meowscarada|Meowscarada, M|100/100
|-damage|p2a: Meowscarada|88/100|[from] Stealth Rock
|turn|8
|inactive|maisiemeow has 120 seconds left.
|
|t:|1760822552
|switch|p1a: Iron Treads|Iron Treads|84/100 frz
|move|p2a: Meowscarada|Flower Trick|p1a: Iron Treads
|-start|p2a: Meowscarada|typechange|Grass|[from] ability: Protean
|-crit|p1a: Iron Treads
|-damage|p1a: Iron Treads|45/100 frz
|
|upkeep
|turn|9
|
|t:|1760822559
|move|p2a: Meowscarada|Flower Trick|p1a: Iron Treads
|-crit|p1a: Iron Treads
|-damage|p1a: Iron Treads|5/100 frz
|-curestatus|p1a: Iron Treads|frz|[msg]
|move|p1a: Iron Treads|Ice Spinner|p2a: Meowscarada
|-supereffective|p2a: Meowscarada
|-damage|p2a: Meowscarada|19/100
|
|upkeep
|turn|10
|
|t:|1760822574
|move|p2a: Meowscarada|Flower Trick|p1a: Iron Treads
|-crit|p1a: Iron Treads
|-damage|p1a: Iron Treads|0 fnt
|faint|p1a: Iron Treads
|-end|p1a: Iron Treads|Quark Drive|[silent]
|
|upkeep
|
|t:|1760822575
|switch|p1a: Heatran|Heatran, M|100/100
|turn|11
|
|t:|1760822579
|switch|p2a: Skeledirge|Skeledirge, F|100/100
|-damage|p2a: Skeledirge|75/100|[from] Stealth Rock
|move|p1a: Heatran|Lava Plume|p2a: Skeledirge
|-resisted|p2a: Skeledirge
|-damage|p2a: Skeledirge|57/100
|
|-heal|p2a: Skeledirge|63/100|[from] item: Leftovers
|upkeep
|turn|12
|inactive|maisiemeow has 120 seconds left.
|
|t:|1760822584
|move|p1a: Heatran|Earth Power|p2a: Skeledirge
|-supereffective|p2a: Skeledirge
|-damage|p2a: Skeledirge|7/100
|move|p2a: Skeledirge|Earth Power|p1a: Heatran
|-supereffective|p1a: Heatran
|-damage|p1a: Heatran|14/100
|-unboost|p1a: Heatran|spd|1
|
|-heal|p1a: Heatran|20/100|[from] item: Leftovers
|-heal|p2a: Skeledirge|13/100|[from] item: Leftovers
|upkeep
|turn|13
|
|t:|1760822591
|move|p1a: Heatran|Earth Power|p2a: Skeledirge
|-supereffective|p2a: Skeledirge
|-crit|p2a: Skeledirge
|-damage|p2a: Skeledirge|0 fnt
|faint|p2a: Skeledirge
|
|-heal|p1a: Heatran|26/100|[from] item: Leftovers
|upkeep
|
|t:|1760822604
|switch|p2a: Corviknight|Corviknight, F|100/100
|-damage|p2a: Corviknight|88/100|[from] Stealth Rock
|turn|14
|
|t:|1760822608
|move|p1a: Heatran|Lava Plume|p2a: Corviknight
|-supereffective|p2a: Corviknight
|-damage|p2a: Corviknight|37/100
|move|p2a: Corviknight|Body Press|p1a: Heatran
|-supereffective|p1a: Heatran
|-damage|p1a: Heatran|0 fnt
|faint|p1a: Heatran
|
|-heal|p2a: Corviknight|43/100|[from] item: Leftovers
|upkeep
|
|t:|1760822617
|switch|p1a: Iron Valiant|Iron Valiant|100/100
|-enditem|p1a: Iron Valiant|Booster Energy
|-activate|p1a: Iron Valiant|ability: Quark Drive|[fromitem]
|-start|p1a: Iron Valiant|quarkdrivespe
|turn|15
|
|t:|1760822624
|move|p1a: Iron Valiant|Thunderbolt|p2a: Corviknight
|-supereffective|p2a: Corviknight
|-damage|p2a: Corviknight|0 fnt
|faint|p2a: Corviknight
|
|upkeep
|
|t:|1760822628
|switch|p2a: Meowscarada|Meowscarada, M|19/100
|-damage|p2a: Meowscarada|6/100|[from] Stealth Rock
|turn|16
|
|t:|1760822634
|-terastallize|p1a: Iron Valiant|Electric
|move|p2a: Meowscarada|Flower Trick|p1a: Iron Valiant
|-start|p2a: Meowscarada|typechange|Grass|[from] ability: Protean
|-crit|p1a: Iron Valiant
|-damage|p1a: Iron Valiant|33/100
|move|p1a: Iron Valiant|Thunderbolt|p2a: Meowscarada
|-resisted|p2a: Meowscarada
|-damage|p2a: Meowscarada|0 fnt
|faint|p2a: Meowscarada
|
|upkeep
|
|t:|1760822642
|switch|p2a: Slowking|Slowking-Galar, F|100/100
|-damage|p2a: Slowking|88/100|[from] Stealth Rock
|turn|17
|
|t:|1760822645
|move|p1a: Iron Valiant|Thunderbolt|p2a: Slowking
|-damage|p2a: Slowking|63/100
|move|p2a: Slowking|Future Sight|p1a: Iron Valiant
|-start|p2a: Slowking|move: Future Sight
|
|-heal|p2a: Slowking|69/100|[from] item: Black Sludge
|upkeep
|turn|18
|
|t:|1760822663
|move|p1a: Iron Valiant|Thunderbolt|p2a: Slowking
|-damage|p2a: Slowking|43/100
|move|p2a: Slowking|Slack Off|p2a: Slowking
|-heal|p2a: Slowking|93/100
|
|-heal|p2a: Slowking|99/100|[from] item: Black Sludge
|upkeep
|turn|19
|
|t:|1760822673
|move|p1a: Iron Valiant|Encore|p2a: Slowking
|-start|p2a: Slowking|Encore
|move|p2a: Slowking|Slack Off|p2a: Slowking
|-heal|p2a: Slowking|100/100
|
|-end|p1a: Iron Valiant|move: Future Sight
|-damage|p1a: Iron Valiant|0 fnt
|faint|p1a: Iron Valiant
|-end|p1a: Iron Valiant|Quark Drive|[silent]
|upkeep
|
|t:|1760822675
|switch|p1a: Ogerpon|Ogerpon-Wellspring, F|100/100
|turn|20
|
|t:|1760822683
|switch|p2a: Masquerain|Masquerain, F|100/100
|-damage|p2a: Masquerain|51/100|[from] Stealth Rock
|-ability|p2a: Masquerain|Intimidate|boost
|-unboost|p1a: Ogerpon|atk|1
|move|p1a: Ogerpon|Ivy Cudgel|p2a: Masquerain|[anim] Ivy Cudgel Water
|-crit|p2a: Masquerain
|-damage|p2a: Masquerain|0 fnt
|faint|p2a: Masquerain
|
|upkeep
|
|t:|1760822692
|switch|p2a: Slowking|Slowking-Galar, F|100/100
|-damage|p2a: Slowking|88/100|[from] Stealth Rock
|turn|21
|
|t:|1760822696
|move|p1a: Ogerpon|Knock Off|p2a: Slowking
|-supereffective|p2a: Slowking
|-damage|p2a: Slowking|35/100
|-enditem|p2a: Slowking|Black Sludge|[from] move: Knock Off|[of] p1a: Ogerpon
|move|p2a: Slowking|Thunder Wave|p1a: Ogerpon
|-status|p1a: Ogerpon|par
|
|upkeep
|turn|22
|
|t:|1760822703
|move|p1a: Ogerpon|Knock Off|p2a: Slowking
|-supereffective|p2a: Slowking
|-damage|p2a: Slowking|3/100
|move|p2a: Slowking|Slack Off|p2a: Slowking
|-heal|p2a: Slowking|53/100
|
|upkeep
|turn|23
|
|t:|1760822706
|move|p1a: Ogerpon|Ivy Cudgel|p2a: Slowking|[anim] Ivy Cudgel Water
|-damage|p2a: Slowking|15/100
|move|p2a: Slowking|Slack Off|p2a: Slowking
|-heal|p2a: Slowking|65/100
|
|upkeep
|turn|24
|
|t:|1760822715
|cant|p1a: Ogerpon|par
|move|p2a: Slowking|Future Sight|p1a: Ogerpon
|-start|p2a: Slowking|move: Future Sight
|
|upkeep
|turn|25
|
|t:|1760822720
|move|p1a: Ogerpon|Encore|p2a: Slowking
|-start|p2a: Slowking|Encore
|move|p2a: Slowking|Future Sight||[still]
|-fail|p2a: Slowking
|
|upkeep
|turn|26
|
|t:|1760822727
|move|p1a: Ogerpon|Ivy Cudgel|p2a: Slowking|[anim] Ivy Cudgel Water
|-damage|p2a: Slowking|26/100
|move|p2a: Slowking|Future Sight||[still]
|-fail|p2a: Slowking
|
|-end|p1a: Ogerpon|move: Future Sight
|-damage|p1a: Ogerpon|52/100 par
|upkeep
|turn|27
|
|t:|1760822741
|move|p1a: Ogerpon|Ivy Cudgel|p2a: Slowking|[anim] Ivy Cudgel Water
|-crit|p2a: Slowking
|-damage|p2a: Slowking|0 fnt
|faint|p2a: Slowking
|
|win|maisiemeow
|raw|maisiemeow's rating: 1216 &rarr; <strong>1240</strong><br />(+24 for winning)
|raw|Marco264's rating: 1200 &rarr; <strong>1176</strong><br />(-24 for losing)
|c|☆maisiemeow|gg
|l|☆Marco264
|player|p2|
|l|☆maisiemeow
|player|p1|
