|j|☆golookatthisduck
|j|☆Chuck2025
|t:|1760765729
|gametype|singles
|player|p1|golookatthisduck|265|1468
|player|p2|Chuck2025|dawn|1421
|gen|9
|tier|[Gen 9] OU
|rated|
|rule|HP Percentage Mod: HP is shown in percentages
|rule|Endless Battle Clause: Forcing endless battles is banned
|rule|Species Clause: Limit one of each Pokémon
|rule|OHKO Clause: OHKO moves are banned
|rule|Evasion Items Clause: Evasion items are banned
|rule|Evasion Moves Clause: Evasion moves are banned
|rule|Evasion Abilities Clause: Evasion abilities are banned
|rule|Sleep Moves Clause: Sleep-inducing moves are banned
|clearpoke
|poke|p1|Torkoal, M|
|poke|p1|Walking Wake|
|poke|p1|Ursaluna, F|
|poke|p1|Hatterene, F|
|poke|p1|Cresselia, F|
|poke|p1|Zamazenta-*|
|poke|p2|Dragonite, M|
|poke|p2|Volcanion|
|poke|p2|Zamazenta-*|
|poke|p2|Meloetta|
|poke|p2|Iron Hands|
|poke|p2|Ogerpon-Wellspring, F|
|teampreview
|inactive|Battle timer is ON: inactive players will automatically lose when time's up. (requested by golookatthisduck)
|
|t:|1760765751
|teamsize|p1|6
|teamsize|p2|6
|start
|switch|p1a: Walking Wake|Walking Wake|100/100
|switch|p2a: Volcanion|Volcanion|100/100
|turn|1
|
|t:|1760765757
|move|p1a: Walking Wake|Draco Meteor|p2a: Volcanion
|-damage|p2a: Volcanion|31/100
|-unboost|p1a: Walking Wake|spa|2
|move|p2a: Volcanion|Sludge Bomb|p1a: Walking Wake
|-damage|p1a: Walking Wake|59/100
|-status|p1a: Walking Wake|psn
|
|-damage|p1a: Walking Wake|47/100 psn|[from] psn
|upkeep
|turn|2
|
|t:|1760765780
|move|p1a: Walking Wake|Draco Meteor|p2a: Volcanion
|-damage|p2a: Volcanion|0 fnt
|-unboost|p1a: Walking Wake|spa|2
|faint|p2a: Volcanion
|
|-damage|p1a: Walking Wake|35/100 psn|[from] psn
|upkeep
|
|t:|1760765799
|switch|p2a: Dragonite|Dragonite, M|100/100
|turn|3
|
|t:|1760765804
|-end|p1a: Walking Wake|Protosynthesis|[silent]
|switch|p1a: Hatterene|Hatterene, F|100/100
|-terastallize|p2a: Dragonite|Fairy
|move|p2a: Dragonite|Extreme Speed|p1a: Hatterene
|-damage|p1a: Hatterene|65/100
|
|-heal|p1a: Hatterene|71/100|[from] item: Leftovers
|upkeep
|turn|4
|
|t:|1760765818
|switch|p2a: Meloetta|Meloetta|100/100
|move|p1a: Hatterene|Trick Room|p1a: Hatterene
|-fieldstart|move: Trick Room|[of] p1a: Hatterene
|
|-heal|p1a: Hatterene|77/100|[from] item: Leftovers
|upkeep
|turn|5
|
|t:|1760765825
|move|p1a: Hatterene|Healing Wish|p1a: Hatterene
|faint|p1a: Hatterene
|move|p2a: Meloetta|Shadow Ball|p1: Hatterene|[notarget]
|-fail|p2a: Meloetta
|
|upkeep
|
|t:|1760765827
|switch|p1a: Torkoal|Torkoal, M|100/100
|-weather|SunnyDay|[from] ability: Drought|[of] p1a: Torkoal
|turn|6
|
|t:|1760765834
|switch|p2a: Dragonite|Dragonite, M, tera:Fairy|100/100
|move|p1a: Torkoal|Eruption|p2a: Dragonite
|-damage|p2a: Dragonite|34/100
|
|-weather|SunnyDay|[upkeep]
|upkeep
|turn|7
|
|t:|1760765842
|move|p1a: Torkoal|Eruption|p2a: Dragonite
|-damage|p2a: Dragonite|0 fnt
|faint|p2a: Dragonite
|
|-weather|SunnyDay|[upkeep]
|upkeep
|
|t:|1760765848
|switch|p2a: Iron Hands|Iron Hands, shiny|100/100
|turn|8
|
|t:|1760765852
|move|p1a: Torkoal|Eruption|p2a: Iron Hands
|-damage|p2a: Iron Hands|0 fnt
|faint|p2a: Iron Hands
|-end|p2a: Iron Hands|Quark Drive|[silent]
|
|-weather|SunnyDay|[upkeep]
|-fieldend|move: Trick Room
|upkeep
|
|t:|1760765860
|switch|p2a: Ogerpon|Ogerpon-Wellspring, F|100/100
|turn|9
|
|t:|1760765867
|switch|p1a: Walking Wake|Walking Wake|35/100 psn
|-heal|p1a: Walking Wake|100/100|[from] move: Healing Wish
|-activate|p1a: Walking Wake|ability: Protosynthesis
|-start|p1a: Walking Wake|protosynthesisspa
|move|p2a: Ogerpon|Knock Off|p1a: Walking Wake
|-damage|p1a: Walking Wake|57/100
|-enditem|p1a: Walking Wake|Choice Scarf|[from] move: Knock Off|[of] p2a: Ogerpon
|
|-weather|SunnyDay|[upkeep]
|upkeep
|turn|10
|
|t:|1760765879
|move|p2a: Ogerpon|Horn Leech|p1a: Walking Wake
|-damage|p1a: Walking Wake|5/100
|move|p1a: Walking Wake|Draco Meteor|p2a: Ogerpon|[miss]
|-miss|p1a: Walking Wake|p2a: Ogerpon
|
|-weather|none
|-end|p1a: Walking Wake|Protosynthesis
|upkeep
|turn|11
|
|t:|1760765888
|move|p2a: Ogerpon|Horn Leech|p1a: Walking Wake
|-damage|p1a: Walking Wake|0 fnt
|faint|p1a: Walking Wake
|-end|p1a: Walking Wake|Protosynthesis|[silent]
|
|upkeep
|
|t:|1760765915
|switch|p1a: Zamazenta|Zamazenta|100/100
|-ability|p1a: Zamazenta|Dauntless Shield|boost
|-boost|p1a: Zamazenta|def|1
|turn|12
|c|☆Chuck2025|I’m curious how’d you torkoal be able to attack first each time?
|
|t:|1760765930
|move|p1a: Zamazenta|Body Press|p2a: Ogerpon
|-damage|p2a: Ogerpon|42/100
|move|p2a: Ogerpon|Play Rough|p1a: Zamazenta
|-supereffective|p1a: Zamazenta
|-damage|p1a: Zamazenta|54/100
|
|-heal|p1a: Zamazenta|60/100|[from] item: Leftovers
|upkeep
|turn|13
|
|t:|1760765946
|move|p1a: Zamazenta|Iron Defense|p1a: Zamazenta
|-boost|p1a: Zamazenta|def|2
|move|p2a: Ogerpon|Zen Headbutt|p1a: Zamazenta
|-supereffective|p1a: Zamazenta
|-crit|p1a: Zamazenta
|-damage|p1a: Zamazenta|0 fnt
|faint|p1a: Zamazenta
|
|upkeep
|
|t:|1760765957
|switch|p1a: Cresselia|Cresselia, F|100/100
|turn|14
|
|t:|1760765961
|move|p2a: Ogerpon|Knock Off|p1a: Cresselia
|-supereffective|p1a: Cresselia
|-damage|p1a: Cresselia|55/100
|-enditem|p1a: Cresselia|Mental Herb|[from] move: Knock Off|[of] p2a: Ogerpon
|move|p1a: Cresselia|Trick Room|p1a: Cresselia
|-fieldstart|move: Trick Room|[of] p1a: Cresselia
|
|upkeep
|turn|15
|
|t:|1760765967
|move|p1a: Cresselia|Lunar Dance|p1a: Cresselia
|faint|p1a: Cresselia
|move|p2a: Ogerpon|Knock Off|p1: Cresselia|[notarget]
|-fail|p2a: Ogerpon
|
|upkeep
|
|t:|1760765978
|switch|p1a: Torkoal|Torkoal, M|100/100
|-heal|p1a: Torkoal|100/100|[from] move: Lunar Dance
|-weather|SunnyDay|[from] ability: Drought|[of] p1a: Torkoal
|turn|16
|
|t:|1760765987
|move|p1a: Torkoal|Eruption|p2a: Ogerpon
|-damage|p2a: Ogerpon|0 fnt
|faint|p2a: Ogerpon
|
|-weather|SunnyDay|[upkeep]
|upkeep
|
|t:|1760765993
|switch|p2a: Zamazenta|Zamazenta|100/100
|-ability|p2a: Zamazenta|Dauntless Shield|boost
|-boost|p2a: Zamazenta|def|1
|turn|17
|
|t:|1760766006
|-terastallize|p1a: Torkoal|Fire
|move|p1a: Torkoal|Eruption|p2a: Zamazenta
|-damage|p2a: Zamazenta|0 fnt
|faint|p2a: Zamazenta
|
|-weather|SunnyDay|[upkeep]
|upkeep
|c|☆golookatthisduck|Gg
|
|t:|1760766014
|switch|p2a: Meloetta|Meloetta|100/100
|turn|18
|c|☆golookatthisduck|Crits didnt matter
|
|t:|1760766020
|move|p1a: Torkoal|Eruption|p2a: Meloetta
|-damage|p2a: Meloetta|0 fnt
|faint|p2a: Meloetta
|
|win|golookatthisduck
|raw|golookatthisduck's rating: 1468 &rarr; <strong>1485</strong><br />(+17 for winning)
|raw|Chuck2025's rating: 1421 &rarr; <strong>1404</strong><br />(-17 for losing)
|c|☆Chuck2025|Oh I see
|c|☆golookatthisduck|Trick room
|c|☆golookatthisduck|!dt trick room
|c| golookatthisduck|/raw <ul class="utilichart"><li class="result"><span class="col movenamecol"><a href="https://dex.pokemonshowdown.com/moves/trickroom">Trick Room</a></span> <span class="col typecol"><img src="//play.pokemonshowdown.com/sprites/types/Psychic.png" alt="Psychic" width="32" height="14"><img src="//play.pokemonshowdown.com/sprites/categories/Status.png" alt="Status" width="32" height="14"></span> <span class="col widelabelcol"><em>Accuracy</em><br>—</span> <span class="col pplabelcol"><em>PP</em><br>8</span> <span class="col movedesccol">Goes last. For 5 turns, turn order is reversed.</span> </li><li style="clear:both"></li></ul>
|c| golookatthisduck|/raw <font size="1"><font color="#686868">Priority:</font> -7&nbsp;|&ThickSpace;<font color="#686868">Gen:</font> 4&nbsp;|&ThickSpace;&#10003; Bypasses Protect&nbsp;|&ThickSpace;<font color="#686868">Z-Effect:</font>  Accuracy +1&nbsp;|&ThickSpace;<font color="#686868">Target:</font> All Pokémon</font>

|l|☆golookatthisduck
|player|p1|
|j|☆golookatthisduck
|player|p1|golookatthisduck|265|
|l|☆golookatthisduck
|player|p1|
