|j|☆Toed Rose
|j|☆toyourtown
|t:|1760890452
|gametype|singles
|player|p1|Toed Rose|170|1207
|player|p2|toyourtown|boarder|1172
|gen|9
|tier|[Gen 9] OU
|rated|
|rule|HP Percentage Mod: HP is shown in percentages
|rule|Endless Battle Clause: Forcing endless battles is banned
|rule|Species Clause: Limit one of each Pokémon
|rule|OHKO Clause: OHKO moves are banned
|rule|Evasion Items Clause: Evasion items are banned
|rule|Evasion Moves Clause: Evasion moves are banned
|rule|Evasion Abilities Clause: Evasion abilities are banned
|rule|Sleep Moves Clause: Sleep-inducing moves are banned
|clearpoke
|poke|p1|Araquanid, M|
|poke|p1|Gholdengo|
|poke|p1|Great Tusk|
|poke|p1|Raging Bolt|
|poke|p1|Iron Moth|
|poke|p1|Articuno-Galar|
|poke|p2|Ogerpon-Wellspring, F|
|poke|p2|Dragonite, M|
|poke|p2|Great Tusk|
|poke|p2|Gholdengo|
|poke|p2|Iron Moth|
|poke|p2|Raging Bolt|
|teampreview
|inactive|Battle timer is ON: inactive players will automatically lose when time's up. (requested by toyourtown)
|
|t:|1760890481
|teamsize|p1|6
|teamsize|p2|6
|start
|switch|p1a: Great Tusk|Great Tusk|100/100
|switch|p2a: Raging Bolt|Raging Bolt|100/100
|-enditem|p2a: Raging Bolt|Booster Energy
|-activate|p2a: Raging Bolt|ability: Protosynthesis|[fromitem]
|-start|p2a: Raging Bolt|protosynthesisspa
|turn|1
|
|t:|1760890502
|-end|p1a: Great Tusk|Protosynthesis|[silent]
|switch|p1a: Araquanid|Araquanid, M, shiny|100/100
|-end|p2a: Raging Bolt|Protosynthesis|[silent]
|switch|p2a: Gholdengo|Gholdengo|100/100
|-item|p2a: Gholdengo|Air Balloon
|
|upkeep
|turn|2
|inactive|toyourtown has 120 seconds left.
|
|t:|1760890548
|switch|p2a: Raging Bolt|Raging Bolt|100/100
|move|p1a: Araquanid|Liquidation|p2a: Raging Bolt
|-resisted|p2a: Raging Bolt
|-damage|p2a: Raging Bolt|77/100
|
|upkeep
|turn|3
|inactive|Toed Rose has 120 seconds left.
|
|t:|1760890563
|switch|p1a: Great Tusk|Great Tusk|100/100
|move|p2a: Raging Bolt|Dragon Pulse|p1a: Great Tusk
|-crit|p1a: Great Tusk
|-damage|p1a: Great Tusk|24/100
|
|upkeep
|turn|4
|inactive|toyourtown has 120 seconds left.
|
|t:|1760890573
|-end|p2a: Raging Bolt|Protosynthesis|[silent]
|switch|p2a: Dragonite|Dragonite, M|100/100
|move|p1a: Great Tusk|Knock Off|p2a: Dragonite
|-damage|p2a: Dragonite|81/100
|-enditem|p2a: Dragonite|Heavy-Duty Boots|[from] move: Knock Off|[of] p1a: Great Tusk
|
|upkeep
|turn|5
|
|t:|1760890587
|-end|p1a: Great Tusk|Protosynthesis|[silent]
|switch|p1a: Gholdengo|Gholdengo|100/100
|move|p2a: Dragonite|Ice Spinner|p1a: Gholdengo
|-resisted|p1a: Gholdengo
|-damage|p1a: Gholdengo|82/100
|
|upkeep
|turn|6
|inactive|toyourtown has 120 seconds left.
|
|t:|1760890608
|move|p1a: Gholdengo|Shadow Ball|p2a: Dragonite
|-damage|p2a: Dragonite|34/100
|move|p2a: Dragonite|Earthquake|p1a: Gholdengo
|-supereffective|p1a: Gholdengo
|-damage|p1a: Gholdengo|1/100
|
|upkeep
|turn|7
|inactive|toyourtown has 120 seconds left.
|
|t:|1760890618
|-terastallize|p2a: Dragonite|Normal
|move|p1a: Gholdengo|Shadow Ball|p2a: Dragonite
|-immune|p2a: Dragonite
|move|p2a: Dragonite|Dragon Dance|p2a: Dragonite
|-boost|p2a: Dragonite|atk|1
|-boost|p2a: Dragonite|spe|1
|
|upkeep
|turn|8
|
|t:|1760890626
|switch|p1a: Raging Bolt|Raging Bolt|100/100
|move|p2a: Dragonite|Ice Spinner|p1a: Raging Bolt
|-supereffective|p1a: Raging Bolt
|-damage|p1a: Raging Bolt|30/100
|
|-heal|p1a: Raging Bolt|36/100|[from] item: Leftovers
|upkeep
|turn|9
|
|t:|1760890633
|move|p1a: Raging Bolt|Thunderclap|p2a: Dragonite
|-damage|p2a: Dragonite|0 fnt
|faint|p2a: Dragonite
|
|-heal|p1a: Raging Bolt|42/100|[from] item: Leftovers
|upkeep
|
|t:|1760890642
|switch|p2a: Ogerpon|Ogerpon-Wellspring, F|100/100
|turn|10
|
|t:|1760890651
|move|p2a: Ogerpon|Spikes|p1a: Raging Bolt
|-sidestart|p1: Toed Rose|Spikes
|move|p1a: Raging Bolt|Volt Switch|p2a: Ogerpon
|-damage|p2a: Ogerpon|51/100
|
|t:|1760890659
|-end|p1a: Raging Bolt|Protosynthesis|[silent]
|switch|p1a: Articuno|Articuno-Galar|100/100|[from] Volt Switch
|
|upkeep
|turn|11
|
|t:|1760890664
|move|p2a: Ogerpon|Knock Off|p1a: Articuno
|-supereffective|p1a: Articuno
|-damage|p1a: Articuno|13/100
|-enditem|p1a: Articuno|Wise Glasses|[from] move: Knock Off|[of] p2a: Ogerpon
|move|p1a: Articuno|Calm Mind|p1a: Articuno
|-boost|p1a: Articuno|spa|1
|-boost|p1a: Articuno|spd|1
|
|upkeep
|turn|12
|
|t:|1760890672
|move|p2a: Ogerpon|U-turn|p1a: Articuno
|-damage|p1a: Articuno|0 fnt
|faint|p1a: Articuno
|
|t:|1760890675
|switch|p2a: Great Tusk|Great Tusk|100/100|[from] U-turn
|-enditem|p2a: Great Tusk|Booster Energy
|-activate|p2a: Great Tusk|ability: Protosynthesis|[fromitem]
|-start|p2a: Great Tusk|protosynthesisspe
|
|upkeep
|
|t:|1760890692
|switch|p1a: Araquanid|Araquanid, M, shiny|100/100
|-damage|p1a: Araquanid|88/100|[from] Spikes
|turn|13
|
|t:|1760890700
|-end|p2a: Great Tusk|Protosynthesis|[silent]
|switch|p2a: Ogerpon|Ogerpon-Wellspring, F|51/100
|move|p1a: Araquanid|Liquidation|p2a: Ogerpon
|-heal|p2a: Ogerpon|76/100|[from] ability: Water Absorb|[of] p1a: Araquanid
|
|-heal|p1a: Araquanid|94/100|[from] item: Leftovers
|upkeep
|turn|14
|
|t:|1760890716
|switch|p2a: Raging Bolt|Raging Bolt|77/100
|move|p1a: Araquanid|Lunge|p2a: Raging Bolt
|-damage|p2a: Raging Bolt|53/100
|-unboost|p2a: Raging Bolt|atk|1
|
|-heal|p1a: Araquanid|100/100|[from] item: Leftovers
|upkeep
|turn|15
|
|t:|1760890723
|move|p2a: Raging Bolt|Thunderbolt|p1a: Araquanid
|-supereffective|p1a: Araquanid
|-damage|p1a: Araquanid|17/100
|move|p1a: Araquanid|Sticky Web|p2a: Raging Bolt
|-sidestart|p2: toyourtown|move: Sticky Web
|
|-heal|p1a: Araquanid|23/100|[from] item: Leftovers
|upkeep
|turn|16
|
|t:|1760890731
|move|p2a: Raging Bolt|Dragon Pulse|p1a: Araquanid
|-damage|p1a: Araquanid|0 fnt
|faint|p1a: Araquanid
|
|upkeep
|
|t:|1760890742
|switch|p1a: Raging Bolt|Raging Bolt|42/100
|-damage|p1a: Raging Bolt|30/100|[from] Spikes
|turn|17
|
|t:|1760890758
|move|p2a: Raging Bolt|Dragon Pulse|p1a: Raging Bolt
|-supereffective|p1a: Raging Bolt
|-damage|p1a: Raging Bolt|0 fnt
|faint|p1a: Raging Bolt
|-end|p1a: Raging Bolt|Protosynthesis|[silent]
|
|upkeep
|
|t:|1760890765
|switch|p1a: Great Tusk|Great Tusk|24/100
|-damage|p1a: Great Tusk|12/100|[from] Spikes
|turn|18
|
|t:|1760890777
|-end|p2a: Raging Bolt|Protosynthesis|[silent]
|switch|p2a: Gholdengo|Gholdengo|100/100
|-item|p2a: Gholdengo|Air Balloon
|move|p1a: Great Tusk|Rapid Spin|p2a: Gholdengo
|-immune|p2a: Gholdengo
|
|upkeep
|turn|19
|
|t:|1760890785
|move|p2a: Gholdengo|Shadow Ball|p1a: Great Tusk
|-damage|p1a: Great Tusk|0 fnt
|faint|p1a: Great Tusk
|-end|p1a: Great Tusk|Protosynthesis|[silent]
|
|upkeep
|
|t:|1760890788
|switch|p1a: Iron Moth|Iron Moth, shiny|100/100
|-damage|p1a: Iron Moth|88/100|[from] Spikes
|-enditem|p1a: Iron Moth|Booster Energy
|-activate|p1a: Iron Moth|ability: Quark Drive|[fromitem]
|-start|p1a: Iron Moth|quarkdrivespa
|turn|20
|
|t:|1760890798
|switch|p2a: Great Tusk|Great Tusk|100/100
|-activate|p2a: Great Tusk|move: Sticky Web
|-unboost|p2a: Great Tusk|spe|1
|move|p1a: Iron Moth|Agility|p1a: Iron Moth
|-boost|p1a: Iron Moth|spe|2
|
|upkeep
|turn|21
|
|t:|1760890807
|move|p1a: Iron Moth|Energy Ball|p2a: Great Tusk
|-supereffective|p2a: Great Tusk
|-damage|p2a: Great Tusk|0 fnt
|faint|p2a: Great Tusk
|-end|p2a: Great Tusk|Protosynthesis|[silent]
|
|upkeep
|
|t:|1760890822
|switch|p2a: Ogerpon|Ogerpon-Wellspring, F|76/100
|-activate|p2a: Ogerpon|move: Sticky Web
|-unboost|p2a: Ogerpon|spe|1
|turn|22
|
|t:|1760890830
|move|p1a: Iron Moth|Sludge Wave|p2a: Ogerpon
|-supereffective|p2a: Ogerpon
|-damage|p2a: Ogerpon|0 fnt
|faint|p2a: Ogerpon
|
|upkeep
|
|t:|1760890832
|switch|p2a: Gholdengo|Gholdengo|100/100
|-item|p2a: Gholdengo|Air Balloon
|turn|23
|
|t:|1760890837
|move|p1a: Iron Moth|Fiery Dance|p2a: Gholdengo
|-supereffective|p2a: Gholdengo
|-crit|p2a: Gholdengo
|-damage|p2a: Gholdengo|0 fnt
|-boost|p1a: Iron Moth|spa|1
|-enditem|p2a: Gholdengo|Air Balloon
|faint|p2a: Gholdengo
|
|upkeep
|
|t:|1760890840
|switch|p2a: Raging Bolt|Raging Bolt|53/100
|-activate|p2a: Raging Bolt|move: Sticky Web
|-unboost|p2a: Raging Bolt|spe|1
|turn|24
|
|t:|1760890845
|move|p1a: Iron Moth|Sludge Wave|p2a: Raging Bolt
|-damage|p2a: Raging Bolt|0 fnt
|faint|p2a: Raging Bolt
|-end|p2a: Raging Bolt|Protosynthesis|[silent]
|
|upkeep
|
|t:|1760890847
|switch|p2a: Iron Moth|Iron Moth|100/100
|-activate|p2a: Iron Moth|move: Sticky Web
|-unboost|p2a: Iron Moth|spe|1
|-enditem|p2a: Iron Moth|Booster Energy
|-activate|p2a: Iron Moth|ability: Quark Drive|[fromitem]
|-start|p2a: Iron Moth|quarkdrivespa
|turn|25
|
|t:|1760890864
|-terastallize|p1a: Iron Moth|Fire
|move|p1a: Iron Moth|Fiery Dance|p2a: Iron Moth
|-resisted|p2a: Iron Moth
|-damage|p2a: Iron Moth|30/100
|-boost|p1a: Iron Moth|spa|1
|move|p2a: Iron Moth|Tera Blast|p1a: Iron Moth
|-damage|p1a: Iron Moth|52/100
|
|upkeep
|turn|26
|-message|toyourtown forfeited.
|
|win|Toed Rose
|raw|Toed Rose's rating: 1207 &rarr; <strong>1229</strong><br />(+22 for winning)
|raw|toyourtown's rating: 1172 &rarr; <strong>1150</strong><br />(-22 for losing)
|l|☆toyourtown
|player|p2|
|l|☆Toed Rose
|player|p1|
