|j|☆samandsling
|j|☆scrubtest98
|t:|1760808289
|gametype|singles
|player|p1|samandsling|miku-water|1271
|player|p2|scrubtest98|170|1336
|gen|9
|tier|[Gen 9] OU
|rated|
|rule|HP Percentage Mod: HP is shown in percentages
|rule|Endless Battle Clause: Forcing endless battles is banned
|rule|Species Clause: Limit one of each Pokémon
|rule|OHKO Clause: OHKO moves are banned
|rule|Evasion Items Clause: Evasion items are banned
|rule|Evasion Moves Clause: Evasion moves are banned
|rule|Evasion Abilities Clause: Evasion abilities are banned
|rule|Sleep Moves Clause: Sleep-inducing moves are banned
|clearpoke
|poke|p1|Pelipper, F|
|poke|p1|Barraskewda, F|
|poke|p1|Iron Treads|
|poke|p1|Thundurus-Therian, M|
|poke|p1|Greninja-*, M|
|poke|p1|Mamoswine, M|
|poke|p2|Rillaboom, M|
|poke|p2|Zamazenta-*|
|poke|p2|Heatran, F|
|poke|p2|Ogerpon-Wellspring, F|
|poke|p2|Great Tusk|
|poke|p2|Dragapult, F|
|teampreview
|
|t:|1760808297
|teamsize|p1|6
|teamsize|p2|6
|start
|switch|p1a: tonkatruck|Iron Treads|100/100
|switch|p2a: Ogerpon|Ogerpon-Wellspring, F|100/100
|-enditem|p1a: tonkatruck|Booster Energy
|-activate|p1a: tonkatruck|ability: Quark Drive|[fromitem]
|-start|p1a: tonkatruck|quarkdrivespe
|turn|1
|
|t:|1760808303
|move|p1a: tonkatruck|Ice Spinner|p2a: Ogerpon
|-damage|p2a: Ogerpon|70/100
|move|p2a: Ogerpon|Swords Dance|p2a: Ogerpon
|-boost|p2a: Ogerpon|atk|2
|
|upkeep
|turn|2
|
|t:|1760808311
|move|p1a: tonkatruck|Stealth Rock|p2a: Ogerpon
|-sidestart|p2: scrubtest98|move: Stealth Rock
|move|p2a: Ogerpon|Ivy Cudgel|p1a: tonkatruck|[anim] Ivy Cudgel Water
|-supereffective|p1a: tonkatruck
|-damage|p1a: tonkatruck|0 fnt
|faint|p1a: tonkatruck
|-end|p1a: tonkatruck|Quark Drive|[silent]
|
|upkeep
|
|t:|1760808320
|switch|p1a: glindseylou|Barraskewda, F, shiny|100/100
|turn|3
|
|t:|1760808324
|switch|p2a: Dragapult|Dragapult, F|100/100
|-damage|p2a: Dragapult|88/100|[from] Stealth Rock
|move|p1a: glindseylou|Close Combat|p2a: Dragapult
|-immune|p2a: Dragapult
|
|upkeep
|turn|4
|
|t:|1760808329
|switch|p1a: dinkdinkdink|Greninja, M|100/100
|move|p2a: Dragapult|U-turn|p1a: dinkdinkdink
|-supereffective|p1a: dinkdinkdink
|-damage|p1a: dinkdinkdink|41/100
|
|t:|1760808333
|switch|p2a: Rillaboom|Rillaboom, M|100/100|[from] U-turn
|-damage|p2a: Rillaboom|88/100|[from] Stealth Rock
|-fieldstart|move: Grassy Terrain|[from] ability: Grassy Surge|[of] p2a: Rillaboom
|
|-heal|p1a: dinkdinkdink|47/100|[from] Grassy Terrain
|-heal|p2a: Rillaboom|94/100|[from] Grassy Terrain
|upkeep
|turn|5
|
|t:|1760808339
|switch|p1a: raini rodriguez|Pelipper, F, shiny|100/100
|-weather|RainDance|[from] ability: Drizzle|[of] p1a: raini rodriguez
|-terastallize|p2a: Rillaboom|Grass
|move|p2a: Rillaboom|Grassy Glide|p1a: raini rodriguez
|-damage|p1a: raini rodriguez|40/100
|
|-weather|RainDance|[upkeep]
|-heal|p2a: Rillaboom|99/100|[from] Grassy Terrain
|upkeep
|turn|6
|
|t:|1760808352
|-terastallize|p1a: raini rodriguez|Steel
|move|p2a: Rillaboom|Grassy Glide|p1a: raini rodriguez
|-resisted|p1a: raini rodriguez
|-damage|p1a: raini rodriguez|8/100
|move|p1a: raini rodriguez|Hurricane|p2a: Rillaboom
|-supereffective|p2a: Rillaboom
|-damage|p2a: Rillaboom|9/100
|-start|p2a: Rillaboom|confusion
|
|-weather|RainDance|[upkeep]
|-heal|p2a: Rillaboom|15/100|[from] Grassy Terrain
|-heal|p1a: raini rodriguez|14/100|[from] Grassy Terrain
|upkeep
|turn|7
|
|t:|1760808364
|-activate|p2a: Rillaboom|confusion
|move|p2a: Rillaboom|Grassy Glide|p1a: raini rodriguez
|-resisted|p1a: raini rodriguez
|-damage|p1a: raini rodriguez|0 fnt
|faint|p1a: raini rodriguez
|
|-weather|RainDance|[upkeep]
|-heal|p2a: Rillaboom|21/100|[from] Grassy Terrain
|upkeep
|
|t:|1760808369
|switch|p1a: dinkdinkdink|Greninja, M|47/100
|turn|8
|
|t:|1760808374
|switch|p2a: Heatran|Heatran, F|100/100
|-damage|p2a: Heatran|88/100|[from] Stealth Rock
|move|p1a: dinkdinkdink|Water Shuriken|p2a: Heatran
|-supereffective|p2a: Heatran
|-damage|p2a: Heatran|73/100
|-supereffective|p2a: Heatran
|-damage|p2a: Heatran|55/100
|-hitcount|p2a: Heatran|2
|
|-weather|RainDance|[upkeep]
|-heal|p1a: dinkdinkdink|53/100|[from] Grassy Terrain
|-heal|p2a: Heatran|61/100|[from] Grassy Terrain
|-heal|p2a: Heatran|68/100|[from] item: Leftovers
|-fieldend|move: Grassy Terrain
|upkeep
|turn|9
|
|t:|1760808383
|switch|p2a: Ogerpon|Ogerpon-Wellspring, F|70/100
|-damage|p2a: Ogerpon|58/100|[from] Stealth Rock
|move|p1a: dinkdinkdink|Dark Pulse|p2a: Ogerpon
|-damage|p2a: Ogerpon|14/100
|
|-weather|RainDance|[upkeep]
|upkeep
|turn|10
|
|t:|1760808394
|switch|p2a: Zamazenta|Zamazenta|100/100
|-damage|p2a: Zamazenta|94/100|[from] Stealth Rock
|-ability|p2a: Zamazenta|Dauntless Shield|boost
|-boost|p2a: Zamazenta|def|1
|move|p1a: dinkdinkdink|Ice Beam|p2a: Zamazenta
|-damage|p2a: Zamazenta|71/100
|
|-weather|RainDance|[upkeep]
|upkeep
|turn|11
|
|t:|1760808410
|move|p2a: Zamazenta|Close Combat|p1a: dinkdinkdink
|-supereffective|p1a: dinkdinkdink
|-damage|p1a: dinkdinkdink|0 fnt
|-unboost|p2a: Zamazenta|def|1
|-unboost|p2a: Zamazenta|spd|1
|faint|p1a: dinkdinkdink
|-damage|p2a: Zamazenta|61/100|[from] item: Life Orb
|
|-weather|RainDance|[upkeep]
|upkeep
|
|t:|1760808420
|switch|p1a: stacy’s ace stace|Thundurus-Therian, M|100/100
|turn|12
|
|t:|1760808423
|move|p2a: Zamazenta|Stone Edge|p1a: stacy’s ace stace|[miss]
|-miss|p2a: Zamazenta|p1a: stacy’s ace stace
|move|p1a: stacy’s ace stace|Substitute|p1a: stacy’s ace stace
|-start|p1a: stacy’s ace stace|Substitute
|-damage|p1a: stacy’s ace stace|76/100
|
|-weather|none
|-heal|p1a: stacy’s ace stace|82/100|[from] item: Leftovers
|upkeep
|turn|13
|
|t:|1760808428
|move|p2a: Zamazenta|Stone Edge|p1a: stacy’s ace stace|[miss]
|-miss|p2a: Zamazenta|p1a: stacy’s ace stace
|move|p1a: stacy’s ace stace|Thunder|p2a: Zamazenta|[miss]
|-miss|p1a: stacy’s ace stace|p2a: Zamazenta
|
|-heal|p1a: stacy’s ace stace|88/100|[from] item: Leftovers
|upkeep
|turn|14
|
|t:|1760808431
|move|p2a: Zamazenta|Crunch|p1a: stacy’s ace stace
|-end|p1a: stacy’s ace stace|Substitute
|-damage|p2a: Zamazenta|51/100|[from] item: Life Orb
|move|p1a: stacy’s ace stace|Thunder|p2a: Zamazenta
|-damage|p2a: Zamazenta|0 fnt
|faint|p2a: Zamazenta
|
|-heal|p1a: stacy’s ace stace|94/100|[from] item: Leftovers
|upkeep
|
|t:|1760808436
|switch|p2a: Heatran|Heatran, F|68/100
|-damage|p2a: Heatran|55/100|[from] Stealth Rock
|turn|15
|
|t:|1760808442
|switch|p1a: dink|Mamoswine, M|100/100
|move|p2a: Heatran|Taunt|p1a: dink
|-start|p1a: dink|move: Taunt
|
|-heal|p2a: Heatran|61/100|[from] item: Leftovers
|upkeep
|turn|16
|
|t:|1760808448
|move|p1a: dink|Earthquake|p2a: Heatran
|-supereffective|p2a: Heatran
|-damage|p2a: Heatran|0 fnt
|faint|p2a: Heatran
|
|upkeep
|
|t:|1760808452
|switch|p2a: Rillaboom|Rillaboom, M, tera:Grass|21/100
|-damage|p2a: Rillaboom|9/100|[from] Stealth Rock
|-fieldstart|move: Grassy Terrain|[from] ability: Grassy Surge|[of] p2a: Rillaboom
|turn|17
|
|t:|1760808456
|move|p2a: Rillaboom|Grassy Glide|p1a: dink
|-supereffective|p1a: dink
|-damage|p1a: dink|0 fnt
|faint|p1a: dink
|
|-heal|p2a: Rillaboom|15/100|[from] Grassy Terrain
|upkeep
|
|t:|1760808461
|switch|p1a: glindseylou|Barraskewda, F, shiny|100/100
|turn|18
|
|t:|1760808467
|switch|p2a: Ogerpon|Ogerpon-Wellspring, F|14/100
|-damage|p2a: Ogerpon|1/100|[from] Stealth Rock
|move|p1a: glindseylou|Close Combat|p2a: Ogerpon
|-damage|p2a: Ogerpon|0 fnt
|-unboost|p1a: glindseylou|def|1
|-unboost|p1a: glindseylou|spd|1
|faint|p2a: Ogerpon
|
|upkeep
|
|t:|1760808469
|switch|p2a: Rillaboom|Rillaboom, M, tera:Grass|15/100
|-damage|p2a: Rillaboom|3/100|[from] Stealth Rock
|turn|19
|
|t:|1760808472
|switch|p1a: stacy’s ace stace|Thundurus-Therian, M|94/100
|move|p2a: Rillaboom|Grassy Glide|p1a: stacy’s ace stace
|-resisted|p1a: stacy’s ace stace
|-damage|p1a: stacy’s ace stace|37/100
|
|-heal|p1a: stacy’s ace stace|43/100|[from] item: Leftovers
|-heal|p2a: Rillaboom|9/100|[from] Grassy Terrain
|upkeep
|turn|20
|
|t:|1760808480
|move|p2a: Rillaboom|Grassy Glide|p1a: stacy’s ace stace
|-resisted|p1a: stacy’s ace stace
|-damage|p1a: stacy’s ace stace|0 fnt
|faint|p1a: stacy’s ace stace
|
|-heal|p2a: Rillaboom|15/100|[from] Grassy Terrain
|upkeep
|
|t:|1760808485
|switch|p1a: glindseylou|Barraskewda, F, shiny|100/100
|turn|21
|
|t:|1760808488
|move|p1a: glindseylou|Aqua Jet|p2a: Rillaboom
|-resisted|p2a: Rillaboom
|-damage|p2a: Rillaboom|0 fnt
|faint|p2a: Rillaboom
|
|-fieldend|move: Grassy Terrain
|upkeep
|
|t:|1760808495
|switch|p2a: Dragapult|Dragapult, F|88/100
|-damage|p2a: Dragapult|76/100|[from] Stealth Rock
|turn|22
|
|t:|1760808500
|move|p1a: glindseylou|Aqua Jet|p2a: Dragapult
|-resisted|p2a: Dragapult
|-damage|p2a: Dragapult|55/100
|move|p2a: Dragapult|Draco Meteor|p1a: glindseylou
|-damage|p1a: glindseylou|0 fnt
|-unboost|p2a: Dragapult|spa|2
|faint|p1a: glindseylou
|
|win|scrubtest98
|raw|samandsling's rating: 1271 &rarr; <strong>1251</strong><br />(-20 for losing)
|raw|scrubtest98's rating: 1336 &rarr; <strong>1352</strong><br />(+16 for winning)
|l|☆scrubtest98
|player|p2|
