|j|☆Jute main
|j|☆go b3yond
|t:|1760722739
|gametype|singles
|player|p1|Jute main|riley|1469
|player|p2|go b3yond|waiter-gen4dp|1459
|gen|9
|tier|[Gen 9] OU
|rated|
|rule|HP Percentage Mod: HP is shown in percentages
|rule|Endless Battle Clause: Forcing endless battles is banned
|rule|Species Clause: Limit one of each Pokémon
|rule|OHKO Clause: OHKO moves are banned
|rule|Evasion Items Clause: Evasion items are banned
|rule|Evasion Moves Clause: Evasion moves are banned
|rule|Evasion Abilities Clause: Evasion abilities are banned
|rule|Sleep Moves Clause: Sleep-inducing moves are banned
|clearpoke
|poke|p1|Kyurem|
|poke|p1|Primarina, M|
|poke|p1|Glimmora, M|
|poke|p1|Iron Crown|
|poke|p1|Ogerpon-Wellspring, F|
|poke|p1|Corviknight, F|
|poke|p2|Torkoal, F|
|poke|p2|Brute Bonnet|
|poke|p2|Walking Wake|
|poke|p2|Hatterene, F|
|poke|p2|Thundurus-Therian, M|
|poke|p2|Ceruledge, F|
|teampreview
|c|☆Jute main|gl cool team
|inactive|Battle timer is ON: inactive players will automatically lose when time's up. (requested by go b3yond)
|c|☆go b3yond|thx u 2
|
|t:|1760722760
|teamsize|p1|6
|teamsize|p2|6
|start
|switch|p1a: Glimmora|Glimmora, M|100/100
|switch|p2a: Great Bait|Torkoal, F, shiny|100/100
|-weather|SunnyDay|[from] ability: Drought|[of] p2a: Great Bait
|turn|1
|
|t:|1760722765
|switch|p2a: Witch|Hatterene, F, shiny|100/100
|move|p1a: Glimmora|Power Gem|p2a: Witch
|-damage|p2a: Witch|53/100
|-enditem|p2a: Witch|Eject Button
|
|t:|1760722770
|switch|p2a: Shark|Walking Wake|100/100
|-activate|p2a: Shark|ability: Protosynthesis
|-start|p2a: Shark|protosynthesisspe
|
|-weather|SunnyDay|[upkeep]
|upkeep
|turn|2
|
|t:|1760722784
|switch|p1a: Corviknight|Corviknight, F|100/100
|move|p2a: Shark|Flip Turn|p1a: Corviknight
|-damage|p1a: Corviknight|96/100
|-damage|p2a: Shark|84/100|[from] item: Rocky Helmet|[of] p1a: Corviknight
|
|t:|1760722791
|-end|p2a: Shark|Protosynthesis|[silent]
|switch|p2a: Storm|Thundurus-Therian, M|100/100|[from] Flip Turn
|
|-weather|SunnyDay|[upkeep]
|upkeep
|turn|3
|
|t:|1760722802
|move|p2a: Storm|Volt Switch|p1a: Corviknight
|-supereffective|p1a: Corviknight
|-damage|p1a: Corviknight|0 fnt
|faint|p1a: Corviknight
|
|t:|1760722807
|switch|p2a: Witch|Hatterene, F, shiny|53/100|[from] Volt Switch
|
|-weather|SunnyDay|[upkeep]
|upkeep
|inactive|Jute main has 120 seconds left.
|
|t:|1760722839
|switch|p1a: Glimmora|Glimmora, M|100/100
|turn|4
|
|t:|1760722845
|move|p1a: Glimmora|Sludge Wave|p2a: Witch
|-supereffective|p2a: Witch
|-damage|p2a: Witch|0 fnt
|faint|p2a: Witch
|
|-weather|SunnyDay|[upkeep]
|upkeep
|
|t:|1760722856
|switch|p2a: Shark|Walking Wake|84/100
|-activate|p2a: Shark|ability: Protosynthesis
|-start|p2a: Shark|protosynthesisspe
|turn|5
|inactive|Jute main has 120 seconds left.
|
|t:|1760722883
|switch|p1a: Primarina|Primarina, M|100/100
|move|p2a: Shark|Hydro Steam|p1a: Primarina
|-resisted|p1a: Primarina
|-damage|p1a: Primarina|70/100
|
|-weather|SunnyDay|[upkeep]
|-heal|p1a: Primarina|76/100|[from] item: Leftovers
|upkeep
|turn|6
|
|t:|1760722893
|move|p2a: Shark|Flip Turn|p1a: Primarina
|-resisted|p1a: Primarina
|-damage|p1a: Primarina|70/100
|
|t:|1760722899
|-end|p2a: Shark|Protosynthesis|[silent]
|switch|p2a: Storm|Thundurus-Therian, M|100/100|[from] Flip Turn
|move|p1a: Primarina|Substitute|p1a: Primarina
|-start|p1a: Primarina|Substitute
|-damage|p1a: Primarina|45/100
|
|-weather|SunnyDay|[upkeep]
|-heal|p1a: Primarina|52/100|[from] item: Leftovers
|upkeep
|turn|7
|
|t:|1760722909
|move|p2a: Storm|Thunderbolt|p1a: Primarina
|-supereffective|p1a: Primarina
|-end|p1a: Primarina|Substitute
|move|p1a: Primarina|Moonblast|p2a: Storm
|-damage|p2a: Storm|23/100
|-unboost|p2a: Storm|spa|1
|
|-weather|SunnyDay|[upkeep]
|-heal|p1a: Primarina|58/100|[from] item: Leftovers
|upkeep
|turn|8
|
|t:|1760722915
|switch|p1a: Iron Crown|Iron Crown|100/100
|move|p2a: Storm|Thunderbolt|p1a: Iron Crown
|-damage|p1a: Iron Crown|71/100
|
|-weather|none
|upkeep
|turn|9
|
|t:|1760722937
|move|p2a: Storm|Thunderbolt|p1a: Iron Crown
|-damage|p1a: Iron Crown|40/100
|move|p1a: Iron Crown|Tachyon Cutter|p2a: Storm
|-resisted|p2a: Storm
|-damage|p2a: Storm|6/100
|-resisted|p2a: Storm
|-damage|p2a: Storm|0 fnt
|faint|p2a: Storm
|-hitcount|p2: Storm|2
|
|upkeep
|
|t:|1760722943
|switch|p2a: Great Bait|Torkoal, F, shiny|100/100
|-weather|SunnyDay|[from] ability: Drought|[of] p2a: Great Bait
|turn|10
|
|t:|1760722953
|-end|p1a: Iron Crown|Quark Drive|[silent]
|switch|p1a: Glimmora|Glimmora, M|100/100
|move|p2a: Great Bait|Eruption|p1a: Glimmora
|-resisted|p1a: Glimmora
|-damage|p1a: Glimmora|54/100
|
|-weather|SunnyDay|[upkeep]
|upkeep
|turn|11
|
|t:|1760722963
|move|p1a: Glimmora|Power Gem|p2a: Great Bait
|-supereffective|p2a: Great Bait
|-damage|p2a: Great Bait|0 fnt
|faint|p2a: Great Bait
|
|-weather|SunnyDay|[upkeep]
|upkeep
|
|t:|1760722969
|switch|p2a: Shark|Walking Wake|84/100
|-activate|p2a: Shark|ability: Protosynthesis
|-start|p2a: Shark|protosynthesisspe
|turn|12
|
|t:|1760722974
|switch|p1a: Iron Crown|Iron Crown|40/100
|move|p2a: Shark|Flip Turn|p1a: Iron Crown
|-damage|p1a: Iron Crown|33/100
|
|t:|1760722978
|-end|p2a: Shark|Protosynthesis|[silent]
|switch|p2a: BRUTE FORCE|Brute Bonnet|100/100|[from] Flip Turn
|-activate|p2a: BRUTE FORCE|ability: Protosynthesis
|-start|p2a: BRUTE FORCE|protosynthesisatk
|
|-weather|SunnyDay|[upkeep]
|upkeep
|turn|13
|
|t:|1760722985
|-terastallize|p2a: BRUTE FORCE|Fire
|move|p1a: Iron Crown|Tachyon Cutter|p2a: BRUTE FORCE
|-resisted|p2a: BRUTE FORCE
|-damage|p2a: BRUTE FORCE|90/100
|-resisted|p2a: BRUTE FORCE
|-damage|p2a: BRUTE FORCE|79/100
|-hitcount|p2a: BRUTE FORCE|2
|move|p2a: BRUTE FORCE|Growth|p2a: BRUTE FORCE
|-boost|p2a: BRUTE FORCE|atk|2
|-boost|p2a: BRUTE FORCE|spa|2
|
|-weather|SunnyDay|[upkeep]
|upkeep
|turn|14
|
|t:|1760722993
|move|p2a: BRUTE FORCE|Sucker Punch|p1a: Iron Crown
|-supereffective|p1a: Iron Crown
|-damage|p1a: Iron Crown|0 fnt
|faint|p1a: Iron Crown
|-end|p1a: Iron Crown|Quark Drive|[silent]
|
|-weather|SunnyDay|[upkeep]
|upkeep
|
|t:|1760723009
|switch|p1a: Glimmora|Glimmora, M|54/100
|turn|15
|
|t:|1760723024
|switch|p1a: Kyurem|Kyurem|100/100
|-ability|p1a: Kyurem|Pressure
|move|p2a: BRUTE FORCE|Sucker Punch||[still]
|-fail|p2a: BRUTE FORCE
|
|-weather|SunnyDay|[upkeep]
|upkeep
|turn|16
|
|t:|1760723032
|move|p2a: BRUTE FORCE|Sucker Punch||[still]
|-fail|p2a: BRUTE FORCE
|move|p1a: Kyurem|Substitute|p1a: Kyurem
|-start|p1a: Kyurem|Substitute
|-damage|p1a: Kyurem|76/100
|
|-weather|SunnyDay|[upkeep]
|upkeep
|turn|17
|
|t:|1760723044
|move|p1a: Kyurem|Scale Shot|p2a: BRUTE FORCE
|-crit|p2a: BRUTE FORCE
|-damage|p2a: BRUTE FORCE|61/100
|-damage|p2a: BRUTE FORCE|49/100
|-damage|p2a: BRUTE FORCE|37/100
|-damage|p2a: BRUTE FORCE|25/100
|-hitcount|p2a: BRUTE FORCE|4
|-unboost|p1a: Kyurem|def|1
|-boost|p1a: Kyurem|spe|1
|move|p2a: BRUTE FORCE|Bullet Seed|p1a: Kyurem
|-resisted|p1a: Kyurem
|-end|p1a: Kyurem|Substitute
|-resisted|p1a: Kyurem
|-damage|p1a: Kyurem|48/100
|-resisted|p1a: Kyurem
|-damage|p1a: Kyurem|18/100
|-resisted|p1a: Kyurem
|-crit|p1a: Kyurem
|-damage|p1a: Kyurem|0 fnt
|faint|p1a: Kyurem
|-hitcount|p1: Kyurem|4
|
|-weather|none
|-end|p2a: BRUTE FORCE|Protosynthesis
|upkeep
|
|t:|1760723053
|switch|p1a: Ogerpon|Ogerpon-Wellspring, F|100/100
|turn|18
|
|t:|1760723063
|move|p2a: BRUTE FORCE|Sucker Punch||[still]
|-fail|p2a: BRUTE FORCE
|move|p1a: Ogerpon|Substitute|p1a: Ogerpon
|-start|p1a: Ogerpon|Substitute
|-damage|p1a: Ogerpon|76/100
|
|upkeep
|turn|19
|
|t:|1760723072
|move|p1a: Ogerpon|Substitute|p1a: Ogerpon
|-fail|p1a: Ogerpon|move: Substitute
|move|p2a: BRUTE FORCE|Bullet Seed|p1a: Ogerpon
|-end|p1a: Ogerpon|Substitute
|-damage|p1a: Ogerpon|39/100
|-damage|p1a: Ogerpon|0 fnt
|faint|p1a: Ogerpon
|-hitcount|p1: Ogerpon|3
|
|upkeep
|
|t:|1760723079
|switch|p1a: Glimmora|Glimmora, M|54/100
|turn|20
|c|☆go b3yond|missclick?
|
|t:|1760723084
|move|p2a: BRUTE FORCE|Sucker Punch|p1a: Glimmora
|-crit|p1a: Glimmora
|-damage|p1a: Glimmora|0 fnt
|-activate|p1a: Glimmora|ability: Toxic Debris
|-sidestart|p2: go b3yond|move: Toxic Spikes
|faint|p1a: Glimmora
|
|upkeep
|
|t:|1760723087
|switch|p1a: Primarina|Primarina, M|58/100
|turn|21
|
|t:|1760723092
|move|p1a: Primarina|Surf|p2a: BRUTE FORCE
|-supereffective|p2a: BRUTE FORCE
|-damage|p2a: BRUTE FORCE|0 fnt
|faint|p2a: BRUTE FORCE
|-end|p2a: BRUTE FORCE|Protosynthesis|[silent]
|
|-heal|p1a: Primarina|64/100|[from] item: Leftovers
|upkeep
|
|t:|1760723097
|switch|p2a: Knight|Ceruledge, F|100/100
|-status|p2a: Knight|psn
|turn|22
|
|t:|1760723101
|move|p2a: Knight|Poltergeist|p1a: Primarina
|-activate|p1a: Primarina|move: Poltergeist|Leftovers
|-damage|p1a: Primarina|0 fnt
|faint|p1a: Primarina
|
|win|go b3yond
|raw|Jute main's rating: 1469 &rarr; <strong>1448</strong><br />(-21 for losing)
|raw|go b3yond's rating: 1459 &rarr; <strong>1480</strong><br />(+21 for winning)
|l|☆Jute main
|player|p1|
|l|☆go b3yond
|player|p2|
