|j|☆4DEF+4SPD=GG
|j|☆olaf-18
|t:|1760841964
|gametype|singles
|player|p1|4DEF+4SPD=GG|preschooler|1568
|player|p2|olaf-18|102|1552
|gen|9
|tier|[Gen 9] OU
|rated|
|rule|HP Percentage Mod: HP is shown in percentages
|rule|Endless Battle Clause: Forcing endless battles is banned
|rule|Species Clause: Limit one of each Pokémon
|rule|OHKO Clause: OHKO moves are banned
|rule|Evasion Items Clause: Evasion items are banned
|rule|Evasion Moves Clause: Evasion moves are banned
|rule|Evasion Abilities Clause: Evasion abilities are banned
|rule|Sleep Moves Clause: Sleep-inducing moves are banned
|clearpoke
|poke|p1|Torkoal, M|
|poke|p1|Pelipper, M|
|poke|p1|Raging Bolt|
|poke|p1|Walking Wake|
|poke|p1|Alomomola, F|
|poke|p1|Corviknight, M|
|poke|p2|Slowking-Galar, M|
|poke|p2|Armarouge, M|
|poke|p2|Gholdengo|
|poke|p2|Ursaluna, F|
|poke|p2|Regidrago|
|poke|p2|Whimsicott, M|
|teampreview
|inactive|Battle timer is ON: inactive players will automatically lose when time's up. (requested by 4DEF+4SPD=GG)
|inactive|olaf-18 has 120 seconds left.
|
|t:|1760842010
|teamsize|p1|6
|teamsize|p2|6
|start
|switch|p1a: Raging Bolt|Raging Bolt|100/100
|switch|p2a: Slowking|Slowking-Galar, M|100/100
|turn|1
|
|t:|1760842019
|move|p1a: Raging Bolt|Volt Switch|p2a: Slowking
|-damage|p2a: Slowking|70/100
|
|t:|1760842029
|-end|p1a: Raging Bolt|Protosynthesis|[silent]
|switch|p1a: Alomomola|Alomomola, F|100/100|[from] Volt Switch
|move|p2a: Slowking|Trick Room|p2a: Slowking
|-fieldstart|move: Trick Room|[of] p2a: Slowking
|
|upkeep
|turn|2
|inactive|olaf-18 has 120 seconds left.
|
|t:|1760842071
|switch|p2a: Ursaluna|Ursaluna, F|100/100
|move|p1a: Alomomola|Flip Turn|p2a: Ursaluna
|-supereffective|p2a: Ursaluna
|-crit|p2a: Ursaluna
|-damage|p2a: Ursaluna|68/100
|
|t:|1760842080
|switch|p1a: Torkoal|Torkoal, M|100/100|[from] Flip Turn
|-weather|SunnyDay|[from] ability: Drought|[of] p1a: Torkoal
|
|-weather|SunnyDay|[upkeep]
|-status|p2a: Ursaluna|brn|[from] item: Flame Orb
|upkeep
|turn|3
|inactive|olaf-18 has 120 seconds left.
|
|t:|1760842107
|switch|p1a: Pelipper|Pelipper, M|100/100
|-weather|RainDance|[from] ability: Drizzle|[of] p1a: Pelipper
|move|p2a: Ursaluna|Facade|p1a: Pelipper
|-damage|p1a: Pelipper|12/100
|
|-weather|RainDance|[upkeep]
|-damage|p2a: Ursaluna|62/100 brn|[from] brn
|upkeep
|turn|4
|
|t:|1760842113
|switch|p1a: Corviknight|Corviknight, M|100/100
|move|p2a: Ursaluna|Facade|p1a: Corviknight
|-resisted|p1a: Corviknight
|-crit|p1a: Corviknight
|-damage|p1a: Corviknight|49/100
|-damage|p2a: Ursaluna|45/100 brn|[from] item: Rocky Helmet|[of] p1a: Corviknight
|
|-weather|RainDance|[upkeep]
|-damage|p2a: Ursaluna|39/100 brn|[from] brn
|upkeep
|turn|5
|
|t:|1760842135
|move|p1a: Corviknight|Roost|p1a: Corviknight
|-heal|p1a: Corviknight|99/100
|-singleturn|p1a: Corviknight|move: Roost
|move|p2a: Ursaluna|Supercell Slam|p1a: Corviknight
|-damage|p1a: Corviknight|65/100
|-damage|p2a: Ursaluna|22/100 brn|[from] item: Rocky Helmet|[of] p1a: Corviknight
|
|-weather|RainDance|[upkeep]
|-damage|p2a: Ursaluna|16/100 brn|[from] brn
|-fieldend|move: Trick Room
|upkeep
|turn|6
|
|t:|1760842151
|move|p2a: Ursaluna|Supercell Slam|p1a: Corviknight
|-supereffective|p1a: Corviknight
|-damage|p1a: Corviknight|0 fnt
|-damage|p2a: Ursaluna|0 fnt|[from] item: Rocky Helmet|[of] p1a: Corviknight
|faint|p1a: Corviknight
|faint|p2a: Ursaluna
|
|-weather|RainDance|[upkeep]
|upkeep
|inactive|olaf-18 has 90 seconds left.
|
|t:|1760842172
|switch|p2a: Whimsicott|Whimsicott, M|100/100
|switch|p1a: Raging Bolt|Raging Bolt|100/100
|turn|7
|
|t:|1760842178
|-end|p1a: Raging Bolt|Protosynthesis|[silent]
|switch|p1a: Torkoal|Torkoal, M|100/100
|-weather|SunnyDay|[from] ability: Drought|[of] p1a: Torkoal
|move|p2a: Whimsicott|Tailwind|p2a: Whimsicott
|-sidestart|p2: olaf-18|move: Tailwind
|
|-weather|SunnyDay|[upkeep]
|upkeep
|turn|8
|
|t:|1760842183
|switch|p2a: Armarouge|Armarouge, M|100/100
|move|p1a: Torkoal|Lava Plume|p2a: Armarouge
|-resisted|p2a: Armarouge
|-damage|p2a: Armarouge|81/100
|
|-weather|SunnyDay|[upkeep]
|upkeep
|turn|9
|
|t:|1760842189
|switch|p1a: Pelipper|Pelipper, M|12/100
|-weather|RainDance|[from] ability: Drizzle|[of] p1a: Pelipper
|move|p2a: Armarouge|Armor Cannon|p1a: Pelipper
|-resisted|p1a: Pelipper
|-damage|p1a: Pelipper|0 fnt
|-unboost|p2a: Armarouge|def|1
|-unboost|p2a: Armarouge|spd|1
|faint|p1a: Pelipper
|
|-weather|RainDance|[upkeep]
|upkeep
|
|t:|1760842198
|switch|p1a: Walking Wake|Walking Wake|100/100
|turn|10
|inactive|olaf-18 has 120 seconds left.
|
|t:|1760842219
|move|p2a: Armarouge|Psyshock|p1a: Walking Wake
|-damage|p1a: Walking Wake|52/100
|move|p1a: Walking Wake|Hydro Steam|p2a: Armarouge
|-supereffective|p2a: Armarouge
|-crit|p2a: Armarouge
|-damage|p2a: Armarouge|0 fnt
|faint|p2a: Armarouge
|
|-weather|RainDance|[upkeep]
|-sideend|p2: olaf-18|move: Tailwind
|upkeep
|
|t:|1760842222
|switch|p2a: Whimsicott|Whimsicott, M|100/100
|turn|11
|
|t:|1760842227
|-end|p1a: Walking Wake|Protosynthesis|[silent]
|switch|p1a: Torkoal|Torkoal, M|100/100
|-weather|SunnyDay|[from] ability: Drought|[of] p1a: Torkoal
|move|p2a: Whimsicott|Tailwind|p2a: Whimsicott
|-sidestart|p2: olaf-18|move: Tailwind
|
|-weather|SunnyDay|[upkeep]
|upkeep
|turn|12
|inactive|olaf-18 has 120 seconds left.
|
|t:|1760842239
|move|p2a: Whimsicott|Taunt|p1a: Torkoal
|-start|p1a: Torkoal|move: Taunt
|cant|p1a: Torkoal|move: Taunt|Stealth Rock
|
|-weather|SunnyDay|[upkeep]
|upkeep
|turn|13
|
|t:|1760842243
|move|p2a: Whimsicott|Encore||[still]
|-fail|p2a: Whimsicott
|move|p1a: Torkoal|Lava Plume|p2a: Whimsicott
|-supereffective|p2a: Whimsicott
|-damage|p2a: Whimsicott|4/100
|-enditem|p2a: Whimsicott|Eject Button
|
|t:|1760842246
|switch|p2a: Regidrago|Regidrago|100/100
|
|-weather|SunnyDay|[upkeep]
|upkeep
|turn|14
|
|t:|1760842271
|move|p2a: Regidrago|Dragon Energy|p1a: Torkoal
|-damage|p1a: Torkoal|0 fnt
|faint|p1a: Torkoal
|
|-weather|SunnyDay|[upkeep]
|-sideend|p2: olaf-18|move: Tailwind
|upkeep
|
|t:|1760842273
|switch|p1a: Raging Bolt|Raging Bolt|100/100
|-activate|p1a: Raging Bolt|ability: Protosynthesis
|-start|p1a: Raging Bolt|protosynthesisspa
|turn|15
|
|t:|1760842286
|-terastallize|p1a: Raging Bolt|Fairy
|move|p1a: Raging Bolt|Draco Meteor|p2a: Regidrago
|-supereffective|p2a: Regidrago
|-damage|p2a: Regidrago|0 fnt
|-unboost|p1a: Raging Bolt|spa|2
|faint|p2a: Regidrago
|
|-weather|SunnyDay|[upkeep]
|upkeep
|
|t:|1760842300
|switch|p2a: Whimsicott|Whimsicott, M|4/100
|turn|16
|
|t:|1760842302
|-end|p1a: Raging Bolt|Protosynthesis|[silent]
|switch|p1a: Alomomola|Alomomola, F|100/100
|move|p2a: Whimsicott|Encore||[still]
|-fail|p2a: Whimsicott
|
|-weather|SunnyDay|[upkeep]
|upkeep
|turn|17
|
|t:|1760842310
|move|p2a: Whimsicott|Tailwind|p2a: Whimsicott
|-sidestart|p2: olaf-18|move: Tailwind
|move|p1a: Alomomola|Flip Turn|p2a: Whimsicott
|-resisted|p2a: Whimsicott
|-damage|p2a: Whimsicott|0 fnt
|faint|p2a: Whimsicott
|
|t:|1760842314
|switch|p1a: Raging Bolt|Raging Bolt, tera:Fairy|100/100|[from] Flip Turn
|-activate|p1a: Raging Bolt|ability: Protosynthesis
|-start|p1a: Raging Bolt|protosynthesisspa
|
|-weather|SunnyDay|[upkeep]
|upkeep
|
|t:|1760842316
|switch|p2a: Gholdengo|Gholdengo|100/100
|-item|p2a: Gholdengo|Air Balloon
|turn|18
|
|t:|1760842319
|-end|p1a: Raging Bolt|Protosynthesis|[silent]
|switch|p1a: Alomomola|Alomomola, F|100/100
|move|p2a: Gholdengo|Make It Rain|p1a: Alomomola
|-resisted|p1a: Alomomola
|-damage|p1a: Alomomola|77/100
|-unboost|p2a: Gholdengo|spa|1
|
|-weather|none
|upkeep
|turn|19
|
|t:|1760842324
|move|p2a: Gholdengo|Nasty Plot|p2a: Gholdengo
|-boost|p2a: Gholdengo|spa|2
|move|p1a: Alomomola|Flip Turn|p2a: Gholdengo
|-damage|p2a: Gholdengo|83/100
|-enditem|p2a: Gholdengo|Air Balloon
|
|t:|1760842328
|switch|p1a: Raging Bolt|Raging Bolt, tera:Fairy|100/100|[from] Flip Turn
|
|upkeep
|turn|20
|
|t:|1760842342
|-end|p1a: Raging Bolt|Protosynthesis|[silent]
|switch|p1a: Alomomola|Alomomola, F|100/100
|move|p2a: Gholdengo|Shadow Ball|p1a: Alomomola
|-damage|p1a: Alomomola|57/100
|
|-sideend|p2: olaf-18|move: Tailwind
|upkeep
|turn|21
|
|t:|1760842357
|move|p2a: Gholdengo|Nasty Plot|p2a: Gholdengo
|-boost|p2a: Gholdengo|spa|2
|move|p1a: Alomomola|Mirror Coat||[still]
|-fail|p1a: Alomomola
|
|upkeep
|turn|22
|
|t:|1760842373
|move|p2a: Gholdengo|Shadow Ball|p1a: Alomomola
|-damage|p1a: Alomomola|0 fnt
|faint|p1a: Alomomola
|
|upkeep
|
|t:|1760842375
|switch|p1a: Walking Wake|Walking Wake|52/100
|turn|23
|
|t:|1760842384
|-terastallize|p2a: Gholdengo|Fighting
|move|p1a: Walking Wake|Flamethrower|p2a: Gholdengo
|-damage|p2a: Gholdengo|34/100
|move|p2a: Gholdengo|Shadow Ball|p1a: Walking Wake
|-damage|p1a: Walking Wake|0 fnt
|faint|p1a: Walking Wake
|-end|p1a: Walking Wake|Protosynthesis|[silent]
|
|upkeep
|
|t:|1760842386
|switch|p1a: Raging Bolt|Raging Bolt, tera:Fairy|100/100
|turn|24
|
|t:|1760842390
|move|p1a: Raging Bolt|Volt Switch|p2a: Gholdengo
|-crit|p2a: Gholdengo
|-damage|p2a: Gholdengo|0 fnt
|faint|p2a: Gholdengo
|
|upkeep
|
|t:|1760842392
|switch|p2a: Slowking|Slowking-Galar, M|100/100
|turn|25
|
|t:|1760842394
|move|p1a: Raging Bolt|Volt Switch|p2a: Slowking
|-damage|p2a: Slowking|72/100
|move|p2a: Slowking|Sludge Bomb|p1a: Raging Bolt
|-supereffective|p1a: Raging Bolt
|-crit|p1a: Raging Bolt
|-damage|p1a: Raging Bolt|0 fnt
|faint|p1a: Raging Bolt
|-end|p1a: Raging Bolt|Protosynthesis|[silent]
|
|win|olaf-18
|raw|4DEF+4SPD=GG's rating: 1568 &rarr; <strong>1546</strong><br />(-22 for losing)
|raw|olaf-18's rating: 1532 &rarr; <strong>1554</strong><br />(+22 for winning)
|l|☆4DEF+4SPD=GG
|player|p1|
