|j|☆xcPurple
|j|☆yaotaiwon
|t:|1760781445
|gametype|singles
|player|p1|xcPurple|rosa|1353
|player|p2|yaotaiwon|102|1297
|gen|9
|tier|[Gen 9] OU
|rated|
|rule|HP Percentage Mod: HP is shown in percentages
|rule|Endless Battle Clause: Forcing endless battles is banned
|rule|Species Clause: Limit one of each Pokémon
|rule|OHKO Clause: OHKO moves are banned
|rule|Evasion Items Clause: Evasion items are banned
|rule|Evasion Moves Clause: Evasion moves are banned
|rule|Evasion Abilities Clause: Evasion abilities are banned
|rule|Sleep Moves Clause: Sleep-inducing moves are banned
|clearpoke
|poke|p1|Galvantula, F|
|poke|p1|Gholdengo|
|poke|p1|Ting-Lu|
|poke|p1|Great Tusk|
|poke|p1|Ogerpon-Wellspring, F|
|poke|p1|Grimmsnarl, M|
|poke|p2|Forretress, F|
|poke|p2|Kingambit, F|
|poke|p2|Hatterene, F|
|poke|p2|Ursaluna, F|
|poke|p2|Cresselia, F|
|poke|p2|Iron Hands|
|teampreview
|inactive|Battle timer is ON: inactive players will automatically lose when time's up. (requested by xcPurple)
|
|t:|1760781455
|teamsize|p1|6
|teamsize|p2|6
|start
|switch|p1a: Grimmsnarl|Grimmsnarl, M, shiny|100/100
|switch|p2a: Iron Hands|Iron Hands|100/100
|turn|1
|
|t:|1760781463
|move|p1a: Grimmsnarl|Reflect|p1a: Grimmsnarl
|-sidestart|p1: xcPurple|Reflect
|move|p2a: Iron Hands|Supercell Slam|p1a: Grimmsnarl
|-damage|p1a: Grimmsnarl|63/100
|
|upkeep
|turn|2
|
|t:|1760781475
|move|p1a: Grimmsnarl|Light Screen|p1a: Grimmsnarl
|-sidestart|p1: xcPurple|move: Light Screen
|move|p2a: Iron Hands|Close Combat|p1a: Grimmsnarl
|-damage|p1a: Grimmsnarl|20/100
|-unboost|p2a: Iron Hands|def|1
|-unboost|p2a: Iron Hands|spd|1
|
|upkeep
|turn|3
|
|t:|1760781481
|move|p1a: Grimmsnarl|Parting Shot|p2a: Iron Hands
|-unboost|p2a: Iron Hands|atk|1
|-unboost|p2a: Iron Hands|spa|1
|
|t:|1760781488
|switch|p1a: Galvantula|Galvantula, F|100/100|[from] Parting Shot
|move|p2a: Iron Hands|Close Combat|p1a: Galvantula
|-resisted|p1a: Galvantula
|-damage|p1a: Galvantula|77/100
|-unboost|p2a: Iron Hands|def|1
|-unboost|p2a: Iron Hands|spd|1
|
|upkeep
|turn|4
|
|t:|1760781499
|switch|p1a: Ogerpon|Ogerpon-Wellspring, F|100/100
|-end|p2a: Iron Hands|Quark Drive|[silent]
|switch|p2a: Ursaluna|Ursaluna, F|100/100
|
|-status|p2a: Ursaluna|brn|[from] item: Flame Orb
|upkeep
|turn|5
|
|t:|1760781503
|switch|p2a: Forretress|Forretress, F|100/100
|move|p1a: Ogerpon|Swords Dance|p1a: Ogerpon
|-boost|p1a: Ogerpon|atk|2
|
|upkeep
|turn|6
|
|t:|1760781513
|move|p1a: Ogerpon|Knock Off|p2a: Forretress
|-damage|p2a: Forretress|59/100
|-enditem|p2a: Forretress|Leftovers|[from] move: Knock Off|[of] p1a: Ogerpon
|move|p2a: Forretress|Volt Switch|p1a: Ogerpon
|-damage|p1a: Ogerpon|94/100
|
|t:|1760781516
|switch|p2a: Hatterene|Hatterene, F|100/100|[from] Volt Switch
|
|upkeep
|turn|7
|
|t:|1760781520
|move|p1a: Ogerpon|Horn Leech|p2a: Hatterene
|-damage|p2a: Hatterene|8/100
|-heal|p1a: Ogerpon|100/100|[from] drain|[of] p2a: Hatterene
|move|p2a: Hatterene|Trick Room|p2a: Hatterene
|-fieldstart|move: Trick Room|[of] p2a: Hatterene
|
|-heal|p2a: Hatterene|14/100|[from] item: Leftovers
|upkeep
|turn|8
|
|t:|1760781536
|switch|p1a: Ting-Lu|Ting-Lu|100/100
|-ability|p1a: Ting-Lu|Vessel of Ruin
|move|p2a: Hatterene|Nuzzle|p1a: Ting-Lu
|-immune|p1a: Ting-Lu
|
|-heal|p2a: Hatterene|20/100|[from] item: Leftovers
|-sideend|p1: xcPurple|Reflect
|upkeep
|turn|9
|
|t:|1760781543
|-terastallize|p1a: Ting-Lu|Ghost
|move|p2a: Hatterene|Healing Wish|p2a: Hatterene
|faint|p2a: Hatterene
|move|p1a: Ting-Lu|Earthquake|p2: Hatterene|[notarget]
|-fail|p1a: Ting-Lu
|
|-sideend|p1: xcPurple|move: Light Screen
|upkeep
|
|t:|1760781545
|switch|p2a: Forretress|Forretress, F|59/100
|-heal|p2a: Forretress|100/100|[from] move: Healing Wish
|turn|10
|
|t:|1760781552
|move|p2a: Forretress|Stealth Rock|p1a: Ting-Lu
|-sidestart|p1: xcPurple|move: Stealth Rock
|move|p1a: Ting-Lu|Stealth Rock|p2a: Forretress
|-sidestart|p2: yaotaiwon|move: Stealth Rock
|
|upkeep
|turn|11
|
|t:|1760781556
|move|p2a: Forretress|Rapid Spin|p1a: Ting-Lu
|-immune|p1a: Ting-Lu
|move|p1a: Ting-Lu|Spikes|p2a: Forretress
|-sidestart|p2: yaotaiwon|Spikes
|
|-fieldend|move: Trick Room
|upkeep
|turn|12
|
|t:|1760781560
|switch|p2a: Ursaluna|Ursaluna, F|100/100 brn
|-damage|p2a: Ursaluna|94/100 brn|[from] Stealth Rock
|-damage|p2a: Ursaluna|82/100 brn|[from] Spikes
|move|p1a: Ting-Lu|Earthquake|p2a: Ursaluna
|-damage|p2a: Ursaluna|58/100 brn
|
|-damage|p2a: Ursaluna|51/100 brn|[from] brn
|upkeep
|turn|13
|
|t:|1760781585
|move|p2a: Ursaluna|Headlong Rush|p1a: Ting-Lu
|-damage|p1a: Ting-Lu|50/100
|-unboost|p2a: Ursaluna|def|1
|-unboost|p2a: Ursaluna|spd|1
|-enditem|p1a: Ting-Lu|Sitrus Berry|[eat]
|-heal|p1a: Ting-Lu|75/100|[from] item: Sitrus Berry
|move|p1a: Ting-Lu|Spikes|p2a: Ursaluna
|-sidestart|p2: yaotaiwon|Spikes
|
|-damage|p2a: Ursaluna|45/100 brn|[from] brn
|upkeep
|turn|14
|
|t:|1760781590
|move|p2a: Ursaluna|Headlong Rush|p1a: Ting-Lu
|-damage|p1a: Ting-Lu|28/100
|-unboost|p2a: Ursaluna|def|1
|-unboost|p2a: Ursaluna|spd|1
|move|p1a: Ting-Lu|Spikes|p2a: Ursaluna
|-sidestart|p2: yaotaiwon|Spikes
|
|-damage|p2a: Ursaluna|39/100 brn|[from] brn
|upkeep
|turn|15
|
|t:|1760781595
|switch|p1a: Gholdengo|Gholdengo, shiny|100/100
|-damage|p1a: Gholdengo|94/100|[from] Stealth Rock
|-item|p1a: Gholdengo|Air Balloon
|move|p2a: Ursaluna|Headlong Rush|p1a: Gholdengo
|-immune|p1a: Gholdengo
|
|-damage|p2a: Ursaluna|33/100 brn|[from] brn
|upkeep
|turn|16
|
|t:|1760781602
|move|p1a: Gholdengo|Shadow Ball|p2a: Ursaluna
|-immune|p2a: Ursaluna
|move|p2a: Ursaluna|Ice Punch|p1a: Gholdengo
|-resisted|p1a: Gholdengo
|-damage|p1a: Gholdengo|74/100
|-enditem|p1a: Gholdengo|Air Balloon
|
|-damage|p2a: Ursaluna|27/100 brn|[from] brn
|upkeep
|turn|17
|
|t:|1760781607
|move|p1a: Gholdengo|Make It Rain|p2a: Ursaluna
|-damage|p2a: Ursaluna|0 fnt
|-unboost|p1a: Gholdengo|spa|1
|faint|p2a: Ursaluna
|
|upkeep
|
|t:|1760781613
|switch|p2a: Kingambit|Kingambit, F|100/100
|-damage|p2a: Kingambit|94/100|[from] Stealth Rock
|-damage|p2a: Kingambit|69/100|[from] Spikes
|-activate|p2a: Kingambit|ability: Supreme Overlord
|-start|p2a: Kingambit|fallen2|[silent]
|turn|18
|
|t:|1760781619
|switch|p1a: Great Tusk|Great Tusk, shiny|100/100
|-damage|p1a: Great Tusk|98/100|[from] Stealth Rock
|move|p2a: Kingambit|Kowtow Cleave|p1a: Great Tusk
|-resisted|p1a: Great Tusk
|-damage|p1a: Great Tusk|77/100
|
|upkeep
|turn|19
|
|t:|1760781624
|-end|p2a: Kingambit|fallen2|[silent]
|switch|p2a: Cresselia|Cresselia, F|100/100
|-damage|p2a: Cresselia|88/100|[from] Stealth Rock
|move|p1a: Great Tusk|Rapid Spin|p2a: Cresselia
|-damage|p2a: Cresselia|79/100
|-boost|p1a: Great Tusk|spe|1
|-sideend|p1: xcPurple|Stealth Rock|[from] move: Rapid Spin|[of] p1a: Great Tusk
|
|upkeep
|turn|20
|
|t:|1760781631
|-end|p1a: Great Tusk|Protosynthesis|[silent]
|switch|p1a: Galvantula|Galvantula, F|77/100
|move|p2a: Cresselia|Calm Mind|p2a: Cresselia
|-boost|p2a: Cresselia|spa|1
|-boost|p2a: Cresselia|spd|1
|
|upkeep
|turn|21
|
|t:|1760781634
|-terastallize|p2a: Cresselia|Electric
|move|p1a: Galvantula|Bug Buzz|p2a: Cresselia
|-damage|p2a: Cresselia|62/100
|move|p2a: Cresselia|Calm Mind|p2a: Cresselia
|-boost|p2a: Cresselia|spa|1
|-boost|p2a: Cresselia|spd|1
|
|upkeep
|turn|22
|
|t:|1760781640
|move|p1a: Galvantula|Sticky Web|p2a: Cresselia
|-sidestart|p2: yaotaiwon|move: Sticky Web
|move|p2a: Cresselia|Calm Mind|p2a: Cresselia
|-boost|p2a: Cresselia|spa|1
|-boost|p2a: Cresselia|spd|1
|
|upkeep
|turn|23
|
|t:|1760781646
|move|p1a: Galvantula|Bug Buzz|p2a: Cresselia
|-damage|p2a: Cresselia|53/100
|move|p2a: Cresselia|Moonlight|p2a: Cresselia
|-heal|p2a: Cresselia|100/100
|
|upkeep
|turn|24
|
|t:|1760781652
|move|p1a: Galvantula|Bug Buzz|p2a: Cresselia
|-damage|p2a: Cresselia|92/100
|move|p2a: Cresselia|Calm Mind|p2a: Cresselia
|-boost|p2a: Cresselia|spa|1
|-boost|p2a: Cresselia|spd|1
|
|upkeep
|turn|25
|
|t:|1760781655
|switch|p1a: Grimmsnarl|Grimmsnarl, M, shiny|20/100
|move|p2a: Cresselia|Calm Mind|p2a: Cresselia
|-boost|p2a: Cresselia|spa|1
|-boost|p2a: Cresselia|spd|1
|
|upkeep
|turn|26
|
|t:|1760781660
|move|p1a: Grimmsnarl|Taunt|p2a: Cresselia
|-start|p2a: Cresselia|move: Taunt
|-enditem|p2a: Cresselia|Mental Herb
|-end|p2a: Cresselia|move: Taunt
|move|p2a: Cresselia|Tera Blast|p1a: Grimmsnarl|[anim] Tera Blast Electric
|-damage|p1a: Grimmsnarl|0 fnt
|faint|p1a: Grimmsnarl
|
|upkeep
|c|☆yaotaiwon|Sticky web in trick room? Lol
|inactive|xcPurple has 120 seconds left.
|
|t:|1760781695
|switch|p1a: Great Tusk|Great Tusk, shiny|77/100
|turn|27
|
|t:|1760781700
|move|p1a: Great Tusk|Close Combat|p2a: Cresselia
|-damage|p2a: Cresselia|57/100
|-unboost|p1a: Great Tusk|def|1
|-unboost|p1a: Great Tusk|spd|1
|move|p2a: Cresselia|Moonblast|p1a: Great Tusk
|-supereffective|p1a: Great Tusk
|-damage|p1a: Great Tusk|0 fnt
|faint|p1a: Great Tusk
|-end|p1a: Great Tusk|Protosynthesis|[silent]
|
|upkeep
|
|t:|1760781706
|switch|p1a: Ogerpon|Ogerpon-Wellspring, F|100/100
|turn|28
|
|t:|1760781710
|move|p1a: Ogerpon|Ivy Cudgel|p2a: Cresselia|[anim] Ivy Cudgel Water
|-damage|p2a: Cresselia|21/100
|move|p2a: Cresselia|Moonlight|p2a: Cresselia
|-heal|p2a: Cresselia|71/100
|
|upkeep
|turn|29
|
|t:|1760781714
|move|p1a: Ogerpon|Ivy Cudgel|p2a: Cresselia|[anim] Ivy Cudgel Water
|-damage|p2a: Cresselia|38/100
|move|p2a: Cresselia|Moonlight|p2a: Cresselia
|-heal|p2a: Cresselia|88/100
|
|upkeep
|turn|30
|
|t:|1760781716
|move|p1a: Ogerpon|Swords Dance|p1a: Ogerpon
|-boost|p1a: Ogerpon|atk|2
|move|p2a: Cresselia|Tera Blast|p1a: Ogerpon|[anim] Tera Blast Electric
|-damage|p1a: Ogerpon|8/100
|
|upkeep
|turn|31
|
|t:|1760781718
|move|p1a: Ogerpon|Ivy Cudgel|p2a: Cresselia|[anim] Ivy Cudgel Water
|-damage|p2a: Cresselia|26/100
|move|p2a: Cresselia|Moonblast|p1a: Ogerpon
|-damage|p1a: Ogerpon|0 fnt
|faint|p1a: Ogerpon
|
|upkeep
|
|t:|1760781723
|switch|p1a: Gholdengo|Gholdengo, shiny|74/100
|turn|32
|
|t:|1760781725
|move|p1a: Gholdengo|Shadow Ball|p2a: Cresselia
|-damage|p2a: Cresselia|19/100
|move|p2a: Cresselia|Moonlight|p2a: Cresselia
|-heal|p2a: Cresselia|69/100
|
|upkeep
|turn|33
|-message|xcPurple forfeited.
|
|win|yaotaiwon
|raw|xcPurple's rating: 1353 &rarr; <strong>1330</strong><br />(-23 for losing)
|raw|yaotaiwon's rating: 1297 &rarr; <strong>1326</strong><br />(+29 for winning)
|l|☆xcPurple
|player|p1|
|c|☆yaotaiwon|GG
|l|☆yaotaiwon
|player|p2|
