|badge|p2|silver|gen9doublesou|30-7
|badge|p2|bronze|gen9ru|100-7
|uhtml|medal-msg|<div class="broadcast-blue">Curious what those medals under the avatar are? PS now has Ladder Seasons! For more information, check out the <a href="https://www.smogon.com/forums/threads/3740067/">thread on Smogon.</a></div>
|j|☆horses aren't real
|j|☆3idk
|t:|1760876370
|gametype|singles
|player|p1|horses aren't real|skullgruntf|1601
|player|p2|3idk|cynthia-masters|1685
|gen|9
|tier|[Gen 9] OU
|rated|
|rule|HP Percentage Mod: HP is shown in percentages
|rule|Endless Battle Clause: Forcing endless battles is banned
|rule|Species Clause: Limit one of each Pokémon
|rule|OHKO Clause: OHKO moves are banned
|rule|Evasion Items Clause: Evasion items are banned
|rule|Evasion Moves Clause: Evasion moves are banned
|rule|Evasion Abilities Clause: Evasion abilities are banned
|rule|Sleep Moves Clause: Sleep-inducing moves are banned
|clearpoke
|poke|p1|Gholdengo|
|poke|p1|Samurott-Hisui, F|
|poke|p1|Hatterene, F|
|poke|p1|Landorus-Therian, M|
|poke|p1|Zamazenta-*|
|poke|p1|Pecharunt|
|poke|p2|Pelipper, M|
|poke|p2|Tornadus-Therian, M|
|poke|p2|Iron Treads|
|poke|p2|Decidueye-Hisui, F|
|poke|p2|Barraskewda, F|
|poke|p2|Raging Bolt|
|teampreview
|inactive|Battle timer is ON: inactive players will automatically lose when time's up. (requested by horses aren't real)
|inactive|3idk also wants the timer to be on.
|inactive|3idk has 120 seconds left.
|inactive|3idk has 90 seconds left.
|
|t:|1760876447
|teamsize|p1|6
|teamsize|p2|6
|start
|switch|p1a: Samurott|Samurott-Hisui, F|100/100
|switch|p2a: Tornadus|Tornadus-Therian, M|100/100
|turn|1
|inactive|3idk has 120 seconds left.
|
|t:|1760876476
|move|p2a: Tornadus|Focus Blast|p1a: Samurott|[miss]
|-miss|p2a: Tornadus|p1a: Samurott
|move|p1a: Samurott|Ceaseless Edge|p2a: Tornadus|[miss]
|-miss|p1a: Samurott|p2a: Tornadus
|
|upkeep
|turn|2
|
|t:|1760876482
|move|p2a: Tornadus|Focus Blast|p1a: Samurott|[miss]
|-miss|p2a: Tornadus|p1a: Samurott
|move|p1a: Samurott|Ceaseless Edge|p2a: Tornadus
|-damage|p2a: Tornadus|41/100
|-sidestart|p2: 3idk|Spikes
|
|upkeep
|turn|3
|
|t:|1760876489
|switch|p2a: Decidueye|Decidueye-Hisui, F|100/100
|-damage|p2a: Decidueye|88/100|[from] Spikes
|move|p1a: Samurott|Sucker Punch||[still]
|-fail|p1a: Samurott
|
|upkeep
|turn|4
|
|t:|1760876494
|switch|p1a: Gholdengo|Gholdengo|100/100
|move|p2a: Decidueye|Triple Arrows|p1a: Gholdengo
|-supereffective|p1a: Gholdengo
|-damage|p1a: Gholdengo|17/100
|
|upkeep
|turn|5
|
|t:|1760876498
|move|p1a: Gholdengo|Make It Rain|p2a: Decidueye
|-damage|p2a: Decidueye|11/100
|-unboost|p1a: Gholdengo|spa|1
|move|p2a: Decidueye|Triple Arrows|p1a: Gholdengo
|-supereffective|p1a: Gholdengo
|-damage|p1a: Gholdengo|0 fnt
|faint|p1a: Gholdengo
|
|upkeep
|
|t:|1760876501
|switch|p1a: Samurott|Samurott-Hisui, F|100/100
|turn|6
|
|t:|1760876506
|move|p1a: Samurott|Ceaseless Edge|p2a: Decidueye
|-resisted|p2a: Decidueye
|-damage|p2a: Decidueye|0 fnt
|-damage|p1a: Samurott|84/100|[from] item: Rocky Helmet|[of] p2a: Decidueye
|-sidestart|p2: 3idk|Spikes
|faint|p2a: Decidueye
|
|upkeep
|
|t:|1760876518
|switch|p2a: Tornadus|Tornadus-Therian, M|74/100
|turn|7
|
|t:|1760876528
|switch|p1a: Pecharunt|Pecharunt|100/100
|move|p2a: Tornadus|U-turn|p1a: Pecharunt
|-resisted|p1a: Pecharunt
|-damage|p1a: Pecharunt|99/100
|
|t:|1760876533
|switch|p2a: Pelipper|Pelipper, M|100/100|[from] U-turn
|-weather|RainDance|[from] ability: Drizzle|[of] p2a: Pelipper
|
|-weather|RainDance|[upkeep]
|upkeep
|turn|8
|
|t:|1760876536
|move|p1a: Pecharunt|Malignant Chain|p2a: Pelipper
|-damage|p2a: Pelipper|55/100
|move|p2a: Pelipper|U-turn|p1a: Pecharunt
|-resisted|p1a: Pecharunt
|-damage|p1a: Pecharunt|98/100
|
|t:|1760876542
|switch|p2a: Tornadus|Tornadus-Therian, M|100/100|[from] U-turn
|
|-weather|RainDance|[upkeep]
|upkeep
|turn|9
|
|t:|1760876547
|switch|p1a: Landorus|Landorus-Therian, M|100/100
|-ability|p1a: Landorus|Intimidate|boost
|-unboost|p2a: Tornadus|atk|1
|-terastallize|p2a: Tornadus|Flying
|move|p2a: Tornadus|Hurricane|p1a: Landorus
|-damage|p1a: Landorus|0 fnt
|faint|p1a: Landorus
|
|-weather|RainDance|[upkeep]
|upkeep
|
|t:|1760876554
|switch|p1a: Samurott|Samurott-Hisui, F|84/100
|turn|10
|
|t:|1760876561
|move|p1a: Samurott|Sucker Punch|p2a: Tornadus
|-damage|p2a: Tornadus|54/100
|move|p2a: Tornadus|Hurricane|p1a: Samurott
|-damage|p1a: Samurott|0 fnt
|faint|p1a: Samurott
|
|-weather|RainDance|[upkeep]
|upkeep
|
|t:|1760876564
|switch|p1a: Zamazenta|Zamazenta|100/100
|-ability|p1a: Zamazenta|Dauntless Shield|boost
|-boost|p1a: Zamazenta|def|1
|turn|11
|
|t:|1760876569
|move|p1a: Zamazenta|Stone Edge|p2a: Tornadus
|-supereffective|p2a: Tornadus
|-damage|p2a: Tornadus|0 fnt
|faint|p2a: Tornadus
|
|-weather|RainDance|[upkeep]
|upkeep
|
|t:|1760876576
|switch|p2a: Raging Bolt|Raging Bolt|100/100
|-damage|p2a: Raging Bolt|84/100|[from] Spikes
|-enditem|p2a: Raging Bolt|Booster Energy
|-activate|p2a: Raging Bolt|ability: Protosynthesis|[fromitem]
|-start|p2a: Raging Bolt|protosynthesisspa
|turn|12
|
|t:|1760876580
|switch|p1a: Pecharunt|Pecharunt|98/100
|move|p2a: Raging Bolt|Thunder|p1a: Pecharunt
|-damage|p1a: Pecharunt|18/100
|
|-weather|RainDance|[upkeep]
|upkeep
|turn|13
|
|t:|1760876584
|move|p2a: Raging Bolt|Thunder|p1a: Pecharunt
|-damage|p1a: Pecharunt|0 fnt
|faint|p1a: Pecharunt
|
|-weather|RainDance|[upkeep]
|upkeep
|
|t:|1760876585
|switch|p1a: Hatterene|Hatterene, F|100/100
|turn|14
|
|t:|1760876594
|-end|p2a: Raging Bolt|Protosynthesis|[silent]
|switch|p2a: Iron Treads|Iron Treads|100/100
|-damage|p2a: Iron Treads|84/100|[from] Spikes
|move|p1a: Hatterene|Draining Kiss|p2a: Iron Treads
|-resisted|p2a: Iron Treads
|-damage|p2a: Iron Treads|75/100
|
|-weather|none
|-heal|p2a: Iron Treads|81/100|[from] item: Leftovers
|upkeep
|turn|15
|
|t:|1760876597
|move|p2a: Iron Treads|Rapid Spin|p1a: Hatterene
|-damage|p1a: Hatterene|90/100
|-boost|p2a: Iron Treads|spe|1
|-sideend|p2: 3idk|Spikes|[from] move: Rapid Spin|[of] p2a: Iron Treads
|move|p1a: Hatterene|Mystical Fire|p2a: Iron Treads
|-supereffective|p2a: Iron Treads
|-damage|p2a: Iron Treads|44/100
|-unboost|p2a: Iron Treads|spa|1
|
|-heal|p2a: Iron Treads|50/100|[from] item: Leftovers
|-heal|p1a: Hatterene|96/100|[from] item: Leftovers
|upkeep
|turn|16
|
|t:|1760876602
|move|p2a: Iron Treads|Knock Off|p1a: Hatterene
|-damage|p1a: Hatterene|77/100
|-enditem|p1a: Hatterene|Leftovers|[from] move: Knock Off|[of] p2a: Iron Treads
|move|p1a: Hatterene|Calm Mind|p1a: Hatterene
|-boost|p1a: Hatterene|spa|1
|-boost|p1a: Hatterene|spd|1
|
|-heal|p2a: Iron Treads|56/100|[from] item: Leftovers
|upkeep
|turn|17
|
|t:|1760876606
|move|p2a: Iron Treads|Earthquake|p1a: Hatterene
|-damage|p1a: Hatterene|48/100
|move|p1a: Hatterene|Mystical Fire|p2a: Iron Treads
|-supereffective|p2a: Iron Treads
|-damage|p2a: Iron Treads|3/100
|-unboost|p2a: Iron Treads|spa|1
|
|-heal|p2a: Iron Treads|9/100|[from] item: Leftovers
|upkeep
|turn|18
|
|t:|1760876611
|move|p2a: Iron Treads|Earthquake|p1a: Hatterene
|-damage|p1a: Hatterene|14/100
|move|p1a: Hatterene|Draining Kiss|p2a: Iron Treads
|-resisted|p2a: Iron Treads
|-damage|p2a: Iron Treads|0 fnt
|-heal|p1a: Hatterene|22/100|[from] drain|[of] p2a: Iron Treads
|faint|p2a: Iron Treads
|-end|p2a: Iron Treads|Quark Drive|[silent]
|
|upkeep
|
|t:|1760876616
|switch|p2a: Barraskewda|Barraskewda, F|100/100
|turn|19
|
|t:|1760876619
|move|p2a: Barraskewda|Flip Turn|p1a: Hatterene
|-damage|p1a: Hatterene|0 fnt
|faint|p1a: Hatterene
|-damage|p2a: Barraskewda|91/100|[from] item: Life Orb
|
|t:|1760876625
|switch|p2a: Pelipper|Pelipper, M|55/100|[from] Flip Turn
|-weather|RainDance|[from] ability: Drizzle|[of] p2a: Pelipper
|
|-weather|RainDance|[upkeep]
|upkeep
|
|t:|1760876626
|switch|p1a: Zamazenta|Zamazenta|100/100
|turn|20
|
|t:|1760876629
|move|p1a: Zamazenta|Stone Edge|p2a: Pelipper
|-supereffective|p2a: Pelipper
|-damage|p2a: Pelipper|0 fnt
|faint|p2a: Pelipper
|
|-weather|RainDance|[upkeep]
|upkeep
|
|t:|1760876632
|switch|p2a: Barraskewda|Barraskewda, F|91/100
|turn|21
|
|t:|1760876636
|-terastallize|p1a: Zamazenta|Dark
|move|p2a: Barraskewda|Flip Turn|p1a: Zamazenta
|-damage|p1a: Zamazenta|37/100
|-damage|p2a: Barraskewda|81/100|[from] item: Life Orb
|
|t:|1760876640
|switch|p2a: Raging Bolt|Raging Bolt|84/100|[from] Flip Turn
|move|p1a: Zamazenta|Crunch|p2a: Raging Bolt
|-damage|p2a: Raging Bolt|47/100
|-unboost|p2a: Raging Bolt|def|1
|
|-weather|RainDance|[upkeep]
|upkeep
|turn|22
|-message|horses aren't real forfeited.
|
|win|3idk
|raw|horses aren&apos;t real's rating: 1616 &rarr; <strong>1600</strong><br />(-16 for losing)
|raw|3idk's rating: 1685 &rarr; <strong>1701</strong><br />(+16 for winning)
|l|☆horses aren't real
|player|p1|
