|j|☆Obito 2001
|j|☆spudcutter
|t:|1760868278
|gametype|singles
|player|p1|Obito 2001|blue-gen3two|1788
|player|p2|spudcutter|ghetsis-gen5bw|1736
|gen|9
|tier|[Gen 9] OU
|rated|
|rule|HP Percentage Mod: HP is shown in percentages
|rule|Endless Battle Clause: Forcing endless battles is banned
|rule|Species Clause: Limit one of each Pokémon
|rule|OHKO Clause: OHKO moves are banned
|rule|Evasion Items Clause: Evasion items are banned
|rule|Evasion Moves Clause: Evasion moves are banned
|rule|Evasion Abilities Clause: Evasion abilities are banned
|rule|Sleep Moves Clause: Sleep-inducing moves are banned
|clearpoke
|poke|p1|Maushold-Four|
|poke|p1|Comfey, F|
|poke|p1|Grimmsnarl, M|
|poke|p1|Iron Crown|
|poke|p1|Ogerpon-Wellspring, F|
|poke|p1|Great Tusk|
|poke|p2|Kingambit, F|
|poke|p2|Dragapult, M|
|poke|p2|Great Tusk|
|poke|p2|Slowking-Galar, F|
|poke|p2|Darkrai|
|poke|p2|Dondozo, F|
|teampreview
|inactive|Battle timer is ON: inactive players will automatically lose when time's up. (requested by spudcutter)
|inactive|Obito 2001 also wants the timer to be on.
|
|t:|1760868295
|teamsize|p1|6
|teamsize|p2|6
|start
|switch|p1a: Zanpakuto🗡️|Iron Crown|100/100
|switch|p2a: Darkrai|Darkrai|100/100
|turn|1
|
|t:|1760868299
|switch|p2a: Slowking|Slowking-Galar, F|100/100
|-end|p1a: Zanpakuto🗡️|Quark Drive|[silent]
|switch|p1a: Screen Goblin|Grimmsnarl, M|100/100
|
|upkeep
|turn|2
|
|t:|1760868303
|move|p1a: Screen Goblin|Light Screen|p1a: Screen Goblin
|-sidestart|p1: Obito 2001|move: Light Screen
|move|p2a: Slowking|Sludge Bomb|p1a: Screen Goblin
|-supereffective|p1a: Screen Goblin
|-damage|p1a: Screen Goblin|52/100
|-status|p1a: Screen Goblin|psn
|
|-damage|p1a: Screen Goblin|39/100 psn|[from] psn
|upkeep
|turn|3
|
|t:|1760868307
|move|p1a: Screen Goblin|Reflect|p1a: Screen Goblin
|-sidestart|p1: Obito 2001|Reflect
|move|p2a: Slowking|Sludge Bomb|p1a: Screen Goblin
|-supereffective|p1a: Screen Goblin
|-damage|p1a: Screen Goblin|0 fnt
|faint|p1a: Screen Goblin
|
|upkeep
|
|t:|1760868321
|switch|p1a: 🎭|Ogerpon-Wellspring, F|100/100
|turn|4
|
|t:|1760868324
|move|p1a: 🎭|Swords Dance|p1a: 🎭
|-boost|p1a: 🎭|atk|2
|move|p2a: Slowking|Sludge Bomb|p1a: 🎭
|-supereffective|p1a: 🎭
|-damage|p1a: 🎭|46/100
|
|upkeep
|turn|5
|
|t:|1760868326
|move|p1a: 🎭|Ivy Cudgel|p2a: Slowking|[anim] Ivy Cudgel Water
|-crit|p2a: Slowking
|-damage|p2a: Slowking|0 fnt
|faint|p2a: Slowking
|
|upkeep
|
|t:|1760868329
|switch|p2a: Dragapult|Dragapult, M|100/100
|turn|6
|
|t:|1760868335
|move|p2a: Dragapult|Will-O-Wisp|p1a: 🎭
|-status|p1a: 🎭|brn
|move|p1a: 🎭|Play Rough|p2a: Dragapult
|-supereffective|p2a: Dragapult
|-damage|p2a: Dragapult|0 fnt
|faint|p2a: Dragapult
|
|-damage|p1a: 🎭|40/100 brn|[from] brn
|upkeep
|
|t:|1760868342
|switch|p2a: Darkrai|Darkrai|100/100
|turn|7
|
|t:|1760868346
|move|p2a: Darkrai|Substitute|p2a: Darkrai
|-start|p2a: Darkrai|Substitute
|-damage|p2a: Darkrai|76/100
|move|p1a: 🎭|Ivy Cudgel|p2a: Darkrai|[anim] Ivy Cudgel Water
|-crit|p2a: Darkrai
|-end|p2a: Darkrai|Substitute
|
|-heal|p2a: Darkrai|82/100|[from] item: Leftovers
|-damage|p1a: 🎭|34/100 brn|[from] brn
|upkeep
|turn|8
|
|t:|1760868349
|move|p2a: Darkrai|Sludge Bomb|p1a: 🎭
|-supereffective|p1a: 🎭
|-damage|p1a: 🎭|0 fnt
|faint|p1a: 🎭
|
|-heal|p2a: Darkrai|88/100|[from] item: Leftovers
|upkeep
|
|t:|1760868355
|switch|p1a: Zanpakuto🗡️|Iron Crown|100/100
|turn|9
|
|t:|1760868359
|switch|p2a: Kingambit|Kingambit, F|100/100
|move|p1a: Zanpakuto🗡️|Tachyon Cutter|p2a: Kingambit
|-resisted|p2a: Kingambit
|-damage|p2a: Kingambit|82/100
|-resisted|p2a: Kingambit
|-damage|p2a: Kingambit|64/100
|-hitcount|p2a: Kingambit|2
|
|-heal|p2a: Kingambit|71/100|[from] item: Leftovers
|-sideend|p1: Obito 2001|move: Light Screen
|upkeep
|turn|10
|
|t:|1760868367
|-end|p1a: Zanpakuto🗡️|Quark Drive|[silent]
|switch|p1a: Mega Donphan|Great Tusk|100/100
|move|p2a: Kingambit|Iron Head|p1a: Mega Donphan
|-damage|p1a: Mega Donphan|83/100
|
|-heal|p2a: Kingambit|77/100|[from] item: Leftovers
|-sideend|p1: Obito 2001|Reflect
|upkeep
|turn|11
|
|t:|1760868370
|switch|p2a: Dondozo|Dondozo, F|100/100
|move|p1a: Mega Donphan|Headlong Rush|p2a: Dondozo
|-damage|p2a: Dondozo|74/100
|-unboost|p1a: Mega Donphan|def|1
|-unboost|p1a: Mega Donphan|spd|1
|-damage|p1a: Mega Donphan|67/100|[from] item: Rocky Helmet|[of] p2a: Dondozo
|
|upkeep
|turn|12
|j| amimec
|
|t:|1760868374
|-end|p1a: Mega Donphan|Protosynthesis|[silent]
|switch|p1a: Zanpakuto🗡️|Iron Crown|100/100
|move|p2a: Dondozo|Waterfall|p1a: Zanpakuto🗡️
|-damage|p1a: Zanpakuto🗡️|73/100
|
|upkeep
|turn|13
|
|t:|1760868381
|switch|p2a: Kingambit|Kingambit, F|77/100
|move|p1a: Zanpakuto🗡️|Focus Blast|p2a: Kingambit
|-supereffective|p2a: Kingambit
|-damage|p2a: Kingambit|0 fnt
|faint|p2a: Kingambit
|
|upkeep
|
|t:|1760868385
|switch|p2a: Great Tusk|Great Tusk|100/100
|turn|14
|
|t:|1760868389
|-end|p1a: Zanpakuto🗡️|Quark Drive|[silent]
|switch|p1a: Mega Donphan|Great Tusk|67/100
|move|p2a: Great Tusk|Headlong Rush|p1a: Mega Donphan
|-damage|p1a: Mega Donphan|19/100
|-unboost|p2a: Great Tusk|def|1
|-unboost|p2a: Great Tusk|spd|1
|
|upkeep
|turn|15
|
|t:|1760868393
|move|p1a: Mega Donphan|Headlong Rush|p2a: Great Tusk
|-damage|p2a: Great Tusk|36/100
|-unboost|p1a: Mega Donphan|def|1
|-unboost|p1a: Mega Donphan|spd|1
|move|p2a: Great Tusk|Headlong Rush|p1a: Mega Donphan
|-damage|p1a: Mega Donphan|0 fnt
|-unboost|p2a: Great Tusk|def|1
|-unboost|p2a: Great Tusk|spd|1
|faint|p1a: Mega Donphan
|-end|p1a: Mega Donphan|Protosynthesis|[silent]
|
|-heal|p2a: Great Tusk|43/100|[from] item: Leftovers
|upkeep
|
|t:|1760868397
|switch|p1a: Zanpakuto🗡️|Iron Crown|73/100
|turn|16
|
|t:|1760868398
|move|p1a: Zanpakuto🗡️|Tachyon Cutter|p2a: Great Tusk
|-damage|p2a: Great Tusk|0 fnt
|faint|p2a: Great Tusk
|-end|p2a: Great Tusk|Protosynthesis|[silent]
|-hitcount|p2: Great Tusk|1
|
|upkeep
|
|t:|1760868399
|switch|p2a: Darkrai|Darkrai|88/100
|turn|17
|
|t:|1760868406
|-terastallize|p1a: Zanpakuto🗡️|Steel
|move|p2a: Darkrai|Dark Pulse|p1a: Zanpakuto🗡️
|-damage|p1a: Zanpakuto🗡️|27/100
|move|p1a: Zanpakuto🗡️|Tachyon Cutter|p2a: Darkrai
|-crit|p2a: Darkrai
|-damage|p2a: Darkrai|0 fnt
|faint|p2a: Darkrai
|-hitcount|p2: Darkrai|1
|
|upkeep
|-message|spudcutter forfeited.
|
|win|Obito 2001
|raw|Obito 2001's rating: 1788 &rarr; <strong>1805</strong><br />(+17 for winning)
|raw|spudcutter's rating: 1736 &rarr; <strong>1719</strong><br />(-17 for losing)
|l|☆spudcutter
|player|p2|
|l|☆Obito 2001
|player|p1|
