|j|☆femboywild
|j|☆jakkuza
|t:|1760760836
|gametype|singles
|player|p1|femboywild|acetrainer-gen4|1133
|player|p2|jakkuza|265|1179
|gen|9
|tier|[Gen 9] OU
|rated|
|rule|HP Percentage Mod: HP is shown in percentages
|rule|Endless Battle Clause: Forcing endless battles is banned
|rule|Species Clause: Limit one of each Pokémon
|rule|OHKO Clause: OHKO moves are banned
|rule|Evasion Items Clause: Evasion items are banned
|rule|Evasion Moves Clause: Evasion moves are banned
|rule|Evasion Abilities Clause: Evasion abilities are banned
|rule|Sleep Moves Clause: Sleep-inducing moves are banned
|clearpoke
|poke|p1|Charizard, F|
|poke|p1|Ninetales, M|
|poke|p1|Cinderace, M|
|poke|p1|Arcanine-Hisui, M|
|poke|p1|Talonflame, F|
|poke|p1|Infernape, F|
|poke|p2|Reuniclus, M|
|poke|p2|Garganacl, F|
|poke|p2|Cinderace, M|
|poke|p2|Hatterene, F|
|poke|p2|Ursaluna, M|
|poke|p2|Ditto|
|teampreview
|
|t:|1760760842
|teamsize|p1|6
|teamsize|p2|6
|start
|switch|p1a: Rockpup|Arcanine-Hisui, M|100/100
|switch|p2a: Hatterene|Hatterene, F|100/100
|turn|1
|inactive|Battle timer is ON: inactive players will automatically lose when time's up. (requested by jakkuza)
|
|t:|1760760855
|move|p1a: Rockpup|Stealth Rock|p2a: Hatterene
|move|p2a: Hatterene|Stealth Rock|p1a: Rockpup|[from] ability: Magic Bounce
|-sidestart|p1: femboywild|move: Stealth Rock
|move|p2a: Hatterene|Nuzzle|p1a: Rockpup
|-damage|p1a: Rockpup|94/100
|-status|p1a: Rockpup|par
|
|upkeep
|turn|2
|c|☆femboywild|what.
|
|t:|1760760883
|move|p1a: Rockpup|Wild Charge|p2a: Hatterene
|-damage|p2a: Hatterene|67/100
|move|p2a: Hatterene|Trick Room|p2a: Hatterene
|-fieldstart|move: Trick Room|[of] p2a: Hatterene
|
|-heal|p2a: Hatterene|73/100|[from] item: Leftovers
|upkeep
|turn|3
|
|t:|1760760897
|switch|p2a: Ursaluna|Ursaluna, M|100/100
|move|p1a: Rockpup|Head Smash|p2a: Ursaluna
|-resisted|p2a: Ursaluna
|-damage|p2a: Ursaluna|73/100
|
|-status|p2a: Ursaluna|brn|[from] item: Flame Orb
|upkeep
|turn|4
|
|t:|1760760909
|move|p2a: Ursaluna|Close Combat|p1a: Rockpup
|-supereffective|p1a: Rockpup
|-damage|p1a: Rockpup|0 fnt
|-unboost|p2a: Ursaluna|def|1
|-unboost|p2a: Ursaluna|spd|1
|faint|p1a: Rockpup
|
|-damage|p2a: Ursaluna|67/100 brn|[from] brn
|upkeep
|
|t:|1760760914
|switch|p1a: Defog Slave|Talonflame, F|100/100
|turn|5
|
|t:|1760760920
|move|p1a: Defog Slave|Defog|p2a: Ursaluna
|-unboost|p2a: Ursaluna|evasion|1
|-sideend|p1: femboywild|Stealth Rock|[from] move: Defog|[of] p1a: Defog Slave
|move|p2a: Ursaluna|Facade|p1a: Defog Slave
|-damage|p1a: Defog Slave|0 fnt
|faint|p1a: Defog Slave
|
|-damage|p2a: Ursaluna|61/100 brn|[from] brn
|upkeep
|
|t:|1760760931
|switch|p1a: Monke|Infernape, F|100/100
|turn|6
|
|t:|1760760935
|move|p1a: Monke|Mach Punch|p2a: Ursaluna
|-supereffective|p2a: Ursaluna
|-damage|p2a: Ursaluna|0 fnt
|faint|p2a: Ursaluna
|
|-fieldend|move: Trick Room
|upkeep
|c|☆femboywild|F your trick room
|
|t:|1760760950
|switch|p2a: Reuniclus|Reuniclus, M|100/100
|turn|7
|
|t:|1760760964
|switch|p1a: Tamamo no Mae|Ninetales, M|100/100
|-weather|SunnyDay|[from] ability: Drought|[of] p1a: Tamamo no Mae
|move|p2a: Reuniclus|Acid Armor|p2a: Reuniclus
|-boost|p2a: Reuniclus|def|2
|
|-weather|SunnyDay|[upkeep]
|upkeep
|turn|8
|
|t:|1760760973
|move|p1a: Tamamo no Mae|Shadow Ball|p2a: Reuniclus
|-supereffective|p2a: Reuniclus
|-damage|p2a: Reuniclus|72/100
|move|p2a: Reuniclus|Calm Mind|p2a: Reuniclus
|-boost|p2a: Reuniclus|spa|1
|-boost|p2a: Reuniclus|spd|1
|
|-weather|SunnyDay|[upkeep]
|-heal|p2a: Reuniclus|78/100|[from] item: Leftovers
|upkeep
|turn|9
|
|t:|1760760982
|move|p1a: Tamamo no Mae|Shadow Ball|p2a: Reuniclus
|-supereffective|p2a: Reuniclus
|-damage|p2a: Reuniclus|59/100
|move|p2a: Reuniclus|Calm Mind|p2a: Reuniclus
|-boost|p2a: Reuniclus|spa|1
|-boost|p2a: Reuniclus|spd|1
|
|-weather|SunnyDay|[upkeep]
|-heal|p2a: Reuniclus|65/100|[from] item: Leftovers
|upkeep
|turn|10
|
|t:|1760761000
|-terastallize|p2a: Reuniclus|Dark
|move|p1a: Tamamo no Mae|Shadow Ball|p2a: Reuniclus
|-resisted|p2a: Reuniclus
|-damage|p2a: Reuniclus|62/100
|move|p2a: Reuniclus|Acid Armor|p2a: Reuniclus
|-boost|p2a: Reuniclus|def|2
|
|-weather|SunnyDay|[upkeep]
|-heal|p2a: Reuniclus|68/100|[from] item: Leftovers
|upkeep
|turn|11
|
|t:|1760761028
|move|p1a: Tamamo no Mae|Flamethrower|p2a: Reuniclus
|-damage|p2a: Reuniclus|48/100
|move|p2a: Reuniclus|Acid Armor|p2a: Reuniclus
|-boost|p2a: Reuniclus|def|2
|
|-weather|SunnyDay|[upkeep]
|-heal|p2a: Reuniclus|55/100|[from] item: Leftovers
|upkeep
|turn|12
|
|t:|1760761037
|move|p1a: Tamamo no Mae|Flamethrower|p2a: Reuniclus
|-damage|p2a: Reuniclus|34/100
|move|p2a: Reuniclus|Calm Mind|p2a: Reuniclus
|-boost|p2a: Reuniclus|spa|1
|-boost|p2a: Reuniclus|spd|1
|
|-weather|SunnyDay|[upkeep]
|-heal|p2a: Reuniclus|40/100|[from] item: Leftovers
|upkeep
|turn|13
|
|t:|1760761046
|move|p1a: Tamamo no Mae|Flamethrower|p2a: Reuniclus
|-damage|p2a: Reuniclus|25/100
|-status|p2a: Reuniclus|brn
|move|p2a: Reuniclus|Calm Mind|p2a: Reuniclus
|-boost|p2a: Reuniclus|spa|1
|-boost|p2a: Reuniclus|spd|1
|
|-weather|SunnyDay|[upkeep]
|-heal|p2a: Reuniclus|31/100 brn|[from] item: Leftovers
|upkeep
|turn|14
|c|☆femboywild|KEEP STALLING, I'LL GET TO YOU EVENTUALLY
|
|t:|1760761056
|move|p1a: Tamamo no Mae|Flamethrower|p2a: Reuniclus
|-damage|p2a: Reuniclus|18/100 brn
|move|p2a: Reuniclus|Recover|p2a: Reuniclus
|-heal|p2a: Reuniclus|68/100 brn
|
|-weather|none
|-heal|p2a: Reuniclus|75/100 brn|[from] item: Leftovers
|upkeep
|turn|15
|
|t:|1760761061
|move|p1a: Tamamo no Mae|Shadow Ball|p2a: Reuniclus
|-resisted|p2a: Reuniclus
|-crit|p2a: Reuniclus
|-damage|p2a: Reuniclus|63/100 brn
|move|p2a: Reuniclus|Calm Mind|p2a: Reuniclus
|-boost|p2a: Reuniclus|spa|1
|-boost|p2a: Reuniclus|spd|1
|
|-heal|p2a: Reuniclus|69/100 brn|[from] item: Leftovers
|upkeep
|turn|16
|
|t:|1760761067
|move|p1a: Tamamo no Mae|Flamethrower|p2a: Reuniclus
|-damage|p2a: Reuniclus|61/100 brn
|move|p2a: Reuniclus|Calm Mind|p2a: Reuniclus
|-boost|p2a: Reuniclus|spa|1
|-boost|p2a: Reuniclus|spd|1
|
|-heal|p2a: Reuniclus|67/100 brn|[from] item: Leftovers
|upkeep
|turn|17
|
|t:|1760761070
|move|p1a: Tamamo no Mae|Flamethrower|p2a: Reuniclus
|-damage|p2a: Reuniclus|61/100 brn
|move|p2a: Reuniclus|Recover|p2a: Reuniclus
|-heal|p2a: Reuniclus|100/100 brn
|
|upkeep
|turn|18
|
|t:|1760761076
|move|p1a: Tamamo no Mae|Flamethrower|p2a: Reuniclus
|-damage|p2a: Reuniclus|94/100 brn
|move|p2a: Reuniclus|Flash Cannon|p1a: Tamamo no Mae
|-resisted|p1a: Tamamo no Mae
|-damage|p1a: Tamamo no Mae|46/100
|
|-heal|p2a: Reuniclus|99/100 brn|[from] item: Leftovers
|upkeep
|turn|19
|
|t:|1760761080
|move|p1a: Tamamo no Mae|Flamethrower|p2a: Reuniclus
|-damage|p2a: Reuniclus|94/100 brn
|move|p2a: Reuniclus|Flash Cannon|p1a: Tamamo no Mae
|-resisted|p1a: Tamamo no Mae
|-damage|p1a: Tamamo no Mae|0 fnt
|faint|p1a: Tamamo no Mae
|
|-heal|p2a: Reuniclus|99/100 brn|[from] item: Leftovers
|upkeep
|
|t:|1760761086
|switch|p1a: Bunny|Cinderace, M|100/100
|turn|20
|c|☆jakkuza|tf no crit
|
|t:|1760761097
|move|p1a: Bunny|Trailblaze|p2a: Reuniclus
|-start|p1a: Bunny|typechange|Grass|[from] ability: Libero
|-damage|p2a: Reuniclus|96/100 brn
|-boost|p1a: Bunny|spe|1
|move|p2a: Reuniclus|Flash Cannon|p1a: Bunny
|-enditem|p1a: Bunny|Focus Sash
|-damage|p1a: Bunny|1/100
|
|-heal|p2a: Reuniclus|100/100 brn|[from] item: Leftovers
|upkeep
|turn|21
|
|t:|1760761106
|move|p1a: Bunny|Electro Ball|p2a: Reuniclus
|-damage|p2a: Reuniclus|93/100 brn
|move|p2a: Reuniclus|Flash Cannon|p1a: Bunny
|-damage|p1a: Bunny|0 fnt
|faint|p1a: Bunny
|
|-heal|p2a: Reuniclus|99/100 brn|[from] item: Leftovers
|upkeep
|
|t:|1760761109
|switch|p1a: Monke|Infernape, F|100/100
|turn|22
|
|t:|1760761111
|move|p1a: Monke|Drain Punch|p2a: Reuniclus
|-supereffective|p2a: Reuniclus
|-damage|p2a: Reuniclus|74/100 brn
|move|p2a: Reuniclus|Flash Cannon|p1a: Monke
|-resisted|p1a: Monke
|-damage|p1a: Monke|38/100
|
|-heal|p2a: Reuniclus|80/100 brn|[from] item: Leftovers
|upkeep
|turn|23
|
|t:|1760761115
|move|p1a: Monke|Drain Punch|p2a: Reuniclus
|-supereffective|p2a: Reuniclus
|-damage|p2a: Reuniclus|56/100 brn
|-heal|p1a: Monke|55/100|[from] drain|[of] p2a: Reuniclus
|move|p2a: Reuniclus|Flash Cannon|p1a: Monke
|-resisted|p1a: Monke
|-damage|p1a: Monke|0 fnt
|faint|p1a: Monke
|
|-heal|p2a: Reuniclus|62/100 brn|[from] item: Leftovers
|upkeep
|
|t:|1760761122
|switch|p1a: Bad Dragon|Charizard, F|100/100
|turn|24
|c|☆jakkuza|it’s not stalling it’s setting up
|c|☆jakkuza|;P
|
|t:|1760761134
|move|p1a: Bad Dragon|Flamethrower|p2a: Reuniclus
|-damage|p2a: Reuniclus|54/100 brn
|move|p2a: Reuniclus|Flash Cannon|p1a: Bad Dragon
|-resisted|p1a: Bad Dragon
|-damage|p1a: Bad Dragon|32/100
|
|-heal|p1a: Bad Dragon|38/100|[from] item: Leftovers
|-heal|p2a: Reuniclus|60/100 brn|[from] item: Leftovers
|upkeep
|turn|25
|c|☆femboywild|stall set up what's the difference
|
|t:|1760761143
|move|p1a: Bad Dragon|Flamethrower|p2a: Reuniclus
|-damage|p2a: Reuniclus|52/100 brn
|move|p2a: Reuniclus|Flash Cannon|p1a: Bad Dragon
|-resisted|p1a: Bad Dragon
|-crit|p1a: Bad Dragon
|-damage|p1a: Bad Dragon|0 fnt
|faint|p1a: Bad Dragon
|
|win|jakkuza
|raw|femboywild's rating: 1133 &rarr; <strong>1111</strong><br />(-22 for losing)
|raw|jakkuza's rating: 1179 &rarr; <strong>1201</strong><br />(+22 for winning)
|c|☆jakkuza|the damage
|c|☆femboywild|gg
|c|☆jakkuza|gg
|l|☆femboywild
|player|p1|
|l|☆jakkuza
|player|p2|
|j|☆jakkuza
|player|p2|jakkuza|265|
|l|☆jakkuza
|player|p2|
