|j|☆deepak johnson
|j|☆GodBananaBread
|t:|1760876115
|gametype|singles
|player|p1|deepak johnson|2|1560
|player|p2|GodBananaBread|steven|1519
|gen|9
|tier|[Gen 9] OU
|rated|
|rule|HP Percentage Mod: HP is shown in percentages
|rule|Endless Battle Clause: Forcing endless battles is banned
|rule|Species Clause: Limit one of each Pokémon
|rule|OHKO Clause: OHKO moves are banned
|rule|Evasion Items Clause: Evasion items are banned
|rule|Evasion Moves Clause: Evasion moves are banned
|rule|Evasion Abilities Clause: Evasion abilities are banned
|rule|Sleep Moves Clause: Sleep-inducing moves are banned
|clearpoke
|poke|p1|Hoopa-Unbound|
|poke|p1|Hydrapple, M|
|poke|p1|Gliscor, M|
|poke|p1|Cinderace, M|
|poke|p1|Alomomola, F|
|poke|p1|Gholdengo|
|poke|p2|Alomomola, F|
|poke|p2|Slowking-Galar, M|
|poke|p2|Weezing-Galar, M|
|poke|p2|Samurott-Hisui, M|
|poke|p2|Raging Bolt|
|poke|p2|Ogerpon-Wellspring, F|
|teampreview
|inactive|Battle timer is ON: inactive players will automatically lose when time's up. (requested by GodBananaBread)
|inactive|deepak johnson has 120 seconds left.
|inactive|deepak johnson has 90 seconds left.
|inactive|deepak johnson has 60 seconds left.
|inactive|deepak johnson has 30 seconds left.
|
|t:|1760876250
|teamsize|p1|6
|teamsize|p2|6
|start
|switch|p1a: Gliscor|Gliscor, M|100/100
|switch|p2a: Samurai|Samurott-Hisui, M, shiny|100/100
|turn|1
|inactive|deepak johnson has 90 seconds left.
|
|t:|1760876260
|move|p1a: Gliscor|Protect|p1a: Gliscor
|-singleturn|p1a: Gliscor|Protect
|move|p2a: Samurai|Razor Shell|p1a: Gliscor
|-activate|p1a: Gliscor|move: Protect
|
|-status|p1a: Gliscor|tox|[from] item: Toxic Orb
|upkeep
|turn|2
|inactive|deepak johnson has 90 seconds left.
|
|t:|1760876277
|switch|p2a: Dinoswaur|Raging Bolt|100/100
|switch|p1a: Hydrapple|Hydrapple, M, shiny|100/100
|
|upkeep
|turn|3
|inactive|deepak johnson has 90 seconds left.
|
|t:|1760876290
|-end|p2a: Dinoswaur|Protosynthesis|[silent]
|switch|p2a: Glowking|Slowking-Galar, M|100/100
|switch|p1a: Alomomola|Alomomola, F|100/100
|
|upkeep
|turn|4
|
|t:|1760876295
|move|p1a: Alomomola|Flip Turn|p2a: Glowking
|-damage|p2a: Glowking|82/100
|inactive|deepak johnson has 90 seconds left.
|
|t:|1760876307
|switch|p1a: Gholdengo|Gholdengo|100/100|[from] Flip Turn
|-item|p1a: Gholdengo|Air Balloon
|move|p2a: Glowking|Future Sight|p1a: Gholdengo
|-start|p2a: Glowking|move: Future Sight
|
|-heal|p2a: Glowking|88/100|[from] item: Leftovers
|upkeep
|turn|5
|
|t:|1760876313
|move|p1a: Gholdengo|Thunder Wave|p2a: Glowking
|-status|p2a: Glowking|par
|-prepare|p2a: Glowking|Chilly Reception|[premajor]
|move|p2a: Glowking|Chilly Reception|p2a: Glowking
|-weather|Snowscape
|
|t:|1760876315
|switch|p2a: Samurai|Samurott-Hisui, M, shiny|100/100|[from] Chilly Reception
|
|-weather|Snowscape|[upkeep]
|upkeep
|turn|6
|
|t:|1760876321
|switch|p1a: Hydrapple|Hydrapple, M, shiny|100/100
|move|p2a: Samurai|Ceaseless Edge|p1a: Hydrapple
|-damage|p1a: Hydrapple|69/100
|-damage|p2a: Samurai|84/100|[from] item: Rocky Helmet|[of] p1a: Hydrapple
|-sidestart|p1: deepak johnson|Spikes
|
|-weather|Snowscape|[upkeep]
|-end|p1a: Hydrapple|move: Future Sight
|-damage|p1a: Hydrapple|22/100
|upkeep
|turn|7
|
|t:|1760876335
|switch|p1a: Gliscor|Gliscor, M|100/100 tox
|move|p2a: Samurai|Ceaseless Edge|p1a: Gliscor
|-damage|p1a: Gliscor|62/100 tox
|-sidestart|p1: deepak johnson|Spikes
|
|-weather|Snowscape|[upkeep]
|-heal|p1a: Gliscor|74/100 tox|[from] ability: Poison Heal
|upkeep
|turn|8
|
|t:|1760876345
|switch|p2a: Ogerpawn|Ogerpon-Wellspring, F|100/100
|move|p1a: Gliscor|Protect||[still]
|-fail|p1a: Gliscor
|
|-weather|Snowscape|[upkeep]
|-heal|p1a: Gliscor|87/100 tox|[from] ability: Poison Heal
|upkeep
|turn|9
|inactive|deepak johnson has 120 seconds left.
|
|t:|1760876358
|switch|p1a: Hydrapple|Hydrapple, M, shiny|55/100
|-damage|p1a: Hydrapple|39/100|[from] Spikes
|move|p2a: Ogerpawn|Ivy Cudgel|p1a: Hydrapple|[anim] Ivy Cudgel Water
|-resisted|p1a: Hydrapple
|-damage|p1a: Hydrapple|28/100
|
|-weather|none
|upkeep
|turn|10
|
|t:|1760876365
|switch|p1a: Gliscor|Gliscor, M|87/100 tox
|move|p2a: Ogerpawn|U-turn|p1a: Gliscor
|-resisted|p1a: Gliscor
|-damage|p1a: Gliscor|75/100 tox
|
|t:|1760876381
|switch|p2a: Fishhh|Alomomola, F, shiny|100/100|[from] U-turn
|
|-heal|p1a: Gliscor|88/100 tox|[from] ability: Poison Heal
|upkeep
|turn|11
|
|t:|1760876384
|move|p1a: Gliscor|Toxic|p2a: Fishhh
|-status|p2a: Fishhh|tox
|move|p2a: Fishhh|Wish|p2a: Fishhh
|
|-heal|p1a: Gliscor|100/100 tox|[from] ability: Poison Heal
|-damage|p2a: Fishhh|94/100 tox|[from] psn
|upkeep
|turn|12
|
|t:|1760876392
|switch|p2a: Ogerpawn|Ogerpon-Wellspring, F|100/100
|move|p1a: Gliscor|Earthquake|p2a: Ogerpawn
|-resisted|p2a: Ogerpawn
|-damage|p2a: Ogerpawn|80/100
|
|-heal|p2a: Ogerpawn|100/100|[from] move: Wish|[wisher] Fishhh
|upkeep
|turn|13
|
|t:|1760876409
|switch|p1a: Hydrapple|Hydrapple, M, shiny|61/100
|-damage|p1a: Hydrapple|45/100|[from] Spikes
|move|p2a: Ogerpawn|Swords Dance|p2a: Ogerpawn
|-boost|p2a: Ogerpawn|atk|2
|
|upkeep
|turn|14
|
|t:|1760876416
|switch|p1a: Gliscor|Gliscor, M|100/100 tox
|move|p2a: Ogerpawn|Ivy Cudgel|p1a: Gliscor|[anim] Ivy Cudgel Water
|-supereffective|p1a: Gliscor
|-damage|p1a: Gliscor|0 fnt
|faint|p1a: Gliscor
|
|upkeep
|
|t:|1760876435
|switch|p1a: Hoopa|Hoopa-Unbound|100/100
|-damage|p1a: Hoopa|84/100|[from] Spikes
|turn|15
|
|t:|1760876440
|move|p1a: Hoopa|Gunk Shot|p2a: Ogerpawn
|-supereffective|p2a: Ogerpawn
|-damage|p2a: Ogerpawn|0 fnt
|faint|p2a: Ogerpawn
|
|upkeep
|
|t:|1760876444
|switch|p2a: Samurai|Samurott-Hisui, M, shiny|84/100
|turn|16
|
|t:|1760876455
|move|p2a: Samurai|Ceaseless Edge|p1a: Hoopa
|-damage|p1a: Hoopa|0 fnt
|-sidestart|p1: deepak johnson|Spikes
|faint|p1a: Hoopa
|
|upkeep
|
|t:|1760876460
|switch|p1a: Hydrapple|Hydrapple, M, shiny|78/100
|-damage|p1a: Hydrapple|53/100|[from] Spikes
|turn|17
|
|t:|1760876466
|switch|p2a: Glowking|Slowking-Galar, M|100/100 par
|switch|p1a: Cinderace|Cinderace, M|100/100
|
|upkeep
|turn|18
|
|t:|1760876474
|switch|p2a: Samurai|Samurott-Hisui, M, shiny|84/100
|move|p1a: Cinderace|Court Change|p1a: Cinderace
|-swapsideconditions
|-activate|p1a: Cinderace|move: Court Change
|
|upkeep
|turn|19
|
|t:|1760876487
|switch|p1a: Hydrapple|Hydrapple, M, shiny|86/100
|move|p2a: Samurai|Flip Turn|p1a: Hydrapple
|-resisted|p1a: Hydrapple
|-damage|p1a: Hydrapple|81/100
|-damage|p2a: Samurai|68/100|[from] item: Rocky Helmet|[of] p1a: Hydrapple
|
|t:|1760876489
|switch|p2a: Global warming|Weezing-Galar, M, shiny|100/100|[from] Flip Turn
|-ability|p2a: Global warming|Neutralizing Gas
|
|upkeep
|turn|20
|
|t:|1760876503
|move|p2a: Global warming|Defog|p1a: Hydrapple
|-unboost|p1a: Hydrapple|evasion|1
|-sideend|p2: GodBananaBread|Spikes|[from] move: Defog|[of] p2a: Global warming
|move|p1a: Hydrapple|Earth Power|p2a: Global warming
|-supereffective|p2a: Global warming
|-damage|p2a: Global warming|21/100
|
|upkeep
|turn|21
|
|t:|1760876518
|-end|p2a: Global warming|ability: Neutralizing Gas
|switch|p2a: Glowking|Slowking-Galar, M|100/100 par
|move|p1a: Hydrapple|Earth Power|p2a: Glowking
|-supereffective|p2a: Glowking
|-damage|p2a: Glowking|65/100 par
|
|-heal|p2a: Glowking|71/100 par|[from] item: Leftovers
|upkeep
|turn|22
|
|t:|1760876546
|switch|p1a: Gholdengo|Gholdengo|100/100
|-item|p1a: Gholdengo|Air Balloon
|move|p2a: Glowking|Future Sight|p1a: Gholdengo
|-start|p2a: Glowking|move: Future Sight
|
|-heal|p2a: Glowking|77/100 par|[from] item: Leftovers
|upkeep
|turn|23
|
|t:|1760876550
|move|p1a: Gholdengo|Hex|p2a: Glowking
|-supereffective|p2a: Glowking
|-damage|p2a: Glowking|0 fnt
|faint|p2a: Glowking
|
|upkeep
|
|t:|1760876553
|switch|p2a: Samurai|Samurott-Hisui, M, shiny|68/100
|turn|24
|
|t:|1760876563
|switch|p1a: Hydrapple|Hydrapple, M, shiny|100/100
|move|p2a: Samurai|Ceaseless Edge|p1a: Hydrapple
|-damage|p1a: Hydrapple|73/100
|-damage|p2a: Samurai|51/100|[from] item: Rocky Helmet|[of] p1a: Hydrapple
|-sidestart|p1: deepak johnson|Spikes
|
|-end|p1a: Hydrapple|move: Future Sight
|-damage|p1a: Hydrapple|27/100
|upkeep
|turn|25
|
|t:|1760876569
|move|p2a: Samurai|Ceaseless Edge|p1a: Hydrapple
|-damage|p1a: Hydrapple|0 fnt
|-damage|p2a: Samurai|35/100|[from] item: Rocky Helmet|[of] p1a: Hydrapple
|-sidestart|p1: deepak johnson|Spikes
|faint|p1a: Hydrapple
|
|upkeep
|
|t:|1760876574
|switch|p1a: Cinderace|Cinderace, M|100/100
|turn|26
|
|t:|1760876576
|move|p2a: Samurai|Ceaseless Edge|p1a: Cinderace
|-damage|p1a: Cinderace|43/100
|-sidestart|p1: deepak johnson|Spikes
|move|p1a: Cinderace|Court Change|p1a: Cinderace
|-swapsideconditions
|-activate|p1a: Cinderace|move: Court Change
|
|upkeep
|turn|27
|
|t:|1760876582
|switch|p1a: Alomomola|Alomomola, F|100/100
|move|p2a: Samurai|Ceaseless Edge|p1a: Alomomola
|-damage|p1a: Alomomola|69/100
|-sidestart|p1: deepak johnson|Spikes
|
|upkeep
|turn|28
|
|t:|1760876588
|switch|p2a: Fishhh|Alomomola, F, shiny|100/100 tox
|-damage|p2a: Fishhh|76/100 tox|[from] Spikes
|move|p1a: Alomomola|Flip Turn|p2a: Fishhh
|-resisted|p2a: Fishhh
|-damage|p2a: Fishhh|71/100 tox
|-damage|p1a: Alomomola|52/100|[from] item: Rocky Helmet|[of] p2a: Fishhh
|
|t:|1760876597
|switch|p1a: Gholdengo|Gholdengo|100/100|[from] Flip Turn
|-item|p1a: Gholdengo|Air Balloon
|
|-damage|p2a: Fishhh|65/100 tox|[from] psn
|upkeep
|turn|29
|
|t:|1760876602
|switch|p2a: Dinoswaur|Raging Bolt|100/100
|-damage|p2a: Dinoswaur|76/100|[from] Spikes
|move|p1a: Gholdengo|Thunder Wave|p2a: Dinoswaur
|-immune|p2a: Dinoswaur
|
|upkeep
|turn|30
|
|t:|1760876609
|-terastallize|p1a: Gholdengo|Fairy
|move|p1a: Gholdengo|Hex|p2a: Dinoswaur
|-damage|p2a: Dinoswaur|51/100
|move|p2a: Dinoswaur|Volt Switch|p1a: Gholdengo
|-damage|p1a: Gholdengo|34/100
|-enditem|p1a: Gholdengo|Air Balloon
|
|t:|1760876614
|-end|p2a: Dinoswaur|Protosynthesis|[silent]
|switch|p2a: Samurai|Samurott-Hisui, M, shiny|35/100|[from] Volt Switch
|-damage|p2a: Samurai|10/100|[from] Spikes
|
|upkeep
|turn|31
|
|t:|1760876625
|switch|p1a: Alomomola|Alomomola, F|86/100
|-damage|p1a: Alomomola|73/100|[from] Spikes
|move|p2a: Samurai|Ceaseless Edge|p1a: Alomomola
|-damage|p1a: Alomomola|42/100
|-sidestart|p1: deepak johnson|Spikes
|
|upkeep
|turn|32
|
|t:|1760876628
|move|p2a: Samurai|Ceaseless Edge|p1a: Alomomola
|-damage|p1a: Alomomola|10/100
|-sidestart|p1: deepak johnson|Spikes
|move|p1a: Alomomola|Scald|p2a: Samurai
|-resisted|p2a: Samurai
|-damage|p2a: Samurai|0 fnt
|faint|p2a: Samurai
|
|upkeep
|
|t:|1760876639
|switch|p2a: Fishhh|Alomomola, F, shiny|98/100 tox
|-damage|p2a: Fishhh|73/100 tox|[from] Spikes
|turn|33
|
|t:|1760876664
|move|p2a: Fishhh|Wish|p2a: Fishhh
|move|p1a: Alomomola|Mirror Coat||[still]
|-fail|p1a: Alomomola
|
|-damage|p2a: Fishhh|67/100 tox|[from] psn
|upkeep
|turn|34
|
|t:|1760876668
|move|p2a: Fishhh|Flip Turn|p1a: Alomomola
|-resisted|p1a: Alomomola
|-damage|p1a: Alomomola|3/100
|
|t:|1760876672
|switch|p2a: Dinoswaur|Raging Bolt|51/100|[from] Flip Turn
|-damage|p2a: Dinoswaur|26/100|[from] Spikes
|move|p1a: Alomomola|Body Slam|p2a: Dinoswaur
|-damage|p2a: Dinoswaur|13/100
|
|-heal|p2a: Dinoswaur|72/100|[from] move: Wish|[wisher] Fishhh
|upkeep
|turn|35
|-message|deepak johnson forfeited.
|
|win|GodBananaBread
|raw|deepak johnson's rating: 1560 &rarr; <strong>1538</strong><br />(-22 for losing)
|raw|GodBananaBread's rating: 1519 &rarr; <strong>1541</strong><br />(+22 for winning)
|l|☆deepak johnson
|player|p1|
