|j|☆tbndepzai
|j|☆Dream remmeng
|t:|1760760871
|gametype|singles
|player|p1|tbndepzai|102|1112
|player|p2|Dream remmeng|lisia-masters|1144
|gen|9
|tier|[Gen 9] OU
|rated|
|rule|HP Percentage Mod: HP is shown in percentages
|rule|Endless Battle Clause: Forcing endless battles is banned
|rule|Species Clause: Limit one of each Pokémon
|rule|OHKO Clause: OHKO moves are banned
|rule|Evasion Items Clause: Evasion items are banned
|rule|Evasion Moves Clause: Evasion moves are banned
|rule|Evasion Abilities Clause: Evasion abilities are banned
|rule|Sleep Moves Clause: Sleep-inducing moves are banned
|clearpoke
|poke|p1|Cottonee, L1, F|
|poke|p1|Salazzle, F|
|poke|p1|Spidops, F|
|poke|p1|Pineco, L1, M|
|poke|p1|Dragapult, F|
|poke|p1|Jolteon, M|
|poke|p2|Hydrapple, M|
|poke|p2|Iron Treads|
|poke|p2|Dragapult, F|
|poke|p2|Iron Moth|
|poke|p2|Alomomola, M|
|poke|p2|Zapdos|
|teampreview
|inactive|Battle timer is ON: inactive players will automatically lose when time's up. (requested by tbndepzai)
|
|t:|1760760882
|teamsize|p1|6
|teamsize|p2|6
|start
|switch|p1a: Spidops|Spidops, F|100/100
|switch|p2a: Iron Treads|Iron Treads|100/100
|turn|1
|
|t:|1760760886
|move|p2a: Iron Treads|Stealth Rock|p1a: Spidops
|-sidestart|p1: tbndepzai|move: Stealth Rock
|move|p1a: Spidops|Circle Throw|p2a: Iron Treads
|-supereffective|p2a: Iron Treads
|-crit|p2a: Iron Treads
|-damage|p2a: Iron Treads|73/100
|-end|p2a: Iron Treads|Quark Drive|[silent]
|drag|p2a: 八岐大蛇|Hydrapple, M|100/100
|
|upkeep
|turn|2
|
|t:|1760760893
|move|p2a: 八岐大蛇|Fickle Beam|p1a: Spidops
|-damage|p1a: Spidops|49/100
|move|p1a: Spidops|Toxic Spikes|p2a: 八岐大蛇
|-sidestart|p2: Dream remmeng|move: Toxic Spikes
|
|upkeep
|turn|3
|
|t:|1760760899
|switch|p2a: Iron Treads|Iron Treads|73/100
|move|p1a: Spidops|Toxic Spikes|p2a: Iron Treads
|-sidestart|p2: Dream remmeng|move: Toxic Spikes
|
|upkeep
|turn|4
|
|t:|1760760902
|move|p2a: Iron Treads|Rapid Spin|p1a: Spidops
|-damage|p1a: Spidops|40/100
|-boost|p2a: Iron Treads|spe|1
|-sideend|p2: Dream remmeng|Toxic Spikes|[from] move: Rapid Spin|[of] p2a: Iron Treads
|move|p1a: Spidops|Circle Throw|p2a: Iron Treads
|-supereffective|p2a: Iron Treads
|-damage|p2a: Iron Treads|57/100
|-end|p2a: Iron Treads|Quark Drive|[silent]
|drag|p2a: Iron Moth|Iron Moth|100/100
|-enditem|p2a: Iron Moth|Booster Energy
|-activate|p2a: Iron Moth|ability: Quark Drive|[fromitem]
|-start|p2a: Iron Moth|quarkdrivespe
|
|upkeep
|turn|5
|
|t:|1760760908
|move|p2a: Iron Moth|Fiery Dance|p1a: Spidops
|-supereffective|p1a: Spidops
|-damage|p1a: Spidops|0 fnt
|-boost|p2a: Iron Moth|spa|1
|faint|p1a: Spidops
|
|upkeep
|
|t:|1760760922
|switch|p1a: Dragapult|Dragapult, F|100/100
|turn|6
|
|t:|1760760928
|move|p2a: Iron Moth|Sludge Wave|p1a: Dragapult
|-resisted|p1a: Dragapult
|-damage|p1a: Dragapult|52/100
|move|p1a: Dragapult|Dragon Dance|p1a: Dragapult
|-boost|p1a: Dragapult|atk|1
|-boost|p1a: Dragapult|spe|1
|
|upkeep
|turn|7
|
|t:|1760760944
|-end|p2a: Iron Moth|Quark Drive|[silent]
|switch|p2a: Zapdos|Zapdos|100/100
|move|p1a: Dragapult|Dragon Darts|p2a: Zapdos
|-damage|p2a: Zapdos|69/100
|-anim|p1a: Dragapult|Dragon Darts|p2a: Zapdos
|-damage|p2a: Zapdos|39/100
|
|upkeep
|turn|8
|
|t:|1760760951
|move|p1a: Dragapult|Dragon Darts|p2a: Zapdos
|-damage|p2a: Zapdos|11/100
|-anim|p1a: Dragapult|Dragon Darts|p2a: Zapdos
|-damage|p2a: Zapdos|0 fnt
|faint|p2a: Zapdos
|
|upkeep
|
|t:|1760760962
|switch|p2a: Dragapult|Dragapult, F|100/100
|turn|9
|
|t:|1760760967
|move|p2a: Dragapult|Sucker Punch|p1a: Dragapult
|-supereffective|p1a: Dragapult
|-damage|p1a: Dragapult|0 fnt
|faint|p1a: Dragapult
|
|upkeep
|
|t:|1760760975
|switch|p1a: Cottonee|Cottonee, L1, F|100/100
|-damage|p1a: Cottonee|92/100|[from] Stealth Rock
|turn|10
|
|t:|1760760981
|move|p1a: Cottonee|Encore|p2a: Dragapult
|-start|p2a: Dragapult|Encore
|move|p2a: Dragapult|Sucker Punch||[still]
|-fail|p2a: Dragapult
|
|upkeep
|turn|11
|
|t:|1760760987
|switch|p2a: Iron Treads|Iron Treads|57/100
|move|p1a: Cottonee|Leech Seed|p2a: Iron Treads
|-start|p2a: Iron Treads|move: Leech Seed
|
|-damage|p2a: Iron Treads|45/100|[from] Leech Seed|[of] p1a: Cottonee
|-heal|p1a: Cottonee|100/100|[silent]
|upkeep
|turn|12
|
|t:|1760760998
|move|p1a: Cottonee|Substitute|p1a: Cottonee
|-start|p1a: Cottonee|Substitute
|-damage|p1a: Cottonee|75/100
|move|p2a: Iron Treads|Volt Switch|p1a: Cottonee
|-resisted|p1a: Cottonee
|-end|p1a: Cottonee|Substitute
|
|t:|1760761002
|-end|p2a: Iron Treads|Quark Drive|[silent]
|switch|p2a: 八岐大蛇|Hydrapple, M|100/100|[from] Volt Switch
|
|upkeep
|turn|13
|
|t:|1760761015
|move|p1a: Cottonee|Protect|p1a: Cottonee
|-singleturn|p1a: Cottonee|Protect
|move|p2a: 八岐大蛇|Hydro Pump|p1a: Cottonee
|-activate|p1a: Cottonee|move: Protect
|
|upkeep
|turn|14
|
|t:|1760761021
|move|p1a: Cottonee|Encore|p2a: 八岐大蛇
|-start|p2a: 八岐大蛇|Encore
|move|p2a: 八岐大蛇|Hydro Pump|p1a: Cottonee
|-resisted|p1a: Cottonee
|-damage|p1a: Cottonee|0 fnt
|faint|p1a: Cottonee
|
|upkeep
|
|t:|1760761025
|switch|p1a: Jolteon|Jolteon, M|100/100
|-damage|p1a: Jolteon|88/100|[from] Stealth Rock
|turn|15
|
|t:|1760761031
|switch|p2a: Iron Treads|Iron Treads|45/100
|move|p1a: Jolteon|Calm Mind|p1a: Jolteon
|-boost|p1a: Jolteon|spa|1
|-boost|p1a: Jolteon|spd|1
|
|upkeep
|turn|16
|
|t:|1760761040
|-end|p2a: Iron Treads|Quark Drive|[silent]
|switch|p2a: 八岐大蛇|Hydrapple, M|100/100
|-terastallize|p1a: Jolteon|Flying
|move|p1a: Jolteon|Calm Mind|p1a: Jolteon
|-boost|p1a: Jolteon|spa|1
|-boost|p1a: Jolteon|spd|1
|
|upkeep
|turn|17
|
|t:|1760761051
|move|p1a: Jolteon|Alluring Voice|p2a: 八岐大蛇
|-supereffective|p2a: 八岐大蛇
|-damage|p2a: 八岐大蛇|11/100
|-damage|p1a: Jolteon|78/100|[from] item: Life Orb
|move|p2a: 八岐大蛇|Fickle Beam|p1a: Jolteon|[anim] Fickle Beam All Out
|-activate|p2a: 八岐大蛇|move: Fickle Beam
|-damage|p1a: Jolteon|26/100
|
|upkeep
|turn|18
|
|t:|1760761069
|move|p1a: Jolteon|Shadow Ball|p2a: 八岐大蛇
|-damage|p2a: 八岐大蛇|0 fnt
|faint|p2a: 八岐大蛇
|-damage|p1a: Jolteon|16/100|[from] item: Life Orb
|
|upkeep
|
|t:|1760761072
|switch|p2a: Dragapult|Dragapult, F|100/100
|turn|19
|
|t:|1760761078
|move|p2a: Dragapult|Dragon Darts|p1a: Jolteon
|-damage|p1a: Jolteon|0 fnt
|faint|p1a: Jolteon
|
|upkeep
|
|t:|1760761083
|switch|p1a: Salazzle|Salazzle, F|100/100
|-damage|p1a: Salazzle|76/100|[from] Stealth Rock
|turn|20
|
|t:|1760761088
|move|p2a: Dragapult|Dragon Darts|p1a: Salazzle
|-damage|p1a: Salazzle|37/100
|-anim|p2a: Dragapult|Dragon Darts|p1a: Salazzle
|-damage|p1a: Salazzle|0 fnt
|faint|p1a: Salazzle
|
|upkeep
|-message|tbndepzai forfeited.
|
|win|Dream remmeng
|raw|tbndepzai's rating: 1112 &rarr; <strong>1089</strong><br />(-23 for losing)
|raw|Dream remmeng's rating: 1144 &rarr; <strong>1167</strong><br />(+23 for winning)
|l|☆tbndepzai
|player|p1|
|l|☆Dream remmeng
|player|p2|
