|j|‽maxwelcome
|j|☆Paleo_Chris
|t:|1760736478
|gametype|singles
|player|p1|maxwelcome|265|1083
|player|p2|Paleo_Chris|n|1052
|gen|9
|tier|[Gen 9] OU
|rated|
|rule|HP Percentage Mod: HP is shown in percentages
|rule|Endless Battle Clause: Forcing endless battles is banned
|rule|Species Clause: Limit one of each Pokémon
|rule|OHKO Clause: OHKO moves are banned
|rule|Evasion Items Clause: Evasion items are banned
|rule|Evasion Moves Clause: Evasion moves are banned
|rule|Evasion Abilities Clause: Evasion abilities are banned
|rule|Sleep Moves Clause: Sleep-inducing moves are banned
|clearpoke
|poke|p1|Grimmsnarl, M|
|poke|p1|Kingambit, F|
|poke|p1|Blissey, F|
|poke|p1|Meowstic, M|
|poke|p1|Corviknight, F|
|poke|p1|Lucario, F|
|poke|p2|Corviknight, F|
|poke|p2|Dragapult, F|
|poke|p2|Talonflame, M|
|poke|p2|Iron Valiant|
|poke|p2|Scizor, M|
|poke|p2|Toxapex, F|
|teampreview
|
|t:|1760736514
|teamsize|p1|6
|teamsize|p2|6
|start
|switch|p1a: Grimmsnarl|Grimmsnarl, M|100/100
|switch|p2a: Neuro|Toxapex, F|100/100
|turn|1
|
|t:|1760736539
|move|p1a: Grimmsnarl|Thunder Wave|p2a: Neuro
|-status|p2a: Neuro|par
|move|p2a: Neuro|Substitute|p2a: Neuro
|-start|p2a: Neuro|Substitute
|-damage|p2a: Neuro|75/100 par
|
|-heal|p2a: Neuro|82/100 par|[from] item: Leftovers
|upkeep
|turn|2
|
|t:|1760736568
|move|p1a: Grimmsnarl|Reflect|p1a: Grimmsnarl
|-sidestart|p1: maxwelcome|Reflect
|move|p2a: Neuro|Toxic|p1a: Grimmsnarl
|-status|p1a: Grimmsnarl|tox
|
|-heal|p2a: Neuro|88/100 par|[from] item: Leftovers
|-damage|p1a: Grimmsnarl|94/100 tox|[from] psn
|upkeep
|turn|3
|
|t:|1760736576
|move|p1a: Grimmsnarl|Light Screen|p1a: Grimmsnarl
|-sidestart|p1: maxwelcome|move: Light Screen
|cant|p2a: Neuro|par
|
|-heal|p2a: Neuro|94/100 par|[from] item: Leftovers
|-damage|p1a: Grimmsnarl|82/100 tox|[from] psn
|upkeep
|turn|4
|
|t:|1760736583
|switch|p1a: Meowstic|Meowstic, M|100/100
|move|p2a: Neuro|Toxic Spikes|p1a: Meowstic
|-sidestart|p1: maxwelcome|move: Toxic Spikes
|
|-heal|p2a: Neuro|100/100 par|[from] item: Leftovers
|upkeep
|turn|5
|
|t:|1760736591
|move|p1a: Meowstic|Psychic|p2a: Neuro
|-supereffective|p2a: Neuro
|-damage|p2a: Neuro|43/100 par
|cant|p2a: Neuro|par
|
|-heal|p2a: Neuro|49/100 par|[from] item: Leftovers
|upkeep
|turn|6
|
|t:|1760736599
|move|p1a: Meowstic|Psychic|p2a: Neuro
|-supereffective|p2a: Neuro
|-damage|p2a: Neuro|0 fnt
|faint|p2a: Neuro
|
|upkeep
|
|t:|1760736608
|switch|p2a: Swamphead|Dragapult, F|100/100
|turn|7
|
|t:|1760736623
|move|p2a: Swamphead|Phantom Force||[still]
|-prepare|p2a: Swamphead|Phantom Force
|move|p1a: Meowstic|Shadow Ball|p2a: Swamphead|[miss]
|-miss|p1a: Meowstic|p2a: Swamphead
|
|upkeep
|turn|8
|
|t:|1760736629
|move|p2a: Swamphead|Phantom Force|p1a: Meowstic|[from] lockedmove
|-supereffective|p1a: Meowstic
|-damage|p1a: Meowstic|0 fnt
|faint|p1a: Meowstic
|
|upkeep
|
|t:|1760736638
|switch|p1a: Corviknight|Corviknight, F|100/100
|-ability|p1a: Corviknight|Pressure
|turn|9
|
|t:|1760736648
|move|p2a: Swamphead|U-turn|p1a: Corviknight
|-resisted|p1a: Corviknight
|-damage|p1a: Corviknight|97/100
|
|t:|1760736653
|switch|p2a: Rex|Talonflame, M, shiny|100/100|[from] U-turn
|move|p1a: Corviknight|Iron Defense|p1a: Corviknight
|-boost|p1a: Corviknight|def|2
|
|-heal|p1a: Corviknight|100/100|[from] item: Leftovers
|-sideend|p1: maxwelcome|Reflect
|upkeep
|turn|10
|
|t:|1760736668
|-terastallize|p1a: Corviknight|Dragon
|move|p2a: Rex|Flame Charge|p1a: Corviknight
|-resisted|p1a: Corviknight
|-damage|p1a: Corviknight|97/100
|-boost|p2a: Rex|spe|1
|move|p1a: Corviknight|Defog|p2a: Rex
|-unboost|p2a: Rex|evasion|1
|-sideend|p1: maxwelcome|Toxic Spikes|[from] move: Defog|[of] p1a: Corviknight
|
|-heal|p1a: Corviknight|100/100|[from] item: Leftovers
|-sideend|p1: maxwelcome|move: Light Screen
|upkeep
|turn|11
|
|t:|1760736683
|move|p2a: Rex|Will-O-Wisp|p1a: Corviknight
|-status|p1a: Corviknight|brn
|move|p1a: Corviknight|Iron Defense|p1a: Corviknight
|-boost|p1a: Corviknight|def|2
|
|-damage|p1a: Corviknight|94/100 brn|[from] brn
|upkeep
|turn|12
|
|t:|1760736691
|move|p2a: Rex|Brave Bird|p1a: Corviknight
|-damage|p1a: Corviknight|85/100 brn
|-damage|p2a: Rex|96/100|[from] Recoil
|move|p1a: Corviknight|Iron Defense|p1a: Corviknight
|-boost|p1a: Corviknight|def|2
|
|-heal|p1a: Corviknight|91/100 brn|[from] item: Leftovers
|-damage|p1a: Corviknight|85/100 brn|[from] brn
|upkeep
|turn|13
|
|t:|1760736702
|switch|p2a: Swamphead|Dragapult, F|100/100
|move|p1a: Corviknight|Body Press|p2a: Swamphead
|-immune|p2a: Swamphead
|
|-heal|p1a: Corviknight|91/100 brn|[from] item: Leftovers
|-damage|p1a: Corviknight|85/100 brn|[from] brn
|upkeep
|turn|14
|
|t:|1760736715
|switch|p1a: Kingambit|Kingambit, F|100/100
|-activate|p1a: Kingambit|ability: Supreme Overlord
|-start|p1a: Kingambit|fallen1|[silent]
|move|p2a: Swamphead|Dragon Darts|p1a: Kingambit
|-resisted|p1a: Kingambit
|-damage|p1a: Kingambit|92/100
|-anim|p2a: Swamphead|Dragon Darts|p1a: Kingambit
|-resisted|p1a: Kingambit
|-damage|p1a: Kingambit|83/100
|
|upkeep
|turn|15
|
|t:|1760736726
|move|p2a: Swamphead|U-turn|p1a: Kingambit
|-damage|p1a: Kingambit|66/100
|
|t:|1760736729
|switch|p2a: Rex|Talonflame, M, shiny|96/100|[from] U-turn
|move|p1a: Kingambit|Kowtow Cleave|p2a: Rex
|-damage|p2a: Rex|19/100
|
|upkeep
|turn|16
|
|t:|1760736739
|-end|p1a: Kingambit|fallen1|[silent]
|switch|p1a: Corviknight|Corviknight, F, tera:Dragon|85/100 brn
|-ability|p1a: Corviknight|Pressure
|move|p2a: Rex|Will-O-Wisp|p1a: Corviknight
|-fail|p1a: Corviknight|brn
|
|-heal|p1a: Corviknight|91/100 brn|[from] item: Leftovers
|-damage|p1a: Corviknight|85/100 brn|[from] brn
|upkeep
|turn|17
|
|t:|1760736755
|switch|p2a: Swamphead|Dragapult, F|100/100
|switch|p1a: Kingambit|Kingambit, F|66/100
|-activate|p1a: Kingambit|ability: Supreme Overlord
|-start|p1a: Kingambit|fallen1|[silent]
|
|upkeep
|turn|18
|
|t:|1760736765
|move|p2a: Swamphead|U-turn|p1a: Kingambit
|-damage|p1a: Kingambit|51/100
|
|t:|1760736770
|switch|p2a: Rocky|Scizor, M|100/100|[from] U-turn
|move|p1a: Kingambit|Kowtow Cleave|p2a: Rocky
|-damage|p2a: Rocky|41/100
|
|upkeep
|turn|19
|
|t:|1760736780
|-terastallize|p2a: Rocky|Ground
|move|p1a: Kingambit|Sucker Punch|p2a: Rocky
|-damage|p2a: Rocky|0 fnt
|faint|p2a: Rocky
|
|upkeep
|
|t:|1760736795
|switch|p2a: Joan of Arc|Iron Valiant, shiny|100/100
|turn|20
|
|t:|1760736807
|-end|p1a: Kingambit|fallen1|[silent]
|switch|p1a: Lucario|Lucario, F|100/100
|-item|p1a: Lucario|Air Balloon
|move|p2a: Joan of Arc|Aura Sphere|p1a: Lucario
|-supereffective|p1a: Lucario
|-damage|p1a: Lucario|0 fnt
|-enditem|p1a: Lucario|Air Balloon
|faint|p1a: Lucario
|
|upkeep
|
|t:|1760736819
|switch|p1a: Blissey|Blissey, F, shiny|100/100
|turn|21
|
|t:|1760736825
|move|p2a: Joan of Arc|Aura Sphere|p1a: Blissey
|-supereffective|p1a: Blissey
|-damage|p1a: Blissey|58/100
|move|p1a: Blissey|Thunder Wave|p2a: Joan of Arc
|-status|p2a: Joan of Arc|par
|
|upkeep
|turn|22
|
|t:|1760736834
|move|p2a: Joan of Arc|Aura Sphere|p1a: Blissey
|-supereffective|p1a: Blissey
|-damage|p1a: Blissey|17/100
|move|p1a: Blissey|Soft-Boiled|p1a: Blissey
|-heal|p1a: Blissey|67/100
|
|upkeep
|turn|23
|
|t:|1760736843
|move|p2a: Joan of Arc|Aura Sphere|p1a: Blissey
|-supereffective|p1a: Blissey
|-damage|p1a: Blissey|25/100
|move|p1a: Blissey|Soft-Boiled|p1a: Blissey
|-heal|p1a: Blissey|75/100
|
|upkeep
|turn|24
|
|t:|1760736849
|move|p2a: Joan of Arc|Aura Sphere|p1a: Blissey
|-supereffective|p1a: Blissey
|-damage|p1a: Blissey|34/100
|move|p1a: Blissey|Seismic Toss|p2a: Joan of Arc
|-damage|p2a: Joan of Arc|66/100 par
|
|upkeep
|turn|25
|
|t:|1760736858
|move|p2a: Joan of Arc|Aura Sphere|p1a: Blissey
|-supereffective|p1a: Blissey
|-damage|p1a: Blissey|0 fnt
|faint|p1a: Blissey
|
|upkeep
|
|t:|1760736863
|switch|p1a: Grimmsnarl|Grimmsnarl, M|82/100 tox
|turn|26
|
|t:|1760736868
|-end|p2a: Joan of Arc|Quark Drive|[silent]
|switch|p2a: Corvid|Corviknight, F|100/100
|move|p1a: Grimmsnarl|Light Screen|p1a: Grimmsnarl
|-sidestart|p1: maxwelcome|move: Light Screen
|
|-damage|p1a: Grimmsnarl|76/100 tox|[from] psn
|upkeep
|turn|27
|
|t:|1760736880
|move|p1a: Grimmsnarl|Reflect|p1a: Grimmsnarl
|-sidestart|p1: maxwelcome|Reflect
|move|p2a: Corvid|Iron Defense|p2a: Corvid
|-boost|p2a: Corvid|def|2
|
|-damage|p1a: Grimmsnarl|64/100 tox|[from] psn
|upkeep
|turn|28
|
|t:|1760736886
|move|p1a: Grimmsnarl|Thunder Wave|p2a: Corvid
|-status|p2a: Corvid|par
|cant|p2a: Corvid|par
|
|-damage|p1a: Grimmsnarl|46/100 tox|[from] psn
|upkeep
|turn|29
|
|t:|1760736894
|switch|p1a: Kingambit|Kingambit, F|51/100
|-activate|p1a: Kingambit|ability: Supreme Overlord
|-start|p1a: Kingambit|fallen3|[silent]
|move|p2a: Corvid|Iron Head|p1a: Kingambit
|-resisted|p1a: Kingambit
|-damage|p1a: Kingambit|47/100
|
|upkeep
|turn|30
|
|t:|1760736903
|move|p1a: Kingambit|Kowtow Cleave|p2a: Corvid
|-damage|p2a: Corvid|77/100 par
|move|p2a: Corvid|Body Press|p1a: Kingambit
|-supereffective|p1a: Kingambit
|-damage|p1a: Kingambit|0 fnt
|faint|p1a: Kingambit
|-end|p1a: Kingambit|fallen3|[silent]
|
|-heal|p2a: Corvid|83/100 par|[from] item: Leftovers
|upkeep
|
|t:|1760736911
|switch|p1a: Corviknight|Corviknight, F, tera:Dragon|85/100 brn
|-ability|p1a: Corviknight|Pressure
|turn|31
|
|t:|1760736919
|move|p1a: Corviknight|Iron Defense|p1a: Corviknight
|-boost|p1a: Corviknight|def|2
|move|p2a: Corvid|Iron Defense|p2a: Corvid
|-boost|p2a: Corvid|def|2
|
|-heal|p1a: Corviknight|91/100 brn|[from] item: Leftovers
|-heal|p2a: Corvid|90/100 par|[from] item: Leftovers
|-damage|p1a: Corviknight|85/100 brn|[from] brn
|upkeep
|turn|32
|
|t:|1760736927
|move|p1a: Corviknight|Iron Defense|p1a: Corviknight
|-boost|p1a: Corviknight|def|2
|move|p2a: Corvid|Iron Head|p1a: Corviknight
|-damage|p1a: Corviknight|82/100 brn
|
|-heal|p1a: Corviknight|88/100 brn|[from] item: Leftovers
|-heal|p2a: Corvid|96/100 par|[from] item: Leftovers
|-damage|p1a: Corviknight|82/100 brn|[from] brn
|upkeep
|turn|33
|
|t:|1760736939
|move|p1a: Corviknight|Iron Defense|p1a: Corviknight
|-boost|p1a: Corviknight|def|2
|move|p2a: Corvid|Body Press|p1a: Corviknight
|-damage|p1a: Corviknight|76/100 brn
|
|-heal|p1a: Corviknight|82/100 brn|[from] item: Leftovers
|-heal|p2a: Corvid|100/100 par|[from] item: Leftovers
|-damage|p1a: Corviknight|76/100 brn|[from] brn
|-sideend|p1: maxwelcome|move: Light Screen
|upkeep
|turn|34
|
|t:|1760736956
|switch|p2a: Joan of Arc|Iron Valiant, shiny|66/100 par
|move|p1a: Corviknight|Body Press|p2a: Joan of Arc
|-resisted|p2a: Joan of Arc
|-damage|p2a: Joan of Arc|31/100 par
|
|-heal|p1a: Corviknight|82/100 brn|[from] item: Leftovers
|-damage|p1a: Corviknight|76/100 brn|[from] brn
|-sideend|p1: maxwelcome|Reflect
|upkeep
|turn|35
|
|t:|1760736966
|move|p2a: Joan of Arc|Aura Sphere|p1a: Corviknight
|-damage|p1a: Corviknight|15/100 brn
|move|p1a: Corviknight|Body Press|p2a: Joan of Arc
|-resisted|p2a: Joan of Arc
|-damage|p2a: Joan of Arc|0 fnt
|faint|p2a: Joan of Arc
|-end|p2a: Joan of Arc|Quark Drive|[silent]
|
|-heal|p1a: Corviknight|21/100 brn|[from] item: Leftovers
|-damage|p1a: Corviknight|15/100 brn|[from] brn
|upkeep
|
|t:|1760736975
|switch|p2a: Swamphead|Dragapult, F|100/100
|turn|36
|
|t:|1760736978
|move|p2a: Swamphead|Dragon Darts|p1a: Corviknight
|-supereffective|p1a: Corviknight
|-damage|p1a: Corviknight|7/100 brn
|-anim|p2a: Swamphead|Dragon Darts|p1a: Corviknight
|-supereffective|p1a: Corviknight
|-damage|p1a: Corviknight|0 fnt
|faint|p1a: Corviknight
|
|upkeep
|
|t:|1760736985
|switch|p1a: Grimmsnarl|Grimmsnarl, M|46/100 tox
|turn|37
|inactive|Battle timer is ON: inactive players will automatically lose when time's up. (requested by maxwelcome)
|
|t:|1760737044
|switch|p2a: Corvid|Corviknight, F|100/100 par
|move|p1a: Grimmsnarl|Thunder Wave|p2a: Corvid
|-fail|p2a: Corvid|par
|
|-damage|p1a: Grimmsnarl|40/100 tox|[from] psn
|upkeep
|turn|38
|-message|maxwelcome forfeited.
|
|win|Paleo_Chris
|raw|maxwelcome's rating: 1083 &rarr; <strong>1059</strong><br />(-24 for losing)
|raw|Paleo_Chris's rating: 1052 &rarr; <strong>1087</strong><br />(+35 for winning)
|l|‽maxwelcome
|player|p1|
|l|☆Paleo_Chris
|player|p2|
