|j|☆juniorpokr123
|j|☆SpecialCakes
|t:|1779842318
|gametype|singles
|player|p1|juniorpokr123|170|1074
|player|p2|SpecialCakes|102|1089
|gen|9
|tier|[Gen 9] OU
|rated|
|rule|HP Percentage Mod: HP is shown in percentages
|rule|Endless Battle Clause: Forcing endless battles is banned
|rule|Species Clause: Limit one of each Pokémon
|rule|OHKO Clause: OHKO moves are banned
|rule|Evasion Items Clause: Evasion items are banned
|rule|Evasion Moves Clause: Evasion moves are banned
|rule|Evasion Abilities Clause: Evasion abilities are banned
|rule|Sleep Moves Clause: Sleep-inducing moves are banned
|clearpoke
|poke|p1|Ursaluna, F|
|poke|p1|Oranguru, F|
|poke|p1|Kingambit, M|
|poke|p1|Farigiraf, M|
|poke|p1|Torkoal, F|
|poke|p1|Chesnaught, F|
|poke|p2|Grimmsnarl, M|
|poke|p2|Iron Treads|
|poke|p2|Glimmora, F|
|poke|p2|Clodsire, F|
|poke|p2|Iron Valiant|
|poke|p2|Dragapult, M|
|teampreview
|c|☆SpecialCakes|Not again
|
|t:|1779842332
|teamsize|p1|6
|teamsize|p2|6
|start
|switch|p1a: Farigiraf|Farigiraf, M|100/100
|switch|p2a: Dragapult|Dragapult, M|100/100
|turn|1
|
|t:|1779842348
|move|p2a: Dragapult|U-turn|p1a: Farigiraf
|-supereffective|p1a: Farigiraf
|-damage|p1a: Farigiraf|76/100
|-enditem|p1a: Farigiraf|Eject Button
|
|t:|1779842354
|switch|p1a: Oranguru|Oranguru, F|100/100
|
|upkeep
|turn|2
|
|t:|1779842363
|move|p2a: Dragapult|U-turn|p1a: Oranguru
|-supereffective|p1a: Oranguru
|-damage|p1a: Oranguru|63/100
|inactive|Battle timer is ON: inactive players will automatically lose when time's up. (requested by SpecialCakes)
|
|t:|1779842393
|switch|p2a: Iron Treads|Iron Treads|100/100|[from] U-turn
|-item|p2a: Iron Treads|Air Balloon
|move|p1a: Oranguru|Trick Room|p1a: Oranguru
|-fieldstart|move: Trick Room|[of] p1a: Oranguru
|
|-heal|p1a: Oranguru|69/100|[from] item: Leftovers
|upkeep
|turn|3
|
|t:|1779842408
|switch|p1a: Chesnaught|Chesnaught, F, shiny|100/100
|move|p2a: Iron Treads|Earthquake|p1a: Chesnaught
|-resisted|p1a: Chesnaught
|-damage|p1a: Chesnaught|81/100
|
|-heal|p1a: Chesnaught|87/100|[from] item: Leftovers
|upkeep
|turn|4
|
|t:|1779842423
|-terastallize|p2a: Iron Treads|Flying
|move|p1a: Chesnaught|Iron Defense|p1a: Chesnaught
|-boost|p1a: Chesnaught|def|2
|move|p2a: Iron Treads|Ice Spinner|p1a: Chesnaught
|-supereffective|p1a: Chesnaught
|-damage|p1a: Chesnaught|65/100
|
|-heal|p1a: Chesnaught|71/100|[from] item: Leftovers
|upkeep
|turn|5
|
|t:|1779842433
|-end|p2a: Iron Treads|Quark Drive|[silent]
|switch|p2a: Clodsire|Clodsire, F|100/100
|move|p1a: Chesnaught|Leech Seed|p2a: Clodsire
|-start|p2a: Clodsire|move: Leech Seed
|
|-heal|p1a: Chesnaught|77/100|[from] item: Leftovers
|-damage|p2a: Clodsire|88/100|[from] Leech Seed|[of] p1a: Chesnaught
|-heal|p1a: Chesnaught|95/100|[silent]
|upkeep
|turn|6
|
|t:|1779842441
|move|p2a: Clodsire|Toxic|p1a: Chesnaught
|-status|p1a: Chesnaught|tox
|move|p1a: Chesnaught|Iron Defense|p1a: Chesnaught
|-boost|p1a: Chesnaught|def|2
|
|-heal|p2a: Clodsire|94/100|[from] item: Leftovers
|-heal|p1a: Chesnaught|100/100 tox|[from] item: Leftovers
|-damage|p2a: Clodsire|82/100|[from] Leech Seed|[of] p1a: Chesnaught
|-damage|p1a: Chesnaught|95/100 tox|[from] psn
|-fieldend|move: Trick Room
|upkeep
|turn|7
|
|t:|1779842455
|move|p1a: Chesnaught|Body Press|p2a: Clodsire
|-resisted|p2a: Clodsire
|-damage|p2a: Clodsire|59/100
|move|p2a: Clodsire|Recover|p2a: Clodsire
|-heal|p2a: Clodsire|100/100
|
|-heal|p1a: Chesnaught|100/100 tox|[from] item: Leftovers
|-damage|p2a: Clodsire|88/100|[from] Leech Seed|[of] p1a: Chesnaught
|-damage|p1a: Chesnaught|89/100 tox|[from] psn
|upkeep
|turn|8
|
|t:|1779842468
|switch|p1a: Oranguru|Oranguru, F|69/100
|move|p2a: Clodsire|Recover|p2a: Clodsire
|-heal|p2a: Clodsire|100/100
|
|-heal|p1a: Oranguru|75/100|[from] item: Leftovers
|-damage|p2a: Clodsire|88/100|[from] Leech Seed|[of] p1a: Oranguru
|-heal|p1a: Oranguru|91/100|[silent]
|upkeep
|turn|9
|
|t:|1779842477
|move|p2a: Clodsire|Toxic|p1a: Oranguru
|-status|p1a: Oranguru|tox
|move|p1a: Oranguru|Trick Room|p1a: Oranguru
|-fieldstart|move: Trick Room|[of] p1a: Oranguru
|
|-heal|p2a: Clodsire|94/100|[from] item: Leftovers
|-heal|p1a: Oranguru|97/100 tox|[from] item: Leftovers
|-damage|p2a: Clodsire|82/100|[from] Leech Seed|[of] p1a: Oranguru
|-heal|p1a: Oranguru|100/100 tox|[silent]
|-damage|p1a: Oranguru|94/100 tox|[from] psn
|upkeep
|turn|10
|
|t:|1779842488
|switch|p1a: Kingambit|Kingambit, M|100/100
|-item|p1a: Kingambit|Air Balloon
|move|p2a: Clodsire|Recover|p2a: Clodsire
|-heal|p2a: Clodsire|100/100
|
|-damage|p2a: Clodsire|88/100|[from] Leech Seed|[of] p1a: Kingambit
|upkeep
|turn|11
|
|t:|1779842499
|move|p2a: Clodsire|Stone Edge|p1a: Kingambit|[miss]
|-miss|p2a: Clodsire|p1a: Kingambit
|move|p1a: Kingambit|Kowtow Cleave|p2a: Clodsire
|-damage|p2a: Clodsire|29/100
|
|-heal|p2a: Clodsire|35/100|[from] item: Leftovers
|-damage|p2a: Clodsire|22/100|[from] Leech Seed|[of] p1a: Kingambit
|upkeep
|turn|12
|c|☆SpecialCakes|NOT AGAIN
|
|t:|1779842508
|move|p1a: Kingambit|Sucker Punch|p2a: Clodsire
|-damage|p2a: Clodsire|0 fnt
|faint|p2a: Clodsire
|
|upkeep
|c|☆SpecialCakes|how lucky can you get.
|
|t:|1779842518
|switch|p2a: Iron Valiant|Iron Valiant|100/100
|-enditem|p2a: Iron Valiant|Booster Energy
|-activate|p2a: Iron Valiant|ability: Quark Drive|[fromitem]
|-start|p2a: Iron Valiant|quarkdrivespe
|turn|13
|
|t:|1779842526
|-terastallize|p1a: Kingambit|Flying
|move|p1a: Kingambit|Iron Head|p2a: Iron Valiant
|-supereffective|p2a: Iron Valiant
|-damage|p2a: Iron Valiant|0 fnt
|faint|p2a: Iron Valiant
|-end|p2a: Iron Valiant|Quark Drive|[silent]
|
|-fieldend|move: Trick Room
|upkeep
|
|t:|1779842538
|switch|p2a: Grimmsnarl|Grimmsnarl, M|100/100
|turn|14
|
|t:|1779842542
|-end|p1a: Kingambit|fallenundefined|[silent]
|switch|p1a: Oranguru|Oranguru, F|94/100 tox
|move|p2a: Grimmsnarl|Reflect|p2a: Grimmsnarl
|-sidestart|p2: SpecialCakes|Reflect
|
|-heal|p1a: Oranguru|100/100 tox|[from] item: Leftovers
|-damage|p1a: Oranguru|94/100 tox|[from] psn
|upkeep
|turn|15
|
|t:|1779842552
|move|p2a: Grimmsnarl|Taunt|p1a: Oranguru
|-start|p1a: Oranguru|move: Taunt
|cant|p1a: Oranguru|move: Taunt|Trick Room
|
|-heal|p1a: Oranguru|100/100 tox|[from] item: Leftovers
|-damage|p1a: Oranguru|88/100 tox|[from] psn
|upkeep
|turn|16
|
|t:|1779842568
|switch|p2a: Dragapult|Dragapult, M|100/100
|move|p1a: Oranguru|Foul Play|p2a: Dragapult
|-supereffective|p2a: Dragapult
|-damage|p2a: Dragapult|67/100
|
|-heal|p1a: Oranguru|94/100 tox|[from] item: Leftovers
|-damage|p1a: Oranguru|75/100 tox|[from] psn
|upkeep
|turn|17
|
|t:|1779842577
|move|p2a: Dragapult|Flamethrower|p1a: Oranguru
|-damage|p1a: Oranguru|51/100 tox
|move|p1a: Oranguru|Foul Play|p2a: Dragapult
|-supereffective|p2a: Dragapult
|-damage|p2a: Dragapult|37/100
|
|-heal|p1a: Oranguru|58/100 tox|[from] item: Leftovers
|-damage|p1a: Oranguru|33/100 tox|[from] psn
|-end|p1a: Oranguru|move: Taunt
|upkeep
|turn|18
|
|t:|1779842587
|move|p2a: Dragapult|Flamethrower|p1a: Oranguru
|-damage|p1a: Oranguru|8/100 tox
|move|p1a: Oranguru|Foul Play|p2a: Dragapult
|-supereffective|p2a: Dragapult
|-damage|p2a: Dragapult|7/100
|
|-heal|p1a: Oranguru|14/100 tox|[from] item: Leftovers
|-damage|p1a: Oranguru|0 fnt|[from] psn
|faint|p1a: Oranguru
|upkeep
|
|t:|1779842596
|switch|p1a: Farigiraf|Farigiraf, M|76/100
|turn|19
|
|t:|1779842603
|switch|p2a: Glimmora|Glimmora, F|100/100
|move|p1a: Farigiraf|Trick Room|p1a: Farigiraf
|-fieldstart|move: Trick Room|[of] p1a: Farigiraf
|
|upkeep
|turn|20
|
|t:|1779842614
|switch|p1a: Ursaluna|Ursaluna, F, shiny|100/100
|move|p2a: Glimmora|Mortal Spin|p1a: Ursaluna
|-resisted|p1a: Ursaluna
|-damage|p1a: Ursaluna|98/100
|-status|p1a: Ursaluna|psn
|
|-damage|p1a: Ursaluna|86/100 psn|[from] psn
|upkeep
|turn|21
|
|t:|1779842624
|move|p1a: Ursaluna|Earthquake|p2a: Glimmora
|-supereffective|p2a: Glimmora
|-enditem|p2a: Glimmora|Focus Sash
|-damage|p2a: Glimmora|1/100
|-activate|p2a: Glimmora|ability: Toxic Debris
|-sidestart|p1: juniorpokr123|move: Toxic Spikes
|move|p2a: Glimmora|Stealth Rock|p1a: Ursaluna
|-sidestart|p1: juniorpokr123|move: Stealth Rock
|
|-damage|p1a: Ursaluna|73/100 psn|[from] psn
|-sideend|p2: SpecialCakes|Reflect
|upkeep
|turn|22
|
|t:|1779842641
|move|p1a: Ursaluna|Earthquake|p2a: Glimmora
|-supereffective|p2a: Glimmora
|-damage|p2a: Glimmora|0 fnt
|-activate|p2a: Glimmora|ability: Toxic Debris
|-sidestart|p1: juniorpokr123|move: Toxic Spikes
|faint|p2a: Glimmora
|
|-damage|p1a: Ursaluna|61/100 psn|[from] psn
|upkeep
|
|t:|1779842650
|switch|p2a: Iron Treads|Iron Treads, tera:Flying|100/100
|-item|p2a: Iron Treads|Air Balloon
|turn|23
|
|t:|1779842660
|move|p1a: Ursaluna|Facade|p2a: Iron Treads
|-damage|p2a: Iron Treads|0 fnt
|-enditem|p2a: Iron Treads|Air Balloon
|faint|p2a: Iron Treads
|-end|p2a: Iron Treads|Quark Drive|[silent]
|
|-damage|p1a: Ursaluna|48/100 psn|[from] psn
|-fieldend|move: Trick Room
|upkeep
|
|t:|1779842672
|switch|p2a: Dragapult|Dragapult, M|7/100
|turn|24
|
|t:|1779842676
|move|p2a: Dragapult|Draco Meteor|p1a: Ursaluna
|-damage|p1a: Ursaluna|0 fnt
|-unboost|p2a: Dragapult|spa|2
|faint|p1a: Ursaluna
|
|upkeep
|
|t:|1779842685
|switch|p1a: Chesnaught|Chesnaught, F, shiny|89/100 tox
|-damage|p1a: Chesnaught|83/100 tox|[from] Stealth Rock
|turn|25
|
|t:|1779842689
|switch|p2a: Grimmsnarl|Grimmsnarl, M|100/100
|move|p1a: Chesnaught|Spiky Shield||[still]
|-fail|p1a: Chesnaught
|
|-heal|p1a: Chesnaught|89/100 tox|[from] item: Leftovers
|-damage|p1a: Chesnaught|83/100 tox|[from] psn
|upkeep
|turn|26
|
|t:|1779842698
|move|p2a: Grimmsnarl|Reflect|p2a: Grimmsnarl
|-sidestart|p2: SpecialCakes|Reflect
|move|p1a: Chesnaught|Leech Seed|p2a: Grimmsnarl
|-start|p2a: Grimmsnarl|move: Leech Seed
|
|-heal|p1a: Chesnaught|89/100 tox|[from] item: Leftovers
|-damage|p2a: Grimmsnarl|88/100|[from] Leech Seed|[of] p1a: Chesnaught
|-heal|p1a: Chesnaught|100/100 tox|[silent]
|-damage|p1a: Chesnaught|89/100 tox|[from] psn
|upkeep
|turn|27
|
|t:|1779842707
|switch|p1a: Farigiraf|Farigiraf, M|76/100
|-status|p1a: Farigiraf|tox
|-damage|p1a: Farigiraf|64/100 tox|[from] Stealth Rock
|move|p2a: Grimmsnarl|Taunt||[still]
|cant|p1a: Farigiraf|ability: Armor Tail|Taunt|[of] p2a: Grimmsnarl
|
|-damage|p2a: Grimmsnarl|76/100|[from] Leech Seed|[of] p1a: Farigiraf
|-heal|p1a: Farigiraf|75/100 tox|[silent]
|-damage|p1a: Farigiraf|69/100 tox|[from] psn
|upkeep
|turn|28
|
|t:|1779842726
|move|p2a: Grimmsnarl|Light Screen|p2a: Grimmsnarl
|-sidestart|p2: SpecialCakes|move: Light Screen
|move|p1a: Farigiraf|Foul Play|p2a: Grimmsnarl
|-resisted|p2a: Grimmsnarl
|-damage|p2a: Grimmsnarl|73/100
|
|-damage|p2a: Grimmsnarl|61/100|[from] Leech Seed|[of] p1a: Farigiraf
|-heal|p1a: Farigiraf|80/100 tox|[silent]
|-damage|p1a: Farigiraf|68/100 tox|[from] psn
|upkeep
|turn|29
|c|☆SpecialCakes|I miss played because you're so boring bro
|inactive|SpecialCakes has 120 seconds left.
|
|t:|1779842751
|move|p2a: Grimmsnarl|Parting Shot||[still]
|cant|p1a: Farigiraf|ability: Armor Tail|Parting Shot|[of] p2a: Grimmsnarl
|move|p1a: Farigiraf|Trick Room|p1a: Farigiraf
|-fieldstart|move: Trick Room|[of] p1a: Farigiraf
|
|-damage|p2a: Grimmsnarl|48/100|[from] Leech Seed|[of] p1a: Farigiraf
|-heal|p1a: Farigiraf|79/100 tox|[silent]
|-damage|p1a: Farigiraf|60/100 tox|[from] psn
|upkeep
|turn|30
|
|t:|1779842761
|move|p2a: Grimmsnarl|Reflect||[still]
|-fail|p2a: Grimmsnarl
|move|p1a: Farigiraf|Hyper Voice|p2a: Grimmsnarl
|-damage|p2a: Grimmsnarl|30/100
|
|-damage|p2a: Grimmsnarl|17/100|[from] Leech Seed|[of] p1a: Farigiraf
|-heal|p1a: Farigiraf|71/100 tox|[silent]
|-damage|p1a: Farigiraf|47/100 tox|[from] psn
|upkeep
|turn|31
|
|t:|1779842770
|move|p2a: Grimmsnarl|Light Screen||[still]
|-fail|p2a: Grimmsnarl
|move|p1a: Farigiraf|Foul Play|p2a: Grimmsnarl
|-resisted|p2a: Grimmsnarl
|-damage|p2a: Grimmsnarl|15/100
|
|-damage|p2a: Grimmsnarl|3/100|[from] Leech Seed|[of] p1a: Farigiraf
|-heal|p1a: Farigiraf|58/100 tox|[silent]
|-damage|p1a: Farigiraf|28/100 tox|[from] psn
|upkeep
|turn|32
|
|t:|1779842779
|move|p2a: Grimmsnarl|Reflect||[still]
|-fail|p2a: Grimmsnarl
|move|p1a: Farigiraf|Foul Play|p2a: Grimmsnarl
|-resisted|p2a: Grimmsnarl
|-damage|p2a: Grimmsnarl|0 fnt
|faint|p2a: Grimmsnarl
|
|-damage|p1a: Farigiraf|0 fnt|[from] psn
|faint|p1a: Farigiraf
|upkeep
|
|t:|1779842788
|switch|p2a: Dragapult|Dragapult, M|7/100
|switch|p1a: Kingambit|Kingambit, M, tera:Flying|100/100
|-damage|p1a: Kingambit|76/100|[from] Stealth Rock
|-activate|p1a: Kingambit|ability: Supreme Overlord
|-start|p1a: Kingambit|fallen3|[silent]
|-item|p1a: Kingambit|Air Balloon
|turn|33
|inactive|SpecialCakes has 120 seconds left.
|c|☆SpecialCakes|You do realize your team loses to 90% of the meta right?
|
|t:|1779842815
|move|p1a: Kingambit|Kowtow Cleave|p2a: Dragapult
|-supereffective|p2a: Dragapult
|-damage|p2a: Dragapult|0 fnt
|faint|p2a: Dragapult
|
|win|juniorpokr123
|raw|juniorpokr123's rating: 1074 &rarr; <strong>1104</strong><br />(+30 for winning)
|raw|SpecialCakes's rating: 1089 &rarr; <strong>1065</strong><br />(-24 for losing)
|l|☆SpecialCakes
|player|p2|
|l|☆juniorpokr123
|player|p1|
