|j|☆fidel_k06
|j|☆chrovalis
|t:|1779807429
|gametype|singles
|player|p1|fidel_k06|steven|1236
|player|p2|chrovalis|ethan|1176
|gen|9
|tier|[Gen 9] OU
|rated|
|rule|HP Percentage Mod: HP is shown in percentages
|rule|Endless Battle Clause: Forcing endless battles is banned
|rule|Species Clause: Limit one of each Pokémon
|rule|OHKO Clause: OHKO moves are banned
|rule|Evasion Items Clause: Evasion items are banned
|rule|Evasion Moves Clause: Evasion moves are banned
|rule|Evasion Abilities Clause: Evasion abilities are banned
|rule|Sleep Moves Clause: Sleep-inducing moves are banned
|clearpoke
|poke|p1|Hawlucha, M|
|poke|p1|Rillaboom, M|
|poke|p1|Great Tusk|
|poke|p1|Milotic, F|
|poke|p1|Ogerpon-Wellspring, F|
|poke|p1|Cinderace, M|
|poke|p2|Arcanine, M|
|poke|p2|Decidueye, M|
|poke|p2|Rotom-Wash|
|poke|p2|Umbreon, F|
|poke|p2|Corviknight, F|
|poke|p2|Garchomp, M|
|teampreview
|inactive|Battle timer is ON: inactive players will automatically lose when time's up. (requested by chrovalis)
|inactive|fidel_k06 also wants the timer to be on.
|
|t:|1779807452
|teamsize|p1|6
|teamsize|p2|6
|start
|switch|p1a: Great Tusk|Great Tusk|100/100
|switch|p2a: Rotom|Rotom-Wash, shiny|100/100
|turn|1
|
|t:|1779807458
|move|p2a: Rotom|Will-O-Wisp|p1a: Great Tusk|[miss]
|-miss|p2a: Rotom|p1a: Great Tusk
|move|p1a: Great Tusk|Knock Off|p2a: Rotom
|-damage|p2a: Rotom|79/100
|-enditem|p2a: Rotom|Leftovers|[from] move: Knock Off|[of] p1a: Great Tusk
|
|upkeep
|turn|2
|
|t:|1779807472
|-end|p1a: Great Tusk|Protosynthesis|[silent]
|switch|p1a: Milotic|Milotic, F, shiny|100/100
|move|p2a: Rotom|Will-O-Wisp|p1a: Milotic
|-status|p1a: Milotic|brn
|
|-damage|p1a: Milotic|94/100 brn|[from] brn
|upkeep
|turn|3
|
|t:|1779807483
|move|p2a: Rotom|Volt Switch|p1a: Milotic
|-supereffective|p1a: Milotic
|-damage|p1a: Milotic|59/100 brn
|
|t:|1779807493
|switch|p2a: Corviknight|Corviknight, F|100/100|[from] Volt Switch
|move|p1a: Milotic|Scald|p2a: Corviknight
|-damage|p2a: Corviknight|73/100
|-status|p2a: Corviknight|brn
|
|-damage|p1a: Milotic|53/100 brn|[from] brn
|-damage|p2a: Corviknight|67/100 brn|[from] brn
|upkeep
|turn|4
|
|t:|1779807501
|move|p1a: Milotic|Flip Turn|p2a: Corviknight
|-damage|p2a: Corviknight|64/100 brn
|-damage|p1a: Milotic|37/100 brn|[from] item: Rocky Helmet|[of] p2a: Corviknight
|
|t:|1779807508
|switch|p1a: Great Tusk|Great Tusk|100/100|[from] Flip Turn
|move|p2a: Corviknight|Body Press|p1a: Great Tusk
|-damage|p1a: Great Tusk|94/100
|
|-heal|p1a: Great Tusk|99/100|[from] item: Leftovers
|-damage|p2a: Corviknight|58/100 brn|[from] brn
|upkeep
|turn|5
|
|t:|1779807514
|move|p1a: Great Tusk|Knock Off|p2a: Corviknight
|-damage|p2a: Corviknight|40/100 brn
|-damage|p1a: Great Tusk|84/100|[from] item: Rocky Helmet|[of] p2a: Corviknight
|-enditem|p2a: Corviknight|Rocky Helmet|[from] move: Knock Off|[of] p1a: Great Tusk
|move|p2a: Corviknight|Brave Bird|p1a: Great Tusk
|-supereffective|p1a: Great Tusk
|-damage|p1a: Great Tusk|68/100
|-damage|p2a: Corviknight|34/100 brn|[from] Recoil
|
|-heal|p1a: Great Tusk|74/100|[from] item: Leftovers
|-damage|p2a: Corviknight|28/100 brn|[from] brn
|upkeep
|turn|6
|
|t:|1779807526
|move|p1a: Great Tusk|Ice Spinner|p2a: Corviknight
|-damage|p2a: Corviknight|13/100 brn
|move|p2a: Corviknight|Brave Bird|p1a: Great Tusk
|-supereffective|p1a: Great Tusk
|-damage|p1a: Great Tusk|55/100
|-damage|p2a: Corviknight|7/100 brn|[from] Recoil
|
|-heal|p1a: Great Tusk|61/100|[from] item: Leftovers
|-damage|p2a: Corviknight|0 fnt|[from] brn
|faint|p2a: Corviknight
|upkeep
|
|t:|1779807539
|switch|p2a: Rotom|Rotom-Wash, shiny|79/100
|turn|7
|
|t:|1779807551
|-end|p1a: Great Tusk|Protosynthesis|[silent]
|switch|p1a: Rillaboom|Rillaboom, M|100/100
|-fieldstart|move: Grassy Terrain|[from] ability: Grassy Surge|[of] p1a: Rillaboom
|move|p2a: Rotom|Will-O-Wisp|p1a: Rillaboom
|-status|p1a: Rillaboom|brn
|
|-damage|p1a: Rillaboom|94/100 brn|[from] brn
|upkeep
|turn|8
|
|t:|1779807565
|move|p1a: Rillaboom|Wood Hammer|p2a: Rotom
|-supereffective|p2a: Rotom
|-damage|p2a: Rotom|8/100
|-damage|p1a: Rillaboom|73/100 brn|[from] Recoil
|move|p2a: Rotom|Volt Switch|p1a: Rillaboom
|-resisted|p1a: Rillaboom
|-damage|p1a: Rillaboom|57/100 brn
|
|t:|1779807576
|switch|p2a: Garchomp|Garchomp, M|100/100|[from] Volt Switch
|
|-heal|p1a: Rillaboom|64/100 brn|[from] Grassy Terrain
|-damage|p1a: Rillaboom|57/100 brn|[from] brn
|upkeep
|turn|9
|
|t:|1779807589
|move|p2a: Garchomp|Swords Dance|p2a: Garchomp
|-boost|p2a: Garchomp|atk|2
|move|p1a: Rillaboom|Wood Hammer|p2a: Garchomp
|-damage|p2a: Garchomp|60/100
|-damage|p1a: Rillaboom|45/100 brn|[from] ability: Rough Skin|[of] p2a: Garchomp
|-damage|p1a: Rillaboom|31/100 brn|[from] Recoil
|
|-heal|p2a: Garchomp|66/100|[from] Grassy Terrain
|-heal|p1a: Rillaboom|37/100 brn|[from] Grassy Terrain
|-damage|p1a: Rillaboom|31/100 brn|[from] brn
|upkeep
|turn|10
|
|t:|1779807596
|move|p2a: Garchomp|Scale Shot|p1a: Rillaboom
|-damage|p1a: Rillaboom|3/100 brn
|-damage|p1a: Rillaboom|0 fnt
|faint|p1a: Rillaboom
|-hitcount|p1: Rillaboom|2
|-unboost|p2a: Garchomp|def|1
|-boost|p2a: Garchomp|spe|1
|
|-heal|p2a: Garchomp|72/100|[from] Grassy Terrain
|upkeep
|
|t:|1779807608
|switch|p1a: Great Tusk|Great Tusk|61/100
|turn|11
|
|t:|1779807613
|move|p2a: Garchomp|Scale Shot|p1a: Great Tusk|[miss]
|-miss|p2a: Garchomp|p1a: Great Tusk
|move|p1a: Great Tusk|Ice Spinner|p2a: Garchomp
|-supereffective|p2a: Garchomp
|-damage|p2a: Garchomp|0 fnt
|-damage|p1a: Great Tusk|49/100|[from] ability: Rough Skin|[of] p2a: Garchomp
|-fieldend|move: Grassy Terrain
|faint|p2a: Garchomp
|
|-heal|p1a: Great Tusk|55/100|[from] item: Leftovers
|upkeep
|
|t:|1779807619
|switch|p2a: Decidueye|Decidueye, M, shiny|100/100
|turn|12
|
|t:|1779807622
|move|p2a: Decidueye|Swords Dance|p2a: Decidueye
|-boost|p2a: Decidueye|atk|2
|move|p1a: Great Tusk|Knock Off|p2a: Decidueye
|-supereffective|p2a: Decidueye
|-damage|p2a: Decidueye|22/100
|-enditem|p2a: Decidueye|Spell Tag|[from] move: Knock Off|[of] p1a: Great Tusk
|
|-heal|p1a: Great Tusk|61/100|[from] item: Leftovers
|upkeep
|turn|13
|
|t:|1779807631
|move|p2a: Decidueye|Leaf Blade|p1a: Great Tusk
|-supereffective|p1a: Great Tusk
|-damage|p1a: Great Tusk|0 fnt
|faint|p1a: Great Tusk
|-end|p1a: Great Tusk|Protosynthesis|[silent]
|
|upkeep
|
|t:|1779807643
|switch|p1a: Cinderace|Cinderace, M|100/100
|turn|14
|
|t:|1779807650
|-terastallize|p2a: Decidueye|Ghost
|move|p2a: Decidueye|Shadow Sneak|p1a: Cinderace
|-damage|p1a: Cinderace|25/100
|move|p1a: Cinderace|Pyro Ball|p2a: Decidueye
|-damage|p2a: Decidueye|0 fnt
|faint|p2a: Decidueye
|
|upkeep
|
|t:|1779807660
|switch|p2a: Umbreon|Umbreon, F|100/100
|turn|15
|
|t:|1779807679
|move|p2a: Umbreon|Protect|p2a: Umbreon
|-singleturn|p2a: Umbreon|Protect
|move|p1a: Cinderace|High Jump Kick|p2a: Umbreon
|-start|p1a: Cinderace|typechange|Fighting|[from] ability: Libero
|-activate|p2a: Umbreon|move: Protect
|-damage|p1a: Cinderace|0 fnt|[from] highjumpkick
|faint|p1a: Cinderace
|
|upkeep
|
|t:|1779807685
|switch|p1a: Ogerpon|Ogerpon-Wellspring, F|100/100
|turn|16
|
|t:|1779807691
|move|p1a: Ogerpon|U-turn|p2a: Umbreon
|-supereffective|p2a: Umbreon
|-damage|p2a: Umbreon|56/100
|
|t:|1779807697
|switch|p1a: Milotic|Milotic, F, shiny|37/100 brn|[from] U-turn
|move|p2a: Umbreon|Foul Play|p1a: Milotic
|-damage|p1a: Milotic|27/100 brn
|
|-heal|p2a: Umbreon|62/100|[from] item: Leftovers
|-damage|p1a: Milotic|21/100 brn|[from] brn
|upkeep
|turn|17
|
|t:|1779807704
|move|p1a: Milotic|Recover|p1a: Milotic
|-heal|p1a: Milotic|71/100 brn
|move|p2a: Umbreon|Wish|p2a: Umbreon
|
|-heal|p2a: Umbreon|68/100|[from] item: Leftovers
|-damage|p1a: Milotic|65/100 brn|[from] brn
|upkeep
|turn|18
|
|t:|1779807714
|switch|p2a: Rotom|Rotom-Wash, shiny|8/100
|move|p1a: Milotic|Recover|p1a: Milotic
|-heal|p1a: Milotic|100/100 brn
|
|-heal|p2a: Rotom|73/100|[from] move: Wish|[wisher] Umbreon
|-damage|p1a: Milotic|94/100 brn|[from] brn
|upkeep
|turn|19
|
|t:|1779807726
|move|p2a: Rotom|Volt Switch|p1a: Milotic
|-supereffective|p1a: Milotic
|-damage|p1a: Milotic|59/100 brn
|
|t:|1779807729
|switch|p2a: Umbreon|Umbreon, F|68/100|[from] Volt Switch
|move|p1a: Milotic|Flip Turn|p2a: Umbreon
|-damage|p2a: Umbreon|63/100
|
|t:|1779807734
|switch|p1a: Ogerpon|Ogerpon-Wellspring, F|100/100|[from] Flip Turn
|
|-heal|p2a: Umbreon|69/100|[from] item: Leftovers
|upkeep
|turn|20
|
|t:|1779807738
|move|p2a: Umbreon|Protect|p2a: Umbreon
|-singleturn|p2a: Umbreon|Protect
|move|p1a: Ogerpon|Swords Dance|p1a: Ogerpon
|-boost|p1a: Ogerpon|atk|2
|
|-heal|p2a: Umbreon|75/100|[from] item: Leftovers
|upkeep
|turn|21
|
|t:|1779807745
|move|p1a: Ogerpon|Swords Dance|p1a: Ogerpon
|-boost|p1a: Ogerpon|atk|2
|move|p2a: Umbreon|Foul Play|p1a: Ogerpon
|-damage|p1a: Ogerpon|0 fnt
|faint|p1a: Ogerpon
|
|-heal|p2a: Umbreon|81/100|[from] item: Leftovers
|upkeep
|
|t:|1779807750
|switch|p1a: Hawlucha|Hawlucha, M|100/100
|turn|22
|
|t:|1779807758
|move|p2a: Umbreon|Protect|p2a: Umbreon
|-singleturn|p2a: Umbreon|Protect
|move|p1a: Hawlucha|Substitute|p1a: Hawlucha
|-start|p1a: Hawlucha|Substitute
|-damage|p1a: Hawlucha|76/100
|
|-heal|p2a: Umbreon|88/100|[from] item: Leftovers
|upkeep
|turn|23
|
|t:|1779807764
|move|p1a: Hawlucha|Swords Dance|p1a: Hawlucha
|-boost|p1a: Hawlucha|atk|2
|move|p2a: Umbreon|Foul Play|p1a: Hawlucha
|-resisted|p1a: Hawlucha
|-end|p1a: Hawlucha|Substitute
|
|-heal|p2a: Umbreon|94/100|[from] item: Leftovers
|upkeep
|turn|24
|
|t:|1779807771
|move|p1a: Hawlucha|Drain Punch|p2a: Umbreon
|-supereffective|p2a: Umbreon
|-damage|p2a: Umbreon|0 fnt
|-heal|p1a: Hawlucha|100/100|[from] drain|[of] p2a: Umbreon
|faint|p2a: Umbreon
|
|upkeep
|
|t:|1779807783
|switch|p2a: Rotom|Rotom-Wash, shiny|73/100
|turn|25
|
|t:|1779807787
|move|p1a: Hawlucha|Substitute|p1a: Hawlucha
|-start|p1a: Hawlucha|Substitute
|-damage|p1a: Hawlucha|76/100
|move|p2a: Rotom|Volt Switch|p1a: Hawlucha
|-supereffective|p1a: Hawlucha
|-end|p1a: Hawlucha|Substitute
|
|t:|1779807791
|switch|p2a: Arcanine|Arcanine, M|100/100|[from] Volt Switch
|-ability|p2a: Arcanine|Intimidate|boost
|-unboost|p1a: Hawlucha|atk|1
|
|upkeep
|turn|26
|
|t:|1779807797
|move|p1a: Hawlucha|Drain Punch|p2a: Arcanine
|-damage|p2a: Arcanine|48/100
|-heal|p1a: Hawlucha|100/100|[from] drain|[of] p2a: Arcanine
|move|p2a: Arcanine|Flare Blitz|p1a: Hawlucha
|-damage|p1a: Hawlucha|12/100
|-damage|p2a: Arcanine|23/100|[from] Recoil
|
|upkeep
|turn|27
|
|t:|1779807804
|move|p2a: Arcanine|Extreme Speed|p1a: Hawlucha
|-damage|p1a: Hawlucha|0 fnt
|faint|p1a: Hawlucha
|
|upkeep
|
|t:|1779807808
|switch|p1a: Milotic|Milotic, F, shiny|59/100 brn
|turn|28
|
|t:|1779807813
|move|p2a: Arcanine|Morning Sun|p2a: Arcanine
|-heal|p2a: Arcanine|73/100
|move|p1a: Milotic|Scald|p2a: Arcanine
|-supereffective|p2a: Arcanine
|-damage|p2a: Arcanine|14/100
|
|-damage|p1a: Milotic|53/100 brn|[from] brn
|upkeep
|turn|29
|
|t:|1779807816
|move|p2a: Arcanine|Extreme Speed|p1a: Milotic
|-damage|p1a: Milotic|39/100 brn
|move|p1a: Milotic|Scald|p2a: Arcanine
|-supereffective|p2a: Arcanine
|-damage|p2a: Arcanine|0 fnt
|faint|p2a: Arcanine
|
|-damage|p1a: Milotic|32/100 brn|[from] brn
|upkeep
|
|t:|1779807819
|switch|p2a: Rotom|Rotom-Wash, shiny|73/100
|turn|30
|
|t:|1779807822
|move|p2a: Rotom|Volt Switch|p1a: Milotic
|-supereffective|p1a: Milotic
|-damage|p1a: Milotic|0 fnt
|faint|p1a: Milotic
|
|win|chrovalis
|raw|fidel_k06's rating: 1236 &rarr; <strong>1207</strong><br />(-29 for losing)
|raw|chrovalis's rating: 1176 &rarr; <strong>1205</strong><br />(+29 for winning)
|l|☆fidel_k06
|player|p1|
|l|☆chrovalis
|player|p2|
