|j|☆Shubway
|j|‽DevotedToaster
|t:|1779846167
|gametype|singles
|player|p1|Shubway|2|1377
|player|p2|DevotedToaster|2|1348
|gen|9
|tier|[Gen 9] OU
|rated|
|rule|HP Percentage Mod: HP is shown in percentages
|rule|Endless Battle Clause: Forcing endless battles is banned
|rule|Species Clause: Limit one of each Pokémon
|rule|OHKO Clause: OHKO moves are banned
|rule|Evasion Items Clause: Evasion items are banned
|rule|Evasion Moves Clause: Evasion moves are banned
|rule|Evasion Abilities Clause: Evasion abilities are banned
|rule|Sleep Moves Clause: Sleep-inducing moves are banned
|clearpoke
|poke|p1|Incineroar, F|
|poke|p1|Garchomp, F|
|poke|p1|Pecharunt|
|poke|p1|Ogerpon-Cornerstone, F|
|poke|p1|Alomomola, M|
|poke|p1|Galvantula, M|
|poke|p2|Glimmora, M|
|poke|p2|Tyranitar, F|
|poke|p2|Conkeldurr, F|
|poke|p2|Sudowoodo, L1, M|
|poke|p2|Ceruledge, F|
|poke|p2|Hippowdon, M|
|teampreview
|inactive|Battle timer is ON: inactive players will automatically lose when time's up. (requested by Shubway)
|
|t:|1779846199
|teamsize|p1|6
|teamsize|p2|6
|start
|switch|p1a: Garchomp|Garchomp, F|100/100
|switch|p2a: Glimmora|Glimmora, M|100/100
|turn|1
|
|t:|1779846215
|move|p1a: Garchomp|Swords Dance|p1a: Garchomp
|-boost|p1a: Garchomp|atk|2
|move|p2a: Glimmora|Spikes|p1a: Garchomp
|-sidestart|p1: Shubway|Spikes
|
|upkeep
|turn|2
|
|t:|1779846227
|move|p1a: Garchomp|Scale Shot|p2a: Glimmora
|-damage|p2a: Glimmora|74/100
|-activate|p2a: Glimmora|ability: Toxic Debris
|-sidestart|p1: Shubway|move: Toxic Spikes
|-damage|p2a: Glimmora|50/100
|-activate|p2a: Glimmora|ability: Toxic Debris
|-sidestart|p1: Shubway|move: Toxic Spikes
|-damage|p2a: Glimmora|27/100
|-damage|p2a: Glimmora|1/100
|-damage|p2a: Glimmora|0 fnt
|faint|p2a: Glimmora
|-hitcount|p2: Glimmora|5
|-unboost|p1a: Garchomp|def|1
|-boost|p1a: Garchomp|spe|1
|
|upkeep
|
|t:|1779846246
|switch|p2a: Conkeldurr|Conkeldurr, F|100/100
|turn|3
|
|t:|1779846270
|move|p1a: Garchomp|Earthquake|p2a: Conkeldurr
|-damage|p2a: Conkeldurr|20/100
|move|p2a: Conkeldurr|Ice Punch|p1a: Garchomp
|-supereffective|p1a: Garchomp
|-damage|p1a: Garchomp|0 fnt
|-damage|p2a: Conkeldurr|8/100|[from] ability: Rough Skin|[of] p1a: Garchomp
|faint|p1a: Garchomp
|
|-status|p2a: Conkeldurr|brn|[from] item: Flame Orb
|upkeep
|
|t:|1779846275
|switch|p1a: Pecharunt|Pecharunt|100/100
|-damage|p1a: Pecharunt|88/100|[from] Spikes
|-sideend|p1: Shubway|move: Toxic Spikes|[of] p1a: Pecharunt
|turn|4
|
|t:|1779846294
|switch|p1a: Alomomola|Alomomola, M|100/100
|-damage|p1a: Alomomola|88/100|[from] Spikes
|move|p2a: Conkeldurr|Ice Punch|p1a: Alomomola
|-resisted|p1a: Alomomola
|-damage|p1a: Alomomola|71/100
|-damage|p2a: Conkeldurr|0 fnt|[from] item: Rocky Helmet|[of] p1a: Alomomola
|faint|p2a: Conkeldurr
|
|upkeep
|inactive|DevotedToaster has 120 seconds left.
|
|t:|1779846318
|switch|p2a: Sudowoodo|Sudowoodo, L1, M|100/100
|turn|5
|
|t:|1779846324
|move|p1a: Alomomola|Flip Turn|p2a: Sudowoodo
|-supereffective|p2a: Sudowoodo
|-ability|p2a: Sudowoodo|Sturdy
|-damage|p2a: Sudowoodo|9/100
|
|t:|1779846330
|switch|p1a: Galvantula|Galvantula, M|100/100|[from] Flip Turn
|-damage|p1a: Galvantula|88/100|[from] Spikes
|move|p2a: Sudowoodo|Endeavor|p1a: Galvantula
|-damage|p1a: Galvantula|1/100
|-heal|p2a: Sudowoodo|100/100|[from] item: Shell Bell|[of] p1a: Galvantula
|
|upkeep
|turn|6
|
|t:|1779846341
|switch|p2a: Hippowdon|Hippowdon, M|100/100
|-weather|Sandstorm|[from] ability: Sand Stream|[of] p2a: Hippowdon
|move|p1a: Galvantula|Sticky Web|p2a: Hippowdon
|-sidestart|p2: DevotedToaster|move: Sticky Web
|
|-weather|Sandstorm|[upkeep]
|-damage|p1a: Galvantula|0 fnt|[from] Sandstorm
|faint|p1a: Galvantula
|upkeep
|
|t:|1779846350
|switch|p1a: Ogerpon|Ogerpon-Cornerstone, F|100/100
|-damage|p1a: Ogerpon|88/100|[from] Spikes
|turn|7
|
|t:|1779846358
|move|p1a: Ogerpon|Horn Leech|p2a: Hippowdon
|-supereffective|p2a: Hippowdon
|-damage|p2a: Hippowdon|49/100
|-heal|p1a: Ogerpon|100/100|[from] drain|[of] p2a: Hippowdon
|move|p2a: Hippowdon|Earthquake|p1a: Ogerpon
|-damage|p1a: Ogerpon|48/100
|
|-weather|Sandstorm|[upkeep]
|-heal|p2a: Hippowdon|55/100|[from] item: Leftovers
|upkeep
|turn|8
|
|t:|1779846371
|move|p1a: Ogerpon|Horn Leech|p2a: Hippowdon
|-supereffective|p2a: Hippowdon
|-damage|p2a: Hippowdon|3/100
|-heal|p1a: Ogerpon|85/100|[from] drain|[of] p2a: Hippowdon
|move|p2a: Hippowdon|Stealth Rock|p1a: Ogerpon
|-sidestart|p1: Shubway|move: Stealth Rock
|
|-weather|Sandstorm|[upkeep]
|-heal|p2a: Hippowdon|9/100|[from] item: Leftovers
|upkeep
|turn|9
|
|t:|1779846378
|move|p1a: Ogerpon|Horn Leech|p2a: Hippowdon
|-supereffective|p2a: Hippowdon
|-damage|p2a: Hippowdon|0 fnt
|-heal|p1a: Ogerpon|91/100|[from] drain|[of] p2a: Hippowdon
|faint|p2a: Hippowdon
|
|-weather|Sandstorm|[upkeep]
|upkeep
|
|t:|1779846390
|switch|p2a: Ceruledge|Ceruledge, F|100/100
|-activate|p2a: Ceruledge|move: Sticky Web
|-unboost|p2a: Ceruledge|spe|1
|turn|10
|
|t:|1779846410
|-terastallize|p1a: Ogerpon|Rock
|detailschange|p1a: Ogerpon|Ogerpon-Cornerstone-Tera, F, tera:Rock
|-ability|p1a: Ogerpon|Embody Aspect (Cornerstone)|boost
|-boost|p1a: Ogerpon|def|1
|move|p1a: Ogerpon|Ivy Cudgel|p2a: Ceruledge|[anim] Ivy Cudgel Rock
|-supereffective|p2a: Ceruledge
|-enditem|p2a: Ceruledge|Focus Sash
|-damage|p2a: Ceruledge|1/100
|-ability|p2a: Ceruledge|Weak Armor|boost
|-unboost|p2a: Ceruledge|def|1
|-boost|p2a: Ceruledge|spe|2
|move|p2a: Ceruledge|Swords Dance|p2a: Ceruledge
|-boost|p2a: Ceruledge|atk|2
|
|-weather|none
|upkeep
|turn|11
|
|t:|1779846418
|move|p2a: Ceruledge|Close Combat|p1a: Ogerpon
|-supereffective|p1a: Ogerpon
|-damage|p1a: Ogerpon|0 fnt
|-unboost|p2a: Ceruledge|def|1
|-unboost|p2a: Ceruledge|spd|1
|faint|p1a: Ogerpon
|detailschange|p1: Ogerpon|Ogerpon-Cornerstone, F|[silent]
|
|upkeep
|
|t:|1779846424
|switch|p1a: Incineroar|Incineroar, F|100/100
|-damage|p1a: Incineroar|88/100|[from] Spikes
|-damage|p1a: Incineroar|63/100|[from] Stealth Rock
|-ability|p1a: Incineroar|Intimidate|boost
|-unboost|p2a: Ceruledge|atk|1
|turn|12
|
|t:|1779846430
|switch|p1a: Alomomola|Alomomola, M|100/100
|-damage|p1a: Alomomola|88/100|[from] Spikes
|-damage|p1a: Alomomola|75/100|[from] Stealth Rock
|move|p2a: Ceruledge|Close Combat|p1a: Alomomola
|-damage|p1a: Alomomola|30/100
|-unboost|p2a: Ceruledge|def|1
|-unboost|p2a: Ceruledge|spd|1
|-damage|p2a: Ceruledge|0 fnt|[from] item: Rocky Helmet|[of] p1a: Alomomola
|faint|p2a: Ceruledge
|
|upkeep
|
|t:|1779846440
|switch|p2a: Tyranitar|Tyranitar, F|100/100
|-activate|p2a: Tyranitar|move: Sticky Web
|-unboost|p2a: Tyranitar|spe|1
|-weather|Sandstorm|[from] ability: Sand Stream|[of] p2a: Tyranitar
|turn|13
|
|t:|1779846443
|move|p1a: Alomomola|Flip Turn|p2a: Tyranitar
|-supereffective|p2a: Tyranitar
|-damage|p2a: Tyranitar|78/100
|
|t:|1779846449
|switch|p1a: Incineroar|Incineroar, F|63/100|[from] Flip Turn
|-damage|p1a: Incineroar|51/100|[from] Spikes
|-damage|p1a: Incineroar|26/100|[from] Stealth Rock
|-ability|p1a: Incineroar|Intimidate|boost
|-unboost|p2a: Tyranitar|atk|1
|move|p2a: Tyranitar|Knock Off|p1a: Incineroar
|-resisted|p1a: Incineroar
|-damage|p1a: Incineroar|13/100
|-enditem|p1a: Incineroar|Leftovers|[from] move: Knock Off|[of] p2a: Tyranitar
|
|-weather|Sandstorm|[upkeep]
|-damage|p1a: Incineroar|7/100|[from] Sandstorm
|upkeep
|turn|14
|
|t:|1779846471
|switch|p2a: Sudowoodo|Sudowoodo, L1, M|100/100
|-activate|p2a: Sudowoodo|move: Sticky Web
|-unboost|p2a: Sudowoodo|spe|1
|move|p1a: Incineroar|Will-O-Wisp|p2a: Sudowoodo
|-status|p2a: Sudowoodo|brn
|
|-weather|Sandstorm|[upkeep]
|-damage|p1a: Incineroar|1/100|[from] Sandstorm
|-damage|p2a: Sudowoodo|92/100 brn|[from] brn
|upkeep
|turn|15
|
|t:|1779846484
|move|p1a: Incineroar|Knock Off|p2a: Sudowoodo
|-damage|p2a: Sudowoodo|0 fnt
|-enditem|p2a: Sudowoodo|Shell Bell|[from] move: Knock Off|[of] p1a: Incineroar
|faint|p2a: Sudowoodo
|
|-weather|Sandstorm|[upkeep]
|-damage|p1a: Incineroar|0 fnt|[from] Sandstorm
|faint|p1a: Incineroar
|upkeep
|
|t:|1779846496
|switch|p1a: Alomomola|Alomomola, M|64/100
|switch|p2a: Tyranitar|Tyranitar, F|78/100
|-activate|p2a: Tyranitar|move: Sticky Web
|-unboost|p2a: Tyranitar|spe|1
|-damage|p1a: Alomomola|51/100|[from] Spikes
|-damage|p1a: Alomomola|39/100|[from] Stealth Rock
|turn|16
|
|t:|1779846513
|move|p1a: Alomomola|Flip Turn|p2a: Tyranitar
|-supereffective|p2a: Tyranitar
|-damage|p2a: Tyranitar|55/100
|
|t:|1779846517
|switch|p1a: Pecharunt|Pecharunt|88/100|[from] Flip Turn
|-damage|p1a: Pecharunt|76/100|[from] Spikes
|-damage|p1a: Pecharunt|63/100|[from] Stealth Rock
|move|p2a: Tyranitar|Knock Off|p1a: Pecharunt
|-supereffective|p1a: Pecharunt
|-damage|p1a: Pecharunt|27/100
|-enditem|p1a: Pecharunt|Leftovers|[from] move: Knock Off|[of] p2a: Tyranitar
|
|-weather|Sandstorm|[upkeep]
|-damage|p1a: Pecharunt|20/100|[from] Sandstorm
|upkeep
|turn|17
|
|t:|1779846538
|-terastallize|p2a: Tyranitar|Ghost
|move|p1a: Pecharunt|Curse|p2a: Tyranitar
|-start|p2a: Tyranitar|Curse|[of] p1a: Pecharunt
|-damage|p1a: Pecharunt|0 fnt
|faint|p1a: Pecharunt
|move|p2a: Tyranitar|Dragon Tail|p1: Pecharunt|[notarget]
|-fail|p2a: Tyranitar
|
|-weather|none
|-damage|p2a: Tyranitar|30/100|[from] Curse
|upkeep
|
|t:|1779846548
|switch|p1a: Alomomola|Alomomola, M|72/100
|-damage|p1a: Alomomola|60/100|[from] Spikes
|-damage|p1a: Alomomola|47/100|[from] Stealth Rock
|turn|18
|
|t:|1779846553
|move|p1a: Alomomola|Protect|p1a: Alomomola
|-singleturn|p1a: Alomomola|Protect
|move|p2a: Tyranitar|Stone Edge|p1a: Alomomola
|-activate|p1a: Alomomola|move: Protect
|
|-damage|p2a: Tyranitar|5/100|[from] Curse
|upkeep
|turn|19
|-message|DevotedToaster forfeited.
|
|win|Shubway
|raw|Shubway's rating: 1377 &rarr; <strong>1395</strong><br />(+18 for winning)
|raw|DevotedToaster's rating: 1348 &rarr; <strong>1330</strong><br />(-18 for losing)
|l|‽DevotedToaster
|player|p2|
|l|☆Shubway
|player|p1|
