|j|☆PheonixOfRa
|j|☆Nxp Nxp
|t:|1779964675
|gametype|singles
|player|p1|PheonixOfRa|dawn-gen4pt|1469
|player|p2|Nxp Nxp|roxie-masters|1468
|gen|9
|tier|[Gen 9] OU
|rated|
|rule|HP Percentage Mod: HP is shown in percentages
|rule|Endless Battle Clause: Forcing endless battles is banned
|rule|Species Clause: Limit one of each Pokémon
|rule|OHKO Clause: OHKO moves are banned
|rule|Evasion Items Clause: Evasion items are banned
|rule|Evasion Moves Clause: Evasion moves are banned
|rule|Evasion Abilities Clause: Evasion abilities are banned
|rule|Sleep Moves Clause: Sleep-inducing moves are banned
|clearpoke
|poke|p1|Necrozma|
|poke|p1|Ogerpon-Wellspring, F|
|poke|p1|Corviknight, F|
|poke|p1|Great Tusk|
|poke|p1|Garganacl, M|
|poke|p1|Zapdos|
|poke|p2|Gholdengo|
|poke|p2|Zamazenta-*|
|poke|p2|Ting-Lu|
|poke|p2|Clefable, F|
|poke|p2|Dragonite, M|
|poke|p2|Deoxys-Speed|
|teampreview
|inactive|Battle timer is ON: inactive players will automatically lose when time's up. (requested by Nxp Nxp)
|inactive|PheonixOfRa has 120 seconds left.
|inactive|PheonixOfRa has 90 seconds left.
|
|t:|1779964741
|teamsize|p1|6
|teamsize|p2|6
|start
|switch|p1a: Corviknight|Corviknight, F|100/100
|switch|p2a: Clefable|Clefable, F|100/100
|-ability|p1a: Corviknight|Pressure
|turn|1
|
|t:|1779964746
|move|p1a: Corviknight|Light Screen|p1a: Corviknight
|-sidestart|p1: PheonixOfRa|move: Light Screen
|move|p2a: Clefable|Stealth Rock|p1a: Corviknight
|-sidestart|p1: PheonixOfRa|move: Stealth Rock
|
|upkeep
|turn|2
|
|t:|1779964754
|move|p1a: Corviknight|Reflect|p1a: Corviknight
|-sidestart|p1: PheonixOfRa|Reflect
|move|p2a: Clefable|Knock Off|p1a: Corviknight
|-damage|p1a: Corviknight|94/100
|-enditem|p1a: Corviknight|Light Clay|[from] move: Knock Off|[of] p2a: Clefable
|
|upkeep
|turn|3
|
|t:|1779964765
|switch|p1a: Great Tusk|Great Tusk|100/100
|move|p2a: Clefable|Knock Off|p1a: Great Tusk
|-resisted|p1a: Great Tusk
|-damage|p1a: Great Tusk|98/100
|-enditem|p1a: Great Tusk|Heavy-Duty Boots|[from] move: Knock Off|[of] p2a: Clefable
|
|upkeep
|turn|4
|
|t:|1779964771
|move|p1a: Great Tusk|Rapid Spin|p2a: Clefable
|-damage|p2a: Clefable|87/100
|-boost|p1a: Great Tusk|spe|1
|-damage|p1a: Great Tusk|81/100|[from] item: Rocky Helmet|[of] p2a: Clefable
|-sideend|p1: PheonixOfRa|Stealth Rock|[from] move: Rapid Spin|[of] p1a: Great Tusk
|move|p2a: Clefable|Moonblast|p1a: Great Tusk
|-supereffective|p1a: Great Tusk
|-damage|p1a: Great Tusk|33/100
|
|upkeep
|turn|5
|
|t:|1779964775
|move|p1a: Great Tusk|Stealth Rock|p2a: Clefable
|-sidestart|p2: Nxp Nxp|move: Stealth Rock
|move|p2a: Clefable|Stealth Rock|p1a: Great Tusk
|-sidestart|p1: PheonixOfRa|move: Stealth Rock
|
|upkeep
|turn|6
|
|t:|1779964777
|move|p1a: Great Tusk|Rapid Spin|p2a: Clefable
|-damage|p2a: Clefable|74/100
|-boost|p1a: Great Tusk|spe|1
|-damage|p1a: Great Tusk|17/100|[from] item: Rocky Helmet|[of] p2a: Clefable
|-sideend|p1: PheonixOfRa|Stealth Rock|[from] move: Rapid Spin|[of] p1a: Great Tusk
|move|p2a: Clefable|Moonblast|p1a: Great Tusk
|-supereffective|p1a: Great Tusk
|-damage|p1a: Great Tusk|0 fnt
|faint|p1a: Great Tusk
|-end|p1a: Great Tusk|Protosynthesis|[silent]
|
|upkeep
|
|t:|1779964787
|switch|p1a: Necrozma|Necrozma|100/100
|turn|7
|
|t:|1779964795
|move|p1a: Necrozma|Dragon Dance|p1a: Necrozma
|-boost|p1a: Necrozma|atk|1
|-boost|p1a: Necrozma|spe|1
|move|p2a: Clefable|Stealth Rock|p1a: Necrozma
|-sidestart|p1: PheonixOfRa|move: Stealth Rock
|
|upkeep
|turn|8
|
|t:|1779964801
|move|p1a: Necrozma|Dragon Dance|p1a: Necrozma
|-boost|p1a: Necrozma|atk|1
|-boost|p1a: Necrozma|spe|1
|move|p2a: Clefable|Moonblast|p1a: Necrozma
|-damage|p1a: Necrozma|86/100
|
|-sideend|p1: PheonixOfRa|move: Light Screen
|upkeep
|turn|9
|
|t:|1779964813
|switch|p2a: Dragonite|Dragonite, M|100/100
|move|p1a: Necrozma|Dragon Dance|p1a: Necrozma
|-boost|p1a: Necrozma|atk|1
|-boost|p1a: Necrozma|spe|1
|
|-sideend|p1: PheonixOfRa|Reflect
|upkeep
|turn|10
|
|t:|1779964818
|move|p1a: Necrozma|Photon Geyser|p2a: Dragonite
|-damage|p2a: Dragonite|0 fnt
|faint|p2a: Dragonite
|
|upkeep
|
|t:|1779964821
|switch|p2a: Ting-Lu|Ting-Lu|100/100
|-damage|p2a: Ting-Lu|94/100|[from] Stealth Rock
|-ability|p2a: Ting-Lu|Vessel of Ruin
|turn|11
|
|t:|1779964835
|-terastallize|p1a: Necrozma|Bug
|move|p1a: Necrozma|X-Scissor|p2a: Ting-Lu
|-supereffective|p2a: Ting-Lu
|-damage|p2a: Ting-Lu|0 fnt
|faint|p2a: Ting-Lu
|
|upkeep
|-message|Nxp Nxp forfeited.
|
|win|PheonixOfRa
|raw|PheonixOfRa's rating: 1469 &rarr; <strong>1488</strong><br />(+19 for winning)
|raw|Nxp Nxp's rating: 1451 &rarr; <strong>1432</strong><br />(-19 for losing)
|l|☆Nxp Nxp
|player|p2|
