|j|☆Jinx Havoc
|j|☆scarz1720
|t:|1779888145
|gametype|singles
|player|p1|Jinx Havoc|rocketgruntf|1181
|player|p2|scarz1720|102|1207
|gen|9
|tier|[Gen 9] OU
|rated|
|rule|HP Percentage Mod: HP is shown in percentages
|rule|Endless Battle Clause: Forcing endless battles is banned
|rule|Species Clause: Limit one of each Pokémon
|rule|OHKO Clause: OHKO moves are banned
|rule|Evasion Items Clause: Evasion items are banned
|rule|Evasion Moves Clause: Evasion moves are banned
|rule|Evasion Abilities Clause: Evasion abilities are banned
|rule|Sleep Moves Clause: Sleep-inducing moves are banned
|clearpoke
|poke|p1|Darkrai|
|poke|p1|Gardevoir, F|
|poke|p1|Lucario, F|
|poke|p1|Iron Treads|
|poke|p1|Weezing, F|
|poke|p1|Scream Tail|
|poke|p2|Glimmora, M|
|poke|p2|Gardevoir, M|
|poke|p2|Rotom-Wash|
|poke|p2|Gliscor, F|
|poke|p2|Dragonite, M|
|poke|p2|Kingambit, F|
|teampreview
|inactive|Battle timer is ON: inactive players will automatically lose when time's up. (requested by Jinx Havoc)
|
|t:|1779888150
|teamsize|p1|6
|teamsize|p2|6
|start
|switch|p1a: Darkrai|Darkrai|100/100
|switch|p2a: Glimmora|Glimmora, M|100/100
|turn|1
|
|t:|1779888157
|-terastallize|p1a: Darkrai|Dark
|move|p1a: Darkrai|Dark Pulse|p2a: Glimmora
|-damage|p2a: Glimmora|0 fnt
|faint|p2a: Glimmora
|
|upkeep
|
|t:|1779888167
|switch|p2a: Gardevoir|Gardevoir, M, shiny|100/100
|-ability|p2a: Gardevoir|Bad Dreams|Trace|[from] ability: Trace|[of] p1a: Darkrai
|turn|2
|
|t:|1779888172
|switch|p1a: Iron Treads|Iron Treads|100/100
|move|p2a: Gardevoir|Moonblast|p1a: Iron Treads
|-resisted|p1a: Iron Treads
|-damage|p1a: Iron Treads|81/100
|
|upkeep
|turn|3
|
|t:|1779888184
|-end|p1a: Iron Treads|Quark Drive|[silent]
|switch|p1a: Darkrai|Darkrai, tera:Dark|100/100
|switch|p2a: Gliscor|Gliscor, F|100/100
|
|-status|p2a: Gliscor|tox|[from] item: Toxic Orb
|upkeep
|turn|4
|
|t:|1779888191
|move|p1a: Darkrai|Dark Pulse|p2a: Gliscor
|-damage|p2a: Gliscor|0 fnt
|faint|p2a: Gliscor
|
|upkeep
|
|t:|1779888199
|switch|p2a: Gardevoir|Gardevoir, M, shiny|100/100
|-ability|p2a: Gardevoir|Bad Dreams|Trace|[from] ability: Trace|[of] p1a: Darkrai
|turn|5
|
|t:|1779888203
|switch|p1a: Iron Treads|Iron Treads|81/100
|move|p2a: Gardevoir|Moonblast|p1a: Iron Treads
|-resisted|p1a: Iron Treads
|-damage|p1a: Iron Treads|63/100
|-unboost|p1a: Iron Treads|spa|1
|
|upkeep
|turn|6
|
|t:|1779888210
|move|p1a: Iron Treads|Volt Switch|p2a: Gardevoir
|-damage|p2a: Gardevoir|92/100
|
|t:|1779888213
|-end|p1a: Iron Treads|Quark Drive|[silent]
|switch|p1a: Scream Tail|Scream Tail|100/100|[from] Volt Switch
|move|p2a: Gardevoir|Moonblast|p1a: Scream Tail
|-damage|p1a: Scream Tail|66/100
|
|-heal|p1a: Scream Tail|72/100|[from] item: Leftovers
|upkeep
|turn|7
|
|t:|1779888222
|move|p2a: Gardevoir|Shadow Ball|p1a: Scream Tail
|-supereffective|p1a: Scream Tail
|-crit|p1a: Scream Tail
|-damage|p1a: Scream Tail|18/100
|move|p1a: Scream Tail|Perish Song|p1a: Scream Tail
|-start|p1a: Scream Tail|perish3|[silent]
|-start|p2a: Gardevoir|perish3|[silent]
|-fieldactivate|move: Perish Song
|
|-heal|p1a: Scream Tail|24/100|[from] item: Leftovers
|-start|p2a: Gardevoir|perish3
|-start|p1a: Scream Tail|perish3
|upkeep
|turn|8
|
|t:|1779888233
|switch|p2a: Kingambit|Kingambit, F|100/100
|-activate|p2a: Kingambit|ability: Supreme Overlord
|-start|p2a: Kingambit|fallen2|[silent]
|move|p1a: Scream Tail|Protect||[still]
|-fail|p1a: Scream Tail
|
|-heal|p1a: Scream Tail|30/100|[from] item: Leftovers
|-start|p1a: Scream Tail|perish2
|upkeep
|turn|9
|
|t:|1779888242
|-end|p1a: Scream Tail|Protosynthesis|[silent]
|switch|p1a: Weezing|Weezing, F|100/100
|move|p2a: Kingambit|Iron Head|p1a: Weezing
|-damage|p1a: Weezing|65/100
|
|-heal|p1a: Weezing|71/100|[from] item: Black Sludge
|upkeep
|turn|10
|
|t:|1779888250
|move|p1a: Weezing|Will-O-Wisp|p2a: Kingambit
|-status|p2a: Kingambit|brn
|move|p2a: Kingambit|Kowtow Cleave|p1a: Weezing
|-damage|p1a: Weezing|49/100
|
|-heal|p1a: Weezing|55/100|[from] item: Black Sludge
|-damage|p2a: Kingambit|94/100 brn|[from] brn
|upkeep
|turn|11
|
|t:|1779888258
|move|p1a: Weezing|Sludge Bomb|p2a: Kingambit
|-immune|p2a: Kingambit
|move|p2a: Kingambit|Swords Dance|p2a: Kingambit
|-boost|p2a: Kingambit|atk|2
|
|-heal|p1a: Weezing|61/100|[from] item: Black Sludge
|-damage|p2a: Kingambit|88/100 brn|[from] brn
|upkeep
|turn|12
|
|t:|1779888266
|move|p1a: Weezing|Haze|p1a: Weezing
|-clearallboost
|move|p2a: Kingambit|Kowtow Cleave|p1a: Weezing
|-damage|p1a: Weezing|39/100
|
|-heal|p1a: Weezing|45/100|[from] item: Black Sludge
|-damage|p2a: Kingambit|82/100 brn|[from] brn
|upkeep
|turn|13
|
|t:|1779888275
|move|p1a: Weezing|Pain Split|p2a: Kingambit
|-sethp|p2a: Kingambit|59/100 brn|[from] move: Pain Split|[silent]
|-sethp|p1a: Weezing|74/100|[from] move: Pain Split
|move|p2a: Kingambit|Swords Dance|p2a: Kingambit
|-boost|p2a: Kingambit|atk|2
|
|-heal|p1a: Weezing|80/100|[from] item: Black Sludge
|-damage|p2a: Kingambit|53/100 brn|[from] brn
|upkeep
|turn|14
|
|t:|1779888284
|move|p2a: Kingambit|Sucker Punch||[still]
|-fail|p2a: Kingambit
|move|p1a: Weezing|Haze|p1a: Weezing
|-clearallboost
|
|-heal|p1a: Weezing|87/100|[from] item: Black Sludge
|-damage|p2a: Kingambit|47/100 brn|[from] brn
|upkeep
|turn|15
|
|t:|1779888299
|switch|p1a: Lucario|Lucario, F|100/100
|move|p2a: Kingambit|Swords Dance|p2a: Kingambit
|-boost|p2a: Kingambit|atk|2
|
|-damage|p2a: Kingambit|40/100 brn|[from] brn
|upkeep
|turn|16
|
|t:|1779888312
|-end|p2a: Kingambit|fallen2|[silent]
|switch|p2a: Dragonite|Dragonite, M|100/100
|move|p1a: Lucario|Close Combat|p2a: Dragonite
|-resisted|p2a: Dragonite
|-damage|p2a: Dragonite|78/100
|-unboost|p1a: Lucario|def|1
|-unboost|p1a: Lucario|spd|1
|-damage|p1a: Lucario|91/100|[from] item: Life Orb
|
|upkeep
|turn|17
|
|t:|1779888321
|switch|p1a: Weezing|Weezing, F|87/100
|move|p2a: Dragonite|Dragon Claw|p1a: Weezing
|-damage|p1a: Weezing|56/100
|
|-heal|p1a: Weezing|63/100|[from] item: Black Sludge
|upkeep
|turn|18
|
|t:|1779888330
|move|p2a: Dragonite|Dragon Dance|p2a: Dragonite
|-boost|p2a: Dragonite|atk|1
|-boost|p2a: Dragonite|spe|1
|move|p1a: Weezing|Will-O-Wisp|p2a: Dragonite
|-status|p2a: Dragonite|brn
|
|-heal|p1a: Weezing|69/100|[from] item: Black Sludge
|-damage|p2a: Dragonite|72/100 brn|[from] brn
|upkeep
|turn|19
|
|t:|1779888341
|move|p2a: Dragonite|Dragon Claw|p1a: Weezing
|-damage|p1a: Weezing|46/100
|move|p1a: Weezing|Haze|p1a: Weezing
|-clearallboost
|
|-heal|p1a: Weezing|53/100|[from] item: Black Sludge
|-damage|p2a: Dragonite|66/100 brn|[from] brn
|upkeep
|turn|20
|
|t:|1779888350
|switch|p1a: Darkrai|Darkrai, tera:Dark|100/100
|move|p2a: Dragonite|Extreme Speed|p1a: Darkrai
|-damage|p1a: Darkrai|81/100
|
|-damage|p2a: Dragonite|59/100 brn|[from] brn
|upkeep
|turn|21
|
|t:|1779888360
|move|p1a: Darkrai|Dark Pulse|p2a: Dragonite
|-damage|p2a: Dragonite|0 fnt
|faint|p2a: Dragonite
|
|upkeep
|
|t:|1779888364
|switch|p2a: Gardevoir|Gardevoir, M, shiny|92/100
|-ability|p2a: Gardevoir|Bad Dreams|Trace|[from] ability: Trace|[of] p1a: Darkrai
|turn|22
|
|t:|1779888368
|switch|p1a: Scream Tail|Scream Tail|30/100
|move|p2a: Gardevoir|Moonblast|p1a: Scream Tail
|-damage|p1a: Scream Tail|0 fnt
|faint|p1a: Scream Tail
|-end|p1a: Scream Tail|Protosynthesis|[silent]
|
|upkeep
|
|t:|1779888370
|switch|p1a: Iron Treads|Iron Treads|63/100
|turn|23
|
|t:|1779888378
|move|p1a: Iron Treads|Earthquake|p2a: Gardevoir
|-damage|p2a: Gardevoir|30/100
|move|p2a: Gardevoir|Calm Mind|p2a: Gardevoir
|-boost|p2a: Gardevoir|spa|1
|-boost|p2a: Gardevoir|spd|1
|
|upkeep
|turn|24
|
|t:|1779888388
|switch|p2a: Rotom|Rotom-Wash, shiny|100/100
|move|p1a: Iron Treads|Volt Switch|p2a: Rotom
|-damage|p2a: Rotom|87/100
|
|t:|1779888393
|-end|p1a: Iron Treads|Quark Drive|[silent]
|switch|p1a: Darkrai|Darkrai, tera:Dark|81/100|[from] Volt Switch
|
|-heal|p2a: Rotom|94/100|[from] item: Leftovers
|upkeep
|turn|25
|
|t:|1779888402
|move|p1a: Darkrai|Dark Pulse|p2a: Rotom
|-damage|p2a: Rotom|7/100
|move|p2a: Rotom|Hydro Pump|p1a: Darkrai|[miss]
|-miss|p2a: Rotom|p1a: Darkrai
|
|-heal|p2a: Rotom|13/100|[from] item: Leftovers
|upkeep
|turn|26
|
|t:|1779888414
|move|p1a: Darkrai|Dark Pulse|p2a: Rotom
|-damage|p2a: Rotom|0 fnt
|faint|p2a: Rotom
|
|upkeep
|
|t:|1779888419
|switch|p2a: Gardevoir|Gardevoir, M, shiny|30/100
|-ability|p2a: Gardevoir|Bad Dreams|Trace|[from] ability: Trace|[of] p1a: Darkrai
|turn|27
|
|t:|1779888425
|move|p1a: Darkrai|Dark Pulse|p2a: Gardevoir
|-damage|p2a: Gardevoir|0 fnt
|faint|p2a: Gardevoir
|
|upkeep
|
|t:|1779888429
|switch|p2a: Kingambit|Kingambit, F|40/100 brn
|-activate|p2a: Kingambit|ability: Supreme Overlord
|-start|p2a: Kingambit|fallen5|[silent]
|turn|28
|
|t:|1779888433
|move|p1a: Darkrai|Dark Pulse|p2a: Kingambit
|-resisted|p2a: Kingambit
|-damage|p2a: Kingambit|0 fnt
|faint|p2a: Kingambit
|-end|p2a: Kingambit|fallen5|[silent]
|
|win|Jinx Havoc
|raw|Jinx Havoc's rating: 1181 &rarr; <strong>1208</strong><br />(+27 for winning)
|raw|scarz1720's rating: 1207 &rarr; <strong>1180</strong><br />(-27 for losing)
|l|☆scarz1720
|player|p2|
|l|☆Jinx Havoc
|player|p1|
