|j|☆sicns
|j|☆Jestermcmoss
|t:|1779944789
|gametype|singles
|player|p1|sicns|cynthia-gen4|1415
|player|p2|Jestermcmoss|harlequin|1483
|gen|9
|tier|[Gen 9] OU
|rated|
|rule|HP Percentage Mod: HP is shown in percentages
|rule|Endless Battle Clause: Forcing endless battles is banned
|rule|Species Clause: Limit one of each Pokémon
|rule|OHKO Clause: OHKO moves are banned
|rule|Evasion Items Clause: Evasion items are banned
|rule|Evasion Moves Clause: Evasion moves are banned
|rule|Evasion Abilities Clause: Evasion abilities are banned
|rule|Sleep Moves Clause: Sleep-inducing moves are banned
|clearpoke
|poke|p1|Samurott-Hisui, M|
|poke|p1|Zapdos|
|poke|p1|Iron Treads|
|poke|p1|Ceruledge, M|
|poke|p1|Gholdengo|
|poke|p1|Kingambit, M|
|poke|p2|Dragapult, M|
|poke|p2|Toxapex, M|
|poke|p2|Tyranitar, M|
|poke|p2|Rillaboom, M|
|poke|p2|Skarmory, M|
|poke|p2|Regieleki|
|teampreview
|
|t:|1779944795
|teamsize|p1|6
|teamsize|p2|6
|start
|switch|p1a: Iron Treads|Iron Treads|100/100
|switch|p2a: Regieleki|Regieleki|100/100
|turn|1
|
|t:|1779944807
|switch|p2a: Skarmory|Skarmory, M|100/100
|move|p1a: Iron Treads|Knock Off|p2a: Skarmory
|-damage|p2a: Skarmory|82/100
|-damage|p1a: Iron Treads|84/100|[from] item: Rocky Helmet|[of] p2a: Skarmory
|-enditem|p2a: Skarmory|Rocky Helmet|[from] move: Knock Off|[of] p1a: Iron Treads
|
|-heal|p1a: Iron Treads|90/100|[from] item: Leftovers
|upkeep
|turn|2
|
|t:|1779944817
|move|p1a: Iron Treads|Stealth Rock|p2a: Skarmory
|-sidestart|p2: Jestermcmoss|move: Stealth Rock
|move|p2a: Skarmory|Stealth Rock|p1a: Iron Treads
|-sidestart|p1: sicns|move: Stealth Rock
|
|-heal|p1a: Iron Treads|96/100|[from] item: Leftovers
|upkeep
|turn|3
|
|t:|1779944822
|move|p1a: Iron Treads|Rapid Spin|p2a: Skarmory
|-resisted|p2a: Skarmory
|-damage|p2a: Skarmory|77/100
|-boost|p1a: Iron Treads|spe|1
|-sideend|p1: sicns|Stealth Rock|[from] move: Rapid Spin|[of] p1a: Iron Treads
|move|p2a: Skarmory|Body Press|p1a: Iron Treads
|-supereffective|p1a: Iron Treads
|-damage|p1a: Iron Treads|43/100
|
|-heal|p1a: Iron Treads|50/100|[from] item: Leftovers
|upkeep
|turn|4
|
|t:|1779944832
|-end|p1a: Iron Treads|Quark Drive|[silent]
|switch|p1a: Ceruledge|Ceruledge, M|100/100
|move|p2a: Skarmory|Stealth Rock|p1a: Ceruledge
|-sidestart|p1: sicns|move: Stealth Rock
|
|upkeep
|turn|5
|
|t:|1779944839
|switch|p2a: Tyranitar|Tyranitar, M|100/100
|-damage|p2a: Tyranitar|88/100|[from] Stealth Rock
|-weather|Sandstorm|[from] ability: Sand Stream|[of] p2a: Tyranitar
|move|p1a: Ceruledge|Swords Dance|p1a: Ceruledge
|-boost|p1a: Ceruledge|atk|2
|
|-weather|Sandstorm|[upkeep]
|-damage|p1a: Ceruledge|94/100|[from] Sandstorm
|upkeep
|turn|6
|
|t:|1779944860
|-terastallize|p1a: Ceruledge|Fairy
|move|p1a: Ceruledge|Poltergeist|p2a: Tyranitar
|-activate|p2a: Tyranitar|move: Poltergeist|Assault Vest
|-resisted|p2a: Tyranitar
|-damage|p2a: Tyranitar|43/100
|move|p2a: Tyranitar|Knock Off|p1a: Ceruledge
|-resisted|p1a: Ceruledge
|-damage|p1a: Ceruledge|69/100
|-ability|p1a: Ceruledge|Weak Armor|boost
|-unboost|p1a: Ceruledge|def|1
|-boost|p1a: Ceruledge|spe|2
|-enditem|p1a: Ceruledge|Heavy-Duty Boots|[from] move: Knock Off|[of] p2a: Tyranitar
|
|-weather|Sandstorm|[upkeep]
|-damage|p1a: Ceruledge|63/100|[from] Sandstorm
|upkeep
|turn|7
|
|t:|1779944891
|move|p1a: Ceruledge|Poltergeist|p2a: Tyranitar
|-activate|p2a: Tyranitar|move: Poltergeist|Assault Vest
|-resisted|p2a: Tyranitar
|-damage|p2a: Tyranitar|0 fnt
|faint|p2a: Tyranitar
|
|-weather|Sandstorm|[upkeep]
|-damage|p1a: Ceruledge|57/100|[from] Sandstorm
|upkeep
|
|t:|1779944894
|switch|p2a: Regieleki|Regieleki|100/100
|turn|8
|
|t:|1779944900
|move|p2a: Regieleki|Thunder Wave|p1a: Ceruledge
|-status|p1a: Ceruledge|par
|cant|p1a: Ceruledge|par
|
|-weather|Sandstorm|[upkeep]
|-damage|p2a: Regieleki|95/100|[from] Sandstorm
|-damage|p1a: Ceruledge|51/100 par|[from] Sandstorm
|upkeep
|turn|9
|
|t:|1779944908
|move|p1a: Ceruledge|Shadow Sneak|p2a: Regieleki
|-damage|p2a: Regieleki|11/100
|move|p2a: Regieleki|Electro Ball|p1a: Ceruledge
|-damage|p1a: Ceruledge|8/100 par
|
|-weather|none
|upkeep
|turn|10
|
|t:|1779944913
|move|p1a: Ceruledge|Shadow Sneak|p2a: Regieleki
|-damage|p2a: Regieleki|0 fnt
|faint|p2a: Regieleki
|
|upkeep
|
|t:|1779944918
|switch|p2a: Rillaboom|Rillaboom, M|100/100
|-damage|p2a: Rillaboom|88/100|[from] Stealth Rock
|-fieldstart|move: Grassy Terrain|[from] ability: Grassy Surge|[of] p2a: Rillaboom
|turn|11
|
|t:|1779944925
|move|p2a: Rillaboom|Grassy Glide|p1a: Ceruledge
|-damage|p1a: Ceruledge|0 fnt
|faint|p1a: Ceruledge
|
|-heal|p2a: Rillaboom|94/100|[from] Grassy Terrain
|upkeep
|
|t:|1779944932
|switch|p1a: Zapdos|Zapdos|100/100
|turn|12
|
|t:|1779944937
|switch|p2a: Dragapult|Dragapult, M|100/100
|-damage|p2a: Dragapult|88/100|[from] Stealth Rock
|move|p1a: Zapdos|Thunder Wave|p2a: Dragapult
|-status|p2a: Dragapult|par
|
|-heal|p2a: Dragapult|94/100 par|[from] Grassy Terrain
|upkeep
|turn|13
|
|t:|1779944946
|switch|p1a: Samurott|Samurott-Hisui, M|100/100
|-damage|p1a: Samurott|88/100|[from] Stealth Rock
|move|p2a: Dragapult|Will-O-Wisp|p1a: Samurott
|-status|p1a: Samurott|brn
|
|-heal|p1a: Samurott|94/100 brn|[from] Grassy Terrain
|-heal|p2a: Dragapult|99/100 par|[from] Grassy Terrain
|-damage|p1a: Samurott|88/100 brn|[from] brn
|upkeep
|turn|14
|
|t:|1779944955
|switch|p2a: Toxapex|Toxapex, M|100/100
|-damage|p2a: Toxapex|88/100|[from] Stealth Rock
|move|p1a: Samurott|Ceaseless Edge|p2a: Toxapex
|-damage|p2a: Toxapex|70/100
|-sidestart|p2: Jestermcmoss|Spikes
|
|-heal|p1a: Samurott|94/100 brn|[from] Grassy Terrain
|-heal|p2a: Toxapex|76/100|[from] Grassy Terrain
|-damage|p1a: Samurott|88/100 brn|[from] brn
|upkeep
|turn|15
|
|t:|1779944966
|move|p1a: Samurott|Knock Off|p2a: Toxapex
|-damage|p2a: Toxapex|61/100
|-enditem|p2a: Toxapex|Choice Band|[from] move: Knock Off|[of] p1a: Samurott
|move|p2a: Toxapex|Gunk Shot|p1a: Samurott
|-crit|p1a: Samurott
|-damage|p1a: Samurott|17/100 brn
|
|-heal|p1a: Samurott|23/100 brn|[from] Grassy Terrain
|-heal|p2a: Toxapex|67/100|[from] Grassy Terrain
|-damage|p1a: Samurott|17/100 brn|[from] brn
|-fieldend|move: Grassy Terrain
|upkeep
|turn|16
|
|t:|1779944987
|switch|p1a: Gholdengo|Gholdengo|100/100
|-damage|p1a: Gholdengo|94/100|[from] Stealth Rock
|-item|p1a: Gholdengo|Air Balloon
|move|p2a: Toxapex|Ice Spinner|p1a: Gholdengo
|-resisted|p1a: Gholdengo
|-damage|p1a: Gholdengo|88/100
|-enditem|p1a: Gholdengo|Air Balloon
|
|upkeep
|turn|17
|
|t:|1779944997
|move|p1a: Gholdengo|Thunder Wave|p2a: Toxapex
|-status|p2a: Toxapex|par
|cant|p2a: Toxapex|par
|
|upkeep
|turn|18
|
|t:|1779945002
|move|p1a: Gholdengo|Hex|p2a: Toxapex
|-damage|p2a: Toxapex|22/100 par
|move|p2a: Toxapex|Liquidation|p1a: Gholdengo
|-damage|p1a: Gholdengo|67/100
|-unboost|p1a: Gholdengo|def|1
|
|upkeep
|turn|19
|
|t:|1779945018
|switch|p2a: Dragapult|Dragapult, M|99/100 par
|-damage|p2a: Dragapult|88/100 par|[from] Stealth Rock
|-damage|p2a: Dragapult|76/100 par|[from] Spikes
|move|p1a: Gholdengo|Hex|p2a: Dragapult
|-supereffective|p2a: Dragapult
|-damage|p2a: Dragapult|0 fnt
|faint|p2a: Dragapult
|
|upkeep
|
|t:|1779945021
|switch|p2a: Rillaboom|Rillaboom, M|94/100
|-damage|p2a: Rillaboom|82/100|[from] Stealth Rock
|-damage|p2a: Rillaboom|70/100|[from] Spikes
|-fieldstart|move: Grassy Terrain|[from] ability: Grassy Surge|[of] p2a: Rillaboom
|turn|20
|
|t:|1779945031
|switch|p1a: Zapdos|Zapdos|100/100
|move|p2a: Rillaboom|Knock Off|p1a: Zapdos
|-damage|p1a: Zapdos|60/100
|-status|p2a: Rillaboom|par|[from] ability: Static|[of] p1a: Zapdos
|-enditem|p1a: Zapdos|Heavy-Duty Boots|[from] move: Knock Off|[of] p2a: Rillaboom
|
|-heal|p2a: Rillaboom|76/100 par|[from] Grassy Terrain
|upkeep
|turn|21
|
|t:|1779945040
|move|p1a: Zapdos|Hurricane|p2a: Rillaboom
|-supereffective|p2a: Rillaboom
|-damage|p2a: Rillaboom|0 fnt
|faint|p2a: Rillaboom
|
|upkeep
|
|t:|1779945043
|switch|p2a: Toxapex|Toxapex, M|55/100 par
|-damage|p2a: Toxapex|43/100 par|[from] Stealth Rock
|-damage|p2a: Toxapex|31/100 par|[from] Spikes
|turn|22
|
|t:|1779945048
|-terastallize|p2a: Toxapex|Ice
|move|p1a: Zapdos|Volt Switch|p2a: Toxapex
|-damage|p2a: Toxapex|7/100 par
|
|t:|1779945055
|switch|p1a: Iron Treads|Iron Treads|50/100|[from] Volt Switch
|-damage|p1a: Iron Treads|47/100|[from] Stealth Rock
|move|p2a: Toxapex|Ice Spinner|p1a: Iron Treads
|-damage|p1a: Iron Treads|19/100
|-fieldend|move: Grassy Terrain
|
|-heal|p1a: Iron Treads|25/100|[from] item: Leftovers
|upkeep
|turn|23
|
|t:|1779945064
|switch|p2a: Skarmory|Skarmory, M|77/100
|-damage|p2a: Skarmory|65/100|[from] Stealth Rock
|move|p1a: Iron Treads|Rapid Spin|p2a: Skarmory
|-resisted|p2a: Skarmory
|-damage|p2a: Skarmory|59/100
|-boost|p1a: Iron Treads|spe|1
|-sideend|p1: sicns|Stealth Rock|[from] move: Rapid Spin|[of] p1a: Iron Treads
|
|-heal|p1a: Iron Treads|31/100|[from] item: Leftovers
|upkeep
|turn|24
|
|t:|1779945077
|-end|p1a: Iron Treads|Quark Drive|[silent]
|switch|p1a: Gholdengo|Gholdengo|67/100
|move|p2a: Skarmory|Stealth Rock|p1a: Gholdengo
|-sidestart|p1: sicns|move: Stealth Rock
|
|upkeep
|turn|25
|
|t:|1779945082
|switch|p2a: Toxapex|Toxapex, M, tera:Ice|40/100 par
|-damage|p2a: Toxapex|15/100 par|[from] Stealth Rock
|-damage|p2a: Toxapex|3/100 par|[from] Spikes
|move|p1a: Gholdengo|Thunder Wave|p2a: Toxapex
|-fail|p2a: Toxapex|par
|
|upkeep
|turn|26
|-message|Jestermcmoss forfeited.
|
|win|sicns
|raw|sicns's rating: 1415 &rarr; <strong>1439</strong><br />(+24 for winning)
|raw|Jestermcmoss's rating: 1483 &rarr; <strong>1459</strong><br />(-24 for losing)
|l|☆Jestermcmoss
|player|p2|
|l|☆sicns
|player|p1|
