|j|‽Doug Douglasson
|j|☆ju2508
|t:|1779871750
|gametype|singles
|player|p1|Doug Douglasson|hiker-gen4|1198
|player|p2|ju2508|266|1174
|gen|9
|tier|[Gen 9] OU
|rated|
|rule|HP Percentage Mod: HP is shown in percentages
|rule|Endless Battle Clause: Forcing endless battles is banned
|rule|Species Clause: Limit one of each Pokémon
|rule|OHKO Clause: OHKO moves are banned
|rule|Evasion Items Clause: Evasion items are banned
|rule|Evasion Moves Clause: Evasion moves are banned
|rule|Evasion Abilities Clause: Evasion abilities are banned
|rule|Sleep Moves Clause: Sleep-inducing moves are banned
|clearpoke
|poke|p1|Iron Moth|
|poke|p1|Gliscor, F|
|poke|p1|Hatterene, F|
|poke|p1|Ogerpon-Wellspring, F|
|poke|p1|Raging Bolt|
|poke|p1|Zamazenta-*|
|poke|p2|Alomomola, F|
|poke|p2|Jolteon, F|
|poke|p2|Cinccino, F|
|poke|p2|Yanmega, M|
|poke|p2|Florges, F|
|poke|p2|Coalossal, M|
|teampreview
|inactive|Battle timer is ON: inactive players will automatically lose when time's up. (requested by Doug Douglasson)
|
|t:|1779871761
|teamsize|p1|6
|teamsize|p2|6
|start
|switch|p1a: Zamazenta|Zamazenta|100/100
|switch|p2a: Yanmega|Yanmega, M|100/100
|-ability|p1a: Zamazenta|Dauntless Shield|boost
|-boost|p1a: Zamazenta|def|1
|turn|1
|
|t:|1779871772
|switch|p1a: Gliscor|Gliscor, F|100/100
|move|p2a: Yanmega|Air Slash|p1a: Gliscor
|-damage|p1a: Gliscor|31/100
|
|-ability|p2a: Yanmega|Speed Boost|boost
|-boost|p2a: Yanmega|spe|1
|-status|p1a: Gliscor|tox|[from] item: Toxic Orb
|upkeep
|turn|2
|
|t:|1779871787
|switch|p1a: Hatterene|Hatterene, F|100/100
|move|p2a: Yanmega|Air Slash|p1a: Hatterene
|-damage|p1a: Hatterene|49/100
|
|-heal|p1a: Hatterene|55/100|[from] item: Leftovers
|-ability|p2a: Yanmega|Speed Boost|boost
|-boost|p2a: Yanmega|spe|1
|upkeep
|turn|3
|
|t:|1779871796
|switch|p2a: Jolteon|Jolteon, F|100/100
|move|p1a: Hatterene|Mystical Fire|p2a: Jolteon
|-damage|p2a: Jolteon|69/100
|-unboost|p2a: Jolteon|spa|1
|
|-heal|p1a: Hatterene|61/100|[from] item: Leftovers
|upkeep
|turn|4
|
|t:|1779871807
|switch|p2a: Coalossal|Coalossal, M|100/100
|move|p1a: Hatterene|Calm Mind|p1a: Hatterene
|-boost|p1a: Hatterene|spa|1
|-boost|p1a: Hatterene|spd|1
|
|-heal|p1a: Hatterene|67/100|[from] item: Leftovers
|upkeep
|turn|5
|
|t:|1779871823
|switch|p2a: Cinccino|Cinccino, F|100/100
|move|p1a: Hatterene|Draining Kiss|p2a: Cinccino
|-damage|p2a: Cinccino|37/100
|-heal|p1a: Hatterene|100/100|[from] drain|[of] p2a: Cinccino
|
|upkeep
|turn|6
|
|t:|1779871832
|move|p2a: Cinccino|Tail Slap|p1a: Hatterene
|-damage|p1a: Hatterene|91/100
|-damage|p1a: Hatterene|82/100
|-damage|p1a: Hatterene|72/100
|-damage|p1a: Hatterene|63/100
|-damage|p1a: Hatterene|53/100
|-hitcount|p1a: Hatterene|5
|move|p1a: Hatterene|Draining Kiss|p2a: Cinccino
|-damage|p2a: Cinccino|0 fnt
|-heal|p1a: Hatterene|78/100|[from] drain|[of] p2a: Cinccino
|faint|p2a: Cinccino
|
|-heal|p1a: Hatterene|84/100|[from] item: Leftovers
|upkeep
|-message|ju2508 forfeited.
|
|win|Doug Douglasson
|raw|Doug Douglasson's rating: 1198 &rarr; <strong>1221</strong><br />(+23 for winning)
|raw|ju2508's rating: 1174 &rarr; <strong>1151</strong><br />(-23 for losing)
|l|☆ju2508
|player|p2|
|l|‽Doug Douglasson
|player|p1|
