|j|☆Maxxxxilla
|j|☆flamesjefferyx
|t:|1779817656
|gametype|singles
|player|p1|Maxxxxilla|alder|1350
|player|p2|flamesjefferyx|zinnia|1324
|gen|9
|tier|[Gen 9] OU
|rated|
|rule|HP Percentage Mod: HP is shown in percentages
|rule|Endless Battle Clause: Forcing endless battles is banned
|rule|Species Clause: Limit one of each Pokémon
|rule|OHKO Clause: OHKO moves are banned
|rule|Evasion Items Clause: Evasion items are banned
|rule|Evasion Moves Clause: Evasion moves are banned
|rule|Evasion Abilities Clause: Evasion abilities are banned
|rule|Sleep Moves Clause: Sleep-inducing moves are banned
|clearpoke
|poke|p1|Pelipper, F|
|poke|p1|Barraskewda, M|
|poke|p1|Raging Bolt|
|poke|p1|Zapdos|
|poke|p1|Dragonite, M|
|poke|p1|Kingdra, F|
|poke|p2|Pelipper, M|
|poke|p2|Raging Bolt|
|poke|p2|Overqwil, M|
|poke|p2|Iron Treads|
|poke|p2|Kingambit, M|
|poke|p2|Kingdra, M|
|teampreview
|inactive|Battle timer is ON: inactive players will automatically lose when time's up. (requested by flamesjefferyx)
|inactive|flamesjefferyx has 120 seconds left.
|
|t:|1779817702
|teamsize|p1|6
|teamsize|p2|6
|start
|switch|p1a: Zapdos|Zapdos|100/100
|switch|p2a: rabbit|Raging Bolt|100/100
|-enditem|p2a: rabbit|Booster Energy
|-activate|p2a: rabbit|ability: Protosynthesis|[fromitem]
|-start|p2a: rabbit|protosynthesisspa
|turn|1
|
|t:|1779817716
|move|p1a: Zapdos|Volt Switch|p2a: rabbit
|-resisted|p2a: rabbit
|-damage|p2a: rabbit|93/100
|
|t:|1779817733
|switch|p1a: Kingdra|Kingdra, F|100/100|[from] Volt Switch
|move|p2a: rabbit|Thunder|p1a: Kingdra|[miss]
|-miss|p2a: rabbit|p1a: Kingdra
|
|upkeep
|turn|2
|
|t:|1779817740
|-terastallize|p2a: rabbit|Fairy
|move|p1a: Kingdra|Draco Meteor|p2a: rabbit
|-immune|p2a: rabbit
|move|p2a: rabbit|Thunder|p1a: Kingdra
|-damage|p1a: Kingdra|0 fnt
|faint|p1a: Kingdra
|
|upkeep
|inactive|Maxxxxilla has 120 seconds left.
|
|t:|1779817769
|switch|p1a: Pelipper|Pelipper, F|100/100
|-weather|RainDance|[from] ability: Drizzle|[of] p1a: Pelipper
|turn|3
|inactive|Maxxxxilla has 120 seconds left.
|inactive|flamesjefferyx has 120 seconds left.
|
|t:|1779817822
|-terastallize|p1a: Pelipper|Ground
|move|p2a: rabbit|Thunder|p1a: Pelipper
|-immune|p1a: Pelipper
|move|p1a: Pelipper|Surf|p2a: rabbit
|-damage|p2a: rabbit|35/100
|
|-weather|RainDance|[upkeep]
|upkeep
|turn|4
|
|t:|1779817840
|move|p2a: rabbit|Weather Ball|p1a: Pelipper
|-supereffective|p1a: Pelipper
|-damage|p1a: Pelipper|0 fnt
|faint|p1a: Pelipper
|
|-weather|RainDance|[upkeep]
|upkeep
|
|t:|1779817845
|switch|p1a: Barraskewda|Barraskewda, M|100/100
|turn|5
|inactive|flamesjefferyx has 120 seconds left.
|
|t:|1779817869
|move|p1a: Barraskewda|Liquidation|p2a: rabbit
|-crit|p2a: rabbit
|-damage|p2a: rabbit|0 fnt
|faint|p2a: rabbit
|-end|p2a: rabbit|Protosynthesis|[silent]
|
|-weather|RainDance|[upkeep]
|upkeep
|
|t:|1779817877
|switch|p2a: gay|Kingdra, M|100/100
|turn|6
|
|t:|1779817890
|switch|p1a: Zapdos|Zapdos|100/100
|move|p2a: gay|Weather Ball|p1a: Zapdos
|-damage|p1a: Zapdos|0 fnt
|faint|p1a: Zapdos
|
|-weather|RainDance|[upkeep]
|upkeep
|inactive|Maxxxxilla has 120 seconds left.
|
|t:|1779817912
|switch|p1a: Raging Bolt|Raging Bolt|100/100
|-enditem|p1a: Raging Bolt|Booster Energy
|-activate|p1a: Raging Bolt|ability: Protosynthesis|[fromitem]
|-start|p1a: Raging Bolt|protosynthesisspa
|turn|7
|
|t:|1779817915
|switch|p2a: man|Iron Treads|100/100
|-enditem|p2a: man|Booster Energy
|-activate|p2a: man|ability: Quark Drive|[fromitem]
|-start|p2a: man|quarkdrivespe
|move|p1a: Raging Bolt|Thunder|p2a: man
|-immune|p2a: man
|
|-weather|RainDance|[upkeep]
|upkeep
|turn|8
|
|t:|1779817919
|move|p2a: man|Earth Power|p1a: Raging Bolt
|-supereffective|p1a: Raging Bolt
|-damage|p1a: Raging Bolt|46/100
|move|p1a: Raging Bolt|Weather Ball|p2a: man
|-supereffective|p2a: man
|-damage|p2a: man|0 fnt
|faint|p2a: man
|-end|p2a: man|Quark Drive|[silent]
|
|-weather|RainDance|[upkeep]
|upkeep
|inactive|flamesjefferyx has 120 seconds left.
|
|t:|1779817939
|switch|p2a: woman|Kingambit, M, shiny|100/100
|-activate|p2a: woman|ability: Supreme Overlord
|-start|p2a: woman|fallen2|[silent]
|turn|9
|
|t:|1779817963
|move|p1a: Raging Bolt|Thunder|p2a: woman
|-damage|p2a: woman|22/100
|move|p2a: woman|Kowtow Cleave|p1a: Raging Bolt
|-crit|p1a: Raging Bolt
|-damage|p1a: Raging Bolt|0 fnt
|faint|p1a: Raging Bolt
|-end|p1a: Raging Bolt|Protosynthesis|[silent]
|
|-weather|RainDance|[upkeep]
|-heal|p2a: woman|29/100|[from] item: Leftovers
|upkeep
|
|t:|1779817970
|switch|p1a: Barraskewda|Barraskewda, M|100/100
|turn|10
|
|t:|1779817974
|move|p2a: woman|Sucker Punch|p1a: Barraskewda
|-damage|p1a: Barraskewda|4/100
|move|p1a: Barraskewda|Close Combat|p2a: woman
|-supereffective|p2a: woman
|-damage|p2a: woman|0 fnt
|-unboost|p1a: Barraskewda|def|1
|-unboost|p1a: Barraskewda|spd|1
|faint|p2a: woman
|-end|p2a: woman|fallen2|[silent]
|
|-weather|none
|upkeep
|
|t:|1779817983
|switch|p2a: dog|Overqwil, M|100/100
|turn|11
|
|t:|1779817986
|move|p1a: Barraskewda|Close Combat|p2a: dog
|-damage|p2a: dog|31/100
|-unboost|p1a: Barraskewda|def|1
|-unboost|p1a: Barraskewda|spd|1
|move|p2a: dog|Crunch|p1a: Barraskewda
|-damage|p1a: Barraskewda|0 fnt
|faint|p1a: Barraskewda
|-damage|p2a: dog|21/100|[from] item: Life Orb
|
|upkeep
|
|t:|1779817989
|switch|p1a: Dragonite|Dragonite, M|100/100
|turn|12
|
|t:|1779817999
|move|p2a: dog|Gunk Shot|p1a: Dragonite
|-damage|p1a: Dragonite|58/100
|-status|p1a: Dragonite|psn
|-damage|p2a: dog|12/100|[from] item: Life Orb
|move|p1a: Dragonite|Dragon Dance|p1a: Dragonite
|-boost|p1a: Dragonite|atk|1
|-boost|p1a: Dragonite|spe|1
|
|-damage|p1a: Dragonite|46/100 psn|[from] psn
|upkeep
|turn|13
|
|t:|1779818005
|move|p1a: Dragonite|Dragon Dance|p1a: Dragonite
|-boost|p1a: Dragonite|atk|1
|-boost|p1a: Dragonite|spe|1
|move|p2a: dog|Crunch|p1a: Dragonite
|-damage|p1a: Dragonite|0 fnt
|faint|p1a: Dragonite
|-damage|p2a: dog|2/100|[from] item: Life Orb
|
|win|flamesjefferyx
|raw|Maxxxxilla's rating: 1350 &rarr; <strong>1329</strong><br />(-21 for losing)
|raw|flamesjefferyx's rating: 1324 &rarr; <strong>1345</strong><br />(+21 for winning)
|l|☆Maxxxxilla
|player|p1|
|c|☆flamesjefferyx|?
|c|☆flamesjefferyx|LOL
