|j|☆AllHailDudunsparce
|j|☆pokerimestari
|inactive|Battle timer is ON: inactive players will automatically lose when time's up.
|t:|1779825269
|gametype|singles
|player|p1|AllHailDudunsparce|elesa-masters|
|player|p2|pokerimestari|265|
|gen|9
|tier|[Gen 9] OU
|rated|Tournament battle
|rule|HP Percentage Mod: HP is shown in percentages
|rule|Endless Battle Clause: Forcing endless battles is banned
|rule|Species Clause: Limit one of each Pokémon
|rule|OHKO Clause: OHKO moves are banned
|rule|Evasion Items Clause: Evasion items are banned
|rule|Evasion Moves Clause: Evasion moves are banned
|rule|Evasion Abilities Clause: Evasion abilities are banned
|rule|Sleep Moves Clause: Sleep-inducing moves are banned
|raw|<div class="infobox"><details class="readmore" open><summary><strong>1 custom rule:</strong></summary> + Tera Blast</details></div>
|clearpoke
|poke|p1|Litleo, M|
|poke|p1|Floette-White, F|
|poke|p1|Corviknight, F|
|poke|p2|Zebstrika, M|
|poke|p2|Greedent, F|
|poke|p2|Fletchling, F|
|teampreview
|j|*Lady Monita 
|inactive|AllHailDudunsparce also wants the timer to be on.
|
|t:|1779825278
|teamsize|p1|3
|teamsize|p2|3
|start
|switch|p1a: Litleo|Litleo, M|100/100
|switch|p2a: Zebstrika|Zebstrika, M|100/100
|-ability|p1a: Litleo|Unnerve
|turn|1
|
|t:|1779825287
|move|p2a: Zebstrika|Volt Switch|p1a: Litleo
|-damage|p1a: Litleo|63/100
|-damage|p2a: Zebstrika|91/100|[from] item: Life Orb
|
|t:|1779825301
|switch|p2a: Fletchling|Fletchling, F|100/100|[from] Volt Switch
|move|p1a: Litleo|Fire Blast|p2a: Fletchling|[miss]
|-miss|p1a: Litleo|p2a: Fletchling
|
|upkeep
|turn|2
|
|t:|1779825315
|move|p2a: Fletchling|Swords Dance|p2a: Fletchling
|-boost|p2a: Fletchling|atk|2
|move|p1a: Litleo|Fire Blast|p2a: Fletchling
|-damage|p2a: Fletchling|0 fnt
|faint|p2a: Fletchling
|
|upkeep
|
|t:|1779825331
|switch|p2a: Greedent|Greedent, F|100/100
|turn|3
|
|t:|1779825343
|move|p1a: Litleo|Fire Blast|p2a: Greedent
|-damage|p2a: Greedent|61/100
|move|p2a: Greedent|Earthquake|p1a: Litleo
|-supereffective|p1a: Litleo
|-damage|p1a: Litleo|0 fnt
|faint|p1a: Litleo
|
|upkeep
|
|t:|1779825345
|switch|p1a: Corviknight|Corviknight, F|100/100
|turn|4
|
|t:|1779825350
|switch|p2a: Zebstrika|Zebstrika, M|91/100
|move|p1a: Corviknight|Body Press|p2a: Zebstrika
|-damage|p2a: Zebstrika|56/100
|
|upkeep
|turn|5
|
|t:|1779825355
|switch|p1a: Floette|Floette-White, F|100/100
|move|p2a: Zebstrika|Thunderbolt|p1a: Floette
|-damage|p1a: Floette|66/100
|-damage|p2a: Zebstrika|46/100|[from] item: Life Orb
|
|upkeep
|turn|6
|
|t:|1779825359
|-terastallize|p1a: Floette|Ground
|move|p2a: Zebstrika|Volt Switch|p1a: Floette
|-immune|p1a: Floette
|move|p1a: Floette|Tera Blast|p2a: Zebstrika|[anim] Tera Blast Ground
|-supereffective|p2a: Zebstrika
|-damage|p2a: Zebstrika|0 fnt
|faint|p2a: Zebstrika
|
|upkeep
|
|t:|1779825362
|switch|p2a: Greedent|Greedent, F|61/100
|turn|7
|
|t:|1779825373
|move|p1a: Floette|Moonblast|p2a: Greedent
|-damage|p2a: Greedent|23/100
|-enditem|p2a: Greedent|Sitrus Berry|[eat]
|-heal|p2a: Greedent|48/100|[from] item: Sitrus Berry
|-heal|p2a: Greedent|81/100|[from] ability: Cheek Pouch
|move|p2a: Greedent|Facade|p1a: Floette
|-damage|p1a: Floette|22/100
|
|upkeep
|turn|8
|
|t:|1779825378
|move|p1a: Floette|Synthesis|p1a: Floette
|-heal|p1a: Floette|72/100
|move|p2a: Greedent|Facade|p1a: Floette
|-damage|p1a: Floette|28/100
|
|upkeep
|turn|9
|
|t:|1779825385
|switch|p1a: Corviknight|Corviknight, F|100/100
|move|p2a: Greedent|Belly Drum|p2a: Greedent
|-damage|p2a: Greedent|31/100
|-setboost|p2a: Greedent|atk|6|[from] move: Belly Drum
|
|upkeep
|turn|10
|
|t:|1779825394
|move|p1a: Corviknight|Body Press|p2a: Greedent
|-supereffective|p2a: Greedent
|-damage|p2a: Greedent|0 fnt
|faint|p2a: Greedent
|
|win|AllHailDudunsparce
|n|☆AllHailDudunsparce|allhaildudunsparce
|n|☆pokerimestari|pokerimestari
|n|*Lady Monita |ladymonita
|l|*Lady Monita 
|c|☆pokerimestari|gg
|c|☆AllHailDudunsparce|gg
