|j|☆claudechamp
|j|☆Kichimura Washuu
|t:|1779837360
|gametype|singles
|player|p1|claudechamp|265|1239
|player|p2|Kichimura Washuu|clerk|1261
|gen|9
|tier|[Gen 9] OU
|rated|
|rule|HP Percentage Mod: HP is shown in percentages
|rule|Endless Battle Clause: Forcing endless battles is banned
|rule|Species Clause: Limit one of each Pokémon
|rule|OHKO Clause: OHKO moves are banned
|rule|Evasion Items Clause: Evasion items are banned
|rule|Evasion Moves Clause: Evasion moves are banned
|rule|Evasion Abilities Clause: Evasion abilities are banned
|rule|Sleep Moves Clause: Sleep-inducing moves are banned
|clearpoke
|poke|p1|Corviknight, F|
|poke|p1|Ting-Lu|
|poke|p1|Kyurem|
|poke|p1|Dondozo, M|
|poke|p1|Slowking-Galar, M|
|poke|p1|Cinderace, F|
|poke|p2|Conkeldurr, M|
|poke|p2|Zapdos|
|poke|p2|Dondozo, M|
|poke|p2|Clefable, M|
|poke|p2|Dragapult, M|
|poke|p2|Corviknight, M|
|teampreview
|c|☆claudechamp|hf
|inactive|Battle timer is ON: inactive players will automatically lose when time's up. (requested by claudechamp)
|
|t:|1779837387
|teamsize|p1|6
|teamsize|p2|6
|start
|switch|p1a: Cinderace|Cinderace, F|100/100
|switch|p2a: Dragapult|Dragapult, M|100/100
|turn|1
|
|t:|1779837390
|move|p2a: Dragapult|Will-O-Wisp|p1a: Cinderace
|-immune|p1a: Cinderace
|move|p1a: Cinderace|Pyro Ball|p2a: Dragapult
|-resisted|p2a: Dragapult
|-damage|p2a: Dragapult|68/100
|
|upkeep
|turn|2
|
|t:|1779837400
|-terastallize|p2a: Dragapult|Dark
|move|p2a: Dragapult|Sucker Punch|p1a: Cinderace
|-damage|p1a: Cinderace|45/100
|-damage|p2a: Dragapult|59/100|[from] item: Life Orb
|move|p1a: Cinderace|Pyro Ball|p2a: Dragapult
|-damage|p2a: Dragapult|0 fnt
|faint|p2a: Dragapult
|
|upkeep
|
|t:|1779837410
|switch|p2a: Zapdos|Zapdos|100/100
|-ability|p2a: Zapdos|Pressure
|turn|3
|
|t:|1779837414
|switch|p1a: Kyurem|Kyurem|100/100
|-ability|p1a: Kyurem|Pressure
|move|p2a: Zapdos|Thunder|p1a: Kyurem
|-resisted|p1a: Kyurem
|-damage|p1a: Kyurem|75/100
|
|-heal|p1a: Kyurem|81/100|[from] item: Leftovers
|upkeep
|turn|4
|
|t:|1779837424
|switch|p2a: Conkeldurr|Conkeldurr, M|100/100
|move|p1a: Kyurem|Freeze-Dry|p2a: Conkeldurr
|-damage|p2a: Conkeldurr|58/100
|
|-heal|p1a: Kyurem|87/100|[from] item: Leftovers
|-status|p2a: Conkeldurr|brn|[from] item: Flame Orb
|upkeep
|turn|5
|
|t:|1779837433
|move|p1a: Kyurem|Freeze-Dry|p2a: Conkeldurr
|-damage|p2a: Conkeldurr|18/100 brn
|move|p2a: Conkeldurr|Close Combat|p1a: Kyurem
|-supereffective|p1a: Kyurem
|-damage|p1a: Kyurem|0 fnt
|-unboost|p2a: Conkeldurr|def|1
|-unboost|p2a: Conkeldurr|spd|1
|faint|p1a: Kyurem
|
|-damage|p2a: Conkeldurr|12/100 brn|[from] brn
|upkeep
|
|t:|1779837438
|switch|p1a: Cinderace|Cinderace, F|45/100
|turn|6
|
|t:|1779837441
|switch|p2a: Dondozo|Dondozo, M|100/100
|move|p1a: Cinderace|Pyro Ball|p2a: Dondozo
|-resisted|p2a: Dondozo
|-damage|p2a: Dondozo|89/100
|-status|p2a: Dondozo|brn
|
|-heal|p2a: Dondozo|95/100 brn|[from] item: Leftovers
|-damage|p2a: Dondozo|89/100 brn|[from] brn
|upkeep
|turn|7
|
|t:|1779837455
|switch|p1a: Slowking|Slowking-Galar, M|100/100
|move|p2a: Dondozo|Curse|p2a: Dondozo
|-unboost|p2a: Dondozo|spe|1
|-boost|p2a: Dondozo|atk|1
|-boost|p2a: Dondozo|def|1
|
|-heal|p2a: Dondozo|95/100 brn|[from] item: Leftovers
|-damage|p2a: Dondozo|89/100 brn|[from] brn
|upkeep
|turn|8
|
|t:|1779837467
|switch|p2a: Corviknight|Corviknight, M|100/100
|-ability|p2a: Corviknight|Pressure
|move|p1a: Slowking|Future Sight|p2a: Corviknight
|-start|p1a: Slowking|move: Future Sight
|
|upkeep
|turn|9
|
|t:|1779837476
|move|p2a: Corviknight|U-turn|p1a: Slowking
|-damage|p1a: Slowking|90/100
|
|t:|1779837491
|switch|p2a: Conkeldurr|Conkeldurr, M|12/100 brn|[from] U-turn
|move|p1a: Slowking|Ice Beam|p2a: Conkeldurr
|-damage|p2a: Conkeldurr|0 fnt
|faint|p2a: Conkeldurr
|
|upkeep
|
|t:|1779837495
|switch|p2a: Clefable|Clefable, M|100/100
|turn|10
|
|t:|1779837502
|move|p2a: Clefable|Calm Mind|p2a: Clefable
|-boost|p2a: Clefable|spa|1
|-boost|p2a: Clefable|spd|1
|move|p1a: Slowking|Ice Beam|p2a: Clefable
|-damage|p2a: Clefable|90/100
|
|-end|p2a: Clefable|move: Future Sight
|-damage|p2a: Clefable|69/100
|upkeep
|turn|11
|
|t:|1779837514
|move|p2a: Clefable|Moonblast|p1a: Slowking
|-resisted|p1a: Slowking
|-damage|p1a: Slowking|66/100
|move|p1a: Slowking|Future Sight|p2a: Clefable
|-start|p1a: Slowking|move: Future Sight
|
|upkeep
|turn|12
|
|t:|1779837524
|move|p2a: Clefable|Calm Mind|p2a: Clefable
|-boost|p2a: Clefable|spa|1
|-boost|p2a: Clefable|spd|1
|move|p1a: Slowking|Sludge Bomb|p2a: Clefable
|-supereffective|p2a: Clefable
|-damage|p2a: Clefable|46/100
|-status|p2a: Clefable|psn
|
|upkeep
|turn|13
|
|t:|1779837539
|move|p2a: Clefable|Moonlight|p2a: Clefable
|-heal|p2a: Clefable|96/100 psn
|move|p1a: Slowking|Ice Beam|p2a: Clefable
|-damage|p2a: Clefable|89/100 psn
|
|-end|p2a: Clefable|move: Future Sight
|-damage|p2a: Clefable|73/100 psn
|upkeep
|turn|14
|
|t:|1779837562
|switch|p1a: Cinderace|Cinderace, F|45/100
|move|p2a: Clefable|Psyshock|p1a: Cinderace
|-damage|p1a: Cinderace|0 fnt
|faint|p1a: Cinderace
|
|upkeep
|
|t:|1779837574
|switch|p1a: Dondozo|Dondozo, M|100/100
|turn|15
|
|t:|1779837585
|move|p2a: Clefable|Moonlight|p2a: Clefable
|-heal|p2a: Clefable|100/100 psn
|move|p1a: Dondozo|Waterfall|p2a: Clefable
|-damage|p2a: Clefable|70/100 psn
|
|upkeep
|turn|16
|
|t:|1779837596
|move|p2a: Clefable|Moonblast|p1a: Dondozo
|-damage|p1a: Dondozo|76/100
|move|p1a: Dondozo|Waterfall|p2a: Clefable
|-damage|p2a: Clefable|38/100 psn
|
|-heal|p1a: Dondozo|82/100|[from] item: Leftovers
|upkeep
|turn|17
|
|t:|1779837603
|switch|p1a: Slowking|Slowking-Galar, M|99/100
|move|p2a: Clefable|Moonlight|p2a: Clefable
|-heal|p2a: Clefable|88/100 psn
|
|upkeep
|turn|18
|
|t:|1779837619
|move|p2a: Clefable|Psyshock|p1a: Slowking
|-damage|p1a: Slowking|64/100
|move|p1a: Slowking|Future Sight|p2a: Clefable
|-start|p1a: Slowking|move: Future Sight
|
|upkeep
|turn|19
|
|t:|1779837631
|switch|p1a: Dondozo|Dondozo, M|82/100
|move|p2a: Clefable|Psyshock|p1a: Dondozo
|-damage|p1a: Dondozo|69/100
|
|-heal|p1a: Dondozo|75/100|[from] item: Leftovers
|upkeep
|turn|20
|
|t:|1779837644
|switch|p2a: Zapdos|Zapdos|100/100
|-ability|p2a: Zapdos|Pressure
|move|p1a: Dondozo|Waterfall|p2a: Zapdos
|-damage|p2a: Zapdos|65/100
|
|-end|p2a: Zapdos|move: Future Sight
|-damage|p2a: Zapdos|14/100
|-heal|p1a: Dondozo|81/100|[from] item: Leftovers
|upkeep
|turn|21
|
|t:|1779837654
|switch|p1a: Ting-Lu|Ting-Lu|100/100
|-ability|p1a: Ting-Lu|Vessel of Ruin
|move|p2a: Zapdos|Thunder|p1a: Ting-Lu
|-immune|p1a: Ting-Lu
|
|upkeep
|turn|22
|
|t:|1779837667
|switch|p2a: Clefable|Clefable, M|88/100 psn
|move|p1a: Ting-Lu|Payback|p2a: Clefable
|-resisted|p2a: Clefable
|-damage|p2a: Clefable|77/100 psn
|
|upkeep
|turn|23
|
|t:|1779837681
|move|p2a: Clefable|Moonblast|p1a: Ting-Lu
|-supereffective|p1a: Ting-Lu
|-damage|p1a: Ting-Lu|66/100
|move|p1a: Ting-Lu|Earthquake|p2a: Clefable
|-damage|p2a: Clefable|34/100 psn
|
|-heal|p1a: Ting-Lu|72/100|[from] item: Leftovers
|upkeep
|turn|24
|
|t:|1779837695
|move|p2a: Clefable|Moonlight|p2a: Clefable
|-heal|p2a: Clefable|84/100 psn
|move|p1a: Ting-Lu|Earthquake|p2a: Clefable
|-damage|p2a: Clefable|41/100 psn
|
|-heal|p1a: Ting-Lu|78/100|[from] item: Leftovers
|upkeep
|turn|25
|
|t:|1779837706
|switch|p1a: Slowking|Slowking-Galar, M|97/100
|move|p2a: Clefable|Moonblast|p1a: Slowking
|-resisted|p1a: Slowking
|-damage|p1a: Slowking|81/100
|-unboost|p1a: Slowking|spa|1
|
|upkeep
|turn|26
|inactive|Kichimura Washuu has 120 seconds left.
|inactive|Kichimura Washuu has 90 seconds left.
|inactive|Kichimura Washuu has 60 seconds left.
|
|t:|1779837801
|move|p2a: Clefable|Moonlight|p2a: Clefable
|-heal|p2a: Clefable|91/100 psn
|move|p1a: Slowking|Sludge Bomb|p2a: Clefable
|-supereffective|p2a: Clefable
|-damage|p2a: Clefable|59/100 psn
|
|upkeep
|turn|27
|
|t:|1779837807
|move|p2a: Clefable|Moonlight|p2a: Clefable
|-heal|p2a: Clefable|100/100 psn
|move|p1a: Slowking|Sludge Bomb|p2a: Clefable
|-supereffective|p2a: Clefable
|-damage|p2a: Clefable|69/100 psn
|
|upkeep
|turn|28
|
|t:|1779837816
|move|p2a: Clefable|Moonblast|p1a: Slowking
|-resisted|p1a: Slowking
|-damage|p1a: Slowking|66/100
|move|p1a: Slowking|Future Sight|p2a: Clefable
|-start|p1a: Slowking|move: Future Sight
|
|upkeep
|turn|29
|
|t:|1779837821
|move|p2a: Clefable|Calm Mind|p2a: Clefable
|-boost|p2a: Clefable|spa|1
|-boost|p2a: Clefable|spd|1
|-prepare|p1a: Slowking|Chilly Reception|[premajor]
|move|p1a: Slowking|Chilly Reception|p1a: Slowking
|-weather|Snowscape
|
|t:|1779837830
|switch|p1a: Dondozo|Dondozo, M|81/100|[from] Chilly Reception
|
|-weather|Snowscape|[upkeep]
|-heal|p1a: Dondozo|87/100|[from] item: Leftovers
|upkeep
|turn|30
|inactive|Kichimura Washuu has 90 seconds left.
|inactive|Kichimura Washuu has 60 seconds left.
|
|t:|1779837886
|switch|p2a: Corviknight|Corviknight, M|100/100
|-ability|p2a: Corviknight|Pressure
|move|p1a: Dondozo|Waterfall|p2a: Corviknight
|-damage|p2a: Corviknight|84/100
|
|-weather|Snowscape|[upkeep]
|-end|p2a: Corviknight|move: Future Sight
|-resisted|p2a: Corviknight
|-damage|p2a: Corviknight|61/100
|-heal|p2a: Corviknight|67/100|[from] item: Leftovers
|-heal|p1a: Dondozo|93/100|[from] item: Leftovers
|upkeep
|turn|31
|
|t:|1779837898
|move|p2a: Corviknight|U-turn|p1a: Dondozo
|-damage|p1a: Dondozo|84/100
|
|t:|1779837901
|switch|p2a: Dondozo|Dondozo, M|89/100 brn|[from] U-turn
|move|p1a: Dondozo|Curse|p1a: Dondozo
|-unboost|p1a: Dondozo|spe|1
|-boost|p1a: Dondozo|atk|1
|-boost|p1a: Dondozo|def|1
|
|-weather|Snowscape|[upkeep]
|-heal|p2a: Dondozo|95/100 brn|[from] item: Leftovers
|-heal|p1a: Dondozo|91/100|[from] item: Leftovers
|-damage|p2a: Dondozo|89/100 brn|[from] brn
|upkeep
|turn|32
|
|t:|1779837909
|move|p2a: Dondozo|Curse|p2a: Dondozo
|-unboost|p2a: Dondozo|spe|1
|-boost|p2a: Dondozo|atk|1
|-boost|p2a: Dondozo|def|1
|move|p1a: Dondozo|Waterfall|p2a: Dondozo
|-resisted|p2a: Dondozo
|-damage|p2a: Dondozo|82/100 brn
|
|-weather|Snowscape|[upkeep]
|-heal|p2a: Dondozo|89/100 brn|[from] item: Leftovers
|-heal|p1a: Dondozo|97/100|[from] item: Leftovers
|-damage|p2a: Dondozo|82/100 brn|[from] brn
|upkeep
|turn|33
|inactive|Kichimura Washuu has 60 seconds left.
|
|t:|1779837922
|move|p2a: Dondozo|Curse|p2a: Dondozo
|-unboost|p2a: Dondozo|spe|1
|-boost|p2a: Dondozo|atk|1
|-boost|p2a: Dondozo|def|1
|move|p1a: Dondozo|Body Press|p2a: Dondozo
|-damage|p2a: Dondozo|74/100 brn
|
|-weather|none
|-heal|p1a: Dondozo|100/100|[from] item: Leftovers
|-heal|p2a: Dondozo|80/100 brn|[from] item: Leftovers
|-damage|p2a: Dondozo|74/100 brn|[from] brn
|upkeep
|turn|34
|inactive|Kichimura Washuu has 60 seconds left.
|
|t:|1779837933
|switch|p1a: Slowking|Slowking-Galar, M|99/100
|move|p2a: Dondozo|Curse|p2a: Dondozo
|-unboost|p2a: Dondozo|spe|1
|-boost|p2a: Dondozo|atk|1
|-boost|p2a: Dondozo|def|1
|
|-heal|p2a: Dondozo|80/100 brn|[from] item: Leftovers
|-damage|p2a: Dondozo|74/100 brn|[from] brn
|upkeep
|turn|35
|inactive|Kichimura Washuu has 60 seconds left.
|
|t:|1779837948
|move|p1a: Slowking|Future Sight|p2a: Dondozo
|-start|p1a: Slowking|move: Future Sight
|move|p2a: Dondozo|Rest|p2a: Dondozo
|-status|p2a: Dondozo|slp|[from] move: Rest
|-heal|p2a: Dondozo|100/100 slp|[silent]
|
|upkeep
|turn|36
|
|t:|1779837956
|move|p1a: Slowking|Sludge Bomb|p2a: Dondozo
|-damage|p2a: Dondozo|70/100 slp
|cant|p2a: Dondozo|slp
|move|p2a: Dondozo|Sleep Talk|p2a: Dondozo
|move|p2a: Dondozo|Wave Crash|p1a: Slowking|[from] move: Sleep Talk
|-damage|p1a: Slowking|29/100
|-damage|p2a: Dondozo|52/100 slp|[from] Recoil
|
|-heal|p2a: Dondozo|58/100 slp|[from] item: Leftovers
|upkeep
|turn|37
|
|t:|1779837968
|switch|p2a: Corviknight|Corviknight, M|67/100
|-ability|p2a: Corviknight|Pressure
|move|p1a: Slowking|Sludge Bomb|p2a: Corviknight
|-immune|p2a: Corviknight
|
|-end|p2a: Corviknight|move: Future Sight
|-resisted|p2a: Corviknight
|-damage|p2a: Corviknight|47/100
|-heal|p2a: Corviknight|53/100|[from] item: Leftovers
|upkeep
|turn|38
|
|t:|1779837977
|move|p2a: Corviknight|Brave Bird|p1a: Slowking
|-damage|p1a: Slowking|3/100
|-damage|p2a: Corviknight|45/100|[from] Recoil
|move|p1a: Slowking|Future Sight|p2a: Corviknight
|-start|p1a: Slowking|move: Future Sight
|
|-heal|p2a: Corviknight|51/100|[from] item: Leftovers
|upkeep
|turn|39
|
|t:|1779837994
|switch|p1a: Corviknight|Corviknight, F|100/100
|-ability|p1a: Corviknight|Pressure
|move|p2a: Corviknight|Roost|p2a: Corviknight
|-heal|p2a: Corviknight|100/100
|-singleturn|p2a: Corviknight|move: Roost
|
|upkeep
|turn|40
|
|t:|1779837999
|move|p2a: Corviknight|Brave Bird|p1a: Corviknight
|-resisted|p1a: Corviknight
|-damage|p1a: Corviknight|90/100
|-damage|p2a: Corviknight|84/100|[from] item: Rocky Helmet|[of] p1a: Corviknight
|-damage|p2a: Corviknight|80/100|[from] Recoil
|move|p1a: Corviknight|U-turn|p2a: Corviknight
|-resisted|p2a: Corviknight
|-damage|p2a: Corviknight|78/100
|
|t:|1779838008
|switch|p1a: Slowking|Slowking-Galar, M|37/100|[from] U-turn
|
|-end|p2a: Corviknight|move: Future Sight
|-resisted|p2a: Corviknight
|-damage|p2a: Corviknight|57/100
|-heal|p2a: Corviknight|63/100|[from] item: Leftovers
|upkeep
|turn|41
|inactive|Kichimura Washuu has 90 seconds left.
|
|t:|1779838020
|move|p2a: Corviknight|Brave Bird|p1a: Slowking
|-damage|p1a: Slowking|10/100
|-damage|p2a: Corviknight|55/100|[from] Recoil
|move|p1a: Slowking|Future Sight|p2a: Corviknight
|-start|p1a: Slowking|move: Future Sight
|
|-heal|p2a: Corviknight|61/100|[from] item: Leftovers
|upkeep
|turn|42
|
|t:|1779838036
|switch|p1a: Corviknight|Corviknight, F|90/100
|-ability|p1a: Corviknight|Pressure
|move|p2a: Corviknight|U-turn|p1a: Corviknight
|-resisted|p1a: Corviknight
|-crit|p1a: Corviknight
|-damage|p1a: Corviknight|87/100
|-damage|p2a: Corviknight|44/100|[from] item: Rocky Helmet|[of] p1a: Corviknight
|inactive|Kichimura Washuu has 90 seconds left.
|
|t:|1779838063
|switch|p2a: Zapdos|Zapdos|14/100|[from] U-turn
|-ability|p2a: Zapdos|Pressure
|
|upkeep
|turn|43
|
|t:|1779838073
|move|p2a: Zapdos|Hurricane|p1a: Corviknight
|-resisted|p1a: Corviknight
|-damage|p1a: Corviknight|57/100
|move|p1a: Corviknight|U-turn|p2a: Zapdos
|-resisted|p2a: Zapdos
|-damage|p2a: Zapdos|6/100
|
|t:|1779838082
|switch|p1a: Slowking|Slowking-Galar, M|44/100|[from] U-turn
|
|-end|p2a: Zapdos|move: Future Sight
|-damage|p2a: Zapdos|0 fnt
|faint|p2a: Zapdos
|upkeep
|inactive|Kichimura Washuu has 90 seconds left.
|
|t:|1779838099
|switch|p2a: Clefable|Clefable, M|69/100 psn
|turn|44
|
|t:|1779838113
|move|p2a: Clefable|Calm Mind|p2a: Clefable
|-boost|p2a: Clefable|spa|1
|-boost|p2a: Clefable|spd|1
|move|p1a: Slowking|Future Sight|p2a: Clefable
|-start|p1a: Slowking|move: Future Sight
|
|upkeep
|turn|45
|
|t:|1779838125
|move|p2a: Clefable|Calm Mind|p2a: Clefable
|-boost|p2a: Clefable|spa|1
|-boost|p2a: Clefable|spd|1
|move|p1a: Slowking|Sludge Bomb|p2a: Clefable
|-supereffective|p2a: Clefable
|-damage|p2a: Clefable|45/100 psn
|
|upkeep
|turn|46
|
|t:|1779838142
|move|p2a: Clefable|Moonlight|p2a: Clefable
|-heal|p2a: Clefable|95/100 psn
|move|p1a: Slowking|Sludge Bomb|p2a: Clefable
|-supereffective|p2a: Clefable
|-damage|p2a: Clefable|70/100 psn
|
|-end|p2a: Clefable|move: Future Sight
|-damage|p2a: Clefable|56/100 psn
|upkeep
|turn|47
|
|t:|1779838157
|move|p2a: Clefable|Psyshock|p1a: Slowking
|-damage|p1a: Slowking|10/100
|-prepare|p1a: Slowking|Chilly Reception|[premajor]
|move|p1a: Slowking|Chilly Reception|p1a: Slowking
|-weather|Snowscape
|
|t:|1779838172
|switch|p1a: Corviknight|Corviknight, F|57/100|[from] Chilly Reception
|-ability|p1a: Corviknight|Pressure
|
|-weather|Snowscape|[upkeep]
|upkeep
|turn|48
|inactive|Kichimura Washuu has 120 seconds left.
|
|t:|1779838181
|move|p1a: Corviknight|Brave Bird|p2a: Clefable
|-damage|p2a: Clefable|13/100 psn
|-damage|p1a: Corviknight|43/100|[from] Recoil
|move|p2a: Clefable|Moonblast|p1a: Corviknight
|-resisted|p1a: Corviknight
|-damage|p1a: Corviknight|2/100
|
|-weather|Snowscape|[upkeep]
|upkeep
|turn|49
|
|t:|1779838198
|switch|p1a: Dondozo|Dondozo, M|100/100
|switch|p2a: Corviknight|Corviknight, M|44/100
|-ability|p2a: Corviknight|Pressure
|
|-weather|Snowscape|[upkeep]
|-heal|p2a: Corviknight|51/100|[from] item: Leftovers
|upkeep
|turn|50
|
|t:|1779838212
|switch|p1a: Slowking|Slowking-Galar, M|43/100
|move|p2a: Corviknight|Roost|p2a: Corviknight
|-heal|p2a: Corviknight|100/100
|-singleturn|p2a: Corviknight|move: Roost
|
|-weather|Snowscape|[upkeep]
|upkeep
|turn|51
|inactive|Kichimura Washuu has 120 seconds left.
|
|t:|1779838236
|move|p2a: Corviknight|Brave Bird|p1a: Slowking
|-damage|p1a: Slowking|14/100
|-damage|p2a: Corviknight|91/100|[from] Recoil
|-prepare|p1a: Slowking|Chilly Reception|[premajor]
|move|p1a: Slowking|Chilly Reception|p1a: Slowking
|inactive|claudechamp has 120 seconds left.
|
|t:|1779838254
|switch|p1a: Corviknight|Corviknight, F|2/100|[from] Chilly Reception
|-ability|p1a: Corviknight|Pressure
|
|-weather|none
|-heal|p2a: Corviknight|97/100|[from] item: Leftovers
|upkeep
|turn|52
|inactive|claudechamp has 120 seconds left.
|
|t:|1779838272
|move|p2a: Corviknight|Brave Bird|p1a: Corviknight
|-resisted|p1a: Corviknight
|-damage|p1a: Corviknight|0 fnt
|-damage|p2a: Corviknight|81/100|[from] item: Rocky Helmet|[of] p1a: Corviknight
|faint|p1a: Corviknight
|-damage|p2a: Corviknight|80/100|[from] Recoil
|
|-heal|p2a: Corviknight|86/100|[from] item: Leftovers
|upkeep
|
|t:|1779838279
|switch|p1a: Slowking|Slowking-Galar, M|47/100
|turn|53
|
|t:|1779838293
|move|p2a: Corviknight|Brave Bird|p1a: Slowking
|-damage|p1a: Slowking|21/100
|-damage|p2a: Corviknight|78/100|[from] Recoil
|move|p1a: Slowking|Future Sight|p2a: Corviknight
|-start|p1a: Slowking|move: Future Sight
|
|-heal|p2a: Corviknight|84/100|[from] item: Leftovers
|upkeep
|turn|54
|
|t:|1779838306
|switch|p1a: Dondozo|Dondozo, M|100/100
|move|p2a: Corviknight|Brave Bird|p1a: Dondozo
|-damage|p1a: Dondozo|80/100
|-damage|p2a: Corviknight|76/100|[from] Recoil
|
|-heal|p2a: Corviknight|82/100|[from] item: Leftovers
|-heal|p1a: Dondozo|86/100|[from] item: Leftovers
|upkeep
|turn|55
|
|t:|1779838311
|move|p2a: Corviknight|U-turn|p1a: Dondozo
|-damage|p1a: Dondozo|77/100
|
|t:|1779838315
|switch|p2a: Dondozo|Dondozo, M|58/100 slp|[from] U-turn
|move|p1a: Dondozo|Curse|p1a: Dondozo
|-unboost|p1a: Dondozo|spe|1
|-boost|p1a: Dondozo|atk|1
|-boost|p1a: Dondozo|def|1
|
|-end|p2a: Dondozo|move: Future Sight
|-damage|p2a: Dondozo|14/100 slp
|-heal|p2a: Dondozo|20/100 slp|[from] item: Leftovers
|-heal|p1a: Dondozo|83/100|[from] item: Leftovers
|upkeep
|turn|56
|inactive|claudechamp has 120 seconds left.
|
|t:|1779838331
|switch|p1a: Slowking|Slowking-Galar, M|54/100
|cant|p2a: Dondozo|slp
|
|-heal|p2a: Dondozo|26/100 slp|[from] item: Leftovers
|upkeep
|turn|57
|inactive|claudechamp has 120 seconds left.
|
|t:|1779838339
|switch|p2a: Corviknight|Corviknight, M|82/100
|-ability|p2a: Corviknight|Pressure
|move|p1a: Slowking|Sludge Bomb|p2a: Corviknight
|-immune|p2a: Corviknight
|
|-heal|p2a: Corviknight|88/100|[from] item: Leftovers
|upkeep
|turn|58
|inactive|claudechamp has 120 seconds left.
|
|t:|1779838355
|move|p2a: Corviknight|U-turn|p1a: Slowking
|-damage|p1a: Slowking|44/100
|inactive|Kichimura Washuu has 120 seconds left.
|
|t:|1779838414
|switch|p2a: Dondozo|Dondozo, M|26/100 slp|[from] U-turn
|move|p1a: Slowking|Future Sight|p2a: Dondozo
|-start|p1a: Slowking|move: Future Sight
|
|-heal|p2a: Dondozo|32/100 slp|[from] item: Leftovers
|upkeep
|turn|59
|
|t:|1779838424
|switch|p2a: Corviknight|Corviknight, M|88/100
|-ability|p2a: Corviknight|Pressure
|move|p1a: Slowking|Sludge Bomb|p2a: Corviknight
|-immune|p2a: Corviknight
|
|-heal|p2a: Corviknight|94/100|[from] item: Leftovers
|upkeep
|turn|60
|
|t:|1779838436
|switch|p1a: Ting-Lu|Ting-Lu|78/100
|-ability|p1a: Ting-Lu|Vessel of Ruin
|move|p2a: Corviknight|U-turn|p1a: Ting-Lu
|-supereffective|p1a: Ting-Lu
|-damage|p1a: Ting-Lu|61/100
|
|t:|1779838441
|switch|p2a: Clefable|Clefable, M|13/100 psn|[from] U-turn
|
|-end|p2a: Clefable|move: Future Sight
|-damage|p2a: Clefable|0 fnt
|faint|p2a: Clefable
|-heal|p1a: Ting-Lu|68/100|[from] item: Leftovers
|upkeep
|
|t:|1779838444
|switch|p2a: Dondozo|Dondozo, M|32/100 slp
|turn|61
|
|t:|1779838460
|move|p1a: Ting-Lu|Earthquake|p2a: Dondozo
|-damage|p2a: Dondozo|16/100 slp
|-curestatus|p2a: Dondozo|slp|[msg]
|move|p2a: Dondozo|Sleep Talk||[still]
|-fail|p2a: Dondozo
|
|-heal|p1a: Ting-Lu|74/100|[from] item: Leftovers
|-heal|p2a: Dondozo|22/100|[from] item: Leftovers
|upkeep
|turn|62
|
|t:|1779838471
|switch|p1a: Slowking|Slowking-Galar, M|77/100
|move|p2a: Dondozo|Rest|p2a: Dondozo
|-status|p2a: Dondozo|slp|[from] move: Rest
|-heal|p2a: Dondozo|100/100 slp|[silent]
|
|upkeep
|turn|63
|
|t:|1779838484
|switch|p2a: Corviknight|Corviknight, M|94/100
|-ability|p2a: Corviknight|Pressure
|move|p1a: Slowking|Future Sight|p2a: Corviknight
|-start|p1a: Slowking|move: Future Sight
|
|-heal|p2a: Corviknight|100/100|[from] item: Leftovers
|upkeep
|turn|64
|
|t:|1779838492
|switch|p1a: Ting-Lu|Ting-Lu|74/100
|-ability|p1a: Ting-Lu|Vessel of Ruin
|move|p2a: Corviknight|Brave Bird|p1a: Ting-Lu
|-damage|p1a: Ting-Lu|54/100
|-damage|p2a: Corviknight|92/100|[from] Recoil
|
|-heal|p2a: Corviknight|98/100|[from] item: Leftovers
|-heal|p1a: Ting-Lu|61/100|[from] item: Leftovers
|upkeep
|turn|65
|
|t:|1779838500
|move|p2a: Corviknight|U-turn|p1a: Ting-Lu
|-supereffective|p1a: Ting-Lu
|-damage|p1a: Ting-Lu|44/100
|
|t:|1779838503
|switch|p2a: Dondozo|Dondozo, M|100/100 slp|[from] U-turn
|move|p1a: Ting-Lu|Rest|p1a: Ting-Lu
|-status|p1a: Ting-Lu|slp|[from] move: Rest
|-heal|p1a: Ting-Lu|100/100 slp|[silent]
|
|-end|p2a: Dondozo|move: Future Sight
|-damage|p2a: Dondozo|67/100 slp
|-heal|p2a: Dondozo|73/100 slp|[from] item: Leftovers
|upkeep
|turn|66
|
|t:|1779838511
|switch|p1a: Slowking|Slowking-Galar, M|100/100
|cant|p2a: Dondozo|slp
|move|p2a: Dondozo|Sleep Talk|p2a: Dondozo
|move|p2a: Dondozo|Curse|p2a: Dondozo|[from] move: Sleep Talk
|-unboost|p2a: Dondozo|spe|1
|-boost|p2a: Dondozo|atk|1
|-boost|p2a: Dondozo|def|1
|
|-heal|p2a: Dondozo|79/100 slp|[from] item: Leftovers
|upkeep
|turn|67
|
|t:|1779838520
|cant|p2a: Dondozo|slp
|move|p1a: Slowking|Sludge Bomb|p2a: Dondozo
|-damage|p2a: Dondozo|46/100 slp
|
|-heal|p2a: Dondozo|52/100 slp|[from] item: Leftovers
|upkeep
|turn|68
|inactive|Kichimura Washuu has 120 seconds left.
|
|t:|1779838551
|-curestatus|p2a: Dondozo|slp|[msg]
|move|p2a: Dondozo|Sleep Talk||[still]
|-fail|p2a: Dondozo
|move|p1a: Slowking|Sludge Bomb|p2a: Dondozo
|-damage|p2a: Dondozo|19/100
|
|-heal|p2a: Dondozo|25/100|[from] item: Leftovers
|upkeep
|turn|69
|
|t:|1779838564
|switch|p2a: Corviknight|Corviknight, M|98/100
|-ability|p2a: Corviknight|Pressure
|move|p1a: Slowking|Sludge Bomb|p2a: Corviknight
|-immune|p2a: Corviknight
|
|-heal|p2a: Corviknight|100/100|[from] item: Leftovers
|upkeep
|turn|70
|inactive|Kichimura Washuu has 120 seconds left.
|
|t:|1779838584
|switch|p2a: Dondozo|Dondozo, M|25/100
|-prepare|p1a: Slowking|Chilly Reception|[premajor]
|move|p1a: Slowking|Chilly Reception|p1a: Slowking
|-weather|Snowscape
|
|t:|1779838594
|switch|p1a: Dondozo|Dondozo, M|83/100|[from] Chilly Reception
|
|-weather|Snowscape|[upkeep]
|-heal|p2a: Dondozo|31/100|[from] item: Leftovers
|-heal|p1a: Dondozo|90/100|[from] item: Leftovers
|upkeep
|turn|71
|
|t:|1779838605
|move|p2a: Dondozo|Rest|p2a: Dondozo
|-status|p2a: Dondozo|slp|[from] move: Rest
|-heal|p2a: Dondozo|100/100 slp|[silent]
|move|p1a: Dondozo|Waterfall|p2a: Dondozo
|-resisted|p2a: Dondozo
|-damage|p2a: Dondozo|95/100 slp
|
|-weather|Snowscape|[upkeep]
|-heal|p2a: Dondozo|100/100 slp|[from] item: Leftovers
|-heal|p1a: Dondozo|96/100|[from] item: Leftovers
|upkeep
|turn|72
|
|t:|1779838618
|cant|p2a: Dondozo|slp
|move|p2a: Dondozo|Sleep Talk|p2a: Dondozo
|move|p2a: Dondozo|Rest||[from] move: Sleep Talk|[still]
|-fail|p2a: Dondozo
|move|p1a: Dondozo|Waterfall|p2a: Dondozo
|-resisted|p2a: Dondozo
|-damage|p2a: Dondozo|94/100 slp
|
|-weather|Snowscape|[upkeep]
|-heal|p2a: Dondozo|99/100 slp|[from] item: Leftovers
|-heal|p1a: Dondozo|100/100|[from] item: Leftovers
|upkeep
|turn|73
|
|t:|1779838635
|switch|p1a: Slowking|Slowking-Galar, M|100/100
|cant|p2a: Dondozo|slp
|move|p2a: Dondozo|Sleep Talk|p2a: Dondozo
|move|p2a: Dondozo|Wave Crash|p1a: Slowking|[from] move: Sleep Talk
|-damage|p1a: Slowking|72/100
|-damage|p2a: Dondozo|93/100 slp|[from] Recoil
|
|-weather|Snowscape|[upkeep]
|-heal|p2a: Dondozo|99/100 slp|[from] item: Leftovers
|upkeep
|turn|74
|
|t:|1779838649
|-curestatus|p2a: Dondozo|slp|[msg]
|move|p2a: Dondozo|Sleep Talk||[still]
|-fail|p2a: Dondozo
|-prepare|p1a: Slowking|Chilly Reception|[premajor]
|move|p1a: Slowking|Chilly Reception|p1a: Slowking
|
|t:|1779838658
|switch|p1a: Dondozo|Dondozo, M|100/100|[from] Chilly Reception
|
|-weather|none
|-heal|p2a: Dondozo|100/100|[from] item: Leftovers
|upkeep
|turn|75
|
|t:|1779838669
|switch|p2a: Corviknight|Corviknight, M|100/100
|-ability|p2a: Corviknight|Pressure
|move|p1a: Dondozo|Waterfall|p2a: Corviknight
|-damage|p2a: Corviknight|84/100
|
|-heal|p2a: Corviknight|90/100|[from] item: Leftovers
|upkeep
|turn|76
|
|t:|1779838688
|move|p2a: Corviknight|Defog|p1a: Dondozo
|-unboost|p1a: Dondozo|evasion|1
|move|p1a: Dondozo|Curse|p1a: Dondozo
|-unboost|p1a: Dondozo|spe|1
|-boost|p1a: Dondozo|atk|1
|-boost|p1a: Dondozo|def|1
|
|-heal|p2a: Corviknight|96/100|[from] item: Leftovers
|upkeep
|turn|77
|
|t:|1779838710
|move|p2a: Corviknight|U-turn|p1a: Dondozo
|-damage|p1a: Dondozo|95/100
|
|t:|1779838713
|switch|p2a: Dondozo|Dondozo, M|100/100|[from] U-turn
|move|p1a: Dondozo|Curse|p1a: Dondozo
|-unboost|p1a: Dondozo|spe|1
|-boost|p1a: Dondozo|atk|1
|-boost|p1a: Dondozo|def|1
|
|-heal|p1a: Dondozo|100/100|[from] item: Leftovers
|upkeep
|turn|78
|inactive|Kichimura Washuu has 120 seconds left.
|
|t:|1779838733
|move|p2a: Dondozo|Sleep Talk||[still]
|-fail|p2a: Dondozo
|move|p1a: Dondozo|Waterfall|p2a: Dondozo
|-resisted|p2a: Dondozo
|-damage|p2a: Dondozo|95/100
|
|-heal|p2a: Dondozo|100/100|[from] item: Leftovers
|upkeep
|turn|79
|inactive|Kichimura Washuu has 120 seconds left.
|
|t:|1779838747
|move|p2a: Dondozo|Sleep Talk||[still]
|-fail|p2a: Dondozo
|move|p1a: Dondozo|Body Press|p2a: Dondozo
|-damage|p2a: Dondozo|92/100
|
|-heal|p2a: Dondozo|98/100|[from] item: Leftovers
|upkeep
|turn|80
|
|t:|1779838758
|move|p2a: Dondozo|Curse|p2a: Dondozo
|-unboost|p2a: Dondozo|spe|1
|-boost|p2a: Dondozo|atk|1
|-boost|p2a: Dondozo|def|1
|move|p1a: Dondozo|Body Press|p2a: Dondozo
|-damage|p2a: Dondozo|88/100
|
|-heal|p2a: Dondozo|94/100|[from] item: Leftovers
|upkeep
|turn|81
|
|t:|1779838774
|move|p2a: Dondozo|Sleep Talk||[still]
|-fail|p2a: Dondozo
|move|p1a: Dondozo|Waterfall|p2a: Dondozo
|-resisted|p2a: Dondozo
|-damage|p2a: Dondozo|88/100
|
|-heal|p2a: Dondozo|94/100|[from] item: Leftovers
|upkeep
|turn|82
|
|t:|1779838784
|move|p2a: Dondozo|Sleep Talk||[still]
|-fail|p2a: Dondozo
|move|p1a: Dondozo|Body Press|p2a: Dondozo
|-damage|p2a: Dondozo|85/100
|
|-heal|p2a: Dondozo|91/100|[from] item: Leftovers
|upkeep
|turn|83
|
|t:|1779838799
|switch|p2a: Corviknight|Corviknight, M|96/100
|-ability|p2a: Corviknight|Pressure
|move|p1a: Dondozo|Waterfall|p2a: Corviknight
|-damage|p2a: Corviknight|63/100
|
|-heal|p2a: Corviknight|69/100|[from] item: Leftovers
|upkeep
|turn|84
|
|t:|1779838810
|move|p2a: Corviknight|Brave Bird|p1a: Dondozo
|-damage|p1a: Dondozo|90/100
|-damage|p2a: Corviknight|65/100|[from] Recoil
|move|p1a: Dondozo|Curse|p1a: Dondozo
|-unboost|p1a: Dondozo|spe|1
|-boost|p1a: Dondozo|atk|1
|-boost|p1a: Dondozo|def|1
|
|-heal|p2a: Corviknight|71/100|[from] item: Leftovers
|-heal|p1a: Dondozo|96/100|[from] item: Leftovers
|upkeep
|turn|85
|inactive|Kichimura Washuu has 120 seconds left.
|
|t:|1779838861
|move|p2a: Corviknight|Defog|p1a: Dondozo
|-unboost|p1a: Dondozo|evasion|1
|move|p1a: Dondozo|Body Press|p2a: Corviknight
|-damage|p2a: Corviknight|39/100
|
|-heal|p2a: Corviknight|45/100|[from] item: Leftovers
|-heal|p1a: Dondozo|100/100|[from] item: Leftovers
|upkeep
|turn|86
|inactive|Kichimura Washuu has 90 seconds left.
|
|t:|1779838881
|move|p2a: Corviknight|Roost|p2a: Corviknight
|-heal|p2a: Corviknight|95/100
|-singleturn|p2a: Corviknight|move: Roost
|move|p1a: Dondozo|Body Press|p2a: Corviknight
|-supereffective|p2a: Corviknight
|-damage|p2a: Corviknight|31/100
|
|-heal|p2a: Corviknight|37/100|[from] item: Leftovers
|upkeep
|turn|87
|inactive|Kichimura Washuu has 90 seconds left.
|
|t:|1779838893
|move|p2a: Corviknight|Roost|p2a: Corviknight
|-heal|p2a: Corviknight|87/100
|-singleturn|p2a: Corviknight|move: Roost
|move|p1a: Dondozo|Curse|p1a: Dondozo
|-unboost|p1a: Dondozo|spe|1
|-boost|p1a: Dondozo|atk|1
|-boost|p1a: Dondozo|def|1
|
|-heal|p2a: Corviknight|94/100|[from] item: Leftovers
|upkeep
|turn|88
|inactive|Kichimura Washuu has 90 seconds left.
|
|t:|1779838919
|move|p2a: Corviknight|Defog|p1a: Dondozo
|-unboost|p1a: Dondozo|evasion|1
|move|p1a: Dondozo|Body Press|p2a: Corviknight
|-damage|p2a: Corviknight|56/100
|
|-heal|p2a: Corviknight|63/100|[from] item: Leftovers
|upkeep
|turn|89
|
|t:|1779838924
|switch|p2a: Dondozo|Dondozo, M|91/100
|move|p1a: Dondozo|Waterfall|p2a: Dondozo
|-resisted|p2a: Dondozo
|-damage|p2a: Dondozo|85/100
|
|-heal|p2a: Dondozo|92/100|[from] item: Leftovers
|upkeep
|turn|90
|
|t:|1779838932
|switch|p2a: Corviknight|Corviknight, M|63/100
|-ability|p2a: Corviknight|Pressure
|move|p1a: Dondozo|Waterfall|p2a: Corviknight
|-damage|p2a: Corviknight|12/100
|
|-heal|p2a: Corviknight|19/100|[from] item: Leftovers
|upkeep
|turn|91
|
|t:|1779838946
|switch|p2a: Dondozo|Dondozo, M|92/100
|move|p1a: Dondozo|Body Press|p2a: Dondozo
|-damage|p2a: Dondozo|82/100
|
|-heal|p2a: Dondozo|88/100|[from] item: Leftovers
|upkeep
|turn|92
|
|t:|1779838953
|move|p2a: Dondozo|Curse|p2a: Dondozo
|-unboost|p2a: Dondozo|spe|1
|-boost|p2a: Dondozo|atk|1
|-boost|p2a: Dondozo|def|1
|move|p1a: Dondozo|Waterfall|p2a: Dondozo
|-resisted|p2a: Dondozo
|-damage|p2a: Dondozo|82/100
|
|-heal|p2a: Dondozo|88/100|[from] item: Leftovers
|upkeep
|turn|93
|
|t:|1779838968
|move|p2a: Dondozo|Curse|p2a: Dondozo
|-unboost|p2a: Dondozo|spe|1
|-boost|p2a: Dondozo|atk|1
|-boost|p2a: Dondozo|def|1
|move|p1a: Dondozo|Body Press|p2a: Dondozo
|-crit|p2a: Dondozo
|-damage|p2a: Dondozo|76/100
|
|-heal|p2a: Dondozo|82/100|[from] item: Leftovers
|upkeep
|turn|94
|inactive|Kichimura Washuu has 120 seconds left.
|
|t:|1779838980
|move|p2a: Dondozo|Rest|p2a: Dondozo
|-status|p2a: Dondozo|slp|[from] move: Rest
|-heal|p2a: Dondozo|100/100 slp|[silent]
|move|p1a: Dondozo|Body Press|p2a: Dondozo
|-damage|p2a: Dondozo|92/100 slp
|
|-heal|p2a: Dondozo|98/100 slp|[from] item: Leftovers
|upkeep
|turn|95
|inactive|Kichimura Washuu has 120 seconds left.
|
|t:|1779839007
|cant|p2a: Dondozo|slp
|move|p2a: Dondozo|Sleep Talk|p2a: Dondozo
|move|p2a: Dondozo|Rest||[from] move: Sleep Talk|[still]
|-fail|p2a: Dondozo
|move|p1a: Dondozo|Waterfall|p2a: Dondozo
|-resisted|p2a: Dondozo
|-damage|p2a: Dondozo|92/100 slp
|
|-heal|p2a: Dondozo|98/100 slp|[from] item: Leftovers
|upkeep
|turn|96
|
|t:|1779839022
|cant|p2a: Dondozo|slp
|move|p1a: Dondozo|Waterfall|p2a: Dondozo
|-resisted|p2a: Dondozo
|-damage|p2a: Dondozo|92/100 slp
|
|-heal|p2a: Dondozo|98/100 slp|[from] item: Leftovers
|upkeep
|turn|97
|
|t:|1779839032
|-curestatus|p2a: Dondozo|slp|[msg]
|move|p2a: Dondozo|Sleep Talk||[still]
|-fail|p2a: Dondozo
|move|p1a: Dondozo|Body Press|p2a: Dondozo
|-damage|p2a: Dondozo|89/100
|
|-heal|p2a: Dondozo|95/100|[from] item: Leftovers
|upkeep
|turn|98
|inactive|Kichimura Washuu has 120 seconds left.
|
|t:|1779839052
|move|p2a: Dondozo|Curse|p2a: Dondozo
|-unboost|p2a: Dondozo|spe|1
|-boost|p2a: Dondozo|atk|1
|-boost|p2a: Dondozo|def|1
|move|p1a: Dondozo|Waterfall|p2a: Dondozo
|-resisted|p2a: Dondozo
|-damage|p2a: Dondozo|89/100
|
|-heal|p2a: Dondozo|96/100|[from] item: Leftovers
|upkeep
|turn|99
|
|t:|1779839064
|move|p2a: Dondozo|Curse|p2a: Dondozo
|-unboost|p2a: Dondozo|spe|1
|-boost|p2a: Dondozo|atk|1
|-boost|p2a: Dondozo|def|1
|move|p1a: Dondozo|Body Press|p2a: Dondozo
|-damage|p2a: Dondozo|86/100
|
|-heal|p2a: Dondozo|92/100|[from] item: Leftovers
|upkeep
|turn|100
|
|t:|1779839076
|move|p1a: Dondozo|Waterfall|p2a: Dondozo
|-resisted|p2a: Dondozo
|-damage|p2a: Dondozo|86/100
|cant|p2a: Dondozo|flinch
|
|-heal|p2a: Dondozo|93/100|[from] item: Leftovers
|upkeep
|turn|101
|
|t:|1779839090
|move|p2a: Dondozo|Wave Crash|p1a: Dondozo
|-resisted|p1a: Dondozo
|-damage|p1a: Dondozo|89/100
|-damage|p2a: Dondozo|89/100|[from] Recoil
|move|p1a: Dondozo|Body Press|p2a: Dondozo
|-damage|p2a: Dondozo|79/100
|
|-heal|p2a: Dondozo|86/100|[from] item: Leftovers
|-heal|p1a: Dondozo|95/100|[from] item: Leftovers
|upkeep
|turn|102
|
|t:|1779839099
|switch|p1a: Slowking|Slowking-Galar, M|100/100
|move|p2a: Dondozo|Wave Crash|p1a: Slowking
|-damage|p1a: Slowking|5/100
|-damage|p2a: Dondozo|61/100|[from] Recoil
|
|-heal|p2a: Dondozo|67/100|[from] item: Leftovers
|upkeep
|turn|103
|inactive|Kichimura Washuu has 120 seconds left.
|
|t:|1779839117
|switch|p1a: Dondozo|Dondozo, M|95/100
|move|p2a: Dondozo|Wave Crash|p1a: Dondozo
|-resisted|p1a: Dondozo
|-damage|p1a: Dondozo|83/100
|-damage|p2a: Dondozo|63/100|[from] Recoil
|
|-heal|p1a: Dondozo|89/100|[from] item: Leftovers
|-heal|p2a: Dondozo|69/100|[from] item: Leftovers
|upkeep
|turn|104
|inactive|Kichimura Washuu has 120 seconds left.
|
|t:|1779839126
|move|p1a: Dondozo|Waterfall|p2a: Dondozo
|-resisted|p2a: Dondozo
|-damage|p2a: Dondozo|63/100
|move|p2a: Dondozo|Curse|p2a: Dondozo
|-unboost|p2a: Dondozo|spe|1
|-boost|p2a: Dondozo|atk|1
|-boost|p2a: Dondozo|def|1
|
|-heal|p1a: Dondozo|95/100|[from] item: Leftovers
|-heal|p2a: Dondozo|70/100|[from] item: Leftovers
|upkeep
|turn|105
|
|t:|1779839137
|switch|p1a: Slowking|Slowking-Galar, M|39/100
|switch|p2a: Corviknight|Corviknight, M|19/100
|-ability|p2a: Corviknight|Pressure
|
|-heal|p2a: Corviknight|25/100|[from] item: Leftovers
|upkeep
|turn|106
|inactive|claudechamp has 120 seconds left.
|
|t:|1779839147
|move|p2a: Corviknight|Roost|p2a: Corviknight
|-heal|p2a: Corviknight|75/100
|-singleturn|p2a: Corviknight|move: Roost
|-prepare|p1a: Slowking|Chilly Reception|[premajor]
|move|p1a: Slowking|Chilly Reception|p1a: Slowking
|-weather|Snowscape
|inactive|claudechamp has 120 seconds left.
|
|t:|1779839156
|switch|p1a: Dondozo|Dondozo, M|95/100|[from] Chilly Reception
|
|-weather|Snowscape|[upkeep]
|-heal|p2a: Corviknight|81/100|[from] item: Leftovers
|-heal|p1a: Dondozo|100/100|[from] item: Leftovers
|upkeep
|turn|107
|inactive|claudechamp has 120 seconds left.
|inactive|Kichimura Washuu has 120 seconds left.
|
|t:|1779839177
|switch|p1a: Slowking|Slowking-Galar, M|72/100
|move|p2a: Corviknight|U-turn|p1a: Slowking
|-damage|p1a: Slowking|60/100
|
|t:|1779839179
|switch|p2a: Dondozo|Dondozo, M|70/100|[from] U-turn
|
|-weather|Snowscape|[upkeep]
|-heal|p2a: Dondozo|76/100|[from] item: Leftovers
|upkeep
|turn|108
|inactive|Kichimura Washuu has 120 seconds left.
|c|☆Kichimura Washuu|this will turn into a draw unless i forfeit
|
|t:|1779839194
|move|p2a: Dondozo|Curse|p2a: Dondozo
|-unboost|p2a: Dondozo|spe|1
|-boost|p2a: Dondozo|atk|1
|-boost|p2a: Dondozo|def|1
|move|p1a: Slowking|Ice Beam|p2a: Dondozo
|-resisted|p2a: Dondozo
|-damage|p2a: Dondozo|65/100
|
|-weather|Snowscape|[upkeep]
|-heal|p2a: Dondozo|71/100|[from] item: Leftovers
|upkeep
|turn|109
|
|t:|1779839202
|move|p2a: Dondozo|Wave Crash|p1a: Slowking
|-damage|p1a: Slowking|17/100
|-damage|p2a: Dondozo|60/100|[from] Recoil
|move|p1a: Slowking|Ice Beam|p2a: Dondozo
|-resisted|p2a: Dondozo
|-damage|p2a: Dondozo|49/100
|
|-weather|Snowscape|[upkeep]
|-heal|p2a: Dondozo|55/100|[from] item: Leftovers
|upkeep
|turn|110
|
|t:|1779839211
|switch|p1a: Dondozo|Dondozo, M|100/100
|move|p2a: Dondozo|Wave Crash|p1a: Dondozo
|-resisted|p1a: Dondozo
|-damage|p1a: Dondozo|88/100
|-damage|p2a: Dondozo|51/100|[from] Recoil
|
|-weather|none
|-heal|p1a: Dondozo|94/100|[from] item: Leftovers
|-heal|p2a: Dondozo|57/100|[from] item: Leftovers
|upkeep
|turn|111
|
|t:|1779839221
|switch|p1a: Slowking|Slowking-Galar, M|50/100
|switch|p2a: Corviknight|Corviknight, M|81/100
|-ability|p2a: Corviknight|Pressure
|
|-heal|p2a: Corviknight|87/100|[from] item: Leftovers
|upkeep
|turn|112
|
|t:|1779839228
|move|p2a: Corviknight|Brave Bird|p1a: Slowking
|-damage|p1a: Slowking|25/100
|-damage|p2a: Corviknight|79/100|[from] Recoil
|-prepare|p1a: Slowking|Chilly Reception|[premajor]
|move|p1a: Slowking|Chilly Reception|p1a: Slowking
|-weather|Snowscape
|
|t:|1779839234
|switch|p1a: Dondozo|Dondozo, M|94/100|[from] Chilly Reception
|
|-weather|Snowscape|[upkeep]
|-heal|p2a: Corviknight|85/100|[from] item: Leftovers
|-heal|p1a: Dondozo|99/100|[from] item: Leftovers
|upkeep
|turn|113
|
|t:|1779839244
|switch|p1a: Slowking|Slowking-Galar, M|58/100
|move|p2a: Corviknight|U-turn|p1a: Slowking
|-damage|p1a: Slowking|49/100
|
|t:|1779839246
|switch|p2a: Dondozo|Dondozo, M|57/100|[from] U-turn
|
|-weather|Snowscape|[upkeep]
|-heal|p2a: Dondozo|63/100|[from] item: Leftovers
|upkeep
|turn|114
|
|t:|1779839257
|move|p2a: Dondozo|Wave Crash|p1a: Slowking
|-damage|p1a: Slowking|18/100
|-damage|p2a: Dondozo|55/100|[from] Recoil
|move|p1a: Slowking|Ice Beam|p2a: Dondozo
|-resisted|p2a: Dondozo
|-damage|p2a: Dondozo|44/100
|
|-weather|Snowscape|[upkeep]
|-heal|p2a: Dondozo|50/100|[from] item: Leftovers
|upkeep
|turn|115
|inactive|claudechamp has 120 seconds left.
|
|t:|1779839268
|switch|p1a: Dondozo|Dondozo, M|99/100
|move|p2a: Dondozo|Wave Crash|p1a: Dondozo
|-resisted|p1a: Dondozo
|-damage|p1a: Dondozo|88/100
|-damage|p2a: Dondozo|46/100|[from] Recoil
|
|-weather|Snowscape|[upkeep]
|-heal|p2a: Dondozo|52/100|[from] item: Leftovers
|-heal|p1a: Dondozo|94/100|[from] item: Leftovers
|upkeep
|turn|116
|inactive|claudechamp has 120 seconds left.
|
|t:|1779839281
|switch|p2a: Corviknight|Corviknight, M|85/100
|-ability|p2a: Corviknight|Pressure
|move|p1a: Dondozo|Rest|p1a: Dondozo
|-status|p1a: Dondozo|slp|[from] move: Rest
|-heal|p1a: Dondozo|100/100 slp|[silent]
|
|-weather|none
|-heal|p2a: Corviknight|92/100|[from] item: Leftovers
|upkeep
|turn|117
|
|t:|1779839291
|switch|p2a: Dondozo|Dondozo, M|52/100
|switch|p1a: Slowking|Slowking-Galar, M|51/100
|
|-heal|p2a: Dondozo|58/100|[from] item: Leftovers
|upkeep
|turn|118
|inactive|claudechamp has 120 seconds left.
|
|t:|1779839299
|move|p2a: Dondozo|Rest|p2a: Dondozo
|-status|p2a: Dondozo|slp|[from] move: Rest
|-heal|p2a: Dondozo|100/100 slp|[silent]
|move|p1a: Slowking|Ice Beam|p2a: Dondozo
|-resisted|p2a: Dondozo
|-damage|p2a: Dondozo|90/100 slp
|
|-heal|p2a: Dondozo|97/100 slp|[from] item: Leftovers
|upkeep
|turn|119
|inactive|claudechamp has 120 seconds left.
|
|t:|1779839311
|cant|p2a: Dondozo|slp
|move|p2a: Dondozo|Sleep Talk|p2a: Dondozo
|move|p2a: Dondozo|Rest||[from] move: Sleep Talk|[still]
|-fail|p2a: Dondozo
|-prepare|p1a: Slowking|Chilly Reception|[premajor]
|move|p1a: Slowking|Chilly Reception|p1a: Slowking
|-weather|Snowscape
|
|t:|1779839322
|switch|p1a: Dondozo|Dondozo, M|100/100 slp|[from] Chilly Reception
|
|-weather|Snowscape|[upkeep]
|-heal|p2a: Dondozo|100/100 slp|[from] item: Leftovers
|upkeep
|turn|120
|
|t:|1779839334
|switch|p1a: Slowking|Slowking-Galar, M|84/100
|cant|p2a: Dondozo|slp
|move|p2a: Dondozo|Sleep Talk|p2a: Dondozo
|move|p2a: Dondozo|Rest||[from] move: Sleep Talk|[still]
|-fail|p2a: Dondozo
|
|-weather|Snowscape|[upkeep]
|upkeep
|turn|121
|
|t:|1779839342
|-curestatus|p2a: Dondozo|slp|[msg]
|move|p2a: Dondozo|Sleep Talk||[still]
|-fail|p2a: Dondozo
|-prepare|p1a: Slowking|Chilly Reception|[premajor]
|move|p1a: Slowking|Chilly Reception|p1a: Slowking
|
|t:|1779839351
|switch|p1a: Dondozo|Dondozo, M|100/100 slp|[from] Chilly Reception
|
|-weather|Snowscape|[upkeep]
|upkeep
|turn|122
|
|t:|1779839362
|switch|p2a: Corviknight|Corviknight, M|92/100
|-ability|p2a: Corviknight|Pressure
|switch|p1a: Slowking|Slowking-Galar, M|100/100
|
|-weather|Snowscape|[upkeep]
|-heal|p2a: Corviknight|98/100|[from] item: Leftovers
|upkeep
|turn|123
|
|t:|1779839370
|switch|p2a: Dondozo|Dondozo, M|100/100
|-prepare|p1a: Slowking|Chilly Reception|[premajor]
|move|p1a: Slowking|Chilly Reception|p1a: Slowking
|
|t:|1779839379
|switch|p1a: Dondozo|Dondozo, M|100/100 slp|[from] Chilly Reception
|
|-weather|none
|upkeep
|turn|124
|
|t:|1779839394
|switch|p1a: Slowking|Slowking-Galar, M|100/100
|move|p2a: Dondozo|Curse|p2a: Dondozo
|-unboost|p2a: Dondozo|spe|1
|-boost|p2a: Dondozo|atk|1
|-boost|p2a: Dondozo|def|1
|
|upkeep
|turn|125
|
|t:|1779839405
|move|p2a: Dondozo|Wave Crash|p1a: Slowking
|-damage|p1a: Slowking|55/100
|-damage|p2a: Dondozo|89/100|[from] Recoil
|move|p1a: Slowking|Ice Beam|p2a: Dondozo
|-resisted|p2a: Dondozo
|-damage|p2a: Dondozo|77/100
|
|-heal|p2a: Dondozo|84/100|[from] item: Leftovers
|upkeep
|turn|126
|
|t:|1779839416
|move|p2a: Dondozo|Curse|p2a: Dondozo
|-unboost|p2a: Dondozo|spe|1
|-boost|p2a: Dondozo|atk|1
|-boost|p2a: Dondozo|def|1
|move|p1a: Slowking|Ice Beam|p2a: Dondozo
|-resisted|p2a: Dondozo
|-damage|p2a: Dondozo|73/100
|
|-heal|p2a: Dondozo|79/100|[from] item: Leftovers
|upkeep
|turn|127
|inactive|claudechamp has 90 seconds left.
|
|t:|1779839431
|move|p1a: Slowking|Ice Beam|p2a: Dondozo
|-resisted|p2a: Dondozo
|-damage|p2a: Dondozo|67/100
|move|p2a: Dondozo|Wave Crash|p1a: Slowking
|-damage|p1a: Slowking|0 fnt
|faint|p1a: Slowking
|-damage|p2a: Dondozo|53/100|[from] Recoil
|
|-heal|p2a: Dondozo|59/100|[from] item: Leftovers
|upkeep
|inactive|claudechamp has 90 seconds left.
|
|t:|1779839446
|switch|p1a: Dondozo|Dondozo, M|100/100 slp
|turn|128
|
|t:|1779839456
|switch|p2a: Corviknight|Corviknight, M|98/100
|-ability|p2a: Corviknight|Pressure
|-terastallize|p1a: Dondozo|Dark
|cant|p1a: Dondozo|slp
|
|-heal|p2a: Corviknight|100/100|[from] item: Leftovers
|upkeep
|turn|129
|
|t:|1779839467
|move|p2a: Corviknight|U-turn|p1a: Dondozo
|-supereffective|p1a: Dondozo
|-damage|p1a: Dondozo|82/100 slp
|
|t:|1779839478
|switch|p2a: Dondozo|Dondozo, M|59/100|[from] U-turn
|cant|p1a: Dondozo|slp
|
|-heal|p2a: Dondozo|66/100|[from] item: Leftovers
|-heal|p1a: Dondozo|88/100 slp|[from] item: Leftovers
|upkeep
|turn|130
|
|t:|1779839485
|switch|p1a: Ting-Lu|Ting-Lu|100/100 slp
|-ability|p1a: Ting-Lu|Vessel of Ruin
|move|p2a: Dondozo|Curse|p2a: Dondozo
|-unboost|p2a: Dondozo|spe|1
|-boost|p2a: Dondozo|atk|1
|-boost|p2a: Dondozo|def|1
|
|-heal|p2a: Dondozo|72/100|[from] item: Leftovers
|upkeep
|turn|131
|
|t:|1779839496
|cant|p1a: Ting-Lu|slp
|move|p2a: Dondozo|Wave Crash|p1a: Ting-Lu
|-supereffective|p1a: Ting-Lu
|-damage|p1a: Ting-Lu|32/100 slp
|-damage|p2a: Dondozo|49/100|[from] Recoil
|
|-heal|p1a: Ting-Lu|39/100 slp|[from] item: Leftovers
|-heal|p2a: Dondozo|55/100|[from] item: Leftovers
|upkeep
|turn|132
|
|t:|1779839509
|switch|p1a: Dondozo|Dondozo, M, tera:Dark|88/100 slp
|move|p2a: Dondozo|Wave Crash|p1a: Dondozo
|-damage|p1a: Dondozo|64/100 slp
|-damage|p2a: Dondozo|47/100|[from] Recoil
|
|-heal|p1a: Dondozo|70/100 slp|[from] item: Leftovers
|-heal|p2a: Dondozo|53/100|[from] item: Leftovers
|upkeep
|turn|133
|
|t:|1779839519
|switch|p1a: Ting-Lu|Ting-Lu|39/100 slp
|-ability|p1a: Ting-Lu|Vessel of Ruin
|switch|p2a: Corviknight|Corviknight, M|100/100
|-ability|p2a: Corviknight|Pressure
|
|-heal|p1a: Ting-Lu|45/100 slp|[from] item: Leftovers
|upkeep
|turn|134
|
|t:|1779839530
|move|p2a: Corviknight|Brave Bird|p1a: Ting-Lu
|-damage|p1a: Ting-Lu|23/100 slp
|-damage|p2a: Corviknight|91/100|[from] Recoil
|cant|p1a: Ting-Lu|slp
|
|-heal|p2a: Corviknight|97/100|[from] item: Leftovers
|-heal|p1a: Ting-Lu|29/100 slp|[from] item: Leftovers
|upkeep
|turn|135
|
|t:|1779839548
|move|p2a: Corviknight|Brave Bird|p1a: Ting-Lu
|-damage|p1a: Ting-Lu|9/100 slp
|-damage|p2a: Corviknight|89/100|[from] Recoil
|-curestatus|p1a: Ting-Lu|slp|[msg]
|move|p1a: Ting-Lu|Rest|p1a: Ting-Lu
|-status|p1a: Ting-Lu|slp|[from] move: Rest
|-heal|p1a: Ting-Lu|100/100 slp|[silent]
|
|-heal|p2a: Corviknight|95/100|[from] item: Leftovers
|upkeep
|turn|136
|inactive|claudechamp has 60 seconds left.
|
|t:|1779839562
|switch|p1a: Dondozo|Dondozo, M, tera:Dark|70/100 slp
|move|p2a: Corviknight|U-turn|p1a: Dondozo
|-supereffective|p1a: Dondozo
|-damage|p1a: Dondozo|53/100 slp
|inactive|Kichimura Washuu has 120 seconds left.
|inactive|Kichimura Washuu has 90 seconds left.
|
|t:|1779839628
|switch|p2a: Dondozo|Dondozo, M|53/100|[from] U-turn
|
|-heal|p2a: Dondozo|59/100|[from] item: Leftovers
|-heal|p1a: Dondozo|59/100 slp|[from] item: Leftovers
|upkeep
|turn|137
|
|t:|1779839637
|move|p2a: Dondozo|Curse|p2a: Dondozo
|-unboost|p2a: Dondozo|spe|1
|-boost|p2a: Dondozo|atk|1
|-boost|p2a: Dondozo|def|1
|-curestatus|p1a: Dondozo|slp|[msg]
|move|p1a: Dondozo|Rest|p1a: Dondozo
|-status|p1a: Dondozo|slp|[from] move: Rest
|-heal|p1a: Dondozo|100/100 slp|[silent]
|
|-heal|p2a: Dondozo|65/100|[from] item: Leftovers
|upkeep
|turn|138
|inactive|claudechamp has 60 seconds left.
|
|t:|1779839659
|switch|p1a: Ting-Lu|Ting-Lu|100/100 slp
|-ability|p1a: Ting-Lu|Vessel of Ruin
|move|p2a: Dondozo|Curse|p2a: Dondozo
|-unboost|p2a: Dondozo|spe|1
|-boost|p2a: Dondozo|atk|1
|-boost|p2a: Dondozo|def|1
|
|-heal|p2a: Dondozo|72/100|[from] item: Leftovers
|upkeep
|turn|139
|inactive|Kichimura Washuu has 60 seconds left.
|
|t:|1779839694
|switch|p1a: Dondozo|Dondozo, M, tera:Dark|100/100 slp
|move|p2a: Dondozo|Wave Crash|p1a: Dondozo
|-damage|p1a: Dondozo|78/100 slp
|-damage|p2a: Dondozo|64/100|[from] Recoil
|
|-heal|p1a: Dondozo|84/100 slp|[from] item: Leftovers
|-heal|p2a: Dondozo|70/100|[from] item: Leftovers
|upkeep
|turn|140
|
|t:|1779839697
|switch|p1a: Ting-Lu|Ting-Lu|100/100 slp
|-ability|p1a: Ting-Lu|Vessel of Ruin
|switch|p2a: Corviknight|Corviknight, M|95/100
|-ability|p2a: Corviknight|Pressure
|
|-heal|p2a: Corviknight|100/100|[from] item: Leftovers
|upkeep
|turn|141
|
|t:|1779839700
|switch|p1a: Dondozo|Dondozo, M, tera:Dark|84/100 slp
|move|p2a: Corviknight|U-turn|p1a: Dondozo
|-supereffective|p1a: Dondozo
|-damage|p1a: Dondozo|68/100 slp
|
|t:|1779839710
|switch|p2a: Dondozo|Dondozo, M|70/100|[from] U-turn
|
|-heal|p2a: Dondozo|76/100|[from] item: Leftovers
|-heal|p1a: Dondozo|74/100 slp|[from] item: Leftovers
|upkeep
|turn|142
|
|t:|1779839717
|move|p2a: Dondozo|Wave Crash|p1a: Dondozo
|-damage|p1a: Dondozo|48/100 slp
|-damage|p2a: Dondozo|68/100|[from] Recoil
|cant|p1a: Dondozo|slp
|
|-heal|p2a: Dondozo|74/100|[from] item: Leftovers
|-heal|p1a: Dondozo|54/100 slp|[from] item: Leftovers
|upkeep
|turn|143
|inactive|claudechamp has 60 seconds left.
|
|t:|1779839725
|switch|p2a: Corviknight|Corviknight, M|100/100
|-ability|p2a: Corviknight|Pressure
|switch|p1a: Ting-Lu|Ting-Lu|100/100 slp
|-ability|p1a: Ting-Lu|Vessel of Ruin
|
|upkeep
|turn|144
|inactive|claudechamp has 60 seconds left.
|inactive|Kichimura Washuu has 60 seconds left.
|
|t:|1779839749
|move|p2a: Corviknight|U-turn|p1a: Ting-Lu
|-supereffective|p1a: Ting-Lu
|-damage|p1a: Ting-Lu|84/100 slp
|
|t:|1779839767
|switch|p2a: Dondozo|Dondozo, M|74/100|[from] U-turn
|cant|p1a: Ting-Lu|slp
|move|p1a: Ting-Lu|Sleep Talk|p1a: Ting-Lu
|move|p1a: Ting-Lu|Rest||[from] move: Sleep Talk|[still]
|-fail|p1a: Ting-Lu
|
|-heal|p1a: Ting-Lu|90/100 slp|[from] item: Leftovers
|-heal|p2a: Dondozo|80/100|[from] item: Leftovers
|upkeep
|turn|145
|
|t:|1779839786
|cant|p1a: Ting-Lu|slp
|move|p2a: Dondozo|Wave Crash|p1a: Ting-Lu
|-supereffective|p1a: Ting-Lu
|-damage|p1a: Ting-Lu|42/100 slp
|-damage|p2a: Dondozo|64/100|[from] Recoil
|
|-heal|p1a: Ting-Lu|48/100 slp|[from] item: Leftovers
|-heal|p2a: Dondozo|70/100|[from] item: Leftovers
|upkeep
|turn|146
|inactive|Kichimura Washuu has 30 seconds left.
|
|t:|1779839802
|-curestatus|p1a: Ting-Lu|slp|[msg]
|move|p1a: Ting-Lu|Rest|p1a: Ting-Lu
|-status|p1a: Ting-Lu|slp|[from] move: Rest
|-heal|p1a: Ting-Lu|100/100 slp|[silent]
|move|p2a: Dondozo|Wave Crash|p1a: Ting-Lu
|-supereffective|p1a: Ting-Lu
|-damage|p1a: Ting-Lu|58/100 slp
|-damage|p2a: Dondozo|56/100|[from] Recoil
|
|-heal|p1a: Ting-Lu|64/100 slp|[from] item: Leftovers
|-heal|p2a: Dondozo|62/100|[from] item: Leftovers
|upkeep
|turn|147
|inactive|Kichimura Washuu has 30 seconds left.
|inactive|claudechamp has 30 seconds left.
|
|t:|1779839820
|switch|p1a: Dondozo|Dondozo, M, tera:Dark|54/100 slp
|move|p2a: Dondozo|Wave Crash|p1a: Dondozo
|-damage|p1a: Dondozo|30/100 slp
|-damage|p2a: Dondozo|54/100|[from] Recoil
|
|-heal|p2a: Dondozo|60/100|[from] item: Leftovers
|-heal|p1a: Dondozo|36/100 slp|[from] item: Leftovers
|upkeep
|turn|148
|inactive|claudechamp has 30 seconds left this turn.
|
|t:|1779839825
|switch|p2a: Corviknight|Corviknight, M|100/100
|-ability|p2a: Corviknight|Pressure
|cant|p1a: Dondozo|slp
|
|-heal|p1a: Dondozo|42/100 slp|[from] item: Leftovers
|upkeep
|turn|149
|inactive|claudechamp has 30 seconds left this turn.
|
|t:|1779839832
|move|p2a: Corviknight|U-turn|p1a: Dondozo
|-supereffective|p1a: Dondozo
|-damage|p1a: Dondozo|25/100 slp
|
|t:|1779839835
|switch|p2a: Dondozo|Dondozo, M|60/100|[from] U-turn
|-curestatus|p1a: Dondozo|slp|[msg]
|move|p1a: Dondozo|Rest|p1a: Dondozo
|-status|p1a: Dondozo|slp|[from] move: Rest
|-heal|p1a: Dondozo|100/100 slp|[silent]
|
|-heal|p2a: Dondozo|66/100|[from] item: Leftovers
|upkeep
|turn|150
|inactive|Kichimura Washuu has 30 seconds left.
|
|t:|1779839863
|switch|p2a: Corviknight|Corviknight, M|100/100
|-ability|p2a: Corviknight|Pressure
|switch|p1a: Ting-Lu|Ting-Lu|64/100 slp
|-ability|p1a: Ting-Lu|Vessel of Ruin
|
|-heal|p1a: Ting-Lu|71/100 slp|[from] item: Leftovers
|upkeep
|turn|151
|inactive|Kichimura Washuu has 30 seconds left this turn.
|
|t:|1779839871
|switch|p2a: Dondozo|Dondozo, M|66/100
|cant|p1a: Ting-Lu|slp
|move|p1a: Ting-Lu|Sleep Talk|p1a: Ting-Lu
|move|p1a: Ting-Lu|Payback|p2a: Dondozo|[from] move: Sleep Talk
|-damage|p2a: Dondozo|58/100
|
|-heal|p1a: Ting-Lu|77/100 slp|[from] item: Leftovers
|-heal|p2a: Dondozo|64/100|[from] item: Leftovers
|upkeep
|turn|152
|inactive|Kichimura Washuu has 30 seconds left this turn.
|inactive|claudechamp has 30 seconds left.
|
|t:|1779839887
|switch|p2a: Corviknight|Corviknight, M|100/100
|-ability|p2a: Corviknight|Pressure
|cant|p1a: Ting-Lu|slp
|
|-heal|p1a: Ting-Lu|83/100 slp|[from] item: Leftovers
|upkeep
|turn|153
|inactive|Kichimura Washuu has 30 seconds left.
|inactive|Kichimura Washuu has 20 seconds left.
|inactive|Kichimura Washuu has 15 seconds left.
|
|t:|1779839910
|move|p2a: Corviknight|U-turn|p1a: Ting-Lu
|-supereffective|p1a: Ting-Lu
|-damage|p1a: Ting-Lu|66/100 slp
|inactive|Kichimura Washuu has 20 seconds left this turn.
|
|t:|1779839912
|switch|p2a: Dondozo|Dondozo, M|64/100|[from] U-turn
|-curestatus|p1a: Ting-Lu|slp|[msg]
|move|p1a: Ting-Lu|Rest|p1a: Ting-Lu
|-status|p1a: Ting-Lu|slp|[from] move: Rest
|-heal|p1a: Ting-Lu|100/100 slp|[silent]
|
|-heal|p2a: Dondozo|71/100|[from] item: Leftovers
|upkeep
|turn|154
|inactive|Kichimura Washuu has 25 seconds left this turn.
|
|t:|1779839915
|switch|p2a: Corviknight|Corviknight, M|100/100
|-ability|p2a: Corviknight|Pressure
|cant|p1a: Ting-Lu|slp
|
|upkeep
|turn|155
|inactive|Kichimura Washuu has 30 seconds left this turn.
|
|t:|1779839931
|switch|p2a: Dondozo|Dondozo, M|71/100
|cant|p1a: Ting-Lu|slp
|move|p1a: Ting-Lu|Sleep Talk|p1a: Ting-Lu
|move|p1a: Ting-Lu|Rest||[from] move: Sleep Talk|[still]
|-fail|p1a: Ting-Lu
|
|-heal|p2a: Dondozo|77/100|[from] item: Leftovers
|upkeep
|turn|156
|
|t:|1779839934
|switch|p2a: Corviknight|Corviknight, M|100/100
|-ability|p2a: Corviknight|Pressure
|-curestatus|p1a: Ting-Lu|slp|[msg]
|move|p1a: Ting-Lu|Earthquake|p2a: Corviknight
|-immune|p2a: Corviknight
|
|upkeep
|turn|157
|
|t:|1779839946
|switch|p2a: Dondozo|Dondozo, M|77/100
|switch|p1a: Dondozo|Dondozo, M, tera:Dark|100/100 slp
|
|-heal|p2a: Dondozo|83/100|[from] item: Leftovers
|upkeep
|turn|158
|inactive|Kichimura Washuu has 30 seconds left.
|inactive|Kichimura Washuu has 20 seconds left.
|inactive|Kichimura Washuu has 15 seconds left.
|inactive|Kichimura Washuu has 10 seconds left.
|
|t:|1779839985
|switch|p2a: Corviknight|Corviknight, M|100/100
|-ability|p2a: Corviknight|Pressure
|switch|p1a: Ting-Lu|Ting-Lu|100/100
|-ability|p1a: Ting-Lu|Vessel of Ruin
|
|upkeep
|turn|159
|inactive|Kichimura Washuu has 15 seconds left this turn.
|
|t:|1779839988
|switch|p2a: Dondozo|Dondozo, M|83/100
|move|p1a: Ting-Lu|Payback|p2a: Dondozo
|-damage|p2a: Dondozo|75/100
|
|-heal|p2a: Dondozo|81/100|[from] item: Leftovers
|upkeep
|turn|160
|inactive|Kichimura Washuu has 20 seconds left this turn.
|
|t:|1779839989
|switch|p2a: Corviknight|Corviknight, M|100/100
|-ability|p2a: Corviknight|Pressure
|move|p1a: Ting-Lu|Payback|p2a: Corviknight
|-damage|p2a: Corviknight|90/100
|
|-heal|p2a: Corviknight|96/100|[from] item: Leftovers
|upkeep
|turn|161
|inactive|Kichimura Washuu has 25 seconds left this turn.
|inactive|Kichimura Washuu has 20 seconds left.
|
|t:|1779839995
|switch|p2a: Dondozo|Dondozo, M|81/100
|move|p1a: Ting-Lu|Payback|p2a: Dondozo
|-damage|p2a: Dondozo|72/100
|
|-heal|p2a: Dondozo|78/100|[from] item: Leftovers
|upkeep
|turn|162
|inactive|Kichimura Washuu has 25 seconds left this turn.
|
|t:|1779840000
|switch|p2a: Corviknight|Corviknight, M|96/100
|-ability|p2a: Corviknight|Pressure
|move|p1a: Ting-Lu|Earthquake|p2a: Corviknight
|-immune|p2a: Corviknight
|
|-heal|p2a: Corviknight|100/100|[from] item: Leftovers
|upkeep
|turn|163
|inactive|Kichimura Washuu has 30 seconds left this turn.
|
|t:|1779840010
|switch|p2a: Dondozo|Dondozo, M|78/100
|move|p1a: Ting-Lu|Payback|p2a: Dondozo
|-damage|p2a: Dondozo|71/100
|
|-heal|p2a: Dondozo|77/100|[from] item: Leftovers
|upkeep
|turn|164
|inactive|Kichimura Washuu has 30 seconds left this turn.
|
|t:|1779840011
|switch|p2a: Corviknight|Corviknight, M|100/100
|-ability|p2a: Corviknight|Pressure
|move|p1a: Ting-Lu|Earthquake|p2a: Corviknight
|-immune|p2a: Corviknight
|
|upkeep
|turn|165
|
|t:|1779840013
|switch|p2a: Dondozo|Dondozo, M|77/100
|switch|p1a: Dondozo|Dondozo, M, tera:Dark|100/100 slp
|
|-heal|p2a: Dondozo|83/100|[from] item: Leftovers
|upkeep
|turn|166
|
|t:|1779840018
|switch|p2a: Corviknight|Corviknight, M|100/100
|-ability|p2a: Corviknight|Pressure
|switch|p1a: Ting-Lu|Ting-Lu|100/100
|-ability|p1a: Ting-Lu|Vessel of Ruin
|
|upkeep
|turn|167
|inactive|Kichimura Washuu has 30 seconds left.
|
|t:|1779840041
|switch|p2a: Dondozo|Dondozo, M|83/100
|move|p1a: Ting-Lu|Payback|p2a: Dondozo
|-damage|p2a: Dondozo|75/100
|
|-heal|p2a: Dondozo|81/100|[from] item: Leftovers
|upkeep
|turn|168
|inactive|Kichimura Washuu has 30 seconds left this turn.
|inactive|claudechamp has 60 seconds left.
|
|t:|1779840052
|switch|p1a: Dondozo|Dondozo, M, tera:Dark|100/100 slp
|switch|p2a: Corviknight|Corviknight, M|100/100
|-ability|p2a: Corviknight|Pressure
|
|upkeep
|turn|169
|inactive|Kichimura Washuu has 30 seconds left this turn.
|inactive|claudechamp has 60 seconds left.
|
|t:|1779840061
|switch|p2a: Dondozo|Dondozo, M|81/100
|cant|p1a: Dondozo|slp
|
|-heal|p2a: Dondozo|87/100|[from] item: Leftovers
|upkeep
|turn|170
|inactive|claudechamp has 60 seconds left.
|inactive|Kichimura Washuu has 30 seconds left.
|
|t:|1779840071
|switch|p2a: Corviknight|Corviknight, M|100/100
|-ability|p2a: Corviknight|Pressure
|switch|p1a: Ting-Lu|Ting-Lu|100/100
|-ability|p1a: Ting-Lu|Vessel of Ruin
|
|upkeep
|turn|171
|inactive|claudechamp has 60 seconds left.
|
|t:|1779840078
|move|p2a: Corviknight|Defog|p1a: Ting-Lu
|-unboost|p1a: Ting-Lu|evasion|1
|move|p1a: Ting-Lu|Payback|p2a: Corviknight
|-damage|p2a: Corviknight|78/100
|
|-heal|p2a: Corviknight|84/100|[from] item: Leftovers
|upkeep
|turn|172
|inactive|claudechamp has 60 seconds left.
|
|t:|1779840090
|switch|p2a: Dondozo|Dondozo, M|87/100
|switch|p1a: Dondozo|Dondozo, M, tera:Dark|100/100 slp
|
|-heal|p2a: Dondozo|93/100|[from] item: Leftovers
|upkeep
|turn|173
|
|t:|1779840101
|switch|p2a: Corviknight|Corviknight, M|84/100
|-ability|p2a: Corviknight|Pressure
|switch|p1a: Ting-Lu|Ting-Lu|100/100
|-ability|p1a: Ting-Lu|Vessel of Ruin
|
|-heal|p2a: Corviknight|90/100|[from] item: Leftovers
|upkeep
|turn|174
|inactive|Kichimura Washuu has 30 seconds left.
|
|t:|1779840112
|switch|p2a: Dondozo|Dondozo, M|93/100
|switch|p1a: Dondozo|Dondozo, M, tera:Dark|100/100 slp
|
|-heal|p2a: Dondozo|99/100|[from] item: Leftovers
|upkeep
|turn|175
|inactive|Kichimura Washuu has 30 seconds left.
|
|t:|1779840124
|switch|p2a: Corviknight|Corviknight, M|90/100
|-ability|p2a: Corviknight|Pressure
|switch|p1a: Ting-Lu|Ting-Lu|100/100
|-ability|p1a: Ting-Lu|Vessel of Ruin
|
|-heal|p2a: Corviknight|97/100|[from] item: Leftovers
|upkeep
|turn|176
|inactive|Kichimura Washuu has 30 seconds left this turn.
|
|t:|1779840128
|switch|p2a: Dondozo|Dondozo, M|99/100
|switch|p1a: Dondozo|Dondozo, M, tera:Dark|100/100 slp
|
|-heal|p2a: Dondozo|100/100|[from] item: Leftovers
|upkeep
|turn|177
|inactive|claudechamp has 60 seconds left.
|
|t:|1779840144
|switch|p2a: Corviknight|Corviknight, M|97/100
|-ability|p2a: Corviknight|Pressure
|switch|p1a: Ting-Lu|Ting-Lu|100/100
|-ability|p1a: Ting-Lu|Vessel of Ruin
|
|-heal|p2a: Corviknight|100/100|[from] item: Leftovers
|upkeep
|turn|178
|
|t:|1779840154
|switch|p2a: Dondozo|Dondozo, M|100/100
|switch|p1a: Dondozo|Dondozo, M, tera:Dark|100/100 slp
|
|upkeep
|turn|179
|
|t:|1779840162
|switch|p2a: Corviknight|Corviknight, M|100/100
|-ability|p2a: Corviknight|Pressure
|switch|p1a: Ting-Lu|Ting-Lu|100/100
|-ability|p1a: Ting-Lu|Vessel of Ruin
|
|upkeep
|turn|180
|
|t:|1779840165
|switch|p2a: Dondozo|Dondozo, M|100/100
|switch|p1a: Dondozo|Dondozo, M, tera:Dark|100/100 slp
|
|upkeep
|turn|181
|
|t:|1779840171
|switch|p2a: Corviknight|Corviknight, M|100/100
|-ability|p2a: Corviknight|Pressure
|switch|p1a: Ting-Lu|Ting-Lu|100/100
|-ability|p1a: Ting-Lu|Vessel of Ruin
|
|upkeep
|turn|182
|c|☆Kichimura Washuu|If you win, I can forfeit.
|
|t:|1779840182
|switch|p1a: Dondozo|Dondozo, M, tera:Dark|100/100 slp
|move|p2a: Corviknight|U-turn|p1a: Dondozo
|-supereffective|p1a: Dondozo
|-damage|p1a: Dondozo|84/100 slp
|
|t:|1779840183
|switch|p2a: Dondozo|Dondozo, M|100/100|[from] U-turn
|
|-heal|p1a: Dondozo|90/100 slp|[from] item: Leftovers
|upkeep
|turn|183
|inactive|claudechamp has 60 seconds left.
|
|t:|1779840191
|switch|p2a: Corviknight|Corviknight, M|100/100
|-ability|p2a: Corviknight|Pressure
|cant|p1a: Dondozo|slp
|
|-heal|p1a: Dondozo|97/100 slp|[from] item: Leftovers
|upkeep
|turn|184
|inactive|claudechamp has 60 seconds left.
|
|t:|1779840203
|move|p2a: Corviknight|U-turn|p1a: Dondozo
|-supereffective|p1a: Dondozo
|-damage|p1a: Dondozo|79/100 slp
|
|t:|1779840205
|switch|p2a: Dondozo|Dondozo, M|100/100|[from] U-turn
|-curestatus|p1a: Dondozo|slp|[msg]
|move|p1a: Dondozo|Curse|p1a: Dondozo
|-unboost|p1a: Dondozo|spe|1
|-boost|p1a: Dondozo|atk|1
|-boost|p1a: Dondozo|def|1
|
|-heal|p1a: Dondozo|85/100|[from] item: Leftovers
|upkeep
|turn|185
|inactive|claudechamp has 60 seconds left.
|
|t:|1779840217
|switch|p2a: Corviknight|Corviknight, M|100/100
|-ability|p2a: Corviknight|Pressure
|move|p1a: Dondozo|Rest|p1a: Dondozo
|-status|p1a: Dondozo|slp|[from] move: Rest
|-heal|p1a: Dondozo|100/100 slp|[silent]
|
|upkeep
|turn|186
|inactive|claudechamp has 60 seconds left.
|
|t:|1779840230
|switch|p2a: Dondozo|Dondozo, M|100/100
|cant|p1a: Dondozo|slp
|
|upkeep
|turn|187
|inactive|Kichimura Washuu has 60 seconds left.
|
|t:|1779840251
|switch|p2a: Corviknight|Corviknight, M|100/100
|-ability|p2a: Corviknight|Pressure
|switch|p1a: Ting-Lu|Ting-Lu|100/100
|-ability|p1a: Ting-Lu|Vessel of Ruin
|
|upkeep
|turn|188
|
|t:|1779840260
|switch|p2a: Dondozo|Dondozo, M|100/100
|switch|p1a: Dondozo|Dondozo, M, tera:Dark|100/100 slp
|
|upkeep
|turn|189
|
|t:|1779840266
|switch|p2a: Corviknight|Corviknight, M|100/100
|-ability|p2a: Corviknight|Pressure
|switch|p1a: Ting-Lu|Ting-Lu|100/100
|-ability|p1a: Ting-Lu|Vessel of Ruin
|
|upkeep
|turn|190
|
|t:|1779840268
|switch|p2a: Dondozo|Dondozo, M|100/100
|switch|p1a: Dondozo|Dondozo, M, tera:Dark|100/100 slp
|
|upkeep
|turn|191
|
|t:|1779840273
|switch|p2a: Corviknight|Corviknight, M|100/100
|-ability|p2a: Corviknight|Pressure
|switch|p1a: Ting-Lu|Ting-Lu|100/100
|-ability|p1a: Ting-Lu|Vessel of Ruin
|
|upkeep
|turn|192
|inactive|Kichimura Washuu has 60 seconds left.
|
|t:|1779840279
|switch|p2a: Dondozo|Dondozo, M|100/100
|move|p1a: Ting-Lu|Payback|p2a: Dondozo
|-damage|p2a: Dondozo|93/100
|
|-heal|p2a: Dondozo|99/100|[from] item: Leftovers
|upkeep
|turn|193
|
|t:|1779840283
|switch|p2a: Corviknight|Corviknight, M|100/100
|-ability|p2a: Corviknight|Pressure
|move|p1a: Ting-Lu|Earthquake|p2a: Corviknight
|-immune|p2a: Corviknight
|
|upkeep
|turn|194
|
|t:|1779840285
|switch|p2a: Dondozo|Dondozo, M|99/100
|switch|p1a: Dondozo|Dondozo, M, tera:Dark|100/100 slp
|
|-heal|p2a: Dondozo|100/100|[from] item: Leftovers
|upkeep
|turn|195
|
|t:|1779840292
|switch|p2a: Corviknight|Corviknight, M|100/100
|-ability|p2a: Corviknight|Pressure
|switch|p1a: Ting-Lu|Ting-Lu|100/100
|-ability|p1a: Ting-Lu|Vessel of Ruin
|
|upkeep
|turn|196
|
|t:|1779840301
|switch|p2a: Dondozo|Dondozo, M|100/100
|switch|p1a: Dondozo|Dondozo, M, tera:Dark|100/100 slp
|
|upkeep
|turn|197
|inactive|claudechamp has 60 seconds left.
|
|t:|1779840313
|switch|p2a: Corviknight|Corviknight, M|100/100
|-ability|p2a: Corviknight|Pressure
|switch|p1a: Ting-Lu|Ting-Lu|100/100
|-ability|p1a: Ting-Lu|Vessel of Ruin
|
|upkeep
|turn|198
|inactive|claudechamp has 60 seconds left.
|
|t:|1779840320
|switch|p2a: Dondozo|Dondozo, M|100/100
|switch|p1a: Dondozo|Dondozo, M, tera:Dark|100/100 slp
|
|upkeep
|turn|199
|inactive|claudechamp has 60 seconds left.
|
|t:|1779840331
|switch|p2a: Corviknight|Corviknight, M|100/100
|-ability|p2a: Corviknight|Pressure
|switch|p1a: Ting-Lu|Ting-Lu|100/100
|-ability|p1a: Ting-Lu|Vessel of Ruin
|
|upkeep
|turn|200
|
|t:|1779840344
|switch|p2a: Dondozo|Dondozo, M|100/100
|switch|p1a: Dondozo|Dondozo, M, tera:Dark|100/100 slp
|
|upkeep
|turn|201
|
|t:|1779840351
|switch|p2a: Corviknight|Corviknight, M|100/100
|-ability|p2a: Corviknight|Pressure
|switch|p1a: Ting-Lu|Ting-Lu|100/100
|-ability|p1a: Ting-Lu|Vessel of Ruin
|
|upkeep
|turn|202
|
|t:|1779840358
|switch|p2a: Dondozo|Dondozo, M|100/100
|switch|p1a: Dondozo|Dondozo, M, tera:Dark|100/100 slp
|
|upkeep
|turn|203
|
|t:|1779840361
|switch|p2a: Corviknight|Corviknight, M|100/100
|-ability|p2a: Corviknight|Pressure
|switch|p1a: Ting-Lu|Ting-Lu|100/100
|-ability|p1a: Ting-Lu|Vessel of Ruin
|
|upkeep
|turn|204
|
|t:|1779840364
|switch|p2a: Dondozo|Dondozo, M|100/100
|switch|p1a: Dondozo|Dondozo, M, tera:Dark|100/100 slp
|
|upkeep
|turn|205
|
|t:|1779840367
|switch|p2a: Corviknight|Corviknight, M|100/100
|-ability|p2a: Corviknight|Pressure
|switch|p1a: Ting-Lu|Ting-Lu|100/100
|-ability|p1a: Ting-Lu|Vessel of Ruin
|
|upkeep
|turn|206
|
|t:|1779840372
|switch|p2a: Dondozo|Dondozo, M|100/100
|switch|p1a: Dondozo|Dondozo, M, tera:Dark|100/100 slp
|
|upkeep
|turn|207
|inactive|claudechamp has 60 seconds left.
|
|t:|1779840379
|switch|p2a: Corviknight|Corviknight, M|100/100
|-ability|p2a: Corviknight|Pressure
|switch|p1a: Ting-Lu|Ting-Lu|100/100
|-ability|p1a: Ting-Lu|Vessel of Ruin
|
|upkeep
|turn|208
|inactive|claudechamp has 60 seconds left.
|
|t:|1779840384
|switch|p2a: Dondozo|Dondozo, M|100/100
|switch|p1a: Dondozo|Dondozo, M, tera:Dark|100/100 slp
|
|upkeep
|turn|209
|
|t:|1779840394
|switch|p2a: Corviknight|Corviknight, M|100/100
|-ability|p2a: Corviknight|Pressure
|switch|p1a: Ting-Lu|Ting-Lu|100/100
|-ability|p1a: Ting-Lu|Vessel of Ruin
|
|upkeep
|turn|210
|
|t:|1779840398
|switch|p1a: Dondozo|Dondozo, M, tera:Dark|100/100 slp
|move|p2a: Corviknight|U-turn|p1a: Dondozo
|-supereffective|p1a: Dondozo
|-damage|p1a: Dondozo|84/100 slp
|
|t:|1779840400
|switch|p2a: Dondozo|Dondozo, M|100/100|[from] U-turn
|
|-heal|p1a: Dondozo|90/100 slp|[from] item: Leftovers
|upkeep
|turn|211
|
|t:|1779840402
|switch|p2a: Corviknight|Corviknight, M|100/100
|-ability|p2a: Corviknight|Pressure
|cant|p1a: Dondozo|slp
|
|-heal|p1a: Dondozo|97/100 slp|[from] item: Leftovers
|upkeep
|turn|212
|inactive|claudechamp has 60 seconds left.
|inactive|Kichimura Washuu has 90 seconds left.
|
|t:|1779840412
|switch|p2a: Dondozo|Dondozo, M|100/100
|-curestatus|p1a: Dondozo|slp|[msg]
|move|p1a: Dondozo|Curse|p1a: Dondozo
|-unboost|p1a: Dondozo|spe|1
|-boost|p1a: Dondozo|atk|1
|-boost|p1a: Dondozo|def|1
|
|-heal|p1a: Dondozo|100/100|[from] item: Leftovers
|upkeep
|turn|213
|inactive|claudechamp has 60 seconds left.
|inactive|Kichimura Washuu has 90 seconds left.
|
|t:|1779840421
|switch|p2a: Corviknight|Corviknight, M|100/100
|-ability|p2a: Corviknight|Pressure
|switch|p1a: Ting-Lu|Ting-Lu|100/100
|-ability|p1a: Ting-Lu|Vessel of Ruin
|
|upkeep
|turn|214
|
|t:|1779840428
|switch|p2a: Dondozo|Dondozo, M|100/100
|move|p1a: Ting-Lu|Payback|p2a: Dondozo
|-damage|p2a: Dondozo|92/100
|
|-heal|p2a: Dondozo|98/100|[from] item: Leftovers
|upkeep
|turn|215
|inactive|Kichimura Washuu has 90 seconds left.
|
|t:|1779840441
|switch|p2a: Corviknight|Corviknight, M|100/100
|-ability|p2a: Corviknight|Pressure
|move|p1a: Ting-Lu|Earthquake|p2a: Corviknight
|-immune|p2a: Corviknight
|
|upkeep
|turn|216
|
|t:|1779840450
|switch|p2a: Dondozo|Dondozo, M|98/100
|move|p1a: Ting-Lu|Payback|p2a: Dondozo
|-damage|p2a: Dondozo|89/100
|
|-heal|p2a: Dondozo|95/100|[from] item: Leftovers
|upkeep
|turn|217
|
|t:|1779840458
|switch|p2a: Corviknight|Corviknight, M|100/100
|-ability|p2a: Corviknight|Pressure
|move|p1a: Ting-Lu|Earthquake|p2a: Corviknight
|-immune|p2a: Corviknight
|
|upkeep
|turn|218
|inactive|claudechamp has 60 seconds left.
|
|t:|1779840465
|move|p2a: Corviknight|U-turn|p1a: Ting-Lu
|-supereffective|p1a: Ting-Lu
|-damage|p1a: Ting-Lu|85/100
|
|t:|1779840467
|switch|p2a: Dondozo|Dondozo, M|95/100|[from] U-turn
|move|p1a: Ting-Lu|Payback|p2a: Dondozo
|-damage|p2a: Dondozo|86/100
|
|-heal|p1a: Ting-Lu|91/100|[from] item: Leftovers
|-heal|p2a: Dondozo|93/100|[from] item: Leftovers
|upkeep
|turn|219
|inactive|claudechamp has 60 seconds left.
|
|t:|1779840476
|switch|p2a: Corviknight|Corviknight, M|100/100
|-ability|p2a: Corviknight|Pressure
|move|p1a: Ting-Lu|Earthquake|p2a: Corviknight
|-immune|p2a: Corviknight
|
|-heal|p1a: Ting-Lu|97/100|[from] item: Leftovers
|upkeep
|turn|220
|inactive|claudechamp has 60 seconds left.
|
|t:|1779840485
|switch|p2a: Dondozo|Dondozo, M|93/100
|move|p1a: Ting-Lu|Payback|p2a: Dondozo
|-damage|p2a: Dondozo|85/100
|
|-heal|p1a: Ting-Lu|100/100|[from] item: Leftovers
|-heal|p2a: Dondozo|91/100|[from] item: Leftovers
|upkeep
|turn|221
|
|t:|1779840494
|switch|p1a: Dondozo|Dondozo, M, tera:Dark|100/100
|switch|p2a: Corviknight|Corviknight, M|100/100
|-ability|p2a: Corviknight|Pressure
|
|upkeep
|turn|222
|
|t:|1779840499
|switch|p2a: Dondozo|Dondozo, M|91/100
|move|p1a: Dondozo|Curse|p1a: Dondozo
|-unboost|p1a: Dondozo|spe|1
|-boost|p1a: Dondozo|atk|1
|-boost|p1a: Dondozo|def|1
|
|-heal|p2a: Dondozo|97/100|[from] item: Leftovers
|upkeep
|turn|223
|
|t:|1779840507
|switch|p2a: Corviknight|Corviknight, M|100/100
|-ability|p2a: Corviknight|Pressure
|switch|p1a: Ting-Lu|Ting-Lu|100/100
|-ability|p1a: Ting-Lu|Vessel of Ruin
|
|upkeep
|turn|224
|
|t:|1779840513
|switch|p2a: Dondozo|Dondozo, M|97/100
|move|p1a: Ting-Lu|Sleep Talk||[still]
|-fail|p1a: Ting-Lu
|
|-heal|p2a: Dondozo|100/100|[from] item: Leftovers
|upkeep
|turn|225
|inactive|claudechamp has 60 seconds left.
|
|t:|1779840523
|switch|p1a: Dondozo|Dondozo, M, tera:Dark|100/100
|switch|p2a: Corviknight|Corviknight, M|100/100
|-ability|p2a: Corviknight|Pressure
|
|upkeep
|turn|226
|inactive|claudechamp has 60 seconds left.
|
|t:|1779840531
|switch|p2a: Dondozo|Dondozo, M|100/100
|move|p1a: Dondozo|Curse|p1a: Dondozo
|-unboost|p1a: Dondozo|spe|1
|-boost|p1a: Dondozo|atk|1
|-boost|p1a: Dondozo|def|1
|
|upkeep
|turn|227
|
|t:|1779840543
|switch|p2a: Corviknight|Corviknight, M|100/100
|-ability|p2a: Corviknight|Pressure
|switch|p1a: Ting-Lu|Ting-Lu|100/100
|-ability|p1a: Ting-Lu|Vessel of Ruin
|
|upkeep
|turn|228
|
|t:|1779840546
|switch|p2a: Dondozo|Dondozo, M|100/100
|move|p1a: Ting-Lu|Sleep Talk||[still]
|-fail|p1a: Ting-Lu
|
|upkeep
|turn|229
|
|t:|1779840553
|switch|p1a: Dondozo|Dondozo, M, tera:Dark|100/100
|switch|p2a: Corviknight|Corviknight, M|100/100
|-ability|p2a: Corviknight|Pressure
|
|upkeep
|turn|230
|
|t:|1779840555
|switch|p2a: Dondozo|Dondozo, M|100/100
|move|p1a: Dondozo|Curse|p1a: Dondozo
|-unboost|p1a: Dondozo|spe|1
|-boost|p1a: Dondozo|atk|1
|-boost|p1a: Dondozo|def|1
|
|upkeep
|turn|231
|inactive|Kichimura Washuu has 60 seconds left.
|
|t:|1779840571
|switch|p2a: Corviknight|Corviknight, M|100/100
|-ability|p2a: Corviknight|Pressure
|switch|p1a: Ting-Lu|Ting-Lu|100/100
|-ability|p1a: Ting-Lu|Vessel of Ruin
|
|upkeep
|turn|232
|
|t:|1779840573
|switch|p2a: Dondozo|Dondozo, M|100/100
|move|p1a: Ting-Lu|Sleep Talk||[still]
|-fail|p1a: Ting-Lu
|
|upkeep
|turn|233
|inactive|claudechamp has 60 seconds left.
|
|t:|1779840581
|switch|p1a: Dondozo|Dondozo, M, tera:Dark|100/100
|switch|p2a: Corviknight|Corviknight, M|100/100
|-ability|p2a: Corviknight|Pressure
|
|upkeep
|turn|234
|inactive|claudechamp has 60 seconds left.
|
|t:|1779840590
|switch|p2a: Dondozo|Dondozo, M|100/100
|move|p1a: Dondozo|Curse|p1a: Dondozo
|-unboost|p1a: Dondozo|spe|1
|-boost|p1a: Dondozo|atk|1
|-boost|p1a: Dondozo|def|1
|
|upkeep
|turn|235
|inactive|Kichimura Washuu has 60 seconds left.
|
|t:|1779840605
|switch|p2a: Corviknight|Corviknight, M|100/100
|-ability|p2a: Corviknight|Pressure
|switch|p1a: Ting-Lu|Ting-Lu|100/100
|-ability|p1a: Ting-Lu|Vessel of Ruin
|
|upkeep
|turn|236
|
|t:|1779840611
|switch|p2a: Dondozo|Dondozo, M|100/100
|move|p1a: Ting-Lu|Sleep Talk||[still]
|-fail|p1a: Ting-Lu
|
|upkeep
|turn|237
|
|t:|1779840617
|switch|p1a: Dondozo|Dondozo, M, tera:Dark|100/100
|switch|p2a: Corviknight|Corviknight, M|100/100
|-ability|p2a: Corviknight|Pressure
|
|upkeep
|turn|238
|
|t:|1779840621
|switch|p2a: Dondozo|Dondozo, M|100/100
|switch|p1a: Ting-Lu|Ting-Lu|100/100
|-ability|p1a: Ting-Lu|Vessel of Ruin
|
|upkeep
|turn|239
|
|t:|1779840637
|switch|p1a: Dondozo|Dondozo, M, tera:Dark|100/100
|switch|p2a: Corviknight|Corviknight, M|100/100
|-ability|p2a: Corviknight|Pressure
|
|upkeep
|turn|240
|
|t:|1779840639
|switch|p2a: Dondozo|Dondozo, M|100/100
|switch|p1a: Ting-Lu|Ting-Lu|100/100
|-ability|p1a: Ting-Lu|Vessel of Ruin
|
|upkeep
|turn|241
|c|☆Kichimura Washuu|If you forfeit I can win.
|
|t:|1779840646
|switch|p1a: Dondozo|Dondozo, M, tera:Dark|100/100
|switch|p2a: Corviknight|Corviknight, M|100/100
|-ability|p2a: Corviknight|Pressure
|
|upkeep
|turn|242
|
|t:|1779840655
|switch|p2a: Dondozo|Dondozo, M|100/100
|switch|p1a: Ting-Lu|Ting-Lu|100/100
|-ability|p1a: Ting-Lu|Vessel of Ruin
|
|upkeep
|turn|243
|
|t:|1779840659
|switch|p1a: Dondozo|Dondozo, M, tera:Dark|100/100
|switch|p2a: Corviknight|Corviknight, M|100/100
|-ability|p2a: Corviknight|Pressure
|
|upkeep
|turn|244
|inactive|claudechamp has 60 seconds left.
|
|t:|1779840667
|switch|p2a: Dondozo|Dondozo, M|100/100
|switch|p1a: Ting-Lu|Ting-Lu|100/100
|-ability|p1a: Ting-Lu|Vessel of Ruin
|
|upkeep
|turn|245
|
|t:|1779840680
|switch|p1a: Dondozo|Dondozo, M, tera:Dark|100/100
|switch|p2a: Corviknight|Corviknight, M|100/100
|-ability|p2a: Corviknight|Pressure
|
|upkeep
|turn|246
|
|t:|1779840687
|switch|p2a: Dondozo|Dondozo, M|100/100
|switch|p1a: Ting-Lu|Ting-Lu|100/100
|-ability|p1a: Ting-Lu|Vessel of Ruin
|
|upkeep
|turn|247
|
|t:|1779840690
|switch|p1a: Dondozo|Dondozo, M, tera:Dark|100/100
|switch|p2a: Corviknight|Corviknight, M|100/100
|-ability|p2a: Corviknight|Pressure
|
|upkeep
|turn|248
|
|t:|1779840692
|switch|p2a: Dondozo|Dondozo, M|100/100
|switch|p1a: Ting-Lu|Ting-Lu|100/100
|-ability|p1a: Ting-Lu|Vessel of Ruin
|
|upkeep
|turn|249
|
|t:|1779840703
|switch|p1a: Dondozo|Dondozo, M, tera:Dark|100/100
|switch|p2a: Corviknight|Corviknight, M|100/100
|-ability|p2a: Corviknight|Pressure
|
|upkeep
|turn|250
|
|t:|1779840710
|switch|p2a: Dondozo|Dondozo, M|100/100
|switch|p1a: Ting-Lu|Ting-Lu|100/100
|-ability|p1a: Ting-Lu|Vessel of Ruin
|
|upkeep
|turn|251
|
|t:|1779840712
|switch|p1a: Dondozo|Dondozo, M, tera:Dark|100/100
|switch|p2a: Corviknight|Corviknight, M|100/100
|-ability|p2a: Corviknight|Pressure
|
|upkeep
|turn|252
|
|t:|1779840718
|switch|p2a: Dondozo|Dondozo, M|100/100
|switch|p1a: Ting-Lu|Ting-Lu|100/100
|-ability|p1a: Ting-Lu|Vessel of Ruin
|
|upkeep
|turn|253
|
|t:|1779840720
|switch|p1a: Dondozo|Dondozo, M, tera:Dark|100/100
|switch|p2a: Corviknight|Corviknight, M|100/100
|-ability|p2a: Corviknight|Pressure
|
|upkeep
|turn|254
|
|t:|1779840730
|switch|p1a: Ting-Lu|Ting-Lu|100/100
|-ability|p1a: Ting-Lu|Vessel of Ruin
|move|p2a: Corviknight|U-turn|p1a: Ting-Lu
|-supereffective|p1a: Ting-Lu
|-damage|p1a: Ting-Lu|83/100
|
|t:|1779840732
|switch|p2a: Dondozo|Dondozo, M|100/100|[from] U-turn
|
|-heal|p1a: Ting-Lu|89/100|[from] item: Leftovers
|upkeep
|turn|255
|
|t:|1779840745
|switch|p2a: Corviknight|Corviknight, M|100/100
|-ability|p2a: Corviknight|Pressure
|move|p1a: Ting-Lu|Rest|p1a: Ting-Lu
|-status|p1a: Ting-Lu|slp|[from] move: Rest
|-heal|p1a: Ting-Lu|100/100 slp|[silent]
|
|upkeep
|turn|256
|
|t:|1779840758
|switch|p2a: Dondozo|Dondozo, M|100/100
|cant|p1a: Ting-Lu|slp
|move|p1a: Ting-Lu|Sleep Talk|p1a: Ting-Lu
|move|p1a: Ting-Lu|Earthquake|p2a: Dondozo|[from] move: Sleep Talk
|-damage|p2a: Dondozo|85/100
|
|-heal|p2a: Dondozo|92/100|[from] item: Leftovers
|upkeep
|turn|257
|
|t:|1779840770
|switch|p1a: Dondozo|Dondozo, M, tera:Dark|100/100
|switch|p2a: Corviknight|Corviknight, M|100/100
|-ability|p2a: Corviknight|Pressure
|
|upkeep
|turn|258
|inactive|Kichimura Washuu has 30 seconds left.
|
|t:|1779840779
|switch|p2a: Dondozo|Dondozo, M|92/100
|switch|p1a: Ting-Lu|Ting-Lu|100/100 slp
|-ability|p1a: Ting-Lu|Vessel of Ruin
|
|-heal|p2a: Dondozo|98/100|[from] item: Leftovers
|upkeep
|turn|259
|inactive|Kichimura Washuu has 30 seconds left.
|inactive|Kichimura Washuu has 20 seconds left.
|inactive|Kichimura Washuu has 15 seconds left.
|
|t:|1779840802
|switch|p1a: Dondozo|Dondozo, M, tera:Dark|100/100
|switch|p2a: Corviknight|Corviknight, M|100/100
|-ability|p2a: Corviknight|Pressure
|
|upkeep
|turn|260
|inactive|Kichimura Washuu has 15 seconds left this turn.
|inactive|Kichimura Washuu has 10 seconds left.
|
|t:|1779840808
|switch|p2a: Dondozo|Dondozo, M|98/100
|switch|p1a: Ting-Lu|Ting-Lu|100/100 slp
|-ability|p1a: Ting-Lu|Vessel of Ruin
|
|-heal|p2a: Dondozo|100/100|[from] item: Leftovers
|upkeep
|turn|261
|inactive|Kichimura Washuu has 15 seconds left this turn.
|inactive|Kichimura Washuu has 10 seconds left.
|
|t:|1779840815
|switch|p1a: Dondozo|Dondozo, M, tera:Dark|100/100
|switch|p2a: Corviknight|Corviknight, M|100/100
|-ability|p2a: Corviknight|Pressure
|
|upkeep
|turn|262
|inactive|Kichimura Washuu has 10 seconds left this turn.
|
|t:|1779840825
|switch|p2a: Dondozo|Dondozo, M|100/100
|switch|p1a: Ting-Lu|Ting-Lu|100/100 slp
|-ability|p1a: Ting-Lu|Vessel of Ruin
|
|upkeep
|turn|263
|inactive|Kichimura Washuu has 15 seconds left this turn.
|
|t:|1779840834
|switch|p1a: Dondozo|Dondozo, M, tera:Dark|100/100
|switch|p2a: Corviknight|Corviknight, M|100/100
|-ability|p2a: Corviknight|Pressure
|
|upkeep
|turn|264
|inactive|Kichimura Washuu has 15 seconds left this turn.
|
|t:|1779840837
|switch|p2a: Dondozo|Dondozo, M|100/100
|switch|p1a: Ting-Lu|Ting-Lu|100/100 slp
|-ability|p1a: Ting-Lu|Vessel of Ruin
|
|upkeep
|turn|265
|inactive|Kichimura Washuu has 20 seconds left this turn.
|
|t:|1779840839
|switch|p1a: Dondozo|Dondozo, M, tera:Dark|100/100
|switch|p2a: Corviknight|Corviknight, M|100/100
|-ability|p2a: Corviknight|Pressure
|
|upkeep
|turn|266
|inactive|Kichimura Washuu has 20 seconds left this turn.
|
|t:|1779840848
|switch|p2a: Dondozo|Dondozo, M|100/100
|switch|p1a: Ting-Lu|Ting-Lu|100/100 slp
|-ability|p1a: Ting-Lu|Vessel of Ruin
|
|upkeep
|turn|267
|inactive|Kichimura Washuu has 25 seconds left this turn.
|
|t:|1779840857
|switch|p1a: Dondozo|Dondozo, M, tera:Dark|100/100
|switch|p2a: Corviknight|Corviknight, M|100/100
|-ability|p2a: Corviknight|Pressure
|
|upkeep
|turn|268
|inactive|Kichimura Washuu has 25 seconds left this turn.
|
|t:|1779840867
|switch|p2a: Dondozo|Dondozo, M|100/100
|switch|p1a: Ting-Lu|Ting-Lu|100/100 slp
|-ability|p1a: Ting-Lu|Vessel of Ruin
|
|upkeep
|turn|269
|inactive|Kichimura Washuu has 30 seconds left this turn.
|
|t:|1779840874
|switch|p1a: Dondozo|Dondozo, M, tera:Dark|100/100
|switch|p2a: Corviknight|Corviknight, M|100/100
|-ability|p2a: Corviknight|Pressure
|
|upkeep
|turn|270
|inactive|Kichimura Washuu has 30 seconds left this turn.
|
|t:|1779840881
|switch|p2a: Dondozo|Dondozo, M|100/100
|switch|p1a: Ting-Lu|Ting-Lu|100/100 slp
|-ability|p1a: Ting-Lu|Vessel of Ruin
|
|upkeep
|turn|271
|inactive|Kichimura Washuu has 30 seconds left.
|
|t:|1779840887
|switch|p1a: Dondozo|Dondozo, M, tera:Dark|100/100
|switch|p2a: Corviknight|Corviknight, M|100/100
|-ability|p2a: Corviknight|Pressure
|
|upkeep
|turn|272
|inactive|Kichimura Washuu has 30 seconds left this turn.
|
|t:|1779840889
|switch|p2a: Dondozo|Dondozo, M|100/100
|switch|p1a: Ting-Lu|Ting-Lu|100/100 slp
|-ability|p1a: Ting-Lu|Vessel of Ruin
|
|upkeep
|turn|273
|
|t:|1779840892
|switch|p1a: Dondozo|Dondozo, M, tera:Dark|100/100
|switch|p2a: Corviknight|Corviknight, M|100/100
|-ability|p2a: Corviknight|Pressure
|
|upkeep
|turn|274
|
|t:|1779840895
|switch|p2a: Dondozo|Dondozo, M|100/100
|switch|p1a: Ting-Lu|Ting-Lu|100/100 slp
|-ability|p1a: Ting-Lu|Vessel of Ruin
|
|upkeep
|turn|275
|inactive|Kichimura Washuu has 30 seconds left.
|
|t:|1779840914
|switch|p1a: Dondozo|Dondozo, M, tera:Dark|100/100
|switch|p2a: Corviknight|Corviknight, M|100/100
|-ability|p2a: Corviknight|Pressure
|
|upkeep
|turn|276
|inactive|Kichimura Washuu has 25 seconds left this turn.
|
|t:|1779840918
|switch|p2a: Dondozo|Dondozo, M|100/100
|switch|p1a: Ting-Lu|Ting-Lu|100/100 slp
|-ability|p1a: Ting-Lu|Vessel of Ruin
|
|upkeep
|turn|277
|inactive|Kichimura Washuu has 30 seconds left this turn.
|
|t:|1779840920
|switch|p1a: Dondozo|Dondozo, M, tera:Dark|100/100
|switch|p2a: Corviknight|Corviknight, M|100/100
|-ability|p2a: Corviknight|Pressure
|
|upkeep
|turn|278
|inactive|Kichimura Washuu has 30 seconds left this turn.
|
|t:|1779840922
|switch|p2a: Dondozo|Dondozo, M|100/100
|switch|p1a: Ting-Lu|Ting-Lu|100/100 slp
|-ability|p1a: Ting-Lu|Vessel of Ruin
|
|upkeep
|turn|279
|
|t:|1779840925
|switch|p1a: Dondozo|Dondozo, M, tera:Dark|100/100
|switch|p2a: Corviknight|Corviknight, M|100/100
|-ability|p2a: Corviknight|Pressure
|
|upkeep
|turn|280
|
|t:|1779840928
|switch|p2a: Dondozo|Dondozo, M|100/100
|switch|p1a: Ting-Lu|Ting-Lu|100/100 slp
|-ability|p1a: Ting-Lu|Vessel of Ruin
|
|upkeep
|turn|281
|
|t:|1779840932
|switch|p1a: Dondozo|Dondozo, M, tera:Dark|100/100
|switch|p2a: Corviknight|Corviknight, M|100/100
|-ability|p2a: Corviknight|Pressure
|
|upkeep
|turn|282
|inactive|claudechamp has 60 seconds left.
|
|t:|1779840939
|switch|p2a: Dondozo|Dondozo, M|100/100
|switch|p1a: Ting-Lu|Ting-Lu|100/100 slp
|-ability|p1a: Ting-Lu|Vessel of Ruin
|
|upkeep
|turn|283
|inactive|claudechamp has 60 seconds left.
|
|t:|1779840948
|switch|p1a: Dondozo|Dondozo, M, tera:Dark|100/100
|switch|p2a: Corviknight|Corviknight, M|100/100
|-ability|p2a: Corviknight|Pressure
|
|upkeep
|turn|284
|
|t:|1779840954
|switch|p2a: Dondozo|Dondozo, M|100/100
|switch|p1a: Ting-Lu|Ting-Lu|100/100 slp
|-ability|p1a: Ting-Lu|Vessel of Ruin
|
|upkeep
|turn|285
|
|t:|1779840958
|switch|p1a: Dondozo|Dondozo, M, tera:Dark|100/100
|switch|p2a: Corviknight|Corviknight, M|100/100
|-ability|p2a: Corviknight|Pressure
|
|upkeep
|turn|286
|
|t:|1779840960
|switch|p2a: Dondozo|Dondozo, M|100/100
|switch|p1a: Ting-Lu|Ting-Lu|100/100 slp
|-ability|p1a: Ting-Lu|Vessel of Ruin
|
|upkeep
|turn|287
|
|t:|1779840963
|switch|p1a: Dondozo|Dondozo, M, tera:Dark|100/100
|switch|p2a: Corviknight|Corviknight, M|100/100
|-ability|p2a: Corviknight|Pressure
|
|upkeep
|turn|288
|inactive|claudechamp has 60 seconds left.
|
|t:|1779840968
|switch|p2a: Dondozo|Dondozo, M|100/100
|switch|p1a: Ting-Lu|Ting-Lu|100/100 slp
|-ability|p1a: Ting-Lu|Vessel of Ruin
|
|upkeep
|turn|289
|inactive|claudechamp has 60 seconds left.
|
|t:|1779840979
|switch|p1a: Dondozo|Dondozo, M, tera:Dark|100/100
|switch|p2a: Corviknight|Corviknight, M|100/100
|-ability|p2a: Corviknight|Pressure
|
|upkeep
|turn|290
|
|t:|1779840987
|switch|p2a: Dondozo|Dondozo, M|100/100
|switch|p1a: Ting-Lu|Ting-Lu|100/100 slp
|-ability|p1a: Ting-Lu|Vessel of Ruin
|
|upkeep
|turn|291
|c|☆Kichimura Washuu|If you win, I can forfeit.
|
|t:|1779841000
|switch|p1a: Dondozo|Dondozo, M, tera:Dark|100/100
|switch|p2a: Corviknight|Corviknight, M|100/100
|-ability|p2a: Corviknight|Pressure
|
|upkeep
|turn|292
|
|t:|1779841004
|switch|p2a: Dondozo|Dondozo, M|100/100
|switch|p1a: Ting-Lu|Ting-Lu|100/100 slp
|-ability|p1a: Ting-Lu|Vessel of Ruin
|
|upkeep
|turn|293
|
|t:|1779841010
|switch|p1a: Dondozo|Dondozo, M, tera:Dark|100/100
|switch|p2a: Corviknight|Corviknight, M|100/100
|-ability|p2a: Corviknight|Pressure
|
|upkeep
|turn|294
|
|t:|1779841014
|switch|p2a: Dondozo|Dondozo, M|100/100
|switch|p1a: Ting-Lu|Ting-Lu|100/100 slp
|-ability|p1a: Ting-Lu|Vessel of Ruin
|
|upkeep
|turn|295
|
|t:|1779841016
|switch|p1a: Dondozo|Dondozo, M, tera:Dark|100/100
|switch|p2a: Corviknight|Corviknight, M|100/100
|-ability|p2a: Corviknight|Pressure
|
|upkeep
|turn|296
|inactive|claudechamp has 60 seconds left.
|
|t:|1779841024
|switch|p2a: Dondozo|Dondozo, M|100/100
|switch|p1a: Ting-Lu|Ting-Lu|100/100 slp
|-ability|p1a: Ting-Lu|Vessel of Ruin
|
|upkeep
|turn|297
|inactive|claudechamp has 60 seconds left.
|
|t:|1779841032
|switch|p1a: Dondozo|Dondozo, M, tera:Dark|100/100
|switch|p2a: Corviknight|Corviknight, M|100/100
|-ability|p2a: Corviknight|Pressure
|
|upkeep
|turn|298
|inactive|Kichimura Washuu has 30 seconds left.
|
|t:|1779841062
|switch|p2a: Dondozo|Dondozo, M|100/100
|switch|p1a: Ting-Lu|Ting-Lu|100/100 slp
|-ability|p1a: Ting-Lu|Vessel of Ruin
|
|upkeep
|turn|299
|inactive|Kichimura Washuu has 30 seconds left.
|
|t:|1779841072
|switch|p1a: Dondozo|Dondozo, M, tera:Dark|100/100
|switch|p2a: Corviknight|Corviknight, M|100/100
|-ability|p2a: Corviknight|Pressure
|
|upkeep
|turn|300
|inactive|Kichimura Washuu has 25 seconds left this turn.
|inactive|Kichimura Washuu has 20 seconds left.
|
|t:|1779841078
|switch|p2a: Dondozo|Dondozo, M|100/100
|switch|p1a: Ting-Lu|Ting-Lu|100/100 slp
|-ability|p1a: Ting-Lu|Vessel of Ruin
|
|upkeep
|turn|301
|inactive|Kichimura Washuu has 25 seconds left this turn.
|inactive|Kichimura Washuu has 20 seconds left.
|
|t:|1779841083
|switch|p1a: Dondozo|Dondozo, M, tera:Dark|100/100
|switch|p2a: Corviknight|Corviknight, M|100/100
|-ability|p2a: Corviknight|Pressure
|
|upkeep
|turn|302
|inactive|Kichimura Washuu has 20 seconds left this turn.
|inactive|claudechamp has 60 seconds left.
|
|t:|1779841088
|switch|p2a: Dondozo|Dondozo, M|100/100
|switch|p1a: Ting-Lu|Ting-Lu|100/100 slp
|-ability|p1a: Ting-Lu|Vessel of Ruin
|
|upkeep
|turn|303
|inactive|Kichimura Washuu has 25 seconds left this turn.
|c|☆Kichimura Washuu|Your team is strong. I can tell your Pokémon admire you, based off the way they look at you.
|inactive|claudechamp has 60 seconds left.
|inactive|Kichimura Washuu has 20 seconds left.
|
|t:|1779841100
|switch|p1a: Dondozo|Dondozo, M, tera:Dark|100/100
|switch|p2a: Corviknight|Corviknight, M|100/100
|-ability|p2a: Corviknight|Pressure
|
|upkeep
|turn|304
|inactive|Kichimura Washuu has 20 seconds left this turn.
|
|t:|1779841109
|switch|p2a: Dondozo|Dondozo, M|100/100
|switch|p1a: Ting-Lu|Ting-Lu|100/100 slp
|-ability|p1a: Ting-Lu|Vessel of Ruin
|
|upkeep
|turn|305
|inactive|Kichimura Washuu has 25 seconds left this turn.
|
|t:|1779841116
|switch|p1a: Dondozo|Dondozo, M, tera:Dark|100/100
|switch|p2a: Corviknight|Corviknight, M|100/100
|-ability|p2a: Corviknight|Pressure
|
|upkeep
|turn|306
|inactive|Kichimura Washuu has 25 seconds left this turn.
|
|t:|1779841118
|switch|p2a: Dondozo|Dondozo, M|100/100
|switch|p1a: Ting-Lu|Ting-Lu|100/100 slp
|-ability|p1a: Ting-Lu|Vessel of Ruin
|
|upkeep
|turn|307
|inactive|Kichimura Washuu has 30 seconds left this turn.
|
|t:|1779841119
|switch|p1a: Dondozo|Dondozo, M, tera:Dark|100/100
|switch|p2a: Corviknight|Corviknight, M|100/100
|-ability|p2a: Corviknight|Pressure
|
|upkeep
|turn|308
|inactive|Kichimura Washuu has 30 seconds left this turn.
|
|t:|1779841121
|switch|p2a: Dondozo|Dondozo, M|100/100
|switch|p1a: Ting-Lu|Ting-Lu|100/100 slp
|-ability|p1a: Ting-Lu|Vessel of Ruin
|
|upkeep
|turn|309
|
|t:|1779841123
|switch|p1a: Dondozo|Dondozo, M, tera:Dark|100/100
|switch|p2a: Corviknight|Corviknight, M|100/100
|-ability|p2a: Corviknight|Pressure
|
|upkeep
|turn|310
|
|t:|1779841130
|switch|p2a: Dondozo|Dondozo, M|100/100
|switch|p1a: Ting-Lu|Ting-Lu|100/100 slp
|-ability|p1a: Ting-Lu|Vessel of Ruin
|
|upkeep
|turn|311
|
|t:|1779841138
|switch|p1a: Dondozo|Dondozo, M, tera:Dark|100/100
|switch|p2a: Corviknight|Corviknight, M|100/100
|-ability|p2a: Corviknight|Pressure
|
|upkeep
|turn|312
|
|t:|1779841145
|switch|p2a: Dondozo|Dondozo, M|100/100
|switch|p1a: Ting-Lu|Ting-Lu|100/100 slp
|-ability|p1a: Ting-Lu|Vessel of Ruin
|
|upkeep
|turn|313
|
|t:|1779841147
|switch|p1a: Dondozo|Dondozo, M, tera:Dark|100/100
|switch|p2a: Corviknight|Corviknight, M|100/100
|-ability|p2a: Corviknight|Pressure
|
|upkeep
|turn|314
|
|t:|1779841149
|switch|p2a: Dondozo|Dondozo, M|100/100
|switch|p1a: Ting-Lu|Ting-Lu|100/100 slp
|-ability|p1a: Ting-Lu|Vessel of Ruin
|
|upkeep
|turn|315
|
|t:|1779841156
|switch|p1a: Dondozo|Dondozo, M, tera:Dark|100/100
|switch|p2a: Corviknight|Corviknight, M|100/100
|-ability|p2a: Corviknight|Pressure
|
|upkeep
|turn|316
|inactive|Kichimura Washuu has 30 seconds left.
|inactive|Kichimura Washuu has 20 seconds left.
|inactive|Kichimura Washuu has 15 seconds left.
|
|t:|1779841192
|switch|p1a: Ting-Lu|Ting-Lu|100/100 slp
|-ability|p1a: Ting-Lu|Vessel of Ruin
|move|p2a: Corviknight|U-turn|p1a: Ting-Lu
|-supereffective|p1a: Ting-Lu
|-crit|p1a: Ting-Lu
|-damage|p1a: Ting-Lu|76/100 slp
|inactive|Kichimura Washuu has 20 seconds left this turn.
|
|t:|1779841194
|switch|p2a: Dondozo|Dondozo, M|100/100|[from] U-turn
|
|-heal|p1a: Ting-Lu|83/100 slp|[from] item: Leftovers
|upkeep
|turn|317
|inactive|Kichimura Washuu has 20 seconds left this turn.
|
|t:|1779841198
|switch|p2a: Corviknight|Corviknight, M|100/100
|-ability|p2a: Corviknight|Pressure
|cant|p1a: Ting-Lu|slp
|
|-heal|p1a: Ting-Lu|89/100 slp|[from] item: Leftovers
|upkeep
|turn|318
|inactive|Kichimura Washuu has 25 seconds left this turn.
|inactive|Kichimura Washuu has 20 seconds left.
|inactive|Kichimura Washuu has 15 seconds left.
|
|t:|1779841208
|switch|p2a: Dondozo|Dondozo, M|100/100
|-curestatus|p1a: Ting-Lu|slp|[msg]
|move|p1a: Ting-Lu|Rest|p1a: Ting-Lu
|-status|p1a: Ting-Lu|slp|[from] move: Rest
|-heal|p1a: Ting-Lu|100/100 slp|[silent]
|
|upkeep
|turn|319
|inactive|Kichimura Washuu has 15 seconds left this turn.
|inactive|claudechamp has 60 seconds left.
|inactive|Kichimura Washuu has 10 seconds left.
|
|t:|1779841215
|switch|p2a: Corviknight|Corviknight, M|100/100
|-ability|p2a: Corviknight|Pressure
|cant|p1a: Ting-Lu|slp
|
|upkeep
|turn|320
|inactive|Kichimura Washuu has 15 seconds left this turn.
|inactive|claudechamp has 60 seconds left.
|inactive|Kichimura Washuu has 10 seconds left.
|
|t:|1779841223
|switch|p2a: Dondozo|Dondozo, M|100/100
|cant|p1a: Ting-Lu|slp
|move|p1a: Ting-Lu|Sleep Talk|p1a: Ting-Lu
|move|p1a: Ting-Lu|Payback|p2a: Dondozo|[from] move: Sleep Talk
|-damage|p2a: Dondozo|93/100
|
|-heal|p2a: Dondozo|99/100|[from] item: Leftovers
|upkeep
|turn|321
|inactive|Kichimura Washuu has 10 seconds left this turn.
|
|t:|1779841232
|switch|p1a: Dondozo|Dondozo, M, tera:Dark|100/100
|switch|p2a: Corviknight|Corviknight, M|100/100
|-ability|p2a: Corviknight|Pressure
|
|upkeep
|turn|322
|inactive|Kichimura Washuu has 15 seconds left this turn.
|
|t:|1779841234
|switch|p2a: Dondozo|Dondozo, M|99/100
|move|p1a: Dondozo|Curse|p1a: Dondozo
|-unboost|p1a: Dondozo|spe|1
|-boost|p1a: Dondozo|atk|1
|-boost|p1a: Dondozo|def|1
|
|-heal|p2a: Dondozo|100/100|[from] item: Leftovers
|upkeep
|turn|323
|inactive|Kichimura Washuu has 15 seconds left this turn.
|inactive|Kichimura Washuu has 10 seconds left.
|
|t:|1779841241
|switch|p2a: Corviknight|Corviknight, M|100/100
|-ability|p2a: Corviknight|Pressure
|switch|p1a: Ting-Lu|Ting-Lu|100/100 slp
|-ability|p1a: Ting-Lu|Vessel of Ruin
|
|upkeep
|turn|324
|inactive|Kichimura Washuu has 15 seconds left this turn.
|inactive|Kichimura Washuu has 10 seconds left.
|
|t:|1779841248
|switch|p2a: Dondozo|Dondozo, M|100/100
|-curestatus|p1a: Ting-Lu|slp|[msg]
|move|p1a: Ting-Lu|Sleep Talk||[still]
|-fail|p1a: Ting-Lu
|
|upkeep
|turn|325
|inactive|Kichimura Washuu has 10 seconds left this turn.
|inactive|claudechamp has 60 seconds left.
|inactive|Kichimura Washuu has 5 seconds left.
|-message|Kichimura Washuu lost due to inactivity.
|
|win|claudechamp
|raw|claudechamp's rating: 1203 &rarr; <strong>1232</strong><br />(+29 for winning)
|raw|Kichimura Washuu's rating: 1261 &rarr; <strong>1232</strong><br />(-29 for losing)
|c|☆claudechamp|gg
