|j|☆Karmasiren
|j|☆mythiixx
|t:|1779803418
|gametype|singles
|player|p1|Karmasiren|skyla|1575
|player|p2|mythiixx|1|1601
|gen|9
|tier|[Gen 9] OU
|rated|
|rule|HP Percentage Mod: HP is shown in percentages
|rule|Endless Battle Clause: Forcing endless battles is banned
|rule|Species Clause: Limit one of each Pokémon
|rule|OHKO Clause: OHKO moves are banned
|rule|Evasion Items Clause: Evasion items are banned
|rule|Evasion Moves Clause: Evasion moves are banned
|rule|Evasion Abilities Clause: Evasion abilities are banned
|rule|Sleep Moves Clause: Sleep-inducing moves are banned
|clearpoke
|poke|p1|Hoopa-Unbound|
|poke|p1|Kingambit, F|
|poke|p1|Samurott-Hisui, M|
|poke|p1|Landorus-Therian, M|
|poke|p1|Iron Valiant|
|poke|p1|Gholdengo|
|poke|p2|Meowscarada, F|
|poke|p2|Gholdengo|
|poke|p2|Slowking-Galar, F|
|poke|p2|Cinderace, F|
|poke|p2|Garganacl, M|
|poke|p2|Zamazenta-*|
|teampreview
|
|t:|1779803438
|teamsize|p1|6
|teamsize|p2|6
|start
|switch|p1a: Jon Stones|Landorus-Therian, M, shiny|100/100
|switch|p2a: Meowscarada|Meowscarada, F, shiny|100/100
|-ability|p1a: Jon Stones|Intimidate|boost
|-unboost|p2a: Meowscarada|atk|1
|turn|1
|
|t:|1779803446
|move|p2a: Meowscarada|Triple Axel|p1a: Jon Stones
|-start|p2a: Meowscarada|typechange|Ice|[from] ability: Protean
|-supereffective|p1a: Jon Stones
|-damage|p1a: Jon Stones|66/100
|-damage|p2a: Meowscarada|84/100|[from] item: Rocky Helmet|[of] p1a: Jon Stones
|-supereffective|p1a: Jon Stones
|-crit|p1a: Jon Stones
|-damage|p1a: Jon Stones|0 fnt
|-damage|p2a: Meowscarada|68/100|[from] item: Rocky Helmet|[of] p1a: Jon Stones
|faint|p1a: Jon Stones
|-hitcount|p1: Jon Stones|2
|
|upkeep
|
|t:|1779803453
|switch|p1a: Clank Winatra|Iron Valiant, shiny|100/100
|-enditem|p1a: Clank Winatra|Booster Energy
|-activate|p1a: Clank Winatra|ability: Quark Drive|[fromitem]
|-start|p1a: Clank Winatra|quarkdrivespe
|turn|2
|
|t:|1779803460
|switch|p2a: Slowking|Slowking-Galar, F|100/100
|move|p1a: Clank Winatra|Swords Dance|p1a: Clank Winatra
|-boost|p1a: Clank Winatra|atk|2
|
|upkeep
|turn|3
|inactive|Battle timer is ON: inactive players will automatically lose when time's up. (requested by Karmasiren)
|
|t:|1779803481
|-terastallize|p1a: Clank Winatra|Steel
|-terastallize|p2a: Slowking|Water
|move|p1a: Clank Winatra|Swords Dance|p1a: Clank Winatra
|-boost|p1a: Clank Winatra|atk|2
|move|p2a: Slowking|Sludge Bomb|p1a: Clank Winatra
|-immune|p1a: Clank Winatra
|
|upkeep
|turn|4
|
|t:|1779803498
|switch|p2a: Gholdengo|Gholdengo|100/100
|-item|p2a: Gholdengo|Air Balloon
|move|p1a: Clank Winatra|Swords Dance|p1a: Clank Winatra
|-boost|p1a: Clank Winatra|atk|2
|
|upkeep
|turn|5
|
|t:|1779803505
|move|p1a: Clank Winatra|Knock Off|p2a: Gholdengo
|-supereffective|p2a: Gholdengo
|-damage|p2a: Gholdengo|0 fnt
|-enditem|p2a: Gholdengo|Air Balloon
|faint|p2a: Gholdengo
|
|upkeep
|
|t:|1779803508
|switch|p2a: Zamazenta|Zamazenta|100/100
|-ability|p2a: Zamazenta|Dauntless Shield|boost
|-boost|p2a: Zamazenta|def|1
|turn|6
|
|t:|1779803510
|move|p1a: Clank Winatra|Close Combat|p2a: Zamazenta
|-damage|p2a: Zamazenta|0 fnt
|-unboost|p1a: Clank Winatra|def|1
|-unboost|p1a: Clank Winatra|spd|1
|faint|p2a: Zamazenta
|
|upkeep
|-message|mythiixx forfeited.
|
|win|Karmasiren
|raw|Karmasiren's rating: 1575 &rarr; <strong>1596</strong><br />(+21 for winning)
|raw|mythiixx's rating: 1601 &rarr; <strong>1580</strong><br />(-21 for losing)
|l|☆mythiixx
|player|p2|
