|j|☆maxcondones
|j|☆sommeliersam
|t:|1779844098
|gametype|singles
|player|p1|maxcondones|265|1615
|player|p2|sommeliersam|1|1684
|gen|9
|tier|[Gen 9] OU
|rated|
|rule|HP Percentage Mod: HP is shown in percentages
|rule|Endless Battle Clause: Forcing endless battles is banned
|rule|Species Clause: Limit one of each Pokémon
|rule|OHKO Clause: OHKO moves are banned
|rule|Evasion Items Clause: Evasion items are banned
|rule|Evasion Moves Clause: Evasion moves are banned
|rule|Evasion Abilities Clause: Evasion abilities are banned
|rule|Sleep Moves Clause: Sleep-inducing moves are banned
|clearpoke
|poke|p1|Excadrill, F|
|poke|p1|Hippowdon, F|
|poke|p1|Landorus-Therian, M|
|poke|p1|Deoxys-Speed|
|poke|p1|Tyranitar, M|
|poke|p1|Tornadus-Therian, M|
|poke|p2|Samurott-Hisui, F|
|poke|p2|Dragonite, M|
|poke|p2|Gholdengo|
|poke|p2|Ting-Lu|
|poke|p2|Iron Valiant|
|poke|p2|Iron Moth|
|teampreview
|
|t:|1779844115
|teamsize|p1|6
|teamsize|p2|6
|start
|switch|p1a: Tornadus|Tornadus-Therian, M|100/100
|switch|p2a: Samurott|Samurott-Hisui, F|100/100
|turn|1
|
|t:|1779844125
|switch|p2a: Ting-Lu|Ting-Lu|100/100
|-ability|p2a: Ting-Lu|Vessel of Ruin
|move|p1a: Tornadus|Nasty Plot|p1a: Tornadus
|-boost|p1a: Tornadus|spa|2
|
|upkeep
|turn|2
|
|t:|1779844132
|move|p1a: Tornadus|Bleakwind Storm|p2a: Ting-Lu
|-damage|p2a: Ting-Lu|35/100
|-unboost|p2a: Ting-Lu|spe|1
|-damage|p1a: Tornadus|91/100|[from] item: Life Orb
|move|p2a: Ting-Lu|Payback|p1a: Tornadus
|-damage|p1a: Tornadus|37/100
|
|upkeep
|turn|3
|
|t:|1779844139
|move|p1a: Tornadus|Bleakwind Storm|p2a: Ting-Lu
|-damage|p2a: Ting-Lu|0 fnt
|faint|p2a: Ting-Lu
|-damage|p1a: Tornadus|28/100|[from] item: Life Orb
|
|upkeep
|
|t:|1779844155
|switch|p2a: Samurott|Samurott-Hisui, F|100/100
|turn|4
|
|t:|1779844167
|switch|p1a: Hippowdon|Hippowdon, F|100/100
|-weather|Sandstorm|[from] ability: Sand Stream|[of] p1a: Hippowdon
|move|p2a: Samurott|Razor Shell|p1a: Hippowdon
|-supereffective|p1a: Hippowdon
|-damage|p1a: Hippowdon|49/100
|-unboost|p1a: Hippowdon|def|1
|-enditem|p1a: Hippowdon|Eject Button
|
|t:|1779844178
|switch|p1a: Excadrill|Excadrill, F|100/100
|
|-weather|Sandstorm|[upkeep]
|-damage|p2a: Samurott|94/100|[from] Sandstorm
|upkeep
|turn|5
|
|t:|1779844183
|switch|p2a: Gholdengo|Gholdengo|100/100
|-item|p2a: Gholdengo|Air Balloon
|move|p1a: Excadrill|Earthquake|p2a: Gholdengo
|-immune|p2a: Gholdengo
|
|-weather|Sandstorm|[upkeep]
|upkeep
|turn|6
|
|t:|1779844197
|switch|p1a: Landorus|Landorus-Therian, M|100/100
|-ability|p1a: Landorus|Intimidate|boost
|-unboost|p2a: Gholdengo|atk|1
|move|p2a: Gholdengo|Focus Blast|p1a: Landorus|[miss]
|-miss|p2a: Gholdengo|p1a: Landorus
|
|-weather|Sandstorm|[upkeep]
|upkeep
|turn|7
|
|t:|1779844232
|switch|p2a: Dragonite|Dragonite, M|100/100
|move|p1a: Landorus|U-turn|p2a: Dragonite
|-resisted|p2a: Dragonite
|-damage|p2a: Dragonite|95/100
|
|t:|1779844249
|switch|p1a: Excadrill|Excadrill, F|100/100|[from] U-turn
|
|-weather|Sandstorm|[upkeep]
|-damage|p2a: Dragonite|89/100|[from] Sandstorm
|upkeep
|turn|8
|
|t:|1779844253
|move|p1a: Excadrill|Iron Head|p2a: Dragonite
|-damage|p2a: Dragonite|18/100
|move|p2a: Dragonite|Earthquake|p1a: Excadrill
|-supereffective|p1a: Excadrill
|-damage|p1a: Excadrill|1/100
|
|-weather|none
|upkeep
|turn|9
|
|t:|1779844260
|switch|p1a: Landorus|Landorus-Therian, M|100/100
|-ability|p1a: Landorus|Intimidate|boost
|-unboost|p2a: Dragonite|atk|1
|move|p2a: Dragonite|Extreme Speed|p1a: Landorus
|-damage|p1a: Landorus|83/100
|-damage|p2a: Dragonite|1/100|[from] item: Rocky Helmet|[of] p1a: Landorus
|
|upkeep
|turn|10
|
|t:|1779844266
|switch|p1a: Hippowdon|Hippowdon, F|49/100
|-weather|Sandstorm|[from] ability: Sand Stream|[of] p1a: Hippowdon
|move|p2a: Dragonite|Ice Spinner|p1a: Hippowdon
|-supereffective|p1a: Hippowdon
|-damage|p1a: Hippowdon|27/100
|
|-weather|Sandstorm|[upkeep]
|-damage|p2a: Dragonite|0 fnt|[from] Sandstorm
|faint|p2a: Dragonite
|upkeep
|j| HonchkrowLover27
|
|t:|1779844268
|switch|p2a: Samurott|Samurott-Hisui, F|94/100
|turn|11
|
|t:|1779844287
|switch|p1a: Landorus|Landorus-Therian, M|83/100
|-ability|p1a: Landorus|Intimidate|boost
|-unboost|p2a: Samurott|atk|1
|move|p2a: Samurott|Razor Shell|p1a: Landorus
|-supereffective|p1a: Landorus
|-damage|p1a: Landorus|20/100
|-unboost|p1a: Landorus|def|1
|-damage|p2a: Samurott|78/100|[from] item: Rocky Helmet|[of] p1a: Landorus
|
|-weather|Sandstorm|[upkeep]
|-damage|p2a: Samurott|72/100|[from] Sandstorm
|upkeep
|turn|12
|
|t:|1779844296
|move|p2a: Samurott|Razor Shell|p1a: Landorus
|-supereffective|p1a: Landorus
|-damage|p1a: Landorus|0 fnt
|-damage|p2a: Samurott|55/100|[from] item: Rocky Helmet|[of] p1a: Landorus
|faint|p1a: Landorus
|
|-weather|Sandstorm|[upkeep]
|-damage|p2a: Samurott|49/100|[from] Sandstorm
|upkeep
|
|t:|1779844304
|switch|p1a: Excadrill|Excadrill, F|1/100
|turn|13
|
|t:|1779844307
|switch|p2a: Gholdengo|Gholdengo|100/100
|-item|p2a: Gholdengo|Air Balloon
|move|p1a: Excadrill|Iron Head|p2a: Gholdengo
|-resisted|p2a: Gholdengo
|-damage|p2a: Gholdengo|57/100
|-enditem|p2a: Gholdengo|Air Balloon
|
|-weather|Sandstorm|[upkeep]
|upkeep
|turn|14
|
|t:|1779844322
|move|p1a: Excadrill|Iron Head|p2a: Gholdengo
|-resisted|p2a: Gholdengo
|-damage|p2a: Gholdengo|18/100
|move|p2a: Gholdengo|Make It Rain|p1a: Excadrill
|-resisted|p1a: Excadrill
|-damage|p1a: Excadrill|0 fnt
|-unboost|p2a: Gholdengo|spa|1
|faint|p1a: Excadrill
|
|-weather|none
|upkeep
|l| HonchkrowLover27
|
|t:|1779844339
|switch|p1a: Tornadus|Tornadus-Therian, M|61/100
|turn|15
|
|t:|1779844344
|move|p1a: Tornadus|Heat Wave|p2a: Gholdengo
|-supereffective|p2a: Gholdengo
|-damage|p2a: Gholdengo|0 fnt
|faint|p2a: Gholdengo
|-damage|p1a: Tornadus|51/100|[from] item: Life Orb
|
|upkeep
|
|t:|1779844351
|switch|p2a: Samurott|Samurott-Hisui, F|49/100
|turn|16
|
|t:|1779844358
|switch|p1a: Hippowdon|Hippowdon, F|27/100
|-weather|Sandstorm|[from] ability: Sand Stream|[of] p1a: Hippowdon
|move|p2a: Samurott|Ceaseless Edge|p1a: Hippowdon
|-damage|p1a: Hippowdon|6/100
|-sidestart|p1: maxcondones|Spikes
|
|-weather|Sandstorm|[upkeep]
|-damage|p2a: Samurott|43/100|[from] Sandstorm
|upkeep
|turn|17
|
|t:|1779844365
|move|p2a: Samurott|Ceaseless Edge|p1a: Hippowdon
|-damage|p1a: Hippowdon|0 fnt
|-sidestart|p1: maxcondones|Spikes
|faint|p1a: Hippowdon
|
|-weather|Sandstorm|[upkeep]
|-damage|p2a: Samurott|36/100|[from] Sandstorm
|upkeep
|
|t:|1779844373
|switch|p1a: Tornadus|Tornadus-Therian, M|84/100
|turn|18
|
|t:|1779844378
|switch|p2a: Iron Moth|Iron Moth|100/100
|-enditem|p2a: Iron Moth|Booster Energy
|-activate|p2a: Iron Moth|ability: Quark Drive|[fromitem]
|-start|p2a: Iron Moth|quarkdrivespe
|move|p1a: Tornadus|Grass Knot|p2a: Iron Moth
|-resisted|p2a: Iron Moth
|-damage|p2a: Iron Moth|94/100
|-damage|p1a: Tornadus|74/100|[from] item: Life Orb
|
|-weather|Sandstorm|[upkeep]
|-damage|p2a: Iron Moth|88/100|[from] Sandstorm
|-damage|p1a: Tornadus|68/100|[from] Sandstorm
|upkeep
|turn|19
|
|t:|1779844394
|switch|p1a: Tyranitar|Tyranitar, M|100/100
|-damage|p1a: Tyranitar|84/100|[from] Spikes
|move|p2a: Iron Moth|Substitute|p2a: Iron Moth
|-start|p2a: Iron Moth|Substitute
|-damage|p2a: Iron Moth|63/100
|
|-weather|Sandstorm|[upkeep]
|-damage|p2a: Iron Moth|57/100|[from] Sandstorm
|upkeep
|turn|20
|
|t:|1779844397
|move|p2a: Iron Moth|Energy Ball|p1a: Tyranitar
|-supereffective|p1a: Tyranitar
|-damage|p1a: Tyranitar|54/100
|-enditem|p1a: Tyranitar|Eject Button
|
|t:|1779844404
|switch|p1a: Tornadus|Tornadus-Therian, M|100/100
|
|-weather|none
|upkeep
|turn|21
|
|t:|1779844409
|move|p2a: Iron Moth|Fiery Dance|p1a: Tornadus
|-damage|p1a: Tornadus|49/100
|-boost|p2a: Iron Moth|spa|1
|move|p1a: Tornadus|Bleakwind Storm|p2a: Iron Moth
|-end|p2a: Iron Moth|Substitute
|-damage|p1a: Tornadus|40/100|[from] item: Life Orb
|
|upkeep
|turn|22
|
|t:|1779844416
|move|p2a: Iron Moth|Sludge Wave|p1a: Tornadus
|-damage|p1a: Tornadus|0 fnt
|faint|p1a: Tornadus
|
|upkeep
|
|t:|1779844417
|switch|p1a: Tyranitar|Tyranitar, M|54/100
|-damage|p1a: Tyranitar|37/100|[from] Spikes
|-weather|Sandstorm|[from] ability: Sand Stream|[of] p1a: Tyranitar
|turn|23
|
|t:|1779844419
|move|p2a: Iron Moth|Energy Ball|p1a: Tyranitar
|-supereffective|p1a: Tyranitar
|-damage|p1a: Tyranitar|0 fnt
|faint|p1a: Tyranitar
|
|-weather|Sandstorm|[upkeep]
|-damage|p2a: Iron Moth|51/100|[from] Sandstorm
|upkeep
|
|t:|1779844423
|switch|p1a: Deoxys|Deoxys-Speed|100/100
|-damage|p1a: Deoxys|84/100|[from] Spikes
|-ability|p1a: Deoxys|Pressure
|turn|24
|
|t:|1779844426
|move|p2a: Iron Moth|Sludge Wave|p1a: Deoxys
|-damage|p1a: Deoxys|0 fnt
|faint|p1a: Deoxys
|
|win|sommeliersam
|raw|maxcondones's rating: 1615 &rarr; <strong>1599</strong><br />(-16 for losing)
|raw|sommeliersam's rating: 1684 &rarr; <strong>1700</strong><br />(+16 for winning)
|l|☆sommeliersam
|player|p2|
|l|☆maxcondones
|player|p1|
