|j|☆simmipulsa
|j|☆Huntercotton3233
|t:|1779949513
|gametype|singles
|player|p1|simmipulsa|2|1118
|player|p2|Huntercotton3233|pokefanf-gen4|1132
|gen|9
|tier|[Gen 9] OU
|rated|
|rule|HP Percentage Mod: HP is shown in percentages
|rule|Endless Battle Clause: Forcing endless battles is banned
|rule|Species Clause: Limit one of each Pokémon
|rule|OHKO Clause: OHKO moves are banned
|rule|Evasion Items Clause: Evasion items are banned
|rule|Evasion Moves Clause: Evasion moves are banned
|rule|Evasion Abilities Clause: Evasion abilities are banned
|rule|Sleep Moves Clause: Sleep-inducing moves are banned
|clearpoke
|poke|p1|Dunsparce, F|
|poke|p1|Mimikyu, M|
|poke|p1|Gholdengo|
|poke|p1|Corviknight, M|
|poke|p1|Garganacl, M|
|poke|p1|Zamazenta-*|
|poke|p2|Sinistcha|
|poke|p2|Great Tusk|
|poke|p2|Slowking-Galar, M|
|poke|p2|Dragapult, M|
|poke|p2|Kingambit, F|
|poke|p2|Ogerpon-Wellspring, F|
|teampreview
|
|t:|1779949545
|teamsize|p1|6
|teamsize|p2|6
|start
|switch|p1a: Garganacl|Garganacl, M, shiny|100/100
|switch|p2a: Great Tusk|Great Tusk|100/100
|-item|p1a: Garganacl|Air Balloon
|turn|1
|
|t:|1779949556
|move|p2a: Great Tusk|Knock Off|p1a: Garganacl
|-damage|p1a: Garganacl|82/100
|-enditem|p1a: Garganacl|Air Balloon
|move|p1a: Garganacl|Salt Cure|p2a: Great Tusk
|-resisted|p2a: Great Tusk
|-damage|p2a: Great Tusk|98/100
|-start|p2a: Great Tusk|Salt Cure
|
|-heal|p2a: Great Tusk|100/100|[from] item: Leftovers
|-damage|p2a: Great Tusk|88/100|[from] Salt Cure
|upkeep
|turn|2
|
|t:|1779949568
|move|p2a: Great Tusk|Stealth Rock|p1a: Garganacl
|-sidestart|p1: simmipulsa|move: Stealth Rock
|move|p1a: Garganacl|Stealth Rock|p2a: Great Tusk
|-sidestart|p2: Huntercotton3233|move: Stealth Rock
|
|-heal|p2a: Great Tusk|94/100|[from] item: Leftovers
|-damage|p2a: Great Tusk|82/100|[from] Salt Cure
|upkeep
|turn|3
|
|t:|1779949577
|switch|p1a: Corviknight|Corviknight, M, shiny|100/100
|-damage|p1a: Corviknight|88/100|[from] Stealth Rock
|move|p2a: Great Tusk|Rapid Spin|p1a: Corviknight
|-resisted|p1a: Corviknight
|-damage|p1a: Corviknight|82/100
|-boost|p2a: Great Tusk|spe|1
|-sideend|p2: Huntercotton3233|Stealth Rock|[from] move: Rapid Spin|[of] p2a: Great Tusk
|
|-heal|p2a: Great Tusk|88/100|[from] item: Leftovers
|-damage|p2a: Great Tusk|76/100|[from] Salt Cure
|upkeep
|turn|4
|
|t:|1779949590
|-end|p2a: Great Tusk|Protosynthesis|[silent]
|switch|p2a: Sinistcha|Sinistcha|100/100
|move|p1a: Corviknight|Agility|p1a: Corviknight
|-boost|p1a: Corviknight|spe|2
|
|upkeep
|turn|5
|
|t:|1779949598
|move|p1a: Corviknight|Bulk Up|p1a: Corviknight
|-boost|p1a: Corviknight|atk|1
|-boost|p1a: Corviknight|def|1
|move|p2a: Sinistcha|Calm Mind|p2a: Sinistcha
|-boost|p2a: Sinistcha|spa|1
|-boost|p2a: Sinistcha|spd|1
|
|upkeep
|turn|6
|
|t:|1779949607
|move|p1a: Corviknight|Bulk Up|p1a: Corviknight
|-boost|p1a: Corviknight|atk|1
|-boost|p1a: Corviknight|def|1
|move|p2a: Sinistcha|Shadow Ball|p1a: Corviknight
|-damage|p1a: Corviknight|30/100
|
|upkeep
|turn|7
|
|t:|1779949616
|move|p1a: Corviknight|Roost|p1a: Corviknight
|-heal|p1a: Corviknight|80/100
|-singleturn|p1a: Corviknight|move: Roost
|move|p2a: Sinistcha|Shadow Ball|p1a: Corviknight
|-damage|p1a: Corviknight|28/100
|
|upkeep
|turn|8
|
|t:|1779949623
|move|p1a: Corviknight|Roost|p1a: Corviknight
|-heal|p1a: Corviknight|78/100
|-singleturn|p1a: Corviknight|move: Roost
|move|p2a: Sinistcha|Shadow Ball|p1a: Corviknight
|-damage|p1a: Corviknight|27/100
|
|upkeep
|turn|9
|
|t:|1779949632
|move|p1a: Corviknight|Power Trip|p2a: Sinistcha
|-supereffective|p2a: Sinistcha
|-damage|p2a: Sinistcha|22/100
|move|p2a: Sinistcha|Shadow Ball|p1a: Corviknight
|-damage|p1a: Corviknight|0 fnt
|faint|p1a: Corviknight
|
|-heal|p2a: Sinistcha|28/100|[from] item: Leftovers
|upkeep
|
|t:|1779949650
|switch|p1a: Mimikyu|Mimikyu, M|100/100
|-damage|p1a: Mimikyu|88/100|[from] Stealth Rock
|turn|10
|inactive|Battle timer is ON: inactive players will automatically lose when time's up. (requested by simmipulsa)
|
|t:|1779949694
|move|p1a: Mimikyu|Swords Dance|p1a: Mimikyu
|-boost|p1a: Mimikyu|atk|2
|move|p2a: Sinistcha|Strength Sap|p1a: Mimikyu
|-unboost|p1a: Mimikyu|atk|1
|-heal|p2a: Sinistcha|100/100
|
|upkeep
|turn|11
|
|t:|1779949706
|move|p1a: Mimikyu|Shadow Claw|p2a: Sinistcha
|-supereffective|p2a: Sinistcha
|-damage|p2a: Sinistcha|28/100
|-damage|p1a: Mimikyu|78/100|[from] item: Life Orb
|move|p2a: Sinistcha|Shadow Ball|p1a: Mimikyu
|-activate|p1a: Mimikyu|ability: Disguise
|-damage|p1a: Mimikyu|78/100
|-unboost|p1a: Mimikyu|spd|1
|detailschange|p1a: Mimikyu|Mimikyu-Busted, M
|-damage|p1a: Mimikyu|66/100|[from] pokemon: Mimikyu-Busted
|
|-heal|p2a: Sinistcha|34/100|[from] item: Leftovers
|upkeep
|turn|12
|
|t:|1779949721
|move|p1a: Mimikyu|Shadow Claw|p2a: Sinistcha
|-supereffective|p2a: Sinistcha
|-damage|p2a: Sinistcha|0 fnt
|faint|p2a: Sinistcha
|-damage|p1a: Mimikyu|56/100|[from] item: Life Orb
|
|upkeep
|
|t:|1779949728
|switch|p2a: Kingambit|Kingambit, F|100/100
|-activate|p2a: Kingambit|ability: Supreme Overlord
|-start|p2a: Kingambit|fallen1|[silent]
|turn|13
|
|t:|1779949737
|-terastallize|p2a: Kingambit|Dark
|move|p2a: Kingambit|Sucker Punch|p1a: Mimikyu
|-damage|p1a: Mimikyu|0 fnt
|faint|p1a: Mimikyu
|
|upkeep
|
|t:|1779949751
|switch|p1a: Zamazenta|Zamazenta|100/100
|-damage|p1a: Zamazenta|94/100|[from] Stealth Rock
|-ability|p1a: Zamazenta|Dauntless Shield|boost
|-boost|p1a: Zamazenta|def|1
|turn|14
|inactive|simmipulsa has 120 seconds left.
|
|t:|1779949784
|-end|p2a: Kingambit|fallen1|[silent]
|switch|p2a: Slowking|Slowking-Galar, M|100/100
|move|p1a: Zamazenta|Close Combat|p2a: Slowking
|-resisted|p2a: Slowking
|-damage|p2a: Slowking|85/100
|-unboost|p1a: Zamazenta|def|1
|-unboost|p1a: Zamazenta|spd|1
|
|upkeep
|turn|15
|inactive|simmipulsa has 120 seconds left.
|
|t:|1779949795
|switch|p1a: Gholdengo|Gholdengo|100/100
|-damage|p1a: Gholdengo|94/100|[from] Stealth Rock
|move|p2a: Slowking|Future Sight|p1a: Gholdengo
|-start|p2a: Slowking|move: Future Sight
|
|upkeep
|turn|16
|
|t:|1779949805
|move|p1a: Gholdengo|Shadow Ball|p2a: Slowking
|-supereffective|p2a: Slowking
|-damage|p2a: Slowking|37/100
|-prepare|p2a: Slowking|Chilly Reception|[premajor]
|move|p2a: Slowking|Chilly Reception|p2a: Slowking
|-weather|Snowscape
|
|t:|1779949820
|switch|p2a: Kingambit|Kingambit, F, tera:Dark|100/100|[from] Chilly Reception
|-activate|p2a: Kingambit|ability: Supreme Overlord
|-start|p2a: Kingambit|fallen1|[silent]
|
|-weather|Snowscape|[upkeep]
|upkeep
|turn|17
|
|t:|1779949832
|switch|p1a: Garganacl|Garganacl, M, shiny|82/100
|-damage|p1a: Garganacl|69/100|[from] Stealth Rock
|move|p2a: Kingambit|Kowtow Cleave|p1a: Garganacl
|-damage|p1a: Garganacl|14/100
|
|-weather|Snowscape|[upkeep]
|-end|p1a: Garganacl|move: Future Sight
|-damage|p1a: Garganacl|0 fnt
|faint|p1a: Garganacl
|upkeep
|inactive|simmipulsa has 120 seconds left.
|
|t:|1779949848
|switch|p1a: Zamazenta|Zamazenta|94/100
|-damage|p1a: Zamazenta|88/100|[from] Stealth Rock
|turn|18
|
|t:|1779949858
|-end|p2a: Kingambit|fallen1|[silent]
|switch|p2a: Slowking|Slowking-Galar, M|70/100
|move|p1a: Zamazenta|Ice Fang|p2a: Slowking
|-damage|p2a: Slowking|50/100
|
|-weather|Snowscape|[upkeep]
|upkeep
|turn|19
|inactive|simmipulsa has 120 seconds left.
|
|t:|1779949876
|move|p1a: Zamazenta|Body Slam|p2a: Slowking
|-damage|p2a: Slowking|23/100
|move|p2a: Slowking|Future Sight|p1a: Zamazenta
|-start|p2a: Slowking|move: Future Sight
|
|-weather|Snowscape|[upkeep]
|upkeep
|turn|20
|
|t:|1779949884
|move|p1a: Zamazenta|Body Slam|p2a: Slowking
|-damage|p2a: Slowking|0 fnt
|faint|p2a: Slowking
|
|-weather|none
|upkeep
|
|t:|1779949902
|switch|p2a: Ogerpon|Ogerpon-Wellspring, F|100/100
|turn|21
|inactive|simmipulsa has 120 seconds left.
|
|t:|1779949930
|-terastallize|p1a: Zamazenta|Ice
|move|p1a: Zamazenta|Close Combat|p2a: Ogerpon
|-damage|p2a: Ogerpon|24/100
|-unboost|p1a: Zamazenta|def|1
|-unboost|p1a: Zamazenta|spd|1
|move|p2a: Ogerpon|Ivy Cudgel|p1a: Zamazenta|[anim] Ivy Cudgel Water
|-damage|p1a: Zamazenta|19/100
|
|-end|p1a: Zamazenta|move: Future Sight
|-damage|p1a: Zamazenta|0 fnt
|faint|p1a: Zamazenta
|upkeep
|
|t:|1779949946
|switch|p1a: Dunsparce|Dunsparce, F|100/100
|-damage|p1a: Dunsparce|88/100|[from] Stealth Rock
|turn|22
|
|t:|1779949953
|move|p2a: Ogerpon|Ivy Cudgel|p1a: Dunsparce|[anim] Ivy Cudgel Water
|-damage|p1a: Dunsparce|9/100
|move|p1a: Dunsparce|Coil|p1a: Dunsparce
|-boost|p1a: Dunsparce|atk|1
|-boost|p1a: Dunsparce|def|1
|-boost|p1a: Dunsparce|accuracy|1
|
|upkeep
|turn|23
|
|t:|1779949966
|move|p2a: Ogerpon|Ivy Cudgel|p1a: Dunsparce|[anim] Ivy Cudgel Water
|-damage|p1a: Dunsparce|0 fnt
|faint|p1a: Dunsparce
|
|upkeep
|
|t:|1779949970
|switch|p1a: Gholdengo|Gholdengo|94/100
|-damage|p1a: Gholdengo|88/100|[from] Stealth Rock
|turn|24
|inactive|simmipulsa has 120 seconds left.
|
|t:|1779949976
|move|p2a: Ogerpon|Ivy Cudgel|p1a: Gholdengo|[anim] Ivy Cudgel Water
|-damage|p1a: Gholdengo|18/100
|-enditem|p1a: Gholdengo|Salac Berry|[eat]
|-boost|p1a: Gholdengo|spe|1|[from] item: Salac Berry
|move|p1a: Gholdengo|Nasty Plot|p1a: Gholdengo
|-boost|p1a: Gholdengo|spa|2
|
|upkeep
|turn|25
|-message|simmipulsa forfeited.
|
|win|Huntercotton3233
|raw|simmipulsa's rating: 1118 &rarr; <strong>1094</strong><br />(-24 for losing)
|raw|Huntercotton3233's rating: 1132 &rarr; <strong>1156</strong><br />(+24 for winning)
|l|☆simmipulsa
|player|p1|
|l|☆Huntercotton3233
|player|p2|
