|j|☆crepitansalt
|j|‽mantikarp2.0
|t:|1779870891
|gametype|singles
|player|p1|crepitansalt|aetherfoundation2|1458
|player|p2|mantikarp2.0|101|1431
|gen|9
|tier|[Gen 9] OU
|rated|
|rule|HP Percentage Mod: HP is shown in percentages
|rule|Endless Battle Clause: Forcing endless battles is banned
|rule|Species Clause: Limit one of each Pokémon
|rule|OHKO Clause: OHKO moves are banned
|rule|Evasion Items Clause: Evasion items are banned
|rule|Evasion Moves Clause: Evasion moves are banned
|rule|Evasion Abilities Clause: Evasion abilities are banned
|rule|Sleep Moves Clause: Sleep-inducing moves are banned
|clearpoke
|poke|p1|Weezing-Galar, M|
|poke|p1|Gliscor, F|
|poke|p1|Dondozo, F|
|poke|p1|Tyranitar, M|
|poke|p1|Corviknight, M|
|poke|p1|Dragapult, M|
|poke|p2|Ribombee, F|
|poke|p2|Gholdengo|
|poke|p2|Great Tusk|
|poke|p2|Raging Bolt|
|poke|p2|Ogerpon-Cornerstone, F|
|poke|p2|Ceruledge, F|
|teampreview
|inactive|Battle timer is ON: inactive players will automatically lose when time's up. (requested by mantikarp2.0)
|
|t:|1779870901
|teamsize|p1|6
|teamsize|p2|6
|start
|switch|p1a: idefpressidefpress|Corviknight, M|100/100
|switch|p2a: Ribombee|Ribombee, F, shiny|100/100
|-ability|p1a: idefpressidefpress|Pressure
|turn|1
|
|t:|1779870903
|move|p2a: Ribombee|Sticky Web|p1a: idefpressidefpress
|-sidestart|p1: crepitansalt|move: Sticky Web
|move|p1a: idefpressidefpress|Brave Bird|p2a: Ribombee
|-supereffective|p2a: Ribombee
|-enditem|p2a: Ribombee|Focus Sash
|-damage|p2a: Ribombee|1/100
|-damage|p1a: idefpressidefpress|79/100|[from] Recoil
|
|upkeep
|turn|2
|
|t:|1779870908
|move|p2a: Ribombee|Psychic Noise|p1a: idefpressidefpress
|-resisted|p1a: idefpressidefpress
|-damage|p1a: idefpressidefpress|68/100
|-start|p1a: idefpressidefpress|move: Heal Block
|move|p1a: idefpressidefpress|U-turn|p2a: Ribombee
|-resisted|p2a: Ribombee
|-damage|p2a: Ribombee|0 fnt
|faint|p2a: Ribombee
|
|t:|1779870918
|switch|p1a: mfw i tera normal|Gliscor, F|100/100|[from] U-turn
|
|-status|p1a: mfw i tera normal|tox|[from] item: Toxic Orb
|upkeep
|
|t:|1779870925
|switch|p2a: Gholdengo|Gholdengo, shiny|100/100
|-item|p2a: Gholdengo|Air Balloon
|turn|3
|
|t:|1779870929
|switch|p1a: not banded|Tyranitar, M|100/100
|-activate|p1a: not banded|move: Sticky Web
|-unboost|p1a: not banded|spe|1
|-weather|Sandstorm|[from] ability: Sand Stream|[of] p1a: not banded
|move|p2a: Gholdengo|Nasty Plot|p2a: Gholdengo
|-boost|p2a: Gholdengo|spa|2
|
|-weather|Sandstorm|[upkeep]
|upkeep
|turn|4
|
|t:|1779870935
|move|p2a: Gholdengo|Focus Blast|p1a: not banded
|-supereffective|p1a: not banded
|-damage|p1a: not banded|1/100
|move|p1a: not banded|Knock Off|p2a: Gholdengo
|-supereffective|p2a: Gholdengo
|-damage|p2a: Gholdengo|6/100
|-enditem|p2a: Gholdengo|Air Balloon
|
|-weather|Sandstorm|[upkeep]
|upkeep
|turn|5
|
|t:|1779870950
|move|p2a: Gholdengo|Shadow Ball|p1a: not banded
|-resisted|p1a: not banded
|-damage|p1a: not banded|0 fnt
|faint|p1a: not banded
|
|-weather|Sandstorm|[upkeep]
|upkeep
|
|t:|1779870953
|switch|p1a: mfw i tera normal|Gliscor, F|100/100 tox
|turn|6
|
|t:|1779870964
|move|p2a: Gholdengo|Shadow Ball|p1a: mfw i tera normal
|-damage|p1a: mfw i tera normal|29/100 tox
|move|p1a: mfw i tera normal|Earthquake|p2a: Gholdengo
|-supereffective|p2a: Gholdengo
|-damage|p2a: Gholdengo|0 fnt
|faint|p2a: Gholdengo
|
|-weather|Sandstorm|[upkeep]
|-heal|p1a: mfw i tera normal|41/100 tox|[from] ability: Poison Heal
|upkeep
|
|t:|1779870969
|switch|p2a: Ogerpon|Ogerpon-Cornerstone, F|100/100
|turn|7
|
|t:|1779870973
|switch|p1a: get gweezered|Weezing-Galar, M|100/100
|-ability|p1a: get gweezered|Neutralizing Gas
|move|p2a: Ogerpon|Ivy Cudgel|p1a: get gweezered|[anim] Ivy Cudgel Rock
|-damage|p1a: get gweezered|62/100
|
|-weather|none
|upkeep
|turn|8
|
|t:|1779870985
|switch|p2a: Raging Bolt|Raging Bolt|100/100
|move|p1a: get gweezered|Pain Split|p2a: Raging Bolt
|-sethp|p2a: Raging Bolt|76/100|[from] move: Pain Split|[silent]
|-sethp|p1a: get gweezered|89/100|[from] move: Pain Split
|
|upkeep
|turn|9
|
|t:|1779870991
|-end|p1a: get gweezered|ability: Neutralizing Gas
|switch|p1a: mfw i tera normal|Gliscor, F|41/100 tox
|-enditem|p2a: Raging Bolt|Booster Energy
|-activate|p2a: Raging Bolt|ability: Protosynthesis|[fromitem]
|-start|p2a: Raging Bolt|protosynthesisspa
|move|p2a: Raging Bolt|Calm Mind|p2a: Raging Bolt
|-boost|p2a: Raging Bolt|spa|1
|-boost|p2a: Raging Bolt|spd|1
|
|-heal|p1a: mfw i tera normal|54/100 tox|[from] ability: Poison Heal
|upkeep
|turn|10
|
|t:|1779870999
|-terastallize|p2a: Raging Bolt|Bug
|move|p1a: mfw i tera normal|Protect|p1a: mfw i tera normal
|-singleturn|p1a: mfw i tera normal|Protect
|move|p2a: Raging Bolt|Dragon Pulse|p1a: mfw i tera normal
|-activate|p1a: mfw i tera normal|move: Protect
|
|-heal|p1a: mfw i tera normal|66/100 tox|[from] ability: Poison Heal
|upkeep
|turn|11
|
|t:|1779871005
|move|p2a: Raging Bolt|Dragon Pulse|p1a: mfw i tera normal
|-damage|p1a: mfw i tera normal|0 fnt
|faint|p1a: mfw i tera normal
|
|upkeep
|
|t:|1779871011
|switch|p1a: idefpressidefpress|Corviknight, M|68/100
|-ability|p1a: idefpressidefpress|Pressure
|turn|12
|
|t:|1779871014
|-terastallize|p1a: idefpressidefpress|Ground
|move|p2a: Raging Bolt|Thunderbolt|p1a: idefpressidefpress
|-immune|p1a: idefpressidefpress
|move|p1a: idefpressidefpress|Brave Bird|p2a: Raging Bolt
|-supereffective|p2a: Raging Bolt
|-damage|p2a: Raging Bolt|4/100
|-damage|p1a: idefpressidefpress|45/100|[from] Recoil
|
|upkeep
|turn|13
|c|☆crepitansalt|💔
|
|t:|1779871027
|move|p2a: Raging Bolt|Dragon Pulse|p1a: idefpressidefpress
|-damage|p1a: idefpressidefpress|0 fnt
|faint|p1a: idefpressidefpress
|
|upkeep
|
|t:|1779871032
|switch|p1a: get gweezered|Weezing-Galar, M|89/100
|-ability|p1a: get gweezered|Neutralizing Gas
|turn|14
|
|t:|1779871035
|move|p2a: Raging Bolt|Thunderbolt|p1a: get gweezered
|-damage|p1a: get gweezered|0 fnt
|faint|p1a: get gweezered
|-end|p1a: get gweezered|ability: Neutralizing Gas
|
|upkeep
|-message|crepitansalt forfeited.
|
|win|mantikarp2.0
|raw|crepitansalt's rating: 1458 &rarr; <strong>1436</strong><br />(-22 for losing)
|raw|mantikarp2.0's rating: 1431 &rarr; <strong>1453</strong><br />(+22 for winning)
|l|☆crepitansalt
|player|p1|
|l|‽mantikarp2.0
|player|p2|
