|j|☆m709lkjo
|j|☆ScarfyX_X
|t:|1779811482
|gametype|singles
|player|p1|m709lkjo|101|1356
|player|p2|ScarfyX_X|miku-psychic|1400
|gen|9
|tier|[Gen 9] OU
|rated|
|rule|HP Percentage Mod: HP is shown in percentages
|rule|Endless Battle Clause: Forcing endless battles is banned
|rule|Species Clause: Limit one of each Pokémon
|rule|OHKO Clause: OHKO moves are banned
|rule|Evasion Items Clause: Evasion items are banned
|rule|Evasion Moves Clause: Evasion moves are banned
|rule|Evasion Abilities Clause: Evasion abilities are banned
|rule|Sleep Moves Clause: Sleep-inducing moves are banned
|clearpoke
|poke|p1|Drifblim, F|
|poke|p1|Corviknight, F|
|poke|p1|Alomomola, F|
|poke|p1|Blaziken, M|
|poke|p1|Kleavor, F|
|poke|p1|Hoopa-Unbound|
|poke|p2|Great Tusk|
|poke|p2|Zapdos|
|poke|p2|Samurott-Hisui, F|
|poke|p2|Ceruledge, M|
|poke|p2|Iron Valiant|
|poke|p2|Darkrai|
|teampreview
|inactive|Battle timer is ON: inactive players will automatically lose when time's up. (requested by m709lkjo)
|inactive|ScarfyX_X also wants the timer to be on.
|c|☆m709lkjo|gl hf
|
|t:|1779811498
|teamsize|p1|6
|teamsize|p2|6
|start
|switch|p1a: Blaziken|Blaziken, M|100/100
|switch|p2a: Great Tusk|Great Tusk|100/100
|turn|1
|
|t:|1779811505
|switch|p1a: Drifblim|Drifblim, F|100/100
|move|p2a: Great Tusk|Rapid Spin|p1a: Drifblim
|-immune|p1a: Drifblim
|
|upkeep
|turn|2
|
|t:|1779811511
|move|p2a: Great Tusk|Knock Off|p1a: Drifblim
|-supereffective|p1a: Drifblim
|-damage|p1a: Drifblim|45/100
|-enditem|p1a: Drifblim|Heavy-Duty Boots|[from] move: Knock Off|[of] p2a: Great Tusk
|move|p1a: Drifblim|Will-O-Wisp|p2a: Great Tusk
|-status|p2a: Great Tusk|brn
|
|-damage|p2a: Great Tusk|94/100 brn|[from] brn
|upkeep
|turn|3
|
|t:|1779811517
|move|p1a: Drifblim|Strength Sap|p2a: Great Tusk
|-unboost|p2a: Great Tusk|atk|1
|-heal|p1a: Drifblim|100/100
|move|p2a: Great Tusk|Bulk Up|p2a: Great Tusk
|-boost|p2a: Great Tusk|atk|1
|-boost|p2a: Great Tusk|def|1
|
|-damage|p2a: Great Tusk|88/100 brn|[from] brn
|upkeep
|turn|4
|
|t:|1779811523
|-end|p2a: Great Tusk|Protosynthesis|[silent]
|switch|p2a: Darkrai|Darkrai|100/100
|move|p1a: Drifblim|Knock Off|p2a: Darkrai
|-resisted|p2a: Darkrai
|-crit|p2a: Darkrai
|-damage|p2a: Darkrai|81/100
|-enditem|p2a: Darkrai|Life Orb|[from] move: Knock Off|[of] p1a: Drifblim
|
|upkeep
|turn|5
|
|t:|1779811528
|switch|p1a: Hoopa|Hoopa-Unbound|100/100
|move|p2a: Darkrai|Taunt|p1a: Hoopa
|-start|p1a: Hoopa|move: Taunt
|
|upkeep
|turn|6
|
|t:|1779811539
|switch|p2a: Great Tusk|Great Tusk|88/100 brn
|move|p1a: Hoopa|Gunk Shot|p2a: Great Tusk|[miss]
|-miss|p1a: Hoopa|p2a: Great Tusk
|
|-damage|p2a: Great Tusk|82/100 brn|[from] brn
|upkeep
|turn|7
|
|t:|1779811549
|-end|p2a: Great Tusk|Protosynthesis|[silent]
|switch|p2a: Samurott|Samurott-Hisui, F|100/100
|switch|p1a: Alomomola|Alomomola, F|100/100
|
|upkeep
|turn|8
|
|t:|1779811553
|move|p2a: Samurott|Ceaseless Edge|p1a: Alomomola
|-damage|p1a: Alomomola|76/100
|-damage|p2a: Samurott|84/100|[from] item: Rocky Helmet|[of] p1a: Alomomola
|-sidestart|p1: m709lkjo|Spikes
|move|p1a: Alomomola|Flip Turn|p2a: Samurott
|-resisted|p2a: Samurott
|-damage|p2a: Samurott|74/100
|
|t:|1779811563
|switch|p1a: Kleavor|Kleavor, F|100/100|[from] Flip Turn
|-damage|p1a: Kleavor|88/100|[from] Spikes
|
|upkeep
|turn|9
|
|t:|1779811568
|-terastallize|p2a: Samurott|Steel
|move|p2a: Samurott|Ceaseless Edge|p1a: Kleavor
|-damage|p1a: Kleavor|37/100
|-sidestart|p1: m709lkjo|Spikes
|move|p1a: Kleavor|U-turn|p2a: Samurott
|-resisted|p2a: Samurott
|-damage|p2a: Samurott|50/100
|
|t:|1779811577
|switch|p1a: Drifblim|Drifblim, F|100/100|[from] U-turn
|
|upkeep
|turn|10
|
|t:|1779811579
|move|p2a: Samurott|Ceaseless Edge|p1a: Drifblim
|-supereffective|p1a: Drifblim
|-damage|p1a: Drifblim|27/100
|-sidestart|p1: m709lkjo|Spikes
|move|p1a: Drifblim|Strength Sap|p2a: Samurott
|-unboost|p2a: Samurott|atk|1
|-heal|p1a: Drifblim|89/100
|
|upkeep
|turn|11
|
|t:|1779811585
|switch|p2a: Darkrai|Darkrai|81/100
|move|p1a: Drifblim|Defog|p2a: Darkrai
|-unboost|p2a: Darkrai|evasion|1
|-sideend|p1: m709lkjo|Spikes|[from] move: Defog|[of] p1a: Drifblim
|
|upkeep
|turn|12
|
|t:|1779811596
|switch|p1a: Corviknight|Corviknight, F|100/100
|move|p2a: Darkrai|Dark Pulse|p1a: Corviknight
|-damage|p1a: Corviknight|71/100
|
|-heal|p1a: Corviknight|77/100|[from] item: Leftovers
|upkeep
|turn|13
|
|t:|1779811609
|switch|p1a: Hoopa|Hoopa-Unbound|100/100
|move|p2a: Darkrai|Taunt|p1a: Hoopa
|-start|p1a: Hoopa|move: Taunt
|
|upkeep
|turn|14
|
|t:|1779811619
|move|p2a: Darkrai|Dark Pulse|p1a: Hoopa
|-damage|p1a: Hoopa|77/100
|cant|p1a: Hoopa|flinch
|
|upkeep
|turn|15
|
|t:|1779811630
|switch|p2a: Ceruledge|Ceruledge, M|100/100
|move|p1a: Hoopa|Gunk Shot|p2a: Ceruledge
|-resisted|p2a: Ceruledge
|-damage|p2a: Ceruledge|65/100
|-status|p2a: Ceruledge|psn
|-ability|p2a: Ceruledge|Weak Armor|boost
|-unboost|p2a: Ceruledge|def|1
|-boost|p2a: Ceruledge|spe|2
|
|-damage|p2a: Ceruledge|52/100 psn|[from] psn
|-end|p1a: Hoopa|move: Taunt
|upkeep
|turn|16
|
|t:|1779811641
|switch|p1a: Alomomola|Alomomola, F|100/100
|move|p2a: Ceruledge|Bitter Blade|p1a: Alomomola
|-resisted|p1a: Alomomola
|-damage|p1a: Alomomola|88/100
|-heal|p2a: Ceruledge|64/100 psn|[from] drain|[of] p1a: Alomomola
|-damage|p2a: Ceruledge|47/100 psn|[from] item: Rocky Helmet|[of] p1a: Alomomola
|
|-damage|p2a: Ceruledge|35/100 psn|[from] psn
|upkeep
|turn|17
|-message|ScarfyX_X forfeited.
|
|win|m709lkjo
|raw|m709lkjo's rating: 1356 &rarr; <strong>1379</strong><br />(+23 for winning)
|raw|ScarfyX_X's rating: 1400 &rarr; <strong>1377</strong><br />(-23 for losing)
|l|☆ScarfyX_X
|player|p2|
|l|☆m709lkjo
|player|p1|
