|j|☆MrRodeo
|j|☆Davi2L
|t:|1779900671
|gametype|singles
|player|p1|MrRodeo|lance|1138
|player|p2|Davi2L|102|1075
|gen|9
|tier|[Gen 9] OU
|rated|
|rule|HP Percentage Mod: HP is shown in percentages
|rule|Endless Battle Clause: Forcing endless battles is banned
|rule|Species Clause: Limit one of each Pokémon
|rule|OHKO Clause: OHKO moves are banned
|rule|Evasion Items Clause: Evasion items are banned
|rule|Evasion Moves Clause: Evasion moves are banned
|rule|Evasion Abilities Clause: Evasion abilities are banned
|rule|Sleep Moves Clause: Sleep-inducing moves are banned
|clearpoke
|poke|p1|Hawlucha, F|
|poke|p1|Rillaboom, F|
|poke|p1|Gliscor, M|
|poke|p1|Volcanion|
|poke|p1|Gholdengo|
|poke|p1|Grimmsnarl, M|
|poke|p2|Raging Bolt|
|poke|p2|Dragapult, F|
|poke|p2|Iron Valiant|
|poke|p2|Kingambit, M|
|poke|p2|Gholdengo|
|poke|p2|Great Tusk|
|teampreview
|
|t:|1779900684
|teamsize|p1|6
|teamsize|p2|6
|start
|switch|p1a: Please just work|Gliscor, M|100/100
|switch|p2a: Dragapult|Dragapult, F|100/100
|turn|1
|
|t:|1779900721
|switch|p1a: dnd rogue|Grimmsnarl, M|100/100
|move|p2a: Dragapult|U-turn|p1a: dnd rogue
|-damage|p1a: dnd rogue|78/100
|
|t:|1779900724
|switch|p2a: Great Tusk|Great Tusk|100/100|[from] U-turn
|
|upkeep
|turn|2
|
|t:|1779900735
|move|p2a: Great Tusk|Knock Off|p1a: dnd rogue
|-resisted|p1a: dnd rogue
|-crit|p1a: dnd rogue
|-damage|p1a: dnd rogue|60/100
|-enditem|p1a: dnd rogue|Choice Band|[from] move: Knock Off|[of] p2a: Great Tusk
|move|p1a: dnd rogue|Play Rough|p2a: Great Tusk
|-supereffective|p2a: Great Tusk
|-damage|p2a: Great Tusk|39/100
|
|upkeep
|turn|3
|
|t:|1779900747
|-end|p2a: Great Tusk|Protosynthesis|[silent]
|switch|p2a: Iron Valiant|Iron Valiant|100/100
|-enditem|p2a: Iron Valiant|Booster Energy
|-activate|p2a: Iron Valiant|ability: Quark Drive|[fromitem]
|-start|p2a: Iron Valiant|quarkdrivespe
|move|p1a: dnd rogue|Play Rough|p2a: Iron Valiant
|-supereffective|p2a: Iron Valiant
|-damage|p2a: Iron Valiant|0 fnt
|faint|p2a: Iron Valiant
|-end|p2a: Iron Valiant|Quark Drive|[silent]
|
|upkeep
|
|t:|1779900751
|switch|p2a: Dragapult|Dragapult, F|100/100
|turn|4
|
|t:|1779900771
|move|p2a: Dragapult|U-turn|p1a: dnd rogue
|-damage|p1a: dnd rogue|36/100
|
|t:|1779900783
|switch|p2a: Gholdengo|Gholdengo|100/100|[from] U-turn
|-item|p2a: Gholdengo|Air Balloon
|move|p1a: dnd rogue|Crunch|p2a: Gholdengo
|-supereffective|p2a: Gholdengo
|-damage|p2a: Gholdengo|1/100
|-enditem|p2a: Gholdengo|Air Balloon
|
|upkeep
|turn|5
|
|t:|1779900795
|move|p2a: Gholdengo|Make It Rain|p1a: dnd rogue
|-supereffective|p1a: dnd rogue
|-damage|p1a: dnd rogue|0 fnt
|-unboost|p2a: Gholdengo|spa|1
|faint|p1a: dnd rogue
|
|upkeep
|
|t:|1779900820
|switch|p1a: Best boi|Hawlucha, F|100/100
|turn|6
|inactive|Battle timer is ON: inactive players will automatically lose when time's up. (requested by Davi2L)
|
|t:|1779900837
|switch|p2a: Dragapult|Dragapult, F|100/100
|move|p1a: Best boi|Acrobatics|p2a: Dragapult
|-damage|p2a: Dragapult|65/100
|
|upkeep
|turn|7
|
|t:|1779900853
|switch|p1a: Moneyyyyy|Gholdengo|100/100
|-item|p1a: Moneyyyyy|Air Balloon
|-terastallize|p2a: Dragapult|Ghost
|move|p2a: Dragapult|Thunderbolt|p1a: Moneyyyyy
|-damage|p1a: Moneyyyyy|72/100
|-enditem|p1a: Moneyyyyy|Air Balloon
|
|upkeep
|turn|8
|
|t:|1779900865
|move|p2a: Dragapult|Shadow Ball|p1a: Moneyyyyy
|-supereffective|p1a: Moneyyyyy
|-damage|p1a: Moneyyyyy|0 fnt
|faint|p1a: Moneyyyyy
|
|upkeep
|inactive|MrRodeo has 120 seconds left.
|
|t:|1779900902
|switch|p1a: Please just work|Gliscor, M|100/100
|turn|9
|
|t:|1779900908
|move|p1a: Please just work|Protect|p1a: Please just work
|-singleturn|p1a: Please just work|Protect
|move|p2a: Dragapult|U-turn|p1a: Please just work
|-activate|p1a: Please just work|move: Protect
|
|-status|p1a: Please just work|tox|[from] item: Toxic Orb
|upkeep
|turn|10
|inactive|MrRodeo has 120 seconds left.
|
|t:|1779900918
|move|p2a: Dragapult|Draco Meteor|p1a: Please just work
|-damage|p1a: Please just work|29/100 tox
|-unboost|p2a: Dragapult|spa|2
|move|p1a: Please just work|Knock Off|p2a: Dragapult
|-supereffective|p2a: Dragapult
|-damage|p2a: Dragapult|11/100
|-enditem|p2a: Dragapult|Spell Tag|[from] move: Knock Off|[of] p1a: Please just work
|
|-heal|p1a: Please just work|41/100 tox|[from] ability: Poison Heal
|upkeep
|turn|11
|inactive|MrRodeo has 120 seconds left.
|
|t:|1779900932
|move|p1a: Please just work|Protect|p1a: Please just work
|-singleturn|p1a: Please just work|Protect
|move|p2a: Dragapult|Shadow Ball|p1a: Please just work
|-activate|p1a: Please just work|move: Protect
|
|-heal|p1a: Please just work|54/100 tox|[from] ability: Poison Heal
|upkeep
|turn|12
|inactive|MrRodeo has 120 seconds left.
|
|t:|1779900941
|move|p2a: Dragapult|Shadow Ball|p1a: Please just work
|-damage|p1a: Please just work|24/100 tox
|move|p1a: Please just work|Knock Off|p2a: Dragapult
|-supereffective|p2a: Dragapult
|-damage|p2a: Dragapult|0 fnt
|faint|p2a: Dragapult
|
|-heal|p1a: Please just work|37/100 tox|[from] ability: Poison Heal
|upkeep
|
|t:|1779900945
|switch|p2a: Gholdengo|Gholdengo|1/100
|turn|13
|inactive|MrRodeo has 120 seconds left.
|
|t:|1779900963
|move|p1a: Please just work|Protect|p1a: Please just work
|-singleturn|p1a: Please just work|Protect
|move|p2a: Gholdengo|Make It Rain|p1a: Please just work
|-activate|p1a: Please just work|move: Protect
|
|-heal|p1a: Please just work|49/100 tox|[from] ability: Poison Heal
|upkeep
|turn|14
|inactive|MrRodeo has 120 seconds left.
|
|t:|1779900973
|move|p2a: Gholdengo|Recover|p2a: Gholdengo
|-heal|p2a: Gholdengo|52/100
|move|p1a: Please just work|Knock Off|p2a: Gholdengo
|-supereffective|p2a: Gholdengo
|-damage|p2a: Gholdengo|20/100
|
|-heal|p1a: Please just work|62/100 tox|[from] ability: Poison Heal
|upkeep
|turn|15
|
|t:|1779900982
|move|p2a: Gholdengo|Make It Rain|p1a: Please just work
|-damage|p1a: Please just work|0 fnt
|-unboost|p2a: Gholdengo|spa|1
|faint|p1a: Please just work
|
|upkeep
|
|t:|1779900990
|switch|p1a: WHY|Volcanion|100/100
|turn|16
|
|t:|1779901003
|move|p2a: Gholdengo|Recover|p2a: Gholdengo
|-heal|p2a: Gholdengo|71/100
|move|p1a: WHY|Earth Power|p2a: Gholdengo
|-supereffective|p2a: Gholdengo
|-damage|p2a: Gholdengo|0 fnt
|faint|p2a: Gholdengo
|
|upkeep
|
|t:|1779901007
|switch|p2a: Great Tusk|Great Tusk|39/100
|turn|17
|inactive|MrRodeo has 120 seconds left.
|
|t:|1779901033
|switch|p1a: Clyde|Rillaboom, F|100/100
|-fieldstart|move: Grassy Terrain|[from] ability: Grassy Surge|[of] p1a: Clyde
|move|p2a: Great Tusk|Earthquake|p1a: Clyde
|-resisted|p1a: Clyde
|-damage|p1a: Clyde|87/100
|
|-heal|p2a: Great Tusk|45/100|[from] Grassy Terrain
|-heal|p1a: Clyde|93/100|[from] Grassy Terrain
|upkeep
|turn|18
|inactive|MrRodeo has 120 seconds left.
|
|t:|1779901047
|move|p1a: Clyde|Grassy Glide|p2a: Great Tusk
|-supereffective|p2a: Great Tusk
|-crit|p2a: Great Tusk
|-damage|p2a: Great Tusk|0 fnt
|faint|p2a: Great Tusk
|-end|p2a: Great Tusk|Protosynthesis|[silent]
|
|-heal|p1a: Clyde|99/100|[from] Grassy Terrain
|upkeep
|
|t:|1779901052
|switch|p2a: Raging Bolt|Raging Bolt|100/100
|turn|19
|inactive|MrRodeo has 120 seconds left.
|
|t:|1779901070
|switch|p1a: WHY|Volcanion|100/100
|move|p2a: Raging Bolt|Draco Meteor|p1a: WHY
|-damage|p1a: WHY|17/100
|-unboost|p2a: Raging Bolt|spa|2
|
|-heal|p1a: WHY|23/100|[from] Grassy Terrain
|upkeep
|turn|20
|inactive|MrRodeo has 120 seconds left.
|
|t:|1779901084
|move|p2a: Raging Bolt|Thunderclap|p1a: WHY
|-supereffective|p1a: WHY
|-damage|p1a: WHY|0 fnt
|faint|p1a: WHY
|
|upkeep
|inactive|MrRodeo has 120 seconds left.
|
|t:|1779901097
|switch|p1a: Clyde|Rillaboom, F|99/100
|turn|21
|inactive|MrRodeo has 120 seconds left.
|
|t:|1779901106
|-end|p2a: Raging Bolt|Protosynthesis|[silent]
|switch|p2a: Kingambit|Kingambit, M|100/100
|-activate|p2a: Kingambit|ability: Supreme Overlord
|-start|p2a: Kingambit|fallen4|[silent]
|move|p1a: Clyde|U-turn|p2a: Kingambit
|-crit|p2a: Kingambit
|-damage|p2a: Kingambit|48/100
|inactive|MrRodeo has 120 seconds left.
|
|t:|1779901118
|switch|p1a: Best boi|Hawlucha, F|100/100|[from] U-turn
|-enditem|p1a: Best boi|Grassy Seed
|-boost|p1a: Best boi|def|1|[from] item: Grassy Seed
|
|-heal|p2a: Kingambit|54/100|[from] Grassy Terrain
|-heal|p2a: Kingambit|60/100|[from] item: Leftovers
|-fieldend|move: Grassy Terrain
|upkeep
|turn|22
|inactive|MrRodeo has 120 seconds left.
|
|t:|1779901133
|move|p2a: Kingambit|Sucker Punch|p1a: Best boi
|-resisted|p1a: Best boi
|-damage|p1a: Best boi|75/100
|move|p1a: Best boi|Close Combat|p2a: Kingambit
|-supereffective|p2a: Kingambit
|-damage|p2a: Kingambit|0 fnt
|-unboost|p1a: Best boi|def|1
|-unboost|p1a: Best boi|spd|1
|faint|p2a: Kingambit
|-end|p2a: Kingambit|fallen4|[silent]
|
|upkeep
|
|t:|1779901137
|switch|p2a: Raging Bolt|Raging Bolt|100/100
|turn|23
|inactive|MrRodeo has 120 seconds left.
|
|t:|1779901150
|-terastallize|p1a: Best boi|Fighting
|move|p2a: Raging Bolt|Thunderclap|p1a: Best boi
|-damage|p1a: Best boi|0 fnt
|faint|p1a: Best boi
|
|upkeep
|
|t:|1779901157
|switch|p1a: Clyde|Rillaboom, F|99/100
|-fieldstart|move: Grassy Terrain|[from] ability: Grassy Surge|[of] p1a: Clyde
|turn|24
|inactive|MrRodeo has 120 seconds left.
|
|t:|1779901166
|move|p1a: Clyde|Wood Hammer|p2a: Raging Bolt
|-resisted|p2a: Raging Bolt
|-damage|p2a: Raging Bolt|44/100
|-damage|p1a: Clyde|75/100|[from] Recoil
|move|p2a: Raging Bolt|Draco Meteor|p1a: Clyde
|-damage|p1a: Clyde|0 fnt
|-unboost|p2a: Raging Bolt|spa|2
|faint|p1a: Clyde
|
|win|Davi2L
|raw|MrRodeo's rating: 1138 &rarr; <strong>1109</strong><br />(-29 for losing)
|raw|Davi2L's rating: 1075 &rarr; <strong>1109</strong><br />(+34 for winning)
