|j|☆claudechamp
|j|☆MonPon1707
|t:|1779901846
|gametype|singles
|player|p1|claudechamp|169|1373
|player|p2|MonPon1707|2|1308
|gen|9
|tier|[Gen 9] OU
|rated|
|rule|HP Percentage Mod: HP is shown in percentages
|rule|Endless Battle Clause: Forcing endless battles is banned
|rule|Species Clause: Limit one of each Pokémon
|rule|OHKO Clause: OHKO moves are banned
|rule|Evasion Items Clause: Evasion items are banned
|rule|Evasion Moves Clause: Evasion moves are banned
|rule|Evasion Abilities Clause: Evasion abilities are banned
|rule|Sleep Moves Clause: Sleep-inducing moves are banned
|clearpoke
|poke|p1|Corviknight, M|
|poke|p1|Ting-Lu|
|poke|p1|Kyurem|
|poke|p1|Dondozo, F|
|poke|p1|Slowking-Galar, M|
|poke|p1|Cinderace, F|
|poke|p2|Torkoal, M|
|poke|p2|Walking Wake|
|poke|p2|Great Tusk|
|poke|p2|Raging Bolt|
|poke|p2|Weezing-Galar, M|
|poke|p2|Kingambit, M|
|teampreview
|inactive|Battle timer is ON: inactive players will automatically lose when time's up. (requested by MonPon1707)
|c|☆claudechamp|hf
|inactive|claudechamp also wants the timer to be on.
|
|t:|1779901859
|teamsize|p1|6
|teamsize|p2|6
|start
|switch|p1a: Cinderace|Cinderace, F|100/100
|switch|p2a: Weezing|Weezing-Galar, M|100/100
|turn|1
|
|t:|1779901868
|switch|p1a: Kyurem|Kyurem|100/100
|-ability|p1a: Kyurem|Pressure
|move|p2a: Weezing|Sludge Bomb|p1a: Kyurem
|-damage|p1a: Kyurem|74/100
|
|-heal|p1a: Kyurem|80/100|[from] item: Leftovers
|upkeep
|turn|2
|
|t:|1779901878
|-terastallize|p1a: Kyurem|Ground
|move|p1a: Kyurem|Earth Power|p2a: Weezing
|-immune|p2a: Weezing|[from] ability: Levitate
|move|p2a: Weezing|Strange Steam|p1a: Kyurem
|-damage|p1a: Kyurem|55/100
|
|-heal|p1a: Kyurem|61/100|[from] item: Leftovers
|upkeep
|turn|3
|
|t:|1779901895
|move|p1a: Kyurem|Freeze-Dry|p2a: Weezing
|-damage|p2a: Weezing|53/100
|move|p2a: Weezing|Will-O-Wisp|p1a: Kyurem
|-status|p1a: Kyurem|brn
|
|-heal|p1a: Kyurem|67/100 brn|[from] item: Leftovers
|-heal|p2a: Weezing|59/100|[from] item: Leftovers
|-damage|p1a: Kyurem|61/100 brn|[from] brn
|upkeep
|turn|4
|
|t:|1779901906
|switch|p2a: Torkoal|Torkoal, M|100/100
|-weather|SunnyDay|[from] ability: Drought|[of] p2a: Torkoal
|move|p1a: Kyurem|Freeze-Dry|p2a: Torkoal
|-resisted|p2a: Torkoal
|-damage|p2a: Torkoal|84/100
|
|-weather|SunnyDay|[upkeep]
|-heal|p1a: Kyurem|67/100 brn|[from] item: Leftovers
|-damage|p1a: Kyurem|61/100 brn|[from] brn
|upkeep
|turn|5
|
|t:|1779901921
|move|p1a: Kyurem|Earth Power|p2a: Torkoal
|-supereffective|p2a: Torkoal
|-damage|p2a: Torkoal|0 fnt
|faint|p2a: Torkoal
|
|-weather|SunnyDay|[upkeep]
|-heal|p1a: Kyurem|67/100 brn|[from] item: Leftovers
|-damage|p1a: Kyurem|61/100 brn|[from] brn
|upkeep
|
|t:|1779901931
|switch|p2a: Walking Wake|Walking Wake|100/100
|-activate|p2a: Walking Wake|ability: Protosynthesis
|-start|p2a: Walking Wake|protosynthesisspe
|turn|6
|
|t:|1779901939
|move|p2a: Walking Wake|Hydro Steam|p1a: Kyurem
|-supereffective|p1a: Kyurem
|-damage|p1a: Kyurem|0 fnt
|faint|p1a: Kyurem
|
|-weather|SunnyDay|[upkeep]
|upkeep
|
|t:|1779901948
|switch|p1a: Dondozo|Dondozo, F|100/100
|turn|7
|
|t:|1779901955
|-end|p2a: Walking Wake|Protosynthesis|[silent]
|switch|p2a: Raging Bolt|Raging Bolt|100/100
|-activate|p2a: Raging Bolt|ability: Protosynthesis
|-start|p2a: Raging Bolt|protosynthesisspa
|move|p1a: Dondozo|Body Press|p2a: Raging Bolt
|-damage|p2a: Raging Bolt|83/100
|
|-weather|SunnyDay|[upkeep]
|-heal|p2a: Raging Bolt|89/100|[from] item: Leftovers
|upkeep
|turn|8
|
|t:|1779901966
|switch|p1a: Ting-Lu|Ting-Lu|100/100
|-ability|p1a: Ting-Lu|Vessel of Ruin
|move|p2a: Raging Bolt|Solar Beam||[still]
|-prepare|p2a: Raging Bolt|Solar Beam
|-anim|p2a: Raging Bolt|Solar Beam|p1a: Ting-Lu
|-supereffective|p1a: Ting-Lu
|-damage|p1a: Ting-Lu|45/100
|
|-weather|SunnyDay|[upkeep]
|-heal|p2a: Raging Bolt|96/100|[from] item: Leftovers
|-heal|p1a: Ting-Lu|51/100|[from] item: Leftovers
|upkeep
|turn|9
|
|t:|1779901979
|move|p2a: Raging Bolt|Solar Beam||[still]
|-prepare|p2a: Raging Bolt|Solar Beam
|-anim|p2a: Raging Bolt|Solar Beam|p1a: Ting-Lu
|-supereffective|p1a: Ting-Lu
|-damage|p1a: Ting-Lu|0 fnt
|faint|p1a: Ting-Lu
|
|-weather|SunnyDay|[upkeep]
|-heal|p2a: Raging Bolt|100/100|[from] item: Leftovers
|upkeep
|
|t:|1779901985
|switch|p1a: Slowking|Slowking-Galar, M|100/100
|turn|10
|
|t:|1779901995
|move|p2a: Raging Bolt|Dragon Pulse|p1a: Slowking
|-damage|p1a: Slowking|43/100
|-prepare|p1a: Slowking|Chilly Reception|[premajor]
|move|p1a: Slowking|Chilly Reception|p1a: Slowking
|-weather|Snowscape
|-end|p2a: Raging Bolt|Protosynthesis
|
|t:|1779902003
|switch|p1a: Corviknight|Corviknight, M|100/100|[from] Chilly Reception
|-ability|p1a: Corviknight|Pressure
|
|-weather|Snowscape|[upkeep]
|upkeep
|turn|11
|
|t:|1779902016
|-end|p2a: Raging Bolt|Protosynthesis|[silent]
|switch|p2a: Walking Wake|Walking Wake|100/100
|move|p1a: Corviknight|U-turn|p2a: Walking Wake
|-damage|p2a: Walking Wake|84/100
|
|t:|1779902024
|switch|p1a: Slowking|Slowking-Galar, M|77/100|[from] U-turn
|
|-weather|Snowscape|[upkeep]
|-heal|p2a: Walking Wake|90/100|[from] item: Leftovers
|upkeep
|turn|12
|
|t:|1779902032
|move|p2a: Walking Wake|Hydro Steam|p1a: Slowking
|-damage|p1a: Slowking|43/100
|move|p1a: Slowking|Sludge Bomb|p2a: Walking Wake
|-damage|p2a: Walking Wake|52/100
|-status|p2a: Walking Wake|psn
|
|-weather|Snowscape|[upkeep]
|-heal|p2a: Walking Wake|58/100 psn|[from] item: Leftovers
|-damage|p2a: Walking Wake|46/100 psn|[from] psn
|upkeep
|turn|13
|
|t:|1779902048
|-end|p2a: Walking Wake|Protosynthesis|[silent]
|switch|p2a: Great Tusk|Great Tusk|100/100
|switch|p1a: Dondozo|Dondozo, F|100/100
|
|-weather|Snowscape|[upkeep]
|upkeep
|turn|14
|
|t:|1779902062
|switch|p1a: Slowking|Slowking-Galar, M|76/100
|move|p2a: Great Tusk|Knock Off|p1a: Slowking
|-supereffective|p1a: Slowking
|-damage|p1a: Slowking|38/100
|-enditem|p1a: Slowking|Shuca Berry|[from] move: Knock Off|[of] p2a: Great Tusk
|
|-weather|none
|upkeep
|turn|15
|
|t:|1779902072
|move|p2a: Great Tusk|Headlong Rush|p1a: Slowking
|-supereffective|p1a: Slowking
|-damage|p1a: Slowking|0 fnt
|-unboost|p2a: Great Tusk|def|1
|-unboost|p2a: Great Tusk|spd|1
|faint|p1a: Slowking
|
|upkeep
|
|t:|1779902075
|switch|p1a: Cinderace|Cinderace, F|100/100
|turn|16
|
|t:|1779902082
|move|p1a: Cinderace|U-turn|p2a: Great Tusk
|-resisted|p2a: Great Tusk
|-damage|p2a: Great Tusk|92/100
|
|t:|1779902085
|switch|p1a: Corviknight|Corviknight, M|100/100|[from] U-turn
|-ability|p1a: Corviknight|Pressure
|move|p2a: Great Tusk|Headlong Rush|p1a: Corviknight
|-immune|p1a: Corviknight
|
|upkeep
|turn|17
|
|t:|1779902095
|move|p2a: Great Tusk|Knock Off|p1a: Corviknight
|-damage|p1a: Corviknight|82/100
|-damage|p2a: Great Tusk|75/100|[from] item: Rocky Helmet|[of] p1a: Corviknight
|-enditem|p1a: Corviknight|Rocky Helmet|[from] move: Knock Off|[of] p2a: Great Tusk
|move|p1a: Corviknight|Brave Bird|p2a: Great Tusk
|-supereffective|p2a: Great Tusk
|-damage|p2a: Great Tusk|7/100
|-damage|p1a: Corviknight|58/100|[from] Recoil
|
|upkeep
|turn|18
|
|t:|1779902111
|-end|p2a: Great Tusk|Protosynthesis|[silent]
|switch|p2a: Weezing|Weezing-Galar, M|59/100
|move|p1a: Corviknight|Roost|p1a: Corviknight
|-heal|p1a: Corviknight|100/100
|-singleturn|p1a: Corviknight|move: Roost
|
|-heal|p2a: Weezing|65/100|[from] item: Leftovers
|upkeep
|turn|19
|
|t:|1779902120
|move|p1a: Corviknight|U-turn|p2a: Weezing
|-resisted|p2a: Weezing
|-crit|p2a: Weezing
|-damage|p2a: Weezing|62/100
|
|t:|1779902127
|switch|p1a: Dondozo|Dondozo, F|100/100|[from] U-turn
|move|p2a: Weezing|Will-O-Wisp|p1a: Dondozo
|-status|p1a: Dondozo|brn
|
|-heal|p2a: Weezing|68/100|[from] item: Leftovers
|-damage|p1a: Dondozo|94/100 brn|[from] brn
|upkeep
|turn|20
|
|t:|1779902137
|move|p2a: Weezing|Taunt|p1a: Dondozo
|-start|p1a: Dondozo|move: Taunt
|cant|p1a: Dondozo|move: Taunt|Rest
|
|-heal|p2a: Weezing|74/100|[from] item: Leftovers
|-heal|p1a: Dondozo|100/100 brn|[from] item: Leftovers
|-damage|p1a: Dondozo|94/100 brn|[from] brn
|upkeep
|turn|21
|
|t:|1779902151
|switch|p2a: Raging Bolt|Raging Bolt|100/100
|move|p1a: Dondozo|Waterfall|p2a: Raging Bolt
|-resisted|p2a: Raging Bolt
|-damage|p2a: Raging Bolt|95/100
|
|-heal|p2a: Raging Bolt|100/100|[from] item: Leftovers
|-heal|p1a: Dondozo|100/100 brn|[from] item: Leftovers
|-damage|p1a: Dondozo|94/100 brn|[from] brn
|upkeep
|turn|22
|
|t:|1779902164
|switch|p1a: Corviknight|Corviknight, M|100/100
|-ability|p1a: Corviknight|Pressure
|move|p2a: Raging Bolt|Thunderclap||[still]
|-fail|p2a: Raging Bolt
|
|upkeep
|turn|23
|
|t:|1779902179
|switch|p1a: Dondozo|Dondozo, F|94/100 brn
|move|p2a: Raging Bolt|Calm Mind|p2a: Raging Bolt
|-boost|p2a: Raging Bolt|spa|1
|-boost|p2a: Raging Bolt|spd|1
|
|-heal|p1a: Dondozo|100/100 brn|[from] item: Leftovers
|-damage|p1a: Dondozo|94/100 brn|[from] brn
|upkeep
|turn|24
|
|t:|1779902195
|move|p2a: Raging Bolt|Calm Mind|p2a: Raging Bolt
|-boost|p2a: Raging Bolt|spa|1
|-boost|p2a: Raging Bolt|spd|1
|move|p1a: Dondozo|Body Press|p2a: Raging Bolt
|-damage|p2a: Raging Bolt|92/100
|
|-heal|p2a: Raging Bolt|98/100|[from] item: Leftovers
|-heal|p1a: Dondozo|100/100 brn|[from] item: Leftovers
|-damage|p1a: Dondozo|94/100 brn|[from] brn
|upkeep
|turn|25
|
|t:|1779902205
|move|p2a: Raging Bolt|Calm Mind|p2a: Raging Bolt
|-boost|p2a: Raging Bolt|spa|1
|-boost|p2a: Raging Bolt|spd|1
|move|p1a: Dondozo|Waterfall|p2a: Raging Bolt
|-resisted|p2a: Raging Bolt
|-damage|p2a: Raging Bolt|93/100
|
|-heal|p2a: Raging Bolt|99/100|[from] item: Leftovers
|-heal|p1a: Dondozo|100/100 brn|[from] item: Leftovers
|-damage|p1a: Dondozo|94/100 brn|[from] brn
|upkeep
|turn|26
|
|t:|1779902218
|move|p2a: Raging Bolt|Calm Mind|p2a: Raging Bolt
|-boost|p2a: Raging Bolt|spa|1
|-boost|p2a: Raging Bolt|spd|1
|move|p1a: Dondozo|Body Press|p2a: Raging Bolt
|-damage|p2a: Raging Bolt|91/100
|
|-heal|p2a: Raging Bolt|97/100|[from] item: Leftovers
|-heal|p1a: Dondozo|100/100 brn|[from] item: Leftovers
|-damage|p1a: Dondozo|94/100 brn|[from] brn
|upkeep
|turn|27
|
|t:|1779902233
|move|p2a: Raging Bolt|Calm Mind|p2a: Raging Bolt
|-boost|p2a: Raging Bolt|spa|1
|-boost|p2a: Raging Bolt|spd|1
|move|p1a: Dondozo|Waterfall|p2a: Raging Bolt
|-resisted|p2a: Raging Bolt
|-damage|p2a: Raging Bolt|92/100
|
|-heal|p2a: Raging Bolt|98/100|[from] item: Leftovers
|-heal|p1a: Dondozo|100/100 brn|[from] item: Leftovers
|-damage|p1a: Dondozo|94/100 brn|[from] brn
|upkeep
|turn|28
|
|t:|1779902249
|move|p2a: Raging Bolt|Calm Mind|p2a: Raging Bolt
|-boost|p2a: Raging Bolt|spa|1
|-boost|p2a: Raging Bolt|spd|1
|move|p1a: Dondozo|Body Press|p2a: Raging Bolt
|-damage|p2a: Raging Bolt|90/100
|
|-heal|p2a: Raging Bolt|96/100|[from] item: Leftovers
|-heal|p1a: Dondozo|100/100 brn|[from] item: Leftovers
|-damage|p1a: Dondozo|94/100 brn|[from] brn
|upkeep
|turn|29
|
|t:|1779902260
|move|p2a: Raging Bolt|Dragon Pulse|p1a: Dondozo
|-damage|p1a: Dondozo|63/100 brn
|move|p1a: Dondozo|Waterfall|p2a: Raging Bolt
|-resisted|p2a: Raging Bolt
|-damage|p2a: Raging Bolt|91/100
|
|-heal|p2a: Raging Bolt|97/100|[from] item: Leftovers
|-heal|p1a: Dondozo|69/100 brn|[from] item: Leftovers
|-damage|p1a: Dondozo|63/100 brn|[from] brn
|upkeep
|turn|30
|
|t:|1779902270
|switch|p1a: Corviknight|Corviknight, M|100/100
|-ability|p1a: Corviknight|Pressure
|move|p2a: Raging Bolt|Thunderclap||[still]
|-fail|p2a: Raging Bolt
|
|-heal|p2a: Raging Bolt|100/100|[from] item: Leftovers
|upkeep
|turn|31
|
|t:|1779902280
|move|p2a: Raging Bolt|Thunderclap|p1a: Corviknight
|-supereffective|p1a: Corviknight
|-damage|p1a: Corviknight|0 fnt
|faint|p1a: Corviknight
|
|upkeep
|inactive|claudechamp has 120 seconds left.
|
|t:|1779902296
|switch|p1a: Dondozo|Dondozo, F|63/100 brn
|turn|32
|inactive|claudechamp has 120 seconds left.
|
|t:|1779902302
|move|p2a: Raging Bolt|Thunderclap|p1a: Dondozo
|-supereffective|p1a: Dondozo
|-damage|p1a: Dondozo|13/100 brn
|move|p1a: Dondozo|Waterfall|p2a: Raging Bolt
|-resisted|p2a: Raging Bolt
|-damage|p2a: Raging Bolt|95/100
|
|-heal|p2a: Raging Bolt|100/100|[from] item: Leftovers
|-heal|p1a: Dondozo|19/100 brn|[from] item: Leftovers
|-damage|p1a: Dondozo|13/100 brn|[from] brn
|upkeep
|turn|33
|
|t:|1779902312
|switch|p1a: Cinderace|Cinderace, F|100/100
|move|p2a: Raging Bolt|Dragon Pulse|p1a: Cinderace
|-damage|p1a: Cinderace|0 fnt
|faint|p1a: Cinderace
|
|upkeep
|
|t:|1779902318
|switch|p1a: Dondozo|Dondozo, F|13/100 brn
|turn|34
|
|t:|1779902322
|move|p2a: Raging Bolt|Dragon Pulse|p1a: Dondozo
|-damage|p1a: Dondozo|0 fnt
|faint|p1a: Dondozo
|
|win|MonPon1707
|raw|claudechamp's rating: 1336 &rarr; <strong>1314</strong><br />(-22 for losing)
|raw|MonPon1707's rating: 1308 &rarr; <strong>1330</strong><br />(+22 for winning)
|c|☆claudechamp|gg
