|j|☆thepokepersonthing
|j|☆blueThe12thman
|t:|1779937553
|gametype|singles
|player|p1|thepokepersonthing|miku-ghost|1373
|player|p2|blueThe12thman|silver|1379
|gen|9
|tier|[Gen 9] OU
|rated|
|rule|HP Percentage Mod: HP is shown in percentages
|rule|Endless Battle Clause: Forcing endless battles is banned
|rule|Species Clause: Limit one of each Pokémon
|rule|OHKO Clause: OHKO moves are banned
|rule|Evasion Items Clause: Evasion items are banned
|rule|Evasion Moves Clause: Evasion moves are banned
|rule|Evasion Abilities Clause: Evasion abilities are banned
|rule|Sleep Moves Clause: Sleep-inducing moves are banned
|clearpoke
|poke|p1|Rillaboom, M|
|poke|p1|Latios, M|
|poke|p1|Alomomola, F|
|poke|p1|Pecharunt|
|poke|p1|Clodsire, M|
|poke|p1|Corviknight, M|
|poke|p2|Tyranitar, F|
|poke|p2|Skarmory, M|
|poke|p2|Scizor, M|
|poke|p2|Slowking, F|
|poke|p2|Gliscor, F|
|poke|p2|Espeon, M|
|teampreview
|inactive|Battle timer is ON: inactive players will automatically lose when time's up. (requested by thepokepersonthing)
|
|t:|1779937567
|teamsize|p1|6
|teamsize|p2|6
|start
|switch|p1a: monke|Rillaboom, M|100/100
|switch|p2a: Scizor|Scizor, M|100/100
|-fieldstart|move: Grassy Terrain|[from] ability: Grassy Surge|[of] p1a: monke
|turn|1
|
|t:|1779937576
|switch|p1a: skarm impostor|Corviknight, M, shiny|100/100
|-ability|p1a: skarm impostor|Pressure
|move|p2a: Scizor|Knock Off|p1a: skarm impostor
|-damage|p1a: skarm impostor|72/100
|-damage|p2a: Scizor|84/100|[from] item: Rocky Helmet|[of] p1a: skarm impostor
|-enditem|p1a: skarm impostor|Rocky Helmet|[from] move: Knock Off|[of] p2a: Scizor
|-damage|p2a: Scizor|74/100|[from] item: Life Orb
|
|-heal|p2a: Scizor|80/100|[from] Grassy Terrain
|upkeep
|turn|2
|
|t:|1779937586
|switch|p2a: Gliscor|Gliscor, F|100/100
|move|p1a: skarm impostor|U-turn|p2a: Gliscor
|-resisted|p2a: Gliscor
|-damage|p2a: Gliscor|96/100
|
|t:|1779937593
|switch|p1a: F-35 Lightning II|Latios, M, shiny|100/100|[from] U-turn
|
|-status|p2a: Gliscor|tox|[from] item: Toxic Orb
|upkeep
|turn|3
|
|t:|1779937618
|switch|p2a: Tyranitar|Tyranitar, F|100/100
|-weather|Sandstorm|[from] ability: Sand Stream|[of] p2a: Tyranitar
|move|p1a: F-35 Lightning II|Draco Meteor|p2a: Tyranitar
|-damage|p2a: Tyranitar|48/100
|-unboost|p1a: F-35 Lightning II|spa|2
|
|-weather|Sandstorm|[upkeep]
|-damage|p1a: F-35 Lightning II|95/100|[from] Sandstorm
|-heal|p2a: Tyranitar|54/100|[from] Grassy Terrain
|upkeep
|turn|4
|inactive|blueThe12thman has 120 seconds left.
|
|t:|1779937635
|switch|p1a: skarm impostor|Corviknight, M, shiny|72/100
|-ability|p1a: skarm impostor|Pressure
|move|p2a: Tyranitar|Stone Edge|p1a: skarm impostor
|-damage|p1a: skarm impostor|22/100
|
|-weather|Sandstorm|[upkeep]
|-heal|p2a: Tyranitar|61/100|[from] Grassy Terrain
|upkeep
|turn|5
|inactive|blueThe12thman has 120 seconds left.
|
|t:|1779937651
|move|p1a: skarm impostor|Roost|p1a: skarm impostor
|-heal|p1a: skarm impostor|72/100
|-singleturn|p1a: skarm impostor|move: Roost
|move|p2a: Tyranitar|Stone Edge|p1a: skarm impostor
|-resisted|p1a: skarm impostor
|-damage|p1a: skarm impostor|48/100
|
|-weather|Sandstorm|[upkeep]
|-heal|p1a: skarm impostor|54/100|[from] Grassy Terrain
|-heal|p2a: Tyranitar|67/100|[from] Grassy Terrain
|-fieldend|move: Grassy Terrain
|upkeep
|turn|6
|inactive|blueThe12thman has 120 seconds left.
|
|t:|1779937662
|switch|p2a: Scizor|Scizor, M|80/100
|move|p1a: skarm impostor|Roost|p1a: skarm impostor
|-heal|p1a: skarm impostor|100/100
|-singleturn|p1a: skarm impostor|move: Roost
|
|-weather|Sandstorm|[upkeep]
|upkeep
|turn|7
|inactive|blueThe12thman has 120 seconds left.
|
|t:|1779937669
|move|p2a: Scizor|Swords Dance|p2a: Scizor
|-boost|p2a: Scizor|atk|2
|move|p1a: skarm impostor|U-turn|p2a: Scizor
|-resisted|p2a: Scizor
|-damage|p2a: Scizor|72/100
|
|t:|1779937689
|switch|p1a: blobby|Clodsire, M|100/100|[from] U-turn
|
|-weather|none
|upkeep
|turn|8
|
|t:|1779937703
|move|p2a: Scizor|Knock Off|p1a: blobby
|-damage|p1a: blobby|49/100
|-enditem|p1a: blobby|Heavy-Duty Boots|[from] move: Knock Off|[of] p2a: Scizor
|-damage|p2a: Scizor|62/100|[from] item: Life Orb
|move|p1a: blobby|Earthquake|p2a: Scizor
|-crit|p2a: Scizor
|-damage|p2a: Scizor|16/100
|
|upkeep
|turn|9
|
|t:|1779937712
|move|p2a: Scizor|Bullet Punch|p1a: blobby
|-damage|p1a: blobby|3/100
|-damage|p2a: Scizor|6/100|[from] item: Life Orb
|move|p1a: blobby|Recover|p1a: blobby
|-heal|p1a: blobby|53/100
|
|upkeep
|turn|10
|
|t:|1779937730
|move|p2a: Scizor|Bullet Punch|p1a: blobby
|-damage|p1a: blobby|3/100
|-damage|p2a: Scizor|0 fnt|[from] item: Life Orb
|faint|p2a: Scizor
|move|p1a: blobby|Recover|p1a: blobby
|-heal|p1a: blobby|53/100
|
|upkeep
|inactive|blueThe12thman has 120 seconds left.
|
|t:|1779937756
|switch|p2a: Tyranitar|Tyranitar, F|67/100
|-weather|Sandstorm|[from] ability: Sand Stream|[of] p2a: Tyranitar
|turn|11
|
|t:|1779937771
|switch|p1a: skarm impostor|Corviknight, M, shiny|100/100
|-ability|p1a: skarm impostor|Pressure
|move|p2a: Tyranitar|Knock Off|p1a: skarm impostor
|-damage|p1a: skarm impostor|64/100
|
|-weather|Sandstorm|[upkeep]
|upkeep
|turn|12
|
|t:|1779937780
|switch|p2a: Slowking|Slowking, F|100/100
|move|p1a: skarm impostor|Roost|p1a: skarm impostor
|-heal|p1a: skarm impostor|100/100
|-singleturn|p1a: skarm impostor|move: Roost
|
|-weather|Sandstorm|[upkeep]
|-damage|p2a: Slowking|94/100|[from] Sandstorm
|upkeep
|turn|13
|inactive|blueThe12thman has 120 seconds left.
|
|t:|1779937790
|switch|p1a: Crazy Diamond|Alomomola, F|100/100
|move|p2a: Slowking|Future Sight|p1a: Crazy Diamond
|-start|p2a: Slowking|move: Future Sight
|
|-weather|Sandstorm|[upkeep]
|-damage|p1a: Crazy Diamond|94/100|[from] Sandstorm
|-damage|p2a: Slowking|88/100|[from] Sandstorm
|upkeep
|turn|14
|
|t:|1779937799
|move|p1a: Crazy Diamond|Flip Turn|p2a: Slowking
|-resisted|p2a: Slowking
|-damage|p2a: Slowking|79/100
|
|t:|1779937805
|switch|p1a: skarm impostor|Corviknight, M, shiny|100/100|[from] Flip Turn
|-ability|p1a: skarm impostor|Pressure
|move|p2a: Slowking|Future Sight||[still]
|-fail|p2a: Slowking
|
|-weather|Sandstorm|[upkeep]
|-damage|p2a: Slowking|73/100|[from] Sandstorm
|upkeep
|turn|15
|
|t:|1779937819
|move|p1a: skarm impostor|U-turn|p2a: Slowking
|-supereffective|p2a: Slowking
|-damage|p2a: Slowking|44/100
|
|t:|1779937823
|switch|p1a: Crazy Diamond|Alomomola, F|100/100|[from] U-turn
|-prepare|p2a: Slowking|Chilly Reception|[premajor]
|move|p2a: Slowking|Chilly Reception|p2a: Slowking
|-weather|Snowscape
|
|t:|1779937828
|switch|p2a: Gliscor|Gliscor, F|96/100 tox|[from] Chilly Reception
|
|-weather|Snowscape|[upkeep]
|-end|p1a: Crazy Diamond|move: Future Sight
|-damage|p1a: Crazy Diamond|79/100
|-heal|p2a: Gliscor|100/100 tox|[from] ability: Poison Heal
|upkeep
|turn|16
|
|t:|1779937838
|move|p2a: Gliscor|Stealth Rock|p1a: Crazy Diamond
|-sidestart|p1: thepokepersonthing|move: Stealth Rock
|move|p1a: Crazy Diamond|Flip Turn|p2a: Gliscor
|-supereffective|p2a: Gliscor
|-damage|p2a: Gliscor|79/100 tox
|
|t:|1779937842
|switch|p1a: F-35 Lightning II|Latios, M, shiny|95/100|[from] Flip Turn
|-damage|p1a: F-35 Lightning II|82/100|[from] Stealth Rock
|
|-weather|Snowscape|[upkeep]
|-heal|p2a: Gliscor|92/100 tox|[from] ability: Poison Heal
|upkeep
|turn|17
|
|t:|1779937850
|move|p2a: Gliscor|Protect|p2a: Gliscor
|-singleturn|p2a: Gliscor|Protect
|move|p1a: F-35 Lightning II|Draco Meteor|p2a: Gliscor
|-activate|p2a: Gliscor|move: Protect
|
|-weather|Snowscape|[upkeep]
|-heal|p2a: Gliscor|100/100 tox|[from] ability: Poison Heal
|upkeep
|turn|18
|
|t:|1779937863
|switch|p2a: Slowking|Slowking, F|77/100
|-terastallize|p1a: F-35 Lightning II|Dragon
|move|p1a: F-35 Lightning II|Draco Meteor|p2a: Slowking
|-damage|p2a: Slowking|0 fnt
|-unboost|p1a: F-35 Lightning II|spa|2
|faint|p2a: Slowking
|
|-weather|Snowscape|[upkeep]
|upkeep
|
|t:|1779937871
|switch|p2a: Tyranitar|Tyranitar, F|67/100
|-weather|Sandstorm|[from] ability: Sand Stream|[of] p2a: Tyranitar
|turn|19
|
|t:|1779937883
|switch|p1a: skarm impostor|Corviknight, M, shiny|100/100
|-damage|p1a: skarm impostor|88/100|[from] Stealth Rock
|-ability|p1a: skarm impostor|Pressure
|switch|p2a: Skarmory|Skarmory, M|100/100
|
|-weather|Sandstorm|[upkeep]
|upkeep
|turn|20
|
|t:|1779937891
|move|p2a: Skarmory|Iron Defense|p2a: Skarmory
|-boost|p2a: Skarmory|def|2
|move|p1a: skarm impostor|Defog|p2a: Skarmory
|-unboost|p2a: Skarmory|evasion|1
|-sideend|p1: thepokepersonthing|Stealth Rock|[from] move: Defog|[of] p1a: skarm impostor
|
|-weather|Sandstorm|[upkeep]
|upkeep
|turn|21
|
|t:|1779937898
|move|p2a: Skarmory|Body Press|p1a: skarm impostor
|-damage|p1a: skarm impostor|51/100
|move|p1a: skarm impostor|U-turn|p2a: Skarmory
|-resisted|p2a: Skarmory
|-damage|p2a: Skarmory|99/100
|-damage|p1a: skarm impostor|34/100|[from] item: Rocky Helmet|[of] p2a: Skarmory
|
|t:|1779937906
|switch|p1a: F-35 Lightning II|Latios, M, shiny, tera:Dragon|82/100|[from] U-turn
|
|-weather|Sandstorm|[upkeep]
|-damage|p1a: F-35 Lightning II|76/100|[from] Sandstorm
|upkeep
|turn|22
|
|t:|1779937910
|move|p1a: F-35 Lightning II|Thunderbolt|p2a: Skarmory
|-supereffective|p2a: Skarmory
|-damage|p2a: Skarmory|0 fnt
|faint|p2a: Skarmory
|
|-weather|Sandstorm|[upkeep]
|-damage|p1a: F-35 Lightning II|70/100|[from] Sandstorm
|upkeep
|
|t:|1779937918
|switch|p2a: Gliscor|Gliscor, F|100/100 tox
|turn|23
|
|t:|1779937928
|switch|p1a: skarm impostor|Corviknight, M, shiny|34/100
|-ability|p1a: skarm impostor|Pressure
|switch|p2a: Tyranitar|Tyranitar, F|67/100
|
|-weather|none
|upkeep
|turn|24
|
|t:|1779937934
|move|p1a: skarm impostor|Roost|p1a: skarm impostor
|-heal|p1a: skarm impostor|84/100
|-singleturn|p1a: skarm impostor|move: Roost
|move|p2a: Tyranitar|Stone Edge|p1a: skarm impostor
|-resisted|p1a: skarm impostor
|-damage|p1a: skarm impostor|60/100
|
|upkeep
|turn|25
|
|t:|1779937942
|switch|p2a: Gliscor|Gliscor, F|100/100 tox
|move|p1a: skarm impostor|Roost|p1a: skarm impostor
|-heal|p1a: skarm impostor|100/100
|-singleturn|p1a: skarm impostor|move: Roost
|
|upkeep
|turn|26
|
|t:|1779937947
|move|p2a: Gliscor|Stealth Rock|p1a: skarm impostor
|-sidestart|p1: thepokepersonthing|move: Stealth Rock
|move|p1a: skarm impostor|U-turn|p2a: Gliscor
|-resisted|p2a: Gliscor
|-damage|p2a: Gliscor|96/100 tox
|
|t:|1779937951
|switch|p1a: F-35 Lightning II|Latios, M, shiny, tera:Dragon|70/100|[from] U-turn
|-damage|p1a: F-35 Lightning II|58/100|[from] Stealth Rock
|
|-heal|p2a: Gliscor|100/100 tox|[from] ability: Poison Heal
|upkeep
|turn|27
|
|t:|1779937962
|switch|p2a: Espeon|Espeon, M|100/100
|move|p1a: F-35 Lightning II|Draco Meteor|p2a: Espeon
|-damage|p2a: Espeon|0 fnt
|-unboost|p1a: F-35 Lightning II|spa|2
|faint|p2a: Espeon
|
|upkeep
|
|t:|1779937965
|switch|p2a: Tyranitar|Tyranitar, F|67/100
|-weather|Sandstorm|[from] ability: Sand Stream|[of] p2a: Tyranitar
|turn|28
|
|t:|1779937979
|switch|p1a: skarm impostor|Corviknight, M, shiny|100/100
|-damage|p1a: skarm impostor|88/100|[from] Stealth Rock
|-ability|p1a: skarm impostor|Pressure
|move|p2a: Tyranitar|Stone Edge|p1a: skarm impostor|[miss]
|-miss|p2a: Tyranitar|p1a: skarm impostor
|
|-weather|Sandstorm|[upkeep]
|upkeep
|turn|29
|
|t:|1779937994
|switch|p2a: Gliscor|Gliscor, F|100/100 tox
|move|p1a: skarm impostor|U-turn|p2a: Gliscor
|-resisted|p2a: Gliscor
|-damage|p2a: Gliscor|96/100 tox
|
|t:|1779937997
|switch|p1a: F-35 Lightning II|Latios, M, shiny, tera:Dragon|58/100|[from] U-turn
|-damage|p1a: F-35 Lightning II|46/100|[from] Stealth Rock
|
|-weather|Sandstorm|[upkeep]
|-damage|p1a: F-35 Lightning II|40/100|[from] Sandstorm
|-heal|p2a: Gliscor|100/100 tox|[from] ability: Poison Heal
|upkeep
|turn|30
|
|t:|1779938001
|move|p2a: Gliscor|Protect|p2a: Gliscor
|-singleturn|p2a: Gliscor|Protect
|move|p1a: F-35 Lightning II|Draco Meteor|p2a: Gliscor
|-activate|p2a: Gliscor|move: Protect
|
|-weather|Sandstorm|[upkeep]
|-damage|p1a: F-35 Lightning II|34/100|[from] Sandstorm
|upkeep
|turn|31
|
|t:|1779938004
|move|p1a: F-35 Lightning II|Draco Meteor|p2a: Gliscor
|-damage|p2a: Gliscor|0 fnt
|-unboost|p1a: F-35 Lightning II|spa|2
|faint|p2a: Gliscor
|
|-weather|Sandstorm|[upkeep]
|-damage|p1a: F-35 Lightning II|28/100|[from] Sandstorm
|upkeep
|
|t:|1779938007
|switch|p2a: Tyranitar|Tyranitar, F|67/100
|turn|32
|
|t:|1779938014
|switch|p1a: skarm impostor|Corviknight, M, shiny|88/100
|-damage|p1a: skarm impostor|76/100|[from] Stealth Rock
|-ability|p1a: skarm impostor|Pressure
|move|p2a: Tyranitar|Low Kick|p1a: skarm impostor
|-damage|p1a: skarm impostor|48/100
|
|-weather|none
|upkeep
|turn|33
|
|t:|1779938017
|move|p1a: skarm impostor|Roost|p1a: skarm impostor
|-heal|p1a: skarm impostor|98/100
|-singleturn|p1a: skarm impostor|move: Roost
|move|p2a: Tyranitar|Low Kick|p1a: skarm impostor
|-supereffective|p1a: skarm impostor
|-damage|p1a: skarm impostor|37/100
|
|upkeep
|turn|34
|
|t:|1779938022
|move|p1a: skarm impostor|U-turn|p2a: Tyranitar
|-supereffective|p2a: Tyranitar
|-damage|p2a: Tyranitar|45/100
|
|t:|1779938024
|switch|p1a: monke|Rillaboom, M|100/100|[from] U-turn
|-damage|p1a: monke|88/100|[from] Stealth Rock
|-fieldstart|move: Grassy Terrain|[from] ability: Grassy Surge|[of] p1a: monke
|move|p2a: Tyranitar|Low Kick|p1a: monke
|-damage|p1a: monke|33/100
|
|-heal|p1a: monke|39/100|[from] Grassy Terrain
|-heal|p2a: Tyranitar|51/100|[from] Grassy Terrain
|upkeep
|turn|35
|
|t:|1779938028
|move|p1a: monke|Wood Hammer|p2a: Tyranitar
|-supereffective|p2a: Tyranitar
|-damage|p2a: Tyranitar|0 fnt
|faint|p2a: Tyranitar
|-damage|p1a: monke|19/100|[from] Recoil
|
|win|thepokepersonthing
|raw|thepokepersonthing's rating: 1373 &rarr; <strong>1393</strong><br />(+20 for winning)
|raw|blueThe12thman's rating: 1379 &rarr; <strong>1359</strong><br />(-20 for losing)
|c|☆thepokepersonthing|gg
