|j|☆manolokiwi
|j|☆Harshweather
|t:|1779874809
|gametype|singles
|player|p1|manolokiwi|101|1062
|player|p2|Harshweather|102|1132
|gen|9
|tier|[Gen 9] OU
|rated|
|rule|HP Percentage Mod: HP is shown in percentages
|rule|Endless Battle Clause: Forcing endless battles is banned
|rule|Species Clause: Limit one of each Pokémon
|rule|OHKO Clause: OHKO moves are banned
|rule|Evasion Items Clause: Evasion items are banned
|rule|Evasion Moves Clause: Evasion moves are banned
|rule|Evasion Abilities Clause: Evasion abilities are banned
|rule|Sleep Moves Clause: Sleep-inducing moves are banned
|clearpoke
|poke|p1|Kleavor, M|
|poke|p1|Corviknight, F|
|poke|p1|Darkrai|
|poke|p1|Dragapult, M|
|poke|p1|Maushold-Four|
|poke|p1|Ogerpon-Wellspring, F|
|poke|p2|Zangoose, M|
|poke|p2|Iron Moth|
|poke|p2|Ninetales-Alola, M|
|poke|p2|Dragapult, M|
|poke|p2|Vikavolt, M|
|poke|p2|Salamence, M|
|teampreview
|inactive|Battle timer is ON: inactive players will automatically lose when time's up. (requested by Harshweather)
|inactive|manolokiwi also wants the timer to be on.
|
|t:|1779874816
|teamsize|p1|6
|teamsize|p2|6
|start
|switch|p1a: Kleavor|Kleavor, M|100/100
|switch|p2a: Victim 2|Vikavolt, M|100/100
|turn|1
|
|t:|1779874823
|move|p1a: Kleavor|Stone Axe|p2a: Victim 2|[miss]
|-miss|p1a: Kleavor|p2a: Victim 2
|move|p2a: Victim 2|Sticky Web|p1a: Kleavor
|-sidestart|p1: manolokiwi|move: Sticky Web
|
|upkeep
|turn|2
|
|t:|1779874828
|move|p1a: Kleavor|Stone Axe|p2a: Victim 2
|-supereffective|p2a: Victim 2
|-enditem|p2a: Victim 2|Focus Sash
|-damage|p2a: Victim 2|1/100
|-sidestart|p2: Harshweather|move: Stealth Rock
|move|p2a: Victim 2|Volt Switch|p1a: Kleavor
|-damage|p1a: Kleavor|29/100
|-enditem|p1a: Kleavor|Sitrus Berry|[eat]
|-heal|p1a: Kleavor|54/100|[from] item: Sitrus Berry
|
|t:|1779874838
|switch|p2a: Ninetales|Ninetales-Alola, M|100/100|[from] Volt Switch
|-damage|p2a: Ninetales|76/100|[from] Stealth Rock
|-weather|Snowscape|[from] ability: Snow Warning|[of] p2a: Ninetales
|
|-weather|Snowscape|[upkeep]
|upkeep
|turn|3
|
|t:|1779874840
|move|p2a: Ninetales|Aurora Veil|p2a: Ninetales
|-sidestart|p2: Harshweather|move: Aurora Veil
|move|p1a: Kleavor|Stone Axe|p2a: Ninetales
|-supereffective|p2a: Ninetales
|-damage|p2a: Ninetales|38/100
|
|-weather|Snowscape|[upkeep]
|upkeep
|turn|4
|
|t:|1779874846
|move|p2a: Ninetales|Encore|p1a: Kleavor
|-start|p1a: Kleavor|Encore
|move|p1a: Kleavor|Stone Axe|p2a: Ninetales
|-supereffective|p2a: Ninetales
|-damage|p2a: Ninetales|0 fnt
|faint|p2a: Ninetales
|
|-weather|Snowscape|[upkeep]
|upkeep
|inactive|Harshweather has 120 seconds left.
|
|t:|1779874879
|switch|p2a: molester|Zangoose, M|100/100
|-damage|p2a: molester|88/100|[from] Stealth Rock
|turn|5
|
|t:|1779874895
|move|p2a: molester|Swords Dance|p2a: molester
|-boost|p2a: molester|atk|2
|move|p1a: Kleavor|Stone Axe|p2a: molester
|-damage|p2a: molester|38/100
|
|-weather|Snowscape|[upkeep]
|-status|p2a: molester|tox|[from] item: Toxic Orb
|upkeep
|turn|6
|
|t:|1779874898
|move|p2a: molester|Facade|p1a: Kleavor
|-resisted|p1a: Kleavor
|-damage|p1a: Kleavor|0 fnt
|faint|p1a: Kleavor
|
|-weather|none
|-damage|p2a: molester|32/100 tox|[from] psn
|upkeep
|
|t:|1779874902
|switch|p1a: Corviknight|Corviknight, F, shiny|100/100
|-ability|p1a: Corviknight|Pressure
|turn|7
|
|t:|1779874909
|move|p2a: molester|Knock Off|p1a: Corviknight
|-damage|p1a: Corviknight|23/100
|-damage|p2a: molester|16/100 tox|[from] item: Rocky Helmet|[of] p1a: Corviknight
|-enditem|p1a: Corviknight|Rocky Helmet|[from] move: Knock Off|[of] p2a: molester
|move|p1a: Corviknight|Body Press|p2a: molester
|-supereffective|p2a: molester
|-damage|p2a: molester|0 fnt
|faint|p2a: molester
|
|upkeep
|
|t:|1779874913
|switch|p2a: Salamence|Salamence, M|100/100
|turn|8
|
|t:|1779874919
|move|p2a: Salamence|Dragon Dance|p2a: Salamence
|-boost|p2a: Salamence|atk|1
|-boost|p2a: Salamence|spe|1
|move|p1a: Corviknight|Roost|p1a: Corviknight
|-heal|p1a: Corviknight|73/100
|-singleturn|p1a: Corviknight|move: Roost
|
|upkeep
|turn|9
|
|t:|1779874925
|move|p2a: Salamence|Dragon Dance|p2a: Salamence
|-boost|p2a: Salamence|atk|1
|-boost|p2a: Salamence|spe|1
|move|p1a: Corviknight|Iron Defense|p1a: Corviknight
|-boost|p1a: Corviknight|def|2
|
|upkeep
|turn|10
|
|t:|1779874932
|move|p2a: Salamence|Dragon Dance|p2a: Salamence
|-boost|p2a: Salamence|atk|1
|-boost|p2a: Salamence|spe|1
|move|p1a: Corviknight|Brave Bird|p2a: Salamence
|-damage|p2a: Salamence|78/100
|-damage|p1a: Corviknight|67/100|[from] Recoil
|
|-sideend|p2: Harshweather|move: Aurora Veil
|upkeep
|turn|11
|
|t:|1779874937
|move|p2a: Salamence|Outrage|p1a: Corviknight
|-resisted|p1a: Corviknight
|-damage|p1a: Corviknight|35/100
|move|p1a: Corviknight|Iron Defense|p1a: Corviknight
|-boost|p1a: Corviknight|def|2
|
|upkeep
|turn|12
|
|t:|1779874940
|move|p2a: Salamence|Outrage|p1a: Corviknight|[from] lockedmove
|-resisted|p1a: Corviknight
|-damage|p1a: Corviknight|15/100
|-start|p2a: Salamence|confusion|[fatigue]
|move|p1a: Corviknight|Roost|p1a: Corviknight
|-heal|p1a: Corviknight|65/100
|-singleturn|p1a: Corviknight|move: Roost
|
|upkeep
|turn|13
|
|t:|1779874949
|switch|p2a: 2nd molester|Iron Moth|100/100
|-damage|p2a: 2nd molester|76/100|[from] Stealth Rock
|-enditem|p2a: 2nd molester|Booster Energy
|-activate|p2a: 2nd molester|ability: Quark Drive|[fromitem]
|-start|p2a: 2nd molester|quarkdrivespa
|move|p1a: Corviknight|Iron Defense|p1a: Corviknight
|-boost|p1a: Corviknight|def|2
|
|upkeep
|turn|14
|
|t:|1779874952
|move|p2a: 2nd molester|Fiery Dance|p1a: Corviknight
|-supereffective|p1a: Corviknight
|-damage|p1a: Corviknight|0 fnt
|faint|p1a: Corviknight
|
|upkeep
|
|t:|1779874956
|switch|p1a: Maushold|Maushold-Four|100/100
|-activate|p1a: Maushold|move: Sticky Web
|-unboost|p1a: Maushold|spe|1
|turn|15
|
|t:|1779874966
|move|p2a: 2nd molester|Fiery Dance|p1a: Maushold
|-damage|p1a: Maushold|28/100
|-boost|p2a: 2nd molester|spa|1
|move|p1a: Maushold|Tidy Up|p1a: Maushold
|-sideend|p1: manolokiwi|Sticky Web
|-sideend|p2: Harshweather|Stealth Rock
|-activate|p1a: Maushold|move: Tidy Up
|-boost|p1a: Maushold|atk|1
|-boost|p1a: Maushold|spe|1
|
|upkeep
|turn|16
|
|t:|1779874976
|move|p1a: Maushold|Population Bomb|p2a: 2nd molester
|-damage|p2a: 2nd molester|53/100
|-damage|p2a: 2nd molester|27/100
|-damage|p2a: 2nd molester|5/100
|-damage|p2a: 2nd molester|0 fnt
|faint|p2a: 2nd molester
|-end|p2a: 2nd molester|Quark Drive|[silent]
|-hitcount|p2: 2nd molester|4
|
|upkeep
|
|t:|1779874985
|switch|p2a: Dragapult|Dragapult, M|100/100
|turn|17
|
|t:|1779874989
|move|p2a: Dragapult|Dragon Darts|p1a: Maushold
|-damage|p1a: Maushold|0 fnt
|faint|p1a: Maushold
|
|upkeep
|
|t:|1779874998
|switch|p1a: Darkrai|Darkrai|100/100
|turn|18
|
|t:|1779875009
|move|p2a: Dragapult|U-turn|p1a: Darkrai
|-supereffective|p1a: Darkrai
|-damage|p1a: Darkrai|51/100
|
|t:|1779875012
|switch|p2a: Victim 2|Vikavolt, M|1/100|[from] U-turn
|move|p1a: Darkrai|Ice Beam|p2a: Victim 2
|-damage|p2a: Victim 2|0 fnt
|faint|p2a: Victim 2
|
|upkeep
|
|t:|1779875016
|switch|p2a: Salamence|Salamence, M|78/100
|turn|19
|
|t:|1779875028
|-terastallize|p2a: Salamence|Steel
|move|p1a: Darkrai|Ice Beam|p2a: Salamence
|-resisted|p2a: Salamence
|-damage|p2a: Salamence|47/100
|move|p2a: Salamence|Dragon Dance|p2a: Salamence
|-boost|p2a: Salamence|atk|1
|-boost|p2a: Salamence|spe|1
|
|upkeep
|turn|20
|
|t:|1779875033
|move|p2a: Salamence|Earthquake|p1a: Darkrai
|-damage|p1a: Darkrai|0 fnt
|faint|p1a: Darkrai
|-ability|p2a: Salamence|Moxie|boost
|-boost|p2a: Salamence|atk|1
|
|upkeep
|
|t:|1779875036
|switch|p1a: Ogerpon|Ogerpon-Wellspring, F|100/100
|turn|21
|
|t:|1779875043
|-terastallize|p1a: Ogerpon|Water
|detailschange|p1a: Ogerpon|Ogerpon-Wellspring-Tera, F, tera:Water
|-ability|p1a: Ogerpon|Embody Aspect (Wellspring)|boost
|-boost|p1a: Ogerpon|spd|1
|move|p2a: Salamence|Fly||[still]
|-prepare|p2a: Salamence|Fly
|move|p1a: Ogerpon|Ivy Cudgel|p2a: Salamence|[anim] Ivy Cudgel Water|[miss]
|-miss|p1a: Ogerpon|p2a: Salamence
|
|upkeep
|turn|22
|
|t:|1779875052
|move|p2a: Salamence|Fly|p1a: Ogerpon|[from] lockedmove
|-damage|p1a: Ogerpon|0 fnt
|faint|p1a: Ogerpon
|detailschange|p1: Ogerpon|Ogerpon-Wellspring, F|[silent]
|-ability|p2a: Salamence|Moxie|boost
|-boost|p2a: Salamence|atk|1
|
|upkeep
|
|t:|1779875055
|switch|p1a: Dragapult|Dragapult, M|100/100
|turn|23
|c|☆Harshweather|ezz
|
|t:|1779875060
|move|p2a: Salamence|Outrage|p1a: Dragapult
|-supereffective|p1a: Dragapult
|-damage|p1a: Dragapult|0 fnt
|faint|p1a: Dragapult
|
|win|Harshweather
|raw|manolokiwi's rating: 1062 &rarr; <strong>1047</strong><br />(-15 for losing)
|raw|Harshweather's rating: 1132 &rarr; <strong>1152</strong><br />(+20 for winning)
|l|☆manolokiwi
|player|p1|
|l|☆Harshweather
|player|p2|
