|j|☆e&hpa26
|j|☆monkeyhighbooster
|t:|1779811213
|gametype|singles
|player|p1|e&hpa26|1|1379
|player|p2|monkeyhighbooster|cynthia|1344
|gen|9
|tier|[Gen 9] OU
|rated|
|rule|HP Percentage Mod: HP is shown in percentages
|rule|Endless Battle Clause: Forcing endless battles is banned
|rule|Species Clause: Limit one of each Pokémon
|rule|OHKO Clause: OHKO moves are banned
|rule|Evasion Items Clause: Evasion items are banned
|rule|Evasion Moves Clause: Evasion moves are banned
|rule|Evasion Abilities Clause: Evasion abilities are banned
|rule|Sleep Moves Clause: Sleep-inducing moves are banned
|clearpoke
|poke|p1|Rillaboom, M|
|poke|p1|Comfey, M|
|poke|p1|Hawlucha, M|
|poke|p1|Garganacl, F|
|poke|p1|Serperior, M|
|poke|p1|Zamazenta-*|
|poke|p2|Swampert, M|
|poke|p2|Arboliva, F|
|poke|p2|Heatran, M|
|poke|p2|Great Tusk|
|poke|p2|Raging Bolt|
|poke|p2|Decidueye, M|
|teampreview
|
|t:|1779811238
|teamsize|p1|6
|teamsize|p2|6
|start
|switch|p1a: Serperior|Serperior, M|100/100
|switch|p2a: Heatran|Heatran, M|100/100
|turn|1
|inactive|Battle timer is ON: inactive players will automatically lose when time's up. (requested by monkeyhighbooster)
|c|☆e&hpa26|I like the unique team man
|
|t:|1779811246
|move|p1a: Serperior|Glare|p2a: Heatran
|-status|p2a: Heatran|par
|move|p2a: Heatran|Magma Storm|p1a: Serperior
|-supereffective|p1a: Serperior
|-damage|p1a: Serperior|2/100
|-activate|p1a: Serperior|move: Magma Storm|[of] p2a: Heatran
|
|-heal|p1a: Serperior|8/100|[from] item: Leftovers
|-damage|p1a: Serperior|0 fnt|[from] move: Magma Storm|[partiallytrapped]
|faint|p1a: Serperior
|upkeep
|
|t:|1779811264
|switch|p1a: Rillaboom|Rillaboom, M|100/100
|-fieldstart|move: Grassy Terrain|[from] ability: Grassy Surge|[of] p1a: Rillaboom
|turn|2
|inactive|monkeyhighbooster has 120 seconds left.
|
|t:|1779811297
|move|p2a: Heatran|Protect|p2a: Heatran
|-singleturn|p2a: Heatran|Protect
|move|p1a: Rillaboom|Stomping Tantrum|p2a: Heatran
|-activate|p2a: Heatran|move: Protect
|
|upkeep
|turn|3
|inactive|monkeyhighbooster has 120 seconds left.
|
|t:|1779811307
|move|p1a: Rillaboom|U-turn|p2a: Heatran
|-resisted|p2a: Heatran
|-damage|p2a: Heatran|95/100 par
|
|t:|1779811315
|switch|p1a: Garganacl|Garganacl, F|100/100|[from] U-turn
|move|p2a: Heatran|Magma Storm|p1a: Garganacl
|-resisted|p1a: Garganacl
|-damage|p1a: Garganacl|80/100
|-activate|p1a: Garganacl|move: Magma Storm|[of] p2a: Heatran
|
|-heal|p1a: Garganacl|86/100|[from] Grassy Terrain
|-heal|p1a: Garganacl|92/100|[from] item: Leftovers
|-heal|p2a: Heatran|100/100 par|[from] Grassy Terrain
|-damage|p1a: Garganacl|80/100|[from] move: Magma Storm|[partiallytrapped]
|upkeep
|turn|4
|
|t:|1779811322
|switch|p2a: Arboliva|Arboliva, F|100/100
|move|p1a: Garganacl|Salt Cure|p2a: Arboliva
|-damage|p2a: Arboliva|85/100
|-start|p2a: Arboliva|Salt Cure
|-enditem|p2a: Arboliva|Eject Button
|
|t:|1779811329
|switch|p2a: Decidueye|Decidueye, M, shiny|100/100
|
|-heal|p1a: Garganacl|86/100|[from] Grassy Terrain
|-heal|p1a: Garganacl|92/100|[from] item: Leftovers
|-end|p1a: Garganacl|Magma Storm|[partiallytrapped]|[silent]
|upkeep
|turn|5
|
|t:|1779811337
|move|p2a: Decidueye|Spirit Shackle|p1a: Garganacl
|-damage|p1a: Garganacl|84/100
|-activate|p1a: Garganacl|trapped
|move|p1a: Garganacl|Salt Cure|p2a: Decidueye
|-damage|p2a: Decidueye|79/100
|-start|p2a: Decidueye|Salt Cure
|
|-heal|p2a: Decidueye|85/100|[from] Grassy Terrain
|-heal|p2a: Decidueye|91/100|[from] item: Leftovers
|-heal|p1a: Garganacl|90/100|[from] Grassy Terrain
|-heal|p1a: Garganacl|97/100|[from] item: Leftovers
|-damage|p2a: Decidueye|79/100|[from] Salt Cure
|upkeep
|turn|6
|
|t:|1779811351
|move|p1a: Garganacl|Protect|p1a: Garganacl
|-singleturn|p1a: Garganacl|Protect
|move|p2a: Decidueye|Nasty Plot|p2a: Decidueye
|-boost|p2a: Decidueye|spa|2
|
|-heal|p2a: Decidueye|85/100|[from] Grassy Terrain
|-heal|p2a: Decidueye|91/100|[from] item: Leftovers
|-heal|p1a: Garganacl|100/100|[from] Grassy Terrain
|-damage|p2a: Decidueye|79/100|[from] Salt Cure
|upkeep
|turn|7
|
|t:|1779811363
|move|p2a: Decidueye|Trailblaze|p1a: Garganacl
|-supereffective|p1a: Garganacl
|-damage|p1a: Garganacl|77/100
|-boost|p2a: Decidueye|spe|1
|move|p1a: Garganacl|Salt Cure|p2a: Decidueye
|-crit|p2a: Decidueye
|-damage|p2a: Decidueye|45/100
|
|-heal|p2a: Decidueye|51/100|[from] Grassy Terrain
|-heal|p2a: Decidueye|57/100|[from] item: Leftovers
|-heal|p1a: Garganacl|83/100|[from] Grassy Terrain
|-heal|p1a: Garganacl|89/100|[from] item: Leftovers
|-damage|p2a: Decidueye|45/100|[from] Salt Cure
|upkeep
|turn|8
|c|☆e&hpa26|played like a fiddle dang
|
|t:|1779811377
|move|p2a: Decidueye|Nasty Plot|p2a: Decidueye
|-boost|p2a: Decidueye|spa|2
|move|p1a: Garganacl|Salt Cure|p2a: Decidueye
|-damage|p2a: Decidueye|25/100
|
|-heal|p2a: Decidueye|31/100|[from] Grassy Terrain
|-heal|p2a: Decidueye|37/100|[from] item: Leftovers
|-heal|p1a: Garganacl|95/100|[from] Grassy Terrain
|-heal|p1a: Garganacl|100/100|[from] item: Leftovers
|-damage|p2a: Decidueye|24/100|[from] Salt Cure
|upkeep
|turn|9
|
|t:|1779811384
|move|p2a: Decidueye|Giga Drain|p1a: Garganacl
|-supereffective|p1a: Garganacl
|-damage|p1a: Garganacl|0 fnt
|-heal|p2a: Decidueye|92/100|[from] drain|[of] p1a: Garganacl
|faint|p1a: Garganacl
|
|-heal|p2a: Decidueye|98/100|[from] Grassy Terrain
|-heal|p2a: Decidueye|100/100|[from] item: Leftovers
|-damage|p2a: Decidueye|88/100|[from] Salt Cure
|-fieldend|move: Grassy Terrain
|upkeep
|
|t:|1779811394
|switch|p1a: Rillaboom|Rillaboom, M|100/100
|-fieldstart|move: Grassy Terrain|[from] ability: Grassy Surge|[of] p1a: Rillaboom
|turn|10
|
|t:|1779811417
|move|p1a: Rillaboom|U-turn|p2a: Decidueye
|-damage|p2a: Decidueye|48/100
|
|t:|1779811435
|switch|p1a: Hawlucha|Hawlucha, M|100/100|[from] U-turn
|-enditem|p1a: Hawlucha|Grassy Seed
|-boost|p1a: Hawlucha|def|1|[from] item: Grassy Seed
|move|p2a: Decidueye|Giga Drain|p1a: Hawlucha
|-resisted|p1a: Hawlucha
|-damage|p1a: Hawlucha|0 fnt
|-heal|p2a: Decidueye|98/100|[from] drain|[of] p1a: Hawlucha
|faint|p1a: Hawlucha
|
|-heal|p2a: Decidueye|100/100|[from] Grassy Terrain
|-damage|p2a: Decidueye|88/100|[from] Salt Cure
|upkeep
|
|t:|1779811439
|switch|p1a: Comfey|Comfey, M|100/100
|-enditem|p1a: Comfey|Grassy Seed
|-boost|p1a: Comfey|def|1|[from] item: Grassy Seed
|turn|11
|
|t:|1779811449
|-terastallize|p1a: Comfey|Poison
|move|p2a: Decidueye|Giga Drain|p1a: Comfey
|-resisted|p1a: Comfey
|-damage|p1a: Comfey|25/100
|-heal|p2a: Decidueye|100/100|[from] drain|[of] p1a: Comfey
|move|p1a: Comfey|Calm Mind|p1a: Comfey
|-boost|p1a: Comfey|spa|1
|-boost|p1a: Comfey|spd|1
|
|-heal|p1a: Comfey|31/100|[from] Grassy Terrain
|-damage|p2a: Decidueye|88/100|[from] Salt Cure
|upkeep
|turn|12
|
|t:|1779811460
|move|p1a: Comfey|Synthesis|p1a: Comfey
|-heal|p1a: Comfey|81/100
|move|p2a: Decidueye|Giga Drain|p1a: Comfey
|-resisted|p1a: Comfey
|-damage|p1a: Comfey|32/100
|-heal|p2a: Decidueye|100/100|[from] drain|[of] p1a: Comfey
|
|-heal|p1a: Comfey|38/100|[from] Grassy Terrain
|-damage|p2a: Decidueye|88/100|[from] Salt Cure
|upkeep
|turn|13
|
|t:|1779811470
|move|p1a: Comfey|Synthesis|p1a: Comfey
|-heal|p1a: Comfey|88/100
|move|p2a: Decidueye|Nasty Plot|p2a: Decidueye
|-boost|p2a: Decidueye|spa|2
|
|-heal|p2a: Decidueye|94/100|[from] Grassy Terrain
|-heal|p2a: Decidueye|99/100|[from] item: Leftovers
|-heal|p1a: Comfey|94/100|[from] Grassy Terrain
|-damage|p2a: Decidueye|88/100|[from] Salt Cure
|upkeep
|turn|14
|
|t:|1779811480
|move|p2a: Decidueye|Giga Drain|p1a: Comfey
|-resisted|p1a: Comfey
|-damage|p1a: Comfey|21/100
|-heal|p2a: Decidueye|100/100|[from] drain|[of] p1a: Comfey
|move|p1a: Comfey|Calm Mind|p1a: Comfey
|-boost|p1a: Comfey|spa|1
|-boost|p1a: Comfey|spd|1
|
|-heal|p1a: Comfey|27/100|[from] Grassy Terrain
|-damage|p2a: Decidueye|88/100|[from] Salt Cure
|upkeep
|turn|15
|
|t:|1779811490
|move|p1a: Comfey|Synthesis|p1a: Comfey
|-heal|p1a: Comfey|77/100
|move|p2a: Decidueye|Giga Drain|p1a: Comfey
|-resisted|p1a: Comfey
|-damage|p1a: Comfey|29/100
|-heal|p2a: Decidueye|100/100|[from] drain|[of] p1a: Comfey
|
|-heal|p1a: Comfey|35/100|[from] Grassy Terrain
|-damage|p2a: Decidueye|88/100|[from] Salt Cure
|upkeep
|turn|16
|
|t:|1779811501
|move|p1a: Comfey|Synthesis|p1a: Comfey
|-heal|p1a: Comfey|85/100
|move|p2a: Decidueye|Giga Drain|p1a: Comfey
|-resisted|p1a: Comfey
|-damage|p1a: Comfey|29/100
|-heal|p2a: Decidueye|100/100|[from] drain|[of] p1a: Comfey
|
|-heal|p1a: Comfey|35/100|[from] Grassy Terrain
|-damage|p2a: Decidueye|88/100|[from] Salt Cure
|upkeep
|turn|17
|
|t:|1779811517
|move|p1a: Comfey|Synthesis|p1a: Comfey
|-heal|p1a: Comfey|85/100
|move|p2a: Decidueye|Giga Drain|p1a: Comfey
|-resisted|p1a: Comfey
|-damage|p1a: Comfey|32/100
|-heal|p2a: Decidueye|100/100|[from] drain|[of] p1a: Comfey
|
|-heal|p1a: Comfey|38/100|[from] Grassy Terrain
|-damage|p2a: Decidueye|88/100|[from] Salt Cure
|-fieldend|move: Grassy Terrain
|upkeep
|turn|18
|
|t:|1779811530
|move|p1a: Comfey|Synthesis|p1a: Comfey
|-heal|p1a: Comfey|88/100
|move|p2a: Decidueye|Giga Drain|p1a: Comfey
|-resisted|p1a: Comfey
|-damage|p1a: Comfey|47/100
|-heal|p2a: Decidueye|100/100|[from] drain|[of] p1a: Comfey
|
|-damage|p2a: Decidueye|88/100|[from] Salt Cure
|upkeep
|turn|19
|
|t:|1779811544
|move|p2a: Decidueye|Giga Drain|p1a: Comfey
|-resisted|p1a: Comfey
|-damage|p1a: Comfey|7/100
|-heal|p2a: Decidueye|100/100|[from] drain|[of] p1a: Comfey
|move|p1a: Comfey|Calm Mind|p1a: Comfey
|-boost|p1a: Comfey|spa|1
|-boost|p1a: Comfey|spd|1
|
|-damage|p2a: Decidueye|88/100|[from] Salt Cure
|upkeep
|turn|20
|
|t:|1779811564
|move|p1a: Comfey|Synthesis|p1a: Comfey
|-heal|p1a: Comfey|57/100
|move|p2a: Decidueye|Giga Drain|p1a: Comfey
|-resisted|p1a: Comfey
|-damage|p1a: Comfey|27/100
|-heal|p2a: Decidueye|100/100|[from] drain|[of] p1a: Comfey
|
|-damage|p2a: Decidueye|88/100|[from] Salt Cure
|upkeep
|turn|21
|
|t:|1779811577
|move|p1a: Comfey|Draining Kiss|p2a: Decidueye
|-damage|p2a: Decidueye|35/100
|-heal|p1a: Comfey|73/100|[from] drain|[of] p2a: Decidueye
|move|p2a: Decidueye|Giga Drain|p1a: Comfey
|-resisted|p1a: Comfey
|-damage|p1a: Comfey|40/100
|-heal|p2a: Decidueye|49/100|[from] drain|[of] p1a: Comfey
|
|-heal|p2a: Decidueye|55/100|[from] item: Leftovers
|-damage|p2a: Decidueye|43/100|[from] Salt Cure
|upkeep
|turn|22
|
|t:|1779811588
|move|p1a: Comfey|Draining Kiss|p2a: Decidueye
|-damage|p2a: Decidueye|0 fnt
|-heal|p1a: Comfey|76/100|[from] drain|[of] p2a: Decidueye
|faint|p2a: Decidueye
|
|upkeep
|
|t:|1779811590
|switch|p2a: Swampert|Swampert, M, shiny|100/100
|turn|23
|
|t:|1779811600
|-terastallize|p2a: Swampert|Poison
|move|p1a: Comfey|Draining Kiss|p2a: Swampert
|-resisted|p2a: Swampert
|-damage|p2a: Swampert|77/100
|-heal|p1a: Comfey|100/100|[from] drain|[of] p2a: Swampert
|move|p2a: Swampert|High Horsepower|p1a: Comfey
|-supereffective|p1a: Comfey
|-damage|p1a: Comfey|42/100
|
|upkeep
|turn|24
|
|t:|1779811609
|move|p2a: Swampert|High Horsepower|p1a: Comfey
|-supereffective|p1a: Comfey
|-damage|p1a: Comfey|0 fnt
|faint|p1a: Comfey
|
|upkeep
|c|☆e&hpa26|damn
|
|t:|1779811624
|switch|p1a: Zamazenta|Zamazenta|100/100
|-ability|p1a: Zamazenta|Dauntless Shield|boost
|-boost|p1a: Zamazenta|def|1
|turn|25
|c|☆e&hpa26|didnt expect it to be speed invested lol
|
|t:|1779811643
|switch|p2a: Raging Bolt|Raging Bolt|100/100
|-enditem|p2a: Raging Bolt|Booster Energy
|-activate|p2a: Raging Bolt|ability: Protosynthesis|[fromitem]
|-start|p2a: Raging Bolt|protosynthesisspa
|move|p1a: Zamazenta|Iron Defense|p1a: Zamazenta
|-boost|p1a: Zamazenta|def|2
|
|upkeep
|turn|26
|
|t:|1779811651
|move|p1a: Zamazenta|Body Press|p2a: Raging Bolt
|-damage|p2a: Raging Bolt|39/100
|move|p2a: Raging Bolt|Thunderbolt|p1a: Zamazenta
|-damage|p1a: Zamazenta|44/100
|
|-heal|p1a: Zamazenta|50/100|[from] item: Leftovers
|upkeep
|turn|27
|
|t:|1779811660
|move|p2a: Raging Bolt|Thunderclap|p1a: Zamazenta
|-crit|p1a: Zamazenta
|-damage|p1a: Zamazenta|0 fnt
|faint|p1a: Zamazenta
|
|upkeep
|
|t:|1779811672
|switch|p1a: Rillaboom|Rillaboom, M|100/100
|-fieldstart|move: Grassy Terrain|[from] ability: Grassy Surge|[of] p1a: Rillaboom
|turn|28
|
|t:|1779811678
|move|p1a: Rillaboom|Stomping Tantrum|p2a: Raging Bolt
|-supereffective|p2a: Raging Bolt
|-damage|p2a: Raging Bolt|0 fnt
|faint|p2a: Raging Bolt
|-end|p2a: Raging Bolt|Protosynthesis|[silent]
|
|upkeep
|
|t:|1779811683
|switch|p2a: Arboliva|Arboliva, F|85/100
|turn|29
|
|t:|1779811688
|move|p1a: Rillaboom|Knock Off|p2a: Arboliva
|-damage|p2a: Arboliva|61/100
|move|p2a: Arboliva|Strength Sap|p1a: Rillaboom
|-unboost|p1a: Rillaboom|atk|1
|-heal|p2a: Arboliva|100/100
|
|upkeep
|turn|30
|
|t:|1779811694
|move|p1a: Rillaboom|U-turn|p2a: Arboliva
|-supereffective|p2a: Arboliva
|-damage|p2a: Arboliva|65/100
|move|p2a: Arboliva|Strength Sap|p1a: Rillaboom
|-unboost|p1a: Rillaboom|atk|1
|-heal|p2a: Arboliva|100/100
|
|upkeep
|turn|31
|-message|e&hpa26 forfeited.
|
|win|monkeyhighbooster
|raw|e&amp;hpa26's rating: 1379 &rarr; <strong>1357</strong><br />(-22 for losing)
|raw|monkeyhighbooster's rating: 1344 &rarr; <strong>1366</strong><br />(+22 for winning)
|c|☆e&hpa26|gg
|l|☆monkeyhighbooster
|player|p2|
|l|☆e&hpa26
|player|p1|
