|j|☆SlNGULARlTY
|j|☆Aleph501!
|t:|1779895027
|gametype|singles
|player|p1|SlNGULARlTY|koga|1470
|player|p2|Aleph501!|1|1459
|gen|9
|tier|[Gen 9] OU
|rated|
|rule|HP Percentage Mod: HP is shown in percentages
|rule|Endless Battle Clause: Forcing endless battles is banned
|rule|Species Clause: Limit one of each Pokémon
|rule|OHKO Clause: OHKO moves are banned
|rule|Evasion Items Clause: Evasion items are banned
|rule|Evasion Moves Clause: Evasion moves are banned
|rule|Evasion Abilities Clause: Evasion abilities are banned
|rule|Sleep Moves Clause: Sleep-inducing moves are banned
|clearpoke
|poke|p1|Ogerpon-Wellspring, F|
|poke|p1|Moltres|
|poke|p1|Gholdengo|
|poke|p1|Garganacl, M|
|poke|p1|Hatterene, F|
|poke|p1|Heatran, M|
|poke|p2|Garchomp, F|
|poke|p2|Tyranitar, F|
|poke|p2|Corviknight, F|
|poke|p2|Clefable, M|
|poke|p2|Scizor, F|
|poke|p2|Volcanion|
|teampreview
|inactive|Battle timer is ON: inactive players will automatically lose when time's up. (requested by SlNGULARlTY)
|
|t:|1779895048
|teamsize|p1|6
|teamsize|p2|6
|start
|switch|p1a: Heatran|Heatran, M|100/100
|switch|p2a: Tyranitar|Tyranitar, F|100/100
|-weather|Sandstorm|[from] ability: Sand Stream|[of] p2a: Tyranitar
|turn|1
|
|t:|1779895056
|switch|p1a: Hatterene|Hatterene, F|100/100
|move|p2a: Tyranitar|Earthquake|p1a: Hatterene
|-damage|p1a: Hatterene|70/100
|
|-weather|Sandstorm|[upkeep]
|-damage|p1a: Hatterene|64/100|[from] Sandstorm
|upkeep
|turn|2
|
|t:|1779895065
|move|p2a: Tyranitar|Knock Off|p1a: Hatterene
|-damage|p1a: Hatterene|18/100
|-damage|p2a: Tyranitar|84/100|[from] item: Rocky Helmet|[of] p1a: Hatterene
|-enditem|p1a: Hatterene|Rocky Helmet|[from] move: Knock Off|[of] p2a: Tyranitar
|move|p1a: Hatterene|Nuzzle|p2a: Tyranitar
|-damage|p2a: Tyranitar|81/100
|-status|p2a: Tyranitar|par
|
|-weather|Sandstorm|[upkeep]
|-damage|p1a: Hatterene|12/100|[from] Sandstorm
|upkeep
|turn|3
|
|t:|1779895077
|move|p1a: Hatterene|Draining Kiss|p2a: Tyranitar
|-supereffective|p2a: Tyranitar
|-damage|p2a: Tyranitar|57/100 par
|-heal|p1a: Hatterene|36/100|[from] drain|[of] p2a: Tyranitar
|move|p2a: Tyranitar|Knock Off|p1a: Hatterene
|-damage|p1a: Hatterene|7/100
|
|-weather|Sandstorm|[upkeep]
|-damage|p1a: Hatterene|1/100|[from] Sandstorm
|upkeep
|turn|4
|
|t:|1779895088
|switch|p2a: Corviknight|Corviknight, F|100/100
|-ability|p2a: Corviknight|Pressure
|move|p1a: Hatterene|Draining Kiss|p2a: Corviknight
|-resisted|p2a: Corviknight
|-damage|p2a: Corviknight|89/100
|-heal|p1a: Hatterene|12/100|[from] drain|[of] p2a: Corviknight
|-damage|p1a: Hatterene|0 fnt|[from] item: Rocky Helmet|[of] p2a: Corviknight
|faint|p1a: Hatterene
|
|-weather|Sandstorm|[upkeep]
|upkeep
|
|t:|1779895090
|switch|p1a: Heatran|Heatran, M|100/100
|turn|5
|
|t:|1779895102
|switch|p2a: Volcanion|Volcanion|100/100
|move|p1a: Heatran|Power Gem|p2a: Volcanion
|-supereffective|p2a: Volcanion
|-damage|p2a: Volcanion|48/100
|
|-weather|none
|upkeep
|turn|6
|
|t:|1779895111
|-terastallize|p2a: Volcanion|Ground
|move|p1a: Heatran|Power Gem|p2a: Volcanion
|-resisted|p2a: Volcanion
|-damage|p2a: Volcanion|35/100
|move|p2a: Volcanion|Earth Power|p1a: Heatran
|-supereffective|p1a: Heatran
|-damage|p1a: Heatran|0 fnt
|faint|p1a: Heatran
|
|upkeep
|
|t:|1779895113
|switch|p1a: Ogerpon|Ogerpon-Wellspring, F|100/100
|turn|7
|
|t:|1779895123
|move|p1a: Ogerpon|Swords Dance|p1a: Ogerpon
|-boost|p1a: Ogerpon|atk|2
|move|p2a: Volcanion|Sludge Bomb|p1a: Ogerpon
|-supereffective|p1a: Ogerpon
|-damage|p1a: Ogerpon|30/100
|
|upkeep
|turn|8
|
|t:|1779895130
|move|p1a: Ogerpon|Trailblaze|p2a: Volcanion
|-supereffective|p2a: Volcanion
|-damage|p2a: Volcanion|0 fnt
|-boost|p1a: Ogerpon|spe|1
|faint|p2a: Volcanion
|
|upkeep
|
|t:|1779895138
|switch|p2a: Corviknight|Corviknight, F|89/100
|-ability|p2a: Corviknight|Pressure
|turn|9
|
|t:|1779895143
|-terastallize|p1a: Ogerpon|Water
|detailschange|p1a: Ogerpon|Ogerpon-Wellspring-Tera, F, tera:Water
|-ability|p1a: Ogerpon|Embody Aspect (Wellspring)|boost
|-boost|p1a: Ogerpon|spd|1
|move|p1a: Ogerpon|Synthesis|p1a: Ogerpon
|-heal|p1a: Ogerpon|80/100
|move|p2a: Corviknight|Brave Bird|p1a: Ogerpon
|-damage|p1a: Ogerpon|32/100
|-damage|p2a: Corviknight|77/100|[from] Recoil
|
|upkeep
|turn|10
|
|t:|1779895157
|move|p1a: Ogerpon|Synthesis|p1a: Ogerpon
|-heal|p1a: Ogerpon|82/100
|move|p2a: Corviknight|Brave Bird|p1a: Ogerpon
|-damage|p1a: Ogerpon|34/100
|-damage|p2a: Corviknight|65/100|[from] Recoil
|
|upkeep
|turn|11
|
|t:|1779895168
|move|p1a: Ogerpon|Synthesis|p1a: Ogerpon
|-heal|p1a: Ogerpon|84/100
|move|p2a: Corviknight|Body Press|p1a: Ogerpon
|-damage|p1a: Ogerpon|51/100
|
|upkeep
|turn|12
|
|t:|1779895177
|move|p1a: Ogerpon|Synthesis|p1a: Ogerpon
|-heal|p1a: Ogerpon|100/100
|move|p2a: Corviknight|Body Press|p1a: Ogerpon
|-crit|p1a: Ogerpon
|-damage|p1a: Ogerpon|47/100
|
|upkeep
|turn|13
|
|t:|1779895186
|move|p1a: Ogerpon|Synthesis|p1a: Ogerpon
|-heal|p1a: Ogerpon|97/100
|move|p2a: Corviknight|U-turn|p1a: Ogerpon
|-damage|p1a: Ogerpon|78/100
|
|t:|1779895191
|switch|p2a: Garchomp|Garchomp, F|100/100|[from] U-turn
|
|upkeep
|turn|14
|
|t:|1779895196
|move|p1a: Ogerpon|Ivy Cudgel|p2a: Garchomp|[anim] Ivy Cudgel Water
|-damage|p2a: Garchomp|12/100
|move|p2a: Garchomp|Dragon Tail|p1a: Ogerpon
|-damage|p1a: Ogerpon|45/100
|drag|p1a: Moltres|Moltres|100/100
|
|upkeep
|turn|15
|
|t:|1779895206
|move|p2a: Garchomp|Stealth Rock|p1a: Moltres
|-sidestart|p1: SlNGULARlTY|move: Stealth Rock
|move|p1a: Moltres|Flamethrower|p2a: Garchomp
|-resisted|p2a: Garchomp
|-damage|p2a: Garchomp|0 fnt
|faint|p2a: Garchomp
|
|upkeep
|
|t:|1779895215
|switch|p2a: Tyranitar|Tyranitar, F|57/100 par
|-weather|Sandstorm|[from] ability: Sand Stream|[of] p2a: Tyranitar
|turn|16
|
|t:|1779895222
|move|p1a: Moltres|U-turn|p2a: Tyranitar
|-supereffective|p2a: Tyranitar
|-damage|p2a: Tyranitar|38/100 par
|
|t:|1779895224
|switch|p1a: Garganacl|Garganacl, M|100/100|[from] U-turn
|-damage|p1a: Garganacl|88/100|[from] Stealth Rock
|move|p2a: Tyranitar|Knock Off|p1a: Garganacl
|-damage|p1a: Garganacl|52/100
|-enditem|p1a: Garganacl|Leftovers|[from] move: Knock Off|[of] p2a: Tyranitar
|
|-weather|Sandstorm|[upkeep]
|upkeep
|turn|17
|
|t:|1779895234
|move|p1a: Garganacl|Stealth Rock|p2a: Tyranitar
|-sidestart|p2: Aleph501!|move: Stealth Rock
|move|p2a: Tyranitar|Earthquake|p1a: Garganacl
|-supereffective|p1a: Garganacl
|-damage|p1a: Garganacl|6/100
|
|-weather|Sandstorm|[upkeep]
|upkeep
|turn|18
|
|t:|1779895245
|move|p1a: Garganacl|Recover|p1a: Garganacl
|-heal|p1a: Garganacl|56/100
|move|p2a: Tyranitar|Earthquake|p1a: Garganacl
|-supereffective|p1a: Garganacl
|-damage|p1a: Garganacl|6/100
|
|-weather|Sandstorm|[upkeep]
|upkeep
|turn|19
|
|t:|1779895254
|move|p1a: Garganacl|Recover|p1a: Garganacl
|-heal|p1a: Garganacl|56/100
|move|p2a: Tyranitar|Earthquake|p1a: Garganacl
|-supereffective|p1a: Garganacl
|-damage|p1a: Garganacl|9/100
|
|-weather|Sandstorm|[upkeep]
|upkeep
|turn|20
|
|t:|1779895267
|move|p1a: Garganacl|Recover|p1a: Garganacl
|-heal|p1a: Garganacl|59/100
|cant|p2a: Tyranitar|par
|
|-weather|none
|upkeep
|turn|21
|
|t:|1779895274
|move|p1a: Garganacl|Curse|p1a: Garganacl
|-unboost|p1a: Garganacl|spe|1
|-boost|p1a: Garganacl|atk|1
|-boost|p1a: Garganacl|def|1
|move|p2a: Tyranitar|Earthquake|p1a: Garganacl
|-supereffective|p1a: Garganacl
|-damage|p1a: Garganacl|28/100
|
|upkeep
|turn|22
|
|t:|1779895282
|switch|p2a: Clefable|Clefable, M|100/100
|move|p1a: Garganacl|Recover|p1a: Garganacl
|-heal|p1a: Garganacl|78/100
|
|upkeep
|turn|23
|
|t:|1779895289
|move|p2a: Clefable|Moonblast|p1a: Garganacl
|-damage|p1a: Garganacl|43/100
|move|p1a: Garganacl|Salt Cure|p2a: Clefable
|-damage|p2a: Clefable|78/100
|-start|p2a: Clefable|Salt Cure
|
|upkeep
|turn|24
|
|t:|1779895297
|move|p2a: Clefable|Moonblast|p1a: Garganacl
|-damage|p1a: Garganacl|7/100
|move|p1a: Garganacl|Recover|p1a: Garganacl
|-heal|p1a: Garganacl|57/100
|
|upkeep
|turn|25
|
|t:|1779895304
|move|p2a: Clefable|Moonblast|p1a: Garganacl
|-damage|p1a: Garganacl|23/100
|move|p1a: Garganacl|Salt Cure|p2a: Clefable
|-damage|p2a: Clefable|55/100
|
|upkeep
|turn|26
|
|t:|1779895312
|move|p2a: Clefable|Moonblast|p1a: Garganacl
|-damage|p1a: Garganacl|0 fnt
|faint|p1a: Garganacl
|
|upkeep
|
|t:|1779895313
|switch|p1a: Gholdengo|Gholdengo|100/100
|-damage|p1a: Gholdengo|94/100|[from] Stealth Rock
|-item|p1a: Gholdengo|Air Balloon
|turn|27
|c|☆SlNGULARlTY|Gg ez
|
|t:|1779895327
|switch|p2a: Corviknight|Corviknight, F|65/100
|-damage|p2a: Corviknight|52/100|[from] Stealth Rock
|-ability|p2a: Corviknight|Pressure
|move|p1a: Gholdengo|Nasty Plot|p1a: Gholdengo
|-boost|p1a: Gholdengo|spa|2
|
|upkeep
|turn|28
|
|t:|1779895337
|move|p1a: Gholdengo|Nasty Plot|p1a: Gholdengo
|-boost|p1a: Gholdengo|spa|2
|move|p2a: Corviknight|U-turn|p1a: Gholdengo
|-resisted|p1a: Gholdengo
|-damage|p1a: Gholdengo|91/100
|-enditem|p1a: Gholdengo|Air Balloon
|
|t:|1779895345
|switch|p2a: Tyranitar|Tyranitar, F|38/100 par|[from] U-turn
|-weather|Sandstorm|[from] ability: Sand Stream|[of] p2a: Tyranitar
|
|-weather|Sandstorm|[upkeep]
|upkeep
|turn|29
|
|t:|1779895354
|move|p1a: Gholdengo|Make It Rain|p2a: Tyranitar
|-supereffective|p2a: Tyranitar
|-damage|p2a: Tyranitar|0 fnt
|-unboost|p1a: Gholdengo|spa|1
|faint|p2a: Tyranitar
|
|-weather|Sandstorm|[upkeep]
|upkeep
|
|t:|1779895362
|switch|p2a: Scizor|Scizor, F|100/100
|-damage|p2a: Scizor|88/100|[from] Stealth Rock
|turn|30
|
|t:|1779895368
|move|p1a: Gholdengo|Shadow Ball|p2a: Scizor
|-damage|p2a: Scizor|0 fnt
|faint|p2a: Scizor
|
|-weather|Sandstorm|[upkeep]
|upkeep
|-message|Aleph501! forfeited.
|
|win|SlNGULARlTY
|raw|SlNGULARlTY's rating: 1470 &rarr; <strong>1489</strong><br />(+19 for winning)
|raw|Aleph501!'s rating: 1459 &rarr; <strong>1440</strong><br />(-19 for losing)
|l|☆Aleph501!
|player|p2|
