|j|☆kammsammich
|j|☆isa2381
|t:|1779819744
|gametype|singles
|player|p1|kammsammich|marshal|1341
|player|p2|isa2381|lady|1320
|gen|9
|tier|[Gen 9] OU
|rated|
|rule|HP Percentage Mod: HP is shown in percentages
|rule|Endless Battle Clause: Forcing endless battles is banned
|rule|Species Clause: Limit one of each Pokémon
|rule|OHKO Clause: OHKO moves are banned
|rule|Evasion Items Clause: Evasion items are banned
|rule|Evasion Moves Clause: Evasion moves are banned
|rule|Evasion Abilities Clause: Evasion abilities are banned
|rule|Sleep Moves Clause: Sleep-inducing moves are banned
|clearpoke
|poke|p1|Tyranitar, M|
|poke|p1|Gliscor, F|
|poke|p1|Rotom-Wash|
|poke|p1|Ogerpon-Wellspring, F|
|poke|p1|Araquanid, M|
|poke|p1|Gholdengo|
|poke|p2|Skeledirge, M|
|poke|p2|Corviknight, F|
|poke|p2|Ogerpon-Wellspring, F|
|poke|p2|Slowking-Galar, M|
|poke|p2|Tyranitar, M|
|poke|p2|Iron Valiant|
|teampreview
|inactive|Battle timer is ON: inactive players will automatically lose when time's up. (requested by kammsammich)
|inactive|kammsammich has 120 seconds left.
|inactive|isa2381 has 120 seconds left.
|inactive|kammsammich has 90 seconds left.
|inactive|isa2381 has 90 seconds left.
|
|t:|1779819823
|teamsize|p1|6
|teamsize|p2|6
|start
|switch|p1a: Anansi|Araquanid, M|100/100
|switch|p2a: Tyranitar|Tyranitar, M|100/100
|-weather|Sandstorm|[from] ability: Sand Stream|[of] p2a: Tyranitar
|turn|1
|inactive|isa2381 has 120 seconds left.
|inactive|isa2381 has 90 seconds left.
|
|t:|1779819879
|move|p2a: Tyranitar|Stone Edge|p1a: Anansi
|-supereffective|p1a: Anansi
|-damage|p1a: Anansi|0 fnt
|faint|p1a: Anansi
|
|-weather|Sandstorm|[upkeep]
|upkeep
|j| rafa_gamer241
|inactive|kammsammich has 120 seconds left.
|
|t:|1779819914
|switch|p1a: Coco|Ogerpon-Wellspring, F|100/100
|turn|2
|
|t:|1779819921
|switch|p2a: Ogerpon|Ogerpon-Wellspring, F|100/100
|move|p1a: Coco|Swords Dance|p1a: Coco
|-boost|p1a: Coco|atk|2
|
|-weather|Sandstorm|[upkeep]
|-damage|p2a: Ogerpon|95/100|[from] Sandstorm
|-damage|p1a: Coco|95/100|[from] Sandstorm
|upkeep
|turn|3
|
|t:|1779819932
|switch|p2a: Corviknight|Corviknight, F|100/100
|-ability|p2a: Corviknight|Pressure
|move|p1a: Coco|Horn Leech|p2a: Corviknight
|-resisted|p2a: Corviknight
|-damage|p2a: Corviknight|88/100
|-heal|p1a: Coco|100/100|[from] drain|[of] p2a: Corviknight
|-damage|p1a: Coco|84/100|[from] item: Rocky Helmet|[of] p2a: Corviknight
|
|-weather|Sandstorm|[upkeep]
|-damage|p1a: Coco|78/100|[from] Sandstorm
|upkeep
|turn|4
|
|t:|1779819948
|move|p1a: Coco|Ivy Cudgel|p2a: Corviknight|[anim] Ivy Cudgel Water
|-damage|p2a: Corviknight|20/100
|move|p2a: Corviknight|U-turn|p1a: Coco
|-supereffective|p1a: Coco
|-damage|p1a: Coco|43/100
|
|t:|1779819957
|switch|p2a: Tyranitar|Tyranitar, M|100/100|[from] U-turn
|
|-weather|Sandstorm|[upkeep]
|-damage|p1a: Coco|37/100|[from] Sandstorm
|upkeep
|turn|5
|
|t:|1779819966
|move|p2a: Tyranitar|Stone Edge|p1a: Coco
|-damage|p1a: Coco|0 fnt
|faint|p1a: Coco
|
|-weather|none
|upkeep
|
|t:|1779819988
|switch|p1a: Hannah|Gliscor, F|100/100
|turn|6
|
|t:|1779819994
|switch|p2a: Corviknight|Corviknight, F|20/100
|-ability|p2a: Corviknight|Pressure
|move|p1a: Hannah|Swords Dance|p1a: Hannah
|-boost|p1a: Hannah|atk|2
|
|-status|p1a: Hannah|tox|[from] item: Toxic Orb
|upkeep
|turn|7
|
|t:|1779820007
|move|p1a: Hannah|Facade|p2a: Corviknight
|-resisted|p2a: Corviknight
|-damage|p2a: Corviknight|0 fnt
|-damage|p1a: Hannah|84/100 tox|[from] item: Rocky Helmet|[of] p2a: Corviknight
|faint|p2a: Corviknight
|
|-heal|p1a: Hannah|97/100 tox|[from] ability: Poison Heal
|upkeep
|
|t:|1779820019
|switch|p2a: Tyranitar|Tyranitar, M|100/100
|-weather|Sandstorm|[from] ability: Sand Stream|[of] p2a: Tyranitar
|turn|8
|
|t:|1779820023
|move|p1a: Hannah|Protect|p1a: Hannah
|-singleturn|p1a: Hannah|Protect
|move|p2a: Tyranitar|Ice Punch|p1a: Hannah
|-activate|p1a: Hannah|move: Protect
|
|-weather|Sandstorm|[upkeep]
|-heal|p1a: Hannah|100/100 tox|[from] ability: Poison Heal
|upkeep
|turn|9
|inactive|isa2381 has 120 seconds left.
|
|t:|1779820041
|switch|p2a: Ogerpon|Ogerpon-Wellspring, F|95/100
|switch|p1a: Leonard Washington|Rotom-Wash|100/100
|
|-weather|Sandstorm|[upkeep]
|-damage|p2a: Ogerpon|89/100|[from] Sandstorm
|-damage|p1a: Leonard Washington|94/100|[from] Sandstorm
|-heal|p1a: Leonard Washington|100/100|[from] item: Leftovers
|upkeep
|turn|10
|
|t:|1779820057
|move|p2a: Ogerpon|Horn Leech|p1a: Leonard Washington
|-supereffective|p1a: Leonard Washington
|-damage|p1a: Leonard Washington|37/100
|-heal|p2a: Ogerpon|100/100|[from] drain|[of] p1a: Leonard Washington
|move|p1a: Leonard Washington|Will-O-Wisp|p2a: Ogerpon
|-status|p2a: Ogerpon|brn
|
|-weather|Sandstorm|[upkeep]
|-damage|p2a: Ogerpon|95/100 brn|[from] Sandstorm
|-damage|p1a: Leonard Washington|31/100|[from] Sandstorm
|-heal|p1a: Leonard Washington|37/100|[from] item: Leftovers
|-damage|p2a: Ogerpon|89/100 brn|[from] brn
|upkeep
|turn|11
|
|t:|1779820071
|move|p2a: Ogerpon|Swords Dance|p2a: Ogerpon
|-boost|p2a: Ogerpon|atk|2
|move|p1a: Leonard Washington|Volt Switch|p2a: Ogerpon
|-crit|p2a: Ogerpon
|-damage|p2a: Ogerpon|42/100 brn
|
|t:|1779820085
|switch|p1a: Hannah|Gliscor, F|100/100 tox|[from] Volt Switch
|
|-weather|Sandstorm|[upkeep]
|-damage|p2a: Ogerpon|36/100 brn|[from] Sandstorm
|-damage|p2a: Ogerpon|30/100 brn|[from] brn
|upkeep
|turn|12
|
|t:|1779820101
|move|p1a: Hannah|Protect|p1a: Hannah
|-singleturn|p1a: Hannah|Protect
|move|p2a: Ogerpon|Ivy Cudgel|p1a: Hannah|[anim] Ivy Cudgel Water
|-activate|p1a: Hannah|move: Protect
|
|-weather|none
|-damage|p2a: Ogerpon|24/100 brn|[from] brn
|upkeep
|turn|13
|inactive|isa2381 has 90 seconds left.
|
|t:|1779820138
|-terastallize|p1a: Hannah|Normal
|move|p2a: Ogerpon|Ivy Cudgel|p1a: Hannah|[anim] Ivy Cudgel Water
|-damage|p1a: Hannah|63/100 tox
|move|p1a: Hannah|Facade|p2a: Ogerpon
|-damage|p2a: Ogerpon|0 fnt
|faint|p2a: Ogerpon
|
|-heal|p1a: Hannah|75/100 tox|[from] ability: Poison Heal
|upkeep
|
|t:|1779820159
|switch|p2a: Iron Valiant|Iron Valiant|100/100
|-enditem|p2a: Iron Valiant|Booster Energy
|-activate|p2a: Iron Valiant|ability: Quark Drive|[fromitem]
|-start|p2a: Iron Valiant|quarkdrivespe
|turn|14
|inactive|kammsammich has 120 seconds left.
|inactive|kammsammich has 90 seconds left.
|
|t:|1779820236
|move|p1a: Hannah|Protect|p1a: Hannah
|-singleturn|p1a: Hannah|Protect
|move|p2a: Iron Valiant|Knock Off|p1a: Hannah
|-activate|p1a: Hannah|move: Protect
|
|-heal|p1a: Hannah|88/100 tox|[from] ability: Poison Heal
|upkeep
|turn|15
|
|t:|1779820250
|move|p2a: Iron Valiant|Close Combat|p1a: Hannah
|-supereffective|p1a: Hannah
|-damage|p1a: Hannah|20/100 tox
|-unboost|p2a: Iron Valiant|def|1
|-unboost|p2a: Iron Valiant|spd|1
|move|p1a: Hannah|Facade|p2a: Iron Valiant
|-damage|p2a: Iron Valiant|12/100
|
|-heal|p1a: Hannah|32/100 tox|[from] ability: Poison Heal
|upkeep
|turn|16
|
|t:|1779820265
|move|p1a: Hannah|Protect|p1a: Hannah
|-singleturn|p1a: Hannah|Protect
|move|p2a: Iron Valiant|Moonblast|p1a: Hannah
|-activate|p1a: Hannah|move: Protect
|
|-heal|p1a: Hannah|45/100 tox|[from] ability: Poison Heal
|upkeep
|turn|17
|inactive|kammsammich has 60 seconds left.
|
|t:|1779820297
|switch|p1a: Leonard Washington|Rotom-Wash|37/100
|move|p2a: Iron Valiant|Close Combat|p1a: Leonard Washington
|-damage|p1a: Leonard Washington|0 fnt
|-unboost|p2a: Iron Valiant|def|1
|-unboost|p2a: Iron Valiant|spd|1
|faint|p1a: Leonard Washington
|
|upkeep
|
|t:|1779820308
|switch|p1a: Trinidad James|Gholdengo|100/100
|-item|p1a: Trinidad James|Air Balloon
|turn|18
|
|t:|1779820316
|-end|p2a: Iron Valiant|Quark Drive|[silent]
|switch|p2a: Slowking|Slowking-Galar, M|100/100
|move|p1a: Trinidad James|Shadow Ball|p2a: Slowking
|-supereffective|p2a: Slowking
|-damage|p2a: Slowking|60/100
|-unboost|p2a: Slowking|spd|1
|
|upkeep
|turn|19
|inactive|kammsammich has 60 seconds left.
|inactive|isa2381 has 90 seconds left.
|
|t:|1779820327
|switch|p2a: Tyranitar|Tyranitar, M|100/100
|-weather|Sandstorm|[from] ability: Sand Stream|[of] p2a: Tyranitar
|move|p1a: Trinidad James|Shadow Ball|p2a: Tyranitar
|-resisted|p2a: Tyranitar
|-damage|p2a: Tyranitar|86/100
|
|-weather|Sandstorm|[upkeep]
|upkeep
|turn|20
|inactive|isa2381 has 90 seconds left.
|inactive|kammsammich has 60 seconds left.
|
|t:|1779820349
|switch|p1a: Chunky D. Luffy|Tyranitar, M|100/100
|move|p2a: Tyranitar|Knock Off|p1a: Chunky D. Luffy
|-resisted|p1a: Chunky D. Luffy
|-damage|p1a: Chunky D. Luffy|79/100
|-enditem|p1a: Chunky D. Luffy|Assault Vest|[from] move: Knock Off|[of] p2a: Tyranitar
|
|-weather|Sandstorm|[upkeep]
|upkeep
|turn|21
|inactive|isa2381 has 90 seconds left.
|
|t:|1779820363
|switch|p2a: Skeledirge|Skeledirge, M|100/100
|move|p1a: Chunky D. Luffy|Earthquake|p2a: Skeledirge
|-supereffective|p2a: Skeledirge
|-damage|p2a: Skeledirge|38/100
|
|-weather|Sandstorm|[upkeep]
|-damage|p2a: Skeledirge|32/100|[from] Sandstorm
|upkeep
|turn|22
|inactive|kammsammich has 60 seconds left.
|inactive|isa2381 has 90 seconds left.
|
|t:|1779820377
|move|p2a: Skeledirge|Will-O-Wisp|p1a: Chunky D. Luffy
|-status|p1a: Chunky D. Luffy|brn
|move|p1a: Chunky D. Luffy|Earthquake|p2a: Skeledirge
|-supereffective|p2a: Skeledirge
|-damage|p2a: Skeledirge|0 fnt
|faint|p2a: Skeledirge
|
|-weather|Sandstorm|[upkeep]
|-damage|p1a: Chunky D. Luffy|73/100 brn|[from] brn
|upkeep
|
|t:|1779820395
|switch|p2a: Tyranitar|Tyranitar, M|86/100
|turn|23
|inactive|kammsammich has 60 seconds left.
|
|t:|1779820426
|move|p2a: Tyranitar|Low Kick|p1a: Chunky D. Luffy
|-supereffective|p1a: Chunky D. Luffy
|-damage|p1a: Chunky D. Luffy|0 fnt
|faint|p1a: Chunky D. Luffy
|
|-weather|none
|upkeep
|
|t:|1779820433
|switch|p1a: Trinidad James|Gholdengo|100/100
|-item|p1a: Trinidad James|Air Balloon
|turn|24
|inactive|isa2381 has 90 seconds left.
|
|t:|1779820447
|switch|p2a: Slowking|Slowking-Galar, M|94/100
|move|p1a: Trinidad James|Nasty Plot|p1a: Trinidad James
|-boost|p1a: Trinidad James|spa|2
|
|upkeep
|turn|25
|inactive|isa2381 has 90 seconds left.
|
|t:|1779820461
|move|p1a: Trinidad James|Shadow Ball|p2a: Slowking
|-supereffective|p2a: Slowking
|-damage|p2a: Slowking|4/100
|move|p2a: Slowking|Flamethrower|p1a: Trinidad James
|-supereffective|p1a: Trinidad James
|-damage|p1a: Trinidad James|38/100
|-enditem|p1a: Trinidad James|Air Balloon
|
|upkeep
|turn|26
|inactive|isa2381 has 90 seconds left.
|
|t:|1779820476
|move|p1a: Trinidad James|Shadow Ball|p2a: Slowking
|-supereffective|p2a: Slowking
|-damage|p2a: Slowking|0 fnt
|faint|p2a: Slowking
|
|upkeep
|inactive|isa2381 has 90 seconds left.
|
|t:|1779820485
|switch|p2a: Tyranitar|Tyranitar, M|86/100
|-weather|Sandstorm|[from] ability: Sand Stream|[of] p2a: Tyranitar
|turn|27
|
|t:|1779820490
|move|p2a: Tyranitar|Knock Off|p1a: Trinidad James
|-supereffective|p1a: Trinidad James
|-damage|p1a: Trinidad James|0 fnt
|faint|p1a: Trinidad James
|
|-weather|Sandstorm|[upkeep]
|upkeep
|
|t:|1779820494
|switch|p1a: Hannah|Gliscor, F, tera:Normal|45/100 tox
|turn|28
|
|t:|1779820502
|move|p2a: Tyranitar|Knock Off|p1a: Hannah
|-damage|p1a: Hannah|12/100 tox
|-enditem|p1a: Hannah|Toxic Orb|[from] move: Knock Off|[of] p2a: Tyranitar
|move|p1a: Hannah|Earthquake|p2a: Tyranitar
|-supereffective|p2a: Tyranitar
|-damage|p2a: Tyranitar|20/100
|
|-weather|Sandstorm|[upkeep]
|-damage|p1a: Hannah|6/100 tox|[from] Sandstorm
|-heal|p1a: Hannah|19/100 tox|[from] ability: Poison Heal
|upkeep
|turn|29
|inactive|isa2381 has 120 seconds left.
|
|t:|1779820511
|move|p1a: Hannah|Protect|p1a: Hannah
|-singleturn|p1a: Hannah|Protect
|move|p2a: Tyranitar|Knock Off|p1a: Hannah
|-activate|p1a: Hannah|move: Protect
|
|-weather|Sandstorm|[upkeep]
|-damage|p1a: Hannah|12/100 tox|[from] Sandstorm
|-heal|p1a: Hannah|25/100 tox|[from] ability: Poison Heal
|upkeep
|turn|30
|inactive|kammsammich has 90 seconds left.
|
|t:|1779820519
|move|p2a: Tyranitar|Knock Off|p1a: Hannah
|-damage|p1a: Hannah|4/100 tox
|move|p1a: Hannah|Earthquake|p2a: Tyranitar
|-supereffective|p2a: Tyranitar
|-damage|p2a: Tyranitar|0 fnt
|faint|p2a: Tyranitar
|
|-weather|Sandstorm|[upkeep]
|-damage|p1a: Hannah|0 fnt|[from] Sandstorm
|faint|p1a: Hannah
|
|win|isa2381
|raw|kammsammich's rating: 1341 &rarr; <strong>1320</strong><br />(-21 for losing)
|raw|isa2381's rating: 1320 &rarr; <strong>1341</strong><br />(+21 for winning)
|l|☆kammsammich
|player|p1|
