|j|☆hxhfhfhffy
|j|☆Quagsires gf
|t:|1779807027
|gametype|singles
|player|p1|hxhfhfhffy|170|1000
|player|p2|Quagsires gf|2|1052
|gen|9
|tier|[Gen 9] OU
|rated|
|rule|HP Percentage Mod: HP is shown in percentages
|rule|Endless Battle Clause: Forcing endless battles is banned
|rule|Species Clause: Limit one of each Pokémon
|rule|OHKO Clause: OHKO moves are banned
|rule|Evasion Items Clause: Evasion items are banned
|rule|Evasion Moves Clause: Evasion moves are banned
|rule|Evasion Abilities Clause: Evasion abilities are banned
|rule|Sleep Moves Clause: Sleep-inducing moves are banned
|clearpoke
|poke|p1|Pelipper, M|
|poke|p1|Iron Treads|
|poke|p1|Barraskewda, F|
|poke|p1|Gholdengo|
|poke|p1|Ogerpon-Wellspring, F|
|poke|p1|Zapdos|
|poke|p2|Scream Tail|
|poke|p2|Infernape, M|
|poke|p2|Lilligant-Hisui, F|
|poke|p2|Pawmot, F|
|poke|p2|Rabsca, M|
|poke|p2|Banette, M|
|teampreview
|inactive|Battle timer is ON: inactive players will automatically lose when time's up. (requested by Quagsires gf)
|
|t:|1779807049
|teamsize|p1|6
|teamsize|p2|6
|start
|switch|p1a: Pelipper|Pelipper, M, shiny|100/100
|switch|p2a: Pawmot|Pawmot, F, shiny|100/100
|-weather|RainDance|[from] ability: Drizzle|[of] p1a: Pelipper
|turn|1
|
|t:|1779807059
|switch|p1a: Iron Treads|Iron Treads|100/100
|move|p2a: Pawmot|Nuzzle|p1a: Iron Treads
|-immune|p1a: Iron Treads
|
|-weather|RainDance|[upkeep]
|upkeep
|turn|2
|
|t:|1779807067
|switch|p2a: Lilligant|Lilligant-Hisui, F|100/100
|move|p1a: Iron Treads|Stealth Rock|p2a: Lilligant
|-sidestart|p2: Quagsires gf|move: Stealth Rock
|
|-weather|RainDance|[upkeep]
|upkeep
|turn|3
|inactive|hxhfhfhffy has 120 seconds left.
|
|t:|1779807101
|-end|p1a: Iron Treads|Quark Drive|[silent]
|switch|p1a: Ogerpon|Ogerpon-Wellspring, F|100/100
|move|p2a: Lilligant|Victory Dance|p2a: Lilligant
|-boost|p2a: Lilligant|atk|1
|-boost|p2a: Lilligant|def|1
|-boost|p2a: Lilligant|spe|1
|
|-weather|RainDance|[upkeep]
|upkeep
|turn|4
|
|t:|1779807106
|move|p2a: Lilligant|Defog|p1a: Ogerpon
|-unboost|p1a: Ogerpon|evasion|1
|-sideend|p2: Quagsires gf|Stealth Rock|[from] move: Defog|[of] p2a: Lilligant
|move|p1a: Ogerpon|Swords Dance|p1a: Ogerpon
|-boost|p1a: Ogerpon|atk|2
|
|-weather|RainDance|[upkeep]
|upkeep
|turn|5
|
|t:|1779807119
|move|p2a: Lilligant|Axe Kick|p1a: Ogerpon
|-damage|p1a: Ogerpon|0 fnt
|faint|p1a: Ogerpon
|
|-weather|RainDance|[upkeep]
|upkeep
|
|t:|1779807125
|switch|p1a: Barraskewda|Barraskewda, F|100/100
|turn|6
|
|t:|1779807129
|move|p1a: Barraskewda|Close Combat|p2a: Lilligant
|-damage|p2a: Lilligant|30/100
|-unboost|p1a: Barraskewda|def|1
|-unboost|p1a: Barraskewda|spd|1
|move|p2a: Lilligant|Axe Kick|p1a: Barraskewda
|-damage|p1a: Barraskewda|0 fnt
|faint|p1a: Barraskewda
|
|-weather|RainDance|[upkeep]
|upkeep
|
|t:|1779807134
|switch|p1a: Zapdos|Zapdos|100/100
|turn|7
|
|t:|1779807136
|move|p2a: Lilligant|Axe Kick|p1a: Zapdos|[miss]
|-miss|p2a: Lilligant|p1a: Zapdos
|-damage|p2a: Lilligant|0 fnt|[from] highjumpkick
|faint|p2a: Lilligant
|move|p1a: Zapdos|Hurricane|p2: Lilligant|[notarget]
|-fail|p1a: Zapdos
|
|-weather|RainDance|[upkeep]
|upkeep
|
|t:|1779807147
|switch|p2a: Scream Tail|Scream Tail, shiny|100/100
|-enditem|p2a: Scream Tail|Booster Energy
|-activate|p2a: Scream Tail|ability: Protosynthesis|[fromitem]
|-start|p2a: Scream Tail|protosynthesisdef
|turn|8
|
|t:|1779807158
|move|p1a: Zapdos|Hurricane|p2a: Scream Tail
|-damage|p2a: Scream Tail|55/100
|move|p2a: Scream Tail|Ice Fang|p1a: Zapdos
|-supereffective|p1a: Zapdos
|-damage|p1a: Zapdos|59/100
|-status|p1a: Zapdos|frz
|
|-weather|none
|upkeep
|turn|9
|
|t:|1779807167
|-curestatus|p1a: Zapdos|frz|[msg]
|move|p1a: Zapdos|Hurricane|p2a: Scream Tail
|-damage|p2a: Scream Tail|10/100
|move|p2a: Scream Tail|Ice Fang|p1a: Zapdos
|-supereffective|p1a: Zapdos
|-damage|p1a: Zapdos|17/100
|
|upkeep
|turn|10
|
|t:|1779807179
|move|p1a: Zapdos|Roost|p1a: Zapdos
|-heal|p1a: Zapdos|67/100
|-singleturn|p1a: Zapdos|move: Roost
|move|p2a: Scream Tail|Ice Fang|p1a: Zapdos
|-damage|p1a: Zapdos|47/100
|-status|p2a: Scream Tail|par|[from] ability: Static|[of] p1a: Zapdos
|
|upkeep
|turn|11
|
|t:|1779807188
|move|p1a: Zapdos|Hurricane|p2a: Scream Tail
|-damage|p2a: Scream Tail|0 fnt
|faint|p2a: Scream Tail
|-end|p2a: Scream Tail|Protosynthesis|[silent]
|
|upkeep
|
|t:|1779807193
|switch|p2a: Pawmot|Pawmot, F, shiny|100/100
|turn|12
|
|t:|1779807209
|switch|p1a: Iron Treads|Iron Treads|100/100
|move|p2a: Pawmot|Revival Blessing|p2a: Pawmot
|-enditem|p2a: Pawmot|Leppa Berry|[eat]
|-activate|p2a: Pawmot|item: Leppa Berry|Revival Blessing|[consumed]
|
|t:|1779807213
|-heal|p2: Lilligant|50/100|[from] move: Revival Blessing
|
|upkeep
|turn|13
|
|t:|1779807221
|move|p2a: Pawmot|Revival Blessing|p2a: Pawmot
|
|t:|1779807223
|-heal|p2: Scream Tail|50/100|[from] move: Revival Blessing
|move|p1a: Iron Treads|Stealth Rock|p2a: Pawmot
|-sidestart|p2: Quagsires gf|move: Stealth Rock
|
|upkeep
|turn|14
|
|t:|1779807232
|move|p2a: Pawmot|Mach Punch|p1a: Iron Treads
|-supereffective|p1a: Iron Treads
|-damage|p1a: Iron Treads|68/100
|move|p1a: Iron Treads|Earthquake|p2a: Pawmot
|-supereffective|p2a: Pawmot
|-damage|p2a: Pawmot|0 fnt
|faint|p2a: Pawmot
|
|-heal|p1a: Iron Treads|74/100|[from] item: Leftovers
|upkeep
|
|t:|1779807237
|switch|p2a: Lilligant|Lilligant-Hisui, F|50/100
|-damage|p2a: Lilligant|44/100|[from] Stealth Rock
|turn|15
|
|t:|1779807248
|move|p2a: Lilligant|Victory Dance|p2a: Lilligant
|-boost|p2a: Lilligant|atk|1
|-boost|p2a: Lilligant|def|1
|-boost|p2a: Lilligant|spe|1
|move|p1a: Iron Treads|Ice Spinner|p2a: Lilligant
|-supereffective|p2a: Lilligant
|-damage|p2a: Lilligant|2/100
|
|-heal|p1a: Iron Treads|80/100|[from] item: Leftovers
|upkeep
|turn|16
|
|t:|1779807267
|-end|p1a: Iron Treads|Quark Drive|[silent]
|switch|p1a: Pelipper|Pelipper, M, shiny|100/100
|-weather|RainDance|[from] ability: Drizzle|[of] p1a: Pelipper
|move|p2a: Lilligant|Axe Kick|p1a: Pelipper
|-resisted|p1a: Pelipper
|-damage|p1a: Pelipper|51/100
|
|-weather|RainDance|[upkeep]
|upkeep
|turn|17
|
|t:|1779807282
|-terastallize|p1a: Pelipper|Grass
|move|p2a: Lilligant|Metronome|p2a: Lilligant
|move|p2a: Lilligant|Fusion Flare|p1a: Pelipper|[from] move: Metronome
|-supereffective|p1a: Pelipper
|-damage|p1a: Pelipper|36/100
|move|p1a: Pelipper|Surf|p2a: Lilligant
|-resisted|p2a: Lilligant
|-damage|p2a: Lilligant|0 fnt
|faint|p2a: Lilligant
|
|-weather|RainDance|[upkeep]
|upkeep
|
|t:|1779807290
|switch|p2a: Rabsca|Rabsca, M, shiny|100/100
|-damage|p2a: Rabsca|76/100|[from] Stealth Rock
|turn|18
|
|t:|1779807301
|-terastallize|p2a: Rabsca|Water
|move|p1a: Pelipper|U-turn|p2a: Rabsca
|-damage|p2a: Rabsca|65/100
|
|t:|1779807307
|switch|p1a: Zapdos|Zapdos|47/100|[from] U-turn
|move|p2a: Rabsca|Revival Blessing|p2a: Rabsca
|-enditem|p2a: Rabsca|Leppa Berry|[eat]
|-activate|p2a: Rabsca|item: Leppa Berry|Revival Blessing|[consumed]
|
|t:|1779807310
|-heal|p2: Lilligant|50/100|[from] move: Revival Blessing
|
|-weather|RainDance|[upkeep]
|upkeep
|turn|19
|
|t:|1779807316
|switch|p2a: Banette|Banette, M, shiny|100/100
|-damage|p2a: Banette|88/100|[from] Stealth Rock
|move|p1a: Zapdos|Roost|p1a: Zapdos
|-heal|p1a: Zapdos|97/100
|-singleturn|p1a: Zapdos|move: Roost
|
|-weather|RainDance|[upkeep]
|upkeep
|turn|20
|
|t:|1779807324
|move|p1a: Zapdos|Hurricane|p2a: Banette
|-damage|p2a: Banette|5/100
|-start|p1a: Zapdos|Disable|Hurricane|[from] ability: Cursed Body|[of] p2a: Banette
|move|p2a: Banette|Confuse Ray|p1a: Zapdos
|-start|p1a: Zapdos|confusion
|
|-weather|RainDance|[upkeep]
|upkeep
|turn|21
|
|t:|1779807337
|-activate|p1a: Zapdos|confusion
|move|p1a: Zapdos|Volt Switch|p2a: Banette
|-damage|p2a: Banette|0 fnt
|faint|p2a: Banette
|
|t:|1779807344
|switch|p1a: Iron Treads|Iron Treads|80/100|[from] Volt Switch
|
|-weather|RainDance|[upkeep]
|-heal|p1a: Iron Treads|86/100|[from] item: Leftovers
|upkeep
|
|t:|1779807347
|switch|p2a: Rabsca|Rabsca, M, shiny, tera:Water|65/100
|-damage|p2a: Rabsca|53/100|[from] Stealth Rock
|turn|22
|
|t:|1779807353
|move|p1a: Iron Treads|Ice Spinner|p2a: Rabsca
|-resisted|p2a: Rabsca
|-damage|p2a: Rabsca|41/100
|move|p2a: Rabsca|Rest|p2a: Rabsca
|-status|p2a: Rabsca|slp|[from] move: Rest
|-heal|p2a: Rabsca|100/100 slp|[silent]
|
|-weather|RainDance|[upkeep]
|-heal|p1a: Iron Treads|93/100|[from] item: Leftovers
|upkeep
|turn|23
|
|t:|1779807364
|move|p1a: Iron Treads|Earthquake|p2a: Rabsca
|-damage|p2a: Rabsca|58/100 slp
|cant|p2a: Rabsca|slp
|move|p2a: Rabsca|Sleep Talk|p2a: Rabsca
|move|p2a: Rabsca|Revival Blessing|p2a: Rabsca|[from] move: Sleep Talk
|
|t:|1779807371
|-heal|p2: Banette|50/100|[from] move: Revival Blessing
|
|-weather|none
|-heal|p1a: Iron Treads|99/100|[from] item: Leftovers
|upkeep
|turn|24
|
|t:|1779807378
|move|p1a: Iron Treads|Earthquake|p2a: Rabsca
|-damage|p2a: Rabsca|12/100 slp
|cant|p2a: Rabsca|slp
|move|p2a: Rabsca|Sleep Talk|p2a: Rabsca
|move|p2a: Rabsca|Future Sight|p1a: Iron Treads|[from] move: Sleep Talk
|-start|p2a: Rabsca|move: Future Sight
|
|-heal|p1a: Iron Treads|100/100|[from] item: Leftovers
|upkeep
|turn|25
|
|t:|1779807387
|switch|p2a: Lilligant|Lilligant-Hisui, F|50/100
|-damage|p2a: Lilligant|44/100|[from] Stealth Rock
|move|p1a: Iron Treads|Earthquake|p2a: Lilligant
|-resisted|p2a: Lilligant
|-damage|p2a: Lilligant|15/100
|
|upkeep
|turn|26
|
|t:|1779807398
|move|p2a: Lilligant|Defog|p1a: Iron Treads
|-unboost|p1a: Iron Treads|evasion|1
|-sideend|p2: Quagsires gf|Stealth Rock|[from] move: Defog|[of] p2a: Lilligant
|move|p1a: Iron Treads|Ice Spinner|p2a: Lilligant
|-supereffective|p2a: Lilligant
|-damage|p2a: Lilligant|0 fnt
|faint|p2a: Lilligant
|
|-end|p1a: Iron Treads|move: Future Sight
|-resisted|p1a: Iron Treads
|-damage|p1a: Iron Treads|81/100
|-heal|p1a: Iron Treads|87/100|[from] item: Leftovers
|upkeep
|
|t:|1779807403
|switch|p2a: Rabsca|Rabsca, M, shiny, tera:Water|12/100 slp
|turn|27
|
|t:|1779807413
|move|p1a: Iron Treads|Stealth Rock|p2a: Rabsca
|-sidestart|p2: Quagsires gf|move: Stealth Rock
|-curestatus|p2a: Rabsca|slp|[msg]
|move|p2a: Rabsca|Rest|p2a: Rabsca
|-status|p2a: Rabsca|slp|[from] move: Rest
|-heal|p2a: Rabsca|100/100 slp|[silent]
|
|-heal|p1a: Iron Treads|93/100|[from] item: Leftovers
|upkeep
|turn|28
|
|t:|1779807420
|move|p1a: Iron Treads|Earthquake|p2a: Rabsca
|-damage|p2a: Rabsca|57/100 slp
|cant|p2a: Rabsca|slp
|move|p2a: Rabsca|Sleep Talk|p2a: Rabsca
|move|p2a: Rabsca|Future Sight|p1a: Iron Treads|[from] move: Sleep Talk
|-start|p2a: Rabsca|move: Future Sight
|
|-heal|p1a: Iron Treads|99/100|[from] item: Leftovers
|upkeep
|turn|29
|
|t:|1779807434
|switch|p2a: Banette|Banette, M, shiny|50/100
|-damage|p2a: Banette|38/100|[from] Stealth Rock
|move|p1a: Iron Treads|Earthquake|p2a: Banette
|-damage|p2a: Banette|0 fnt
|faint|p2a: Banette
|
|-heal|p1a: Iron Treads|100/100|[from] item: Leftovers
|upkeep
|
|t:|1779807440
|switch|p2a: Rabsca|Rabsca, M, shiny, tera:Water|57/100 slp
|-damage|p2a: Rabsca|45/100 slp|[from] Stealth Rock
|turn|30
|
|t:|1779807446
|move|p1a: Iron Treads|Earthquake|p2a: Rabsca
|-damage|p2a: Rabsca|5/100 slp
|cant|p2a: Rabsca|slp
|move|p2a: Rabsca|Sleep Talk|p2a: Rabsca
|move|p2a: Rabsca|Rest||[from] move: Sleep Talk|[still]
|-fail|p2a: Rabsca
|
|-end|p1a: Iron Treads|move: Future Sight
|-resisted|p1a: Iron Treads
|-damage|p1a: Iron Treads|83/100
|-heal|p1a: Iron Treads|89/100|[from] item: Leftovers
|upkeep
|turn|31
|
|t:|1779807456
|move|p1a: Iron Treads|Earthquake|p2a: Rabsca
|-damage|p2a: Rabsca|0 fnt
|faint|p2a: Rabsca
|
|-heal|p1a: Iron Treads|95/100|[from] item: Leftovers
|upkeep
|
|t:|1779807457
|switch|p2a: Infernape|Infernape, M|100/100
|-damage|p2a: Infernape|88/100|[from] Stealth Rock
|turn|32
|
|t:|1779807470
|-end|p1a: Iron Treads|Quark Drive|[silent]
|switch|p1a: Zapdos|Zapdos|97/100
|move|p2a: Infernape|Metronome|p2a: Infernape
|move|p2a: Infernape|Bitter Malice|p1a: Zapdos|[from] move: Metronome
|-damage|p1a: Zapdos|80/100
|-unboost|p1a: Zapdos|atk|1
|
|upkeep
|turn|33
|
|t:|1779807484
|move|p2a: Infernape|Substitute|p2a: Infernape
|-start|p2a: Infernape|Substitute
|-damage|p2a: Infernape|63/100
|move|p1a: Zapdos|Volt Switch|p2a: Infernape
|-end|p2a: Infernape|Substitute
|
|t:|1779807491
|switch|p1a: Pelipper|Pelipper, M, shiny, tera:Grass|36/100|[from] Volt Switch
|-weather|RainDance|[from] ability: Drizzle|[of] p1a: Pelipper
|
|-weather|RainDance|[upkeep]
|upkeep
|turn|34
|
|t:|1779807502
|move|p2a: Infernape|Metronome|p2a: Infernape
|move|p2a: Infernape|Toxic Spikes|p1a: Pelipper|[from] move: Metronome
|-sidestart|p1: hxhfhfhffy|move: Toxic Spikes
|move|p1a: Pelipper|Roost|p1a: Pelipper
|-heal|p1a: Pelipper|86/100
|
|-weather|RainDance|[upkeep]
|upkeep
|turn|35
|
|t:|1779807510
|move|p2a: Infernape|Metronome|p2a: Infernape
|move|p2a: Infernape|Fly||[from] move: Metronome|[still]
|-prepare|p2a: Infernape|Fly
|move|p1a: Pelipper|U-turn|p2a: Infernape|[miss]
|-miss|p1a: Pelipper|p2a: Infernape
|
|-weather|RainDance|[upkeep]
|upkeep
|turn|36
|
|t:|1779807522
|switch|p1a: Zapdos|Zapdos|80/100
|move|p2a: Infernape|Fly|p1a: Zapdos|[from] lockedmove
|-resisted|p1a: Zapdos
|-damage|p1a: Zapdos|64/100
|
|-weather|RainDance|[upkeep]
|upkeep
|turn|37
|
|t:|1779807536
|move|p2a: Infernape|Substitute|p2a: Infernape
|-start|p2a: Infernape|Substitute
|-damage|p2a: Infernape|38/100
|move|p1a: Zapdos|Roost|p1a: Zapdos
|-heal|p1a: Zapdos|100/100
|-singleturn|p1a: Zapdos|move: Roost
|
|-weather|RainDance|[upkeep]
|upkeep
|turn|38
|
|t:|1779807542
|move|p2a: Infernape|Metronome|p2a: Infernape
|move|p2a: Infernape|Throat Chop|p1a: Zapdos|[from] move: Metronome
|-damage|p1a: Zapdos|71/100
|-start|p1a: Zapdos|Throat Chop|[silent]
|move|p1a: Zapdos|Hurricane|p2a: Infernape
|-supereffective|p2a: Infernape
|-end|p2a: Infernape|Substitute
|
|-weather|RainDance|[upkeep]
|upkeep
|turn|39
|
|t:|1779807556
|switch|p1a: Iron Treads|Iron Treads|95/100
|move|p2a: Infernape|Substitute|p2a: Infernape
|-start|p2a: Infernape|Substitute
|-damage|p2a: Infernape|13/100
|
|-weather|RainDance|[upkeep]
|-heal|p1a: Iron Treads|100/100|[from] item: Leftovers
|upkeep
|turn|40
|
|t:|1779807561
|-singleturn|p2a: Infernape|move: Focus Punch
|move|p1a: Iron Treads|Rapid Spin|p2a: Infernape
|-activate|p2a: Infernape|move: Substitute|[damage]
|-sideend|p1: hxhfhfhffy|Toxic Spikes|[from] move: Rapid Spin|[of] p1a: Iron Treads
|-boost|p1a: Iron Treads|spe|1
|move|p2a: Infernape|Focus Punch|p1a: Iron Treads
|-supereffective|p1a: Iron Treads
|-damage|p1a: Iron Treads|0 fnt
|faint|p1a: Iron Treads
|-end|p1a: Iron Treads|Quark Drive|[silent]
|
|-weather|none
|upkeep
|
|t:|1779807570
|switch|p1a: Pelipper|Pelipper, M, shiny, tera:Grass|86/100
|-weather|RainDance|[from] ability: Drizzle|[of] p1a: Pelipper
|turn|41
|
|t:|1779807573
|move|p2a: Infernape|Focus Energy|p2a: Infernape
|-start|p2a: Infernape|move: Focus Energy
|move|p1a: Pelipper|U-turn|p2a: Infernape
|-resisted|p2a: Infernape
|-activate|p2a: Infernape|move: Substitute|[damage]
|
|t:|1779807580
|switch|p1a: Zapdos|Zapdos|71/100|[from] U-turn
|
|-weather|RainDance|[upkeep]
|upkeep
|turn|42
|
|t:|1779807590
|-singleturn|p2a: Infernape|move: Focus Punch
|move|p1a: Zapdos|Hurricane|p2a: Infernape
|-supereffective|p2a: Infernape
|-end|p2a: Infernape|Substitute
|move|p2a: Infernape|Focus Punch|p1a: Zapdos
|-resisted|p1a: Zapdos
|-damage|p1a: Zapdos|24/100
|
|-weather|RainDance|[upkeep]
|upkeep
|turn|43
|
|t:|1779807608
|switch|p1a: Make it Rain|Gholdengo, shiny|100/100
|move|p2a: Infernape|Metronome|p2a: Infernape
|move|p2a: Infernape|Conversion 2|p1a: Make it Rain|[from] move: Metronome
|-immune|p1a: Make it Rain|[from] ability: Good as Gold
|
|-weather|RainDance|[upkeep]
|upkeep
|turn|44
|
|t:|1779807617
|move|p2a: Infernape|Metronome|p2a: Infernape
|move|p2a: Infernape|Coaching|null|[from] move: Metronome|[notarget]
|-fail|p2a: Infernape
|move|p1a: Make it Rain|Thunder Wave|p2a: Infernape
|-status|p2a: Infernape|par
|
|-weather|RainDance|[upkeep]
|upkeep
|turn|45
|
|t:|1779807627
|move|p1a: Make it Rain|Hex|p2a: Infernape
|-damage|p2a: Infernape|0 fnt
|faint|p2a: Infernape
|
|-weather|RainDance|[upkeep]
|upkeep
|
|t:|1779807630
|switch|p2a: Scream Tail|Scream Tail, shiny|50/100
|-damage|p2a: Scream Tail|38/100|[from] Stealth Rock
|turn|46
|
|t:|1779807637
|move|p2a: Scream Tail|Crunch|p1a: Make it Rain
|-supereffective|p1a: Make it Rain
|-damage|p1a: Make it Rain|74/100
|-enditem|p1a: Make it Rain|Eject Button
|
|t:|1779807643
|switch|p1a: Zapdos|Zapdos|24/100
|
|-weather|RainDance|[upkeep]
|upkeep
|turn|47
|
|t:|1779807646
|move|p1a: Zapdos|Roost|p1a: Zapdos
|-heal|p1a: Zapdos|75/100
|-singleturn|p1a: Zapdos|move: Roost
|move|p2a: Scream Tail|Ice Fang|p1a: Zapdos
|-damage|p1a: Zapdos|57/100
|
|-weather|RainDance|[upkeep]
|upkeep
|turn|48
|
|t:|1779807652
|move|p1a: Zapdos|Roost|p1a: Zapdos
|-heal|p1a: Zapdos|100/100
|-singleturn|p1a: Zapdos|move: Roost
|move|p2a: Scream Tail|Ice Fang|p1a: Zapdos
|-damage|p1a: Zapdos|82/100
|
|-weather|none
|upkeep
|turn|49
|
|t:|1779807660
|move|p1a: Zapdos|Hurricane|p2a: Scream Tail|[miss]
|-miss|p1a: Zapdos|p2a: Scream Tail
|move|p2a: Scream Tail|Metronome|p2a: Scream Tail
|move|p2a: Scream Tail|X-Scissor|p1a: Zapdos|[from] move: Metronome
|-resisted|p1a: Zapdos
|-damage|p1a: Zapdos|71/100
|-status|p2a: Scream Tail|par|[from] ability: Static|[of] p1a: Zapdos
|
|upkeep
|turn|50
|
|t:|1779807668
|move|p1a: Zapdos|Hurricane|p2a: Scream Tail
|-damage|p2a: Scream Tail|0 fnt
|faint|p2a: Scream Tail
|-end|p2a: Scream Tail|Protosynthesis|[silent]
|
|win|hxhfhfhffy
|raw|hxhfhfhffy's rating: 1000 &rarr; <strong>1046</strong><br />(+46 for winning)
|raw|Quagsires gf's rating: 1052 &rarr; <strong>1032</strong><br />(-20 for losing)
