|j|☆spicychickenman
|j|☆critical_32
|t:|1779860605
|gametype|singles
|player|p1|spicychickenman|veteran|1382
|player|p2|critical_32|2|1386
|gen|9
|tier|[Gen 9] OU
|rated|
|rule|HP Percentage Mod: HP is shown in percentages
|rule|Endless Battle Clause: Forcing endless battles is banned
|rule|Species Clause: Limit one of each Pokémon
|rule|OHKO Clause: OHKO moves are banned
|rule|Evasion Items Clause: Evasion items are banned
|rule|Evasion Moves Clause: Evasion moves are banned
|rule|Evasion Abilities Clause: Evasion abilities are banned
|rule|Sleep Moves Clause: Sleep-inducing moves are banned
|clearpoke
|poke|p1|Deoxys-Speed|
|poke|p1|Iron Valiant|
|poke|p1|Kingambit, M|
|poke|p1|Ceruledge, M|
|poke|p1|Dragonite, F|
|poke|p1|Raging Bolt|
|poke|p2|Barraskewda, M|
|poke|p2|Basculegion, M|
|poke|p2|Goodra-Hisui, F|
|poke|p2|Kingdra, F|
|poke|p2|Conkeldurr, M|
|poke|p2|Pelipper, F|
|teampreview
|inactive|Battle timer is ON: inactive players will automatically lose when time's up. (requested by spicychickenman)
|
|t:|1779860623
|teamsize|p1|6
|teamsize|p2|6
|start
|switch|p1a: CATCH A FADE|Raging Bolt|100/100
|switch|p2a: Barraskewda|Barraskewda, M|100/100
|-enditem|p1a: CATCH A FADE|Booster Energy
|-activate|p1a: CATCH A FADE|ability: Protosynthesis|[fromitem]
|-start|p1a: CATCH A FADE|protosynthesisspa
|turn|1
|inactive|spicychickenman has 120 seconds left.
|
|t:|1779860675
|-terastallize|p2a: Barraskewda|Ground
|move|p2a: Barraskewda|Drill Run|p1a: CATCH A FADE
|-supereffective|p1a: CATCH A FADE
|-damage|p1a: CATCH A FADE|0 fnt
|faint|p1a: CATCH A FADE
|-end|p1a: CATCH A FADE|Protosynthesis|[silent]
|
|upkeep
|inactive|spicychickenman has 90 seconds left.
|
|t:|1779860710
|switch|p1a: BIG STEPPA|Dragonite, F|100/100
|turn|2
|
|t:|1779860724
|switch|p2a: Goodra|Goodra-Hisui, F|100/100
|move|p1a: BIG STEPPA|Dragon Dance|p1a: BIG STEPPA
|-boost|p1a: BIG STEPPA|atk|1
|-boost|p1a: BIG STEPPA|spe|1
|
|upkeep
|turn|3
|inactive|spicychickenman has 90 seconds left.
|
|t:|1779860730
|move|p1a: BIG STEPPA|Earthquake|p2a: Goodra
|-supereffective|p2a: Goodra
|-damage|p2a: Goodra|0 fnt
|faint|p2a: Goodra
|
|upkeep
|
|t:|1779860735
|switch|p2a: Pelipper|Pelipper, F|100/100
|-weather|RainDance|[from] ability: Drizzle|[of] p2a: Pelipper
|turn|4
|
|t:|1779860742
|move|p1a: BIG STEPPA|Dragon Dance|p1a: BIG STEPPA
|-boost|p1a: BIG STEPPA|atk|1
|-boost|p1a: BIG STEPPA|spe|1
|move|p2a: Pelipper|Hurricane|p1a: BIG STEPPA
|-damage|p1a: BIG STEPPA|74/100
|-start|p1a: BIG STEPPA|confusion
|
|-weather|RainDance|[upkeep]
|upkeep
|turn|5
|inactive|spicychickenman has 90 seconds left.
|
|t:|1779860784
|-activate|p1a: BIG STEPPA|confusion
|move|p1a: BIG STEPPA|Dragon Dance|p1a: BIG STEPPA
|-boost|p1a: BIG STEPPA|atk|1
|-boost|p1a: BIG STEPPA|spe|1
|move|p2a: Pelipper|Hurricane|p1a: BIG STEPPA
|-damage|p1a: BIG STEPPA|23/100
|
|-weather|RainDance|[upkeep]
|upkeep
|turn|6
|
|t:|1779860800
|-activate|p1a: BIG STEPPA|confusion
|move|p1a: BIG STEPPA|Extreme Speed|p2a: Pelipper
|-damage|p2a: Pelipper|1/100
|move|p2a: Pelipper|Hurricane|p1a: BIG STEPPA
|-damage|p1a: BIG STEPPA|0 fnt
|faint|p1a: BIG STEPPA
|
|-weather|RainDance|[upkeep]
|upkeep
|
|t:|1779860812
|switch|p1a: SHIESTY|Ceruledge, M|100/100
|turn|7
|
|t:|1779860830
|move|p1a: SHIESTY|Bitter Blade|p2a: Pelipper
|-resisted|p2a: Pelipper
|-damage|p2a: Pelipper|0 fnt
|faint|p2a: Pelipper
|
|-weather|RainDance|[upkeep]
|upkeep
|
|t:|1779860833
|switch|p2a: Barraskewda|Barraskewda, M, tera:Ground|100/100
|turn|8
|inactive|spicychickenman has 60 seconds left.
|
|t:|1779860876
|move|p1a: SHIESTY|Shadow Sneak|p2a: Barraskewda
|-damage|p2a: Barraskewda|58/100
|move|p2a: Barraskewda|Liquidation|p1a: SHIESTY
|-supereffective|p1a: SHIESTY
|-enditem|p1a: SHIESTY|Focus Sash
|-damage|p1a: SHIESTY|1/100
|-ability|p1a: SHIESTY|Weak Armor|boost
|-unboost|p1a: SHIESTY|def|1
|-boost|p1a: SHIESTY|spe|2
|
|-weather|RainDance|[upkeep]
|upkeep
|turn|9
|
|t:|1779860886
|move|p1a: SHIESTY|Shadow Sneak|p2a: Barraskewda
|-damage|p2a: Barraskewda|13/100
|move|p2a: Barraskewda|Liquidation|p1a: SHIESTY
|-supereffective|p1a: SHIESTY
|-damage|p1a: SHIESTY|0 fnt
|faint|p1a: SHIESTY
|
|-weather|RainDance|[upkeep]
|upkeep
|
|t:|1779860903
|switch|p1a: STAND ON BIZ|Kingambit, M|100/100
|-activate|p1a: STAND ON BIZ|ability: Supreme Overlord
|-start|p1a: STAND ON BIZ|fallen3|[silent]
|turn|10
|
|t:|1779860915
|move|p1a: STAND ON BIZ|Sucker Punch|p2a: Barraskewda
|-damage|p2a: Barraskewda|0 fnt
|faint|p2a: Barraskewda
|
|-weather|RainDance|[upkeep]
|upkeep
|
|t:|1779860928
|switch|p2a: Basculegion|Basculegion, M|100/100
|turn|11
|inactive|spicychickenman has 30 seconds left.
|
|t:|1779860952
|move|p2a: Basculegion|Aqua Jet|p1a: STAND ON BIZ
|-damage|p1a: STAND ON BIZ|63/100
|move|p1a: STAND ON BIZ|Sucker Punch||[still]
|-fail|p1a: STAND ON BIZ
|
|-weather|none
|upkeep
|turn|12
|inactive|spicychickenman has 30 seconds left.
|inactive|spicychickenman has 20 seconds left.
|
|t:|1779860972
|-terastallize|p1a: STAND ON BIZ|Dark
|move|p2a: Basculegion|Aqua Jet|p1a: STAND ON BIZ
|-damage|p1a: STAND ON BIZ|37/100
|move|p1a: STAND ON BIZ|Kowtow Cleave|p2a: Basculegion
|-supereffective|p2a: Basculegion
|-damage|p2a: Basculegion|0 fnt
|faint|p2a: Basculegion
|
|upkeep
|inactive|critical_32 has 120 seconds left.
|
|t:|1779861003
|switch|p2a: Conkeldurr|Conkeldurr, M|100/100
|turn|13
|inactive|spicychickenman has 30 seconds left.
|
|t:|1779861017
|move|p1a: STAND ON BIZ|Sucker Punch|p2a: Conkeldurr
|-resisted|p2a: Conkeldurr
|-damage|p2a: Conkeldurr|67/100
|move|p2a: Conkeldurr|Knock Off|p1a: STAND ON BIZ
|-resisted|p1a: STAND ON BIZ
|-damage|p1a: STAND ON BIZ|21/100
|-enditem|p1a: STAND ON BIZ|Black Glasses|[from] move: Knock Off|[of] p2a: Conkeldurr
|
|-status|p2a: Conkeldurr|brn|[from] item: Flame Orb
|upkeep
|turn|14
|inactive|spicychickenman has 30 seconds left.
|
|t:|1779861025
|move|p2a: Conkeldurr|Mach Punch|p1a: STAND ON BIZ
|-supereffective|p1a: STAND ON BIZ
|-damage|p1a: STAND ON BIZ|0 fnt
|faint|p1a: STAND ON BIZ
|-end|p1a: STAND ON BIZ|fallen3|[silent]
|
|-damage|p2a: Conkeldurr|61/100 brn|[from] brn
|upkeep
|inactive|spicychickenman has 30 seconds left.
|
|t:|1779861032
|switch|p1a: CRASH OUT|Iron Valiant|100/100
|-enditem|p1a: CRASH OUT|Booster Energy
|-activate|p1a: CRASH OUT|ability: Quark Drive|[fromitem]
|-start|p1a: CRASH OUT|quarkdrivespe
|turn|15
|
|t:|1779861037
|move|p1a: CRASH OUT|Moonblast|p2a: Conkeldurr
|-supereffective|p2a: Conkeldurr
|-crit|p2a: Conkeldurr
|-damage|p2a: Conkeldurr|0 fnt
|faint|p2a: Conkeldurr
|
|upkeep
|
|t:|1779861049
|switch|p2a: Kingdra|Kingdra, F|100/100
|turn|16
|
|t:|1779861057
|move|p1a: CRASH OUT|Moonblast|p2a: Kingdra
|-supereffective|p2a: Kingdra
|-damage|p2a: Kingdra|0 fnt
|faint|p2a: Kingdra
|
|win|spicychickenman
|raw|spicychickenman's rating: 1382 &rarr; <strong>1402</strong><br />(+20 for winning)
|raw|critical_32's rating: 1386 &rarr; <strong>1366</strong><br />(-20 for losing)
|l|☆critical_32
|player|p2|
|l|☆spicychickenman
|player|p1|
