|j|☆dntedmon
|j|☆Carontrest
|t:|1779971622
|gametype|singles
|player|p1|dntedmon|steven|1104
|player|p2|Carontrest|hiker-gen4|1089
|gen|9
|tier|[Gen 9] OU
|rated|
|rule|HP Percentage Mod: HP is shown in percentages
|rule|Endless Battle Clause: Forcing endless battles is banned
|rule|Species Clause: Limit one of each Pokémon
|rule|OHKO Clause: OHKO moves are banned
|rule|Evasion Items Clause: Evasion items are banned
|rule|Evasion Moves Clause: Evasion moves are banned
|rule|Evasion Abilities Clause: Evasion abilities are banned
|rule|Sleep Moves Clause: Sleep-inducing moves are banned
|clearpoke
|poke|p1|Gallade, M|
|poke|p1|Swampert, F|
|poke|p1|Salamence, M|
|poke|p1|Breloom, M|
|poke|p1|Flygon, F|
|poke|p1|Dusclops, M|
|poke|p2|Garganacl, F|
|poke|p2|Gliscor, M|
|poke|p2|Dragonite, F|
|poke|p2|Gholdengo|
|poke|p2|Slowking-Galar, M|
|poke|p2|Corviknight, F|
|teampreview
|inactive|Battle timer is ON: inactive players will automatically lose when time's up. (requested by Carontrest)
|
|t:|1779971632
|teamsize|p1|6
|teamsize|p2|6
|start
|switch|p1a: Dusclops|Dusclops, M, shiny|100/100
|switch|p2a: Sal|Garganacl, F|100/100
|-ability|p1a: Dusclops|Pressure
|turn|1
|
|t:|1779971643
|move|p2a: Sal|Curse|p2a: Sal
|-unboost|p2a: Sal|spe|1
|-boost|p2a: Sal|atk|1
|-boost|p2a: Sal|def|1
|move|p1a: Dusclops|Ice Beam|p2a: Sal
|-damage|p2a: Sal|93/100
|
|-heal|p2a: Sal|99/100|[from] item: Leftovers
|upkeep
|turn|2
|
|t:|1779971650
|switch|p1a: Gallade|Gallade, M|100/100
|move|p2a: Sal|Curse|p2a: Sal
|-unboost|p2a: Sal|spe|1
|-boost|p2a: Sal|atk|1
|-boost|p2a: Sal|def|1
|
|-heal|p2a: Sal|100/100|[from] item: Leftovers
|upkeep
|turn|3
|
|t:|1779971660
|move|p2a: Sal|Protect|p2a: Sal
|-singleturn|p2a: Sal|Protect
|move|p1a: Gallade|Sacred Sword|p2a: Sal
|-activate|p2a: Sal|move: Protect
|
|upkeep
|turn|4
|
|t:|1779971670
|move|p1a: Gallade|Sacred Sword|p2a: Sal
|-supereffective|p2a: Sal
|-damage|p2a: Sal|0 fnt
|faint|p2a: Sal
|
|upkeep
|
|t:|1779971682
|switch|p2a: Mbappé|Gholdengo|100/100
|turn|5
|
|t:|1779971686
|switch|p1a: Dusclops|Dusclops, M, shiny|100/100
|-ability|p1a: Dusclops|Pressure
|move|p2a: Mbappé|Shadow Ball|p1a: Dusclops
|-supereffective|p1a: Dusclops
|-damage|p1a: Dusclops|40/100
|-unboost|p1a: Dusclops|spd|1
|
|upkeep
|turn|6
|
|t:|1779971688
|move|p2a: Mbappé|Shadow Ball|p1a: Dusclops
|-supereffective|p1a: Dusclops
|-damage|p1a: Dusclops|0 fnt
|faint|p1a: Dusclops
|
|upkeep
|
|t:|1779971691
|switch|p1a: Ajolote|Swampert, F, shiny|100/100
|turn|7
|
|t:|1779971717
|switch|p2a: Cayetaniko|Dragonite, F|100/100
|move|p1a: Ajolote|Earthquake|p2a: Cayetaniko
|-immune|p2a: Cayetaniko
|
|upkeep
|turn|8
|
|t:|1779971731
|switch|p1a: Flygon|Flygon, F|100/100
|move|p2a: Cayetaniko|Dragon Dance|p2a: Cayetaniko
|-boost|p2a: Cayetaniko|atk|1
|-boost|p2a: Cayetaniko|spe|1
|
|upkeep
|turn|9
|
|t:|1779971735
|-terastallize|p2a: Cayetaniko|Normal
|move|p2a: Cayetaniko|Dragon Dance|p2a: Cayetaniko
|-boost|p2a: Cayetaniko|atk|1
|-boost|p2a: Cayetaniko|spe|1
|move|p1a: Flygon|Outrage|p2a: Cayetaniko
|-damage|p2a: Cayetaniko|70/100
|
|upkeep
|turn|10
|
|t:|1779971740
|move|p2a: Cayetaniko|Dragon Dance|p2a: Cayetaniko
|-boost|p2a: Cayetaniko|atk|1
|-boost|p2a: Cayetaniko|spe|1
|move|p1a: Flygon|Outrage|p2a: Cayetaniko|[from] lockedmove
|-damage|p2a: Cayetaniko|16/100
|-start|p1a: Flygon|confusion|[fatigue]
|
|upkeep
|turn|11
|
|t:|1779971745
|move|p2a: Cayetaniko|Extreme Speed|p1a: Flygon
|-damage|p1a: Flygon|0 fnt
|faint|p1a: Flygon
|
|upkeep
|
|t:|1779971747
|switch|p1a: Broloom|Breloom, M, shiny|100/100
|turn|12
|
|t:|1779971753
|-terastallize|p1a: Broloom|Ghost
|move|p1a: Broloom|Mach Punch|p2a: Cayetaniko
|-supereffective|p2a: Cayetaniko
|-damage|p2a: Cayetaniko|0 fnt
|faint|p2a: Cayetaniko
|
|upkeep
|
|t:|1779971760
|switch|p2a: Mbappé|Gholdengo|100/100
|turn|13
|
|t:|1779971763
|switch|p1a: Ajolote|Swampert, F, shiny|100/100
|move|p2a: Mbappé|Shadow Ball|p1a: Ajolote
|-damage|p1a: Ajolote|61/100
|
|upkeep
|turn|14
|
|t:|1779971768
|switch|p2a: Guaña guaña|Corviknight, F|100/100
|-ability|p2a: Guaña guaña|Pressure
|move|p1a: Ajolote|Flip Turn|p2a: Guaña guaña
|-damage|p2a: Guaña guaña|72/100
|-damage|p1a: Ajolote|44/100|[from] item: Rocky Helmet|[of] p2a: Guaña guaña
|
|t:|1779971777
|switch|p1a: SalaMENACE|Salamence, M, shiny|100/100|[from] Flip Turn
|
|upkeep
|turn|15
|
|t:|1779971786
|move|p1a: SalaMENACE|Temper Flare|p2a: Guaña guaña
|-supereffective|p2a: Guaña guaña
|-damage|p2a: Guaña guaña|16/100
|-damage|p1a: SalaMENACE|84/100|[from] item: Rocky Helmet|[of] p2a: Guaña guaña
|move|p2a: Guaña guaña|U-turn|p1a: SalaMENACE
|-resisted|p1a: SalaMENACE
|-damage|p1a: SalaMENACE|76/100
|
|t:|1779971789
|switch|p2a: Eduardo|Gliscor, M|100/100|[from] U-turn
|
|-status|p2a: Eduardo|tox|[from] item: Toxic Orb
|upkeep
|turn|16
|
|t:|1779971797
|move|p1a: SalaMENACE|Temper Flare|p2a: Eduardo
|-damage|p2a: Eduardo|63/100 tox
|move|p2a: Eduardo|Toxic|p1a: SalaMENACE
|-status|p1a: SalaMENACE|tox
|
|-damage|p1a: SalaMENACE|70/100 tox|[from] psn
|-heal|p2a: Eduardo|75/100 tox|[from] ability: Poison Heal
|upkeep
|turn|17
|
|t:|1779971805
|switch|p1a: Ajolote|Swampert, F, shiny|44/100
|move|p2a: Eduardo|Knock Off|p1a: Ajolote
|-damage|p1a: Ajolote|22/100
|-enditem|p1a: Ajolote|Choice Band|[from] move: Knock Off|[of] p2a: Eduardo
|
|-heal|p2a: Eduardo|88/100 tox|[from] ability: Poison Heal
|upkeep
|turn|18
|
|t:|1779971814
|move|p2a: Eduardo|Knock Off|p1a: Ajolote
|-damage|p1a: Ajolote|7/100
|move|p1a: Ajolote|Ice Punch|p2a: Eduardo
|-supereffective|p2a: Eduardo
|-damage|p2a: Eduardo|7/100 tox
|
|-heal|p2a: Eduardo|20/100 tox|[from] ability: Poison Heal
|upkeep
|turn|19
|
|t:|1779971819
|move|p2a: Eduardo|Knock Off|p1a: Ajolote
|-damage|p1a: Ajolote|0 fnt
|faint|p1a: Ajolote
|
|-heal|p2a: Eduardo|32/100 tox|[from] ability: Poison Heal
|upkeep
|
|t:|1779971824
|switch|p1a: Gallade|Gallade, M|100/100
|turn|20
|
|t:|1779971829
|move|p2a: Eduardo|Protect|p2a: Eduardo
|-singleturn|p2a: Eduardo|Protect
|move|p1a: Gallade|Psycho Cut|p2a: Eduardo
|-activate|p2a: Eduardo|move: Protect
|
|-heal|p2a: Eduardo|45/100 tox|[from] ability: Poison Heal
|upkeep
|turn|21
|
|t:|1779971835
|switch|p2a: Felipez350|Slowking-Galar, M|100/100
|move|p1a: Gallade|Psycho Cut|p2a: Felipez350
|-damage|p2a: Felipez350|7/100
|
|upkeep
|turn|22
|
|t:|1779971840
|move|p1a: Gallade|Psycho Cut|p2a: Felipez350
|-damage|p2a: Felipez350|0 fnt
|faint|p2a: Felipez350
|
|upkeep
|
|t:|1779971847
|switch|p2a: Mbappé|Gholdengo|100/100
|turn|23
|
|t:|1779971851
|move|p2a: Mbappé|Shadow Ball|p1a: Gallade
|-supereffective|p1a: Gallade
|-damage|p1a: Gallade|3/100
|move|p1a: Gallade|Psycho Cut|p2a: Mbappé
|-resisted|p2a: Mbappé
|-damage|p2a: Mbappé|51/100
|
|upkeep
|turn|24
|
|t:|1779971858
|switch|p1a: SalaMENACE|Salamence, M, shiny|70/100 tox
|move|p2a: Mbappé|Shadow Ball|p1a: SalaMENACE
|-damage|p1a: SalaMENACE|20/100 tox
|-unboost|p1a: SalaMENACE|spd|1
|
|-damage|p1a: SalaMENACE|14/100 tox|[from] psn
|upkeep
|turn|25
|
|t:|1779971862
|move|p2a: Mbappé|Shadow Ball|p1a: SalaMENACE
|-damage|p1a: SalaMENACE|0 fnt
|faint|p1a: SalaMENACE
|
|upkeep
|
|t:|1779971866
|switch|p1a: Broloom|Breloom, M, shiny, tera:Ghost|100/100
|turn|26
|c|☆Carontrest|GG EZ
|
|t:|1779971873
|move|p2a: Mbappé|Shadow Ball|p1a: Broloom
|-supereffective|p1a: Broloom
|-damage|p1a: Broloom|0 fnt
|faint|p1a: Broloom
|
|upkeep
|
|t:|1779971876
|switch|p1a: Gallade|Gallade, M|3/100
|turn|27
|
|t:|1779971879
|move|p2a: Mbappé|Shadow Ball|p1a: Gallade
|-supereffective|p1a: Gallade
|-damage|p1a: Gallade|0 fnt
|faint|p1a: Gallade
|
|win|Carontrest
|raw|dntedmon's rating: 1104 &rarr; <strong>1078</strong><br />(-26 for losing)
|raw|Carontrest's rating: 1089 &rarr; <strong>1117</strong><br />(+28 for winning)
|l|☆dntedmon
|player|p1|
|l|☆Carontrest
|player|p2|
