|j|☆smallville method
|j|☆nwalesu
|t:|1779965186
|gametype|singles
|player|p1|smallville method|bugcatcher-gen4dp|1528
|player|p2|nwalesu|pokemaniac|1548
|gen|9
|tier|[Gen 9] OU
|rated|
|rule|HP Percentage Mod: HP is shown in percentages
|rule|Endless Battle Clause: Forcing endless battles is banned
|rule|Species Clause: Limit one of each Pokémon
|rule|OHKO Clause: OHKO moves are banned
|rule|Evasion Items Clause: Evasion items are banned
|rule|Evasion Moves Clause: Evasion moves are banned
|rule|Evasion Abilities Clause: Evasion abilities are banned
|rule|Sleep Moves Clause: Sleep-inducing moves are banned
|clearpoke
|poke|p1|Glimmora, F|
|poke|p1|Deoxys-Speed|
|poke|p1|Zamazenta-*|
|poke|p1|Moltres-Galar|
|poke|p1|Ceruledge, M|
|poke|p1|Manaphy|
|poke|p2|Dragapult, F|
|poke|p2|Rotom-Heat|
|poke|p2|Clodsire, F|
|poke|p2|Mandibuzz, F|
|poke|p2|Dragonite, F|
|poke|p2|Iron Valiant|
|teampreview
|inactive|Battle timer is ON: inactive players will automatically lose when time's up. (requested by smallville method)
|inactive|nwalesu also wants the timer to be on.
|
|t:|1779965212
|teamsize|p1|6
|teamsize|p2|6
|start
|switch|p1a: Glimmora|Glimmora, F|100/100
|switch|p2a: Drippy|Dragapult, F|100/100
|turn|1
|
|t:|1779965217
|switch|p2a: Clodsire|Clodsire, F|100/100
|move|p1a: Glimmora|Meteor Beam||[still]
|-prepare|p1a: Glimmora|Meteor Beam
|-boost|p1a: Glimmora|spa|1
|-enditem|p1a: Glimmora|Power Herb
|-anim|p1a: Glimmora|Meteor Beam|p2a: Clodsire|[miss]
|-miss|p1a: Glimmora|p2a: Clodsire
|
|upkeep
|turn|2
|
|t:|1779965221
|move|p1a: Glimmora|Earth Power|p2a: Clodsire
|-supereffective|p2a: Clodsire
|-damage|p2a: Clodsire|51/100
|move|p2a: Clodsire|Earthquake|p1a: Glimmora
|-supereffective|p1a: Glimmora
|-damage|p1a: Glimmora|0 fnt
|-activate|p1a: Glimmora|ability: Toxic Debris
|-sidestart|p2: nwalesu|move: Toxic Spikes
|faint|p1a: Glimmora
|
|-heal|p2a: Clodsire|57/100|[from] item: Black Sludge
|upkeep
|
|t:|1779965237
|switch|p1a: Manaphy|Manaphy|100/100
|turn|3
|
|t:|1779965240
|move|p1a: Manaphy|Substitute|p1a: Manaphy
|-start|p1a: Manaphy|Substitute
|-damage|p1a: Manaphy|76/100
|move|p2a: Clodsire|Toxic||[still]
|-fail|p2a: Clodsire
|
|-heal|p1a: Manaphy|82/100|[from] item: Leftovers
|-heal|p2a: Clodsire|63/100|[from] item: Black Sludge
|upkeep
|turn|4
|inactive|smallville method has 120 seconds left.
|
|t:|1779965283
|switch|p2a: Drippy|Dragapult, F|100/100
|move|p1a: Manaphy|Tail Glow|p1a: Manaphy
|-boost|p1a: Manaphy|spa|3
|
|-heal|p1a: Manaphy|88/100|[from] item: Leftovers
|upkeep
|turn|5
|
|t:|1779965287
|-terastallize|p1a: Manaphy|Fairy
|move|p2a: Drippy|Dragon Darts|p1a: Manaphy
|-immune|p1a: Manaphy
|move|p1a: Manaphy|Alluring Voice|p2a: Drippy
|-supereffective|p2a: Drippy
|-damage|p2a: Drippy|0 fnt
|faint|p2a: Drippy
|
|-heal|p1a: Manaphy|94/100|[from] item: Leftovers
|upkeep
|
|t:|1779965292
|switch|p2a: Clodsire|Clodsire, F|63/100
|-sideend|p2: nwalesu|move: Toxic Spikes|[of] p2a: Clodsire
|turn|6
|
|t:|1779965294
|move|p1a: Manaphy|Surf|p2a: Clodsire
|-heal|p2a: Clodsire|88/100|[from] ability: Water Absorb|[of] p1a: Manaphy
|move|p2a: Clodsire|Earthquake|p1a: Manaphy
|-crit|p1a: Manaphy
|-end|p1a: Manaphy|Substitute
|
|-heal|p1a: Manaphy|99/100|[from] item: Leftovers
|-heal|p2a: Clodsire|94/100|[from] item: Black Sludge
|upkeep
|turn|7
|
|t:|1779965300
|move|p1a: Manaphy|Alluring Voice|p2a: Clodsire
|-resisted|p2a: Clodsire
|-damage|p2a: Clodsire|69/100
|move|p2a: Clodsire|Earthquake|p1a: Manaphy
|-damage|p1a: Manaphy|71/100
|
|-heal|p1a: Manaphy|77/100|[from] item: Leftovers
|-heal|p2a: Clodsire|75/100|[from] item: Black Sludge
|upkeep
|turn|8
|
|t:|1779965304
|move|p1a: Manaphy|Substitute|p1a: Manaphy
|-start|p1a: Manaphy|Substitute
|-damage|p1a: Manaphy|52/100
|move|p2a: Clodsire|Toxic||[still]
|-fail|p2a: Clodsire
|
|-heal|p1a: Manaphy|58/100|[from] item: Leftovers
|-heal|p2a: Clodsire|81/100|[from] item: Black Sludge
|upkeep
|turn|9
|
|t:|1779965306
|move|p1a: Manaphy|Alluring Voice|p2a: Clodsire
|-resisted|p2a: Clodsire
|-damage|p2a: Clodsire|57/100
|move|p2a: Clodsire|Earthquake|p1a: Manaphy
|-activate|p1a: Manaphy|move: Substitute|[damage]
|
|-heal|p1a: Manaphy|64/100|[from] item: Leftovers
|-heal|p2a: Clodsire|63/100|[from] item: Black Sludge
|upkeep
|turn|10
|
|t:|1779965310
|move|p1a: Manaphy|Tail Glow|p1a: Manaphy
|-boost|p1a: Manaphy|spa|3
|move|p2a: Clodsire|Recover|p2a: Clodsire
|-heal|p2a: Clodsire|100/100
|
|-heal|p1a: Manaphy|71/100|[from] item: Leftovers
|upkeep
|turn|11
|
|t:|1779965314
|move|p1a: Manaphy|Alluring Voice|p2a: Clodsire
|-resisted|p2a: Clodsire
|-damage|p2a: Clodsire|63/100
|move|p2a: Clodsire|Earthquake|p1a: Manaphy
|-end|p1a: Manaphy|Substitute
|
|-heal|p1a: Manaphy|77/100|[from] item: Leftovers
|-heal|p2a: Clodsire|69/100|[from] item: Black Sludge
|upkeep
|turn|12
|
|t:|1779965318
|move|p1a: Manaphy|Alluring Voice|p2a: Clodsire
|-resisted|p2a: Clodsire
|-damage|p2a: Clodsire|35/100
|move|p2a: Clodsire|Earthquake|p1a: Manaphy
|-damage|p1a: Manaphy|52/100
|
|-heal|p1a: Manaphy|58/100|[from] item: Leftovers
|-heal|p2a: Clodsire|41/100|[from] item: Black Sludge
|upkeep
|turn|13
|
|t:|1779965322
|move|p1a: Manaphy|Substitute|p1a: Manaphy
|-start|p1a: Manaphy|Substitute
|-damage|p1a: Manaphy|33/100
|move|p2a: Clodsire|Recover|p2a: Clodsire
|-heal|p2a: Clodsire|91/100
|
|-heal|p1a: Manaphy|39/100|[from] item: Leftovers
|-heal|p2a: Clodsire|97/100|[from] item: Black Sludge
|upkeep
|turn|14
|
|t:|1779965324
|move|p1a: Manaphy|Alluring Voice|p2a: Clodsire
|-resisted|p2a: Clodsire
|-damage|p2a: Clodsire|63/100
|move|p2a: Clodsire|Earthquake|p1a: Manaphy
|-end|p1a: Manaphy|Substitute
|
|-heal|p1a: Manaphy|45/100|[from] item: Leftovers
|-heal|p2a: Clodsire|69/100|[from] item: Black Sludge
|upkeep
|turn|15
|
|t:|1779965328
|move|p1a: Manaphy|Alluring Voice|p2a: Clodsire
|-resisted|p2a: Clodsire
|-damage|p2a: Clodsire|34/100
|move|p2a: Clodsire|Earthquake|p1a: Manaphy
|-damage|p1a: Manaphy|16/100
|
|-heal|p1a: Manaphy|22/100|[from] item: Leftovers
|-heal|p2a: Clodsire|40/100|[from] item: Black Sludge
|upkeep
|turn|16
|
|t:|1779965332
|move|p1a: Manaphy|Alluring Voice|p2a: Clodsire
|-resisted|p2a: Clodsire
|-damage|p2a: Clodsire|5/100
|move|p2a: Clodsire|Earthquake|p1a: Manaphy
|-damage|p1a: Manaphy|0 fnt
|faint|p1a: Manaphy
|
|-heal|p2a: Clodsire|12/100|[from] item: Black Sludge
|upkeep
|
|t:|1779965336
|switch|p1a: Moltres|Moltres-Galar|100/100
|turn|17
|
|t:|1779965342
|switch|p2a: Cookie maker|Rotom-Heat|100/100
|move|p1a: Moltres|Fiery Wrath|p2a: Cookie maker
|-damage|p2a: Cookie maker|58/100
|
|upkeep
|turn|18
|
|t:|1779965357
|move|p1a: Moltres|Nasty Plot|p1a: Moltres
|-boost|p1a: Moltres|spa|2
|move|p2a: Cookie maker|Nasty Plot|p2a: Cookie maker
|-boost|p2a: Cookie maker|spa|2
|
|upkeep
|turn|19
|inactive|nwalesu has 120 seconds left.
|
|t:|1779965398
|switch|p2a: Iron Valiant|Iron Valiant|100/100
|-enditem|p2a: Iron Valiant|Booster Energy
|-activate|p2a: Iron Valiant|ability: Quark Drive|[fromitem]
|-start|p2a: Iron Valiant|quarkdrivespe
|move|p1a: Moltres|Fiery Wrath|p2a: Iron Valiant
|-resisted|p2a: Iron Valiant
|-damage|p2a: Iron Valiant|64/100
|
|upkeep
|turn|20
|
|t:|1779965406
|move|p2a: Iron Valiant|Encore|p1a: Moltres
|-start|p1a: Moltres|Encore
|move|p1a: Moltres|Fiery Wrath|p2a: Iron Valiant
|-resisted|p2a: Iron Valiant
|-damage|p2a: Iron Valiant|23/100
|
|upkeep
|turn|21
|
|t:|1779965410
|move|p2a: Iron Valiant|Moonblast|p1a: Moltres
|-supereffective|p1a: Moltres
|-damage|p1a: Moltres|21/100
|-unboost|p1a: Moltres|spa|1
|-ability|p1a: Moltres|Berserk|boost
|-boost|p1a: Moltres|spa|1
|-enditem|p1a: Moltres|Sitrus Berry|[eat]
|-heal|p1a: Moltres|46/100|[from] item: Sitrus Berry
|move|p1a: Moltres|Fiery Wrath|p2a: Iron Valiant
|-resisted|p2a: Iron Valiant
|-damage|p2a: Iron Valiant|0 fnt
|faint|p2a: Iron Valiant
|-end|p2a: Iron Valiant|Quark Drive|[silent]
|
|upkeep
|inactive|nwalesu has 120 seconds left.
|
|t:|1779965423
|switch|p2a: Mandibuzz|Mandibuzz, F|100/100
|turn|22
|
|t:|1779965424
|move|p1a: Moltres|Fiery Wrath|p2a: Mandibuzz
|-resisted|p2a: Mandibuzz
|-damage|p2a: Mandibuzz|63/100
|move|p2a: Mandibuzz|U-turn|p1a: Moltres
|-damage|p1a: Moltres|34/100
|
|t:|1779965432
|switch|p2a: Dragonite|Dragonite, F|100/100|[from] U-turn
|
|-end|p1a: Moltres|Encore
|upkeep
|turn|23
|
|t:|1779965455
|move|p2a: Dragonite|Extreme Speed|p1a: Moltres
|-damage|p1a: Moltres|0 fnt
|faint|p1a: Moltres
|
|upkeep
|
|t:|1779965460
|switch|p1a: Zamazenta|Zamazenta|100/100
|-ability|p1a: Zamazenta|Dauntless Shield|boost
|-boost|p1a: Zamazenta|def|1
|turn|24
|
|t:|1779965467
|switch|p2a: Clodsire|Clodsire, F|12/100
|move|p1a: Zamazenta|Iron Defense|p1a: Zamazenta
|-boost|p1a: Zamazenta|def|2
|
|-heal|p2a: Clodsire|18/100|[from] item: Black Sludge
|upkeep
|turn|25
|
|t:|1779965495
|move|p1a: Zamazenta|Body Press|p2a: Clodsire
|-resisted|p2a: Clodsire
|-damage|p2a: Clodsire|0 fnt
|faint|p2a: Clodsire
|
|upkeep
|-message|nwalesu forfeited.
|
|win|smallville method
|raw|smallville method's rating: 1486 &rarr; <strong>1510</strong><br />(+24 for winning)
|raw|nwalesu's rating: 1548 &rarr; <strong>1524</strong><br />(-24 for losing)
|l|☆nwalesu
|player|p2|
|l|☆smallville method
|player|p1|
