|j|☆Enma(DC)
|j|☆gvgvjvfcgv
|t:|1779811330
|gametype|singles
|player|p1|Enma(DC)|lusamine-nihilego|1145
|player|p2|gvgvjvfcgv|170|1177
|gen|9
|tier|[Gen 9] OU
|rated|
|rule|HP Percentage Mod: HP is shown in percentages
|rule|Endless Battle Clause: Forcing endless battles is banned
|rule|Species Clause: Limit one of each Pokémon
|rule|OHKO Clause: OHKO moves are banned
|rule|Evasion Items Clause: Evasion items are banned
|rule|Evasion Moves Clause: Evasion moves are banned
|rule|Evasion Abilities Clause: Evasion abilities are banned
|rule|Sleep Moves Clause: Sleep-inducing moves are banned
|clearpoke
|poke|p1|Samurott-Hisui, F|
|poke|p1|Deoxys-Speed|
|poke|p1|Ogerpon-Wellspring, F|
|poke|p1|Great Tusk|
|poke|p1|Pecharunt|
|poke|p1|Heatran, M|
|poke|p2|Dragonite, M|
|poke|p2|Clefable, F|
|poke|p2|Moltres|
|poke|p2|Haunter, F|
|poke|p2|Gengar, F|
|poke|p2|Golem, M|
|teampreview
|inactive|Battle timer is ON: inactive players will automatically lose when time's up. (requested by Enma(DC))
|
|t:|1779811337
|teamsize|p1|6
|teamsize|p2|6
|start
|switch|p1a: Old Ant|Samurott-Hisui, F|100/100
|switch|p2a: Golem|Golem, M|100/100
|turn|1
|
|t:|1779811343
|-terastallize|p2a: Golem|Normal
|move|p1a: Old Ant|Ceaseless Edge|p2a: Golem
|-damage|p2a: Golem|62/100
|-sidestart|p2: gvgvjvfcgv|Spikes
|move|p2a: Golem|Explosion|p1a: Old Ant
|-damage|p1a: Old Ant|0 fnt
|faint|p2a: Golem
|faint|p1a: Old Ant
|
|upkeep
|
|t:|1779811355
|switch|p1a: Mamoth|Great Tusk|100/100
|switch|p2a: Big bro|Gengar, F|100/100
|-damage|p2a: Big bro|88/100|[from] Spikes
|-enditem|p1a: Mamoth|Booster Energy
|-activate|p1a: Mamoth|ability: Protosynthesis|[fromitem]
|-start|p1a: Mamoth|protosynthesisspe
|turn|2
|
|t:|1779811363
|move|p2a: Big bro|Destiny Bond|p2a: Big bro
|-singlemove|p2a: Big bro|Destiny Bond
|move|p1a: Mamoth|Stealth Rock|p2a: Big bro
|-sidestart|p2: gvgvjvfcgv|move: Stealth Rock
|
|upkeep
|turn|3
|
|t:|1779811376
|switch|p2a: Moltres|Moltres|100/100
|move|p1a: Mamoth|Headlong Rush|p2a: Moltres
|-immune|p2a: Moltres
|
|upkeep
|turn|4
|
|t:|1779811387
|-end|p1a: Mamoth|Protosynthesis|[silent]
|switch|p1a: Peachy|Pecharunt|100/100
|move|p2a: Moltres|Roar|p1a: Peachy
|drag|p1a: Airon Defense|Heatran, M|100/100
|
|upkeep
|turn|5
|
|t:|1779811399
|switch|p2a: Dragonite|Dragonite, M|100/100
|move|p1a: Airon Defense|Dragon Pulse|p2a: Dragonite
|-supereffective|p2a: Dragonite
|-crit|p2a: Dragonite
|-damage|p2a: Dragonite|48/100
|
|upkeep
|turn|6
|
|t:|1779811405
|move|p2a: Dragonite|Earthquake|p1a: Airon Defense
|-supereffective|p1a: Airon Defense
|-damage|p1a: Airon Defense|0 fnt
|faint|p1a: Airon Defense
|
|upkeep
|
|t:|1779811412
|switch|p1a: Onyun|Ogerpon-Wellspring, F|100/100
|turn|7
|
|t:|1779811420
|move|p2a: Dragonite|Extreme Speed|p1a: Onyun
|-damage|p1a: Onyun|56/100
|move|p1a: Onyun|Play Rough|p2a: Dragonite|[miss]
|-miss|p1a: Onyun|p2a: Dragonite
|
|upkeep
|turn|8
|
|t:|1779811429
|move|p1a: Onyun|Spiky Shield|p1a: Onyun
|-singleturn|p1a: Onyun|move: Protect
|move|p2a: Dragonite|Extreme Speed|p1a: Onyun
|-activate|p1a: Onyun|move: Protect
|-damage|p2a: Dragonite|36/100|[from] Spiky Shield|[of] p1a: Onyun
|
|upkeep
|turn|9
|
|t:|1779811437
|move|p2a: Dragonite|Extreme Speed|p1a: Onyun
|-damage|p1a: Onyun|13/100
|move|p1a: Onyun|Play Rough|p2a: Dragonite
|-supereffective|p2a: Dragonite
|-damage|p2a: Dragonite|0 fnt
|faint|p2a: Dragonite
|
|upkeep
|
|t:|1779811449
|switch|p2a: Big bro|Gengar, F|88/100
|-damage|p2a: Big bro|76/100|[from] Spikes
|-damage|p2a: Big bro|64/100|[from] Stealth Rock
|turn|10
|
|t:|1779811455
|move|p2a: Big bro|Shadow Ball|p1a: Onyun
|-crit|p1a: Onyun
|-damage|p1a: Onyun|0 fnt
|faint|p1a: Onyun
|
|upkeep
|
|t:|1779811472
|switch|p1a: IShowSpeed|Deoxys-Speed|100/100
|-ability|p1a: IShowSpeed|Pressure
|turn|11
|
|t:|1779811480
|move|p2a: Big bro|Shadow Ball|p1a: IShowSpeed
|-supereffective|p1a: IShowSpeed
|-damage|p1a: IShowSpeed|0 fnt
|faint|p1a: IShowSpeed
|
|upkeep
|
|t:|1779811489
|switch|p1a: Peachy|Pecharunt|100/100
|turn|12
|
|t:|1779811497
|move|p2a: Big bro|Shadow Ball|p1a: Peachy
|-supereffective|p1a: Peachy
|-damage|p1a: Peachy|18/100
|move|p1a: Peachy|Hex|p2a: Big bro
|-supereffective|p2a: Big bro
|-damage|p2a: Big bro|0 fnt
|faint|p2a: Big bro
|
|-heal|p1a: Peachy|24/100|[from] item: Leftovers
|upkeep
|
|t:|1779811506
|switch|p2a: Lil bro|Haunter, F|100/100
|-damage|p2a: Lil bro|88/100|[from] Stealth Rock
|turn|13
|
|t:|1779811511
|move|p2a: Lil bro|Shadow Ball|p1a: Peachy
|-supereffective|p1a: Peachy
|-damage|p1a: Peachy|0 fnt
|faint|p1a: Peachy
|
|upkeep
|
|t:|1779811517
|switch|p1a: Mamoth|Great Tusk|100/100
|turn|14
|-message|Enma(DC) forfeited.
|
|win|gvgvjvfcgv
|raw|Enma(DC)'s rating: 1145 &rarr; <strong>1122</strong><br />(-23 for losing)
|raw|gvgvjvfcgv's rating: 1177 &rarr; <strong>1200</strong><br />(+23 for winning)
|l|☆Enma(DC)
|player|p1|
|l|☆gvgvjvfcgv
|player|p2|
