|j|☆dddzdddq
|j|☆SmurfVoutox
|t:|1779962808
|gametype|singles
|player|p1|dddzdddq|red|1481
|player|p2|SmurfVoutox|169|1387
|gen|9
|tier|[Gen 9] OU
|rated|
|rule|HP Percentage Mod: HP is shown in percentages
|rule|Endless Battle Clause: Forcing endless battles is banned
|rule|Species Clause: Limit one of each Pokémon
|rule|OHKO Clause: OHKO moves are banned
|rule|Evasion Items Clause: Evasion items are banned
|rule|Evasion Moves Clause: Evasion moves are banned
|rule|Evasion Abilities Clause: Evasion abilities are banned
|rule|Sleep Moves Clause: Sleep-inducing moves are banned
|clearpoke
|poke|p1|Hatterene, F|
|poke|p1|Farigiraf, M|
|poke|p1|Mimikyu, M|
|poke|p1|Slither Wing|
|poke|p1|Ursaluna, M|
|poke|p1|Torkoal, F|
|poke|p2|Darkrai|
|poke|p2|Great Tusk|
|poke|p2|Slowking-Galar, M|
|poke|p2|Dragonite, M|
|poke|p2|Iron Valiant|
|poke|p2|Corviknight, F|
|teampreview
|inactive|Battle timer is ON: inactive players will automatically lose when time's up. (requested by dddzdddq)
|
|t:|1779962831
|teamsize|p1|6
|teamsize|p2|6
|start
|switch|p1a: Slither Wing|Slither Wing|100/100
|switch|p2a: Great Tusk|Great Tusk|100/100
|turn|1
|
|t:|1779962838
|move|p2a: Great Tusk|Knock Off|p1a: Slither Wing
|-resisted|p1a: Slither Wing
|-damage|p1a: Slither Wing|85/100
|-enditem|p1a: Slither Wing|Choice Band|[from] move: Knock Off|[of] p2a: Great Tusk
|move|p1a: Slither Wing|Close Combat|p2a: Great Tusk
|-damage|p2a: Great Tusk|65/100
|-unboost|p1a: Slither Wing|def|1
|-unboost|p1a: Slither Wing|spd|1
|
|-heal|p2a: Great Tusk|71/100|[from] item: Leftovers
|upkeep
|turn|2
|
|t:|1779962848
|-end|p1a: Slither Wing|Protosynthesis|[silent]
|switch|p1a: Hatterene|Hatterene, F|100/100
|move|p2a: Great Tusk|Stealth Rock|p1a: Hatterene
|move|p1a: Hatterene|Stealth Rock|p2a: Great Tusk|[from] ability: Magic Bounce
|-sidestart|p2: SmurfVoutox|move: Stealth Rock
|
|-heal|p2a: Great Tusk|78/100|[from] item: Leftovers
|upkeep
|turn|3
|
|t:|1779962858
|move|p2a: Great Tusk|Rapid Spin|p1a: Hatterene
|-damage|p1a: Hatterene|83/100
|-boost|p2a: Great Tusk|spe|1
|-sideend|p2: SmurfVoutox|Stealth Rock|[from] move: Rapid Spin|[of] p2a: Great Tusk
|move|p1a: Hatterene|Trick Room|p1a: Hatterene
|-fieldstart|move: Trick Room|[of] p1a: Hatterene
|
|-heal|p2a: Great Tusk|84/100|[from] item: Leftovers
|upkeep
|turn|4
|
|t:|1779962867
|switch|p1a: Ursaluna|Ursaluna, M|100/100
|-end|p2a: Great Tusk|Protosynthesis|[silent]
|switch|p2a: Slowking|Slowking-Galar, M|100/100
|
|-status|p1a: Ursaluna|brn|[from] item: Flame Orb
|upkeep
|turn|5
|
|t:|1779962876
|switch|p2a: Corviknight|Corviknight, F|100/100
|-ability|p2a: Corviknight|Pressure
|move|p1a: Ursaluna|Facade|p2a: Corviknight
|-resisted|p2a: Corviknight
|-damage|p2a: Corviknight|63/100
|
|-heal|p2a: Corviknight|69/100|[from] item: Leftovers
|-damage|p1a: Ursaluna|94/100 brn|[from] brn
|upkeep
|turn|6
|
|t:|1779962892
|move|p1a: Ursaluna|Swords Dance|p1a: Ursaluna
|-boost|p1a: Ursaluna|atk|2
|move|p2a: Corviknight|Iron Defense|p2a: Corviknight
|-boost|p2a: Corviknight|def|2
|
|-heal|p2a: Corviknight|75/100|[from] item: Leftovers
|-damage|p1a: Ursaluna|88/100 brn|[from] brn
|upkeep
|turn|7
|
|t:|1779962901
|switch|p1a: Hatterene|Hatterene, F|83/100
|move|p2a: Corviknight|Roost|p2a: Corviknight
|-heal|p2a: Corviknight|100/100
|-singleturn|p2a: Corviknight|move: Roost
|
|-fieldend|move: Trick Room
|upkeep
|turn|8
|
|t:|1779962910
|move|p2a: Corviknight|Body Press|p1a: Hatterene
|-resisted|p1a: Hatterene
|-damage|p1a: Hatterene|67/100
|move|p1a: Hatterene|Trick Room|p1a: Hatterene
|-fieldstart|move: Trick Room|[of] p1a: Hatterene
|
|upkeep
|turn|9
|
|t:|1779962918
|move|p1a: Hatterene|Healing Wish|p1a: Hatterene
|faint|p1a: Hatterene
|move|p2a: Corviknight|Body Press|p1: Hatterene|[notarget]
|-fail|p2a: Corviknight
|
|upkeep
|
|t:|1779962922
|switch|p1a: Torkoal|Torkoal, F|100/100
|-weather|SunnyDay|[from] ability: Drought|[of] p1a: Torkoal
|turn|10
|
|t:|1779962928
|switch|p2a: Slowking|Slowking-Galar, M|100/100
|move|p1a: Torkoal|Eruption|p2a: Slowking
|-damage|p2a: Slowking|32/100
|
|-weather|SunnyDay|[upkeep]
|upkeep
|turn|11
|
|t:|1779962955
|switch|p2a: Dragonite|Dragonite, M|100/100
|move|p1a: Torkoal|Eruption|p2a: Dragonite
|-resisted|p2a: Dragonite
|-damage|p2a: Dragonite|63/100
|
|-weather|SunnyDay|[upkeep]
|upkeep
|turn|12
|
|t:|1779962965
|switch|p1a: Farigiraf|Farigiraf, M|100/100
|move|p2a: Dragonite|Extreme Speed||[still]
|cant|p1a: Farigiraf|ability: Armor Tail|Extreme Speed|[of] p2a: Dragonite
|
|-weather|SunnyDay|[upkeep]
|-fieldend|move: Trick Room
|upkeep
|turn|13
|
|t:|1779962974
|move|p2a: Dragonite|Earthquake|p1a: Farigiraf
|-crit|p1a: Farigiraf
|-damage|p1a: Farigiraf|38/100
|move|p1a: Farigiraf|Trick Room|p1a: Farigiraf
|-fieldstart|move: Trick Room|[of] p1a: Farigiraf
|
|-weather|SunnyDay|[upkeep]
|upkeep
|turn|14
|
|t:|1779962980
|move|p1a: Farigiraf|Hyper Voice|p2a: Dragonite
|-damage|p2a: Dragonite|15/100
|-enditem|p1a: Farigiraf|Throat Spray
|-boost|p1a: Farigiraf|spa|1|[from] item: Throat Spray
|move|p2a: Dragonite|Earthquake|p1a: Farigiraf
|-damage|p1a: Farigiraf|1/100
|
|-weather|none
|upkeep
|turn|15
|
|t:|1779962996
|move|p1a: Farigiraf|Shadow Ball|p2a: Dragonite
|-damage|p2a: Dragonite|0 fnt
|faint|p2a: Dragonite
|
|upkeep
|
|t:|1779963003
|switch|p2a: Slowking|Slowking-Galar, M|65/100
|turn|16
|
|t:|1779963011
|switch|p2a: Corviknight|Corviknight, F|100/100
|-ability|p2a: Corviknight|Pressure
|move|p1a: Farigiraf|Shadow Ball|p2a: Corviknight
|-damage|p2a: Corviknight|59/100
|
|-heal|p2a: Corviknight|65/100|[from] item: Leftovers
|upkeep
|turn|17
|
|t:|1779963023
|switch|p1a: Mimikyu|Mimikyu, M|100/100
|move|p2a: Corviknight|Roost|p2a: Corviknight
|-heal|p2a: Corviknight|100/100
|-singleturn|p2a: Corviknight|move: Roost
|
|-fieldend|move: Trick Room
|upkeep
|turn|18
|
|t:|1779963034
|switch|p1a: Farigiraf|Farigiraf, M|1/100
|-heal|p1a: Farigiraf|100/100|[from] move: Healing Wish
|move|p2a: Corviknight|U-turn|p1a: Farigiraf
|-supereffective|p1a: Farigiraf
|-damage|p1a: Farigiraf|68/100
|
|t:|1779963041
|switch|p2a: Darkrai|Darkrai|100/100|[from] U-turn
|
|upkeep
|turn|19
|
|t:|1779963048
|switch|p1a: Mimikyu|Mimikyu, M|100/100
|move|p2a: Darkrai|Dark Pulse|p1a: Mimikyu
|-activate|p1a: Mimikyu|ability: Disguise
|-damage|p1a: Mimikyu|100/100
|detailschange|p1a: Mimikyu|Mimikyu-Busted, M
|-damage|p1a: Mimikyu|88/100|[from] pokemon: Mimikyu-Busted
|
|upkeep
|turn|20
|
|t:|1779963058
|move|p2a: Darkrai|Dark Pulse|p1a: Mimikyu
|-damage|p1a: Mimikyu|24/100
|move|p1a: Mimikyu|Trick Room|p1a: Mimikyu
|-fieldstart|move: Trick Room|[of] p1a: Mimikyu
|
|upkeep
|turn|21
|
|t:|1779963067
|move|p1a: Mimikyu|Curse|p2a: Darkrai
|-start|p2a: Darkrai|Curse|[of] p1a: Mimikyu
|-damage|p1a: Mimikyu|0 fnt
|faint|p1a: Mimikyu
|move|p2a: Darkrai|Dark Pulse|p1: Mimikyu|[notarget]
|-fail|p2a: Darkrai
|
|-damage|p2a: Darkrai|76/100|[from] Curse
|upkeep
|
|t:|1779963070
|switch|p1a: Torkoal|Torkoal, F|100/100
|-weather|SunnyDay|[from] ability: Drought|[of] p1a: Torkoal
|turn|22
|
|t:|1779963085
|switch|p2a: Great Tusk|Great Tusk|84/100
|-activate|p2a: Great Tusk|ability: Protosynthesis
|-start|p2a: Great Tusk|protosynthesisdef
|move|p1a: Torkoal|Eruption|p2a: Great Tusk
|-damage|p2a: Great Tusk|0 fnt
|faint|p2a: Great Tusk
|-end|p2a: Great Tusk|Protosynthesis|[silent]
|
|-weather|SunnyDay|[upkeep]
|upkeep
|
|t:|1779963096
|switch|p2a: Slowking|Slowking-Galar, M|98/100
|turn|23
|
|t:|1779963101
|move|p1a: Torkoal|Eruption|p2a: Slowking
|-damage|p2a: Slowking|23/100
|move|p2a: Slowking|Sludge Bomb|p1a: Torkoal
|-damage|p1a: Torkoal|48/100
|-status|p1a: Torkoal|psn
|
|-weather|SunnyDay|[upkeep]
|-damage|p1a: Torkoal|36/100 psn|[from] psn
|upkeep
|turn|24
|
|t:|1779963118
|switch|p1a: Slither Wing|Slither Wing|85/100
|-activate|p1a: Slither Wing|ability: Protosynthesis
|-start|p1a: Slither Wing|protosynthesisatk
|switch|p2a: Iron Valiant|Iron Valiant|100/100
|-enditem|p2a: Iron Valiant|Booster Energy
|-activate|p2a: Iron Valiant|ability: Quark Drive|[fromitem]
|-start|p2a: Iron Valiant|quarkdrivespe
|
|-weather|SunnyDay|[upkeep]
|-fieldend|move: Trick Room
|upkeep
|turn|25
|
|t:|1779963131
|move|p2a: Iron Valiant|Moonblast|p1a: Slither Wing
|-supereffective|p1a: Slither Wing
|-damage|p1a: Slither Wing|1/100
|move|p1a: Slither Wing|Flare Blitz|p2a: Iron Valiant
|-damage|p2a: Iron Valiant|0 fnt
|faint|p2a: Iron Valiant
|-end|p2a: Iron Valiant|Quark Drive|[silent]
|-damage|p1a: Slither Wing|0 fnt|[from] Recoil
|faint|p1a: Slither Wing
|-end|p1a: Slither Wing|Protosynthesis|[silent]
|
|-weather|SunnyDay|[upkeep]
|upkeep
|
|t:|1779963144
|switch|p2a: Darkrai|Darkrai|76/100
|switch|p1a: Ursaluna|Ursaluna, M|88/100 brn
|turn|26
|l|☆dddzdddq
|inactive|dddzdddq disconnected and has a minute to reconnect!
|player|p1|
|inactive|dddzdddq has 30 seconds to reconnect!
|j|☆dddzdddq
|inactive|dddzdddq reconnected and has 90 seconds left.
|player|p1|dddzdddq|red|
|
|t:|1779963212
|move|p2a: Darkrai|Dark Pulse|p1a: Ursaluna
|-damage|p1a: Ursaluna|35/100 brn
|move|p1a: Ursaluna|Facade|p2a: Darkrai
|-damage|p2a: Darkrai|0 fnt
|faint|p2a: Darkrai
|
|-weather|none
|-damage|p1a: Ursaluna|29/100 brn|[from] brn
|upkeep
|
|t:|1779963223
|switch|p2a: Corviknight|Corviknight, F|100/100
|-ability|p2a: Corviknight|Pressure
|turn|27
|
|t:|1779963228
|switch|p1a: Farigiraf|Farigiraf, M|68/100
|move|p2a: Corviknight|Iron Defense|p2a: Corviknight
|-boost|p2a: Corviknight|def|2
|
|upkeep
|turn|28
|
|t:|1779963241
|-terastallize|p1a: Farigiraf|Ghost
|move|p2a: Corviknight|Body Press|p1a: Farigiraf
|-immune|p1a: Farigiraf
|move|p1a: Farigiraf|Trick Room|p1a: Farigiraf
|-fieldstart|move: Trick Room|[of] p1a: Farigiraf
|
|upkeep
|turn|29
|
|t:|1779963248
|move|p1a: Farigiraf|Nasty Plot|p1a: Farigiraf
|-boost|p1a: Farigiraf|spa|2
|move|p2a: Corviknight|U-turn|p1a: Farigiraf
|-resisted|p1a: Farigiraf
|-damage|p1a: Farigiraf|60/100
|
|t:|1779963254
|switch|p2a: Slowking|Slowking-Galar, M|56/100|[from] U-turn
|
|upkeep
|turn|30
|
|t:|1779963260
|-terastallize|p2a: Slowking|Water
|move|p2a: Slowking|Future Sight|p1a: Farigiraf
|-start|p2a: Slowking|move: Future Sight
|move|p1a: Farigiraf|Shadow Ball|p2a: Slowking
|-damage|p2a: Slowking|13/100
|-unboost|p2a: Slowking|spd|1
|
|upkeep
|turn|31
|
|t:|1779963268
|switch|p2a: Corviknight|Corviknight, F|100/100
|-ability|p2a: Corviknight|Pressure
|move|p1a: Farigiraf|Shadow Ball|p2a: Corviknight
|-damage|p2a: Corviknight|20/100
|
|-heal|p2a: Corviknight|26/100|[from] item: Leftovers
|upkeep
|turn|32
|
|t:|1779963279
|move|p1a: Farigiraf|Shadow Ball|p2a: Corviknight
|-damage|p2a: Corviknight|0 fnt
|faint|p2a: Corviknight
|
|-end|p1a: Farigiraf|move: Future Sight
|-damage|p1a: Farigiraf|5/100
|-fieldend|move: Trick Room
|upkeep
|
|t:|1779963287
|switch|p2a: Slowking|Slowking-Galar, M, tera:Water|46/100
|turn|33
|
|t:|1779963291
|move|p1a: Farigiraf|Hyper Voice|p2a: Slowking
|-damage|p2a: Slowking|4/100
|move|p2a: Slowking|Surf|p1a: Farigiraf
|-damage|p1a: Farigiraf|0 fnt
|faint|p1a: Farigiraf
|
|upkeep
|
|t:|1779963293
|switch|p1a: Ursaluna|Ursaluna, M|29/100 brn
|turn|34
|
|t:|1779963301
|move|p2a: Slowking|Surf|p1a: Ursaluna
|-supereffective|p1a: Ursaluna
|-damage|p1a: Ursaluna|0 fnt
|faint|p1a: Ursaluna
|
|upkeep
|
|t:|1779963303
|switch|p1a: Torkoal|Torkoal, F|36/100 psn
|-weather|SunnyDay|[from] ability: Drought|[of] p1a: Torkoal
|turn|35
|
|t:|1779963309
|move|p2a: Slowking|Surf|p1a: Torkoal
|-supereffective|p1a: Torkoal
|-damage|p1a: Torkoal|0 fnt
|faint|p1a: Torkoal
|
|win|SmurfVoutox
|raw|dddzdddq's rating: 1481 &rarr; <strong>1456</strong><br />(-25 for losing)
|raw|SmurfVoutox's rating: 1387 &rarr; <strong>1412</strong><br />(+25 for winning)
|l|☆dddzdddq
|player|p1|
|l|☆SmurfVoutox
|player|p2|
