|j|☆erwintheburwin
|j|☆Pedroelentrenador
|t:|1779917527
|gametype|singles
|player|p1|erwintheburwin|erika|1457
|player|p2|Pedroelentrenador|n|1411
|gen|9
|tier|[Gen 9] OU
|rated|
|rule|HP Percentage Mod: HP is shown in percentages
|rule|Endless Battle Clause: Forcing endless battles is banned
|rule|Species Clause: Limit one of each Pokémon
|rule|OHKO Clause: OHKO moves are banned
|rule|Evasion Items Clause: Evasion items are banned
|rule|Evasion Moves Clause: Evasion moves are banned
|rule|Evasion Abilities Clause: Evasion abilities are banned
|rule|Sleep Moves Clause: Sleep-inducing moves are banned
|clearpoke
|poke|p1|Zamazenta-*|
|poke|p1|Slowking-Galar, F|
|poke|p1|Dragonite, F|
|poke|p1|Ogerpon-Wellspring, F|
|poke|p1|Samurott-Hisui, F|
|poke|p1|Great Tusk|
|poke|p2|Hatterene, F|
|poke|p2|Slowbro, F|
|poke|p2|Ursaluna, M|
|poke|p2|Kingambit, M|
|poke|p2|Vikavolt, M|
|poke|p2|Toxapex, M|
|teampreview
|inactive|Battle timer is ON: inactive players will automatically lose when time's up. (requested by erwintheburwin)
|
|t:|1779917536
|teamsize|p1|6
|teamsize|p2|6
|start
|switch|p1a: ol’ lassie|Samurott-Hisui, F, shiny|100/100
|switch|p2a: Vikavolt|Vikavolt, M|100/100
|turn|1
|
|t:|1779917543
|move|p1a: ol’ lassie|Ceaseless Edge|p2a: Vikavolt
|-crit|p2a: Vikavolt
|-damage|p2a: Vikavolt|35/100
|-sidestart|p2: Pedroelentrenador|Spikes
|move|p2a: Vikavolt|Energy Ball|p1a: ol’ lassie
|-supereffective|p1a: ol’ lassie
|-enditem|p1a: ol’ lassie|Focus Sash
|-damage|p1a: ol’ lassie|1/100
|
|upkeep
|turn|2
|
|t:|1779917558
|move|p1a: ol’ lassie|Ceaseless Edge|p2a: Vikavolt
|-damage|p2a: Vikavolt|0 fnt
|-sidestart|p2: Pedroelentrenador|Spikes
|faint|p2a: Vikavolt
|
|upkeep
|
|t:|1779917564
|switch|p2a: Kingambit|Kingambit, M|100/100
|-damage|p2a: Kingambit|84/100|[from] Spikes
|-activate|p2a: Kingambit|ability: Supreme Overlord
|-start|p2a: Kingambit|fallen1|[silent]
|turn|3
|
|t:|1779917569
|move|p2a: Kingambit|Sucker Punch|p1a: ol’ lassie
|-resisted|p1a: ol’ lassie
|-damage|p1a: ol’ lassie|0 fnt
|faint|p1a: ol’ lassie
|
|upkeep
|
|t:|1779917572
|switch|p1a: jokerpon|Ogerpon-Wellspring, F|100/100
|turn|4
|
|t:|1779917578
|move|p1a: jokerpon|Encore|p2a: Kingambit
|-start|p2a: Kingambit|Encore
|move|p2a: Kingambit|Sucker Punch||[still]
|-fail|p2a: Kingambit
|
|upkeep
|turn|5
|
|t:|1779917584
|switch|p1a: snow :3|Slowking-Galar, F, shiny|100/100
|-end|p2a: Kingambit|fallen1|[silent]
|switch|p2a: Toxapex|Toxapex, M|100/100
|-damage|p2a: Toxapex|84/100|[from] Spikes
|
|-heal|p2a: Toxapex|90/100|[from] item: Black Sludge
|upkeep
|turn|6
|
|t:|1779917594
|switch|p2a: Kingambit|Kingambit, M|84/100
|-damage|p2a: Kingambit|67/100|[from] Spikes
|-activate|p2a: Kingambit|ability: Supreme Overlord
|-start|p2a: Kingambit|fallen1|[silent]
|-prepare|p1a: snow :3|Chilly Reception|[premajor]
|move|p1a: snow :3|Chilly Reception|p1a: snow :3
|-weather|Snowscape
|
|t:|1779917596
|switch|p1a: jokerpon|Ogerpon-Wellspring, F|100/100|[from] Chilly Reception
|
|-weather|Snowscape|[upkeep]
|upkeep
|turn|7
|
|t:|1779917610
|move|p1a: jokerpon|U-turn|p2a: Kingambit
|-damage|p2a: Kingambit|47/100
|
|t:|1779917612
|switch|p1a: walrus :3|Great Tusk, shiny|100/100|[from] U-turn
|move|p2a: Kingambit|Kowtow Cleave|p1a: walrus :3
|-resisted|p1a: walrus :3
|-damage|p1a: walrus :3|76/100
|-damage|p2a: Kingambit|30/100|[from] item: Rocky Helmet|[of] p1a: walrus :3
|
|-weather|Snowscape|[upkeep]
|upkeep
|turn|8
|
|t:|1779917627
|-end|p2a: Kingambit|fallen1|[silent]
|switch|p2a: Slowbro|Slowbro, F|100/100
|-damage|p2a: Slowbro|84/100|[from] Spikes
|move|p1a: walrus :3|Stealth Rock|p2a: Slowbro
|-sidestart|p2: Pedroelentrenador|move: Stealth Rock
|
|-weather|Snowscape|[upkeep]
|-heal|p2a: Slowbro|90/100|[from] item: Leftovers
|upkeep
|turn|9
|
|t:|1779917636
|-end|p1a: walrus :3|Protosynthesis|[silent]
|switch|p1a: jokerpon|Ogerpon-Wellspring, F|100/100
|move|p2a: Slowbro|Psychic Noise|p1a: jokerpon
|-damage|p1a: jokerpon|63/100
|-start|p1a: jokerpon|move: Heal Block
|
|-weather|Snowscape|[upkeep]
|-heal|p2a: Slowbro|96/100|[from] item: Leftovers
|upkeep
|turn|10
|
|t:|1779917647
|move|p1a: jokerpon|Ivy Cudgel|p2a: Slowbro|[anim] Ivy Cudgel Water
|-resisted|p2a: Slowbro
|-damage|p2a: Slowbro|76/100
|move|p2a: Slowbro|Trick Room|p2a: Slowbro
|-fieldstart|move: Trick Room|[of] p2a: Slowbro
|
|-weather|none
|-heal|p2a: Slowbro|82/100|[from] item: Leftovers
|-end|p1a: jokerpon|move: Heal Block
|upkeep
|turn|11
|
|t:|1779917659
|move|p2a: Slowbro|Psychic Noise|p1a: jokerpon
|-damage|p1a: jokerpon|27/100
|-start|p1a: jokerpon|move: Heal Block
|move|p1a: jokerpon|U-turn|p2a: Slowbro
|-supereffective|p2a: Slowbro
|-damage|p2a: Slowbro|39/100
|
|t:|1779917661
|switch|p1a: snow :3|Slowking-Galar, F, shiny|100/100|[from] U-turn
|
|-heal|p2a: Slowbro|45/100|[from] item: Leftovers
|upkeep
|turn|12
|
|t:|1779917675
|move|p2a: Slowbro|Hydro Pump|p1a: snow :3
|-damage|p1a: snow :3|71/100
|-prepare|p1a: snow :3|Chilly Reception|[premajor]
|move|p1a: snow :3|Chilly Reception|p1a: snow :3
|-weather|Snowscape
|
|t:|1779917681
|switch|p1a: jokerpon|Ogerpon-Wellspring, F|27/100|[from] Chilly Reception
|
|-weather|Snowscape|[upkeep]
|-heal|p2a: Slowbro|52/100|[from] item: Leftovers
|upkeep
|turn|13
|
|t:|1779917687
|switch|p1a: snow :3|Slowking-Galar, F, shiny|100/100
|move|p2a: Slowbro|Psychic Noise|p1a: snow :3
|-damage|p1a: snow :3|81/100
|-start|p1a: snow :3|move: Heal Block
|
|-weather|Snowscape|[upkeep]
|-heal|p2a: Slowbro|58/100|[from] item: Leftovers
|upkeep
|turn|14
|
|t:|1779917701
|switch|p2a: Toxapex|Toxapex, M|100/100
|-damage|p2a: Toxapex|84/100|[from] Spikes
|-damage|p2a: Toxapex|72/100|[from] Stealth Rock
|move|p1a: snow :3|Sludge Bomb|p2a: Toxapex
|-resisted|p2a: Toxapex
|-damage|p2a: Toxapex|57/100
|
|-weather|Snowscape|[upkeep]
|-heal|p2a: Toxapex|63/100|[from] item: Black Sludge
|-end|p1a: snow :3|move: Heal Block
|-fieldend|move: Trick Room
|upkeep
|turn|15
|
|t:|1779917713
|move|p2a: Toxapex|Recover|p2a: Toxapex
|-heal|p2a: Toxapex|100/100
|move|p1a: snow :3|Psychic Noise|p2a: Toxapex
|-supereffective|p2a: Toxapex
|-damage|p2a: Toxapex|57/100
|-start|p2a: Toxapex|move: Heal Block
|
|-weather|Snowscape|[upkeep]
|upkeep
|turn|16
|
|t:|1779917726
|switch|p2a: Kingambit|Kingambit, M|30/100
|-damage|p2a: Kingambit|13/100|[from] Spikes
|-damage|p2a: Kingambit|7/100|[from] Stealth Rock
|-activate|p2a: Kingambit|ability: Supreme Overlord
|-start|p2a: Kingambit|fallen1|[silent]
|-prepare|p1a: snow :3|Chilly Reception|[premajor]
|move|p1a: snow :3|Chilly Reception|p1a: snow :3
|
|t:|1779917728
|switch|p1a: jokerpon|Ogerpon-Wellspring, F|27/100|[from] Chilly Reception
|
|-weather|none
|upkeep
|turn|17
|
|t:|1779917739
|switch|p1a: walrus :3|Great Tusk, shiny|76/100
|move|p2a: Kingambit|Sucker Punch||[still]
|-fail|p2a: Kingambit
|
|upkeep
|turn|18
|
|t:|1779917753
|-end|p2a: Kingambit|fallen1|[silent]
|switch|p2a: Slowbro|Slowbro, F|91/100
|-damage|p2a: Slowbro|74/100|[from] Spikes
|-damage|p2a: Slowbro|62/100|[from] Stealth Rock
|move|p1a: walrus :3|Rapid Spin|p2a: Slowbro
|-damage|p2a: Slowbro|48/100
|-boost|p1a: walrus :3|spe|1
|
|-heal|p2a: Slowbro|55/100|[from] item: Leftovers
|upkeep
|turn|19
|
|t:|1779917765
|move|p1a: walrus :3|Headlong Rush|p2a: Slowbro
|-damage|p2a: Slowbro|10/100
|-unboost|p1a: walrus :3|def|1
|-unboost|p1a: walrus :3|spd|1
|move|p2a: Slowbro|Trick Room|p2a: Slowbro
|-fieldstart|move: Trick Room|[of] p2a: Slowbro
|
|-heal|p2a: Slowbro|16/100|[from] item: Leftovers
|upkeep
|turn|20
|
|t:|1779917774
|-end|p1a: walrus :3|Protosynthesis|[silent]
|switch|p1a: snow :3|Slowking-Galar, F, shiny|100/100
|move|p2a: Slowbro|Psychic Noise|p1a: snow :3
|-damage|p1a: snow :3|83/100
|-start|p1a: snow :3|move: Heal Block
|
|-heal|p2a: Slowbro|22/100|[from] item: Leftovers
|upkeep
|turn|21
|
|t:|1779917786
|switch|p2a: Hatterene|Hatterene, F|100/100
|-damage|p2a: Hatterene|84/100|[from] Spikes
|-damage|p2a: Hatterene|72/100|[from] Stealth Rock
|-prepare|p1a: snow :3|Chilly Reception|[premajor]
|move|p1a: snow :3|Chilly Reception|p1a: snow :3
|-weather|Snowscape
|
|t:|1779917790
|switch|p1a: jokerpon|Ogerpon-Wellspring, F|27/100|[from] Chilly Reception
|
|-weather|Snowscape|[upkeep]
|upkeep
|turn|22
|
|t:|1779917803
|move|p2a: Hatterene|Shadow Ball|p1a: jokerpon
|-damage|p1a: jokerpon|0 fnt
|faint|p1a: jokerpon
|
|-weather|Snowscape|[upkeep]
|upkeep
|
|t:|1779917806
|switch|p1a: snow :3|Slowking-Galar, F, shiny|100/100
|turn|23
|
|t:|1779917814
|move|p2a: Hatterene|Healing Wish|p2a: Hatterene
|faint|p2a: Hatterene
|move|p1a: snow :3|Sludge Bomb|p2: Hatterene|[notarget]
|-fail|p1a: snow :3
|
|-weather|Snowscape|[upkeep]
|-fieldend|move: Trick Room
|upkeep
|
|t:|1779917821
|switch|p2a: Kingambit|Kingambit, M|7/100
|-heal|p2a: Kingambit|100/100|[from] move: Healing Wish
|-damage|p2a: Kingambit|84/100|[from] Spikes
|-damage|p2a: Kingambit|78/100|[from] Stealth Rock
|-activate|p2a: Kingambit|ability: Supreme Overlord
|-start|p2a: Kingambit|fallen2|[silent]
|turn|24
|
|t:|1779917831
|switch|p1a: walrus :3|Great Tusk, shiny|76/100
|move|p2a: Kingambit|Iron Head|p1a: walrus :3
|-damage|p1a: walrus :3|36/100
|-damage|p2a: Kingambit|61/100|[from] item: Rocky Helmet|[of] p1a: walrus :3
|
|-weather|Snowscape|[upkeep]
|upkeep
|turn|25
|
|t:|1779917843
|-end|p2a: Kingambit|fallen2|[silent]
|switch|p2a: Ursaluna|Ursaluna, M|100/100
|-damage|p2a: Ursaluna|84/100|[from] Spikes
|-damage|p2a: Ursaluna|78/100|[from] Stealth Rock
|move|p1a: walrus :3|Headlong Rush|p2a: Ursaluna
|-damage|p2a: Ursaluna|34/100
|-unboost|p1a: walrus :3|def|1
|-unboost|p1a: walrus :3|spd|1
|
|-weather|none
|-status|p2a: Ursaluna|brn|[from] item: Flame Orb
|upkeep
|turn|26
|
|t:|1779917860
|move|p1a: walrus :3|Headlong Rush|p2a: Ursaluna
|-crit|p2a: Ursaluna
|-damage|p2a: Ursaluna|0 fnt
|-unboost|p1a: walrus :3|def|1
|-unboost|p1a: walrus :3|spd|1
|faint|p2a: Ursaluna
|
|upkeep
|
|t:|1779917873
|switch|p2a: Kingambit|Kingambit, M|61/100
|-damage|p2a: Kingambit|45/100|[from] Spikes
|-damage|p2a: Kingambit|38/100|[from] Stealth Rock
|-activate|p2a: Kingambit|ability: Supreme Overlord
|-start|p2a: Kingambit|fallen3|[silent]
|turn|27
|
|t:|1779917881
|-end|p1a: walrus :3|Protosynthesis|[silent]
|switch|p1a: zimmmy zammy|Zamazenta, shiny|100/100
|-ability|p1a: zimmmy zammy|Dauntless Shield|boost
|-boost|p1a: zimmmy zammy|def|1
|move|p2a: Kingambit|Sucker Punch||[still]
|-fail|p2a: Kingambit
|
|upkeep
|turn|28
|
|t:|1779917890
|-end|p2a: Kingambit|fallen3|[silent]
|switch|p2a: Slowbro|Slowbro, F|56/100
|-damage|p2a: Slowbro|39/100|[from] Spikes
|-damage|p2a: Slowbro|27/100|[from] Stealth Rock
|move|p1a: zimmmy zammy|Crunch|p2a: Slowbro
|-supereffective|p2a: Slowbro
|-damage|p2a: Slowbro|0 fnt
|faint|p2a: Slowbro
|
|upkeep
|
|t:|1779917901
|switch|p2a: Toxapex|Toxapex, M|90/100
|-damage|p2a: Toxapex|74/100|[from] Spikes
|-damage|p2a: Toxapex|61/100|[from] Stealth Rock
|turn|29
|
|t:|1779917906
|switch|p1a: walrus :3|Great Tusk, shiny|36/100
|move|p2a: Toxapex|Recover|p2a: Toxapex
|-heal|p2a: Toxapex|100/100
|
|upkeep
|turn|30
|
|t:|1779917915
|move|p2a: Toxapex|Baneful Bunker|p2a: Toxapex
|-singleturn|p2a: Toxapex|move: Protect
|move|p1a: walrus :3|Stealth Rock||[still]
|-fail|p1a: walrus :3
|
|upkeep
|turn|31
|
|t:|1779917925
|move|p1a: walrus :3|Headlong Rush|p2a: Toxapex
|-supereffective|p2a: Toxapex
|-damage|p2a: Toxapex|27/100
|-unboost|p1a: walrus :3|def|1
|-unboost|p1a: walrus :3|spd|1
|move|p2a: Toxapex|Recover|p2a: Toxapex
|-heal|p2a: Toxapex|77/100
|
|-heal|p2a: Toxapex|84/100|[from] item: Black Sludge
|upkeep
|turn|32
|
|t:|1779917936
|move|p2a: Toxapex|Baneful Bunker|p2a: Toxapex
|-singleturn|p2a: Toxapex|move: Protect
|move|p1a: walrus :3|Headlong Rush|p2a: Toxapex
|-activate|p2a: Toxapex|move: Protect
|-status|p1a: walrus :3|psn
|
|-heal|p2a: Toxapex|90/100|[from] item: Black Sludge
|-damage|p1a: walrus :3|23/100 psn|[from] psn
|upkeep
|turn|33
|
|t:|1779917951
|move|p1a: walrus :3|Headlong Rush|p2a: Toxapex
|-supereffective|p2a: Toxapex
|-damage|p2a: Toxapex|8/100
|-unboost|p1a: walrus :3|def|1
|-unboost|p1a: walrus :3|spd|1
|move|p2a: Toxapex|Recover|p2a: Toxapex
|-heal|p2a: Toxapex|58/100
|
|-heal|p2a: Toxapex|65/100|[from] item: Black Sludge
|-damage|p1a: walrus :3|11/100 psn|[from] psn
|upkeep
|turn|34
|
|t:|1779917962
|move|p2a: Toxapex|Baneful Bunker|p2a: Toxapex
|-singleturn|p2a: Toxapex|move: Protect
|move|p1a: walrus :3|Headlong Rush|p2a: Toxapex
|-activate|p2a: Toxapex|move: Protect
|
|-heal|p2a: Toxapex|71/100|[from] item: Black Sludge
|-damage|p1a: walrus :3|0 fnt|[from] psn
|faint|p1a: walrus :3
|-end|p1a: walrus :3|Protosynthesis|[silent]
|upkeep
|
|t:|1779917964
|switch|p1a: snow :3|Slowking-Galar, F, shiny|100/100
|turn|35
|
|t:|1779917979
|move|p2a: Toxapex|Baneful Bunker|p2a: Toxapex
|-singleturn|p2a: Toxapex|move: Protect
|move|p1a: snow :3|Thunder Wave|p2a: Toxapex
|-activate|p2a: Toxapex|move: Protect
|
|-heal|p2a: Toxapex|77/100|[from] item: Black Sludge
|upkeep
|turn|36
|
|t:|1779917988
|switch|p2a: Kingambit|Kingambit, M|38/100
|-damage|p2a: Kingambit|22/100|[from] Spikes
|-damage|p2a: Kingambit|16/100|[from] Stealth Rock
|-activate|p2a: Kingambit|ability: Supreme Overlord
|-start|p2a: Kingambit|fallen4|[silent]
|move|p1a: snow :3|Thunder Wave|p2a: Kingambit
|-status|p2a: Kingambit|par
|
|upkeep
|turn|37
|
|t:|1779918000
|switch|p1a: zimmmy zammy|Zamazenta, shiny|100/100
|move|p2a: Kingambit|Sucker Punch||[still]
|-fail|p2a: Kingambit
|
|upkeep
|turn|38
|c|☆erwintheburwin|why would u tap sucker punch?
|
|t:|1779918024
|move|p2a: Kingambit|Sucker Punch|p1a: zimmmy zammy
|-resisted|p1a: zimmmy zammy
|-damage|p1a: zimmmy zammy|72/100
|move|p1a: zimmmy zammy|Crunch|p2a: Kingambit
|-resisted|p2a: Kingambit
|-damage|p2a: Kingambit|7/100 par
|
|-heal|p1a: zimmmy zammy|78/100|[from] item: Leftovers
|upkeep
|turn|39
|inactive|Pedroelentrenador has 120 seconds left.
|
|t:|1779918055
|move|p2a: Kingambit|Sucker Punch||[still]
|-fail|p2a: Kingambit
|move|p1a: zimmmy zammy|Iron Defense|p1a: zimmmy zammy
|-boost|p1a: zimmmy zammy|def|2
|
|-heal|p1a: zimmmy zammy|84/100|[from] item: Leftovers
|upkeep
|turn|40
|inactive|Pedroelentrenador has 120 seconds left.
|
|t:|1779918064
|move|p1a: zimmmy zammy|Iron Defense|p1a: zimmmy zammy
|-boost|p1a: zimmmy zammy|def|2
|move|p2a: Kingambit|Iron Head|p1a: zimmmy zammy
|-damage|p1a: zimmmy zammy|68/100
|
|-heal|p1a: zimmmy zammy|74/100|[from] item: Leftovers
|upkeep
|turn|41
|
|t:|1779918074
|move|p2a: Kingambit|Sucker Punch|p1a: zimmmy zammy
|-resisted|p1a: zimmmy zammy
|-damage|p1a: zimmmy zammy|64/100
|move|p1a: zimmmy zammy|Crunch|p2a: Kingambit
|-resisted|p2a: Kingambit
|-damage|p2a: Kingambit|0 fnt
|faint|p2a: Kingambit
|-end|p2a: Kingambit|fallen4|[silent]
|
|-heal|p1a: zimmmy zammy|70/100|[from] item: Leftovers
|upkeep
|inactive|Pedroelentrenador has 120 seconds left.
|
|t:|1779918084
|switch|p2a: Toxapex|Toxapex, M|100/100
|-damage|p2a: Toxapex|84/100|[from] Spikes
|-damage|p2a: Toxapex|72/100|[from] Stealth Rock
|turn|42
|
|t:|1779918091
|move|p1a: zimmmy zammy|Substitute|p1a: zimmmy zammy
|-start|p1a: zimmmy zammy|Substitute
|-damage|p1a: zimmmy zammy|45/100
|move|p2a: Toxapex|Toxic||[still]
|-fail|p2a: Toxapex
|
|-heal|p1a: zimmmy zammy|52/100|[from] item: Leftovers
|-heal|p2a: Toxapex|78/100|[from] item: Black Sludge
|upkeep
|turn|43
|
|t:|1779918100
|move|p1a: zimmmy zammy|Iron Defense|p1a: zimmmy zammy
|-boost|p1a: zimmmy zammy|def|2
|move|p2a: Toxapex|Recover|p2a: Toxapex
|-heal|p2a: Toxapex|100/100
|
|-heal|p1a: zimmmy zammy|58/100|[from] item: Leftovers
|upkeep
|turn|44
|
|t:|1779918111
|move|p2a: Toxapex|Baneful Bunker|p2a: Toxapex
|-singleturn|p2a: Toxapex|move: Protect
|move|p1a: zimmmy zammy|Iron Defense|p1a: zimmmy zammy
|-boost|p1a: zimmmy zammy|def|0
|
|-heal|p1a: zimmmy zammy|64/100|[from] item: Leftovers
|upkeep
|turn|45
|
|t:|1779918119
|move|p1a: zimmmy zammy|Body Press|p2a: Toxapex
|-resisted|p2a: Toxapex
|-damage|p2a: Toxapex|64/100
|move|p2a: Toxapex|Liquidation|p1a: zimmmy zammy
|-activate|p1a: zimmmy zammy|move: Substitute|[damage]
|
|-heal|p1a: zimmmy zammy|70/100|[from] item: Leftovers
|-heal|p2a: Toxapex|70/100|[from] item: Black Sludge
|upkeep
|turn|46
|
|t:|1779918135
|move|p1a: zimmmy zammy|Iron Defense|p1a: zimmmy zammy
|-boost|p1a: zimmmy zammy|def|0
|move|p2a: Toxapex|Liquidation|p1a: zimmmy zammy
|-activate|p1a: zimmmy zammy|move: Substitute|[damage]
|
|-heal|p1a: zimmmy zammy|76/100|[from] item: Leftovers
|-heal|p2a: Toxapex|76/100|[from] item: Black Sludge
|upkeep
|turn|47
|
|t:|1779918146
|move|p2a: Toxapex|Baneful Bunker|p2a: Toxapex
|-singleturn|p2a: Toxapex|move: Protect
|move|p1a: zimmmy zammy|Iron Defense|p1a: zimmmy zammy
|-boost|p1a: zimmmy zammy|def|0
|
|-heal|p1a: zimmmy zammy|82/100|[from] item: Leftovers
|-heal|p2a: Toxapex|83/100|[from] item: Black Sludge
|upkeep
|turn|48
|
|t:|1779918161
|move|p1a: zimmmy zammy|Crunch|p2a: Toxapex
|-damage|p2a: Toxapex|70/100
|move|p2a: Toxapex|Toxic||[still]
|-fail|p2a: Toxapex
|
|-heal|p1a: zimmmy zammy|89/100|[from] item: Leftovers
|-heal|p2a: Toxapex|76/100|[from] item: Black Sludge
|upkeep
|turn|49
|
|t:|1779918174
|move|p1a: zimmmy zammy|Iron Defense|p1a: zimmmy zammy
|-boost|p1a: zimmmy zammy|def|0
|move|p2a: Toxapex|Liquidation|p1a: zimmmy zammy
|-activate|p1a: zimmmy zammy|move: Substitute|[damage]
|
|-heal|p1a: zimmmy zammy|95/100|[from] item: Leftovers
|-heal|p2a: Toxapex|82/100|[from] item: Black Sludge
|upkeep
|turn|50
|
|t:|1779918184
|move|p1a: zimmmy zammy|Iron Defense|p1a: zimmmy zammy
|-boost|p1a: zimmmy zammy|def|0
|move|p2a: Toxapex|Liquidation|p1a: zimmmy zammy
|-activate|p1a: zimmmy zammy|move: Substitute|[damage]
|
|-heal|p1a: zimmmy zammy|100/100|[from] item: Leftovers
|-heal|p2a: Toxapex|88/100|[from] item: Black Sludge
|upkeep
|turn|51
|
|t:|1779918194
|move|p1a: zimmmy zammy|Iron Defense|p1a: zimmmy zammy
|-boost|p1a: zimmmy zammy|def|0
|move|p2a: Toxapex|Liquidation|p1a: zimmmy zammy
|-crit|p1a: zimmmy zammy
|-end|p1a: zimmmy zammy|Substitute
|
|-heal|p2a: Toxapex|95/100|[from] item: Black Sludge
|upkeep
|turn|52
|
|t:|1779918204
|move|p1a: zimmmy zammy|Substitute|p1a: zimmmy zammy
|-start|p1a: zimmmy zammy|Substitute
|-damage|p1a: zimmmy zammy|75/100
|move|p2a: Toxapex|Liquidation|p1a: zimmmy zammy
|-crit|p1a: zimmmy zammy
|-activate|p1a: zimmmy zammy|move: Substitute|[damage]
|
|-heal|p1a: zimmmy zammy|82/100|[from] item: Leftovers
|-heal|p2a: Toxapex|100/100|[from] item: Black Sludge
|upkeep
|turn|53
|c|☆erwintheburwin|can u just ff? im gonna make u struggle otherwise
|
|t:|1779918217
|move|p2a: Toxapex|Baneful Bunker|p2a: Toxapex
|-singleturn|p2a: Toxapex|move: Protect
|move|p1a: zimmmy zammy|Iron Defense|p1a: zimmmy zammy
|-boost|p1a: zimmmy zammy|def|0
|
|-heal|p1a: zimmmy zammy|88/100|[from] item: Leftovers
|upkeep
|turn|54
|
|t:|1779918226
|move|p2a: Toxapex|Baneful Bunker||[still]
|-fail|p2a: Toxapex
|move|p1a: zimmmy zammy|Crunch|p2a: Toxapex
|-damage|p2a: Toxapex|88/100
|
|-heal|p1a: zimmmy zammy|94/100|[from] item: Leftovers
|-heal|p2a: Toxapex|94/100|[from] item: Black Sludge
|upkeep
|turn|55
|
|t:|1779918238
|move|p1a: zimmmy zammy|Iron Defense|p1a: zimmmy zammy
|-boost|p1a: zimmmy zammy|def|0
|move|p2a: Toxapex|Liquidation|p1a: zimmmy zammy
|-end|p1a: zimmmy zammy|Substitute
|
|-heal|p1a: zimmmy zammy|99/100|[from] item: Leftovers
|-heal|p2a: Toxapex|99/100|[from] item: Black Sludge
|upkeep
|turn|56
|
|t:|1779918250
|move|p1a: zimmmy zammy|Substitute|p1a: zimmmy zammy
|-start|p1a: zimmmy zammy|Substitute
|-damage|p1a: zimmmy zammy|75/100
|move|p2a: Toxapex|Liquidation|p1a: zimmmy zammy
|-activate|p1a: zimmmy zammy|move: Substitute|[damage]
|
|-heal|p1a: zimmmy zammy|81/100|[from] item: Leftovers
|-heal|p2a: Toxapex|100/100|[from] item: Black Sludge
|upkeep
|turn|57
|
|t:|1779918261
|move|p2a: Toxapex|Baneful Bunker|p2a: Toxapex
|-singleturn|p2a: Toxapex|move: Protect
|move|p1a: zimmmy zammy|Iron Defense|p1a: zimmmy zammy
|-boost|p1a: zimmmy zammy|def|0
|
|-heal|p1a: zimmmy zammy|88/100|[from] item: Leftovers
|upkeep
|turn|58
|
|t:|1779918270
|move|p2a: Toxapex|Baneful Bunker||[still]
|-fail|p2a: Toxapex
|move|p1a: zimmmy zammy|Iron Defense|p1a: zimmmy zammy
|-boost|p1a: zimmmy zammy|def|0
|
|-heal|p1a: zimmmy zammy|94/100|[from] item: Leftovers
|upkeep
|turn|59
|inactive|Pedroelentrenador has 120 seconds left.
|
|t:|1779918307
|move|p1a: zimmmy zammy|Iron Defense|p1a: zimmmy zammy
|-boost|p1a: zimmmy zammy|def|0
|move|p2a: Toxapex|Liquidation|p1a: zimmmy zammy
|-activate|p1a: zimmmy zammy|move: Substitute|[damage]
|
|-heal|p1a: zimmmy zammy|99/100|[from] item: Leftovers
|upkeep
|turn|60
|inactive|Pedroelentrenador has 120 seconds left.
|
|t:|1779918319
|move|p1a: zimmmy zammy|Iron Defense|p1a: zimmmy zammy
|-boost|p1a: zimmmy zammy|def|0
|move|p2a: Toxapex|Toxic||[still]
|-fail|p2a: Toxapex
|
|-heal|p1a: zimmmy zammy|100/100|[from] item: Leftovers
|upkeep
|turn|61
|inactive|Pedroelentrenador has 120 seconds left.
|
|t:|1779918328
|move|p1a: zimmmy zammy|Iron Defense|p1a: zimmmy zammy
|-boost|p1a: zimmmy zammy|def|0
|move|p2a: Toxapex|Toxic||[still]
|-fail|p2a: Toxapex
|
|upkeep
|turn|62
|
|t:|1779918334
|move|p1a: zimmmy zammy|Iron Defense|p1a: zimmmy zammy
|-boost|p1a: zimmmy zammy|def|0
|move|p2a: Toxapex|Toxic||[still]
|-fail|p2a: Toxapex
|
|upkeep
|turn|63
|
|t:|1779918340
|move|p1a: zimmmy zammy|Iron Defense|p1a: zimmmy zammy
|-boost|p1a: zimmmy zammy|def|0
|move|p2a: Toxapex|Toxic||[still]
|-fail|p2a: Toxapex
|
|upkeep
|turn|64
|inactive|Pedroelentrenador has 120 seconds left.
|
|t:|1779918369
|move|p1a: zimmmy zammy|Substitute|p1a: zimmmy zammy
|-fail|p1a: zimmmy zammy|move: Substitute
|move|p2a: Toxapex|Toxic||[still]
|-fail|p2a: Toxapex
|
|upkeep
|turn|65
|inactive|Pedroelentrenador has 120 seconds left.
|
|t:|1779918376
|move|p1a: zimmmy zammy|Iron Defense|p1a: zimmmy zammy
|-boost|p1a: zimmmy zammy|def|0
|move|p2a: Toxapex|Liquidation|p1a: zimmmy zammy
|-activate|p1a: zimmmy zammy|move: Substitute|[damage]
|
|upkeep
|turn|66
|
|t:|1779918384
|move|p1a: zimmmy zammy|Iron Defense|p1a: zimmmy zammy
|-boost|p1a: zimmmy zammy|def|0
|move|p2a: Toxapex|Liquidation|p1a: zimmmy zammy
|-activate|p1a: zimmmy zammy|move: Substitute|[damage]
|
|upkeep
|turn|67
|
|t:|1779918393
|move|p1a: zimmmy zammy|Iron Defense|p1a: zimmmy zammy
|-boost|p1a: zimmmy zammy|def|0
|move|p2a: Toxapex|Liquidation|p1a: zimmmy zammy
|-activate|p1a: zimmmy zammy|move: Substitute|[damage]
|
|upkeep
|turn|68
|
|t:|1779918400
|move|p1a: zimmmy zammy|Iron Defense|p1a: zimmmy zammy
|-boost|p1a: zimmmy zammy|def|0
|move|p2a: Toxapex|Liquidation|p1a: zimmmy zammy
|-activate|p1a: zimmmy zammy|move: Substitute|[damage]
|
|upkeep
|turn|69
|
|t:|1779918408
|move|p1a: zimmmy zammy|Iron Defense|p1a: zimmmy zammy
|-boost|p1a: zimmmy zammy|def|0
|move|p2a: Toxapex|Liquidation|p1a: zimmmy zammy
|-end|p1a: zimmmy zammy|Substitute
|
|upkeep
|turn|70
|
|t:|1779918427
|move|p1a: zimmmy zammy|Substitute|p1a: zimmmy zammy
|-start|p1a: zimmmy zammy|Substitute
|-damage|p1a: zimmmy zammy|75/100
|move|p2a: Toxapex|Toxic||[still]
|-fail|p2a: Toxapex
|
|-heal|p1a: zimmmy zammy|82/100|[from] item: Leftovers
|upkeep
|turn|71
|
|t:|1779918450
|move|p1a: zimmmy zammy|Iron Defense|p1a: zimmmy zammy
|-boost|p1a: zimmmy zammy|def|0
|move|p2a: Toxapex|Toxic||[still]
|-fail|p2a: Toxapex
|
|-heal|p1a: zimmmy zammy|88/100|[from] item: Leftovers
|upkeep
|turn|72
|inactive|Pedroelentrenador has 120 seconds left.
|
|t:|1779918469
|move|p2a: Toxapex|Baneful Bunker|p2a: Toxapex
|-singleturn|p2a: Toxapex|move: Protect
|move|p1a: zimmmy zammy|Substitute|p1a: zimmmy zammy
|-fail|p1a: zimmmy zammy|move: Substitute
|
|-heal|p1a: zimmmy zammy|94/100|[from] item: Leftovers
|upkeep
|turn|73
|inactive|Pedroelentrenador has 120 seconds left.
|c|☆erwintheburwin|dog even if u kill my zam u just lose to struggles
|
|t:|1779918484
|move|p1a: zimmmy zammy|Body Press|p2a: Toxapex
|-resisted|p2a: Toxapex
|-damage|p2a: Toxapex|65/100
|move|p2a: Toxapex|Toxic||[still]
|-fail|p2a: Toxapex
|
|-heal|p1a: zimmmy zammy|99/100|[from] item: Leftovers
|-heal|p2a: Toxapex|72/100|[from] item: Black Sludge
|upkeep
|turn|74
|inactive|Pedroelentrenador has 120 seconds left.
|
|t:|1779918494
|move|p2a: Toxapex|Baneful Bunker|p2a: Toxapex
|-singleturn|p2a: Toxapex|move: Protect
|move|p1a: zimmmy zammy|Substitute|p1a: zimmmy zammy
|-fail|p1a: zimmmy zammy|move: Substitute
|
|-heal|p1a: zimmmy zammy|100/100|[from] item: Leftovers
|-heal|p2a: Toxapex|78/100|[from] item: Black Sludge
|upkeep
|turn|75
|inactive|Pedroelentrenador has 120 seconds left.
|inactive|Pedroelentrenador has 90 seconds left.
|
|t:|1779918545
|move|p2a: Toxapex|Baneful Bunker||[still]
|-fail|p2a: Toxapex
|move|p1a: zimmmy zammy|Substitute|p1a: zimmmy zammy
|-fail|p1a: zimmmy zammy|move: Substitute
|
|-heal|p2a: Toxapex|84/100|[from] item: Black Sludge
|upkeep
|turn|76
|
|t:|1779918552
|move|p1a: zimmmy zammy|Substitute|p1a: zimmmy zammy
|-fail|p1a: zimmmy zammy|move: Substitute
|move|p2a: Toxapex|Toxic||[still]
|-fail|p2a: Toxapex
|
|-heal|p2a: Toxapex|90/100|[from] item: Black Sludge
|upkeep
|turn|77
|inactive|Pedroelentrenador has 90 seconds left.
|
|t:|1779918561
|move|p1a: zimmmy zammy|Substitute|p1a: zimmmy zammy
|-fail|p1a: zimmmy zammy|move: Substitute
|move|p2a: Toxapex|Toxic||[still]
|-fail|p2a: Toxapex
|
|-heal|p2a: Toxapex|97/100|[from] item: Black Sludge
|upkeep
|turn|78
|
|t:|1779918570
|move|p1a: zimmmy zammy|Crunch|p2a: Toxapex
|-damage|p2a: Toxapex|82/100
|move|p2a: Toxapex|Toxic||[still]
|-fail|p2a: Toxapex
|
|-heal|p2a: Toxapex|89/100|[from] item: Black Sludge
|upkeep
|turn|79
|
|t:|1779918580
|move|p1a: zimmmy zammy|Substitute|p1a: zimmmy zammy
|-fail|p1a: zimmmy zammy|move: Substitute
|move|p2a: Toxapex|Liquidation|p1a: zimmmy zammy
|-activate|p1a: zimmmy zammy|move: Substitute|[damage]
|
|-heal|p2a: Toxapex|95/100|[from] item: Black Sludge
|upkeep
|turn|80
|
|t:|1779918595
|move|p2a: Toxapex|Baneful Bunker|p2a: Toxapex
|-singleturn|p2a: Toxapex|move: Protect
|move|p1a: zimmmy zammy|Substitute|p1a: zimmmy zammy
|-fail|p1a: zimmmy zammy|move: Substitute
|
|-heal|p2a: Toxapex|100/100|[from] item: Black Sludge
|upkeep
|turn|81
|
|t:|1779918606
|move|p1a: zimmmy zammy|Crunch|p2a: Toxapex
|-damage|p2a: Toxapex|87/100
|move|p2a: Toxapex|Toxic||[still]
|-fail|p2a: Toxapex
|
|-heal|p2a: Toxapex|94/100|[from] item: Black Sludge
|upkeep
|turn|82
|
|t:|1779918615
|move|p1a: zimmmy zammy|Crunch|p2a: Toxapex
|-damage|p2a: Toxapex|80/100
|move|p2a: Toxapex|Recover|p2a: Toxapex
|-heal|p2a: Toxapex|100/100
|
|upkeep
|turn|83
|
|t:|1779918623
|move|p2a: Toxapex|Baneful Bunker|p2a: Toxapex
|-singleturn|p2a: Toxapex|move: Protect
|move|p1a: zimmmy zammy|Crunch|p2a: Toxapex
|-activate|p2a: Toxapex|move: Protect
|-status|p1a: zimmmy zammy|psn
|
|-damage|p1a: zimmmy zammy|88/100 psn|[from] psn
|upkeep
|turn|84
|
|t:|1779918647
|move|p1a: zimmmy zammy|Crunch|p2a: Toxapex
|-damage|p2a: Toxapex|86/100
|move|p2a: Toxapex|Liquidation|p1a: zimmmy zammy
|-activate|p1a: zimmmy zammy|move: Substitute|[damage]
|
|-heal|p1a: zimmmy zammy|94/100 psn|[from] item: Leftovers
|-heal|p2a: Toxapex|92/100|[from] item: Black Sludge
|-damage|p1a: zimmmy zammy|82/100 psn|[from] psn
|upkeep
|turn|85
|
|t:|1779918662
|move|p1a: zimmmy zammy|Crunch|p2a: Toxapex
|-crit|p2a: Toxapex
|-damage|p2a: Toxapex|72/100
|-unboost|p2a: Toxapex|def|1
|move|p2a: Toxapex|Recover|p2a: Toxapex
|-heal|p2a: Toxapex|100/100
|
|-heal|p1a: zimmmy zammy|88/100 psn|[from] item: Leftovers
|-damage|p1a: zimmmy zammy|76/100 psn|[from] psn
|upkeep
|turn|86
|
|t:|1779918675
|move|p1a: zimmmy zammy|Body Press|p2a: Toxapex
|-resisted|p2a: Toxapex
|-damage|p2a: Toxapex|41/100
|move|p2a: Toxapex|Toxic||[still]
|-fail|p2a: Toxapex
|
|-heal|p1a: zimmmy zammy|82/100 psn|[from] item: Leftovers
|-heal|p2a: Toxapex|48/100|[from] item: Black Sludge
|-damage|p1a: zimmmy zammy|70/100 psn|[from] psn
|upkeep
|turn|87
|
|t:|1779918687
|move|p2a: Toxapex|Baneful Bunker|p2a: Toxapex
|-singleturn|p2a: Toxapex|move: Protect
|move|p1a: zimmmy zammy|Body Press|p2a: Toxapex
|-activate|p2a: Toxapex|move: Protect
|
|-heal|p1a: zimmmy zammy|76/100 psn|[from] item: Leftovers
|-heal|p2a: Toxapex|54/100|[from] item: Black Sludge
|-damage|p1a: zimmmy zammy|63/100 psn|[from] psn
|upkeep
|turn|88
|
|t:|1779918701
|switch|p1a: snow :3|Slowking-Galar, F, shiny|100/100
|move|p2a: Toxapex|Recover|p2a: Toxapex
|-heal|p2a: Toxapex|100/100
|
|upkeep
|turn|89
|
|t:|1779918710
|move|p2a: Toxapex|Toxic|p1a: snow :3
|-immune|p1a: snow :3
|-prepare|p1a: snow :3|Chilly Reception|[premajor]
|move|p1a: snow :3|Chilly Reception|p1a: snow :3
|-weather|Snowscape
|c|☆erwintheburwin|like i said, gonna take u to struggle
|
|t:|1779918736
|switch|p1a: frotnite|Dragonite, F, shiny|100/100|[from] Chilly Reception
|
|-weather|Snowscape|[upkeep]
|upkeep
|turn|90
|
|t:|1779918744
|move|p1a: frotnite|Dragon Dance|p1a: frotnite
|-boost|p1a: frotnite|atk|1
|-boost|p1a: frotnite|spe|1
|-activate|p2a: Toxapex|move: Struggle
|move|p2a: Toxapex|Struggle|p1a: frotnite
|-damage|p1a: frotnite|96/100
|-damage|p2a: Toxapex|75/100|[from] recoil
|
|-weather|Snowscape|[upkeep]
|-heal|p2a: Toxapex|82/100|[from] item: Black Sludge
|upkeep
|turn|91
|inactive|Pedroelentrenador has 120 seconds left.
|
|t:|1779918755
|move|p1a: frotnite|Dragon Dance|p1a: frotnite
|-boost|p1a: frotnite|atk|1
|-boost|p1a: frotnite|spe|1
|-activate|p2a: Toxapex|move: Struggle
|move|p2a: Toxapex|Struggle|p1a: frotnite
|-damage|p1a: frotnite|87/100
|-damage|p2a: Toxapex|57/100|[from] recoil
|
|-weather|Snowscape|[upkeep]
|-heal|p2a: Toxapex|63/100|[from] item: Black Sludge
|upkeep
|turn|92
|inactive|Pedroelentrenador has 120 seconds left.
|
|t:|1779918765
|move|p1a: frotnite|Dragon Dance|p1a: frotnite
|-boost|p1a: frotnite|atk|1
|-boost|p1a: frotnite|spe|1
|-activate|p2a: Toxapex|move: Struggle
|move|p2a: Toxapex|Struggle|p1a: frotnite
|-damage|p1a: frotnite|78/100
|-damage|p2a: Toxapex|38/100|[from] recoil
|
|-weather|Snowscape|[upkeep]
|-heal|p2a: Toxapex|44/100|[from] item: Black Sludge
|upkeep
|turn|93
|inactive|Pedroelentrenador has 120 seconds left.
|
|t:|1779918776
|move|p1a: frotnite|Dragon Dance|p1a: frotnite
|-boost|p1a: frotnite|atk|1
|-boost|p1a: frotnite|spe|1
|-activate|p2a: Toxapex|move: Struggle
|move|p2a: Toxapex|Struggle|p1a: frotnite
|-damage|p1a: frotnite|70/100
|-damage|p2a: Toxapex|19/100|[from] recoil
|
|-weather|none
|-heal|p2a: Toxapex|25/100|[from] item: Black Sludge
|upkeep
|turn|94
|inactive|Pedroelentrenador has 120 seconds left.
|c|☆erwintheburwin|next time be an adult and ff
|inactive|Pedroelentrenador has 90 seconds left.
|inactive|Pedroelentrenador has 60 seconds left.
|inactive|Pedroelentrenador has 30 seconds left.
|
|t:|1779918878
|move|p1a: frotnite|Dragon Dance|p1a: frotnite
|-boost|p1a: frotnite|atk|1
|-boost|p1a: frotnite|spe|1
|-activate|p2a: Toxapex|move: Struggle
|move|p2a: Toxapex|Struggle|p1a: frotnite
|-damage|p1a: frotnite|61/100
|-damage|p2a: Toxapex|0 fnt|[from] recoil
|faint|p2a: Toxapex
|
|win|erwintheburwin
|raw|erwintheburwin's rating: 1457 &rarr; <strong>1474</strong><br />(+17 for winning)
|raw|Pedroelentrenador's rating: 1411 &rarr; <strong>1394</strong><br />(-17 for losing)
|l|☆Pedroelentrenador
|player|p2|
|l|☆erwintheburwin
|player|p1|
