|j|☆top10skate
|j|☆Rubicouss
|t:|1779851961
|gametype|singles
|player|p1|top10skate|101|1447
|player|p2|Rubicouss|gambler|1453
|gen|9
|tier|[Gen 9] OU
|rated|
|rule|HP Percentage Mod: HP is shown in percentages
|rule|Endless Battle Clause: Forcing endless battles is banned
|rule|Species Clause: Limit one of each Pokémon
|rule|OHKO Clause: OHKO moves are banned
|rule|Evasion Items Clause: Evasion items are banned
|rule|Evasion Moves Clause: Evasion moves are banned
|rule|Evasion Abilities Clause: Evasion abilities are banned
|rule|Sleep Moves Clause: Sleep-inducing moves are banned
|clearpoke
|poke|p1|Blaziken, F|
|poke|p1|Ninetales, F|
|poke|p1|Venusaur, F|
|poke|p1|Hatterene, F|
|poke|p1|Great Tusk|
|poke|p1|Walking Wake|
|poke|p2|Staraptor, M|
|poke|p2|Golem, M|
|poke|p2|Weezing-Galar, F|
|poke|p2|Regieleki|
|poke|p2|Talonflame, F|
|poke|p2|Kingambit, M|
|teampreview
|inactive|Battle timer is ON: inactive players will automatically lose when time's up. (requested by top10skate)
|
|t:|1779851994
|teamsize|p1|6
|teamsize|p2|6
|start
|switch|p1a: Ninetales|Ninetales, F|100/100
|switch|p2a: Golem|Golem, M|100/100
|-weather|SunnyDay|[from] ability: Drought|[of] p1a: Ninetales
|turn|1
|inactive|top10skate has 120 seconds left.
|
|t:|1779852039
|switch|p1a: Hatterene|Hatterene, F|100/100
|move|p2a: Golem|Stealth Rock|p1a: Hatterene
|move|p1a: Hatterene|Stealth Rock|p2a: Golem|[from] ability: Magic Bounce
|-sidestart|p2: Rubicouss|move: Stealth Rock
|
|-weather|SunnyDay|[upkeep]
|upkeep
|turn|2
|
|t:|1779852054
|switch|p2a: Talonflame|Talonflame, F|100/100
|move|p1a: Hatterene|Psychic Noise|p2a: Talonflame
|-damage|p2a: Talonflame|51/100
|-start|p2a: Talonflame|move: Heal Block
|
|-weather|SunnyDay|[upkeep]
|upkeep
|turn|3
|inactive|top10skate has 120 seconds left.
|
|t:|1779852083
|move|p2a: Talonflame|Defog|p1a: Hatterene
|move|p1a: Hatterene|Defog|p2a: Talonflame|[from] ability: Magic Bounce
|-unboost|p2a: Talonflame|evasion|1
|-sideend|p2: Rubicouss|Stealth Rock|[from] move: Defog|[of] p1a: Hatterene
|move|p1a: Hatterene|Nuzzle|p2a: Talonflame
|-supereffective|p2a: Talonflame
|-damage|p2a: Talonflame|39/100
|-status|p2a: Talonflame|par
|
|-weather|SunnyDay|[upkeep]
|-end|p2a: Talonflame|move: Heal Block
|upkeep
|turn|4
|
|t:|1779852092
|move|p2a: Talonflame|Roost|p2a: Talonflame
|-heal|p2a: Talonflame|89/100 par
|-singleturn|p2a: Talonflame|move: Roost
|move|p1a: Hatterene|Psychic Noise|p2a: Talonflame
|-damage|p2a: Talonflame|37/100 par
|-start|p2a: Talonflame|move: Heal Block
|
|-weather|SunnyDay|[upkeep]
|upkeep
|turn|5
|
|t:|1779852107
|move|p2a: Talonflame|Brave Bird|p1a: Hatterene
|-damage|p1a: Hatterene|57/100
|-damage|p2a: Talonflame|21/100 par|[from] Recoil
|-enditem|p1a: Hatterene|Eject Button
|
|t:|1779852117
|switch|p1a: Great Tusk|Great Tusk|100/100
|-activate|p1a: Great Tusk|ability: Protosynthesis
|-start|p1a: Great Tusk|protosynthesisatk
|
|-weather|SunnyDay|[upkeep]
|-end|p2a: Talonflame|move: Heal Block
|upkeep
|turn|6
|
|t:|1779852126
|move|p1a: Great Tusk|Rapid Spin|p2a: Talonflame
|-damage|p2a: Talonflame|0 fnt
|-boost|p1a: Great Tusk|spe|1
|faint|p2a: Talonflame
|
|-weather|SunnyDay|[upkeep]
|upkeep
|
|t:|1779852130
|switch|p2a: Weezing|Weezing-Galar, F|100/100
|-fieldstart|move: Misty Terrain|[from] ability: Misty Surge|[of] p2a: Weezing
|turn|7
|inactive|top10skate has 120 seconds left.
|
|t:|1779852136
|-terastallize|p2a: Weezing|Fairy
|move|p1a: Great Tusk|Headlong Rush|p2a: Weezing
|-damage|p2a: Weezing|32/100
|-unboost|p1a: Great Tusk|def|1
|-unboost|p1a: Great Tusk|spd|1
|move|p2a: Weezing|Misty Explosion|p1a: Great Tusk
|-supereffective|p1a: Great Tusk
|-damage|p1a: Great Tusk|0 fnt
|faint|p2a: Weezing
|faint|p1a: Great Tusk
|-end|p1a: Great Tusk|Protosynthesis|[silent]
|
|-weather|SunnyDay|[upkeep]
|upkeep
|inactive|top10skate has 120 seconds left.
|
|t:|1779852153
|switch|p1a: Venusaur|Venusaur, F|100/100
|switch|p2a: Golem|Golem, M|100/100
|turn|8
|inactive|top10skate has 120 seconds left.
|
|t:|1779852185
|switch|p1a: Hatterene|Hatterene, F|57/100
|move|p2a: Golem|Earthquake|p1a: Hatterene
|-damage|p1a: Hatterene|7/100
|
|-weather|none
|upkeep
|turn|9
|
|t:|1779852190
|move|p2a: Golem|Earthquake|p1a: Hatterene
|-damage|p1a: Hatterene|0 fnt
|faint|p1a: Hatterene
|
|upkeep
|
|t:|1779852200
|switch|p1a: Walking Wake|Walking Wake|100/100
|turn|10
|
|t:|1779852204
|move|p1a: Walking Wake|Hydro Steam|p2a: Golem
|-supereffective|p2a: Golem
|-ability|p2a: Golem|Sturdy
|-damage|p2a: Golem|1/100
|move|p2a: Golem|Earthquake|p1a: Walking Wake
|-damage|p1a: Walking Wake|47/100
|
|upkeep
|turn|11
|-enditem|p2a: Golem|Custap Berry|[eat]
|-activate|p2a: Golem|item: Custap Berry|[consumed]
|
|t:|1779852207
|move|p2a: Golem|Explosion|p1a: Walking Wake
|-damage|p1a: Walking Wake|0 fnt
|faint|p2a: Golem
|faint|p1a: Walking Wake
|-end|p1a: Walking Wake|Protosynthesis|[silent]
|
|-fieldend|Misty Terrain
|upkeep
|
|t:|1779852214
|switch|p1a: Ninetales|Ninetales, F|100/100
|switch|p2a: Staraptor|Staraptor, M|100/100
|-ability|p2a: Staraptor|Intimidate|boost
|-unboost|p1a: Ninetales|atk|1
|-weather|SunnyDay|[from] ability: Drought|[of] p1a: Ninetales
|turn|12
|
|t:|1779852216
|move|p2a: Staraptor|Final Gambit|p1a: Ninetales
|-damage|p1a: Ninetales|0 fnt
|faint|p2a: Staraptor
|faint|p1a: Ninetales
|
|-weather|SunnyDay|[upkeep]
|upkeep
|
|t:|1779852220
|switch|p2a: Regieleki|Regieleki|100/100
|switch|p1a: Blaziken|Blaziken, F|100/100
|turn|13
|
|t:|1779852225
|move|p2a: Regieleki|Light Screen|p2a: Regieleki
|-sidestart|p2: Rubicouss|move: Light Screen
|move|p1a: Blaziken|Overheat|p2a: Regieleki
|-damage|p2a: Regieleki|2/100
|-unboost|p1a: Blaziken|spa|2
|
|-weather|SunnyDay|[upkeep]
|-ability|p1a: Blaziken|Speed Boost|boost
|-boost|p1a: Blaziken|spe|1
|upkeep
|turn|14
|
|t:|1779852231
|move|p2a: Regieleki|Explosion|p1a: Blaziken
|-damage|p1a: Blaziken|0 fnt
|faint|p2a: Regieleki
|faint|p1a: Blaziken
|
|-weather|SunnyDay|[upkeep]
|upkeep
|
|t:|1779852234
|switch|p2a: Kingambit|Kingambit, M|100/100
|switch|p1a: Venusaur|Venusaur, F|100/100
|-activate|p2a: Kingambit|ability: Supreme Overlord
|-start|p2a: Kingambit|fallen5|[silent]
|turn|15
|
|t:|1779852238
|-terastallize|p1a: Venusaur|Fire
|move|p1a: Venusaur|Weather Ball|p2a: Kingambit
|-supereffective|p2a: Kingambit
|-damage|p2a: Kingambit|18/100
|-damage|p1a: Venusaur|91/100|[from] item: Life Orb
|move|p2a: Kingambit|Kowtow Cleave|p1a: Venusaur
|-damage|p1a: Venusaur|0 fnt
|faint|p1a: Venusaur
|
|win|Rubicouss
|raw|top10skate's rating: 1447 &rarr; <strong>1427</strong><br />(-20 for losing)
|raw|Rubicouss's rating: 1453 &rarr; <strong>1473</strong><br />(+20 for winning)
|l|☆top10skate
|player|p1|
|l|☆Rubicouss
|player|p2|
