|j|☆Blitzburgh
|j|☆Leapon
|inactive|Battle timer is ON: inactive players will automatically lose when time's up.
|t:|1779914262
|gametype|singles
|player|p1|Blitzburgh|policeman|
|player|p2|Leapon|steven|
|gen|9
|tier|[Gen 9] OU
|rated|Tournament battle
|rule|HP Percentage Mod: HP is shown in percentages
|rule|Endless Battle Clause: Forcing endless battles is banned
|rule|Species Clause: Limit one of each Pokémon
|rule|OHKO Clause: OHKO moves are banned
|rule|Evasion Items Clause: Evasion items are banned
|rule|Evasion Moves Clause: Evasion moves are banned
|rule|Evasion Abilities Clause: Evasion abilities are banned
|rule|Sleep Moves Clause: Sleep-inducing moves are banned
|clearpoke
|poke|p1|Ninetales, F|
|poke|p1|Zamazenta-*|
|poke|p1|Cinderace, F|
|poke|p1|Walking Wake|
|poke|p1|Slither Wing|
|poke|p1|Raging Bolt|
|poke|p2|Rillaboom, M|
|poke|p2|Tyranitar, F|
|poke|p2|Kyurem|
|poke|p2|Iron Valiant|
|poke|p2|Corviknight, M|
|poke|p2|Slowking-Galar, F|
|teampreview
|inactive|Blitzburgh also wants the timer to be on.
|j|*Lady Monita 
|
|t:|1779914285
|teamsize|p1|6
|teamsize|p2|6
|start
|switch|p1a: Slither Wing|Slither Wing|100/100
|switch|p2a: Slowking|Slowking-Galar, F|100/100
|turn|1
|
|t:|1779914292
|switch|p2a: Corviknight|Corviknight, M, shiny|100/100
|move|p1a: Slither Wing|U-turn|p2a: Corviknight
|-resisted|p2a: Corviknight
|-damage|p2a: Corviknight|91/100
|-damage|p1a: Slither Wing|84/100|[from] item: Rocky Helmet|[of] p2a: Corviknight
|
|t:|1779914300
|-end|p1a: Slither Wing|Protosynthesis|[silent]
|switch|p1a: Ninetales|Ninetales, F|100/100|[from] U-turn
|-weather|SunnyDay|[from] ability: Drought|[of] p1a: Ninetales
|
|-weather|SunnyDay|[upkeep]
|upkeep
|turn|2
|
|t:|1779914309
|switch|p2a: Slowking|Slowking-Galar, F|100/100
|move|p1a: Ninetales|Scorching Sands|p2a: Slowking
|-supereffective|p2a: Slowking
|-damage|p2a: Slowking|82/100
|
|-weather|SunnyDay|[upkeep]
|-heal|p2a: Slowking|88/100|[from] item: Leftovers
|upkeep
|turn|3
|
|t:|1779914321
|move|p1a: Ninetales|Scorching Sands|p2a: Slowking
|-supereffective|p2a: Slowking
|-damage|p2a: Slowking|71/100
|move|p2a: Slowking|Thunder Wave|p1a: Ninetales
|-status|p1a: Ninetales|par
|
|-weather|SunnyDay|[upkeep]
|-heal|p2a: Slowking|77/100|[from] item: Leftovers
|upkeep
|turn|4
|
|t:|1779914330
|switch|p1a: Raging Bolt|Raging Bolt|100/100
|-activate|p1a: Raging Bolt|ability: Protosynthesis
|-start|p1a: Raging Bolt|protosynthesisspa
|-prepare|p2a: Slowking|Chilly Reception|[premajor]
|move|p2a: Slowking|Chilly Reception|p2a: Slowking
|-weather|Snowscape
|-end|p1a: Raging Bolt|Protosynthesis
|
|t:|1779914340
|switch|p2a: Kyurem|Kyurem|100/100|[from] Chilly Reception
|-ability|p2a: Kyurem|Pressure
|
|-weather|Snowscape|[upkeep]
|upkeep
|turn|5
|
|t:|1779914363
|move|p2a: Kyurem|Draco Meteor|p1a: Raging Bolt
|-supereffective|p1a: Raging Bolt
|-damage|p1a: Raging Bolt|42/100
|-unboost|p2a: Kyurem|spa|2
|move|p1a: Raging Bolt|Dragon Pulse|p2a: Kyurem
|-supereffective|p2a: Kyurem
|-damage|p2a: Kyurem|18/100
|
|-weather|Snowscape|[upkeep]
|upkeep
|turn|6
|
|t:|1779914376
|switch|p2a: Slowking|Slowking-Galar, F|100/100
|move|p1a: Raging Bolt|Thunderclap||[still]
|-fail|p1a: Raging Bolt
|
|-weather|Snowscape|[upkeep]
|upkeep
|turn|7
|
|t:|1779914394
|-end|p1a: Raging Bolt|Protosynthesis|[silent]
|switch|p1a: Ninetales|Ninetales, F|100/100 par
|-weather|SunnyDay|[from] ability: Drought|[of] p1a: Ninetales
|-prepare|p2a: Slowking|Chilly Reception|[premajor]
|move|p2a: Slowking|Chilly Reception|p2a: Slowking
|-weather|Snowscape
|inactive|Leapon has 120 seconds left.
|inactive|Leapon has 90 seconds left.
|
|t:|1779914448
|switch|p2a: Kyurem|Kyurem|18/100|[from] Chilly Reception
|-ability|p2a: Kyurem|Pressure
|
|-weather|Snowscape|[upkeep]
|upkeep
|turn|8
|
|t:|1779914463
|switch|p2a: Slowking|Slowking-Galar, F|100/100
|cant|p1a: Ninetales|par
|
|-weather|Snowscape|[upkeep]
|upkeep
|turn|9
|inactive|Leapon has 90 seconds left.
|inactive|Blitzburgh has 120 seconds left.
|
|t:|1779914498
|move|p1a: Ninetales|Scorching Sands|p2a: Slowking
|-supereffective|p2a: Slowking
|-damage|p2a: Slowking|85/100
|move|p2a: Slowking|Sludge Bomb|p1a: Ninetales
|-damage|p1a: Ninetales|69/100 par
|
|-weather|Snowscape|[upkeep]
|-heal|p2a: Slowking|91/100|[from] item: Leftovers
|upkeep
|turn|10
|inactive|Blitzburgh has 120 seconds left.
|inactive|Leapon has 90 seconds left.
|
|t:|1779914514
|cant|p1a: Ninetales|par
|move|p2a: Slowking|Sludge Bomb|p1a: Ninetales
|-damage|p1a: Ninetales|37/100 par
|
|-weather|Snowscape|[upkeep]
|-heal|p2a: Slowking|97/100|[from] item: Leftovers
|upkeep
|turn|11
|inactive|Leapon has 90 seconds left.
|
|t:|1779914525
|switch|p1a: Raging Bolt|Raging Bolt|42/100
|move|p2a: Slowking|Sludge Bomb|p1a: Raging Bolt
|-damage|p1a: Raging Bolt|27/100
|
|-weather|none
|-heal|p2a: Slowking|100/100|[from] item: Leftovers
|upkeep
|turn|12
|
|t:|1779914533
|-end|p1a: Raging Bolt|Protosynthesis|[silent]
|switch|p1a: Cinderace|Cinderace, F|100/100
|move|p2a: Slowking|Sludge Bomb|p1a: Cinderace
|-damage|p1a: Cinderace|49/100
|
|upkeep
|turn|13
|
|t:|1779914541
|move|p1a: Cinderace|Will-O-Wisp|p2a: Slowking
|-status|p2a: Slowking|brn
|move|p2a: Slowking|Sludge Bomb|p1a: Cinderace
|-damage|p1a: Cinderace|2/100
|
|-damage|p2a: Slowking|94/100 brn|[from] brn
|upkeep
|turn|14
|inactive|Leapon has 90 seconds left.
|
|t:|1779914565
|switch|p2a: Tyranitar|Tyranitar, F|100/100
|-weather|Sandstorm|[from] ability: Sand Stream|[of] p2a: Tyranitar
|move|p1a: Cinderace|U-turn|p2a: Tyranitar
|-supereffective|p2a: Tyranitar
|-damage|p2a: Tyranitar|65/100
|
|t:|1779914573
|switch|p1a: Slither Wing|Slither Wing|84/100|[from] U-turn
|
|-weather|Sandstorm|[upkeep]
|-damage|p1a: Slither Wing|78/100|[from] Sandstorm
|upkeep
|turn|15
|
|t:|1779914581
|switch|p2a: Corviknight|Corviknight, M, shiny|91/100
|move|p1a: Slither Wing|U-turn|p2a: Corviknight
|-resisted|p2a: Corviknight
|-damage|p2a: Corviknight|82/100
|-damage|p1a: Slither Wing|61/100|[from] item: Rocky Helmet|[of] p2a: Corviknight
|inactive|Blitzburgh has 120 seconds left.
|
|t:|1779914619
|-end|p1a: Slither Wing|Protosynthesis|[silent]
|switch|p1a: Walking Wake|Walking Wake|100/100|[from] U-turn
|
|-weather|Sandstorm|[upkeep]
|-damage|p1a: Walking Wake|94/100|[from] Sandstorm
|upkeep
|turn|16
|
|t:|1779914627
|switch|p2a: Slowking|Slowking-Galar, F|100/100 brn
|move|p1a: Walking Wake|Hydro Steam|p2a: Slowking
|-damage|p2a: Slowking|65/100 brn
|
|-weather|Sandstorm|[upkeep]
|-damage|p1a: Walking Wake|88/100|[from] Sandstorm
|-damage|p2a: Slowking|59/100 brn|[from] Sandstorm
|-heal|p2a: Slowking|65/100 brn|[from] item: Leftovers
|-damage|p2a: Slowking|59/100 brn|[from] brn
|upkeep
|turn|17
|
|t:|1779914638
|-end|p1a: Walking Wake|Protosynthesis|[silent]
|switch|p1a: Raging Bolt|Raging Bolt|27/100
|move|p2a: Slowking|Thunder Wave|p1a: Raging Bolt
|-immune|p1a: Raging Bolt
|
|-weather|Sandstorm|[upkeep]
|-damage|p1a: Raging Bolt|20/100|[from] Sandstorm
|-damage|p2a: Slowking|53/100 brn|[from] Sandstorm
|-heal|p2a: Slowking|59/100 brn|[from] item: Leftovers
|-damage|p2a: Slowking|53/100 brn|[from] brn
|upkeep
|turn|18
|
|t:|1779914650
|move|p1a: Raging Bolt|Dragon Pulse|p2a: Slowking
|-damage|p2a: Slowking|27/100 brn
|move|p2a: Slowking|Slack Off|p2a: Slowking
|-heal|p2a: Slowking|77/100 brn
|
|-weather|none
|-heal|p2a: Slowking|83/100 brn|[from] item: Leftovers
|-damage|p2a: Slowking|77/100 brn|[from] brn
|upkeep
|turn|19
|
|t:|1779914659
|move|p1a: Raging Bolt|Dragon Pulse|p2a: Slowking
|-damage|p2a: Slowking|50/100 brn
|move|p2a: Slowking|Sludge Bomb|p1a: Raging Bolt
|-damage|p1a: Raging Bolt|6/100
|
|-heal|p2a: Slowking|56/100 brn|[from] item: Leftovers
|-damage|p2a: Slowking|50/100 brn|[from] brn
|upkeep
|turn|20
|inactive|Leapon has 120 seconds left.
|
|t:|1779914670
|-end|p1a: Raging Bolt|Protosynthesis|[silent]
|switch|p1a: Ninetales|Ninetales, F|37/100 par
|-weather|SunnyDay|[from] ability: Drought|[of] p1a: Ninetales
|move|p2a: Slowking|Slack Off|p2a: Slowking
|-heal|p2a: Slowking|99/100 brn
|
|-weather|SunnyDay|[upkeep]
|-heal|p2a: Slowking|100/100 brn|[from] item: Leftovers
|-damage|p2a: Slowking|94/100 brn|[from] brn
|upkeep
|turn|21
|inactive|Leapon has 120 seconds left.
|
|t:|1779914682
|move|p1a: Ninetales|Healing Wish|p1a: Ninetales
|faint|p1a: Ninetales
|-prepare|p2a: Slowking|Chilly Reception|[premajor]
|move|p2a: Slowking|Chilly Reception|p2a: Slowking
|-weather|Snowscape
|
|t:|1779914697
|switch|p2a: Kyurem|Kyurem|18/100|[from] Chilly Reception
|-ability|p2a: Kyurem|Pressure
|
|-weather|Snowscape|[upkeep]
|upkeep
|
|t:|1779914703
|switch|p1a: Raging Bolt|Raging Bolt|6/100
|-heal|p1a: Raging Bolt|100/100|[from] move: Healing Wish
|turn|22
|
|t:|1779914718
|move|p1a: Raging Bolt|Thunderclap|p2a: Kyurem
|-resisted|p2a: Kyurem
|-damage|p2a: Kyurem|1/100
|move|p2a: Kyurem|Draco Meteor|p1a: Raging Bolt
|-supereffective|p1a: Raging Bolt
|-damage|p1a: Raging Bolt|40/100
|-unboost|p2a: Kyurem|spa|2
|
|-weather|Snowscape|[upkeep]
|upkeep
|turn|23
|inactive|Leapon has 120 seconds left.
|
|t:|1779914740
|switch|p2a: Slowking|Slowking-Galar, F|100/100 brn
|move|p1a: Raging Bolt|Weather Ball|p2a: Slowking
|-damage|p2a: Slowking|81/100 brn
|
|-weather|Snowscape|[upkeep]
|-heal|p2a: Slowking|87/100 brn|[from] item: Leftovers
|-damage|p2a: Slowking|81/100 brn|[from] brn
|upkeep
|turn|24
|
|t:|1779914750
|move|p1a: Raging Bolt|Dragon Pulse|p2a: Slowking
|-damage|p2a: Slowking|56/100 brn
|-prepare|p2a: Slowking|Chilly Reception|[premajor]
|move|p2a: Slowking|Chilly Reception|p2a: Slowking
|
|t:|1779914756
|switch|p2a: Kyurem|Kyurem|1/100|[from] Chilly Reception
|-ability|p2a: Kyurem|Pressure
|
|-weather|Snowscape|[upkeep]
|upkeep
|turn|25
|
|t:|1779914765
|move|p1a: Raging Bolt|Thunderclap|p2a: Kyurem
|-resisted|p2a: Kyurem
|-damage|p2a: Kyurem|0 fnt
|faint|p2a: Kyurem
|
|-weather|none
|upkeep
|
|t:|1779914776
|switch|p2a: Super Saiyajin3|Rillaboom, M|100/100
|-fieldstart|move: Grassy Terrain|[from] ability: Grassy Surge|[of] p2a: Super Saiyajin3
|turn|26
|
|t:|1779914782
|move|p2a: Super Saiyajin3|High Horsepower|p1a: Raging Bolt
|-supereffective|p1a: Raging Bolt
|-damage|p1a: Raging Bolt|0 fnt
|faint|p1a: Raging Bolt
|-end|p1a: Raging Bolt|Protosynthesis|[silent]
|-damage|p2a: Super Saiyajin3|90/100|[from] item: Life Orb
|
|-heal|p2a: Super Saiyajin3|97/100|[from] Grassy Terrain
|upkeep
|
|t:|1779914792
|switch|p1a: Slither Wing|Slither Wing|61/100
|turn|27
|
|t:|1779914797
|switch|p2a: Corviknight|Corviknight, M, shiny|82/100
|move|p1a: Slither Wing|Flare Blitz|p2a: Corviknight
|-supereffective|p2a: Corviknight
|-damage|p2a: Corviknight|0 fnt
|-damage|p1a: Slither Wing|44/100|[from] item: Rocky Helmet|[of] p2a: Corviknight
|faint|p2a: Corviknight
|-damage|p1a: Slither Wing|16/100|[from] Recoil
|
|-heal|p1a: Slither Wing|22/100|[from] Grassy Terrain
|upkeep
|inactive|Leapon has 120 seconds left.
|
|t:|1779914814
|switch|p2a: Iron Valiant|Iron Valiant|100/100
|-enditem|p2a: Iron Valiant|Booster Energy
|-activate|p2a: Iron Valiant|ability: Quark Drive|[fromitem]
|-start|p2a: Iron Valiant|quarkdrivespe
|turn|28
|
|t:|1779914822
|-end|p1a: Slither Wing|Protosynthesis|[silent]
|switch|p1a: Cinderace|Cinderace, F|2/100
|move|p2a: Iron Valiant|Moonblast|p1a: Cinderace
|-resisted|p1a: Cinderace
|-damage|p1a: Cinderace|0 fnt
|faint|p1a: Cinderace
|
|upkeep
|
|t:|1779914833
|switch|p1a: Walking Wake|Walking Wake|88/100
|turn|29
|
|t:|1779914844
|-terastallize|p1a: Walking Wake|Water
|move|p2a: Iron Valiant|Calm Mind|p2a: Iron Valiant
|-boost|p2a: Iron Valiant|spa|1
|-boost|p2a: Iron Valiant|spd|1
|move|p1a: Walking Wake|Hydro Steam|p2a: Iron Valiant
|-damage|p2a: Iron Valiant|12/100
|
|-heal|p2a: Iron Valiant|18/100|[from] Grassy Terrain
|-heal|p1a: Walking Wake|94/100|[from] Grassy Terrain
|upkeep
|turn|30
|
|t:|1779914854
|move|p2a: Iron Valiant|Moonblast|p1a: Walking Wake
|-damage|p1a: Walking Wake|15/100
|move|p1a: Walking Wake|Hydro Steam|p2a: Iron Valiant
|-damage|p2a: Iron Valiant|0 fnt
|faint|p2a: Iron Valiant
|-end|p2a: Iron Valiant|Quark Drive|[silent]
|
|-heal|p1a: Walking Wake|21/100|[from] Grassy Terrain
|-fieldend|move: Grassy Terrain
|upkeep
|
|t:|1779914863
|switch|p2a: Super Saiyajin3|Rillaboom, M|97/100
|-fieldstart|move: Grassy Terrain|[from] ability: Grassy Surge|[of] p2a: Super Saiyajin3
|turn|31
|
|t:|1779914869
|-end|p1a: Walking Wake|Protosynthesis|[silent]
|switch|p1a: Zamazenta|Zamazenta|100/100
|-ability|p1a: Zamazenta|Dauntless Shield|boost
|-boost|p1a: Zamazenta|def|1
|move|p2a: Super Saiyajin3|Grassy Glide|p1a: Zamazenta
|-damage|p1a: Zamazenta|72/100
|-damage|p2a: Super Saiyajin3|87/100|[from] item: Life Orb
|
|-heal|p1a: Zamazenta|79/100|[from] Grassy Terrain
|-heal|p1a: Zamazenta|85/100|[from] item: Leftovers
|-heal|p2a: Super Saiyajin3|93/100|[from] Grassy Terrain
|upkeep
|turn|32
|
|t:|1779914887
|move|p1a: Zamazenta|Body Press|p2a: Super Saiyajin3
|-damage|p2a: Super Saiyajin3|43/100
|move|p2a: Super Saiyajin3|Knock Off|p1a: Zamazenta
|-resisted|p1a: Zamazenta
|-damage|p1a: Zamazenta|72/100
|-enditem|p1a: Zamazenta|Leftovers|[from] move: Knock Off|[of] p2a: Super Saiyajin3
|-damage|p2a: Super Saiyajin3|33/100|[from] item: Life Orb
|
|-heal|p1a: Zamazenta|79/100|[from] Grassy Terrain
|-heal|p2a: Super Saiyajin3|39/100|[from] Grassy Terrain
|upkeep
|turn|33
|
|t:|1779914898
|switch|p2a: Slowking|Slowking-Galar, F|90/100 brn
|move|p1a: Zamazenta|Crunch|p2a: Slowking
|-supereffective|p2a: Slowking
|-damage|p2a: Slowking|46/100 brn
|
|-heal|p1a: Zamazenta|85/100|[from] Grassy Terrain
|-heal|p2a: Slowking|53/100 brn|[from] Grassy Terrain
|-heal|p2a: Slowking|59/100 brn|[from] item: Leftovers
|-damage|p2a: Slowking|53/100 brn|[from] brn
|upkeep
|turn|34
|
|t:|1779914919
|switch|p1a: Walking Wake|Walking Wake, tera:Water|21/100
|move|p2a: Slowking|Sludge Bomb|p1a: Walking Wake
|-damage|p1a: Walking Wake|0 fnt
|faint|p1a: Walking Wake
|-end|p1a: Walking Wake|Protosynthesis|[silent]
|
|-heal|p2a: Slowking|59/100 brn|[from] Grassy Terrain
|-heal|p2a: Slowking|65/100 brn|[from] item: Leftovers
|-damage|p2a: Slowking|59/100 brn|[from] brn
|upkeep
|
|t:|1779914923
|switch|p1a: Slither Wing|Slither Wing|22/100
|turn|35
|
|t:|1779914942
|switch|p2a: Tyranitar|Tyranitar, F|65/100
|-weather|Sandstorm|[from] ability: Sand Stream|[of] p2a: Tyranitar
|move|p1a: Slither Wing|U-turn|p2a: Tyranitar
|-supereffective|p2a: Tyranitar
|-damage|p2a: Tyranitar|0 fnt
|faint|p2a: Tyranitar
|
|t:|1779914948
|-end|p1a: Slither Wing|Protosynthesis|[silent]
|switch|p1a: Zamazenta|Zamazenta|85/100|[from] U-turn
|
|-weather|Sandstorm|[upkeep]
|-damage|p1a: Zamazenta|79/100|[from] Sandstorm
|-heal|p1a: Zamazenta|85/100|[from] Grassy Terrain
|-fieldend|move: Grassy Terrain
|upkeep
|
|t:|1779914955
|switch|p2a: Slowking|Slowking-Galar, F|92/100 brn
|turn|36
|
|t:|1779914961
|move|p1a: Zamazenta|Crunch|p2a: Slowking
|-supereffective|p2a: Slowking
|-damage|p2a: Slowking|42/100 brn
|move|p2a: Slowking|Thunder Wave|p1a: Zamazenta
|-status|p1a: Zamazenta|par
|
|-weather|Sandstorm|[upkeep]
|-damage|p1a: Zamazenta|79/100 par|[from] Sandstorm
|-damage|p2a: Slowking|36/100 brn|[from] Sandstorm
|-heal|p2a: Slowking|42/100 brn|[from] item: Leftovers
|-damage|p2a: Slowking|36/100 brn|[from] brn
|upkeep
|turn|37
|
|t:|1779914974
|cant|p1a: Zamazenta|par
|-prepare|p2a: Slowking|Chilly Reception|[premajor]
|move|p2a: Slowking|Chilly Reception|p2a: Slowking
|-weather|Snowscape
|
|t:|1779914980
|switch|p2a: Super Saiyajin3|Rillaboom, M|39/100|[from] Chilly Reception
|-fieldstart|move: Grassy Terrain|[from] ability: Grassy Surge|[of] p2a: Super Saiyajin3
|
|-weather|Snowscape|[upkeep]
|-heal|p2a: Super Saiyajin3|45/100|[from] Grassy Terrain
|-heal|p1a: Zamazenta|85/100 par|[from] Grassy Terrain
|upkeep
|turn|38
|
|t:|1779914991
|move|p2a: Super Saiyajin3|Swords Dance|p2a: Super Saiyajin3
|-boost|p2a: Super Saiyajin3|atk|2
|move|p1a: Zamazenta|Body Press|p2a: Super Saiyajin3
|-damage|p2a: Super Saiyajin3|15/100
|
|-weather|Snowscape|[upkeep]
|-heal|p2a: Super Saiyajin3|21/100|[from] Grassy Terrain
|-heal|p1a: Zamazenta|91/100 par|[from] Grassy Terrain
|upkeep
|turn|39
|
|t:|1779915006
|move|p2a: Super Saiyajin3|Grassy Glide|p1a: Zamazenta
|-damage|p1a: Zamazenta|4/100 par
|-damage|p2a: Super Saiyajin3|11/100|[from] item: Life Orb
|cant|p1a: Zamazenta|par
|
|-weather|Snowscape|[upkeep]
|-heal|p2a: Super Saiyajin3|17/100|[from] Grassy Terrain
|-heal|p1a: Zamazenta|10/100 par|[from] Grassy Terrain
|upkeep
|turn|40
|
|t:|1779915017
|move|p2a: Super Saiyajin3|Grassy Glide|p1a: Zamazenta
|-damage|p1a: Zamazenta|0 fnt
|faint|p1a: Zamazenta
|-damage|p2a: Super Saiyajin3|7/100|[from] item: Life Orb
|
|-weather|Snowscape|[upkeep]
|-heal|p2a: Super Saiyajin3|14/100|[from] Grassy Terrain
|upkeep
|
|t:|1779915025
|switch|p1a: Slither Wing|Slither Wing|22/100
|turn|41
|
|t:|1779915031
|switch|p2a: Slowking|Slowking-Galar, F|69/100 brn
|move|p1a: Slither Wing|U-turn|p2a: Slowking
|-damage|p2a: Slowking|8/100 brn
|
|-weather|none
|-heal|p1a: Slither Wing|28/100|[from] Grassy Terrain
|-heal|p2a: Slowking|14/100 brn|[from] Grassy Terrain
|-heal|p2a: Slowking|21/100 brn|[from] item: Leftovers
|-damage|p2a: Slowking|14/100 brn|[from] brn
|-fieldend|move: Grassy Terrain
|upkeep
|turn|42
|c|☆Blitzburgh|the double para to lose is rough
|inactive|Leapon has 120 seconds left.
|inactive|Leapon has 90 seconds left.
|
|t:|1779915100
|move|p1a: Slither Wing|U-turn|p2a: Slowking
|-damage|p2a: Slowking|0 fnt
|faint|p2a: Slowking
|
|upkeep
|
|t:|1779915106
|switch|p2a: Super Saiyajin3|Rillaboom, M|14/100
|-fieldstart|move: Grassy Terrain|[from] ability: Grassy Surge|[of] p2a: Super Saiyajin3
|turn|43
|inactive|Leapon has 90 seconds left.
|
|t:|1779915113
|-terastallize|p2a: Super Saiyajin3|Fire
|move|p2a: Super Saiyajin3|Grassy Glide|p1a: Slither Wing
|-resisted|p1a: Slither Wing
|-damage|p1a: Slither Wing|0 fnt
|faint|p1a: Slither Wing
|-end|p1a: Slither Wing|Protosynthesis|[silent]
|-damage|p2a: Super Saiyajin3|4/100|[from] item: Life Orb
|
|win|Leapon
|n|☆Blitzburgh|blitzburgh
|n|☆Leapon|leapon
|n|*Lady Monita |ladymonita
|l|*Lady Monita 
|c|☆Leapon|gg
