|j|☆pinko_dinko
|j|☆Peteblackx
|t:|1779865562
|gametype|singles
|player|p1|pinko_dinko|medium|1277
|player|p2|Peteblackx|266|1254
|gen|9
|tier|[Gen 9] OU
|rated|
|rule|HP Percentage Mod: HP is shown in percentages
|rule|Endless Battle Clause: Forcing endless battles is banned
|rule|Species Clause: Limit one of each Pokémon
|rule|OHKO Clause: OHKO moves are banned
|rule|Evasion Items Clause: Evasion items are banned
|rule|Evasion Moves Clause: Evasion moves are banned
|rule|Evasion Abilities Clause: Evasion abilities are banned
|rule|Sleep Moves Clause: Sleep-inducing moves are banned
|clearpoke
|poke|p1|Alomomola, F|
|poke|p1|Thundurus-Therian, M|
|poke|p1|Slowking-Galar, M|
|poke|p1|Glastrier|
|poke|p1|Sableye, M|
|poke|p1|Golem, M|
|poke|p2|Toxtricity, M|
|poke|p2|Latios, M|
|poke|p2|Basculegion, M|
|poke|p2|Cinderace, M|
|poke|p2|Kingambit, M|
|poke|p2|Great Tusk|
|teampreview
|
|t:|1779865577
|teamsize|p1|6
|teamsize|p2|6
|start
|switch|p1a: Sableye|Sableye, M|100/100
|switch|p2a: Great Tusk|Great Tusk|100/100
|turn|1
|inactive|Battle timer is ON: inactive players will automatically lose when time's up. (requested by pinko_dinko)
|
|t:|1779865593
|move|p1a: Sableye|Will-O-Wisp|p2a: Great Tusk|[miss]
|-miss|p1a: Sableye|p2a: Great Tusk
|move|p2a: Great Tusk|Stealth Rock|p1a: Sableye
|-sidestart|p1: pinko_dinko|move: Stealth Rock
|
|upkeep
|turn|2
|
|t:|1779865598
|-end|p2a: Great Tusk|Protosynthesis|[silent]
|switch|p2a: Cinderace|Cinderace, M|100/100
|move|p1a: Sableye|Encore||[still]
|-fail|p1a: Sableye
|
|upkeep
|turn|3
|
|t:|1779865601
|move|p1a: Sableye|Thunder Wave|p2a: Cinderace
|-status|p2a: Cinderace|par
|move|p2a: Cinderace|Pyro Ball|p1a: Sableye
|-damage|p1a: Sableye|32/100
|
|upkeep
|turn|4
|
|t:|1779865619
|switch|p1a: Slowking|Slowking-Galar, M|100/100
|move|p2a: Cinderace|Will-O-Wisp|p1a: Slowking
|-status|p1a: Slowking|brn
|
|-damage|p1a: Slowking|94/100 brn|[from] brn
|upkeep
|turn|5
|
|t:|1779865624
|move|p2a: Cinderace|U-turn|p1a: Slowking
|-start|p2a: Cinderace|typechange|Bug|[from] ability: Libero
|-damage|p1a: Slowking|67/100 brn
|
|t:|1779865628
|switch|p2a: Kingambit|Kingambit, M|100/100|[from] U-turn
|move|p1a: Slowking|Trick Room|p1a: Slowking
|-fieldstart|move: Trick Room|[of] p1a: Slowking
|
|-damage|p1a: Slowking|61/100 brn|[from] brn
|upkeep
|turn|6
|
|t:|1779865643
|switch|p1a: Golem|Golem, M|100/100
|-damage|p1a: Golem|95/100|[from] Stealth Rock
|move|p2a: Kingambit|Kowtow Cleave|p1a: Golem
|-damage|p1a: Golem|34/100
|
|upkeep
|turn|7
|
|t:|1779865649
|move|p2a: Kingambit|Sucker Punch|p1a: Golem
|-damage|p1a: Golem|0 fnt
|faint|p1a: Golem
|
|upkeep
|-message|pinko_dinko forfeited.
|
|win|Peteblackx
|raw|pinko_dinko's rating: 1277 &rarr; <strong>1250</strong><br />(-27 for losing)
|raw|Peteblackx's rating: 1254 &rarr; <strong>1281</strong><br />(+27 for winning)
|l|☆pinko_dinko
|player|p1|
|l|☆Peteblackx
|player|p2|
