|j|☆somsleep
|j|☆AKGD
|t:|1779905320
|gametype|singles
|player|p1|somsleep|170|1523
|player|p2|AKGD|miku-flying|1523
|gen|9
|tier|[Gen 9] OU
|rated|
|rule|HP Percentage Mod: HP is shown in percentages
|rule|Endless Battle Clause: Forcing endless battles is banned
|rule|Species Clause: Limit one of each Pokémon
|rule|OHKO Clause: OHKO moves are banned
|rule|Evasion Items Clause: Evasion items are banned
|rule|Evasion Moves Clause: Evasion moves are banned
|rule|Evasion Abilities Clause: Evasion abilities are banned
|rule|Sleep Moves Clause: Sleep-inducing moves are banned
|clearpoke
|poke|p1|Abomasnow, M|
|poke|p1|Cetitan, M|
|poke|p1|Rotom|
|poke|p1|Illumise, F|
|poke|p1|Keldeo-Resolute|
|poke|p1|Iron Treads|
|poke|p2|Iron Moth|
|poke|p2|Ogerpon-Wellspring, F|
|poke|p2|Raging Bolt|
|poke|p2|Great Tusk|
|poke|p2|Darkrai|
|poke|p2|Deoxys-Speed|
|teampreview
|inactive|Battle timer is ON: inactive players will automatically lose when time's up. (requested by AKGD)
|
|t:|1779905324
|teamsize|p1|6
|teamsize|p2|6
|start
|switch|p1a: Rotom|Rotom|100/100
|switch|p2a: Deoxys|Deoxys-Speed|100/100
|-ability|p2a: Deoxys|Pressure
|turn|1
|c|☆AKGD|Cetitan? I like it
|
|t:|1779905340
|move|p2a: Deoxys|Taunt|p1a: Rotom
|-start|p1a: Rotom|move: Taunt
|cant|p1a: Rotom|move: Taunt|Trick
|
|upkeep
|turn|2
|
|t:|1779905345
|switch|p1a: Iron Treads|Iron Treads|100/100
|-enditem|p1a: Iron Treads|Booster Energy
|-activate|p1a: Iron Treads|ability: Quark Drive|[fromitem]
|-start|p1a: Iron Treads|quarkdrivespe
|move|p2a: Deoxys|Light Screen|p2a: Deoxys
|-sidestart|p2: AKGD|move: Light Screen
|
|upkeep
|turn|3
|
|t:|1779905352
|move|p1a: Iron Treads|Stealth Rock|p2a: Deoxys
|-sidestart|p2: AKGD|move: Stealth Rock
|move|p2a: Deoxys|Icy Wind|p1a: Iron Treads
|-damage|p1a: Iron Treads|84/100
|-unboost|p1a: Iron Treads|spe|1
|
|upkeep
|turn|4
|
|t:|1779905359
|move|p2a: Deoxys|Reflect|p2a: Deoxys
|-sidestart|p2: AKGD|Reflect
|move|p1a: Iron Treads|Rapid Spin|p2a: Deoxys
|-crit|p2a: Deoxys
|-damage|p2a: Deoxys|74/100
|-boost|p1a: Iron Treads|spe|1
|
|upkeep
|turn|5
|
|t:|1779905372
|move|p1a: Iron Treads|Rapid Spin|p2a: Deoxys
|-damage|p2a: Deoxys|64/100
|-boost|p1a: Iron Treads|spe|1
|move|p2a: Deoxys|Icy Wind|p1a: Iron Treads|[miss]
|-miss|p2a: Deoxys|p1a: Iron Treads
|
|upkeep
|turn|6
|
|t:|1779905379
|switch|p2a: Darkrai|Darkrai|100/100
|-damage|p2a: Darkrai|88/100|[from] Stealth Rock
|move|p1a: Iron Treads|Iron Head|p2a: Darkrai
|-damage|p2a: Darkrai|65/100
|
|upkeep
|turn|7
|
|t:|1779905389
|move|p1a: Iron Treads|Iron Head|p2a: Darkrai
|-damage|p2a: Darkrai|41/100
|cant|p2a: Darkrai|flinch
|
|upkeep
|turn|8
|
|t:|1779905398
|move|p1a: Iron Treads|Earthquake|p2a: Darkrai
|-damage|p2a: Darkrai|8/100
|move|p2a: Darkrai|Focus Blast|p1a: Iron Treads
|-supereffective|p1a: Iron Treads
|-damage|p1a: Iron Treads|0 fnt
|faint|p1a: Iron Treads
|-end|p1a: Iron Treads|Quark Drive|[silent]
|
|upkeep
|j| Yamhard
|
|t:|1779905406
|switch|p1a: Cetitan|Cetitan, M|100/100
|turn|9
|
|t:|1779905413
|move|p1a: Cetitan|Ice Shard|p2a: Darkrai
|-damage|p2a: Darkrai|0 fnt
|faint|p2a: Darkrai
|
|-sideend|p2: AKGD|move: Light Screen
|upkeep
|
|t:|1779905431
|switch|p2a: Iron Moth|Iron Moth|100/100
|-damage|p2a: Iron Moth|76/100|[from] Stealth Rock
|-enditem|p2a: Iron Moth|Booster Energy
|-activate|p2a: Iron Moth|ability: Quark Drive|[fromitem]
|-start|p2a: Iron Moth|quarkdrivespe
|turn|10
|
|t:|1779905446
|switch|p1a: Rotom|Rotom|100/100
|move|p2a: Iron Moth|Fiery Dance|p1a: Rotom
|-damage|p1a: Rotom|43/100
|-boost|p2a: Iron Moth|spa|1
|
|upkeep
|turn|11
|
|t:|1779905456
|move|p2a: Iron Moth|Fiery Dance|p1a: Rotom
|-damage|p1a: Rotom|0 fnt
|-boost|p2a: Iron Moth|spa|1
|faint|p1a: Rotom
|
|-sideend|p2: AKGD|Reflect
|upkeep
|
|t:|1779905462
|switch|p1a: Illumise|Illumise, F|100/100
|turn|12
|
|t:|1779905484
|move|p1a: Illumise|Tailwind|p1a: Illumise
|-sidestart|p1: somsleep|move: Tailwind
|move|p2a: Iron Moth|Fiery Dance|p1a: Illumise
|-supereffective|p1a: Illumise
|-damage|p1a: Illumise|0 fnt
|-boost|p2a: Iron Moth|spa|1
|faint|p1a: Illumise
|
|upkeep
|
|t:|1779905488
|switch|p1a: Keldeo|Keldeo-Resolute|100/100
|turn|13
|
|t:|1779905500
|move|p1a: Keldeo|Substitute|p1a: Keldeo
|-start|p1a: Keldeo|Substitute
|-damage|p1a: Keldeo|76/100
|move|p2a: Iron Moth|Energy Ball|p1a: Keldeo
|-supereffective|p1a: Keldeo
|-end|p1a: Keldeo|Substitute
|
|-heal|p1a: Keldeo|82/100|[from] item: Leftovers
|upkeep
|turn|14
|
|t:|1779905512
|move|p1a: Keldeo|Surf|p2a: Iron Moth
|-supereffective|p2a: Iron Moth
|-damage|p2a: Iron Moth|0 fnt
|faint|p2a: Iron Moth
|-end|p2a: Iron Moth|Quark Drive|[silent]
|
|-heal|p1a: Keldeo|88/100|[from] item: Leftovers
|upkeep
|
|t:|1779905520
|switch|p2a: Deoxys|Deoxys-Speed|64/100
|-damage|p2a: Deoxys|52/100|[from] Stealth Rock
|-ability|p2a: Deoxys|Pressure
|turn|15
|
|t:|1779905526
|move|p1a: Keldeo|Surf|p2a: Deoxys
|-damage|p2a: Deoxys|0 fnt
|faint|p2a: Deoxys
|
|-heal|p1a: Keldeo|94/100|[from] item: Leftovers
|-sideend|p1: somsleep|move: Tailwind
|upkeep
|
|t:|1779905537
|switch|p2a: Raging Bolt|Raging Bolt|100/100
|-damage|p2a: Raging Bolt|88/100|[from] Stealth Rock
|-enditem|p2a: Raging Bolt|Booster Energy
|-activate|p2a: Raging Bolt|ability: Protosynthesis|[fromitem]
|-start|p2a: Raging Bolt|protosynthesisspa
|turn|16
|
|t:|1779905551
|switch|p1a: Abomasnow|Abomasnow, M, shiny|100/100
|-weather|Snowscape|[from] ability: Snow Warning|[of] p1a: Abomasnow
|move|p2a: Raging Bolt|Thunderbolt|p1a: Abomasnow
|-resisted|p1a: Abomasnow
|-damage|p1a: Abomasnow|57/100
|
|-weather|Snowscape|[upkeep]
|upkeep
|turn|17
|
|t:|1779905560
|move|p2a: Raging Bolt|Dragon Pulse|p1a: Abomasnow
|-damage|p1a: Abomasnow|0 fnt
|faint|p1a: Abomasnow
|
|-weather|Snowscape|[upkeep]
|upkeep
|
|t:|1779905563
|switch|p1a: Cetitan|Cetitan, M|100/100
|turn|18
|
|t:|1779905576
|-terastallize|p2a: Raging Bolt|Ghost
|move|p1a: Cetitan|Belly Drum|p1a: Cetitan
|-damage|p1a: Cetitan|50/100
|-setboost|p1a: Cetitan|atk|6|[from] move: Belly Drum
|-enditem|p1a: Cetitan|Sitrus Berry|[eat]
|-heal|p1a: Cetitan|75/100|[from] item: Sitrus Berry
|move|p2a: Raging Bolt|Thunderbolt|p1a: Cetitan
|-damage|p1a: Cetitan|0 fnt
|faint|p1a: Cetitan
|
|-weather|Snowscape|[upkeep]
|upkeep
|
|t:|1779905586
|switch|p1a: Keldeo|Keldeo-Resolute|94/100
|turn|19
|l| Yamhard
|
|t:|1779905595
|-terastallize|p1a: Keldeo|Steel
|move|p1a: Keldeo|Calm Mind|p1a: Keldeo
|-boost|p1a: Keldeo|spa|1
|-boost|p1a: Keldeo|spd|1
|move|p2a: Raging Bolt|Dragon Pulse|p1a: Keldeo
|-resisted|p1a: Keldeo
|-damage|p1a: Keldeo|67/100
|
|-weather|Snowscape|[upkeep]
|-heal|p1a: Keldeo|73/100|[from] item: Leftovers
|upkeep
|turn|20
|
|t:|1779905604
|move|p1a: Keldeo|Calm Mind|p1a: Keldeo
|-boost|p1a: Keldeo|spa|1
|-boost|p1a: Keldeo|spd|1
|move|p2a: Raging Bolt|Thunderbolt|p1a: Keldeo
|-damage|p1a: Keldeo|29/100
|-status|p1a: Keldeo|par
|
|-weather|none
|-heal|p1a: Keldeo|35/100 par|[from] item: Leftovers
|upkeep
|turn|21
|
|t:|1779905612
|move|p2a: Raging Bolt|Thunderbolt|p1a: Keldeo
|-damage|p1a: Keldeo|0 fnt
|faint|p1a: Keldeo
|
|win|AKGD
|raw|somsleep's rating: 1523 &rarr; <strong>1503</strong><br />(-20 for losing)
|raw|AKGD's rating: 1523 &rarr; <strong>1543</strong><br />(+20 for winning)
|l|☆somsleep
|player|p1|
|c|☆AKGD|gg
|l|☆AKGD
|player|p2|
