|j|☆Leader Alastor
|j|☆FireSide_01
|t:|1779939025
|gametype|singles
|player|p1|Leader Alastor|blue|1481
|player|p2|FireSide_01|janine|1491
|gen|9
|tier|[Gen 9] OU
|rated|
|rule|HP Percentage Mod: HP is shown in percentages
|rule|Endless Battle Clause: Forcing endless battles is banned
|rule|Species Clause: Limit one of each Pokémon
|rule|OHKO Clause: OHKO moves are banned
|rule|Evasion Items Clause: Evasion items are banned
|rule|Evasion Moves Clause: Evasion moves are banned
|rule|Evasion Abilities Clause: Evasion abilities are banned
|rule|Sleep Moves Clause: Sleep-inducing moves are banned
|clearpoke
|poke|p1|Ceruledge, M|
|poke|p1|Iron Valiant|
|poke|p1|Lilligant, F|
|poke|p1|Cloyster, F|
|poke|p1|Noivern, M|
|poke|p1|Malamar, M|
|poke|p2|Ninetales, F|
|poke|p2|Walking Wake|
|poke|p2|Typhlosion-Hisui, F|
|poke|p2|Great Tusk|
|poke|p2|Rillaboom, F|
|poke|p2|Raging Bolt|
|teampreview
|inactive|Battle timer is ON: inactive players will automatically lose when time's up. (requested by FireSide_01)
|
|t:|1779939042
|teamsize|p1|6
|teamsize|p2|6
|start
|switch|p1a: Trident|Cloyster, F|100/100
|switch|p2a: Ninetales|Ninetales, F|100/100
|-weather|SunnyDay|[from] ability: Drought|[of] p2a: Ninetales
|turn|1
|
|t:|1779939047
|move|p2a: Ninetales|Will-O-Wisp|p1a: Trident
|-status|p1a: Trident|brn
|move|p1a: Trident|Shell Smash|p1a: Trident
|-unboost|p1a: Trident|def|1
|-unboost|p1a: Trident|spd|1
|-boost|p1a: Trident|atk|2
|-boost|p1a: Trident|spa|2
|-boost|p1a: Trident|spe|2
|
|-weather|SunnyDay|[upkeep]
|-damage|p1a: Trident|94/100 brn|[from] brn
|upkeep
|turn|2
|j| peeekapeee
|c| peeekapeee|Fight
|
|t:|1779939071
|switch|p2a: Raging Bolt|Raging Bolt|100/100
|-activate|p2a: Raging Bolt|ability: Protosynthesis
|-start|p2a: Raging Bolt|protosynthesisspa
|move|p1a: Trident|Rock Blast|p2a: Raging Bolt
|-damage|p2a: Raging Bolt|94/100
|-damage|p2a: Raging Bolt|86/100
|-damage|p2a: Raging Bolt|79/100
|-damage|p2a: Raging Bolt|72/100
|-damage|p2a: Raging Bolt|65/100
|-hitcount|p2a: Raging Bolt|5
|
|-weather|SunnyDay|[upkeep]
|-damage|p1a: Trident|88/100 brn|[from] brn
|upkeep
|turn|3
|
|t:|1779939076
|move|p2a: Raging Bolt|Thunderclap||[still]
|-fail|p2a: Raging Bolt
|move|p1a: Trident|Shell Smash|p1a: Trident
|-unboost|p1a: Trident|def|1
|-unboost|p1a: Trident|spd|1
|-boost|p1a: Trident|atk|2
|-boost|p1a: Trident|spa|2
|-boost|p1a: Trident|spe|2
|
|-weather|SunnyDay|[upkeep]
|-damage|p1a: Trident|82/100 brn|[from] brn
|upkeep
|turn|4
|
|t:|1779939078
|move|p2a: Raging Bolt|Thunderclap||[still]
|-fail|p2a: Raging Bolt
|move|p1a: Trident|Shell Smash|p1a: Trident
|-unboost|p1a: Trident|def|1
|-unboost|p1a: Trident|spd|1
|-boost|p1a: Trident|atk|2
|-boost|p1a: Trident|spa|2
|-boost|p1a: Trident|spe|2
|
|-weather|SunnyDay|[upkeep]
|-damage|p1a: Trident|76/100 brn|[from] brn
|upkeep
|turn|5
|
|t:|1779939080
|move|p2a: Raging Bolt|Thunderclap||[still]
|-fail|p2a: Raging Bolt
|move|p1a: Trident|Shell Smash|p1a: Trident
|-unboost|p1a: Trident|def|1
|-unboost|p1a: Trident|spd|1
|-boost|p1a: Trident|atk|0
|-boost|p1a: Trident|spa|0
|-boost|p1a: Trident|spe|0
|
|-weather|SunnyDay|[upkeep]
|-damage|p1a: Trident|69/100 brn|[from] brn
|upkeep
|turn|6
|
|t:|1779939083
|move|p2a: Raging Bolt|Thunderclap||[still]
|-fail|p2a: Raging Bolt
|move|p1a: Trident|Shell Smash|p1a: Trident
|-unboost|p1a: Trident|def|1
|-unboost|p1a: Trident|spd|1
|-boost|p1a: Trident|atk|0
|-boost|p1a: Trident|spa|0
|-boost|p1a: Trident|spe|0
|
|-weather|SunnyDay|[upkeep]
|-damage|p1a: Trident|63/100 brn|[from] brn
|upkeep
|turn|7
|
|t:|1779939085
|move|p1a: Trident|Icicle Spear|p2a: Raging Bolt
|-supereffective|p2a: Raging Bolt
|-damage|p2a: Raging Bolt|18/100
|-supereffective|p2a: Raging Bolt
|-damage|p2a: Raging Bolt|0 fnt
|faint|p2a: Raging Bolt
|-end|p2a: Raging Bolt|Protosynthesis|[silent]
|-hitcount|p2: Raging Bolt|2
|
|-weather|SunnyDay|[upkeep]
|-damage|p1a: Trident|57/100 brn|[from] brn
|upkeep
|c|☆Leader Alastor|lol
|
|t:|1779939094
|switch|p2a: Walking Wake|Walking Wake|100/100
|-activate|p2a: Walking Wake|ability: Protosynthesis
|-start|p2a: Walking Wake|protosynthesisspa
|turn|8
|
|t:|1779939097
|-terastallize|p2a: Walking Wake|Water
|move|p1a: Trident|Icicle Spear|p2a: Walking Wake
|-resisted|p2a: Walking Wake
|-crit|p2a: Walking Wake
|-damage|p2a: Walking Wake|83/100
|-resisted|p2a: Walking Wake
|-damage|p2a: Walking Wake|69/100
|-resisted|p2a: Walking Wake
|-crit|p2a: Walking Wake
|-damage|p2a: Walking Wake|51/100
|-resisted|p2a: Walking Wake
|-damage|p2a: Walking Wake|37/100
|-resisted|p2a: Walking Wake
|-damage|p2a: Walking Wake|25/100
|-hitcount|p2a: Walking Wake|5
|move|p2a: Walking Wake|Hydro Steam|p1a: Trident
|-resisted|p1a: Trident
|-damage|p1a: Trident|0 fnt
|faint|p1a: Trident
|
|-weather|none
|-end|p2a: Walking Wake|Protosynthesis
|upkeep
|
|t:|1779939104
|switch|p1a: Gladius|Lilligant, F|100/100
|turn|9
|
|t:|1779939109
|-end|p2a: Walking Wake|Protosynthesis|[silent]
|switch|p2a: Ninetales|Ninetales, F|100/100
|-weather|SunnyDay|[from] ability: Drought|[of] p2a: Ninetales
|move|p1a: Gladius|Quiver Dance|p1a: Gladius
|-boost|p1a: Gladius|spa|1
|-boost|p1a: Gladius|spd|1
|-boost|p1a: Gladius|spe|1
|
|-weather|SunnyDay|[upkeep]
|upkeep
|turn|10
|
|t:|1779939112
|move|p1a: Gladius|Quiver Dance|p1a: Gladius
|-boost|p1a: Gladius|spa|1
|-boost|p1a: Gladius|spd|1
|-boost|p1a: Gladius|spe|1
|move|p2a: Ninetales|Encore|p1a: Gladius
|-start|p1a: Gladius|Encore
|
|-weather|SunnyDay|[upkeep]
|upkeep
|turn|11
|
|t:|1779939116
|switch|p2a: Typhlosion|Typhlosion-Hisui, F|100/100
|move|p1a: Gladius|Quiver Dance|p1a: Gladius
|-boost|p1a: Gladius|spa|1
|-boost|p1a: Gladius|spd|1
|-boost|p1a: Gladius|spe|1
|
|-weather|SunnyDay|[upkeep]
|upkeep
|turn|12
|
|t:|1779939119
|move|p1a: Gladius|Quiver Dance|p1a: Gladius
|-boost|p1a: Gladius|spa|1
|-boost|p1a: Gladius|spd|1
|-boost|p1a: Gladius|spe|1
|move|p2a: Typhlosion|Eruption|p1a: Gladius
|-supereffective|p1a: Gladius
|-damage|p1a: Gladius|0 fnt
|faint|p1a: Gladius
|
|-weather|SunnyDay|[upkeep]
|upkeep
|
|t:|1779939124
|switch|p1a: Flamberge|Ceruledge, M|100/100
|turn|13
|
|t:|1779939134
|switch|p2a: Great Tusk|Great Tusk|100/100
|-activate|p2a: Great Tusk|ability: Protosynthesis
|-start|p2a: Great Tusk|protosynthesisspe
|move|p1a: Flamberge|Swords Dance|p1a: Flamberge
|-boost|p1a: Flamberge|atk|2
|
|-weather|SunnyDay|[upkeep]
|upkeep
|turn|14
|
|t:|1779939145
|move|p2a: Great Tusk|Headlong Rush|p1a: Flamberge
|-supereffective|p1a: Flamberge
|-enditem|p1a: Flamberge|Focus Sash
|-damage|p1a: Flamberge|1/100
|-unboost|p2a: Great Tusk|def|1
|-unboost|p2a: Great Tusk|spd|1
|-ability|p1a: Flamberge|Weak Armor|boost
|-unboost|p1a: Flamberge|def|1
|-boost|p1a: Flamberge|spe|2
|move|p1a: Flamberge|Swords Dance|p1a: Flamberge
|-boost|p1a: Flamberge|atk|2
|
|-weather|SunnyDay|[upkeep]
|upkeep
|turn|15
|
|t:|1779939149
|-end|p2a: Great Tusk|Protosynthesis|[silent]
|switch|p2a: Walking Wake|Walking Wake, tera:Water|25/100
|-activate|p2a: Walking Wake|ability: Protosynthesis
|-start|p2a: Walking Wake|protosynthesisspa
|move|p1a: Flamberge|Bitter Blade|p2a: Walking Wake
|-resisted|p2a: Walking Wake
|-damage|p2a: Walking Wake|0 fnt
|-heal|p1a: Flamberge|15/100|[from] drain|[of] p2a: Walking Wake
|faint|p2a: Walking Wake
|-end|p2a: Walking Wake|Protosynthesis|[silent]
|
|-weather|SunnyDay|[upkeep]
|upkeep
|
|t:|1779939153
|switch|p2a: Rillaboom|Rillaboom, F|100/100
|-fieldstart|move: Grassy Terrain|[from] ability: Grassy Surge|[of] p2a: Rillaboom
|turn|16
|
|t:|1779939155
|move|p1a: Flamberge|Shadow Sneak|p2a: Rillaboom
|-damage|p2a: Rillaboom|29/100
|move|p2a: Rillaboom|Grassy Glide|p1a: Flamberge
|-resisted|p1a: Flamberge
|-damage|p1a: Flamberge|0 fnt
|faint|p1a: Flamberge
|
|-weather|none
|-heal|p2a: Rillaboom|35/100|[from] Grassy Terrain
|upkeep
|
|t:|1779939158
|switch|p1a: Scimitar|Noivern, M|100/100
|turn|17
|
|t:|1779939160
|switch|p2a: Ninetales|Ninetales, F|100/100
|-weather|SunnyDay|[from] ability: Drought|[of] p2a: Ninetales
|move|p1a: Scimitar|Boomburst|p2a: Ninetales
|-damage|p2a: Ninetales|64/100
|-enditem|p1a: Scimitar|Throat Spray
|-boost|p1a: Scimitar|spa|1|[from] item: Throat Spray
|
|-weather|SunnyDay|[upkeep]
|-heal|p2a: Ninetales|70/100|[from] Grassy Terrain
|upkeep
|turn|18
|
|t:|1779939167
|move|p1a: Scimitar|Air Slash|p2a: Ninetales
|-damage|p2a: Ninetales|26/100
|move|p2a: Ninetales|Healing Wish|p2a: Ninetales
|faint|p2a: Ninetales
|
|-weather|SunnyDay|[upkeep]
|upkeep
|
|t:|1779939177
|switch|p2a: Great Tusk|Great Tusk|100/100
|-activate|p2a: Great Tusk|ability: Protosynthesis
|-start|p2a: Great Tusk|protosynthesisspe
|turn|19
|
|t:|1779939182
|move|p2a: Great Tusk|Ice Spinner|p1a: Scimitar
|-supereffective|p1a: Scimitar
|-damage|p1a: Scimitar|0 fnt
|-fieldend|move: Grassy Terrain
|faint|p1a: Scimitar
|
|-weather|SunnyDay|[upkeep]
|upkeep
|
|t:|1779939185
|switch|p1a: Glaive|Iron Valiant|100/100
|-enditem|p1a: Glaive|Booster Energy
|-activate|p1a: Glaive|ability: Quark Drive|[fromitem]
|-start|p1a: Glaive|quarkdrivespe
|turn|20
|
|t:|1779939191
|move|p1a: Glaive|Swords Dance|p1a: Glaive
|-boost|p1a: Glaive|atk|2
|move|p2a: Great Tusk|Headlong Rush|p1a: Glaive
|-damage|p1a: Glaive|34/100
|-unboost|p2a: Great Tusk|def|1
|-unboost|p2a: Great Tusk|spd|1
|
|-weather|SunnyDay|[upkeep]
|upkeep
|turn|21
|
|t:|1779939195
|move|p1a: Glaive|Drain Punch|p2a: Great Tusk
|-damage|p2a: Great Tusk|33/100
|-heal|p1a: Glaive|85/100|[from] drain|[of] p2a: Great Tusk
|move|p2a: Great Tusk|Headlong Rush|p1a: Glaive
|-damage|p1a: Glaive|16/100
|-unboost|p2a: Great Tusk|def|1
|-unboost|p2a: Great Tusk|spd|1
|
|-weather|SunnyDay|[upkeep]
|upkeep
|turn|22
|
|t:|1779939202
|move|p1a: Glaive|Drain Punch|p2a: Great Tusk
|-damage|p2a: Great Tusk|0 fnt
|-heal|p1a: Glaive|40/100|[from] drain|[of] p2a: Great Tusk
|faint|p2a: Great Tusk
|-end|p2a: Great Tusk|Protosynthesis|[silent]
|
|-weather|SunnyDay|[upkeep]
|upkeep
|
|t:|1779939204
|switch|p2a: Rillaboom|Rillaboom, F|35/100
|-heal|p2a: Rillaboom|100/100|[from] move: Healing Wish
|-fieldstart|move: Grassy Terrain|[from] ability: Grassy Surge|[of] p2a: Rillaboom
|turn|23
|
|t:|1779939208
|move|p2a: Rillaboom|Grassy Glide|p1a: Glaive
|-damage|p1a: Glaive|0 fnt
|faint|p1a: Glaive
|-end|p1a: Glaive|Quark Drive|[silent]
|
|-weather|SunnyDay|[upkeep]
|upkeep
|
|t:|1779939210
|switch|p1a: Partisan|Malamar, M|100/100
|turn|24
|
|t:|1779939217
|switch|p2a: Typhlosion|Typhlosion-Hisui, F|100/100
|move|p1a: Partisan|Throat Chop|p2a: Typhlosion
|-supereffective|p2a: Typhlosion
|-damage|p2a: Typhlosion|0 fnt
|faint|p2a: Typhlosion
|
|-weather|none
|upkeep
|
|t:|1779939220
|switch|p2a: Rillaboom|Rillaboom, F|100/100
|turn|25
|
|t:|1779939225
|-terastallize|p1a: Partisan|Poison
|move|p2a: Rillaboom|U-turn|p1a: Partisan
|-resisted|p1a: Partisan
|-crit|p1a: Partisan
|-damage|p1a: Partisan|70/100
|move|p1a: Partisan|Superpower|p2a: Rillaboom
|-damage|p2a: Rillaboom|61/100
|-boost|p1a: Partisan|atk|1
|-boost|p1a: Partisan|def|1
|
|-heal|p2a: Rillaboom|67/100|[from] Grassy Terrain
|-heal|p1a: Partisan|76/100|[from] Grassy Terrain
|upkeep
|turn|26
|
|t:|1779939231
|move|p2a: Rillaboom|U-turn|p1a: Partisan
|-resisted|p1a: Partisan
|-damage|p1a: Partisan|64/100
|move|p1a: Partisan|Superpower|p2a: Rillaboom
|-damage|p2a: Rillaboom|7/100
|-boost|p1a: Partisan|atk|1
|-boost|p1a: Partisan|def|1
|
|-heal|p2a: Rillaboom|13/100|[from] Grassy Terrain
|-heal|p1a: Partisan|70/100|[from] Grassy Terrain
|upkeep
|turn|27
|c|☆Leader Alastor|gg
|
|t:|1779939233
|move|p2a: Rillaboom|U-turn|p1a: Partisan
|-resisted|p1a: Partisan
|-damage|p1a: Partisan|60/100
|move|p1a: Partisan|Superpower|p2a: Rillaboom
|-damage|p2a: Rillaboom|0 fnt
|-boost|p1a: Partisan|atk|1
|-boost|p1a: Partisan|def|1
|faint|p2a: Rillaboom
|
|win|Leader Alastor
|raw|Leader Alastor's rating: 1481 &rarr; <strong>1502</strong><br />(+21 for winning)
|raw|FireSide_01's rating: 1491 &rarr; <strong>1470</strong><br />(-21 for losing)
|c|☆FireSide_01|gg
