|j|☆DEEZ NUTHS
|j|☆chessmaster 2000
|t:|1779855361
|gametype|singles
|player|p1|DEEZ NUTHS|steven|1370
|player|p2|chessmaster 2000|firebreather|1413
|gen|9
|tier|[Gen 9] OU
|rated|
|rule|HP Percentage Mod: HP is shown in percentages
|rule|Endless Battle Clause: Forcing endless battles is banned
|rule|Species Clause: Limit one of each Pokémon
|rule|OHKO Clause: OHKO moves are banned
|rule|Evasion Items Clause: Evasion items are banned
|rule|Evasion Moves Clause: Evasion moves are banned
|rule|Evasion Abilities Clause: Evasion abilities are banned
|rule|Sleep Moves Clause: Sleep-inducing moves are banned
|clearpoke
|poke|p1|Primarina, F|
|poke|p1|Weavile, F|
|poke|p1|Corviknight, F|
|poke|p1|Garchomp, F|
|poke|p1|Enamorus, F|
|poke|p1|Slowking-Galar, F|
|poke|p2|Blaziken, M|
|poke|p2|Ninetales, M|
|poke|p2|Venusaur, F|
|poke|p2|Hatterene, F|
|poke|p2|Great Tusk|
|poke|p2|Walking Wake|
|teampreview
|inactive|Battle timer is ON: inactive players will automatically lose when time's up. (requested by chessmaster 2000)
|
|t:|1779855374
|teamsize|p1|6
|teamsize|p2|6
|start
|switch|p1a: Jet2Holiday|Garchomp, F|100/100
|switch|p2a: Ninetales|Ninetales, M|100/100
|-weather|SunnyDay|[from] ability: Drought|[of] p2a: Ninetales
|turn|1
|
|t:|1779855383
|switch|p2a: Hatterene|Hatterene, F|100/100
|move|p1a: Jet2Holiday|Earthquake|p2a: Hatterene
|-damage|p2a: Hatterene|63/100
|-enditem|p2a: Hatterene|Eject Button
|
|t:|1779855398
|switch|p2a: Walking Wake|Walking Wake|100/100
|-activate|p2a: Walking Wake|ability: Protosynthesis
|-start|p2a: Walking Wake|protosynthesisspe
|
|-weather|SunnyDay|[upkeep]
|upkeep
|turn|2
|l|☆DEEZ NUTHS
|inactive|DEEZ NUTHS disconnected and has a minute to reconnect!
|player|p1|
|j|☆DEEZ NUTHS
|inactive|DEEZ NUTHS reconnected and has 130 seconds left.
|player|p1|DEEZ NUTHS|steven|
|
|t:|1779855425
|switch|p1a: Big G (nie)|Enamorus, F|100/100
|move|p2a: Walking Wake|Hydro Steam|p1a: Big G (nie)
|-damage|p1a: Big G (nie)|0 fnt
|faint|p1a: Big G (nie)
|
|-weather|SunnyDay|[upkeep]
|upkeep
|inactive|DEEZ NUTHS has 120 seconds left.
|
|t:|1779855446
|switch|p1a: Navy seal|Primarina, F|100/100
|turn|3
|
|t:|1779855451
|-end|p2a: Walking Wake|Protosynthesis|[silent]
|switch|p2a: Hatterene|Hatterene, F|63/100
|move|p1a: Navy seal|Moonblast|p2a: Hatterene
|-damage|p2a: Hatterene|9/100
|
|-weather|SunnyDay|[upkeep]
|upkeep
|turn|4
|
|t:|1779855458
|move|p1a: Navy seal|Moonblast|p2a: Hatterene
|-damage|p2a: Hatterene|0 fnt
|faint|p2a: Hatterene
|
|-weather|SunnyDay|[upkeep]
|upkeep
|c|☆chessmaster 2000|Funny names.
|
|t:|1779855474
|switch|p2a: Venusaur|Venusaur, F|100/100
|turn|5
|c|☆DEEZ NUTHS|thx
|
|t:|1779855482
|switch|p1a: Corviknight|Corviknight, F|100/100
|move|p2a: Venusaur|Growth|p2a: Venusaur
|-boost|p2a: Venusaur|atk|2
|-boost|p2a: Venusaur|spa|2
|
|-weather|SunnyDay|[upkeep]
|upkeep
|turn|6
|c|☆DEEZ NUTHS|D:
|
|t:|1779855502
|-terastallize|p1a: Corviknight|Dragon
|move|p2a: Venusaur|Weather Ball|p1a: Corviknight
|-resisted|p1a: Corviknight
|-damage|p1a: Corviknight|41/100
|-damage|p2a: Venusaur|91/100|[from] item: Life Orb
|move|p1a: Corviknight|Brave Bird|p2a: Venusaur
|-supereffective|p2a: Venusaur
|-damage|p2a: Venusaur|0 fnt
|faint|p2a: Venusaur
|-damage|p1a: Corviknight|19/100|[from] Recoil
|
|-weather|SunnyDay|[upkeep]
|upkeep
|
|t:|1779855515
|switch|p2a: Blaziken|Blaziken, M|100/100
|turn|7
|
|t:|1779855524
|-terastallize|p2a: Blaziken|Fire
|move|p2a: Blaziken|Focus Energy|p2a: Blaziken
|-start|p2a: Blaziken|move: Focus Energy
|move|p1a: Corviknight|Brave Bird|p2a: Blaziken
|-damage|p2a: Blaziken|38/100
|-damage|p1a: Corviknight|3/100|[from] Recoil
|
|-weather|SunnyDay|[upkeep]
|-ability|p2a: Blaziken|Speed Boost|boost
|-boost|p2a: Blaziken|spe|1
|upkeep
|turn|8
|
|t:|1779855538
|move|p2a: Blaziken|Overheat|p1a: Corviknight
|-resisted|p1a: Corviknight
|-crit|p1a: Corviknight
|-damage|p1a: Corviknight|0 fnt
|-unboost|p2a: Blaziken|spa|2
|faint|p1a: Corviknight
|
|-weather|none
|-ability|p2a: Blaziken|Speed Boost|boost
|-boost|p2a: Blaziken|spe|1
|upkeep
|
|t:|1779855546
|switch|p1a: Jet2Holiday|Garchomp, F|100/100
|turn|9
|
|t:|1779855549
|move|p2a: Blaziken|Overheat|p1a: Jet2Holiday|[miss]
|-miss|p2a: Blaziken|p1a: Jet2Holiday
|move|p1a: Jet2Holiday|Earthquake|p2a: Blaziken
|-supereffective|p2a: Blaziken
|-damage|p2a: Blaziken|0 fnt
|faint|p2a: Blaziken
|
|upkeep
|
|t:|1779855552
|switch|p2a: Ninetales|Ninetales, M|100/100
|-weather|SunnyDay|[from] ability: Drought|[of] p2a: Ninetales
|turn|10
|
|t:|1779855560
|switch|p2a: Great Tusk|Great Tusk|100/100
|-activate|p2a: Great Tusk|ability: Protosynthesis
|-start|p2a: Great Tusk|protosynthesisatk
|move|p1a: Jet2Holiday|Stealth Rock|p2a: Great Tusk
|-sidestart|p2: chessmaster 2000|move: Stealth Rock
|
|-weather|SunnyDay|[upkeep]
|upkeep
|turn|11
|
|t:|1779855571
|move|p2a: Great Tusk|Rapid Spin|p1a: Jet2Holiday
|-damage|p1a: Jet2Holiday|86/100
|-boost|p2a: Great Tusk|spe|1
|-damage|p2a: Great Tusk|88/100|[from] ability: Rough Skin|[of] p1a: Jet2Holiday
|-damage|p2a: Great Tusk|72/100|[from] item: Rocky Helmet|[of] p1a: Jet2Holiday
|-sideend|p2: chessmaster 2000|Stealth Rock|[from] move: Rapid Spin|[of] p2a: Great Tusk
|move|p1a: Jet2Holiday|Earthquake|p2a: Great Tusk
|-damage|p2a: Great Tusk|40/100
|
|-weather|SunnyDay|[upkeep]
|upkeep
|turn|12
|
|t:|1779855580
|move|p2a: Great Tusk|Ice Spinner|p1a: Jet2Holiday
|-supereffective|p1a: Jet2Holiday
|-damage|p1a: Jet2Holiday|0 fnt
|-damage|p2a: Great Tusk|28/100|[from] ability: Rough Skin|[of] p1a: Jet2Holiday
|-damage|p2a: Great Tusk|11/100|[from] item: Rocky Helmet|[of] p1a: Jet2Holiday
|faint|p1a: Jet2Holiday
|
|-weather|SunnyDay|[upkeep]
|upkeep
|
|t:|1779855588
|switch|p1a: Iceman|Weavile, F|100/100
|turn|13
|
|t:|1779855592
|move|p2a: Great Tusk|Headlong Rush|p1a: Iceman
|-damage|p1a: Iceman|0 fnt
|-unboost|p2a: Great Tusk|def|1
|-unboost|p2a: Great Tusk|spd|1
|faint|p1a: Iceman
|
|-weather|SunnyDay|[upkeep]
|upkeep
|c|☆DEEZ NUTHS|oh
|c|☆DEEZ NUTHS|i forgor
|
|t:|1779855609
|switch|p1a: Navy seal|Primarina, F|100/100
|turn|14
|
|t:|1779855613
|move|p2a: Great Tusk|Headlong Rush|p1a: Navy seal
|-damage|p1a: Navy seal|0 fnt
|-unboost|p2a: Great Tusk|def|1
|-unboost|p2a: Great Tusk|spd|1
|faint|p1a: Navy seal
|
|-weather|SunnyDay|[upkeep]
|upkeep
|c|☆DEEZ NUTHS|gg
|
|t:|1779855624
|switch|p1a: Beeheader|Slowking-Galar, F, shiny|100/100
|turn|15
|
|t:|1779855627
|move|p2a: Great Tusk|Headlong Rush|p1a: Beeheader
|-supereffective|p1a: Beeheader
|-damage|p1a: Beeheader|0 fnt
|-unboost|p2a: Great Tusk|def|1
|-unboost|p2a: Great Tusk|spd|1
|faint|p1a: Beeheader
|
|win|chessmaster 2000
|raw|DEEZ NUTHS's rating: 1370 &rarr; <strong>1352</strong><br />(-18 for losing)
|raw|chessmaster 2000's rating: 1413 &rarr; <strong>1431</strong><br />(+18 for winning)
|c|☆chessmaster 2000|Gg
|l|☆DEEZ NUTHS
|player|p1|
|l|☆chessmaster 2000
|player|p2|
