|j|☆TumitirangEngineer
|j|☆farserafin
|t:|1779960889
|gametype|singles
|player|p1|TumitirangEngineer|pokemaniac|1170
|player|p2|farserafin|n|1166
|gen|9
|tier|[Gen 9] OU
|rated|
|rule|HP Percentage Mod: HP is shown in percentages
|rule|Endless Battle Clause: Forcing endless battles is banned
|rule|Species Clause: Limit one of each Pokémon
|rule|OHKO Clause: OHKO moves are banned
|rule|Evasion Items Clause: Evasion items are banned
|rule|Evasion Moves Clause: Evasion moves are banned
|rule|Evasion Abilities Clause: Evasion abilities are banned
|rule|Sleep Moves Clause: Sleep-inducing moves are banned
|clearpoke
|poke|p1|Pawmot, F|
|poke|p1|Ogerpon-Wellspring, F|
|poke|p1|Dragonite, F|
|poke|p1|Pecharunt|
|poke|p1|Ambipom, M|
|poke|p1|Blaziken, F|
|poke|p2|Gholdengo|
|poke|p2|Swampert, M|
|poke|p2|Kleavor, F|
|poke|p2|Weavile, M|
|poke|p2|Zarude|
|poke|p2|Blastoise, F|
|teampreview
|
|t:|1779960904
|teamsize|p1|6
|teamsize|p2|6
|start
|switch|p1a: Child Predator|Ambipom, M|100/100
|switch|p2a: rocky troll|Kleavor, F|100/100
|turn|1
|inactive|Battle timer is ON: inactive players will automatically lose when time's up. (requested by farserafin)
|
|t:|1779960913
|move|p1a: Child Predator|Fake Out|p2a: rocky troll
|-resisted|p2a: rocky troll
|-damage|p2a: rocky troll|87/100
|cant|p2a: rocky troll|flinch
|
|upkeep
|turn|2
|
|t:|1779960919
|move|p1a: Child Predator|Knock Off|p2a: rocky troll
|-damage|p2a: rocky troll|59/100
|-enditem|p2a: rocky troll|Choice Band|[from] move: Knock Off|[of] p1a: Child Predator
|move|p2a: rocky troll|Stone Axe|p1a: Child Predator
|-damage|p1a: Child Predator|0 fnt
|-sidestart|p1: TumitirangEngineer|move: Stealth Rock
|faint|p1a: Child Predator
|
|upkeep
|
|t:|1779960928
|switch|p1a: NlGGA|Ogerpon-Wellspring, F|100/100
|-damage|p1a: NlGGA|88/100|[from] Stealth Rock
|turn|3
|
|t:|1779960935
|move|p1a: NlGGA|Power Whip|p2a: rocky troll|[miss]
|-miss|p1a: NlGGA|p2a: rocky troll
|move|p2a: rocky troll|U-turn|p1a: NlGGA
|-supereffective|p1a: NlGGA
|-damage|p1a: NlGGA|0 fnt
|faint|p1a: NlGGA
|
|t:|1779960944
|switch|p2a: river troll|Swampert, M|100/100|[from] U-turn
|
|upkeep
|
|t:|1779960953
|switch|p1a: Mansangas|Pecharunt|100/100
|turn|4
|
|t:|1779960958
|move|p1a: Mansangas|Malignant Chain|p2a: river troll
|-resisted|p2a: river troll
|-crit|p2a: river troll
|-damage|p2a: river troll|80/100
|-status|p2a: river troll|tox
|-start|p2a: river troll|confusion|[from] ability: Poison Puppeteer|[of] p1a: Mansangas
|-activate|p2a: river troll|confusion
|-damage|p2a: river troll|66/100 tox|[from] confusion
|
|-damage|p2a: river troll|60/100 tox|[from] psn
|upkeep
|turn|5
|
|t:|1779960969
|move|p1a: Mansangas|Foul Play|p2a: river troll
|-damage|p2a: river troll|31/100 tox
|-activate|p2a: river troll|confusion
|move|p2a: river troll|Earthquake|p1a: Mansangas
|-supereffective|p1a: Mansangas
|-damage|p1a: Mansangas|34/100
|
|-damage|p2a: river troll|19/100 tox|[from] psn
|upkeep
|turn|6
|
|t:|1779960979
|move|p1a: Mansangas|Recover|p1a: Mansangas
|-heal|p1a: Mansangas|84/100
|-activate|p2a: river troll|confusion
|move|p2a: river troll|Earthquake|p1a: Mansangas
|-supereffective|p1a: Mansangas
|-damage|p1a: Mansangas|8/100
|
|-damage|p2a: river troll|0 fnt|[from] psn
|faint|p2a: river troll
|upkeep
|
|t:|1779960988
|switch|p2a: ice troll|Weavile, M|100/100
|-ability|p2a: ice troll|Pressure
|turn|7
|
|t:|1779960999
|move|p2a: ice troll|Knock Off|p1a: Mansangas
|-supereffective|p1a: Mansangas
|-damage|p1a: Mansangas|0 fnt
|-enditem|p1a: Mansangas|Heavy-Duty Boots|[from] move: Knock Off|[of] p2a: ice troll
|faint|p1a: Mansangas
|-damage|p2a: ice troll|91/100|[from] item: Life Orb
|
|upkeep
|
|t:|1779961002
|switch|p1a: Pikajew|Pawmot, F|100/100
|-damage|p1a: Pikajew|94/100|[from] Stealth Rock
|turn|8
|
|t:|1779961018
|move|p1a: Pikajew|Mach Punch|p2a: ice troll
|-supereffective|p2a: ice troll
|-damage|p2a: ice troll|0 fnt
|faint|p2a: ice troll
|
|upkeep
|
|t:|1779961024
|switch|p2a: Gold troll|Gholdengo|100/100
|turn|9
|
|t:|1779961028
|move|p1a: Pikajew|Revival Blessing|p1a: Pikajew
|-enditem|p1a: Pikajew|Leppa Berry|[eat]
|-activate|p1a: Pikajew|item: Leppa Berry|Revival Blessing|[consumed]
|
|t:|1779961033
|-heal|p1: NlGGA|50/100|[from] move: Revival Blessing
|move|p2a: Gold troll|Shadow Ball|p1a: Pikajew
|-damage|p1a: Pikajew|15/100
|
|upkeep
|turn|10
|
|t:|1779961042
|move|p1a: Pikajew|Revival Blessing|p1a: Pikajew
|
|t:|1779961049
|-heal|p1: Child Predator|50/100|[from] move: Revival Blessing
|move|p2a: Gold troll|Shadow Ball|p1a: Pikajew
|-damage|p1a: Pikajew|0 fnt
|faint|p1a: Pikajew
|
|upkeep
|
|t:|1779961055
|switch|p1a: NlGGA|Ogerpon-Wellspring, F|50/100
|-damage|p1a: NlGGA|38/100|[from] Stealth Rock
|turn|11
|
|t:|1779961063
|move|p1a: NlGGA|Ivy Cudgel|p2a: Gold troll|[anim] Ivy Cudgel Water
|-damage|p2a: Gold troll|36/100
|move|p2a: Gold troll|Shadow Ball|p1a: NlGGA
|-damage|p1a: NlGGA|0 fnt
|faint|p1a: NlGGA
|
|upkeep
|
|t:|1779961070
|switch|p1a: 24 Chicken|Blaziken, F|100/100
|-damage|p1a: 24 Chicken|88/100|[from] Stealth Rock
|turn|12
|
|t:|1779961091
|move|p2a: Gold troll|Shadow Ball|p1a: 24 Chicken
|-damage|p1a: 24 Chicken|26/100
|move|p1a: 24 Chicken|Focus Energy|p1a: 24 Chicken
|-start|p1a: 24 Chicken|move: Focus Energy
|
|-ability|p1a: 24 Chicken|Speed Boost|boost
|-boost|p1a: 24 Chicken|spe|1
|upkeep
|turn|13
|
|t:|1779961098
|move|p1a: 24 Chicken|Overheat|p2a: Gold troll
|-supereffective|p2a: Gold troll
|-crit|p2a: Gold troll
|-damage|p2a: Gold troll|0 fnt
|-unboost|p1a: 24 Chicken|spa|2
|faint|p2a: Gold troll
|
|-ability|p1a: 24 Chicken|Speed Boost|boost
|-boost|p1a: 24 Chicken|spe|1
|upkeep
|
|t:|1779961110
|switch|p2a: Blastoise|Blastoise, F|100/100
|turn|14
|
|t:|1779961117
|move|p1a: 24 Chicken|Aura Sphere|p2a: Blastoise
|-crit|p2a: Blastoise
|-damage|p2a: Blastoise|44/100
|move|p2a: Blastoise|Hydro Pump|p1a: 24 Chicken
|-supereffective|p1a: 24 Chicken
|-damage|p1a: 24 Chicken|0 fnt
|faint|p1a: 24 Chicken
|
|upkeep
|
|t:|1779961120
|switch|p1a: Child Predator|Ambipom, M|50/100
|turn|15
|
|t:|1779961127
|switch|p2a: rocky troll|Kleavor, F|59/100
|move|p1a: Child Predator|Fake Out|p2a: rocky troll
|-resisted|p2a: rocky troll
|-damage|p2a: rocky troll|44/100
|
|upkeep
|turn|16
|
|t:|1779961135
|move|p1a: Child Predator|Triple Axel|p2a: rocky troll
|-damage|p2a: rocky troll|35/100
|-hitcount|p2a: rocky troll|1
|move|p2a: rocky troll|Stone Axe|p1a: Child Predator
|-damage|p1a: Child Predator|0 fnt
|faint|p1a: Child Predator
|
|upkeep
|
|t:|1779961140
|switch|p1a: Scramble Tomboy|Dragonite, F|100/100
|turn|17
|
|t:|1779961151
|move|p1a: Scramble Tomboy|Earthquake|p2a: rocky troll
|-damage|p2a: rocky troll|0 fnt
|faint|p2a: rocky troll
|
|upkeep
|
|t:|1779961157
|switch|p2a: Blastoise|Blastoise, F|44/100
|turn|18
|
|t:|1779961160
|-terastallize|p1a: Scramble Tomboy|Normal
|move|p1a: Scramble Tomboy|Extreme Speed|p2a: Blastoise
|-crit|p2a: Blastoise
|-damage|p2a: Blastoise|0 fnt
|faint|p2a: Blastoise
|
|upkeep
|
|t:|1779961168
|switch|p2a: forest troll|Zarude|100/100
|turn|19
|
|t:|1779961172
|move|p1a: Scramble Tomboy|Low Kick|p2a: forest troll
|-supereffective|p2a: forest troll
|-damage|p2a: forest troll|50/100
|move|p2a: forest troll|Close Combat|p1a: Scramble Tomboy
|-supereffective|p1a: Scramble Tomboy
|-damage|p1a: Scramble Tomboy|51/100
|-unboost|p2a: forest troll|def|1
|-unboost|p2a: forest troll|spd|1
|
|upkeep
|turn|20
|
|t:|1779961180
|-terastallize|p2a: forest troll|Ghost
|move|p1a: Scramble Tomboy|Low Kick|p2a: forest troll
|-immune|p2a: forest troll
|move|p2a: forest troll|Close Combat|p1a: Scramble Tomboy
|-supereffective|p1a: Scramble Tomboy
|-damage|p1a: Scramble Tomboy|0 fnt
|-unboost|p2a: forest troll|def|1
|-unboost|p2a: forest troll|spd|1
|faint|p1a: Scramble Tomboy
|
|win|farserafin
|raw|TumitirangEngineer's rating: 1170 &rarr; <strong>1145</strong><br />(-25 for losing)
|raw|farserafin's rating: 1166 &rarr; <strong>1191</strong><br />(+25 for winning)
|l|☆TumitirangEngineer
|player|p1|
|l|☆farserafin
|player|p2|
