|j|☆NormalPokemons
|j|☆CosmicMD
|t:|1779861464
|gametype|singles
|player|p1|NormalPokemons|170|1389
|player|p2|CosmicMD|colress|1363
|gen|9
|tier|[Gen 9] OU
|rated|
|rule|HP Percentage Mod: HP is shown in percentages
|rule|Endless Battle Clause: Forcing endless battles is banned
|rule|Species Clause: Limit one of each Pokémon
|rule|OHKO Clause: OHKO moves are banned
|rule|Evasion Items Clause: Evasion items are banned
|rule|Evasion Moves Clause: Evasion moves are banned
|rule|Evasion Abilities Clause: Evasion abilities are banned
|rule|Sleep Moves Clause: Sleep-inducing moves are banned
|clearpoke
|poke|p1|Mew|
|poke|p1|Chansey, F|
|poke|p1|Clefable, F|
|poke|p1|Mandibuzz, F|
|poke|p1|Alomomola, M|
|poke|p1|Pecharunt|
|poke|p2|Hydrapple, M|
|poke|p2|Kommo-o, M|
|poke|p2|Heatran, F|
|poke|p2|Iron Crown|
|poke|p2|Ting-Lu|
|poke|p2|Iron Treads|
|teampreview
|
|t:|1779861473
|teamsize|p1|6
|teamsize|p2|6
|start
|switch|p1a: Pecharunt|Pecharunt|100/100
|switch|p2a: Iron Crown|Iron Crown|100/100
|turn|1
|inactive|Battle timer is ON: inactive players will automatically lose when time's up. (requested by CosmicMD)
|
|t:|1779861483
|-terastallize|p1a: Pecharunt|Ground
|move|p2a: Iron Crown|Psychic Noise|p1a: Pecharunt
|-damage|p1a: Pecharunt|60/100
|-start|p1a: Pecharunt|move: Heal Block
|move|p1a: Pecharunt|Mean Look|p2a: Iron Crown
|-activate|p2a: Iron Crown|trapped
|
|upkeep
|turn|2
|
|t:|1779861495
|switch|p1a: Mandibuzz|Mandibuzz, F|100/100
|move|p2a: Iron Crown|Tachyon Cutter|p1a: Mandibuzz
|-damage|p1a: Mandibuzz|84/100
|-damage|p1a: Mandibuzz|67/100
|-hitcount|p1a: Mandibuzz|2
|
|upkeep
|turn|3
|
|t:|1779861504
|switch|p1a: Chansey|Chansey, F|100/100
|move|p2a: Iron Crown|Volt Switch|p1a: Chansey
|-damage|p1a: Chansey|94/100
|
|t:|1779861508
|-end|p2a: Iron Crown|Quark Drive|[silent]
|switch|p2a: Kommo-o|Kommo-o, M|100/100|[from] Volt Switch
|
|upkeep
|turn|4
|
|t:|1779861512
|switch|p1a: Mew|Mew|100/100
|move|p2a: Kommo-o|Swords Dance|p2a: Kommo-o
|-boost|p2a: Kommo-o|atk|2
|
|upkeep
|turn|5
|
|t:|1779861523
|-terastallize|p2a: Kommo-o|Steel
|move|p1a: Mew|Transform|p2a: Kommo-o
|-transform|p1a: Mew|p2a: Kommo-o
|move|p2a: Kommo-o|Scale Shot|p1a: Mew
|-supereffective|p1a: Mew
|-damage|p1a: Mew|68/100
|-supereffective|p1a: Mew
|-damage|p1a: Mew|37/100
|-supereffective|p1a: Mew
|-damage|p1a: Mew|3/100
|-supereffective|p1a: Mew
|-damage|p1a: Mew|0 fnt
|faint|p1a: Mew
|-hitcount|p1: Mew|4
|-unboost|p2a: Kommo-o|def|1
|-boost|p2a: Kommo-o|spe|1
|
|upkeep
|-message|NormalPokemons forfeited.
|
|win|CosmicMD
|raw|NormalPokemons's rating: 1389 &rarr; <strong>1368</strong><br />(-21 for losing)
|raw|CosmicMD's rating: 1363 &rarr; <strong>1384</strong><br />(+21 for winning)
|l|☆NormalPokemons
|player|p1|
|l|☆CosmicMD
|player|p2|
