|j|☆goodnightnite
|j|☆isaac_gam3r
|t:|1779858398
|gametype|singles
|player|p1|goodnightnite|miku-water|1711
|player|p2|isaac_gam3r|acetrainer-gen4dp|1802
|gen|9
|tier|[Gen 9] OU
|rated|
|rule|HP Percentage Mod: HP is shown in percentages
|rule|Endless Battle Clause: Forcing endless battles is banned
|rule|Species Clause: Limit one of each Pokémon
|rule|OHKO Clause: OHKO moves are banned
|rule|Evasion Items Clause: Evasion items are banned
|rule|Evasion Moves Clause: Evasion moves are banned
|rule|Evasion Abilities Clause: Evasion abilities are banned
|rule|Sleep Moves Clause: Sleep-inducing moves are banned
|clearpoke
|poke|p1|Primarina, M|
|poke|p1|Zamazenta-*|
|poke|p1|Gholdengo|
|poke|p1|Rillaboom, M|
|poke|p1|Glimmora, M|
|poke|p1|Hydreigon, M|
|poke|p2|Primarina, F|
|poke|p2|Raging Bolt|
|poke|p2|Heatran, M|
|poke|p2|Weezing-Galar, M|
|poke|p2|Garchomp, M|
|poke|p2|Weavile, M|
|teampreview
|inactive|Battle timer is ON: inactive players will automatically lose when time's up. (requested by goodnightnite)
|
|t:|1779858409
|teamsize|p1|6
|teamsize|p2|6
|start
|switch|p1a: Celestine|Primarina, M, shiny|100/100
|switch|p2a: Raging Bolt|Raging Bolt|100/100
|turn|1
|
|t:|1779858413
|move|p2a: Raging Bolt|Thunderbolt|p1a: Celestine
|-supereffective|p1a: Celestine
|-damage|p1a: Celestine|46/100
|move|p1a: Celestine|Moonblast|p2a: Raging Bolt
|-supereffective|p2a: Raging Bolt
|-damage|p2a: Raging Bolt|12/100
|
|-heal|p2a: Raging Bolt|18/100|[from] item: Leftovers
|upkeep
|turn|2
|
|t:|1779858425
|switch|p1a: Hybrid|Hydreigon, M, shiny|100/100
|move|p2a: Raging Bolt|Thunderbolt|p1a: Hybrid
|-resisted|p1a: Hybrid
|-damage|p1a: Hybrid|70/100
|
|-heal|p2a: Raging Bolt|24/100|[from] item: Leftovers
|upkeep
|turn|3
|
|t:|1779858433
|-end|p2a: Raging Bolt|Protosynthesis|[silent]
|switch|p2a: Primarina|Primarina, F, shiny|100/100
|move|p1a: Hybrid|Flash Cannon|p2a: Primarina
|-damage|p2a: Primarina|69/100
|
|-heal|p2a: Primarina|75/100|[from] item: Leftovers
|upkeep
|turn|4
|
|t:|1779858439
|switch|p1a: Kong|Rillaboom, M, shiny|100/100
|-fieldstart|move: Grassy Terrain|[from] ability: Grassy Surge|[of] p1a: Kong
|move|p2a: Primarina|Draining Kiss|p1a: Kong
|-damage|p1a: Kong|63/100
|-heal|p2a: Primarina|100/100|[from] drain|[of] p1a: Kong
|
|-heal|p1a: Kong|69/100|[from] Grassy Terrain
|upkeep
|turn|5
|
|t:|1779858446
|move|p2a: Primarina|Protect|p2a: Primarina
|-singleturn|p2a: Primarina|Protect
|move|p1a: Kong|High Horsepower|p2a: Primarina
|-activate|p2a: Primarina|move: Protect
|
|-heal|p1a: Kong|75/100|[from] Grassy Terrain
|upkeep
|turn|6
|
|t:|1779858450
|move|p1a: Kong|Knock Off|p2a: Primarina
|-resisted|p2a: Primarina
|-damage|p2a: Primarina|73/100
|-enditem|p2a: Primarina|Leftovers|[from] move: Knock Off|[of] p1a: Kong
|-damage|p1a: Kong|65/100|[from] item: Life Orb
|move|p2a: Primarina|Calm Mind|p2a: Primarina
|-boost|p2a: Primarina|spa|1
|-boost|p2a: Primarina|spd|1
|
|-heal|p1a: Kong|71/100|[from] Grassy Terrain
|-heal|p2a: Primarina|79/100|[from] Grassy Terrain
|upkeep
|turn|7
|
|t:|1779858457
|move|p2a: Primarina|Protect|p2a: Primarina
|-singleturn|p2a: Primarina|Protect
|move|p1a: Kong|Swords Dance|p1a: Kong
|-boost|p1a: Kong|atk|2
|
|-heal|p1a: Kong|77/100|[from] Grassy Terrain
|-heal|p2a: Primarina|85/100|[from] Grassy Terrain
|upkeep
|turn|8
|
|t:|1779858463
|switch|p2a: Weezing|Weezing-Galar, M, shiny|100/100
|move|p1a: Kong|Grassy Glide|p2a: Weezing
|-resisted|p2a: Weezing
|-damage|p2a: Weezing|64/100
|-damage|p1a: Kong|67/100|[from] item: Life Orb
|
|-heal|p1a: Kong|74/100|[from] Grassy Terrain
|-heal|p2a: Weezing|70/100|[from] item: Black Sludge
|-fieldend|move: Grassy Terrain
|upkeep
|turn|9
|
|t:|1779858468
|move|p1a: Kong|High Horsepower|p2a: Weezing
|-immune|p2a: Weezing|[from] ability: Levitate
|move|p2a: Weezing|Strange Steam|p1a: Kong
|-damage|p1a: Kong|40/100
|
|-heal|p2a: Weezing|76/100|[from] item: Black Sludge
|upkeep
|turn|10
|
|t:|1779858475
|switch|p1a: Bullet|Glimmora, M, shiny|100/100
|move|p2a: Weezing|Strange Steam|p1a: Bullet
|-resisted|p1a: Bullet
|-damage|p1a: Bullet|86/100
|-enditem|p1a: Bullet|Red Card|[of] p2a: Weezing
|drag|p2a: Primarina|Primarina, F, shiny|85/100
|
|upkeep
|turn|11
|
|t:|1779858481
|move|p1a: Bullet|Stealth Rock|p2a: Primarina
|-sidestart|p2: isaac_gam3r|move: Stealth Rock
|move|p2a: Primarina|Sparkling Aria|p1a: Bullet
|-supereffective|p1a: Bullet
|-damage|p1a: Bullet|0 fnt
|faint|p1a: Bullet
|
|upkeep
|
|t:|1779858485
|switch|p1a: Kong|Rillaboom, M, shiny|40/100
|-fieldstart|move: Grassy Terrain|[from] ability: Grassy Surge|[of] p1a: Kong
|turn|12
|
|t:|1779858489
|switch|p2a: Weezing|Weezing-Galar, M, shiny|76/100
|-damage|p2a: Weezing|64/100|[from] Stealth Rock
|move|p1a: Kong|Grassy Glide|p2a: Weezing
|-resisted|p2a: Weezing
|-damage|p2a: Weezing|45/100
|-damage|p1a: Kong|30/100|[from] item: Life Orb
|
|-heal|p1a: Kong|36/100|[from] Grassy Terrain
|-heal|p2a: Weezing|51/100|[from] item: Black Sludge
|upkeep
|turn|13
|
|t:|1779858494
|switch|p1a: Spirit Rush|Gholdengo, shiny|100/100
|-enditem|p1a: Spirit Rush|Grassy Seed
|-boost|p1a: Spirit Rush|def|1|[from] item: Grassy Seed
|move|p2a: Weezing|Strange Steam|p1a: Spirit Rush
|-resisted|p1a: Spirit Rush
|-damage|p1a: Spirit Rush|92/100
|
|-heal|p1a: Spirit Rush|98/100|[from] Grassy Terrain
|-heal|p2a: Weezing|57/100|[from] item: Black Sludge
|upkeep
|turn|14
|
|t:|1779858501
|switch|p1a: Celestine|Primarina, M, shiny|46/100
|switch|p2a: Heatran|Heatran, M|100/100
|-damage|p2a: Heatran|88/100|[from] Stealth Rock
|
|-heal|p2a: Heatran|94/100|[from] Grassy Terrain
|-heal|p1a: Celestine|52/100|[from] Grassy Terrain
|upkeep
|turn|15
|
|t:|1779858507
|move|p2a: Heatran|Flash Cannon|p1a: Celestine
|-crit|p1a: Celestine
|-damage|p1a: Celestine|16/100
|move|p1a: Celestine|Psychic Noise|p2a: Heatran
|-supereffective|p2a: Heatran
|-damage|p2a: Heatran|48/100
|-start|p2a: Heatran|move: Heal Block
|
|-heal|p1a: Celestine|22/100|[from] Grassy Terrain
|upkeep
|turn|16
|
|t:|1779858514
|move|p2a: Heatran|Flash Cannon|p1a: Celestine
|-damage|p1a: Celestine|0 fnt
|faint|p1a: Celestine
|
|-end|p2a: Heatran|move: Heal Block
|-fieldend|move: Grassy Terrain
|upkeep
|
|t:|1779858518
|switch|p1a: Hybrid|Hydreigon, M, shiny|70/100
|turn|17
|
|t:|1779858524
|move|p1a: Hybrid|Earth Power|p2a: Heatran
|-supereffective|p2a: Heatran
|-damage|p2a: Heatran|0 fnt
|faint|p2a: Heatran
|
|upkeep
|
|t:|1779858526
|switch|p2a: Weezing|Weezing-Galar, M, shiny|57/100
|-damage|p2a: Weezing|45/100|[from] Stealth Rock
|turn|18
|j| maximilk
|
|t:|1779858531
|switch|p1a: Spirit Rush|Gholdengo, shiny|98/100
|switch|p2a: Garchomp|Garchomp, M|100/100
|-damage|p2a: Garchomp|94/100|[from] Stealth Rock
|
|upkeep
|turn|19
|inactive|goodnightnite has 120 seconds left.
|
|t:|1779858571
|switch|p1a: Kong|Rillaboom, M, shiny|36/100
|-fieldstart|move: Grassy Terrain|[from] ability: Grassy Surge|[of] p1a: Kong
|move|p2a: Garchomp|Earthquake|p1a: Kong
|-resisted|p1a: Kong
|-damage|p1a: Kong|23/100
|
|-heal|p2a: Garchomp|100/100|[from] Grassy Terrain
|-heal|p1a: Kong|29/100|[from] Grassy Terrain
|upkeep
|turn|20
|inactive|goodnightnite has 120 seconds left.
|
|t:|1779858580
|switch|p1a: Hybrid|Hydreigon, M, shiny|70/100
|move|p2a: Garchomp|Earthquake|p1a: Hybrid
|-immune|p1a: Hybrid|[from] ability: Levitate
|
|upkeep
|turn|21
|
|t:|1779858585
|switch|p2a: Primarina|Primarina, F, shiny|85/100
|-damage|p2a: Primarina|73/100|[from] Stealth Rock
|move|p1a: Hybrid|Flash Cannon|p2a: Primarina
|-damage|p2a: Primarina|42/100
|
|-heal|p2a: Primarina|48/100|[from] Grassy Terrain
|upkeep
|turn|22
|
|t:|1779858589
|switch|p1a: Spirit Rush|Gholdengo, shiny|98/100
|move|p2a: Primarina|Draining Kiss|p1a: Spirit Rush
|-resisted|p1a: Spirit Rush
|-damage|p1a: Spirit Rush|88/100
|-heal|p2a: Primarina|56/100|[from] drain|[of] p1a: Spirit Rush
|
|-heal|p1a: Spirit Rush|94/100|[from] Grassy Terrain
|-heal|p2a: Primarina|62/100|[from] Grassy Terrain
|upkeep
|turn|23
|
|t:|1779858594
|move|p1a: Spirit Rush|Nasty Plot|p1a: Spirit Rush
|-boost|p1a: Spirit Rush|spa|2
|move|p2a: Primarina|Calm Mind|p2a: Primarina
|-boost|p2a: Primarina|spa|1
|-boost|p2a: Primarina|spd|1
|
|-heal|p1a: Spirit Rush|99/100|[from] Grassy Terrain
|-heal|p2a: Primarina|68/100|[from] Grassy Terrain
|-fieldend|move: Grassy Terrain
|upkeep
|turn|24
|
|t:|1779858599
|move|p1a: Spirit Rush|Nasty Plot|p1a: Spirit Rush
|-boost|p1a: Spirit Rush|spa|2
|move|p2a: Primarina|Sparkling Aria|p1a: Spirit Rush
|-damage|p1a: Spirit Rush|46/100
|
|upkeep
|turn|25
|
|t:|1779858605
|move|p1a: Spirit Rush|Make It Rain|p2a: Primarina
|-damage|p2a: Primarina|0 fnt
|-unboost|p1a: Spirit Rush|spa|1
|faint|p2a: Primarina
|
|upkeep
|
|t:|1779858608
|switch|p2a: Weavile|Weavile, M|100/100
|-damage|p2a: Weavile|76/100|[from] Stealth Rock
|-ability|p2a: Weavile|Pressure
|turn|26
|
|t:|1779858614
|switch|p1a: Kong|Rillaboom, M, shiny|29/100
|-fieldstart|move: Grassy Terrain|[from] ability: Grassy Surge|[of] p1a: Kong
|move|p2a: Weavile|Knock Off|p1a: Kong
|-crit|p1a: Kong
|-damage|p1a: Kong|0 fnt
|-enditem|p1a: Kong|Life Orb|[from] move: Knock Off|[of] p2a: Weavile
|faint|p1a: Kong
|
|-heal|p2a: Weavile|82/100|[from] Grassy Terrain
|upkeep
|
|t:|1779858621
|switch|p1a: Trojan|Zamazenta, shiny|100/100
|-ability|p1a: Trojan|Dauntless Shield|boost
|-boost|p1a: Trojan|def|1
|turn|27
|
|t:|1779858624
|switch|p2a: Weezing|Weezing-Galar, M, shiny|45/100
|-damage|p2a: Weezing|33/100|[from] Stealth Rock
|move|p1a: Trojan|Iron Defense|p1a: Trojan
|-boost|p1a: Trojan|def|2
|
|-heal|p2a: Weezing|39/100|[from] item: Black Sludge
|upkeep
|turn|28
|j| Ctannn
|
|t:|1779858630
|-terastallize|p1a: Trojan|Electric
|move|p1a: Trojan|Substitute|p1a: Trojan
|-start|p1a: Trojan|Substitute
|-damage|p1a: Trojan|76/100
|move|p2a: Weezing|Pain Split||[still]
|-fail|p2a: Weezing
|
|-heal|p1a: Trojan|82/100|[from] Grassy Terrain
|-heal|p1a: Trojan|88/100|[from] item: Leftovers
|-heal|p2a: Weezing|45/100|[from] item: Black Sludge
|upkeep
|turn|29
|
|t:|1779858638
|move|p1a: Trojan|Iron Defense|p1a: Trojan
|-boost|p1a: Trojan|def|2
|move|p2a: Weezing|Strange Steam|p1a: Trojan
|-activate|p1a: Trojan|move: Substitute|[damage]
|
|-heal|p1a: Trojan|94/100|[from] Grassy Terrain
|-heal|p1a: Trojan|100/100|[from] item: Leftovers
|-heal|p2a: Weezing|51/100|[from] item: Black Sludge
|upkeep
|turn|30
|
|t:|1779858643
|move|p1a: Trojan|Iron Defense|p1a: Trojan
|-boost|p1a: Trojan|def|1
|move|p2a: Weezing|Strange Steam|p1a: Trojan
|-end|p1a: Trojan|Substitute
|
|-heal|p2a: Weezing|57/100|[from] item: Black Sludge
|-fieldend|move: Grassy Terrain
|upkeep
|turn|31
|
|t:|1779858648
|move|p1a: Trojan|Substitute|p1a: Trojan
|-start|p1a: Trojan|Substitute
|-damage|p1a: Trojan|76/100
|move|p2a: Weezing|Strange Steam|p1a: Trojan
|-activate|p1a: Trojan|move: Substitute|[damage]
|
|-heal|p1a: Trojan|82/100|[from] item: Leftovers
|-heal|p2a: Weezing|63/100|[from] item: Black Sludge
|upkeep
|turn|32
|
|t:|1779858652
|move|p1a: Trojan|Body Press|p2a: Weezing
|-resisted|p2a: Weezing
|-damage|p2a: Weezing|42/100
|move|p2a: Weezing|Strange Steam|p1a: Trojan
|-end|p1a: Trojan|Substitute
|
|-heal|p1a: Trojan|88/100|[from] item: Leftovers
|-heal|p2a: Weezing|48/100|[from] item: Black Sludge
|upkeep
|turn|33
|
|t:|1779858657
|move|p1a: Trojan|Substitute|p1a: Trojan
|-start|p1a: Trojan|Substitute
|-damage|p1a: Trojan|63/100
|move|p2a: Weezing|Strange Steam|p1a: Trojan
|-activate|p1a: Trojan|move: Substitute|[damage]
|
|-heal|p1a: Trojan|69/100|[from] item: Leftovers
|-heal|p2a: Weezing|54/100|[from] item: Black Sludge
|upkeep
|turn|34
|
|t:|1779858660
|move|p1a: Trojan|Body Press|p2a: Weezing
|-resisted|p2a: Weezing
|-damage|p2a: Weezing|36/100
|move|p2a: Weezing|Strange Steam|p1a: Trojan
|-end|p1a: Trojan|Substitute
|
|-heal|p1a: Trojan|76/100|[from] item: Leftovers
|-heal|p2a: Weezing|42/100|[from] item: Black Sludge
|upkeep
|turn|35
|j| ccfcccgfgfgffgf
|
|t:|1779858668
|move|p1a: Trojan|Substitute|p1a: Trojan
|-start|p1a: Trojan|Substitute
|-damage|p1a: Trojan|51/100
|move|p2a: Weezing|Strange Steam|p1a: Trojan
|-activate|p1a: Trojan|move: Substitute|[damage]
|
|-heal|p1a: Trojan|57/100|[from] item: Leftovers
|-heal|p2a: Weezing|48/100|[from] item: Black Sludge
|upkeep
|turn|36
|
|t:|1779858672
|move|p1a: Trojan|Body Press|p2a: Weezing
|-resisted|p2a: Weezing
|-damage|p2a: Weezing|27/100
|move|p2a: Weezing|Strange Steam|p1a: Trojan
|-end|p1a: Trojan|Substitute
|
|-heal|p1a: Trojan|63/100|[from] item: Leftovers
|-heal|p2a: Weezing|33/100|[from] item: Black Sludge
|upkeep
|turn|37
|
|t:|1779858676
|move|p1a: Trojan|Body Press|p2a: Weezing
|-resisted|p2a: Weezing
|-damage|p2a: Weezing|15/100
|move|p2a: Weezing|Strange Steam|p1a: Trojan
|-damage|p1a: Trojan|45/100
|
|-heal|p1a: Trojan|51/100|[from] item: Leftovers
|-heal|p2a: Weezing|21/100|[from] item: Black Sludge
|upkeep
|turn|38
|
|t:|1779858679
|move|p1a: Trojan|Body Press|p2a: Weezing
|-resisted|p2a: Weezing
|-damage|p2a: Weezing|0 fnt
|faint|p2a: Weezing
|
|-heal|p1a: Trojan|57/100|[from] item: Leftovers
|upkeep
|
|t:|1779858682
|switch|p2a: Weavile|Weavile, M|82/100
|-damage|p2a: Weavile|57/100|[from] Stealth Rock
|-ability|p2a: Weavile|Pressure
|turn|39
|
|t:|1779858688
|-terastallize|p2a: Weavile|Ghost
|move|p1a: Trojan|Crunch|p2a: Weavile
|-supereffective|p2a: Weavile
|-damage|p2a: Weavile|0 fnt
|faint|p2a: Weavile
|
|-heal|p1a: Trojan|63/100|[from] item: Leftovers
|upkeep
|-message|isaac_gam3r forfeited.
|
|win|goodnightnite
|raw|goodnightnite's rating: 1711 &rarr; <strong>1736</strong><br />(+25 for winning)
|raw|isaac_gam3r's rating: 1802 &rarr; <strong>1777</strong><br />(-25 for losing)
|l|☆isaac_gam3r
|player|p2|
|j| alxiz⏣⏑⏣
|l| alxiz⏣⏑⏣
|l| ccfcccgfgfgffgf
|l| maximilk
