|j|☆ju2508
|j|☆iniimad
|t:|1779799799
|gametype|singles
|player|p1|ju2508|2|1147
|player|p2|iniimad|dragontamer|1108
|gen|9
|tier|[Gen 9] OU
|rated|
|rule|HP Percentage Mod: HP is shown in percentages
|rule|Endless Battle Clause: Forcing endless battles is banned
|rule|Species Clause: Limit one of each Pokémon
|rule|OHKO Clause: OHKO moves are banned
|rule|Evasion Items Clause: Evasion items are banned
|rule|Evasion Moves Clause: Evasion moves are banned
|rule|Evasion Abilities Clause: Evasion abilities are banned
|rule|Sleep Moves Clause: Sleep-inducing moves are banned
|clearpoke
|poke|p1|Feraligatr, M|
|poke|p1|Donphan, M|
|poke|p1|Sylveon, F|
|poke|p1|Magneton|
|poke|p1|Serperior, F|
|poke|p1|Flamigo, M|
|poke|p2|Ceruledge, M|
|poke|p2|Gholdengo|
|poke|p2|Kyurem|
|poke|p2|Great Tusk|
|poke|p2|Ogerpon-Wellspring, F|
|poke|p2|Ninetales-Alola, M|
|teampreview
|inactive|Battle timer is ON: inactive players will automatically lose when time's up. (requested by ju2508)
|
|t:|1779799812
|teamsize|p1|6
|teamsize|p2|6
|start
|switch|p1a: Magneton|Magneton|100/100
|switch|p2a: Ninetales|Ninetales-Alola, M|100/100
|-weather|Snowscape|[from] ability: Snow Warning|[of] p2a: Ninetales
|turn|1
|
|t:|1779799822
|switch|p2a: Gholdengo|Gholdengo|100/100
|move|p1a: Magneton|Flash Cannon|p2a: Gholdengo
|-resisted|p2a: Gholdengo
|-damage|p2a: Gholdengo|79/100
|
|-weather|Snowscape|[upkeep]
|-heal|p2a: Gholdengo|85/100|[from] item: Leftovers
|upkeep
|turn|2
|
|t:|1779799830
|move|p2a: Gholdengo|Nasty Plot|p2a: Gholdengo
|-boost|p2a: Gholdengo|spa|2
|move|p1a: Magneton|Thunderbolt|p2a: Gholdengo
|-damage|p2a: Gholdengo|38/100
|
|-weather|Snowscape|[upkeep]
|-heal|p2a: Gholdengo|44/100|[from] item: Leftovers
|upkeep
|turn|3
|
|t:|1779799840
|move|p2a: Gholdengo|Rest|p2a: Gholdengo
|-status|p2a: Gholdengo|slp|[from] move: Rest
|-heal|p2a: Gholdengo|100/100 slp|[silent]
|move|p1a: Magneton|Thunderbolt|p2a: Gholdengo
|-damage|p2a: Gholdengo|55/100 slp
|
|-weather|Snowscape|[upkeep]
|-heal|p2a: Gholdengo|61/100 slp|[from] item: Leftovers
|upkeep
|turn|4
|
|t:|1779799852
|cant|p2a: Gholdengo|slp
|move|p1a: Magneton|Thunderbolt|p2a: Gholdengo
|-damage|p2a: Gholdengo|16/100 slp
|
|-weather|Snowscape|[upkeep]
|-heal|p2a: Gholdengo|22/100 slp|[from] item: Leftovers
|upkeep
|turn|5
|
|t:|1779799861
|cant|p2a: Gholdengo|slp
|move|p1a: Magneton|Flash Cannon|p2a: Gholdengo
|-resisted|p2a: Gholdengo
|-damage|p2a: Gholdengo|2/100 slp
|
|-weather|none
|-heal|p2a: Gholdengo|8/100 slp|[from] item: Leftovers
|upkeep
|turn|6
|
|t:|1779799869
|-curestatus|p2a: Gholdengo|slp|[msg]
|move|p2a: Gholdengo|Shadow Ball|p1a: Magneton
|-damage|p1a: Magneton|12/100
|move|p1a: Magneton|Thunderbolt|p2a: Gholdengo
|-damage|p2a: Gholdengo|0 fnt
|faint|p2a: Gholdengo
|
|upkeep
|
|t:|1779799886
|switch|p2a: Ninetales|Ninetales-Alola, M|100/100
|-weather|Snowscape|[from] ability: Snow Warning|[of] p2a: Ninetales
|turn|7
|
|t:|1779799890
|move|p2a: Ninetales|Blizzard|p1a: Magneton
|-resisted|p1a: Magneton
|-damage|p1a: Magneton|0 fnt
|faint|p1a: Magneton
|
|-weather|Snowscape|[upkeep]
|upkeep
|
|t:|1779799898
|switch|p1a: Sylveon|Sylveon, F|100/100
|turn|8
|
|t:|1779799902
|move|p2a: Ninetales|Aurora Veil|p2a: Ninetales
|-sidestart|p2: iniimad|move: Aurora Veil
|move|p1a: Sylveon|Calm Mind|p1a: Sylveon
|-boost|p1a: Sylveon|spa|1
|-boost|p1a: Sylveon|spd|1
|
|-weather|Snowscape|[upkeep]
|upkeep
|turn|9
|
|t:|1779799909
|switch|p2a: Ceruledge|Ceruledge, M|100/100
|move|p1a: Sylveon|Calm Mind|p1a: Sylveon
|-boost|p1a: Sylveon|spa|1
|-boost|p1a: Sylveon|spd|1
|
|-weather|Snowscape|[upkeep]
|upkeep
|turn|10
|
|t:|1779799918
|switch|p1a: Donphan|Donphan, M|100/100
|move|p2a: Ceruledge|Poltergeist|p1a: Donphan
|-activate|p1a: Donphan|move: Poltergeist|Leftovers
|-damage|p1a: Donphan|69/100
|
|-weather|Snowscape|[upkeep]
|-heal|p1a: Donphan|75/100|[from] item: Leftovers
|upkeep
|turn|11
|
|t:|1779799929
|switch|p2a: Ogerpon|Ogerpon-Wellspring, F|100/100
|move|p1a: Donphan|Knock Off|p2a: Ogerpon
|-damage|p2a: Ogerpon|89/100
|
|-weather|none
|-heal|p1a: Donphan|82/100|[from] item: Leftovers
|upkeep
|turn|12
|
|t:|1779799937
|move|p2a: Ogerpon|Swords Dance|p2a: Ogerpon
|-boost|p2a: Ogerpon|atk|2
|move|p1a: Donphan|Stealth Rock|p2a: Ogerpon
|-sidestart|p2: iniimad|move: Stealth Rock
|
|-heal|p1a: Donphan|88/100|[from] item: Leftovers
|upkeep
|turn|13
|
|t:|1779799948
|move|p2a: Ogerpon|Horn Leech|p1a: Donphan
|-supereffective|p1a: Donphan
|-damage|p1a: Donphan|0 fnt
|-heal|p2a: Ogerpon|100/100|[from] drain|[of] p1a: Donphan
|faint|p1a: Donphan
|
|upkeep
|
|t:|1779799958
|switch|p1a: Serperior|Serperior, F|100/100
|turn|14
|
|t:|1779799961
|move|p1a: Serperior|Glare|p2a: Ogerpon
|-status|p2a: Ogerpon|par
|cant|p2a: Ogerpon|par
|
|upkeep
|turn|15
|
|t:|1779799968
|move|p1a: Serperior|Leaf Storm|p2a: Ogerpon
|-damage|p2a: Ogerpon|72/100 par
|-boost|p1a: Serperior|spa|2
|move|p2a: Ogerpon|Knock Off|p1a: Serperior
|-damage|p1a: Serperior|14/100
|-enditem|p1a: Serperior|Expert Belt|[from] move: Knock Off|[of] p2a: Ogerpon
|
|-sideend|p2: iniimad|move: Aurora Veil
|upkeep
|turn|16
|
|t:|1779799978
|move|p1a: Serperior|Leaf Storm|p2a: Ogerpon
|-damage|p2a: Ogerpon|0 fnt
|-boost|p1a: Serperior|spa|2
|faint|p2a: Ogerpon
|
|upkeep
|
|t:|1779799992
|switch|p2a: Ninetales|Ninetales-Alola, M|100/100
|-damage|p2a: Ninetales|76/100|[from] Stealth Rock
|-weather|Snowscape|[from] ability: Snow Warning|[of] p2a: Ninetales
|turn|17
|
|t:|1779800000
|move|p1a: Serperior|Leaf Storm|p2a: Ninetales
|-damage|p2a: Ninetales|0 fnt
|-boost|p1a: Serperior|spa|2
|faint|p2a: Ninetales
|
|-weather|Snowscape|[upkeep]
|upkeep
|
|t:|1779800008
|switch|p2a: Ceruledge|Ceruledge, M|100/100
|-damage|p2a: Ceruledge|76/100|[from] Stealth Rock
|turn|18
|
|t:|1779800014
|move|p1a: Serperior|Dragon Pulse|p2a: Ceruledge
|-damage|p2a: Ceruledge|0 fnt
|faint|p2a: Ceruledge
|
|-weather|Snowscape|[upkeep]
|upkeep
|-message|iniimad forfeited.
|
|win|ju2508
|raw|ju2508's rating: 1147 &rarr; <strong>1169</strong><br />(+22 for winning)
|raw|iniimad's rating: 1108 &rarr; <strong>1086</strong><br />(-22 for losing)
|l|☆iniimad
|player|p2|
|l|☆ju2508
|player|p1|
