|j|☆pap3ra
|j|☆abookfromthesky
|t:|1779887650
|gametype|singles
|player|p1|pap3ra|1|1356
|player|p2|abookfromthesky|1|1407
|gen|9
|tier|[Gen 9] OU
|rated|
|rule|HP Percentage Mod: HP is shown in percentages
|rule|Endless Battle Clause: Forcing endless battles is banned
|rule|Species Clause: Limit one of each Pokémon
|rule|OHKO Clause: OHKO moves are banned
|rule|Evasion Items Clause: Evasion items are banned
|rule|Evasion Moves Clause: Evasion moves are banned
|rule|Evasion Abilities Clause: Evasion abilities are banned
|rule|Sleep Moves Clause: Sleep-inducing moves are banned
|clearpoke
|poke|p1|Muk-Alola, M|
|poke|p1|Latios, M|
|poke|p1|Chandelure, F|
|poke|p1|Fezandipiti, M|
|poke|p1|Great Tusk|
|poke|p1|Skarmory, F|
|poke|p2|Slowking-Galar, F|
|poke|p2|Ting-Lu|
|poke|p2|Zapdos|
|poke|p2|Ogerpon-Wellspring, F|
|poke|p2|Cinderace, M|
|poke|p2|Kyurem|
|teampreview
|
|t:|1779887681
|teamsize|p1|6
|teamsize|p2|6
|start
|switch|p1a: Chandelure|Chandelure, F, shiny|100/100
|switch|p2a: Ogerpon|Ogerpon-Wellspring, F|100/100
|turn|1
|inactive|Battle timer is ON: inactive players will automatically lose when time's up. (requested by pap3ra)
|inactive|abookfromthesky has 120 seconds left.
|inactive|abookfromthesky has 90 seconds left.
|inactive|abookfromthesky has 60 seconds left.
|
|t:|1779887797
|move|p1a: Chandelure|Trick||[still]
|-fail|p1a: Chandelure
|move|p2a: Ogerpon|Ivy Cudgel|p1a: Chandelure|[anim] Ivy Cudgel Water
|-supereffective|p1a: Chandelure
|-crit|p1a: Chandelure
|-damage|p1a: Chandelure|0 fnt
|faint|p1a: Chandelure
|
|upkeep
|
|t:|1779887824
|switch|p1a: Muk|Muk-Alola, M|100/100
|turn|2
|inactive|abookfromthesky has 120 seconds left.
|
|t:|1779887856
|move|p2a: Ogerpon|Substitute|p2a: Ogerpon
|-start|p2a: Ogerpon|Substitute
|-damage|p2a: Ogerpon|76/100
|move|p1a: Muk|Curse|p1a: Muk
|-unboost|p1a: Muk|spe|1
|-boost|p1a: Muk|atk|1
|-boost|p1a: Muk|def|1
|
|upkeep
|turn|3
|
|t:|1779887866
|move|p2a: Ogerpon|Swords Dance|p2a: Ogerpon
|-boost|p2a: Ogerpon|atk|2
|move|p1a: Muk|Drain Punch|p2a: Ogerpon
|-end|p2a: Ogerpon|Substitute
|
|upkeep
|turn|4
|
|t:|1779887882
|move|p2a: Ogerpon|Ivy Cudgel|p1a: Muk|[anim] Ivy Cudgel Water
|-damage|p1a: Muk|22/100
|move|p1a: Muk|Knock Off|p2a: Ogerpon
|-damage|p2a: Ogerpon|10/100
|
|-heal|p1a: Muk|28/100|[from] item: Leftovers
|upkeep
|turn|5
|inactive|abookfromthesky has 90 seconds left.
|
|t:|1779887933
|move|p1a: Muk|Shadow Sneak|p2a: Ogerpon
|-damage|p2a: Ogerpon|0 fnt
|faint|p2a: Ogerpon
|
|-heal|p1a: Muk|34/100|[from] item: Leftovers
|upkeep
|
|t:|1779887936
|switch|p2a: Kyurem|Kyurem|100/100
|-ability|p2a: Kyurem|Pressure
|turn|6
|
|t:|1779887946
|switch|p1a: Fezandipiti|Fezandipiti, M|100/100
|move|p2a: Kyurem|Freeze-Dry|p1a: Fezandipiti
|-damage|p1a: Fezandipiti|75/100
|
|upkeep
|turn|7
|inactive|abookfromthesky has 90 seconds left.
|inactive|abookfromthesky has 60 seconds left.
|
|t:|1779887986
|switch|p2a: Slowking|Slowking-Galar, F|100/100
|move|p1a: Fezandipiti|Beat Up|p2a: Slowking
|-supereffective|p2a: Slowking
|-crit|p2a: Slowking
|-damage|p2a: Slowking|90/100
|-supereffective|p2a: Slowking
|-damage|p2a: Slowking|84/100
|-supereffective|p2a: Slowking
|-damage|p2a: Slowking|77/100
|-supereffective|p2a: Slowking
|-damage|p2a: Slowking|69/100
|-supereffective|p2a: Slowking
|-damage|p2a: Slowking|62/100
|-hitcount|p2a: Slowking|5
|
|upkeep
|turn|8
|
|t:|1779888000
|move|p1a: Fezandipiti|U-turn|p2a: Slowking
|-damage|p2a: Slowking|47/100
|
|t:|1779888004
|switch|p1a: Muk|Muk-Alola, M|34/100|[from] U-turn
|move|p2a: Slowking|Thunder Wave|p1a: Muk
|-status|p1a: Muk|par
|
|-heal|p1a: Muk|40/100 par|[from] item: Leftovers
|upkeep
|turn|9
|
|t:|1779888023
|switch|p2a: Ting-Lu|Ting-Lu|100/100
|-ability|p2a: Ting-Lu|Vessel of Ruin
|move|p1a: Muk|Knock Off|p2a: Ting-Lu
|-resisted|p2a: Ting-Lu
|-damage|p2a: Ting-Lu|88/100
|-status|p2a: Ting-Lu|psn|[from] ability: Poison Touch|[of] p1a: Muk
|-enditem|p2a: Ting-Lu|Leftovers|[from] move: Knock Off|[of] p1a: Muk
|
|-heal|p1a: Muk|46/100 par|[from] item: Leftovers
|-damage|p2a: Ting-Lu|75/100 psn|[from] psn
|upkeep
|turn|10
|
|t:|1779888045
|move|p2a: Ting-Lu|Earthquake|p1a: Muk
|-supereffective|p1a: Muk
|-damage|p1a: Muk|0 fnt
|faint|p1a: Muk
|
|-damage|p2a: Ting-Lu|63/100 psn|[from] psn
|upkeep
|
|t:|1779888056
|switch|p1a: Skarmory|Skarmory, F|100/100
|turn|11
|inactive|abookfromthesky has 90 seconds left.
|
|t:|1779888084
|move|p1a: Skarmory|Stealth Rock|p2a: Ting-Lu
|-sidestart|p2: abookfromthesky|move: Stealth Rock
|move|p2a: Ting-Lu|Ruination|p1a: Skarmory
|-damage|p1a: Skarmory|50/100
|
|-damage|p2a: Ting-Lu|50/100 psn|[from] psn
|upkeep
|turn|12
|
|t:|1779888094
|move|p1a: Skarmory|Roost|p1a: Skarmory
|-heal|p1a: Skarmory|100/100
|-singleturn|p1a: Skarmory|move: Roost
|move|p2a: Ting-Lu|Rest|p2a: Ting-Lu
|-status|p2a: Ting-Lu|slp|[from] move: Rest
|-heal|p2a: Ting-Lu|100/100 slp|[silent]
|
|upkeep
|turn|13
|inactive|abookfromthesky has 90 seconds left.
|
|t:|1779888118
|cant|p2a: Ting-Lu|slp
|move|p2a: Ting-Lu|Sleep Talk|p2a: Ting-Lu
|move|p2a: Ting-Lu|Earthquake|p1a: Skarmory|[from] move: Sleep Talk
|-immune|p1a: Skarmory
|move|p1a: Skarmory|Whirlwind|p2a: Ting-Lu
|drag|p2a: Zapdos|Zapdos|100/100
|
|upkeep
|turn|14
|
|t:|1779888131
|switch|p1a: Fezandipiti|Fezandipiti, M|75/100
|move|p2a: Zapdos|Hurricane|p1a: Fezandipiti
|-damage|p1a: Fezandipiti|54/100
|
|upkeep
|turn|15
|
|t:|1779888151
|move|p1a: Fezandipiti|Play Rough|p2a: Zapdos
|-damage|p2a: Zapdos|81/100
|-status|p2a: Zapdos|tox|[from] ability: Toxic Chain|[of] p1a: Fezandipiti
|move|p2a: Zapdos|Discharge|p1a: Fezandipiti
|-damage|p1a: Fezandipiti|38/100
|-status|p1a: Fezandipiti|par
|
|-damage|p2a: Zapdos|75/100 tox|[from] psn
|upkeep
|turn|16
|
|t:|1779888170
|move|p2a: Zapdos|Hurricane|p1a: Fezandipiti
|-damage|p1a: Fezandipiti|17/100 par
|cant|p1a: Fezandipiti|par
|
|-damage|p2a: Zapdos|63/100 tox|[from] psn
|upkeep
|turn|17
|
|t:|1779888182
|move|p2a: Zapdos|Roost|p2a: Zapdos
|-heal|p2a: Zapdos|100/100 tox
|-singleturn|p2a: Zapdos|move: Roost
|move|p1a: Fezandipiti|Poison Jab|p2a: Zapdos
|-damage|p2a: Zapdos|81/100 tox
|
|-damage|p2a: Zapdos|63/100 tox|[from] psn
|upkeep
|turn|18
|
|t:|1779888196
|switch|p2a: Ting-Lu|Ting-Lu|100/100 slp
|-damage|p2a: Ting-Lu|94/100 slp|[from] Stealth Rock
|-ability|p2a: Ting-Lu|Vessel of Ruin
|move|p1a: Fezandipiti|Poison Jab|p2a: Ting-Lu
|-resisted|p2a: Ting-Lu
|-damage|p2a: Ting-Lu|87/100 slp
|
|upkeep
|turn|19
|
|t:|1779888207
|move|p1a: Fezandipiti|U-turn|p2a: Ting-Lu
|-supereffective|p2a: Ting-Lu
|-damage|p2a: Ting-Lu|72/100 slp
|
|t:|1779888214
|switch|p1a: Great Tusk|Great Tusk|100/100|[from] U-turn
|cant|p2a: Ting-Lu|slp
|move|p2a: Ting-Lu|Sleep Talk|p2a: Ting-Lu
|move|p2a: Ting-Lu|Rest||[from] move: Sleep Talk|[still]
|-fail|p2a: Ting-Lu
|
|upkeep
|turn|20
|inactive|abookfromthesky has 90 seconds left.
|
|t:|1779888231
|switch|p2a: Zapdos|Zapdos|63/100 tox
|move|p1a: Great Tusk|Close Combat|p2a: Zapdos
|-resisted|p2a: Zapdos
|-damage|p2a: Zapdos|39/100 tox
|-unboost|p1a: Great Tusk|def|1
|-unboost|p1a: Great Tusk|spd|1
|
|-damage|p2a: Zapdos|33/100 tox|[from] psn
|upkeep
|turn|21
|inactive|abookfromthesky has 90 seconds left.
|
|t:|1779888245
|-end|p1a: Great Tusk|Protosynthesis|[silent]
|switch|p1a: Fezandipiti|Fezandipiti, M|17/100 par
|move|p2a: Zapdos|Roost|p2a: Zapdos
|-heal|p2a: Zapdos|83/100 tox
|-singleturn|p2a: Zapdos|move: Roost
|
|-damage|p2a: Zapdos|71/100 tox|[from] psn
|upkeep
|turn|22
|inactive|abookfromthesky has 90 seconds left.
|
|t:|1779888277
|move|p2a: Zapdos|U-turn|p1a: Fezandipiti
|-resisted|p1a: Fezandipiti
|-damage|p1a: Fezandipiti|13/100 par
|
|t:|1779888279
|switch|p2a: Ting-Lu|Ting-Lu|72/100 slp|[from] U-turn
|-damage|p2a: Ting-Lu|65/100 slp|[from] Stealth Rock
|-ability|p2a: Ting-Lu|Vessel of Ruin
|move|p1a: Fezandipiti|Poison Jab|p2a: Ting-Lu
|-resisted|p2a: Ting-Lu
|-damage|p2a: Ting-Lu|58/100 slp
|
|upkeep
|turn|23
|
|t:|1779888290
|move|p1a: Fezandipiti|U-turn|p2a: Ting-Lu
|-supereffective|p2a: Ting-Lu
|-damage|p2a: Ting-Lu|40/100 slp
|
|t:|1779888295
|switch|p1a: Great Tusk|Great Tusk|100/100|[from] U-turn
|-curestatus|p2a: Ting-Lu|slp|[msg]
|move|p2a: Ting-Lu|Earthquake|p1a: Great Tusk
|-damage|p1a: Great Tusk|74/100
|
|upkeep
|turn|24
|inactive|abookfromthesky has 90 seconds left.
|
|t:|1779888314
|switch|p2a: Zapdos|Zapdos|71/100 tox
|move|p1a: Great Tusk|Rapid Spin|p2a: Zapdos
|-damage|p2a: Zapdos|59/100 tox
|-boost|p1a: Great Tusk|spe|1
|
|-damage|p2a: Zapdos|53/100 tox|[from] psn
|upkeep
|turn|25
|
|t:|1779888325
|move|p1a: Great Tusk|Ice Spinner|p2a: Zapdos
|-supereffective|p2a: Zapdos
|-damage|p2a: Zapdos|12/100 tox
|move|p2a: Zapdos|Hurricane|p1a: Great Tusk
|-supereffective|p1a: Great Tusk
|-damage|p1a: Great Tusk|0 fnt
|faint|p1a: Great Tusk
|-end|p1a: Great Tusk|Protosynthesis|[silent]
|
|-damage|p2a: Zapdos|0 fnt|[from] psn
|faint|p2a: Zapdos
|upkeep
|inactive|abookfromthesky has 90 seconds left.
|
|t:|1779888341
|switch|p1a: Latios|Latios, M|100/100
|switch|p2a: Cinderace|Cinderace, M|100/100
|turn|26
|inactive|abookfromthesky has 90 seconds left.
|
|t:|1779888352
|move|p2a: Cinderace|U-turn|p1a: Latios
|-start|p2a: Cinderace|typechange|Bug|[from] ability: Libero
|-supereffective|p1a: Latios
|-damage|p1a: Latios|4/100
|inactive|abookfromthesky has 90 seconds left.
|
|t:|1779888358
|switch|p2a: Slowking|Slowking-Galar, F|80/100|[from] U-turn
|move|p1a: Latios|Calm Mind|p1a: Latios
|-boost|p1a: Latios|spa|1
|-boost|p1a: Latios|spd|1
|
|upkeep
|turn|27
|
|t:|1779888371
|move|p1a: Latios|Draco Meteor|p2a: Slowking
|-damage|p2a: Slowking|0 fnt
|-unboost|p1a: Latios|spa|2
|faint|p2a: Slowking
|
|upkeep
|
|t:|1779888385
|switch|p2a: Cinderace|Cinderace, M|100/100
|turn|28
|
|t:|1779888389
|switch|p1a: Skarmory|Skarmory, F|100/100
|move|p2a: Cinderace|Pyro Ball|p1a: Skarmory
|-supereffective|p1a: Skarmory
|-damage|p1a: Skarmory|34/100
|
|upkeep
|turn|29
|
|t:|1779888402
|move|p2a: Cinderace|Pyro Ball|p1a: Skarmory
|-supereffective|p1a: Skarmory
|-damage|p1a: Skarmory|0 fnt
|faint|p1a: Skarmory
|
|upkeep
|-message|pap3ra forfeited.
|
|win|abookfromthesky
|raw|pap3ra's rating: 1356 &rarr; <strong>1340</strong><br />(-16 for losing)
|raw|abookfromthesky's rating: 1426 &rarr; <strong>1442</strong><br />(+16 for winning)
|l|☆pap3ra
|player|p1|
|l|☆abookfromthesky
|player|p2|
