|j|☆Flixerich
|j|☆24iomxx
|t:|1779971210
|gametype|singles
|player|p1|Flixerich|265|1147
|player|p2|24iomxx|hilbert-masters|1210
|gen|9
|tier|[Gen 9] OU
|rated|
|rule|HP Percentage Mod: HP is shown in percentages
|rule|Endless Battle Clause: Forcing endless battles is banned
|rule|Species Clause: Limit one of each Pokémon
|rule|OHKO Clause: OHKO moves are banned
|rule|Evasion Items Clause: Evasion items are banned
|rule|Evasion Moves Clause: Evasion moves are banned
|rule|Evasion Abilities Clause: Evasion abilities are banned
|rule|Sleep Moves Clause: Sleep-inducing moves are banned
|clearpoke
|poke|p1|Cloyster, M|
|poke|p1|Bellossom, M|
|poke|p1|Dragapult, M|
|poke|p1|Iron Valiant|
|poke|p1|Latios, M|
|poke|p1|Dondozo, M|
|poke|p2|Hydreigon, M|
|poke|p2|Excadrill, M|
|poke|p2|Galvantula, F|
|poke|p2|Chandelure, F|
|poke|p2|Amoonguss, F|
|poke|p2|Braviary, M|
|teampreview
|inactive|Battle timer is ON: inactive players will automatically lose when time's up. (requested by 24iomxx)
|
|t:|1779971221
|teamsize|p1|6
|teamsize|p2|6
|start
|switch|p1a: Muschler|Cloyster, M|100/100
|switch|p2a: Galvantula|Galvantula, F|100/100
|turn|1
|
|t:|1779971228
|move|p2a: Galvantula|Thunder Wave|p1a: Muschler
|-status|p1a: Muschler|par
|move|p1a: Muschler|Shell Smash|p1a: Muschler
|-unboost|p1a: Muschler|def|1
|-unboost|p1a: Muschler|spd|1
|-boost|p1a: Muschler|atk|2
|-boost|p1a: Muschler|spa|2
|-boost|p1a: Muschler|spe|2
|-enditem|p1a: Muschler|White Herb
|-clearnegativeboost|p1a: Muschler|[silent]
|
|upkeep
|turn|2
|
|t:|1779971237
|move|p2a: Galvantula|Thunder|p1a: Muschler
|-supereffective|p1a: Muschler
|-damage|p1a: Muschler|0 fnt
|faint|p1a: Muschler
|
|upkeep
|
|t:|1779971263
|switch|p1a: Latios|Latios, M|100/100
|turn|3
|
|t:|1779971270
|move|p2a: Galvantula|Thunder Wave|p1a: Latios
|-status|p1a: Latios|par
|move|p1a: Latios|Draco Meteor|p2a: Galvantula
|-crit|p2a: Galvantula
|-enditem|p2a: Galvantula|Focus Sash
|-damage|p2a: Galvantula|1/100
|-unboost|p1a: Latios|spa|2
|
|upkeep
|turn|4
|
|t:|1779971278
|move|p2a: Galvantula|Sticky Web|p1a: Latios
|-sidestart|p1: Flixerich|move: Sticky Web
|move|p1a: Latios|Draco Meteor|p2a: Galvantula
|-damage|p2a: Galvantula|0 fnt
|-unboost|p1a: Latios|spa|2
|faint|p2a: Galvantula
|
|upkeep
|
|t:|1779971285
|switch|p2a: Chandelure|Chandelure, F|100/100
|turn|5
|
|t:|1779971301
|switch|p1a: Bellossom|Bellossom, M|100/100
|-activate|p1a: Bellossom|move: Sticky Web
|-unboost|p1a: Bellossom|spe|1
|move|p2a: Chandelure|Shadow Ball|p1a: Bellossom
|-damage|p1a: Bellossom|72/100
|
|-heal|p1a: Bellossom|78/100|[from] item: Leftovers
|upkeep
|turn|6
|
|t:|1779971313
|switch|p2a: Amoonguss|Amoonguss, F|100/100
|switch|p1a: Dragapult|Dragapult, M|100/100
|-activate|p1a: Dragapult|move: Sticky Web
|-fail|p1a: Dragapult|unboost|[from] ability: Clear Body|[of] p1a: Dragapult
|
|upkeep
|turn|7
|-message|Flixerich forfeited.
|
|win|24iomxx
|raw|Flixerich's rating: 1147 &rarr; <strong>1126</strong><br />(-21 for losing)
|raw|24iomxx's rating: 1210 &rarr; <strong>1231</strong><br />(+21 for winning)
|l|☆Flixerich
|player|p1|
|l|☆24iomxx
|player|p2|
