|j|☆pika_sparkle
|j|☆Doloris114
|t:|1779890801
|gametype|singles
|player|p1|pika_sparkle|pokekid|1072
|player|p2|Doloris114|101|1119
|gen|9
|tier|[Gen 9] OU
|rated|
|rule|HP Percentage Mod: HP is shown in percentages
|rule|Endless Battle Clause: Forcing endless battles is banned
|rule|Species Clause: Limit one of each Pokémon
|rule|OHKO Clause: OHKO moves are banned
|rule|Evasion Items Clause: Evasion items are banned
|rule|Evasion Moves Clause: Evasion moves are banned
|rule|Evasion Abilities Clause: Evasion abilities are banned
|rule|Sleep Moves Clause: Sleep-inducing moves are banned
|clearpoke
|poke|p1|Pikachu-Sinnoh, M|
|poke|p1|Gallade, M|
|poke|p1|Jirachi|
|poke|p1|Umbreon, M|
|poke|p1|Ceruledge, F|
|poke|p1|Dragapult, M|
|poke|p2|Sylveon, F|
|poke|p2|Weezing-Galar, M|
|poke|p2|Meowstic, M|
|poke|p2|Overqwil, F|
|poke|p2|Pelipper, F|
|poke|p2|Greninja-*, F|
|teampreview
|
|t:|1779890807
|teamsize|p1|6
|teamsize|p2|6
|start
|switch|p1a: Gallade|Gallade, M|100/100
|switch|p2a: Pelipper|Pelipper, F|100/100
|-weather|RainDance|[from] ability: Drizzle|[of] p2a: Pelipper
|turn|1
|
|t:|1779890816
|move|p1a: Gallade|Psycho Cut|p2a: Pelipper
|-damage|p2a: Pelipper|43/100
|move|p2a: Pelipper|Hurricane|p1a: Gallade
|-supereffective|p1a: Gallade
|-damage|p1a: Gallade|0 fnt
|faint|p1a: Gallade
|
|-weather|RainDance|[upkeep]
|upkeep
|
|t:|1779890826
|switch|p1a: Jirachi|Jirachi|100/100
|turn|2
|
|t:|1779890833
|switch|p2a: Sylveon|Sylveon, F|100/100
|move|p1a: Jirachi|Thunderbolt|p2a: Sylveon
|-damage|p2a: Sylveon|80/100
|
|-weather|RainDance|[upkeep]
|upkeep
|turn|3
|
|t:|1779890851
|switch|p1a: Ceruledge|Ceruledge, F|100/100
|move|p2a: Sylveon|Substitute|p2a: Sylveon
|-start|p2a: Sylveon|Substitute
|-damage|p2a: Sylveon|55/100
|
|-weather|RainDance|[upkeep]
|upkeep
|turn|4
|
|t:|1779890861
|move|p1a: Ceruledge|Bulk Up|p1a: Ceruledge
|-boost|p1a: Ceruledge|atk|1
|-boost|p1a: Ceruledge|def|1
|move|p2a: Sylveon|Calm Mind|p2a: Sylveon
|-boost|p2a: Sylveon|spa|1
|-boost|p2a: Sylveon|spd|1
|
|-weather|RainDance|[upkeep]
|upkeep
|turn|5
|
|t:|1779890870
|move|p1a: Ceruledge|Bitter Blade|p2a: Sylveon
|-crit|p2a: Sylveon
|-end|p2a: Sylveon|Substitute
|move|p2a: Sylveon|Weather Ball|p1a: Ceruledge
|-supereffective|p1a: Ceruledge
|-crit|p1a: Ceruledge
|-damage|p1a: Ceruledge|0 fnt
|faint|p1a: Ceruledge
|
|-weather|RainDance|[upkeep]
|upkeep
|
|t:|1779890879
|switch|p1a: Dragapult|Dragapult, M|100/100
|turn|6
|
|t:|1779890891
|switch|p2a: Meowstic|Meowstic, M|100/100
|-terastallize|p1a: Dragapult|Ground
|move|p1a: Dragapult|Dragon Rush|p2a: Meowstic
|-damage|p2a: Meowstic|34/100
|
|-weather|RainDance|[upkeep]
|-heal|p2a: Meowstic|40/100|[from] item: Leftovers
|upkeep
|turn|7
|
|t:|1779890903
|move|p2a: Meowstic|Fake Out|p1a: Dragapult
|-damage|p1a: Dragapult|94/100
|cant|p1a: Dragapult|flinch
|
|-weather|RainDance|[upkeep]
|-heal|p2a: Meowstic|47/100|[from] item: Leftovers
|upkeep
|turn|8
|
|t:|1779890912
|move|p2a: Meowstic|Reflect|p2a: Meowstic
|-sidestart|p2: Doloris114|Reflect
|move|p1a: Dragapult|Dragon Claw|p2a: Meowstic
|-damage|p2a: Meowstic|0 fnt
|faint|p2a: Meowstic
|
|-weather|none
|upkeep
|
|t:|1779890924
|switch|p2a: Sylveon|Sylveon, F|55/100
|turn|9
|
|t:|1779890929
|move|p1a: Dragapult|Dragon Rush|p2a: Sylveon
|-immune|p2a: Sylveon
|move|p2a: Sylveon|Calm Mind|p2a: Sylveon
|-boost|p2a: Sylveon|spa|1
|-boost|p2a: Sylveon|spd|1
|
|upkeep
|turn|10
|
|t:|1779890936
|move|p1a: Dragapult|Will-O-Wisp|p2a: Sylveon|[miss]
|-miss|p1a: Dragapult|p2a: Sylveon
|move|p2a: Sylveon|Hyper Voice|p1a: Dragapult
|-damage|p1a: Dragapult|0 fnt
|faint|p1a: Dragapult
|
|upkeep
|
|t:|1779890946
|switch|p1a: Umbreon|Umbreon, M, shiny|100/100
|turn|11
|
|t:|1779890957
|move|p2a: Sylveon|Hyper Voice|p1a: Umbreon
|-supereffective|p1a: Umbreon
|-damage|p1a: Umbreon|0 fnt
|faint|p1a: Umbreon
|
|upkeep
|
|t:|1779890961
|switch|p1a: Pikachu|Pikachu-Sinnoh, M|100/100
|turn|12
|
|t:|1779890965
|move|p1a: Pikachu|Thunder|p2a: Sylveon
|-crit|p2a: Sylveon
|-damage|p2a: Sylveon|0 fnt
|faint|p2a: Sylveon
|
|-sideend|p2: Doloris114|Reflect
|upkeep
|
|t:|1779890973
|switch|p2a: Pelipper|Pelipper, F|43/100
|-weather|RainDance|[from] ability: Drizzle|[of] p2a: Pelipper
|turn|13
|
|t:|1779890978
|move|p1a: Pikachu|Nuzzle|p2a: Pelipper
|-supereffective|p2a: Pelipper
|-damage|p2a: Pelipper|9/100
|-status|p2a: Pelipper|par
|cant|p2a: Pelipper|par
|
|-weather|RainDance|[upkeep]
|upkeep
|turn|14
|
|t:|1779890987
|move|p1a: Pikachu|Thunder|p2a: Pelipper
|-supereffective|p2a: Pelipper
|-damage|p2a: Pelipper|0 fnt
|faint|p2a: Pelipper
|
|-weather|RainDance|[upkeep]
|upkeep
|
|t:|1779890994
|switch|p2a: Overqwil|Overqwil, F, shiny|100/100
|turn|15
|
|t:|1779890998
|-terastallize|p2a: Overqwil|Dark
|move|p2a: Overqwil|Throat Chop|p1a: Pikachu
|-damage|p1a: Pikachu|0 fnt
|faint|p1a: Pikachu
|
|-weather|RainDance|[upkeep]
|upkeep
|
|t:|1779891003
|switch|p1a: Jirachi|Jirachi|100/100
|turn|16
|
|t:|1779891009
|move|p2a: Overqwil|Throat Chop|p1a: Jirachi
|-supereffective|p1a: Jirachi
|-damage|p1a: Jirachi|0 fnt
|faint|p1a: Jirachi
|
|win|Doloris114
|raw|pika_sparkle's rating: 1072 &rarr; <strong>1054</strong><br />(-18 for losing)
|raw|Doloris114's rating: 1119 &rarr; <strong>1141</strong><br />(+22 for winning)
|l|☆Doloris114
|player|p2|
|l|☆pika_sparkle
|player|p1|
