|j|☆hattybatty304
|j|☆Exilos
|t:|1779871871
|gametype|singles
|player|p1|hattybatty304|swimmerf|1338
|player|p2|Exilos|jacinthe|1338
|gen|9
|tier|[Gen 9] OU
|rated|
|rule|HP Percentage Mod: HP is shown in percentages
|rule|Endless Battle Clause: Forcing endless battles is banned
|rule|Species Clause: Limit one of each Pokémon
|rule|OHKO Clause: OHKO moves are banned
|rule|Evasion Items Clause: Evasion items are banned
|rule|Evasion Moves Clause: Evasion moves are banned
|rule|Evasion Abilities Clause: Evasion abilities are banned
|rule|Sleep Moves Clause: Sleep-inducing moves are banned
|clearpoke
|poke|p1|Hatterene, F|
|poke|p1|Meowscarada, F|
|poke|p1|Primarina, F|
|poke|p1|Conkeldurr, F|
|poke|p1|Pecharunt|
|poke|p1|Minior|
|poke|p2|Garchomp, F|
|poke|p2|Electrode-Hisui|
|poke|p2|Conkeldurr, F|
|poke|p2|Garganacl, F|
|poke|p2|Pecharunt|
|poke|p2|Moltres|
|teampreview
|inactive|Battle timer is ON: inactive players will automatically lose when time's up. (requested by Exilos)
|inactive|hattybatty304 also wants the timer to be on.
|
|t:|1779871886
|teamsize|p1|6
|teamsize|p2|6
|start
|switch|p1a: Roxxy|Minior|100/100
|switch|p2a: Moltres|Moltres|100/100
|-formechange|p1a: Roxxy|Minior-Meteor||[from] ability: Shields Down
|turn|1
|
|t:|1779871890
|move|p1a: Roxxy|Shell Smash|p1a: Roxxy
|-unboost|p1a: Roxxy|def|1
|-unboost|p1a: Roxxy|spd|1
|-boost|p1a: Roxxy|atk|2
|-boost|p1a: Roxxy|spa|2
|-boost|p1a: Roxxy|spe|2
|-enditem|p1a: Roxxy|White Herb
|-clearnegativeboost|p1a: Roxxy|[silent]
|move|p2a: Moltres|Roar|p1a: Roxxy
|drag|p1a: Miss TakeYoMan|Meowscarada, F|100/100
|
|upkeep
|turn|2
|
|t:|1779871896
|switch|p1a: Roxxy|Minior|100/100
|-formechange|p1a: Roxxy|Minior-Meteor||[from] ability: Shields Down
|move|p2a: Moltres|U-turn|p1a: Roxxy
|-resisted|p1a: Roxxy
|-damage|p1a: Roxxy|91/100
|
|t:|1779871904
|switch|p2a: Electrode|Electrode-Hisui|100/100|[from] U-turn
|
|upkeep
|turn|3
|
|t:|1779871909
|switch|p1a: Miss TakeYoMan|Meowscarada, F|100/100
|move|p2a: Electrode|Leech Seed|p1a: Miss TakeYoMan
|-immune|p1a: Miss TakeYoMan
|
|upkeep
|turn|4
|
|t:|1779871916
|switch|p2a: Moltres|Moltres|100/100
|move|p1a: Miss TakeYoMan|U-turn|p2a: Moltres
|-start|p1a: Miss TakeYoMan|typechange|Bug|[from] ability: Protean
|-resisted|p2a: Moltres
|-damage|p2a: Moltres|93/100
|
|t:|1779871920
|switch|p1a: Bric|Conkeldurr, F|100/100|[from] U-turn
|
|-status|p1a: Bric|brn|[from] item: Flame Orb
|upkeep
|turn|5
|
|t:|1779871930
|move|p2a: Moltres|Flamethrower|p1a: Bric
|-damage|p1a: Bric|58/100 brn
|move|p1a: Bric|Knock Off|p2a: Moltres
|-damage|p2a: Moltres|52/100
|-enditem|p2a: Moltres|Heavy-Duty Boots|[from] move: Knock Off|[of] p1a: Bric
|
|-damage|p1a: Bric|52/100 brn|[from] brn
|upkeep
|turn|6
|
|t:|1779871937
|move|p2a: Moltres|Roost|p2a: Moltres
|-heal|p2a: Moltres|100/100
|-singleturn|p2a: Moltres|move: Roost
|move|p1a: Bric|Facade|p2a: Moltres
|-damage|p2a: Moltres|44/100
|
|-damage|p1a: Bric|46/100 brn|[from] brn
|upkeep
|turn|7
|
|t:|1779871946
|move|p2a: Moltres|Roost|p2a: Moltres
|-heal|p2a: Moltres|94/100
|-singleturn|p2a: Moltres|move: Roost
|move|p1a: Bric|Knock Off|p2a: Moltres
|-damage|p2a: Moltres|66/100
|
|-damage|p1a: Bric|40/100 brn|[from] brn
|upkeep
|turn|8
|
|t:|1779871951
|move|p2a: Moltres|Flamethrower|p1a: Bric
|-damage|p1a: Bric|0 fnt
|faint|p1a: Bric
|
|upkeep
|
|t:|1779871956
|switch|p1a: Rapunzal|Primarina, F, shiny|100/100
|turn|9
|
|t:|1779871966
|switch|p2a: Pecharunt|Pecharunt|100/100
|move|p1a: Rapunzal|Psychic Noise|p2a: Pecharunt
|-damage|p2a: Pecharunt|62/100
|-start|p2a: Pecharunt|move: Heal Block
|
|upkeep
|turn|10
|
|t:|1779871972
|move|p2a: Pecharunt|Malignant Chain|p1a: Rapunzal
|-supereffective|p1a: Rapunzal
|-damage|p1a: Rapunzal|69/100
|move|p1a: Rapunzal|Psychic|p2a: Pecharunt
|-supereffective|p2a: Pecharunt
|-damage|p2a: Pecharunt|2/100
|-unboost|p2a: Pecharunt|spd|1
|
|-end|p2a: Pecharunt|move: Heal Block
|upkeep
|turn|11
|
|t:|1779871981
|switch|p1a: Roxxy|Minior|91/100
|-formechange|p1a: Roxxy|Minior-Meteor||[from] ability: Shields Down
|move|p2a: Pecharunt|Malignant Chain|p1a: Roxxy
|-resisted|p1a: Roxxy
|-damage|p1a: Roxxy|67/100
|
|upkeep
|turn|12
|
|t:|1779871991
|move|p1a: Roxxy|Shell Smash|p1a: Roxxy
|-unboost|p1a: Roxxy|def|1
|-unboost|p1a: Roxxy|spd|1
|-boost|p1a: Roxxy|atk|2
|-boost|p1a: Roxxy|spa|2
|-boost|p1a: Roxxy|spe|2
|move|p2a: Pecharunt|Foul Play|p1a: Roxxy
|-damage|p1a: Roxxy|0 fnt
|faint|p1a: Roxxy
|
|upkeep
|
|t:|1779871996
|switch|p1a: Miss TakeYoMan|Meowscarada, F|100/100
|turn|13
|
|t:|1779872006
|move|p1a: Miss TakeYoMan|Flower Trick|p2a: Pecharunt
|-start|p1a: Miss TakeYoMan|typechange|Grass|[from] ability: Protean
|-resisted|p2a: Pecharunt
|-crit|p2a: Pecharunt
|-damage|p2a: Pecharunt|0 fnt
|faint|p2a: Pecharunt
|
|upkeep
|
|t:|1779872009
|switch|p2a: Moltres|Moltres|66/100
|turn|14
|
|t:|1779872013
|switch|p1a: Rapunzal|Primarina, F, shiny|69/100
|move|p2a: Moltres|U-turn|p1a: Rapunzal
|-resisted|p1a: Rapunzal
|-damage|p1a: Rapunzal|60/100
|
|t:|1779872021
|switch|p2a: Electrode|Electrode-Hisui|100/100|[from] U-turn
|
|upkeep
|turn|15
|
|t:|1779872028
|move|p2a: Electrode|Substitute|p2a: Electrode
|-start|p2a: Electrode|Substitute
|-damage|p2a: Electrode|75/100
|move|p1a: Rapunzal|Draining Kiss|p2a: Electrode
|-end|p2a: Electrode|Substitute
|-heal|p1a: Rapunzal|77/100|[from] drain|[of] p2a: Electrode
|
|-heal|p2a: Electrode|82/100|[from] item: Leftovers
|upkeep
|turn|16
|
|t:|1779872035
|move|p2a: Electrode|Chloroblast|p1a: Rapunzal
|-supereffective|p1a: Rapunzal
|-damage|p1a: Rapunzal|21/100
|-damage|p2a: Electrode|32/100|[from] Recoil
|move|p1a: Rapunzal|Psychic Noise|p2a: Electrode
|-resisted|p2a: Electrode
|-damage|p2a: Electrode|9/100
|-start|p2a: Electrode|move: Heal Block
|
|upkeep
|turn|17
|
|t:|1779872044
|move|p2a: Electrode|Discharge|p1a: Rapunzal
|-supereffective|p1a: Rapunzal
|-damage|p1a: Rapunzal|0 fnt
|faint|p1a: Rapunzal
|
|-end|p2a: Electrode|move: Heal Block
|upkeep
|
|t:|1779872048
|switch|p1a: BATTYGAL|Hatterene, F|100/100
|turn|18
|
|t:|1779872071
|move|p2a: Electrode|Chloroblast|p1a: BATTYGAL
|-damage|p1a: BATTYGAL|71/100
|-damage|p2a: Electrode|0 fnt|[from] Recoil
|faint|p2a: Electrode
|move|p1a: BATTYGAL|Mystical Fire|p2: Electrode|[notarget]
|-fail|p1a: BATTYGAL
|
|upkeep
|
|t:|1779872080
|switch|p2a: Garganacl|Garganacl, F|100/100
|turn|19
|
|t:|1779872084
|move|p2a: Garganacl|Salt Cure|p1a: BATTYGAL
|-damage|p1a: BATTYGAL|54/100
|-start|p1a: BATTYGAL|Salt Cure
|move|p1a: BATTYGAL|Psychic Noise|p2a: Garganacl
|-crit|p2a: Garganacl
|-damage|p2a: Garganacl|66/100
|-start|p2a: Garganacl|move: Heal Block
|
|-damage|p1a: BATTYGAL|42/100|[from] Salt Cure
|upkeep
|turn|20
|
|t:|1779872095
|switch|p2a: Moltres|Moltres|66/100
|switch|p1a: Mosquito|Pecharunt|100/100
|
|upkeep
|turn|21
|
|t:|1779872100
|move|p2a: Moltres|U-turn|p1a: Mosquito
|-resisted|p1a: Mosquito
|-damage|p1a: Mosquito|99/100
|-damage|p2a: Moltres|49/100|[from] item: Rocky Helmet|[of] p1a: Mosquito
|
|t:|1779872102
|switch|p2a: Garganacl|Garganacl, F|66/100|[from] U-turn
|move|p1a: Mosquito|Malignant Chain|p2a: Garganacl
|-resisted|p2a: Garganacl
|-damage|p2a: Garganacl|56/100
|
|-heal|p2a: Garganacl|62/100|[from] item: Leftovers
|upkeep
|turn|22
|
|t:|1779872112
|move|p1a: Mosquito|Nasty Plot|p1a: Mosquito
|-boost|p1a: Mosquito|spa|2
|move|p2a: Garganacl|Salt Cure|p1a: Mosquito
|-damage|p1a: Mosquito|92/100
|-start|p1a: Mosquito|Salt Cure
|
|-heal|p2a: Garganacl|68/100|[from] item: Leftovers
|-damage|p1a: Mosquito|80/100|[from] Salt Cure
|upkeep
|turn|23
|
|t:|1779872116
|move|p1a: Mosquito|Nasty Plot|p1a: Mosquito
|-boost|p1a: Mosquito|spa|2
|move|p2a: Garganacl|Stealth Rock|p1a: Mosquito
|-sidestart|p1: hattybatty304|move: Stealth Rock
|
|-heal|p2a: Garganacl|74/100|[from] item: Leftovers
|-damage|p1a: Mosquito|68/100|[from] Salt Cure
|upkeep
|turn|24
|
|t:|1779872121
|move|p1a: Mosquito|Recover|p1a: Mosquito
|-heal|p1a: Mosquito|100/100
|move|p2a: Garganacl|Recover|p2a: Garganacl
|-heal|p2a: Garganacl|100/100
|
|-damage|p1a: Mosquito|88/100|[from] Salt Cure
|upkeep
|turn|25
|
|t:|1779872134
|switch|p2a: Moltres|Moltres|49/100
|move|p1a: Mosquito|Nasty Plot|p1a: Mosquito
|-boost|p1a: Mosquito|spa|2
|
|-damage|p1a: Mosquito|76/100|[from] Salt Cure
|upkeep
|turn|26
|
|t:|1779872139
|move|p1a: Mosquito|Recover|p1a: Mosquito
|-heal|p1a: Mosquito|100/100
|move|p2a: Moltres|Roar|p1a: Mosquito
|drag|p1a: BATTYGAL|Hatterene, F|42/100
|-damage|p1a: BATTYGAL|29/100|[from] Stealth Rock
|
|upkeep
|turn|27
|
|t:|1779872144
|move|p2a: Moltres|Flamethrower|p1a: BATTYGAL
|-damage|p1a: BATTYGAL|11/100
|move|p1a: BATTYGAL|Psychic Noise|p2a: Moltres
|-damage|p2a: Moltres|12/100
|-start|p2a: Moltres|move: Heal Block
|
|upkeep
|turn|28
|
|t:|1779872150
|move|p2a: Moltres|Flamethrower|p1a: BATTYGAL
|-damage|p1a: BATTYGAL|0 fnt
|faint|p1a: BATTYGAL
|
|-end|p2a: Moltres|move: Heal Block
|upkeep
|
|t:|1779872156
|switch|p1a: Mosquito|Pecharunt|100/100
|-damage|p1a: Mosquito|88/100|[from] Stealth Rock
|turn|29
|
|t:|1779872160
|move|p2a: Moltres|Flamethrower|p1a: Mosquito
|-damage|p1a: Mosquito|53/100
|move|p1a: Mosquito|Malignant Chain|p2a: Moltres
|-damage|p2a: Moltres|0 fnt
|faint|p2a: Moltres
|
|upkeep
|
|t:|1779872167
|switch|p2a: Garchomp|Garchomp, F|100/100
|turn|30
|
|t:|1779872172
|-terastallize|p1a: Mosquito|Dark
|move|p2a: Garchomp|Earthquake|p1a: Mosquito
|-damage|p1a: Mosquito|32/100
|move|p1a: Mosquito|Recover|p1a: Mosquito
|-heal|p1a: Mosquito|82/100
|
|upkeep
|turn|31
|
|t:|1779872176
|move|p1a: Mosquito|Nasty Plot|p1a: Mosquito
|-boost|p1a: Mosquito|spa|2
|move|p2a: Garchomp|Dragon Tail|p1a: Mosquito|[miss]
|-miss|p2a: Garchomp|p1a: Mosquito
|
|upkeep
|turn|32
|
|t:|1779872181
|move|p1a: Mosquito|Malignant Chain|p2a: Garchomp
|-resisted|p2a: Garchomp
|-damage|p2a: Garchomp|72/100
|-status|p2a: Garchomp|tox
|-start|p2a: Garchomp|confusion|[from] ability: Poison Puppeteer|[of] p1a: Mosquito
|-activate|p2a: Garchomp|confusion
|move|p2a: Garchomp|Dragon Tail|p1a: Mosquito
|-damage|p1a: Mosquito|70/100
|-damage|p2a: Garchomp|55/100 tox|[from] item: Rocky Helmet|[of] p1a: Mosquito
|drag|p1a: Miss TakeYoMan|Meowscarada, F|100/100
|-damage|p1a: Miss TakeYoMan|88/100|[from] Stealth Rock
|
|-damage|p2a: Garchomp|49/100 tox|[from] psn
|upkeep
|turn|33
|
|t:|1779872188
|switch|p1a: Mosquito|Pecharunt, tera:Dark|70/100
|-damage|p1a: Mosquito|57/100|[from] Stealth Rock
|-end|p2a: Garchomp|confusion
|move|p2a: Garchomp|Spikes|p1a: Mosquito
|-sidestart|p1: hattybatty304|Spikes
|
|-damage|p2a: Garchomp|37/100 tox|[from] psn
|upkeep
|turn|34
|
|t:|1779872193
|move|p1a: Mosquito|Recover|p1a: Mosquito
|-heal|p1a: Mosquito|100/100
|move|p2a: Garchomp|Dragon Tail|p1a: Mosquito
|-damage|p1a: Mosquito|88/100
|-damage|p2a: Garchomp|20/100 tox|[from] item: Rocky Helmet|[of] p1a: Mosquito
|drag|p1a: Miss TakeYoMan|Meowscarada, F|88/100
|-damage|p1a: Miss TakeYoMan|76/100|[from] Stealth Rock
|-damage|p1a: Miss TakeYoMan|64/100|[from] Spikes
|
|-damage|p2a: Garchomp|1/100 tox|[from] psn
|upkeep
|turn|35
|
|t:|1779872199
|switch|p1a: Mosquito|Pecharunt, tera:Dark|88/100
|-damage|p1a: Mosquito|76/100|[from] Stealth Rock
|-damage|p1a: Mosquito|64/100|[from] Spikes
|move|p2a: Garchomp|Dragon Tail|p1a: Mosquito
|-damage|p1a: Mosquito|52/100
|-damage|p2a: Garchomp|0 fnt|[from] item: Rocky Helmet|[of] p1a: Mosquito
|faint|p2a: Garchomp
|drag|p1a: Miss TakeYoMan|Meowscarada, F|64/100
|-damage|p1a: Miss TakeYoMan|51/100|[from] Stealth Rock
|-damage|p1a: Miss TakeYoMan|39/100|[from] Spikes
|
|upkeep
|
|t:|1779872208
|switch|p2a: Conkeldurr|Conkeldurr, F|100/100
|turn|36
|
|t:|1779872217
|move|p1a: Miss TakeYoMan|Flower Trick|p2a: Conkeldurr
|-start|p1a: Miss TakeYoMan|typechange|Grass|[from] ability: Protean
|-crit|p2a: Conkeldurr
|-damage|p2a: Conkeldurr|41/100
|move|p2a: Conkeldurr|Knock Off|p1a: Miss TakeYoMan
|-damage|p1a: Miss TakeYoMan|0 fnt
|-enditem|p1a: Miss TakeYoMan|Choice Band|[from] move: Knock Off|[of] p2a: Conkeldurr
|faint|p1a: Miss TakeYoMan
|
|-status|p2a: Conkeldurr|brn|[from] item: Flame Orb
|upkeep
|
|t:|1779872223
|switch|p1a: Mosquito|Pecharunt, tera:Dark|52/100
|-damage|p1a: Mosquito|39/100|[from] Stealth Rock
|-damage|p1a: Mosquito|27/100|[from] Spikes
|turn|37
|
|t:|1779872230
|move|p2a: Conkeldurr|Mach Punch|p1a: Mosquito
|-supereffective|p1a: Mosquito
|-damage|p1a: Mosquito|0 fnt
|-damage|p2a: Conkeldurr|25/100 brn|[from] item: Rocky Helmet|[of] p1a: Mosquito
|faint|p1a: Mosquito
|
|win|Exilos
|raw|hattybatty304's rating: 1338 &rarr; <strong>1318</strong><br />(-20 for losing)
|raw|Exilos's rating: 1338 &rarr; <strong>1358</strong><br />(+20 for winning)
|l|☆hattybatty304
|player|p1|
|l|☆Exilos
|player|p2|
