|j|☆ditissjoerd
|j|☆Mky27
|t:|1779823691
|gametype|singles
|player|p1|ditissjoerd|clown|1527
|player|p2|Mky27|ltsurge|1474
|gen|9
|tier|[Gen 9] OU
|rated|
|rule|HP Percentage Mod: HP is shown in percentages
|rule|Endless Battle Clause: Forcing endless battles is banned
|rule|Species Clause: Limit one of each Pokémon
|rule|OHKO Clause: OHKO moves are banned
|rule|Evasion Items Clause: Evasion items are banned
|rule|Evasion Moves Clause: Evasion moves are banned
|rule|Evasion Abilities Clause: Evasion abilities are banned
|rule|Sleep Moves Clause: Sleep-inducing moves are banned
|clearpoke
|poke|p1|Tyranitar, M|
|poke|p1|Excadrill, F|
|poke|p1|Magnezone|
|poke|p1|Moltres|
|poke|p1|Sinistcha|
|poke|p1|Lokix, F|
|poke|p2|Alomomola, F|
|poke|p2|Ting-Lu|
|poke|p2|Cinderace, M|
|poke|p2|Trevenant, M|
|poke|p2|Glimmora, F|
|poke|p2|Gholdengo|
|teampreview
|inactive|Battle timer is ON: inactive players will automatically lose when time's up. (requested by Mky27)
|
|t:|1779823699
|teamsize|p1|6
|teamsize|p2|6
|start
|switch|p1a: Lokix|Lokix, F|100/100
|switch|p2a: Alomomola|Alomomola, F|100/100
|turn|1
|
|t:|1779823710
|move|p1a: Lokix|Knock Off|p2a: Alomomola
|-damage|p2a: Alomomola|62/100
|-damage|p1a: Lokix|84/100|[from] item: Rocky Helmet|[of] p2a: Alomomola
|-enditem|p2a: Alomomola|Rocky Helmet|[from] move: Knock Off|[of] p1a: Lokix
|move|p2a: Alomomola|Flip Turn|p1a: Lokix
|-crit|p1a: Lokix
|-damage|p1a: Lokix|54/100
|
|t:|1779823727
|switch|p2a: Cinderace|Cinderace, M|100/100|[from] Flip Turn
|
|upkeep
|turn|2
|
|t:|1779823732
|switch|p1a: Moltres|Moltres|100/100
|move|p2a: Cinderace|U-turn|p1a: Moltres
|-start|p2a: Cinderace|typechange|Bug|[from] ability: Libero
|-resisted|p1a: Moltres
|-damage|p1a: Moltres|94/100
|
|t:|1779823740
|switch|p2a: Glimmora|Glimmora, F|100/100|[from] U-turn
|
|upkeep
|turn|3
|
|t:|1779823745
|move|p2a: Glimmora|Stealth Rock|p1a: Moltres
|-sidestart|p1: ditissjoerd|move: Stealth Rock
|move|p1a: Moltres|Flamethrower|p2a: Glimmora
|-resisted|p2a: Glimmora
|-damage|p2a: Glimmora|79/100
|-enditem|p2a: Glimmora|Red Card|[of] p1a: Moltres
|drag|p1a: Tyranitar|Tyranitar, M|100/100
|-damage|p1a: Tyranitar|88/100|[from] Stealth Rock
|-weather|Sandstorm|[from] ability: Sand Stream|[of] p1a: Tyranitar
|
|-weather|Sandstorm|[upkeep]
|upkeep
|turn|4
|
|t:|1779823760
|switch|p2a: Alomomola|Alomomola, F|95/100
|move|p1a: Tyranitar|Stone Edge|p2a: Alomomola|[miss]
|-miss|p1a: Tyranitar|p2a: Alomomola
|
|-weather|Sandstorm|[upkeep]
|-damage|p2a: Alomomola|89/100|[from] Sandstorm
|upkeep
|turn|5
|
|t:|1779823769
|switch|p1a: Magnezone|Magnezone|100/100
|-damage|p1a: Magnezone|94/100|[from] Stealth Rock
|move|p2a: Alomomola|Scald|p1a: Magnezone
|-damage|p1a: Magnezone|79/100
|
|-weather|Sandstorm|[upkeep]
|-damage|p2a: Alomomola|83/100|[from] Sandstorm
|-heal|p1a: Magnezone|86/100|[from] item: Leftovers
|upkeep
|turn|6
|
|t:|1779823781
|switch|p2a: Ting-Lu|Ting-Lu|100/100
|-ability|p2a: Ting-Lu|Vessel of Ruin
|move|p1a: Magnezone|Iron Defense|p1a: Magnezone
|-boost|p1a: Magnezone|def|2
|
|-weather|Sandstorm|[upkeep]
|-heal|p1a: Magnezone|92/100|[from] item: Leftovers
|upkeep
|turn|7
|
|t:|1779823793
|switch|p2a: Trevenant|Trevenant, M|100/100
|move|p1a: Magnezone|Body Press|p2a: Trevenant
|-immune|p2a: Trevenant
|
|-weather|Sandstorm|[upkeep]
|-damage|p2a: Trevenant|94/100|[from] Sandstorm
|-heal|p1a: Magnezone|98/100|[from] item: Leftovers
|upkeep
|turn|8
|
|t:|1779823804
|move|p1a: Magnezone|Flash Cannon|p2a: Trevenant
|-damage|p2a: Trevenant|47/100
|-enditem|p2a: Trevenant|Sitrus Berry|[eat]
|-heal|p2a: Trevenant|72/100|[from] item: Sitrus Berry
|move|p2a: Trevenant|Leech Seed|p1a: Magnezone
|-start|p1a: Magnezone|move: Leech Seed
|
|-weather|Sandstorm|[upkeep]
|-damage|p2a: Trevenant|65/100|[from] Sandstorm
|-heal|p1a: Magnezone|100/100|[from] item: Leftovers
|-damage|p1a: Magnezone|88/100|[from] Leech Seed|[of] p2a: Trevenant
|-heal|p2a: Trevenant|76/100|[silent]
|upkeep
|turn|9
|
|t:|1779823817
|move|p1a: Magnezone|Flash Cannon|p2a: Trevenant
|-damage|p2a: Trevenant|27/100
|move|p2a: Trevenant|Horn Leech|p1a: Magnezone
|-resisted|p1a: Magnezone
|-damage|p1a: Magnezone|82/100
|-heal|p2a: Trevenant|30/100|[from] drain|[of] p1a: Magnezone
|
|-weather|Sandstorm|[upkeep]
|-damage|p2a: Trevenant|23/100|[from] Sandstorm
|-heal|p1a: Magnezone|88/100|[from] item: Leftovers
|-damage|p1a: Magnezone|75/100|[from] Leech Seed|[of] p2a: Trevenant
|-heal|p2a: Trevenant|34/100|[silent]
|-item|p2a: Trevenant|Sitrus Berry|[from] ability: Harvest
|upkeep
|-enditem|p2a: Trevenant|Sitrus Berry|[eat]
|-heal|p2a: Trevenant|59/100|[from] item: Sitrus Berry
|turn|10
|j| kanaete onegai
|
|t:|1779823833
|switch|p2a: Alomomola|Alomomola, F|100/100
|move|p1a: Magnezone|Flash Cannon|p2a: Alomomola
|-resisted|p2a: Alomomola
|-damage|p2a: Alomomola|74/100
|
|-weather|none
|-heal|p1a: Magnezone|82/100|[from] item: Leftovers
|-damage|p1a: Magnezone|69/100|[from] Leech Seed|[of] p2a: Alomomola
|-heal|p2a: Alomomola|82/100|[silent]
|upkeep
|turn|11
|
|t:|1779823844
|switch|p2a: Trevenant|Trevenant, M|59/100
|move|p1a: Magnezone|Thunderbolt|p2a: Trevenant
|-resisted|p2a: Trevenant
|-damage|p2a: Trevenant|30/100
|
|-heal|p1a: Magnezone|75/100|[from] item: Leftovers
|-damage|p1a: Magnezone|63/100|[from] Leech Seed|[of] p2a: Trevenant
|-heal|p2a: Trevenant|41/100|[silent]
|upkeep
|turn|12
|
|t:|1779823857
|switch|p2a: Ting-Lu|Ting-Lu|100/100
|-ability|p2a: Ting-Lu|Vessel of Ruin
|move|p1a: Magnezone|Flash Cannon|p2a: Ting-Lu
|-damage|p2a: Ting-Lu|82/100
|
|-heal|p1a: Magnezone|69/100|[from] item: Leftovers
|-heal|p2a: Ting-Lu|88/100|[from] item: Leftovers
|-damage|p1a: Magnezone|57/100|[from] Leech Seed|[of] p2a: Ting-Lu
|-heal|p2a: Ting-Lu|96/100|[silent]
|upkeep
|turn|13
|
|t:|1779823875
|switch|p2a: Trevenant|Trevenant, M|41/100
|move|p1a: Magnezone|Body Press|p2a: Trevenant
|-immune|p2a: Trevenant
|
|-heal|p1a: Magnezone|63/100|[from] item: Leftovers
|-damage|p1a: Magnezone|51/100|[from] Leech Seed|[of] p2a: Trevenant
|-heal|p2a: Trevenant|52/100|[silent]
|upkeep
|turn|14
|l| kanaeteonegai
|inactive|Mky27 has 120 seconds left.
|
|t:|1779823896
|switch|p2a: Cinderace|Cinderace, M|100/100
|move|p1a: Magnezone|Flash Cannon|p2a: Cinderace
|-resisted|p2a: Cinderace
|-damage|p2a: Cinderace|66/100
|
|-heal|p1a: Magnezone|57/100|[from] item: Leftovers
|-damage|p1a: Magnezone|44/100|[from] Leech Seed|[of] p2a: Cinderace
|-heal|p2a: Cinderace|79/100|[silent]
|upkeep
|turn|15
|inactive|Mky27 has 120 seconds left.
|
|t:|1779823906
|move|p2a: Cinderace|Pyro Ball|p1a: Magnezone
|-supereffective|p1a: Magnezone
|-damage|p1a: Magnezone|0 fnt
|faint|p1a: Magnezone
|
|upkeep
|
|t:|1779823910
|switch|p1a: Tyranitar|Tyranitar, M|88/100
|-damage|p1a: Tyranitar|76/100|[from] Stealth Rock
|-weather|Sandstorm|[from] ability: Sand Stream|[of] p1a: Tyranitar
|turn|16
|
|t:|1779823917
|switch|p1a: Moltres|Moltres|94/100
|move|p2a: Cinderace|U-turn|p1a: Moltres
|-start|p2a: Cinderace|typechange|Bug|[from] ability: Libero
|-resisted|p1a: Moltres
|-damage|p1a: Moltres|89/100
|-status|p2a: Cinderace|brn|[from] ability: Flame Body|[of] p1a: Moltres
|
|t:|1779823925
|switch|p2a: Glimmora|Glimmora, F|79/100|[from] U-turn
|
|-weather|Sandstorm|[upkeep]
|-damage|p1a: Moltres|83/100|[from] Sandstorm
|upkeep
|turn|17
|
|t:|1779823932
|move|p2a: Glimmora|Power Gem|p1a: Moltres
|-supereffective|p1a: Moltres
|-damage|p1a: Moltres|0 fnt
|faint|p1a: Moltres
|
|-weather|Sandstorm|[upkeep]
|upkeep
|
|t:|1779823935
|switch|p1a: Excadrill|Excadrill, F|100/100
|-damage|p1a: Excadrill|97/100|[from] Stealth Rock
|-item|p1a: Excadrill|Air Balloon
|turn|18
|
|t:|1779823945
|switch|p2a: Alomomola|Alomomola, F|100/100
|move|p1a: Excadrill|Iron Head|p2a: Alomomola
|-resisted|p2a: Alomomola
|-damage|p2a: Alomomola|88/100
|
|-weather|Sandstorm|[upkeep]
|-damage|p2a: Alomomola|82/100|[from] Sandstorm
|upkeep
|turn|19
|
|t:|1779823954
|move|p1a: Excadrill|Swords Dance|p1a: Excadrill
|-boost|p1a: Excadrill|atk|2
|move|p2a: Alomomola|Scald|p1a: Excadrill
|-supereffective|p1a: Excadrill
|-damage|p1a: Excadrill|62/100
|-enditem|p1a: Excadrill|Air Balloon
|
|-weather|Sandstorm|[upkeep]
|-damage|p2a: Alomomola|75/100|[from] Sandstorm
|upkeep
|turn|20
|
|t:|1779823965
|move|p1a: Excadrill|Rapid Spin|p2a: Alomomola
|-damage|p2a: Alomomola|54/100
|-boost|p1a: Excadrill|spe|1
|-sideend|p1: ditissjoerd|Stealth Rock|[from] move: Rapid Spin|[of] p1a: Excadrill
|move|p2a: Alomomola|Scald|p1a: Excadrill
|-supereffective|p1a: Excadrill
|-damage|p1a: Excadrill|25/100
|
|-weather|Sandstorm|[upkeep]
|-damage|p2a: Alomomola|48/100|[from] Sandstorm
|upkeep
|turn|21
|
|t:|1779823982
|switch|p2a: Trevenant|Trevenant, M|52/100
|move|p1a: Excadrill|Earthquake|p2a: Trevenant
|-resisted|p2a: Trevenant
|-damage|p2a: Trevenant|6/100
|
|-weather|Sandstorm|[upkeep]
|-damage|p2a: Trevenant|0 fnt|[from] Sandstorm
|faint|p2a: Trevenant
|upkeep
|
|t:|1779823993
|switch|p2a: Alomomola|Alomomola, F|81/100
|turn|22
|
|t:|1779823998
|move|p1a: Excadrill|Earthquake|p2a: Alomomola
|-damage|p2a: Alomomola|19/100
|move|p2a: Alomomola|Scald|p1a: Excadrill
|-supereffective|p1a: Excadrill
|-damage|p1a: Excadrill|0 fnt
|faint|p1a: Excadrill
|
|-weather|Sandstorm|[upkeep]
|-damage|p2a: Alomomola|13/100|[from] Sandstorm
|upkeep
|
|t:|1779824005
|switch|p1a: Lokix|Lokix, F|54/100
|turn|23
|
|t:|1779824013
|switch|p1a: Sinistcha|Sinistcha|100/100
|switch|p2a: Glimmora|Glimmora, F|79/100
|
|-weather|none
|upkeep
|turn|24
|
|t:|1779824024
|-terastallize|p1a: Sinistcha|Poison
|move|p2a: Glimmora|Stealth Rock|p1a: Sinistcha
|-sidestart|p1: ditissjoerd|move: Stealth Rock
|move|p1a: Sinistcha|Calm Mind|p1a: Sinistcha
|-boost|p1a: Sinistcha|spa|1
|-boost|p1a: Sinistcha|spd|1
|
|upkeep
|turn|25
|
|t:|1779824032
|switch|p2a: Ting-Lu|Ting-Lu|96/100
|-ability|p2a: Ting-Lu|Vessel of Ruin
|move|p1a: Sinistcha|Calm Mind|p1a: Sinistcha
|-boost|p1a: Sinistcha|spa|1
|-boost|p1a: Sinistcha|spd|1
|
|-heal|p2a: Ting-Lu|100/100|[from] item: Leftovers
|upkeep
|turn|26
|
|t:|1779824044
|move|p1a: Sinistcha|Matcha Gotcha|p2a: Ting-Lu
|-supereffective|p2a: Ting-Lu
|-damage|p2a: Ting-Lu|49/100
|move|p2a: Ting-Lu|Whirlwind|p1a: Sinistcha
|drag|p1a: Lokix|Lokix, F|54/100
|-damage|p1a: Lokix|29/100|[from] Stealth Rock
|
|-heal|p2a: Ting-Lu|55/100|[from] item: Leftovers
|upkeep
|turn|27
|
|t:|1779824056
|switch|p2a: Alomomola|Alomomola, F|47/100
|move|p1a: Lokix|Leech Life|p2a: Alomomola
|-damage|p2a: Alomomola|13/100
|-heal|p1a: Lokix|61/100|[from] drain|[of] p2a: Alomomola
|
|upkeep
|turn|28
|
|t:|1779824064
|switch|p2a: Cinderace|Cinderace, M|79/100 brn
|move|p1a: Lokix|Leech Life|p2a: Cinderace
|-resisted|p2a: Cinderace
|-damage|p2a: Cinderace|0 fnt
|-heal|p1a: Lokix|100/100|[from] drain|[of] p2a: Cinderace
|faint|p2a: Cinderace
|
|upkeep
|
|t:|1779824074
|switch|p2a: Glimmora|Glimmora, F|79/100
|turn|29
|
|t:|1779824078
|move|p2a: Glimmora|Power Gem|p1a: Lokix
|-supereffective|p1a: Lokix
|-damage|p1a: Lokix|0 fnt
|faint|p1a: Lokix
|
|upkeep
|
|t:|1779824082
|switch|p1a: Tyranitar|Tyranitar, M|76/100
|-damage|p1a: Tyranitar|63/100|[from] Stealth Rock
|-weather|Sandstorm|[from] ability: Sand Stream|[of] p1a: Tyranitar
|turn|30
|
|t:|1779824094
|move|p2a: Glimmora|Mortal Spin|p1a: Tyranitar
|-resisted|p1a: Tyranitar
|-damage|p1a: Tyranitar|61/100
|-status|p1a: Tyranitar|psn
|move|p1a: Tyranitar|Stone Edge|p2a: Glimmora|[miss]
|-miss|p1a: Tyranitar|p2a: Glimmora
|
|-weather|Sandstorm|[upkeep]
|-damage|p1a: Tyranitar|49/100 psn|[from] psn
|upkeep
|turn|31
|
|t:|1779824107
|switch|p2a: Alomomola|Alomomola, F|46/100
|move|p1a: Tyranitar|Stealth Rock|p2a: Alomomola
|-sidestart|p2: Mky27|move: Stealth Rock
|
|-weather|Sandstorm|[upkeep]
|-damage|p2a: Alomomola|40/100|[from] Sandstorm
|-damage|p1a: Tyranitar|36/100 psn|[from] psn
|upkeep
|turn|32
|
|t:|1779824116
|move|p2a: Alomomola|Flip Turn|p1a: Tyranitar
|-supereffective|p1a: Tyranitar
|-damage|p1a: Tyranitar|14/100 psn
|
|t:|1779824121
|switch|p2a: Glimmora|Glimmora, F|79/100|[from] Flip Turn
|-damage|p2a: Glimmora|67/100|[from] Stealth Rock
|move|p1a: Tyranitar|Stone Edge|p2a: Glimmora
|-damage|p2a: Glimmora|21/100
|-activate|p2a: Glimmora|ability: Toxic Debris
|-sidestart|p1: ditissjoerd|move: Toxic Spikes
|
|-weather|Sandstorm|[upkeep]
|-damage|p1a: Tyranitar|2/100 psn|[from] psn
|upkeep
|turn|33
|
|t:|1779824136
|move|p2a: Glimmora|Power Gem|p1a: Tyranitar
|-damage|p1a: Tyranitar|0 fnt
|faint|p1a: Tyranitar
|
|-weather|Sandstorm|[upkeep]
|upkeep
|
|t:|1779824139
|switch|p1a: Sinistcha|Sinistcha, tera:Poison|100/100
|-sideend|p1: ditissjoerd|move: Toxic Spikes|[of] p1a: Sinistcha
|turn|34
|
|t:|1779824146
|move|p2a: Glimmora|Earth Power|p1a: Sinistcha
|-supereffective|p1a: Sinistcha
|-damage|p1a: Sinistcha|36/100
|move|p1a: Sinistcha|Calm Mind|p1a: Sinistcha
|-boost|p1a: Sinistcha|spa|1
|-boost|p1a: Sinistcha|spd|1
|
|-weather|Sandstorm|[upkeep]
|-damage|p1a: Sinistcha|30/100|[from] Sandstorm
|upkeep
|turn|35
|
|t:|1779824156
|move|p2a: Glimmora|Earth Power|p1a: Sinistcha
|-supereffective|p1a: Sinistcha
|-damage|p1a: Sinistcha|0 fnt
|faint|p1a: Sinistcha
|
|win|Mky27
|raw|ditissjoerd's rating: 1527 &rarr; <strong>1504</strong><br />(-23 for losing)
|raw|Mky27's rating: 1474 &rarr; <strong>1497</strong><br />(+23 for winning)
|l|☆ditissjoerd
|player|p1|
|l|☆Mky27
|player|p2|
