|j|☆johnjuiceadams
|j|☆psygoat12
|t:|1779847067
|gametype|singles
|player|p1|johnjuiceadams|265|1362
|player|p2|psygoat12|chuck|1376
|gen|9
|tier|[Gen 9] OU
|rated|
|rule|HP Percentage Mod: HP is shown in percentages
|rule|Endless Battle Clause: Forcing endless battles is banned
|rule|Species Clause: Limit one of each Pokémon
|rule|OHKO Clause: OHKO moves are banned
|rule|Evasion Items Clause: Evasion items are banned
|rule|Evasion Moves Clause: Evasion moves are banned
|rule|Evasion Abilities Clause: Evasion abilities are banned
|rule|Sleep Moves Clause: Sleep-inducing moves are banned
|clearpoke
|poke|p1|Great Tusk|
|poke|p1|Kingambit, M|
|poke|p1|Raging Bolt|
|poke|p1|Walking Wake|
|poke|p1|Ninetales, M|
|poke|p1|Ceruledge, M|
|poke|p2|Pelipper, F|
|poke|p2|Iron Treads|
|poke|p2|Zapdos|
|poke|p2|Kingdra, M|
|poke|p2|Kingambit, M|
|poke|p2|Hariyama, F|
|teampreview
|inactive|Battle timer is ON: inactive players will automatically lose when time's up. (requested by johnjuiceadams)
|
|t:|1779847085
|teamsize|p1|6
|teamsize|p2|6
|start
|switch|p1a: Ninetales|Ninetales, M|100/100
|switch|p2a: Hariyama|Hariyama, F|100/100
|-weather|SunnyDay|[from] ability: Drought|[of] p1a: Ninetales
|turn|1
|
|t:|1779847108
|move|p1a: Ninetales|Overheat|p2a: Hariyama
|-damage|p2a: Hariyama|84/100
|-unboost|p1a: Ninetales|spa|2
|move|p2a: Hariyama|Knock Off|p1a: Ninetales
|-damage|p1a: Ninetales|63/100
|-enditem|p1a: Ninetales|Heat Rock|[from] move: Knock Off|[of] p2a: Hariyama
|
|-weather|SunnyDay|[upkeep]
|upkeep
|turn|2
|
|t:|1779847130
|switch|p1a: Ceruledge|Ceruledge, M|100/100
|switch|p2a: Pelipper|Pelipper, F|100/100
|-weather|RainDance|[from] ability: Drizzle|[of] p2a: Pelipper
|
|-weather|RainDance|[upkeep]
|upkeep
|turn|3
|
|t:|1779847144
|switch|p1a: Walking Wake|Walking Wake|100/100
|switch|p2a: Hariyama|Hariyama, F|84/100
|
|-weather|RainDance|[upkeep]
|upkeep
|turn|4
|
|t:|1779847156
|move|p1a: Walking Wake|Weather Ball|p2a: Hariyama
|-damage|p2a: Hariyama|48/100
|move|p2a: Hariyama|Knock Off|p1a: Walking Wake
|-damage|p1a: Walking Wake|72/100
|-enditem|p1a: Walking Wake|Wise Glasses|[from] move: Knock Off|[of] p2a: Hariyama
|
|-weather|RainDance|[upkeep]
|upkeep
|turn|5
|
|t:|1779847185
|move|p1a: Walking Wake|Weather Ball|p2a: Hariyama
|-damage|p2a: Hariyama|15/100
|move|p2a: Hariyama|Drain Punch|p1a: Walking Wake
|-damage|p1a: Walking Wake|39/100
|-heal|p2a: Hariyama|27/100|[from] drain|[of] p1a: Walking Wake
|
|-weather|RainDance|[upkeep]
|upkeep
|turn|6
|
|t:|1779847194
|move|p1a: Walking Wake|Weather Ball|p2a: Hariyama
|-damage|p2a: Hariyama|0 fnt
|faint|p2a: Hariyama
|
|-weather|RainDance|[upkeep]
|upkeep
|
|t:|1779847200
|switch|p2a: Kingdra|Kingdra, M|100/100
|turn|7
|
|t:|1779847214
|-end|p1a: Walking Wake|Protosynthesis|[silent]
|switch|p1a: Ninetales|Ninetales, M|63/100
|-weather|SunnyDay|[from] ability: Drought|[of] p1a: Ninetales
|move|p2a: Kingdra|Draco Meteor|p1a: Ninetales
|-damage|p1a: Ninetales|0 fnt
|-unboost|p2a: Kingdra|spa|2
|faint|p1a: Ninetales
|
|-weather|SunnyDay|[upkeep]
|upkeep
|
|t:|1779847226
|switch|p1a: Raging Bolt|Raging Bolt|100/100
|-activate|p1a: Raging Bolt|ability: Protosynthesis
|-start|p1a: Raging Bolt|protosynthesisspa
|turn|8
|inactive|psygoat12 has 120 seconds left.
|
|t:|1779847255
|switch|p2a: Iron Treads|Iron Treads|100/100
|-enditem|p2a: Iron Treads|Booster Energy
|-activate|p2a: Iron Treads|ability: Quark Drive|[fromitem]
|-start|p2a: Iron Treads|quarkdrivespe
|move|p1a: Raging Bolt|Weather Ball|p2a: Iron Treads
|-supereffective|p2a: Iron Treads
|-damage|p2a: Iron Treads|0 fnt
|faint|p2a: Iron Treads
|-end|p2a: Iron Treads|Quark Drive|[silent]
|-damage|p1a: Raging Bolt|91/100|[from] item: Life Orb
|
|-weather|SunnyDay|[upkeep]
|upkeep
|inactive|psygoat12 has 120 seconds left.
|
|t:|1779847261
|switch|p2a: Kingdra|Kingdra, M|100/100
|turn|9
|inactive|psygoat12 has 120 seconds left.
|
|t:|1779847278
|switch|p2a: Pelipper|Pelipper, F|100/100
|-weather|RainDance|[from] ability: Drizzle|[of] p2a: Pelipper
|-end|p1a: Raging Bolt|Protosynthesis
|move|p1a: Raging Bolt|Thunderclap||[still]
|-fail|p1a: Raging Bolt
|
|-weather|RainDance|[upkeep]
|upkeep
|turn|10
|inactive|psygoat12 has 120 seconds left.
|
|t:|1779847291
|switch|p2a: Zapdos|Zapdos|100/100
|move|p1a: Raging Bolt|Dragon Pulse|p2a: Zapdos
|-damage|p2a: Zapdos|29/100
|-damage|p1a: Raging Bolt|81/100|[from] item: Life Orb
|
|-weather|RainDance|[upkeep]
|upkeep
|turn|11
|inactive|psygoat12 has 120 seconds left.
|
|t:|1779847301
|move|p2a: Zapdos|Volt Switch|p1a: Raging Bolt
|-resisted|p1a: Raging Bolt
|-damage|p1a: Raging Bolt|68/100
|
|t:|1779847304
|switch|p2a: Kingambit|Kingambit, M|100/100|[from] Volt Switch
|-activate|p2a: Kingambit|ability: Supreme Overlord
|-start|p2a: Kingambit|fallen2|[silent]
|move|p1a: Raging Bolt|Dragon Pulse|p2a: Kingambit
|-resisted|p2a: Kingambit
|-crit|p2a: Kingambit
|-damage|p2a: Kingambit|50/100
|-damage|p1a: Raging Bolt|58/100|[from] item: Life Orb
|
|-weather|RainDance|[upkeep]
|-heal|p2a: Kingambit|56/100|[from] item: Leftovers
|upkeep
|turn|12
|
|t:|1779847312
|move|p1a: Raging Bolt|Weather Ball|p2a: Kingambit
|-damage|p2a: Kingambit|0 fnt
|faint|p2a: Kingambit
|-end|p2a: Kingambit|fallen2|[silent]
|-damage|p1a: Raging Bolt|48/100|[from] item: Life Orb
|
|-weather|RainDance|[upkeep]
|upkeep
|
|t:|1779847315
|switch|p2a: Kingdra|Kingdra, M|100/100
|turn|13
|
|t:|1779847323
|move|p1a: Raging Bolt|Thunderclap|p2a: Kingdra
|-crit|p2a: Kingdra
|-damage|p2a: Kingdra|0 fnt
|faint|p2a: Kingdra
|-damage|p1a: Raging Bolt|38/100|[from] item: Life Orb
|
|-weather|RainDance|[upkeep]
|upkeep
|-message|psygoat12 forfeited.
|
|win|johnjuiceadams
|raw|johnjuiceadams's rating: 1362 &rarr; <strong>1383</strong><br />(+21 for winning)
|raw|psygoat12's rating: 1376 &rarr; <strong>1355</strong><br />(-21 for losing)
|l|☆psygoat12
|player|p2|
|l|☆johnjuiceadams
|player|p1|
