|j|☆Uberzilla
|j|☆veronyl
|t:|1779894132
|gametype|singles
|player|p1|Uberzilla|elesa-gen5bw2|1374
|player|p2|veronyl|palmer|1430
|gen|9
|tier|[Gen 9] OU
|rated|
|rule|HP Percentage Mod: HP is shown in percentages
|rule|Endless Battle Clause: Forcing endless battles is banned
|rule|Species Clause: Limit one of each Pokémon
|rule|OHKO Clause: OHKO moves are banned
|rule|Evasion Items Clause: Evasion items are banned
|rule|Evasion Moves Clause: Evasion moves are banned
|rule|Evasion Abilities Clause: Evasion abilities are banned
|rule|Sleep Moves Clause: Sleep-inducing moves are banned
|clearpoke
|poke|p1|Iron Valiant|
|poke|p1|Dragonite, M|
|poke|p1|Raging Bolt|
|poke|p1|Araquanid, F|
|poke|p1|Iron Moth|
|poke|p1|Great Tusk|
|poke|p2|Glaceon, F|
|poke|p2|Ninetales-Alola, F|
|poke|p2|Basculegion-F, F|
|poke|p2|Ogerpon-Wellspring, F|
|poke|p2|Iron Treads|
|poke|p2|Weavile, F|
|teampreview
|inactive|Battle timer is ON: inactive players will automatically lose when time's up. (requested by veronyl)
|
|t:|1779894139
|teamsize|p1|6
|teamsize|p2|6
|start
|switch|p1a: Amnion|Araquanid, F, shiny|100/100
|switch|p2a: Glaceon|Glaceon, F|100/100
|turn|1
|
|t:|1779894145
|move|p2a: Glaceon|Freeze-Dry|p1a: Amnion
|-supereffective|p1a: Amnion
|-damage|p1a: Amnion|6/100
|move|p1a: Amnion|Sticky Web|p2a: Glaceon
|-sidestart|p2: veronyl|move: Sticky Web
|
|upkeep
|turn|2
|-enditem|p1a: Amnion|Custap Berry|[eat]
|-activate|p1a: Amnion|item: Custap Berry|[consumed]
|
|t:|1779894153
|switch|p2a: Iron Treads|Iron Treads|100/100
|-activate|p2a: Iron Treads|move: Sticky Web
|-unboost|p2a: Iron Treads|spe|1
|-enditem|p2a: Iron Treads|Booster Energy
|-activate|p2a: Iron Treads|ability: Quark Drive|[fromitem]
|-start|p2a: Iron Treads|quarkdriveatk
|move|p1a: Amnion|Endeavor|p2a: Iron Treads
|-damage|p2a: Iron Treads|7/100
|
|upkeep
|turn|3
|
|t:|1779894164
|-terastallize|p1a: Amnion|Ghost
|move|p2a: Iron Treads|Rapid Spin|p1a: Amnion
|-immune|p1a: Amnion
|move|p1a: Amnion|Liquidation|p2a: Iron Treads
|-supereffective|p2a: Iron Treads
|-damage|p2a: Iron Treads|0 fnt
|faint|p2a: Iron Treads
|-end|p2a: Iron Treads|Quark Drive|[silent]
|
|upkeep
|
|t:|1779894173
|switch|p2a: Weavile|Weavile, F|100/100
|-ability|p2a: Weavile|Pressure
|turn|4
|
|t:|1779894180
|move|p2a: Weavile|Knock Off|p1a: Amnion
|-supereffective|p1a: Amnion
|-damage|p1a: Amnion|0 fnt
|faint|p1a: Amnion
|
|upkeep
|
|t:|1779894186
|switch|p1a: Marcus Aurelius|Great Tusk|100/100
|turn|5
|
|t:|1779894194
|move|p2a: Weavile|Triple Axel|p1a: Marcus Aurelius
|-supereffective|p1a: Marcus Aurelius
|-damage|p1a: Marcus Aurelius|89/100
|-damage|p2a: Weavile|84/100|[from] item: Rocky Helmet|[of] p1a: Marcus Aurelius
|-supereffective|p1a: Marcus Aurelius
|-damage|p1a: Marcus Aurelius|65/100
|-damage|p2a: Weavile|68/100|[from] item: Rocky Helmet|[of] p1a: Marcus Aurelius
|-supereffective|p1a: Marcus Aurelius
|-damage|p1a: Marcus Aurelius|28/100
|-damage|p2a: Weavile|51/100|[from] item: Rocky Helmet|[of] p1a: Marcus Aurelius
|-hitcount|p1a: Marcus Aurelius|3
|move|p1a: Marcus Aurelius|Stealth Rock|p2a: Weavile
|-sidestart|p2: veronyl|move: Stealth Rock
|
|upkeep
|turn|6
|
|t:|1779894200
|move|p2a: Weavile|Ice Shard|p1a: Marcus Aurelius
|-supereffective|p1a: Marcus Aurelius
|-damage|p1a: Marcus Aurelius|4/100
|move|p1a: Marcus Aurelius|Headlong Rush|p2a: Weavile
|-damage|p2a: Weavile|0 fnt
|-unboost|p1a: Marcus Aurelius|def|1
|-unboost|p1a: Marcus Aurelius|spd|1
|faint|p2a: Weavile
|
|upkeep
|
|t:|1779894209
|switch|p2a: Ninetales|Ninetales-Alola, F|100/100
|-activate|p2a: Ninetales|move: Sticky Web
|-unboost|p2a: Ninetales|spe|1
|-damage|p2a: Ninetales|76/100|[from] Stealth Rock
|-weather|Snowscape|[from] ability: Snow Warning|[of] p2a: Ninetales
|turn|7
|
|t:|1779894212
|move|p1a: Marcus Aurelius|Headlong Rush|p2a: Ninetales
|-damage|p2a: Ninetales|29/100
|-unboost|p1a: Marcus Aurelius|def|1
|-unboost|p1a: Marcus Aurelius|spd|1
|move|p2a: Ninetales|Aurora Veil|p2a: Ninetales
|-sidestart|p2: veronyl|move: Aurora Veil
|
|-weather|Snowscape|[upkeep]
|upkeep
|turn|8
|
|t:|1779894218
|switch|p2a: Glaceon|Glaceon, F|100/100
|-activate|p2a: Glaceon|move: Sticky Web
|-unboost|p2a: Glaceon|spe|1
|-damage|p2a: Glaceon|76/100|[from] Stealth Rock
|move|p1a: Marcus Aurelius|Headlong Rush|p2a: Glaceon
|-damage|p2a: Glaceon|59/100
|-unboost|p1a: Marcus Aurelius|def|1
|-unboost|p1a: Marcus Aurelius|spd|1
|
|-weather|Snowscape|[upkeep]
|-heal|p2a: Glaceon|65/100|[from] ability: Ice Body
|upkeep
|turn|9
|
|t:|1779894224
|move|p1a: Marcus Aurelius|Headlong Rush|p2a: Glaceon
|-damage|p2a: Glaceon|48/100
|-unboost|p1a: Marcus Aurelius|def|1
|-unboost|p1a: Marcus Aurelius|spd|1
|move|p2a: Glaceon|Blizzard|p1a: Marcus Aurelius
|-supereffective|p1a: Marcus Aurelius
|-damage|p1a: Marcus Aurelius|0 fnt
|faint|p1a: Marcus Aurelius
|-end|p1a: Marcus Aurelius|Protosynthesis|[silent]
|
|-weather|Snowscape|[upkeep]
|-heal|p2a: Glaceon|54/100|[from] ability: Ice Body
|upkeep
|
|t:|1779894233
|switch|p1a: Shiki|Iron Valiant|100/100
|-enditem|p1a: Shiki|Booster Energy
|-activate|p1a: Shiki|ability: Quark Drive|[fromitem]
|-start|p1a: Shiki|quarkdrivespe
|turn|10
|
|t:|1779894237
|move|p1a: Shiki|Close Combat|p2a: Glaceon
|-supereffective|p2a: Glaceon
|-damage|p2a: Glaceon|20/100
|-unboost|p1a: Shiki|def|1
|-unboost|p1a: Shiki|spd|1
|move|p2a: Glaceon|Blizzard|p1a: Shiki
|-crit|p1a: Shiki
|-damage|p1a: Shiki|0 fnt
|faint|p1a: Shiki
|-end|p1a: Shiki|Quark Drive|[silent]
|
|-weather|Snowscape|[upkeep]
|-heal|p2a: Glaceon|26/100|[from] ability: Ice Body
|upkeep
|
|t:|1779894242
|switch|p1a: Melville|Iron Moth|100/100
|-enditem|p1a: Melville|Booster Energy
|-activate|p1a: Melville|ability: Quark Drive|[fromitem]
|-start|p1a: Melville|quarkdrivespa
|turn|11
|
|t:|1779894245
|move|p1a: Melville|Fiery Dance|p2a: Glaceon
|-supereffective|p2a: Glaceon
|-damage|p2a: Glaceon|0 fnt
|-boost|p1a: Melville|spa|1
|faint|p2a: Glaceon
|
|-weather|none
|upkeep
|
|t:|1779894250
|switch|p2a: Basculegion|Basculegion-F, F|100/100
|-activate|p2a: Basculegion|move: Sticky Web
|-unboost|p2a: Basculegion|spe|1
|-damage|p2a: Basculegion|88/100|[from] Stealth Rock
|turn|12
|
|t:|1779894252
|move|p1a: Melville|Energy Ball|p2a: Basculegion
|-supereffective|p2a: Basculegion
|-damage|p2a: Basculegion|20/100
|move|p2a: Basculegion|Surf|p1a: Melville
|-supereffective|p1a: Melville
|-damage|p1a: Melville|0 fnt
|faint|p1a: Melville
|-end|p1a: Melville|Quark Drive|[silent]
|
|upkeep
|
|t:|1779894259
|switch|p1a: Franklin|Raging Bolt|100/100
|turn|13
|
|t:|1779894265
|move|p1a: Franklin|Thunderclap|p2a: Basculegion
|-supereffective|p2a: Basculegion
|-damage|p2a: Basculegion|0 fnt
|faint|p2a: Basculegion
|
|upkeep
|
|t:|1779894271
|switch|p2a: Ninetales|Ninetales-Alola, F|29/100
|-activate|p2a: Ninetales|move: Sticky Web
|-unboost|p2a: Ninetales|spe|1
|-damage|p2a: Ninetales|4/100|[from] Stealth Rock
|-weather|Snowscape|[from] ability: Snow Warning|[of] p2a: Ninetales
|turn|14
|
|t:|1779894274
|move|p1a: Franklin|Thunderclap||[still]
|-fail|p1a: Franklin
|move|p2a: Ninetales|Encore|p1a: Franklin
|-start|p1a: Franklin|Encore
|
|-weather|Snowscape|[upkeep]
|-sideend|p2: veronyl|move: Aurora Veil
|upkeep
|turn|15
|
|t:|1779894278
|-end|p1a: Franklin|Protosynthesis|[silent]
|switch|p1a: Mikiya|Dragonite, M|100/100
|move|p2a: Ninetales|Aurora Veil|p2a: Ninetales
|-sidestart|p2: veronyl|move: Aurora Veil
|
|-weather|Snowscape|[upkeep]
|upkeep
|turn|16
|
|t:|1779894280
|move|p1a: Mikiya|Extreme Speed|p2a: Ninetales
|-damage|p2a: Ninetales|0 fnt
|faint|p2a: Ninetales
|
|-weather|Snowscape|[upkeep]
|upkeep
|
|t:|1779894282
|switch|p2a: Ogerpon|Ogerpon-Wellspring, F|100/100
|-activate|p2a: Ogerpon|move: Sticky Web
|-unboost|p2a: Ogerpon|spe|1
|-damage|p2a: Ogerpon|88/100|[from] Stealth Rock
|turn|17
|
|t:|1779894288
|move|p1a: Mikiya|Dragon Dance|p1a: Mikiya
|-boost|p1a: Mikiya|atk|1
|-boost|p1a: Mikiya|spe|1
|move|p2a: Ogerpon|Swords Dance|p2a: Ogerpon
|-boost|p2a: Ogerpon|atk|2
|
|-weather|Snowscape|[upkeep]
|upkeep
|turn|18
|
|t:|1779894291
|-terastallize|p2a: Ogerpon|Water
|detailschange|p2a: Ogerpon|Ogerpon-Wellspring-Tera, F, tera:Water
|-ability|p2a: Ogerpon|Embody Aspect (Wellspring)|boost
|-boost|p2a: Ogerpon|spd|1
|move|p1a: Mikiya|Outrage|p2a: Ogerpon
|-damage|p2a: Ogerpon|16/100
|move|p2a: Ogerpon|Ivy Cudgel|p1a: Mikiya|[anim] Ivy Cudgel Water
|-resisted|p1a: Mikiya
|-crit|p1a: Mikiya
|-damage|p1a: Mikiya|35/100
|
|-weather|none
|upkeep
|turn|19
|
|t:|1779894294
|move|p1a: Mikiya|Outrage|p2a: Ogerpon|[from] lockedmove
|-damage|p2a: Ogerpon|0 fnt
|faint|p2a: Ogerpon
|detailschange|p2: Ogerpon|Ogerpon-Wellspring, F|[silent]
|-start|p1a: Mikiya|confusion|[fatigue]
|
|win|Uberzilla
|raw|Uberzilla's rating: 1374 &rarr; <strong>1397</strong><br />(+23 for winning)
|raw|veronyl's rating: 1430 &rarr; <strong>1407</strong><br />(-23 for losing)
|l|☆veronyl
|player|p2|
|l|☆Uberzilla
|player|p1|
