|badge|p1|bronze|gen9ou|100-9
|uhtml|medal-msg|<div class="broadcast-blue">Curious what those medals under the avatar are? PS now has Ladder Seasons! For more information, check out the <a href="https://www.smogon.com/forums/threads/3740067/">thread on Smogon.</a></div>
|j|‽slitherwing ily ><
|j|☆RedemptiveSketch
|t:|1779891771
|gametype|singles
|player|p1|slitherwing ily ><|iono-masters|1856
|player|p2|RedemptiveSketch|boarder-gen2|1831
|gen|9
|tier|[Gen 9] OU
|rated|
|rule|HP Percentage Mod: HP is shown in percentages
|rule|Endless Battle Clause: Forcing endless battles is banned
|rule|Species Clause: Limit one of each Pokémon
|rule|OHKO Clause: OHKO moves are banned
|rule|Evasion Items Clause: Evasion items are banned
|rule|Evasion Moves Clause: Evasion moves are banned
|rule|Evasion Abilities Clause: Evasion abilities are banned
|rule|Sleep Moves Clause: Sleep-inducing moves are banned
|clearpoke
|poke|p1|Slither Wing|
|poke|p1|Ninetales, M|
|poke|p1|Kingambit, F|
|poke|p1|Walking Wake|
|poke|p1|Great Tusk|
|poke|p1|Venusaur, F|
|poke|p2|Kingambit, F|
|poke|p2|Cinderace, M|
|poke|p2|Corviknight, M|
|poke|p2|Electrode-Hisui|
|poke|p2|Kyurem|
|poke|p2|Darkrai|
|teampreview
|inactive|Battle timer is ON: inactive players will automatically lose when time's up. (requested by RedemptiveSketch)
|j| playoofs
|n|☆slitherwing ily ><|slitherwingily
|c|☆slitherwing ily ><|hf
|inactive|slitherwing ily >< has 120 seconds left.
|
|t:|1779891805
|teamsize|p1|6
|teamsize|p2|6
|start
|switch|p1a: Ninetales|Ninetales, M|100/100
|switch|p2a: Electrode|Electrode-Hisui|100/100
|-weather|SunnyDay|[from] ability: Drought|[of] p1a: Ninetales
|turn|1
|
|t:|1779891810
|switch|p1a: Slither Wing|Slither Wing|100/100
|-activate|p1a: Slither Wing|ability: Protosynthesis
|-start|p1a: Slither Wing|protosynthesisatk
|move|p2a: Electrode|Volt Switch|p1a: Slither Wing
|-damage|p1a: Slither Wing|86/100
|inactive|RedemptiveSketch has 120 seconds left.
|
|t:|1779891857
|switch|p2a: Cinderace|Cinderace, M|100/100|[from] Volt Switch
|
|-weather|SunnyDay|[upkeep]
|upkeep
|turn|2
|inactive|RedemptiveSketch has 90 seconds left.
|
|t:|1779891888
|-end|p1a: Slither Wing|Protosynthesis|[silent]
|switch|p1a: Walking Wake|Walking Wake|100/100
|-activate|p1a: Walking Wake|ability: Protosynthesis
|-start|p1a: Walking Wake|protosynthesisspe
|move|p2a: Cinderace|High Jump Kick|p1a: Walking Wake
|-start|p2a: Cinderace|typechange|Fighting|[from] ability: Libero
|-damage|p1a: Walking Wake|30/100
|
|-weather|SunnyDay|[upkeep]
|upkeep
|turn|3
|inactive|RedemptiveSketch has 90 seconds left.
|inactive|RedemptiveSketch has 60 seconds left.
|
|t:|1779891934
|switch|p2a: Electrode|Electrode-Hisui|100/100
|move|p1a: Walking Wake|Weather Ball|p2a: Electrode
|-supereffective|p2a: Electrode
|-damage|p2a: Electrode|0 fnt
|faint|p2a: Electrode
|
|-weather|SunnyDay|[upkeep]
|upkeep
|
|t:|1779891951
|switch|p2a: Kyurem|Kyurem|100/100
|-ability|p2a: Kyurem|Pressure
|turn|4
|
|t:|1779891956
|move|p1a: Walking Wake|Weather Ball|p2a: Kyurem
|-damage|p2a: Kyurem|54/100
|move|p2a: Kyurem|Ice Beam|p1a: Walking Wake
|-damage|p1a: Walking Wake|0 fnt
|faint|p1a: Walking Wake
|-end|p1a: Walking Wake|Protosynthesis|[silent]
|
|-weather|SunnyDay|[upkeep]
|upkeep
|
|t:|1779891960
|switch|p1a: Slither Wing|Slither Wing|86/100
|-activate|p1a: Slither Wing|ability: Protosynthesis
|-start|p1a: Slither Wing|protosynthesisatk
|turn|5
|inactive|RedemptiveSketch has 60 seconds left.
|inactive|RedemptiveSketch has 30 seconds left.
|inactive|RedemptiveSketch has 20 seconds left.
|inactive|RedemptiveSketch has 15 seconds left.
|inactive|RedemptiveSketch has 10 seconds left.
|
|t:|1779892020
|switch|p2a: Corviknight|Corviknight, M|100/100
|-ability|p2a: Corviknight|Pressure
|move|p1a: Slither Wing|Close Combat|p2a: Corviknight
|-damage|p2a: Corviknight|49/100
|-unboost|p1a: Slither Wing|def|1
|-unboost|p1a: Slither Wing|spd|1
|-damage|p1a: Slither Wing|69/100|[from] item: Rocky Helmet|[of] p2a: Corviknight
|
|-weather|SunnyDay|[upkeep]
|upkeep
|turn|6
|inactive|RedemptiveSketch has 20 seconds left this turn.
|inactive|RedemptiveSketch has 15 seconds left.
|inactive|RedemptiveSketch has 10 seconds left.
|
|t:|1779892031
|switch|p2a: Darkrai|Darkrai, shiny|100/100
|move|p1a: Slither Wing|Close Combat|p2a: Darkrai
|-supereffective|p2a: Darkrai
|-enditem|p2a: Darkrai|Focus Sash
|-damage|p2a: Darkrai|1/100
|-unboost|p1a: Slither Wing|def|1
|-unboost|p1a: Slither Wing|spd|1
|
|-weather|SunnyDay|[upkeep]
|upkeep
|turn|7
|inactive|RedemptiveSketch has 20 seconds left this turn.
|inactive|RedemptiveSketch has 15 seconds left.
|
|t:|1779892043
|-end|p1a: Slither Wing|Protosynthesis|[silent]
|switch|p1a: Kingambit|Kingambit, F|100/100
|-activate|p1a: Kingambit|ability: Supreme Overlord
|-start|p1a: Kingambit|fallen1|[silent]
|-item|p1a: Kingambit|Air Balloon
|move|p2a: Darkrai|Focus Blast|p1a: Kingambit
|-supereffective|p1a: Kingambit
|-damage|p1a: Kingambit|0 fnt
|-enditem|p1a: Kingambit|Air Balloon
|faint|p1a: Kingambit
|-end|p1a: Kingambit|fallen1|[silent]
|
|-weather|SunnyDay|[upkeep]
|upkeep
|c|☆slitherwing ily ><|ow
|
|t:|1779892050
|switch|p1a: Venusaur|Venusaur, F|100/100
|turn|8
|inactive|RedemptiveSketch has 30 seconds left this turn.
|
|t:|1779892056
|move|p1a: Venusaur|Weather Ball|p2a: Darkrai
|-damage|p2a: Darkrai|0 fnt
|faint|p2a: Darkrai
|-damage|p1a: Venusaur|91/100|[from] item: Life Orb
|
|-weather|none
|upkeep
|inactive|RedemptiveSketch has 30 seconds left this turn.
|inactive|RedemptiveSketch has 20 seconds left.
|
|t:|1779892067
|switch|p2a: Cinderace|Cinderace, M|100/100
|turn|9
|inactive|RedemptiveSketch has 30 seconds left this turn.
|
|t:|1779892072
|move|p2a: Cinderace|Pyro Ball|p1a: Venusaur
|-supereffective|p1a: Venusaur
|-damage|p1a: Venusaur|0 fnt
|faint|p1a: Venusaur
|
|upkeep
|
|t:|1779892075
|switch|p1a: Ninetales|Ninetales, M|100/100
|-weather|SunnyDay|[from] ability: Drought|[of] p1a: Ninetales
|turn|10
|
|t:|1779892081
|move|p2a: Cinderace|Pyro Ball|p1a: Ninetales
|-resisted|p1a: Ninetales
|-damage|p1a: Ninetales|39/100
|move|p1a: Ninetales|Healing Wish|p1a: Ninetales
|faint|p1a: Ninetales
|
|-weather|SunnyDay|[upkeep]
|upkeep
|
|t:|1779892083
|switch|p1a: Great Tusk|Great Tusk|100/100
|-activate|p1a: Great Tusk|ability: Protosynthesis
|-start|p1a: Great Tusk|protosynthesisatk
|turn|11
|inactive|RedemptiveSketch has 30 seconds left.
|inactive|RedemptiveSketch has 20 seconds left.
|inactive|RedemptiveSketch has 15 seconds left.
|
|t:|1779892121
|move|p2a: Cinderace|Pyro Ball|p1a: Great Tusk
|-damage|p1a: Great Tusk|39/100
|move|p1a: Great Tusk|Rapid Spin|p2a: Cinderace
|-damage|p2a: Cinderace|66/100
|-boost|p1a: Great Tusk|spe|1
|
|-weather|SunnyDay|[upkeep]
|upkeep
|turn|12
|inactive|RedemptiveSketch has 25 seconds left this turn.
|inactive|RedemptiveSketch has 20 seconds left.
|
|t:|1779892126
|switch|p2a: Corviknight|Corviknight, M|49/100
|-ability|p2a: Corviknight|Pressure
|move|p1a: Great Tusk|Earthquake|p2a: Corviknight
|-immune|p2a: Corviknight
|
|-weather|SunnyDay|[upkeep]
|upkeep
|turn|13
|inactive|RedemptiveSketch has 30 seconds left this turn.
|
|t:|1779892134
|move|p1a: Great Tusk|Close Combat|p2a: Corviknight
|-damage|p2a: Corviknight|0 fnt
|-unboost|p1a: Great Tusk|def|1
|-unboost|p1a: Great Tusk|spd|1
|-damage|p1a: Great Tusk|22/100|[from] item: Rocky Helmet|[of] p2a: Corviknight
|faint|p2a: Corviknight
|
|-weather|SunnyDay|[upkeep]
|upkeep
|inactive|RedemptiveSketch has 30 seconds left this turn.
|
|t:|1779892138
|switch|p2a: Kingambit|Kingambit, F|100/100
|-activate|p2a: Kingambit|ability: Supreme Overlord
|-start|p2a: Kingambit|fallen3|[silent]
|turn|14
|
|t:|1779892141
|-end|p1a: Great Tusk|Protosynthesis|[silent]
|switch|p1a: Slither Wing|Slither Wing|69/100
|-heal|p1a: Slither Wing|100/100|[from] move: Healing Wish
|-activate|p1a: Slither Wing|ability: Protosynthesis
|-start|p1a: Slither Wing|protosynthesisatk
|-terastallize|p2a: Kingambit|Ghost
|move|p2a: Kingambit|Iron Head|p1a: Slither Wing
|-damage|p1a: Slither Wing|28/100
|
|-weather|SunnyDay|[upkeep]
|upkeep
|turn|15
|c|☆slitherwing ily ><|gg
|
|t:|1779892153
|-terastallize|p1a: Slither Wing|Fire
|move|p2a: Kingambit|Sucker Punch|p1a: Slither Wing
|-damage|p1a: Slither Wing|0 fnt
|faint|p1a: Slither Wing
|-end|p1a: Slither Wing|Protosynthesis|[silent]
|
|-weather|SunnyDay|[upkeep]
|upkeep
|-message|slitherwing ily >< forfeited.
|
|win|RedemptiveSketch
|raw|slitherwing ily &gt;&lt;'s rating: 1856 &rarr; <strong>1835</strong><br />(-21 for losing)
|raw|RedemptiveSketch's rating: 1831 &rarr; <strong>1852</strong><br />(+21 for winning)
|l|☆slitherwing ily ><
|player|p1|
|l|☆RedemptiveSketch
|player|p2|
|j|☆RedemptiveSketch
|player|p2|RedemptiveSketch|boarder-gen2|
|l|☆RedemptiveSketch
|player|p2|
|l| playoofs
