|j|☆LaportaPotty
|j|☆chrisfeb1992
|t:|1779904755
|gametype|singles
|player|p1|LaportaPotty|101|1424
|player|p2|chrisfeb1992|266|1448
|gen|9
|tier|[Gen 9] OU
|rated|
|rule|HP Percentage Mod: HP is shown in percentages
|rule|Endless Battle Clause: Forcing endless battles is banned
|rule|Species Clause: Limit one of each Pokémon
|rule|OHKO Clause: OHKO moves are banned
|rule|Evasion Items Clause: Evasion items are banned
|rule|Evasion Moves Clause: Evasion moves are banned
|rule|Evasion Abilities Clause: Evasion abilities are banned
|rule|Sleep Moves Clause: Sleep-inducing moves are banned
|clearpoke
|poke|p1|Clefable, M|
|poke|p1|Glimmora, F|
|poke|p1|Kyurem|
|poke|p1|Wo-Chien|
|poke|p1|Gholdengo|
|poke|p1|Garchomp, M|
|poke|p2|Ceruledge, M|
|poke|p2|Ribombee, M|
|poke|p2|Ursaluna, M|
|poke|p2|Darkrai|
|poke|p2|Iron Treads|
|poke|p2|Regieleki|
|teampreview
|
|t:|1779904760
|teamsize|p1|6
|teamsize|p2|6
|start
|switch|p1a: Glimmora|Glimmora, F|100/100
|switch|p2a: Ribombee|Ribombee, M|100/100
|turn|1
|
|t:|1779904767
|move|p2a: Ribombee|U-turn|p1a: Glimmora
|-resisted|p1a: Glimmora
|-damage|p1a: Glimmora|96/100
|-activate|p1a: Glimmora|ability: Toxic Debris
|-sidestart|p2: chrisfeb1992|move: Toxic Spikes
|
|t:|1779904773
|switch|p2a: Iron Treads|Iron Treads|100/100|[from] U-turn
|-enditem|p2a: Iron Treads|Booster Energy
|-activate|p2a: Iron Treads|ability: Quark Drive|[fromitem]
|-start|p2a: Iron Treads|quarkdrivespe
|move|p1a: Glimmora|Power Gem|p2a: Iron Treads
|-resisted|p2a: Iron Treads
|-damage|p2a: Iron Treads|88/100
|
|-heal|p1a: Glimmora|100/100|[from] item: Leftovers
|upkeep
|turn|2
|
|t:|1779904787
|move|p2a: Iron Treads|Earthquake|p1a: Glimmora
|-supereffective|p1a: Glimmora
|-damage|p1a: Glimmora|0 fnt
|-activate|p1a: Glimmora|ability: Toxic Debris
|-sidestart|p2: chrisfeb1992|move: Toxic Spikes
|faint|p1a: Glimmora
|
|upkeep
|
|t:|1779904791
|switch|p1a: Gholdengo|Gholdengo|100/100
|-item|p1a: Gholdengo|Air Balloon
|turn|3
|
|t:|1779904800
|switch|p1a: Garchomp|Garchomp, M|100/100
|move|p2a: Iron Treads|Volt Switch|p1a: Garchomp
|-immune|p1a: Garchomp
|
|upkeep
|turn|4
|
|t:|1779904807
|move|p2a: Iron Treads|Rapid Spin|p1a: Garchomp
|-damage|p1a: Garchomp|85/100
|-boost|p2a: Iron Treads|spe|1
|-damage|p2a: Iron Treads|76/100|[from] ability: Rough Skin|[of] p1a: Garchomp
|-sideend|p2: chrisfeb1992|Toxic Spikes|[from] move: Rapid Spin|[of] p2a: Iron Treads
|move|p1a: Garchomp|Earthquake|p2a: Iron Treads
|-supereffective|p2a: Iron Treads
|-damage|p2a: Iron Treads|0 fnt
|faint|p2a: Iron Treads
|-end|p2a: Iron Treads|Quark Drive|[silent]
|-damage|p1a: Garchomp|75/100|[from] item: Life Orb
|
|upkeep
|
|t:|1779904821
|switch|p2a: Ceruledge|Ceruledge, M|100/100
|turn|5
|
|t:|1779904827
|move|p1a: Garchomp|Scale Shot|p2a: Ceruledge|[miss]
|-miss|p1a: Garchomp|p2a: Ceruledge
|move|p2a: Ceruledge|Swords Dance|p2a: Ceruledge
|-boost|p2a: Ceruledge|atk|2
|
|upkeep
|turn|6
|
|t:|1779904833
|switch|p2a: Ribombee|Ribombee, M|100/100
|move|p1a: Garchomp|Scale Shot|p2a: Ribombee
|-immune|p2a: Ribombee
|
|upkeep
|turn|7
|
|t:|1779904841
|switch|p1a: Gholdengo|Gholdengo|100/100
|-item|p1a: Gholdengo|Air Balloon
|move|p2a: Ribombee|Sticky Web|p1a: Gholdengo
|-sidestart|p1: LaportaPotty|move: Sticky Web
|
|upkeep
|turn|8
|
|t:|1779904847
|move|p2a: Ribombee|U-turn|p1a: Gholdengo
|-resisted|p1a: Gholdengo
|-damage|p1a: Gholdengo|98/100
|-enditem|p1a: Gholdengo|Air Balloon
|
|t:|1779904852
|switch|p2a: Ursaluna|Ursaluna, M|100/100|[from] U-turn
|move|p1a: Gholdengo|Nasty Plot|p1a: Gholdengo
|-boost|p1a: Gholdengo|spa|2
|
|-status|p2a: Ursaluna|brn|[from] item: Flame Orb
|upkeep
|turn|9
|
|t:|1779904861
|switch|p2a: Ribombee|Ribombee, M|100/100
|move|p1a: Gholdengo|Make It Rain|p2a: Ribombee
|-supereffective|p2a: Ribombee
|-crit|p2a: Ribombee
|-enditem|p2a: Ribombee|Focus Sash
|-damage|p2a: Ribombee|1/100
|-unboost|p1a: Gholdengo|spa|1
|
|upkeep
|turn|10
|
|t:|1779904872
|move|p2a: Ribombee|Moonblast|p1a: Gholdengo
|-resisted|p1a: Gholdengo
|-damage|p1a: Gholdengo|80/100
|-unboost|p1a: Gholdengo|spa|1
|move|p1a: Gholdengo|Thunder Wave|p2a: Ribombee
|-status|p2a: Ribombee|par
|
|upkeep
|turn|11
|
|t:|1779904881
|move|p1a: Gholdengo|Recover|p1a: Gholdengo
|-heal|p1a: Gholdengo|100/100
|move|p2a: Ribombee|Moonblast|p1a: Gholdengo
|-resisted|p1a: Gholdengo
|-damage|p1a: Gholdengo|81/100
|
|upkeep
|turn|12
|
|t:|1779904888
|move|p1a: Gholdengo|Nasty Plot|p1a: Gholdengo
|-boost|p1a: Gholdengo|spa|2
|move|p2a: Ribombee|U-turn|p1a: Gholdengo
|-resisted|p1a: Gholdengo
|-damage|p1a: Gholdengo|79/100
|
|t:|1779904894
|switch|p2a: Ceruledge|Ceruledge, M|100/100|[from] U-turn
|
|upkeep
|turn|13
|
|t:|1779904903
|-terastallize|p2a: Ceruledge|Ghost
|move|p2a: Ceruledge|Poltergeist||[still]
|-fail|p2a: Ceruledge
|move|p1a: Gholdengo|Thunder Wave|p2a: Ceruledge
|-status|p2a: Ceruledge|par
|
|upkeep
|turn|14
|
|t:|1779904911
|move|p1a: Gholdengo|Make It Rain|p2a: Ceruledge
|-enditem|p2a: Ceruledge|Focus Sash
|-damage|p2a: Ceruledge|1/100 par
|-unboost|p1a: Gholdengo|spa|1
|move|p2a: Ceruledge|Bitter Blade|p1a: Gholdengo
|-supereffective|p1a: Gholdengo
|-damage|p1a: Gholdengo|15/100
|-heal|p2a: Ceruledge|42/100 par|[from] drain|[of] p1a: Gholdengo
|
|upkeep
|turn|15
|
|t:|1779904925
|switch|p1a: Wo-Chien|Wo-Chien|100/100
|-activate|p1a: Wo-Chien|move: Sticky Web
|-unboost|p1a: Wo-Chien|spe|1
|-ability|p1a: Wo-Chien|Tablets of Ruin
|cant|p2a: Ceruledge|par
|
|upkeep
|turn|16
|
|t:|1779904933
|move|p2a: Ceruledge|Bitter Blade|p1a: Wo-Chien
|-supereffective|p1a: Wo-Chien
|-damage|p1a: Wo-Chien|41/100
|-heal|p2a: Ceruledge|81/100 par|[from] drain|[of] p1a: Wo-Chien
|move|p1a: Wo-Chien|Knock Off|p2a: Ceruledge
|-supereffective|p2a: Ceruledge
|-damage|p2a: Ceruledge|31/100 par
|-ability|p2a: Ceruledge|Weak Armor|boost
|-unboost|p2a: Ceruledge|def|1
|-boost|p2a: Ceruledge|spe|2
|
|-heal|p1a: Wo-Chien|47/100|[from] item: Leftovers
|upkeep
|turn|17
|
|t:|1779904947
|-terastallize|p1a: Wo-Chien|Poison
|move|p2a: Ceruledge|Bitter Blade|p1a: Wo-Chien
|-damage|p1a: Wo-Chien|16/100
|-heal|p2a: Ceruledge|51/100 par|[from] drain|[of] p1a: Wo-Chien
|move|p1a: Wo-Chien|Leech Seed|p2a: Ceruledge
|-start|p2a: Ceruledge|move: Leech Seed
|
|-heal|p1a: Wo-Chien|22/100|[from] item: Leftovers
|-damage|p2a: Ceruledge|39/100 par|[from] Leech Seed|[of] p1a: Wo-Chien
|-heal|p1a: Wo-Chien|31/100|[silent]
|upkeep
|turn|18
|
|t:|1779904960
|move|p2a: Ceruledge|Swords Dance|p2a: Ceruledge
|-boost|p2a: Ceruledge|atk|2
|move|p1a: Wo-Chien|Substitute|p1a: Wo-Chien
|-start|p1a: Wo-Chien|Substitute
|-damage|p1a: Wo-Chien|6/100
|
|-heal|p1a: Wo-Chien|13/100|[from] item: Leftovers
|-damage|p2a: Ceruledge|27/100 par|[from] Leech Seed|[of] p1a: Wo-Chien
|-heal|p1a: Wo-Chien|22/100|[silent]
|upkeep
|turn|19
|
|t:|1779904972
|move|p1a: Wo-Chien|Protect|p1a: Wo-Chien
|-singleturn|p1a: Wo-Chien|Protect
|move|p2a: Ceruledge|Shadow Sneak|p1a: Wo-Chien
|-activate|p1a: Wo-Chien|move: Protect
|
|-heal|p1a: Wo-Chien|28/100|[from] item: Leftovers
|-damage|p2a: Ceruledge|14/100 par|[from] Leech Seed|[of] p1a: Wo-Chien
|-heal|p1a: Wo-Chien|38/100|[silent]
|upkeep
|turn|20
|
|t:|1779904982
|move|p2a: Ceruledge|Bitter Blade|p1a: Wo-Chien
|-end|p1a: Wo-Chien|Substitute
|-heal|p2a: Ceruledge|30/100 par|[from] drain|[of] p1a: Wo-Chien
|move|p1a: Wo-Chien|Knock Off|p2a: Ceruledge
|-supereffective|p2a: Ceruledge
|-damage|p2a: Ceruledge|0 fnt
|faint|p2a: Ceruledge
|
|-heal|p1a: Wo-Chien|44/100|[from] item: Leftovers
|upkeep
|
|t:|1779904993
|switch|p2a: Ursaluna|Ursaluna, M|100/100 brn
|turn|21
|
|t:|1779904998
|move|p1a: Wo-Chien|Protect|p1a: Wo-Chien
|-singleturn|p1a: Wo-Chien|Protect
|move|p2a: Ursaluna|Earthquake|p1a: Wo-Chien
|-activate|p1a: Wo-Chien|move: Protect
|
|-heal|p1a: Wo-Chien|50/100|[from] item: Leftovers
|-damage|p2a: Ursaluna|94/100 brn|[from] brn
|upkeep
|turn|22
|
|t:|1779905007
|switch|p1a: Gholdengo|Gholdengo|15/100
|-activate|p1a: Gholdengo|move: Sticky Web
|-unboost|p1a: Gholdengo|spe|1
|move|p2a: Ursaluna|Swords Dance|p2a: Ursaluna
|-boost|p2a: Ursaluna|atk|2
|
|-damage|p2a: Ursaluna|88/100 brn|[from] brn
|upkeep
|turn|23
|
|t:|1779905017
|move|p2a: Ursaluna|Trailblaze|p1a: Gholdengo
|-resisted|p1a: Gholdengo
|-damage|p1a: Gholdengo|0 fnt
|-boost|p2a: Ursaluna|spe|1
|faint|p1a: Gholdengo
|
|-damage|p2a: Ursaluna|82/100 brn|[from] brn
|upkeep
|
|t:|1779905025
|switch|p1a: Clefable|Clefable, M|100/100
|-activate|p1a: Clefable|move: Sticky Web
|-unboost|p1a: Clefable|spe|1
|turn|24
|
|t:|1779905031
|move|p2a: Ursaluna|Facade|p1a: Clefable
|-damage|p1a: Clefable|0 fnt
|faint|p1a: Clefable
|
|-damage|p2a: Ursaluna|76/100 brn|[from] brn
|upkeep
|
|t:|1779905034
|switch|p1a: Garchomp|Garchomp, M|75/100
|-activate|p1a: Garchomp|move: Sticky Web
|-unboost|p1a: Garchomp|spe|1
|turn|25
|
|t:|1779905042
|move|p2a: Ursaluna|Earthquake|p1a: Garchomp
|-damage|p1a: Garchomp|0 fnt
|faint|p1a: Garchomp
|
|-damage|p2a: Ursaluna|69/100 brn|[from] brn
|upkeep
|-message|LaportaPotty forfeited.
|
|win|chrisfeb1992
|raw|LaportaPotty's rating: 1424 &rarr; <strong>1405</strong><br />(-19 for losing)
|raw|chrisfeb1992's rating: 1448 &rarr; <strong>1467</strong><br />(+19 for winning)
|l|☆LaportaPotty
|player|p1|
