|j|☆Hike Mawk
|j|☆Angibf
|t:|1779908166
|gametype|singles
|player|p1|Hike Mawk|riley|1275
|player|p2|Angibf|kimonogirl|1270
|gen|9
|tier|[Gen 9] OU
|rated|
|rule|HP Percentage Mod: HP is shown in percentages
|rule|Endless Battle Clause: Forcing endless battles is banned
|rule|Species Clause: Limit one of each Pokémon
|rule|OHKO Clause: OHKO moves are banned
|rule|Evasion Items Clause: Evasion items are banned
|rule|Evasion Moves Clause: Evasion moves are banned
|rule|Evasion Abilities Clause: Evasion abilities are banned
|rule|Sleep Moves Clause: Sleep-inducing moves are banned
|clearpoke
|poke|p1|Gliscor, M|
|poke|p1|Clefable, F|
|poke|p1|Corviknight, M|
|poke|p1|Blissey, F|
|poke|p1|Forretress, F|
|poke|p1|Garganacl, F|
|poke|p2|Dragapult, F|
|poke|p2|Corviknight, M|
|poke|p2|Gliscor, F|
|poke|p2|Zamazenta-*|
|poke|p2|Moltres-Galar|
|poke|p2|Quaquaval, F|
|teampreview
|inactive|Battle timer is ON: inactive players will automatically lose when time's up. (requested by Angibf)
|
|t:|1779908181
|teamsize|p1|6
|teamsize|p2|6
|start
|switch|p1a: Rocki|Garganacl, F, shiny|100/100
|switch|p2a: Dragapult|Dragapult, F|100/100
|turn|1
|
|t:|1779908185
|move|p2a: Dragapult|U-turn|p1a: Rocki
|-damage|p1a: Rocki|89/100
|
|t:|1779908195
|switch|p2a: Gliscor|Gliscor, F|100/100|[from] U-turn
|move|p1a: Rocki|Salt Cure|p2a: Gliscor
|-damage|p2a: Gliscor|84/100
|-start|p2a: Gliscor|Salt Cure
|
|-damage|p2a: Gliscor|72/100|[from] Salt Cure
|-status|p2a: Gliscor|tox|[from] item: Toxic Orb
|upkeep
|turn|2
|
|t:|1779908199
|move|p2a: Gliscor|Knock Off|p1a: Rocki
|-damage|p1a: Rocki|75/100
|-enditem|p1a: Rocki|Sitrus Berry|[from] move: Knock Off|[of] p2a: Gliscor
|move|p1a: Rocki|Stealth Rock|p2a: Gliscor
|-sidestart|p2: Angibf|move: Stealth Rock
|
|-heal|p2a: Gliscor|84/100 tox|[from] ability: Poison Heal
|-damage|p2a: Gliscor|72/100 tox|[from] Salt Cure
|upkeep
|turn|3
|
|t:|1779908210
|switch|p1a: Rookidon|Corviknight, M|100/100
|move|p2a: Gliscor|Earthquake|p1a: Rookidon
|-immune|p1a: Rookidon
|
|-heal|p2a: Gliscor|84/100 tox|[from] ability: Poison Heal
|-damage|p2a: Gliscor|72/100 tox|[from] Salt Cure
|upkeep
|turn|4
|
|t:|1779908215
|move|p2a: Gliscor|U-turn|p1a: Rookidon
|-resisted|p1a: Rookidon
|-damage|p1a: Rookidon|97/100
|
|t:|1779908226
|switch|p2a: Corviknight|Corviknight, M|100/100|[from] U-turn
|-damage|p2a: Corviknight|88/100|[from] Stealth Rock
|-ability|p2a: Corviknight|Pressure
|move|p1a: Rookidon|Bulk Up|p1a: Rookidon
|-boost|p1a: Rookidon|atk|1
|-boost|p1a: Rookidon|def|1
|
|upkeep
|turn|5
|
|t:|1779908233
|switch|p1a: Cleffairable|Clefable, F, shiny|100/100
|move|p2a: Corviknight|Defog|p1a: Cleffairable
|-unboost|p1a: Cleffairable|evasion|1
|-sideend|p2: Angibf|Stealth Rock|[from] move: Defog|[of] p2a: Corviknight
|
|upkeep
|turn|6
|
|t:|1779908237
|move|p2a: Corviknight|U-turn|p1a: Cleffairable
|-resisted|p1a: Cleffairable
|-damage|p1a: Cleffairable|94/100
|
|t:|1779908246
|switch|p2a: Quaquaval|Quaquaval, F|100/100|[from] U-turn
|move|p1a: Cleffairable|Flamethrower|p2a: Quaquaval
|-resisted|p2a: Quaquaval
|-crit|p2a: Quaquaval
|-damage|p2a: Quaquaval|81/100
|
|upkeep
|turn|7
|
|t:|1779908253
|move|p2a: Quaquaval|Flip Turn|p1a: Cleffairable
|-damage|p1a: Cleffairable|64/100
|
|t:|1779908257
|switch|p2a: Corviknight|Corviknight, M|88/100|[from] Flip Turn
|-ability|p2a: Corviknight|Pressure
|move|p1a: Cleffairable|Moonblast|p2a: Corviknight
|-resisted|p2a: Corviknight
|-damage|p2a: Corviknight|68/100
|
|upkeep
|turn|8
|
|t:|1779908269
|move|p2a: Corviknight|Brave Bird|p1a: Cleffairable
|-damage|p1a: Cleffairable|25/100
|-damage|p2a: Corviknight|57/100|[from] Recoil
|move|p1a: Cleffairable|Moonlight|p1a: Cleffairable
|-heal|p1a: Cleffairable|74/100
|
|upkeep
|turn|9
|
|t:|1779908279
|move|p2a: Corviknight|U-turn|p1a: Cleffairable
|-resisted|p1a: Cleffairable
|-damage|p1a: Cleffairable|67/100
|
|t:|1779908281
|switch|p2a: Quaquaval|Quaquaval, F|81/100|[from] U-turn
|move|p1a: Cleffairable|Moonlight|p1a: Cleffairable
|-heal|p1a: Cleffairable|100/100
|
|upkeep
|turn|10
|
|t:|1779908303
|switch|p1a: Goldenuke|Forretress, F, shiny|100/100
|move|p2a: Quaquaval|Flip Turn|p1a: Goldenuke
|-damage|p1a: Goldenuke|85/100
|
|t:|1779908310
|switch|p2a: Dragapult|Dragapult, F|100/100|[from] Flip Turn
|
|upkeep
|turn|11
|
|t:|1779908329
|move|p2a: Dragapult|U-turn|p1a: Goldenuke
|-resisted|p1a: Goldenuke
|-damage|p1a: Goldenuke|81/100
|
|t:|1779908336
|switch|p2a: Moltres|Moltres-Galar|100/100|[from] U-turn
|move|p1a: Goldenuke|Payback|p2a: Moltres
|-resisted|p2a: Moltres
|-damage|p2a: Moltres|94/100
|
|upkeep
|turn|12
|
|t:|1779908349
|switch|p1a: Zira|Blissey, F|100/100
|move|p2a: Moltres|Agility|p2a: Moltres
|-boost|p2a: Moltres|spe|2
|
|upkeep
|turn|13
|
|t:|1779908355
|move|p2a: Moltres|Nasty Plot|p2a: Moltres
|-boost|p2a: Moltres|spa|2
|move|p1a: Zira|Calm Mind|p1a: Zira
|-boost|p1a: Zira|spa|1
|-boost|p1a: Zira|spd|1
|
|upkeep
|turn|14
|
|t:|1779908367
|switch|p2a: Zamazenta|Zamazenta|100/100
|-ability|p2a: Zamazenta|Dauntless Shield|boost
|-boost|p2a: Zamazenta|def|1
|move|p1a: Zira|Calm Mind|p1a: Zira
|-boost|p1a: Zira|spa|1
|-boost|p1a: Zira|spd|1
|
|upkeep
|turn|15
|
|t:|1779908381
|switch|p1a: Cleffairable|Clefable, F, shiny|100/100
|move|p2a: Zamazenta|Crunch|p1a: Cleffairable
|-resisted|p1a: Cleffairable
|-crit|p1a: Cleffairable
|-damage|p1a: Cleffairable|67/100
|
|upkeep
|turn|16
|
|t:|1779908394
|switch|p2a: Gliscor|Gliscor, F|72/100 tox
|move|p1a: Cleffairable|Moonblast|p2a: Gliscor
|-damage|p2a: Gliscor|28/100 tox
|
|-heal|p2a: Gliscor|41/100 tox|[from] ability: Poison Heal
|upkeep
|turn|17
|
|t:|1779908409
|move|p2a: Gliscor|Toxic|p1a: Cleffairable
|-status|p1a: Cleffairable|tox
|move|p1a: Cleffairable|Moonlight|p1a: Cleffairable
|-heal|p1a: Cleffairable|100/100 tox
|
|-heal|p2a: Gliscor|53/100 tox|[from] ability: Poison Heal
|-damage|p1a: Cleffairable|94/100 tox|[from] psn
|upkeep
|turn|18
|
|t:|1779908427
|switch|p1a: Rookidon|Corviknight, M|97/100
|move|p2a: Gliscor|Earthquake|p1a: Rookidon
|-immune|p1a: Rookidon
|
|-heal|p2a: Gliscor|66/100 tox|[from] ability: Poison Heal
|upkeep
|turn|19
|
|t:|1779908438
|move|p2a: Gliscor|U-turn|p1a: Rookidon
|-resisted|p1a: Rookidon
|-damage|p1a: Rookidon|93/100
|
|t:|1779908439
|switch|p2a: Dragapult|Dragapult, F|100/100|[from] U-turn
|move|p1a: Rookidon|Agility|p1a: Rookidon
|-boost|p1a: Rookidon|spe|2
|
|upkeep
|turn|20
|
|t:|1779908453
|move|p2a: Dragapult|Thunderbolt|p1a: Rookidon
|-supereffective|p1a: Rookidon
|-damage|p1a: Rookidon|18/100
|-enditem|p1a: Rookidon|Weakness Policy
|-boost|p1a: Rookidon|atk|2|[from] item: Weakness Policy
|-boost|p1a: Rookidon|spa|2|[from] item: Weakness Policy
|move|p1a: Rookidon|Agility|p1a: Rookidon
|-boost|p1a: Rookidon|spe|2
|
|upkeep
|turn|21
|inactive|Angibf has 120 seconds left.
|
|t:|1779908479
|switch|p2a: Corviknight|Corviknight, M|57/100
|-ability|p2a: Corviknight|Pressure
|-terastallize|p1a: Rookidon|Dark
|move|p1a: Rookidon|Roost|p1a: Rookidon
|-heal|p1a: Rookidon|68/100
|
|upkeep
|turn|22
|inactive|Angibf has 120 seconds left.
|
|t:|1779908511
|move|p1a: Rookidon|Power Trip|p2a: Corviknight
|-damage|p2a: Corviknight|0 fnt
|-damage|p1a: Rookidon|52/100|[from] item: Rocky Helmet|[of] p2a: Corviknight
|faint|p2a: Corviknight
|
|upkeep
|
|t:|1779908519
|switch|p2a: Zamazenta|Zamazenta|100/100
|turn|23
|
|t:|1779908527
|move|p1a: Rookidon|Power Trip|p2a: Zamazenta
|-resisted|p2a: Zamazenta
|-crit|p2a: Zamazenta
|-damage|p2a: Zamazenta|0 fnt
|faint|p2a: Zamazenta
|
|upkeep
|c|☆Angibf|Wonder if it mattered
|c|☆Hike Mawk|Idk
|inactive|Angibf has 90 seconds left.
|c|☆Hike Mawk|Power Trip is pretty strong
|c|☆Angibf|Gg nice fake team
|c|☆Hike Mawk|GGs
|-message|Angibf forfeited.
|
|win|Hike Mawk
|raw|Hike Mawk's rating: 1275 &rarr; <strong>1300</strong><br />(+25 for winning)
|raw|Angibf's rating: 1270 &rarr; <strong>1245</strong><br />(-25 for losing)
|l|☆Angibf
|player|p2|
|c|☆Hike Mawk|Thx
