|j|☆Hy-Yoit
|j|☆KenjiShiguma
|t:|1779840510
|gametype|singles
|player|p1|Hy-Yoit|red|1067
|player|p2|KenjiShiguma|pokemonbreeder-gen4|1096
|gen|9
|tier|[Gen 9] OU
|rated|
|rule|HP Percentage Mod: HP is shown in percentages
|rule|Endless Battle Clause: Forcing endless battles is banned
|rule|Species Clause: Limit one of each Pokémon
|rule|OHKO Clause: OHKO moves are banned
|rule|Evasion Items Clause: Evasion items are banned
|rule|Evasion Moves Clause: Evasion moves are banned
|rule|Evasion Abilities Clause: Evasion abilities are banned
|rule|Sleep Moves Clause: Sleep-inducing moves are banned
|clearpoke
|poke|p1|Porygon2|
|poke|p1|Magnezone|
|poke|p1|Rhyperior, M|
|poke|p1|Ursaluna, M|
|poke|p1|Kingambit, M|
|poke|p1|Farigiraf, F|
|poke|p2|Golduck, M|
|poke|p2|Porygon2|
|poke|p2|Gardevoir, M|
|poke|p2|Grumpig, F|
|poke|p2|Toxapex, F|
|poke|p2|Sandaconda, F|
|teampreview
|
|t:|1779840522
|teamsize|p1|6
|teamsize|p2|6
|start
|switch|p1a: Quacken2|Porygon2|100/100
|switch|p2a: Toxapex|Toxapex, F|100/100
|-ability|p1a: Quacken2|Regenerator|Trace|[from] ability: Trace|[of] p2a: Toxapex
|turn|1
|
|t:|1779840530
|move|p2a: Toxapex|Infestation|p1a: Quacken2
|-damage|p1a: Quacken2|98/100
|-activate|p1a: Quacken2|move: Infestation|[of] p2a: Toxapex
|move|p1a: Quacken2|Trick Room|p1a: Quacken2
|-fieldstart|move: Trick Room|[of] p1a: Quacken2
|
|-damage|p1a: Quacken2|86/100|[from] move: Infestation|[partiallytrapped]
|upkeep
|turn|2
|
|t:|1779840537
|move|p2a: Toxapex|Acid Spray|p1a: Quacken2
|-damage|p1a: Quacken2|80/100
|-unboost|p1a: Quacken2|spd|2
|move|p1a: Quacken2|Psyshock|p2a: Toxapex
|-supereffective|p2a: Toxapex
|-crit|p2a: Toxapex
|-damage|p2a: Toxapex|56/100
|
|-damage|p1a: Quacken2|68/100|[from] move: Infestation|[partiallytrapped]
|upkeep
|turn|3
|
|t:|1779840548
|move|p2a: Toxapex|Acid Spray|p1a: Quacken2
|-damage|p1a: Quacken2|56/100
|-unboost|p1a: Quacken2|spd|2
|move|p1a: Quacken2|Psyshock|p2a: Toxapex
|-supereffective|p2a: Toxapex
|-damage|p2a: Toxapex|24/100
|
|-damage|p1a: Quacken2|44/100|[from] move: Infestation|[partiallytrapped]
|upkeep
|turn|4
|
|t:|1779840560
|switch|p2a: Sandaconda|Sandaconda, F|100/100
|move|p1a: Quacken2|Psyshock|p2a: Sandaconda
|-damage|p2a: Sandaconda|85/100
|
|-end|p1a: Quacken2|Infestation|[partiallytrapped]|[silent]
|upkeep
|turn|5
|
|t:|1779840576
|switch|p1a: Freddy|Ursaluna, M|100/100
|move|p2a: Sandaconda|Stealth Rock|p1a: Freddy
|-sidestart|p1: Hy-Yoit|move: Stealth Rock
|
|-fieldend|move: Trick Room
|-status|p1a: Freddy|brn|[from] item: Flame Orb
|upkeep
|turn|6
|
|t:|1779840584
|move|p2a: Sandaconda|Body Press|p1a: Freddy
|-supereffective|p1a: Freddy
|-damage|p1a: Freddy|58/100 brn
|move|p1a: Freddy|Facade|p2a: Sandaconda
|-damage|p2a: Sandaconda|13/100
|-damage|p1a: Freddy|41/100 brn|[from] item: Rocky Helmet|[of] p2a: Sandaconda
|
|-damage|p1a: Freddy|35/100 brn|[from] brn
|upkeep
|turn|7
|
|t:|1779840594
|move|p2a: Sandaconda|Body Press|p1a: Freddy
|-supereffective|p1a: Freddy
|-damage|p1a: Freddy|0 fnt
|faint|p1a: Freddy
|
|upkeep
|
|t:|1779840608
|switch|p1a: Hoodie|Farigiraf, F|100/100
|-damage|p1a: Hoodie|88/100|[from] Stealth Rock
|turn|8
|
|t:|1779840614
|move|p2a: Sandaconda|Body Press|p1a: Hoodie
|-damage|p1a: Hoodie|59/100
|move|p1a: Hoodie|Trick Room|p1a: Hoodie
|-fieldstart|move: Trick Room|[of] p1a: Hoodie
|
|-heal|p1a: Hoodie|65/100|[from] item: Leftovers
|upkeep
|turn|9
|
|t:|1779840622
|switch|p2a: Porygon2|Porygon2|100/100
|-ability|p2a: Porygon2|Armor Tail|Trace|[from] ability: Trace|[of] p1a: Hoodie
|move|p1a: Hoodie|Dazzling Gleam|p2a: Porygon2
|-damage|p2a: Porygon2|89/100
|
|-heal|p1a: Hoodie|71/100|[from] item: Leftovers
|upkeep
|turn|10
|
|t:|1779840638
|switch|p1a: Rhydonkulous|Rhyperior, M|100/100
|-damage|p1a: Rhydonkulous|94/100|[from] Stealth Rock
|switch|p2a: Grumpig|Grumpig, F|100/100
|
|upkeep
|turn|11
|
|t:|1779840648
|switch|p2a: Sandaconda|Sandaconda, F|13/100
|move|p1a: Rhydonkulous|Shadow Claw|p2a: Sandaconda
|-crit|p2a: Sandaconda
|-damage|p2a: Sandaconda|0 fnt
|-damage|p1a: Rhydonkulous|78/100|[from] item: Rocky Helmet|[of] p2a: Sandaconda
|faint|p2a: Sandaconda
|
|upkeep
|
|t:|1779840666
|switch|p2a: Toxapex|Toxapex, F|57/100
|turn|12
|
|t:|1779840670
|switch|p2a: Porygon2|Porygon2|89/100
|-ability|p2a: Porygon2|Solid Rock|Trace|[from] ability: Trace|[of] p1a: Rhydonkulous
|move|p1a: Rhydonkulous|Drill Run|p2a: Porygon2
|-crit|p2a: Porygon2
|-damage|p2a: Porygon2|48/100
|
|-fieldend|move: Trick Room
|upkeep
|turn|13
|
|t:|1779840683
|move|p2a: Porygon2|Recover|p2a: Porygon2
|-heal|p2a: Porygon2|98/100
|move|p1a: Rhydonkulous|Drill Run|p2a: Porygon2
|-damage|p2a: Porygon2|71/100
|
|upkeep
|turn|14
|
|t:|1779840689
|switch|p2a: Golduck|Golduck, M|100/100
|-ability|p2a: Golduck|Cloud Nine
|move|p1a: Rhydonkulous|Stone Edge|p2a: Golduck
|-damage|p2a: Golduck|38/100
|
|upkeep
|turn|15
|
|t:|1779840699
|move|p2a: Golduck|Flip Turn|p1a: Rhydonkulous
|-supereffective|p1a: Rhydonkulous
|-damage|p1a: Rhydonkulous|53/100
|
|t:|1779840704
|switch|p2a: Toxapex|Toxapex, F|91/100|[from] Flip Turn
|move|p1a: Rhydonkulous|Drill Run|p2a: Toxapex|[miss]
|-miss|p1a: Rhydonkulous|p2a: Toxapex
|
|upkeep
|turn|16
|
|t:|1779840712
|move|p2a: Toxapex|Chilling Water|p1a: Rhydonkulous
|-supereffective|p1a: Rhydonkulous
|-damage|p1a: Rhydonkulous|4/100
|-unboost|p1a: Rhydonkulous|atk|1
|move|p1a: Rhydonkulous|Drill Run|p2a: Toxapex
|-supereffective|p2a: Toxapex
|-damage|p2a: Toxapex|57/100
|
|upkeep
|turn|17
|
|t:|1779840721
|move|p2a: Toxapex|Chilling Water|p1a: Rhydonkulous
|-supereffective|p1a: Rhydonkulous
|-damage|p1a: Rhydonkulous|0 fnt
|faint|p1a: Rhydonkulous
|
|upkeep
|
|t:|1779840725
|switch|p1a: Cybertron|Magnezone|100/100
|-damage|p1a: Cybertron|95/100|[from] Stealth Rock
|turn|18
|
|t:|1779840746
|move|p1a: Cybertron|Thunder Wave|p2a: Toxapex
|-status|p2a: Toxapex|par
|move|p2a: Toxapex|Infestation|p1a: Cybertron
|-resisted|p1a: Cybertron
|-damage|p1a: Cybertron|93/100
|-activate|p1a: Cybertron|move: Infestation|[of] p2a: Toxapex
|
|-damage|p1a: Cybertron|81/100|[from] move: Infestation|[partiallytrapped]
|upkeep
|turn|19
|
|t:|1779840757
|move|p1a: Cybertron|Volt Switch|p2a: Toxapex
|-supereffective|p2a: Toxapex
|-damage|p2a: Toxapex|0 fnt
|faint|p2a: Toxapex
|-damage|p1a: Cybertron|71/100|[from] item: Life Orb
|
|t:|1779840763
|switch|p1a: Quacken2|Porygon2|77/100|[from] Volt Switch
|-damage|p1a: Quacken2|65/100|[from] Stealth Rock
|
|upkeep
|
|t:|1779840781
|switch|p2a: Grumpig|Grumpig, F|100/100
|-ability|p1a: Quacken2|Gluttony|Trace|[from] ability: Trace|[of] p2a: Grumpig
|turn|20
|
|t:|1779840787
|move|p2a: Grumpig|Simple Beam|p1a: Quacken2
|-ability|p1a: Quacken2|Simple|Gluttony|[from] move: Simple Beam
|move|p1a: Quacken2|Trick Room|p1a: Quacken2
|-fieldstart|move: Trick Room|[of] p1a: Quacken2
|
|upkeep
|turn|21
|
|t:|1779840794
|switch|p2a: Porygon2|Porygon2|71/100
|-ability|p2a: Porygon2|Simple|Trace|[from] ability: Trace|[of] p1a: Quacken2
|-terastallize|p1a: Quacken2|Ghost
|move|p1a: Quacken2|Shadow Ball|p2a: Porygon2
|-immune|p2a: Porygon2
|
|upkeep
|turn|22
|
|t:|1779840804
|move|p1a: Quacken2|Tri Attack|p2a: Porygon2
|-damage|p2a: Porygon2|52/100
|move|p2a: Porygon2|Charge|p2a: Porygon2
|-boost|p2a: Porygon2|spd|2
|-start|p2a: Porygon2|Charge
|
|upkeep
|turn|23
|
|t:|1779840813
|switch|p1a: Checkmate|Kingambit, M|100/100
|-damage|p1a: Checkmate|94/100|[from] Stealth Rock
|-activate|p1a: Checkmate|ability: Supreme Overlord
|-start|p1a: Checkmate|fallen2|[silent]
|move|p2a: Porygon2|Defense Curl|p2a: Porygon2
|-boost|p2a: Porygon2|def|2
|
|upkeep
|turn|24
|
|t:|1779840824
|move|p1a: Checkmate|Kowtow Cleave|p2a: Porygon2
|-damage|p2a: Porygon2|33/100
|move|p2a: Porygon2|Defense Curl|p2a: Porygon2
|-boost|p2a: Porygon2|def|2
|
|-fieldend|move: Trick Room
|upkeep
|turn|25
|
|t:|1779840832
|move|p2a: Porygon2|Recover|p2a: Porygon2
|-heal|p2a: Porygon2|83/100
|move|p1a: Checkmate|Kowtow Cleave|p2a: Porygon2
|-damage|p2a: Porygon2|70/100
|
|upkeep
|turn|26
|
|t:|1779840841
|move|p2a: Porygon2|Defense Curl|p2a: Porygon2
|-boost|p2a: Porygon2|def|2
|move|p1a: Checkmate|Kowtow Cleave|p2a: Porygon2
|-damage|p2a: Porygon2|60/100
|
|upkeep
|turn|27
|
|t:|1779840847
|-end|p1a: Checkmate|fallen2|[silent]
|switch|p1a: Cybertron|Magnezone|71/100
|-damage|p1a: Cybertron|65/100|[from] Stealth Rock
|move|p2a: Porygon2|Charge Beam|p1a: Cybertron
|-resisted|p1a: Cybertron
|-damage|p1a: Cybertron|51/100
|-boost|p2a: Porygon2|spa|2
|-end|p2a: Porygon2|Charge|[silent]
|
|upkeep
|turn|28
|
|t:|1779840857
|move|p2a: Porygon2|Charge|p2a: Porygon2
|-boost|p2a: Porygon2|spd|2
|-start|p2a: Porygon2|Charge
|move|p1a: Cybertron|Thunder Wave|p2a: Porygon2
|-status|p2a: Porygon2|par
|
|upkeep
|turn|29
|
|t:|1779840864
|move|p1a: Cybertron|Volt Switch|p2a: Porygon2
|-damage|p2a: Porygon2|51/100 par
|-damage|p1a: Cybertron|41/100|[from] item: Life Orb
|
|t:|1779840869
|switch|p1a: Quacken2|Porygon2, tera:Ghost|65/100|[from] Volt Switch
|-damage|p1a: Quacken2|52/100|[from] Stealth Rock
|-ability|p1a: Quacken2|Simple|Trace|[from] ability: Trace|[of] p2a: Porygon2
|cant|p2a: Porygon2|par
|-end|p2a: Porygon2|Charge|[silent]
|
|upkeep
|turn|30
|
|t:|1779840882
|move|p1a: Quacken2|Tri Attack|p2a: Porygon2
|-damage|p2a: Porygon2|44/100 par
|move|p2a: Porygon2|Charge|p2a: Porygon2
|-boost|p2a: Porygon2|spd|2
|-start|p2a: Porygon2|Charge
|
|upkeep
|turn|31
|
|t:|1779840889
|move|p1a: Quacken2|Psyshock|p2a: Porygon2
|-damage|p2a: Porygon2|40/100 par
|cant|p2a: Porygon2|par
|
|upkeep
|turn|32
|
|t:|1779840897
|move|p1a: Quacken2|Tri Attack|p2a: Porygon2
|-damage|p2a: Porygon2|35/100 par
|move|p2a: Porygon2|Recover|p2a: Porygon2
|-heal|p2a: Porygon2|85/100 par
|
|upkeep
|turn|33
|
|t:|1779840905
|move|p1a: Quacken2|Tri Attack|p2a: Porygon2
|-damage|p2a: Porygon2|80/100 par
|move|p2a: Porygon2|Charge Beam|p1a: Quacken2
|-damage|p1a: Quacken2|18/100
|-boost|p2a: Porygon2|spa|2
|-end|p2a: Porygon2|Charge|[silent]
|
|upkeep
|turn|34
|
|t:|1779840913
|move|p1a: Quacken2|Tri Attack|p2a: Porygon2
|-damage|p2a: Porygon2|76/100 par
|move|p2a: Porygon2|Charge Beam|p1a: Quacken2
|-damage|p1a: Quacken2|0 fnt
|faint|p1a: Quacken2
|
|upkeep
|
|t:|1779840921
|switch|p1a: Hoodie|Farigiraf, F|71/100
|-damage|p1a: Hoodie|59/100|[from] Stealth Rock
|turn|35
|
|t:|1779840925
|move|p1a: Hoodie|Psychic|p2a: Porygon2
|-damage|p2a: Porygon2|71/100 par
|cant|p2a: Porygon2|par
|
|-heal|p1a: Hoodie|65/100|[from] item: Leftovers
|upkeep
|turn|36
|
|t:|1779840932
|move|p2a: Porygon2|Charge Beam|p1a: Hoodie
|-damage|p1a: Hoodie|28/100
|-boost|p2a: Porygon2|spa|2
|move|p1a: Hoodie|Trick Room|p1a: Hoodie
|-fieldstart|move: Trick Room|[of] p1a: Hoodie
|
|-heal|p1a: Hoodie|34/100|[from] item: Leftovers
|upkeep
|turn|37
|
|t:|1779840940
|move|p2a: Porygon2|Charge Beam|p1a: Hoodie|[miss]
|-miss|p2a: Porygon2|p1a: Hoodie
|move|p1a: Hoodie|Psychic|p2a: Porygon2
|-damage|p2a: Porygon2|66/100 par
|
|-heal|p1a: Hoodie|41/100|[from] item: Leftovers
|upkeep
|turn|38
|
|t:|1779840948
|cant|p2a: Porygon2|par
|move|p1a: Hoodie|Psychic|p2a: Porygon2
|-damage|p2a: Porygon2|60/100 par
|
|-heal|p1a: Hoodie|47/100|[from] item: Leftovers
|upkeep
|turn|39
|
|t:|1779840956
|move|p2a: Porygon2|Charge Beam|p1a: Hoodie
|-damage|p1a: Hoodie|0 fnt
|faint|p1a: Hoodie
|
|upkeep
|
|t:|1779840961
|switch|p1a: Cybertron|Magnezone|41/100
|-damage|p1a: Cybertron|35/100|[from] Stealth Rock
|turn|40
|
|t:|1779840980
|cant|p2a: Porygon2|par
|move|p1a: Cybertron|Flash Cannon|p2a: Porygon2
|-damage|p2a: Porygon2|53/100 par
|-damage|p1a: Cybertron|25/100|[from] item: Life Orb
|
|-fieldend|move: Trick Room
|upkeep
|turn|41
|
|t:|1779840988
|move|p1a: Cybertron|Flash Cannon|p2a: Porygon2
|-damage|p2a: Porygon2|47/100 par
|-damage|p1a: Cybertron|15/100|[from] item: Life Orb
|move|p2a: Porygon2|Charge|p2a: Porygon2
|-boost|p2a: Porygon2|spd|0
|-start|p2a: Porygon2|Charge
|
|upkeep
|turn|42
|
|t:|1779840996
|move|p1a: Cybertron|Flash Cannon|p2a: Porygon2
|-damage|p2a: Porygon2|40/100 par
|-damage|p1a: Cybertron|5/100|[from] item: Life Orb
|cant|p2a: Porygon2|par
|
|upkeep
|turn|43
|
|t:|1779841002
|move|p1a: Cybertron|Flash Cannon|p2a: Porygon2
|-damage|p2a: Porygon2|32/100 par
|-damage|p1a: Cybertron|0 fnt|[from] item: Life Orb
|faint|p1a: Cybertron
|move|p2a: Porygon2|Recover|p2a: Porygon2
|-heal|p2a: Porygon2|82/100 par
|
|upkeep
|
|t:|1779841009
|switch|p1a: Checkmate|Kingambit, M|94/100
|-damage|p1a: Checkmate|88/100|[from] Stealth Rock
|-activate|p1a: Checkmate|ability: Supreme Overlord
|-start|p1a: Checkmate|fallen5|[silent]
|turn|44
|
|t:|1779841015
|move|p1a: Checkmate|Kowtow Cleave|p2a: Porygon2
|-damage|p2a: Porygon2|71/100 par
|move|p2a: Porygon2|Charge Beam|p1a: Checkmate
|-damage|p1a: Checkmate|40/100
|-end|p2a: Porygon2|Charge|[silent]
|
|upkeep
|turn|45
|
|t:|1779841022
|move|p1a: Checkmate|Iron Head|p2a: Porygon2
|-damage|p2a: Porygon2|61/100 par
|cant|p2a: Porygon2|flinch
|
|upkeep
|turn|46
|
|t:|1779841027
|move|p1a: Checkmate|Iron Head|p2a: Porygon2
|-damage|p2a: Porygon2|49/100 par
|cant|p2a: Porygon2|flinch
|
|upkeep
|turn|47
|
|t:|1779841033
|move|p1a: Checkmate|Iron Head|p2a: Porygon2
|-damage|p2a: Porygon2|39/100 par
|move|p2a: Porygon2|Recover|p2a: Porygon2
|-heal|p2a: Porygon2|89/100 par
|
|upkeep
|turn|48
|
|t:|1779841040
|-terastallize|p2a: Porygon2|Electric
|move|p1a: Checkmate|Iron Head|p2a: Porygon2
|-resisted|p2a: Porygon2
|-damage|p2a: Porygon2|83/100 par
|move|p2a: Porygon2|Charge Beam|p1a: Checkmate
|-damage|p1a: Checkmate|0 fnt
|faint|p1a: Checkmate
|-end|p1a: Checkmate|fallen5|[silent]
|
|win|KenjiShiguma
|raw|Hy-Yoit's rating: 1067 &rarr; <strong>1049</strong><br />(-18 for losing)
|raw|KenjiShiguma's rating: 1096 &rarr; <strong>1119</strong><br />(+23 for winning)
|c|☆Hy-Yoit|GG
|l|☆Hy-Yoit
|player|p1|
|l|☆KenjiShiguma
|player|p2|
