|j|☆PokeWinWow
|j|☆Tapferkeitsameise
|t:|1779911879
|gametype|singles
|player|p1|PokeWinWow|266|1519
|player|p2|Tapferkeitsameise|serena-masters3|1555
|gen|9
|tier|[Gen 9] OU
|rated|
|rule|HP Percentage Mod: HP is shown in percentages
|rule|Endless Battle Clause: Forcing endless battles is banned
|rule|Species Clause: Limit one of each Pokémon
|rule|OHKO Clause: OHKO moves are banned
|rule|Evasion Items Clause: Evasion items are banned
|rule|Evasion Moves Clause: Evasion moves are banned
|rule|Evasion Abilities Clause: Evasion abilities are banned
|rule|Sleep Moves Clause: Sleep-inducing moves are banned
|clearpoke
|poke|p1|Zapdos|
|poke|p1|Great Tusk|
|poke|p1|Kyurem|
|poke|p1|Iron Crown|
|poke|p1|Ogerpon-Wellspring, F|
|poke|p1|Kingambit, F|
|poke|p2|Kyurem|
|poke|p2|Iron Treads|
|poke|p2|Hatterene, F|
|poke|p2|Ceruledge, M|
|poke|p2|Kingambit, F|
|poke|p2|Zamazenta-*|
|teampreview
|inactive|Battle timer is ON: inactive players will automatically lose when time's up. (requested by PokeWinWow)
|inactive|Tapferkeitsameise also wants the timer to be on.
|
|t:|1779911906
|teamsize|p1|6
|teamsize|p2|6
|start
|switch|p1a: Ogerpon|Ogerpon-Wellspring, F|100/100
|switch|p2a: Hatterene|Hatterene, F|100/100
|turn|1
|
|t:|1779911923
|switch|p1a: Zapdos|Zapdos, shiny|100/100
|move|p2a: Hatterene|Nuzzle|p1a: Zapdos
|-damage|p1a: Zapdos|96/100
|
|upkeep
|turn|2
|
|t:|1779911930
|move|p1a: Zapdos|Hurricane|p2a: Hatterene
|-damage|p2a: Hatterene|37/100
|move|p2a: Hatterene|Pain Split|p1a: Zapdos
|-sethp|p1a: Zapdos|66/100|[from] move: Pain Split|[silent]
|-sethp|p2a: Hatterene|67/100|[from] move: Pain Split
|
|upkeep
|turn|3
|
|t:|1779911938
|switch|p2a: Iron Treads|Iron Treads|100/100
|move|p1a: Zapdos|Thunderbolt|p2a: Iron Treads
|-immune|p2a: Iron Treads
|
|upkeep
|turn|4
|
|t:|1779911957
|switch|p1a: Great Tusk|Great Tusk, shiny|100/100
|-enditem|p1a: Great Tusk|Booster Energy
|-activate|p1a: Great Tusk|ability: Protosynthesis|[fromitem]
|-start|p1a: Great Tusk|protosynthesisatk
|move|p2a: Iron Treads|Knock Off|p1a: Great Tusk
|-resisted|p1a: Great Tusk
|-damage|p1a: Great Tusk|93/100
|
|upkeep
|turn|5
|
|t:|1779911976
|-end|p2a: Iron Treads|Quark Drive|[silent]
|switch|p2a: Kyurem|Kyurem|100/100
|-ability|p2a: Kyurem|Pressure
|move|p1a: Great Tusk|Headlong Rush|p2a: Kyurem
|-damage|p2a: Kyurem|22/100
|-unboost|p1a: Great Tusk|def|1
|-unboost|p1a: Great Tusk|spd|1
|
|-heal|p2a: Kyurem|28/100|[from] item: Leftovers
|upkeep
|turn|6
|
|t:|1779911986
|-end|p1a: Great Tusk|Protosynthesis|[silent]
|switch|p1a: Iron Crown|Iron Crown|100/100
|-enditem|p1a: Iron Crown|Booster Energy
|-activate|p1a: Iron Crown|ability: Quark Drive|[fromitem]
|-start|p1a: Iron Crown|quarkdrivespe
|move|p2a: Kyurem|Earth Power|p1a: Iron Crown
|-supereffective|p1a: Iron Crown
|-damage|p1a: Iron Crown|41/100
|
|-heal|p2a: Kyurem|34/100|[from] item: Leftovers
|upkeep
|turn|7
|
|t:|1779911990
|move|p2a: Kyurem|Protect|p2a: Kyurem
|-singleturn|p2a: Kyurem|Protect
|move|p1a: Iron Crown|Tachyon Cutter|p2a: Kyurem
|-activate|p2a: Kyurem|move: Protect
|
|-heal|p2a: Kyurem|40/100|[from] item: Leftovers
|upkeep
|turn|8
|
|t:|1779911994
|switch|p2a: Iron Treads|Iron Treads|100/100
|move|p1a: Iron Crown|Calm Mind|p1a: Iron Crown
|-boost|p1a: Iron Crown|spa|1
|-boost|p1a: Iron Crown|spd|1
|
|upkeep
|turn|9
|
|t:|1779912000
|-end|p2a: Iron Treads|Quark Drive|[silent]
|switch|p2a: Ceruledge|Ceruledge, M|100/100
|move|p1a: Iron Crown|Focus Blast|p2a: Ceruledge
|-immune|p2a: Ceruledge
|
|upkeep
|turn|10
|
|t:|1779912019
|-end|p1a: Iron Crown|Quark Drive|[silent]
|switch|p1a: Great Tusk|Great Tusk, shiny|93/100
|move|p2a: Ceruledge|Shadow Sneak|p1a: Great Tusk
|-damage|p1a: Great Tusk|75/100
|-damage|p2a: Ceruledge|91/100|[from] item: Life Orb
|
|upkeep
|turn|11
|
|t:|1779912028
|switch|p2a: Zamazenta|Zamazenta|100/100
|-ability|p2a: Zamazenta|Dauntless Shield|boost
|-boost|p2a: Zamazenta|def|1
|move|p1a: Great Tusk|Knock Off|p2a: Zamazenta
|-resisted|p2a: Zamazenta
|-damage|p2a: Zamazenta|90/100
|-enditem|p2a: Zamazenta|Choice Band|[from] move: Knock Off|[of] p1a: Great Tusk
|
|upkeep
|turn|12
|
|t:|1779912054
|-end|p1a: Great Tusk|Protosynthesis|[silent]
|switch|p1a: Zapdos|Zapdos, shiny|66/100
|move|p2a: Zamazenta|Crunch|p1a: Zapdos
|-damage|p1a: Zapdos|34/100
|-status|p2a: Zamazenta|par|[from] ability: Static|[of] p1a: Zapdos
|
|upkeep
|turn|13
|
|t:|1779912061
|switch|p2a: Iron Treads|Iron Treads|100/100
|move|p1a: Zapdos|Roost|p1a: Zapdos
|-heal|p1a: Zapdos|84/100
|-singleturn|p1a: Zapdos|move: Roost
|
|upkeep
|turn|14
|
|t:|1779912070
|switch|p1a: Ogerpon|Ogerpon-Wellspring, F|100/100
|move|p2a: Iron Treads|Earthquake|p1a: Ogerpon
|-resisted|p1a: Ogerpon
|-damage|p1a: Ogerpon|69/100
|
|upkeep
|turn|15
|
|t:|1779912077
|-end|p2a: Iron Treads|Quark Drive|[silent]
|switch|p2a: Hatterene|Hatterene, F|67/100
|move|p1a: Ogerpon|Ivy Cudgel|p2a: Hatterene|[anim] Ivy Cudgel Water
|-damage|p2a: Hatterene|17/100
|
|upkeep
|turn|16
|
|t:|1779912082
|move|p1a: Ogerpon|Horn Leech|p2a: Hatterene
|-damage|p2a: Hatterene|0 fnt
|-heal|p1a: Ogerpon|77/100|[from] drain|[of] p2a: Hatterene
|-damage|p1a: Ogerpon|61/100|[from] item: Rocky Helmet|[of] p2a: Hatterene
|faint|p2a: Hatterene
|
|upkeep
|
|t:|1779912099
|switch|p2a: Zamazenta|Zamazenta|90/100 par
|turn|17
|
|t:|1779912119
|switch|p1a: Zapdos|Zapdos, shiny|84/100
|switch|p2a: Kyurem|Kyurem|40/100
|-ability|p2a: Kyurem|Pressure
|
|-heal|p2a: Kyurem|46/100|[from] item: Leftovers
|upkeep
|turn|18
|
|t:|1779912126
|move|p1a: Zapdos|Hurricane|p2a: Kyurem
|-damage|p2a: Kyurem|0 fnt
|faint|p2a: Kyurem
|
|upkeep
|
|t:|1779912132
|switch|p2a: Kingambit|Kingambit, F|100/100
|-activate|p2a: Kingambit|ability: Supreme Overlord
|-start|p2a: Kingambit|fallen2|[silent]
|turn|19
|
|t:|1779912141
|switch|p1a: Great Tusk|Great Tusk, shiny|75/100
|move|p2a: Kingambit|Kowtow Cleave|p1a: Great Tusk
|-resisted|p1a: Great Tusk
|-damage|p1a: Great Tusk|54/100
|
|upkeep
|turn|20
|
|t:|1779912153
|-end|p2a: Kingambit|fallen2|[silent]
|switch|p2a: Zamazenta|Zamazenta|90/100 par
|move|p1a: Great Tusk|Headlong Rush|p2a: Zamazenta
|-damage|p2a: Zamazenta|30/100 par
|-unboost|p1a: Great Tusk|def|1
|-unboost|p1a: Great Tusk|spd|1
|
|upkeep
|turn|21
|
|t:|1779912167
|move|p1a: Great Tusk|Headlong Rush|p2a: Zamazenta
|-damage|p2a: Zamazenta|0 fnt
|-unboost|p1a: Great Tusk|def|1
|-unboost|p1a: Great Tusk|spd|1
|faint|p2a: Zamazenta
|
|upkeep
|
|t:|1779912173
|switch|p2a: Ceruledge|Ceruledge, M|91/100
|turn|22
|
|t:|1779912186
|move|p1a: Great Tusk|Headlong Rush|p2a: Ceruledge
|-supereffective|p2a: Ceruledge
|-damage|p2a: Ceruledge|0 fnt
|-unboost|p1a: Great Tusk|def|1
|-unboost|p1a: Great Tusk|spd|1
|faint|p2a: Ceruledge
|
|upkeep
|
|t:|1779912198
|switch|p2a: Iron Treads|Iron Treads|100/100
|turn|23
|
|t:|1779912210
|-end|p1a: Great Tusk|Protosynthesis|[silent]
|switch|p1a: Ogerpon|Ogerpon-Wellspring, F|61/100
|move|p2a: Iron Treads|Knock Off|p1a: Ogerpon
|-damage|p1a: Ogerpon|35/100
|
|upkeep
|turn|24
|
|t:|1779912214
|move|p1a: Ogerpon|Ivy Cudgel|p2a: Iron Treads|[anim] Ivy Cudgel Water
|-supereffective|p2a: Iron Treads
|-crit|p2a: Iron Treads
|-damage|p2a: Iron Treads|0 fnt
|faint|p2a: Iron Treads
|-end|p2a: Iron Treads|Quark Drive|[silent]
|
|upkeep
|
|t:|1779912217
|switch|p2a: Kingambit|Kingambit, F|100/100
|-activate|p2a: Kingambit|ability: Supreme Overlord
|-start|p2a: Kingambit|fallen5|[silent]
|turn|25
|
|t:|1779912222
|move|p1a: Ogerpon|Ivy Cudgel|p2a: Kingambit|[anim] Ivy Cudgel Water
|-damage|p2a: Kingambit|47/100
|move|p2a: Kingambit|Swords Dance|p2a: Kingambit
|-boost|p2a: Kingambit|atk|2
|
|-heal|p2a: Kingambit|54/100|[from] item: Leftovers
|upkeep
|turn|26
|
|t:|1779912227
|move|p2a: Kingambit|Sucker Punch||[still]
|-fail|p2a: Kingambit
|move|p1a: Ogerpon|Encore|p2a: Kingambit
|-start|p2a: Kingambit|Encore
|
|-heal|p2a: Kingambit|60/100|[from] item: Leftovers
|upkeep
|turn|27
|c|☆Tapferkeitsameise|gg
|-message|Tapferkeitsameise forfeited.
|
|win|PokeWinWow
|raw|PokeWinWow's rating: 1519 &rarr; <strong>1541</strong><br />(+22 for winning)
|raw|Tapferkeitsameise's rating: 1555 &rarr; <strong>1533</strong><br />(-22 for losing)
