|j|☆flooded_magnus417
|j|☆ItsmeKirinn
|t:|1779953237
|gametype|singles
|player|p1|flooded_magnus417|brycen|1108
|player|p2|ItsmeKirinn|2|1069
|gen|9
|tier|[Gen 9] OU
|rated|
|rule|HP Percentage Mod: HP is shown in percentages
|rule|Endless Battle Clause: Forcing endless battles is banned
|rule|Species Clause: Limit one of each Pokémon
|rule|OHKO Clause: OHKO moves are banned
|rule|Evasion Items Clause: Evasion items are banned
|rule|Evasion Moves Clause: Evasion moves are banned
|rule|Evasion Abilities Clause: Evasion abilities are banned
|rule|Sleep Moves Clause: Sleep-inducing moves are banned
|clearpoke
|poke|p1|Great Tusk|
|poke|p1|Ting-Lu|
|poke|p1|Moltres|
|poke|p1|Volbeat, M|
|poke|p1|Pawmot, M|
|poke|p1|Darkrai|
|poke|p2|Garchomp, M|
|poke|p2|Cinderace, M|
|poke|p2|Rotom-Wash|
|poke|p2|Corviknight, F|
|poke|p2|Dragapult, M|
|poke|p2|Azumarill, F|
|teampreview
|inactive|Battle timer is ON: inactive players will automatically lose when time's up. (requested by flooded_magnus417)
|
|t:|1779953245
|teamsize|p1|6
|teamsize|p2|6
|start
|switch|p1a: Pawmot|Pawmot, M|100/100
|switch|p2a: Garchomp|Garchomp, M|100/100
|turn|1
|
|t:|1779953262
|-terastallize|p1a: Pawmot|Flying
|move|p2a: Garchomp|Stealth Rock|p1a: Pawmot
|-sidestart|p1: flooded_magnus417|move: Stealth Rock
|move|p1a: Pawmot|Ice Punch|p2a: Garchomp
|-supereffective|p2a: Garchomp
|-damage|p2a: Garchomp|0 fnt
|-damage|p1a: Pawmot|88/100|[from] ability: Rough Skin|[of] p2a: Garchomp
|-damage|p1a: Pawmot|71/100|[from] item: Rocky Helmet|[of] p2a: Garchomp
|faint|p2a: Garchomp
|
|upkeep
|
|t:|1779953275
|switch|p2a: Rotom|Rotom-Wash|100/100
|turn|2
|
|t:|1779953279
|-singleturn|p1a: Pawmot|move: Focus Punch
|move|p2a: Rotom|Volt Switch|p1a: Pawmot
|-supereffective|p1a: Pawmot
|-damage|p1a: Pawmot|0 fnt
|faint|p1a: Pawmot
|
|t:|1779953297
|switch|p2a: Azumarill|Azumarill, F|100/100|[from] Volt Switch
|
|upkeep
|
|t:|1779953306
|switch|p1a: Darkrai|Darkrai|100/100
|-damage|p1a: Darkrai|88/100|[from] Stealth Rock
|turn|3
|
|t:|1779953314
|move|p1a: Darkrai|Sludge Bomb|p2a: Azumarill
|-supereffective|p2a: Azumarill
|-damage|p2a: Azumarill|0 fnt
|faint|p2a: Azumarill
|
|upkeep
|
|t:|1779953323
|switch|p2a: Rotom|Rotom-Wash|100/100
|turn|4
|
|t:|1779953330
|switch|p1a: Volbeat|Volbeat, M|100/100
|move|p2a: Rotom|Protect||[still]
|-fail|p2a: Rotom
|
|upkeep
|turn|5
|
|t:|1779953336
|move|p1a: Volbeat|Encore|p2a: Rotom
|-start|p2a: Rotom|Encore
|move|p2a: Rotom|Protect||[still]
|-fail|p2a: Rotom
|
|upkeep
|turn|6
|
|t:|1779953344
|switch|p2a: Cinderace|Cinderace, M|100/100
|switch|p1a: Great Tusk|Great Tusk|100/100
|-damage|p1a: Great Tusk|98/100|[from] Stealth Rock
|
|upkeep
|turn|7
|
|t:|1779953355
|move|p2a: Cinderace|High Jump Kick|p1a: Great Tusk
|-start|p2a: Cinderace|typechange|Fighting|[from] ability: Libero
|-damage|p1a: Great Tusk|58/100
|move|p1a: Great Tusk|Rapid Spin|p2a: Cinderace
|-damage|p2a: Cinderace|79/100
|-boost|p1a: Great Tusk|spe|1
|-sideend|p1: flooded_magnus417|Stealth Rock|[from] move: Rapid Spin|[of] p1a: Great Tusk
|
|upkeep
|turn|8
|
|t:|1779953368
|move|p2a: Cinderace|U-turn|p1a: Great Tusk
|-resisted|p1a: Great Tusk
|-damage|p1a: Great Tusk|51/100
|
|t:|1779953371
|switch|p2a: Rotom|Rotom-Wash|100/100|[from] U-turn
|move|p1a: Great Tusk|Play Rough|p2a: Rotom|[miss]
|-miss|p1a: Great Tusk|p2a: Rotom
|
|upkeep
|turn|9
|
|t:|1779953380
|move|p1a: Great Tusk|Close Combat|p2a: Rotom
|-damage|p2a: Rotom|57/100
|-unboost|p1a: Great Tusk|def|1
|-unboost|p1a: Great Tusk|spd|1
|move|p2a: Rotom|Hydro Pump|p1a: Great Tusk|[miss]
|-miss|p2a: Rotom|p1a: Great Tusk
|
|-heal|p2a: Rotom|63/100|[from] item: Leftovers
|upkeep
|turn|10
|
|t:|1779953391
|-end|p1a: Great Tusk|Protosynthesis|[silent]
|switch|p1a: Volbeat|Volbeat, M|100/100
|move|p2a: Rotom|Hydro Pump|p1a: Volbeat|[miss]
|-miss|p2a: Rotom|p1a: Volbeat
|
|-heal|p2a: Rotom|69/100|[from] item: Leftovers
|upkeep
|turn|11
|
|t:|1779953400
|move|p2a: Rotom|Volt Switch|p1a: Volbeat
|-damage|p1a: Volbeat|73/100
|
|t:|1779953405
|switch|p2a: Corviknight|Corviknight, F|100/100|[from] Volt Switch
|move|p1a: Volbeat|Giga Drain|p2a: Corviknight
|-resisted|p2a: Corviknight
|-damage|p2a: Corviknight|98/100
|-heal|p1a: Volbeat|75/100|[from] drain|[of] p2a: Corviknight
|
|-heal|p2a: Corviknight|100/100|[from] item: Leftovers
|upkeep
|turn|12
|
|t:|1779953417
|switch|p1a: Moltres|Moltres|100/100
|move|p2a: Corviknight|Brave Bird|p1a: Moltres
|-damage|p1a: Moltres|65/100
|-damage|p2a: Corviknight|90/100|[from] Recoil
|
|-heal|p2a: Corviknight|96/100|[from] item: Leftovers
|upkeep
|turn|13
|
|t:|1779953431
|move|p1a: Moltres|Ancient Power|p2a: Corviknight
|-damage|p2a: Corviknight|77/100
|-boost|p1a: Moltres|atk|1
|-boost|p1a: Moltres|def|1
|-boost|p1a: Moltres|spa|1
|-boost|p1a: Moltres|spd|1
|-boost|p1a: Moltres|spe|1
|move|p2a: Corviknight|U-turn|p1a: Moltres
|-resisted|p1a: Moltres
|-damage|p1a: Moltres|63/100
|
|t:|1779953441
|switch|p2a: Rotom|Rotom-Wash|69/100|[from] U-turn
|
|-heal|p2a: Rotom|75/100|[from] item: Leftovers
|upkeep
|turn|14
|
|t:|1779953453
|move|p1a: Moltres|Flamethrower|p2a: Rotom
|-resisted|p2a: Rotom
|-damage|p2a: Rotom|36/100
|move|p2a: Rotom|Hydro Pump|p1a: Moltres
|-supereffective|p1a: Moltres
|-damage|p1a: Moltres|21/100
|
|-heal|p2a: Rotom|42/100|[from] item: Leftovers
|upkeep
|turn|15
|
|t:|1779953464
|-terastallize|p2a: Rotom|Electric
|move|p1a: Moltres|Flamethrower|p2a: Rotom
|-damage|p2a: Rotom|0 fnt
|faint|p2a: Rotom
|
|upkeep
|
|t:|1779953475
|switch|p2a: Dragapult|Dragapult, M|100/100
|turn|16
|
|t:|1779953480
|move|p2a: Dragapult|Dragon Darts|p1a: Moltres
|-crit|p1a: Moltres
|-damage|p1a: Moltres|0 fnt
|faint|p1a: Moltres
|
|upkeep
|
|t:|1779953485
|switch|p1a: Volbeat|Volbeat, M|75/100
|turn|17
|
|t:|1779953490
|move|p1a: Volbeat|Thunder Wave|p2a: Dragapult
|-status|p2a: Dragapult|par
|move|p2a: Dragapult|Dragon Darts|p1a: Volbeat
|-damage|p1a: Volbeat|57/100
|-anim|p2a: Dragapult|Dragon Darts|p1a: Volbeat
|-damage|p1a: Volbeat|38/100
|
|upkeep
|turn|18
|
|t:|1779953503
|switch|p2a: Corviknight|Corviknight, F|77/100
|move|p1a: Volbeat|Giga Drain|p2a: Corviknight
|-resisted|p2a: Corviknight
|-damage|p2a: Corviknight|75/100
|-heal|p1a: Volbeat|39/100|[from] drain|[of] p2a: Corviknight
|
|-heal|p2a: Corviknight|81/100|[from] item: Leftovers
|upkeep
|turn|19
|
|t:|1779953529
|switch|p1a: Ting-Lu|Ting-Lu|100/100
|-ability|p1a: Ting-Lu|Vessel of Ruin
|move|p2a: Corviknight|Brave Bird|p1a: Ting-Lu
|-damage|p1a: Ting-Lu|85/100
|-damage|p2a: Corviknight|75/100|[from] Recoil
|
|-heal|p2a: Corviknight|81/100|[from] item: Leftovers
|-heal|p1a: Ting-Lu|92/100|[from] item: Leftovers
|upkeep
|turn|20
|
|t:|1779953544
|move|p2a: Corviknight|U-turn|p1a: Ting-Lu
|-supereffective|p1a: Ting-Lu
|-damage|p1a: Ting-Lu|79/100
|
|t:|1779953552
|switch|p2a: Cinderace|Cinderace, M|79/100|[from] U-turn
|move|p1a: Ting-Lu|Spikes|p2a: Cinderace
|-sidestart|p2: ItsmeKirinn|Spikes
|
|-heal|p1a: Ting-Lu|86/100|[from] item: Leftovers
|upkeep
|turn|21
|
|t:|1779953562
|move|p2a: Cinderace|High Jump Kick|p1a: Ting-Lu
|-start|p2a: Cinderace|typechange|Fighting|[from] ability: Libero
|-supereffective|p1a: Ting-Lu
|-damage|p1a: Ting-Lu|32/100
|move|p1a: Ting-Lu|Earthquake|p2a: Cinderace
|-damage|p2a: Cinderace|23/100
|
|-heal|p1a: Ting-Lu|38/100|[from] item: Leftovers
|upkeep
|turn|22
|
|t:|1779953586
|move|p2a: Cinderace|High Jump Kick|p1a: Ting-Lu
|-supereffective|p1a: Ting-Lu
|-damage|p1a: Ting-Lu|0 fnt
|faint|p1a: Ting-Lu
|
|upkeep
|
|t:|1779953600
|switch|p1a: Volbeat|Volbeat, M|39/100
|turn|23
|
|t:|1779953607
|move|p1a: Volbeat|Thunder Wave|p2a: Cinderace
|-status|p2a: Cinderace|par
|move|p2a: Cinderace|Pyro Ball|p1a: Volbeat
|-supereffective|p1a: Volbeat
|-damage|p1a: Volbeat|0 fnt
|faint|p1a: Volbeat
|
|upkeep
|
|t:|1779953617
|switch|p1a: Great Tusk|Great Tusk|51/100
|turn|24
|
|t:|1779953630
|move|p1a: Great Tusk|Play Rough|p2a: Cinderace
|-supereffective|p2a: Cinderace
|-damage|p2a: Cinderace|0 fnt
|faint|p2a: Cinderace
|
|upkeep
|
|t:|1779953636
|switch|p2a: Dragapult|Dragapult, M|100/100 par
|-damage|p2a: Dragapult|88/100 par|[from] Spikes
|turn|25
|
|t:|1779953643
|move|p2a: Dragapult|Phantom Force||[still]
|-prepare|p2a: Dragapult|Phantom Force
|move|p1a: Great Tusk|Play Rough|p2a: Dragapult|[miss]
|-miss|p1a: Great Tusk|p2a: Dragapult
|
|upkeep
|turn|26
|
|t:|1779953649
|move|p1a: Great Tusk|Play Rough|p2a: Dragapult|[miss]
|-miss|p1a: Great Tusk|p2a: Dragapult
|cant|p2a: Dragapult|par
|
|upkeep
|turn|27
|
|t:|1779953656
|move|p2a: Dragapult|Phantom Force||[still]
|-prepare|p2a: Dragapult|Phantom Force
|move|p1a: Great Tusk|Play Rough|p2a: Dragapult|[miss]
|-miss|p1a: Great Tusk|p2a: Dragapult
|
|upkeep
|turn|28
|
|t:|1779953671
|move|p2a: Dragapult|Phantom Force|p1a: Great Tusk|[from] lockedmove
|-damage|p1a: Great Tusk|31/100
|-enditem|p1a: Great Tusk|Sitrus Berry|[eat]
|-heal|p1a: Great Tusk|56/100|[from] item: Sitrus Berry
|move|p1a: Great Tusk|Play Rough|p2a: Dragapult
|-supereffective|p2a: Dragapult
|-damage|p2a: Dragapult|14/100 par
|
|upkeep
|turn|29
|
|t:|1779953683
|cant|p2a: Dragapult|par
|move|p1a: Great Tusk|Play Rough|p2a: Dragapult
|-supereffective|p2a: Dragapult
|-damage|p2a: Dragapult|0 fnt
|faint|p2a: Dragapult
|
|upkeep
|
|t:|1779953691
|switch|p2a: Corviknight|Corviknight, F|81/100
|turn|30
|
|t:|1779953695
|move|p1a: Great Tusk|Close Combat|p2a: Corviknight
|-damage|p2a: Corviknight|49/100
|-unboost|p1a: Great Tusk|def|1
|-unboost|p1a: Great Tusk|spd|1
|move|p2a: Corviknight|Brave Bird|p1a: Great Tusk
|-supereffective|p1a: Great Tusk
|-damage|p1a: Great Tusk|0 fnt
|faint|p1a: Great Tusk
|-end|p1a: Great Tusk|Protosynthesis|[silent]
|-damage|p2a: Corviknight|29/100|[from] Recoil
|
|-heal|p2a: Corviknight|35/100|[from] item: Leftovers
|upkeep
|
|t:|1779953706
|switch|p1a: Darkrai|Darkrai|88/100
|turn|31
|
|t:|1779953712
|move|p1a: Darkrai|Dark Pulse|p2a: Corviknight
|-damage|p2a: Corviknight|0 fnt
|faint|p2a: Corviknight
|
|win|flooded_magnus417
|raw|flooded_magnus417's rating: 1135 &rarr; <strong>1155</strong><br />(+20 for winning)
|raw|ItsmeKirinn's rating: 1069 &rarr; <strong>1052</strong><br />(-17 for losing)
|l|☆ItsmeKirinn
|player|p2|
|l|☆flooded_magnus417
|player|p1|
