|j|☆typhoon9
|j|‽gatorskk
|t:|1779858048
|gametype|singles
|player|p1|typhoon9|swimmerf-gen4dp|1488
|player|p2|gatorskk|170|1517
|gen|9
|tier|[Gen 9] OU
|rated|
|rule|HP Percentage Mod: HP is shown in percentages
|rule|Endless Battle Clause: Forcing endless battles is banned
|rule|Species Clause: Limit one of each Pokémon
|rule|OHKO Clause: OHKO moves are banned
|rule|Evasion Items Clause: Evasion items are banned
|rule|Evasion Moves Clause: Evasion moves are banned
|rule|Evasion Abilities Clause: Evasion abilities are banned
|rule|Sleep Moves Clause: Sleep-inducing moves are banned
|clearpoke
|poke|p1|Blaziken, F|
|poke|p1|Ninetales, M|
|poke|p1|Venusaur, M|
|poke|p1|Hatterene, F|
|poke|p1|Great Tusk|
|poke|p1|Walking Wake|
|poke|p2|Hawlucha, F|
|poke|p2|Samurott-Hisui, M|
|poke|p2|Rillaboom, M|
|poke|p2|Gholdengo|
|poke|p2|Kyurem|
|poke|p2|Landorus-Therian, M|
|teampreview
|inactive|Battle timer is ON: inactive players will automatically lose when time's up. (requested by gatorskk)
|inactive|gatorskk has 120 seconds left.
|
|t:|1779858081
|teamsize|p1|6
|teamsize|p2|6
|start
|switch|p1a: Ninetales|Ninetales, M|100/100
|switch|p2a: Samurott|Samurott-Hisui, M|100/100
|-weather|SunnyDay|[from] ability: Drought|[of] p1a: Ninetales
|turn|1
|
|t:|1779858086
|move|p1a: Ninetales|Will-O-Wisp|p2a: Samurott
|-status|p2a: Samurott|brn
|move|p2a: Samurott|Knock Off|p1a: Ninetales
|-damage|p1a: Ninetales|78/100
|-enditem|p1a: Ninetales|Heat Rock|[from] move: Knock Off|[of] p2a: Samurott
|
|-weather|SunnyDay|[upkeep]
|-damage|p2a: Samurott|94/100 brn|[from] brn
|upkeep
|turn|2
|
|t:|1779858092
|switch|p1a: Hatterene|Hatterene, F|100/100
|move|p2a: Samurott|Ceaseless Edge|p1a: Hatterene|[miss]
|-miss|p2a: Samurott|p1a: Hatterene
|
|-weather|SunnyDay|[upkeep]
|-damage|p2a: Samurott|88/100 brn|[from] brn
|upkeep
|turn|3
|
|t:|1779858100
|switch|p1a: Blaziken|Blaziken, F|100/100
|move|p2a: Samurott|Flip Turn|p1a: Blaziken
|-supereffective|p1a: Blaziken
|-damage|p1a: Blaziken|81/100
|
|t:|1779858108
|switch|p2a: Landorus|Landorus-Therian, M|100/100|[from] Flip Turn
|-ability|p2a: Landorus|Intimidate|boost
|-unboost|p1a: Blaziken|atk|1
|
|-weather|SunnyDay|[upkeep]
|upkeep
|turn|4
|
|t:|1779858121
|switch|p1a: Hatterene|Hatterene, F|100/100
|move|p2a: Landorus|Earth Power|p1a: Hatterene
|-damage|p1a: Hatterene|69/100
|-enditem|p1a: Hatterene|Eject Button
|
|t:|1779858131
|switch|p1a: Great Tusk|Great Tusk|100/100
|-activate|p1a: Great Tusk|ability: Protosynthesis
|-start|p1a: Great Tusk|protosynthesisatk
|
|-weather|SunnyDay|[upkeep]
|upkeep
|turn|5
|inactive|gatorskk has 120 seconds left.
|
|t:|1779858171
|switch|p2a: Gholdengo|Gholdengo|100/100
|move|p1a: Great Tusk|Stealth Rock|p2a: Gholdengo
|-sidestart|p2: gatorskk|move: Stealth Rock
|
|-weather|SunnyDay|[upkeep]
|upkeep
|turn|6
|
|t:|1779858183
|-terastallize|p2a: Gholdengo|Steel
|move|p2a: Gholdengo|Make It Rain|p1a: Great Tusk
|-damage|p1a: Great Tusk|0 fnt
|-unboost|p2a: Gholdengo|spa|1
|faint|p1a: Great Tusk
|-end|p1a: Great Tusk|Protosynthesis|[silent]
|
|-weather|SunnyDay|[upkeep]
|upkeep
|
|t:|1779858187
|switch|p1a: Blaziken|Blaziken, F|81/100
|turn|7
|inactive|gatorskk has 120 seconds left.
|
|t:|1779858194
|switch|p2a: Landorus|Landorus-Therian, M|100/100
|-damage|p2a: Landorus|88/100|[from] Stealth Rock
|-ability|p2a: Landorus|Intimidate|boost
|-unboost|p1a: Blaziken|atk|1
|move|p1a: Blaziken|Focus Energy|p1a: Blaziken
|-start|p1a: Blaziken|move: Focus Energy
|
|-weather|SunnyDay|[upkeep]
|-ability|p1a: Blaziken|Speed Boost|boost
|-boost|p1a: Blaziken|spe|1
|upkeep
|turn|8
|inactive|gatorskk has 120 seconds left.
|
|t:|1779858215
|switch|p2a: Samurott|Samurott-Hisui, M|88/100 brn
|-damage|p2a: Samurott|76/100 brn|[from] Stealth Rock
|move|p1a: Blaziken|Overheat|p2a: Samurott
|-resisted|p2a: Samurott
|-crit|p2a: Samurott
|-damage|p2a: Samurott|26/100 brn
|-unboost|p1a: Blaziken|spa|2
|
|-weather|none
|-damage|p2a: Samurott|20/100 brn|[from] brn
|-ability|p1a: Blaziken|Speed Boost|boost
|-boost|p1a: Blaziken|spe|1
|upkeep
|turn|9
|
|t:|1779858229
|move|p1a: Blaziken|Upper Hand||[still]
|-fail|p1a: Blaziken
|move|p2a: Samurott|Flip Turn|p1a: Blaziken
|-supereffective|p1a: Blaziken
|-damage|p1a: Blaziken|37/100
|
|t:|1779858248
|switch|p2a: Kyurem|Kyurem|100/100|[from] Flip Turn
|-damage|p2a: Kyurem|76/100|[from] Stealth Rock
|-ability|p2a: Kyurem|Pressure
|
|-ability|p1a: Blaziken|Speed Boost|boost
|-boost|p1a: Blaziken|spe|1
|upkeep
|turn|10
|
|t:|1779858254
|move|p1a: Blaziken|Close Combat|p2a: Kyurem
|-supereffective|p2a: Kyurem
|-crit|p2a: Kyurem
|-damage|p2a: Kyurem|0 fnt
|-unboost|p1a: Blaziken|def|1
|-unboost|p1a: Blaziken|spd|1
|faint|p2a: Kyurem
|
|-ability|p1a: Blaziken|Speed Boost|boost
|-boost|p1a: Blaziken|spe|1
|upkeep
|
|t:|1779858274
|switch|p2a: Rillaboom|Rillaboom, M|100/100
|-damage|p2a: Rillaboom|88/100|[from] Stealth Rock
|-fieldstart|move: Grassy Terrain|[from] ability: Grassy Surge|[of] p2a: Rillaboom
|turn|11
|
|t:|1779858278
|move|p2a: Rillaboom|Grassy Glide|p1a: Blaziken
|-resisted|p1a: Blaziken
|-damage|p1a: Blaziken|0 fnt
|faint|p1a: Blaziken
|
|-heal|p2a: Rillaboom|94/100|[from] Grassy Terrain
|upkeep
|
|t:|1779858286
|switch|p1a: Venusaur|Venusaur, M|100/100
|turn|12
|
|t:|1779858301
|switch|p1a: Ninetales|Ninetales, M|78/100
|-weather|SunnyDay|[from] ability: Drought|[of] p1a: Ninetales
|switch|p2a: Samurott|Samurott-Hisui, M|20/100 brn
|-damage|p2a: Samurott|7/100 brn|[from] Stealth Rock
|
|-weather|SunnyDay|[upkeep]
|-heal|p1a: Ninetales|84/100|[from] Grassy Terrain
|-heal|p2a: Samurott|13/100 brn|[from] Grassy Terrain
|-damage|p2a: Samurott|7/100 brn|[from] brn
|upkeep
|turn|13
|
|t:|1779858311
|move|p1a: Ninetales|Flamethrower|p2a: Samurott
|-resisted|p2a: Samurott
|-damage|p2a: Samurott|0 fnt
|faint|p2a: Samurott
|
|-weather|SunnyDay|[upkeep]
|-heal|p1a: Ninetales|90/100|[from] Grassy Terrain
|upkeep
|
|t:|1779858326
|switch|p2a: Landorus|Landorus-Therian, M|88/100
|-damage|p2a: Landorus|76/100|[from] Stealth Rock
|-ability|p2a: Landorus|Intimidate|boost
|-unboost|p1a: Ninetales|atk|1
|turn|14
|
|t:|1779858344
|switch|p1a: Hatterene|Hatterene, F|69/100
|move|p2a: Landorus|U-turn|p1a: Hatterene
|-damage|p1a: Hatterene|50/100
|j| Nejuuu
|inactive|gatorskk has 90 seconds left.
|l| Nejuuu
|inactive|gatorskk has 60 seconds left.
|j| Nejuuu
|l| Nejuuu
|inactive|gatorskk has 30 seconds left.
|
|t:|1779858416
|switch|p2a: Gholdengo|Gholdengo, tera:Steel|100/100|[from] U-turn
|-damage|p2a: Gholdengo|94/100|[from] Stealth Rock
|
|-weather|SunnyDay|[upkeep]
|-heal|p2a: Gholdengo|100/100|[from] Grassy Terrain
|-heal|p1a: Hatterene|56/100|[from] Grassy Terrain
|upkeep
|turn|15
|
|t:|1779858426
|move|p2a: Gholdengo|Shadow Ball|p1a: Hatterene
|-supereffective|p1a: Hatterene
|-damage|p1a: Hatterene|0 fnt
|faint|p1a: Hatterene
|
|-weather|SunnyDay|[upkeep]
|-fieldend|move: Grassy Terrain
|upkeep
|
|t:|1779858435
|switch|p1a: Walking Wake|Walking Wake|100/100
|-activate|p1a: Walking Wake|ability: Protosynthesis
|-start|p1a: Walking Wake|protosynthesisspe
|turn|16
|
|t:|1779858453
|move|p1a: Walking Wake|Flamethrower|p2a: Gholdengo
|-supereffective|p2a: Gholdengo
|-damage|p2a: Gholdengo|0 fnt
|faint|p2a: Gholdengo
|
|-weather|none
|-end|p1a: Walking Wake|Protosynthesis
|upkeep
|
|t:|1779858457
|switch|p2a: Landorus|Landorus-Therian, M|76/100
|-damage|p2a: Landorus|63/100|[from] Stealth Rock
|-ability|p2a: Landorus|Intimidate|boost
|-unboost|p1a: Walking Wake|atk|1
|turn|17
|
|t:|1779858463
|-end|p1a: Walking Wake|Protosynthesis|[silent]
|switch|p1a: Ninetales|Ninetales, M|90/100
|-weather|SunnyDay|[from] ability: Drought|[of] p1a: Ninetales
|move|p2a: Landorus|Earth Power|p1a: Ninetales
|-supereffective|p1a: Ninetales
|-damage|p1a: Ninetales|23/100
|
|-weather|SunnyDay|[upkeep]
|upkeep
|turn|18
|
|t:|1779858488
|switch|p1a: Walking Wake|Walking Wake|100/100
|-activate|p1a: Walking Wake|ability: Protosynthesis
|-start|p1a: Walking Wake|protosynthesisspe
|move|p2a: Landorus|Earth Power|p1a: Walking Wake
|-damage|p1a: Walking Wake|62/100
|
|-weather|SunnyDay|[upkeep]
|upkeep
|turn|19
|
|t:|1779858499
|move|p1a: Walking Wake|Flamethrower|p2a: Landorus
|-damage|p2a: Landorus|0 fnt
|faint|p2a: Landorus
|
|-weather|SunnyDay|[upkeep]
|upkeep
|
|t:|1779858503
|switch|p2a: Rillaboom|Rillaboom, M|94/100
|-damage|p2a: Rillaboom|82/100|[from] Stealth Rock
|-fieldstart|move: Grassy Terrain|[from] ability: Grassy Surge|[of] p2a: Rillaboom
|turn|20
|
|t:|1779858509
|move|p2a: Rillaboom|Grassy Glide|p1a: Walking Wake
|-damage|p1a: Walking Wake|16/100
|move|p1a: Walking Wake|Flamethrower|p2a: Rillaboom
|-supereffective|p2a: Rillaboom
|-damage|p2a: Rillaboom|0 fnt
|faint|p2a: Rillaboom
|
|-weather|SunnyDay|[upkeep]
|-heal|p1a: Walking Wake|23/100|[from] Grassy Terrain
|upkeep
|
|t:|1779858512
|switch|p2a: Hawlucha|Hawlucha, F|100/100
|-damage|p2a: Hawlucha|88/100|[from] Stealth Rock
|-enditem|p2a: Hawlucha|Grassy Seed
|-boost|p2a: Hawlucha|def|1|[from] item: Grassy Seed
|turn|21
|
|t:|1779858518
|move|p2a: Hawlucha|Swords Dance|p2a: Hawlucha
|-boost|p2a: Hawlucha|atk|2
|move|p1a: Walking Wake|Flamethrower|p2a: Hawlucha
|-damage|p2a: Hawlucha|0 fnt
|faint|p2a: Hawlucha
|
|win|typhoon9
|raw|typhoon9's rating: 1488 &rarr; <strong>1510</strong><br />(+22 for winning)
|raw|gatorskk's rating: 1517 &rarr; <strong>1495</strong><br />(-22 for losing)
|l|‽gatorskk
|player|p2|
|l|☆typhoon9
|player|p1|
