|j|☆Swolecandy
|j|‽NeoNaruto
|t:|1779906091
|gametype|singles
|player|p1|Swolecandy|1|1513
|player|p2|NeoNaruto|1|1545
|gen|9
|tier|[Gen 9] OU
|rated|
|rule|HP Percentage Mod: HP is shown in percentages
|rule|Endless Battle Clause: Forcing endless battles is banned
|rule|Species Clause: Limit one of each Pokémon
|rule|OHKO Clause: OHKO moves are banned
|rule|Evasion Items Clause: Evasion items are banned
|rule|Evasion Moves Clause: Evasion moves are banned
|rule|Evasion Abilities Clause: Evasion abilities are banned
|rule|Sleep Moves Clause: Sleep-inducing moves are banned
|clearpoke
|poke|p1|Iron Moth|
|poke|p1|Gliscor, F|
|poke|p1|Hatterene, F|
|poke|p1|Ogerpon-Wellspring, F|
|poke|p1|Raging Bolt|
|poke|p1|Zamazenta-*|
|poke|p2|Tyranitar, F|
|poke|p2|Kyurem|
|poke|p2|Staraptor, M|
|poke|p2|Garchomp, M|
|poke|p2|Torkoal, M|
|poke|p2|Dragonite, M|
|teampreview
|inactive|Battle timer is ON: inactive players will automatically lose when time's up. (requested by NeoNaruto)
|
|t:|1779906096
|teamsize|p1|6
|teamsize|p2|6
|start
|switch|p1a: Zamazenta|Zamazenta|100/100
|switch|p2a: Staraptor|Staraptor, M|100/100
|-ability|p1a: Zamazenta|Dauntless Shield|boost
|-boost|p1a: Zamazenta|def|1
|turn|1
|
|t:|1779906100
|move|p1a: Zamazenta|Reflect|p1a: Zamazenta
|-sidestart|p1: Swolecandy|Reflect
|move|p2a: Staraptor|Brave Bird|p1a: Zamazenta
|-supereffective|p1a: Zamazenta
|-damage|p1a: Zamazenta|42/100
|-damage|p2a: Staraptor|77/100|[from] Recoil
|
|upkeep
|turn|2
|l|‽NeoNaruto
|inactive|NeoNaruto disconnected and has a minute to reconnect!
|player|p2|
|j|‽NeoNaruto
|inactive|NeoNaruto reconnected and has 135 seconds left.
|player|p2|NeoNaruto|1|
|n|‽NeoNaruto|neonaruto
|
|t:|1779906122
|move|p1a: Zamazenta|Ice Fang|p2a: Staraptor|[miss]
|-miss|p1a: Zamazenta|p2a: Staraptor
|move|p2a: Staraptor|Brave Bird|p1a: Zamazenta
|-supereffective|p1a: Zamazenta
|-damage|p1a: Zamazenta|0 fnt
|faint|p1a: Zamazenta
|-damage|p2a: Staraptor|60/100|[from] Recoil
|
|upkeep
|
|t:|1779906131
|switch|p1a: Iron Moth|Iron Moth|100/100
|-enditem|p1a: Iron Moth|Booster Energy
|-activate|p1a: Iron Moth|ability: Quark Drive|[fromitem]
|-start|p1a: Iron Moth|quarkdrivespe
|turn|3
|
|t:|1779906133
|switch|p2a: Tyranitar|Tyranitar, F, shiny|100/100
|-weather|Sandstorm|[from] ability: Sand Stream|[of] p2a: Tyranitar
|move|p1a: Iron Moth|Fiery Dance|p2a: Tyranitar
|-resisted|p2a: Tyranitar
|-damage|p2a: Tyranitar|95/100
|-boost|p1a: Iron Moth|spa|1
|
|-weather|Sandstorm|[upkeep]
|-damage|p1a: Iron Moth|94/100|[from] Sandstorm
|upkeep
|turn|4
|
|t:|1779906139
|-terastallize|p1a: Iron Moth|Ghost
|move|p2a: Tyranitar|Earthquake|p1a: Iron Moth
|-damage|p1a: Iron Moth|71/100
|move|p1a: Iron Moth|Whirlwind|p2a: Tyranitar
|drag|p2a: Kyurem|Kyurem, shiny|100/100
|-ability|p2a: Kyurem|Pressure
|
|-weather|Sandstorm|[upkeep]
|-damage|p1a: Iron Moth|65/100|[from] Sandstorm
|-damage|p2a: Kyurem|94/100|[from] Sandstorm
|upkeep
|turn|5
|
|t:|1779906145
|switch|p2a: Tyranitar|Tyranitar, F, shiny|95/100
|move|p1a: Iron Moth|Fiery Dance|p2a: Tyranitar
|-resisted|p2a: Tyranitar
|-damage|p2a: Tyranitar|87/100
|-boost|p1a: Iron Moth|spa|1
|
|-weather|Sandstorm|[upkeep]
|-damage|p1a: Iron Moth|59/100|[from] Sandstorm
|upkeep
|turn|6
|
|t:|1779906159
|-end|p1a: Iron Moth|Quark Drive|[silent]
|switch|p1a: Ogerpon|Ogerpon-Wellspring, F|100/100
|move|p2a: Tyranitar|Dragon Tail|p1a: Ogerpon
|-damage|p1a: Ogerpon|89/100
|drag|p1a: Gliscor|Gliscor, F|100/100
|
|-weather|Sandstorm|[upkeep]
|-status|p1a: Gliscor|tox|[from] item: Toxic Orb
|upkeep
|turn|7
|
|t:|1779906168
|switch|p2a: Kyurem|Kyurem, shiny|94/100
|-ability|p2a: Kyurem|Pressure
|move|p1a: Gliscor|Swords Dance|p1a: Gliscor
|-boost|p1a: Gliscor|atk|2
|
|-weather|none
|upkeep
|turn|8
|
|t:|1779906178
|switch|p1a: Iron Moth|Iron Moth, tera:Ghost|59/100
|move|p2a: Kyurem|Ice Beam|p1a: Iron Moth
|-damage|p1a: Iron Moth|0 fnt
|faint|p1a: Iron Moth
|-end|p1a: Iron Moth|Quark Drive|[silent]
|
|-sideend|p1: Swolecandy|Reflect
|upkeep
|
|t:|1779906184
|switch|p1a: Hatterene|Hatterene, F|100/100
|turn|9
|
|t:|1779906191
|switch|p2a: Tyranitar|Tyranitar, F, shiny|87/100
|-weather|Sandstorm|[from] ability: Sand Stream|[of] p2a: Tyranitar
|move|p1a: Hatterene|Calm Mind|p1a: Hatterene
|-boost|p1a: Hatterene|spa|1
|-boost|p1a: Hatterene|spd|1
|
|-weather|Sandstorm|[upkeep]
|-damage|p1a: Hatterene|95/100|[from] Sandstorm
|-heal|p1a: Hatterene|100/100|[from] item: Leftovers
|upkeep
|turn|10
|
|t:|1779906196
|move|p2a: Tyranitar|Knock Off|p1a: Hatterene
|-damage|p1a: Hatterene|66/100
|-enditem|p1a: Hatterene|Leftovers|[from] move: Knock Off|[of] p2a: Tyranitar
|move|p1a: Hatterene|Calm Mind|p1a: Hatterene
|-boost|p1a: Hatterene|spa|1
|-boost|p1a: Hatterene|spd|1
|
|-weather|Sandstorm|[upkeep]
|-damage|p1a: Hatterene|60/100|[from] Sandstorm
|upkeep
|turn|11
|
|t:|1779906199
|move|p2a: Tyranitar|Heavy Slam|p1a: Hatterene
|-supereffective|p1a: Hatterene
|-damage|p1a: Hatterene|5/100
|move|p1a: Hatterene|Draining Kiss|p2a: Tyranitar
|-supereffective|p2a: Tyranitar
|-damage|p2a: Tyranitar|64/100
|-heal|p1a: Hatterene|26/100|[from] drain|[of] p2a: Tyranitar
|
|-weather|Sandstorm|[upkeep]
|-damage|p1a: Hatterene|20/100|[from] Sandstorm
|upkeep
|turn|12
|
|t:|1779906206
|switch|p1a: Gliscor|Gliscor, F|100/100 tox
|move|p2a: Tyranitar|Knock Off|p1a: Gliscor
|-crit|p1a: Gliscor
|-damage|p1a: Gliscor|42/100 tox
|-enditem|p1a: Gliscor|Toxic Orb|[from] move: Knock Off|[of] p2a: Tyranitar
|
|-weather|Sandstorm|[upkeep]
|-heal|p1a: Gliscor|54/100 tox|[from] ability: Poison Heal
|upkeep
|turn|13
|
|t:|1779906212
|switch|p2a: Kyurem|Kyurem, shiny|94/100
|-ability|p2a: Kyurem|Pressure
|move|p1a: Gliscor|Earthquake|p2a: Kyurem
|-crit|p2a: Kyurem
|-damage|p2a: Kyurem|35/100
|
|-weather|none
|-heal|p1a: Gliscor|67/100 tox|[from] ability: Poison Heal
|upkeep
|turn|14
|
|t:|1779906220
|switch|p1a: Hatterene|Hatterene, F|20/100
|move|p2a: Kyurem|Ice Beam|p1a: Hatterene
|-damage|p1a: Hatterene|0 fnt
|faint|p1a: Hatterene
|
|upkeep
|
|t:|1779906233
|switch|p1a: Raging Bolt|Raging Bolt|100/100
|-enditem|p1a: Raging Bolt|Booster Energy
|-activate|p1a: Raging Bolt|ability: Protosynthesis|[fromitem]
|-start|p1a: Raging Bolt|protosynthesisspa
|turn|15
|
|t:|1779906241
|move|p2a: Kyurem|Ice Beam|p1a: Raging Bolt
|-supereffective|p1a: Raging Bolt
|-damage|p1a: Raging Bolt|0 fnt
|faint|p1a: Raging Bolt
|-end|p1a: Raging Bolt|Protosynthesis|[silent]
|
|upkeep
|
|t:|1779906244
|switch|p1a: Ogerpon|Ogerpon-Wellspring, F|89/100
|turn|16
|
|t:|1779906246
|switch|p2a: Torkoal|Torkoal, M, shiny|100/100
|-weather|SunnyDay|[from] ability: Drought|[of] p2a: Torkoal
|move|p1a: Ogerpon|Ivy Cudgel|p2a: Torkoal|[anim] Ivy Cudgel Water
|-supereffective|p2a: Torkoal
|-damage|p2a: Torkoal|66/100
|
|-weather|SunnyDay|[upkeep]
|upkeep
|turn|17
|
|t:|1779906252
|move|p1a: Ogerpon|Trailblaze|p2a: Torkoal
|-resisted|p2a: Torkoal
|-damage|p2a: Torkoal|57/100
|-boost|p1a: Ogerpon|spe|1
|move|p2a: Torkoal|Will-O-Wisp|p1a: Ogerpon|[miss]
|-miss|p2a: Torkoal|p1a: Ogerpon
|
|-weather|SunnyDay|[upkeep]
|upkeep
|turn|18
|
|t:|1779906259
|move|p1a: Ogerpon|Swords Dance|p1a: Ogerpon
|-boost|p1a: Ogerpon|atk|2
|move|p2a: Torkoal|Will-O-Wisp|p1a: Ogerpon
|-status|p1a: Ogerpon|brn
|
|-weather|SunnyDay|[upkeep]
|-damage|p1a: Ogerpon|83/100 brn|[from] brn
|upkeep
|turn|19
|
|t:|1779906263
|move|p1a: Ogerpon|Swords Dance|p1a: Ogerpon
|-boost|p1a: Ogerpon|atk|2
|move|p2a: Torkoal|Clear Smog|p1a: Ogerpon
|-supereffective|p1a: Ogerpon
|-damage|p1a: Ogerpon|59/100 brn
|-clearboost|p1a: Ogerpon
|
|-weather|SunnyDay|[upkeep]
|-damage|p1a: Ogerpon|53/100 brn|[from] brn
|upkeep
|turn|20
|
|t:|1779906265
|move|p1a: Ogerpon|Swords Dance|p1a: Ogerpon
|-boost|p1a: Ogerpon|atk|2
|move|p2a: Torkoal|Lava Plume|p1a: Ogerpon
|-damage|p1a: Ogerpon|7/100 brn
|
|-weather|none
|-damage|p1a: Ogerpon|1/100 brn|[from] brn
|upkeep
|turn|21
|
|t:|1779906272
|switch|p2a: Staraptor|Staraptor, M|60/100
|move|p1a: Ogerpon|Ivy Cudgel|p2a: Staraptor|[anim] Ivy Cudgel Water
|-damage|p2a: Staraptor|0 fnt
|faint|p2a: Staraptor
|
|-damage|p1a: Ogerpon|0 fnt|[from] brn
|faint|p1a: Ogerpon
|upkeep
|
|t:|1779906275
|switch|p1a: Gliscor|Gliscor, F|67/100 tox
|switch|p2a: Kyurem|Kyurem, shiny|35/100
|-ability|p2a: Kyurem|Pressure
|turn|22
|
|t:|1779906279
|move|p2a: Kyurem|Ice Beam|p1a: Gliscor
|-supereffective|p1a: Gliscor
|-damage|p1a: Gliscor|0 fnt
|faint|p1a: Gliscor
|
|win|NeoNaruto
|raw|Swolecandy's rating: 1513 &rarr; <strong>1495</strong><br />(-18 for losing)
|raw|NeoNaruto's rating: 1545 &rarr; <strong>1563</strong><br />(+18 for winning)
|l|☆Swolecandy
|player|p1|
|l|‽NeoNaruto
|player|p2|
