|j|☆1st grade lad lj
|j|☆raptors in 6
|t:|1779858292
|gametype|singles
|player|p1|1st grade lad lj|policeman-gen4|1299
|player|p2|raptors in 6|265|1296
|gen|9
|tier|[Gen 9] OU
|rated|
|rule|HP Percentage Mod: HP is shown in percentages
|rule|Endless Battle Clause: Forcing endless battles is banned
|rule|Species Clause: Limit one of each Pokémon
|rule|OHKO Clause: OHKO moves are banned
|rule|Evasion Items Clause: Evasion items are banned
|rule|Evasion Moves Clause: Evasion moves are banned
|rule|Evasion Abilities Clause: Evasion abilities are banned
|rule|Sleep Moves Clause: Sleep-inducing moves are banned
|clearpoke
|poke|p1|Kyurem|
|poke|p1|Iron Treads|
|poke|p1|Samurott-Hisui, F|
|poke|p1|Zamazenta-*|
|poke|p1|Sinistcha|
|poke|p1|Tornadus-Therian, M|
|poke|p2|Walking Wake|
|poke|p2|Cinderace, M|
|poke|p2|Wo-Chien|
|poke|p2|Slither Wing|
|poke|p2|Torkoal, M|
|poke|p2|Hatterene, F|
|teampreview
|
|t:|1779858302
|teamsize|p1|6
|teamsize|p2|6
|start
|switch|p1a: Samurott|Samurott-Hisui, F|100/100
|switch|p2a: Hatterene|Hatterene, F|100/100
|-item|p2a: Hatterene|Air Balloon
|turn|1
|
|t:|1779858309
|move|p1a: Samurott|Knock Off|p2a: Hatterene
|-damage|p2a: Hatterene|62/100
|-enditem|p2a: Hatterene|Air Balloon
|move|p2a: Hatterene|Nuzzle|p1a: Samurott
|-supereffective|p1a: Samurott
|-damage|p1a: Samurott|92/100
|-status|p1a: Samurott|par
|
|upkeep
|turn|2
|
|t:|1779858315
|cant|p1a: Samurott|par
|move|p2a: Hatterene|Dazzling Gleam|p1a: Samurott
|-supereffective|p1a: Samurott
|-damage|p1a: Samurott|0 fnt
|faint|p1a: Samurott
|
|upkeep
|
|t:|1779858319
|switch|p1a: Iron Treads|Iron Treads|100/100
|turn|3
|
|t:|1779858329
|switch|p2a: Torkoal|Torkoal, M|100/100
|-weather|SunnyDay|[from] ability: Drought|[of] p2a: Torkoal
|move|p1a: Iron Treads|Heavy Slam|p2a: Torkoal
|-resisted|p2a: Torkoal
|-damage|p2a: Torkoal|93/100
|
|-weather|SunnyDay|[upkeep]
|upkeep
|turn|4
|
|t:|1779858336
|move|p1a: Iron Treads|Earthquake|p2a: Torkoal
|-supereffective|p2a: Torkoal
|-damage|p2a: Torkoal|31/100
|move|p2a: Torkoal|Overheat|p1a: Iron Treads
|-supereffective|p1a: Iron Treads
|-damage|p1a: Iron Treads|7/100
|-unboost|p2a: Torkoal|spa|2
|
|-weather|SunnyDay|[upkeep]
|-heal|p1a: Iron Treads|13/100|[from] item: Leftovers
|upkeep
|turn|5
|
|t:|1779858344
|switch|p2a: Slither Wing|Slither Wing|100/100
|-activate|p2a: Slither Wing|ability: Protosynthesis
|-start|p2a: Slither Wing|protosynthesisatk
|move|p1a: Iron Treads|Earthquake|p2a: Slither Wing
|-resisted|p2a: Slither Wing
|-damage|p2a: Slither Wing|75/100
|
|-weather|SunnyDay|[upkeep]
|-heal|p1a: Iron Treads|19/100|[from] item: Leftovers
|upkeep
|turn|6
|
|t:|1779858353
|move|p2a: Slither Wing|U-turn|p1a: Iron Treads
|-resisted|p1a: Iron Treads
|-damage|p1a: Iron Treads|0 fnt
|faint|p1a: Iron Treads
|-end|p1a: Iron Treads|Quark Drive|[silent]
|
|t:|1779858365
|-end|p2a: Slither Wing|Protosynthesis|[silent]
|switch|p2a: Cinderace|Cinderace, M|100/100|[from] U-turn
|-item|p2a: Cinderace|Air Balloon
|
|-weather|SunnyDay|[upkeep]
|upkeep
|
|t:|1779858371
|switch|p1a: Zamazenta|Zamazenta|100/100
|-ability|p1a: Zamazenta|Dauntless Shield|boost
|-boost|p1a: Zamazenta|def|1
|turn|7
|
|t:|1779858375
|move|p1a: Zamazenta|Iron Defense|p1a: Zamazenta
|-boost|p1a: Zamazenta|def|2
|move|p2a: Cinderace|Pyro Ball|p1a: Zamazenta
|-damage|p1a: Zamazenta|75/100
|
|-weather|SunnyDay|[upkeep]
|-heal|p1a: Zamazenta|82/100|[from] item: Leftovers
|upkeep
|turn|8
|
|t:|1779858379
|switch|p2a: Hatterene|Hatterene, F|62/100
|move|p1a: Zamazenta|Body Press|p2a: Hatterene
|-resisted|p2a: Hatterene
|-damage|p2a: Hatterene|43/100
|
|-weather|SunnyDay|[upkeep]
|-heal|p1a: Zamazenta|88/100|[from] item: Leftovers
|upkeep
|turn|9
|
|t:|1779858382
|move|p1a: Zamazenta|Heavy Slam|p2a: Hatterene
|-supereffective|p2a: Hatterene
|-damage|p2a: Hatterene|0 fnt
|faint|p2a: Hatterene
|
|-weather|SunnyDay|[upkeep]
|-heal|p1a: Zamazenta|94/100|[from] item: Leftovers
|upkeep
|
|t:|1779858384
|switch|p2a: Walking Wake|Walking Wake|100/100
|-activate|p2a: Walking Wake|ability: Protosynthesis
|-start|p2a: Walking Wake|protosynthesisspe
|turn|10
|
|t:|1779858392
|-terastallize|p2a: Walking Wake|Water
|move|p2a: Walking Wake|Hydro Steam|p1a: Zamazenta
|-crit|p1a: Zamazenta
|-damage|p1a: Zamazenta|0 fnt
|faint|p1a: Zamazenta
|
|-weather|none
|-end|p2a: Walking Wake|Protosynthesis
|upkeep
|
|t:|1779858399
|switch|p1a: Sinistcha|Sinistcha|100/100
|turn|11
|
|t:|1779858405
|-end|p2a: Walking Wake|Protosynthesis|[silent]
|switch|p2a: wochieniunely|Wo-Chien|100/100
|-ability|p2a: wochieniunely|Tablets of Ruin
|move|p1a: Sinistcha|Nasty Plot|p1a: Sinistcha
|-boost|p1a: Sinistcha|spa|2
|
|upkeep
|turn|12
|
|t:|1779858418
|move|p2a: wochieniunely|Knock Off|p1a: Sinistcha
|-supereffective|p1a: Sinistcha
|-damage|p1a: Sinistcha|42/100
|-damage|p2a: wochieniunely|84/100|[from] item: Rocky Helmet|[of] p1a: Sinistcha
|-enditem|p1a: Sinistcha|Rocky Helmet|[from] move: Knock Off|[of] p2a: wochieniunely
|-damage|p2a: wochieniunely|74/100|[from] item: Life Orb
|move|p1a: Sinistcha|Nasty Plot|p1a: Sinistcha
|-boost|p1a: Sinistcha|spa|2
|
|upkeep
|turn|13
|
|t:|1779858425
|move|p2a: wochieniunely|Knock Off|p1a: Sinistcha
|-supereffective|p1a: Sinistcha
|-damage|p1a: Sinistcha|0 fnt
|faint|p1a: Sinistcha
|-damage|p2a: wochieniunely|64/100|[from] item: Life Orb
|
|upkeep
|-message|1st grade lad lj forfeited.
|
|win|raptors in 6
|raw|1st grade lad lj's rating: 1299 &rarr; <strong>1274</strong><br />(-25 for losing)
|raw|raptors in 6's rating: 1296 &rarr; <strong>1321</strong><br />(+25 for winning)
|l|☆1st grade lad lj
|player|p1|
|l|☆raptors in 6
|player|p2|
