|j|☆Lennox Dainsleif
|j|☆claudechamp
|t:|1779888500
|gametype|singles
|player|p1|Lennox Dainsleif|brycenman|1139
|player|p2|claudechamp|169|1190
|gen|9
|tier|[Gen 9] OU
|rated|
|rule|HP Percentage Mod: HP is shown in percentages
|rule|Endless Battle Clause: Forcing endless battles is banned
|rule|Species Clause: Limit one of each Pokémon
|rule|OHKO Clause: OHKO moves are banned
|rule|Evasion Items Clause: Evasion items are banned
|rule|Evasion Moves Clause: Evasion moves are banned
|rule|Evasion Abilities Clause: Evasion abilities are banned
|rule|Sleep Moves Clause: Sleep-inducing moves are banned
|clearpoke
|poke|p1|Ceruledge, M|
|poke|p1|Dondozo, M|
|poke|p1|Deoxys-Speed|
|poke|p1|Raging Bolt|
|poke|p1|Kingambit, M|
|poke|p1|Great Tusk|
|poke|p2|Gliscor, M|
|poke|p2|Gholdengo|
|poke|p2|Zamazenta-*|
|poke|p2|Blissey, F|
|poke|p2|Skarmory, F|
|poke|p2|Pecharunt|
|teampreview
|c|☆claudechamp|hf
|
|t:|1779888505
|teamsize|p1|6
|teamsize|p2|6
|start
|switch|p1a: Great Tusk|Great Tusk|100/100
|switch|p2a: Skarmory|Skarmory, F|100/100
|-enditem|p1a: Great Tusk|Booster Energy
|-activate|p1a: Great Tusk|ability: Protosynthesis|[fromitem]
|-start|p1a: Great Tusk|protosynthesisatk
|turn|1
|inactive|Battle timer is ON: inactive players will automatically lose when time's up. (requested by claudechamp)
|
|t:|1779888516
|move|p1a: Great Tusk|Stealth Rock|p2a: Skarmory
|-sidestart|p2: claudechamp|move: Stealth Rock
|move|p2a: Skarmory|Spikes|p1a: Great Tusk
|-sidestart|p1: Lennox Dainsleif|Spikes
|
|upkeep
|turn|2
|
|t:|1779888520
|move|p1a: Great Tusk|Rapid Spin|p2a: Skarmory
|-resisted|p2a: Skarmory
|-crit|p2a: Skarmory
|-damage|p2a: Skarmory|90/100
|-boost|p1a: Great Tusk|spe|1
|-sideend|p1: Lennox Dainsleif|Spikes|[from] move: Rapid Spin|[of] p1a: Great Tusk
|move|p2a: Skarmory|Spikes|p1a: Great Tusk
|-sidestart|p1: Lennox Dainsleif|Spikes
|
|upkeep
|turn|3
|
|t:|1779888527
|move|p1a: Great Tusk|Rapid Spin|p2a: Skarmory
|-resisted|p2a: Skarmory
|-damage|p2a: Skarmory|83/100
|-boost|p1a: Great Tusk|spe|1
|-sideend|p1: Lennox Dainsleif|Spikes|[from] move: Rapid Spin|[of] p1a: Great Tusk
|move|p2a: Skarmory|Whirlwind|p1a: Great Tusk
|-end|p1a: Great Tusk|Protosynthesis|[silent]
|drag|p1a: Last Line|Kingambit, M|100/100
|
|upkeep
|turn|4
|
|t:|1779888541
|-end|p1a: Last Line|fallenundefined|[silent]
|switch|p1a: Glass Cannon|Ceruledge, M, shiny|100/100
|move|p2a: Skarmory|Spikes|p1a: Glass Cannon
|-sidestart|p1: Lennox Dainsleif|Spikes
|
|upkeep
|turn|5
|
|t:|1779888545
|move|p1a: Glass Cannon|Bitter Blade|p2a: Skarmory
|-supereffective|p2a: Skarmory
|-damage|p2a: Skarmory|29/100
|move|p2a: Skarmory|Spikes|p1a: Glass Cannon
|-sidestart|p1: Lennox Dainsleif|Spikes
|
|upkeep
|turn|6
|
|t:|1779888550
|switch|p2a: Pecharunt|Pecharunt|100/100
|move|p1a: Glass Cannon|Bitter Blade|p2a: Pecharunt
|-damage|p2a: Pecharunt|79/100
|
|upkeep
|turn|7
|
|t:|1779888559
|move|p1a: Glass Cannon|Swords Dance|p1a: Glass Cannon
|-boost|p1a: Glass Cannon|atk|2
|move|p2a: Pecharunt|Toxic|p1a: Glass Cannon
|-status|p1a: Glass Cannon|tox
|-start|p1a: Glass Cannon|confusion|[from] ability: Poison Puppeteer|[of] p2a: Pecharunt
|
|-damage|p1a: Glass Cannon|94/100 tox|[from] psn
|upkeep
|turn|8
|
|t:|1779888568
|-activate|p1a: Glass Cannon|confusion
|move|p1a: Glass Cannon|Bitter Blade|p2a: Pecharunt
|-damage|p2a: Pecharunt|34/100
|-heal|p1a: Glass Cannon|100/100 tox|[from] drain|[of] p2a: Pecharunt
|move|p2a: Pecharunt|Shadow Ball|p1a: Glass Cannon
|-supereffective|p1a: Glass Cannon
|-damage|p1a: Glass Cannon|41/100 tox
|
|-damage|p1a: Glass Cannon|28/100 tox|[from] psn
|upkeep
|turn|9
|
|t:|1779888577
|switch|p2a: Gliscor|Gliscor, M|100/100
|-damage|p2a: Gliscor|88/100|[from] Stealth Rock
|-end|p1a: Glass Cannon|confusion
|move|p1a: Glass Cannon|Bitter Blade|p2a: Gliscor
|-damage|p2a: Gliscor|20/100
|-heal|p1a: Glass Cannon|69/100 tox|[from] drain|[of] p2a: Gliscor
|
|-damage|p1a: Glass Cannon|51/100 tox|[from] psn
|-status|p2a: Gliscor|tox|[from] item: Toxic Orb
|upkeep
|turn|10
|
|t:|1779888585
|switch|p2a: Zamazenta|Zamazenta|100/100
|-ability|p2a: Zamazenta|Dauntless Shield|boost
|-boost|p2a: Zamazenta|def|1
|move|p1a: Glass Cannon|Bitter Blade|p2a: Zamazenta
|-damage|p2a: Zamazenta|48/100
|-heal|p1a: Glass Cannon|80/100 tox|[from] drain|[of] p2a: Zamazenta
|
|-damage|p1a: Glass Cannon|55/100 tox|[from] psn
|upkeep
|turn|11
|
|t:|1779888595
|move|p2a: Zamazenta|Crunch|p1a: Glass Cannon
|-supereffective|p1a: Glass Cannon
|-damage|p1a: Glass Cannon|0 fnt
|faint|p1a: Glass Cannon
|
|upkeep
|
|t:|1779888603
|switch|p1a: Deoxys|Deoxys-Speed|100/100
|-damage|p1a: Deoxys|84/100|[from] Spikes
|-ability|p1a: Deoxys|Pressure
|turn|12
|
|t:|1779888607
|switch|p2a: Gholdengo|Gholdengo|100/100
|-damage|p2a: Gholdengo|94/100|[from] Stealth Rock
|move|p1a: Deoxys|Psycho Boost|p2a: Gholdengo
|-resisted|p2a: Gholdengo
|-damage|p2a: Gholdengo|72/100
|-unboost|p1a: Deoxys|spa|2
|
|-heal|p1a: Deoxys|90/100|[from] item: Leftovers
|upkeep
|turn|13
|
|t:|1779888623
|switch|p1a: Raging Bolt|Raging Bolt|100/100
|-damage|p1a: Raging Bolt|84/100|[from] Spikes
|-enditem|p1a: Raging Bolt|Booster Energy
|-activate|p1a: Raging Bolt|ability: Protosynthesis|[fromitem]
|-start|p1a: Raging Bolt|protosynthesisspa
|move|p2a: Gholdengo|Nasty Plot|p2a: Gholdengo
|-boost|p2a: Gholdengo|spa|2
|
|upkeep
|turn|14
|
|t:|1779888628
|move|p2a: Gholdengo|Recover|p2a: Gholdengo
|-heal|p2a: Gholdengo|100/100
|move|p1a: Raging Bolt|Crunch|p2a: Gholdengo
|-supereffective|p2a: Gholdengo
|-crit|p2a: Gholdengo
|-damage|p2a: Gholdengo|66/100
|
|upkeep
|turn|15
|
|t:|1779888637
|move|p2a: Gholdengo|Hex|p1a: Raging Bolt
|-damage|p1a: Raging Bolt|40/100
|move|p1a: Raging Bolt|Dragon Tail|p2a: Gholdengo
|-resisted|p2a: Gholdengo
|-damage|p2a: Gholdengo|59/100
|drag|p2a: Blissey|Blissey, F|100/100
|
|upkeep
|turn|16
|
|t:|1779888647
|move|p1a: Raging Bolt|Draco Meteor|p2a: Blissey
|-damage|p2a: Blissey|71/100
|-unboost|p1a: Raging Bolt|spa|2
|move|p2a: Blissey|Stealth Rock|p1a: Raging Bolt
|-sidestart|p1: Lennox Dainsleif|move: Stealth Rock
|
|upkeep
|turn|17
|
|t:|1779888656
|-end|p1a: Raging Bolt|Protosynthesis|[silent]
|switch|p1a: Great Tusk|Great Tusk|100/100
|-damage|p1a: Great Tusk|84/100|[from] Spikes
|-damage|p1a: Great Tusk|81/100|[from] Stealth Rock
|move|p2a: Blissey|Soft-Boiled|p2a: Blissey
|-heal|p2a: Blissey|100/100
|
|upkeep
|turn|18
|
|t:|1779888663
|switch|p2a: Gholdengo|Gholdengo|59/100
|-damage|p2a: Gholdengo|53/100|[from] Stealth Rock
|move|p1a: Great Tusk|Rapid Spin|p2a: Gholdengo
|-immune|p2a: Gholdengo
|
|upkeep
|turn|19
|
|t:|1779888673
|-end|p1a: Great Tusk|Protosynthesis|[silent]
|switch|p1a: Last Line|Kingambit, M|100/100
|-damage|p1a: Last Line|84/100|[from] Spikes
|-damage|p1a: Last Line|78/100|[from] Stealth Rock
|-activate|p1a: Last Line|ability: Supreme Overlord
|-start|p1a: Last Line|fallen1|[silent]
|-terastallize|p2a: Gholdengo|Fairy
|move|p2a: Gholdengo|Hex|p1a: Last Line
|-resisted|p1a: Last Line
|-damage|p1a: Last Line|59/100
|
|upkeep
|turn|20
|
|t:|1779888681
|move|p1a: Last Line|Iron Head|p2a: Gholdengo
|-supereffective|p2a: Gholdengo
|-damage|p2a: Gholdengo|0 fnt
|faint|p2a: Gholdengo
|
|upkeep
|
|t:|1779888685
|switch|p2a: Zamazenta|Zamazenta|48/100
|turn|21
|
|t:|1779888692
|move|p2a: Zamazenta|Close Combat|p1a: Last Line
|-supereffective|p1a: Last Line
|-damage|p1a: Last Line|0 fnt
|-unboost|p2a: Zamazenta|def|1
|-unboost|p2a: Zamazenta|spd|1
|faint|p1a: Last Line
|-end|p1a: Last Line|fallen1|[silent]
|
|upkeep
|
|t:|1779888697
|switch|p1a: Deoxys|Deoxys-Speed|90/100
|-damage|p1a: Deoxys|74/100|[from] Spikes
|-damage|p1a: Deoxys|61/100|[from] Stealth Rock
|-ability|p1a: Deoxys|Pressure
|turn|22
|
|t:|1779888702
|switch|p2a: Blissey|Blissey, F|100/100
|move|p1a: Deoxys|Psycho Boost|p2a: Blissey
|-damage|p2a: Blissey|86/100
|-unboost|p1a: Deoxys|spa|2
|
|-heal|p1a: Deoxys|67/100|[from] item: Leftovers
|upkeep
|turn|23
|
|t:|1779888710
|switch|p1a: Great Tusk|Great Tusk|81/100
|-damage|p1a: Great Tusk|65/100|[from] Spikes
|-damage|p1a: Great Tusk|62/100|[from] Stealth Rock
|move|p2a: Blissey|Shadow Ball|p1a: Great Tusk
|-damage|p1a: Great Tusk|40/100
|
|upkeep
|turn|24
|
|t:|1779888719
|switch|p2a: Pecharunt|Pecharunt|34/100
|move|p1a: Great Tusk|Rapid Spin|p2a: Pecharunt
|-immune|p2a: Pecharunt
|
|upkeep
|turn|25
|
|t:|1779888729
|move|p1a: Great Tusk|Headlong Rush|p2a: Pecharunt
|-supereffective|p2a: Pecharunt
|-damage|p2a: Pecharunt|0 fnt
|-unboost|p1a: Great Tusk|def|1
|-unboost|p1a: Great Tusk|spd|1
|faint|p2a: Pecharunt
|
|upkeep
|
|t:|1779888736
|switch|p2a: Zamazenta|Zamazenta|48/100
|turn|26
|
|t:|1779888742
|move|p2a: Zamazenta|Close Combat|p1a: Great Tusk
|-damage|p1a: Great Tusk|0 fnt
|-unboost|p2a: Zamazenta|def|1
|-unboost|p2a: Zamazenta|spd|1
|faint|p1a: Great Tusk
|-end|p1a: Great Tusk|Protosynthesis|[silent]
|
|upkeep
|
|t:|1779888749
|switch|p1a: Deoxys|Deoxys-Speed|67/100
|-damage|p1a: Deoxys|51/100|[from] Spikes
|-damage|p1a: Deoxys|38/100|[from] Stealth Rock
|-ability|p1a: Deoxys|Pressure
|turn|27
|
|t:|1779888757
|switch|p2a: Blissey|Blissey, F|86/100
|move|p1a: Deoxys|Psycho Boost|p2a: Blissey|[miss]
|-miss|p1a: Deoxys|p2a: Blissey
|
|-heal|p1a: Deoxys|44/100|[from] item: Leftovers
|upkeep
|turn|28
|
|t:|1779888766
|move|p1a: Deoxys|Drain Punch|p2a: Blissey
|-supereffective|p2a: Blissey
|-damage|p2a: Blissey|41/100
|-heal|p1a: Deoxys|100/100|[from] drain|[of] p2a: Blissey
|move|p2a: Blissey|Calm Mind|p2a: Blissey
|-boost|p2a: Blissey|spa|1
|-boost|p2a: Blissey|spd|1
|
|upkeep
|turn|29
|
|t:|1779888776
|switch|p2a: Zamazenta|Zamazenta|48/100
|move|p1a: Deoxys|Drain Punch|p2a: Zamazenta
|-damage|p2a: Zamazenta|28/100
|
|upkeep
|turn|30
|
|t:|1779888783
|move|p1a: Deoxys|Psycho Boost|p2a: Zamazenta
|-supereffective|p2a: Zamazenta
|-damage|p2a: Zamazenta|0 fnt
|-unboost|p1a: Deoxys|spa|2
|faint|p2a: Zamazenta
|
|upkeep
|
|t:|1779888791
|switch|p2a: Skarmory|Skarmory, F|29/100
|turn|31
|
|t:|1779888801
|move|p1a: Deoxys|Ice Punch|p2a: Skarmory
|-damage|p2a: Skarmory|17/100
|move|p2a: Skarmory|Roost|p2a: Skarmory
|-heal|p2a: Skarmory|67/100
|-singleturn|p2a: Skarmory|move: Roost
|
|upkeep
|turn|32
|
|t:|1779888811
|switch|p1a: Dondozo|Dondozo, M|100/100
|-damage|p1a: Dondozo|84/100|[from] Spikes
|-damage|p1a: Dondozo|72/100|[from] Stealth Rock
|move|p2a: Skarmory|Spikes|p1a: Dondozo
|-sidestart|p1: Lennox Dainsleif|Spikes
|
|upkeep
|turn|33
|
|t:|1779888817
|move|p1a: Dondozo|Rain Dance|p1a: Dondozo
|-weather|RainDance
|move|p2a: Skarmory|Whirlwind|p1a: Dondozo
|drag|p1a: Raging Bolt|Raging Bolt|40/100
|-damage|p1a: Raging Bolt|15/100|[from] Spikes
|-damage|p1a: Raging Bolt|2/100|[from] Stealth Rock
|
|-weather|RainDance|[upkeep]
|upkeep
|turn|34
|
|t:|1779888828
|move|p2a: Skarmory|Body Press|p1a: Raging Bolt
|-damage|p1a: Raging Bolt|0 fnt
|faint|p1a: Raging Bolt
|-end|p1a: Raging Bolt|Protosynthesis|[silent]
|
|-weather|RainDance|[upkeep]
|upkeep
|
|t:|1779888831
|switch|p1a: Dondozo|Dondozo, M|72/100
|-damage|p1a: Dondozo|47/100|[from] Spikes
|-damage|p1a: Dondozo|34/100|[from] Stealth Rock
|turn|35
|
|t:|1779888843
|-terastallize|p1a: Dondozo|Water
|move|p2a: Skarmory|Roost|p2a: Skarmory
|-heal|p2a: Skarmory|100/100
|-singleturn|p2a: Skarmory|move: Roost
|move|p1a: Dondozo|Aqua Tail|p2a: Skarmory
|-damage|p2a: Skarmory|31/100
|-damage|p1a: Dondozo|25/100|[from] item: Life Orb
|
|-weather|RainDance|[upkeep]
|upkeep
|turn|36
|
|t:|1779888856
|switch|p2a: Gliscor|Gliscor, M|20/100 tox
|-damage|p2a: Gliscor|8/100 tox|[from] Stealth Rock
|move|p1a: Dondozo|Aqua Tail|p2a: Gliscor
|-supereffective|p2a: Gliscor
|-damage|p2a: Gliscor|0 fnt
|faint|p2a: Gliscor
|-damage|p1a: Dondozo|15/100|[from] item: Life Orb
|
|-weather|RainDance|[upkeep]
|upkeep
|
|t:|1779888859
|switch|p2a: Skarmory|Skarmory, F|31/100
|turn|37
|
|t:|1779888872
|move|p2a: Skarmory|Roost|p2a: Skarmory
|-heal|p2a: Skarmory|81/100
|-singleturn|p2a: Skarmory|move: Roost
|move|p1a: Dondozo|Aqua Tail|p2a: Skarmory
|-damage|p2a: Skarmory|14/100
|-damage|p1a: Dondozo|5/100|[from] item: Life Orb
|
|-weather|none
|upkeep
|turn|38
|
|t:|1779888882
|move|p2a: Skarmory|Roost|p2a: Skarmory
|-heal|p2a: Skarmory|64/100
|-singleturn|p2a: Skarmory|move: Roost
|move|p1a: Dondozo|Aqua Tail|p2a: Skarmory
|-damage|p2a: Skarmory|15/100
|-damage|p1a: Dondozo|0 fnt|[from] item: Life Orb
|faint|p1a: Dondozo
|
|upkeep
|
|t:|1779888890
|switch|p1a: Deoxys|Deoxys-Speed|100/100
|-damage|p1a: Deoxys|76/100|[from] Spikes
|-damage|p1a: Deoxys|63/100|[from] Stealth Rock
|-ability|p1a: Deoxys|Pressure
|turn|39
|
|t:|1779888897
|move|p1a: Deoxys|Drain Punch|p2a: Skarmory
|-damage|p2a: Skarmory|1/100
|-heal|p1a: Deoxys|73/100|[from] drain|[of] p2a: Skarmory
|move|p2a: Skarmory|Roost|p2a: Skarmory
|-heal|p2a: Skarmory|51/100
|-singleturn|p2a: Skarmory|move: Roost
|
|-heal|p1a: Deoxys|79/100|[from] item: Leftovers
|upkeep
|turn|40
|
|t:|1779888907
|move|p1a: Deoxys|Drain Punch|p2a: Skarmory
|-damage|p2a: Skarmory|38/100
|-heal|p1a: Deoxys|88/100|[from] drain|[of] p2a: Skarmory
|move|p2a: Skarmory|Roost|p2a: Skarmory
|-heal|p2a: Skarmory|88/100
|-singleturn|p2a: Skarmory|move: Roost
|
|-heal|p1a: Deoxys|94/100|[from] item: Leftovers
|upkeep
|turn|41
|
|t:|1779888917
|move|p1a: Deoxys|Ice Punch|p2a: Skarmory
|-damage|p2a: Skarmory|74/100
|move|p2a: Skarmory|Body Press|p1a: Deoxys
|-resisted|p1a: Deoxys
|-damage|p1a: Deoxys|67/100
|
|-heal|p1a: Deoxys|74/100|[from] item: Leftovers
|upkeep
|turn|42
|
|t:|1779888927
|move|p1a: Deoxys|Ice Punch|p2a: Skarmory
|-damage|p2a: Skarmory|61/100
|move|p2a: Skarmory|Body Press|p1a: Deoxys
|-resisted|p1a: Deoxys
|-damage|p1a: Deoxys|45/100
|
|-heal|p1a: Deoxys|52/100|[from] item: Leftovers
|upkeep
|turn|43
|
|t:|1779888937
|move|p1a: Deoxys|Ice Punch|p2a: Skarmory
|-damage|p2a: Skarmory|48/100
|move|p2a: Skarmory|Body Press|p1a: Deoxys
|-resisted|p1a: Deoxys
|-damage|p1a: Deoxys|27/100
|
|-heal|p1a: Deoxys|34/100|[from] item: Leftovers
|upkeep
|turn|44
|
|t:|1779888947
|move|p1a: Deoxys|Ice Punch|p2a: Skarmory
|-damage|p2a: Skarmory|35/100
|move|p2a: Skarmory|Roost|p2a: Skarmory
|-heal|p2a: Skarmory|85/100
|-singleturn|p2a: Skarmory|move: Roost
|
|-heal|p1a: Deoxys|40/100|[from] item: Leftovers
|upkeep
|turn|45
|
|t:|1779888957
|move|p1a: Deoxys|Ice Punch|p2a: Skarmory
|-damage|p2a: Skarmory|71/100
|move|p2a: Skarmory|Body Press|p1a: Deoxys
|-resisted|p1a: Deoxys
|-damage|p1a: Deoxys|12/100
|
|-heal|p1a: Deoxys|18/100|[from] item: Leftovers
|upkeep
|turn|46
|
|t:|1779888967
|move|p1a: Deoxys|Drain Punch|p2a: Skarmory
|-damage|p2a: Skarmory|56/100
|-heal|p1a: Deoxys|28/100|[from] drain|[of] p2a: Skarmory
|move|p2a: Skarmory|Body Press|p1a: Deoxys
|-resisted|p1a: Deoxys
|-damage|p1a: Deoxys|3/100
|
|-heal|p1a: Deoxys|9/100|[from] item: Leftovers
|upkeep
|turn|47
|
|t:|1779888981
|move|p1a: Deoxys|Ice Punch|p2a: Skarmory
|-damage|p2a: Skarmory|44/100
|move|p2a: Skarmory|Body Press|p1a: Deoxys
|-resisted|p1a: Deoxys
|-damage|p1a: Deoxys|0 fnt
|faint|p1a: Deoxys
|
|win|claudechamp
|raw|Lennox Dainsleif's rating: 1139 &rarr; <strong>1119</strong><br />(-20 for losing)
|raw|claudechamp's rating: 1212 &rarr; <strong>1232</strong><br />(+20 for winning)
|c|☆claudechamp|gg
|c|☆Lennox Dainsleif|Gg
|c|☆Lennox Dainsleif|Lucky bastard
