|j|☆greniss
|j|☆shang954
|t:|1779874393
|gametype|singles
|player|p1|greniss|clown|1083
|player|p2|shang954|unknown|1073
|gen|9
|tier|[Gen 9] OU
|rated|
|rule|HP Percentage Mod: HP is shown in percentages
|rule|Endless Battle Clause: Forcing endless battles is banned
|rule|Species Clause: Limit one of each Pokémon
|rule|OHKO Clause: OHKO moves are banned
|rule|Evasion Items Clause: Evasion items are banned
|rule|Evasion Moves Clause: Evasion moves are banned
|rule|Evasion Abilities Clause: Evasion abilities are banned
|rule|Sleep Moves Clause: Sleep-inducing moves are banned
|clearpoke
|poke|p1|Rillaboom, M|
|poke|p1|Kommo-o, F|
|poke|p1|Quaquaval, M|
|poke|p1|Excadrill, M|
|poke|p1|Chandelure, M|
|poke|p1|Farigiraf, M|
|poke|p2|Tyranitar, F|
|poke|p2|Excadrill, M|
|poke|p2|Amoonguss, F|
|poke|p2|Garchomp, M|
|poke|p2|Gardevoir, M|
|poke|p2|Scizor, M|
|teampreview
|
|t:|1779874402
|teamsize|p1|6
|teamsize|p2|6
|start
|switch|p1a: Rillaboom|Rillaboom, M|100/100
|switch|p2a: Tyranitar|Tyranitar, F, shiny|100/100
|-fieldstart|move: Grassy Terrain|[from] ability: Grassy Surge|[of] p1a: Rillaboom
|-weather|Sandstorm|[from] ability: Sand Stream|[of] p2a: Tyranitar
|turn|1
|
|t:|1779874418
|move|p1a: Rillaboom|Drum Beating|p2a: Tyranitar
|-supereffective|p2a: Tyranitar
|-crit|p2a: Tyranitar
|-damage|p2a: Tyranitar|0 fnt
|faint|p2a: Tyranitar
|
|-weather|Sandstorm|[upkeep]
|-damage|p1a: Rillaboom|94/100|[from] Sandstorm
|-heal|p1a: Rillaboom|100/100|[from] Grassy Terrain
|upkeep
|
|t:|1779874425
|switch|p2a: Excadrill|Excadrill, M|100/100
|turn|2
|
|t:|1779874429
|move|p2a: Excadrill|X-Scissor|p1a: Rillaboom
|-supereffective|p1a: Rillaboom
|-damage|p1a: Rillaboom|31/100
|move|p1a: Rillaboom|Drum Beating|p2a: Excadrill
|-damage|p2a: Excadrill|28/100
|-unboost|p2a: Excadrill|spe|1
|
|-weather|Sandstorm|[upkeep]
|-damage|p1a: Rillaboom|25/100|[from] Sandstorm
|-heal|p2a: Excadrill|34/100|[from] Grassy Terrain
|-heal|p1a: Rillaboom|31/100|[from] Grassy Terrain
|-heal|p1a: Rillaboom|37/100|[from] item: Leftovers
|upkeep
|turn|3
|
|t:|1779874447
|move|p2a: Excadrill|X-Scissor|p1a: Rillaboom
|-supereffective|p1a: Rillaboom
|-damage|p1a: Rillaboom|0 fnt
|faint|p1a: Rillaboom
|
|-weather|Sandstorm|[upkeep]
|-heal|p2a: Excadrill|41/100|[from] Grassy Terrain
|upkeep
|
|t:|1779874454
|switch|p1a: Excadrill|Excadrill, M|100/100
|turn|4
|
|t:|1779874463
|move|p1a: Excadrill|Earthquake|p2a: Excadrill
|-supereffective|p2a: Excadrill
|-damage|p2a: Excadrill|0 fnt
|faint|p2a: Excadrill
|
|-weather|Sandstorm|[upkeep]
|upkeep
|
|t:|1779874470
|switch|p2a: Scizor|Scizor, M|100/100
|turn|5
|
|t:|1779874477
|move|p1a: Excadrill|Earthquake|p2a: Scizor
|-damage|p2a: Scizor|78/100
|move|p2a: Scizor|Close Combat|p1a: Excadrill
|-supereffective|p1a: Excadrill
|-damage|p1a: Excadrill|0 fnt
|-unboost|p2a: Scizor|def|1
|-unboost|p2a: Scizor|spd|1
|faint|p1a: Excadrill
|
|-weather|none
|-heal|p2a: Scizor|84/100|[from] Grassy Terrain
|-fieldend|move: Grassy Terrain
|upkeep
|
|t:|1779874492
|switch|p1a: Chandelure|Chandelure, M, shiny|100/100
|turn|6
|
|t:|1779874499
|switch|p2a: Garchomp|Garchomp, M|100/100
|move|p1a: Chandelure|Flamethrower|p2a: Garchomp
|-resisted|p2a: Garchomp
|-damage|p2a: Garchomp|71/100
|
|upkeep
|turn|7
|
|t:|1779874507
|move|p2a: Garchomp|Earth Power|p1a: Chandelure
|-supereffective|p1a: Chandelure
|-damage|p1a: Chandelure|24/100
|move|p1a: Chandelure|Will-O-Wisp|p2a: Garchomp|[miss]
|-miss|p1a: Chandelure|p2a: Garchomp
|
|upkeep
|turn|8
|
|t:|1779874523
|-terastallize|p1a: Chandelure|Ghost
|move|p2a: Garchomp|Earth Power|p1a: Chandelure
|-damage|p1a: Chandelure|0 fnt
|faint|p1a: Chandelure
|
|upkeep
|
|t:|1779874534
|switch|p1a: Quaquaval|Quaquaval, M, shiny|100/100
|turn|9
|
|t:|1779874538
|switch|p2a: Amoonguss|Amoonguss, F|100/100
|move|p1a: Quaquaval|Ice Spinner|p2a: Amoonguss
|-supereffective|p2a: Amoonguss
|-damage|p2a: Amoonguss|65/100
|-damage|p1a: Quaquaval|84/100|[from] item: Rocky Helmet|[of] p2a: Amoonguss
|
|upkeep
|turn|10
|
|t:|1779874547
|move|p1a: Quaquaval|Ice Spinner|p2a: Amoonguss
|-supereffective|p2a: Amoonguss
|-damage|p2a: Amoonguss|30/100
|-damage|p1a: Quaquaval|67/100|[from] item: Rocky Helmet|[of] p2a: Amoonguss
|move|p2a: Amoonguss|Giga Drain|p1a: Quaquaval
|-supereffective|p1a: Quaquaval
|-damage|p1a: Quaquaval|13/100
|-heal|p2a: Amoonguss|52/100|[from] drain|[of] p1a: Quaquaval
|
|upkeep
|turn|11
|
|t:|1779874556
|move|p1a: Quaquaval|Ice Spinner|p2a: Amoonguss
|-supereffective|p2a: Amoonguss
|-damage|p2a: Amoonguss|20/100
|-damage|p1a: Quaquaval|0 fnt|[from] item: Rocky Helmet|[of] p2a: Amoonguss
|faint|p1a: Quaquaval
|move|p2a: Amoonguss|Giga Drain|p1: Quaquaval|[notarget]
|-fail|p2a: Amoonguss
|
|upkeep
|
|t:|1779874565
|switch|p1a: Farigiraf|Farigiraf, M|100/100
|turn|12
|
|t:|1779874570
|move|p2a: Amoonguss|Protect|p2a: Amoonguss
|-singleturn|p2a: Amoonguss|Protect
|move|p1a: Farigiraf|Psychic Noise|p2a: Amoonguss
|-activate|p2a: Amoonguss|move: Protect
|
|upkeep
|turn|13
|
|t:|1779874580
|switch|p2a: Scizor|Scizor, M|84/100
|move|p1a: Farigiraf|Psychic Noise|p2a: Scizor
|-resisted|p2a: Scizor
|-damage|p2a: Scizor|63/100
|-start|p2a: Scizor|move: Heal Block
|
|upkeep
|turn|14
|
|t:|1779874592
|move|p2a: Scizor|U-turn|p1a: Farigiraf
|-supereffective|p1a: Farigiraf
|-damage|p1a: Farigiraf|0 fnt
|-damage|p2a: Scizor|47/100|[from] item: Rocky Helmet|[of] p1a: Farigiraf
|faint|p1a: Farigiraf
|-message|greniss forfeited.
|
|win|shang954
|raw|greniss's rating: 1083 &rarr; <strong>1060</strong><br />(-23 for losing)
|raw|shang954's rating: 1073 &rarr; <strong>1103</strong><br />(+30 for winning)
|l|☆greniss
|player|p1|
|l|☆shang954
|player|p2|
