|j|☆ChargedKittens
|j|☆KhoiDeptraiVaiLon
|t:|1779817031
|gametype|singles
|player|p1|ChargedKittens|lucas|1175
|player|p2|KhoiDeptraiVaiLon|2|1207
|gen|9
|tier|[Gen 9] OU
|rated|
|rule|HP Percentage Mod: HP is shown in percentages
|rule|Endless Battle Clause: Forcing endless battles is banned
|rule|Species Clause: Limit one of each Pokémon
|rule|OHKO Clause: OHKO moves are banned
|rule|Evasion Items Clause: Evasion items are banned
|rule|Evasion Moves Clause: Evasion moves are banned
|rule|Evasion Abilities Clause: Evasion abilities are banned
|rule|Sleep Moves Clause: Sleep-inducing moves are banned
|clearpoke
|poke|p1|Spiritomb, F|
|poke|p1|Porygon-Z|
|poke|p1|Gastrodon, M|
|poke|p1|Lucario, M|
|poke|p1|Milotic, M|
|poke|p1|Garchomp, M|
|poke|p2|Moltres-Galar|
|poke|p2|Gholdengo|
|poke|p2|Samurott-Hisui, M|
|poke|p2|Smeargle, M|
|poke|p2|Zamazenta-*|
|poke|p2|Deoxys-Speed|
|teampreview
|inactive|Battle timer is ON: inactive players will automatically lose when time's up. (requested by KhoiDeptraiVaiLon)
|inactive|ChargedKittens also wants the timer to be on.
|
|t:|1779817037
|teamsize|p1|6
|teamsize|p2|6
|start
|switch|p1a: Spiritomb|Spiritomb, F|100/100
|switch|p2a: Samurott|Samurott-Hisui, M|100/100
|turn|1
|
|t:|1779817045
|move|p2a: Samurott|Ceaseless Edge|p1a: Spiritomb
|-damage|p1a: Spiritomb|54/100
|-sidestart|p1: ChargedKittens|Spikes
|move|p1a: Spiritomb|Toxic|p2a: Samurott
|-status|p2a: Samurott|tox
|
|-heal|p1a: Spiritomb|60/100|[from] item: Leftovers
|-damage|p2a: Samurott|94/100 tox|[from] psn
|upkeep
|turn|2
|
|t:|1779817057
|move|p1a: Spiritomb|Protect|p1a: Spiritomb
|-singleturn|p1a: Spiritomb|Protect
|move|p2a: Samurott|Ceaseless Edge|p1a: Spiritomb
|-activate|p1a: Spiritomb|move: Protect
|
|-heal|p1a: Spiritomb|66/100|[from] item: Leftovers
|-damage|p2a: Samurott|82/100 tox|[from] psn
|upkeep
|turn|3
|
|t:|1779817067
|move|p2a: Samurott|Ceaseless Edge|p1a: Spiritomb
|-damage|p1a: Spiritomb|18/100
|-sidestart|p1: ChargedKittens|Spikes
|move|p1a: Spiritomb|Foul Play|p2a: Samurott
|-resisted|p2a: Samurott
|-damage|p2a: Samurott|52/100 tox
|
|-heal|p1a: Spiritomb|24/100|[from] item: Leftovers
|-damage|p2a: Samurott|34/100 tox|[from] psn
|upkeep
|turn|4
|
|t:|1779817076
|move|p1a: Spiritomb|Protect|p1a: Spiritomb
|-singleturn|p1a: Spiritomb|Protect
|move|p2a: Samurott|Ceaseless Edge|p1a: Spiritomb
|-activate|p1a: Spiritomb|move: Protect
|
|-heal|p1a: Spiritomb|30/100|[from] item: Leftovers
|-damage|p2a: Samurott|9/100 tox|[from] psn
|upkeep
|turn|5
|
|t:|1779817086
|move|p2a: Samurott|Ceaseless Edge|p1a: Spiritomb
|-damage|p1a: Spiritomb|0 fnt
|-sidestart|p1: ChargedKittens|Spikes
|faint|p1a: Spiritomb
|
|-damage|p2a: Samurott|0 fnt|[from] psn
|faint|p2a: Samurott
|upkeep
|
|t:|1779817096
|switch|p2a: Gholdengo|Gholdengo|100/100
|switch|p1a: Porygon-Z|Porygon-Z|100/100
|-damage|p1a: Porygon-Z|76/100|[from] Spikes
|-ability|p1a: Porygon-Z|Download|boost
|-boost|p1a: Porygon-Z|spa|1
|turn|6
|
|t:|1779817111
|switch|p1a: Milotic|Milotic, M|100/100
|-damage|p1a: Milotic|76/100|[from] Spikes
|move|p2a: Gholdengo|Make It Rain|p1a: Milotic
|-resisted|p1a: Milotic
|-damage|p1a: Milotic|52/100
|-unboost|p2a: Gholdengo|spa|1
|
|-status|p1a: Milotic|brn|[from] item: Flame Orb
|upkeep
|turn|7
|
|t:|1779817127
|switch|p2a: Deoxys|Deoxys-Speed|100/100
|-ability|p2a: Deoxys|Pressure
|move|p1a: Milotic|Recover|p1a: Milotic
|-heal|p1a: Milotic|100/100 brn
|
|-damage|p1a: Milotic|94/100 brn|[from] brn
|upkeep
|turn|8
|inactive|ChargedKittens has 120 seconds left.
|inactive|KhoiDeptraiVaiLon has 120 seconds left.
|c|☆KhoiDeptraiVaiLon|why flame orb
|
|t:|1779817163
|move|p2a: Deoxys|Light Screen|p2a: Deoxys
|-sidestart|p2: KhoiDeptraiVaiLon|move: Light Screen
|move|p1a: Milotic|Mirror Coat||[still]
|-fail|p1a: Milotic
|
|-damage|p1a: Milotic|88/100 brn|[from] brn
|upkeep
|turn|9
|inactive|ChargedKittens has 120 seconds left.
|
|t:|1779817169
|move|p2a: Deoxys|Reflect|p2a: Deoxys
|-sidestart|p2: KhoiDeptraiVaiLon|Reflect
|move|p1a: Milotic|Dragon Tail|p2a: Deoxys
|-damage|p2a: Deoxys|98/100
|drag|p2a: Smeargle|Smeargle, M|100/100
|
|-damage|p1a: Milotic|82/100 brn|[from] brn
|upkeep
|turn|10
|inactive|ChargedKittens has 120 seconds left.
|
|t:|1779817181
|switch|p2a: Deoxys|Deoxys-Speed|98/100
|-ability|p2a: Deoxys|Pressure
|move|p1a: Milotic|Scald|p2a: Deoxys
|-damage|p2a: Deoxys|83/100
|-status|p2a: Deoxys|brn
|
|-damage|p2a: Deoxys|77/100 brn|[from] brn
|-damage|p1a: Milotic|76/100 brn|[from] brn
|upkeep
|turn|11
|inactive|ChargedKittens has 120 seconds left.
|
|t:|1779817192
|move|p2a: Deoxys|Taunt|p1a: Milotic
|-start|p1a: Milotic|move: Taunt
|move|p1a: Milotic|Dragon Tail|p2a: Deoxys
|-damage|p2a: Deoxys|74/100 brn
|drag|p2a: Smeargle|Smeargle, M|100/100
|
|-damage|p1a: Milotic|70/100 brn|[from] brn
|upkeep
|turn|12
|inactive|ChargedKittens has 120 seconds left.
|
|t:|1779817206
|switch|p2a: Moltres|Moltres-Galar|100/100
|move|p1a: Milotic|Scald|p2a: Moltres
|-damage|p2a: Moltres|89/100
|
|-damage|p1a: Milotic|64/100 brn|[from] brn
|upkeep
|turn|13
|inactive|ChargedKittens has 120 seconds left.
|
|t:|1779817226
|switch|p1a: Gastrodon|Gastrodon, M|100/100
|-damage|p1a: Gastrodon|76/100|[from] Spikes
|move|p2a: Moltres|Fiery Wrath|p1a: Gastrodon
|-damage|p1a: Gastrodon|50/100
|
|upkeep
|turn|14
|inactive|ChargedKittens has 120 seconds left.
|
|t:|1779817241
|move|p2a: Moltres|Nasty Plot|p2a: Moltres
|-boost|p2a: Moltres|spa|2
|move|p1a: Gastrodon|Recover|p1a: Gastrodon
|-heal|p1a: Gastrodon|99/100
|
|upkeep
|turn|15
|inactive|ChargedKittens has 120 seconds left.
|
|t:|1779817252
|move|p2a: Moltres|Hurricane|p1a: Gastrodon
|-damage|p1a: Gastrodon|30/100
|move|p1a: Gastrodon|Stealth Rock|p2a: Moltres
|-sidestart|p2: KhoiDeptraiVaiLon|move: Stealth Rock
|
|-sideend|p2: KhoiDeptraiVaiLon|move: Light Screen
|upkeep
|turn|16
|
|t:|1779817258
|move|p2a: Moltres|Fiery Wrath|p1a: Gastrodon
|-damage|p1a: Gastrodon|0 fnt
|faint|p1a: Gastrodon
|
|-sideend|p2: KhoiDeptraiVaiLon|Reflect
|upkeep
|
|t:|1779817266
|switch|p1a: Garchomp|Garchomp, M|100/100
|-damage|p1a: Garchomp|76/100|[from] Spikes
|turn|17
|
|t:|1779817272
|move|p1a: Garchomp|Outrage|p2a: Moltres
|-damage|p2a: Moltres|0 fnt
|faint|p2a: Moltres
|
|upkeep
|
|t:|1779817276
|switch|p2a: Zamazenta|Zamazenta|100/100
|-damage|p2a: Zamazenta|94/100|[from] Stealth Rock
|-ability|p2a: Zamazenta|Dauntless Shield|boost
|-boost|p2a: Zamazenta|def|1
|turn|18
|
|t:|1779817283
|-terastallize|p2a: Zamazenta|Steel
|move|p2a: Zamazenta|Iron Defense|p2a: Zamazenta
|-boost|p2a: Zamazenta|def|2
|move|p1a: Garchomp|Outrage|p2a: Zamazenta|[from] lockedmove
|-resisted|p2a: Zamazenta
|-damage|p2a: Zamazenta|79/100
|-start|p1a: Garchomp|confusion|[fatigue]
|
|-heal|p2a: Zamazenta|85/100|[from] item: Leftovers
|upkeep
|turn|19
|
|t:|1779817296
|switch|p1a: Porygon-Z|Porygon-Z|76/100
|-damage|p1a: Porygon-Z|51/100|[from] Spikes
|-ability|p1a: Porygon-Z|Download|boost
|-boost|p1a: Porygon-Z|spa|1
|move|p2a: Zamazenta|Iron Defense|p2a: Zamazenta
|-boost|p2a: Zamazenta|def|2
|
|-heal|p2a: Zamazenta|92/100|[from] item: Leftovers
|upkeep
|turn|20
|
|t:|1779817307
|move|p2a: Zamazenta|Heavy Slam|p1a: Porygon-Z
|-damage|p1a: Porygon-Z|0 fnt
|faint|p1a: Porygon-Z
|
|-heal|p2a: Zamazenta|98/100|[from] item: Leftovers
|upkeep
|
|t:|1779817312
|switch|p1a: Lucario|Lucario, M|100/100
|-damage|p1a: Lucario|76/100|[from] Spikes
|turn|21
|
|t:|1779817320
|-terastallize|p1a: Lucario|Ghost
|move|p2a: Zamazenta|Body Press|p1a: Lucario
|-immune|p1a: Lucario
|move|p1a: Lucario|Close Combat|p2a: Zamazenta
|-supereffective|p2a: Zamazenta
|-damage|p2a: Zamazenta|74/100
|-unboost|p1a: Lucario|def|1
|-unboost|p1a: Lucario|spd|1
|
|-heal|p2a: Zamazenta|80/100|[from] item: Leftovers
|upkeep
|turn|22
|
|t:|1779817331
|switch|p1a: Milotic|Milotic, M|64/100 brn
|-damage|p1a: Milotic|39/100 brn|[from] Spikes
|move|p2a: Zamazenta|Heavy Slam|p1a: Milotic
|-resisted|p1a: Milotic
|-damage|p1a: Milotic|35/100 brn
|
|-heal|p2a: Zamazenta|86/100|[from] item: Leftovers
|-damage|p1a: Milotic|28/100 brn|[from] brn
|upkeep
|turn|23
|
|t:|1779817342
|move|p2a: Zamazenta|Body Press|p1a: Milotic
|-damage|p1a: Milotic|0 fnt
|faint|p1a: Milotic
|
|-heal|p2a: Zamazenta|92/100|[from] item: Leftovers
|upkeep
|-message|ChargedKittens forfeited.
|
|win|KhoiDeptraiVaiLon
|raw|ChargedKittens's rating: 1175 &rarr; <strong>1152</strong><br />(-23 for losing)
|raw|KhoiDeptraiVaiLon's rating: 1207 &rarr; <strong>1230</strong><br />(+23 for winning)
|l|☆ChargedKittens
|player|p1|
|l|☆KhoiDeptraiVaiLon
|player|p2|
