|j|☆skull2323
|j|☆K-Theo_M
|t:|1779930885
|gametype|singles
|player|p1|skull2323|caitlin|1364
|player|p2|K-Theo_M|gambler|1411
|gen|9
|tier|[Gen 9] OU
|rated|
|rule|HP Percentage Mod: HP is shown in percentages
|rule|Endless Battle Clause: Forcing endless battles is banned
|rule|Species Clause: Limit one of each Pokémon
|rule|OHKO Clause: OHKO moves are banned
|rule|Evasion Items Clause: Evasion items are banned
|rule|Evasion Moves Clause: Evasion moves are banned
|rule|Evasion Abilities Clause: Evasion abilities are banned
|rule|Sleep Moves Clause: Sleep-inducing moves are banned
|clearpoke
|poke|p1|Dragonite, M|
|poke|p1|Garganacl, M|
|poke|p1|Ogerpon-Wellspring, F|
|poke|p1|Gholdengo|
|poke|p1|Gliscor, M|
|poke|p1|Great Tusk|
|poke|p2|Breloom, M|
|poke|p2|Kingambit, F|
|poke|p2|Ogerpon-Wellspring, F|
|poke|p2|Primarina, F|
|poke|p2|Gholdengo|
|poke|p2|Great Tusk|
|teampreview
|inactive|Battle timer is ON: inactive players will automatically lose when time's up. (requested by skull2323)
|
|t:|1779930905
|teamsize|p1|6
|teamsize|p2|6
|start
|switch|p1a: Gholdengo|Gholdengo|100/100
|switch|p2a: Primarina|Primarina, F|100/100
|-item|p1a: Gholdengo|Air Balloon
|turn|1
|
|t:|1779930911
|move|p1a: Gholdengo|Thunder Wave|p2a: Primarina
|-status|p2a: Primarina|par
|move|p2a: Primarina|Psychic Noise|p1a: Gholdengo
|-damage|p1a: Gholdengo|60/100
|-start|p1a: Gholdengo|move: Heal Block
|-enditem|p1a: Gholdengo|Air Balloon
|
|upkeep
|turn|2
|
|t:|1779930918
|move|p1a: Gholdengo|Hex|p2a: Primarina
|-crit|p2a: Primarina
|-damage|p2a: Primarina|42/100 par
|move|p2a: Primarina|Flip Turn|p1a: Gholdengo
|-damage|p1a: Gholdengo|50/100
|
|t:|1779930921
|switch|p2a: Gholdengo|Gholdengo|100/100|[from] Flip Turn
|
|-end|p1a: Gholdengo|move: Heal Block
|upkeep
|turn|3
|
|t:|1779930925
|switch|p1a: Gliscor|Gliscor, M|100/100
|move|p2a: Gholdengo|Shadow Ball|p1a: Gliscor
|-damage|p1a: Gliscor|61/100
|-unboost|p1a: Gliscor|spd|1
|
|-status|p1a: Gliscor|tox|[from] item: Toxic Orb
|upkeep
|turn|4
|
|t:|1779930929
|move|p2a: Gholdengo|Shadow Ball|p1a: Gliscor
|-damage|p1a: Gliscor|3/100 tox
|move|p1a: Gliscor|Knock Off|p2a: Gholdengo
|-supereffective|p2a: Gholdengo
|-crit|p2a: Gholdengo
|-damage|p2a: Gholdengo|33/100
|-enditem|p2a: Gholdengo|Choice Scarf|[from] move: Knock Off|[of] p1a: Gliscor
|
|-heal|p1a: Gliscor|16/100 tox|[from] ability: Poison Heal
|upkeep
|turn|5
|
|t:|1779930933
|move|p1a: Gliscor|Protect|p1a: Gliscor
|-singleturn|p1a: Gliscor|Protect
|move|p2a: Gholdengo|Shadow Ball|p1a: Gliscor
|-activate|p1a: Gliscor|move: Protect
|
|-heal|p1a: Gliscor|28/100 tox|[from] ability: Poison Heal
|upkeep
|turn|6
|
|t:|1779930938
|switch|p2a: Breloom|Breloom, M|100/100
|switch|p1a: Garganacl|Garganacl, M|100/100
|
|upkeep
|turn|7
|
|t:|1779930946
|switch|p1a: Great Tusk|Great Tusk|100/100
|move|p2a: Breloom|Bullet Seed|p1a: Great Tusk
|-supereffective|p1a: Great Tusk
|-damage|p1a: Great Tusk|63/100
|-supereffective|p1a: Great Tusk
|-damage|p1a: Great Tusk|24/100
|-supereffective|p1a: Great Tusk
|-damage|p1a: Great Tusk|0 fnt
|faint|p1a: Great Tusk
|-end|p1a: Great Tusk|Protosynthesis|[silent]
|-hitcount|p1: Great Tusk|3
|
|upkeep
|
|t:|1779930952
|switch|p1a: Jimmy|Dragonite, M, shiny|100/100
|turn|8
|
|t:|1779930966
|switch|p2a: Great Tusk|Great Tusk|100/100
|move|p1a: Jimmy|Dragon Dance|p1a: Jimmy
|-boost|p1a: Jimmy|atk|1
|-boost|p1a: Jimmy|spe|1
|
|upkeep
|turn|9
|
|t:|1779930971
|switch|p1a: Ogerpon|Ogerpon-Wellspring, F|100/100
|move|p2a: Great Tusk|Rapid Spin|p1a: Ogerpon
|-damage|p1a: Ogerpon|79/100
|-boost|p2a: Great Tusk|spe|1
|
|upkeep
|turn|10
|
|t:|1779930986
|-end|p2a: Great Tusk|Protosynthesis|[silent]
|switch|p2a: Primarina|Primarina, F|42/100 par
|move|p1a: Ogerpon|Ivy Cudgel|p2a: Primarina|[anim] Ivy Cudgel Water
|-resisted|p2a: Primarina
|-damage|p2a: Primarina|14/100 par
|
|upkeep
|turn|11
|
|t:|1779931001
|move|p1a: Ogerpon|Knock Off|p2a: Primarina
|-resisted|p2a: Primarina
|-damage|p2a: Primarina|0 fnt
|-enditem|p2a: Primarina|Assault Vest|[from] move: Knock Off|[of] p1a: Ogerpon
|faint|p2a: Primarina
|
|upkeep
|
|t:|1779931011
|switch|p2a: Breloom|Breloom, M|100/100
|turn|12
|
|t:|1779931017
|move|p1a: Ogerpon|U-turn|p2a: Breloom
|-damage|p2a: Breloom|60/100
|
|t:|1779931019
|switch|p1a: Gholdengo|Gholdengo|50/100|[from] U-turn
|move|p2a: Breloom|Bullet Seed|p1a: Gholdengo
|-resisted|p1a: Gholdengo
|-damage|p1a: Gholdengo|40/100
|-resisted|p1a: Gholdengo
|-damage|p1a: Gholdengo|28/100
|-resisted|p1a: Gholdengo
|-damage|p1a: Gholdengo|17/100
|-hitcount|p1a: Gholdengo|3
|
|upkeep
|turn|13
|
|t:|1779931033
|move|p2a: Breloom|Bullet Seed|p1a: Gholdengo
|-resisted|p1a: Gholdengo
|-damage|p1a: Gholdengo|6/100
|-resisted|p1a: Gholdengo
|-damage|p1a: Gholdengo|0 fnt
|faint|p1a: Gholdengo
|-hitcount|p1: Gholdengo|2
|
|upkeep
|
|t:|1779931039
|switch|p1a: Ogerpon|Ogerpon-Wellspring, F|79/100
|turn|14
|
|t:|1779931042
|move|p1a: Ogerpon|Knock Off|p2a: Breloom
|-resisted|p2a: Breloom
|-damage|p2a: Breloom|31/100
|-enditem|p2a: Breloom|Choice Band|[from] move: Knock Off|[of] p1a: Ogerpon
|move|p2a: Breloom|Bullet Seed|p1a: Ogerpon
|-damage|p1a: Ogerpon|49/100
|-damage|p1a: Ogerpon|20/100
|-damage|p1a: Ogerpon|0 fnt
|faint|p1a: Ogerpon
|-hitcount|p1: Ogerpon|3
|
|upkeep
|
|t:|1779931048
|switch|p1a: Jimmy|Dragonite, M, shiny|100/100
|turn|15
|
|t:|1779931053
|move|p1a: Jimmy|Dragon Dance|p1a: Jimmy
|-boost|p1a: Jimmy|atk|1
|-boost|p1a: Jimmy|spe|1
|move|p2a: Breloom|Rock Tomb|p1a: Jimmy
|-supereffective|p1a: Jimmy
|-damage|p1a: Jimmy|64/100
|-unboost|p1a: Jimmy|spe|1
|
|upkeep
|turn|16
|
|t:|1779931061
|-terastallize|p1a: Jimmy|Normal
|move|p1a: Jimmy|Extreme Speed|p2a: Breloom
|-damage|p2a: Breloom|0 fnt
|faint|p2a: Breloom
|
|upkeep
|
|t:|1779931081
|switch|p2a: Great Tusk|Great Tusk|100/100
|turn|17
|
|t:|1779931098
|move|p2a: Great Tusk|Headlong Rush|p1a: Jimmy
|-damage|p1a: Jimmy|0 fnt
|-unboost|p2a: Great Tusk|def|1
|-unboost|p2a: Great Tusk|spd|1
|faint|p1a: Jimmy
|
|upkeep
|-message|skull2323 forfeited.
|
|win|K-Theo_M
|raw|skull2323's rating: 1364 &rarr; <strong>1347</strong><br />(-17 for losing)
|raw|K-Theo_M's rating: 1411 &rarr; <strong>1428</strong><br />(+17 for winning)
|l|☆skull2323
|player|p1|
