|j|☆teapause
|j|‽Abigcamel
|t:|1779878782
|gametype|singles
|player|p1|teapause|waiter|1440
|player|p2|Abigcamel|morty|1463
|gen|9
|tier|[Gen 9] OU
|rated|
|rule|HP Percentage Mod: HP is shown in percentages
|rule|Endless Battle Clause: Forcing endless battles is banned
|rule|Species Clause: Limit one of each Pokémon
|rule|OHKO Clause: OHKO moves are banned
|rule|Evasion Items Clause: Evasion items are banned
|rule|Evasion Moves Clause: Evasion moves are banned
|rule|Evasion Abilities Clause: Evasion abilities are banned
|rule|Sleep Moves Clause: Sleep-inducing moves are banned
|clearpoke
|poke|p1|Lanturn, M|
|poke|p1|Ninetales-Alola, M|
|poke|p1|Slowking-Galar, F|
|poke|p1|Corviknight, F|
|poke|p1|Garchomp, F|
|poke|p1|Ceruledge, M|
|poke|p2|Pelipper, L99, F|
|poke|p2|Barraskewda, F|
|poke|p2|Raging Bolt|
|poke|p2|Golduck, F|
|poke|p2|Pawmot, F|
|poke|p2|Tentacruel, F|
|teampreview
|inactive|Battle timer is ON: inactive players will automatically lose when time's up. (requested by Abigcamel)
|inactive|teapause also wants the timer to be on.
|
|t:|1779878795
|teamsize|p1|6
|teamsize|p2|6
|start
|switch|p1a: Garchomp|Garchomp, F|100/100
|switch|p2a: Barraskewda|Barraskewda, F|100/100
|turn|1
|
|t:|1779878803
|move|p2a: Barraskewda|Flip Turn|p1a: Garchomp
|-damage|p1a: Garchomp|63/100
|-damage|p2a: Barraskewda|88/100|[from] ability: Rough Skin|[of] p1a: Garchomp
|-enditem|p1a: Garchomp|Red Card|[of] p2a: Barraskewda
|drag|p2a: Pelipper|Pelipper, L99, F|100/100
|-weather|RainDance|[from] ability: Drizzle|[of] p2a: Pelipper
|move|p1a: Garchomp|Stealth Rock|p2a: Pelipper
|-sidestart|p2: Abigcamel|move: Stealth Rock
|
|-weather|RainDance|[upkeep]
|upkeep
|turn|2
|
|t:|1779878815
|move|p1a: Garchomp|Spikes|p2a: Pelipper
|-sidestart|p2: Abigcamel|Spikes
|move|p2a: Pelipper|Surf|p1a: Garchomp
|-damage|p1a: Garchomp|25/100
|
|-weather|RainDance|[upkeep]
|upkeep
|turn|3
|
|t:|1779878823
|switch|p1a: Ninetales|Ninetales-Alola, M|100/100
|-weather|Snowscape|[from] ability: Snow Warning|[of] p1a: Ninetales
|move|p2a: Pelipper|Surf|p1a: Ninetales
|-damage|p1a: Ninetales|69/100
|
|-weather|Snowscape|[upkeep]
|upkeep
|turn|4
|
|t:|1779878834
|switch|p2a: Tentacruel|Tentacruel, F|100/100
|-damage|p2a: Tentacruel|88/100|[from] Stealth Rock
|-damage|p2a: Tentacruel|76/100|[from] Spikes
|move|p1a: Ninetales|Freeze-Dry|p2a: Tentacruel
|-supereffective|p2a: Tentacruel
|-damage|p2a: Tentacruel|56/100
|
|-weather|Snowscape|[upkeep]
|upkeep
|turn|5
|
|t:|1779878848
|switch|p1a: Ceruledge|Ceruledge, M|100/100
|-item|p1a: Ceruledge|Air Balloon
|move|p2a: Tentacruel|Flip Turn|p1a: Ceruledge
|-supereffective|p1a: Ceruledge
|-damage|p1a: Ceruledge|54/100
|-enditem|p1a: Ceruledge|Air Balloon
|
|t:|1779878858
|switch|p2a: Barraskewda|Barraskewda, F|88/100|[from] Flip Turn
|-damage|p2a: Barraskewda|76/100|[from] Stealth Rock
|-damage|p2a: Barraskewda|64/100|[from] Spikes
|
|-weather|Snowscape|[upkeep]
|upkeep
|turn|6
|
|t:|1779878868
|switch|p1a: Corviknight|Corviknight, F|100/100
|-ability|p1a: Corviknight|Pressure
|move|p2a: Barraskewda|Flip Turn|p1a: Corviknight
|-damage|p1a: Corviknight|78/100
|
|t:|1779878878
|switch|p2a: Raging Bolt|Raging Bolt|100/100|[from] Flip Turn
|-damage|p2a: Raging Bolt|88/100|[from] Stealth Rock
|-damage|p2a: Raging Bolt|76/100|[from] Spikes
|
|-weather|Snowscape|[upkeep]
|-heal|p2a: Raging Bolt|82/100|[from] item: Leftovers
|-heal|p1a: Corviknight|84/100|[from] item: Leftovers
|upkeep
|turn|7
|
|t:|1779878889
|switch|p1a: Ninetales|Ninetales-Alola, M|69/100
|move|p2a: Raging Bolt|Weather Ball|p1a: Ninetales
|-resisted|p1a: Ninetales
|-damage|p1a: Ninetales|45/100
|
|-weather|none
|-heal|p2a: Raging Bolt|88/100|[from] item: Leftovers
|upkeep
|turn|8
|
|t:|1779878900
|move|p1a: Ninetales|Calm Mind|p1a: Ninetales
|-boost|p1a: Ninetales|spa|1
|-boost|p1a: Ninetales|spd|1
|move|p2a: Raging Bolt|Thunder|p1a: Ninetales
|-damage|p1a: Ninetales|0 fnt
|faint|p1a: Ninetales
|
|-heal|p2a: Raging Bolt|94/100|[from] item: Leftovers
|upkeep
|
|t:|1779878910
|switch|p1a: Garchomp|Garchomp, F|25/100
|turn|9
|
|t:|1779878920
|-end|p2a: Raging Bolt|Protosynthesis|[silent]
|switch|p2a: Pelipper|Pelipper, L99, F|100/100
|-damage|p2a: Pelipper|76/100|[from] Stealth Rock
|-weather|RainDance|[from] ability: Drizzle|[of] p2a: Pelipper
|move|p1a: Garchomp|Earthquake|p2a: Pelipper
|-immune|p2a: Pelipper
|
|-weather|RainDance|[upkeep]
|upkeep
|turn|10
|
|t:|1779878930
|move|p1a: Garchomp|Spikes|p2a: Pelipper
|-sidestart|p2: Abigcamel|Spikes
|move|p2a: Pelipper|Surf|p1a: Garchomp
|-damage|p1a: Garchomp|0 fnt
|faint|p1a: Garchomp
|
|-weather|RainDance|[upkeep]
|upkeep
|
|t:|1779878939
|switch|p1a: Lanturn|Lanturn, M|100/100
|turn|11
|
|t:|1779878945
|switch|p2a: Raging Bolt|Raging Bolt|94/100
|-damage|p2a: Raging Bolt|82/100|[from] Stealth Rock
|-damage|p2a: Raging Bolt|66/100|[from] Spikes
|move|p1a: Lanturn|Thunder|p2a: Raging Bolt
|-resisted|p2a: Raging Bolt
|-damage|p2a: Raging Bolt|56/100
|
|-weather|RainDance|[upkeep]
|-heal|p2a: Raging Bolt|62/100|[from] item: Leftovers
|upkeep
|turn|12
|
|t:|1779878957
|move|p2a: Raging Bolt|Draco Meteor|p1a: Lanturn
|-crit|p1a: Lanturn
|-damage|p1a: Lanturn|2/100
|-unboost|p2a: Raging Bolt|spa|2
|move|p1a: Lanturn|Soak|p2a: Raging Bolt
|-start|p2a: Raging Bolt|typechange|Water
|
|-weather|RainDance|[upkeep]
|-heal|p2a: Raging Bolt|68/100|[from] item: Leftovers
|upkeep
|turn|13
|
|t:|1779878970
|move|p2a: Raging Bolt|Draco Meteor|p1a: Lanturn
|-damage|p1a: Lanturn|0 fnt
|-unboost|p2a: Raging Bolt|spa|2
|faint|p1a: Lanturn
|
|-weather|RainDance|[upkeep]
|-heal|p2a: Raging Bolt|74/100|[from] item: Leftovers
|upkeep
|
|t:|1779878980
|switch|p1a: Ceruledge|Ceruledge, M|54/100
|turn|14
|
|t:|1779878989
|move|p1a: Ceruledge|Swords Dance|p1a: Ceruledge
|-boost|p1a: Ceruledge|atk|2
|move|p2a: Raging Bolt|Weather Ball|p1a: Ceruledge
|-supereffective|p1a: Ceruledge
|-damage|p1a: Ceruledge|0 fnt
|faint|p1a: Ceruledge
|
|-weather|RainDance|[upkeep]
|-heal|p2a: Raging Bolt|80/100|[from] item: Leftovers
|upkeep
|
|t:|1779879003
|switch|p1a: Slowking|Slowking-Galar, F|100/100
|turn|15
|
|t:|1779879011
|-end|p2a: Raging Bolt|Protosynthesis|[silent]
|switch|p2a: Tentacruel|Tentacruel, F|56/100
|-damage|p2a: Tentacruel|44/100|[from] Stealth Rock
|-damage|p2a: Tentacruel|27/100|[from] Spikes
|move|p1a: Slowking|Eerie Spell|p2a: Tentacruel
|-supereffective|p2a: Tentacruel
|-damage|p2a: Tentacruel|2/100
|
|-weather|RainDance|[upkeep]
|-heal|p2a: Tentacruel|8/100|[from] ability: Rain Dish
|upkeep
|turn|16
|
|t:|1779879025
|move|p2a: Tentacruel|Rapid Spin|p1a: Slowking
|-damage|p1a: Slowking|91/100
|-boost|p2a: Tentacruel|spe|1
|-damage|p2a: Tentacruel|0 fnt|[from] item: Rocky Helmet|[of] p1a: Slowking
|faint|p2a: Tentacruel
|-prepare|p1a: Slowking|Chilly Reception|[premajor]
|move|p1a: Slowking|Chilly Reception|p1a: Slowking
|-weather|Snowscape
|
|t:|1779879033
|switch|p1a: Corviknight|Corviknight, F|84/100|[from] Chilly Reception
|-ability|p1a: Corviknight|Pressure
|
|-weather|Snowscape|[upkeep]
|-heal|p1a: Corviknight|90/100|[from] item: Leftovers
|upkeep
|
|t:|1779879040
|switch|p2a: Pelipper|Pelipper, L99, F|76/100
|-damage|p2a: Pelipper|51/100|[from] Stealth Rock
|-weather|RainDance|[from] ability: Drizzle|[of] p2a: Pelipper
|turn|17
|
|t:|1779879051
|switch|p1a: Slowking|Slowking-Galar, F|100/100
|move|p2a: Pelipper|U-turn|p1a: Slowking
|-damage|p1a: Slowking|91/100
|-damage|p2a: Pelipper|34/100|[from] item: Rocky Helmet|[of] p1a: Slowking
|
|t:|1779879060
|switch|p2a: Golduck|Golduck, F|100/100|[from] U-turn
|-damage|p2a: Golduck|88/100|[from] Stealth Rock
|-damage|p2a: Golduck|72/100|[from] Spikes
|
|-weather|RainDance|[upkeep]
|upkeep
|turn|18
|
|t:|1779879071
|move|p2a: Golduck|Nasty Plot|p2a: Golduck
|-boost|p2a: Golduck|spa|2
|move|p1a: Slowking|Toxic Spikes|p2a: Golduck
|-sidestart|p2: Abigcamel|move: Toxic Spikes
|
|-weather|RainDance|[upkeep]
|upkeep
|turn|19
|
|t:|1779879081
|move|p2a: Golduck|Hydro Pump|p1a: Slowking|[miss]
|-miss|p2a: Golduck|p1a: Slowking
|-prepare|p1a: Slowking|Chilly Reception|[premajor]
|move|p1a: Slowking|Chilly Reception|p1a: Slowking
|-weather|Snowscape
|
|t:|1779879087
|switch|p1a: Corviknight|Corviknight, F|90/100|[from] Chilly Reception
|-ability|p1a: Corviknight|Pressure
|
|-weather|Snowscape|[upkeep]
|-heal|p1a: Corviknight|97/100|[from] item: Leftovers
|upkeep
|turn|20
|
|t:|1779879096
|move|p2a: Golduck|Hydro Pump|p1a: Corviknight
|-damage|p1a: Corviknight|0 fnt
|faint|p1a: Corviknight
|-damage|p2a: Golduck|62/100|[from] item: Life Orb
|
|-weather|Snowscape|[upkeep]
|upkeep
|
|t:|1779879103
|switch|p1a: Slowking|Slowking-Galar, F|100/100
|turn|21
|
|t:|1779879108
|move|p2a: Golduck|Hydro Pump|p1a: Slowking
|-damage|p1a: Slowking|18/100
|-damage|p2a: Golduck|52/100|[from] item: Life Orb
|move|p1a: Slowking|Eerie Spell|p2a: Golduck
|-damage|p2a: Golduck|7/100
|-activate|p2a: Golduck|move: Eerie Spell|Hydro Pump|3
|
|-weather|Snowscape|[upkeep]
|upkeep
|turn|22
|
|t:|1779879117
|move|p2a: Golduck|Ice Beam|p1a: Slowking
|-damage|p1a: Slowking|0 fnt
|faint|p1a: Slowking
|-damage|p2a: Golduck|0 fnt|[from] item: Life Orb
|faint|p2a: Golduck
|
|win|Abigcamel
|raw|teapause's rating: 1440 &rarr; <strong>1421</strong><br />(-19 for losing)
|raw|Abigcamel's rating: 1463 &rarr; <strong>1482</strong><br />(+19 for winning)
|l|‽Abigcamel
|player|p2|
|l|☆teapause
|player|p1|
