|j|☆marlon morales
|j|☆Amoroc
|t:|1779927845
|gametype|singles
|player|p1|marlon morales|cheren|1163
|player|p2|Amoroc|hiker|1164
|gen|9
|tier|[Gen 9] OU
|rated|
|rule|HP Percentage Mod: HP is shown in percentages
|rule|Endless Battle Clause: Forcing endless battles is banned
|rule|Species Clause: Limit one of each Pokémon
|rule|OHKO Clause: OHKO moves are banned
|rule|Evasion Items Clause: Evasion items are banned
|rule|Evasion Moves Clause: Evasion moves are banned
|rule|Evasion Abilities Clause: Evasion abilities are banned
|rule|Sleep Moves Clause: Sleep-inducing moves are banned
|clearpoke
|poke|p1|Pelipper, F|
|poke|p1|Iron Treads|
|poke|p1|Hatterene, F|
|poke|p1|Toxicroak, F|
|poke|p1|Barraskewda, M|
|poke|p1|Dragapult, M|
|poke|p2|Araquanid, F|
|poke|p2|Galvantula, F|
|poke|p2|Ariados, M|
|poke|p2|Spidops, F|
|poke|p2|Haxorus, F|
|poke|p2|Gholdengo|
|teampreview
|inactive|Battle timer is ON: inactive players will automatically lose when time's up. (requested by Amoroc)
|
|t:|1779927892
|teamsize|p1|6
|teamsize|p2|6
|start
|switch|p1a: Dragapult|Dragapult, M|100/100
|switch|p2a: he fatt|Araquanid, F|100/100
|turn|1
|
|t:|1779927907
|switch|p2a: he trapp|Spidops, F|100/100
|move|p1a: Dragapult|U-turn|p2a: he trapp
|-damage|p2a: he trapp|86/100
|
|t:|1779927913
|switch|p1a: Hatterene|Hatterene, F|100/100|[from] U-turn
|
|-heal|p2a: he trapp|92/100|[from] item: Leftovers
|upkeep
|turn|2
|
|t:|1779927924
|move|p1a: Hatterene|Nuzzle|p2a: he trapp
|-damage|p2a: he trapp|89/100
|-status|p2a: he trapp|par
|move|p2a: he trapp|Knock Off|p1a: Hatterene
|-damage|p1a: Hatterene|84/100
|-enditem|p1a: Hatterene|Eject Button|[from] move: Knock Off|[of] p2a: he trapp
|
|-heal|p2a: he trapp|95/100 par|[from] item: Leftovers
|upkeep
|turn|3
|
|t:|1779927936
|move|p1a: Hatterene|Draining Kiss|p2a: he trapp
|-damage|p2a: he trapp|69/100 par
|-heal|p1a: Hatterene|100/100|[from] drain|[of] p2a: he trapp
|move|p2a: he trapp|Sticky Web|p1a: Hatterene
|move|p1a: Hatterene|Sticky Web|p2a: he trapp|[from] ability: Magic Bounce
|-sidestart|p2: Amoroc|move: Sticky Web
|
|-heal|p2a: he trapp|75/100 par|[from] item: Leftovers
|upkeep
|turn|4
|
|t:|1779927946
|move|p1a: Hatterene|Draining Kiss|p2a: he trapp
|-damage|p2a: he trapp|46/100 par
|cant|p2a: he trapp|par
|
|-heal|p2a: he trapp|52/100 par|[from] item: Leftovers
|upkeep
|turn|5
|
|t:|1779927952
|move|p1a: Hatterene|Draining Kiss|p2a: he trapp
|-damage|p2a: he trapp|26/100 par
|cant|p2a: he trapp|par
|
|-heal|p2a: he trapp|32/100 par|[from] item: Leftovers
|upkeep
|turn|6
|
|t:|1779927957
|move|p1a: Hatterene|Draining Kiss|p2a: he trapp
|-damage|p2a: he trapp|5/100 par
|move|p2a: he trapp|U-turn|p1a: Hatterene
|-damage|p1a: Hatterene|84/100
|
|t:|1779927962
|switch|p2a: he strikes bacc|Ariados, M|100/100|[from] U-turn
|-activate|p2a: he strikes bacc|move: Sticky Web
|-unboost|p2a: he strikes bacc|spe|1
|
|upkeep
|turn|7
|
|t:|1779927981
|move|p2a: he strikes bacc|Shadow Sneak|p1a: Hatterene
|-supereffective|p1a: Hatterene
|-damage|p1a: Hatterene|65/100
|move|p1a: Hatterene|Psychic Noise|p2a: he strikes bacc
|-supereffective|p2a: he strikes bacc
|-damage|p2a: he strikes bacc|11/100
|-start|p2a: he strikes bacc|move: Heal Block
|
|upkeep
|turn|8
|-enditem|p2a: he strikes bacc|Custap Berry|[eat]
|-activate|p2a: he strikes bacc|item: Custap Berry|[consumed]
|
|t:|1779927989
|move|p2a: he strikes bacc|Megahorn|p1a: Hatterene
|-damage|p1a: Hatterene|0 fnt
|faint|p1a: Hatterene
|
|-end|p2a: he strikes bacc|move: Heal Block
|upkeep
|
|t:|1779927996
|switch|p1a: Barraskewda|Barraskewda, M, shiny|100/100
|turn|9
|
|t:|1779928002
|move|p1a: Barraskewda|Flip Turn|p2a: he strikes bacc
|-damage|p2a: he strikes bacc|0 fnt
|faint|p2a: he strikes bacc
|
|t:|1779928015
|switch|p1a: Dragapult|Dragapult, M|100/100|[from] Flip Turn
|
|upkeep
|
|t:|1779928020
|switch|p2a: he attacc|Haxorus, F|100/100
|-activate|p2a: he attacc|move: Sticky Web
|-unboost|p2a: he attacc|spe|1
|-ability|p2a: he attacc|Mold Breaker
|turn|10
|
|t:|1779928030
|move|p1a: Dragapult|Draco Meteor|p2a: he attacc
|-supereffective|p2a: he attacc
|-enditem|p2a: he attacc|Focus Sash
|-damage|p2a: he attacc|1/100
|-unboost|p1a: Dragapult|spa|2
|move|p2a: he attacc|Outrage|p1a: Dragapult
|-supereffective|p1a: Dragapult
|-damage|p1a: Dragapult|0 fnt
|faint|p1a: Dragapult
|
|upkeep
|
|t:|1779928035
|switch|p1a: Barraskewda|Barraskewda, M, shiny|100/100
|turn|11
|
|t:|1779928042
|move|p1a: Barraskewda|Flip Turn|p2a: he attacc
|-resisted|p2a: he attacc
|-damage|p2a: he attacc|0 fnt
|faint|p2a: he attacc
|
|t:|1779928049
|switch|p1a: Pelipper|Pelipper, F|100/100|[from] Flip Turn
|-weather|RainDance|[from] ability: Drizzle|[of] p1a: Pelipper
|
|-weather|RainDance|[upkeep]
|upkeep
|
|t:|1779928056
|switch|p2a: he fatt|Araquanid, F|100/100
|-activate|p2a: he fatt|move: Sticky Web
|-unboost|p2a: he fatt|spe|1
|turn|12
|
|t:|1779928076
|-terastallize|p2a: he fatt|Water
|move|p1a: Pelipper|Hurricane|p2a: he fatt
|-damage|p2a: he fatt|71/100
|move|p2a: he fatt|Liquidation|p1a: Pelipper
|-resisted|p1a: Pelipper
|-damage|p1a: Pelipper|16/100
|
|-weather|RainDance|[upkeep]
|upkeep
|turn|13
|
|t:|1779928092
|switch|p2a: he fastt|Galvantula, F|100/100
|-activate|p2a: he fastt|move: Sticky Web
|-unboost|p2a: he fastt|spe|1
|move|p1a: Pelipper|Hurricane|p2a: he fastt
|-damage|p2a: he fastt|30/100
|-start|p2a: he fastt|confusion
|
|-weather|RainDance|[upkeep]
|upkeep
|turn|14
|
|t:|1779928102
|-activate|p2a: he fastt|confusion
|move|p2a: he fastt|Volt Switch|p1a: Pelipper
|-supereffective|p1a: Pelipper
|-damage|p1a: Pelipper|0 fnt
|faint|p1a: Pelipper
|-damage|p2a: he fastt|20/100|[from] item: Life Orb
|
|t:|1779928116
|switch|p2a: he fatt|Araquanid, F, tera:Water|71/100|[from] Volt Switch
|-activate|p2a: he fatt|move: Sticky Web
|-unboost|p2a: he fatt|spe|1
|
|-weather|RainDance|[upkeep]
|upkeep
|
|t:|1779928131
|switch|p1a: Barraskewda|Barraskewda, M, shiny|100/100
|turn|15
|
|t:|1779928138
|-terastallize|p1a: Barraskewda|Water
|move|p1a: Barraskewda|Flip Turn|p2a: he fatt
|-resisted|p2a: he fatt
|-damage|p2a: he fatt|3/100
|
|t:|1779928143
|switch|p1a: Iron Treads|Iron Treads|100/100|[from] Flip Turn
|move|p2a: he fatt|Liquidation|p1a: Iron Treads
|-supereffective|p1a: Iron Treads
|-damage|p1a: Iron Treads|0 fnt
|faint|p1a: Iron Treads
|-end|p1a: Iron Treads|Quark Drive|[silent]
|
|-weather|RainDance|[upkeep]
|upkeep
|
|t:|1779928147
|switch|p1a: Barraskewda|Barraskewda, M, shiny, tera:Water|100/100
|turn|16
|
|t:|1779928153
|move|p1a: Barraskewda|Liquidation|p2a: he fatt
|-resisted|p2a: he fatt
|-damage|p2a: he fatt|0 fnt
|faint|p2a: he fatt
|
|-weather|RainDance|[upkeep]
|upkeep
|
|t:|1779928160
|switch|p2a: he protecc|Gholdengo|100/100
|-item|p2a: he protecc|Air Balloon
|turn|17
|
|t:|1779928166
|switch|p2a: he trapp|Spidops, F|5/100 par
|-activate|p2a: he trapp|move: Sticky Web
|-unboost|p2a: he trapp|spe|1
|move|p1a: Barraskewda|Liquidation|p2a: he trapp
|-damage|p2a: he trapp|0 fnt
|faint|p2a: he trapp
|
|-weather|RainDance|[upkeep]
|upkeep
|
|t:|1779928176
|switch|p2a: he fastt|Galvantula, F|20/100
|-activate|p2a: he fastt|move: Sticky Web
|-unboost|p2a: he fastt|spe|1
|turn|18
|
|t:|1779928182
|move|p1a: Barraskewda|Liquidation|p2a: he fastt
|-damage|p2a: he fastt|0 fnt
|faint|p2a: he fastt
|
|-weather|none
|upkeep
|
|t:|1779928186
|switch|p2a: he protecc|Gholdengo|100/100
|-item|p2a: he protecc|Air Balloon
|turn|19
|
|t:|1779928191
|move|p1a: Barraskewda|Liquidation|p2a: he protecc
|-damage|p2a: he protecc|0 fnt
|-enditem|p2a: he protecc|Air Balloon
|faint|p2a: he protecc
|
|win|marlon morales
|raw|marlon morales's rating: 1163 &rarr; <strong>1188</strong><br />(+25 for winning)
|raw|Amoroc's rating: 1164 &rarr; <strong>1139</strong><br />(-25 for losing)
|l|☆marlon morales
|player|p1|
|l|☆Amoroc
|player|p2|
