|j|☆Scepticskep
|j|☆KnuckleTesting
|t:|1779905901
|gametype|singles
|player|p1|Scepticskep|pokemaniac|1471
|player|p2|KnuckleTesting|170|1480
|gen|9
|tier|[Gen 9] OU
|rated|
|rule|HP Percentage Mod: HP is shown in percentages
|rule|Endless Battle Clause: Forcing endless battles is banned
|rule|Species Clause: Limit one of each Pokémon
|rule|OHKO Clause: OHKO moves are banned
|rule|Evasion Items Clause: Evasion items are banned
|rule|Evasion Moves Clause: Evasion moves are banned
|rule|Evasion Abilities Clause: Evasion abilities are banned
|rule|Sleep Moves Clause: Sleep-inducing moves are banned
|clearpoke
|poke|p1|Cramorant, F|
|poke|p1|Kingambit, F|
|poke|p1|Iron Moth|
|poke|p1|Enamorus, F|
|poke|p1|Great Tusk|
|poke|p1|Ceruledge, F|
|poke|p2|Clodsire, F|
|poke|p2|Toxapex, M|
|poke|p2|Corviknight, F|
|poke|p2|Dondozo, M|
|poke|p2|Clefable, F|
|poke|p2|Gliscor, F|
|teampreview
|inactive|Battle timer is ON: inactive players will automatically lose when time's up. (requested by KnuckleTesting)
|inactive|Scepticskep also wants the timer to be on.
|
|t:|1779905918
|teamsize|p1|6
|teamsize|p2|6
|start
|switch|p1a: Cramorant|Cramorant, F, shiny|100/100
|switch|p2a: Toxapex|Toxapex, M|100/100
|turn|1
|
|t:|1779905925
|switch|p1a: Iron Moth|Iron Moth|100/100
|-enditem|p1a: Iron Moth|Booster Energy
|-activate|p1a: Iron Moth|ability: Quark Drive|[fromitem]
|-start|p1a: Iron Moth|quarkdrivespe
|move|p2a: Toxapex|Poison Jab|p1a: Iron Moth
|-resisted|p1a: Iron Moth
|-damage|p1a: Iron Moth|88/100
|
|upkeep
|turn|2
|
|t:|1779905929
|switch|p2a: Clodsire|Clodsire, F|100/100
|move|p1a: Iron Moth|Fiery Dance|p2a: Clodsire
|-damage|p2a: Clodsire|79/100
|-boost|p1a: Iron Moth|spa|1
|
|upkeep
|turn|3
|
|t:|1779905936
|-end|p1a: Iron Moth|Quark Drive|[silent]
|switch|p1a: Great Tusk|Great Tusk|100/100
|-enditem|p1a: Great Tusk|Booster Energy
|-activate|p1a: Great Tusk|ability: Protosynthesis|[fromitem]
|-start|p1a: Great Tusk|protosynthesisatk
|move|p2a: Clodsire|Spikes|p1a: Great Tusk
|-sidestart|p1: Scepticskep|Spikes
|
|upkeep
|turn|4
|
|t:|1779905942
|switch|p2a: Dondozo|Dondozo, M|100/100
|move|p1a: Great Tusk|Rapid Spin|p2a: Dondozo
|-crit|p2a: Dondozo
|-damage|p2a: Dondozo|86/100
|-boost|p1a: Great Tusk|spe|1
|-sideend|p1: Scepticskep|Spikes|[from] move: Rapid Spin|[of] p1a: Great Tusk
|
|-heal|p2a: Dondozo|92/100|[from] item: Leftovers
|upkeep
|turn|5
|
|t:|1779905948
|-terastallize|p1a: Great Tusk|Electric
|move|p1a: Great Tusk|Supercell Slam|p2a: Dondozo
|-supereffective|p2a: Dondozo
|-damage|p2a: Dondozo|29/100
|move|p2a: Dondozo|Curse|p2a: Dondozo
|-unboost|p2a: Dondozo|spe|1
|-boost|p2a: Dondozo|atk|1
|-boost|p2a: Dondozo|def|1
|
|-heal|p2a: Dondozo|35/100|[from] item: Leftovers
|upkeep
|turn|6
|c|☆KnuckleTesting|This is getting Out of Hand hahahaha
|inactive|KnuckleTesting has 120 seconds left.
|c|☆KnuckleTesting|I feel Like people See my Team, can pinpoint exact counters and then get Matched Up vs me
|inactive|KnuckleTesting has 90 seconds left.
|
|t:|1779906022
|-terastallize|p2a: Dondozo|Dark
|move|p1a: Great Tusk|Ice Spinner|p2a: Dondozo
|-damage|p2a: Dondozo|25/100
|move|p2a: Dondozo|Rest|p2a: Dondozo
|-status|p2a: Dondozo|slp|[from] move: Rest
|-heal|p2a: Dondozo|100/100 slp|[silent]
|
|upkeep
|turn|7
|
|t:|1779906031
|move|p1a: Great Tusk|Headlong Rush|p2a: Dondozo
|-damage|p2a: Dondozo|76/100 slp
|-unboost|p1a: Great Tusk|def|1
|-unboost|p1a: Great Tusk|spd|1
|cant|p2a: Dondozo|slp
|move|p2a: Dondozo|Sleep Talk|p2a: Dondozo
|move|p2a: Dondozo|Curse|p2a: Dondozo|[from] move: Sleep Talk
|-unboost|p2a: Dondozo|spe|1
|-boost|p2a: Dondozo|atk|1
|-boost|p2a: Dondozo|def|1
|
|-heal|p2a: Dondozo|82/100 slp|[from] item: Leftovers
|upkeep
|turn|8
|
|t:|1779906033
|move|p1a: Great Tusk|Headlong Rush|p2a: Dondozo
|-damage|p2a: Dondozo|63/100 slp
|-unboost|p1a: Great Tusk|def|1
|-unboost|p1a: Great Tusk|spd|1
|cant|p2a: Dondozo|slp
|move|p2a: Dondozo|Sleep Talk|p2a: Dondozo
|move|p2a: Dondozo|Rest||[from] move: Sleep Talk|[still]
|-fail|p2a: Dondozo
|
|-heal|p2a: Dondozo|69/100 slp|[from] item: Leftovers
|upkeep
|turn|9
|
|t:|1779906036
|-end|p1a: Great Tusk|Protosynthesis|[silent]
|switch|p1a: Enamorus|Enamorus, F|100/100
|-curestatus|p2a: Dondozo|slp|[msg]
|move|p2a: Dondozo|Crunch|p1a: Enamorus
|-resisted|p1a: Enamorus
|-damage|p1a: Enamorus|49/100
|
|-heal|p2a: Dondozo|75/100|[from] item: Leftovers
|upkeep
|turn|10
|
|t:|1779906041
|switch|p2a: Clodsire|Clodsire, F|79/100
|move|p1a: Enamorus|Superpower|p2a: Clodsire
|-resisted|p2a: Clodsire
|-damage|p2a: Clodsire|61/100
|-boost|p1a: Enamorus|atk|1
|-boost|p1a: Enamorus|def|1
|
|upkeep
|turn|11
|
|t:|1779906043
|move|p1a: Enamorus|Earth Power|p2a: Clodsire
|-supereffective|p2a: Clodsire
|-damage|p2a: Clodsire|28/100
|move|p2a: Clodsire|Poison Jab|p1a: Enamorus
|-supereffective|p1a: Enamorus
|-damage|p1a: Enamorus|0 fnt
|faint|p1a: Enamorus
|
|upkeep
|
|t:|1779906051
|switch|p1a: Cramorant|Cramorant, F, shiny|100/100
|turn|12
|
|t:|1779906058
|switch|p2a: Toxapex|Toxapex, M|100/100
|move|p1a: Cramorant|Surf|p2a: Toxapex
|-formechange|p1a: Cramorant|Cramorant-Gulping|
|-resisted|p2a: Toxapex
|-damage|p2a: Toxapex|86/100
|
|-heal|p2a: Toxapex|92/100|[from] item: Leftovers
|upkeep
|turn|13
|
|t:|1779906064
|switch|p1a: Kingambit|Kingambit, F|100/100
|-activate|p1a: Kingambit|ability: Supreme Overlord
|-start|p1a: Kingambit|fallen1|[silent]
|move|p2a: Toxapex|Infestation|p1a: Kingambit
|-damage|p1a: Kingambit|97/100
|-activate|p1a: Kingambit|move: Infestation|[of] p2a: Toxapex
|
|-heal|p2a: Toxapex|98/100|[from] item: Leftovers
|-damage|p1a: Kingambit|85/100|[from] move: Infestation|[partiallytrapped]
|upkeep
|turn|14
|
|t:|1779906077
|move|p1a: Kingambit|Swords Dance|p1a: Kingambit
|-boost|p1a: Kingambit|atk|2
|move|p2a: Toxapex|Poison Jab|p1a: Kingambit
|-immune|p1a: Kingambit
|
|-heal|p2a: Toxapex|100/100|[from] item: Leftovers
|-damage|p1a: Kingambit|72/100|[from] move: Infestation|[partiallytrapped]
|upkeep
|turn|15
|
|t:|1779906082
|move|p2a: Toxapex|Baneful Bunker|p2a: Toxapex
|-singleturn|p2a: Toxapex|move: Protect
|move|p1a: Kingambit|Sucker Punch||[still]
|-fail|p1a: Kingambit
|
|-damage|p1a: Kingambit|60/100|[from] move: Infestation|[partiallytrapped]
|upkeep
|turn|16
|
|t:|1779906087
|move|p1a: Kingambit|Sucker Punch||[still]
|-fail|p1a: Kingambit
|move|p2a: Toxapex|Recover||[still]
|-fail|p2a: Toxapex|heal
|
|-damage|p1a: Kingambit|48/100|[from] move: Infestation|[partiallytrapped]
|upkeep
|turn|17
|
|t:|1779906091
|switch|p2a: Dondozo|Dondozo, M, tera:Dark|75/100
|move|p1a: Kingambit|Iron Head|p2a: Dondozo
|-damage|p2a: Dondozo|45/100
|-damage|p1a: Kingambit|38/100|[from] item: Life Orb
|
|-heal|p2a: Dondozo|51/100|[from] item: Leftovers
|-end|p1a: Kingambit|Infestation|[partiallytrapped]
|upkeep
|turn|18
|
|t:|1779906099
|move|p1a: Kingambit|Low Kick|p2a: Dondozo
|-supereffective|p2a: Dondozo
|-damage|p2a: Dondozo|0 fnt
|faint|p2a: Dondozo
|-damage|p1a: Kingambit|28/100|[from] item: Life Orb
|
|upkeep
|
|t:|1779906101
|switch|p2a: Gliscor|Gliscor, F|100/100
|turn|19
|
|t:|1779906109
|move|p2a: Gliscor|Substitute|p2a: Gliscor
|-start|p2a: Gliscor|Substitute
|-damage|p2a: Gliscor|75/100
|move|p1a: Kingambit|Iron Head|p2a: Gliscor
|-end|p2a: Gliscor|Substitute
|-damage|p1a: Kingambit|18/100|[from] item: Life Orb
|
|-status|p2a: Gliscor|tox|[from] item: Toxic Orb
|upkeep
|turn|20
|
|t:|1779906114
|-end|p1a: Kingambit|fallen1|[silent]
|switch|p1a: Cramorant|Cramorant, F, shiny|100/100
|move|p2a: Gliscor|Protect||[still]
|-fail|p2a: Gliscor
|
|-heal|p2a: Gliscor|88/100 tox|[from] ability: Poison Heal
|upkeep
|turn|21
|
|t:|1779906119
|move|p2a: Gliscor|Substitute|p2a: Gliscor
|-start|p2a: Gliscor|Substitute
|-damage|p2a: Gliscor|63/100 tox
|move|p1a: Cramorant|Surf|p2a: Gliscor
|-formechange|p1a: Cramorant|Cramorant-Gulping|
|-supereffective|p2a: Gliscor
|-end|p2a: Gliscor|Substitute
|
|-heal|p2a: Gliscor|75/100 tox|[from] ability: Poison Heal
|upkeep
|turn|22
|
|t:|1779906122
|switch|p2a: Toxapex|Toxapex, M|100/100
|move|p1a: Cramorant|Surf|p2a: Toxapex
|-resisted|p2a: Toxapex
|-damage|p2a: Toxapex|85/100
|
|-heal|p2a: Toxapex|91/100|[from] item: Leftovers
|upkeep
|turn|23
|
|t:|1779906127
|move|p1a: Cramorant|Hurricane|p2a: Toxapex
|-damage|p2a: Toxapex|49/100
|move|p2a: Toxapex|Infestation|p1a: Cramorant
|-resisted|p1a: Cramorant
|-damage|p1a: Cramorant|99/100
|-activate|p1a: Cramorant|move: Infestation|[of] p2a: Toxapex
|-damage|p2a: Toxapex|24/100|[from] ability: Gulp Missile|[of] p1a: Cramorant
|-unboost|p2a: Toxapex|def|1
|-formechange|p1a: Cramorant|Cramorant|
|
|-heal|p2a: Toxapex|30/100|[from] item: Leftovers
|-damage|p1a: Cramorant|86/100|[from] move: Infestation|[partiallytrapped]
|upkeep
|turn|24
|
|t:|1779906137
|switch|p2a: Corviknight|Corviknight, F|100/100
|-ability|p2a: Corviknight|Pressure
|move|p1a: Cramorant|Hurricane|p2a: Corviknight|[miss]
|-miss|p1a: Cramorant|p2a: Corviknight
|
|-end|p1a: Cramorant|Infestation|[partiallytrapped]|[silent]
|upkeep
|turn|25
|
|t:|1779906141
|switch|p2a: Toxapex|Toxapex, M|64/100
|move|p1a: Cramorant|Surf|p2a: Toxapex
|-formechange|p1a: Cramorant|Cramorant-Gulping|
|-resisted|p2a: Toxapex
|-damage|p2a: Toxapex|48/100
|
|-heal|p2a: Toxapex|54/100|[from] item: Leftovers
|upkeep
|turn|26
|
|t:|1779906145
|move|p1a: Cramorant|Hurricane|p2a: Toxapex
|-damage|p2a: Toxapex|12/100
|move|p2a: Toxapex|Recover|p2a: Toxapex
|-heal|p2a: Toxapex|62/100
|
|-heal|p2a: Toxapex|69/100|[from] item: Leftovers
|upkeep
|turn|27
|
|t:|1779906149
|move|p1a: Cramorant|Hurricane|p2a: Toxapex
|-damage|p2a: Toxapex|29/100
|move|p2a: Toxapex|Recover|p2a: Toxapex
|-heal|p2a: Toxapex|79/100
|
|-heal|p2a: Toxapex|85/100|[from] item: Leftovers
|upkeep
|turn|28
|
|t:|1779906152
|move|p1a: Cramorant|Hurricane|p2a: Toxapex
|-damage|p2a: Toxapex|46/100
|-start|p2a: Toxapex|confusion
|-activate|p2a: Toxapex|confusion
|move|p2a: Toxapex|Infestation|p1a: Cramorant
|-resisted|p1a: Cramorant
|-damage|p1a: Cramorant|84/100
|-activate|p1a: Cramorant|move: Infestation|[of] p2a: Toxapex
|-damage|p2a: Toxapex|21/100|[from] ability: Gulp Missile|[of] p1a: Cramorant
|-unboost|p2a: Toxapex|def|1
|-formechange|p1a: Cramorant|Cramorant|
|
|-heal|p2a: Toxapex|27/100|[from] item: Leftovers
|-damage|p1a: Cramorant|72/100|[from] move: Infestation|[partiallytrapped]
|upkeep
|turn|29
|c|☆KnuckleTesting|You surely are lucky
|
|t:|1779906165
|-activate|p2a: Toxapex|confusion
|move|p2a: Toxapex|Baneful Bunker|p2a: Toxapex
|-singleturn|p2a: Toxapex|move: Protect
|move|p1a: Cramorant|Hurricane|p2a: Toxapex
|-activate|p2a: Toxapex|move: Protect
|
|-heal|p2a: Toxapex|33/100|[from] item: Leftovers
|-damage|p1a: Cramorant|60/100|[from] move: Infestation|[partiallytrapped]
|upkeep
|turn|30
|
|t:|1779906174
|switch|p2a: Clefable|Clefable, F|100/100
|move|p1a: Cramorant|Hurricane|p2a: Clefable
|-damage|p2a: Clefable|55/100
|
|-end|p1a: Cramorant|Infestation|[partiallytrapped]|[silent]
|upkeep
|turn|31
|
|t:|1779906183
|move|p1a: Cramorant|Surf|p2a: Clefable
|-formechange|p1a: Cramorant|Cramorant-Gulping|
|-damage|p2a: Clefable|18/100
|move|p2a: Clefable|Stealth Rock|p1a: Cramorant
|-sidestart|p1: Scepticskep|move: Stealth Rock
|
|upkeep
|turn|32
|
|t:|1779906188
|switch|p2a: Toxapex|Toxapex, M|67/100
|move|p1a: Cramorant|Defog|p2a: Toxapex
|-unboost|p2a: Toxapex|evasion|1
|-sideend|p1: Scepticskep|Stealth Rock|[from] move: Defog|[of] p1a: Cramorant
|
|-heal|p2a: Toxapex|73/100|[from] item: Leftovers
|upkeep
|turn|33
|
|t:|1779906192
|move|p1a: Cramorant|Hurricane|p2a: Toxapex
|-damage|p2a: Toxapex|30/100
|move|p2a: Toxapex|Poison Jab|p1a: Cramorant
|-damage|p1a: Cramorant|25/100
|-status|p1a: Cramorant|psn
|-damage|p2a: Toxapex|5/100|[from] ability: Gulp Missile|[of] p1a: Cramorant
|-unboost|p2a: Toxapex|def|1
|-formechange|p1a: Cramorant|Cramorant|
|
|-heal|p2a: Toxapex|12/100|[from] item: Leftovers
|-damage|p1a: Cramorant|13/100 psn|[from] psn
|upkeep
|turn|34
|
|t:|1779906197
|move|p2a: Toxapex|Baneful Bunker|p2a: Toxapex
|-singleturn|p2a: Toxapex|move: Protect
|move|p1a: Cramorant|Surf|p2a: Toxapex
|-activate|p2a: Toxapex|move: Protect
|
|-heal|p2a: Toxapex|18/100|[from] item: Leftovers
|-damage|p1a: Cramorant|0 fnt|[from] psn
|faint|p1a: Cramorant
|upkeep
|
|t:|1779906204
|switch|p1a: Iron Moth|Iron Moth|88/100
|turn|35
|inactive|KnuckleTesting has 120 seconds left.
|
|t:|1779906244
|switch|p2a: Clefable|Clefable, F|18/100
|move|p1a: Iron Moth|Energy Ball|p2a: Clefable
|-damage|p2a: Clefable|0 fnt
|faint|p2a: Clefable
|
|upkeep
|
|t:|1779906247
|switch|p2a: Clodsire|Clodsire, F|28/100
|turn|36
|
|t:|1779906254
|-end|p1a: Iron Moth|Quark Drive|[silent]
|switch|p1a: Great Tusk|Great Tusk, tera:Electric|100/100
|move|p2a: Clodsire|Recover|p2a: Clodsire
|-heal|p2a: Clodsire|78/100
|
|upkeep
|turn|37
|
|t:|1779906263
|switch|p2a: Corviknight|Corviknight, F|100/100
|-ability|p2a: Corviknight|Pressure
|move|p1a: Great Tusk|Headlong Rush|p2a: Corviknight
|-immune|p2a: Corviknight
|
|upkeep
|turn|38
|
|t:|1779906269
|-end|p1a: Great Tusk|Protosynthesis|[silent]
|switch|p1a: Ceruledge|Ceruledge, F|100/100
|move|p2a: Corviknight|Protect||[still]
|-fail|p2a: Corviknight
|
|upkeep
|turn|39
|
|t:|1779906274
|switch|p2a: Toxapex|Toxapex, M|51/100
|move|p1a: Ceruledge|Swords Dance|p1a: Ceruledge
|-boost|p1a: Ceruledge|atk|2
|
|-heal|p2a: Toxapex|57/100|[from] item: Leftovers
|upkeep
|turn|40
|
|t:|1779906279
|move|p2a: Toxapex|Baneful Bunker|p2a: Toxapex
|-singleturn|p2a: Toxapex|move: Protect
|move|p1a: Ceruledge|Poltergeist|p2a: Toxapex
|-activate|p2a: Toxapex|move: Protect
|
|-heal|p2a: Toxapex|64/100|[from] item: Leftovers
|upkeep
|turn|41
|
|t:|1779906282
|move|p1a: Ceruledge|Poltergeist|p2a: Toxapex
|-activate|p2a: Toxapex|move: Poltergeist|Leftovers
|-damage|p2a: Toxapex|0 fnt
|faint|p2a: Toxapex
|
|upkeep
|-message|KnuckleTesting forfeited.
|
|win|Scepticskep
|raw|Scepticskep's rating: 1471 &rarr; <strong>1492</strong><br />(+21 for winning)
|raw|KnuckleTesting's rating: 1480 &rarr; <strong>1459</strong><br />(-21 for losing)
|l|☆KnuckleTesting
|player|p2|
