|j|☆klopkik
|j|☆LanceStern
|t:|1779930081
|gametype|singles
|player|p1|klopkik|101|1561
|player|p2|LanceStern|brock|1651
|gen|9
|tier|[Gen 9] OU
|rated|
|rule|HP Percentage Mod: HP is shown in percentages
|rule|Endless Battle Clause: Forcing endless battles is banned
|rule|Species Clause: Limit one of each Pokémon
|rule|OHKO Clause: OHKO moves are banned
|rule|Evasion Items Clause: Evasion items are banned
|rule|Evasion Moves Clause: Evasion moves are banned
|rule|Evasion Abilities Clause: Evasion abilities are banned
|rule|Sleep Moves Clause: Sleep-inducing moves are banned
|clearpoke
|poke|p1|Ursaluna, M|
|poke|p1|Toxapex, F|
|poke|p1|Heatran, M|
|poke|p1|Hydreigon, M|
|poke|p1|Hatterene, F|
|poke|p1|Zapdos-Galar|
|poke|p2|Deoxys-Speed|
|poke|p2|Iron Moth|
|poke|p2|Samurott-Hisui, F|
|poke|p2|Great Tusk|
|poke|p2|Scizor, F|
|poke|p2|Sinistcha-Masterpiece|
|teampreview
|inactive|Battle timer is ON: inactive players will automatically lose when time's up. (requested by klopkik)
|inactive|LanceStern has 120 seconds left.
|inactive|LanceStern has 90 seconds left.
|inactive|LanceStern has 60 seconds left.
|
|t:|1779930200
|teamsize|p1|6
|teamsize|p2|6
|start
|switch|p1a: Zapdos|Zapdos-Galar|100/100
|switch|p2a: Scizor|Scizor, F|100/100
|turn|1
|
|t:|1779930208
|switch|p1a: Toxapex|Toxapex, F|100/100
|move|p2a: Scizor|Knock Off|p1a: Toxapex
|-damage|p1a: Toxapex|54/100
|-enditem|p1a: Toxapex|Eject Button|[from] move: Knock Off|[of] p2a: Scizor
|
|upkeep
|turn|2
|inactive|LanceStern has 120 seconds left.
|
|t:|1779930217
|switch|p1a: Zapdos|Zapdos-Galar|100/100
|move|p2a: Scizor|Knock Off|p1a: Zapdos
|-resisted|p1a: Zapdos
|-damage|p1a: Zapdos|69/100
|-enditem|p1a: Zapdos|Choice Scarf|[from] move: Knock Off|[of] p2a: Scizor
|
|upkeep
|turn|3
|inactive|LanceStern has 120 seconds left.
|
|t:|1779930240
|switch|p2a: Deoxys|Deoxys-Speed|100/100
|-ability|p2a: Deoxys|Pressure
|move|p1a: Zapdos|Close Combat|p2a: Deoxys
|-resisted|p2a: Deoxys
|-damage|p2a: Deoxys|44/100
|-unboost|p1a: Zapdos|def|1
|-unboost|p1a: Zapdos|spd|1
|
|upkeep
|turn|4
|
|t:|1779930249
|switch|p1a: Hatterene|Hatterene, F|100/100
|move|p2a: Deoxys|Thunderbolt|p1a: Hatterene
|-damage|p1a: Hatterene|71/100
|
|-heal|p1a: Hatterene|77/100|[from] item: Leftovers
|upkeep
|turn|5
|inactive|LanceStern has 120 seconds left.
|
|t:|1779930258
|switch|p2a: Sinistcha|Sinistcha-Masterpiece|100/100
|move|p1a: Hatterene|Draining Kiss|p2a: Sinistcha
|-damage|p2a: Sinistcha|73/100
|-heal|p1a: Hatterene|99/100|[from] drain|[of] p2a: Sinistcha
|
|-heal|p1a: Hatterene|100/100|[from] item: Leftovers
|upkeep
|turn|6
|
|t:|1779930266
|switch|p1a: Hydreigon|Hydreigon, M|100/100
|move|p2a: Sinistcha|Shadow Ball|p1a: Hydreigon
|-resisted|p1a: Hydreigon
|-damage|p1a: Hydreigon|81/100
|
|upkeep
|turn|7
|
|t:|1779930275
|switch|p2a: Samurott|Samurott-Hisui, F|100/100
|move|p1a: Hydreigon|Draco Meteor|p2a: Samurott
|-enditem|p2a: Samurott|Focus Sash
|-damage|p2a: Samurott|1/100
|-unboost|p1a: Hydreigon|spa|2
|
|upkeep
|turn|8
|
|t:|1779930285
|switch|p2a: Sinistcha|Sinistcha-Masterpiece|73/100
|move|p1a: Hydreigon|Draco Meteor|p2a: Sinistcha
|-damage|p2a: Sinistcha|20/100
|-unboost|p1a: Hydreigon|spa|2
|
|upkeep
|turn|9
|
|t:|1779930293
|move|p1a: Hydreigon|Draco Meteor|p2a: Sinistcha
|-damage|p2a: Sinistcha|0 fnt
|-unboost|p1a: Hydreigon|spa|2
|faint|p2a: Sinistcha
|
|upkeep
|
|t:|1779930299
|switch|p2a: Iron Moth|Iron Moth|100/100
|-enditem|p2a: Iron Moth|Booster Energy
|-activate|p2a: Iron Moth|ability: Quark Drive|[fromitem]
|-start|p2a: Iron Moth|quarkdrivespe
|turn|10
|inactive|klopkik has 120 seconds left.
|
|t:|1779930341
|-end|p2a: Iron Moth|Quark Drive|[silent]
|switch|p2a: Samurott|Samurott-Hisui, F|1/100
|switch|p1a: Toxapex|Toxapex, F|88/100
|
|upkeep
|turn|11
|
|t:|1779930349
|move|p2a: Samurott|Ceaseless Edge|p1a: Toxapex|[miss]
|-miss|p2a: Samurott|p1a: Toxapex
|move|p1a: Toxapex|Toxic|p2a: Samurott
|-status|p2a: Samurott|tox
|
|-damage|p2a: Samurott|0 fnt|[from] psn
|faint|p2a: Samurott
|upkeep
|
|t:|1779930355
|switch|p2a: Deoxys|Deoxys-Speed|44/100
|-ability|p2a: Deoxys|Pressure
|turn|12
|inactive|klopkik has 120 seconds left.
|
|t:|1779930386
|move|p2a: Deoxys|Psychic|p1a: Toxapex
|-supereffective|p1a: Toxapex
|-damage|p1a: Toxapex|21/100
|move|p1a: Toxapex|Toxic|p2a: Deoxys
|-status|p2a: Deoxys|tox
|
|-damage|p2a: Deoxys|38/100 tox|[from] psn
|upkeep
|turn|13
|inactive|klopkik has 90 seconds left.
|
|t:|1779930414
|switch|p1a: Hatterene|Hatterene, F|100/100
|move|p2a: Deoxys|Thunderbolt|p1a: Hatterene
|-crit|p1a: Hatterene
|-damage|p1a: Hatterene|55/100
|
|-heal|p1a: Hatterene|61/100|[from] item: Leftovers
|-damage|p2a: Deoxys|26/100 tox|[from] psn
|upkeep
|turn|14
|
|t:|1779930421
|switch|p2a: Scizor|Scizor, F|100/100
|switch|p1a: Ursaluna|Ursaluna, M|100/100
|
|-status|p1a: Ursaluna|brn|[from] item: Flame Orb
|upkeep
|turn|15
|
|t:|1779930428
|move|p1a: Ursaluna|Fire Punch|p2a: Scizor
|-supereffective|p2a: Scizor
|-damage|p2a: Scizor|0 fnt
|faint|p2a: Scizor
|
|-damage|p1a: Ursaluna|94/100 brn|[from] brn
|upkeep
|
|t:|1779930435
|switch|p2a: Great Tusk|Great Tusk|100/100
|turn|16
|
|t:|1779930439
|move|p2a: Great Tusk|Ice Spinner|p1a: Ursaluna
|-supereffective|p1a: Ursaluna
|-damage|p1a: Ursaluna|59/100 brn
|move|p1a: Ursaluna|Facade|p2a: Great Tusk
|-damage|p2a: Great Tusk|17/100
|-damage|p1a: Ursaluna|42/100 brn|[from] item: Rocky Helmet|[of] p2a: Great Tusk
|
|-damage|p1a: Ursaluna|36/100 brn|[from] brn
|upkeep
|turn|17
|
|t:|1779930449
|move|p2a: Great Tusk|Headlong Rush|p1a: Ursaluna
|-damage|p1a: Ursaluna|0 fnt
|-unboost|p2a: Great Tusk|def|1
|-unboost|p2a: Great Tusk|spd|1
|faint|p1a: Ursaluna
|
|upkeep
|
|t:|1779930452
|switch|p1a: Zapdos|Zapdos-Galar|69/100
|turn|18
|
|t:|1779930458
|move|p1a: Zapdos|Brave Bird|p2a: Great Tusk
|-supereffective|p2a: Great Tusk
|-damage|p2a: Great Tusk|0 fnt
|-damage|p1a: Zapdos|53/100|[from] item: Rocky Helmet|[of] p2a: Great Tusk
|faint|p2a: Great Tusk
|-end|p2a: Great Tusk|Protosynthesis|[silent]
|-damage|p1a: Zapdos|46/100|[from] Recoil
|
|upkeep
|
|t:|1779930463
|switch|p2a: Deoxys|Deoxys-Speed|26/100 tox
|-ability|p2a: Deoxys|Pressure
|turn|19
|
|t:|1779930470
|move|p2a: Deoxys|Thunderbolt|p1a: Zapdos
|-supereffective|p1a: Zapdos
|-damage|p1a: Zapdos|0 fnt
|faint|p1a: Zapdos
|
|-damage|p2a: Deoxys|20/100 tox|[from] psn
|upkeep
|
|t:|1779930481
|switch|p1a: Hydreigon|Hydreigon, M|81/100
|turn|20
|
|t:|1779930485
|move|p2a: Deoxys|Ice Beam|p1a: Hydreigon
|-supereffective|p1a: Hydreigon
|-damage|p1a: Hydreigon|7/100
|move|p1a: Hydreigon|Dark Pulse|p2a: Deoxys
|-supereffective|p2a: Deoxys
|-damage|p2a: Deoxys|0 fnt
|faint|p2a: Deoxys
|
|upkeep
|
|t:|1779930491
|switch|p2a: Iron Moth|Iron Moth|100/100
|turn|21
|
|t:|1779930494
|move|p2a: Iron Moth|Fiery Dance|p1a: Hydreigon
|-resisted|p1a: Hydreigon
|-damage|p1a: Hydreigon|0 fnt
|-boost|p2a: Iron Moth|spa|1
|faint|p1a: Hydreigon
|
|upkeep
|
|t:|1779930496
|switch|p1a: Heatran|Heatran, M|100/100
|-item|p1a: Heatran|Air Balloon
|turn|22
|
|t:|1779930508
|-terastallize|p2a: Iron Moth|Grass
|move|p2a: Iron Moth|Fiery Dance|p1a: Heatran
|-start|p1a: Heatran|ability: Flash Fire
|move|p1a: Heatran|Earth Power|p2a: Iron Moth
|-resisted|p2a: Iron Moth
|-damage|p2a: Iron Moth|87/100
|-unboost|p2a: Iron Moth|spd|1
|
|upkeep
|turn|23
|
|t:|1779930517
|move|p2a: Iron Moth|Dazzling Gleam|p1a: Heatran
|-resisted|p1a: Heatran
|-damage|p1a: Heatran|94/100
|-enditem|p1a: Heatran|Air Balloon
|move|p1a: Heatran|Magma Storm|p2a: Iron Moth
|-supereffective|p2a: Iron Moth
|-damage|p2a: Iron Moth|0 fnt
|faint|p2a: Iron Moth
|-end|p2a: Iron Moth|Quark Drive|[silent]
|
|win|klopkik
|raw|klopkik's rating: 1561 &rarr; <strong>1586</strong><br />(+25 for winning)
|raw|LanceStern's rating: 1651 &rarr; <strong>1626</strong><br />(-25 for losing)
|j| Clodmired
|l|☆LanceStern
|player|p2|
|l| Clodmired
|l|☆klopkik
|player|p1|
