|j|☆ghostoftheranch
|j|☆Bruen01
|t:|1779803796
|gametype|singles
|player|p1|ghostoftheranch|medium|1608
|player|p2|Bruen01|bruno|1662
|gen|9
|tier|[Gen 9] OU
|rated|
|rule|HP Percentage Mod: HP is shown in percentages
|rule|Endless Battle Clause: Forcing endless battles is banned
|rule|Species Clause: Limit one of each Pokémon
|rule|OHKO Clause: OHKO moves are banned
|rule|Evasion Items Clause: Evasion items are banned
|rule|Evasion Moves Clause: Evasion moves are banned
|rule|Evasion Abilities Clause: Evasion abilities are banned
|rule|Sleep Moves Clause: Sleep-inducing moves are banned
|clearpoke
|poke|p1|Torkoal, F|
|poke|p1|Fezandipiti, M|
|poke|p1|Great Tusk|
|poke|p1|Cinderace, M|
|poke|p1|Mandibuzz, F|
|poke|p1|Volcanion|
|poke|p2|Slowking-Galar, F|
|poke|p2|Landorus-Therian, M|
|poke|p2|Kyurem|
|poke|p2|Iron Valiant|
|poke|p2|Cinderace, F|
|poke|p2|Kingambit, F|
|teampreview
|inactive|Battle timer is ON: inactive players will automatically lose when time's up. (requested by ghostoftheranch)
|
|t:|1779803830
|teamsize|p1|6
|teamsize|p2|6
|start
|switch|p1a: Cinderace|Cinderace, M|100/100
|switch|p2a: Slowking|Slowking-Galar, F|100/100
|turn|1
|
|t:|1779803846
|switch|p1a: Great Tusk|Great Tusk|100/100
|-prepare|p2a: Slowking|Chilly Reception|[premajor]
|move|p2a: Slowking|Chilly Reception|p2a: Slowking
|-weather|Snowscape
|
|t:|1779803859
|switch|p2a: Kyurem|Kyurem|100/100|[from] Chilly Reception
|-ability|p2a: Kyurem|Pressure
|
|-weather|Snowscape|[upkeep]
|upkeep
|turn|2
|
|t:|1779803870
|-end|p1a: Great Tusk|Protosynthesis|[silent]
|switch|p1a: Fezandipiti|Fezandipiti, M|100/100
|move|p2a: Kyurem|Freeze-Dry|p1a: Fezandipiti
|-damage|p1a: Fezandipiti|63/100
|
|-weather|Snowscape|[upkeep]
|-heal|p1a: Fezandipiti|69/100|[from] item: Leftovers
|upkeep
|turn|3
|
|t:|1779803885
|switch|p2a: Slowking|Slowking-Galar, F|100/100
|switch|p1a: Torkoal|Torkoal, F|100/100
|-weather|SunnyDay|[from] ability: Drought|[of] p1a: Torkoal
|
|-weather|SunnyDay|[upkeep]
|upkeep
|turn|4
|
|t:|1779803888
|move|p1a: Torkoal|Stealth Rock|p2a: Slowking
|-sidestart|p2: Bruen01|move: Stealth Rock
|-prepare|p2a: Slowking|Chilly Reception|[premajor]
|move|p2a: Slowking|Chilly Reception|p2a: Slowking
|-weather|Snowscape
|
|t:|1779803902
|switch|p2a: Cinderace|Cinderace, F|100/100|[from] Chilly Reception
|
|-weather|Snowscape|[upkeep]
|upkeep
|turn|5
|
|t:|1779803910
|move|p2a: Cinderace|Court Change|p2a: Cinderace
|-start|p2a: Cinderace|typechange|Normal|[from] ability: Libero
|-swapsideconditions
|-activate|p2a: Cinderace|move: Court Change
|move|p1a: Torkoal|Stealth Rock|p2a: Cinderace
|-sidestart|p2: Bruen01|move: Stealth Rock
|
|-weather|Snowscape|[upkeep]
|upkeep
|turn|6
|
|t:|1779803926
|move|p2a: Cinderace|U-turn|p1a: Torkoal
|-resisted|p1a: Torkoal
|-damage|p1a: Torkoal|93/100
|
|t:|1779803944
|switch|p2a: Slowking|Slowking-Galar, F|100/100|[from] U-turn
|move|p1a: Torkoal|Rapid Spin|p2a: Slowking
|-damage|p2a: Slowking|91/100
|-boost|p1a: Torkoal|spe|1
|-sideend|p1: ghostoftheranch|Stealth Rock|[from] move: Rapid Spin|[of] p1a: Torkoal
|
|-weather|Snowscape|[upkeep]
|upkeep
|turn|7
|
|t:|1779803958
|switch|p1a: Fezandipiti|Fezandipiti, M|69/100
|move|p2a: Slowking|Sludge Bomb|p1a: Fezandipiti
|-damage|p1a: Fezandipiti|44/100
|
|-weather|Snowscape|[upkeep]
|-heal|p1a: Fezandipiti|50/100|[from] item: Leftovers
|upkeep
|turn|8
|j| hattybatty304
|
|t:|1779803982
|switch|p1a: Volcanion|Volcanion|100/100
|-prepare|p2a: Slowking|Chilly Reception|[premajor]
|move|p2a: Slowking|Chilly Reception|p2a: Slowking
|
|t:|1779803987
|switch|p2a: Landorus|Landorus-Therian, M|100/100|[from] Chilly Reception
|-damage|p2a: Landorus|88/100|[from] Stealth Rock
|-ability|p2a: Landorus|Intimidate|boost
|-unboost|p1a: Volcanion|atk|1
|
|-weather|none
|upkeep
|turn|9
|
|t:|1779804003
|switch|p1a: Mandibuzz|Mandibuzz, F|100/100
|move|p2a: Landorus|Earthquake|p1a: Mandibuzz
|-immune|p1a: Mandibuzz
|
|upkeep
|turn|10
|j| Darck-Meralice
|
|t:|1779804012
|move|p2a: Landorus|Stealth Rock|p1a: Mandibuzz
|-sidestart|p1: ghostoftheranch|move: Stealth Rock
|move|p1a: Mandibuzz|Foul Play|p2a: Landorus
|-damage|p2a: Landorus|47/100
|-damage|p1a: Mandibuzz|84/100|[from] item: Rocky Helmet|[of] p2a: Landorus
|
|upkeep
|turn|11
|
|t:|1779804022
|switch|p2a: Slowking|Slowking-Galar, F|100/100
|move|p1a: Mandibuzz|Defog|p2a: Slowking
|-unboost|p2a: Slowking|evasion|1
|-sideend|p2: Bruen01|Stealth Rock|[from] move: Defog|[of] p1a: Mandibuzz
|-sideend|p1: ghostoftheranch|Stealth Rock|[from] move: Defog|[of] p1a: Mandibuzz
|
|upkeep
|turn|12
|
|t:|1779804035
|switch|p1a: Torkoal|Torkoal, F|93/100
|-weather|SunnyDay|[from] ability: Drought|[of] p1a: Torkoal
|move|p2a: Slowking|Toxic|p1a: Torkoal
|-status|p1a: Torkoal|tox
|
|-weather|SunnyDay|[upkeep]
|-damage|p1a: Torkoal|87/100 tox|[from] psn
|upkeep
|turn|13
|j| Disscratch
|
|t:|1779804063
|move|p1a: Torkoal|Stealth Rock|p2a: Slowking
|-sidestart|p2: Bruen01|move: Stealth Rock
|move|p2a: Slowking|Future Sight|p1a: Torkoal
|-start|p2a: Slowking|move: Future Sight
|
|-weather|SunnyDay|[upkeep]
|-damage|p1a: Torkoal|74/100 tox|[from] psn
|upkeep
|turn|14
|
|t:|1779804093
|switch|p1a: Great Tusk|Great Tusk|100/100
|-activate|p1a: Great Tusk|ability: Protosynthesis
|-start|p1a: Great Tusk|protosynthesisatk
|-prepare|p2a: Slowking|Chilly Reception|[premajor]
|move|p2a: Slowking|Chilly Reception|p2a: Slowking
|-weather|Snowscape
|-end|p1a: Great Tusk|Protosynthesis
|l| Disscratch
|inactive|Bruen01 has 120 seconds left.
|j| Disscratch
|
|t:|1779804127
|switch|p2a: Iron Valiant|Iron Valiant|100/100|[from] Chilly Reception
|-damage|p2a: Iron Valiant|94/100|[from] Stealth Rock
|-enditem|p2a: Iron Valiant|Booster Energy
|-activate|p2a: Iron Valiant|ability: Quark Drive|[fromitem]
|-start|p2a: Iron Valiant|quarkdrivespe
|
|-weather|Snowscape|[upkeep]
|upkeep
|turn|15
|inactive|ghostoftheranch has 120 seconds left.
|
|t:|1779804159
|-end|p1a: Great Tusk|Protosynthesis|[silent]
|switch|p1a: Fezandipiti|Fezandipiti, M|50/100
|move|p2a: Iron Valiant|Moonblast|p1a: Fezandipiti
|-resisted|p1a: Fezandipiti
|-damage|p1a: Fezandipiti|34/100
|
|-weather|Snowscape|[upkeep]
|-end|p1a: Fezandipiti|move: Future Sight
|-supereffective|p1a: Fezandipiti
|-damage|p1a: Fezandipiti|0 fnt
|faint|p1a: Fezandipiti
|upkeep
|
|t:|1779804173
|switch|p1a: Torkoal|Torkoal, F|74/100 tox
|-weather|SunnyDay|[from] ability: Drought|[of] p1a: Torkoal
|turn|16
|inactive|Bruen01 has 120 seconds left.
|
|t:|1779804194
|move|p2a: Iron Valiant|Moonblast|p1a: Torkoal
|-resisted|p1a: Torkoal
|-damage|p1a: Torkoal|40/100 tox
|move|p1a: Torkoal|Fire Blast|p2a: Iron Valiant
|-damage|p2a: Iron Valiant|0 fnt
|faint|p2a: Iron Valiant
|-end|p2a: Iron Valiant|Quark Drive|[silent]
|
|-weather|SunnyDay|[upkeep]
|-damage|p1a: Torkoal|34/100 tox|[from] psn
|upkeep
|
|t:|1779804204
|switch|p2a: Slowking|Slowking-Galar, F|100/100
|turn|17
|j| 0RickMountStrong
|inactive|ghostoftheranch has 120 seconds left.
|
|t:|1779804220
|move|p1a: Torkoal|Earth Power|p2a: Slowking
|-supereffective|p2a: Slowking
|-damage|p2a: Slowking|74/100
|-prepare|p2a: Slowking|Chilly Reception|[premajor]
|move|p2a: Slowking|Chilly Reception|p2a: Slowking
|-weather|Snowscape
|inactive|Bruen01 has 90 seconds left.
|
|t:|1779804255
|switch|p2a: Kyurem|Kyurem|100/100|[from] Chilly Reception
|-damage|p2a: Kyurem|76/100|[from] Stealth Rock
|-ability|p2a: Kyurem|Pressure
|
|-weather|Snowscape|[upkeep]
|-damage|p1a: Torkoal|21/100 tox|[from] psn
|upkeep
|turn|18
|l| Darck-Meralice
|inactive|ghostoftheranch has 120 seconds left.
|inactive|Bruen01 has 90 seconds left.
|
|t:|1779804274
|switch|p1a: Cinderace|Cinderace, M|100/100
|move|p2a: Kyurem|Freeze-Dry|p1a: Cinderace
|-resisted|p1a: Cinderace
|-damage|p1a: Cinderace|59/100
|-status|p1a: Cinderace|frz
|
|-weather|Snowscape|[upkeep]
|upkeep
|turn|19
|inactive|ghostoftheranch has 120 seconds left.
|
|t:|1779804285
|-curestatus|p1a: Cinderace|frz|[from] move: Pyro Ball
|move|p1a: Cinderace|Pyro Ball|p2a: Kyurem
|-damage|p2a: Kyurem|30/100
|move|p2a: Kyurem|Freeze-Dry|p1a: Cinderace
|-resisted|p1a: Cinderace
|-damage|p1a: Cinderace|18/100
|
|-weather|Snowscape|[upkeep]
|upkeep
|turn|20
|inactive|ghostoftheranch has 120 seconds left.
|inactive|Bruen01 has 90 seconds left.
|
|t:|1779804317
|switch|p2a: Cinderace|Cinderace, F|100/100
|move|p1a: Cinderace|Pyro Ball|p2a: Cinderace
|-resisted|p2a: Cinderace
|-damage|p2a: Cinderace|42/100
|
|-weather|Snowscape|[upkeep]
|upkeep
|turn|21
|inactive|ghostoftheranch has 90 seconds left.
|
|t:|1779804351
|switch|p1a: Mandibuzz|Mandibuzz, F|84/100
|move|p2a: Cinderace|Pyro Ball|p1a: Mandibuzz
|-damage|p1a: Mandibuzz|49/100
|-status|p1a: Mandibuzz|brn
|
|-weather|none
|-damage|p1a: Mandibuzz|43/100 brn|[from] brn
|upkeep
|turn|22
|inactive|ghostoftheranch has 90 seconds left.
|inactive|Bruen01 has 60 seconds left.
|
|t:|1779804380
|move|p2a: Cinderace|U-turn|p1a: Mandibuzz
|-start|p2a: Cinderace|typechange|Bug|[from] ability: Libero
|-damage|p1a: Mandibuzz|25/100 brn
|-damage|p2a: Cinderace|25/100|[from] item: Rocky Helmet|[of] p1a: Mandibuzz
|
|t:|1779804384
|switch|p2a: Slowking|Slowking-Galar, F|100/100|[from] U-turn
|move|p1a: Mandibuzz|Roost|p1a: Mandibuzz
|-heal|p1a: Mandibuzz|75/100 brn
|-singleturn|p1a: Mandibuzz|move: Roost
|
|-damage|p1a: Mandibuzz|69/100 brn|[from] brn
|upkeep
|turn|23
|inactive|ghostoftheranch has 90 seconds left.
|inactive|Bruen01 has 60 seconds left.
|
|t:|1779804401
|switch|p1a: Torkoal|Torkoal, F|21/100 tox
|-weather|SunnyDay|[from] ability: Drought|[of] p1a: Torkoal
|-prepare|p2a: Slowking|Chilly Reception|[premajor]
|move|p2a: Slowking|Chilly Reception|p2a: Slowking
|-weather|Snowscape
|
|t:|1779804406
|switch|p2a: Kyurem|Kyurem|30/100|[from] Chilly Reception
|-damage|p2a: Kyurem|5/100|[from] Stealth Rock
|-ability|p2a: Kyurem|Pressure
|
|-weather|Snowscape|[upkeep]
|-damage|p1a: Torkoal|15/100 tox|[from] psn
|upkeep
|turn|24
|inactive|ghostoftheranch has 90 seconds left.
|inactive|Bruen01 has 60 seconds left.
|
|t:|1779804429
|move|p2a: Kyurem|Freeze-Dry|p1a: Torkoal
|-resisted|p1a: Torkoal
|-crit|p1a: Torkoal
|-damage|p1a: Torkoal|0 fnt
|faint|p1a: Torkoal
|
|-weather|Snowscape|[upkeep]
|upkeep
|
|t:|1779804436
|switch|p1a: Cinderace|Cinderace, M|18/100
|turn|25
|
|t:|1779804451
|switch|p2a: Landorus|Landorus-Therian, M|47/100
|-damage|p2a: Landorus|35/100|[from] Stealth Rock
|-ability|p2a: Landorus|Intimidate|boost
|-unboost|p1a: Cinderace|atk|1
|move|p1a: Cinderace|Pyro Ball|p2a: Landorus
|-damage|p2a: Landorus|0 fnt
|faint|p2a: Landorus
|
|-weather|Snowscape|[upkeep]
|upkeep
|inactive|Bruen01 has 60 seconds left.
|l| 0RickMountStrong
|
|t:|1779804487
|switch|p2a: Cinderace|Cinderace, F|25/100
|turn|26
|inactive|ghostoftheranch has 90 seconds left.
|inactive|Bruen01 has 30 seconds left.
|
|t:|1779804513
|move|p2a: Cinderace|Pyro Ball|p1a: Cinderace
|-resisted|p1a: Cinderace
|-damage|p1a: Cinderace|0 fnt
|faint|p1a: Cinderace
|
|-weather|Snowscape|[upkeep]
|upkeep
|
|t:|1779804518
|switch|p1a: Great Tusk|Great Tusk|100/100
|turn|27
|inactive|ghostoftheranch has 90 seconds left.
|inactive|Bruen01 has 30 seconds left.
|
|t:|1779804544
|move|p1a: Great Tusk|Headlong Rush|p2a: Cinderace
|-supereffective|p2a: Cinderace
|-damage|p2a: Cinderace|0 fnt
|-unboost|p1a: Great Tusk|def|1
|-unboost|p1a: Great Tusk|spd|1
|faint|p2a: Cinderace
|
|-weather|none
|upkeep
|inactive|Bruen01 has 30 seconds left.
|inactive|Bruen01 has 20 seconds left.
|inactive|Bruen01 has 15 seconds left.
|
|t:|1779804567
|switch|p2a: Kingambit|Kingambit, F|100/100
|-damage|p2a: Kingambit|94/100|[from] Stealth Rock
|-activate|p2a: Kingambit|ability: Supreme Overlord
|-start|p2a: Kingambit|fallen3|[silent]
|turn|28
|inactive|Bruen01 has 25 seconds left this turn.
|inactive|ghostoftheranch has 90 seconds left.
|inactive|Bruen01 has 20 seconds left.
|
|t:|1779804599
|-end|p1a: Great Tusk|Protosynthesis|[silent]
|switch|p1a: Mandibuzz|Mandibuzz, F|69/100 brn
|-terastallize|p2a: Kingambit|Ghost
|move|p2a: Kingambit|Swords Dance|p2a: Kingambit
|-boost|p2a: Kingambit|atk|2
|
|-heal|p2a: Kingambit|100/100|[from] item: Leftovers
|-damage|p1a: Mandibuzz|63/100 brn|[from] brn
|upkeep
|turn|29
|inactive|Bruen01 has 30 seconds left this turn.
|inactive|Bruen01 has 20 seconds left.
|
|t:|1779804612
|move|p1a: Mandibuzz|Toxic|p2a: Kingambit|[miss]
|-miss|p1a: Mandibuzz|p2a: Kingambit
|move|p2a: Kingambit|Iron Head|p1a: Mandibuzz
|-damage|p1a: Mandibuzz|0 fnt
|-damage|p2a: Kingambit|84/100|[from] item: Rocky Helmet|[of] p1a: Mandibuzz
|faint|p1a: Mandibuzz
|
|-heal|p2a: Kingambit|90/100|[from] item: Leftovers
|upkeep
|inactive|ghostoftheranch has 60 seconds left.
|l| hattybatty304
|
|t:|1779804630
|switch|p1a: Volcanion|Volcanion|100/100
|turn|30
|inactive|ghostoftheranch has 60 seconds left.
|inactive|Bruen01 has 30 seconds left.
|inactive|Bruen01 has 20 seconds left.
|inactive|Bruen01 has 15 seconds left.
|inactive|Bruen01 has 10 seconds left.
|
|t:|1779804658
|move|p2a: Kingambit|Sucker Punch|p1a: Volcanion
|-damage|p1a: Volcanion|2/100
|move|p1a: Volcanion|Steam Eruption|p2a: Kingambit
|-damage|p2a: Kingambit|0 fnt
|faint|p2a: Kingambit
|-end|p2a: Kingambit|fallen3|[silent]
|
|upkeep
|inactive|Bruen01 has 15 seconds left this turn.
|inactive|Bruen01 has 10 seconds left.
|
|t:|1779804664
|switch|p2a: Slowking|Slowking-Galar, F|100/100
|turn|31
|inactive|Bruen01 has 20 seconds left this turn.
|inactive|Bruen01 has 15 seconds left.
|
|t:|1779804672
|move|p1a: Volcanion|Steam Eruption|p2a: Slowking
|-damage|p2a: Slowking|49/100
|move|p2a: Slowking|Future Sight|p1a: Volcanion
|-start|p2a: Slowking|move: Future Sight
|
|upkeep
|turn|32
|inactive|Bruen01 has 25 seconds left this turn.
|j| hattybatty304
|inactive|Bruen01 has 20 seconds left.
|
|t:|1779804678
|move|p1a: Volcanion|Steam Eruption|p2a: Slowking
|-damage|p2a: Slowking|0 fnt
|faint|p2a: Slowking
|
|upkeep
|inactive|Bruen01 has 25 seconds left this turn.
|
|t:|1779804682
|switch|p2a: Kyurem|Kyurem|5/100
|-damage|p2a: Kyurem|0 fnt|[from] Stealth Rock
|faint|p2a: Kyurem
|
|win|ghostoftheranch
|raw|ghostoftheranch's rating: 1608 &rarr; <strong>1631</strong><br />(+23 for winning)
|raw|Bruen01's rating: 1662 &rarr; <strong>1639</strong><br />(-23 for losing)
|c|☆Bruen01|gg
|l| hattybatty304
|l|☆ghostoftheranch
|player|p1|
|l|☆Bruen01
|player|p2|
|l| Disscratch
