|j|☆blabab
|j|☆Gary88
|t:|1779844806
|gametype|singles
|player|p1|blabab|miku-ground|1471
|player|p2|Gary88|265|1458
|gen|9
|tier|[Gen 9] OU
|rated|
|rule|HP Percentage Mod: HP is shown in percentages
|rule|Endless Battle Clause: Forcing endless battles is banned
|rule|Species Clause: Limit one of each Pokémon
|rule|OHKO Clause: OHKO moves are banned
|rule|Evasion Items Clause: Evasion items are banned
|rule|Evasion Moves Clause: Evasion moves are banned
|rule|Evasion Abilities Clause: Evasion abilities are banned
|rule|Sleep Moves Clause: Sleep-inducing moves are banned
|clearpoke
|poke|p1|Kingambit, F|
|poke|p1|Primarina, M|
|poke|p1|Araquanid, F|
|poke|p1|Blaziken, M|
|poke|p1|Thundurus-Therian, M|
|poke|p1|Iron Thorns|
|poke|p2|Hatterene, F|
|poke|p2|Ogerpon-Cornerstone, F|
|poke|p2|Zamazenta-*|
|poke|p2|Raging Bolt|
|poke|p2|Pecharunt|
|poke|p2|Landorus-Therian, M|
|teampreview
|inactive|Battle timer is ON: inactive players will automatically lose when time's up. (requested by blabab)
|
|t:|1779844820
|teamsize|p1|6
|teamsize|p2|6
|start
|switch|p1a: Primarina|Primarina, M|100/100
|switch|p2a: Raging Bolt|Raging Bolt|100/100
|-enditem|p2a: Raging Bolt|Booster Energy
|-activate|p2a: Raging Bolt|ability: Protosynthesis|[fromitem]
|-start|p2a: Raging Bolt|protosynthesisspa
|turn|1
|
|t:|1779844827
|-terastallize|p2a: Raging Bolt|Electric
|move|p2a: Raging Bolt|Calm Mind|p2a: Raging Bolt
|-boost|p2a: Raging Bolt|spa|1
|-boost|p2a: Raging Bolt|spd|1
|move|p1a: Primarina|Moonblast|p2a: Raging Bolt
|-damage|p2a: Raging Bolt|47/100
|-unboost|p2a: Raging Bolt|spa|1
|
|upkeep
|turn|2
|
|t:|1779844839
|move|p2a: Raging Bolt|Thunderbolt|p1a: Primarina
|-supereffective|p1a: Primarina
|-damage|p1a: Primarina|0 fnt
|faint|p1a: Primarina
|
|upkeep
|inactive|blabab has 120 seconds left.
|
|t:|1779844879
|switch|p1a: Araquanid|Araquanid, F|100/100
|turn|3
|
|t:|1779844884
|switch|p1a: Thundurus|Thundurus-Therian, M|100/100
|move|p2a: Raging Bolt|Thunderbolt|p1a: Thundurus
|-immune|p1a: Thundurus|[from] ability: Volt Absorb
|
|upkeep
|turn|4
|
|t:|1779844890
|move|p1a: Thundurus|Focus Blast|p2a: Raging Bolt
|-damage|p2a: Raging Bolt|17/100
|-unboost|p2a: Raging Bolt|spd|1
|move|p2a: Raging Bolt|Dragon Pulse|p1a: Thundurus
|-damage|p1a: Thundurus|16/100
|
|upkeep
|turn|5
|
|t:|1779844898
|move|p1a: Thundurus|Focus Blast|p2a: Raging Bolt
|-damage|p2a: Raging Bolt|0 fnt
|faint|p2a: Raging Bolt
|-end|p2a: Raging Bolt|Protosynthesis|[silent]
|
|upkeep
|
|t:|1779844902
|switch|p2a: Ogerpon|Ogerpon-Cornerstone, F|100/100
|turn|6
|
|t:|1779844906
|move|p2a: Ogerpon|Ivy Cudgel|p1a: Thundurus|[anim] Ivy Cudgel Rock
|-supereffective|p1a: Thundurus
|-damage|p1a: Thundurus|0 fnt
|faint|p1a: Thundurus
|
|upkeep
|
|t:|1779844908
|switch|p1a: Blaziken|Blaziken, M|100/100
|turn|7
|
|t:|1779844913
|move|p2a: Ogerpon|Ivy Cudgel|p1a: Blaziken|[anim] Ivy Cudgel Rock
|-damage|p1a: Blaziken|6/100
|move|p1a: Blaziken|U-turn|p2a: Ogerpon
|-supereffective|p2a: Ogerpon
|-damage|p2a: Ogerpon|4/100
|
|t:|1779844921
|switch|p1a: Kingambit|Kingambit, F|100/100|[from] U-turn
|-activate|p1a: Kingambit|ability: Supreme Overlord
|-start|p1a: Kingambit|fallen2|[silent]
|
|upkeep
|turn|8
|
|t:|1779844926
|switch|p2a: Landorus|Landorus-Therian, M|100/100
|-ability|p2a: Landorus|Intimidate|boost
|-unboost|p1a: Kingambit|atk|1
|move|p1a: Kingambit|Kowtow Cleave|p2a: Landorus
|-damage|p2a: Landorus|61/100
|
|-heal|p2a: Landorus|67/100|[from] item: Leftovers
|upkeep
|turn|9
|
|t:|1779844935
|-end|p1a: Kingambit|fallen2|[silent]
|switch|p1a: Araquanid|Araquanid, F|100/100
|move|p2a: Landorus|Stealth Rock|p1a: Araquanid
|-sidestart|p1: blabab|move: Stealth Rock
|
|-heal|p2a: Landorus|74/100|[from] item: Leftovers
|upkeep
|turn|10
|
|t:|1779844941
|move|p2a: Landorus|U-turn|p1a: Araquanid
|-damage|p1a: Araquanid|71/100
|
|t:|1779844945
|switch|p2a: Ogerpon|Ogerpon-Cornerstone, F|4/100|[from] U-turn
|move|p1a: Araquanid|Surf|p2a: Ogerpon
|-damage|p2a: Ogerpon|0 fnt
|faint|p2a: Ogerpon
|
|upkeep
|
|t:|1779844957
|switch|p2a: Zamazenta|Zamazenta|100/100
|-ability|p2a: Zamazenta|Dauntless Shield|boost
|-boost|p2a: Zamazenta|def|1
|turn|11
|
|t:|1779844962
|move|p2a: Zamazenta|Body Press|p1a: Araquanid
|-resisted|p1a: Araquanid
|-damage|p1a: Araquanid|42/100
|move|p1a: Araquanid|Sticky Web|p2a: Zamazenta
|-sidestart|p2: Gary88|move: Sticky Web
|
|upkeep
|turn|12
|
|t:|1779844968
|move|p2a: Zamazenta|Body Press|p1a: Araquanid
|-resisted|p1a: Araquanid
|-damage|p1a: Araquanid|16/100
|move|p1a: Araquanid|Surf|p2a: Zamazenta
|-damage|p2a: Zamazenta|58/100
|
|-heal|p2a: Zamazenta|64/100|[from] item: Leftovers
|upkeep
|turn|13
|-enditem|p1a: Araquanid|Custap Berry|[eat]
|-activate|p1a: Araquanid|item: Custap Berry|[consumed]
|
|t:|1779844980
|move|p1a: Araquanid|Surf|p2a: Zamazenta
|-damage|p2a: Zamazenta|21/100
|move|p2a: Zamazenta|Body Press|p1a: Araquanid
|-resisted|p1a: Araquanid
|-damage|p1a: Araquanid|0 fnt
|faint|p1a: Araquanid
|
|-heal|p2a: Zamazenta|28/100|[from] item: Leftovers
|upkeep
|j| BeenyG
|
|t:|1779844990
|switch|p1a: Kingambit|Kingambit, F|100/100
|-damage|p1a: Kingambit|94/100|[from] Stealth Rock
|-activate|p1a: Kingambit|ability: Supreme Overlord
|-start|p1a: Kingambit|fallen3|[silent]
|turn|14
|
|t:|1779844994
|-terastallize|p1a: Kingambit|Flying
|move|p2a: Zamazenta|Body Press|p1a: Kingambit
|-resisted|p1a: Kingambit
|-damage|p1a: Kingambit|72/100
|move|p1a: Kingambit|Swords Dance|p1a: Kingambit
|-boost|p1a: Kingambit|atk|2
|
|-heal|p2a: Zamazenta|34/100|[from] item: Leftovers
|-heal|p1a: Kingambit|78/100|[from] item: Leftovers
|upkeep
|turn|15
|
|t:|1779845003
|move|p1a: Kingambit|Swords Dance|p1a: Kingambit
|-boost|p1a: Kingambit|atk|2
|move|p2a: Zamazenta|Roar|p1a: Kingambit
|-end|p1a: Kingambit|fallen3|[silent]
|drag|p1a: Blaziken|Blaziken, M|6/100
|-damage|p1a: Blaziken|0 fnt|[from] Stealth Rock
|faint|p1a: Blaziken
|
|-heal|p2a: Zamazenta|40/100|[from] item: Leftovers
|upkeep
|
|t:|1779845009
|switch|p1a: Iron Thorns|Iron Thorns|100/100
|-damage|p1a: Iron Thorns|88/100|[from] Stealth Rock
|turn|16
|
|t:|1779845018
|move|p2a: Zamazenta|Body Press|p1a: Iron Thorns
|-supereffective|p1a: Iron Thorns
|-damage|p1a: Iron Thorns|0 fnt
|faint|p1a: Iron Thorns
|-end|p1a: Iron Thorns|Quark Drive|[silent]
|
|-heal|p2a: Zamazenta|46/100|[from] item: Leftovers
|upkeep
|
|t:|1779845021
|switch|p1a: Kingambit|Kingambit, F, tera:Flying|78/100
|-damage|p1a: Kingambit|53/100|[from] Stealth Rock
|-activate|p1a: Kingambit|ability: Supreme Overlord
|-start|p1a: Kingambit|fallen5|[silent]
|turn|17
|
|t:|1779845031
|switch|p2a: Landorus|Landorus-Therian, M|74/100
|-ability|p2a: Landorus|Intimidate|boost
|-unboost|p1a: Kingambit|atk|1
|move|p1a: Kingambit|Swords Dance|p1a: Kingambit
|-boost|p1a: Kingambit|atk|2
|
|-heal|p2a: Landorus|80/100|[from] item: Leftovers
|-heal|p1a: Kingambit|60/100|[from] item: Leftovers
|upkeep
|turn|18
|
|t:|1779845040
|move|p2a: Landorus|Taunt|p1a: Kingambit
|-start|p1a: Kingambit|move: Taunt
|cant|p1a: Kingambit|move: Taunt|Swords Dance
|
|-heal|p2a: Landorus|86/100|[from] item: Leftovers
|-heal|p1a: Kingambit|66/100|[from] item: Leftovers
|upkeep
|turn|19
|
|t:|1779845049
|move|p2a: Landorus|U-turn|p1a: Kingambit
|-resisted|p1a: Kingambit
|-damage|p1a: Kingambit|54/100
|l| BeenyG
|
|t:|1779845066
|switch|p2a: Hatterene|Hatterene, F|100/100|[from] U-turn
|-activate|p2a: Hatterene|move: Sticky Web
|-unboost|p2a: Hatterene|spe|1
|move|p1a: Kingambit|Kowtow Cleave|p2a: Hatterene
|-crit|p2a: Hatterene
|-damage|p2a: Hatterene|0 fnt
|faint|p2a: Hatterene
|
|-heal|p1a: Kingambit|60/100|[from] item: Leftovers
|upkeep
|
|t:|1779845075
|switch|p2a: Landorus|Landorus-Therian, M|86/100
|-ability|p2a: Landorus|Intimidate|boost
|-unboost|p1a: Kingambit|atk|1
|turn|20
|
|t:|1779845095
|move|p2a: Landorus|Taunt||[still]
|-fail|p2a: Landorus
|move|p1a: Kingambit|Kowtow Cleave|p2a: Landorus
|-damage|p2a: Landorus|11/100
|
|-heal|p2a: Landorus|17/100|[from] item: Leftovers
|-heal|p1a: Kingambit|66/100|[from] item: Leftovers
|-end|p1a: Kingambit|move: Taunt
|upkeep
|turn|21
|
|t:|1779845106
|move|p2a: Landorus|Taunt|p1a: Kingambit
|-start|p1a: Kingambit|move: Taunt
|move|p1a: Kingambit|Kowtow Cleave|p2a: Landorus
|-damage|p2a: Landorus|0 fnt
|faint|p2a: Landorus
|
|-heal|p1a: Kingambit|72/100|[from] item: Leftovers
|upkeep
|
|t:|1779845119
|switch|p2a: Zamazenta|Zamazenta|46/100
|-activate|p2a: Zamazenta|move: Sticky Web
|-unboost|p2a: Zamazenta|spe|1
|turn|22
|
|t:|1779845124
|move|p2a: Zamazenta|Iron Defense|p2a: Zamazenta
|-boost|p2a: Zamazenta|def|2
|move|p1a: Kingambit|Low Kick|p2a: Zamazenta
|-damage|p2a: Zamazenta|24/100
|
|-heal|p2a: Zamazenta|30/100|[from] item: Leftovers
|-heal|p1a: Kingambit|79/100|[from] item: Leftovers
|upkeep
|turn|23
|
|t:|1779845131
|move|p2a: Zamazenta|Crunch|p1a: Kingambit
|-damage|p1a: Kingambit|61/100
|move|p1a: Kingambit|Low Kick|p2a: Zamazenta
|-damage|p2a: Zamazenta|9/100
|
|-heal|p2a: Zamazenta|15/100|[from] item: Leftovers
|-heal|p1a: Kingambit|67/100|[from] item: Leftovers
|-end|p1a: Kingambit|move: Taunt
|upkeep
|turn|24
|
|t:|1779845139
|move|p2a: Zamazenta|Crunch|p1a: Kingambit
|-damage|p1a: Kingambit|47/100
|move|p1a: Kingambit|Swords Dance|p1a: Kingambit
|-boost|p1a: Kingambit|atk|2
|
|-heal|p2a: Zamazenta|21/100|[from] item: Leftovers
|-heal|p1a: Kingambit|53/100|[from] item: Leftovers
|upkeep
|turn|25
|-message|Gary88 forfeited.
|
|win|blabab
|raw|blabab's rating: 1471 &rarr; <strong>1490</strong><br />(+19 for winning)
|raw|Gary88's rating: 1458 &rarr; <strong>1439</strong><br />(-19 for losing)
|l|☆Gary88
|player|p2|
|l|☆blabab
|player|p1|
|j|☆blabab
|player|p1|blabab|miku-ground|
|l|☆blabab
|player|p1|
