|j|☆Kolo22
|j|☆ryanman7
|t:|1779886616
|gametype|singles
|player|p1|Kolo22|169|1402
|player|p2|ryanman7|skier|1375
|gen|9
|tier|[Gen 9] OU
|rated|
|rule|HP Percentage Mod: HP is shown in percentages
|rule|Endless Battle Clause: Forcing endless battles is banned
|rule|Species Clause: Limit one of each Pokémon
|rule|OHKO Clause: OHKO moves are banned
|rule|Evasion Items Clause: Evasion items are banned
|rule|Evasion Moves Clause: Evasion moves are banned
|rule|Evasion Abilities Clause: Evasion abilities are banned
|rule|Sleep Moves Clause: Sleep-inducing moves are banned
|clearpoke
|poke|p1|Heatran, M|
|poke|p1|Clodsire, F|
|poke|p1|Pecharunt|
|poke|p1|Chesnaught, M|
|poke|p1|Greninja-*, M|
|poke|p1|Slowking, M|
|poke|p2|Weavile, M|
|poke|p2|Iron Crown|
|poke|p2|Cobalion|
|poke|p2|Scyther, F|
|poke|p2|Great Tusk|
|poke|p2|Primarina, F|
|teampreview
|inactive|Battle timer is ON: inactive players will automatically lose when time's up. (requested by Kolo22)
|
|t:|1779886631
|teamsize|p1|6
|teamsize|p2|6
|start
|switch|p1a: Chesnaught|Chesnaught, M|100/100
|switch|p2a: Iron Crown|Iron Crown|100/100
|turn|1
|
|t:|1779886638
|switch|p1a: Slowking|Slowking, M|100/100
|move|p2a: Iron Crown|Volt Switch|p1a: Slowking
|-supereffective|p1a: Slowking
|-damage|p1a: Slowking|60/100
|
|t:|1779886646
|-end|p2a: Iron Crown|Quark Drive|[silent]
|switch|p2a: Weavile|Weavile, M|100/100|[from] Volt Switch
|-ability|p2a: Weavile|Pressure
|
|upkeep
|turn|2
|
|t:|1779886656
|move|p2a: Weavile|Knock Off|p1a: Slowking
|-supereffective|p1a: Slowking
|-damage|p1a: Slowking|0 fnt
|-enditem|p1a: Slowking|Heavy-Duty Boots|[from] move: Knock Off|[of] p2a: Weavile
|faint|p1a: Slowking
|
|upkeep
|
|t:|1779886672
|switch|p1a: Chesnaught|Chesnaught, M|100/100
|turn|3
|
|t:|1779886677
|switch|p2a: Scyther|Scyther, F|100/100
|move|p1a: Chesnaught|Body Press|p2a: Scyther
|-resisted|p2a: Scyther
|-damage|p2a: Scyther|84/100
|
|upkeep
|turn|4
|
|t:|1779886686
|move|p2a: Scyther|Dual Wingbeat|p1a: Chesnaught
|-supereffective|p1a: Chesnaught
|-damage|p1a: Chesnaught|39/100
|-damage|p2a: Scyther|68/100|[from] item: Rocky Helmet|[of] p1a: Chesnaught
|-supereffective|p1a: Chesnaught
|-damage|p1a: Chesnaught|0 fnt
|-damage|p2a: Scyther|52/100|[from] item: Rocky Helmet|[of] p1a: Chesnaught
|faint|p1a: Chesnaught
|-hitcount|p1: Chesnaught|2
|
|upkeep
|
|t:|1779886697
|switch|p1a: Greninja|Greninja, M|100/100
|turn|5
|
|t:|1779886707
|switch|p1a: Pecharunt|Pecharunt|100/100
|-terastallize|p2a: Scyther|Dark
|move|p2a: Scyther|U-turn|p1a: Pecharunt
|-resisted|p1a: Pecharunt
|-damage|p1a: Pecharunt|97/100
|
|t:|1779886713
|switch|p2a: Weavile|Weavile, M|100/100|[from] U-turn
|-ability|p2a: Weavile|Pressure
|
|upkeep
|turn|6
|
|t:|1779886729
|-terastallize|p1a: Pecharunt|Dark
|move|p2a: Weavile|Knock Off|p1a: Pecharunt
|-resisted|p1a: Pecharunt
|-damage|p1a: Pecharunt|85/100
|-enditem|p1a: Pecharunt|Heavy-Duty Boots|[from] move: Knock Off|[of] p2a: Weavile
|move|p1a: Pecharunt|Malignant Chain|p2a: Weavile
|-damage|p2a: Weavile|57/100
|
|upkeep
|turn|7
|
|t:|1779886739
|switch|p2a: Cobalion|Cobalion|100/100
|move|p1a: Pecharunt|Parting Shot|p2a: Cobalion
|-unboost|p2a: Cobalion|atk|1
|-unboost|p2a: Cobalion|spa|1
|
|t:|1779886752
|switch|p1a: Clodsire|Clodsire, F|100/100|[from] Parting Shot
|
|upkeep
|turn|8
|
|t:|1779886756
|move|p2a: Cobalion|Stealth Rock|p1a: Clodsire
|-sidestart|p1: Kolo22|move: Stealth Rock
|move|p1a: Clodsire|Spikes|p2a: Cobalion
|-sidestart|p2: ryanman7|Spikes
|
|upkeep
|turn|9
|
|t:|1779886764
|switch|p2a: Great Tusk|Great Tusk|100/100
|move|p1a: Clodsire|Spikes|p2a: Great Tusk
|-sidestart|p2: ryanman7|Spikes
|
|upkeep
|turn|10
|
|t:|1779886769
|move|p2a: Great Tusk|Rapid Spin|p1a: Clodsire
|-damage|p1a: Clodsire|80/100
|-boost|p2a: Great Tusk|spe|1
|-sideend|p2: ryanman7|Spikes|[from] move: Rapid Spin|[of] p2a: Great Tusk
|move|p1a: Clodsire|Toxic|p2a: Great Tusk
|-status|p2a: Great Tusk|tox
|
|-damage|p2a: Great Tusk|94/100 tox|[from] psn
|upkeep
|turn|11
|
|t:|1779886777
|switch|p1a: Pecharunt|Pecharunt, tera:Dark|85/100
|-damage|p1a: Pecharunt|72/100|[from] Stealth Rock
|move|p2a: Great Tusk|Headlong Rush|p1a: Pecharunt
|-damage|p1a: Pecharunt|44/100
|-unboost|p2a: Great Tusk|def|1
|-unboost|p2a: Great Tusk|spd|1
|
|-damage|p2a: Great Tusk|82/100 tox|[from] psn
|upkeep
|turn|12
|
|t:|1779886791
|-end|p2a: Great Tusk|Protosynthesis|[silent]
|switch|p2a: Cobalion|Cobalion|100/100
|move|p1a: Pecharunt|Recover|p1a: Pecharunt
|-heal|p1a: Pecharunt|94/100
|
|upkeep
|turn|13
|
|t:|1779886800
|move|p2a: Cobalion|Body Press|p1a: Pecharunt
|-supereffective|p1a: Pecharunt
|-damage|p1a: Pecharunt|59/100
|move|p1a: Pecharunt|Parting Shot|p2a: Cobalion
|-unboost|p2a: Cobalion|atk|1
|-unboost|p2a: Cobalion|spa|1
|
|t:|1779886811
|switch|p1a: Clodsire|Clodsire, F|80/100|[from] Parting Shot
|
|upkeep
|turn|14
|
|t:|1779886815
|switch|p2a: Weavile|Weavile, M|57/100
|-ability|p2a: Weavile|Pressure
|move|p1a: Clodsire|Spikes|p2a: Weavile
|-sidestart|p2: ryanman7|Spikes
|
|upkeep
|turn|15
|
|t:|1779886823
|switch|p1a: Pecharunt|Pecharunt, tera:Dark|59/100
|-damage|p1a: Pecharunt|47/100|[from] Stealth Rock
|move|p2a: Weavile|Triple Axel|p1a: Pecharunt
|-damage|p1a: Pecharunt|42/100
|-damage|p1a: Pecharunt|32/100
|-damage|p1a: Pecharunt|19/100
|-hitcount|p1a: Pecharunt|3
|
|upkeep
|turn|16
|inactive|ryanman7 has 120 seconds left.
|inactive|ryanman7 has 90 seconds left.
|
|t:|1779886894
|move|p2a: Weavile|Triple Axel|p1a: Pecharunt|[miss]
|-miss|p2a: Weavile|p1a: Pecharunt
|move|p1a: Pecharunt|Recover|p1a: Pecharunt
|-heal|p1a: Pecharunt|69/100
|
|upkeep
|turn|17
|
|t:|1779886910
|switch|p2a: Scyther|Scyther, F, tera:Dark|52/100
|move|p1a: Pecharunt|Parting Shot|p2a: Scyther
|-unboost|p2a: Scyther|atk|1
|-unboost|p2a: Scyther|spa|1
|
|t:|1779886932
|switch|p1a: Heatran|Heatran, M|100/100|[from] Parting Shot
|-damage|p1a: Heatran|88/100|[from] Stealth Rock
|-item|p1a: Heatran|Air Balloon
|
|upkeep
|turn|18
|
|t:|1779886937
|move|p2a: Scyther|Thief|p1a: Heatran
|-damage|p1a: Heatran|62/100
|-enditem|p1a: Heatran|Air Balloon
|move|p1a: Heatran|Magma Storm|p2a: Scyther
|-damage|p2a: Scyther|0 fnt
|faint|p2a: Scyther
|
|upkeep
|
|t:|1779886943
|switch|p2a: Primarina|Primarina, F|100/100
|-damage|p2a: Primarina|88/100|[from] Spikes
|turn|19
|
|t:|1779886950
|move|p1a: Heatran|Steel Beam|p2a: Primarina
|-damage|p2a: Primarina|23/100
|-damage|p1a: Heatran|12/100|[from] steelbeam
|move|p2a: Primarina|Calm Mind|p2a: Primarina
|-boost|p2a: Primarina|spa|1
|-boost|p2a: Primarina|spd|1
|
|upkeep
|turn|20
|
|t:|1779886957
|switch|p2a: Iron Crown|Iron Crown|100/100
|-damage|p2a: Iron Crown|88/100|[from] Spikes
|move|p1a: Heatran|Steel Beam|p2a: Iron Crown
|-resisted|p2a: Iron Crown
|-damage|p2a: Iron Crown|48/100
|-damage|p1a: Heatran|0 fnt|[from] steelbeam
|faint|p1a: Heatran
|
|upkeep
|
|t:|1779886967
|switch|p1a: Greninja|Greninja, M|100/100
|-damage|p1a: Greninja|88/100|[from] Stealth Rock
|turn|21
|
|t:|1779886984
|move|p1a: Greninja|Surf|p2a: Iron Crown
|-start|p1a: Greninja|typechange|Water|[from] ability: Protean
|-damage|p2a: Iron Crown|0 fnt
|faint|p2a: Iron Crown
|-end|p2a: Iron Crown|Quark Drive|[silent]
|
|upkeep
|
|t:|1779886995
|switch|p2a: Weavile|Weavile, M|57/100
|-ability|p2a: Weavile|Pressure
|turn|22
|
|t:|1779887002
|switch|p1a: Pecharunt|Pecharunt, tera:Dark|69/100
|-damage|p1a: Pecharunt|57/100|[from] Stealth Rock
|move|p2a: Weavile|Knock Off|p1a: Pecharunt
|-resisted|p1a: Pecharunt
|-damage|p1a: Pecharunt|49/100
|
|upkeep
|turn|23
|
|t:|1779887009
|move|p2a: Weavile|Triple Axel|p1a: Pecharunt
|-crit|p1a: Pecharunt
|-damage|p1a: Pecharunt|42/100
|-damage|p1a: Pecharunt|33/100
|-damage|p1a: Pecharunt|19/100
|-hitcount|p1a: Pecharunt|3
|move|p1a: Pecharunt|Recover|p1a: Pecharunt
|-heal|p1a: Pecharunt|69/100
|
|upkeep
|turn|24
|
|t:|1779887023
|move|p2a: Weavile|Swords Dance|p2a: Weavile
|-boost|p2a: Weavile|atk|2
|move|p1a: Pecharunt|Recover|p1a: Pecharunt
|-heal|p1a: Pecharunt|100/100
|
|upkeep
|turn|25
|
|t:|1779887030
|move|p2a: Weavile|Triple Axel|p1a: Pecharunt|[miss]
|-miss|p2a: Weavile|p1a: Pecharunt
|move|p1a: Pecharunt|Foul Play|p2a: Weavile
|-resisted|p2a: Weavile
|-damage|p2a: Weavile|0 fnt
|faint|p2a: Weavile
|
|upkeep
|c|☆ryanman7|move is ass
|inactive|ryanman7 has 120 seconds left.
|c|☆Kolo22|lol yeah
|c|☆ryanman7|dont make a difference tho i still lose
|
|t:|1779887057
|switch|p2a: Great Tusk|Great Tusk|82/100 tox
|turn|26
|c|☆ryanman7|but the move is ass
|
|t:|1779887067
|move|p2a: Great Tusk|Rapid Spin|p1a: Pecharunt
|-damage|p1a: Pecharunt|92/100
|-boost|p2a: Great Tusk|spe|1
|-sideend|p2: ryanman7|Spikes|[from] move: Rapid Spin|[of] p2a: Great Tusk
|move|p1a: Pecharunt|Malignant Chain|p2a: Great Tusk
|-resisted|p2a: Great Tusk
|-damage|p2a: Great Tusk|60/100 tox
|
|-damage|p2a: Great Tusk|54/100 tox|[from] psn
|upkeep
|turn|27
|
|t:|1779887076
|move|p2a: Great Tusk|Headlong Rush|p1a: Pecharunt
|-damage|p1a: Pecharunt|61/100
|-unboost|p2a: Great Tusk|def|1
|-unboost|p2a: Great Tusk|spd|1
|move|p1a: Pecharunt|Recover|p1a: Pecharunt
|-heal|p1a: Pecharunt|100/100
|
|-damage|p2a: Great Tusk|42/100 tox|[from] psn
|upkeep
|turn|28
|
|t:|1779887085
|-end|p2a: Great Tusk|Protosynthesis|[silent]
|switch|p2a: Cobalion|Cobalion|100/100
|move|p1a: Pecharunt|Malignant Chain|p2a: Cobalion
|-immune|p2a: Cobalion
|
|upkeep
|turn|29
|
|t:|1779887094
|move|p2a: Cobalion|Body Press|p1a: Pecharunt
|-supereffective|p1a: Pecharunt
|-damage|p1a: Pecharunt|65/100
|move|p1a: Pecharunt|Parting Shot|p2a: Cobalion
|-unboost|p2a: Cobalion|atk|1
|-unboost|p2a: Cobalion|spa|1
|
|t:|1779887101
|switch|p1a: Clodsire|Clodsire, F|80/100|[from] Parting Shot
|
|upkeep
|turn|30
|
|t:|1779887110
|switch|p2a: Primarina|Primarina, F|23/100
|move|p1a: Clodsire|Earthquake|p2a: Primarina
|-damage|p2a: Primarina|0 fnt
|faint|p2a: Primarina
|
|upkeep
|
|t:|1779887112
|switch|p2a: Great Tusk|Great Tusk|42/100 tox
|turn|31
|
|t:|1779887120
|switch|p1a: Pecharunt|Pecharunt, tera:Dark|65/100
|-damage|p1a: Pecharunt|53/100|[from] Stealth Rock
|move|p2a: Great Tusk|Headlong Rush|p1a: Pecharunt
|-damage|p1a: Pecharunt|23/100
|-unboost|p2a: Great Tusk|def|1
|-unboost|p2a: Great Tusk|spd|1
|
|-damage|p2a: Great Tusk|36/100 tox|[from] psn
|upkeep
|turn|32
|
|t:|1779887130
|move|p2a: Great Tusk|Headlong Rush|p1a: Pecharunt
|-damage|p1a: Pecharunt|0 fnt
|-unboost|p2a: Great Tusk|def|1
|-unboost|p2a: Great Tusk|spd|1
|faint|p1a: Pecharunt
|
|-damage|p2a: Great Tusk|23/100 tox|[from] psn
|upkeep
|
|t:|1779887138
|switch|p1a: Greninja|Greninja, M|88/100
|-damage|p1a: Greninja|76/100|[from] Stealth Rock
|turn|33
|
|t:|1779887143
|-end|p2a: Great Tusk|Protosynthesis|[silent]
|switch|p2a: Cobalion|Cobalion|100/100
|move|p1a: Greninja|Surf|p2a: Cobalion
|-start|p1a: Greninja|typechange|Water|[from] ability: Protean
|-damage|p2a: Cobalion|21/100
|
|upkeep
|turn|34
|
|t:|1779887150
|move|p1a: Greninja|Surf|p2a: Cobalion
|-damage|p2a: Cobalion|0 fnt
|faint|p2a: Cobalion
|
|upkeep
|c|☆ryanman7|gg
|
|t:|1779887155
|switch|p2a: Great Tusk|Great Tusk|23/100 tox
|turn|35
|c|☆Kolo22|gg
|
|t:|1779887158
|move|p1a: Greninja|Surf|p2a: Great Tusk
|-supereffective|p2a: Great Tusk
|-damage|p2a: Great Tusk|0 fnt
|faint|p2a: Great Tusk
|-end|p2a: Great Tusk|Protosynthesis|[silent]
|
|win|Kolo22
|raw|Kolo22's rating: 1402 &rarr; <strong>1420</strong><br />(+18 for winning)
|raw|ryanman7's rating: 1375 &rarr; <strong>1357</strong><br />(-18 for losing)
|l|☆ryanman7
|player|p2|
|l|☆Kolo22
|player|p1|
