|j|☆bahnmiking
|j|☆TrentMercer
|t:|1779945975
|gametype|singles
|player|p1|bahnmiking|bianca|1615
|player|p2|TrentMercer|boarder|1594
|gen|9
|tier|[Gen 9] OU
|rated|
|rule|HP Percentage Mod: HP is shown in percentages
|rule|Endless Battle Clause: Forcing endless battles is banned
|rule|Species Clause: Limit one of each Pokémon
|rule|OHKO Clause: OHKO moves are banned
|rule|Evasion Items Clause: Evasion items are banned
|rule|Evasion Moves Clause: Evasion moves are banned
|rule|Evasion Abilities Clause: Evasion abilities are banned
|rule|Sleep Moves Clause: Sleep-inducing moves are banned
|clearpoke
|poke|p1|Dragonite, M|
|poke|p1|Ting-Lu|
|poke|p1|Clefable, F|
|poke|p1|Pecharunt|
|poke|p1|Heatran, F|
|poke|p1|Zamazenta-*|
|poke|p2|Slowking-Galar, M|
|poke|p2|Corviknight, M|
|poke|p2|Landorus-Therian, M|
|poke|p2|Darkrai|
|poke|p2|Ogerpon-Wellspring, F|
|poke|p2|Zamazenta-*|
|teampreview
|inactive|Battle timer is ON: inactive players will automatically lose when time's up. (requested by TrentMercer)
|
|t:|1779946009
|teamsize|p1|6
|teamsize|p2|6
|start
|switch|p1a: Heatran|Heatran, F|100/100
|switch|p2a: Ogerpon|Ogerpon-Wellspring, F|100/100
|turn|1
|
|t:|1779946022
|switch|p1a: Pecharunt|Pecharunt|100/100
|move|p2a: Ogerpon|Ivy Cudgel|p1a: Pecharunt|[anim] Ivy Cudgel Water
|-damage|p1a: Pecharunt|75/100
|
|upkeep
|turn|2
|
|t:|1779946032
|switch|p2a: Slowking|Slowking-Galar, M, shiny|100/100
|move|p1a: Pecharunt|Parting Shot|p2a: Slowking
|-unboost|p2a: Slowking|atk|1
|-unboost|p2a: Slowking|spa|1
|
|t:|1779946035
|switch|p1a: Heatran|Heatran, F|100/100|[from] Parting Shot
|
|upkeep
|turn|3
|
|t:|1779946053
|switch|p2a: Landorus|Landorus-Therian, M|100/100
|-ability|p2a: Landorus|Intimidate|boost
|-unboost|p1a: Heatran|atk|1
|move|p1a: Heatran|Stealth Rock|p2a: Landorus
|-sidestart|p2: TrentMercer|move: Stealth Rock
|
|upkeep
|turn|4
|
|t:|1779946065
|switch|p1a: Dragonite|Dragonite, M|100/100
|move|p2a: Landorus|U-turn|p1a: Dragonite
|-resisted|p1a: Dragonite
|-damage|p1a: Dragonite|95/100
|
|t:|1779946072
|switch|p2a: Darkrai|Darkrai|100/100|[from] U-turn
|-damage|p2a: Darkrai|88/100|[from] Stealth Rock
|
|upkeep
|turn|5
|
|t:|1779946080
|switch|p1a: Heatran|Heatran, F|100/100
|move|p2a: Darkrai|Focus Blast|p1a: Heatran|[miss]
|-miss|p2a: Darkrai|p1a: Heatran
|
|upkeep
|turn|6
|
|t:|1779946089
|move|p2a: Darkrai|Focus Blast|p1a: Heatran|[miss]
|-miss|p2a: Darkrai|p1a: Heatran
|move|p1a: Heatran|Will-O-Wisp|p2a: Darkrai|[miss]
|-miss|p1a: Heatran|p2a: Darkrai
|
|upkeep
|turn|7
|
|t:|1779946099
|switch|p1a: Clefable|Clefable, F|100/100
|move|p2a: Darkrai|Sludge Bomb|p1a: Clefable
|-supereffective|p1a: Clefable
|-damage|p1a: Clefable|26/100
|-status|p1a: Clefable|psn
|
|-heal|p1a: Clefable|32/100 psn|[from] item: Leftovers
|upkeep
|turn|8
|
|t:|1779946107
|switch|p1a: Ting-Lu|Ting-Lu|100/100
|-ability|p1a: Ting-Lu|Vessel of Ruin
|move|p2a: Darkrai|Sludge Bomb|p1a: Ting-Lu
|-resisted|p1a: Ting-Lu
|-damage|p1a: Ting-Lu|94/100
|
|-heal|p1a: Ting-Lu|99/100|[from] item: Leftovers
|upkeep
|turn|9
|
|t:|1779946113
|move|p2a: Darkrai|Focus Blast|p1a: Ting-Lu
|-supereffective|p1a: Ting-Lu
|-damage|p1a: Ting-Lu|57/100
|move|p1a: Ting-Lu|Earthquake|p2a: Darkrai
|-damage|p2a: Darkrai|34/100
|
|-heal|p1a: Ting-Lu|63/100|[from] item: Leftovers
|upkeep
|turn|10
|
|t:|1779946119
|switch|p2a: Corviknight|Corviknight, M, shiny|100/100
|-damage|p2a: Corviknight|88/100|[from] Stealth Rock
|-ability|p2a: Corviknight|Pressure
|move|p1a: Ting-Lu|Earthquake|p2a: Corviknight
|-immune|p2a: Corviknight
|
|-heal|p1a: Ting-Lu|69/100|[from] item: Leftovers
|upkeep
|turn|11
|
|t:|1779946122
|move|p2a: Corviknight|Defog|p1a: Ting-Lu
|-unboost|p1a: Ting-Lu|evasion|1
|-sideend|p2: TrentMercer|Stealth Rock|[from] move: Defog|[of] p2a: Corviknight
|move|p1a: Ting-Lu|Ruination|p2a: Corviknight
|-damage|p2a: Corviknight|44/100
|
|-heal|p1a: Ting-Lu|75/100|[from] item: Leftovers
|upkeep
|turn|12
|
|t:|1779946126
|move|p2a: Corviknight|U-turn|p1a: Ting-Lu
|-supereffective|p1a: Ting-Lu
|-damage|p1a: Ting-Lu|60/100
|
|t:|1779946129
|switch|p2a: Landorus|Landorus-Therian, M|100/100|[from] U-turn
|-ability|p2a: Landorus|Intimidate|boost
|-unboost|p1a: Ting-Lu|atk|1
|move|p1a: Ting-Lu|Spikes|p2a: Landorus
|-sidestart|p2: TrentMercer|Spikes
|
|-heal|p1a: Ting-Lu|66/100|[from] item: Leftovers
|upkeep
|turn|13
|
|t:|1779946137
|move|p2a: Landorus|Stealth Rock|p1a: Ting-Lu
|-sidestart|p1: bahnmiking|move: Stealth Rock
|move|p1a: Ting-Lu|Ruination|p2a: Landorus
|-damage|p2a: Landorus|50/100
|
|-heal|p1a: Ting-Lu|72/100|[from] item: Leftovers
|upkeep
|turn|14
|
|t:|1779946143
|switch|p1a: Dragonite|Dragonite, M|95/100
|move|p2a: Landorus|Earthquake|p1a: Dragonite
|-immune|p1a: Dragonite
|
|upkeep
|turn|15
|
|t:|1779946147
|move|p2a: Landorus|Stone Edge|p1a: Dragonite
|-supereffective|p1a: Dragonite
|-damage|p1a: Dragonite|36/100
|move|p1a: Dragonite|Dragon Tail|p2a: Landorus
|-crit|p2a: Landorus
|-damage|p2a: Landorus|0 fnt
|-damage|p1a: Dragonite|19/100|[from] item: Rocky Helmet|[of] p2a: Landorus
|faint|p2a: Landorus
|
|upkeep
|
|t:|1779946163
|switch|p2a: Ogerpon|Ogerpon-Wellspring, F|100/100
|-damage|p2a: Ogerpon|88/100|[from] Spikes
|turn|16
|
|t:|1779946176
|switch|p1a: Zamazenta|Zamazenta|100/100
|-ability|p1a: Zamazenta|Dauntless Shield|boost
|-boost|p1a: Zamazenta|def|1
|move|p2a: Ogerpon|Swords Dance|p2a: Ogerpon
|-boost|p2a: Ogerpon|atk|2
|
|upkeep
|turn|17
|
|t:|1779946183
|move|p1a: Zamazenta|Close Combat|p2a: Ogerpon
|-damage|p2a: Ogerpon|15/100
|-unboost|p1a: Zamazenta|def|1
|-unboost|p1a: Zamazenta|spd|1
|move|p2a: Ogerpon|Play Rough|p1a: Zamazenta
|-supereffective|p1a: Zamazenta
|-damage|p1a: Zamazenta|0 fnt
|faint|p1a: Zamazenta
|
|upkeep
|
|t:|1779946188
|switch|p1a: Dragonite|Dragonite, M|19/100
|turn|18
|
|t:|1779946195
|switch|p2a: Corviknight|Corviknight, M, shiny|44/100
|-ability|p2a: Corviknight|Pressure
|move|p1a: Dragonite|Extreme Speed|p2a: Corviknight
|-resisted|p2a: Corviknight
|-damage|p2a: Corviknight|35/100
|-damage|p1a: Dragonite|3/100|[from] item: Rocky Helmet|[of] p2a: Corviknight
|
|upkeep
|turn|19
|j| WANG QIU'ER
|
|t:|1779946204
|move|p1a: Dragonite|Roost|p1a: Dragonite
|-heal|p1a: Dragonite|53/100
|-singleturn|p1a: Dragonite|move: Roost
|move|p2a: Corviknight|Defog|p1a: Dragonite
|-unboost|p1a: Dragonite|evasion|1
|-sideend|p1: bahnmiking|Stealth Rock|[from] move: Defog|[of] p2a: Corviknight
|-sideend|p2: TrentMercer|Spikes|[from] move: Defog|[of] p2a: Corviknight
|
|upkeep
|turn|20
|
|t:|1779946213
|move|p1a: Dragonite|Roost|p1a: Dragonite
|-heal|p1a: Dragonite|100/100
|-singleturn|p1a: Dragonite|move: Roost
|move|p2a: Corviknight|U-turn|p1a: Dragonite
|-damage|p1a: Dragonite|94/100
|
|t:|1779946219
|switch|p2a: Darkrai|Darkrai|34/100|[from] U-turn
|
|upkeep
|turn|21
|
|t:|1779946223
|move|p1a: Dragonite|Extreme Speed|p2a: Darkrai
|-damage|p2a: Darkrai|0 fnt
|faint|p2a: Darkrai
|
|upkeep
|
|t:|1779946234
|switch|p2a: Zamazenta|Zamazenta|100/100
|-ability|p2a: Zamazenta|Dauntless Shield|boost
|-boost|p2a: Zamazenta|def|1
|turn|22
|
|t:|1779946250
|switch|p1a: Pecharunt|Pecharunt|75/100
|move|p2a: Zamazenta|Crunch|p1a: Pecharunt
|-supereffective|p1a: Pecharunt
|-damage|p1a: Pecharunt|56/100
|-unboost|p1a: Pecharunt|def|1
|
|upkeep
|turn|23
|
|t:|1779946256
|switch|p1a: Clefable|Clefable, F|32/100 psn
|move|p2a: Zamazenta|Crunch|p1a: Clefable
|-resisted|p1a: Clefable
|-damage|p1a: Clefable|24/100 psn
|
|-heal|p1a: Clefable|30/100 psn|[from] item: Leftovers
|upkeep
|turn|24
|
|t:|1779946261
|-terastallize|p2a: Zamazenta|Fire
|move|p2a: Zamazenta|Iron Defense|p2a: Zamazenta
|-boost|p2a: Zamazenta|def|2
|move|p1a: Clefable|Moonlight|p1a: Clefable
|-heal|p1a: Clefable|80/100 psn
|
|-heal|p1a: Clefable|86/100 psn|[from] item: Leftovers
|upkeep
|turn|25
|
|t:|1779946269
|move|p2a: Zamazenta|Iron Defense|p2a: Zamazenta
|-boost|p2a: Zamazenta|def|2
|move|p1a: Clefable|Knock Off|p2a: Zamazenta
|-damage|p2a: Zamazenta|98/100
|-enditem|p2a: Zamazenta|Leftovers|[from] move: Knock Off|[of] p1a: Clefable
|
|-heal|p1a: Clefable|92/100 psn|[from] item: Leftovers
|upkeep
|turn|26
|
|t:|1779946282
|switch|p1a: Ting-Lu|Ting-Lu|72/100
|-ability|p1a: Ting-Lu|Vessel of Ruin
|move|p2a: Zamazenta|Body Press|p1a: Ting-Lu
|-supereffective|p1a: Ting-Lu
|-damage|p1a: Ting-Lu|0 fnt
|faint|p1a: Ting-Lu
|
|upkeep
|
|t:|1779946285
|switch|p1a: Pecharunt|Pecharunt|56/100
|turn|27
|
|t:|1779946291
|move|p2a: Zamazenta|Crunch|p1a: Pecharunt
|-supereffective|p1a: Pecharunt
|-damage|p1a: Pecharunt|35/100
|move|p1a: Pecharunt|Recover|p1a: Pecharunt
|-heal|p1a: Pecharunt|85/100
|
|upkeep
|turn|28
|
|t:|1779946295
|move|p2a: Zamazenta|Crunch|p1a: Pecharunt
|-supereffective|p1a: Pecharunt
|-damage|p1a: Pecharunt|67/100
|-unboost|p1a: Pecharunt|def|1
|move|p1a: Pecharunt|Toxic|p2a: Zamazenta
|-status|p2a: Zamazenta|tox
|-start|p2a: Zamazenta|confusion|[from] ability: Poison Puppeteer|[of] p1a: Pecharunt
|
|-damage|p2a: Zamazenta|91/100 tox|[from] psn
|upkeep
|turn|29
|
|t:|1779946300
|-activate|p2a: Zamazenta|confusion
|-damage|p2a: Zamazenta|89/100 tox|[from] confusion
|move|p1a: Pecharunt|Parting Shot|p2a: Zamazenta
|-unboost|p2a: Zamazenta|atk|1
|-unboost|p2a: Zamazenta|spa|1
|
|t:|1779946305
|switch|p1a: Dragonite|Dragonite, M|94/100|[from] Parting Shot
|
|-damage|p2a: Zamazenta|76/100 tox|[from] psn
|upkeep
|turn|30
|
|t:|1779946308
|switch|p1a: Pecharunt|Pecharunt|67/100
|-activate|p2a: Zamazenta|confusion
|move|p2a: Zamazenta|Crunch|p1a: Pecharunt
|-supereffective|p1a: Pecharunt
|-damage|p1a: Pecharunt|53/100
|
|-damage|p2a: Zamazenta|58/100 tox|[from] psn
|upkeep
|turn|31
|-message|TrentMercer forfeited.
|
|win|bahnmiking
|raw|bahnmiking's rating: 1615 &rarr; <strong>1634</strong><br />(+19 for winning)
|raw|TrentMercer's rating: 1594 &rarr; <strong>1575</strong><br />(-19 for losing)
|l|☆TrentMercer
|player|p2|
|l|☆bahnmiking
|player|p1|
|l| WANG QIU'ER
