|j|☆jkreyes1
|j|☆welovevaporeon
|t:|1779845238
|gametype|singles
|player|p1|jkreyes1|volkner|1425
|player|p2|welovevaporeon|zinnia|1476
|gen|9
|tier|[Gen 9] OU
|rated|
|rule|HP Percentage Mod: HP is shown in percentages
|rule|Endless Battle Clause: Forcing endless battles is banned
|rule|Species Clause: Limit one of each Pokémon
|rule|OHKO Clause: OHKO moves are banned
|rule|Evasion Items Clause: Evasion items are banned
|rule|Evasion Moves Clause: Evasion moves are banned
|rule|Evasion Abilities Clause: Evasion abilities are banned
|rule|Sleep Moves Clause: Sleep-inducing moves are banned
|clearpoke
|poke|p1|Gastrodon-East, M|
|poke|p1|Hippowdon, F|
|poke|p1|Landorus-Therian, M|
|poke|p1|Tyranitar, M|
|poke|p1|Zapdos|
|poke|p1|Excadrill, M|
|poke|p2|Iron Valiant|
|poke|p2|Slowking-Galar, F|
|poke|p2|Regieleki|
|poke|p2|Meowscarada, M|
|poke|p2|Moltres|
|poke|p2|Great Tusk|
|teampreview
|inactive|Battle timer is ON: inactive players will automatically lose when time's up. (requested by jkreyes1)
|
|t:|1779845254
|teamsize|p1|6
|teamsize|p2|6
|start
|switch|p1a: Landorus|Landorus-Therian, M, shiny|100/100
|switch|p2a: Gary|Meowscarada, M, shiny|100/100
|-ability|p1a: Landorus|Intimidate|boost
|-unboost|p2a: Gary|atk|1
|turn|1
|
|t:|1779845266
|move|p2a: Gary|Triple Axel|p1a: Landorus
|-start|p2a: Gary|typechange|Ice|[from] ability: Protean
|-supereffective|p1a: Landorus
|-damage|p1a: Landorus|69/100
|-supereffective|p1a: Landorus
|-damage|p1a: Landorus|8/100
|-supereffective|p1a: Landorus
|-damage|p1a: Landorus|0 fnt
|faint|p1a: Landorus
|-hitcount|p1: Landorus|3
|
|upkeep
|
|t:|1779845283
|switch|p1a: Tyranitar|Tyranitar, M, shiny|100/100
|-weather|Sandstorm|[from] ability: Sand Stream|[of] p1a: Tyranitar
|turn|2
|
|t:|1779845297
|switch|p2a: Great Tusk|Great Tusk|100/100
|move|p1a: Tyranitar|Knock Off|p2a: Great Tusk
|-resisted|p2a: Great Tusk
|-damage|p2a: Great Tusk|86/100
|-enditem|p2a: Great Tusk|Heavy-Duty Boots|[from] move: Knock Off|[of] p1a: Tyranitar
|
|-weather|Sandstorm|[upkeep]
|upkeep
|turn|3
|
|t:|1779845310
|switch|p1a: Hippowdon|Hippowdon, F, shiny|100/100
|move|p2a: Great Tusk|Stealth Rock|p1a: Hippowdon
|-sidestart|p1: jkreyes1|move: Stealth Rock
|
|-weather|Sandstorm|[upkeep]
|upkeep
|turn|4
|
|t:|1779845319
|move|p2a: Great Tusk|Ice Spinner|p1a: Hippowdon
|-supereffective|p1a: Hippowdon
|-damage|p1a: Hippowdon|75/100
|-damage|p2a: Great Tusk|70/100|[from] item: Rocky Helmet|[of] p1a: Hippowdon
|move|p1a: Hippowdon|Stealth Rock|p2a: Great Tusk
|-sidestart|p2: welovevaporeon|move: Stealth Rock
|
|-weather|Sandstorm|[upkeep]
|upkeep
|turn|5
|
|t:|1779845328
|move|p2a: Great Tusk|Rapid Spin|p1a: Hippowdon
|-damage|p1a: Hippowdon|66/100
|-boost|p2a: Great Tusk|spe|1
|-damage|p2a: Great Tusk|54/100|[from] item: Rocky Helmet|[of] p1a: Hippowdon
|-sideend|p2: welovevaporeon|Stealth Rock|[from] move: Rapid Spin|[of] p2a: Great Tusk
|move|p1a: Hippowdon|Slack Off|p1a: Hippowdon
|-heal|p1a: Hippowdon|100/100
|
|-weather|Sandstorm|[upkeep]
|upkeep
|turn|6
|
|t:|1779845351
|-end|p2a: Great Tusk|Protosynthesis|[silent]
|switch|p2a: Moltres|Moltres|100/100
|move|p1a: Hippowdon|Stealth Rock|p2a: Moltres
|-sidestart|p2: welovevaporeon|move: Stealth Rock
|
|-weather|Sandstorm|[upkeep]
|-damage|p2a: Moltres|94/100|[from] Sandstorm
|upkeep
|turn|7
|
|t:|1779845361
|switch|p1a: Gastrodon|Gastrodon-East, M, shiny|100/100
|-damage|p1a: Gastrodon|94/100|[from] Stealth Rock
|move|p2a: Moltres|Will-O-Wisp|p1a: Gastrodon|[miss]
|-miss|p2a: Moltres|p1a: Gastrodon
|
|-weather|Sandstorm|[upkeep]
|-damage|p2a: Moltres|88/100|[from] Sandstorm
|-heal|p1a: Gastrodon|100/100|[from] item: Leftovers
|upkeep
|turn|8
|
|t:|1779845372
|move|p2a: Moltres|Flamethrower|p1a: Gastrodon
|-resisted|p1a: Gastrodon
|-damage|p1a: Gastrodon|85/100
|move|p1a: Gastrodon|Spikes|p2a: Moltres
|-sidestart|p2: welovevaporeon|Spikes
|
|-weather|Sandstorm|[upkeep]
|-damage|p2a: Moltres|82/100|[from] Sandstorm
|-heal|p1a: Gastrodon|91/100|[from] item: Leftovers
|upkeep
|turn|9
|
|t:|1779845393
|move|p2a: Moltres|U-turn|p1a: Gastrodon
|-damage|p1a: Gastrodon|77/100
|
|t:|1779845406
|switch|p2a: Iron Valiant|Iron Valiant|100/100|[from] U-turn
|-damage|p2a: Iron Valiant|94/100|[from] Stealth Rock
|-damage|p2a: Iron Valiant|82/100|[from] Spikes
|-enditem|p2a: Iron Valiant|Booster Energy
|-activate|p2a: Iron Valiant|ability: Quark Drive|[fromitem]
|-start|p2a: Iron Valiant|quarkdrivespe
|move|p1a: Gastrodon|Spikes|p2a: Iron Valiant
|-sidestart|p2: welovevaporeon|Spikes
|
|-weather|none
|-heal|p1a: Gastrodon|83/100|[from] item: Leftovers
|upkeep
|turn|10
|inactive|jkreyes1 has 120 seconds left.
|inactive|jkreyes1 has 90 seconds left.
|
|t:|1779845463
|move|p2a: Iron Valiant|Calm Mind|p2a: Iron Valiant
|-boost|p2a: Iron Valiant|spa|1
|-boost|p2a: Iron Valiant|spd|1
|move|p1a: Gastrodon|Earth Power|p2a: Iron Valiant
|-damage|p2a: Iron Valiant|49/100
|
|-heal|p1a: Gastrodon|89/100|[from] item: Leftovers
|upkeep
|turn|11
|
|t:|1779845481
|move|p2a: Iron Valiant|Moonblast|p1a: Gastrodon
|-damage|p1a: Gastrodon|36/100
|move|p1a: Gastrodon|Earth Power|p2a: Iron Valiant
|-damage|p2a: Iron Valiant|15/100
|
|-heal|p1a: Gastrodon|43/100|[from] item: Leftovers
|upkeep
|turn|12
|inactive|jkreyes1 has 90 seconds left.
|
|t:|1779845514
|move|p2a: Iron Valiant|Moonblast|p1a: Gastrodon
|-damage|p1a: Gastrodon|0 fnt
|faint|p1a: Gastrodon
|
|upkeep
|
|t:|1779845517
|switch|p1a: Zapdos|Zapdos, shiny|100/100
|-damage|p1a: Zapdos|76/100|[from] Stealth Rock
|turn|13
|
|t:|1779845529
|move|p2a: Iron Valiant|Moonblast|p1a: Zapdos
|-damage|p1a: Zapdos|6/100
|move|p1a: Zapdos|Volt Switch|p2a: Iron Valiant
|-damage|p2a: Iron Valiant|0 fnt
|faint|p2a: Iron Valiant
|-end|p2a: Iron Valiant|Quark Drive|[silent]
|inactive|jkreyes1 has 90 seconds left.
|
|t:|1779845544
|switch|p1a: Hippowdon|Hippowdon, F, shiny|100/100|[from] Volt Switch
|-damage|p1a: Hippowdon|94/100|[from] Stealth Rock
|-weather|Sandstorm|[from] ability: Sand Stream|[of] p1a: Hippowdon
|
|-weather|Sandstorm|[upkeep]
|upkeep
|
|t:|1779845551
|switch|p2a: Gary|Meowscarada, M, shiny|100/100
|-damage|p2a: Gary|88/100|[from] Stealth Rock
|-damage|p2a: Gary|72/100|[from] Spikes
|turn|14
|
|t:|1779845566
|switch|p1a: Zapdos|Zapdos, shiny|6/100
|-damage|p1a: Zapdos|0 fnt|[from] Stealth Rock
|faint|p1a: Zapdos
|-terastallize|p2a: Gary|Grass
|move|p2a: Gary|Flower Trick|p1: Zapdos|[notarget]
|-fail|p2a: Gary
|
|-weather|Sandstorm|[upkeep]
|-damage|p2a: Gary|66/100|[from] Sandstorm
|upkeep
|
|t:|1779845571
|switch|p1a: Excadrill|Excadrill, M, shiny|100/100
|-damage|p1a: Excadrill|97/100|[from] Stealth Rock
|turn|15
|
|t:|1779845575
|move|p2a: Gary|Flower Trick|p1a: Excadrill
|-crit|p1a: Excadrill
|-damage|p1a: Excadrill|2/100
|move|p1a: Excadrill|Iron Head|p2a: Gary
|-damage|p2a: Gary|0 fnt
|faint|p2a: Gary
|-damage|p1a: Excadrill|0 fnt|[from] item: Life Orb
|faint|p1a: Excadrill
|
|-weather|Sandstorm|[upkeep]
|upkeep
|
|t:|1779845590
|switch|p2a: Slowking|Slowking-Galar, F|100/100
|switch|p1a: Hippowdon|Hippowdon, F, shiny|94/100
|-damage|p1a: Hippowdon|88/100|[from] Stealth Rock
|turn|16
|
|t:|1779845594
|move|p1a: Hippowdon|Earthquake|p2a: Slowking
|-supereffective|p2a: Slowking
|-damage|p2a: Slowking|27/100
|-prepare|p2a: Slowking|Chilly Reception|[premajor]
|move|p2a: Slowking|Chilly Reception|p2a: Slowking
|-weather|Snowscape
|
|t:|1779845597
|switch|p2a: Moltres|Moltres|82/100|[from] Chilly Reception
|
|-weather|Snowscape|[upkeep]
|upkeep
|turn|17
|
|t:|1779845601
|switch|p1a: Tyranitar|Tyranitar, M, shiny|100/100
|-damage|p1a: Tyranitar|88/100|[from] Stealth Rock
|-weather|Sandstorm|[from] ability: Sand Stream|[of] p1a: Tyranitar
|move|p2a: Moltres|Will-O-Wisp|p1a: Tyranitar|[miss]
|-miss|p2a: Moltres|p1a: Tyranitar
|
|-weather|Sandstorm|[upkeep]
|-damage|p2a: Moltres|75/100|[from] Sandstorm
|upkeep
|turn|18
|
|t:|1779845610
|move|p2a: Moltres|Will-O-Wisp|p1a: Tyranitar
|-status|p1a: Tyranitar|brn
|move|p1a: Tyranitar|Knock Off|p2a: Moltres
|-crit|p2a: Moltres
|-damage|p2a: Moltres|50/100
|-enditem|p2a: Moltres|Heavy-Duty Boots|[from] move: Knock Off|[of] p1a: Tyranitar
|
|-weather|Sandstorm|[upkeep]
|-damage|p2a: Moltres|44/100|[from] Sandstorm
|-damage|p1a: Tyranitar|82/100 brn|[from] brn
|upkeep
|turn|19
|
|t:|1779845615
|move|p2a: Moltres|Roost|p2a: Moltres
|-heal|p2a: Moltres|94/100
|-singleturn|p2a: Moltres|move: Roost
|move|p1a: Tyranitar|Stone Edge|p2a: Moltres
|-supereffective|p2a: Moltres
|-damage|p2a: Moltres|64/100
|
|-weather|Sandstorm|[upkeep]
|-damage|p2a: Moltres|58/100|[from] Sandstorm
|-damage|p1a: Tyranitar|76/100 brn|[from] brn
|upkeep
|turn|20
|
|t:|1779845632
|switch|p2a: Slowking|Slowking-Galar, F|61/100
|move|p1a: Tyranitar|Ice Beam|p2a: Slowking
|-damage|p2a: Slowking|47/100
|
|-weather|Sandstorm|[upkeep]
|-damage|p2a: Slowking|41/100|[from] Sandstorm
|-damage|p1a: Tyranitar|69/100 brn|[from] brn
|upkeep
|turn|21
|
|t:|1779845638
|switch|p1a: Hippowdon|Hippowdon, F, shiny|88/100
|-damage|p1a: Hippowdon|82/100|[from] Stealth Rock
|-prepare|p2a: Slowking|Chilly Reception|[premajor]
|move|p2a: Slowking|Chilly Reception|p2a: Slowking
|-weather|Snowscape
|
|t:|1779845645
|switch|p2a: Moltres|Moltres|58/100|[from] Chilly Reception
|-damage|p2a: Moltres|8/100|[from] Stealth Rock
|
|-weather|Snowscape|[upkeep]
|upkeep
|turn|22
|
|t:|1779845655
|switch|p1a: Tyranitar|Tyranitar, M, shiny|69/100 brn
|-damage|p1a: Tyranitar|57/100 brn|[from] Stealth Rock
|-weather|Sandstorm|[from] ability: Sand Stream|[of] p1a: Tyranitar
|move|p2a: Moltres|U-turn|p1a: Tyranitar
|-supereffective|p1a: Tyranitar
|-damage|p1a: Tyranitar|31/100 brn
|
|t:|1779845669
|switch|p2a: Great Tusk|Great Tusk|54/100|[from] U-turn
|-damage|p2a: Great Tusk|51/100|[from] Stealth Rock
|-damage|p2a: Great Tusk|34/100|[from] Spikes
|
|-weather|Sandstorm|[upkeep]
|-damage|p1a: Tyranitar|25/100 brn|[from] brn
|upkeep
|turn|23
|
|t:|1779845692
|switch|p1a: Hippowdon|Hippowdon, F, shiny|82/100
|-damage|p1a: Hippowdon|76/100|[from] Stealth Rock
|move|p2a: Great Tusk|Rapid Spin|p1a: Hippowdon
|-damage|p1a: Hippowdon|67/100
|-boost|p2a: Great Tusk|spe|1
|-damage|p2a: Great Tusk|18/100|[from] item: Rocky Helmet|[of] p1a: Hippowdon
|-sideend|p2: welovevaporeon|Spikes|[from] move: Rapid Spin|[of] p2a: Great Tusk
|-sideend|p2: welovevaporeon|Stealth Rock|[from] move: Rapid Spin|[of] p2a: Great Tusk
|
|-weather|Sandstorm|[upkeep]
|upkeep
|turn|24
|
|t:|1779845708
|move|p2a: Great Tusk|Headlong Rush|p1a: Hippowdon
|-damage|p1a: Hippowdon|38/100
|-unboost|p2a: Great Tusk|def|1
|-unboost|p2a: Great Tusk|spd|1
|-damage|p2a: Great Tusk|1/100|[from] item: Rocky Helmet|[of] p1a: Hippowdon
|move|p1a: Hippowdon|Stealth Rock|p2a: Great Tusk
|-sidestart|p2: welovevaporeon|move: Stealth Rock
|
|-weather|Sandstorm|[upkeep]
|upkeep
|turn|25
|
|t:|1779845715
|move|p2a: Great Tusk|Rapid Spin|p1a: Hippowdon
|-damage|p1a: Hippowdon|31/100
|-boost|p2a: Great Tusk|spe|1
|-damage|p2a: Great Tusk|0 fnt|[from] item: Rocky Helmet|[of] p1a: Hippowdon
|faint|p2a: Great Tusk
|-end|p2a: Great Tusk|Protosynthesis|[silent]
|move|p1a: Hippowdon|Slack Off|p1a: Hippowdon
|-heal|p1a: Hippowdon|81/100
|
|-weather|Sandstorm|[upkeep]
|upkeep
|inactive|welovevaporeon has 120 seconds left.
|
|t:|1779845745
|switch|p2a: Slowking|Slowking-Galar, F|74/100
|turn|26
|inactive|welovevaporeon has 120 seconds left.
|
|t:|1779845758
|move|p1a: Hippowdon|Earthquake|p2a: Slowking
|-supereffective|p2a: Slowking
|-damage|p2a: Slowking|0 fnt
|faint|p2a: Slowking
|
|-weather|Sandstorm|[upkeep]
|upkeep
|
|t:|1779845761
|switch|p2a: Honored1|Regieleki, shiny|100/100
|-damage|p2a: Honored1|88/100|[from] Stealth Rock
|turn|27
|
|t:|1779845766
|move|p2a: Honored1|Swift|p1a: Hippowdon
|-damage|p1a: Hippowdon|53/100
|move|p1a: Hippowdon|Earthquake|p2a: Honored1
|-supereffective|p2a: Honored1
|-damage|p2a: Honored1|0 fnt
|faint|p2a: Honored1
|
|-weather|Sandstorm|[upkeep]
|upkeep
|
|t:|1779845771
|switch|p2a: Moltres|Moltres|8/100
|-damage|p2a: Moltres|0 fnt|[from] Stealth Rock
|faint|p2a: Moltres
|
|win|jkreyes1
|raw|jkreyes1's rating: 1425 &rarr; <strong>1448</strong><br />(+23 for winning)
|raw|welovevaporeon's rating: 1476 &rarr; <strong>1453</strong><br />(-23 for losing)
|l|☆jkreyes1
|player|p1|
|l|☆welovevaporeon
|player|p2|
