|j|☆Jsparxs
|j|☆Kazuelasnt
|t:|1779922823
|gametype|singles
|player|p1|Jsparxs|102|1512
|player|p2|Kazuelasnt|cress|1496
|gen|9
|tier|[Gen 9] OU
|rated|
|rule|HP Percentage Mod: HP is shown in percentages
|rule|Endless Battle Clause: Forcing endless battles is banned
|rule|Species Clause: Limit one of each Pokémon
|rule|OHKO Clause: OHKO moves are banned
|rule|Evasion Items Clause: Evasion items are banned
|rule|Evasion Moves Clause: Evasion moves are banned
|rule|Evasion Abilities Clause: Evasion abilities are banned
|rule|Sleep Moves Clause: Sleep-inducing moves are banned
|clearpoke
|poke|p1|Great Tusk|
|poke|p1|Zamazenta-*|
|poke|p1|Iron Valiant|
|poke|p1|Gallade, M|
|poke|p1|Kommo-o, F|
|poke|p1|Okidogi, M|
|poke|p2|Kleavor, M|
|poke|p2|Landorus-Therian, M|
|poke|p2|Gholdengo|
|poke|p2|Dragonite, F|
|poke|p2|Hatterene, F|
|poke|p2|Darkrai|
|teampreview
|c|☆Jsparxs|glhf
|c|☆Kazuelasnt|Mono fighting is cool
|c|☆Kazuelasnt|Glhf too!
|
|t:|1779922875
|teamsize|p1|6
|teamsize|p2|6
|start
|switch|p1a: Okidogi|Okidogi, M|100/100
|switch|p2a: HomeLANDOR|Landorus-Therian, M, shiny|100/100
|-ability|p2a: HomeLANDOR|Intimidate|boost
|-unboost|p1a: Okidogi|atk|1
|turn|1
|c|☆Jsparxs|haha ty
|
|t:|1779922895
|switch|p1a: Iron Valiant|Iron Valiant|100/100
|move|p2a: HomeLANDOR|Earthquake|p1a: Iron Valiant
|-damage|p1a: Iron Valiant|38/100
|
|upkeep
|turn|2
|
|t:|1779922904
|switch|p2a: Hattie|Hatterene, F|100/100
|move|p1a: Iron Valiant|Moonblast|p2a: Hattie
|-damage|p2a: Hattie|54/100
|
|upkeep
|turn|3
|
|t:|1779922913
|move|p1a: Iron Valiant|Moonblast|p2a: Hattie
|-damage|p2a: Hattie|8/100
|move|p2a: Hattie|Draining Kiss|p1a: Iron Valiant
|-supereffective|p1a: Iron Valiant
|-damage|p1a: Iron Valiant|0 fnt
|-heal|p2a: Hattie|33/100|[from] drain|[of] p1a: Iron Valiant
|faint|p1a: Iron Valiant
|-end|p1a: Iron Valiant|Quark Drive|[silent]
|
|upkeep
|j| Rozka
|l| Rozka
|
|t:|1779922949
|switch|p1a: Kommo-o|Kommo-o, F|100/100
|turn|4
|
|t:|1779922970
|move|p1a: Kommo-o|Boomburst|p2a: Hattie
|-damage|p2a: Hattie|7/100
|-enditem|p1a: Kommo-o|Throat Spray
|-boost|p1a: Kommo-o|spa|1|[from] item: Throat Spray
|move|p2a: Hattie|Draining Kiss|p1a: Kommo-o
|-supereffective|p1a: Kommo-o
|-damage|p1a: Kommo-o|0 fnt
|-heal|p2a: Hattie|76/100|[from] drain|[of] p1a: Kommo-o
|faint|p1a: Kommo-o
|
|upkeep
|c|☆Jsparxs|Oops
|c|☆Jsparxs|bad calc
|l|☆Kazuelasnt
|player|p2|
|
|t:|1779922986
|switch|p1a: Okidogi|Okidogi, M|100/100
|turn|5
|j|☆Kazuelasnt
|player|p2|Kazuelasnt|cress|
|
|t:|1779923001
|switch|p2a: HomeLANDOR|Landorus-Therian, M, shiny|100/100
|-ability|p2a: HomeLANDOR|Intimidate|boost
|-unboost|p1a: Okidogi|atk|1
|move|p1a: Okidogi|Gunk Shot|p2a: HomeLANDOR
|-resisted|p2a: HomeLANDOR
|-damage|p2a: HomeLANDOR|80/100
|
|upkeep
|turn|6
|
|t:|1779923006
|switch|p1a: Zamazenta|Zamazenta|100/100
|-ability|p1a: Zamazenta|Dauntless Shield|boost
|-boost|p1a: Zamazenta|def|1
|move|p2a: HomeLANDOR|Earthquake|p1a: Zamazenta
|-damage|p1a: Zamazenta|78/100
|
|-heal|p1a: Zamazenta|84/100|[from] item: Leftovers
|upkeep
|turn|7
|
|t:|1779923009
|move|p1a: Zamazenta|Iron Defense|p1a: Zamazenta
|-boost|p1a: Zamazenta|def|2
|move|p2a: HomeLANDOR|U-turn|p1a: Zamazenta
|-resisted|p1a: Zamazenta
|-damage|p1a: Zamazenta|81/100
|
|t:|1779923014
|switch|p2a: A Penny|Gholdengo|100/100|[from] U-turn
|-item|p2a: A Penny|Air Balloon
|
|-heal|p1a: Zamazenta|87/100|[from] item: Leftovers
|upkeep
|turn|8
|
|t:|1779923017
|move|p1a: Zamazenta|Crunch|p2a: A Penny
|-supereffective|p2a: A Penny
|-damage|p2a: A Penny|44/100
|-enditem|p2a: A Penny|Air Balloon
|move|p2a: A Penny|Make It Rain|p1a: Zamazenta
|-damage|p1a: Zamazenta|26/100
|-unboost|p2a: A Penny|spa|1
|
|-heal|p1a: Zamazenta|32/100|[from] item: Leftovers
|upkeep
|turn|9
|
|t:|1779923028
|move|p1a: Zamazenta|Crunch|p2a: A Penny
|-supereffective|p2a: A Penny
|-damage|p2a: A Penny|0 fnt
|faint|p2a: A Penny
|
|-heal|p1a: Zamazenta|38/100|[from] item: Leftovers
|upkeep
|
|t:|1779923032
|switch|p2a: Duke|Darkrai, shiny|100/100
|turn|10
|
|t:|1779923045
|-terastallize|p2a: Duke|Ghost
|-terastallize|p1a: Zamazenta|Steel
|move|p2a: Duke|Will-O-Wisp|p1a: Zamazenta
|-status|p1a: Zamazenta|brn
|move|p1a: Zamazenta|Body Press|p2a: Duke
|-immune|p2a: Duke
|
|-heal|p1a: Zamazenta|44/100 brn|[from] item: Leftovers
|-damage|p1a: Zamazenta|38/100 brn|[from] brn
|upkeep
|turn|11
|
|t:|1779923056
|move|p2a: Duke|Dark Pulse|p1a: Zamazenta
|-damage|p1a: Zamazenta|0 fnt
|faint|p1a: Zamazenta
|
|upkeep
|c|☆Jsparxs|Can’t say I expected wisp
|
|t:|1779923081
|switch|p1a: Okidogi|Okidogi, M|100/100
|turn|12
|c|☆Kazuelasnt|To be fair it's one of my only ways of dealing with zama
|c|☆Kazuelasnt|Since it can always heavy slam into hat
|
|t:|1779923108
|move|p2a: Duke|Will-O-Wisp|p1a: Okidogi|[miss]
|-miss|p2a: Duke|p1a: Okidogi
|move|p1a: Okidogi|Crunch|p2a: Duke
|-supereffective|p2a: Duke
|-damage|p2a: Duke|8/100
|
|upkeep
|turn|13
|c|☆Jsparxs|I’m still not used to OU, honestly much of this hasn’t occurred to me
|
|t:|1779923142
|switch|p2a: HomeLANDOR|Landorus-Therian, M, shiny|80/100
|-ability|p2a: HomeLANDOR|Intimidate|boost
|-unboost|p1a: Okidogi|atk|1
|move|p1a: Okidogi|Crunch|p2a: HomeLANDOR
|-damage|p2a: HomeLANDOR|59/100
|-damage|p1a: Okidogi|84/100|[from] item: Rocky Helmet|[of] p2a: HomeLANDOR
|
|upkeep
|turn|14
|c|☆Kazuelasnt|What tier/meta do you usually play?
|
|t:|1779923152
|move|p2a: HomeLANDOR|Earthquake|p1a: Okidogi
|-supereffective|p1a: Okidogi
|-damage|p1a: Okidogi|11/100
|move|p1a: Okidogi|Gunk Shot|p2a: HomeLANDOR
|-resisted|p2a: HomeLANDOR
|-damage|p2a: HomeLANDOR|36/100
|
|upkeep
|turn|15
|
|t:|1779923162
|move|p2a: HomeLANDOR|Earthquake|p1a: Okidogi
|-supereffective|p1a: Okidogi
|-damage|p1a: Okidogi|0 fnt
|faint|p1a: Okidogi
|
|upkeep
|
|t:|1779923170
|switch|p1a: Great Tusk|Great Tusk|100/100
|-enditem|p1a: Great Tusk|Booster Energy
|-activate|p1a: Great Tusk|ability: Protosynthesis|[fromitem]
|-start|p1a: Great Tusk|protosynthesisatk
|turn|16
|
|t:|1779923174
|move|p2a: HomeLANDOR|Taunt|p1a: Great Tusk
|-start|p1a: Great Tusk|move: Taunt
|move|p1a: Great Tusk|Rapid Spin|p2a: HomeLANDOR
|-damage|p2a: HomeLANDOR|13/100
|-boost|p1a: Great Tusk|spe|1
|-damage|p1a: Great Tusk|84/100|[from] item: Rocky Helmet|[of] p2a: HomeLANDOR
|
|upkeep
|turn|17
|
|t:|1779923185
|move|p1a: Great Tusk|Rapid Spin|p2a: HomeLANDOR
|-damage|p2a: HomeLANDOR|0 fnt
|-boost|p1a: Great Tusk|spe|1
|-damage|p1a: Great Tusk|68/100|[from] item: Rocky Helmet|[of] p2a: HomeLANDOR
|faint|p2a: HomeLANDOR
|
|upkeep
|
|t:|1779923187
|switch|p2a: Hattie|Hatterene, F|76/100
|turn|18
|
|t:|1779923190
|move|p1a: Great Tusk|Headlong Rush|p2a: Hattie
|-damage|p2a: Hattie|0 fnt
|-unboost|p1a: Great Tusk|def|1
|-unboost|p1a: Great Tusk|spd|1
|faint|p2a: Hattie
|
|-end|p1a: Great Tusk|move: Taunt
|upkeep
|
|t:|1779923197
|switch|p2a: Filo Señorial|Kleavor, M|100/100
|turn|19
|
|t:|1779923202
|move|p1a: Great Tusk|Close Combat|p2a: Filo Señorial
|-damage|p2a: Filo Señorial|1/100
|-unboost|p1a: Great Tusk|def|1
|-unboost|p1a: Great Tusk|spd|1
|move|p2a: Filo Señorial|Close Combat|p1a: Great Tusk
|-damage|p1a: Great Tusk|10/100
|-unboost|p2a: Filo Señorial|def|1
|-unboost|p2a: Filo Señorial|spd|1
|
|upkeep
|turn|20
|
|t:|1779923208
|move|p1a: Great Tusk|Close Combat|p2a: Filo Señorial
|-damage|p2a: Filo Señorial|0 fnt
|-unboost|p1a: Great Tusk|def|1
|-unboost|p1a: Great Tusk|spd|1
|faint|p2a: Filo Señorial
|
|upkeep
|c|☆Kazuelasnt|Oh my GOD
|
|t:|1779923216
|switch|p2a: Alba|Dragonite, F, shiny|100/100
|turn|21
|c|☆Jsparxs|Wow
|c|☆Jsparxs|Kinda schnuts
|
|t:|1779923233
|move|p2a: Alba|Extreme Speed|p1a: Great Tusk
|-damage|p1a: Great Tusk|0 fnt
|faint|p1a: Great Tusk
|-end|p1a: Great Tusk|Protosynthesis|[silent]
|
|upkeep
|
|t:|1779923236
|switch|p1a: Gallade|Gallade, M|100/100
|turn|22
|
|t:|1779923244
|move|p2a: Alba|Earthquake|p1a: Gallade
|-damage|p1a: Gallade|36/100
|move|p1a: Gallade|Triple Axel|p2a: Alba|[miss]
|-miss|p1a: Gallade|p2a: Alba
|
|upkeep
|turn|23
|c|☆Jsparxs|And that’s the game
|c|☆Jsparxs|I honestly might have won
|c|☆Kazuelasnt|That one hurts even me
|c|☆Jsparxs|if I hadn’t missed that
|c|☆Jsparxs|Av gallade
|c|☆Jsparxs|so there was no way darkrai could take me out in 1
|c|☆Jsparxs|Haha gg
|
|t:|1779923286
|move|p2a: Alba|Extreme Speed|p1a: Gallade
|-damage|p1a: Gallade|0 fnt
|faint|p1a: Gallade
|
|win|Kazuelasnt
|raw|Jsparxs's rating: 1512 &rarr; <strong>1491</strong><br />(-21 for losing)
|raw|Kazuelasnt's rating: 1496 &rarr; <strong>1517</strong><br />(+21 for winning)
|c|☆Kazuelasnt|Ohhh
|c|☆Kazuelasnt|Gg tho
|c|☆Jsparxs|Cheers
|l|☆Kazuelasnt
|player|p2|
|j|☆Kazuelasnt
|player|p2|Kazuelasnt|cress|
|l|☆Kazuelasnt
|player|p2|
