|j|☆Acastillo631
|j|☆dilf huntr
|t:|1779885287
|gametype|singles
|player|p1|Acastillo631|silver|1614
|player|p2|dilf huntr|266|1573
|gen|9
|tier|[Gen 9] OU
|rated|
|rule|HP Percentage Mod: HP is shown in percentages
|rule|Endless Battle Clause: Forcing endless battles is banned
|rule|Species Clause: Limit one of each Pokémon
|rule|OHKO Clause: OHKO moves are banned
|rule|Evasion Items Clause: Evasion items are banned
|rule|Evasion Moves Clause: Evasion moves are banned
|rule|Evasion Abilities Clause: Evasion abilities are banned
|rule|Sleep Moves Clause: Sleep-inducing moves are banned
|clearpoke
|poke|p1|Iron Valiant|
|poke|p1|Sinistcha|
|poke|p1|Tyranitar, M|
|poke|p1|Klefki, M|
|poke|p1|Swampert, F|
|poke|p1|Talonflame, F|
|poke|p2|Raging Bolt|
|poke|p2|Great Tusk|
|poke|p2|Clefable, M|
|poke|p2|Samurott-Hisui, M|
|poke|p2|Pecharunt|
|poke|p2|Tornadus-Therian, M|
|teampreview
|
|t:|1779885303
|teamsize|p1|6
|teamsize|p2|6
|start
|switch|p1a: Redips|Klefki, M|100/100
|switch|p2a: Great Tusk|Great Tusk, shiny|100/100
|turn|1
|inactive|Battle timer is ON: inactive players will automatically lose when time's up. (requested by dilf huntr)
|
|t:|1779885314
|move|p1a: Redips|Magnet Rise|p1a: Redips
|-start|p1a: Redips|Magnet Rise
|move|p2a: Great Tusk|Knock Off|p1a: Redips
|-resisted|p1a: Redips
|-damage|p1a: Redips|87/100
|-damage|p2a: Great Tusk|84/100|[from] item: Rocky Helmet|[of] p1a: Redips
|-enditem|p1a: Redips|Rocky Helmet|[from] move: Knock Off|[of] p2a: Great Tusk
|
|upkeep
|turn|2
|
|t:|1779885338
|-end|p2a: Great Tusk|Protosynthesis|[silent]
|switch|p2a: Raging Bolt|Raging Bolt|100/100
|move|p1a: Redips|Spikes|p2a: Raging Bolt
|-sidestart|p2: dilf huntr|Spikes
|
|upkeep
|turn|3
|
|t:|1779885343
|switch|p1a: Duff Mcwhalen|Swampert, F|100/100
|move|p2a: Raging Bolt|Thunderbolt|p1a: Duff Mcwhalen
|-immune|p1a: Duff Mcwhalen
|
|upkeep
|turn|4
|
|t:|1779885364
|-end|p2a: Raging Bolt|Protosynthesis|[silent]
|switch|p2a: Samurott|Samurott-Hisui, M, shiny|100/100
|-damage|p2a: Samurott|88/100|[from] Spikes
|move|p1a: Duff Mcwhalen|Stealth Rock|p2a: Samurott
|-sidestart|p2: dilf huntr|move: Stealth Rock
|
|upkeep
|turn|5
|
|t:|1779885368
|move|p2a: Samurott|Ceaseless Edge|p1a: Duff Mcwhalen
|-damage|p1a: Duff Mcwhalen|59/100
|-sidestart|p1: Acastillo631|Spikes
|move|p1a: Duff Mcwhalen|Flip Turn|p2a: Samurott
|-resisted|p2a: Samurott
|-damage|p2a: Samurott|76/100
|
|t:|1779885373
|switch|p1a: Sage Harpuia|Iron Valiant|100/100|[from] Flip Turn
|-damage|p1a: Sage Harpuia|88/100|[from] Spikes
|-enditem|p1a: Sage Harpuia|Booster Energy
|-activate|p1a: Sage Harpuia|ability: Quark Drive|[fromitem]
|-start|p1a: Sage Harpuia|quarkdrivespe
|
|upkeep
|turn|6
|
|t:|1779885392
|move|p1a: Sage Harpuia|Moonblast|p2a: Samurott
|-supereffective|p2a: Samurott
|-damage|p2a: Samurott|10/100
|-unboost|p2a: Samurott|spa|1
|move|p2a: Samurott|Aqua Cutter|p1a: Sage Harpuia
|-damage|p1a: Sage Harpuia|33/100
|
|upkeep
|turn|7
|
|t:|1779885397
|move|p1a: Sage Harpuia|Moonblast|p2a: Samurott
|-supereffective|p2a: Samurott
|-damage|p2a: Samurott|0 fnt
|faint|p2a: Samurott
|
|upkeep
|
|t:|1779885416
|switch|p2a: Clefable|Clefable, M, shiny|100/100
|turn|8
|
|t:|1779885424
|move|p1a: Sage Harpuia|Destiny Bond|p1a: Sage Harpuia
|-singlemove|p1a: Sage Harpuia|Destiny Bond
|move|p2a: Clefable|Moonblast|p1a: Sage Harpuia
|-supereffective|p1a: Sage Harpuia
|-damage|p1a: Sage Harpuia|0 fnt
|faint|p1a: Sage Harpuia
|-activate|p1a: Sage Harpuia|move: Destiny Bond
|-end|p1a: Sage Harpuia|Quark Drive|[silent]
|faint|p2a: Clefable
|
|upkeep
|
|t:|1779885439
|switch|p1a: Eregion|Tyranitar, M|100/100
|switch|p2a: Tornadus|Tornadus-Therian, M, shiny|100/100
|-damage|p1a: Eregion|88/100|[from] Spikes
|-weather|Sandstorm|[from] ability: Sand Stream|[of] p1a: Eregion
|turn|9
|
|t:|1779885455
|move|p2a: Tornadus|U-turn|p1a: Eregion
|-supereffective|p1a: Eregion
|-damage|p1a: Eregion|65/100
|
|t:|1779885458
|switch|p2a: Great Tusk|Great Tusk, shiny|84/100|[from] U-turn
|move|p1a: Eregion|Ice Beam|p2a: Great Tusk
|-supereffective|p2a: Great Tusk
|-damage|p2a: Great Tusk|27/100
|
|-weather|Sandstorm|[upkeep]
|-heal|p1a: Eregion|71/100|[from] item: Leftovers
|upkeep
|turn|10
|
|t:|1779885466
|switch|p1a: Wire Sponge|Sinistcha|100/100
|move|p2a: Great Tusk|Knock Off|p1a: Wire Sponge
|-supereffective|p1a: Wire Sponge
|-damage|p1a: Wire Sponge|53/100
|-enditem|p1a: Wire Sponge|Heavy-Duty Boots|[from] move: Knock Off|[of] p2a: Great Tusk
|
|-weather|Sandstorm|[upkeep]
|-damage|p1a: Wire Sponge|47/100|[from] Sandstorm
|upkeep
|turn|11
|
|t:|1779885471
|move|p2a: Great Tusk|Ice Spinner|p1a: Wire Sponge
|-supereffective|p1a: Wire Sponge
|-damage|p1a: Wire Sponge|8/100
|move|p1a: Wire Sponge|Strength Sap|p2a: Great Tusk
|-unboost|p2a: Great Tusk|atk|1
|-heal|p1a: Wire Sponge|100/100
|
|-weather|Sandstorm|[upkeep]
|-damage|p1a: Wire Sponge|94/100|[from] Sandstorm
|upkeep
|turn|12
|
|t:|1779885484
|-end|p2a: Great Tusk|Protosynthesis|[silent]
|switch|p2a: Tornadus|Tornadus-Therian, M, shiny|100/100
|move|p1a: Wire Sponge|Shadow Ball|p2a: Tornadus
|-damage|p2a: Tornadus|67/100
|
|-weather|Sandstorm|[upkeep]
|-damage|p2a: Tornadus|61/100|[from] Sandstorm
|-damage|p1a: Wire Sponge|88/100|[from] Sandstorm
|upkeep
|turn|13
|
|t:|1779885495
|switch|p1a: Eregion|Tyranitar, M|71/100
|-damage|p1a: Eregion|59/100|[from] Spikes
|move|p2a: Tornadus|Bleakwind Storm|p1a: Eregion
|-resisted|p1a: Eregion
|-damage|p1a: Eregion|51/100
|
|-weather|none
|-heal|p1a: Eregion|57/100|[from] item: Leftovers
|upkeep
|turn|14
|
|t:|1779885503
|move|p2a: Tornadus|U-turn|p1a: Eregion
|-supereffective|p1a: Eregion
|-damage|p1a: Eregion|33/100
|
|t:|1779885505
|switch|p2a: Great Tusk|Great Tusk, shiny|27/100|[from] U-turn
|move|p1a: Eregion|Knock Off|p2a: Great Tusk
|-resisted|p2a: Great Tusk
|-damage|p2a: Great Tusk|12/100
|-enditem|p2a: Great Tusk|Heavy-Duty Boots|[from] move: Knock Off|[of] p1a: Eregion
|
|-heal|p1a: Eregion|39/100|[from] item: Leftovers
|upkeep
|turn|15
|
|t:|1779885515
|switch|p1a: Talonflame|Talonflame, F|100/100
|move|p2a: Great Tusk|Ice Spinner|p1a: Talonflame
|-damage|p1a: Talonflame|65/100
|-status|p2a: Great Tusk|brn|[from] ability: Flame Body|[of] p1a: Talonflame
|
|-damage|p2a: Great Tusk|5/100 brn|[from] brn
|upkeep
|turn|16
|
|t:|1779885520
|move|p1a: Talonflame|Flamethrower|p2a: Great Tusk
|-damage|p2a: Great Tusk|0 fnt
|faint|p2a: Great Tusk
|-end|p2a: Great Tusk|Protosynthesis|[silent]
|
|upkeep
|
|t:|1779885526
|switch|p2a: Raging Bolt|Raging Bolt|100/100
|-damage|p2a: Raging Bolt|88/100|[from] Spikes
|-damage|p2a: Raging Bolt|76/100|[from] Stealth Rock
|turn|17
|
|t:|1779885543
|switch|p1a: Eregion|Tyranitar, M|39/100
|-damage|p1a: Eregion|27/100|[from] Spikes
|-weather|Sandstorm|[from] ability: Sand Stream|[of] p1a: Eregion
|move|p2a: Raging Bolt|Draco Meteor|p1a: Eregion
|-damage|p1a: Eregion|0 fnt
|-unboost|p2a: Raging Bolt|spa|2
|faint|p1a: Eregion
|
|-weather|Sandstorm|[upkeep]
|-damage|p2a: Raging Bolt|69/100|[from] Sandstorm
|upkeep
|
|t:|1779885546
|switch|p1a: Duff Mcwhalen|Swampert, F|59/100
|-damage|p1a: Duff Mcwhalen|46/100|[from] Spikes
|turn|18
|
|t:|1779885550
|-end|p2a: Raging Bolt|Protosynthesis|[silent]
|switch|p2a: Tornadus|Tornadus-Therian, M, shiny|94/100
|move|p1a: Duff Mcwhalen|Knock Off|p2a: Tornadus
|-damage|p2a: Tornadus|67/100
|-enditem|p2a: Tornadus|Heavy-Duty Boots|[from] move: Knock Off|[of] p1a: Duff Mcwhalen
|
|-weather|Sandstorm|[upkeep]
|-damage|p2a: Tornadus|60/100|[from] Sandstorm
|-heal|p1a: Duff Mcwhalen|52/100|[from] item: Leftovers
|upkeep
|turn|19
|
|t:|1779885559
|move|p2a: Tornadus|Knock Off|p1a: Duff Mcwhalen
|-damage|p1a: Duff Mcwhalen|35/100
|-enditem|p1a: Duff Mcwhalen|Leftovers|[from] move: Knock Off|[of] p2a: Tornadus
|move|p1a: Duff Mcwhalen|Flip Turn|p2a: Tornadus
|-damage|p2a: Tornadus|35/100
|
|t:|1779885570
|switch|p1a: Talonflame|Talonflame, F|65/100|[from] Flip Turn
|
|-weather|Sandstorm|[upkeep]
|-damage|p1a: Talonflame|59/100|[from] Sandstorm
|-damage|p2a: Tornadus|29/100|[from] Sandstorm
|upkeep
|turn|20
|
|t:|1779885577
|move|p1a: Talonflame|Flamethrower|p2a: Tornadus
|-damage|p2a: Tornadus|4/100
|move|p2a: Tornadus|Bleakwind Storm|p1a: Talonflame|[miss]
|-miss|p2a: Tornadus|p1a: Talonflame
|
|-weather|Sandstorm|[upkeep]
|-damage|p1a: Talonflame|53/100|[from] Sandstorm
|-damage|p2a: Tornadus|0 fnt|[from] Sandstorm
|faint|p2a: Tornadus
|upkeep
|
|t:|1779885594
|switch|p2a: Raging Bolt|Raging Bolt|69/100
|-damage|p2a: Raging Bolt|57/100|[from] Spikes
|-damage|p2a: Raging Bolt|44/100|[from] Stealth Rock
|turn|21
|
|t:|1779885613
|move|p1a: Talonflame|Will-O-Wisp|p2a: Raging Bolt
|-status|p2a: Raging Bolt|brn
|move|p2a: Raging Bolt|Thunderbolt|p1a: Talonflame
|-supereffective|p1a: Talonflame
|-damage|p1a: Talonflame|0 fnt
|faint|p1a: Talonflame
|
|-weather|none
|-damage|p2a: Raging Bolt|38/100 brn|[from] brn
|upkeep
|
|t:|1779885619
|switch|p1a: Duff Mcwhalen|Swampert, F|35/100
|-damage|p1a: Duff Mcwhalen|23/100|[from] Spikes
|turn|22
|
|t:|1779885626
|-end|p2a: Raging Bolt|Protosynthesis|[silent]
|switch|p2a: Pecharunt|Pecharunt|100/100
|move|p1a: Duff Mcwhalen|Earthquake|p2a: Pecharunt
|-supereffective|p2a: Pecharunt
|-damage|p2a: Pecharunt|62/100
|
|upkeep
|turn|23
|
|t:|1779885639
|move|p2a: Pecharunt|Recover|p2a: Pecharunt
|-heal|p2a: Pecharunt|100/100
|move|p1a: Duff Mcwhalen|Earthquake|p2a: Pecharunt
|-supereffective|p2a: Pecharunt
|-damage|p2a: Pecharunt|68/100
|
|upkeep
|turn|24
|
|t:|1779885654
|switch|p1a: Redips|Klefki, M|87/100
|-damage|p1a: Redips|74/100|[from] Spikes
|move|p2a: Pecharunt|Malignant Chain|p1a: Redips
|-immune|p1a: Redips
|
|upkeep
|turn|25
|
|t:|1779885668
|switch|p2a: Raging Bolt|Raging Bolt|38/100 brn
|-damage|p2a: Raging Bolt|26/100 brn|[from] Spikes
|-damage|p2a: Raging Bolt|13/100 brn|[from] Stealth Rock
|move|p1a: Redips|Spikes|p2a: Raging Bolt
|-sidestart|p2: dilf huntr|Spikes
|
|-damage|p2a: Raging Bolt|7/100 brn|[from] brn
|upkeep
|turn|26
|
|t:|1779885676
|switch|p1a: Duff Mcwhalen|Swampert, F|23/100
|-damage|p1a: Duff Mcwhalen|11/100|[from] Spikes
|move|p2a: Raging Bolt|Thunderbolt|p1a: Duff Mcwhalen
|-immune|p1a: Duff Mcwhalen
|
|-damage|p2a: Raging Bolt|1/100 brn|[from] brn
|upkeep
|turn|27
|
|t:|1779885682
|move|p2a: Raging Bolt|Thunderbolt|p1a: Duff Mcwhalen
|-immune|p1a: Duff Mcwhalen
|move|p1a: Duff Mcwhalen|Earthquake|p2a: Raging Bolt
|-supereffective|p2a: Raging Bolt
|-damage|p2a: Raging Bolt|0 fnt
|faint|p2a: Raging Bolt
|-end|p2a: Raging Bolt|Protosynthesis|[silent]
|
|upkeep
|
|t:|1779885684
|switch|p2a: Pecharunt|Pecharunt|68/100
|turn|28
|
|t:|1779885692
|move|p2a: Pecharunt|Shadow Ball|p1a: Duff Mcwhalen
|-damage|p1a: Duff Mcwhalen|0 fnt
|faint|p1a: Duff Mcwhalen
|
|upkeep
|
|t:|1779885694
|switch|p1a: Redips|Klefki, M|74/100
|-damage|p1a: Redips|62/100|[from] Spikes
|turn|29
|
|t:|1779885704
|-terastallize|p2a: Pecharunt|Dark
|move|p1a: Redips|Thunder Wave|p2a: Pecharunt
|-hint|Since gen 7, Dark is immune to Prankster moves.
|-immune|p2a: Pecharunt
|move|p2a: Pecharunt|Shadow Ball|p1a: Redips
|-damage|p1a: Redips|32/100
|
|upkeep
|turn|30
|
|t:|1779885712
|move|p2a: Pecharunt|Shadow Ball|p1a: Redips
|-damage|p1a: Redips|3/100
|move|p1a: Redips|Dazzling Gleam|p2a: Pecharunt
|-supereffective|p2a: Pecharunt
|-damage|p2a: Pecharunt|26/100
|
|upkeep
|turn|31
|
|t:|1779885722
|move|p2a: Pecharunt|Recover|p2a: Pecharunt
|-heal|p2a: Pecharunt|76/100
|move|p1a: Redips|Dazzling Gleam|p2a: Pecharunt
|-supereffective|p2a: Pecharunt
|-damage|p2a: Pecharunt|29/100
|
|upkeep
|turn|32
|
|t:|1779885726
|move|p2a: Pecharunt|Recover|p2a: Pecharunt
|-heal|p2a: Pecharunt|79/100
|move|p1a: Redips|Dazzling Gleam|p2a: Pecharunt
|-supereffective|p2a: Pecharunt
|-damage|p2a: Pecharunt|32/100
|
|upkeep
|turn|33
|
|t:|1779885730
|move|p2a: Pecharunt|Recover|p2a: Pecharunt
|-heal|p2a: Pecharunt|82/100
|move|p1a: Redips|Dazzling Gleam|p2a: Pecharunt
|-supereffective|p2a: Pecharunt
|-damage|p2a: Pecharunt|38/100
|
|upkeep
|turn|34
|
|t:|1779885736
|move|p2a: Pecharunt|Shadow Ball|p1a: Redips
|-damage|p1a: Redips|0 fnt
|faint|p1a: Redips
|
|upkeep
|
|t:|1779885738
|switch|p1a: Wire Sponge|Sinistcha|88/100
|-damage|p1a: Wire Sponge|76/100|[from] Spikes
|turn|35
|
|t:|1779885741
|-terastallize|p1a: Wire Sponge|Poison
|move|p2a: Pecharunt|Recover|p2a: Pecharunt
|-heal|p2a: Pecharunt|88/100
|move|p1a: Wire Sponge|Calm Mind|p1a: Wire Sponge
|-boost|p1a: Wire Sponge|spa|1
|-boost|p1a: Wire Sponge|spd|1
|
|upkeep
|turn|36
|
|t:|1779885748
|move|p2a: Pecharunt|Shadow Ball|p1a: Wire Sponge
|-damage|p1a: Wire Sponge|57/100
|-unboost|p1a: Wire Sponge|spd|1
|move|p1a: Wire Sponge|Matcha Gotcha|p2a: Pecharunt
|-damage|p2a: Pecharunt|40/100
|-heal|p1a: Wire Sponge|83/100|[from] drain|[of] p2a: Pecharunt
|
|upkeep
|turn|37
|
|t:|1779885757
|move|p2a: Pecharunt|Shadow Ball|p1a: Wire Sponge
|-damage|p1a: Wire Sponge|56/100
|move|p1a: Wire Sponge|Matcha Gotcha|p2a: Pecharunt
|-damage|p2a: Pecharunt|0 fnt
|-heal|p1a: Wire Sponge|78/100|[from] drain|[of] p2a: Pecharunt
|faint|p2a: Pecharunt
|
|win|Acastillo631
|raw|Acastillo631's rating: 1614 &rarr; <strong>1632</strong><br />(+18 for winning)
|raw|dilf huntr's rating: 1573 &rarr; <strong>1555</strong><br />(-18 for losing)
|l|☆Acastillo631
|player|p1|
|l|☆dilf huntr
|player|p2|
