|j|☆Alx12
|j|☆shreves0
|t:|1779884524
|gametype|singles
|player|p1|Alx12|birdkeeper-gen4dp|1485
|player|p2|shreves0|lucas|1448
|gen|9
|tier|[Gen 9] OU
|rated|
|rule|HP Percentage Mod: HP is shown in percentages
|rule|Endless Battle Clause: Forcing endless battles is banned
|rule|Species Clause: Limit one of each Pokémon
|rule|OHKO Clause: OHKO moves are banned
|rule|Evasion Items Clause: Evasion items are banned
|rule|Evasion Moves Clause: Evasion moves are banned
|rule|Evasion Abilities Clause: Evasion abilities are banned
|rule|Sleep Moves Clause: Sleep-inducing moves are banned
|clearpoke
|poke|p1|Great Tusk|
|poke|p1|Kyurem|
|poke|p1|Pecharunt|
|poke|p1|Quaquaval, M|
|poke|p1|Tornadus-Therian, M|
|poke|p1|Ting-Lu|
|poke|p2|Charizard, F|
|poke|p2|Torkoal, M|
|poke|p2|Walking Wake|
|poke|p2|Hatterene, F|
|poke|p2|Great Tusk|
|poke|p2|Slither Wing|
|teampreview
|inactive|Battle timer is ON: inactive players will automatically lose when time's up. (requested by shreves0)
|
|t:|1779884532
|teamsize|p1|6
|teamsize|p2|6
|start
|switch|p1a: Quaquaval|Quaquaval, M|100/100
|switch|p2a: Torkoal|Torkoal, M|100/100
|-weather|SunnyDay|[from] ability: Drought|[of] p2a: Torkoal
|turn|1
|
|t:|1779884539
|move|p1a: Quaquaval|U-turn|p2a: Torkoal
|-resisted|p2a: Torkoal
|-damage|p2a: Torkoal|86/100
|
|t:|1779884542
|switch|p1a: Ting-Lu|Ting-Lu|100/100|[from] U-turn
|-ability|p1a: Ting-Lu|Vessel of Ruin
|move|p2a: Torkoal|Will-O-Wisp|p1a: Ting-Lu|[miss]
|-miss|p2a: Torkoal|p1a: Ting-Lu
|
|-weather|SunnyDay|[upkeep]
|upkeep
|turn|2
|
|t:|1779884552
|switch|p2a: Hatterene|Hatterene, F|100/100
|move|p1a: Ting-Lu|Ruination|p2a: Hatterene|[miss]
|-miss|p1a: Ting-Lu|p2a: Hatterene
|
|-weather|SunnyDay|[upkeep]
|upkeep
|turn|3
|
|t:|1779884560
|move|p1a: Ting-Lu|Ruination|p2a: Hatterene
|-damage|p2a: Hatterene|51/100
|-enditem|p2a: Hatterene|Eject Button
|
|t:|1779884564
|switch|p2a: Charizard|Charizard, F|100/100
|
|-weather|SunnyDay|[upkeep]
|-damage|p2a: Charizard|88/100|[from] ability: Solar Power|[of] p2a: Charizard
|upkeep
|turn|4
|
|t:|1779884571
|move|p2a: Charizard|Overheat|p1a: Ting-Lu
|-damage|p1a: Ting-Lu|21/100
|-unboost|p2a: Charizard|spa|2
|move|p1a: Ting-Lu|Whirlwind|p2a: Charizard
|drag|p2a: Hatterene|Hatterene, F|51/100
|
|-weather|SunnyDay|[upkeep]
|-heal|p1a: Ting-Lu|27/100|[from] item: Leftovers
|upkeep
|turn|5
|
|t:|1779884581
|move|p1a: Ting-Lu|Earthquake|p2a: Hatterene
|-crit|p2a: Hatterene
|-damage|p2a: Hatterene|5/100
|move|p2a: Hatterene|Draining Kiss|p1a: Ting-Lu
|-supereffective|p1a: Ting-Lu
|-damage|p1a: Ting-Lu|9/100
|-heal|p2a: Hatterene|28/100|[from] drain|[of] p1a: Ting-Lu
|
|-weather|SunnyDay|[upkeep]
|-heal|p1a: Ting-Lu|15/100|[from] item: Leftovers
|upkeep
|turn|6
|
|t:|1779884592
|switch|p2a: Slither Wing|Slither Wing|100/100
|-activate|p2a: Slither Wing|ability: Protosynthesis
|-start|p2a: Slither Wing|protosynthesisatk
|move|p1a: Ting-Lu|Earthquake|p2a: Slither Wing
|-resisted|p2a: Slither Wing
|-damage|p2a: Slither Wing|81/100
|
|-weather|SunnyDay|[upkeep]
|-heal|p1a: Ting-Lu|21/100|[from] item: Leftovers
|upkeep
|turn|7
|j| peeekapeee
|
|t:|1779884604
|switch|p1a: Pecharunt|Pecharunt|100/100
|move|p2a: Slither Wing|U-turn|p1a: Pecharunt
|-resisted|p1a: Pecharunt
|-damage|p1a: Pecharunt|95/100
|
|t:|1779884609
|-end|p2a: Slither Wing|Protosynthesis|[silent]
|switch|p2a: Charizard|Charizard, F|88/100|[from] U-turn
|
|-weather|SunnyDay|[upkeep]
|-damage|p2a: Charizard|76/100|[from] ability: Solar Power|[of] p2a: Charizard
|upkeep
|turn|8
|c| peeekapeee|Here comes the demon
|
|t:|1779884625
|move|p2a: Charizard|Overheat|p1a: Pecharunt
|-damage|p1a: Pecharunt|0 fnt
|-unboost|p2a: Charizard|spa|2
|faint|p1a: Pecharunt
|
|-weather|none
|upkeep
|
|t:|1779884627
|switch|p1a: Quaquaval|Quaquaval, M|100/100
|turn|9
|
|t:|1779884635
|switch|p2a: Torkoal|Torkoal, M|86/100
|-weather|SunnyDay|[from] ability: Drought|[of] p2a: Torkoal
|move|p1a: Quaquaval|Aqua Step|p2a: Torkoal
|-supereffective|p2a: Torkoal
|-damage|p2a: Torkoal|39/100
|-boost|p1a: Quaquaval|spe|1
|
|-weather|SunnyDay|[upkeep]
|upkeep
|turn|10
|
|t:|1779884647
|-terastallize|p2a: Torkoal|Normal
|move|p1a: Quaquaval|Aqua Step|p2a: Torkoal
|-damage|p2a: Torkoal|14/100
|-boost|p1a: Quaquaval|spe|1
|move|p2a: Torkoal|Will-O-Wisp|p1a: Quaquaval
|-status|p1a: Quaquaval|brn
|
|-weather|SunnyDay|[upkeep]
|-damage|p1a: Quaquaval|94/100 brn|[from] brn
|upkeep
|turn|11
|
|t:|1779884662
|switch|p2a: Hatterene|Hatterene, F|28/100
|move|p1a: Quaquaval|Aqua Step|p2a: Hatterene
|-damage|p2a: Hatterene|12/100
|-boost|p1a: Quaquaval|spe|1
|
|-weather|SunnyDay|[upkeep]
|-damage|p1a: Quaquaval|88/100 brn|[from] brn
|upkeep
|turn|12
|
|t:|1779884672
|move|p1a: Quaquaval|Aqua Step|p2a: Hatterene
|-damage|p2a: Hatterene|0 fnt
|-boost|p1a: Quaquaval|spe|1
|faint|p2a: Hatterene
|-ability|p1a: Quaquaval|Moxie|boost
|-boost|p1a: Quaquaval|atk|1
|
|-weather|SunnyDay|[upkeep]
|-damage|p1a: Quaquaval|82/100 brn|[from] brn
|upkeep
|
|t:|1779884681
|switch|p2a: Walking Wake|Walking Wake|100/100
|-activate|p2a: Walking Wake|ability: Protosynthesis
|-start|p2a: Walking Wake|protosynthesisspe
|turn|13
|
|t:|1779884689
|move|p1a: Quaquaval|Aqua Step|p2a: Walking Wake
|-resisted|p2a: Walking Wake
|-damage|p2a: Walking Wake|94/100
|-boost|p1a: Quaquaval|spe|1
|move|p2a: Walking Wake|Draco Meteor|p1a: Quaquaval
|-damage|p1a: Quaquaval|0 fnt
|-unboost|p2a: Walking Wake|spa|2
|faint|p1a: Quaquaval
|
|-weather|SunnyDay|[upkeep]
|upkeep
|l| peeekapeee
|inactive|Alx12 has 120 seconds left.
|
|t:|1779884719
|switch|p1a: Ting-Lu|Ting-Lu|21/100
|-ability|p1a: Ting-Lu|Vessel of Ruin
|turn|14
|
|t:|1779884724
|move|p2a: Walking Wake|Hydro Steam|p1a: Ting-Lu
|-supereffective|p1a: Ting-Lu
|-damage|p1a: Ting-Lu|0 fnt
|faint|p1a: Ting-Lu
|
|-weather|SunnyDay|[upkeep]
|upkeep
|
|t:|1779884731
|switch|p1a: Kyurem|Kyurem|100/100
|-ability|p1a: Kyurem|Pressure
|turn|15
|
|t:|1779884736
|move|p2a: Walking Wake|Draco Meteor|p1a: Kyurem
|-supereffective|p1a: Kyurem
|-damage|p1a: Kyurem|58/100
|-unboost|p2a: Walking Wake|spa|2
|move|p1a: Kyurem|Freeze-Dry|p2a: Walking Wake
|-supereffective|p2a: Walking Wake
|-damage|p2a: Walking Wake|0 fnt
|faint|p2a: Walking Wake
|-end|p2a: Walking Wake|Protosynthesis|[silent]
|
|-weather|SunnyDay|[upkeep]
|upkeep
|
|t:|1779884746
|switch|p2a: Charizard|Charizard, F|76/100
|turn|16
|
|t:|1779884751
|move|p2a: Charizard|Overheat|p1a: Kyurem
|-damage|p1a: Kyurem|0 fnt
|-unboost|p2a: Charizard|spa|2
|faint|p1a: Kyurem
|
|-weather|none
|upkeep
|
|t:|1779884754
|switch|p1a: Tornadus|Tornadus-Therian, M|100/100
|turn|17
|c|☆shreves0|It's so fun when my favorite pokemon does so well in games
|
|t:|1779884772
|switch|p2a: Torkoal|Torkoal, M, tera:Normal|14/100
|-weather|SunnyDay|[from] ability: Drought|[of] p2a: Torkoal
|move|p1a: Tornadus|Nasty Plot|p1a: Tornadus
|-boost|p1a: Tornadus|spa|2
|
|-weather|SunnyDay|[upkeep]
|upkeep
|turn|18
|
|t:|1779884782
|move|p1a: Tornadus|Heat Wave|p2a: Torkoal|[miss]
|-miss|p1a: Tornadus|p2a: Torkoal
|move|p2a: Torkoal|Overheat|p1a: Tornadus
|-damage|p1a: Tornadus|31/100
|-unboost|p2a: Torkoal|spa|2
|
|-weather|SunnyDay|[upkeep]
|upkeep
|turn|19
|
|t:|1779884791
|move|p1a: Tornadus|Heat Wave|p2a: Torkoal
|-damage|p2a: Torkoal|0 fnt
|faint|p2a: Torkoal
|
|-weather|SunnyDay|[upkeep]
|upkeep
|
|t:|1779884799
|switch|p2a: Slither Wing|Slither Wing|81/100
|-activate|p2a: Slither Wing|ability: Protosynthesis
|-start|p2a: Slither Wing|protosynthesisatk
|turn|20
|
|t:|1779884804
|switch|p1a: Great Tusk|Great Tusk|100/100
|-activate|p1a: Great Tusk|ability: Protosynthesis
|-start|p1a: Great Tusk|protosynthesisatk
|move|p2a: Slither Wing|First Impression|p1a: Great Tusk
|-resisted|p1a: Great Tusk
|-damage|p1a: Great Tusk|74/100
|
|-weather|SunnyDay|[upkeep]
|upkeep
|turn|21
|
|t:|1779884816
|-end|p2a: Slither Wing|Protosynthesis|[silent]
|switch|p2a: Charizard|Charizard, F|76/100
|move|p1a: Great Tusk|Rapid Spin|p2a: Charizard
|-damage|p2a: Charizard|42/100
|-boost|p1a: Great Tusk|spe|1
|
|-weather|SunnyDay|[upkeep]
|-damage|p2a: Charizard|29/100|[from] ability: Solar Power|[of] p2a: Charizard
|upkeep
|turn|22
|
|t:|1779884826
|move|p1a: Great Tusk|Knock Off|p2a: Charizard
|-damage|p2a: Charizard|0 fnt
|-enditem|p2a: Charizard|Choice Specs|[from] move: Knock Off|[of] p1a: Great Tusk
|faint|p2a: Charizard
|
|-weather|SunnyDay|[upkeep]
|upkeep
|
|t:|1779884832
|switch|p2a: Great Tusk|Great Tusk|100/100
|-activate|p2a: Great Tusk|ability: Protosynthesis
|-start|p2a: Great Tusk|protosynthesisspe
|turn|23
|
|t:|1779884838
|move|p1a: Great Tusk|Headlong Rush|p2a: Great Tusk
|-damage|p2a: Great Tusk|48/100
|-unboost|p1a: Great Tusk|def|1
|-unboost|p1a: Great Tusk|spd|1
|-damage|p1a: Great Tusk|58/100|[from] item: Rocky Helmet|[of] p2a: Great Tusk
|move|p2a: Great Tusk|Ice Spinner|p1a: Great Tusk
|-supereffective|p1a: Great Tusk
|-damage|p1a: Great Tusk|10/100
|
|-weather|SunnyDay|[upkeep]
|upkeep
|turn|24
|
|t:|1779884852
|move|p1a: Great Tusk|Headlong Rush|p2a: Great Tusk
|-damage|p2a: Great Tusk|0 fnt
|-unboost|p1a: Great Tusk|def|1
|-unboost|p1a: Great Tusk|spd|1
|-damage|p1a: Great Tusk|0 fnt|[from] item: Rocky Helmet|[of] p2a: Great Tusk
|faint|p2a: Great Tusk
|-end|p2a: Great Tusk|Protosynthesis|[silent]
|faint|p1a: Great Tusk
|-end|p1a: Great Tusk|Protosynthesis|[silent]
|
|-weather|none
|upkeep
|
|t:|1779884862
|switch|p1a: Tornadus|Tornadus-Therian, M|64/100
|switch|p2a: Slither Wing|Slither Wing|81/100
|turn|25
|
|t:|1779884866
|move|p1a: Tornadus|Bleakwind Storm|p2a: Slither Wing
|-supereffective|p2a: Slither Wing
|-damage|p2a: Slither Wing|0 fnt
|faint|p2a: Slither Wing
|-end|p2a: Slither Wing|Protosynthesis|[silent]
|
|win|Alx12
|raw|Alx12's rating: 1485 &rarr; <strong>1503</strong><br />(+18 for winning)
|raw|shreves0's rating: 1448 &rarr; <strong>1430</strong><br />(-18 for losing)
|l|☆shreves0
|player|p2|
|l|☆Alx12
|player|p1|
