|j|☆yetet9999
|j|☆neonorigin
|t:|1779965483
|gametype|singles
|player|p1|yetet9999|1|1478
|player|p2|neonorigin|266|1462
|gen|9
|tier|[Gen 9] OU
|rated|
|rule|HP Percentage Mod: HP is shown in percentages
|rule|Endless Battle Clause: Forcing endless battles is banned
|rule|Species Clause: Limit one of each Pokémon
|rule|OHKO Clause: OHKO moves are banned
|rule|Evasion Items Clause: Evasion items are banned
|rule|Evasion Moves Clause: Evasion moves are banned
|rule|Evasion Abilities Clause: Evasion abilities are banned
|rule|Sleep Moves Clause: Sleep-inducing moves are banned
|clearpoke
|poke|p1|Darkrai|
|poke|p1|Zamazenta-*|
|poke|p1|Iron Treads|
|poke|p1|Ting-Lu|
|poke|p1|Gholdengo|
|poke|p1|Dragonite, M|
|poke|p2|Snorlax, M|
|poke|p2|Ting-Lu|
|poke|p2|Dragonite, M|
|poke|p2|Great Tusk|
|poke|p2|Kyurem|
|poke|p2|Slowking-Galar, M|
|teampreview
|
|t:|1779965498
|teamsize|p1|6
|teamsize|p2|6
|start
|switch|p1a: Darkrai|Darkrai|100/100
|switch|p2a: Great Tusk|Great Tusk|100/100
|turn|1
|
|t:|1779965504
|move|p1a: Darkrai|Ice Beam|p2a: Great Tusk
|-supereffective|p2a: Great Tusk
|-damage|p2a: Great Tusk|0 fnt
|faint|p2a: Great Tusk
|-end|p2a: Great Tusk|Protosynthesis|[silent]
|
|upkeep
|
|t:|1779965518
|switch|p2a: Snorlax|Snorlax, M|100/100
|turn|2
|
|t:|1779965557
|switch|p1a: Gholdengo|Gholdengo|100/100
|-item|p1a: Gholdengo|Air Balloon
|move|p2a: Snorlax|Curse|p2a: Snorlax
|-unboost|p2a: Snorlax|spe|1
|-boost|p2a: Snorlax|atk|1
|-boost|p2a: Snorlax|def|1
|
|upkeep
|turn|3
|
|t:|1779965564
|move|p1a: Gholdengo|Thunder Wave|p2a: Snorlax
|-status|p2a: Snorlax|par
|cant|p2a: Snorlax|par
|
|upkeep
|turn|4
|
|t:|1779965571
|switch|p1a: Darkrai|Darkrai|100/100
|cant|p2a: Snorlax|par
|
|upkeep
|turn|5
|
|t:|1779965575
|move|p1a: Darkrai|Focus Blast|p2a: Snorlax|[miss]
|-miss|p1a: Darkrai|p2a: Snorlax
|move|p2a: Snorlax|Body Slam|p1a: Darkrai
|-damage|p1a: Darkrai|42/100
|
|upkeep
|turn|6
|
|t:|1779965598
|move|p1a: Darkrai|Focus Blast|p2a: Snorlax|[miss]
|-miss|p1a: Darkrai|p2a: Snorlax
|cant|p2a: Snorlax|par
|
|upkeep
|turn|7
|
|t:|1779965603
|move|p1a: Darkrai|Focus Blast|p2a: Snorlax
|-supereffective|p2a: Snorlax
|-damage|p2a: Snorlax|43/100 par
|move|p2a: Snorlax|Body Slam|p1a: Darkrai
|-crit|p1a: Darkrai
|-damage|p1a: Darkrai|0 fnt
|faint|p1a: Darkrai
|
|-heal|p2a: Snorlax|49/100 par|[from] item: Leftovers
|upkeep
|
|t:|1779965620
|switch|p1a: Ting-Lu|Ting-Lu|100/100
|-ability|p1a: Ting-Lu|Vessel of Ruin
|turn|8
|
|t:|1779965623
|move|p1a: Ting-Lu|Stealth Rock|p2a: Snorlax
|-sidestart|p2: neonorigin|move: Stealth Rock
|move|p2a: Snorlax|Rest|p2a: Snorlax
|-status|p2a: Snorlax|slp|[from] move: Rest
|-heal|p2a: Snorlax|100/100 slp|[silent]
|
|upkeep
|turn|9
|
|t:|1779965628
|switch|p1a: Zamazenta|Zamazenta|100/100
|-ability|p1a: Zamazenta|Dauntless Shield|boost
|-boost|p1a: Zamazenta|def|1
|cant|p2a: Snorlax|slp
|
|upkeep
|turn|10
|inactive|Battle timer is ON: inactive players will automatically lose when time's up. (requested by yetet9999)
|
|t:|1779965669
|-terastallize|p2a: Snorlax|Fairy
|move|p1a: Zamazenta|Iron Defense|p1a: Zamazenta
|-boost|p1a: Zamazenta|def|2
|cant|p2a: Snorlax|slp
|
|upkeep
|turn|11
|
|t:|1779965676
|-curestatus|p2a: Snorlax|slp|[msg]
|move|p2a: Snorlax|Curse|p2a: Snorlax
|-unboost|p2a: Snorlax|spe|1
|-boost|p2a: Snorlax|atk|1
|-boost|p2a: Snorlax|def|1
|move|p1a: Zamazenta|Roar|p2a: Snorlax
|drag|p2a: Kyurem|Kyurem|100/100
|-ability|p2a: Kyurem|Pressure
|
|upkeep
|turn|12
|
|t:|1779965687
|switch|p2a: Slowking|Slowking-Galar, M|100/100
|move|p1a: Zamazenta|Body Press|p2a: Slowking
|-resisted|p2a: Slowking
|-damage|p2a: Slowking|76/100
|
|upkeep
|turn|13
|
|t:|1779965696
|switch|p1a: Gholdengo|Gholdengo|100/100
|-item|p1a: Gholdengo|Air Balloon
|move|p2a: Slowking|Thunder Wave|p1a: Gholdengo
|-immune|p1a: Gholdengo|[from] ability: Good as Gold
|
|upkeep
|turn|14
|
|t:|1779965710
|move|p1a: Gholdengo|Thunder Wave|p2a: Slowking
|-status|p2a: Slowking|par
|-prepare|p2a: Slowking|Chilly Reception|[premajor]
|move|p2a: Slowking|Chilly Reception|p2a: Slowking
|-weather|Snowscape
|
|t:|1779965715
|switch|p2a: Ting-Lu|Ting-Lu|100/100|[from] Chilly Reception
|-damage|p2a: Ting-Lu|94/100|[from] Stealth Rock
|-ability|p2a: Ting-Lu|Vessel of Ruin
|
|-weather|Snowscape|[upkeep]
|-heal|p2a: Ting-Lu|100/100|[from] item: Leftovers
|upkeep
|turn|15
|
|t:|1779965728
|switch|p1a: Zamazenta|Zamazenta|100/100
|move|p2a: Ting-Lu|Spikes|p1a: Zamazenta
|-sidestart|p1: yetet9999|Spikes
|
|-weather|Snowscape|[upkeep]
|upkeep
|turn|16
|
|t:|1779965749
|switch|p2a: Slowking|Slowking-Galar, M|100/100 par
|move|p1a: Zamazenta|Iron Defense|p1a: Zamazenta
|-boost|p1a: Zamazenta|def|2
|
|-weather|Snowscape|[upkeep]
|upkeep
|turn|17
|
|t:|1779965756
|switch|p1a: Gholdengo|Gholdengo|100/100
|-item|p1a: Gholdengo|Air Balloon
|cant|p2a: Slowking|par
|
|-weather|Snowscape|[upkeep]
|upkeep
|turn|18
|inactive|neonorigin has 120 seconds left.
|
|t:|1779965802
|move|p1a: Gholdengo|Hex|p2a: Slowking
|-supereffective|p2a: Slowking
|-damage|p2a: Slowking|28/100 par
|-prepare|p2a: Slowking|Chilly Reception|[premajor]
|cant|p2a: Slowking|par
|
|-weather|none
|upkeep
|turn|19
|
|t:|1779965808
|switch|p2a: Ting-Lu|Ting-Lu|100/100
|-damage|p2a: Ting-Lu|94/100|[from] Stealth Rock
|-ability|p2a: Ting-Lu|Vessel of Ruin
|move|p1a: Gholdengo|Hex|p2a: Ting-Lu
|-resisted|p2a: Ting-Lu
|-damage|p2a: Ting-Lu|88/100
|
|-heal|p2a: Ting-Lu|94/100|[from] item: Leftovers
|upkeep
|turn|20
|
|t:|1779965818
|switch|p1a: Iron Treads|Iron Treads|100/100
|-damage|p1a: Iron Treads|88/100|[from] Spikes
|move|p2a: Ting-Lu|Ruination|p1a: Iron Treads
|-damage|p1a: Iron Treads|44/100
|
|-heal|p1a: Iron Treads|51/100|[from] item: Leftovers
|-heal|p2a: Ting-Lu|99/100|[from] item: Leftovers
|upkeep
|turn|21
|
|t:|1779965829
|move|p1a: Iron Treads|Rapid Spin|p2a: Ting-Lu
|-damage|p2a: Ting-Lu|92/100
|-boost|p1a: Iron Treads|spe|1
|-sideend|p1: yetet9999|Spikes|[from] move: Rapid Spin|[of] p1a: Iron Treads
|move|p2a: Ting-Lu|Ruination|p1a: Iron Treads
|-damage|p1a: Iron Treads|26/100
|
|-heal|p1a: Iron Treads|32/100|[from] item: Leftovers
|-heal|p2a: Ting-Lu|98/100|[from] item: Leftovers
|upkeep
|turn|22
|
|t:|1779965836
|-end|p1a: Iron Treads|Quark Drive|[silent]
|switch|p1a: Zamazenta|Zamazenta|100/100
|move|p2a: Ting-Lu|Ruination|p1a: Zamazenta|[miss]
|-miss|p2a: Ting-Lu|p1a: Zamazenta
|
|-heal|p2a: Ting-Lu|100/100|[from] item: Leftovers
|upkeep
|turn|23
|
|t:|1779965841
|move|p1a: Zamazenta|Iron Defense|p1a: Zamazenta
|-boost|p1a: Zamazenta|def|2
|move|p2a: Ting-Lu|Ruination|p1a: Zamazenta
|-damage|p1a: Zamazenta|51/100
|
|-heal|p1a: Zamazenta|57/100|[from] item: Leftovers
|upkeep
|turn|24
|
|t:|1779965848
|switch|p2a: Slowking|Slowking-Galar, M|62/100 par
|move|p1a: Zamazenta|Iron Defense|p1a: Zamazenta
|-boost|p1a: Zamazenta|def|2
|
|-heal|p1a: Zamazenta|63/100|[from] item: Leftovers
|upkeep
|turn|25
|
|t:|1779965860
|switch|p1a: Iron Treads|Iron Treads|32/100
|move|p2a: Slowking|Thunder Wave|p1a: Iron Treads
|-immune|p1a: Iron Treads
|
|-heal|p1a: Iron Treads|38/100|[from] item: Leftovers
|upkeep
|turn|26
|
|t:|1779965866
|switch|p2a: Ting-Lu|Ting-Lu|100/100
|-damage|p2a: Ting-Lu|94/100|[from] Stealth Rock
|-ability|p2a: Ting-Lu|Vessel of Ruin
|move|p1a: Iron Treads|Knock Off|p2a: Ting-Lu
|-resisted|p2a: Ting-Lu
|-damage|p2a: Ting-Lu|86/100
|-enditem|p2a: Ting-Lu|Leftovers|[from] move: Knock Off|[of] p1a: Iron Treads
|
|-heal|p1a: Iron Treads|44/100|[from] item: Leftovers
|upkeep
|turn|27
|
|t:|1779965892
|-end|p1a: Iron Treads|Quark Drive|[silent]
|switch|p1a: Ting-Lu|Ting-Lu|100/100
|-ability|p1a: Ting-Lu|Vessel of Ruin
|move|p2a: Ting-Lu|Stealth Rock|p1a: Ting-Lu
|-sidestart|p1: yetet9999|move: Stealth Rock
|
|upkeep
|turn|28
|
|t:|1779965898
|move|p2a: Ting-Lu|Spikes|p1a: Ting-Lu
|-sidestart|p1: yetet9999|Spikes
|move|p1a: Ting-Lu|Spikes|p2a: Ting-Lu
|-sidestart|p2: neonorigin|Spikes
|
|upkeep
|turn|29
|
|t:|1779965901
|move|p2a: Ting-Lu|Spikes|p1a: Ting-Lu
|-sidestart|p1: yetet9999|Spikes
|move|p1a: Ting-Lu|Spikes|p2a: Ting-Lu
|-sidestart|p2: neonorigin|Spikes
|
|upkeep
|turn|30
|
|t:|1779965904
|move|p2a: Ting-Lu|Spikes|p1a: Ting-Lu
|-sidestart|p1: yetet9999|Spikes
|move|p1a: Ting-Lu|Spikes|p2a: Ting-Lu
|-sidestart|p2: neonorigin|Spikes
|
|upkeep
|turn|31
|
|t:|1779965910
|move|p2a: Ting-Lu|Ruination|p1a: Ting-Lu
|-damage|p1a: Ting-Lu|50/100
|-enditem|p1a: Ting-Lu|Red Card|[of] p2a: Ting-Lu
|drag|p2a: Dragonite|Dragonite, M|100/100
|-damage|p2a: Dragonite|76/100|[from] Stealth Rock
|move|p1a: Ting-Lu|Ruination|p2a: Dragonite
|-damage|p2a: Dragonite|38/100
|
|upkeep
|turn|32
|
|t:|1779965921
|move|p2a: Dragonite|Roost|p2a: Dragonite
|-heal|p2a: Dragonite|88/100
|-singleturn|p2a: Dragonite|move: Roost
|move|p1a: Ting-Lu|Heavy Slam|p2a: Dragonite
|-damage|p2a: Dragonite|66/100
|
|upkeep
|turn|33
|
|t:|1779965933
|move|p2a: Dragonite|Roost|p2a: Dragonite
|-heal|p2a: Dragonite|100/100
|-singleturn|p2a: Dragonite|move: Roost
|move|p1a: Ting-Lu|Ruination|p2a: Dragonite
|-damage|p2a: Dragonite|51/100
|
|upkeep
|turn|34
|
|t:|1779965936
|switch|p1a: Iron Treads|Iron Treads|44/100
|-damage|p1a: Iron Treads|41/100|[from] Stealth Rock
|-damage|p1a: Iron Treads|16/100|[from] Spikes
|move|p2a: Dragonite|Dragon Dance|p2a: Dragonite
|-boost|p2a: Dragonite|atk|1
|-boost|p2a: Dragonite|spe|1
|
|-heal|p1a: Iron Treads|23/100|[from] item: Leftovers
|upkeep
|turn|35
|
|t:|1779965953
|move|p2a: Dragonite|Dragon Dance|p2a: Dragonite
|-boost|p2a: Dragonite|atk|1
|-boost|p2a: Dragonite|spe|1
|move|p1a: Iron Treads|Rapid Spin|p2a: Dragonite
|-damage|p2a: Dragonite|33/100
|-boost|p1a: Iron Treads|spe|1
|-sideend|p1: yetet9999|Spikes|[from] move: Rapid Spin|[of] p1a: Iron Treads
|-sideend|p1: yetet9999|Stealth Rock|[from] move: Rapid Spin|[of] p1a: Iron Treads
|
|-heal|p1a: Iron Treads|29/100|[from] item: Leftovers
|upkeep
|turn|36
|
|t:|1779965959
|move|p2a: Dragonite|Earthquake|p1a: Iron Treads
|-supereffective|p1a: Iron Treads
|-damage|p1a: Iron Treads|0 fnt
|faint|p1a: Iron Treads
|-end|p1a: Iron Treads|Quark Drive|[silent]
|
|upkeep
|
|t:|1779965978
|switch|p1a: Gholdengo|Gholdengo|100/100
|-item|p1a: Gholdengo|Air Balloon
|turn|37
|inactive|neonorigin has 120 seconds left.
|
|t:|1779966010
|switch|p2a: Ting-Lu|Ting-Lu|86/100
|-damage|p2a: Ting-Lu|80/100|[from] Stealth Rock
|-damage|p2a: Ting-Lu|55/100|[from] Spikes
|-ability|p2a: Ting-Lu|Vessel of Ruin
|move|p1a: Gholdengo|Thunder Wave|p2a: Ting-Lu
|-immune|p2a: Ting-Lu
|
|upkeep
|turn|38
|
|t:|1779966039
|switch|p1a: Zamazenta|Zamazenta|63/100
|move|p2a: Ting-Lu|Ruination|p1a: Zamazenta
|-damage|p1a: Zamazenta|32/100
|
|-heal|p1a: Zamazenta|38/100|[from] item: Leftovers
|upkeep
|turn|39
|inactive|neonorigin has 120 seconds left.
|
|t:|1779966072
|move|p1a: Zamazenta|Crunch|p2a: Ting-Lu
|-resisted|p2a: Ting-Lu
|-damage|p2a: Ting-Lu|50/100
|-unboost|p2a: Ting-Lu|def|1
|move|p2a: Ting-Lu|Ruination|p1a: Zamazenta
|-damage|p1a: Zamazenta|19/100
|
|-heal|p1a: Zamazenta|25/100|[from] item: Leftovers
|upkeep
|turn|40
|
|t:|1779966089
|move|p1a: Zamazenta|Iron Defense|p1a: Zamazenta
|-boost|p1a: Zamazenta|def|2
|move|p2a: Ting-Lu|Earthquake|p1a: Zamazenta
|-damage|p1a: Zamazenta|10/100
|
|-heal|p1a: Zamazenta|16/100|[from] item: Leftovers
|upkeep
|turn|41
|
|t:|1779966095
|move|p1a: Zamazenta|Body Press|p2a: Ting-Lu
|-supereffective|p2a: Ting-Lu
|-damage|p2a: Ting-Lu|0 fnt
|faint|p2a: Ting-Lu
|
|-heal|p1a: Zamazenta|22/100|[from] item: Leftovers
|upkeep
|
|t:|1779966101
|switch|p2a: Slowking|Slowking-Galar, M|95/100 par
|turn|42
|inactive|neonorigin has 120 seconds left.
|
|t:|1779966118
|switch|p1a: Gholdengo|Gholdengo|100/100
|-item|p1a: Gholdengo|Air Balloon
|-prepare|p2a: Slowking|Chilly Reception|[premajor]
|move|p2a: Slowking|Chilly Reception|p2a: Slowking
|-weather|Snowscape
|inactive|neonorigin has 120 seconds left.
|inactive|neonorigin has 90 seconds left.
|
|t:|1779966171
|switch|p2a: Snorlax|Snorlax, M, tera:Fairy|100/100|[from] Chilly Reception
|-damage|p2a: Snorlax|88/100|[from] Stealth Rock
|-damage|p2a: Snorlax|63/100|[from] Spikes
|
|-weather|Snowscape|[upkeep]
|-heal|p2a: Snorlax|69/100|[from] item: Leftovers
|upkeep
|turn|43
|
|t:|1779966179
|move|p1a: Gholdengo|Make It Rain|p2a: Snorlax
|-supereffective|p2a: Snorlax
|-damage|p2a: Snorlax|20/100
|-unboost|p1a: Gholdengo|spa|1
|move|p2a: Snorlax|Curse|p2a: Snorlax
|-unboost|p2a: Snorlax|spe|1
|-boost|p2a: Snorlax|atk|1
|-boost|p2a: Snorlax|def|1
|
|-weather|Snowscape|[upkeep]
|-heal|p2a: Snorlax|26/100|[from] item: Leftovers
|upkeep
|turn|44
|inactive|neonorigin has 90 seconds left.
|
|t:|1779966189
|move|p1a: Gholdengo|Make It Rain|p2a: Snorlax
|-supereffective|p2a: Snorlax
|-damage|p2a: Snorlax|0 fnt
|-unboost|p1a: Gholdengo|spa|1
|faint|p2a: Snorlax
|
|-weather|Snowscape|[upkeep]
|upkeep
|inactive|neonorigin has 90 seconds left.
|
|t:|1779966197
|switch|p2a: Kyurem|Kyurem|100/100
|-ability|p2a: Kyurem|Pressure
|turn|45
|
|t:|1779966201
|move|p2a: Kyurem|Ice Beam|p1a: Gholdengo
|-resisted|p1a: Gholdengo
|-damage|p1a: Gholdengo|79/100
|-enditem|p1a: Gholdengo|Air Balloon
|move|p1a: Gholdengo|Thunder Wave|p2a: Kyurem
|-status|p2a: Kyurem|par
|
|-weather|Snowscape|[upkeep]
|upkeep
|turn|46
|
|t:|1779966209
|switch|p1a: Ting-Lu|Ting-Lu|50/100
|-ability|p1a: Ting-Lu|Vessel of Ruin
|move|p2a: Kyurem|Substitute|p2a: Kyurem
|-start|p2a: Kyurem|Substitute
|-damage|p2a: Kyurem|76/100 par
|
|-weather|none
|upkeep
|turn|47
|
|t:|1779966216
|move|p2a: Kyurem|Ice Beam|p1a: Ting-Lu
|-supereffective|p1a: Ting-Lu
|-damage|p1a: Ting-Lu|12/100
|move|p1a: Ting-Lu|Heavy Slam|p2a: Kyurem
|-supereffective|p2a: Kyurem
|-end|p2a: Kyurem|Substitute
|
|upkeep
|turn|48
|inactive|neonorigin has 120 seconds left.
|
|t:|1779966233
|move|p2a: Kyurem|Substitute|p2a: Kyurem
|-start|p2a: Kyurem|Substitute
|-damage|p2a: Kyurem|51/100 par
|move|p1a: Ting-Lu|Heavy Slam|p2a: Kyurem
|-supereffective|p2a: Kyurem
|-end|p2a: Kyurem|Substitute
|
|upkeep
|turn|49
|
|t:|1779966235
|move|p2a: Kyurem|Ice Beam|p1a: Ting-Lu
|-supereffective|p1a: Ting-Lu
|-damage|p1a: Ting-Lu|0 fnt
|faint|p1a: Ting-Lu
|
|upkeep
|
|t:|1779966253
|switch|p1a: Gholdengo|Gholdengo|79/100
|turn|50
|
|t:|1779966261
|move|p1a: Gholdengo|Make It Rain|p2a: Kyurem
|-supereffective|p2a: Kyurem
|-damage|p2a: Kyurem|0 fnt
|-unboost|p1a: Gholdengo|spa|1
|faint|p2a: Kyurem
|
|upkeep
|-message|neonorigin forfeited.
|
|win|yetet9999
|raw|yetet9999's rating: 1478 &rarr; <strong>1496</strong><br />(+18 for winning)
|raw|neonorigin's rating: 1440 &rarr; <strong>1422</strong><br />(-18 for losing)
|l|☆neonorigin
|player|p2|
|c|☆yetet9999|Gg
|l|☆yetet9999
|player|p1|
