|j|☆tommytt22
|j|☆Sheel_Valia
|t:|1779862585
|gametype|singles
|player|p1|tommytt22|drayden|1461
|player|p2|Sheel_Valia|266|1467
|gen|9
|tier|[Gen 9] OU
|rated|
|rule|HP Percentage Mod: HP is shown in percentages
|rule|Endless Battle Clause: Forcing endless battles is banned
|rule|Species Clause: Limit one of each Pokémon
|rule|OHKO Clause: OHKO moves are banned
|rule|Evasion Items Clause: Evasion items are banned
|rule|Evasion Moves Clause: Evasion moves are banned
|rule|Evasion Abilities Clause: Evasion abilities are banned
|rule|Sleep Moves Clause: Sleep-inducing moves are banned
|clearpoke
|poke|p1|Iron Treads|
|poke|p1|Iron Leaves|
|poke|p1|Iron Hands|
|poke|p1|Iron Valiant|
|poke|p1|Raging Bolt|
|poke|p1|Cinderace, M|
|poke|p2|Rotom-Wash|
|poke|p2|Toxapex, F|
|poke|p2|Ting-Lu|
|poke|p2|Dragapult, F|
|poke|p2|Hatterene, F|
|poke|p2|Kingambit, M|
|teampreview
|inactive|Battle timer is ON: inactive players will automatically lose when time's up. (requested by Sheel_Valia)
|
|t:|1779862595
|teamsize|p1|6
|teamsize|p2|6
|start
|switch|p1a: Iron Treads|Iron Treads|100/100
|switch|p2a: Rotom|Rotom-Wash, shiny|100/100
|turn|1
|
|t:|1779862606
|move|p2a: Rotom|Hydro Pump|p1a: Iron Treads
|-supereffective|p1a: Iron Treads
|-damage|p1a: Iron Treads|0 fnt
|faint|p1a: Iron Treads
|-end|p1a: Iron Treads|Quark Drive|[silent]
|
|upkeep
|
|t:|1779862620
|switch|p1a: Iron Leaves|Iron Leaves|100/100
|turn|2
|
|t:|1779862633
|switch|p2a: Kingambit|Kingambit, M|100/100
|move|p1a: Iron Leaves|Swords Dance|p1a: Iron Leaves
|-boost|p1a: Iron Leaves|atk|2
|
|upkeep
|turn|3
|
|t:|1779862640
|-terastallize|p1a: Iron Leaves|Fighting
|move|p2a: Kingambit|Sucker Punch|p1a: Iron Leaves
|-resisted|p1a: Iron Leaves
|-damage|p1a: Iron Leaves|74/100
|move|p1a: Iron Leaves|Close Combat|p2a: Kingambit
|-supereffective|p2a: Kingambit
|-damage|p2a: Kingambit|0 fnt
|-unboost|p1a: Iron Leaves|def|1
|-unboost|p1a: Iron Leaves|spd|1
|faint|p2a: Kingambit
|-end|p2a: Kingambit|fallenundefined|[silent]
|
|upkeep
|
|t:|1779862652
|switch|p2a: Rotom|Rotom-Wash, shiny|100/100
|turn|4
|
|t:|1779862659
|-end|p1a: Iron Leaves|Quark Drive|[silent]
|switch|p1a: Raging Bolt|Raging Bolt|100/100
|move|p2a: Rotom|Trick|p1a: Raging Bolt
|-activate|p2a: Rotom|move: Trick|[of] p1a: Raging Bolt
|-item|p1a: Raging Bolt|Choice Scarf|[from] move: Trick
|-item|p2a: Rotom|Assault Vest|[from] move: Trick
|
|upkeep
|turn|5
|
|t:|1779862670
|switch|p2a: Ting-Lu|Ting-Lu|100/100
|-ability|p2a: Ting-Lu|Vessel of Ruin
|move|p1a: Raging Bolt|Draco Meteor|p2a: Ting-Lu
|-damage|p2a: Ting-Lu|54/100
|-unboost|p1a: Raging Bolt|spa|2
|
|-heal|p2a: Ting-Lu|60/100|[from] item: Leftovers
|upkeep
|turn|6
|
|t:|1779862679
|-end|p1a: Raging Bolt|Protosynthesis|[silent]
|switch|p1a: Iron Leaves|Iron Leaves, tera:Fighting|74/100
|move|p2a: Ting-Lu|Earthquake|p1a: Iron Leaves
|-damage|p1a: Iron Leaves|17/100
|
|-heal|p2a: Ting-Lu|66/100|[from] item: Leftovers
|upkeep
|turn|7
|
|t:|1779862685
|switch|p2a: Toxapex|Toxapex, F, shiny|100/100
|move|p1a: Iron Leaves|Leaf Blade|p2a: Toxapex
|-damage|p2a: Toxapex|71/100
|-damage|p1a: Iron Leaves|1/100|[from] item: Rocky Helmet|[of] p2a: Toxapex
|
|upkeep
|turn|8
|l|☆Sheel_Valia
|inactive|Sheel_Valia disconnected and has a minute to reconnect!
|player|p2|
|inactive|Sheel_Valia has 30 seconds to reconnect!
|j|☆Sheel_Valia
|inactive|Sheel_Valia reconnected and has 110 seconds left.
|player|p2|Sheel_Valia|266|
|
|t:|1779862729
|move|p1a: Iron Leaves|Swords Dance|p1a: Iron Leaves
|-boost|p1a: Iron Leaves|atk|2
|move|p2a: Toxapex|Recover|p2a: Toxapex
|-heal|p2a: Toxapex|100/100
|
|upkeep
|turn|9
|
|t:|1779862736
|switch|p2a: Ting-Lu|Ting-Lu|66/100
|-ability|p2a: Ting-Lu|Vessel of Ruin
|move|p1a: Iron Leaves|Psyblade|p2a: Ting-Lu
|-immune|p2a: Ting-Lu
|
|-heal|p2a: Ting-Lu|72/100|[from] item: Leftovers
|upkeep
|turn|10
|
|t:|1779862742
|switch|p2a: Toxapex|Toxapex, F, shiny|100/100
|move|p1a: Iron Leaves|Leaf Blade|p2a: Toxapex
|-damage|p2a: Toxapex|49/100
|-damage|p1a: Iron Leaves|0 fnt|[from] item: Rocky Helmet|[of] p2a: Toxapex
|faint|p1a: Iron Leaves
|-end|p1a: Iron Leaves|Quark Drive|[silent]
|
|upkeep
|
|t:|1779862757
|switch|p1a: Iron Valiant|Iron Valiant|100/100
|turn|11
|
|t:|1779862769
|move|p1a: Iron Valiant|Calm Mind|p1a: Iron Valiant
|-boost|p1a: Iron Valiant|spa|1
|-boost|p1a: Iron Valiant|spd|1
|move|p2a: Toxapex|Toxic|p1a: Iron Valiant
|-status|p1a: Iron Valiant|tox
|
|-damage|p1a: Iron Valiant|94/100 tox|[from] psn
|upkeep
|turn|12
|inactive|Sheel_Valia has 120 seconds left.
|
|t:|1779862791
|switch|p2a: Ting-Lu|Ting-Lu|72/100
|-ability|p2a: Ting-Lu|Vessel of Ruin
|move|p1a: Iron Valiant|Thunderbolt|p2a: Ting-Lu
|-immune|p2a: Ting-Lu
|
|-heal|p2a: Ting-Lu|79/100|[from] item: Leftovers
|-damage|p1a: Iron Valiant|82/100 tox|[from] psn
|upkeep
|turn|13
|
|t:|1779862798
|switch|p2a: Toxapex|Toxapex, F, shiny|82/100
|move|p1a: Iron Valiant|Moonblast|p2a: Toxapex
|-resisted|p2a: Toxapex
|-damage|p2a: Toxapex|47/100
|-damage|p1a: Iron Valiant|72/100 tox|[from] item: Life Orb
|
|-damage|p1a: Iron Valiant|53/100 tox|[from] psn
|upkeep
|turn|14
|
|t:|1779862805
|-end|p1a: Iron Valiant|Quark Drive|[silent]
|switch|p1a: Iron Hands|Iron Hands|100/100
|move|p2a: Toxapex|Haze|p2a: Toxapex
|-clearallboost
|
|upkeep
|turn|15
|
|t:|1779862812
|switch|p2a: Hatterene|Hatterene, F|100/100
|move|p1a: Iron Hands|Swords Dance|p1a: Iron Hands
|-boost|p1a: Iron Hands|atk|2
|
|upkeep
|turn|16
|
|t:|1779862833
|move|p1a: Iron Hands|Thunder Punch|p2a: Hatterene
|-damage|p2a: Hatterene|2/100
|move|p2a: Hatterene|Trick Room|p2a: Hatterene
|-fieldstart|move: Trick Room|[of] p2a: Hatterene
|
|upkeep
|turn|17
|
|t:|1779862842
|-end|p1a: Iron Hands|Quark Drive|[silent]
|switch|p1a: Cinderace|Cinderace, M|100/100
|move|p2a: Hatterene|Psyshock|p1a: Cinderace
|-damage|p1a: Cinderace|29/100
|-damage|p2a: Hatterene|0 fnt|[from] item: Life Orb
|faint|p2a: Hatterene
|
|upkeep
|
|t:|1779862845
|switch|p2a: Ting-Lu|Ting-Lu|79/100
|-ability|p2a: Ting-Lu|Vessel of Ruin
|turn|18
|
|t:|1779862861
|move|p2a: Ting-Lu|Earthquake|p1a: Cinderace
|-supereffective|p1a: Cinderace
|-damage|p1a: Cinderace|0 fnt
|faint|p1a: Cinderace
|
|-heal|p2a: Ting-Lu|85/100|[from] item: Leftovers
|upkeep
|
|t:|1779862865
|switch|p1a: Iron Hands|Iron Hands|100/100
|turn|19
|
|t:|1779862868
|move|p2a: Ting-Lu|Earthquake|p1a: Iron Hands
|-supereffective|p1a: Iron Hands
|-damage|p1a: Iron Hands|32/100
|move|p1a: Iron Hands|Drain Punch|p2a: Ting-Lu
|-supereffective|p2a: Ting-Lu
|-damage|p2a: Ting-Lu|34/100
|-heal|p1a: Iron Hands|60/100|[from] drain|[of] p2a: Ting-Lu
|
|-heal|p2a: Ting-Lu|40/100|[from] item: Leftovers
|-heal|p1a: Iron Hands|66/100|[from] item: Leftovers
|upkeep
|turn|20
|
|t:|1779862880
|move|p2a: Ting-Lu|Earthquake|p1a: Iron Hands
|-supereffective|p1a: Iron Hands
|-damage|p1a: Iron Hands|0 fnt
|faint|p1a: Iron Hands
|-end|p1a: Iron Hands|Quark Drive|[silent]
|
|-heal|p2a: Ting-Lu|46/100|[from] item: Leftovers
|-fieldend|move: Trick Room
|upkeep
|
|t:|1779862884
|switch|p1a: Iron Valiant|Iron Valiant|53/100 tox
|turn|21
|
|t:|1779862889
|move|p1a: Iron Valiant|Thunderbolt|p2a: Ting-Lu
|-immune|p2a: Ting-Lu
|move|p2a: Ting-Lu|Earthquake|p1a: Iron Valiant
|-damage|p1a: Iron Valiant|0 fnt
|faint|p1a: Iron Valiant
|-end|p1a: Iron Valiant|Quark Drive|[silent]
|
|-heal|p2a: Ting-Lu|52/100|[from] item: Leftovers
|upkeep
|-message|tommytt22 forfeited.
|
|win|Sheel_Valia
|raw|tommytt22's rating: 1461 &rarr; <strong>1441</strong><br />(-20 for losing)
|raw|Sheel_Valia's rating: 1467 &rarr; <strong>1487</strong><br />(+20 for winning)
|l|☆tommytt22
|player|p1|
|l|☆Sheel_Valia
|player|p2|
