|j|☆WongHung
|j|‽ekekdkdmdmwksl
|t:|1779806452
|gametype|singles
|player|p1|WongHung|biker-gen4|1352
|player|p2|ekekdkdmdmwksl|170|1359
|gen|9
|tier|[Gen 9] OU
|rated|
|rule|HP Percentage Mod: HP is shown in percentages
|rule|Endless Battle Clause: Forcing endless battles is banned
|rule|Species Clause: Limit one of each Pokémon
|rule|OHKO Clause: OHKO moves are banned
|rule|Evasion Items Clause: Evasion items are banned
|rule|Evasion Moves Clause: Evasion moves are banned
|rule|Evasion Abilities Clause: Evasion abilities are banned
|rule|Sleep Moves Clause: Sleep-inducing moves are banned
|clearpoke
|poke|p1|Tornadus-Therian, M|
|poke|p1|Kyurem|
|poke|p1|Weezing-Galar, M|
|poke|p1|Corviknight, M|
|poke|p1|Ting-Lu|
|poke|p1|Dragapult, M|
|poke|p2|Scrafty, M|
|poke|p2|Volbeat, M|
|poke|p2|Hoopa-Unbound|
|poke|p2|Hatterene, F|
|poke|p2|Registeel|
|poke|p2|Iron Moth|
|teampreview
|inactive|Battle timer is ON: inactive players will automatically lose when time's up. (requested by ekekdkdmdmwksl)
|
|t:|1779806481
|teamsize|p1|6
|teamsize|p2|6
|start
|switch|p1a: Dragapult|Dragapult, M|100/100
|switch|p2a: Volbeat|Volbeat, M, shiny|100/100
|turn|1
|
|t:|1779806488
|move|p2a: Volbeat|Thunder Wave|p1a: Dragapult
|-status|p1a: Dragapult|par
|move|p1a: Dragapult|Will-O-Wisp|p2a: Volbeat
|-status|p2a: Volbeat|brn
|
|-damage|p2a: Volbeat|95/100 brn|[from] brn
|upkeep
|turn|2
|
|t:|1779806494
|move|p2a: Volbeat|Encore|p1a: Dragapult
|-start|p1a: Dragapult|Encore
|move|p1a: Dragapult|Will-O-Wisp|p2a: Volbeat|[miss]
|-miss|p1a: Dragapult|p2a: Volbeat
|
|-damage|p2a: Volbeat|89/100 brn|[from] brn
|upkeep
|turn|3
|
|t:|1779806498
|switch|p1a: Ting-Lu|Ting-Lu|100/100
|-ability|p1a: Ting-Lu|Vessel of Ruin
|move|p2a: Volbeat|Lunge|p1a: Ting-Lu
|-supereffective|p1a: Ting-Lu
|-damage|p1a: Ting-Lu|88/100
|-unboost|p1a: Ting-Lu|atk|1
|
|-heal|p1a: Ting-Lu|94/100|[from] item: Leftovers
|-damage|p2a: Volbeat|83/100 brn|[from] brn
|upkeep
|turn|4
|
|t:|1779806510
|switch|p2a: Hatterene|Hatterene, F|100/100
|move|p1a: Ting-Lu|Ruination|p2a: Hatterene
|-damage|p2a: Hatterene|51/100
|
|-heal|p1a: Ting-Lu|100/100|[from] item: Leftovers
|-heal|p2a: Hatterene|57/100|[from] item: Leftovers
|upkeep
|turn|5
|
|t:|1779806516
|move|p1a: Ting-Lu|Heavy Slam|p2a: Hatterene
|-supereffective|p2a: Hatterene
|-damage|p2a: Hatterene|19/100
|move|p2a: Hatterene|Draining Kiss|p1a: Ting-Lu
|-supereffective|p1a: Ting-Lu
|-damage|p1a: Ting-Lu|81/100
|-heal|p2a: Hatterene|49/100|[from] drain|[of] p1a: Ting-Lu
|
|-heal|p1a: Ting-Lu|87/100|[from] item: Leftovers
|-heal|p2a: Hatterene|55/100|[from] item: Leftovers
|upkeep
|turn|6
|
|t:|1779806528
|switch|p1a: Corviknight|Corviknight, M|100/100
|-ability|p1a: Corviknight|Pressure
|move|p2a: Hatterene|Draining Kiss|p1a: Corviknight
|-resisted|p1a: Corviknight
|-damage|p1a: Corviknight|89/100
|-heal|p2a: Hatterene|69/100|[from] drain|[of] p1a: Corviknight
|-damage|p2a: Hatterene|52/100|[from] item: Rocky Helmet|[of] p1a: Corviknight
|
|-heal|p2a: Hatterene|58/100|[from] item: Leftovers
|upkeep
|turn|7
|
|t:|1779806548
|switch|p2a: Iron Moth|Iron Moth|100/100
|-enditem|p2a: Iron Moth|Booster Energy
|-activate|p2a: Iron Moth|ability: Quark Drive|[fromitem]
|-start|p2a: Iron Moth|quarkdrivespa
|move|p1a: Corviknight|U-turn|p2a: Iron Moth
|-resisted|p2a: Iron Moth
|-damage|p2a: Iron Moth|95/100
|
|t:|1779806575
|switch|p1a: Ting-Lu|Ting-Lu|87/100|[from] U-turn
|-ability|p1a: Ting-Lu|Vessel of Ruin
|
|-heal|p1a: Ting-Lu|93/100|[from] item: Leftovers
|upkeep
|turn|8
|inactive|ekekdkdmdmwksl has 120 seconds left.
|
|t:|1779806610
|move|p2a: Iron Moth|Energy Ball|p1a: Ting-Lu
|-supereffective|p1a: Ting-Lu
|-damage|p1a: Ting-Lu|61/100
|move|p1a: Ting-Lu|Earthquake|p2a: Iron Moth
|-supereffective|p2a: Iron Moth
|-damage|p2a: Iron Moth|0 fnt
|faint|p2a: Iron Moth
|-end|p2a: Iron Moth|Quark Drive|[silent]
|
|-heal|p1a: Ting-Lu|67/100|[from] item: Leftovers
|upkeep
|
|t:|1779806621
|switch|p2a: Hatterene|Hatterene, F|58/100
|turn|9
|
|t:|1779806631
|switch|p1a: Corviknight|Corviknight, M|89/100
|-ability|p1a: Corviknight|Pressure
|move|p2a: Hatterene|Calm Mind|p2a: Hatterene
|-boost|p2a: Hatterene|spa|1
|-boost|p2a: Hatterene|spd|1
|
|-heal|p2a: Hatterene|64/100|[from] item: Leftovers
|upkeep
|turn|10
|inactive|ekekdkdmdmwksl has 120 seconds left.
|
|t:|1779806653
|move|p1a: Corviknight|U-turn|p2a: Hatterene
|-damage|p2a: Hatterene|50/100
|
|t:|1779806657
|switch|p1a: Weezing|Weezing-Galar, M|100/100|[from] U-turn
|-ability|p1a: Weezing|Neutralizing Gas
|move|p2a: Hatterene|Mystical Fire|p1a: Weezing
|-damage|p1a: Weezing|56/100
|-unboost|p1a: Weezing|spa|1
|
|-heal|p2a: Hatterene|56/100|[from] item: Leftovers
|upkeep
|turn|11
|
|t:|1779806664
|move|p1a: Weezing|Sludge Bomb|p2a: Hatterene
|-supereffective|p2a: Hatterene
|-damage|p2a: Hatterene|32/100
|-status|p2a: Hatterene|psn
|move|p2a: Hatterene|Psychic|p1a: Weezing
|-supereffective|p1a: Weezing
|-damage|p1a: Weezing|0 fnt
|faint|p1a: Weezing
|-end|p1a: Weezing|ability: Neutralizing Gas
|
|-heal|p2a: Hatterene|38/100 psn|[from] item: Leftovers
|-damage|p2a: Hatterene|26/100 psn|[from] psn
|upkeep
|
|t:|1779806672
|switch|p1a: Ting-Lu|Ting-Lu|67/100
|-ability|p1a: Ting-Lu|Vessel of Ruin
|turn|12
|
|t:|1779806681
|move|p1a: Ting-Lu|Heavy Slam|p2a: Hatterene
|-supereffective|p2a: Hatterene
|-crit|p2a: Hatterene
|-damage|p2a: Hatterene|0 fnt
|faint|p2a: Hatterene
|
|-heal|p1a: Ting-Lu|74/100|[from] item: Leftovers
|upkeep
|
|t:|1779806699
|switch|p2a: Scrafty|Scrafty, M|100/100
|turn|13
|
|t:|1779806707
|move|p2a: Scrafty|Bulk Up|p2a: Scrafty
|-boost|p2a: Scrafty|atk|1
|-boost|p2a: Scrafty|def|1
|move|p1a: Ting-Lu|Earthquake|p2a: Scrafty
|-damage|p2a: Scrafty|72/100
|
|-heal|p2a: Scrafty|78/100|[from] item: Leftovers
|-heal|p1a: Ting-Lu|80/100|[from] item: Leftovers
|upkeep
|turn|14
|
|t:|1779806718
|move|p2a: Scrafty|Bulk Up|p2a: Scrafty
|-boost|p2a: Scrafty|atk|1
|-boost|p2a: Scrafty|def|1
|move|p1a: Ting-Lu|Ruination|p2a: Scrafty
|-damage|p2a: Scrafty|40/100
|
|-heal|p2a: Scrafty|46/100|[from] item: Leftovers
|-heal|p1a: Ting-Lu|86/100|[from] item: Leftovers
|upkeep
|turn|15
|
|t:|1779806725
|switch|p1a: Tornadus|Tornadus-Therian, M|100/100
|move|p2a: Scrafty|Drain Punch|p1a: Tornadus
|-resisted|p1a: Tornadus
|-damage|p1a: Tornadus|58/100
|-heal|p2a: Scrafty|69/100|[from] drain|[of] p1a: Tornadus
|
|-heal|p2a: Scrafty|75/100|[from] item: Leftovers
|upkeep
|turn|16
|
|t:|1779806736
|-terastallize|p2a: Scrafty|Poison
|move|p1a: Tornadus|Bleakwind Storm|p2a: Scrafty
|-damage|p2a: Scrafty|27/100
|-unboost|p2a: Scrafty|spe|1
|-damage|p1a: Tornadus|48/100|[from] item: Life Orb
|move|p2a: Scrafty|Knock Off|p1a: Tornadus
|-damage|p1a: Tornadus|0 fnt
|-enditem|p1a: Tornadus|Life Orb|[from] move: Knock Off|[of] p2a: Scrafty
|faint|p1a: Tornadus
|
|-heal|p2a: Scrafty|33/100|[from] item: Leftovers
|upkeep
|
|t:|1779806740
|switch|p1a: Kyurem|Kyurem|100/100
|-ability|p1a: Kyurem|Pressure
|turn|17
|
|t:|1779806763
|switch|p2a: Volbeat|Volbeat, M, shiny|83/100 brn
|move|p1a: Kyurem|Ice Beam|p2a: Volbeat
|-damage|p2a: Volbeat|11/100 brn
|
|-damage|p2a: Volbeat|5/100 brn|[from] brn
|upkeep
|turn|18
|
|t:|1779806780
|move|p2a: Volbeat|Thunder Wave|p1a: Kyurem
|-status|p1a: Kyurem|par
|move|p1a: Kyurem|Ice Beam|p2a: Volbeat
|-damage|p2a: Volbeat|0 fnt
|faint|p2a: Volbeat
|
|upkeep
|
|t:|1779806791
|switch|p2a: Hoopa|Hoopa-Unbound|100/100
|turn|19
|
|t:|1779806803
|switch|p1a: Dragapult|Dragapult, M|100/100 par
|move|p2a: Hoopa|Focus Blast|p1a: Dragapult
|-immune|p1a: Dragapult
|
|upkeep
|turn|20
|
|t:|1779806808
|switch|p2a: Scrafty|Scrafty, M, tera:Poison|33/100
|cant|p1a: Dragapult|par
|
|-heal|p2a: Scrafty|39/100|[from] item: Leftovers
|upkeep
|turn|21
|
|t:|1779806815
|move|p1a: Dragapult|Dragon Darts|p2a: Scrafty
|-damage|p2a: Scrafty|18/100
|-anim|p1a: Dragapult|Dragon Darts|p2a: Scrafty
|-damage|p2a: Scrafty|0 fnt
|faint|p2a: Scrafty
|
|upkeep
|
|t:|1779806819
|switch|p2a: Hoopa|Hoopa-Unbound|100/100
|turn|22
|
|t:|1779806825
|switch|p1a: Ting-Lu|Ting-Lu|86/100
|-ability|p1a: Ting-Lu|Vessel of Ruin
|move|p2a: Hoopa|Dark Pulse|p1a: Ting-Lu
|-resisted|p1a: Ting-Lu
|-damage|p1a: Ting-Lu|70/100
|
|-heal|p1a: Ting-Lu|76/100|[from] item: Leftovers
|upkeep
|turn|23
|
|t:|1779806831
|switch|p2a: Registeel|Registeel|100/100
|move|p1a: Ting-Lu|Ruination|p2a: Registeel
|-damage|p2a: Registeel|51/100
|
|-heal|p1a: Ting-Lu|82/100|[from] item: Leftovers
|upkeep
|turn|24
|
|t:|1779806836
|move|p2a: Registeel|Iron Defense|p2a: Registeel
|-boost|p2a: Registeel|def|2
|move|p1a: Ting-Lu|Earthquake|p2a: Registeel
|-supereffective|p2a: Registeel
|-damage|p2a: Registeel|25/100
|
|-heal|p1a: Ting-Lu|88/100|[from] item: Leftovers
|upkeep
|turn|25
|
|t:|1779806846
|move|p2a: Registeel|Iron Defense|p2a: Registeel
|-boost|p2a: Registeel|def|2
|move|p1a: Ting-Lu|Earthquake|p2a: Registeel
|-supereffective|p2a: Registeel
|-damage|p2a: Registeel|8/100
|
|-heal|p1a: Ting-Lu|95/100|[from] item: Leftovers
|upkeep
|turn|26
|
|t:|1779806850
|move|p2a: Registeel|Rest|p2a: Registeel
|-status|p2a: Registeel|slp|[from] move: Rest
|-heal|p2a: Registeel|100/100 slp|[silent]
|-enditem|p2a: Registeel|Chesto Berry|[eat]
|-curestatus|p2a: Registeel|slp|[msg]
|move|p1a: Ting-Lu|Earthquake|p2a: Registeel
|-supereffective|p2a: Registeel
|-damage|p2a: Registeel|82/100
|
|-heal|p1a: Ting-Lu|100/100|[from] item: Leftovers
|upkeep
|turn|27
|
|t:|1779806862
|move|p2a: Registeel|Body Press|p1a: Ting-Lu
|-supereffective|p1a: Ting-Lu
|-damage|p1a: Ting-Lu|4/100
|move|p1a: Ting-Lu|Ruination|p2a: Registeel
|-damage|p2a: Registeel|41/100
|
|-heal|p1a: Ting-Lu|11/100|[from] item: Leftovers
|upkeep
|turn|28
|
|t:|1779806870
|move|p2a: Registeel|Body Press|p1a: Ting-Lu
|-supereffective|p1a: Ting-Lu
|-damage|p1a: Ting-Lu|0 fnt
|faint|p1a: Ting-Lu
|
|upkeep
|
|t:|1779806873
|switch|p1a: Dragapult|Dragapult, M|100/100 par
|turn|29
|
|t:|1779806878
|move|p1a: Dragapult|Will-O-Wisp|p2a: Registeel
|-status|p2a: Registeel|brn
|move|p2a: Registeel|Shadow Claw|p1a: Dragapult
|-supereffective|p1a: Dragapult
|-damage|p1a: Dragapult|83/100 par
|
|-damage|p2a: Registeel|35/100 brn|[from] brn
|upkeep
|turn|30
|
|t:|1779806886
|move|p1a: Dragapult|Hex|p2a: Registeel
|-damage|p2a: Registeel|0 fnt
|faint|p2a: Registeel
|
|upkeep
|
|t:|1779806892
|switch|p2a: Hoopa|Hoopa-Unbound|100/100
|turn|31
|
|t:|1779806895
|move|p2a: Hoopa|Dark Pulse|p1a: Dragapult
|-supereffective|p1a: Dragapult
|-crit|p1a: Dragapult
|-damage|p1a: Dragapult|0 fnt
|faint|p1a: Dragapult
|
|upkeep
|
|t:|1779806898
|switch|p1a: Kyurem|Kyurem|100/100 par
|-ability|p1a: Kyurem|Pressure
|turn|32
|
|t:|1779806904
|move|p2a: Hoopa|Dark Pulse|p1a: Kyurem
|-damage|p1a: Kyurem|22/100 par
|move|p1a: Kyurem|Draco Meteor|p2a: Hoopa
|-damage|p2a: Hoopa|1/100
|-unboost|p1a: Kyurem|spa|2
|
|upkeep
|turn|33
|
|t:|1779806910
|move|p2a: Hoopa|Dark Pulse|p1a: Kyurem
|-damage|p1a: Kyurem|0 fnt
|faint|p1a: Kyurem
|
|upkeep
|
|t:|1779806911
|switch|p1a: Corviknight|Corviknight, M|89/100
|-ability|p1a: Corviknight|Pressure
|turn|34
|
|t:|1779806914
|move|p2a: Hoopa|Dark Pulse|p1a: Corviknight
|-damage|p1a: Corviknight|12/100
|cant|p1a: Corviknight|flinch
|
|upkeep
|turn|35
|c|☆WongHung|Slowly Becoming Lavos
|
|t:|1779806929
|move|p2a: Hoopa|Dark Pulse|p1a: Corviknight
|-damage|p1a: Corviknight|0 fnt
|faint|p1a: Corviknight
|
|win|ekekdkdmdmwksl
|raw|WongHung's rating: 1352 &rarr; <strong>1332</strong><br />(-20 for losing)
|raw|ekekdkdmdmwksl's rating: 1359 &rarr; <strong>1379</strong><br />(+20 for winning)
|l|☆WongHung
|player|p1|
|l|‽ekekdkdmdmwksl
|player|p2|
