|j|☆monday2026
|j|☆kstud
|t:|1779845407
|gametype|singles
|player|p1|monday2026|2|1418
|player|p2|kstud|cynthia-gen4|1416
|gen|9
|tier|[Gen 9] OU
|rated|
|rule|HP Percentage Mod: HP is shown in percentages
|rule|Endless Battle Clause: Forcing endless battles is banned
|rule|Species Clause: Limit one of each Pokémon
|rule|OHKO Clause: OHKO moves are banned
|rule|Evasion Items Clause: Evasion items are banned
|rule|Evasion Moves Clause: Evasion moves are banned
|rule|Evasion Abilities Clause: Evasion abilities are banned
|rule|Sleep Moves Clause: Sleep-inducing moves are banned
|clearpoke
|poke|p1|Hoopa-Unbound|
|poke|p1|Regidrago|
|poke|p1|Ditto|
|poke|p1|Dondozo, M|
|poke|p1|Tyranitar, F|
|poke|p1|Pecharunt|
|poke|p2|Minior|
|poke|p2|Ninetales-Alola, M|
|poke|p2|Regieleki|
|poke|p2|Ogerpon-Wellspring, F|
|poke|p2|Kingambit, F|
|poke|p2|Landorus-Therian, M|
|teampreview
|inactive|Battle timer is ON: inactive players will automatically lose when time's up. (requested by kstud)
|
|t:|1779845421
|teamsize|p1|6
|teamsize|p2|6
|start
|switch|p1a: Regidrago|Regidrago, shiny|100/100
|switch|p2a: Ninetales|Ninetales-Alola, M|100/100
|-weather|Snowscape|[from] ability: Snow Warning|[of] p2a: Ninetales
|turn|1
|
|t:|1779845429
|switch|p1a: Tyranitar|Tyranitar, F|100/100
|-weather|Sandstorm|[from] ability: Sand Stream|[of] p1a: Tyranitar
|move|p2a: Ninetales|Aurora Veil||[still]
|-fail|p2a: Ninetales
|
|-weather|Sandstorm|[upkeep]
|-damage|p2a: Ninetales|95/100|[from] Sandstorm
|upkeep
|turn|2
|
|t:|1779845442
|switch|p2a: Landorus|Landorus-Therian, M|100/100
|-ability|p2a: Landorus|Intimidate|boost
|-unboost|p1a: Tyranitar|atk|1
|move|p1a: Tyranitar|Ice Punch|p2a: Landorus
|-supereffective|p2a: Landorus
|-damage|p2a: Landorus|5/100
|-damage|p1a: Tyranitar|84/100|[from] item: Rocky Helmet|[of] p2a: Landorus
|
|-weather|Sandstorm|[upkeep]
|upkeep
|turn|3
|
|t:|1779845456
|switch|p1a: Pecharunt|Pecharunt|100/100
|-item|p1a: Pecharunt|Air Balloon
|move|p2a: Landorus|Stealth Rock|p1a: Pecharunt
|-sidestart|p1: monday2026|move: Stealth Rock
|
|-weather|Sandstorm|[upkeep]
|-damage|p1a: Pecharunt|94/100|[from] Sandstorm
|upkeep
|turn|4
|
|t:|1779845464
|move|p2a: Landorus|U-turn|p1a: Pecharunt
|-resisted|p1a: Pecharunt
|-damage|p1a: Pecharunt|92/100
|-enditem|p1a: Pecharunt|Air Balloon
|
|t:|1779845472
|switch|p2a: Kingambit|Kingambit, F|100/100|[from] U-turn
|move|p1a: Pecharunt|Hex|p2a: Kingambit
|-resisted|p2a: Kingambit
|-damage|p2a: Kingambit|91/100
|
|-weather|Sandstorm|[upkeep]
|-damage|p1a: Pecharunt|86/100|[from] Sandstorm
|upkeep
|turn|5
|
|t:|1779845481
|move|p1a: Pecharunt|Parting Shot|p2a: Kingambit
|-unboost|p2a: Kingambit|atk|1
|-unboost|p2a: Kingambit|spa|1
|
|t:|1779845485
|switch|p1a: Dondozo|Dondozo, M|100/100|[from] Parting Shot
|-damage|p1a: Dondozo|88/100|[from] Stealth Rock
|move|p2a: Kingambit|Kowtow Cleave|p1a: Dondozo
|-damage|p1a: Dondozo|51/100
|
|-weather|none
|upkeep
|turn|6
|
|t:|1779845505
|move|p2a: Kingambit|Swords Dance|p2a: Kingambit
|-boost|p2a: Kingambit|atk|2
|move|p1a: Dondozo|Avalanche|p2a: Kingambit
|-resisted|p2a: Kingambit
|-damage|p2a: Kingambit|81/100
|
|upkeep
|turn|7
|
|t:|1779845510
|move|p2a: Kingambit|Kowtow Cleave|p1a: Dondozo
|-damage|p1a: Dondozo|13/100
|move|p1a: Dondozo|Avalanche|p2a: Kingambit
|-resisted|p2a: Kingambit
|-damage|p2a: Kingambit|60/100
|
|upkeep
|turn|8
|
|t:|1779845516
|move|p2a: Kingambit|Kowtow Cleave|p1a: Dondozo
|-damage|p1a: Dondozo|0 fnt
|faint|p1a: Dondozo
|
|upkeep
|
|t:|1779845519
|switch|p1a: Ditto|Ditto|100/100
|-damage|p1a: Ditto|88/100|[from] Stealth Rock
|-transform|p1a: Ditto|p2a: Kingambit|[from] ability: Imposter
|-activate|p1a: Ditto|ability: Supreme Overlord
|-start|p1a: Ditto|fallen1|[silent]
|turn|9
|
|t:|1779845529
|move|p1a: Ditto|Iron Head|p2a: Kingambit
|-resisted|p2a: Kingambit
|-damage|p2a: Kingambit|30/100
|move|p2a: Kingambit|Kowtow Cleave|p1a: Ditto
|-resisted|p1a: Ditto
|-damage|p1a: Ditto|43/100
|
|upkeep
|turn|10
|
|t:|1779845540
|move|p2a: Kingambit|Sucker Punch|p1a: Ditto
|-resisted|p1a: Ditto
|-damage|p1a: Ditto|4/100
|move|p1a: Ditto|Iron Head|p2a: Kingambit
|-resisted|p2a: Kingambit
|-damage|p2a: Kingambit|1/100
|
|upkeep
|turn|11
|
|t:|1779845548
|move|p2a: Kingambit|Sucker Punch|p1a: Ditto
|-resisted|p1a: Ditto
|-crit|p1a: Ditto
|-damage|p1a: Ditto|0 fnt
|faint|p1a: Ditto
|-end|p1a: Ditto|fallen1|[silent]
|
|upkeep
|
|t:|1779845554
|switch|p1a: Pecharunt|Pecharunt|86/100
|-damage|p1a: Pecharunt|73/100|[from] Stealth Rock
|turn|12
|
|t:|1779845560
|move|p1a: Pecharunt|Hex|p2a: Kingambit
|-resisted|p2a: Kingambit
|-damage|p2a: Kingambit|0 fnt
|faint|p2a: Kingambit
|-end|p2a: Kingambit|fallenundefined|[silent]
|
|upkeep
|
|t:|1779845564
|switch|p2a: Landorus|Landorus-Therian, M|5/100
|-ability|p2a: Landorus|Intimidate|boost
|-unboost|p1a: Pecharunt|atk|1
|turn|13
|
|t:|1779845586
|-terastallize|p1a: Pecharunt|Flying
|move|p2a: Landorus|Earthquake|p1a: Pecharunt
|-immune|p1a: Pecharunt
|move|p1a: Pecharunt|Toxic|p2a: Landorus
|-status|p2a: Landorus|tox
|-start|p2a: Landorus|confusion|[from] ability: Poison Puppeteer|[of] p1a: Pecharunt
|
|-damage|p2a: Landorus|0 fnt|[from] psn
|faint|p2a: Landorus
|upkeep
|
|t:|1779845591
|switch|p2a: Regieleki|Regieleki|100/100
|turn|14
|
|t:|1779845596
|switch|p1a: Tyranitar|Tyranitar, F|84/100
|-damage|p1a: Tyranitar|72/100|[from] Stealth Rock
|-weather|Sandstorm|[from] ability: Sand Stream|[of] p1a: Tyranitar
|move|p2a: Regieleki|Supercell Slam|p1a: Tyranitar
|-damage|p1a: Tyranitar|0 fnt
|faint|p1a: Tyranitar
|
|-weather|Sandstorm|[upkeep]
|-damage|p2a: Regieleki|95/100|[from] Sandstorm
|upkeep
|
|t:|1779845605
|switch|p1a: Hoopa|Hoopa-Unbound|100/100
|-damage|p1a: Hoopa|88/100|[from] Stealth Rock
|turn|15
|
|t:|1779845614
|move|p2a: Regieleki|Supercell Slam|p1a: Hoopa
|-damage|p1a: Hoopa|0 fnt
|faint|p1a: Hoopa
|
|-weather|Sandstorm|[upkeep]
|-damage|p2a: Regieleki|89/100|[from] Sandstorm
|upkeep
|
|t:|1779845620
|switch|p1a: Regidrago|Regidrago, shiny|100/100
|-damage|p1a: Regidrago|88/100|[from] Stealth Rock
|turn|16
|
|t:|1779845628
|move|p2a: Regieleki|Explosion|p1a: Regidrago
|-damage|p1a: Regidrago|0 fnt
|faint|p2a: Regieleki
|faint|p1a: Regidrago
|
|-weather|Sandstorm|[upkeep]
|upkeep
|
|t:|1779845634
|switch|p2a: Minior|Minior, shiny|100/100
|switch|p1a: Pecharunt|Pecharunt, tera:Flying|73/100
|-damage|p1a: Pecharunt|49/100|[from] Stealth Rock
|-formechange|p2a: Minior|Minior-Meteor||[from] ability: Shields Down
|turn|17
|
|t:|1779845639
|move|p2a: Minior|Shell Smash|p2a: Minior
|-unboost|p2a: Minior|def|1
|-unboost|p2a: Minior|spd|1
|-boost|p2a: Minior|atk|2
|-boost|p2a: Minior|spa|2
|-boost|p2a: Minior|spe|2
|-enditem|p2a: Minior|White Herb
|-clearnegativeboost|p2a: Minior|[silent]
|move|p1a: Pecharunt|Toxic|p2a: Minior
|-immune|p2a: Minior|[from] ability: Shields Down
|
|-weather|Sandstorm|[upkeep]
|-damage|p1a: Pecharunt|42/100|[from] Sandstorm
|upkeep
|turn|18
|inactive|monday2026 has 120 seconds left.
|
|t:|1779845679
|move|p2a: Minior|Acrobatics|p1a: Pecharunt
|-damage|p1a: Pecharunt|7/100
|move|p1a: Pecharunt|Parting Shot|p2a: Minior
|-unboost|p2a: Minior|atk|1
|-unboost|p2a: Minior|spa|1
|
|-weather|none
|upkeep
|turn|19
|-message|monday2026 forfeited.
|
|win|kstud
|raw|monday2026's rating: 1418 &rarr; <strong>1398</strong><br />(-20 for losing)
|raw|kstud's rating: 1416 &rarr; <strong>1436</strong><br />(+20 for winning)
|l|☆monday2026
|player|p1|
|l|☆kstud
|player|p2|
