|j|☆jetleiroi
|j|☆askkw
|t:|1779897503
|gametype|singles
|player|p1|jetleiroi|roxie|1276
|player|p2|askkw|101|1282
|gen|9
|tier|[Gen 9] OU
|rated|
|rule|HP Percentage Mod: HP is shown in percentages
|rule|Endless Battle Clause: Forcing endless battles is banned
|rule|Species Clause: Limit one of each Pokémon
|rule|OHKO Clause: OHKO moves are banned
|rule|Evasion Items Clause: Evasion items are banned
|rule|Evasion Moves Clause: Evasion moves are banned
|rule|Evasion Abilities Clause: Evasion abilities are banned
|rule|Sleep Moves Clause: Sleep-inducing moves are banned
|clearpoke
|poke|p1|Indeedee, M|
|poke|p1|Great Tusk|
|poke|p1|Ogerpon-Wellspring, F|
|poke|p1|Pecharunt|
|poke|p1|Iron Jugulis|
|poke|p1|Diancie|
|poke|p2|Clawitzer, F|
|poke|p2|Rillaboom, F|
|poke|p2|Heatran, F|
|poke|p2|Great Tusk|
|poke|p2|Corviknight, M|
|poke|p2|Ogerpon-Wellspring, F|
|teampreview
|inactive|Battle timer is ON: inactive players will automatically lose when time's up. (requested by askkw)
|
|t:|1779897515
|teamsize|p1|6
|teamsize|p2|6
|start
|switch|p1a: Princess Pech|Pecharunt|100/100
|switch|p2a: Rillaboom|Rillaboom, F|100/100
|-fieldstart|move: Grassy Terrain|[from] ability: Grassy Surge|[of] p2a: Rillaboom
|turn|1
|
|t:|1779897526
|switch|p2a: Heatran|Heatran, F|100/100
|move|p1a: Princess Pech|Parting Shot|p2a: Heatran
|-unboost|p2a: Heatran|atk|1
|-unboost|p2a: Heatran|spa|1
|
|t:|1779897548
|switch|p1a: Uncle Iro|Iron Jugulis|100/100|[from] Parting Shot
|-enditem|p1a: Uncle Iro|Booster Energy
|-activate|p1a: Uncle Iro|ability: Quark Drive|[fromitem]
|-start|p1a: Uncle Iro|quarkdrivespe
|
|upkeep
|turn|2
|
|t:|1779897558
|move|p1a: Uncle Iro|Earth Power|p2a: Heatran
|-supereffective|p2a: Heatran
|-damage|p2a: Heatran|24/100
|move|p2a: Heatran|Magma Storm|p1a: Uncle Iro|[miss]
|-miss|p2a: Heatran|p1a: Uncle Iro
|
|-heal|p2a: Heatran|30/100|[from] Grassy Terrain
|-heal|p2a: Heatran|36/100|[from] item: Leftovers
|upkeep
|turn|3
|
|t:|1779897575
|switch|p2a: Corviknight|Corviknight, M|100/100
|move|p1a: Uncle Iro|Earth Power|p2a: Corviknight
|-immune|p2a: Corviknight
|
|upkeep
|turn|4
|
|t:|1779897587
|move|p1a: Uncle Iro|Fire Blast|p2a: Corviknight
|-supereffective|p2a: Corviknight
|-damage|p2a: Corviknight|26/100
|move|p2a: Corviknight|U-turn|p1a: Uncle Iro
|-damage|p1a: Uncle Iro|84/100
|
|t:|1779897597
|switch|p2a: Clawitzer|Clawitzer, F|100/100|[from] U-turn
|
|upkeep
|turn|5
|
|t:|1779897610
|-end|p1a: Uncle Iro|Quark Drive|[silent]
|switch|p1a: Princess Pech|Pecharunt|100/100
|move|p2a: Clawitzer|Aura Sphere|p1a: Princess Pech
|-immune|p1a: Princess Pech
|
|-fieldend|move: Grassy Terrain
|upkeep
|turn|6
|
|t:|1779897620
|switch|p2a: Corviknight|Corviknight, M|26/100
|move|p1a: Princess Pech|Malignant Chain|p2a: Corviknight
|-immune|p2a: Corviknight
|
|upkeep
|turn|7
|
|t:|1779897625
|move|p1a: Princess Pech|Parting Shot|p2a: Corviknight
|-ability|p2a: Corviknight|Mirror Armor
|-unboost|p1a: Princess Pech|atk|1
|-ability|p2a: Corviknight|Mirror Armor
|-unboost|p1a: Princess Pech|spa|1
|
|t:|1779897635
|switch|p1a: Yes Indeedee!|Indeedee, M|100/100|[from] Parting Shot
|-fieldstart|move: Psychic Terrain|[from] ability: Psychic Surge|[of] p1a: Yes Indeedee!
|move|p2a: Corviknight|Roost|p2a: Corviknight
|-heal|p2a: Corviknight|76/100
|-singleturn|p2a: Corviknight|move: Roost
|
|upkeep
|turn|8
|
|t:|1779897643
|move|p1a: Yes Indeedee!|Trick|p2a: Corviknight
|-activate|p1a: Yes Indeedee!|move: Trick|[of] p2a: Corviknight
|-item|p2a: Corviknight|Choice Scarf|[from] move: Trick
|-item|p1a: Yes Indeedee!|Rocky Helmet|[from] move: Trick
|move|p2a: Corviknight|U-turn|p1a: Yes Indeedee!
|-supereffective|p1a: Yes Indeedee!
|-damage|p1a: Yes Indeedee!|42/100
|-damage|p2a: Corviknight|60/100|[from] item: Rocky Helmet|[of] p1a: Yes Indeedee!
|
|t:|1779897650
|switch|p2a: Rillaboom|Rillaboom, F|100/100|[from] U-turn
|-fieldstart|move: Grassy Terrain|[from] ability: Grassy Surge|[of] p2a: Rillaboom
|
|-heal|p1a: Yes Indeedee!|48/100|[from] Grassy Terrain
|upkeep
|turn|9
|
|t:|1779897657
|switch|p1a: Princess Pech|Pecharunt|100/100
|move|p2a: Rillaboom|U-turn|p1a: Princess Pech
|-resisted|p1a: Princess Pech
|-damage|p1a: Princess Pech|96/100
|-damage|p2a: Rillaboom|84/100|[from] item: Rocky Helmet|[of] p1a: Princess Pech
|
|t:|1779897663
|switch|p2a: Heatran|Heatran, F|36/100|[from] U-turn
|
|-heal|p1a: Princess Pech|100/100|[from] Grassy Terrain
|-heal|p2a: Heatran|42/100|[from] Grassy Terrain
|-heal|p2a: Heatran|49/100|[from] item: Leftovers
|upkeep
|turn|10
|
|t:|1779897671
|move|p1a: Princess Pech|Parting Shot|p2a: Heatran
|-unboost|p2a: Heatran|atk|1
|-unboost|p2a: Heatran|spa|1
|
|t:|1779897685
|switch|p1a: Uncle Iro|Iron Jugulis|84/100|[from] Parting Shot
|move|p2a: Heatran|Stealth Rock|p1a: Uncle Iro
|-sidestart|p1: jetleiroi|move: Stealth Rock
|
|-heal|p2a: Heatran|55/100|[from] Grassy Terrain
|-heal|p2a: Heatran|61/100|[from] item: Leftovers
|upkeep
|turn|11
|
|t:|1779897699
|switch|p2a: Clawitzer|Clawitzer, F|100/100
|move|p1a: Uncle Iro|Fire Blast|p2a: Clawitzer
|-resisted|p2a: Clawitzer
|-damage|p2a: Clawitzer|81/100
|
|-heal|p2a: Clawitzer|87/100|[from] Grassy Terrain
|upkeep
|turn|12
|
|t:|1779897708
|-end|p1a: Uncle Iro|Quark Drive|[silent]
|switch|p1a: Princess Pech|Pecharunt|100/100
|-damage|p1a: Princess Pech|88/100|[from] Stealth Rock
|move|p2a: Clawitzer|Dark Pulse|p1a: Princess Pech
|-supereffective|p1a: Princess Pech
|-damage|p1a: Princess Pech|0 fnt
|faint|p1a: Princess Pech
|
|-heal|p2a: Clawitzer|93/100|[from] Grassy Terrain
|-fieldend|move: Grassy Terrain
|upkeep
|
|t:|1779897717
|switch|p1a: Pon de Replay|Ogerpon-Wellspring, F|100/100
|-damage|p1a: Pon de Replay|88/100|[from] Stealth Rock
|turn|13
|
|t:|1779897727
|switch|p2a: Corviknight|Corviknight, M|60/100
|move|p1a: Pon de Replay|Swords Dance|p1a: Pon de Replay
|-boost|p1a: Pon de Replay|atk|2
|
|upkeep
|turn|14
|
|t:|1779897736
|-terastallize|p1a: Pon de Replay|Water
|detailschange|p1a: Pon de Replay|Ogerpon-Wellspring-Tera, F, tera:Water
|-ability|p1a: Pon de Replay|Embody Aspect (Wellspring)|boost
|-boost|p1a: Pon de Replay|spd|1
|move|p1a: Pon de Replay|Ivy Cudgel|p2a: Corviknight|[anim] Ivy Cudgel Water
|-damage|p2a: Corviknight|0 fnt
|faint|p2a: Corviknight
|
|upkeep
|
|t:|1779897743
|switch|p2a: Rillaboom|Rillaboom, F|84/100
|-fieldstart|move: Grassy Terrain|[from] ability: Grassy Surge|[of] p2a: Rillaboom
|turn|15
|
|t:|1779897774
|-terastallize|p2a: Rillaboom|Grass
|move|p2a: Rillaboom|Grassy Glide|p1a: Pon de Replay
|-supereffective|p1a: Pon de Replay
|-crit|p1a: Pon de Replay
|-damage|p1a: Pon de Replay|0 fnt
|faint|p1a: Pon de Replay
|detailschange|p1: Pon de Replay|Ogerpon-Wellspring, F|[silent]
|
|-heal|p2a: Rillaboom|90/100|[from] Grassy Terrain
|upkeep
|
|t:|1779897785
|switch|p1a: Yes Indeedee!|Indeedee, M|48/100
|-damage|p1a: Yes Indeedee!|36/100|[from] Stealth Rock
|-fieldstart|move: Psychic Terrain|[from] ability: Psychic Surge|[of] p1a: Yes Indeedee!
|turn|16
|
|t:|1779897801
|switch|p2a: Heatran|Heatran, F|61/100
|move|p1a: Yes Indeedee!|Expanding Force|p2a: Heatran
|-resisted|p2a: Heatran
|-damage|p2a: Heatran|40/100
|
|-heal|p2a: Heatran|46/100|[from] item: Leftovers
|upkeep
|turn|17
|
|t:|1779897811
|switch|p1a: Elon Tusk|Great Tusk|100/100
|-damage|p1a: Elon Tusk|98/100|[from] Stealth Rock
|-enditem|p1a: Elon Tusk|Booster Energy
|-activate|p1a: Elon Tusk|ability: Protosynthesis|[fromitem]
|-start|p1a: Elon Tusk|protosynthesisatk
|move|p2a: Heatran|Magma Storm|p1a: Elon Tusk|[miss]
|-miss|p2a: Heatran|p1a: Elon Tusk
|
|-heal|p2a: Heatran|52/100|[from] item: Leftovers
|upkeep
|turn|18
|
|t:|1779897821
|switch|p2a: Ogerpon|Ogerpon-Wellspring, F|100/100
|move|p1a: Elon Tusk|Rapid Spin|p2a: Ogerpon
|-damage|p2a: Ogerpon|71/100
|-boost|p1a: Elon Tusk|spe|1
|-sideend|p1: jetleiroi|Stealth Rock|[from] move: Rapid Spin|[of] p1a: Elon Tusk
|
|upkeep
|turn|19
|
|t:|1779897828
|move|p1a: Elon Tusk|Close Combat|p2a: Ogerpon
|-damage|p2a: Ogerpon|0 fnt
|-unboost|p1a: Elon Tusk|def|1
|-unboost|p1a: Elon Tusk|spd|1
|faint|p2a: Ogerpon
|
|upkeep
|
|t:|1779897837
|switch|p2a: Rillaboom|Rillaboom, F, tera:Grass|90/100
|-fieldstart|move: Grassy Terrain|[from] ability: Grassy Surge|[of] p2a: Rillaboom
|turn|20
|
|t:|1779897846
|-end|p1a: Elon Tusk|Protosynthesis|[silent]
|switch|p1a: Uncle Iro|Iron Jugulis|84/100
|move|p2a: Rillaboom|Grassy Glide|p1a: Uncle Iro
|-resisted|p1a: Uncle Iro
|-crit|p1a: Uncle Iro
|-damage|p1a: Uncle Iro|10/100
|
|-heal|p2a: Rillaboom|96/100|[from] Grassy Terrain
|upkeep
|turn|21
|
|t:|1779897858
|move|p2a: Rillaboom|Grassy Glide|p1a: Uncle Iro
|-resisted|p1a: Uncle Iro
|-damage|p1a: Uncle Iro|0 fnt
|faint|p1a: Uncle Iro
|-end|p1a: Uncle Iro|Quark Drive|[silent]
|
|-heal|p2a: Rillaboom|100/100|[from] Grassy Terrain
|upkeep
|
|t:|1779897866
|switch|p1a: Yes Indeedee!|Indeedee, M|36/100
|-fieldstart|move: Psychic Terrain|[from] ability: Psychic Surge|[of] p1a: Yes Indeedee!
|turn|22
|
|t:|1779897876
|switch|p2a: Heatran|Heatran, F|52/100
|move|p1a: Yes Indeedee!|Expanding Force|p2a: Heatran
|-resisted|p2a: Heatran
|-crit|p2a: Heatran
|-damage|p2a: Heatran|18/100
|
|-heal|p2a: Heatran|25/100|[from] item: Leftovers
|upkeep
|turn|23
|
|t:|1779897884
|move|p1a: Yes Indeedee!|Expanding Force|p2a: Heatran
|-resisted|p2a: Heatran
|-damage|p2a: Heatran|0 fnt
|faint|p2a: Heatran
|
|upkeep
|
|t:|1779897891
|switch|p2a: Rillaboom|Rillaboom, F, tera:Grass|100/100
|-fieldstart|move: Grassy Terrain|[from] ability: Grassy Surge|[of] p2a: Rillaboom
|turn|24
|
|t:|1779897903
|switch|p1a: Elon Tusk|Great Tusk|98/100
|move|p2a: Rillaboom|Grassy Glide|p1a: Elon Tusk
|-supereffective|p1a: Elon Tusk
|-damage|p1a: Elon Tusk|12/100
|
|-heal|p1a: Elon Tusk|18/100|[from] Grassy Terrain
|upkeep
|turn|25
|
|t:|1779897911
|move|p2a: Rillaboom|Grassy Glide|p1a: Elon Tusk
|-supereffective|p1a: Elon Tusk
|-damage|p1a: Elon Tusk|0 fnt
|faint|p1a: Elon Tusk
|-end|p1a: Elon Tusk|Protosynthesis|[silent]
|
|upkeep
|
|t:|1779897918
|switch|p1a: Yes Indeedee!|Indeedee, M|36/100
|-fieldstart|move: Psychic Terrain|[from] ability: Psychic Surge|[of] p1a: Yes Indeedee!
|turn|26
|
|t:|1779897944
|switch|p2a: Great Tusk|Great Tusk|100/100
|-enditem|p2a: Great Tusk|Booster Energy
|-activate|p2a: Great Tusk|ability: Protosynthesis|[fromitem]
|-start|p2a: Great Tusk|protosynthesisatk
|move|p1a: Yes Indeedee!|Expanding Force|p2a: Great Tusk
|-supereffective|p2a: Great Tusk
|-crit|p2a: Great Tusk
|-damage|p2a: Great Tusk|0 fnt
|faint|p2a: Great Tusk
|-end|p2a: Great Tusk|Protosynthesis|[silent]
|
|upkeep
|inactive|askkw has 120 seconds left.
|l|☆askkw
|inactive|askkw disconnected and has a minute to reconnect!
|player|p2|
|j|☆askkw
|inactive|askkw reconnected and has 100 seconds left.
|player|p2|askkw|101|
|inactive|askkw has 90 seconds left.
|
|t:|1779898012
|switch|p2a: Rillaboom|Rillaboom, F, tera:Grass|100/100
|-fieldstart|move: Grassy Terrain|[from] ability: Grassy Surge|[of] p2a: Rillaboom
|turn|27
|
|t:|1779898016
|switch|p1a: 4 Ever|Diancie|100/100
|move|p2a: Rillaboom|Grassy Glide|p1a: 4 Ever
|-supereffective|p1a: 4 Ever
|-damage|p1a: 4 Ever|0 fnt
|faint|p1a: 4 Ever
|
|upkeep
|
|t:|1779898023
|switch|p1a: Yes Indeedee!|Indeedee, M|36/100
|-fieldstart|move: Psychic Terrain|[from] ability: Psychic Surge|[of] p1a: Yes Indeedee!
|turn|28
|
|t:|1779898027
|switch|p2a: Clawitzer|Clawitzer, F|93/100
|move|p1a: Yes Indeedee!|Expanding Force|p2a: Clawitzer
|-damage|p2a: Clawitzer|11/100
|
|upkeep
|turn|29
|
|t:|1779898032
|move|p1a: Yes Indeedee!|Expanding Force|p2a: Clawitzer
|-damage|p2a: Clawitzer|0 fnt
|faint|p2a: Clawitzer
|
|upkeep
|c|☆jetleiroi|gg
|
|t:|1779898038
|switch|p2a: Rillaboom|Rillaboom, F, tera:Grass|100/100
|-fieldstart|move: Grassy Terrain|[from] ability: Grassy Surge|[of] p2a: Rillaboom
|turn|30
|-message|jetleiroi forfeited.
|
|win|askkw
|raw|jetleiroi's rating: 1276 &rarr; <strong>1251</strong><br />(-25 for losing)
|raw|askkw's rating: 1282 &rarr; <strong>1307</strong><br />(+25 for winning)
|l|☆jetleiroi
|player|p1|
|l|☆askkw
|player|p2|
