|j|☆summerenaissance
|j|‽gimmicksrule
|t:|1779898438
|gametype|singles
|player|p1|summerenaissance|iris-gen5bw2|1620
|player|p2|gimmicksrule|unknown|1612
|gen|9
|tier|[Gen 9] OU
|rated|
|rule|HP Percentage Mod: HP is shown in percentages
|rule|Endless Battle Clause: Forcing endless battles is banned
|rule|Species Clause: Limit one of each Pokémon
|rule|OHKO Clause: OHKO moves are banned
|rule|Evasion Items Clause: Evasion items are banned
|rule|Evasion Moves Clause: Evasion moves are banned
|rule|Evasion Abilities Clause: Evasion abilities are banned
|rule|Sleep Moves Clause: Sleep-inducing moves are banned
|clearpoke
|poke|p1|Munkidori, M|
|poke|p1|Slither Wing|
|poke|p1|Ting-Lu|
|poke|p1|Cinderace, F|
|poke|p1|Kyurem|
|poke|p1|Alomomola, F|
|poke|p2|Arboliva, M|
|poke|p2|Ninetales, F|
|poke|p2|Hatterene, F|
|poke|p2|Great Tusk|
|poke|p2|Raging Bolt|
|poke|p2|Cinderace, F|
|teampreview
|inactive|Battle timer is ON: inactive players will automatically lose when time's up. (requested by gimmicksrule)
|
|t:|1779898443
|teamsize|p1|6
|teamsize|p2|6
|start
|switch|p1a: Munkidori|Munkidori, M|100/100
|switch|p2a: Ninetales|Ninetales, F|100/100
|-weather|SunnyDay|[from] ability: Drought|[of] p2a: Ninetales
|turn|1
|j| Lowladderubersnoob
|inactive|summerenaissance has 120 seconds left.
|
|t:|1779898491
|switch|p2a: Hatterene|Hatterene, F|100/100
|move|p1a: Munkidori|Fake Out|p2a: Hatterene
|-crit|p2a: Hatterene
|-damage|p2a: Hatterene|91/100
|-enditem|p2a: Hatterene|Eject Button
|
|t:|1779898508
|switch|p2a: Cinderace|Cinderace, F|100/100
|
|-weather|SunnyDay|[upkeep]
|upkeep
|turn|2
|inactive|summerenaissance has 90 seconds left.
|
|t:|1779898545
|switch|p1a: Alomomola|Alomomola, F|100/100
|move|p2a: Cinderace|U-turn|p1a: Alomomola
|-start|p2a: Cinderace|typechange|Bug|[from] ability: Libero
|-damage|p1a: Alomomola|63/100
|
|t:|1779898554
|switch|p2a: Arboliva|Arboliva, M|100/100|[from] U-turn
|
|-weather|SunnyDay|[upkeep]
|upkeep
|turn|3
|inactive|summerenaissance has 90 seconds left.
|
|t:|1779898568
|move|p2a: Arboliva|Growth|p2a: Arboliva
|-boost|p2a: Arboliva|atk|2
|-boost|p2a: Arboliva|spa|2
|move|p1a: Alomomola|Mirror Coat||[still]
|-fail|p1a: Alomomola
|
|-weather|SunnyDay|[upkeep]
|upkeep
|turn|4
|
|t:|1779898574
|switch|p1a: Munkidori|Munkidori, M|100/100
|move|p2a: Arboliva|Growth|p2a: Arboliva
|-boost|p2a: Arboliva|atk|2
|-boost|p2a: Arboliva|spa|2
|
|-weather|SunnyDay|[upkeep]
|upkeep
|turn|5
|
|t:|1779898579
|move|p1a: Munkidori|Fake Out|p2a: Arboliva
|-damage|p2a: Arboliva|91/100
|cant|p2a: Arboliva|flinch
|
|-weather|SunnyDay|[upkeep]
|upkeep
|turn|6
|
|t:|1779898586
|move|p2a: Arboliva|Endure|p2a: Arboliva
|-singleturn|p2a: Arboliva|move: Endure
|move|p1a: Munkidori|Sludge Bomb|p2a: Arboliva
|-supereffective|p2a: Arboliva
|-damage|p2a: Arboliva|6/100
|-status|p2a: Arboliva|tox|[from] ability: Toxic Chain|[of] p1a: Munkidori
|
|-weather|SunnyDay|[upkeep]
|-damage|p2a: Arboliva|0 fnt|[from] psn
|faint|p2a: Arboliva
|upkeep
|
|t:|1779898591
|switch|p2a: Raging Bolt|Raging Bolt|100/100
|-activate|p2a: Raging Bolt|ability: Protosynthesis
|-start|p2a: Raging Bolt|protosynthesisspa
|turn|7
|
|t:|1779898596
|move|p1a: Munkidori|U-turn|p2a: Raging Bolt
|-damage|p2a: Raging Bolt|88/100
|inactive|summerenaissance has 120 seconds left.
|
|t:|1779898614
|switch|p1a: Ting-Lu|Ting-Lu|100/100|[from] U-turn
|-ability|p1a: Ting-Lu|Vessel of Ruin
|move|p2a: Raging Bolt|Draco Meteor|p1a: Ting-Lu
|-damage|p1a: Ting-Lu|42/100
|-unboost|p2a: Raging Bolt|spa|2
|-damage|p2a: Raging Bolt|79/100|[from] item: Life Orb
|
|-weather|SunnyDay|[upkeep]
|-heal|p1a: Ting-Lu|48/100|[from] item: Leftovers
|upkeep
|turn|8
|-message|gimmicksrule forfeited.
|
|win|summerenaissance
|raw|summerenaissance's rating: 1620 &rarr; <strong>1640</strong><br />(+20 for winning)
|raw|gimmicksrule's rating: 1612 &rarr; <strong>1592</strong><br />(-20 for losing)
|l|‽gimmicksrule
|player|p2|
