|j|☆1200 hell
|j|☆lolcano46
|t:|1779902130
|gametype|singles
|player|p1|1200 hell|266|1551
|player|p2|lolcano46|fisherman-gen4|1727
|gen|9
|tier|[Gen 9] OU
|rated|
|rule|HP Percentage Mod: HP is shown in percentages
|rule|Endless Battle Clause: Forcing endless battles is banned
|rule|Species Clause: Limit one of each Pokémon
|rule|OHKO Clause: OHKO moves are banned
|rule|Evasion Items Clause: Evasion items are banned
|rule|Evasion Moves Clause: Evasion moves are banned
|rule|Evasion Abilities Clause: Evasion abilities are banned
|rule|Sleep Moves Clause: Sleep-inducing moves are banned
|clearpoke
|poke|p1|Iron Moth|
|poke|p1|Gliscor, M|
|poke|p1|Hatterene, F|
|poke|p1|Ogerpon-Wellspring, F|
|poke|p1|Raging Bolt|
|poke|p1|Zamazenta-*|
|poke|p2|Azelf|
|poke|p2|Ogerpon-Wellspring, F|
|poke|p2|Scizor, M|
|poke|p2|Gengar, M|
|poke|p2|Raging Bolt|
|poke|p2|Cinderace, F|
|teampreview
|inactive|Battle timer is ON: inactive players will automatically lose when time's up. (requested by lolcano46)
|inactive|1200 hell also wants the timer to be on.
|
|t:|1779902146
|teamsize|p1|6
|teamsize|p2|6
|start
|switch|p1a: Zamazenta|Zamazenta|100/100
|switch|p2a: Cinderace|Cinderace, F|100/100
|-ability|p1a: Zamazenta|Dauntless Shield|boost
|-boost|p1a: Zamazenta|def|1
|turn|1
|
|t:|1779902151
|move|p1a: Zamazenta|Close Combat|p2a: Cinderace
|-damage|p2a: Cinderace|34/100
|-unboost|p1a: Zamazenta|def|1
|-unboost|p1a: Zamazenta|spd|1
|move|p2a: Cinderace|Will-O-Wisp|p1a: Zamazenta
|-status|p1a: Zamazenta|brn
|
|-damage|p1a: Zamazenta|94/100 brn|[from] brn
|upkeep
|turn|2
|
|t:|1779902156
|move|p1a: Zamazenta|Reflect|p1a: Zamazenta
|-sidestart|p1: 1200 hell|Reflect
|move|p2a: Cinderace|Pyro Ball|p1a: Zamazenta
|-damage|p1a: Zamazenta|71/100 brn
|
|-damage|p1a: Zamazenta|65/100 brn|[from] brn
|upkeep
|turn|3
|
|t:|1779902164
|switch|p1a: Gliscor|Gliscor, M|100/100
|move|p2a: Cinderace|Pyro Ball|p1a: Gliscor
|-damage|p1a: Gliscor|76/100
|
|-status|p1a: Gliscor|tox|[from] item: Toxic Orb
|upkeep
|turn|4
|
|t:|1779902169
|move|p2a: Cinderace|Pyro Ball|p1a: Gliscor
|-damage|p1a: Gliscor|52/100 tox
|move|p1a: Gliscor|Earthquake|p2a: Cinderace
|-supereffective|p2a: Cinderace
|-damage|p2a: Cinderace|0 fnt
|faint|p2a: Cinderace
|
|-heal|p1a: Gliscor|64/100 tox|[from] ability: Poison Heal
|upkeep
|
|t:|1779902173
|switch|p2a: Ogerpon|Ogerpon-Wellspring, F|100/100
|turn|5
|
|t:|1779902177
|switch|p1a: Raging Bolt|Raging Bolt|100/100
|-enditem|p1a: Raging Bolt|Booster Energy
|-activate|p1a: Raging Bolt|ability: Protosynthesis|[fromitem]
|-start|p1a: Raging Bolt|protosynthesisspa
|move|p2a: Ogerpon|Swords Dance|p2a: Ogerpon
|-boost|p2a: Ogerpon|atk|2
|
|upkeep
|turn|6
|
|t:|1779902184
|move|p2a: Ogerpon|Play Rough|p1a: Raging Bolt
|-supereffective|p1a: Raging Bolt
|-damage|p1a: Raging Bolt|32/100
|-unboost|p1a: Raging Bolt|atk|1
|move|p1a: Raging Bolt|Thunderbolt|p2a: Ogerpon
|-damage|p2a: Ogerpon|24/100
|
|upkeep
|turn|7
|
|t:|1779902191
|switch|p2a: Azelf|Azelf|100/100
|move|p1a: Raging Bolt|Thunderclap||[still]
|-fail|p1a: Raging Bolt
|
|upkeep
|turn|8
|
|t:|1779902194
|move|p1a: Raging Bolt|Thunderclap|p2a: Azelf
|-damage|p2a: Azelf|20/100
|move|p2a: Azelf|Psychic|p1a: Raging Bolt
|-damage|p1a: Raging Bolt|0 fnt
|faint|p1a: Raging Bolt
|-end|p1a: Raging Bolt|Protosynthesis|[silent]
|
|upkeep
|
|t:|1779902206
|switch|p1a: Hatterene|Hatterene, F|100/100
|turn|9
|
|t:|1779902213
|move|p2a: Azelf|Flamethrower|p1a: Hatterene
|-crit|p1a: Hatterene
|-damage|p1a: Hatterene|54/100
|move|p1a: Hatterene|Calm Mind|p1a: Hatterene
|-boost|p1a: Hatterene|spa|1
|-boost|p1a: Hatterene|spd|1
|
|-heal|p1a: Hatterene|60/100|[from] item: Leftovers
|-sideend|p1: 1200 hell|Reflect
|upkeep
|turn|10
|
|t:|1779902219
|move|p2a: Azelf|Flamethrower|p1a: Hatterene
|-damage|p1a: Hatterene|41/100
|move|p1a: Hatterene|Calm Mind|p1a: Hatterene
|-boost|p1a: Hatterene|spa|1
|-boost|p1a: Hatterene|spd|1
|
|-heal|p1a: Hatterene|47/100|[from] item: Leftovers
|upkeep
|turn|11
|inactive|lolcano46 has 120 seconds left.
|inactive|lolcano46 has 90 seconds left.
|
|t:|1779902294
|switch|p2a: Gengar|Gengar, M|100/100
|move|p1a: Hatterene|Draining Kiss|p2a: Gengar
|-resisted|p2a: Gengar
|-damage|p2a: Gengar|65/100
|-heal|p1a: Hatterene|69/100|[from] drain|[of] p2a: Gengar
|
|-heal|p1a: Hatterene|75/100|[from] item: Leftovers
|upkeep
|turn|12
|
|t:|1779902300
|move|p2a: Gengar|Trick|p1a: Hatterene
|-activate|p2a: Gengar|move: Trick|[of] p1a: Hatterene
|-item|p1a: Hatterene|Choice Scarf|[from] move: Trick
|-item|p2a: Gengar|Leftovers|[from] move: Trick
|move|p1a: Hatterene|Stored Power|p2a: Gengar
|-supereffective|p2a: Gengar
|-crit|p2a: Gengar
|-damage|p2a: Gengar|0 fnt
|-start|p1a: Hatterene|Disable|Stored Power|[from] ability: Cursed Body|[of] p2a: Gengar
|faint|p2a: Gengar
|
|upkeep
|inactive|lolcano46 has 90 seconds left.
|
|t:|1779902306
|switch|p2a: Scizor|Scizor, M|100/100
|turn|13
|
|t:|1779902310
|switch|p1a: Iron Moth|Iron Moth|100/100
|-enditem|p1a: Iron Moth|Booster Energy
|-activate|p1a: Iron Moth|ability: Quark Drive|[fromitem]
|-start|p1a: Iron Moth|quarkdrivespe
|move|p2a: Scizor|Swords Dance|p2a: Scizor
|-boost|p2a: Scizor|atk|2
|
|upkeep
|turn|14
|
|t:|1779902316
|-terastallize|p2a: Scizor|Fire
|move|p2a: Scizor|Bullet Punch|p1a: Iron Moth
|-resisted|p1a: Iron Moth
|-damage|p1a: Iron Moth|38/100
|move|p1a: Iron Moth|Fiery Dance|p2a: Scizor
|-resisted|p2a: Scizor
|-damage|p2a: Scizor|74/100
|-boost|p1a: Iron Moth|spa|1
|
|upkeep
|turn|15
|
|t:|1779902321
|move|p2a: Scizor|Bullet Punch|p1a: Iron Moth
|-resisted|p1a: Iron Moth
|-damage|p1a: Iron Moth|0 fnt
|faint|p1a: Iron Moth
|-end|p1a: Iron Moth|Quark Drive|[silent]
|
|upkeep
|
|t:|1779902330
|switch|p1a: Ogerpon|Ogerpon-Wellspring, F|100/100
|turn|16
|
|t:|1779902334
|switch|p2a: Ogerpon|Ogerpon-Wellspring, F|24/100
|move|p1a: Ogerpon|Ivy Cudgel|p2a: Ogerpon|[anim] Ivy Cudgel Water
|-heal|p2a: Ogerpon|49/100|[from] ability: Water Absorb|[of] p1a: Ogerpon
|
|upkeep
|turn|17
|
|t:|1779902339
|move|p2a: Ogerpon|Horn Leech|p1a: Ogerpon
|-damage|p1a: Ogerpon|42/100
|-heal|p2a: Ogerpon|78/100|[from] drain|[of] p1a: Ogerpon
|move|p1a: Ogerpon|Swords Dance|p1a: Ogerpon
|-boost|p1a: Ogerpon|atk|2
|
|upkeep
|turn|18
|
|t:|1779902344
|move|p2a: Ogerpon|Horn Leech|p1a: Ogerpon
|-damage|p1a: Ogerpon|0 fnt
|-heal|p2a: Ogerpon|99/100|[from] drain|[of] p1a: Ogerpon
|faint|p1a: Ogerpon
|
|upkeep
|
|t:|1779902348
|switch|p1a: Gliscor|Gliscor, M|64/100 tox
|turn|19
|
|t:|1779902353
|-terastallize|p1a: Gliscor|Normal
|move|p2a: Ogerpon|Ivy Cudgel|p1a: Gliscor|[anim] Ivy Cudgel Water
|-damage|p1a: Gliscor|17/100 tox
|move|p1a: Gliscor|Agility|p1a: Gliscor
|-boost|p1a: Gliscor|spe|2
|
|-heal|p1a: Gliscor|30/100 tox|[from] ability: Poison Heal
|upkeep
|turn|20
|
|t:|1779902358
|move|p1a: Gliscor|Facade|p2a: Ogerpon
|-damage|p2a: Ogerpon|20/100
|move|p2a: Ogerpon|Ivy Cudgel|p1a: Gliscor|[anim] Ivy Cudgel Water
|-damage|p1a: Gliscor|0 fnt
|faint|p1a: Gliscor
|
|upkeep
|-message|1200 hell forfeited.
|
|win|lolcano46
|raw|1200 hell's rating: 1551 &rarr; <strong>1540</strong><br />(-11 for losing)
|raw|lolcano46's rating: 1727 &rarr; <strong>1738</strong><br />(+11 for winning)
|l|☆1200 hell
|player|p1|
|l|☆lolcano46
|player|p2|
