|j|☆doritolover1
|j|☆oreki350
|t:|1779850109
|gametype|singles
|player|p1|doritolover1|170|1091
|player|p2|oreki350|169|1142
|gen|9
|tier|[Gen 9] OU
|rated|
|rule|HP Percentage Mod: HP is shown in percentages
|rule|Endless Battle Clause: Forcing endless battles is banned
|rule|Species Clause: Limit one of each Pokémon
|rule|OHKO Clause: OHKO moves are banned
|rule|Evasion Items Clause: Evasion items are banned
|rule|Evasion Moves Clause: Evasion moves are banned
|rule|Evasion Abilities Clause: Evasion abilities are banned
|rule|Sleep Moves Clause: Sleep-inducing moves are banned
|clearpoke
|poke|p1|Corviknight, F|
|poke|p1|Tornadus-Therian, M|
|poke|p1|Moltres-Galar|
|poke|p1|Pelipper, F|
|poke|p1|Talonflame, F|
|poke|p1|Kilowattrel, F|
|poke|p2|Basculin-White-Striped, M|
|poke|p2|Minior|
|poke|p2|Hippowdon, M|
|poke|p2|Ambipom, M|
|poke|p2|Greninja-*, M|
|poke|p2|Bisharp, M|
|teampreview
|inactive|Battle timer is ON: inactive players will automatically lose when time's up. (requested by doritolover1)
|c|☆oreki350|birb
|
|t:|1779850139
|teamsize|p1|6
|teamsize|p2|6
|start
|switch|p1a: Pelipper|Pelipper, F|100/100
|switch|p2a: Ambipom|Ambipom, M|100/100
|-weather|RainDance|[from] ability: Drizzle|[of] p1a: Pelipper
|turn|1
|
|t:|1779850152
|move|p2a: Ambipom|Fake Out|p1a: Pelipper
|-damage|p1a: Pelipper|79/100
|cant|p1a: Pelipper|flinch
|
|-weather|RainDance|[upkeep]
|-heal|p1a: Pelipper|85/100|[from] item: Leftovers
|upkeep
|turn|2
|
|t:|1779850161
|move|p2a: Ambipom|U-turn|p1a: Pelipper
|-resisted|p1a: Pelipper
|-damage|p1a: Pelipper|77/100
|
|t:|1779850164
|switch|p2a: Hippowdon|Hippowdon, M|100/100|[from] U-turn
|-weather|Sandstorm|[from] ability: Sand Stream|[of] p2a: Hippowdon
|move|p1a: Pelipper|Hurricane|p2a: Hippowdon
|-damage|p2a: Hippowdon|75/100
|
|-weather|Sandstorm|[upkeep]
|-damage|p1a: Pelipper|71/100|[from] Sandstorm
|-heal|p1a: Pelipper|77/100|[from] item: Leftovers
|upkeep
|turn|3
|
|t:|1779850186
|switch|p1a: Corviknight|Corviknight, F|100/100
|move|p2a: Hippowdon|Body Slam|p1a: Corviknight
|-resisted|p1a: Corviknight
|-damage|p1a: Corviknight|89/100
|-status|p1a: Corviknight|par
|-damage|p2a: Hippowdon|58/100|[from] item: Rocky Helmet|[of] p1a: Corviknight
|
|-weather|Sandstorm|[upkeep]
|upkeep
|turn|4
|
|t:|1779850200
|switch|p2a: Bisharp|Bisharp, M|100/100
|move|p1a: Corviknight|Bulk Up|p1a: Corviknight
|-boost|p1a: Corviknight|atk|1
|-boost|p1a: Corviknight|def|1
|
|-weather|Sandstorm|[upkeep]
|upkeep
|turn|5
|
|t:|1779850205
|-terastallize|p2a: Bisharp|Ghost
|move|p2a: Bisharp|Swords Dance|p2a: Bisharp
|-boost|p2a: Bisharp|atk|2
|cant|p1a: Corviknight|par
|
|-weather|Sandstorm|[upkeep]
|-damage|p2a: Bisharp|95/100|[from] Sandstorm
|upkeep
|turn|6
|
|t:|1779850222
|move|p2a: Bisharp|Swords Dance|p2a: Bisharp
|-boost|p2a: Bisharp|atk|2
|move|p1a: Corviknight|Brave Bird|p2a: Bisharp
|-damage|p2a: Bisharp|55/100
|-damage|p1a: Corviknight|78/100 par|[from] Recoil
|
|-weather|none
|upkeep
|turn|7
|
|t:|1779850231
|move|p2a: Bisharp|Shadow Claw|p1a: Corviknight
|-damage|p1a: Corviknight|18/100 par
|-damage|p2a: Bisharp|39/100|[from] item: Rocky Helmet|[of] p1a: Corviknight
|move|p1a: Corviknight|Iron Head|p2a: Bisharp
|-damage|p2a: Bisharp|15/100
|
|upkeep
|turn|8
|
|t:|1779850253
|move|p2a: Bisharp|Shadow Claw|p1a: Corviknight
|-damage|p1a: Corviknight|0 fnt
|-damage|p2a: Bisharp|0 fnt|[from] item: Rocky Helmet|[of] p1a: Corviknight
|faint|p1a: Corviknight
|faint|p2a: Bisharp
|
|upkeep
|inactive|doritolover1 has 120 seconds left.
|
|t:|1779850272
|switch|p2a: Hippowdon|Hippowdon, M|58/100
|switch|p1a: Moltres|Moltres-Galar|100/100
|-weather|Sandstorm|[from] ability: Sand Stream|[of] p2a: Hippowdon
|turn|9
|inactive|doritolover1 has 120 seconds left.
|
|t:|1779850279
|switch|p1a: Pelipper|Pelipper, F|77/100
|-weather|RainDance|[from] ability: Drizzle|[of] p1a: Pelipper
|move|p2a: Hippowdon|Body Slam|p1a: Pelipper
|-damage|p1a: Pelipper|54/100
|
|-weather|RainDance|[upkeep]
|-heal|p1a: Pelipper|60/100|[from] item: Leftovers
|upkeep
|turn|10
|inactive|doritolover1 has 120 seconds left.
|
|t:|1779850295
|move|p1a: Pelipper|Tailwind|p1a: Pelipper
|-sidestart|p1: doritolover1|move: Tailwind
|move|p2a: Hippowdon|Body Slam|p1a: Pelipper
|-damage|p1a: Pelipper|38/100
|
|-weather|RainDance|[upkeep]
|-heal|p1a: Pelipper|44/100|[from] item: Leftovers
|upkeep
|turn|11
|inactive|doritolover1 has 120 seconds left.
|
|t:|1779850303
|move|p1a: Pelipper|Weather Ball|p2a: Hippowdon
|-supereffective|p2a: Hippowdon
|-damage|p2a: Hippowdon|0 fnt
|faint|p2a: Hippowdon
|
|-weather|RainDance|[upkeep]
|-heal|p1a: Pelipper|50/100|[from] item: Leftovers
|upkeep
|
|t:|1779850315
|switch|p2a: Ambipom|Ambipom, M|100/100
|turn|12
|
|t:|1779850329
|move|p2a: Ambipom|Fake Out|p1a: Pelipper
|-damage|p1a: Pelipper|30/100
|cant|p1a: Pelipper|flinch
|
|-weather|RainDance|[upkeep]
|-heal|p1a: Pelipper|36/100|[from] item: Leftovers
|upkeep
|turn|13
|
|t:|1779850333
|move|p2a: Ambipom|Covet|p1a: Pelipper
|-damage|p1a: Pelipper|8/100
|move|p1a: Pelipper|Roost|p1a: Pelipper
|-heal|p1a: Pelipper|58/100
|-singleturn|p1a: Pelipper|move: Roost
|
|-weather|none
|-heal|p1a: Pelipper|64/100|[from] item: Leftovers
|-sideend|p1: doritolover1|move: Tailwind
|upkeep
|turn|14
|
|t:|1779850353
|move|p2a: Ambipom|Triple Axel|p1a: Pelipper
|-damage|p1a: Pelipper|57/100
|-damage|p1a: Pelipper|43/100
|-damage|p1a: Pelipper|22/100
|-hitcount|p1a: Pelipper|3
|move|p1a: Pelipper|Hurricane|p2a: Ambipom
|-damage|p2a: Ambipom|36/100
|
|-heal|p1a: Pelipper|29/100|[from] item: Leftovers
|upkeep
|turn|15
|inactive|doritolover1 has 120 seconds left.
|
|t:|1779850373
|switch|p1a: Tornadus|Tornadus-Therian, M|100/100
|move|p2a: Ambipom|Triple Axel|p1a: Tornadus
|-supereffective|p1a: Tornadus
|-damage|p1a: Tornadus|76/100
|-supereffective|p1a: Tornadus
|-damage|p1a: Tornadus|33/100
|-supereffective|p1a: Tornadus
|-damage|p1a: Tornadus|0 fnt
|faint|p1a: Tornadus
|-hitcount|p1: Tornadus|3
|
|upkeep
|inactive|doritolover1 has 120 seconds left.
|
|t:|1779850382
|switch|p1a: Talonflame|Talonflame, F|100/100
|turn|16
|
|t:|1779850389
|move|p1a: Talonflame|Brave Bird|p2a: Ambipom
|-damage|p2a: Ambipom|0 fnt
|faint|p2a: Ambipom
|-damage|p1a: Talonflame|89/100|[from] Recoil
|
|upkeep
|
|t:|1779850394
|switch|p2a: Minior|Minior, shiny|100/100
|-formechange|p2a: Minior|Minior-Meteor||[from] ability: Shields Down
|turn|17
|
|t:|1779850408
|switch|p1a: Pelipper|Pelipper, F|29/100
|-weather|RainDance|[from] ability: Drizzle|[of] p1a: Pelipper
|move|p2a: Minior|Shell Smash|p2a: Minior
|-unboost|p2a: Minior|def|1
|-unboost|p2a: Minior|spd|1
|-boost|p2a: Minior|atk|2
|-boost|p2a: Minior|spa|2
|-boost|p2a: Minior|spe|2
|-enditem|p2a: Minior|White Herb
|-clearnegativeboost|p2a: Minior|[silent]
|
|-weather|RainDance|[upkeep]
|-heal|p1a: Pelipper|35/100|[from] item: Leftovers
|upkeep
|turn|18
|
|t:|1779850422
|move|p2a: Minior|Stone Edge|p1a: Pelipper
|-supereffective|p1a: Pelipper
|-damage|p1a: Pelipper|0 fnt
|faint|p1a: Pelipper
|
|-weather|RainDance|[upkeep]
|upkeep
|
|t:|1779850438
|switch|p1a: Kilowattrel|Kilowattrel, F|100/100
|turn|19
|
|t:|1779850445
|move|p2a: Minior|Stone Edge|p1a: Kilowattrel
|-supereffective|p1a: Kilowattrel
|-damage|p1a: Kilowattrel|0 fnt
|faint|p1a: Kilowattrel
|
|-weather|RainDance|[upkeep]
|upkeep
|
|t:|1779850447
|switch|p1a: Talonflame|Talonflame, F|89/100
|turn|20
|
|t:|1779850456
|move|p2a: Minior|Stone Edge|p1a: Talonflame
|-supereffective|p1a: Talonflame
|-crit|p1a: Talonflame
|-damage|p1a: Talonflame|0 fnt
|faint|p1a: Talonflame
|
|-weather|RainDance|[upkeep]
|upkeep
|
|t:|1779850463
|switch|p1a: Moltres|Moltres-Galar|100/100
|turn|21
|
|t:|1779850469
|-terastallize|p1a: Moltres|Dark
|move|p2a: Minior|Stone Edge|p1a: Moltres
|-damage|p1a: Moltres|21/100
|-ability|p1a: Moltres|Berserk|boost
|-boost|p1a: Moltres|spa|1
|move|p1a: Moltres|Fiery Wrath|p2a: Minior
|-damage|p2a: Minior|0 fnt
|faint|p2a: Minior
|
|-weather|none
|upkeep
|
|t:|1779850474
|switch|p2a: Basculin|Basculin-White-Striped, M|100/100
|turn|22
|
|t:|1779850484
|move|p2a: Basculin|Aqua Jet|p1a: Moltres
|-damage|p1a: Moltres|0 fnt
|faint|p1a: Moltres
|
|win|oreki350
|raw|doritolover1's rating: 1091 &rarr; <strong>1071</strong><br />(-20 for losing)
|raw|oreki350's rating: 1142 &rarr; <strong>1163</strong><br />(+21 for winning)
|l|☆doritolover1
|player|p1|
|l|☆oreki350
|player|p2|
