|j|☆Enma(DC)
|j|☆underestima....
|t:|1779808507
|gametype|singles
|player|p1|Enma(DC)|lusamine-nihilego|1145
|player|p2|underestima....|266|1108
|gen|9
|tier|[Gen 9] OU
|rated|
|rule|HP Percentage Mod: HP is shown in percentages
|rule|Endless Battle Clause: Forcing endless battles is banned
|rule|Species Clause: Limit one of each Pokémon
|rule|OHKO Clause: OHKO moves are banned
|rule|Evasion Items Clause: Evasion items are banned
|rule|Evasion Moves Clause: Evasion moves are banned
|rule|Evasion Abilities Clause: Evasion abilities are banned
|rule|Sleep Moves Clause: Sleep-inducing moves are banned
|clearpoke
|poke|p1|Samurott-Hisui, F|
|poke|p1|Deoxys-Speed|
|poke|p1|Ogerpon-Wellspring, F|
|poke|p1|Great Tusk|
|poke|p1|Pecharunt|
|poke|p1|Heatran, M|
|poke|p2|Kingambit, M|
|poke|p2|Zapdos-Galar|
|poke|p2|Blastoise, M|
|poke|p2|Revavroom, M|
|poke|p2|Haxorus, F|
|poke|p2|Primarina, F|
|teampreview
|inactive|Battle timer is ON: inactive players will automatically lose when time's up. (requested by Enma(DC))
|inactive|Enma(DC) has 120 seconds left.
|inactive|Enma(DC) has 90 seconds left.
|
|t:|1779808592
|teamsize|p1|6
|teamsize|p2|6
|start
|switch|p1a: Old Ant|Samurott-Hisui, F|100/100
|switch|p2a: Revavroom|Revavroom, M|100/100
|-item|p2a: Revavroom|Air Balloon
|turn|1
|inactive|Enma(DC) has 120 seconds left.
|
|t:|1779808615
|move|p2a: Revavroom|Shift Gear|p2a: Revavroom
|-boost|p2a: Revavroom|spe|2
|-boost|p2a: Revavroom|atk|1
|move|p1a: Old Ant|Ceaseless Edge|p2a: Revavroom
|-damage|p2a: Revavroom|41/100
|-enditem|p2a: Revavroom|Air Balloon
|-sidestart|p2: underestima....|Spikes
|
|upkeep
|turn|2
|
|t:|1779808623
|-terastallize|p2a: Revavroom|Poison
|move|p1a: Old Ant|Sucker Punch|p2a: Revavroom
|-damage|p2a: Revavroom|0 fnt
|faint|p2a: Revavroom
|
|upkeep
|
|t:|1779808629
|switch|p2a: Primarina|Primarina, F|100/100
|-damage|p2a: Primarina|88/100|[from] Spikes
|turn|3
|c|☆Enma(DC)|bleh
|c|☆underestima....|Aw poo
|
|t:|1779808641
|switch|p1a: Peachy|Pecharunt|100/100
|move|p2a: Primarina|Moonblast|p1a: Peachy
|-resisted|p1a: Peachy
|-damage|p1a: Peachy|76/100
|-unboost|p1a: Peachy|spa|1
|
|-heal|p1a: Peachy|82/100|[from] item: Leftovers
|upkeep
|turn|4
|
|t:|1779808649
|switch|p2a: Kingambit|Kingambit, M|100/100
|-damage|p2a: Kingambit|88/100|[from] Spikes
|-activate|p2a: Kingambit|ability: Supreme Overlord
|-start|p2a: Kingambit|fallen1|[silent]
|move|p1a: Peachy|Toxic|p2a: Kingambit
|-immune|p2a: Kingambit
|
|-heal|p1a: Peachy|88/100|[from] item: Leftovers
|-heal|p2a: Kingambit|94/100|[from] item: Leftovers
|upkeep
|turn|5
|
|t:|1779808657
|switch|p1a: Old Ant|Samurott-Hisui, F|100/100
|move|p2a: Kingambit|Kowtow Cleave|p1a: Old Ant
|-resisted|p1a: Old Ant
|-damage|p1a: Old Ant|66/100
|
|-heal|p2a: Kingambit|99/100|[from] item: Leftovers
|upkeep
|turn|6
|
|t:|1779808666
|-end|p2a: Kingambit|fallen1|[silent]
|switch|p2a: Primarina|Primarina, F|88/100
|-damage|p2a: Primarina|76/100|[from] Spikes
|move|p1a: Old Ant|Sacred Sword|p2a: Primarina
|-resisted|p2a: Primarina
|-damage|p2a: Primarina|47/100
|
|upkeep
|turn|7
|
|t:|1779808681
|switch|p1a: Peachy|Pecharunt|88/100
|move|p2a: Primarina|Moonblast|p1a: Peachy
|-resisted|p1a: Peachy
|-damage|p1a: Peachy|62/100
|
|-heal|p1a: Peachy|68/100|[from] item: Leftovers
|upkeep
|turn|8
|
|t:|1779808689
|move|p1a: Peachy|Toxic|p2a: Primarina
|-status|p2a: Primarina|tox
|-start|p2a: Primarina|confusion|[from] ability: Poison Puppeteer|[of] p1a: Peachy
|-activate|p2a: Primarina|confusion
|move|p2a: Primarina|Alluring Voice|p1a: Peachy
|-damage|p1a: Peachy|27/100
|
|-heal|p1a: Peachy|33/100|[from] item: Leftovers
|-damage|p2a: Primarina|41/100 tox|[from] psn
|upkeep
|turn|9
|
|t:|1779808706
|switch|p2a: Kingambit|Kingambit, M|99/100
|-damage|p2a: Kingambit|88/100|[from] Spikes
|-activate|p2a: Kingambit|ability: Supreme Overlord
|-start|p2a: Kingambit|fallen1|[silent]
|move|p1a: Peachy|Substitute|p1a: Peachy
|-start|p1a: Peachy|Substitute
|-damage|p1a: Peachy|8/100
|
|-heal|p1a: Peachy|14/100|[from] item: Leftovers
|-heal|p2a: Kingambit|94/100|[from] item: Leftovers
|upkeep
|turn|10
|
|t:|1779808715
|move|p1a: Peachy|Recover|p1a: Peachy
|-heal|p1a: Peachy|64/100
|move|p2a: Kingambit|Kowtow Cleave|p1a: Peachy
|-supereffective|p1a: Peachy
|-end|p1a: Peachy|Substitute
|
|-heal|p1a: Peachy|70/100|[from] item: Leftovers
|-heal|p2a: Kingambit|99/100|[from] item: Leftovers
|upkeep
|turn|11
|
|t:|1779808723
|switch|p1a: Airon Defense|Heatran, M|100/100
|move|p2a: Kingambit|Kowtow Cleave|p1a: Airon Defense
|-damage|p1a: Airon Defense|55/100
|-damage|p2a: Kingambit|83/100|[from] item: Rocky Helmet|[of] p1a: Airon Defense
|
|-heal|p2a: Kingambit|90/100|[from] item: Leftovers
|upkeep
|turn|12
|
|t:|1779808733
|-end|p2a: Kingambit|fallen1|[silent]
|switch|p2a: Primarina|Primarina, F|41/100 tox
|-damage|p2a: Primarina|29/100 tox|[from] Spikes
|move|p1a: Airon Defense|Fire Blast|p2a: Primarina
|-resisted|p2a: Primarina
|-damage|p2a: Primarina|10/100 tox
|
|-damage|p2a: Primarina|4/100 tox|[from] psn
|upkeep
|turn|13
|
|t:|1779808743
|switch|p1a: Onyun|Ogerpon-Wellspring, F|100/100
|move|p2a: Primarina|Alluring Voice|p1a: Onyun
|-immune|p1a: Onyun|[from] ability: Water Absorb
|
|-damage|p2a: Primarina|0 fnt|[from] psn
|faint|p2a: Primarina
|upkeep
|
|t:|1779808755
|switch|p2a: Haxorus|Haxorus, F|100/100
|-damage|p2a: Haxorus|88/100|[from] Spikes
|-ability|p2a: Haxorus|Mold Breaker
|turn|14
|
|t:|1779808765
|move|p2a: Haxorus|Poison Jab|p1a: Onyun
|-supereffective|p1a: Onyun
|-damage|p1a: Onyun|0 fnt
|faint|p1a: Onyun
|-damage|p2a: Haxorus|78/100|[from] item: Life Orb
|
|upkeep
|
|t:|1779808788
|switch|p1a: Peachy|Pecharunt|70/100
|turn|15
|
|t:|1779808792
|move|p2a: Haxorus|Earthquake|p1a: Peachy
|-supereffective|p1a: Peachy
|-damage|p1a: Peachy|11/100
|-damage|p2a: Haxorus|68/100|[from] item: Life Orb
|move|p1a: Peachy|Toxic|p2a: Haxorus
|-status|p2a: Haxorus|tox
|-start|p2a: Haxorus|confusion|[from] ability: Poison Puppeteer|[of] p1a: Peachy
|
|-heal|p1a: Peachy|17/100|[from] item: Leftovers
|-damage|p2a: Haxorus|62/100 tox|[from] psn
|upkeep
|turn|16
|
|t:|1779808802
|-activate|p2a: Haxorus|confusion
|move|p2a: Haxorus|Earthquake|p1a: Peachy
|-supereffective|p1a: Peachy
|-damage|p1a: Peachy|0 fnt
|faint|p1a: Peachy
|-damage|p2a: Haxorus|52/100 tox|[from] item: Life Orb
|
|-damage|p2a: Haxorus|40/100 tox|[from] psn
|upkeep
|
|t:|1779808811
|switch|p1a: Old Ant|Samurott-Hisui, F|66/100
|turn|17
|
|t:|1779808813
|-activate|p2a: Haxorus|confusion
|-damage|p2a: Haxorus|22/100 tox|[from] confusion
|move|p1a: Old Ant|Ceaseless Edge|p2a: Haxorus
|-damage|p2a: Haxorus|0 fnt
|-sidestart|p2: underestima....|Spikes
|faint|p2a: Haxorus
|
|upkeep
|
|t:|1779808819
|switch|p2a: Zapdos|Zapdos-Galar|100/100
|turn|18
|
|t:|1779808827
|switch|p1a: Airon Defense|Heatran, M|55/100
|move|p2a: Zapdos|Thunderous Kick|p1a: Airon Defense
|-supereffective|p1a: Airon Defense
|-damage|p1a: Airon Defense|0 fnt
|-damage|p2a: Zapdos|84/100|[from] item: Rocky Helmet|[of] p1a: Airon Defense
|faint|p1a: Airon Defense
|
|upkeep
|
|t:|1779808838
|switch|p1a: Mamoth|Great Tusk|100/100
|-enditem|p1a: Mamoth|Booster Energy
|-activate|p1a: Mamoth|ability: Protosynthesis|[fromitem]
|-start|p1a: Mamoth|protosynthesisspe
|turn|19
|
|t:|1779808845
|switch|p2a: Blastoise|Blastoise, M|100/100
|-damage|p2a: Blastoise|84/100|[from] Spikes
|move|p1a: Mamoth|Stealth Rock|p2a: Blastoise
|-sidestart|p2: underestima....|move: Stealth Rock
|
|upkeep
|turn|20
|
|t:|1779808854
|-end|p1a: Mamoth|Protosynthesis|[silent]
|switch|p1a: IShowSpeed|Deoxys-Speed|100/100
|-ability|p1a: IShowSpeed|Pressure
|move|p2a: Blastoise|Hydro Pump|p1a: IShowSpeed
|-damage|p1a: IShowSpeed|30/100
|
|upkeep
|turn|21
|c|☆underestima....|Wanna see something funny
|
|t:|1779808863
|move|p1a: IShowSpeed|Thunderbolt|p2a: Blastoise
|-supereffective|p2a: Blastoise
|-damage|p2a: Blastoise|11/100
|-damage|p1a: IShowSpeed|20/100|[from] item: Life Orb
|move|p2a: Blastoise|Hydro Pump|p1a: IShowSpeed
|-damage|p1a: IShowSpeed|0 fnt
|faint|p1a: IShowSpeed
|
|upkeep
|c|☆underestima....|Aw you swapped
|
|t:|1779808871
|switch|p1a: Old Ant|Samurott-Hisui, F|66/100
|turn|22
|
|t:|1779808873
|move|p1a: Old Ant|Sucker Punch|p2a: Blastoise
|-damage|p2a: Blastoise|0 fnt
|faint|p2a: Blastoise
|
|upkeep
|
|t:|1779808877
|switch|p2a: Zapdos|Zapdos-Galar|84/100
|-damage|p2a: Zapdos|72/100|[from] Stealth Rock
|turn|23
|
|t:|1779808897
|switch|p1a: Mamoth|Great Tusk|100/100
|move|p2a: Zapdos|Brave Bird|p1a: Mamoth
|-supereffective|p1a: Mamoth
|-crit|p1a: Mamoth
|-damage|p1a: Mamoth|0 fnt
|faint|p1a: Mamoth
|-end|p1a: Mamoth|Protosynthesis|[silent]
|-damage|p2a: Zapdos|27/100|[from] Recoil
|
|upkeep
|
|t:|1779808905
|switch|p1a: Old Ant|Samurott-Hisui, F|66/100
|turn|24
|
|t:|1779808908
|move|p1a: Old Ant|Sucker Punch|p2a: Zapdos
|-resisted|p2a: Zapdos
|-damage|p2a: Zapdos|9/100
|move|p2a: Zapdos|Brave Bird|p1a: Old Ant
|-damage|p1a: Old Ant|0 fnt
|faint|p1a: Old Ant
|-damage|p2a: Zapdos|0 fnt|[from] Recoil
|faint|p2a: Zapdos
|
|win|underestima....
|raw|Enma(DC)'s rating: 1145 &rarr; <strong>1117</strong><br />(-28 for losing)
|raw|underestima....'s rating: 1108 &rarr; <strong>1136</strong><br />(+28 for winning)
|c|☆underestima....|ggs
|c|☆Enma(DC)|gg
|l|☆underestima....
|player|p2|
|l|☆Enma(DC)
|player|p1|
