|j|☆Spinio
|j|☆White Boy SZN
|t:|1779812757
|gametype|singles
|player|p1|Spinio|266|1379
|player|p2|White Boy SZN|blue-gen7|1447
|gen|9
|tier|[Gen 9] OU
|rated|
|rule|HP Percentage Mod: HP is shown in percentages
|rule|Endless Battle Clause: Forcing endless battles is banned
|rule|Species Clause: Limit one of each Pokémon
|rule|OHKO Clause: OHKO moves are banned
|rule|Evasion Items Clause: Evasion items are banned
|rule|Evasion Moves Clause: Evasion moves are banned
|rule|Evasion Abilities Clause: Evasion abilities are banned
|rule|Sleep Moves Clause: Sleep-inducing moves are banned
|clearpoke
|poke|p1|Kyurem|
|poke|p1|Corviknight, M|
|poke|p1|Ting-Lu|
|poke|p1|Dondozo, M|
|poke|p1|Slowking-Galar, M|
|poke|p1|Cinderace, F|
|poke|p2|Electrode-Hisui|
|poke|p2|Iron Crown|
|poke|p2|Darkrai|
|poke|p2|Glimmora, F|
|poke|p2|Landorus-Therian, M|
|poke|p2|Ogerpon, F|
|teampreview
|
|t:|1779812787
|teamsize|p1|6
|teamsize|p2|6
|start
|switch|p1a: Kyurem|Kyurem|100/100
|switch|p2a: Glimmora|Glimmora, F|100/100
|-ability|p1a: Kyurem|Pressure
|-item|p2a: Glimmora|Air Balloon
|turn|1
|
|t:|1779812793
|move|p1a: Kyurem|Substitute|p1a: Kyurem
|-start|p1a: Kyurem|Substitute
|-damage|p1a: Kyurem|75/100
|move|p2a: Glimmora|Stealth Rock|p1a: Kyurem
|-sidestart|p1: Spinio|move: Stealth Rock
|
|-heal|p1a: Kyurem|82/100|[from] item: Leftovers
|upkeep
|turn|2
|
|t:|1779812796
|move|p1a: Kyurem|Freeze-Dry|p2a: Glimmora
|-damage|p2a: Glimmora|61/100
|-enditem|p2a: Glimmora|Air Balloon
|move|p2a: Glimmora|Power Gem|p1a: Kyurem
|-supereffective|p1a: Kyurem
|-end|p1a: Kyurem|Substitute
|
|-heal|p1a: Kyurem|88/100|[from] item: Leftovers
|upkeep
|turn|3
|
|t:|1779812803
|switch|p2a: Iron Crown|Iron Crown|100/100
|move|p1a: Kyurem|Substitute|p1a: Kyurem
|-start|p1a: Kyurem|Substitute
|-damage|p1a: Kyurem|63/100
|
|-heal|p1a: Kyurem|69/100|[from] item: Leftovers
|upkeep
|turn|4
|
|t:|1779812809
|move|p2a: Iron Crown|Tachyon Cutter|p1a: Kyurem
|-supereffective|p1a: Kyurem
|-end|p1a: Kyurem|Substitute
|-supereffective|p1a: Kyurem
|-damage|p1a: Kyurem|19/100
|-hitcount|p1a: Kyurem|2
|move|p1a: Kyurem|Earth Power|p2a: Iron Crown
|-supereffective|p2a: Iron Crown
|-damage|p2a: Iron Crown|63/100
|
|-heal|p1a: Kyurem|25/100|[from] item: Leftovers
|upkeep
|turn|5
|
|t:|1779812820
|switch|p1a: Slowking|Slowking-Galar, M|100/100
|move|p2a: Iron Crown|Tachyon Cutter|p1a: Slowking
|-damage|p1a: Slowking|86/100
|-crit|p1a: Slowking
|-damage|p1a: Slowking|65/100
|-hitcount|p1a: Slowking|2
|
|upkeep
|turn|6
|
|t:|1779812829
|move|p2a: Iron Crown|Volt Switch|p1a: Slowking
|-damage|p1a: Slowking|52/100
|
|t:|1779812833
|-end|p2a: Iron Crown|Quark Drive|[silent]
|switch|p2a: Landorus|Landorus-Therian, M|100/100|[from] Volt Switch
|-ability|p2a: Landorus|Intimidate|boost
|-unboost|p1a: Slowking|atk|1
|-prepare|p1a: Slowking|Chilly Reception|[premajor]
|move|p1a: Slowking|Chilly Reception|p1a: Slowking
|-weather|Snowscape
|
|t:|1779812862
|switch|p1a: Corviknight|Corviknight, M|100/100|[from] Chilly Reception
|-damage|p1a: Corviknight|88/100|[from] Stealth Rock
|-ability|p1a: Corviknight|Pressure
|
|-weather|Snowscape|[upkeep]
|upkeep
|turn|7
|
|t:|1779812872
|move|p2a: Landorus|U-turn|p1a: Corviknight
|-resisted|p1a: Corviknight
|-damage|p1a: Corviknight|84/100
|-damage|p2a: Landorus|84/100|[from] item: Rocky Helmet|[of] p1a: Corviknight
|
|t:|1779812878
|switch|p2a: Electrode|Electrode-Hisui|100/100|[from] U-turn
|move|p1a: Corviknight|Defog|p2a: Electrode
|-unboost|p2a: Electrode|evasion|1
|-sideend|p1: Spinio|Stealth Rock|[from] move: Defog|[of] p1a: Corviknight
|
|-weather|Snowscape|[upkeep]
|upkeep
|turn|8
|
|t:|1779812899
|switch|p1a: Slowking|Slowking-Galar, M|85/100
|move|p2a: Electrode|Thunder Wave|p1a: Slowking
|-status|p1a: Slowking|par
|
|-weather|Snowscape|[upkeep]
|upkeep
|turn|9
|
|t:|1779812904
|move|p2a: Electrode|Taunt|p1a: Slowking
|-start|p1a: Slowking|move: Taunt
|cant|p1a: Slowking|move: Taunt|Toxic
|
|-weather|Snowscape|[upkeep]
|upkeep
|turn|10
|
|t:|1779812910
|move|p2a: Electrode|Volt Switch|p1a: Slowking
|-damage|p1a: Slowking|74/100 par
|
|t:|1779812915
|switch|p2a: Landorus|Landorus-Therian, M|84/100|[from] Volt Switch
|-ability|p2a: Landorus|Intimidate|boost
|-unboost|p1a: Slowking|atk|1
|move|p1a: Slowking|Future Sight|p2a: Landorus
|-start|p1a: Slowking|move: Future Sight
|
|-weather|none
|upkeep
|turn|11
|
|t:|1779812925
|switch|p1a: Corviknight|Corviknight, M|84/100
|-ability|p1a: Corviknight|Pressure
|move|p2a: Landorus|Stealth Rock|p1a: Corviknight
|-sidestart|p1: Spinio|move: Stealth Rock
|
|upkeep
|turn|12
|
|t:|1779812933
|move|p2a: Landorus|U-turn|p1a: Corviknight
|-resisted|p1a: Corviknight
|-damage|p1a: Corviknight|80/100
|-damage|p2a: Landorus|67/100|[from] item: Rocky Helmet|[of] p1a: Corviknight
|
|t:|1779812936
|switch|p2a: Darkrai|Darkrai|100/100|[from] U-turn
|move|p1a: Corviknight|Defog|p2a: Darkrai
|-unboost|p2a: Darkrai|evasion|1
|-sideend|p1: Spinio|Stealth Rock|[from] move: Defog|[of] p1a: Corviknight
|
|-end|p2a: Darkrai|move: Future Sight
|-immune|p2a: Darkrai
|upkeep
|turn|13
|
|t:|1779812945
|move|p2a: Darkrai|Nasty Plot|p2a: Darkrai
|-boost|p2a: Darkrai|spa|2
|move|p1a: Corviknight|U-turn|p2a: Darkrai
|-supereffective|p2a: Darkrai
|-damage|p2a: Darkrai|63/100
|
|t:|1779812961
|switch|p1a: Ting-Lu|Ting-Lu|100/100|[from] U-turn
|-ability|p1a: Ting-Lu|Vessel of Ruin
|
|upkeep
|turn|14
|
|t:|1779812967
|move|p2a: Darkrai|Ice Beam|p1a: Ting-Lu
|-supereffective|p1a: Ting-Lu
|-damage|p1a: Ting-Lu|48/100
|move|p1a: Ting-Lu|Earthquake|p2a: Darkrai
|-damage|p2a: Darkrai|15/100
|
|-heal|p1a: Ting-Lu|55/100|[from] item: Leftovers
|upkeep
|turn|15
|
|t:|1779812975
|-terastallize|p1a: Ting-Lu|Water
|move|p2a: Darkrai|Ice Beam|p1a: Ting-Lu
|-resisted|p1a: Ting-Lu
|-damage|p1a: Ting-Lu|41/100
|move|p1a: Ting-Lu|Payback|p2a: Darkrai
|-resisted|p2a: Darkrai
|-damage|p2a: Darkrai|0 fnt
|faint|p2a: Darkrai
|
|-heal|p1a: Ting-Lu|47/100|[from] item: Leftovers
|upkeep
|
|t:|1779812980
|switch|p2a: Electrode|Electrode-Hisui|100/100
|turn|16
|
|t:|1779812991
|move|p2a: Electrode|Volt Switch|p1a: Ting-Lu
|-supereffective|p1a: Ting-Lu
|-damage|p1a: Ting-Lu|29/100
|
|t:|1779812994
|switch|p2a: Glimmora|Glimmora, F|61/100|[from] Volt Switch
|move|p1a: Ting-Lu|Rest|p1a: Ting-Lu
|-status|p1a: Ting-Lu|slp|[from] move: Rest
|-heal|p1a: Ting-Lu|100/100 slp|[silent]
|
|upkeep
|turn|17
|
|t:|1779813003
|switch|p1a: Cinderace|Cinderace, F|100/100
|move|p2a: Glimmora|Stealth Rock|p1a: Cinderace
|-sidestart|p1: Spinio|move: Stealth Rock
|
|upkeep
|turn|18
|
|t:|1779813008
|move|p1a: Cinderace|Court Change|p1a: Cinderace
|-swapsideconditions
|-activate|p1a: Cinderace|move: Court Change
|move|p2a: Glimmora|Mortal Spin|p1a: Cinderace
|-damage|p1a: Cinderace|94/100
|-status|p1a: Cinderace|psn
|-sideend|p2: White Boy SZN|Stealth Rock|[from] move: Mortal Spin|[of] p2a: Glimmora
|
|-damage|p1a: Cinderace|81/100 psn|[from] psn
|upkeep
|turn|19
|
|t:|1779813016
|move|p1a: Cinderace|Pyro Ball|p2a: Glimmora
|-resisted|p2a: Glimmora
|-damage|p2a: Glimmora|42/100
|-status|p2a: Glimmora|brn
|-activate|p2a: Glimmora|ability: Toxic Debris
|-sidestart|p1: Spinio|move: Toxic Spikes
|move|p2a: Glimmora|Stealth Rock|p1a: Cinderace
|-sidestart|p1: Spinio|move: Stealth Rock
|
|-damage|p1a: Cinderace|69/100 psn|[from] psn
|-damage|p2a: Glimmora|36/100 brn|[from] brn
|upkeep
|turn|20
|
|t:|1779813036
|move|p1a: Cinderace|Court Change|p1a: Cinderace
|-swapsideconditions
|-activate|p1a: Cinderace|move: Court Change
|move|p2a: Glimmora|Mortal Spin|p1a: Cinderace
|-damage|p1a: Cinderace|66/100 psn
|-sideend|p2: White Boy SZN|Toxic Spikes|[from] move: Mortal Spin|[of] p2a: Glimmora
|-sideend|p2: White Boy SZN|Stealth Rock|[from] move: Mortal Spin|[of] p2a: Glimmora
|
|-damage|p1a: Cinderace|53/100 psn|[from] psn
|-damage|p2a: Glimmora|30/100 brn|[from] brn
|upkeep
|turn|21
|
|t:|1779813046
|move|p1a: Cinderace|U-turn|p2a: Glimmora
|-resisted|p2a: Glimmora
|-damage|p2a: Glimmora|23/100 brn
|-activate|p2a: Glimmora|ability: Toxic Debris
|-sidestart|p1: Spinio|move: Toxic Spikes
|
|t:|1779813049
|switch|p1a: Slowking|Slowking-Galar, M|100/100 par|[from] U-turn
|-sideend|p1: Spinio|move: Toxic Spikes|[of] p1a: Slowking
|move|p2a: Glimmora|Stealth Rock|p1a: Slowking
|-sidestart|p1: Spinio|move: Stealth Rock
|
|-damage|p2a: Glimmora|16/100 brn|[from] brn
|upkeep
|turn|22
|
|t:|1779813056
|switch|p2a: Iron Crown|Iron Crown|63/100
|-prepare|p1a: Slowking|Chilly Reception|[premajor]
|cant|p1a: Slowking|par
|
|upkeep
|turn|23
|
|t:|1779813062
|move|p2a: Iron Crown|Future Sight|p1a: Slowking
|-start|p2a: Iron Crown|move: Future Sight
|-prepare|p1a: Slowking|Chilly Reception|[premajor]
|move|p1a: Slowking|Chilly Reception|p1a: Slowking
|-weather|Snowscape
|
|t:|1779813067
|switch|p1a: Cinderace|Cinderace, F|53/100 psn|[from] Chilly Reception
|
|-weather|Snowscape|[upkeep]
|-damage|p1a: Cinderace|41/100 psn|[from] psn
|upkeep
|turn|24
|
|t:|1779813079
|-end|p2a: Iron Crown|Quark Drive|[silent]
|switch|p2a: Glimmora|Glimmora, F|16/100 brn
|move|p1a: Cinderace|Pyro Ball|p2a: Glimmora
|-resisted|p2a: Glimmora
|-damage|p2a: Glimmora|0 fnt
|-activate|p2a: Glimmora|ability: Toxic Debris
|-sidestart|p1: Spinio|move: Toxic Spikes
|faint|p2a: Glimmora
|
|-weather|Snowscape|[upkeep]
|-damage|p1a: Cinderace|29/100 psn|[from] psn
|upkeep
|
|t:|1779813084
|switch|p2a: Electrode|Electrode-Hisui|100/100
|turn|25
|
|t:|1779813088
|move|p2a: Electrode|Volt Switch|p1a: Cinderace
|-damage|p1a: Cinderace|1/100 psn
|
|t:|1779813093
|switch|p2a: Landorus|Landorus-Therian, M|67/100|[from] Volt Switch
|-ability|p2a: Landorus|Intimidate|boost
|-unboost|p1a: Cinderace|atk|1
|move|p1a: Cinderace|Court Change|p1a: Cinderace
|-swapsideconditions
|-activate|p1a: Cinderace|move: Court Change
|
|-weather|Snowscape|[upkeep]
|-end|p1a: Cinderace|move: Future Sight
|-damage|p1a: Cinderace|0 fnt
|faint|p1a: Cinderace
|upkeep
|
|t:|1779813100
|switch|p1a: Kyurem|Kyurem|25/100
|-ability|p1a: Kyurem|Pressure
|turn|26
|
|t:|1779813118
|move|p1a: Kyurem|Earth Power|p2a: Landorus
|-immune|p2a: Landorus
|move|p2a: Landorus|Earthquake|p1a: Kyurem
|-damage|p1a: Kyurem|0 fnt
|faint|p1a: Kyurem
|
|-weather|Snowscape|[upkeep]
|upkeep
|
|t:|1779813124
|switch|p1a: Dondozo|Dondozo, M|100/100
|turn|27
|
|t:|1779813127
|move|p2a: Landorus|Stealth Rock|p1a: Dondozo
|-sidestart|p1: Spinio|move: Stealth Rock
|move|p1a: Dondozo|Curse|p1a: Dondozo
|-unboost|p1a: Dondozo|spe|1
|-boost|p1a: Dondozo|atk|1
|-boost|p1a: Dondozo|def|1
|
|-weather|none
|upkeep
|turn|28
|
|t:|1779813132
|move|p2a: Landorus|U-turn|p1a: Dondozo
|-damage|p1a: Dondozo|92/100
|
|t:|1779813134
|switch|p2a: Electrode|Electrode-Hisui|100/100|[from] U-turn
|move|p1a: Dondozo|Curse|p1a: Dondozo
|-unboost|p1a: Dondozo|spe|1
|-boost|p1a: Dondozo|atk|1
|-boost|p1a: Dondozo|def|1
|
|-heal|p1a: Dondozo|98/100|[from] item: Leftovers
|upkeep
|turn|29
|
|t:|1779813143
|move|p2a: Electrode|Leaf Storm|p1a: Dondozo
|-supereffective|p1a: Dondozo
|-damage|p1a: Dondozo|25/100
|-unboost|p2a: Electrode|spa|2
|move|p1a: Dondozo|Body Press|p2a: Electrode
|-damage|p2a: Electrode|32/100
|
|-heal|p1a: Dondozo|31/100|[from] item: Leftovers
|upkeep
|turn|30
|
|t:|1779813157
|move|p2a: Electrode|Volt Switch|p1a: Dondozo
|-supereffective|p1a: Dondozo
|-damage|p1a: Dondozo|0 fnt
|faint|p1a: Dondozo
|
|t:|1779813164
|switch|p2a: Iron Crown|Iron Crown|63/100|[from] Volt Switch
|-damage|p2a: Iron Crown|57/100|[from] Stealth Rock
|
|upkeep
|
|t:|1779813170
|switch|p1a: Ting-Lu|Ting-Lu, tera:Water|100/100 slp
|-damage|p1a: Ting-Lu|88/100 slp|[from] Stealth Rock
|-ability|p1a: Ting-Lu|Vessel of Ruin
|turn|31
|
|t:|1779813178
|move|p2a: Iron Crown|Future Sight|p1a: Ting-Lu
|-start|p2a: Iron Crown|move: Future Sight
|cant|p1a: Ting-Lu|slp
|
|-heal|p1a: Ting-Lu|94/100 slp|[from] item: Leftovers
|upkeep
|turn|32
|
|t:|1779813180
|move|p2a: Iron Crown|Volt Switch|p1a: Ting-Lu
|-supereffective|p1a: Ting-Lu
|-damage|p1a: Ting-Lu|76/100 slp
|
|t:|1779813184
|-end|p2a: Iron Crown|Quark Drive|[silent]
|switch|p2a: Ogerpon|Ogerpon, F|100/100|[from] Volt Switch
|cant|p1a: Ting-Lu|slp
|
|-heal|p1a: Ting-Lu|82/100 slp|[from] item: Leftovers
|upkeep
|turn|33
|
|t:|1779813199
|switch|p1a: Corviknight|Corviknight, M|80/100
|-damage|p1a: Corviknight|68/100|[from] Stealth Rock
|-ability|p1a: Corviknight|Pressure
|move|p2a: Ogerpon|Knock Off|p1a: Corviknight
|-damage|p1a: Corviknight|48/100
|-damage|p2a: Ogerpon|84/100|[from] item: Rocky Helmet|[of] p1a: Corviknight
|-enditem|p1a: Corviknight|Rocky Helmet|[from] move: Knock Off|[of] p2a: Ogerpon
|
|-end|p1a: Corviknight|move: Future Sight
|-resisted|p1a: Corviknight
|-damage|p1a: Corviknight|18/100
|upkeep
|turn|34
|-message|Spinio forfeited.
|
|win|White Boy SZN
|raw|Spinio's rating: 1379 &rarr; <strong>1363</strong><br />(-16 for losing)
|raw|White Boy SZN's rating: 1447 &rarr; <strong>1463</strong><br />(+16 for winning)
|l|☆Spinio
|player|p1|
|l|☆White Boy SZN
|player|p2|
