|j|☆Twisted Divinity
|j|☆psygoat12
|t:|1779937585
|gametype|singles
|player|p1|Twisted Divinity|acerola-masters|1461
|player|p2|psygoat12|chuck|1424
|gen|9
|tier|[Gen 9] OU
|rated|
|rule|HP Percentage Mod: HP is shown in percentages
|rule|Endless Battle Clause: Forcing endless battles is banned
|rule|Species Clause: Limit one of each Pokémon
|rule|OHKO Clause: OHKO moves are banned
|rule|Evasion Items Clause: Evasion items are banned
|rule|Evasion Moves Clause: Evasion moves are banned
|rule|Evasion Abilities Clause: Evasion abilities are banned
|rule|Sleep Moves Clause: Sleep-inducing moves are banned
|clearpoke
|poke|p1|Wo-Chien|
|poke|p1|Torkoal, F|
|poke|p1|Cinderace, M|
|poke|p1|Great Tusk|
|poke|p1|Walking Wake|
|poke|p1|Clefable, F|
|poke|p2|Pelipper, F|
|poke|p2|Iron Treads|
|poke|p2|Zapdos|
|poke|p2|Kingdra, M|
|poke|p2|Kingambit, F|
|poke|p2|Hariyama, M|
|teampreview
|inactive|Battle timer is ON: inactive players will automatically lose when time's up. (requested by Twisted Divinity)
|
|t:|1779937593
|teamsize|p1|6
|teamsize|p2|6
|start
|switch|p1a: MAXIMUM OUTPUT|Walking Wake|100/100
|switch|p2a: Hariyama|Hariyama, M|100/100
|turn|1
|
|t:|1779937598
|move|p1a: MAXIMUM OUTPUT|Draco Meteor|p2a: Hariyama
|-damage|p2a: Hariyama|56/100
|-unboost|p1a: MAXIMUM OUTPUT|spa|2
|move|p2a: Hariyama|Knock Off|p1a: MAXIMUM OUTPUT
|-damage|p1a: MAXIMUM OUTPUT|73/100
|-enditem|p1a: MAXIMUM OUTPUT|Choice Specs|[from] move: Knock Off|[of] p2a: Hariyama
|
|upkeep
|turn|2
|
|t:|1779937605
|move|p1a: MAXIMUM OUTPUT|Flip Turn|p2a: Hariyama
|-damage|p2a: Hariyama|38/100
|
|t:|1779937611
|-end|p1a: MAXIMUM OUTPUT|Protosynthesis|[silent]
|switch|p1a: Here Ig|Clefable, F|100/100|[from] Flip Turn
|move|p2a: Hariyama|Drain Punch|p1a: Here Ig
|-resisted|p1a: Here Ig
|-damage|p1a: Here Ig|88/100
|-heal|p2a: Hariyama|43/100|[from] drain|[of] p1a: Here Ig
|
|upkeep
|turn|3
|
|t:|1779937616
|move|p1a: Here Ig|Moonblast|p2a: Hariyama
|-supereffective|p2a: Hariyama
|-damage|p2a: Hariyama|15/100
|move|p2a: Hariyama|Knock Off|p1a: Here Ig
|-resisted|p1a: Here Ig
|-damage|p1a: Here Ig|77/100
|-enditem|p1a: Here Ig|Covert Cloak|[from] move: Knock Off|[of] p2a: Hariyama
|
|upkeep
|turn|4
|inactive|psygoat12 has 120 seconds left.
|
|t:|1779937649
|switch|p2a: Iron Treads|Iron Treads|100/100
|-enditem|p2a: Iron Treads|Booster Energy
|-activate|p2a: Iron Treads|ability: Quark Drive|[fromitem]
|-start|p2a: Iron Treads|quarkdrivespe
|move|p1a: Here Ig|Moonblast|p2a: Iron Treads
|-resisted|p2a: Iron Treads
|-damage|p2a: Iron Treads|85/100
|
|upkeep
|turn|5
|
|t:|1779937667
|switch|p1a: Chuck Norris Kick|Cinderace, M|100/100
|-item|p1a: Chuck Norris Kick|Air Balloon
|move|p2a: Iron Treads|Earthquake|p1a: Chuck Norris Kick
|-immune|p1a: Chuck Norris Kick
|
|upkeep
|turn|6
|
|t:|1779937675
|move|p2a: Iron Treads|Volt Switch|p1a: Chuck Norris Kick
|-damage|p1a: Chuck Norris Kick|86/100
|-enditem|p1a: Chuck Norris Kick|Air Balloon
|
|t:|1779937679
|-end|p2a: Iron Treads|Quark Drive|[silent]
|switch|p2a: Pelipper|Pelipper, F|100/100|[from] Volt Switch
|-weather|RainDance|[from] ability: Drizzle|[of] p2a: Pelipper
|move|p1a: Chuck Norris Kick|Pyro Ball|p2a: Pelipper
|-resisted|p2a: Pelipper
|-damage|p2a: Pelipper|89/100
|
|-weather|RainDance|[upkeep]
|upkeep
|turn|7
|
|t:|1779937686
|switch|p1a: The Sun Is So Loud|Torkoal, F|100/100
|-weather|SunnyDay|[from] ability: Drought|[of] p1a: The Sun Is So Loud
|move|p2a: Pelipper|Hurricane|p1a: The Sun Is So Loud|[miss]
|-miss|p2a: Pelipper|p1a: The Sun Is So Loud
|
|-weather|SunnyDay|[upkeep]
|upkeep
|turn|8
|
|t:|1779937692
|move|p2a: Pelipper|U-turn|p1a: The Sun Is So Loud
|-resisted|p1a: The Sun Is So Loud
|-damage|p1a: The Sun Is So Loud|97/100
|
|t:|1779937696
|switch|p2a: Hariyama|Hariyama, M|15/100|[from] U-turn
|move|p1a: The Sun Is So Loud|Will-O-Wisp|p2a: Hariyama
|-status|p2a: Hariyama|brn
|
|-weather|SunnyDay|[upkeep]
|-damage|p2a: Hariyama|9/100 brn|[from] brn
|upkeep
|turn|9
|
|t:|1779937713
|switch|p1a: Here Ig|Clefable, F|77/100
|move|p2a: Hariyama|Knock Off|p1a: Here Ig
|-resisted|p1a: Here Ig
|-damage|p1a: Here Ig|74/100
|
|-weather|SunnyDay|[upkeep]
|-damage|p2a: Hariyama|3/100 brn|[from] brn
|upkeep
|turn|10
|
|t:|1779937718
|move|p2a: Hariyama|Bullet Punch|p1a: Here Ig
|-supereffective|p1a: Here Ig
|-damage|p1a: Here Ig|65/100
|move|p1a: Here Ig|Calm Mind|p1a: Here Ig
|-boost|p1a: Here Ig|spa|1
|-boost|p1a: Here Ig|spd|1
|
|-weather|SunnyDay|[upkeep]
|-damage|p2a: Hariyama|0 fnt|[from] brn
|faint|p2a: Hariyama
|upkeep
|
|t:|1779937747
|switch|p2a: Kingambit|Kingambit, F|100/100
|-activate|p2a: Kingambit|ability: Supreme Overlord
|-start|p2a: Kingambit|fallen1|[silent]
|turn|11
|
|t:|1779937759
|move|p2a: Kingambit|Iron Head|p1a: Here Ig
|-supereffective|p1a: Here Ig
|-damage|p1a: Here Ig|0 fnt
|faint|p1a: Here Ig
|
|-weather|SunnyDay|[upkeep]
|upkeep
|
|t:|1779937763
|switch|p1a: Great Tuskarus|Great Tusk, shiny|100/100
|-activate|p1a: Great Tuskarus|ability: Protosynthesis
|-start|p1a: Great Tuskarus|protosynthesisspe
|turn|12
|
|t:|1779937772
|-end|p2a: Kingambit|fallen1|[silent]
|switch|p2a: Pelipper|Pelipper, F|89/100
|-weather|RainDance|[from] ability: Drizzle|[of] p2a: Pelipper
|-end|p1a: Great Tuskarus|Protosynthesis
|move|p1a: Great Tuskarus|Stealth Rock|p2a: Pelipper
|-sidestart|p2: psygoat12|move: Stealth Rock
|
|-weather|RainDance|[upkeep]
|upkeep
|turn|13
|
|t:|1779937782
|-end|p1a: Great Tuskarus|Protosynthesis|[silent]
|switch|p1a: MAXIMUM OUTPUT|Walking Wake|73/100
|move|p2a: Pelipper|U-turn|p1a: MAXIMUM OUTPUT
|-damage|p1a: MAXIMUM OUTPUT|64/100
|
|t:|1779937789
|switch|p2a: Kingdra|Kingdra, M|100/100|[from] U-turn
|-damage|p2a: Kingdra|88/100|[from] Stealth Rock
|
|-weather|RainDance|[upkeep]
|upkeep
|turn|14
|
|t:|1779937795
|-end|p1a: MAXIMUM OUTPUT|Protosynthesis|[silent]
|switch|p1a: The Sun Is So Loud|Torkoal, F|97/100
|-weather|SunnyDay|[from] ability: Drought|[of] p1a: The Sun Is So Loud
|move|p2a: Kingdra|Draco Meteor|p1a: The Sun Is So Loud
|-damage|p1a: The Sun Is So Loud|29/100
|-unboost|p2a: Kingdra|spa|2
|
|-weather|SunnyDay|[upkeep]
|upkeep
|turn|15
|
|t:|1779937801
|switch|p1a: MAXIMUM OUTPUT|Walking Wake|64/100
|-activate|p1a: MAXIMUM OUTPUT|ability: Protosynthesis
|-start|p1a: MAXIMUM OUTPUT|protosynthesisspe
|move|p2a: Kingdra|Draco Meteor|p1a: MAXIMUM OUTPUT
|-supereffective|p1a: MAXIMUM OUTPUT
|-damage|p1a: MAXIMUM OUTPUT|0 fnt
|-unboost|p2a: Kingdra|spa|2
|faint|p1a: MAXIMUM OUTPUT
|-end|p1a: MAXIMUM OUTPUT|Protosynthesis|[silent]
|
|-weather|SunnyDay|[upkeep]
|upkeep
|
|t:|1779937804
|switch|p1a: Wo Chienuenly|Wo-Chien|100/100
|-ability|p1a: Wo Chienuenly|Tablets of Ruin
|turn|16
|
|t:|1779937815
|switch|p2a: Iron Treads|Iron Treads|85/100
|-damage|p2a: Iron Treads|82/100|[from] Stealth Rock
|move|p1a: Wo Chienuenly|Growth|p1a: Wo Chienuenly
|-boost|p1a: Wo Chienuenly|atk|2
|-boost|p1a: Wo Chienuenly|spa|2
|
|-weather|SunnyDay|[upkeep]
|upkeep
|turn|17
|
|t:|1779937820
|move|p2a: Iron Treads|Rapid Spin|p1a: Wo Chienuenly
|-damage|p1a: Wo Chienuenly|90/100
|-boost|p2a: Iron Treads|spe|1
|-sideend|p2: psygoat12|Stealth Rock|[from] move: Rapid Spin|[of] p2a: Iron Treads
|move|p1a: Wo Chienuenly|Trailblaze|p2a: Iron Treads
|-damage|p2a: Iron Treads|46/100
|-boost|p1a: Wo Chienuenly|spe|1
|-damage|p1a: Wo Chienuenly|80/100|[from] item: Life Orb
|
|-weather|SunnyDay|[upkeep]
|upkeep
|turn|18
|
|t:|1779937831
|move|p2a: Iron Treads|Volt Switch|p1a: Wo Chienuenly
|-resisted|p1a: Wo Chienuenly
|-damage|p1a: Wo Chienuenly|75/100
|
|t:|1779937833
|-end|p2a: Iron Treads|Quark Drive|[silent]
|switch|p2a: Pelipper|Pelipper, F|89/100|[from] Volt Switch
|-weather|RainDance|[from] ability: Drizzle|[of] p2a: Pelipper
|move|p1a: Wo Chienuenly|Trailblaze|p2a: Pelipper
|-damage|p2a: Pelipper|56/100
|-boost|p1a: Wo Chienuenly|spe|1
|-damage|p1a: Wo Chienuenly|65/100|[from] item: Life Orb
|
|-weather|RainDance|[upkeep]
|upkeep
|turn|19
|
|t:|1779937841
|move|p1a: Wo Chienuenly|Giga Drain|p2a: Pelipper
|-damage|p2a: Pelipper|0 fnt
|-heal|p1a: Wo Chienuenly|94/100|[from] drain|[of] p2a: Pelipper
|faint|p2a: Pelipper
|-damage|p1a: Wo Chienuenly|84/100|[from] item: Life Orb
|
|-weather|RainDance|[upkeep]
|upkeep
|
|t:|1779937844
|switch|p2a: Zapdos|Zapdos|100/100
|turn|20
|c|☆psygoat12|jesus
|
|t:|1779937849
|move|p1a: Wo Chienuenly|Knock Off|p2a: Zapdos
|-damage|p2a: Zapdos|0 fnt
|-status|p1a: Wo Chienuenly|par|[from] ability: Static|[of] p2a: Zapdos
|-enditem|p2a: Zapdos|Choice Specs|[from] move: Knock Off|[of] p1a: Wo Chienuenly
|faint|p2a: Zapdos
|-damage|p1a: Wo Chienuenly|74/100 par|[from] item: Life Orb
|
|-weather|RainDance|[upkeep]
|upkeep
|c|☆psygoat12|holy fuck
|c|☆Twisted Divinity|live wo chien reaction
|c|☆psygoat12|gg ig
|c|☆Twisted Divinity|gg
|
|t:|1779937869
|switch|p2a: Kingdra|Kingdra, M|88/100
|turn|21
|c|☆psygoat12|unless double para
|c|☆Twisted Divinity|even then
|
|t:|1779937883
|move|p2a: Kingdra|Hurricane|p1a: Wo Chienuenly
|-supereffective|p1a: Wo Chienuenly
|-damage|p1a: Wo Chienuenly|0 fnt
|faint|p1a: Wo Chienuenly
|
|-weather|RainDance|[upkeep]
|upkeep
|c|☆psygoat12|oh
|
|t:|1779937888
|switch|p1a: The Sun Is So Loud|Torkoal, F|29/100
|-weather|SunnyDay|[from] ability: Drought|[of] p1a: The Sun Is So Loud
|turn|22
|c|☆psygoat12|right zero bulk
|
|t:|1779937897
|move|p2a: Kingdra|Hurricane|p1a: The Sun Is So Loud
|-damage|p1a: The Sun Is So Loud|0 fnt
|faint|p1a: The Sun Is So Loud
|
|-weather|SunnyDay|[upkeep]
|upkeep
|c|☆Twisted Divinity|hit the 50%
|c|☆Twisted Divinity|respect
|
|t:|1779937908
|switch|p1a: Chuck Norris Kick|Cinderace, M|86/100
|turn|23
|c|☆psygoat12|play to ur outs yk
|
|t:|1779937919
|move|p1a: Chuck Norris Kick|Swords Dance|p1a: Chuck Norris Kick
|-boost|p1a: Chuck Norris Kick|atk|2
|move|p2a: Kingdra|Hurricane|p1a: Chuck Norris Kick
|-damage|p1a: Chuck Norris Kick|25/100
|-start|p1a: Chuck Norris Kick|confusion
|
|-weather|SunnyDay|[upkeep]
|upkeep
|turn|24
|c|☆Twisted Divinity|you're better than me
|
|t:|1779937929
|switch|p2a: Kingambit|Kingambit, F|100/100
|-activate|p2a: Kingambit|ability: Supreme Overlord
|-start|p2a: Kingambit|fallen3|[silent]
|-activate|p1a: Chuck Norris Kick|confusion
|-damage|p1a: Chuck Norris Kick|0 fnt|[from] confusion
|faint|p1a: Chuck Norris Kick
|
|-weather|SunnyDay|[upkeep]
|upkeep
|
|t:|1779937931
|switch|p1a: Great Tuskarus|Great Tusk, shiny|100/100
|-activate|p1a: Great Tuskarus|ability: Protosynthesis
|-start|p1a: Great Tuskarus|protosynthesisspe
|turn|25
|c|☆psygoat12|gng shit
|c|☆Twisted Divinity|gg
|inactive|psygoat12 has 120 seconds left.
|
|t:|1779937963
|-terastallize|p2a: Kingambit|Dark
|move|p1a: Great Tuskarus|Headlong Rush|p2a: Kingambit
|-damage|p2a: Kingambit|59/100
|-unboost|p1a: Great Tuskarus|def|1
|-unboost|p1a: Great Tuskarus|spd|1
|move|p2a: Kingambit|Iron Head|p1a: Great Tuskarus
|-damage|p1a: Great Tuskarus|44/100
|-damage|p2a: Kingambit|42/100|[from] item: Rocky Helmet|[of] p1a: Great Tuskarus
|
|-weather|SunnyDay|[upkeep]
|-heal|p2a: Kingambit|48/100|[from] item: Leftovers
|upkeep
|turn|26
|inactive|psygoat12 has 120 seconds left.
|
|t:|1779937985
|move|p1a: Great Tuskarus|Stealth Rock|p2a: Kingambit
|-sidestart|p2: psygoat12|move: Stealth Rock
|move|p2a: Kingambit|Iron Head|p1a: Great Tuskarus
|-damage|p1a: Great Tuskarus|0 fnt
|-damage|p2a: Kingambit|31/100|[from] item: Rocky Helmet|[of] p1a: Great Tuskarus
|faint|p1a: Great Tuskarus
|-end|p1a: Great Tuskarus|Protosynthesis|[silent]
|
|win|psygoat12
|raw|Twisted Divinity's rating: 1461 &rarr; <strong>1439</strong><br />(-22 for losing)
|raw|psygoat12's rating: 1424 &rarr; <strong>1446</strong><br />(+22 for winning)
|c|☆psygoat12|gg lol
|l|☆Twisted Divinity
|player|p1|
