|j|☆gardevoirandvapo
|j|☆NormalPokemons
|t:|1779950061
|gametype|singles
|player|p1|gardevoirandvapo|101|1305
|player|p2|NormalPokemons|170|1375
|gen|9
|tier|[Gen 9] OU
|rated|
|rule|HP Percentage Mod: HP is shown in percentages
|rule|Endless Battle Clause: Forcing endless battles is banned
|rule|Species Clause: Limit one of each Pokémon
|rule|OHKO Clause: OHKO moves are banned
|rule|Evasion Items Clause: Evasion items are banned
|rule|Evasion Moves Clause: Evasion moves are banned
|rule|Evasion Abilities Clause: Evasion abilities are banned
|rule|Sleep Moves Clause: Sleep-inducing moves are banned
|clearpoke
|poke|p1|Tinkaton, F|
|poke|p1|Smeargle, F|
|poke|p1|Mismagius, M|
|poke|p1|Fezandipiti, M|
|poke|p1|Sandaconda, F|
|poke|p1|Darkrai|
|poke|p2|Mew|
|poke|p2|Chansey, F|
|poke|p2|Clefable, F|
|poke|p2|Mandibuzz, F|
|poke|p2|Alomomola, M|
|poke|p2|Pecharunt|
|teampreview
|inactive|Battle timer is ON: inactive players will automatically lose when time's up. (requested by gardevoirandvapo)
|inactive|NormalPokemons has 120 seconds left.
|
|t:|1779950116
|teamsize|p1|6
|teamsize|p2|6
|start
|switch|p1a: Aldof|Smeargle, F|100/100
|switch|p2a: Mandibuzz|Mandibuzz, F|100/100
|turn|1
|
|t:|1779950127
|move|p1a: Aldof|Taunt|p2a: Mandibuzz
|-start|p2a: Mandibuzz|move: Taunt
|cant|p2a: Mandibuzz|move: Taunt|Toxic
|
|upkeep
|turn|2
|
|t:|1779950142
|switch|p2a: Mew|Mew|100/100
|move|p1a: Aldof|Stone Axe|p2a: Mew
|-damage|p2a: Mew|97/100
|-sidestart|p2: NormalPokemons|move: Stealth Rock
|
|upkeep
|turn|3
|
|t:|1779950159
|move|p2a: Mew|Stealth Rock|p1a: Aldof
|-sidestart|p1: gardevoirandvapo|move: Stealth Rock
|move|p1a: Aldof|Toxic Spikes|p2a: Mew
|-sidestart|p2: NormalPokemons|move: Toxic Spikes
|
|upkeep
|turn|4
|
|t:|1779950173
|switch|p2a: Pecharunt|Pecharunt|100/100
|-sideend|p2: NormalPokemons|move: Toxic Spikes|[of] p2a: Pecharunt
|move|p1a: Aldof|Taunt|p2a: Pecharunt
|-start|p2a: Pecharunt|move: Taunt
|
|upkeep
|turn|5
|
|t:|1779950196
|switch|p1a: Tinkywinkypinky|Tinkaton, F|100/100
|-damage|p1a: Tinkywinkypinky|94/100|[from] Stealth Rock
|-ability|p1a: Tinkywinkypinky|Mold Breaker
|switch|p2a: Alomomola|Alomomola, M|100/100
|
|-heal|p1a: Tinkywinkypinky|100/100|[from] item: Leftovers
|upkeep
|turn|6
|
|t:|1779950207
|move|p1a: Tinkywinkypinky|Thunder Wave|p2a: Alomomola
|-status|p2a: Alomomola|par
|move|p2a: Alomomola|Whirlpool|p1a: Tinkywinkypinky
|-damage|p1a: Tinkywinkypinky|96/100
|-activate|p1a: Tinkywinkypinky|move: Whirlpool|[of] p2a: Alomomola
|
|-heal|p1a: Tinkywinkypinky|100/100|[from] item: Leftovers
|-damage|p1a: Tinkywinkypinky|88/100|[from] move: Whirlpool|[partiallytrapped]
|upkeep
|turn|7
|
|t:|1779950216
|move|p1a: Tinkywinkypinky|Knock Off|p2a: Alomomola
|-damage|p2a: Alomomola|90/100 par
|-enditem|p2a: Alomomola|Heavy-Duty Boots|[from] move: Knock Off|[of] p1a: Tinkywinkypinky
|move|p2a: Alomomola|Flip Turn|p1a: Tinkywinkypinky
|-damage|p1a: Tinkywinkypinky|73/100
|inactive|NormalPokemons has 120 seconds left.
|
|t:|1779950247
|switch|p2a: Pecharunt|Pecharunt|100/100|[from] Flip Turn
|
|-heal|p1a: Tinkywinkypinky|80/100|[from] item: Leftovers
|-end|p1a: Tinkywinkypinky|Whirlpool|[partiallytrapped]|[silent]
|upkeep
|turn|8
|
|t:|1779950252
|move|p1a: Tinkywinkypinky|Thunder Wave|p2a: Pecharunt
|-status|p2a: Pecharunt|par
|cant|p2a: Pecharunt|par
|
|-heal|p1a: Tinkywinkypinky|86/100|[from] item: Leftovers
|upkeep
|turn|9
|
|t:|1779950262
|move|p1a: Tinkywinkypinky|Knock Off|p2a: Pecharunt
|-supereffective|p2a: Pecharunt
|-damage|p2a: Pecharunt|83/100 par
|-enditem|p2a: Pecharunt|Heavy-Duty Boots|[from] move: Knock Off|[of] p1a: Tinkywinkypinky
|move|p2a: Pecharunt|Mean Look|p1a: Tinkywinkypinky
|-activate|p1a: Tinkywinkypinky|trapped
|
|-heal|p1a: Tinkywinkypinky|92/100|[from] item: Leftovers
|upkeep
|turn|10
|
|t:|1779950272
|move|p1a: Tinkywinkypinky|Gigaton Hammer|p2a: Pecharunt
|-damage|p2a: Pecharunt|62/100 par
|move|p2a: Pecharunt|Rest|p2a: Pecharunt
|-status|p2a: Pecharunt|slp|[from] move: Rest
|-heal|p2a: Pecharunt|100/100 slp|[silent]
|
|-heal|p1a: Tinkywinkypinky|98/100|[from] item: Leftovers
|upkeep
|turn|11
|
|t:|1779950283
|move|p1a: Tinkywinkypinky|Knock Off|p2a: Pecharunt
|-supereffective|p2a: Pecharunt
|-crit|p2a: Pecharunt
|-damage|p2a: Pecharunt|83/100 slp
|cant|p2a: Pecharunt|slp
|move|p2a: Pecharunt|Sleep Talk|p2a: Pecharunt
|move|p2a: Pecharunt|Spite|p1a: Tinkywinkypinky|[from] move: Sleep Talk
|-activate|p1a: Tinkywinkypinky|move: Spite|Knock Off|4
|
|-heal|p1a: Tinkywinkypinky|100/100|[from] item: Leftovers
|upkeep
|turn|12
|
|t:|1779950312
|move|p1a: Tinkywinkypinky|Gigaton Hammer|p2a: Pecharunt
|-damage|p2a: Pecharunt|63/100 slp
|cant|p2a: Pecharunt|slp
|move|p2a: Pecharunt|Sleep Talk|p2a: Pecharunt
|move|p2a: Pecharunt|Mean Look||[from] move: Sleep Talk|[still]
|-fail|p2a: Pecharunt
|
|upkeep
|turn|13
|
|t:|1779950325
|move|p1a: Tinkywinkypinky|Encore||[still]
|-fail|p1a: Tinkywinkypinky
|-curestatus|p2a: Pecharunt|slp|[msg]
|move|p2a: Pecharunt|Spite|p1a: Tinkywinkypinky
|-activate|p1a: Tinkywinkypinky|move: Spite|Encore|4
|
|upkeep
|turn|14
|
|t:|1779950338
|move|p1a: Tinkywinkypinky|Encore|p2a: Pecharunt
|-start|p2a: Pecharunt|Encore
|move|p2a: Pecharunt|Spite|p1a: Tinkywinkypinky
|-activate|p1a: Tinkywinkypinky|move: Spite|Encore|2
|
|upkeep
|turn|15
|inactive|NormalPokemons has 120 seconds left.
|inactive|NormalPokemons has 90 seconds left.
|
|t:|1779950404
|-terastallize|p2a: Pecharunt|Dark
|move|p1a: Tinkywinkypinky|Thunder Wave|p2a: Pecharunt
|-status|p2a: Pecharunt|par
|cant|p2a: Pecharunt|par
|
|upkeep
|turn|16
|inactive|NormalPokemons has 90 seconds left.
|inactive|gardevoirandvapo has 120 seconds left.
|
|t:|1779950421
|move|p1a: Tinkywinkypinky|Gigaton Hammer|p2a: Pecharunt
|-damage|p2a: Pecharunt|43/100 par
|move|p2a: Pecharunt|Spite|p1a: Tinkywinkypinky
|-activate|p1a: Tinkywinkypinky|move: Spite|Gigaton Hammer|4
|
|-end|p2a: Pecharunt|Encore
|upkeep
|turn|17
|inactive|gardevoirandvapo has 120 seconds left.
|
|t:|1779950431
|move|p1a: Tinkywinkypinky|Knock Off|p2a: Pecharunt
|-resisted|p2a: Pecharunt
|-damage|p2a: Pecharunt|40/100 par
|cant|p2a: Pecharunt|par
|
|upkeep
|turn|18
|
|t:|1779950438
|move|p1a: Tinkywinkypinky|Gigaton Hammer|p2a: Pecharunt
|-damage|p2a: Pecharunt|20/100 par
|cant|p2a: Pecharunt|par
|
|upkeep
|turn|19
|
|t:|1779950450
|move|p1a: Tinkywinkypinky|Knock Off|p2a: Pecharunt
|-resisted|p2a: Pecharunt
|-damage|p2a: Pecharunt|17/100 par
|move|p2a: Pecharunt|Rest|p2a: Pecharunt
|-status|p2a: Pecharunt|slp|[from] move: Rest
|-heal|p2a: Pecharunt|100/100 slp|[silent]
|
|upkeep
|turn|20
|
|t:|1779950456
|move|p1a: Tinkywinkypinky|Knock Off|p2a: Pecharunt
|-resisted|p2a: Pecharunt
|-damage|p2a: Pecharunt|98/100 slp
|cant|p2a: Pecharunt|slp
|move|p2a: Pecharunt|Sleep Talk|p2a: Pecharunt
|move|p2a: Pecharunt|Rest||[from] move: Sleep Talk|[still]
|-fail|p2a: Pecharunt
|
|upkeep
|turn|21
|
|t:|1779950461
|move|p1a: Tinkywinkypinky|Knock Off|p2a: Pecharunt
|-resisted|p2a: Pecharunt
|-damage|p2a: Pecharunt|95/100 slp
|cant|p2a: Pecharunt|slp
|move|p2a: Pecharunt|Sleep Talk|p2a: Pecharunt
|move|p2a: Pecharunt|Rest||[from] move: Sleep Talk|[still]
|-fail|p2a: Pecharunt
|
|upkeep
|turn|22
|c|☆gardevoirandvapo|Damn it man wasting soo muxh time
|
|t:|1779950475
|move|p1a: Tinkywinkypinky|Knock Off|p2a: Pecharunt
|-resisted|p2a: Pecharunt
|-damage|p2a: Pecharunt|93/100 slp
|-curestatus|p2a: Pecharunt|slp|[msg]
|move|p2a: Pecharunt|Spite|p1a: Tinkywinkypinky
|-activate|p1a: Tinkywinkypinky|move: Spite|Knock Off|4
|
|upkeep
|turn|23
|
|t:|1779950485
|move|p1a: Tinkywinkypinky|Knock Off|p2a: Pecharunt
|-resisted|p2a: Pecharunt
|-damage|p2a: Pecharunt|90/100
|move|p2a: Pecharunt|Spite|p1a: Tinkywinkypinky
|-activate|p1a: Tinkywinkypinky|move: Spite|Knock Off|4
|
|upkeep
|turn|24
|
|t:|1779950490
|move|p1a: Tinkywinkypinky|Knock Off|p2a: Pecharunt
|-resisted|p2a: Pecharunt
|-damage|p2a: Pecharunt|87/100
|move|p2a: Pecharunt|Spite|p1a: Tinkywinkypinky
|-activate|p1a: Tinkywinkypinky|move: Spite|Knock Off|4
|
|upkeep
|turn|25
|
|t:|1779950494
|move|p1a: Tinkywinkypinky|Knock Off|p2a: Pecharunt
|-resisted|p2a: Pecharunt
|-damage|p2a: Pecharunt|84/100
|move|p2a: Pecharunt|Spite|p1a: Tinkywinkypinky
|-activate|p1a: Tinkywinkypinky|move: Spite|Knock Off|4
|
|upkeep
|turn|26
|
|t:|1779950499
|move|p1a: Tinkywinkypinky|Knock Off|p2a: Pecharunt
|-resisted|p2a: Pecharunt
|-damage|p2a: Pecharunt|82/100
|move|p2a: Pecharunt|Rest|p2a: Pecharunt
|-status|p2a: Pecharunt|slp|[from] move: Rest
|-heal|p2a: Pecharunt|100/100 slp|[silent]
|
|upkeep
|turn|27
|
|t:|1779950503
|move|p1a: Tinkywinkypinky|Thunder Wave|p2a: Pecharunt|[miss]
|-miss|p1a: Tinkywinkypinky|p2a: Pecharunt
|cant|p2a: Pecharunt|slp
|move|p2a: Pecharunt|Sleep Talk|p2a: Pecharunt
|move|p2a: Pecharunt|Rest||[from] move: Sleep Talk|[still]
|-fail|p2a: Pecharunt
|
|upkeep
|turn|28
|
|t:|1779950507
|move|p1a: Tinkywinkypinky|Thunder Wave||[still]
|-fail|p1a: Tinkywinkypinky
|cant|p2a: Pecharunt|slp
|move|p2a: Pecharunt|Sleep Talk|p2a: Pecharunt
|move|p2a: Pecharunt|Mean Look||[from] move: Sleep Talk|[still]
|-fail|p2a: Pecharunt
|
|upkeep
|turn|29
|
|t:|1779950512
|move|p1a: Tinkywinkypinky|Thunder Wave||[still]
|-fail|p1a: Tinkywinkypinky
|-curestatus|p2a: Pecharunt|slp|[msg]
|move|p2a: Pecharunt|Spite|p1a: Tinkywinkypinky
|-activate|p1a: Tinkywinkypinky|move: Spite|Thunder Wave|4
|
|upkeep
|turn|30
|
|t:|1779950517
|move|p1a: Tinkywinkypinky|Thunder Wave|p2a: Pecharunt
|-status|p2a: Pecharunt|par
|move|p2a: Pecharunt|Spite|p1a: Tinkywinkypinky
|-activate|p1a: Tinkywinkypinky|move: Spite|Thunder Wave|4
|
|upkeep
|turn|31
|
|t:|1779950521
|move|p1a: Tinkywinkypinky|Thunder Wave|p2a: Pecharunt|[miss]
|-miss|p1a: Tinkywinkypinky|p2a: Pecharunt
|move|p2a: Pecharunt|Spite|p1a: Tinkywinkypinky
|-activate|p1a: Tinkywinkypinky|move: Spite|Thunder Wave|4
|
|upkeep
|turn|32
|
|t:|1779950526
|move|p1a: Tinkywinkypinky|Thunder Wave|p2a: Pecharunt
|-fail|p2a: Pecharunt|par
|move|p2a: Pecharunt|Spite|p1a: Tinkywinkypinky
|-activate|p1a: Tinkywinkypinky|move: Spite|Thunder Wave|4
|
|upkeep
|turn|33
|
|t:|1779950531
|move|p1a: Tinkywinkypinky|Thunder Wave|p2a: Pecharunt
|-fail|p2a: Pecharunt|par
|move|p2a: Pecharunt|Spite|p1a: Tinkywinkypinky
|-activate|p1a: Tinkywinkypinky|move: Spite|Thunder Wave|4
|
|upkeep
|turn|34
|
|t:|1779950536
|move|p1a: Tinkywinkypinky|Thunder Wave|p2a: Pecharunt
|-fail|p2a: Pecharunt|par
|move|p2a: Pecharunt|Mean Look||[still]
|-fail|p2a: Pecharunt
|
|upkeep
|turn|35
|
|t:|1779950541
|move|p1a: Tinkywinkypinky|Thunder Wave|p2a: Pecharunt
|-fail|p2a: Pecharunt|par
|move|p2a: Pecharunt|Sleep Talk||[still]
|-fail|p2a: Pecharunt
|
|upkeep
|turn|36
|
|t:|1779950547
|-activate|p1a: Tinkywinkypinky|move: Struggle
|move|p1a: Tinkywinkypinky|Struggle|p2a: Pecharunt
|-damage|p2a: Pecharunt|96/100 par
|-damage|p1a: Tinkywinkypinky|75/100|[from] recoil
|cant|p2a: Pecharunt|par
|
|-heal|p1a: Tinkywinkypinky|82/100|[from] item: Leftovers
|upkeep
|turn|37
|
|t:|1779950552
|-activate|p1a: Tinkywinkypinky|move: Struggle
|move|p1a: Tinkywinkypinky|Struggle|p2a: Pecharunt
|-damage|p2a: Pecharunt|92/100 par
|-damage|p1a: Tinkywinkypinky|56/100|[from] recoil
|move|p2a: Pecharunt|Rest|p2a: Pecharunt
|-status|p2a: Pecharunt|slp|[from] move: Rest
|-heal|p2a: Pecharunt|100/100 slp|[silent]
|
|-heal|p1a: Tinkywinkypinky|63/100|[from] item: Leftovers
|upkeep
|turn|38
|
|t:|1779950558
|-activate|p1a: Tinkywinkypinky|move: Struggle
|move|p1a: Tinkywinkypinky|Struggle|p2a: Pecharunt
|-damage|p2a: Pecharunt|96/100 slp
|-damage|p1a: Tinkywinkypinky|37/100|[from] recoil
|cant|p2a: Pecharunt|slp
|move|p2a: Pecharunt|Sleep Talk|p2a: Pecharunt
|move|p2a: Pecharunt|Spite||[from] move: Sleep Talk|[still]
|-fail|p2a: Pecharunt
|
|-heal|p1a: Tinkywinkypinky|44/100|[from] item: Leftovers
|upkeep
|turn|39
|
|t:|1779950567
|-activate|p1a: Tinkywinkypinky|move: Struggle
|move|p1a: Tinkywinkypinky|Struggle|p2a: Pecharunt
|-damage|p2a: Pecharunt|91/100 slp
|-damage|p1a: Tinkywinkypinky|18/100|[from] recoil
|cant|p2a: Pecharunt|slp
|move|p2a: Pecharunt|Sleep Talk|p2a: Pecharunt
|move|p2a: Pecharunt|Rest||[from] move: Sleep Talk|[still]
|-fail|p2a: Pecharunt
|
|-heal|p1a: Tinkywinkypinky|25/100|[from] item: Leftovers
|upkeep
|turn|40
|
|t:|1779950585
|switch|p2a: Mew|Mew|97/100
|-damage|p2a: Mew|84/100|[from] Stealth Rock
|-activate|p1a: Tinkywinkypinky|move: Struggle
|move|p1a: Tinkywinkypinky|Struggle|p2a: Mew
|-damage|p2a: Mew|77/100
|-damage|p1a: Tinkywinkypinky|0 fnt|[from] recoil
|faint|p1a: Tinkywinkypinky
|
|upkeep
|
|t:|1779950606
|switch|p1a: Starey|Sandaconda, F|100/100
|-damage|p1a: Starey|94/100|[from] Stealth Rock
|turn|41
|
|t:|1779950612
|move|p2a: Mew|Trick|p1a: Starey
|-activate|p2a: Mew|move: Trick|[of] p1a: Starey
|-item|p1a: Starey|Choice Scarf|[from] move: Trick
|-item|p2a: Mew|Leftovers|[from] move: Trick
|move|p1a: Starey|Glare|p2a: Mew
|-status|p2a: Mew|par
|-activate|p2a: Mew|ability: Synchronize
|-status|p1a: Starey|par
|
|-heal|p2a: Mew|83/100 par|[from] item: Leftovers
|-activate|p1a: Starey|ability: Shed Skin
|-curestatus|p1a: Starey|par|[msg]
|upkeep
|turn|42
|
|t:|1779950632
|switch|p1a: Venoex|Fezandipiti, M|100/100
|-damage|p1a: Venoex|88/100|[from] Stealth Rock
|move|p2a: Mew|Transform|p1a: Venoex
|-transform|p2a: Mew|p1a: Venoex
|
|-heal|p2a: Mew|89/100 par|[from] item: Leftovers
|upkeep
|turn|43
|inactive|NormalPokemons has 120 seconds left.
|
|t:|1779950663
|switch|p2a: Chansey|Chansey, F|100/100
|-damage|p2a: Chansey|88/100|[from] Stealth Rock
|move|p1a: Venoex|Nasty Plot|p1a: Venoex
|-boost|p1a: Venoex|spa|2
|
|upkeep
|turn|44
|inactive|NormalPokemons has 120 seconds left.
|
|t:|1779950675
|move|p1a: Venoex|Venoshock|p2a: Chansey
|-crit|p2a: Chansey
|-damage|p2a: Chansey|70/100
|move|p2a: Chansey|Seismic Toss|p1a: Venoex
|-damage|p1a: Venoex|61/100
|
|upkeep
|turn|45
|
|t:|1779950683
|move|p1a: Venoex|Venoshock|p2a: Chansey
|-damage|p2a: Chansey|57/100
|move|p2a: Chansey|Seismic Toss|p1a: Venoex
|-damage|p1a: Venoex|34/100
|-enditem|p1a: Venoex|Sitrus Berry|[eat]
|-heal|p1a: Venoex|58/100|[from] item: Sitrus Berry
|
|upkeep
|turn|46
|
|t:|1779950687
|move|p1a: Venoex|Nasty Plot|p1a: Venoex
|-boost|p1a: Venoex|spa|2
|move|p2a: Chansey|Soft-Boiled|p2a: Chansey
|-heal|p2a: Chansey|100/100
|
|upkeep
|turn|47
|
|t:|1779950689
|move|p1a: Venoex|Venoshock|p2a: Chansey
|-damage|p2a: Chansey|82/100
|move|p2a: Chansey|Seismic Toss|p1a: Venoex
|-damage|p1a: Venoex|31/100
|
|upkeep
|turn|48
|
|t:|1779950695
|move|p1a: Venoex|Moonblast|p2a: Chansey
|-damage|p2a: Chansey|52/100
|move|p2a: Chansey|Seismic Toss|p1a: Venoex
|-damage|p1a: Venoex|4/100
|
|upkeep
|turn|49
|
|t:|1779950700
|move|p1a: Venoex|Moonblast|p2a: Chansey
|-damage|p2a: Chansey|23/100
|-unboost|p2a: Chansey|spa|1
|move|p2a: Chansey|Seismic Toss|p1a: Venoex
|-damage|p1a: Venoex|0 fnt
|faint|p1a: Venoex
|
|upkeep
|
|t:|1779950709
|switch|p1a: Starey|Sandaconda, F|94/100
|-damage|p1a: Starey|88/100|[from] Stealth Rock
|turn|50
|
|t:|1779950714
|switch|p2a: Alomomola|Alomomola, M|100/100 par
|-damage|p2a: Alomomola|88/100 par|[from] Stealth Rock
|move|p1a: Starey|Earthquake|p2a: Alomomola
|-damage|p2a: Alomomola|70/100 par
|
|upkeep
|turn|51
|
|t:|1779950731
|switch|p1a: Mismagiusty|Mismagius, M, shiny|100/100
|-damage|p1a: Mismagiusty|88/100|[from] Stealth Rock
|move|p2a: Alomomola|Wish|p2a: Alomomola
|
|upkeep
|turn|52
|
|t:|1779950742
|move|p1a: Mismagiusty|Hex|p2a: Alomomola
|-damage|p2a: Alomomola|0 fnt
|faint|p2a: Alomomola
|
|upkeep
|inactive|NormalPokemons has 120 seconds left.
|
|t:|1779950787
|switch|p2a: Chansey|Chansey, F|23/100
|-damage|p2a: Chansey|11/100|[from] Stealth Rock
|turn|53
|
|t:|1779950807
|switch|p1a: Sandman|Darkrai|100/100
|-damage|p1a: Sandman|88/100|[from] Stealth Rock
|move|p2a: Chansey|Soft-Boiled|p2a: Chansey
|-heal|p2a: Chansey|61/100
|
|upkeep
|turn|54
|
|t:|1779950815
|move|p1a: Sandman|Focus Blast|p2a: Chansey|[miss]
|-miss|p1a: Sandman|p2a: Chansey
|move|p2a: Chansey|Seismic Toss|p1a: Sandman
|-damage|p1a: Sandman|53/100
|
|upkeep
|turn|55
|inactive|NormalPokemons has 120 seconds left.
|
|t:|1779950822
|move|p1a: Sandman|Focus Blast|p2a: Chansey
|-supereffective|p2a: Chansey
|-damage|p2a: Chansey|27/100
|move|p2a: Chansey|Seismic Toss|p1a: Sandman
|-damage|p1a: Sandman|17/100
|
|upkeep
|turn|56
|
|t:|1779950831
|move|p1a: Sandman|Focus Blast|p2a: Chansey
|-supereffective|p2a: Chansey
|-damage|p2a: Chansey|0 fnt
|faint|p2a: Chansey
|
|upkeep
|
|t:|1779950839
|switch|p2a: Mandibuzz|Mandibuzz, F|100/100
|turn|57
|
|t:|1779950846
|switch|p1a: Aldof|Smeargle, F|100/100
|-damage|p1a: Aldof|88/100|[from] Stealth Rock
|move|p2a: Mandibuzz|Foul Play|p1a: Aldof
|-damage|p1a: Aldof|65/100
|
|upkeep
|turn|58
|
|t:|1779950859
|switch|p2a: Clefable|Clefable, F|100/100
|-damage|p2a: Clefable|88/100|[from] Stealth Rock
|move|p1a: Aldof|Taunt|p2a: Clefable
|-start|p2a: Clefable|move: Taunt
|
|-heal|p2a: Clefable|94/100|[from] item: Leftovers
|upkeep
|turn|59
|
|t:|1779950868
|switch|p2a: Mandibuzz|Mandibuzz, F|100/100
|move|p1a: Aldof|Toxic Spikes|p2a: Mandibuzz
|-sidestart|p2: NormalPokemons|move: Toxic Spikes
|
|upkeep
|turn|60
|
|t:|1779950885
|switch|p2a: Mew|Mew|89/100 par
|-damage|p2a: Mew|77/100 par|[from] Stealth Rock
|move|p1a: Aldof|Burning Bulwark||[still]
|-fail|p1a: Aldof
|
|-heal|p2a: Mew|83/100 par|[from] item: Leftovers
|upkeep
|turn|61
|
|t:|1779950895
|move|p1a: Aldof|Taunt|p2a: Mew
|-start|p2a: Mew|move: Taunt
|cant|p2a: Mew|move: Taunt|Spikes
|
|-heal|p2a: Mew|89/100 par|[from] item: Leftovers
|upkeep
|turn|62
|
|t:|1779950913
|switch|p1a: Sandman|Darkrai|17/100
|-damage|p1a: Sandman|5/100|[from] Stealth Rock
|switch|p2a: Mandibuzz|Mandibuzz, F|100/100
|
|upkeep
|turn|63
|
|t:|1779950936
|switch|p2a: Mew|Mew|89/100 par
|-damage|p2a: Mew|77/100 par|[from] Stealth Rock
|move|p1a: Sandman|Ice Beam|p2a: Mew
|-damage|p2a: Mew|38/100 par
|
|-heal|p2a: Mew|44/100 par|[from] item: Leftovers
|upkeep
|turn|64
|inactive|NormalPokemons has 120 seconds left.
|
|t:|1779950952
|move|p1a: Sandman|Ice Beam|p2a: Mew
|-damage|p2a: Mew|6/100 par
|cant|p2a: Mew|par
|
|-heal|p2a: Mew|13/100 par|[from] item: Leftovers
|upkeep
|turn|65
|
|t:|1779950958
|move|p1a: Sandman|Ice Beam|p2a: Mew
|-damage|p2a: Mew|0 fnt
|faint|p2a: Mew
|
|upkeep
|
|t:|1779950961
|switch|p2a: Clefable|Clefable, F|94/100
|-damage|p2a: Clefable|82/100|[from] Stealth Rock
|-status|p2a: Clefable|psn
|turn|66
|
|t:|1779950965
|move|p1a: Sandman|Ice Beam|p2a: Clefable
|-damage|p2a: Clefable|33/100 psn
|move|p2a: Clefable|Moonblast|p1a: Sandman
|-supereffective|p1a: Sandman
|-damage|p1a: Sandman|0 fnt
|faint|p1a: Sandman
|
|-heal|p2a: Clefable|39/100 psn|[from] item: Leftovers
|-damage|p2a: Clefable|27/100 psn|[from] psn
|upkeep
|inactive|gardevoirandvapo has 120 seconds left.
|inactive|gardevoirandvapo has 90 seconds left.
|
|t:|1779951033
|switch|p1a: Mismagiusty|Mismagius, M, shiny|88/100
|-damage|p1a: Mismagiusty|76/100|[from] Stealth Rock
|turn|67
|
|t:|1779951049
|move|p1a: Mismagiusty|Thunderbolt|p2a: Clefable
|-damage|p2a: Clefable|0 fnt
|faint|p2a: Clefable
|
|upkeep
|
|t:|1779951068
|switch|p2a: Mandibuzz|Mandibuzz, F|100/100
|turn|68
|
|t:|1779951076
|move|p1a: Mismagiusty|Thunderbolt|p2a: Mandibuzz
|-supereffective|p2a: Mandibuzz
|-damage|p2a: Mandibuzz|47/100
|move|p2a: Mandibuzz|Toxic|p1a: Mismagiusty
|-status|p1a: Mismagiusty|tox
|
|-damage|p1a: Mismagiusty|70/100 tox|[from] psn
|upkeep
|turn|69
|inactive|NormalPokemons has 120 seconds left.
|
|t:|1779951117
|switch|p2a: Pecharunt|Pecharunt, tera:Dark|91/100 slp
|-damage|p2a: Pecharunt|79/100 slp|[from] Stealth Rock
|move|p1a: Mismagiusty|Thunderbolt|p2a: Pecharunt
|-damage|p2a: Pecharunt|38/100 slp
|
|-damage|p1a: Mismagiusty|58/100 tox|[from] psn
|upkeep
|turn|70
|
|t:|1779951133
|move|p1a: Mismagiusty|Thunderbolt|p2a: Pecharunt
|-damage|p2a: Pecharunt|0 fnt
|faint|p2a: Pecharunt
|
|-damage|p1a: Mismagiusty|39/100 tox|[from] psn
|upkeep
|
|t:|1779951137
|switch|p2a: Mandibuzz|Mandibuzz, F|47/100
|turn|71
|
|t:|1779951140
|move|p1a: Mismagiusty|Thunderbolt|p2a: Mandibuzz
|-supereffective|p2a: Mandibuzz
|-damage|p2a: Mandibuzz|0 fnt
|faint|p2a: Mandibuzz
|
|win|gardevoirandvapo
|raw|gardevoirandvapo's rating: 1305 &rarr; <strong>1329</strong><br />(+24 for winning)
|raw|NormalPokemons's rating: 1375 &rarr; <strong>1351</strong><br />(-24 for losing)
|l|☆NormalPokemons
|player|p2|
|l|☆gardevoirandvapo
|player|p1|
