|j|☆NojaKalm
|j|☆mythiixx
|t:|1779907604
|gametype|singles
|player|p1|NojaKalm|1|1657
|player|p2|mythiixx|169|1563
|gen|9
|tier|[Gen 9] OU
|rated|
|rule|HP Percentage Mod: HP is shown in percentages
|rule|Endless Battle Clause: Forcing endless battles is banned
|rule|Species Clause: Limit one of each Pokémon
|rule|OHKO Clause: OHKO moves are banned
|rule|Evasion Items Clause: Evasion items are banned
|rule|Evasion Moves Clause: Evasion moves are banned
|rule|Evasion Abilities Clause: Evasion abilities are banned
|rule|Sleep Moves Clause: Sleep-inducing moves are banned
|clearpoke
|poke|p1|Comfey, M|
|poke|p1|Whimsicott, F|
|poke|p1|Iron Moth|
|poke|p1|Walking Wake|
|poke|p1|Great Tusk|
|poke|p1|Ninetales, M|
|poke|p2|Hydrapple, M|
|poke|p2|Alomomola, F|
|poke|p2|Zapdos|
|poke|p2|Dragapult, F|
|poke|p2|Hoopa-Unbound|
|poke|p2|Iron Treads|
|teampreview
|inactive|Battle timer is ON: inactive players will automatically lose when time's up. (requested by NojaKalm)
|j| kamtong94
|l| kamtong94
|inactive|mythiixx has 120 seconds left.
|
|t:|1779907645
|teamsize|p1|6
|teamsize|p2|6
|start
|switch|p1a: Ninetales|Ninetales, M|100/100
|switch|p2a: Dragapult|Dragapult, F|100/100
|-weather|SunnyDay|[from] ability: Drought|[of] p1a: Ninetales
|turn|1
|l|☆NojaKalm
|inactive|NojaKalm disconnected and has a minute to reconnect!
|player|p1|
|j|☆NojaKalm
|inactive|NojaKalm reconnected and has 145 seconds left.
|player|p1|NojaKalm|1|
|
|t:|1779907657
|switch|p1a: Great Tusk|Great Tusk|100/100
|-activate|p1a: Great Tusk|ability: Protosynthesis
|-start|p1a: Great Tusk|protosynthesisspe
|move|p2a: Dragapult|U-turn|p1a: Great Tusk
|-resisted|p1a: Great Tusk
|-damage|p1a: Great Tusk|90/100
|-damage|p2a: Dragapult|84/100|[from] item: Rocky Helmet|[of] p1a: Great Tusk
|
|t:|1779907664
|switch|p2a: Hydrapple|Hydrapple, M|100/100|[from] U-turn
|
|-weather|SunnyDay|[upkeep]
|upkeep
|turn|2
|
|t:|1779907671
|move|p1a: Great Tusk|Ice Spinner|p2a: Hydrapple
|-supereffective|p2a: Hydrapple
|-damage|p2a: Hydrapple|48/100
|-damage|p1a: Great Tusk|73/100|[from] item: Rocky Helmet|[of] p2a: Hydrapple
|move|p2a: Hydrapple|Dragon Tail|p1a: Great Tusk
|-damage|p1a: Great Tusk|63/100
|-damage|p2a: Hydrapple|32/100|[from] item: Rocky Helmet|[of] p1a: Great Tusk
|-end|p1a: Great Tusk|Protosynthesis|[silent]
|drag|p1a: Comfey|Comfey, M|100/100
|
|-weather|SunnyDay|[upkeep]
|upkeep
|turn|3
|
|t:|1779907685
|switch|p2a: Iron Treads|Iron Treads|100/100
|move|p1a: Comfey|Growth|p1a: Comfey
|-boost|p1a: Comfey|atk|2
|-boost|p1a: Comfey|spa|2
|
|-weather|SunnyDay|[upkeep]
|upkeep
|turn|4
|
|t:|1779907691
|switch|p1a: Walking Wake|Walking Wake|100/100
|-activate|p1a: Walking Wake|ability: Protosynthesis
|-start|p1a: Walking Wake|protosynthesisspe
|move|p2a: Iron Treads|Stealth Rock|p1a: Walking Wake
|-sidestart|p1: NojaKalm|move: Stealth Rock
|
|-weather|SunnyDay|[upkeep]
|upkeep
|turn|5
|
|t:|1779907698
|-end|p2a: Iron Treads|Quark Drive|[silent]
|switch|p2a: Alomomola|Alomomola, F|100/100
|move|p1a: Walking Wake|Hydro Steam|p2a: Alomomola
|-resisted|p2a: Alomomola
|-damage|p2a: Alomomola|81/100
|
|-weather|SunnyDay|[upkeep]
|upkeep
|turn|6
|
|t:|1779907714
|move|p1a: Walking Wake|Knock Off|p2a: Alomomola
|-damage|p2a: Alomomola|69/100
|-enditem|p2a: Alomomola|Heavy-Duty Boots|[from] move: Knock Off|[of] p1a: Walking Wake
|move|p2a: Alomomola|Flip Turn|p1a: Walking Wake
|-resisted|p1a: Walking Wake
|-damage|p1a: Walking Wake|99/100
|
|t:|1779907719
|switch|p2a: Hydrapple|Hydrapple, M|65/100|[from] Flip Turn
|
|-weather|SunnyDay|[upkeep]
|upkeep
|turn|7
|
|t:|1779907736
|switch|p2a: Alomomola|Alomomola, F|100/100
|move|p1a: Walking Wake|Draco Meteor|p2a: Alomomola
|-crit|p2a: Alomomola
|-damage|p2a: Alomomola|37/100
|-unboost|p1a: Walking Wake|spa|2
|
|-weather|SunnyDay|[upkeep]
|upkeep
|turn|8
|
|t:|1779907746
|move|p1a: Walking Wake|Flip Turn|p2a: Alomomola
|-resisted|p2a: Alomomola
|-damage|p2a: Alomomola|34/100
|j| Schlafparalyse
|inactive|NojaKalm has 120 seconds left.
|
|t:|1779907788
|-end|p1a: Walking Wake|Protosynthesis|[silent]
|switch|p1a: Iron Moth|Iron Moth|100/100|[from] Flip Turn
|-damage|p1a: Iron Moth|76/100|[from] Stealth Rock
|-enditem|p1a: Iron Moth|Booster Energy
|-activate|p1a: Iron Moth|ability: Quark Drive|[fromitem]
|-start|p1a: Iron Moth|quarkdrivespa
|move|p2a: Alomomola|Flip Turn|p1a: Iron Moth
|-supereffective|p1a: Iron Moth
|-damage|p1a: Iron Moth|48/100
|
|t:|1779907796
|switch|p2a: Dragapult|Dragapult, F|84/100|[from] Flip Turn
|
|-weather|none
|upkeep
|turn|9
|
|t:|1779907802
|move|p2a: Dragapult|Dragon Darts|p1a: Iron Moth
|-damage|p1a: Iron Moth|0 fnt
|faint|p1a: Iron Moth
|-end|p1a: Iron Moth|Quark Drive|[silent]
|
|upkeep
|
|t:|1779907805
|switch|p1a: Ninetales|Ninetales, M|100/100
|-damage|p1a: Ninetales|76/100|[from] Stealth Rock
|-weather|SunnyDay|[from] ability: Drought|[of] p1a: Ninetales
|turn|10
|
|t:|1779907822
|switch|p2a: Zapdos|Zapdos|100/100
|switch|p1a: Whimsicott|Whimsicott, F|100/100
|-damage|p1a: Whimsicott|88/100|[from] Stealth Rock
|
|-weather|SunnyDay|[upkeep]
|upkeep
|turn|11
|
|t:|1779907829
|move|p1a: Whimsicott|Growth|p1a: Whimsicott
|-boost|p1a: Whimsicott|atk|2
|-boost|p1a: Whimsicott|spa|2
|move|p2a: Zapdos|Heat Wave|p1a: Whimsicott
|-supereffective|p1a: Whimsicott
|-damage|p1a: Whimsicott|0 fnt
|faint|p1a: Whimsicott
|
|-weather|SunnyDay|[upkeep]
|upkeep
|
|t:|1779907834
|switch|p1a: Comfey|Comfey, M|100/100
|-damage|p1a: Comfey|88/100|[from] Stealth Rock
|turn|12
|
|t:|1779907840
|move|p2a: Zapdos|Volt Switch|p1a: Comfey
|-damage|p1a: Comfey|58/100
|
|t:|1779907843
|switch|p2a: Iron Treads|Iron Treads|100/100|[from] Volt Switch
|move|p1a: Comfey|Growth|p1a: Comfey
|-boost|p1a: Comfey|atk|2
|-boost|p1a: Comfey|spa|2
|
|-weather|SunnyDay|[upkeep]
|upkeep
|turn|13
|
|t:|1779907848
|-terastallize|p1a: Comfey|Water
|move|p2a: Iron Treads|Earthquake|p1a: Comfey
|-damage|p1a: Comfey|14/100
|move|p1a: Comfey|Growth|p1a: Comfey
|-boost|p1a: Comfey|atk|2
|-boost|p1a: Comfey|spa|2
|
|-weather|SunnyDay|[upkeep]
|upkeep
|turn|14
|
|t:|1779907854
|move|p1a: Comfey|Draining Kiss|p2a: Iron Treads
|-resisted|p2a: Iron Treads
|-damage|p2a: Iron Treads|52/100
|-heal|p1a: Comfey|60/100|[from] drain|[of] p2a: Iron Treads
|-damage|p1a: Comfey|50/100|[from] item: Life Orb
|move|p2a: Iron Treads|Earthquake|p1a: Comfey
|-damage|p1a: Comfey|1/100
|
|-weather|SunnyDay|[upkeep]
|-heal|p2a: Iron Treads|58/100|[from] item: Leftovers
|upkeep
|turn|15
|
|t:|1779907863
|move|p1a: Comfey|Synthesis|p1a: Comfey
|-heal|p1a: Comfey|67/100
|move|p2a: Iron Treads|Earthquake|p1a: Comfey
|-damage|p1a: Comfey|19/100
|
|-weather|SunnyDay|[upkeep]
|-heal|p2a: Iron Treads|65/100|[from] item: Leftovers
|upkeep
|turn|16
|
|t:|1779907869
|move|p1a: Comfey|Draining Kiss|p2a: Iron Treads
|-resisted|p2a: Iron Treads
|-damage|p2a: Iron Treads|17/100
|-heal|p1a: Comfey|64/100|[from] drain|[of] p2a: Iron Treads
|-damage|p1a: Comfey|54/100|[from] item: Life Orb
|move|p2a: Iron Treads|Earthquake|p1a: Comfey
|-damage|p1a: Comfey|11/100
|
|-weather|SunnyDay|[upkeep]
|-heal|p2a: Iron Treads|23/100|[from] item: Leftovers
|upkeep
|turn|17
|j| noe1210
|j| dimejiv3
|
|t:|1779907883
|move|p1a: Comfey|Draining Kiss|p2a: Iron Treads
|-resisted|p2a: Iron Treads
|-damage|p2a: Iron Treads|0 fnt
|-heal|p1a: Comfey|32/100|[from] drain|[of] p2a: Iron Treads
|faint|p2a: Iron Treads
|-end|p2a: Iron Treads|Quark Drive|[silent]
|-damage|p1a: Comfey|22/100|[from] item: Life Orb
|
|-weather|none
|upkeep
|
|t:|1779907895
|switch|p2a: Hydrapple|Hydrapple, M|98/100
|turn|18
|
|t:|1779907903
|-terastallize|p2a: Hydrapple|Steel
|move|p1a: Comfey|Draining Kiss|p2a: Hydrapple
|-resisted|p2a: Hydrapple
|-damage|p2a: Hydrapple|60/100
|-heal|p1a: Comfey|62/100|[from] drain|[of] p2a: Hydrapple
|-damage|p1a: Comfey|45/100|[from] item: Rocky Helmet|[of] p2a: Hydrapple
|-damage|p1a: Comfey|36/100|[from] item: Life Orb
|move|p2a: Hydrapple|Giga Drain|p1a: Comfey
|-supereffective|p1a: Comfey
|-damage|p1a: Comfey|0 fnt
|-heal|p2a: Hydrapple|73/100|[from] drain|[of] p1a: Comfey
|faint|p1a: Comfey
|
|upkeep
|
|t:|1779907909
|switch|p1a: Ninetales|Ninetales, M|76/100
|-damage|p1a: Ninetales|51/100|[from] Stealth Rock
|-weather|SunnyDay|[from] ability: Drought|[of] p1a: Ninetales
|turn|19
|
|t:|1779907915
|switch|p2a: Alomomola|Alomomola, F|67/100
|move|p1a: Ninetales|Weather Ball|p2a: Alomomola
|-resisted|p2a: Alomomola
|-damage|p2a: Alomomola|50/100
|
|-weather|SunnyDay|[upkeep]
|upkeep
|turn|20
|-message|NojaKalm forfeited.
|
|win|mythiixx
|raw|NojaKalm's rating: 1657 &rarr; <strong>1632</strong><br />(-25 for losing)
|raw|mythiixx's rating: 1563 &rarr; <strong>1588</strong><br />(+25 for winning)
|l|☆NojaKalm
|player|p1|
|l| Schlafparalyse
|l|☆mythiixx
|player|p2|
|l| noe1210
|l| dimejiv3
