|j|☆Pikamon333
|j|☆UltraBallzz
|t:|1779933636
|gametype|singles
|player|p1|Pikamon333|1|1646
|player|p2|UltraBallzz|#splxbigs|1704
|gen|9
|tier|[Gen 9] OU
|rated|
|rule|HP Percentage Mod: HP is shown in percentages
|rule|Endless Battle Clause: Forcing endless battles is banned
|rule|Species Clause: Limit one of each Pokémon
|rule|OHKO Clause: OHKO moves are banned
|rule|Evasion Items Clause: Evasion items are banned
|rule|Evasion Moves Clause: Evasion moves are banned
|rule|Evasion Abilities Clause: Evasion abilities are banned
|rule|Sleep Moves Clause: Sleep-inducing moves are banned
|clearpoke
|poke|p1|Zapdos|
|poke|p1|Zamazenta-*|
|poke|p1|Iron Moth|
|poke|p1|Kyurem|
|poke|p1|Dragonite, M|
|poke|p1|Great Tusk|
|poke|p2|Iron Treads|
|poke|p2|Moltres|
|poke|p2|Dragapult, F|
|poke|p2|Samurott-Hisui, M|
|poke|p2|Ogerpon, F|
|poke|p2|Iron Valiant|
|teampreview
|
|t:|1779933650
|teamsize|p1|6
|teamsize|p2|6
|start
|switch|p1a: Kyurem|Kyurem|100/100
|switch|p2a: Dragapult|Dragapult, F|100/100
|-ability|p1a: Kyurem|Pressure
|turn|1
|
|t:|1779933652
|move|p2a: Dragapult|Dragon Darts|p1a: Kyurem
|-supereffective|p1a: Kyurem
|-damage|p1a: Kyurem|64/100
|-anim|p2a: Dragapult|Dragon Darts|p1a: Kyurem
|-supereffective|p1a: Kyurem
|-damage|p1a: Kyurem|24/100
|move|p1a: Kyurem|Ice Beam|p2a: Dragapult
|-supereffective|p2a: Dragapult
|-damage|p2a: Dragapult|0 fnt
|faint|p2a: Dragapult
|
|upkeep
|
|t:|1779933661
|switch|p2a: Samurott|Samurott-Hisui, M|100/100
|turn|2
|inactive|Battle timer is ON: inactive players will automatically lose when time's up. (requested by UltraBallzz)
|
|t:|1779933665
|move|p1a: Kyurem|Freeze-Dry|p2a: Samurott
|-supereffective|p2a: Samurott
|-damage|p2a: Samurott|46/100
|move|p2a: Samurott|Ceaseless Edge|p1a: Kyurem
|-damage|p1a: Kyurem|0 fnt
|-sidestart|p1: Pikamon333|Spikes
|faint|p1a: Kyurem
|
|upkeep
|
|t:|1779933672
|switch|p1a: Zapdos|Zapdos|100/100
|turn|3
|
|t:|1779933675
|switch|p2a: Iron Treads|Iron Treads|100/100
|move|p1a: Zapdos|U-turn|p2a: Iron Treads
|-resisted|p2a: Iron Treads
|-damage|p2a: Iron Treads|96/100
|j| FaronAan
|
|t:|1779933680
|switch|p1a: Great Tusk|Great Tusk|100/100|[from] U-turn
|-damage|p1a: Great Tusk|88/100|[from] Spikes
|-enditem|p1a: Great Tusk|Booster Energy
|-activate|p1a: Great Tusk|ability: Protosynthesis|[fromitem]
|-start|p1a: Great Tusk|protosynthesisatk
|
|-heal|p2a: Iron Treads|100/100|[from] item: Leftovers
|upkeep
|turn|4
|
|t:|1779933683
|-end|p2a: Iron Treads|Quark Drive|[silent]
|switch|p2a: Moltres|Moltres|100/100
|move|p1a: Great Tusk|Rapid Spin|p2a: Moltres
|-damage|p2a: Moltres|86/100
|-boost|p1a: Great Tusk|spe|1
|-sideend|p1: Pikamon333|Spikes|[from] move: Rapid Spin|[of] p1a: Great Tusk
|
|upkeep
|turn|5
|
|t:|1779933686
|move|p1a: Great Tusk|Stealth Rock|p2a: Moltres
|-sidestart|p2: UltraBallzz|move: Stealth Rock
|move|p2a: Moltres|Will-O-Wisp|p1a: Great Tusk
|-status|p1a: Great Tusk|brn
|
|-damage|p1a: Great Tusk|82/100 brn|[from] brn
|upkeep
|turn|6
|
|t:|1779933692
|-end|p1a: Great Tusk|Protosynthesis|[silent]
|switch|p1a: Zapdos|Zapdos|100/100
|move|p2a: Moltres|Flamethrower|p1a: Zapdos
|-damage|p1a: Zapdos|55/100
|
|upkeep
|turn|7
|
|t:|1779933696
|move|p1a: Zapdos|Hurricane|p2a: Moltres|[miss]
|-miss|p1a: Zapdos|p2a: Moltres
|move|p2a: Moltres|Will-O-Wisp|p1a: Zapdos
|-status|p1a: Zapdos|brn
|
|-damage|p1a: Zapdos|49/100 brn|[from] brn
|upkeep
|turn|8
|
|t:|1779933699
|switch|p2a: Iron Treads|Iron Treads|100/100
|-damage|p2a: Iron Treads|98/100|[from] Stealth Rock
|move|p1a: Zapdos|Hurricane|p2a: Iron Treads
|-resisted|p2a: Iron Treads
|-damage|p2a: Iron Treads|68/100
|
|-heal|p2a: Iron Treads|74/100|[from] item: Leftovers
|-damage|p1a: Zapdos|43/100 brn|[from] brn
|upkeep
|turn|9
|
|t:|1779933701
|switch|p1a: Great Tusk|Great Tusk|82/100 brn
|move|p2a: Iron Treads|Rapid Spin|p1a: Great Tusk
|-damage|p1a: Great Tusk|73/100 brn
|-boost|p2a: Iron Treads|spe|1
|-sideend|p2: UltraBallzz|Stealth Rock|[from] move: Rapid Spin|[of] p2a: Iron Treads
|
|-heal|p2a: Iron Treads|80/100|[from] item: Leftovers
|-damage|p1a: Great Tusk|67/100 brn|[from] brn
|upkeep
|turn|10
|
|t:|1779933707
|-end|p2a: Iron Treads|Quark Drive|[silent]
|switch|p2a: Moltres|Moltres|86/100
|move|p1a: Great Tusk|Headlong Rush|p2a: Moltres
|-immune|p2a: Moltres
|
|-damage|p1a: Great Tusk|61/100 brn|[from] brn
|upkeep
|turn|11
|
|t:|1779933710
|move|p1a: Great Tusk|Stealth Rock|p2a: Moltres
|-sidestart|p2: UltraBallzz|move: Stealth Rock
|move|p2a: Moltres|Flamethrower|p1a: Great Tusk
|-damage|p1a: Great Tusk|3/100 brn
|
|-damage|p1a: Great Tusk|0 fnt|[from] brn
|faint|p1a: Great Tusk
|-end|p1a: Great Tusk|Protosynthesis|[silent]
|upkeep
|
|t:|1779933715
|switch|p1a: Zapdos|Zapdos|43/100 brn
|turn|12
|
|t:|1779933718
|switch|p2a: Iron Treads|Iron Treads|80/100
|-damage|p2a: Iron Treads|78/100|[from] Stealth Rock
|move|p1a: Zapdos|Thunderbolt|p2a: Iron Treads
|-immune|p2a: Iron Treads
|
|-heal|p2a: Iron Treads|84/100|[from] item: Leftovers
|-damage|p1a: Zapdos|37/100 brn|[from] brn
|upkeep
|turn|13
|
|t:|1779933723
|switch|p1a: Dragonite|Dragonite, M|100/100
|move|p2a: Iron Treads|Stealth Rock|p1a: Dragonite
|-sidestart|p1: Pikamon333|move: Stealth Rock
|
|-heal|p2a: Iron Treads|90/100|[from] item: Leftovers
|upkeep
|turn|14
|
|t:|1779933735
|-end|p2a: Iron Treads|Quark Drive|[silent]
|switch|p2a: Moltres|Moltres|86/100
|move|p1a: Dragonite|Dragon Dance|p1a: Dragonite
|-boost|p1a: Dragonite|atk|1
|-boost|p1a: Dragonite|spe|1
|
|upkeep
|turn|15
|
|t:|1779933740
|move|p1a: Dragonite|Outrage|p2a: Moltres
|-damage|p2a: Moltres|11/100
|move|p2a: Moltres|Will-O-Wisp|p1a: Dragonite
|-status|p1a: Dragonite|brn
|
|-damage|p1a: Dragonite|94/100 brn|[from] brn
|upkeep
|turn|16
|
|t:|1779933749
|move|p1a: Dragonite|Outrage|p2a: Moltres|[from] lockedmove
|-damage|p2a: Moltres|0 fnt
|faint|p2a: Moltres
|-start|p1a: Dragonite|confusion|[fatigue]
|
|-damage|p1a: Dragonite|88/100 brn|[from] brn
|upkeep
|
|t:|1779933751
|switch|p2a: Iron Valiant|Iron Valiant|100/100
|-damage|p2a: Iron Valiant|94/100|[from] Stealth Rock
|-enditem|p2a: Iron Valiant|Booster Energy
|-activate|p2a: Iron Valiant|ability: Quark Drive|[fromitem]
|-start|p2a: Iron Valiant|quarkdrivespe
|turn|17
|
|t:|1779933761
|-activate|p1a: Dragonite|confusion
|move|p1a: Dragonite|Extreme Speed|p2a: Iron Valiant
|-damage|p2a: Iron Valiant|62/100
|move|p2a: Iron Valiant|Moonblast|p1a: Dragonite
|-supereffective|p1a: Dragonite
|-damage|p1a: Dragonite|0 fnt
|faint|p1a: Dragonite
|
|upkeep
|
|t:|1779933765
|switch|p1a: Zamazenta|Zamazenta|100/100
|-damage|p1a: Zamazenta|94/100|[from] Stealth Rock
|-ability|p1a: Zamazenta|Dauntless Shield|boost
|-boost|p1a: Zamazenta|def|1
|turn|18
|
|t:|1779933779
|-terastallize|p2a: Iron Valiant|Ghost
|-terastallize|p1a: Zamazenta|Fire
|move|p2a: Iron Valiant|Aura Sphere|p1a: Zamazenta
|-damage|p1a: Zamazenta|59/100
|move|p1a: Zamazenta|Heavy Slam|p2a: Iron Valiant
|-damage|p2a: Iron Valiant|18/100
|
|-heal|p1a: Zamazenta|65/100|[from] item: Leftovers
|upkeep
|turn|19
|
|t:|1779933791
|move|p2a: Iron Valiant|Shadow Ball|p1a: Zamazenta
|-damage|p1a: Zamazenta|31/100
|move|p1a: Zamazenta|Crunch|p2a: Iron Valiant
|-supereffective|p2a: Iron Valiant
|-damage|p2a: Iron Valiant|0 fnt
|faint|p2a: Iron Valiant
|-end|p2a: Iron Valiant|Quark Drive|[silent]
|
|-heal|p1a: Zamazenta|37/100|[from] item: Leftovers
|upkeep
|
|t:|1779933811
|switch|p2a: Samurott|Samurott-Hisui, M|46/100
|-damage|p2a: Samurott|33/100|[from] Stealth Rock
|turn|20
|
|t:|1779933815
|move|p2a: Samurott|Sucker Punch|p1a: Zamazenta
|-damage|p1a: Zamazenta|21/100
|move|p1a: Zamazenta|Body Press|p2a: Samurott
|-supereffective|p2a: Samurott
|-damage|p2a: Samurott|0 fnt
|faint|p2a: Samurott
|
|-heal|p1a: Zamazenta|27/100|[from] item: Leftovers
|upkeep
|
|t:|1779933823
|switch|p2a: Ogerpon|Ogerpon, F|100/100
|-damage|p2a: Ogerpon|88/100|[from] Stealth Rock
|turn|21
|
|t:|1779933829
|move|p1a: Zamazenta|Body Press|p2a: Ogerpon
|-damage|p2a: Ogerpon|19/100
|move|p2a: Ogerpon|Low Kick|p1a: Zamazenta
|-damage|p1a: Zamazenta|0 fnt
|faint|p1a: Zamazenta
|
|upkeep
|
|t:|1779933834
|switch|p1a: Zapdos|Zapdos|37/100 brn
|-damage|p1a: Zapdos|12/100 brn|[from] Stealth Rock
|turn|22
|
|t:|1779933842
|move|p1a: Zapdos|Heat Wave|p2a: Ogerpon
|-supereffective|p2a: Ogerpon
|-damage|p2a: Ogerpon|0 fnt
|faint|p2a: Ogerpon
|
|-damage|p1a: Zapdos|6/100 brn|[from] brn
|upkeep
|
|t:|1779933844
|switch|p2a: Iron Treads|Iron Treads|90/100
|-damage|p2a: Iron Treads|87/100|[from] Stealth Rock
|turn|23
|
|t:|1779933846
|move|p1a: Zapdos|Heat Wave|p2a: Iron Treads
|-supereffective|p2a: Iron Treads
|-damage|p2a: Iron Treads|11/100
|move|p2a: Iron Treads|Rapid Spin|p1a: Zapdos
|-damage|p1a: Zapdos|0 fnt
|-boost|p2a: Iron Treads|spe|1
|-sideend|p2: UltraBallzz|Stealth Rock|[from] move: Rapid Spin|[of] p2a: Iron Treads
|faint|p1a: Zapdos
|
|-heal|p2a: Iron Treads|17/100|[from] item: Leftovers
|upkeep
|
|t:|1779933851
|switch|p1a: Iron Moth|Iron Moth|100/100
|-damage|p1a: Iron Moth|76/100|[from] Stealth Rock
|-enditem|p1a: Iron Moth|Booster Energy
|-activate|p1a: Iron Moth|ability: Quark Drive|[fromitem]
|-start|p1a: Iron Moth|quarkdrivespe
|turn|24
|
|t:|1779933853
|move|p1a: Iron Moth|Fiery Dance|p2a: Iron Treads
|-supereffective|p2a: Iron Treads
|-damage|p2a: Iron Treads|0 fnt
|-boost|p1a: Iron Moth|spa|1
|faint|p2a: Iron Treads
|-end|p2a: Iron Treads|Quark Drive|[silent]
|
|win|Pikamon333
|raw|Pikamon333's rating: 1646 &rarr; <strong>1669</strong><br />(+23 for winning)
|raw|UltraBallzz's rating: 1704 &rarr; <strong>1681</strong><br />(-23 for losing)
|l| FaronAan
|l|☆UltraBallzz
|player|p2|
|l|☆Pikamon333
|player|p1|
