|j|☆cesar097600
|j|☆claudechamp
|t:|1779837873
|gametype|singles
|player|p1|cesar097600|barry|1229
|player|p2|claudechamp|265|1267
|gen|9
|tier|[Gen 9] OU
|rated|
|rule|HP Percentage Mod: HP is shown in percentages
|rule|Endless Battle Clause: Forcing endless battles is banned
|rule|Species Clause: Limit one of each Pokémon
|rule|OHKO Clause: OHKO moves are banned
|rule|Evasion Items Clause: Evasion items are banned
|rule|Evasion Moves Clause: Evasion moves are banned
|rule|Evasion Abilities Clause: Evasion abilities are banned
|rule|Sleep Moves Clause: Sleep-inducing moves are banned
|clearpoke
|poke|p1|Clefable, M|
|poke|p1|Gliscor, M|
|poke|p1|Gholdengo|
|poke|p1|Dragonite, M|
|poke|p1|Lilligant, F|
|poke|p1|Heatran, M|
|poke|p2|Gliscor, M|
|poke|p2|Ogerpon, F|
|poke|p2|Walking Wake|
|poke|p2|Blissey, F|
|poke|p2|Corviknight, M|
|poke|p2|Pecharunt|
|teampreview
|c|☆claudechamp|hf
|inactive|Battle timer is ON: inactive players will automatically lose when time's up. (requested by claudechamp)
|
|t:|1779837884
|teamsize|p1|6
|teamsize|p2|6
|start
|switch|p1a: Gliscor|Gliscor, M, shiny|100/100
|switch|p2a: Gliscor|Gliscor, M|100/100
|turn|1
|
|t:|1779837892
|move|p1a: Gliscor|Stealth Rock|p2a: Gliscor
|-sidestart|p2: claudechamp|move: Stealth Rock
|move|p2a: Gliscor|Spikes|p1a: Gliscor
|-sidestart|p1: cesar097600|Spikes
|
|-status|p2a: Gliscor|tox|[from] item: Toxic Orb
|-status|p1a: Gliscor|tox|[from] item: Toxic Orb
|upkeep
|turn|2
|
|t:|1779837900
|switch|p1a: Lilligant|Lilligant, F|100/100
|-damage|p1a: Lilligant|88/100|[from] Spikes
|switch|p2a: Blissey|Blissey, F|100/100
|
|upkeep
|turn|3
|
|t:|1779837920
|switch|p1a: Gholdengo|Gholdengo|100/100
|-item|p1a: Gholdengo|Air Balloon
|move|p2a: Blissey|Stealth Rock|p1a: Gholdengo
|-sidestart|p1: cesar097600|move: Stealth Rock
|
|upkeep
|turn|4
|
|t:|1779837929
|-terastallize|p2a: Blissey|Dark
|move|p1a: Gholdengo|Nasty Plot|p1a: Gholdengo
|-boost|p1a: Gholdengo|spa|2
|move|p2a: Blissey|Calm Mind|p2a: Blissey
|-boost|p2a: Blissey|spa|1
|-boost|p2a: Blissey|spd|1
|
|upkeep
|turn|5
|
|t:|1779837945
|switch|p1a: Heatran|Heatran, M|100/100
|-damage|p1a: Heatran|88/100|[from] Spikes
|-damage|p1a: Heatran|76/100|[from] Stealth Rock
|switch|p2a: Walking Wake|Walking Wake|100/100
|
|-heal|p1a: Heatran|82/100|[from] item: Leftovers
|upkeep
|turn|6
|
|t:|1779837952
|-terastallize|p1a: Heatran|Grass
|move|p2a: Walking Wake|Surf|p1a: Heatran
|-resisted|p1a: Heatran
|-damage|p1a: Heatran|67/100
|move|p1a: Heatran|Magma Storm|p2a: Walking Wake|[miss]
|-miss|p1a: Heatran|p2a: Walking Wake
|
|-heal|p1a: Heatran|73/100|[from] item: Leftovers
|upkeep
|turn|7
|
|t:|1779837959
|move|p2a: Walking Wake|Knock Off|p1a: Heatran
|-damage|p1a: Heatran|59/100
|-enditem|p1a: Heatran|Leftovers|[from] move: Knock Off|[of] p2a: Walking Wake
|move|p1a: Heatran|Magma Storm|p2a: Walking Wake
|-resisted|p2a: Walking Wake
|-damage|p2a: Walking Wake|85/100
|-activate|p2a: Walking Wake|move: Magma Storm|[of] p1a: Heatran
|
|-damage|p2a: Walking Wake|73/100|[from] move: Magma Storm|[partiallytrapped]
|upkeep
|turn|8
|
|t:|1779837969
|move|p1a: Heatran|Protect|p1a: Heatran
|-singleturn|p1a: Heatran|Protect
|move|p2a: Walking Wake|Draco Meteor|p1a: Heatran
|-activate|p1a: Heatran|move: Protect
|
|-damage|p2a: Walking Wake|60/100|[from] move: Magma Storm|[partiallytrapped]
|upkeep
|turn|9
|
|t:|1779837980
|move|p2a: Walking Wake|Draco Meteor|p1a: Heatran
|-damage|p1a: Heatran|11/100
|-unboost|p2a: Walking Wake|spa|2
|move|p1a: Heatran|Body Press|p2a: Walking Wake
|-damage|p2a: Walking Wake|39/100
|
|-damage|p2a: Walking Wake|26/100|[from] move: Magma Storm|[partiallytrapped]
|upkeep
|turn|10
|
|t:|1779837987
|move|p1a: Heatran|Protect|p1a: Heatran
|-singleturn|p1a: Heatran|Protect
|move|p2a: Walking Wake|Knock Off|p1a: Heatran
|-activate|p1a: Heatran|move: Protect
|
|-damage|p2a: Walking Wake|14/100|[from] move: Magma Storm|[partiallytrapped]
|upkeep
|turn|11
|
|t:|1779837996
|move|p2a: Walking Wake|Draco Meteor|p1a: Heatran|[miss]
|-miss|p2a: Walking Wake|p1a: Heatran
|move|p1a: Heatran|Body Press|p2a: Walking Wake
|-damage|p2a: Walking Wake|0 fnt
|faint|p2a: Walking Wake
|-end|p2a: Walking Wake|Protosynthesis|[silent]
|
|upkeep
|
|t:|1779838002
|switch|p2a: Ogerpon|Ogerpon, F|100/100
|turn|12
|
|t:|1779838009
|move|p2a: Ogerpon|Ivy Cudgel|p1a: Heatran
|-resisted|p1a: Heatran
|-crit|p1a: Heatran
|-damage|p1a: Heatran|0 fnt
|faint|p1a: Heatran
|
|upkeep
|
|t:|1779838020
|switch|p1a: Dragonite|Dragonite, M|100/100
|turn|13
|
|t:|1779838026
|move|p2a: Ogerpon|Knock Off|p1a: Dragonite
|-damage|p1a: Dragonite|87/100
|-enditem|p1a: Dragonite|Heavy-Duty Boots|[from] move: Knock Off|[of] p2a: Ogerpon
|move|p1a: Dragonite|Dragon Dance|p1a: Dragonite
|-boost|p1a: Dragonite|atk|1
|-boost|p1a: Dragonite|spe|1
|
|upkeep
|turn|14
|
|t:|1779838033
|move|p1a: Dragonite|Extreme Speed|p2a: Ogerpon
|-damage|p2a: Ogerpon|36/100
|move|p2a: Ogerpon|U-turn|p1a: Dragonite
|-resisted|p1a: Dragonite
|-damage|p1a: Dragonite|76/100
|
|t:|1779838038
|switch|p2a: Pecharunt|Pecharunt|100/100|[from] U-turn
|
|upkeep
|turn|15
|
|t:|1779838044
|move|p1a: Dragonite|Earthquake|p2a: Pecharunt
|-supereffective|p2a: Pecharunt
|-damage|p2a: Pecharunt|46/100
|move|p2a: Pecharunt|Foul Play|p1a: Dragonite
|-damage|p1a: Dragonite|24/100
|
|upkeep
|turn|16
|
|t:|1779838049
|move|p1a: Dragonite|Earthquake|p2a: Pecharunt
|-supereffective|p2a: Pecharunt
|-damage|p2a: Pecharunt|0 fnt
|faint|p2a: Pecharunt
|
|upkeep
|
|t:|1779838052
|switch|p2a: Corviknight|Corviknight, M|100/100
|-ability|p2a: Corviknight|Pressure
|turn|17
|
|t:|1779838058
|move|p2a: Corviknight|Thief|p1a: Dragonite
|-damage|p1a: Dragonite|13/100
|move|p1a: Dragonite|Dragon Tail|p2a: Corviknight
|-resisted|p2a: Corviknight
|-damage|p2a: Corviknight|84/100
|drag|p2a: Ogerpon|Ogerpon, F|36/100
|
|upkeep
|turn|18
|
|t:|1779838069
|switch|p2a: Corviknight|Corviknight, M|84/100
|-ability|p2a: Corviknight|Pressure
|move|p1a: Dragonite|Extreme Speed|p2a: Corviknight
|-resisted|p2a: Corviknight
|-damage|p2a: Corviknight|70/100
|
|upkeep
|turn|19
|
|t:|1779838079
|switch|p1a: Gliscor|Gliscor, M, shiny|100/100 tox
|-damage|p1a: Gliscor|88/100 tox|[from] Stealth Rock
|move|p2a: Corviknight|Body Press|p1a: Gliscor
|-resisted|p1a: Gliscor
|-damage|p1a: Gliscor|78/100 tox
|
|-heal|p1a: Gliscor|91/100 tox|[from] ability: Poison Heal
|upkeep
|turn|20
|
|t:|1779838088
|switch|p2a: Ogerpon|Ogerpon, F|36/100
|move|p1a: Gliscor|Toxic Spikes|p2a: Ogerpon
|-sidestart|p2: claudechamp|move: Toxic Spikes
|
|-heal|p1a: Gliscor|100/100 tox|[from] ability: Poison Heal
|upkeep
|turn|21
|
|t:|1779838093
|move|p2a: Ogerpon|U-turn|p1a: Gliscor
|-resisted|p1a: Gliscor
|-damage|p1a: Gliscor|91/100 tox
|
|t:|1779838100
|switch|p2a: Blissey|Blissey, F, tera:Dark|100/100|[from] U-turn
|move|p1a: Gliscor|Toxic Spikes|p2a: Blissey
|-sidestart|p2: claudechamp|move: Toxic Spikes
|
|-heal|p1a: Gliscor|100/100 tox|[from] ability: Poison Heal
|upkeep
|turn|22
|
|t:|1779838116
|switch|p2a: Ogerpon|Ogerpon, F|36/100
|move|p1a: Gliscor|Earthquake|p2a: Ogerpon
|-resisted|p2a: Ogerpon
|-damage|p2a: Ogerpon|15/100
|
|upkeep
|turn|23
|
|t:|1779838140
|move|p2a: Ogerpon|U-turn|p1a: Gliscor
|-resisted|p1a: Gliscor
|-damage|p1a: Gliscor|92/100 tox
|inactive|claudechamp has 120 seconds left.
|
|t:|1779838154
|switch|p2a: Corviknight|Corviknight, M|70/100|[from] U-turn
|-ability|p2a: Corviknight|Pressure
|move|p1a: Gliscor|Knock Off|p2a: Corviknight
|-damage|p2a: Corviknight|56/100
|-enditem|p2a: Corviknight|Heavy-Duty Boots|[from] move: Knock Off|[of] p1a: Gliscor
|
|-heal|p1a: Gliscor|100/100 tox|[from] ability: Poison Heal
|upkeep
|turn|24
|inactive|claudechamp has 120 seconds left.
|
|t:|1779838169
|switch|p1a: Dragonite|Dragonite, M|13/100
|-damage|p1a: Dragonite|0 fnt|[from] Stealth Rock
|faint|p1a: Dragonite
|move|p2a: Corviknight|Roost|p2a: Corviknight
|-heal|p2a: Corviknight|100/100
|-singleturn|p2a: Corviknight|move: Roost
|
|upkeep
|
|t:|1779838180
|switch|p1a: Lilligant|Lilligant, F|88/100
|-damage|p1a: Lilligant|76/100|[from] Spikes
|-damage|p1a: Lilligant|63/100|[from] Stealth Rock
|turn|25
|
|t:|1779838189
|move|p1a: Lilligant|Encore|p2a: Corviknight
|-start|p2a: Corviknight|Encore
|move|p2a: Corviknight|Roost||[still]
|-fail|p2a: Corviknight|heal
|
|upkeep
|turn|26
|
|t:|1779838202
|switch|p1a: Gliscor|Gliscor, M, shiny|100/100 tox
|-damage|p1a: Gliscor|88/100 tox|[from] Stealth Rock
|switch|p2a: Blissey|Blissey, F, tera:Dark|100/100
|
|-heal|p1a: Gliscor|100/100 tox|[from] ability: Poison Heal
|upkeep
|turn|27
|
|t:|1779838215
|move|p1a: Gliscor|Knock Off|p2a: Blissey
|-resisted|p2a: Blissey
|-damage|p2a: Blissey|90/100
|-enditem|p2a: Blissey|Heavy-Duty Boots|[from] move: Knock Off|[of] p1a: Gliscor
|move|p2a: Blissey|Calm Mind|p2a: Blissey
|-boost|p2a: Blissey|spa|1
|-boost|p2a: Blissey|spd|1
|
|upkeep
|turn|28
|
|t:|1779838224
|move|p1a: Gliscor|Earthquake|p2a: Blissey
|-crit|p2a: Blissey
|-damage|p2a: Blissey|42/100
|move|p2a: Blissey|Calm Mind|p2a: Blissey
|-boost|p2a: Blissey|spa|1
|-boost|p2a: Blissey|spd|1
|
|upkeep
|turn|29
|
|t:|1779838233
|move|p1a: Gliscor|Earthquake|p2a: Blissey
|-damage|p2a: Blissey|7/100
|move|p2a: Blissey|Soft-Boiled|p2a: Blissey
|-heal|p2a: Blissey|57/100
|
|upkeep
|turn|30
|
|t:|1779838243
|move|p1a: Gliscor|Earthquake|p2a: Blissey
|-damage|p2a: Blissey|20/100
|move|p2a: Blissey|Soft-Boiled|p2a: Blissey
|-heal|p2a: Blissey|70/100
|
|upkeep
|turn|31
|
|t:|1779838257
|switch|p1a: Lilligant|Lilligant, F|63/100
|-damage|p1a: Lilligant|51/100|[from] Spikes
|-damage|p1a: Lilligant|38/100|[from] Stealth Rock
|move|p2a: Blissey|Soft-Boiled|p2a: Blissey
|-heal|p2a: Blissey|100/100
|
|upkeep
|turn|32
|
|t:|1779838274
|move|p1a: Lilligant|Encore|p2a: Blissey
|-start|p2a: Blissey|Encore
|move|p2a: Blissey|Soft-Boiled||[still]
|-fail|p2a: Blissey|heal
|
|upkeep
|turn|33
|
|t:|1779838288
|switch|p2a: Corviknight|Corviknight, M|100/100
|-damage|p2a: Corviknight|88/100|[from] Stealth Rock
|-ability|p2a: Corviknight|Pressure
|move|p1a: Lilligant|Quiver Dance|p1a: Lilligant
|-boost|p1a: Lilligant|spa|1
|-boost|p1a: Lilligant|spd|1
|-boost|p1a: Lilligant|spe|1
|
|upkeep
|turn|34
|
|t:|1779838315
|move|p1a: Lilligant|Petal Dance|p2a: Corviknight
|-resisted|p2a: Corviknight
|-damage|p2a: Corviknight|59/100
|-damage|p1a: Lilligant|28/100|[from] item: Life Orb
|move|p2a: Corviknight|U-turn|p1a: Lilligant
|-supereffective|p1a: Lilligant
|-damage|p1a: Lilligant|0 fnt
|faint|p1a: Lilligant
|
|t:|1779838331
|switch|p2a: Ogerpon|Ogerpon, F|15/100|[from] U-turn
|
|upkeep
|
|t:|1779838336
|switch|p1a: Clefable|Clefable, M|100/100
|-damage|p1a: Clefable|88/100|[from] Spikes
|-damage|p1a: Clefable|76/100|[from] Stealth Rock
|turn|35
|
|t:|1779838349
|move|p2a: Ogerpon|Ivy Cudgel|p1a: Clefable
|-damage|p1a: Clefable|25/100
|move|p1a: Clefable|Thunder Wave|p2a: Ogerpon
|-status|p2a: Ogerpon|par
|
|-heal|p1a: Clefable|31/100|[from] item: Leftovers
|upkeep
|turn|36
|
|t:|1779838358
|move|p2a: Ogerpon|Ivy Cudgel|p1a: Clefable
|-crit|p1a: Clefable
|-damage|p1a: Clefable|0 fnt
|faint|p1a: Clefable
|
|upkeep
|
|t:|1779838364
|switch|p1a: Gholdengo|Gholdengo|100/100
|-damage|p1a: Gholdengo|94/100|[from] Stealth Rock
|-item|p1a: Gholdengo|Air Balloon
|turn|37
|
|t:|1779838372
|move|p1a: Gholdengo|Nasty Plot|p1a: Gholdengo
|-boost|p1a: Gholdengo|spa|2
|cant|p2a: Ogerpon|par
|
|upkeep
|turn|38
|
|t:|1779838381
|switch|p2a: Blissey|Blissey, F, tera:Dark|100/100
|-damage|p2a: Blissey|88/100|[from] Stealth Rock
|-status|p2a: Blissey|tox
|move|p1a: Gholdengo|Nasty Plot|p1a: Gholdengo
|-boost|p1a: Gholdengo|spa|2
|
|-damage|p2a: Blissey|82/100 tox|[from] psn
|upkeep
|turn|39
|
|t:|1779838388
|-curestatus|p2a: Blissey|tox|[from] ability: Natural Cure|[silent]
|switch|p2a: Corviknight|Corviknight, M|59/100
|-damage|p2a: Corviknight|46/100|[from] Stealth Rock
|-ability|p2a: Corviknight|Pressure
|move|p1a: Gholdengo|Make It Rain|p2a: Corviknight
|-resisted|p2a: Corviknight
|-damage|p2a: Corviknight|0 fnt
|-unboost|p1a: Gholdengo|spa|1
|faint|p2a: Corviknight
|
|upkeep
|
|t:|1779838396
|switch|p2a: Blissey|Blissey, F, tera:Dark|82/100
|-damage|p2a: Blissey|70/100|[from] Stealth Rock
|-status|p2a: Blissey|tox
|turn|40
|
|t:|1779838409
|-curestatus|p2a: Blissey|tox|[from] ability: Natural Cure|[silent]
|switch|p2a: Gliscor|Gliscor, M|100/100 tox
|-damage|p2a: Gliscor|88/100 tox|[from] Stealth Rock
|move|p1a: Gholdengo|Nasty Plot|p1a: Gholdengo
|-boost|p1a: Gholdengo|spa|2
|
|-heal|p2a: Gliscor|100/100 tox|[from] ability: Poison Heal
|upkeep
|turn|41
|
|t:|1779838422
|move|p1a: Gholdengo|Make It Rain|p2a: Gliscor
|-damage|p2a: Gliscor|0 fnt
|-unboost|p1a: Gholdengo|spa|1
|faint|p2a: Gliscor
|
|upkeep
|
|t:|1779838436
|switch|p2a: Blissey|Blissey, F, tera:Dark|70/100
|-damage|p2a: Blissey|57/100|[from] Stealth Rock
|-status|p2a: Blissey|tox
|turn|42
|
|t:|1779838445
|-curestatus|p2a: Blissey|tox|[from] ability: Natural Cure|[silent]
|switch|p2a: Ogerpon|Ogerpon, F|15/100 par
|move|p1a: Gholdengo|Nasty Plot|p1a: Gholdengo
|-boost|p1a: Gholdengo|spa|2
|
|upkeep
|turn|43
|
|t:|1779838461
|move|p1a: Gholdengo|Shadow Ball|p2a: Ogerpon
|-damage|p2a: Ogerpon|0 fnt
|faint|p2a: Ogerpon
|
|upkeep
|
|t:|1779838475
|switch|p2a: Blissey|Blissey, F, tera:Dark|57/100
|-damage|p2a: Blissey|45/100|[from] Stealth Rock
|-status|p2a: Blissey|tox
|turn|44
|
|t:|1779838492
|move|p1a: Gholdengo|Make It Rain|p2a: Blissey
|-damage|p2a: Blissey|0 fnt
|-unboost|p1a: Gholdengo|spa|1
|faint|p2a: Blissey
|
|win|cesar097600
|raw|cesar097600's rating: 1229 &rarr; <strong>1255</strong><br />(+26 for winning)
|raw|claudechamp's rating: 1245 &rarr; <strong>1219</strong><br />(-26 for losing)
|c|☆claudechamp|gg
