|j|☆pivotslophaxmaxxer
|j|‽Alakazam darnold
|t:|1779926755
|gametype|singles
|player|p1|pivotslophaxmaxxer|tate|1527
|player|p2|Alakazam darnold|li|1491
|gen|9
|tier|[Gen 9] OU
|rated|
|rule|HP Percentage Mod: HP is shown in percentages
|rule|Endless Battle Clause: Forcing endless battles is banned
|rule|Species Clause: Limit one of each Pokémon
|rule|OHKO Clause: OHKO moves are banned
|rule|Evasion Items Clause: Evasion items are banned
|rule|Evasion Moves Clause: Evasion moves are banned
|rule|Evasion Abilities Clause: Evasion abilities are banned
|rule|Sleep Moves Clause: Sleep-inducing moves are banned
|clearpoke
|poke|p1|Torkoal, M|
|poke|p1|Great Tusk|
|poke|p1|Charizard, M|
|poke|p1|Venusaur, F|
|poke|p1|Kingambit, M|
|poke|p1|Cresselia, F|
|poke|p2|Golurk|
|poke|p2|Ogerpon-Wellspring, F|
|poke|p2|Mandibuzz, F|
|poke|p2|Garganacl, M|
|poke|p2|Iron Crown|
|poke|p2|Enamorus, F|
|teampreview
|
|t:|1779926773
|teamsize|p1|6
|teamsize|p2|6
|start
|switch|p1a: Torkoal|Torkoal, M|100/100
|switch|p2a: Golurk|Golurk|100/100
|-weather|SunnyDay|[from] ability: Drought|[of] p1a: Torkoal
|turn|1
|
|t:|1779926782
|move|p2a: Golurk|Earthquake|p1a: Torkoal
|-supereffective|p1a: Torkoal
|-damage|p1a: Torkoal|11/100
|move|p1a: Torkoal|Will-O-Wisp|p2a: Golurk
|-status|p2a: Golurk|brn
|
|-weather|SunnyDay|[upkeep]
|-damage|p2a: Golurk|94/100 brn|[from] brn
|upkeep
|turn|2
|
|t:|1779926787
|switch|p2a: Garganacl|Garganacl, M|100/100
|switch|p1a: Charizard|Charizard, M|100/100
|
|-weather|SunnyDay|[upkeep]
|-damage|p1a: Charizard|88/100|[from] ability: Solar Power|[of] p1a: Charizard
|upkeep
|turn|3
|
|t:|1779926793
|move|p2a: Garganacl|Protect|p2a: Garganacl
|-singleturn|p2a: Garganacl|Protect
|move|p1a: Charizard|Solar Beam||[still]
|-prepare|p1a: Charizard|Solar Beam
|-anim|p1a: Charizard|Solar Beam|p2a: Garganacl
|-activate|p2a: Garganacl|move: Protect
|
|-weather|SunnyDay|[upkeep]
|-damage|p1a: Charizard|76/100|[from] ability: Solar Power|[of] p1a: Charizard
|upkeep
|turn|4
|
|t:|1779926800
|move|p1a: Charizard|Solar Beam||[still]
|-prepare|p1a: Charizard|Solar Beam
|-anim|p1a: Charizard|Solar Beam|p2a: Garganacl
|-supereffective|p2a: Garganacl
|-damage|p2a: Garganacl|0 fnt
|faint|p2a: Garganacl
|
|-weather|SunnyDay|[upkeep]
|-damage|p1a: Charizard|63/100|[from] ability: Solar Power|[of] p1a: Charizard
|upkeep
|
|t:|1779926804
|switch|p2a: Ogerpon|Ogerpon-Wellspring, F|100/100
|turn|5
|
|t:|1779926811
|switch|p1a: Venusaur|Venusaur, F|100/100
|move|p2a: Ogerpon|Ivy Cudgel|p1a: Venusaur|[anim] Ivy Cudgel Water
|-resisted|p1a: Venusaur
|-damage|p1a: Venusaur|83/100
|
|-weather|SunnyDay|[upkeep]
|upkeep
|turn|6
|
|t:|1779926825
|switch|p2a: Iron Crown|Iron Crown|100/100
|-enditem|p2a: Iron Crown|Booster Energy
|-activate|p2a: Iron Crown|ability: Quark Drive|[fromitem]
|-start|p2a: Iron Crown|quarkdrivespe
|move|p1a: Venusaur|Growth|p1a: Venusaur
|-boost|p1a: Venusaur|atk|2
|-boost|p1a: Venusaur|spa|2
|
|-weather|SunnyDay|[upkeep]
|upkeep
|turn|7
|
|t:|1779926830
|move|p1a: Venusaur|Weather Ball|p2a: Iron Crown
|-supereffective|p2a: Iron Crown
|-damage|p2a: Iron Crown|0 fnt
|faint|p2a: Iron Crown
|-end|p2a: Iron Crown|Quark Drive|[silent]
|-damage|p1a: Venusaur|73/100|[from] item: Life Orb
|
|-weather|SunnyDay|[upkeep]
|upkeep
|
|t:|1779926839
|switch|p2a: Golurk|Golurk|94/100 brn
|turn|8
|
|t:|1779926845
|move|p1a: Venusaur|Giga Drain|p2a: Golurk
|-supereffective|p2a: Golurk
|-damage|p2a: Golurk|0 fnt
|-heal|p1a: Venusaur|100/100|[from] drain|[of] p2a: Golurk
|faint|p2a: Golurk
|-damage|p1a: Venusaur|91/100|[from] item: Life Orb
|
|-weather|none
|upkeep
|
|t:|1779926849
|switch|p2a: Ogerpon|Ogerpon-Wellspring, F|100/100
|turn|9
|
|t:|1779926856
|switch|p1a: Torkoal|Torkoal, M|11/100
|-weather|SunnyDay|[from] ability: Drought|[of] p1a: Torkoal
|-terastallize|p2a: Ogerpon|Water
|detailschange|p2a: Ogerpon|Ogerpon-Wellspring-Tera, F, tera:Water
|-ability|p2a: Ogerpon|Embody Aspect (Wellspring)|boost
|-boost|p2a: Ogerpon|spd|1
|move|p2a: Ogerpon|U-turn|p1a: Torkoal
|-resisted|p1a: Torkoal
|-damage|p1a: Torkoal|4/100
|
|t:|1779926859
|switch|p2a: Enamorus|Enamorus, F|100/100|[from] U-turn
|
|-weather|SunnyDay|[upkeep]
|upkeep
|turn|10
|
|t:|1779926864
|move|p2a: Enamorus|Mystical Fire|p1a: Torkoal
|-resisted|p1a: Torkoal
|-damage|p1a: Torkoal|0 fnt
|faint|p1a: Torkoal
|
|-weather|SunnyDay|[upkeep]
|upkeep
|
|t:|1779926871
|switch|p1a: Charizard|Charizard, M|63/100
|turn|11
|
|t:|1779926877
|move|p2a: Enamorus|Mystical Fire|p1a: Charizard
|-resisted|p1a: Charizard
|-damage|p1a: Charizard|38/100
|-unboost|p1a: Charizard|spa|1
|move|p1a: Charizard|Weather Ball|p2a: Enamorus
|-damage|p2a: Enamorus|0 fnt
|faint|p2a: Enamorus
|
|-weather|SunnyDay|[upkeep]
|-damage|p1a: Charizard|25/100|[from] ability: Solar Power|[of] p1a: Charizard
|upkeep
|
|t:|1779926882
|switch|p2a: Ogerpon|Ogerpon-Wellspring-Tera, F, tera:Water|100/100
|-ability|p2a: Ogerpon|Embody Aspect (Wellspring)|boost
|-boost|p2a: Ogerpon|spd|1
|turn|12
|
|t:|1779926885
|move|p2a: Ogerpon|Ivy Cudgel|p1a: Charizard|[anim] Ivy Cudgel Water
|-supereffective|p1a: Charizard
|-damage|p1a: Charizard|0 fnt
|faint|p1a: Charizard
|
|-weather|SunnyDay|[upkeep]
|upkeep
|
|t:|1779926887
|switch|p1a: Venusaur|Venusaur, F|91/100
|turn|13
|
|t:|1779926897
|move|p1a: Venusaur|Growth|p1a: Venusaur
|-boost|p1a: Venusaur|atk|2
|-boost|p1a: Venusaur|spa|2
|move|p2a: Ogerpon|U-turn|p1a: Venusaur
|-damage|p1a: Venusaur|57/100
|
|t:|1779926913
|switch|p2a: Mandibuzz|Mandibuzz, F|100/100|[from] U-turn
|
|-weather|SunnyDay|[upkeep]
|upkeep
|turn|14
|
|t:|1779926952
|-terastallize|p1a: Venusaur|Fire
|move|p1a: Venusaur|Weather Ball|p2a: Mandibuzz
|-damage|p2a: Mandibuzz|0 fnt
|faint|p2a: Mandibuzz
|-damage|p1a: Venusaur|47/100|[from] item: Life Orb
|
|-weather|SunnyDay|[upkeep]
|upkeep
|inactive|Battle timer is ON: inactive players will automatically lose when time's up. (requested by pivotslophaxmaxxer)
|
|t:|1779926978
|switch|p2a: Ogerpon|Ogerpon-Wellspring-Tera, F, tera:Water|100/100
|-ability|p2a: Ogerpon|Embody Aspect (Wellspring)|boost
|-boost|p2a: Ogerpon|spd|1
|turn|15
|
|t:|1779926980
|move|p1a: Venusaur|Giga Drain|p2a: Ogerpon
|-supereffective|p2a: Ogerpon
|-damage|p2a: Ogerpon|0 fnt
|-heal|p1a: Venusaur|97/100|[from] drain|[of] p2a: Ogerpon
|faint|p2a: Ogerpon
|detailschange|p2: Ogerpon|Ogerpon-Wellspring, F|[silent]
|-damage|p1a: Venusaur|87/100|[from] item: Life Orb
|
|win|pivotslophaxmaxxer
|raw|pivotslophaxmaxxer's rating: 1527 &rarr; <strong>1545</strong><br />(+18 for winning)
|raw|Alakazam darnold's rating: 1491 &rarr; <strong>1473</strong><br />(-18 for losing)
|l|‽Alakazam darnold
|player|p2|
|l|☆pivotslophaxmaxxer
|player|p1|
