|j|☆hat_fm
|j|☆Penguinxdd
|t:|1779941196
|gametype|singles
|player|p1|hat_fm|pilot|1390
|player|p2|Penguinxdd|veteran|1309
|gen|9
|tier|[Gen 9] OU
|rated|
|rule|HP Percentage Mod: HP is shown in percentages
|rule|Endless Battle Clause: Forcing endless battles is banned
|rule|Species Clause: Limit one of each Pokémon
|rule|OHKO Clause: OHKO moves are banned
|rule|Evasion Items Clause: Evasion items are banned
|rule|Evasion Moves Clause: Evasion moves are banned
|rule|Evasion Abilities Clause: Evasion abilities are banned
|rule|Sleep Moves Clause: Sleep-inducing moves are banned
|clearpoke
|poke|p1|Zamazenta-*|
|poke|p1|Ceruledge, F|
|poke|p1|Scizor, M|
|poke|p1|Donphan, F|
|poke|p1|Lycanroc-Dusk, F|
|poke|p1|Florges, F|
|poke|p2|Hatterene, F|
|poke|p2|Iron Treads|
|poke|p2|Volcanion|
|poke|p2|Gholdengo|
|poke|p2|Darkrai|
|poke|p2|Garchomp, M|
|teampreview
|
|t:|1779941202
|teamsize|p1|6
|teamsize|p2|6
|start
|switch|p1a: Donphan|Donphan, F|100/100
|switch|p2a: Magic Bounson|Hatterene, F|100/100
|turn|1
|
|t:|1779941206
|move|p1a: Donphan|Knock Off|p2a: Magic Bounson
|-damage|p2a: Magic Bounson|77/100
|-damage|p1a: Donphan|84/100|[from] item: Rocky Helmet|[of] p2a: Magic Bounson
|-enditem|p2a: Magic Bounson|Rocky Helmet|[from] move: Knock Off|[of] p1a: Donphan
|move|p2a: Magic Bounson|Psychic Noise|p1a: Donphan
|-damage|p1a: Donphan|41/100
|-start|p1a: Donphan|move: Heal Block
|
|upkeep
|turn|2
|
|t:|1779941214
|move|p1a: Donphan|Earthquake|p2a: Magic Bounson
|-damage|p2a: Magic Bounson|41/100
|move|p2a: Magic Bounson|Psychic Noise|p1a: Donphan
|-damage|p1a: Donphan|0 fnt
|faint|p1a: Donphan
|
|upkeep
|
|t:|1779941219
|switch|p1a: Scizor|Scizor, M|100/100
|turn|3
|
|t:|1779941223
|switch|p2a: Volcanion|Volcanion|100/100
|move|p1a: Scizor|U-turn|p2a: Volcanion
|-resisted|p2a: Volcanion
|-damage|p2a: Volcanion|73/100
|-damage|p1a: Scizor|91/100|[from] item: Life Orb
|
|t:|1779941226
|switch|p1a: Lycanroc|Lycanroc-Dusk, F|100/100|[from] U-turn
|
|upkeep
|turn|4
|
|t:|1779941229
|switch|p2a: Garchomp|Garchomp, M|100/100
|move|p1a: Lycanroc|Stone Edge|p2a: Garchomp
|-resisted|p2a: Garchomp
|-damage|p2a: Garchomp|69/100
|-damage|p1a: Lycanroc|91/100|[from] item: Life Orb
|
|upkeep
|turn|5
|
|t:|1779941241
|switch|p1a: Zamazenta|Zamazenta|100/100
|-ability|p1a: Zamazenta|Dauntless Shield|boost
|-boost|p1a: Zamazenta|def|1
|move|p2a: Garchomp|Earthquake|p1a: Zamazenta
|-damage|p1a: Zamazenta|73/100
|
|-heal|p1a: Zamazenta|79/100|[from] item: Leftovers
|upkeep
|turn|6
|
|t:|1779941243
|switch|p2a: Lebron Rains|Gholdengo|100/100
|move|p1a: Zamazenta|Iron Defense|p1a: Zamazenta
|-boost|p1a: Zamazenta|def|2
|
|-heal|p1a: Zamazenta|85/100|[from] item: Leftovers
|upkeep
|turn|7
|
|t:|1779941245
|move|p2a: Lebron Rains|Make It Rain|p1a: Zamazenta
|-damage|p1a: Zamazenta|29/100
|-unboost|p2a: Lebron Rains|spa|1
|move|p1a: Zamazenta|Crunch|p2a: Lebron Rains
|-supereffective|p2a: Lebron Rains
|-damage|p2a: Lebron Rains|51/100
|
|-heal|p1a: Zamazenta|35/100|[from] item: Leftovers
|upkeep
|turn|8
|
|t:|1779941255
|switch|p1a: Ceruledge|Ceruledge, F|100/100
|move|p2a: Lebron Rains|Make It Rain|p1a: Ceruledge
|-resisted|p1a: Ceruledge
|-damage|p1a: Ceruledge|75/100
|-unboost|p2a: Lebron Rains|spa|1
|
|upkeep
|turn|9
|
|t:|1779941262
|switch|p2a: Magic Bounson|Hatterene, F|41/100
|move|p1a: Ceruledge|Bitter Blade|p2a: Magic Bounson
|-damage|p2a: Magic Bounson|1/100
|-heal|p1a: Ceruledge|97/100|[from] drain|[of] p2a: Magic Bounson
|
|upkeep
|turn|10
|
|t:|1779941271
|move|p1a: Ceruledge|Shadow Sneak|p2a: Magic Bounson
|-supereffective|p2a: Magic Bounson
|-damage|p2a: Magic Bounson|0 fnt
|faint|p2a: Magic Bounson
|
|upkeep
|
|t:|1779941273
|switch|p2a: Garchomp|Garchomp, M|69/100
|turn|11
|
|t:|1779941294
|switch|p1a: Zamazenta|Zamazenta|35/100
|move|p2a: Garchomp|Earthquake|p1a: Zamazenta
|-damage|p1a: Zamazenta|0 fnt
|faint|p1a: Zamazenta
|
|upkeep
|
|t:|1779941296
|switch|p1a: Florges|Florges, F|100/100
|turn|12
|
|t:|1779941302
|switch|p2a: Volcanion|Volcanion|73/100
|-terastallize|p1a: Florges|Grass
|move|p1a: Florges|Moonblast|p2a: Volcanion
|-resisted|p2a: Volcanion
|-damage|p2a: Volcanion|40/100
|
|upkeep
|turn|13
|
|t:|1779941307
|move|p2a: Volcanion|Flamethrower|p1a: Florges
|-supereffective|p1a: Florges
|-damage|p1a: Florges|0 fnt
|faint|p1a: Florges
|
|upkeep
|
|t:|1779941312
|switch|p1a: Lycanroc|Lycanroc-Dusk, F|91/100
|turn|14
|
|t:|1779941319
|switch|p2a: Lebron Rains|Gholdengo|51/100
|move|p1a: Lycanroc|Stone Edge|p2a: Lebron Rains
|-resisted|p2a: Lebron Rains
|-damage|p2a: Lebron Rains|9/100
|-damage|p1a: Lycanroc|81/100|[from] item: Life Orb
|
|upkeep
|turn|15
|
|t:|1779941322
|move|p1a: Lycanroc|Accelerock|p2a: Lebron Rains
|-resisted|p2a: Lebron Rains
|-damage|p2a: Lebron Rains|0 fnt
|faint|p2a: Lebron Rains
|-damage|p1a: Lycanroc|71/100|[from] item: Life Orb
|
|upkeep
|
|t:|1779941326
|switch|p2a: Iron Treads|Iron Treads|100/100
|-item|p2a: Iron Treads|Air Balloon
|turn|16
|
|t:|1779941334
|switch|p1a: Scizor|Scizor, M|91/100
|move|p2a: Iron Treads|Earthquake|p1a: Scizor
|-damage|p1a: Scizor|48/100
|
|upkeep
|turn|17
|
|t:|1779941342
|move|p2a: Iron Treads|Earthquake|p1a: Scizor
|-damage|p1a: Scizor|6/100
|move|p1a: Scizor|U-turn|p2a: Iron Treads
|-resisted|p2a: Iron Treads
|-damage|p2a: Iron Treads|77/100
|-enditem|p2a: Iron Treads|Air Balloon
|-damage|p1a: Scizor|0 fnt|[from] item: Life Orb
|faint|p1a: Scizor
|
|upkeep
|
|t:|1779941345
|switch|p1a: Ceruledge|Ceruledge, F|97/100
|turn|18
|
|t:|1779941350
|move|p2a: Iron Treads|Earthquake|p1a: Ceruledge
|-supereffective|p1a: Ceruledge
|-damage|p1a: Ceruledge|0 fnt
|faint|p1a: Ceruledge
|
|upkeep
|-message|hat_fm forfeited.
|
|win|Penguinxdd
|raw|hat_fm's rating: 1390 &rarr; <strong>1365</strong><br />(-25 for losing)
|raw|Penguinxdd's rating: 1309 &rarr; <strong>1334</strong><br />(+25 for winning)
|l|☆hat_fm
|player|p1|
|l|☆Penguinxdd
|player|p2|
