|j|☆the 2nd clawming
|j|☆Minnesotaaa
|t:|1779868017
|gametype|singles
|player|p1|the 2nd clawming|az-lza|1552
|player|p2|Minnesotaaa|blue|1516
|gen|9
|tier|[Gen 9] OU
|rated|
|rule|HP Percentage Mod: HP is shown in percentages
|rule|Endless Battle Clause: Forcing endless battles is banned
|rule|Species Clause: Limit one of each Pokémon
|rule|OHKO Clause: OHKO moves are banned
|rule|Evasion Items Clause: Evasion items are banned
|rule|Evasion Moves Clause: Evasion moves are banned
|rule|Evasion Abilities Clause: Evasion abilities are banned
|rule|Sleep Moves Clause: Sleep-inducing moves are banned
|clearpoke
|poke|p1|Ninetales, F|
|poke|p1|Scovillain, M|
|poke|p1|Walking Wake|
|poke|p1|Great Tusk|
|poke|p1|Mandibuzz, F|
|poke|p1|Tinkaton, F|
|poke|p2|Ribombee, M|
|poke|p2|Kingambit, M|
|poke|p2|Empoleon, M|
|poke|p2|Serperior, F|
|poke|p2|Milotic, M|
|poke|p2|Cinderace, F|
|teampreview
|inactive|Battle timer is ON: inactive players will automatically lose when time's up. (requested by the 2nd clawming)
|
|t:|1779868027
|teamsize|p1|6
|teamsize|p2|6
|start
|switch|p1a: Ninetales|Ninetales, F|100/100
|switch|p2a: Ribombee|Ribombee, M|100/100
|-weather|SunnyDay|[from] ability: Drought|[of] p1a: Ninetales
|turn|1
|
|t:|1779868042
|move|p2a: Ribombee|Sticky Web|p1a: Ninetales
|-sidestart|p1: the 2nd clawming|move: Sticky Web
|move|p1a: Ninetales|Overheat|p2a: Ribombee
|-supereffective|p2a: Ribombee
|-enditem|p2a: Ribombee|Focus Sash
|-damage|p2a: Ribombee|1/100
|-unboost|p1a: Ninetales|spa|2
|
|-weather|SunnyDay|[upkeep]
|upkeep
|turn|2
|
|t:|1779868049
|move|p2a: Ribombee|U-turn|p1a: Ninetales
|-resisted|p1a: Ninetales
|-damage|p1a: Ninetales|92/100
|
|t:|1779868051
|switch|p2a: Cinderace|Cinderace, F|100/100|[from] U-turn
|move|p1a: Ninetales|Overheat|p2a: Cinderace|[miss]
|-miss|p1a: Ninetales|p2a: Cinderace
|
|-weather|SunnyDay|[upkeep]
|upkeep
|turn|3
|
|t:|1779868059
|switch|p1a: Mandibuzz|Mandibuzz, F|100/100
|move|p2a: Cinderace|Court Change|p2a: Cinderace
|-start|p2a: Cinderace|typechange|Normal|[from] ability: Libero
|-swapsideconditions
|-activate|p2a: Cinderace|move: Court Change
|
|-weather|SunnyDay|[upkeep]
|upkeep
|turn|4
|
|t:|1779868071
|move|p2a: Cinderace|U-turn|p1a: Mandibuzz
|-damage|p1a: Mandibuzz|87/100
|
|t:|1779868080
|switch|p2a: Kingambit|Kingambit, M|100/100|[from] U-turn
|-activate|p2a: Kingambit|move: Sticky Web
|-unboost|p2a: Kingambit|spe|1
|-ability|p2a: Kingambit|Defiant|boost
|-boost|p2a: Kingambit|atk|2
|move|p1a: Mandibuzz|Foul Play|p2a: Kingambit
|-resisted|p2a: Kingambit
|-damage|p2a: Kingambit|60/100
|
|-weather|SunnyDay|[upkeep]
|upkeep
|turn|5
|
|t:|1779868103
|move|p1a: Mandibuzz|Foul Play|p2a: Kingambit
|-resisted|p2a: Kingambit
|-damage|p2a: Kingambit|17/100
|move|p2a: Kingambit|Iron Head|p1a: Mandibuzz
|-damage|p1a: Mandibuzz|33/100
|
|-weather|SunnyDay|[upkeep]
|upkeep
|turn|6
|inactive|the 2nd clawming has 120 seconds left.
|
|t:|1779868132
|switch|p2a: Empoleon|Empoleon, M|100/100
|-activate|p2a: Empoleon|move: Sticky Web
|-unboost|p2a: Empoleon|spe|1
|-ability|p2a: Empoleon|Competitive|boost
|-boost|p2a: Empoleon|spa|2
|move|p1a: Mandibuzz|Roost|p1a: Mandibuzz
|-heal|p1a: Mandibuzz|83/100
|-singleturn|p1a: Mandibuzz|move: Roost
|
|-weather|SunnyDay|[upkeep]
|upkeep
|turn|7
|inactive|the 2nd clawming has 120 seconds left.
|
|t:|1779868141
|switch|p1a: Walking Wake|Walking Wake|100/100
|-activate|p1a: Walking Wake|ability: Protosynthesis
|-start|p1a: Walking Wake|protosynthesisspe
|move|p2a: Empoleon|Ice Beam|p1a: Walking Wake
|-damage|p1a: Walking Wake|22/100
|
|-weather|SunnyDay|[upkeep]
|upkeep
|turn|8
|
|t:|1779868150
|move|p2a: Empoleon|Vacuum Wave|p1a: Walking Wake
|-damage|p1a: Walking Wake|0 fnt
|faint|p1a: Walking Wake
|-end|p1a: Walking Wake|Protosynthesis|[silent]
|
|-weather|none
|upkeep
|
|t:|1779868164
|switch|p1a: Tinkaton|Tinkaton, F|100/100
|-ability|p1a: Tinkaton|Mold Breaker
|-item|p1a: Tinkaton|Air Balloon
|turn|9
|
|t:|1779868172
|move|p1a: Tinkaton|Stealth Rock|p2a: Empoleon
|-sidestart|p2: Minnesotaaa|move: Stealth Rock
|move|p2a: Empoleon|Hydro Pump|p1a: Tinkaton
|-damage|p1a: Tinkaton|12/100
|-enditem|p1a: Tinkaton|Air Balloon
|
|upkeep
|turn|10
|j| ouinonoui
|
|t:|1779868192
|move|p2a: Empoleon|Vacuum Wave|p1a: Tinkaton
|-damage|p1a: Tinkaton|0 fnt
|faint|p1a: Tinkaton
|
|upkeep
|
|t:|1779868193
|switch|p1a: Ninetales|Ninetales, F|92/100
|-weather|SunnyDay|[from] ability: Drought|[of] p1a: Ninetales
|turn|11
|
|t:|1779868204
|switch|p2a: Cinderace|Cinderace, F|100/100
|move|p1a: Ninetales|Overheat|p2a: Cinderace
|-resisted|p2a: Cinderace
|-damage|p2a: Cinderace|61/100
|-unboost|p1a: Ninetales|spa|2
|
|-weather|SunnyDay|[upkeep]
|upkeep
|turn|12
|
|t:|1779868212
|switch|p1a: Mandibuzz|Mandibuzz, F|83/100
|move|p2a: Cinderace|High Jump Kick|p1a: Mandibuzz
|-start|p2a: Cinderace|typechange|Fighting|[from] ability: Libero
|-damage|p1a: Mandibuzz|49/100
|
|-weather|SunnyDay|[upkeep]
|upkeep
|turn|13
|
|t:|1779868220
|move|p2a: Cinderace|Pyro Ball|p1a: Mandibuzz
|-damage|p1a: Mandibuzz|14/100
|move|p1a: Mandibuzz|Roost|p1a: Mandibuzz
|-heal|p1a: Mandibuzz|65/100
|-singleturn|p1a: Mandibuzz|move: Roost
|
|-weather|SunnyDay|[upkeep]
|upkeep
|turn|14
|
|t:|1779868223
|move|p2a: Cinderace|U-turn|p1a: Mandibuzz
|-damage|p1a: Mandibuzz|52/100
|
|t:|1779868226
|switch|p2a: Empoleon|Empoleon, M|100/100|[from] U-turn
|-activate|p2a: Empoleon|move: Sticky Web
|-unboost|p2a: Empoleon|spe|1
|-ability|p2a: Empoleon|Competitive|boost
|-boost|p2a: Empoleon|spa|2
|-damage|p2a: Empoleon|94/100|[from] Stealth Rock
|move|p1a: Mandibuzz|Roost|p1a: Mandibuzz
|-heal|p1a: Mandibuzz|100/100
|-singleturn|p1a: Mandibuzz|move: Roost
|
|-weather|SunnyDay|[upkeep]
|-heal|p2a: Empoleon|100/100|[from] item: Leftovers
|upkeep
|turn|15
|
|t:|1779868233
|move|p1a: Mandibuzz|U-turn|p2a: Empoleon
|-resisted|p2a: Empoleon
|-damage|p2a: Empoleon|94/100
|
|t:|1779868236
|switch|p1a: Ninetales|Ninetales, F|92/100|[from] U-turn
|move|p2a: Empoleon|Flash Cannon|p1a: Ninetales
|-resisted|p1a: Ninetales
|-damage|p1a: Ninetales|54/100
|
|-weather|SunnyDay|[upkeep]
|-heal|p2a: Empoleon|99/100|[from] item: Leftovers
|upkeep
|turn|16
|
|t:|1779868252
|switch|p1a: Mandibuzz|Mandibuzz, F|100/100
|switch|p2a: Cinderace|Cinderace, F|61/100
|
|-weather|SunnyDay|[upkeep]
|upkeep
|turn|17
|
|t:|1779868256
|move|p2a: Cinderace|Pyro Ball|p1a: Mandibuzz
|-damage|p1a: Mandibuzz|54/100
|move|p1a: Mandibuzz|Foul Play|p2a: Cinderace
|-damage|p2a: Cinderace|0 fnt
|faint|p2a: Cinderace
|
|-weather|SunnyDay|[upkeep]
|upkeep
|
|t:|1779868265
|switch|p2a: Ribombee|Ribombee, M|1/100
|-activate|p2a: Ribombee|move: Sticky Web
|-unboost|p2a: Ribombee|spe|1
|-damage|p2a: Ribombee|0 fnt|[from] Stealth Rock
|faint|p2a: Ribombee
|
|t:|1779868277
|switch|p2a: Empoleon|Empoleon, M|99/100
|-activate|p2a: Empoleon|move: Sticky Web
|-unboost|p2a: Empoleon|spe|1
|-ability|p2a: Empoleon|Competitive|boost
|-boost|p2a: Empoleon|spa|2
|-damage|p2a: Empoleon|94/100|[from] Stealth Rock
|turn|18
|
|t:|1779868284
|move|p1a: Mandibuzz|Foul Play|p2a: Empoleon
|-damage|p2a: Empoleon|71/100
|move|p2a: Empoleon|Ice Beam|p1a: Mandibuzz
|-supereffective|p1a: Mandibuzz
|-damage|p1a: Mandibuzz|0 fnt
|faint|p1a: Mandibuzz
|
|-weather|none
|-heal|p2a: Empoleon|78/100|[from] item: Leftovers
|upkeep
|
|t:|1779868286
|switch|p1a: Ninetales|Ninetales, F|54/100
|-weather|SunnyDay|[from] ability: Drought|[of] p1a: Ninetales
|turn|19
|
|t:|1779868307
|move|p1a: Ninetales|Overheat|p2a: Empoleon|[miss]
|-miss|p1a: Ninetales|p2a: Empoleon
|move|p2a: Empoleon|Flash Cannon|p1a: Ninetales
|-resisted|p1a: Ninetales
|-damage|p1a: Ninetales|17/100
|
|-weather|SunnyDay|[upkeep]
|-heal|p2a: Empoleon|84/100|[from] item: Leftovers
|upkeep
|turn|20
|
|t:|1779868312
|move|p2a: Empoleon|Vacuum Wave|p1a: Ninetales
|-damage|p1a: Ninetales|0 fnt
|faint|p1a: Ninetales
|
|-weather|SunnyDay|[upkeep]
|-heal|p2a: Empoleon|90/100|[from] item: Leftovers
|upkeep
|
|t:|1779868314
|switch|p1a: Great Tusk|Great Tusk|100/100
|-activate|p1a: Great Tusk|ability: Protosynthesis
|-start|p1a: Great Tusk|protosynthesisatk
|turn|21
|
|t:|1779868325
|-terastallize|p2a: Empoleon|Ghost
|move|p1a: Great Tusk|Headlong Rush|p2a: Empoleon
|-damage|p2a: Empoleon|7/100
|-unboost|p1a: Great Tusk|def|1
|-unboost|p1a: Great Tusk|spd|1
|move|p2a: Empoleon|Ice Beam|p1a: Great Tusk
|-supereffective|p1a: Great Tusk
|-damage|p1a: Great Tusk|0 fnt
|faint|p1a: Great Tusk
|-end|p1a: Great Tusk|Protosynthesis|[silent]
|
|-weather|SunnyDay|[upkeep]
|-heal|p2a: Empoleon|13/100|[from] item: Leftovers
|upkeep
|
|t:|1779868327
|switch|p1a: Escanor|Scovillain, M|100/100
|turn|22
|
|t:|1779868341
|move|p1a: Escanor|Flamethrower|p2a: Empoleon
|-damage|p2a: Empoleon|0 fnt
|faint|p2a: Empoleon
|
|-weather|SunnyDay|[upkeep]
|upkeep
|
|t:|1779868353
|switch|p2a: Serperior|Serperior, F|100/100
|-activate|p2a: Serperior|move: Sticky Web
|-boost|p2a: Serperior|spe|1
|-damage|p2a: Serperior|88/100|[from] Stealth Rock
|turn|23
|
|t:|1779868356
|move|p1a: Escanor|Flamethrower|p2a: Serperior
|-supereffective|p2a: Serperior
|-damage|p2a: Serperior|0 fnt
|faint|p2a: Serperior
|
|-weather|SunnyDay|[upkeep]
|upkeep
|
|t:|1779868359
|switch|p2a: Kingambit|Kingambit, M|17/100
|-activate|p2a: Kingambit|move: Sticky Web
|-unboost|p2a: Kingambit|spe|1
|-ability|p2a: Kingambit|Defiant|boost
|-boost|p2a: Kingambit|atk|2
|-damage|p2a: Kingambit|11/100|[from] Stealth Rock
|turn|24
|
|t:|1779868363
|move|p2a: Kingambit|Sucker Punch||[still]
|-fail|p2a: Kingambit
|move|p1a: Escanor|Will-O-Wisp|p2a: Kingambit
|-status|p2a: Kingambit|brn
|
|-weather|SunnyDay|[upkeep]
|-damage|p2a: Kingambit|5/100 brn|[from] brn
|upkeep
|turn|25
|
|t:|1779868371
|move|p2a: Kingambit|Sucker Punch||[still]
|-fail|p2a: Kingambit
|move|p1a: Escanor|Growth|p1a: Escanor
|-boost|p1a: Escanor|atk|2
|-boost|p1a: Escanor|spa|2
|
|-weather|SunnyDay|[upkeep]
|-damage|p2a: Kingambit|0 fnt|[from] brn
|faint|p2a: Kingambit
|upkeep
|
|t:|1779868374
|switch|p2a: Milotic|Milotic, M|100/100
|-activate|p2a: Milotic|move: Sticky Web
|-unboost|p2a: Milotic|spe|1
|-ability|p2a: Milotic|Competitive|boost
|-boost|p2a: Milotic|spa|2
|-damage|p2a: Milotic|88/100|[from] Stealth Rock
|turn|26
|
|t:|1779868377
|move|p1a: Escanor|Solar Beam||[still]
|-prepare|p1a: Escanor|Solar Beam
|-anim|p1a: Escanor|Solar Beam|p2a: Milotic
|-supereffective|p2a: Milotic
|-damage|p2a: Milotic|0 fnt
|faint|p2a: Milotic
|
|win|the 2nd clawming
|raw|the 2nd clawming's rating: 1552 &rarr; <strong>1570</strong><br />(+18 for winning)
|raw|Minnesotaaa's rating: 1516 &rarr; <strong>1498</strong><br />(-18 for losing)
|c|☆the 2nd clawming|gg
