|j|☆karmasiren
|j|☆vrolog
|t:|1779881518
|gametype|singles
|player|p1|karmasiren|skyla|1563
|player|p2|vrolog|n|1502
|gen|9
|tier|[Gen 9] OU
|rated|
|rule|HP Percentage Mod: HP is shown in percentages
|rule|Endless Battle Clause: Forcing endless battles is banned
|rule|Species Clause: Limit one of each Pokémon
|rule|OHKO Clause: OHKO moves are banned
|rule|Evasion Items Clause: Evasion items are banned
|rule|Evasion Moves Clause: Evasion moves are banned
|rule|Evasion Abilities Clause: Evasion abilities are banned
|rule|Sleep Moves Clause: Sleep-inducing moves are banned
|clearpoke
|poke|p1|Volcanion|
|poke|p1|Corviknight, F|
|poke|p1|Sandy Shocks|
|poke|p1|Serperior, F|
|poke|p1|Deoxys-Speed|
|poke|p1|Kingambit, F|
|poke|p2|Pecharunt|
|poke|p2|Latias, F|
|poke|p2|Regieleki|
|poke|p2|Great Tusk|
|poke|p2|Clodsire, F|
|poke|p2|Ogerpon-Wellspring, F|
|teampreview
|
|t:|1779881528
|teamsize|p1|6
|teamsize|p2|6
|start
|switch|p1a: Deoxys|Deoxys-Speed|100/100
|switch|p2a: Ogerpon|Ogerpon-Wellspring, F|100/100
|-ability|p1a: Deoxys|Pressure
|turn|1
|
|t:|1779881532
|move|p1a: Deoxys|Psycho Boost|p2a: Ogerpon
|-damage|p2a: Ogerpon|9/100
|-unboost|p1a: Deoxys|spa|2
|-damage|p1a: Deoxys|91/100|[from] item: Life Orb
|move|p2a: Ogerpon|Ivy Cudgel|p1a: Deoxys|[anim] Ivy Cudgel Water
|-damage|p1a: Deoxys|0 fnt
|faint|p1a: Deoxys
|
|upkeep
|
|t:|1779881538
|switch|p1a: Lucifer|Serperior, F, shiny|100/100
|turn|2
|
|t:|1779881541
|switch|p2a: Clodsire|Clodsire, F|100/100
|move|p1a: Lucifer|Leaf Storm|p2a: Clodsire
|-damage|p2a: Clodsire|76/100
|-boost|p1a: Lucifer|spa|2
|
|-heal|p2a: Clodsire|82/100|[from] item: Black Sludge
|upkeep
|turn|3
|
|t:|1779881545
|move|p1a: Lucifer|Taunt|p2a: Clodsire
|-start|p2a: Clodsire|move: Taunt
|cant|p2a: Clodsire|move: Taunt|Stealth Rock
|
|-heal|p2a: Clodsire|88/100|[from] item: Black Sludge
|upkeep
|turn|4
|
|t:|1779881547
|move|p1a: Lucifer|Glare|p2a: Clodsire
|-status|p2a: Clodsire|par
|cant|p2a: Clodsire|par
|
|-heal|p2a: Clodsire|95/100 par|[from] item: Black Sludge
|upkeep
|turn|5
|
|t:|1779881549
|move|p1a: Lucifer|Leaf Storm|p2a: Clodsire
|-damage|p2a: Clodsire|70/100 par
|-boost|p1a: Lucifer|spa|2
|move|p2a: Clodsire|Earthquake|p1a: Lucifer
|-resisted|p1a: Lucifer
|-damage|p1a: Lucifer|85/100
|
|-heal|p2a: Clodsire|76/100 par|[from] item: Black Sludge
|-end|p2a: Clodsire|move: Taunt
|upkeep
|turn|6
|
|t:|1779881552
|move|p1a: Lucifer|Taunt|p2a: Clodsire
|-start|p2a: Clodsire|move: Taunt
|cant|p2a: Clodsire|par
|
|-heal|p2a: Clodsire|82/100 par|[from] item: Black Sludge
|upkeep
|turn|7
|
|t:|1779881555
|move|p1a: Lucifer|Dragon Pulse|p2a: Clodsire
|-damage|p2a: Clodsire|72/100 par
|move|p2a: Clodsire|Earthquake|p1a: Lucifer
|-resisted|p1a: Lucifer
|-damage|p1a: Lucifer|70/100
|
|-heal|p2a: Clodsire|79/100 par|[from] item: Black Sludge
|upkeep
|turn|8
|
|t:|1779881559
|move|p1a: Lucifer|Dragon Pulse|p2a: Clodsire
|-damage|p2a: Clodsire|68/100 par
|move|p2a: Clodsire|Earthquake|p1a: Lucifer
|-resisted|p1a: Lucifer
|-damage|p1a: Lucifer|55/100
|
|-heal|p2a: Clodsire|75/100 par|[from] item: Black Sludge
|-end|p2a: Clodsire|move: Taunt
|upkeep
|turn|9
|
|t:|1779881564
|move|p1a: Lucifer|Taunt|p2a: Clodsire
|-start|p2a: Clodsire|move: Taunt
|move|p2a: Clodsire|Earthquake|p1a: Lucifer
|-resisted|p1a: Lucifer
|-damage|p1a: Lucifer|38/100
|
|-heal|p2a: Clodsire|81/100 par|[from] item: Black Sludge
|upkeep
|turn|10
|
|t:|1779881567
|switch|p1a: Mega Magneton|Sandy Shocks, shiny|100/100
|move|p2a: Clodsire|Earthquake|p1a: Mega Magneton
|-supereffective|p1a: Mega Magneton
|-damage|p1a: Mega Magneton|51/100
|
|-heal|p2a: Clodsire|87/100 par|[from] item: Black Sludge
|upkeep
|turn|11
|
|t:|1779881571
|move|p1a: Mega Magneton|Earth Power|p2a: Clodsire
|-supereffective|p2a: Clodsire
|-damage|p2a: Clodsire|39/100 par
|cant|p2a: Clodsire|par
|
|-heal|p2a: Clodsire|46/100 par|[from] item: Black Sludge
|-end|p2a: Clodsire|move: Taunt
|upkeep
|turn|12
|
|t:|1779881577
|move|p1a: Mega Magneton|Volt Switch|p2a: Clodsire
|-immune|p2a: Clodsire
|move|p2a: Clodsire|Earthquake|p1a: Mega Magneton
|-supereffective|p1a: Mega Magneton
|-damage|p1a: Mega Magneton|0 fnt
|faint|p1a: Mega Magneton
|-end|p1a: Mega Magneton|Protosynthesis|[silent]
|
|-heal|p2a: Clodsire|52/100 par|[from] item: Black Sludge
|upkeep
|
|t:|1779881579
|switch|p1a: Steam McQueen|Volcanion|100/100
|turn|13
|
|t:|1779881583
|switch|p2a: Ogerpon|Ogerpon-Wellspring, F|9/100
|move|p1a: Steam McQueen|Steam Eruption|p2a: Ogerpon
|-heal|p2a: Ogerpon|34/100|[from] ability: Water Absorb|[of] p1a: Steam McQueen
|
|upkeep
|turn|14
|
|t:|1779881587
|switch|p1a: Lucifer|Serperior, F, shiny|38/100
|move|p2a: Ogerpon|Encore||[still]
|-fail|p2a: Ogerpon
|
|upkeep
|turn|15
|
|t:|1779881591
|switch|p2a: Clodsire|Clodsire, F|52/100 par
|move|p1a: Lucifer|Leaf Storm|p2a: Clodsire
|-damage|p2a: Clodsire|29/100 par
|-boost|p1a: Lucifer|spa|2
|
|-heal|p2a: Clodsire|35/100 par|[from] item: Black Sludge
|upkeep
|turn|16
|
|t:|1779881595
|move|p1a: Lucifer|Taunt|p2a: Clodsire
|-start|p2a: Clodsire|move: Taunt
|move|p2a: Clodsire|Earthquake|p1a: Lucifer
|-resisted|p1a: Lucifer
|-damage|p1a: Lucifer|23/100
|
|-heal|p2a: Clodsire|41/100 par|[from] item: Black Sludge
|upkeep
|turn|17
|
|t:|1779881600
|move|p1a: Lucifer|Leaf Storm|p2a: Clodsire
|-crit|p2a: Clodsire
|-damage|p2a: Clodsire|5/100 par
|-boost|p1a: Lucifer|spa|2
|move|p2a: Clodsire|Earthquake|p1a: Lucifer
|-resisted|p1a: Lucifer
|-damage|p1a: Lucifer|6/100
|
|-heal|p2a: Clodsire|11/100 par|[from] item: Black Sludge
|upkeep
|turn|18
|
|t:|1779881606
|move|p1a: Lucifer|Dragon Pulse|p2a: Clodsire
|-damage|p2a: Clodsire|0 fnt
|faint|p2a: Clodsire
|
|upkeep
|
|t:|1779881609
|switch|p2a: Regieleki|Regieleki|100/100
|turn|19
|
|t:|1779881612
|move|p2a: Regieleki|Thunderbolt|p1a: Lucifer
|-resisted|p1a: Lucifer
|-damage|p1a: Lucifer|0 fnt
|faint|p1a: Lucifer
|
|upkeep
|
|t:|1779881614
|switch|p1a: King of OU|Kingambit, F|100/100
|-activate|p1a: King of OU|ability: Supreme Overlord
|-start|p1a: King of OU|fallen3|[silent]
|turn|20
|
|t:|1779881617
|move|p2a: Regieleki|Volt Switch|p1a: King of OU
|-damage|p1a: King of OU|44/100
|inactive|Battle timer is ON: inactive players will automatically lose when time's up. (requested by karmasiren)
|
|t:|1779881620
|switch|p2a: Pecharunt|Pecharunt|100/100|[from] Volt Switch
|move|p1a: King of OU|Swords Dance|p1a: King of OU
|-boost|p1a: King of OU|atk|2
|
|upkeep
|turn|21
|
|t:|1779881624
|move|p2a: Pecharunt|Parting Shot|p1a: King of OU
|-unboost|p1a: King of OU|atk|1
|-unboost|p1a: King of OU|spa|1
|
|t:|1779881634
|switch|p2a: Great Tusk|Great Tusk|100/100|[from] Parting Shot
|-enditem|p2a: Great Tusk|Booster Energy
|-activate|p2a: Great Tusk|ability: Protosynthesis|[fromitem]
|-start|p2a: Great Tusk|protosynthesisatk
|move|p1a: King of OU|Kowtow Cleave|p2a: Great Tusk
|-resisted|p2a: Great Tusk
|-damage|p2a: Great Tusk|62/100
|
|upkeep
|turn|22
|
|t:|1779881638
|-terastallize|p1a: King of OU|Flying
|move|p2a: Great Tusk|Bulk Up|p2a: Great Tusk
|-boost|p2a: Great Tusk|atk|1
|-boost|p2a: Great Tusk|def|1
|move|p1a: King of OU|Iron Head|p2a: Great Tusk
|-damage|p2a: Great Tusk|16/100
|
|upkeep
|turn|23
|
|t:|1779881646
|move|p2a: Great Tusk|Ice Spinner|p1a: King of OU
|-supereffective|p1a: King of OU
|-damage|p1a: King of OU|0 fnt
|faint|p1a: King of OU
|-end|p1a: King of OU|fallen3|[silent]
|
|upkeep
|-message|karmasiren forfeited.
|
|win|vrolog
|raw|karmasiren's rating: 1563 &rarr; <strong>1540</strong><br />(-23 for losing)
|raw|vrolog's rating: 1502 &rarr; <strong>1525</strong><br />(+23 for winning)
|l|☆karmasiren
|player|p1|
|l|☆vrolog
|player|p2|
