|j|☆InahaFrost
|j|☆CatsinND
|t:|1779823722
|gametype|singles
|player|p1|InahaFrost|n|1363
|player|p2|CatsinND|scientistf|1336
|gen|9
|tier|[Gen 9] OU
|rated|
|rule|HP Percentage Mod: HP is shown in percentages
|rule|Endless Battle Clause: Forcing endless battles is banned
|rule|Species Clause: Limit one of each Pokémon
|rule|OHKO Clause: OHKO moves are banned
|rule|Evasion Items Clause: Evasion items are banned
|rule|Evasion Moves Clause: Evasion moves are banned
|rule|Evasion Abilities Clause: Evasion abilities are banned
|rule|Sleep Moves Clause: Sleep-inducing moves are banned
|clearpoke
|poke|p1|Tyranitar, F|
|poke|p1|Minior-Indigo|
|poke|p1|Diancie|
|poke|p1|Ogerpon-Cornerstone, F|
|poke|p1|Iron Boulder|
|poke|p1|Rhyperior, M|
|poke|p2|Samurott-Hisui, F|
|poke|p2|Dragonite, F|
|poke|p2|Kingambit, F|
|poke|p2|Iron Moth|
|poke|p2|Iron Valiant|
|poke|p2|Moltres-Galar|
|teampreview
|
|t:|1779823735
|teamsize|p1|6
|teamsize|p2|6
|start
|switch|p1a: Rhyperior|Rhyperior, M|100/100
|switch|p2a: Samurott|Samurott-Hisui, F|100/100
|turn|1
|
|t:|1779823753
|move|p2a: Samurott|Ceaseless Edge|p1a: Rhyperior
|-damage|p1a: Rhyperior|62/100
|-sidestart|p1: InahaFrost|Spikes
|move|p1a: Rhyperior|Earthquake|p2a: Samurott
|-crit|p2a: Samurott
|-enditem|p2a: Samurott|Focus Sash
|-damage|p2a: Samurott|1/100
|
|upkeep
|turn|2
|
|t:|1779823759
|move|p2a: Samurott|Razor Shell|p1a: Rhyperior
|-supereffective|p1a: Rhyperior
|-damage|p1a: Rhyperior|0 fnt
|faint|p1a: Rhyperior
|
|upkeep
|
|t:|1779823778
|switch|p1a: Knight|Ogerpon-Cornerstone, F|100/100
|-damage|p1a: Knight|88/100|[from] Spikes
|turn|3
|
|t:|1779823788
|move|p2a: Samurott|Sucker Punch||[still]
|-fail|p2a: Samurott
|move|p1a: Knight|Swords Dance|p1a: Knight
|-boost|p1a: Knight|atk|2
|
|upkeep
|turn|4
|
|t:|1779823793
|move|p2a: Samurott|Sucker Punch||[still]
|-fail|p2a: Samurott
|move|p1a: Knight|Encore|p2a: Samurott
|-start|p2a: Samurott|Encore
|
|upkeep
|turn|5
|
|t:|1779823800
|switch|p2a: Iron Valiant|Iron Valiant|100/100
|-enditem|p2a: Iron Valiant|Booster Energy
|-activate|p2a: Iron Valiant|ability: Quark Drive|[fromitem]
|-start|p2a: Iron Valiant|quarkdrivespe
|move|p1a: Knight|Swords Dance|p1a: Knight
|-boost|p1a: Knight|atk|2
|
|upkeep
|turn|6
|
|t:|1779823805
|move|p2a: Iron Valiant|Close Combat|p1a: Knight
|-supereffective|p1a: Knight
|-damage|p1a: Knight|0 fnt
|-unboost|p2a: Iron Valiant|def|1
|-unboost|p2a: Iron Valiant|spd|1
|faint|p1a: Knight
|
|upkeep
|j| kanaete onegai
|
|t:|1779823810
|switch|p1a: Pawn|Minior-Indigo, shiny|100/100
|-formechange|p1a: Pawn|Minior-Meteor||[from] ability: Shields Down
|turn|7
|
|t:|1779823830
|-end|p2a: Iron Valiant|Quark Drive|[silent]
|switch|p2a: Samurott|Samurott-Hisui, F|1/100
|move|p1a: Pawn|Shell Smash|p1a: Pawn
|-unboost|p1a: Pawn|def|1
|-unboost|p1a: Pawn|spd|1
|-boost|p1a: Pawn|atk|2
|-boost|p1a: Pawn|spa|2
|-boost|p1a: Pawn|spe|2
|-enditem|p1a: Pawn|White Herb
|-clearnegativeboost|p1a: Pawn|[silent]
|
|upkeep
|turn|8
|inactive|Battle timer is ON: inactive players will automatically lose when time's up. (requested by CatsinND)
|
|t:|1779823849
|move|p2a: Samurott|Sucker Punch|p1a: Pawn
|-damage|p1a: Pawn|62/100
|move|p1a: Pawn|Power Gem|p2a: Samurott
|-damage|p2a: Samurott|0 fnt
|faint|p2a: Samurott
|
|upkeep
|
|t:|1779823858
|switch|p2a: Dragonite|Dragonite, F|100/100
|turn|9
|
|t:|1779823868
|-terastallize|p2a: Dragonite|Normal
|move|p1a: Pawn|Power Gem|p2a: Dragonite
|-damage|p2a: Dragonite|71/100
|move|p2a: Dragonite|Dragon Dance|p2a: Dragonite
|-boost|p2a: Dragonite|atk|1
|-boost|p2a: Dragonite|spe|1
|
|upkeep
|turn|10
|
|t:|1779823878
|move|p2a: Dragonite|Extreme Speed|p1a: Pawn
|-resisted|p1a: Pawn
|-damage|p1a: Pawn|20/100
|move|p1a: Pawn|Shell Smash|p1a: Pawn
|-unboost|p1a: Pawn|def|1
|-unboost|p1a: Pawn|spd|1
|-boost|p1a: Pawn|atk|2
|-boost|p1a: Pawn|spa|2
|-boost|p1a: Pawn|spe|2
|
|-formechange|p1a: Pawn|Minior-Indigo||[from] ability: Shields Down
|upkeep
|turn|11
|l| kanaeteonegai
|
|t:|1779823884
|move|p2a: Dragonite|Extreme Speed|p1a: Pawn
|-resisted|p1a: Pawn
|-damage|p1a: Pawn|0 fnt
|faint|p1a: Pawn
|
|upkeep
|
|t:|1779823888
|switch|p1a: Queen|Diancie, shiny|100/100
|-damage|p1a: Queen|88/100|[from] Spikes
|turn|12
|
|t:|1779823896
|move|p2a: Dragonite|Earthquake|p1a: Queen
|-supereffective|p1a: Queen
|-damage|p1a: Queen|18/100
|move|p1a: Queen|Diamond Storm|p2a: Dragonite
|-damage|p2a: Dragonite|38/100
|-boost|p1a: Queen|def|2
|
|-heal|p1a: Queen|24/100|[from] item: Leftovers
|upkeep
|turn|13
|
|t:|1779823902
|move|p2a: Dragonite|Earthquake|p1a: Queen
|-supereffective|p1a: Queen
|-damage|p1a: Queen|0 fnt
|faint|p1a: Queen
|
|upkeep
|
|t:|1779823905
|switch|p1a: Rook|Iron Boulder|100/100
|-damage|p1a: Rook|88/100|[from] Spikes
|-enditem|p1a: Rook|Booster Energy
|-activate|p1a: Rook|ability: Quark Drive|[fromitem]
|-start|p1a: Rook|quarkdrivespe
|turn|14
|
|t:|1779823915
|move|p2a: Dragonite|Extreme Speed|p1a: Rook
|-resisted|p1a: Rook
|-damage|p1a: Rook|51/100
|move|p1a: Rook|Mighty Cleave|p2a: Dragonite
|-damage|p2a: Dragonite|0 fnt
|faint|p2a: Dragonite
|
|upkeep
|
|t:|1779823927
|switch|p2a: Kingambit|Kingambit, F|100/100
|-activate|p2a: Kingambit|ability: Supreme Overlord
|-start|p2a: Kingambit|fallen2|[silent]
|-item|p2a: Kingambit|Air Balloon
|turn|15
|
|t:|1779823932
|move|p2a: Kingambit|Sucker Punch||[still]
|-fail|p2a: Kingambit
|move|p1a: Rook|Swords Dance|p1a: Rook
|-boost|p1a: Rook|atk|2
|
|upkeep
|turn|16
|
|t:|1779823936
|-terastallize|p1a: Rook|Fighting
|move|p2a: Kingambit|Sucker Punch|p1a: Rook
|-resisted|p1a: Rook
|-damage|p1a: Rook|25/100
|move|p1a: Rook|Close Combat|p2a: Kingambit
|-supereffective|p2a: Kingambit
|-damage|p2a: Kingambit|0 fnt
|-unboost|p1a: Rook|def|1
|-unboost|p1a: Rook|spd|1
|-enditem|p2a: Kingambit|Air Balloon
|faint|p2a: Kingambit
|-end|p2a: Kingambit|fallen2|[silent]
|
|upkeep
|
|t:|1779823948
|switch|p2a: Iron Valiant|Iron Valiant|100/100
|turn|17
|
|t:|1779823953
|move|p1a: Rook|Zen Headbutt|p2a: Iron Valiant
|-supereffective|p2a: Iron Valiant
|-damage|p2a: Iron Valiant|0 fnt
|faint|p2a: Iron Valiant
|-end|p2a: Iron Valiant|Quark Drive|[silent]
|
|upkeep
|
|t:|1779823957
|switch|p2a: Iron Moth|Iron Moth|100/100
|-enditem|p2a: Iron Moth|Booster Energy
|-activate|p2a: Iron Moth|ability: Quark Drive|[fromitem]
|-start|p2a: Iron Moth|quarkdrivespe
|turn|18
|
|t:|1779823963
|move|p2a: Iron Moth|Psychic|p1a: Rook
|-supereffective|p1a: Rook
|-damage|p1a: Rook|0 fnt
|faint|p1a: Rook
|-end|p1a: Rook|Quark Drive|[silent]
|
|upkeep
|
|t:|1779823971
|switch|p1a: King|Tyranitar, F|100/100
|-damage|p1a: King|88/100|[from] Spikes
|-weather|Sandstorm|[from] ability: Sand Stream|[of] p1a: King
|turn|19
|
|t:|1779823979
|move|p2a: Iron Moth|Dazzling Gleam|p1a: King
|-supereffective|p1a: King
|-damage|p1a: King|54/100
|move|p1a: King|Dragon Dance|p1a: King
|-boost|p1a: King|atk|1
|-boost|p1a: King|spe|1
|
|-weather|Sandstorm|[upkeep]
|-damage|p2a: Iron Moth|95/100|[from] Sandstorm
|upkeep
|turn|20
|
|t:|1779823984
|move|p2a: Iron Moth|Dazzling Gleam|p1a: King
|-supereffective|p1a: King
|-damage|p1a: King|16/100
|move|p1a: King|Earthquake|p2a: Iron Moth
|-supereffective|p2a: Iron Moth
|-damage|p2a: Iron Moth|0 fnt
|faint|p2a: Iron Moth
|-end|p2a: Iron Moth|Quark Drive|[silent]
|
|-weather|Sandstorm|[upkeep]
|upkeep
|
|t:|1779823989
|switch|p2a: Moltres|Moltres-Galar|100/100
|turn|21
|
|t:|1779823992
|move|p1a: King|Stone Edge|p2a: Moltres
|-supereffective|p2a: Moltres
|-damage|p2a: Moltres|0 fnt
|faint|p2a: Moltres
|
|win|InahaFrost
|raw|InahaFrost's rating: 1404 &rarr; <strong>1420</strong><br />(+16 for winning)
|raw|CatsinND's rating: 1336 &rarr; <strong>1320</strong><br />(-16 for losing)
|l|☆CatsinND
|player|p2|
|c|☆InahaFrost|GG
|l|☆InahaFrost
|player|p1|
