|j|☆Xtthanos
|j|☆Papiobag
|t:|1779885826
|gametype|singles
|player|p1|Xtthanos|169|1138
|player|p2|Papiobag|lucas|1125
|gen|9
|tier|[Gen 9] OU
|rated|
|rule|HP Percentage Mod: HP is shown in percentages
|rule|Endless Battle Clause: Forcing endless battles is banned
|rule|Species Clause: Limit one of each Pokémon
|rule|OHKO Clause: OHKO moves are banned
|rule|Evasion Items Clause: Evasion items are banned
|rule|Evasion Moves Clause: Evasion moves are banned
|rule|Evasion Abilities Clause: Evasion abilities are banned
|rule|Sleep Moves Clause: Sleep-inducing moves are banned
|clearpoke
|poke|p1|Samurott-Hisui, M|
|poke|p1|Charizard, F|
|poke|p1|Serperior, M|
|poke|p1|Primarina, F|
|poke|p1|Incineroar, F|
|poke|p1|Venusaur, M|
|poke|p2|Drifblim, F|
|poke|p2|Crawdaunt, F|
|poke|p2|Gumshoos, F|
|poke|p2|Porygon2|
|poke|p2|Mimikyu, F|
|poke|p2|Vikavolt, F|
|teampreview
|
|t:|1779885831
|teamsize|p1|6
|teamsize|p2|6
|start
|switch|p1a: Incineroar|Incineroar, F|100/100
|switch|p2a: Pinokio|Porygon2, shiny|100/100
|-ability|p1a: Incineroar|Intimidate|boost
|-unboost|p2a: Pinokio|atk|1
|-ability|p2a: Pinokio|Download|boost
|-boost|p2a: Pinokio|atk|1
|turn|1
|
|t:|1779885843
|move|p1a: Incineroar|Knock Off|p2a: Pinokio
|-damage|p2a: Pinokio|76/100
|-enditem|p2a: Pinokio|Eviolite|[from] move: Knock Off|[of] p1a: Incineroar
|move|p2a: Pinokio|Trick Room|p2a: Pinokio
|-fieldstart|move: Trick Room|[of] p2a: Pinokio
|
|upkeep
|turn|2
|
|t:|1779885855
|switch|p2a: Fake Pikachu|Mimikyu, F|100/100
|move|p1a: Incineroar|Parting Shot|p2a: Fake Pikachu
|-unboost|p2a: Fake Pikachu|atk|1
|-unboost|p2a: Fake Pikachu|spa|1
|
|t:|1779885858
|switch|p1a: Samurott|Samurott-Hisui, M|100/100|[from] Parting Shot
|
|upkeep
|turn|3
|
|t:|1779885870
|switch|p2a: Zegion|Vikavolt, F|100/100
|move|p1a: Samurott|Ceaseless Edge|p2a: Zegion
|-damage|p2a: Zegion|52/100
|-sidestart|p2: Papiobag|Spikes
|
|upkeep
|turn|4
|
|t:|1779885882
|move|p2a: Zegion|Volt Switch|p1a: Samurott
|-supereffective|p1a: Samurott
|-damage|p1a: Samurott|1/100
|
|t:|1779885889
|switch|p2a: Fake Pikachu|Mimikyu, F|100/100|[from] Volt Switch
|-damage|p2a: Fake Pikachu|88/100|[from] Spikes
|move|p1a: Samurott|Ceaseless Edge|p2a: Fake Pikachu
|-activate|p2a: Fake Pikachu|ability: Disguise
|-damage|p2a: Fake Pikachu|88/100
|-sidestart|p2: Papiobag|Spikes
|detailschange|p2a: Fake Pikachu|Mimikyu-Busted, F
|-damage|p2a: Fake Pikachu|76/100|[from] pokemon: Mimikyu-Busted
|
|upkeep
|turn|5
|
|t:|1779885900
|switch|p1a: Incineroar|Incineroar, F|100/100
|-ability|p1a: Incineroar|Intimidate|boost
|-unboost|p2a: Fake Pikachu|atk|1
|move|p2a: Fake Pikachu|Shadow Sneak|p1a: Incineroar
|-resisted|p1a: Incineroar
|-damage|p1a: Incineroar|95/100
|
|-fieldend|move: Trick Room
|upkeep
|turn|6
|
|t:|1779885908
|move|p1a: Incineroar|Parting Shot|p2a: Fake Pikachu
|-unboost|p2a: Fake Pikachu|atk|1
|-unboost|p2a: Fake Pikachu|spa|1
|
|t:|1779885914
|switch|p1a: Serperior|Serperior, M|100/100|[from] Parting Shot
|move|p2a: Fake Pikachu|Trick Room|p2a: Fake Pikachu
|-fieldstart|move: Trick Room|[of] p2a: Fake Pikachu
|
|upkeep
|turn|7
|
|t:|1779885941
|switch|p2a: Ballon|Drifblim, F|100/100
|move|p1a: Serperior|Leaf Storm|p2a: Ballon
|-resisted|p2a: Ballon
|-damage|p2a: Ballon|74/100
|-boost|p1a: Serperior|spa|2
|
|-status|p2a: Ballon|brn|[from] item: Flame Orb
|upkeep
|turn|8
|
|t:|1779885953
|move|p2a: Ballon|Air Slash|p1a: Serperior
|-supereffective|p1a: Serperior
|-damage|p1a: Serperior|0 fnt
|faint|p1a: Serperior
|
|-damage|p2a: Ballon|67/100 brn|[from] brn
|upkeep
|
|t:|1779885960
|switch|p1a: Incineroar|Incineroar, F|95/100
|-ability|p1a: Incineroar|Intimidate|boost
|-unboost|p2a: Ballon|atk|1
|turn|9
|
|t:|1779885970
|switch|p2a: Mr.Crabs|Crawdaunt, F|100/100
|-damage|p2a: Mr.Crabs|84/100|[from] Spikes
|move|p1a: Incineroar|Knock Off|p2a: Mr.Crabs
|-resisted|p2a: Mr.Crabs
|-damage|p2a: Mr.Crabs|60/100
|-enditem|p2a: Mr.Crabs|Life Orb|[from] move: Knock Off|[of] p1a: Incineroar
|
|upkeep
|turn|10
|
|t:|1779886003
|switch|p1a: Samurott|Samurott-Hisui, M|1/100
|-terastallize|p2a: Mr.Crabs|Water
|move|p2a: Mr.Crabs|Crabhammer|p1a: Samurott
|-resisted|p1a: Samurott
|-crit|p1a: Samurott
|-damage|p1a: Samurott|0 fnt
|faint|p1a: Samurott
|
|-fieldend|move: Trick Room
|upkeep
|
|t:|1779886007
|switch|p1a: Incineroar|Incineroar, F|95/100
|-ability|p1a: Incineroar|Intimidate|boost
|-unboost|p2a: Mr.Crabs|atk|1
|turn|11
|
|t:|1779886023
|switch|p2a: Fake Pikachu|Mimikyu-Busted, F|76/100
|-damage|p2a: Fake Pikachu|59/100|[from] Spikes
|-terastallize|p1a: Incineroar|Fairy
|move|p1a: Incineroar|Will-O-Wisp|p2a: Fake Pikachu
|-status|p2a: Fake Pikachu|brn
|
|-damage|p2a: Fake Pikachu|53/100 brn|[from] brn
|upkeep
|turn|12
|
|t:|1779886039
|move|p1a: Incineroar|Parting Shot|p2a: Fake Pikachu
|-unboost|p2a: Fake Pikachu|atk|1
|-unboost|p2a: Fake Pikachu|spa|1
|
|t:|1779886043
|switch|p1a: Primarina|Primarina, F|100/100|[from] Parting Shot
|move|p2a: Fake Pikachu|Trick Room|p2a: Fake Pikachu
|-fieldstart|move: Trick Room|[of] p2a: Fake Pikachu
|
|-damage|p2a: Fake Pikachu|47/100 brn|[from] brn
|upkeep
|turn|13
|
|t:|1779886063
|switch|p2a: Zahnpasta|Gumshoos, F, shiny|100/100
|-damage|p2a: Zahnpasta|84/100|[from] Spikes
|move|p1a: Primarina|Substitute|p1a: Primarina
|-start|p1a: Primarina|Substitute
|-damage|p1a: Primarina|76/100
|
|-heal|p1a: Primarina|82/100|[from] item: Leftovers
|upkeep
|turn|14
|
|t:|1779886072
|move|p2a: Zahnpasta|Body Slam|p1a: Primarina
|-end|p1a: Primarina|Substitute
|move|p1a: Primarina|Moonblast|p2a: Zahnpasta
|-damage|p2a: Zahnpasta|13/100
|
|-heal|p1a: Primarina|88/100|[from] item: Leftovers
|upkeep
|turn|15
|
|t:|1779886081
|switch|p1a: Incineroar|Incineroar, F, tera:Fairy|95/100
|-ability|p1a: Incineroar|Intimidate|boost
|-unboost|p2a: Zahnpasta|atk|1
|move|p2a: Zahnpasta|Body Slam|p1a: Incineroar
|-damage|p1a: Incineroar|54/100
|
|upkeep
|turn|16
|
|t:|1779886093
|switch|p2a: Fake Pikachu|Mimikyu-Busted, F|47/100 brn
|-damage|p2a: Fake Pikachu|30/100 brn|[from] Spikes
|move|p1a: Incineroar|Knock Off|p2a: Fake Pikachu
|-damage|p2a: Fake Pikachu|0 fnt
|-enditem|p2a: Fake Pikachu|Expert Belt|[from] move: Knock Off|[of] p1a: Incineroar
|faint|p2a: Fake Pikachu
|
|-fieldend|move: Trick Room
|upkeep
|
|t:|1779886102
|switch|p2a: Pinokio|Porygon2, shiny|76/100
|-damage|p2a: Pinokio|59/100|[from] Spikes
|-ability|p2a: Pinokio|Download|boost
|-boost|p2a: Pinokio|atk|1
|turn|17
|
|t:|1779886108
|move|p1a: Incineroar|Flare Blitz|p2a: Pinokio
|-damage|p2a: Pinokio|13/100
|-damage|p1a: Incineroar|39/100|[from] Recoil
|move|p2a: Pinokio|Trick Room|p2a: Pinokio
|-fieldstart|move: Trick Room|[of] p2a: Pinokio
|
|upkeep
|turn|18
|
|t:|1779886114
|move|p2a: Pinokio|Thunderbolt|p1a: Incineroar
|-damage|p1a: Incineroar|19/100
|move|p1a: Incineroar|Knock Off|p2a: Pinokio
|-damage|p2a: Pinokio|0 fnt
|faint|p2a: Pinokio
|
|upkeep
|
|t:|1779886121
|switch|p2a: Mr.Crabs|Crawdaunt, F, tera:Water|60/100
|-damage|p2a: Mr.Crabs|43/100|[from] Spikes
|turn|19
|
|t:|1779886130
|move|p2a: Mr.Crabs|Aqua Jet|p1a: Incineroar
|-damage|p1a: Incineroar|0 fnt
|faint|p1a: Incineroar
|
|upkeep
|
|t:|1779886133
|switch|p1a: Venusaur|Venusaur, M|100/100
|turn|20
|
|t:|1779886138
|move|p2a: Mr.Crabs|Crabhammer|p1a: Venusaur
|-resisted|p1a: Venusaur
|-damage|p1a: Venusaur|53/100
|move|p1a: Venusaur|Sludge Bomb|p2a: Mr.Crabs
|-damage|p2a: Mr.Crabs|0 fnt
|faint|p2a: Mr.Crabs
|
|upkeep
|
|t:|1779886151
|switch|p2a: Ballon|Drifblim, F|67/100 brn
|turn|21
|
|t:|1779886156
|move|p2a: Ballon|Air Slash|p1a: Venusaur
|-supereffective|p1a: Venusaur
|-damage|p1a: Venusaur|0 fnt
|faint|p1a: Venusaur
|
|-damage|p2a: Ballon|61/100 brn|[from] brn
|-fieldend|move: Trick Room
|upkeep
|
|t:|1779886158
|switch|p1a: Primarina|Primarina, F|88/100
|turn|22
|
|t:|1779886167
|move|p1a: Primarina|Substitute|p1a: Primarina
|-start|p1a: Primarina|Substitute
|-damage|p1a: Primarina|63/100
|move|p2a: Ballon|Shadow Ball|p1a: Primarina
|-end|p1a: Primarina|Substitute
|
|-heal|p1a: Primarina|69/100|[from] item: Leftovers
|-damage|p2a: Ballon|55/100 brn|[from] brn
|upkeep
|turn|23
|
|t:|1779886176
|move|p1a: Primarina|Moonblast|p2a: Ballon
|-damage|p2a: Ballon|0 fnt
|faint|p2a: Ballon
|
|-heal|p1a: Primarina|76/100|[from] item: Leftovers
|upkeep
|
|t:|1779886184
|switch|p2a: Zegion|Vikavolt, F|52/100
|turn|24
|
|t:|1779886189
|move|p1a: Primarina|Moonblast|p2a: Zegion
|-damage|p2a: Zegion|0 fnt
|faint|p2a: Zegion
|
|-heal|p1a: Primarina|82/100|[from] item: Leftovers
|upkeep
|
|t:|1779886195
|switch|p2a: Zahnpasta|Gumshoos, F, shiny|13/100
|-damage|p2a: Zahnpasta|0 fnt|[from] Spikes
|faint|p2a: Zahnpasta
|
|win|Xtthanos
|raw|Xtthanos's rating: 1138 &rarr; <strong>1162</strong><br />(+24 for winning)
|raw|Papiobag's rating: 1125 &rarr; <strong>1101</strong><br />(-24 for losing)
|l|☆Papiobag
|player|p2|
|l|☆Xtthanos
|player|p1|
