|j|☆cyphertests
|j|☆MAZiATi
|t:|1779806059
|gametype|singles
|player|p1|cyphertests|265|
|player|p2|MAZiATi|leaf-gen3|
|gen|9
|tier|[Gen 9] OU
|rule|HP Percentage Mod: HP is shown in percentages
|rule|Endless Battle Clause: Forcing endless battles is banned
|rule|Species Clause: Limit one of each Pokémon
|rule|OHKO Clause: OHKO moves are banned
|rule|Evasion Items Clause: Evasion items are banned
|rule|Evasion Moves Clause: Evasion moves are banned
|rule|Evasion Abilities Clause: Evasion abilities are banned
|rule|Sleep Moves Clause: Sleep-inducing moves are banned
|clearpoke
|poke|p1|Ninetales-Alola, F|
|poke|p1|Hatterene, F|
|poke|p1|Maushold-Four|
|poke|p1|Azumarill, M|
|poke|p1|Sinistcha|
|poke|p1|Dragonite, M|
|poke|p2|Arcanine-Hisui, F|
|poke|p2|Cinccino, F|
|poke|p2|Weavile, M|
|poke|p2|Espeon, F|
|poke|p2|Torkoal, M|
|poke|p2|Lilligant-Hisui, F|
|teampreview
|c|☆cyphertests|gl hf my dood
|c|☆MAZiATi|Gl hf hi5 :sgm'
|c|☆cyphertests|:SGM:
|
|t:|1779806093
|teamsize|p1|6
|teamsize|p2|6
|start
|switch|p1a: Azumarill|Azumarill, M|100/100
|switch|p2a: Torkoal|Torkoal, M|100/100
|-weather|SunnyDay|[from] ability: Drought|[of] p2a: Torkoal
|turn|1
|
|t:|1779806147
|switch|p1a: Ninetales|Ninetales-Alola, F, shiny|100/100
|-weather|Snowscape|[from] ability: Snow Warning|[of] p1a: Ninetales
|switch|p2a: Lilligant|Lilligant-Hisui, F|100/100
|
|-weather|Snowscape|[upkeep]
|upkeep
|turn|2
|
|t:|1779806183
|switch|p2a: Torkoal|Torkoal, M|100/100
|-weather|SunnyDay|[from] ability: Drought|[of] p2a: Torkoal
|move|p1a: Ninetales|Aurora Veil||[still]
|-fail|p1a: Ninetales
|
|-weather|SunnyDay|[upkeep]
|upkeep
|turn|3
|
|t:|1779806228
|switch|p2a: Weavile|Weavile, M|100/100
|-ability|p2a: Weavile|Pressure
|move|p1a: Ninetales|Snowscape|p1a: Ninetales
|-weather|Snowscape
|
|-weather|Snowscape|[upkeep]
|upkeep
|turn|4
|
|t:|1779806273
|switch|p2a: Torkoal|Torkoal, M|100/100
|-weather|SunnyDay|[from] ability: Drought|[of] p2a: Torkoal
|move|p1a: Ninetales|Snowscape|p1a: Ninetales
|-weather|Snowscape
|
|-weather|Snowscape|[upkeep]
|upkeep
|turn|5
|
|t:|1779806317
|move|p1a: Ninetales|Aurora Veil|p1a: Ninetales
|-sidestart|p1: cyphertests|move: Aurora Veil
|move|p2a: Torkoal|Stealth Rock|p1a: Ninetales
|-sidestart|p1: cyphertests|move: Stealth Rock
|
|-weather|Snowscape|[upkeep]
|upkeep
|turn|6
|
|t:|1779806339
|switch|p1a: Sinistcha|Sinistcha|100/100
|-damage|p1a: Sinistcha|88/100|[from] Stealth Rock
|switch|p2a: Arcanine|Arcanine-Hisui, F|100/100
|
|-weather|Snowscape|[upkeep]
|-heal|p1a: Sinistcha|94/100|[from] item: Leftovers
|upkeep
|turn|7
|
|t:|1779806398
|move|p2a: Arcanine|Flare Blitz|p1a: Sinistcha
|-supereffective|p1a: Sinistcha
|-crit|p1a: Sinistcha
|-damage|p1a: Sinistcha|38/100
|move|p1a: Sinistcha|Matcha Gotcha|p2a: Arcanine
|-damage|p2a: Arcanine|58/100
|-heal|p1a: Sinistcha|59/100|[from] drain|[of] p2a: Arcanine
|
|-weather|Snowscape|[upkeep]
|-heal|p1a: Sinistcha|65/100|[from] item: Leftovers
|upkeep
|turn|8
|
|t:|1779806412
|move|p2a: Arcanine|Flare Blitz|p1a: Sinistcha
|-supereffective|p1a: Sinistcha
|-damage|p1a: Sinistcha|44/100
|-status|p1a: Sinistcha|brn
|move|p1a: Sinistcha|Matcha Gotcha|p2a: Arcanine
|-damage|p2a: Arcanine|21/100
|-heal|p1a: Sinistcha|61/100 brn|[from] drain|[of] p2a: Arcanine
|
|-weather|none
|-heal|p1a: Sinistcha|68/100 brn|[from] item: Leftovers
|-damage|p1a: Sinistcha|65/100 brn|[from] brn
|upkeep
|turn|9
|
|t:|1779806450
|move|p2a: Arcanine|Sunny Day|p2a: Arcanine
|-weather|SunnyDay
|move|p1a: Sinistcha|Matcha Gotcha|p2a: Arcanine
|-damage|p2a: Arcanine|0 fnt
|-heal|p1a: Sinistcha|75/100 brn|[from] drain|[of] p2a: Arcanine
|faint|p2a: Arcanine
|
|-weather|SunnyDay|[upkeep]
|-heal|p1a: Sinistcha|81/100 brn|[from] item: Leftovers
|-damage|p1a: Sinistcha|78/100 brn|[from] brn
|upkeep
|
|t:|1779806457
|switch|p2a: Lilligant|Lilligant-Hisui, F|100/100
|turn|10
|
|t:|1779806509
|move|p2a: Lilligant|Victory Dance|p2a: Lilligant
|-boost|p2a: Lilligant|atk|1
|-boost|p2a: Lilligant|def|1
|-boost|p2a: Lilligant|spe|1
|move|p1a: Sinistcha|Strength Sap|p2a: Lilligant
|-unboost|p2a: Lilligant|atk|1
|-heal|p1a: Sinistcha|100/100 brn
|
|-weather|SunnyDay|[upkeep]
|-damage|p1a: Sinistcha|98/100 brn|[from] brn
|upkeep
|turn|11
|
|t:|1779806528
|move|p2a: Lilligant|Triple Axel|p1a: Sinistcha
|-supereffective|p1a: Sinistcha
|-damage|p1a: Sinistcha|92/100 brn
|-supereffective|p1a: Sinistcha
|-damage|p1a: Sinistcha|80/100 brn
|-supereffective|p1a: Sinistcha
|-damage|p1a: Sinistcha|64/100 brn
|-hitcount|p1a: Sinistcha|3
|-damage|p2a: Lilligant|91/100|[from] item: Life Orb
|move|p1a: Sinistcha|Shadow Ball|p2a: Lilligant
|-damage|p2a: Lilligant|38/100
|
|-weather|SunnyDay|[upkeep]
|-heal|p1a: Sinistcha|70/100 brn|[from] item: Leftovers
|-damage|p1a: Sinistcha|67/100 brn|[from] brn
|upkeep
|turn|12
|
|t:|1779806556
|switch|p2a: Cinccino|Cinccino, F|100/100
|move|p1a: Sinistcha|Strength Sap|p2a: Cinccino
|-unboost|p2a: Cinccino|atk|1
|-heal|p1a: Sinistcha|100/100 brn
|
|-weather|SunnyDay|[upkeep]
|-damage|p1a: Sinistcha|98/100 brn|[from] brn
|-sideend|p1: cyphertests|move: Aurora Veil
|upkeep
|turn|13
|
|t:|1779806617
|switch|p1a: Hatterene|Hatterene, F|100/100
|-damage|p1a: Hatterene|88/100|[from] Stealth Rock
|move|p2a: Cinccino|Tidy Up|p2a: Cinccino
|-sideend|p1: cyphertests|Stealth Rock
|-activate|p2a: Cinccino|move: Tidy Up
|-boost|p2a: Cinccino|atk|1
|-boost|p2a: Cinccino|spe|1
|
|-weather|none
|-heal|p1a: Hatterene|94/100|[from] item: Leftovers
|upkeep
|turn|14
|
|t:|1779806667
|move|p2a: Cinccino|Knock Off|p1a: Hatterene
|-damage|p1a: Hatterene|71/100
|-enditem|p1a: Hatterene|Leftovers|[from] move: Knock Off|[of] p2a: Cinccino
|move|p1a: Hatterene|Psychic Noise|p2a: Cinccino
|-damage|p2a: Cinccino|39/100
|-start|p2a: Cinccino|move: Heal Block
|
|upkeep
|turn|15
|
|t:|1779806720
|switch|p2a: Espeon|Espeon, F|100/100
|move|p1a: Hatterene|Draining Kiss|p2a: Espeon
|-damage|p2a: Espeon|70/100
|-heal|p1a: Hatterene|90/100|[from] drain|[of] p2a: Espeon
|
|-heal|p2a: Espeon|75/100|[from] item: Leftovers
|upkeep
|turn|16
|
|t:|1779806743
|move|p2a: Espeon|Calm Mind|p2a: Espeon
|-boost|p2a: Espeon|spa|1
|-boost|p2a: Espeon|spd|1
|move|p1a: Hatterene|Mystical Fire|p2a: Espeon
|-damage|p2a: Espeon|55/100
|-unboost|p2a: Espeon|spa|1
|
|-heal|p2a: Espeon|61/100|[from] item: Leftovers
|upkeep
|turn|17
|
|t:|1779806756
|switch|p1a: Maushold|Maushold-Four, shiny|100/100
|move|p2a: Espeon|Shadow Ball|p1a: Maushold
|-immune|p1a: Maushold
|
|-heal|p2a: Espeon|67/100|[from] item: Leftovers
|upkeep
|turn|18
|
|t:|1779806783
|move|p1a: Maushold|Population Bomb|p2a: Espeon
|-damage|p2a: Espeon|47/100
|-damage|p2a: Espeon|28/100
|-damage|p2a: Espeon|6/100
|-damage|p2a: Espeon|0 fnt
|faint|p2a: Espeon
|-hitcount|p2: Espeon|4
|
|upkeep
|
|t:|1779806848
|switch|p2a: Weavile|Weavile, M|100/100
|-ability|p2a: Weavile|Pressure
|turn|19
|
|t:|1779806893
|switch|p1a: Ninetales|Ninetales-Alola, F, shiny|100/100
|-weather|Snowscape|[from] ability: Snow Warning|[of] p1a: Ninetales
|move|p2a: Weavile|Triple Axel|p1a: Ninetales
|-resisted|p1a: Ninetales
|-damage|p1a: Ninetales|96/100
|-resisted|p1a: Ninetales
|-damage|p1a: Ninetales|87/100
|-resisted|p1a: Ninetales
|-damage|p1a: Ninetales|74/100
|-hitcount|p1a: Ninetales|3
|
|-weather|Snowscape|[upkeep]
|upkeep
|turn|20
|
|t:|1779806917
|switch|p2a: Torkoal|Torkoal, M|100/100
|-weather|SunnyDay|[from] ability: Drought|[of] p2a: Torkoal
|move|p1a: Ninetales|Aurora Veil||[still]
|-fail|p1a: Ninetales
|
|-weather|SunnyDay|[upkeep]
|upkeep
|turn|21
|
|t:|1779806933
|move|p1a: Ninetales|Snowscape|p1a: Ninetales
|-weather|Snowscape
|move|p2a: Torkoal|Lava Plume|p1a: Ninetales
|-supereffective|p1a: Ninetales
|-damage|p1a: Ninetales|24/100
|
|-weather|Snowscape|[upkeep]
|upkeep
|turn|22
|
|t:|1779806950
|move|p1a: Ninetales|Aurora Veil|p1a: Ninetales
|-sidestart|p1: cyphertests|move: Aurora Veil
|move|p2a: Torkoal|Stealth Rock|p1a: Ninetales
|-sidestart|p1: cyphertests|move: Stealth Rock
|
|-weather|Snowscape|[upkeep]
|upkeep
|turn|23
|
|t:|1779806993
|switch|p1a: Sinistcha|Sinistcha|98/100 brn
|-damage|p1a: Sinistcha|85/100 brn|[from] Stealth Rock
|switch|p2a: Cinccino|Cinccino, F|39/100
|
|-weather|Snowscape|[upkeep]
|-heal|p1a: Sinistcha|91/100 brn|[from] item: Leftovers
|-damage|p1a: Sinistcha|88/100 brn|[from] brn
|upkeep
|turn|24
|
|t:|1779807013
|-terastallize|p1a: Sinistcha|Poison
|move|p2a: Cinccino|Knock Off|p1a: Sinistcha
|-damage|p1a: Sinistcha|80/100 brn
|-enditem|p1a: Sinistcha|Leftovers|[from] move: Knock Off|[of] p2a: Cinccino
|move|p1a: Sinistcha|Matcha Gotcha|p2a: Cinccino
|-damage|p2a: Cinccino|0 fnt
|-heal|p1a: Sinistcha|96/100 brn|[from] drain|[of] p2a: Cinccino
|faint|p2a: Cinccino
|
|-weather|Snowscape|[upkeep]
|-damage|p1a: Sinistcha|93/100 brn|[from] brn
|upkeep
|
|t:|1779807075
|switch|p2a: Weavile|Weavile, M|100/100
|-ability|p2a: Weavile|Pressure
|turn|25
|c|☆MAZiATi|Why is weavile still 250 def if I switched out?
|c|☆MAZiATi|Is that cuz of the snow?
|c|☆MAZiATi|:feels think man:
|c|☆cyphertests|yep snow increases the def of ice types
|c|☆MAZiATi|As you'd say
|c|☆MAZiATi|Naisu
|c|☆cyphertests|like how sandstorm increases the sp def of rock types
|c|☆MAZiATi|:feelssmugman:
|c|☆cyphertests|:feelssmugman:
|
|t:|1779807151
|move|p2a: Weavile|Swords Dance|p2a: Weavile
|-boost|p2a: Weavile|atk|2
|move|p1a: Sinistcha|Matcha Gotcha|p2a: Weavile
|-damage|p2a: Weavile|55/100
|-heal|p1a: Sinistcha|100/100 brn|[from] drain|[of] p2a: Weavile
|
|-weather|none
|-damage|p1a: Sinistcha|98/100 brn|[from] brn
|upkeep
|turn|26
|
|t:|1779807189
|move|p2a: Weavile|Swords Dance|p2a: Weavile
|-boost|p2a: Weavile|atk|2
|move|p1a: Sinistcha|Matcha Gotcha|p2a: Weavile
|-damage|p2a: Weavile|11/100
|-heal|p1a: Sinistcha|100/100 brn|[from] drain|[of] p2a: Weavile
|
|-damage|p1a: Sinistcha|98/100 brn|[from] brn
|upkeep
|turn|27
|
|t:|1779807232
|move|p2a: Weavile|Triple Axel|p1a: Sinistcha
|-damage|p1a: Sinistcha|88/100 brn
|-damage|p1a: Sinistcha|69/100 brn
|-damage|p1a: Sinistcha|40/100 brn
|-hitcount|p1a: Sinistcha|3
|move|p1a: Sinistcha|Strength Sap|p2a: Weavile
|-unboost|p2a: Weavile|atk|1
|-heal|p1a: Sinistcha|100/100 brn
|
|-damage|p1a: Sinistcha|98/100 brn|[from] brn
|upkeep
|turn|28
|c|☆MAZiATi|Tea :feelsbruhman:
|c|☆cyphertests|:feelsbruhman:
|
|t:|1779807272
|move|p2a: Weavile|Knock Off|p1a: Sinistcha
|-damage|p1a: Sinistcha|68/100 brn
|move|p1a: Sinistcha|Shadow Ball|p2a: Weavile
|-resisted|p2a: Weavile
|-damage|p2a: Weavile|0 fnt
|faint|p2a: Weavile
|
|-damage|p1a: Sinistcha|65/100 brn|[from] brn
|upkeep
|
|t:|1779807283
|switch|p2a: Torkoal|Torkoal, M|100/100
|-weather|SunnyDay|[from] ability: Drought|[of] p2a: Torkoal
|turn|29
|
|t:|1779807311
|move|p1a: Sinistcha|Shadow Ball|p2a: Torkoal
|-crit|p2a: Torkoal
|-damage|p2a: Torkoal|42/100
|move|p2a: Torkoal|Lava Plume|p1a: Sinistcha
|-damage|p1a: Sinistcha|55/100 brn
|
|-weather|SunnyDay|[upkeep]
|-damage|p1a: Sinistcha|52/100 brn|[from] brn
|-sideend|p1: cyphertests|move: Aurora Veil
|upkeep
|turn|30
|
|t:|1779807378
|switch|p2a: Lilligant|Lilligant-Hisui, F|38/100
|move|p1a: Sinistcha|Strength Sap|p2a: Lilligant
|-unboost|p2a: Lilligant|atk|1
|-heal|p1a: Sinistcha|100/100 brn
|
|-weather|SunnyDay|[upkeep]
|-damage|p1a: Sinistcha|98/100 brn|[from] brn
|upkeep
|turn|31
|
|t:|1779807412
|move|p2a: Lilligant|Solar Blade||[still]
|-prepare|p2a: Lilligant|Solar Blade
|-anim|p2a: Lilligant|Solar Blade|p1a: Sinistcha
|-resisted|p1a: Sinistcha
|-damage|p1a: Sinistcha|79/100 brn
|-damage|p2a: Lilligant|28/100|[from] item: Life Orb
|move|p1a: Sinistcha|Shadow Ball|p2a: Lilligant
|-damage|p2a: Lilligant|0 fnt
|faint|p2a: Lilligant
|
|-weather|SunnyDay|[upkeep]
|-damage|p1a: Sinistcha|76/100 brn|[from] brn
|upkeep
|c|☆cyphertests|gg my dood
|
|t:|1779807426
|switch|p2a: Torkoal|Torkoal, M|42/100
|turn|32
|
|t:|1779807472
|move|p1a: Sinistcha|Shadow Ball|p2a: Torkoal
|-damage|p2a: Torkoal|0 fnt
|faint|p2a: Torkoal
|
|win|cyphertests
|c|☆MAZiATi|Gg.ma.dood
