|badge|p1|bronze|gen9ubers|100-9
|uhtml|medal-msg|<div class="broadcast-blue">Curious what those medals under the avatar are? PS now has Ladder Seasons! For more information, check out the <a href="https://www.smogon.com/forums/threads/3740067/">thread on Smogon.</a></div>
|j|☆itztrip
|j|☆Team10thPlanett
|t:|1779900657
|gametype|singles
|player|p1|itztrip|proton|1601
|player|p2|Team10thPlanett|veteran|1655
|gen|9
|tier|[Gen 9] OU
|rated|
|rule|HP Percentage Mod: HP is shown in percentages
|rule|Endless Battle Clause: Forcing endless battles is banned
|rule|Species Clause: Limit one of each Pokémon
|rule|OHKO Clause: OHKO moves are banned
|rule|Evasion Items Clause: Evasion items are banned
|rule|Evasion Moves Clause: Evasion moves are banned
|rule|Evasion Abilities Clause: Evasion abilities are banned
|rule|Sleep Moves Clause: Sleep-inducing moves are banned
|clearpoke
|poke|p1|Darkrai|
|poke|p1|Garchomp, F|
|poke|p1|Alomomola, M|
|poke|p1|Corviknight, F|
|poke|p1|Weezing-Galar, F|
|poke|p1|Ogerpon, F|
|poke|p2|Zamazenta-*|
|poke|p2|Dragonite, M|
|poke|p2|Araquanid, M|
|poke|p2|Iron Treads|
|poke|p2|Raikou|
|poke|p2|Politoed, M|
|teampreview
|inactive|Battle timer is ON: inactive players will automatically lose when time's up. (requested by itztrip)
|inactive|Team10thPlanett has 120 seconds left.
|
|t:|1779900688
|teamsize|p1|6
|teamsize|p2|6
|start
|switch|p1a: Garchomp|Garchomp, F|100/100
|switch|p2a: Politoed|Politoed, M|100/100
|-weather|RainDance|[from] ability: Drizzle|[of] p2a: Politoed
|turn|1
|
|t:|1779900697
|switch|p1a: Alomomola|Alomomola, M|100/100
|move|p2a: Politoed|Ice Beam|p1a: Alomomola
|-resisted|p1a: Alomomola
|-damage|p1a: Alomomola|94/100
|
|-weather|RainDance|[upkeep]
|upkeep
|turn|2
|
|t:|1779900706
|switch|p2a: Johnny Tsunami 🌊|Araquanid, M|100/100
|move|p1a: Alomomola|Body Slam|p2a: Johnny Tsunami 🌊
|-damage|p2a: Johnny Tsunami 🌊|84/100
|-status|p2a: Johnny Tsunami 🌊|par
|
|-weather|RainDance|[upkeep]
|upkeep
|turn|3
|
|t:|1779900715
|move|p2a: Johnny Tsunami 🌊|Surf|p1a: Alomomola
|-resisted|p1a: Alomomola
|-damage|p1a: Alomomola|75/100
|move|p1a: Alomomola|Mirror Coat|p2a: Johnny Tsunami 🌊
|-damage|p2a: Johnny Tsunami 🌊|24/100 par
|
|-weather|RainDance|[upkeep]
|upkeep
|turn|4
|-enditem|p2a: Johnny Tsunami 🌊|Custap Berry|[eat]
|-activate|p2a: Johnny Tsunami 🌊|item: Custap Berry|[consumed]
|
|t:|1779900725
|move|p2a: Johnny Tsunami 🌊|Sticky Web|p1a: Alomomola
|-sidestart|p1: itztrip|move: Sticky Web
|move|p1a: Alomomola|Flip Turn|p2a: Johnny Tsunami 🌊
|-resisted|p2a: Johnny Tsunami 🌊
|-damage|p2a: Johnny Tsunami 🌊|11/100 par
|
|t:|1779900727
|switch|p1a: Corviknight|Corviknight, F|100/100|[from] Flip Turn
|-ability|p1a: Corviknight|Pressure
|
|-weather|RainDance|[upkeep]
|upkeep
|turn|5
|
|t:|1779900738
|move|p1a: Corviknight|Brave Bird|p2a: Johnny Tsunami 🌊
|-supereffective|p2a: Johnny Tsunami 🌊
|-damage|p2a: Johnny Tsunami 🌊|0 fnt
|faint|p2a: Johnny Tsunami 🌊
|-damage|p1a: Corviknight|97/100|[from] Recoil
|
|-weather|none
|upkeep
|
|t:|1779900747
|switch|p2a: Diego ⚡️|Raikou|100/100
|-ability|p2a: Diego ⚡️|Pressure
|turn|6
|
|t:|1779900756
|switch|p1a: Alomomola|Alomomola, M|100/100
|-activate|p1a: Alomomola|move: Sticky Web
|-unboost|p1a: Alomomola|spe|1
|move|p2a: Diego ⚡️|Volt Switch|p1a: Alomomola
|-supereffective|p1a: Alomomola
|-damage|p1a: Alomomola|51/100
|
|t:|1779900768
|switch|p2a: Iron Treads|Iron Treads|100/100|[from] Volt Switch
|-enditem|p2a: Iron Treads|Booster Energy
|-activate|p2a: Iron Treads|ability: Quark Drive|[fromitem]
|-start|p2a: Iron Treads|quarkdrivespe
|
|upkeep
|turn|7
|
|t:|1779900775
|move|p2a: Iron Treads|Knock Off|p1a: Alomomola
|-damage|p1a: Alomomola|29/100
|-enditem|p1a: Alomomola|Assault Vest|[from] move: Knock Off|[of] p2a: Iron Treads
|move|p1a: Alomomola|Flip Turn|p2a: Iron Treads
|-supereffective|p2a: Iron Treads
|-damage|p2a: Iron Treads|72/100
|
|t:|1779900778
|switch|p1a: Garchomp|Garchomp, F|100/100|[from] Flip Turn
|-activate|p1a: Garchomp|move: Sticky Web
|-unboost|p1a: Garchomp|spe|1
|
|upkeep
|turn|8
|
|t:|1779900804
|move|p2a: Iron Treads|Earthquake|p1a: Garchomp
|-damage|p1a: Garchomp|73/100
|move|p1a: Garchomp|Stealth Rock|p2a: Iron Treads
|-sidestart|p2: Team10thPlanett|move: Stealth Rock
|
|upkeep
|turn|9
|
|t:|1779900812
|move|p2a: Iron Treads|Rapid Spin|p1a: Garchomp
|-damage|p1a: Garchomp|63/100
|-boost|p2a: Iron Treads|spe|1
|-damage|p2a: Iron Treads|59/100|[from] ability: Rough Skin|[of] p1a: Garchomp
|-damage|p2a: Iron Treads|43/100|[from] item: Rocky Helmet|[of] p1a: Garchomp
|-sideend|p2: Team10thPlanett|Stealth Rock|[from] move: Rapid Spin|[of] p2a: Iron Treads
|move|p1a: Garchomp|Spikes|p2a: Iron Treads
|-sidestart|p2: Team10thPlanett|Spikes
|
|upkeep
|turn|10
|
|t:|1779900823
|move|p2a: Iron Treads|Rapid Spin|p1a: Garchomp
|-damage|p1a: Garchomp|54/100
|-boost|p2a: Iron Treads|spe|1
|-damage|p2a: Iron Treads|30/100|[from] ability: Rough Skin|[of] p1a: Garchomp
|-damage|p2a: Iron Treads|14/100|[from] item: Rocky Helmet|[of] p1a: Garchomp
|-sideend|p2: Team10thPlanett|Spikes|[from] move: Rapid Spin|[of] p2a: Iron Treads
|move|p1a: Garchomp|Earthquake|p2a: Iron Treads
|-supereffective|p2a: Iron Treads
|-damage|p2a: Iron Treads|0 fnt
|faint|p2a: Iron Treads
|-end|p2a: Iron Treads|Quark Drive|[silent]
|
|upkeep
|j| glizzygoober47
|inactive|Team10thPlanett has 120 seconds left.
|
|t:|1779900847
|switch|p2a: Zamazenta|Zamazenta|100/100
|-ability|p2a: Zamazenta|Dauntless Shield|boost
|-boost|p2a: Zamazenta|def|1
|turn|11
|inactive|Team10thPlanett has 120 seconds left.
|l| glizzygoober47
|
|t:|1779900859
|switch|p1a: Weezing|Weezing-Galar, F|100/100
|-ability|p1a: Weezing|Neutralizing Gas
|move|p2a: Zamazenta|Close Combat|p1a: Weezing
|-resisted|p1a: Weezing
|-damage|p1a: Weezing|86/100
|-unboost|p2a: Zamazenta|def|1
|-unboost|p2a: Zamazenta|spd|1
|
|upkeep
|turn|12
|inactive|Team10thPlanett has 120 seconds left.
|j| Monkey D MinMin
|
|t:|1779900876
|switch|p2a: Politoed|Politoed, M|100/100
|move|p1a: Weezing|Will-O-Wisp|p2a: Politoed
|-status|p2a: Politoed|brn
|
|-damage|p2a: Politoed|94/100 brn|[from] brn
|upkeep
|turn|13
|j| Lowladderubersnoob
|
|t:|1779900895
|-end|p1a: Weezing|ability: Neutralizing Gas
|-weather|RainDance|[from] ability: Drizzle|[of] p2a: Politoed
|switch|p1a: Alomomola|Alomomola, M|62/100
|-activate|p1a: Alomomola|move: Sticky Web
|-unboost|p1a: Alomomola|spe|1
|move|p2a: Politoed|Ice Beam|p1a: Alomomola
|-resisted|p1a: Alomomola
|-damage|p1a: Alomomola|54/100
|
|-weather|RainDance|[upkeep]
|-damage|p2a: Politoed|88/100 brn|[from] brn
|upkeep
|turn|14
|
|t:|1779900911
|switch|p2a: Diego ⚡️|Raikou|100/100
|-ability|p2a: Diego ⚡️|Pressure
|move|p1a: Alomomola|Flip Turn|p2a: Diego ⚡️
|-damage|p2a: Diego ⚡️|65/100
|
|t:|1779900914
|switch|p1a: Garchomp|Garchomp, F|54/100|[from] Flip Turn
|-activate|p1a: Garchomp|move: Sticky Web
|-unboost|p1a: Garchomp|spe|1
|
|-weather|RainDance|[upkeep]
|upkeep
|turn|15
|
|t:|1779900926
|-terastallize|p1a: Garchomp|Ghost
|move|p2a: Diego ⚡️|Scald|p1a: Garchomp
|-damage|p1a: Garchomp|1/100
|move|p1a: Garchomp|Earthquake|p2a: Diego ⚡️
|-supereffective|p2a: Diego ⚡️
|-damage|p2a: Diego ⚡️|0 fnt
|faint|p2a: Diego ⚡️
|
|-weather|RainDance|[upkeep]
|upkeep
|
|t:|1779900937
|switch|p2a: Politoed|Politoed, M|88/100 brn
|turn|16
|
|t:|1779900943
|move|p2a: Politoed|Weather Ball|p1a: Garchomp
|-damage|p1a: Garchomp|0 fnt
|faint|p1a: Garchomp
|
|-weather|RainDance|[upkeep]
|-damage|p2a: Politoed|82/100 brn|[from] brn
|upkeep
|
|t:|1779900950
|switch|p1a: Alomomola|Alomomola, M|87/100
|-activate|p1a: Alomomola|move: Sticky Web
|-unboost|p1a: Alomomola|spe|1
|turn|17
|
|t:|1779900959
|move|p2a: Politoed|Weather Ball|p1a: Alomomola
|-resisted|p1a: Alomomola
|-damage|p1a: Alomomola|64/100
|move|p1a: Alomomola|Flip Turn|p2a: Politoed
|-resisted|p2a: Politoed
|-damage|p2a: Politoed|64/100 brn
|
|t:|1779900961
|switch|p1a: Darkrai|Darkrai|100/100|[from] Flip Turn
|-activate|p1a: Darkrai|move: Sticky Web
|-unboost|p1a: Darkrai|spe|1
|
|-weather|none
|-damage|p2a: Politoed|58/100 brn|[from] brn
|upkeep
|turn|18
|inactive|Team10thPlanett has 120 seconds left.
|
|t:|1779900975
|switch|p2a: Zamazenta|Zamazenta|100/100
|move|p1a: Darkrai|Dark Pulse|p2a: Zamazenta
|-resisted|p2a: Zamazenta
|-damage|p2a: Zamazenta|68/100
|
|upkeep
|turn|19
|inactive|Team10thPlanett has 120 seconds left.
|
|t:|1779900985
|switch|p1a: Corviknight|Corviknight, F|97/100
|-ability|p1a: Corviknight|Pressure
|-terastallize|p2a: Zamazenta|Steel
|move|p2a: Zamazenta|Heavy Slam|p1a: Corviknight
|-resisted|p1a: Corviknight
|-damage|p1a: Corviknight|79/100
|
|upkeep
|turn|20
|inactive|Team10thPlanett has 120 seconds left.
|
|t:|1779901001
|switch|p2a: Politoed|Politoed, M|58/100 brn
|-weather|RainDance|[from] ability: Drizzle|[of] p2a: Politoed
|move|p1a: Corviknight|Roost|p1a: Corviknight
|-heal|p1a: Corviknight|100/100
|-singleturn|p1a: Corviknight|move: Roost
|
|-weather|RainDance|[upkeep]
|-damage|p2a: Politoed|52/100 brn|[from] brn
|upkeep
|turn|21
|inactive|Team10thPlanett has 120 seconds left.
|
|t:|1779901013
|switch|p1a: Alomomola|Alomomola, M|97/100
|-activate|p1a: Alomomola|move: Sticky Web
|-unboost|p1a: Alomomola|spe|1
|move|p2a: Politoed|Weather Ball|p1a: Alomomola
|-resisted|p1a: Alomomola
|-damage|p1a: Alomomola|75/100
|
|-weather|RainDance|[upkeep]
|-damage|p2a: Politoed|45/100 brn|[from] brn
|upkeep
|turn|22
|inactive|Team10thPlanett has 120 seconds left.
|
|t:|1779901025
|move|p2a: Politoed|Weather Ball|p1a: Alomomola
|-resisted|p1a: Alomomola
|-damage|p1a: Alomomola|53/100
|move|p1a: Alomomola|Flip Turn|p2a: Politoed
|-resisted|p2a: Politoed
|-damage|p2a: Politoed|29/100 brn
|
|t:|1779901029
|switch|p1a: Ogerpon|Ogerpon, F|100/100|[from] Flip Turn
|-activate|p1a: Ogerpon|move: Sticky Web
|-unboost|p1a: Ogerpon|spe|1
|-ability|p1a: Ogerpon|Defiant|boost
|-boost|p1a: Ogerpon|atk|2
|
|-weather|RainDance|[upkeep]
|-damage|p2a: Politoed|23/100 brn|[from] brn
|upkeep
|turn|23
|inactive|Team10thPlanett has 120 seconds left.
|
|t:|1779901046
|switch|p2a: Zamazenta|Zamazenta, tera:Steel|68/100
|switch|p1a: Alomomola|Alomomola, M|86/100
|-activate|p1a: Alomomola|move: Sticky Web
|-unboost|p1a: Alomomola|spe|1
|
|-weather|RainDance|[upkeep]
|upkeep
|turn|24
|inactive|Team10thPlanett has 120 seconds left.
|
|t:|1779901056
|move|p2a: Zamazenta|Heavy Slam|p1a: Alomomola
|-resisted|p1a: Alomomola
|-damage|p1a: Alomomola|53/100
|move|p1a: Alomomola|Flip Turn|p2a: Zamazenta
|-damage|p2a: Zamazenta|44/100
|
|t:|1779901071
|switch|p1a: Corviknight|Corviknight, F|100/100|[from] Flip Turn
|-ability|p1a: Corviknight|Pressure
|
|-weather|none
|upkeep
|turn|25
|
|t:|1779901080
|switch|p2a: Politoed|Politoed, M|23/100 brn
|-weather|RainDance|[from] ability: Drizzle|[of] p2a: Politoed
|move|p1a: Corviknight|Brave Bird|p2a: Politoed
|-damage|p2a: Politoed|0 fnt
|faint|p2a: Politoed
|-damage|p1a: Corviknight|94/100|[from] Recoil
|
|-weather|RainDance|[upkeep]
|upkeep
|
|t:|1779901092
|switch|p2a: Zamazenta|Zamazenta, tera:Steel|44/100
|turn|26
|
|t:|1779901096
|switch|p1a: Weezing|Weezing-Galar, F|86/100
|-ability|p1a: Weezing|Neutralizing Gas
|move|p2a: Zamazenta|Close Combat|p1a: Weezing
|-resisted|p1a: Weezing
|-damage|p1a: Weezing|73/100
|-unboost|p2a: Zamazenta|def|1
|-unboost|p2a: Zamazenta|spd|1
|
|-weather|RainDance|[upkeep]
|upkeep
|turn|27
|-message|Team10thPlanett forfeited.
|
|win|itztrip
|raw|itztrip's rating: 1601 &rarr; <strong>1624</strong><br />(+23 for winning)
|raw|Team10thPlanett's rating: 1655 &rarr; <strong>1632</strong><br />(-23 for losing)
|l|☆Team10thPlanett
|player|p2|
|l|☆itztrip
|player|p1|
|l| Lowladderubersnoob
