|j|☆ShopkeeperSimon
|j|☆lord_brains
|t:|1779917233
|gametype|singles
|player|p1|ShopkeeperSimon|ghetsis|1252
|player|p2|lord_brains|nate|1230
|gen|9
|tier|[Gen 9] OU
|rated|
|rule|HP Percentage Mod: HP is shown in percentages
|rule|Endless Battle Clause: Forcing endless battles is banned
|rule|Species Clause: Limit one of each Pokémon
|rule|OHKO Clause: OHKO moves are banned
|rule|Evasion Items Clause: Evasion items are banned
|rule|Evasion Moves Clause: Evasion moves are banned
|rule|Evasion Abilities Clause: Evasion abilities are banned
|rule|Sleep Moves Clause: Sleep-inducing moves are banned
|clearpoke
|poke|p1|Regieleki|
|poke|p1|Ting-Lu|
|poke|p1|Kyurem|
|poke|p1|Kingambit, F|
|poke|p1|Garganacl, F|
|poke|p1|Moltres|
|poke|p2|Scizor, F|
|poke|p2|Great Tusk|
|poke|p2|Kyurem|
|poke|p2|Glimmora, F|
|poke|p2|Registeel|
|poke|p2|Chandelure, M|
|teampreview
|c|☆lord_brains|glhf
|inactive|Battle timer is ON: inactive players will automatically lose when time's up. (requested by ShopkeeperSimon)
|c|☆ShopkeeperSimon|gkhf
|
|t:|1779917250
|teamsize|p1|6
|teamsize|p2|6
|start
|switch|p1a: Kyurem|Kyurem, shiny|100/100
|switch|p2a: Glimmora|Glimmora, F|100/100
|-ability|p1a: Kyurem|Pressure
|turn|1
|
|t:|1779917258
|move|p1a: Kyurem|Earth Power|p2a: Glimmora
|-supereffective|p2a: Glimmora
|-enditem|p2a: Glimmora|Focus Sash
|-damage|p2a: Glimmora|1/100
|move|p2a: Glimmora|Stealth Rock|p1a: Kyurem
|-sidestart|p1: ShopkeeperSimon|move: Stealth Rock
|
|upkeep
|turn|2
|
|t:|1779917267
|move|p1a: Kyurem|Freeze-Dry|p2a: Glimmora
|-damage|p2a: Glimmora|0 fnt
|faint|p2a: Glimmora
|
|upkeep
|
|t:|1779917278
|switch|p2a: Kyurem|Kyurem|100/100
|-ability|p2a: Kyurem|Pressure
|turn|3
|
|t:|1779917287
|switch|p1a: Moltres|Moltres|100/100
|move|p2a: Kyurem|Draco Meteor|p1a: Moltres
|-damage|p1a: Moltres|4/100
|-unboost|p2a: Kyurem|spa|2
|
|upkeep
|turn|4
|
|t:|1779917298
|switch|p1a: Kingambit|Kingambit, F|100/100
|-damage|p1a: Kingambit|94/100|[from] Stealth Rock
|move|p2a: Kyurem|Draco Meteor|p1a: Kingambit
|-resisted|p1a: Kingambit
|-crit|p1a: Kingambit
|-damage|p1a: Kingambit|25/100
|-unboost|p2a: Kyurem|spa|2
|
|-heal|p1a: Kingambit|31/100|[from] item: Leftovers
|upkeep
|turn|5
|
|t:|1779917310
|switch|p2a: Great Tusk|Great Tusk|100/100
|move|p1a: Kingambit|Iron Head|p2a: Great Tusk
|-damage|p2a: Great Tusk|69/100
|
|-heal|p2a: Great Tusk|75/100|[from] item: Leftovers
|-heal|p1a: Kingambit|37/100|[from] item: Leftovers
|upkeep
|turn|6
|
|t:|1779917327
|-end|p2a: Great Tusk|Protosynthesis|[silent]
|switch|p2a: Chandelure|Chandelure, M, shiny|100/100
|-end|p1a: Kingambit|fallenundefined|[silent]
|switch|p1a: Moltres|Moltres|4/100
|
|upkeep
|turn|7
|
|t:|1779917336
|move|p2a: Chandelure|Energy Ball|p1a: Moltres
|-resisted|p1a: Moltres
|-damage|p1a: Moltres|0 fnt
|faint|p1a: Moltres
|
|upkeep
|
|t:|1779917342
|switch|p1a: Kingambit|Kingambit, F|37/100
|-damage|p1a: Kingambit|31/100|[from] Stealth Rock
|-activate|p1a: Kingambit|ability: Supreme Overlord
|-start|p1a: Kingambit|fallen1|[silent]
|turn|8
|
|t:|1779917348
|move|p2a: Chandelure|Will-O-Wisp|p1a: Kingambit
|-status|p1a: Kingambit|brn
|move|p1a: Kingambit|Kowtow Cleave|p2a: Chandelure
|-supereffective|p2a: Chandelure
|-damage|p2a: Chandelure|21/100
|
|-heal|p1a: Kingambit|37/100 brn|[from] item: Leftovers
|-damage|p1a: Kingambit|31/100 brn|[from] brn
|upkeep
|turn|9
|
|t:|1779917358
|switch|p2a: Registeel|Registeel|100/100
|move|p1a: Kingambit|Sucker Punch||[still]
|-fail|p1a: Kingambit
|
|-heal|p1a: Kingambit|37/100 brn|[from] item: Leftovers
|-damage|p1a: Kingambit|31/100 brn|[from] brn
|upkeep
|turn|10
|
|t:|1779917368
|move|p1a: Kingambit|Kowtow Cleave|p2a: Registeel
|-damage|p2a: Registeel|82/100
|move|p2a: Registeel|Iron Defense|p2a: Registeel
|-boost|p2a: Registeel|def|2
|
|-heal|p1a: Kingambit|37/100 brn|[from] item: Leftovers
|-heal|p2a: Registeel|88/100|[from] item: Leftovers
|-damage|p1a: Kingambit|31/100 brn|[from] brn
|upkeep
|turn|11
|
|t:|1779917378
|-end|p1a: Kingambit|fallen1|[silent]
|switch|p1a: Ting-Lu|Ting-Lu, shiny|100/100
|-damage|p1a: Ting-Lu|94/100|[from] Stealth Rock
|-ability|p1a: Ting-Lu|Vessel of Ruin
|move|p2a: Registeel|Body Press|p1a: Ting-Lu
|-supereffective|p1a: Ting-Lu
|-damage|p1a: Ting-Lu|41/100
|-enditem|p1a: Ting-Lu|Weakness Policy
|-boost|p1a: Ting-Lu|atk|2|[from] item: Weakness Policy
|-boost|p1a: Ting-Lu|spa|2|[from] item: Weakness Policy
|
|-heal|p2a: Registeel|94/100|[from] item: Leftovers
|upkeep
|turn|12
|inactive|ShopkeeperSimon has 120 seconds left.
|
|t:|1779917411
|move|p1a: Ting-Lu|Earthquake|p2a: Registeel
|-supereffective|p2a: Registeel
|-damage|p2a: Registeel|33/100
|move|p2a: Registeel|Body Press|p1a: Ting-Lu
|-supereffective|p1a: Ting-Lu
|-damage|p1a: Ting-Lu|0 fnt
|faint|p1a: Ting-Lu
|
|-heal|p2a: Registeel|39/100|[from] item: Leftovers
|upkeep
|inactive|ShopkeeperSimon has 120 seconds left.
|
|t:|1779917420
|switch|p1a: Garganacl|Garganacl, F|100/100
|-damage|p1a: Garganacl|88/100|[from] Stealth Rock
|turn|13
|
|t:|1779917426
|-terastallize|p1a: Garganacl|Fairy
|move|p1a: Garganacl|Salt Cure|p2a: Registeel
|-resisted|p2a: Registeel
|-damage|p2a: Registeel|37/100
|-start|p2a: Registeel|Salt Cure
|move|p2a: Registeel|Body Press|p1a: Garganacl
|-resisted|p1a: Garganacl
|-damage|p1a: Garganacl|73/100
|
|-heal|p1a: Garganacl|79/100|[from] item: Leftovers
|-heal|p2a: Registeel|43/100|[from] item: Leftovers
|-damage|p2a: Registeel|18/100|[from] Salt Cure
|upkeep
|turn|14
|
|t:|1779917437
|move|p1a: Garganacl|Curse|p1a: Garganacl
|-unboost|p1a: Garganacl|spe|1
|-boost|p1a: Garganacl|atk|1
|-boost|p1a: Garganacl|def|1
|move|p2a: Registeel|Iron Head|p1a: Garganacl
|-supereffective|p1a: Garganacl
|-damage|p1a: Garganacl|60/100
|
|-heal|p2a: Registeel|24/100|[from] item: Leftovers
|-heal|p1a: Garganacl|66/100|[from] item: Leftovers
|-damage|p2a: Registeel|0 fnt|[from] Salt Cure
|faint|p2a: Registeel
|upkeep
|
|t:|1779917449
|switch|p2a: Kyurem|Kyurem|100/100
|-ability|p2a: Kyurem|Pressure
|turn|15
|
|t:|1779917455
|-terastallize|p2a: Kyurem|Ground
|move|p2a: Kyurem|Earth Power|p1a: Garganacl
|-damage|p1a: Garganacl|11/100
|move|p1a: Garganacl|Salt Cure|p2a: Kyurem
|-resisted|p2a: Kyurem
|-damage|p2a: Kyurem|90/100
|-start|p2a: Kyurem|Salt Cure
|
|-heal|p1a: Garganacl|17/100|[from] item: Leftovers
|-damage|p2a: Kyurem|78/100|[from] Salt Cure
|upkeep
|turn|16
|
|t:|1779917466
|move|p2a: Kyurem|Earth Power|p1a: Garganacl
|-damage|p1a: Garganacl|0 fnt
|faint|p1a: Garganacl
|
|-damage|p2a: Kyurem|66/100|[from] Salt Cure
|upkeep
|
|t:|1779917472
|switch|p1a: Kyurem|Kyurem, shiny|100/100
|-damage|p1a: Kyurem|76/100|[from] Stealth Rock
|-ability|p1a: Kyurem|Pressure
|turn|17
|
|t:|1779917484
|switch|p2a: Scizor|Scizor, F|100/100
|move|p1a: Kyurem|Freeze-Dry|p2a: Scizor
|-resisted|p2a: Scizor
|-damage|p2a: Scizor|79/100
|
|-heal|p1a: Kyurem|82/100|[from] item: Leftovers
|upkeep
|turn|18
|
|t:|1779917492
|move|p1a: Kyurem|Protect|p1a: Kyurem
|-singleturn|p1a: Kyurem|Protect
|move|p2a: Scizor|Bullet Punch|p1a: Kyurem
|-activate|p1a: Kyurem|move: Protect
|
|-heal|p1a: Kyurem|88/100|[from] item: Leftovers
|upkeep
|turn|19
|
|t:|1779917499
|move|p2a: Scizor|Bullet Punch|p1a: Kyurem
|-supereffective|p1a: Kyurem
|-damage|p1a: Kyurem|0 fnt
|faint|p1a: Kyurem
|
|upkeep
|
|t:|1779917504
|switch|p1a: Regieleki|Regieleki|100/100
|turn|20
|
|t:|1779917508
|switch|p2a: Great Tusk|Great Tusk|75/100
|move|p1a: Regieleki|Thunderbolt|p2a: Great Tusk
|-immune|p2a: Great Tusk
|
|-heal|p2a: Great Tusk|81/100|[from] item: Leftovers
|upkeep
|turn|21
|
|t:|1779917515
|switch|p1a: Kingambit|Kingambit, F|31/100 brn
|-damage|p1a: Kingambit|25/100 brn|[from] Stealth Rock
|-activate|p1a: Kingambit|ability: Supreme Overlord
|-start|p1a: Kingambit|fallen4|[silent]
|move|p2a: Great Tusk|Headlong Rush|p1a: Kingambit
|-supereffective|p1a: Kingambit
|-damage|p1a: Kingambit|0 fnt
|-unboost|p2a: Great Tusk|def|1
|-unboost|p2a: Great Tusk|spd|1
|faint|p1a: Kingambit
|-end|p1a: Kingambit|fallen4|[silent]
|
|-heal|p2a: Great Tusk|87/100|[from] item: Leftovers
|upkeep
|
|t:|1779917522
|switch|p1a: Regieleki|Regieleki|100/100
|turn|22
|c|☆ShopkeeperSimon|ggs
|
|t:|1779917529
|move|p1a: Regieleki|Swift|p2a: Great Tusk
|-damage|p2a: Great Tusk|51/100
|move|p2a: Great Tusk|Headlong Rush|p1a: Regieleki
|-supereffective|p1a: Regieleki
|-damage|p1a: Regieleki|0 fnt
|-unboost|p2a: Great Tusk|def|1
|-unboost|p2a: Great Tusk|spd|1
|faint|p1a: Regieleki
|
|win|lord_brains
|raw|ShopkeeperSimon's rating: 1252 &rarr; <strong>1225</strong><br />(-27 for losing)
|raw|lord_brains's rating: 1230 &rarr; <strong>1257</strong><br />(+27 for winning)
|l|☆ShopkeeperSimon
|player|p1|
|c|☆lord_brains|gg
|l|☆lord_brains
|player|p2|
