|j|☆zxrkawa
|j|☆tsrhuevo
|t:|1779891452
|gametype|singles
|player|p1|zxrkawa|elesa|1554
|player|p2|tsrhuevo|dawn|1506
|gen|9
|tier|[Gen 9] OU
|rated|
|rule|HP Percentage Mod: HP is shown in percentages
|rule|Endless Battle Clause: Forcing endless battles is banned
|rule|Species Clause: Limit one of each Pokémon
|rule|OHKO Clause: OHKO moves are banned
|rule|Evasion Items Clause: Evasion items are banned
|rule|Evasion Moves Clause: Evasion moves are banned
|rule|Evasion Abilities Clause: Evasion abilities are banned
|rule|Sleep Moves Clause: Sleep-inducing moves are banned
|clearpoke
|poke|p1|Meowscarada, F|
|poke|p1|Pecharunt|
|poke|p1|Enamorus, F|
|poke|p1|Iron Treads|
|poke|p1|Skarmory, F|
|poke|p1|Slowking, M|
|poke|p2|Glimmora, F|
|poke|p2|Garganacl, M|
|poke|p2|Zamazenta-*|
|poke|p2|Iron Valiant|
|poke|p2|Kyurem|
|poke|p2|Walking Wake|
|teampreview
|inactive|Battle timer is ON: inactive players will automatically lose when time's up. (requested by zxrkawa)
|inactive|tsrhuevo also wants the timer to be on.
|j| yuureisuisei
|
|t:|1779891475
|teamsize|p1|6
|teamsize|p2|6
|start
|switch|p1a: Iron Treads|Iron Treads|100/100
|switch|p2a: Garganacl|Garganacl, M|100/100
|turn|1
|inactive|tsrhuevo has 120 seconds left.
|
|t:|1779891521
|-end|p1a: Iron Treads|Quark Drive|[silent]
|switch|p1a: Skarmory|Skarmory, F|100/100
|move|p2a: Garganacl|Salt Cure|p1a: Skarmory
|-damage|p1a: Skarmory|89/100
|
|upkeep
|turn|2
|inactive|tsrhuevo has 90 seconds left.
|
|t:|1779891551
|move|p1a: Skarmory|Spikes|p2a: Garganacl
|-sidestart|p2: tsrhuevo|Spikes
|move|p2a: Garganacl|Stealth Rock|p1a: Skarmory
|-sidestart|p1: zxrkawa|move: Stealth Rock
|
|upkeep
|turn|3
|
|t:|1779891557
|switch|p2a: Glimmora|Glimmora, F|100/100
|-damage|p2a: Glimmora|88/100|[from] Spikes
|move|p1a: Skarmory|Spikes|p2a: Glimmora
|-sidestart|p2: tsrhuevo|Spikes
|
|upkeep
|turn|4
|
|t:|1779891560
|move|p2a: Glimmora|Meteor Beam||[still]
|-prepare|p2a: Glimmora|Meteor Beam
|-boost|p2a: Glimmora|spa|1
|-enditem|p2a: Glimmora|Power Herb
|-anim|p2a: Glimmora|Meteor Beam|p1a: Skarmory
|-damage|p1a: Skarmory|0 fnt
|faint|p1a: Skarmory
|
|upkeep
|
|t:|1779891567
|switch|p1a: Iron Treads|Iron Treads|100/100
|-damage|p1a: Iron Treads|98/100|[from] Stealth Rock
|turn|5
|
|t:|1779891573
|move|p2a: Glimmora|Earth Power|p1a: Iron Treads
|-supereffective|p1a: Iron Treads
|-damage|p1a: Iron Treads|17/100
|move|p1a: Iron Treads|Rapid Spin|p2a: Glimmora
|-resisted|p2a: Glimmora
|-damage|p2a: Glimmora|81/100
|-boost|p1a: Iron Treads|spe|1
|-activate|p2a: Glimmora|ability: Toxic Debris
|-sidestart|p1: zxrkawa|move: Toxic Spikes
|-sideend|p1: zxrkawa|Toxic Spikes|[from] move: Rapid Spin|[of] p1a: Iron Treads
|-sideend|p1: zxrkawa|Stealth Rock|[from] move: Rapid Spin|[of] p1a: Iron Treads
|
|-heal|p1a: Iron Treads|23/100|[from] item: Leftovers
|upkeep
|turn|6
|inactive|tsrhuevo has 120 seconds left.
|
|t:|1779891581
|move|p1a: Iron Treads|Earthquake|p2a: Glimmora
|-supereffective|p2a: Glimmora
|-damage|p2a: Glimmora|0 fnt
|-activate|p2a: Glimmora|ability: Toxic Debris
|-sidestart|p1: zxrkawa|move: Toxic Spikes
|faint|p2a: Glimmora
|
|-heal|p1a: Iron Treads|29/100|[from] item: Leftovers
|upkeep
|inactive|tsrhuevo has 120 seconds left.
|
|t:|1779891588
|switch|p2a: Iron Valiant|Iron Valiant|100/100
|-damage|p2a: Iron Valiant|84/100|[from] Spikes
|-enditem|p2a: Iron Valiant|Booster Energy
|-activate|p2a: Iron Valiant|ability: Quark Drive|[fromitem]
|-start|p2a: Iron Valiant|quarkdrivespe
|turn|7
|inactive|tsrhuevo has 120 seconds left.
|
|t:|1779891604
|-end|p1a: Iron Treads|Quark Drive|[silent]
|switch|p1a: Pecharunt|Pecharunt|100/100
|-sideend|p1: zxrkawa|move: Toxic Spikes|[of] p1a: Pecharunt
|move|p2a: Iron Valiant|Vacuum Wave|p1a: Pecharunt
|-immune|p1a: Pecharunt
|
|upkeep
|turn|8
|inactive|tsrhuevo has 120 seconds left.
|inactive|tsrhuevo has 90 seconds left.
|
|t:|1779891639
|switch|p1a: Slowking|Slowking, M|100/100
|-terastallize|p2a: Iron Valiant|Ghost
|move|p2a: Iron Valiant|Shadow Ball|p1a: Slowking
|-supereffective|p1a: Slowking
|-damage|p1a: Slowking|64/100
|
|upkeep
|turn|9
|
|t:|1779891650
|move|p2a: Iron Valiant|Calm Mind|p2a: Iron Valiant
|-boost|p2a: Iron Valiant|spa|1
|-boost|p2a: Iron Valiant|spd|1
|move|p1a: Slowking|Scald|p2a: Iron Valiant
|-damage|p2a: Iron Valiant|45/100
|
|upkeep
|turn|10
|inactive|tsrhuevo has 90 seconds left.
|
|t:|1779891696
|move|p2a: Iron Valiant|Shadow Ball|p1a: Slowking
|-supereffective|p1a: Slowking
|-damage|p1a: Slowking|12/100
|-unboost|p1a: Slowking|spd|1
|move|p1a: Slowking|Psyshock|p2a: Iron Valiant
|-damage|p2a: Iron Valiant|7/100
|
|upkeep
|turn|11
|
|t:|1779891712
|switch|p1a: Iron Treads|Iron Treads|29/100
|move|p2a: Iron Valiant|Moonblast|p1a: Iron Treads
|-resisted|p1a: Iron Treads
|-damage|p1a: Iron Treads|0 fnt
|faint|p1a: Iron Treads
|-end|p1a: Iron Treads|Quark Drive|[silent]
|
|upkeep
|
|t:|1779891718
|switch|p1a: Slowking|Slowking, M|45/100
|turn|12
|
|t:|1779891728
|-terastallize|p1a: Slowking|Steel
|move|p2a: Iron Valiant|Moonblast|p1a: Slowking
|-resisted|p1a: Slowking
|-damage|p1a: Slowking|30/100
|move|p1a: Slowking|Scald|p2a: Iron Valiant
|-damage|p2a: Iron Valiant|0 fnt
|faint|p2a: Iron Valiant
|-end|p2a: Iron Valiant|Quark Drive|[silent]
|
|upkeep
|
|t:|1779891744
|switch|p2a: Kyurem|Kyurem|100/100
|-damage|p2a: Kyurem|84/100|[from] Spikes
|-ability|p2a: Kyurem|Pressure
|turn|13
|
|t:|1779891750
|switch|p1a: Enamorus|Enamorus, F|100/100
|move|p2a: Kyurem|Dragon Dance|p2a: Kyurem
|-boost|p2a: Kyurem|atk|1
|-boost|p2a: Kyurem|spe|1
|
|upkeep
|turn|14
|
|t:|1779891772
|move|p2a: Kyurem|Icicle Spear|p1a: Enamorus
|-supereffective|p1a: Enamorus
|-damage|p1a: Enamorus|38/100
|-supereffective|p1a: Enamorus
|-crit|p1a: Enamorus
|-damage|p1a: Enamorus|0 fnt
|faint|p1a: Enamorus
|-hitcount|p1: Enamorus|2
|
|upkeep
|
|t:|1779891786
|switch|p1a: Pecharunt|Pecharunt|100/100
|turn|15
|
|t:|1779891802
|move|p2a: Kyurem|Earth Power|p1a: Pecharunt
|-supereffective|p1a: Pecharunt
|-damage|p1a: Pecharunt|49/100
|move|p1a: Pecharunt|Malignant Chain|p2a: Kyurem
|-damage|p2a: Kyurem|55/100
|
|upkeep
|turn|16
|
|t:|1779891828
|move|p2a: Kyurem|Earth Power|p1a: Pecharunt
|-supereffective|p1a: Pecharunt
|-damage|p1a: Pecharunt|0 fnt
|faint|p1a: Pecharunt
|
|upkeep
|
|t:|1779891837
|switch|p1a: Slowking|Slowking, M, tera:Steel|63/100
|turn|17
|inactive|tsrhuevo has 90 seconds left.
|
|t:|1779891843
|move|p2a: Kyurem|Earth Power|p1a: Slowking
|-supereffective|p1a: Slowking
|-damage|p1a: Slowking|38/100
|move|p1a: Slowking|Psyshock|p2a: Kyurem
|-damage|p2a: Kyurem|21/100
|
|upkeep
|turn|18
|
|t:|1779891850
|move|p2a: Kyurem|Earth Power|p1a: Slowking
|-supereffective|p1a: Slowking
|-damage|p1a: Slowking|14/100
|move|p1a: Slowking|Psyshock|p2a: Kyurem
|-damage|p2a: Kyurem|0 fnt
|faint|p2a: Kyurem
|
|upkeep
|
|t:|1779891860
|switch|p2a: Zamazenta|Zamazenta|100/100
|-damage|p2a: Zamazenta|84/100|[from] Spikes
|-ability|p2a: Zamazenta|Dauntless Shield|boost
|-boost|p2a: Zamazenta|def|1
|turn|19
|c|☆tsrhuevo|gg
|
|t:|1779891867
|move|p2a: Zamazenta|Body Press|p1a: Slowking
|-supereffective|p1a: Slowking
|-damage|p1a: Slowking|0 fnt
|faint|p1a: Slowking
|
|upkeep
|
|t:|1779891870
|switch|p1a: Meowscarada|Meowscarada, F|100/100
|turn|20
|inactive|tsrhuevo has 120 seconds left.
|
|t:|1779891876
|move|p2a: Zamazenta|Body Press|p1a: Meowscarada
|-supereffective|p1a: Meowscarada
|-damage|p1a: Meowscarada|0 fnt
|faint|p1a: Meowscarada
|
|win|tsrhuevo
|raw|zxrkawa's rating: 1554 &rarr; <strong>1531</strong><br />(-23 for losing)
|raw|tsrhuevo's rating: 1506 &rarr; <strong>1529</strong><br />(+23 for winning)
|c|☆zxrkawa|gg
|l|☆tsrhuevo
|player|p2|
|l| yuureisuisei
|l|☆zxrkawa
|player|p1|
