|j|☆idealist
|j|☆owl_with_scarf
|t:|1779924201
|gametype|singles
|player|p1|idealist|266|1624
|player|p2|owl_with_scarf|#owlwithscarf|1668
|gen|9
|tier|[Gen 9] OU
|rated|
|rule|HP Percentage Mod: HP is shown in percentages
|rule|Endless Battle Clause: Forcing endless battles is banned
|rule|Species Clause: Limit one of each Pokémon
|rule|OHKO Clause: OHKO moves are banned
|rule|Evasion Items Clause: Evasion items are banned
|rule|Evasion Moves Clause: Evasion moves are banned
|rule|Evasion Abilities Clause: Evasion abilities are banned
|rule|Sleep Moves Clause: Sleep-inducing moves are banned
|clearpoke
|poke|p1|Garganacl, F|
|poke|p1|Darkrai|
|poke|p1|Great Tusk|
|poke|p1|Hatterene, F|
|poke|p1|Tornadus-Therian, M|
|poke|p1|Dragonite, M|
|poke|p2|Diancie|
|poke|p2|Blaziken, M|
|poke|p2|Oricorio-Pom-Pom, M|
|poke|p2|Cinderace, F|
|poke|p2|Regidrago|
|poke|p2|Ursaluna, F|
|teampreview
|inactive|Battle timer is ON: inactive players will automatically lose when time's up. (requested by owl_with_scarf)
|
|t:|1779924211
|teamsize|p1|6
|teamsize|p2|6
|start
|switch|p1a: Garganacl|Garganacl, F|100/100
|switch|p2a: cartierGOD|Diancie|100/100
|turn|1
|
|t:|1779924218
|move|p2a: cartierGOD|Meteor Beam||[still]
|-prepare|p2a: cartierGOD|Meteor Beam
|-boost|p2a: cartierGOD|spa|1
|-enditem|p2a: cartierGOD|Power Herb
|-anim|p2a: cartierGOD|Meteor Beam|p1a: Garganacl
|-damage|p1a: Garganacl|43/100
|move|p1a: Garganacl|Salt Cure|p2a: cartierGOD
|-damage|p2a: cartierGOD|89/100
|-start|p2a: cartierGOD|Salt Cure
|
|-heal|p1a: Garganacl|49/100|[from] item: Leftovers
|-damage|p2a: cartierGOD|76/100|[from] Salt Cure
|upkeep
|turn|2
|l|☆owl_with_scarf
|inactive|owl_with_scarf disconnected and has a minute to reconnect!
|player|p2|
|j|☆owl_with_scarf
|inactive|owl_with_scarf reconnected and has 135 seconds left.
|player|p2|owl_with_scarf|#owlwithscarf|
|
|t:|1779924238
|move|p1a: Garganacl|Protect|p1a: Garganacl
|-singleturn|p1a: Garganacl|Protect
|move|p2a: cartierGOD|Earth Power|p1a: Garganacl
|-activate|p1a: Garganacl|move: Protect
|
|-heal|p1a: Garganacl|55/100|[from] item: Leftovers
|-damage|p2a: cartierGOD|64/100|[from] Salt Cure
|upkeep
|turn|3
|
|t:|1779924249
|switch|p1a: Tornadus|Tornadus-Therian, M, shiny|100/100
|move|p2a: cartierGOD|Moonblast|p1a: Tornadus
|-damage|p1a: Tornadus|54/100
|
|-damage|p2a: cartierGOD|52/100|[from] Salt Cure
|upkeep
|turn|4
|
|t:|1779924259
|move|p1a: Tornadus|Bleakwind Storm|p2a: cartierGOD
|-resisted|p2a: cartierGOD
|-damage|p2a: cartierGOD|37/100
|move|p2a: cartierGOD|Moonblast|p1a: Tornadus
|-damage|p1a: Tornadus|8/100
|
|-damage|p2a: cartierGOD|25/100|[from] Salt Cure
|upkeep
|turn|5
|
|t:|1779924271
|move|p1a: Tornadus|U-turn|p2a: cartierGOD
|-resisted|p2a: cartierGOD
|-damage|p2a: cartierGOD|20/100
|
|t:|1779924274
|switch|p1a: Garganacl|Garganacl, F|55/100|[from] U-turn
|move|p2a: cartierGOD|Moonblast|p1a: Garganacl
|-damage|p1a: Garganacl|6/100
|-unboost|p1a: Garganacl|spa|1
|
|-heal|p1a: Garganacl|12/100|[from] item: Leftovers
|-damage|p2a: cartierGOD|7/100|[from] Salt Cure
|upkeep
|turn|6
|j| yuureisuisei
|
|t:|1779924285
|move|p2a: cartierGOD|Moonblast|p1a: Garganacl
|-damage|p1a: Garganacl|0 fnt
|faint|p1a: Garganacl
|
|-damage|p2a: cartierGOD|0 fnt|[from] Salt Cure
|faint|p2a: cartierGOD
|upkeep
|
|t:|1779924290
|switch|p2a: Ursaluna|Ursaluna, F|100/100
|switch|p1a: Tornadus|Tornadus-Therian, M, shiny|42/100
|turn|7
|
|t:|1779924295
|move|p1a: Tornadus|Knock Off|p2a: Ursaluna
|-damage|p2a: Ursaluna|83/100
|-enditem|p2a: Ursaluna|Flame Orb|[from] move: Knock Off|[of] p1a: Tornadus
|move|p2a: Ursaluna|Trailblaze|p1a: Tornadus
|-resisted|p1a: Tornadus
|-damage|p1a: Tornadus|31/100
|-boost|p2a: Ursaluna|spe|1
|
|upkeep
|turn|8
|
|t:|1779924305
|move|p1a: Tornadus|U-turn|p2a: Ursaluna
|-damage|p2a: Ursaluna|72/100
|
|t:|1779924307
|switch|p1a: Hatterene|Hatterene, F|100/100|[from] U-turn
|move|p2a: Ursaluna|Trailblaze|p1a: Hatterene
|-damage|p1a: Hatterene|86/100
|-boost|p2a: Ursaluna|spe|1
|-damage|p2a: Ursaluna|55/100|[from] item: Rocky Helmet|[of] p1a: Hatterene
|
|upkeep
|turn|9
|
|t:|1779924317
|move|p2a: Ursaluna|Swords Dance|p2a: Ursaluna
|-boost|p2a: Ursaluna|atk|2
|move|p1a: Hatterene|Future Sight|p2a: Ursaluna
|-start|p1a: Hatterene|move: Future Sight
|
|upkeep
|turn|10
|
|t:|1779924321
|move|p2a: Ursaluna|Earthquake|p1a: Hatterene
|-damage|p1a: Hatterene|3/100
|move|p1a: Hatterene|Pain Split|p2a: Ursaluna
|-sethp|p2a: Ursaluna|29/100|[from] move: Pain Split|[silent]
|-sethp|p1a: Hatterene|37/100|[from] move: Pain Split
|
|upkeep
|turn|11
|
|t:|1779924333
|switch|p1a: Tornadus|Tornadus-Therian, M, shiny|64/100
|move|p2a: Ursaluna|Facade|p1a: Tornadus
|-damage|p1a: Tornadus|0 fnt
|faint|p1a: Tornadus
|
|-end|p2a: Ursaluna|move: Future Sight
|-damage|p2a: Ursaluna|0 fnt
|faint|p2a: Ursaluna
|upkeep
|
|t:|1779924347
|switch|p1a: Dragonite|Dragonite, M|100/100
|switch|p2a: Cinderace|Cinderace, F|100/100
|turn|12
|
|t:|1779924351
|move|p2a: Cinderace|Gunk Shot|p1a: Dragonite
|-start|p2a: Cinderace|typechange|Poison|[from] ability: Libero
|-damage|p1a: Dragonite|72/100
|-status|p1a: Dragonite|psn
|move|p1a: Dragonite|Dragon Dance|p1a: Dragonite
|-boost|p1a: Dragonite|atk|1
|-boost|p1a: Dragonite|spe|1
|
|-damage|p1a: Dragonite|60/100 psn|[from] psn
|upkeep
|turn|13
|
|t:|1779924365
|switch|p2a: Oricorio|Oricorio-Pom-Pom, M|100/100
|move|p1a: Dragonite|Roost|p1a: Dragonite
|-heal|p1a: Dragonite|100/100 psn
|-singleturn|p1a: Dragonite|move: Roost
|
|-damage|p1a: Dragonite|88/100 psn|[from] psn
|upkeep
|turn|14
|
|t:|1779924372
|move|p1a: Dragonite|Extreme Speed|p2a: Oricorio
|-damage|p2a: Oricorio|45/100
|move|p2a: Oricorio|Quiver Dance|p2a: Oricorio
|-boost|p2a: Oricorio|spa|1
|-boost|p2a: Oricorio|spd|1
|-boost|p2a: Oricorio|spe|1
|
|-heal|p2a: Oricorio|51/100|[from] item: Leftovers
|-damage|p1a: Dragonite|76/100 psn|[from] psn
|upkeep
|turn|15
|
|t:|1779924380
|move|p1a: Dragonite|Extreme Speed|p2a: Oricorio
|-damage|p2a: Oricorio|1/100
|move|p2a: Oricorio|Hurricane|p1a: Dragonite|[miss]
|-miss|p2a: Oricorio|p1a: Dragonite
|
|-heal|p2a: Oricorio|7/100|[from] item: Leftovers
|-damage|p1a: Dragonite|63/100 psn|[from] psn
|upkeep
|turn|16
|
|t:|1779924388
|move|p1a: Dragonite|Extreme Speed|p2a: Oricorio
|-damage|p2a: Oricorio|0 fnt
|faint|p2a: Oricorio
|
|-damage|p1a: Dragonite|51/100 psn|[from] psn
|upkeep
|
|t:|1779924392
|switch|p2a: Regidrago|Regidrago|100/100
|turn|17
|
|t:|1779924397
|move|p1a: Dragonite|Dragon Dance|p1a: Dragonite
|-boost|p1a: Dragonite|atk|1
|-boost|p1a: Dragonite|spe|1
|move|p2a: Regidrago|Scale Shot|p1a: Dragonite
|-supereffective|p1a: Dragonite
|-damage|p1a: Dragonite|21/100 psn
|-supereffective|p1a: Dragonite
|-damage|p1a: Dragonite|0 fnt
|faint|p1a: Dragonite
|-hitcount|p1: Dragonite|2
|-unboost|p2a: Regidrago|def|1
|-boost|p2a: Regidrago|spe|1
|
|upkeep
|
|t:|1779924408
|switch|p1a: Hatterene|Hatterene, F|37/100
|turn|18
|
|t:|1779924410
|switch|p2a: Cinderace|Cinderace, F|100/100
|move|p1a: Hatterene|Nuzzle|p2a: Cinderace
|-damage|p2a: Cinderace|94/100
|-status|p2a: Cinderace|par
|
|upkeep
|turn|19
|
|t:|1779924417
|move|p2a: Cinderace|Pyro Ball|p1a: Hatterene
|-damage|p1a: Hatterene|0 fnt
|faint|p1a: Hatterene
|
|upkeep
|
|t:|1779924420
|switch|p1a: Great Tusk|Great Tusk|100/100
|-enditem|p1a: Great Tusk|Booster Energy
|-activate|p1a: Great Tusk|ability: Protosynthesis|[fromitem]
|-start|p1a: Great Tusk|protosynthesisatk
|turn|20
|
|t:|1779924424
|move|p1a: Great Tusk|Rapid Spin|p2a: Cinderace
|-damage|p2a: Cinderace|59/100 par
|-boost|p1a: Great Tusk|spe|1
|move|p2a: Cinderace|Pyro Ball|p1a: Great Tusk
|-damage|p1a: Great Tusk|59/100
|
|upkeep
|turn|21
|
|t:|1779924431
|move|p1a: Great Tusk|Rapid Spin|p2a: Cinderace
|-damage|p2a: Cinderace|27/100 par
|-boost|p1a: Great Tusk|spe|1
|cant|p2a: Cinderace|par
|
|upkeep
|turn|22
|
|t:|1779924436
|move|p1a: Great Tusk|Rapid Spin|p2a: Cinderace
|-damage|p2a: Cinderace|0 fnt
|-boost|p1a: Great Tusk|spe|1
|faint|p2a: Cinderace
|
|upkeep
|
|t:|1779924439
|switch|p2a: Blaziken|Blaziken, M|100/100
|turn|23
|
|t:|1779924445
|-terastallize|p2a: Blaziken|Flying
|move|p1a: Great Tusk|Close Combat|p2a: Blaziken
|-resisted|p2a: Blaziken
|-damage|p2a: Blaziken|40/100
|-unboost|p1a: Great Tusk|def|1
|-unboost|p1a: Great Tusk|spd|1
|move|p2a: Blaziken|Close Combat|p1a: Great Tusk
|-damage|p1a: Great Tusk|0 fnt
|-unboost|p2a: Blaziken|def|1
|-unboost|p2a: Blaziken|spd|1
|faint|p1a: Great Tusk
|-end|p1a: Great Tusk|Protosynthesis|[silent]
|
|-heal|p2a: Blaziken|46/100|[from] item: Leftovers
|-ability|p2a: Blaziken|Speed Boost|boost
|-boost|p2a: Blaziken|spe|1
|upkeep
|
|t:|1779924458
|switch|p1a: Darkrai|Darkrai|100/100
|turn|24
|
|t:|1779924460
|move|p2a: Blaziken|Flare Blitz|p1a: Darkrai
|-crit|p1a: Darkrai
|-damage|p1a: Darkrai|0 fnt
|faint|p1a: Darkrai
|-damage|p2a: Blaziken|15/100|[from] Recoil
|
|win|owl_with_scarf
|raw|idealist's rating: 1624 &rarr; <strong>1607</strong><br />(-17 for losing)
|raw|owl_with_scarf's rating: 1668 &rarr; <strong>1685</strong><br />(+17 for winning)
|l|☆owl_with_scarf
|player|p2|
|l|☆idealist
|player|p1|
|l| yuureisuisei
