|j|☆carciox
|j|☆nnnn5555
|t:|1779888008
|gametype|singles
|player|p1|carciox|1|1542
|player|p2|nnnn5555|101|1719
|gen|9
|tier|[Gen 9] OU
|rated|
|rule|HP Percentage Mod: HP is shown in percentages
|rule|Endless Battle Clause: Forcing endless battles is banned
|rule|Species Clause: Limit one of each Pokémon
|rule|OHKO Clause: OHKO moves are banned
|rule|Evasion Items Clause: Evasion items are banned
|rule|Evasion Moves Clause: Evasion moves are banned
|rule|Evasion Abilities Clause: Evasion abilities are banned
|rule|Sleep Moves Clause: Sleep-inducing moves are banned
|clearpoke
|poke|p1|Kingambit, F|
|poke|p1|Cinderace, F|
|poke|p1|Landorus-Therian, M|
|poke|p1|Iron Valiant|
|poke|p1|Kyurem|
|poke|p1|Slowking-Galar, M|
|poke|p2|Rillaboom, M|
|poke|p2|Alomomola, M|
|poke|p2|Heatran, M|
|poke|p2|Great Tusk|
|poke|p2|Dragapult, M|
|poke|p2|Hatterene, F|
|teampreview
|inactive|Battle timer is ON: inactive players will automatically lose when time's up. (requested by carciox)
|
|t:|1779888035
|teamsize|p1|6
|teamsize|p2|6
|start
|switch|p1a: Cinderace|Cinderace, F, shiny|100/100
|switch|p2a: Dragapult|Dragapult, M, shiny|100/100
|turn|1
|
|t:|1779888043
|switch|p2a: Alomomola|Alomomola, M|100/100
|switch|p1a: Kingambit|Kingambit, F|100/100
|
|upkeep
|turn|2
|
|t:|1779888050
|-end|p1a: Kingambit|fallenundefined|[silent]
|switch|p1a: Kyurem|Kyurem, shiny|100/100
|-ability|p1a: Kyurem|Pressure
|move|p2a: Alomomola|Scald|p1a: Kyurem
|-resisted|p1a: Kyurem
|-damage|p1a: Kyurem|94/100
|-status|p1a: Kyurem|brn
|
|-heal|p1a: Kyurem|100/100 brn|[from] item: Leftovers
|-damage|p1a: Kyurem|94/100 brn|[from] brn
|upkeep
|turn|3
|
|t:|1779888063
|switch|p2a: Hatterene|Hatterene, F|100/100
|move|p1a: Kyurem|Substitute|p1a: Kyurem
|-start|p1a: Kyurem|Substitute
|-damage|p1a: Kyurem|69/100 brn
|
|-heal|p1a: Kyurem|76/100 brn|[from] item: Leftovers
|-damage|p1a: Kyurem|69/100 brn|[from] brn
|upkeep
|turn|4
|
|t:|1779888073
|move|p1a: Kyurem|Freeze-Dry|p2a: Hatterene
|-damage|p2a: Hatterene|79/100
|move|p2a: Hatterene|Psychic Noise|p1a: Kyurem
|-damage|p1a: Kyurem|32/100 brn
|-start|p1a: Kyurem|move: Heal Block
|
|-damage|p1a: Kyurem|25/100 brn|[from] brn
|upkeep
|turn|5
|
|t:|1779888084
|move|p1a: Kyurem|Freeze-Dry|p2a: Hatterene
|-damage|p2a: Hatterene|56/100
|move|p2a: Hatterene|Psychic Noise|p1a: Kyurem
|-damage|p1a: Kyurem|0 fnt
|faint|p1a: Kyurem
|
|upkeep
|
|t:|1779888094
|switch|p1a: Kingambit|Kingambit, F|100/100
|-activate|p1a: Kingambit|ability: Supreme Overlord
|-start|p1a: Kingambit|fallen1|[silent]
|turn|6
|
|t:|1779888103
|switch|p2a: Great Tusk|Great Tusk|100/100
|move|p1a: Kingambit|Swords Dance|p1a: Kingambit
|-boost|p1a: Kingambit|atk|2
|
|upkeep
|turn|7
|
|t:|1779888115
|-end|p2a: Great Tusk|Protosynthesis|[silent]
|switch|p2a: Alomomola|Alomomola, M|100/100
|-terastallize|p1a: Kingambit|Flying
|move|p1a: Kingambit|Iron Head|p2a: Alomomola
|-resisted|p2a: Alomomola
|-damage|p2a: Alomomola|73/100
|-damage|p1a: Kingambit|84/100|[from] item: Rocky Helmet|[of] p2a: Alomomola
|
|-heal|p1a: Kingambit|90/100|[from] item: Leftovers
|upkeep
|turn|8
|
|t:|1779888130
|move|p1a: Kingambit|Swords Dance|p1a: Kingambit
|-boost|p1a: Kingambit|atk|2
|move|p2a: Alomomola|Scald|p1a: Kingambit
|-damage|p1a: Kingambit|77/100
|
|-heal|p1a: Kingambit|83/100|[from] item: Leftovers
|upkeep
|turn|9
|inactive|nnnn5555 has 120 seconds left.
|c|☆carciox|Strong sacrificial play is needed
|inactive|nnnn5555 has 90 seconds left.
|
|t:|1779888186
|switch|p2a: Hatterene|Hatterene, F|56/100
|move|p1a: Kingambit|Kowtow Cleave|p2a: Hatterene
|-damage|p2a: Hatterene|0 fnt
|faint|p2a: Hatterene
|
|-heal|p1a: Kingambit|89/100|[from] item: Leftovers
|upkeep
|inactive|nnnn5555 has 90 seconds left.
|
|t:|1779888217
|switch|p2a: Dragapult|Dragapult, M, shiny|100/100
|turn|10
|
|t:|1779888226
|move|p2a: Dragapult|Substitute|p2a: Dragapult
|-start|p2a: Dragapult|Substitute
|-damage|p2a: Dragapult|76/100
|move|p1a: Kingambit|Kowtow Cleave|p2a: Dragapult
|-supereffective|p2a: Dragapult
|-end|p2a: Dragapult|Substitute
|
|-heal|p2a: Dragapult|82/100|[from] item: Leftovers
|-heal|p1a: Kingambit|96/100|[from] item: Leftovers
|upkeep
|turn|11
|
|t:|1779888236
|move|p2a: Dragapult|Dragon Darts|p1a: Kingambit
|-damage|p1a: Kingambit|77/100
|-anim|p2a: Dragapult|Dragon Darts|p1a: Kingambit
|-damage|p1a: Kingambit|59/100
|move|p1a: Kingambit|Kowtow Cleave|p2a: Dragapult
|-supereffective|p2a: Dragapult
|-damage|p2a: Dragapult|0 fnt
|faint|p2a: Dragapult
|
|-heal|p1a: Kingambit|65/100|[from] item: Leftovers
|upkeep
|
|t:|1779888246
|switch|p2a: Heatran|Heatran, M|100/100
|turn|12
|
|t:|1779888251
|move|p2a: Heatran|Magma Storm|p1a: Kingambit
|-damage|p1a: Kingambit|16/100
|-activate|p1a: Kingambit|move: Magma Storm|[of] p2a: Heatran
|move|p1a: Kingambit|Kowtow Cleave|p2a: Heatran
|-damage|p2a: Heatran|0 fnt
|faint|p2a: Heatran
|
|-heal|p1a: Kingambit|22/100|[from] item: Leftovers
|-end|p1a: Kingambit|Magma Storm|[partiallytrapped]|[silent]
|upkeep
|
|t:|1779888263
|switch|p2a: Rillaboom|Rillaboom, M|100/100
|-fieldstart|move: Grassy Terrain|[from] ability: Grassy Surge|[of] p2a: Rillaboom
|turn|13
|
|t:|1779888271
|move|p2a: Rillaboom|Grassy Glide|p1a: Kingambit
|-resisted|p1a: Kingambit
|-damage|p1a: Kingambit|0 fnt
|faint|p1a: Kingambit
|-end|p1a: Kingambit|fallen1|[silent]
|
|upkeep
|
|t:|1779888281
|switch|p1a: Cinderace|Cinderace, F, shiny|100/100
|turn|14
|
|t:|1779888284
|switch|p2a: Alomomola|Alomomola, M|100/100
|move|p1a: Cinderace|U-turn|p2a: Alomomola
|-damage|p2a: Alomomola|91/100
|-damage|p1a: Cinderace|84/100|[from] item: Rocky Helmet|[of] p2a: Alomomola
|
|t:|1779888292
|switch|p1a: Slowking|Slowking-Galar, M, shiny|100/100|[from] U-turn
|
|-heal|p2a: Alomomola|97/100|[from] Grassy Terrain
|upkeep
|turn|15
|
|t:|1779888303
|move|p2a: Alomomola|Scald|p1a: Slowking
|-damage|p1a: Slowking|93/100
|-status|p1a: Slowking|brn
|move|p1a: Slowking|Psychic Noise|p2a: Alomomola
|-damage|p2a: Alomomola|62/100
|-start|p2a: Alomomola|move: Heal Block
|
|-heal|p1a: Slowking|99/100 brn|[from] Grassy Terrain
|-damage|p1a: Slowking|93/100 brn|[from] brn
|upkeep
|turn|16
|
|t:|1779888324
|move|p2a: Alomomola|Protect|p2a: Alomomola
|-singleturn|p2a: Alomomola|Protect
|move|p1a: Slowking|Psychic Noise|p2a: Alomomola
|-activate|p2a: Alomomola|move: Protect
|
|-heal|p1a: Slowking|99/100 brn|[from] Grassy Terrain
|-damage|p1a: Slowking|93/100 brn|[from] brn
|-end|p2a: Alomomola|move: Heal Block
|upkeep
|turn|17
|
|t:|1779888336
|move|p2a: Alomomola|Wish|p2a: Alomomola
|move|p1a: Slowking|Psychic Noise|p2a: Alomomola
|-damage|p2a: Alomomola|30/100
|-start|p2a: Alomomola|move: Heal Block
|
|-heal|p1a: Slowking|99/100 brn|[from] Grassy Terrain
|-damage|p1a: Slowking|93/100 brn|[from] brn
|-fieldend|move: Grassy Terrain
|upkeep
|turn|18
|
|t:|1779888346
|switch|p2a: Rillaboom|Rillaboom, M|100/100
|-fieldstart|move: Grassy Terrain|[from] ability: Grassy Surge|[of] p2a: Rillaboom
|move|p1a: Slowking|Psychic Noise|p2a: Rillaboom
|-damage|p2a: Rillaboom|65/100
|-start|p2a: Rillaboom|move: Heal Block
|
|-heal|p1a: Slowking|99/100 brn|[from] Grassy Terrain
|-damage|p1a: Slowking|93/100 brn|[from] brn
|upkeep
|turn|19
|
|t:|1779888361
|move|p2a: Rillaboom|Knock Off|p1a: Slowking
|-supereffective|p1a: Slowking
|-damage|p1a: Slowking|0 fnt
|-enditem|p1a: Slowking|Heavy-Duty Boots|[from] move: Knock Off|[of] p2a: Rillaboom
|faint|p1a: Slowking
|
|-end|p2a: Rillaboom|move: Heal Block
|upkeep
|
|t:|1779888373
|switch|p1a: Landorus|Landorus-Therian, M, shiny|100/100
|-ability|p1a: Landorus|Intimidate|boost
|-unboost|p2a: Rillaboom|atk|1
|turn|20
|
|t:|1779888378
|switch|p2a: Alomomola|Alomomola, M|64/100
|move|p1a: Landorus|U-turn|p2a: Alomomola
|-damage|p2a: Alomomola|51/100
|-damage|p1a: Landorus|84/100|[from] item: Rocky Helmet|[of] p2a: Alomomola
|
|t:|1779888386
|switch|p1a: Iron Valiant|Iron Valiant|100/100|[from] U-turn
|-enditem|p1a: Iron Valiant|Booster Energy
|-activate|p1a: Iron Valiant|ability: Quark Drive|[fromitem]
|-start|p1a: Iron Valiant|quarkdrivespe
|
|-heal|p2a: Alomomola|57/100|[from] Grassy Terrain
|upkeep
|turn|21
|inactive|nnnn5555 has 120 seconds left.
|inactive|nnnn5555 has 90 seconds left.
|
|t:|1779888430
|move|p1a: Iron Valiant|Calm Mind|p1a: Iron Valiant
|-boost|p1a: Iron Valiant|spa|1
|-boost|p1a: Iron Valiant|spd|1
|move|p2a: Alomomola|Flip Turn|p1a: Iron Valiant
|-damage|p1a: Iron Valiant|78/100
|inactive|nnnn5555 has 90 seconds left.
|
|t:|1779888456
|switch|p2a: Rillaboom|Rillaboom, M|65/100|[from] Flip Turn
|
|-heal|p1a: Iron Valiant|85/100|[from] Grassy Terrain
|-heal|p2a: Rillaboom|71/100|[from] Grassy Terrain
|upkeep
|turn|22
|
|t:|1779888466
|-terastallize|p2a: Rillaboom|Grass
|move|p2a: Rillaboom|Grassy Glide|p1a: Iron Valiant
|-damage|p1a: Iron Valiant|0 fnt
|faint|p1a: Iron Valiant
|-end|p1a: Iron Valiant|Quark Drive|[silent]
|
|-heal|p2a: Rillaboom|78/100|[from] Grassy Terrain
|-fieldend|move: Grassy Terrain
|upkeep
|
|t:|1779888477
|switch|p1a: Cinderace|Cinderace, F, shiny|84/100
|turn|23
|
|t:|1779888481
|switch|p2a: Alomomola|Alomomola, M|91/100
|move|p1a: Cinderace|Will-O-Wisp|p2a: Alomomola
|-status|p2a: Alomomola|brn
|
|-damage|p2a: Alomomola|85/100 brn|[from] brn
|upkeep
|turn|24
|c|☆carciox|So idiotic
|inactive|nnnn5555 has 90 seconds left.
|
|t:|1779888498
|move|p1a: Cinderace|Pyro Ball|p2a: Alomomola
|-resisted|p2a: Alomomola
|-crit|p2a: Alomomola
|-damage|p2a: Alomomola|66/100 brn
|move|p2a: Alomomola|Flip Turn|p1a: Cinderace
|-supereffective|p1a: Cinderace
|-damage|p1a: Cinderace|64/100
|inactive|nnnn5555 has 90 seconds left.
|
|t:|1779888506
|switch|p2a: Great Tusk|Great Tusk|100/100|[from] Flip Turn
|
|upkeep
|turn|25
|inactive|nnnn5555 has 90 seconds left.
|c|☆nnnn5555|Having a fat fish?
|
|t:|1779888521
|-end|p2a: Great Tusk|Protosynthesis|[silent]
|switch|p2a: Alomomola|Alomomola, M|99/100 brn
|move|p1a: Cinderace|Will-O-Wisp|p2a: Alomomola
|-fail|p2a: Alomomola|brn
|
|-damage|p2a: Alomomola|94/100 brn|[from] brn
|upkeep
|turn|26
|c|☆carciox|That I lose this game
|c|☆carciox|I wish I was a carcass
|c|☆carciox|So heinous
|inactive|carciox has 120 seconds left.
|
|t:|1779888553
|move|p1a: Cinderace|Pyro Ball|p2a: Alomomola
|-resisted|p2a: Alomomola
|-damage|p2a: Alomomola|80/100 brn
|move|p2a: Alomomola|Scald|p1a: Cinderace
|-supereffective|p1a: Cinderace
|-damage|p1a: Cinderace|34/100
|
|-damage|p2a: Alomomola|74/100 brn|[from] brn
|upkeep
|turn|27
|c|☆nnnn5555|You bet the farm on kingambit with only 1 dead
|inactive|carciox has 120 seconds left.
|
|t:|1779888564
|move|p1a: Cinderace|U-turn|p2a: Alomomola
|-damage|p2a: Alomomola|63/100 brn
|-damage|p1a: Cinderace|18/100|[from] item: Rocky Helmet|[of] p2a: Alomomola
|inactive|carciox has 120 seconds left.
|c|☆carciox|That was perfect
|c|☆carciox|I let slowking die idiotically
|
|t:|1779888595
|switch|p1a: Landorus|Landorus-Therian, M, shiny|84/100|[from] U-turn
|-ability|p1a: Landorus|Intimidate|boost
|-unboost|p2a: Alomomola|atk|1
|move|p2a: Alomomola|Flip Turn|p1a: Landorus
|-supereffective|p1a: Landorus
|-damage|p1a: Landorus|74/100
|-damage|p2a: Alomomola|47/100 brn|[from] item: Rocky Helmet|[of] p1a: Landorus
|c|☆nnnn5555|If it was, you would’ve won
|
|t:|1779888608
|switch|p2a: Great Tusk|Great Tusk|100/100|[from] Flip Turn
|
|upkeep
|turn|28
|c|☆carciox|No I had it 100%
|inactive|carciox has 90 seconds left.
|c|☆carciox|It was the damn choice band knock off that exterminated my existence
|c|☆carciox|Such a bane
|inactive|carciox has 60 seconds left.
|c|☆carciox|Makes me wish desire perform abomination, destroy all the furniture in the house
|
|t:|1779888677
|move|p1a: Landorus|Stealth Rock|p2a: Great Tusk
|-sidestart|p2: nnnn5555|move: Stealth Rock
|move|p2a: Great Tusk|Rapid Spin|p1a: Landorus
|-damage|p1a: Landorus|60/100
|-boost|p2a: Great Tusk|spe|1
|-damage|p2a: Great Tusk|84/100|[from] item: Rocky Helmet|[of] p1a: Landorus
|-sideend|p2: nnnn5555|Stealth Rock|[from] move: Rapid Spin|[of] p2a: Great Tusk
|
|upkeep
|turn|29
|
|t:|1779888686
|move|p2a: Great Tusk|Ice Spinner|p1a: Landorus
|-supereffective|p1a: Landorus
|-damage|p1a: Landorus|0 fnt
|-damage|p2a: Great Tusk|67/100|[from] item: Rocky Helmet|[of] p1a: Landorus
|faint|p1a: Landorus
|
|upkeep
|c|☆carciox|I am slain
|c|☆carciox|So massacre
|c|☆nnnn5555|Laid low
|inactive|carciox has 30 seconds left.
|inactive|carciox has 20 seconds left.
|inactive|carciox has 15 seconds left.
|inactive|carciox has 10 seconds left.
|inactive|carciox has 5 seconds left.
|
|t:|1779888737
|switch|p1a: Cinderace|Cinderace, F, shiny|18/100
|turn|30
|inactive|carciox has 15 seconds left this turn.
|c|☆carciox|?
|inactive|carciox has 10 seconds left.
|
|t:|1779888746
|move|p2a: Great Tusk|Headlong Rush|p1a: Cinderace
|-supereffective|p1a: Cinderace
|-damage|p1a: Cinderace|0 fnt
|-unboost|p2a: Great Tusk|def|1
|-unboost|p2a: Great Tusk|spd|1
|faint|p1a: Cinderace
|
|win|nnnn5555
|raw|carciox's rating: 1542 &rarr; <strong>1531</strong><br />(-11 for losing)
|raw|nnnn5555's rating: 1719 &rarr; <strong>1730</strong><br />(+11 for winning)
|c|☆carciox|The Lord of Sorrow has spoken
