|j|☆BigmanTheOg
|j|☆fly bug
|t:|1779943477
|gametype|singles
|player|p1|BigmanTheOg|169|1000
|player|p2|fly bug|2|1000
|gen|9
|tier|[Gen 9] OU
|rated|
|rule|HP Percentage Mod: HP is shown in percentages
|rule|Endless Battle Clause: Forcing endless battles is banned
|rule|Species Clause: Limit one of each Pokémon
|rule|OHKO Clause: OHKO moves are banned
|rule|Evasion Items Clause: Evasion items are banned
|rule|Evasion Moves Clause: Evasion moves are banned
|rule|Evasion Abilities Clause: Evasion abilities are banned
|rule|Sleep Moves Clause: Sleep-inducing moves are banned
|clearpoke
|poke|p1|Voltorb-Hisui|
|poke|p1|Ceruledge, F|
|poke|p1|Iron Valiant|
|poke|p1|Walking Wake|
|poke|p1|Lucario, M|
|poke|p1|Ogerpon-Wellspring, F|
|poke|p2|Carbink|
|poke|p2|Sableye, F|
|poke|p2|Skarmory, M|
|poke|p2|Glimmora, F|
|poke|p2|Rabsca, F|
|poke|p2|Blastoise, M|
|teampreview
|
|t:|1779943494
|teamsize|p1|6
|teamsize|p2|6
|start
|switch|p1a: Ogerpon|Ogerpon-Wellspring, F|100/100
|switch|p2a: Glimmora|Glimmora, F|100/100
|turn|1
|
|t:|1779943500
|move|p1a: Ogerpon|Spikes|p2a: Glimmora
|-sidestart|p2: fly bug|Spikes
|move|p2a: Glimmora|Toxic Spikes|p1a: Ogerpon
|-sidestart|p1: BigmanTheOg|move: Toxic Spikes
|
|upkeep
|turn|2
|
|t:|1779943505
|move|p1a: Ogerpon|Spikes|p2a: Glimmora
|-sidestart|p2: fly bug|Spikes
|move|p2a: Glimmora|Toxic Spikes|p1a: Ogerpon
|-sidestart|p1: BigmanTheOg|move: Toxic Spikes
|
|upkeep
|turn|3
|
|t:|1779943511
|move|p1a: Ogerpon|Ivy Cudgel|p2a: Glimmora|[anim] Ivy Cudgel Water
|-supereffective|p2a: Glimmora
|-damage|p2a: Glimmora|0 fnt
|faint|p2a: Glimmora
|
|upkeep
|
|t:|1779943517
|switch|p2a: Blastoise|Blastoise, M|100/100
|-damage|p2a: Blastoise|84/100|[from] Spikes
|turn|4
|
|t:|1779943523
|move|p1a: Ogerpon|U-turn|p2a: Blastoise
|-damage|p2a: Blastoise|59/100
|
|t:|1779943526
|switch|p1a: Voltorb|Voltorb-Hisui, shiny|100/100|[from] U-turn
|move|p2a: Blastoise|Rapid Spin|p1a: Voltorb
|-damage|p1a: Voltorb|76/100
|-boost|p2a: Blastoise|spe|1
|-sideend|p2: fly bug|Spikes|[from] move: Rapid Spin|[of] p2a: Blastoise
|
|-heal|p2a: Blastoise|65/100|[from] item: Leftovers
|upkeep
|turn|5
|
|t:|1779943536
|move|p2a: Blastoise|Protect|p2a: Blastoise
|-singleturn|p2a: Blastoise|Protect
|move|p1a: Voltorb|Leaf Storm|p2a: Blastoise
|-activate|p2a: Blastoise|move: Protect
|
|-heal|p2a: Blastoise|71/100|[from] item: Leftovers
|upkeep
|turn|6
|
|t:|1779943546
|move|p1a: Voltorb|Leaf Storm|p2a: Blastoise
|-supereffective|p2a: Blastoise
|-damage|p2a: Blastoise|3/100
|-unboost|p1a: Voltorb|spa|2
|move|p2a: Blastoise|Flip Turn|p1a: Voltorb
|-resisted|p1a: Voltorb
|-damage|p1a: Voltorb|53/100
|
|t:|1779943558
|switch|p2a: Carbink|Carbink|100/100|[from] Flip Turn
|
|upkeep
|turn|7
|
|t:|1779943563
|move|p1a: Voltorb|Leaf Storm|p2a: Carbink|[miss]
|-miss|p1a: Voltorb|p2a: Carbink
|move|p2a: Carbink|Trick Room|p2a: Carbink
|-fieldstart|move: Trick Room|[of] p2a: Carbink
|
|upkeep
|turn|8
|
|t:|1779943569
|move|p2a: Carbink|Stealth Rock|p1a: Voltorb
|-sidestart|p1: BigmanTheOg|move: Stealth Rock
|move|p1a: Voltorb|Leaf Storm|p2a: Carbink
|-supereffective|p2a: Carbink
|-damage|p2a: Carbink|70/100
|-unboost|p1a: Voltorb|spa|2
|
|upkeep
|turn|9
|
|t:|1779943581
|move|p2a: Carbink|Spikes|p1a: Voltorb
|-sidestart|p1: BigmanTheOg|Spikes
|move|p1a: Voltorb|Volt Switch|p2a: Carbink
|-damage|p2a: Carbink|64/100
|
|t:|1779943587
|switch|p1a: Walking Wake|Walking Wake|100/100|[from] Volt Switch
|-status|p1a: Walking Wake|tox
|-damage|p1a: Walking Wake|88/100 tox|[from] Stealth Rock
|-damage|p1a: Walking Wake|76/100 tox|[from] Spikes
|
|-damage|p1a: Walking Wake|70/100 tox|[from] psn
|upkeep
|turn|10
|
|t:|1779943597
|move|p2a: Carbink|Spikes|p1a: Walking Wake
|-sidestart|p1: BigmanTheOg|Spikes
|move|p1a: Walking Wake|Hydro Steam|p2a: Carbink
|-supereffective|p2a: Carbink
|-damage|p2a: Carbink|0 fnt
|faint|p2a: Carbink
|
|-damage|p1a: Walking Wake|57/100 tox|[from] psn
|upkeep
|
|t:|1779943605
|switch|p2a: Skarmory|Skarmory, M|100/100
|turn|11
|
|t:|1779943610
|move|p1a: Walking Wake|Hydro Steam|p2a: Skarmory
|-damage|p2a: Skarmory|0 fnt
|faint|p2a: Skarmory
|
|-damage|p1a: Walking Wake|39/100 tox|[from] psn
|-fieldend|move: Trick Room
|upkeep
|
|t:|1779943621
|switch|p2a: Rabsca|Rabsca, F|100/100
|turn|12
|
|t:|1779943627
|move|p1a: Walking Wake|Hydro Steam|p2a: Rabsca
|-damage|p2a: Rabsca|47/100
|move|p2a: Rabsca|Revival Blessing|p2a: Rabsca
|
|t:|1779943634
|-heal|p2: Skarmory|50/100|[from] move: Revival Blessing
|
|-heal|p2a: Rabsca|53/100|[from] item: Leftovers
|-damage|p1a: Walking Wake|14/100 tox|[from] psn
|upkeep
|turn|13
|
|t:|1779943639
|move|p1a: Walking Wake|Hydro Steam|p2a: Rabsca
|-damage|p2a: Rabsca|6/100
|move|p2a: Rabsca|Rest|p2a: Rabsca
|-status|p2a: Rabsca|slp|[from] move: Rest
|-heal|p2a: Rabsca|100/100 slp|[silent]
|
|-damage|p1a: Walking Wake|0 fnt|[from] psn
|faint|p1a: Walking Wake
|-end|p1a: Walking Wake|Protosynthesis|[silent]
|upkeep
|
|t:|1779943655
|switch|p1a: Lucario|Lucario, M, shiny|100/100
|-damage|p1a: Lucario|98/100|[from] Stealth Rock
|-item|p1a: Lucario|Air Balloon
|turn|14
|
|t:|1779943664
|move|p1a: Lucario|Meteor Mash|p2a: Rabsca
|-damage|p2a: Rabsca|53/100 slp
|cant|p2a: Rabsca|slp
|move|p2a: Rabsca|Sleep Talk|p2a: Rabsca
|move|p2a: Rabsca|Protect||[from] move: Sleep Talk|[still]
|-fail|p2a: Rabsca
|
|-heal|p2a: Rabsca|59/100 slp|[from] item: Leftovers
|upkeep
|turn|15
|
|t:|1779943677
|move|p1a: Lucario|Swords Dance|p1a: Lucario
|-boost|p1a: Lucario|atk|2
|cant|p2a: Rabsca|slp
|move|p2a: Rabsca|Sleep Talk|p2a: Rabsca
|move|p2a: Rabsca|Protect||[from] move: Sleep Talk|[still]
|-fail|p2a: Rabsca
|
|-heal|p2a: Rabsca|65/100 slp|[from] item: Leftovers
|upkeep
|turn|16
|
|t:|1779943688
|switch|p2a: Skarmory|Skarmory, M|50/100
|move|p1a: Lucario|Swords Dance|p1a: Lucario
|-boost|p1a: Lucario|atk|2
|
|upkeep
|turn|17
|
|t:|1779943695
|move|p1a: Lucario|Close Combat|p2a: Skarmory
|-damage|p2a: Skarmory|0 fnt
|-unboost|p1a: Lucario|def|1
|-unboost|p1a: Lucario|spd|1
|faint|p2a: Skarmory
|
|upkeep
|
|t:|1779943700
|switch|p2a: Rabsca|Rabsca, F|65/100 slp
|turn|18
|
|t:|1779943704
|move|p1a: Lucario|Meteor Mash|p2a: Rabsca
|-damage|p2a: Rabsca|0 fnt
|faint|p2a: Rabsca
|
|upkeep
|
|t:|1779943709
|switch|p2a: Sableye|Sableye, F|100/100
|turn|19
|
|t:|1779943715
|move|p2a: Sableye|Disable|p1a: Lucario
|-start|p1a: Lucario|Disable|Meteor Mash
|cant|p1a: Lucario|Disable|Meteor Mash
|
|upkeep
|turn|20
|
|t:|1779943753
|switch|p1a: Voltorb|Voltorb-Hisui, shiny|53/100
|move|p2a: Sableye|Encore||[still]
|-fail|p2a: Sableye
|
|upkeep
|turn|21
|
|t:|1779943760
|move|p2a: Sableye|Protect|p2a: Sableye
|-singleturn|p2a: Sableye|Protect
|move|p1a: Voltorb|Thunderbolt|p2a: Sableye
|-activate|p2a: Sableye|move: Protect
|
|upkeep
|turn|22
|inactive|Battle timer is ON: inactive players will automatically lose when time's up. (requested by fly bug)
|
|t:|1779943829
|move|p2a: Sableye|Disable|p1a: Voltorb
|-start|p1a: Voltorb|Disable|Thunderbolt
|cant|p1a: Voltorb|Disable|Thunderbolt
|
|upkeep
|turn|23
|
|t:|1779943848
|move|p2a: Sableye|Encore|p1a: Voltorb
|-start|p1a: Voltorb|Encore
|cant|p1a: Voltorb|Disable|Thunderbolt
|
|upkeep
|turn|24
|
|t:|1779943865
|-activate|p1a: Voltorb|move: Struggle
|move|p1a: Voltorb|Struggle|p2a: Sableye
|-damage|p2a: Sableye|98/100
|-damage|p1a: Voltorb|37/100|[from] item: Rocky Helmet|[of] p2a: Sableye
|-damage|p1a: Voltorb|12/100|[from] recoil
|move|p2a: Sableye|Foul Play|p1a: Voltorb
|-damage|p1a: Voltorb|0 fnt
|-damage|p2a: Sableye|73/100|[from] ability: Aftermath|[of] p1a: Voltorb
|faint|p1a: Voltorb
|
|upkeep
|inactive|BigmanTheOg has 120 seconds left.
|inactive|BigmanTheOg has 90 seconds left.
|inactiveoff|Battle timer is now OFF.
|
|t:|1779943911
|switch|p1a: Lucario|Lucario, M, shiny|98/100
|-damage|p1a: Lucario|95/100|[from] Stealth Rock
|-item|p1a: Lucario|Air Balloon
|turn|25
|
|t:|1779943919
|move|p2a: Sableye|Protect|p2a: Sableye
|-singleturn|p2a: Sableye|Protect
|move|p1a: Lucario|Meteor Mash|p2a: Sableye
|-activate|p2a: Sableye|move: Protect
|
|upkeep
|turn|26
|
|t:|1779943925
|move|p2a: Sableye|Disable|p1a: Lucario
|-start|p1a: Lucario|Disable|Meteor Mash
|move|p1a: Lucario|Swords Dance|p1a: Lucario
|-boost|p1a: Lucario|atk|2
|
|upkeep
|turn|27
|
|t:|1779943962
|switch|p1a: Ogerpon|Ogerpon-Wellspring, F|100/100
|-status|p1a: Ogerpon|tox
|-damage|p1a: Ogerpon|88/100 tox|[from] Stealth Rock
|-damage|p1a: Ogerpon|72/100 tox|[from] Spikes
|move|p2a: Sableye|Encore||[still]
|-fail|p2a: Sableye
|
|-damage|p1a: Ogerpon|66/100 tox|[from] psn
|upkeep
|turn|28
|
|t:|1779943974
|move|p2a: Sableye|Protect|p2a: Sableye
|-singleturn|p2a: Sableye|Protect
|move|p1a: Ogerpon|Ivy Cudgel|p2a: Sableye|[anim] Ivy Cudgel Water
|-activate|p2a: Sableye|move: Protect
|
|-damage|p1a: Ogerpon|54/100 tox|[from] psn
|upkeep
|turn|29
|
|t:|1779943981
|move|p2a: Sableye|Disable|p1a: Ogerpon
|-start|p1a: Ogerpon|Disable|Ivy Cudgel
|move|p1a: Ogerpon|Synthesis|p1a: Ogerpon
|-heal|p1a: Ogerpon|100/100 tox
|
|-damage|p1a: Ogerpon|83/100 tox|[from] psn
|upkeep
|turn|30
|
|t:|1779943991
|move|p2a: Sableye|Encore|p1a: Ogerpon
|-start|p1a: Ogerpon|Encore
|move|p1a: Ogerpon|Synthesis|p1a: Ogerpon
|-heal|p1a: Ogerpon|100/100 tox
|
|-damage|p1a: Ogerpon|77/100 tox|[from] psn
|upkeep
|turn|31
|
|t:|1779944007
|move|p1a: Ogerpon|Synthesis|p1a: Ogerpon
|-heal|p1a: Ogerpon|100/100 tox
|move|p2a: Sableye|Foul Play|p1a: Ogerpon
|-damage|p1a: Ogerpon|35/100 tox
|
|-damage|p1a: Ogerpon|5/100 tox|[from] psn
|upkeep
|turn|32
|
|t:|1779944021
|move|p1a: Ogerpon|Synthesis|p1a: Ogerpon
|-heal|p1a: Ogerpon|55/100 tox
|move|p2a: Sableye|Foul Play|p1a: Ogerpon
|-damage|p1a: Ogerpon|0 fnt
|faint|p1a: Ogerpon
|
|upkeep
|
|t:|1779944029
|switch|p1a: Iron Valiant|Iron Valiant, shiny|100/100
|-status|p1a: Iron Valiant|tox
|-damage|p1a: Iron Valiant|94/100 tox|[from] Stealth Rock
|-damage|p1a: Iron Valiant|78/100 tox|[from] Spikes
|-enditem|p1a: Iron Valiant|Booster Energy
|-activate|p1a: Iron Valiant|ability: Quark Drive|[fromitem]
|-start|p1a: Iron Valiant|quarkdrivespa
|turn|33
|
|t:|1779944037
|move|p2a: Sableye|Protect|p2a: Sableye
|-singleturn|p2a: Sableye|Protect
|move|p1a: Iron Valiant|Destiny Bond|p1a: Iron Valiant
|-singlemove|p1a: Iron Valiant|Destiny Bond
|
|-damage|p1a: Iron Valiant|71/100 tox|[from] psn
|upkeep
|turn|34
|
|t:|1779944077
|move|p2a: Sableye|Encore|p1a: Iron Valiant
|-start|p1a: Iron Valiant|Encore
|move|p1a: Iron Valiant|Destiny Bond||[still]
|-fail|p1a: Iron Valiant
|
|-damage|p1a: Iron Valiant|59/100 tox|[from] psn
|upkeep
|turn|35
|
|t:|1779944100
|move|p1a: Iron Valiant|Destiny Bond|p1a: Iron Valiant
|-singlemove|p1a: Iron Valiant|Destiny Bond
|move|p2a: Sableye|Foul Play|p1a: Iron Valiant
|-resisted|p1a: Iron Valiant
|-damage|p1a: Iron Valiant|47/100 tox
|
|-damage|p1a: Iron Valiant|28/100 tox|[from] psn
|upkeep
|turn|36
|l|☆fly bug
|player|p2|
|j|☆fly bug
|player|p2|fly bug|2|
|l|☆fly bug
|player|p2|
|j|☆fly bug
|player|p2|fly bug|2|
|
|t:|1779944218
|move|p2a: Sableye|Protect|p2a: Sableye
|-singleturn|p2a: Sableye|Protect
|move|p1a: Iron Valiant|Destiny Bond||[still]
|-fail|p1a: Iron Valiant
|
|-damage|p1a: Iron Valiant|3/100 tox|[from] psn
|-end|p1a: Iron Valiant|Encore
|upkeep
|turn|37
|inactive|Battle timer is ON: inactive players will automatically lose when time's up. (requested by fly bug)
|
|t:|1779944265
|move|p2a: Sableye|Disable|p1a: Iron Valiant
|-start|p1a: Iron Valiant|Disable|Destiny Bond
|cant|p1a: Iron Valiant|Disable|Destiny Bond
|
|-damage|p1a: Iron Valiant|0 fnt|[from] psn
|faint|p1a: Iron Valiant
|-end|p1a: Iron Valiant|Quark Drive|[silent]
|upkeep
|
|t:|1779944272
|switch|p1a: Ceruledge|Ceruledge, F, shiny|100/100
|-status|p1a: Ceruledge|tox
|-damage|p1a: Ceruledge|76/100 tox|[from] Stealth Rock
|-damage|p1a: Ceruledge|59/100 tox|[from] Spikes
|turn|38
|l|☆fly bug
|inactive|fly bug disconnected and has a minute to reconnect!
|player|p2|
|j|☆fly bug
|inactive|fly bug reconnected and has 130 seconds left.
|player|p2|fly bug|2|
|
|t:|1779944298
|move|p2a: Sableye|Disable||[still]
|-fail|p2a: Sableye
|move|p1a: Ceruledge|Swords Dance|p1a: Ceruledge
|-boost|p1a: Ceruledge|atk|2
|
|-damage|p1a: Ceruledge|53/100 tox|[from] psn
|upkeep
|turn|39
|
|t:|1779944307
|switch|p1a: Lucario|Lucario, M, shiny|95/100
|-damage|p1a: Lucario|92/100|[from] Stealth Rock
|-item|p1a: Lucario|Air Balloon
|move|p2a: Sableye|Encore||[still]
|-fail|p2a: Sableye
|
|upkeep
|turn|40
|
|t:|1779944317
|move|p2a: Sableye|Protect|p2a: Sableye
|-singleturn|p2a: Sableye|Protect
|move|p1a: Lucario|Swords Dance|p1a: Lucario
|-boost|p1a: Lucario|atk|2
|
|upkeep
|turn|41
|inactive|BigmanTheOg has 120 seconds left.
|
|t:|1779944322
|move|p2a: Sableye|Encore|p1a: Lucario
|-start|p1a: Lucario|Encore
|move|p1a: Lucario|Swords Dance|p1a: Lucario
|-boost|p1a: Lucario|atk|2
|
|upkeep
|turn|42
|
|t:|1779944329
|switch|p1a: Ceruledge|Ceruledge, F, shiny|53/100 tox
|-damage|p1a: Ceruledge|28/100 tox|[from] Stealth Rock
|-damage|p1a: Ceruledge|12/100 tox|[from] Spikes
|move|p2a: Sableye|Foul Play|p1a: Ceruledge
|-supereffective|p1a: Ceruledge
|-damage|p1a: Ceruledge|0 fnt
|faint|p1a: Ceruledge
|
|upkeep
|
|t:|1779944338
|switch|p1a: Lucario|Lucario, M, shiny|92/100
|-damage|p1a: Lucario|89/100|[from] Stealth Rock
|-item|p1a: Lucario|Air Balloon
|turn|43
|
|t:|1779944346
|move|p2a: Sableye|Protect|p2a: Sableye
|-singleturn|p2a: Sableye|Protect
|move|p1a: Lucario|Meteor Mash|p2a: Sableye
|-activate|p2a: Sableye|move: Protect
|
|upkeep
|turn|44
|
|t:|1779944353
|move|p1a: Lucario|Extreme Speed|p2a: Sableye
|-immune|p2a: Sableye
|move|p2a: Sableye|Disable|p1a: Lucario
|-start|p1a: Lucario|Disable|Extreme Speed
|
|upkeep
|turn|45
|
|t:|1779944365
|move|p2a: Sableye|Encore|p1a: Lucario
|-start|p1a: Lucario|Encore
|cant|p1a: Lucario|Disable|Extreme Speed
|
|upkeep
|turn|46
|
|t:|1779944370
|-activate|p1a: Lucario|move: Struggle
|move|p1a: Lucario|Struggle|p2a: Sableye
|-damage|p2a: Sableye|57/100
|-damage|p1a: Lucario|73/100|[from] item: Rocky Helmet|[of] p2a: Sableye
|-damage|p1a: Lucario|48/100|[from] recoil
|move|p2a: Sableye|Foul Play|p1a: Lucario
|-resisted|p1a: Lucario
|-damage|p1a: Lucario|15/100
|-enditem|p1a: Lucario|Air Balloon
|
|upkeep
|turn|47
|
|t:|1779944381
|-activate|p1a: Lucario|move: Struggle
|move|p1a: Lucario|Struggle|p2a: Sableye
|-damage|p2a: Sableye|43/100
|-damage|p1a: Lucario|0 fnt|[from] item: Rocky Helmet|[of] p2a: Sableye
|faint|p1a: Lucario
|
|win|fly bug
|raw|BigmanTheOg's rating: 1000 &rarr; <strong>1000</strong><br />(+0 for losing)
|raw|fly bug's rating: 1000 &rarr; <strong>1040</strong><br />(+40 for winning)
