|j|☆Uranium233
|j|‽megastaruniverse
|t:|1779822463
|gametype|singles
|player|p1|Uranium233|morty-masters|1301
|player|p2|megastaruniverse|nate|1364
|gen|9
|tier|[Gen 9] OU
|rated|
|rule|HP Percentage Mod: HP is shown in percentages
|rule|Endless Battle Clause: Forcing endless battles is banned
|rule|Species Clause: Limit one of each Pokémon
|rule|OHKO Clause: OHKO moves are banned
|rule|Evasion Items Clause: Evasion items are banned
|rule|Evasion Moves Clause: Evasion moves are banned
|rule|Evasion Abilities Clause: Evasion abilities are banned
|rule|Sleep Moves Clause: Sleep-inducing moves are banned
|clearpoke
|poke|p1|Hatterene, F|
|poke|p1|Great Tusk|
|poke|p1|Tornadus-Therian, M|
|poke|p1|Kyurem|
|poke|p1|Slowking-Galar, F|
|poke|p1|Kingambit, M|
|poke|p2|Dragapult, F|
|poke|p2|Gliscor, M|
|poke|p2|Ogerpon-Wellspring, F|
|poke|p2|Iron Crown|
|poke|p2|Ting-Lu|
|poke|p2|Kingambit, M|
|teampreview
|inactive|Battle timer is ON: inactive players will automatically lose when time's up. (requested by Uranium233)
|
|t:|1779822514
|teamsize|p1|6
|teamsize|p2|6
|start
|switch|p1a: Tornadus|Tornadus-Therian, M|100/100
|switch|p2a: Ting-Lu|Ting-Lu|100/100
|-ability|p2a: Ting-Lu|Vessel of Ruin
|turn|1
|
|t:|1779822527
|move|p1a: Tornadus|U-turn|p2a: Ting-Lu
|-supereffective|p2a: Ting-Lu
|-damage|p2a: Ting-Lu|83/100
|-damage|p1a: Tornadus|84/100|[from] item: Rocky Helmet|[of] p2a: Ting-Lu
|
|t:|1779822530
|switch|p1a: Hatterene|Hatterene, F|100/100|[from] U-turn
|move|p2a: Ting-Lu|Ruination|p1a: Hatterene
|-damage|p1a: Hatterene|51/100
|
|upkeep
|turn|2
|
|t:|1779822547
|move|p2a: Ting-Lu|Heavy Slam|p1a: Hatterene
|-supereffective|p1a: Hatterene
|-damage|p1a: Hatterene|0 fnt
|-damage|p2a: Ting-Lu|66/100|[from] item: Rocky Helmet|[of] p1a: Hatterene
|faint|p1a: Hatterene
|
|upkeep
|inactive|Uranium233 has 120 seconds left.
|
|t:|1779822572
|switch|p1a: Slowking|Slowking-Galar, F|100/100
|turn|3
|
|t:|1779822577
|move|p2a: Ting-Lu|Stealth Rock|p1a: Slowking
|-sidestart|p1: Uranium233|move: Stealth Rock
|-prepare|p1a: Slowking|Chilly Reception|[premajor]
|move|p1a: Slowking|Chilly Reception|p1a: Slowking
|-weather|Snowscape
|inactive|Uranium233 has 120 seconds left.
|
|t:|1779822591
|switch|p1a: Great Tusk|Great Tusk|100/100|[from] Chilly Reception
|-damage|p1a: Great Tusk|98/100|[from] Stealth Rock
|
|-weather|Snowscape|[upkeep]
|upkeep
|turn|4
|
|t:|1779822594
|switch|p2a: Dragapult|Dragapult, F|100/100
|move|p1a: Great Tusk|Rapid Spin|p2a: Dragapult
|-immune|p2a: Dragapult
|
|-weather|Snowscape|[upkeep]
|upkeep
|turn|5
|inactive|Uranium233 has 120 seconds left.
|
|t:|1779822632
|-end|p1a: Great Tusk|Protosynthesis|[silent]
|switch|p1a: Slowking|Slowking-Galar, F|100/100
|-damage|p1a: Slowking|88/100|[from] Stealth Rock
|move|p2a: Dragapult|Will-O-Wisp|p1a: Slowking
|-status|p1a: Slowking|brn
|
|-weather|Snowscape|[upkeep]
|-heal|p1a: Slowking|94/100 brn|[from] item: Black Sludge
|-damage|p1a: Slowking|88/100 brn|[from] brn
|upkeep
|turn|6
|
|t:|1779822648
|move|p2a: Dragapult|Dragon Darts|p1a: Slowking
|-damage|p1a: Slowking|73/100 brn
|-anim|p2a: Dragapult|Dragon Darts|p1a: Slowking
|-damage|p1a: Slowking|59/100 brn
|move|p1a: Slowking|Future Sight|p2a: Dragapult
|-start|p1a: Slowking|move: Future Sight
|
|-weather|Snowscape|[upkeep]
|-heal|p1a: Slowking|65/100 brn|[from] item: Black Sludge
|-damage|p1a: Slowking|59/100 brn|[from] brn
|upkeep
|turn|7
|
|t:|1779822667
|move|p2a: Dragapult|U-turn|p1a: Slowking
|-damage|p1a: Slowking|46/100 brn
|
|t:|1779822670
|switch|p2a: Kingambit|Kingambit, M|100/100|[from] U-turn
|-item|p2a: Kingambit|Air Balloon
|-prepare|p1a: Slowking|Chilly Reception|[premajor]
|move|p1a: Slowking|Chilly Reception|p1a: Slowking
|
|t:|1779822688
|switch|p1a: Tornadus|Tornadus-Therian, M|100/100|[from] Chilly Reception
|-damage|p1a: Tornadus|76/100|[from] Stealth Rock
|
|-weather|none
|upkeep
|turn|8
|
|t:|1779822695
|-terastallize|p2a: Kingambit|Dark
|move|p1a: Tornadus|U-turn|p2a: Kingambit
|-supereffective|p2a: Kingambit
|-crit|p2a: Kingambit
|-damage|p2a: Kingambit|59/100
|-enditem|p2a: Kingambit|Air Balloon
|
|t:|1779822709
|switch|p1a: Great Tusk|Great Tusk|98/100|[from] U-turn
|-damage|p1a: Great Tusk|95/100|[from] Stealth Rock
|move|p2a: Kingambit|Kowtow Cleave|p1a: Great Tusk
|-resisted|p1a: Great Tusk
|-damage|p1a: Great Tusk|72/100
|-damage|p2a: Kingambit|43/100|[from] item: Rocky Helmet|[of] p1a: Great Tusk
|
|-end|p2a: Kingambit|move: Future Sight
|-immune|p2a: Kingambit
|upkeep
|turn|9
|
|t:|1779822732
|-end|p2a: Kingambit|fallenundefined|[silent]
|switch|p2a: Dragapult|Dragapult, F|100/100
|move|p1a: Great Tusk|Stealth Rock|p2a: Dragapult
|-sidestart|p2: megastaruniverse|move: Stealth Rock
|
|upkeep
|turn|10
|inactive|Uranium233 has 90 seconds left.
|
|t:|1779822749
|-end|p1a: Great Tusk|Protosynthesis|[silent]
|switch|p1a: Slowking|Slowking-Galar, F|79/100 brn
|-damage|p1a: Slowking|67/100 brn|[from] Stealth Rock
|move|p2a: Dragapult|Will-O-Wisp|p1a: Slowking|[miss]
|-miss|p2a: Dragapult|p1a: Slowking
|
|-heal|p1a: Slowking|73/100 brn|[from] item: Black Sludge
|-damage|p1a: Slowking|67/100 brn|[from] brn
|upkeep
|turn|11
|inactive|Uranium233 has 90 seconds left.
|
|t:|1779822759
|move|p2a: Dragapult|Dragon Darts|p1a: Slowking
|-damage|p1a: Slowking|52/100 brn
|-anim|p2a: Dragapult|Dragon Darts|p1a: Slowking
|-damage|p1a: Slowking|37/100 brn
|move|p1a: Slowking|Trick|p2a: Dragapult
|-activate|p1a: Slowking|move: Trick|[of] p2a: Dragapult
|-item|p2a: Dragapult|Black Sludge|[from] move: Trick
|-item|p1a: Slowking|Heavy-Duty Boots|[from] move: Trick
|
|-damage|p2a: Dragapult|88/100|[from] item: Black Sludge
|-damage|p1a: Slowking|31/100 brn|[from] brn
|upkeep
|turn|12
|inactive|Uranium233 has 90 seconds left.
|inactive|Uranium233 has 60 seconds left.
|
|t:|1779822802
|switch|p1a: Great Tusk|Great Tusk|72/100
|-damage|p1a: Great Tusk|69/100|[from] Stealth Rock
|move|p2a: Dragapult|U-turn|p1a: Great Tusk
|-resisted|p1a: Great Tusk
|-damage|p1a: Great Tusk|62/100
|-damage|p2a: Dragapult|72/100|[from] item: Rocky Helmet|[of] p1a: Great Tusk
|
|t:|1779822821
|switch|p2a: Ogerpon|Ogerpon-Wellspring, F|100/100|[from] U-turn
|-damage|p2a: Ogerpon|88/100|[from] Stealth Rock
|
|upkeep
|turn|13
|inactive|Uranium233 has 60 seconds left.
|inactive|Uranium233 has 30 seconds left.
|inactive|Uranium233 has 20 seconds left.
|
|t:|1779822880
|-end|p1a: Great Tusk|Protosynthesis|[silent]
|switch|p1a: Kingambit|Kingambit, M|100/100
|-damage|p1a: Kingambit|94/100|[from] Stealth Rock
|-activate|p1a: Kingambit|ability: Supreme Overlord
|-start|p1a: Kingambit|fallen1|[silent]
|move|p2a: Ogerpon|Ivy Cudgel|p1a: Kingambit|[anim] Ivy Cudgel Water
|-damage|p1a: Kingambit|53/100
|
|-heal|p1a: Kingambit|59/100|[from] item: Leftovers
|upkeep
|turn|14
|inactive|Uranium233 has 30 seconds left this turn.
|
|t:|1779822902
|switch|p2a: Kingambit|Kingambit, M, tera:Dark|43/100
|-damage|p2a: Kingambit|31/100|[from] Stealth Rock
|move|p1a: Kingambit|Swords Dance|p1a: Kingambit
|-boost|p1a: Kingambit|atk|2
|
|-heal|p1a: Kingambit|65/100|[from] item: Leftovers
|upkeep
|turn|15
|inactive|Uranium233 has 30 seconds left.
|
|t:|1779822913
|move|p2a: Kingambit|Low Kick|p1a: Kingambit
|-supereffective|p1a: Kingambit
|-damage|p1a: Kingambit|0 fnt
|faint|p1a: Kingambit
|-end|p1a: Kingambit|fallen1|[silent]
|
|upkeep
|inactive|Uranium233 has 30 seconds left.
|
|t:|1779822923
|switch|p1a: Great Tusk|Great Tusk|62/100
|-damage|p1a: Great Tusk|59/100|[from] Stealth Rock
|turn|16
|
|t:|1779822932
|move|p2a: Kingambit|Sucker Punch|p1a: Great Tusk
|-resisted|p1a: Great Tusk
|-damage|p1a: Great Tusk|40/100
|-damage|p2a: Kingambit|14/100|[from] item: Rocky Helmet|[of] p1a: Great Tusk
|move|p1a: Great Tusk|Headlong Rush|p2a: Kingambit
|-damage|p2a: Kingambit|0 fnt
|-unboost|p1a: Great Tusk|def|1
|-unboost|p1a: Great Tusk|spd|1
|faint|p2a: Kingambit
|-end|p2a: Kingambit|fallenundefined|[silent]
|
|upkeep
|
|t:|1779822935
|switch|p2a: Ogerpon|Ogerpon-Wellspring, F|88/100
|-damage|p2a: Ogerpon|76/100|[from] Stealth Rock
|turn|17
|
|t:|1779822952
|-end|p1a: Great Tusk|Protosynthesis|[silent]
|switch|p1a: Kyurem|Kyurem|100/100
|-damage|p1a: Kyurem|76/100|[from] Stealth Rock
|-ability|p1a: Kyurem|Pressure
|move|p2a: Ogerpon|Ivy Cudgel|p1a: Kyurem|[anim] Ivy Cudgel Water
|-resisted|p1a: Kyurem
|-damage|p1a: Kyurem|49/100
|
|upkeep
|turn|18
|
|t:|1779822965
|move|p2a: Ogerpon|U-turn|p1a: Kyurem
|-damage|p1a: Kyurem|21/100
|
|t:|1779822970
|switch|p2a: Iron Crown|Iron Crown|100/100|[from] U-turn
|-damage|p2a: Iron Crown|94/100|[from] Stealth Rock
|-enditem|p2a: Iron Crown|Booster Energy
|-activate|p2a: Iron Crown|ability: Quark Drive|[fromitem]
|-start|p2a: Iron Crown|quarkdrivespe
|move|p1a: Kyurem|Ice Beam|p2a: Iron Crown
|-resisted|p2a: Iron Crown
|-crit|p2a: Iron Crown
|-damage|p2a: Iron Crown|46/100
|
|upkeep
|turn|19
|
|t:|1779822986
|switch|p1a: Tornadus|Tornadus-Therian, M|100/100
|-damage|p1a: Tornadus|76/100|[from] Stealth Rock
|move|p2a: Iron Crown|Tachyon Cutter|p1a: Tornadus
|-damage|p1a: Tornadus|61/100
|-damage|p1a: Tornadus|46/100
|-hitcount|p1a: Tornadus|2
|
|upkeep
|turn|20
|
|t:|1779822994
|move|p2a: Iron Crown|Calm Mind|p2a: Iron Crown
|-boost|p2a: Iron Crown|spa|1
|-boost|p2a: Iron Crown|spd|1
|move|p1a: Tornadus|Heat Wave|p2a: Iron Crown
|-supereffective|p2a: Iron Crown
|-damage|p2a: Iron Crown|15/100
|
|upkeep
|turn|21
|inactive|Uranium233 has 30 seconds left.
|
|t:|1779823025
|move|p2a: Iron Crown|Psychic|p1a: Tornadus
|-damage|p1a: Tornadus|1/100
|move|p1a: Tornadus|Heat Wave|p2a: Iron Crown
|-supereffective|p2a: Iron Crown
|-damage|p2a: Iron Crown|0 fnt
|faint|p2a: Iron Crown
|-end|p2a: Iron Crown|Quark Drive|[silent]
|
|upkeep
|
|t:|1779823030
|switch|p2a: Dragapult|Dragapult, F|72/100
|-damage|p2a: Dragapult|59/100|[from] Stealth Rock
|turn|22
|
|t:|1779823037
|switch|p1a: Slowking|Slowking-Galar, F|64/100 brn
|move|p2a: Dragapult|Dragon Darts|p1a: Slowking
|-damage|p1a: Slowking|50/100 brn
|-anim|p2a: Dragapult|Dragon Darts|p1a: Slowking
|-damage|p1a: Slowking|35/100 brn
|
|-damage|p2a: Dragapult|47/100|[from] item: Black Sludge
|-damage|p1a: Slowking|29/100 brn|[from] brn
|upkeep
|turn|23
|
|t:|1779823044
|move|p2a: Dragapult|Dragon Darts|p1a: Slowking
|-damage|p1a: Slowking|13/100 brn
|-anim|p2a: Dragapult|Dragon Darts|p1a: Slowking
|-damage|p1a: Slowking|0 fnt
|faint|p1a: Slowking
|
|-damage|p2a: Dragapult|35/100|[from] item: Black Sludge
|upkeep
|
|t:|1779823058
|switch|p1a: Tornadus|Tornadus-Therian, M|34/100
|-damage|p1a: Tornadus|10/100|[from] Stealth Rock
|turn|24
|
|t:|1779823065
|move|p2a: Dragapult|Dragon Darts|p1a: Tornadus
|-damage|p1a: Tornadus|0 fnt
|faint|p1a: Tornadus
|
|-damage|p2a: Dragapult|23/100|[from] item: Black Sludge
|upkeep
|
|t:|1779823066
|switch|p1a: Great Tusk|Great Tusk|40/100
|-damage|p1a: Great Tusk|37/100|[from] Stealth Rock
|turn|25
|
|t:|1779823071
|move|p2a: Dragapult|Dragon Darts|p1a: Great Tusk
|-damage|p1a: Great Tusk|23/100
|-anim|p2a: Dragapult|Dragon Darts|p1a: Great Tusk
|-damage|p1a: Great Tusk|9/100
|move|p1a: Great Tusk|Ice Spinner|p2a: Dragapult
|-supereffective|p2a: Dragapult
|-damage|p2a: Dragapult|0 fnt
|faint|p2a: Dragapult
|
|upkeep
|
|t:|1779823075
|switch|p2a: Ogerpon|Ogerpon-Wellspring, F|76/100
|-damage|p2a: Ogerpon|64/100|[from] Stealth Rock
|turn|26
|inactive|Uranium233 has 60 seconds left.
|
|t:|1779823088
|-terastallize|p1a: Great Tusk|Steel
|move|p2a: Ogerpon|Ivy Cudgel|p1a: Great Tusk|[anim] Ivy Cudgel Water
|-damage|p1a: Great Tusk|0 fnt
|faint|p1a: Great Tusk
|-end|p1a: Great Tusk|Protosynthesis|[silent]
|
|upkeep
|
|t:|1779823091
|switch|p1a: Kyurem|Kyurem|21/100
|-damage|p1a: Kyurem|0 fnt|[from] Stealth Rock
|faint|p1a: Kyurem
|
|win|megastaruniverse
|raw|Uranium233's rating: 1301 &rarr; <strong>1285</strong><br />(-16 for losing)
|raw|megastaruniverse's rating: 1364 &rarr; <strong>1380</strong><br />(+16 for winning)
|l|☆Uranium233
|player|p1|
