|j|☆spreadcrosser
|j|☆ikthoizzykil
|t:|1779942036
|gametype|singles
|player|p1|spreadcrosser|169|1362
|player|p2|ikthoizzykil|pokemaniac-gen3rs|1358
|gen|9
|tier|[Gen 9] OU
|rated|
|rule|HP Percentage Mod: HP is shown in percentages
|rule|Endless Battle Clause: Forcing endless battles is banned
|rule|Species Clause: Limit one of each Pokémon
|rule|OHKO Clause: OHKO moves are banned
|rule|Evasion Items Clause: Evasion items are banned
|rule|Evasion Moves Clause: Evasion moves are banned
|rule|Evasion Abilities Clause: Evasion abilities are banned
|rule|Sleep Moves Clause: Sleep-inducing moves are banned
|clearpoke
|poke|p1|Iron Hands|
|poke|p1|Greninja-*, M|
|poke|p1|Cinderace, F|
|poke|p1|Zapdos|
|poke|p1|Great Tusk|
|poke|p1|Iron Moth|
|poke|p2|Metagross|
|poke|p2|Rillaboom, F|
|poke|p2|Braviary, M|
|poke|p2|Great Tusk|
|poke|p2|Darkrai|
|poke|p2|Primarina, M|
|teampreview
|inactive|Battle timer is ON: inactive players will automatically lose when time's up. (requested by ikthoizzykil)
|
|t:|1779942040
|teamsize|p1|6
|teamsize|p2|6
|start
|switch|p1a: Greninja|Greninja, M|100/100
|switch|p2a: Darkrai|Darkrai|100/100
|turn|1
|
|t:|1779942059
|move|p2a: Darkrai|Sludge Bomb|p1a: Greninja
|-damage|p1a: Greninja|40/100
|move|p1a: Greninja|Hydro Pump|p2a: Darkrai
|-damage|p2a: Darkrai|28/100
|-damage|p1a: Greninja|31/100|[from] item: Life Orb
|
|upkeep
|turn|2
|
|t:|1779942073
|switch|p1a: Great Tusk|Great Tusk|100/100
|move|p2a: Darkrai|Sludge Bomb|p1a: Great Tusk
|-resisted|p1a: Great Tusk
|-damage|p1a: Great Tusk|85/100
|
|upkeep
|turn|3
|
|t:|1779942088
|switch|p2a: Braviary|Braviary, M|100/100
|move|p1a: Great Tusk|Ice Spinner|p2a: Braviary
|-supereffective|p2a: Braviary
|-damage|p2a: Braviary|46/100
|
|upkeep
|turn|4
|
|t:|1779942100
|switch|p2a: Primarina|Primarina, M|100/100
|move|p1a: Great Tusk|Ice Spinner|p2a: Primarina
|-resisted|p2a: Primarina
|-damage|p2a: Primarina|91/100
|
|-heal|p2a: Primarina|97/100|[from] item: Leftovers
|upkeep
|turn|5
|
|t:|1779942107
|-terastallize|p1a: Great Tusk|Poison
|move|p1a: Great Tusk|Earthquake|p2a: Primarina
|-damage|p2a: Primarina|54/100
|move|p2a: Primarina|Substitute|p2a: Primarina
|-start|p2a: Primarina|Substitute
|-damage|p2a: Primarina|29/100
|
|-heal|p2a: Primarina|35/100|[from] item: Leftovers
|upkeep
|turn|6
|
|t:|1779942115
|move|p1a: Great Tusk|Earthquake|p2a: Primarina
|-end|p2a: Primarina|Substitute
|move|p2a: Primarina|Psychic Noise|p1a: Great Tusk
|-crit|p1a: Great Tusk
|-damage|p1a: Great Tusk|41/100
|-start|p1a: Great Tusk|move: Heal Block
|
|-heal|p2a: Primarina|42/100|[from] item: Leftovers
|upkeep
|turn|7
|
|t:|1779942124
|switch|p2a: Rillaboom|Rillaboom, F|100/100
|-fieldstart|move: Grassy Terrain|[from] ability: Grassy Surge|[of] p2a: Rillaboom
|move|p1a: Great Tusk|Ice Spinner|p2a: Rillaboom
|-supereffective|p2a: Rillaboom
|-damage|p2a: Rillaboom|53/100
|-fieldend|move: Grassy Terrain
|
|-end|p1a: Great Tusk|move: Heal Block
|upkeep
|turn|8
|
|t:|1779942144
|switch|p2a: Great Tusk|Great Tusk|100/100
|move|p1a: Great Tusk|Ice Spinner|p2a: Great Tusk
|-supereffective|p2a: Great Tusk
|-crit|p2a: Great Tusk
|-damage|p2a: Great Tusk|44/100
|
|upkeep
|turn|9
|
|t:|1779942156
|-end|p1a: Great Tusk|Protosynthesis|[silent]
|switch|p1a: Zapdos|Zapdos|100/100
|move|p2a: Great Tusk|Stealth Rock|p1a: Zapdos
|-sidestart|p1: spreadcrosser|move: Stealth Rock
|
|upkeep
|turn|10
|
|t:|1779942173
|-end|p2a: Great Tusk|Protosynthesis|[silent]
|switch|p2a: Metagross|Metagross|100/100
|move|p1a: Zapdos|Hurricane|p2a: Metagross
|-resisted|p2a: Metagross
|-damage|p2a: Metagross|71/100
|
|upkeep
|turn|11
|
|t:|1779942182
|move|p1a: Zapdos|Hurricane|p2a: Metagross
|-resisted|p2a: Metagross
|-crit|p2a: Metagross
|-damage|p2a: Metagross|26/100
|move|p2a: Metagross|Ice Punch|p1a: Zapdos
|-supereffective|p1a: Zapdos
|-damage|p1a: Zapdos|19/100
|
|upkeep
|turn|12
|
|t:|1779942194
|move|p1a: Zapdos|Hurricane|p2a: Metagross
|-resisted|p2a: Metagross
|-damage|p2a: Metagross|0 fnt
|faint|p2a: Metagross
|
|upkeep
|
|t:|1779942199
|switch|p2a: Darkrai|Darkrai|28/100
|turn|13
|
|t:|1779942202
|move|p1a: Zapdos|Hurricane|p2a: Darkrai
|-damage|p2a: Darkrai|0 fnt
|faint|p2a: Darkrai
|
|upkeep
|
|t:|1779942207
|switch|p2a: Braviary|Braviary, M|46/100
|turn|14
|
|t:|1779942209
|move|p1a: Zapdos|Hurricane|p2a: Braviary
|-damage|p2a: Braviary|6/100
|move|p2a: Braviary|Roost|p2a: Braviary
|-heal|p2a: Braviary|56/100
|-singleturn|p2a: Braviary|move: Roost
|
|upkeep
|turn|15
|
|t:|1779942216
|switch|p1a: Great Tusk|Great Tusk, tera:Poison|41/100
|-damage|p1a: Great Tusk|29/100|[from] Stealth Rock
|move|p2a: Braviary|Roost|p2a: Braviary
|-heal|p2a: Braviary|100/100
|-singleturn|p2a: Braviary|move: Roost
|
|upkeep
|turn|16
|
|t:|1779942223
|-terastallize|p2a: Braviary|Normal
|move|p1a: Great Tusk|Ice Spinner|p2a: Braviary
|-damage|p2a: Braviary|76/100
|move|p2a: Braviary|Bulk Up|p2a: Braviary
|-boost|p2a: Braviary|atk|1
|-boost|p2a: Braviary|def|1
|
|upkeep
|turn|17
|
|t:|1779942231
|move|p1a: Great Tusk|Close Combat|p2a: Braviary
|-supereffective|p2a: Braviary
|-damage|p2a: Braviary|0 fnt
|-unboost|p1a: Great Tusk|def|1
|-unboost|p1a: Great Tusk|spd|1
|faint|p2a: Braviary
|
|upkeep
|-message|ikthoizzykil forfeited.
|
|win|spreadcrosser
|raw|spreadcrosser's rating: 1362 &rarr; <strong>1382</strong><br />(+20 for winning)
|raw|ikthoizzykil's rating: 1358 &rarr; <strong>1338</strong><br />(-20 for losing)
|l|☆ikthoizzykil
|player|p2|
|l|☆spreadcrosser
|player|p1|
