|j|☆spindle pit
|j|☆TempestXXI
|t:|1779941628
|gametype|singles
|player|p1|spindle pit|ethan|1298
|player|p2|TempestXXI|170|1281
|gen|9
|tier|[Gen 9] OU
|rated|
|rule|HP Percentage Mod: HP is shown in percentages
|rule|Endless Battle Clause: Forcing endless battles is banned
|rule|Species Clause: Limit one of each Pokémon
|rule|OHKO Clause: OHKO moves are banned
|rule|Evasion Items Clause: Evasion items are banned
|rule|Evasion Moves Clause: Evasion moves are banned
|rule|Evasion Abilities Clause: Evasion abilities are banned
|rule|Sleep Moves Clause: Sleep-inducing moves are banned
|clearpoke
|poke|p1|Minior-Green|
|poke|p1|Scizor, F|
|poke|p1|Dragapult, M|
|poke|p1|Samurott-Hisui, F|
|poke|p1|Iron Treads|
|poke|p1|Iron Valiant|
|poke|p2|Meowscarada, M|
|poke|p2|Rotom-Wash|
|poke|p2|Hatterene, F|
|poke|p2|Corviknight, F|
|poke|p2|Iron Moth|
|poke|p2|Gliscor, F|
|teampreview
|inactive|Battle timer is ON: inactive players will automatically lose when time's up. (requested by spindle pit)
|
|t:|1779941639
|teamsize|p1|6
|teamsize|p2|6
|start
|switch|p1a: Calmy|Iron Valiant|100/100
|switch|p2a: Hatterene|Hatterene, F|100/100
|-enditem|p1a: Calmy|Booster Energy
|-activate|p1a: Calmy|ability: Quark Drive|[fromitem]
|-start|p1a: Calmy|quarkdrivespe
|turn|1
|
|t:|1779941648
|move|p1a: Calmy|Moonblast|p2a: Hatterene
|-damage|p2a: Hatterene|49/100
|move|p2a: Hatterene|Calm Mind|p2a: Hatterene
|-boost|p2a: Hatterene|spa|1
|-boost|p2a: Hatterene|spd|1
|
|-heal|p2a: Hatterene|55/100|[from] item: Leftovers
|upkeep
|turn|2
|
|t:|1779941655
|move|p1a: Calmy|Moonblast|p2a: Hatterene
|-damage|p2a: Hatterene|22/100
|move|p2a: Hatterene|Calm Mind|p2a: Hatterene
|-boost|p2a: Hatterene|spa|1
|-boost|p2a: Hatterene|spd|1
|
|-heal|p2a: Hatterene|28/100|[from] item: Leftovers
|upkeep
|turn|3
|
|t:|1779941661
|move|p1a: Calmy|Moonblast|p2a: Hatterene
|-damage|p2a: Hatterene|2/100
|move|p2a: Hatterene|Draining Kiss|p1a: Calmy
|-supereffective|p1a: Calmy
|-damage|p1a: Calmy|0 fnt
|-heal|p2a: Hatterene|71/100|[from] drain|[of] p1a: Calmy
|faint|p1a: Calmy
|-end|p1a: Calmy|Quark Drive|[silent]
|
|-heal|p2a: Hatterene|77/100|[from] item: Leftovers
|upkeep
|
|t:|1779941664
|switch|p1a: Mizer|Scizor, F|100/100
|turn|4
|
|t:|1779941673
|move|p1a: Mizer|Bullet Punch|p2a: Hatterene
|-supereffective|p2a: Hatterene
|-damage|p2a: Hatterene|22/100
|move|p2a: Hatterene|Mystical Fire|p1a: Mizer
|-supereffective|p1a: Mizer
|-damage|p1a: Mizer|0 fnt
|faint|p1a: Mizer
|
|-heal|p2a: Hatterene|28/100|[from] item: Leftovers
|upkeep
|
|t:|1779941677
|switch|p1a: Irne|Iron Treads|100/100
|-enditem|p1a: Irne|Booster Energy
|-activate|p1a: Irne|ability: Quark Drive|[fromitem]
|-start|p1a: Irne|quarkdrivespe
|turn|5
|
|t:|1779941686
|move|p1a: Irne|Iron Head|p2a: Hatterene
|-supereffective|p2a: Hatterene
|-damage|p2a: Hatterene|0 fnt
|faint|p2a: Hatterene
|
|upkeep
|
|t:|1779941691
|switch|p2a: Rotom|Rotom-Wash|100/100
|turn|6
|
|t:|1779941702
|move|p1a: Irne|Volt Switch|p2a: Rotom
|-damage|p2a: Rotom|92/100
|
|t:|1779941709
|-end|p1a: Irne|Quark Drive|[silent]
|switch|p1a: Mancarhookdoorhand|Dragapult, M|100/100|[from] Volt Switch
|move|p2a: Rotom|Hydro Pump|p1a: Mancarhookdoorhand
|-resisted|p1a: Mancarhookdoorhand
|-damage|p1a: Mancarhookdoorhand|75/100
|
|-heal|p2a: Rotom|98/100|[from] item: Leftovers
|upkeep
|turn|7
|
|t:|1779941718
|move|p1a: Mancarhookdoorhand|Dragon Pulse|p2a: Rotom
|-damage|p2a: Rotom|54/100
|move|p2a: Rotom|Thunder Wave|p1a: Mancarhookdoorhand
|-status|p1a: Mancarhookdoorhand|par
|
|-heal|p2a: Rotom|60/100|[from] item: Leftovers
|upkeep
|turn|8
|
|t:|1779941726
|move|p1a: Mancarhookdoorhand|Dragon Pulse|p2a: Rotom
|-damage|p2a: Rotom|18/100
|move|p2a: Rotom|Volt Switch|p1a: Mancarhookdoorhand
|-resisted|p1a: Mancarhookdoorhand
|-damage|p1a: Mancarhookdoorhand|58/100 par
|
|t:|1779941729
|switch|p2a: Meowscarada|Meowscarada, M|100/100|[from] Volt Switch
|
|upkeep
|turn|9
|
|t:|1779941737
|switch|p1a: Irne|Iron Treads|100/100
|move|p2a: Meowscarada|Triple Axel|p1a: Irne
|-start|p2a: Meowscarada|typechange|Ice|[from] ability: Protean
|-damage|p1a: Irne|88/100
|-damage|p1a: Irne|61/100
|-damage|p1a: Irne|24/100
|-hitcount|p1a: Irne|3
|
|upkeep
|turn|10
|
|t:|1779941747
|move|p2a: Meowscarada|Triple Axel|p1a: Irne
|-damage|p1a: Irne|10/100
|-damage|p1a: Irne|0 fnt
|faint|p1a: Irne
|-end|p1a: Irne|Quark Drive|[silent]
|-hitcount|p1: Irne|2
|
|upkeep
|
|t:|1779941754
|switch|p1a: Sam|Samurott-Hisui, F|100/100
|turn|11
|
|t:|1779941757
|switch|p2a: Rotom|Rotom-Wash|18/100
|move|p1a: Sam|Sacred Sword|p2a: Rotom
|-damage|p2a: Rotom|0 fnt
|faint|p2a: Rotom
|
|upkeep
|
|t:|1779941759
|switch|p2a: Meowscarada|Meowscarada, M|100/100
|turn|12
|
|t:|1779941766
|move|p1a: Sam|Sacred Sword|p2a: Meowscarada
|-supereffective|p2a: Meowscarada
|-damage|p2a: Meowscarada|0 fnt
|faint|p2a: Meowscarada
|
|upkeep
|
|t:|1779941772
|switch|p2a: Iron Moth|Iron Moth|100/100
|-enditem|p2a: Iron Moth|Booster Energy
|-activate|p2a: Iron Moth|ability: Quark Drive|[fromitem]
|-start|p2a: Iron Moth|quarkdrivespe
|turn|13
|
|t:|1779941779
|switch|p1a: Mancarhookdoorhand|Dragapult, M|58/100 par
|move|p2a: Iron Moth|Fiery Dance|p1a: Mancarhookdoorhand
|-resisted|p1a: Mancarhookdoorhand
|-damage|p1a: Mancarhookdoorhand|30/100 par
|-boost|p2a: Iron Moth|spa|1
|
|upkeep
|turn|14
|
|t:|1779941784
|move|p2a: Iron Moth|Fiery Dance|p1a: Mancarhookdoorhand
|-resisted|p1a: Mancarhookdoorhand
|-damage|p1a: Mancarhookdoorhand|0 fnt
|-boost|p2a: Iron Moth|spa|1
|faint|p1a: Mancarhookdoorhand
|
|upkeep
|
|t:|1779941787
|switch|p1a: Silo|Minior-Green|100/100
|-formechange|p1a: Silo|Minior-Meteor||[from] ability: Shields Down
|turn|15
|
|t:|1779941798
|-terastallize|p2a: Iron Moth|Grass
|move|p2a: Iron Moth|Energy Ball|p1a: Silo
|-enditem|p1a: Silo|Focus Sash
|-damage|p1a: Silo|1/100
|move|p1a: Silo|Shell Smash|p1a: Silo
|-unboost|p1a: Silo|def|1
|-unboost|p1a: Silo|spd|1
|-boost|p1a: Silo|atk|2
|-boost|p1a: Silo|spa|2
|-boost|p1a: Silo|spe|2
|
|-formechange|p1a: Silo|Minior-Green||[from] ability: Shields Down
|upkeep
|turn|16
|
|t:|1779941804
|move|p1a: Silo|Acrobatics|p2a: Iron Moth
|-supereffective|p2a: Iron Moth
|-damage|p2a: Iron Moth|0 fnt
|faint|p2a: Iron Moth
|-end|p2a: Iron Moth|Quark Drive|[silent]
|
|upkeep
|
|t:|1779941807
|switch|p2a: Corviknight|Corviknight, F|100/100
|turn|17
|
|t:|1779941810
|move|p1a: Silo|Rock Slide|p2a: Corviknight
|-crit|p2a: Corviknight
|-damage|p2a: Corviknight|37/100
|move|p2a: Corviknight|Roost|p2a: Corviknight
|-heal|p2a: Corviknight|87/100
|-singleturn|p2a: Corviknight|move: Roost
|
|upkeep
|turn|18
|
|t:|1779941816
|move|p1a: Silo|Rock Slide|p2a: Corviknight|[miss]
|-miss|p1a: Silo|p2a: Corviknight
|move|p2a: Corviknight|U-turn|p1a: Silo
|-resisted|p1a: Silo
|-damage|p1a: Silo|0 fnt
|faint|p1a: Silo
|
|t:|1779941824
|switch|p2a: Gliscor|Gliscor, F|100/100|[from] U-turn
|
|-status|p2a: Gliscor|tox|[from] item: Toxic Orb
|upkeep
|
|t:|1779941827
|switch|p1a: Sam|Samurott-Hisui, F|100/100
|turn|19
|
|t:|1779941832
|move|p2a: Gliscor|Protect|p2a: Gliscor
|-singleturn|p2a: Gliscor|Protect
|move|p1a: Sam|Razor Shell|p2a: Gliscor
|-activate|p2a: Gliscor|move: Protect
|
|upkeep
|turn|20
|
|t:|1779941834
|move|p1a: Sam|Razor Shell|p2a: Gliscor
|-supereffective|p2a: Gliscor
|-damage|p2a: Gliscor|41/100 tox
|-unboost|p2a: Gliscor|def|1
|move|p2a: Gliscor|Toxic|p1a: Sam
|-status|p1a: Sam|tox
|
|-damage|p1a: Sam|94/100 tox|[from] psn
|-heal|p2a: Gliscor|54/100 tox|[from] ability: Poison Heal
|upkeep
|turn|21
|
|t:|1779941838
|move|p2a: Gliscor|Protect|p2a: Gliscor
|-singleturn|p2a: Gliscor|Protect
|move|p1a: Sam|Razor Shell|p2a: Gliscor
|-activate|p2a: Gliscor|move: Protect
|
|-damage|p1a: Sam|82/100 tox|[from] psn
|-heal|p2a: Gliscor|66/100 tox|[from] ability: Poison Heal
|upkeep
|turn|22
|
|t:|1779941843
|move|p2a: Gliscor|Protect||[still]
|-fail|p2a: Gliscor
|move|p1a: Sam|Razor Shell|p2a: Gliscor|[miss]
|-miss|p1a: Sam|p2a: Gliscor
|
|-damage|p1a: Sam|63/100 tox|[from] psn
|-heal|p2a: Gliscor|78/100 tox|[from] ability: Poison Heal
|upkeep
|turn|23
|
|t:|1779941851
|-terastallize|p1a: Sam|Poison
|move|p1a: Sam|Razor Shell|p2a: Gliscor
|-supereffective|p2a: Gliscor
|-damage|p2a: Gliscor|0 fnt
|faint|p2a: Gliscor
|
|-damage|p1a: Sam|38/100 tox|[from] psn
|upkeep
|
|t:|1779941855
|switch|p2a: Corviknight|Corviknight, F|87/100
|turn|24
|
|t:|1779941861
|move|p1a: Sam|Razor Shell|p2a: Corviknight
|-crit|p2a: Corviknight
|-damage|p2a: Corviknight|42/100
|-ability|p2a: Corviknight|Mirror Armor
|-unboost|p1a: Sam|def|1
|-damage|p1a: Sam|22/100 tox|[from] item: Rocky Helmet|[of] p2a: Corviknight
|move|p2a: Corviknight|Roost|p2a: Corviknight
|-heal|p2a: Corviknight|92/100
|-singleturn|p2a: Corviknight|move: Roost
|
|-damage|p1a: Sam|0 fnt|[from] psn
|faint|p1a: Sam
|
|win|TempestXXI
|raw|spindle pit's rating: 1298 &rarr; <strong>1272</strong><br />(-26 for losing)
|raw|TempestXXI's rating: 1281 &rarr; <strong>1307</strong><br />(+26 for winning)
|l|☆spindle pit
|player|p1|
|l|☆TempestXXI
|player|p2|
