|j|☆Diluer le Sal
|j|☆Rubicouss
|t:|1779860075
|gametype|singles
|player|p1|Diluer le Sal|waitress-gen4|1342
|player|p2|Rubicouss|gambler|1374
|gen|9
|tier|[Gen 9] OU
|rated|
|rule|HP Percentage Mod: HP is shown in percentages
|rule|Endless Battle Clause: Forcing endless battles is banned
|rule|Species Clause: Limit one of each Pokémon
|rule|OHKO Clause: OHKO moves are banned
|rule|Evasion Items Clause: Evasion items are banned
|rule|Evasion Moves Clause: Evasion moves are banned
|rule|Evasion Abilities Clause: Evasion abilities are banned
|rule|Sleep Moves Clause: Sleep-inducing moves are banned
|clearpoke
|poke|p1|Skeledirge, F|
|poke|p1|Cinderace, F|
|poke|p1|Cresselia, F|
|poke|p1|Ribombee, M|
|poke|p1|Empoleon, F|
|poke|p1|Kingambit, M|
|poke|p2|Staraptor, M|
|poke|p2|Golem, M|
|poke|p2|Weezing-Galar, M|
|poke|p2|Regieleki|
|poke|p2|Talonflame, M|
|poke|p2|Kingambit, F|
|teampreview
|inactive|Battle timer is ON: inactive players will automatically lose when time's up. (requested by Diluer le Sal)
|
|t:|1779860092
|teamsize|p1|6
|teamsize|p2|6
|start
|switch|p1a: Ribombee|Ribombee, M|100/100
|switch|p2a: Golem|Golem, M|100/100
|turn|1
|
|t:|1779860104
|move|p1a: Ribombee|Sticky Web|p2a: Golem
|-sidestart|p2: Rubicouss|move: Sticky Web
|move|p2a: Golem|Stone Edge|p1a: Ribombee
|-supereffective|p1a: Ribombee
|-enditem|p1a: Ribombee|Focus Sash
|-damage|p1a: Ribombee|1/100
|
|upkeep
|turn|2
|
|t:|1779860108
|move|p1a: Ribombee|Stun Spore|p2a: Golem
|-status|p2a: Golem|par
|move|p2a: Golem|Earthquake|p1a: Ribombee
|-resisted|p1a: Ribombee
|-damage|p1a: Ribombee|0 fnt
|faint|p1a: Ribombee
|
|upkeep
|
|t:|1779860115
|switch|p1a: Empoleon|Empoleon, F|100/100
|turn|3
|
|t:|1779860118
|-terastallize|p1a: Empoleon|Water
|move|p1a: Empoleon|Surf|p2a: Golem
|-supereffective|p2a: Golem
|-ability|p2a: Golem|Sturdy
|-damage|p2a: Golem|1/100 par
|move|p2a: Golem|Earthquake|p1a: Empoleon
|-damage|p1a: Empoleon|45/100
|
|upkeep
|turn|4
|-enditem|p2a: Golem|Custap Berry|[eat]
|-activate|p2a: Golem|item: Custap Berry|[consumed]
|
|t:|1779860127
|move|p1a: Empoleon|Vacuum Wave|p2a: Golem
|-supereffective|p2a: Golem
|-damage|p2a: Golem|0 fnt
|faint|p2a: Golem
|
|upkeep
|
|t:|1779860136
|switch|p2a: Regieleki|Regieleki|100/100
|-activate|p2a: Regieleki|move: Sticky Web
|-unboost|p2a: Regieleki|spe|1
|turn|5
|
|t:|1779860144
|switch|p1a: Skeledirge|Skeledirge, F|100/100
|move|p2a: Regieleki|Light Screen|p2a: Regieleki
|-sidestart|p2: Rubicouss|move: Light Screen
|
|upkeep
|turn|6
|
|t:|1779860160
|switch|p2a: Kingambit|Kingambit, F|100/100
|-activate|p2a: Kingambit|move: Sticky Web
|-unboost|p2a: Kingambit|spe|1
|-activate|p2a: Kingambit|ability: Supreme Overlord
|-start|p2a: Kingambit|fallen1|[silent]
|move|p1a: Skeledirge|Torch Song|p2a: Kingambit
|-supereffective|p2a: Kingambit
|-damage|p2a: Kingambit|71/100
|-boost|p1a: Skeledirge|spa|1
|
|-heal|p2a: Kingambit|77/100|[from] item: Leftovers
|upkeep
|turn|7
|
|t:|1779860169
|-end|p2a: Kingambit|fallen1|[silent]
|switch|p2a: Talonflame|Talonflame, M|100/100
|move|p1a: Skeledirge|Will-O-Wisp|p2a: Talonflame
|-immune|p2a: Talonflame
|
|upkeep
|turn|8
|
|t:|1779860178
|switch|p1a: Empoleon|Empoleon, F, tera:Water|45/100
|move|p2a: Talonflame|Brave Bird|p1a: Empoleon
|-damage|p1a: Empoleon|0 fnt
|faint|p1a: Empoleon
|-damage|p2a: Talonflame|82/100|[from] Recoil
|
|upkeep
|
|t:|1779860183
|switch|p1a: Cinderace|Cinderace, F|100/100
|turn|9
|
|t:|1779860195
|move|p2a: Talonflame|Flare Blitz|p1a: Cinderace
|-resisted|p1a: Cinderace
|-damage|p1a: Cinderace|73/100
|-damage|p2a: Talonflame|72/100|[from] Recoil
|move|p1a: Cinderace|Court Change|p1a: Cinderace
|-swapsideconditions
|-activate|p1a: Cinderace|move: Court Change
|
|upkeep
|turn|10
|
|t:|1779860207
|switch|p2a: Staraptor|Staraptor, M|100/100
|-ability|p2a: Staraptor|Intimidate|boost
|-unboost|p1a: Cinderace|atk|1
|move|p1a: Cinderace|U-turn|p2a: Staraptor
|-resisted|p2a: Staraptor
|-damage|p2a: Staraptor|93/100
|
|t:|1779860211
|switch|p1a: Skeledirge|Skeledirge, F|100/100|[from] U-turn
|
|upkeep
|turn|11
|
|t:|1779860221
|switch|p2a: Talonflame|Talonflame, M|72/100
|move|p1a: Skeledirge|Torch Song|p2a: Talonflame
|-resisted|p2a: Talonflame
|-damage|p2a: Talonflame|49/100
|-boost|p1a: Skeledirge|spa|1
|
|upkeep
|turn|12
|
|t:|1779860228
|switch|p1a: Cresselia|Cresselia, F|100/100
|move|p2a: Talonflame|Brave Bird|p1a: Cresselia
|-damage|p1a: Cresselia|75/100
|-damage|p2a: Talonflame|37/100|[from] Recoil
|
|-sideend|p1: Diluer le Sal|move: Light Screen
|upkeep
|turn|13
|
|t:|1779860234
|switch|p2a: Staraptor|Staraptor, M|93/100
|-ability|p2a: Staraptor|Intimidate|boost
|-unboost|p1a: Cresselia|atk|1
|move|p1a: Cresselia|Trick Room|p1a: Cresselia
|-fieldstart|move: Trick Room|[of] p1a: Cresselia
|
|upkeep
|turn|14
|
|t:|1779860241
|move|p1a: Cresselia|Lunar Dance|p1a: Cresselia
|faint|p1a: Cresselia
|move|p2a: Staraptor|Final Gambit|p1: Cresselia|[notarget]
|-fail|p2a: Staraptor
|
|upkeep
|
|t:|1779860248
|switch|p1a: Kingambit|Kingambit, M|100/100
|-activate|p1a: Kingambit|move: Sticky Web
|-unboost|p1a: Kingambit|spe|1
|-ability|p1a: Kingambit|Defiant|boost
|-boost|p1a: Kingambit|atk|2
|turn|15
|
|t:|1779860254
|switch|p2a: Talonflame|Talonflame, M|37/100
|move|p1a: Kingambit|Iron Head|p2a: Talonflame
|-resisted|p2a: Talonflame
|-damage|p2a: Talonflame|0 fnt
|faint|p2a: Talonflame
|
|upkeep
|inactive|Rubicouss has 120 seconds left.
|
|t:|1779860284
|switch|p2a: Regieleki|Regieleki|100/100
|turn|16
|
|t:|1779860287
|move|p1a: Kingambit|Kowtow Cleave|p2a: Regieleki
|-damage|p2a: Regieleki|0 fnt
|faint|p2a: Regieleki
|
|upkeep
|
|t:|1779860295
|switch|p2a: Kingambit|Kingambit, F|77/100
|-activate|p2a: Kingambit|ability: Supreme Overlord
|-start|p2a: Kingambit|fallen3|[silent]
|turn|17
|
|t:|1779860299
|move|p1a: Kingambit|Low Kick|p2a: Kingambit
|-supereffective|p2a: Kingambit
|-damage|p2a: Kingambit|0 fnt
|faint|p2a: Kingambit
|-end|p2a: Kingambit|fallen3|[silent]
|
|-fieldend|move: Trick Room
|upkeep
|-message|Rubicouss forfeited.
|
|win|Diluer le Sal
|raw|Diluer le Sal's rating: 1342 &rarr; <strong>1364</strong><br />(+22 for winning)
|raw|Rubicouss's rating: 1374 &rarr; <strong>1352</strong><br />(-22 for losing)
|l|☆Rubicouss
|player|p2|
|l|☆Diluer le Sal
|player|p1|
