|j|☆glimpseman
|j|☆whisperingcloth
|t:|1779860199
|gametype|singles
|player|p1|glimpseman|#wcor2025canada|1549
|player|p2|whisperingcloth|170|1473
|gen|9
|tier|[Gen 9] OU
|rated|
|rule|HP Percentage Mod: HP is shown in percentages
|rule|Endless Battle Clause: Forcing endless battles is banned
|rule|Species Clause: Limit one of each Pokémon
|rule|OHKO Clause: OHKO moves are banned
|rule|Evasion Items Clause: Evasion items are banned
|rule|Evasion Moves Clause: Evasion moves are banned
|rule|Evasion Abilities Clause: Evasion abilities are banned
|rule|Sleep Moves Clause: Sleep-inducing moves are banned
|clearpoke
|poke|p1|Gliscor, M|
|poke|p1|Heatran, M|
|poke|p1|Weezing-Galar, M|
|poke|p1|Zamazenta-*|
|poke|p1|Ogerpon, F|
|poke|p1|Samurott-Hisui, M|
|poke|p2|Scizor, F|
|poke|p2|Deoxys-Speed|
|poke|p2|Garganacl, F|
|poke|p2|Volcanion|
|poke|p2|Great Tusk|
|poke|p2|Zapdos|
|teampreview
|inactive|Battle timer is ON: inactive players will automatically lose when time's up. (requested by whisperingcloth)
|inactive|glimpseman also wants the timer to be on.
|
|t:|1779860208
|teamsize|p1|6
|teamsize|p2|6
|start
|switch|p1a: Samurott|Samurott-Hisui, M|100/100
|switch|p2a: Volcanion|Volcanion|100/100
|turn|1
|
|t:|1779860213
|switch|p2a: Zapdos|Zapdos|100/100
|move|p1a: Samurott|Knock Off|p2a: Zapdos
|-damage|p2a: Zapdos|77/100
|-status|p1a: Samurott|par|[from] ability: Static|[of] p2a: Zapdos
|-enditem|p2a: Zapdos|Heavy-Duty Boots|[from] move: Knock Off|[of] p1a: Samurott
|
|upkeep
|turn|2
|
|t:|1779860217
|switch|p1a: Gliscor|Gliscor, M|100/100
|move|p2a: Zapdos|Volt Switch|p1a: Gliscor
|-immune|p1a: Gliscor
|
|-status|p1a: Gliscor|tox|[from] item: Toxic Orb
|upkeep
|turn|3
|
|t:|1779860221
|switch|p2a: Great Tusk|Great Tusk|100/100
|move|p1a: Gliscor|U-turn|p2a: Great Tusk
|-resisted|p2a: Great Tusk
|-damage|p2a: Great Tusk|95/100
|
|t:|1779860225
|switch|p1a: Ogerpon|Ogerpon, F|100/100|[from] U-turn
|
|upkeep
|turn|4
|
|t:|1779860253
|-end|p2a: Great Tusk|Protosynthesis|[silent]
|switch|p2a: Zapdos|Zapdos|77/100
|move|p1a: Ogerpon|Knock Off|p2a: Zapdos
|-damage|p2a: Zapdos|55/100
|
|upkeep
|turn|5
|
|t:|1779860260
|switch|p1a: Gliscor|Gliscor, M|100/100 tox
|move|p2a: Zapdos|Roost|p2a: Zapdos
|-heal|p2a: Zapdos|100/100
|-singleturn|p2a: Zapdos|move: Roost
|
|upkeep
|turn|6
|
|t:|1779860262
|switch|p2a: Great Tusk|Great Tusk|95/100
|move|p1a: Gliscor|Toxic|p2a: Great Tusk
|-status|p2a: Great Tusk|tox
|
|-damage|p2a: Great Tusk|89/100 tox|[from] psn
|upkeep
|turn|7
|
|t:|1779860266
|move|p2a: Great Tusk|Ice Spinner|p1a: Gliscor
|-supereffective|p1a: Gliscor
|-damage|p1a: Gliscor|18/100 tox
|move|p1a: Gliscor|U-turn|p2a: Great Tusk
|-resisted|p2a: Great Tusk
|-damage|p2a: Great Tusk|84/100 tox
|
|t:|1779860272
|switch|p1a: Heatran|Heatran, M|100/100|[from] U-turn
|-item|p1a: Heatran|Air Balloon
|
|-damage|p2a: Great Tusk|71/100 tox|[from] psn
|upkeep
|turn|8
|
|t:|1779860279
|-end|p2a: Great Tusk|Protosynthesis|[silent]
|switch|p2a: Volcanion|Volcanion|100/100
|move|p1a: Heatran|Magma Storm|p2a: Volcanion
|-resisted|p2a: Volcanion
|-damage|p2a: Volcanion|88/100
|-activate|p2a: Volcanion|move: Magma Storm|[of] p1a: Heatran
|
|-damage|p2a: Volcanion|75/100|[from] move: Magma Storm|[partiallytrapped]
|upkeep
|turn|9
|
|t:|1779860289
|switch|p1a: Samurott|Samurott-Hisui, M|100/100 par
|move|p2a: Volcanion|Steam Eruption|p1a: Samurott
|-resisted|p1a: Samurott
|-damage|p1a: Samurott|85/100 par
|
|-end|p2a: Volcanion|Magma Storm|[partiallytrapped]|[silent]
|upkeep
|turn|10
|inactive|whisperingcloth has 120 seconds left.
|inactive|whisperingcloth has 90 seconds left.
|
|t:|1779860358
|switch|p2a: Scizor|Scizor, F|100/100
|switch|p1a: Gliscor|Gliscor, M|18/100 tox
|
|-heal|p1a: Gliscor|30/100 tox|[from] ability: Poison Heal
|upkeep
|turn|11
|inactive|whisperingcloth has 90 seconds left.
|
|t:|1779860365
|move|p1a: Gliscor|Protect|p1a: Gliscor
|-singleturn|p1a: Gliscor|Protect
|move|p2a: Scizor|Knock Off|p1a: Gliscor
|-activate|p1a: Gliscor|move: Protect
|
|-heal|p1a: Gliscor|43/100 tox|[from] ability: Poison Heal
|upkeep
|turn|12
|
|t:|1779860369
|move|p2a: Scizor|Knock Off|p1a: Gliscor
|-damage|p1a: Gliscor|0 fnt
|-enditem|p1a: Gliscor|Toxic Orb|[from] move: Knock Off|[of] p2a: Scizor
|faint|p1a: Gliscor
|
|upkeep
|
|t:|1779860373
|switch|p1a: Zamazenta|Zamazenta|100/100
|-ability|p1a: Zamazenta|Dauntless Shield|boost
|-boost|p1a: Zamazenta|def|1
|turn|13
|
|t:|1779860379
|switch|p1a: Heatran|Heatran, M|100/100
|-item|p1a: Heatran|Air Balloon
|switch|p2a: Zapdos|Zapdos|100/100
|
|upkeep
|turn|14
|
|t:|1779860381
|move|p1a: Heatran|Magma Storm|p2a: Zapdos
|-damage|p2a: Zapdos|49/100
|-activate|p2a: Zapdos|move: Magma Storm|[of] p1a: Heatran
|move|p2a: Zapdos|Volt Switch|p1a: Heatran
|-damage|p1a: Heatran|72/100
|-enditem|p1a: Heatran|Air Balloon
|
|t:|1779860383
|switch|p2a: Volcanion|Volcanion|75/100|[from] Volt Switch
|
|upkeep
|turn|15
|
|t:|1779860386
|switch|p1a: Samurott|Samurott-Hisui, M|85/100 par
|move|p2a: Volcanion|Steam Eruption|p1a: Samurott
|-resisted|p1a: Samurott
|-damage|p1a: Samurott|69/100 par
|
|upkeep
|turn|16
|
|t:|1779860391
|switch|p2a: Zapdos|Zapdos|49/100
|switch|p1a: Heatran|Heatran, M|72/100
|
|upkeep
|turn|17
|
|t:|1779860395
|switch|p2a: Volcanion|Volcanion|75/100
|move|p1a: Heatran|Magma Storm|p2a: Volcanion
|-resisted|p2a: Volcanion
|-damage|p2a: Volcanion|63/100
|-activate|p2a: Volcanion|move: Magma Storm|[of] p1a: Heatran
|
|-damage|p2a: Volcanion|50/100|[from] move: Magma Storm|[partiallytrapped]
|upkeep
|turn|18
|
|t:|1779860398
|move|p1a: Heatran|Earth Power|p2a: Volcanion
|-supereffective|p2a: Volcanion
|-enditem|p2a: Volcanion|Shuca Berry|[eat]
|-enditem|p2a: Volcanion|Shuca Berry|[weaken]
|-damage|p2a: Volcanion|16/100
|move|p2a: Volcanion|Steam Eruption|p1a: Heatran
|-supereffective|p1a: Heatran
|-damage|p1a: Heatran|0 fnt
|faint|p1a: Heatran
|
|-end|p2a: Volcanion|Magma Storm|[partiallytrapped]|[silent]
|upkeep
|
|t:|1779860403
|switch|p1a: Ogerpon|Ogerpon, F|100/100
|turn|19
|
|t:|1779860415
|move|p1a: Ogerpon|Ivy Cudgel|p2a: Volcanion
|-damage|p2a: Volcanion|0 fnt
|faint|p2a: Volcanion
|
|upkeep
|
|t:|1779860419
|switch|p2a: Scizor|Scizor, F|100/100
|turn|20
|
|t:|1779860421
|switch|p1a: Zamazenta|Zamazenta|100/100
|move|p2a: Scizor|U-turn|p1a: Zamazenta
|-resisted|p1a: Zamazenta
|-damage|p1a: Zamazenta|77/100
|
|t:|1779860424
|switch|p2a: Zapdos|Zapdos|49/100|[from] U-turn
|
|-heal|p1a: Zamazenta|83/100|[from] item: Leftovers
|upkeep
|turn|21
|
|t:|1779860431
|move|p1a: Zamazenta|Substitute|p1a: Zamazenta
|-start|p1a: Zamazenta|Substitute
|-damage|p1a: Zamazenta|59/100
|move|p2a: Zapdos|Roost|p2a: Zapdos
|-heal|p2a: Zapdos|99/100
|-singleturn|p2a: Zapdos|move: Roost
|
|-heal|p1a: Zamazenta|65/100|[from] item: Leftovers
|upkeep
|turn|22
|
|t:|1779860434
|move|p1a: Zamazenta|Iron Defense|p1a: Zamazenta
|-boost|p1a: Zamazenta|def|2
|move|p2a: Zapdos|Volt Switch|p1a: Zamazenta
|-activate|p1a: Zamazenta|move: Substitute|[damage]
|
|t:|1779860439
|switch|p2a: Deoxys|Deoxys-Speed|100/100|[from] Volt Switch
|-ability|p2a: Deoxys|Pressure
|
|-heal|p1a: Zamazenta|71/100|[from] item: Leftovers
|upkeep
|turn|23
|
|t:|1779860442
|move|p2a: Deoxys|Psycho Boost|p1a: Zamazenta
|-supereffective|p1a: Zamazenta
|-end|p1a: Zamazenta|Substitute
|-unboost|p2a: Deoxys|spa|2
|-enditem|p2a: Deoxys|Eject Pack
|
|t:|1779860444
|switch|p2a: Zapdos|Zapdos|99/100
|move|p1a: Zamazenta|Crunch|p2a: Zapdos
|-damage|p2a: Zapdos|84/100
|
|-heal|p1a: Zamazenta|77/100|[from] item: Leftovers
|upkeep
|turn|24
|
|t:|1779860447
|move|p1a: Zamazenta|Substitute|p1a: Zamazenta
|-start|p1a: Zamazenta|Substitute
|-damage|p1a: Zamazenta|52/100
|move|p2a: Zapdos|Hurricane|p1a: Zamazenta
|-supereffective|p1a: Zamazenta
|-end|p1a: Zamazenta|Substitute
|
|-heal|p1a: Zamazenta|59/100|[from] item: Leftovers
|upkeep
|turn|25
|
|t:|1779860449
|switch|p1a: Weezing|Weezing-Galar, M|100/100
|-ability|p1a: Weezing|Neutralizing Gas
|move|p2a: Zapdos|Hurricane|p1a: Weezing|[miss]
|-miss|p2a: Zapdos|p1a: Weezing
|
|upkeep
|turn|26
|
|t:|1779860453
|-end|p1a: Weezing|ability: Neutralizing Gas
|switch|p1a: Ogerpon|Ogerpon, F|100/100
|move|p2a: Zapdos|Volt Switch|p1a: Ogerpon
|-resisted|p1a: Ogerpon
|-damage|p1a: Ogerpon|84/100
|
|t:|1779860456
|switch|p2a: Scizor|Scizor, F|100/100|[from] Volt Switch
|
|upkeep
|turn|27
|
|t:|1779860460
|switch|p1a: Weezing|Weezing-Galar, M|100/100
|-ability|p1a: Weezing|Neutralizing Gas
|move|p2a: Scizor|U-turn|p1a: Weezing
|-resisted|p1a: Weezing
|-damage|p1a: Weezing|91/100
|
|t:|1779860465
|switch|p2a: Deoxys|Deoxys-Speed|100/100|[from] U-turn
|
|upkeep
|turn|28
|
|t:|1779860467
|-end|p1a: Weezing|ability: Neutralizing Gas
|-ability|p2a: Deoxys|Pressure
|switch|p1a: Samurott|Samurott-Hisui, M|69/100 par
|move|p2a: Deoxys|Psycho Boost|p1a: Samurott
|-immune|p1a: Samurott
|
|upkeep
|turn|29
|
|t:|1779860474
|switch|p2a: Zapdos|Zapdos|84/100
|cant|p1a: Samurott|par
|
|upkeep
|turn|30
|
|t:|1779860478
|switch|p1a: Ogerpon|Ogerpon, F|84/100
|move|p2a: Zapdos|Volt Switch|p1a: Ogerpon
|-resisted|p1a: Ogerpon
|-damage|p1a: Ogerpon|68/100
|
|t:|1779860481
|switch|p2a: Scizor|Scizor, F|100/100|[from] Volt Switch
|
|upkeep
|turn|31
|
|t:|1779860483
|switch|p1a: Samurott|Samurott-Hisui, M|69/100 par
|move|p2a: Scizor|U-turn|p1a: Samurott
|-supereffective|p1a: Samurott
|-damage|p1a: Samurott|0 fnt
|faint|p1a: Samurott
|-message|glimpseman forfeited.
|
|win|whisperingcloth
|raw|glimpseman's rating: 1549 &rarr; <strong>1525</strong><br />(-24 for losing)
|raw|whisperingcloth's rating: 1473 &rarr; <strong>1497</strong><br />(+24 for winning)
|l|☆whisperingcloth
|player|p2|
|l|☆glimpseman
|player|p1|
|j|☆glimpseman
|player|p1|glimpseman|#wcor2025canada|
|l|☆glimpseman
|player|p1|
