|j|☆Moltov91
|j|☆OctopopsYo
|t:|1779856105
|gametype|singles
|player|p1|Moltov91|101|1346
|player|p2|OctopopsYo|iris-gen5bw2|1449
|gen|9
|tier|[Gen 9] OU
|rated|
|rule|HP Percentage Mod: HP is shown in percentages
|rule|Endless Battle Clause: Forcing endless battles is banned
|rule|Species Clause: Limit one of each Pokémon
|rule|OHKO Clause: OHKO moves are banned
|rule|Evasion Items Clause: Evasion items are banned
|rule|Evasion Moves Clause: Evasion moves are banned
|rule|Evasion Abilities Clause: Evasion abilities are banned
|rule|Sleep Moves Clause: Sleep-inducing moves are banned
|clearpoke
|poke|p1|Dragapult, F|
|poke|p1|Zamazenta-*|
|poke|p1|Darkrai|
|poke|p1|Kyurem|
|poke|p1|Scizor, M|
|poke|p1|Azumarill, F|
|poke|p2|Torkoal, M|
|poke|p2|Charizard, F|
|poke|p2|Walking Wake|
|poke|p2|Raging Bolt|
|poke|p2|Lilligant-Hisui, F|
|poke|p2|Hatterene, F|
|teampreview
|inactive|Battle timer is ON: inactive players will automatically lose when time's up. (requested by Moltov91)
|
|t:|1779856117
|teamsize|p1|6
|teamsize|p2|6
|start
|switch|p1a: Azumarill|Azumarill, F|100/100
|switch|p2a: Torkoal|Torkoal, M|100/100
|-weather|SunnyDay|[from] ability: Drought|[of] p2a: Torkoal
|turn|1
|
|t:|1779856124
|move|p1a: Azumarill|Liquidation|p2a: Torkoal
|-supereffective|p2a: Torkoal
|-damage|p2a: Torkoal|48/100
|-damage|p1a: Azumarill|91/100|[from] item: Life Orb
|move|p2a: Torkoal|Clear Smog|p1a: Azumarill
|-supereffective|p1a: Azumarill
|-damage|p1a: Azumarill|72/100
|-clearboost|p1a: Azumarill
|
|-weather|SunnyDay|[upkeep]
|upkeep
|turn|2
|
|t:|1779856138
|switch|p2a: Raging Bolt|Raging Bolt|100/100
|-activate|p2a: Raging Bolt|ability: Protosynthesis
|-start|p2a: Raging Bolt|protosynthesisspa
|move|p1a: Azumarill|Liquidation|p2a: Raging Bolt
|-resisted|p2a: Raging Bolt
|-damage|p2a: Raging Bolt|84/100
|-unboost|p2a: Raging Bolt|def|1
|-damage|p1a: Azumarill|62/100|[from] item: Life Orb
|
|-weather|SunnyDay|[upkeep]
|upkeep
|turn|3
|
|t:|1779856163
|move|p2a: Raging Bolt|Thunderbolt|p1a: Azumarill
|-supereffective|p1a: Azumarill
|-damage|p1a: Azumarill|0 fnt
|faint|p1a: Azumarill
|
|-weather|SunnyDay|[upkeep]
|upkeep
|
|t:|1779856169
|switch|p1a: Zamazenta|Zamazenta|100/100
|-ability|p1a: Zamazenta|Dauntless Shield|boost
|-boost|p1a: Zamazenta|def|1
|turn|4
|
|t:|1779856173
|move|p1a: Zamazenta|Close Combat|p2a: Raging Bolt
|-damage|p2a: Raging Bolt|0 fnt
|-unboost|p1a: Zamazenta|def|1
|-unboost|p1a: Zamazenta|spd|1
|faint|p2a: Raging Bolt
|-end|p2a: Raging Bolt|Protosynthesis|[silent]
|-damage|p1a: Zamazenta|91/100|[from] item: Life Orb
|
|-weather|SunnyDay|[upkeep]
|upkeep
|
|t:|1779856182
|switch|p2a: Walking Wake|Walking Wake|100/100
|-activate|p2a: Walking Wake|ability: Protosynthesis
|-start|p2a: Walking Wake|protosynthesisspe
|turn|5
|
|t:|1779856201
|-terastallize|p2a: Walking Wake|Water
|move|p2a: Walking Wake|Hydro Steam|p1a: Zamazenta
|-damage|p1a: Zamazenta|0 fnt
|faint|p1a: Zamazenta
|
|-weather|SunnyDay|[upkeep]
|upkeep
|
|t:|1779856214
|switch|p1a: Dragapult|Dragapult, F|100/100
|turn|6
|
|t:|1779856219
|-end|p2a: Walking Wake|Protosynthesis|[silent]
|switch|p2a: Hatterene|Hatterene, F|100/100
|-terastallize|p1a: Dragapult|Electric
|move|p1a: Dragapult|Thunderbolt|p2a: Hatterene
|-damage|p2a: Hatterene|46/100
|-enditem|p2a: Hatterene|Eject Button
|-damage|p1a: Dragapult|91/100|[from] item: Life Orb
|
|t:|1779856233
|switch|p2a: Lilligant|Lilligant-Hisui, F|100/100
|
|-weather|SunnyDay|[upkeep]
|upkeep
|turn|7
|
|t:|1779856241
|move|p2a: Lilligant|Solar Blade||[still]
|-prepare|p2a: Lilligant|Solar Blade
|-anim|p2a: Lilligant|Solar Blade|p1a: Dragapult
|-damage|p1a: Dragapult|0 fnt
|faint|p1a: Dragapult
|-damage|p2a: Lilligant|91/100|[from] item: Life Orb
|
|-weather|SunnyDay|[upkeep]
|upkeep
|
|t:|1779856254
|switch|p1a: Scizor|Scizor, M|100/100
|turn|8
|
|t:|1779856263
|switch|p2a: Charizard|Charizard, F|100/100
|move|p1a: Scizor|Dual Wingbeat|p2a: Charizard
|-damage|p2a: Charizard|52/100
|-crit|p2a: Charizard
|-damage|p2a: Charizard|0 fnt
|faint|p2a: Charizard
|-hitcount|p2: Charizard|2
|
|-weather|none
|upkeep
|
|t:|1779856272
|switch|p2a: Torkoal|Torkoal, M|48/100
|-weather|SunnyDay|[from] ability: Drought|[of] p2a: Torkoal
|turn|9
|
|t:|1779856275
|move|p1a: Scizor|Dual Wingbeat|p2a: Torkoal
|-damage|p2a: Torkoal|27/100
|-damage|p2a: Torkoal|4/100
|-hitcount|p2a: Torkoal|2
|move|p2a: Torkoal|Lava Plume|p1a: Scizor
|-supereffective|p1a: Scizor
|-damage|p1a: Scizor|0 fnt
|faint|p1a: Scizor
|
|-weather|SunnyDay|[upkeep]
|upkeep
|
|t:|1779856281
|switch|p1a: Kyurem|Kyurem|100/100
|-ability|p1a: Kyurem|Pressure
|turn|10
|
|t:|1779856288
|move|p1a: Kyurem|Freeze-Dry|p2a: Torkoal
|-resisted|p2a: Torkoal
|-damage|p2a: Torkoal|0 fnt
|faint|p2a: Torkoal
|
|-weather|SunnyDay|[upkeep]
|upkeep
|
|t:|1779856294
|switch|p2a: Lilligant|Lilligant-Hisui, F|91/100
|turn|11
|
|t:|1779856299
|move|p2a: Lilligant|Close Combat|p1a: Kyurem
|-supereffective|p1a: Kyurem
|-damage|p1a: Kyurem|0 fnt
|-unboost|p2a: Lilligant|def|1
|-unboost|p2a: Lilligant|spd|1
|faint|p1a: Kyurem
|-damage|p2a: Lilligant|81/100|[from] item: Life Orb
|
|-weather|SunnyDay|[upkeep]
|upkeep
|
|t:|1779856302
|switch|p1a: Darkrai|Darkrai|100/100
|turn|12
|
|t:|1779856310
|move|p2a: Lilligant|Close Combat|p1a: Darkrai
|-supereffective|p1a: Darkrai
|-damage|p1a: Darkrai|0 fnt
|-unboost|p2a: Lilligant|def|1
|-unboost|p2a: Lilligant|spd|1
|faint|p1a: Darkrai
|-damage|p2a: Lilligant|71/100|[from] item: Life Orb
|
|win|OctopopsYo
|raw|Moltov91's rating: 1346 &rarr; <strong>1332</strong><br />(-14 for losing)
|raw|OctopopsYo's rating: 1449 &rarr; <strong>1463</strong><br />(+14 for winning)
|l|☆OctopopsYo
|player|p2|
|l|☆Moltov91
|player|p1|
