|j|☆BaxleyTheBomb
|j|☆TheRussianKid101
|t:|1779971011
|gametype|singles
|player|p1|BaxleyTheBomb|janitor|1127
|player|p2|TheRussianKid101|hiker-gen4|1104
|gen|9
|tier|[Gen 9] OU
|rated|
|rule|HP Percentage Mod: HP is shown in percentages
|rule|Endless Battle Clause: Forcing endless battles is banned
|rule|Species Clause: Limit one of each Pokémon
|rule|OHKO Clause: OHKO moves are banned
|rule|Evasion Items Clause: Evasion items are banned
|rule|Evasion Moves Clause: Evasion moves are banned
|rule|Evasion Abilities Clause: Evasion abilities are banned
|rule|Sleep Moves Clause: Sleep-inducing moves are banned
|clearpoke
|poke|p1|Milotic, M|
|poke|p1|Sceptile, F|
|poke|p1|Dusclops, M|
|poke|p1|Seviper, F|
|poke|p1|Deoxys-Speed|
|poke|p1|Salamence, M|
|poke|p2|Blaziken, F|
|poke|p2|Ninetales, F|
|poke|p2|Venusaur, M|
|poke|p2|Hatterene, F|
|poke|p2|Great Tusk|
|poke|p2|Walking Wake|
|teampreview
|
|t:|1779971043
|teamsize|p1|6
|teamsize|p2|6
|start
|switch|p1a: Deoxys|Deoxys-Speed, shiny|100/100
|switch|p2a: Ninetales|Ninetales, F|100/100
|-ability|p1a: Deoxys|Pressure
|-weather|SunnyDay|[from] ability: Drought|[of] p2a: Ninetales
|turn|1
|inactive|Battle timer is ON: inactive players will automatically lose when time's up. (requested by TheRussianKid101)
|
|t:|1779971058
|move|p1a: Deoxys|Knock Off|p2a: Ninetales
|-damage|p2a: Ninetales|54/100
|-enditem|p2a: Ninetales|Heat Rock|[from] move: Knock Off|[of] p1a: Deoxys
|move|p2a: Ninetales|Encore|p1a: Deoxys
|-start|p1a: Deoxys|Encore
|
|-weather|SunnyDay|[upkeep]
|upkeep
|turn|2
|
|t:|1779971071
|switch|p1a: Salamence|Salamence, M, shiny|100/100
|move|p2a: Ninetales|Flamethrower|p1a: Salamence
|-resisted|p1a: Salamence
|-damage|p1a: Salamence|77/100
|
|-weather|SunnyDay|[upkeep]
|upkeep
|turn|3
|
|t:|1779971082
|move|p2a: Ninetales|Memento|p1a: Salamence
|-unboost|p1a: Salamence|atk|2
|-unboost|p1a: Salamence|spa|2
|faint|p2a: Ninetales
|move|p1a: Salamence|Dragon Dance|p1a: Salamence
|-boost|p1a: Salamence|atk|1
|-boost|p1a: Salamence|spe|1
|
|-weather|SunnyDay|[upkeep]
|upkeep
|
|t:|1779971104
|switch|p2a: Walking Wake|Walking Wake|100/100
|-activate|p2a: Walking Wake|ability: Protosynthesis
|-start|p2a: Walking Wake|protosynthesisspe
|turn|4
|
|t:|1779971117
|switch|p1a: Seviper|Seviper, F, shiny|100/100
|move|p2a: Walking Wake|Draco Meteor|p1a: Seviper
|-damage|p1a: Seviper|0 fnt
|-unboost|p2a: Walking Wake|spa|2
|faint|p1a: Seviper
|
|-weather|SunnyDay|[upkeep]
|upkeep
|
|t:|1779971127
|switch|p1a: Sceptile|Sceptile, F, shiny|100/100
|turn|5
|
|t:|1779971136
|-end|p2a: Walking Wake|Protosynthesis|[silent]
|switch|p2a: Blaziken|Blaziken, F|100/100
|move|p1a: Sceptile|Roar|p2a: Blaziken
|-enditem|p1a: Sceptile|Throat Spray
|-boost|p1a: Sceptile|spa|1|[from] item: Throat Spray
|drag|p2a: Great Tusk|Great Tusk|100/100
|-activate|p2a: Great Tusk|ability: Protosynthesis
|-start|p2a: Great Tusk|protosynthesisatk
|
|-weather|SunnyDay|[upkeep]
|upkeep
|turn|6
|
|t:|1779971149
|-terastallize|p2a: Great Tusk|Fire
|move|p1a: Sceptile|Giga Drain|p2a: Great Tusk
|-resisted|p2a: Great Tusk
|-damage|p2a: Great Tusk|59/100
|move|p2a: Great Tusk|Ice Spinner|p1a: Sceptile
|-supereffective|p1a: Sceptile
|-damage|p1a: Sceptile|0 fnt
|faint|p1a: Sceptile
|
|-weather|SunnyDay|[upkeep]
|upkeep
|
|t:|1779971163
|switch|p1a: Deoxys|Deoxys-Speed, shiny|100/100
|-ability|p1a: Deoxys|Pressure
|turn|7
|
|t:|1779971171
|-terastallize|p1a: Deoxys|Fighting
|move|p1a: Deoxys|Drain Punch|p2a: Great Tusk
|-damage|p2a: Great Tusk|23/100
|move|p2a: Great Tusk|Rapid Spin|p1a: Deoxys
|-damage|p1a: Deoxys|64/100
|-boost|p2a: Great Tusk|spe|1
|
|-weather|SunnyDay|[upkeep]
|upkeep
|turn|8
|
|t:|1779971181
|move|p1a: Deoxys|Drain Punch|p2a: Great Tusk
|-damage|p2a: Great Tusk|0 fnt
|-heal|p1a: Deoxys|82/100|[from] drain|[of] p2a: Great Tusk
|faint|p2a: Great Tusk
|-end|p2a: Great Tusk|Protosynthesis|[silent]
|
|-weather|none
|upkeep
|
|t:|1779971187
|switch|p2a: Blaziken|Blaziken, F|100/100
|turn|9
|
|t:|1779971198
|move|p1a: Deoxys|Drain Punch|p2a: Blaziken
|-damage|p2a: Blaziken|17/100
|-heal|p1a: Deoxys|100/100|[from] drain|[of] p2a: Blaziken
|move|p2a: Blaziken|Focus Energy|p2a: Blaziken
|-start|p2a: Blaziken|move: Focus Energy
|
|-ability|p2a: Blaziken|Speed Boost|boost
|-boost|p2a: Blaziken|spe|1
|upkeep
|turn|10
|
|t:|1779971208
|move|p1a: Deoxys|Drain Punch|p2a: Blaziken
|-damage|p2a: Blaziken|0 fnt
|faint|p2a: Blaziken
|
|upkeep
|
|t:|1779971214
|switch|p2a: Hatterene|Hatterene, F|100/100
|turn|11
|
|t:|1779971218
|switch|p1a: Dusclops|Dusclops, M, shiny|100/100
|-ability|p1a: Dusclops|Pressure
|move|p2a: Hatterene|Psychic Noise|p1a: Dusclops
|-damage|p1a: Dusclops|84/100
|-start|p1a: Dusclops|move: Heal Block
|
|upkeep
|turn|12
|inactive|TheRussianKid101 has 120 seconds left.
|
|t:|1779971251
|switch|p2a: Walking Wake|Walking Wake|100/100
|move|p1a: Dusclops|Night Shade|p2a: Walking Wake
|-damage|p2a: Walking Wake|71/100
|
|-end|p1a: Dusclops|move: Heal Block
|upkeep
|turn|13
|
|t:|1779971260
|move|p1a: Dusclops|Protect|p1a: Dusclops
|-singleturn|p1a: Dusclops|Protect
|move|p2a: Walking Wake|Draco Meteor|p1a: Dusclops
|-activate|p1a: Dusclops|move: Protect
|
|upkeep
|turn|14
|
|t:|1779971267
|move|p2a: Walking Wake|Draco Meteor|p1a: Dusclops
|-crit|p1a: Dusclops
|-damage|p1a: Dusclops|6/100
|-unboost|p2a: Walking Wake|spa|2
|move|p1a: Dusclops|Will-O-Wisp|p2a: Walking Wake
|-status|p2a: Walking Wake|brn
|
|-damage|p2a: Walking Wake|65/100 brn|[from] brn
|upkeep
|turn|15
|
|t:|1779971277
|move|p2a: Walking Wake|Draco Meteor|p1a: Dusclops
|-damage|p1a: Dusclops|0 fnt
|-unboost|p2a: Walking Wake|spa|2
|faint|p1a: Dusclops
|
|-damage|p2a: Walking Wake|59/100 brn|[from] brn
|upkeep
|
|t:|1779971286
|switch|p1a: Salamence|Salamence, M, shiny|77/100
|turn|16
|
|t:|1779971298
|-end|p2a: Walking Wake|Protosynthesis|[silent]
|switch|p2a: Hatterene|Hatterene, F|100/100
|move|p1a: Salamence|Earthquake|p2a: Hatterene
|-damage|p2a: Hatterene|65/100
|-enditem|p2a: Hatterene|Eject Button
|
|t:|1779971300
|switch|p2a: Walking Wake|Walking Wake|59/100 brn
|
|-damage|p2a: Walking Wake|52/100 brn|[from] brn
|upkeep
|turn|17
|
|t:|1779971310
|switch|p1a: Milotic|Milotic, M, shiny|100/100
|move|p2a: Walking Wake|Draco Meteor|p1a: Milotic
|-damage|p1a: Milotic|26/100
|-unboost|p2a: Walking Wake|spa|2
|
|-heal|p1a: Milotic|32/100|[from] item: Leftovers
|-damage|p2a: Walking Wake|46/100 brn|[from] brn
|upkeep
|turn|18
|
|t:|1779971321
|-end|p2a: Walking Wake|Protosynthesis|[silent]
|switch|p2a: Venusaur|Venusaur, M|100/100
|move|p1a: Milotic|Recover|p1a: Milotic
|-heal|p1a: Milotic|82/100
|
|-heal|p1a: Milotic|88/100|[from] item: Leftovers
|upkeep
|turn|19
|
|t:|1779971329
|move|p2a: Venusaur|Growth|p2a: Venusaur
|-boost|p2a: Venusaur|atk|1
|-boost|p2a: Venusaur|spa|1
|move|p1a: Milotic|Ice Beam|p2a: Venusaur
|-supereffective|p2a: Venusaur
|-damage|p2a: Venusaur|37/100
|
|-heal|p1a: Milotic|94/100|[from] item: Leftovers
|upkeep
|turn|20
|
|t:|1779971339
|move|p2a: Venusaur|Giga Drain|p1a: Milotic
|-supereffective|p1a: Milotic
|-damage|p1a: Milotic|1/100
|-heal|p2a: Venusaur|98/100|[from] drain|[of] p1a: Milotic
|-damage|p2a: Venusaur|88/100|[from] item: Life Orb
|move|p1a: Milotic|Ice Beam|p2a: Venusaur
|-supereffective|p2a: Venusaur
|-crit|p2a: Venusaur
|-damage|p2a: Venusaur|0 fnt
|faint|p2a: Venusaur
|
|-heal|p1a: Milotic|7/100|[from] item: Leftovers
|upkeep
|
|t:|1779971350
|switch|p2a: Hatterene|Hatterene, F|65/100
|turn|21
|
|t:|1779971354
|move|p1a: Milotic|Recover|p1a: Milotic
|-heal|p1a: Milotic|57/100
|move|p2a: Hatterene|Nuzzle|p1a: Milotic
|-supereffective|p1a: Milotic
|-damage|p1a: Milotic|48/100
|-status|p1a: Milotic|par
|
|-heal|p1a: Milotic|55/100 par|[from] item: Leftovers
|upkeep
|turn|22
|
|t:|1779971367
|move|p2a: Hatterene|Psychic Noise|p1a: Milotic
|-damage|p1a: Milotic|29/100 par
|-start|p1a: Milotic|move: Heal Block
|cant|p1a: Milotic|move: Heal Block|Draining Kiss
|
|upkeep
|turn|23
|
|t:|1779971375
|move|p2a: Hatterene|Psychic Noise|p1a: Milotic
|-damage|p1a: Milotic|4/100 par
|cant|p1a: Milotic|par
|
|-end|p1a: Milotic|move: Heal Block
|upkeep
|turn|24
|
|t:|1779971385
|move|p2a: Hatterene|Psychic Noise|p1a: Milotic
|-damage|p1a: Milotic|0 fnt
|faint|p1a: Milotic
|
|upkeep
|
|t:|1779971400
|switch|p1a: Deoxys|Deoxys-Speed, shiny, tera:Fighting|100/100
|-ability|p1a: Deoxys|Pressure
|turn|25
|
|t:|1779971407
|move|p1a: Deoxys|Trick|p2a: Hatterene
|-activate|p1a: Deoxys|move: Trick|[of] p2a: Hatterene
|-item|p2a: Hatterene|Choice Band|[from] move: Trick
|-enditem|p1a: Deoxys|Choice Band|[silent]|[from] move: Trick
|move|p2a: Hatterene|Psychic Noise|p1a: Deoxys
|-supereffective|p1a: Deoxys
|-damage|p1a: Deoxys|5/100
|-start|p1a: Deoxys|move: Heal Block
|
|upkeep
|turn|26
|
|t:|1779971426
|move|p1a: Deoxys|Ice Punch|p2a: Hatterene
|-damage|p2a: Hatterene|45/100
|move|p2a: Hatterene|Psychic Noise|p1a: Deoxys
|-supereffective|p1a: Deoxys
|-damage|p1a: Deoxys|0 fnt
|faint|p1a: Deoxys
|
|upkeep
|
|t:|1779971434
|switch|p1a: Salamence|Salamence, M, shiny|77/100
|turn|27
|
|t:|1779971438
|move|p1a: Salamence|Dragon Dance|p1a: Salamence
|-boost|p1a: Salamence|atk|1
|-boost|p1a: Salamence|spe|1
|move|p2a: Hatterene|Psychic Noise|p1a: Salamence
|-damage|p1a: Salamence|33/100
|-start|p1a: Salamence|move: Heal Block
|
|upkeep
|turn|28
|
|t:|1779971446
|move|p1a: Salamence|Earthquake|p2a: Hatterene
|-damage|p2a: Hatterene|0 fnt
|faint|p2a: Hatterene
|-ability|p1a: Salamence|Moxie|boost
|-boost|p1a: Salamence|atk|1
|
|-end|p1a: Salamence|move: Heal Block
|upkeep
|
|t:|1779971449
|switch|p2a: Walking Wake|Walking Wake|46/100 brn
|turn|29
|
|t:|1779971457
|move|p1a: Salamence|Outrage|p2a: Walking Wake
|-supereffective|p2a: Walking Wake
|-damage|p2a: Walking Wake|0 fnt
|faint|p2a: Walking Wake
|-end|p2a: Walking Wake|Protosynthesis|[silent]
|
|win|BaxleyTheBomb
|raw|BaxleyTheBomb's rating: 1127 &rarr; <strong>1150</strong><br />(+23 for winning)
|raw|TheRussianKid101's rating: 1104 &rarr; <strong>1081</strong><br />(-23 for losing)
|l|☆TheRussianKid101
|player|p2|
|l|☆BaxleyTheBomb
|player|p1|
