|j|☆kskksnsnsksksiznn
|j|☆6767aurajacket
|t:|1779947237
|gametype|singles
|player|p1|kskksnsnsksksiznn|265|1055
|player|p2|6767aurajacket|fisherman-gen4|1080
|gen|9
|tier|[Gen 9] OU
|rated|
|rule|HP Percentage Mod: HP is shown in percentages
|rule|Endless Battle Clause: Forcing endless battles is banned
|rule|Species Clause: Limit one of each Pokémon
|rule|OHKO Clause: OHKO moves are banned
|rule|Evasion Items Clause: Evasion items are banned
|rule|Evasion Moves Clause: Evasion moves are banned
|rule|Evasion Abilities Clause: Evasion abilities are banned
|rule|Sleep Moves Clause: Sleep-inducing moves are banned
|clearpoke
|poke|p1|Meowscarada, F|
|poke|p1|Cinderace, F|
|poke|p1|Slowking-Galar, M|
|poke|p1|Tornadus-Therian, M|
|poke|p1|Weezing-Galar, F|
|poke|p1|Garganacl, M|
|poke|p2|Blaziken, M|
|poke|p2|Iron Treads|
|poke|p2|Zamazenta-*|
|poke|p2|Venomoth, M|
|poke|p2|Polteageist|
|poke|p2|Primarina, F|
|teampreview
|inactive|Battle timer is ON: inactive players will automatically lose when time's up. (requested by 6767aurajacket)
|
|t:|1779947244
|teamsize|p1|6
|teamsize|p2|6
|start
|switch|p1a: Meowscarada|Meowscarada, F|100/100
|switch|p2a: Blaziken|Blaziken, M, shiny|100/100
|turn|1
|
|t:|1779947249
|move|p1a: Meowscarada|Flower Trick|p2a: Blaziken
|-start|p1a: Meowscarada|typechange|Grass|[from] ability: Protean
|-resisted|p2a: Blaziken
|-crit|p2a: Blaziken
|-damage|p2a: Blaziken|63/100
|move|p2a: Blaziken|Bulk Up|p2a: Blaziken
|-boost|p2a: Blaziken|atk|1
|-boost|p2a: Blaziken|def|1
|
|-heal|p2a: Blaziken|69/100|[from] item: Leftovers
|-ability|p2a: Blaziken|Speed Boost|boost
|-boost|p2a: Blaziken|spe|1
|upkeep
|turn|2
|
|t:|1779947259
|switch|p1a: Garganacl|Garganacl, M|100/100
|move|p2a: Blaziken|Bulk Up|p2a: Blaziken
|-boost|p2a: Blaziken|atk|1
|-boost|p2a: Blaziken|def|1
|
|-heal|p2a: Blaziken|75/100|[from] item: Leftovers
|-ability|p2a: Blaziken|Speed Boost|boost
|-boost|p2a: Blaziken|spe|1
|upkeep
|turn|3
|
|t:|1779947265
|-terastallize|p1a: Garganacl|Ghost
|move|p2a: Blaziken|Earthquake|p1a: Garganacl
|-damage|p1a: Garganacl|67/100
|move|p1a: Garganacl|Salt Cure|p2a: Blaziken
|-damage|p2a: Blaziken|64/100
|-start|p2a: Blaziken|Salt Cure
|
|-heal|p2a: Blaziken|70/100|[from] item: Leftovers
|-heal|p1a: Garganacl|73/100|[from] item: Leftovers
|-damage|p2a: Blaziken|58/100|[from] Salt Cure
|-ability|p2a: Blaziken|Speed Boost|boost
|-boost|p2a: Blaziken|spe|1
|upkeep
|turn|4
|
|t:|1779947275
|move|p2a: Blaziken|Bulk Up|p2a: Blaziken
|-boost|p2a: Blaziken|atk|1
|-boost|p2a: Blaziken|def|1
|move|p1a: Garganacl|Iron Defense|p1a: Garganacl
|-boost|p1a: Garganacl|def|2
|
|-heal|p2a: Blaziken|64/100|[from] item: Leftovers
|-heal|p1a: Garganacl|79/100|[from] item: Leftovers
|-damage|p2a: Blaziken|52/100|[from] Salt Cure
|-ability|p2a: Blaziken|Speed Boost|boost
|-boost|p2a: Blaziken|spe|1
|upkeep
|turn|5
|
|t:|1779947284
|move|p2a: Blaziken|Earthquake|p1a: Garganacl
|-damage|p1a: Garganacl|56/100
|move|p1a: Garganacl|Iron Defense|p1a: Garganacl
|-boost|p1a: Garganacl|def|2
|
|-heal|p2a: Blaziken|58/100|[from] item: Leftovers
|-heal|p1a: Garganacl|62/100|[from] item: Leftovers
|-damage|p2a: Blaziken|46/100|[from] Salt Cure
|-ability|p2a: Blaziken|Speed Boost|boost
|-boost|p2a: Blaziken|spe|1
|upkeep
|turn|6
|
|t:|1779947292
|move|p2a: Blaziken|Earthquake|p1a: Garganacl
|-damage|p1a: Garganacl|47/100
|move|p1a: Garganacl|Recover|p1a: Garganacl
|-heal|p1a: Garganacl|97/100
|
|-heal|p2a: Blaziken|51/100|[from] item: Leftovers
|-heal|p1a: Garganacl|100/100|[from] item: Leftovers
|-damage|p2a: Blaziken|39/100|[from] Salt Cure
|-ability|p2a: Blaziken|Speed Boost|boost
|-boost|p2a: Blaziken|spe|1
|upkeep
|turn|7
|
|t:|1779947295
|move|p2a: Blaziken|Bulk Up|p2a: Blaziken
|-boost|p2a: Blaziken|atk|1
|-boost|p2a: Blaziken|def|1
|move|p1a: Garganacl|Salt Cure|p2a: Blaziken
|-damage|p2a: Blaziken|31/100
|
|-heal|p2a: Blaziken|37/100|[from] item: Leftovers
|-damage|p2a: Blaziken|25/100|[from] Salt Cure
|upkeep
|turn|8
|
|t:|1779947300
|move|p2a: Blaziken|Bulk Up|p2a: Blaziken
|-boost|p2a: Blaziken|atk|1
|-boost|p2a: Blaziken|def|1
|move|p1a: Garganacl|Salt Cure|p2a: Blaziken
|-damage|p2a: Blaziken|20/100
|
|-heal|p2a: Blaziken|26/100|[from] item: Leftovers
|-damage|p2a: Blaziken|13/100|[from] Salt Cure
|upkeep
|turn|9
|
|t:|1779947305
|move|p2a: Blaziken|Earthquake|p1a: Garganacl
|-damage|p1a: Garganacl|80/100
|move|p1a: Garganacl|Salt Cure|p2a: Blaziken
|-damage|p2a: Blaziken|7/100
|
|-heal|p2a: Blaziken|13/100|[from] item: Leftovers
|-heal|p1a: Garganacl|86/100|[from] item: Leftovers
|-damage|p2a: Blaziken|1/100|[from] Salt Cure
|upkeep
|turn|10
|
|t:|1779947309
|move|p2a: Blaziken|Earthquake|p1a: Garganacl
|-damage|p1a: Garganacl|65/100
|move|p1a: Garganacl|Salt Cure|p2a: Blaziken
|-damage|p2a: Blaziken|0 fnt
|faint|p2a: Blaziken
|
|-heal|p1a: Garganacl|71/100|[from] item: Leftovers
|upkeep
|
|t:|1779947324
|switch|p2a: Polteageist|Polteageist, shiny|100/100
|turn|11
|
|t:|1779947327
|move|p2a: Polteageist|Shell Smash|p2a: Polteageist
|-unboost|p2a: Polteageist|def|1
|-unboost|p2a: Polteageist|spd|1
|-boost|p2a: Polteageist|atk|2
|-boost|p2a: Polteageist|spa|2
|-boost|p2a: Polteageist|spe|2
|-enditem|p2a: Polteageist|White Herb
|-clearnegativeboost|p2a: Polteageist|[silent]
|move|p1a: Garganacl|Salt Cure|p2a: Polteageist
|-damage|p2a: Polteageist|81/100
|-start|p2a: Polteageist|Salt Cure
|
|-heal|p1a: Garganacl|77/100|[from] item: Leftovers
|-damage|p2a: Polteageist|69/100|[from] Salt Cure
|upkeep
|turn|12
|
|t:|1779947337
|switch|p1a: Meowscarada|Meowscarada, F|100/100
|move|p2a: Polteageist|Dark Pulse|p1a: Meowscarada
|-resisted|p1a: Meowscarada
|-damage|p1a: Meowscarada|67/100
|
|-damage|p2a: Polteageist|56/100|[from] Salt Cure
|upkeep
|turn|13
|
|t:|1779947343
|move|p1a: Meowscarada|Knock Off|p2a: Polteageist
|-start|p1a: Meowscarada|typechange|Dark|[from] ability: Protean
|-supereffective|p2a: Polteageist
|-crit|p2a: Polteageist
|-damage|p2a: Polteageist|0 fnt
|-start|p1a: Meowscarada|Disable|Knock Off|[from] ability: Cursed Body|[of] p2a: Polteageist
|faint|p2a: Polteageist
|
|upkeep
|
|t:|1779947352
|switch|p2a: larpazenta|Zamazenta|100/100
|-ability|p2a: larpazenta|Dauntless Shield|boost
|-boost|p2a: larpazenta|def|1
|turn|14
|
|t:|1779947358
|switch|p1a: Weezing|Weezing-Galar, F|100/100
|-ability|p1a: Weezing|Neutralizing Gas
|move|p2a: larpazenta|Iron Defense|p2a: larpazenta
|-boost|p2a: larpazenta|def|2
|
|upkeep
|turn|15
|
|t:|1779947365
|move|p2a: larpazenta|Iron Defense|p2a: larpazenta
|-boost|p2a: larpazenta|def|2
|move|p1a: Weezing|Will-O-Wisp|p2a: larpazenta
|-status|p2a: larpazenta|brn
|
|-damage|p2a: larpazenta|94/100 brn|[from] brn
|upkeep
|turn|16
|
|t:|1779947371
|-end|p1a: Weezing|ability: Neutralizing Gas
|switch|p1a: Garganacl|Garganacl, M, tera:Ghost|77/100
|move|p2a: larpazenta|Body Press|p1a: Garganacl
|-immune|p1a: Garganacl
|
|-heal|p2a: larpazenta|100/100 brn|[from] item: Leftovers
|-heal|p1a: Garganacl|84/100|[from] item: Leftovers
|-damage|p2a: larpazenta|94/100 brn|[from] brn
|upkeep
|turn|17
|
|t:|1779947379
|move|p2a: larpazenta|Crunch|p1a: Garganacl
|-supereffective|p1a: Garganacl
|-damage|p1a: Garganacl|73/100
|move|p1a: Garganacl|Salt Cure|p2a: larpazenta
|-resisted|p2a: larpazenta
|-damage|p2a: larpazenta|93/100 brn
|-start|p2a: larpazenta|Salt Cure
|
|-heal|p2a: larpazenta|99/100 brn|[from] item: Leftovers
|-heal|p1a: Garganacl|79/100|[from] item: Leftovers
|-damage|p2a: larpazenta|93/100 brn|[from] brn
|-damage|p2a: larpazenta|81/100 brn|[from] Salt Cure
|upkeep
|turn|18
|
|t:|1779947388
|switch|p2a: Primarina|Primarina, F|100/100
|move|p1a: Garganacl|Iron Defense|p1a: Garganacl
|-boost|p1a: Garganacl|def|2
|
|-heal|p1a: Garganacl|86/100|[from] item: Leftovers
|upkeep
|turn|19
|
|t:|1779947393
|move|p2a: Primarina|Calm Mind|p2a: Primarina
|-boost|p2a: Primarina|spa|1
|-boost|p2a: Primarina|spd|1
|move|p1a: Garganacl|Salt Cure|p2a: Primarina
|-damage|p2a: Primarina|86/100
|-start|p2a: Primarina|Salt Cure
|
|-heal|p2a: Primarina|92/100|[from] item: Leftovers
|-heal|p1a: Garganacl|92/100|[from] item: Leftovers
|-damage|p2a: Primarina|67/100|[from] Salt Cure
|upkeep
|turn|20
|
|t:|1779947397
|switch|p1a: Slowking|Slowking-Galar, M|100/100
|move|p2a: Primarina|Calm Mind|p2a: Primarina
|-boost|p2a: Primarina|spa|1
|-boost|p2a: Primarina|spd|1
|
|-heal|p2a: Primarina|73/100|[from] item: Leftovers
|-damage|p2a: Primarina|48/100|[from] Salt Cure
|upkeep
|turn|21
|
|t:|1779947410
|move|p2a: Primarina|Psychic Noise|p1a: Slowking
|-damage|p1a: Slowking|72/100
|-start|p1a: Slowking|move: Heal Block
|move|p1a: Slowking|Psychic Noise|p2a: Primarina
|-damage|p2a: Primarina|25/100
|-start|p2a: Primarina|move: Heal Block
|
|-damage|p2a: Primarina|0 fnt|[from] Salt Cure
|faint|p2a: Primarina
|upkeep
|
|t:|1779947416
|switch|p2a: Venomoth|Venomoth, M, shiny|100/100
|turn|22
|
|t:|1779947421
|move|p2a: Venomoth|Quiver Dance|p2a: Venomoth
|-boost|p2a: Venomoth|spa|1
|-boost|p2a: Venomoth|spd|1
|-boost|p2a: Venomoth|spe|1
|move|p1a: Slowking|Psychic Noise|p2a: Venomoth
|-supereffective|p2a: Venomoth
|-crit|p2a: Venomoth
|-damage|p2a: Venomoth|0 fnt
|faint|p2a: Venomoth
|
|-end|p1a: Slowking|move: Heal Block
|upkeep
|
|t:|1779947428
|switch|p2a: Iron Treads|Iron Treads|100/100
|-enditem|p2a: Iron Treads|Booster Energy
|-activate|p2a: Iron Treads|ability: Quark Drive|[fromitem]
|-start|p2a: Iron Treads|quarkdrivespe
|turn|23
|-message|6767aurajacket forfeited.
|
|win|kskksnsnsksksiznn
|raw|kskksnsnsksksiznn's rating: 1055 &rarr; <strong>1089</strong><br />(+34 for winning)
|raw|6767aurajacket's rating: 1080 &rarr; <strong>1056</strong><br />(-24 for losing)
|l|☆6767aurajacket
|player|p2|
|l|☆kskksnsnsksksiznn
|player|p1|
