|j|☆EdenVice
|j|☆RatDeParis
|t:|1779832218
|gametype|singles
|player|p1|EdenVice|101|1042
|player|p2|RatDeParis|2|1045
|gen|9
|tier|[Gen 9] OU
|rated|
|rule|HP Percentage Mod: HP is shown in percentages
|rule|Endless Battle Clause: Forcing endless battles is banned
|rule|Species Clause: Limit one of each Pokémon
|rule|OHKO Clause: OHKO moves are banned
|rule|Evasion Items Clause: Evasion items are banned
|rule|Evasion Moves Clause: Evasion moves are banned
|rule|Evasion Abilities Clause: Evasion abilities are banned
|rule|Sleep Moves Clause: Sleep-inducing moves are banned
|clearpoke
|poke|p1|Kingambit, F|
|poke|p1|Garganacl, M|
|poke|p1|Glimmora, M|
|poke|p1|Gholdengo|
|poke|p1|Landorus-Therian, M|
|poke|p1|Gliscor, M|
|poke|p2|Corviknight, M|
|poke|p2|Toxapex, F|
|poke|p2|Tinkaton, F|
|poke|p2|Ceruledge, F|
|poke|p2|Gliscor, M|
|poke|p2|Hydreigon, M|
|teampreview
|
|t:|1779832226
|teamsize|p1|6
|teamsize|p2|6
|start
|switch|p1a: Glimmora|Glimmora, M|100/100
|switch|p2a: Tinkaton|Tinkaton, F|100/100
|-item|p2a: Tinkaton|Air Balloon
|-item|p1a: Glimmora|Air Balloon
|turn|1
|
|t:|1779832241
|move|p2a: Tinkaton|Stealth Rock|p1a: Glimmora
|-sidestart|p1: EdenVice|move: Stealth Rock
|move|p1a: Glimmora|Stealth Rock|p2a: Tinkaton
|-sidestart|p2: RatDeParis|move: Stealth Rock
|
|upkeep
|turn|2
|
|t:|1779832247
|move|p2a: Tinkaton|Gigaton Hammer|p1a: Glimmora
|-supereffective|p1a: Glimmora
|-crit|p1a: Glimmora
|-damage|p1a: Glimmora|0 fnt
|-activate|p1a: Glimmora|ability: Toxic Debris
|-sidestart|p2: RatDeParis|move: Toxic Spikes
|-enditem|p1a: Glimmora|Air Balloon
|faint|p1a: Glimmora
|
|upkeep
|
|t:|1779832257
|switch|p1a: Landorus|Landorus-Therian, M|100/100
|-damage|p1a: Landorus|88/100|[from] Stealth Rock
|-ability|p1a: Landorus|Intimidate|boost
|-unboost|p2a: Tinkaton|atk|1
|turn|3
|
|t:|1779832265
|move|p1a: Landorus|Earthquake|p2a: Tinkaton
|-immune|p2a: Tinkaton
|move|p2a: Tinkaton|Knock Off|p1a: Landorus
|-damage|p1a: Landorus|74/100
|-enditem|p1a: Landorus|Choice Scarf|[from] move: Knock Off|[of] p2a: Tinkaton
|
|upkeep
|turn|4
|
|t:|1779832281
|move|p2a: Tinkaton|Gigaton Hammer|p1a: Landorus
|-damage|p1a: Landorus|37/100
|move|p1a: Landorus|Outrage|p2a: Tinkaton
|-immune|p2a: Tinkaton
|
|upkeep
|turn|5
|
|t:|1779832290
|move|p2a: Tinkaton|Knock Off|p1a: Landorus
|-crit|p1a: Landorus
|-damage|p1a: Landorus|17/100
|move|p1a: Landorus|Rock Slide|p2a: Tinkaton
|-resisted|p2a: Tinkaton
|-damage|p2a: Tinkaton|84/100
|-enditem|p2a: Tinkaton|Air Balloon
|
|upkeep
|turn|6
|
|t:|1779832300
|move|p2a: Tinkaton|Gigaton Hammer|p1a: Landorus
|-damage|p1a: Landorus|0 fnt
|faint|p1a: Landorus
|
|upkeep
|
|t:|1779832307
|switch|p1a: Gholdengo|Gholdengo|100/100
|-damage|p1a: Gholdengo|94/100|[from] Stealth Rock
|turn|7
|
|t:|1779832314
|move|p2a: Tinkaton|Thunder Wave|p1a: Gholdengo
|-immune|p1a: Gholdengo|[from] ability: Good as Gold
|move|p1a: Gholdengo|Thunder Wave|p2a: Tinkaton
|-status|p2a: Tinkaton|par
|
|upkeep
|turn|8
|
|t:|1779832336
|switch|p2a: Corviknight|Corviknight, M|100/100
|-damage|p2a: Corviknight|88/100|[from] Stealth Rock
|move|p1a: Gholdengo|Make It Rain|p2a: Corviknight
|-resisted|p2a: Corviknight
|-crit|p2a: Corviknight
|-damage|p2a: Corviknight|28/100
|-unboost|p1a: Gholdengo|spa|1
|-damage|p1a: Gholdengo|85/100|[from] item: Life Orb
|
|upkeep
|turn|9
|
|t:|1779832348
|move|p1a: Gholdengo|Thunder Wave|p2a: Corviknight
|-status|p2a: Corviknight|par
|move|p2a: Corviknight|Roost|p2a: Corviknight
|-heal|p2a: Corviknight|78/100 par
|-singleturn|p2a: Corviknight|move: Roost
|
|upkeep
|turn|10
|
|t:|1779832357
|switch|p1a: Garganacl|Garganacl, M|100/100
|-damage|p1a: Garganacl|88/100|[from] Stealth Rock
|move|p2a: Corviknight|Defog|p1a: Garganacl
|-unboost|p1a: Garganacl|evasion|1
|-sideend|p1: EdenVice|Stealth Rock|[from] move: Defog|[of] p2a: Corviknight
|-sideend|p2: RatDeParis|Toxic Spikes|[from] move: Defog|[of] p2a: Corviknight
|-sideend|p2: RatDeParis|Stealth Rock|[from] move: Defog|[of] p2a: Corviknight
|
|-heal|p1a: Garganacl|94/100|[from] item: Leftovers
|upkeep
|turn|11
|
|t:|1779832371
|move|p2a: Corviknight|U-turn|p1a: Garganacl
|-damage|p1a: Garganacl|86/100
|
|t:|1779832391
|switch|p2a: Tinkaton|Tinkaton, F|84/100 par|[from] U-turn
|move|p1a: Garganacl|Salt Cure|p2a: Tinkaton
|-resisted|p2a: Tinkaton
|-damage|p2a: Tinkaton|78/100 par
|-start|p2a: Tinkaton|Salt Cure
|
|-heal|p1a: Garganacl|92/100|[from] item: Leftovers
|-damage|p2a: Tinkaton|53/100 par|[from] Salt Cure
|upkeep
|turn|12
|
|t:|1779832402
|move|p2a: Tinkaton|Gigaton Hammer|p1a: Garganacl
|-supereffective|p1a: Garganacl
|-damage|p1a: Garganacl|52/100
|move|p1a: Garganacl|Body Press|p2a: Tinkaton
|-damage|p2a: Tinkaton|20/100 par
|-enditem|p1a: Garganacl|Leftovers|[silent]|[from] ability: Pickpocket|[of] p1a: Garganacl
|-item|p2a: Tinkaton|Leftovers|[from] ability: Pickpocket|[of] p1a: Garganacl
|
|-heal|p2a: Tinkaton|26/100 par|[from] item: Leftovers
|-damage|p2a: Tinkaton|2/100 par|[from] Salt Cure
|upkeep
|turn|13
|
|t:|1779832415
|move|p2a: Tinkaton|Stealth Rock|p1a: Garganacl
|-sidestart|p1: EdenVice|move: Stealth Rock
|move|p1a: Garganacl|Recover|p1a: Garganacl
|-heal|p1a: Garganacl|100/100
|
|-heal|p2a: Tinkaton|8/100 par|[from] item: Leftovers
|-damage|p2a: Tinkaton|0 fnt|[from] Salt Cure
|faint|p2a: Tinkaton
|upkeep
|
|t:|1779832425
|switch|p2a: Hydreigon|Hydreigon, M|100/100
|turn|14
|
|t:|1779832437
|move|p2a: Hydreigon|Hydro Pump|p1a: Garganacl
|-supereffective|p1a: Garganacl
|-damage|p1a: Garganacl|0 fnt
|faint|p1a: Garganacl
|
|upkeep
|
|t:|1779832445
|switch|p1a: Gliscor|Gliscor, M|100/100
|-damage|p1a: Gliscor|88/100|[from] Stealth Rock
|turn|15
|
|t:|1779832449
|move|p1a: Gliscor|Fling|p2a: Hydreigon
|-resisted|p2a: Hydreigon
|-damage|p2a: Hydreigon|96/100
|-status|p2a: Hydreigon|tox
|-enditem|p1a: Gliscor|Toxic Orb|[from] move: Fling
|move|p2a: Hydreigon|Hydro Pump|p1a: Gliscor
|-supereffective|p1a: Gliscor
|-damage|p1a: Gliscor|0 fnt
|faint|p1a: Gliscor
|
|-damage|p2a: Hydreigon|90/100 tox|[from] psn
|upkeep
|
|t:|1779832459
|switch|p1a: Gholdengo|Gholdengo|85/100
|-damage|p1a: Gholdengo|79/100|[from] Stealth Rock
|turn|16
|
|t:|1779832476
|move|p1a: Gholdengo|Make It Rain|p2a: Hydreigon
|-damage|p2a: Hydreigon|0 fnt
|-unboost|p1a: Gholdengo|spa|1
|faint|p2a: Hydreigon
|-damage|p1a: Gholdengo|69/100|[from] item: Life Orb
|
|upkeep
|
|t:|1779832504
|switch|p2a: Ceruledge|Ceruledge, F|100/100
|turn|17
|
|t:|1779832509
|move|p1a: Gholdengo|Shadow Ball|p2a: Ceruledge
|-supereffective|p2a: Ceruledge
|-damage|p2a: Ceruledge|17/100
|-damage|p1a: Gholdengo|59/100|[from] item: Life Orb
|move|p2a: Ceruledge|Bitter Blade|p1a: Gholdengo
|-supereffective|p1a: Gholdengo
|-damage|p1a: Gholdengo|0 fnt
|-heal|p2a: Ceruledge|48/100|[from] drain|[of] p1a: Gholdengo
|faint|p1a: Gholdengo
|-damage|p2a: Ceruledge|38/100|[from] item: Life Orb
|
|upkeep
|
|t:|1779832519
|switch|p1a: Kingambit|Kingambit, F|100/100
|-damage|p1a: Kingambit|94/100|[from] Stealth Rock
|-activate|p1a: Kingambit|ability: Supreme Overlord
|-start|p1a: Kingambit|fallen5|[silent]
|turn|18
|
|t:|1779832526
|move|p1a: Kingambit|Sucker Punch|p2a: Ceruledge
|-supereffective|p2a: Ceruledge
|-damage|p2a: Ceruledge|0 fnt
|faint|p2a: Ceruledge
|
|upkeep
|
|t:|1779832537
|switch|p2a: Gliscor|Gliscor, M|100/100
|turn|19
|
|t:|1779832544
|move|p1a: Kingambit|Sucker Punch|p2a: Gliscor
|-damage|p2a: Gliscor|24/100
|move|p2a: Gliscor|Earthquake|p1a: Kingambit
|-supereffective|p1a: Kingambit
|-damage|p1a: Kingambit|48/100
|
|-status|p2a: Gliscor|tox|[from] item: Toxic Orb
|upkeep
|turn|20
|
|t:|1779832558
|move|p1a: Kingambit|Sucker Punch||[still]
|-fail|p1a: Kingambit
|move|p2a: Gliscor|Swords Dance|p2a: Gliscor
|-boost|p2a: Gliscor|atk|2
|
|-heal|p2a: Gliscor|36/100 tox|[from] ability: Poison Heal
|upkeep
|turn|21
|
|t:|1779832571
|switch|p2a: Toxapex|Toxapex, F, shiny|100/100
|-terastallize|p1a: Kingambit|Dark
|move|p1a: Kingambit|Sucker Punch||[still]
|-fail|p1a: Kingambit
|
|upkeep
|turn|22
|
|t:|1779832580
|move|p1a: Kingambit|Sucker Punch||[still]
|-fail|p1a: Kingambit
|move|p2a: Toxapex|Substitute|p2a: Toxapex
|-start|p2a: Toxapex|Substitute
|-damage|p2a: Toxapex|75/100
|
|-heal|p2a: Toxapex|82/100|[from] item: Leftovers
|upkeep
|turn|23
|
|t:|1779832589
|move|p1a: Kingambit|Sucker Punch|p2a: Toxapex
|-end|p2a: Toxapex|Substitute
|move|p2a: Toxapex|Chilling Water|p1a: Kingambit
|-damage|p1a: Kingambit|39/100
|-unboost|p1a: Kingambit|atk|1
|
|-heal|p2a: Toxapex|88/100|[from] item: Leftovers
|upkeep
|turn|24
|
|t:|1779832598
|move|p1a: Kingambit|Sucker Punch||[still]
|-fail|p1a: Kingambit
|move|p2a: Toxapex|Substitute|p2a: Toxapex
|-start|p2a: Toxapex|Substitute
|-damage|p2a: Toxapex|63/100
|
|-heal|p2a: Toxapex|69/100|[from] item: Leftovers
|upkeep
|turn|25
|c|☆EdenVice|choice band
|
|t:|1779832606
|move|p1a: Kingambit|Sucker Punch||[still]
|-fail|p1a: Kingambit
|move|p2a: Toxapex|Recover|p2a: Toxapex
|-heal|p2a: Toxapex|100/100
|
|upkeep
|turn|26
|
|t:|1779832612
|-activate|p1a: Kingambit|move: Struggle
|move|p1a: Kingambit|Struggle|p2a: Toxapex
|-activate|p2a: Toxapex|move: Substitute|[damage]
|-damage|p1a: Kingambit|14/100|[from] recoil
|move|p2a: Toxapex|Chilling Water|p1a: Kingambit
|-damage|p1a: Kingambit|4/100
|-unboost|p1a: Kingambit|atk|1
|
|upkeep
|turn|27
|
|t:|1779832627
|-activate|p1a: Kingambit|move: Struggle
|move|p1a: Kingambit|Struggle|p2a: Toxapex
|-end|p2a: Toxapex|Substitute
|-damage|p1a: Kingambit|0 fnt|[from] recoil
|faint|p1a: Kingambit
|-end|p1a: Kingambit|fallen5|[silent]
|
|win|RatDeParis
|raw|EdenVice's rating: 1042 &rarr; <strong>1026</strong><br />(-16 for losing)
|raw|RatDeParis's rating: 1045 &rarr; <strong>1078</strong><br />(+33 for winning)
