|j|☆AteefIsThug
|j|☆spreadcrosser
|t:|1779902338
|gametype|singles
|player|p1|AteefIsThug|ingo|1329
|player|p2|spreadcrosser|170|1369
|gen|9
|tier|[Gen 9] OU
|rated|
|rule|HP Percentage Mod: HP is shown in percentages
|rule|Endless Battle Clause: Forcing endless battles is banned
|rule|Species Clause: Limit one of each Pokémon
|rule|OHKO Clause: OHKO moves are banned
|rule|Evasion Items Clause: Evasion items are banned
|rule|Evasion Moves Clause: Evasion moves are banned
|rule|Evasion Abilities Clause: Evasion abilities are banned
|rule|Sleep Moves Clause: Sleep-inducing moves are banned
|clearpoke
|poke|p1|Cloyster, M|
|poke|p1|Garganacl, M|
|poke|p1|Dondozo, M|
|poke|p1|Dragonite, F|
|poke|p1|Pecharunt|
|poke|p1|Iron Moth|
|poke|p2|Iron Hands|
|poke|p2|Greninja-*, M|
|poke|p2|Cinderace, F|
|poke|p2|Zapdos|
|poke|p2|Iron Moth|
|poke|p2|Excadrill, M|
|teampreview
|inactive|Battle timer is ON: inactive players will automatically lose when time's up. (requested by AteefIsThug)
|
|t:|1779902356
|teamsize|p1|6
|teamsize|p2|6
|start
|switch|p1a: Cloyster|Cloyster, M|100/100
|switch|p2a: Zapdos|Zapdos|100/100
|turn|1
|
|t:|1779902372
|-terastallize|p1a: Cloyster|Ice
|move|p2a: Zapdos|Volt Switch|p1a: Cloyster
|-damage|p1a: Cloyster|8/100
|
|t:|1779902377
|switch|p2a: Greninja|Greninja, M|100/100|[from] Volt Switch
|move|p1a: Cloyster|Shell Smash|p1a: Cloyster
|-unboost|p1a: Cloyster|def|1
|-unboost|p1a: Cloyster|spd|1
|-boost|p1a: Cloyster|atk|2
|-boost|p1a: Cloyster|spa|2
|-boost|p1a: Cloyster|spe|2
|-enditem|p1a: Cloyster|White Herb
|-clearnegativeboost|p1a: Cloyster|[silent]
|
|upkeep
|turn|2
|
|t:|1779902382
|move|p2a: Greninja|Water Shuriken|p1a: Cloyster
|-damage|p1a: Cloyster|0 fnt
|faint|p1a: Cloyster
|-ability|p2a: Greninja|Battle Bond|boost
|-boost|p2a: Greninja|atk|1
|-boost|p2a: Greninja|spa|1
|-boost|p2a: Greninja|spe|1
|-activate|p2a: Greninja|ability: Battle Bond
|-hitcount|p1: Cloyster|1
|-damage|p2a: Greninja|91/100|[from] item: Life Orb
|
|upkeep
|
|t:|1779902386
|switch|p1a: Garganacl|Garganacl, M|100/100
|turn|3
|
|t:|1779902389
|move|p2a: Greninja|Hydro Pump|p1a: Garganacl
|-supereffective|p1a: Garganacl
|-crit|p1a: Garganacl
|-damage|p1a: Garganacl|0 fnt
|faint|p1a: Garganacl
|-damage|p2a: Greninja|81/100|[from] item: Life Orb
|
|upkeep
|
|t:|1779902394
|switch|p1a: Pecharunt|Pecharunt|100/100
|turn|4
|
|t:|1779902416
|move|p2a: Greninja|Dark Pulse|p1a: Pecharunt
|-supereffective|p1a: Pecharunt
|-crit|p1a: Pecharunt
|-damage|p1a: Pecharunt|0 fnt
|faint|p1a: Pecharunt
|-damage|p2a: Greninja|71/100|[from] item: Life Orb
|
|upkeep
|inactive|AteefIsThug has 120 seconds left.
|
|t:|1779902472
|switch|p1a: Dragonite|Dragonite, F|100/100
|turn|5
|
|t:|1779902478
|-terastallize|p2a: Greninja|Ghost
|move|p2a: Greninja|Dark Pulse|p1a: Dragonite
|-damage|p1a: Dragonite|64/100
|-damage|p2a: Greninja|61/100|[from] item: Life Orb
|move|p1a: Dragonite|Dragon Dance|p1a: Dragonite
|-boost|p1a: Dragonite|atk|1
|-boost|p1a: Dragonite|spe|1
|
|upkeep
|turn|6
|
|t:|1779902485
|move|p2a: Greninja|Dark Pulse|p1a: Dragonite
|-damage|p1a: Dragonite|0 fnt
|faint|p1a: Dragonite
|-damage|p2a: Greninja|52/100|[from] item: Life Orb
|
|upkeep
|-message|AteefIsThug forfeited.
|
|win|spreadcrosser
|raw|AteefIsThug's rating: 1329 &rarr; <strong>1311</strong><br />(-18 for losing)
|raw|spreadcrosser's rating: 1369 &rarr; <strong>1387</strong><br />(+18 for winning)
|l|☆AteefIsThug
|player|p1|
