|j|☆og_jersey
|j|☆pap3ra
|t:|1779801106
|gametype|singles
|player|p1|og_jersey|hilda|1438
|player|p2|pap3ra|170|1397
|gen|9
|tier|[Gen 9] OU
|rated|
|rule|HP Percentage Mod: HP is shown in percentages
|rule|Endless Battle Clause: Forcing endless battles is banned
|rule|Species Clause: Limit one of each Pokémon
|rule|OHKO Clause: OHKO moves are banned
|rule|Evasion Items Clause: Evasion items are banned
|rule|Evasion Moves Clause: Evasion moves are banned
|rule|Evasion Abilities Clause: Evasion abilities are banned
|rule|Sleep Moves Clause: Sleep-inducing moves are banned
|clearpoke
|poke|p1|Tyranitar, M|
|poke|p1|Excadrill, F|
|poke|p1|Keldeo-Resolute|
|poke|p1|Tornadus-Therian, M|
|poke|p1|Heatran, F|
|poke|p1|Hydrapple, M|
|poke|p2|Muk-Alola, M|
|poke|p2|Ogerpon-Wellspring, F|
|poke|p2|Chandelure, M|
|poke|p2|Fezandipiti, M|
|poke|p2|Great Tusk|
|poke|p2|Skarmory, F|
|teampreview
|inactive|Battle timer is ON: inactive players will automatically lose when time's up. (requested by og_jersey)
|
|t:|1779801126
|teamsize|p1|6
|teamsize|p2|6
|start
|switch|p1a: Tornadus|Tornadus-Therian, M|100/100
|switch|p2a: Chandelure|Chandelure, M, shiny|100/100
|turn|1
|
|t:|1779801138
|switch|p1a: Tyranitar|Tyranitar, M|100/100
|-weather|Sandstorm|[from] ability: Sand Stream|[of] p1a: Tyranitar
|move|p2a: Chandelure|Trick|p1a: Tyranitar
|-activate|p2a: Chandelure|move: Trick|[of] p1a: Tyranitar
|-item|p1a: Tyranitar|Choice Scarf|[from] move: Trick
|-item|p2a: Chandelure|Choice Band|[from] move: Trick
|
|-weather|Sandstorm|[upkeep]
|-damage|p2a: Chandelure|94/100|[from] Sandstorm
|upkeep
|turn|2
|
|t:|1779801161
|switch|p2a: Skarmory|Skarmory, F|100/100
|move|p1a: Tyranitar|Knock Off|p2a: Skarmory
|-damage|p2a: Skarmory|63/100
|-damage|p1a: Tyranitar|84/100|[from] item: Rocky Helmet|[of] p2a: Skarmory
|-enditem|p2a: Skarmory|Rocky Helmet|[from] move: Knock Off|[of] p1a: Tyranitar
|
|-weather|Sandstorm|[upkeep]
|upkeep
|turn|3
|
|t:|1779801176
|switch|p1a: Keldeo|Keldeo-Resolute|100/100
|move|p2a: Skarmory|Stealth Rock|p1a: Keldeo
|-sidestart|p1: og_jersey|move: Stealth Rock
|
|-weather|Sandstorm|[upkeep]
|-damage|p1a: Keldeo|94/100|[from] Sandstorm
|upkeep
|turn|4
|
|t:|1779801187
|switch|p2a: Fezandipiti|Fezandipiti, M|100/100
|move|p1a: Keldeo|Secret Sword|p2a: Fezandipiti
|-resisted|p2a: Fezandipiti
|-damage|p2a: Fezandipiti|82/100
|
|-weather|Sandstorm|[upkeep]
|-damage|p1a: Keldeo|88/100|[from] Sandstorm
|-damage|p2a: Fezandipiti|76/100|[from] Sandstorm
|upkeep
|turn|5
|
|t:|1779801199
|switch|p1a: Heatran|Heatran, F|100/100
|-damage|p1a: Heatran|88/100|[from] Stealth Rock
|move|p2a: Fezandipiti|Beat Up|p1a: Heatran
|-damage|p1a: Heatran|85/100
|-damage|p1a: Heatran|82/100
|-damage|p1a: Heatran|79/100
|-crit|p1a: Heatran
|-damage|p1a: Heatran|75/100
|-damage|p1a: Heatran|72/100
|-damage|p1a: Heatran|70/100
|-hitcount|p1a: Heatran|6
|
|-weather|none
|-heal|p1a: Heatran|76/100|[from] item: Leftovers
|upkeep
|turn|6
|
|t:|1779801216
|move|p2a: Fezandipiti|U-turn|p1a: Heatran
|-resisted|p1a: Heatran
|-damage|p1a: Heatran|74/100
|-status|p2a: Fezandipiti|brn|[from] ability: Flame Body|[of] p1a: Heatran
|
|t:|1779801228
|switch|p2a: Ogerpon|Ogerpon-Wellspring, F|100/100|[from] U-turn
|move|p1a: Heatran|Stealth Rock|p2a: Ogerpon
|-sidestart|p2: pap3ra|move: Stealth Rock
|
|-heal|p1a: Heatran|80/100|[from] item: Leftovers
|upkeep
|turn|7
|
|t:|1779801239
|switch|p1a: Hydrapple|Hydrapple, M|100/100
|-damage|p1a: Hydrapple|88/100|[from] Stealth Rock
|move|p2a: Ogerpon|Swords Dance|p2a: Ogerpon
|-boost|p2a: Ogerpon|atk|2
|
|upkeep
|turn|8
|
|t:|1779801255
|move|p2a: Ogerpon|Ivy Cudgel|p1a: Hydrapple|[anim] Ivy Cudgel Water
|-resisted|p1a: Hydrapple
|-damage|p1a: Hydrapple|73/100
|move|p1a: Hydrapple|Giga Drain|p2a: Ogerpon
|-damage|p2a: Ogerpon|66/100
|-heal|p1a: Hydrapple|86/100|[from] drain|[of] p2a: Ogerpon
|
|upkeep
|turn|9
|
|t:|1779801268
|switch|p2a: Muk|Muk-Alola, M|100/100
|-damage|p2a: Muk|88/100|[from] Stealth Rock
|move|p1a: Hydrapple|Giga Drain|p2a: Muk
|-resisted|p2a: Muk
|-damage|p2a: Muk|76/100
|-heal|p1a: Hydrapple|92/100|[from] drain|[of] p2a: Muk
|
|-heal|p2a: Muk|82/100|[from] item: Leftovers
|upkeep
|turn|10
|inactive|pap3ra has 120 seconds left.
|
|t:|1779801286
|switch|p1a: Excadrill|Excadrill, F|100/100
|-damage|p1a: Excadrill|97/100|[from] Stealth Rock
|-item|p1a: Excadrill|Air Balloon
|move|p2a: Muk|Curse|p2a: Muk
|-unboost|p2a: Muk|spe|1
|-boost|p2a: Muk|atk|1
|-boost|p2a: Muk|def|1
|
|-heal|p2a: Muk|88/100|[from] item: Leftovers
|upkeep
|turn|11
|inactive|pap3ra has 120 seconds left.
|
|t:|1779801307
|-terastallize|p2a: Muk|Flying
|move|p1a: Excadrill|Swords Dance|p1a: Excadrill
|-boost|p1a: Excadrill|atk|2
|move|p2a: Muk|Curse|p2a: Muk
|-unboost|p2a: Muk|spe|1
|-boost|p2a: Muk|atk|1
|-boost|p2a: Muk|def|1
|
|-heal|p2a: Muk|94/100|[from] item: Leftovers
|upkeep
|turn|12
|
|t:|1779801334
|move|p1a: Excadrill|Iron Head|p2a: Muk
|-crit|p2a: Muk
|-damage|p2a: Muk|0 fnt
|faint|p2a: Muk
|
|upkeep
|-message|pap3ra forfeited.
|
|win|og_jersey
|raw|og_jersey's rating: 1438 &rarr; <strong>1456</strong><br />(+18 for winning)
|raw|pap3ra's rating: 1397 &rarr; <strong>1379</strong><br />(-18 for losing)
|l|☆pap3ra
|player|p2|
|l|☆og_jersey
|player|p1|
