|j|☆0c3an m4n
|j|☆kingteth1991
|t:|1779912299
|gametype|singles
|player|p1|0c3an m4n|marlon|1620
|player|p2|kingteth1991|1|1486
|gen|9
|tier|[Gen 9] OU
|rated|
|rule|HP Percentage Mod: HP is shown in percentages
|rule|Endless Battle Clause: Forcing endless battles is banned
|rule|Species Clause: Limit one of each Pokémon
|rule|OHKO Clause: OHKO moves are banned
|rule|Evasion Items Clause: Evasion items are banned
|rule|Evasion Moves Clause: Evasion moves are banned
|rule|Evasion Abilities Clause: Evasion abilities are banned
|rule|Sleep Moves Clause: Sleep-inducing moves are banned
|clearpoke
|poke|p1|Quaquaval, M|
|poke|p1|Barraskewda, M|
|poke|p1|Pelipper, M|
|poke|p1|Slither Wing|
|poke|p1|Hatterene, F|
|poke|p1|Crawdaunt, F|
|poke|p2|Iron Treads|
|poke|p2|Cinderace, F|
|poke|p2|Tyranitar, M|
|poke|p2|Zamazenta-*|
|poke|p2|Gholdengo|
|poke|p2|Dragonite, F|
|teampreview
|
|t:|1779912322
|teamsize|p1|6
|teamsize|p2|6
|start
|switch|p1a: Apernao 🔥|Crawdaunt, F, shiny|100/100
|switch|p2a: Cinderace|Cinderace, F|100/100
|turn|1
|inactive|Battle timer is ON: inactive players will automatically lose when time's up. (requested by kingteth1991)
|
|t:|1779912327
|move|p2a: Cinderace|U-turn|p1a: Apernao 🔥
|-start|p2a: Cinderace|typechange|Bug|[from] ability: Libero
|-supereffective|p1a: Apernao 🔥
|-enditem|p1a: Apernao 🔥|Focus Sash
|-damage|p1a: Apernao 🔥|1/100
|
|t:|1779912339
|switch|p2a: Zamazenta|Zamazenta|100/100|[from] U-turn
|-ability|p2a: Zamazenta|Dauntless Shield|boost
|-boost|p2a: Zamazenta|def|1
|move|p1a: Apernao 🔥|Knock Off|p2a: Zamazenta
|-resisted|p2a: Zamazenta
|-damage|p2a: Zamazenta|81/100
|-enditem|p2a: Zamazenta|Leftovers|[from] move: Knock Off|[of] p1a: Apernao 🔥
|
|upkeep
|turn|2
|
|t:|1779912348
|move|p2a: Zamazenta|Iron Defense|p2a: Zamazenta
|-boost|p2a: Zamazenta|def|2
|move|p1a: Apernao 🔥|Crabhammer|p2a: Zamazenta
|-damage|p2a: Zamazenta|56/100
|
|upkeep
|turn|3
|
|t:|1779912356
|move|p2a: Zamazenta|Body Press|p1a: Apernao 🔥
|-supereffective|p1a: Apernao 🔥
|-damage|p1a: Apernao 🔥|0 fnt
|faint|p1a: Apernao 🔥
|
|upkeep
|
|t:|1779912358
|switch|p1a: Risk of what?|Pelipper, M, shiny|100/100
|-weather|RainDance|[from] ability: Drizzle|[of] p1a: Risk of what?
|turn|4
|
|t:|1779912362
|move|p2a: Zamazenta|Iron Defense|p2a: Zamazenta
|-boost|p2a: Zamazenta|def|2
|move|p1a: Risk of what?|U-turn|p2a: Zamazenta
|-resisted|p2a: Zamazenta
|-damage|p2a: Zamazenta|56/100
|
|t:|1779912364
|switch|p1a: Si|Hatterene, F, shiny|100/100|[from] U-turn
|
|-weather|RainDance|[upkeep]
|upkeep
|turn|5
|
|t:|1779912371
|-terastallize|p2a: Zamazenta|Steel
|move|p2a: Zamazenta|Body Press|p1a: Si
|-resisted|p1a: Si
|-damage|p1a: Si|65/100
|move|p1a: Si|Draining Kiss|p2a: Zamazenta
|-resisted|p2a: Zamazenta
|-damage|p2a: Zamazenta|41/100
|-heal|p1a: Si|76/100|[from] drain|[of] p2a: Zamazenta
|
|-weather|RainDance|[upkeep]
|upkeep
|turn|6
|
|t:|1779912378
|move|p2a: Zamazenta|Crunch|p1a: Si
|-damage|p1a: Si|53/100
|move|p1a: Si|Nuzzle|p2a: Zamazenta
|-damage|p2a: Zamazenta|40/100
|-status|p2a: Zamazenta|par
|
|-weather|RainDance|[upkeep]
|upkeep
|turn|7
|
|t:|1779912382
|move|p2a: Zamazenta|Body Press|p1a: Si
|-resisted|p1a: Si
|-damage|p1a: Si|19/100
|move|p1a: Si|Mystical Fire|p2a: Zamazenta
|-supereffective|p2a: Zamazenta
|-damage|p2a: Zamazenta|14/100 par
|-unboost|p2a: Zamazenta|spa|1
|
|-weather|RainDance|[upkeep]
|upkeep
|turn|8
|
|t:|1779912388
|move|p2a: Zamazenta|Body Press|p1a: Si
|-resisted|p1a: Si
|-damage|p1a: Si|0 fnt
|faint|p1a: Si
|
|-weather|RainDance|[upkeep]
|upkeep
|
|t:|1779912391
|switch|p1a: Berdly|Quaquaval, M, shiny|100/100
|turn|9
|
|t:|1779912394
|-terastallize|p1a: Berdly|Water
|move|p1a: Berdly|Aqua Step|p2a: Zamazenta
|-damage|p2a: Zamazenta|0 fnt
|-boost|p1a: Berdly|spe|1
|faint|p2a: Zamazenta
|-ability|p1a: Berdly|Moxie|boost
|-boost|p1a: Berdly|atk|1
|
|-weather|RainDance|[upkeep]
|upkeep
|
|t:|1779912400
|switch|p2a: Dragonite|Dragonite, F|100/100
|turn|10
|
|t:|1779912404
|move|p1a: Berdly|Aqua Step|p2a: Dragonite
|-resisted|p2a: Dragonite
|-damage|p2a: Dragonite|68/100
|-boost|p1a: Berdly|spe|1
|move|p2a: Dragonite|Dragon Dance|p2a: Dragonite
|-boost|p2a: Dragonite|atk|1
|-boost|p2a: Dragonite|spe|1
|
|-weather|RainDance|[upkeep]
|upkeep
|turn|11
|
|t:|1779912411
|move|p2a: Dragonite|Extreme Speed|p1a: Berdly
|-damage|p1a: Berdly|35/100
|move|p1a: Berdly|Aqua Step|p2a: Dragonite
|-resisted|p2a: Dragonite
|-damage|p2a: Dragonite|1/100
|-boost|p1a: Berdly|spe|1
|
|-weather|none
|upkeep
|turn|12
|
|t:|1779912418
|move|p1a: Berdly|Upper Hand|p2a: Dragonite
|-resisted|p2a: Dragonite
|-damage|p2a: Dragonite|0 fnt
|faint|p2a: Dragonite
|-ability|p1a: Berdly|Moxie|boost
|-boost|p1a: Berdly|atk|1
|
|upkeep
|
|t:|1779912429
|switch|p2a: Gholdengo|Gholdengo|100/100
|-item|p2a: Gholdengo|Air Balloon
|turn|13
|
|t:|1779912442
|move|p1a: Berdly|Aqua Step|p2a: Gholdengo
|-crit|p2a: Gholdengo
|-damage|p2a: Gholdengo|0 fnt
|-boost|p1a: Berdly|spe|1
|-enditem|p2a: Gholdengo|Air Balloon
|faint|p2a: Gholdengo
|-ability|p1a: Berdly|Moxie|boost
|-boost|p1a: Berdly|atk|1
|
|upkeep
|
|t:|1779912447
|switch|p2a: Iron Treads|Iron Treads|100/100
|-enditem|p2a: Iron Treads|Booster Energy
|-activate|p2a: Iron Treads|ability: Quark Drive|[fromitem]
|-start|p2a: Iron Treads|quarkdrivespe
|turn|14
|
|t:|1779912450
|move|p1a: Berdly|Aqua Step|p2a: Iron Treads
|-supereffective|p2a: Iron Treads
|-damage|p2a: Iron Treads|0 fnt
|-boost|p1a: Berdly|spe|1
|faint|p2a: Iron Treads
|-end|p2a: Iron Treads|Quark Drive|[silent]
|-ability|p1a: Berdly|Moxie|boost
|-boost|p1a: Berdly|atk|1
|
|upkeep
|
|t:|1779912458
|switch|p2a: Tyranitar|Tyranitar, M|100/100
|-weather|Sandstorm|[from] ability: Sand Stream|[of] p2a: Tyranitar
|turn|15
|
|t:|1779912462
|move|p1a: Berdly|Aqua Step|p2a: Tyranitar
|-supereffective|p2a: Tyranitar
|-damage|p2a: Tyranitar|0 fnt
|-boost|p1a: Berdly|spe|1
|faint|p2a: Tyranitar
|-ability|p1a: Berdly|Moxie|boost
|-boost|p1a: Berdly|atk|1
|
|-weather|Sandstorm|[upkeep]
|-damage|p1a: Berdly|29/100|[from] Sandstorm
|upkeep
|
|t:|1779912465
|switch|p2a: Cinderace|Cinderace, F|100/100
|turn|16
|
|t:|1779912468
|move|p1a: Berdly|Aqua Step|p2a: Cinderace
|-supereffective|p2a: Cinderace
|-damage|p2a: Cinderace|0 fnt
|faint|p2a: Cinderace
|
|win|0c3an m4n
|raw|0c3an m4n's rating: 1620 &rarr; <strong>1633</strong><br />(+13 for winning)
|raw|kingteth1991's rating: 1486 &rarr; <strong>1473</strong><br />(-13 for losing)
|l|☆kingteth1991
|player|p2|
|l|☆0c3an m4n
|player|p1|
