|j|☆weiee
|j|‽whyudodoe
|t:|1779864201
|gametype|singles
|player|p1|weiee|169|1448
|player|p2|whyudodoe|1|1506
|gen|9
|tier|[Gen 9] OU
|rated|
|rule|HP Percentage Mod: HP is shown in percentages
|rule|Endless Battle Clause: Forcing endless battles is banned
|rule|Species Clause: Limit one of each Pokémon
|rule|OHKO Clause: OHKO moves are banned
|rule|Evasion Items Clause: Evasion items are banned
|rule|Evasion Moves Clause: Evasion moves are banned
|rule|Evasion Abilities Clause: Evasion abilities are banned
|rule|Sleep Moves Clause: Sleep-inducing moves are banned
|clearpoke
|poke|p1|Salamence, M|
|poke|p1|Glimmora, M|
|poke|p1|Iron Valiant|
|poke|p1|Ogerpon-Wellspring, F|
|poke|p1|Scizor, M|
|poke|p1|Raging Bolt|
|poke|p2|Blaziken, F|
|poke|p2|Rotom-Wash|
|poke|p2|Slowking-Galar, F|
|poke|p2|Great Tusk|
|poke|p2|Weavile, M|
|poke|p2|Tinkaton, F|
|teampreview
|
|t:|1779864222
|teamsize|p1|6
|teamsize|p2|6
|start
|switch|p1a: Scizor|Scizor, M|100/100
|switch|p2a: Tinkaton|Tinkaton, F|100/100
|-item|p2a: Tinkaton|Air Balloon
|turn|1
|l|☆weiee
|player|p1|
|inactive|Battle timer is ON: inactive players will automatically lose when time's up. (requested by whyudodoe)
|j|☆weiee
|inactive|weiee reconnected and has 150 seconds left.
|player|p1|weiee|169|
|
|t:|1779864265
|move|p2a: Tinkaton|Stealth Rock|p1a: Scizor
|-sidestart|p1: weiee|move: Stealth Rock
|move|p1a: Scizor|U-turn|p2a: Tinkaton
|-resisted|p2a: Tinkaton
|-damage|p2a: Tinkaton|83/100
|-enditem|p2a: Tinkaton|Air Balloon
|-enditem|p1a: Scizor|Choice Band|[silent]|[from] ability: Pickpocket|[of] p1a: Scizor
|-item|p2a: Tinkaton|Choice Band|[from] ability: Pickpocket|[of] p1a: Scizor
|
|t:|1779864269
|switch|p1a: Ogerpon|Ogerpon-Wellspring, F|100/100|[from] U-turn
|-damage|p1a: Ogerpon|88/100|[from] Stealth Rock
|
|upkeep
|turn|2
|
|t:|1779864294
|switch|p2a: Slowking|Slowking-Galar, F|100/100
|move|p1a: Ogerpon|Swords Dance|p1a: Ogerpon
|-boost|p1a: Ogerpon|atk|2
|
|upkeep
|turn|3
|
|t:|1779864308
|-terastallize|p1a: Ogerpon|Water
|detailschange|p1a: Ogerpon|Ogerpon-Wellspring-Tera, F, tera:Water
|-ability|p1a: Ogerpon|Embody Aspect (Wellspring)|boost
|-boost|p1a: Ogerpon|spd|1
|-terastallize|p2a: Slowking|Water
|move|p1a: Ogerpon|Ivy Cudgel|p2a: Slowking|[anim] Ivy Cudgel Water
|-resisted|p2a: Slowking
|-damage|p2a: Slowking|39/100
|move|p2a: Slowking|Sludge Bomb|p1a: Ogerpon
|-damage|p1a: Ogerpon|60/100
|
|upkeep
|turn|4
|
|t:|1779864329
|move|p1a: Ogerpon|Trailblaze|p2a: Slowking
|-supereffective|p2a: Slowking
|-damage|p2a: Slowking|0 fnt
|-boost|p1a: Ogerpon|spe|1
|-damage|p1a: Ogerpon|44/100|[from] item: Rocky Helmet|[of] p2a: Slowking
|faint|p2a: Slowking
|
|upkeep
|
|t:|1779864336
|switch|p2a: Rotom|Rotom-Wash|100/100
|turn|5
|
|t:|1779864341
|move|p1a: Ogerpon|Trailblaze|p2a: Rotom
|-supereffective|p2a: Rotom
|-damage|p2a: Rotom|0 fnt
|-boost|p1a: Ogerpon|spe|1
|-damage|p1a: Ogerpon|27/100|[from] item: Rocky Helmet|[of] p2a: Rotom
|faint|p2a: Rotom
|
|upkeep
|
|t:|1779864349
|switch|p2a: Weavile|Weavile, M|100/100
|-ability|p2a: Weavile|Pressure
|turn|6
|
|t:|1779864352
|move|p2a: Weavile|Ice Shard|p1a: Ogerpon
|-resisted|p1a: Ogerpon
|-damage|p1a: Ogerpon|9/100
|move|p1a: Ogerpon|Ivy Cudgel|p2a: Weavile|[anim] Ivy Cudgel Water
|-crit|p2a: Weavile
|-damage|p2a: Weavile|0 fnt
|faint|p2a: Weavile
|
|upkeep
|
|t:|1779864355
|switch|p2a: Great Tusk|Great Tusk|100/100
|turn|7
|
|t:|1779864358
|move|p1a: Ogerpon|Ivy Cudgel|p2a: Great Tusk|[anim] Ivy Cudgel Water
|-supereffective|p2a: Great Tusk
|-enditem|p2a: Great Tusk|Passho Berry|[eat]
|-enditem|p2a: Great Tusk|Passho Berry|[weaken]
|-damage|p2a: Great Tusk|10/100
|move|p2a: Great Tusk|Rapid Spin|p1a: Ogerpon
|-damage|p1a: Ogerpon|0 fnt
|-boost|p2a: Great Tusk|spe|1
|faint|p1a: Ogerpon
|detailschange|p1: Ogerpon|Ogerpon-Wellspring, F|[silent]
|
|upkeep
|
|t:|1779864366
|switch|p1a: Iron Valiant|Iron Valiant|100/100
|-damage|p1a: Iron Valiant|94/100|[from] Stealth Rock
|-enditem|p1a: Iron Valiant|Booster Energy
|-activate|p1a: Iron Valiant|ability: Quark Drive|[fromitem]
|-start|p1a: Iron Valiant|quarkdrivespe
|turn|8
|
|t:|1779864369
|-end|p2a: Great Tusk|Protosynthesis|[silent]
|switch|p2a: Tinkaton|Tinkaton, F|83/100
|move|p1a: Iron Valiant|Vacuum Wave|p2a: Tinkaton
|-damage|p2a: Tinkaton|65/100
|
|upkeep
|turn|9
|
|t:|1779864378
|move|p1a: Iron Valiant|Destiny Bond|p1a: Iron Valiant
|-singlemove|p1a: Iron Valiant|Destiny Bond
|move|p2a: Tinkaton|Gigaton Hammer|p1a: Iron Valiant
|-supereffective|p1a: Iron Valiant
|-crit|p1a: Iron Valiant
|-damage|p1a: Iron Valiant|0 fnt
|faint|p1a: Iron Valiant
|-activate|p1a: Iron Valiant|move: Destiny Bond
|-end|p1a: Iron Valiant|Quark Drive|[silent]
|faint|p2a: Tinkaton
|
|upkeep
|
|t:|1779864390
|switch|p1a: Glimmora|Glimmora, M|100/100
|switch|p2a: Blaziken|Blaziken, F|100/100
|-damage|p1a: Glimmora|88/100|[from] Stealth Rock
|turn|10
|
|t:|1779864397
|move|p2a: Blaziken|Protect|p2a: Blaziken
|-singleturn|p2a: Blaziken|Protect
|move|p1a: Glimmora|Earth Power|p2a: Blaziken
|-activate|p2a: Blaziken|move: Protect
|
|-ability|p2a: Blaziken|Speed Boost|boost
|-boost|p2a: Blaziken|spe|1
|upkeep
|turn|11
|
|t:|1779864400
|move|p2a: Blaziken|Earthquake|p1a: Glimmora
|-supereffective|p1a: Glimmora
|-damage|p1a: Glimmora|0 fnt
|-activate|p1a: Glimmora|ability: Toxic Debris
|-sidestart|p2: whyudodoe|move: Toxic Spikes
|faint|p1a: Glimmora
|
|-ability|p2a: Blaziken|Speed Boost|boost
|-boost|p2a: Blaziken|spe|1
|upkeep
|
|t:|1779864406
|switch|p1a: Salamence|Salamence, M|100/100
|-damage|p1a: Salamence|76/100|[from] Stealth Rock
|turn|12
|
|t:|1779864411
|move|p2a: Blaziken|Overheat|p1a: Salamence
|-resisted|p1a: Salamence
|-damage|p1a: Salamence|38/100
|-unboost|p2a: Blaziken|spa|2
|move|p1a: Salamence|Dual Wingbeat|p2a: Blaziken
|-supereffective|p2a: Blaziken
|-damage|p2a: Blaziken|25/100
|-supereffective|p2a: Blaziken
|-damage|p2a: Blaziken|0 fnt
|faint|p2a: Blaziken
|-ability|p1a: Salamence|Moxie|boost
|-boost|p1a: Salamence|atk|1
|-hitcount|p2: Blaziken|2
|
|-heal|p1a: Salamence|45/100|[from] item: Leftovers
|upkeep
|-message|whyudodoe forfeited.
|
|win|weiee
|raw|weiee's rating: 1448 &rarr; <strong>1471</strong><br />(+23 for winning)
|raw|whyudodoe's rating: 1506 &rarr; <strong>1483</strong><br />(-23 for losing)
|l|‽whyudodoe
|player|p2|
|l|☆weiee
|player|p1|
