|j|☆mehouf440
|j|☆winningisearned
|t:|1779899116
|gametype|singles
|player|p1|mehouf440|265|1170
|player|p2|winningisearned|170|1198
|gen|9
|tier|[Gen 9] OU
|rated|
|rule|HP Percentage Mod: HP is shown in percentages
|rule|Endless Battle Clause: Forcing endless battles is banned
|rule|Species Clause: Limit one of each Pokémon
|rule|OHKO Clause: OHKO moves are banned
|rule|Evasion Items Clause: Evasion items are banned
|rule|Evasion Moves Clause: Evasion moves are banned
|rule|Evasion Abilities Clause: Evasion abilities are banned
|rule|Sleep Moves Clause: Sleep-inducing moves are banned
|clearpoke
|poke|p1|Ceruledge, M|
|poke|p1|Alomomola, M|
|poke|p1|Great Tusk|
|poke|p1|Glimmora, M|
|poke|p1|Hatterene, F|
|poke|p1|Meowscarada, M|
|poke|p2|Umbreon, F|
|poke|p2|Porygon-Z|
|poke|p2|Staraptor, M|
|poke|p2|Cresselia, F|
|poke|p2|Scizor, M|
|poke|p2|Gyarados, M|
|teampreview
|inactive|Battle timer is ON: inactive players will automatically lose when time's up. (requested by mehouf440)
|
|t:|1779899143
|teamsize|p1|6
|teamsize|p2|6
|start
|switch|p1a: Meowscarada|Meowscarada, M|100/100
|switch|p2a: Staraptor|Staraptor, M, shiny|100/100
|turn|1
|
|t:|1779899154
|switch|p1a: Alomomola|Alomomola, M|100/100
|move|p2a: Staraptor|Brave Bird|p1a: Alomomola
|-damage|p1a: Alomomola|49/100
|-damage|p2a: Staraptor|84/100|[from] item: Rocky Helmet|[of] p1a: Alomomola
|-damage|p2a: Staraptor|55/100|[from] Recoil
|
|upkeep
|turn|2
|
|t:|1779899163
|move|p1a: Alomomola|Protect|p1a: Alomomola
|-singleturn|p1a: Alomomola|Protect
|move|p2a: Staraptor|Brave Bird|p1a: Alomomola
|-activate|p1a: Alomomola|move: Protect
|
|upkeep
|turn|3
|
|t:|1779899172
|switch|p1a: Glimmora|Glimmora, M|100/100
|move|p2a: Staraptor|Brave Bird|p1a: Glimmora
|-resisted|p1a: Glimmora
|-damage|p1a: Glimmora|41/100
|-activate|p1a: Glimmora|ability: Toxic Debris
|-sidestart|p2: winningisearned|move: Toxic Spikes
|-damage|p2a: Staraptor|36/100|[from] Recoil
|
|upkeep
|turn|4
|
|t:|1779899184
|switch|p1a: Alomomola|Alomomola, M|82/100
|move|p2a: Staraptor|Brave Bird|p1a: Alomomola
|-damage|p1a: Alomomola|22/100
|-damage|p2a: Staraptor|19/100|[from] item: Rocky Helmet|[of] p1a: Alomomola
|-damage|p2a: Staraptor|0 fnt|[from] Recoil
|faint|p2a: Staraptor
|
|upkeep
|
|t:|1779899198
|switch|p2a: Porygon-Z|Porygon-Z, shiny|100/100
|-status|p2a: Porygon-Z|psn
|turn|5
|
|t:|1779899209
|switch|p1a: Hatterene|Hatterene, F|100/100
|move|p2a: Porygon-Z|Tri Attack|p1a: Hatterene
|-damage|p1a: Hatterene|41/100
|
|-damage|p2a: Porygon-Z|88/100 psn|[from] psn
|upkeep
|turn|6
|
|t:|1779899216
|switch|p1a: Ceruledge|Ceruledge, M|100/100
|-item|p1a: Ceruledge|Air Balloon
|move|p2a: Porygon-Z|Tri Attack|p1a: Ceruledge
|-immune|p1a: Ceruledge
|
|-damage|p2a: Porygon-Z|76/100 psn|[from] psn
|upkeep
|turn|7
|
|t:|1779899227
|switch|p1a: Alomomola|Alomomola, M|55/100
|move|p2a: Porygon-Z|Thunderbolt|p1a: Alomomola
|-supereffective|p1a: Alomomola
|-damage|p1a: Alomomola|0 fnt
|faint|p1a: Alomomola
|
|-damage|p2a: Porygon-Z|64/100 psn|[from] psn
|upkeep
|
|t:|1779899235
|switch|p1a: Meowscarada|Meowscarada, M|100/100
|turn|8
|c|☆winningisearned|doing too much
|
|t:|1779899244
|move|p1a: Meowscarada|U-turn|p2a: Porygon-Z
|-start|p1a: Meowscarada|typechange|Bug|[from] ability: Protean
|-damage|p2a: Porygon-Z|0 fnt
|faint|p2a: Porygon-Z
|
|t:|1779899251
|switch|p1a: Hatterene|Hatterene, F|41/100|[from] U-turn
|
|upkeep
|
|t:|1779899258
|switch|p2a: Scizor|Scizor, M, shiny|100/100
|turn|9
|
|t:|1779899262
|move|p2a: Scizor|Swords Dance|p2a: Scizor
|-boost|p2a: Scizor|atk|2
|move|p1a: Hatterene|Nuzzle|p2a: Scizor
|-damage|p2a: Scizor|96/100
|-status|p2a: Scizor|par
|
|upkeep
|turn|10
|
|t:|1779899269
|switch|p1a: Glimmora|Glimmora, M|41/100
|move|p2a: Scizor|Swords Dance|p2a: Scizor
|-boost|p2a: Scizor|atk|2
|
|upkeep
|turn|11
|
|t:|1779899275
|move|p2a: Scizor|Bullet Punch|p1a: Glimmora
|-supereffective|p1a: Glimmora
|-damage|p1a: Glimmora|0 fnt
|-activate|p1a: Glimmora|ability: Toxic Debris
|-sidestart|p2: winningisearned|move: Toxic Spikes
|faint|p1a: Glimmora
|-damage|p2a: Scizor|87/100 par|[from] item: Life Orb
|
|upkeep
|
|t:|1779899281
|switch|p1a: Ceruledge|Ceruledge, M|100/100
|-item|p1a: Ceruledge|Air Balloon
|turn|12
|
|t:|1779899291
|-terastallize|p2a: Scizor|Normal
|move|p2a: Scizor|Bullet Punch|p1a: Ceruledge
|-resisted|p1a: Ceruledge
|-damage|p1a: Ceruledge|8/100
|-ability|p1a: Ceruledge|Weak Armor|boost
|-unboost|p1a: Ceruledge|def|1
|-boost|p1a: Ceruledge|spe|2
|-enditem|p1a: Ceruledge|Air Balloon
|-damage|p2a: Scizor|77/100 par|[from] item: Life Orb
|move|p1a: Ceruledge|Bitter Blade|p2a: Scizor
|-damage|p2a: Scizor|32/100 par
|-heal|p1a: Ceruledge|34/100|[from] drain|[of] p2a: Scizor
|
|upkeep
|turn|13
|
|t:|1779899305
|move|p2a: Scizor|Bullet Punch|p1a: Ceruledge
|-resisted|p1a: Ceruledge
|-damage|p1a: Ceruledge|0 fnt
|faint|p1a: Ceruledge
|-damage|p2a: Scizor|22/100 par|[from] item: Life Orb
|
|upkeep
|
|t:|1779899310
|switch|p1a: Great Tusk|Great Tusk|100/100
|turn|14
|
|t:|1779899316
|cant|p2a: Scizor|par
|move|p1a: Great Tusk|Earthquake|p2a: Scizor
|-damage|p2a: Scizor|0 fnt
|faint|p2a: Scizor
|
|upkeep
|
|t:|1779899325
|switch|p2a: Umbreon|Umbreon, F, shiny|100/100
|-status|p2a: Umbreon|tox
|turn|15
|
|t:|1779899330
|-end|p1a: Great Tusk|Protosynthesis|[silent]
|switch|p1a: Hatterene|Hatterene, F|41/100
|move|p2a: Umbreon|Toxic|p1a: Hatterene
|move|p1a: Hatterene|Toxic|p2a: Umbreon|[from] ability: Magic Bounce
|-fail|p2a: Umbreon|tox
|
|-damage|p2a: Umbreon|94/100 tox|[from] psn
|upkeep
|turn|16
|
|t:|1779899339
|move|p2a: Umbreon|Foul Play|p1a: Hatterene
|-damage|p1a: Hatterene|6/100
|move|p1a: Hatterene|Calm Mind|p1a: Hatterene
|-boost|p1a: Hatterene|spa|1
|-boost|p1a: Hatterene|spd|1
|
|-heal|p2a: Umbreon|100/100 tox|[from] item: Leftovers
|-damage|p2a: Umbreon|88/100 tox|[from] psn
|upkeep
|turn|17
|
|t:|1779899347
|move|p2a: Umbreon|Foul Play|p1a: Hatterene
|-damage|p1a: Hatterene|0 fnt
|faint|p1a: Hatterene
|
|-heal|p2a: Umbreon|94/100 tox|[from] item: Leftovers
|-damage|p2a: Umbreon|76/100 tox|[from] psn
|upkeep
|
|t:|1779899350
|switch|p1a: Meowscarada|Meowscarada, M|100/100
|turn|18
|
|t:|1779899356
|move|p1a: Meowscarada|U-turn|p2a: Umbreon
|-start|p1a: Meowscarada|typechange|Bug|[from] ability: Protean
|-supereffective|p2a: Umbreon
|-damage|p2a: Umbreon|4/100 tox
|
|t:|1779899361
|switch|p1a: Great Tusk|Great Tusk|100/100|[from] U-turn
|move|p2a: Umbreon|Toxic|p1a: Great Tusk
|-status|p1a: Great Tusk|tox
|
|-heal|p2a: Umbreon|10/100 tox|[from] item: Leftovers
|-damage|p1a: Great Tusk|94/100 tox|[from] psn
|-damage|p2a: Umbreon|0 fnt|[from] psn
|faint|p2a: Umbreon
|upkeep
|
|t:|1779899370
|switch|p2a: Cresselia|Cresselia, F, shiny|100/100
|turn|19
|
|t:|1779899378
|-end|p1a: Great Tusk|Protosynthesis|[silent]
|switch|p1a: Meowscarada|Meowscarada, M|100/100
|move|p2a: Cresselia|Reflect|p2a: Cresselia
|-sidestart|p2: winningisearned|Reflect
|
|upkeep
|turn|20
|
|t:|1779899382
|move|p1a: Meowscarada|Knock Off|p2a: Cresselia
|-start|p1a: Meowscarada|typechange|Dark|[from] ability: Protean
|-supereffective|p2a: Cresselia
|-damage|p2a: Cresselia|63/100
|-enditem|p2a: Cresselia|Light Clay|[from] move: Knock Off|[of] p1a: Meowscarada
|move|p2a: Cresselia|Thunder Wave|p1a: Meowscarada
|-status|p1a: Meowscarada|par
|
|upkeep
|turn|21
|
|t:|1779899392
|move|p2a: Cresselia|Psychic|p1a: Meowscarada
|-immune|p1a: Meowscarada
|move|p1a: Meowscarada|Knock Off|p2a: Cresselia
|-supereffective|p2a: Cresselia
|-damage|p2a: Cresselia|39/100
|
|upkeep
|turn|22
|
|t:|1779899405
|move|p2a: Cresselia|Light Screen|p2a: Cresselia
|-sidestart|p2: winningisearned|move: Light Screen
|move|p1a: Meowscarada|Knock Off|p2a: Cresselia
|-supereffective|p2a: Cresselia
|-damage|p2a: Cresselia|14/100
|
|upkeep
|turn|23
|l|☆mehouf440
|inactive|mehouf440 disconnected and has a minute to reconnect!
|player|p1|
|j|☆mehouf440
|inactive|mehouf440 reconnected and has 130 seconds left.
|player|p1|mehouf440|265|
|inactive|mehouf440 has 120 seconds left.
|
|t:|1779899439
|move|p2a: Cresselia|Psychic|p1a: Meowscarada
|-immune|p1a: Meowscarada
|move|p1a: Meowscarada|Knock Off|p2a: Cresselia
|-supereffective|p2a: Cresselia
|-damage|p2a: Cresselia|0 fnt
|faint|p2a: Cresselia
|
|upkeep
|inactive|winningisearned has 120 seconds left.
|inactive|winningisearned has 90 seconds left.
|
|t:|1779899497
|switch|p2a: Gyarados|Gyarados, M, shiny|100/100
|turn|24
|
|t:|1779899507
|move|p2a: Gyarados|Dragon Dance|p2a: Gyarados
|-boost|p2a: Gyarados|atk|1
|-boost|p2a: Gyarados|spe|1
|cant|p1a: Meowscarada|par
|
|upkeep
|turn|25
|
|t:|1779899513
|move|p2a: Gyarados|Waterfall|p1a: Meowscarada
|-damage|p1a: Meowscarada|5/100 par
|move|p1a: Meowscarada|Knock Off|p2a: Gyarados
|-damage|p2a: Gyarados|62/100
|-damage|p1a: Meowscarada|0 fnt|[from] item: Rocky Helmet|[of] p2a: Gyarados
|faint|p1a: Meowscarada
|
|upkeep
|-message|mehouf440 forfeited.
|
|win|winningisearned
|raw|mehouf440's rating: 1170 &rarr; <strong>1147</strong><br />(-23 for losing)
|raw|winningisearned's rating: 1198 &rarr; <strong>1221</strong><br />(+23 for winning)
|l|☆mehouf440
|player|p1|
|c|☆winningisearned|doing too much
