|j|☆5darkelves
|j|☆Humerus_Skelepun
|t:|1779914226
|gametype|singles
|player|p1|5darkelves|hiker|1373
|player|p2|Humerus_Skelepun|169|1453
|gen|9
|tier|[Gen 9] OU
|rated|
|rule|HP Percentage Mod: HP is shown in percentages
|rule|Endless Battle Clause: Forcing endless battles is banned
|rule|Species Clause: Limit one of each Pokémon
|rule|OHKO Clause: OHKO moves are banned
|rule|Evasion Items Clause: Evasion items are banned
|rule|Evasion Moves Clause: Evasion moves are banned
|rule|Evasion Abilities Clause: Evasion abilities are banned
|rule|Sleep Moves Clause: Sleep-inducing moves are banned
|clearpoke
|poke|p1|Pawmot, F|
|poke|p1|Dondozo, F|
|poke|p1|Corviknight, M|
|poke|p1|Weavile, M|
|poke|p1|Iron Valiant|
|poke|p1|Glimmora, M|
|poke|p2|Amoonguss, F|
|poke|p2|Toxapex, M|
|poke|p2|Corviknight, F|
|poke|p2|Dondozo, M|
|poke|p2|Blissey, F|
|poke|p2|Gliscor, F|
|teampreview
|inactive|Battle timer is ON: inactive players will automatically lose when time's up. (requested by Humerus_Skelepun)
|
|t:|1779914252
|teamsize|p1|6
|teamsize|p2|6
|start
|switch|p1a: Weavile|Weavile, M|100/100
|switch|p2a: Amoonguss|Amoonguss, F|100/100
|turn|1
|
|t:|1779914263
|move|p1a: Weavile|Swords Dance|p1a: Weavile
|-boost|p1a: Weavile|atk|2
|move|p2a: Amoonguss|Toxic|p1a: Weavile
|-status|p1a: Weavile|tox
|
|-damage|p1a: Weavile|94/100 tox|[from] psn
|upkeep
|turn|2
|
|t:|1779914267
|switch|p2a: Dondozo|Dondozo, M|100/100
|move|p1a: Weavile|Knock Off|p2a: Dondozo
|-damage|p2a: Dondozo|81/100
|-enditem|p2a: Dondozo|Heavy-Duty Boots|[from] move: Knock Off|[of] p1a: Weavile
|
|-damage|p1a: Weavile|82/100 tox|[from] psn
|upkeep
|turn|3
|
|t:|1779914281
|switch|p1a: Pawmot|Pawmot, F|100/100
|move|p2a: Dondozo|Waterfall|p1a: Pawmot
|-damage|p1a: Pawmot|52/100
|
|upkeep
|turn|4
|
|t:|1779914289
|switch|p2a: Amoonguss|Amoonguss, F|100/100
|move|p1a: Pawmot|Knock Off|p2a: Amoonguss
|-damage|p2a: Amoonguss|79/100
|-enditem|p2a: Amoonguss|Heavy-Duty Boots|[from] move: Knock Off|[of] p1a: Pawmot
|
|upkeep
|turn|5
|
|t:|1779914299
|switch|p1a: Glimmora|Glimmora, M|100/100
|-item|p1a: Glimmora|Air Balloon
|move|p2a: Amoonguss|Toxic|p1a: Glimmora
|-immune|p1a: Glimmora
|
|upkeep
|turn|6
|
|t:|1779914306
|move|p1a: Glimmora|Sludge Wave|p2a: Amoonguss
|-damage|p2a: Amoonguss|28/100
|move|p2a: Amoonguss|Foul Play|p1a: Glimmora
|-damage|p1a: Glimmora|88/100
|-activate|p1a: Glimmora|ability: Toxic Debris
|-sidestart|p2: Humerus_Skelepun|move: Toxic Spikes
|-enditem|p1a: Glimmora|Air Balloon
|
|upkeep
|turn|7
|
|t:|1779914318
|switch|p2a: Gliscor|Gliscor, F|100/100
|move|p1a: Glimmora|Power Gem|p2a: Gliscor
|-damage|p2a: Gliscor|61/100
|
|-status|p2a: Gliscor|tox|[from] item: Toxic Orb
|upkeep
|turn|8
|
|t:|1779914328
|move|p1a: Glimmora|Power Gem|p2a: Gliscor
|-damage|p2a: Gliscor|19/100 tox
|move|p2a: Gliscor|Earthquake|p1a: Glimmora
|-supereffective|p1a: Glimmora
|-damage|p1a: Glimmora|0 fnt
|-activate|p1a: Glimmora|ability: Toxic Debris
|-sidestart|p2: Humerus_Skelepun|move: Toxic Spikes
|faint|p1a: Glimmora
|
|-heal|p2a: Gliscor|31/100 tox|[from] ability: Poison Heal
|upkeep
|
|t:|1779914351
|switch|p1a: Iron Valiant|Iron Valiant|100/100
|-enditem|p1a: Iron Valiant|Booster Energy
|-activate|p1a: Iron Valiant|ability: Quark Drive|[fromitem]
|-start|p1a: Iron Valiant|quarkdrivespe
|turn|9
|
|t:|1779914366
|switch|p2a: Toxapex|Toxapex, M|100/100
|-sideend|p2: Humerus_Skelepun|move: Toxic Spikes|[of] p2a: Toxapex
|move|p1a: Iron Valiant|Calm Mind|p1a: Iron Valiant
|-boost|p1a: Iron Valiant|spa|1
|-boost|p1a: Iron Valiant|spd|1
|
|upkeep
|turn|10
|
|t:|1779914386
|move|p1a: Iron Valiant|Calm Mind|p1a: Iron Valiant
|-boost|p1a: Iron Valiant|spa|1
|-boost|p1a: Iron Valiant|spd|1
|move|p2a: Toxapex|Toxic|p1a: Iron Valiant
|-status|p1a: Iron Valiant|tox
|
|-damage|p1a: Iron Valiant|94/100 tox|[from] psn
|upkeep
|turn|11
|
|t:|1779914393
|move|p1a: Iron Valiant|Encore|p2a: Toxapex
|-start|p2a: Toxapex|Encore
|move|p2a: Toxapex|Toxic|p1a: Iron Valiant
|-fail|p1a: Iron Valiant|tox
|
|-damage|p1a: Iron Valiant|82/100 tox|[from] psn
|upkeep
|turn|12
|
|t:|1779914412
|switch|p2a: Amoonguss|Amoonguss, F|62/100
|move|p1a: Iron Valiant|Moonblast|p2a: Amoonguss
|-resisted|p2a: Amoonguss
|-damage|p2a: Amoonguss|21/100
|
|-damage|p1a: Iron Valiant|63/100 tox|[from] psn
|upkeep
|turn|13
|
|t:|1779914424
|switch|p2a: Toxapex|Toxapex, M|100/100
|move|p1a: Iron Valiant|Moonblast|p2a: Toxapex
|-resisted|p2a: Toxapex
|-damage|p2a: Toxapex|69/100
|
|-damage|p1a: Iron Valiant|38/100 tox|[from] psn
|upkeep
|turn|14
|
|t:|1779914434
|move|p2a: Toxapex|Baneful Bunker|p2a: Toxapex
|-singleturn|p2a: Toxapex|move: Protect
|move|p1a: Iron Valiant|Moonblast|p2a: Toxapex
|-activate|p2a: Toxapex|move: Protect
|
|-damage|p1a: Iron Valiant|7/100 tox|[from] psn
|upkeep
|turn|15
|
|t:|1779914444
|move|p1a: Iron Valiant|Moonblast|p2a: Toxapex
|-resisted|p2a: Toxapex
|-damage|p2a: Toxapex|40/100
|-unboost|p2a: Toxapex|spa|1
|move|p2a: Toxapex|Recover|p2a: Toxapex
|-heal|p2a: Toxapex|90/100
|
|-damage|p1a: Iron Valiant|0 fnt|[from] psn
|faint|p1a: Iron Valiant
|-end|p1a: Iron Valiant|Quark Drive|[silent]
|upkeep
|
|t:|1779914456
|switch|p1a: Pawmot|Pawmot, F|52/100
|turn|16
|
|t:|1779914464
|-terastallize|p1a: Pawmot|Electric
|move|p1a: Pawmot|Double Shock|p2a: Toxapex
|-supereffective|p2a: Toxapex
|-damage|p2a: Toxapex|0 fnt
|-start|p1a: Pawmot|typechange|Electric|[from] move: Double Shock
|faint|p2a: Toxapex
|
|upkeep
|
|t:|1779914473
|switch|p2a: Amoonguss|Amoonguss, F|54/100
|turn|17
|
|t:|1779914482
|switch|p1a: Corviknight|Corviknight, M|100/100
|-ability|p1a: Corviknight|Pressure
|move|p2a: Amoonguss|Foul Play|p1a: Corviknight
|-damage|p1a: Corviknight|89/100
|-damage|p2a: Amoonguss|38/100|[from] item: Rocky Helmet|[of] p1a: Corviknight
|
|upkeep
|turn|18
|
|t:|1779914485
|move|p1a: Corviknight|U-turn|p2a: Amoonguss
|-damage|p2a: Amoonguss|28/100
|
|t:|1779914487
|switch|p1a: Pawmot|Pawmot, F, tera:Electric|52/100|[from] U-turn
|move|p2a: Amoonguss|Synthesis|p2a: Amoonguss
|-heal|p2a: Amoonguss|78/100
|
|upkeep
|turn|19
|
|t:|1779914498
|move|p1a: Pawmot|Revival Blessing|p1a: Pawmot
|
|t:|1779914500
|-heal|p1: Glimmora|50/100|[from] move: Revival Blessing
|move|p2a: Amoonguss|Toxic|p1a: Pawmot
|-status|p1a: Pawmot|tox
|
|-damage|p1a: Pawmot|46/100 tox|[from] psn
|upkeep
|turn|20
|
|t:|1779914504
|switch|p1a: Corviknight|Corviknight, M|89/100
|-ability|p1a: Corviknight|Pressure
|move|p2a: Amoonguss|Foul Play|p1a: Corviknight
|-damage|p1a: Corviknight|76/100
|-damage|p2a: Amoonguss|61/100|[from] item: Rocky Helmet|[of] p1a: Corviknight
|
|upkeep
|turn|21
|
|t:|1779914510
|move|p1a: Corviknight|Brave Bird|p2a: Amoonguss
|-supereffective|p2a: Amoonguss
|-damage|p2a: Amoonguss|7/100
|-damage|p1a: Corviknight|57/100|[from] Recoil
|move|p2a: Amoonguss|Synthesis|p2a: Amoonguss
|-heal|p2a: Amoonguss|57/100
|
|upkeep
|turn|22
|
|t:|1779914515
|switch|p2a: Gliscor|Gliscor, F|31/100 tox
|move|p1a: Corviknight|Brave Bird|p2a: Gliscor
|-damage|p2a: Gliscor|2/100 tox
|-damage|p1a: Corviknight|49/100|[from] Recoil
|
|-heal|p2a: Gliscor|15/100 tox|[from] ability: Poison Heal
|upkeep
|turn|23
|
|t:|1779914522
|move|p2a: Gliscor|Protect|p2a: Gliscor
|-singleturn|p2a: Gliscor|Protect
|move|p1a: Corviknight|Roost|p1a: Corviknight
|-heal|p1a: Corviknight|99/100
|-singleturn|p1a: Corviknight|move: Roost
|
|-heal|p2a: Gliscor|27/100 tox|[from] ability: Poison Heal
|upkeep
|turn|24
|
|t:|1779914528
|switch|p2a: Corviknight|Corviknight, F|100/100
|-ability|p2a: Corviknight|Pressure
|move|p1a: Corviknight|Brave Bird|p2a: Corviknight
|-resisted|p2a: Corviknight
|-damage|p2a: Corviknight|88/100
|-damage|p1a: Corviknight|95/100|[from] Recoil
|
|upkeep
|turn|25
|
|t:|1779914539
|move|p2a: Corviknight|Body Press|p1a: Corviknight
|-damage|p1a: Corviknight|79/100
|-damage|p2a: Corviknight|72/100|[from] item: Rocky Helmet|[of] p1a: Corviknight
|move|p1a: Corviknight|U-turn|p2a: Corviknight
|-resisted|p2a: Corviknight
|-damage|p2a: Corviknight|69/100
|
|t:|1779914554
|switch|p1a: Pawmot|Pawmot, F, tera:Electric|46/100 tox|[from] U-turn
|
|-damage|p1a: Pawmot|40/100 tox|[from] psn
|upkeep
|turn|26
|
|t:|1779914559
|switch|p2a: Gliscor|Gliscor, F|27/100 tox
|move|p1a: Pawmot|Knock Off|p2a: Gliscor
|-damage|p2a: Gliscor|4/100 tox
|-enditem|p2a: Gliscor|Toxic Orb|[from] move: Knock Off|[of] p1a: Pawmot
|
|-damage|p1a: Pawmot|28/100 tox|[from] psn
|-heal|p2a: Gliscor|17/100 tox|[from] ability: Poison Heal
|upkeep
|turn|27
|
|t:|1779914571
|switch|p1a: Corviknight|Corviknight, M|79/100
|-ability|p1a: Corviknight|Pressure
|move|p2a: Gliscor|Protect||[still]
|-fail|p2a: Gliscor
|
|-heal|p2a: Gliscor|29/100 tox|[from] ability: Poison Heal
|upkeep
|turn|28
|
|t:|1779914578
|move|p2a: Gliscor|Protect|p2a: Gliscor
|-singleturn|p2a: Gliscor|Protect
|move|p1a: Corviknight|Brave Bird|p2a: Gliscor
|-activate|p2a: Gliscor|move: Protect
|
|-heal|p2a: Gliscor|42/100 tox|[from] ability: Poison Heal
|upkeep
|turn|29
|
|t:|1779914585
|move|p2a: Gliscor|Spikes|p1a: Corviknight
|-sidestart|p1: 5darkelves|Spikes
|move|p1a: Corviknight|Brave Bird|p2a: Gliscor
|-damage|p2a: Gliscor|12/100 tox
|-damage|p1a: Corviknight|71/100|[from] Recoil
|
|-heal|p2a: Gliscor|24/100 tox|[from] ability: Poison Heal
|upkeep
|turn|30
|
|t:|1779914591
|move|p2a: Gliscor|Protect|p2a: Gliscor
|-singleturn|p2a: Gliscor|Protect
|move|p1a: Corviknight|Brave Bird|p2a: Gliscor
|-activate|p2a: Gliscor|move: Protect
|
|-heal|p2a: Gliscor|37/100 tox|[from] ability: Poison Heal
|upkeep
|turn|31
|
|t:|1779914595
|switch|p2a: Corviknight|Corviknight, F|69/100
|-ability|p2a: Corviknight|Pressure
|move|p1a: Corviknight|Brave Bird|p2a: Corviknight
|-resisted|p2a: Corviknight
|-damage|p2a: Corviknight|58/100
|-damage|p1a: Corviknight|67/100|[from] Recoil
|
|upkeep
|turn|32
|
|t:|1779914604
|move|p2a: Corviknight|Roost|p2a: Corviknight
|-heal|p2a: Corviknight|100/100
|-singleturn|p2a: Corviknight|move: Roost
|move|p1a: Corviknight|Defog|p2a: Corviknight
|-unboost|p2a: Corviknight|evasion|1
|-sideend|p1: 5darkelves|Spikes|[from] move: Defog|[of] p1a: Corviknight
|
|upkeep
|turn|33
|
|t:|1779914616
|move|p2a: Corviknight|Body Press|p1a: Corviknight
|-damage|p1a: Corviknight|51/100
|-damage|p2a: Corviknight|84/100|[from] item: Rocky Helmet|[of] p1a: Corviknight
|move|p1a: Corviknight|U-turn|p2a: Corviknight
|-resisted|p2a: Corviknight
|-damage|p2a: Corviknight|82/100
|
|t:|1779914632
|switch|p1a: Weavile|Weavile, M|82/100 tox|[from] U-turn
|
|-damage|p1a: Weavile|76/100 tox|[from] psn
|upkeep
|turn|34
|
|t:|1779914637
|move|p1a: Weavile|Triple Axel|p2a: Corviknight
|-damage|p2a: Corviknight|75/100
|-damage|p2a: Corviknight|62/100
|-damage|p2a: Corviknight|40/100
|-hitcount|p2a: Corviknight|3
|move|p2a: Corviknight|Iron Defense|p2a: Corviknight
|-boost|p2a: Corviknight|def|2
|
|-damage|p1a: Weavile|64/100 tox|[from] psn
|upkeep
|turn|35
|
|t:|1779914647
|move|p1a: Weavile|Triple Axel|p2a: Corviknight
|-damage|p2a: Corviknight|37/100
|-damage|p2a: Corviknight|30/100
|-damage|p2a: Corviknight|20/100
|-hitcount|p2a: Corviknight|3
|move|p2a: Corviknight|Roost|p2a: Corviknight
|-heal|p2a: Corviknight|70/100
|-singleturn|p2a: Corviknight|move: Roost
|
|-damage|p1a: Weavile|46/100 tox|[from] psn
|upkeep
|turn|36
|
|t:|1779914654
|switch|p1a: Dondozo|Dondozo, F|100/100
|move|p2a: Corviknight|Roost|p2a: Corviknight
|-heal|p2a: Corviknight|100/100
|-singleturn|p2a: Corviknight|move: Roost
|
|upkeep
|turn|37
|
|t:|1779914665
|switch|p2a: Blissey|Blissey, F|100/100
|move|p1a: Dondozo|Curse|p1a: Dondozo
|-unboost|p1a: Dondozo|spe|1
|-boost|p1a: Dondozo|atk|1
|-boost|p1a: Dondozo|def|1
|
|upkeep
|turn|38
|
|t:|1779914672
|move|p2a: Blissey|Stealth Rock|p1a: Dondozo
|-sidestart|p1: 5darkelves|move: Stealth Rock
|move|p1a: Dondozo|Waterfall|p2a: Blissey
|-damage|p2a: Blissey|54/100
|
|upkeep
|turn|39
|
|t:|1779914684
|switch|p2a: Amoonguss|Amoonguss, F|90/100
|move|p1a: Dondozo|Waterfall|p2a: Amoonguss
|-resisted|p2a: Amoonguss
|-damage|p2a: Amoonguss|75/100
|
|upkeep
|turn|40
|
|t:|1779914691
|move|p2a: Amoonguss|Clear Smog|p1a: Dondozo
|-damage|p1a: Dondozo|86/100
|-clearboost|p1a: Dondozo
|move|p1a: Dondozo|Curse|p1a: Dondozo
|-unboost|p1a: Dondozo|spe|1
|-boost|p1a: Dondozo|atk|1
|-boost|p1a: Dondozo|def|1
|
|-heal|p1a: Dondozo|92/100|[from] item: Leftovers
|upkeep
|turn|41
|
|t:|1779914704
|switch|p1a: Corviknight|Corviknight, M|51/100
|-damage|p1a: Corviknight|39/100|[from] Stealth Rock
|-ability|p1a: Corviknight|Pressure
|move|p2a: Amoonguss|Clear Smog|p1a: Corviknight
|-immune|p1a: Corviknight
|
|upkeep
|turn|42
|
|t:|1779914714
|switch|p2a: Gliscor|Gliscor, F|37/100 tox
|move|p1a: Corviknight|Roost|p1a: Corviknight
|-heal|p1a: Corviknight|89/100
|-singleturn|p1a: Corviknight|move: Roost
|
|-heal|p2a: Gliscor|49/100 tox|[from] ability: Poison Heal
|upkeep
|turn|43
|
|t:|1779914729
|move|p2a: Gliscor|Protect|p2a: Gliscor
|-singleturn|p2a: Gliscor|Protect
|move|p1a: Corviknight|Defog|p2a: Gliscor
|-activate|p2a: Gliscor|move: Protect
|
|-heal|p2a: Gliscor|62/100 tox|[from] ability: Poison Heal
|upkeep
|turn|44
|
|t:|1779914740
|move|p2a: Gliscor|Knock Off|p1a: Corviknight
|-damage|p1a: Corviknight|77/100
|-damage|p2a: Gliscor|45/100 tox|[from] item: Rocky Helmet|[of] p1a: Corviknight
|-enditem|p1a: Corviknight|Rocky Helmet|[from] move: Knock Off|[of] p2a: Gliscor
|move|p1a: Corviknight|Roost|p1a: Corviknight
|-heal|p1a: Corviknight|100/100
|-singleturn|p1a: Corviknight|move: Roost
|
|-heal|p2a: Gliscor|58/100 tox|[from] ability: Poison Heal
|upkeep
|turn|45
|
|t:|1779914743
|move|p2a: Gliscor|Spikes|p1a: Corviknight
|-sidestart|p1: 5darkelves|Spikes
|move|p1a: Corviknight|Defog|p2a: Gliscor
|-unboost|p2a: Gliscor|evasion|1
|-sideend|p1: 5darkelves|Spikes|[from] move: Defog|[of] p1a: Corviknight
|-sideend|p1: 5darkelves|Stealth Rock|[from] move: Defog|[of] p1a: Corviknight
|
|-heal|p2a: Gliscor|70/100 tox|[from] ability: Poison Heal
|upkeep
|turn|46
|
|t:|1779914754
|move|p2a: Gliscor|Spikes|p1a: Corviknight
|-sidestart|p1: 5darkelves|Spikes
|move|p1a: Corviknight|Defog|p2a: Gliscor
|-unboost|p2a: Gliscor|evasion|1
|-sideend|p1: 5darkelves|Spikes|[from] move: Defog|[of] p1a: Corviknight
|
|-heal|p2a: Gliscor|83/100 tox|[from] ability: Poison Heal
|upkeep
|turn|47
|
|t:|1779914763
|move|p2a: Gliscor|Spikes|p1a: Corviknight
|-sidestart|p1: 5darkelves|Spikes
|move|p1a: Corviknight|U-turn|p2a: Gliscor
|-resisted|p2a: Gliscor
|-damage|p2a: Gliscor|77/100 tox
|
|t:|1779914768
|switch|p1a: Dondozo|Dondozo, F|92/100|[from] U-turn
|-damage|p1a: Dondozo|80/100|[from] Spikes
|
|-heal|p1a: Dondozo|86/100|[from] item: Leftovers
|-heal|p2a: Gliscor|90/100 tox|[from] ability: Poison Heal
|upkeep
|turn|48
|
|t:|1779914772
|move|p2a: Gliscor|Knock Off|p1a: Dondozo
|-damage|p1a: Dondozo|77/100
|-enditem|p1a: Dondozo|Leftovers|[from] move: Knock Off|[of] p2a: Gliscor
|move|p1a: Dondozo|Curse|p1a: Dondozo
|-unboost|p1a: Dondozo|spe|1
|-boost|p1a: Dondozo|atk|1
|-boost|p1a: Dondozo|def|1
|
|-heal|p2a: Gliscor|100/100 tox|[from] ability: Poison Heal
|upkeep
|turn|49
|
|t:|1779914781
|switch|p2a: Amoonguss|Amoonguss, F|100/100
|move|p1a: Dondozo|Waterfall|p2a: Amoonguss
|-resisted|p2a: Amoonguss
|-damage|p2a: Amoonguss|86/100
|
|upkeep
|turn|50
|
|t:|1779914786
|switch|p1a: Corviknight|Corviknight, M|100/100
|-ability|p1a: Corviknight|Pressure
|move|p2a: Amoonguss|Clear Smog|p1a: Corviknight
|-immune|p1a: Corviknight
|
|upkeep
|turn|51
|
|t:|1779914793
|switch|p2a: Gliscor|Gliscor, F|100/100 tox
|move|p1a: Corviknight|Defog|p2a: Gliscor
|-unboost|p2a: Gliscor|evasion|1
|-sideend|p1: 5darkelves|Spikes|[from] move: Defog|[of] p1a: Corviknight
|
|upkeep
|turn|52
|
|t:|1779914798
|move|p2a: Gliscor|Spikes|p1a: Corviknight
|-sidestart|p1: 5darkelves|Spikes
|move|p1a: Corviknight|U-turn|p2a: Gliscor
|-resisted|p2a: Gliscor
|-damage|p2a: Gliscor|95/100 tox
|
|t:|1779914805
|switch|p1a: Weavile|Weavile, M|46/100 tox|[from] U-turn
|-damage|p1a: Weavile|34/100 tox|[from] Spikes
|
|-damage|p1a: Weavile|28/100 tox|[from] psn
|-heal|p2a: Gliscor|100/100 tox|[from] ability: Poison Heal
|upkeep
|turn|53
|
|t:|1779914810
|move|p2a: Gliscor|Protect|p2a: Gliscor
|-singleturn|p2a: Gliscor|Protect
|move|p1a: Weavile|Swords Dance|p1a: Weavile
|-boost|p1a: Weavile|atk|2
|
|-damage|p1a: Weavile|15/100 tox|[from] psn
|upkeep
|turn|54
|
|t:|1779914814
|switch|p2a: Dondozo|Dondozo, M|81/100
|move|p1a: Weavile|Triple Axel|p2a: Dondozo
|-resisted|p2a: Dondozo
|-damage|p2a: Dondozo|78/100
|-resisted|p2a: Dondozo
|-damage|p2a: Dondozo|74/100
|-resisted|p2a: Dondozo
|-damage|p2a: Dondozo|68/100
|-hitcount|p2a: Dondozo|3
|
|-damage|p1a: Weavile|0 fnt|[from] psn
|faint|p1a: Weavile
|upkeep
|
|t:|1779914821
|switch|p1a: Corviknight|Corviknight, M|100/100
|-ability|p1a: Corviknight|Pressure
|turn|55
|
|t:|1779914828
|switch|p2a: Gliscor|Gliscor, F|100/100 tox
|move|p1a: Corviknight|Roost||[still]
|-fail|p1a: Corviknight|heal
|
|upkeep
|turn|56
|
|t:|1779914834
|switch|p2a: Corviknight|Corviknight, F|100/100
|-ability|p2a: Corviknight|Pressure
|switch|p1a: Dondozo|Dondozo, F|77/100
|-damage|p1a: Dondozo|64/100|[from] Spikes
|
|upkeep
|turn|57
|
|t:|1779914845
|switch|p2a: Amoonguss|Amoonguss, F|100/100
|move|p1a: Dondozo|Curse|p1a: Dondozo
|-unboost|p1a: Dondozo|spe|1
|-boost|p1a: Dondozo|atk|1
|-boost|p1a: Dondozo|def|1
|
|upkeep
|turn|58
|
|t:|1779914852
|switch|p1a: Glimmora|Glimmora, M|50/100
|-damage|p1a: Glimmora|38/100|[from] Spikes
|move|p2a: Amoonguss|Clear Smog|p1a: Glimmora
|-resisted|p1a: Glimmora
|-damage|p1a: Glimmora|33/100
|-clearboost|p1a: Glimmora
|
|upkeep
|turn|59
|
|t:|1779914870
|switch|p2a: Corviknight|Corviknight, F|100/100
|-ability|p2a: Corviknight|Pressure
|move|p1a: Glimmora|Power Gem|p2a: Corviknight
|-damage|p2a: Corviknight|47/100
|
|upkeep
|turn|60
|
|t:|1779914881
|switch|p2a: Blissey|Blissey, F|54/100
|move|p1a: Glimmora|Power Gem|p2a: Blissey
|-crit|p2a: Blissey
|-damage|p2a: Blissey|34/100
|
|upkeep
|turn|61
|
|t:|1779914889
|move|p1a: Glimmora|Sludge Wave|p2a: Blissey
|-damage|p2a: Blissey|16/100
|move|p2a: Blissey|Soft-Boiled|p2a: Blissey
|-heal|p2a: Blissey|66/100
|
|upkeep
|turn|62
|
|t:|1779914893
|move|p1a: Glimmora|Sludge Wave|p2a: Blissey
|-damage|p2a: Blissey|49/100
|move|p2a: Blissey|Calm Mind|p2a: Blissey
|-boost|p2a: Blissey|spa|1
|-boost|p2a: Blissey|spd|1
|
|upkeep
|turn|63
|
|t:|1779914908
|move|p1a: Glimmora|Sludge Wave|p2a: Blissey
|-damage|p2a: Blissey|37/100
|move|p2a: Blissey|Soft-Boiled|p2a: Blissey
|-heal|p2a: Blissey|87/100
|
|upkeep
|turn|64
|
|t:|1779914912
|move|p1a: Glimmora|Sludge Wave|p2a: Blissey
|-damage|p2a: Blissey|76/100
|move|p2a: Blissey|Flamethrower|p1a: Glimmora
|-resisted|p1a: Glimmora
|-damage|p1a: Glimmora|18/100
|
|upkeep
|turn|65
|
|t:|1779914922
|move|p1a: Glimmora|Sludge Wave|p2a: Blissey
|-damage|p2a: Blissey|65/100
|move|p2a: Blissey|Stealth Rock|p1a: Glimmora
|-sidestart|p1: 5darkelves|move: Stealth Rock
|
|upkeep
|turn|66
|
|t:|1779914926
|switch|p1a: Corviknight|Corviknight, M|100/100
|-damage|p1a: Corviknight|88/100|[from] Stealth Rock
|-ability|p1a: Corviknight|Pressure
|move|p2a: Blissey|Flamethrower|p1a: Corviknight
|-supereffective|p1a: Corviknight
|-damage|p1a: Corviknight|42/100
|
|upkeep
|turn|67
|
|t:|1779914934
|move|p1a: Corviknight|Roost|p1a: Corviknight
|-heal|p1a: Corviknight|92/100
|-singleturn|p1a: Corviknight|move: Roost
|move|p2a: Blissey|Flamethrower|p1a: Corviknight
|-supereffective|p1a: Corviknight
|-damage|p1a: Corviknight|48/100
|
|upkeep
|turn|68
|
|t:|1779914944
|move|p1a: Corviknight|Defog|p2a: Blissey
|-unboost|p2a: Blissey|evasion|1
|-sideend|p1: 5darkelves|Spikes|[from] move: Defog|[of] p1a: Corviknight
|-sideend|p1: 5darkelves|Stealth Rock|[from] move: Defog|[of] p1a: Corviknight
|move|p2a: Blissey|Flamethrower|p1a: Corviknight
|-supereffective|p1a: Corviknight
|-damage|p1a: Corviknight|0 fnt
|faint|p1a: Corviknight
|
|upkeep
|
|t:|1779914948
|switch|p1a: Pawmot|Pawmot, F, tera:Electric|28/100 tox
|turn|69
|
|t:|1779914957
|switch|p1a: Dondozo|Dondozo, F|64/100
|switch|p2a: Gliscor|Gliscor, F|100/100 tox
|
|upkeep
|turn|70
|
|t:|1779914962
|switch|p1a: Glimmora|Glimmora, M|18/100
|move|p2a: Gliscor|Spikes|p1a: Glimmora
|-sidestart|p1: 5darkelves|Spikes
|
|upkeep
|turn|71
|
|t:|1779914967
|switch|p2a: Blissey|Blissey, F|65/100
|move|p1a: Glimmora|Power Gem|p2a: Blissey
|-damage|p2a: Blissey|52/100
|
|upkeep
|turn|72
|
|t:|1779914974
|move|p1a: Glimmora|Sludge Wave|p2a: Blissey
|-crit|p2a: Blissey
|-damage|p2a: Blissey|26/100
|move|p2a: Blissey|Flamethrower|p1a: Glimmora
|-resisted|p1a: Glimmora
|-damage|p1a: Glimmora|7/100
|
|upkeep
|turn|73
|
|t:|1779914987
|move|p1a: Glimmora|Sludge Wave|p2a: Blissey
|-damage|p2a: Blissey|10/100
|move|p2a: Blissey|Stealth Rock|p1a: Glimmora
|-sidestart|p1: 5darkelves|move: Stealth Rock
|
|upkeep
|turn|74
|
|t:|1779914994
|move|p1a: Glimmora|Power Gem|p2a: Blissey
|-damage|p2a: Blissey|0 fnt
|faint|p2a: Blissey
|
|upkeep
|
|t:|1779915003
|switch|p2a: Gliscor|Gliscor, F|100/100 tox
|turn|75
|
|t:|1779915011
|move|p1a: Glimmora|Power Gem|p2a: Gliscor
|-damage|p2a: Gliscor|55/100 tox
|move|p2a: Gliscor|Earthquake|p1a: Glimmora
|-supereffective|p1a: Glimmora
|-damage|p1a: Glimmora|0 fnt
|-activate|p1a: Glimmora|ability: Toxic Debris
|-sidestart|p2: Humerus_Skelepun|move: Toxic Spikes
|faint|p1a: Glimmora
|
|-heal|p2a: Gliscor|68/100 tox|[from] ability: Poison Heal
|upkeep
|
|t:|1779915018
|switch|p1a: Dondozo|Dondozo, F|64/100
|-damage|p1a: Dondozo|52/100|[from] Spikes
|-damage|p1a: Dondozo|39/100|[from] Stealth Rock
|turn|76
|
|t:|1779915021
|switch|p2a: Amoonguss|Amoonguss, F|100/100
|-sideend|p2: Humerus_Skelepun|move: Toxic Spikes|[of] p2a: Amoonguss
|move|p1a: Dondozo|Rest|p1a: Dondozo
|-status|p1a: Dondozo|slp|[from] move: Rest
|-heal|p1a: Dondozo|100/100 slp|[silent]
|
|upkeep
|turn|77
|
|t:|1779915030
|cant|p1a: Dondozo|slp
|move|p1a: Dondozo|Sleep Talk|p1a: Dondozo
|move|p1a: Dondozo|Rest||[from] move: Sleep Talk|[still]
|-fail|p1a: Dondozo
|move|p2a: Amoonguss|Foul Play|p1a: Dondozo
|-damage|p1a: Dondozo|91/100 slp
|
|upkeep
|turn|78
|
|t:|1779915038
|switch|p2a: Corviknight|Corviknight, F|47/100
|-ability|p2a: Corviknight|Pressure
|cant|p1a: Dondozo|slp
|move|p1a: Dondozo|Sleep Talk|p1a: Dondozo
|move|p1a: Dondozo|Waterfall|p2a: Corviknight|[from] move: Sleep Talk
|-damage|p2a: Corviknight|28/100
|
|upkeep
|turn|79
|
|t:|1779915048
|move|p2a: Corviknight|Roost|p2a: Corviknight
|-heal|p2a: Corviknight|78/100
|-singleturn|p2a: Corviknight|move: Roost
|-curestatus|p1a: Dondozo|slp|[msg]
|move|p1a: Dondozo|Curse|p1a: Dondozo
|-unboost|p1a: Dondozo|spe|1
|-boost|p1a: Dondozo|atk|1
|-boost|p1a: Dondozo|def|1
|
|upkeep
|turn|80
|
|t:|1779915057
|switch|p2a: Amoonguss|Amoonguss, F|100/100
|move|p1a: Dondozo|Waterfall|p2a: Amoonguss
|-resisted|p2a: Amoonguss
|-damage|p2a: Amoonguss|85/100
|
|upkeep
|turn|81
|
|t:|1779915063
|move|p2a: Amoonguss|Clear Smog|p1a: Dondozo
|-damage|p1a: Dondozo|76/100
|-clearboost|p1a: Dondozo
|move|p1a: Dondozo|Waterfall|p2a: Amoonguss
|-resisted|p2a: Amoonguss
|-damage|p2a: Amoonguss|76/100
|
|upkeep
|turn|82
|
|t:|1779915068
|move|p1a: Dondozo|Waterfall|p2a: Amoonguss
|-resisted|p2a: Amoonguss
|-damage|p2a: Amoonguss|67/100
|cant|p2a: Amoonguss|flinch
|
|upkeep
|turn|83
|
|t:|1779915074
|move|p1a: Dondozo|Waterfall|p2a: Amoonguss
|-resisted|p2a: Amoonguss
|-damage|p2a: Amoonguss|58/100
|move|p2a: Amoonguss|Toxic|p1a: Dondozo
|-status|p1a: Dondozo|tox
|
|-damage|p1a: Dondozo|70/100 tox|[from] psn
|upkeep
|turn|84
|
|t:|1779915080
|switch|p2a: Corviknight|Corviknight, F|78/100
|-ability|p2a: Corviknight|Pressure
|move|p1a: Dondozo|Rest|p1a: Dondozo
|-status|p1a: Dondozo|slp|[from] move: Rest
|-heal|p1a: Dondozo|100/100 slp|[silent]
|
|upkeep
|turn|85
|
|t:|1779915084
|move|p2a: Corviknight|Iron Defense|p2a: Corviknight
|-boost|p2a: Corviknight|def|2
|cant|p1a: Dondozo|slp
|move|p1a: Dondozo|Sleep Talk|p1a: Dondozo
|move|p1a: Dondozo|Rest||[from] move: Sleep Talk|[still]
|-fail|p1a: Dondozo
|
|upkeep
|turn|86
|
|t:|1779915092
|move|p2a: Corviknight|Iron Defense|p2a: Corviknight
|-boost|p2a: Corviknight|def|2
|cant|p1a: Dondozo|slp
|move|p1a: Dondozo|Sleep Talk|p1a: Dondozo
|move|p1a: Dondozo|Curse|p1a: Dondozo|[from] move: Sleep Talk
|-unboost|p1a: Dondozo|spe|1
|-boost|p1a: Dondozo|atk|1
|-boost|p1a: Dondozo|def|1
|
|upkeep
|turn|87
|
|t:|1779915105
|move|p2a: Corviknight|Iron Defense|p2a: Corviknight
|-boost|p2a: Corviknight|def|2
|-curestatus|p1a: Dondozo|slp|[msg]
|move|p1a: Dondozo|Curse|p1a: Dondozo
|-unboost|p1a: Dondozo|spe|1
|-boost|p1a: Dondozo|atk|1
|-boost|p1a: Dondozo|def|1
|
|upkeep
|turn|88
|
|t:|1779915108
|switch|p2a: Amoonguss|Amoonguss, F|91/100
|move|p1a: Dondozo|Waterfall|p2a: Amoonguss
|-resisted|p2a: Amoonguss
|-damage|p2a: Amoonguss|73/100
|
|upkeep
|turn|89
|
|t:|1779915118
|move|p2a: Amoonguss|Clear Smog|p1a: Dondozo
|-damage|p1a: Dondozo|86/100
|-clearboost|p1a: Dondozo
|move|p1a: Dondozo|Waterfall|p2a: Amoonguss
|-resisted|p2a: Amoonguss
|-damage|p2a: Amoonguss|63/100
|
|upkeep
|turn|90
|
|t:|1779915124
|switch|p2a: Corviknight|Corviknight, F|78/100
|-ability|p2a: Corviknight|Pressure
|move|p1a: Dondozo|Waterfall|p2a: Corviknight
|-damage|p2a: Corviknight|57/100
|
|upkeep
|turn|91
|
|t:|1779915130
|move|p2a: Corviknight|Roost|p2a: Corviknight
|-heal|p2a: Corviknight|100/100
|-singleturn|p2a: Corviknight|move: Roost
|move|p1a: Dondozo|Curse|p1a: Dondozo
|-unboost|p1a: Dondozo|spe|1
|-boost|p1a: Dondozo|atk|1
|-boost|p1a: Dondozo|def|1
|
|upkeep
|turn|92
|
|t:|1779915133
|switch|p2a: Amoonguss|Amoonguss, F|96/100
|move|p1a: Dondozo|Curse|p1a: Dondozo
|-unboost|p1a: Dondozo|spe|1
|-boost|p1a: Dondozo|atk|1
|-boost|p1a: Dondozo|def|1
|
|upkeep
|turn|93
|
|t:|1779915137
|move|p2a: Amoonguss|Clear Smog|p1a: Dondozo
|-damage|p1a: Dondozo|72/100
|-clearboost|p1a: Dondozo
|move|p1a: Dondozo|Waterfall|p2a: Amoonguss
|-resisted|p2a: Amoonguss
|-crit|p2a: Amoonguss
|-damage|p2a: Amoonguss|82/100
|
|upkeep
|turn|94
|
|t:|1779915141
|move|p1a: Dondozo|Curse|p1a: Dondozo
|-unboost|p1a: Dondozo|spe|1
|-boost|p1a: Dondozo|atk|1
|-boost|p1a: Dondozo|def|1
|move|p2a: Amoonguss|Toxic|p1a: Dondozo
|-status|p1a: Dondozo|tox
|
|-damage|p1a: Dondozo|65/100 tox|[from] psn
|upkeep
|turn|95
|
|t:|1779915147
|move|p2a: Amoonguss|Clear Smog|p1a: Dondozo
|-damage|p1a: Dondozo|50/100 tox
|-clearboost|p1a: Dondozo
|move|p1a: Dondozo|Rest|p1a: Dondozo
|-status|p1a: Dondozo|slp|[from] move: Rest
|-heal|p1a: Dondozo|100/100 slp|[silent]
|
|upkeep
|turn|96
|
|t:|1779915151
|switch|p2a: Corviknight|Corviknight, F|100/100
|-ability|p2a: Corviknight|Pressure
|cant|p1a: Dondozo|slp
|move|p1a: Dondozo|Sleep Talk|p1a: Dondozo
|move|p1a: Dondozo|Rest||[from] move: Sleep Talk|[still]
|-fail|p1a: Dondozo
|
|upkeep
|turn|97
|
|t:|1779915164
|switch|p2a: Amoonguss|Amoonguss, F|100/100
|cant|p1a: Dondozo|slp
|move|p1a: Dondozo|Sleep Talk|p1a: Dondozo
|move|p1a: Dondozo|Waterfall|p2a: Amoonguss|[from] move: Sleep Talk
|-resisted|p2a: Amoonguss
|-crit|p2a: Amoonguss
|-damage|p2a: Amoonguss|85/100
|
|upkeep
|turn|98
|
|t:|1779915172
|-curestatus|p1a: Dondozo|slp|[msg]
|move|p1a: Dondozo|Waterfall|p2a: Amoonguss
|-resisted|p2a: Amoonguss
|-damage|p2a: Amoonguss|75/100
|move|p2a: Amoonguss|Toxic|p1a: Dondozo
|-status|p1a: Dondozo|tox
|
|-damage|p1a: Dondozo|94/100 tox|[from] psn
|upkeep
|turn|99
|
|t:|1779915181
|switch|p1a: Pawmot|Pawmot, F, tera:Electric|28/100 tox
|-damage|p1a: Pawmot|16/100 tox|[from] Spikes
|-damage|p1a: Pawmot|3/100 tox|[from] Stealth Rock
|switch|p2a: Gliscor|Gliscor, F|68/100 tox
|
|-damage|p1a: Pawmot|0 fnt|[from] psn
|faint|p1a: Pawmot
|-heal|p2a: Gliscor|80/100 tox|[from] ability: Poison Heal
|upkeep
|
|t:|1779915184
|switch|p1a: Dondozo|Dondozo, F|94/100 tox
|-damage|p1a: Dondozo|82/100 tox|[from] Spikes
|-damage|p1a: Dondozo|69/100 tox|[from] Stealth Rock
|turn|100
|
|t:|1779915192
|move|p2a: Gliscor|Earthquake|p1a: Dondozo
|-damage|p1a: Dondozo|54/100 tox
|move|p1a: Dondozo|Curse|p1a: Dondozo
|-unboost|p1a: Dondozo|spe|1
|-boost|p1a: Dondozo|atk|1
|-boost|p1a: Dondozo|def|1
|
|-heal|p2a: Gliscor|93/100 tox|[from] ability: Poison Heal
|-damage|p1a: Dondozo|48/100 tox|[from] psn
|upkeep
|turn|101
|
|t:|1779915206
|switch|p2a: Amoonguss|Amoonguss, F|100/100
|move|p1a: Dondozo|Rest|p1a: Dondozo
|-status|p1a: Dondozo|slp|[from] move: Rest
|-heal|p1a: Dondozo|100/100 slp|[silent]
|
|upkeep
|turn|102
|
|t:|1779915210
|move|p2a: Amoonguss|Clear Smog|p1a: Dondozo
|-damage|p1a: Dondozo|86/100 slp
|-clearboost|p1a: Dondozo
|cant|p1a: Dondozo|slp
|move|p1a: Dondozo|Sleep Talk|p1a: Dondozo
|move|p1a: Dondozo|Waterfall|p2a: Amoonguss|[from] move: Sleep Talk
|-resisted|p2a: Amoonguss
|-damage|p2a: Amoonguss|91/100
|
|upkeep
|turn|103
|
|t:|1779915217
|switch|p2a: Gliscor|Gliscor, F|93/100 tox
|cant|p1a: Dondozo|slp
|move|p1a: Dondozo|Sleep Talk|p1a: Dondozo
|move|p1a: Dondozo|Curse|p1a: Dondozo|[from] move: Sleep Talk
|-unboost|p1a: Dondozo|spe|1
|-boost|p1a: Dondozo|atk|1
|-boost|p1a: Dondozo|def|1
|
|-heal|p2a: Gliscor|100/100 tox|[from] ability: Poison Heal
|upkeep
|turn|104
|
|t:|1779915226
|switch|p2a: Amoonguss|Amoonguss, F|100/100
|-curestatus|p1a: Dondozo|slp|[msg]
|move|p1a: Dondozo|Waterfall|p2a: Amoonguss
|-resisted|p2a: Amoonguss
|-damage|p2a: Amoonguss|85/100
|
|upkeep
|turn|105
|
|t:|1779915229
|move|p2a: Amoonguss|Clear Smog|p1a: Dondozo
|-damage|p1a: Dondozo|70/100
|-clearboost|p1a: Dondozo
|move|p1a: Dondozo|Curse|p1a: Dondozo
|-unboost|p1a: Dondozo|spe|1
|-boost|p1a: Dondozo|atk|1
|-boost|p1a: Dondozo|def|1
|
|upkeep
|turn|106
|
|t:|1779915241
|move|p2a: Amoonguss|Clear Smog|p1a: Dondozo
|-damage|p1a: Dondozo|56/100
|-clearboost|p1a: Dondozo
|move|p1a: Dondozo|Curse|p1a: Dondozo
|-unboost|p1a: Dondozo|spe|1
|-boost|p1a: Dondozo|atk|1
|-boost|p1a: Dondozo|def|1
|
|upkeep
|turn|107
|
|t:|1779915246
|move|p2a: Amoonguss|Clear Smog|p1a: Dondozo
|-damage|p1a: Dondozo|41/100
|-clearboost|p1a: Dondozo
|move|p1a: Dondozo|Curse|p1a: Dondozo
|-unboost|p1a: Dondozo|spe|1
|-boost|p1a: Dondozo|atk|1
|-boost|p1a: Dondozo|def|1
|
|upkeep
|turn|108
|
|t:|1779915248
|move|p2a: Amoonguss|Clear Smog|p1a: Dondozo
|-damage|p1a: Dondozo|26/100
|-clearboost|p1a: Dondozo
|move|p1a: Dondozo|Waterfall|p2a: Amoonguss
|-resisted|p2a: Amoonguss
|-damage|p2a: Amoonguss|75/100
|
|upkeep
|turn|109
|
|t:|1779915258
|switch|p2a: Corviknight|Corviknight, F|100/100
|-ability|p2a: Corviknight|Pressure
|move|p1a: Dondozo|Rest|p1a: Dondozo
|-status|p1a: Dondozo|slp|[from] move: Rest
|-heal|p1a: Dondozo|100/100 slp|[silent]
|
|upkeep
|turn|110
|
|t:|1779915266
|switch|p2a: Dondozo|Dondozo, M|68/100
|cant|p1a: Dondozo|slp
|move|p1a: Dondozo|Sleep Talk|p1a: Dondozo
|move|p1a: Dondozo|Curse|p1a: Dondozo|[from] move: Sleep Talk
|-unboost|p1a: Dondozo|spe|1
|-boost|p1a: Dondozo|atk|1
|-boost|p1a: Dondozo|def|1
|
|upkeep
|turn|111
|
|t:|1779915270
|move|p2a: Dondozo|Curse|p2a: Dondozo
|-unboost|p2a: Dondozo|spe|1
|-boost|p2a: Dondozo|atk|1
|-boost|p2a: Dondozo|def|1
|cant|p1a: Dondozo|slp
|move|p1a: Dondozo|Sleep Talk|p1a: Dondozo
|move|p1a: Dondozo|Waterfall|p2a: Dondozo|[from] move: Sleep Talk
|-resisted|p2a: Dondozo
|-damage|p2a: Dondozo|62/100
|
|upkeep
|turn|112
|
|t:|1779915283
|-curestatus|p1a: Dondozo|slp|[msg]
|move|p1a: Dondozo|Waterfall|p2a: Dondozo
|-resisted|p2a: Dondozo
|-damage|p2a: Dondozo|55/100
|move|p2a: Dondozo|Curse|p2a: Dondozo
|-unboost|p2a: Dondozo|spe|1
|-boost|p2a: Dondozo|atk|1
|-boost|p2a: Dondozo|def|1
|
|upkeep
|turn|113
|
|t:|1779915291
|move|p1a: Dondozo|Waterfall|p2a: Dondozo
|-resisted|p2a: Dondozo
|-damage|p2a: Dondozo|50/100
|cant|p2a: Dondozo|flinch
|
|upkeep
|turn|114
|
|t:|1779915296
|move|p1a: Dondozo|Waterfall|p2a: Dondozo
|-resisted|p2a: Dondozo
|-damage|p2a: Dondozo|44/100
|move|p2a: Dondozo|Curse|p2a: Dondozo
|-unboost|p2a: Dondozo|spe|1
|-boost|p2a: Dondozo|atk|1
|-boost|p2a: Dondozo|def|1
|
|upkeep
|turn|115
|
|t:|1779915301
|move|p1a: Dondozo|Waterfall|p2a: Dondozo
|-resisted|p2a: Dondozo
|-damage|p2a: Dondozo|37/100
|move|p2a: Dondozo|Rest|p2a: Dondozo
|-status|p2a: Dondozo|slp|[from] move: Rest
|-heal|p2a: Dondozo|100/100 slp|[silent]
|
|upkeep
|turn|116
|
|t:|1779915309
|move|p1a: Dondozo|Curse|p1a: Dondozo
|-unboost|p1a: Dondozo|spe|1
|-boost|p1a: Dondozo|atk|1
|-boost|p1a: Dondozo|def|1
|cant|p2a: Dondozo|slp
|
|upkeep
|turn|117
|
|t:|1779915312
|move|p1a: Dondozo|Curse|p1a: Dondozo
|-unboost|p1a: Dondozo|spe|1
|-boost|p1a: Dondozo|atk|1
|-boost|p1a: Dondozo|def|1
|cant|p2a: Dondozo|slp
|
|upkeep
|turn|118
|
|t:|1779915315
|-curestatus|p2a: Dondozo|slp|[msg]
|move|p2a: Dondozo|Curse|p2a: Dondozo
|-unboost|p2a: Dondozo|spe|1
|-boost|p2a: Dondozo|atk|1
|-boost|p2a: Dondozo|def|1
|move|p1a: Dondozo|Curse|p1a: Dondozo
|-unboost|p1a: Dondozo|spe|1
|-boost|p1a: Dondozo|atk|1
|-boost|p1a: Dondozo|def|1
|
|upkeep
|turn|119
|
|t:|1779915320
|move|p2a: Dondozo|Curse|p2a: Dondozo
|-unboost|p2a: Dondozo|spe|1
|-boost|p2a: Dondozo|atk|1
|-boost|p2a: Dondozo|def|1
|move|p1a: Dondozo|Waterfall|p2a: Dondozo
|-resisted|p2a: Dondozo
|-damage|p2a: Dondozo|94/100
|
|upkeep
|turn|120
|
|t:|1779915324
|move|p1a: Dondozo|Waterfall|p2a: Dondozo
|-resisted|p2a: Dondozo
|-damage|p2a: Dondozo|88/100
|move|p2a: Dondozo|Curse|p2a: Dondozo
|-unboost|p2a: Dondozo|spe|1
|-boost|p2a: Dondozo|atk|1
|-boost|p2a: Dondozo|def|1
|
|upkeep
|turn|121
|
|t:|1779915328
|switch|p2a: Amoonguss|Amoonguss, F|100/100
|move|p1a: Dondozo|Waterfall|p2a: Amoonguss
|-resisted|p2a: Amoonguss
|-damage|p2a: Amoonguss|69/100
|
|upkeep
|turn|122
|
|t:|1779915331
|move|p2a: Amoonguss|Clear Smog|p1a: Dondozo
|-damage|p1a: Dondozo|87/100
|-clearboost|p1a: Dondozo
|move|p1a: Dondozo|Waterfall|p2a: Amoonguss
|-resisted|p2a: Amoonguss
|-damage|p2a: Amoonguss|59/100
|
|upkeep
|turn|123
|
|t:|1779915335
|move|p1a: Dondozo|Waterfall|p2a: Amoonguss
|-resisted|p2a: Amoonguss
|-damage|p2a: Amoonguss|50/100
|cant|p2a: Amoonguss|flinch
|
|upkeep
|turn|124
|
|t:|1779915340
|move|p1a: Dondozo|Rest|p1a: Dondozo
|-status|p1a: Dondozo|slp|[from] move: Rest
|-heal|p1a: Dondozo|100/100 slp|[silent]
|move|p2a: Amoonguss|Toxic||[still]
|-fail|p2a: Amoonguss
|
|upkeep
|turn|125
|
|t:|1779915344
|cant|p1a: Dondozo|slp
|move|p1a: Dondozo|Sleep Talk|p1a: Dondozo
|move|p1a: Dondozo|Waterfall|p2a: Amoonguss|[from] move: Sleep Talk
|-resisted|p2a: Amoonguss
|-damage|p2a: Amoonguss|40/100
|move|p2a: Amoonguss|Synthesis|p2a: Amoonguss
|-heal|p2a: Amoonguss|90/100
|
|upkeep
|turn|126
|
|t:|1779915348
|switch|p2a: Dondozo|Dondozo, M|88/100
|cant|p1a: Dondozo|slp
|move|p1a: Dondozo|Sleep Talk|p1a: Dondozo
|move|p1a: Dondozo|Rest||[from] move: Sleep Talk|[still]
|-fail|p1a: Dondozo
|
|upkeep
|turn|127
|
|t:|1779915350
|switch|p2a: Amoonguss|Amoonguss, F|100/100
|-curestatus|p1a: Dondozo|slp|[msg]
|move|p1a: Dondozo|Rest|p1a: Dondozo
|-fail|p1a: Dondozo|heal
|
|upkeep
|turn|128
|
|t:|1779915356
|move|p1a: Dondozo|Sleep Talk||[still]
|-fail|p1a: Dondozo
|move|p2a: Amoonguss|Synthesis|p2a: Amoonguss
|-fail|p2a: Amoonguss|heal
|
|upkeep
|turn|129
|
|t:|1779915359
|move|p1a: Dondozo|Sleep Talk||[still]
|-fail|p1a: Dondozo
|move|p2a: Amoonguss|Synthesis|p2a: Amoonguss
|-fail|p2a: Amoonguss|heal
|
|upkeep
|turn|130
|
|t:|1779915361
|move|p1a: Dondozo|Sleep Talk||[still]
|-fail|p1a: Dondozo
|move|p2a: Amoonguss|Synthesis|p2a: Amoonguss
|-fail|p2a: Amoonguss|heal
|
|upkeep
|turn|131
|
|t:|1779915363
|move|p1a: Dondozo|Rest|p1a: Dondozo
|-fail|p1a: Dondozo|heal
|move|p2a: Amoonguss|Toxic|p1a: Dondozo
|-status|p1a: Dondozo|tox
|
|-damage|p1a: Dondozo|94/100 tox|[from] psn
|upkeep
|turn|132
|
|t:|1779915368
|switch|p2a: Corviknight|Corviknight, F|100/100
|-ability|p2a: Corviknight|Pressure
|-activate|p1a: Dondozo|move: Struggle
|move|p1a: Dondozo|Struggle|p2a: Corviknight
|-damage|p2a: Corviknight|92/100
|-damage|p1a: Dondozo|69/100 tox|[from] recoil
|
|-damage|p1a: Dondozo|57/100 tox|[from] psn
|upkeep
|turn|133
|
|t:|1779915375
|-terastallize|p2a: Corviknight|Fire
|move|p2a: Corviknight|Defog|p1a: Dondozo
|-unboost|p1a: Dondozo|evasion|1
|-sideend|p1: 5darkelves|Spikes|[from] move: Defog|[of] p2a: Corviknight
|-sideend|p1: 5darkelves|Stealth Rock|[from] move: Defog|[of] p2a: Corviknight
|-activate|p1a: Dondozo|move: Struggle
|move|p1a: Dondozo|Struggle|p2a: Corviknight
|-damage|p2a: Corviknight|85/100
|-damage|p1a: Dondozo|32/100 tox|[from] recoil
|
|-damage|p1a: Dondozo|14/100 tox|[from] psn
|upkeep
|turn|134
|inactive|5darkelves has 120 seconds left.
|inactive|5darkelves has 90 seconds left.
|inactive|5darkelves has 60 seconds left.
|inactive|5darkelves has 30 seconds left.
|
|t:|1779915504
|move|p2a: Corviknight|Roost|p2a: Corviknight
|-heal|p2a: Corviknight|100/100
|-activate|p1a: Dondozo|move: Struggle
|move|p1a: Dondozo|Struggle|p2a: Corviknight
|-damage|p2a: Corviknight|93/100
|-damage|p1a: Dondozo|0 fnt|[from] recoil
|faint|p1a: Dondozo
|
|win|Humerus_Skelepun
|raw|5darkelves's rating: 1373 &rarr; <strong>1358</strong><br />(-15 for losing)
|raw|Humerus_Skelepun's rating: 1453 &rarr; <strong>1468</strong><br />(+15 for winning)
