|j|☆Vini_koraidon
|j|☆Onetwitchyboi
|t:|1779904042
|gametype|singles
|player|p1|Vini_koraidon|miku-flying|1133
|player|p2|Onetwitchyboi|swimmer|1088
|gen|9
|tier|[Gen 9] OU
|rated|
|rule|HP Percentage Mod: HP is shown in percentages
|rule|Endless Battle Clause: Forcing endless battles is banned
|rule|Species Clause: Limit one of each Pokémon
|rule|OHKO Clause: OHKO moves are banned
|rule|Evasion Items Clause: Evasion items are banned
|rule|Evasion Moves Clause: Evasion moves are banned
|rule|Evasion Abilities Clause: Evasion abilities are banned
|rule|Sleep Moves Clause: Sleep-inducing moves are banned
|clearpoke
|poke|p1|Kyurem|
|poke|p1|Iron Moth|
|poke|p1|Kingambit, M|
|poke|p1|Landorus-Therian, M|
|poke|p1|Hatterene, F|
|poke|p1|Zamazenta-*|
|poke|p2|Maushold|
|poke|p2|Kingambit, M|
|poke|p2|Dragonite, M|
|poke|p2|Rillaboom, M|
|poke|p2|Cinderace, F|
|poke|p2|Glimmora, F|
|teampreview
|inactive|Battle timer is ON: inactive players will automatically lose when time's up. (requested by Vini_koraidon)
|inactive|Vini_koraidon has 120 seconds left.
|
|t:|1779904074
|teamsize|p1|6
|teamsize|p2|6
|start
|switch|p1a: Iron Moth|Iron Moth|100/100
|switch|p2a: Rillaboom|Rillaboom, M|100/100
|-fieldstart|move: Grassy Terrain|[from] ability: Grassy Surge|[of] p2a: Rillaboom
|-enditem|p1a: Iron Moth|Booster Energy
|-activate|p1a: Iron Moth|ability: Quark Drive|[fromitem]
|-start|p1a: Iron Moth|quarkdrivespe
|turn|1
|
|t:|1779904093
|move|p1a: Iron Moth|Fiery Dance|p2a: Rillaboom
|-supereffective|p2a: Rillaboom
|-damage|p2a: Rillaboom|0 fnt
|faint|p2a: Rillaboom
|
|upkeep
|c|☆Vini_koraidon|Have fun
|
|t:|1779904100
|switch|p2a: Dragonite|Dragonite, M|100/100
|turn|2
|
|t:|1779904104
|-terastallize|p1a: Iron Moth|Fairy
|move|p1a: Iron Moth|Dazzling Gleam|p2a: Dragonite
|-supereffective|p2a: Dragonite
|-damage|p2a: Dragonite|11/100
|move|p2a: Dragonite|Earthquake|p1a: Iron Moth
|-damage|p1a: Iron Moth|65/100
|
|-heal|p1a: Iron Moth|71/100|[from] Grassy Terrain
|upkeep
|turn|3
|
|t:|1779904113
|switch|p2a: Glimmora|Glimmora, F|100/100
|move|p1a: Iron Moth|Fiery Dance|p2a: Glimmora
|-resisted|p2a: Glimmora
|-damage|p2a: Glimmora|78/100
|-boost|p1a: Iron Moth|spa|1
|
|-heal|p1a: Iron Moth|77/100|[from] Grassy Terrain
|-heal|p2a: Glimmora|84/100|[from] Grassy Terrain
|upkeep
|turn|4
|
|t:|1779904122
|move|p1a: Iron Moth|Psychic|p2a: Glimmora
|-supereffective|p2a: Glimmora
|-damage|p2a: Glimmora|0 fnt
|faint|p2a: Glimmora
|
|-heal|p1a: Iron Moth|83/100|[from] Grassy Terrain
|upkeep
|
|t:|1779904142
|switch|p2a: Anthony|Maushold, shiny|100/100
|turn|5
|
|t:|1779904150
|move|p1a: Iron Moth|Fiery Dance|p2a: Anthony
|-damage|p2a: Anthony|12/100
|move|p2a: Anthony|Tidy Up|p2a: Anthony
|-boost|p2a: Anthony|atk|1
|-boost|p2a: Anthony|spe|1
|
|-heal|p1a: Iron Moth|89/100|[from] Grassy Terrain
|-heal|p2a: Anthony|18/100|[from] Grassy Terrain
|-fieldend|move: Grassy Terrain
|upkeep
|turn|6
|
|t:|1779904159
|move|p1a: Iron Moth|Fiery Dance|p2a: Anthony
|-damage|p2a: Anthony|0 fnt
|-boost|p1a: Iron Moth|spa|1
|faint|p2a: Anthony
|
|upkeep
|-message|Onetwitchyboi forfeited.
|
|win|Vini_koraidon
|raw|Vini_koraidon's rating: 1133 &rarr; <strong>1155</strong><br />(+22 for winning)
|raw|Onetwitchyboi's rating: 1088 &rarr; <strong>1068</strong><br />(-20 for losing)
|l|☆Onetwitchyboi
|player|p2|
