|j|☆Maxxxxilla
|j|☆karothis
|t:|1779871754
|gametype|singles
|player|p1|Maxxxxilla|alder|1310
|player|p2|karothis|101|1308
|gen|9
|tier|[Gen 9] OU
|rated|
|rule|HP Percentage Mod: HP is shown in percentages
|rule|Endless Battle Clause: Forcing endless battles is banned
|rule|Species Clause: Limit one of each Pokémon
|rule|OHKO Clause: OHKO moves are banned
|rule|Evasion Items Clause: Evasion items are banned
|rule|Evasion Moves Clause: Evasion moves are banned
|rule|Evasion Abilities Clause: Evasion abilities are banned
|rule|Sleep Moves Clause: Sleep-inducing moves are banned
|clearpoke
|poke|p1|Pelipper, F|
|poke|p1|Barraskewda, F|
|poke|p1|Raging Bolt|
|poke|p1|Zapdos|
|poke|p1|Dragonite, F|
|poke|p1|Kingdra, F|
|poke|p2|Quagsire, F|
|poke|p2|Toxapex, M|
|poke|p2|Blissey, F|
|poke|p2|Corviknight, M|
|poke|p2|Clefable, M|
|poke|p2|Hydrapple, M|
|teampreview
|inactive|Battle timer is ON: inactive players will automatically lose when time's up. (requested by Maxxxxilla)
|
|t:|1779871764
|teamsize|p1|6
|teamsize|p2|6
|start
|switch|p1a: Pelipper|Pelipper, F|100/100
|switch|p2a: Hydrapple|Hydrapple, M|100/100
|-weather|RainDance|[from] ability: Drizzle|[of] p1a: Pelipper
|turn|1
|
|t:|1779871774
|-terastallize|p2a: Hydrapple|Steel
|move|p1a: Pelipper|Ice Beam|p2a: Hydrapple
|-resisted|p2a: Hydrapple
|-damage|p2a: Hydrapple|87/100
|move|p2a: Hydrapple|Leaf Storm|p1a: Pelipper
|-damage|p1a: Pelipper|0 fnt
|-unboost|p2a: Hydrapple|spa|2
|faint|p1a: Pelipper
|
|-weather|RainDance|[upkeep]
|upkeep
|
|t:|1779871785
|switch|p1a: Barraskewda|Barraskewda, F|100/100
|turn|2
|
|t:|1779871791
|move|p1a: Barraskewda|Close Combat|p2a: Hydrapple
|-supereffective|p2a: Hydrapple
|-damage|p2a: Hydrapple|0 fnt
|-unboost|p1a: Barraskewda|def|1
|-unboost|p1a: Barraskewda|spd|1
|faint|p2a: Hydrapple
|
|-weather|RainDance|[upkeep]
|upkeep
|
|t:|1779871798
|switch|p2a: Toxapex|Toxapex, M|100/100
|turn|3
|
|t:|1779871809
|switch|p1a: Raging Bolt|Raging Bolt|100/100
|-enditem|p1a: Raging Bolt|Booster Energy
|-activate|p1a: Raging Bolt|ability: Protosynthesis|[fromitem]
|-start|p1a: Raging Bolt|protosynthesisspa
|move|p2a: Toxapex|Toxic|p1a: Raging Bolt
|-status|p1a: Raging Bolt|tox
|
|-weather|RainDance|[upkeep]
|-damage|p1a: Raging Bolt|94/100 tox|[from] psn
|upkeep
|turn|4
|
|t:|1779871813
|switch|p2a: Blissey|Blissey, F|100/100
|move|p1a: Raging Bolt|Thunder|p2a: Blissey
|-damage|p2a: Blissey|74/100
|-enditem|p2a: Blissey|Red Card|[of] p1a: Raging Bolt
|-end|p1a: Raging Bolt|Protosynthesis|[silent]
|drag|p1a: Dragonite|Dragonite, F|100/100
|
|-weather|RainDance|[upkeep]
|upkeep
|turn|5
|
|t:|1779871822
|switch|p2a: Quagsire|Quagsire, F|100/100
|move|p1a: Dragonite|Dragon Dance|p1a: Dragonite
|-boost|p1a: Dragonite|atk|1
|-boost|p1a: Dragonite|spe|1
|
|-weather|RainDance|[upkeep]
|upkeep
|turn|6
|
|t:|1779871829
|move|p1a: Dragonite|Dragon Dance|p1a: Dragonite
|-boost|p1a: Dragonite|atk|1
|-boost|p1a: Dragonite|spe|1
|move|p2a: Quagsire|Toxic|p1a: Dragonite
|-status|p1a: Dragonite|tox
|
|-weather|RainDance|[upkeep]
|-damage|p1a: Dragonite|94/100 tox|[from] psn
|upkeep
|turn|7
|
|t:|1779871838
|-terastallize|p1a: Dragonite|Normal
|move|p1a: Dragonite|Extreme Speed|p2a: Quagsire
|-damage|p2a: Quagsire|62/100
|move|p2a: Quagsire|Liquidation|p1a: Dragonite
|-damage|p1a: Dragonite|53/100 tox
|
|-weather|RainDance|[upkeep]
|-damage|p1a: Dragonite|40/100 tox|[from] psn
|upkeep
|turn|8
|
|t:|1779871847
|move|p1a: Dragonite|Extreme Speed|p2a: Quagsire
|-damage|p2a: Quagsire|23/100
|move|p2a: Quagsire|Recover|p2a: Quagsire
|-heal|p2a: Quagsire|73/100
|
|-weather|none
|-damage|p1a: Dragonite|22/100 tox|[from] psn
|upkeep
|turn|9
|
|t:|1779871855
|move|p1a: Dragonite|Extreme Speed|p2a: Quagsire
|-damage|p2a: Quagsire|36/100
|move|p2a: Quagsire|Recover|p2a: Quagsire
|-heal|p2a: Quagsire|86/100
|
|-damage|p1a: Dragonite|0 fnt|[from] psn
|faint|p1a: Dragonite
|upkeep
|
|t:|1779871868
|switch|p1a: Raging Bolt|Raging Bolt|94/100 tox
|turn|10
|
|t:|1779871877
|switch|p2a: Blissey|Blissey, F|74/100
|move|p1a: Raging Bolt|Draco Meteor|p2a: Blissey
|-damage|p2a: Blissey|48/100
|-unboost|p1a: Raging Bolt|spa|2
|
|-damage|p1a: Raging Bolt|88/100 tox|[from] psn
|upkeep
|turn|11
|
|t:|1779871885
|-end|p1a: Raging Bolt|Protosynthesis|[silent]
|switch|p1a: Barraskewda|Barraskewda, F|100/100
|move|p2a: Blissey|Soft-Boiled|p2a: Blissey
|-heal|p2a: Blissey|98/100
|
|upkeep
|turn|12
|
|t:|1779871900
|switch|p2a: Toxapex|Toxapex, M|100/100
|move|p1a: Barraskewda|Flip Turn|p2a: Toxapex
|-resisted|p2a: Toxapex
|-damage|p2a: Toxapex|85/100
|
|t:|1779871903
|switch|p1a: Raging Bolt|Raging Bolt|88/100 tox|[from] Flip Turn
|
|-heal|p2a: Toxapex|91/100|[from] item: Black Sludge
|-damage|p1a: Raging Bolt|82/100 tox|[from] psn
|upkeep
|turn|13
|inactive|karothis has 120 seconds left.
|
|t:|1779871945
|switch|p2a: Blissey|Blissey, F|98/100
|move|p1a: Raging Bolt|Thunder|p2a: Blissey
|-damage|p2a: Blissey|75/100
|
|-damage|p1a: Raging Bolt|70/100 tox|[from] psn
|upkeep
|turn|14
|
|t:|1779871950
|-end|p1a: Raging Bolt|Protosynthesis|[silent]
|switch|p1a: Barraskewda|Barraskewda, F|100/100
|move|p2a: Blissey|Stealth Rock|p1a: Barraskewda
|-sidestart|p1: Maxxxxilla|move: Stealth Rock
|
|upkeep
|turn|15
|
|t:|1779871959
|switch|p2a: Toxapex|Toxapex, M|100/100
|move|p1a: Barraskewda|Crunch|p2a: Toxapex
|-damage|p2a: Toxapex|72/100
|
|-heal|p2a: Toxapex|78/100|[from] item: Black Sludge
|upkeep
|turn|16
|-message|Maxxxxilla forfeited.
|
|win|karothis
|raw|Maxxxxilla's rating: 1310 &rarr; <strong>1290</strong><br />(-20 for losing)
|raw|karothis's rating: 1308 &rarr; <strong>1328</strong><br />(+20 for winning)
|l|☆Maxxxxilla
|player|p1|
|l|☆karothis
|player|p2|
