|j|☆Rafisse
|j|☆subbasser
|t:|1779957662
|gametype|singles
|player|p1|Rafisse|2|1077
|player|p2|subbasser|266|1091
|gen|9
|tier|[Gen 9] OU
|rated|
|rule|HP Percentage Mod: HP is shown in percentages
|rule|Endless Battle Clause: Forcing endless battles is banned
|rule|Species Clause: Limit one of each Pokémon
|rule|OHKO Clause: OHKO moves are banned
|rule|Evasion Items Clause: Evasion items are banned
|rule|Evasion Moves Clause: Evasion moves are banned
|rule|Evasion Abilities Clause: Evasion abilities are banned
|rule|Sleep Moves Clause: Sleep-inducing moves are banned
|clearpoke
|poke|p1|Great Tusk|
|poke|p1|Dragapult, M|
|poke|p1|Kingambit, F|
|poke|p1|Primarina, M|
|poke|p1|Rillaboom, M|
|poke|p1|Heatran, F|
|poke|p2|Toedscruel, M|
|poke|p2|Registeel|
|poke|p2|Rhyperior, M|
|poke|p2|Magnezone|
|poke|p2|Kingambit, M|
|poke|p2|Phantump, F|
|teampreview
|inactive|Battle timer is ON: inactive players will automatically lose when time's up. (requested by Rafisse)
|
|t:|1779957673
|teamsize|p1|6
|teamsize|p2|6
|start
|switch|p1a: Great Tusk|Great Tusk|100/100
|switch|p2a: Trickster|Phantump, F, shiny|100/100
|turn|1
|
|t:|1779957681
|move|p1a: Great Tusk|Knock Off|p2a: Trickster
|-supereffective|p2a: Trickster
|-damage|p2a: Trickster|25/100
|-enditem|p2a: Trickster|Eviolite|[from] move: Knock Off|[of] p1a: Great Tusk
|move|p2a: Trickster|Will-O-Wisp|p1a: Great Tusk
|-status|p1a: Great Tusk|brn
|
|-damage|p1a: Great Tusk|94/100 brn|[from] brn
|upkeep
|turn|2
|
|t:|1779957691
|switch|p2a: Ood|Toedscruel, M|100/100
|move|p1a: Great Tusk|Stealth Rock|p2a: Ood
|-sidestart|p2: subbasser|move: Stealth Rock
|
|-heal|p1a: Great Tusk|100/100 brn|[from] item: Leftovers
|-damage|p1a: Great Tusk|94/100 brn|[from] brn
|upkeep
|turn|3
|
|t:|1779957700
|move|p2a: Ood|Earth Power|p1a: Great Tusk
|-damage|p1a: Great Tusk|48/100 brn
|move|p1a: Great Tusk|Knock Off|p2a: Ood
|-damage|p2a: Ood|80/100
|-enditem|p2a: Ood|Assault Vest|[from] move: Knock Off|[of] p1a: Great Tusk
|
|-heal|p1a: Great Tusk|55/100 brn|[from] item: Leftovers
|-damage|p1a: Great Tusk|48/100 brn|[from] brn
|upkeep
|turn|4
|
|t:|1779957723
|-end|p1a: Great Tusk|Protosynthesis|[silent]
|switch|p1a: Dragapult|Dragapult, M|100/100
|move|p2a: Ood|Giga Drain|p1a: Dragapult
|-resisted|p1a: Dragapult
|-damage|p1a: Dragapult|79/100
|-heal|p2a: Ood|90/100|[from] drain|[of] p1a: Dragapult
|
|upkeep
|turn|5
|
|t:|1779957746
|move|p1a: Dragapult|Flamethrower|p2a: Ood
|-supereffective|p2a: Ood
|-damage|p2a: Ood|24/100
|move|p2a: Ood|Dazzling Gleam|p1a: Dragapult
|-supereffective|p1a: Dragapult
|-damage|p1a: Dragapult|22/100
|
|upkeep
|turn|6
|
|t:|1779957754
|switch|p2a: Judoon|Rhyperior, M|100/100
|-damage|p2a: Judoon|94/100|[from] Stealth Rock
|move|p1a: Dragapult|Flamethrower|p2a: Judoon
|-resisted|p2a: Judoon
|-damage|p2a: Judoon|68/100
|
|-heal|p2a: Judoon|74/100|[from] item: Leftovers
|upkeep
|turn|7
|
|t:|1779957772
|switch|p1a: Primarina|Primarina, M|100/100
|move|p2a: Judoon|Avalanche|p1a: Primarina
|-resisted|p1a: Primarina
|-damage|p1a: Primarina|87/100
|
|-heal|p2a: Judoon|80/100|[from] item: Leftovers
|upkeep
|turn|8
|inactive|subbasser has 120 seconds left.
|
|t:|1779957816
|switch|p2a: Dalek|Magnezone, shiny|100/100
|-damage|p2a: Dalek|94/100|[from] Stealth Rock
|move|p1a: Primarina|Hydro Pump|p2a: Dalek
|-damage|p2a: Dalek|51/100
|
|upkeep
|turn|9
|
|t:|1779957830
|switch|p1a: Heatran|Heatran, F|100/100
|move|p2a: Dalek|Flash Cannon|p1a: Heatran
|-resisted|p1a: Heatran
|-damage|p1a: Heatran|94/100
|
|-heal|p1a: Heatran|99/100|[from] item: Leftovers
|upkeep
|turn|10
|inactive|subbasser has 120 seconds left.
|
|t:|1779957840
|move|p1a: Heatran|Magma Storm|p2a: Dalek
|-supereffective|p2a: Dalek
|-damage|p2a: Dalek|0 fnt
|faint|p2a: Dalek
|
|-heal|p1a: Heatran|100/100|[from] item: Leftovers
|upkeep
|inactive|subbasser has 120 seconds left.
|inactive|subbasser has 90 seconds left.
|
|t:|1779957879
|switch|p2a: Ood|Toedscruel, M|24/100
|-damage|p2a: Ood|18/100|[from] Stealth Rock
|turn|11
|
|t:|1779957889
|switch|p1a: Rillaboom|Rillaboom, M|100/100
|-fieldstart|move: Grassy Terrain|[from] ability: Grassy Surge|[of] p1a: Rillaboom
|move|p2a: Ood|Earth Power|p1a: Rillaboom
|-resisted|p1a: Rillaboom
|-damage|p1a: Rillaboom|77/100
|
|-heal|p1a: Rillaboom|83/100|[from] Grassy Terrain
|-heal|p2a: Ood|24/100|[from] Grassy Terrain
|upkeep
|turn|12
|
|t:|1779957911
|move|p1a: Rillaboom|Knock Off|p2a: Ood
|-damage|p2a: Ood|0 fnt
|faint|p2a: Ood
|
|-heal|p1a: Rillaboom|89/100|[from] Grassy Terrain
|upkeep
|inactive|subbasser has 90 seconds left.
|
|t:|1779957953
|switch|p2a: Cyberman|Registeel|100/100
|-damage|p2a: Cyberman|94/100|[from] Stealth Rock
|turn|13
|
|t:|1779957958
|move|p1a: Rillaboom|Knock Off|p2a: Cyberman
|-damage|p2a: Cyberman|58/100
|-enditem|p2a: Cyberman|Quick Claw|[from] move: Knock Off|[of] p1a: Rillaboom
|move|p2a: Cyberman|Curse|p2a: Cyberman
|-unboost|p2a: Cyberman|spe|1
|-boost|p2a: Cyberman|atk|1
|-boost|p2a: Cyberman|def|1
|
|-heal|p1a: Rillaboom|96/100|[from] Grassy Terrain
|-heal|p2a: Cyberman|64/100|[from] Grassy Terrain
|upkeep
|turn|14
|inactive|subbasser has 60 seconds left.
|
|t:|1779957985
|switch|p1a: Heatran|Heatran, F|100/100
|move|p2a: Cyberman|Iron Head|p1a: Heatran
|-resisted|p1a: Heatran
|-damage|p1a: Heatran|94/100
|
|-heal|p1a: Heatran|99/100|[from] Grassy Terrain
|-heal|p1a: Heatran|100/100|[from] item: Leftovers
|-heal|p2a: Cyberman|70/100|[from] Grassy Terrain
|upkeep
|turn|15
|
|t:|1779957996
|switch|p2a: Judoon|Rhyperior, M|80/100
|-damage|p2a: Judoon|74/100|[from] Stealth Rock
|move|p1a: Heatran|Magma Storm|p2a: Judoon
|-resisted|p2a: Judoon
|-damage|p2a: Judoon|44/100
|-activate|p2a: Judoon|move: Magma Storm|[of] p1a: Heatran
|
|-heal|p2a: Judoon|50/100|[from] Grassy Terrain
|-heal|p2a: Judoon|57/100|[from] item: Leftovers
|-damage|p2a: Judoon|44/100|[from] move: Magma Storm|[partiallytrapped]
|-fieldend|move: Grassy Terrain
|upkeep
|turn|16
|
|t:|1779958013
|move|p1a: Heatran|Protect|p1a: Heatran
|-singleturn|p1a: Heatran|Protect
|move|p2a: Judoon|Earthquake|p1a: Heatran
|-activate|p1a: Heatran|move: Protect
|
|-heal|p2a: Judoon|50/100|[from] item: Leftovers
|-damage|p2a: Judoon|38/100|[from] move: Magma Storm|[partiallytrapped]
|upkeep
|turn|17
|
|t:|1779958024
|switch|p1a: Dragapult|Dragapult, M|22/100
|move|p2a: Judoon|Avalanche|p1a: Dragapult
|-supereffective|p1a: Dragapult
|-damage|p1a: Dragapult|0 fnt
|faint|p1a: Dragapult
|
|-heal|p2a: Judoon|44/100|[from] item: Leftovers
|-end|p2a: Judoon|Magma Storm|[partiallytrapped]|[silent]
|upkeep
|
|t:|1779958040
|switch|p1a: Rillaboom|Rillaboom, M|96/100
|-fieldstart|move: Grassy Terrain|[from] ability: Grassy Surge|[of] p1a: Rillaboom
|turn|18
|
|t:|1779958047
|switch|p2a: Trickster|Phantump, F, shiny|25/100
|-damage|p2a: Trickster|13/100|[from] Stealth Rock
|move|p1a: Rillaboom|Grassy Glide|p2a: Trickster
|-resisted|p2a: Trickster
|-damage|p2a: Trickster|0 fnt
|faint|p2a: Trickster
|
|-heal|p1a: Rillaboom|100/100|[from] Grassy Terrain
|upkeep
|
|t:|1779958050
|switch|p2a: Sontaran|Kingambit, M|100/100
|-damage|p2a: Sontaran|94/100|[from] Stealth Rock
|-activate|p2a: Sontaran|ability: Supreme Overlord
|-start|p2a: Sontaran|fallen3|[silent]
|turn|19
|inactive|subbasser has 90 seconds left.
|
|t:|1779958066
|switch|p1a: Heatran|Heatran, F|100/100
|move|p2a: Sontaran|Swords Dance|p2a: Sontaran
|-boost|p2a: Sontaran|atk|2
|
|-heal|p2a: Sontaran|100/100|[from] Grassy Terrain
|upkeep
|turn|20
|
|t:|1779958074
|-terastallize|p2a: Sontaran|Dark
|move|p2a: Sontaran|Kowtow Cleave|p1a: Heatran
|-damage|p1a: Heatran|0 fnt
|faint|p1a: Heatran
|
|upkeep
|
|t:|1779958087
|switch|p1a: Great Tusk|Great Tusk|48/100 brn
|turn|21
|
|t:|1779958096
|move|p1a: Great Tusk|Knock Off|p2a: Sontaran
|-resisted|p2a: Sontaran
|-damage|p2a: Sontaran|95/100
|-enditem|p2a: Sontaran|Black Glasses|[from] move: Knock Off|[of] p1a: Great Tusk
|move|p2a: Sontaran|Iron Head|p1a: Great Tusk
|-damage|p1a: Great Tusk|0 fnt
|faint|p1a: Great Tusk
|-end|p1a: Great Tusk|Protosynthesis|[silent]
|
|-heal|p2a: Sontaran|100/100|[from] Grassy Terrain
|upkeep
|
|t:|1779958111
|switch|p1a: Kingambit|Kingambit, F|100/100
|-activate|p1a: Kingambit|ability: Supreme Overlord
|-start|p1a: Kingambit|fallen3|[silent]
|turn|22
|
|t:|1779958127
|move|p2a: Sontaran|Iron Head|p1a: Kingambit
|-resisted|p1a: Kingambit
|-damage|p1a: Kingambit|61/100
|move|p1a: Kingambit|Swords Dance|p1a: Kingambit
|-boost|p1a: Kingambit|atk|2
|
|-heal|p1a: Kingambit|68/100|[from] Grassy Terrain
|-fieldend|move: Grassy Terrain
|upkeep
|turn|23
|
|t:|1779958137
|move|p2a: Sontaran|Iron Head|p1a: Kingambit
|-resisted|p1a: Kingambit
|-damage|p1a: Kingambit|28/100
|move|p1a: Kingambit|Iron Head|p2a: Sontaran
|-crit|p2a: Sontaran
|-damage|p2a: Sontaran|0 fnt
|faint|p2a: Sontaran
|-end|p2a: Sontaran|fallen3|[silent]
|
|upkeep
|-message|subbasser forfeited.
|
|win|Rafisse
|raw|Rafisse's rating: 1077 &rarr; <strong>1107</strong><br />(+30 for winning)
|raw|subbasser's rating: 1091 &rarr; <strong>1066</strong><br />(-25 for losing)
|l|☆subbasser
|player|p2|
|l|☆Rafisse
|player|p1|
