|j|☆landlord42
|j|☆maximilk
|t:|1779930661
|gametype|singles
|player|p1|landlord42|blackbelt-gen4dp|1559
|player|p2|maximilk|baker|1508
|gen|9
|tier|[Gen 9] OU
|rated|
|rule|HP Percentage Mod: HP is shown in percentages
|rule|Endless Battle Clause: Forcing endless battles is banned
|rule|Species Clause: Limit one of each Pokémon
|rule|OHKO Clause: OHKO moves are banned
|rule|Evasion Items Clause: Evasion items are banned
|rule|Evasion Moves Clause: Evasion moves are banned
|rule|Evasion Abilities Clause: Evasion abilities are banned
|rule|Sleep Moves Clause: Sleep-inducing moves are banned
|clearpoke
|poke|p1|Breloom, F|
|poke|p1|Regieleki|
|poke|p1|Slowking-Galar, M|
|poke|p1|Landorus-Therian, M|
|poke|p1|Umbreon, F|
|poke|p1|Volcanion|
|poke|p2|Cramorant, M|
|poke|p2|Cresselia, F|
|poke|p2|Pawmot, M|
|poke|p2|Kingambit, M|
|poke|p2|Ceruledge, M|
|poke|p2|Kyurem|
|teampreview
|inactive|Battle timer is ON: inactive players will automatically lose when time's up. (requested by maximilk)
|
|t:|1779930678
|teamsize|p1|6
|teamsize|p2|6
|start
|switch|p1a: Regieleki|Regieleki|100/100
|switch|p2a: Kyurem|Kyurem|100/100
|-ability|p2a: Kyurem|Pressure
|turn|1
|
|t:|1779930693
|move|p1a: Regieleki|Volt Switch|p2a: Kyurem
|-resisted|p2a: Kyurem
|-damage|p2a: Kyurem|81/100
|
|t:|1779930696
|switch|p1a: Slowking|Slowking-Galar, M|100/100|[from] Volt Switch
|move|p2a: Kyurem|Earth Power|p1a: Slowking
|-supereffective|p1a: Slowking
|-damage|p1a: Slowking|68/100
|-unboost|p1a: Slowking|spd|1
|
|-heal|p2a: Kyurem|88/100|[from] item: Leftovers
|upkeep
|turn|2
|
|t:|1779930719
|switch|p1a: Breloom|Breloom, F|100/100
|move|p2a: Kyurem|Substitute|p2a: Kyurem
|-start|p2a: Kyurem|Substitute
|-damage|p2a: Kyurem|63/100
|
|-heal|p2a: Kyurem|69/100|[from] item: Leftovers
|upkeep
|turn|3
|
|t:|1779930733
|switch|p1a: Slowking|Slowking-Galar, M|100/100
|move|p2a: Kyurem|Freeze-Dry|p1a: Slowking
|-damage|p1a: Slowking|79/100
|
|-heal|p2a: Kyurem|75/100|[from] item: Leftovers
|upkeep
|turn|4
|
|t:|1779930742
|-terastallize|p1a: Slowking|Dark
|move|p2a: Kyurem|Earth Power|p1a: Slowking
|-damage|p1a: Slowking|60/100
|move|p1a: Slowking|Future Sight|p2a: Kyurem
|-start|p1a: Slowking|move: Future Sight
|
|-heal|p2a: Kyurem|81/100|[from] item: Leftovers
|upkeep
|turn|5
|
|t:|1779930752
|move|p2a: Kyurem|Freeze-Dry|p1a: Slowking
|-damage|p1a: Slowking|39/100
|move|p1a: Slowking|Sludge Bomb|p2a: Kyurem
|-end|p2a: Kyurem|Substitute
|
|-heal|p2a: Kyurem|87/100|[from] item: Leftovers
|upkeep
|turn|6
|
|t:|1779930758
|move|p2a: Kyurem|Protect|p2a: Kyurem
|-singleturn|p2a: Kyurem|Protect
|move|p1a: Slowking|Sludge Bomb|p2a: Kyurem
|-activate|p2a: Kyurem|move: Protect
|
|-end|p2a: Kyurem|move: Future Sight
|-damage|p2a: Kyurem|48/100
|-heal|p2a: Kyurem|54/100|[from] item: Leftovers
|upkeep
|turn|7
|
|t:|1779930781
|switch|p2a: Kingambit|Kingambit, M|100/100
|-prepare|p1a: Slowking|Chilly Reception|[premajor]
|move|p1a: Slowking|Chilly Reception|p1a: Slowking
|-weather|Snowscape
|
|t:|1779930791
|switch|p1a: Breloom|Breloom, F|100/100|[from] Chilly Reception
|
|-weather|Snowscape|[upkeep]
|upkeep
|turn|8
|inactive|landlord42 has 120 seconds left.
|
|t:|1779930814
|-end|p2a: Kingambit|fallenundefined|[silent]
|switch|p2a: Ceruledge|Ceruledge, M|100/100
|move|p1a: Breloom|Mach Punch|p2a: Ceruledge
|-immune|p2a: Ceruledge
|
|-weather|Snowscape|[upkeep]
|upkeep
|turn|9
|
|t:|1779930821
|switch|p1a: Umbreon|Umbreon, F, shiny|100/100
|move|p2a: Ceruledge|Bitter Blade|p1a: Umbreon
|-damage|p1a: Umbreon|64/100
|-damage|p2a: Ceruledge|91/100|[from] item: Life Orb
|
|-weather|Snowscape|[upkeep]
|-heal|p1a: Umbreon|71/100|[from] item: Leftovers
|upkeep
|turn|10
|inactive|landlord42 has 120 seconds left.
|
|t:|1779930860
|move|p1a: Umbreon|Protect|p1a: Umbreon
|-singleturn|p1a: Umbreon|Protect
|move|p2a: Ceruledge|Destiny Bond|p2a: Ceruledge
|-singlemove|p2a: Ceruledge|Destiny Bond
|
|-weather|Snowscape|[upkeep]
|-heal|p1a: Umbreon|77/100|[from] item: Leftovers
|upkeep
|turn|11
|
|t:|1779930881
|move|p2a: Ceruledge|Bitter Blade|p1a: Umbreon
|-damage|p1a: Umbreon|43/100
|-heal|p2a: Ceruledge|100/100|[from] drain|[of] p1a: Umbreon
|-damage|p2a: Ceruledge|91/100|[from] item: Life Orb
|move|p1a: Umbreon|Foul Play|p2a: Ceruledge
|-supereffective|p2a: Ceruledge
|-damage|p2a: Ceruledge|0 fnt
|faint|p2a: Ceruledge
|
|-weather|none
|-heal|p1a: Umbreon|49/100|[from] item: Leftovers
|upkeep
|
|t:|1779930887
|switch|p2a: Pawmot|Pawmot, M|100/100
|turn|12
|
|t:|1779930897
|move|p2a: Pawmot|Ice Punch|p1a: Umbreon
|-damage|p1a: Umbreon|30/100
|move|p1a: Umbreon|Toxic|p2a: Pawmot
|-status|p2a: Pawmot|tox
|
|-heal|p1a: Umbreon|37/100|[from] item: Leftovers
|-damage|p2a: Pawmot|94/100 tox|[from] psn
|upkeep
|turn|13
|
|t:|1779930911
|move|p2a: Pawmot|Close Combat|p1a: Umbreon
|-supereffective|p1a: Umbreon
|-damage|p1a: Umbreon|0 fnt
|-unboost|p2a: Pawmot|def|1
|-unboost|p2a: Pawmot|spd|1
|faint|p1a: Umbreon
|
|-damage|p2a: Pawmot|82/100 tox|[from] psn
|upkeep
|
|t:|1779930932
|switch|p1a: Slowking|Slowking-Galar, M, tera:Dark|72/100
|turn|14
|
|t:|1779930946
|move|p2a: Pawmot|Close Combat|p1a: Slowking
|-supereffective|p1a: Slowking
|-damage|p1a: Slowking|0 fnt
|-unboost|p2a: Pawmot|def|1
|-unboost|p2a: Pawmot|spd|1
|faint|p1a: Slowking
|
|-damage|p2a: Pawmot|64/100 tox|[from] psn
|upkeep
|
|t:|1779930950
|switch|p1a: Breloom|Breloom, F|100/100
|turn|15
|
|t:|1779930957
|switch|p2a: Cramorant|Cramorant, M|100/100
|move|p1a: Breloom|Bullet Seed|p2a: Cramorant
|-damage|p2a: Cramorant|42/100
|-damage|p2a: Cramorant|0 fnt
|faint|p2a: Cramorant
|-hitcount|p2: Cramorant|2
|
|upkeep
|
|t:|1779930966
|switch|p2a: Kingambit|Kingambit, M|100/100
|-activate|p2a: Kingambit|ability: Supreme Overlord
|-start|p2a: Kingambit|fallen2|[silent]
|turn|16
|
|t:|1779930985
|switch|p1a: Landorus|Landorus-Therian, M|100/100
|-ability|p1a: Landorus|Intimidate|boost
|-unboost|p2a: Kingambit|atk|1
|-end|p2a: Kingambit|fallen2|[silent]
|switch|p2a: Cresselia|Cresselia, F|100/100
|
|upkeep
|turn|17
|
|t:|1779930991
|move|p2a: Cresselia|Trick|p1a: Landorus
|-activate|p2a: Cresselia|move: Trick|[of] p1a: Landorus
|-item|p1a: Landorus|Choice Scarf|[from] move: Trick
|-item|p2a: Cresselia|Rocky Helmet|[from] move: Trick
|move|p1a: Landorus|U-turn|p2a: Cresselia
|-supereffective|p2a: Cresselia
|-damage|p2a: Cresselia|67/100
|-damage|p1a: Landorus|84/100|[from] item: Rocky Helmet|[of] p2a: Cresselia
|
|t:|1779931004
|switch|p1a: Volcanion|Volcanion|100/100|[from] U-turn
|
|upkeep
|turn|18
|
|t:|1779931017
|move|p2a: Cresselia|Thunder Wave|p1a: Volcanion
|-status|p1a: Volcanion|par
|move|p1a: Volcanion|Flamethrower|p2a: Cresselia
|-damage|p2a: Cresselia|34/100
|
|upkeep
|turn|19
|
|t:|1779931023
|switch|p2a: Kyurem|Kyurem|54/100
|-ability|p2a: Kyurem|Pressure
|cant|p1a: Volcanion|par
|
|-heal|p2a: Kyurem|60/100|[from] item: Leftovers
|upkeep
|turn|20
|
|t:|1779931029
|move|p2a: Kyurem|Substitute|p2a: Kyurem
|-start|p2a: Kyurem|Substitute
|-damage|p2a: Kyurem|35/100
|cant|p1a: Volcanion|par
|
|-heal|p2a: Kyurem|42/100|[from] item: Leftovers
|upkeep
|turn|21
|
|t:|1779931037
|switch|p1a: Landorus|Landorus-Therian, M|84/100
|-ability|p1a: Landorus|Intimidate|boost
|-immune|p2a: Kyurem
|move|p2a: Kyurem|Earth Power|p1a: Landorus
|-immune|p1a: Landorus
|
|-heal|p2a: Kyurem|48/100|[from] item: Leftovers
|upkeep
|turn|22
|
|t:|1779931039
|move|p2a: Kyurem|Protect|p2a: Kyurem
|-singleturn|p2a: Kyurem|Protect
|move|p1a: Landorus|U-turn|p2a: Kyurem
|-activate|p2a: Kyurem|move: Protect
|
|-heal|p2a: Kyurem|54/100|[from] item: Leftovers
|upkeep
|turn|23
|
|t:|1779931051
|move|p1a: Landorus|U-turn|p2a: Kyurem
|-activate|p2a: Kyurem|move: Substitute|[damage]
|
|t:|1779931059
|switch|p1a: Breloom|Breloom, F|100/100|[from] U-turn
|move|p2a: Kyurem|Freeze-Dry|p1a: Breloom
|-supereffective|p1a: Breloom
|-damage|p1a: Breloom|0 fnt
|faint|p1a: Breloom
|
|-heal|p2a: Kyurem|60/100|[from] item: Leftovers
|upkeep
|
|t:|1779931065
|switch|p1a: Regieleki|Regieleki|100/100
|turn|24
|
|t:|1779931069
|move|p2a: Kyurem|Protect|p2a: Kyurem
|-singleturn|p2a: Kyurem|Protect
|move|p1a: Regieleki|Volt Switch|p2a: Kyurem
|-activate|p2a: Kyurem|move: Protect
|
|-heal|p2a: Kyurem|66/100|[from] item: Leftovers
|upkeep
|turn|25
|
|t:|1779931077
|move|p1a: Regieleki|Volt Switch|p2a: Kyurem
|-resisted|p2a: Kyurem
|-crit|p2a: Kyurem
|-end|p2a: Kyurem|Substitute
|
|t:|1779931079
|switch|p1a: Volcanion|Volcanion|100/100 par|[from] Volt Switch
|move|p2a: Kyurem|Substitute|p2a: Kyurem
|-start|p2a: Kyurem|Substitute
|-damage|p2a: Kyurem|41/100
|
|-heal|p2a: Kyurem|48/100|[from] item: Leftovers
|upkeep
|turn|26
|
|t:|1779931088
|move|p2a: Kyurem|Protect|p2a: Kyurem
|-singleturn|p2a: Kyurem|Protect
|move|p1a: Volcanion|Flamethrower|p2a: Kyurem
|-activate|p2a: Kyurem|move: Protect
|
|-heal|p2a: Kyurem|54/100|[from] item: Leftovers
|upkeep
|turn|27
|
|t:|1779931095
|move|p2a: Kyurem|Earth Power|p1a: Volcanion
|-supereffective|p1a: Volcanion
|-damage|p1a: Volcanion|40/100 par
|move|p1a: Volcanion|Flamethrower|p2a: Kyurem
|-end|p2a: Kyurem|Substitute
|
|-heal|p2a: Kyurem|60/100|[from] item: Leftovers
|upkeep
|turn|28
|
|t:|1779931124
|switch|p1a: Landorus|Landorus-Therian, M|84/100
|-ability|p1a: Landorus|Intimidate|boost
|-unboost|p2a: Kyurem|atk|1
|move|p2a: Kyurem|Earth Power|p1a: Landorus
|-immune|p1a: Landorus
|
|-heal|p2a: Kyurem|66/100|[from] item: Leftovers
|upkeep
|turn|29
|
|t:|1779931146
|move|p2a: Kyurem|Protect|p2a: Kyurem
|-singleturn|p2a: Kyurem|Protect
|move|p1a: Landorus|Earthquake|p2a: Kyurem
|-activate|p2a: Kyurem|move: Protect
|
|-heal|p2a: Kyurem|72/100|[from] item: Leftovers
|upkeep
|turn|30
|
|t:|1779931154
|switch|p2a: Cresselia|Cresselia, F|34/100
|move|p1a: Landorus|Earthquake|p2a: Cresselia
|-immune|p2a: Cresselia|[from] ability: Levitate
|
|upkeep
|turn|31
|
|t:|1779931181
|switch|p1a: Volcanion|Volcanion|40/100 par
|move|p2a: Cresselia|Lunar Dance|p2a: Cresselia
|faint|p2a: Cresselia
|
|upkeep
|
|t:|1779931184
|switch|p2a: Pawmot|Pawmot, M|64/100 tox
|-heal|p2a: Pawmot|100/100|[from] move: Lunar Dance
|turn|32
|
|t:|1779931196
|move|p2a: Pawmot|Revival Blessing|p2a: Pawmot
|-enditem|p2a: Pawmot|Leppa Berry|[eat]
|-activate|p2a: Pawmot|item: Leppa Berry|Revival Blessing|[consumed]
|
|t:|1779931200
|-heal|p2: Cramorant|50/100|[from] move: Revival Blessing
|move|p1a: Volcanion|Steam Eruption|p2a: Pawmot
|-damage|p2a: Pawmot|0 fnt
|faint|p2a: Pawmot
|
|upkeep
|
|t:|1779931209
|switch|p2a: Kyurem|Kyurem|72/100
|-ability|p2a: Kyurem|Pressure
|turn|33
|
|t:|1779931220
|switch|p1a: Landorus|Landorus-Therian, M|84/100
|-ability|p1a: Landorus|Intimidate|boost
|-unboost|p2a: Kyurem|atk|1
|move|p2a: Kyurem|Substitute|p2a: Kyurem
|-start|p2a: Kyurem|Substitute
|-damage|p2a: Kyurem|47/100
|
|-heal|p2a: Kyurem|53/100|[from] item: Leftovers
|upkeep
|turn|34
|
|t:|1779931232
|switch|p1a: Regieleki|Regieleki|100/100
|move|p2a: Kyurem|Protect||[still]
|-fail|p2a: Kyurem
|
|-heal|p2a: Kyurem|60/100|[from] item: Leftovers
|upkeep
|turn|35
|
|t:|1779931243
|move|p2a: Kyurem|Protect|p2a: Kyurem
|-singleturn|p2a: Kyurem|Protect
|move|p1a: Regieleki|Volt Switch|p2a: Kyurem
|-activate|p2a: Kyurem|move: Protect
|
|-heal|p2a: Kyurem|66/100|[from] item: Leftovers
|upkeep
|turn|36
|
|t:|1779931251
|move|p1a: Regieleki|Volt Switch|p2a: Kyurem
|-resisted|p2a: Kyurem
|-activate|p2a: Kyurem|move: Substitute|[damage]
|
|t:|1779931255
|switch|p1a: Volcanion|Volcanion|40/100 par|[from] Volt Switch
|move|p2a: Kyurem|Freeze-Dry|p1a: Volcanion
|-damage|p1a: Volcanion|2/100 par
|
|-heal|p2a: Kyurem|72/100|[from] item: Leftovers
|upkeep
|turn|37
|
|t:|1779931262
|move|p2a: Kyurem|Freeze-Dry|p1a: Volcanion
|-damage|p1a: Volcanion|0 fnt
|faint|p1a: Volcanion
|
|-heal|p2a: Kyurem|78/100|[from] item: Leftovers
|upkeep
|
|t:|1779931268
|switch|p1a: Regieleki|Regieleki|100/100
|turn|38
|
|t:|1779931273
|move|p2a: Kyurem|Protect|p2a: Kyurem
|-singleturn|p2a: Kyurem|Protect
|move|p1a: Regieleki|Electro Ball|p2a: Kyurem
|-activate|p2a: Kyurem|move: Protect
|
|-heal|p2a: Kyurem|84/100|[from] item: Leftovers
|upkeep
|turn|39
|
|t:|1779931283
|move|p1a: Regieleki|Volt Switch|p2a: Kyurem
|-resisted|p2a: Kyurem
|-end|p2a: Kyurem|Substitute
|
|t:|1779931286
|switch|p1a: Landorus|Landorus-Therian, M|84/100|[from] Volt Switch
|-ability|p1a: Landorus|Intimidate|boost
|-unboost|p2a: Kyurem|atk|1
|move|p2a: Kyurem|Substitute|p2a: Kyurem
|-start|p2a: Kyurem|Substitute
|-damage|p2a: Kyurem|59/100
|
|-heal|p2a: Kyurem|66/100|[from] item: Leftovers
|upkeep
|turn|40
|
|t:|1779931311
|switch|p1a: Regieleki|Regieleki|100/100
|move|p2a: Kyurem|Freeze-Dry|p1a: Regieleki
|-damage|p1a: Regieleki|33/100
|
|-heal|p2a: Kyurem|72/100|[from] item: Leftovers
|upkeep
|turn|41
|
|t:|1779931320
|move|p2a: Kyurem|Protect|p2a: Kyurem
|-singleturn|p2a: Kyurem|Protect
|move|p1a: Regieleki|Rapid Spin|p2a: Kyurem
|-activate|p2a: Kyurem|move: Protect
|
|-heal|p2a: Kyurem|78/100|[from] item: Leftovers
|upkeep
|turn|42
|
|t:|1779931328
|move|p1a: Regieleki|Rapid Spin|p2a: Kyurem
|-activate|p2a: Kyurem|move: Substitute|[damage]
|-boost|p1a: Regieleki|spe|1
|move|p2a: Kyurem|Freeze-Dry|p1a: Regieleki
|-damage|p1a: Regieleki|0 fnt
|faint|p1a: Regieleki
|
|-heal|p2a: Kyurem|84/100|[from] item: Leftovers
|upkeep
|
|t:|1779931332
|switch|p1a: Landorus|Landorus-Therian, M|84/100
|-ability|p1a: Landorus|Intimidate|boost
|-immune|p2a: Kyurem
|turn|43
|
|t:|1779931340
|move|p1a: Landorus|Smack Down|p2a: Kyurem
|-supereffective|p2a: Kyurem
|-end|p2a: Kyurem|Substitute
|move|p2a: Kyurem|Freeze-Dry|p1a: Landorus
|-supereffective|p1a: Landorus
|-damage|p1a: Landorus|0 fnt
|faint|p1a: Landorus
|
|win|maximilk
|raw|landlord42's rating: 1559 &rarr; <strong>1536</strong><br />(-23 for losing)
|raw|maximilk's rating: 1508 &rarr; <strong>1531</strong><br />(+23 for winning)
|c|☆landlord42|Gg
|c|☆maximilk|gg
|l|☆landlord42
|player|p1|
|l|☆maximilk
|player|p2|
