|j|☆Igoodnamename
|j|☆perfecto123
|t:|1779817832
|gametype|singles
|player|p1|Igoodnamename|aaron|1688
|player|p2|perfecto123|1|1675
|gen|9
|tier|[Gen 9] OU
|rated|
|rule|HP Percentage Mod: HP is shown in percentages
|rule|Endless Battle Clause: Forcing endless battles is banned
|rule|Species Clause: Limit one of each Pokémon
|rule|OHKO Clause: OHKO moves are banned
|rule|Evasion Items Clause: Evasion items are banned
|rule|Evasion Moves Clause: Evasion moves are banned
|rule|Evasion Abilities Clause: Evasion abilities are banned
|rule|Sleep Moves Clause: Sleep-inducing moves are banned
|clearpoke
|poke|p1|Pecharunt|
|poke|p1|Slowking, F|
|poke|p1|Iron Treads|
|poke|p1|Zamazenta-*|
|poke|p1|Umbreon, M|
|poke|p1|Ogerpon, F|
|poke|p2|Ribombee, F|
|poke|p2|Quaquaval, F|
|poke|p2|Hydreigon, M|
|poke|p2|Iron Moth|
|poke|p2|Skeledirge, M|
|poke|p2|Ogerpon-Wellspring, F|
|teampreview
|
|t:|1779817846
|teamsize|p1|6
|teamsize|p2|6
|start
|switch|p1a: Iron Treads|Iron Treads|100/100
|switch|p2a: Ribombee|Ribombee, F|100/100
|turn|1
|
|t:|1779817855
|move|p2a: Ribombee|Stun Spore|p1a: Iron Treads
|-status|p1a: Iron Treads|par
|move|p1a: Iron Treads|Stealth Rock|p2a: Ribombee
|-sidestart|p2: perfecto123|move: Stealth Rock
|
|upkeep
|turn|2
|
|t:|1779817861
|switch|p2a: Ogerpon|Ogerpon-Wellspring, F|100/100
|-damage|p2a: Ogerpon|88/100|[from] Stealth Rock
|move|p1a: Iron Treads|Rapid Spin|p2a: Ogerpon
|-damage|p2a: Ogerpon|67/100
|-boost|p1a: Iron Treads|spe|1
|
|upkeep
|turn|3
|
|t:|1779817871
|-end|p1a: Iron Treads|Quark Drive|[silent]
|switch|p1a: Umbreon|Umbreon, M|100/100
|move|p2a: Ogerpon|Swords Dance|p2a: Ogerpon
|-boost|p2a: Ogerpon|atk|2
|
|upkeep
|turn|4
|
|t:|1779817888
|move|p2a: Ogerpon|Play Rough|p1a: Umbreon
|-supereffective|p1a: Umbreon
|-damage|p1a: Umbreon|23/100
|move|p1a: Umbreon|Foul Play|p2a: Ogerpon
|-damage|p2a: Ogerpon|0 fnt
|faint|p2a: Ogerpon
|
|-heal|p1a: Umbreon|29/100|[from] item: Leftovers
|upkeep
|
|t:|1779817901
|switch|p2a: Iron Moth|Iron Moth|100/100
|-damage|p2a: Iron Moth|76/100|[from] Stealth Rock
|-enditem|p2a: Iron Moth|Booster Energy
|-activate|p2a: Iron Moth|ability: Quark Drive|[fromitem]
|-start|p2a: Iron Moth|quarkdrivespa
|turn|5
|
|t:|1779817919
|move|p2a: Iron Moth|Fiery Dance|p1a: Umbreon
|-damage|p1a: Umbreon|0 fnt
|-boost|p2a: Iron Moth|spa|1
|faint|p1a: Umbreon
|
|upkeep
|
|t:|1779817934
|switch|p1a: Slowking|Slowking, F|100/100
|turn|6
|
|t:|1779817938
|move|p2a: Iron Moth|Sludge Wave|p1a: Slowking
|-damage|p1a: Slowking|46/100
|-status|p1a: Slowking|psn
|move|p1a: Slowking|Psyshock|p2a: Iron Moth
|-supereffective|p2a: Iron Moth
|-damage|p2a: Iron Moth|0 fnt
|faint|p2a: Iron Moth
|-end|p2a: Iron Moth|Quark Drive|[silent]
|
|-damage|p1a: Slowking|34/100 psn|[from] psn
|upkeep
|
|t:|1779817951
|switch|p2a: Ribombee|Ribombee, F|100/100
|-damage|p2a: Ribombee|76/100|[from] Stealth Rock
|turn|7
|
|t:|1779817958
|move|p2a: Ribombee|Sticky Web|p1a: Slowking
|-sidestart|p1: Igoodnamename|move: Sticky Web
|move|p1a: Slowking|Flamethrower|p2a: Ribombee
|-supereffective|p2a: Ribombee
|-damage|p2a: Ribombee|0 fnt
|faint|p2a: Ribombee
|
|-damage|p1a: Slowking|21/100 psn|[from] psn
|upkeep
|
|t:|1779817966
|switch|p2a: Quaquaval|Quaquaval, F|100/100
|-damage|p2a: Quaquaval|94/100|[from] Stealth Rock
|turn|8
|
|t:|1779817970
|switch|p1a: Ogerpon|Ogerpon, F|100/100
|-activate|p1a: Ogerpon|move: Sticky Web
|-unboost|p1a: Ogerpon|spe|1
|-ability|p1a: Ogerpon|Defiant|boost
|-boost|p1a: Ogerpon|atk|2
|move|p2a: Quaquaval|Aqua Step|p1a: Ogerpon
|-resisted|p1a: Ogerpon
|-damage|p1a: Ogerpon|75/100
|-boost|p2a: Quaquaval|spe|1
|
|-heal|p2a: Quaquaval|100/100|[from] item: Leftovers
|upkeep
|turn|9
|
|t:|1779817981
|switch|p1a: Pecharunt|Pecharunt|100/100
|-item|p1a: Pecharunt|Air Balloon
|move|p2a: Quaquaval|Triple Axel|p1a: Pecharunt
|-damage|p1a: Pecharunt|95/100
|-enditem|p1a: Pecharunt|Air Balloon
|-damage|p1a: Pecharunt|84/100
|-damage|p1a: Pecharunt|68/100
|-hitcount|p1a: Pecharunt|3
|
|upkeep
|turn|10
|
|t:|1779817995
|switch|p2a: Hydreigon|Hydreigon, M|100/100
|-damage|p2a: Hydreigon|88/100|[from] Stealth Rock
|move|p1a: Pecharunt|Shadow Ball|p2a: Hydreigon
|-resisted|p2a: Hydreigon
|-damage|p2a: Hydreigon|69/100
|
|upkeep
|turn|11
|
|t:|1779818003
|switch|p1a: Iron Treads|Iron Treads|100/100 par
|-activate|p1a: Iron Treads|move: Sticky Web
|-unboost|p1a: Iron Treads|spe|1
|move|p2a: Hydreigon|Nasty Plot|p2a: Hydreigon
|-boost|p2a: Hydreigon|spa|2
|
|upkeep
|turn|12
|
|t:|1779818011
|move|p2a: Hydreigon|Dark Pulse|p1a: Iron Treads
|-damage|p1a: Iron Treads|0 fnt
|faint|p1a: Iron Treads
|-end|p1a: Iron Treads|Quark Drive|[silent]
|-damage|p2a: Hydreigon|59/100|[from] item: Life Orb
|
|upkeep
|
|t:|1779818026
|switch|p1a: Ogerpon|Ogerpon, F|75/100
|-activate|p1a: Ogerpon|move: Sticky Web
|-unboost|p1a: Ogerpon|spe|1
|-ability|p1a: Ogerpon|Defiant|boost
|-boost|p1a: Ogerpon|atk|2
|turn|13
|
|t:|1779818035
|-terastallize|p1a: Ogerpon|Grass
|detailschange|p1a: Ogerpon|Ogerpon-Teal-Tera, F, tera:Grass
|-ability|p1a: Ogerpon|Embody Aspect (Teal)|boost
|-boost|p1a: Ogerpon|spe|1
|move|p1a: Ogerpon|U-turn|p2a: Hydreigon
|-supereffective|p2a: Hydreigon
|-crit|p2a: Hydreigon
|-damage|p2a: Hydreigon|0 fnt
|faint|p2a: Hydreigon
|
|t:|1779818042
|switch|p1a: Pecharunt|Pecharunt|68/100|[from] U-turn
|-activate|p1a: Pecharunt|move: Sticky Web
|-unboost|p1a: Pecharunt|spe|1
|
|upkeep
|
|t:|1779818055
|switch|p2a: Quaquaval|Quaquaval, F|100/100
|-damage|p2a: Quaquaval|94/100|[from] Stealth Rock
|turn|14
|inactive|Battle timer is ON: inactive players will automatically lose when time's up. (requested by perfecto123)
|
|t:|1779818067
|move|p2a: Quaquaval|Aqua Step|p1a: Pecharunt
|-damage|p1a: Pecharunt|36/100
|-boost|p2a: Quaquaval|spe|1
|move|p1a: Pecharunt|Shadow Ball|p2a: Quaquaval
|-damage|p2a: Quaquaval|54/100
|
|-heal|p2a: Quaquaval|60/100|[from] item: Leftovers
|upkeep
|turn|15
|
|t:|1779818075
|move|p2a: Quaquaval|Bulk Up|p2a: Quaquaval
|-boost|p2a: Quaquaval|atk|1
|-boost|p2a: Quaquaval|def|1
|move|p1a: Pecharunt|Malignant Chain|p2a: Quaquaval
|-damage|p2a: Quaquaval|8/100
|-status|p2a: Quaquaval|tox
|-start|p2a: Quaquaval|confusion|[from] ability: Poison Puppeteer|[of] p1a: Pecharunt
|
|-heal|p2a: Quaquaval|14/100 tox|[from] item: Leftovers
|-damage|p2a: Quaquaval|8/100 tox|[from] psn
|upkeep
|turn|16
|
|t:|1779818087
|-activate|p2a: Quaquaval|confusion
|move|p2a: Quaquaval|Aqua Step|p1a: Pecharunt
|-damage|p1a: Pecharunt|0 fnt
|-boost|p2a: Quaquaval|spe|1
|faint|p1a: Pecharunt
|-ability|p2a: Quaquaval|Moxie|boost
|-boost|p2a: Quaquaval|atk|1
|
|-heal|p2a: Quaquaval|14/100 tox|[from] item: Leftovers
|-damage|p2a: Quaquaval|1/100 tox|[from] psn
|upkeep
|
|t:|1779818094
|switch|p1a: Slowking|Slowking, F|55/100 psn
|-activate|p1a: Slowking|move: Sticky Web
|-unboost|p1a: Slowking|spe|1
|turn|17
|
|t:|1779818099
|-activate|p2a: Quaquaval|confusion
|move|p2a: Quaquaval|Aqua Step|p1a: Slowking
|-resisted|p1a: Slowking
|-damage|p1a: Slowking|14/100 psn
|-boost|p2a: Quaquaval|spe|1
|move|p1a: Slowking|Future Sight|p2a: Quaquaval
|-start|p1a: Slowking|move: Future Sight
|
|-heal|p2a: Quaquaval|8/100 tox|[from] item: Leftovers
|-damage|p2a: Quaquaval|0 fnt|[from] psn
|faint|p2a: Quaquaval
|-damage|p1a: Slowking|2/100 psn|[from] psn
|upkeep
|j| Jol Bol
|
|t:|1779818110
|switch|p2a: Skeledirge|Skeledirge, M|100/100
|-damage|p2a: Skeledirge|76/100|[from] Stealth Rock
|turn|18
|
|t:|1779818115
|move|p2a: Skeledirge|Torch Song|p1a: Slowking
|-resisted|p1a: Slowking
|-damage|p1a: Slowking|0 fnt
|-boost|p2a: Skeledirge|spa|1
|faint|p1a: Slowking
|
|-heal|p2a: Skeledirge|82/100|[from] item: Leftovers
|upkeep
|
|t:|1779818120
|switch|p1a: Zamazenta|Zamazenta|100/100
|-activate|p1a: Zamazenta|move: Sticky Web
|-unboost|p1a: Zamazenta|spe|1
|-ability|p1a: Zamazenta|Dauntless Shield|boost
|-boost|p1a: Zamazenta|def|1
|turn|19
|
|t:|1779818128
|-terastallize|p2a: Skeledirge|Fairy
|move|p1a: Zamazenta|Crunch|p2a: Skeledirge
|-resisted|p2a: Skeledirge
|-damage|p2a: Skeledirge|62/100
|move|p2a: Skeledirge|Slack Off|p2a: Skeledirge
|-heal|p2a: Skeledirge|100/100
|
|-end|p2a: Skeledirge|move: Future Sight
|-damage|p2a: Skeledirge|46/100
|-heal|p2a: Skeledirge|52/100|[from] item: Leftovers
|upkeep
|turn|20
|
|t:|1779818138
|switch|p1a: Ogerpon|Ogerpon-Teal-Tera, F, tera:Grass|75/100
|-activate|p1a: Ogerpon|move: Sticky Web
|-unboost|p1a: Ogerpon|spe|1
|-ability|p1a: Ogerpon|Embody Aspect (Teal)|boost
|-boost|p1a: Ogerpon|spe|1
|move|p2a: Skeledirge|Slack Off|p2a: Skeledirge
|-heal|p2a: Skeledirge|100/100
|
|upkeep
|turn|21
|
|t:|1779818147
|move|p1a: Ogerpon|Ivy Cudgel|p2a: Skeledirge
|-damage|p2a: Skeledirge|0 fnt
|faint|p2a: Skeledirge
|
|win|Igoodnamename
|raw|Igoodnamename's rating: 1664 &rarr; <strong>1685</strong><br />(+21 for winning)
|raw|perfecto123's rating: 1675 &rarr; <strong>1654</strong><br />(-21 for losing)
|l|☆perfecto123
|player|p2|
|l|☆Igoodnamename
|player|p1|
|l| Jol Bol
