|j|☆tauros3
|j|☆Firea_9zhan
|t:|1779806747
|gametype|singles
|player|p1|tauros3|swimmer-gen4dp|1537
|player|p2|Firea_9zhan|170|1549
|gen|9
|tier|[Gen 9] OU
|rated|
|rule|HP Percentage Mod: HP is shown in percentages
|rule|Endless Battle Clause: Forcing endless battles is banned
|rule|Species Clause: Limit one of each Pokémon
|rule|OHKO Clause: OHKO moves are banned
|rule|Evasion Items Clause: Evasion items are banned
|rule|Evasion Moves Clause: Evasion moves are banned
|rule|Evasion Abilities Clause: Evasion abilities are banned
|rule|Sleep Moves Clause: Sleep-inducing moves are banned
|clearpoke
|poke|p1|Rillaboom, F|
|poke|p1|Ogerpon-Wellspring, F|
|poke|p1|Tauros-Paldea-Blaze, M|
|poke|p1|Muk-Alola, M|
|poke|p1|Raging Bolt|
|poke|p1|Iron Treads|
|poke|p2|Clodsire, M|
|poke|p2|Landorus-Therian, M|
|poke|p2|Ogerpon-Wellspring, F|
|poke|p2|Iron Valiant|
|poke|p2|Heatran, F|
|poke|p2|Zamazenta-*|
|teampreview
|inactive|Battle timer is ON: inactive players will automatically lose when time's up. (requested by tauros3)
|
|t:|1779806761
|teamsize|p1|6
|teamsize|p2|6
|start
|switch|p1a: Summer Shandy|Rillaboom, F|100/100
|switch|p2a: Landorus|Landorus-Therian, M|100/100
|-fieldstart|move: Grassy Terrain|[from] ability: Grassy Surge|[of] p1a: Summer Shandy
|-ability|p2a: Landorus|Intimidate|boost
|-unboost|p1a: Summer Shandy|atk|1
|turn|1
|
|t:|1779806770
|move|p1a: Summer Shandy|U-turn|p2a: Landorus
|-resisted|p2a: Landorus
|-damage|p2a: Landorus|91/100
|
|t:|1779806773
|switch|p1a: HELP|Ogerpon-Wellspring, F|100/100|[from] U-turn
|move|p2a: Landorus|U-turn|p1a: HELP
|-supereffective|p1a: HELP
|-damage|p1a: HELP|29/100
|
|t:|1779806790
|switch|p2a: Ogerpon|Ogerpon-Wellspring, F|100/100|[from] U-turn
|
|-heal|p1a: HELP|35/100|[from] Grassy Terrain
|upkeep
|turn|2
|
|t:|1779806797
|switch|p1a: Summer Shandy|Rillaboom, F|100/100
|move|p2a: Ogerpon|Knock Off|p1a: Summer Shandy
|-damage|p1a: Summer Shandy|62/100
|-enditem|p1a: Summer Shandy|Terrain Extender|[from] move: Knock Off|[of] p2a: Ogerpon
|
|-heal|p1a: Summer Shandy|68/100|[from] Grassy Terrain
|upkeep
|turn|3
|
|t:|1779806808
|switch|p2a: Landorus|Landorus-Therian, M|91/100
|-ability|p2a: Landorus|Intimidate|boost
|-unboost|p1a: Summer Shandy|atk|1
|move|p1a: Summer Shandy|U-turn|p2a: Landorus
|-resisted|p2a: Landorus
|-damage|p2a: Landorus|83/100
|
|t:|1779806817
|switch|p1a: Plastic Flowers|Iron Treads|100/100|[from] U-turn
|-enditem|p1a: Plastic Flowers|Booster Energy
|-activate|p1a: Plastic Flowers|ability: Quark Drive|[fromitem]
|-start|p1a: Plastic Flowers|quarkdrivespe
|
|upkeep
|turn|4
|
|t:|1779806836
|-terastallize|p2a: Landorus|Water
|move|p1a: Plastic Flowers|Stealth Rock|p2a: Landorus
|-sidestart|p2: Firea_9zhan|move: Stealth Rock
|move|p2a: Landorus|Earthquake|p1a: Plastic Flowers
|-supereffective|p1a: Plastic Flowers
|-damage|p1a: Plastic Flowers|44/100
|
|-heal|p1a: Plastic Flowers|51/100|[from] Grassy Terrain
|-heal|p2a: Landorus|89/100|[from] Grassy Terrain
|upkeep
|turn|5
|
|t:|1779806859
|move|p1a: Plastic Flowers|Earth Power|p2a: Landorus
|-damage|p2a: Landorus|66/100
|move|p2a: Landorus|Earthquake|p1a: Plastic Flowers
|-supereffective|p1a: Plastic Flowers
|-damage|p1a: Plastic Flowers|0 fnt
|faint|p1a: Plastic Flowers
|-end|p1a: Plastic Flowers|Quark Drive|[silent]
|
|-heal|p2a: Landorus|72/100|[from] Grassy Terrain
|upkeep
|
|t:|1779806870
|switch|p1a: HELP|Ogerpon-Wellspring, F|35/100
|turn|6
|
|t:|1779806878
|switch|p2a: Zamazenta|Zamazenta|100/100
|-damage|p2a: Zamazenta|94/100|[from] Stealth Rock
|-ability|p2a: Zamazenta|Dauntless Shield|boost
|-boost|p2a: Zamazenta|def|1
|move|p1a: HELP|Grassy Glide|p2a: Zamazenta
|-damage|p2a: Zamazenta|75/100
|
|-heal|p1a: HELP|41/100|[from] Grassy Terrain
|-heal|p2a: Zamazenta|81/100|[from] Grassy Terrain
|-heal|p2a: Zamazenta|87/100|[from] item: Leftovers
|upkeep
|turn|7
|
|t:|1779806890
|switch|p1a: The Plan|Tauros-Paldea-Blaze, M|100/100
|-ability|p1a: The Plan|Intimidate|boost
|-unboost|p2a: Zamazenta|atk|1
|move|p2a: Zamazenta|Substitute|p2a: Zamazenta
|-start|p2a: Zamazenta|Substitute
|-damage|p2a: Zamazenta|62/100
|
|-heal|p2a: Zamazenta|69/100|[from] Grassy Terrain
|-heal|p2a: Zamazenta|75/100|[from] item: Leftovers
|upkeep
|turn|8
|
|t:|1779806908
|switch|p1a: West Virginia|Raging Bolt|100/100
|-enditem|p1a: West Virginia|Booster Energy
|-activate|p1a: West Virginia|ability: Protosynthesis|[fromitem]
|-start|p1a: West Virginia|protosynthesisspa
|move|p2a: Zamazenta|Body Press|p1a: West Virginia
|-damage|p1a: West Virginia|52/100
|
|-heal|p2a: Zamazenta|81/100|[from] Grassy Terrain
|-heal|p2a: Zamazenta|87/100|[from] item: Leftovers
|-heal|p1a: West Virginia|58/100|[from] Grassy Terrain
|-fieldend|move: Grassy Terrain
|upkeep
|turn|9
|
|t:|1779806922
|-terastallize|p1a: West Virginia|Ghost
|move|p2a: Zamazenta|Body Press|p1a: West Virginia
|-immune|p1a: West Virginia
|move|p1a: West Virginia|Thunderbolt|p2a: Zamazenta
|-end|p2a: Zamazenta|Substitute
|
|-heal|p2a: Zamazenta|93/100|[from] item: Leftovers
|upkeep
|turn|10
|
|t:|1779806934
|move|p2a: Zamazenta|Substitute|p2a: Zamazenta
|-start|p2a: Zamazenta|Substitute
|-damage|p2a: Zamazenta|68/100
|move|p1a: West Virginia|Dragon Pulse|p2a: Zamazenta
|-end|p2a: Zamazenta|Substitute
|
|-heal|p2a: Zamazenta|74/100|[from] item: Leftovers
|upkeep
|turn|11
|
|t:|1779806947
|switch|p2a: Landorus|Landorus-Therian, M, tera:Water|72/100
|-damage|p2a: Landorus|60/100|[from] Stealth Rock
|-ability|p2a: Landorus|Intimidate|boost
|-unboost|p1a: West Virginia|atk|1
|move|p1a: West Virginia|Thunderbolt|p2a: Landorus
|-supereffective|p2a: Landorus
|-damage|p2a: Landorus|0 fnt
|faint|p2a: Landorus
|
|upkeep
|
|t:|1779806958
|switch|p2a: Clodsire|Clodsire, M|100/100
|-damage|p2a: Clodsire|94/100|[from] Stealth Rock
|turn|12
|
|t:|1779806969
|-end|p1a: West Virginia|Protosynthesis|[silent]
|switch|p1a: Summer Shandy|Rillaboom, F|68/100
|-fieldstart|move: Grassy Terrain|[from] ability: Grassy Surge|[of] p1a: Summer Shandy
|move|p2a: Clodsire|Toxic|p1a: Summer Shandy
|-status|p1a: Summer Shandy|tox
|
|-heal|p1a: Summer Shandy|74/100 tox|[from] Grassy Terrain
|-heal|p2a: Clodsire|100/100|[from] Grassy Terrain
|-damage|p1a: Summer Shandy|68/100 tox|[from] psn
|upkeep
|turn|13
|
|t:|1779806980
|move|p1a: Summer Shandy|Knock Off|p2a: Clodsire
|-damage|p2a: Clodsire|62/100
|-enditem|p2a: Clodsire|Leftovers|[from] move: Knock Off|[of] p1a: Summer Shandy
|move|p2a: Clodsire|Stealth Rock|p1a: Summer Shandy
|-sidestart|p1: tauros3|move: Stealth Rock
|
|-heal|p1a: Summer Shandy|74/100 tox|[from] Grassy Terrain
|-heal|p2a: Clodsire|69/100|[from] Grassy Terrain
|-damage|p1a: Summer Shandy|62/100 tox|[from] psn
|upkeep
|turn|14
|
|t:|1779806992
|switch|p2a: Zamazenta|Zamazenta|74/100
|-damage|p2a: Zamazenta|68/100|[from] Stealth Rock
|move|p1a: Summer Shandy|U-turn|p2a: Zamazenta
|-resisted|p2a: Zamazenta
|-damage|p2a: Zamazenta|61/100
|
|t:|1779806996
|switch|p1a: West Virginia|Raging Bolt, tera:Ghost|58/100|[from] U-turn
|-damage|p1a: West Virginia|46/100|[from] Stealth Rock
|
|-heal|p2a: Zamazenta|67/100|[from] Grassy Terrain
|-heal|p2a: Zamazenta|73/100|[from] item: Leftovers
|-heal|p1a: West Virginia|52/100|[from] Grassy Terrain
|upkeep
|turn|15
|
|t:|1779807011
|switch|p2a: Clodsire|Clodsire, M|69/100
|-damage|p2a: Clodsire|62/100|[from] Stealth Rock
|move|p1a: West Virginia|Calm Mind|p1a: West Virginia
|-boost|p1a: West Virginia|spa|1
|-boost|p1a: West Virginia|spd|1
|
|-heal|p1a: West Virginia|58/100|[from] Grassy Terrain
|-heal|p2a: Clodsire|69/100|[from] Grassy Terrain
|upkeep
|turn|16
|
|t:|1779807021
|move|p1a: West Virginia|Dragon Pulse|p2a: Clodsire
|-damage|p2a: Clodsire|43/100
|move|p2a: Clodsire|Recover|p2a: Clodsire
|-heal|p2a: Clodsire|93/100
|
|-heal|p1a: West Virginia|65/100|[from] Grassy Terrain
|-heal|p2a: Clodsire|99/100|[from] Grassy Terrain
|-fieldend|move: Grassy Terrain
|upkeep
|turn|17
|
|t:|1779807036
|-end|p1a: West Virginia|Protosynthesis|[silent]
|switch|p1a: Summer Shandy|Rillaboom, F|62/100 tox
|-damage|p1a: Summer Shandy|49/100 tox|[from] Stealth Rock
|-fieldstart|move: Grassy Terrain|[from] ability: Grassy Surge|[of] p1a: Summer Shandy
|move|p2a: Clodsire|Toxic|p1a: Summer Shandy
|-fail|p1a: Summer Shandy|tox
|
|-heal|p1a: Summer Shandy|55/100 tox|[from] Grassy Terrain
|-heal|p2a: Clodsire|100/100|[from] Grassy Terrain
|-damage|p1a: Summer Shandy|49/100 tox|[from] psn
|upkeep
|turn|18
|
|t:|1779807048
|switch|p2a: Zamazenta|Zamazenta|73/100
|-damage|p2a: Zamazenta|67/100|[from] Stealth Rock
|move|p1a: Summer Shandy|U-turn|p2a: Zamazenta
|-resisted|p2a: Zamazenta
|-damage|p2a: Zamazenta|58/100
|
|t:|1779807056
|switch|p1a: West Virginia|Raging Bolt, tera:Ghost|65/100|[from] U-turn
|-damage|p1a: West Virginia|52/100|[from] Stealth Rock
|
|-heal|p2a: Zamazenta|64/100|[from] Grassy Terrain
|-heal|p2a: Zamazenta|71/100|[from] item: Leftovers
|-heal|p1a: West Virginia|58/100|[from] Grassy Terrain
|upkeep
|turn|19
|
|t:|1779807067
|switch|p2a: Clodsire|Clodsire, M|100/100
|-damage|p2a: Clodsire|94/100|[from] Stealth Rock
|-end|p1a: West Virginia|Protosynthesis|[silent]
|switch|p1a: HELP|Ogerpon-Wellspring, F|41/100
|-damage|p1a: HELP|29/100|[from] Stealth Rock
|
|-heal|p1a: HELP|35/100|[from] Grassy Terrain
|-heal|p2a: Clodsire|100/100|[from] Grassy Terrain
|upkeep
|turn|20
|
|t:|1779807082
|switch|p2a: Zamazenta|Zamazenta|71/100
|-damage|p2a: Zamazenta|64/100|[from] Stealth Rock
|move|p1a: HELP|Swords Dance|p1a: HELP
|-boost|p1a: HELP|atk|2
|
|-heal|p1a: HELP|41/100|[from] Grassy Terrain
|-heal|p2a: Zamazenta|71/100|[from] Grassy Terrain
|-heal|p2a: Zamazenta|77/100|[from] item: Leftovers
|upkeep
|turn|21
|
|t:|1779807093
|move|p1a: HELP|Grassy Glide|p2a: Zamazenta
|-damage|p2a: Zamazenta|15/100
|move|p2a: Zamazenta|Body Press|p1a: HELP
|-damage|p1a: HELP|0 fnt
|faint|p1a: HELP
|
|-heal|p2a: Zamazenta|21/100|[from] Grassy Terrain
|-heal|p2a: Zamazenta|27/100|[from] item: Leftovers
|-fieldend|move: Grassy Terrain
|upkeep
|
|t:|1779807102
|switch|p1a: The Plan|Tauros-Paldea-Blaze, M|100/100
|-damage|p1a: The Plan|88/100|[from] Stealth Rock
|-ability|p1a: The Plan|Intimidate|boost
|-unboost|p2a: Zamazenta|atk|1
|turn|22
|
|t:|1779807115
|move|p2a: Zamazenta|Iron Defense|p2a: Zamazenta
|-boost|p2a: Zamazenta|def|2
|move|p1a: The Plan|Raging Bull|p2a: Zamazenta
|-damage|p2a: Zamazenta|15/100
|
|-heal|p2a: Zamazenta|22/100|[from] item: Leftovers
|-heal|p1a: The Plan|94/100|[from] item: Leftovers
|upkeep
|turn|23
|
|t:|1779807126
|move|p2a: Zamazenta|Body Press|p1a: The Plan
|-damage|p1a: The Plan|47/100
|move|p1a: The Plan|Body Press|p2a: Zamazenta
|-damage|p2a: Zamazenta|8/100
|
|-heal|p2a: Zamazenta|14/100|[from] item: Leftovers
|-heal|p1a: The Plan|53/100|[from] item: Leftovers
|upkeep
|turn|24
|
|t:|1779807136
|move|p2a: Zamazenta|Body Press|p1a: The Plan
|-damage|p1a: The Plan|3/100
|move|p1a: The Plan|Body Press|p2a: Zamazenta
|-damage|p2a: Zamazenta|1/100
|
|-heal|p2a: Zamazenta|7/100|[from] item: Leftovers
|-heal|p1a: The Plan|9/100|[from] item: Leftovers
|upkeep
|turn|25
|
|t:|1779807147
|move|p2a: Zamazenta|Body Press|p1a: The Plan
|-damage|p1a: The Plan|0 fnt
|faint|p1a: The Plan
|
|-heal|p2a: Zamazenta|14/100|[from] item: Leftovers
|upkeep
|
|t:|1779807149
|switch|p1a: Summer Shandy|Rillaboom, F|49/100 tox
|-damage|p1a: Summer Shandy|37/100 tox|[from] Stealth Rock
|-fieldstart|move: Grassy Terrain|[from] ability: Grassy Surge|[of] p1a: Summer Shandy
|turn|26
|
|t:|1779807159
|move|p1a: Summer Shandy|Grassy Glide|p2a: Zamazenta
|-damage|p2a: Zamazenta|0 fnt
|faint|p2a: Zamazenta
|
|-heal|p1a: Summer Shandy|43/100 tox|[from] Grassy Terrain
|-damage|p1a: Summer Shandy|37/100 tox|[from] psn
|upkeep
|
|t:|1779807170
|switch|p2a: Heatran|Heatran, F|100/100
|-damage|p2a: Heatran|88/100|[from] Stealth Rock
|-item|p2a: Heatran|Air Balloon
|turn|27
|
|t:|1779807178
|move|p1a: Summer Shandy|Low Kick|p2a: Heatran
|-supereffective|p2a: Heatran
|-damage|p2a: Heatran|12/100
|-enditem|p2a: Heatran|Air Balloon
|move|p2a: Heatran|Flash Cannon|p1a: Summer Shandy
|-damage|p1a: Summer Shandy|0 fnt
|faint|p1a: Summer Shandy
|
|-heal|p2a: Heatran|19/100|[from] Grassy Terrain
|upkeep
|
|t:|1779807184
|switch|p1a: 2YL|Muk-Alola, M|100/100
|-damage|p1a: 2YL|88/100|[from] Stealth Rock
|turn|28
|
|t:|1779807192
|move|p2a: Heatran|Magma Storm|p1a: 2YL
|-damage|p1a: 2YL|66/100
|-activate|p1a: 2YL|move: Magma Storm|[of] p2a: Heatran
|move|p1a: 2YL|Drain Punch|p2a: Heatran
|-supereffective|p2a: Heatran
|-damage|p2a: Heatran|0 fnt
|-heal|p1a: 2YL|75/100|[from] drain|[of] p2a: Heatran
|faint|p2a: Heatran
|
|-heal|p1a: 2YL|81/100|[from] Grassy Terrain
|-end|p1a: 2YL|Magma Storm|[partiallytrapped]|[silent]
|upkeep
|
|t:|1779807222
|switch|p2a: Ogerpon|Ogerpon-Wellspring, F|100/100
|-damage|p2a: Ogerpon|88/100|[from] Stealth Rock
|turn|29
|j| Disscratch
|
|t:|1779807244
|move|p2a: Ogerpon|Horn Leech|p1a: 2YL
|-resisted|p1a: 2YL
|-damage|p1a: 2YL|53/100
|-heal|p2a: Ogerpon|100/100|[from] drain|[of] p1a: 2YL
|move|p1a: 2YL|Poison Jab|p2a: Ogerpon
|-supereffective|p2a: Ogerpon
|-damage|p2a: Ogerpon|28/100
|
|-heal|p2a: Ogerpon|34/100|[from] Grassy Terrain
|-heal|p1a: 2YL|59/100|[from] Grassy Terrain
|upkeep
|turn|30
|
|t:|1779807256
|move|p2a: Ogerpon|Ivy Cudgel|p1a: 2YL|[anim] Ivy Cudgel Water
|-damage|p1a: 2YL|0 fnt
|faint|p1a: 2YL
|
|-heal|p2a: Ogerpon|40/100|[from] Grassy Terrain
|-fieldend|move: Grassy Terrain
|upkeep
|
|t:|1779807258
|switch|p1a: West Virginia|Raging Bolt, tera:Ghost|58/100
|-damage|p1a: West Virginia|46/100|[from] Stealth Rock
|turn|31
|-message|tauros3 forfeited.
|
|win|Firea_9zhan
|raw|tauros3's rating: 1537 &rarr; <strong>1518</strong><br />(-19 for losing)
|raw|Firea_9zhan's rating: 1549 &rarr; <strong>1568</strong><br />(+19 for winning)
|l|☆tauros3
|player|p1|
|l|☆Firea_9zhan
|player|p2|
|l| Disscratch
