|j|☆Teamrocketty
|j|☆whyguns?
|t:|1779888083
|gametype|singles
|player|p1|Teamrocketty|2|1181
|player|p2|whyguns?|skierf|1200
|gen|9
|tier|[Gen 9] OU
|rated|
|rule|HP Percentage Mod: HP is shown in percentages
|rule|Endless Battle Clause: Forcing endless battles is banned
|rule|Species Clause: Limit one of each Pokémon
|rule|OHKO Clause: OHKO moves are banned
|rule|Evasion Items Clause: Evasion items are banned
|rule|Evasion Moves Clause: Evasion moves are banned
|rule|Evasion Abilities Clause: Evasion abilities are banned
|rule|Sleep Moves Clause: Sleep-inducing moves are banned
|clearpoke
|poke|p1|Feraligatr, M|
|poke|p1|Skeledirge, M|
|poke|p1|Krookodile, M|
|poke|p1|Garchomp, M|
|poke|p1|Deoxys-Speed|
|poke|p1|Great Tusk|
|poke|p2|Samurott-Hisui, M|
|poke|p2|Haxorus, F|
|poke|p2|Gholdengo|
|poke|p2|Garchomp, M|
|poke|p2|Mandibuzz, F|
|poke|p2|Primarina, M|
|teampreview
|
|t:|1779888100
|teamsize|p1|6
|teamsize|p2|6
|start
|switch|p1a: Deoxys|Deoxys-Speed|100/100
|switch|p2a: Samurott|Samurott-Hisui, M|100/100
|-ability|p1a: Deoxys|Pressure
|turn|1
|
|t:|1779888103
|move|p1a: Deoxys|Taunt|p2a: Samurott
|-start|p2a: Samurott|move: Taunt
|move|p2a: Samurott|Ceaseless Edge|p1a: Deoxys
|-supereffective|p1a: Deoxys
|-damage|p1a: Deoxys|0 fnt
|-sidestart|p1: Teamrocketty|Spikes
|faint|p1a: Deoxys
|
|upkeep
|
|t:|1779888111
|switch|p1a: Krookodile|Krookodile, M|100/100
|-damage|p1a: Krookodile|88/100|[from] Spikes
|turn|2
|
|t:|1779888115
|move|p1a: Krookodile|Close Combat|p2a: Samurott
|-supereffective|p2a: Samurott
|-damage|p2a: Samurott|9/100
|-unboost|p1a: Krookodile|def|1
|-unboost|p1a: Krookodile|spd|1
|move|p2a: Samurott|Aqua Cutter|p1a: Krookodile
|-supereffective|p1a: Krookodile
|-damage|p1a: Krookodile|0 fnt
|faint|p1a: Krookodile
|
|upkeep
|
|t:|1779888124
|switch|p1a: Great Tusk|Great Tusk|100/100
|-damage|p1a: Great Tusk|88/100|[from] Spikes
|turn|3
|
|t:|1779888128
|switch|p2a: Gholdengo|Gholdengo|100/100
|move|p1a: Great Tusk|Rapid Spin|p2a: Gholdengo
|-immune|p2a: Gholdengo
|
|-heal|p1a: Great Tusk|94/100|[from] item: Leftovers
|upkeep
|turn|4
|
|t:|1779888131
|move|p2a: Gholdengo|Make It Rain|p1a: Great Tusk
|-damage|p1a: Great Tusk|9/100
|-unboost|p2a: Gholdengo|spa|1
|move|p1a: Great Tusk|Headlong Rush|p2a: Gholdengo
|-supereffective|p2a: Gholdengo
|-damage|p2a: Gholdengo|0 fnt
|-unboost|p1a: Great Tusk|def|1
|-unboost|p1a: Great Tusk|spd|1
|faint|p2a: Gholdengo
|
|-heal|p1a: Great Tusk|15/100|[from] item: Leftovers
|upkeep
|
|t:|1779888137
|switch|p2a: Garchomp|Garchomp, M|100/100
|turn|5
|inactive|Battle timer is ON: inactive players will automatically lose when time's up. (requested by whyguns?)
|
|t:|1779888176
|move|p2a: Garchomp|Stealth Rock|p1a: Great Tusk
|-sidestart|p1: Teamrocketty|move: Stealth Rock
|move|p1a: Great Tusk|Ice Spinner|p2a: Garchomp
|-supereffective|p2a: Garchomp
|-crit|p2a: Garchomp
|-damage|p2a: Garchomp|19/100
|-damage|p1a: Great Tusk|3/100|[from] ability: Rough Skin|[of] p2a: Garchomp
|-damage|p1a: Great Tusk|0 fnt|[from] item: Rocky Helmet|[of] p2a: Garchomp
|faint|p1a: Great Tusk
|-end|p1a: Great Tusk|Protosynthesis|[silent]
|
|upkeep
|
|t:|1779888187
|switch|p1a: Feraligatr|Feraligatr, M|100/100
|-damage|p1a: Feraligatr|88/100|[from] Spikes
|-damage|p1a: Feraligatr|76/100|[from] Stealth Rock
|turn|6
|
|t:|1779888192
|move|p1a: Feraligatr|Dragon Dance|p1a: Feraligatr
|-boost|p1a: Feraligatr|atk|1
|-boost|p1a: Feraligatr|spe|1
|move|p2a: Garchomp|Dragon Tail|p1a: Feraligatr
|-damage|p1a: Feraligatr|47/100
|drag|p1a: Garchomp|Garchomp, M|100/100
|-damage|p1a: Garchomp|88/100|[from] Spikes
|-damage|p1a: Garchomp|82/100|[from] Stealth Rock
|
|upkeep
|turn|7
|
|t:|1779888200
|move|p1a: Garchomp|Earthquake|p2a: Garchomp
|-damage|p2a: Garchomp|0 fnt
|faint|p2a: Garchomp
|
|upkeep
|
|t:|1779888211
|switch|p2a: Mandibuzz|Mandibuzz, F|100/100
|turn|8
|
|t:|1779888214
|move|p2a: Mandibuzz|U-turn|p1a: Garchomp
|-damage|p1a: Garchomp|72/100
|-damage|p2a: Mandibuzz|88/100|[from] ability: Rough Skin|[of] p1a: Garchomp
|-damage|p2a: Mandibuzz|71/100|[from] item: Rocky Helmet|[of] p1a: Garchomp
|
|t:|1779888220
|switch|p2a: Samurott|Samurott-Hisui, M|9/100|[from] U-turn
|move|p1a: Garchomp|Dragon Tail|p2a: Samurott
|-damage|p2a: Samurott|0 fnt
|faint|p2a: Samurott
|
|upkeep
|
|t:|1779888221
|switch|p2a: Haxorus|Haxorus, F|100/100
|-ability|p2a: Haxorus|Mold Breaker
|turn|9
|
|t:|1779888229
|move|p2a: Haxorus|Outrage|p1a: Garchomp
|-supereffective|p1a: Garchomp
|-damage|p1a: Garchomp|0 fnt
|-damage|p2a: Haxorus|88/100|[from] ability: Rough Skin|[of] p1a: Garchomp
|-damage|p2a: Haxorus|72/100|[from] item: Rocky Helmet|[of] p1a: Garchomp
|faint|p1a: Garchomp
|-damage|p2a: Haxorus|62/100|[from] item: Life Orb
|
|upkeep
|
|t:|1779888232
|switch|p1a: Feraligatr|Feraligatr, M|47/100
|-damage|p1a: Feraligatr|35/100|[from] Spikes
|-damage|p1a: Feraligatr|22/100|[from] Stealth Rock
|turn|10
|
|t:|1779888234
|move|p2a: Haxorus|Outrage|p1a: Feraligatr|[from] lockedmove
|-damage|p1a: Feraligatr|0 fnt
|faint|p1a: Feraligatr
|-damage|p2a: Haxorus|52/100|[from] item: Life Orb
|
|upkeep
|
|t:|1779888237
|switch|p1a: Skeledirge|Skeledirge, M|100/100
|turn|11
|
|t:|1779888250
|move|p2a: Haxorus|Outrage|p1a: Skeledirge|[from] lockedmove
|-damage|p1a: Skeledirge|48/100
|-damage|p2a: Haxorus|42/100|[from] item: Life Orb
|-start|p2a: Haxorus|confusion|[fatigue]
|move|p1a: Skeledirge|Will-O-Wisp|p2a: Haxorus|[miss]
|-miss|p1a: Skeledirge|p2a: Haxorus
|
|upkeep
|turn|12
|
|t:|1779888267
|-activate|p2a: Haxorus|confusion
|move|p2a: Haxorus|Earthquake|p1a: Skeledirge
|-supereffective|p1a: Skeledirge
|-damage|p1a: Skeledirge|0 fnt
|faint|p1a: Skeledirge
|-damage|p2a: Haxorus|32/100|[from] item: Life Orb
|
|win|whyguns?
|raw|Teamrocketty's rating: 1181 &rarr; <strong>1157</strong><br />(-24 for losing)
|raw|whyguns?'s rating: 1200 &rarr; <strong>1224</strong><br />(+24 for winning)
|l|☆whyguns?
|player|p2|
|l|☆Teamrocketty
|player|p1|
