|j|☆IgorCueio
|j|☆PlasmaProphet
|t:|1779913677
|gametype|singles
|player|p1|IgorCueio|170|1361
|player|p2|PlasmaProphet|erika|1313
|gen|9
|tier|[Gen 9] OU
|rated|
|rule|HP Percentage Mod: HP is shown in percentages
|rule|Endless Battle Clause: Forcing endless battles is banned
|rule|Species Clause: Limit one of each Pokémon
|rule|OHKO Clause: OHKO moves are banned
|rule|Evasion Items Clause: Evasion items are banned
|rule|Evasion Moves Clause: Evasion moves are banned
|rule|Evasion Abilities Clause: Evasion abilities are banned
|rule|Sleep Moves Clause: Sleep-inducing moves are banned
|clearpoke
|poke|p1|Kingambit, F|
|poke|p1|Meloetta|
|poke|p1|Rillaboom, M|
|poke|p1|Quaquaval, M|
|poke|p1|Ursaluna, F|
|poke|p1|Iron Moth|
|poke|p2|Iron Leaves|
|poke|p2|Iron Valiant|
|poke|p2|Moltres|
|poke|p2|Pincurchin, M|
|poke|p2|Raging Bolt|
|poke|p2|Iron Crown|
|teampreview
|
|t:|1779913686
|teamsize|p1|6
|teamsize|p2|6
|start
|switch|p1a: Meloetta|Meloetta|100/100
|switch|p2a: Iron Leaves|Iron Leaves|100/100
|turn|1
|inactive|Battle timer is ON: inactive players will automatically lose when time's up. (requested by IgorCueio)
|
|t:|1779913695
|move|p2a: Iron Leaves|Psyblade|p1a: Meloetta
|-resisted|p1a: Meloetta
|-damage|p1a: Meloetta|73/100
|move|p1a: Meloetta|Hyper Voice|p2a: Iron Leaves
|-damage|p2a: Iron Leaves|53/100
|
|upkeep
|turn|2
|
|t:|1779913701
|-end|p2a: Iron Leaves|Quark Drive|[silent]
|switch|p2a: Moltres|Moltres|100/100
|move|p1a: Meloetta|Hyper Voice|p2a: Moltres
|-damage|p2a: Moltres|51/100
|
|upkeep
|turn|3
|
|t:|1779913707
|move|p2a: Moltres|Roost|p2a: Moltres
|-heal|p2a: Moltres|100/100
|-singleturn|p2a: Moltres|move: Roost
|move|p1a: Meloetta|Thunderbolt|p2a: Moltres
|-damage|p2a: Moltres|65/100
|
|upkeep
|turn|4
|
|t:|1779913715
|move|p2a: Moltres|Flamethrower|p1a: Meloetta
|-damage|p1a: Meloetta|51/100
|move|p1a: Meloetta|Thunderbolt|p2a: Moltres
|-supereffective|p2a: Moltres
|-damage|p2a: Moltres|0 fnt
|faint|p2a: Moltres
|
|upkeep
|
|t:|1779913719
|switch|p2a: Iron Valiant|Iron Valiant|100/100
|turn|5
|
|t:|1779913724
|move|p2a: Iron Valiant|Knock Off|p1a: Meloetta
|-supereffective|p1a: Meloetta
|-damage|p1a: Meloetta|0 fnt
|-enditem|p1a: Meloetta|Assault Vest|[from] move: Knock Off|[of] p2a: Iron Valiant
|faint|p1a: Meloetta
|-damage|p2a: Iron Valiant|91/100|[from] item: Life Orb
|
|upkeep
|
|t:|1779913736
|switch|p1a: Iron Moth|Iron Moth|100/100
|-enditem|p1a: Iron Moth|Booster Energy
|-activate|p1a: Iron Moth|ability: Quark Drive|[fromitem]
|-start|p1a: Iron Moth|quarkdrivespe
|turn|6
|
|t:|1779913752
|move|p1a: Iron Moth|Fiery Dance|p2a: Iron Valiant
|-damage|p2a: Iron Valiant|9/100
|move|p2a: Iron Valiant|Knock Off|p1a: Iron Moth
|-damage|p1a: Iron Moth|47/100
|-damage|p2a: Iron Valiant|0 fnt|[from] item: Life Orb
|faint|p2a: Iron Valiant
|-end|p2a: Iron Valiant|Quark Drive|[silent]
|
|upkeep
|
|t:|1779913755
|switch|p2a: Raging Bolt|Raging Bolt|100/100
|-item|p2a: Raging Bolt|Air Balloon
|turn|7
|
|t:|1779913762
|move|p2a: Raging Bolt|Thunderclap|p1a: Iron Moth
|-damage|p1a: Iron Moth|8/100
|move|p1a: Iron Moth|Dazzling Gleam|p2a: Raging Bolt
|-supereffective|p2a: Raging Bolt
|-damage|p2a: Raging Bolt|55/100
|-enditem|p2a: Raging Bolt|Air Balloon
|
|upkeep
|turn|8
|
|t:|1779913770
|move|p1a: Iron Moth|Dazzling Gleam|p2a: Raging Bolt
|-supereffective|p2a: Raging Bolt
|-damage|p2a: Raging Bolt|12/100
|move|p2a: Raging Bolt|Draco Meteor|p1a: Iron Moth
|-damage|p1a: Iron Moth|0 fnt
|-unboost|p2a: Raging Bolt|spa|2
|faint|p1a: Iron Moth
|-end|p1a: Iron Moth|Quark Drive|[silent]
|
|upkeep
|
|t:|1779913779
|switch|p1a: Rillaboom|Rillaboom, M|100/100
|-fieldstart|move: Grassy Terrain|[from] ability: Grassy Surge|[of] p1a: Rillaboom
|turn|9
|
|t:|1779913783
|move|p1a: Rillaboom|Grassy Glide|p2a: Raging Bolt
|-resisted|p2a: Raging Bolt
|-damage|p2a: Raging Bolt|0 fnt
|faint|p2a: Raging Bolt
|-end|p2a: Raging Bolt|Protosynthesis|[silent]
|
|upkeep
|
|t:|1779913786
|switch|p2a: Iron Crown|Iron Crown|100/100
|turn|10
|
|t:|1779913789
|move|p2a: Iron Crown|Tachyon Cutter|p1a: Rillaboom
|-crit|p1a: Rillaboom
|-damage|p1a: Rillaboom|60/100
|-damage|p1a: Rillaboom|37/100
|-hitcount|p1a: Rillaboom|2
|move|p1a: Rillaboom|Drum Beating|p2a: Iron Crown
|-resisted|p2a: Iron Crown
|-damage|p2a: Iron Crown|69/100
|-unboost|p2a: Iron Crown|spe|1
|
|-heal|p2a: Iron Crown|75/100|[from] Grassy Terrain
|-heal|p1a: Rillaboom|43/100|[from] Grassy Terrain
|upkeep
|turn|11
|
|t:|1779913800
|move|p2a: Iron Crown|Tachyon Cutter|p1a: Rillaboom
|-damage|p1a: Rillaboom|19/100
|-damage|p1a: Rillaboom|0 fnt
|faint|p1a: Rillaboom
|-hitcount|p1: Rillaboom|2
|
|-heal|p2a: Iron Crown|81/100|[from] Grassy Terrain
|upkeep
|
|t:|1779913808
|switch|p1a: Ursaluna|Ursaluna, F|100/100
|turn|12
|
|t:|1779913811
|-end|p2a: Iron Crown|Quark Drive|[silent]
|switch|p2a: Pincurchin|Pincurchin, M|100/100
|-fieldstart|move: Electric Terrain|[from] ability: Electric Surge|[of] p2a: Pincurchin
|move|p1a: Ursaluna|Protect||[still]
|-fail|p1a: Ursaluna
|
|-status|p1a: Ursaluna|brn|[from] item: Flame Orb
|upkeep
|turn|13
|
|t:|1779913819
|move|p1a: Ursaluna|High Horsepower|p2a: Pincurchin
|-supereffective|p2a: Pincurchin
|-damage|p2a: Pincurchin|0 fnt
|faint|p2a: Pincurchin
|
|-damage|p1a: Ursaluna|94/100 brn|[from] brn
|upkeep
|
|t:|1779913823
|switch|p2a: Iron Leaves|Iron Leaves|53/100
|-activate|p2a: Iron Leaves|ability: Quark Drive
|-start|p2a: Iron Leaves|quarkdriveatk
|turn|14
|
|t:|1779913829
|-terastallize|p2a: Iron Leaves|Fighting
|-terastallize|p1a: Ursaluna|Normal
|move|p2a: Iron Leaves|Close Combat|p1a: Ursaluna
|-supereffective|p1a: Ursaluna
|-damage|p1a: Ursaluna|0 fnt
|-unboost|p2a: Iron Leaves|def|1
|-unboost|p2a: Iron Leaves|spd|1
|faint|p1a: Ursaluna
|
|upkeep
|
|t:|1779913837
|switch|p1a: Quaquaval|Quaquaval, M|100/100
|turn|15
|
|t:|1779913841
|-end|p2a: Iron Leaves|Quark Drive|[silent]
|switch|p2a: Iron Crown|Iron Crown|81/100
|-activate|p2a: Iron Crown|ability: Quark Drive
|-start|p2a: Iron Crown|quarkdrivespa
|move|p1a: Quaquaval|Brave Bird|p2a: Iron Crown
|-resisted|p2a: Iron Crown
|-damage|p2a: Iron Crown|60/100
|-damage|p1a: Quaquaval|93/100|[from] Recoil
|
|upkeep
|turn|16
|
|t:|1779913849
|move|p2a: Iron Crown|Volt Switch|p1a: Quaquaval
|-supereffective|p1a: Quaquaval
|-damage|p1a: Quaquaval|0 fnt
|faint|p1a: Quaquaval
|
|t:|1779913852
|-end|p2a: Iron Crown|Quark Drive|[silent]
|switch|p2a: Iron Leaves|Iron Leaves, tera:Fighting|53/100|[from] Volt Switch
|-activate|p2a: Iron Leaves|ability: Quark Drive
|-start|p2a: Iron Leaves|quarkdriveatk
|
|upkeep
|
|t:|1779913858
|switch|p1a: Kingambit|Kingambit, F|100/100
|-activate|p1a: Kingambit|ability: Supreme Overlord
|-start|p1a: Kingambit|fallen5|[silent]
|turn|17
|
|t:|1779913861
|move|p2a: Iron Leaves|Close Combat|p1a: Kingambit
|-supereffective|p1a: Kingambit
|-damage|p1a: Kingambit|0 fnt
|-unboost|p2a: Iron Leaves|def|1
|-unboost|p2a: Iron Leaves|spd|1
|faint|p1a: Kingambit
|-end|p1a: Kingambit|fallen5|[silent]
|
|win|PlasmaProphet
|raw|IgorCueio's rating: 1361 &rarr; <strong>1338</strong><br />(-23 for losing)
|raw|PlasmaProphet's rating: 1313 &rarr; <strong>1336</strong><br />(+23 for winning)
|l|☆PlasmaProphet
|player|p2|
|l|☆IgorCueio
|player|p1|
