|j|☆Hallommora
|j|☆Omari P
|t:|1779899288
|gametype|singles
|player|p1|Hallommora|clown|1554
|player|p2|Omari P|pokemonrangerf|1566
|gen|9
|tier|[Gen 9] OU
|rated|
|rule|HP Percentage Mod: HP is shown in percentages
|rule|Endless Battle Clause: Forcing endless battles is banned
|rule|Species Clause: Limit one of each Pokémon
|rule|OHKO Clause: OHKO moves are banned
|rule|Evasion Items Clause: Evasion items are banned
|rule|Evasion Moves Clause: Evasion moves are banned
|rule|Evasion Abilities Clause: Evasion abilities are banned
|rule|Sleep Moves Clause: Sleep-inducing moves are banned
|clearpoke
|poke|p1|Iron Treads|
|poke|p1|Raging Bolt|
|poke|p1|Iron Valiant|
|poke|p1|Kingambit, F|
|poke|p1|Great Tusk|
|poke|p1|Ogerpon-Wellspring, F|
|poke|p2|Frosmoth, M|
|poke|p2|Latias, F|
|poke|p2|Cinderace, M|
|poke|p2|Braviary-Hisui, M|
|poke|p2|Zoroark-Hisui, F|
|poke|p2|Garganacl, F|
|teampreview
|inactive|Battle timer is ON: inactive players will automatically lose when time's up. (requested by Hallommora)
|j| GengarAdept
|inactive|Omari P has 120 seconds left.
|
|t:|1779899328
|teamsize|p1|6
|teamsize|p2|6
|start
|switch|p1a: Iron Treads|Iron Treads|100/100
|switch|p2a: Garganacl|Garganacl, F|100/100
|turn|1
|
|t:|1779899337
|move|p1a: Iron Treads|Knock Off|p2a: Garganacl
|-crit|p2a: Garganacl
|-damage|p2a: Garganacl|70/100
|-enditem|p2a: Garganacl|Leftovers|[from] move: Knock Off|[of] p1a: Iron Treads
|move|p2a: Garganacl|Salt Cure|p1a: Iron Treads
|-resisted|p1a: Iron Treads
|-damage|p1a: Iron Treads|97/100
|-start|p1a: Iron Treads|Salt Cure
|
|-damage|p1a: Iron Treads|72/100|[from] Salt Cure
|upkeep
|turn|2
|j| yuureisuisei
|
|t:|1779899351
|move|p1a: Iron Treads|Stealth Rock|p2a: Garganacl
|-sidestart|p2: Omari P|move: Stealth Rock
|move|p2a: Garganacl|Recover|p2a: Garganacl
|-heal|p2a: Garganacl|100/100
|
|-damage|p1a: Iron Treads|48/100|[from] Salt Cure
|upkeep
|turn|3
|j| Lowladderubersnoob
|
|t:|1779899362
|move|p1a: Iron Treads|Endeavor|p2a: Garganacl
|-damage|p2a: Garganacl|38/100
|move|p2a: Garganacl|Stealth Rock|p1a: Iron Treads
|-sidestart|p1: Hallommora|move: Stealth Rock
|
|-damage|p1a: Iron Treads|23/100|[from] Salt Cure
|upkeep
|turn|4
|
|t:|1779899368
|-end|p1a: Iron Treads|Quark Drive|[silent]
|switch|p1a: Ogerpon|Ogerpon-Wellspring, F|100/100
|-damage|p1a: Ogerpon|88/100|[from] Stealth Rock
|move|p2a: Garganacl|Protect||[still]
|-fail|p2a: Garganacl
|
|upkeep
|turn|5
|
|t:|1779899372
|move|p1a: Ogerpon|Encore|p2a: Garganacl
|-start|p2a: Garganacl|Encore
|move|p2a: Garganacl|Protect||[still]
|-fail|p2a: Garganacl
|
|upkeep
|turn|6
|
|t:|1779899380
|move|p2a: Garganacl|Protect|p2a: Garganacl
|-singleturn|p2a: Garganacl|Protect
|move|p1a: Ogerpon|Swords Dance|p1a: Ogerpon
|-boost|p1a: Ogerpon|atk|2
|
|upkeep
|turn|7
|c|☆Omari P|oh ya i lose
|
|t:|1779899387
|switch|p2a: Braviary|Braviary-Hisui, M|100/100
|-damage|p2a: Braviary|76/100|[from] Stealth Rock
|move|p1a: Ogerpon|Ivy Cudgel|p2a: Braviary|[anim] Ivy Cudgel Water
|-damage|p2a: Braviary|0 fnt
|faint|p2a: Braviary
|
|upkeep
|
|t:|1779899389
|switch|p2a: Cinderace|Cinderace, M|100/100
|turn|8
|j| RedemptiveSketch
|
|t:|1779899396
|-terastallize|p1a: Ogerpon|Water
|detailschange|p1a: Ogerpon|Ogerpon-Wellspring-Tera, F, tera:Water
|-ability|p1a: Ogerpon|Embody Aspect (Wellspring)|boost
|-boost|p1a: Ogerpon|spd|1
|move|p1a: Ogerpon|Ivy Cudgel|p2a: Cinderace|[anim] Ivy Cudgel Water
|-supereffective|p2a: Cinderace
|-damage|p2a: Cinderace|0 fnt
|faint|p2a: Cinderace
|
|upkeep
|l| yuureisuisei
|
|t:|1779899418
|switch|p2a: Frosmoth|Frosmoth, M|100/100
|-damage|p2a: Frosmoth|88/100|[from] Stealth Rock
|turn|9
|l| RedemptiveSketch
|l| GengarAdept
|inactive|Hallommora has 120 seconds left.
|
|t:|1779899454
|move|p1a: Ogerpon|Ivy Cudgel|p2a: Frosmoth|[anim] Ivy Cudgel Water
|-damage|p2a: Frosmoth|0 fnt
|replace|p2a: Zoroark|Zoroark-Hisui, F
|-end|p2a: Zoroark|Illusion
|faint|p2a: Zoroark
|
|upkeep
|-message|Omari P forfeited.
|
|win|Hallommora
|raw|Hallommora's rating: 1554 &rarr; <strong>1575</strong><br />(+21 for winning)
|raw|Omari P's rating: 1566 &rarr; <strong>1545</strong><br />(-21 for losing)
|l|☆Omari P
|player|p2|
|l| Lowladderubersnoob
|l|☆Hallommora
|player|p1|
