|j|☆rollinshahaha
|j|☆blabab
|t:|1779884277
|gametype|singles
|player|p1|rollinshahaha|101|1478
|player|p2|blabab|miku-ground|1550
|gen|9
|tier|[Gen 9] OU
|rated|
|rule|HP Percentage Mod: HP is shown in percentages
|rule|Endless Battle Clause: Forcing endless battles is banned
|rule|Species Clause: Limit one of each Pokémon
|rule|OHKO Clause: OHKO moves are banned
|rule|Evasion Items Clause: Evasion items are banned
|rule|Evasion Moves Clause: Evasion moves are banned
|rule|Evasion Abilities Clause: Evasion abilities are banned
|rule|Sleep Moves Clause: Sleep-inducing moves are banned
|clearpoke
|poke|p1|Rillaboom, M|
|poke|p1|Hatterene, F|
|poke|p1|Raging Bolt|
|poke|p1|Landorus-Therian, M|
|poke|p1|Kingambit, M|
|poke|p1|Dragapult, M|
|poke|p2|Kingambit, F|
|poke|p2|Primarina, M|
|poke|p2|Araquanid, F|
|poke|p2|Blaziken, F|
|poke|p2|Thundurus-Therian, M|
|poke|p2|Iron Thorns|
|teampreview
|inactive|Battle timer is ON: inactive players will automatically lose when time's up. (requested by blabab)
|inactive|rollinshahaha also wants the timer to be on.
|j| shreves0
|
|t:|1779884291
|teamsize|p1|6
|teamsize|p2|6
|start
|switch|p1a: Dragapult|Dragapult, M|100/100
|switch|p2a: Primarina|Primarina, M|100/100
|turn|1
|l| shreves0
|
|t:|1779884300
|move|p1a: Dragapult|U-turn|p2a: Primarina
|-resisted|p2a: Primarina
|-damage|p2a: Primarina|86/100
|
|t:|1779884308
|switch|p1a: Rillaboom|Rillaboom, M|100/100|[from] U-turn
|-fieldstart|move: Grassy Terrain|[from] ability: Grassy Surge|[of] p1a: Rillaboom
|move|p2a: Primarina|Moonblast|p1a: Rillaboom
|-damage|p1a: Rillaboom|12/100
|-unboost|p1a: Rillaboom|spa|1
|
|-heal|p1a: Rillaboom|18/100|[from] Grassy Terrain
|-heal|p2a: Primarina|92/100|[from] Grassy Terrain
|upkeep
|turn|2
|
|t:|1779884317
|switch|p2a: Blaziken|Blaziken, F|100/100
|move|p1a: Rillaboom|Grassy Glide|p2a: Blaziken
|-resisted|p2a: Blaziken
|-damage|p2a: Blaziken|68/100
|
|-heal|p2a: Blaziken|74/100|[from] Grassy Terrain
|-heal|p1a: Rillaboom|24/100|[from] Grassy Terrain
|upkeep
|turn|3
|
|t:|1779884324
|move|p2a: Blaziken|U-turn|p1a: Rillaboom
|-supereffective|p1a: Rillaboom
|-damage|p1a: Rillaboom|0 fnt
|faint|p1a: Rillaboom
|
|t:|1779884329
|switch|p2a: Primarina|Primarina, M|92/100|[from] U-turn
|
|-heal|p2a: Primarina|98/100|[from] Grassy Terrain
|upkeep
|
|t:|1779884334
|switch|p1a: Raging Bolt|Raging Bolt|100/100
|turn|4
|
|t:|1779884338
|move|p1a: Raging Bolt|Volt Switch|p2a: Primarina
|-supereffective|p2a: Primarina
|-damage|p2a: Primarina|0 fnt
|faint|p2a: Primarina
|
|t:|1779884342
|-end|p1a: Raging Bolt|Protosynthesis|[silent]
|switch|p1a: Dragapult|Dragapult, M|100/100|[from] Volt Switch
|
|upkeep
|
|t:|1779884350
|switch|p2a: Araquanid|Araquanid, F|100/100
|turn|5
|
|t:|1779884354
|move|p1a: Dragapult|U-turn|p2a: Araquanid
|-damage|p2a: Araquanid|75/100
|
|t:|1779884356
|switch|p1a: Hatterene|Hatterene, F|100/100|[from] U-turn
|-enditem|p1a: Hatterene|Grassy Seed
|-boost|p1a: Hatterene|def|1|[from] item: Grassy Seed
|move|p2a: Araquanid|Surf|p1a: Hatterene
|-damage|p1a: Hatterene|44/100
|
|-heal|p2a: Araquanid|81/100|[from] Grassy Terrain
|-heal|p1a: Hatterene|50/100|[from] Grassy Terrain
|upkeep
|turn|6
|
|t:|1779884367
|switch|p1a: Raging Bolt|Raging Bolt|100/100
|move|p2a: Araquanid|Surf|p1a: Raging Bolt
|-resisted|p1a: Raging Bolt
|-damage|p1a: Raging Bolt|73/100
|
|-heal|p1a: Raging Bolt|79/100|[from] Grassy Terrain
|-heal|p2a: Araquanid|87/100|[from] Grassy Terrain
|upkeep
|turn|7
|
|t:|1779884379
|switch|p2a: Thundurus|Thundurus-Therian, M|100/100
|move|p1a: Raging Bolt|Draco Meteor|p2a: Thundurus
|-damage|p2a: Thundurus|0 fnt
|-unboost|p1a: Raging Bolt|spa|2
|faint|p2a: Thundurus
|
|-heal|p1a: Raging Bolt|85/100|[from] Grassy Terrain
|upkeep
|
|t:|1779884381
|switch|p2a: Iron Thorns|Iron Thorns|100/100
|turn|8
|
|t:|1779884390
|-end|p1a: Raging Bolt|Protosynthesis|[silent]
|switch|p1a: Landorus|Landorus-Therian, M|100/100
|-ability|p1a: Landorus|Intimidate|boost
|-unboost|p2a: Iron Thorns|atk|1
|move|p2a: Iron Thorns|Dragon Dance|p2a: Iron Thorns
|-boost|p2a: Iron Thorns|atk|1
|-boost|p2a: Iron Thorns|spe|1
|
|-fieldend|move: Grassy Terrain
|upkeep
|turn|9
|j| Zero Faction
|
|t:|1779884398
|-terastallize|p2a: Iron Thorns|Bug
|move|p2a: Iron Thorns|Dragon Dance|p2a: Iron Thorns
|-boost|p2a: Iron Thorns|atk|1
|-boost|p2a: Iron Thorns|spe|1
|move|p1a: Landorus|Earth Power|p2a: Iron Thorns
|-resisted|p2a: Iron Thorns
|-damage|p2a: Iron Thorns|83/100
|
|upkeep
|turn|10
|
|t:|1779884405
|move|p2a: Iron Thorns|Dragon Dance|p2a: Iron Thorns
|-boost|p2a: Iron Thorns|atk|1
|-boost|p2a: Iron Thorns|spe|1
|move|p1a: Landorus|Stealth Rock|p2a: Iron Thorns
|-sidestart|p2: blabab|move: Stealth Rock
|
|upkeep
|turn|11
|
|t:|1779884410
|move|p2a: Iron Thorns|Rock Blast|p1a: Landorus
|-damage|p1a: Landorus|70/100
|-damage|p1a: Landorus|40/100
|-damage|p1a: Landorus|11/100
|-damage|p1a: Landorus|0 fnt
|faint|p1a: Landorus
|-hitcount|p1: Landorus|4
|
|upkeep
|
|t:|1779884416
|switch|p1a: Raging Bolt|Raging Bolt|85/100
|turn|12
|
|t:|1779884419
|move|p2a: Iron Thorns|Earthquake|p1a: Raging Bolt
|-supereffective|p1a: Raging Bolt
|-damage|p1a: Raging Bolt|0 fnt
|faint|p1a: Raging Bolt
|-end|p1a: Raging Bolt|Protosynthesis|[silent]
|
|upkeep
|
|t:|1779884428
|switch|p1a: Hatterene|Hatterene, F|50/100
|turn|13
|
|t:|1779884430
|move|p2a: Iron Thorns|Earthquake|p1a: Hatterene
|-damage|p1a: Hatterene|0 fnt
|faint|p1a: Hatterene
|
|upkeep
|
|t:|1779884431
|switch|p1a: Dragapult|Dragapult, M|100/100
|turn|14
|
|t:|1779884433
|move|p2a: Iron Thorns|Rock Blast|p1a: Dragapult
|-damage|p1a: Dragapult|63/100
|-damage|p1a: Dragapult|24/100
|-damage|p1a: Dragapult|0 fnt
|faint|p1a: Dragapult
|-hitcount|p1: Dragapult|3
|
|upkeep
|
|t:|1779884434
|switch|p1a: Kingambit|Kingambit, M|100/100
|-activate|p1a: Kingambit|ability: Supreme Overlord
|-start|p1a: Kingambit|fallen5|[silent]
|turn|15
|
|t:|1779884437
|-terastallize|p1a: Kingambit|Ghost
|move|p1a: Kingambit|Sucker Punch|p2a: Iron Thorns
|-damage|p2a: Iron Thorns|25/100
|move|p2a: Iron Thorns|Earthquake|p1a: Kingambit
|-damage|p1a: Kingambit|47/100
|
|upkeep
|turn|16
|
|t:|1779884441
|move|p2a: Iron Thorns|Earthquake|p1a: Kingambit
|-damage|p1a: Kingambit|0 fnt
|faint|p1a: Kingambit
|-end|p1a: Kingambit|fallen5|[silent]
|
|win|blabab
|raw|rollinshahaha's rating: 1478 &rarr; <strong>1462</strong><br />(-16 for losing)
|raw|blabab's rating: 1550 &rarr; <strong>1566</strong><br />(+16 for winning)
|l|☆rollinshahaha
|player|p1|
|l|☆blabab
|player|p2|
|l| Zero Faction
