|j|☆vnsmkleo
|j|☆claudechamp
|t:|1779833352
|gametype|singles
|player|p1|vnsmkleo|sabrina|1225
|player|p2|claudechamp|265|1303
|gen|9
|tier|[Gen 9] OU
|rated|
|rule|HP Percentage Mod: HP is shown in percentages
|rule|Endless Battle Clause: Forcing endless battles is banned
|rule|Species Clause: Limit one of each Pokémon
|rule|OHKO Clause: OHKO moves are banned
|rule|Evasion Items Clause: Evasion items are banned
|rule|Evasion Moves Clause: Evasion moves are banned
|rule|Evasion Abilities Clause: Evasion abilities are banned
|rule|Sleep Moves Clause: Sleep-inducing moves are banned
|clearpoke
|poke|p1|Dragapult, F|
|poke|p1|Swampert, M|
|poke|p1|Vileplume, M|
|poke|p1|Iron Valiant|
|poke|p1|Corviknight, F|
|poke|p1|Kingambit, M|
|poke|p2|Gliscor, F|
|poke|p2|Ogerpon, F|
|poke|p2|Walking Wake|
|poke|p2|Blissey, F|
|poke|p2|Corviknight, M|
|poke|p2|Pecharunt|
|teampreview
|c|☆claudechamp|hf
|inactive|Battle timer is ON: inactive players will automatically lose when time's up. (requested by claudechamp)
|
|t:|1779833356
|teamsize|p1|6
|teamsize|p2|6
|start
|switch|p1a: Dragapult|Dragapult, F|100/100
|switch|p2a: Gliscor|Gliscor, F|100/100
|turn|1
|
|t:|1779833369
|move|p1a: Dragapult|Draco Meteor|p2a: Gliscor
|-crit|p2a: Gliscor
|-damage|p2a: Gliscor|0 fnt
|-unboost|p1a: Dragapult|spa|2
|faint|p2a: Gliscor
|
|upkeep
|
|t:|1779833376
|switch|p2a: Blissey|Blissey, F|100/100
|turn|2
|
|t:|1779833382
|switch|p1a: Swampert|Swampert, M|100/100
|move|p2a: Blissey|Stealth Rock|p1a: Swampert
|-sidestart|p1: vnsmkleo|move: Stealth Rock
|
|upkeep
|turn|3
|
|t:|1779833387
|move|p2a: Blissey|Calm Mind|p2a: Blissey
|-boost|p2a: Blissey|spa|1
|-boost|p2a: Blissey|spd|1
|move|p1a: Swampert|Stealth Rock|p2a: Blissey
|-sidestart|p2: claudechamp|move: Stealth Rock
|
|upkeep
|turn|4
|
|t:|1779833394
|move|p2a: Blissey|Seismic Toss|p1a: Swampert
|-damage|p1a: Swampert|73/100
|move|p1a: Swampert|Earthquake|p2a: Blissey
|-damage|p2a: Blissey|50/100
|
|-heal|p1a: Swampert|80/100|[from] item: Leftovers
|upkeep
|turn|5
|
|t:|1779833399
|move|p2a: Blissey|Soft-Boiled|p2a: Blissey
|-heal|p2a: Blissey|99/100
|move|p1a: Swampert|Flip Turn|p2a: Blissey
|-damage|p2a: Blissey|70/100
|
|t:|1779833406
|switch|p1a: Corviknight|Corviknight, F|100/100|[from] Flip Turn
|
|upkeep
|turn|6
|
|t:|1779833408
|switch|p1a: Swampert|Swampert, M|80/100
|-damage|p1a: Swampert|73/100|[from] Stealth Rock
|switch|p2a: Ogerpon|Ogerpon, F|100/100
|
|-heal|p1a: Swampert|80/100|[from] item: Leftovers
|upkeep
|turn|7
|
|t:|1779833412
|switch|p1a: Vileplume|Vileplume, M|100/100
|-damage|p1a: Vileplume|88/100|[from] Stealth Rock
|move|p2a: Ogerpon|Ivy Cudgel|p1a: Vileplume
|-resisted|p1a: Vileplume
|-damage|p1a: Vileplume|79/100
|
|-heal|p1a: Vileplume|85/100|[from] item: Black Sludge
|upkeep
|turn|8
|
|t:|1779833419
|move|p2a: Ogerpon|Knock Off|p1a: Vileplume
|-crit|p1a: Vileplume
|-damage|p1a: Vileplume|45/100
|-enditem|p1a: Vileplume|Black Sludge|[from] move: Knock Off|[of] p2a: Ogerpon
|move|p1a: Vileplume|Strength Sap|p2a: Ogerpon
|-unboost|p2a: Ogerpon|atk|1
|-ability|p2a: Ogerpon|Defiant|boost
|-boost|p2a: Ogerpon|atk|2
|-heal|p1a: Vileplume|100/100
|
|upkeep
|turn|9
|
|t:|1779833425
|move|p2a: Ogerpon|Encore|p1a: Vileplume
|-start|p1a: Vileplume|Encore
|move|p1a: Vileplume|Strength Sap|p2a: Ogerpon
|-unboost|p2a: Ogerpon|atk|1
|-ability|p2a: Ogerpon|Defiant|boost
|-boost|p2a: Ogerpon|atk|2
|
|upkeep
|turn|10
|
|t:|1779833431
|switch|p1a: Corviknight|Corviknight, F|100/100
|move|p2a: Ogerpon|Knock Off|p1a: Corviknight
|-damage|p1a: Corviknight|58/100
|-enditem|p1a: Corviknight|Heavy-Duty Boots|[from] move: Knock Off|[of] p2a: Ogerpon
|
|upkeep
|turn|11
|
|t:|1779833440
|move|p2a: Ogerpon|Knock Off|p1a: Corviknight
|-damage|p1a: Corviknight|29/100
|move|p1a: Corviknight|Brave Bird|p2a: Ogerpon
|-supereffective|p2a: Ogerpon
|-damage|p2a: Ogerpon|7/100
|-damage|p1a: Corviknight|2/100|[from] Recoil
|
|upkeep
|turn|12
|
|t:|1779833450
|move|p2a: Ogerpon|Ivy Cudgel|p1a: Corviknight
|-resisted|p1a: Corviknight
|-damage|p1a: Corviknight|0 fnt
|faint|p1a: Corviknight
|
|upkeep
|
|t:|1779833452
|switch|p1a: Dragapult|Dragapult, F|100/100
|-damage|p1a: Dragapult|88/100|[from] Stealth Rock
|turn|13
|
|t:|1779833459
|switch|p2a: Blissey|Blissey, F|70/100
|move|p1a: Dragapult|Flamethrower|p2a: Blissey
|-damage|p2a: Blissey|57/100
|
|upkeep
|turn|14
|
|t:|1779833486
|move|p1a: Dragapult|Flamethrower|p2a: Blissey
|-damage|p2a: Blissey|46/100
|move|p2a: Blissey|Soft-Boiled|p2a: Blissey
|-heal|p2a: Blissey|96/100
|
|upkeep
|turn|15
|
|t:|1779833495
|switch|p1a: Swampert|Swampert, M|80/100
|-damage|p1a: Swampert|73/100|[from] Stealth Rock
|move|p2a: Blissey|Calm Mind|p2a: Blissey
|-boost|p2a: Blissey|spa|1
|-boost|p2a: Blissey|spd|1
|
|-heal|p1a: Swampert|80/100|[from] item: Leftovers
|upkeep
|turn|16
|
|t:|1779833505
|move|p2a: Blissey|Seismic Toss|p1a: Swampert
|-damage|p1a: Swampert|53/100
|move|p1a: Swampert|Earthquake|p2a: Blissey
|-damage|p2a: Blissey|51/100
|
|-heal|p1a: Swampert|59/100|[from] item: Leftovers
|upkeep
|turn|17
|
|t:|1779833518
|move|p2a: Blissey|Soft-Boiled|p2a: Blissey
|-heal|p2a: Blissey|100/100
|move|p1a: Swampert|Ice Punch|p2a: Blissey
|-damage|p2a: Blissey|76/100
|
|-heal|p1a: Swampert|65/100|[from] item: Leftovers
|upkeep
|turn|18
|
|t:|1779833525
|switch|p2a: Corviknight|Corviknight, M|100/100
|-ability|p2a: Corviknight|Pressure
|move|p1a: Swampert|Earthquake|p2a: Corviknight
|-immune|p2a: Corviknight
|
|-heal|p1a: Swampert|71/100|[from] item: Leftovers
|upkeep
|turn|19
|
|t:|1779833532
|move|p2a: Corviknight|Body Press|p1a: Swampert
|-damage|p1a: Swampert|43/100
|move|p1a: Swampert|Flip Turn|p2a: Corviknight
|-damage|p2a: Corviknight|84/100
|
|t:|1779833535
|switch|p1a: Dragapult|Dragapult, F|88/100|[from] Flip Turn
|-damage|p1a: Dragapult|76/100|[from] Stealth Rock
|
|upkeep
|turn|20
|
|t:|1779833539
|switch|p2a: Blissey|Blissey, F|76/100
|move|p1a: Dragapult|Draco Meteor|p2a: Blissey
|-damage|p2a: Blissey|48/100
|-unboost|p1a: Dragapult|spa|2
|
|upkeep
|turn|21
|
|t:|1779833543
|switch|p1a: Swampert|Swampert, M|43/100
|-damage|p1a: Swampert|37/100|[from] Stealth Rock
|move|p2a: Blissey|Soft-Boiled|p2a: Blissey
|-heal|p2a: Blissey|98/100
|
|-heal|p1a: Swampert|43/100|[from] item: Leftovers
|upkeep
|turn|22
|
|t:|1779833547
|move|p2a: Blissey|Seismic Toss|p1a: Swampert
|-damage|p1a: Swampert|16/100
|move|p1a: Swampert|Ice Punch|p2a: Blissey
|-damage|p2a: Blissey|76/100
|
|-heal|p1a: Swampert|22/100|[from] item: Leftovers
|upkeep
|turn|23
|
|t:|1779833551
|move|p2a: Blissey|Seismic Toss|p1a: Swampert
|-damage|p1a: Swampert|0 fnt
|faint|p1a: Swampert
|
|upkeep
|
|t:|1779833558
|switch|p1a: Vileplume|Vileplume, M|100/100
|-damage|p1a: Vileplume|88/100|[from] Stealth Rock
|turn|24
|
|t:|1779833566
|move|p2a: Blissey|Soft-Boiled|p2a: Blissey
|-heal|p2a: Blissey|100/100
|move|p1a: Vileplume|Leech Seed|p2a: Blissey
|-start|p2a: Blissey|move: Leech Seed
|
|-damage|p2a: Blissey|88/100|[from] Leech Seed|[of] p1a: Vileplume
|-heal|p1a: Vileplume|100/100|[silent]
|upkeep
|turn|25
|
|t:|1779833585
|switch|p2a: Pecharunt|Pecharunt|100/100
|move|p1a: Vileplume|Leech Seed|p2a: Pecharunt
|-start|p2a: Pecharunt|move: Leech Seed
|
|-damage|p2a: Pecharunt|88/100|[from] Leech Seed|[of] p1a: Vileplume
|upkeep
|turn|26
|
|t:|1779833600
|switch|p1a: Dragapult|Dragapult, F|76/100
|-damage|p1a: Dragapult|64/100|[from] Stealth Rock
|move|p2a: Pecharunt|Parting Shot|p1a: Dragapult
|-unboost|p1a: Dragapult|atk|1
|-unboost|p1a: Dragapult|spa|1
|
|t:|1779833605
|switch|p2a: Blissey|Blissey, F|88/100|[from] Parting Shot
|
|upkeep
|turn|27
|
|t:|1779833609
|move|p1a: Dragapult|U-turn|p2a: Blissey
|-damage|p2a: Blissey|76/100
|
|t:|1779833614
|switch|p1a: Vileplume|Vileplume, M|100/100|[from] U-turn
|-damage|p1a: Vileplume|88/100|[from] Stealth Rock
|move|p2a: Blissey|Soft-Boiled|p2a: Blissey
|-heal|p2a: Blissey|100/100
|
|upkeep
|turn|28
|
|t:|1779833629
|switch|p2a: Pecharunt|Pecharunt|88/100
|move|p1a: Vileplume|Sludge Bomb|p2a: Pecharunt
|-resisted|p2a: Pecharunt
|-damage|p2a: Pecharunt|80/100
|
|upkeep
|turn|29
|
|t:|1779833644
|move|p2a: Pecharunt|Parting Shot|p1a: Vileplume
|-unboost|p1a: Vileplume|atk|1
|-unboost|p1a: Vileplume|spa|1
|
|t:|1779833656
|switch|p2a: Corviknight|Corviknight, M|84/100|[from] Parting Shot
|-ability|p2a: Corviknight|Pressure
|move|p1a: Vileplume|Leech Seed|p2a: Corviknight
|-start|p2a: Corviknight|move: Leech Seed
|
|-damage|p2a: Corviknight|72/100|[from] Leech Seed|[of] p1a: Vileplume
|-heal|p1a: Vileplume|100/100|[silent]
|upkeep
|turn|30
|
|t:|1779833671
|move|p2a: Corviknight|U-turn|p1a: Vileplume
|-damage|p1a: Vileplume|90/100
|-status|p2a: Corviknight|slp|[from] ability: Effect Spore|[of] p1a: Vileplume
|inactive|claudechamp has 120 seconds left.
|
|t:|1779833682
|switch|p2a: Pecharunt|Pecharunt|80/100|[from] U-turn
|move|p1a: Vileplume|Strength Sap|p2a: Pecharunt
|-unboost|p2a: Pecharunt|atk|1
|-heal|p1a: Vileplume|100/100
|
|upkeep
|turn|31
|inactive|claudechamp has 120 seconds left.
|
|t:|1779833702
|move|p2a: Pecharunt|Recover|p2a: Pecharunt
|-heal|p2a: Pecharunt|100/100
|move|p1a: Vileplume|Leech Seed|p2a: Pecharunt
|-start|p2a: Pecharunt|move: Leech Seed
|
|-damage|p2a: Pecharunt|88/100|[from] Leech Seed|[of] p1a: Vileplume
|upkeep
|turn|32
|
|t:|1779833717
|move|p2a: Pecharunt|Parting Shot|p1a: Vileplume
|-unboost|p1a: Vileplume|atk|1
|-unboost|p1a: Vileplume|spa|1
|
|t:|1779833733
|switch|p2a: Blissey|Blissey, F|100/100|[from] Parting Shot
|move|p1a: Vileplume|Sludge Bomb|p2a: Blissey
|-damage|p2a: Blissey|95/100
|
|upkeep
|turn|33
|inactive|claudechamp has 90 seconds left.
|
|t:|1779833751
|switch|p1a: Dragapult|Dragapult, F|64/100
|-damage|p1a: Dragapult|51/100|[from] Stealth Rock
|move|p2a: Blissey|Seismic Toss|p1a: Dragapult
|-immune|p1a: Dragapult
|
|upkeep
|turn|34
|inactive|claudechamp has 90 seconds left.
|
|t:|1779833764
|switch|p2a: Pecharunt|Pecharunt|88/100
|move|p1a: Dragapult|Shadow Ball|p2a: Pecharunt
|-supereffective|p2a: Pecharunt
|-crit|p2a: Pecharunt
|-damage|p2a: Pecharunt|0 fnt
|faint|p2a: Pecharunt
|
|upkeep
|inactive|claudechamp has 90 seconds left.
|
|t:|1779833783
|switch|p2a: Blissey|Blissey, F|95/100
|turn|35
|
|t:|1779833798
|move|p1a: Dragapult|Shadow Ball|p2a: Blissey
|-immune|p2a: Blissey
|move|p2a: Blissey|Soft-Boiled|p2a: Blissey
|-heal|p2a: Blissey|100/100
|
|upkeep
|turn|36
|
|t:|1779833813
|move|p1a: Dragapult|Shadow Ball|p2a: Blissey
|-immune|p2a: Blissey
|move|p2a: Blissey|Calm Mind|p2a: Blissey
|-boost|p2a: Blissey|spa|1
|-boost|p2a: Blissey|spd|1
|
|upkeep
|turn|37
|
|t:|1779833825
|move|p1a: Dragapult|Shadow Ball|p2a: Blissey
|-immune|p2a: Blissey
|move|p2a: Blissey|Calm Mind|p2a: Blissey
|-boost|p2a: Blissey|spa|1
|-boost|p2a: Blissey|spd|1
|
|upkeep
|turn|38
|
|t:|1779833833
|-terastallize|p2a: Blissey|Dark
|move|p1a: Dragapult|Shadow Ball|p2a: Blissey
|-resisted|p2a: Blissey
|-damage|p2a: Blissey|97/100
|move|p2a: Blissey|Seismic Toss|p1a: Dragapult
|-immune|p1a: Dragapult
|
|upkeep
|turn|39
|
|t:|1779833843
|move|p1a: Dragapult|Shadow Ball|p2a: Blissey
|-resisted|p2a: Blissey
|-damage|p2a: Blissey|93/100
|move|p2a: Blissey|Calm Mind|p2a: Blissey
|-boost|p2a: Blissey|spa|1
|-boost|p2a: Blissey|spd|1
|
|upkeep
|turn|40
|
|t:|1779833854
|move|p1a: Dragapult|Shadow Ball|p2a: Blissey
|-resisted|p2a: Blissey
|-damage|p2a: Blissey|89/100
|-unboost|p2a: Blissey|spd|1
|move|p2a: Blissey|Soft-Boiled|p2a: Blissey
|-heal|p2a: Blissey|100/100
|
|upkeep
|turn|41
|
|t:|1779833865
|move|p1a: Dragapult|Shadow Ball|p2a: Blissey
|-resisted|p2a: Blissey
|-damage|p2a: Blissey|96/100
|move|p2a: Blissey|Calm Mind|p2a: Blissey
|-boost|p2a: Blissey|spa|1
|-boost|p2a: Blissey|spd|1
|
|upkeep
|turn|42
|
|t:|1779833876
|move|p1a: Dragapult|Shadow Ball|p2a: Blissey
|-resisted|p2a: Blissey
|-damage|p2a: Blissey|93/100
|move|p2a: Blissey|Stealth Rock||[still]
|-fail|p2a: Blissey
|
|upkeep
|turn|43
|
|t:|1779833886
|move|p1a: Dragapult|Shadow Ball|p2a: Blissey
|-resisted|p2a: Blissey
|-damage|p2a: Blissey|90/100
|move|p2a: Blissey|Calm Mind|p2a: Blissey
|-boost|p2a: Blissey|spa|1
|-boost|p2a: Blissey|spd|1
|
|upkeep
|turn|44
|inactive|claudechamp has 90 seconds left.
|
|t:|1779833892
|switch|p2a: Walking Wake|Walking Wake|100/100
|move|p1a: Dragapult|Shadow Ball|p2a: Walking Wake
|-crit|p2a: Walking Wake
|-damage|p2a: Walking Wake|9/100
|
|upkeep
|turn|45
|inactive|claudechamp has 90 seconds left.
|
|t:|1779833905
|-end|p2a: Walking Wake|Protosynthesis|[silent]
|switch|p2a: Blissey|Blissey, F, tera:Dark|90/100
|move|p1a: Dragapult|Shadow Ball|p2a: Blissey
|-resisted|p2a: Blissey
|-damage|p2a: Blissey|82/100
|
|upkeep
|turn|46
|inactive|claudechamp has 90 seconds left.
|
|t:|1779833919
|move|p1a: Dragapult|Shadow Ball|p2a: Blissey
|-resisted|p2a: Blissey
|-damage|p2a: Blissey|74/100
|move|p2a: Blissey|Calm Mind|p2a: Blissey
|-boost|p2a: Blissey|spa|1
|-boost|p2a: Blissey|spd|1
|
|upkeep
|turn|47
|
|t:|1779833927
|move|p1a: Dragapult|Shadow Ball|p2a: Blissey
|-resisted|p2a: Blissey
|-damage|p2a: Blissey|69/100
|-unboost|p2a: Blissey|spd|1
|move|p2a: Blissey|Calm Mind|p2a: Blissey
|-boost|p2a: Blissey|spa|1
|-boost|p2a: Blissey|spd|1
|
|upkeep
|turn|48
|
|t:|1779833940
|switch|p2a: Walking Wake|Walking Wake|9/100
|move|p1a: Dragapult|Shadow Ball|p2a: Walking Wake
|-damage|p2a: Walking Wake|0 fnt
|faint|p2a: Walking Wake
|-end|p2a: Walking Wake|Protosynthesis|[silent]
|
|upkeep
|inactive|claudechamp has 90 seconds left.
|
|t:|1779833958
|switch|p2a: Blissey|Blissey, F, tera:Dark|69/100
|turn|49
|inactive|claudechamp has 90 seconds left.
|
|t:|1779833964
|move|p1a: Dragapult|Shadow Ball|p2a: Blissey
|-resisted|p2a: Blissey
|-damage|p2a: Blissey|61/100
|move|p2a: Blissey|Calm Mind|p2a: Blissey
|-boost|p2a: Blissey|spa|1
|-boost|p2a: Blissey|spd|1
|
|upkeep
|turn|50
|
|t:|1779833972
|move|p1a: Dragapult|Shadow Ball|p2a: Blissey
|-resisted|p2a: Blissey
|-damage|p2a: Blissey|56/100
|-unboost|p2a: Blissey|spd|1
|move|p2a: Blissey|Calm Mind|p2a: Blissey
|-boost|p2a: Blissey|spa|1
|-boost|p2a: Blissey|spd|1
|
|upkeep
|turn|51
|
|t:|1779833984
|move|p1a: Dragapult|Shadow Ball|p2a: Blissey
|-resisted|p2a: Blissey
|-damage|p2a: Blissey|50/100
|move|p2a: Blissey|Calm Mind|p2a: Blissey
|-boost|p2a: Blissey|spa|1
|-boost|p2a: Blissey|spd|1
|
|upkeep
|turn|52
|inactive|claudechamp has 90 seconds left.
|
|t:|1779833999
|switch|p2a: Corviknight|Corviknight, M|72/100 slp
|-ability|p2a: Corviknight|Pressure
|move|p1a: Dragapult|Shadow Ball|p2a: Corviknight
|-damage|p2a: Corviknight|21/100 slp
|
|upkeep
|turn|53
|
|t:|1779834008
|switch|p2a: Blissey|Blissey, F, tera:Dark|50/100
|move|p1a: Dragapult|Shadow Ball|p2a: Blissey
|-resisted|p2a: Blissey
|-damage|p2a: Blissey|42/100
|-unboost|p2a: Blissey|spd|1
|
|upkeep
|turn|54
|
|t:|1779834018
|switch|p2a: Corviknight|Corviknight, M|21/100 slp
|-ability|p2a: Corviknight|Pressure
|-terastallize|p1a: Dragapult|Ghost
|move|p1a: Dragapult|Shadow Ball|p2a: Corviknight
|-damage|p2a: Corviknight|0 fnt
|faint|p2a: Corviknight
|
|upkeep
|inactive|claudechamp has 90 seconds left.
|
|t:|1779834034
|switch|p2a: Blissey|Blissey, F, tera:Dark|42/100
|turn|55
|inactive|claudechamp has 90 seconds left.
|
|t:|1779834049
|switch|p2a: Ogerpon|Ogerpon, F|7/100
|move|p1a: Dragapult|Shadow Ball|p2a: Ogerpon
|-damage|p2a: Ogerpon|0 fnt
|faint|p2a: Ogerpon
|
|upkeep
|
|t:|1779834062
|switch|p2a: Blissey|Blissey, F, tera:Dark|42/100
|turn|56
|
|t:|1779834069
|-activate|p1a: Dragapult|move: Struggle
|move|p1a: Dragapult|Struggle|p2a: Blissey
|-damage|p2a: Blissey|29/100
|-damage|p1a: Dragapult|26/100|[from] recoil
|move|p2a: Blissey|Calm Mind|p2a: Blissey
|-boost|p2a: Blissey|spa|1
|-boost|p2a: Blissey|spd|1
|
|upkeep
|turn|57
|
|t:|1779834084
|-activate|p1a: Dragapult|move: Struggle
|move|p1a: Dragapult|Struggle|p2a: Blissey
|-damage|p2a: Blissey|17/100
|-damage|p1a: Dragapult|1/100|[from] recoil
|move|p2a: Blissey|Calm Mind|p2a: Blissey
|-boost|p2a: Blissey|spa|1
|-boost|p2a: Blissey|spd|1
|
|upkeep
|turn|58
|inactive|claudechamp has 90 seconds left.
|
|t:|1779834091
|-activate|p1a: Dragapult|move: Struggle
|move|p1a: Dragapult|Struggle|p2a: Blissey
|-damage|p2a: Blissey|5/100
|-damage|p1a: Dragapult|0 fnt|[from] recoil
|faint|p1a: Dragapult
|move|p2a: Blissey|Stealth Rock||[still]
|-fail|p2a: Blissey
|
|upkeep
|
|t:|1779834095
|switch|p1a: Iron Valiant|Iron Valiant|100/100
|-damage|p1a: Iron Valiant|94/100|[from] Stealth Rock
|-enditem|p1a: Iron Valiant|Booster Energy
|-activate|p1a: Iron Valiant|ability: Quark Drive|[fromitem]
|-start|p1a: Iron Valiant|quarkdrivespe
|turn|59
|inactive|claudechamp has 90 seconds left.
|
|t:|1779834112
|move|p1a: Iron Valiant|Psyshock|p2a: Blissey
|-immune|p2a: Blissey
|move|p2a: Blissey|Seismic Toss|p1a: Iron Valiant
|-damage|p1a: Iron Valiant|60/100
|
|upkeep
|turn|60
|inactive|claudechamp has 90 seconds left.
|
|t:|1779834123
|move|p1a: Iron Valiant|Aura Sphere|p2a: Blissey
|-supereffective|p2a: Blissey
|-damage|p2a: Blissey|0 fnt
|faint|p2a: Blissey
|
|win|vnsmkleo
|raw|vnsmkleo's rating: 1225 &rarr; <strong>1255</strong><br />(+30 for winning)
|raw|claudechamp's rating: 1296 &rarr; <strong>1266</strong><br />(-30 for losing)
|c|☆claudechamp|gg
|l|☆vnsmkleo
|player|p1|
