|j|☆jsmeyo
|j|‽MuelHo
|t:|1779959790
|gametype|singles
|player|p1|jsmeyo|170|1104
|player|p2|MuelHo|medium|1062
|gen|9
|tier|[Gen 9] OU
|rated|
|rule|HP Percentage Mod: HP is shown in percentages
|rule|Endless Battle Clause: Forcing endless battles is banned
|rule|Species Clause: Limit one of each Pokémon
|rule|OHKO Clause: OHKO moves are banned
|rule|Evasion Items Clause: Evasion items are banned
|rule|Evasion Moves Clause: Evasion moves are banned
|rule|Evasion Abilities Clause: Evasion abilities are banned
|rule|Sleep Moves Clause: Sleep-inducing moves are banned
|clearpoke
|poke|p1|Hoopa|
|poke|p1|Cinderace, F|
|poke|p1|Mandibuzz, F|
|poke|p1|Kyurem|
|poke|p1|Ting-Lu|
|poke|p1|Manaphy|
|poke|p2|Ogerpon-Wellspring, F|
|poke|p2|Brambleghast, M|
|poke|p2|Exeggutor-Alola, F|
|poke|p2|Whimsicott, M|
|poke|p2|Trevenant, F|
|poke|p2|Deoxys-Speed|
|teampreview
|
|t:|1779959803
|teamsize|p1|6
|teamsize|p2|6
|start
|switch|p1a: Ting-Lucifer|Ting-Lu|100/100
|switch|p2a: Brambleghast|Brambleghast, M|100/100
|-ability|p1a: Ting-Lucifer|Vessel of Ruin
|turn|1
|
|t:|1779959814
|switch|p1a: Kyurem|Kyurem|100/100
|-ability|p1a: Kyurem|Pressure
|move|p2a: Brambleghast|Rapid Spin|p1a: Kyurem
|-crit|p1a: Kyurem
|-damage|p1a: Kyurem|83/100
|-boost|p2a: Brambleghast|spe|1
|
|upkeep
|turn|2
|
|t:|1779959823
|move|p1a: Kyurem|Ice Beam|p2a: Brambleghast
|-supereffective|p2a: Brambleghast
|-enditem|p2a: Brambleghast|Focus Sash
|-damage|p2a: Brambleghast|1/100
|move|p2a: Brambleghast|Leech Seed|p1a: Kyurem
|-start|p1a: Kyurem|move: Leech Seed
|
|-damage|p1a: Kyurem|71/100|[from] Leech Seed|[of] p2a: Brambleghast
|-heal|p2a: Brambleghast|16/100|[silent]
|upkeep
|turn|3
|
|t:|1779959836
|move|p2a: Brambleghast|Protect|p2a: Brambleghast
|-singleturn|p2a: Brambleghast|Protect
|move|p1a: Kyurem|Ice Beam|p2a: Brambleghast
|-activate|p2a: Brambleghast|move: Protect
|
|-damage|p1a: Kyurem|59/100|[from] Leech Seed|[of] p2a: Brambleghast
|-heal|p2a: Brambleghast|31/100|[silent]
|upkeep
|turn|4
|
|t:|1779959852
|switch|p2a: Ogerpon|Ogerpon-Wellspring, F|100/100
|move|p1a: Kyurem|Ice Beam|p2a: Ogerpon
|-damage|p2a: Ogerpon|58/100
|
|-damage|p1a: Kyurem|47/100|[from] Leech Seed|[of] p2a: Ogerpon
|-heal|p2a: Ogerpon|72/100|[silent]
|upkeep
|turn|5
|
|t:|1779959868
|switch|p1a: Cinderace|Cinderace, F|100/100
|move|p2a: Ogerpon|Substitute|p2a: Ogerpon
|-start|p2a: Ogerpon|Substitute
|-damage|p2a: Ogerpon|47/100
|
|upkeep
|turn|6
|
|t:|1779959883
|move|p1a: Cinderace|Pyro Ball|p2a: Ogerpon
|-end|p2a: Ogerpon|Substitute
|move|p2a: Ogerpon|Leech Seed|p1a: Cinderace
|-start|p1a: Cinderace|move: Leech Seed
|
|-damage|p1a: Cinderace|88/100|[from] Leech Seed|[of] p2a: Ogerpon
|-heal|p2a: Ogerpon|57/100|[silent]
|upkeep
|turn|7
|
|t:|1779959894
|-terastallize|p2a: Ogerpon|Water
|detailschange|p2a: Ogerpon|Ogerpon-Wellspring-Tera, F, tera:Water
|-ability|p2a: Ogerpon|Embody Aspect (Wellspring)|boost
|-boost|p2a: Ogerpon|spd|1
|move|p1a: Cinderace|U-turn|p2a: Ogerpon
|-start|p1a: Cinderace|typechange|Bug|[from] ability: Libero
|-damage|p2a: Ogerpon|19/100
|
|t:|1779959906
|switch|p1a: Mandibuzz|Mandibuzz, F, shiny|100/100|[from] U-turn
|move|p2a: Ogerpon|Ivy Cudgel|p1a: Mandibuzz|[anim] Ivy Cudgel Water
|-damage|p1a: Mandibuzz|65/100
|
|upkeep
|turn|8
|
|t:|1779959917
|move|p2a: Ogerpon|Protect|p2a: Ogerpon
|-singleturn|p2a: Ogerpon|Protect
|move|p1a: Mandibuzz|Foul Play|p2a: Ogerpon
|-activate|p2a: Ogerpon|move: Protect
|
|upkeep
|turn|9
|
|t:|1779959929
|switch|p1a: Hoopa|Hoopa|100/100
|move|p2a: Ogerpon|Ivy Cudgel|p1a: Hoopa|[anim] Ivy Cudgel Water
|-damage|p1a: Hoopa|0 fnt
|faint|p1a: Hoopa
|
|upkeep
|
|t:|1779959940
|switch|p1a: Manaphy|Manaphy|100/100
|turn|10
|
|t:|1779959950
|move|p2a: Ogerpon|Leech Seed|p1a: Manaphy
|-start|p1a: Manaphy|move: Leech Seed
|move|p1a: Manaphy|Tail Glow|p1a: Manaphy
|-boost|p1a: Manaphy|spa|3
|
|-damage|p1a: Manaphy|88/100|[from] Leech Seed|[of] p2a: Ogerpon
|-heal|p2a: Ogerpon|33/100|[silent]
|upkeep
|turn|11
|
|t:|1779959958
|move|p2a: Ogerpon|Substitute|p2a: Ogerpon
|-start|p2a: Ogerpon|Substitute
|-damage|p2a: Ogerpon|8/100
|move|p1a: Manaphy|Alluring Voice|p2a: Ogerpon
|-damage|p2a: Ogerpon|0 fnt
|faint|p2a: Ogerpon
|detailschange|p2: Ogerpon|Ogerpon-Wellspring, F|[silent]
|
|-heal|p1a: Manaphy|94/100|[from] item: Leftovers
|upkeep
|
|t:|1779959969
|switch|p2a: Exeggutor|Exeggutor-Alola, F|100/100
|turn|12
|
|t:|1779959974
|move|p1a: Manaphy|Alluring Voice|p2a: Exeggutor
|-supereffective|p2a: Exeggutor
|-damage|p2a: Exeggutor|0 fnt
|faint|p2a: Exeggutor
|
|-heal|p1a: Manaphy|100/100|[from] item: Leftovers
|upkeep
|
|t:|1779959981
|switch|p2a: Whimsicott|Whimsicott, M|100/100
|turn|13
|
|t:|1779959997
|switch|p1a: Ting-Lucifer|Ting-Lu|100/100
|-ability|p1a: Ting-Lucifer|Vessel of Ruin
|move|p2a: Whimsicott|Protect||[still]
|-fail|p2a: Whimsicott
|
|upkeep
|turn|14
|
|t:|1779960005
|move|p2a: Whimsicott|Leech Seed|p1a: Ting-Lucifer
|-hint|Since gen 7, Dark is immune to Prankster moves.
|-immune|p1a: Ting-Lucifer
|move|p1a: Ting-Lucifer|Heavy Slam|p2a: Whimsicott
|-supereffective|p2a: Whimsicott
|-damage|p2a: Whimsicott|27/100
|
|-heal|p2a: Whimsicott|33/100|[from] item: Leftovers
|upkeep
|turn|15
|
|t:|1779960023
|switch|p2a: Deoxys|Deoxys-Speed|100/100
|-ability|p2a: Deoxys|Pressure
|move|p1a: Ting-Lucifer|Earthquake|p2a: Deoxys
|-damage|p2a: Deoxys|15/100
|
|upkeep
|turn|16
|
|t:|1779960041
|move|p2a: Deoxys|Fire Punch|p1a: Ting-Lucifer
|-damage|p1a: Ting-Lucifer|89/100
|move|p1a: Ting-Lucifer|Heavy Slam|p2a: Deoxys
|-damage|p2a: Deoxys|0 fnt
|faint|p2a: Deoxys
|
|upkeep
|-message|MuelHo forfeited.
|
|win|jsmeyo
|raw|jsmeyo's rating: 1104 &rarr; <strong>1126</strong><br />(+22 for winning)
|raw|MuelHo's rating: 1062 &rarr; <strong>1045</strong><br />(-17 for losing)
|l|‽MuelHo
|player|p2|
|l|☆jsmeyo
|player|p1|
