|j|☆714Serpent
|j|☆Nickthenickthenick
|t:|1779908757
|gametype|singles
|player|p1|714Serpent|lucas|1441
|player|p2|Nickthenickthenick|102|1427
|gen|9
|tier|[Gen 9] OU
|rated|
|rule|HP Percentage Mod: HP is shown in percentages
|rule|Endless Battle Clause: Forcing endless battles is banned
|rule|Species Clause: Limit one of each Pokémon
|rule|OHKO Clause: OHKO moves are banned
|rule|Evasion Items Clause: Evasion items are banned
|rule|Evasion Moves Clause: Evasion moves are banned
|rule|Evasion Abilities Clause: Evasion abilities are banned
|rule|Sleep Moves Clause: Sleep-inducing moves are banned
|clearpoke
|poke|p1|Cinderace, M|
|poke|p1|Salamence, F|
|poke|p1|Alomomola, M|
|poke|p1|Pecharunt|
|poke|p1|Great Tusk|
|poke|p1|Zarude|
|poke|p2|Raikou|
|poke|p2|Entei|
|poke|p2|Suicune|
|poke|p2|Tyranitar, F|
|poke|p2|Porygon2|
|poke|p2|Hatterene, F|
|teampreview
|
|t:|1779908782
|teamsize|p1|6
|teamsize|p2|6
|start
|switch|p1a: Great Tusk|Great Tusk|100/100
|switch|p2a: Raikou|Raikou|100/100
|-ability|p2a: Raikou|Pressure
|turn|1
|
|t:|1779908797
|-terastallize|p2a: Raikou|Water
|move|p2a: Raikou|Scald|p1a: Great Tusk
|-supereffective|p1a: Great Tusk
|-damage|p1a: Great Tusk|0 fnt
|faint|p1a: Great Tusk
|-end|p1a: Great Tusk|Protosynthesis|[silent]
|
|upkeep
|inactive|Battle timer is ON: inactive players will automatically lose when time's up. (requested by Nickthenickthenick)
|
|t:|1779908812
|switch|p1a: Zarude|Zarude|100/100
|turn|2
|
|t:|1779908823
|switch|p2a: Entei|Entei|100/100
|-ability|p2a: Entei|Pressure
|move|p1a: Zarude|Power Whip|p2a: Entei
|-resisted|p2a: Entei
|-damage|p2a: Entei|75/100
|-damage|p1a: Zarude|91/100|[from] item: Life Orb
|
|upkeep
|turn|3
|
|t:|1779908833
|switch|p1a: Alomomola|Alomomola, M|100/100
|move|p2a: Entei|Sacred Fire|p1a: Alomomola
|-resisted|p1a: Alomomola
|-damage|p1a: Alomomola|88/100
|-status|p1a: Alomomola|brn
|
|-damage|p1a: Alomomola|82/100 brn|[from] brn
|upkeep
|turn|4
|
|t:|1779908845
|switch|p2a: Hatterene|Hatterene, F|100/100
|move|p1a: Alomomola|Flip Turn|p2a: Hatterene
|-damage|p2a: Hatterene|94/100
|-damage|p1a: Alomomola|65/100 brn|[from] item: Rocky Helmet|[of] p2a: Hatterene
|
|t:|1779908852
|switch|p1a: Pecharunt|Pecharunt|100/100|[from] Flip Turn
|
|upkeep
|turn|5
|
|t:|1779908858
|switch|p2a: Tyranitar|Tyranitar, F|100/100
|-weather|Sandstorm|[from] ability: Sand Stream|[of] p2a: Tyranitar
|move|p1a: Pecharunt|Malignant Chain|p2a: Tyranitar
|-resisted|p2a: Tyranitar
|-damage|p2a: Tyranitar|94/100
|
|-weather|Sandstorm|[upkeep]
|-damage|p1a: Pecharunt|94/100|[from] Sandstorm
|-heal|p1a: Pecharunt|100/100|[from] item: Leftovers
|-heal|p2a: Tyranitar|100/100|[from] item: Leftovers
|upkeep
|turn|6
|
|t:|1779908868
|move|p1a: Pecharunt|Parting Shot|p2a: Tyranitar
|-unboost|p2a: Tyranitar|atk|1
|-unboost|p2a: Tyranitar|spa|1
|
|t:|1779908877
|switch|p1a: Alomomola|Alomomola, M|99/100 brn|[from] Parting Shot
|move|p2a: Tyranitar|Stealth Rock|p1a: Alomomola
|-sidestart|p1: 714Serpent|move: Stealth Rock
|
|-weather|Sandstorm|[upkeep]
|-damage|p1a: Alomomola|92/100 brn|[from] Sandstorm
|-damage|p1a: Alomomola|86/100 brn|[from] brn
|upkeep
|turn|7
|
|t:|1779908889
|switch|p2a: Raikou|Raikou, tera:Water|100/100
|-ability|p2a: Raikou|Pressure
|move|p1a: Alomomola|Flip Turn|p2a: Raikou
|-resisted|p2a: Raikou
|-damage|p2a: Raikou|95/100
|
|t:|1779908906
|switch|p1a: Pecharunt|Pecharunt|100/100|[from] Flip Turn
|-damage|p1a: Pecharunt|88/100|[from] Stealth Rock
|
|-weather|Sandstorm|[upkeep]
|-damage|p2a: Raikou|89/100|[from] Sandstorm
|-damage|p1a: Pecharunt|82/100|[from] Sandstorm
|-heal|p2a: Raikou|95/100|[from] item: Leftovers
|-heal|p1a: Pecharunt|88/100|[from] item: Leftovers
|upkeep
|turn|8
|
|t:|1779908915
|move|p2a: Raikou|Scald|p1a: Pecharunt
|-damage|p1a: Pecharunt|61/100
|move|p1a: Pecharunt|Malignant Chain|p2a: Raikou
|-damage|p2a: Raikou|61/100
|
|-weather|Sandstorm|[upkeep]
|-damage|p2a: Raikou|55/100|[from] Sandstorm
|-damage|p1a: Pecharunt|55/100|[from] Sandstorm
|-heal|p2a: Raikou|61/100|[from] item: Leftovers
|-heal|p1a: Pecharunt|61/100|[from] item: Leftovers
|upkeep
|turn|9
|
|t:|1779908925
|move|p2a: Raikou|Calm Mind|p2a: Raikou
|-boost|p2a: Raikou|spa|1
|-boost|p2a: Raikou|spd|1
|move|p1a: Pecharunt|Malignant Chain|p2a: Raikou
|-damage|p2a: Raikou|38/100
|-status|p2a: Raikou|tox
|-start|p2a: Raikou|confusion|[from] ability: Poison Puppeteer|[of] p1a: Pecharunt
|
|-weather|none
|-heal|p2a: Raikou|44/100 tox|[from] item: Leftovers
|-heal|p1a: Pecharunt|67/100|[from] item: Leftovers
|-damage|p2a: Raikou|38/100 tox|[from] psn
|upkeep
|turn|10
|
|t:|1779908937
|-activate|p2a: Raikou|confusion
|move|p2a: Raikou|Scald|p1a: Pecharunt
|-damage|p1a: Pecharunt|28/100
|move|p1a: Pecharunt|Recover|p1a: Pecharunt
|-heal|p1a: Pecharunt|78/100
|
|-heal|p2a: Raikou|44/100 tox|[from] item: Leftovers
|-heal|p1a: Pecharunt|84/100|[from] item: Leftovers
|-damage|p2a: Raikou|32/100 tox|[from] psn
|upkeep
|turn|11
|
|t:|1779908963
|-activate|p2a: Raikou|confusion
|move|p2a: Raikou|Scald|p1a: Pecharunt
|-damage|p1a: Pecharunt|43/100
|move|p1a: Pecharunt|Hex|p2a: Raikou
|-damage|p2a: Raikou|3/100 tox
|
|-heal|p2a: Raikou|9/100 tox|[from] item: Leftovers
|-heal|p1a: Pecharunt|49/100|[from] item: Leftovers
|-damage|p2a: Raikou|0 fnt|[from] psn
|faint|p2a: Raikou
|upkeep
|
|t:|1779908972
|switch|p2a: Tyranitar|Tyranitar, F|100/100
|-weather|Sandstorm|[from] ability: Sand Stream|[of] p2a: Tyranitar
|turn|12
|inactive|714Serpent has 120 seconds left.
|
|t:|1779909022
|move|p1a: Pecharunt|Parting Shot|p2a: Tyranitar
|-unboost|p2a: Tyranitar|atk|1
|-unboost|p2a: Tyranitar|spa|1
|
|t:|1779909028
|switch|p1a: Alomomola|Alomomola, M|100/100 brn|[from] Parting Shot
|-damage|p1a: Alomomola|88/100 brn|[from] Stealth Rock
|move|p2a: Tyranitar|Knock Off|p1a: Alomomola
|-damage|p1a: Alomomola|67/100 brn
|-damage|p2a: Tyranitar|84/100|[from] item: Rocky Helmet|[of] p1a: Alomomola
|-enditem|p1a: Alomomola|Rocky Helmet|[from] move: Knock Off|[of] p2a: Tyranitar
|
|-weather|Sandstorm|[upkeep]
|-damage|p1a: Alomomola|61/100 brn|[from] Sandstorm
|-heal|p2a: Tyranitar|90/100|[from] item: Leftovers
|-damage|p1a: Alomomola|55/100 brn|[from] brn
|upkeep
|turn|13
|l|☆Nickthenickthenick
|inactive|Nickthenickthenick disconnected and has a minute to reconnect!
|player|p2|
|
|t:|1779909044
|move|p2a: Tyranitar|Stone Edge|p1a: Alomomola
|-damage|p1a: Alomomola|34/100 brn
|move|p1a: Alomomola|Flip Turn|p2a: Tyranitar
|-supereffective|p2a: Tyranitar
|-damage|p2a: Tyranitar|77/100
|
|t:|1779909051
|switch|p1a: Zarude|Zarude|91/100|[from] Flip Turn
|-damage|p1a: Zarude|78/100|[from] Stealth Rock
|
|-weather|Sandstorm|[upkeep]
|-damage|p1a: Zarude|72/100|[from] Sandstorm
|-heal|p2a: Tyranitar|83/100|[from] item: Leftovers
|upkeep
|turn|14
|inactive|Nickthenickthenick has 30 seconds to reconnect!
|inactive|Nickthenickthenick has 20 seconds to reconnect!
|inactive|Nickthenickthenick has 15 seconds to reconnect!
|inactive|Nickthenickthenick has 10 seconds to reconnect!
|inactive|Nickthenickthenick has 5 seconds to reconnect!
|-message|Nickthenickthenick lost due to inactivity.
|
|win|714Serpent
|raw|714Serpent's rating: 1441 &rarr; <strong>1460</strong><br />(+19 for winning)
|raw|Nickthenickthenick's rating: 1427 &rarr; <strong>1408</strong><br />(-19 for losing)
|l|☆714Serpent
|player|p1|
