|j|☆Dionysos
|j|☆Hallommora
|t:|1779870871
|gametype|singles
|player|p1|Dionysos|gentleman-gen4dp|1616
|player|p2|Hallommora|clown|1634
|gen|9
|tier|[Gen 9] OU
|rated|
|rule|HP Percentage Mod: HP is shown in percentages
|rule|Endless Battle Clause: Forcing endless battles is banned
|rule|Species Clause: Limit one of each Pokémon
|rule|OHKO Clause: OHKO moves are banned
|rule|Evasion Items Clause: Evasion items are banned
|rule|Evasion Moves Clause: Evasion moves are banned
|rule|Evasion Abilities Clause: Evasion abilities are banned
|rule|Sleep Moves Clause: Sleep-inducing moves are banned
|clearpoke
|poke|p1|Tyranitar, M|
|poke|p1|Excadrill, M|
|poke|p1|Keldeo-Resolute|
|poke|p1|Heatran, M|
|poke|p1|Hydrapple, M|
|poke|p1|Iron Hands|
|poke|p2|Iron Treads|
|poke|p2|Raging Bolt|
|poke|p2|Iron Valiant|
|poke|p2|Kingambit, F|
|poke|p2|Great Tusk|
|poke|p2|Ogerpon-Wellspring, F|
|teampreview
|inactive|Battle timer is ON: inactive players will automatically lose when time's up. (requested by Hallommora)
|
|t:|1779870885
|teamsize|p1|6
|teamsize|p2|6
|start
|switch|p1a: Keldeo|Keldeo-Resolute|100/100
|switch|p2a: Iron Treads|Iron Treads|100/100
|turn|1
|
|t:|1779870903
|move|p1a: Keldeo|Secret Sword|p2a: Iron Treads
|-supereffective|p2a: Iron Treads
|-enditem|p2a: Iron Treads|Focus Sash
|-damage|p2a: Iron Treads|1/100
|move|p2a: Iron Treads|Rapid Spin|p1a: Keldeo
|-damage|p1a: Keldeo|82/100
|-boost|p2a: Iron Treads|spe|1
|
|upkeep
|turn|2
|
|t:|1779870914
|-terastallize|p2a: Iron Treads|Ghost
|move|p2a: Iron Treads|Endeavor|p1a: Keldeo
|-damage|p1a: Keldeo|1/100
|move|p1a: Keldeo|Secret Sword|p2a: Iron Treads
|-immune|p2a: Iron Treads
|
|upkeep
|turn|3
|
|t:|1779870925
|switch|p1a: Tyranitar|Tyranitar, M|100/100
|-weather|Sandstorm|[from] ability: Sand Stream|[of] p1a: Tyranitar
|move|p2a: Iron Treads|Rapid Spin|p1a: Tyranitar
|-resisted|p1a: Tyranitar
|-damage|p1a: Tyranitar|93/100
|-boost|p2a: Iron Treads|spe|1
|
|-weather|Sandstorm|[upkeep]
|-damage|p2a: Iron Treads|0 fnt|[from] Sandstorm
|faint|p2a: Iron Treads
|-end|p2a: Iron Treads|Quark Drive|[silent]
|upkeep
|
|t:|1779870928
|switch|p2a: Ogerpon|Ogerpon-Wellspring, F|100/100
|turn|4
|
|t:|1779870941
|switch|p2a: Kingambit|Kingambit, F|100/100
|-activate|p2a: Kingambit|ability: Supreme Overlord
|-start|p2a: Kingambit|fallen1|[silent]
|switch|p1a: Hydrapple|Hydrapple, M|100/100
|
|-weather|Sandstorm|[upkeep]
|-damage|p1a: Hydrapple|94/100|[from] Sandstorm
|upkeep
|turn|5
|
|t:|1779870951
|move|p2a: Kingambit|Swords Dance|p2a: Kingambit
|-boost|p2a: Kingambit|atk|2
|move|p1a: Hydrapple|Earth Power|p2a: Kingambit
|-supereffective|p2a: Kingambit
|-damage|p2a: Kingambit|48/100
|
|-weather|Sandstorm|[upkeep]
|-damage|p1a: Hydrapple|88/100|[from] Sandstorm
|upkeep
|turn|6
|
|t:|1779870973
|move|p2a: Kingambit|Kowtow Cleave|p1a: Hydrapple
|-damage|p1a: Hydrapple|30/100
|-damage|p2a: Kingambit|32/100|[from] item: Rocky Helmet|[of] p1a: Hydrapple
|move|p1a: Hydrapple|Earth Power|p2a: Kingambit
|-supereffective|p2a: Kingambit
|-damage|p2a: Kingambit|0 fnt
|faint|p2a: Kingambit
|-end|p2a: Kingambit|fallen1|[silent]
|
|-weather|Sandstorm|[upkeep]
|-damage|p1a: Hydrapple|24/100|[from] Sandstorm
|upkeep
|
|t:|1779870977
|switch|p2a: Iron Valiant|Iron Valiant|100/100
|-enditem|p2a: Iron Valiant|Booster Energy
|-activate|p2a: Iron Valiant|ability: Quark Drive|[fromitem]
|-start|p2a: Iron Valiant|quarkdrivespe
|turn|7
|
|t:|1779870989
|switch|p1a: Heatran|Heatran, M|100/100
|move|p2a: Iron Valiant|Calm Mind|p2a: Iron Valiant
|-boost|p2a: Iron Valiant|spa|1
|-boost|p2a: Iron Valiant|spd|1
|
|-weather|none
|upkeep
|turn|8
|
|t:|1779871012
|move|p2a: Iron Valiant|Aura Sphere|p1a: Heatran
|-supereffective|p1a: Heatran
|-damage|p1a: Heatran|29/100
|move|p1a: Heatran|Lava Plume|p2a: Iron Valiant
|-damage|p2a: Iron Valiant|60/100
|-status|p2a: Iron Valiant|brn
|
|-heal|p1a: Heatran|35/100|[from] item: Leftovers
|-damage|p2a: Iron Valiant|54/100 brn|[from] brn
|upkeep
|turn|9
|
|t:|1779871040
|switch|p1a: Keldeo|Keldeo-Resolute|1/100
|move|p2a: Iron Valiant|Aura Sphere|p1a: Keldeo
|-damage|p1a: Keldeo|0 fnt
|faint|p1a: Keldeo
|
|-damage|p2a: Iron Valiant|48/100 brn|[from] brn
|upkeep
|inactive|Dionysos has 120 seconds left.
|
|t:|1779871050
|switch|p1a: Tyranitar|Tyranitar, M|93/100
|-weather|Sandstorm|[from] ability: Sand Stream|[of] p1a: Tyranitar
|turn|10
|
|t:|1779871061
|-terastallize|p1a: Tyranitar|Flying
|move|p2a: Iron Valiant|Aura Sphere|p1a: Tyranitar
|-resisted|p1a: Tyranitar
|-crit|p1a: Tyranitar
|-damage|p1a: Tyranitar|46/100
|move|p1a: Tyranitar|Ice Punch|p2a: Iron Valiant
|-damage|p2a: Iron Valiant|0 fnt
|faint|p2a: Iron Valiant
|-end|p2a: Iron Valiant|Quark Drive|[silent]
|
|-weather|Sandstorm|[upkeep]
|-damage|p1a: Tyranitar|40/100|[from] Sandstorm
|upkeep
|inactive|Hallommora has 120 seconds left.
|
|t:|1779871086
|switch|p2a: Ogerpon|Ogerpon-Wellspring, F|100/100
|turn|11
|
|t:|1779871090
|switch|p1a: Hydrapple|Hydrapple, M|58/100
|move|p2a: Ogerpon|Ivy Cudgel|p1a: Hydrapple|[anim] Ivy Cudgel Water
|-resisted|p1a: Hydrapple
|-damage|p1a: Hydrapple|50/100
|
|-weather|Sandstorm|[upkeep]
|-damage|p2a: Ogerpon|95/100|[from] Sandstorm
|-damage|p1a: Hydrapple|43/100|[from] Sandstorm
|upkeep
|turn|12
|
|t:|1779871101
|move|p2a: Ogerpon|Swords Dance|p2a: Ogerpon
|-boost|p2a: Ogerpon|atk|2
|move|p1a: Hydrapple|Giga Drain|p2a: Ogerpon
|-damage|p2a: Ogerpon|59/100
|-heal|p1a: Hydrapple|57/100|[from] drain|[of] p2a: Ogerpon
|
|-weather|Sandstorm|[upkeep]
|-damage|p2a: Ogerpon|53/100|[from] Sandstorm
|-damage|p1a: Hydrapple|50/100|[from] Sandstorm
|upkeep
|turn|13
|
|t:|1779871111
|move|p2a: Ogerpon|Ivy Cudgel|p1a: Hydrapple|[anim] Ivy Cudgel Water
|-resisted|p1a: Hydrapple
|-damage|p1a: Hydrapple|35/100
|move|p1a: Hydrapple|Giga Drain|p2a: Ogerpon
|-damage|p2a: Ogerpon|15/100
|-heal|p1a: Hydrapple|49/100|[from] drain|[of] p2a: Ogerpon
|
|-weather|Sandstorm|[upkeep]
|-damage|p2a: Ogerpon|9/100|[from] Sandstorm
|-damage|p1a: Hydrapple|43/100|[from] Sandstorm
|upkeep
|turn|14
|
|t:|1779871121
|move|p2a: Ogerpon|Ivy Cudgel|p1a: Hydrapple|[anim] Ivy Cudgel Water
|-resisted|p1a: Hydrapple
|-damage|p1a: Hydrapple|25/100
|move|p1a: Hydrapple|Giga Drain|p2a: Ogerpon
|-damage|p2a: Ogerpon|0 fnt
|-heal|p1a: Hydrapple|29/100|[from] drain|[of] p2a: Ogerpon
|faint|p2a: Ogerpon
|
|-weather|none
|upkeep
|
|t:|1779871125
|switch|p2a: Great Tusk|Great Tusk|100/100
|-enditem|p2a: Great Tusk|Booster Energy
|-activate|p2a: Great Tusk|ability: Protosynthesis|[fromitem]
|-start|p2a: Great Tusk|protosynthesisspe
|turn|15
|
|t:|1779871136
|switch|p1a: Tyranitar|Tyranitar, M, tera:Flying|40/100
|-weather|Sandstorm|[from] ability: Sand Stream|[of] p1a: Tyranitar
|move|p2a: Great Tusk|Rapid Spin|p1a: Tyranitar
|-damage|p1a: Tyranitar|27/100
|-boost|p2a: Great Tusk|spe|1
|
|-weather|Sandstorm|[upkeep]
|-damage|p1a: Tyranitar|21/100|[from] Sandstorm
|upkeep
|turn|16
|
|t:|1779871148
|move|p2a: Great Tusk|Bulk Up|p2a: Great Tusk
|-boost|p2a: Great Tusk|atk|1
|-boost|p2a: Great Tusk|def|1
|move|p1a: Tyranitar|Ice Punch|p2a: Great Tusk
|-supereffective|p2a: Great Tusk
|-damage|p2a: Great Tusk|66/100
|
|-weather|Sandstorm|[upkeep]
|-damage|p1a: Tyranitar|15/100|[from] Sandstorm
|upkeep
|turn|17
|
|t:|1779871158
|switch|p1a: Hydrapple|Hydrapple, M|62/100
|move|p2a: Great Tusk|Bulk Up|p2a: Great Tusk
|-boost|p2a: Great Tusk|atk|1
|-boost|p2a: Great Tusk|def|1
|
|-weather|Sandstorm|[upkeep]
|-damage|p1a: Hydrapple|56/100|[from] Sandstorm
|upkeep
|turn|18
|
|t:|1779871167
|switch|p1a: Tyranitar|Tyranitar, M, tera:Flying|15/100
|move|p2a: Great Tusk|Ice Spinner|p1a: Tyranitar
|-supereffective|p1a: Tyranitar
|-damage|p1a: Tyranitar|0 fnt
|faint|p1a: Tyranitar
|
|-weather|Sandstorm|[upkeep]
|upkeep
|
|t:|1779871181
|switch|p1a: Hydrapple|Hydrapple, M|89/100
|turn|19
|
|t:|1779871185
|switch|p1a: Heatran|Heatran, M|35/100
|move|p2a: Great Tusk|Ice Spinner|p1a: Heatran
|-resisted|p1a: Heatran
|-damage|p1a: Heatran|26/100
|-status|p2a: Great Tusk|brn|[from] ability: Flame Body|[of] p1a: Heatran
|
|-weather|none
|-heal|p1a: Heatran|32/100|[from] item: Leftovers
|-damage|p2a: Great Tusk|60/100 brn|[from] brn
|upkeep
|turn|20
|c|☆Hallommora|Lollol
|
|t:|1779871198
|move|p2a: Great Tusk|Bulk Up|p2a: Great Tusk
|-boost|p2a: Great Tusk|atk|1
|-boost|p2a: Great Tusk|def|1
|move|p1a: Heatran|Lava Plume|p2a: Great Tusk
|-damage|p2a: Great Tusk|18/100 brn
|
|-heal|p1a: Heatran|39/100|[from] item: Leftovers
|-damage|p2a: Great Tusk|12/100 brn|[from] brn
|upkeep
|turn|21
|
|t:|1779871209
|switch|p1a: Hydrapple|Hydrapple, M|100/100
|move|p2a: Great Tusk|Headlong Rush|p1a: Hydrapple
|-resisted|p1a: Hydrapple
|-damage|p1a: Hydrapple|82/100
|-unboost|p2a: Great Tusk|def|1
|-unboost|p2a: Great Tusk|spd|1
|-damage|p2a: Great Tusk|0 fnt|[from] item: Rocky Helmet|[of] p1a: Hydrapple
|faint|p2a: Great Tusk
|-end|p2a: Great Tusk|Protosynthesis|[silent]
|
|upkeep
|-message|Hallommora forfeited.
|
|win|Dionysos
|raw|Dionysos's rating: 1616 &rarr; <strong>1636</strong><br />(+20 for winning)
|raw|Hallommora's rating: 1616 &rarr; <strong>1596</strong><br />(-20 for losing)
|l|☆Hallommora
|player|p2|
|c|☆Dionysos|Gg
|l|☆Dionysos
|player|p1|
