|j|☆dev08709
|j|☆tagliolino
|t:|1779876695
|gametype|singles
|player|p1|dev08709|lucas|1108
|player|p2|tagliolino|will|1147
|gen|9
|tier|[Gen 9] OU
|rated|
|rule|HP Percentage Mod: HP is shown in percentages
|rule|Endless Battle Clause: Forcing endless battles is banned
|rule|Species Clause: Limit one of each Pokémon
|rule|OHKO Clause: OHKO moves are banned
|rule|Evasion Items Clause: Evasion items are banned
|rule|Evasion Moves Clause: Evasion moves are banned
|rule|Evasion Abilities Clause: Evasion abilities are banned
|rule|Sleep Moves Clause: Sleep-inducing moves are banned
|clearpoke
|poke|p1|Weezing-Galar, M|
|poke|p1|Gliscor, M|
|poke|p1|Blissey, F|
|poke|p1|Corviknight, M|
|poke|p1|Dondozo, M|
|poke|p1|Toxapex, M|
|poke|p2|Zoroark-Hisui, M|
|poke|p2|Quaquaval, F|
|poke|p2|Weezing-Galar, F|
|poke|p2|Ceruledge, F|
|poke|p2|Great Tusk|
|poke|p2|Meowscarada, M|
|teampreview
|
|t:|1779876702
|teamsize|p1|6
|teamsize|p2|6
|start
|switch|p1a: Blissey|Blissey, F|100/100
|switch|p2a: Ceruledge|Ceruledge, F, shiny|100/100
|turn|1
|inactive|Battle timer is ON: inactive players will automatically lose when time's up. (requested by tagliolino)
|
|t:|1779876710
|move|p2a: Ceruledge|Psychic|p1a: Blissey
|-damage|p1a: Blissey|89/100
|move|p1a: Blissey|Stealth Rock|p2a: Ceruledge
|-sidestart|p2: tagliolino|move: Stealth Rock
|
|-heal|p1a: Blissey|96/100|[from] item: Leftovers
|upkeep
|turn|2
|
|t:|1779876719
|move|p2a: Ceruledge|Flamethrower|p1a: Blissey
|-crit|p1a: Blissey
|-damage|p1a: Blissey|81/100
|move|p1a: Blissey|Calm Mind|p1a: Blissey
|-boost|p1a: Blissey|spa|1
|-boost|p1a: Blissey|spd|1
|
|-heal|p1a: Blissey|88/100|[from] item: Leftovers
|upkeep
|turn|3
|
|t:|1779876727
|switch|p2a: Quaquaval|Quaquaval, F, shiny|100/100
|-damage|p2a: Quaquaval|94/100|[from] Stealth Rock
|move|p1a: Blissey|Calm Mind|p1a: Blissey
|-boost|p1a: Blissey|spa|1
|-boost|p1a: Blissey|spd|1
|
|-heal|p1a: Blissey|94/100|[from] item: Leftovers
|upkeep
|turn|4
|
|t:|1779876744
|switch|p1a: Corviknight|Corviknight, M|100/100
|-ability|p1a: Corviknight|Pressure
|move|p2a: Quaquaval|Close Combat|p1a: Corviknight
|-damage|p1a: Corviknight|57/100
|-unboost|p2a: Quaquaval|def|1
|-unboost|p2a: Quaquaval|spd|1
|-enditem|p2a: Quaquaval|White Herb
|-clearnegativeboost|p2a: Quaquaval|[silent]
|
|-heal|p1a: Corviknight|63/100|[from] item: Leftovers
|upkeep
|turn|5
|
|t:|1779876756
|move|p2a: Quaquaval|Aqua Step|p1a: Corviknight
|-damage|p1a: Corviknight|34/100
|-boost|p2a: Quaquaval|spe|1
|move|p1a: Corviknight|Roost|p1a: Corviknight
|-heal|p1a: Corviknight|84/100
|-singleturn|p1a: Corviknight|move: Roost
|
|-heal|p1a: Corviknight|91/100|[from] item: Leftovers
|upkeep
|turn|6
|
|t:|1779876767
|move|p2a: Quaquaval|Close Combat|p1a: Corviknight
|-damage|p1a: Corviknight|47/100
|-unboost|p2a: Quaquaval|def|1
|-unboost|p2a: Quaquaval|spd|1
|move|p1a: Corviknight|Iron Defense|p1a: Corviknight
|-boost|p1a: Corviknight|def|2
|
|-heal|p1a: Corviknight|53/100|[from] item: Leftovers
|upkeep
|turn|7
|
|t:|1779876776
|move|p2a: Quaquaval|Triple Axel|p1a: Corviknight
|-damage|p1a: Corviknight|50/100
|-damage|p1a: Corviknight|46/100
|-damage|p1a: Corviknight|39/100
|-hitcount|p1a: Corviknight|3
|move|p1a: Corviknight|Roost|p1a: Corviknight
|-heal|p1a: Corviknight|89/100
|-singleturn|p1a: Corviknight|move: Roost
|
|-heal|p1a: Corviknight|95/100|[from] item: Leftovers
|upkeep
|turn|8
|
|t:|1779876791
|switch|p2a: Ceruledge|Ceruledge, F, shiny|100/100
|-damage|p2a: Ceruledge|88/100|[from] Stealth Rock
|move|p1a: Corviknight|Body Press|p2a: Ceruledge
|-immune|p2a: Ceruledge
|
|-heal|p1a: Corviknight|100/100|[from] item: Leftovers
|upkeep
|turn|9
|
|t:|1779876808
|switch|p1a: Weezing|Weezing-Galar, M|100/100
|-ability|p1a: Weezing|Neutralizing Gas
|replace|p2a: Zoroark|Zoroark-Hisui, M, shiny
|-end|p2a: Zoroark|Illusion
|move|p2a: Zoroark|Flamethrower|p1a: Weezing
|-damage|p1a: Weezing|55/100
|
|upkeep
|turn|10
|
|t:|1779876817
|move|p2a: Zoroark|Psychic|p1a: Weezing
|-supereffective|p1a: Weezing
|-damage|p1a: Weezing|0 fnt
|faint|p1a: Weezing
|-end|p1a: Weezing|ability: Neutralizing Gas
|
|upkeep
|
|t:|1779876822
|switch|p1a: Blissey|Blissey, F|94/100
|turn|11
|
|t:|1779876831
|switch|p2a: Quaquaval|Quaquaval, F, shiny|94/100
|-damage|p2a: Quaquaval|88/100|[from] Stealth Rock
|switch|p1a: Toxapex|Toxapex, M|100/100
|
|upkeep
|turn|12
|
|t:|1779876840
|switch|p2a: Ceruledge|Ceruledge, F, shiny|88/100
|-damage|p2a: Ceruledge|76/100|[from] Stealth Rock
|move|p1a: Toxapex|Toxic|p2a: Ceruledge
|-status|p2a: Ceruledge|tox
|-enditem|p2a: Ceruledge|Lum Berry|[eat]
|-curestatus|p2a: Ceruledge|tox|[msg]
|
|upkeep
|turn|13
|
|t:|1779876849
|move|p2a: Ceruledge|Psychic|p1a: Toxapex
|-supereffective|p1a: Toxapex
|-damage|p1a: Toxapex|49/100
|move|p1a: Toxapex|Toxic|p2a: Ceruledge
|-status|p2a: Ceruledge|tox
|
|-damage|p2a: Ceruledge|70/100 tox|[from] psn
|upkeep
|turn|14
|
|t:|1779876859
|switch|p1a: Dondozo|Dondozo, M|100/100
|move|p2a: Ceruledge|Psychic|p1a: Dondozo
|-damage|p1a: Dondozo|70/100
|
|-heal|p1a: Dondozo|77/100|[from] item: Leftovers
|-damage|p2a: Ceruledge|58/100 tox|[from] psn
|upkeep
|turn|15
|
|t:|1779876870
|move|p2a: Ceruledge|Hyper Beam|p1a: Dondozo
|-damage|p1a: Dondozo|0 fnt
|-mustrecharge|p2a: Ceruledge
|faint|p1a: Dondozo
|
|-damage|p2a: Ceruledge|40/100 tox|[from] psn
|upkeep
|
|t:|1779876877
|switch|p1a: Gliscor|Gliscor, M|100/100
|turn|16
|
|t:|1779876881
|cant|p2a: Ceruledge|recharge
|move|p1a: Gliscor|Knock Off|p2a: Ceruledge
|-supereffective|p2a: Ceruledge
|-crit|p2a: Ceruledge
|-damage|p2a: Ceruledge|0 fnt
|replace|p2a: Zoroark|Zoroark-Hisui, M, shiny
|-end|p2a: Zoroark|Illusion
|faint|p2a: Zoroark
|
|-status|p1a: Gliscor|tox|[from] item: Toxic Orb
|upkeep
|
|t:|1779876891
|switch|p2a: Quaquaval|Quaquaval, F, shiny|88/100
|-damage|p2a: Quaquaval|82/100|[from] Stealth Rock
|turn|17
|
|t:|1779876900
|move|p2a: Quaquaval|Aqua Step|p1a: Gliscor
|-supereffective|p1a: Gliscor
|-damage|p1a: Gliscor|36/100 tox
|-boost|p2a: Quaquaval|spe|1
|move|p1a: Gliscor|Swords Dance|p1a: Gliscor
|-boost|p1a: Gliscor|atk|2
|
|-heal|p1a: Gliscor|48/100 tox|[from] ability: Poison Heal
|upkeep
|turn|18
|
|t:|1779876908
|move|p1a: Gliscor|Protect|p1a: Gliscor
|-singleturn|p1a: Gliscor|Protect
|move|p2a: Quaquaval|Aqua Step|p1a: Gliscor
|-activate|p1a: Gliscor|move: Protect
|
|-heal|p1a: Gliscor|61/100 tox|[from] ability: Poison Heal
|upkeep
|turn|19
|
|t:|1779876915
|move|p1a: Gliscor|Protect|p1a: Gliscor
|-singleturn|p1a: Gliscor|Protect
|move|p2a: Quaquaval|Aqua Step|p1a: Gliscor
|-activate|p1a: Gliscor|move: Protect
|
|-heal|p1a: Gliscor|73/100 tox|[from] ability: Poison Heal
|upkeep
|turn|20
|
|t:|1779876923
|move|p1a: Gliscor|Protect||[still]
|-fail|p1a: Gliscor
|move|p2a: Quaquaval|Aqua Step|p1a: Gliscor
|-supereffective|p1a: Gliscor
|-damage|p1a: Gliscor|5/100 tox
|-boost|p2a: Quaquaval|spe|1
|
|-heal|p1a: Gliscor|18/100 tox|[from] ability: Poison Heal
|upkeep
|turn|21
|
|t:|1779876933
|move|p1a: Gliscor|Protect|p1a: Gliscor
|-singleturn|p1a: Gliscor|Protect
|move|p2a: Quaquaval|Aqua Step|p1a: Gliscor
|-activate|p1a: Gliscor|move: Protect
|
|-heal|p1a: Gliscor|30/100 tox|[from] ability: Poison Heal
|upkeep
|turn|22
|
|t:|1779876942
|move|p2a: Quaquaval|Aqua Step|p1a: Gliscor
|-supereffective|p1a: Gliscor
|-damage|p1a: Gliscor|0 fnt
|-boost|p2a: Quaquaval|spe|1
|faint|p1a: Gliscor
|-ability|p2a: Quaquaval|Moxie|boost
|-boost|p2a: Quaquaval|atk|1
|
|upkeep
|
|t:|1779876950
|switch|p1a: Toxapex|Toxapex, M|82/100
|turn|23
|
|t:|1779876958
|move|p2a: Quaquaval|Facade|p1a: Toxapex
|-damage|p1a: Toxapex|57/100
|move|p1a: Toxapex|Toxic|p2a: Quaquaval
|-status|p2a: Quaquaval|tox
|
|-damage|p2a: Quaquaval|76/100 tox|[from] psn
|upkeep
|turn|24
|
|t:|1779876966
|move|p2a: Quaquaval|Facade|p1a: Toxapex
|-damage|p1a: Toxapex|5/100
|move|p1a: Toxapex|Recover|p1a: Toxapex
|-heal|p1a: Toxapex|56/100
|
|-damage|p2a: Quaquaval|64/100 tox|[from] psn
|upkeep
|turn|25
|
|t:|1779876974
|move|p2a: Quaquaval|Facade|p1a: Toxapex
|-damage|p1a: Toxapex|10/100
|move|p1a: Toxapex|Recover|p1a: Toxapex
|-heal|p1a: Toxapex|60/100
|
|-damage|p2a: Quaquaval|46/100 tox|[from] psn
|upkeep
|turn|26
|
|t:|1779876981
|move|p2a: Quaquaval|Facade|p1a: Toxapex
|-damage|p1a: Toxapex|11/100
|move|p1a: Toxapex|Recover|p1a: Toxapex
|-heal|p1a: Toxapex|61/100
|
|-damage|p2a: Quaquaval|21/100 tox|[from] psn
|upkeep
|turn|27
|
|t:|1779876988
|move|p2a: Quaquaval|Facade|p1a: Toxapex
|-damage|p1a: Toxapex|14/100
|move|p1a: Toxapex|Recover|p1a: Toxapex
|-heal|p1a: Toxapex|64/100
|
|-damage|p2a: Quaquaval|0 fnt|[from] psn
|faint|p2a: Quaquaval
|upkeep
|
|t:|1779876999
|switch|p2a: Meowscarada|Meowscarada, M, shiny|100/100
|-damage|p2a: Meowscarada|88/100|[from] Stealth Rock
|turn|28
|
|t:|1779877006
|move|p2a: Meowscarada|Flower Trick|p1a: Toxapex
|-start|p2a: Meowscarada|typechange|Grass|[from] ability: Protean
|-crit|p1a: Toxapex
|-damage|p1a: Toxapex|29/100
|move|p1a: Toxapex|Recover|p1a: Toxapex
|-heal|p1a: Toxapex|79/100
|
|upkeep
|turn|29
|c|☆tagliolino|HOW BAST-AR-D ARE YOU?
|
|t:|1779877025
|move|p2a: Meowscarada|Flower Trick|p1a: Toxapex
|-crit|p1a: Toxapex
|-damage|p1a: Toxapex|44/100
|move|p1a: Toxapex|Recover|p1a: Toxapex
|-heal|p1a: Toxapex|94/100
|
|upkeep
|turn|30
|
|t:|1779877032
|move|p2a: Meowscarada|Flower Trick|p1a: Toxapex
|-crit|p1a: Toxapex
|-damage|p1a: Toxapex|57/100
|move|p1a: Toxapex|Toxic|p2a: Meowscarada
|-status|p2a: Meowscarada|tox
|
|-damage|p2a: Meowscarada|82/100 tox|[from] psn
|upkeep
|turn|31
|
|t:|1779877041
|move|p2a: Meowscarada|Flower Trick|p1a: Toxapex
|-crit|p1a: Toxapex
|-damage|p1a: Toxapex|25/100
|move|p1a: Toxapex|Recover|p1a: Toxapex
|-heal|p1a: Toxapex|75/100
|
|-damage|p2a: Meowscarada|70/100 tox|[from] psn
|upkeep
|turn|32
|c|☆tagliolino|HOPE YOUR MOM DIE
|n|‽tagliolino|tagliolino
|c|~|/log tagliolino was locked from talking by Artemis. (☆tagliolino: HOPE YOUR MOM DIE)
|c|~|/raw <small>This action was done automatically. Want to learn more about the AI? <a href="https://www.smogon.com/forums/threads/3570628/#post-9056769">Visit the information thread</a>.</small>
|-message|tagliolino forfeited.
|
|win|dev08709
