|j|☆Miurez
|j|☆acad_aver
|t:|1779805059
|gametype|singles
|player|p1|Miurez|pokemonranger-gen4|1534
|player|p2|acad_aver|n|1513
|gen|9
|tier|[Gen 9] OU
|rated|
|rule|HP Percentage Mod: HP is shown in percentages
|rule|Endless Battle Clause: Forcing endless battles is banned
|rule|Species Clause: Limit one of each Pokémon
|rule|OHKO Clause: OHKO moves are banned
|rule|Evasion Items Clause: Evasion items are banned
|rule|Evasion Moves Clause: Evasion moves are banned
|rule|Evasion Abilities Clause: Evasion abilities are banned
|rule|Sleep Moves Clause: Sleep-inducing moves are banned
|clearpoke
|poke|p1|Deoxys-Speed|
|poke|p1|Ceruledge, F|
|poke|p1|Zamazenta-*|
|poke|p1|Ogerpon-Wellspring, F|
|poke|p1|Glimmora, F|
|poke|p1|Iron Valiant|
|poke|p2|Cinderace, F|
|poke|p2|Slowking-Galar, F|
|poke|p2|Ursaluna, M|
|poke|p2|Conkeldurr, F|
|poke|p2|Heracross, M|
|poke|p2|Kingambit, M|
|teampreview
|
|t:|1779805073
|teamsize|p1|6
|teamsize|p2|6
|start
|switch|p1a: Glimmora|Glimmora, F|100/100
|switch|p2a: Slowking|Slowking-Galar, F|100/100
|turn|1
|
|t:|1779805086
|move|p1a: Glimmora|Meteor Beam||[still]
|-prepare|p1a: Glimmora|Meteor Beam
|-boost|p1a: Glimmora|spa|1
|-enditem|p1a: Glimmora|Power Herb
|-anim|p1a: Glimmora|Meteor Beam|p2a: Slowking
|-damage|p2a: Slowking|30/100
|move|p2a: Slowking|Toxic Spikes|p1a: Glimmora
|-sidestart|p1: Miurez|move: Toxic Spikes
|
|upkeep
|turn|2
|
|t:|1779805102
|switch|p2a: Ursaluna|Ursaluna, M|100/100
|move|p1a: Glimmora|Earth Power|p2a: Ursaluna
|-damage|p2a: Ursaluna|54/100
|
|upkeep
|turn|3
|
|t:|1779805118
|switch|p1a: Deoxys|Deoxys-Speed|100/100
|-status|p1a: Deoxys|psn
|-ability|p1a: Deoxys|Pressure
|move|p2a: Ursaluna|Headlong Rush|p1a: Deoxys
|-damage|p1a: Deoxys|23/100 psn
|-unboost|p2a: Ursaluna|def|1
|-unboost|p2a: Ursaluna|spd|1
|
|-damage|p1a: Deoxys|11/100 psn|[from] psn
|upkeep
|turn|4
|
|t:|1779805130
|switch|p2a: Slowking|Slowking-Galar, F|64/100
|move|p1a: Deoxys|Reflect|p1a: Deoxys
|-sidestart|p1: Miurez|Reflect
|
|-damage|p1a: Deoxys|0 fnt|[from] psn
|faint|p1a: Deoxys
|upkeep
|
|t:|1779805132
|switch|p1a: Glimmora|Glimmora, F|100/100
|-sideend|p1: Miurez|move: Toxic Spikes|[of] p1a: Glimmora
|turn|5
|
|t:|1779805153
|switch|p1a: Ceruledge|Ceruledge, F|100/100
|move|p2a: Slowking|Future Sight|p1a: Ceruledge
|-start|p2a: Slowking|move: Future Sight
|
|upkeep
|turn|6
|
|t:|1779805167
|move|p1a: Ceruledge|Swords Dance|p1a: Ceruledge
|-boost|p1a: Ceruledge|atk|2
|-prepare|p2a: Slowking|Chilly Reception|[premajor]
|move|p2a: Slowking|Chilly Reception|p2a: Slowking
|-weather|Snowscape
|
|t:|1779805187
|switch|p2a: Conkeldurr|Conkeldurr, F|100/100|[from] Chilly Reception
|
|-weather|Snowscape|[upkeep]
|upkeep
|turn|7
|
|t:|1779805191
|move|p1a: Ceruledge|Poltergeist|p2a: Conkeldurr
|-activate|p2a: Conkeldurr|move: Poltergeist|Assault Vest
|-damage|p2a: Conkeldurr|0 fnt
|faint|p2a: Conkeldurr
|-damage|p1a: Ceruledge|90/100|[from] item: Life Orb
|
|-weather|Snowscape|[upkeep]
|-end|p1a: Ceruledge|move: Future Sight
|-damage|p1a: Ceruledge|44/100
|upkeep
|
|t:|1779805202
|switch|p2a: Heracross|Heracross, M|100/100
|turn|8
|
|t:|1779805204
|move|p2a: Heracross|Earthquake|p1a: Ceruledge
|-supereffective|p1a: Ceruledge
|-damage|p1a: Ceruledge|0 fnt
|faint|p1a: Ceruledge
|
|-weather|Snowscape|[upkeep]
|upkeep
|
|t:|1779805215
|switch|p1a: Iron Valiant|Iron Valiant|100/100
|-enditem|p1a: Iron Valiant|Booster Energy
|-activate|p1a: Iron Valiant|ability: Quark Drive|[fromitem]
|-start|p1a: Iron Valiant|quarkdrivespe
|turn|9
|
|t:|1779805219
|switch|p2a: Slowking|Slowking-Galar, F|97/100
|move|p1a: Iron Valiant|Moonblast|p2a: Slowking
|-resisted|p2a: Slowking
|-damage|p2a: Slowking|79/100
|
|-weather|Snowscape|[upkeep]
|upkeep
|turn|10
|
|t:|1779805222
|move|p1a: Iron Valiant|Knock Off|p2a: Slowking
|-supereffective|p2a: Slowking
|-damage|p2a: Slowking|37/100
|-enditem|p2a: Slowking|Shuca Berry|[from] move: Knock Off|[of] p1a: Iron Valiant
|move|p2a: Slowking|Future Sight|p1a: Iron Valiant
|-start|p2a: Slowking|move: Future Sight
|
|-weather|none
|upkeep
|turn|11
|
|t:|1779805232
|move|p1a: Iron Valiant|Encore|p2a: Slowking
|-start|p2a: Slowking|Encore
|move|p2a: Slowking|Future Sight||[still]
|-fail|p2a: Slowking
|
|-sideend|p1: Miurez|Reflect
|upkeep
|turn|12
|
|t:|1779805255
|switch|p2a: Cinderace|Cinderace, F|100/100
|move|p1a: Iron Valiant|Knock Off|p2a: Cinderace
|-damage|p2a: Cinderace|59/100
|-enditem|p2a: Cinderace|Heavy-Duty Boots|[from] move: Knock Off|[of] p1a: Iron Valiant
|
|-end|p1a: Iron Valiant|move: Future Sight
|-supereffective|p1a: Iron Valiant
|-damage|p1a: Iron Valiant|0 fnt
|faint|p1a: Iron Valiant
|-end|p1a: Iron Valiant|Quark Drive|[silent]
|upkeep
|
|t:|1779805266
|switch|p1a: Glimmora|Glimmora, F|100/100
|turn|13
|
|t:|1779805272
|move|p2a: Cinderace|U-turn|p1a: Glimmora
|-resisted|p1a: Glimmora
|-damage|p1a: Glimmora|86/100
|-activate|p1a: Glimmora|ability: Toxic Debris
|-sidestart|p2: acad_aver|move: Toxic Spikes
|
|t:|1779805280
|switch|p2a: Heracross|Heracross, M|100/100|[from] U-turn
|-status|p2a: Heracross|psn
|move|p1a: Glimmora|Earth Power|p2a: Heracross
|-resisted|p2a: Heracross
|-damage|p2a: Heracross|81/100 psn
|
|-damage|p2a: Heracross|69/100 psn|[from] psn
|upkeep
|turn|14
|
|t:|1779805292
|switch|p1a: Zamazenta|Zamazenta|100/100
|-ability|p1a: Zamazenta|Dauntless Shield|boost
|-boost|p1a: Zamazenta|def|1
|move|p2a: Heracross|Earthquake|p1a: Zamazenta
|-damage|p1a: Zamazenta|76/100
|
|-heal|p1a: Zamazenta|82/100|[from] item: Leftovers
|-damage|p2a: Heracross|56/100 psn|[from] psn
|upkeep
|turn|15
|
|t:|1779805305
|switch|p2a: Slowking|Slowking-Galar, F|70/100
|-sideend|p2: acad_aver|move: Toxic Spikes|[of] p2a: Slowking
|move|p1a: Zamazenta|Body Press|p2a: Slowking
|-resisted|p2a: Slowking
|-damage|p2a: Slowking|61/100
|
|-heal|p1a: Zamazenta|88/100|[from] item: Leftovers
|upkeep
|turn|16
|
|t:|1779805308
|switch|p1a: Glimmora|Glimmora, F|86/100
|move|p2a: Slowking|Future Sight|p1a: Glimmora
|-start|p2a: Slowking|move: Future Sight
|
|upkeep
|turn|17
|
|t:|1779805315
|move|p1a: Glimmora|Stealth Rock|p2a: Slowking
|-sidestart|p2: acad_aver|move: Stealth Rock
|-prepare|p2a: Slowking|Chilly Reception|[premajor]
|move|p2a: Slowking|Chilly Reception|p2a: Slowking
|-weather|Snowscape
|
|t:|1779805324
|switch|p2a: Ursaluna|Ursaluna, M|54/100|[from] Chilly Reception
|-damage|p2a: Ursaluna|48/100|[from] Stealth Rock
|
|-weather|Snowscape|[upkeep]
|upkeep
|turn|18
|
|t:|1779805335
|move|p2a: Ursaluna|Headlong Rush|p1a: Glimmora
|-supereffective|p1a: Glimmora
|-damage|p1a: Glimmora|0 fnt
|-unboost|p2a: Ursaluna|def|1
|-unboost|p2a: Ursaluna|spd|1
|-activate|p1a: Glimmora|ability: Toxic Debris
|-sidestart|p2: acad_aver|move: Toxic Spikes
|faint|p1a: Glimmora
|
|-weather|Snowscape|[upkeep]
|-hint|Future Sight did not hit because the target is fainted.
|upkeep
|
|t:|1779805352
|switch|p1a: Zamazenta|Zamazenta|88/100
|turn|19
|
|t:|1779805362
|switch|p2a: Heracross|Heracross, M|56/100 psn
|-damage|p2a: Heracross|44/100 psn|[from] Stealth Rock
|move|p1a: Zamazenta|Crunch|p2a: Heracross
|-resisted|p2a: Heracross
|-damage|p2a: Heracross|28/100 psn
|
|-weather|Snowscape|[upkeep]
|-heal|p1a: Zamazenta|94/100|[from] item: Leftovers
|-damage|p2a: Heracross|16/100 psn|[from] psn
|upkeep
|turn|20
|
|t:|1779805368
|move|p2a: Heracross|Close Combat|p1a: Zamazenta
|-damage|p1a: Zamazenta|19/100
|-unboost|p2a: Heracross|def|1
|-unboost|p2a: Heracross|spd|1
|move|p1a: Zamazenta|Body Press|p2a: Heracross
|-resisted|p2a: Heracross
|-damage|p2a: Heracross|0 fnt
|faint|p2a: Heracross
|
|-weather|Snowscape|[upkeep]
|-heal|p1a: Zamazenta|25/100|[from] item: Leftovers
|upkeep
|
|t:|1779805376
|switch|p2a: Slowking|Slowking-Galar, F|94/100
|-damage|p2a: Slowking|81/100|[from] Stealth Rock
|-sideend|p2: acad_aver|move: Toxic Spikes|[of] p2a: Slowking
|turn|21
|
|t:|1779805383
|move|p1a: Zamazenta|Crunch|p2a: Slowking
|-supereffective|p2a: Slowking
|-damage|p2a: Slowking|52/100
|move|p2a: Slowking|Future Sight|p1a: Zamazenta
|-start|p2a: Slowking|move: Future Sight
|
|-weather|none
|-heal|p1a: Zamazenta|32/100|[from] item: Leftovers
|upkeep
|turn|22
|
|t:|1779805395
|move|p1a: Zamazenta|Crunch|p2a: Slowking
|-supereffective|p2a: Slowking
|-damage|p2a: Slowking|19/100
|-unboost|p2a: Slowking|def|1
|move|p2a: Slowking|Toxic Spikes|p1a: Zamazenta
|-sidestart|p1: Miurez|move: Toxic Spikes
|
|-heal|p1a: Zamazenta|38/100|[from] item: Leftovers
|upkeep
|turn|23
|
|t:|1779805403
|switch|p2a: Ursaluna|Ursaluna, M|48/100
|-damage|p2a: Ursaluna|41/100|[from] Stealth Rock
|move|p1a: Zamazenta|Body Press|p2a: Ursaluna
|-supereffective|p2a: Ursaluna
|-damage|p2a: Ursaluna|0 fnt
|faint|p2a: Ursaluna
|
|-end|p1a: Zamazenta|move: Future Sight
|-supereffective|p1a: Zamazenta
|-damage|p1a: Zamazenta|0 fnt
|faint|p1a: Zamazenta
|upkeep
|
|t:|1779805415
|switch|p1a: Ogerpon|Ogerpon-Wellspring, F|100/100
|switch|p2a: Cinderace|Cinderace, F|59/100
|-damage|p2a: Cinderace|34/100|[from] Stealth Rock
|-status|p1a: Ogerpon|psn
|turn|24
|
|t:|1779805421
|-terastallize|p1a: Ogerpon|Water
|detailschange|p1a: Ogerpon|Ogerpon-Wellspring-Tera, F, tera:Water
|-ability|p1a: Ogerpon|Embody Aspect (Wellspring)|boost
|-boost|p1a: Ogerpon|spd|1
|move|p2a: Cinderace|Pyro Ball|p1a: Ogerpon
|-resisted|p1a: Ogerpon
|-crit|p1a: Ogerpon
|-damage|p1a: Ogerpon|21/100 psn
|move|p1a: Ogerpon|Swords Dance|p1a: Ogerpon
|-boost|p1a: Ogerpon|atk|2
|
|-damage|p1a: Ogerpon|9/100 psn|[from] psn
|upkeep
|turn|25
|-message|Miurez forfeited.
|
|win|acad_aver
|raw|Miurez's rating: 1534 &rarr; <strong>1513</strong><br />(-21 for losing)
|raw|acad_aver's rating: 1513 &rarr; <strong>1534</strong><br />(+21 for winning)
|l|☆Miurez
|player|p1|
|l|☆acad_aver
|player|p2|
