|j|☆Rk Earth 9000
|j|☆matryoshcarnival
|t:|1779849520
|gametype|singles
|player|p1|Rk Earth 9000|volkner|1177
|player|p2|matryoshcarnival|lucas|1196
|gen|9
|tier|[Gen 9] OU
|rated|
|rule|HP Percentage Mod: HP is shown in percentages
|rule|Endless Battle Clause: Forcing endless battles is banned
|rule|Species Clause: Limit one of each Pokémon
|rule|OHKO Clause: OHKO moves are banned
|rule|Evasion Items Clause: Evasion items are banned
|rule|Evasion Moves Clause: Evasion moves are banned
|rule|Evasion Abilities Clause: Evasion abilities are banned
|rule|Sleep Moves Clause: Sleep-inducing moves are banned
|clearpoke
|poke|p1|Slowbro, F|
|poke|p1|Abomasnow, F|
|poke|p1|Araquanid, M|
|poke|p1|Jirachi|
|poke|p1|Tentacruel, F|
|poke|p1|Meowscarada, M|
|poke|p2|Kyurem|
|poke|p2|Corviknight, F|
|poke|p2|Ting-Lu|
|poke|p2|Dondozo, M|
|poke|p2|Slowking-Galar, F|
|poke|p2|Cinderace, M|
|teampreview
|inactive|Battle timer is ON: inactive players will automatically lose when time's up. (requested by matryoshcarnival)
|
|t:|1779849533
|teamsize|p1|6
|teamsize|p2|6
|start
|switch|p1a: Meowscarada|Meowscarada, M|100/100
|switch|p2a: Kyurem|Kyurem|100/100
|-ability|p2a: Kyurem|Pressure
|turn|1
|
|t:|1779849559
|move|p2a: Kyurem|Protect|p2a: Kyurem
|-singleturn|p2a: Kyurem|Protect
|move|p1a: Meowscarada|U-turn|p2a: Kyurem
|-start|p1a: Meowscarada|typechange|Bug|[from] ability: Protean
|-activate|p2a: Kyurem|move: Protect
|
|upkeep
|turn|2
|
|t:|1779849568
|move|p1a: Meowscarada|U-turn|p2a: Kyurem
|-damage|p2a: Kyurem|56/100
|
|t:|1779849571
|switch|p1a: Jirachi|Jirachi|100/100|[from] U-turn
|move|p2a: Kyurem|Substitute|p2a: Kyurem
|-start|p2a: Kyurem|Substitute
|-damage|p2a: Kyurem|31/100
|
|-heal|p2a: Kyurem|37/100|[from] item: Leftovers
|upkeep
|turn|3
|
|t:|1779849584
|move|p2a: Kyurem|Protect|p2a: Kyurem
|-singleturn|p2a: Kyurem|Protect
|move|p1a: Jirachi|Drain Punch|p2a: Kyurem
|-activate|p2a: Kyurem|move: Protect
|
|-heal|p2a: Kyurem|43/100|[from] item: Leftovers
|upkeep
|turn|4
|
|t:|1779849594
|move|p2a: Kyurem|Earth Power|p1a: Jirachi
|-supereffective|p1a: Jirachi
|-damage|p1a: Jirachi|46/100
|-enditem|p1a: Jirachi|Weakness Policy
|-boost|p1a: Jirachi|atk|2|[from] item: Weakness Policy
|-boost|p1a: Jirachi|spa|2|[from] item: Weakness Policy
|move|p1a: Jirachi|Drain Punch|p2a: Kyurem
|-supereffective|p2a: Kyurem
|-end|p2a: Kyurem|Substitute
|-heal|p1a: Jirachi|61/100|[from] drain|[of] p2a: Kyurem
|
|-heal|p2a: Kyurem|50/100|[from] item: Leftovers
|upkeep
|turn|5
|
|t:|1779849607
|move|p2a: Kyurem|Protect|p2a: Kyurem
|-singleturn|p2a: Kyurem|Protect
|move|p1a: Jirachi|Drain Punch|p2a: Kyurem
|-activate|p2a: Kyurem|move: Protect
|
|-heal|p2a: Kyurem|56/100|[from] item: Leftovers
|upkeep
|turn|6
|
|t:|1779849619
|-terastallize|p2a: Kyurem|Ground
|move|p2a: Kyurem|Earth Power|p1a: Jirachi
|-supereffective|p1a: Jirachi
|-damage|p1a: Jirachi|0 fnt
|faint|p1a: Jirachi
|
|-heal|p2a: Kyurem|62/100|[from] item: Leftovers
|upkeep
|
|t:|1779849641
|switch|p1a: Slowbro|Slowbro, F, shiny|100/100
|turn|7
|
|t:|1779849646
|move|p2a: Kyurem|Substitute|p2a: Kyurem
|-start|p2a: Kyurem|Substitute
|-damage|p2a: Kyurem|37/100
|move|p1a: Slowbro|Grass Knot|p2a: Kyurem
|-supereffective|p2a: Kyurem
|-end|p2a: Kyurem|Substitute
|
|-heal|p2a: Kyurem|43/100|[from] item: Leftovers
|upkeep
|turn|8
|
|t:|1779849657
|switch|p2a: Slowking|Slowking-Galar, F|100/100
|move|p1a: Slowbro|Grass Knot|p2a: Slowking
|-resisted|p2a: Slowking
|-damage|p2a: Slowking|89/100
|
|upkeep
|turn|9
|
|t:|1779849670
|switch|p1a: Tentacruel|Tentacruel, F, shiny|100/100
|move|p2a: Slowking|Toxic|p1a: Tentacruel
|-immune|p1a: Tentacruel
|
|upkeep
|turn|10
|inactive|Rk Earth 9000 has 120 seconds left.
|
|t:|1779849708
|move|p1a: Tentacruel|Toxic Spikes|p2a: Slowking
|-sidestart|p2: matryoshcarnival|move: Toxic Spikes
|move|p2a: Slowking|Future Sight|p1a: Tentacruel
|-start|p2a: Slowking|move: Future Sight
|
|upkeep
|turn|11
|
|t:|1779849725
|move|p1a: Tentacruel|Toxic Spikes|p2a: Slowking
|-sidestart|p2: matryoshcarnival|move: Toxic Spikes
|-prepare|p2a: Slowking|Chilly Reception|[premajor]
|move|p2a: Slowking|Chilly Reception|p2a: Slowking
|-weather|Snowscape
|
|t:|1779849727
|switch|p2a: Cinderace|Cinderace, M|100/100|[from] Chilly Reception
|
|-weather|Snowscape|[upkeep]
|upkeep
|turn|12
|inactive|Rk Earth 9000 has 120 seconds left.
|
|t:|1779849738
|switch|p1a: Araquanid|Araquanid, M, shiny|100/100
|move|p2a: Cinderace|U-turn|p1a: Araquanid
|-damage|p1a: Araquanid|75/100
|
|t:|1779849750
|switch|p2a: Slowking|Slowking-Galar, F|100/100|[from] U-turn
|-sideend|p2: matryoshcarnival|move: Toxic Spikes|[of] p2a: Slowking
|
|-weather|Snowscape|[upkeep]
|-end|p1a: Araquanid|move: Future Sight
|-damage|p1a: Araquanid|28/100
|upkeep
|turn|13
|
|t:|1779849759
|move|p1a: Araquanid|Liquidation|p2a: Slowking
|-damage|p2a: Slowking|0 fnt
|faint|p2a: Slowking
|
|-weather|Snowscape|[upkeep]
|upkeep
|
|t:|1779849767
|switch|p2a: Kyurem|Kyurem, tera:Ground|43/100
|-ability|p2a: Kyurem|Pressure
|turn|14
|
|t:|1779849772
|move|p2a: Kyurem|Freeze-Dry|p1a: Araquanid
|-supereffective|p1a: Araquanid
|-damage|p1a: Araquanid|0 fnt
|faint|p1a: Araquanid
|
|-weather|Snowscape|[upkeep]
|-heal|p2a: Kyurem|49/100|[from] item: Leftovers
|upkeep
|
|t:|1779849782
|switch|p1a: Meowscarada|Meowscarada, M|100/100
|turn|15
|
|t:|1779849791
|switch|p2a: Corviknight|Corviknight, F|100/100
|-ability|p2a: Corviknight|Pressure
|move|p1a: Meowscarada|Flower Trick|p2a: Corviknight
|-start|p1a: Meowscarada|typechange|Grass|[from] ability: Protean
|-resisted|p2a: Corviknight
|-crit|p2a: Corviknight
|-damage|p2a: Corviknight|90/100
|
|-weather|none
|upkeep
|turn|16
|
|t:|1779849802
|switch|p1a: Slowbro|Slowbro, F, shiny|100/100
|move|p2a: Corviknight|U-turn|p1a: Slowbro
|-supereffective|p1a: Slowbro
|-damage|p1a: Slowbro|75/100
|inactive|matryoshcarnival has 120 seconds left.
|
|t:|1779849845
|switch|p2a: Dondozo|Dondozo, M|100/100|[from] U-turn
|
|upkeep
|turn|17
|
|t:|1779849853
|move|p2a: Dondozo|Curse|p2a: Dondozo
|-unboost|p2a: Dondozo|spe|1
|-boost|p2a: Dondozo|atk|1
|-boost|p2a: Dondozo|def|1
|move|p1a: Slowbro|Grass Knot|p2a: Dondozo
|-supereffective|p2a: Dondozo
|-damage|p2a: Dondozo|0 fnt
|faint|p2a: Dondozo
|
|upkeep
|inactive|matryoshcarnival has 120 seconds left.
|
|t:|1779849866
|switch|p2a: Ting-Lu|Ting-Lu|100/100
|-ability|p2a: Ting-Lu|Vessel of Ruin
|turn|18
|
|t:|1779849874
|switch|p1a: Meowscarada|Meowscarada, M|100/100
|move|p2a: Ting-Lu|Ruination|p1a: Meowscarada
|-damage|p1a: Meowscarada|51/100
|
|upkeep
|turn|19
|
|t:|1779849888
|switch|p2a: Corviknight|Corviknight, F|90/100
|-ability|p2a: Corviknight|Pressure
|move|p1a: Meowscarada|U-turn|p2a: Corviknight
|-start|p1a: Meowscarada|typechange|Bug|[from] ability: Protean
|-resisted|p2a: Corviknight
|-damage|p2a: Corviknight|84/100
|-damage|p1a: Meowscarada|34/100|[from] item: Rocky Helmet|[of] p2a: Corviknight
|
|t:|1779849905
|switch|p1a: Slowbro|Slowbro, F, shiny|100/100|[from] U-turn
|
|upkeep
|turn|20
|
|t:|1779849915
|move|p2a: Corviknight|U-turn|p1a: Slowbro
|-supereffective|p1a: Slowbro
|-damage|p1a: Slowbro|76/100
|
|t:|1779849917
|switch|p2a: Ting-Lu|Ting-Lu|100/100|[from] U-turn
|-ability|p2a: Ting-Lu|Vessel of Ruin
|move|p1a: Slowbro|Hydro Pump|p2a: Ting-Lu
|-supereffective|p2a: Ting-Lu
|-damage|p2a: Ting-Lu|29/100
|
|-heal|p2a: Ting-Lu|36/100|[from] item: Leftovers
|upkeep
|turn|21
|
|t:|1779849929
|move|p2a: Ting-Lu|Ruination|p1a: Slowbro
|-damage|p1a: Slowbro|38/100
|move|p1a: Slowbro|Hydro Pump|p2a: Ting-Lu
|-supereffective|p2a: Ting-Lu
|-damage|p2a: Ting-Lu|0 fnt
|faint|p2a: Ting-Lu
|
|upkeep
|
|t:|1779849933
|switch|p2a: Kyurem|Kyurem, tera:Ground|49/100
|-ability|p2a: Kyurem|Pressure
|turn|22
|
|t:|1779849951
|-terastallize|p1a: Slowbro|Ice
|move|p2a: Kyurem|Freeze-Dry|p1a: Slowbro
|-resisted|p1a: Slowbro
|-damage|p1a: Slowbro|20/100
|move|p1a: Slowbro|Hydro Pump|p2a: Kyurem
|-supereffective|p2a: Kyurem
|-damage|p2a: Kyurem|0 fnt
|faint|p2a: Kyurem
|
|upkeep
|
|t:|1779849968
|switch|p2a: Cinderace|Cinderace, M|100/100
|turn|23
|
|t:|1779849972
|move|p2a: Cinderace|Pyro Ball|p1a: Slowbro
|-supereffective|p1a: Slowbro
|-damage|p1a: Slowbro|0 fnt
|faint|p1a: Slowbro
|
|upkeep
|
|t:|1779849978
|switch|p1a: Tentacruel|Tentacruel, F, shiny|100/100
|turn|24
|
|t:|1779849983
|move|p2a: Cinderace|U-turn|p1a: Tentacruel
|-resisted|p1a: Tentacruel
|-crit|p1a: Tentacruel
|-damage|p1a: Tentacruel|86/100
|-damage|p2a: Cinderace|84/100|[from] item: Rocky Helmet|[of] p1a: Tentacruel
|
|t:|1779849985
|switch|p2a: Corviknight|Corviknight, F|84/100|[from] U-turn
|-ability|p2a: Corviknight|Pressure
|move|p1a: Tentacruel|Toxic|p2a: Corviknight
|-immune|p2a: Corviknight
|
|upkeep
|turn|25
|
|t:|1779849994
|move|p1a: Tentacruel|Toxic Spikes|p2a: Corviknight
|-sidestart|p2: matryoshcarnival|move: Toxic Spikes
|move|p2a: Corviknight|Brave Bird|p1a: Tentacruel
|-damage|p1a: Tentacruel|50/100
|-damage|p2a: Corviknight|67/100|[from] item: Rocky Helmet|[of] p1a: Tentacruel
|-damage|p2a: Corviknight|58/100|[from] Recoil
|
|upkeep
|turn|26
|inactive|matryoshcarnival has 120 seconds left.
|
|t:|1779850040
|move|p1a: Tentacruel|Rapid Spin|p2a: Corviknight
|-resisted|p2a: Corviknight
|-damage|p2a: Corviknight|56/100
|-boost|p1a: Tentacruel|spe|1
|-damage|p1a: Tentacruel|33/100|[from] item: Rocky Helmet|[of] p2a: Corviknight
|move|p2a: Corviknight|Brave Bird|p1a: Tentacruel
|-damage|p1a: Tentacruel|0 fnt
|-damage|p2a: Corviknight|39/100|[from] item: Rocky Helmet|[of] p1a: Tentacruel
|faint|p1a: Tentacruel
|-damage|p2a: Corviknight|31/100|[from] Recoil
|
|upkeep
|inactive|Rk Earth 9000 has 120 seconds left.
|
|t:|1779850080
|switch|p1a: Abomasnow|Abomasnow, F, shiny|100/100
|-weather|Snowscape|[from] ability: Snow Warning|[of] p1a: Abomasnow
|turn|27
|
|t:|1779850088
|move|p2a: Corviknight|Roost|p2a: Corviknight
|-heal|p2a: Corviknight|81/100
|-singleturn|p2a: Corviknight|move: Roost
|move|p1a: Abomasnow|Aurora Veil|p1a: Abomasnow
|-sidestart|p1: Rk Earth 9000|move: Aurora Veil
|
|-weather|Snowscape|[upkeep]
|upkeep
|turn|28
|inactive|matryoshcarnival has 120 seconds left.
|inactive|matryoshcarnival has 90 seconds left.
|
|t:|1779850131
|move|p2a: Corviknight|Brave Bird|p1a: Abomasnow
|-supereffective|p1a: Abomasnow
|-damage|p1a: Abomasnow|77/100
|-damage|p2a: Corviknight|75/100|[from] Recoil
|move|p1a: Abomasnow|Leech Seed|p2a: Corviknight
|-start|p2a: Corviknight|move: Leech Seed
|
|-weather|Snowscape|[upkeep]
|-damage|p2a: Corviknight|62/100|[from] Leech Seed|[of] p1a: Abomasnow
|-heal|p1a: Abomasnow|92/100|[silent]
|upkeep
|turn|29
|
|t:|1779850148
|move|p2a: Corviknight|Defog|p1a: Abomasnow
|-unboost|p1a: Abomasnow|evasion|1
|-sideend|p1: Rk Earth 9000|move: Aurora Veil
|-sideend|p2: matryoshcarnival|Toxic Spikes|[from] move: Defog|[of] p2a: Corviknight
|move|p1a: Abomasnow|Earthquake|p2a: Corviknight
|-immune|p2a: Corviknight
|
|-weather|Snowscape|[upkeep]
|-damage|p2a: Corviknight|50/100|[from] Leech Seed|[of] p1a: Abomasnow
|-heal|p1a: Abomasnow|100/100|[silent]
|upkeep
|turn|30
|
|t:|1779850162
|move|p2a: Corviknight|Roost|p2a: Corviknight
|-heal|p2a: Corviknight|99/100
|-singleturn|p2a: Corviknight|move: Roost
|move|p1a: Abomasnow|Aurora Veil|p1a: Abomasnow
|-sidestart|p1: Rk Earth 9000|move: Aurora Veil
|
|-weather|Snowscape|[upkeep]
|-damage|p2a: Corviknight|88/100|[from] Leech Seed|[of] p1a: Abomasnow
|upkeep
|turn|31
|
|t:|1779850173
|switch|p2a: Cinderace|Cinderace, M|84/100
|switch|p1a: Meowscarada|Meowscarada, M|34/100
|
|-weather|none
|upkeep
|turn|32
|
|t:|1779850192
|switch|p2a: Corviknight|Corviknight, F|88/100
|-ability|p2a: Corviknight|Pressure
|move|p1a: Meowscarada|Knock Off|p2a: Corviknight
|-start|p1a: Meowscarada|typechange|Dark|[from] ability: Protean
|-damage|p2a: Corviknight|46/100
|-damage|p1a: Meowscarada|18/100|[from] item: Rocky Helmet|[of] p2a: Corviknight
|-enditem|p2a: Corviknight|Rocky Helmet|[from] move: Knock Off|[of] p1a: Meowscarada
|
|upkeep
|turn|33
|
|t:|1779850209
|move|p1a: Meowscarada|Knock Off|p2a: Corviknight
|-damage|p2a: Corviknight|18/100
|move|p2a: Corviknight|Roost|p2a: Corviknight
|-heal|p2a: Corviknight|68/100
|-singleturn|p2a: Corviknight|move: Roost
|
|upkeep
|turn|34
|
|t:|1779850218
|switch|p1a: Abomasnow|Abomasnow, F, shiny|100/100
|-weather|Snowscape|[from] ability: Snow Warning|[of] p1a: Abomasnow
|move|p2a: Corviknight|Roost|p2a: Corviknight
|-heal|p2a: Corviknight|100/100
|-singleturn|p2a: Corviknight|move: Roost
|
|-weather|Snowscape|[upkeep]
|upkeep
|turn|35
|inactive|matryoshcarnival has 120 seconds left.
|
|t:|1779850231
|switch|p2a: Cinderace|Cinderace, M|84/100
|move|p1a: Abomasnow|Earthquake|p2a: Cinderace
|-supereffective|p2a: Cinderace
|-damage|p2a: Cinderace|33/100
|
|-weather|Snowscape|[upkeep]
|upkeep
|turn|36
|inactive|matryoshcarnival has 120 seconds left.
|
|t:|1779850249
|move|p2a: Cinderace|Will-O-Wisp|p1a: Abomasnow
|-status|p1a: Abomasnow|brn
|move|p1a: Abomasnow|Earthquake|p2a: Cinderace
|-supereffective|p2a: Cinderace
|-damage|p2a: Cinderace|8/100
|
|-weather|Snowscape|[upkeep]
|-damage|p1a: Abomasnow|94/100 brn|[from] brn
|upkeep
|turn|37
|inactive|matryoshcarnival has 120 seconds left.
|
|t:|1779850259
|move|p2a: Cinderace|Pyro Ball|p1a: Abomasnow
|-supereffective|p1a: Abomasnow
|-damage|p1a: Abomasnow|1/100 brn
|move|p1a: Abomasnow|Leech Seed|p2a: Cinderace
|-start|p2a: Cinderace|move: Leech Seed
|
|-weather|Snowscape|[upkeep]
|-damage|p2a: Cinderace|0 fnt|[from] Leech Seed|[of] p1a: Abomasnow
|-heal|p1a: Abomasnow|10/100 brn|[silent]
|faint|p2a: Cinderace
|-damage|p1a: Abomasnow|4/100 brn|[from] brn
|-sideend|p1: Rk Earth 9000|move: Aurora Veil
|upkeep
|inactive|matryoshcarnival has 120 seconds left.
|
|t:|1779850271
|switch|p2a: Corviknight|Corviknight, F|100/100
|-ability|p2a: Corviknight|Pressure
|turn|38
|
|t:|1779850277
|move|p2a: Corviknight|U-turn|p1a: Abomasnow
|-supereffective|p1a: Abomasnow
|-damage|p1a: Abomasnow|0 fnt
|faint|p1a: Abomasnow
|
|-weather|none
|upkeep
|
|t:|1779850283
|switch|p1a: Meowscarada|Meowscarada, M|18/100
|turn|39
|inactive|Rk Earth 9000 has 120 seconds left.
|
|t:|1779850295
|move|p1a: Meowscarada|Triple Axel|p2a: Corviknight
|-start|p1a: Meowscarada|typechange|Ice|[from] ability: Protean
|-damage|p2a: Corviknight|92/100
|-damage|p2a: Corviknight|75/100
|-damage|p2a: Corviknight|50/100
|-hitcount|p2a: Corviknight|3
|move|p2a: Corviknight|Brave Bird|p1a: Meowscarada
|-damage|p1a: Meowscarada|0 fnt
|faint|p1a: Meowscarada
|-damage|p2a: Corviknight|46/100|[from] Recoil
|
|win|matryoshcarnival
|raw|Rk Earth 9000's rating: 1177 &rarr; <strong>1153</strong><br />(-24 for losing)
|raw|matryoshcarnival's rating: 1189 &rarr; <strong>1213</strong><br />(+24 for winning)
|c|☆Rk Earth 9000|Gg
|l|☆Rk Earth 9000
|player|p1|
|l|☆matryoshcarnival
|player|p2|
