|j|☆0a9b8c
|j|☆vanzman74
|t:|1779895255
|gametype|singles
|player|p1|0a9b8c|2|1324
|player|p2|vanzman74|102|1235
|gen|9
|tier|[Gen 9] OU
|rated|
|rule|HP Percentage Mod: HP is shown in percentages
|rule|Endless Battle Clause: Forcing endless battles is banned
|rule|Species Clause: Limit one of each Pokémon
|rule|OHKO Clause: OHKO moves are banned
|rule|Evasion Items Clause: Evasion items are banned
|rule|Evasion Moves Clause: Evasion moves are banned
|rule|Evasion Abilities Clause: Evasion abilities are banned
|rule|Sleep Moves Clause: Sleep-inducing moves are banned
|clearpoke
|poke|p1|Skeledirge, M|
|poke|p1|Ogerpon-Wellspring, F|
|poke|p1|Dragapult, F|
|poke|p1|Weezing-Galar, F|
|poke|p1|Ting-Lu|
|poke|p1|Corviknight, M|
|poke|p2|Iron Moth|
|poke|p2|Clefable, F|
|poke|p2|Moltres|
|poke|p2|Mew|
|poke|p2|Ceruledge, F|
|poke|p2|Ogerpon-Wellspring, F|
|teampreview
|inactive|Battle timer is ON: inactive players will automatically lose when time's up. (requested by vanzman74)
|
|t:|1779895266
|teamsize|p1|6
|teamsize|p2|6
|start
|switch|p1a: Ogerpon|Ogerpon-Wellspring, F|100/100
|switch|p2a: Mew|Mew|100/100
|turn|1
|
|t:|1779895290
|move|p2a: Mew|Taunt|p1a: Ogerpon
|-start|p1a: Ogerpon|move: Taunt
|move|p1a: Ogerpon|Knock Off|p2a: Mew
|-supereffective|p2a: Mew
|-damage|p2a: Mew|47/100
|-enditem|p2a: Mew|Heavy-Duty Boots|[from] move: Knock Off|[of] p1a: Ogerpon
|
|upkeep
|turn|2
|
|t:|1779895297
|move|p2a: Mew|Stealth Rock|p1a: Ogerpon
|-sidestart|p1: 0a9b8c|move: Stealth Rock
|move|p1a: Ogerpon|Ivy Cudgel|p2a: Mew|[anim] Ivy Cudgel Water
|-damage|p2a: Mew|0 fnt
|faint|p2a: Mew
|
|upkeep
|
|t:|1779895302
|switch|p2a: Iron Moth|Iron Moth|100/100
|turn|3
|
|t:|1779895312
|switch|p1a: Ting-Lu|Ting-Lu, shiny|100/100
|-damage|p1a: Ting-Lu|94/100|[from] Stealth Rock
|-ability|p1a: Ting-Lu|Vessel of Ruin
|move|p2a: Iron Moth|Overheat|p1a: Ting-Lu|[miss]
|-miss|p2a: Iron Moth|p1a: Ting-Lu
|
|-heal|p1a: Ting-Lu|100/100|[from] item: Leftovers
|upkeep
|turn|4
|
|t:|1779895324
|-end|p2a: Iron Moth|Quark Drive|[silent]
|switch|p2a: Ogerpon|Ogerpon-Wellspring, F|100/100
|move|p1a: Ting-Lu|Stealth Rock|p2a: Ogerpon
|-sidestart|p2: vanzman74|move: Stealth Rock
|
|upkeep
|turn|5
|inactive|0a9b8c has 120 seconds left.
|
|t:|1779895360
|switch|p1a: Corviknight|Corviknight, M|100/100
|-damage|p1a: Corviknight|88/100|[from] Stealth Rock
|-ability|p1a: Corviknight|Pressure
|move|p2a: Ogerpon|Swords Dance|p2a: Ogerpon
|-boost|p2a: Ogerpon|atk|2
|
|upkeep
|turn|6
|
|t:|1779895367
|move|p2a: Ogerpon|Ivy Cudgel|p1a: Corviknight|[anim] Ivy Cudgel Water
|-damage|p1a: Corviknight|21/100
|move|p1a: Corviknight|Iron Defense|p1a: Corviknight
|-boost|p1a: Corviknight|def|2
|
|upkeep
|turn|7
|
|t:|1779895374
|move|p2a: Ogerpon|Ivy Cudgel|p1a: Corviknight|[anim] Ivy Cudgel Water
|-damage|p1a: Corviknight|0 fnt
|faint|p1a: Corviknight
|
|upkeep
|
|t:|1779895381
|switch|p1a: Skeledirge|Skeledirge, M|100/100
|turn|8
|
|t:|1779895389
|-terastallize|p1a: Skeledirge|Dark
|move|p2a: Ogerpon|Ivy Cudgel|p1a: Skeledirge|[anim] Ivy Cudgel Water
|-damage|p1a: Skeledirge|52/100
|move|p1a: Skeledirge|Will-O-Wisp|p2a: Ogerpon
|-status|p2a: Ogerpon|brn
|
|-damage|p2a: Ogerpon|95/100 brn|[from] brn
|upkeep
|turn|9
|
|t:|1779895397
|move|p2a: Ogerpon|Ivy Cudgel|p1a: Skeledirge|[anim] Ivy Cudgel Water
|-damage|p1a: Skeledirge|30/100
|move|p1a: Skeledirge|Slack Off|p1a: Skeledirge
|-heal|p1a: Skeledirge|80/100
|
|-damage|p2a: Ogerpon|89/100 brn|[from] brn
|upkeep
|turn|10
|
|t:|1779895409
|switch|p2a: Clefable|Clefable, F|100/100
|move|p1a: Skeledirge|Torch Song|p2a: Clefable
|-damage|p2a: Clefable|82/100
|-boost|p1a: Skeledirge|spa|1
|
|-heal|p2a: Clefable|88/100|[from] item: Leftovers
|upkeep
|turn|11
|
|t:|1779895420
|switch|p1a: Weezing|Weezing-Galar, F|100/100
|-ability|p1a: Weezing|Neutralizing Gas
|move|p2a: Clefable|Thunder Wave|p1a: Weezing
|-status|p1a: Weezing|par
|
|-heal|p2a: Clefable|94/100|[from] item: Leftovers
|upkeep
|turn|12
|
|t:|1779895426
|switch|p2a: Iron Moth|Iron Moth|100/100
|-damage|p2a: Iron Moth|76/100|[from] Stealth Rock
|cant|p1a: Weezing|par
|
|upkeep
|turn|13
|
|t:|1779895437
|-end|p1a: Weezing|ability: Neutralizing Gas
|switch|p1a: Ting-Lu|Ting-Lu, shiny|100/100
|-damage|p1a: Ting-Lu|94/100|[from] Stealth Rock
|-ability|p1a: Ting-Lu|Vessel of Ruin
|move|p2a: Iron Moth|Overheat|p1a: Ting-Lu
|-damage|p1a: Ting-Lu|52/100
|-unboost|p2a: Iron Moth|spa|2
|
|-heal|p1a: Ting-Lu|58/100|[from] item: Leftovers
|upkeep
|turn|14
|
|t:|1779895449
|-end|p2a: Iron Moth|Quark Drive|[silent]
|switch|p2a: Ogerpon|Ogerpon-Wellspring, F|89/100 brn
|-damage|p2a: Ogerpon|76/100 brn|[from] Stealth Rock
|move|p1a: Ting-Lu|Earthquake|p2a: Ogerpon
|-resisted|p2a: Ogerpon
|-damage|p2a: Ogerpon|50/100 brn
|
|-heal|p1a: Ting-Lu|64/100|[from] item: Leftovers
|-damage|p2a: Ogerpon|44/100 brn|[from] brn
|upkeep
|turn|15
|
|t:|1779895459
|switch|p2a: Iron Moth|Iron Moth|76/100
|-damage|p2a: Iron Moth|51/100|[from] Stealth Rock
|switch|p1a: Ogerpon|Ogerpon-Wellspring, F|100/100
|-damage|p1a: Ogerpon|88/100|[from] Stealth Rock
|
|upkeep
|turn|16
|
|t:|1779895465
|switch|p1a: Ting-Lu|Ting-Lu, shiny|64/100
|-damage|p1a: Ting-Lu|58/100|[from] Stealth Rock
|-ability|p1a: Ting-Lu|Vessel of Ruin
|move|p2a: Iron Moth|Overheat|p1a: Ting-Lu
|-damage|p1a: Ting-Lu|15/100
|-unboost|p2a: Iron Moth|spa|2
|
|-heal|p1a: Ting-Lu|21/100|[from] item: Leftovers
|upkeep
|turn|17
|
|t:|1779895473
|move|p2a: Iron Moth|Overheat|p1a: Ting-Lu
|-damage|p1a: Ting-Lu|0 fnt
|-unboost|p2a: Iron Moth|spa|2
|faint|p1a: Ting-Lu
|
|upkeep
|
|t:|1779895478
|switch|p1a: Dragapult|Dragapult, F|100/100
|-damage|p1a: Dragapult|88/100|[from] Stealth Rock
|turn|18
|
|t:|1779895482
|-end|p2a: Iron Moth|Quark Drive|[silent]
|switch|p2a: Clefable|Clefable, F|94/100
|move|p1a: Dragapult|Shadow Ball|p2a: Clefable
|-damage|p2a: Clefable|57/100
|-unboost|p2a: Clefable|spd|1
|
|-heal|p2a: Clefable|63/100|[from] item: Leftovers
|upkeep
|turn|19
|
|t:|1779895488
|move|p1a: Dragapult|Shadow Ball|p2a: Clefable
|-damage|p2a: Clefable|12/100
|move|p2a: Clefable|Moonblast|p1a: Dragapult
|-supereffective|p1a: Dragapult
|-damage|p1a: Dragapult|0 fnt
|faint|p1a: Dragapult
|
|-heal|p2a: Clefable|18/100|[from] item: Leftovers
|upkeep
|
|t:|1779895491
|switch|p1a: Ogerpon|Ogerpon-Wellspring, F|88/100
|-damage|p1a: Ogerpon|76/100|[from] Stealth Rock
|turn|20
|
|t:|1779895503
|move|p2a: Clefable|Protect|p2a: Clefable
|-singleturn|p2a: Clefable|Protect
|move|p1a: Ogerpon|Knock Off|p2a: Clefable
|-activate|p2a: Clefable|move: Protect
|
|-heal|p2a: Clefable|24/100|[from] item: Leftovers
|upkeep
|turn|21
|
|t:|1779895508
|switch|p2a: Ogerpon|Ogerpon-Wellspring, F|44/100 brn
|-damage|p2a: Ogerpon|31/100 brn|[from] Stealth Rock
|move|p1a: Ogerpon|Ivy Cudgel|p2a: Ogerpon|[anim] Ivy Cudgel Water
|-heal|p2a: Ogerpon|56/100 brn|[from] ability: Water Absorb|[of] p1a: Ogerpon
|
|-damage|p2a: Ogerpon|50/100 brn|[from] brn
|upkeep
|turn|22
|
|t:|1779895519
|move|p2a: Ogerpon|Swords Dance|p2a: Ogerpon
|-boost|p2a: Ogerpon|atk|2
|move|p1a: Ogerpon|Spikes|p2a: Ogerpon
|-sidestart|p2: vanzman74|Spikes
|
|-damage|p2a: Ogerpon|44/100 brn|[from] brn
|upkeep
|turn|23
|
|t:|1779895532
|switch|p1a: Skeledirge|Skeledirge, M, tera:Dark|80/100
|move|p2a: Ogerpon|Knock Off|p1a: Skeledirge
|-resisted|p1a: Skeledirge
|-damage|p1a: Skeledirge|72/100
|-enditem|p1a: Skeledirge|Heavy-Duty Boots|[from] move: Knock Off|[of] p2a: Ogerpon
|
|-damage|p2a: Ogerpon|38/100 brn|[from] brn
|upkeep
|turn|24
|
|t:|1779895538
|move|p2a: Ogerpon|Ivy Cudgel|p1a: Skeledirge|[anim] Ivy Cudgel Water
|-damage|p1a: Skeledirge|47/100
|move|p1a: Skeledirge|Torch Song|p2a: Ogerpon
|-damage|p2a: Ogerpon|5/100 brn
|-boost|p1a: Skeledirge|spa|1
|
|-damage|p2a: Ogerpon|0 fnt|[from] brn
|faint|p2a: Ogerpon
|upkeep
|
|t:|1779895548
|switch|p2a: Iron Moth|Iron Moth|51/100
|-damage|p2a: Iron Moth|26/100|[from] Stealth Rock
|-damage|p2a: Iron Moth|13/100|[from] Spikes
|turn|25
|
|t:|1779895555
|switch|p1a: Weezing|Weezing-Galar, F|100/100 par
|-ability|p1a: Weezing|Neutralizing Gas
|move|p2a: Iron Moth|Overheat|p1a: Weezing
|-damage|p1a: Weezing|0 fnt
|-unboost|p2a: Iron Moth|spa|2
|faint|p1a: Weezing
|-end|p1a: Weezing|ability: Neutralizing Gas
|
|upkeep
|
|t:|1779895557
|switch|p1a: Ogerpon|Ogerpon-Wellspring, F|76/100
|-damage|p1a: Ogerpon|63/100|[from] Stealth Rock
|turn|26
|
|t:|1779895562
|move|p2a: Iron Moth|Overheat|p1a: Ogerpon|[miss]
|-miss|p2a: Iron Moth|p1a: Ogerpon
|move|p1a: Ogerpon|Ivy Cudgel|p2a: Iron Moth|[anim] Ivy Cudgel Water
|-supereffective|p2a: Iron Moth
|-damage|p2a: Iron Moth|0 fnt
|faint|p2a: Iron Moth
|-end|p2a: Iron Moth|Quark Drive|[silent]
|
|upkeep
|
|t:|1779895572
|switch|p2a: Ceruledge|Ceruledge, F|100/100
|-damage|p2a: Ceruledge|76/100|[from] Stealth Rock
|-damage|p2a: Ceruledge|63/100|[from] Spikes
|turn|27
|
|t:|1779895578
|-terastallize|p2a: Ceruledge|Ghost
|move|p1a: Ogerpon|Ivy Cudgel|p2a: Ceruledge|[anim] Ivy Cudgel Water
|-damage|p2a: Ceruledge|0 fnt
|faint|p2a: Ceruledge
|
|upkeep
|
|t:|1779895585
|switch|p2a: Clefable|Clefable, F|24/100
|turn|28
|
|t:|1779895586
|move|p2a: Clefable|Protect|p2a: Clefable
|-singleturn|p2a: Clefable|Protect
|move|p1a: Ogerpon|Ivy Cudgel|p2a: Clefable|[anim] Ivy Cudgel Water
|-activate|p2a: Clefable|move: Protect
|
|-heal|p2a: Clefable|30/100|[from] item: Leftovers
|upkeep
|turn|29
|
|t:|1779895591
|move|p1a: Ogerpon|Ivy Cudgel|p2a: Clefable|[anim] Ivy Cudgel Water
|-damage|p2a: Clefable|0 fnt
|faint|p2a: Clefable
|
|upkeep
|
|t:|1779895593
|switch|p2a: Moltres|Moltres|100/100
|-damage|p2a: Moltres|50/100|[from] Stealth Rock
|turn|30
|
|t:|1779895596
|move|p1a: Ogerpon|Ivy Cudgel|p2a: Moltres|[anim] Ivy Cudgel Water
|-supereffective|p2a: Moltres
|-damage|p2a: Moltres|0 fnt
|faint|p2a: Moltres
|
|win|0a9b8c
|raw|0a9b8c's rating: 1324 &rarr; <strong>1339</strong><br />(+15 for winning)
|raw|vanzman74's rating: 1235 &rarr; <strong>1216</strong><br />(-19 for losing)
|l|☆vanzman74
|player|p2|
