|j|☆A05236
|j|☆Abyssal Bot
|t:|1779821288
|gametype|singles
|player|p1|A05236|265|
|player|p2|Abyssal Bot|supernerd|
|teamsize|p1|6
|teamsize|p2|6
|gen|9
|tier|[Gen 9] OU
|rule|Species Clause: Limit one of each Pokémon
|rule|OHKO Clause: OHKO moves are banned
|rule|Evasion Items Clause: Evasion items are banned
|rule|Evasion Moves Clause: Evasion moves are banned
|rule|Endless Battle Clause: Forcing endless battles is banned
|rule|HP Percentage Mod: HP is shown in percentages
|rule|Sleep Moves Clause: Sleep-inducing moves are banned
|clearpoke
|poke|p1|Espeon, M|
|poke|p1|Azumarill, M|
|poke|p1|Altaria, F|
|poke|p1|Minun, F|
|poke|p1|Hitmonlee, M|
|poke|p1|Mew|
|poke|p2|Gliscor, M|
|poke|p2|Alomomola, F|
|poke|p2|Gholdengo|
|poke|p2|Hoopa-Unbound|
|poke|p2|Cinderace, M|
|poke|p2|Zamazenta-*|
|teampreview
|c|☆Abyssal Bot|**WARNING**: Expect much hax.
|inactive|Battle timer is ON: inactive players will automatically lose when time's up. (requested by Abyssal Bot)
|j|*Turbo Bottttt
|
|t:|1779821292
|start
|switch|p1a: Espeon|Espeon, M|100/100
|switch|p2a: Gliscor|Gliscor, M|100/100
|turn|1
|
|t:|1779821295
|switch|p2a: Hoopa|Hoopa-Unbound|100/100
|move|p1a: Espeon|Reflect|p1a: Espeon
|-sidestart|p1: A05236|Reflect
|
|upkeep
|turn|2
|
|t:|1779821299
|move|p1a: Espeon|Light Screen|p1a: Espeon
|-sidestart|p1: A05236|move: Light Screen
|move|p2a: Hoopa|Knock Off|p1a: Espeon
|-supereffective|p1a: Espeon
|-damage|p1a: Espeon|20/100
|-enditem|p1a: Espeon|Light Clay|[from] move: Knock Off|[of] p2a: Hoopa
|
|upkeep
|turn|3
|
|t:|1779821301
|move|p1a: Espeon|Thunder Wave|p2a: Hoopa
|-status|p2a: Hoopa|par
|move|p2a: Hoopa|Thunderbolt|p1a: Espeon
|-damage|p1a: Espeon|1/100
|
|upkeep
|turn|4
|
|t:|1779821305
|move|p1a: Espeon|Psychic Noise|p2a: Hoopa
|-immune|p2a: Hoopa
|cant|p2a: Hoopa|par
|
|upkeep
|turn|5
|
|t:|1779821307
|move|p1a: Espeon|Psychic Noise|p2a: Hoopa
|-immune|p2a: Hoopa
|cant|p2a: Hoopa|par
|
|upkeep
|turn|6
|
|t:|1779821309
|move|p1a: Espeon|Psychic Noise|p2a: Hoopa
|-immune|p2a: Hoopa
|move|p2a: Hoopa|Knock Off|p1a: Espeon
|-supereffective|p1a: Espeon
|-damage|p1a: Espeon|0
|faint|p1a: Espeon
|
|upkeep
|
|t:|1779821315
|switch|p1a: Azumarill|Azumarill, M|100/100
|turn|7
|
|t:|1779821317
|switch|p2a: Gholdengo|Gholdengo|100/100
|move|p1a: Azumarill|Play Rough|p2a: Gholdengo|[miss]
|-miss|p1a: Azumarill|p2a: Gholdengo
|
|upkeep
|turn|8
|c|☆Abyssal Bot|I had warned you about hax!! HAHAHA
|
|t:|1779821320
|move|p2a: Gholdengo|Make It Rain|p1a: Azumarill
|-crit|p1a: Azumarill
|-damage|p1a: Azumarill|31/100
|-unboost|p2a: Gholdengo|spa|1
|move|p1a: Azumarill|Knock Off|p2a: Gholdengo
|-supereffective|p2a: Gholdengo
|-damage|p2a: Gholdengo|12/100
|-enditem|p2a: Gholdengo|Choice Scarf|[from] move: Knock Off|[of] p1a: Azumarill
|
|-sideend|p1: A05236|Reflect
|upkeep
|turn|9
|c|☆Abyssal Bot|I had warned you about hax!! HAHAHA
|
|t:|1779821324
|move|p1a: Azumarill|Aqua Jet|p2a: Gholdengo
|-damage|p2a: Gholdengo|0
|faint|p2a: Gholdengo
|
|-sideend|p1: A05236|move: Light Screen
|upkeep
|
|t:|1779821324
|switch|p2a: Alomomola|Alomomola, F|100/100
|turn|10
|
|t:|1779821327
|move|p1a: Azumarill|Play Rough|p2a: Alomomola
|-damage|p2a: Alomomola|71/100
|-enditem|p2a: Alomomola|Red Card|[of] p1a: Azumarill
|drag|p1a: Mew|Mew|100/100
|move|p2a: Alomomola|Wish|p2a: Alomomola
|
|upkeep
|turn|11
|
|t:|1779821340
|switch|p1a: Azumarill|Azumarill, M|31/100
|switch|p2a: Hoopa|Hoopa-Unbound|100/100 par
|
|upkeep
|turn|12
|
|t:|1779821343
|move|p1a: Azumarill|Play Rough|p2a: Hoopa
|-supereffective|p2a: Hoopa
|-damage|p2a: Hoopa|0 par
|faint|p2a: Hoopa
|
|upkeep
|
|t:|1779821343
|switch|p2a: Alomomola|Alomomola, F|100/100
|turn|13
|
|t:|1779821350
|switch|p1a: Minun|Minun, F|100/100
|move|p2a: Alomomola|Flip Turn|p1a: Minun
|-damage|p1a: Minun|61/100
|
|t:|1779821350
|switch|p2a: Gliscor|Gliscor, M|100/100|[from] Flip Turn
|
|-status|p2a: Gliscor|tox|[from] item: Toxic Orb
|upkeep
|turn|14
|
|t:|1779821355
|switch|p1a: Altaria|Altaria, F|100/100
|move|p2a: Gliscor|Earthquake|p1a: Altaria
|-immune|p1a: Altaria
|
|upkeep
|turn|15
|
|t:|1779821357
|switch|p2a: Cinderace|Cinderace, M|100/100
|move|p1a: Altaria|Ice Beam|p2a: Cinderace
|-resisted|p2a: Cinderace
|-damage|p2a: Cinderace|85/100
|
|upkeep
|turn|16
|
|t:|1779821364
|switch|p1a: Azumarill|Azumarill, M|31/100
|move|p2a: Cinderace|Pyro Ball|p1a: Azumarill
|-resisted|p1a: Azumarill
|-damage|p1a: Azumarill|0
|faint|p1a: Azumarill
|
|upkeep
|
|t:|1779821369
|switch|p1a: Minun|Minun, F|61/100
|turn|17
|
|t:|1779821371
|move|p1a: Minun|Endure|p1a: Minun
|-singleturn|p1a: Minun|move: Endure
|move|p2a: Cinderace|Pyro Ball|p1a: Minun
|-activate|p1a: Minun|move: Endure
|-damage|p1a: Minun|1/100
|-enditem|p1a: Minun|Salac Berry|[eat]
|-boost|p1a: Minun|spe|1|[from] item: Salac Berry
|
|upkeep
|turn|18
|
|t:|1779821374
|move|p1a: Minun|Thunderbolt|p2a: Cinderace
|-damage|p2a: Cinderace|38/100
|move|p2a: Cinderace|Pyro Ball|p1a: Minun
|-damage|p1a: Minun|0
|faint|p1a: Minun
|
|upkeep
|
|t:|1779821380
|switch|p1a: Altaria|Altaria, F|100/100
|turn|19
|
|t:|1779821389
|move|p2a: Cinderace|Will-O-Wisp|p1a: Altaria
|-status|p1a: Altaria|brn
|move|p1a: Altaria|Draco Meteor|p2a: Cinderace
|-damage|p2a: Cinderace|0
|-unboost|p1a: Altaria|spa|2
|faint|p2a: Cinderace
|
|-damage|p1a: Altaria|94/100 brn|[from] brn|[of] p2: Cinderace
|upkeep
|
|t:|1779821389
|switch|p2a: Gliscor|Gliscor, M|100/100 tox
|turn|20
|
|t:|1779821393
|-curestatus|p1a: Altaria|brn|[from] ability: Natural Cure
|switch|p1a: Mew|Mew|100/100
|move|p2a: Gliscor|Protect||[still]
|-fail|p2a: Gliscor
|
|upkeep
|turn|21
|
|t:|1779821396
|switch|p1a: Altaria|Altaria, F|94/100
|move|p2a: Gliscor|Swords Dance|p2a: Gliscor
|-boost|p2a: Gliscor|atk|2
|
|upkeep
|turn|22
|
|t:|1779821399
|move|p2a: Gliscor|Protect|p2a: Gliscor
|-singleturn|p2a: Gliscor|Protect
|move|p1a: Altaria|Ice Beam|p2a: Gliscor
|-activate|p2a: Gliscor|move: Protect
|
|upkeep
|turn|23
|
|t:|1779821401
|move|p2a: Gliscor|Swords Dance|p2a: Gliscor
|-boost|p2a: Gliscor|atk|2
|move|p1a: Altaria|Ice Beam|p2a: Gliscor
|-supereffective|p2a: Gliscor
|-damage|p2a: Gliscor|27/100 tox
|
|-heal|p2a: Gliscor|39/100 tox|[from] ability: Poison Heal
|upkeep
|turn|24
|
|t:|1779821406
|move|p2a: Gliscor|Facade|p1a: Altaria
|-damage|p1a: Altaria|5/100
|move|p1a: Altaria|Ice Beam|p2a: Gliscor
|-supereffective|p2a: Gliscor
|-damage|p2a: Gliscor|0 tox
|faint|p2a: Gliscor
|
|upkeep
|
|t:|1779821406
|switch|p2a: Alomomola|Alomomola, F|100/100
|turn|25
|
|t:|1779821412
|move|p1a: Altaria|Ice Beam|p2a: Alomomola
|-resisted|p2a: Alomomola
|-damage|p2a: Alomomola|87/100
|move|p2a: Alomomola|Flip Turn|p1a: Altaria
|-resisted|p1a: Altaria
|-damage|p1a: Altaria|0
|faint|p1a: Altaria
|
|t:|1779821412
|switch|p2a: Zamazenta|Zamazenta|100/100|[from] Flip Turn
|-ability|p2a: Zamazenta|Dauntless Shield|boost
|-boost|p2a: Zamazenta|def|1
|
|upkeep
|
|t:|1779821419
|switch|p1a: Mew|Mew|100/100
|turn|26
|
|t:|1779821421
|switch|p2a: Alomomola|Alomomola, F|100/100
|move|p1a: Mew|Calm Mind|p1a: Mew
|-boost|p1a: Mew|spa|1
|-boost|p1a: Mew|spd|1
|
|upkeep
|turn|27
|
|t:|1779821423
|move|p2a: Alomomola|Protect|p2a: Alomomola
|-singleturn|p2a: Alomomola|Protect
|move|p1a: Mew|Grassy Terrain|p1a: Mew
|-fieldstart|move: Grassy Terrain
|
|upkeep
|turn|28
|
|t:|1779821427
|move|p1a: Mew|Calm Mind|p1a: Mew
|-boost|p1a: Mew|spa|1
|-boost|p1a: Mew|spd|1
|move|p2a: Alomomola|Wish|p2a: Alomomola
|
|upkeep
|turn|29
|
|t:|1779821430
|move|p1a: Mew|Calm Mind|p1a: Mew
|-boost|p1a: Mew|spa|1
|-boost|p1a: Mew|spd|1
|move|p2a: Alomomola|Flip Turn|p1a: Mew
|-damage|p1a: Mew|91/100
|
|t:|1779821430
|switch|p2a: Zamazenta|Zamazenta|100/100|[from] Flip Turn
|
|-heal|p1a: Mew|97/100|[from] Grassy Terrain
|upkeep
|turn|30
|
|t:|1779821432
|switch|p2a: Alomomola|Alomomola, F|100/100
|move|p1a: Mew|Psychic Noise|p2a: Alomomola
|-crit|p2a: Alomomola
|-damage|p2a: Alomomola|0
|faint|p2a: Alomomola
|
|-heal|p1a: Mew|100/100|[from] Grassy Terrain
|upkeep
|c|☆Abyssal Bot|Oh crap, that crit...
|
|t:|1779821432
|switch|p2a: Zamazenta|Zamazenta|100/100
|turn|31
|
|t:|1779821434
|move|p2a: Zamazenta|Iron Defense|p2a: Zamazenta
|-boost|p2a: Zamazenta|def|2
|move|p1a: Mew|Psychic Noise|p2a: Zamazenta
|-supereffective|p2a: Zamazenta
|-damage|p2a: Zamazenta|0
|faint|p2a: Zamazenta
|
|win|A05236
|c|☆Abyssal Bot|Oh, I lost. Good Game.
|l|☆Abyssal Bot
|player|p2|
|l|*Turbo Bottttt
