|j|☆asfef
|j|☆uneball
|t:|1779805657
|gametype|singles
|player|p1|asfef|unknown|1162
|player|p2|uneball|102|1146
|gen|9
|tier|[Gen 9] OU
|rated|
|rule|HP Percentage Mod: HP is shown in percentages
|rule|Endless Battle Clause: Forcing endless battles is banned
|rule|Species Clause: Limit one of each Pokémon
|rule|OHKO Clause: OHKO moves are banned
|rule|Evasion Items Clause: Evasion items are banned
|rule|Evasion Moves Clause: Evasion moves are banned
|rule|Evasion Abilities Clause: Evasion abilities are banned
|rule|Sleep Moves Clause: Sleep-inducing moves are banned
|clearpoke
|poke|p1|Scizor, M|
|poke|p1|Cinderace, F|
|poke|p1|Raging Bolt|
|poke|p1|Alomomola, M|
|poke|p1|Regieleki|
|poke|p1|Rillaboom, F|
|poke|p2|Samurott-Hisui, F|
|poke|p2|Heatran, M|
|poke|p2|Enamorus, F|
|poke|p2|Ursaluna, M|
|poke|p2|Pawmot, M|
|poke|p2|Dragapult, M|
|teampreview
|inactive|Battle timer is ON: inactive players will automatically lose when time's up. (requested by asfef)
|l|☆asfef
|inactive|asfef disconnected and has a minute to reconnect!
|player|p1|
|j|☆asfef
|inactive|asfef reconnected and has 135 seconds left.
|player|p1|asfef|unknown|
|
|t:|1779805685
|teamsize|p1|6
|teamsize|p2|6
|start
|switch|p1a: Rillaboom|Rillaboom, F|100/100
|switch|p2a: Ursaluna|Ursaluna, M|100/100
|-fieldstart|move: Grassy Terrain|[from] ability: Grassy Surge|[of] p1a: Rillaboom
|turn|1
|
|t:|1779805701
|move|p1a: Rillaboom|Grassy Glide|p2a: Ursaluna
|-supereffective|p2a: Ursaluna
|-damage|p2a: Ursaluna|16/100
|move|p2a: Ursaluna|Facade|p1a: Rillaboom
|-crit|p1a: Rillaboom
|-damage|p1a: Rillaboom|25/100
|
|-heal|p1a: Rillaboom|31/100|[from] Grassy Terrain
|-heal|p2a: Ursaluna|22/100|[from] Grassy Terrain
|-status|p2a: Ursaluna|brn|[from] item: Flame Orb
|upkeep
|turn|2
|
|t:|1779805717
|move|p1a: Rillaboom|Grassy Glide|p2a: Ursaluna
|-supereffective|p2a: Ursaluna
|-damage|p2a: Ursaluna|0 fnt
|faint|p2a: Ursaluna
|
|-heal|p1a: Rillaboom|37/100|[from] Grassy Terrain
|upkeep
|inactive|uneball has 120 seconds left.
|
|t:|1779805745
|switch|p2a: Heatran|Heatran, M|100/100
|-item|p2a: Heatran|Air Balloon
|turn|3
|
|t:|1779805753
|switch|p1a: Cinderace|Cinderace, F|100/100
|move|p2a: Heatran|Lava Plume|p1a: Cinderace
|-resisted|p1a: Cinderace
|-damage|p1a: Cinderace|75/100
|
|-heal|p1a: Cinderace|81/100|[from] Grassy Terrain
|upkeep
|turn|4
|
|t:|1779805763
|switch|p2a: Dragapult|Dragapult, M|100/100
|move|p1a: Cinderace|U-turn|p2a: Dragapult
|-start|p1a: Cinderace|typechange|Bug|[from] ability: Libero
|-resisted|p2a: Dragapult
|-damage|p2a: Dragapult|65/100
|
|t:|1779805777
|switch|p1a: Scizor|Scizor, M|100/100|[from] U-turn
|
|-heal|p2a: Dragapult|71/100|[from] Grassy Terrain
|upkeep
|turn|5
|
|t:|1779805784
|move|p1a: Scizor|Bullet Punch|p2a: Dragapult
|-damage|p2a: Dragapult|5/100
|move|p2a: Dragapult|Dragon Darts|p1a: Scizor
|-resisted|p1a: Scizor
|-damage|p1a: Scizor|87/100
|-anim|p2a: Dragapult|Dragon Darts|p1a: Scizor
|-resisted|p1a: Scizor
|-damage|p1a: Scizor|72/100
|
|-heal|p2a: Dragapult|11/100|[from] Grassy Terrain
|-heal|p1a: Scizor|78/100|[from] Grassy Terrain
|-fieldend|move: Grassy Terrain
|upkeep
|turn|6
|
|t:|1779805789
|switch|p2a: Pawmot|Pawmot, M|100/100
|move|p1a: Scizor|Bullet Punch|p2a: Pawmot
|-resisted|p2a: Pawmot
|-damage|p2a: Pawmot|55/100
|
|-heal|p2a: Pawmot|61/100|[from] item: Leftovers
|upkeep
|turn|7
|
|t:|1779805798
|move|p1a: Scizor|Bullet Punch|p2a: Pawmot
|-resisted|p2a: Pawmot
|-damage|p2a: Pawmot|20/100
|move|p2a: Pawmot|Close Combat|p1a: Scizor
|-damage|p1a: Scizor|19/100
|-unboost|p2a: Pawmot|def|1
|-unboost|p2a: Pawmot|spd|1
|
|-heal|p2a: Pawmot|26/100|[from] item: Leftovers
|upkeep
|turn|8
|
|t:|1779805805
|move|p1a: Scizor|Bullet Punch|p2a: Pawmot
|-resisted|p2a: Pawmot
|-damage|p2a: Pawmot|0 fnt
|faint|p2a: Pawmot
|
|upkeep
|
|t:|1779805807
|switch|p2a: Enamorus|Enamorus, F|100/100
|turn|9
|
|t:|1779805813
|switch|p1a: Alomomola|Alomomola, M|100/100
|-terastallize|p2a: Enamorus|Steel
|move|p2a: Enamorus|Superpower|p1a: Alomomola
|-damage|p1a: Alomomola|82/100
|-boost|p2a: Enamorus|atk|1
|-boost|p2a: Enamorus|def|1
|
|upkeep
|turn|10
|
|t:|1779805826
|move|p2a: Enamorus|Tailwind|p2a: Enamorus
|-sidestart|p2: uneball|move: Tailwind
|move|p1a: Alomomola|Wish|p1a: Alomomola
|
|upkeep
|turn|11
|
|t:|1779805833
|move|p2a: Enamorus|Superpower|p1a: Alomomola
|-damage|p1a: Alomomola|52/100
|-boost|p2a: Enamorus|atk|1
|-boost|p2a: Enamorus|def|1
|move|p1a: Alomomola|Flip Turn|p2a: Enamorus
|-damage|p2a: Enamorus|88/100
|
|t:|1779805839
|switch|p1a: Raging Bolt|Raging Bolt|100/100|[from] Flip Turn
|
|upkeep
|turn|12
|
|t:|1779805850
|-terastallize|p1a: Raging Bolt|Electric
|move|p1a: Raging Bolt|Thunderclap|p2a: Enamorus
|-damage|p2a: Enamorus|0 fnt
|faint|p2a: Enamorus
|
|upkeep
|
|t:|1779805856
|switch|p2a: Heatran|Heatran, M|100/100
|-item|p2a: Heatran|Air Balloon
|turn|13
|
|t:|1779805860
|-end|p1a: Raging Bolt|Protosynthesis|[silent]
|switch|p1a: Alomomola|Alomomola, M|85/100
|move|p2a: Heatran|Earth Power|p1a: Alomomola
|-damage|p1a: Alomomola|54/100
|
|-sideend|p2: uneball|move: Tailwind
|upkeep
|turn|14
|
|t:|1779805866
|move|p2a: Heatran|Lava Plume|p1a: Alomomola
|-resisted|p1a: Alomomola
|-damage|p1a: Alomomola|35/100
|move|p1a: Alomomola|Wish|p1a: Alomomola
|
|upkeep
|turn|15
|
|t:|1779805871
|move|p1a: Alomomola|Protect|p1a: Alomomola
|-singleturn|p1a: Alomomola|Protect
|move|p2a: Heatran|Stealth Rock|p1a: Alomomola
|-sidestart|p1: asfef|move: Stealth Rock
|
|-heal|p1a: Alomomola|85/100|[from] move: Wish|[wisher] Alomomola
|upkeep
|turn|16
|
|t:|1779805875
|move|p2a: Heatran|Earth Power|p1a: Alomomola
|-damage|p1a: Alomomola|54/100
|-unboost|p1a: Alomomola|spd|1
|move|p1a: Alomomola|Flip Turn|p2a: Heatran
|-supereffective|p2a: Heatran
|-crit|p2a: Heatran
|-damage|p2a: Heatran|66/100
|-enditem|p2a: Heatran|Air Balloon
|-message|uneball forfeited.
|
|win|asfef
|raw|asfef's rating: 1162 &rarr; <strong>1186</strong><br />(+24 for winning)
|raw|uneball's rating: 1146 &rarr; <strong>1122</strong><br />(-24 for losing)
|l|☆uneball
|player|p2|
