|j|☆noobishtrainerjoe
|j|☆Bidoof619
|t:|1779915881
|gametype|singles
|player|p1|noobishtrainerjoe|kurt|1562
|player|p2|Bidoof619|gentleman-gen4dp|1496
|gen|9
|tier|[Gen 9] OU
|rated|
|rule|HP Percentage Mod: HP is shown in percentages
|rule|Endless Battle Clause: Forcing endless battles is banned
|rule|Species Clause: Limit one of each Pokémon
|rule|OHKO Clause: OHKO moves are banned
|rule|Evasion Items Clause: Evasion items are banned
|rule|Evasion Moves Clause: Evasion moves are banned
|rule|Evasion Abilities Clause: Evasion abilities are banned
|rule|Sleep Moves Clause: Sleep-inducing moves are banned
|clearpoke
|poke|p1|Kyurem|
|poke|p1|Tinkaton, F|
|poke|p1|Great Tusk|
|poke|p1|Kingambit, M|
|poke|p1|Rillaboom, M|
|poke|p1|Dragapult, M|
|poke|p2|Samurott-Hisui, F|
|poke|p2|Rillaboom, M|
|poke|p2|Iron Treads|
|poke|p2|Skeledirge, M|
|poke|p2|Dragonite, F|
|poke|p2|Iron Valiant|
|teampreview
|
|t:|1779915925
|teamsize|p1|6
|teamsize|p2|6
|start
|switch|p1a: Kyurem|Kyurem|100/100
|switch|p2a: Rillaboom|Rillaboom, M|100/100
|-ability|p1a: Kyurem|Pressure
|-fieldstart|move: Grassy Terrain|[from] ability: Grassy Surge|[of] p2a: Rillaboom
|turn|1
|
|t:|1779915946
|move|p1a: Kyurem|Substitute|p1a: Kyurem
|-start|p1a: Kyurem|Substitute
|-damage|p1a: Kyurem|75/100
|move|p2a: Rillaboom|Wood Hammer|p1a: Kyurem
|-resisted|p1a: Kyurem
|-end|p1a: Kyurem|Substitute
|-damage|p2a: Rillaboom|91/100|[from] Recoil|[of] p1a: Kyurem
|
|-heal|p1a: Kyurem|82/100|[from] Grassy Terrain
|-heal|p1a: Kyurem|88/100|[from] item: Leftovers
|-heal|p2a: Rillaboom|97/100|[from] Grassy Terrain
|upkeep
|turn|2
|
|t:|1779915955
|switch|p2a: Skeledirge|Skeledirge, M|100/100
|move|p1a: Kyurem|Protect||[still]
|-fail|p1a: Kyurem
|
|-heal|p1a: Kyurem|94/100|[from] Grassy Terrain
|-heal|p1a: Kyurem|99/100|[from] item: Leftovers
|upkeep
|turn|3
|
|t:|1779915960
|move|p1a: Kyurem|Earth Power|p2a: Skeledirge
|-supereffective|p2a: Skeledirge
|-crit|p2a: Skeledirge
|-damage|p2a: Skeledirge|34/100
|move|p2a: Skeledirge|Will-O-Wisp|p1a: Kyurem
|-status|p1a: Kyurem|brn
|
|-heal|p1a: Kyurem|100/100 brn|[from] Grassy Terrain
|-heal|p2a: Skeledirge|40/100|[from] Grassy Terrain
|-damage|p1a: Kyurem|94/100 brn|[from] brn
|upkeep
|turn|4
|
|t:|1779915973
|switch|p2a: Samurott|Samurott-Hisui, F|100/100
|move|p1a: Kyurem|Earth Power|p2a: Samurott
|-damage|p2a: Samurott|51/100
|
|-heal|p2a: Samurott|57/100|[from] Grassy Terrain
|-heal|p1a: Kyurem|100/100 brn|[from] Grassy Terrain
|-damage|p1a: Kyurem|94/100 brn|[from] brn
|upkeep
|turn|5
|
|t:|1779916004
|move|p2a: Samurott|Ceaseless Edge|p1a: Kyurem
|-damage|p1a: Kyurem|55/100 brn
|-sidestart|p1: noobishtrainerjoe|Spikes
|move|p1a: Kyurem|Freeze-Dry|p2a: Samurott
|-supereffective|p2a: Samurott
|-damage|p2a: Samurott|0 fnt
|faint|p2a: Samurott
|
|-heal|p1a: Kyurem|62/100 brn|[from] Grassy Terrain
|-heal|p1a: Kyurem|68/100 brn|[from] item: Leftovers
|-damage|p1a: Kyurem|62/100 brn|[from] brn
|-fieldend|move: Grassy Terrain
|upkeep
|
|t:|1779916034
|switch|p2a: Iron Valiant|Iron Valiant|100/100
|-enditem|p2a: Iron Valiant|Booster Energy
|-activate|p2a: Iron Valiant|ability: Quark Drive|[fromitem]
|-start|p2a: Iron Valiant|quarkdrivespe
|turn|6
|
|t:|1779916042
|switch|p1a: Rillaboom|Rillaboom, M|100/100
|-damage|p1a: Rillaboom|88/100|[from] Spikes
|-fieldstart|move: Grassy Terrain|[from] ability: Grassy Surge|[of] p1a: Rillaboom
|move|p2a: Iron Valiant|Calm Mind|p2a: Iron Valiant
|-boost|p2a: Iron Valiant|spa|1
|-boost|p2a: Iron Valiant|spd|1
|
|-heal|p1a: Rillaboom|94/100|[from] Grassy Terrain
|upkeep
|turn|7
|
|t:|1779916051
|-terastallize|p2a: Iron Valiant|Steel
|move|p1a: Rillaboom|Grassy Glide|p2a: Iron Valiant
|-resisted|p2a: Iron Valiant
|-damage|p2a: Iron Valiant|67/100
|-damage|p1a: Rillaboom|84/100|[from] item: Life Orb
|move|p2a: Iron Valiant|Moonblast|p1a: Rillaboom
|-damage|p1a: Rillaboom|0 fnt
|faint|p1a: Rillaboom
|
|-heal|p2a: Iron Valiant|73/100|[from] Grassy Terrain
|upkeep
|
|t:|1779916064
|switch|p1a: Kingambit|Kingambit, M|100/100
|-damage|p1a: Kingambit|88/100|[from] Spikes
|-activate|p1a: Kingambit|ability: Supreme Overlord
|-start|p1a: Kingambit|fallen1|[silent]
|turn|8
|
|t:|1779916079
|-terastallize|p1a: Kingambit|Ghost
|move|p2a: Iron Valiant|Aura Sphere|p1a: Kingambit
|-immune|p1a: Kingambit
|move|p1a: Kingambit|Low Kick|p2a: Iron Valiant
|-supereffective|p2a: Iron Valiant
|-damage|p2a: Iron Valiant|2/100
|
|-heal|p2a: Iron Valiant|8/100|[from] Grassy Terrain
|-heal|p1a: Kingambit|94/100|[from] Grassy Terrain
|-heal|p1a: Kingambit|100/100|[from] item: Leftovers
|upkeep
|turn|9
|
|t:|1779916085
|move|p1a: Kingambit|Sucker Punch||[still]
|-fail|p1a: Kingambit
|move|p2a: Iron Valiant|Calm Mind|p2a: Iron Valiant
|-boost|p2a: Iron Valiant|spa|1
|-boost|p2a: Iron Valiant|spd|1
|
|-heal|p2a: Iron Valiant|14/100|[from] Grassy Terrain
|upkeep
|turn|10
|
|t:|1779916093
|move|p1a: Kingambit|Sucker Punch||[still]
|-fail|p1a: Kingambit
|move|p2a: Iron Valiant|Calm Mind|p2a: Iron Valiant
|-boost|p2a: Iron Valiant|spa|1
|-boost|p2a: Iron Valiant|spd|1
|
|-heal|p2a: Iron Valiant|21/100|[from] Grassy Terrain
|-fieldend|move: Grassy Terrain
|upkeep
|turn|11
|
|t:|1779916099
|move|p1a: Kingambit|Sucker Punch|p2a: Iron Valiant
|-damage|p2a: Iron Valiant|0 fnt
|faint|p2a: Iron Valiant
|-end|p2a: Iron Valiant|Quark Drive|[silent]
|
|upkeep
|
|t:|1779916111
|switch|p2a: Rillaboom|Rillaboom, M|97/100
|-fieldstart|move: Grassy Terrain|[from] ability: Grassy Surge|[of] p2a: Rillaboom
|turn|12
|
|t:|1779916121
|-end|p1a: Kingambit|fallen1|[silent]
|switch|p1a: Great Tusk|Great Tusk|100/100
|move|p2a: Rillaboom|Wood Hammer|p1a: Great Tusk
|-supereffective|p1a: Great Tusk
|-damage|p1a: Great Tusk|0 fnt
|faint|p1a: Great Tusk
|-end|p1a: Great Tusk|Protosynthesis|[silent]
|-damage|p2a: Rillaboom|61/100|[from] Recoil
|
|-heal|p2a: Rillaboom|67/100|[from] Grassy Terrain
|upkeep
|
|t:|1779916125
|switch|p1a: Kyurem|Kyurem|62/100 brn
|-damage|p1a: Kyurem|49/100 brn|[from] Spikes
|-ability|p1a: Kyurem|Pressure
|turn|13
|
|t:|1779916143
|switch|p2a: Skeledirge|Skeledirge, M|40/100
|move|p1a: Kyurem|Freeze-Dry|p2a: Skeledirge
|-resisted|p2a: Skeledirge
|-damage|p2a: Skeledirge|27/100
|
|-heal|p1a: Kyurem|55/100 brn|[from] Grassy Terrain
|-heal|p1a: Kyurem|62/100 brn|[from] item: Leftovers
|-heal|p2a: Skeledirge|33/100|[from] Grassy Terrain
|-damage|p1a: Kyurem|55/100 brn|[from] brn
|upkeep
|turn|14
|
|t:|1779916150
|move|p1a: Kyurem|Earth Power|p2a: Skeledirge
|-supereffective|p2a: Skeledirge
|-damage|p2a: Skeledirge|0 fnt
|faint|p2a: Skeledirge
|
|-heal|p1a: Kyurem|62/100 brn|[from] Grassy Terrain
|-heal|p1a: Kyurem|68/100 brn|[from] item: Leftovers
|-damage|p1a: Kyurem|62/100 brn|[from] brn
|upkeep
|
|t:|1779916153
|switch|p2a: Iron Treads|Iron Treads|100/100
|turn|15
|
|t:|1779916159
|move|p2a: Iron Treads|High Horsepower|p1a: Kyurem
|-damage|p1a: Kyurem|27/100 brn
|move|p1a: Kyurem|Earth Power|p2a: Iron Treads
|-supereffective|p2a: Iron Treads
|-damage|p2a: Iron Treads|27/100
|
|-heal|p2a: Iron Treads|33/100|[from] Grassy Terrain
|-heal|p2a: Iron Treads|39/100|[from] item: Leftovers
|-heal|p1a: Kyurem|33/100 brn|[from] Grassy Terrain
|-heal|p1a: Kyurem|39/100 brn|[from] item: Leftovers
|-damage|p1a: Kyurem|33/100 brn|[from] brn
|upkeep
|turn|16
|
|t:|1779916172
|switch|p1a: Dragapult|Dragapult, M|100/100
|move|p2a: Iron Treads|High Horsepower|p1a: Dragapult
|-damage|p1a: Dragapult|48/100
|
|-heal|p1a: Dragapult|54/100|[from] Grassy Terrain
|-heal|p2a: Iron Treads|45/100|[from] Grassy Terrain
|-heal|p2a: Iron Treads|52/100|[from] item: Leftovers
|-fieldend|move: Grassy Terrain
|upkeep
|turn|17
|
|t:|1779916183
|move|p1a: Dragapult|Will-O-Wisp|p2a: Iron Treads
|-status|p2a: Iron Treads|brn
|move|p2a: Iron Treads|Ice Spinner|p1a: Dragapult
|-supereffective|p1a: Dragapult
|-damage|p1a: Dragapult|25/100
|
|-heal|p2a: Iron Treads|58/100 brn|[from] item: Leftovers
|-damage|p2a: Iron Treads|52/100 brn|[from] brn
|upkeep
|turn|18
|
|t:|1779916191
|move|p1a: Dragapult|Hex|p2a: Iron Treads
|-damage|p2a: Iron Treads|0 fnt
|faint|p2a: Iron Treads
|-end|p2a: Iron Treads|Quark Drive|[silent]
|
|upkeep
|
|t:|1779916196
|switch|p2a: Rillaboom|Rillaboom, M|67/100
|-fieldstart|move: Grassy Terrain|[from] ability: Grassy Surge|[of] p2a: Rillaboom
|turn|19
|
|t:|1779916199
|switch|p1a: Kyurem|Kyurem|33/100 brn
|-damage|p1a: Kyurem|21/100 brn|[from] Spikes
|-ability|p1a: Kyurem|Pressure
|move|p2a: Rillaboom|Grassy Glide|p1a: Kyurem
|-resisted|p1a: Kyurem
|-damage|p1a: Kyurem|0 fnt
|faint|p1a: Kyurem
|
|-heal|p2a: Rillaboom|74/100|[from] Grassy Terrain
|upkeep
|
|t:|1779916207
|switch|p1a: Tinkaton|Tinkaton, F|100/100
|-damage|p1a: Tinkaton|88/100|[from] Spikes
|-ability|p1a: Tinkaton|Mold Breaker
|turn|20
|
|t:|1779916212
|switch|p2a: Dragonite|Dragonite, F|100/100
|move|p1a: Tinkaton|Swords Dance|p1a: Tinkaton
|-boost|p1a: Tinkaton|atk|2
|
|-heal|p1a: Tinkaton|94/100|[from] Grassy Terrain
|-heal|p1a: Tinkaton|100/100|[from] item: Leftovers
|upkeep
|turn|21
|
|t:|1779916219
|move|p1a: Tinkaton|Gigaton Hammer|p2a: Dragonite
|-damage|p2a: Dragonite|0 fnt
|faint|p2a: Dragonite
|
|upkeep
|
|t:|1779916224
|switch|p2a: Rillaboom|Rillaboom, M|74/100
|turn|22
|
|t:|1779916228
|move|p1a: Tinkaton|Substitute|p1a: Tinkaton
|-start|p1a: Tinkaton|Substitute
|-damage|p1a: Tinkaton|76/100
|move|p2a: Rillaboom|Wood Hammer|p1a: Tinkaton
|-resisted|p1a: Tinkaton
|-end|p1a: Tinkaton|Substitute
|-damage|p2a: Rillaboom|66/100|[from] Recoil|[of] p1a: Tinkaton
|
|-heal|p1a: Tinkaton|82/100|[from] Grassy Terrain
|-heal|p1a: Tinkaton|88/100|[from] item: Leftovers
|-heal|p2a: Rillaboom|72/100|[from] Grassy Terrain
|upkeep
|turn|23
|
|t:|1779916232
|move|p1a: Tinkaton|Gigaton Hammer|p2a: Rillaboom
|-damage|p2a: Rillaboom|0 fnt
|faint|p2a: Rillaboom
|
|win|noobishtrainerjoe
|raw|noobishtrainerjoe's rating: 1562 &rarr; <strong>1578</strong><br />(+16 for winning)
|raw|Bidoof619's rating: 1496 &rarr; <strong>1480</strong><br />(-16 for losing)
|l|☆Bidoof619
|player|p2|
