|j|☆sirlsalot
|j|☆slimypits
|t:|1779816644
|gametype|singles
|player|p1|sirlsalot|170|1514
|player|p2|slimypits|1|1546
|gen|9
|tier|[Gen 9] OU
|rated|
|rule|HP Percentage Mod: HP is shown in percentages
|rule|Endless Battle Clause: Forcing endless battles is banned
|rule|Species Clause: Limit one of each Pokémon
|rule|OHKO Clause: OHKO moves are banned
|rule|Evasion Items Clause: Evasion items are banned
|rule|Evasion Moves Clause: Evasion moves are banned
|rule|Evasion Abilities Clause: Evasion abilities are banned
|rule|Sleep Moves Clause: Sleep-inducing moves are banned
|clearpoke
|poke|p1|Gholdengo|
|poke|p1|Iron Treads|
|poke|p1|Moltres|
|poke|p1|Zamazenta-*|
|poke|p1|Samurott-Hisui, F|
|poke|p1|Garganacl, M|
|poke|p2|Cinderace, M|
|poke|p2|Mandibuzz, F|
|poke|p2|Volcanion|
|poke|p2|Dragonite, M|
|poke|p2|Tinkaton, F|
|poke|p2|Alomomola, F|
|teampreview
|inactive|Battle timer is ON: inactive players will automatically lose when time's up. (requested by sirlsalot)
|inactive|slimypits also wants the timer to be on.
|
|t:|1779816654
|teamsize|p1|6
|teamsize|p2|6
|start
|switch|p1a: Iron Treads|Iron Treads|100/100
|switch|p2a: Tinkaton|Tinkaton, F|100/100
|-item|p2a: Tinkaton|Air Balloon
|turn|1
|
|t:|1779816668
|move|p1a: Iron Treads|Rapid Spin|p2a: Tinkaton
|-resisted|p2a: Tinkaton
|-damage|p2a: Tinkaton|92/100
|-boost|p1a: Iron Treads|spe|1
|-enditem|p2a: Tinkaton|Air Balloon
|-enditem|p1a: Iron Treads|Clear Amulet|[silent]|[from] ability: Pickpocket|[of] p1a: Iron Treads
|-item|p2a: Tinkaton|Clear Amulet|[from] ability: Pickpocket|[of] p1a: Iron Treads
|move|p2a: Tinkaton|Knock Off|p1a: Iron Treads
|-damage|p1a: Iron Treads|91/100
|
|upkeep
|turn|2
|
|t:|1779816684
|switch|p2a: Mandibuzz|Mandibuzz, F, shiny|100/100
|move|p1a: Iron Treads|Stealth Rock|p2a: Mandibuzz
|-sidestart|p2: slimypits|move: Stealth Rock
|
|upkeep
|turn|3
|
|t:|1779816688
|move|p1a: Iron Treads|Knock Off|p2a: Mandibuzz
|-resisted|p2a: Mandibuzz
|-damage|p2a: Mandibuzz|93/100
|-damage|p1a: Iron Treads|74/100|[from] item: Rocky Helmet|[of] p2a: Mandibuzz
|-enditem|p2a: Mandibuzz|Rocky Helmet|[from] move: Knock Off|[of] p1a: Iron Treads
|move|p2a: Mandibuzz|Foul Play|p1a: Iron Treads
|-damage|p1a: Iron Treads|42/100
|
|upkeep
|turn|4
|
|t:|1779816695
|-end|p1a: Iron Treads|Quark Drive|[silent]
|switch|p1a: Garganacl|Garganacl, M|100/100
|move|p2a: Mandibuzz|Foul Play|p1a: Garganacl
|-damage|p1a: Garganacl|77/100
|
|-heal|p1a: Garganacl|83/100|[from] item: Leftovers
|upkeep
|turn|5
|
|t:|1779816704
|switch|p2a: Cinderace|Cinderace, M|100/100
|move|p1a: Garganacl|Salt Cure|p2a: Cinderace
|-supereffective|p2a: Cinderace
|-damage|p2a: Cinderace|64/100
|-start|p2a: Cinderace|Salt Cure
|
|-heal|p1a: Garganacl|90/100|[from] item: Leftovers
|-damage|p2a: Cinderace|52/100|[from] Salt Cure
|upkeep
|turn|6
|
|t:|1779816709
|move|p2a: Cinderace|High Jump Kick|p1a: Garganacl
|-start|p2a: Cinderace|typechange|Fighting|[from] ability: Libero
|-supereffective|p1a: Garganacl
|-damage|p1a: Garganacl|5/100
|move|p1a: Garganacl|Salt Cure|p2a: Cinderace
|-resisted|p2a: Cinderace
|-damage|p2a: Cinderace|42/100
|
|-heal|p1a: Garganacl|11/100|[from] item: Leftovers
|-damage|p2a: Cinderace|30/100|[from] Salt Cure
|upkeep
|turn|7
|
|t:|1779816712
|switch|p1a: Moltres|Moltres|100/100
|move|p2a: Cinderace|Court Change|p2a: Cinderace
|-swapsideconditions
|-activate|p2a: Cinderace|move: Court Change
|
|-damage|p2a: Cinderace|17/100|[from] Salt Cure
|upkeep
|turn|8
|
|t:|1779816716
|switch|p2a: Volcanion|Volcanion|100/100
|move|p1a: Moltres|U-turn|p2a: Volcanion
|-resisted|p2a: Volcanion
|-damage|p2a: Volcanion|94/100
|
|t:|1779816724
|switch|p1a: Iron Treads|Iron Treads|42/100|[from] U-turn
|-damage|p1a: Iron Treads|40/100|[from] Stealth Rock
|
|upkeep
|turn|9
|
|t:|1779816727
|move|p1a: Iron Treads|Stealth Rock|p2a: Volcanion
|-sidestart|p2: slimypits|move: Stealth Rock
|move|p2a: Volcanion|Steam Eruption|p1a: Iron Treads
|-supereffective|p1a: Iron Treads
|-damage|p1a: Iron Treads|0 fnt
|faint|p1a: Iron Treads
|-end|p1a: Iron Treads|Quark Drive|[silent]
|
|upkeep
|
|t:|1779816730
|switch|p1a: Zamazenta|Zamazenta|100/100
|-damage|p1a: Zamazenta|94/100|[from] Stealth Rock
|-ability|p1a: Zamazenta|Dauntless Shield|boost
|-boost|p1a: Zamazenta|def|1
|turn|10
|
|t:|1779816732
|move|p1a: Zamazenta|Close Combat|p2a: Volcanion
|-crit|p2a: Volcanion
|-damage|p2a: Volcanion|7/100
|-unboost|p1a: Zamazenta|def|1
|-unboost|p1a: Zamazenta|spd|1
|move|p2a: Volcanion|Steam Eruption|p1a: Zamazenta
|-crit|p1a: Zamazenta
|-damage|p1a: Zamazenta|0 fnt
|faint|p1a: Zamazenta
|
|upkeep
|
|t:|1779816737
|switch|p1a: Samurott|Samurott-Hisui, F|100/100
|-damage|p1a: Samurott|88/100|[from] Stealth Rock
|turn|11
|
|t:|1779816741
|move|p1a: Samurott|Ceaseless Edge|p2a: Volcanion
|-damage|p2a: Volcanion|0 fnt
|-sidestart|p2: slimypits|Spikes
|faint|p2a: Volcanion
|
|upkeep
|
|t:|1779816749
|switch|p2a: Mandibuzz|Mandibuzz, F, shiny|93/100
|-damage|p2a: Mandibuzz|68/100|[from] Stealth Rock
|turn|12
|j| foxi4
|
|t:|1779816754
|switch|p1a: Moltres|Moltres|100/100
|move|p2a: Mandibuzz|Foul Play|p1a: Moltres
|-damage|p1a: Moltres|79/100
|
|upkeep
|turn|13
|
|t:|1779816759
|move|p1a: Moltres|U-turn|p2a: Mandibuzz
|-damage|p2a: Mandibuzz|59/100
|
|t:|1779816763
|switch|p1a: Samurott|Samurott-Hisui, F|88/100|[from] U-turn
|-damage|p1a: Samurott|76/100|[from] Stealth Rock
|move|p2a: Mandibuzz|Toxic|p1a: Samurott
|-status|p1a: Samurott|tox
|
|-damage|p1a: Samurott|69/100 tox|[from] psn
|upkeep
|turn|14
|
|t:|1779816765
|move|p1a: Samurott|Flip Turn|p2a: Mandibuzz
|-damage|p2a: Mandibuzz|43/100
|
|t:|1779816767
|switch|p1a: Gholdengo|Gholdengo|100/100|[from] Flip Turn
|-damage|p1a: Gholdengo|94/100|[from] Stealth Rock
|-item|p1a: Gholdengo|Air Balloon
|move|p2a: Mandibuzz|Roost|p2a: Mandibuzz
|-heal|p2a: Mandibuzz|93/100
|-singleturn|p2a: Mandibuzz|move: Roost
|
|upkeep
|turn|15
|
|t:|1779816778
|switch|p2a: Cinderace|Cinderace, M|17/100
|move|p1a: Gholdengo|Thunderbolt|p2a: Cinderace
|-damage|p2a: Cinderace|0 fnt
|faint|p2a: Cinderace
|
|upkeep
|
|t:|1779816788
|switch|p2a: Tinkaton|Tinkaton, F|92/100
|-damage|p2a: Tinkaton|86/100|[from] Stealth Rock
|-damage|p2a: Tinkaton|74/100|[from] Spikes
|turn|16
|
|t:|1779816805
|switch|p1a: Garganacl|Garganacl, M|11/100
|-damage|p1a: Garganacl|0 fnt|[from] Stealth Rock
|faint|p1a: Garganacl
|move|p2a: Tinkaton|Knock Off|p1: Garganacl|[notarget]
|-fail|p2a: Tinkaton
|
|upkeep
|
|t:|1779816807
|switch|p1a: Samurott|Samurott-Hisui, F|69/100 tox
|-damage|p1a: Samurott|57/100 tox|[from] Stealth Rock
|turn|17
|
|t:|1779816815
|switch|p2a: Alomomola|Alomomola, F|100/100
|move|p1a: Samurott|Razor Shell|p2a: Alomomola
|-resisted|p2a: Alomomola
|-damage|p2a: Alomomola|86/100
|
|-damage|p1a: Samurott|51/100 tox|[from] psn
|upkeep
|turn|18
|
|t:|1779816818
|switch|p1a: Gholdengo|Gholdengo|94/100
|-damage|p1a: Gholdengo|88/100|[from] Stealth Rock
|-item|p1a: Gholdengo|Air Balloon
|move|p2a: Alomomola|Flip Turn|p1a: Gholdengo
|-damage|p1a: Gholdengo|70/100
|-enditem|p1a: Gholdengo|Air Balloon
|
|t:|1779816836
|switch|p2a: Mandibuzz|Mandibuzz, F, shiny|93/100|[from] Flip Turn
|-damage|p2a: Mandibuzz|68/100|[from] Stealth Rock
|
|upkeep
|turn|19
|
|t:|1779816847
|-terastallize|p1a: Gholdengo|Flying
|move|p1a: Gholdengo|Nasty Plot|p1a: Gholdengo
|-boost|p1a: Gholdengo|spa|2
|move|p2a: Mandibuzz|Foul Play|p1a: Gholdengo
|-damage|p1a: Gholdengo|55/100
|
|upkeep
|turn|20
|
|t:|1779816851
|switch|p2a: Tinkaton|Tinkaton, F|74/100
|-damage|p2a: Tinkaton|68/100|[from] Stealth Rock
|-damage|p2a: Tinkaton|56/100|[from] Spikes
|move|p1a: Gholdengo|Recover|p1a: Gholdengo
|-heal|p1a: Gholdengo|100/100
|
|upkeep
|turn|21
|
|t:|1779816859
|move|p2a: Tinkaton|Gigaton Hammer|p1a: Gholdengo
|-crit|p1a: Gholdengo
|-damage|p1a: Gholdengo|37/100
|move|p1a: Gholdengo|Make It Rain|p2a: Tinkaton
|-damage|p2a: Tinkaton|0 fnt
|-unboost|p1a: Gholdengo|spa|1
|faint|p2a: Tinkaton
|
|upkeep
|
|t:|1779816862
|switch|p2a: Dragonite|Dragonite, M|100/100
|-damage|p2a: Dragonite|76/100|[from] Stealth Rock
|turn|22
|
|t:|1779816871
|switch|p1a: Moltres|Moltres|79/100
|-terastallize|p2a: Dragonite|Fire
|move|p2a: Dragonite|Dragon Dance|p2a: Dragonite
|-boost|p2a: Dragonite|atk|1
|-boost|p2a: Dragonite|spe|1
|
|upkeep
|turn|23
|
|t:|1779816874
|move|p2a: Dragonite|Scale Shot|p1a: Moltres
|-damage|p1a: Moltres|65/100
|-damage|p1a: Moltres|48/100
|-damage|p1a: Moltres|32/100
|-damage|p1a: Moltres|17/100
|-damage|p1a: Moltres|2/100
|-hitcount|p1a: Moltres|5
|-unboost|p2a: Dragonite|def|1
|-boost|p2a: Dragonite|spe|1
|move|p1a: Moltres|Roar|p2a: Dragonite
|drag|p2a: Alomomola|Alomomola, F|100/100
|
|upkeep
|turn|24
|
|t:|1779816882
|move|p1a: Moltres|Roost|p1a: Moltres
|-heal|p1a: Moltres|52/100
|-singleturn|p1a: Moltres|move: Roost
|move|p2a: Alomomola|Flip Turn|p1a: Moltres
|-supereffective|p1a: Moltres
|-damage|p1a: Moltres|31/100
|
|t:|1779816883
|switch|p2a: Dragonite|Dragonite, M, tera:Fire|76/100|[from] Flip Turn
|-damage|p2a: Dragonite|51/100|[from] Stealth Rock
|-damage|p2a: Dragonite|39/100|[from] Spikes
|
|upkeep
|turn|25
|
|t:|1779816893
|move|p2a: Dragonite|Scale Shot|p1a: Moltres
|-damage|p1a: Moltres|21/100
|-damage|p1a: Moltres|12/100
|-damage|p1a: Moltres|2/100
|-damage|p1a: Moltres|0 fnt
|faint|p1a: Moltres
|-hitcount|p1: Moltres|4
|-unboost|p2a: Dragonite|def|1
|-boost|p2a: Dragonite|spe|1
|
|upkeep
|
|t:|1779816898
|switch|p1a: Samurott|Samurott-Hisui, F|51/100 tox
|-damage|p1a: Samurott|38/100 tox|[from] Stealth Rock
|turn|26
|
|t:|1779816901
|move|p1a: Samurott|Flip Turn|p2a: Dragonite
|-supereffective|p2a: Dragonite
|-damage|p2a: Dragonite|0 fnt
|faint|p2a: Dragonite
|
|t:|1779816904
|switch|p1a: Gholdengo|Gholdengo, tera:Flying|37/100|[from] Flip Turn
|-damage|p1a: Gholdengo|12/100|[from] Stealth Rock
|
|upkeep
|c|☆slimypits|gg
|c|☆sirlsalot|gg
|
|t:|1779816915
|switch|p2a: Alomomola|Alomomola, F|100/100
|turn|27
|
|t:|1779816918
|move|p1a: Gholdengo|Recover|p1a: Gholdengo
|-heal|p1a: Gholdengo|62/100
|move|p2a: Alomomola|Scald|p1a: Gholdengo
|-damage|p1a: Gholdengo|46/100
|
|upkeep
|turn|28
|
|t:|1779816920
|move|p1a: Gholdengo|Recover|p1a: Gholdengo
|-heal|p1a: Gholdengo|96/100
|move|p2a: Alomomola|Scald|p1a: Gholdengo
|-damage|p1a: Gholdengo|81/100
|
|upkeep
|turn|29
|
|t:|1779816923
|move|p1a: Gholdengo|Nasty Plot|p1a: Gholdengo
|-boost|p1a: Gholdengo|spa|2
|move|p2a: Alomomola|Scald|p1a: Gholdengo
|-damage|p1a: Gholdengo|66/100
|
|upkeep
|turn|30
|
|t:|1779816925
|move|p1a: Gholdengo|Nasty Plot|p1a: Gholdengo
|-boost|p1a: Gholdengo|spa|2
|move|p2a: Alomomola|Scald|p1a: Gholdengo
|-damage|p1a: Gholdengo|52/100
|
|upkeep
|turn|31
|
|t:|1779816926
|move|p1a: Gholdengo|Recover|p1a: Gholdengo
|-heal|p1a: Gholdengo|100/100
|move|p2a: Alomomola|Scald|p1a: Gholdengo
|-damage|p1a: Gholdengo|85/100
|-status|p1a: Gholdengo|brn
|
|-damage|p1a: Gholdengo|79/100 brn|[from] brn
|upkeep
|turn|32
|
|t:|1779816928
|move|p1a: Gholdengo|Nasty Plot|p1a: Gholdengo
|-boost|p1a: Gholdengo|spa|2
|move|p2a: Alomomola|Flip Turn|p1a: Gholdengo
|-damage|p1a: Gholdengo|63/100 brn
|
|t:|1779816929
|switch|p2a: Mandibuzz|Mandibuzz, F, shiny|68/100|[from] Flip Turn
|-damage|p2a: Mandibuzz|43/100|[from] Stealth Rock
|
|-damage|p1a: Gholdengo|56/100 brn|[from] brn
|upkeep
|turn|33
|
|t:|1779816933
|move|p1a: Gholdengo|Thunderbolt|p2a: Mandibuzz
|-supereffective|p2a: Mandibuzz
|-damage|p2a: Mandibuzz|0 fnt
|faint|p2a: Mandibuzz
|
|-damage|p1a: Gholdengo|50/100 brn|[from] brn
|upkeep
|-message|slimypits forfeited.
|
|win|sirlsalot
|raw|sirlsalot's rating: 1514 &rarr; <strong>1536</strong><br />(+22 for winning)
|raw|slimypits's rating: 1546 &rarr; <strong>1524</strong><br />(-22 for losing)
|l|☆slimypits
|player|p2|
|l|☆sirlsalot
|player|p1|
