|j|☆claudechamp
|j|☆s1aughttt
|t:|1779839936
|gametype|singles
|player|p1|claudechamp|265|1178
|player|p2|s1aughttt|266|1179
|gen|9
|tier|[Gen 9] OU
|rated|
|rule|HP Percentage Mod: HP is shown in percentages
|rule|Endless Battle Clause: Forcing endless battles is banned
|rule|Species Clause: Limit one of each Pokémon
|rule|OHKO Clause: OHKO moves are banned
|rule|Evasion Items Clause: Evasion items are banned
|rule|Evasion Moves Clause: Evasion moves are banned
|rule|Evasion Abilities Clause: Evasion abilities are banned
|rule|Sleep Moves Clause: Sleep-inducing moves are banned
|clearpoke
|poke|p1|Gliscor, M|
|poke|p1|Gholdengo|
|poke|p1|Zamazenta-*|
|poke|p1|Blissey, F|
|poke|p1|Skarmory, F|
|poke|p1|Pecharunt|
|poke|p2|Gliscor, F|
|poke|p2|Regieleki|
|poke|p2|Dragapult, M|
|poke|p2|Tyranitar, F|
|poke|p2|Samurott-Hisui, F|
|poke|p2|Zamazenta-*|
|teampreview
|c|☆claudechamp|hf
|
|t:|1779839944
|teamsize|p1|6
|teamsize|p2|6
|start
|switch|p1a: Skarmory|Skarmory, F|100/100
|switch|p2a: Samurott|Samurott-Hisui, F|100/100
|turn|1
|inactive|Battle timer is ON: inactive players will automatically lose when time's up. (requested by claudechamp)
|
|t:|1779839976
|move|p2a: Samurott|Ceaseless Edge|p1a: Skarmory
|-damage|p1a: Skarmory|73/100
|-sidestart|p1: claudechamp|Spikes
|move|p1a: Skarmory|Spikes|p2a: Samurott
|-sidestart|p2: s1aughttt|Spikes
|
|upkeep
|turn|2
|
|t:|1779839994
|move|p2a: Samurott|Ceaseless Edge|p1a: Skarmory
|-damage|p1a: Skarmory|47/100
|-sidestart|p1: claudechamp|Spikes
|move|p1a: Skarmory|Spikes|p2a: Samurott
|-sidestart|p2: s1aughttt|Spikes
|
|upkeep
|turn|3
|
|t:|1779839999
|move|p2a: Samurott|Waterfall|p1a: Skarmory
|-damage|p1a: Skarmory|21/100
|cant|p1a: Skarmory|flinch
|
|upkeep
|turn|4
|
|t:|1779840002
|switch|p1a: Zamazenta|Zamazenta|100/100
|-ability|p1a: Zamazenta|Dauntless Shield|boost
|-boost|p1a: Zamazenta|def|1
|move|p2a: Samurott|Waterfall|p1a: Zamazenta
|-damage|p1a: Zamazenta|79/100
|
|upkeep
|turn|5
|
|t:|1779840016
|move|p1a: Zamazenta|Close Combat|p2a: Samurott
|-supereffective|p2a: Samurott
|-enditem|p2a: Samurott|Focus Sash
|-damage|p2a: Samurott|1/100
|-unboost|p1a: Zamazenta|def|1
|-unboost|p1a: Zamazenta|spd|1
|move|p2a: Samurott|Sacred Sword|p1a: Zamazenta
|-damage|p1a: Zamazenta|42/100
|
|upkeep
|turn|6
|
|t:|1779840022
|switch|p2a: Dragapult|Dragapult, M|100/100
|-damage|p2a: Dragapult|84/100|[from] Spikes
|move|p1a: Zamazenta|Heavy Slam|p2a: Dragapult
|-damage|p2a: Dragapult|40/100
|
|upkeep
|turn|7
|
|t:|1779840029
|switch|p1a: Gliscor|Gliscor, M|100/100
|move|p2a: Dragapult|Shadow Ball|p1a: Gliscor
|-crit|p1a: Gliscor
|-damage|p1a: Gliscor|35/100
|
|-status|p1a: Gliscor|tox|[from] item: Toxic Orb
|upkeep
|turn|8
|
|t:|1779840032
|switch|p1a: Blissey|Blissey, F|100/100
|move|p2a: Dragapult|Shadow Ball|p1a: Blissey
|-immune|p1a: Blissey
|
|upkeep
|turn|9
|
|t:|1779840037
|switch|p2a: Samurott|Samurott-Hisui, F|1/100
|-damage|p2a: Samurott|0 fnt|[from] Spikes
|faint|p2a: Samurott
|move|p1a: Blissey|Stealth Rock|p2: Samurott
|-sidestart|p2: s1aughttt|move: Stealth Rock
|
|upkeep
|
|t:|1779840041
|switch|p2a: Regieleki|Regieleki|100/100
|turn|10
|
|t:|1779840043
|move|p2a: Regieleki|Rapid Spin|p1a: Blissey
|-damage|p1a: Blissey|88/100
|-boost|p2a: Regieleki|spe|1
|-sideend|p2: s1aughttt|Spikes|[from] move: Rapid Spin|[of] p2a: Regieleki
|-sideend|p2: s1aughttt|Stealth Rock|[from] move: Rapid Spin|[of] p2a: Regieleki
|move|p1a: Blissey|Calm Mind|p1a: Blissey
|-boost|p1a: Blissey|spa|1
|-boost|p1a: Blissey|spd|1
|
|upkeep
|turn|11
|
|t:|1779840062
|move|p2a: Regieleki|Volt Switch|p1a: Blissey
|-crit|p1a: Blissey
|-damage|p1a: Blissey|68/100
|
|t:|1779840072
|switch|p2a: Gliscor|Gliscor, F|100/100|[from] Volt Switch
|move|p1a: Blissey|Shadow Ball|p2a: Gliscor
|-damage|p2a: Gliscor|74/100
|
|-status|p2a: Gliscor|tox|[from] item: Toxic Orb
|upkeep
|turn|12
|
|t:|1779840081
|move|p2a: Gliscor|Knock Off|p1a: Blissey
|-damage|p1a: Blissey|43/100
|-enditem|p1a: Blissey|Heavy-Duty Boots|[from] move: Knock Off|[of] p2a: Gliscor
|move|p1a: Blissey|Stealth Rock|p2a: Gliscor
|-sidestart|p2: s1aughttt|move: Stealth Rock
|
|-heal|p2a: Gliscor|86/100 tox|[from] ability: Poison Heal
|upkeep
|turn|13
|
|t:|1779840095
|move|p2a: Gliscor|Earthquake|p1a: Blissey
|-damage|p1a: Blissey|0 fnt
|faint|p1a: Blissey
|
|-heal|p2a: Gliscor|99/100 tox|[from] ability: Poison Heal
|upkeep
|
|t:|1779840105
|switch|p1a: Gliscor|Gliscor, M|35/100 tox
|turn|14
|
|t:|1779840115
|move|p1a: Gliscor|Knock Off|p2a: Gliscor
|-damage|p2a: Gliscor|85/100 tox
|-enditem|p2a: Gliscor|Toxic Orb|[from] move: Knock Off|[of] p1a: Gliscor
|move|p2a: Gliscor|Knock Off|p1a: Gliscor
|-damage|p1a: Gliscor|14/100 tox
|-enditem|p1a: Gliscor|Toxic Orb|[from] move: Knock Off|[of] p2a: Gliscor
|
|-heal|p1a: Gliscor|26/100 tox|[from] ability: Poison Heal
|-heal|p2a: Gliscor|97/100 tox|[from] ability: Poison Heal
|upkeep
|turn|15
|
|t:|1779840125
|move|p1a: Gliscor|Knock Off|p2a: Gliscor
|-damage|p2a: Gliscor|88/100 tox
|move|p2a: Gliscor|Dual Wingbeat|p1a: Gliscor
|-damage|p1a: Gliscor|14/100 tox
|-damage|p1a: Gliscor|2/100 tox
|-hitcount|p1a: Gliscor|2
|
|-heal|p1a: Gliscor|14/100 tox|[from] ability: Poison Heal
|-heal|p2a: Gliscor|100/100 tox|[from] ability: Poison Heal
|upkeep
|turn|16
|
|t:|1779840130
|move|p1a: Gliscor|Protect|p1a: Gliscor
|-singleturn|p1a: Gliscor|Protect
|move|p2a: Gliscor|Dual Wingbeat|p1a: Gliscor
|-activate|p1a: Gliscor|move: Protect
|
|-heal|p1a: Gliscor|27/100 tox|[from] ability: Poison Heal
|upkeep
|turn|17
|
|t:|1779840142
|move|p1a: Gliscor|Swords Dance|p1a: Gliscor
|-boost|p1a: Gliscor|atk|2
|move|p2a: Gliscor|Dual Wingbeat|p1a: Gliscor
|-damage|p1a: Gliscor|14/100 tox
|-damage|p1a: Gliscor|0 fnt
|faint|p1a: Gliscor
|-hitcount|p1: Gliscor|2
|
|upkeep
|
|t:|1779840152
|switch|p1a: Zamazenta|Zamazenta|42/100
|turn|18
|
|t:|1779840158
|move|p1a: Zamazenta|Ice Fang|p2a: Gliscor
|-supereffective|p2a: Gliscor
|-crit|p2a: Gliscor
|-damage|p2a: Gliscor|20/100 tox
|move|p2a: Gliscor|Earthquake|p1a: Zamazenta
|-damage|p1a: Zamazenta|3/100
|
|-heal|p2a: Gliscor|33/100 tox|[from] ability: Poison Heal
|upkeep
|turn|19
|
|t:|1779840163
|-terastallize|p2a: Gliscor|Water
|move|p1a: Zamazenta|Ice Fang|p2a: Gliscor
|-resisted|p2a: Gliscor
|-damage|p2a: Gliscor|25/100 tox
|move|p2a: Gliscor|Knock Off|p1a: Zamazenta
|-resisted|p1a: Zamazenta
|-damage|p1a: Zamazenta|0 fnt
|-enditem|p1a: Zamazenta|Heavy-Duty Boots|[from] move: Knock Off|[of] p2a: Gliscor
|faint|p1a: Zamazenta
|
|-heal|p2a: Gliscor|38/100 tox|[from] ability: Poison Heal
|upkeep
|
|t:|1779840167
|switch|p1a: Gholdengo|Gholdengo|100/100
|-damage|p1a: Gholdengo|84/100|[from] Spikes
|turn|20
|
|t:|1779840176
|move|p1a: Gholdengo|Hex|p2a: Gliscor
|-damage|p2a: Gliscor|0 fnt
|faint|p2a: Gliscor
|
|upkeep
|
|t:|1779840178
|switch|p2a: Tyranitar|Tyranitar, F|100/100
|-damage|p2a: Tyranitar|88/100|[from] Stealth Rock
|-weather|Sandstorm|[from] ability: Sand Stream|[of] p2a: Tyranitar
|turn|21
|
|t:|1779840183
|-terastallize|p1a: Gholdengo|Fairy
|move|p1a: Gholdengo|Nasty Plot|p1a: Gholdengo
|-boost|p1a: Gholdengo|spa|2
|move|p2a: Tyranitar|Crunch|p1a: Gholdengo
|-resisted|p1a: Gholdengo
|-damage|p1a: Gholdengo|69/100
|
|-weather|Sandstorm|[upkeep]
|-damage|p1a: Gholdengo|63/100|[from] Sandstorm
|upkeep
|turn|22
|
|t:|1779840194
|move|p1a: Gholdengo|Recover|p1a: Gholdengo
|-heal|p1a: Gholdengo|100/100
|move|p2a: Tyranitar|Iron Head|p1a: Gholdengo
|-supereffective|p1a: Gholdengo
|-damage|p1a: Gholdengo|60/100
|
|-weather|Sandstorm|[upkeep]
|-damage|p1a: Gholdengo|54/100|[from] Sandstorm
|upkeep
|turn|23
|
|t:|1779840204
|move|p1a: Gholdengo|Recover|p1a: Gholdengo
|-heal|p1a: Gholdengo|100/100
|move|p2a: Tyranitar|Iron Head|p1a: Gholdengo
|-supereffective|p1a: Gholdengo
|-damage|p1a: Gholdengo|61/100
|
|-weather|Sandstorm|[upkeep]
|-damage|p1a: Gholdengo|55/100|[from] Sandstorm
|upkeep
|turn|24
|
|t:|1779840209
|move|p1a: Gholdengo|Recover|p1a: Gholdengo
|-heal|p1a: Gholdengo|100/100
|move|p2a: Tyranitar|Iron Head|p1a: Gholdengo
|-supereffective|p1a: Gholdengo
|-damage|p1a: Gholdengo|63/100
|
|-weather|Sandstorm|[upkeep]
|-damage|p1a: Gholdengo|57/100|[from] Sandstorm
|upkeep
|turn|25
|
|t:|1779840224
|move|p1a: Gholdengo|Recover|p1a: Gholdengo
|-heal|p1a: Gholdengo|100/100
|move|p2a: Tyranitar|Iron Head|p1a: Gholdengo
|-supereffective|p1a: Gholdengo
|-damage|p1a: Gholdengo|60/100
|
|-weather|none
|upkeep
|turn|26
|
|t:|1779840235
|move|p1a: Gholdengo|Thunder Wave|p2a: Tyranitar
|-status|p2a: Tyranitar|par
|move|p2a: Tyranitar|Iron Head|p1a: Gholdengo
|-supereffective|p1a: Gholdengo
|-damage|p1a: Gholdengo|19/100
|
|upkeep
|turn|27
|
|t:|1779840254
|move|p1a: Gholdengo|Recover|p1a: Gholdengo
|-heal|p1a: Gholdengo|69/100
|cant|p2a: Tyranitar|par
|
|upkeep
|turn|28
|l|☆s1aughttt
|inactive|s1aughttt disconnected and has a minute to reconnect!
|player|p2|
|inactive|s1aughttt has 30 seconds to reconnect!
|inactive|s1aughttt has 20 seconds to reconnect!
|inactive|s1aughttt has 15 seconds to reconnect!
|inactive|s1aughttt has 10 seconds to reconnect!
|inactive|s1aughttt has 5 seconds to reconnect!
|-message|s1aughttt lost due to inactivity.
|
|win|claudechamp
|raw|claudechamp's rating: 1149 &rarr; <strong>1176</strong><br />(+27 for winning)
|raw|s1aughttt's rating: 1179 &rarr; <strong>1152</strong><br />(-27 for losing)
|c|☆claudechamp|gg
