|j|☆roddyj
|j|☆delchef
|t:|1779893883
|gametype|singles
|player|p1|roddyj|ethan|1564
|player|p2|delchef|bugcatcher-gen1|1579
|gen|9
|tier|[Gen 9] OU
|rated|
|rule|HP Percentage Mod: HP is shown in percentages
|rule|Endless Battle Clause: Forcing endless battles is banned
|rule|Species Clause: Limit one of each Pokémon
|rule|OHKO Clause: OHKO moves are banned
|rule|Evasion Items Clause: Evasion items are banned
|rule|Evasion Moves Clause: Evasion moves are banned
|rule|Evasion Abilities Clause: Evasion abilities are banned
|rule|Sleep Moves Clause: Sleep-inducing moves are banned
|clearpoke
|poke|p1|Mamoswine, F|
|poke|p1|Kingambit, M|
|poke|p1|Serperior, F|
|poke|p1|Gyarados, F|
|poke|p1|Weezing-Galar, F|
|poke|p1|Milotic, M|
|poke|p2|Tyranitar, M|
|poke|p2|Hydrapple, F|
|poke|p2|Enamorus, F|
|poke|p2|Garganacl, F|
|poke|p2|Excadrill, F|
|poke|p2|Alomomola, M|
|teampreview
|inactive|Battle timer is ON: inactive players will automatically lose when time's up. (requested by roddyj)
|inactive|delchef has 120 seconds left.
|
|t:|1779893988
|teamsize|p1|6
|teamsize|p2|6
|start
|switch|p1a: Mamoswine|Mamoswine, F, shiny|100/100
|switch|p2a: Tyranitar|Tyranitar, M|100/100
|-weather|Sandstorm|[from] ability: Sand Stream|[of] p2a: Tyranitar
|turn|1
|j| npbijmailo
|
|t:|1779894002
|switch|p2a: Alomomola|Alomomola, M|100/100
|move|p1a: Mamoswine|Stealth Rock|p2a: Alomomola
|-sidestart|p2: delchef|move: Stealth Rock
|
|-weather|Sandstorm|[upkeep]
|-damage|p2a: Alomomola|94/100|[from] Sandstorm
|upkeep
|turn|2
|l| npbijmailo
|
|t:|1779894013
|switch|p1a: Serperior|Serperior, F, shiny|100/100
|move|p2a: Alomomola|Scald|p1a: Serperior
|-resisted|p1a: Serperior
|-damage|p1a: Serperior|93/100
|-status|p1a: Serperior|brn
|
|-weather|Sandstorm|[upkeep]
|-damage|p1a: Serperior|87/100 brn|[from] Sandstorm
|-damage|p2a: Alomomola|88/100|[from] Sandstorm
|-heal|p1a: Serperior|93/100 brn|[from] item: Leftovers
|-damage|p1a: Serperior|87/100 brn|[from] brn
|upkeep
|turn|3
|
|t:|1779894019
|move|p1a: Serperior|Glare|p2a: Alomomola
|-status|p2a: Alomomola|par
|cant|p2a: Alomomola|par
|
|-weather|Sandstorm|[upkeep]
|-damage|p1a: Serperior|81/100 brn|[from] Sandstorm
|-damage|p2a: Alomomola|82/100 par|[from] Sandstorm
|-heal|p1a: Serperior|87/100 brn|[from] item: Leftovers
|-damage|p1a: Serperior|81/100 brn|[from] brn
|upkeep
|turn|4
|
|t:|1779894030
|move|p1a: Serperior|Substitute|p1a: Serperior
|-start|p1a: Serperior|Substitute
|-damage|p1a: Serperior|56/100 brn
|move|p2a: Alomomola|Flip Turn|p1a: Serperior
|-resisted|p1a: Serperior
|-activate|p1a: Serperior|move: Substitute|[damage]
|
|t:|1779894042
|switch|p2a: Hydrapple|Hydrapple, F|100/100|[from] Flip Turn
|-damage|p2a: Hydrapple|88/100|[from] Stealth Rock
|
|-weather|Sandstorm|[upkeep]
|-damage|p1a: Serperior|50/100 brn|[from] Sandstorm
|-damage|p2a: Hydrapple|82/100|[from] Sandstorm
|-heal|p1a: Serperior|56/100 brn|[from] item: Leftovers
|-damage|p1a: Serperior|50/100 brn|[from] brn
|upkeep
|turn|5
|
|t:|1779894045
|move|p1a: Serperior|Glare|p2a: Hydrapple
|-status|p2a: Hydrapple|par
|move|p2a: Hydrapple|Fickle Beam|p1a: Serperior
|-end|p1a: Serperior|Substitute
|
|-weather|none
|-heal|p1a: Serperior|56/100 brn|[from] item: Leftovers
|-damage|p1a: Serperior|50/100 brn|[from] brn
|upkeep
|turn|6
|
|t:|1779894053
|switch|p1a: Milotic|Milotic, M, shiny|100/100
|move|p2a: Hydrapple|Fickle Beam|p1a: Milotic
|-damage|p1a: Milotic|85/100
|
|upkeep
|turn|7
|
|t:|1779894060
|switch|p2a: Alomomola|Alomomola, M|100/100 par
|-damage|p2a: Alomomola|88/100 par|[from] Stealth Rock
|move|p1a: Milotic|Flip Turn|p2a: Alomomola
|-resisted|p2a: Alomomola
|-damage|p2a: Alomomola|84/100 par
|
|t:|1779894087
|switch|p1a: Serperior|Serperior, F, shiny|50/100 brn|[from] Flip Turn
|
|-heal|p1a: Serperior|56/100 brn|[from] item: Leftovers
|-damage|p1a: Serperior|50/100 brn|[from] brn
|upkeep
|turn|8
|
|t:|1779894094
|move|p1a: Serperior|Leaf Storm|p2a: Alomomola|[miss]
|-miss|p1a: Serperior|p2a: Alomomola
|move|p2a: Alomomola|Flip Turn|p1a: Serperior
|-resisted|p1a: Serperior
|-damage|p1a: Serperior|42/100 brn
|
|t:|1779894100
|switch|p2a: Enamorus|Enamorus, F|100/100|[from] Flip Turn
|-damage|p2a: Enamorus|76/100|[from] Stealth Rock
|
|-heal|p1a: Serperior|48/100 brn|[from] item: Leftovers
|-damage|p1a: Serperior|42/100 brn|[from] brn
|upkeep
|turn|9
|
|t:|1779894108
|switch|p2a: Excadrill|Excadrill, F|100/100
|-damage|p2a: Excadrill|97/100|[from] Stealth Rock
|move|p1a: Serperior|Glare|p2a: Excadrill
|-status|p2a: Excadrill|par
|
|-heal|p1a: Serperior|48/100 brn|[from] item: Leftovers
|-heal|p2a: Excadrill|100/100 par|[from] item: Leftovers
|-damage|p1a: Serperior|42/100 brn|[from] brn
|upkeep
|turn|10
|
|t:|1779894111
|move|p1a: Serperior|Leaf Storm|p2a: Excadrill
|-damage|p2a: Excadrill|53/100 par
|-boost|p1a: Serperior|spa|2
|move|p2a: Excadrill|Rapid Spin|p1a: Serperior
|-damage|p1a: Serperior|25/100 brn
|-boost|p2a: Excadrill|spe|1
|-sideend|p2: delchef|Stealth Rock|[from] move: Rapid Spin|[of] p2a: Excadrill
|
|-heal|p1a: Serperior|31/100 brn|[from] item: Leftovers
|-heal|p2a: Excadrill|59/100 par|[from] item: Leftovers
|-damage|p1a: Serperior|25/100 brn|[from] brn
|upkeep
|turn|11
|
|t:|1779894122
|switch|p2a: Enamorus|Enamorus, F|76/100
|move|p1a: Serperior|Leaf Storm|p2a: Enamorus
|-resisted|p2a: Enamorus
|-damage|p2a: Enamorus|25/100
|-boost|p1a: Serperior|spa|2
|
|-heal|p1a: Serperior|31/100 brn|[from] item: Leftovers
|-damage|p1a: Serperior|25/100 brn|[from] brn
|upkeep
|turn|12
|
|t:|1779894126
|move|p2a: Enamorus|Moonblast|p1a: Serperior
|-damage|p1a: Serperior|0 fnt
|faint|p1a: Serperior
|
|upkeep
|
|t:|1779894135
|switch|p1a: Mamoswine|Mamoswine, F, shiny|100/100
|turn|13
|
|t:|1779894138
|move|p1a: Mamoswine|Ice Shard|p2a: Enamorus
|-supereffective|p2a: Enamorus
|-damage|p2a: Enamorus|0 fnt
|faint|p2a: Enamorus
|
|upkeep
|
|t:|1779894142
|switch|p2a: Tyranitar|Tyranitar, M|100/100
|-weather|Sandstorm|[from] ability: Sand Stream|[of] p2a: Tyranitar
|turn|14
|
|t:|1779894147
|move|p1a: Mamoswine|Stealth Rock|p2a: Tyranitar
|-sidestart|p2: delchef|move: Stealth Rock
|move|p2a: Tyranitar|Low Kick|p1a: Mamoswine
|-supereffective|p1a: Mamoswine
|-enditem|p1a: Mamoswine|Focus Sash
|-damage|p1a: Mamoswine|1/100
|
|-weather|Sandstorm|[upkeep]
|upkeep
|turn|15
|
|t:|1779894155
|switch|p2a: Hydrapple|Hydrapple, F|100/100 par
|-damage|p2a: Hydrapple|88/100 par|[from] Stealth Rock
|move|p1a: Mamoswine|Endeavor|p2a: Hydrapple
|-damage|p2a: Hydrapple|1/100 par
|-damage|p1a: Mamoswine|0 fnt|[from] item: Rocky Helmet|[of] p2a: Hydrapple
|faint|p1a: Mamoswine
|
|-weather|Sandstorm|[upkeep]
|-damage|p2a: Hydrapple|0 fnt|[from] Sandstorm
|faint|p2a: Hydrapple
|upkeep
|
|t:|1779894167
|switch|p1a: Milotic|Milotic, M, shiny|85/100
|switch|p2a: Tyranitar|Tyranitar, M|100/100
|-damage|p2a: Tyranitar|88/100|[from] Stealth Rock
|turn|16
|
|t:|1779894170
|-terastallize|p2a: Tyranitar|Rock
|move|p2a: Tyranitar|Stone Edge|p1a: Milotic
|-damage|p1a: Milotic|0 fnt
|faint|p1a: Milotic
|
|-weather|Sandstorm|[upkeep]
|upkeep
|
|t:|1779894177
|switch|p1a: Weezing|Weezing-Galar, F, shiny|100/100
|turn|17
|
|t:|1779894181
|switch|p2a: Garganacl|Garganacl, F|100/100
|-damage|p2a: Garganacl|88/100|[from] Stealth Rock
|move|p1a: Weezing|Strange Steam|p2a: Garganacl
|-crit|p2a: Garganacl
|-damage|p2a: Garganacl|69/100
|
|-weather|Sandstorm|[upkeep]
|-damage|p1a: Weezing|94/100|[from] Sandstorm
|-heal|p1a: Weezing|100/100|[from] item: Leftovers
|-heal|p2a: Garganacl|75/100|[from] item: Leftovers
|upkeep
|turn|18
|
|t:|1779894184
|move|p1a: Weezing|Acid Spray|p2a: Garganacl
|-resisted|p2a: Garganacl
|-damage|p2a: Garganacl|73/100
|-unboost|p2a: Garganacl|spd|2
|move|p2a: Garganacl|Salt Cure|p1a: Weezing
|-damage|p1a: Weezing|92/100
|-start|p1a: Weezing|Salt Cure
|
|-weather|none
|-heal|p1a: Weezing|98/100|[from] item: Leftovers
|-heal|p2a: Garganacl|79/100|[from] item: Leftovers
|-damage|p1a: Weezing|86/100|[from] Salt Cure
|upkeep
|turn|19
|
|t:|1779894189
|move|p1a: Weezing|Strange Steam|p2a: Garganacl
|-damage|p2a: Garganacl|39/100
|-start|p2a: Garganacl|confusion
|-activate|p2a: Garganacl|confusion
|-damage|p2a: Garganacl|33/100|[from] confusion
|
|-heal|p1a: Weezing|92/100|[from] item: Leftovers
|-heal|p2a: Garganacl|39/100|[from] item: Leftovers
|-damage|p1a: Weezing|79/100|[from] Salt Cure
|upkeep
|turn|20
|
|t:|1779894198
|move|p1a: Weezing|Strange Steam|p2a: Garganacl
|-damage|p2a: Garganacl|0 fnt
|faint|p2a: Garganacl
|
|-heal|p1a: Weezing|85/100|[from] item: Leftovers
|-damage|p1a: Weezing|73/100|[from] Salt Cure
|upkeep
|
|t:|1779894202
|switch|p2a: Excadrill|Excadrill, F|59/100 par
|-damage|p2a: Excadrill|56/100 par|[from] Stealth Rock
|turn|21
|
|t:|1779894206
|switch|p1a: Gyarados|Gyarados, F, shiny|100/100
|cant|p2a: Excadrill|par
|
|-heal|p2a: Excadrill|62/100 par|[from] item: Leftovers
|upkeep
|turn|22
|
|t:|1779894211
|switch|p2a: Alomomola|Alomomola, M|100/100 par
|-damage|p2a: Alomomola|88/100 par|[from] Stealth Rock
|move|p1a: Gyarados|Waterfall|p2a: Alomomola
|-resisted|p2a: Alomomola
|-damage|p2a: Alomomola|74/100 par
|
|upkeep
|turn|23
|
|t:|1779894216
|move|p1a: Gyarados|Substitute|p1a: Gyarados
|-start|p1a: Gyarados|Substitute
|-damage|p1a: Gyarados|76/100
|move|p2a: Alomomola|Body Slam|p1a: Gyarados
|-activate|p1a: Gyarados|move: Substitute|[damage]
|
|-heal|p1a: Gyarados|82/100|[from] item: Leftovers
|upkeep
|turn|24
|
|t:|1779894222
|move|p1a: Gyarados|Dragon Dance|p1a: Gyarados
|-boost|p1a: Gyarados|atk|1
|-boost|p1a: Gyarados|spe|1
|move|p2a: Alomomola|Flip Turn|p1a: Gyarados
|-resisted|p1a: Gyarados
|-end|p1a: Gyarados|Substitute
|
|t:|1779894224
|switch|p2a: Tyranitar|Tyranitar, M, tera:Rock|88/100|[from] Flip Turn
|-damage|p2a: Tyranitar|76/100|[from] Stealth Rock
|-weather|Sandstorm|[from] ability: Sand Stream|[of] p2a: Tyranitar
|
|-weather|Sandstorm|[upkeep]
|-damage|p1a: Gyarados|76/100|[from] Sandstorm
|-heal|p1a: Gyarados|82/100|[from] item: Leftovers
|upkeep
|turn|25
|
|t:|1779894228
|switch|p2a: Alomomola|Alomomola, M|100/100 par
|-damage|p2a: Alomomola|88/100 par|[from] Stealth Rock
|move|p1a: Gyarados|Substitute|p1a: Gyarados
|-start|p1a: Gyarados|Substitute
|-damage|p1a: Gyarados|57/100
|
|-weather|Sandstorm|[upkeep]
|-damage|p1a: Gyarados|51/100|[from] Sandstorm
|-damage|p2a: Alomomola|82/100 par|[from] Sandstorm
|-heal|p1a: Gyarados|57/100|[from] item: Leftovers
|upkeep
|turn|26
|
|t:|1779894230
|move|p1a: Gyarados|Dragon Dance|p1a: Gyarados
|-boost|p1a: Gyarados|atk|1
|-boost|p1a: Gyarados|spe|1
|move|p2a: Alomomola|Flip Turn|p1a: Gyarados
|-resisted|p1a: Gyarados
|-activate|p1a: Gyarados|move: Substitute|[damage]
|
|t:|1779894234
|switch|p2a: Excadrill|Excadrill, F|62/100 par|[from] Flip Turn
|-damage|p2a: Excadrill|59/100 par|[from] Stealth Rock
|
|-weather|Sandstorm|[upkeep]
|-damage|p1a: Gyarados|51/100|[from] Sandstorm
|-heal|p1a: Gyarados|57/100|[from] item: Leftovers
|-heal|p2a: Excadrill|65/100 par|[from] item: Leftovers
|upkeep
|turn|27
|-message|delchef forfeited.
|
|win|roddyj
|raw|roddyj's rating: 1564 &rarr; <strong>1585</strong><br />(+21 for winning)
|raw|delchef's rating: 1579 &rarr; <strong>1558</strong><br />(-21 for losing)
|l|☆delchef
|player|p2|
|l|☆roddyj
|player|p1|
