|j|☆swooningdekooning
|j|☆AKGD
|t:|1779905881
|gametype|singles
|player|p1|swooningdekooning|unknown|1473
|player|p2|AKGD|miku-flying|1543
|gen|9
|tier|[Gen 9] OU
|rated|
|rule|HP Percentage Mod: HP is shown in percentages
|rule|Endless Battle Clause: Forcing endless battles is banned
|rule|Species Clause: Limit one of each Pokémon
|rule|OHKO Clause: OHKO moves are banned
|rule|Evasion Items Clause: Evasion items are banned
|rule|Evasion Moves Clause: Evasion moves are banned
|rule|Evasion Abilities Clause: Evasion abilities are banned
|rule|Sleep Moves Clause: Sleep-inducing moves are banned
|clearpoke
|poke|p1|Iron Valiant|
|poke|p1|Gliscor, F|
|poke|p1|Slowking-Galar, F|
|poke|p1|Great Tusk|
|poke|p1|Dragapult, M|
|poke|p1|Skarmory, F|
|poke|p2|Iron Moth|
|poke|p2|Ogerpon-Wellspring, F|
|poke|p2|Raging Bolt|
|poke|p2|Great Tusk|
|poke|p2|Darkrai|
|poke|p2|Deoxys-Speed|
|teampreview
|inactive|Battle timer is ON: inactive players will automatically lose when time's up. (requested by AKGD)
|
|t:|1779905885
|teamsize|p1|6
|teamsize|p2|6
|start
|switch|p1a: Slowking|Slowking-Galar, F|100/100
|switch|p2a: Deoxys|Deoxys-Speed|100/100
|-ability|p2a: Deoxys|Pressure
|turn|1
|
|t:|1779905891
|move|p2a: Deoxys|Taunt|p1a: Slowking
|-start|p1a: Slowking|move: Taunt
|cant|p1a: Slowking|move: Taunt|Toxic
|
|upkeep
|turn|2
|
|t:|1779905897
|move|p2a: Deoxys|Light Screen|p2a: Deoxys
|-sidestart|p2: AKGD|move: Light Screen
|move|p1a: Slowking|Sludge Bomb|p2a: Deoxys
|-damage|p2a: Deoxys|78/100
|-status|p2a: Deoxys|psn
|
|-damage|p2a: Deoxys|66/100 psn|[from] psn
|upkeep
|turn|3
|
|t:|1779905904
|move|p2a: Deoxys|Reflect|p2a: Deoxys
|-sidestart|p2: AKGD|Reflect
|move|p1a: Slowking|Future Sight|p2a: Deoxys
|-start|p1a: Slowking|move: Future Sight
|
|-damage|p2a: Deoxys|54/100 psn|[from] psn
|-end|p1a: Slowking|move: Taunt
|upkeep
|turn|4
|
|t:|1779905909
|switch|p1a: Gliscor|Gliscor, F|100/100
|move|p2a: Deoxys|Taunt|p1a: Gliscor
|-start|p1a: Gliscor|move: Taunt
|
|-damage|p2a: Deoxys|41/100 psn|[from] psn
|-status|p1a: Gliscor|tox|[from] item: Toxic Orb
|upkeep
|turn|5
|
|t:|1779905917
|move|p2a: Deoxys|Icy Wind|p1a: Gliscor
|-supereffective|p1a: Gliscor
|-damage|p1a: Gliscor|58/100 tox
|-unboost|p1a: Gliscor|spe|1
|move|p1a: Gliscor|Knock Off|p2a: Deoxys
|-supereffective|p2a: Deoxys
|-damage|p2a: Deoxys|16/100 psn
|-enditem|p2a: Deoxys|Light Clay|[from] move: Knock Off|[of] p1a: Gliscor
|
|-end|p2a: Deoxys|move: Future Sight
|-resisted|p2a: Deoxys
|-damage|p2a: Deoxys|2/100 psn
|-damage|p2a: Deoxys|0 fnt|[from] psn
|faint|p2a: Deoxys
|-heal|p1a: Gliscor|71/100 tox|[from] ability: Poison Heal
|upkeep
|
|t:|1779905943
|switch|p2a: Iron Moth|Iron Moth|100/100
|-enditem|p2a: Iron Moth|Booster Energy
|-activate|p2a: Iron Moth|ability: Quark Drive|[fromitem]
|-start|p2a: Iron Moth|quarkdrivespe
|turn|6
|
|t:|1779905950
|move|p2a: Iron Moth|Fiery Dance|p1a: Gliscor
|-damage|p1a: Gliscor|39/100 tox
|-boost|p2a: Iron Moth|spa|1
|move|p1a: Gliscor|Earthquake|p2a: Iron Moth
|-supereffective|p2a: Iron Moth
|-damage|p2a: Iron Moth|0 fnt
|faint|p2a: Iron Moth
|-end|p2a: Iron Moth|Quark Drive|[silent]
|
|-heal|p1a: Gliscor|51/100 tox|[from] ability: Poison Heal
|-end|p1a: Gliscor|move: Taunt
|upkeep
|
|t:|1779905963
|switch|p2a: Darkrai|Darkrai|100/100
|turn|7
|
|t:|1779905975
|move|p2a: Darkrai|Nasty Plot|p2a: Darkrai
|-boost|p2a: Darkrai|spa|2
|move|p1a: Gliscor|U-turn|p2a: Darkrai
|-supereffective|p2a: Darkrai
|-damage|p2a: Darkrai|81/100
|
|t:|1779905978
|switch|p1a: Dragapult|Dragapult, M|100/100|[from] U-turn
|
|upkeep
|turn|8
|
|t:|1779905985
|move|p1a: Dragapult|U-turn|p2a: Darkrai
|-supereffective|p2a: Darkrai
|-damage|p2a: Darkrai|35/100
|
|t:|1779905990
|switch|p1a: Gliscor|Gliscor, F|51/100 tox|[from] U-turn
|move|p2a: Darkrai|Dark Pulse|p1a: Gliscor
|-damage|p1a: Gliscor|0 fnt
|faint|p1a: Gliscor
|
|upkeep
|
|t:|1779905996
|switch|p1a: Dragapult|Dragapult, M|100/100
|turn|9
|
|t:|1779906005
|-terastallize|p2a: Darkrai|Poison
|move|p1a: Dragapult|U-turn|p2a: Darkrai
|-resisted|p2a: Darkrai
|-damage|p2a: Darkrai|23/100
|
|t:|1779906009
|switch|p1a: Slowking|Slowking-Galar, F|100/100|[from] U-turn
|move|p2a: Darkrai|Ice Beam|p1a: Slowking
|-damage|p1a: Slowking|62/100
|
|-sideend|p2: AKGD|move: Light Screen
|upkeep
|turn|10
|
|t:|1779906016
|move|p2a: Darkrai|Dark Pulse|p1a: Slowking
|-supereffective|p1a: Slowking
|-crit|p1a: Slowking
|-damage|p1a: Slowking|0 fnt
|faint|p1a: Slowking
|
|-sideend|p2: AKGD|Reflect
|upkeep
|
|t:|1779906021
|switch|p1a: Dragapult|Dragapult, M|100/100
|turn|11
|
|t:|1779906026
|move|p1a: Dragapult|Dragon Darts|p2a: Darkrai
|-damage|p2a: Darkrai|0 fnt
|faint|p2a: Darkrai
|
|upkeep
|
|t:|1779906040
|switch|p2a: Dragonship|Great Tusk|100/100
|-enditem|p2a: Dragonship|Booster Energy
|-activate|p2a: Dragonship|ability: Protosynthesis|[fromitem]
|-start|p2a: Dragonship|protosynthesisspe
|turn|12
|
|t:|1779906046
|switch|p1a: Skarmory|Skarmory, F|100/100
|move|p2a: Dragonship|Bulk Up|p2a: Dragonship
|-boost|p2a: Dragonship|atk|1
|-boost|p2a: Dragonship|def|1
|
|upkeep
|turn|13
|
|t:|1779906054
|move|p2a: Dragonship|Ice Spinner|p1a: Skarmory
|-damage|p1a: Skarmory|80/100
|-damage|p2a: Dragonship|84/100|[from] item: Rocky Helmet|[of] p1a: Skarmory
|move|p1a: Skarmory|Whirlwind|p2a: Dragonship
|-end|p2a: Dragonship|Protosynthesis|[silent]
|drag|p2a: Raging Bolt|Raging Bolt|100/100
|-enditem|p2a: Raging Bolt|Booster Energy
|-activate|p2a: Raging Bolt|ability: Protosynthesis|[fromitem]
|-start|p2a: Raging Bolt|protosynthesisspa
|
|upkeep
|turn|14
|
|t:|1779906077
|switch|p1a: Great Tusk|Great Tusk|100/100
|move|p2a: Raging Bolt|Dragon Pulse|p1a: Great Tusk
|-crit|p1a: Great Tusk
|-damage|p1a: Great Tusk|0 fnt
|faint|p1a: Great Tusk
|-end|p1a: Great Tusk|Protosynthesis|[silent]
|
|upkeep
|
|t:|1779906081
|switch|p1a: Iron Valiant|Iron Valiant|100/100
|turn|15
|
|t:|1779906089
|move|p1a: Iron Valiant|Moonblast|p2a: Raging Bolt
|-supereffective|p2a: Raging Bolt
|-damage|p2a: Raging Bolt|0 fnt
|faint|p2a: Raging Bolt
|-end|p2a: Raging Bolt|Protosynthesis|[silent]
|
|upkeep
|
|t:|1779906099
|switch|p2a: Ogerpon|Ogerpon-Wellspring, F|100/100
|turn|16
|
|t:|1779906103
|move|p2a: Ogerpon|Trailblaze|p1a: Iron Valiant
|-damage|p1a: Iron Valiant|61/100
|-boost|p2a: Ogerpon|spe|1
|move|p1a: Iron Valiant|Moonblast|p2a: Ogerpon
|-damage|p2a: Ogerpon|6/100
|
|upkeep
|turn|17
|
|t:|1779906112
|-end|p1a: Iron Valiant|Quark Drive|[silent]
|switch|p1a: Skarmory|Skarmory, F|80/100
|move|p2a: Ogerpon|Ivy Cudgel|p1a: Skarmory|[anim] Ivy Cudgel Water
|-damage|p1a: Skarmory|47/100
|
|upkeep
|turn|18
|
|t:|1779906120
|move|p2a: Ogerpon|Ivy Cudgel|p1a: Skarmory|[anim] Ivy Cudgel Water
|-damage|p1a: Skarmory|14/100
|move|p1a: Skarmory|Roost|p1a: Skarmory
|-heal|p1a: Skarmory|64/100
|-singleturn|p1a: Skarmory|move: Roost
|
|upkeep
|turn|19
|
|t:|1779906132
|move|p2a: Ogerpon|Swords Dance|p2a: Ogerpon
|-boost|p2a: Ogerpon|atk|2
|move|p1a: Skarmory|Roost|p1a: Skarmory
|-heal|p1a: Skarmory|100/100
|-singleturn|p1a: Skarmory|move: Roost
|
|upkeep
|turn|20
|j| RedemptiveSketch
|
|t:|1779906139
|move|p2a: Ogerpon|Ivy Cudgel|p1a: Skarmory|[anim] Ivy Cudgel Water
|-damage|p1a: Skarmory|35/100
|move|p1a: Skarmory|Brave Bird|p2a: Ogerpon
|-supereffective|p2a: Ogerpon
|-damage|p2a: Ogerpon|0 fnt
|faint|p2a: Ogerpon
|-damage|p1a: Skarmory|33/100|[from] Recoil
|
|upkeep
|
|t:|1779906146
|switch|p2a: Dragonship|Great Tusk|84/100
|turn|21
|
|t:|1779906173
|move|p2a: Dragonship|Bulk Up|p2a: Dragonship
|-boost|p2a: Dragonship|atk|1
|-boost|p2a: Dragonship|def|1
|move|p1a: Skarmory|Brave Bird|p2a: Dragonship
|-supereffective|p2a: Dragonship
|-damage|p2a: Dragonship|54/100
|-damage|p1a: Skarmory|20/100|[from] Recoil
|
|upkeep
|turn|22
|
|t:|1779906186
|move|p2a: Dragonship|Ice Spinner|p1a: Skarmory
|-damage|p1a: Skarmory|0 fnt
|-damage|p2a: Dragonship|38/100|[from] item: Rocky Helmet|[of] p1a: Skarmory
|faint|p1a: Skarmory
|
|upkeep
|
|t:|1779906192
|switch|p1a: Iron Valiant|Iron Valiant|61/100
|turn|23
|
|t:|1779906197
|move|p1a: Iron Valiant|Moonblast|p2a: Dragonship
|-supereffective|p2a: Dragonship
|-damage|p2a: Dragonship|0 fnt
|faint|p2a: Dragonship
|-end|p2a: Dragonship|Protosynthesis|[silent]
|
|win|swooningdekooning
|raw|swooningdekooning's rating: 1473 &rarr; <strong>1497</strong><br />(+24 for winning)
|raw|AKGD's rating: 1543 &rarr; <strong>1519</strong><br />(-24 for losing)
|c|☆AKGD|gg
|c|☆swooningdekooning|gg
