|j|☆jkreyes1
|j|☆Chococroc
|t:|1779893029
|gametype|singles
|player|p1|jkreyes1|volkner|1489
|player|p2|Chococroc|pokemaniac|1600
|gen|9
|tier|[Gen 9] OU
|rated|
|rule|HP Percentage Mod: HP is shown in percentages
|rule|Endless Battle Clause: Forcing endless battles is banned
|rule|Species Clause: Limit one of each Pokémon
|rule|OHKO Clause: OHKO moves are banned
|rule|Evasion Items Clause: Evasion items are banned
|rule|Evasion Moves Clause: Evasion moves are banned
|rule|Evasion Abilities Clause: Evasion abilities are banned
|rule|Sleep Moves Clause: Sleep-inducing moves are banned
|clearpoke
|poke|p1|Gastrodon-East, M|
|poke|p1|Hippowdon, F|
|poke|p1|Landorus-Therian, M|
|poke|p1|Tyranitar, M|
|poke|p1|Zapdos|
|poke|p1|Excadrill, M|
|poke|p2|Cramorant, F|
|poke|p2|Kyurem|
|poke|p2|Zamazenta-*|
|poke|p2|Samurott-Hisui, M|
|poke|p2|Hatterene, F|
|poke|p2|Iron Moth|
|teampreview
|inactive|Battle timer is ON: inactive players will automatically lose when time's up. (requested by Chococroc)
|
|t:|1779893060
|teamsize|p1|6
|teamsize|p2|6
|start
|switch|p1a: Landorus|Landorus-Therian, M, shiny|100/100
|switch|p2a: Kyurem|Kyurem|100/100
|-ability|p1a: Landorus|Intimidate|boost
|-unboost|p2a: Kyurem|atk|1
|-ability|p2a: Kyurem|Pressure
|turn|1
|
|t:|1779893076
|move|p1a: Landorus|U-turn|p2a: Kyurem
|-damage|p2a: Kyurem|68/100
|
|t:|1779893080
|switch|p1a: Tyranitar|Tyranitar, M, shiny|100/100|[from] U-turn
|-weather|Sandstorm|[from] ability: Sand Stream|[of] p1a: Tyranitar
|move|p2a: Kyurem|Dragon Dance|p2a: Kyurem
|-boost|p2a: Kyurem|atk|1
|-boost|p2a: Kyurem|spe|1
|
|-weather|Sandstorm|[upkeep]
|-damage|p2a: Kyurem|62/100|[from] Sandstorm
|upkeep
|turn|2
|
|t:|1779893083
|move|p2a: Kyurem|Icicle Spear|p1a: Tyranitar
|-damage|p1a: Tyranitar|89/100
|-damage|p1a: Tyranitar|78/100
|-damage|p1a: Tyranitar|68/100
|-hitcount|p1a: Tyranitar|3
|move|p1a: Tyranitar|Knock Off|p2a: Kyurem
|-damage|p2a: Kyurem|13/100
|-enditem|p2a: Kyurem|Never-Melt Ice|[from] move: Knock Off|[of] p1a: Tyranitar
|
|-weather|Sandstorm|[upkeep]
|-damage|p2a: Kyurem|7/100|[from] Sandstorm
|upkeep
|turn|3
|
|t:|1779893090
|move|p2a: Kyurem|Earth Power|p1a: Tyranitar
|-supereffective|p1a: Tyranitar
|-damage|p1a: Tyranitar|37/100
|move|p1a: Tyranitar|Knock Off|p2a: Kyurem
|-damage|p2a: Kyurem|0 fnt
|faint|p2a: Kyurem
|
|-weather|Sandstorm|[upkeep]
|upkeep
|
|t:|1779893093
|switch|p2a: Cramorant|Cramorant, F|100/100
|turn|4
|
|t:|1779893099
|switch|p1a: Gastrodon|Gastrodon-East, M, shiny|100/100
|move|p2a: Cramorant|Surf|p1a: Gastrodon
|-ability|p1a: Gastrodon|Storm Drain|boost
|-boost|p1a: Gastrodon|spa|1
|
|-weather|Sandstorm|[upkeep]
|-damage|p2a: Cramorant|94/100|[from] Sandstorm
|upkeep
|turn|5
|
|t:|1779893102
|move|p2a: Cramorant|Hurricane|p1a: Gastrodon|[miss]
|-miss|p2a: Cramorant|p1a: Gastrodon
|move|p1a: Gastrodon|Spikes|p2a: Cramorant
|-sidestart|p2: Chococroc|Spikes
|
|-weather|Sandstorm|[upkeep]
|-damage|p2a: Cramorant|88/100|[from] Sandstorm
|upkeep
|turn|6
|
|t:|1779893106
|move|p2a: Cramorant|Defog|p1a: Gastrodon
|-unboost|p1a: Gastrodon|evasion|1
|-sideend|p2: Chococroc|Spikes|[from] move: Defog|[of] p2a: Cramorant
|move|p1a: Gastrodon|Spikes|p2a: Cramorant
|-sidestart|p2: Chococroc|Spikes
|
|-weather|Sandstorm|[upkeep]
|-damage|p2a: Cramorant|82/100|[from] Sandstorm
|upkeep
|turn|7
|
|t:|1779893109
|move|p2a: Cramorant|Defog|p1a: Gastrodon
|-unboost|p1a: Gastrodon|evasion|1
|-sideend|p2: Chococroc|Spikes|[from] move: Defog|[of] p2a: Cramorant
|move|p1a: Gastrodon|Ice Beam|p2a: Cramorant
|-damage|p2a: Cramorant|49/100
|
|-weather|Sandstorm|[upkeep]
|-damage|p2a: Cramorant|43/100|[from] Sandstorm
|upkeep
|turn|8
|
|t:|1779893112
|move|p2a: Cramorant|Hurricane|p1a: Gastrodon
|-damage|p1a: Gastrodon|67/100
|move|p1a: Gastrodon|Spikes|p2a: Cramorant
|-sidestart|p2: Chococroc|Spikes
|
|-weather|none
|-heal|p1a: Gastrodon|73/100|[from] item: Leftovers
|upkeep
|turn|9
|
|t:|1779893117
|move|p2a: Cramorant|Hurricane|p1a: Gastrodon
|-damage|p1a: Gastrodon|38/100
|move|p1a: Gastrodon|Ice Beam|p2a: Cramorant
|-crit|p2a: Cramorant
|-damage|p2a: Cramorant|0 fnt
|faint|p2a: Cramorant
|
|-heal|p1a: Gastrodon|44/100|[from] item: Leftovers
|upkeep
|
|t:|1779893127
|switch|p2a: Samurott|Samurott-Hisui, M|100/100
|-damage|p2a: Samurott|88/100|[from] Spikes
|turn|10
|
|t:|1779893150
|move|p2a: Samurott|Swords Dance|p2a: Samurott
|-boost|p2a: Samurott|atk|2
|move|p1a: Gastrodon|Earth Power|p2a: Samurott
|-damage|p2a: Samurott|23/100
|
|-heal|p1a: Gastrodon|50/100|[from] item: Leftovers
|upkeep
|turn|11
|
|t:|1779893157
|switch|p1a: Hippowdon|Hippowdon, F, shiny|100/100
|-weather|Sandstorm|[from] ability: Sand Stream|[of] p1a: Hippowdon
|move|p2a: Samurott|Ceaseless Edge|p1a: Hippowdon|[miss]
|-miss|p2a: Samurott|p1a: Hippowdon
|
|-weather|Sandstorm|[upkeep]
|-damage|p2a: Samurott|17/100|[from] Sandstorm
|upkeep
|turn|12
|
|t:|1779893164
|switch|p1a: Gastrodon|Gastrodon-East, M, shiny|50/100
|-terastallize|p2a: Samurott|Dark
|move|p2a: Samurott|Ceaseless Edge|p1a: Gastrodon
|-damage|p1a: Gastrodon|0 fnt
|-sidestart|p1: jkreyes1|Spikes
|faint|p1a: Gastrodon
|
|-weather|Sandstorm|[upkeep]
|-damage|p2a: Samurott|11/100|[from] Sandstorm
|upkeep
|
|t:|1779893170
|switch|p1a: Landorus|Landorus-Therian, M, shiny|100/100
|-ability|p1a: Landorus|Intimidate|boost
|-unboost|p2a: Samurott|atk|1
|turn|13
|
|t:|1779893172
|move|p2a: Samurott|Sucker Punch|p1a: Landorus
|-damage|p1a: Landorus|0 fnt
|faint|p1a: Landorus
|
|-weather|Sandstorm|[upkeep]
|-damage|p2a: Samurott|5/100|[from] Sandstorm
|upkeep
|
|t:|1779893178
|switch|p1a: Zapdos|Zapdos, shiny|100/100
|turn|14
|
|t:|1779893182
|switch|p1a: Tyranitar|Tyranitar, M, shiny|37/100
|-damage|p1a: Tyranitar|25/100|[from] Spikes
|move|p2a: Samurott|Sucker Punch||[still]
|-fail|p2a: Samurott
|
|-weather|Sandstorm|[upkeep]
|-damage|p2a: Samurott|0 fnt|[from] Sandstorm
|faint|p2a: Samurott
|upkeep
|
|t:|1779893187
|switch|p2a: Zamazenta|Zamazenta|100/100
|-damage|p2a: Zamazenta|88/100|[from] Spikes
|-ability|p2a: Zamazenta|Dauntless Shield|boost
|-boost|p2a: Zamazenta|def|1
|turn|15
|
|t:|1779893196
|switch|p2a: Iron Moth|Iron Moth|100/100
|-damage|p2a: Iron Moth|88/100|[from] Spikes
|-enditem|p2a: Iron Moth|Booster Energy
|-activate|p2a: Iron Moth|ability: Quark Drive|[fromitem]
|-start|p2a: Iron Moth|quarkdrivespe
|move|p1a: Tyranitar|Knock Off|p2a: Iron Moth
|-damage|p2a: Iron Moth|42/100
|
|-weather|none
|upkeep
|turn|16
|
|t:|1779893204
|move|p2a: Iron Moth|Fiery Dance|p1a: Tyranitar
|-resisted|p1a: Tyranitar
|-damage|p1a: Tyranitar|8/100
|move|p1a: Tyranitar|Stone Edge|p2a: Iron Moth
|-supereffective|p2a: Iron Moth
|-damage|p2a: Iron Moth|0 fnt
|faint|p2a: Iron Moth
|-end|p2a: Iron Moth|Quark Drive|[silent]
|
|upkeep
|
|t:|1779893207
|switch|p2a: Zamazenta|Zamazenta|88/100
|-damage|p2a: Zamazenta|76/100|[from] Spikes
|turn|17
|
|t:|1779893214
|move|p2a: Zamazenta|Iron Defense|p2a: Zamazenta
|-boost|p2a: Zamazenta|def|2
|move|p1a: Tyranitar|Knock Off|p2a: Zamazenta
|-resisted|p2a: Zamazenta
|-damage|p2a: Zamazenta|67/100
|-enditem|p2a: Zamazenta|Leftovers|[from] move: Knock Off|[of] p1a: Tyranitar
|
|upkeep
|turn|18
|
|t:|1779893219
|switch|p1a: Hippowdon|Hippowdon, F, shiny|100/100
|-damage|p1a: Hippowdon|88/100|[from] Spikes
|-weather|Sandstorm|[from] ability: Sand Stream|[of] p1a: Hippowdon
|move|p2a: Zamazenta|Iron Defense|p2a: Zamazenta
|-boost|p2a: Zamazenta|def|2
|
|-weather|Sandstorm|[upkeep]
|-damage|p2a: Zamazenta|61/100|[from] Sandstorm
|upkeep
|turn|19
|
|t:|1779893223
|move|p2a: Zamazenta|Body Press|p1a: Hippowdon
|-damage|p1a: Hippowdon|36/100
|-damage|p2a: Zamazenta|45/100|[from] item: Rocky Helmet|[of] p1a: Hippowdon
|move|p1a: Hippowdon|Whirlwind|p2a: Zamazenta
|drag|p2a: Hatterene|Hatterene, F|100/100
|-damage|p2a: Hatterene|88/100|[from] Spikes
|
|-weather|Sandstorm|[upkeep]
|-damage|p2a: Hatterene|82/100|[from] Sandstorm
|-heal|p2a: Hatterene|88/100|[from] item: Leftovers
|upkeep
|turn|20
|
|t:|1779893231
|switch|p1a: Tyranitar|Tyranitar, M, shiny|8/100
|-damage|p1a: Tyranitar|0 fnt|[from] Spikes
|faint|p1a: Tyranitar
|move|p2a: Hatterene|Calm Mind|p2a: Hatterene
|-boost|p2a: Hatterene|spa|1
|-boost|p2a: Hatterene|spd|1
|
|-weather|Sandstorm|[upkeep]
|-damage|p2a: Hatterene|82/100|[from] Sandstorm
|-heal|p2a: Hatterene|88/100|[from] item: Leftovers
|upkeep
|
|t:|1779893234
|switch|p1a: Excadrill|Excadrill, M, shiny|100/100
|-damage|p1a: Excadrill|88/100|[from] Spikes
|turn|21
|
|t:|1779893235
|move|p1a: Excadrill|Iron Head|p2a: Hatterene
|-supereffective|p2a: Hatterene
|-damage|p2a: Hatterene|0 fnt
|faint|p2a: Hatterene
|-damage|p1a: Excadrill|78/100|[from] item: Life Orb
|
|-weather|Sandstorm|[upkeep]
|upkeep
|-message|Chococroc forfeited.
|
|win|jkreyes1
|raw|jkreyes1's rating: 1489 &rarr; <strong>1515</strong><br />(+26 for winning)
|raw|Chococroc's rating: 1600 &rarr; <strong>1574</strong><br />(-26 for losing)
|l|☆Chococroc
|player|p2|
|l|☆jkreyes1
|player|p1|
