|j|☆michael213
|j|☆llachiee
|t:|1779916320
|gametype|singles
|player|p1|michael213|miku-flying|1656
|player|p2|llachiee|101|1609
|gen|9
|tier|[Gen 9] OU
|rated|
|rule|HP Percentage Mod: HP is shown in percentages
|rule|Endless Battle Clause: Forcing endless battles is banned
|rule|Species Clause: Limit one of each Pokémon
|rule|OHKO Clause: OHKO moves are banned
|rule|Evasion Items Clause: Evasion items are banned
|rule|Evasion Moves Clause: Evasion moves are banned
|rule|Evasion Abilities Clause: Evasion abilities are banned
|rule|Sleep Moves Clause: Sleep-inducing moves are banned
|clearpoke
|poke|p1|Cinderace, M|
|poke|p1|Landorus-Therian, M|
|poke|p1|Slowking-Galar, F|
|poke|p1|Kingambit, F|
|poke|p1|Iron Valiant|
|poke|p1|Kyurem|
|poke|p2|Gliscor, F|
|poke|p2|Blissey, F|
|poke|p2|Clefable, F|
|poke|p2|Toxapex, F|
|poke|p2|Dondozo, F|
|poke|p2|Corviknight, F|
|teampreview
|inactive|Battle timer is ON: inactive players will automatically lose when time's up. (requested by michael213)
|
|t:|1779916329
|teamsize|p1|6
|teamsize|p2|6
|start
|switch|p1a: Kyurem|Kyurem|100/100
|switch|p2a: Adder|Gliscor, F|100/100
|-ability|p1a: Kyurem|Pressure
|turn|1
|
|t:|1779916335
|move|p2a: Adder|Protect|p2a: Adder
|-singleturn|p2a: Adder|Protect
|move|p1a: Kyurem|Earth Power|p2a: Adder
|-activate|p2a: Adder|move: Protect
|
|-status|p2a: Adder|tox|[from] item: Toxic Orb
|upkeep
|turn|2
|
|t:|1779916340
|switch|p1a: Slowking|Slowking-Galar, F|100/100
|switch|p2a: Flesh Tutu|Blissey, F|100/100
|
|upkeep
|turn|3
|
|t:|1779916345
|move|p2a: Flesh Tutu|Seismic Toss|p1a: Slowking
|-damage|p1a: Slowking|75/100
|-prepare|p1a: Slowking|Chilly Reception|[premajor]
|move|p1a: Slowking|Chilly Reception|p1a: Slowking
|-weather|Snowscape
|
|t:|1779916355
|switch|p1a: Cinderace|Cinderace, M|100/100|[from] Chilly Reception
|
|-weather|Snowscape|[upkeep]
|upkeep
|turn|4
|
|t:|1779916361
|switch|p2a: Lash|Toxapex, F, shiny|100/100
|move|p1a: Cinderace|U-turn|p2a: Lash
|-start|p1a: Cinderace|typechange|Bug|[from] ability: Libero
|-resisted|p2a: Lash
|-damage|p2a: Lash|88/100
|
|t:|1779916366
|switch|p1a: Landorus|Landorus-Therian, M|100/100|[from] U-turn
|-ability|p1a: Landorus|Intimidate|boost
|-unboost|p2a: Lash|atk|1
|
|-weather|Snowscape|[upkeep]
|upkeep
|turn|5
|
|t:|1779916372
|switch|p2a: Adder|Gliscor, F|100/100 tox
|move|p1a: Landorus|Earth Power|p2a: Adder
|-immune|p2a: Adder
|
|-weather|Snowscape|[upkeep]
|upkeep
|turn|6
|
|t:|1779916377
|move|p2a: Adder|Protect|p2a: Adder
|-singleturn|p2a: Adder|Protect
|move|p1a: Landorus|Taunt|p2a: Adder
|-activate|p2a: Adder|move: Protect
|
|-weather|Snowscape|[upkeep]
|upkeep
|turn|7
|
|t:|1779916381
|move|p1a: Landorus|Taunt|p2a: Adder
|-start|p2a: Adder|move: Taunt
|move|p2a: Adder|Knock Off|p1a: Landorus
|-damage|p1a: Landorus|82/100
|-damage|p2a: Adder|84/100 tox|[from] item: Rocky Helmet|[of] p1a: Landorus
|-enditem|p1a: Landorus|Rocky Helmet|[from] move: Knock Off|[of] p2a: Adder
|
|-weather|none
|-heal|p2a: Adder|97/100 tox|[from] ability: Poison Heal
|upkeep
|turn|8
|
|t:|1779916388
|switch|p2a: Sturm|Corviknight, F, shiny|100/100
|-ability|p2a: Sturm|Pressure
|move|p1a: Landorus|Stealth Rock|p2a: Sturm
|-sidestart|p2: llachiee|move: Stealth Rock
|
|upkeep
|turn|9
|
|t:|1779916402
|move|p2a: Sturm|Protect|p2a: Sturm
|-singleturn|p2a: Sturm|Protect
|move|p1a: Landorus|Taunt|p2a: Sturm
|-activate|p2a: Sturm|move: Protect
|
|upkeep
|turn|10
|
|t:|1779916421
|switch|p2a: Adder|Gliscor, F|97/100 tox
|-damage|p2a: Adder|84/100 tox|[from] Stealth Rock
|move|p1a: Landorus|Taunt|p2a: Adder
|-start|p2a: Adder|move: Taunt
|
|-heal|p2a: Adder|97/100 tox|[from] ability: Poison Heal
|upkeep
|turn|11
|
|t:|1779916424
|move|p1a: Landorus|U-turn|p2a: Adder
|-resisted|p2a: Adder
|-damage|p2a: Adder|90/100 tox
|
|t:|1779916428
|switch|p1a: Iron Valiant|Iron Valiant|100/100|[from] U-turn
|-enditem|p1a: Iron Valiant|Booster Energy
|-activate|p1a: Iron Valiant|ability: Quark Drive|[fromitem]
|-start|p1a: Iron Valiant|quarkdrivespe
|move|p2a: Adder|Knock Off|p1a: Iron Valiant
|-resisted|p1a: Iron Valiant
|-damage|p1a: Iron Valiant|96/100
|
|-heal|p2a: Adder|100/100 tox|[from] ability: Poison Heal
|upkeep
|turn|12
|
|t:|1779916438
|switch|p2a: Lash|Toxapex, F, shiny|100/100
|move|p1a: Iron Valiant|Encore||[still]
|-fail|p1a: Iron Valiant
|
|upkeep
|turn|13
|
|t:|1779916452
|move|p1a: Iron Valiant|Shadow Ball|p2a: Lash
|-damage|p2a: Lash|82/100
|-unboost|p2a: Lash|spd|1
|move|p2a: Lash|Toxic|p1a: Iron Valiant
|-status|p1a: Iron Valiant|tox
|
|-damage|p1a: Iron Valiant|90/100 tox|[from] psn
|upkeep
|turn|14
|
|t:|1779916461
|move|p1a: Iron Valiant|Shadow Ball|p2a: Lash
|-damage|p2a: Lash|55/100
|move|p2a: Lash|Infestation|p1a: Iron Valiant
|-resisted|p1a: Iron Valiant
|-damage|p1a: Iron Valiant|88/100 tox
|-activate|p1a: Iron Valiant|move: Infestation|[of] p2a: Lash
|
|-damage|p1a: Iron Valiant|76/100 tox|[from] psn
|-damage|p1a: Iron Valiant|63/100 tox|[from] move: Infestation|[partiallytrapped]
|upkeep
|turn|15
|
|t:|1779916482
|switch|p2a: Flesh Tutu|Blissey, F|100/100
|move|p1a: Iron Valiant|Shadow Ball|p2a: Flesh Tutu
|-immune|p2a: Flesh Tutu
|
|-damage|p1a: Iron Valiant|45/100 tox|[from] psn
|-end|p1a: Iron Valiant|Infestation|[partiallytrapped]|[silent]
|upkeep
|turn|16
|
|t:|1779916487
|switch|p2a: Lash|Toxapex, F, shiny|88/100
|move|p1a: Iron Valiant|Close Combat|p2a: Lash
|-resisted|p2a: Lash
|-damage|p2a: Lash|68/100
|-unboost|p1a: Iron Valiant|def|1
|-unboost|p1a: Iron Valiant|spd|1
|
|-damage|p1a: Iron Valiant|20/100 tox|[from] psn
|upkeep
|turn|17
|
|t:|1779916495
|move|p1a: Iron Valiant|Close Combat|p2a: Lash
|-resisted|p2a: Lash
|-damage|p2a: Lash|49/100
|-unboost|p1a: Iron Valiant|def|1
|-unboost|p1a: Iron Valiant|spd|1
|move|p2a: Lash|Recover|p2a: Lash
|-heal|p2a: Lash|99/100
|
|-damage|p1a: Iron Valiant|0 fnt|[from] psn
|faint|p1a: Iron Valiant
|-end|p1a: Iron Valiant|Quark Drive|[silent]
|upkeep
|-message|michael213 forfeited.
|
|win|llachiee
|raw|michael213's rating: 1656 &rarr; <strong>1633</strong><br />(-23 for losing)
|raw|llachiee's rating: 1609 &rarr; <strong>1632</strong><br />(+23 for winning)
|l|☆michael213
|player|p1|
|l|☆llachiee
|player|p2|
