|j|☆neon heat disease
|j|☆evil teto
|t:|1779837519
|gametype|singles
|player|p1|neon heat disease|silver-gen2|1490
|player|p2|evil teto|backersf|1520
|gen|9
|tier|[Gen 9] OU
|rated|
|rule|HP Percentage Mod: HP is shown in percentages
|rule|Endless Battle Clause: Forcing endless battles is banned
|rule|Species Clause: Limit one of each Pokémon
|rule|OHKO Clause: OHKO moves are banned
|rule|Evasion Items Clause: Evasion items are banned
|rule|Evasion Moves Clause: Evasion moves are banned
|rule|Evasion Abilities Clause: Evasion abilities are banned
|rule|Sleep Moves Clause: Sleep-inducing moves are banned
|clearpoke
|poke|p1|Darkrai|
|poke|p1|Kingambit, F|
|poke|p1|Samurott-Hisui, F|
|poke|p1|Gholdengo|
|poke|p1|Primarina, F|
|poke|p1|Great Tusk|
|poke|p2|Sandy Shocks|
|poke|p2|Raging Bolt|
|poke|p2|Corviknight, M|
|poke|p2|Ogerpon-Wellspring, F|
|poke|p2|Iron Moth|
|poke|p2|Slither Wing|
|teampreview
|inactive|Battle timer is ON: inactive players will automatically lose when time's up. (requested by neon heat disease)
|
|t:|1779837546
|teamsize|p1|6
|teamsize|p2|6
|start
|switch|p1a: Primarina|Primarina, F|100/100
|switch|p2a: knockout fujiki|Slither Wing|100/100
|turn|1
|
|t:|1779837553
|move|p2a: knockout fujiki|U-turn|p1a: Primarina
|-resisted|p1a: Primarina
|-damage|p1a: Primarina|71/100
|
|t:|1779837576
|-end|p2a: knockout fujiki|Protosynthesis|[silent]
|switch|p2a: problematic media|Corviknight, M|100/100|[from] U-turn
|-ability|p2a: problematic media|Pressure
|move|p1a: Primarina|Hydro Pump|p2a: problematic media
|-damage|p2a: problematic media|21/100
|
|upkeep
|turn|2
|
|t:|1779837583
|switch|p1a: Samurott|Samurott-Hisui, F, shiny|100/100
|move|p2a: problematic media|Roost|p2a: problematic media
|-heal|p2a: problematic media|71/100
|-singleturn|p2a: problematic media|move: Roost
|
|upkeep
|turn|3
|
|t:|1779837587
|move|p1a: Samurott|Ceaseless Edge|p2a: problematic media
|-damage|p2a: problematic media|46/100
|-damage|p1a: Samurott|84/100|[from] item: Rocky Helmet|[of] p2a: problematic media
|-sidestart|p2: evil teto|Spikes
|move|p2a: problematic media|U-turn|p1a: Samurott
|-supereffective|p1a: Samurott
|-damage|p1a: Samurott|45/100
|
|t:|1779837594
|switch|p2a: knockout fujiki|Slither Wing|100/100|[from] U-turn
|
|upkeep
|turn|4
|inactive|neon heat disease has 120 seconds left.
|
|t:|1779837647
|move|p2a: knockout fujiki|First Impression|p1a: Samurott
|-supereffective|p1a: Samurott
|-damage|p1a: Samurott|0 fnt
|faint|p1a: Samurott
|
|upkeep
|
|t:|1779837653
|switch|p1a: Primarina|Primarina, F|71/100
|turn|5
|
|t:|1779837656
|move|p2a: knockout fujiki|U-turn|p1a: Primarina
|-resisted|p1a: Primarina
|-damage|p1a: Primarina|40/100
|
|t:|1779837663
|-end|p2a: knockout fujiki|Protosynthesis|[silent]
|switch|p2a: wokerpon|Ogerpon-Wellspring, F|100/100|[from] U-turn
|-damage|p2a: wokerpon|88/100|[from] Spikes
|move|p1a: Primarina|Moonblast|p2a: wokerpon
|-damage|p2a: wokerpon|0 fnt
|faint|p2a: wokerpon
|
|upkeep
|
|t:|1779837677
|switch|p2a: the plot is lost|Sandy Shocks|100/100
|-damage|p2a: the plot is lost|88/100|[from] Spikes
|turn|6
|inactive|neon heat disease has 120 seconds left.
|inactive|neon heat disease has 90 seconds left.
|
|t:|1779837724
|move|p2a: the plot is lost|Stealth Rock|p1a: Primarina
|-sidestart|p1: neon heat disease|move: Stealth Rock
|move|p1a: Primarina|Moonblast|p2a: the plot is lost
|-crit|p2a: the plot is lost
|-damage|p2a: the plot is lost|0 fnt
|faint|p2a: the plot is lost
|-end|p2a: the plot is lost|Protosynthesis|[silent]
|
|upkeep
|
|t:|1779837737
|switch|p2a: generative AI slop|Iron Moth|100/100
|-damage|p2a: generative AI slop|88/100|[from] Spikes
|-enditem|p2a: generative AI slop|Booster Energy
|-activate|p2a: generative AI slop|ability: Quark Drive|[fromitem]
|-start|p2a: generative AI slop|quarkdrivespe
|turn|7
|inactive|neon heat disease has 90 seconds left.
|
|t:|1779837748
|-terastallize|p1a: Primarina|Steel
|move|p2a: generative AI slop|Substitute|p2a: generative AI slop
|-start|p2a: generative AI slop|Substitute
|-damage|p2a: generative AI slop|63/100
|move|p1a: Primarina|Moonblast|p2a: generative AI slop
|-resisted|p2a: generative AI slop
|-activate|p2a: generative AI slop|move: Substitute|[damage]
|
|upkeep
|turn|8
|-message|neon heat disease forfeited.
|
|win|evil teto
|raw|neon heat disease's rating: 1490 &rarr; <strong>1472</strong><br />(-18 for losing)
|raw|evil teto's rating: 1520 &rarr; <strong>1538</strong><br />(+18 for winning)
|l|☆neon heat disease
|player|p1|
