|j|‽CHixxxxx122
|j|☆huyuyang
|t:|1779849147
|gametype|singles
|player|p1|CHixxxxx122|1|1125
|player|p2|huyuyang|iris|1096
|gen|9
|tier|[Gen 9] OU
|rated|
|rule|HP Percentage Mod: HP is shown in percentages
|rule|Endless Battle Clause: Forcing endless battles is banned
|rule|Species Clause: Limit one of each Pokémon
|rule|OHKO Clause: OHKO moves are banned
|rule|Evasion Items Clause: Evasion items are banned
|rule|Evasion Moves Clause: Evasion moves are banned
|rule|Evasion Abilities Clause: Evasion abilities are banned
|rule|Sleep Moves Clause: Sleep-inducing moves are banned
|clearpoke
|poke|p1|Skuntank, M|
|poke|p1|Porygon2|
|poke|p1|Mamoswine, M|
|poke|p1|Staraptor, M|
|poke|p1|Lilligant-Hisui, F|
|poke|p1|Milotic, F|
|poke|p2|Hatterene, F|
|poke|p2|Zapdos|
|poke|p2|Gliscor, F|
|poke|p2|Pelipper, M|
|poke|p2|Great Tusk|
|poke|p2|Kingdra, F|
|teampreview
|inactive|Battle timer is ON: inactive players will automatically lose when time's up. (requested by huyuyang)
|
|t:|1779849168
|teamsize|p1|6
|teamsize|p2|6
|start
|switch|p1a: Mamoswine|Mamoswine, M|100/100
|switch|p2a: Great Tusk|Great Tusk|100/100
|turn|1
|
|t:|1779849183
|move|p2a: Great Tusk|Stone Edge|p1a: Mamoswine
|-damage|p1a: Mamoswine|73/100
|move|p1a: Mamoswine|Icicle Spear|p2a: Great Tusk
|-supereffective|p2a: Great Tusk
|-damage|p2a: Great Tusk|81/100
|-supereffective|p2a: Great Tusk
|-damage|p2a: Great Tusk|61/100
|-hitcount|p2a: Great Tusk|2
|
|upkeep
|turn|2
|
|t:|1779849196
|-end|p2a: Great Tusk|Protosynthesis|[silent]
|switch|p2a: Pelipper|Pelipper, M|100/100
|-weather|RainDance|[from] ability: Drizzle|[of] p2a: Pelipper
|move|p1a: Mamoswine|Icicle Spear|p2a: Pelipper
|-damage|p2a: Pelipper|84/100
|-damage|p2a: Pelipper|69/100
|-damage|p2a: Pelipper|54/100
|-hitcount|p2a: Pelipper|3
|
|-weather|RainDance|[upkeep]
|upkeep
|turn|3
|
|t:|1779849214
|-terastallize|p1a: Mamoswine|Ice
|move|p1a: Mamoswine|Icicle Spear|p2a: Pelipper
|-damage|p2a: Pelipper|33/100
|-damage|p2a: Pelipper|13/100
|-damage|p2a: Pelipper|0 fnt
|faint|p2a: Pelipper
|-hitcount|p2: Pelipper|3
|
|-weather|RainDance|[upkeep]
|upkeep
|
|t:|1779849221
|switch|p2a: Great Tusk|Great Tusk|61/100
|turn|4
|
|t:|1779849226
|move|p2a: Great Tusk|Stone Edge|p1a: Mamoswine
|-supereffective|p1a: Mamoswine
|-damage|p1a: Mamoswine|9/100
|move|p1a: Mamoswine|Icicle Spear|p2a: Great Tusk
|-supereffective|p2a: Great Tusk
|-damage|p2a: Great Tusk|34/100
|-supereffective|p2a: Great Tusk
|-damage|p2a: Great Tusk|9/100
|-supereffective|p2a: Great Tusk
|-damage|p2a: Great Tusk|0 fnt
|faint|p2a: Great Tusk
|-end|p2a: Great Tusk|Protosynthesis|[silent]
|-hitcount|p2: Great Tusk|3
|
|-weather|RainDance|[upkeep]
|upkeep
|
|t:|1779849231
|switch|p2a: Kingdra|Kingdra, F, shiny|100/100
|turn|5
|
|t:|1779849238
|move|p2a: Kingdra|Hurricane|p1a: Mamoswine
|-damage|p1a: Mamoswine|0 fnt
|faint|p1a: Mamoswine
|
|-weather|RainDance|[upkeep]
|upkeep
|
|t:|1779849244
|switch|p1a: Milotic|Milotic, F|100/100
|turn|6
|
|t:|1779849248
|move|p2a: Kingdra|Hurricane|p1a: Milotic
|-damage|p1a: Milotic|63/100
|move|p1a: Milotic|Mirror Coat|p2a: Kingdra
|-damage|p2a: Kingdra|10/100
|
|-weather|RainDance|[upkeep]
|-heal|p1a: Milotic|70/100|[from] item: Leftovers
|upkeep
|turn|7
|
|t:|1779849259
|switch|p2a: Gliscor|Gliscor, F, shiny|100/100
|move|p1a: Milotic|Ice Beam|p2a: Gliscor
|-supereffective|p2a: Gliscor
|-damage|p2a: Gliscor|0 fnt
|faint|p2a: Gliscor
|
|-weather|RainDance|[upkeep]
|-heal|p1a: Milotic|76/100|[from] item: Leftovers
|upkeep
|
|t:|1779849265
|switch|p2a: Zapdos|Zapdos|100/100
|turn|8
|
|t:|1779849270
|move|p2a: Zapdos|Thunder|p1a: Milotic
|-supereffective|p1a: Milotic
|-damage|p1a: Milotic|0 fnt
|faint|p1a: Milotic
|-damage|p2a: Zapdos|91/100|[from] item: Life Orb
|
|-weather|RainDance|[upkeep]
|upkeep
|
|t:|1779849276
|switch|p1a: Porygon2|Porygon2|100/100
|-ability|p1a: Porygon2|Static|Trace|[from] ability: Trace|[of] p2a: Zapdos
|turn|9
|
|t:|1779849282
|move|p2a: Zapdos|Thunder|p1a: Porygon2
|-damage|p1a: Porygon2|52/100
|-status|p1a: Porygon2|par
|-damage|p2a: Zapdos|81/100|[from] item: Life Orb
|move|p1a: Porygon2|Ice Beam|p2a: Zapdos
|-supereffective|p2a: Zapdos
|-damage|p2a: Zapdos|23/100
|
|-weather|none
|upkeep
|turn|10
|
|t:|1779849291
|move|p2a: Zapdos|Roost|p2a: Zapdos
|-heal|p2a: Zapdos|73/100
|-singleturn|p2a: Zapdos|move: Roost
|move|p1a: Porygon2|Ice Beam|p2a: Zapdos
|-damage|p2a: Zapdos|44/100
|
|upkeep
|turn|11
|
|t:|1779849299
|move|p2a: Zapdos|Roost|p2a: Zapdos
|-heal|p2a: Zapdos|94/100
|-singleturn|p2a: Zapdos|move: Roost
|cant|p1a: Porygon2|par
|
|upkeep
|turn|12
|
|t:|1779849308
|move|p2a: Zapdos|Hurricane|p1a: Porygon2
|-damage|p1a: Porygon2|1/100 par
|-damage|p2a: Zapdos|84/100|[from] item: Life Orb
|cant|p1a: Porygon2|par
|
|upkeep
|turn|13
|
|t:|1779849314
|move|p2a: Zapdos|Volt Switch|p1a: Porygon2
|-damage|p1a: Porygon2|0 fnt
|faint|p1a: Porygon2
|-damage|p2a: Zapdos|74/100|[from] item: Life Orb
|
|t:|1779849320
|switch|p2a: Hatterene|Hatterene, F|100/100|[from] Volt Switch
|
|upkeep
|
|t:|1779849322
|switch|p1a: Skuntank|Skuntank, M|100/100
|turn|14
|
|t:|1779849334
|move|p1a: Skuntank|Gunk Shot|p2a: Hatterene|[miss]
|-miss|p1a: Skuntank|p2a: Hatterene
|move|p2a: Hatterene|Future Sight|p1a: Skuntank
|-start|p2a: Hatterene|move: Future Sight
|
|upkeep
|turn|15
|
|t:|1779849341
|move|p1a: Skuntank|Gunk Shot|p2a: Hatterene
|-supereffective|p2a: Hatterene
|-damage|p2a: Hatterene|0 fnt
|faint|p2a: Hatterene
|-damage|p1a: Skuntank|91/100|[from] item: Life Orb
|
|upkeep
|
|t:|1779849345
|switch|p2a: Kingdra|Kingdra, F, shiny|10/100
|turn|16
|
|t:|1779849350
|move|p1a: Skuntank|Sucker Punch|p2a: Kingdra
|-damage|p2a: Kingdra|0 fnt
|faint|p2a: Kingdra
|-damage|p1a: Skuntank|81/100|[from] item: Life Orb
|
|-end|p1a: Skuntank|move: Future Sight
|-immune|p1a: Skuntank
|upkeep
|
|t:|1779849352
|switch|p2a: Zapdos|Zapdos|74/100
|turn|17
|
|t:|1779849356
|move|p2a: Zapdos|Hurricane|p1a: Skuntank
|-damage|p1a: Skuntank|0 fnt
|faint|p1a: Skuntank
|-damage|p2a: Zapdos|64/100|[from] item: Life Orb
|
|upkeep
|
|t:|1779849360
|switch|p1a: Lilligant|Lilligant-Hisui, F|100/100
|turn|18
|
|t:|1779849367
|move|p1a: Lilligant|Ice Spinner|p2a: Zapdos
|-supereffective|p2a: Zapdos
|-damage|p2a: Zapdos|0 fnt
|faint|p2a: Zapdos
|
|win|CHixxxxx122
|raw|CHixxxxx122's rating: 1125 &rarr; <strong>1148</strong><br />(+23 for winning)
|raw|huyuyang's rating: 1096 &rarr; <strong>1074</strong><br />(-22 for losing)
|l|☆huyuyang
|player|p2|
|l|‽CHixxxxx122
|player|p1|
