|j|☆jfjdkdjdjdjdjd
|j|☆MiracleTrash
|t:|1779816053
|gametype|singles
|player|p1|jfjdkdjdjdjdjd|169|1000
|player|p2|MiracleTrash|102|1000
|gen|9
|tier|[Gen 9] OU
|rated|
|rule|HP Percentage Mod: HP is shown in percentages
|rule|Endless Battle Clause: Forcing endless battles is banned
|rule|Species Clause: Limit one of each Pokémon
|rule|OHKO Clause: OHKO moves are banned
|rule|Evasion Items Clause: Evasion items are banned
|rule|Evasion Moves Clause: Evasion moves are banned
|rule|Evasion Abilities Clause: Evasion abilities are banned
|rule|Sleep Moves Clause: Sleep-inducing moves are banned
|clearpoke
|poke|p1|Keldeo-Resolute|
|poke|p1|Basculegion-F, F|
|poke|p1|Flareon, M|
|poke|p1|Lucario, F|
|poke|p1|Kleavor, M|
|poke|p1|Zoroark-Hisui, F|
|poke|p2|Froslass, F|
|poke|p2|Cinderace, M|
|poke|p2|Torterra, F|
|poke|p2|Greninja-*, F|
|poke|p2|Skarmory, F|
|poke|p2|Clefable, F|
|teampreview
|
|t:|1779816060
|teamsize|p1|6
|teamsize|p2|6
|start
|switch|p1a: Kleavor|Kleavor, M|100/100
|switch|p2a: Froslass|Froslass, F|100/100
|turn|1
|
|t:|1779816066
|move|p1a: Kleavor|Stone Axe|p2a: Froslass
|-supereffective|p2a: Froslass
|-enditem|p2a: Froslass|Focus Sash
|-damage|p2a: Froslass|1/100
|-start|p1a: Kleavor|Disable|Stone Axe|[from] ability: Cursed Body|[of] p2a: Froslass
|-sidestart|p2: MiracleTrash|move: Stealth Rock
|move|p2a: Froslass|Spikes|p1a: Kleavor
|-sidestart|p1: jfjdkdjdjdjdjd|Spikes
|
|upkeep
|turn|2
|
|t:|1779816076
|-activate|p1a: Kleavor|move: Struggle
|move|p1a: Kleavor|Struggle|p2a: Froslass
|-damage|p2a: Froslass|0 fnt
|faint|p2a: Froslass
|-damage|p1a: Kleavor|75/100|[from] recoil
|
|upkeep
|
|t:|1779816093
|switch|p2a: Greninja|Greninja, F, shiny|100/100
|-damage|p2a: Greninja|88/100|[from] Stealth Rock
|turn|3
|
|t:|1779816104
|-activate|p1a: Kleavor|move: Struggle
|move|p1a: Kleavor|Struggle|p2a: Greninja
|-damage|p2a: Greninja|57/100
|-damage|p1a: Kleavor|50/100|[from] recoil
|move|p2a: Greninja|Surf|p1a: Kleavor
|-supereffective|p1a: Kleavor
|-damage|p1a: Kleavor|0 fnt
|faint|p1a: Kleavor
|
|upkeep
|
|t:|1779816123
|switch|p1a: Keldeo|Keldeo-Resolute|100/100
|-damage|p1a: Keldeo|88/100|[from] Spikes
|turn|4
|inactive|Battle timer is ON: inactive players will automatically lose when time's up. (requested by jfjdkdjdjdjdjd)
|
|t:|1779816147
|switch|p2a: Clefable|Clefable, F|100/100
|move|p1a: Keldeo|Aura Sphere|p2a: Clefable
|-resisted|p2a: Clefable
|-damage|p2a: Clefable|82/100
|-damage|p1a: Keldeo|78/100|[from] item: Life Orb
|
|upkeep
|turn|5
|
|t:|1779816167
|switch|p1a: Basculegion|Basculegion-F, F|100/100
|-damage|p1a: Basculegion|88/100|[from] Spikes
|-terastallize|p2a: Clefable|Electric
|move|p2a: Clefable|Thunderbolt|p1a: Basculegion
|-supereffective|p1a: Basculegion
|-crit|p1a: Basculegion
|-damage|p1a: Basculegion|0 fnt
|faint|p1a: Basculegion
|
|upkeep
|
|t:|1779816179
|switch|p1a: Lucario|Lucario, F, shiny|100/100
|-damage|p1a: Lucario|88/100|[from] Spikes
|turn|6
|inactive|MiracleTrash has 120 seconds left.
|
|t:|1779816225
|move|p2a: Clefable|Protect|p2a: Clefable
|-singleturn|p2a: Clefable|Protect
|move|p1a: Lucario|Shadow Ball|p2a: Clefable
|-activate|p2a: Clefable|move: Protect
|
|upkeep
|turn|7
|
|t:|1779816235
|switch|p2a: Skarmory|Skarmory, F|100/100
|-damage|p2a: Skarmory|88/100|[from] Stealth Rock
|move|p1a: Lucario|Shadow Ball|p2a: Skarmory
|-damage|p2a: Skarmory|17/100
|
|upkeep
|turn|8
|
|t:|1779816245
|move|p2a: Skarmory|Body Press|p1a: Lucario
|-immune|p1a: Lucario
|move|p1a: Lucario|Shadow Ball|p2a: Skarmory
|-damage|p2a: Skarmory|0 fnt
|faint|p2a: Skarmory
|
|upkeep
|
|t:|1779816257
|switch|p2a: Cinderace|Cinderace, M|100/100
|turn|9
|
|t:|1779816270
|move|p2a: Cinderace|Pyro Ball|p1a: Lucario
|-damage|p1a: Lucario|0 fnt
|replace|p1a: Zoroark|Zoroark-Hisui, F, shiny
|-end|p1a: Zoroark|Illusion
|faint|p1a: Zoroark
|
|upkeep
|
|t:|1779816279
|switch|p1a: Flareon|Flareon, M|100/100
|-damage|p1a: Flareon|88/100|[from] Spikes
|turn|10
|
|t:|1779816287
|-terastallize|p1a: Flareon|Fire
|move|p2a: Cinderace|Court Change|p2a: Cinderace
|-start|p2a: Cinderace|typechange|Normal|[from] ability: Libero
|-swapsideconditions
|-activate|p2a: Cinderace|move: Court Change
|move|p1a: Flareon|Facade|p2a: Cinderace
|-crit|p2a: Cinderace
|-damage|p2a: Cinderace|43/100
|
|upkeep
|turn|11
|inactive|MiracleTrash has 120 seconds left.
|
|t:|1779816324
|move|p2a: Cinderace|U-turn|p1a: Flareon
|-resisted|p1a: Flareon
|-damage|p1a: Flareon|72/100
|
|t:|1779816327
|switch|p2a: Greninja|Greninja, F, shiny|57/100|[from] U-turn
|-damage|p2a: Greninja|45/100|[from] Spikes
|move|p1a: Flareon|Facade|p2a: Greninja
|-damage|p2a: Greninja|0 fnt
|faint|p2a: Greninja
|
|upkeep
|
|t:|1779816335
|switch|p2a: Torterra|Torterra, F|100/100
|-damage|p2a: Torterra|88/100|[from] Spikes
|turn|12
|
|t:|1779816340
|move|p1a: Flareon|Flare Blitz|p2a: Torterra
|-supereffective|p2a: Torterra
|-damage|p2a: Torterra|0 fnt
|faint|p2a: Torterra
|-damage|p1a: Flareon|38/100|[from] Recoil
|
|upkeep
|inactive|MiracleTrash has 120 seconds left.
|
|t:|1779816347
|switch|p2a: Clefable|Clefable, F, tera:Electric|82/100
|turn|13
|
|t:|1779816351
|move|p2a: Clefable|Wish|p2a: Clefable
|move|p1a: Flareon|Facade|p2a: Clefable
|-damage|p2a: Clefable|56/100
|
|upkeep
|turn|14
|
|t:|1779816360
|switch|p2a: Cinderace|Cinderace, M|43/100
|move|p1a: Flareon|Flare Blitz|p2a: Cinderace
|-resisted|p2a: Cinderace
|-damage|p2a: Cinderace|0 fnt
|faint|p2a: Cinderace
|-damage|p1a: Flareon|25/100|[from] Recoil
|
|upkeep
|
|t:|1779816367
|switch|p2a: Clefable|Clefable, F, tera:Electric|56/100
|turn|15
|
|t:|1779816372
|move|p2a: Clefable|Thunderbolt|p1a: Flareon
|-damage|p1a: Flareon|0 fnt
|faint|p1a: Flareon
|
|upkeep
|
|t:|1779816377
|switch|p1a: Lucario|Lucario, F, shiny|100/100
|-damage|p1a: Lucario|98/100|[from] Stealth Rock
|turn|16
|
|t:|1779816382
|move|p1a: Lucario|Bone Rush|p2a: Clefable
|-supereffective|p2a: Clefable
|-damage|p2a: Clefable|31/100
|-supereffective|p2a: Clefable
|-damage|p2a: Clefable|7/100
|-supereffective|p2a: Clefable
|-damage|p2a: Clefable|0 fnt
|faint|p2a: Clefable
|-hitcount|p2: Clefable|3
|-damage|p1a: Lucario|88/100|[from] item: Life Orb
|
|win|jfjdkdjdjdjdjd
|raw|jfjdkdjdjdjdjd's rating: 1000 &rarr; <strong>1040</strong><br />(+40 for winning)
|raw|MiracleTrash's rating: 1000 &rarr; <strong>1000</strong><br />(+0 for losing)
