|j|☆fremsh39
|j|☆Dabomb772
|t:|1779908589
|gametype|singles
|player|p1|fremsh39|unknown|1182
|player|p2|Dabomb772|veteranf|1215
|gen|9
|tier|[Gen 9] OU
|rated|
|rule|HP Percentage Mod: HP is shown in percentages
|rule|Endless Battle Clause: Forcing endless battles is banned
|rule|Species Clause: Limit one of each Pokémon
|rule|OHKO Clause: OHKO moves are banned
|rule|Evasion Items Clause: Evasion items are banned
|rule|Evasion Moves Clause: Evasion moves are banned
|rule|Evasion Abilities Clause: Evasion abilities are banned
|rule|Sleep Moves Clause: Sleep-inducing moves are banned
|clearpoke
|poke|p1|Typhlosion-Hisui, F|
|poke|p1|Excadrill, M|
|poke|p1|Toedscruel, F|
|poke|p1|Probopass, M|
|poke|p1|Bellossom, M|
|poke|p1|Clefable, M|
|poke|p2|Iron Treads|
|poke|p2|Ogerpon-Wellspring, F|
|poke|p2|Garganacl, M|
|poke|p2|Porygon2|
|poke|p2|Heatran, F|
|poke|p2|Hydrapple, F|
|teampreview
|inactive|Battle timer is ON: inactive players will automatically lose when time's up. (requested by Dabomb772)
|
|t:|1779908593
|teamsize|p1|6
|teamsize|p2|6
|start
|switch|p1a: Typhlosion|Typhlosion-Hisui, F|100/100
|switch|p2a: Heatran|Heatran, F|100/100
|turn|1
|
|t:|1779908597
|move|p1a: Typhlosion|Shadow Ball|p2a: Heatran
|-damage|p2a: Heatran|79/100
|move|p2a: Heatran|Earth Power|p1a: Typhlosion
|-supereffective|p1a: Typhlosion
|-crit|p1a: Typhlosion
|-damage|p1a: Typhlosion|0 fnt
|faint|p1a: Typhlosion
|
|upkeep
|
|t:|1779908601
|switch|p1a: Toedscruel|Toedscruel, F|100/100
|turn|2
|
|t:|1779908611
|switch|p2a: ps5|Porygon2, shiny|100/100
|-ability|p2a: ps5|Download|boost
|-boost|p2a: ps5|atk|1
|move|p1a: Toedscruel|Earth Power|p2a: ps5
|-damage|p2a: ps5|80/100
|
|upkeep
|turn|3
|
|t:|1779908618
|move|p2a: ps5|Ice Beam|p1a: Toedscruel
|-supereffective|p1a: Toedscruel
|-damage|p1a: Toedscruel|0 fnt
|faint|p1a: Toedscruel
|
|upkeep
|
|t:|1779908624
|switch|p1a: Excadrill|Excadrill, M|100/100
|-ability|p1a: Excadrill|Mold Breaker
|turn|4
|
|t:|1779908631
|switch|p2a: Shrek|Ogerpon-Wellspring, F|100/100
|move|p1a: Excadrill|Swords Dance|p1a: Excadrill
|-boost|p1a: Excadrill|atk|2
|
|upkeep
|turn|5
|
|t:|1779908635
|-terastallize|p1a: Excadrill|Water
|move|p2a: Shrek|Ivy Cudgel|p1a: Excadrill|[anim] Ivy Cudgel Water
|-resisted|p1a: Excadrill
|-damage|p1a: Excadrill|56/100
|move|p1a: Excadrill|Rapid Spin|p2a: Shrek
|-damage|p2a: Shrek|52/100
|-boost|p1a: Excadrill|spe|1
|
|-heal|p1a: Excadrill|62/100|[from] item: Leftovers
|upkeep
|turn|6
|
|t:|1779908644
|move|p1a: Excadrill|Earthquake|p2a: Shrek
|-resisted|p2a: Shrek
|-damage|p2a: Shrek|0 fnt
|faint|p2a: Shrek
|
|-heal|p1a: Excadrill|68/100|[from] item: Leftovers
|upkeep
|
|t:|1779908670
|switch|p2a: Hydrapple|Hydrapple, F, shiny|100/100
|turn|7
|
|t:|1779908673
|move|p1a: Excadrill|Iron Head|p2a: Hydrapple
|-damage|p2a: Hydrapple|34/100
|move|p2a: Hydrapple|Energy Ball|p1a: Excadrill
|-supereffective|p1a: Excadrill
|-damage|p1a: Excadrill|0 fnt
|faint|p1a: Excadrill
|
|upkeep
|
|t:|1779908678
|switch|p1a: Bellossom|Bellossom, M|100/100
|turn|8
|
|t:|1779908681
|move|p1a: Bellossom|Quiver Dance|p1a: Bellossom
|-boost|p1a: Bellossom|spa|1
|-boost|p1a: Bellossom|spd|1
|-boost|p1a: Bellossom|spe|1
|move|p2a: Hydrapple|Fickle Beam|p1a: Bellossom
|-damage|p1a: Bellossom|69/100
|
|-heal|p1a: Bellossom|75/100|[from] item: Leftovers
|upkeep
|turn|9
|
|t:|1779908686
|move|p1a: Bellossom|Quiver Dance|p1a: Bellossom
|-boost|p1a: Bellossom|spa|1
|-boost|p1a: Bellossom|spd|1
|-boost|p1a: Bellossom|spe|1
|move|p2a: Hydrapple|Fickle Beam|p1a: Bellossom|[anim] Fickle Beam All Out
|-activate|p2a: Hydrapple|move: Fickle Beam
|-damage|p1a: Bellossom|24/100
|
|-heal|p1a: Bellossom|30/100|[from] item: Leftovers
|upkeep
|turn|10
|
|t:|1779908690
|move|p1a: Bellossom|Moonblast|p2a: Hydrapple
|-supereffective|p2a: Hydrapple
|-damage|p2a: Hydrapple|0 fnt
|faint|p2a: Hydrapple
|
|-heal|p1a: Bellossom|36/100|[from] item: Leftovers
|upkeep
|
|t:|1779908694
|switch|p2a: THE ROCK!!!!?|Garganacl, M, shiny|100/100
|turn|11
|
|t:|1779908697
|-terastallize|p2a: THE ROCK!!!!?|Grass
|move|p1a: Bellossom|Giga Drain|p2a: THE ROCK!!!!?
|-resisted|p2a: THE ROCK!!!!?
|-damage|p2a: THE ROCK!!!!?|70/100
|-heal|p1a: Bellossom|58/100|[from] drain|[of] p2a: THE ROCK!!!!?
|move|p2a: THE ROCK!!!!?|Salt Cure|p1a: Bellossom
|-damage|p1a: Bellossom|41/100
|-start|p1a: Bellossom|Salt Cure
|
|-heal|p1a: Bellossom|47/100|[from] item: Leftovers
|-heal|p2a: THE ROCK!!!!?|76/100|[from] item: Leftovers
|-damage|p1a: Bellossom|35/100|[from] Salt Cure
|upkeep
|turn|12
|
|t:|1779908706
|move|p1a: Bellossom|Moonblast|p2a: THE ROCK!!!!?
|-damage|p2a: THE ROCK!!!!?|22/100
|move|p2a: THE ROCK!!!!?|Recover|p2a: THE ROCK!!!!?
|-heal|p2a: THE ROCK!!!!?|72/100
|
|-heal|p1a: Bellossom|41/100|[from] item: Leftovers
|-heal|p2a: THE ROCK!!!!?|78/100|[from] item: Leftovers
|-damage|p1a: Bellossom|29/100|[from] Salt Cure
|upkeep
|turn|13
|
|t:|1779908727
|move|p1a: Bellossom|Moonblast|p2a: THE ROCK!!!!?
|-damage|p2a: THE ROCK!!!!?|29/100
|-unboost|p2a: THE ROCK!!!!?|spa|1
|move|p2a: THE ROCK!!!!?|Recover|p2a: THE ROCK!!!!?
|-heal|p2a: THE ROCK!!!!?|79/100
|
|-heal|p1a: Bellossom|35/100|[from] item: Leftovers
|-heal|p2a: THE ROCK!!!!?|85/100|[from] item: Leftovers
|-damage|p1a: Bellossom|22/100|[from] Salt Cure
|upkeep
|turn|14
|inactive|fremsh39 has 120 seconds left.
|inactive|fremsh39 has 90 seconds left.
|
|t:|1779908797
|move|p1a: Bellossom|Moonblast|p2a: THE ROCK!!!!?
|-damage|p2a: THE ROCK!!!!?|38/100
|-unboost|p2a: THE ROCK!!!!?|spa|1
|move|p2a: THE ROCK!!!!?|Body Press|p1a: Bellossom
|-damage|p1a: Bellossom|0 fnt
|faint|p1a: Bellossom
|
|-heal|p2a: THE ROCK!!!!?|44/100|[from] item: Leftovers
|upkeep
|
|t:|1779908804
|switch|p1a: Clefable|Clefable, M|100/100
|turn|15
|
|t:|1779908807
|move|p1a: Clefable|Fire Blast|p2a: THE ROCK!!!!?
|-supereffective|p2a: THE ROCK!!!!?
|-damage|p2a: THE ROCK!!!!?|0 fnt
|faint|p2a: THE ROCK!!!!?
|
|upkeep
|
|t:|1779908812
|switch|p2a: Heatran|Heatran, F|79/100
|turn|16
|inactive|fremsh39 has 90 seconds left.
|
|t:|1779908830
|move|p2a: Heatran|Magma Storm|p1a: Clefable|[miss]
|-miss|p2a: Heatran|p1a: Clefable
|move|p1a: Clefable|Thunder Wave|p2a: Heatran
|-status|p2a: Heatran|par
|
|upkeep
|turn|17
|
|t:|1779908838
|move|p1a: Clefable|Moonblast|p2a: Heatran
|-resisted|p2a: Heatran
|-damage|p2a: Heatran|74/100 par
|-unboost|p2a: Heatran|spa|1
|cant|p2a: Heatran|par
|
|upkeep
|turn|18
|
|t:|1779908843
|move|p1a: Clefable|Moonblast|p2a: Heatran
|-resisted|p2a: Heatran
|-damage|p2a: Heatran|67/100 par
|-unboost|p2a: Heatran|spa|1
|move|p2a: Heatran|Magma Storm|p1a: Clefable
|-damage|p1a: Clefable|46/100
|-activate|p1a: Clefable|move: Magma Storm|[of] p2a: Heatran
|
|-heal|p1a: Clefable|52/100|[from] item: Leftovers
|-damage|p1a: Clefable|40/100|[from] move: Magma Storm|[partiallytrapped]
|upkeep
|turn|19
|
|t:|1779908856
|move|p1a: Clefable|Moonblast|p2a: Heatran
|-resisted|p2a: Heatran
|-damage|p2a: Heatran|62/100 par
|move|p2a: Heatran|Magma Storm|p1a: Clefable|[miss]
|-miss|p2a: Heatran|p1a: Clefable
|
|-heal|p1a: Clefable|46/100|[from] item: Leftovers
|-damage|p1a: Clefable|33/100|[from] move: Magma Storm|[partiallytrapped]
|upkeep
|turn|20
|
|t:|1779908859
|switch|p2a: Adress me|Iron Treads|100/100
|move|p1a: Clefable|Moonblast|p2a: Adress me
|-resisted|p2a: Adress me
|-damage|p2a: Adress me|72/100
|
|-heal|p1a: Clefable|40/100|[from] item: Leftovers
|-end|p1a: Clefable|Magma Storm|[partiallytrapped]|[silent]
|upkeep
|turn|21
|inactive|fremsh39 has 120 seconds left.
|
|t:|1779908869
|move|p2a: Adress me|Earthquake|p1a: Clefable
|-damage|p1a: Clefable|0 fnt
|faint|p1a: Clefable
|
|upkeep
|
|t:|1779908872
|switch|p1a: Probopass|Probopass, M|100/100
|turn|22
|
|t:|1779908876
|move|p2a: Adress me|Earthquake|p1a: Probopass
|-supereffective|p1a: Probopass
|-damage|p1a: Probopass|0 fnt
|faint|p1a: Probopass
|
|win|Dabomb772
|raw|fremsh39's rating: 1182 &rarr; <strong>1159</strong><br />(-23 for losing)
|raw|Dabomb772's rating: 1215 &rarr; <strong>1238</strong><br />(+23 for winning)
|l|☆Dabomb772
|player|p2|
|l|☆fremsh39
|player|p1|
