|j|☆tokiwakano
|j|☆Gunkip
|t:|1779950406
|gametype|singles
|player|p1|tokiwakano|acetrainerf|1753
|player|p2|Gunkip|misty|1672
|gen|9
|tier|[Gen 9] OU
|rated|
|rule|HP Percentage Mod: HP is shown in percentages
|rule|Endless Battle Clause: Forcing endless battles is banned
|rule|Species Clause: Limit one of each Pokémon
|rule|OHKO Clause: OHKO moves are banned
|rule|Evasion Items Clause: Evasion items are banned
|rule|Evasion Moves Clause: Evasion moves are banned
|rule|Evasion Abilities Clause: Evasion abilities are banned
|rule|Sleep Moves Clause: Sleep-inducing moves are banned
|clearpoke
|poke|p1|Excadrill, F|
|poke|p1|Tyranitar, M|
|poke|p1|Enamorus, F|
|poke|p1|Hydrapple, M|
|poke|p1|Alomomola, F|
|poke|p1|Garganacl, M|
|poke|p2|Samurott-Hisui, M|
|poke|p2|Dragonite, F|
|poke|p2|Kingambit, F|
|poke|p2|Iron Moth|
|poke|p2|Iron Valiant|
|poke|p2|Moltres-Galar|
|teampreview
|
|t:|1779950416
|teamsize|p1|6
|teamsize|p2|6
|start
|switch|p1a: Enamorus|Enamorus, F|100/100
|switch|p2a: 90% accurate|Samurott-Hisui, M|100/100
|turn|1
|
|t:|1779950418
|move|p1a: Enamorus|Moonblast|p2a: 90% accurate
|-supereffective|p2a: 90% accurate
|-enditem|p2a: 90% accurate|Focus Sash
|-damage|p2a: 90% accurate|1/100
|move|p2a: 90% accurate|Razor Shell|p1a: Enamorus
|-damage|p1a: Enamorus|7/100
|
|upkeep
|turn|2
|
|t:|1779950424
|switch|p1a: Hydrapple|Hydrapple, M|100/100
|move|p2a: 90% accurate|Sucker Punch||[still]
|-fail|p2a: 90% accurate
|
|upkeep
|turn|3
|
|t:|1779950431
|move|p2a: 90% accurate|Ceaseless Edge|p1a: Hydrapple
|-damage|p1a: Hydrapple|74/100
|-damage|p2a: 90% accurate|0 fnt|[from] item: Rocky Helmet|[of] p1a: Hydrapple
|faint|p2a: 90% accurate
|move|p1a: Hydrapple|Nasty Plot|p1a: Hydrapple
|-boost|p1a: Hydrapple|spa|2
|
|upkeep
|
|t:|1779950440
|switch|p2a: bird is the word|Moltres-Galar|100/100
|turn|4
|
|t:|1779950449
|move|p2a: bird is the word|Nasty Plot|p2a: bird is the word
|-boost|p2a: bird is the word|spa|2
|move|p1a: Hydrapple|Fickle Beam|p2a: bird is the word
|-damage|p2a: bird is the word|39/100
|-ability|p2a: bird is the word|Berserk|boost
|-boost|p2a: bird is the word|spa|1
|-enditem|p2a: bird is the word|Sitrus Berry|[eat]
|-heal|p2a: bird is the word|64/100|[from] item: Sitrus Berry
|
|upkeep
|turn|5
|
|t:|1779950468
|move|p2a: bird is the word|Fiery Wrath|p1a: Hydrapple
|-damage|p1a: Hydrapple|0 fnt
|faint|p1a: Hydrapple
|
|upkeep
|
|t:|1779950471
|switch|p1a: Enamorus|Enamorus, F|7/100
|turn|6
|
|t:|1779950484
|move|p1a: Enamorus|Moonblast|p2a: bird is the word
|-supereffective|p2a: bird is the word
|-damage|p2a: bird is the word|0 fnt
|faint|p2a: bird is the word
|
|upkeep
|
|t:|1779950485
|switch|p2a: fight the power|Iron Valiant|100/100
|-enditem|p2a: fight the power|Booster Energy
|-activate|p2a: fight the power|ability: Quark Drive|[fromitem]
|-start|p2a: fight the power|quarkdrivespe
|turn|7
|
|t:|1779950490
|switch|p1a: Alomomola|Alomomola, F|100/100
|move|p2a: fight the power|Knock Off|p1a: Alomomola
|-damage|p1a: Alomomola|82/100
|-enditem|p1a: Alomomola|Assault Vest|[from] move: Knock Off|[of] p2a: fight the power
|
|upkeep
|turn|8
|
|t:|1779950495
|move|p2a: fight the power|Moonblast|p1a: Alomomola
|-damage|p1a: Alomomola|43/100
|move|p1a: Alomomola|Flip Turn|p2a: fight the power
|-damage|p2a: fight the power|79/100
|
|t:|1779950497
|switch|p1a: Tyranitar|Tyranitar, M|100/100|[from] Flip Turn
|-weather|Sandstorm|[from] ability: Sand Stream|[of] p1a: Tyranitar
|
|-weather|Sandstorm|[upkeep]
|-damage|p2a: fight the power|72/100|[from] Sandstorm
|upkeep
|turn|9
|
|t:|1779950500
|switch|p1a: Alomomola|Alomomola, F|77/100
|move|p2a: fight the power|Close Combat|p1a: Alomomola
|-damage|p1a: Alomomola|41/100
|-unboost|p2a: fight the power|def|1
|-unboost|p2a: fight the power|spd|1
|
|-weather|Sandstorm|[upkeep]
|-damage|p2a: fight the power|66/100|[from] Sandstorm
|-damage|p1a: Alomomola|35/100|[from] Sandstorm
|upkeep
|turn|10
|
|t:|1779950506
|move|p2a: fight the power|Close Combat|p1a: Alomomola
|-crit|p1a: Alomomola
|-damage|p1a: Alomomola|0 fnt
|-unboost|p2a: fight the power|def|1
|-unboost|p2a: fight the power|spd|1
|faint|p1a: Alomomola
|
|-weather|Sandstorm|[upkeep]
|-damage|p2a: fight the power|60/100|[from] Sandstorm
|upkeep
|
|t:|1779950508
|switch|p1a: Excadrill|Excadrill, F|100/100
|turn|11
|
|t:|1779950512
|-end|p2a: fight the power|Quark Drive|[silent]
|switch|p2a: feels the aura|Dragonite, F|100/100
|move|p1a: Excadrill|Earthquake|p2a: feels the aura
|-immune|p2a: feels the aura
|
|-weather|Sandstorm|[upkeep]
|-damage|p2a: feels the aura|94/100|[from] Sandstorm
|upkeep
|turn|12
|
|t:|1779950519
|move|p1a: Excadrill|Iron Head|p2a: feels the aura
|-crit|p2a: feels the aura
|-damage|p2a: feels the aura|22/100
|move|p2a: feels the aura|Earthquake|p1a: Excadrill
|-supereffective|p1a: Excadrill
|-damage|p1a: Excadrill|0 fnt
|faint|p1a: Excadrill
|
|-weather|none
|upkeep
|
|t:|1779950530
|switch|p1a: Tyranitar|Tyranitar, M|100/100
|-weather|Sandstorm|[from] ability: Sand Stream|[of] p1a: Tyranitar
|turn|13
|
|t:|1779950536
|move|p2a: feels the aura|Earthquake|p1a: Tyranitar
|-supereffective|p1a: Tyranitar
|-damage|p1a: Tyranitar|30/100
|move|p1a: Tyranitar|Low Kick|p2a: feels the aura
|-resisted|p2a: feels the aura
|-damage|p2a: feels the aura|0 fnt
|faint|p2a: feels the aura
|
|-weather|Sandstorm|[upkeep]
|upkeep
|
|t:|1779950543
|switch|p2a: fight the power|Iron Valiant|60/100
|turn|14
|
|t:|1779950549
|switch|p1a: Garganacl|Garganacl, M|100/100
|move|p2a: fight the power|Moonblast|p1a: Garganacl
|-damage|p1a: Garganacl|81/100
|
|-weather|Sandstorm|[upkeep]
|-damage|p2a: fight the power|54/100|[from] Sandstorm
|-heal|p1a: Garganacl|87/100|[from] item: Leftovers
|upkeep
|turn|15
|
|t:|1779950555
|-terastallize|p1a: Garganacl|Fairy
|move|p2a: fight the power|Knock Off|p1a: Garganacl
|-resisted|p1a: Garganacl
|-damage|p1a: Garganacl|78/100
|-enditem|p1a: Garganacl|Leftovers|[from] move: Knock Off|[of] p2a: fight the power
|move|p1a: Garganacl|Salt Cure|p2a: fight the power
|-resisted|p2a: fight the power
|-damage|p2a: fight the power|45/100
|-start|p2a: fight the power|Salt Cure
|
|-weather|Sandstorm|[upkeep]
|-damage|p2a: fight the power|39/100|[from] Sandstorm
|-damage|p1a: Garganacl|71/100|[from] Sandstorm
|-damage|p2a: fight the power|26/100|[from] Salt Cure
|upkeep
|turn|16
|
|t:|1779950562
|move|p2a: fight the power|Taunt|p1a: Garganacl
|-start|p1a: Garganacl|move: Taunt
|move|p1a: Garganacl|Salt Cure|p2a: fight the power
|-resisted|p2a: fight the power
|-damage|p2a: fight the power|17/100
|
|-weather|Sandstorm|[upkeep]
|-damage|p2a: fight the power|11/100|[from] Sandstorm
|-damage|p1a: Garganacl|65/100|[from] Sandstorm
|-damage|p2a: fight the power|0 fnt|[from] Salt Cure
|faint|p2a: fight the power
|-end|p2a: fight the power|Quark Drive|[silent]
|upkeep
|
|t:|1779950566
|switch|p2a: tony soprano|Kingambit, F|100/100
|-activate|p2a: tony soprano|ability: Supreme Overlord
|-start|p2a: tony soprano|fallen4|[silent]
|-item|p2a: tony soprano|Air Balloon
|turn|17
|
|t:|1779950571
|move|p2a: tony soprano|Iron Head|p1a: Garganacl
|-supereffective|p1a: Garganacl
|-damage|p1a: Garganacl|0 fnt
|faint|p1a: Garganacl
|
|-weather|none
|upkeep
|
|t:|1779950575
|switch|p1a: Enamorus|Enamorus, F|7/100
|turn|18
|
|t:|1779950580
|-end|p2a: tony soprano|fallen4|[silent]
|switch|p2a: definitely|Iron Moth|100/100
|-enditem|p2a: definitely|Booster Energy
|-activate|p2a: definitely|ability: Quark Drive|[fromitem]
|-start|p2a: definitely|quarkdrivespe
|move|p1a: Enamorus|Healing Wish|p1a: Enamorus
|faint|p1a: Enamorus
|
|upkeep
|
|t:|1779950584
|switch|p1a: Tyranitar|Tyranitar, M|30/100
|-heal|p1a: Tyranitar|100/100|[from] move: Healing Wish
|-weather|Sandstorm|[from] ability: Sand Stream|[of] p1a: Tyranitar
|turn|19
|
|t:|1779950592
|move|p2a: definitely|Dazzling Gleam|p1a: Tyranitar
|-supereffective|p1a: Tyranitar
|-damage|p1a: Tyranitar|65/100
|move|p1a: Tyranitar|Low Kick|p2a: definitely
|-resisted|p2a: definitely
|-damage|p2a: definitely|77/100
|
|-weather|Sandstorm|[upkeep]
|-damage|p2a: definitely|71/100|[from] Sandstorm
|upkeep
|turn|20
|-message|tokiwakano forfeited.
|
|win|Gunkip
|raw|tokiwakano's rating: 1753 &rarr; <strong>1728</strong><br />(-25 for losing)
|raw|Gunkip's rating: 1672 &rarr; <strong>1697</strong><br />(+25 for winning)
|l|☆tokiwakano
|player|p1|
|l|☆Gunkip
|player|p2|
