|j|☆renardoux99
|j|☆claudechamp
|t:|1779818109
|gametype|singles
|player|p1|renardoux99|medium|1123
|player|p2|claudechamp|265|1163
|gen|9
|tier|[Gen 9] OU
|rated|
|rule|HP Percentage Mod: HP is shown in percentages
|rule|Endless Battle Clause: Forcing endless battles is banned
|rule|Species Clause: Limit one of each Pokémon
|rule|OHKO Clause: OHKO moves are banned
|rule|Evasion Items Clause: Evasion items are banned
|rule|Evasion Moves Clause: Evasion moves are banned
|rule|Evasion Abilities Clause: Evasion abilities are banned
|rule|Sleep Moves Clause: Sleep-inducing moves are banned
|clearpoke
|poke|p1|Iron Crown|
|poke|p1|Great Tusk|
|poke|p1|Clefable, M|
|poke|p1|Ceruledge, F|
|poke|p1|Regieleki|
|poke|p1|Samurott-Hisui, F|
|poke|p2|Corviknight, M|
|poke|p2|Ting-Lu|
|poke|p2|Kyurem|
|poke|p2|Dondozo, M|
|poke|p2|Slowking-Galar, M|
|poke|p2|Cinderace, F|
|teampreview
|c|☆claudechamp|hf
|inactive|Battle timer is ON: inactive players will automatically lose when time's up. (requested by claudechamp)
|
|t:|1779818116
|teamsize|p1|6
|teamsize|p2|6
|start
|switch|p1a: Samurott|Samurott-Hisui, F, shiny|100/100
|switch|p2a: Cinderace|Cinderace, F|100/100
|turn|1
|
|t:|1779818126
|move|p2a: Cinderace|Pyro Ball|p1a: Samurott
|-resisted|p1a: Samurott
|-damage|p1a: Samurott|71/100
|move|p1a: Samurott|Ceaseless Edge|p2a: Cinderace
|-damage|p2a: Cinderace|39/100
|-sidestart|p2: claudechamp|Spikes
|
|upkeep
|turn|2
|
|t:|1779818133
|move|p2a: Cinderace|U-turn|p1a: Samurott
|-supereffective|p1a: Samurott
|-damage|p1a: Samurott|22/100
|
|t:|1779818135
|switch|p2a: Corviknight|Corviknight, M|100/100|[from] U-turn
|-ability|p2a: Corviknight|Pressure
|move|p1a: Samurott|Ceaseless Edge|p2a: Corviknight|[miss]
|-miss|p1a: Samurott|p2a: Corviknight
|
|upkeep
|turn|3
|
|t:|1779818147
|move|p1a: Samurott|Ceaseless Edge|p2a: Corviknight
|-damage|p2a: Corviknight|73/100
|-damage|p1a: Samurott|5/100|[from] item: Rocky Helmet|[of] p2a: Corviknight
|-sidestart|p2: claudechamp|Spikes
|move|p2a: Corviknight|Defog|p1a: Samurott
|-unboost|p1a: Samurott|evasion|1
|-sideend|p2: claudechamp|Spikes|[from] move: Defog|[of] p2a: Corviknight
|
|upkeep
|turn|4
|
|t:|1779818156
|move|p1a: Samurott|Knock Off|p2a: Corviknight
|-crit|p2a: Corviknight
|-damage|p2a: Corviknight|27/100
|-damage|p1a: Samurott|0 fnt|[from] item: Rocky Helmet|[of] p2a: Corviknight
|faint|p1a: Samurott
|move|p2a: Corviknight|Roost|p2a: Corviknight
|-heal|p2a: Corviknight|77/100
|-singleturn|p2a: Corviknight|move: Roost
|
|upkeep
|
|t:|1779818167
|switch|p1a: Ceruledge|Ceruledge, F|100/100
|turn|5
|
|t:|1779818173
|switch|p2a: Kyurem|Kyurem|100/100
|-ability|p2a: Kyurem|Pressure
|move|p1a: Ceruledge|Swords Dance|p1a: Ceruledge
|-boost|p1a: Ceruledge|atk|2
|
|upkeep
|turn|6
|
|t:|1779818182
|move|p2a: Kyurem|Earth Power|p1a: Ceruledge
|-supereffective|p1a: Ceruledge
|-damage|p1a: Ceruledge|27/100
|move|p1a: Ceruledge|Bitter Blade|p2a: Kyurem
|-damage|p2a: Kyurem|7/100
|-heal|p1a: Ceruledge|92/100|[from] drain|[of] p2a: Kyurem
|
|-heal|p2a: Kyurem|14/100|[from] item: Leftovers
|upkeep
|turn|7
|
|t:|1779818193
|-terastallize|p2a: Kyurem|Ground
|move|p2a: Kyurem|Earth Power|p1a: Ceruledge
|-supereffective|p1a: Ceruledge
|-damage|p1a: Ceruledge|0 fnt
|faint|p1a: Ceruledge
|
|-heal|p2a: Kyurem|20/100|[from] item: Leftovers
|upkeep
|
|t:|1779818215
|switch|p1a: Clefable|Clefable, M|100/100
|turn|8
|
|t:|1779818223
|move|p2a: Kyurem|Earth Power|p1a: Clefable
|-damage|p1a: Clefable|46/100
|move|p1a: Clefable|Reflect|p1a: Clefable
|-sidestart|p1: renardoux99|Reflect
|
|-heal|p2a: Kyurem|26/100|[from] item: Leftovers
|upkeep
|turn|9
|
|t:|1779818229
|move|p2a: Kyurem|Earth Power|p1a: Clefable
|-damage|p1a: Clefable|0 fnt
|faint|p1a: Clefable
|
|-heal|p2a: Kyurem|32/100|[from] item: Leftovers
|upkeep
|
|t:|1779818237
|switch|p1a: Great Tusk|Great Tusk|100/100
|-enditem|p1a: Great Tusk|Booster Energy
|-activate|p1a: Great Tusk|ability: Protosynthesis|[fromitem]
|-start|p1a: Great Tusk|protosynthesisatk
|turn|10
|
|t:|1779818243
|move|p2a: Kyurem|Freeze-Dry|p1a: Great Tusk
|-supereffective|p1a: Great Tusk
|-damage|p1a: Great Tusk|0 fnt
|faint|p1a: Great Tusk
|-end|p1a: Great Tusk|Protosynthesis|[silent]
|
|-heal|p2a: Kyurem|38/100|[from] item: Leftovers
|upkeep
|
|t:|1779818252
|switch|p1a: Iron Crown|Iron Crown|100/100
|-enditem|p1a: Iron Crown|Booster Energy
|-activate|p1a: Iron Crown|ability: Quark Drive|[fromitem]
|-start|p1a: Iron Crown|quarkdrivespa
|turn|11
|
|t:|1779818260
|switch|p2a: Ting-Lu|Ting-Lu|100/100
|-ability|p2a: Ting-Lu|Vessel of Ruin
|-terastallize|p1a: Iron Crown|Fighting
|move|p1a: Iron Crown|Calm Mind|p1a: Iron Crown
|-boost|p1a: Iron Crown|spa|1
|-boost|p1a: Iron Crown|spd|1
|
|upkeep
|turn|12
|
|t:|1779818269
|move|p1a: Iron Crown|Agility|p1a: Iron Crown
|-boost|p1a: Iron Crown|spe|2
|move|p2a: Ting-Lu|Earthquake|p1a: Iron Crown
|-damage|p1a: Iron Crown|79/100
|
|upkeep
|turn|13
|
|t:|1779818276
|move|p1a: Iron Crown|Calm Mind|p1a: Iron Crown
|-boost|p1a: Iron Crown|spa|1
|-boost|p1a: Iron Crown|spd|1
|move|p2a: Ting-Lu|Earthquake|p1a: Iron Crown
|-damage|p1a: Iron Crown|58/100
|
|upkeep
|turn|14
|
|t:|1779818282
|switch|p2a: Slowking|Slowking-Galar, M|100/100
|move|p1a: Iron Crown|Focus Blast|p2a: Slowking
|-resisted|p2a: Slowking
|-damage|p2a: Slowking|68/100
|
|upkeep
|turn|15
|
|t:|1779818289
|move|p1a: Iron Crown|Stored Power|p2a: Slowking
|-damage|p2a: Slowking|0 fnt
|faint|p2a: Slowking
|
|-sideend|p1: renardoux99|Reflect
|upkeep
|
|t:|1779818291
|switch|p2a: Dondozo|Dondozo, M|100/100
|turn|16
|
|t:|1779818300
|move|p1a: Iron Crown|Stored Power|p2a: Dondozo
|-damage|p2a: Dondozo|38/100
|move|p2a: Dondozo|Waterfall|p1a: Iron Crown
|-damage|p1a: Iron Crown|29/100
|
|-heal|p2a: Dondozo|44/100|[from] item: Leftovers
|upkeep
|turn|17
|
|t:|1779818307
|switch|p2a: Ting-Lu|Ting-Lu|100/100
|-ability|p2a: Ting-Lu|Vessel of Ruin
|move|p1a: Iron Crown|Stored Power|p2a: Ting-Lu
|-immune|p2a: Ting-Lu
|
|upkeep
|turn|18
|
|t:|1779818313
|move|p1a: Iron Crown|Focus Blast|p2a: Ting-Lu
|-supereffective|p2a: Ting-Lu
|-damage|p2a: Ting-Lu|0 fnt
|faint|p2a: Ting-Lu
|
|upkeep
|
|t:|1779818316
|switch|p2a: Dondozo|Dondozo, M|44/100
|turn|19
|
|t:|1779818322
|move|p1a: Iron Crown|Stored Power|p2a: Dondozo
|-damage|p2a: Dondozo|0 fnt
|faint|p2a: Dondozo
|
|upkeep
|
|t:|1779818325
|switch|p2a: Corviknight|Corviknight, M|77/100
|-ability|p2a: Corviknight|Pressure
|turn|20
|
|t:|1779818336
|move|p1a: Iron Crown|Focus Blast|p2a: Corviknight
|-crit|p2a: Corviknight
|-damage|p2a: Corviknight|0 fnt
|faint|p2a: Corviknight
|
|upkeep
|
|t:|1779818340
|switch|p2a: Cinderace|Cinderace, F|39/100
|turn|21
|
|t:|1779818344
|move|p1a: Iron Crown|Stored Power|p2a: Cinderace
|-damage|p2a: Cinderace|0 fnt
|faint|p2a: Cinderace
|
|upkeep
|
|t:|1779818347
|switch|p2a: Kyurem|Kyurem, tera:Ground|38/100
|-ability|p2a: Kyurem|Pressure
|turn|22
|
|t:|1779818351
|move|p1a: Iron Crown|Stored Power|p2a: Kyurem
|-damage|p2a: Kyurem|0 fnt
|faint|p2a: Kyurem
|
|win|renardoux99
|raw|renardoux99's rating: 1123 &rarr; <strong>1151</strong><br />(+28 for winning)
|raw|claudechamp's rating: 1163 &rarr; <strong>1135</strong><br />(-28 for losing)
|c|☆claudechamp|gg
