|j|‽sawquarete
|j|☆claudechamp
|t:|1779856729
|gametype|singles
|player|p1|sawquarete|li|1369
|player|p2|claudechamp|169|1300
|gen|9
|tier|[Gen 9] OU
|rated|
|rule|HP Percentage Mod: HP is shown in percentages
|rule|Endless Battle Clause: Forcing endless battles is banned
|rule|Species Clause: Limit one of each Pokémon
|rule|OHKO Clause: OHKO moves are banned
|rule|Evasion Items Clause: Evasion items are banned
|rule|Evasion Moves Clause: Evasion moves are banned
|rule|Evasion Abilities Clause: Evasion abilities are banned
|rule|Sleep Moves Clause: Sleep-inducing moves are banned
|clearpoke
|poke|p1|Gholdengo|
|poke|p1|Kingambit, F|
|poke|p1|Hatterene, F|
|poke|p1|Gliscor, M|
|poke|p1|Pecharunt|
|poke|p1|Garganacl, M|
|poke|p2|Gliscor, M|
|poke|p2|Ogerpon, F|
|poke|p2|Walking Wake|
|poke|p2|Blissey, F|
|poke|p2|Corviknight, M|
|poke|p2|Pecharunt|
|teampreview
|c|☆claudechamp|hf
|inactive|Battle timer is ON: inactive players will automatically lose when time's up. (requested by claudechamp)
|
|t:|1779856749
|teamsize|p1|6
|teamsize|p2|6
|start
|switch|p1a: Gliscor|Gliscor, M|100/100
|switch|p2a: Gliscor|Gliscor, M|100/100
|turn|1
|
|t:|1779856754
|move|p1a: Gliscor|Knock Off|p2a: Gliscor
|-damage|p2a: Gliscor|84/100
|-enditem|p2a: Gliscor|Toxic Orb|[from] move: Knock Off|[of] p1a: Gliscor
|move|p2a: Gliscor|Spikes|p1a: Gliscor
|-sidestart|p1: sawquarete|Spikes
|
|-status|p1a: Gliscor|tox|[from] item: Toxic Orb
|upkeep
|turn|2
|
|t:|1779856758
|move|p1a: Gliscor|Spikes|p2a: Gliscor
|-sidestart|p2: claudechamp|Spikes
|move|p2a: Gliscor|Spikes|p1a: Gliscor
|-sidestart|p1: sawquarete|Spikes
|
|upkeep
|turn|3
|
|t:|1779856767
|switch|p1a: Hatterene|Hatterene, F|100/100
|-damage|p1a: Hatterene|84/100|[from] Spikes
|switch|p2a: Walking Wake|Walking Wake|100/100
|
|upkeep
|turn|4
|
|t:|1779856773
|move|p2a: Walking Wake|Surf|p1a: Hatterene
|-damage|p1a: Hatterene|53/100
|move|p1a: Hatterene|Draining Kiss|p2a: Walking Wake
|-supereffective|p2a: Walking Wake
|-crit|p2a: Walking Wake
|-damage|p2a: Walking Wake|3/100
|-heal|p1a: Hatterene|100/100|[from] drain|[of] p2a: Walking Wake
|
|upkeep
|turn|5
|
|t:|1779856779
|-end|p2a: Walking Wake|Protosynthesis|[silent]
|switch|p2a: Blissey|Blissey, F|100/100
|move|p1a: Hatterene|Nuzzle|p2a: Blissey
|-damage|p2a: Blissey|96/100
|-status|p2a: Blissey|par
|
|upkeep
|turn|6
|
|t:|1779856785
|move|p1a: Hatterene|Psyshock|p2a: Blissey
|-damage|p2a: Blissey|52/100 par
|cant|p2a: Blissey|par
|
|upkeep
|turn|7
|
|t:|1779856789
|-terastallize|p2a: Blissey|Dark
|move|p1a: Hatterene|Psyshock|p2a: Blissey
|-immune|p2a: Blissey
|cant|p2a: Blissey|par
|
|upkeep
|turn|8
|
|t:|1779856796
|switch|p1a: Gliscor|Gliscor, M|100/100 tox
|move|p2a: Blissey|Soft-Boiled|p2a: Blissey
|-heal|p2a: Blissey|100/100 par
|
|upkeep
|turn|9
|
|t:|1779856802
|move|p1a: Gliscor|Knock Off|p2a: Blissey
|-resisted|p2a: Blissey
|-damage|p2a: Blissey|90/100 par
|-enditem|p2a: Blissey|Heavy-Duty Boots|[from] move: Knock Off|[of] p1a: Gliscor
|move|p2a: Blissey|Stealth Rock|p1a: Gliscor
|-sidestart|p1: sawquarete|move: Stealth Rock
|
|upkeep
|turn|10
|
|t:|1779856807
|-curestatus|p2a: Blissey|par|[from] ability: Natural Cure|[silent]
|switch|p2a: Gliscor|Gliscor, M|84/100
|move|p1a: Gliscor|Spikes|p2a: Gliscor
|-sidestart|p2: claudechamp|Spikes
|
|upkeep
|turn|11
|
|t:|1779856819
|move|p2a: Gliscor|Spikes|p1a: Gliscor
|-sidestart|p1: sawquarete|Spikes
|move|p1a: Gliscor|Knock Off|p2a: Gliscor
|-damage|p2a: Gliscor|72/100
|
|upkeep
|turn|12
|
|t:|1779856823
|switch|p2a: Blissey|Blissey, F, tera:Dark|90/100
|-damage|p2a: Blissey|74/100|[from] Spikes
|move|p1a: Gliscor|Knock Off|p2a: Blissey
|-resisted|p2a: Blissey
|-damage|p2a: Blissey|67/100
|
|upkeep
|turn|13
|
|t:|1779856831
|move|p1a: Gliscor|Toxic|p2a: Blissey
|-status|p2a: Blissey|tox
|move|p2a: Blissey|Soft-Boiled|p2a: Blissey
|-heal|p2a: Blissey|100/100 tox
|
|-damage|p2a: Blissey|94/100 tox|[from] psn
|upkeep
|turn|14
|
|t:|1779856842
|switch|p1a: Garganacl|Garganacl, M|100/100
|-damage|p1a: Garganacl|75/100|[from] Spikes
|-damage|p1a: Garganacl|63/100|[from] Stealth Rock
|-curestatus|p2a: Blissey|tox|[from] ability: Natural Cure|[silent]
|switch|p2a: Corviknight|Corviknight, M|100/100
|-ability|p2a: Corviknight|Pressure
|
|-heal|p1a: Garganacl|69/100|[from] item: Leftovers
|upkeep
|turn|15
|
|t:|1779856851
|move|p2a: Corviknight|U-turn|p1a: Garganacl
|-damage|p1a: Garganacl|60/100
|
|t:|1779856862
|switch|p2a: Ogerpon|Ogerpon, F|100/100|[from] U-turn
|move|p1a: Garganacl|Stealth Rock|p2a: Ogerpon
|-sidestart|p2: claudechamp|move: Stealth Rock
|
|-heal|p1a: Garganacl|66/100|[from] item: Leftovers
|upkeep
|turn|16
|
|t:|1779856866
|switch|p1a: Pecharunt|Pecharunt|100/100
|move|p2a: Ogerpon|Ivy Cudgel|p1a: Pecharunt
|-resisted|p1a: Pecharunt
|-damage|p1a: Pecharunt|89/100
|
|upkeep
|turn|17
|
|t:|1779856874
|switch|p2a: Walking Wake|Walking Wake|3/100
|move|p1a: Pecharunt|Parting Shot|p2a: Walking Wake
|-unboost|p2a: Walking Wake|atk|1
|-unboost|p2a: Walking Wake|spa|1
|
|t:|1779856878
|switch|p1a: Hatterene|Hatterene, F|100/100|[from] Parting Shot
|-damage|p1a: Hatterene|76/100|[from] Spikes
|-damage|p1a: Hatterene|63/100|[from] Stealth Rock
|
|upkeep
|turn|18
|
|t:|1779856883
|move|p2a: Walking Wake|Surf|p1a: Hatterene
|-damage|p1a: Hatterene|44/100
|move|p1a: Hatterene|Draining Kiss|p2a: Walking Wake
|-supereffective|p2a: Walking Wake
|-damage|p2a: Walking Wake|0 fnt
|-heal|p1a: Hatterene|45/100|[from] drain|[of] p2a: Walking Wake
|faint|p2a: Walking Wake
|-end|p2a: Walking Wake|Protosynthesis|[silent]
|
|upkeep
|
|t:|1779856886
|switch|p2a: Ogerpon|Ogerpon, F|100/100
|turn|19
|
|t:|1779856890
|move|p2a: Ogerpon|Ivy Cudgel|p1a: Hatterene
|-damage|p1a: Hatterene|0 fnt
|faint|p1a: Hatterene
|
|upkeep
|
|t:|1779856903
|switch|p1a: Pecharunt|Pecharunt|89/100
|turn|20
|
|t:|1779856906
|move|p2a: Ogerpon|Ivy Cudgel|p1a: Pecharunt
|-resisted|p1a: Pecharunt
|-damage|p1a: Pecharunt|77/100
|move|p1a: Pecharunt|Parting Shot|p2a: Ogerpon
|-unboost|p2a: Ogerpon|atk|1
|-ability|p2a: Ogerpon|Defiant|boost
|-boost|p2a: Ogerpon|atk|2
|-unboost|p2a: Ogerpon|spa|1
|-ability|p2a: Ogerpon|Defiant|boost
|-boost|p2a: Ogerpon|atk|2
|
|t:|1779856913
|switch|p1a: Gholdengo|Gholdengo|100/100|[from] Parting Shot
|-damage|p1a: Gholdengo|94/100|[from] Stealth Rock
|-item|p1a: Gholdengo|Air Balloon
|
|upkeep
|turn|21
|
|t:|1779856916
|-terastallize|p1a: Gholdengo|Fairy
|move|p2a: Ogerpon|Knock Off|p1a: Gholdengo
|-resisted|p1a: Gholdengo
|-damage|p1a: Gholdengo|52/100
|-enditem|p1a: Gholdengo|Air Balloon
|move|p1a: Gholdengo|Make It Rain|p2a: Ogerpon
|-damage|p2a: Ogerpon|29/100
|-unboost|p1a: Gholdengo|spa|1
|
|upkeep
|turn|22
|
|t:|1779856922
|move|p2a: Ogerpon|Ivy Cudgel|p1a: Gholdengo
|-damage|p1a: Gholdengo|0 fnt
|faint|p1a: Gholdengo
|
|upkeep
|
|t:|1779856924
|switch|p1a: Kingambit|Kingambit, F|100/100
|-damage|p1a: Kingambit|76/100|[from] Spikes
|-damage|p1a: Kingambit|69/100|[from] Stealth Rock
|-activate|p1a: Kingambit|ability: Supreme Overlord
|-start|p1a: Kingambit|fallen2|[silent]
|turn|23
|
|t:|1779856935
|move|p1a: Kingambit|Sucker Punch|p2a: Ogerpon
|-damage|p2a: Ogerpon|0 fnt
|faint|p2a: Ogerpon
|
|upkeep
|
|t:|1779856941
|switch|p2a: Blissey|Blissey, F, tera:Dark|94/100
|-damage|p2a: Blissey|78/100|[from] Spikes
|-damage|p2a: Blissey|65/100|[from] Stealth Rock
|turn|24
|
|t:|1779856947
|move|p1a: Kingambit|Iron Head|p2a: Blissey
|-damage|p2a: Blissey|12/100
|cant|p2a: Blissey|flinch
|
|upkeep
|turn|25
|
|t:|1779856957
|switch|p2a: Corviknight|Corviknight, M|100/100
|-ability|p2a: Corviknight|Pressure
|move|p1a: Kingambit|Kowtow Cleave|p2a: Corviknight
|-crit|p2a: Corviknight
|-damage|p2a: Corviknight|29/100
|
|upkeep
|turn|26
|
|t:|1779856968
|move|p2a: Corviknight|Roost|p2a: Corviknight
|-heal|p2a: Corviknight|79/100
|-singleturn|p2a: Corviknight|move: Roost
|move|p1a: Kingambit|Kowtow Cleave|p2a: Corviknight
|-damage|p2a: Corviknight|29/100
|
|upkeep
|turn|27
|
|t:|1779856977
|move|p2a: Corviknight|Roost|p2a: Corviknight
|-heal|p2a: Corviknight|79/100
|-singleturn|p2a: Corviknight|move: Roost
|move|p1a: Kingambit|Kowtow Cleave|p2a: Corviknight
|-damage|p2a: Corviknight|31/100
|
|upkeep
|turn|28
|
|t:|1779856985
|move|p2a: Corviknight|Roost|p2a: Corviknight
|-heal|p2a: Corviknight|82/100
|-singleturn|p2a: Corviknight|move: Roost
|move|p1a: Kingambit|Kowtow Cleave|p2a: Corviknight
|-damage|p2a: Corviknight|36/100
|
|upkeep
|turn|29
|
|t:|1779856994
|move|p2a: Corviknight|Roost|p2a: Corviknight
|-heal|p2a: Corviknight|86/100
|-singleturn|p2a: Corviknight|move: Roost
|move|p1a: Kingambit|Kowtow Cleave|p2a: Corviknight
|-damage|p2a: Corviknight|37/100
|
|upkeep
|turn|30
|
|t:|1779857004
|move|p2a: Corviknight|Roost|p2a: Corviknight
|-heal|p2a: Corviknight|87/100
|-singleturn|p2a: Corviknight|move: Roost
|move|p1a: Kingambit|Iron Head|p2a: Corviknight
|-resisted|p2a: Corviknight
|-damage|p2a: Corviknight|69/100
|
|upkeep
|turn|31
|
|t:|1779857012
|-end|p1a: Kingambit|fallen2|[silent]
|switch|p1a: Pecharunt|Pecharunt|77/100
|move|p2a: Corviknight|Body Press|p1a: Pecharunt
|-immune|p1a: Pecharunt
|
|upkeep
|turn|32
|
|t:|1779857019
|move|p1a: Pecharunt|Recover|p1a: Pecharunt
|-heal|p1a: Pecharunt|100/100
|move|p2a: Corviknight|Roost|p2a: Corviknight
|-heal|p2a: Corviknight|100/100
|-singleturn|p2a: Corviknight|move: Roost
|
|upkeep
|turn|33
|
|t:|1779857026
|move|p1a: Pecharunt|Foul Play|p2a: Corviknight
|-damage|p2a: Corviknight|88/100
|move|p2a: Corviknight|Thief|p1a: Pecharunt
|-supereffective|p1a: Pecharunt
|-damage|p1a: Pecharunt|89/100
|
|upkeep
|turn|34
|
|t:|1779857034
|move|p1a: Pecharunt|Foul Play|p2a: Corviknight
|-damage|p2a: Corviknight|76/100
|move|p2a: Corviknight|Roost|p2a: Corviknight
|-heal|p2a: Corviknight|100/100
|-singleturn|p2a: Corviknight|move: Roost
|
|upkeep
|turn|35
|
|t:|1779857042
|move|p1a: Pecharunt|Foul Play|p2a: Corviknight
|-damage|p2a: Corviknight|89/100
|move|p2a: Corviknight|U-turn|p1a: Pecharunt
|-resisted|p1a: Pecharunt
|-damage|p1a: Pecharunt|88/100
|
|t:|1779857051
|switch|p2a: Pecharunt|Pecharunt|100/100|[from] U-turn
|
|upkeep
|turn|36
|
|t:|1779857062
|move|p1a: Pecharunt|Parting Shot|p2a: Pecharunt
|-unboost|p2a: Pecharunt|atk|1
|-unboost|p2a: Pecharunt|spa|1
|
|t:|1779857065
|switch|p1a: Kingambit|Kingambit, F|69/100|[from] Parting Shot
|-damage|p1a: Kingambit|44/100|[from] Spikes
|-damage|p1a: Kingambit|38/100|[from] Stealth Rock
|-activate|p1a: Kingambit|ability: Supreme Overlord
|-start|p1a: Kingambit|fallen2|[silent]
|move|p2a: Pecharunt|Parting Shot|p1a: Kingambit
|-unboost|p1a: Kingambit|atk|1
|-unboost|p1a: Kingambit|spa|1
|
|t:|1779857076
|switch|p2a: Corviknight|Corviknight, M|89/100|[from] Parting Shot
|-ability|p2a: Corviknight|Pressure
|
|upkeep
|turn|37
|
|t:|1779857081
|-end|p1a: Kingambit|fallen2|[silent]
|switch|p1a: Gliscor|Gliscor, M|100/100 tox
|-damage|p1a: Gliscor|88/100 tox|[from] Stealth Rock
|move|p2a: Corviknight|Body Press|p1a: Gliscor
|-resisted|p1a: Gliscor
|-damage|p1a: Gliscor|79/100 tox
|
|-heal|p1a: Gliscor|91/100 tox|[from] ability: Poison Heal
|upkeep
|turn|38
|
|t:|1779857092
|move|p1a: Gliscor|Knock Off|p2a: Corviknight
|-damage|p2a: Corviknight|74/100
|-enditem|p2a: Corviknight|Heavy-Duty Boots|[from] move: Knock Off|[of] p1a: Gliscor
|move|p2a: Corviknight|Thief|p1a: Gliscor
|-crit|p1a: Gliscor
|-damage|p1a: Gliscor|76/100 tox
|-enditem|p1a: Gliscor|Toxic Orb|[silent]|[from] move: Thief|[of] p2a: Corviknight
|-item|p2a: Corviknight|Toxic Orb|[from] move: Thief|[of] p1a: Gliscor
|
|-heal|p1a: Gliscor|89/100 tox|[from] ability: Poison Heal
|upkeep
|turn|39
|
|t:|1779857104
|move|p1a: Gliscor|Knock Off|p2a: Corviknight
|-damage|p2a: Corviknight|60/100
|-enditem|p2a: Corviknight|Toxic Orb|[from] move: Knock Off|[of] p1a: Gliscor
|move|p2a: Corviknight|Roost|p2a: Corviknight
|-heal|p2a: Corviknight|100/100
|-singleturn|p2a: Corviknight|move: Roost
|
|-heal|p1a: Gliscor|100/100 tox|[from] ability: Poison Heal
|upkeep
|turn|40
|
|t:|1779857118
|move|p1a: Gliscor|Knock Off|p2a: Corviknight
|-damage|p2a: Corviknight|91/100
|move|p2a: Corviknight|Thief|p1a: Gliscor
|-damage|p1a: Gliscor|91/100 tox
|
|-heal|p1a: Gliscor|100/100 tox|[from] ability: Poison Heal
|upkeep
|turn|41
|
|t:|1779857130
|move|p1a: Gliscor|Knock Off|p2a: Corviknight
|-damage|p2a: Corviknight|82/100
|move|p2a: Corviknight|Body Press|p1a: Gliscor
|-resisted|p1a: Gliscor
|-damage|p1a: Gliscor|90/100 tox
|
|-heal|p1a: Gliscor|100/100 tox|[from] ability: Poison Heal
|upkeep
|turn|42
|
|t:|1779857136
|move|p1a: Gliscor|Knock Off|p2a: Corviknight
|-damage|p2a: Corviknight|73/100
|move|p2a: Corviknight|Thief|p1a: Gliscor
|-damage|p1a: Gliscor|90/100 tox
|
|-heal|p1a: Gliscor|100/100 tox|[from] ability: Poison Heal
|upkeep
|turn|43
|
|t:|1779857148
|move|p1a: Gliscor|Knock Off|p2a: Corviknight
|-crit|p2a: Corviknight
|-damage|p2a: Corviknight|58/100
|move|p2a: Corviknight|Body Press|p1a: Gliscor
|-resisted|p1a: Gliscor
|-damage|p1a: Gliscor|91/100 tox
|
|-heal|p1a: Gliscor|100/100 tox|[from] ability: Poison Heal
|upkeep
|turn|44
|
|t:|1779857163
|move|p1a: Gliscor|Knock Off|p2a: Corviknight
|-damage|p2a: Corviknight|49/100
|move|p2a: Corviknight|Thief|p1a: Gliscor
|-damage|p1a: Gliscor|91/100 tox
|
|-heal|p1a: Gliscor|100/100 tox|[from] ability: Poison Heal
|upkeep
|turn|45
|
|t:|1779857175
|move|p1a: Gliscor|Knock Off|p2a: Corviknight
|-damage|p2a: Corviknight|40/100
|move|p2a: Corviknight|Body Press|p1a: Gliscor
|-resisted|p1a: Gliscor
|-damage|p1a: Gliscor|90/100 tox
|
|-heal|p1a: Gliscor|100/100 tox|[from] ability: Poison Heal
|upkeep
|turn|46
|
|t:|1779857186
|move|p1a: Gliscor|Knock Off|p2a: Corviknight
|-damage|p2a: Corviknight|31/100
|move|p2a: Corviknight|U-turn|p1a: Gliscor
|-resisted|p1a: Gliscor
|-crit|p1a: Gliscor
|-damage|p1a: Gliscor|92/100 tox
|
|t:|1779857194
|switch|p2a: Gliscor|Gliscor, M|72/100|[from] U-turn
|-damage|p2a: Gliscor|60/100|[from] Stealth Rock
|
|-heal|p1a: Gliscor|100/100 tox|[from] ability: Poison Heal
|upkeep
|turn|47
|
|t:|1779857206
|move|p2a: Gliscor|Protect|p2a: Gliscor
|-singleturn|p2a: Gliscor|Protect
|move|p1a: Gliscor|Knock Off|p2a: Gliscor
|-activate|p2a: Gliscor|move: Protect
|
|upkeep
|turn|48
|
|t:|1779857214
|switch|p2a: Corviknight|Corviknight, M|31/100
|-damage|p2a: Corviknight|19/100|[from] Stealth Rock
|-ability|p2a: Corviknight|Pressure
|move|p1a: Gliscor|Knock Off|p2a: Corviknight
|-damage|p2a: Corviknight|10/100
|
|upkeep
|turn|49
|
|t:|1779857224
|move|p1a: Gliscor|Knock Off|p2a: Corviknight
|-damage|p2a: Corviknight|1/100
|move|p2a: Corviknight|U-turn|p1a: Gliscor
|-resisted|p1a: Gliscor
|-damage|p1a: Gliscor|95/100 tox
|
|t:|1779857231
|switch|p2a: Gliscor|Gliscor, M|60/100|[from] U-turn
|-damage|p2a: Gliscor|47/100|[from] Stealth Rock
|
|-heal|p1a: Gliscor|100/100 tox|[from] ability: Poison Heal
|upkeep
|turn|50
|
|t:|1779857244
|switch|p1a: Pecharunt|Pecharunt|88/100
|move|p2a: Gliscor|Protect||[still]
|-fail|p2a: Gliscor
|
|upkeep
|turn|51
|
|t:|1779857256
|move|p2a: Gliscor|Earthquake|p1a: Pecharunt
|-supereffective|p1a: Pecharunt
|-damage|p1a: Pecharunt|57/100
|move|p1a: Pecharunt|Foul Play|p2a: Gliscor
|-damage|p2a: Gliscor|30/100
|
|upkeep
|turn|52
|
|t:|1779857266
|move|p2a: Gliscor|Earthquake|p1a: Pecharunt
|-supereffective|p1a: Pecharunt
|-damage|p1a: Pecharunt|27/100
|move|p1a: Pecharunt|Foul Play|p2a: Gliscor
|-damage|p2a: Gliscor|14/100
|
|upkeep
|turn|53
|
|t:|1779857279
|switch|p1a: Gliscor|Gliscor, M|100/100 tox
|-damage|p1a: Gliscor|88/100 tox|[from] Stealth Rock
|move|p2a: Gliscor|Protect||[still]
|-fail|p2a: Gliscor
|
|-heal|p1a: Gliscor|100/100 tox|[from] ability: Poison Heal
|upkeep
|turn|54
|
|t:|1779857295
|switch|p2a: Pecharunt|Pecharunt|100/100
|move|p1a: Gliscor|Protect||[still]
|-fail|p1a: Gliscor
|
|upkeep
|turn|55
|
|t:|1779857307
|move|p1a: Gliscor|Knock Off|p2a: Pecharunt
|-supereffective|p2a: Pecharunt
|-damage|p2a: Pecharunt|79/100
|-enditem|p2a: Pecharunt|Heavy-Duty Boots|[from] move: Knock Off|[of] p1a: Gliscor
|move|p2a: Pecharunt|Malignant Chain|p1a: Gliscor
|-resisted|p1a: Gliscor
|-damage|p1a: Gliscor|86/100 tox
|
|-heal|p1a: Gliscor|99/100 tox|[from] ability: Poison Heal
|upkeep
|turn|56
|
|t:|1779857320
|move|p1a: Gliscor|Knock Off|p2a: Pecharunt
|-supereffective|p2a: Pecharunt
|-damage|p2a: Pecharunt|65/100
|move|p2a: Pecharunt|Parting Shot|p1a: Gliscor
|-unboost|p1a: Gliscor|atk|1
|-unboost|p1a: Gliscor|spa|1
|
|t:|1779857333
|switch|p2a: Blissey|Blissey, F, tera:Dark|12/100|[from] Parting Shot
|-damage|p2a: Blissey|0 fnt|[from] Spikes
|faint|p2a: Blissey
|
|-heal|p1a: Gliscor|100/100 tox|[from] ability: Poison Heal
|upkeep
|
|t:|1779857341
|switch|p2a: Corviknight|Corviknight, M|1/100
|-damage|p2a: Corviknight|0 fnt|[from] Stealth Rock
|faint|p2a: Corviknight
|inactive|claudechamp has 120 seconds left.
|
|t:|1779857356
|switch|p2a: Gliscor|Gliscor, M|14/100
|-damage|p2a: Gliscor|1/100|[from] Stealth Rock
|turn|57
|
|t:|1779857362
|move|p2a: Gliscor|Protect|p2a: Gliscor
|-singleturn|p2a: Gliscor|Protect
|move|p1a: Gliscor|Knock Off|p2a: Gliscor
|-activate|p2a: Gliscor|move: Protect
|
|upkeep
|turn|58
|
|t:|1779857372
|switch|p2a: Pecharunt|Pecharunt|65/100
|-damage|p2a: Pecharunt|49/100|[from] Spikes
|-damage|p2a: Pecharunt|36/100|[from] Stealth Rock
|move|p1a: Gliscor|Knock Off|p2a: Pecharunt
|-supereffective|p2a: Pecharunt
|-damage|p2a: Pecharunt|27/100
|
|upkeep
|turn|59
|
|t:|1779857384
|switch|p1a: Garganacl|Garganacl, M|66/100
|-damage|p1a: Garganacl|41/100|[from] Spikes
|-damage|p1a: Garganacl|29/100|[from] Stealth Rock
|move|p2a: Pecharunt|Recover|p2a: Pecharunt
|-heal|p2a: Pecharunt|77/100
|
|-heal|p1a: Garganacl|35/100|[from] item: Leftovers
|upkeep
|turn|60
|
|t:|1779857392
|move|p2a: Pecharunt|Malignant Chain|p1a: Garganacl
|-resisted|p1a: Garganacl
|-damage|p1a: Garganacl|25/100
|move|p1a: Garganacl|Recover|p1a: Garganacl
|-heal|p1a: Garganacl|75/100
|
|-heal|p1a: Garganacl|81/100|[from] item: Leftovers
|upkeep
|turn|61
|
|t:|1779857401
|move|p2a: Pecharunt|Recover|p2a: Pecharunt
|-heal|p2a: Pecharunt|100/100
|move|p1a: Garganacl|Salt Cure|p2a: Pecharunt
|-damage|p2a: Pecharunt|94/100
|-start|p2a: Pecharunt|Salt Cure
|
|-heal|p1a: Garganacl|87/100|[from] item: Leftovers
|-damage|p2a: Pecharunt|82/100|[from] Salt Cure
|upkeep
|turn|62
|
|t:|1779857421
|move|p1a: Garganacl|Protect|p1a: Garganacl
|-singleturn|p1a: Garganacl|Protect
|move|p2a: Pecharunt|Foul Play|p1a: Garganacl
|-activate|p1a: Garganacl|move: Protect
|
|-heal|p1a: Garganacl|94/100|[from] item: Leftovers
|-damage|p2a: Pecharunt|69/100|[from] Salt Cure
|upkeep
|turn|63
|inactive|sawquarete has 120 seconds left.
|
|t:|1779857458
|move|p2a: Pecharunt|Recover|p2a: Pecharunt
|-heal|p2a: Pecharunt|100/100
|move|p1a: Garganacl|Salt Cure|p2a: Pecharunt
|-damage|p2a: Pecharunt|94/100
|
|-heal|p1a: Garganacl|99/100|[from] item: Leftovers
|-damage|p2a: Pecharunt|82/100|[from] Salt Cure
|upkeep
|turn|64
|inactive|claudechamp has 120 seconds left.
|
|t:|1779857474
|move|p1a: Garganacl|Protect|p1a: Garganacl
|-singleturn|p1a: Garganacl|Protect
|move|p2a: Pecharunt|Foul Play|p1a: Garganacl
|-activate|p1a: Garganacl|move: Protect
|
|-heal|p1a: Garganacl|100/100|[from] item: Leftovers
|-damage|p2a: Pecharunt|69/100|[from] Salt Cure
|upkeep
|turn|65
|inactive|claudechamp has 120 seconds left.
|inactive|sawquarete has 120 seconds left.
|
|t:|1779857493
|move|p2a: Pecharunt|Recover|p2a: Pecharunt
|-heal|p2a: Pecharunt|100/100
|move|p1a: Garganacl|Stealth Rock||[still]
|-fail|p1a: Garganacl
|
|-damage|p2a: Pecharunt|88/100|[from] Salt Cure
|upkeep
|turn|66
|inactive|claudechamp has 120 seconds left.
|
|t:|1779857518
|move|p2a: Pecharunt|Foul Play|p1a: Garganacl
|-damage|p1a: Garganacl|86/100
|move|p1a: Garganacl|Stealth Rock||[still]
|-fail|p1a: Garganacl
|
|-heal|p1a: Garganacl|93/100|[from] item: Leftovers
|-damage|p2a: Pecharunt|76/100|[from] Salt Cure
|upkeep
|turn|67
|
|t:|1779857528
|move|p2a: Pecharunt|Recover|p2a: Pecharunt
|-heal|p2a: Pecharunt|100/100
|move|p1a: Garganacl|Stealth Rock||[still]
|-fail|p1a: Garganacl
|
|-heal|p1a: Garganacl|99/100|[from] item: Leftovers
|-damage|p2a: Pecharunt|88/100|[from] Salt Cure
|upkeep
|turn|68
|
|t:|1779857553
|move|p2a: Pecharunt|Foul Play|p1a: Garganacl
|-damage|p1a: Garganacl|83/100
|move|p1a: Garganacl|Stealth Rock||[still]
|-fail|p1a: Garganacl
|
|-heal|p1a: Garganacl|90/100|[from] item: Leftovers
|-damage|p2a: Pecharunt|76/100|[from] Salt Cure
|upkeep
|turn|69
|
|t:|1779857566
|move|p2a: Pecharunt|Recover|p2a: Pecharunt
|-heal|p2a: Pecharunt|100/100
|move|p1a: Garganacl|Stealth Rock||[still]
|-fail|p1a: Garganacl
|
|-heal|p1a: Garganacl|96/100|[from] item: Leftovers
|-damage|p2a: Pecharunt|88/100|[from] Salt Cure
|upkeep
|turn|70
|inactive|claudechamp has 90 seconds left.
|
|t:|1779857586
|move|p2a: Pecharunt|Foul Play|p1a: Garganacl
|-damage|p1a: Garganacl|83/100
|move|p1a: Garganacl|Salt Cure|p2a: Pecharunt
|-damage|p2a: Pecharunt|82/100
|
|-heal|p1a: Garganacl|89/100|[from] item: Leftovers
|-damage|p2a: Pecharunt|69/100|[from] Salt Cure
|upkeep
|turn|71
|inactive|claudechamp has 90 seconds left.
|
|t:|1779857600
|move|p1a: Garganacl|Protect|p1a: Garganacl
|-singleturn|p1a: Garganacl|Protect
|move|p2a: Pecharunt|Recover|p2a: Pecharunt
|-heal|p2a: Pecharunt|100/100
|
|-heal|p1a: Garganacl|95/100|[from] item: Leftovers
|-damage|p2a: Pecharunt|88/100|[from] Salt Cure
|upkeep
|turn|72
|inactive|claudechamp has 90 seconds left.
|inactive|sawquarete has 120 seconds left.
|
|t:|1779857632
|move|p1a: Garganacl|Protect|p1a: Garganacl
|-singleturn|p1a: Garganacl|Protect
|move|p2a: Pecharunt|Foul Play|p1a: Garganacl
|-activate|p1a: Garganacl|move: Protect
|
|-heal|p1a: Garganacl|100/100|[from] item: Leftovers
|-damage|p2a: Pecharunt|76/100|[from] Salt Cure
|upkeep
|turn|73
|inactive|claudechamp has 90 seconds left.
|
|t:|1779857638
|move|p2a: Pecharunt|Malignant Chain|p1a: Garganacl
|-resisted|p1a: Garganacl
|-damage|p1a: Garganacl|91/100
|move|p1a: Garganacl|Stealth Rock||[still]
|-fail|p1a: Garganacl
|
|-heal|p1a: Garganacl|97/100|[from] item: Leftovers
|-damage|p2a: Pecharunt|63/100|[from] Salt Cure
|upkeep
|turn|74
|inactive|claudechamp has 90 seconds left.
|
|t:|1779857649
|move|p2a: Pecharunt|Recover|p2a: Pecharunt
|-heal|p2a: Pecharunt|100/100
|move|p1a: Garganacl|Salt Cure|p2a: Pecharunt
|-damage|p2a: Pecharunt|93/100
|
|-heal|p1a: Garganacl|100/100|[from] item: Leftovers
|-damage|p2a: Pecharunt|81/100|[from] Salt Cure
|upkeep
|turn|75
|inactive|claudechamp has 90 seconds left.
|
|t:|1779857665
|move|p2a: Pecharunt|Foul Play|p1a: Garganacl
|-damage|p1a: Garganacl|87/100
|move|p1a: Garganacl|Salt Cure|p2a: Pecharunt
|-damage|p2a: Pecharunt|75/100
|
|-heal|p1a: Garganacl|93/100|[from] item: Leftovers
|-damage|p2a: Pecharunt|62/100|[from] Salt Cure
|upkeep
|turn|76
|inactive|claudechamp has 90 seconds left.
|
|t:|1779857678
|move|p2a: Pecharunt|Malignant Chain|p1a: Garganacl
|-resisted|p1a: Garganacl
|-damage|p1a: Garganacl|83/100
|move|p1a: Garganacl|Salt Cure|p2a: Pecharunt
|-damage|p2a: Pecharunt|55/100
|
|-heal|p1a: Garganacl|89/100|[from] item: Leftovers
|-damage|p2a: Pecharunt|43/100|[from] Salt Cure
|upkeep
|turn|77
|inactive|claudechamp has 90 seconds left.
|
|t:|1779857693
|move|p2a: Pecharunt|Foul Play|p1a: Garganacl
|-damage|p1a: Garganacl|75/100
|move|p1a: Garganacl|Salt Cure|p2a: Pecharunt
|-damage|p2a: Pecharunt|36/100
|
|-heal|p1a: Garganacl|81/100|[from] item: Leftovers
|-damage|p2a: Pecharunt|24/100|[from] Salt Cure
|upkeep
|turn|78
|inactive|claudechamp has 90 seconds left.
|
|t:|1779857703
|move|p2a: Pecharunt|Malignant Chain|p1a: Garganacl
|-resisted|p1a: Garganacl
|-damage|p1a: Garganacl|71/100
|move|p1a: Garganacl|Recover|p1a: Garganacl
|-heal|p1a: Garganacl|100/100
|
|-damage|p2a: Pecharunt|12/100|[from] Salt Cure
|upkeep
|turn|79
|inactive|claudechamp has 90 seconds left.
|inactive|sawquarete has 120 seconds left.
|
|t:|1779857743
|move|p2a: Pecharunt|Foul Play|p1a: Garganacl
|-damage|p1a: Garganacl|86/100
|move|p1a: Garganacl|Salt Cure|p2a: Pecharunt
|-damage|p2a: Pecharunt|5/100
|
|-heal|p1a: Garganacl|92/100|[from] item: Leftovers
|-damage|p2a: Pecharunt|0 fnt|[from] Salt Cure
|faint|p2a: Pecharunt
|upkeep
|inactive|claudechamp has 90 seconds left.
|
|t:|1779857748
|switch|p2a: Gliscor|Gliscor, M|1/100
|-damage|p2a: Gliscor|0 fnt|[from] Stealth Rock
|faint|p2a: Gliscor
|
|win|sawquarete
|raw|sawquarete's rating: 1369 &rarr; <strong>1386</strong><br />(+17 for winning)
|raw|claudechamp's rating: 1318 &rarr; <strong>1301</strong><br />(-17 for losing)
|c|☆claudechamp|gg
