|j|☆amiruae
|j|☆YeatLover267
|t:|1779910114
|gametype|singles
|player|p1|amiruae|acetrainercouple|1442
|player|p2|YeatLover267|backersf|1465
|gen|9
|tier|[Gen 9] OU
|rated|
|rule|HP Percentage Mod: HP is shown in percentages
|rule|Endless Battle Clause: Forcing endless battles is banned
|rule|Species Clause: Limit one of each Pokémon
|rule|OHKO Clause: OHKO moves are banned
|rule|Evasion Items Clause: Evasion items are banned
|rule|Evasion Moves Clause: Evasion moves are banned
|rule|Evasion Abilities Clause: Evasion abilities are banned
|rule|Sleep Moves Clause: Sleep-inducing moves are banned
|clearpoke
|poke|p1|Samurott-Hisui, M|
|poke|p1|Zamazenta-*|
|poke|p1|Greninja-*, M|
|poke|p1|Salamence, M|
|poke|p1|Porygon-Z|
|poke|p1|Volcanion|
|poke|p2|Zangoose, F|
|poke|p2|Cinderace, F|
|poke|p2|Glimmora, F|
|poke|p2|Kingambit, M|
|poke|p2|Polteageist-Antique|
|poke|p2|Great Tusk|
|teampreview
|inactive|Battle timer is ON: inactive players will automatically lose when time's up. (requested by YeatLover267)
|
|t:|1779910125
|teamsize|p1|6
|teamsize|p2|6
|start
|switch|p1a: Greninja|Greninja, M|100/100
|switch|p2a: Glimmora|Glimmora, F|100/100
|turn|1
|
|t:|1779910132
|switch|p2a: Kingambit|Kingambit, M|100/100
|move|p1a: Greninja|Surf|p2a: Kingambit
|-start|p1a: Greninja|typechange|Water|[from] ability: Protean
|-damage|p2a: Kingambit|45/100
|
|upkeep
|turn|2
|
|t:|1779910140
|move|p1a: Greninja|Surf|p2a: Kingambit
|-damage|p2a: Kingambit|0 fnt
|faint|p2a: Kingambit
|-end|p2a: Kingambit|fallenundefined|[silent]
|
|upkeep
|
|t:|1779910141
|switch|p2a: Zangoose|Zangoose, F|100/100
|turn|3
|
|t:|1779910146
|switch|p1a: Salamence|Salamence, M|100/100
|-ability|p1a: Salamence|Intimidate|boost
|-unboost|p2a: Zangoose|atk|1
|move|p2a: Zangoose|Facade|p1a: Salamence
|-damage|p1a: Salamence|72/100
|
|upkeep
|turn|4
|
|t:|1779910155
|switch|p2a: Glimmora|Glimmora, F|100/100
|move|p1a: Salamence|Dragon Dance|p1a: Salamence
|-boost|p1a: Salamence|atk|1
|-boost|p1a: Salamence|spe|1
|
|upkeep
|turn|5
|
|t:|1779910171
|move|p1a: Salamence|Hurricane|p2a: Glimmora
|-resisted|p2a: Glimmora
|-damage|p2a: Glimmora|80/100
|move|p2a: Glimmora|Meteor Beam||[still]
|-prepare|p2a: Glimmora|Meteor Beam
|-boost|p2a: Glimmora|spa|1
|-enditem|p2a: Glimmora|Power Herb
|-anim|p2a: Glimmora|Meteor Beam|p1a: Salamence
|-supereffective|p1a: Salamence
|-damage|p1a: Salamence|0 fnt
|faint|p1a: Salamence
|
|upkeep
|
|t:|1779910180
|switch|p1a: Greninja|Greninja, M|100/100
|turn|6
|
|t:|1779910187
|switch|p2a: Zangoose|Zangoose, F|100/100
|move|p1a: Greninja|Surf|p2a: Zangoose
|-start|p1a: Greninja|typechange|Water|[from] ability: Protean
|-damage|p2a: Zangoose|0 fnt
|faint|p2a: Zangoose
|
|upkeep
|
|t:|1779910189
|switch|p2a: Polteageist|Polteageist-Antique|100/100
|turn|7
|
|t:|1779910199
|move|p1a: Greninja|Surf|p2a: Polteageist
|-damage|p2a: Polteageist|31/100
|move|p2a: Polteageist|Shell Smash|p2a: Polteageist
|-unboost|p2a: Polteageist|def|1
|-unboost|p2a: Polteageist|spd|1
|-boost|p2a: Polteageist|atk|2
|-boost|p2a: Polteageist|spa|2
|-boost|p2a: Polteageist|spe|2
|
|upkeep
|turn|8
|
|t:|1779910212
|switch|p1a: Porygon-Z|Porygon-Z|100/100
|move|p2a: Polteageist|Stored Power|p1a: Porygon-Z
|-damage|p1a: Porygon-Z|0 fnt
|faint|p1a: Porygon-Z
|
|upkeep
|
|t:|1779910217
|switch|p1a: Samurott|Samurott-Hisui, M|100/100
|turn|9
|
|t:|1779910219
|switch|p2a: Great Tusk|Great Tusk|100/100
|move|p1a: Samurott|Sucker Punch||[still]
|-fail|p1a: Samurott
|
|upkeep
|turn|10
|
|t:|1779910223
|switch|p1a: Zamazenta|Zamazenta|100/100
|-ability|p1a: Zamazenta|Dauntless Shield|boost
|-boost|p1a: Zamazenta|def|1
|move|p2a: Great Tusk|Rapid Spin|p1a: Zamazenta
|-damage|p1a: Zamazenta|92/100
|-boost|p2a: Great Tusk|spe|1
|
|-heal|p1a: Zamazenta|98/100|[from] item: Leftovers
|upkeep
|turn|11
|
|t:|1779910229
|move|p1a: Zamazenta|Iron Defense|p1a: Zamazenta
|-boost|p1a: Zamazenta|def|2
|move|p2a: Great Tusk|Bulk Up|p2a: Great Tusk
|-boost|p2a: Great Tusk|atk|1
|-boost|p2a: Great Tusk|def|1
|
|-heal|p1a: Zamazenta|100/100|[from] item: Leftovers
|upkeep
|turn|12
|
|t:|1779910241
|move|p1a: Zamazenta|Iron Defense|p1a: Zamazenta
|-boost|p1a: Zamazenta|def|2
|move|p2a: Great Tusk|Body Press|p1a: Zamazenta
|-damage|p1a: Zamazenta|86/100
|
|-heal|p1a: Zamazenta|93/100|[from] item: Leftovers
|upkeep
|turn|13
|
|t:|1779910246
|-end|p2a: Great Tusk|Protosynthesis|[silent]
|switch|p2a: Polteageist|Polteageist-Antique|31/100
|move|p1a: Zamazenta|Body Press|p2a: Polteageist
|-immune|p2a: Polteageist
|
|-heal|p1a: Zamazenta|99/100|[from] item: Leftovers
|upkeep
|turn|14
|
|t:|1779910249
|switch|p2a: Glimmora|Glimmora, F|80/100
|move|p1a: Zamazenta|Crunch|p2a: Glimmora
|-damage|p2a: Glimmora|55/100
|-activate|p2a: Glimmora|ability: Toxic Debris
|-sidestart|p1: amiruae|move: Toxic Spikes
|
|-heal|p1a: Zamazenta|100/100|[from] item: Leftovers
|upkeep
|turn|15
|
|t:|1779910254
|move|p1a: Zamazenta|Body Press|p2a: Glimmora
|-damage|p2a: Glimmora|0 fnt
|-activate|p2a: Glimmora|ability: Toxic Debris
|-sidestart|p1: amiruae|move: Toxic Spikes
|faint|p2a: Glimmora
|
|upkeep
|
|t:|1779910260
|switch|p2a: Polteageist|Polteageist-Antique|31/100
|turn|16
|
|t:|1779910263
|-terastallize|p2a: Polteageist|Fighting
|move|p1a: Zamazenta|Crunch|p2a: Polteageist
|-resisted|p2a: Polteageist
|-damage|p2a: Polteageist|10/100
|-ability|p2a: Polteageist|Weak Armor|boost
|-unboost|p2a: Polteageist|def|1
|-boost|p2a: Polteageist|spe|2
|move|p2a: Polteageist|Shell Smash|p2a: Polteageist
|-unboost|p2a: Polteageist|def|1
|-unboost|p2a: Polteageist|spd|1
|-boost|p2a: Polteageist|atk|2
|-boost|p2a: Polteageist|spa|2
|-boost|p2a: Polteageist|spe|2
|
|upkeep
|turn|17
|
|t:|1779910280
|switch|p1a: Samurott|Samurott-Hisui, M|100/100
|-status|p1a: Samurott|tox
|move|p2a: Polteageist|Stored Power|p1a: Samurott
|-immune|p1a: Samurott
|
|-damage|p1a: Samurott|94/100 tox|[from] psn
|upkeep
|turn|18
|
|t:|1779910286
|move|p1a: Samurott|Sucker Punch|p2a: Polteageist
|-resisted|p2a: Polteageist
|-damage|p2a: Polteageist|0 fnt
|faint|p2a: Polteageist
|
|-damage|p1a: Samurott|82/100 tox|[from] psn
|upkeep
|
|t:|1779910291
|switch|p2a: Great Tusk|Great Tusk|100/100
|turn|19
|
|t:|1779910293
|move|p2a: Great Tusk|Bulk Up|p2a: Great Tusk
|-boost|p2a: Great Tusk|atk|1
|-boost|p2a: Great Tusk|def|1
|move|p1a: Samurott|Aqua Cutter|p2a: Great Tusk
|-supereffective|p2a: Great Tusk
|-damage|p2a: Great Tusk|65/100
|
|-heal|p2a: Great Tusk|71/100|[from] item: Leftovers
|-damage|p1a: Samurott|63/100 tox|[from] psn
|upkeep
|turn|20
|
|t:|1779910300
|switch|p1a: Zamazenta|Zamazenta|100/100
|-status|p1a: Zamazenta|tox
|move|p2a: Great Tusk|Bulk Up|p2a: Great Tusk
|-boost|p2a: Great Tusk|atk|1
|-boost|p2a: Great Tusk|def|1
|
|-heal|p2a: Great Tusk|77/100|[from] item: Leftovers
|-damage|p1a: Zamazenta|94/100 tox|[from] psn
|upkeep
|turn|21
|
|t:|1779910306
|move|p1a: Zamazenta|Iron Defense|p1a: Zamazenta
|-boost|p1a: Zamazenta|def|2
|move|p2a: Great Tusk|Bulk Up|p2a: Great Tusk
|-boost|p2a: Great Tusk|atk|1
|-boost|p2a: Great Tusk|def|1
|
|-heal|p1a: Zamazenta|100/100 tox|[from] item: Leftovers
|-heal|p2a: Great Tusk|83/100|[from] item: Leftovers
|-damage|p1a: Zamazenta|88/100 tox|[from] psn
|upkeep
|turn|22
|
|t:|1779910310
|move|p1a: Zamazenta|Iron Defense|p1a: Zamazenta
|-boost|p1a: Zamazenta|def|2
|move|p2a: Great Tusk|Bulk Up|p2a: Great Tusk
|-boost|p2a: Great Tusk|atk|1
|-boost|p2a: Great Tusk|def|1
|
|-heal|p1a: Zamazenta|94/100 tox|[from] item: Leftovers
|-heal|p2a: Great Tusk|89/100|[from] item: Leftovers
|-damage|p1a: Zamazenta|76/100 tox|[from] psn
|upkeep
|turn|23
|
|t:|1779910314
|move|p1a: Zamazenta|Iron Defense|p1a: Zamazenta
|-boost|p1a: Zamazenta|def|2
|move|p2a: Great Tusk|Bulk Up|p2a: Great Tusk
|-boost|p2a: Great Tusk|atk|1
|-boost|p2a: Great Tusk|def|1
|
|-heal|p1a: Zamazenta|82/100 tox|[from] item: Leftovers
|-heal|p2a: Great Tusk|96/100|[from] item: Leftovers
|-damage|p1a: Zamazenta|58/100 tox|[from] psn
|upkeep
|turn|24
|
|t:|1779910317
|move|p1a: Zamazenta|Body Press|p2a: Great Tusk
|-damage|p2a: Great Tusk|75/100
|move|p2a: Great Tusk|Bulk Up|p2a: Great Tusk
|-boost|p2a: Great Tusk|atk|1
|-boost|p2a: Great Tusk|def|1
|
|-heal|p1a: Zamazenta|64/100 tox|[from] item: Leftovers
|-heal|p2a: Great Tusk|81/100|[from] item: Leftovers
|-damage|p1a: Zamazenta|33/100 tox|[from] psn
|upkeep
|turn|25
|
|t:|1779910322
|move|p1a: Zamazenta|Body Press|p2a: Great Tusk
|-damage|p2a: Great Tusk|64/100
|move|p2a: Great Tusk|Rapid Spin|p1a: Zamazenta
|-crit|p1a: Zamazenta
|-damage|p1a: Zamazenta|0 fnt
|-boost|p2a: Great Tusk|spe|1
|faint|p1a: Zamazenta
|
|-heal|p2a: Great Tusk|70/100|[from] item: Leftovers
|upkeep
|
|t:|1779910335
|switch|p1a: Volcanion|Volcanion|100/100
|-status|p1a: Volcanion|tox
|turn|26
|
|t:|1779910339
|-terastallize|p1a: Volcanion|Ground
|move|p2a: Great Tusk|Earthquake|p1a: Volcanion
|-damage|p1a: Volcanion|0 fnt
|faint|p1a: Volcanion
|
|-heal|p2a: Great Tusk|76/100|[from] item: Leftovers
|upkeep
|
|t:|1779910343
|switch|p1a: Samurott|Samurott-Hisui, M|63/100 tox
|turn|27
|
|t:|1779910346
|move|p2a: Great Tusk|Rapid Spin|p1a: Samurott
|-damage|p1a: Samurott|4/100 tox
|-boost|p2a: Great Tusk|spe|1
|move|p1a: Samurott|Aqua Cutter|p2a: Great Tusk
|-supereffective|p2a: Great Tusk
|-damage|p2a: Great Tusk|63/100
|
|-heal|p2a: Great Tusk|69/100|[from] item: Leftovers
|-damage|p1a: Samurott|0 fnt|[from] psn
|faint|p1a: Samurott
|upkeep
|
|t:|1779910353
|switch|p1a: Greninja|Greninja, M|100/100
|-status|p1a: Greninja|tox
|turn|28
|
|t:|1779910356
|move|p2a: Great Tusk|Body Press|p1a: Greninja
|-supereffective|p1a: Greninja
|-damage|p1a: Greninja|0 fnt
|faint|p1a: Greninja
|
|win|YeatLover267
|raw|amiruae's rating: 1442 &rarr; <strong>1423</strong><br />(-19 for losing)
|raw|YeatLover267's rating: 1465 &rarr; <strong>1484</strong><br />(+19 for winning)
|l|☆YeatLover267
|player|p2|
|l|☆amiruae
|player|p1|
