|j|☆RealismisReal
|j|☆Ti Hee
|t:|1779929059
|gametype|singles
|player|p1|RealismisReal|cyrus|1058
|player|p2|Ti Hee|twins-gen4dp|1003
|gen|9
|tier|[Gen 9] OU
|rated|
|rule|HP Percentage Mod: HP is shown in percentages
|rule|Endless Battle Clause: Forcing endless battles is banned
|rule|Species Clause: Limit one of each Pokémon
|rule|OHKO Clause: OHKO moves are banned
|rule|Evasion Items Clause: Evasion items are banned
|rule|Evasion Moves Clause: Evasion moves are banned
|rule|Evasion Abilities Clause: Evasion abilities are banned
|rule|Sleep Moves Clause: Sleep-inducing moves are banned
|clearpoke
|poke|p1|Weezing-Galar, M|
|poke|p1|Ogerpon-Wellspring, F|
|poke|p1|Gallade, M|
|poke|p1|Darkrai|
|poke|p1|Sylveon, M|
|poke|p1|Magnezone|
|poke|p2|Manaphy|
|poke|p2|Alcremie-Caramel-Swirl, F|
|poke|p2|Diancie|
|poke|p2|Lilligant, F|
|poke|p2|Hoopa-Unbound|
|poke|p2|Weavile, M|
|teampreview
|
|t:|1779929065
|teamsize|p1|6
|teamsize|p2|6
|start
|switch|p1a: fart bomb|Weezing-Galar, M|100/100
|switch|p2a: Sunny|Lilligant, F|100/100
|turn|1
|
|t:|1779929076
|switch|p2a: Mina|Manaphy, shiny|100/100
|move|p1a: fart bomb|Misty Terrain|p1a: fart bomb
|-fieldstart|move: Misty Terrain
|
|upkeep
|turn|2
|
|t:|1779929087
|move|p2a: Mina|Waterfall|p1a: fart bomb
|-damage|p1a: fart bomb|82/100
|-damage|p2a: Mina|84/100|[from] item: Rocky Helmet|[of] p1a: fart bomb
|move|p1a: fart bomb|Dark Pulse|p2a: Mina
|-damage|p2a: Mina|72/100
|
|upkeep
|turn|3
|
|t:|1779929097
|switch|p1a: deadweight nero|Ogerpon-Wellspring, F|100/100
|move|p2a: Mina|U-turn|p1a: deadweight nero
|-supereffective|p1a: deadweight nero
|-damage|p1a: deadweight nero|55/100
|
|t:|1779929106
|switch|p2a: Diancie|Diancie|100/100|[from] U-turn
|
|upkeep
|turn|4
|
|t:|1779929113
|move|p1a: deadweight nero|Substitute|p1a: deadweight nero
|-start|p1a: deadweight nero|Substitute
|-damage|p1a: deadweight nero|30/100
|move|p2a: Diancie|Scorching Sands|p1a: deadweight nero
|-resisted|p1a: deadweight nero
|-activate|p1a: deadweight nero|move: Substitute|[damage]
|
|upkeep
|turn|5
|
|t:|1779929121
|move|p1a: deadweight nero|Swords Dance|p1a: deadweight nero
|-boost|p1a: deadweight nero|atk|2
|move|p2a: Diancie|Draining Kiss|p1a: deadweight nero
|-end|p1a: deadweight nero|Substitute
|
|-fieldend|Misty Terrain
|upkeep
|turn|6
|
|t:|1779929134
|-terastallize|p1a: deadweight nero|Water
|detailschange|p1a: deadweight nero|Ogerpon-Wellspring-Tera, F, tera:Water
|-ability|p1a: deadweight nero|Embody Aspect (Wellspring)|boost
|-boost|p1a: deadweight nero|spd|1
|move|p1a: deadweight nero|Ivy Cudgel|p2a: Diancie|[anim] Ivy Cudgel Water
|-supereffective|p2a: Diancie
|-damage|p2a: Diancie|0 fnt
|faint|p2a: Diancie
|
|upkeep
|
|t:|1779929146
|switch|p2a: Sunny|Lilligant, F|100/100
|turn|7
|
|t:|1779929151
|switch|p1a: trans dog|Sylveon, M, shiny|100/100
|move|p2a: Sunny|Giga Drain|p1a: trans dog
|-damage|p1a: trans dog|81/100
|
|-heal|p1a: trans dog|88/100|[from] item: Leftovers
|upkeep
|turn|8
|
|t:|1779929163
|switch|p2a: Girlie Pop|Hoopa-Unbound|100/100
|move|p1a: trans dog|Hyper Voice|p2a: Girlie Pop
|-supereffective|p2a: Girlie Pop
|-damage|p2a: Girlie Pop|40/100
|
|-heal|p1a: trans dog|94/100|[from] item: Leftovers
|upkeep
|turn|9
|
|t:|1779929174
|move|p2a: Girlie Pop|Shadow Ball|p1a: trans dog
|-damage|p1a: trans dog|72/100
|move|p1a: trans dog|Wish|p1a: trans dog
|
|-heal|p1a: trans dog|78/100|[from] item: Leftovers
|upkeep
|turn|10
|
|t:|1779929182
|move|p2a: Girlie Pop|Psychic Noise|p1a: trans dog
|-damage|p1a: trans dog|49/100
|-start|p1a: trans dog|move: Heal Block
|move|p1a: trans dog|Hyper Voice|p2a: Girlie Pop
|-supereffective|p2a: Girlie Pop
|-damage|p2a: Girlie Pop|0 fnt
|faint|p2a: Girlie Pop
|
|upkeep
|
|t:|1779929193
|switch|p2a: Clarabelle|Alcremie-Caramel-Swirl, F|100/100
|turn|11
|
|t:|1779929199
|switch|p1a: fart bomb|Weezing-Galar, M|82/100
|move|p2a: Clarabelle|Sweet Kiss|p1a: fart bomb
|-start|p1a: fart bomb|confusion
|
|upkeep
|turn|12
|-activate|p2a: Clarabelle|item: Quick Claw
|
|t:|1779929206
|move|p2a: Clarabelle|Giga Drain|p1a: fart bomb
|-resisted|p1a: fart bomb
|-damage|p1a: fart bomb|65/100
|-activate|p1a: fart bomb|confusion
|-damage|p1a: fart bomb|60/100|[from] confusion
|
|upkeep
|turn|13
|
|t:|1779929215
|move|p2a: Clarabelle|Draining Kiss|p1a: fart bomb
|-resisted|p1a: fart bomb
|-damage|p1a: fart bomb|45/100
|-damage|p2a: Clarabelle|84/100|[from] item: Rocky Helmet|[of] p1a: fart bomb
|-activate|p1a: fart bomb|confusion
|move|p1a: fart bomb|Misty Terrain|p1a: fart bomb
|-fieldstart|move: Misty Terrain
|
|upkeep
|turn|14
|
|t:|1779929225
|move|p2a: Clarabelle|Draining Kiss|p1a: fart bomb
|-resisted|p1a: fart bomb
|-damage|p1a: fart bomb|28/100
|-heal|p2a: Clarabelle|97/100|[from] drain|[of] p1a: fart bomb
|-damage|p2a: Clarabelle|80/100|[from] item: Rocky Helmet|[of] p1a: fart bomb
|-activate|p1a: fart bomb|confusion
|move|p1a: fart bomb|Misty Explosion|p2a: Clarabelle
|-damage|p2a: Clarabelle|51/100
|faint|p1a: fart bomb
|
|upkeep
|
|t:|1779929242
|switch|p1a: deadweight nero|Ogerpon-Wellspring-Tera, F, tera:Water|30/100
|-ability|p1a: deadweight nero|Embody Aspect (Wellspring)|boost
|-boost|p1a: deadweight nero|spd|1
|turn|15
|
|t:|1779929257
|move|p1a: deadweight nero|Ivy Cudgel|p2a: Clarabelle|[anim] Ivy Cudgel Water
|-damage|p2a: Clarabelle|0 fnt
|faint|p2a: Clarabelle
|
|upkeep
|
|t:|1779929263
|switch|p2a: Mina|Manaphy, shiny|72/100
|turn|16
|
|t:|1779929268
|move|p1a: deadweight nero|Horn Leech|p2a: Mina
|-supereffective|p2a: Mina
|-damage|p2a: Mina|0 fnt
|-heal|p1a: deadweight nero|75/100|[from] drain|[of] p2a: Mina
|faint|p2a: Mina
|
|upkeep
|
|t:|1779929275
|switch|p2a: Weavile|Weavile, M|100/100
|-ability|p2a: Weavile|Pressure
|turn|17
|
|t:|1779929286
|move|p2a: Weavile|Fake Out|p1a: deadweight nero
|-damage|p1a: deadweight nero|60/100
|cant|p1a: deadweight nero|flinch
|
|-fieldend|Misty Terrain
|upkeep
|turn|18
|
|t:|1779929296
|switch|p2a: Sunny|Lilligant, F|100/100
|move|p1a: deadweight nero|Substitute|p1a: deadweight nero
|-start|p1a: deadweight nero|Substitute
|-damage|p1a: deadweight nero|35/100
|
|upkeep
|turn|19
|
|t:|1779929305
|move|p1a: deadweight nero|Swords Dance|p1a: deadweight nero
|-boost|p1a: deadweight nero|atk|2
|move|p2a: Sunny|Sunny Day|p2a: Sunny
|-weather|SunnyDay
|
|-weather|SunnyDay|[upkeep]
|upkeep
|turn|20
|
|t:|1779929318
|move|p1a: deadweight nero|Swords Dance|p1a: deadweight nero
|-boost|p1a: deadweight nero|atk|2
|move|p2a: Sunny|Alluring Voice|p1a: deadweight nero
|-damage|p1a: deadweight nero|18/100
|-start|p1a: deadweight nero|confusion
|
|-weather|SunnyDay|[upkeep]
|upkeep
|turn|21
|
|t:|1779929329
|-activate|p1a: deadweight nero|confusion
|-damage|p1a: deadweight nero|0 fnt|[from] confusion
|faint|p1a: deadweight nero
|detailschange|p1: deadweight nero|Ogerpon-Wellspring, F|[silent]
|move|p2a: Sunny|Alluring Voice|p1: deadweight nero|[notarget]
|-fail|p2a: Sunny
|
|-weather|SunnyDay|[upkeep]
|upkeep
|
|t:|1779929340
|switch|p1a: i am a robot|Magnezone, shiny|100/100
|turn|22
|
|t:|1779929349
|move|p1a: i am a robot|Thunderbolt|p2a: Sunny
|-resisted|p2a: Sunny
|-damage|p2a: Sunny|75/100
|-status|p2a: Sunny|par
|move|p2a: Sunny|Leech Seed|p1a: i am a robot
|-start|p1a: i am a robot|move: Leech Seed
|
|-weather|SunnyDay|[upkeep]
|-damage|p1a: i am a robot|88/100|[from] Leech Seed|[of] p2a: Sunny
|-heal|p2a: Sunny|86/100 par|[silent]
|upkeep
|turn|23
|
|t:|1779929362
|move|p1a: i am a robot|Thunder Wave|p2a: Sunny|[miss]
|-miss|p1a: i am a robot|p2a: Sunny
|move|p2a: Sunny|Giga Drain|p1a: i am a robot
|-resisted|p1a: i am a robot
|-damage|p1a: i am a robot|70/100
|-heal|p2a: Sunny|93/100 par|[from] drain|[of] p1a: i am a robot
|
|-weather|none
|-damage|p1a: i am a robot|58/100|[from] Leech Seed|[of] p2a: Sunny
|-heal|p2a: Sunny|100/100 par|[silent]
|upkeep
|turn|24
|
|t:|1779929375
|move|p1a: i am a robot|Flash Cannon|p2a: Sunny
|-damage|p2a: Sunny|50/100 par
|-unboost|p2a: Sunny|spd|1
|move|p2a: Sunny|Alluring Voice|p1a: i am a robot
|-resisted|p1a: i am a robot
|-damage|p1a: i am a robot|44/100
|
|-damage|p1a: i am a robot|31/100|[from] Leech Seed|[of] p2a: Sunny
|-heal|p2a: Sunny|60/100 par|[silent]
|upkeep
|turn|25
|
|t:|1779929387
|move|p1a: i am a robot|Flash Cannon|p2a: Sunny
|-damage|p2a: Sunny|0 fnt
|faint|p2a: Sunny
|
|upkeep
|
|t:|1779929392
|switch|p2a: Weavile|Weavile, M|100/100
|-ability|p2a: Weavile|Pressure
|turn|26
|
|t:|1779929401
|switch|p1a: Vergil|Gallade, M, shiny|100/100
|move|p2a: Weavile|Poison Jab|p1a: Vergil
|-damage|p1a: Vergil|56/100
|
|upkeep
|turn|27
|
|t:|1779929409
|move|p2a: Weavile|Lash Out|p1a: Vergil
|-damage|p1a: Vergil|0 fnt
|faint|p1a: Vergil
|
|upkeep
|
|t:|1779929427
|switch|p1a: sonion|Darkrai|100/100
|turn|28
|
|t:|1779929436
|move|p1a: sonion|Nasty Plot|p1a: sonion
|-boost|p1a: sonion|spa|2
|move|p2a: Weavile|Poison Jab|p1a: sonion
|-damage|p1a: sonion|68/100
|
|upkeep
|turn|29
|
|t:|1779929454
|move|p1a: sonion|Sludge Bomb|p2a: Weavile
|-damage|p2a: Weavile|7/100
|-damage|p1a: sonion|58/100|[from] item: Life Orb
|move|p2a: Weavile|Icicle Crash|p1a: sonion
|-damage|p1a: sonion|7/100
|
|upkeep
|turn|30
|
|t:|1779929494
|move|p1a: sonion|Nasty Plot|p1a: sonion
|-boost|p1a: sonion|spa|2
|move|p2a: Weavile|Lash Out|p1a: sonion
|-resisted|p1a: sonion
|-damage|p1a: sonion|0 fnt
|faint|p1a: sonion
|
|upkeep
|l|☆RealismisReal
|player|p1|
|j|☆RealismisReal
|player|p1|RealismisReal|cyrus|
|
|t:|1779929546
|switch|p1a: trans dog|Sylveon, M, shiny|49/100
|turn|31
|
|t:|1779929552
|move|p2a: Weavile|Poison Jab|p1a: trans dog
|-supereffective|p1a: trans dog
|-damage|p1a: trans dog|11/100
|-status|p1a: trans dog|psn
|move|p1a: trans dog|Hyper Voice|p2a: Weavile
|-supereffective|p2a: Weavile
|-damage|p2a: Weavile|0 fnt
|faint|p2a: Weavile
|
|win|RealismisReal
|raw|RealismisReal's rating: 1058 &rarr; <strong>1084</strong><br />(+26 for winning)
|raw|Ti Hee's rating: 1003 &rarr; <strong>1000</strong><br />(-3 for losing)
|l|☆Ti Hee
|player|p2|
