|j|☆TumitirangEngineer
|j|☆ZeMTiml
|t:|1779931472
|gametype|singles
|player|p1|TumitirangEngineer|102|1127
|player|p2|ZeMTiml|worker-gen4|1105
|gen|9
|tier|[Gen 9] OU
|rated|
|rule|HP Percentage Mod: HP is shown in percentages
|rule|Endless Battle Clause: Forcing endless battles is banned
|rule|Species Clause: Limit one of each Pokémon
|rule|OHKO Clause: OHKO moves are banned
|rule|Evasion Items Clause: Evasion items are banned
|rule|Evasion Moves Clause: Evasion moves are banned
|rule|Evasion Abilities Clause: Evasion abilities are banned
|rule|Sleep Moves Clause: Sleep-inducing moves are banned
|clearpoke
|poke|p1|Pawmot, F|
|poke|p1|Ogerpon-Wellspring, F|
|poke|p1|Ambipom, F|
|poke|p1|Pecharunt|
|poke|p1|Blaziken, F|
|poke|p1|Dragonite, M|
|poke|p2|Blastoise, F|
|poke|p2|Houndoom, M|
|poke|p2|Fezandipiti, M|
|poke|p2|Metagross|
|poke|p2|Noivern, M|
|poke|p2|Electabuzz, F|
|teampreview
|
|t:|1779931479
|teamsize|p1|6
|teamsize|p2|6
|start
|switch|p1a: Pecharunt|Pecharunt|100/100
|switch|p2a: Electabuzz|Electabuzz, F|100/100
|turn|1
|
|t:|1779931484
|move|p2a: Electabuzz|Light Screen|p2a: Electabuzz
|-sidestart|p2: ZeMTiml|move: Light Screen
|move|p1a: Pecharunt|Malignant Chain|p2a: Electabuzz
|-damage|p2a: Electabuzz|88/100
|
|upkeep
|turn|2
|
|t:|1779931491
|switch|p1a: Dragonite|Dragonite, M|100/100
|move|p2a: Electabuzz|Charge|p2a: Electabuzz
|-boost|p2a: Electabuzz|spd|1
|-start|p2a: Electabuzz|Charge
|
|upkeep
|turn|3
|
|t:|1779931496
|move|p2a: Electabuzz|Volt Switch|p1a: Dragonite
|-damage|p1a: Dragonite|72/100
|-end|p2a: Electabuzz|Charge|[silent]
|
|t:|1779931501
|switch|p2a: Noivern|Noivern, M|100/100|[from] Volt Switch
|-item|p1a: Dragonite|Heavy-Duty Boots|[from] ability: Frisk|[of] p2a: Noivern
|move|p1a: Dragonite|Earthquake|p2a: Noivern
|-immune|p2a: Noivern
|
|upkeep
|turn|4
|
|t:|1779931516
|switch|p1a: Pecharunt|Pecharunt|100/100
|move|p2a: Noivern|Dragon Pulse|p1a: Pecharunt
|-damage|p1a: Pecharunt|65/100
|
|upkeep
|turn|5
|
|t:|1779931523
|move|p2a: Noivern|Tailwind|p2a: Noivern
|-sidestart|p2: ZeMTiml|move: Tailwind
|move|p1a: Pecharunt|Recover|p1a: Pecharunt
|-heal|p1a: Pecharunt|100/100
|
|-sideend|p2: ZeMTiml|move: Light Screen
|upkeep
|turn|6
|
|t:|1779931533
|move|p2a: Noivern|Hurricane|p1a: Pecharunt
|-damage|p1a: Pecharunt|58/100
|move|p1a: Pecharunt|Malignant Chain|p2a: Noivern
|-damage|p2a: Noivern|57/100
|-status|p2a: Noivern|tox
|-start|p2a: Noivern|confusion|[from] ability: Poison Puppeteer|[of] p1a: Pecharunt
|
|-damage|p2a: Noivern|51/100 tox|[from] psn
|upkeep
|turn|7
|
|t:|1779931550
|switch|p2a: Electabuzz|Electabuzz, F|88/100
|move|p1a: Pecharunt|Recover|p1a: Pecharunt
|-heal|p1a: Pecharunt|100/100
|
|upkeep
|turn|8
|
|t:|1779931556
|move|p2a: Electabuzz|Light Screen|p2a: Electabuzz
|-sidestart|p2: ZeMTiml|move: Light Screen
|move|p1a: Pecharunt|Malignant Chain|p2a: Electabuzz
|-damage|p2a: Electabuzz|74/100
|-status|p2a: Electabuzz|tox
|-start|p2a: Electabuzz|confusion|[from] ability: Poison Puppeteer|[of] p1a: Pecharunt
|
|-damage|p2a: Electabuzz|68/100 tox|[from] psn
|-sideend|p2: ZeMTiml|move: Tailwind
|upkeep
|turn|9
|
|t:|1779931566
|switch|p1a: Pawmot|Pawmot, F|100/100
|-activate|p2a: Electabuzz|confusion
|move|p2a: Electabuzz|Volt Switch|p1a: Pawmot
|-resisted|p1a: Pawmot
|-damage|p1a: Pawmot|77/100
|
|t:|1779931574
|switch|p2a: Metagross|Metagross|100/100|[from] Volt Switch
|
|upkeep
|turn|10
|
|t:|1779931585
|move|p1a: Pawmot|Double Shock|p2a: Metagross
|-damage|p2a: Metagross|56/100
|-start|p1a: Pawmot|typechange|???/Fighting|[from] move: Double Shock
|move|p2a: Metagross|Psychic Fangs|p1a: Pawmot
|-supereffective|p1a: Pawmot
|-damage|p1a: Pawmot|0 fnt
|faint|p1a: Pawmot
|
|upkeep
|
|t:|1779931592
|switch|p1a: Blaziken|Blaziken, F|100/100
|turn|11
|
|t:|1779931599
|-terastallize|p2a: Metagross|Water
|move|p1a: Blaziken|Protect|p1a: Blaziken
|-singleturn|p1a: Blaziken|Protect
|move|p2a: Metagross|Psychic Fangs|p1a: Blaziken
|-activate|p1a: Blaziken|move: Protect
|
|-ability|p1a: Blaziken|Speed Boost|boost
|-boost|p1a: Blaziken|spe|1
|upkeep
|turn|12
|
|t:|1779931609
|move|p1a: Blaziken|Close Combat|p2a: Metagross
|-damage|p2a: Metagross|0 fnt
|-unboost|p1a: Blaziken|def|1
|-unboost|p1a: Blaziken|spd|1
|faint|p2a: Metagross
|-damage|p1a: Blaziken|91/100|[from] item: Life Orb
|
|-sideend|p2: ZeMTiml|move: Light Screen
|-ability|p1a: Blaziken|Speed Boost|boost
|-boost|p1a: Blaziken|spe|1
|upkeep
|
|t:|1779931618
|switch|p2a: Blastoise|Blastoise, F|100/100
|turn|13
|
|t:|1779931625
|-terastallize|p1a: Blaziken|Fighting
|move|p1a: Blaziken|Close Combat|p2a: Blastoise
|-damage|p2a: Blastoise|0 fnt
|-unboost|p1a: Blaziken|def|1
|-unboost|p1a: Blaziken|spd|1
|faint|p2a: Blastoise
|-damage|p1a: Blaziken|81/100|[from] item: Life Orb
|
|-ability|p1a: Blaziken|Speed Boost|boost
|-boost|p1a: Blaziken|spe|1
|upkeep
|
|t:|1779931634
|switch|p2a: Houndoom|Houndoom, M|100/100
|turn|14
|
|t:|1779931644
|move|p1a: Blaziken|Close Combat|p2a: Houndoom
|-supereffective|p2a: Houndoom
|-damage|p2a: Houndoom|0 fnt
|-unboost|p1a: Blaziken|def|1
|-unboost|p1a: Blaziken|spd|1
|faint|p2a: Houndoom
|-damage|p1a: Blaziken|71/100|[from] item: Life Orb
|
|-ability|p1a: Blaziken|Speed Boost|boost
|-boost|p1a: Blaziken|spe|1
|upkeep
|
|t:|1779931653
|switch|p2a: Fezandipiti|Fezandipiti, M|100/100
|turn|15
|
|t:|1779931658
|move|p1a: Blaziken|Flare Blitz|p2a: Fezandipiti
|-damage|p2a: Fezandipiti|5/100
|-damage|p1a: Blaziken|34/100|[from] Recoil
|-damage|p1a: Blaziken|24/100|[from] item: Life Orb
|move|p2a: Fezandipiti|Play Rough|p1a: Blaziken
|-supereffective|p1a: Blaziken
|-damage|p1a: Blaziken|0 fnt
|faint|p1a: Blaziken
|
|-heal|p2a: Fezandipiti|11/100|[from] item: Black Sludge
|upkeep
|
|t:|1779931663
|switch|p1a: Dragonite|Dragonite, M|72/100
|turn|16
|
|t:|1779931670
|move|p1a: Dragonite|Extreme Speed|p2a: Fezandipiti
|-damage|p2a: Fezandipiti|0 fnt
|faint|p2a: Fezandipiti
|
|upkeep
|
|t:|1779931675
|switch|p2a: Electabuzz|Electabuzz, F|68/100 tox
|turn|17
|
|t:|1779931677
|move|p2a: Electabuzz|Light Screen|p2a: Electabuzz
|-sidestart|p2: ZeMTiml|move: Light Screen
|move|p1a: Dragonite|Earthquake|p2a: Electabuzz
|-supereffective|p2a: Electabuzz
|-damage|p2a: Electabuzz|0 fnt
|faint|p2a: Electabuzz
|
|upkeep
|
|t:|1779931682
|switch|p2a: Noivern|Noivern, M|51/100 tox
|-item|p1a: Dragonite|Heavy-Duty Boots|[from] ability: Frisk|[of] p2a: Noivern
|turn|18
|
|t:|1779931690
|move|p2a: Noivern|Dragon Pulse|p1a: Dragonite
|-supereffective|p1a: Dragonite
|-damage|p1a: Dragonite|0 fnt
|faint|p1a: Dragonite
|
|-damage|p2a: Noivern|45/100 tox|[from] psn
|upkeep
|
|t:|1779931693
|switch|p1a: Ambipom|Ambipom, F|100/100
|turn|19
|
|t:|1779931702
|move|p1a: Ambipom|Fake Out|p2a: Noivern
|-damage|p2a: Noivern|8/100 tox
|cant|p2a: Noivern|flinch
|
|-damage|p2a: Noivern|0 fnt|[from] psn
|faint|p2a: Noivern
|
|win|TumitirangEngineer
|raw|TumitirangEngineer's rating: 1127 &rarr; <strong>1150</strong><br />(+23 for winning)
|raw|ZeMTiml's rating: 1105 &rarr; <strong>1082</strong><br />(-23 for losing)
|l|☆TumitirangEngineer
|player|p1|
|l|☆ZeMTiml
|player|p2|
