|j|☆Dom225
|j|☆Dakota1683
|t:|1779887951
|gametype|singles
|player|p1|Dom225|170|1281
|player|p2|Dakota1683|101|1271
|gen|9
|tier|[Gen 9] OU
|rated|
|rule|HP Percentage Mod: HP is shown in percentages
|rule|Endless Battle Clause: Forcing endless battles is banned
|rule|Species Clause: Limit one of each Pokémon
|rule|OHKO Clause: OHKO moves are banned
|rule|Evasion Items Clause: Evasion items are banned
|rule|Evasion Moves Clause: Evasion moves are banned
|rule|Evasion Abilities Clause: Evasion abilities are banned
|rule|Sleep Moves Clause: Sleep-inducing moves are banned
|clearpoke
|poke|p1|Dondozo, F|
|poke|p1|Clodsire, M|
|poke|p1|Latios, M|
|poke|p1|Snorlax, F|
|poke|p1|Raikou|
|poke|p1|Great Tusk|
|poke|p2|Crawdaunt, F|
|poke|p2|Metagross|
|poke|p2|Banette, F|
|poke|p2|Latias, F|
|poke|p2|Torkoal, M|
|poke|p2|Gardevoir, M|
|teampreview
|
|t:|1779887959
|teamsize|p1|6
|teamsize|p2|6
|start
|switch|p1a: Grand Chien|Raikou|100/100
|switch|p2a: Crawdaunt|Crawdaunt, F|100/100
|-ability|p1a: Grand Chien|Pressure
|turn|1
|
|t:|1779887967
|switch|p2a: Latias|Latias, F|100/100
|move|p1a: Grand Chien|Reflect|p1a: Grand Chien
|-sidestart|p1: Dom225|Reflect
|
|upkeep
|turn|2
|
|t:|1779887974
|switch|p2a: Metagross|Metagross|100/100
|move|p1a: Grand Chien|Light Screen|p1a: Grand Chien
|-sidestart|p1: Dom225|move: Light Screen
|
|upkeep
|turn|3
|
|t:|1779887983
|switch|p1a: Gros Mamouth|Great Tusk|100/100
|move|p2a: Metagross|Psychic Fangs|p1a: Gros Mamouth
|-sideend|p1: Dom225|Reflect
|-sideend|p1: Dom225|move: Light Screen
|-supereffective|p1a: Gros Mamouth
|-damage|p1a: Gros Mamouth|34/100
|
|upkeep
|turn|4
|
|t:|1779887996
|switch|p2a: Latias|Latias, F|100/100
|move|p1a: Gros Mamouth|Headlong Rush|p2a: Latias
|-immune|p2a: Latias|[from] ability: Levitate
|
|upkeep
|turn|5
|
|t:|1779888005
|-end|p1a: Gros Mamouth|Protosynthesis|[silent]
|switch|p1a: Gros panda|Snorlax, F|100/100
|move|p2a: Latias|Mist Ball|p1a: Gros panda
|-damage|p1a: Gros panda|79/100
|-unboost|p1a: Gros panda|spa|1
|
|upkeep
|turn|6
|
|t:|1779888013
|switch|p2a: Crawdaunt|Crawdaunt, F|100/100
|move|p1a: Gros panda|Body Slam|p2a: Crawdaunt
|-damage|p2a: Crawdaunt|50/100
|
|upkeep
|turn|7
|
|t:|1779888023
|switch|p1a: Grosse Balaine|Dondozo, F|100/100
|move|p2a: Crawdaunt|Knock Off|p1a: Grosse Balaine
|-damage|p1a: Grosse Balaine|68/100
|-enditem|p1a: Grosse Balaine|Leftovers|[from] move: Knock Off|[of] p2a: Crawdaunt
|
|upkeep
|turn|8
|
|t:|1779888034
|switch|p2a: Latias|Latias, F|100/100
|move|p1a: Grosse Balaine|Body Press|p2a: Latias
|-resisted|p2a: Latias
|-damage|p2a: Latias|83/100
|
|upkeep
|turn|9
|
|t:|1779888044
|switch|p1a: Grand Chien|Raikou|100/100
|-ability|p1a: Grand Chien|Pressure
|move|p2a: Latias|Draco Meteor|p1a: Grand Chien
|-damage|p1a: Grand Chien|20/100
|-unboost|p2a: Latias|spa|2
|
|upkeep
|turn|10
|
|t:|1779888054
|move|p1a: Grand Chien|Light Screen|p1a: Grand Chien
|-sidestart|p1: Dom225|move: Light Screen
|move|p2a: Latias|Mist Ball|p1a: Grand Chien
|-damage|p1a: Grand Chien|7/100
|
|upkeep
|turn|11
|
|t:|1779888061
|switch|p2a: Metagross|Metagross|100/100
|move|p1a: Grand Chien|Discharge|p2a: Metagross
|-damage|p2a: Metagross|74/100
|
|upkeep
|turn|12
|
|t:|1779888078
|switch|p1a: Grosse Balaine|Dondozo, F|68/100
|move|p2a: Metagross|Psychic Fangs|p1a: Grosse Balaine
|-sideend|p1: Dom225|move: Light Screen
|-damage|p1a: Grosse Balaine|44/100
|
|upkeep
|turn|13
|
|t:|1779888095
|switch|p2a: Latias|Latias, F|83/100
|switch|p1a: Grand dragon|Latios, M|100/100
|
|upkeep
|turn|14
|
|t:|1779888105
|-terastallize|p1a: Grand dragon|Electric
|move|p2a: Latias|Draco Meteor|p1a: Grand dragon
|-damage|p1a: Grand dragon|30/100
|-unboost|p2a: Latias|spa|2
|move|p1a: Grand dragon|Calm Mind|p1a: Grand dragon
|-boost|p1a: Grand dragon|spa|1
|-boost|p1a: Grand dragon|spd|1
|
|upkeep
|turn|15
|
|t:|1779888114
|switch|p2a: Banette|Banette, F|100/100
|move|p1a: Grand dragon|Ice Beam|p2a: Banette
|-damage|p2a: Banette|18/100
|
|upkeep
|turn|16
|
|t:|1779888122
|move|p2a: Banette|Shadow Sneak|p1a: Grand dragon
|-damage|p1a: Grand dragon|0 fnt
|faint|p1a: Grand dragon
|
|upkeep
|
|t:|1779888129
|switch|p1a: Gros Mamouth|Great Tusk|34/100
|turn|17
|
|t:|1779888135
|move|p1a: Gros Mamouth|Knock Off|p2a: Banette
|-supereffective|p2a: Banette
|-damage|p2a: Banette|0 fnt
|-enditem|p2a: Banette|Focus Sash|[from] move: Knock Off|[of] p1a: Gros Mamouth
|faint|p2a: Banette
|
|upkeep
|
|t:|1779888143
|switch|p2a: Latias|Latias, F|83/100
|turn|18
|
|t:|1779888148
|-end|p1a: Gros Mamouth|Protosynthesis|[silent]
|switch|p1a: Grosse Limace|Clodsire, M|100/100
|move|p2a: Latias|Mist Ball|p1a: Grosse Limace
|-supereffective|p1a: Grosse Limace
|-damage|p1a: Grosse Limace|46/100
|
|-heal|p1a: Grosse Limace|52/100|[from] item: Leftovers
|upkeep
|turn|19
|
|t:|1779888156
|switch|p1a: Gros panda|Snorlax, F|79/100
|move|p2a: Latias|Mist Ball|p1a: Gros panda
|-damage|p1a: Gros panda|58/100
|
|upkeep
|turn|20
|
|t:|1779888168
|switch|p2a: Metagross|Metagross|74/100
|move|p1a: Gros panda|Body Slam|p2a: Metagross
|-resisted|p2a: Metagross
|-damage|p2a: Metagross|59/100
|-status|p2a: Metagross|par
|
|upkeep
|turn|21
|
|t:|1779888183
|switch|p1a: Grosse Balaine|Dondozo, F|44/100
|switch|p2a: Gardevoir|Gardevoir, M|100/100
|
|upkeep
|turn|22
|
|t:|1779888192
|switch|p1a: Gros panda|Snorlax, F|58/100
|move|p2a: Gardevoir|Moonblast|p1a: Gros panda
|-damage|p1a: Gros panda|41/100
|
|upkeep
|turn|23
|
|t:|1779888200
|move|p2a: Gardevoir|Psyshock|p1a: Gros panda
|-damage|p1a: Gros panda|7/100
|move|p1a: Gros panda|Earthquake|p2a: Gardevoir
|-damage|p2a: Gardevoir|49/100
|
|upkeep
|turn|24
|
|t:|1779888212
|move|p2a: Gardevoir|Draining Kiss|p1a: Gros panda
|-damage|p1a: Gros panda|0 fnt
|-heal|p2a: Gardevoir|57/100|[from] drain|[of] p1a: Gros panda
|faint|p1a: Gros panda
|
|upkeep
|
|t:|1779888229
|switch|p1a: Gros Mamouth|Great Tusk|34/100
|turn|25
|inactive|Battle timer is ON: inactive players will automatically lose when time's up. (requested by Dakota1683)
|
|t:|1779888236
|switch|p2a: Latias|Latias, F|83/100
|move|p1a: Gros Mamouth|Knock Off|p2a: Latias
|-supereffective|p2a: Latias
|-damage|p2a: Latias|0 fnt
|-enditem|p2a: Latias|Soul Dew|[from] move: Knock Off|[of] p1a: Gros Mamouth
|faint|p2a: Latias
|
|upkeep
|
|t:|1779888243
|switch|p2a: Crawdaunt|Crawdaunt, F|50/100
|turn|26
|
|t:|1779888251
|-end|p1a: Gros Mamouth|Protosynthesis|[silent]
|switch|p1a: Grosse Balaine|Dondozo, F|44/100
|move|p2a: Crawdaunt|Aqua Jet|p1a: Grosse Balaine
|-resisted|p1a: Grosse Balaine
|-damage|p1a: Grosse Balaine|36/100
|
|upkeep
|turn|27
|
|t:|1779888278
|switch|p2a: Gardevoir|Gardevoir, M|57/100
|move|p1a: Grosse Balaine|Body Press|p2a: Gardevoir
|-resisted|p2a: Gardevoir
|-damage|p2a: Gardevoir|47/100
|
|upkeep
|turn|28
|inactive|Dom225 has 120 seconds left.
|
|t:|1779888296
|switch|p1a: Gros Mamouth|Great Tusk|34/100
|-terastallize|p2a: Gardevoir|Fairy
|move|p2a: Gardevoir|Draining Kiss|p1a: Gros Mamouth
|-supereffective|p1a: Gros Mamouth
|-damage|p1a: Gros Mamouth|0 fnt
|-heal|p2a: Gardevoir|78/100|[from] drain|[of] p1a: Gros Mamouth
|faint|p1a: Gros Mamouth
|-end|p1a: Gros Mamouth|Protosynthesis|[silent]
|
|upkeep
|inactive|Dom225 has 120 seconds left.
|
|t:|1779888306
|switch|p1a: Grand Chien|Raikou|7/100
|-ability|p1a: Grand Chien|Pressure
|turn|29
|inactive|Dom225 has 120 seconds left.
|
|t:|1779888314
|move|p1a: Grand Chien|Discharge|p2a: Gardevoir
|-damage|p2a: Gardevoir|63/100
|move|p2a: Gardevoir|Draining Kiss|p1a: Grand Chien
|-damage|p1a: Grand Chien|0 fnt
|-heal|p2a: Gardevoir|67/100|[from] drain|[of] p1a: Grand Chien
|faint|p1a: Grand Chien
|
|upkeep
|inactive|Dom225 has 120 seconds left.
|-message|Dom225 forfeited.
|
|win|Dakota1683
|raw|Dom225's rating: 1281 &rarr; <strong>1255</strong><br />(-26 for losing)
|raw|Dakota1683's rating: 1271 &rarr; <strong>1297</strong><br />(+26 for winning)
|l|☆Dom225
|player|p1|
|l|☆Dakota1683
|player|p2|
