|j|☆Velcrostuck
|j|☆mafuyuyume
|t:|1779939256
|gametype|singles
|player|p1|Velcrostuck|265|1337
|player|p2|mafuyuyume|169|1375
|gen|9
|tier|[Gen 9] OU
|rated|
|rule|HP Percentage Mod: HP is shown in percentages
|rule|Endless Battle Clause: Forcing endless battles is banned
|rule|Species Clause: Limit one of each Pokémon
|rule|OHKO Clause: OHKO moves are banned
|rule|Evasion Items Clause: Evasion items are banned
|rule|Evasion Moves Clause: Evasion moves are banned
|rule|Evasion Abilities Clause: Evasion abilities are banned
|rule|Sleep Moves Clause: Sleep-inducing moves are banned
|clearpoke
|poke|p1|Lokix, F|
|poke|p1|Pecharunt|
|poke|p1|Ting-Lu|
|poke|p1|Gliscor, M|
|poke|p1|Great Tusk|
|poke|p1|Iron Moth|
|poke|p2|Enamorus, F|
|poke|p2|Weavile, M|
|poke|p2|Dragapult, F|
|poke|p2|Gholdengo|
|poke|p2|Great Tusk|
|poke|p2|Samurott-Hisui, M|
|teampreview
|inactive|Battle timer is ON: inactive players will automatically lose when time's up. (requested by Velcrostuck)
|c|☆mafuyuyume|is that pinkacross lokix
|c|☆mafuyuyume|or am i tripping
|inactive|Velcrostuck has 120 seconds left.
|inactive|Velcrostuck has 90 seconds left.
|inactive|Velcrostuck has 60 seconds left.
|inactive|Velcrostuck has 30 seconds left.
|
|t:|1779939377
|teamsize|p1|6
|teamsize|p2|6
|start
|switch|p1a: Gliscor|Gliscor, M, shiny|100/100
|switch|p2a: Gramps|Samurott-Hisui, M|100/100
|turn|1
|
|t:|1779939382
|move|p1a: Gliscor|Protect|p1a: Gliscor
|-singleturn|p1a: Gliscor|Protect
|move|p2a: Gramps|Ceaseless Edge|p1a: Gliscor
|-activate|p1a: Gliscor|move: Protect
|
|-status|p1a: Gliscor|tox|[from] item: Toxic Orb
|upkeep
|turn|2
|
|t:|1779939389
|move|p2a: Gramps|Ceaseless Edge|p1a: Gliscor
|-damage|p1a: Gliscor|68/100 tox
|-sidestart|p1: Velcrostuck|Spikes
|move|p1a: Gliscor|Toxic|p2a: Gramps
|-status|p2a: Gramps|tox
|
|-damage|p2a: Gramps|94/100 tox|[from] psn
|-heal|p1a: Gliscor|80/100 tox|[from] ability: Poison Heal
|upkeep
|turn|3
|
|t:|1779939406
|switch|p2a: Weavile|Weavile, M|100/100
|-ability|p2a: Weavile|Pressure
|move|p1a: Gliscor|Knock Off|p2a: Weavile
|-resisted|p2a: Weavile
|-damage|p2a: Weavile|83/100
|-enditem|p2a: Weavile|Heavy-Duty Boots|[from] move: Knock Off|[of] p1a: Gliscor
|
|-heal|p1a: Gliscor|93/100 tox|[from] ability: Poison Heal
|upkeep
|turn|4
|
|t:|1779939430
|-terastallize|p1a: Gliscor|Water
|move|p2a: Weavile|Swords Dance|p2a: Weavile
|-boost|p2a: Weavile|atk|2
|move|p1a: Gliscor|Toxic|p2a: Weavile
|-status|p2a: Weavile|tox
|
|-damage|p2a: Weavile|77/100 tox|[from] psn
|-heal|p1a: Gliscor|100/100 tox|[from] ability: Poison Heal
|upkeep
|turn|5
|
|t:|1779939445
|move|p2a: Weavile|Knock Off|p1a: Gliscor
|-damage|p1a: Gliscor|27/100 tox
|-enditem|p1a: Gliscor|Toxic Orb|[from] move: Knock Off|[of] p2a: Weavile
|move|p1a: Gliscor|Spikes|p2a: Weavile
|-sidestart|p2: mafuyuyume|Spikes
|
|-damage|p2a: Weavile|65/100 tox|[from] psn
|-heal|p1a: Gliscor|39/100 tox|[from] ability: Poison Heal
|upkeep
|turn|6
|
|t:|1779939453
|move|p1a: Gliscor|Protect|p1a: Gliscor
|-singleturn|p1a: Gliscor|Protect
|move|p2a: Weavile|Knock Off|p1a: Gliscor
|-activate|p1a: Gliscor|move: Protect
|
|-damage|p2a: Weavile|47/100 tox|[from] psn
|-heal|p1a: Gliscor|52/100 tox|[from] ability: Poison Heal
|upkeep
|turn|7
|
|t:|1779939465
|move|p1a: Gliscor|Protect||[still]
|-fail|p1a: Gliscor
|move|p2a: Weavile|Knock Off|p1a: Gliscor
|-damage|p1a: Gliscor|0 fnt
|faint|p1a: Gliscor
|
|-damage|p2a: Weavile|23/100 tox|[from] psn
|upkeep
|
|t:|1779939471
|switch|p1a: Lokix|Lokix, F, shiny|100/100
|turn|8
|
|t:|1779939477
|move|p1a: Lokix|First Impression|p2a: Weavile
|-supereffective|p2a: Weavile
|-damage|p2a: Weavile|0 fnt
|faint|p2a: Weavile
|
|upkeep
|
|t:|1779939479
|switch|p2a: Gramps|Samurott-Hisui, M|94/100 tox
|-damage|p2a: Gramps|82/100 tox|[from] Spikes
|turn|9
|
|t:|1779939484
|move|p2a: Gramps|Ceaseless Edge|p1a: Lokix
|-resisted|p1a: Lokix
|-damage|p1a: Lokix|65/100
|-sidestart|p1: Velcrostuck|Spikes
|move|p1a: Lokix|U-turn|p2a: Gramps
|-supereffective|p2a: Gramps
|-damage|p2a: Gramps|0 fnt
|faint|p2a: Gramps
|
|t:|1779939491
|switch|p1a: Ting-Lu|Ting-Lu|100/100|[from] U-turn
|-damage|p1a: Ting-Lu|84/100|[from] Spikes
|-ability|p1a: Ting-Lu|Vessel of Ruin
|
|-heal|p1a: Ting-Lu|90/100|[from] item: Leftovers
|upkeep
|
|t:|1779939516
|switch|p2a: Great Tusk|Great Tusk|100/100
|-damage|p2a: Great Tusk|88/100|[from] Spikes
|-enditem|p2a: Great Tusk|Booster Energy
|-activate|p2a: Great Tusk|ability: Protosynthesis|[fromitem]
|-start|p2a: Great Tusk|protosynthesisatk
|turn|10
|
|t:|1779939525
|switch|p1a: Pecharunt|Pecharunt|100/100
|move|p2a: Great Tusk|Close Combat|p1a: Pecharunt
|-immune|p1a: Pecharunt
|
|upkeep
|turn|11
|
|t:|1779939538
|move|p2a: Great Tusk|Knock Off|p1a: Pecharunt
|-supereffective|p1a: Pecharunt
|-damage|p1a: Pecharunt|55/100
|-enditem|p1a: Pecharunt|Heavy-Duty Boots|[from] move: Knock Off|[of] p2a: Great Tusk
|move|p1a: Pecharunt|Malignant Chain|p2a: Great Tusk
|-resisted|p2a: Great Tusk
|-damage|p2a: Great Tusk|66/100
|
|upkeep
|turn|12
|
|t:|1779939546
|move|p2a: Great Tusk|Headlong Rush|p1a: Pecharunt
|-supereffective|p1a: Pecharunt
|-damage|p1a: Pecharunt|0 fnt
|-unboost|p2a: Great Tusk|def|1
|-unboost|p2a: Great Tusk|spd|1
|faint|p1a: Pecharunt
|
|upkeep
|inactive|Velcrostuck has 120 seconds left.
|
|t:|1779939595
|switch|p1a: Great Tusk|Great Tusk|100/100
|-damage|p1a: Great Tusk|84/100|[from] Spikes
|-enditem|p1a: Great Tusk|Booster Energy
|-activate|p1a: Great Tusk|ability: Protosynthesis|[fromitem]
|-start|p1a: Great Tusk|protosynthesisatk
|turn|13
|
|t:|1779939607
|-end|p2a: Great Tusk|Protosynthesis|[silent]
|switch|p2a: Gholdengo|Gholdengo|100/100
|-item|p2a: Gholdengo|Air Balloon
|move|p1a: Great Tusk|Ice Spinner|p2a: Gholdengo
|-resisted|p2a: Gholdengo
|-damage|p2a: Gholdengo|81/100
|-enditem|p2a: Gholdengo|Air Balloon
|
|upkeep
|turn|14
|inactive|Velcrostuck has 90 seconds left.
|inactive|mafuyuyume has 120 seconds left.
|inactive|Velcrostuck has 60 seconds left.
|inactive|Velcrostuck has 30 seconds left.
|inactive|Velcrostuck has 20 seconds left.
|inactive|Velcrostuck has 15 seconds left.
|inactive|Velcrostuck has 10 seconds left.
|inactive|Velcrostuck has 5 seconds left.
|-message|Velcrostuck lost due to inactivity.
|
|win|mafuyuyume
|raw|Velcrostuck's rating: 1337 &rarr; <strong>1319</strong><br />(-18 for losing)
|raw|mafuyuyume's rating: 1375 &rarr; <strong>1393</strong><br />(+18 for winning)
