|j|☆Foodiscoolski
|j|☆capitolg
|t:|1779878076
|gametype|singles
|player|p1|Foodiscoolski|2|1156
|player|p2|capitolg|bellelba|1153
|gen|9
|tier|[Gen 9] OU
|rated|
|rule|HP Percentage Mod: HP is shown in percentages
|rule|Endless Battle Clause: Forcing endless battles is banned
|rule|Species Clause: Limit one of each Pokémon
|rule|OHKO Clause: OHKO moves are banned
|rule|Evasion Items Clause: Evasion items are banned
|rule|Evasion Moves Clause: Evasion moves are banned
|rule|Evasion Abilities Clause: Evasion abilities are banned
|rule|Sleep Moves Clause: Sleep-inducing moves are banned
|clearpoke
|poke|p1|Weezing-Galar, M|
|poke|p1|Ninetales-Alola, F|
|poke|p1|Ogerpon-Wellspring, F|
|poke|p1|Raging Bolt|
|poke|p1|Landorus-Therian, M|
|poke|p1|Lokix, M|
|poke|p2|Ribombee, M|
|poke|p2|Serperior, F|
|poke|p2|Kingambit, F|
|poke|p2|Skeledirge, F|
|poke|p2|Milotic, F|
|poke|p2|Cinderace, F|
|teampreview
|
|t:|1779878089
|teamsize|p1|6
|teamsize|p2|6
|start
|switch|p1a: Star-Man|Lokix, M, shiny|100/100
|switch|p2a: Ribombee|Ribombee, M|100/100
|turn|1
|
|t:|1779878096
|move|p1a: Star-Man|First Impression|p2a: Ribombee
|-resisted|p2a: Ribombee
|-enditem|p2a: Ribombee|Focus Sash
|-damage|p2a: Ribombee|1/100
|-damage|p1a: Star-Man|91/100|[from] item: Life Orb
|move|p2a: Ribombee|Sticky Web|p1a: Star-Man
|-sidestart|p1: Foodiscoolski|move: Sticky Web
|
|upkeep
|turn|2
|inactive|Battle timer is ON: inactive players will automatically lose when time's up. (requested by Foodiscoolski)
|
|t:|1779878116
|move|p1a: Star-Man|Sucker Punch|p2a: Ribombee
|-resisted|p2a: Ribombee
|-damage|p2a: Ribombee|0 fnt
|faint|p2a: Ribombee
|-damage|p1a: Star-Man|81/100|[from] item: Life Orb
|
|upkeep
|
|t:|1779878119
|switch|p2a: Cinderace|Cinderace, F|100/100
|turn|3
|
|t:|1779878125
|move|p2a: Cinderace|Court Change|p2a: Cinderace
|-start|p2a: Cinderace|typechange|Normal|[from] ability: Libero
|-swapsideconditions
|-activate|p2a: Cinderace|move: Court Change
|move|p1a: Star-Man|U-turn|p2a: Cinderace
|-damage|p2a: Cinderace|43/100
|-damage|p1a: Star-Man|71/100|[from] item: Life Orb
|
|t:|1779878137
|switch|p1a: Ranni|Ogerpon-Wellspring, F|100/100|[from] U-turn
|
|upkeep
|turn|4
|
|t:|1779878148
|move|p2a: Cinderace|Taunt|p1a: Ranni
|-start|p1a: Ranni|move: Taunt
|move|p1a: Ranni|Ivy Cudgel|p2a: Cinderace|[anim] Ivy Cudgel Water
|-damage|p2a: Cinderace|0 fnt
|faint|p2a: Cinderace
|
|upkeep
|
|t:|1779878151
|switch|p2a: Serperior|Serperior, F|100/100
|-activate|p2a: Serperior|move: Sticky Web
|-boost|p2a: Serperior|spe|1
|turn|5
|
|t:|1779878169
|switch|p1a: Shari|Ninetales-Alola, F|100/100
|-weather|Snowscape|[from] ability: Snow Warning|[of] p1a: Shari
|move|p2a: Serperior|Leaf Storm|p1a: Shari
|-damage|p1a: Shari|48/100
|-boost|p2a: Serperior|spa|2
|
|-weather|Snowscape|[upkeep]
|upkeep
|turn|6
|
|t:|1779878177
|move|p2a: Serperior|Leaf Storm|p1a: Shari
|-damage|p1a: Shari|0 fnt
|-boost|p2a: Serperior|spa|2
|faint|p1a: Shari
|
|-weather|Snowscape|[upkeep]
|upkeep
|
|t:|1779878182
|switch|p1a: Star-Man|Lokix, M, shiny|71/100
|turn|7
|
|t:|1779878195
|move|p1a: Star-Man|First Impression|p2a: Serperior
|-supereffective|p2a: Serperior
|-damage|p2a: Serperior|0 fnt
|faint|p2a: Serperior
|-damage|p1a: Star-Man|61/100|[from] item: Life Orb
|
|-weather|Snowscape|[upkeep]
|upkeep
|
|t:|1779878197
|switch|p2a: Skeledirge|Skeledirge, F|100/100
|-item|p2a: Skeledirge|Air Balloon
|turn|8
|
|t:|1779878207
|move|p1a: Star-Man|U-turn|p2a: Skeledirge
|-resisted|p2a: Skeledirge
|-damage|p2a: Skeledirge|82/100
|-enditem|p2a: Skeledirge|Air Balloon
|-damage|p1a: Star-Man|51/100|[from] item: Life Orb
|
|t:|1779878213
|switch|p1a: Land-how-rus|Landorus-Therian, M|100/100|[from] U-turn
|-ability|p1a: Land-how-rus|Intimidate|boost
|-unboost|p2a: Skeledirge|atk|1
|move|p2a: Skeledirge|Torch Song|p1a: Land-how-rus
|-damage|p1a: Land-how-rus|48/100
|-boost|p2a: Skeledirge|spa|1
|
|-weather|Snowscape|[upkeep]
|upkeep
|turn|9
|
|t:|1779878227
|move|p1a: Land-how-rus|Earthquake|p2a: Skeledirge
|-supereffective|p2a: Skeledirge
|-damage|p2a: Skeledirge|0 fnt
|faint|p2a: Skeledirge
|
|-weather|none
|upkeep
|
|t:|1779878229
|switch|p2a: Milotic|Milotic, F|100/100
|-activate|p2a: Milotic|move: Sticky Web
|-unboost|p2a: Milotic|spe|1
|-ability|p2a: Milotic|Competitive|boost
|-boost|p2a: Milotic|spa|2
|turn|10
|
|t:|1779878238
|move|p1a: Land-how-rus|U-turn|p2a: Milotic
|-damage|p2a: Milotic|76/100
|
|t:|1779878242
|switch|p1a: Ranni|Ogerpon-Wellspring, F|100/100|[from] U-turn
|move|p2a: Milotic|Ice Beam|p1a: Ranni
|-damage|p1a: Ranni|35/100
|
|upkeep
|turn|11
|
|t:|1779878250
|switch|p2a: Kingambit|Kingambit, F|100/100
|-activate|p2a: Kingambit|move: Sticky Web
|-unboost|p2a: Kingambit|spe|1
|-ability|p2a: Kingambit|Defiant|boost
|-boost|p2a: Kingambit|atk|2
|-terastallize|p1a: Ranni|Water
|detailschange|p1a: Ranni|Ogerpon-Wellspring-Tera, F, tera:Water
|-ability|p1a: Ranni|Embody Aspect (Wellspring)|boost
|-boost|p1a: Ranni|spd|1
|move|p1a: Ranni|Horn Leech|p2a: Kingambit
|-resisted|p2a: Kingambit
|-damage|p2a: Kingambit|82/100
|-heal|p1a: Ranni|46/100|[from] drain|[of] p2a: Kingambit
|
|upkeep
|turn|12
|
|t:|1779878265
|move|p1a: Ranni|Ivy Cudgel|p2a: Kingambit|[anim] Ivy Cudgel Water
|-damage|p2a: Kingambit|17/100
|move|p2a: Kingambit|Throat Chop|p1a: Ranni
|-damage|p1a: Ranni|0 fnt
|faint|p1a: Ranni
|detailschange|p1: Ranni|Ogerpon-Wellspring, F|[silent]
|
|upkeep
|
|t:|1779878271
|switch|p1a: Star-Man|Lokix, M, shiny|51/100
|turn|13
|
|t:|1779878277
|move|p1a: Star-Man|First Impression|p2a: Kingambit
|-damage|p2a: Kingambit|0 fnt
|faint|p2a: Kingambit
|-damage|p1a: Star-Man|41/100|[from] item: Life Orb
|
|upkeep
|
|t:|1779878279
|switch|p2a: Milotic|Milotic, F|76/100
|-activate|p2a: Milotic|move: Sticky Web
|-unboost|p2a: Milotic|spe|1
|-ability|p2a: Milotic|Competitive|boost
|-boost|p2a: Milotic|spa|2
|turn|14
|
|t:|1779878290
|move|p1a: Star-Man|Sucker Punch|p2a: Milotic
|-damage|p2a: Milotic|40/100
|-damage|p1a: Star-Man|31/100|[from] item: Life Orb
|move|p2a: Milotic|Scald|p1a: Star-Man
|-damage|p1a: Star-Man|0 fnt
|faint|p1a: Star-Man
|
|upkeep
|
|t:|1779878299
|switch|p1a: Late Capitalism|Weezing-Galar, M|100/100
|-ability|p1a: Late Capitalism|Neutralizing Gas
|turn|15
|inactive|capitolg has 120 seconds left.
|
|t:|1779878350
|move|p1a: Late Capitalism|Sludge Wave|p2a: Milotic
|-damage|p2a: Milotic|20/100
|move|p2a: Milotic|Scald|p1a: Late Capitalism
|-damage|p1a: Late Capitalism|0 fnt
|faint|p1a: Late Capitalism
|-end|p1a: Late Capitalism|ability: Neutralizing Gas
|
|upkeep
|inactive|Foodiscoolski has 120 seconds left.
|
|t:|1779878388
|switch|p1a: Land-how-rus|Landorus-Therian, M|48/100
|-ability|p1a: Land-how-rus|Intimidate|boost
|-unboost|p2a: Milotic|atk|1
|-ability|p2a: Milotic|Competitive|boost
|-boost|p2a: Milotic|spa|2
|turn|16
|inactive|Foodiscoolski has 120 seconds left.
|inactive|capitolg has 90 seconds left.
|
|t:|1779878422
|-terastallize|p2a: Milotic|Grass
|move|p1a: Land-how-rus|U-turn|p2a: Milotic
|-supereffective|p2a: Milotic
|-damage|p2a: Milotic|0 fnt
|faint|p2a: Milotic
|
|win|Foodiscoolski
|raw|Foodiscoolski's rating: 1156 &rarr; <strong>1183</strong><br />(+27 for winning)
|raw|capitolg's rating: 1179 &rarr; <strong>1152</strong><br />(-27 for losing)
|l|☆capitolg
|player|p2|
