|j|☆Hike Mawk
|j|☆Z_Domen
|t:|1779893693
|gametype|singles
|player|p1|Hike Mawk|riley|1357
|player|p2|Z_Domen|doctor|1330
|gen|9
|tier|[Gen 9] OU
|rated|
|rule|HP Percentage Mod: HP is shown in percentages
|rule|Endless Battle Clause: Forcing endless battles is banned
|rule|Species Clause: Limit one of each Pokémon
|rule|OHKO Clause: OHKO moves are banned
|rule|Evasion Items Clause: Evasion items are banned
|rule|Evasion Moves Clause: Evasion moves are banned
|rule|Evasion Abilities Clause: Evasion abilities are banned
|rule|Sleep Moves Clause: Sleep-inducing moves are banned
|clearpoke
|poke|p1|Gliscor, M|
|poke|p1|Clefable, F|
|poke|p1|Corviknight, M|
|poke|p1|Blissey, F|
|poke|p1|Forretress, F|
|poke|p1|Garganacl, F|
|poke|p2|Comfey, M|
|poke|p2|Garganacl, F|
|poke|p2|Corviknight, F|
|poke|p2|Ogerpon-Wellspring, F|
|poke|p2|Great Tusk|
|poke|p2|Moltres|
|teampreview
|inactive|Battle timer is ON: inactive players will automatically lose when time's up. (requested by Z_Domen)
|
|t:|1779893698
|teamsize|p1|6
|teamsize|p2|6
|start
|switch|p1a: Rocki|Garganacl, F, shiny|100/100
|switch|p2a: Comfey|Comfey, M|100/100
|turn|1
|
|t:|1779893706
|move|p2a: Comfey|Substitute|p2a: Comfey
|-start|p2a: Comfey|Substitute
|-damage|p2a: Comfey|76/100
|move|p1a: Rocki|Salt Cure|p2a: Comfey
|-end|p2a: Comfey|Substitute
|
|upkeep
|turn|2
|
|t:|1779893711
|move|p2a: Comfey|Calm Mind|p2a: Comfey
|-boost|p2a: Comfey|spa|1
|-boost|p2a: Comfey|spd|1
|move|p1a: Rocki|Salt Cure|p2a: Comfey
|-damage|p2a: Comfey|46/100
|-start|p2a: Comfey|Salt Cure
|
|-damage|p2a: Comfey|33/100|[from] Salt Cure
|upkeep
|turn|3
|
|t:|1779893719
|switch|p1a: Rookidon|Corviknight, M|100/100
|move|p2a: Comfey|Draining Kiss|p1a: Rookidon
|-resisted|p1a: Rookidon
|-damage|p1a: Rookidon|83/100
|-heal|p2a: Comfey|55/100|[from] drain|[of] p1a: Rookidon
|-damage|p2a: Comfey|45/100|[from] item: Life Orb
|
|-damage|p2a: Comfey|33/100|[from] Salt Cure
|upkeep
|turn|4
|
|t:|1779893726
|switch|p2a: Moltres|Moltres|100/100
|move|p1a: Rookidon|Agility|p1a: Rookidon
|-boost|p1a: Rookidon|spe|2
|
|upkeep
|turn|5
|
|t:|1779893734
|move|p1a: Rookidon|Agility|p1a: Rookidon
|-boost|p1a: Rookidon|spe|2
|move|p2a: Moltres|Hurricane|p1a: Rookidon
|-resisted|p1a: Rookidon
|-damage|p1a: Rookidon|61/100
|
|upkeep
|turn|6
|
|t:|1779893737
|move|p1a: Rookidon|Roost|p1a: Rookidon
|-heal|p1a: Rookidon|100/100
|-singleturn|p1a: Rookidon|move: Roost
|move|p2a: Moltres|Flamethrower|p1a: Rookidon
|-supereffective|p1a: Rookidon
|-damage|p1a: Rookidon|31/100
|-enditem|p1a: Rookidon|Weakness Policy
|-boost|p1a: Rookidon|atk|2|[from] item: Weakness Policy
|-boost|p1a: Rookidon|spa|2|[from] item: Weakness Policy
|
|upkeep
|turn|7
|
|t:|1779893749
|move|p1a: Rookidon|Power Trip|p2a: Moltres
|-damage|p2a: Moltres|0 fnt
|faint|p2a: Moltres
|
|upkeep
|
|t:|1779893755
|switch|p2a: Corviknight|Corviknight, F|100/100
|-ability|p2a: Corviknight|Pressure
|turn|8
|
|t:|1779893766
|move|p1a: Rookidon|Power Trip|p2a: Corviknight
|-damage|p2a: Corviknight|38/100
|move|p2a: Corviknight|Reflect|p2a: Corviknight
|-sidestart|p2: Z_Domen|Reflect
|
|-heal|p2a: Corviknight|44/100|[from] item: Leftovers
|upkeep
|turn|9
|
|t:|1779893776
|switch|p2a: Garganacl|Garganacl, F|100/100
|move|p1a: Rookidon|Roost|p1a: Rookidon
|-heal|p1a: Rookidon|81/100
|-singleturn|p1a: Rookidon|move: Roost
|
|upkeep
|turn|10
|
|t:|1779893780
|-terastallize|p1a: Rookidon|Dark
|move|p1a: Rookidon|Bulk Up|p1a: Rookidon
|-boost|p1a: Rookidon|atk|1
|-boost|p1a: Rookidon|def|1
|move|p2a: Garganacl|Salt Cure|p1a: Rookidon
|-crit|p1a: Rookidon
|-damage|p1a: Rookidon|63/100
|-start|p1a: Rookidon|Salt Cure
|
|-damage|p1a: Rookidon|51/100|[from] Salt Cure
|upkeep
|turn|11
|
|t:|1779893789
|move|p1a: Rookidon|Bulk Up|p1a: Rookidon
|-boost|p1a: Rookidon|atk|1
|-boost|p1a: Rookidon|def|1
|move|p2a: Garganacl|Ice Punch|p1a: Rookidon
|-damage|p1a: Rookidon|44/100
|
|-damage|p1a: Rookidon|31/100|[from] Salt Cure
|upkeep
|turn|12
|
|t:|1779893792
|switch|p2a: Comfey|Comfey, M|33/100
|move|p1a: Rookidon|Roost|p1a: Rookidon
|-heal|p1a: Rookidon|81/100
|
|-damage|p1a: Rookidon|69/100|[from] Salt Cure
|-sideend|p2: Z_Domen|Reflect
|upkeep
|turn|13
|
|t:|1779893796
|move|p2a: Comfey|Draining Kiss|p1a: Rookidon
|-supereffective|p1a: Rookidon
|-damage|p1a: Rookidon|19/100
|-heal|p2a: Comfey|94/100|[from] drain|[of] p1a: Rookidon
|-damage|p2a: Comfey|84/100|[from] item: Life Orb
|move|p1a: Rookidon|Power Trip|p2a: Comfey
|-resisted|p2a: Comfey
|-damage|p2a: Comfey|0 fnt
|faint|p2a: Comfey
|
|-damage|p1a: Rookidon|7/100|[from] Salt Cure
|upkeep
|
|t:|1779893803
|switch|p2a: Garganacl|Garganacl, F|100/100
|turn|14
|
|t:|1779893806
|move|p1a: Rookidon|Roost|p1a: Rookidon
|-heal|p1a: Rookidon|57/100
|move|p2a: Garganacl|Salt Cure|p1a: Rookidon
|-damage|p1a: Rookidon|51/100
|
|-damage|p1a: Rookidon|39/100|[from] Salt Cure
|upkeep
|turn|15
|
|t:|1779893809
|move|p1a: Rookidon|Roost|p1a: Rookidon
|-heal|p1a: Rookidon|89/100
|move|p2a: Garganacl|Ice Punch|p1a: Rookidon
|-damage|p1a: Rookidon|81/100
|
|-damage|p1a: Rookidon|69/100|[from] Salt Cure
|upkeep
|turn|16
|
|t:|1779893812
|move|p1a: Rookidon|Power Trip|p2a: Garganacl
|-damage|p2a: Garganacl|0 fnt
|-damage|p1a: Rookidon|52/100|[from] item: Rocky Helmet|[of] p2a: Garganacl
|faint|p2a: Garganacl
|
|-damage|p1a: Rookidon|40/100|[from] Salt Cure
|upkeep
|
|t:|1779893817
|switch|p2a: Great Tusk|Great Tusk|100/100
|-enditem|p2a: Great Tusk|Booster Energy
|-activate|p2a: Great Tusk|ability: Protosynthesis|[fromitem]
|-start|p2a: Great Tusk|protosynthesisatk
|turn|17
|c|☆Hike Mawk|The Knight's Power Trip Cannot Be Stopped
|
|t:|1779893832
|move|p1a: Rookidon|Power Trip|p2a: Great Tusk
|-resisted|p2a: Great Tusk
|-damage|p2a: Great Tusk|0 fnt
|faint|p2a: Great Tusk
|-end|p2a: Great Tusk|Protosynthesis|[silent]
|
|-damage|p1a: Rookidon|27/100|[from] Salt Cure
|upkeep
|
|t:|1779893836
|switch|p2a: Ogerpon|Ogerpon-Wellspring, F|100/100
|turn|18
|
|t:|1779893839
|move|p1a: Rookidon|Power Trip|p2a: Ogerpon
|-damage|p2a: Ogerpon|0 fnt
|faint|p2a: Ogerpon
|
|-damage|p1a: Rookidon|15/100|[from] Salt Cure
|upkeep
|
|t:|1779893841
|switch|p2a: Corviknight|Corviknight, F|44/100
|-ability|p2a: Corviknight|Pressure
|turn|19
|c|☆Hike Mawk|GGs
|
|t:|1779893849
|move|p1a: Rookidon|Power Trip|p2a: Corviknight
|-crit|p2a: Corviknight
|-damage|p2a: Corviknight|0 fnt
|faint|p2a: Corviknight
|
|win|Hike Mawk
|raw|Hike Mawk's rating: 1357 &rarr; <strong>1375</strong><br />(+18 for winning)
|raw|Z_Domen's rating: 1330 &rarr; <strong>1312</strong><br />(-18 for losing)
|l|☆Z_Domen
|player|p2|
