|j|☆Boulesinus15
|j|☆fregene97
|t:|1779803420
|gametype|singles
|player|p1|Boulesinus15|266|1337
|player|p2|fregene97|youngster-gen4dp|1380
|gen|9
|tier|[Gen 9] OU
|rated|
|rule|HP Percentage Mod: HP is shown in percentages
|rule|Endless Battle Clause: Forcing endless battles is banned
|rule|Species Clause: Limit one of each Pokémon
|rule|OHKO Clause: OHKO moves are banned
|rule|Evasion Items Clause: Evasion items are banned
|rule|Evasion Moves Clause: Evasion moves are banned
|rule|Evasion Abilities Clause: Evasion abilities are banned
|rule|Sleep Moves Clause: Sleep-inducing moves are banned
|clearpoke
|poke|p1|Greninja-*, M|
|poke|p1|Corviknight, F|
|poke|p1|Ting-Lu|
|poke|p1|Latios, M|
|poke|p1|Skeledirge, M|
|poke|p1|Zapdos|
|poke|p2|Raging Bolt|
|poke|p2|Ceruledge, M|
|poke|p2|Iron Leaves|
|poke|p2|Kingambit, F|
|poke|p2|Glimmora, F|
|poke|p2|Greninja-*, M|
|teampreview
|
|t:|1779803426
|teamsize|p1|6
|teamsize|p2|6
|start
|switch|p1a: Ting-Lu|Ting-Lu|100/100
|switch|p2a: Glimmora|Glimmora, F|100/100
|-ability|p1a: Ting-Lu|Vessel of Ruin
|turn|1
|
|t:|1779803433
|move|p2a: Glimmora|Meteor Beam||[still]
|-prepare|p2a: Glimmora|Meteor Beam
|-boost|p2a: Glimmora|spa|1
|-enditem|p2a: Glimmora|Power Herb
|-anim|p2a: Glimmora|Meteor Beam|p1a: Ting-Lu
|-resisted|p1a: Ting-Lu
|-damage|p1a: Ting-Lu|82/100
|move|p1a: Ting-Lu|Ruination|p2a: Glimmora
|-damage|p2a: Glimmora|51/100
|
|-heal|p1a: Ting-Lu|88/100|[from] item: Leftovers
|upkeep
|turn|2
|
|t:|1779803439
|move|p2a: Glimmora|Mortal Spin|p1a: Ting-Lu
|-resisted|p1a: Ting-Lu
|-damage|p1a: Ting-Lu|87/100
|-status|p1a: Ting-Lu|psn
|move|p1a: Ting-Lu|Earthquake|p2a: Glimmora
|-supereffective|p2a: Glimmora
|-damage|p2a: Glimmora|0 fnt
|-activate|p2a: Glimmora|ability: Toxic Debris
|-sidestart|p1: Boulesinus15|move: Toxic Spikes
|faint|p2a: Glimmora
|
|-heal|p1a: Ting-Lu|93/100 psn|[from] item: Leftovers
|-damage|p1a: Ting-Lu|80/100 psn|[from] psn
|upkeep
|
|t:|1779803444
|switch|p2a: Iron Leaves|Iron Leaves|100/100
|-enditem|p2a: Iron Leaves|Booster Energy
|-activate|p2a: Iron Leaves|ability: Quark Drive|[fromitem]
|-start|p2a: Iron Leaves|quarkdrivespe
|turn|3
|
|t:|1779803449
|switch|p1a: Corviknight|Corviknight, F|100/100
|-ability|p1a: Corviknight|Pressure
|move|p2a: Iron Leaves|Swords Dance|p2a: Iron Leaves
|-boost|p2a: Iron Leaves|atk|2
|
|upkeep
|turn|4
|
|t:|1779803456
|move|p2a: Iron Leaves|Close Combat|p1a: Corviknight
|-damage|p1a: Corviknight|55/100
|-unboost|p2a: Iron Leaves|def|1
|-unboost|p2a: Iron Leaves|spd|1
|-damage|p2a: Iron Leaves|84/100|[from] item: Rocky Helmet|[of] p1a: Corviknight
|move|p1a: Corviknight|Defog|p2a: Iron Leaves
|-unboost|p2a: Iron Leaves|evasion|1
|-sideend|p1: Boulesinus15|Toxic Spikes|[from] move: Defog|[of] p1a: Corviknight
|
|upkeep
|turn|5
|
|t:|1779803479
|-terastallize|p2a: Iron Leaves|Psychic
|move|p2a: Iron Leaves|Psyblade|p1a: Corviknight
|-resisted|p1a: Corviknight
|-damage|p1a: Corviknight|26/100
|-damage|p2a: Iron Leaves|67/100|[from] item: Rocky Helmet|[of] p1a: Corviknight
|move|p1a: Corviknight|Brave Bird|p2a: Iron Leaves
|-damage|p2a: Iron Leaves|12/100
|-damage|p1a: Corviknight|10/100|[from] Recoil
|
|upkeep
|turn|6
|inactive|Battle timer is ON: inactive players will automatically lose when time's up. (requested by fregene97)
|
|t:|1779803489
|move|p2a: Iron Leaves|Psyblade|p1a: Corviknight
|-resisted|p1a: Corviknight
|-crit|p1a: Corviknight
|-damage|p1a: Corviknight|0 fnt
|-damage|p2a: Iron Leaves|0 fnt|[from] item: Rocky Helmet|[of] p1a: Corviknight
|faint|p1a: Corviknight
|faint|p2a: Iron Leaves
|-end|p2a: Iron Leaves|Quark Drive|[silent]
|
|upkeep
|
|t:|1779803501
|switch|p2a: Greninja|Greninja, M|100/100
|switch|p1a: Ting-Lu|Ting-Lu|80/100 psn
|-ability|p1a: Ting-Lu|Vessel of Ruin
|turn|7
|
|t:|1779803513
|move|p2a: Greninja|Hydro Pump|p1a: Ting-Lu
|-supereffective|p1a: Ting-Lu
|-damage|p1a: Ting-Lu|30/100 psn
|-damage|p2a: Greninja|91/100|[from] item: Life Orb
|move|p1a: Ting-Lu|Stealth Rock|p2a: Greninja
|-sidestart|p2: fregene97|move: Stealth Rock
|
|-heal|p1a: Ting-Lu|36/100 psn|[from] item: Leftovers
|-damage|p1a: Ting-Lu|24/100 psn|[from] psn
|upkeep
|turn|8
|
|t:|1779803537
|-terastallize|p1a: Ting-Lu|Water
|move|p2a: Greninja|Hydro Pump|p1a: Ting-Lu
|-resisted|p1a: Ting-Lu
|-damage|p1a: Ting-Lu|11/100 psn
|-damage|p2a: Greninja|81/100|[from] item: Life Orb
|move|p1a: Ting-Lu|Earthquake|p2a: Greninja
|-damage|p2a: Greninja|18/100
|
|-heal|p1a: Ting-Lu|17/100 psn|[from] item: Leftovers
|-damage|p1a: Ting-Lu|5/100 psn|[from] psn
|upkeep
|turn|9
|inactive|Boulesinus15 has 120 seconds left.
|
|t:|1779803563
|switch|p1a: Greninja|Greninja, M|100/100
|move|p2a: Greninja|Dark Pulse|p1a: Greninja
|-resisted|p1a: Greninja
|-damage|p1a: Greninja|67/100
|-damage|p2a: Greninja|9/100|[from] item: Life Orb
|
|upkeep
|turn|10
|
|t:|1779803571
|move|p1a: Greninja|Water Shuriken|p2a: Greninja
|-resisted|p2a: Greninja
|-damage|p2a: Greninja|2/100
|-resisted|p2a: Greninja
|-damage|p2a: Greninja|0 fnt
|faint|p2a: Greninja
|-ability|p1a: Greninja|Battle Bond|boost
|-boost|p1a: Greninja|atk|1
|-boost|p1a: Greninja|spa|1
|-boost|p1a: Greninja|spe|1
|-activate|p1a: Greninja|ability: Battle Bond
|-hitcount|p2: Greninja|2
|-damage|p1a: Greninja|57/100|[from] item: Life Orb
|
|upkeep
|
|t:|1779803576
|switch|p2a: Kingambit|Kingambit, F|100/100
|-damage|p2a: Kingambit|94/100|[from] Stealth Rock
|-activate|p2a: Kingambit|ability: Supreme Overlord
|-start|p2a: Kingambit|fallen3|[silent]
|turn|11
|
|t:|1779803582
|move|p1a: Greninja|Hydro Pump|p2a: Kingambit
|-damage|p2a: Kingambit|0 fnt
|faint|p2a: Kingambit
|-end|p2a: Kingambit|fallen3|[silent]
|-damage|p1a: Greninja|47/100|[from] item: Life Orb
|
|upkeep
|
|t:|1779803587
|switch|p2a: Raging Bolt|Raging Bolt|100/100
|-damage|p2a: Raging Bolt|88/100|[from] Stealth Rock
|-enditem|p2a: Raging Bolt|Booster Energy
|-activate|p2a: Raging Bolt|ability: Protosynthesis|[fromitem]
|-start|p2a: Raging Bolt|protosynthesisspa
|turn|12
|
|t:|1779803591
|move|p1a: Greninja|Ice Beam|p2a: Raging Bolt
|-supereffective|p2a: Raging Bolt
|-crit|p2a: Raging Bolt
|-damage|p2a: Raging Bolt|0 fnt
|faint|p2a: Raging Bolt
|-end|p2a: Raging Bolt|Protosynthesis|[silent]
|-damage|p1a: Greninja|37/100|[from] item: Life Orb
|
|upkeep
|l|☆fregene97
|inactive|fregene97 disconnected and has a minute to reconnect!
|player|p2|
|inactive|fregene97 has 30 seconds to reconnect!
|inactive|fregene97 has 20 seconds to reconnect!
|inactive|fregene97 has 15 seconds to reconnect!
|inactive|fregene97 has 10 seconds to reconnect!
|inactive|fregene97 has 5 seconds to reconnect!
|-message|fregene97 lost due to inactivity.
|
|win|Boulesinus15
|raw|Boulesinus15's rating: 1337 &rarr; <strong>1359</strong><br />(+22 for winning)
|raw|fregene97's rating: 1380 &rarr; <strong>1358</strong><br />(-22 for losing)
|l|☆Boulesinus15
|player|p1|
