|j|☆Witherfan
|j|☆ashmer06
|t:|1779871786
|gametype|singles
|player|p1|Witherfan|falkner|1464
|player|p2|ashmer06|102|1482
|gen|9
|tier|[Gen 9] OU
|rated|
|rule|HP Percentage Mod: HP is shown in percentages
|rule|Endless Battle Clause: Forcing endless battles is banned
|rule|Species Clause: Limit one of each Pokémon
|rule|OHKO Clause: OHKO moves are banned
|rule|Evasion Items Clause: Evasion items are banned
|rule|Evasion Moves Clause: Evasion moves are banned
|rule|Evasion Abilities Clause: Evasion abilities are banned
|rule|Sleep Moves Clause: Sleep-inducing moves are banned
|clearpoke
|poke|p1|Weezing-Galar, M|
|poke|p1|Ogerpon, F|
|poke|p1|Skarmory, M|
|poke|p1|Alomomola, M|
|poke|p1|Clodsire, M|
|poke|p1|Hydreigon, M|
|poke|p2|Rillaboom, F|
|poke|p2|Conkeldurr, F|
|poke|p2|Iron Treads|
|poke|p2|Kingambit, F|
|poke|p2|Alomomola, M|
|poke|p2|Dragapult, F|
|teampreview
|
|t:|1779871809
|teamsize|p1|6
|teamsize|p2|6
|start
|switch|p1a: Weezing|Weezing-Galar, M, shiny|100/100
|switch|p2a: Conkeldurr|Conkeldurr, F|100/100
|-ability|p1a: Weezing|Neutralizing Gas
|turn|1
|
|t:|1779871822
|move|p2a: Conkeldurr|Knock Off|p1a: Weezing
|-resisted|p1a: Weezing
|-damage|p1a: Weezing|88/100
|-enditem|p1a: Weezing|Heavy-Duty Boots|[from] move: Knock Off|[of] p2a: Conkeldurr
|move|p1a: Weezing|Sludge Bomb|p2a: Conkeldurr
|-damage|p2a: Conkeldurr|66/100
|-status|p2a: Conkeldurr|psn
|
|-damage|p2a: Conkeldurr|54/100 psn|[from] psn
|upkeep
|turn|2
|
|t:|1779871836
|-end|p1a: Weezing|ability: Neutralizing Gas
|switch|p1a: Skarmory|Skarmory, M, shiny|100/100
|move|p2a: Conkeldurr|Facade|p1a: Skarmory
|-resisted|p1a: Skarmory
|-damage|p1a: Skarmory|75/100
|-damage|p2a: Conkeldurr|38/100 psn|[from] item: Rocky Helmet|[of] p1a: Skarmory
|
|-damage|p2a: Conkeldurr|25/100 psn|[from] psn
|upkeep
|turn|3
|
|t:|1779871848
|move|p1a: Skarmory|Body Press|p2a: Conkeldurr
|-damage|p2a: Conkeldurr|0 fnt
|faint|p2a: Conkeldurr
|
|upkeep
|
|t:|1779871854
|switch|p2a: Dragapult|Dragapult, F|100/100
|turn|4
|
|t:|1779871868
|switch|p1a: Alomomola|Alomomola, M, shiny|100/100
|move|p2a: Dragapult|Shadow Ball|p1a: Alomomola
|-damage|p1a: Alomomola|77/100
|
|upkeep
|turn|5
|
|t:|1779871875
|move|p2a: Dragapult|Shadow Ball|p1a: Alomomola
|-damage|p1a: Alomomola|51/100
|move|p1a: Alomomola|Flip Turn|p2a: Dragapult
|-resisted|p2a: Dragapult
|-damage|p2a: Dragapult|89/100
|inactive|Battle timer is ON: inactive players will automatically lose when time's up. (requested by ashmer06)
|
|t:|1779871906
|switch|p1a: Hydreigon|Hydreigon, M, shiny|100/100|[from] Flip Turn
|
|upkeep
|turn|6
|
|t:|1779871916
|switch|p2a: Iron Treads|Iron Treads|100/100
|move|p1a: Hydreigon|Earth Power|p2a: Iron Treads
|-supereffective|p2a: Iron Treads
|-damage|p2a: Iron Treads|10/100
|
|-heal|p2a: Iron Treads|16/100|[from] item: Leftovers
|upkeep
|turn|7
|
|t:|1779871923
|-end|p2a: Iron Treads|Quark Drive|[silent]
|switch|p2a: Kingambit|Kingambit, F|100/100
|-activate|p2a: Kingambit|ability: Supreme Overlord
|-start|p2a: Kingambit|fallen1|[silent]
|move|p1a: Hydreigon|Earth Power|p2a: Kingambit
|-supereffective|p2a: Kingambit
|-damage|p2a: Kingambit|4/100
|
|-heal|p2a: Kingambit|10/100|[from] item: Leftovers
|upkeep
|turn|8
|
|t:|1779871931
|move|p1a: Hydreigon|Earth Power|p2a: Kingambit
|-supereffective|p2a: Kingambit
|-damage|p2a: Kingambit|0 fnt
|faint|p2a: Kingambit
|-end|p2a: Kingambit|fallen1|[silent]
|
|upkeep
|
|t:|1779871935
|switch|p2a: Rillaboom|Rillaboom, F|100/100
|-fieldstart|move: Grassy Terrain|[from] ability: Grassy Surge|[of] p2a: Rillaboom
|turn|9
|-message|ashmer06 forfeited.
|
|win|Witherfan
|raw|Witherfan's rating: 1464 &rarr; <strong>1485</strong><br />(+21 for winning)
|raw|ashmer06's rating: 1482 &rarr; <strong>1461</strong><br />(-21 for losing)
|l|☆ashmer06
|player|p2|
|l|☆Witherfan
|player|p1|
