|j|☆2354jhdvk456
|j|☆ueoia
|t:|1779955075
|gametype|singles
|player|p1|2354jhdvk456|pokemonranger-gen4|1137
|player|p2|ueoia|winona|1162
|gen|9
|tier|[Gen 9] OU
|rated|
|rule|HP Percentage Mod: HP is shown in percentages
|rule|Endless Battle Clause: Forcing endless battles is banned
|rule|Species Clause: Limit one of each Pokémon
|rule|OHKO Clause: OHKO moves are banned
|rule|Evasion Items Clause: Evasion items are banned
|rule|Evasion Moves Clause: Evasion moves are banned
|rule|Evasion Abilities Clause: Evasion abilities are banned
|rule|Sleep Moves Clause: Sleep-inducing moves are banned
|clearpoke
|poke|p1|Walking Wake|
|poke|p1|Torkoal, F|
|poke|p1|Cresselia, F|
|poke|p1|Pelipper, M|
|poke|p1|Iron Hands|
|poke|p1|Kingambit, F|
|poke|p2|Great Tusk|
|poke|p2|Cinderace, M|
|poke|p2|Alomomola, M|
|poke|p2|Zapdos|
|poke|p2|Slowking-Galar, F|
|poke|p2|Iron Valiant|
|teampreview
|inactive|Battle timer is ON: inactive players will automatically lose when time's up. (requested by 2354jhdvk456)
|inactive|ueoia has 120 seconds left.
|
|t:|1779955116
|teamsize|p1|6
|teamsize|p2|6
|start
|switch|p1a: Pelipper|Pelipper, M|100/100
|switch|p2a: Zapdos|Zapdos|100/100
|-weather|RainDance|[from] ability: Drizzle|[of] p1a: Pelipper
|turn|1
|
|t:|1779955124
|-terastallize|p1a: Pelipper|Ground
|move|p2a: Zapdos|Discharge|p1a: Pelipper
|-immune|p1a: Pelipper
|move|p1a: Pelipper|Ice Beam|p2a: Zapdos
|-supereffective|p2a: Zapdos
|-damage|p2a: Zapdos|61/100
|-status|p2a: Zapdos|frz
|
|-weather|RainDance|[upkeep]
|upkeep
|turn|2
|
|t:|1779955141
|switch|p2a: Slowking|Slowking-Galar, F|100/100
|move|p1a: Pelipper|U-turn|p2a: Slowking
|-damage|p2a: Slowking|94/100
|
|t:|1779955152
|switch|p1a: Kingambit|Kingambit, F|100/100|[from] U-turn
|
|-weather|RainDance|[upkeep]
|upkeep
|turn|3
|
|t:|1779955158
|move|p1a: Kingambit|Kowtow Cleave|p2a: Slowking
|-supereffective|p2a: Slowking
|-damage|p2a: Slowking|32/100
|move|p2a: Slowking|Future Sight|p1a: Kingambit
|-start|p2a: Slowking|move: Future Sight
|
|-weather|RainDance|[upkeep]
|upkeep
|turn|4
|
|t:|1779955169
|switch|p2a: Cinderace|Cinderace, M|100/100
|move|p1a: Kingambit|Kowtow Cleave|p2a: Cinderace
|-damage|p2a: Cinderace|48/100
|
|-weather|RainDance|[upkeep]
|upkeep
|turn|5
|
|t:|1779955174
|move|p2a: Cinderace|Pyro Ball|p1a: Kingambit
|-supereffective|p1a: Kingambit
|-damage|p1a: Kingambit|62/100
|move|p1a: Kingambit|Metal Burst|p2a: Cinderace
|-damage|p2a: Cinderace|0 fnt
|faint|p2a: Cinderace
|
|-weather|none
|-end|p1a: Kingambit|move: Future Sight
|-immune|p1a: Kingambit
|upkeep
|
|t:|1779955185
|switch|p2a: Iron Valiant|Iron Valiant|100/100
|turn|6
|
|t:|1779955192
|move|p2a: Iron Valiant|Close Combat|p1a: Kingambit
|-supereffective|p1a: Kingambit
|-damage|p1a: Kingambit|0 fnt
|-unboost|p2a: Iron Valiant|def|1
|-unboost|p2a: Iron Valiant|spd|1
|faint|p1a: Kingambit
|-end|p1a: Kingambit|fallenundefined|[silent]
|
|upkeep
|
|t:|1779955202
|switch|p1a: 洗澡用的花洒外观款式|Cresselia, F|100/100
|turn|7
|
|t:|1779955210
|-end|p2a: Iron Valiant|Quark Drive|[silent]
|switch|p2a: Alomomola|Alomomola, M|100/100
|move|p1a: 洗澡用的花洒外观款式|Calm Mind|p1a: 洗澡用的花洒外观款式
|-boost|p1a: 洗澡用的花洒外观款式|spa|1
|-boost|p1a: 洗澡用的花洒外观款式|spd|1
|
|upkeep
|turn|8
|
|t:|1779955217
|move|p1a: 洗澡用的花洒外观款式|Thunder Wave|p2a: Alomomola
|-status|p2a: Alomomola|par
|move|p2a: Alomomola|Flip Turn|p1a: 洗澡用的花洒外观款式
|-damage|p1a: 洗澡用的花洒外观款式|89/100
|
|t:|1779955223
|switch|p2a: Iron Valiant|Iron Valiant|100/100|[from] Flip Turn
|
|-heal|p1a: 洗澡用的花洒外观款式|95/100|[from] item: Leftovers
|upkeep
|turn|9
|
|t:|1779955226
|move|p2a: Iron Valiant|Knock Off|p1a: 洗澡用的花洒外观款式
|-supereffective|p1a: 洗澡用的花洒外观款式
|-damage|p1a: 洗澡用的花洒外观款式|31/100
|-enditem|p1a: 洗澡用的花洒外观款式|Leftovers|[from] move: Knock Off|[of] p2a: Iron Valiant
|move|p1a: 洗澡用的花洒外观款式|Psychic|p2a: Iron Valiant
|-supereffective|p2a: Iron Valiant
|-damage|p2a: Iron Valiant|0 fnt
|faint|p2a: Iron Valiant
|-end|p2a: Iron Valiant|Quark Drive|[silent]
|
|upkeep
|
|t:|1779955234
|switch|p2a: Great Tusk|Great Tusk|100/100
|turn|10
|
|t:|1779955239
|move|p2a: Great Tusk|Knock Off|p1a: 洗澡用的花洒外观款式
|-supereffective|p1a: 洗澡用的花洒外观款式
|-damage|p1a: 洗澡用的花洒外观款式|0 fnt
|faint|p1a: 洗澡用的花洒外观款式
|
|upkeep
|
|t:|1779955246
|switch|p1a: Pelipper|Pelipper, M, tera:Ground|100/100
|-weather|RainDance|[from] ability: Drizzle|[of] p1a: Pelipper
|turn|11
|
|t:|1779955250
|move|p2a: Great Tusk|Knock Off|p1a: Pelipper
|-damage|p1a: Pelipper|67/100
|-enditem|p1a: Pelipper|Adrenaline Orb|[from] move: Knock Off|[of] p2a: Great Tusk
|move|p1a: Pelipper|Ice Beam|p2a: Great Tusk
|-supereffective|p2a: Great Tusk
|-crit|p2a: Great Tusk
|-damage|p2a: Great Tusk|12/100
|
|-weather|RainDance|[upkeep]
|upkeep
|turn|12
|
|t:|1779955259
|-end|p2a: Great Tusk|Protosynthesis|[silent]
|switch|p2a: Alomomola|Alomomola, M|100/100 par
|move|p1a: Pelipper|Hurricane|p2a: Alomomola
|-damage|p2a: Alomomola|83/100 par
|
|-weather|RainDance|[upkeep]
|upkeep
|turn|13
|
|t:|1779955268
|move|p1a: Pelipper|U-turn|p2a: Alomomola
|-damage|p2a: Alomomola|75/100 par
|
|t:|1779955271
|switch|p1a: 桑G尔夫|Iron Hands|100/100|[from] U-turn
|-enditem|p1a: 桑G尔夫|Booster Energy
|-activate|p1a: 桑G尔夫|ability: Quark Drive|[fromitem]
|-start|p1a: 桑G尔夫|quarkdriveatk
|cant|p2a: Alomomola|par
|
|-weather|RainDance|[upkeep]
|upkeep
|turn|14
|
|t:|1779955280
|switch|p2a: Slowking|Slowking-Galar, F|66/100
|move|p1a: 桑G尔夫|Swords Dance|p1a: 桑G尔夫
|-boost|p1a: 桑G尔夫|atk|2
|
|-weather|RainDance|[upkeep]
|upkeep
|turn|15
|
|t:|1779955289
|move|p1a: 桑G尔夫|Ice Punch|p2a: Slowking
|-damage|p2a: Slowking|10/100
|-status|p2a: Slowking|frz
|cant|p2a: Slowking|frz
|
|-weather|none
|upkeep
|turn|16
|-message|ueoia forfeited.
|
|win|2354jhdvk456
|raw|2354jhdvk456's rating: 1137 &rarr; <strong>1164</strong><br />(+27 for winning)
|raw|ueoia's rating: 1162 &rarr; <strong>1135</strong><br />(-27 for losing)
|l|☆ueoia
|player|p2|
|c|☆2354jhdvk456|Gg
