|j|☆Im jesus christ
|j|☆yaoibro445
|t:|1779948501
|gametype|singles
|player|p1|Im jesus christ|170|1322
|player|p2|yaoibro445|101|1317
|gen|9
|tier|[Gen 9] OU
|rated|
|rule|HP Percentage Mod: HP is shown in percentages
|rule|Endless Battle Clause: Forcing endless battles is banned
|rule|Species Clause: Limit one of each Pokémon
|rule|OHKO Clause: OHKO moves are banned
|rule|Evasion Items Clause: Evasion items are banned
|rule|Evasion Moves Clause: Evasion moves are banned
|rule|Evasion Abilities Clause: Evasion abilities are banned
|rule|Sleep Moves Clause: Sleep-inducing moves are banned
|clearpoke
|poke|p1|Hatterene, F|
|poke|p1|Slowking-Galar, M|
|poke|p1|Uxie|
|poke|p1|Ursaluna, F|
|poke|p1|Torkoal, F|
|poke|p1|Iron Hands|
|poke|p2|Great Tusk|
|poke|p2|Brute Bonnet|
|poke|p2|Hatterene, F|
|poke|p2|Walking Wake|
|poke|p2|Ceruledge, F|
|poke|p2|Torkoal, F|
|teampreview
|
|t:|1779948526
|teamsize|p1|6
|teamsize|p2|6
|start
|switch|p1a: Uxie|Uxie|100/100
|switch|p2a: Walking Wake|Walking Wake|100/100
|turn|1
|
|t:|1779948564
|move|p2a: Walking Wake|Dragon Pulse|p1a: Uxie
|-damage|p1a: Uxie|62/100
|move|p1a: Uxie|Stealth Rock|p2a: Walking Wake
|-sidestart|p2: yaoibro445|move: Stealth Rock
|
|upkeep
|turn|2
|inactive|Battle timer is ON: inactive players will automatically lose when time's up. (requested by Im jesus christ)
|
|t:|1779948577
|-end|p2a: Walking Wake|Protosynthesis|[silent]
|switch|p2a: Great Tusk|Great Tusk|100/100
|move|p1a: Uxie|Trick Room|p1a: Uxie
|-fieldstart|move: Trick Room|[of] p1a: Uxie
|
|upkeep
|turn|3
|
|t:|1779948581
|move|p1a: Uxie|Memento|p2a: Great Tusk
|-unboost|p2a: Great Tusk|atk|2
|-unboost|p2a: Great Tusk|spa|2
|faint|p1a: Uxie
|move|p2a: Great Tusk|Rapid Spin|p1: Uxie|[notarget]
|-fail|p2a: Great Tusk
|
|upkeep
|
|t:|1779948609
|switch|p1a: Iron Hands|Iron Hands|100/100
|-enditem|p1a: Iron Hands|Booster Energy
|-activate|p1a: Iron Hands|ability: Quark Drive|[fromitem]
|-start|p1a: Iron Hands|quarkdrivedef
|turn|4
|
|t:|1779948615
|-end|p2a: Great Tusk|Protosynthesis|[silent]
|switch|p2a: Torkoal|Torkoal, F|100/100
|-damage|p2a: Torkoal|76/100|[from] Stealth Rock
|-weather|SunnyDay|[from] ability: Drought|[of] p2a: Torkoal
|move|p1a: Iron Hands|Belly Drum|p1a: Iron Hands
|-damage|p1a: Iron Hands|51/100
|-setboost|p1a: Iron Hands|atk|6|[from] move: Belly Drum
|
|-weather|SunnyDay|[upkeep]
|upkeep
|turn|5
|
|t:|1779948625
|move|p2a: Torkoal|Flamethrower|p1a: Iron Hands
|-damage|p1a: Iron Hands|0 fnt
|faint|p1a: Iron Hands
|-end|p1a: Iron Hands|Quark Drive|[silent]
|
|-weather|SunnyDay|[upkeep]
|upkeep
|
|t:|1779948630
|switch|p1a: Ursaluna|Ursaluna, F|100/100
|turn|6
|
|t:|1779948640
|move|p2a: Torkoal|Flamethrower|p1a: Ursaluna
|-damage|p1a: Ursaluna|47/100
|move|p1a: Ursaluna|Headlong Rush|p2a: Torkoal
|-supereffective|p2a: Torkoal
|-damage|p2a: Torkoal|0 fnt
|-unboost|p1a: Ursaluna|def|1
|-unboost|p1a: Ursaluna|spd|1
|faint|p2a: Torkoal
|
|-weather|SunnyDay|[upkeep]
|-fieldend|move: Trick Room
|-status|p1a: Ursaluna|brn|[from] item: Flame Orb
|upkeep
|inactive|yaoibro445 has 120 seconds left.
|-message|Im jesus christ forfeited.
|
|win|yaoibro445
|raw|Im jesus christ's rating: 1322 &rarr; <strong>1302</strong><br />(-20 for losing)
|raw|yaoibro445's rating: 1317 &rarr; <strong>1337</strong><br />(+20 for winning)
|l|☆Im jesus christ
|player|p1|
|c|☆yaoibro445|gg
|l|☆yaoibro445
|player|p2|
