|j|☆Safari Guru
|j|☆Verbalseduction
|t:|1779880312
|gametype|singles
|player|p1|Safari Guru|bugsy|1470
|player|p2|Verbalseduction|101|1479
|gen|9
|tier|[Gen 9] OU
|rated|
|rule|HP Percentage Mod: HP is shown in percentages
|rule|Endless Battle Clause: Forcing endless battles is banned
|rule|Species Clause: Limit one of each Pokémon
|rule|OHKO Clause: OHKO moves are banned
|rule|Evasion Items Clause: Evasion items are banned
|rule|Evasion Moves Clause: Evasion moves are banned
|rule|Evasion Abilities Clause: Evasion abilities are banned
|rule|Sleep Moves Clause: Sleep-inducing moves are banned
|clearpoke
|poke|p1|Araquanid, F|
|poke|p1|Slowking-Galar, F|
|poke|p1|Kyurem|
|poke|p1|Alomomola, F|
|poke|p1|Moltres|
|poke|p1|Weezing-Galar, M|
|poke|p2|Regieleki|
|poke|p2|Ting-Lu|
|poke|p2|Kyurem|
|poke|p2|Kingambit, F|
|poke|p2|Garganacl, F|
|poke|p2|Moltres|
|teampreview
|inactive|Battle timer is ON: inactive players will automatically lose when time's up. (requested by Safari Guru)
|l|☆Verbalseduction
|inactive|Verbalseduction disconnected and has a minute to reconnect!
|player|p2|
|j|☆Verbalseduction
|inactive|Verbalseduction reconnected and has 140 seconds left.
|player|p2|Verbalseduction|101|
|
|t:|1779880327
|teamsize|p1|6
|teamsize|p2|6
|start
|switch|p1a: Araquanid|Araquanid, F|100/100
|switch|p2a: Regieleki|Regieleki|100/100
|turn|1
|
|t:|1779880336
|move|p2a: Regieleki|Volt Switch|p1a: Araquanid
|-supereffective|p1a: Araquanid
|-damage|p1a: Araquanid|32/100
|
|t:|1779880340
|switch|p2a: Ting-Lu|Ting-Lu|100/100|[from] Volt Switch
|-ability|p2a: Ting-Lu|Vessel of Ruin
|move|p1a: Araquanid|Surf|p2a: Ting-Lu
|-supereffective|p2a: Ting-Lu
|-damage|p2a: Ting-Lu|31/100
|-enditem|p2a: Ting-Lu|Weakness Policy
|-boost|p2a: Ting-Lu|atk|2|[from] item: Weakness Policy
|-boost|p2a: Ting-Lu|spa|2|[from] item: Weakness Policy
|
|upkeep
|turn|2
|
|t:|1779880349
|move|p2a: Ting-Lu|Stealth Rock|p1a: Araquanid
|-sidestart|p1: Safari Guru|move: Stealth Rock
|move|p1a: Araquanid|Surf|p2a: Ting-Lu
|-supereffective|p2a: Ting-Lu
|-damage|p2a: Ting-Lu|0 fnt
|faint|p2a: Ting-Lu
|
|upkeep
|
|t:|1779880352
|switch|p2a: Regieleki|Regieleki|100/100
|turn|3
|
|t:|1779880355
|move|p2a: Regieleki|Thunderbolt|p1a: Araquanid
|-supereffective|p1a: Araquanid
|-crit|p1a: Araquanid
|-damage|p1a: Araquanid|0 fnt
|faint|p1a: Araquanid
|
|upkeep
|
|t:|1779880359
|switch|p1a: Alomomola|Alomomola, F|100/100
|-damage|p1a: Alomomola|88/100|[from] Stealth Rock
|turn|4
|
|t:|1779880364
|move|p2a: Regieleki|Volt Switch|p1a: Alomomola
|-supereffective|p1a: Alomomola
|-damage|p1a: Alomomola|52/100
|
|t:|1779880367
|switch|p2a: Kingambit|Kingambit, F|100/100|[from] Volt Switch
|-activate|p2a: Kingambit|ability: Supreme Overlord
|-start|p2a: Kingambit|fallen1|[silent]
|move|p1a: Alomomola|Mirror Coat|p2a: Kingambit
|-immune|p2a: Kingambit
|
|upkeep
|turn|5
|
|t:|1779880379
|switch|p1a: Moltres|Moltres|100/100
|move|p2a: Kingambit|Swords Dance|p2a: Kingambit
|-boost|p2a: Kingambit|atk|2
|
|upkeep
|turn|6
|
|t:|1779880384
|-end|p2a: Kingambit|fallen1|[silent]
|switch|p2a: Garganacl|Garganacl, F|100/100
|move|p1a: Moltres|Flamethrower|p2a: Garganacl
|-resisted|p2a: Garganacl
|-damage|p2a: Garganacl|87/100
|
|upkeep
|turn|7
|
|t:|1779880388
|move|p1a: Moltres|U-turn|p2a: Garganacl
|-crit|p2a: Garganacl
|-damage|p2a: Garganacl|74/100
|
|t:|1779880390
|switch|p1a: Slowking|Slowking-Galar, F|100/100|[from] U-turn
|move|p2a: Garganacl|Salt Cure|p1a: Slowking
|-crit|p1a: Slowking
|-damage|p1a: Slowking|77/100
|-start|p1a: Slowking|Salt Cure
|
|-damage|p1a: Slowking|64/100|[from] Salt Cure
|upkeep
|turn|8
|
|t:|1779880400
|move|p2a: Garganacl|Curse|p2a: Garganacl
|-unboost|p2a: Garganacl|spe|1
|-boost|p2a: Garganacl|atk|1
|-boost|p2a: Garganacl|def|1
|-prepare|p1a: Slowking|Chilly Reception|[premajor]
|move|p1a: Slowking|Chilly Reception|p1a: Slowking
|-weather|Snowscape
|
|t:|1779880403
|switch|p1a: Weezing|Weezing-Galar, M|100/100|[from] Chilly Reception
|-ability|p1a: Weezing|Neutralizing Gas
|
|-weather|Snowscape|[upkeep]
|upkeep
|turn|9
|
|t:|1779880412
|move|p1a: Weezing|Will-O-Wisp|p2a: Garganacl|[miss]
|-miss|p1a: Weezing|p2a: Garganacl
|move|p2a: Garganacl|Salt Cure|p1a: Weezing
|-damage|p1a: Weezing|87/100
|-start|p1a: Weezing|Salt Cure
|
|-weather|Snowscape|[upkeep]
|-damage|p1a: Weezing|74/100|[from] Salt Cure
|upkeep
|turn|10
|
|t:|1779880417
|switch|p2a: Moltres|Moltres|100/100
|move|p1a: Weezing|Will-O-Wisp|p2a: Moltres
|-immune|p2a: Moltres
|
|-weather|Snowscape|[upkeep]
|-damage|p1a: Weezing|62/100|[from] Salt Cure
|upkeep
|turn|11
|
|t:|1779880423
|move|p2a: Moltres|U-turn|p1a: Weezing
|-resisted|p1a: Weezing
|-damage|p1a: Weezing|60/100
|
|t:|1779880427
|switch|p2a: Regieleki|Regieleki|100/100|[from] U-turn
|move|p1a: Weezing|Defog|p2a: Regieleki
|-unboost|p2a: Regieleki|evasion|1
|-sideend|p1: Safari Guru|Stealth Rock|[from] move: Defog|[of] p1a: Weezing
|
|-weather|Snowscape|[upkeep]
|-damage|p1a: Weezing|48/100|[from] Salt Cure
|upkeep
|turn|12
|
|t:|1779880433
|-end|p1a: Weezing|ability: Neutralizing Gas
|switch|p1a: Slowking|Slowking-Galar, F|98/100
|move|p2a: Regieleki|Volt Switch|p1a: Slowking
|-damage|p1a: Slowking|74/100
|
|t:|1779880439
|switch|p2a: Kyurem|Kyurem|100/100|[from] Volt Switch
|-ability|p2a: Kyurem|Pressure
|
|-weather|none
|upkeep
|turn|13
|
|t:|1779880442
|move|p2a: Kyurem|Substitute|p2a: Kyurem
|-start|p2a: Kyurem|Substitute
|-damage|p2a: Kyurem|76/100
|move|p1a: Slowking|Thunder Wave||[still]
|-fail|p1a: Slowking
|
|upkeep
|turn|14
|
|t:|1779880448
|move|p2a: Kyurem|Earth Power|p1a: Slowking
|-supereffective|p1a: Slowking
|-damage|p1a: Slowking|37/100
|move|p1a: Slowking|Future Sight|p2a: Kyurem
|-start|p1a: Slowking|move: Future Sight
|
|upkeep
|turn|15
|
|t:|1779880465
|switch|p1a: Alomomola|Alomomola, F|86/100
|move|p2a: Kyurem|Ice Beam|p1a: Alomomola
|-resisted|p1a: Alomomola
|-damage|p1a: Alomomola|74/100
|
|upkeep
|turn|16
|
|t:|1779880472
|move|p2a: Kyurem|Freeze-Dry|p1a: Alomomola
|-supereffective|p1a: Alomomola
|-damage|p1a: Alomomola|40/100
|move|p1a: Alomomola|Play Rough|p2a: Kyurem
|-supereffective|p2a: Kyurem
|-end|p2a: Kyurem|Substitute
|
|-end|p2a: Kyurem|move: Future Sight
|-damage|p2a: Kyurem|37/100
|upkeep
|turn|17
|
|t:|1779880490
|switch|p2a: Regieleki|Regieleki|100/100
|move|p1a: Alomomola|Play Rough|p2a: Regieleki
|-crit|p2a: Regieleki
|-damage|p2a: Regieleki|54/100
|
|upkeep
|turn|18
|
|t:|1779880497
|switch|p1a: Slowking|Slowking-Galar, F|70/100
|move|p2a: Regieleki|Volt Switch|p1a: Slowking
|-damage|p1a: Slowking|49/100
|
|t:|1779880504
|switch|p2a: Kyurem|Kyurem|37/100|[from] Volt Switch
|-ability|p2a: Kyurem|Pressure
|
|upkeep
|turn|19
|
|t:|1779880508
|move|p2a: Kyurem|Freeze-Dry|p1a: Slowking
|-damage|p1a: Slowking|28/100
|move|p1a: Slowking|Future Sight|p2a: Kyurem
|-start|p1a: Slowking|move: Future Sight
|
|upkeep
|turn|20
|
|t:|1779880516
|switch|p1a: Alomomola|Alomomola, F|74/100
|move|p2a: Kyurem|Freeze-Dry|p1a: Alomomola
|-supereffective|p1a: Alomomola
|-damage|p1a: Alomomola|36/100
|
|upkeep
|turn|21
|
|t:|1779880528
|switch|p2a: Kingambit|Kingambit, F|100/100
|-activate|p2a: Kingambit|ability: Supreme Overlord
|-start|p2a: Kingambit|fallen1|[silent]
|move|p1a: Alomomola|Flip Turn|p2a: Kingambit
|-damage|p2a: Kingambit|88/100
|
|t:|1779880533
|switch|p1a: Moltres|Moltres|100/100|[from] Flip Turn
|
|-end|p2a: Kingambit|move: Future Sight
|-immune|p2a: Kingambit
|upkeep
|turn|22
|
|t:|1779880536
|-end|p2a: Kingambit|fallen1|[silent]
|switch|p2a: Moltres|Moltres|100/100
|move|p1a: Moltres|U-turn|p2a: Moltres
|-resisted|p2a: Moltres
|-damage|p2a: Moltres|98/100
|
|t:|1779880542
|switch|p1a: Slowking|Slowking-Galar, F|61/100|[from] U-turn
|
|upkeep
|turn|23
|
|t:|1779880547
|move|p2a: Moltres|U-turn|p1a: Slowking
|-damage|p1a: Slowking|46/100
|
|t:|1779880549
|switch|p2a: Garganacl|Garganacl, F|74/100|[from] U-turn
|move|p1a: Slowking|Future Sight|p2a: Garganacl
|-start|p1a: Slowking|move: Future Sight
|
|upkeep
|turn|24
|
|t:|1779880553
|move|p2a: Garganacl|Salt Cure|p1a: Slowking
|-damage|p1a: Slowking|32/100
|-start|p1a: Slowking|Salt Cure
|-prepare|p1a: Slowking|Chilly Reception|[premajor]
|move|p1a: Slowking|Chilly Reception|p1a: Slowking
|-weather|Snowscape
|
|t:|1779880555
|switch|p1a: Kyurem|Kyurem, shiny|100/100|[from] Chilly Reception
|-ability|p1a: Kyurem|Pressure
|
|-weather|Snowscape|[upkeep]
|upkeep
|turn|25
|
|t:|1779880562
|move|p1a: Kyurem|Substitute|p1a: Kyurem
|-start|p1a: Kyurem|Substitute
|-damage|p1a: Kyurem|75/100
|move|p2a: Garganacl|Salt Cure|p1a: Kyurem
|-supereffective|p1a: Kyurem
|-activate|p1a: Kyurem|move: Substitute|[damage]
|
|-weather|Snowscape|[upkeep]
|-end|p2a: Garganacl|move: Future Sight
|-damage|p2a: Garganacl|44/100
|-heal|p1a: Kyurem|82/100|[from] item: Leftovers
|upkeep
|turn|26
|
|t:|1779880567
|move|p1a: Kyurem|Dragon Dance|p1a: Kyurem
|-boost|p1a: Kyurem|atk|1
|-boost|p1a: Kyurem|spe|1
|move|p2a: Garganacl|Salt Cure|p1a: Kyurem
|-supereffective|p1a: Kyurem
|-end|p1a: Kyurem|Substitute
|
|-weather|Snowscape|[upkeep]
|-heal|p1a: Kyurem|88/100|[from] item: Leftovers
|upkeep
|turn|27
|
|t:|1779880570
|switch|p2a: Moltres|Moltres|98/100
|move|p1a: Kyurem|Substitute|p1a: Kyurem
|-start|p1a: Kyurem|Substitute
|-damage|p1a: Kyurem|63/100
|
|-weather|Snowscape|[upkeep]
|-heal|p1a: Kyurem|69/100|[from] item: Leftovers
|upkeep
|turn|28
|
|t:|1779880578
|-terastallize|p1a: Kyurem|Ice
|move|p1a: Kyurem|Icicle Spear|p2a: Moltres
|-damage|p2a: Moltres|79/100
|-damage|p2a: Moltres|60/100
|-damage|p2a: Moltres|41/100
|-hitcount|p2a: Moltres|3
|move|p2a: Moltres|Flamethrower|p1a: Kyurem
|-supereffective|p1a: Kyurem
|-end|p1a: Kyurem|Substitute
|
|-weather|none
|-heal|p1a: Kyurem|75/100|[from] item: Leftovers
|upkeep
|turn|29
|-message|Verbalseduction forfeited.
|
|win|Safari Guru
|raw|Safari Guru's rating: 1470 &rarr; <strong>1491</strong><br />(+21 for winning)
|raw|Verbalseduction's rating: 1479 &rarr; <strong>1458</strong><br />(-21 for losing)
|l|☆Verbalseduction
|player|p2|
|l|☆Safari Guru
|player|p1|
