|j|‽CHixxxxx122
|j|☆Prickie
|t:|1779923409
|gametype|singles
|player|p1|CHixxxxx122|265|1123
|player|p2|Prickie|fisherman-gen4|1146
|gen|9
|tier|[Gen 9] OU
|rated|
|rule|HP Percentage Mod: HP is shown in percentages
|rule|Endless Battle Clause: Forcing endless battles is banned
|rule|Species Clause: Limit one of each Pokémon
|rule|OHKO Clause: OHKO moves are banned
|rule|Evasion Items Clause: Evasion items are banned
|rule|Evasion Moves Clause: Evasion moves are banned
|rule|Evasion Abilities Clause: Evasion abilities are banned
|rule|Sleep Moves Clause: Sleep-inducing moves are banned
|clearpoke
|poke|p1|Skuntank, F|
|poke|p1|Porygon2|
|poke|p1|Mamoswine, M|
|poke|p1|Staraptor, M|
|poke|p1|Lilligant-Hisui, F|
|poke|p1|Milotic, F|
|poke|p2|Rotom-Wash|
|poke|p2|Zapdos|
|poke|p2|Gholdengo|
|poke|p2|Tyranitar, F|
|poke|p2|Ogerpon-Wellspring, F|
|poke|p2|Iron Treads|
|teampreview
|
|t:|1779923411
|teamsize|p1|6
|teamsize|p2|6
|start
|switch|p1a: Mamoswine|Mamoswine, M|100/100
|switch|p2a: Lead|Rotom-Wash|100/100
|turn|1
|
|t:|1779923417
|switch|p1a: Porygon2|Porygon2|100/100
|-ability|p1a: Porygon2|Levitate|Trace|[from] ability: Trace|[of] p2a: Lead
|move|p2a: Lead|Rain Dance|p2a: Lead
|-weather|RainDance
|
|-weather|RainDance|[upkeep]
|upkeep
|turn|2
|
|t:|1779923425
|move|p2a: Lead|Nasty Plot|p2a: Lead
|-boost|p2a: Lead|spa|2
|move|p1a: Porygon2|Tri Attack|p2a: Lead
|-damage|p2a: Lead|58/100
|-status|p2a: Lead|frz
|
|-weather|RainDance|[upkeep]
|upkeep
|turn|3
|
|t:|1779923435
|switch|p2a: Sweeper|Zapdos, shiny|100/100
|move|p1a: Porygon2|Charge Beam|p2a: Sweeper
|-damage|p2a: Sweeper|84/100
|-boost|p1a: Porygon2|spa|1
|
|-weather|RainDance|[upkeep]
|upkeep
|turn|4
|
|t:|1779923444
|move|p2a: Sweeper|Hurricane|p1a: Porygon2
|-damage|p1a: Porygon2|44/100
|-start|p1a: Porygon2|confusion
|-activate|p1a: Porygon2|confusion
|move|p1a: Porygon2|Charge Beam|p2a: Sweeper
|-damage|p2a: Sweeper|60/100
|-boost|p1a: Porygon2|spa|1
|
|-weather|RainDance|[upkeep]
|upkeep
|turn|5
|
|t:|1779923452
|-terastallize|p1a: Porygon2|Electric
|move|p2a: Sweeper|Hurricane|p1a: Porygon2
|-resisted|p1a: Porygon2
|-damage|p1a: Porygon2|18/100
|-activate|p1a: Porygon2|confusion
|move|p1a: Porygon2|Recover|p1a: Porygon2
|-heal|p1a: Porygon2|68/100
|
|-weather|RainDance|[upkeep]
|upkeep
|turn|6
|
|t:|1779923463
|-terastallize|p2a: Sweeper|Fairy
|move|p2a: Sweeper|Hurricane|p1a: Porygon2
|-resisted|p1a: Porygon2
|-damage|p1a: Porygon2|41/100
|-activate|p1a: Porygon2|confusion
|move|p1a: Porygon2|Recover|p1a: Porygon2
|-heal|p1a: Porygon2|91/100
|
|-weather|RainDance|[upkeep]
|upkeep
|turn|7
|
|t:|1779923478
|move|p2a: Sweeper|Hurricane|p1a: Porygon2
|-resisted|p1a: Porygon2
|-damage|p1a: Porygon2|61/100
|-end|p1a: Porygon2|confusion
|move|p1a: Porygon2|Tri Attack|p2a: Sweeper
|-damage|p2a: Sweeper|0 fnt
|faint|p2a: Sweeper
|
|-weather|RainDance|[upkeep]
|upkeep
|
|t:|1779923487
|switch|p2a: Also Sweeper|Tyranitar, F|100/100
|-weather|Sandstorm|[from] ability: Sand Stream|[of] p2a: Also Sweeper
|turn|8
|
|t:|1779923492
|move|p2a: Also Sweeper|Knock Off|p1a: Porygon2
|-damage|p1a: Porygon2|13/100
|-enditem|p1a: Porygon2|Eviolite|[from] move: Knock Off|[of] p2a: Also Sweeper
|move|p1a: Porygon2|Ice Beam|p2a: Also Sweeper
|-damage|p2a: Also Sweeper|67/100
|
|-weather|Sandstorm|[upkeep]
|-damage|p1a: Porygon2|7/100|[from] Sandstorm
|upkeep
|turn|9
|
|t:|1779923500
|move|p2a: Also Sweeper|Knock Off|p1a: Porygon2
|-damage|p1a: Porygon2|0 fnt
|faint|p1a: Porygon2
|
|-weather|Sandstorm|[upkeep]
|upkeep
|
|t:|1779923503
|switch|p1a: Staraptor|Staraptor, M|100/100
|turn|10
|
|t:|1779923506
|move|p1a: Staraptor|Close Combat|p2a: Also Sweeper
|-supereffective|p2a: Also Sweeper
|-crit|p2a: Also Sweeper
|-damage|p2a: Also Sweeper|0 fnt
|-unboost|p1a: Staraptor|def|1
|-unboost|p1a: Staraptor|spd|1
|faint|p2a: Also Sweeper
|
|-weather|Sandstorm|[upkeep]
|-damage|p1a: Staraptor|94/100|[from] Sandstorm
|upkeep
|
|t:|1779923515
|switch|p2a: Final Sweeper|Ogerpon-Wellspring, F|100/100
|turn|11
|
|t:|1779923520
|move|p2a: Final Sweeper|Spiky Shield|p2a: Final Sweeper
|-singleturn|p2a: Final Sweeper|move: Protect
|move|p1a: Staraptor|Brave Bird|p2a: Final Sweeper
|-activate|p2a: Final Sweeper|move: Protect
|-damage|p1a: Staraptor|82/100|[from] Spiky Shield|[of] p2a: Final Sweeper
|
|-weather|Sandstorm|[upkeep]
|-damage|p2a: Final Sweeper|95/100|[from] Sandstorm
|-damage|p1a: Staraptor|76/100|[from] Sandstorm
|upkeep
|turn|12
|
|t:|1779923528
|switch|p2a: Another Sweeper|Gholdengo|100/100
|move|p1a: Staraptor|Brave Bird|p2a: Another Sweeper
|-resisted|p2a: Another Sweeper
|-damage|p2a: Another Sweeper|59/100
|-damage|p1a: Staraptor|62/100|[from] Recoil
|
|-weather|none
|upkeep
|turn|13
|
|t:|1779923540
|switch|p1a: Milotic|Milotic, F|100/100
|move|p2a: Another Sweeper|Make It Rain|p1a: Milotic
|-resisted|p1a: Milotic
|-damage|p1a: Milotic|75/100
|-unboost|p2a: Another Sweeper|spa|1
|
|-heal|p1a: Milotic|81/100|[from] item: Leftovers
|upkeep
|turn|14
|
|t:|1779923549
|switch|p2a: Support|Iron Treads|100/100
|-enditem|p2a: Support|Booster Energy
|-activate|p2a: Support|ability: Quark Drive|[fromitem]
|-start|p2a: Support|quarkdrivespe
|move|p1a: Milotic|Mirror Coat||[still]
|-fail|p1a: Milotic
|
|-heal|p1a: Milotic|88/100|[from] item: Leftovers
|upkeep
|turn|15
|
|t:|1779923560
|move|p2a: Support|Knock Off|p1a: Milotic
|-damage|p1a: Milotic|64/100
|-enditem|p1a: Milotic|Leftovers|[from] move: Knock Off|[of] p2a: Support
|move|p1a: Milotic|Scald|p2a: Support
|-supereffective|p2a: Support
|-damage|p2a: Support|30/100
|
|upkeep
|turn|16
|
|t:|1779923568
|move|p2a: Support|Knock Off|p1a: Milotic
|-damage|p1a: Milotic|49/100
|move|p1a: Milotic|Ice Beam|p2a: Support
|-damage|p2a: Support|2/100
|
|upkeep
|turn|17
|
|t:|1779923573
|move|p2a: Support|Knock Off|p1a: Milotic
|-damage|p1a: Milotic|35/100
|move|p1a: Milotic|Ice Beam|p2a: Support
|-damage|p2a: Support|0 fnt
|faint|p2a: Support
|-end|p2a: Support|Quark Drive|[silent]
|
|upkeep
|
|t:|1779923580
|switch|p2a: Final Sweeper|Ogerpon-Wellspring, F|95/100
|turn|18
|
|t:|1779923584
|move|p2a: Final Sweeper|Spiky Shield|p2a: Final Sweeper
|-singleturn|p2a: Final Sweeper|move: Protect
|move|p1a: Milotic|Ice Beam|p2a: Final Sweeper
|-activate|p2a: Final Sweeper|move: Protect
|
|upkeep
|turn|19
|
|t:|1779923589
|move|p2a: Final Sweeper|Horn Leech|p1a: Milotic
|-supereffective|p1a: Milotic
|-damage|p1a: Milotic|0 fnt
|-heal|p2a: Final Sweeper|100/100|[from] drain|[of] p1a: Milotic
|faint|p1a: Milotic
|
|upkeep
|
|t:|1779923595
|switch|p1a: Skuntank|Skuntank, F|100/100
|turn|20
|
|t:|1779923601
|move|p1a: Skuntank|Sucker Punch|p2a: Final Sweeper
|-damage|p2a: Final Sweeper|49/100
|-damage|p1a: Skuntank|91/100|[from] item: Life Orb
|move|p2a: Final Sweeper|Ivy Cudgel|p1a: Skuntank|[anim] Ivy Cudgel Water
|-damage|p1a: Skuntank|10/100
|
|upkeep
|turn|21
|
|t:|1779923608
|move|p2a: Final Sweeper|Spiky Shield|p2a: Final Sweeper
|-singleturn|p2a: Final Sweeper|move: Protect
|move|p1a: Skuntank|Sucker Punch||[still]
|-fail|p1a: Skuntank
|
|upkeep
|turn|22
|
|t:|1779923616
|switch|p2a: Lead|Rotom-Wash|58/100 frz
|move|p1a: Skuntank|Sucker Punch||[still]
|-fail|p1a: Skuntank
|
|upkeep
|turn|23
|
|t:|1779923620
|cant|p2a: Lead|frz
|move|p1a: Skuntank|Knock Off|p2a: Lead
|-damage|p2a: Lead|0 fnt
|-enditem|p2a: Lead|Damp Rock|[from] move: Knock Off|[of] p1a: Skuntank
|faint|p2a: Lead
|-damage|p1a: Skuntank|0 fnt|[from] item: Life Orb
|faint|p1a: Skuntank
|
|upkeep
|
|t:|1779923629
|switch|p2a: Final Sweeper|Ogerpon-Wellspring, F|49/100
|switch|p1a: Mamoswine|Mamoswine, M|100/100
|turn|24
|
|t:|1779923633
|move|p1a: Mamoswine|Ice Shard|p2a: Final Sweeper
|-damage|p2a: Final Sweeper|24/100
|move|p2a: Final Sweeper|Horn Leech|p1a: Mamoswine
|-supereffective|p1a: Mamoswine
|-damage|p1a: Mamoswine|7/100
|-heal|p2a: Final Sweeper|79/100|[from] drain|[of] p1a: Mamoswine
|-damage|p2a: Final Sweeper|63/100|[from] item: Rocky Helmet|[of] p1a: Mamoswine
|
|upkeep
|turn|25
|
|t:|1779923641
|move|p1a: Mamoswine|Ice Shard|p2a: Final Sweeper
|-damage|p2a: Final Sweeper|35/100
|move|p2a: Final Sweeper|Horn Leech|p1a: Mamoswine
|-supereffective|p1a: Mamoswine
|-damage|p1a: Mamoswine|0 fnt
|-heal|p2a: Final Sweeper|39/100|[from] drain|[of] p1a: Mamoswine
|-damage|p2a: Final Sweeper|22/100|[from] item: Rocky Helmet|[of] p1a: Mamoswine
|faint|p1a: Mamoswine
|
|upkeep
|
|t:|1779923644
|switch|p1a: Lilligant|Lilligant-Hisui, F|100/100
|turn|26
|
|t:|1779923653
|move|p2a: Final Sweeper|Spiky Shield|p2a: Final Sweeper
|-singleturn|p2a: Final Sweeper|move: Protect
|move|p1a: Lilligant|Leaf Blade|p2a: Final Sweeper
|-activate|p2a: Final Sweeper|move: Protect
|-damage|p1a: Lilligant|88/100|[from] Spiky Shield|[of] p2a: Final Sweeper
|
|upkeep
|turn|27
|
|t:|1779923660
|move|p1a: Lilligant|Leaf Blade|p2a: Final Sweeper
|-crit|p2a: Final Sweeper
|-damage|p2a: Final Sweeper|0 fnt
|faint|p2a: Final Sweeper
|
|upkeep
|
|t:|1779923664
|switch|p2a: Another Sweeper|Gholdengo|59/100
|turn|28
|
|t:|1779923669
|move|p1a: Lilligant|Leaf Blade|p2a: Another Sweeper
|-resisted|p2a: Another Sweeper
|-damage|p2a: Another Sweeper|35/100
|move|p2a: Another Sweeper|Nasty Plot|p2a: Another Sweeper
|-boost|p2a: Another Sweeper|spa|2
|
|upkeep
|turn|29
|
|t:|1779923676
|move|p1a: Lilligant|Leaf Blade|p2a: Another Sweeper
|-resisted|p2a: Another Sweeper
|-damage|p2a: Another Sweeper|10/100
|move|p2a: Another Sweeper|Shadow Ball|p1a: Lilligant
|-damage|p1a: Lilligant|0 fnt
|faint|p1a: Lilligant
|
|upkeep
|
|t:|1779923678
|switch|p1a: Staraptor|Staraptor, M|62/100
|turn|30
|
|t:|1779923686
|move|p1a: Staraptor|Brave Bird|p2a: Another Sweeper
|-resisted|p2a: Another Sweeper
|-damage|p2a: Another Sweeper|0 fnt
|faint|p2a: Another Sweeper
|-damage|p1a: Staraptor|59/100|[from] Recoil
|
|win|CHixxxxx122
|raw|CHixxxxx122's rating: 1123 &rarr; <strong>1150</strong><br />(+27 for winning)
|raw|Prickie's rating: 1146 &rarr; <strong>1119</strong><br />(-27 for losing)
|l|‽CHixxxxx122
|player|p1|
|l|☆Prickie
|player|p2|
