|j|☆clovercif
|j|☆haricane
|t:|1779957936
|gametype|singles
|player|p1|clovercif|lass-gen4dp|1155
|player|p2|haricane|hilbert|1218
|gen|9
|tier|[Gen 9] OU
|rated|
|rule|HP Percentage Mod: HP is shown in percentages
|rule|Endless Battle Clause: Forcing endless battles is banned
|rule|Species Clause: Limit one of each Pokémon
|rule|OHKO Clause: OHKO moves are banned
|rule|Evasion Items Clause: Evasion items are banned
|rule|Evasion Moves Clause: Evasion moves are banned
|rule|Evasion Abilities Clause: Evasion abilities are banned
|rule|Sleep Moves Clause: Sleep-inducing moves are banned
|clearpoke
|poke|p1|Moltres|
|poke|p1|Weavile, F|
|poke|p1|Garchomp, F|
|poke|p1|Dragapult, F|
|poke|p1|Primarina, F|
|poke|p1|Ogerpon, F|
|poke|p2|Iron Thorns|
|poke|p2|Dragapult, M|
|poke|p2|Latias, F|
|poke|p2|Pawmot, M|
|poke|p2|Noivern, M|
|poke|p2|Armarouge, M|
|teampreview
|inactive|Battle timer is ON: inactive players will automatically lose when time's up. (requested by clovercif)
|
|t:|1779957949
|teamsize|p1|6
|teamsize|p2|6
|start
|switch|p1a: 抓撓的蜥蜴|Garchomp, F|100/100
|switch|p2a: Iron Thorns|Iron Thorns, shiny|100/100
|-enditem|p2a: Iron Thorns|Booster Energy
|-activate|p2a: Iron Thorns|ability: Quark Drive|[fromitem]
|-start|p2a: Iron Thorns|quarkdriveatk
|turn|1
|
|t:|1779957969
|-terastallize|p2a: Iron Thorns|Flying
|move|p2a: Iron Thorns|Dragon Dance|p2a: Iron Thorns
|-boost|p2a: Iron Thorns|atk|1
|-boost|p2a: Iron Thorns|spe|1
|move|p1a: 抓撓的蜥蜴|Dragon Tail|p2a: Iron Thorns
|-damage|p2a: Iron Thorns|78/100
|-end|p2a: Iron Thorns|Quark Drive|[silent]
|drag|p2a: Pawmot|Pawmot, M, shiny|100/100
|
|upkeep
|turn|2
|
|t:|1779957979
|move|p2a: Pawmot|Ice Punch|p1a: 抓撓的蜥蜴
|-supereffective|p1a: 抓撓的蜥蜴
|-damage|p1a: 抓撓的蜥蜴|23/100
|-damage|p2a: Pawmot|88/100|[from] ability: Rough Skin|[of] p1a: 抓撓的蜥蜴
|-damage|p2a: Pawmot|72/100|[from] item: Rocky Helmet|[of] p1a: 抓撓的蜥蜴
|move|p1a: 抓撓的蜥蜴|Stealth Rock|p2a: Pawmot
|-sidestart|p2: haricane|move: Stealth Rock
|
|upkeep
|turn|3
|
|t:|1779957989
|switch|p1a: 印章 :3|Primarina, F|100/100
|move|p2a: Pawmot|Ice Punch|p1a: 印章 :3
|-resisted|p1a: 印章 :3
|-damage|p1a: 印章 :3|81/100
|
|upkeep
|turn|4
|
|t:|1779958006
|switch|p1a: 酷葉女人|Ogerpon, F|100/100
|move|p2a: Pawmot|Thunder Punch|p1a: 酷葉女人
|-resisted|p1a: 酷葉女人
|-damage|p1a: 酷葉女人|74/100
|
|upkeep
|turn|5
|inactive|haricane has 120 seconds left.
|
|t:|1779958040
|switch|p2a: Noivern|Noivern, M|100/100
|-damage|p2a: Noivern|76/100|[from] Stealth Rock
|-item|p1a: 酷葉女人|Heavy-Duty Boots|[from] ability: Frisk|[of] p2a: Noivern
|move|p1a: 酷葉女人|Ivy Cudgel|p2a: Noivern
|-resisted|p2a: Noivern
|-damage|p2a: Noivern|62/100
|
|upkeep
|turn|6
|
|t:|1779958059
|switch|p1a: 印章 :3|Primarina, F|81/100
|move|p2a: Noivern|Switcheroo|p1a: 印章 :3
|-activate|p2a: Noivern|move: Trick|[of] p1a: 印章 :3
|-item|p1a: 印章 :3|Choice Specs|[from] move: Switcheroo
|-item|p2a: Noivern|Assault Vest|[from] move: Switcheroo
|
|upkeep
|turn|7
|inactive|haricane has 120 seconds left.
|
|t:|1779958078
|move|p2a: Noivern|Psychic|p1a: 印章 :3
|-damage|p1a: 印章 :3|65/100
|move|p1a: 印章 :3|Moonblast|p2a: Noivern
|-supereffective|p2a: Noivern
|-damage|p2a: Noivern|0 fnt
|faint|p2a: Noivern
|
|upkeep
|inactive|haricane has 120 seconds left.
|
|t:|1779958088
|switch|p2a: Iron Thorns|Iron Thorns, shiny, tera:Flying|78/100
|-damage|p2a: Iron Thorns|53/100|[from] Stealth Rock
|turn|8
|
|t:|1779958104
|switch|p1a: 酷葉女人|Ogerpon, F|74/100
|move|p2a: Iron Thorns|Dragon Dance|p2a: Iron Thorns
|-boost|p2a: Iron Thorns|atk|1
|-boost|p2a: Iron Thorns|spe|1
|
|upkeep
|turn|9
|
|t:|1779958116
|-terastallize|p1a: 酷葉女人|Grass
|detailschange|p1a: 酷葉女人|Ogerpon-Teal-Tera, F, tera:Grass
|-ability|p1a: 酷葉女人|Embody Aspect (Teal)|boost
|-boost|p1a: 酷葉女人|spe|1
|move|p1a: 酷葉女人|Knock Off|p2a: Iron Thorns
|-damage|p2a: Iron Thorns|33/100
|move|p2a: Iron Thorns|Ice Punch|p1a: 酷葉女人
|-supereffective|p1a: 酷葉女人
|-damage|p1a: 酷葉女人|0 fnt
|faint|p1a: 酷葉女人
|detailschange|p1: 酷葉女人|Ogerpon, F|[silent]
|
|upkeep
|
|t:|1779958126
|switch|p1a: 三角形|Dragapult, F|100/100
|turn|10
|
|t:|1779958135
|move|p1a: 三角形|Draco Meteor|p2a: Iron Thorns
|-damage|p2a: Iron Thorns|0 fnt
|-unboost|p1a: 三角形|spa|2
|faint|p2a: Iron Thorns
|-end|p2a: Iron Thorns|Quark Drive|[silent]
|
|upkeep
|
|t:|1779958146
|switch|p2a: Latias|Latias, F|100/100
|-damage|p2a: Latias|88/100|[from] Stealth Rock
|turn|11
|
|t:|1779958155
|move|p1a: 三角形|U-turn|p2a: Latias
|-supereffective|p2a: Latias
|-damage|p2a: Latias|44/100
|-enditem|p2a: Latias|Weakness Policy
|-boost|p2a: Latias|atk|2|[from] item: Weakness Policy
|-boost|p2a: Latias|spa|2|[from] item: Weakness Policy
|
|t:|1779958160
|switch|p1a: 著火的鳥|Moltres|100/100|[from] U-turn
|move|p2a: Latias|Agility|p2a: Latias
|-boost|p2a: Latias|spe|2
|
|upkeep
|turn|12
|
|t:|1779958170
|move|p2a: Latias|Stored Power|p1a: 著火的鳥
|-damage|p1a: 著火的鳥|0 fnt
|faint|p1a: 著火的鳥
|
|upkeep
|
|t:|1779958174
|switch|p1a: 抓撓的蜥蜴|Garchomp, F|23/100
|turn|13
|
|t:|1779958179
|move|p2a: Latias|Draining Kiss|p1a: 抓撓的蜥蜴
|-supereffective|p1a: 抓撓的蜥蜴
|-damage|p1a: 抓撓的蜥蜴|0 fnt
|-heal|p2a: Latias|68/100|[from] drain|[of] p1a: 抓撓的蜥蜴
|-damage|p2a: Latias|55/100|[from] ability: Rough Skin|[of] p1a: 抓撓的蜥蜴
|-damage|p2a: Latias|39/100|[from] item: Rocky Helmet|[of] p1a: 抓撓的蜥蜴
|faint|p1a: 抓撓的蜥蜴
|
|upkeep
|
|t:|1779958182
|switch|p1a: 印章 :3|Primarina, F|65/100
|turn|14
|
|t:|1779958190
|move|p2a: Latias|Stored Power|p1a: 印章 :3
|-damage|p1a: 印章 :3|0 fnt
|faint|p1a: 印章 :3
|
|upkeep
|
|t:|1779958193
|switch|p1a: 有趣的快速囓齒動物|Weavile, F|100/100
|turn|15
|
|t:|1779958198
|move|p1a: 有趣的快速囓齒動物|Ice Shard|p2a: Latias
|-supereffective|p2a: Latias
|-damage|p2a: Latias|0 fnt
|faint|p2a: Latias
|
|upkeep
|
|t:|1779958206
|switch|p2a: Armarouge|Armarouge, M, shiny|100/100
|-damage|p2a: Armarouge|76/100|[from] Stealth Rock
|turn|16
|
|t:|1779958211
|move|p2a: Armarouge|Endure|p2a: Armarouge
|-singleturn|p2a: Armarouge|move: Endure
|move|p1a: 有趣的快速囓齒動物|Knock Off|p2a: Armarouge
|-supereffective|p2a: Armarouge
|-activate|p2a: Armarouge|move: Endure
|-damage|p2a: Armarouge|1/100
|-ability|p2a: Armarouge|Weak Armor|boost
|-unboost|p2a: Armarouge|def|1
|-boost|p2a: Armarouge|spe|2
|-enditem|p2a: Armarouge|Custap Berry|[from] move: Knock Off|[of] p1a: 有趣的快速囓齒動物
|
|upkeep
|turn|17
|
|t:|1779958227
|move|p1a: 有趣的快速囓齒動物|Ice Shard|p2a: Armarouge
|-resisted|p2a: Armarouge
|-damage|p2a: Armarouge|0 fnt
|faint|p2a: Armarouge
|
|upkeep
|
|t:|1779958231
|switch|p2a: Pawmot|Pawmot, M, shiny|72/100
|-damage|p2a: Pawmot|66/100|[from] Stealth Rock
|turn|18
|
|t:|1779958251
|move|p1a: 有趣的快速囓齒動物|Triple Axel|p2a: Pawmot|[miss]
|-miss|p1a: 有趣的快速囓齒動物|p2a: Pawmot
|move|p2a: Pawmot|Revival Blessing|p2a: Pawmot
|-enditem|p2a: Pawmot|Leppa Berry|[eat]
|-activate|p2a: Pawmot|item: Leppa Berry|Revival Blessing|[consumed]
|
|t:|1779958268
|-heal|p2: Armarouge|50/100|[from] move: Revival Blessing
|
|upkeep
|turn|19
|
|t:|1779958275
|move|p2a: Pawmot|Mach Punch|p1a: 有趣的快速囓齒動物
|-supereffective|p1a: 有趣的快速囓齒動物
|-damage|p1a: 有趣的快速囓齒動物|0 fnt
|faint|p1a: 有趣的快速囓齒動物
|
|upkeep
|
|t:|1779958277
|switch|p1a: 三角形|Dragapult, F|100/100
|turn|20
|
|t:|1779958285
|move|p1a: 三角形|Shadow Ball|p2a: Pawmot
|-damage|p2a: Pawmot|3/100
|-unboost|p2a: Pawmot|spd|1
|move|p2a: Pawmot|Ice Punch|p1a: 三角形
|-supereffective|p1a: 三角形
|-damage|p1a: 三角形|22/100
|
|upkeep
|turn|21
|
|t:|1779958293
|move|p1a: 三角形|Shadow Ball|p2a: Pawmot
|-crit|p2a: Pawmot
|-damage|p2a: Pawmot|0 fnt
|faint|p2a: Pawmot
|
|upkeep
|
|t:|1779958298
|switch|p2a: Armarouge|Armarouge, M, shiny|50/100
|-damage|p2a: Armarouge|26/100|[from] Stealth Rock
|turn|22
|
|t:|1779958304
|move|p2a: Armarouge|Endure|p2a: Armarouge
|-singleturn|p2a: Armarouge|move: Endure
|move|p1a: 三角形|Shadow Ball|p2a: Armarouge
|-supereffective|p2a: Armarouge
|-activate|p2a: Armarouge|move: Endure
|-damage|p2a: Armarouge|1/100
|
|upkeep
|turn|23
|
|t:|1779958311
|move|p1a: 三角形|Shadow Ball|p2a: Armarouge
|-supereffective|p2a: Armarouge
|-damage|p2a: Armarouge|0 fnt
|faint|p2a: Armarouge
|
|upkeep
|
|t:|1779958316
|switch|p2a: Dragapult|Dragapult, M|100/100
|-damage|p2a: Dragapult|88/100|[from] Stealth Rock
|turn|24
|c|☆clovercif|comes down to speed tie
|
|t:|1779958324
|move|p1a: 三角形|Draco Meteor|p2a: Dragapult
|-supereffective|p2a: Dragapult
|-damage|p2a: Dragapult|0 fnt
|-unboost|p1a: 三角形|spa|2
|faint|p2a: Dragapult
|
|win|clovercif
|raw|clovercif's rating: 1155 &rarr; <strong>1184</strong><br />(+29 for winning)
|raw|haricane's rating: 1218 &rarr; <strong>1189</strong><br />(-29 for losing)
|l|☆haricane
|player|p2|
|l|☆clovercif
|player|p1|
