|badge|p2|bronze|gen9ou|100-9
|uhtml|medal-msg|<div class="broadcast-blue">Curious what those medals under the avatar are? PS now has Ladder Seasons! For more information, check out the <a href="https://www.smogon.com/forums/threads/3740067/">thread on Smogon.</a></div>
|j|☆samohi0
|j|☆Auburn Hills
|t:|1779932765
|gametype|singles
|player|p1|samohi0|hoopster|1754
|player|p2|Auburn Hills|alder|1863
|gen|9
|tier|[Gen 9] OU
|rated|
|rule|HP Percentage Mod: HP is shown in percentages
|rule|Endless Battle Clause: Forcing endless battles is banned
|rule|Species Clause: Limit one of each Pokémon
|rule|OHKO Clause: OHKO moves are banned
|rule|Evasion Items Clause: Evasion items are banned
|rule|Evasion Moves Clause: Evasion moves are banned
|rule|Evasion Abilities Clause: Evasion abilities are banned
|rule|Sleep Moves Clause: Sleep-inducing moves are banned
|clearpoke
|poke|p1|Dragapult, M|
|poke|p1|Lokix, M|
|poke|p1|Alomomola, F|
|poke|p1|Great Tusk|
|poke|p1|Enamorus, F|
|poke|p1|Iron Crown|
|poke|p2|Iron Moth|
|poke|p2|Umbreon, M|
|poke|p2|Garchomp, F|
|poke|p2|Glimmora, F|
|poke|p2|Gholdengo|
|poke|p2|Dragonite, M|
|teampreview
|
|t:|1779932773
|teamsize|p1|6
|teamsize|p2|6
|start
|switch|p1a: Dragapult|Dragapult, M|100/100
|switch|p2a: Julia Jacklin|Glimmora, F|100/100
|turn|1
|
|t:|1779932776
|move|p1a: Dragapult|Dragon Darts|p2a: Julia Jacklin
|-damage|p2a: Julia Jacklin|59/100
|-activate|p2a: Julia Jacklin|ability: Toxic Debris
|-sidestart|p1: samohi0|move: Toxic Spikes
|-anim|p1a: Dragapult|Dragon Darts|p2a: Julia Jacklin
|-damage|p2a: Julia Jacklin|15/100
|-activate|p2a: Julia Jacklin|ability: Toxic Debris
|-sidestart|p1: samohi0|move: Toxic Spikes
|move|p2a: Julia Jacklin|Stealth Rock|p1a: Dragapult
|-sidestart|p1: samohi0|move: Stealth Rock
|
|upkeep
|turn|2
|j| FaronAan
|
|t:|1779932779
|switch|p2a: Smino|Gholdengo|100/100
|move|p1a: Dragapult|Dragon Darts|p2a: Smino
|-resisted|p2a: Smino
|-crit|p2a: Smino
|-damage|p2a: Smino|71/100
|-anim|p1a: Dragapult|Dragon Darts|p2a: Smino
|-resisted|p2a: Smino
|-damage|p2a: Smino|53/100
|
|upkeep
|turn|3
|
|t:|1779932784
|switch|p1a: Alomomola|Alomomola, F|100/100
|-status|p1a: Alomomola|tox
|-damage|p1a: Alomomola|88/100 tox|[from] Stealth Rock
|move|p2a: Smino|Shadow Ball|p1a: Alomomola
|-damage|p1a: Alomomola|62/100 tox
|
|-damage|p1a: Alomomola|56/100 tox|[from] psn
|upkeep
|turn|4
|
|t:|1779932794
|switch|p2a: Alvvays|Umbreon, M|100/100
|move|p1a: Alomomola|Flip Turn|p2a: Alvvays
|-damage|p2a: Alvvays|88/100
|
|t:|1779932799
|switch|p1a: Great Tusk|Great Tusk|100/100|[from] Flip Turn
|
|-heal|p2a: Alvvays|94/100|[from] item: Leftovers
|upkeep
|turn|5
|
|t:|1779932804
|switch|p2a: Smino|Gholdengo|53/100
|move|p1a: Great Tusk|Rapid Spin|p2a: Smino
|-immune|p2a: Smino
|
|upkeep
|turn|6
|
|t:|1779932813
|-end|p1a: Great Tusk|Protosynthesis|[silent]
|switch|p1a: Alomomola|Alomomola, F|90/100 tox
|-damage|p1a: Alomomola|77/100 tox|[from] Stealth Rock
|move|p2a: Smino|Shadow Ball|p1a: Alomomola
|-damage|p1a: Alomomola|53/100 tox
|
|-damage|p1a: Alomomola|47/100 tox|[from] psn
|upkeep
|turn|7
|
|t:|1779932817
|move|p2a: Smino|Shadow Ball|p1a: Alomomola
|-damage|p1a: Alomomola|21/100 tox
|move|p1a: Alomomola|Flip Turn|p2a: Smino
|-damage|p2a: Smino|34/100
|
|t:|1779932820
|switch|p1a: Lokix|Lokix, M|100/100|[from] Flip Turn
|-status|p1a: Lokix|tox
|-damage|p1a: Lokix|76/100 tox|[from] Stealth Rock
|
|-damage|p1a: Lokix|70/100 tox|[from] psn
|upkeep
|turn|8
|
|t:|1779932824
|move|p2a: Smino|Shadow Ball|p1a: Lokix
|-resisted|p1a: Lokix
|-damage|p1a: Lokix|31/100 tox
|move|p1a: Lokix|U-turn|p2a: Smino
|-resisted|p2a: Smino
|-crit|p2a: Smino
|-damage|p2a: Smino|0 fnt
|faint|p2a: Smino
|
|t:|1779932833
|switch|p1a: Enamorus|Enamorus, F|100/100|[from] U-turn
|-damage|p1a: Enamorus|76/100|[from] Stealth Rock
|
|upkeep
|
|t:|1779932838
|switch|p2a: Carly Rae|Iron Moth|100/100
|-enditem|p2a: Carly Rae|Booster Energy
|-activate|p2a: Carly Rae|ability: Quark Drive|[fromitem]
|-start|p2a: Carly Rae|quarkdrivespe
|turn|9
|
|t:|1779932848
|switch|p1a: Alomomola|Alomomola, F|54/100 tox
|-damage|p1a: Alomomola|42/100 tox|[from] Stealth Rock
|move|p2a: Carly Rae|Discharge|p1a: Alomomola
|-supereffective|p1a: Alomomola
|-damage|p1a: Alomomola|12/100 tox
|
|-damage|p1a: Alomomola|6/100 tox|[from] psn
|upkeep
|turn|10
|
|t:|1779932851
|move|p2a: Carly Rae|Fiery Dance|p1a: Alomomola
|-resisted|p1a: Alomomola
|-damage|p1a: Alomomola|0 fnt
|faint|p1a: Alomomola
|
|upkeep
|
|t:|1779932854
|switch|p1a: Great Tusk|Great Tusk|100/100
|turn|11
|
|t:|1779932857
|-terastallize|p2a: Carly Rae|Fairy
|move|p2a: Carly Rae|Dazzling Gleam|p1a: Great Tusk
|-supereffective|p1a: Great Tusk
|-damage|p1a: Great Tusk|0 fnt
|faint|p1a: Great Tusk
|-end|p1a: Great Tusk|Protosynthesis|[silent]
|
|upkeep
|
|t:|1779932860
|switch|p1a: Iron Crown|Iron Crown|100/100
|-damage|p1a: Iron Crown|94/100|[from] Stealth Rock
|turn|12
|j| Konk1612
|l| Konk1612
|
|t:|1779932868
|-end|p2a: Carly Rae|Quark Drive|[silent]
|switch|p2a: Alvvays|Umbreon, M|94/100
|move|p1a: Iron Crown|Tachyon Cutter|p2a: Alvvays
|-damage|p2a: Alvvays|74/100
|-damage|p2a: Alvvays|55/100
|-hitcount|p2a: Alvvays|2
|
|-heal|p2a: Alvvays|61/100|[from] item: Leftovers
|upkeep
|turn|13
|
|t:|1779932874
|move|p1a: Iron Crown|Tachyon Cutter|p2a: Alvvays
|-damage|p2a: Alvvays|41/100
|-damage|p2a: Alvvays|23/100
|-hitcount|p2a: Alvvays|2
|move|p2a: Alvvays|Wish|p2a: Alvvays
|
|-heal|p2a: Alvvays|29/100|[from] item: Leftovers
|upkeep
|turn|14
|
|t:|1779932877
|move|p2a: Alvvays|Protect|p2a: Alvvays
|-singleturn|p2a: Alvvays|Protect
|move|p1a: Iron Crown|Tachyon Cutter|p2a: Alvvays
|-activate|p2a: Alvvays|move: Protect
|
|-heal|p2a: Alvvays|79/100|[from] move: Wish|[wisher] Alvvays
|-heal|p2a: Alvvays|85/100|[from] item: Leftovers
|upkeep
|turn|15
|
|t:|1779932880
|-terastallize|p1a: Iron Crown|Steel
|move|p1a: Iron Crown|Tachyon Cutter|p2a: Alvvays
|-damage|p2a: Alvvays|60/100
|-damage|p2a: Alvvays|35/100
|-hitcount|p2a: Alvvays|2
|move|p2a: Alvvays|Thunder Wave|p1a: Iron Crown
|-status|p1a: Iron Crown|par
|
|-heal|p2a: Alvvays|41/100|[from] item: Leftovers
|upkeep
|turn|16
|
|t:|1779932882
|move|p2a: Alvvays|Protect|p2a: Alvvays
|-singleturn|p2a: Alvvays|Protect
|move|p1a: Iron Crown|Tachyon Cutter|p2a: Alvvays
|-activate|p2a: Alvvays|move: Protect
|
|-heal|p2a: Alvvays|48/100|[from] item: Leftovers
|upkeep
|turn|17
|
|t:|1779932889
|switch|p2a: Julia Jacklin|Glimmora, F|15/100
|move|p1a: Iron Crown|Tachyon Cutter|p2a: Julia Jacklin
|-supereffective|p2a: Julia Jacklin
|-damage|p2a: Julia Jacklin|0 fnt
|faint|p2a: Julia Jacklin
|-hitcount|p2: Julia Jacklin|1
|
|upkeep
|
|t:|1779932893
|switch|p2a: Rat Tally|Garchomp, F|100/100
|turn|18
|
|t:|1779932897
|-end|p1a: Iron Crown|Quark Drive|[silent]
|switch|p1a: Lokix|Lokix, M|31/100 tox
|-damage|p1a: Lokix|6/100 tox|[from] Stealth Rock
|move|p2a: Rat Tally|Earthquake|p1a: Lokix
|-resisted|p1a: Lokix
|-damage|p1a: Lokix|0 fnt
|faint|p1a: Lokix
|
|upkeep
|
|t:|1779932900
|switch|p1a: Enamorus|Enamorus, F|76/100
|-damage|p1a: Enamorus|51/100|[from] Stealth Rock
|turn|19
|
|t:|1779932905
|move|p1a: Enamorus|Moonblast|p2a: Rat Tally
|-supereffective|p2a: Rat Tally
|-damage|p2a: Rat Tally|0 fnt
|faint|p2a: Rat Tally
|
|upkeep
|
|t:|1779932908
|switch|p2a: Elucid|Dragonite, M|100/100
|turn|20
|
|t:|1779932915
|move|p1a: Enamorus|Moonblast|p2a: Elucid
|-supereffective|p2a: Elucid
|-damage|p2a: Elucid|50/100
|move|p2a: Elucid|Dragon Dance|p2a: Elucid
|-boost|p2a: Elucid|atk|1
|-boost|p2a: Elucid|spe|1
|
|upkeep
|turn|21
|
|t:|1779932918
|move|p2a: Elucid|Extreme Speed|p1a: Enamorus
|-damage|p1a: Enamorus|0 fnt
|faint|p1a: Enamorus
|
|upkeep
|
|t:|1779932920
|switch|p1a: Dragapult|Dragapult, M|100/100
|-status|p1a: Dragapult|tox
|-damage|p1a: Dragapult|88/100 tox|[from] Stealth Rock
|turn|22
|
|t:|1779932927
|move|p1a: Dragapult|Dragon Darts|p2a: Elucid
|-supereffective|p2a: Elucid
|-damage|p2a: Elucid|0 fnt
|faint|p2a: Elucid
|
|-damage|p1a: Dragapult|82/100 tox|[from] psn
|upkeep
|
|t:|1779932929
|switch|p2a: Carly Rae|Iron Moth, tera:Fairy|100/100
|turn|23
|
|t:|1779932934
|move|p1a: Dragapult|Dragon Darts|p2a: Carly Rae
|-immune|p2a: Carly Rae
|move|p2a: Carly Rae|Fiery Dance|p1a: Dragapult
|-resisted|p1a: Dragapult
|-damage|p1a: Dragapult|55/100 tox
|
|-damage|p1a: Dragapult|43/100 tox|[from] psn
|upkeep
|turn|24
|
|t:|1779932937
|move|p1a: Dragapult|Dragon Darts|p2a: Carly Rae
|-immune|p2a: Carly Rae
|move|p2a: Carly Rae|Fiery Dance|p1a: Dragapult
|-resisted|p1a: Dragapult
|-damage|p1a: Dragapult|16/100 tox
|
|-damage|p1a: Dragapult|0 fnt|[from] psn
|faint|p1a: Dragapult
|upkeep
|
|t:|1779932939
|switch|p1a: Iron Crown|Iron Crown, tera:Steel|94/100 par
|-damage|p1a: Iron Crown|88/100 par|[from] Stealth Rock
|turn|25
|
|t:|1779932941
|move|p2a: Carly Rae|Fiery Dance|p1a: Iron Crown
|-supereffective|p1a: Iron Crown
|-damage|p1a: Iron Crown|13/100 par
|-boost|p2a: Carly Rae|spa|1
|move|p1a: Iron Crown|Tachyon Cutter|p2a: Carly Rae
|-supereffective|p2a: Carly Rae
|-damage|p2a: Carly Rae|0 fnt
|faint|p2a: Carly Rae
|-end|p2a: Carly Rae|Quark Drive|[silent]
|-hitcount|p2: Carly Rae|1
|
|upkeep
|
|t:|1779932944
|switch|p2a: Alvvays|Umbreon, M|48/100
|turn|26
|
|t:|1779932946
|move|p2a: Alvvays|Protect|p2a: Alvvays
|-singleturn|p2a: Alvvays|Protect
|move|p1a: Iron Crown|Tachyon Cutter|p2a: Alvvays
|-activate|p2a: Alvvays|move: Protect
|
|-heal|p2a: Alvvays|54/100|[from] item: Leftovers
|upkeep
|turn|27
|
|t:|1779932949
|move|p2a: Alvvays|Foul Play|p1a: Iron Crown
|-damage|p1a: Iron Crown|0 fnt
|faint|p1a: Iron Crown
|-end|p1a: Iron Crown|Quark Drive|[silent]
|
|win|Auburn Hills
|raw|samohi0's rating: 1754 &rarr; <strong>1740</strong><br />(-14 for losing)
|raw|Auburn Hills's rating: 1863 &rarr; <strong>1877</strong><br />(+14 for winning)
|l| FaronAan
|l|☆samohi0
|player|p1|
|l|☆Auburn Hills
|player|p2|
