|j|☆seantheguyr5
|j|☆ratsallfolks
|t:|1779894016
|gametype|singles
|player|p1|seantheguyr5|emmet|1487
|player|p2|ratsallfolks|gardenia-masters|1457
|gen|9
|tier|[Gen 9] OU
|rated|
|rule|HP Percentage Mod: HP is shown in percentages
|rule|Endless Battle Clause: Forcing endless battles is banned
|rule|Species Clause: Limit one of each Pokémon
|rule|OHKO Clause: OHKO moves are banned
|rule|Evasion Items Clause: Evasion items are banned
|rule|Evasion Moves Clause: Evasion moves are banned
|rule|Evasion Abilities Clause: Evasion abilities are banned
|rule|Sleep Moves Clause: Sleep-inducing moves are banned
|clearpoke
|poke|p1|Landorus-Therian, M|
|poke|p1|Skeledirge, M|
|poke|p1|Skarmory, M|
|poke|p1|Hydrapple, M|
|poke|p1|Samurott-Hisui, M|
|poke|p1|Fezandipiti, M|
|poke|p2|Pelipper, M|
|poke|p2|Floatzel, F|
|poke|p2|Toxicroak, M|
|poke|p2|Iron Treads|
|poke|p2|Ogerpon-Wellspring, F|
|poke|p2|Kingambit, F|
|teampreview
|
|t:|1779894043
|teamsize|p1|6
|teamsize|p2|6
|start
|switch|p1a: Fezandipiti|Fezandipiti, M|100/100
|switch|p2a: Ogerpon|Ogerpon-Wellspring, F|100/100
|turn|1
|inactive|Battle timer is ON: inactive players will automatically lose when time's up. (requested by seantheguyr5)
|
|t:|1779894058
|move|p2a: Ogerpon|Ivy Cudgel|p1a: Fezandipiti|[anim] Ivy Cudgel Water
|-damage|p1a: Fezandipiti|37/100
|move|p1a: Fezandipiti|Sludge Bomb|p2a: Ogerpon
|-supereffective|p2a: Ogerpon
|-damage|p2a: Ogerpon|44/100
|-status|p2a: Ogerpon|tox|[from] ability: Toxic Chain|[of] p1a: Fezandipiti
|
|-damage|p2a: Ogerpon|38/100 tox|[from] psn
|upkeep
|turn|2
|
|t:|1779894066
|switch|p1a: Leviatan|Hydrapple, M, shiny|100/100
|move|p2a: Ogerpon|Play Rough|p1a: Leviatan
|-supereffective|p1a: Leviatan
|-damage|p1a: Leviatan|49/100
|
|-damage|p2a: Ogerpon|26/100 tox|[from] psn
|upkeep
|turn|3
|
|t:|1779894075
|switch|p2a: Iron Treads|Iron Treads|100/100
|move|p1a: Leviatan|Giga Drain|p2a: Iron Treads
|-damage|p2a: Iron Treads|54/100
|-heal|p1a: Leviatan|70/100|[from] drain|[of] p2a: Iron Treads
|
|-heal|p2a: Iron Treads|60/100|[from] item: Leftovers
|upkeep
|turn|4
|
|t:|1779894080
|move|p2a: Iron Treads|Stealth Rock|p1a: Leviatan
|-sidestart|p1: seantheguyr5|move: Stealth Rock
|move|p1a: Leviatan|Earth Power|p2a: Iron Treads
|-supereffective|p2a: Iron Treads
|-damage|p2a: Iron Treads|0 fnt
|faint|p2a: Iron Treads
|-end|p2a: Iron Treads|Quark Drive|[silent]
|
|upkeep
|
|t:|1779894086
|switch|p2a: Floatzel|Floatzel, F|100/100
|turn|5
|
|t:|1779894091
|switch|p1a: Skarmory|Skarmory, M, shiny|100/100
|-damage|p1a: Skarmory|88/100|[from] Stealth Rock
|move|p2a: Floatzel|Ice Spinner|p1a: Skarmory
|-damage|p1a: Skarmory|64/100
|-damage|p2a: Floatzel|84/100|[from] item: Rocky Helmet|[of] p1a: Skarmory
|
|upkeep
|turn|6
|
|t:|1779894097
|switch|p2a: Pelipper|Pelipper, M|100/100
|-weather|RainDance|[from] ability: Drizzle|[of] p2a: Pelipper
|move|p1a: Skarmory|Roost|p1a: Skarmory
|-heal|p1a: Skarmory|100/100
|-singleturn|p1a: Skarmory|move: Roost
|
|-weather|RainDance|[upkeep]
|upkeep
|turn|7
|
|t:|1779894102
|move|p1a: Skarmory|Stealth Rock|p2a: Pelipper
|-sidestart|p2: ratsallfolks|move: Stealth Rock
|move|p2a: Pelipper|U-turn|p1a: Skarmory
|-resisted|p1a: Skarmory
|-damage|p1a: Skarmory|99/100
|-damage|p2a: Pelipper|84/100|[from] item: Rocky Helmet|[of] p1a: Skarmory
|
|t:|1779894105
|switch|p2a: Floatzel|Floatzel, F|84/100|[from] U-turn
|-damage|p2a: Floatzel|72/100|[from] Stealth Rock
|
|-weather|RainDance|[upkeep]
|upkeep
|turn|8
|
|t:|1779894112
|-terastallize|p2a: Floatzel|Water
|move|p2a: Floatzel|Wave Crash|p1a: Skarmory
|-damage|p1a: Skarmory|0 fnt
|-damage|p2a: Floatzel|55/100|[from] item: Rocky Helmet|[of] p1a: Skarmory
|faint|p1a: Skarmory
|-damage|p2a: Floatzel|21/100|[from] Recoil
|
|-weather|RainDance|[upkeep]
|upkeep
|
|t:|1779894123
|switch|p1a: Leviatan|Hydrapple, M, shiny|100/100
|turn|9
|
|t:|1779894129
|switch|p2a: Toxicroak|Toxicroak, M|100/100
|-damage|p2a: Toxicroak|94/100|[from] Stealth Rock
|move|p1a: Leviatan|Giga Drain|p2a: Toxicroak
|-resisted|p2a: Toxicroak
|-damage|p2a: Toxicroak|65/100
|
|-weather|RainDance|[upkeep]
|-heal|p2a: Toxicroak|78/100|[from] ability: Dry Skin
|-heal|p2a: Toxicroak|84/100|[from] item: Black Sludge
|upkeep
|turn|10
|
|t:|1779894134
|move|p2a: Toxicroak|Toxic|p1a: Leviatan
|-status|p1a: Leviatan|tox
|move|p1a: Leviatan|Earth Power|p2a: Toxicroak
|-supereffective|p2a: Toxicroak
|-damage|p2a: Toxicroak|3/100
|-unboost|p2a: Toxicroak|spd|1
|
|-weather|RainDance|[upkeep]
|-heal|p2a: Toxicroak|15/100|[from] ability: Dry Skin
|-heal|p2a: Toxicroak|22/100|[from] item: Black Sludge
|-damage|p1a: Leviatan|94/100 tox|[from] psn
|upkeep
|turn|11
|
|t:|1779894140
|move|p2a: Toxicroak|Knock Off|p1a: Leviatan
|-damage|p1a: Leviatan|78/100 tox
|-enditem|p1a: Leviatan|Heavy-Duty Boots|[from] move: Knock Off|[of] p2a: Toxicroak
|move|p1a: Leviatan|Earth Power|p2a: Toxicroak
|-supereffective|p2a: Toxicroak
|-damage|p2a: Toxicroak|0 fnt
|faint|p2a: Toxicroak
|
|-weather|RainDance|[upkeep]
|-damage|p1a: Leviatan|66/100 tox|[from] psn
|upkeep
|
|t:|1779894151
|switch|p2a: Kingambit|Kingambit, F|100/100
|-damage|p2a: Kingambit|94/100|[from] Stealth Rock
|-activate|p2a: Kingambit|ability: Supreme Overlord
|-start|p2a: Kingambit|fallen2|[silent]
|turn|12
|
|t:|1779894155
|move|p1a: Leviatan|Earth Power|p2a: Kingambit
|-supereffective|p2a: Kingambit
|-damage|p2a: Kingambit|36/100
|move|p2a: Kingambit|Swords Dance|p2a: Kingambit
|-boost|p2a: Kingambit|atk|2
|
|-weather|RainDance|[upkeep]
|-heal|p2a: Kingambit|43/100|[from] item: Leftovers
|-damage|p1a: Leviatan|47/100 tox|[from] psn
|upkeep
|turn|13
|
|t:|1779894165
|move|p2a: Kingambit|Sucker Punch||[still]
|-fail|p2a: Kingambit
|move|p1a: Leviatan|Nasty Plot|p1a: Leviatan
|-boost|p1a: Leviatan|spa|2
|
|-weather|none
|-heal|p2a: Kingambit|49/100|[from] item: Leftovers
|-damage|p1a: Leviatan|23/100 tox|[from] psn
|upkeep
|turn|14
|
|t:|1779894172
|move|p2a: Kingambit|Sucker Punch|p1a: Leviatan
|-damage|p1a: Leviatan|0 fnt
|faint|p1a: Leviatan
|
|-heal|p2a: Kingambit|55/100|[from] item: Leftovers
|upkeep
|
|t:|1779894184
|switch|p1a: Skeledirge|Skeledirge, M, shiny|100/100
|turn|15
|
|t:|1779894189
|-end|p2a: Kingambit|fallen2|[silent]
|switch|p2a: Pelipper|Pelipper, M|84/100
|-damage|p2a: Pelipper|59/100|[from] Stealth Rock
|-weather|RainDance|[from] ability: Drizzle|[of] p2a: Pelipper
|-terastallize|p1a: Skeledirge|Ice
|move|p1a: Skeledirge|Torch Song|p2a: Pelipper
|-resisted|p2a: Pelipper
|-damage|p2a: Pelipper|49/100
|-boost|p1a: Skeledirge|spa|1
|
|-weather|RainDance|[upkeep]
|upkeep
|turn|16
|
|t:|1779894193
|move|p1a: Skeledirge|Torch Song|p2a: Pelipper
|-resisted|p2a: Pelipper
|-damage|p2a: Pelipper|34/100
|-boost|p1a: Skeledirge|spa|1
|move|p2a: Pelipper|Hurricane|p1a: Skeledirge
|-damage|p1a: Skeledirge|71/100
|
|-weather|RainDance|[upkeep]
|upkeep
|turn|17
|
|t:|1779894195
|move|p1a: Skeledirge|Torch Song|p2a: Pelipper
|-resisted|p2a: Pelipper
|-damage|p2a: Pelipper|14/100
|-boost|p1a: Skeledirge|spa|1
|move|p2a: Pelipper|Hurricane|p1a: Skeledirge
|-damage|p1a: Skeledirge|39/100
|-start|p1a: Skeledirge|confusion
|
|-weather|RainDance|[upkeep]
|upkeep
|turn|18
|
|t:|1779894198
|-activate|p1a: Skeledirge|confusion
|move|p1a: Skeledirge|Slack Off|p1a: Skeledirge
|-heal|p1a: Skeledirge|89/100
|move|p2a: Pelipper|Hurricane|p1a: Skeledirge
|-damage|p1a: Skeledirge|59/100
|
|-weather|RainDance|[upkeep]
|upkeep
|turn|19
|
|t:|1779894202
|-activate|p1a: Skeledirge|confusion
|move|p1a: Skeledirge|Slack Off|p1a: Skeledirge
|-heal|p1a: Skeledirge|100/100
|move|p2a: Pelipper|Hurricane|p1a: Skeledirge
|-crit|p1a: Skeledirge
|-damage|p1a: Skeledirge|55/100
|
|-weather|RainDance|[upkeep]
|upkeep
|turn|20
|
|t:|1779894205
|-end|p1a: Skeledirge|confusion
|move|p1a: Skeledirge|Slack Off|p1a: Skeledirge
|-heal|p1a: Skeledirge|100/100
|move|p2a: Pelipper|Hurricane|p1a: Skeledirge
|-damage|p1a: Skeledirge|72/100
|
|-weather|RainDance|[upkeep]
|upkeep
|turn|21
|
|t:|1779894208
|move|p1a: Skeledirge|Torch Song|p2a: Pelipper
|-resisted|p2a: Pelipper
|-damage|p2a: Pelipper|0 fnt
|-boost|p1a: Skeledirge|spa|1
|faint|p2a: Pelipper
|
|-weather|RainDance|[upkeep]
|upkeep
|
|t:|1779894211
|switch|p2a: Floatzel|Floatzel, F, tera:Water|21/100
|-damage|p2a: Floatzel|9/100|[from] Stealth Rock
|turn|22
|
|t:|1779894215
|move|p2a: Floatzel|Wave Crash|p1a: Skeledirge
|-damage|p1a: Skeledirge|0 fnt
|faint|p1a: Skeledirge
|-damage|p2a: Floatzel|0 fnt|[from] Recoil
|faint|p2a: Floatzel
|
|-weather|none
|upkeep
|
|t:|1779894227
|switch|p2a: Ogerpon|Ogerpon-Wellspring, F|26/100 tox
|switch|p1a: Landorus|Landorus-Therian, M, shiny|100/100
|-damage|p1a: Landorus|88/100|[from] Stealth Rock
|-ability|p1a: Landorus|Intimidate|boost
|-unboost|p2a: Ogerpon|atk|1
|-damage|p2a: Ogerpon|14/100 tox|[from] Stealth Rock
|turn|23
|
|t:|1779894233
|move|p1a: Landorus|U-turn|p2a: Ogerpon
|-supereffective|p2a: Ogerpon
|-damage|p2a: Ogerpon|0 fnt
|faint|p2a: Ogerpon
|
|t:|1779894243
|switch|p1a: Samurott|Samurott-Hisui, M, shiny|100/100|[from] U-turn
|
|upkeep
|
|t:|1779894246
|switch|p2a: Kingambit|Kingambit, F|55/100
|-damage|p2a: Kingambit|49/100|[from] Stealth Rock
|-activate|p2a: Kingambit|ability: Supreme Overlord
|-start|p2a: Kingambit|fallen5|[silent]
|turn|24
|
|t:|1779894255
|move|p1a: Samurott|Knock Off|p2a: Kingambit
|-resisted|p2a: Kingambit
|-damage|p2a: Kingambit|31/100
|-enditem|p2a: Kingambit|Leftovers|[from] move: Knock Off|[of] p1a: Samurott
|move|p2a: Kingambit|Swords Dance|p2a: Kingambit
|-boost|p2a: Kingambit|atk|2
|
|upkeep
|turn|25
|
|t:|1779894259
|move|p1a: Samurott|Flip Turn|p2a: Kingambit
|-damage|p2a: Kingambit|8/100
|
|t:|1779894261
|switch|p1a: Fezandipiti|Fezandipiti, M|37/100|[from] Flip Turn
|move|p2a: Kingambit|Kowtow Cleave|p1a: Fezandipiti
|-resisted|p1a: Fezandipiti
|-damage|p1a: Fezandipiti|0 fnt
|faint|p1a: Fezandipiti
|
|upkeep
|
|t:|1779894264
|switch|p1a: Samurott|Samurott-Hisui, M, shiny|100/100
|turn|26
|
|t:|1779894266
|move|p1a: Samurott|Sucker Punch|p2a: Kingambit
|-resisted|p2a: Kingambit
|-damage|p2a: Kingambit|0 fnt
|faint|p2a: Kingambit
|-end|p2a: Kingambit|fallen5|[silent]
|
|win|seantheguyr5
|raw|seantheguyr5's rating: 1487 &rarr; <strong>1505</strong><br />(+18 for winning)
|raw|ratsallfolks's rating: 1457 &rarr; <strong>1439</strong><br />(-18 for losing)
|l|☆ratsallfolks
|player|p2|
|l|☆seantheguyr5
|player|p1|
