|j|☆Katellox444
|j|☆npctypebeat
|t:|1779933728
|gametype|singles
|player|p1|Katellox444|1|1102
|player|p2|npctypebeat|102|1125
|gen|9
|tier|[Gen 9] OU
|rated|
|rule|HP Percentage Mod: HP is shown in percentages
|rule|Endless Battle Clause: Forcing endless battles is banned
|rule|Species Clause: Limit one of each Pokémon
|rule|OHKO Clause: OHKO moves are banned
|rule|Evasion Items Clause: Evasion items are banned
|rule|Evasion Moves Clause: Evasion moves are banned
|rule|Evasion Abilities Clause: Evasion abilities are banned
|rule|Sleep Moves Clause: Sleep-inducing moves are banned
|clearpoke
|poke|p1|Dragapult, M|
|poke|p1|Ogerpon-Wellspring, F|
|poke|p1|Clefable, M|
|poke|p1|Corviknight, F|
|poke|p1|Heatran, M|
|poke|p1|Malamar, F|
|poke|p2|Corviknight, F|
|poke|p2|Ting-Lu|
|poke|p2|Kyurem|
|poke|p2|Dondozo, M|
|poke|p2|Slowking-Galar, M|
|poke|p2|Cinderace, M|
|teampreview
|c|☆npctypebeat|hf
|inactive|Battle timer is ON: inactive players will automatically lose when time's up. (requested by npctypebeat)
|
|t:|1779933748
|teamsize|p1|6
|teamsize|p2|6
|start
|switch|p1a: Malamar|Malamar, F|100/100
|switch|p2a: Cinderace|Cinderace, M|100/100
|turn|1
|
|t:|1779933761
|move|p2a: Cinderace|Pyro Ball|p1a: Malamar
|-damage|p1a: Malamar|43/100
|move|p1a: Malamar|Superpower|p2a: Cinderace
|-damage|p2a: Cinderace|60/100
|-boost|p1a: Malamar|atk|1
|-boost|p1a: Malamar|def|1
|
|upkeep
|turn|2
|
|t:|1779933775
|-terastallize|p1a: Malamar|Dark
|move|p2a: Cinderace|U-turn|p1a: Malamar
|-supereffective|p1a: Malamar
|-damage|p1a: Malamar|10/100
|
|t:|1779933789
|switch|p2a: Corviknight|Corviknight, F|100/100|[from] U-turn
|-ability|p2a: Corviknight|Pressure
|move|p1a: Malamar|Knock Off|p2a: Corviknight
|-damage|p2a: Corviknight|50/100
|-damage|p1a: Malamar|0 fnt|[from] item: Rocky Helmet|[of] p2a: Corviknight
|faint|p1a: Malamar
|
|upkeep
|
|t:|1779933799
|switch|p1a: Heatran|Heatran, M|100/100
|-item|p1a: Heatran|Air Balloon
|turn|3
|
|t:|1779933814
|switch|p2a: Dondozo|Dondozo, M|100/100
|move|p1a: Heatran|Magma Storm|p2a: Dondozo|[miss]
|-miss|p1a: Heatran|p2a: Dondozo
|
|upkeep
|turn|4
|
|t:|1779933821
|switch|p1a: Dragapult|Dragapult, M|100/100
|move|p2a: Dondozo|Body Press|p1a: Dragapult
|-immune|p1a: Dragapult
|
|upkeep
|turn|5
|
|t:|1779933828
|switch|p2a: Kyurem|Kyurem|100/100
|-ability|p2a: Kyurem|Pressure
|move|p1a: Dragapult|Thunderbolt|p2a: Kyurem
|-resisted|p2a: Kyurem
|-damage|p2a: Kyurem|88/100
|
|-heal|p2a: Kyurem|94/100|[from] item: Leftovers
|upkeep
|turn|6
|
|t:|1779933843
|move|p1a: Dragapult|Draco Meteor|p2a: Kyurem
|-supereffective|p2a: Kyurem
|-damage|p2a: Kyurem|0 fnt
|-unboost|p1a: Dragapult|spa|2
|faint|p2a: Kyurem
|
|upkeep
|
|t:|1779933851
|switch|p2a: Ting-Lu|Ting-Lu|100/100
|-ability|p2a: Ting-Lu|Vessel of Ruin
|turn|7
|
|t:|1779933865
|switch|p1a: Corviknight|Corviknight, F|100/100
|-ability|p1a: Corviknight|Pressure
|move|p2a: Ting-Lu|Payback|p1a: Corviknight
|-damage|p1a: Corviknight|90/100
|-damage|p2a: Ting-Lu|84/100|[from] item: Rocky Helmet|[of] p1a: Corviknight
|
|-heal|p2a: Ting-Lu|90/100|[from] item: Leftovers
|upkeep
|turn|8
|
|t:|1779933880
|switch|p2a: Corviknight|Corviknight, F|50/100
|-ability|p2a: Corviknight|Pressure
|move|p1a: Corviknight|Body Press|p2a: Corviknight
|-damage|p2a: Corviknight|33/100
|-damage|p1a: Corviknight|73/100|[from] item: Rocky Helmet|[of] p2a: Corviknight
|
|upkeep
|turn|9
|
|t:|1779933888
|switch|p1a: Heatran|Heatran, M|100/100
|-item|p1a: Heatran|Air Balloon
|move|p2a: Corviknight|Roost|p2a: Corviknight
|-heal|p2a: Corviknight|83/100
|-singleturn|p2a: Corviknight|move: Roost
|
|upkeep
|turn|10
|
|t:|1779933891
|switch|p2a: Dondozo|Dondozo, M|100/100
|move|p1a: Heatran|Magma Storm|p2a: Dondozo
|-resisted|p2a: Dondozo
|-damage|p2a: Dondozo|81/100
|-activate|p2a: Dondozo|move: Magma Storm|[of] p1a: Heatran
|
|-heal|p2a: Dondozo|87/100|[from] item: Leftovers
|-damage|p2a: Dondozo|75/100|[from] move: Magma Storm|[partiallytrapped]
|upkeep
|turn|11
|
|t:|1779933900
|switch|p1a: Dragapult|Dragapult, M|100/100
|move|p2a: Dondozo|Curse|p2a: Dondozo
|-unboost|p2a: Dondozo|spe|1
|-boost|p2a: Dondozo|atk|1
|-boost|p2a: Dondozo|def|1
|
|-heal|p2a: Dondozo|81/100|[from] item: Leftovers
|-end|p2a: Dondozo|Magma Storm|[partiallytrapped]|[silent]
|upkeep
|turn|12
|
|t:|1779933908
|move|p1a: Dragapult|Thunderbolt|p2a: Dondozo
|-supereffective|p2a: Dondozo
|-damage|p2a: Dondozo|48/100
|move|p2a: Dondozo|Waterfall|p1a: Dragapult
|-resisted|p1a: Dragapult
|-damage|p1a: Dragapult|73/100
|
|-heal|p2a: Dondozo|54/100|[from] item: Leftovers
|upkeep
|turn|13
|
|t:|1779933918
|move|p1a: Dragapult|Thunderbolt|p2a: Dondozo
|-supereffective|p2a: Dondozo
|-damage|p2a: Dondozo|20/100
|move|p2a: Dondozo|Rest|p2a: Dondozo
|-status|p2a: Dondozo|slp|[from] move: Rest
|-heal|p2a: Dondozo|100/100 slp|[silent]
|
|upkeep
|turn|14
|
|t:|1779933931
|switch|p2a: Ting-Lu|Ting-Lu|90/100
|-ability|p2a: Ting-Lu|Vessel of Ruin
|move|p1a: Dragapult|Thunderbolt|p2a: Ting-Lu
|-immune|p2a: Ting-Lu
|
|-heal|p2a: Ting-Lu|96/100|[from] item: Leftovers
|upkeep
|turn|15
|
|t:|1779933943
|switch|p1a: Corviknight|Corviknight, F|73/100
|-ability|p1a: Corviknight|Pressure
|move|p2a: Ting-Lu|Payback|p1a: Corviknight
|-damage|p1a: Corviknight|61/100
|-damage|p2a: Ting-Lu|80/100|[from] item: Rocky Helmet|[of] p1a: Corviknight
|
|-heal|p2a: Ting-Lu|86/100|[from] item: Leftovers
|upkeep
|turn|16
|
|t:|1779933958
|switch|p2a: Cinderace|Cinderace, M|60/100
|move|p1a: Corviknight|Roost|p1a: Corviknight
|-heal|p1a: Corviknight|100/100
|-singleturn|p1a: Corviknight|move: Roost
|
|upkeep
|turn|17
|
|t:|1779933971
|switch|p1a: Heatran|Heatran, M|100/100
|-item|p1a: Heatran|Air Balloon
|move|p2a: Cinderace|Pyro Ball|p1a: Heatran
|-start|p1a: Heatran|ability: Flash Fire
|
|upkeep
|turn|18
|
|t:|1779933980
|move|p2a: Cinderace|U-turn|p1a: Heatran
|-resisted|p1a: Heatran
|-damage|p1a: Heatran|96/100
|-enditem|p1a: Heatran|Air Balloon
|
|t:|1779933997
|switch|p2a: Ting-Lu|Ting-Lu|86/100|[from] U-turn
|-ability|p2a: Ting-Lu|Vessel of Ruin
|move|p1a: Heatran|Earth Power|p2a: Ting-Lu
|-damage|p2a: Ting-Lu|72/100
|-unboost|p2a: Ting-Lu|spd|1
|
|-heal|p2a: Ting-Lu|78/100|[from] item: Leftovers
|upkeep
|turn|19
|
|t:|1779934020
|move|p1a: Heatran|Will-O-Wisp|p2a: Ting-Lu|[miss]
|-miss|p1a: Heatran|p2a: Ting-Lu
|move|p2a: Ting-Lu|Sleep Talk||[still]
|-fail|p2a: Ting-Lu
|
|-heal|p2a: Ting-Lu|84/100|[from] item: Leftovers
|upkeep
|turn|20
|
|t:|1779934027
|switch|p2a: Cinderace|Cinderace, M|60/100
|move|p1a: Heatran|Will-O-Wisp|p2a: Cinderace|[miss]
|-miss|p1a: Heatran|p2a: Cinderace
|
|upkeep
|turn|21
|
|t:|1779934033
|move|p2a: Cinderace|U-turn|p1a: Heatran
|-resisted|p1a: Heatran
|-damage|p1a: Heatran|92/100
|
|t:|1779934044
|switch|p2a: Ting-Lu|Ting-Lu|84/100|[from] U-turn
|-ability|p2a: Ting-Lu|Vessel of Ruin
|move|p1a: Heatran|Earth Power|p2a: Ting-Lu
|-damage|p2a: Ting-Lu|69/100
|
|-heal|p2a: Ting-Lu|75/100|[from] item: Leftovers
|upkeep
|turn|22
|
|t:|1779934056
|switch|p2a: Cinderace|Cinderace, M|60/100
|move|p1a: Heatran|Will-O-Wisp|p2a: Cinderace
|-immune|p2a: Cinderace
|
|upkeep
|turn|23
|
|t:|1779934068
|move|p2a: Cinderace|U-turn|p1a: Heatran
|-resisted|p1a: Heatran
|-damage|p1a: Heatran|87/100
|inactive|npctypebeat has 120 seconds left.
|
|t:|1779934090
|switch|p2a: Ting-Lu|Ting-Lu|75/100|[from] U-turn
|-ability|p2a: Ting-Lu|Vessel of Ruin
|move|p1a: Heatran|Magma Storm|p2a: Ting-Lu|[miss]
|-miss|p1a: Heatran|p2a: Ting-Lu
|
|-heal|p2a: Ting-Lu|81/100|[from] item: Leftovers
|upkeep
|turn|24
|
|t:|1779934103
|-end|p1a: Heatran|ability: Flash Fire|[silent]
|switch|p1a: Ogerpon|Ogerpon-Wellspring, F|100/100
|move|p2a: Ting-Lu|Sleep Talk||[still]
|-fail|p2a: Ting-Lu
|
|-heal|p2a: Ting-Lu|87/100|[from] item: Leftovers
|upkeep
|turn|25
|
|t:|1779934109
|switch|p2a: Corviknight|Corviknight, F|83/100
|-ability|p2a: Corviknight|Pressure
|move|p1a: Ogerpon|Ivy Cudgel|p2a: Corviknight|[anim] Ivy Cudgel Water
|-crit|p2a: Corviknight
|-damage|p2a: Corviknight|32/100
|
|upkeep
|turn|26
|
|t:|1779934120
|switch|p2a: Dondozo|Dondozo, M|100/100 slp
|move|p1a: Ogerpon|Ivy Cudgel|p2a: Dondozo|[anim] Ivy Cudgel Water
|-resisted|p2a: Dondozo
|-damage|p2a: Dondozo|82/100 slp
|
|-heal|p2a: Dondozo|88/100 slp|[from] item: Leftovers
|upkeep
|turn|27
|
|t:|1779934132
|switch|p1a: Dragapult|Dragapult, M|73/100
|cant|p2a: Dondozo|slp
|
|-heal|p2a: Dondozo|95/100 slp|[from] item: Leftovers
|upkeep
|turn|28
|
|t:|1779934150
|switch|p2a: Ting-Lu|Ting-Lu|87/100
|-ability|p2a: Ting-Lu|Vessel of Ruin
|move|p1a: Dragapult|Thunderbolt|p2a: Ting-Lu
|-immune|p2a: Ting-Lu
|
|-heal|p2a: Ting-Lu|93/100|[from] item: Leftovers
|upkeep
|turn|29
|
|t:|1779934171
|switch|p1a: Corviknight|Corviknight, F|100/100
|-ability|p1a: Corviknight|Pressure
|move|p2a: Ting-Lu|Payback|p1a: Corviknight
|-crit|p1a: Corviknight
|-damage|p1a: Corviknight|85/100
|-damage|p2a: Ting-Lu|77/100|[from] item: Rocky Helmet|[of] p1a: Corviknight
|
|-heal|p2a: Ting-Lu|83/100|[from] item: Leftovers
|upkeep
|turn|30
|
|t:|1779934184
|switch|p2a: Dondozo|Dondozo, M|95/100 slp
|move|p1a: Corviknight|Brave Bird|p2a: Dondozo
|-damage|p2a: Dondozo|74/100 slp
|-damage|p1a: Corviknight|77/100|[from] Recoil
|
|-heal|p2a: Dondozo|80/100 slp|[from] item: Leftovers
|upkeep
|turn|31
|inactive|npctypebeat has 120 seconds left.
|
|t:|1779934224
|switch|p1a: Clefable|Clefable, M|100/100
|cant|p2a: Dondozo|slp
|
|-heal|p2a: Dondozo|87/100 slp|[from] item: Leftovers
|upkeep
|turn|32
|
|t:|1779934232
|move|p1a: Clefable|Calm Mind|p1a: Clefable
|-boost|p1a: Clefable|spa|1
|-boost|p1a: Clefable|spd|1
|-curestatus|p2a: Dondozo|slp|[msg]
|move|p2a: Dondozo|Waterfall|p1a: Clefable
|-damage|p1a: Clefable|77/100
|
|-heal|p2a: Dondozo|93/100|[from] item: Leftovers
|upkeep
|turn|33
|inactive|npctypebeat has 90 seconds left.
|
|t:|1779934265
|move|p1a: Clefable|Calm Mind|p1a: Clefable
|-boost|p1a: Clefable|spa|1
|-boost|p1a: Clefable|spd|1
|move|p2a: Dondozo|Waterfall|p1a: Clefable
|-damage|p1a: Clefable|53/100
|
|-heal|p2a: Dondozo|99/100|[from] item: Leftovers
|upkeep
|turn|34
|inactive|npctypebeat has 90 seconds left.
|
|t:|1779934282
|move|p1a: Clefable|Moonlight|p1a: Clefable
|-heal|p1a: Clefable|100/100
|move|p2a: Dondozo|Body Press|p1a: Clefable
|-resisted|p1a: Clefable
|-damage|p1a: Clefable|91/100
|
|-heal|p2a: Dondozo|100/100|[from] item: Leftovers
|upkeep
|turn|35
|
|t:|1779934294
|move|p1a: Clefable|Moonblast|p2a: Dondozo
|-damage|p2a: Dondozo|72/100
|move|p2a: Dondozo|Body Press|p1a: Clefable
|-resisted|p1a: Clefable
|-damage|p1a: Clefable|83/100
|
|-heal|p2a: Dondozo|78/100|[from] item: Leftovers
|upkeep
|turn|36
|
|t:|1779934305
|move|p1a: Clefable|Moonblast|p2a: Dondozo
|-damage|p2a: Dondozo|53/100
|-unboost|p2a: Dondozo|spa|1
|move|p2a: Dondozo|Waterfall|p1a: Clefable
|-damage|p1a: Clefable|59/100
|
|-heal|p2a: Dondozo|59/100|[from] item: Leftovers
|upkeep
|turn|37
|
|t:|1779934312
|switch|p2a: Slowking|Slowking-Galar, M|100/100
|move|p1a: Clefable|Calm Mind|p1a: Clefable
|-boost|p1a: Clefable|spa|1
|-boost|p1a: Clefable|spd|1
|
|upkeep
|turn|38
|inactive|npctypebeat has 90 seconds left.
|
|t:|1779934322
|move|p1a: Clefable|Moonlight|p1a: Clefable
|-heal|p1a: Clefable|100/100
|move|p2a: Slowking|Sludge Bomb|p1a: Clefable
|-supereffective|p1a: Clefable
|-damage|p1a: Clefable|76/100
|-status|p1a: Clefable|psn
|
|upkeep
|turn|39
|
|t:|1779934331
|move|p1a: Clefable|Flamethrower|p2a: Slowking
|-damage|p2a: Slowking|54/100
|move|p2a: Slowking|Future Sight|p1a: Clefable
|-start|p2a: Slowking|move: Future Sight
|
|upkeep
|turn|40
|
|t:|1779934342
|switch|p2a: Dondozo|Dondozo, M|59/100
|move|p1a: Clefable|Flamethrower|p2a: Dondozo
|-resisted|p2a: Dondozo
|-crit|p2a: Dondozo
|-damage|p2a: Dondozo|46/100
|
|-heal|p2a: Dondozo|52/100|[from] item: Leftovers
|upkeep
|turn|41
|
|t:|1779934356
|move|p1a: Clefable|Moonblast|p2a: Dondozo
|-damage|p2a: Dondozo|27/100
|move|p2a: Dondozo|Waterfall|p1a: Clefable
|-damage|p1a: Clefable|53/100 psn
|
|-end|p1a: Clefable|move: Future Sight
|-damage|p1a: Clefable|37/100 psn
|-heal|p2a: Dondozo|33/100|[from] item: Leftovers
|upkeep
|turn|42
|
|t:|1779934370
|move|p1a: Clefable|Moonlight|p1a: Clefable
|-heal|p1a: Clefable|87/100 psn
|move|p2a: Dondozo|Waterfall|p1a: Clefable
|-damage|p1a: Clefable|61/100 psn
|
|-heal|p2a: Dondozo|39/100|[from] item: Leftovers
|upkeep
|turn|43
|inactive|npctypebeat has 90 seconds left.
|
|t:|1779934390
|move|p1a: Clefable|Calm Mind|p1a: Clefable
|-boost|p1a: Clefable|spa|1
|-boost|p1a: Clefable|spd|1
|move|p2a: Dondozo|Waterfall|p1a: Clefable
|-damage|p1a: Clefable|39/100 psn
|
|-heal|p2a: Dondozo|45/100|[from] item: Leftovers
|upkeep
|turn|44
|inactive|npctypebeat has 90 seconds left.
|
|t:|1779934412
|move|p1a: Clefable|Moonlight|p1a: Clefable
|-heal|p1a: Clefable|89/100 psn
|move|p2a: Dondozo|Waterfall|p1a: Clefable
|-damage|p1a: Clefable|65/100 psn
|
|-heal|p2a: Dondozo|51/100|[from] item: Leftovers
|upkeep
|turn|45
|
|t:|1779934433
|move|p1a: Clefable|Calm Mind|p1a: Clefable
|-boost|p1a: Clefable|spa|1
|-boost|p1a: Clefable|spd|1
|move|p2a: Dondozo|Waterfall|p1a: Clefable
|-damage|p1a: Clefable|41/100 psn
|
|-heal|p2a: Dondozo|57/100|[from] item: Leftovers
|upkeep
|turn|46
|
|t:|1779934451
|move|p1a: Clefable|Moonlight|p1a: Clefable
|-heal|p1a: Clefable|91/100 psn
|move|p2a: Dondozo|Waterfall|p1a: Clefable
|-damage|p1a: Clefable|68/100 psn
|
|-heal|p2a: Dondozo|64/100|[from] item: Leftovers
|upkeep
|turn|47
|inactive|npctypebeat has 60 seconds left.
|
|t:|1779934479
|move|p1a: Clefable|Moonblast|p2a: Dondozo
|-damage|p2a: Dondozo|36/100
|move|p2a: Dondozo|Waterfall|p1a: Clefable
|-damage|p1a: Clefable|42/100 psn
|
|-heal|p2a: Dondozo|42/100|[from] item: Leftovers
|upkeep
|turn|48
|
|t:|1779934502
|switch|p2a: Slowking|Slowking-Galar, M|87/100
|move|p1a: Clefable|Moonlight|p1a: Clefable
|-heal|p1a: Clefable|92/100 psn
|
|upkeep
|turn|49
|
|t:|1779934508
|switch|p2a: Dondozo|Dondozo, M|42/100
|move|p1a: Clefable|Flamethrower|p2a: Dondozo
|-resisted|p2a: Dondozo
|-damage|p2a: Dondozo|33/100
|
|-heal|p2a: Dondozo|39/100|[from] item: Leftovers
|upkeep
|turn|50
|
|t:|1779934514
|move|p1a: Clefable|Moonblast|p2a: Dondozo
|-damage|p2a: Dondozo|12/100
|move|p2a: Dondozo|Waterfall|p1a: Clefable
|-damage|p1a: Clefable|66/100 psn
|
|-heal|p2a: Dondozo|18/100|[from] item: Leftovers
|upkeep
|turn|51
|inactive|npctypebeat has 60 seconds left.
|
|t:|1779934520
|move|p1a: Clefable|Moonblast|p2a: Dondozo
|-damage|p2a: Dondozo|0 fnt
|faint|p2a: Dondozo
|
|upkeep
|inactive|npctypebeat has 60 seconds left.
|
|t:|1779934532
|switch|p2a: Cinderace|Cinderace, M|60/100
|turn|52
|inactive|npctypebeat has 60 seconds left.
|
|t:|1779934548
|move|p2a: Cinderace|Pyro Ball|p1a: Clefable|[miss]
|-miss|p2a: Cinderace|p1a: Clefable
|move|p1a: Clefable|Moonblast|p2a: Cinderace
|-resisted|p2a: Cinderace
|-damage|p2a: Cinderace|0 fnt
|faint|p2a: Cinderace
|
|upkeep
|
|t:|1779934565
|switch|p2a: Slowking|Slowking-Galar, M|100/100
|turn|53
|
|t:|1779934572
|move|p1a: Clefable|Flamethrower|p2a: Slowking
|-damage|p2a: Slowking|35/100
|move|p2a: Slowking|Sludge Bomb|p1a: Clefable
|-supereffective|p1a: Clefable
|-damage|p1a: Clefable|48/100 psn
|
|upkeep
|turn|54
|
|t:|1779934584
|switch|p2a: Corviknight|Corviknight, F|32/100
|-ability|p2a: Corviknight|Pressure
|move|p1a: Clefable|Moonlight|p1a: Clefable
|-heal|p1a: Clefable|98/100 psn
|
|upkeep
|turn|55
|
|t:|1779934593
|switch|p2a: Slowking|Slowking-Galar, M|69/100
|move|p1a: Clefable|Flamethrower|p2a: Slowking
|-damage|p2a: Slowking|0 fnt
|faint|p2a: Slowking
|
|upkeep
|
|t:|1779934597
|switch|p2a: Corviknight|Corviknight, F|32/100
|-ability|p2a: Corviknight|Pressure
|turn|56
|
|t:|1779934601
|switch|p2a: Ting-Lu|Ting-Lu|83/100
|-ability|p2a: Ting-Lu|Vessel of Ruin
|move|p1a: Clefable|Flamethrower|p2a: Ting-Lu
|-damage|p2a: Ting-Lu|46/100
|
|-heal|p2a: Ting-Lu|52/100|[from] item: Leftovers
|upkeep
|turn|57
|
|t:|1779934612
|move|p1a: Clefable|Moonblast|p2a: Ting-Lu
|-supereffective|p2a: Ting-Lu
|-damage|p2a: Ting-Lu|0 fnt
|faint|p2a: Ting-Lu
|
|upkeep
|inactive|npctypebeat has 60 seconds left.
|
|t:|1779934629
|switch|p2a: Corviknight|Corviknight, F|32/100
|-ability|p2a: Corviknight|Pressure
|turn|58
|c|☆Katellox444|GG
|inactive|npctypebeat has 60 seconds left.
|
|t:|1779934645
|move|p2a: Corviknight|U-turn|p1a: Clefable
|-resisted|p1a: Clefable
|-damage|p1a: Clefable|91/100 psn
|move|p1a: Clefable|Flamethrower|p2a: Corviknight
|-supereffective|p2a: Corviknight
|-damage|p2a: Corviknight|0 fnt
|faint|p2a: Corviknight
|
|win|Katellox444
|raw|Katellox444's rating: 1102 &rarr; <strong>1128</strong><br />(+26 for winning)
|raw|npctypebeat's rating: 1119 &rarr; <strong>1093</strong><br />(-26 for losing)
|c|☆npctypebeat|gg
|l|☆Katellox444
|player|p1|
