|j|‽aaagislash
|j|☆xxxduqi
|t:|1779953444
|gametype|singles
|player|p1|aaagislash|266|1435
|player|p2|xxxduqi|miku-flying|1445
|gen|9
|tier|[Gen 9] OU
|rated|
|rule|HP Percentage Mod: HP is shown in percentages
|rule|Endless Battle Clause: Forcing endless battles is banned
|rule|Species Clause: Limit one of each Pokémon
|rule|OHKO Clause: OHKO moves are banned
|rule|Evasion Items Clause: Evasion items are banned
|rule|Evasion Moves Clause: Evasion moves are banned
|rule|Evasion Abilities Clause: Evasion abilities are banned
|rule|Sleep Moves Clause: Sleep-inducing moves are banned
|clearpoke
|poke|p1|Poliwrath, M|
|poke|p1|Pelipper, F|
|poke|p1|Goodra-Hisui, M|
|poke|p1|Toxicroak, F|
|poke|p1|Kingdra, M|
|poke|p1|Rillaboom, F|
|poke|p2|Latias, F|
|poke|p2|Darkrai|
|poke|p2|Slowking-Galar, M|
|poke|p2|Corviknight, F|
|poke|p2|Kingambit, M|
|poke|p2|Landorus-Therian, M|
|teampreview
|inactive|Battle timer is ON: inactive players will automatically lose when time's up. (requested by xxxduqi)
|
|t:|1779953460
|teamsize|p1|6
|teamsize|p2|6
|start
|switch|p1a: Pelipper|Pelipper, F|100/100
|switch|p2a: Slowking|Slowking-Galar, M|100/100
|-weather|RainDance|[from] ability: Drizzle|[of] p1a: Pelipper
|turn|1
|
|t:|1779953463
|switch|p1a: Goodra|Goodra-Hisui, M|100/100
|-prepare|p2a: Slowking|Chilly Reception|[premajor]
|move|p2a: Slowking|Chilly Reception|p2a: Slowking
|-weather|Snowscape
|
|t:|1779953468
|switch|p2a: Landorus|Landorus-Therian, M|100/100|[from] Chilly Reception
|-ability|p2a: Landorus|Intimidate|boost
|-unboost|p1a: Goodra|atk|1
|
|-weather|Snowscape|[upkeep]
|upkeep
|turn|2
|
|t:|1779953470
|move|p2a: Landorus|Stealth Rock|p1a: Goodra
|-sidestart|p1: aaagislash|move: Stealth Rock
|move|p1a: Goodra|Surf|p2a: Landorus
|-supereffective|p2a: Landorus
|-crit|p2a: Landorus
|-damage|p2a: Landorus|16/100
|
|-weather|Snowscape|[upkeep]
|-heal|p2a: Landorus|22/100|[from] item: Leftovers
|upkeep
|turn|3
|
|t:|1779953473
|move|p2a: Landorus|Earthquake|p1a: Goodra
|-supereffective|p1a: Goodra
|-damage|p1a: Goodra|20/100
|move|p1a: Goodra|Surf|p2a: Landorus
|-supereffective|p2a: Landorus
|-damage|p2a: Landorus|0 fnt
|faint|p2a: Landorus
|
|-weather|Snowscape|[upkeep]
|upkeep
|
|t:|1779953479
|switch|p2a: Darkrai|Darkrai|100/100
|turn|4
|
|t:|1779953482
|switch|p1a: Pelipper|Pelipper, F|100/100
|-damage|p1a: Pelipper|75/100|[from] Stealth Rock
|-weather|RainDance|[from] ability: Drizzle|[of] p1a: Pelipper
|move|p2a: Darkrai|Dark Pulse|p1a: Pelipper
|-damage|p1a: Pelipper|21/100
|
|-weather|RainDance|[upkeep]
|upkeep
|turn|5
|
|t:|1779953489
|switch|p1a: Kingdra|Kingdra, M|100/100
|-damage|p1a: Kingdra|88/100|[from] Stealth Rock
|move|p2a: Darkrai|Dark Pulse|p1a: Kingdra
|-damage|p1a: Kingdra|31/100
|
|-weather|RainDance|[upkeep]
|upkeep
|turn|6
|
|t:|1779953501
|switch|p1a: Pelipper|Pelipper, F|21/100
|-damage|p1a: Pelipper|0 fnt|[from] Stealth Rock
|faint|p1a: Pelipper
|switch|p2a: Slowking|Slowking-Galar, M|100/100
|
|-weather|RainDance|[upkeep]
|upkeep
|
|t:|1779953507
|switch|p1a: Rillaboom|Rillaboom, F|100/100
|-damage|p1a: Rillaboom|88/100|[from] Stealth Rock
|-fieldstart|move: Grassy Terrain|[from] ability: Grassy Surge|[of] p1a: Rillaboom
|turn|7
|
|t:|1779953511
|-terastallize|p1a: Rillaboom|Ground
|move|p1a: Rillaboom|High Horsepower|p2a: Slowking
|-supereffective|p2a: Slowking
|-damage|p2a: Slowking|0 fnt
|faint|p2a: Slowking
|
|-weather|RainDance|[upkeep]
|-heal|p1a: Rillaboom|94/100|[from] Grassy Terrain
|upkeep
|
|t:|1779953515
|switch|p2a: Darkrai|Darkrai|100/100
|turn|8
|
|t:|1779953518
|move|p2a: Darkrai|Will-O-Wisp|p1a: Rillaboom
|-status|p1a: Rillaboom|brn
|move|p1a: Rillaboom|U-turn|p2a: Darkrai
|-supereffective|p2a: Darkrai
|-damage|p2a: Darkrai|67/100
|
|t:|1779953520
|switch|p1a: Poliwrath|Poliwrath, M|100/100|[from] U-turn
|-damage|p1a: Poliwrath|94/100|[from] Stealth Rock
|
|-weather|RainDance|[upkeep]
|-heal|p1a: Poliwrath|100/100|[from] Grassy Terrain
|-heal|p2a: Darkrai|73/100|[from] Grassy Terrain
|upkeep
|turn|9
|
|t:|1779953530
|-terastallize|p2a: Darkrai|Poison
|move|p1a: Poliwrath|Belly Drum|p1a: Poliwrath
|-damage|p1a: Poliwrath|50/100
|-setboost|p1a: Poliwrath|atk|6|[from] move: Belly Drum
|-enditem|p1a: Poliwrath|Sitrus Berry|[eat]
|-heal|p1a: Poliwrath|75/100|[from] item: Sitrus Berry
|move|p2a: Darkrai|Will-O-Wisp|p1a: Poliwrath
|-status|p1a: Poliwrath|brn
|
|-weather|RainDance|[upkeep]
|-heal|p1a: Poliwrath|82/100 brn|[from] Grassy Terrain
|-heal|p2a: Darkrai|79/100|[from] Grassy Terrain
|-damage|p1a: Poliwrath|75/100 brn|[from] brn
|upkeep
|turn|10
|
|t:|1779953545
|move|p1a: Poliwrath|Liquidation|p2a: Darkrai
|-damage|p2a: Darkrai|0 fnt
|faint|p2a: Darkrai
|
|-weather|RainDance|[upkeep]
|-heal|p1a: Poliwrath|82/100 brn|[from] Grassy Terrain
|-damage|p1a: Poliwrath|75/100 brn|[from] brn
|upkeep
|
|t:|1779953549
|switch|p2a: Latias|Latias, F|100/100
|turn|11
|
|t:|1779953553
|move|p1a: Poliwrath|Liquidation|p2a: Latias
|-resisted|p2a: Latias
|-damage|p2a: Latias|58/100
|move|p2a: Latias|Recover|p2a: Latias
|-heal|p2a: Latias|100/100
|
|-weather|none
|-heal|p1a: Poliwrath|82/100 brn|[from] Grassy Terrain
|-damage|p1a: Poliwrath|75/100 brn|[from] brn
|-fieldend|move: Grassy Terrain
|upkeep
|turn|12
|
|t:|1779953564
|move|p2a: Latias|Calm Mind|p2a: Latias
|-boost|p2a: Latias|spa|1
|-boost|p2a: Latias|spd|1
|move|p1a: Poliwrath|Drain Punch|p2a: Latias
|-resisted|p2a: Latias
|-damage|p2a: Latias|74/100
|-heal|p1a: Poliwrath|90/100 brn|[from] drain|[of] p2a: Latias
|
|-heal|p2a: Latias|80/100|[from] item: Leftovers
|-damage|p1a: Poliwrath|84/100 brn|[from] brn
|upkeep
|turn|13
|-message|aaagislash forfeited.
|
|win|xxxduqi
|raw|aaagislash's rating: 1435 &rarr; <strong>1416</strong><br />(-19 for losing)
|raw|xxxduqi's rating: 1445 &rarr; <strong>1464</strong><br />(+19 for winning)
|l|‽aaagislash
|player|p1|
|l|☆xxxduqi
|player|p2|
