|j|☆delacroixxx
|j|☆aanszo
|t:|1779966427
|gametype|singles
|player|p1|delacroixxx|az|1346
|player|p2|aanszo|266|1339
|gen|9
|tier|[Gen 9] OU
|rated|
|rule|HP Percentage Mod: HP is shown in percentages
|rule|Endless Battle Clause: Forcing endless battles is banned
|rule|Species Clause: Limit one of each Pokémon
|rule|OHKO Clause: OHKO moves are banned
|rule|Evasion Items Clause: Evasion items are banned
|rule|Evasion Moves Clause: Evasion moves are banned
|rule|Evasion Abilities Clause: Evasion abilities are banned
|rule|Sleep Moves Clause: Sleep-inducing moves are banned
|clearpoke
|poke|p1|Ninetales-Alola, M|
|poke|p1|Slowbro-Galar, M|
|poke|p1|Kingambit, M|
|poke|p1|Enamorus-Therian, F|
|poke|p1|Sinistcha-Masterpiece|
|poke|p1|Regidrago|
|poke|p2|Kingambit, F|
|poke|p2|Cinderace, F|
|poke|p2|Landorus-Therian, M|
|poke|p2|Iron Valiant|
|poke|p2|Kyurem|
|poke|p2|Slowking-Galar, M|
|teampreview
|inactive|Battle timer is ON: inactive players will automatically lose when time's up. (requested by delacroixxx)
|
|t:|1779966454
|teamsize|p1|6
|teamsize|p2|6
|start
|switch|p1a: ninetales-alollla|Ninetales-Alola, M|100/100
|switch|p2a: Slowking|Slowking-Galar, M, shiny|100/100
|-weather|Snowscape|[from] ability: Snow Warning|[of] p1a: ninetales-alollla
|turn|1
|
|t:|1779966458
|move|p1a: ninetales-alollla|Aurora Veil|p1a: ninetales-alollla
|-sidestart|p1: delacroixxx|move: Aurora Veil
|move|p2a: Slowking|Sludge Bomb|p1a: ninetales-alollla
|-supereffective|p1a: ninetales-alollla
|-damage|p1a: ninetales-alollla|66/100
|
|-weather|Snowscape|[upkeep]
|upkeep
|turn|2
|
|t:|1779966467
|switch|p1a: Slowbro|Slowbro-Galar, M|100/100
|move|p2a: Slowking|Sludge Bomb|p1a: Slowbro
|-resisted|p1a: Slowbro
|-damage|p1a: Slowbro|91/100
|
|-weather|Snowscape|[upkeep]
|upkeep
|turn|3
|
|t:|1779966471
|move|p1a: Slowbro|Nasty Plot|p1a: Slowbro
|-boost|p1a: Slowbro|spa|2
|move|p2a: Slowking|Thunder Wave|p1a: Slowbro
|-status|p1a: Slowbro|par
|
|-weather|Snowscape|[upkeep]
|upkeep
|turn|4
|-activate|p1a: Slowbro|ability: Quick Draw
|
|t:|1779966476
|move|p1a: Slowbro|Psyshock|p2a: Slowking
|-damage|p2a: Slowking|23/100
|move|p2a: Slowking|Psychic Noise|p1a: Slowbro
|-damage|p1a: Slowbro|73/100 par
|-start|p1a: Slowbro|move: Heal Block
|
|-weather|Snowscape|[upkeep]
|upkeep
|turn|5
|-activate|p1a: Slowbro|ability: Quick Draw
|
|t:|1779966482
|cant|p1a: Slowbro|par
|-prepare|p2a: Slowking|Chilly Reception|[premajor]
|move|p2a: Slowking|Chilly Reception|p2a: Slowking
|
|t:|1779966488
|switch|p2a: Cinderace|Cinderace, F, shiny|100/100|[from] Chilly Reception
|
|-weather|none
|-end|p1a: Slowbro|move: Heal Block
|upkeep
|turn|6
|
|t:|1779966492
|move|p2a: Cinderace|Court Change|p2a: Cinderace
|-swapsideconditions
|-activate|p2a: Cinderace|move: Court Change
|move|p1a: Slowbro|Sludge Bomb|p2a: Cinderace
|-damage|p2a: Cinderace|48/100
|
|upkeep
|turn|7
|-activate|p1a: Slowbro|item: Quick Claw
|
|t:|1779966499
|move|p1a: Slowbro|Sludge Bomb|p2a: Cinderace
|-damage|p2a: Cinderace|0 fnt
|faint|p2a: Cinderace
|
|upkeep
|
|t:|1779966504
|switch|p2a: Landorus|Landorus-Therian, M, shiny|100/100
|-ability|p2a: Landorus|Intimidate|boost
|-unboost|p1a: Slowbro|atk|1
|turn|8
|
|t:|1779966509
|move|p2a: Landorus|Earthquake|p1a: Slowbro
|-supereffective|p1a: Slowbro
|-damage|p1a: Slowbro|0 fnt
|faint|p1a: Slowbro
|
|-sideend|p2: aanszo|move: Aurora Veil
|upkeep
|
|t:|1779966514
|switch|p1a: ninetales-alollla|Ninetales-Alola, M|66/100
|-weather|Snowscape|[from] ability: Snow Warning|[of] p1a: ninetales-alollla
|turn|9
|
|t:|1779966528
|-terastallize|p2a: Landorus|Water
|move|p1a: ninetales-alollla|Aurora Veil|p1a: ninetales-alollla
|-sidestart|p1: delacroixxx|move: Aurora Veil
|move|p2a: Landorus|Rock Tomb|p1a: ninetales-alollla
|-supereffective|p1a: ninetales-alollla
|-crit|p1a: ninetales-alollla
|-damage|p1a: ninetales-alollla|16/100
|-unboost|p1a: ninetales-alollla|spe|1
|
|-weather|Snowscape|[upkeep]
|upkeep
|turn|10
|
|t:|1779966539
|move|p2a: Landorus|Rock Tomb|p1a: ninetales-alollla
|-supereffective|p1a: ninetales-alollla
|-damage|p1a: ninetales-alollla|1/100
|-unboost|p1a: ninetales-alollla|spe|1
|move|p1a: ninetales-alollla|Freeze-Dry|p2a: Landorus
|-supereffective|p2a: Landorus
|-damage|p2a: Landorus|48/100
|
|-weather|Snowscape|[upkeep]
|upkeep
|turn|11
|
|t:|1779966543
|move|p2a: Landorus|U-turn|p1a: ninetales-alollla
|-resisted|p1a: ninetales-alollla
|-damage|p1a: ninetales-alollla|0 fnt
|faint|p1a: ninetales-alollla
|
|t:|1779966547
|switch|p2a: Slowking|Slowking-Galar, M, shiny|56/100|[from] U-turn
|
|-weather|Snowscape|[upkeep]
|upkeep
|
|t:|1779966558
|switch|p1a: Regidrago|Regidrago|100/100
|turn|12
|
|t:|1779966574
|move|p1a: Regidrago|Dragon Energy|p2a: Slowking
|-damage|p2a: Slowking|0 fnt
|faint|p2a: Slowking
|
|-weather|Snowscape|[upkeep]
|upkeep
|
|t:|1779966576
|switch|p2a: Iron Valiant|Iron Valiant|100/100
|-enditem|p2a: Iron Valiant|Booster Energy
|-activate|p2a: Iron Valiant|ability: Quark Drive|[fromitem]
|-start|p2a: Iron Valiant|quarkdrivespe
|turn|13
|
|t:|1779966582
|switch|p1a: Sinistcha|Sinistcha-Masterpiece, shiny|100/100
|move|p2a: Iron Valiant|Calm Mind|p2a: Iron Valiant
|-boost|p2a: Iron Valiant|spa|1
|-boost|p2a: Iron Valiant|spd|1
|
|-weather|none
|upkeep
|turn|14
|
|t:|1779966586
|move|p2a: Iron Valiant|Shadow Ball|p1a: Sinistcha
|-supereffective|p1a: Sinistcha
|-damage|p1a: Sinistcha|56/100
|move|p1a: Sinistcha|Calm Mind|p1a: Sinistcha
|-boost|p1a: Sinistcha|spa|1
|-boost|p1a: Sinistcha|spd|1
|
|-heal|p1a: Sinistcha|62/100|[from] item: Leftovers
|upkeep
|turn|15
|
|t:|1779966590
|move|p2a: Iron Valiant|Encore|p1a: Sinistcha
|-start|p1a: Sinistcha|Encore
|move|p1a: Sinistcha|Calm Mind|p1a: Sinistcha
|-boost|p1a: Sinistcha|spa|1
|-boost|p1a: Sinistcha|spd|1
|
|-heal|p1a: Sinistcha|68/100|[from] item: Leftovers
|upkeep
|turn|16
|
|t:|1779966595
|switch|p1a: Kingambit|Kingambit, M|100/100
|-activate|p1a: Kingambit|ability: Supreme Overlord
|-start|p1a: Kingambit|fallen2|[silent]
|move|p2a: Iron Valiant|Calm Mind|p2a: Iron Valiant
|-boost|p2a: Iron Valiant|spa|1
|-boost|p2a: Iron Valiant|spd|1
|
|-sideend|p1: delacroixxx|move: Aurora Veil
|upkeep
|turn|17
|
|t:|1779966602
|move|p2a: Iron Valiant|Moonblast|p1a: Kingambit
|-damage|p1a: Kingambit|7/100
|move|p1a: Kingambit|Iron Head|p2a: Iron Valiant
|-supereffective|p2a: Iron Valiant
|-damage|p2a: Iron Valiant|0 fnt
|faint|p2a: Iron Valiant
|-end|p2a: Iron Valiant|Quark Drive|[silent]
|
|upkeep
|
|t:|1779966605
|switch|p2a: Landorus|Landorus-Therian, M, shiny, tera:Water|48/100
|-ability|p2a: Landorus|Intimidate|boost
|-unboost|p1a: Kingambit|atk|1
|turn|18
|
|t:|1779966610
|move|p2a: Landorus|U-turn|p1a: Kingambit
|-damage|p1a: Kingambit|0 fnt
|faint|p1a: Kingambit
|-end|p1a: Kingambit|fallen2|[silent]
|
|t:|1779966613
|switch|p2a: Kyurem|Kyurem, shiny|100/100|[from] U-turn
|-ability|p2a: Kyurem|Pressure
|
|upkeep
|
|t:|1779966617
|switch|p1a: Regidrago|Regidrago|100/100
|turn|19
|
|t:|1779966620
|move|p2a: Kyurem|Protect|p2a: Kyurem
|-singleturn|p2a: Kyurem|Protect
|move|p1a: Regidrago|Dragon Energy|p2a: Kyurem
|-activate|p2a: Kyurem|move: Protect
|
|upkeep
|turn|20
|
|t:|1779966627
|switch|p2a: Landorus|Landorus-Therian, M, shiny, tera:Water|48/100
|-ability|p2a: Landorus|Intimidate|boost
|-unboost|p1a: Regidrago|atk|1
|move|p1a: Regidrago|Dragon Energy|p2a: Landorus
|-damage|p2a: Landorus|0 fnt
|faint|p2a: Landorus
|
|upkeep
|
|t:|1779966628
|switch|p2a: Kyurem|Kyurem, shiny|100/100
|-ability|p2a: Kyurem|Pressure
|turn|21
|
|t:|1779966631
|move|p2a: Kyurem|Protect|p2a: Kyurem
|-singleturn|p2a: Kyurem|Protect
|move|p1a: Regidrago|Dragon Energy|p2a: Kyurem
|-activate|p2a: Kyurem|move: Protect
|
|upkeep
|turn|22
|
|t:|1779966637
|switch|p2a: Kingambit|Kingambit, F|100/100
|-activate|p2a: Kingambit|ability: Supreme Overlord
|-start|p2a: Kingambit|fallen4|[silent]
|move|p1a: Regidrago|Dragon Energy|p2a: Kingambit
|-resisted|p2a: Kingambit
|-damage|p2a: Kingambit|44/100
|
|-heal|p2a: Kingambit|51/100|[from] item: Leftovers
|upkeep
|turn|23
|
|t:|1779966642
|switch|p1a: Sinistcha|Sinistcha-Masterpiece, shiny|68/100
|move|p2a: Kingambit|Sucker Punch||[still]
|-fail|p2a: Kingambit
|
|-heal|p1a: Sinistcha|74/100|[from] item: Leftovers
|-heal|p2a: Kingambit|57/100|[from] item: Leftovers
|upkeep
|turn|24
|
|t:|1779966648
|move|p1a: Sinistcha|Calm Mind|p1a: Sinistcha
|-boost|p1a: Sinistcha|spa|1
|-boost|p1a: Sinistcha|spd|1
|move|p2a: Kingambit|Kowtow Cleave|p1a: Sinistcha
|-supereffective|p1a: Sinistcha
|-damage|p1a: Sinistcha|0 fnt
|faint|p1a: Sinistcha
|
|-heal|p2a: Kingambit|63/100|[from] item: Leftovers
|upkeep
|
|t:|1779966651
|switch|p1a: Enamorus|Enamorus-Therian, F|100/100
|turn|25
|
|t:|1779966655
|move|p2a: Kingambit|Iron Head|p1a: Enamorus
|-supereffective|p1a: Enamorus
|-damage|p1a: Enamorus|0 fnt
|faint|p1a: Enamorus
|
|-heal|p2a: Kingambit|69/100|[from] item: Leftovers
|upkeep
|
|t:|1779966658
|switch|p1a: Regidrago|Regidrago|100/100
|turn|26
|
|t:|1779966663
|move|p2a: Kingambit|Sucker Punch|p1a: Regidrago
|-damage|p1a: Regidrago|37/100
|move|p1a: Regidrago|Dragon Energy|p2a: Kingambit
|-resisted|p2a: Kingambit
|-crit|p2a: Kingambit
|-damage|p2a: Kingambit|43/100
|
|-heal|p2a: Kingambit|50/100|[from] item: Leftovers
|upkeep
|turn|27
|-message|delacroixxx forfeited.
|
|win|aanszo
|raw|delacroixxx's rating: 1346 &rarr; <strong>1326</strong><br />(-20 for losing)
|raw|aanszo's rating: 1339 &rarr; <strong>1359</strong><br />(+20 for winning)
|l|☆delacroixxx
|player|p1|
|c|☆aanszo|moron
|l|☆aanszo
|player|p2|
