|j|☆6Nicolas7
|j|☆Pelogrulla72
|t:|1779803525
|gametype|singles
|player|p1|6Nicolas7|waitress-gen4|1104
|player|p2|Pelogrulla72|erika|1129
|gen|9
|tier|[Gen 9] OU
|rated|
|rule|HP Percentage Mod: HP is shown in percentages
|rule|Endless Battle Clause: Forcing endless battles is banned
|rule|Species Clause: Limit one of each Pokémon
|rule|OHKO Clause: OHKO moves are banned
|rule|Evasion Items Clause: Evasion items are banned
|rule|Evasion Moves Clause: Evasion moves are banned
|rule|Evasion Abilities Clause: Evasion abilities are banned
|rule|Sleep Moves Clause: Sleep-inducing moves are banned
|clearpoke
|poke|p1|Dragapult, M|
|poke|p1|Zapdos|
|poke|p1|Kingambit, M|
|poke|p1|Arcanine-Hisui, M|
|poke|p1|Ogerpon-Wellspring, F|
|poke|p1|Glimmora, M|
|poke|p2|Ursaluna, F|
|poke|p2|Ambipom, M|
|poke|p2|Arbok, M|
|poke|p2|Lokix, F|
|poke|p2|Polteageist-Antique|
|poke|p2|Cinderace, M|
|teampreview
|inactive|Battle timer is ON: inactive players will automatically lose when time's up. (requested by Pelogrulla72)
|
|t:|1779803537
|teamsize|p1|6
|teamsize|p2|6
|start
|switch|p1a: Glimmora|Glimmora, M|100/100
|switch|p2a: Mr blue sky|Ambipom, M|100/100
|-item|p1a: Glimmora|Air Balloon
|turn|1
|
|t:|1779803547
|move|p2a: Mr blue sky|Fake Out|p1a: Glimmora
|-resisted|p1a: Glimmora
|-damage|p1a: Glimmora|85/100
|-activate|p1a: Glimmora|ability: Toxic Debris
|-sidestart|p2: Pelogrulla72|move: Toxic Spikes
|-enditem|p1a: Glimmora|Air Balloon
|cant|p1a: Glimmora|flinch
|
|upkeep
|turn|2
|
|t:|1779803554
|move|p2a: Mr blue sky|Triple Axel|p1a: Glimmora|[miss]
|-miss|p2a: Mr blue sky|p1a: Glimmora
|move|p1a: Glimmora|Sludge Bomb|p2a: Mr blue sky
|-damage|p2a: Mr blue sky|19/100
|
|upkeep
|turn|3
|
|t:|1779803563
|move|p2a: Mr blue sky|Triple Axel|p1a: Glimmora
|-damage|p1a: Glimmora|76/100
|-activate|p1a: Glimmora|ability: Toxic Debris
|-sidestart|p2: Pelogrulla72|move: Toxic Spikes
|-damage|p1a: Glimmora|60/100
|-damage|p1a: Glimmora|37/100
|-hitcount|p1a: Glimmora|3
|move|p1a: Glimmora|Mortal Spin|p2a: Mr blue sky
|-damage|p2a: Mr blue sky|8/100
|-status|p2a: Mr blue sky|psn
|
|-damage|p2a: Mr blue sky|0 fnt|[from] psn
|faint|p2a: Mr blue sky
|upkeep
|
|t:|1779803574
|switch|p2a: Pau Palacín|Cinderace, M, shiny|100/100
|turn|4
|
|t:|1779803587
|move|p2a: Pau Palacín|Pyro Ball|p1a: Glimmora
|-resisted|p1a: Glimmora
|-damage|p1a: Glimmora|5/100
|move|p1a: Glimmora|Earth Power|p2a: Pau Palacín
|-supereffective|p2a: Pau Palacín
|-crit|p2a: Pau Palacín
|-damage|p2a: Pau Palacín|0 fnt
|faint|p2a: Pau Palacín
|
|upkeep
|
|t:|1779803592
|switch|p2a: Teto pear 31|Arbok, M, shiny|100/100
|-sideend|p2: Pelogrulla72|move: Toxic Spikes|[of] p2a: Teto pear 31
|-ability|p2a: Teto pear 31|Intimidate|boost
|-unboost|p1a: Glimmora|atk|1
|turn|5
|
|t:|1779803601
|move|p1a: Glimmora|Earth Power|p2a: Teto pear 31
|-supereffective|p2a: Teto pear 31
|-damage|p2a: Teto pear 31|27/100
|move|p2a: Teto pear 31|Coil|p2a: Teto pear 31
|-boost|p2a: Teto pear 31|atk|1
|-boost|p2a: Teto pear 31|def|1
|-boost|p2a: Teto pear 31|accuracy|1
|
|-heal|p2a: Teto pear 31|33/100|[from] item: Leftovers
|upkeep
|turn|6
|
|t:|1779803610
|move|p2a: Teto pear 31|Sucker Punch|p1a: Glimmora
|-damage|p1a: Glimmora|0 fnt
|-activate|p1a: Glimmora|ability: Toxic Debris
|-sidestart|p2: Pelogrulla72|move: Toxic Spikes
|faint|p1a: Glimmora
|
|-heal|p2a: Teto pear 31|40/100|[from] item: Leftovers
|upkeep
|
|t:|1779803618
|switch|p1a: Dios Plan de Hisui|Arcanine-Hisui, M|100/100
|-ability|p1a: Dios Plan de Hisui|Intimidate|boost
|-unboost|p2a: Teto pear 31|atk|1
|turn|7
|
|t:|1779803630
|switch|p2a: Ursaking|Ursaluna, F, shiny|100/100
|-status|p2a: Ursaking|psn
|move|p1a: Dios Plan de Hisui|Overheat|p2a: Ursaking
|-damage|p2a: Ursaking|54/100 psn
|-unboost|p1a: Dios Plan de Hisui|spa|2
|
|-damage|p2a: Ursaking|41/100 psn|[from] psn
|upkeep
|turn|8
|
|t:|1779803642
|move|p1a: Dios Plan de Hisui|Close Combat|p2a: Ursaking
|-supereffective|p2a: Ursaking
|-damage|p2a: Ursaking|0 fnt
|-unboost|p1a: Dios Plan de Hisui|def|1
|-unboost|p1a: Dios Plan de Hisui|spd|1
|faint|p2a: Ursaking
|
|upkeep
|
|t:|1779803646
|switch|p2a: Teto pear 31|Arbok, M, shiny|40/100
|-sideend|p2: Pelogrulla72|move: Toxic Spikes|[of] p2a: Teto pear 31
|-ability|p2a: Teto pear 31|Intimidate|boost
|-unboost|p1a: Dios Plan de Hisui|atk|1
|turn|9
|
|t:|1779803659
|move|p1a: Dios Plan de Hisui|Extreme Speed|p2a: Teto pear 31
|-damage|p2a: Teto pear 31|15/100
|move|p2a: Teto pear 31|Sucker Punch||[still]
|-fail|p2a: Teto pear 31
|
|-heal|p2a: Teto pear 31|21/100|[from] item: Leftovers
|upkeep
|turn|10
|
|t:|1779803674
|switch|p2a: Lil Netanyahu|Polteageist-Antique|100/100
|move|p1a: Dios Plan de Hisui|Extreme Speed|p2a: Lil Netanyahu
|-immune|p2a: Lil Netanyahu
|
|upkeep
|turn|11
|
|t:|1779803682
|move|p1a: Dios Plan de Hisui|Power Gem|p2a: Lil Netanyahu
|-damage|p2a: Lil Netanyahu|83/100
|move|p2a: Lil Netanyahu|Shell Smash|p2a: Lil Netanyahu
|-unboost|p2a: Lil Netanyahu|def|1
|-unboost|p2a: Lil Netanyahu|spd|1
|-boost|p2a: Lil Netanyahu|atk|2
|-boost|p2a: Lil Netanyahu|spa|2
|-boost|p2a: Lil Netanyahu|spe|2
|
|upkeep
|turn|12
|
|t:|1779803698
|move|p2a: Lil Netanyahu|Stored Power|p1a: Dios Plan de Hisui
|-damage|p1a: Dios Plan de Hisui|0 fnt
|faint|p1a: Dios Plan de Hisui
|
|upkeep
|
|t:|1779803703
|switch|p1a: Dragapult|Dragapult, M, shiny|100/100
|turn|13
|
|t:|1779803713
|-terastallize|p2a: Lil Netanyahu|Normal
|-terastallize|p1a: Dragapult|Normal
|move|p2a: Lil Netanyahu|Shell Smash|p2a: Lil Netanyahu
|-unboost|p2a: Lil Netanyahu|def|1
|-unboost|p2a: Lil Netanyahu|spd|1
|-boost|p2a: Lil Netanyahu|atk|2
|-boost|p2a: Lil Netanyahu|spa|2
|-boost|p2a: Lil Netanyahu|spe|2
|move|p1a: Dragapult|Shadow Ball|p2a: Lil Netanyahu
|-immune|p2a: Lil Netanyahu
|
|upkeep
|turn|14
|
|t:|1779803729
|move|p2a: Lil Netanyahu|Giga Drain|p1a: Dragapult
|-damage|p1a: Dragapult|0 fnt
|-heal|p2a: Lil Netanyahu|100/100|[from] drain|[of] p1a: Dragapult
|faint|p1a: Dragapult
|
|upkeep
|
|t:|1779803736
|switch|p1a: Ogerpon|Ogerpon-Wellspring, F|100/100
|turn|15
|
|t:|1779803742
|move|p2a: Lil Netanyahu|Stored Power|p1a: Ogerpon
|-damage|p1a: Ogerpon|0 fnt
|faint|p1a: Ogerpon
|
|upkeep
|
|t:|1779803747
|switch|p1a: KFC|Zapdos|100/100
|-ability|p1a: KFC|Pressure
|turn|16
|
|t:|1779803756
|move|p2a: Lil Netanyahu|Stored Power|p1a: KFC
|-damage|p1a: KFC|0 fnt
|faint|p1a: KFC
|
|upkeep
|
|t:|1779803760
|switch|p1a: Gitanillo|Kingambit, M|100/100
|-activate|p1a: Gitanillo|ability: Supreme Overlord
|-start|p1a: Gitanillo|fallen5|[silent]
|turn|17
|c|☆Pelogrulla72|Ay pero si es el partiarca
|
|t:|1779803776
|move|p2a: Lil Netanyahu|Shadow Ball|p1a: Gitanillo
|-resisted|p1a: Gitanillo
|-damage|p1a: Gitanillo|29/100
|move|p1a: Gitanillo|Night Slash|p2a: Lil Netanyahu
|-crit|p2a: Lil Netanyahu
|-enditem|p2a: Lil Netanyahu|Focus Sash
|-damage|p2a: Lil Netanyahu|1/100
|-ability|p2a: Lil Netanyahu|Weak Armor|boost
|-unboost|p2a: Lil Netanyahu|def|1
|-boost|p2a: Lil Netanyahu|spe|2
|
|-heal|p1a: Gitanillo|35/100|[from] item: Leftovers
|upkeep
|turn|18
|
|t:|1779803788
|move|p1a: Gitanillo|Sucker Punch|p2a: Lil Netanyahu
|-damage|p2a: Lil Netanyahu|0 fnt
|faint|p2a: Lil Netanyahu
|
|-heal|p1a: Gitanillo|41/100|[from] item: Leftovers
|upkeep
|
|t:|1779803796
|switch|p2a: Teto pear 31|Arbok, M, shiny|21/100
|-ability|p2a: Teto pear 31|Intimidate|boost
|-unboost|p1a: Gitanillo|atk|1
|turn|19
|
|t:|1779803808
|move|p2a: Teto pear 31|Earthquake|p1a: Gitanillo
|-supereffective|p1a: Gitanillo
|-damage|p1a: Gitanillo|0 fnt
|faint|p1a: Gitanillo
|-end|p1a: Gitanillo|fallen5|[silent]
|
|win|Pelogrulla72
|raw|6Nicolas7's rating: 1104 &rarr; <strong>1081</strong><br />(-23 for losing)
|raw|Pelogrulla72's rating: 1129 &rarr; <strong>1152</strong><br />(+23 for winning)
|l|☆6Nicolas7
|player|p1|
|c|☆Pelogrulla72|bien jugado
|l|☆Pelogrulla72
|player|p2|
