|j|☆sxde
|j|☆isaac_gam3r
|t:|1779880963
|gametype|singles
|player|p1|sxde|ethan|1741
|player|p2|isaac_gam3r|acetrainer-gen4dp|1759
|gen|9
|tier|[Gen 9] OU
|rated|
|rule|HP Percentage Mod: HP is shown in percentages
|rule|Endless Battle Clause: Forcing endless battles is banned
|rule|Species Clause: Limit one of each Pokémon
|rule|OHKO Clause: OHKO moves are banned
|rule|Evasion Items Clause: Evasion items are banned
|rule|Evasion Moves Clause: Evasion moves are banned
|rule|Evasion Abilities Clause: Evasion abilities are banned
|rule|Sleep Moves Clause: Sleep-inducing moves are banned
|clearpoke
|poke|p1|Dragonite, M|
|poke|p1|Gholdengo|
|poke|p1|Landorus-Therian, M|
|poke|p1|Ogerpon-Wellspring, F|
|poke|p1|Kingambit, M|
|poke|p1|Hatterene, F|
|poke|p2|Primarina, F|
|poke|p2|Raging Bolt|
|poke|p2|Heatran, M|
|poke|p2|Weezing-Galar, M|
|poke|p2|Garchomp, M|
|poke|p2|Weavile, F|
|teampreview
|inactive|Battle timer is ON: inactive players will automatically lose when time's up. (requested by isaac_gam3r)
|j| BiscoitoXDBr
|
|t:|1779880999
|teamsize|p1|6
|teamsize|p2|6
|start
|switch|p1a: Landorus|Landorus-Therian, M|100/100
|switch|p2a: Weavile|Weavile, F|100/100
|-ability|p2a: Weavile|Pressure
|-ability|p1a: Landorus|Intimidate|boost
|-unboost|p2a: Weavile|atk|1
|turn|1
|j| hattybatty304
|
|t:|1779881005
|switch|p1a: Kingambit|Kingambit, M|100/100
|move|p2a: Weavile|Knock Off|p1a: Kingambit
|-resisted|p1a: Kingambit
|-damage|p1a: Kingambit|88/100
|-enditem|p1a: Kingambit|Leftovers|[from] move: Knock Off|[of] p2a: Weavile
|
|upkeep
|turn|2
|
|t:|1779881018
|switch|p2a: Garchomp|Garchomp, M|100/100
|move|p1a: Kingambit|Iron Head|p2a: Garchomp
|-crit|p2a: Garchomp
|-damage|p2a: Garchomp|36/100
|-damage|p1a: Kingambit|75/100|[from] ability: Rough Skin|[of] p2a: Garchomp
|
|upkeep
|turn|3
|
|t:|1779881032
|-end|p1a: Kingambit|fallenundefined|[silent]
|switch|p1a: Landorus|Landorus-Therian, M|100/100
|-ability|p1a: Landorus|Intimidate|boost
|-unboost|p2a: Garchomp|atk|1
|move|p2a: Garchomp|Earthquake|p1a: Landorus
|-immune|p1a: Landorus
|
|upkeep
|turn|4
|
|t:|1779881042
|switch|p2a: Weezing|Weezing-Galar, M, shiny|100/100
|move|p1a: Landorus|Earthquake|p2a: Weezing
|-immune|p2a: Weezing|[from] ability: Levitate
|
|upkeep
|turn|5
|
|t:|1779881052
|move|p1a: Landorus|U-turn|p2a: Weezing
|-resisted|p2a: Weezing
|-damage|p2a: Weezing|97/100
|
|t:|1779881053
|switch|p1a: Gholdengo|Gholdengo|100/100|[from] U-turn
|-item|p1a: Gholdengo|Air Balloon
|move|p2a: Weezing|Strange Steam|p1a: Gholdengo
|-resisted|p1a: Gholdengo
|-damage|p1a: Gholdengo|86/100
|-enditem|p1a: Gholdengo|Air Balloon
|
|-heal|p2a: Weezing|100/100|[from] item: Black Sludge
|upkeep
|turn|6
|
|t:|1779881068
|switch|p1a: Landorus|Landorus-Therian, M|100/100
|-ability|p1a: Landorus|Intimidate|boost
|-unboost|p2a: Weezing|atk|1
|switch|p2a: Heatran|Heatran, M|100/100
|
|upkeep
|turn|7
|
|t:|1779881078
|switch|p2a: Weezing|Weezing-Galar, M, shiny|100/100
|move|p1a: Landorus|Stealth Rock|p2a: Weezing
|-sidestart|p2: isaac_gam3r|move: Stealth Rock
|
|upkeep
|turn|8
|
|t:|1779881086
|move|p1a: Landorus|U-turn|p2a: Weezing
|-resisted|p2a: Weezing
|-crit|p2a: Weezing
|-damage|p2a: Weezing|95/100
|
|t:|1779881090
|switch|p1a: Kingambit|Kingambit, M|75/100|[from] U-turn
|move|p2a: Weezing|Strange Steam|p1a: Kingambit|[miss]
|-miss|p2a: Weezing|p1a: Kingambit
|
|-heal|p2a: Weezing|100/100|[from] item: Black Sludge
|upkeep
|turn|9
|
|t:|1779881095
|move|p1a: Kingambit|Iron Head|p2a: Weezing
|-supereffective|p2a: Weezing
|-damage|p2a: Weezing|37/100
|move|p2a: Weezing|Will-O-Wisp|p1a: Kingambit
|-status|p1a: Kingambit|brn
|
|-heal|p2a: Weezing|43/100|[from] item: Black Sludge
|-damage|p1a: Kingambit|69/100 brn|[from] brn
|upkeep
|turn|10
|
|t:|1779881100
|move|p1a: Kingambit|Iron Head|p2a: Weezing
|-supereffective|p2a: Weezing
|-damage|p2a: Weezing|12/100
|move|p2a: Weezing|Defog|p1a: Kingambit
|-unboost|p1a: Kingambit|evasion|1
|-sideend|p2: isaac_gam3r|Stealth Rock|[from] move: Defog|[of] p2a: Weezing
|
|-heal|p2a: Weezing|18/100|[from] item: Black Sludge
|-damage|p1a: Kingambit|63/100 brn|[from] brn
|upkeep
|turn|11
|
|t:|1779881105
|switch|p2a: Primarina|Primarina, F, shiny|100/100
|move|p1a: Kingambit|Iron Head|p2a: Primarina
|-damage|p2a: Primarina|74/100
|
|-heal|p2a: Primarina|80/100|[from] item: Leftovers
|-damage|p1a: Kingambit|57/100 brn|[from] brn
|upkeep
|turn|12
|
|t:|1779881109
|move|p1a: Kingambit|Iron Head|p2a: Primarina
|-damage|p2a: Primarina|50/100
|move|p2a: Primarina|Draining Kiss|p1a: Kingambit
|-damage|p1a: Kingambit|27/100 brn
|-heal|p2a: Primarina|73/100|[from] drain|[of] p1a: Kingambit
|
|-heal|p2a: Primarina|79/100|[from] item: Leftovers
|-damage|p1a: Kingambit|21/100 brn|[from] brn
|upkeep
|turn|13
|
|t:|1779881112
|move|p2a: Primarina|Protect|p2a: Primarina
|-singleturn|p2a: Primarina|Protect
|move|p1a: Kingambit|Iron Head|p2a: Primarina
|-activate|p2a: Primarina|move: Protect
|
|-heal|p2a: Primarina|85/100|[from] item: Leftovers
|-damage|p1a: Kingambit|15/100 brn|[from] brn
|upkeep
|turn|14
|
|t:|1779881114
|move|p1a: Kingambit|Iron Head|p2a: Primarina
|-damage|p2a: Primarina|57/100
|cant|p2a: Primarina|flinch
|
|-heal|p2a: Primarina|63/100|[from] item: Leftovers
|-damage|p1a: Kingambit|9/100 brn|[from] brn
|upkeep
|turn|15
|
|t:|1779881116
|move|p2a: Primarina|Protect|p2a: Primarina
|-singleturn|p2a: Primarina|Protect
|move|p1a: Kingambit|Iron Head|p2a: Primarina
|-activate|p2a: Primarina|move: Protect
|
|-heal|p2a: Primarina|69/100|[from] item: Leftovers
|-damage|p1a: Kingambit|3/100 brn|[from] brn
|upkeep
|turn|16
|
|t:|1779881118
|move|p1a: Kingambit|Iron Head|p2a: Primarina
|-damage|p2a: Primarina|41/100
|move|p2a: Primarina|Draining Kiss|p1a: Kingambit
|-damage|p1a: Kingambit|0 fnt
|-heal|p2a: Primarina|43/100|[from] drain|[of] p1a: Kingambit
|faint|p1a: Kingambit
|-end|p1a: Kingambit|fallenundefined|[silent]
|
|-heal|p2a: Primarina|49/100|[from] item: Leftovers
|upkeep
|
|t:|1779881123
|switch|p1a: Ogerpon|Ogerpon-Wellspring, F|100/100
|turn|17
|j| samurajen
|inactive|isaac_gam3r has 120 seconds left.
|
|t:|1779881154
|switch|p2a: Weezing|Weezing-Galar, M, shiny|18/100
|move|p1a: Ogerpon|Swords Dance|p1a: Ogerpon
|-boost|p1a: Ogerpon|atk|2
|
|-heal|p2a: Weezing|24/100|[from] item: Black Sludge
|upkeep
|turn|18
|
|t:|1779881158
|move|p1a: Ogerpon|Ivy Cudgel|p2a: Weezing|[anim] Ivy Cudgel Water
|-damage|p2a: Weezing|0 fnt
|faint|p2a: Weezing
|
|upkeep
|
|t:|1779881160
|switch|p2a: Garchomp|Garchomp, M|36/100
|turn|19
|
|t:|1779881163
|-terastallize|p2a: Garchomp|Dragon
|move|p2a: Garchomp|Outrage|p1a: Ogerpon
|-damage|p1a: Ogerpon|0 fnt
|faint|p1a: Ogerpon
|
|upkeep
|
|t:|1779881181
|switch|p1a: Hatterene|Hatterene, F|100/100
|turn|20
|
|t:|1779881186
|move|p2a: Garchomp|Outrage|p1a: Hatterene|[from] lockedmove
|-immune|p1a: Hatterene
|-start|p2a: Garchomp|confusion|[fatigue]
|move|p1a: Hatterene|Draining Kiss|p2a: Garchomp
|-supereffective|p2a: Garchomp
|-damage|p2a: Garchomp|0 fnt
|-damage|p1a: Hatterene|88/100|[from] ability: Rough Skin|[of] p2a: Garchomp
|faint|p2a: Garchomp
|
|upkeep
|
|t:|1779881194
|switch|p2a: Primarina|Primarina, F, shiny|49/100
|turn|21
|
|t:|1779881197
|move|p2a: Primarina|Sparkling Aria|p1a: Hatterene
|-damage|p1a: Hatterene|55/100
|move|p1a: Hatterene|Psychic Noise|p2a: Primarina
|-damage|p2a: Primarina|16/100
|-start|p2a: Primarina|move: Heal Block
|
|upkeep
|turn|22
|
|t:|1779881201
|move|p2a: Primarina|Sparkling Aria|p1a: Hatterene
|-damage|p1a: Hatterene|11/100
|move|p1a: Hatterene|Draining Kiss|p2a: Primarina
|-damage|p2a: Primarina|0 fnt
|-heal|p1a: Hatterene|24/100|[from] drain|[of] p2a: Primarina
|faint|p2a: Primarina
|
|upkeep
|
|t:|1779881208
|switch|p2a: Weavile|Weavile, F|100/100
|-ability|p2a: Weavile|Pressure
|turn|23
|
|t:|1779881210
|move|p2a: Weavile|Knock Off|p1a: Hatterene
|-damage|p1a: Hatterene|0 fnt
|-enditem|p1a: Hatterene|Assault Vest|[from] move: Knock Off|[of] p2a: Weavile
|faint|p1a: Hatterene
|
|upkeep
|
|t:|1779881216
|switch|p1a: Landorus|Landorus-Therian, M|100/100
|-ability|p1a: Landorus|Intimidate|boost
|-unboost|p2a: Weavile|atk|1
|turn|24
|
|t:|1779881220
|move|p2a: Weavile|Triple Axel|p1a: Landorus
|-supereffective|p1a: Landorus
|-damage|p1a: Landorus|71/100
|-damage|p2a: Weavile|84/100|[from] item: Rocky Helmet|[of] p1a: Landorus
|-supereffective|p1a: Landorus
|-damage|p1a: Landorus|18/100
|-damage|p2a: Weavile|68/100|[from] item: Rocky Helmet|[of] p1a: Landorus
|-hitcount|p1a: Landorus|2
|move|p1a: Landorus|Stone Edge|p2a: Weavile|[miss]
|-miss|p1a: Landorus|p2a: Weavile
|
|upkeep
|turn|25
|
|t:|1779881235
|switch|p1a: Gholdengo|Gholdengo|86/100
|move|p2a: Weavile|Knock Off|p1a: Gholdengo
|-supereffective|p1a: Gholdengo
|-damage|p1a: Gholdengo|39/100
|
|upkeep
|turn|26
|
|t:|1779881248
|move|p2a: Weavile|Knock Off|p1a: Gholdengo
|-supereffective|p1a: Gholdengo
|-damage|p1a: Gholdengo|0 fnt
|faint|p1a: Gholdengo
|
|upkeep
|
|t:|1779881250
|switch|p1a: Dragonite|Dragonite, M|100/100
|turn|27
|
|t:|1779881263
|move|p1a: Dragonite|Extreme Speed|p2a: Weavile
|-damage|p2a: Weavile|0 fnt
|faint|p2a: Weavile
|
|upkeep
|
|t:|1779881267
|switch|p2a: Heatran|Heatran, M|100/100
|turn|28
|
|t:|1779881270
|move|p1a: Dragonite|Extreme Speed|p2a: Heatran
|-resisted|p2a: Heatran
|-damage|p2a: Heatran|80/100
|move|p2a: Heatran|Flash Cannon|p1a: Dragonite
|-damage|p1a: Dragonite|79/100
|
|upkeep
|turn|29
|
|t:|1779881276
|move|p1a: Dragonite|Extreme Speed|p2a: Heatran
|-resisted|p2a: Heatran
|-damage|p2a: Heatran|61/100
|move|p2a: Heatran|Power Gem|p1a: Dragonite
|-supereffective|p1a: Dragonite
|-damage|p1a: Dragonite|22/100
|
|upkeep
|turn|30
|
|t:|1779881279
|move|p1a: Dragonite|Extreme Speed|p2a: Heatran
|-resisted|p2a: Heatran
|-damage|p2a: Heatran|42/100
|move|p2a: Heatran|Flash Cannon|p1a: Dragonite
|-damage|p1a: Dragonite|0 fnt
|faint|p1a: Dragonite
|
|upkeep
|
|t:|1779881281
|switch|p1a: Landorus|Landorus-Therian, M|18/100
|-ability|p1a: Landorus|Intimidate|boost
|-unboost|p2a: Heatran|atk|1
|turn|31
|
|t:|1779881283
|move|p1a: Landorus|Earthquake|p2a: Heatran
|-supereffective|p2a: Heatran
|-damage|p2a: Heatran|0 fnt
|faint|p2a: Heatran
|
|upkeep
|
|t:|1779881284
|switch|p2a: Raging Bolt|Raging Bolt|100/100
|turn|32
|
|t:|1779881288
|-terastallize|p1a: Landorus|Fairy
|move|p1a: Landorus|Earthquake|p2a: Raging Bolt
|-supereffective|p2a: Raging Bolt
|-damage|p2a: Raging Bolt|25/100
|move|p2a: Raging Bolt|Dragon Pulse|p1a: Landorus
|-immune|p1a: Landorus
|
|-heal|p2a: Raging Bolt|31/100|[from] item: Leftovers
|upkeep
|turn|33
|l| BiscoitoXDBr
|
|t:|1779881294
|move|p2a: Raging Bolt|Thunderclap|p1a: Landorus
|-damage|p1a: Landorus|0 fnt
|faint|p1a: Landorus
|
|win|isaac_gam3r
|raw|sxde's rating: 1741 &rarr; <strong>1722</strong><br />(-19 for losing)
|raw|isaac_gam3r's rating: 1759 &rarr; <strong>1778</strong><br />(+19 for winning)
|c|☆sxde|gg
|c|☆isaac_gam3r|Gg
|l| hattybatty304
|l|☆sxde
|player|p1|
|l|☆isaac_gam3r
|player|p2|
