|j|☆Soyyo1223
|j|☆claudechamp
|t:|1779887003
|gametype|singles
|player|p1|Soyyo1223|palmer|1238
|player|p2|claudechamp|169|1278
|gen|9
|tier|[Gen 9] OU
|rated|
|rule|HP Percentage Mod: HP is shown in percentages
|rule|Endless Battle Clause: Forcing endless battles is banned
|rule|Species Clause: Limit one of each Pokémon
|rule|OHKO Clause: OHKO moves are banned
|rule|Evasion Items Clause: Evasion items are banned
|rule|Evasion Moves Clause: Evasion moves are banned
|rule|Evasion Abilities Clause: Evasion abilities are banned
|rule|Sleep Moves Clause: Sleep-inducing moves are banned
|clearpoke
|poke|p1|Garganacl, F|
|poke|p1|Grimmsnarl, M|
|poke|p1|Gyarados, M|
|poke|p1|Iron Moth|
|poke|p1|Jirachi|
|poke|p1|Serperior, M|
|poke|p2|Gliscor, F|
|poke|p2|Gholdengo|
|poke|p2|Zamazenta-*|
|poke|p2|Blissey, F|
|poke|p2|Skarmory, M|
|poke|p2|Pecharunt|
|teampreview
|c|☆claudechamp|hf
|inactive|Battle timer is ON: inactive players will automatically lose when time's up. (requested by claudechamp)
|
|t:|1779887010
|teamsize|p1|6
|teamsize|p2|6
|start
|switch|p1a: Iron Moth|Iron Moth|100/100
|switch|p2a: Skarmory|Skarmory, M|100/100
|turn|1
|
|t:|1779887016
|move|p1a: Iron Moth|Fiery Dance|p2a: Skarmory
|-supereffective|p2a: Skarmory
|-ability|p2a: Skarmory|Sturdy
|-damage|p2a: Skarmory|1/100
|-boost|p1a: Iron Moth|spa|1
|move|p2a: Skarmory|Spikes|p1a: Iron Moth
|-sidestart|p1: Soyyo1223|Spikes
|
|upkeep
|turn|2
|
|t:|1779887025
|switch|p2a: Blissey|Blissey, F|100/100
|move|p1a: Iron Moth|Fiery Dance|p2a: Blissey
|-damage|p2a: Blissey|70/100
|-boost|p1a: Iron Moth|spa|1
|
|upkeep
|turn|3
|
|t:|1779887032
|-terastallize|p2a: Blissey|Dark
|move|p1a: Iron Moth|Fiery Dance|p2a: Blissey
|-damage|p2a: Blissey|29/100
|move|p2a: Blissey|Soft-Boiled|p2a: Blissey
|-heal|p2a: Blissey|79/100
|
|upkeep
|turn|4
|
|t:|1779887039
|move|p1a: Iron Moth|Fiery Dance|p2a: Blissey
|-damage|p2a: Blissey|40/100
|-boost|p1a: Iron Moth|spa|1
|move|p2a: Blissey|Shadow Ball|p1a: Iron Moth
|-damage|p1a: Iron Moth|85/100
|
|upkeep
|turn|5
|
|t:|1779887051
|move|p1a: Iron Moth|Fiery Dance|p2a: Blissey
|-damage|p2a: Blissey|0 fnt
|faint|p2a: Blissey
|
|upkeep
|
|t:|1779887059
|switch|p2a: Zamazenta|Zamazenta|100/100
|-ability|p2a: Zamazenta|Dauntless Shield|boost
|-boost|p2a: Zamazenta|def|1
|turn|6
|
|t:|1779887072
|move|p2a: Zamazenta|Close Combat|p1a: Iron Moth
|-resisted|p1a: Iron Moth
|-damage|p1a: Iron Moth|34/100
|-unboost|p2a: Zamazenta|def|1
|-unboost|p2a: Zamazenta|spd|1
|move|p1a: Iron Moth|Fiery Dance|p2a: Zamazenta
|-damage|p2a: Zamazenta|0 fnt
|-boost|p1a: Iron Moth|spa|1
|faint|p2a: Zamazenta
|
|upkeep
|
|t:|1779887074
|switch|p2a: Gliscor|Gliscor, F|100/100
|turn|7
|
|t:|1779887087
|move|p1a: Iron Moth|Fiery Dance|p2a: Gliscor
|-damage|p2a: Gliscor|0 fnt
|-boost|p1a: Iron Moth|spa|1
|faint|p2a: Gliscor
|
|upkeep
|
|t:|1779887089
|switch|p2a: Pecharunt|Pecharunt|100/100
|turn|8
|c|☆Soyyo1223|Would be better tera ghost on blissey?
|
|t:|1779887106
|move|p1a: Iron Moth|Fiery Dance|p2a: Pecharunt
|-damage|p2a: Pecharunt|0 fnt
|faint|p2a: Pecharunt
|
|upkeep
|
|t:|1779887108
|switch|p2a: Gholdengo|Gholdengo|100/100
|turn|9
|
|t:|1779887110
|move|p1a: Iron Moth|Fiery Dance|p2a: Gholdengo
|-supereffective|p2a: Gholdengo
|-damage|p2a: Gholdengo|0 fnt
|-boost|p1a: Iron Moth|spa|1
|faint|p2a: Gholdengo
|
|upkeep
|
|t:|1779887112
|switch|p2a: Skarmory|Skarmory, M|1/100
|turn|10
|
|t:|1779887115
|move|p1a: Iron Moth|Fiery Dance|p2a: Skarmory
|-supereffective|p2a: Skarmory
|-damage|p2a: Skarmory|0 fnt
|faint|p2a: Skarmory
|
|win|Soyyo1223
|raw|Soyyo1223's rating: 1238 &rarr; <strong>1266</strong><br />(+28 for winning)
|raw|claudechamp's rating: 1278 &rarr; <strong>1250</strong><br />(-28 for losing)
|c|☆claudechamp|gg
|l|☆Soyyo1223
|player|p1|
