|j|☆ZaWarudo123
|j|☆vavlen
|t:|1779801258
|gametype|singles
|player|p1|ZaWarudo123|blackbelt-gen4dp|1158
|player|p2|vavlen|266|1123
|gen|9
|tier|[Gen 9] OU
|rated|
|rule|HP Percentage Mod: HP is shown in percentages
|rule|Endless Battle Clause: Forcing endless battles is banned
|rule|Species Clause: Limit one of each Pokémon
|rule|OHKO Clause: OHKO moves are banned
|rule|Evasion Items Clause: Evasion items are banned
|rule|Evasion Moves Clause: Evasion moves are banned
|rule|Evasion Abilities Clause: Evasion abilities are banned
|rule|Sleep Moves Clause: Sleep-inducing moves are banned
|clearpoke
|poke|p1|Latios, M|
|poke|p1|Conkeldurr, M|
|poke|p1|Keldeo-Resolute|
|poke|p1|Great Tusk|
|poke|p1|Sinistcha|
|poke|p1|Cinderace, M|
|poke|p2|Polteageist|
|poke|p2|Uxie|
|poke|p2|Iron Valiant|
|poke|p2|Scizor, M|
|poke|p2|Moltres-Galar|
|poke|p2|Zamazenta-*|
|teampreview
|inactive|Battle timer is ON: inactive players will automatically lose when time's up. (requested by vavlen)
|
|t:|1779801267
|teamsize|p1|6
|teamsize|p2|6
|start
|switch|p1a: Latios|Latios, M|100/100
|switch|p2a: Uxie|Uxie|100/100
|turn|1
|
|t:|1779801273
|move|p1a: Latios|Draco Meteor|p2a: Uxie
|-damage|p2a: Uxie|35/100
|-unboost|p1a: Latios|spa|2
|move|p2a: Uxie|Knock Off|p1a: Latios
|-supereffective|p1a: Latios
|-damage|p1a: Latios|55/100
|-enditem|p1a: Latios|Choice Specs|[from] move: Knock Off|[of] p2a: Uxie
|
|upkeep
|turn|2
|
|t:|1779801300
|switch|p2a: Iron Valiant|Iron Valiant|100/100
|-enditem|p2a: Iron Valiant|Booster Energy
|-activate|p2a: Iron Valiant|ability: Quark Drive|[fromitem]
|-start|p2a: Iron Valiant|quarkdrivespe
|move|p1a: Latios|Trick||[still]
|-fail|p1a: Latios
|
|upkeep
|turn|3
|
|t:|1779801311
|move|p2a: Iron Valiant|Spirit Break|p1a: Latios
|-supereffective|p1a: Latios
|-damage|p1a: Latios|0 fnt
|faint|p1a: Latios
|
|upkeep
|
|t:|1779801321
|switch|p1a: Sinistcha|Sinistcha|100/100
|turn|4
|
|t:|1779801334
|move|p2a: Iron Valiant|Poison Jab|p1a: Sinistcha
|-damage|p1a: Sinistcha|79/100
|move|p1a: Sinistcha|Stun Spore|p2a: Iron Valiant|[miss]
|-miss|p1a: Sinistcha|p2a: Iron Valiant
|
|-heal|p1a: Sinistcha|85/100|[from] item: Leftovers
|upkeep
|turn|5
|
|t:|1779801346
|-end|p2a: Iron Valiant|Quark Drive|[silent]
|switch|p2a: Uxie|Uxie|35/100
|move|p1a: Sinistcha|Stun Spore|p2a: Uxie|[miss]
|-miss|p1a: Sinistcha|p2a: Uxie
|
|-heal|p1a: Sinistcha|91/100|[from] item: Leftovers
|upkeep
|turn|6
|
|t:|1779801356
|move|p2a: Uxie|Trick|p1a: Sinistcha
|-activate|p2a: Uxie|move: Trick|[of] p1a: Sinistcha
|-item|p1a: Sinistcha|Choice Scarf|[from] move: Trick
|-item|p2a: Uxie|Leftovers|[from] move: Trick
|move|p1a: Sinistcha|Calm Mind|p1a: Sinistcha
|-boost|p1a: Sinistcha|spa|1
|-boost|p1a: Sinistcha|spd|1
|
|-heal|p2a: Uxie|41/100|[from] item: Leftovers
|upkeep
|turn|7
|
|t:|1779801366
|move|p1a: Sinistcha|Calm Mind|p1a: Sinistcha
|-boost|p1a: Sinistcha|spa|1
|-boost|p1a: Sinistcha|spd|1
|move|p2a: Uxie|Thunder Wave|p1a: Sinistcha
|-status|p1a: Sinistcha|par
|
|-heal|p2a: Uxie|47/100|[from] item: Leftovers
|upkeep
|turn|8
|
|t:|1779801376
|switch|p1a: Cinderace|Cinderace, M|100/100
|move|p2a: Uxie|Knock Off|p1a: Cinderace
|-damage|p1a: Cinderace|79/100
|-enditem|p1a: Cinderace|Heavy-Duty Boots|[from] move: Knock Off|[of] p2a: Uxie
|
|-heal|p2a: Uxie|54/100|[from] item: Leftovers
|upkeep
|turn|9
|
|t:|1779801387
|move|p1a: Cinderace|U-turn|p2a: Uxie
|-start|p1a: Cinderace|typechange|Bug|[from] ability: Libero
|-supereffective|p2a: Uxie
|-damage|p2a: Uxie|6/100
|
|t:|1779801397
|switch|p1a: Sinistcha|Sinistcha|91/100 par|[from] U-turn
|move|p2a: Uxie|Thunder Wave|p1a: Sinistcha
|-fail|p1a: Sinistcha|par
|
|-heal|p2a: Uxie|12/100|[from] item: Leftovers
|upkeep
|turn|10
|
|t:|1779801410
|move|p2a: Uxie|Memento|p1a: Sinistcha
|-unboost|p1a: Sinistcha|atk|2
|-unboost|p1a: Sinistcha|spa|2
|faint|p2a: Uxie
|move|p1a: Sinistcha|Hex|p2: Uxie|[notarget]
|-fail|p1a: Sinistcha
|
|upkeep
|
|t:|1779801428
|switch|p2a: Polteageist|Polteageist|100/100
|turn|11
|
|t:|1779801455
|switch|p1a: Cinderace|Cinderace, M|79/100
|move|p2a: Polteageist|Shell Smash|p2a: Polteageist
|-unboost|p2a: Polteageist|def|1
|-unboost|p2a: Polteageist|spd|1
|-boost|p2a: Polteageist|atk|2
|-boost|p2a: Polteageist|spa|2
|-boost|p2a: Polteageist|spe|2
|-enditem|p2a: Polteageist|White Herb
|-clearnegativeboost|p2a: Polteageist|[silent]
|
|upkeep
|turn|12
|
|t:|1779801484
|-terastallize|p2a: Polteageist|Dark
|move|p2a: Polteageist|Shadow Ball|p1a: Cinderace
|-damage|p1a: Cinderace|0 fnt
|faint|p1a: Cinderace
|
|upkeep
|
|t:|1779801489
|switch|p1a: Conkeldurr|Conkeldurr, M|100/100
|turn|13
|
|t:|1779801499
|move|p1a: Conkeldurr|Mach Punch|p2a: Polteageist
|-supereffective|p2a: Polteageist
|-damage|p2a: Polteageist|10/100
|-ability|p2a: Polteageist|Weak Armor|boost
|-unboost|p2a: Polteageist|def|1
|-boost|p2a: Polteageist|spe|2
|move|p2a: Polteageist|Stored Power|p1a: Conkeldurr
|-supereffective|p1a: Conkeldurr
|-damage|p1a: Conkeldurr|0 fnt
|faint|p1a: Conkeldurr
|
|upkeep
|
|t:|1779801503
|switch|p1a: Keldeo|Keldeo-Resolute|100/100
|turn|14
|
|t:|1779801515
|move|p1a: Keldeo|Vacuum Wave|p2a: Polteageist
|-supereffective|p2a: Polteageist
|-damage|p2a: Polteageist|0 fnt
|faint|p2a: Polteageist
|
|upkeep
|c|☆ZaWarudo123|had you not tera'd
|c|☆ZaWarudo123|it was immediate gg
|
|t:|1779801525
|switch|p2a: Iron Valiant|Iron Valiant|100/100
|turn|15
|
|t:|1779801532
|switch|p1a: Sinistcha|Sinistcha|91/100 par
|move|p2a: Iron Valiant|Spirit Break|p1a: Sinistcha
|-crit|p1a: Sinistcha
|-damage|p1a: Sinistcha|47/100 par
|-unboost|p1a: Sinistcha|spa|1
|
|upkeep
|turn|16
|
|t:|1779801543
|move|p2a: Iron Valiant|Spirit Break|p1a: Sinistcha
|-damage|p1a: Sinistcha|16/100 par
|-unboost|p1a: Sinistcha|spa|1
|move|p1a: Sinistcha|Stun Spore|p2a: Iron Valiant|[miss]
|-miss|p1a: Sinistcha|p2a: Iron Valiant
|
|upkeep
|turn|17
|c|☆ZaWarudo123|now it's only almost guaranteed
|
|t:|1779801551
|move|p2a: Iron Valiant|Spirit Break|p1a: Sinistcha
|-damage|p1a: Sinistcha|0 fnt
|faint|p1a: Sinistcha
|
|upkeep
|
|t:|1779801555
|switch|p1a: Keldeo|Keldeo-Resolute|100/100
|turn|18
|
|t:|1779801561
|move|p2a: Iron Valiant|Spirit Break|p1a: Keldeo
|-supereffective|p1a: Keldeo
|-damage|p1a: Keldeo|9/100
|-unboost|p1a: Keldeo|spa|1
|move|p1a: Keldeo|Surf|p2a: Iron Valiant
|-damage|p2a: Iron Valiant|20/100
|
|upkeep
|turn|19
|
|t:|1779801573
|-end|p2a: Iron Valiant|Quark Drive|[silent]
|switch|p2a: Moltres|Moltres-Galar|100/100
|move|p1a: Keldeo|Surf|p2a: Moltres
|-damage|p2a: Moltres|59/100
|
|upkeep
|turn|20
|
|t:|1779801578
|switch|p1a: The Lone OU|Great Tusk|100/100
|-enditem|p1a: The Lone OU|Booster Energy
|-activate|p1a: The Lone OU|ability: Protosynthesis|[fromitem]
|-start|p1a: The Lone OU|protosynthesisatk
|move|p2a: Moltres|Air Slash|p1a: The Lone OU
|-supereffective|p1a: The Lone OU
|-damage|p1a: The Lone OU|0 fnt
|faint|p1a: The Lone OU
|-end|p1a: The Lone OU|Protosynthesis|[silent]
|
|upkeep
|
|t:|1779801581
|switch|p1a: Keldeo|Keldeo-Resolute|9/100
|turn|21
|
|t:|1779801588
|move|p1a: Keldeo|Surf|p2a: Moltres
|-damage|p2a: Moltres|2/100
|-ability|p2a: Moltres|Berserk|boost
|-boost|p2a: Moltres|spa|1
|-enditem|p2a: Moltres|Sitrus Berry|[eat]
|-heal|p2a: Moltres|27/100|[from] item: Sitrus Berry
|move|p2a: Moltres|Air Slash|p1a: Keldeo
|-supereffective|p1a: Keldeo
|-damage|p1a: Keldeo|0 fnt
|faint|p1a: Keldeo
|
|win|vavlen
|raw|ZaWarudo123's rating: 1158 &rarr; <strong>1130</strong><br />(-28 for losing)
|raw|vavlen's rating: 1123 &rarr; <strong>1151</strong><br />(+28 for winning)
|l|☆ZaWarudo123
|player|p1|
|l|☆vavlen
|player|p2|
