|j|☆Lnyblgd
|j|☆StrykerMan81
|t:|1779952091
|gametype|singles
|player|p1|Lnyblgd|bugcatcher-gen4dp|1145
|player|p2|StrykerMan81|2|1199
|gen|9
|tier|[Gen 9] OU
|rated|
|rule|HP Percentage Mod: HP is shown in percentages
|rule|Endless Battle Clause: Forcing endless battles is banned
|rule|Species Clause: Limit one of each Pokémon
|rule|OHKO Clause: OHKO moves are banned
|rule|Evasion Items Clause: Evasion items are banned
|rule|Evasion Moves Clause: Evasion moves are banned
|rule|Evasion Abilities Clause: Evasion abilities are banned
|rule|Sleep Moves Clause: Sleep-inducing moves are banned
|clearpoke
|poke|p1|Pelipper, M|
|poke|p1|Kingdra, F|
|poke|p1|Basculegion, M|
|poke|p1|Great Tusk|
|poke|p1|Ludicolo, M|
|poke|p1|Zapdos|
|poke|p2|Hatterene, F|
|poke|p2|Ursaluna, M|
|poke|p2|Porygon2|
|poke|p2|Cresselia, F|
|poke|p2|Iron Hands|
|poke|p2|Volcanion|
|teampreview
|
|t:|1779952098
|teamsize|p1|6
|teamsize|p2|6
|start
|switch|p1a: Pelipper|Pelipper, M|100/100
|switch|p2a: CASE|Iron Hands|100/100
|-weather|RainDance|[from] ability: Drizzle|[of] p1a: Pelipper
|-enditem|p2a: CASE|Booster Energy
|-activate|p2a: CASE|ability: Quark Drive|[fromitem]
|-start|p2a: CASE|quarkdriveatk
|turn|1
|
|t:|1779952108
|switch|p1a: Great Tusk|Great Tusk|100/100
|move|p2a: CASE|Swords Dance|p2a: CASE
|-boost|p2a: CASE|atk|2
|
|-weather|RainDance|[upkeep]
|upkeep
|turn|2
|
|t:|1779952116
|move|p1a: Great Tusk|Bulk Up|p1a: Great Tusk
|-boost|p1a: Great Tusk|atk|1
|-boost|p1a: Great Tusk|def|1
|move|p2a: CASE|Ice Punch|p1a: Great Tusk
|-supereffective|p1a: Great Tusk
|-damage|p1a: Great Tusk|42/100
|
|-weather|RainDance|[upkeep]
|-heal|p1a: Great Tusk|48/100|[from] item: Leftovers
|upkeep
|turn|3
|
|t:|1779952126
|-terastallize|p2a: CASE|Flying
|move|p1a: Great Tusk|Earthquake|p2a: CASE
|-immune|p2a: CASE
|move|p2a: CASE|Ice Punch|p1a: Great Tusk
|-supereffective|p1a: Great Tusk
|-damage|p1a: Great Tusk|0 fnt
|faint|p1a: Great Tusk
|-end|p1a: Great Tusk|Protosynthesis|[silent]
|
|-weather|RainDance|[upkeep]
|upkeep
|
|t:|1779952137
|switch|p1a: Zapdos|Zapdos|100/100
|-ability|p1a: Zapdos|Pressure
|turn|4
|
|t:|1779952143
|-end|p2a: CASE|Quark Drive|[silent]
|switch|p2a: Mann|Ursaluna, M|100/100
|move|p1a: Zapdos|Weather Ball|p2a: Mann
|-supereffective|p2a: Mann
|-damage|p2a: Mann|0 fnt
|faint|p2a: Mann
|-damage|p1a: Zapdos|91/100|[from] item: Life Orb
|
|-weather|RainDance|[upkeep]
|upkeep
|
|t:|1779952148
|switch|p2a: Saturn|Volcanion|100/100
|turn|5
|
|t:|1779952158
|-terastallize|p1a: Zapdos|Electric
|move|p1a: Zapdos|Thunder|p2a: Saturn
|-supereffective|p2a: Saturn
|-damage|p2a: Saturn|0 fnt
|faint|p2a: Saturn
|-damage|p1a: Zapdos|81/100|[from] item: Life Orb
|
|-weather|RainDance|[upkeep]
|upkeep
|
|t:|1779952176
|switch|p2a: TARS|Porygon2|100/100
|-ability|p2a: TARS|Download|boost
|-boost|p2a: TARS|atk|1
|turn|6
|
|t:|1779952187
|move|p1a: Zapdos|Thunder|p2a: TARS
|-damage|p2a: TARS|39/100
|-damage|p1a: Zapdos|71/100|[from] item: Life Orb
|move|p2a: TARS|Trick Room|p2a: TARS
|-fieldstart|move: Trick Room|[of] p2a: TARS
|
|-weather|RainDance|[upkeep]
|upkeep
|turn|7
|
|t:|1779952201
|move|p2a: TARS|Hyper Beam|p1a: Zapdos
|-damage|p1a: Zapdos|0 fnt
|-mustrecharge|p2a: TARS
|faint|p1a: Zapdos
|
|-weather|RainDance|[upkeep]
|upkeep
|
|t:|1779952212
|switch|p1a: Basculegion|Basculegion, M|100/100
|turn|8
|
|t:|1779952219
|cant|p2a: TARS|recharge
|move|p1a: Basculegion|Flip Turn|p2a: TARS
|-damage|p2a: TARS|0 fnt
|faint|p2a: TARS
|
|t:|1779952230
|switch|p1a: Ludicolo|Ludicolo, M|100/100|[from] Flip Turn
|
|-weather|none
|upkeep
|
|t:|1779952235
|switch|p2a: CASE|Iron Hands, tera:Flying|100/100
|turn|9
|
|t:|1779952247
|move|p2a: CASE|Swords Dance|p2a: CASE
|-boost|p2a: CASE|atk|2
|move|p1a: Ludicolo|Giga Drain|p2a: CASE
|-resisted|p2a: CASE
|-crit|p2a: CASE
|-damage|p2a: CASE|77/100
|
|upkeep
|turn|10
|
|t:|1779952255
|switch|p1a: Pelipper|Pelipper, M|100/100
|-weather|RainDance|[from] ability: Drizzle|[of] p1a: Pelipper
|move|p2a: CASE|Drain Punch|p1a: Pelipper
|-resisted|p1a: Pelipper
|-damage|p1a: Pelipper|67/100
|-heal|p2a: CASE|88/100|[from] drain|[of] p1a: Pelipper
|
|-weather|RainDance|[upkeep]
|-fieldend|move: Trick Room
|upkeep
|turn|11
|
|t:|1779952272
|move|p1a: Pelipper|Weather Ball|p2a: CASE
|-damage|p2a: CASE|48/100
|move|p2a: CASE|Wild Charge|p1a: Pelipper
|-supereffective|p1a: Pelipper
|-damage|p1a: Pelipper|0 fnt
|faint|p1a: Pelipper
|-damage|p2a: CASE|38/100|[from] Recoil
|
|-weather|RainDance|[upkeep]
|upkeep
|
|t:|1779952284
|switch|p1a: Kingdra|Kingdra, F|100/100
|turn|12
|
|t:|1779952289
|move|p1a: Kingdra|Weather Ball|p2a: CASE
|-damage|p2a: CASE|0 fnt
|faint|p2a: CASE
|-end|p2a: CASE|Quark Drive|[silent]
|
|-weather|RainDance|[upkeep]
|upkeep
|
|t:|1779952295
|switch|p2a: Brand|Hatterene, F, shiny|100/100
|turn|13
|
|t:|1779952299
|move|p1a: Kingdra|Weather Ball|p2a: Brand
|-enditem|p2a: Brand|Focus Sash
|-damage|p2a: Brand|1/100
|move|p2a: Brand|Trick Room|p2a: Brand
|-fieldstart|move: Trick Room|[of] p2a: Brand
|
|-weather|RainDance|[upkeep]
|upkeep
|turn|14
|
|t:|1779952309
|move|p2a: Brand|Dazzling Gleam|p1a: Kingdra
|-supereffective|p1a: Kingdra
|-damage|p1a: Kingdra|0 fnt
|faint|p1a: Kingdra
|
|-weather|RainDance|[upkeep]
|upkeep
|
|t:|1779952322
|switch|p1a: Basculegion|Basculegion, M|100/100
|turn|15
|
|t:|1779952329
|move|p1a: Basculegion|Aqua Jet|p2a: Brand
|-damage|p2a: Brand|0 fnt
|faint|p2a: Brand
|
|-weather|RainDance|[upkeep]
|upkeep
|
|t:|1779952331
|switch|p2a: Miller|Cresselia, F, shiny|100/100
|turn|16
|-message|StrykerMan81 forfeited.
|
|win|Lnyblgd
|raw|Lnyblgd's rating: 1145 &rarr; <strong>1174</strong><br />(+29 for winning)
|raw|StrykerMan81's rating: 1199 &rarr; <strong>1170</strong><br />(-29 for losing)
|l|☆StrykerMan81
|player|p2|
|l|☆Lnyblgd
|player|p1|
