|j|☆DropAFreezeDry
|j|☆S1lverpoke
|t:|1779923312
|gametype|singles
|player|p1|DropAFreezeDry|candice|1457
|player|p2|S1lverpoke|101|1412
|gen|9
|tier|[Gen 9] OU
|rated|
|rule|HP Percentage Mod: HP is shown in percentages
|rule|Endless Battle Clause: Forcing endless battles is banned
|rule|Species Clause: Limit one of each Pokémon
|rule|OHKO Clause: OHKO moves are banned
|rule|Evasion Items Clause: Evasion items are banned
|rule|Evasion Moves Clause: Evasion moves are banned
|rule|Evasion Abilities Clause: Evasion abilities are banned
|rule|Sleep Moves Clause: Sleep-inducing moves are banned
|clearpoke
|poke|p1|Glaceon, F|
|poke|p1|Ninetales-Alola, F|
|poke|p1|Basculegion-F, F|
|poke|p1|Ogerpon-Wellspring, F|
|poke|p1|Iron Treads|
|poke|p1|Weavile, F|
|poke|p2|Hoopa|
|poke|p2|Cinderace, M|
|poke|p2|Mandibuzz, F|
|poke|p2|Kyurem|
|poke|p2|Ting-Lu|
|poke|p2|Manaphy|
|teampreview
|inactive|Battle timer is ON: inactive players will automatically lose when time's up. (requested by DropAFreezeDry)
|
|t:|1779923322
|teamsize|p1|6
|teamsize|p2|6
|start
|switch|p1a: Basculegion|Basculegion-F, F|100/100
|switch|p2a: Ting-Lucifer|Ting-Lu|100/100
|-ability|p2a: Ting-Lucifer|Vessel of Ruin
|turn|1
|
|t:|1779923326
|move|p1a: Basculegion|Flip Turn|p2a: Ting-Lucifer
|-supereffective|p2a: Ting-Lucifer
|-damage|p2a: Ting-Lucifer|74/100
|-enditem|p2a: Ting-Lucifer|Weakness Policy
|-boost|p2a: Ting-Lucifer|atk|2|[from] item: Weakness Policy
|-boost|p2a: Ting-Lucifer|spa|2|[from] item: Weakness Policy
|
|t:|1779923334
|switch|p1a: Iron Treads|Iron Treads|100/100|[from] Flip Turn
|-enditem|p1a: Iron Treads|Booster Energy
|-activate|p1a: Iron Treads|ability: Quark Drive|[fromitem]
|-start|p1a: Iron Treads|quarkdriveatk
|move|p2a: Ting-Lucifer|Stealth Rock|p1a: Iron Treads
|-sidestart|p1: DropAFreezeDry|move: Stealth Rock
|
|upkeep
|turn|2
|
|t:|1779923341
|move|p1a: Iron Treads|Earthquake|p2a: Ting-Lucifer
|-damage|p2a: Ting-Lucifer|33/100
|move|p2a: Ting-Lucifer|Earthquake|p1a: Iron Treads
|-supereffective|p1a: Iron Treads
|-damage|p1a: Iron Treads|0 fnt
|faint|p1a: Iron Treads
|-end|p1a: Iron Treads|Quark Drive|[silent]
|
|upkeep
|
|t:|1779923352
|switch|p1a: Weavile|Weavile, F|100/100
|-ability|p1a: Weavile|Pressure
|turn|3
|inactive|S1lverpoke has 120 seconds left.
|
|t:|1779923390
|move|p1a: Weavile|Triple Axel|p2a: Ting-Lucifer
|-supereffective|p2a: Ting-Lucifer
|-damage|p2a: Ting-Lucifer|21/100
|-supereffective|p2a: Ting-Lucifer
|-damage|p2a: Ting-Lucifer|0 fnt
|faint|p2a: Ting-Lucifer
|-hitcount|p2: Ting-Lucifer|2
|
|upkeep
|
|t:|1779923397
|switch|p2a: Cinderace|Cinderace, M|100/100
|turn|4
|inactive|S1lverpoke has 120 seconds left.
|
|t:|1779923404
|switch|p1a: Basculegion|Basculegion-F, F|100/100
|-damage|p1a: Basculegion|88/100|[from] Stealth Rock
|move|p2a: Cinderace|High Jump Kick|p1a: Basculegion
|-start|p2a: Cinderace|typechange|Fighting|[from] ability: Libero
|-immune|p1a: Basculegion
|-damage|p2a: Cinderace|51/100|[from] highjumpkick
|
|upkeep
|turn|5
|
|t:|1779923414
|move|p1a: Basculegion|Shadow Ball|p2a: Cinderace
|-damage|p2a: Cinderace|0 fnt
|faint|p2a: Cinderace
|
|upkeep
|
|t:|1779923419
|switch|p2a: Manaphy|Manaphy|100/100
|turn|6
|
|t:|1779923422
|move|p1a: Basculegion|Shadow Ball|p2a: Manaphy
|-damage|p2a: Manaphy|59/100
|move|p2a: Manaphy|Tail Glow|p2a: Manaphy
|-boost|p2a: Manaphy|spa|3
|
|-heal|p2a: Manaphy|66/100|[from] item: Leftovers
|upkeep
|turn|7
|
|t:|1779923428
|move|p1a: Basculegion|Shadow Ball|p2a: Manaphy
|-damage|p2a: Manaphy|25/100
|move|p2a: Manaphy|Alluring Voice|p1a: Basculegion
|-damage|p1a: Basculegion|30/100
|
|-heal|p2a: Manaphy|31/100|[from] item: Leftovers
|upkeep
|turn|8
|
|t:|1779923439
|move|p1a: Basculegion|Shadow Ball|p2a: Manaphy
|-damage|p2a: Manaphy|0 fnt
|faint|p2a: Manaphy
|
|upkeep
|
|t:|1779923442
|switch|p2a: Hoopa|Hoopa|100/100
|turn|9
|
|t:|1779923449
|-terastallize|p2a: Hoopa|Fairy
|move|p1a: Basculegion|Shadow Ball|p2a: Hoopa
|-damage|p2a: Hoopa|60/100
|move|p2a: Hoopa|Calm Mind|p2a: Hoopa
|-boost|p2a: Hoopa|spa|1
|-boost|p2a: Hoopa|spd|1
|
|upkeep
|turn|10
|
|t:|1779923455
|move|p1a: Basculegion|Shadow Ball|p2a: Hoopa
|-damage|p2a: Hoopa|34/100
|-unboost|p2a: Hoopa|spd|1
|move|p2a: Hoopa|Shadow Ball|p1a: Basculegion
|-supereffective|p1a: Basculegion
|-damage|p1a: Basculegion|0 fnt
|faint|p1a: Basculegion
|
|upkeep
|
|t:|1779923469
|switch|p1a: Ogerpon|Ogerpon-Wellspring, F|100/100
|-damage|p1a: Ogerpon|88/100|[from] Stealth Rock
|turn|11
|
|t:|1779923473
|move|p1a: Ogerpon|Ivy Cudgel|p2a: Hoopa|[anim] Ivy Cudgel Water
|-damage|p2a: Hoopa|0 fnt
|faint|p2a: Hoopa
|
|upkeep
|
|t:|1779923478
|switch|p2a: Kyurem|Kyurem|100/100
|-ability|p2a: Kyurem|Pressure
|turn|12
|
|t:|1779923482
|move|p2a: Kyurem|Freeze-Dry|p1a: Ogerpon
|-supereffective|p1a: Ogerpon
|-damage|p1a: Ogerpon|0 fnt
|faint|p1a: Ogerpon
|
|upkeep
|
|t:|1779923484
|switch|p1a: Ninetales|Ninetales-Alola, F|100/100
|-damage|p1a: Ninetales|76/100|[from] Stealth Rock
|-weather|Snowscape|[from] ability: Snow Warning|[of] p1a: Ninetales
|turn|13
|
|t:|1779923489
|switch|p2a: Mandibuzz|Mandibuzz, F, shiny|100/100
|move|p1a: Ninetales|Aurora Veil|p1a: Ninetales
|-sidestart|p1: DropAFreezeDry|move: Aurora Veil
|
|-weather|Snowscape|[upkeep]
|upkeep
|turn|14
|
|t:|1779923493
|move|p1a: Ninetales|Moonblast|p2a: Mandibuzz
|-supereffective|p2a: Mandibuzz
|-damage|p2a: Mandibuzz|36/100
|move|p2a: Mandibuzz|Toxic|p1a: Ninetales|[miss]
|-miss|p2a: Mandibuzz|p1a: Ninetales
|
|-weather|Snowscape|[upkeep]
|upkeep
|turn|15
|l|☆S1lverpoke
|inactive|S1lverpoke disconnected and has a minute to reconnect!
|player|p2|
|inactive|S1lverpoke has 30 seconds to reconnect!
|inactive|S1lverpoke has 20 seconds to reconnect!
|inactive|S1lverpoke has 15 seconds to reconnect!
|inactive|S1lverpoke has 10 seconds to reconnect!
|inactive|S1lverpoke has 5 seconds to reconnect!
|-message|S1lverpoke lost due to inactivity.
|
|win|DropAFreezeDry
|raw|DropAFreezeDry's rating: 1457 &rarr; <strong>1474</strong><br />(+17 for winning)
|raw|S1lverpoke's rating: 1412 &rarr; <strong>1395</strong><br />(-17 for losing)
|l|☆DropAFreezeDry
|player|p1|
