|j|☆cachowcapow
|j|☆palmin
|t:|1779811926
|gametype|singles
|player|p1|cachowcapow|2|1572
|player|p2|palmin|lance|1590
|gen|9
|tier|[Gen 9] OU
|rated|
|rule|HP Percentage Mod: HP is shown in percentages
|rule|Endless Battle Clause: Forcing endless battles is banned
|rule|Species Clause: Limit one of each Pokémon
|rule|OHKO Clause: OHKO moves are banned
|rule|Evasion Items Clause: Evasion items are banned
|rule|Evasion Moves Clause: Evasion moves are banned
|rule|Evasion Abilities Clause: Evasion abilities are banned
|rule|Sleep Moves Clause: Sleep-inducing moves are banned
|clearpoke
|poke|p1|Lokix, F|
|poke|p1|Alomomola, F|
|poke|p1|Slowking-Galar, F|
|poke|p1|Corviknight, M|
|poke|p1|Kyurem|
|poke|p1|Gardevoir, F|
|poke|p2|Iron Crown|
|poke|p2|Great Tusk|
|poke|p2|Enamorus, F|
|poke|p2|Glimmora, M|
|poke|p2|Zapdos|
|poke|p2|Kingambit, M|
|teampreview
|inactive|Battle timer is ON: inactive players will automatically lose when time's up. (requested by palmin)
|
|t:|1779811937
|teamsize|p1|6
|teamsize|p2|6
|start
|switch|p1a: Lokix|Lokix, F|100/100
|switch|p2a: Zapdos|Zapdos|100/100
|turn|1
|
|t:|1779811950
|switch|p1a: Slowking|Slowking-Galar, F|100/100
|move|p2a: Zapdos|Roost||[still]
|-fail|p2a: Zapdos|heal
|
|upkeep
|turn|2
|
|t:|1779811953
|move|p2a: Zapdos|Volt Switch|p1a: Slowking
|-damage|p1a: Slowking|80/100
|
|t:|1779811956
|switch|p2a: Iron Crown|Iron Crown|100/100|[from] Volt Switch
|move|p1a: Slowking|Future Sight|p2a: Iron Crown
|-start|p1a: Slowking|move: Future Sight
|
|upkeep
|turn|3
|
|t:|1779811963
|move|p2a: Iron Crown|Tachyon Cutter|p1a: Slowking
|-damage|p1a: Slowking|59/100
|-damage|p1a: Slowking|36/100
|-hitcount|p1a: Slowking|2
|move|p1a: Slowking|Thunder Wave|p2a: Iron Crown
|-status|p2a: Iron Crown|par
|
|upkeep
|turn|4
|
|t:|1779811969
|switch|p1a: Alomomola|Alomomola, F|100/100
|-terastallize|p2a: Iron Crown|Steel
|cant|p2a: Iron Crown|par
|
|-end|p2a: Iron Crown|move: Future Sight
|-resisted|p2a: Iron Crown
|-damage|p2a: Iron Crown|79/100 par
|upkeep
|turn|5
|j| hgghgbc
|
|t:|1779811973
|-end|p2a: Iron Crown|Quark Drive|[silent]
|switch|p2a: Zapdos|Zapdos|100/100
|move|p1a: Alomomola|Flip Turn|p2a: Zapdos
|-damage|p2a: Zapdos|86/100
|
|t:|1779811977
|switch|p1a: Slowking|Slowking-Galar, F|69/100|[from] Flip Turn
|
|upkeep
|turn|6
|
|t:|1779811981
|move|p2a: Zapdos|Volt Switch|p1a: Slowking
|-damage|p1a: Slowking|48/100
|
|t:|1779811985
|switch|p2a: Iron Crown|Iron Crown, tera:Steel|79/100 par|[from] Volt Switch
|-prepare|p1a: Slowking|Chilly Reception|[premajor]
|move|p1a: Slowking|Chilly Reception|p1a: Slowking
|-weather|Snowscape
|
|t:|1779812003
|switch|p1a: Lokix|Lokix, F|100/100|[from] Chilly Reception
|
|-weather|Snowscape|[upkeep]
|upkeep
|turn|7
|
|t:|1779812014
|move|p1a: Lokix|U-turn|p2a: Iron Crown
|-resisted|p2a: Iron Crown
|-damage|p2a: Iron Crown|30/100 par
|
|t:|1779812016
|switch|p1a: Alomomola|Alomomola, F|100/100|[from] U-turn
|move|p2a: Iron Crown|Volt Switch|p1a: Alomomola
|-supereffective|p1a: Alomomola
|-damage|p1a: Alomomola|46/100
|
|t:|1779812022
|-end|p2a: Iron Crown|Quark Drive|[silent]
|switch|p2a: Zapdos|Zapdos|86/100|[from] Volt Switch
|
|-weather|Snowscape|[upkeep]
|upkeep
|turn|8
|
|t:|1779812029
|move|p2a: Zapdos|Volt Switch|p1a: Alomomola
|-supereffective|p1a: Alomomola
|-damage|p1a: Alomomola|0 fnt
|faint|p1a: Alomomola
|
|t:|1779812042
|switch|p2a: Enamorus|Enamorus, F|100/100|[from] Volt Switch
|
|-weather|Snowscape|[upkeep]
|upkeep
|
|t:|1779812051
|switch|p1a: Slowking|Slowking-Galar, F|81/100
|turn|9
|
|t:|1779812057
|switch|p2a: Iron Crown|Iron Crown, tera:Steel|30/100 par
|-prepare|p1a: Slowking|Chilly Reception|[premajor]
|move|p1a: Slowking|Chilly Reception|p1a: Slowking
|
|t:|1779812066
|switch|p1a: Lokix|Lokix, F|100/100|[from] Chilly Reception
|
|-weather|Snowscape|[upkeep]
|upkeep
|turn|10
|
|t:|1779812072
|-end|p2a: Iron Crown|Quark Drive|[silent]
|switch|p2a: Zapdos|Zapdos|86/100
|move|p1a: Lokix|U-turn|p2a: Zapdos
|-resisted|p2a: Zapdos
|-damage|p2a: Zapdos|44/100
|
|t:|1779812078
|switch|p1a: Gardevoir|Gardevoir, F|100/100|[from] U-turn
|-ability|p1a: Gardevoir|Static|Trace|[from] ability: Trace|[of] p2a: Zapdos
|
|-weather|none
|upkeep
|turn|11
|
|t:|1779812089
|switch|p2a: Glimmora|Glimmora, M|100/100
|move|p1a: Gardevoir|Moonblast|p2a: Glimmora
|-resisted|p2a: Glimmora
|-damage|p2a: Glimmora|52/100
|
|upkeep
|turn|12
|
|t:|1779812097
|switch|p1a: Slowking|Slowking-Galar, F|100/100
|move|p2a: Glimmora|Stealth Rock|p1a: Slowking
|-sidestart|p1: cachowcapow|move: Stealth Rock
|
|upkeep
|turn|13
|
|t:|1779812100
|move|p2a: Glimmora|Earth Power|p1a: Slowking
|-supereffective|p1a: Slowking
|-damage|p1a: Slowking|66/100
|move|p1a: Slowking|Future Sight|p2a: Glimmora
|-start|p1a: Slowking|move: Future Sight
|
|upkeep
|turn|14
|
|t:|1779812103
|move|p2a: Glimmora|Earth Power|p1a: Slowking
|-supereffective|p1a: Slowking
|-damage|p1a: Slowking|26/100
|-unboost|p1a: Slowking|spd|1
|-prepare|p1a: Slowking|Chilly Reception|[premajor]
|move|p1a: Slowking|Chilly Reception|p1a: Slowking
|-weather|Snowscape
|
|t:|1779812110
|switch|p1a: Corviknight|Corviknight, M|100/100|[from] Chilly Reception
|-damage|p1a: Corviknight|88/100|[from] Stealth Rock
|-ability|p1a: Corviknight|Pressure
|
|-weather|Snowscape|[upkeep]
|upkeep
|turn|15
|
|t:|1779812119
|switch|p2a: Iron Crown|Iron Crown, tera:Steel|30/100 par
|move|p1a: Corviknight|Defog|p2a: Iron Crown
|-unboost|p2a: Iron Crown|evasion|1
|-sideend|p1: cachowcapow|Stealth Rock|[from] move: Defog|[of] p1a: Corviknight
|
|-weather|Snowscape|[upkeep]
|-end|p2a: Iron Crown|move: Future Sight
|-resisted|p2a: Iron Crown
|-damage|p2a: Iron Crown|8/100 par
|upkeep
|turn|16
|
|t:|1779812123
|-end|p2a: Iron Crown|Quark Drive|[silent]
|switch|p2a: Glimmora|Glimmora, M|52/100
|move|p1a: Corviknight|Body Press|p2a: Glimmora
|-damage|p2a: Glimmora|21/100
|-activate|p2a: Glimmora|ability: Toxic Debris
|-sidestart|p1: cachowcapow|move: Toxic Spikes
|
|-weather|Snowscape|[upkeep]
|upkeep
|turn|17
|
|t:|1779812130
|move|p2a: Glimmora|Power Gem|p1a: Corviknight
|-damage|p1a: Corviknight|48/100
|move|p1a: Corviknight|Body Press|p2a: Glimmora
|-damage|p2a: Glimmora|0 fnt
|-activate|p2a: Glimmora|ability: Toxic Debris
|-sidestart|p1: cachowcapow|move: Toxic Spikes
|faint|p2a: Glimmora
|
|-weather|Snowscape|[upkeep]
|upkeep
|
|t:|1779812135
|switch|p2a: Zapdos|Zapdos|44/100
|turn|18
|
|t:|1779812138
|switch|p1a: Slowking|Slowking-Galar, F|60/100
|-sideend|p1: cachowcapow|move: Toxic Spikes|[of] p1a: Slowking
|move|p2a: Zapdos|Volt Switch|p1a: Slowking
|-damage|p1a: Slowking|38/100
|
|t:|1779812143
|switch|p2a: Iron Crown|Iron Crown, tera:Steel|8/100 par|[from] Volt Switch
|
|-weather|none
|upkeep
|turn|19
|
|t:|1779812149
|switch|p1a: Corviknight|Corviknight, M|48/100
|-ability|p1a: Corviknight|Pressure
|move|p2a: Iron Crown|Psychic Noise|p1a: Corviknight
|-resisted|p1a: Corviknight
|-damage|p1a: Corviknight|20/100
|-start|p1a: Corviknight|move: Heal Block
|
|upkeep
|turn|20
|
|t:|1779812156
|move|p1a: Corviknight|Body Press|p2a: Iron Crown
|-supereffective|p2a: Iron Crown
|-damage|p2a: Iron Crown|0 fnt
|faint|p2a: Iron Crown
|-end|p2a: Iron Crown|Quark Drive|[silent]
|
|-end|p1a: Corviknight|move: Heal Block
|upkeep
|
|t:|1779812158
|switch|p2a: Zapdos|Zapdos|44/100
|turn|21
|
|t:|1779812161
|move|p2a: Zapdos|Volt Switch|p1a: Corviknight
|-supereffective|p1a: Corviknight
|-damage|p1a: Corviknight|0 fnt
|faint|p1a: Corviknight
|
|t:|1779812163
|switch|p2a: Enamorus|Enamorus, F|100/100|[from] Volt Switch
|
|upkeep
|
|t:|1779812172
|switch|p1a: Slowking|Slowking-Galar, F|71/100
|turn|22
|
|t:|1779812181
|switch|p2a: Great Tusk|Great Tusk|100/100
|-enditem|p2a: Great Tusk|Booster Energy
|-activate|p2a: Great Tusk|ability: Protosynthesis|[fromitem]
|-start|p2a: Great Tusk|protosynthesisatk
|-prepare|p1a: Slowking|Chilly Reception|[premajor]
|move|p1a: Slowking|Chilly Reception|p1a: Slowking
|-weather|Snowscape
|
|t:|1779812201
|switch|p1a: Lokix|Lokix, F|100/100|[from] Chilly Reception
|
|-weather|Snowscape|[upkeep]
|upkeep
|turn|23
|
|t:|1779812208
|-terastallize|p1a: Lokix|Bug
|move|p1a: Lokix|U-turn|p2a: Great Tusk
|-resisted|p2a: Great Tusk
|-damage|p2a: Great Tusk|65/100
|
|t:|1779812211
|switch|p1a: Kyurem|Kyurem|100/100|[from] U-turn
|-ability|p1a: Kyurem|Pressure
|move|p2a: Great Tusk|Rapid Spin|p1a: Kyurem
|-damage|p1a: Kyurem|89/100
|-boost|p2a: Great Tusk|spe|1
|
|-weather|Snowscape|[upkeep]
|-heal|p1a: Kyurem|95/100|[from] item: Leftovers
|upkeep
|turn|24
|
|t:|1779812217
|move|p2a: Great Tusk|Headlong Rush|p1a: Kyurem
|-damage|p1a: Kyurem|53/100
|-unboost|p2a: Great Tusk|def|1
|-unboost|p2a: Great Tusk|spd|1
|move|p1a: Kyurem|Icicle Spear|p2a: Great Tusk
|-supereffective|p2a: Great Tusk
|-damage|p2a: Great Tusk|42/100
|-supereffective|p2a: Great Tusk
|-damage|p2a: Great Tusk|22/100
|-supereffective|p2a: Great Tusk
|-damage|p2a: Great Tusk|0 fnt
|faint|p2a: Great Tusk
|-end|p2a: Great Tusk|Protosynthesis|[silent]
|-hitcount|p2: Great Tusk|3
|
|-weather|Snowscape|[upkeep]
|-heal|p1a: Kyurem|59/100|[from] item: Leftovers
|upkeep
|
|t:|1779812224
|switch|p2a: Enamorus|Enamorus, F|100/100
|turn|25
|
|t:|1779812230
|switch|p2a: Kingambit|Kingambit, M|100/100
|-activate|p2a: Kingambit|ability: Supreme Overlord
|-start|p2a: Kingambit|fallen3|[silent]
|-item|p2a: Kingambit|Air Balloon
|move|p1a: Kyurem|Protect||[still]
|-fail|p1a: Kyurem
|
|-weather|Snowscape|[upkeep]
|-heal|p1a: Kyurem|65/100|[from] item: Leftovers
|upkeep
|turn|26
|
|t:|1779812238
|move|p1a: Kyurem|Icicle Spear|p2a: Kingambit
|-resisted|p2a: Kingambit
|-damage|p2a: Kingambit|96/100
|-enditem|p2a: Kingambit|Air Balloon
|-resisted|p2a: Kingambit
|-damage|p2a: Kingambit|91/100
|-resisted|p2a: Kingambit
|-damage|p2a: Kingambit|87/100
|-hitcount|p2a: Kingambit|3
|move|p2a: Kingambit|Iron Head|p1a: Kyurem
|-supereffective|p1a: Kyurem
|-damage|p1a: Kyurem|2/100
|
|-weather|none
|-heal|p1a: Kyurem|9/100|[from] item: Leftovers
|upkeep
|turn|27
|
|t:|1779812242
|move|p2a: Kingambit|Sucker Punch||[still]
|-fail|p2a: Kingambit
|move|p1a: Kyurem|Dragon Dance|p1a: Kyurem
|-boost|p1a: Kyurem|atk|1
|-boost|p1a: Kyurem|spe|1
|
|-heal|p1a: Kyurem|15/100|[from] item: Leftovers
|upkeep
|turn|28
|
|t:|1779812245
|move|p1a: Kyurem|Protect|p1a: Kyurem
|-singleturn|p1a: Kyurem|Protect
|move|p2a: Kingambit|Sucker Punch||[still]
|-fail|p2a: Kingambit
|
|-heal|p1a: Kyurem|21/100|[from] item: Leftovers
|upkeep
|turn|29
|
|t:|1779812251
|move|p2a: Kingambit|Sucker Punch||[still]
|-fail|p2a: Kingambit
|move|p1a: Kyurem|Dragon Dance|p1a: Kyurem
|-boost|p1a: Kyurem|atk|1
|-boost|p1a: Kyurem|spe|1
|
|-heal|p1a: Kyurem|27/100|[from] item: Leftovers
|upkeep
|turn|30
|
|t:|1779812257
|move|p1a: Kyurem|Protect|p1a: Kyurem
|-singleturn|p1a: Kyurem|Protect
|move|p2a: Kingambit|Swords Dance|p2a: Kingambit
|-boost|p2a: Kingambit|atk|2
|
|-heal|p1a: Kyurem|33/100|[from] item: Leftovers
|upkeep
|turn|31
|
|t:|1779812262
|move|p1a: Kyurem|Substitute|p1a: Kyurem
|-start|p1a: Kyurem|Substitute
|-damage|p1a: Kyurem|8/100
|move|p2a: Kingambit|Iron Head|p1a: Kyurem
|-supereffective|p1a: Kyurem
|-crit|p1a: Kyurem
|-end|p1a: Kyurem|Substitute
|
|-heal|p1a: Kyurem|15/100|[from] item: Leftovers
|upkeep
|turn|32
|
|t:|1779812266
|move|p1a: Kyurem|Icicle Spear|p2a: Kingambit
|-resisted|p2a: Kingambit
|-crit|p2a: Kingambit
|-damage|p2a: Kingambit|73/100
|-resisted|p2a: Kingambit
|-damage|p2a: Kingambit|64/100
|-resisted|p2a: Kingambit
|-damage|p2a: Kingambit|55/100
|-hitcount|p2a: Kingambit|3
|move|p2a: Kingambit|Iron Head|p1a: Kyurem
|-supereffective|p1a: Kyurem
|-damage|p1a: Kyurem|0 fnt
|faint|p1a: Kyurem
|
|upkeep
|
|t:|1779812271
|switch|p1a: Lokix|Lokix, F, tera:Bug|100/100
|turn|33
|
|t:|1779812275
|-end|p2a: Kingambit|fallen3|[silent]
|switch|p2a: Zapdos|Zapdos|44/100
|move|p1a: Lokix|First Impression|p2a: Zapdos
|-resisted|p2a: Zapdos
|-damage|p2a: Zapdos|0 fnt
|-status|p1a: Lokix|par|[from] ability: Static|[of] p2a: Zapdos
|faint|p2a: Zapdos
|
|upkeep
|
|t:|1779812279
|switch|p2a: Enamorus|Enamorus, F|100/100
|turn|34
|
|t:|1779812282
|switch|p1a: Slowking|Slowking-Galar, F|100/100
|move|p2a: Enamorus|Earth Power|p1a: Slowking
|-supereffective|p1a: Slowking
|-damage|p1a: Slowking|56/100
|
|upkeep
|turn|35
|
|t:|1779812288
|switch|p2a: Kingambit|Kingambit, M|55/100
|-activate|p2a: Kingambit|ability: Supreme Overlord
|-start|p2a: Kingambit|fallen4|[silent]
|move|p1a: Slowking|Sludge Bomb|p2a: Kingambit
|-immune|p2a: Kingambit
|
|upkeep
|turn|36
|
|t:|1779812292
|move|p2a: Kingambit|Kowtow Cleave|p1a: Slowking
|-supereffective|p1a: Slowking
|-damage|p1a: Slowking|0 fnt
|faint|p1a: Slowking
|
|upkeep
|
|t:|1779812297
|switch|p1a: Gardevoir|Gardevoir, F|100/100
|-ability|p1a: Gardevoir|Supreme Overlord|Trace|[from] ability: Trace|[of] p2a: Kingambit
|-activate|p1a: Gardevoir|ability: Supreme Overlord
|-start|p1a: Gardevoir|fallen4|[silent]
|turn|37
|
|t:|1779812301
|move|p1a: Gardevoir|Vacuum Wave|p2a: Kingambit
|-supereffective|p2a: Kingambit
|-damage|p2a: Kingambit|0 fnt
|faint|p2a: Kingambit
|-end|p2a: Kingambit|fallen4|[silent]
|
|upkeep
|
|t:|1779812303
|switch|p2a: Enamorus|Enamorus, F|100/100
|turn|38
|
|t:|1779812305
|-end|p1a: Gardevoir|fallen4|[silent]
|switch|p1a: Lokix|Lokix, F, tera:Bug|100/100 par
|move|p2a: Enamorus|Moonblast|p1a: Lokix
|-damage|p1a: Lokix|0 fnt
|faint|p1a: Lokix
|
|upkeep
|
|t:|1779812307
|switch|p1a: Gardevoir|Gardevoir, F|100/100
|-ability|p1a: Gardevoir|Contrary|Trace|[from] ability: Trace|[of] p2a: Enamorus
|turn|39
|
|t:|1779812309
|move|p2a: Enamorus|Moonblast|p1a: Gardevoir
|-damage|p1a: Gardevoir|39/100
|-boost|p1a: Gardevoir|spa|1
|move|p1a: Gardevoir|Moonblast|p2a: Enamorus
|-damage|p2a: Enamorus|0 fnt
|faint|p2a: Enamorus
|
|win|cachowcapow
|raw|cachowcapow's rating: 1572 &rarr; <strong>1593</strong><br />(+21 for winning)
|raw|palmin's rating: 1590 &rarr; <strong>1569</strong><br />(-21 for losing)
|l|☆palmin
|player|p2|
|l| hgghgbc
|l|☆cachowcapow
|player|p1|
