|j|☆seantheguyr5
|j|☆th3r3d33m3r
|t:|1779891197
|gametype|singles
|player|p1|seantheguyr5|emmet|1472
|player|p2|th3r3d33m3r|lady|1462
|gen|9
|tier|[Gen 9] OU
|rated|
|rule|HP Percentage Mod: HP is shown in percentages
|rule|Endless Battle Clause: Forcing endless battles is banned
|rule|Species Clause: Limit one of each Pokémon
|rule|OHKO Clause: OHKO moves are banned
|rule|Evasion Items Clause: Evasion items are banned
|rule|Evasion Moves Clause: Evasion moves are banned
|rule|Evasion Abilities Clause: Evasion abilities are banned
|rule|Sleep Moves Clause: Sleep-inducing moves are banned
|clearpoke
|poke|p1|Blaziken, F|
|poke|p1|Ninetales, F|
|poke|p1|Venusaur, F|
|poke|p1|Hatterene, F|
|poke|p1|Great Tusk|
|poke|p1|Walking Wake|
|poke|p2|Regieleki|
|poke|p2|Landorus-Therian, M|
|poke|p2|Cinderace, M|
|poke|p2|Hydrapple, M|
|poke|p2|Alomomola, F|
|poke|p2|Kingambit, F|
|teampreview
|
|t:|1779891209
|teamsize|p1|6
|teamsize|p2|6
|start
|switch|p1a: Ninetales|Ninetales, F|100/100
|switch|p2a: Hydrapple|Hydrapple, M|100/100
|-weather|SunnyDay|[from] ability: Drought|[of] p1a: Ninetales
|turn|1
|inactive|Battle timer is ON: inactive players will automatically lose when time's up. (requested by seantheguyr5)
|
|t:|1779891223
|move|p1a: Ninetales|Flamethrower|p2a: Hydrapple
|-damage|p2a: Hydrapple|60/100
|move|p2a: Hydrapple|Earth Power|p1a: Ninetales
|-supereffective|p1a: Ninetales
|-damage|p1a: Ninetales|54/100
|
|-weather|SunnyDay|[upkeep]
|upkeep
|turn|2
|
|t:|1779891238
|switch|p1a: Hatterene|Hatterene, F|100/100
|switch|p2a: Alomomola|Alomomola, F|100/100
|
|-weather|SunnyDay|[upkeep]
|upkeep
|turn|3
|
|t:|1779891247
|switch|p2a: Landorus|Landorus-Therian, M|100/100
|-ability|p2a: Landorus|Intimidate|boost
|-unboost|p1a: Hatterene|atk|1
|move|p1a: Hatterene|Nuzzle|p2a: Landorus
|-immune|p2a: Landorus
|
|-weather|SunnyDay|[upkeep]
|upkeep
|turn|4
|
|t:|1779891256
|move|p2a: Landorus|Earthquake|p1a: Hatterene
|-damage|p1a: Hatterene|61/100
|-enditem|p1a: Hatterene|Eject Button
|
|t:|1779891261
|switch|p1a: Venusaur|Venusaur, F|100/100
|
|-weather|SunnyDay|[upkeep]
|upkeep
|turn|5
|
|t:|1779891268
|move|p1a: Venusaur|Growth|p1a: Venusaur
|-boost|p1a: Venusaur|atk|2
|-boost|p1a: Venusaur|spa|2
|move|p2a: Landorus|Earthquake|p1a: Venusaur
|-damage|p1a: Venusaur|43/100
|
|-weather|SunnyDay|[upkeep]
|upkeep
|turn|6
|
|t:|1779891274
|switch|p2a: Hydrapple|Hydrapple, M|93/100
|move|p1a: Venusaur|Giga Drain|p2a: Hydrapple
|-resisted|p2a: Hydrapple
|-damage|p2a: Hydrapple|72/100
|-heal|p1a: Venusaur|58/100|[from] drain|[of] p2a: Hydrapple
|-damage|p1a: Venusaur|48/100|[from] item: Life Orb
|
|-weather|SunnyDay|[upkeep]
|upkeep
|turn|7
|
|t:|1779891277
|switch|p2a: Kingambit|Kingambit, F|100/100
|move|p1a: Venusaur|Sludge Bomb|p2a: Kingambit
|-immune|p2a: Kingambit
|
|-weather|SunnyDay|[upkeep]
|upkeep
|turn|8
|
|t:|1779891283
|move|p2a: Kingambit|Sucker Punch|p1a: Venusaur
|-damage|p1a: Venusaur|0 fnt
|faint|p1a: Venusaur
|
|-weather|none
|upkeep
|
|t:|1779891287
|switch|p1a: Ninetales|Ninetales, F|54/100
|-weather|SunnyDay|[from] ability: Drought|[of] p1a: Ninetales
|turn|9
|
|t:|1779891290
|switch|p1a: Blaziken|Blaziken, F|100/100
|-end|p2a: Kingambit|fallenundefined|[silent]
|switch|p2a: Alomomola|Alomomola, F|100/100
|
|-weather|SunnyDay|[upkeep]
|upkeep
|turn|10
|
|t:|1779891293
|move|p1a: Blaziken|Focus Energy|p1a: Blaziken
|-start|p1a: Blaziken|move: Focus Energy
|move|p2a: Alomomola|Flip Turn|p1a: Blaziken
|-supereffective|p1a: Blaziken
|-damage|p1a: Blaziken|75/100
|
|t:|1779891300
|switch|p2a: Landorus|Landorus-Therian, M|100/100|[from] Flip Turn
|-ability|p2a: Landorus|Intimidate|boost
|-unboost|p1a: Blaziken|atk|1
|
|-weather|SunnyDay|[upkeep]
|-ability|p1a: Blaziken|Speed Boost|boost
|-boost|p1a: Blaziken|spe|1
|upkeep
|turn|11
|
|t:|1779891306
|switch|p2a: Alomomola|Alomomola, F|100/100
|move|p1a: Blaziken|Overheat|p2a: Alomomola
|-resisted|p2a: Alomomola
|-crit|p2a: Alomomola
|-damage|p2a: Alomomola|64/100
|-unboost|p1a: Blaziken|spa|2
|
|-weather|SunnyDay|[upkeep]
|-ability|p1a: Blaziken|Speed Boost|boost
|-boost|p1a: Blaziken|spe|1
|upkeep
|turn|12
|
|t:|1779891310
|move|p1a: Blaziken|Overheat|p2a: Alomomola
|-resisted|p2a: Alomomola
|-crit|p2a: Alomomola
|-damage|p2a: Alomomola|30/100
|-unboost|p1a: Blaziken|spa|2
|move|p2a: Alomomola|Mirror Coat|p1a: Blaziken
|-damage|p1a: Blaziken|0 fnt
|faint|p1a: Blaziken
|
|-weather|SunnyDay|[upkeep]
|upkeep
|
|t:|1779891320
|switch|p1a: Walking Wake|Walking Wake|100/100
|-activate|p1a: Walking Wake|ability: Protosynthesis
|-start|p1a: Walking Wake|protosynthesisspe
|turn|13
|
|t:|1779891333
|switch|p2a: Cinderace|Cinderace, M|100/100
|move|p1a: Walking Wake|Draco Meteor|p2a: Cinderace
|-damage|p2a: Cinderace|0 fnt
|-unboost|p1a: Walking Wake|spa|2
|faint|p2a: Cinderace
|
|-weather|SunnyDay|[upkeep]
|upkeep
|
|t:|1779891338
|switch|p2a: Kingambit|Kingambit, F|100/100
|-activate|p2a: Kingambit|ability: Supreme Overlord
|-start|p2a: Kingambit|fallen1|[silent]
|turn|14
|
|t:|1779891345
|-end|p1a: Walking Wake|Protosynthesis|[silent]
|switch|p1a: Ninetales|Ninetales, F|54/100
|move|p2a: Kingambit|Swords Dance|p2a: Kingambit
|-boost|p2a: Kingambit|atk|2
|
|-weather|SunnyDay|[upkeep]
|upkeep
|turn|15
|
|t:|1779891353
|-end|p2a: Kingambit|fallen1|[silent]
|switch|p2a: Regieleki|Regieleki|100/100
|move|p1a: Ninetales|Will-O-Wisp|p2a: Regieleki
|-status|p2a: Regieleki|brn
|
|-weather|SunnyDay|[upkeep]
|-damage|p2a: Regieleki|95/100 brn|[from] brn
|upkeep
|turn|16
|
|t:|1779891359
|switch|p2a: Hydrapple|Hydrapple, M|100/100
|switch|p1a: Great Tusk|Great Tusk|100/100
|-activate|p1a: Great Tusk|ability: Protosynthesis
|-start|p1a: Great Tusk|protosynthesisatk
|
|-weather|none
|-end|p1a: Great Tusk|Protosynthesis
|upkeep
|turn|17
|
|t:|1779891366
|move|p1a: Great Tusk|Ice Spinner|p2a: Hydrapple
|-supereffective|p2a: Hydrapple
|-damage|p2a: Hydrapple|33/100
|-damage|p1a: Great Tusk|84/100|[from] item: Rocky Helmet|[of] p2a: Hydrapple
|move|p2a: Hydrapple|Earth Power|p1a: Great Tusk
|-damage|p1a: Great Tusk|45/100
|
|upkeep
|turn|18
|
|t:|1779891379
|-end|p1a: Great Tusk|Protosynthesis|[silent]
|switch|p1a: Hatterene|Hatterene, F|61/100
|switch|p2a: Alomomola|Alomomola, F|63/100
|
|upkeep
|turn|19
|
|t:|1779891389
|switch|p2a: Kingambit|Kingambit, F|100/100
|-activate|p2a: Kingambit|ability: Supreme Overlord
|-start|p2a: Kingambit|fallen1|[silent]
|move|p1a: Hatterene|Psychic Noise|p2a: Kingambit
|-immune|p2a: Kingambit
|
|upkeep
|turn|20
|
|t:|1779891396
|move|p2a: Kingambit|Kowtow Cleave|p1a: Hatterene
|-damage|p1a: Hatterene|10/100
|move|p1a: Hatterene|Nuzzle|p2a: Kingambit
|-damage|p2a: Kingambit|97/100
|-status|p2a: Kingambit|par
|
|-heal|p2a: Kingambit|100/100 par|[from] item: Leftovers
|upkeep
|turn|21
|
|t:|1779891407
|switch|p1a: Ninetales|Ninetales, F|54/100
|-weather|SunnyDay|[from] ability: Drought|[of] p1a: Ninetales
|cant|p2a: Kingambit|par
|
|-weather|SunnyDay|[upkeep]
|upkeep
|turn|22
|
|t:|1779891412
|-end|p2a: Kingambit|fallen1|[silent]
|switch|p2a: Alomomola|Alomomola, F|96/100
|move|p1a: Ninetales|Flamethrower|p2a: Alomomola
|-resisted|p2a: Alomomola
|-damage|p2a: Alomomola|87/100
|
|-weather|SunnyDay|[upkeep]
|upkeep
|turn|23
|
|t:|1779891422
|move|p1a: Ninetales|Will-O-Wisp|p2a: Alomomola
|-status|p2a: Alomomola|brn
|move|p2a: Alomomola|Flip Turn|p1a: Ninetales
|-supereffective|p1a: Ninetales
|-damage|p1a: Ninetales|43/100
|
|t:|1779891427
|switch|p2a: Hydrapple|Hydrapple, M|66/100|[from] Flip Turn
|
|-weather|SunnyDay|[upkeep]
|upkeep
|turn|24
|
|t:|1779891440
|switch|p1a: Walking Wake|Walking Wake|100/100
|-activate|p1a: Walking Wake|ability: Protosynthesis
|-start|p1a: Walking Wake|protosynthesisspe
|move|p2a: Hydrapple|Earth Power|p1a: Walking Wake
|-damage|p1a: Walking Wake|73/100
|
|-weather|SunnyDay|[upkeep]
|upkeep
|turn|25
|
|t:|1779891448
|switch|p2a: Alomomola|Alomomola, F|100/100 brn
|move|p1a: Walking Wake|Draco Meteor|p2a: Alomomola|[miss]
|-miss|p1a: Walking Wake|p2a: Alomomola
|
|-weather|SunnyDay|[upkeep]
|-damage|p2a: Alomomola|94/100 brn|[from] brn
|upkeep
|turn|26
|
|t:|1779891453
|move|p1a: Walking Wake|Draco Meteor|p2a: Alomomola
|-damage|p2a: Alomomola|42/100 brn
|-unboost|p1a: Walking Wake|spa|2
|move|p2a: Alomomola|Flip Turn|p1a: Walking Wake
|-resisted|p1a: Walking Wake
|-damage|p1a: Walking Wake|72/100
|
|t:|1779891458
|switch|p2a: Kingambit|Kingambit, F|100/100 par|[from] Flip Turn
|-activate|p2a: Kingambit|ability: Supreme Overlord
|-start|p2a: Kingambit|fallen1|[silent]
|
|-weather|SunnyDay|[upkeep]
|upkeep
|turn|27
|
|t:|1779891466
|move|p1a: Walking Wake|Draco Meteor|p2a: Kingambit
|-resisted|p2a: Kingambit
|-damage|p2a: Kingambit|71/100 par
|-unboost|p1a: Walking Wake|spa|2
|move|p2a: Kingambit|Kowtow Cleave|p1a: Walking Wake
|-damage|p1a: Walking Wake|8/100
|
|-weather|SunnyDay|[upkeep]
|-heal|p2a: Kingambit|77/100 par|[from] item: Leftovers
|upkeep
|turn|28
|
|t:|1779891473
|-end|p1a: Walking Wake|Protosynthesis|[silent]
|switch|p1a: Great Tusk|Great Tusk|45/100
|-activate|p1a: Great Tusk|ability: Protosynthesis
|-start|p1a: Great Tusk|protosynthesisatk
|move|p2a: Kingambit|Iron Head|p1a: Great Tusk
|-damage|p1a: Great Tusk|9/100
|
|-weather|none
|-end|p1a: Great Tusk|Protosynthesis
|-heal|p2a: Kingambit|83/100 par|[from] item: Leftovers
|upkeep
|turn|29
|
|t:|1779891476
|move|p2a: Kingambit|Sucker Punch||[still]
|-fail|p2a: Kingambit
|move|p1a: Great Tusk|Stealth Rock|p2a: Kingambit
|-sidestart|p2: th3r3d33m3r|move: Stealth Rock
|
|-heal|p2a: Kingambit|89/100 par|[from] item: Leftovers
|upkeep
|turn|30
|
|t:|1779891478
|move|p2a: Kingambit|Sucker Punch|p1a: Great Tusk
|-resisted|p1a: Great Tusk
|-damage|p1a: Great Tusk|0 fnt
|faint|p1a: Great Tusk
|-end|p1a: Great Tusk|Protosynthesis|[silent]
|
|-heal|p2a: Kingambit|96/100 par|[from] item: Leftovers
|upkeep
|
|t:|1779891483
|switch|p1a: Hatterene|Hatterene, F|10/100
|turn|31
|
|t:|1779891486
|move|p1a: Hatterene|Healing Wish|p1a: Hatterene
|faint|p1a: Hatterene
|move|p2a: Kingambit|Iron Head|p1: Hatterene|[notarget]
|-fail|p2a: Kingambit
|
|-heal|p2a: Kingambit|100/100 par|[from] item: Leftovers
|upkeep
|
|t:|1779891489
|switch|p1a: Walking Wake|Walking Wake|8/100
|-heal|p1a: Walking Wake|100/100|[from] move: Healing Wish
|turn|32
|
|t:|1779891493
|-end|p1a: Walking Wake|Protosynthesis|[silent]
|switch|p1a: Ninetales|Ninetales, F|43/100
|-weather|SunnyDay|[from] ability: Drought|[of] p1a: Ninetales
|move|p2a: Kingambit|Kowtow Cleave|p1a: Ninetales
|-damage|p1a: Ninetales|0 fnt
|faint|p1a: Ninetales
|
|-weather|SunnyDay|[upkeep]
|upkeep
|
|t:|1779891495
|switch|p1a: Walking Wake|Walking Wake|100/100
|-activate|p1a: Walking Wake|ability: Protosynthesis
|-start|p1a: Walking Wake|protosynthesisspe
|turn|33
|
|t:|1779891500
|-end|p2a: Kingambit|fallen1|[silent]
|switch|p2a: Landorus|Landorus-Therian, M|100/100
|-damage|p2a: Landorus|88/100|[from] Stealth Rock
|-ability|p2a: Landorus|Intimidate|boost
|-unboost|p1a: Walking Wake|atk|1
|-terastallize|p1a: Walking Wake|Water
|move|p1a: Walking Wake|Hydro Steam|p2a: Landorus
|-supereffective|p2a: Landorus
|-damage|p2a: Landorus|0 fnt
|faint|p2a: Landorus
|
|-weather|SunnyDay|[upkeep]
|upkeep
|
|t:|1779891502
|switch|p2a: Alomomola|Alomomola, F|76/100 brn
|-damage|p2a: Alomomola|63/100 brn|[from] Stealth Rock
|turn|34
|
|t:|1779891505
|move|p1a: Walking Wake|Hydro Steam|p2a: Alomomola
|-resisted|p2a: Alomomola
|-damage|p2a: Alomomola|33/100 brn
|move|p2a: Alomomola|Mirror Coat|p1a: Walking Wake
|-damage|p1a: Walking Wake|4/100
|
|-weather|SunnyDay|[upkeep]
|-damage|p2a: Alomomola|27/100 brn|[from] brn
|upkeep
|turn|35
|
|t:|1779891509
|move|p1a: Walking Wake|Hydro Steam|p2a: Alomomola
|-resisted|p2a: Alomomola
|-damage|p2a: Alomomola|0 fnt
|faint|p2a: Alomomola
|
|-weather|SunnyDay|[upkeep]
|upkeep
|
|t:|1779891510
|switch|p2a: Regieleki|Regieleki|95/100 brn
|turn|36
|
|t:|1779891513
|move|p2a: Regieleki|Thunderbolt|p1a: Walking Wake
|-supereffective|p1a: Walking Wake
|-damage|p1a: Walking Wake|0 fnt
|faint|p1a: Walking Wake
|-end|p1a: Walking Wake|Protosynthesis|[silent]
|
|win|th3r3d33m3r
|raw|seantheguyr5's rating: 1472 &rarr; <strong>1451</strong><br />(-21 for losing)
|raw|th3r3d33m3r's rating: 1462 &rarr; <strong>1483</strong><br />(+21 for winning)
|l|☆th3r3d33m3r
|player|p2|
