|j|☆suntt1
|j|☆marisa_fumo_gaming
|t:|1779962763
|gametype|singles
|player|p1|suntt1|265|1361
|player|p2|marisa_fumo_gaming|2|1375
|gen|9
|tier|[Gen 9] OU
|rated|
|rule|HP Percentage Mod: HP is shown in percentages
|rule|Endless Battle Clause: Forcing endless battles is banned
|rule|Species Clause: Limit one of each Pokémon
|rule|OHKO Clause: OHKO moves are banned
|rule|Evasion Items Clause: Evasion items are banned
|rule|Evasion Moves Clause: Evasion moves are banned
|rule|Evasion Abilities Clause: Evasion abilities are banned
|rule|Sleep Moves Clause: Sleep-inducing moves are banned
|clearpoke
|poke|p1|Torkoal, F|
|poke|p1|Slither Wing|
|poke|p1|Great Tusk|
|poke|p1|Walking Wake|
|poke|p1|Lilligant-Hisui, F|
|poke|p1|Heatran, F|
|poke|p2|Cinccino, M|
|poke|p2|Greninja-*, M|
|poke|p2|Enamorus, F|
|poke|p2|Cinderace, F|
|poke|p2|Garchomp, M|
|poke|p2|Gholdengo|
|teampreview
|
|t:|1779962773
|teamsize|p1|6
|teamsize|p2|6
|start
|switch|p1a: Torkoal|Torkoal, F|100/100
|switch|p2a: Garchomp|Garchomp, M|100/100
|-weather|SunnyDay|[from] ability: Drought|[of] p1a: Torkoal
|turn|1
|
|t:|1779962780
|switch|p1a: Great Tusk|Great Tusk|100/100
|-activate|p1a: Great Tusk|ability: Protosynthesis
|-start|p1a: Great Tusk|protosynthesisspe
|move|p2a: Garchomp|Scale Shot|p1a: Great Tusk
|-damage|p1a: Great Tusk|92/100
|-damage|p1a: Great Tusk|83/100
|-damage|p1a: Great Tusk|75/100
|-damage|p1a: Great Tusk|67/100
|-damage|p1a: Great Tusk|59/100
|-hitcount|p1a: Great Tusk|5
|-unboost|p2a: Garchomp|def|1
|-boost|p2a: Garchomp|spe|1
|
|-weather|SunnyDay|[upkeep]
|upkeep
|turn|2
|
|t:|1779962804
|-terastallize|p2a: Garchomp|Dragon
|move|p2a: Garchomp|Scale Shot|p1a: Great Tusk|[miss]
|-miss|p2a: Garchomp|p1a: Great Tusk
|move|p1a: Great Tusk|Headlong Rush|p2a: Garchomp
|-damage|p2a: Garchomp|3/100
|-unboost|p1a: Great Tusk|def|1
|-unboost|p1a: Great Tusk|spd|1
|-damage|p1a: Great Tusk|46/100|[from] ability: Rough Skin|[of] p2a: Garchomp
|
|-weather|SunnyDay|[upkeep]
|upkeep
|turn|3
|
|t:|1779962812
|move|p2a: Garchomp|Earthquake|p1a: Great Tusk
|-crit|p1a: Great Tusk
|-damage|p1a: Great Tusk|0 fnt
|faint|p1a: Great Tusk
|-end|p1a: Great Tusk|Protosynthesis|[silent]
|
|-weather|SunnyDay|[upkeep]
|upkeep
|
|t:|1779962818
|switch|p1a: Lilligant|Lilligant-Hisui, F|100/100
|turn|4
|
|t:|1779962824
|switch|p2a: Cinderace|Cinderace, F|100/100
|move|p1a: Lilligant|Solar Blade||[still]
|-prepare|p1a: Lilligant|Solar Blade
|-anim|p1a: Lilligant|Solar Blade|p2a: Cinderace
|-resisted|p2a: Cinderace
|-damage|p2a: Cinderace|59/100
|
|-weather|SunnyDay|[upkeep]
|upkeep
|turn|5
|
|t:|1779962829
|move|p1a: Lilligant|Close Combat|p2a: Cinderace
|-damage|p2a: Cinderace|0 fnt
|-unboost|p1a: Lilligant|def|1
|-unboost|p1a: Lilligant|spd|1
|faint|p2a: Cinderace
|
|-weather|SunnyDay|[upkeep]
|upkeep
|
|t:|1779962835
|switch|p2a: Cinccino|Cinccino, M|100/100
|turn|6
|
|t:|1779962838
|move|p1a: Lilligant|Close Combat|p2a: Cinccino
|-supereffective|p2a: Cinccino
|-enditem|p2a: Cinccino|Focus Sash
|-damage|p2a: Cinccino|1/100
|-unboost|p1a: Lilligant|def|1
|-unboost|p1a: Lilligant|spd|1
|move|p2a: Cinccino|Tail Slap|p1a: Lilligant|[miss]
|-miss|p2a: Cinccino|p1a: Lilligant
|
|-weather|SunnyDay|[upkeep]
|upkeep
|turn|7
|-message|marisa_fumo_gaming forfeited.
|
|win|suntt1
|raw|suntt1's rating: 1361 &rarr; <strong>1382</strong><br />(+21 for winning)
|raw|marisa_fumo_gaming's rating: 1375 &rarr; <strong>1354</strong><br />(-21 for losing)
|l|☆marisa_fumo_gaming
|player|p2|
|l|☆suntt1
|player|p1|
