|badge|p2|bronze|gen9ou|100-9
|uhtml|medal-msg|<div class="broadcast-blue">Curious what those medals under the avatar are? PS now has Ladder Seasons! For more information, check out the <a href="https://www.smogon.com/forums/threads/3740067/">thread on Smogon.</a></div>
|j|☆crispyfries2
|j|☆Noamm
|inactive|Battle timer is ON: inactive players will automatically lose when time's up.
|t:|1779921204
|gametype|singles
|player|p1|crispyfries2|#wcop2026canada|
|player|p2|Noamm|gambler|
|gen|9
|tier|[Gen 9] OU
|rated|Tournament battle
|rule|HP Percentage Mod: HP is shown in percentages
|rule|Endless Battle Clause: Forcing endless battles is banned
|rule|Species Clause: Limit one of each Pokémon
|rule|OHKO Clause: OHKO moves are banned
|rule|Evasion Items Clause: Evasion items are banned
|rule|Evasion Moves Clause: Evasion moves are banned
|rule|Evasion Abilities Clause: Evasion abilities are banned
|rule|Sleep Moves Clause: Sleep-inducing moves are banned
|clearpoke
|poke|p1|Darkrai|
|poke|p1|Garchomp, F|
|poke|p1|Alomomola, F|
|poke|p1|Corviknight, M|
|poke|p1|Weezing-Galar, M|
|poke|p1|Ogerpon, F|
|poke|p2|Lokix, M|
|poke|p2|Iron Valiant|
|poke|p2|Alomomola, M|
|poke|p2|Mandibuzz, F|
|poke|p2|Great Tusk|
|poke|p2|Gholdengo|
|teampreview
|inactive|crispyfries2 also wants the timer to be on.
|inactive|Noamm also wants the timer to be on.
|j| Mortardom
|j| AKGD
|c|☆Noamm|Hf
|c|☆crispyfries2|u2
|j| Lowladderubersnoob
|l| Mortardom
|
|t:|1779921229
|teamsize|p1|6
|teamsize|p2|6
|start
|switch|p1a: Corviknight|Corviknight, M|100/100
|switch|p2a: G3-X|Iron Valiant, shiny|100/100
|-ability|p1a: Corviknight|Pressure
|turn|1
|j|#Setsu
|
|t:|1779921235
|-end|p2a: G3-X|Quark Drive|[silent]
|switch|p2a: MACHINE TORNADER|Gholdengo|100/100
|move|p1a: Corviknight|Brave Bird|p2a: MACHINE TORNADER
|-resisted|p2a: MACHINE TORNADER
|-damage|p2a: MACHINE TORNADER|78/100
|-damage|p1a: Corviknight|95/100|[from] Recoil
|
|-heal|p1a: Corviknight|100/100|[from] item: Leftovers
|upkeep
|turn|2
|j| AMBATUBLOUGH
|j| fun trading
|j| brobrubro
|
|t:|1779921257
|move|p2a: MACHINE TORNADER|Trick|p1a: Corviknight
|-activate|p2a: MACHINE TORNADER|move: Trick|[of] p1a: Corviknight
|-item|p1a: Corviknight|Choice Scarf|[from] move: Trick
|-item|p2a: MACHINE TORNADER|Leftovers|[from] move: Trick
|move|p1a: Corviknight|U-turn|p2a: MACHINE TORNADER
|-resisted|p2a: MACHINE TORNADER
|-damage|p2a: MACHINE TORNADER|74/100
|l| fun trading
|
|t:|1779921264
|switch|p1a: Darkrai|Darkrai|100/100|[from] U-turn
|
|-heal|p2a: MACHINE TORNADER|80/100|[from] item: Leftovers
|upkeep
|turn|3
|
|t:|1779921267
|switch|p2a: Tetsuya Sawaki|Alomomola, M|100/100
|move|p1a: Darkrai|Dark Pulse|p2a: Tetsuya Sawaki
|-damage|p2a: Tetsuya Sawaki|63/100
|
|upkeep
|turn|4
|
|t:|1779921269
|switch|p1a: Weezing|Weezing-Galar, M|100/100
|-ability|p1a: Weezing|Neutralizing Gas
|move|p2a: Tetsuya Sawaki|Flip Turn|p1a: Weezing
|-damage|p1a: Weezing|90/100
|j|@Disorient
|
|t:|1779921272
|switch|p2a: MACHINE TORNADER|Gholdengo|80/100|[from] Flip Turn
|
|-heal|p2a: MACHINE TORNADER|87/100|[from] item: Leftovers
|-heal|p1a: Weezing|96/100|[from] item: Leftovers
|upkeep
|turn|5
|j| she up im broke
|
|t:|1779921275
|-end|p1a: Weezing|ability: Neutralizing Gas
|switch|p1a: Alomomola|Alomomola, F|100/100
|move|p2a: MACHINE TORNADER|Shadow Ball|p1a: Alomomola
|-crit|p1a: Alomomola
|-damage|p1a: Alomomola|68/100
|
|-heal|p2a: MACHINE TORNADER|93/100|[from] item: Leftovers
|upkeep
|turn|6
|
|t:|1779921283
|move|p2a: MACHINE TORNADER|Nasty Plot|p2a: MACHINE TORNADER
|-boost|p2a: MACHINE TORNADER|spa|2
|move|p1a: Alomomola|Flip Turn|p2a: MACHINE TORNADER
|-damage|p2a: MACHINE TORNADER|74/100
|j| dsafsadfasds
|
|t:|1779921297
|switch|p1a: Darkrai|Darkrai|100/100|[from] Flip Turn
|
|-heal|p2a: MACHINE TORNADER|80/100|[from] item: Leftovers
|upkeep
|turn|7
|l| dsafsadfasds
|
|t:|1779921306
|switch|p2a: Tetsuya Sawaki|Alomomola, M|63/100
|move|p1a: Darkrai|Dark Pulse|p2a: Tetsuya Sawaki
|-damage|p2a: Tetsuya Sawaki|30/100
|
|upkeep
|turn|8
|
|t:|1779921324
|switch|p2a: G3-X|Iron Valiant, shiny|100/100
|move|p1a: Darkrai|Dark Pulse|p2a: G3-X
|-resisted|p2a: G3-X
|-damage|p2a: G3-X|71/100
|
|upkeep
|turn|9
|
|t:|1779921333
|switch|p1a: Corviknight|Corviknight, M|100/100
|-ability|p1a: Corviknight|Pressure
|move|p2a: G3-X|Thunderbolt|p1a: Corviknight
|-supereffective|p1a: Corviknight
|-damage|p1a: Corviknight|40/100
|
|upkeep
|turn|10
|
|t:|1779921351
|-end|p2a: G3-X|Quark Drive|[silent]
|switch|p2a: Gills Exceed|Great Tusk|100/100
|switch|p1a: Ogerpon|Ogerpon, F|100/100
|
|upkeep
|turn|11
|
|t:|1779921359
|-end|p2a: Gills Exceed|Protosynthesis|[silent]
|switch|p2a: Overlord|Mandibuzz, F|100/100
|move|p1a: Ogerpon|U-turn|p2a: Overlord
|-damage|p2a: Overlord|87/100
|
|t:|1779921364
|switch|p1a: Weezing|Weezing-Galar, M|96/100|[from] U-turn
|-ability|p1a: Weezing|Neutralizing Gas
|
|-heal|p1a: Weezing|100/100|[from] item: Leftovers
|upkeep
|turn|12
|
|t:|1779921368
|switch|p2a: MACHINE TORNADER|Gholdengo|80/100
|move|p1a: Weezing|Will-O-Wisp|p2a: MACHINE TORNADER
|-status|p2a: MACHINE TORNADER|brn
|
|-heal|p2a: MACHINE TORNADER|86/100 brn|[from] item: Leftovers
|-damage|p2a: MACHINE TORNADER|80/100 brn|[from] brn
|upkeep
|turn|13
|
|t:|1779921374
|-end|p1a: Weezing|ability: Neutralizing Gas
|switch|p1a: Alomomola|Alomomola, F|100/100
|move|p2a: MACHINE TORNADER|Nasty Plot|p2a: MACHINE TORNADER
|-boost|p2a: MACHINE TORNADER|spa|2
|
|-heal|p2a: MACHINE TORNADER|86/100 brn|[from] item: Leftovers
|-damage|p2a: MACHINE TORNADER|80/100 brn|[from] brn
|upkeep
|turn|14
|
|t:|1779921378
|move|p2a: MACHINE TORNADER|Shadow Ball|p1a: Alomomola
|-crit|p1a: Alomomola
|-damage|p1a: Alomomola|33/100
|move|p1a: Alomomola|Mirror Coat|p2a: MACHINE TORNADER
|-damage|p2a: MACHINE TORNADER|0 fnt
|faint|p2a: MACHINE TORNADER
|
|upkeep
|
|t:|1779921380
|switch|p2a: G3-X|Iron Valiant, shiny|71/100
|turn|15
|j| Riveir4
|j| fdjnhgul
|
|t:|1779921386
|switch|p1a: Corviknight|Corviknight, M|40/100
|-ability|p1a: Corviknight|Pressure
|move|p2a: G3-X|Moonblast|p1a: Corviknight
|-resisted|p1a: Corviknight
|-damage|p1a: Corviknight|18/100
|
|upkeep
|turn|16
|l| fdjnhgul
|c| Riveir4|fraudrai
|
|t:|1779921396
|-terastallize|p2a: G3-X|Fairy
|move|p2a: G3-X|Moonblast|p1a: Corviknight
|-resisted|p1a: Corviknight
|-damage|p1a: Corviknight|0 fnt
|faint|p1a: Corviknight
|
|upkeep
|
|t:|1779921403
|switch|p1a: Darkrai|Darkrai|100/100
|turn|17
|c| Riveir4|summoned
|
|t:|1779921412
|-end|p2a: G3-X|Quark Drive|[silent]
|switch|p2a: Tetsuya Sawaki|Alomomola, M|63/100
|move|p1a: Darkrai|Ice Beam|p2a: Tetsuya Sawaki
|-resisted|p2a: Tetsuya Sawaki
|-damage|p2a: Tetsuya Sawaki|50/100
|
|upkeep
|turn|18
|
|t:|1779921415
|switch|p1a: Weezing|Weezing-Galar, M|100/100
|-ability|p1a: Weezing|Neutralizing Gas
|move|p2a: Tetsuya Sawaki|Flip Turn|p1a: Weezing
|-damage|p1a: Weezing|90/100
|j| fdjnhgul
|
|t:|1779921421
|switch|p2a: Gills Exceed|Great Tusk|100/100|[from] Flip Turn
|
|-heal|p1a: Weezing|96/100|[from] item: Leftovers
|upkeep
|turn|19
|l| Riveir4
|
|t:|1779921425
|-end|p1a: Weezing|ability: Neutralizing Gas
|switch|p1a: Garchomp|Garchomp, F|100/100
|move|p2a: Gills Exceed|Headlong Rush|p1a: Garchomp
|-damage|p1a: Garchomp|62/100
|-unboost|p2a: Gills Exceed|def|1
|-unboost|p2a: Gills Exceed|spd|1
|-damage|p2a: Gills Exceed|88/100|[from] ability: Rough Skin|[of] p1a: Garchomp
|-damage|p2a: Gills Exceed|72/100|[from] item: Rocky Helmet|[of] p1a: Garchomp
|
|upkeep
|turn|20
|l| fdjnhgul
|
|t:|1779921436
|move|p2a: Gills Exceed|Ice Spinner|p1a: Garchomp
|-supereffective|p1a: Garchomp
|-damage|p1a: Garchomp|0 fnt
|-damage|p2a: Gills Exceed|59/100|[from] ability: Rough Skin|[of] p1a: Garchomp
|-damage|p2a: Gills Exceed|43/100|[from] item: Rocky Helmet|[of] p1a: Garchomp
|faint|p1a: Garchomp
|
|upkeep
|
|t:|1779921446
|switch|p1a: Darkrai|Darkrai|100/100
|turn|21
|
|t:|1779921452
|-end|p2a: Gills Exceed|Protosynthesis|[silent]
|switch|p2a: Tetsuya Sawaki|Alomomola, M|50/100
|move|p1a: Darkrai|Dark Pulse|p2a: Tetsuya Sawaki
|-crit|p2a: Tetsuya Sawaki
|-damage|p2a: Tetsuya Sawaki|0 fnt
|faint|p2a: Tetsuya Sawaki
|
|upkeep
|
|t:|1779921457
|switch|p2a: G3-X|Iron Valiant, shiny, tera:Fairy|71/100
|turn|22
|
|t:|1779921470
|switch|p1a: Alomomola|Alomomola, F|66/100
|move|p2a: G3-X|Moonblast|p1a: Alomomola
|-damage|p1a: Alomomola|20/100
|
|upkeep
|turn|23
|
|t:|1779921473
|move|p1a: Alomomola|Aqua Jet|p2a: G3-X
|-damage|p2a: G3-X|56/100
|move|p2a: G3-X|Moonblast|p1a: Alomomola
|-damage|p1a: Alomomola|0 fnt
|faint|p1a: Alomomola
|
|upkeep
|
|t:|1779921479
|switch|p1a: Darkrai|Darkrai|100/100
|turn|24
|j| ComradeTreecko
|
|t:|1779921486
|-end|p2a: G3-X|Quark Drive|[silent]
|switch|p2a: Overlord|Mandibuzz, F|87/100
|move|p1a: Darkrai|Ice Beam|p2a: Overlord
|-supereffective|p2a: Overlord
|-damage|p2a: Overlord|7/100
|
|upkeep
|turn|25
|
|t:|1779921489
|move|p1a: Darkrai|Ice Beam|p2a: Overlord
|-supereffective|p2a: Overlord
|-damage|p2a: Overlord|0 fnt
|faint|p2a: Overlord
|
|upkeep
|
|t:|1779921495
|switch|p2a: Shining Agito|Lokix, M, shiny|100/100
|turn|26
|l| ComradeTreecko
|
|t:|1779921512
|move|p1a: Darkrai|Ice Beam|p2a: Shining Agito
|-damage|p2a: Shining Agito|14/100
|move|p2a: Shining Agito|U-turn|p1a: Darkrai
|-supereffective|p1a: Darkrai
|-damage|p1a: Darkrai|0 fnt
|faint|p1a: Darkrai
|
|t:|1779921520
|switch|p2a: G3-X|Iron Valiant, shiny, tera:Fairy|56/100|[from] U-turn
|
|upkeep
|
|t:|1779921522
|switch|p1a: Ogerpon|Ogerpon, F|100/100
|turn|27
|
|t:|1779921536
|-terastallize|p1a: Ogerpon|Grass
|detailschange|p1a: Ogerpon|Ogerpon-Teal-Tera, F, tera:Grass
|-ability|p1a: Ogerpon|Embody Aspect (Teal)|boost
|-boost|p1a: Ogerpon|spe|1
|move|p1a: Ogerpon|Ivy Cudgel|p2a: G3-X
|-damage|p2a: G3-X|0 fnt
|faint|p2a: G3-X
|-end|p2a: G3-X|Quark Drive|[silent]
|
|upkeep
|
|t:|1779921538
|switch|p2a: Shining Agito|Lokix, M, shiny|14/100
|turn|28
|
|t:|1779921543
|switch|p1a: Weezing|Weezing-Galar, M|96/100
|-ability|p1a: Weezing|Neutralizing Gas
|move|p2a: Shining Agito|U-turn|p1a: Weezing
|-resisted|p1a: Weezing
|-damage|p1a: Weezing|87/100
|
|t:|1779921545
|switch|p2a: Gills Exceed|Great Tusk|43/100|[from] U-turn
|
|-heal|p1a: Weezing|93/100|[from] item: Leftovers
|upkeep
|turn|29
|
|t:|1779921554
|-end|p2a: Gills Exceed|Protosynthesis|[silent]
|switch|p2a: Shining Agito|Lokix, M, shiny|14/100
|-end|p1a: Weezing|ability: Neutralizing Gas
|switch|p1a: Ogerpon|Ogerpon-Teal-Tera, F, tera:Grass|100/100
|-ability|p1a: Ogerpon|Embody Aspect (Teal)|boost
|-boost|p1a: Ogerpon|spe|1
|
|upkeep
|turn|30
|
|t:|1779921560
|switch|p1a: Weezing|Weezing-Galar, M|93/100
|-ability|p1a: Weezing|Neutralizing Gas
|move|p2a: Shining Agito|U-turn|p1a: Weezing
|-resisted|p1a: Weezing
|-damage|p1a: Weezing|85/100
|
|t:|1779921562
|switch|p2a: Gills Exceed|Great Tusk|43/100|[from] U-turn
|
|-heal|p1a: Weezing|91/100|[from] item: Leftovers
|upkeep
|turn|31
|c|☆Noamm|Fuck me
|
|t:|1779921570
|-end|p1a: Weezing|ability: Neutralizing Gas
|switch|p1a: Ogerpon|Ogerpon-Teal-Tera, F, tera:Grass|100/100
|-ability|p1a: Ogerpon|Embody Aspect (Teal)|boost
|-boost|p1a: Ogerpon|spe|1
|move|p2a: Gills Exceed|Headlong Rush|p1a: Ogerpon
|-resisted|p1a: Ogerpon
|-damage|p1a: Ogerpon|58/100
|-unboost|p2a: Gills Exceed|def|1
|-unboost|p2a: Gills Exceed|spd|1
|
|upkeep
|turn|32
|c|☆Noamm|Gg
|
|t:|1779921576
|move|p1a: Ogerpon|Ivy Cudgel|p2a: Gills Exceed
|-supereffective|p2a: Gills Exceed
|-damage|p2a: Gills Exceed|0 fnt
|faint|p2a: Gills Exceed
|-end|p2a: Gills Exceed|Protosynthesis|[silent]
|
|upkeep
|c|☆crispyfries2|ggs
|
|t:|1779921579
|switch|p2a: Shining Agito|Lokix, M, shiny|14/100
|turn|33
|
|t:|1779921581
|switch|p1a: Weezing|Weezing-Galar, M|91/100
|-ability|p1a: Weezing|Neutralizing Gas
|move|p2a: Shining Agito|Leech Life|p1a: Weezing
|-resisted|p1a: Weezing
|-damage|p1a: Weezing|81/100
|-heal|p2a: Shining Agito|20/100|[from] drain|[of] p1a: Weezing
|
|-heal|p1a: Weezing|87/100|[from] item: Leftovers
|upkeep
|turn|34
|
|t:|1779921583
|move|p2a: Shining Agito|Leech Life|p1a: Weezing
|-resisted|p1a: Weezing
|-damage|p1a: Weezing|78/100
|-heal|p2a: Shining Agito|26/100|[from] drain|[of] p1a: Weezing
|move|p1a: Weezing|Sludge Bomb|p2a: Shining Agito
|-damage|p2a: Shining Agito|0 fnt
|faint|p2a: Shining Agito
|
|win|crispyfries2
|n|☆crispyfries2|crispyfries2
|n|☆Noamm|noamm
|n| AKGD|akgd
|n| Lowladderubersnoob|lowladderubersnoob
|n|~Setsu|setsu
|n| AMBATUBLOUGH|ambatublough
|n| brobrubro|brobrubro
|n|+Disorient|disorient
|n| she up im broke|sheupimbroke
