|j|☆play party
|j|☆claudechamp
|t:|1779806249
|gametype|singles
|player|p1|play party|170|1334
|player|p2|claudechamp|265|1287
|gen|9
|tier|[Gen 9] OU
|rated|
|rule|HP Percentage Mod: HP is shown in percentages
|rule|Endless Battle Clause: Forcing endless battles is banned
|rule|Species Clause: Limit one of each Pokémon
|rule|OHKO Clause: OHKO moves are banned
|rule|Evasion Items Clause: Evasion items are banned
|rule|Evasion Moves Clause: Evasion moves are banned
|rule|Evasion Abilities Clause: Evasion abilities are banned
|rule|Sleep Moves Clause: Sleep-inducing moves are banned
|clearpoke
|poke|p1|Mew|
|poke|p1|Iron Valiant|
|poke|p1|Iron Treads|
|poke|p1|Raging Bolt|
|poke|p1|Gliscor, M|
|poke|p1|Iron Jugulis|
|poke|p2|Corviknight, M|
|poke|p2|Ting-Lu|
|poke|p2|Kyurem|
|poke|p2|Dondozo, F|
|poke|p2|Slowking-Galar, F|
|poke|p2|Cinderace, M|
|teampreview
|c|☆claudechamp|hf
|
|t:|1779806254
|teamsize|p1|6
|teamsize|p2|6
|start
|switch|p1a: Mew|Mew|100/100
|switch|p2a: Cinderace|Cinderace, M|100/100
|turn|1
|inactive|Battle timer is ON: inactive players will automatically lose when time's up. (requested by claudechamp)
|
|t:|1779806271
|move|p2a: Cinderace|U-turn|p1a: Mew
|-supereffective|p1a: Mew
|-damage|p1a: Mew|73/100
|
|t:|1779806275
|switch|p2a: Kyurem|Kyurem|100/100|[from] U-turn
|-ability|p2a: Kyurem|Pressure
|move|p1a: Mew|Electric Terrain|p1a: Mew
|-fieldstart|move: Electric Terrain
|
|upkeep
|turn|2
|
|t:|1779806288
|move|p2a: Kyurem|Freeze-Dry|p1a: Mew
|-damage|p1a: Mew|41/100
|move|p1a: Mew|Volt Switch|p2a: Kyurem
|-resisted|p2a: Kyurem
|-damage|p2a: Kyurem|88/100
|
|t:|1779806302
|switch|p1a: Iron Treads|Iron Treads|100/100|[from] Volt Switch
|-activate|p1a: Iron Treads|ability: Quark Drive
|-start|p1a: Iron Treads|quarkdrivespe
|
|-heal|p2a: Kyurem|95/100|[from] item: Leftovers
|upkeep
|turn|3
|
|t:|1779806305
|move|p1a: Iron Treads|Iron Head|p2a: Kyurem
|-supereffective|p2a: Kyurem
|-damage|p2a: Kyurem|27/100
|move|p2a: Kyurem|Freeze-Dry|p1a: Iron Treads
|-damage|p1a: Iron Treads|50/100
|-status|p1a: Iron Treads|frz
|
|-heal|p2a: Kyurem|33/100|[from] item: Leftovers
|upkeep
|turn|4
|
|t:|1779806310
|-curestatus|p1a: Iron Treads|frz|[msg]
|move|p1a: Iron Treads|Iron Head|p2a: Kyurem
|-supereffective|p2a: Kyurem
|-damage|p2a: Kyurem|0 fnt
|faint|p2a: Kyurem
|
|upkeep
|
|t:|1779806317
|switch|p2a: Cinderace|Cinderace, M|100/100
|turn|5
|
|t:|1779806324
|move|p1a: Iron Treads|Knock Off|p2a: Cinderace
|-damage|p2a: Cinderace|69/100
|-enditem|p2a: Cinderace|Heavy-Duty Boots|[from] move: Knock Off|[of] p1a: Iron Treads
|move|p2a: Cinderace|Pyro Ball|p1a: Iron Treads
|-supereffective|p1a: Iron Treads
|-damage|p1a: Iron Treads|0 fnt
|faint|p1a: Iron Treads
|-end|p1a: Iron Treads|Quark Drive|[silent]
|
|upkeep
|
|t:|1779806334
|switch|p1a: Gliscor|Gliscor, M|100/100
|turn|6
|
|t:|1779806340
|switch|p2a: Slowking|Slowking-Galar, F|100/100
|move|p1a: Gliscor|Protect||[still]
|-fail|p1a: Gliscor
|
|-status|p1a: Gliscor|tox|[from] item: Toxic Orb
|upkeep
|turn|7
|
|t:|1779806342
|move|p1a: Gliscor|Spikes|p2a: Slowking
|-sidestart|p2: claudechamp|Spikes
|move|p2a: Slowking|Future Sight|p1a: Gliscor
|-start|p2a: Slowking|move: Future Sight
|
|upkeep
|turn|8
|
|t:|1779806355
|move|p1a: Gliscor|Earthquake|p2a: Slowking
|-supereffective|p2a: Slowking
|-enditem|p2a: Slowking|Shuca Berry|[eat]
|-enditem|p2a: Slowking|Shuca Berry|[weaken]
|-damage|p2a: Slowking|74/100
|move|p2a: Slowking|Ice Beam|p1a: Gliscor
|-supereffective|p1a: Gliscor
|-damage|p1a: Gliscor|0 fnt
|faint|p1a: Gliscor
|
|-fieldend|move: Electric Terrain
|upkeep
|
|t:|1779806362
|switch|p1a: Iron Jugulis|Iron Jugulis|100/100
|turn|9
|
|t:|1779806367
|move|p1a: Iron Jugulis|Dark Pulse|p2a: Slowking
|-supereffective|p2a: Slowking
|-damage|p2a: Slowking|25/100
|cant|p2a: Slowking|flinch
|
|-end|p1a: Iron Jugulis|move: Future Sight
|-immune|p1a: Iron Jugulis
|upkeep
|turn|10
|
|t:|1779806373
|switch|p2a: Ting-Lu|Ting-Lu|100/100
|-damage|p2a: Ting-Lu|88/100|[from] Spikes
|-ability|p2a: Ting-Lu|Vessel of Ruin
|move|p1a: Iron Jugulis|Dark Pulse|p2a: Ting-Lu
|-resisted|p2a: Ting-Lu
|-damage|p2a: Ting-Lu|81/100
|
|-heal|p2a: Ting-Lu|87/100|[from] item: Leftovers
|upkeep
|turn|11
|
|t:|1779806376
|move|p1a: Iron Jugulis|U-turn|p2a: Ting-Lu
|-supereffective|p2a: Ting-Lu
|-damage|p2a: Ting-Lu|74/100
|
|t:|1779806381
|-end|p1a: Iron Jugulis|Quark Drive|[silent]
|switch|p1a: Iron Valiant|Iron Valiant|100/100|[from] U-turn
|move|p2a: Ting-Lu|Payback|p1a: Iron Valiant
|-resisted|p1a: Iron Valiant
|-damage|p1a: Iron Valiant|94/100
|
|-heal|p2a: Ting-Lu|80/100|[from] item: Leftovers
|upkeep
|turn|12
|
|t:|1779806385
|move|p1a: Iron Valiant|Calm Mind|p1a: Iron Valiant
|-boost|p1a: Iron Valiant|spa|1
|-boost|p1a: Iron Valiant|spd|1
|move|p2a: Ting-Lu|Payback|p1a: Iron Valiant
|-resisted|p1a: Iron Valiant
|-crit|p1a: Iron Valiant
|-damage|p1a: Iron Valiant|75/100
|
|-heal|p2a: Ting-Lu|86/100|[from] item: Leftovers
|upkeep
|turn|13
|
|t:|1779806392
|-terastallize|p1a: Iron Valiant|Fairy
|move|p1a: Iron Valiant|Moonblast|p2a: Ting-Lu
|-supereffective|p2a: Ting-Lu
|-damage|p2a: Ting-Lu|0 fnt
|faint|p2a: Ting-Lu
|-damage|p1a: Iron Valiant|66/100|[from] item: Life Orb
|
|upkeep
|
|t:|1779806399
|switch|p2a: Cinderace|Cinderace, M|69/100
|-damage|p2a: Cinderace|57/100|[from] Spikes
|turn|14
|
|t:|1779806406
|-terastallize|p2a: Cinderace|Fire
|move|p2a: Cinderace|Pyro Ball|p1a: Iron Valiant
|-damage|p1a: Iron Valiant|0 fnt
|faint|p1a: Iron Valiant
|-end|p1a: Iron Valiant|Quark Drive|[silent]
|
|upkeep
|
|t:|1779806411
|switch|p1a: Mew|Mew|41/100
|turn|15
|
|t:|1779806414
|move|p2a: Cinderace|Pyro Ball|p1a: Mew
|-damage|p1a: Mew|0 fnt
|faint|p1a: Mew
|
|upkeep
|
|t:|1779806417
|switch|p1a: Raging Bolt|Raging Bolt|100/100
|-enditem|p1a: Raging Bolt|Booster Energy
|-activate|p1a: Raging Bolt|ability: Protosynthesis|[fromitem]
|-start|p1a: Raging Bolt|protosynthesisspa
|turn|16
|
|t:|1779806421
|move|p1a: Raging Bolt|Thunderclap||[still]
|-fail|p1a: Raging Bolt
|move|p2a: Cinderace|Court Change|p2a: Cinderace
|-swapsideconditions
|-activate|p2a: Cinderace|move: Court Change
|
|upkeep
|turn|17
|
|t:|1779806426
|move|p2a: Cinderace|U-turn|p1a: Raging Bolt
|-damage|p1a: Raging Bolt|86/100
|
|t:|1779806431
|switch|p2a: Slowking|Slowking-Galar, F|58/100|[from] U-turn
|move|p1a: Raging Bolt|Rising Voltage|p2a: Slowking
|-damage|p2a: Slowking|19/100
|
|upkeep
|turn|18
|
|t:|1779806438
|switch|p2a: Dondozo|Dondozo, F|100/100
|move|p1a: Raging Bolt|Rising Voltage|p2a: Dondozo
|-supereffective|p2a: Dondozo
|-damage|p2a: Dondozo|42/100
|
|-heal|p2a: Dondozo|48/100|[from] item: Leftovers
|upkeep
|turn|19
|
|t:|1779806443
|move|p1a: Raging Bolt|Rising Voltage|p2a: Dondozo
|-supereffective|p2a: Dondozo
|-damage|p2a: Dondozo|0 fnt
|faint|p2a: Dondozo
|
|upkeep
|
|t:|1779806450
|switch|p2a: Slowking|Slowking-Galar, F|52/100
|turn|20
|
|t:|1779806456
|move|p1a: Raging Bolt|Rising Voltage|p2a: Slowking
|-damage|p2a: Slowking|13/100
|move|p2a: Slowking|Sludge Bomb|p1a: Raging Bolt
|-damage|p1a: Raging Bolt|64/100
|
|upkeep
|turn|21
|
|t:|1779806463
|switch|p2a: Cinderace|Cinderace, M, tera:Fire|57/100
|move|p1a: Raging Bolt|Rising Voltage|p2a: Cinderace
|-damage|p2a: Cinderace|0 fnt
|faint|p2a: Cinderace
|
|upkeep
|
|t:|1779806468
|switch|p2a: Slowking|Slowking-Galar, F|46/100
|turn|22
|
|t:|1779806476
|move|p1a: Raging Bolt|Rising Voltage|p2a: Slowking
|-damage|p2a: Slowking|7/100
|move|p2a: Slowking|Ice Beam|p1a: Raging Bolt
|-supereffective|p1a: Raging Bolt
|-damage|p1a: Raging Bolt|33/100
|
|upkeep
|turn|23
|
|t:|1779806482
|move|p1a: Raging Bolt|Rising Voltage|p2a: Slowking
|-damage|p2a: Slowking|0 fnt
|faint|p2a: Slowking
|
|upkeep
|
|t:|1779806488
|switch|p2a: Corviknight|Corviknight, M|100/100
|-ability|p2a: Corviknight|Pressure
|turn|24
|
|t:|1779806492
|move|p1a: Raging Bolt|Rising Voltage|p2a: Corviknight
|-supereffective|p2a: Corviknight
|-damage|p2a: Corviknight|6/100
|move|p2a: Corviknight|Brave Bird|p1a: Raging Bolt
|-resisted|p1a: Raging Bolt
|-damage|p1a: Raging Bolt|18/100
|-damage|p2a: Corviknight|0 fnt|[from] Recoil
|faint|p2a: Corviknight
|
|win|play party
|raw|play party's rating: 1334 &rarr; <strong>1352</strong><br />(+18 for winning)
|raw|claudechamp's rating: 1295 &rarr; <strong>1273</strong><br />(-22 for losing)
|c|☆claudechamp|gg
|l|☆play party
|player|p1|
