|j|☆321Godspeed
|j|☆teachmestuffimnew
|t:|1779826897
|gametype|singles
|player|p1|321Godspeed|2|1356
|player|p2|teachmestuffimnew|rocketgruntf|1345
|gen|9
|tier|[Gen 9] OU
|rated|
|rule|HP Percentage Mod: HP is shown in percentages
|rule|Endless Battle Clause: Forcing endless battles is banned
|rule|Species Clause: Limit one of each Pokémon
|rule|OHKO Clause: OHKO moves are banned
|rule|Evasion Items Clause: Evasion items are banned
|rule|Evasion Moves Clause: Evasion moves are banned
|rule|Evasion Abilities Clause: Evasion abilities are banned
|rule|Sleep Moves Clause: Sleep-inducing moves are banned
|clearpoke
|poke|p1|Kingambit, F|
|poke|p1|Darkrai|
|poke|p1|Gholdengo|
|poke|p1|Samurott-Hisui, F|
|poke|p1|Gliscor, M|
|poke|p1|Pecharunt|
|poke|p2|Espeon, M|
|poke|p2|Torkoal, F|
|poke|p2|Lilligant-Hisui, F|
|poke|p2|Landorus-Therian, M|
|poke|p2|Jolteon, M|
|poke|p2|Hitmonlee, M|
|teampreview
|inactive|Battle timer is ON: inactive players will automatically lose when time's up. (requested by teachmestuffimnew)
|
|t:|1779826925
|teamsize|p1|6
|teamsize|p2|6
|start
|switch|p1a: Samurott|Samurott-Hisui, F|100/100
|switch|p2a: Torkoal|Torkoal, F|100/100
|-weather|SunnyDay|[from] ability: Drought|[of] p2a: Torkoal
|turn|1
|
|t:|1779826932
|move|p1a: Samurott|Ceaseless Edge|p2a: Torkoal
|-damage|p2a: Torkoal|69/100
|-sidestart|p2: teachmestuffimnew|Spikes
|move|p2a: Torkoal|Solar Beam||[still]
|-prepare|p2a: Torkoal|Solar Beam
|-anim|p2a: Torkoal|Solar Beam|p1a: Samurott
|-supereffective|p1a: Samurott
|-damage|p1a: Samurott|6/100
|
|-weather|SunnyDay|[upkeep]
|upkeep
|turn|2
|
|t:|1779826941
|move|p1a: Samurott|Ceaseless Edge|p2a: Torkoal
|-damage|p2a: Torkoal|40/100
|-sidestart|p2: teachmestuffimnew|Spikes
|move|p2a: Torkoal|Rapid Spin|p1a: Samurott
|-damage|p1a: Samurott|0 fnt
|-boost|p2a: Torkoal|spe|1
|-sideend|p2: teachmestuffimnew|Spikes|[from] move: Rapid Spin|[of] p2a: Torkoal
|faint|p1a: Samurott
|
|-weather|SunnyDay|[upkeep]
|upkeep
|
|t:|1779826963
|switch|p1a: Gliscor|Gliscor, M|100/100
|turn|3
|
|t:|1779826972
|move|p1a: Gliscor|Swords Dance|p1a: Gliscor
|-boost|p1a: Gliscor|atk|2
|move|p2a: Torkoal|Weather Ball|p1a: Gliscor
|-damage|p1a: Gliscor|6/100
|
|-weather|SunnyDay|[upkeep]
|-status|p1a: Gliscor|tox|[from] item: Toxic Orb
|upkeep
|turn|4
|
|t:|1779826991
|switch|p2a: Landorus|Landorus-Therian, M|100/100
|-ability|p2a: Landorus|Intimidate|boost
|-unboost|p1a: Gliscor|atk|1
|move|p1a: Gliscor|Earthquake|p2a: Landorus
|-immune|p2a: Landorus
|
|-weather|SunnyDay|[upkeep]
|-heal|p1a: Gliscor|19/100 tox|[from] ability: Poison Heal
|upkeep
|turn|5
|
|t:|1779827008
|move|p1a: Gliscor|Facade|p2a: Landorus
|-damage|p2a: Landorus|31/100
|-damage|p1a: Gliscor|2/100 tox|[from] item: Rocky Helmet|[of] p2a: Landorus
|move|p2a: Landorus|Brick Break|p1a: Gliscor
|-resisted|p1a: Gliscor
|-damage|p1a: Gliscor|0 fnt
|faint|p1a: Gliscor
|
|-weather|SunnyDay|[upkeep]
|upkeep
|inactive|321Godspeed has 120 seconds left.
|
|t:|1779827046
|switch|p1a: Pecharunt|Pecharunt|100/100
|turn|6
|
|t:|1779827058
|switch|p2a: Espeon|Espeon, M, shiny|100/100
|move|p1a: Pecharunt|Parting Shot|p2a: Espeon
|move|p2a: Espeon|Parting Shot|p1a: Pecharunt|[from] ability: Magic Bounce
|-unboost|p1a: Pecharunt|atk|1
|-unboost|p1a: Pecharunt|spa|1
|
|t:|1779827071
|switch|p2a: Jolteon|Jolteon, M, shiny|100/100|[from] Parting Shot
|
|-weather|SunnyDay|[upkeep]
|upkeep
|turn|7
|
|t:|1779827076
|move|p2a: Jolteon|Shadow Ball|p1a: Pecharunt
|-supereffective|p1a: Pecharunt
|-damage|p1a: Pecharunt|55/100
|-unboost|p1a: Pecharunt|spd|1
|move|p1a: Pecharunt|Parting Shot|p2a: Jolteon
|-unboost|p2a: Jolteon|atk|1
|-unboost|p2a: Jolteon|spa|1
|inactive|321Godspeed has 120 seconds left.
|
|t:|1779827085
|switch|p1a: Darkrai|Darkrai|100/100|[from] Parting Shot
|
|-weather|SunnyDay|[upkeep]
|upkeep
|turn|8
|
|t:|1779827094
|move|p2a: Jolteon|Alluring Voice|p1a: Darkrai
|-supereffective|p1a: Darkrai
|-crit|p1a: Darkrai
|-damage|p1a: Darkrai|2/100
|move|p1a: Darkrai|Nasty Plot|p1a: Darkrai
|-boost|p1a: Darkrai|spa|2
|
|-weather|none
|upkeep
|turn|9
|
|t:|1779827104
|move|p2a: Jolteon|Alluring Voice|p1a: Darkrai
|-supereffective|p1a: Darkrai
|-damage|p1a: Darkrai|0 fnt
|faint|p1a: Darkrai
|
|upkeep
|c|☆teachmestuffimnew|lol
|
|t:|1779827117
|switch|p1a: Pecharunt|Pecharunt|55/100
|turn|10
|
|t:|1779827122
|move|p2a: Jolteon|Volt Switch|p1a: Pecharunt
|-damage|p1a: Pecharunt|29/100
|
|t:|1779827126
|switch|p2a: Espeon|Espeon, M, shiny|100/100|[from] Volt Switch
|move|p1a: Pecharunt|Parting Shot|p2a: Espeon
|move|p2a: Espeon|Parting Shot|p1a: Pecharunt|[from] ability: Magic Bounce
|-unboost|p1a: Pecharunt|atk|1
|-unboost|p1a: Pecharunt|spa|1
|
|t:|1779827135
|switch|p2a: Jolteon|Jolteon, M, shiny|100/100|[from] Parting Shot
|
|upkeep
|turn|11
|
|t:|1779827139
|move|p2a: Jolteon|Volt Switch|p1a: Pecharunt
|-crit|p1a: Pecharunt
|-damage|p1a: Pecharunt|0 fnt
|faint|p1a: Pecharunt
|
|t:|1779827145
|switch|p2a: Torkoal|Torkoal, F|40/100|[from] Volt Switch
|-weather|SunnyDay|[from] ability: Drought|[of] p2a: Torkoal
|
|-weather|SunnyDay|[upkeep]
|upkeep
|
|t:|1779827149
|switch|p1a: Kingambit|Kingambit, F|100/100
|-activate|p1a: Kingambit|ability: Supreme Overlord
|-start|p1a: Kingambit|fallen4|[silent]
|turn|12
|
|t:|1779827157
|-terastallize|p1a: Kingambit|Ghost
|move|p1a: Kingambit|Swords Dance|p1a: Kingambit
|-boost|p1a: Kingambit|atk|2
|move|p2a: Torkoal|Weather Ball|p1a: Kingambit
|-damage|p1a: Kingambit|44/100
|
|-weather|SunnyDay|[upkeep]
|-heal|p1a: Kingambit|50/100|[from] item: Leftovers
|upkeep
|turn|13
|
|t:|1779827167
|move|p1a: Kingambit|Sucker Punch|p2a: Torkoal
|-damage|p2a: Torkoal|0 fnt
|faint|p2a: Torkoal
|
|-weather|SunnyDay|[upkeep]
|-heal|p1a: Kingambit|56/100|[from] item: Leftovers
|upkeep
|
|t:|1779827178
|switch|p2a: Espeon|Espeon, M, shiny|100/100
|turn|14
|
|t:|1779827193
|move|p1a: Kingambit|Sucker Punch||[still]
|-fail|p1a: Kingambit
|move|p2a: Espeon|Reflect|p2a: Espeon
|-sidestart|p2: teachmestuffimnew|Reflect
|
|-weather|SunnyDay|[upkeep]
|-heal|p1a: Kingambit|63/100|[from] item: Leftovers
|upkeep
|turn|15
|
|t:|1779827201
|switch|p2a: Landorus|Landorus-Therian, M|31/100
|-ability|p2a: Landorus|Intimidate|boost
|-unboost|p1a: Kingambit|atk|1
|move|p1a: Kingambit|Sucker Punch||[still]
|-fail|p1a: Kingambit
|
|-weather|SunnyDay|[upkeep]
|-heal|p1a: Kingambit|69/100|[from] item: Leftovers
|upkeep
|turn|16
|
|t:|1779827211
|switch|p2a: Lilligant|Lilligant-Hisui, F|100/100
|move|p1a: Kingambit|Sucker Punch||[still]
|-fail|p1a: Kingambit
|
|-weather|SunnyDay|[upkeep]
|-heal|p1a: Kingambit|75/100|[from] item: Leftovers
|upkeep
|turn|17
|
|t:|1779827223
|-terastallize|p2a: Lilligant|Grass
|move|p2a: Lilligant|Solar Blade||[still]
|-prepare|p2a: Lilligant|Solar Blade
|-anim|p2a: Lilligant|Solar Blade|p1a: Kingambit
|-damage|p1a: Kingambit|0 fnt
|faint|p1a: Kingambit
|-end|p1a: Kingambit|fallen4|[silent]
|
|-weather|SunnyDay|[upkeep]
|upkeep
|-message|321Godspeed forfeited.
|
|win|teachmestuffimnew
|raw|321Godspeed's rating: 1356 &rarr; <strong>1335</strong><br />(-21 for losing)
|raw|teachmestuffimnew's rating: 1345 &rarr; <strong>1366</strong><br />(+21 for winning)
|l|☆321Godspeed
|player|p1|
