|j|☆ZeeVeeAy
|j|☆Z_Domen
|t:|1779972636
|gametype|singles
|player|p1|ZeeVeeAy|daisy|1415
|player|p2|Z_Domen|doctor|1314
|gen|9
|tier|[Gen 9] OU
|rated|
|rule|HP Percentage Mod: HP is shown in percentages
|rule|Endless Battle Clause: Forcing endless battles is banned
|rule|Species Clause: Limit one of each Pokémon
|rule|OHKO Clause: OHKO moves are banned
|rule|Evasion Items Clause: Evasion items are banned
|rule|Evasion Moves Clause: Evasion moves are banned
|rule|Evasion Abilities Clause: Evasion abilities are banned
|rule|Sleep Moves Clause: Sleep-inducing moves are banned
|clearpoke
|poke|p1|Dragapult, F|
|poke|p1|Gliscor, F|
|poke|p1|Kyurem|
|poke|p1|Ogerpon-Wellspring, F|
|poke|p1|Hatterene, F|
|poke|p1|Kingambit, M|
|poke|p2|Comfey, F|
|poke|p2|Garganacl, M|
|poke|p2|Corviknight, M|
|poke|p2|Ogerpon-Wellspring, F|
|poke|p2|Great Tusk|
|poke|p2|Moltres|
|teampreview
|inactive|Battle timer is ON: inactive players will automatically lose when time's up. (requested by Z_Domen)
|inactive|ZeeVeeAy also wants the timer to be on.
|
|t:|1779972645
|teamsize|p1|6
|teamsize|p2|6
|start
|switch|p1a: Gliscor|Gliscor, F|100/100
|switch|p2a: Comfey|Comfey, F|100/100
|turn|1
|
|t:|1779972650
|move|p2a: Comfey|Substitute|p2a: Comfey
|-start|p2a: Comfey|Substitute
|-damage|p2a: Comfey|76/100
|move|p1a: Gliscor|Stealth Rock|p2a: Comfey
|-sidestart|p2: Z_Domen|move: Stealth Rock
|
|-status|p1a: Gliscor|tox|[from] item: Toxic Orb
|upkeep
|turn|2
|
|t:|1779972654
|switch|p1a: Hatterene|Hatterene, F|100/100
|move|p2a: Comfey|Calm Mind|p2a: Comfey
|-boost|p2a: Comfey|spa|1
|-boost|p2a: Comfey|spd|1
|
|upkeep
|turn|3
|
|t:|1779972657
|move|p2a: Comfey|Calm Mind|p2a: Comfey
|-boost|p2a: Comfey|spa|1
|-boost|p2a: Comfey|spd|1
|move|p1a: Hatterene|Psyshock|p2a: Comfey
|-end|p2a: Comfey|Substitute
|
|upkeep
|turn|4
|
|t:|1779972665
|-terastallize|p2a: Comfey|Steel
|move|p2a: Comfey|Substitute|p2a: Comfey
|-start|p2a: Comfey|Substitute
|-damage|p2a: Comfey|51/100
|move|p1a: Hatterene|Psyshock|p2a: Comfey
|-resisted|p2a: Comfey
|-end|p2a: Comfey|Substitute
|
|upkeep
|turn|5
|
|t:|1779972669
|move|p2a: Comfey|Draining Kiss|p1a: Hatterene
|-damage|p1a: Hatterene|71/100
|-heal|p2a: Comfey|80/100|[from] drain|[of] p1a: Hatterene
|-damage|p2a: Comfey|70/100|[from] item: Life Orb
|move|p1a: Hatterene|Psyshock|p2a: Comfey
|-resisted|p2a: Comfey
|-damage|p2a: Comfey|35/100
|
|upkeep
|turn|6
|
|t:|1779972676
|move|p2a: Comfey|Draining Kiss|p1a: Hatterene
|-damage|p1a: Hatterene|41/100
|-heal|p2a: Comfey|64/100|[from] drain|[of] p1a: Hatterene
|-damage|p2a: Comfey|54/100|[from] item: Life Orb
|move|p1a: Hatterene|Mystical Fire|p2a: Comfey
|-supereffective|p2a: Comfey
|-damage|p2a: Comfey|22/100
|-unboost|p2a: Comfey|spa|1
|
|upkeep
|turn|7
|
|t:|1779972684
|move|p2a: Comfey|Draining Kiss|p1a: Hatterene
|-damage|p1a: Hatterene|17/100
|-heal|p2a: Comfey|45/100|[from] drain|[of] p1a: Hatterene
|-damage|p2a: Comfey|35/100|[from] item: Life Orb
|move|p1a: Hatterene|Mystical Fire|p2a: Comfey
|-supereffective|p2a: Comfey
|-damage|p2a: Comfey|2/100
|-unboost|p2a: Comfey|spa|1
|
|upkeep
|turn|8
|
|t:|1779972688
|move|p2a: Comfey|Draining Kiss|p1a: Hatterene
|-damage|p1a: Hatterene|0 fnt
|-heal|p2a: Comfey|18/100|[from] drain|[of] p1a: Hatterene
|faint|p1a: Hatterene
|-damage|p2a: Comfey|8/100|[from] item: Life Orb
|
|upkeep
|
|t:|1779972692
|switch|p1a: Gliscor|Gliscor, F|100/100 tox
|turn|9
|
|t:|1779972702
|move|p2a: Comfey|Draining Kiss|p1a: Gliscor
|-damage|p1a: Gliscor|80/100 tox
|-heal|p2a: Comfey|30/100|[from] drain|[of] p1a: Gliscor
|-damage|p2a: Comfey|20/100|[from] item: Life Orb
|move|p1a: Gliscor|Knock Off|p2a: Comfey
|-damage|p2a: Comfey|0 fnt
|-enditem|p2a: Comfey|Life Orb|[from] move: Knock Off|[of] p1a: Gliscor
|faint|p2a: Comfey
|
|-heal|p1a: Gliscor|93/100 tox|[from] ability: Poison Heal
|upkeep
|
|t:|1779972708
|switch|p2a: Great Tusk|Great Tusk|100/100
|-damage|p2a: Great Tusk|98/100|[from] Stealth Rock
|-enditem|p2a: Great Tusk|Booster Energy
|-activate|p2a: Great Tusk|ability: Protosynthesis|[fromitem]
|-start|p2a: Great Tusk|protosynthesisatk
|turn|10
|
|t:|1779972711
|move|p2a: Great Tusk|Ice Spinner|p1a: Gliscor
|-supereffective|p1a: Gliscor
|-damage|p1a: Gliscor|0 fnt
|faint|p1a: Gliscor
|
|upkeep
|
|t:|1779972717
|switch|p1a: Kyurem|Kyurem|100/100
|-ability|p1a: Kyurem|Pressure
|turn|11
|
|t:|1779972723
|-end|p2a: Great Tusk|Protosynthesis|[silent]
|switch|p2a: Garganacl|Garganacl, M|100/100
|-damage|p2a: Garganacl|88/100|[from] Stealth Rock
|move|p1a: Kyurem|Ice Beam|p2a: Garganacl
|-damage|p2a: Garganacl|46/100
|
|upkeep
|turn|12
|
|t:|1779972727
|move|p2a: Garganacl|Salt Cure|p1a: Kyurem
|-supereffective|p1a: Kyurem
|-damage|p1a: Kyurem|75/100
|-start|p1a: Kyurem|Salt Cure
|move|p1a: Kyurem|Roar|p2a: Garganacl
|drag|p2a: Moltres|Moltres|100/100
|
|-damage|p1a: Kyurem|63/100|[from] Salt Cure
|upkeep
|turn|13
|
|t:|1779972737
|switch|p1a: Ogerpon|Ogerpon-Wellspring, F|100/100
|move|p2a: Moltres|Flamethrower|p1a: Ogerpon
|-damage|p1a: Ogerpon|53/100
|
|upkeep
|turn|14
|
|t:|1779972743
|switch|p2a: Ogerpon|Ogerpon-Wellspring, F|100/100
|-damage|p2a: Ogerpon|88/100|[from] Stealth Rock
|move|p1a: Ogerpon|Spikes|p2a: Ogerpon
|-sidestart|p2: Z_Domen|Spikes
|
|upkeep
|turn|15
|
|t:|1779972746
|move|p1a: Ogerpon|U-turn|p2a: Ogerpon
|-supereffective|p2a: Ogerpon
|-damage|p2a: Ogerpon|20/100
|
|t:|1779972748
|switch|p1a: Dragapult|Dragapult, F|100/100|[from] U-turn
|move|p2a: Ogerpon|Trailblaze|p1a: Dragapult
|-resisted|p1a: Dragapult
|-damage|p1a: Dragapult|77/100
|-boost|p2a: Ogerpon|spe|1
|
|upkeep
|turn|16
|
|t:|1779972751
|move|p2a: Ogerpon|Play Rough|p1a: Dragapult
|-supereffective|p1a: Dragapult
|-damage|p1a: Dragapult|0 fnt
|faint|p1a: Dragapult
|
|upkeep
|
|t:|1779972754
|switch|p1a: Kingambit|Kingambit, M|100/100
|-activate|p1a: Kingambit|ability: Supreme Overlord
|-start|p1a: Kingambit|fallen3|[silent]
|turn|17
|
|t:|1779972758
|move|p2a: Ogerpon|Swords Dance|p2a: Ogerpon
|-boost|p2a: Ogerpon|atk|2
|move|p1a: Kingambit|Kowtow Cleave|p2a: Ogerpon
|-damage|p2a: Ogerpon|0 fnt
|faint|p2a: Ogerpon
|
|upkeep
|
|t:|1779972761
|switch|p2a: Moltres|Moltres|100/100
|turn|18
|
|t:|1779972765
|-end|p1a: Kingambit|fallen3|[silent]
|switch|p1a: Ogerpon|Ogerpon-Wellspring, F|53/100
|move|p2a: Moltres|Will-O-Wisp|p1a: Ogerpon
|-status|p1a: Ogerpon|brn
|
|-damage|p1a: Ogerpon|47/100 brn|[from] brn
|upkeep
|turn|19
|
|t:|1779972770
|move|p1a: Ogerpon|Knock Off|p2a: Moltres
|-damage|p2a: Moltres|82/100
|-enditem|p2a: Moltres|Heavy-Duty Boots|[from] move: Knock Off|[of] p1a: Ogerpon
|move|p2a: Moltres|Hurricane|p1a: Ogerpon|[miss]
|-miss|p2a: Moltres|p1a: Ogerpon
|
|-damage|p1a: Ogerpon|41/100 brn|[from] brn
|upkeep
|turn|20
|
|t:|1779972773
|move|p1a: Ogerpon|Spikes|p2a: Moltres
|-sidestart|p2: Z_Domen|Spikes
|move|p2a: Moltres|Hurricane|p1a: Ogerpon
|-supereffective|p1a: Ogerpon
|-damage|p1a: Ogerpon|0 fnt
|faint|p1a: Ogerpon
|
|upkeep
|
|t:|1779972775
|switch|p1a: Kyurem|Kyurem|63/100
|-ability|p1a: Kyurem|Pressure
|turn|21
|
|t:|1779972787
|switch|p2a: Corviknight|Corviknight, M|100/100
|-damage|p2a: Corviknight|88/100|[from] Stealth Rock
|-ability|p2a: Corviknight|Pressure
|move|p1a: Kyurem|Roar|p2a: Corviknight
|drag|p2a: Great Tusk|Great Tusk|98/100
|-damage|p2a: Great Tusk|95/100|[from] Stealth Rock
|-damage|p2a: Great Tusk|78/100|[from] Spikes
|
|upkeep
|turn|22
|
|t:|1779972795
|-end|p2a: Great Tusk|Protosynthesis|[silent]
|switch|p2a: Corviknight|Corviknight, M|88/100
|-damage|p2a: Corviknight|75/100|[from] Stealth Rock
|-ability|p2a: Corviknight|Pressure
|move|p1a: Kyurem|Ice Beam|p2a: Corviknight
|-damage|p2a: Corviknight|28/100
|-status|p2a: Corviknight|frz
|
|-heal|p2a: Corviknight|34/100 frz|[from] item: Leftovers
|upkeep
|turn|23
|
|t:|1779972799
|cant|p2a: Corviknight|frz
|move|p1a: Kyurem|Roar|p2a: Corviknight
|drag|p2a: Great Tusk|Great Tusk|78/100
|-damage|p2a: Great Tusk|75/100|[from] Stealth Rock
|-damage|p2a: Great Tusk|59/100|[from] Spikes
|
|upkeep
|turn|24
|
|t:|1779972815
|move|p1a: Kyurem|Ice Beam|p2a: Great Tusk
|-supereffective|p2a: Great Tusk
|-damage|p2a: Great Tusk|0 fnt
|faint|p2a: Great Tusk
|-end|p2a: Great Tusk|Protosynthesis|[silent]
|
|upkeep
|
|t:|1779972817
|switch|p2a: Moltres|Moltres|82/100
|-damage|p2a: Moltres|32/100|[from] Stealth Rock
|turn|25
|
|t:|1779972822
|move|p2a: Moltres|Roost|p2a: Moltres
|-heal|p2a: Moltres|82/100
|-singleturn|p2a: Moltres|move: Roost
|move|p1a: Kyurem|Roar|p2a: Moltres
|drag|p2a: Garganacl|Garganacl, M|46/100
|-damage|p2a: Garganacl|34/100|[from] Stealth Rock
|-damage|p2a: Garganacl|17/100|[from] Spikes
|
|upkeep
|turn|26
|
|t:|1779972825
|move|p1a: Kyurem|Earth Power|p2a: Garganacl
|-supereffective|p2a: Garganacl
|-damage|p2a: Garganacl|0 fnt
|faint|p2a: Garganacl
|
|upkeep
|
|t:|1779972828
|switch|p2a: Moltres|Moltres|82/100
|-damage|p2a: Moltres|33/100|[from] Stealth Rock
|turn|27
|
|t:|1779972830
|move|p1a: Kyurem|Ice Beam|p2a: Moltres
|-damage|p2a: Moltres|0 fnt
|faint|p2a: Moltres
|
|upkeep
|
|t:|1779972831
|switch|p2a: Corviknight|Corviknight, M|34/100 frz
|-damage|p2a: Corviknight|22/100 frz|[from] Stealth Rock
|-ability|p2a: Corviknight|Pressure
|turn|28
|
|t:|1779972833
|move|p1a: Kyurem|Ice Beam|p2a: Corviknight
|-damage|p2a: Corviknight|0 fnt
|faint|p2a: Corviknight
|
|win|ZeeVeeAy
|raw|ZeeVeeAy's rating: 1415 &rarr; <strong>1429</strong><br />(+14 for winning)
|raw|Z_Domen's rating: 1314 &rarr; <strong>1300</strong><br />(-14 for losing)
|l|☆Z_Domen
|player|p2|
