|j|☆MlacksPT
|j|☆claudechamp
|t:|1779808143
|gametype|singles
|player|p1|MlacksPT|265|1342
|player|p2|claudechamp|265|1306
|gen|9
|tier|[Gen 9] OU
|rated|
|rule|HP Percentage Mod: HP is shown in percentages
|rule|Endless Battle Clause: Forcing endless battles is banned
|rule|Species Clause: Limit one of each Pokémon
|rule|OHKO Clause: OHKO moves are banned
|rule|Evasion Items Clause: Evasion items are banned
|rule|Evasion Moves Clause: Evasion moves are banned
|rule|Evasion Abilities Clause: Evasion abilities are banned
|rule|Sleep Moves Clause: Sleep-inducing moves are banned
|clearpoke
|poke|p1|Samurott-Hisui, F|
|poke|p1|Tornadus-Therian, M|
|poke|p1|Pecharunt|
|poke|p1|Great Tusk|
|poke|p1|Clefable, F|
|poke|p1|Zamazenta-*|
|poke|p2|Gliscor, M|
|poke|p2|Gholdengo|
|poke|p2|Zamazenta-*|
|poke|p2|Blissey, F|
|poke|p2|Skarmory, M|
|poke|p2|Pecharunt|
|teampreview
|c|☆claudechamp|hf
|inactive|Battle timer is ON: inactive players will automatically lose when time's up. (requested by claudechamp)
|
|t:|1779808156
|teamsize|p1|6
|teamsize|p2|6
|start
|switch|p1a: Samurott|Samurott-Hisui, F|100/100
|switch|p2a: Skarmory|Skarmory, M|100/100
|turn|1
|
|t:|1779808165
|move|p1a: Samurott|Knock Off|p2a: Skarmory
|-damage|p2a: Skarmory|73/100
|-enditem|p2a: Skarmory|Heavy-Duty Boots|[from] move: Knock Off|[of] p1a: Samurott
|move|p2a: Skarmory|Spikes|p1a: Samurott
|-sidestart|p1: MlacksPT|Spikes
|
|upkeep
|turn|2
|
|t:|1779808173
|switch|p1a: Tornadus|Tornadus-Therian, M|100/100
|move|p2a: Skarmory|Spikes|p1a: Tornadus
|-sidestart|p1: MlacksPT|Spikes
|
|upkeep
|turn|3
|
|t:|1779808182
|move|p1a: Tornadus|Heat Wave|p2a: Skarmory
|-supereffective|p2a: Skarmory
|-damage|p2a: Skarmory|0 fnt
|faint|p2a: Skarmory
|-damage|p1a: Tornadus|91/100|[from] item: Life Orb
|
|upkeep
|
|t:|1779808191
|switch|p2a: Blissey|Blissey, F|100/100
|turn|4
|
|t:|1779808200
|switch|p1a: Great Tusk|Great Tusk|100/100
|move|p2a: Blissey|Stealth Rock|p1a: Great Tusk
|-sidestart|p1: MlacksPT|move: Stealth Rock
|
|upkeep
|turn|5
|
|t:|1779808208
|move|p1a: Great Tusk|Knock Off|p2a: Blissey
|-damage|p2a: Blissey|67/100
|-enditem|p2a: Blissey|Heavy-Duty Boots|[from] move: Knock Off|[of] p1a: Great Tusk
|move|p2a: Blissey|Calm Mind|p2a: Blissey
|-boost|p2a: Blissey|spa|1
|-boost|p2a: Blissey|spd|1
|
|upkeep
|turn|6
|
|t:|1779808218
|move|p1a: Great Tusk|Headlong Rush|p2a: Blissey
|-damage|p2a: Blissey|7/100
|-unboost|p1a: Great Tusk|def|1
|-unboost|p1a: Great Tusk|spd|1
|move|p2a: Blissey|Soft-Boiled|p2a: Blissey
|-heal|p2a: Blissey|57/100
|
|upkeep
|turn|7
|
|t:|1779808227
|switch|p2a: Gliscor|Gliscor, M|100/100
|move|p1a: Great Tusk|Stealth Rock|p2a: Gliscor
|-sidestart|p2: claudechamp|move: Stealth Rock
|
|-status|p2a: Gliscor|tox|[from] item: Toxic Orb
|upkeep
|turn|8
|
|t:|1779808237
|-end|p1a: Great Tusk|Protosynthesis|[silent]
|switch|p1a: Clefable|Clefable, F|100/100
|move|p2a: Gliscor|Swords Dance|p2a: Gliscor
|-boost|p2a: Gliscor|atk|2
|
|upkeep
|turn|9
|
|t:|1779808248
|switch|p1a: Pecharunt|Pecharunt|100/100
|move|p2a: Gliscor|Knock Off|p1a: Pecharunt
|-supereffective|p1a: Pecharunt
|-damage|p1a: Pecharunt|58/100
|-enditem|p1a: Pecharunt|Heavy-Duty Boots|[from] move: Knock Off|[of] p2a: Gliscor
|
|upkeep
|turn|10
|
|t:|1779808260
|-terastallize|p2a: Gliscor|Dark
|move|p2a: Gliscor|Swords Dance|p2a: Gliscor
|-boost|p2a: Gliscor|atk|2
|move|p1a: Pecharunt|Foul Play|p2a: Gliscor
|-resisted|p2a: Gliscor
|-damage|p2a: Gliscor|76/100 tox
|
|-heal|p2a: Gliscor|89/100 tox|[from] ability: Poison Heal
|upkeep
|turn|11
|
|t:|1779808269
|move|p2a: Gliscor|Knock Off|p1a: Pecharunt
|-supereffective|p1a: Pecharunt
|-damage|p1a: Pecharunt|0 fnt
|faint|p1a: Pecharunt
|
|-heal|p2a: Gliscor|100/100 tox|[from] ability: Poison Heal
|upkeep
|
|t:|1779808274
|switch|p1a: Zamazenta|Zamazenta|100/100
|-damage|p1a: Zamazenta|84/100|[from] Spikes
|-damage|p1a: Zamazenta|78/100|[from] Stealth Rock
|-ability|p1a: Zamazenta|Dauntless Shield|boost
|-boost|p1a: Zamazenta|def|1
|turn|12
|
|t:|1779808282
|move|p1a: Zamazenta|Close Combat|p2a: Gliscor
|-supereffective|p2a: Gliscor
|-damage|p2a: Gliscor|0 fnt
|-unboost|p1a: Zamazenta|def|1
|-unboost|p1a: Zamazenta|spd|1
|faint|p2a: Gliscor
|
|upkeep
|
|t:|1779808294
|switch|p2a: Pecharunt|Pecharunt|100/100
|turn|13
|
|t:|1779808307
|switch|p1a: Great Tusk|Great Tusk|100/100
|move|p2a: Pecharunt|Toxic|p1a: Great Tusk
|-status|p1a: Great Tusk|tox
|-start|p1a: Great Tusk|confusion|[from] ability: Poison Puppeteer|[of] p2a: Pecharunt
|
|-damage|p1a: Great Tusk|94/100 tox|[from] psn
|upkeep
|turn|14
|
|t:|1779808319
|-activate|p1a: Great Tusk|confusion
|move|p1a: Great Tusk|Knock Off|p2a: Pecharunt
|-supereffective|p2a: Pecharunt
|-damage|p2a: Pecharunt|72/100
|-enditem|p2a: Pecharunt|Heavy-Duty Boots|[from] move: Knock Off|[of] p1a: Great Tusk
|move|p2a: Pecharunt|Shadow Ball|p1a: Great Tusk
|-damage|p1a: Great Tusk|58/100 tox
|-unboost|p1a: Great Tusk|spd|1
|
|-damage|p1a: Great Tusk|46/100 tox|[from] psn
|upkeep
|turn|15
|
|t:|1779808332
|-activate|p1a: Great Tusk|confusion
|move|p1a: Great Tusk|Headlong Rush|p2a: Pecharunt
|-supereffective|p2a: Pecharunt
|-damage|p2a: Pecharunt|15/100
|-unboost|p1a: Great Tusk|def|1
|-unboost|p1a: Great Tusk|spd|1
|move|p2a: Pecharunt|Recover|p2a: Pecharunt
|-heal|p2a: Pecharunt|65/100
|
|-damage|p1a: Great Tusk|27/100 tox|[from] psn
|upkeep
|turn|16
|
|t:|1779808347
|-activate|p1a: Great Tusk|confusion
|move|p1a: Great Tusk|Headlong Rush|p2a: Pecharunt
|-supereffective|p2a: Pecharunt
|-damage|p2a: Pecharunt|13/100
|-unboost|p1a: Great Tusk|def|1
|-unboost|p1a: Great Tusk|spd|1
|move|p2a: Pecharunt|Recover|p2a: Pecharunt
|-heal|p2a: Pecharunt|63/100
|
|-damage|p1a: Great Tusk|3/100 tox|[from] psn
|upkeep
|turn|17
|
|t:|1779808354
|-end|p1a: Great Tusk|confusion
|move|p1a: Great Tusk|Headlong Rush|p2a: Pecharunt
|-supereffective|p2a: Pecharunt
|-damage|p2a: Pecharunt|4/100
|-unboost|p1a: Great Tusk|def|1
|-unboost|p1a: Great Tusk|spd|1
|move|p2a: Pecharunt|Shadow Ball|p1a: Great Tusk
|-damage|p1a: Great Tusk|0 fnt
|faint|p1a: Great Tusk
|-end|p1a: Great Tusk|Protosynthesis|[silent]
|
|upkeep
|
|t:|1779808360
|switch|p1a: Zamazenta|Zamazenta|78/100
|-damage|p1a: Zamazenta|61/100|[from] Spikes
|-damage|p1a: Zamazenta|55/100|[from] Stealth Rock
|turn|18
|
|t:|1779808363
|move|p1a: Zamazenta|Crunch|p2a: Pecharunt
|-supereffective|p2a: Pecharunt
|-damage|p2a: Pecharunt|0 fnt
|faint|p2a: Pecharunt
|
|upkeep
|
|t:|1779808366
|switch|p2a: Zamazenta|Zamazenta|100/100
|-ability|p2a: Zamazenta|Dauntless Shield|boost
|-boost|p2a: Zamazenta|def|1
|turn|19
|
|t:|1779808379
|switch|p1a: Tornadus|Tornadus-Therian, M|100/100
|-damage|p1a: Tornadus|76/100|[from] Stealth Rock
|move|p2a: Zamazenta|Close Combat|p1a: Tornadus
|-resisted|p1a: Tornadus
|-damage|p1a: Tornadus|38/100
|-unboost|p2a: Zamazenta|def|1
|-unboost|p2a: Zamazenta|spd|1
|
|upkeep
|turn|20
|
|t:|1779808391
|move|p2a: Zamazenta|Ice Fang|p1a: Tornadus
|-supereffective|p1a: Tornadus
|-damage|p1a: Tornadus|0 fnt
|faint|p1a: Tornadus
|
|upkeep
|inactive|MlacksPT has 120 seconds left.
|
|t:|1779808449
|switch|p1a: Clefable|Clefable, F|100/100
|turn|21
|
|t:|1779808464
|move|p2a: Zamazenta|Close Combat|p1a: Clefable
|-resisted|p1a: Clefable
|-damage|p1a: Clefable|75/100
|-unboost|p2a: Zamazenta|def|1
|-unboost|p2a: Zamazenta|spd|1
|move|p1a: Clefable|Moonblast|p2a: Zamazenta
|-supereffective|p2a: Zamazenta
|-damage|p2a: Zamazenta|0 fnt
|faint|p2a: Zamazenta
|
|-heal|p1a: Clefable|81/100|[from] item: Leftovers
|upkeep
|
|t:|1779808476
|switch|p2a: Gholdengo|Gholdengo|100/100
|-damage|p2a: Gholdengo|94/100|[from] Stealth Rock
|turn|22
|inactive|MlacksPT has 90 seconds left.
|
|t:|1779808509
|switch|p1a: Samurott|Samurott-Hisui, F|100/100
|-damage|p1a: Samurott|84/100|[from] Spikes
|-damage|p1a: Samurott|71/100|[from] Stealth Rock
|move|p2a: Gholdengo|Thunder Wave|p1a: Samurott
|-status|p1a: Samurott|par
|
|upkeep
|turn|23
|inactive|MlacksPT has 90 seconds left.
|
|t:|1779808518
|move|p2a: Gholdengo|Nasty Plot|p2a: Gholdengo
|-boost|p2a: Gholdengo|spa|2
|move|p1a: Samurott|Knock Off|p2a: Gholdengo
|-supereffective|p2a: Gholdengo
|-damage|p2a: Gholdengo|36/100
|-enditem|p2a: Gholdengo|Ability Shield|[from] move: Knock Off|[of] p1a: Samurott
|
|upkeep
|turn|24
|inactive|MlacksPT has 90 seconds left.
|
|t:|1779808532
|move|p2a: Gholdengo|Recover|p2a: Gholdengo
|-heal|p2a: Gholdengo|86/100
|move|p1a: Samurott|Ceaseless Edge|p2a: Gholdengo
|-supereffective|p2a: Gholdengo
|-damage|p2a: Gholdengo|22/100
|-sidestart|p2: claudechamp|Spikes
|
|upkeep
|turn|25
|
|t:|1779808543
|move|p2a: Gholdengo|Recover|p2a: Gholdengo
|-heal|p2a: Gholdengo|72/100
|move|p1a: Samurott|Ceaseless Edge|p2a: Gholdengo
|-supereffective|p2a: Gholdengo
|-damage|p2a: Gholdengo|5/100
|-sidestart|p2: claudechamp|Spikes
|
|upkeep
|turn|26
|
|t:|1779808554
|move|p2a: Gholdengo|Recover|p2a: Gholdengo
|-heal|p2a: Gholdengo|55/100
|cant|p1a: Samurott|par
|
|upkeep
|turn|27
|
|t:|1779808562
|move|p2a: Gholdengo|Hex|p1a: Samurott
|-resisted|p1a: Samurott
|-damage|p1a: Samurott|31/100 par
|move|p1a: Samurott|Ceaseless Edge|p2a: Gholdengo|[miss]
|-miss|p1a: Samurott|p2a: Gholdengo
|
|upkeep
|turn|28
|
|t:|1779808570
|move|p2a: Gholdengo|Hex|p1a: Samurott
|-resisted|p1a: Samurott
|-damage|p1a: Samurott|0 fnt
|faint|p1a: Samurott
|
|upkeep
|
|t:|1779808590
|switch|p1a: Zamazenta|Zamazenta|55/100
|-damage|p1a: Zamazenta|38/100|[from] Spikes
|-damage|p1a: Zamazenta|32/100|[from] Stealth Rock
|turn|29
|
|t:|1779808595
|move|p1a: Zamazenta|Crunch|p2a: Gholdengo
|-supereffective|p2a: Gholdengo
|-damage|p2a: Gholdengo|15/100
|move|p2a: Gholdengo|Hex|p1a: Zamazenta
|-damage|p1a: Zamazenta|0 fnt
|faint|p1a: Zamazenta
|
|upkeep
|
|t:|1779808602
|switch|p1a: Clefable|Clefable, F|81/100
|turn|30
|
|t:|1779808619
|-terastallize|p1a: Clefable|Water
|move|p2a: Gholdengo|Recover|p2a: Gholdengo
|-heal|p2a: Gholdengo|65/100
|move|p1a: Clefable|Calm Mind|p1a: Clefable
|-boost|p1a: Clefable|spa|1
|-boost|p1a: Clefable|spd|1
|
|-heal|p1a: Clefable|87/100|[from] item: Leftovers
|upkeep
|turn|31
|inactive|MlacksPT has 90 seconds left.
|
|t:|1779808643
|move|p2a: Gholdengo|Hex|p1a: Clefable
|-damage|p1a: Clefable|49/100
|move|p1a: Clefable|Calm Mind|p1a: Clefable
|-boost|p1a: Clefable|spa|1
|-boost|p1a: Clefable|spd|1
|
|-heal|p1a: Clefable|56/100|[from] item: Leftovers
|upkeep
|turn|32
|
|t:|1779808650
|switch|p2a: Blissey|Blissey, F|57/100
|-damage|p2a: Blissey|45/100|[from] Stealth Rock
|-damage|p2a: Blissey|28/100|[from] Spikes
|move|p1a: Clefable|Flamethrower|p2a: Blissey
|-damage|p2a: Blissey|16/100
|
|-heal|p1a: Clefable|62/100|[from] item: Leftovers
|upkeep
|turn|33
|
|t:|1779808662
|switch|p2a: Gholdengo|Gholdengo|65/100
|-damage|p2a: Gholdengo|59/100|[from] Stealth Rock
|-damage|p2a: Gholdengo|43/100|[from] Spikes
|move|p1a: Clefable|Moonblast|p2a: Gholdengo
|-resisted|p2a: Gholdengo
|-damage|p2a: Gholdengo|12/100
|-unboost|p2a: Gholdengo|spa|1
|
|-heal|p1a: Clefable|68/100|[from] item: Leftovers
|upkeep
|turn|34
|
|t:|1779808672
|switch|p2a: Blissey|Blissey, F|16/100
|-damage|p2a: Blissey|4/100|[from] Stealth Rock
|-damage|p2a: Blissey|0 fnt|[from] Spikes
|faint|p2a: Blissey
|move|p1a: Clefable|Moonblast|p2: Blissey|[notarget]
|-fail|p1a: Clefable
|
|-heal|p1a: Clefable|74/100|[from] item: Leftovers
|upkeep
|
|t:|1779808678
|switch|p2a: Gholdengo|Gholdengo|12/100
|-damage|p2a: Gholdengo|6/100|[from] Stealth Rock
|-damage|p2a: Gholdengo|0 fnt|[from] Spikes
|faint|p2a: Gholdengo
|
|win|MlacksPT
|raw|MlacksPT's rating: 1342 &rarr; <strong>1358</strong><br />(+16 for winning)
|raw|claudechamp's rating: 1266 &rarr; <strong>1246</strong><br />(-20 for losing)
|c|☆claudechamp|gg
|l|☆MlacksPT
|player|p1|
