|j|☆Foodiscoolski
|j|☆Vanmogh
|t:|1779805581
|gametype|singles
|player|p1|Foodiscoolski|265|1121
|player|p2|Vanmogh|2|1058
|gen|9
|tier|[Gen 9] OU
|rated|
|rule|HP Percentage Mod: HP is shown in percentages
|rule|Endless Battle Clause: Forcing endless battles is banned
|rule|Species Clause: Limit one of each Pokémon
|rule|OHKO Clause: OHKO moves are banned
|rule|Evasion Items Clause: Evasion items are banned
|rule|Evasion Moves Clause: Evasion moves are banned
|rule|Evasion Abilities Clause: Evasion abilities are banned
|rule|Sleep Moves Clause: Sleep-inducing moves are banned
|clearpoke
|poke|p1|Weezing-Galar, M|
|poke|p1|Ninetales-Alola, F|
|poke|p1|Ogerpon-Wellspring, F|
|poke|p1|Raging Bolt|
|poke|p1|Great Tusk|
|poke|p1|Gliscor, M|
|poke|p2|Pelipper, M|
|poke|p2|Poliwrath, M|
|poke|p2|Ludicolo, F|
|poke|p2|Great Tusk|
|poke|p2|Incineroar, F|
|poke|p2|Zapdos|
|teampreview
|inactive|Battle timer is ON: inactive players will automatically lose when time's up. (requested by Foodiscoolski)
|
|t:|1779805597
|teamsize|p1|6
|teamsize|p2|6
|start
|switch|p1a: Ranni|Ogerpon-Wellspring, F|100/100
|switch|p2a: Pelipper|Pelipper, M|100/100
|-weather|RainDance|[from] ability: Drizzle|[of] p2a: Pelipper
|turn|1
|
|t:|1779805614
|-terastallize|p1a: Ranni|Water
|detailschange|p1a: Ranni|Ogerpon-Wellspring-Tera, F, tera:Water
|-ability|p1a: Ranni|Embody Aspect (Wellspring)|boost
|-boost|p1a: Ranni|spd|1
|move|p1a: Ranni|Horn Leech|p2a: Pelipper
|-damage|p2a: Pelipper|46/100
|move|p2a: Pelipper|Hurricane|p1a: Ranni
|-damage|p1a: Ranni|63/100
|
|-weather|RainDance|[upkeep]
|upkeep
|turn|2
|
|t:|1779805625
|switch|p2a: Zapdos|Zapdos|100/100
|move|p1a: Ranni|Horn Leech|p2a: Zapdos
|-resisted|p2a: Zapdos
|-damage|p2a: Zapdos|78/100
|-heal|p1a: Ranni|77/100|[from] drain|[of] p2a: Zapdos
|
|-weather|RainDance|[upkeep]
|-heal|p2a: Zapdos|84/100|[from] item: Leftovers
|upkeep
|turn|3
|
|t:|1779805636
|move|p1a: Ranni|Ivy Cudgel|p2a: Zapdos|[anim] Ivy Cudgel Water
|-damage|p2a: Zapdos|0 fnt
|faint|p2a: Zapdos
|
|-weather|RainDance|[upkeep]
|upkeep
|
|t:|1779805651
|switch|p2a: Poliwrath|Poliwrath, M|100/100
|turn|4
|
|t:|1779805659
|move|p2a: Poliwrath|Belly Drum|p2a: Poliwrath
|-damage|p2a: Poliwrath|50/100
|-setboost|p2a: Poliwrath|atk|6|[from] move: Belly Drum
|-enditem|p2a: Poliwrath|Sitrus Berry|[eat]
|-heal|p2a: Poliwrath|75/100|[from] item: Sitrus Berry
|move|p1a: Ranni|Play Rough|p2a: Poliwrath
|-supereffective|p2a: Poliwrath
|-damage|p2a: Poliwrath|0 fnt
|faint|p2a: Poliwrath
|
|-weather|RainDance|[upkeep]
|upkeep
|
|t:|1779805671
|switch|p2a: Ludicolo|Ludicolo, F|100/100
|turn|5
|
|t:|1779805680
|move|p2a: Ludicolo|Giga Drain|p1a: Ranni
|-supereffective|p1a: Ranni
|-damage|p1a: Ranni|9/100
|-damage|p2a: Ludicolo|91/100|[from] item: Life Orb
|move|p1a: Ranni|Play Rough|p2a: Ludicolo
|-damage|p2a: Ludicolo|33/100
|
|-weather|RainDance|[upkeep]
|upkeep
|turn|6
|
|t:|1779805692
|switch|p1a: Shari|Ninetales-Alola, F|100/100
|-weather|Snowscape|[from] ability: Snow Warning|[of] p1a: Shari
|move|p2a: Ludicolo|Giga Drain|p1a: Shari
|-crit|p1a: Shari
|-damage|p1a: Shari|25/100
|-heal|p2a: Ludicolo|69/100|[from] drain|[of] p1a: Shari
|-damage|p2a: Ludicolo|59/100|[from] item: Life Orb
|
|-weather|Snowscape|[upkeep]
|upkeep
|turn|7
|
|t:|1779805699
|move|p1a: Shari|Blizzard|p2a: Ludicolo
|-damage|p2a: Ludicolo|13/100
|move|p2a: Ludicolo|Rain Dance|p2a: Ludicolo
|-weather|RainDance
|
|-weather|RainDance|[upkeep]
|upkeep
|turn|8
|
|t:|1779805707
|move|p2a: Ludicolo|Surf|p1a: Shari
|-damage|p1a: Shari|0 fnt
|faint|p1a: Shari
|-damage|p2a: Ludicolo|3/100|[from] item: Life Orb
|
|-weather|RainDance|[upkeep]
|upkeep
|
|t:|1779805715
|switch|p1a: Chester Cheetah|Raging Bolt|100/100
|turn|9
|
|t:|1779805724
|move|p2a: Ludicolo|Ice Beam|p1a: Chester Cheetah
|-supereffective|p1a: Chester Cheetah
|-damage|p1a: Chester Cheetah|32/100
|-damage|p2a: Ludicolo|0 fnt|[from] item: Life Orb
|faint|p2a: Ludicolo
|move|p1a: Chester Cheetah|Weather Ball|p2: Ludicolo|[notarget]
|-fail|p1a: Chester Cheetah
|
|-weather|RainDance|[upkeep]
|upkeep
|
|t:|1779805727
|switch|p2a: Great Tusk|Great Tusk|100/100
|-enditem|p2a: Great Tusk|Booster Energy
|-activate|p2a: Great Tusk|ability: Protosynthesis|[fromitem]
|-start|p2a: Great Tusk|protosynthesisdef
|turn|10
|
|t:|1779805730
|move|p1a: Chester Cheetah|Weather Ball|p2a: Great Tusk
|-supereffective|p2a: Great Tusk
|-damage|p2a: Great Tusk|0 fnt
|faint|p2a: Great Tusk
|-end|p2a: Great Tusk|Protosynthesis|[silent]
|
|-weather|RainDance|[upkeep]
|upkeep
|
|t:|1779805733
|switch|p2a: Incineroar|Incineroar, F|100/100
|-ability|p2a: Incineroar|Intimidate|boost
|-unboost|p1a: Chester Cheetah|atk|1
|turn|11
|
|t:|1779805740
|move|p1a: Chester Cheetah|Weather Ball|p2a: Incineroar
|-supereffective|p2a: Incineroar
|-damage|p2a: Incineroar|0 fnt
|faint|p2a: Incineroar
|
|-weather|none
|upkeep
|
|t:|1779805742
|switch|p2a: Pelipper|Pelipper, M|46/100
|-weather|RainDance|[from] ability: Drizzle|[of] p2a: Pelipper
|turn|12
|
|t:|1779805755
|-end|p1a: Chester Cheetah|Protosynthesis|[silent]
|switch|p1a: Gliscor|Gliscor, M|100/100
|move|p2a: Pelipper|Ice Beam|p1a: Gliscor
|-supereffective|p1a: Gliscor
|-damage|p1a: Gliscor|0 fnt
|faint|p1a: Gliscor
|
|-weather|RainDance|[upkeep]
|upkeep
|
|t:|1779805762
|switch|p1a: Late Capitalism|Weezing-Galar, M|100/100
|-ability|p1a: Late Capitalism|Neutralizing Gas
|turn|13
|
|t:|1779805776
|move|p1a: Late Capitalism|Sludge Wave|p2a: Pelipper
|-damage|p2a: Pelipper|0 fnt
|faint|p2a: Pelipper
|
|win|Foodiscoolski
|raw|Foodiscoolski's rating: 1121 &rarr; <strong>1142</strong><br />(+21 for winning)
|raw|Vanmogh's rating: 1058 &rarr; <strong>1043</strong><br />(-15 for losing)
|l|☆Vanmogh
|player|p2|
