|j|☆noob5445
|j|☆futuristicFlash
|t:|1779951278
|gametype|singles
|player|p1|noob5445|hilbert|1518
|player|p2|futuristicFlash|1|1471
|gen|9
|tier|[Gen 9] OU
|rated|
|rule|HP Percentage Mod: HP is shown in percentages
|rule|Endless Battle Clause: Forcing endless battles is banned
|rule|Species Clause: Limit one of each Pokémon
|rule|OHKO Clause: OHKO moves are banned
|rule|Evasion Items Clause: Evasion items are banned
|rule|Evasion Moves Clause: Evasion moves are banned
|rule|Evasion Abilities Clause: Evasion abilities are banned
|rule|Sleep Moves Clause: Sleep-inducing moves are banned
|clearpoke
|poke|p1|Gholdengo|
|poke|p1|Darkrai|
|poke|p1|Clefable, F|
|poke|p1|Ting-Lu|
|poke|p1|Dragonite, F|
|poke|p1|Pecharunt|
|poke|p2|Toxapex, F|
|poke|p2|Cinderace, F|
|poke|p2|Corviknight, M|
|poke|p2|Regidrago|
|poke|p2|Regieleki|
|poke|p2|Latios, M|
|teampreview
|inactive|Battle timer is ON: inactive players will automatically lose when time's up. (requested by noob5445)
|
|t:|1779951283
|teamsize|p1|6
|teamsize|p2|6
|start
|switch|p1a: Ting-Lu|Ting-Lu|100/100
|switch|p2a: Toxapex|Toxapex, F, shiny|100/100
|-ability|p1a: Ting-Lu|Vessel of Ruin
|turn|1
|
|t:|1779951288
|move|p2a: Toxapex|Surf|p1a: Ting-Lu
|-supereffective|p1a: Ting-Lu
|-damage|p1a: Ting-Lu|61/100
|-enditem|p1a: Ting-Lu|Red Card|[of] p2a: Toxapex
|drag|p2a: Cinderace|Cinderace, F|100/100
|move|p1a: Ting-Lu|Stealth Rock|p2a: Cinderace
|-sidestart|p2: futuristicFlash|move: Stealth Rock
|
|upkeep
|turn|2
|
|t:|1779951296
|move|p2a: Cinderace|U-turn|p1a: Ting-Lu
|-start|p2a: Cinderace|typechange|Bug|[from] ability: Libero
|-supereffective|p1a: Ting-Lu
|-damage|p1a: Ting-Lu|7/100
|
|t:|1779951301
|switch|p2a: Corviknight|Corviknight, M|100/100|[from] U-turn
|-damage|p2a: Corviknight|88/100|[from] Stealth Rock
|move|p1a: Ting-Lu|Spikes|p2a: Corviknight
|-sidestart|p2: futuristicFlash|Spikes
|
|upkeep
|turn|3
|
|t:|1779951306
|move|p2a: Corviknight|Defog|p1a: Ting-Lu
|-unboost|p1a: Ting-Lu|evasion|1
|-sideend|p2: futuristicFlash|Spikes|[from] move: Defog|[of] p2a: Corviknight
|-sideend|p2: futuristicFlash|Stealth Rock|[from] move: Defog|[of] p2a: Corviknight
|move|p1a: Ting-Lu|Ruination|p2a: Corviknight|[miss]
|-miss|p1a: Ting-Lu|p2a: Corviknight
|
|upkeep
|turn|4
|
|t:|1779951311
|move|p2a: Corviknight|Body Press|p1a: Ting-Lu
|-supereffective|p1a: Ting-Lu
|-crit|p1a: Ting-Lu
|-damage|p1a: Ting-Lu|0 fnt
|faint|p1a: Ting-Lu
|
|upkeep
|
|t:|1779951315
|switch|p1a: Clefable|Clefable, F|100/100
|turn|5
|
|t:|1779951318
|move|p1a: Clefable|Calm Mind|p1a: Clefable
|-boost|p1a: Clefable|spa|1
|-boost|p1a: Clefable|spd|1
|move|p2a: Corviknight|U-turn|p1a: Clefable
|-resisted|p1a: Clefable
|-damage|p1a: Clefable|92/100
|
|t:|1779951323
|switch|p2a: Cinderace|Cinderace, F|100/100|[from] U-turn
|
|upkeep
|turn|6
|
|t:|1779951327
|move|p2a: Cinderace|Iron Head|p1a: Clefable
|-start|p2a: Cinderace|typechange|Steel|[from] ability: Libero
|-supereffective|p1a: Clefable
|-damage|p1a: Clefable|0 fnt
|faint|p1a: Clefable
|
|upkeep
|
|t:|1779951333
|switch|p1a: Dragonite|Dragonite, F|100/100
|turn|7
|
|t:|1779951336
|switch|p2a: Toxapex|Toxapex, F, shiny|100/100
|move|p1a: Dragonite|Dragon Dance|p1a: Dragonite
|-boost|p1a: Dragonite|atk|1
|-boost|p1a: Dragonite|spe|1
|
|upkeep
|turn|8
|
|t:|1779951342
|move|p1a: Dragonite|Earthquake|p2a: Toxapex
|-supereffective|p2a: Toxapex
|-damage|p2a: Toxapex|12/100
|move|p2a: Toxapex|Ice Beam|p1a: Dragonite
|-supereffective|p1a: Dragonite
|-damage|p1a: Dragonite|42/100
|
|upkeep
|turn|9
|
|t:|1779951349
|move|p1a: Dragonite|Earthquake|p2a: Toxapex
|-supereffective|p2a: Toxapex
|-damage|p2a: Toxapex|0 fnt
|faint|p2a: Toxapex
|
|upkeep
|
|t:|1779951361
|switch|p2a: Cinderace|Cinderace, F|100/100
|turn|10
|
|t:|1779951369
|move|p2a: Cinderace|Sucker Punch||[still]
|-fail|p2a: Cinderace
|move|p1a: Dragonite|Roost|p1a: Dragonite
|-heal|p1a: Dragonite|92/100
|-singleturn|p1a: Dragonite|move: Roost
|
|upkeep
|turn|11
|
|t:|1779951383
|switch|p2a: Regidrago|Regidrago|100/100
|move|p1a: Dragonite|Earthquake|p2a: Regidrago
|-damage|p2a: Regidrago|32/100
|
|upkeep
|turn|12
|
|t:|1779951394
|move|p1a: Dragonite|Extreme Speed|p2a: Regidrago
|-damage|p2a: Regidrago|0 fnt
|faint|p2a: Regidrago
|
|upkeep
|
|t:|1779951404
|switch|p2a: Corviknight|Corviknight, M|88/100
|turn|13
|
|t:|1779951410
|switch|p1a: Gholdengo|Gholdengo|100/100
|move|p2a: Corviknight|Body Press|p1a: Gholdengo
|-immune|p1a: Gholdengo
|
|upkeep
|turn|14
|
|t:|1779951417
|move|p1a: Gholdengo|Shadow Ball|p2a: Corviknight
|-damage|p2a: Corviknight|48/100
|move|p2a: Corviknight|U-turn|p1a: Gholdengo
|-resisted|p1a: Gholdengo
|-damage|p1a: Gholdengo|97/100
|
|t:|1779951421
|switch|p2a: Cinderace|Cinderace, F|100/100|[from] U-turn
|
|upkeep
|turn|15
|
|t:|1779951424
|switch|p1a: Pecharunt|Pecharunt|100/100
|move|p2a: Cinderace|Pyro Ball|p1a: Pecharunt
|-damage|p1a: Pecharunt|53/100
|
|upkeep
|turn|16
|
|t:|1779951429
|move|p2a: Cinderace|Pyro Ball|p1a: Pecharunt
|-damage|p1a: Pecharunt|5/100
|move|p1a: Pecharunt|Shadow Ball|p2a: Cinderace
|-damage|p2a: Cinderace|67/100
|
|upkeep
|turn|17
|
|t:|1779951434
|move|p2a: Cinderace|Pyro Ball|p1a: Pecharunt
|-damage|p1a: Pecharunt|0 fnt
|faint|p1a: Pecharunt
|
|upkeep
|
|t:|1779951436
|switch|p1a: Dragonite|Dragonite, F|92/100
|turn|18
|
|t:|1779951442
|move|p2a: Cinderace|Pyro Ball|p1a: Dragonite
|-resisted|p1a: Dragonite
|-damage|p1a: Dragonite|48/100
|move|p1a: Dragonite|Earthquake|p2a: Cinderace
|-supereffective|p2a: Cinderace
|-damage|p2a: Cinderace|0 fnt
|faint|p2a: Cinderace
|
|upkeep
|
|t:|1779951453
|switch|p2a: Regieleki|Regieleki|100/100
|turn|19
|
|t:|1779951459
|switch|p1a: Darkrai|Darkrai|100/100
|move|p2a: Regieleki|Thunderbolt|p1a: Darkrai
|-damage|p1a: Darkrai|0 fnt
|faint|p1a: Darkrai
|
|upkeep
|
|t:|1779951463
|switch|p1a: Gholdengo|Gholdengo|97/100
|turn|20
|
|t:|1779951468
|move|p2a: Regieleki|Thunderbolt|p1a: Gholdengo
|-damage|p1a: Gholdengo|0 fnt
|faint|p1a: Gholdengo
|
|upkeep
|
|t:|1779951470
|switch|p1a: Dragonite|Dragonite, F|48/100
|turn|21
|
|t:|1779951472
|-terastallize|p1a: Dragonite|Normal
|move|p1a: Dragonite|Extreme Speed|p2a: Regieleki
|-damage|p2a: Regieleki|10/100
|move|p2a: Regieleki|Thunderbolt|p1a: Dragonite
|-damage|p1a: Dragonite|0 fnt
|faint|p1a: Dragonite
|
|win|futuristicFlash
|raw|noob5445's rating: 1518 &rarr; <strong>1495</strong><br />(-23 for losing)
|raw|futuristicFlash's rating: 1471 &rarr; <strong>1494</strong><br />(+23 for winning)
|l|☆futuristicFlash
|player|p2|
|l|☆noob5445
|player|p1|
