|j|☆erjtsers
|j|☆lolcano46
|t:|1779931876
|gametype|singles
|player|p1|erjtsers|pokemonbreeder|1608
|player|p2|lolcano46|fisherman-gen4|1663
|gen|9
|tier|[Gen 9] OU
|rated|
|rule|HP Percentage Mod: HP is shown in percentages
|rule|Endless Battle Clause: Forcing endless battles is banned
|rule|Species Clause: Limit one of each Pokémon
|rule|OHKO Clause: OHKO moves are banned
|rule|Evasion Items Clause: Evasion items are banned
|rule|Evasion Moves Clause: Evasion moves are banned
|rule|Evasion Abilities Clause: Evasion abilities are banned
|rule|Sleep Moves Clause: Sleep-inducing moves are banned
|clearpoke
|poke|p1|Toxapex, F|
|poke|p1|Corviknight, F|
|poke|p1|Dondozo, F|
|poke|p1|Clefable, F|
|poke|p1|Gliscor, M|
|poke|p1|Clodsire, M|
|poke|p2|Azelf|
|poke|p2|Ogerpon-Wellspring, F|
|poke|p2|Scizor, M|
|poke|p2|Gengar, M|
|poke|p2|Raging Bolt|
|poke|p2|Cinderace, F|
|teampreview
|inactive|Battle timer is ON: inactive players will automatically lose when time's up. (requested by lolcano46)
|
|t:|1779931885
|teamsize|p1|6
|teamsize|p2|6
|start
|switch|p1a: Clefable|Clefable, F|100/100
|switch|p2a: Cinderace|Cinderace, F|100/100
|turn|1
|
|t:|1779931908
|move|p2a: Cinderace|Pyro Ball|p1a: Clefable
|-damage|p1a: Clefable|59/100
|move|p1a: Clefable|Knock Off|p2a: Cinderace
|-damage|p2a: Cinderace|78/100
|-enditem|p2a: Cinderace|Heavy-Duty Boots|[from] move: Knock Off|[of] p1a: Clefable
|
|upkeep
|turn|2
|
|t:|1779931913
|move|p2a: Cinderace|Pyro Ball|p1a: Clefable
|-damage|p1a: Clefable|11/100
|move|p1a: Clefable|Moonlight|p1a: Clefable
|-heal|p1a: Clefable|61/100
|
|upkeep
|turn|3
|
|t:|1779931920
|move|p2a: Cinderace|Pyro Ball|p1a: Clefable
|-damage|p1a: Clefable|18/100
|move|p1a: Clefable|Moonlight|p1a: Clefable
|-heal|p1a: Clefable|68/100
|
|upkeep
|turn|4
|
|t:|1779931923
|switch|p2a: Scizor|Scizor, M|100/100
|switch|p1a: Gliscor|Gliscor, M|100/100
|
|-status|p1a: Gliscor|tox|[from] item: Toxic Orb
|upkeep
|turn|5
|
|t:|1779931926
|move|p1a: Gliscor|Knock Off|p2a: Scizor
|-damage|p2a: Scizor|76/100
|-enditem|p2a: Scizor|Punching Glove|[from] move: Knock Off|[of] p1a: Gliscor
|move|p2a: Scizor|Swords Dance|p2a: Scizor
|-boost|p2a: Scizor|atk|2
|
|upkeep
|turn|6
|
|t:|1779931934
|switch|p1a: Dondozo|Dondozo, F|100/100
|move|p2a: Scizor|Knock Off|p1a: Dondozo
|-damage|p1a: Dondozo|84/100
|-enditem|p1a: Dondozo|Leftovers|[from] move: Knock Off|[of] p2a: Scizor
|
|upkeep
|turn|7
|
|t:|1779931943
|switch|p2a: Azelf|Azelf|100/100
|move|p1a: Dondozo|Curse|p1a: Dondozo
|-unboost|p1a: Dondozo|spe|1
|-boost|p1a: Dondozo|atk|1
|-boost|p1a: Dondozo|def|1
|
|upkeep
|turn|8
|
|t:|1779931946
|switch|p1a: Gliscor|Gliscor, M|100/100 tox
|move|p2a: Azelf|Psychic|p1a: Gliscor
|-damage|p1a: Gliscor|47/100 tox
|
|-heal|p1a: Gliscor|59/100 tox|[from] ability: Poison Heal
|upkeep
|turn|9
|
|t:|1779931951
|switch|p2a: Raging Bolt|Raging Bolt|100/100
|-enditem|p2a: Raging Bolt|Booster Energy
|-activate|p2a: Raging Bolt|ability: Protosynthesis|[fromitem]
|-start|p2a: Raging Bolt|protosynthesisspa
|move|p1a: Gliscor|Toxic|p2a: Raging Bolt
|-status|p2a: Raging Bolt|tox
|
|-damage|p2a: Raging Bolt|94/100 tox|[from] psn
|-heal|p1a: Gliscor|72/100 tox|[from] ability: Poison Heal
|upkeep
|turn|10
|
|t:|1779931956
|switch|p1a: Clodsire|Clodsire, M|100/100
|move|p2a: Raging Bolt|Calm Mind|p2a: Raging Bolt
|-boost|p2a: Raging Bolt|spa|1
|-boost|p2a: Raging Bolt|spd|1
|
|-damage|p2a: Raging Bolt|82/100 tox|[from] psn
|upkeep
|turn|11
|
|t:|1779931962
|-end|p2a: Raging Bolt|Protosynthesis|[silent]
|switch|p2a: Azelf|Azelf|100/100
|move|p1a: Clodsire|Poison Jab|p2a: Azelf
|-damage|p2a: Azelf|68/100
|
|upkeep
|turn|12
|
|t:|1779931971
|switch|p1a: Corviknight|Corviknight, F|100/100
|-ability|p1a: Corviknight|Pressure
|move|p2a: Azelf|Psychic|p1a: Corviknight
|-resisted|p1a: Corviknight
|-damage|p1a: Corviknight|83/100
|
|-heal|p1a: Corviknight|90/100|[from] item: Leftovers
|upkeep
|turn|13
|
|t:|1779931975
|move|p2a: Azelf|Thunderbolt|p1a: Corviknight
|-supereffective|p1a: Corviknight
|-damage|p1a: Corviknight|35/100
|move|p1a: Corviknight|Brave Bird|p2a: Azelf
|-damage|p2a: Azelf|9/100
|-damage|p1a: Corviknight|21/100|[from] Recoil
|
|-heal|p1a: Corviknight|27/100|[from] item: Leftovers
|upkeep
|turn|14
|
|t:|1779931981
|move|p1a: Corviknight|Protect|p1a: Corviknight
|-singleturn|p1a: Corviknight|Protect
|move|p2a: Azelf|Flamethrower|p1a: Corviknight
|-activate|p1a: Corviknight|move: Protect
|
|-heal|p1a: Corviknight|33/100|[from] item: Leftovers
|upkeep
|turn|15
|
|t:|1779931989
|switch|p1a: Toxapex|Toxapex, F|100/100
|move|p2a: Azelf|Flamethrower|p1a: Toxapex
|-resisted|p1a: Toxapex
|-crit|p1a: Toxapex
|-damage|p1a: Toxapex|84/100
|
|-heal|p1a: Toxapex|90/100|[from] item: Leftovers
|upkeep
|turn|16
|
|t:|1779931992
|move|p2a: Azelf|Psychic|p1a: Toxapex
|-supereffective|p1a: Toxapex
|-damage|p1a: Toxapex|9/100
|move|p1a: Toxapex|Infestation|p2a: Azelf
|-supereffective|p2a: Azelf
|-damage|p2a: Azelf|0 fnt
|faint|p2a: Azelf
|
|-heal|p1a: Toxapex|15/100|[from] item: Leftovers
|upkeep
|
|t:|1779931996
|switch|p2a: Ogerpon|Ogerpon-Wellspring, F|100/100
|turn|17
|
|t:|1779932006
|switch|p1a: Clefable|Clefable, F|68/100
|move|p2a: Ogerpon|Ivy Cudgel|p1a: Clefable|[anim] Ivy Cudgel Water
|-damage|p1a: Clefable|22/100
|
|upkeep
|turn|18
|
|t:|1779932010
|move|p2a: Ogerpon|Ivy Cudgel|p1a: Clefable|[anim] Ivy Cudgel Water
|-damage|p1a: Clefable|0 fnt
|faint|p1a: Clefable
|
|upkeep
|
|t:|1779932018
|switch|p1a: Gliscor|Gliscor, M|72/100 tox
|turn|19
|
|t:|1779932022
|move|p1a: Gliscor|Protect|p1a: Gliscor
|-singleturn|p1a: Gliscor|Protect
|move|p2a: Ogerpon|Swords Dance|p2a: Ogerpon
|-boost|p2a: Ogerpon|atk|2
|
|-heal|p1a: Gliscor|84/100 tox|[from] ability: Poison Heal
|upkeep
|turn|20
|
|t:|1779932030
|-terastallize|p1a: Gliscor|Ghost
|move|p2a: Ogerpon|Ivy Cudgel|p1a: Gliscor|[anim] Ivy Cudgel Water
|-damage|p1a: Gliscor|10/100 tox
|move|p1a: Gliscor|Toxic|p2a: Ogerpon
|-status|p2a: Ogerpon|tox
|
|-damage|p2a: Ogerpon|95/100 tox|[from] psn
|-heal|p1a: Gliscor|22/100 tox|[from] ability: Poison Heal
|upkeep
|turn|21
|
|t:|1779932036
|move|p1a: Gliscor|Protect|p1a: Gliscor
|-singleturn|p1a: Gliscor|Protect
|move|p2a: Ogerpon|Swords Dance|p2a: Ogerpon
|-boost|p2a: Ogerpon|atk|2
|
|-damage|p2a: Ogerpon|83/100 tox|[from] psn
|-heal|p1a: Gliscor|35/100 tox|[from] ability: Poison Heal
|upkeep
|turn|22
|
|t:|1779932054
|switch|p1a: Toxapex|Toxapex, F|49/100
|move|p2a: Ogerpon|Horn Leech|p1a: Toxapex
|-damage|p1a: Toxapex|0 fnt
|-heal|p2a: Ogerpon|100/100 tox|[from] drain|[of] p1a: Toxapex
|faint|p1a: Toxapex
|
|-damage|p2a: Ogerpon|83/100 tox|[from] psn
|upkeep
|
|t:|1779932060
|switch|p1a: Corviknight|Corviknight, F|33/100
|-ability|p1a: Corviknight|Pressure
|turn|23
|
|t:|1779932064
|move|p1a: Corviknight|Protect|p1a: Corviknight
|-singleturn|p1a: Corviknight|Protect
|move|p2a: Ogerpon|Ivy Cudgel|p1a: Corviknight|[anim] Ivy Cudgel Water
|-activate|p1a: Corviknight|move: Protect
|
|-heal|p1a: Corviknight|40/100|[from] item: Leftovers
|-damage|p2a: Ogerpon|59/100 tox|[from] psn
|upkeep
|turn|24
|
|t:|1779932071
|switch|p1a: Dondozo|Dondozo, F|84/100
|move|p2a: Ogerpon|Ivy Cudgel|p1a: Dondozo|[anim] Ivy Cudgel Water
|-resisted|p1a: Dondozo
|-damage|p1a: Dondozo|72/100
|
|-damage|p2a: Ogerpon|29/100 tox|[from] psn
|upkeep
|turn|25
|
|t:|1779932075
|switch|p2a: Gengar|Gengar, M|100/100
|move|p1a: Dondozo|Rest|p1a: Dondozo
|-status|p1a: Dondozo|slp|[from] move: Rest
|-heal|p1a: Dondozo|100/100 slp|[silent]
|
|upkeep
|turn|26
|
|t:|1779932081
|switch|p1a: Clodsire|Clodsire, M|100/100
|move|p2a: Gengar|Trick|p1a: Clodsire
|-activate|p2a: Gengar|move: Trick|[of] p1a: Clodsire
|-item|p1a: Clodsire|Choice Scarf|[from] move: Trick
|-item|p2a: Gengar|Heavy-Duty Boots|[from] move: Trick
|
|upkeep
|turn|27
|
|t:|1779932087
|move|p2a: Gengar|Shadow Ball|p1a: Clodsire
|-damage|p1a: Clodsire|79/100
|move|p1a: Clodsire|Spikes|p2a: Gengar
|-sidestart|p2: lolcano46|Spikes
|
|upkeep
|turn|28
|
|t:|1779932091
|move|p2a: Gengar|Shadow Ball|p1a: Clodsire
|-damage|p1a: Clodsire|58/100
|move|p1a: Clodsire|Spikes|p2a: Gengar
|-sidestart|p2: lolcano46|Spikes
|
|upkeep
|turn|29
|
|t:|1779932095
|move|p2a: Gengar|Shadow Ball|p1a: Clodsire
|-damage|p1a: Clodsire|36/100
|move|p1a: Clodsire|Spikes|p2a: Gengar
|-sidestart|p2: lolcano46|Spikes
|
|upkeep
|turn|30
|
|t:|1779932100
|switch|p1a: Gliscor|Gliscor, M, tera:Ghost|35/100 tox
|move|p2a: Gengar|Shadow Ball|p1a: Gliscor
|-supereffective|p1a: Gliscor
|-damage|p1a: Gliscor|0 fnt
|faint|p1a: Gliscor
|
|upkeep
|
|t:|1779932105
|switch|p1a: Clodsire|Clodsire, M|36/100
|turn|31
|
|t:|1779932109
|-terastallize|p2a: Gengar|Flying
|move|p2a: Gengar|Shadow Ball|p1a: Clodsire
|-crit|p1a: Clodsire
|-damage|p1a: Clodsire|2/100
|move|p1a: Clodsire|Recover|p1a: Clodsire
|-heal|p1a: Clodsire|52/100
|
|upkeep
|turn|32
|
|t:|1779932115
|move|p2a: Gengar|Shadow Ball|p1a: Clodsire
|-damage|p1a: Clodsire|31/100
|move|p1a: Clodsire|Recover|p1a: Clodsire
|-heal|p1a: Clodsire|81/100
|
|upkeep
|turn|33
|
|t:|1779932123
|switch|p1a: Corviknight|Corviknight, F|40/100
|-ability|p1a: Corviknight|Pressure
|move|p2a: Gengar|Sludge Bomb|p1a: Corviknight
|-immune|p1a: Corviknight
|
|-heal|p1a: Corviknight|46/100|[from] item: Leftovers
|upkeep
|turn|34
|
|t:|1779932129
|switch|p2a: Cinderace|Cinderace, F|78/100
|-damage|p2a: Cinderace|53/100|[from] Spikes
|move|p1a: Corviknight|Protect||[still]
|-fail|p1a: Corviknight
|
|-heal|p1a: Corviknight|52/100|[from] item: Leftovers
|upkeep
|turn|35
|
|t:|1779932133
|switch|p1a: Dondozo|Dondozo, F|100/100 slp
|move|p2a: Cinderace|Pyro Ball|p1a: Dondozo
|-resisted|p1a: Dondozo
|-damage|p1a: Dondozo|87/100 slp
|
|upkeep
|turn|36
|
|t:|1779932135
|move|p2a: Cinderace|Court Change|p2a: Cinderace
|-start|p2a: Cinderace|typechange|Normal|[from] ability: Libero
|-swapsideconditions
|-activate|p2a: Cinderace|move: Court Change
|cant|p1a: Dondozo|slp
|move|p1a: Dondozo|Sleep Talk|p1a: Dondozo
|move|p1a: Dondozo|Rest||[from] move: Sleep Talk|[still]
|-fail|p1a: Dondozo
|
|upkeep
|turn|37
|
|t:|1779932141
|switch|p2a: Gengar|Gengar, M, tera:Flying|100/100
|cant|p1a: Dondozo|slp
|move|p1a: Dondozo|Sleep Talk|p1a: Dondozo
|move|p1a: Dondozo|Rest||[from] move: Sleep Talk|[still]
|-fail|p1a: Dondozo
|
|upkeep
|turn|38
|
|t:|1779932150
|switch|p1a: Clodsire|Clodsire, M|81/100
|-damage|p1a: Clodsire|56/100|[from] Spikes
|move|p2a: Gengar|Sludge Bomb|p1a: Clodsire
|-resisted|p1a: Clodsire
|-damage|p1a: Clodsire|50/100
|
|upkeep
|turn|39
|
|t:|1779932156
|move|p2a: Gengar|Shadow Ball|p1a: Clodsire
|-damage|p1a: Clodsire|29/100
|move|p1a: Clodsire|Poison Jab|p2a: Gengar
|-damage|p2a: Gengar|61/100
|-status|p2a: Gengar|psn
|
|-damage|p2a: Gengar|49/100 psn|[from] psn
|upkeep
|turn|40
|
|t:|1779932161
|switch|p1a: Corviknight|Corviknight, F|52/100
|-ability|p1a: Corviknight|Pressure
|move|p2a: Gengar|Shadow Ball|p1a: Corviknight
|-damage|p1a: Corviknight|24/100
|
|-heal|p1a: Corviknight|30/100|[from] item: Leftovers
|-damage|p2a: Gengar|37/100 psn|[from] psn
|upkeep
|turn|41
|
|t:|1779932164
|move|p1a: Corviknight|Protect|p1a: Corviknight
|-singleturn|p1a: Corviknight|Protect
|move|p2a: Gengar|Shadow Ball|p1a: Corviknight
|-activate|p1a: Corviknight|move: Protect
|
|-heal|p1a: Corviknight|37/100|[from] item: Leftovers
|-damage|p2a: Gengar|25/100 psn|[from] psn
|upkeep
|turn|42
|
|t:|1779932168
|move|p2a: Gengar|Shadow Ball|p1a: Corviknight
|-damage|p1a: Corviknight|6/100
|move|p1a: Corviknight|Roost|p1a: Corviknight
|-heal|p1a: Corviknight|56/100
|-singleturn|p1a: Corviknight|move: Roost
|
|-heal|p1a: Corviknight|62/100|[from] item: Leftovers
|-damage|p2a: Gengar|12/100 psn|[from] psn
|upkeep
|turn|43
|
|t:|1779932172
|move|p2a: Gengar|Shadow Ball|p1a: Corviknight
|-damage|p1a: Corviknight|35/100
|move|p1a: Corviknight|Defog|p2a: Gengar
|-unboost|p2a: Gengar|evasion|1
|-sideend|p1: erjtsers|Spikes|[from] move: Defog|[of] p1a: Corviknight
|
|-heal|p1a: Corviknight|41/100|[from] item: Leftovers
|-damage|p2a: Gengar|0 fnt|[from] psn
|faint|p2a: Gengar
|upkeep
|
|t:|1779932179
|switch|p2a: Raging Bolt|Raging Bolt|82/100 tox
|turn|44
|
|t:|1779932184
|move|p1a: Corviknight|Protect|p1a: Corviknight
|-singleturn|p1a: Corviknight|Protect
|move|p2a: Raging Bolt|Calm Mind|p2a: Raging Bolt
|-boost|p2a: Raging Bolt|spa|1
|-boost|p2a: Raging Bolt|spd|1
|
|-heal|p1a: Corviknight|47/100|[from] item: Leftovers
|-damage|p2a: Raging Bolt|76/100 tox|[from] psn
|upkeep
|turn|45
|
|t:|1779932199
|move|p2a: Raging Bolt|Dragon Pulse|p1a: Corviknight
|-resisted|p1a: Corviknight
|-damage|p1a: Corviknight|20/100
|move|p1a: Corviknight|Roost|p1a: Corviknight
|-heal|p1a: Corviknight|70/100
|-singleturn|p1a: Corviknight|move: Roost
|
|-heal|p1a: Corviknight|77/100|[from] item: Leftovers
|-damage|p2a: Raging Bolt|64/100 tox|[from] psn
|upkeep
|turn|46
|
|t:|1779932209
|-end|p2a: Raging Bolt|Protosynthesis|[silent]
|switch|p2a: Cinderace|Cinderace, F|53/100
|move|p1a: Corviknight|Brave Bird|p2a: Cinderace
|-damage|p2a: Cinderace|0 fnt
|faint|p2a: Cinderace
|-damage|p1a: Corviknight|64/100|[from] Recoil
|
|-heal|p1a: Corviknight|70/100|[from] item: Leftovers
|upkeep
|
|t:|1779932213
|switch|p2a: Raging Bolt|Raging Bolt|64/100 tox
|turn|47
|
|t:|1779932218
|move|p2a: Raging Bolt|Calm Mind|p2a: Raging Bolt
|-boost|p2a: Raging Bolt|spa|1
|-boost|p2a: Raging Bolt|spd|1
|move|p1a: Corviknight|Roost|p1a: Corviknight
|-heal|p1a: Corviknight|100/100
|-singleturn|p1a: Corviknight|move: Roost
|
|-damage|p2a: Raging Bolt|58/100 tox|[from] psn
|upkeep
|turn|48
|
|t:|1779932222
|move|p1a: Corviknight|Protect|p1a: Corviknight
|-singleturn|p1a: Corviknight|Protect
|move|p2a: Raging Bolt|Thunderbolt|p1a: Corviknight
|-activate|p1a: Corviknight|move: Protect
|
|-damage|p2a: Raging Bolt|45/100 tox|[from] psn
|upkeep
|turn|49
|
|t:|1779932228
|move|p1a: Corviknight|Protect||[still]
|-fail|p1a: Corviknight
|move|p2a: Raging Bolt|Dragon Pulse|p1a: Corviknight
|-resisted|p1a: Corviknight
|-damage|p1a: Corviknight|73/100
|
|-heal|p1a: Corviknight|79/100|[from] item: Leftovers
|-damage|p2a: Raging Bolt|27/100 tox|[from] psn
|upkeep
|turn|50
|
|t:|1779932235
|move|p1a: Corviknight|Protect|p1a: Corviknight
|-singleturn|p1a: Corviknight|Protect
|move|p2a: Raging Bolt|Thunderbolt|p1a: Corviknight
|-activate|p1a: Corviknight|move: Protect
|
|-heal|p1a: Corviknight|85/100|[from] item: Leftovers
|-damage|p2a: Raging Bolt|3/100 tox|[from] psn
|upkeep
|turn|51
|
|t:|1779932242
|switch|p1a: Clodsire|Clodsire, M|29/100
|move|p2a: Raging Bolt|Dragon Pulse|p1a: Clodsire
|-damage|p1a: Clodsire|3/100
|
|-damage|p2a: Raging Bolt|0 fnt|[from] psn
|faint|p2a: Raging Bolt
|-end|p2a: Raging Bolt|Protosynthesis|[silent]
|upkeep
|
|t:|1779932247
|switch|p2a: Scizor|Scizor, M|76/100
|turn|52
|
|t:|1779932252
|move|p2a: Scizor|Knock Off|p1a: Clodsire
|-damage|p1a: Clodsire|0 fnt
|-enditem|p1a: Clodsire|Choice Scarf|[from] move: Knock Off|[of] p2a: Scizor
|faint|p1a: Clodsire
|
|upkeep
|
|t:|1779932257
|switch|p1a: Corviknight|Corviknight, F|85/100
|-ability|p1a: Corviknight|Pressure
|turn|53
|
|t:|1779932264
|move|p2a: Scizor|Swords Dance|p2a: Scizor
|-boost|p2a: Scizor|atk|2
|move|p1a: Corviknight|Brave Bird|p2a: Scizor
|-damage|p2a: Scizor|38/100
|-damage|p1a: Corviknight|75/100|[from] Recoil
|
|-heal|p1a: Corviknight|82/100|[from] item: Leftovers
|upkeep
|turn|54
|
|t:|1779932266
|move|p2a: Scizor|Knock Off|p1a: Corviknight
|-damage|p1a: Corviknight|19/100
|-enditem|p1a: Corviknight|Leftovers|[from] move: Knock Off|[of] p2a: Scizor
|move|p1a: Corviknight|Roost|p1a: Corviknight
|-heal|p1a: Corviknight|69/100
|-singleturn|p1a: Corviknight|move: Roost
|
|upkeep
|turn|55
|
|t:|1779932272
|move|p2a: Scizor|Close Combat|p1a: Corviknight
|-damage|p1a: Corviknight|0 fnt
|-unboost|p2a: Scizor|def|1
|-unboost|p2a: Scizor|spd|1
|faint|p1a: Corviknight
|
|upkeep
|
|t:|1779932275
|switch|p1a: Dondozo|Dondozo, F|87/100 slp
|turn|56
|
|t:|1779932278
|move|p2a: Scizor|Knock Off|p1a: Dondozo
|-damage|p1a: Dondozo|75/100 slp
|-curestatus|p1a: Dondozo|slp|[msg]
|move|p1a: Dondozo|Sleep Talk||[still]
|-fail|p1a: Dondozo
|
|upkeep
|turn|57
|j| maximilk
|
|t:|1779932281
|move|p2a: Scizor|Close Combat|p1a: Dondozo
|-crit|p1a: Dondozo
|-damage|p1a: Dondozo|43/100
|-unboost|p2a: Scizor|def|1
|-unboost|p2a: Scizor|spd|1
|move|p1a: Dondozo|Curse|p1a: Dondozo
|-unboost|p1a: Dondozo|spe|1
|-boost|p1a: Dondozo|atk|1
|-boost|p1a: Dondozo|def|1
|
|upkeep
|turn|58
|
|t:|1779932286
|move|p2a: Scizor|Close Combat|p1a: Dondozo
|-damage|p1a: Dondozo|30/100
|-unboost|p2a: Scizor|def|1
|-unboost|p2a: Scizor|spd|1
|move|p1a: Dondozo|Rest|p1a: Dondozo
|-status|p1a: Dondozo|slp|[from] move: Rest
|-heal|p1a: Dondozo|100/100 slp|[silent]
|
|upkeep
|turn|59
|
|t:|1779932289
|switch|p2a: Ogerpon|Ogerpon-Wellspring, F|29/100 tox
|cant|p1a: Dondozo|slp
|move|p1a: Dondozo|Sleep Talk|p1a: Dondozo
|move|p1a: Dondozo|Curse|p1a: Dondozo|[from] move: Sleep Talk
|-unboost|p1a: Dondozo|spe|1
|-boost|p1a: Dondozo|atk|1
|-boost|p1a: Dondozo|def|1
|
|-damage|p2a: Ogerpon|23/100 tox|[from] psn
|upkeep
|turn|60
|
|t:|1779932292
|move|p2a: Ogerpon|Horn Leech|p1a: Dondozo
|-supereffective|p1a: Dondozo
|-damage|p1a: Dondozo|80/100 slp
|-heal|p2a: Ogerpon|40/100 tox|[from] drain|[of] p1a: Dondozo
|cant|p1a: Dondozo|slp
|move|p1a: Dondozo|Sleep Talk|p1a: Dondozo
|move|p1a: Dondozo|Waterfall|p2a: Ogerpon|[from] move: Sleep Talk
|-heal|p2a: Ogerpon|65/100 tox|[from] ability: Water Absorb|[of] p1a: Dondozo
|
|-damage|p2a: Ogerpon|53/100 tox|[from] psn
|upkeep
|turn|61
|
|t:|1779932296
|move|p2a: Ogerpon|Horn Leech|p1a: Dondozo
|-supereffective|p1a: Dondozo
|-damage|p1a: Dondozo|59/100 slp
|-heal|p2a: Ogerpon|70/100 tox|[from] drain|[of] p1a: Dondozo
|-curestatus|p1a: Dondozo|slp|[msg]
|move|p1a: Dondozo|Curse|p1a: Dondozo
|-unboost|p1a: Dondozo|spe|1
|-boost|p1a: Dondozo|atk|1
|-boost|p1a: Dondozo|def|1
|
|-damage|p2a: Ogerpon|52/100 tox|[from] psn
|upkeep
|turn|62
|
|t:|1779932301
|move|p2a: Ogerpon|Horn Leech|p1a: Dondozo
|-supereffective|p1a: Dondozo
|-damage|p1a: Dondozo|42/100
|-heal|p2a: Ogerpon|66/100 tox|[from] drain|[of] p1a: Dondozo
|move|p1a: Dondozo|Curse|p1a: Dondozo
|-unboost|p1a: Dondozo|spe|1
|-boost|p1a: Dondozo|atk|1
|-boost|p1a: Dondozo|def|1
|
|-damage|p2a: Ogerpon|42/100 tox|[from] psn
|upkeep
|turn|63
|-message|lolcano46 forfeited.
|
|win|erjtsers
|raw|erjtsers's rating: 1608 &rarr; <strong>1631</strong><br />(+23 for winning)
|raw|lolcano46's rating: 1663 &rarr; <strong>1640</strong><br />(-23 for losing)
|l|☆lolcano46
|player|p2|
