|j|☆jack3777
|j|☆nugberto
|t:|1779847856
|gametype|singles
|player|p1|jack3777|beauty-gen4dp|1081
|player|p2|nugberto|burgh|1067
|gen|9
|tier|[Gen 9] OU
|rated|
|rule|HP Percentage Mod: HP is shown in percentages
|rule|Endless Battle Clause: Forcing endless battles is banned
|rule|Species Clause: Limit one of each Pokémon
|rule|OHKO Clause: OHKO moves are banned
|rule|Evasion Items Clause: Evasion items are banned
|rule|Evasion Moves Clause: Evasion moves are banned
|rule|Evasion Abilities Clause: Evasion abilities are banned
|rule|Sleep Moves Clause: Sleep-inducing moves are banned
|clearpoke
|poke|p1|Diancie|
|poke|p1|Tinkaton, F|
|poke|p1|Alomomola, F|
|poke|p1|Lilligant-Hisui, F|
|poke|p1|Delphox, F|
|poke|p1|Sylveon, F|
|poke|p2|Ceruledge, F|
|poke|p2|Primarina, F|
|poke|p2|Pyroar, F|
|poke|p2|Alomomola, F|
|poke|p2|Gliscor, F|
|poke|p2|Tauros-Paldea-Combat, M|
|teampreview
|inactive|Battle timer is ON: inactive players will automatically lose when time's up. (requested by nugberto)
|
|t:|1779847875
|teamsize|p1|6
|teamsize|p2|6
|start
|switch|p1a: Diancie|Diancie|100/100
|switch|p2a: Scorpio|Gliscor, F|100/100
|turn|1
|
|t:|1779847890
|move|p2a: Scorpio|Crabhammer|p1a: Diancie
|-supereffective|p1a: Diancie
|-damage|p1a: Diancie|60/100
|-damage|p2a: Scorpio|84/100|[from] item: Rocky Helmet|[of] p1a: Diancie
|move|p1a: Diancie|Stealth Rock|p2a: Scorpio
|-sidestart|p2: nugberto|move: Stealth Rock
|
|-status|p2a: Scorpio|tox|[from] item: Toxic Orb
|upkeep
|turn|2
|
|t:|1779847906
|switch|p1a: Alomomola|Alomomola, F|100/100
|move|p2a: Scorpio|Crabhammer|p1a: Alomomola
|-resisted|p1a: Alomomola
|-damage|p1a: Alomomola|93/100
|
|-heal|p1a: Alomomola|99/100|[from] item: Leftovers
|-heal|p2a: Scorpio|96/100 tox|[from] ability: Poison Heal
|upkeep
|turn|3
|
|t:|1779847920
|move|p2a: Scorpio|Lunge|p1a: Alomomola
|-damage|p1a: Alomomola|88/100
|-unboost|p1a: Alomomola|atk|1
|move|p1a: Alomomola|Scald|p2a: Scorpio
|-supereffective|p2a: Scorpio
|-damage|p2a: Scorpio|53/100 tox
|
|-heal|p1a: Alomomola|94/100|[from] item: Leftovers
|-heal|p2a: Scorpio|65/100 tox|[from] ability: Poison Heal
|upkeep
|turn|4
|
|t:|1779847930
|move|p2a: Scorpio|Earthquake|p1a: Alomomola
|-damage|p1a: Alomomola|71/100
|move|p1a: Alomomola|Scald|p2a: Scorpio
|-supereffective|p2a: Scorpio
|-damage|p2a: Scorpio|28/100 tox
|
|-heal|p1a: Alomomola|77/100|[from] item: Leftovers
|-heal|p2a: Scorpio|41/100 tox|[from] ability: Poison Heal
|upkeep
|turn|5
|
|t:|1779847939
|switch|p2a: Pisces|Alomomola, F|100/100
|-damage|p2a: Pisces|88/100|[from] Stealth Rock
|move|p1a: Alomomola|Scald|p2a: Pisces
|-resisted|p2a: Pisces
|-damage|p2a: Pisces|79/100
|
|-heal|p1a: Alomomola|83/100|[from] item: Leftovers
|upkeep
|turn|6
|
|t:|1779847954
|move|p2a: Pisces|Wish|p2a: Pisces
|move|p1a: Alomomola|Flip Turn|p2a: Pisces
|-resisted|p2a: Pisces
|-damage|p2a: Pisces|77/100
|-damage|p1a: Alomomola|66/100|[from] item: Rocky Helmet|[of] p2a: Pisces
|
|t:|1779847961
|switch|p1a: Lilligant|Lilligant-Hisui, F|100/100|[from] Flip Turn
|
|upkeep
|turn|7
|
|t:|1779847971
|move|p1a: Lilligant|Leaf Blade|p2a: Pisces|[miss]
|-miss|p1a: Lilligant|p2a: Pisces
|move|p2a: Pisces|Flip Turn|p1a: Lilligant
|-resisted|p1a: Lilligant
|-damage|p1a: Lilligant|88/100
|
|t:|1779847977
|switch|p2a: Scorpio|Gliscor, F|41/100 tox|[from] Flip Turn
|-damage|p2a: Scorpio|28/100 tox|[from] Stealth Rock
|
|-heal|p2a: Scorpio|100/100 tox|[from] move: Wish|[wisher] Pisces
|upkeep
|turn|8
|
|t:|1779847985
|move|p1a: Lilligant|Triple Axel|p2a: Scorpio
|-supereffective|p2a: Scorpio
|-damage|p2a: Scorpio|56/100 tox
|-supereffective|p2a: Scorpio
|-damage|p2a: Scorpio|0 fnt
|faint|p2a: Scorpio
|-hitcount|p2: Scorpio|2
|-damage|p1a: Lilligant|78/100|[from] item: Life Orb
|
|upkeep
|
|t:|1779847991
|switch|p2a: Cancer|Ceruledge, F, shiny|100/100
|-damage|p2a: Cancer|76/100|[from] Stealth Rock
|turn|9
|
|t:|1779848005
|switch|p1a: Alomomola|Alomomola, F|99/100
|move|p2a: Cancer|Bitter Blade|p1a: Alomomola
|-resisted|p1a: Alomomola
|-damage|p1a: Alomomola|87/100
|-heal|p2a: Cancer|88/100|[from] drain|[of] p1a: Alomomola
|
|-heal|p1a: Alomomola|93/100|[from] item: Leftovers
|upkeep
|turn|10
|
|t:|1779848020
|switch|p2a: Capricorn|Primarina, F|100/100
|-damage|p2a: Capricorn|88/100|[from] Stealth Rock
|move|p1a: Alomomola|Scald|p2a: Capricorn
|-resisted|p2a: Capricorn
|-damage|p2a: Capricorn|82/100
|-status|p2a: Capricorn|brn
|
|-heal|p1a: Alomomola|99/100|[from] item: Leftovers
|-damage|p2a: Capricorn|76/100 brn|[from] brn
|upkeep
|turn|11
|
|t:|1779848041
|switch|p1a: Tinkaton|Tinkaton, F|100/100
|-ability|p1a: Tinkaton|Mold Breaker
|move|p2a: Capricorn|Hyper Voice|p1a: Tinkaton
|-damage|p1a: Tinkaton|47/100
|-enditem|p2a: Capricorn|Throat Spray
|-boost|p2a: Capricorn|spa|1|[from] item: Throat Spray
|
|-heal|p1a: Tinkaton|53/100|[from] item: Leftovers
|-damage|p2a: Capricorn|70/100 brn|[from] brn
|upkeep
|turn|12
|
|t:|1779848056
|move|p1a: Tinkaton|Gigaton Hammer|p2a: Capricorn
|-damage|p2a: Capricorn|0 fnt
|faint|p2a: Capricorn
|
|-heal|p1a: Tinkaton|59/100|[from] item: Leftovers
|upkeep
|
|t:|1779848060
|switch|p2a: Pisces|Alomomola, F|100/100
|-damage|p2a: Pisces|88/100|[from] Stealth Rock
|turn|13
|
|t:|1779848068
|move|p1a: Tinkaton|Knock Off|p2a: Pisces
|-damage|p2a: Pisces|74/100
|-damage|p1a: Tinkaton|43/100|[from] item: Rocky Helmet|[of] p2a: Pisces
|-enditem|p2a: Pisces|Rocky Helmet|[from] move: Knock Off|[of] p1a: Tinkaton
|move|p2a: Pisces|Wish|p2a: Pisces
|
|-heal|p1a: Tinkaton|49/100|[from] item: Leftovers
|upkeep
|turn|14
|
|t:|1779848095
|switch|p2a: Leo|Pyroar, F, shiny|100/100
|-damage|p2a: Leo|76/100|[from] Stealth Rock
|move|p1a: Tinkaton|Play Rough|p2a: Leo
|-resisted|p2a: Leo
|-damage|p2a: Leo|54/100
|
|-heal|p2a: Leo|100/100|[from] move: Wish|[wisher] Pisces
|-heal|p1a: Tinkaton|55/100|[from] item: Leftovers
|upkeep
|turn|15
|inactive|nugberto has 120 seconds left.
|
|t:|1779848117
|switch|p1a: Alomomola|Alomomola, F|100/100
|move|p2a: Leo|Wild Charge|p1a: Alomomola
|-supereffective|p1a: Alomomola
|-damage|p1a: Alomomola|69/100
|-damage|p2a: Leo|87/100|[from] Recoil
|
|-heal|p1a: Alomomola|75/100|[from] item: Leftovers
|upkeep
|turn|16
|inactive|nugberto has 120 seconds left.
|
|t:|1779848129
|switch|p2a: Pisces|Alomomola, F|100/100
|-damage|p2a: Pisces|88/100|[from] Stealth Rock
|move|p1a: Alomomola|Scald|p2a: Pisces
|-resisted|p2a: Pisces
|-damage|p2a: Pisces|80/100
|
|-heal|p1a: Alomomola|81/100|[from] item: Leftovers
|upkeep
|turn|17
|inactive|nugberto has 120 seconds left.
|
|t:|1779848144
|move|p1a: Alomomola|Wish|p1a: Alomomola
|move|p2a: Pisces|Wish|p2a: Pisces
|
|-heal|p1a: Alomomola|87/100|[from] item: Leftovers
|upkeep
|turn|18
|inactive|nugberto has 120 seconds left.
|
|t:|1779848166
|switch|p2a: Cancer|Ceruledge, F, shiny|88/100
|-damage|p2a: Cancer|63/100|[from] Stealth Rock
|move|p1a: Alomomola|Flip Turn|p2a: Cancer
|-supereffective|p2a: Cancer
|-damage|p2a: Cancer|19/100
|-ability|p2a: Cancer|Weak Armor|boost
|-unboost|p2a: Cancer|def|1
|-boost|p2a: Cancer|spe|2
|-enditem|p2a: Cancer|Weakness Policy
|-boost|p2a: Cancer|atk|2|[from] item: Weakness Policy
|-boost|p2a: Cancer|spa|2|[from] item: Weakness Policy
|
|t:|1779848190
|switch|p1a: Sylveon|Sylveon, F|100/100|[from] Flip Turn
|
|-heal|p2a: Cancer|100/100|[from] move: Wish|[wisher] Pisces
|upkeep
|turn|19
|inactive|nugberto has 120 seconds left.
|
|t:|1779848210
|-terastallize|p2a: Cancer|Bug
|move|p2a: Cancer|Swords Dance|p2a: Cancer
|-boost|p2a: Cancer|atk|2
|move|p1a: Sylveon|Hyper Voice|p2a: Cancer
|-damage|p2a: Cancer|51/100
|
|upkeep
|turn|20
|
|t:|1779848223
|move|p2a: Cancer|Bitter Blade|p1a: Sylveon
|-damage|p1a: Sylveon|0 fnt
|-heal|p2a: Cancer|100/100|[from] drain|[of] p1a: Sylveon
|faint|p1a: Sylveon
|
|upkeep
|inactive|jack3777 has 120 seconds left.
|
|t:|1779848247
|switch|p1a: Delphox|Delphox, F|100/100
|turn|21
|inactive|nugberto has 120 seconds left.
|
|t:|1779848255
|-terastallize|p1a: Delphox|Dark
|move|p2a: Cancer|X-Scissor|p1a: Delphox
|-supereffective|p1a: Delphox
|-damage|p1a: Delphox|0 fnt
|faint|p1a: Delphox
|
|upkeep
|
|t:|1779848262
|switch|p1a: Alomomola|Alomomola, F|100/100
|turn|22
|
|t:|1779848275
|move|p2a: Cancer|Close Combat|p1a: Alomomola
|-damage|p1a: Alomomola|35/100
|-unboost|p2a: Cancer|def|1
|-unboost|p2a: Cancer|spd|1
|move|p1a: Alomomola|Scald|p2a: Cancer
|-damage|p2a: Cancer|77/100
|
|-heal|p1a: Alomomola|41/100|[from] item: Leftovers
|upkeep
|turn|23
|inactive|jack3777 has 120 seconds left.
|inactive|nugberto has 120 seconds left.
|
|t:|1779848310
|switch|p1a: Diancie|Diancie|60/100
|move|p2a: Cancer|Swords Dance|p2a: Cancer
|-boost|p2a: Cancer|atk|2
|
|upkeep
|turn|24
|inactive|jack3777 has 120 seconds left.
|
|t:|1779848322
|move|p2a: Cancer|Close Combat|p1a: Diancie
|-damage|p1a: Diancie|0 fnt
|-unboost|p2a: Cancer|def|1
|-unboost|p2a: Cancer|spd|1
|-damage|p2a: Cancer|61/100|[from] item: Rocky Helmet|[of] p1a: Diancie
|faint|p1a: Diancie
|
|upkeep
|
|t:|1779848329
|switch|p1a: Alomomola|Alomomola, F|74/100
|turn|25
|
|t:|1779848334
|move|p2a: Cancer|Close Combat|p1a: Alomomola
|-damage|p1a: Alomomola|0 fnt
|-unboost|p2a: Cancer|def|1
|-unboost|p2a: Cancer|spd|1
|faint|p1a: Alomomola
|
|upkeep
|
|t:|1779848339
|switch|p1a: Tinkaton|Tinkaton, F|55/100
|-ability|p1a: Tinkaton|Mold Breaker
|turn|26
|
|t:|1779848344
|move|p2a: Cancer|Bitter Blade|p1a: Tinkaton
|-supereffective|p1a: Tinkaton
|-damage|p1a: Tinkaton|0 fnt
|-heal|p2a: Cancer|90/100|[from] drain|[of] p1a: Tinkaton
|faint|p1a: Tinkaton
|
|upkeep
|
|t:|1779848349
|switch|p1a: Lilligant|Lilligant-Hisui, F|78/100
|turn|27
|
|t:|1779848354
|move|p2a: Cancer|Bitter Blade|p1a: Lilligant
|-supereffective|p1a: Lilligant
|-damage|p1a: Lilligant|0 fnt
|-heal|p2a: Cancer|100/100|[from] drain|[of] p1a: Lilligant
|faint|p1a: Lilligant
|
|win|nugberto
|raw|jack3777's rating: 1081 &rarr; <strong>1058</strong><br />(-23 for losing)
|raw|nugberto's rating: 1067 &rarr; <strong>1098</strong><br />(+31 for winning)
|l|☆jack3777
|player|p1|
|l|☆nugberto
|player|p2|
