|j|☆Donerio
|j|‽qrzo
|t:|1779804604
|gametype|singles
|player|p1|Donerio|2|1232
|player|p2|qrzo|guzma|1282
|gen|9
|tier|[Gen 9] OU
|rated|
|rule|HP Percentage Mod: HP is shown in percentages
|rule|Endless Battle Clause: Forcing endless battles is banned
|rule|Species Clause: Limit one of each Pokémon
|rule|OHKO Clause: OHKO moves are banned
|rule|Evasion Items Clause: Evasion items are banned
|rule|Evasion Moves Clause: Evasion moves are banned
|rule|Evasion Abilities Clause: Evasion abilities are banned
|rule|Sleep Moves Clause: Sleep-inducing moves are banned
|clearpoke
|poke|p1|Kingambit, M|
|poke|p1|Gliscor, M|
|poke|p1|Clefable, F|
|poke|p1|Ceruledge, M|
|poke|p1|Walking Wake|
|poke|p1|Serperior, M|
|poke|p2|Honchkrow, F|
|poke|p2|Ribombee, M|
|poke|p2|Gholdengo|
|poke|p2|Okidogi, M|
|poke|p2|Kyurem|
|poke|p2|Great Tusk|
|teampreview
|c|☆Donerio|naaaah two legendaries
|c|☆Donerio|pls bro
|
|t:|1779804635
|teamsize|p1|6
|teamsize|p2|6
|start
|switch|p1a: weird old Suicune|Walking Wake|100/100
|switch|p2a: Okidogi|Okidogi, M|100/100
|turn|1
|
|t:|1779804645
|move|p1a: weird old Suicune|Sunny Day|p1a: weird old Suicune
|-weather|SunnyDay
|-activate|p1a: weird old Suicune|ability: Protosynthesis
|-start|p1a: weird old Suicune|protosynthesisspa
|move|p2a: Okidogi|Knock Off|p1a: weird old Suicune
|-damage|p1a: weird old Suicune|63/100
|-status|p1a: weird old Suicune|tox|[from] ability: Toxic Chain|[of] p2a: Okidogi
|-enditem|p1a: weird old Suicune|Heat Rock|[from] move: Knock Off|[of] p2a: Okidogi
|
|-weather|SunnyDay|[upkeep]
|-damage|p1a: weird old Suicune|57/100 tox|[from] psn
|upkeep
|turn|2
|
|t:|1779804655
|move|p1a: weird old Suicune|Hydro Steam|p2a: Okidogi
|-damage|p2a: Okidogi|43/100
|move|p2a: Okidogi|Gunk Shot|p1a: weird old Suicune
|-damage|p1a: weird old Suicune|0 fnt
|faint|p1a: weird old Suicune
|-end|p1a: weird old Suicune|Protosynthesis|[silent]
|
|-weather|SunnyDay|[upkeep]
|upkeep
|
|t:|1779804666
|switch|p1a: drug addict|Gliscor, M|100/100
|turn|3
|
|t:|1779804671
|move|p1a: drug addict|Earthquake|p2a: Okidogi
|-supereffective|p2a: Okidogi
|-damage|p2a: Okidogi|0 fnt
|faint|p2a: Okidogi
|
|-weather|SunnyDay|[upkeep]
|-status|p1a: drug addict|tox|[from] item: Toxic Orb
|upkeep
|
|t:|1779804674
|switch|p2a: Kyurem|Kyurem|100/100
|-ability|p2a: Kyurem|Pressure
|turn|4
|
|t:|1779804683
|switch|p1a: skibidi healer|Clefable, F|100/100
|move|p2a: Kyurem|Icicle Spear|p1a: skibidi healer
|-damage|p1a: skibidi healer|88/100
|-damage|p1a: skibidi healer|78/100
|-damage|p1a: skibidi healer|66/100
|-hitcount|p1a: skibidi healer|3
|
|-weather|SunnyDay|[upkeep]
|-heal|p1a: skibidi healer|72/100|[from] item: Leftovers
|upkeep
|turn|5
|
|t:|1779804693
|switch|p2a: Gholdengo|Gholdengo|100/100
|-item|p2a: Gholdengo|Air Balloon
|move|p1a: skibidi healer|Thunder Wave|p2a: Gholdengo
|-immune|p2a: Gholdengo|[from] ability: Good as Gold
|
|-weather|SunnyDay|[upkeep]
|-heal|p1a: skibidi healer|78/100|[from] item: Leftovers
|upkeep
|turn|6
|
|t:|1779804705
|switch|p1a: tuff ahh swordman|Ceruledge, M|100/100
|move|p2a: Gholdengo|Nasty Plot|p2a: Gholdengo
|-boost|p2a: Gholdengo|spa|2
|
|-weather|SunnyDay|[upkeep]
|upkeep
|turn|7
|
|t:|1779804712
|move|p1a: tuff ahh swordman|Swords Dance|p1a: tuff ahh swordman
|-boost|p1a: tuff ahh swordman|atk|2
|move|p2a: Gholdengo|Shadow Ball|p1a: tuff ahh swordman
|-supereffective|p1a: tuff ahh swordman
|-enditem|p1a: tuff ahh swordman|Focus Sash
|-damage|p1a: tuff ahh swordman|1/100
|
|-weather|SunnyDay|[upkeep]
|upkeep
|turn|8
|
|t:|1779804720
|-terastallize|p2a: Gholdengo|Fairy
|move|p1a: tuff ahh swordman|Bitter Blade|p2a: Gholdengo
|-damage|p2a: Gholdengo|0 fnt
|-heal|p1a: tuff ahh swordman|55/100|[from] drain|[of] p2a: Gholdengo
|-enditem|p2a: Gholdengo|Air Balloon
|faint|p2a: Gholdengo
|
|-weather|none
|upkeep
|
|t:|1779804725
|switch|p2a: Honchkrow|Honchkrow, F|100/100
|turn|9
|
|t:|1779804734
|move|p2a: Honchkrow|Sucker Punch|p1a: tuff ahh swordman
|-supereffective|p1a: tuff ahh swordman
|-damage|p1a: tuff ahh swordman|0 fnt
|faint|p1a: tuff ahh swordman
|-ability|p2a: Honchkrow|Moxie|boost
|-boost|p2a: Honchkrow|atk|1
|
|upkeep
|
|t:|1779804740
|switch|p1a: skibidi healer|Clefable, F|78/100
|turn|10
|
|t:|1779804743
|move|p2a: Honchkrow|Brave Bird|p1a: skibidi healer
|-damage|p1a: skibidi healer|1/100
|-damage|p2a: Honchkrow|71/100|[from] Recoil
|move|p1a: skibidi healer|Moonblast|p2a: Honchkrow
|-supereffective|p2a: Honchkrow
|-damage|p2a: Honchkrow|0 fnt
|faint|p2a: Honchkrow
|
|-heal|p1a: skibidi healer|7/100|[from] item: Leftovers
|upkeep
|
|t:|1779804753
|switch|p2a: Ribombee|Ribombee, M|100/100
|turn|11
|
|t:|1779804757
|move|p2a: Ribombee|Sticky Web|p1a: skibidi healer
|-sidestart|p1: Donerio|move: Sticky Web
|move|p1a: skibidi healer|Moonlight|p1a: skibidi healer
|-heal|p1a: skibidi healer|57/100
|
|-heal|p1a: skibidi healer|63/100|[from] item: Leftovers
|upkeep
|turn|12
|
|t:|1779804765
|move|p2a: Ribombee|Psychic Noise|p1a: skibidi healer
|-damage|p1a: skibidi healer|43/100
|-start|p1a: skibidi healer|move: Heal Block
|move|p1a: skibidi healer|Thunder Wave|p2a: Ribombee
|-status|p2a: Ribombee|par
|
|upkeep
|turn|13
|
|t:|1779804775
|move|p2a: Ribombee|Stun Spore|p1a: skibidi healer
|-status|p1a: skibidi healer|par
|move|p1a: skibidi healer|Stealth Rock|p2a: Ribombee
|-sidestart|p2: qrzo|move: Stealth Rock
|
|-end|p1a: skibidi healer|move: Heal Block
|upkeep
|turn|14
|
|t:|1779804781
|switch|p2a: Great Tusk|Great Tusk|100/100
|-damage|p2a: Great Tusk|98/100|[from] Stealth Rock
|move|p1a: skibidi healer|Moonlight|p1a: skibidi healer
|-heal|p1a: skibidi healer|93/100 par
|
|-heal|p1a: skibidi healer|99/100 par|[from] item: Leftovers
|upkeep
|turn|15
|
|t:|1779804789
|move|p2a: Great Tusk|Headlong Rush|p1a: skibidi healer
|-damage|p1a: skibidi healer|47/100 par
|-unboost|p2a: Great Tusk|def|1
|-unboost|p2a: Great Tusk|spd|1
|move|p1a: skibidi healer|Moonblast|p2a: Great Tusk
|-supereffective|p2a: Great Tusk
|-damage|p2a: Great Tusk|0 fnt
|faint|p2a: Great Tusk
|-end|p2a: Great Tusk|Protosynthesis|[silent]
|
|-heal|p1a: skibidi healer|54/100 par|[from] item: Leftovers
|upkeep
|
|t:|1779804792
|switch|p2a: Kyurem|Kyurem|100/100
|-damage|p2a: Kyurem|76/100|[from] Stealth Rock
|-ability|p2a: Kyurem|Pressure
|turn|16
|
|t:|1779804802
|move|p2a: Kyurem|Dragon Dance|p2a: Kyurem
|-boost|p2a: Kyurem|atk|1
|-boost|p2a: Kyurem|spe|1
|move|p1a: skibidi healer|Moonblast|p2a: Kyurem
|-supereffective|p2a: Kyurem
|-damage|p2a: Kyurem|19/100
|
|-heal|p1a: skibidi healer|60/100 par|[from] item: Leftovers
|upkeep
|turn|17
|
|t:|1779804812
|move|p2a: Kyurem|Icicle Spear|p1a: skibidi healer
|-damage|p1a: skibidi healer|42/100 par
|-damage|p1a: skibidi healer|26/100 par
|-hitcount|p1a: skibidi healer|2
|move|p1a: skibidi healer|Moonblast|p2a: Kyurem
|-supereffective|p2a: Kyurem
|-damage|p2a: Kyurem|0 fnt
|faint|p2a: Kyurem
|
|-heal|p1a: skibidi healer|32/100 par|[from] item: Leftovers
|upkeep
|
|t:|1779804815
|switch|p2a: Ribombee|Ribombee, M|100/100 par
|-damage|p2a: Ribombee|76/100 par|[from] Stealth Rock
|turn|18
|c|☆Donerio|skill>legendaries
|
|t:|1779804833
|cant|p2a: Ribombee|par
|cant|p1a: skibidi healer|par
|
|-heal|p1a: skibidi healer|38/100 par|[from] item: Leftovers
|upkeep
|turn|19
|
|t:|1779804838
|cant|p2a: Ribombee|par
|move|p1a: skibidi healer|Moonlight|p1a: skibidi healer
|-heal|p1a: skibidi healer|88/100 par
|
|-heal|p1a: skibidi healer|94/100 par|[from] item: Leftovers
|upkeep
|turn|20
|
|t:|1779804845
|move|p2a: Ribombee|Psychic Noise|p1a: skibidi healer
|-damage|p1a: skibidi healer|73/100 par
|-start|p1a: skibidi healer|move: Heal Block
|move|p1a: skibidi healer|Moonblast|p2a: Ribombee
|-damage|p2a: Ribombee|18/100 par
|
|upkeep
|turn|21
|
|t:|1779804857
|move|p2a: Ribombee|Psychic Noise|p1a: skibidi healer
|-damage|p1a: skibidi healer|53/100 par
|move|p1a: skibidi healer|Moonblast|p2a: Ribombee
|-damage|p2a: Ribombee|0 fnt
|faint|p2a: Ribombee
|
|win|Donerio
|raw|Donerio's rating: 1232 &rarr; <strong>1261</strong><br />(+29 for winning)
|raw|qrzo's rating: 1282 &rarr; <strong>1253</strong><br />(-29 for losing)
|l|‽qrzo
|player|p2|
|c|☆Donerio|gg
|l|☆Donerio
|player|p1|
