|j|☆LT02
|j|☆ikthoizzykil
|t:|1779966223
|gametype|singles
|player|p1|LT02|266|1374
|player|p2|ikthoizzykil|pokemaniac-gen3rs|1418
|gen|9
|tier|[Gen 9] OU
|rated|
|rule|HP Percentage Mod: HP is shown in percentages
|rule|Endless Battle Clause: Forcing endless battles is banned
|rule|Species Clause: Limit one of each Pokémon
|rule|OHKO Clause: OHKO moves are banned
|rule|Evasion Items Clause: Evasion items are banned
|rule|Evasion Moves Clause: Evasion moves are banned
|rule|Evasion Abilities Clause: Evasion abilities are banned
|rule|Sleep Moves Clause: Sleep-inducing moves are banned
|clearpoke
|poke|p1|Porygon-Z|
|poke|p1|Zapdos|
|poke|p1|Slowking-Galar, F|
|poke|p1|Ting-Lu|
|poke|p1|Great Tusk|
|poke|p1|Corviknight, M|
|poke|p2|Rillaboom, F|
|poke|p2|Braviary, M|
|poke|p2|Great Tusk|
|poke|p2|Darkrai|
|poke|p2|Primarina, M|
|poke|p2|Dragonite, M|
|teampreview
|inactive|Battle timer is ON: inactive players will automatically lose when time's up. (requested by ikthoizzykil)
|inactive|LT02 also wants the timer to be on.
|
|t:|1779966252
|teamsize|p1|6
|teamsize|p2|6
|start
|switch|p1a: Porygon-Z|Porygon-Z|100/100
|switch|p2a: Great Tusk|Great Tusk|100/100
|-ability|p1a: Porygon-Z|Download|boost
|-boost|p1a: Porygon-Z|spa|1
|turn|1
|
|t:|1779966263
|-end|p2a: Great Tusk|Protosynthesis|[silent]
|switch|p2a: Primarina|Primarina, M|100/100
|move|p1a: Porygon-Z|Tri Attack|p2a: Primarina
|-damage|p2a: Primarina|19/100
|
|-heal|p2a: Primarina|25/100|[from] item: Leftovers
|upkeep
|turn|2
|
|t:|1779966276
|-terastallize|p2a: Primarina|Ghost
|move|p1a: Porygon-Z|Tri Attack|p2a: Primarina
|-immune|p2a: Primarina
|move|p2a: Primarina|Calm Mind|p2a: Primarina
|-boost|p2a: Primarina|spa|1
|-boost|p2a: Primarina|spd|1
|
|-heal|p2a: Primarina|31/100|[from] item: Leftovers
|upkeep
|turn|3
|
|t:|1779966284
|switch|p1a: Slowking|Slowking-Galar, F|100/100
|move|p2a: Primarina|Substitute|p2a: Primarina
|-start|p2a: Primarina|Substitute
|-damage|p2a: Primarina|7/100
|
|-heal|p2a: Primarina|13/100|[from] item: Leftovers
|upkeep
|turn|4
|
|t:|1779966291
|move|p2a: Primarina|Calm Mind|p2a: Primarina
|-boost|p2a: Primarina|spa|1
|-boost|p2a: Primarina|spd|1
|move|p1a: Slowking|Future Sight|p2a: Primarina
|-start|p1a: Slowking|move: Future Sight
|
|-heal|p2a: Primarina|19/100|[from] item: Leftovers
|upkeep
|turn|5
|
|t:|1779966299
|move|p2a: Primarina|Psychic Noise|p1a: Slowking
|-damage|p1a: Slowking|64/100
|-prepare|p1a: Slowking|Chilly Reception|[premajor]
|move|p1a: Slowking|Chilly Reception|p1a: Slowking
|-weather|Snowscape
|
|t:|1779966308
|switch|p1a: Zapdos|Zapdos|100/100|[from] Chilly Reception
|
|-weather|Snowscape|[upkeep]
|-heal|p2a: Primarina|25/100|[from] item: Leftovers
|upkeep
|turn|6
|
|t:|1779966313
|move|p1a: Zapdos|Volt Switch|p2a: Primarina
|-activate|p2a: Primarina|move: Substitute|[damage]
|
|t:|1779966316
|switch|p1a: Slowking|Slowking-Galar, F|97/100|[from] Volt Switch
|move|p2a: Primarina|Draining Kiss|p1a: Slowking
|-resisted|p1a: Slowking
|-damage|p1a: Slowking|84/100
|-heal|p2a: Primarina|35/100|[from] drain|[of] p1a: Slowking
|
|-weather|Snowscape|[upkeep]
|-end|p2a: Primarina|move: Future Sight
|-end|p2a: Primarina|Substitute
|-heal|p2a: Primarina|41/100|[from] item: Leftovers
|upkeep
|turn|7
|
|t:|1779966329
|move|p2a: Primarina|Calm Mind|p2a: Primarina
|-boost|p2a: Primarina|spa|1
|-boost|p2a: Primarina|spd|1
|move|p1a: Slowking|Future Sight|p2a: Primarina
|-start|p1a: Slowking|move: Future Sight
|
|-weather|Snowscape|[upkeep]
|-heal|p2a: Primarina|47/100|[from] item: Leftovers
|upkeep
|turn|8
|
|t:|1779966334
|move|p2a: Primarina|Substitute|p2a: Primarina
|-start|p2a: Primarina|Substitute
|-damage|p2a: Primarina|23/100
|move|p1a: Slowking|Thunder Wave||[still]
|-fail|p1a: Slowking
|
|-weather|Snowscape|[upkeep]
|-heal|p2a: Primarina|29/100|[from] item: Leftovers
|upkeep
|turn|9
|
|t:|1779966341
|move|p2a: Primarina|Draining Kiss|p1a: Slowking
|-resisted|p1a: Slowking
|-damage|p1a: Slowking|67/100
|-heal|p2a: Primarina|43/100|[from] drain|[of] p1a: Slowking
|-prepare|p1a: Slowking|Chilly Reception|[premajor]
|move|p1a: Slowking|Chilly Reception|p1a: Slowking
|
|t:|1779966344
|switch|p1a: Porygon-Z|Porygon-Z|100/100|[from] Chilly Reception
|-ability|p1a: Porygon-Z|Download|boost
|-boost|p1a: Porygon-Z|atk|1
|
|-weather|none
|-end|p2a: Primarina|move: Future Sight
|-activate|p2a: Primarina|move: Substitute|[damage]
|-heal|p2a: Primarina|49/100|[from] item: Leftovers
|upkeep
|turn|10
|
|t:|1779966354
|move|p1a: Porygon-Z|Shadow Ball|p2a: Primarina
|-supereffective|p2a: Primarina
|-end|p2a: Primarina|Substitute
|move|p2a: Primarina|Draining Kiss|p1a: Porygon-Z
|-damage|p1a: Porygon-Z|20/100
|-heal|p2a: Primarina|100/100|[from] drain|[of] p1a: Porygon-Z
|
|upkeep
|turn|11
|
|t:|1779966363
|switch|p2a: Braviary|Braviary, M|100/100
|move|p1a: Porygon-Z|Shadow Ball|p2a: Braviary
|-immune|p2a: Braviary
|
|upkeep
|turn|12
|
|t:|1779966371
|switch|p1a: Zapdos|Zapdos|100/100
|move|p2a: Braviary|Rock Slide|p1a: Zapdos
|-supereffective|p1a: Zapdos
|-damage|p1a: Zapdos|49/100
|
|-heal|p1a: Zapdos|55/100|[from] item: Leftovers
|upkeep
|turn|13
|
|t:|1779966384
|switch|p1a: Great Tusk|Great Tusk|100/100
|move|p2a: Braviary|Rock Slide|p1a: Great Tusk
|-resisted|p1a: Great Tusk
|-damage|p1a: Great Tusk|95/100
|
|upkeep
|turn|14
|
|t:|1779966393
|move|p1a: Great Tusk|Knock Off|p2a: Braviary
|-damage|p2a: Braviary|68/100
|-enditem|p2a: Braviary|Life Orb|[from] move: Knock Off|[of] p1a: Great Tusk
|move|p2a: Braviary|Bulk Up|p2a: Braviary
|-boost|p2a: Braviary|atk|1
|-boost|p2a: Braviary|def|1
|
|upkeep
|turn|15
|
|t:|1779966399
|-end|p1a: Great Tusk|Protosynthesis|[silent]
|switch|p1a: Corviknight|Corviknight, M|100/100
|-ability|p1a: Corviknight|Pressure
|move|p2a: Braviary|Roost|p2a: Braviary
|-heal|p2a: Braviary|100/100
|-singleturn|p2a: Braviary|move: Roost
|
|upkeep
|turn|16
|
|t:|1779966407
|move|p2a: Braviary|Bulk Up|p2a: Braviary
|-boost|p2a: Braviary|atk|1
|-boost|p2a: Braviary|def|1
|move|p1a: Corviknight|U-turn|p2a: Braviary
|-resisted|p2a: Braviary
|-damage|p2a: Braviary|97/100
|
|t:|1779966412
|switch|p1a: Porygon-Z|Porygon-Z|20/100|[from] U-turn
|-ability|p1a: Porygon-Z|Download|boost
|-boost|p1a: Porygon-Z|spa|1
|
|upkeep
|turn|17
|
|t:|1779966424
|move|p1a: Porygon-Z|Ice Beam|p2a: Braviary
|-supereffective|p2a: Braviary
|-crit|p2a: Braviary
|-damage|p2a: Braviary|0 fnt
|faint|p2a: Braviary
|
|upkeep
|
|t:|1779966429
|switch|p2a: Rillaboom|Rillaboom, F|100/100
|-fieldstart|move: Grassy Terrain|[from] ability: Grassy Surge|[of] p2a: Rillaboom
|turn|18
|
|t:|1779966434
|switch|p1a: Zapdos|Zapdos|55/100
|move|p2a: Rillaboom|Knock Off|p1a: Zapdos
|-damage|p1a: Zapdos|18/100
|-enditem|p1a: Zapdos|Leftovers|[from] move: Knock Off|[of] p2a: Rillaboom
|
|upkeep
|turn|19
|
|t:|1779966440
|move|p1a: Zapdos|Roost|p1a: Zapdos
|-heal|p1a: Zapdos|68/100
|-singleturn|p1a: Zapdos|move: Roost
|move|p2a: Rillaboom|Knock Off|p1a: Zapdos
|-damage|p1a: Zapdos|44/100
|-status|p2a: Rillaboom|par|[from] ability: Static|[of] p1a: Zapdos
|
|-heal|p1a: Zapdos|50/100|[from] Grassy Terrain
|upkeep
|turn|20
|
|t:|1779966450
|switch|p2a: Dragonite|Dragonite, M|100/100
|move|p1a: Zapdos|Hurricane|p2a: Dragonite
|-damage|p2a: Dragonite|76/100
|
|upkeep
|turn|21
|
|t:|1779966455
|move|p2a: Dragonite|Scale Shot|p1a: Zapdos
|-damage|p1a: Zapdos|40/100
|-damage|p1a: Zapdos|31/100
|-damage|p1a: Zapdos|22/100
|-damage|p1a: Zapdos|11/100
|-hitcount|p1a: Zapdos|4
|-unboost|p2a: Dragonite|def|1
|-boost|p2a: Dragonite|spe|1
|move|p1a: Zapdos|Thunder Wave|p2a: Dragonite
|-status|p2a: Dragonite|par
|
|upkeep
|turn|22
|
|t:|1779966466
|switch|p1a: Great Tusk|Great Tusk|95/100
|move|p2a: Dragonite|Scale Shot|p1a: Great Tusk
|-damage|p1a: Great Tusk|86/100
|-damage|p1a: Great Tusk|77/100
|-damage|p1a: Great Tusk|67/100
|-damage|p1a: Great Tusk|58/100
|-damage|p1a: Great Tusk|49/100
|-hitcount|p1a: Great Tusk|5
|-unboost|p2a: Dragonite|def|1
|-boost|p2a: Dragonite|spe|1
|
|-heal|p1a: Great Tusk|55/100|[from] Grassy Terrain
|-fieldend|move: Grassy Terrain
|upkeep
|turn|23
|
|t:|1779966480
|move|p1a: Great Tusk|Ice Spinner|p2a: Dragonite
|-supereffective|p2a: Dragonite
|-damage|p2a: Dragonite|0 fnt
|faint|p2a: Dragonite
|
|upkeep
|
|t:|1779966495
|switch|p2a: Primarina|Primarina, M, tera:Ghost|100/100
|turn|24
|
|t:|1779966507
|switch|p2a: Darkrai|Darkrai|100/100
|move|p1a: Great Tusk|Ice Spinner|p2a: Darkrai
|-damage|p2a: Darkrai|74/100
|
|-heal|p2a: Darkrai|80/100|[from] item: Leftovers
|upkeep
|turn|25
|
|t:|1779966514
|-end|p1a: Great Tusk|Protosynthesis|[silent]
|switch|p1a: Ting-Lu|Ting-Lu|100/100
|-ability|p1a: Ting-Lu|Vessel of Ruin
|move|p2a: Darkrai|Will-O-Wisp|p1a: Ting-Lu
|-status|p1a: Ting-Lu|brn
|
|-heal|p2a: Darkrai|86/100|[from] item: Leftovers
|-damage|p1a: Ting-Lu|94/100 brn|[from] brn
|upkeep
|turn|26
|
|t:|1779966523
|move|p2a: Darkrai|Nasty Plot|p2a: Darkrai
|-boost|p2a: Darkrai|spa|2
|move|p1a: Ting-Lu|Ruination|p2a: Darkrai
|-damage|p2a: Darkrai|43/100
|
|-heal|p2a: Darkrai|49/100|[from] item: Leftovers
|-heal|p1a: Ting-Lu|100/100 brn|[from] item: Leftovers
|-damage|p1a: Ting-Lu|94/100 brn|[from] brn
|upkeep
|turn|27
|
|t:|1779966532
|move|p2a: Darkrai|Nasty Plot|p2a: Darkrai
|-boost|p2a: Darkrai|spa|2
|move|p1a: Ting-Lu|Whirlwind|p2a: Darkrai
|drag|p2a: Great Tusk|Great Tusk|100/100
|
|-heal|p1a: Ting-Lu|100/100 brn|[from] item: Leftovers
|-damage|p1a: Ting-Lu|94/100 brn|[from] brn
|upkeep
|turn|28
|
|t:|1779966540
|switch|p1a: Corviknight|Corviknight, M|100/100
|-ability|p1a: Corviknight|Pressure
|move|p2a: Great Tusk|Stealth Rock|p1a: Corviknight
|-sidestart|p1: LT02|move: Stealth Rock
|
|upkeep
|turn|29
|
|t:|1779966547
|-end|p2a: Great Tusk|Protosynthesis|[silent]
|switch|p2a: Primarina|Primarina, M, tera:Ghost|100/100
|move|p1a: Corviknight|Defog|p2a: Primarina
|-unboost|p2a: Primarina|evasion|1
|-sideend|p1: LT02|Stealth Rock|[from] move: Defog|[of] p1a: Corviknight
|
|upkeep
|turn|30
|
|t:|1779966554
|move|p1a: Corviknight|Brave Bird|p2a: Primarina
|-damage|p2a: Primarina|70/100
|-damage|p1a: Corviknight|91/100|[from] Recoil
|move|p2a: Primarina|Substitute|p2a: Primarina
|-start|p2a: Primarina|Substitute
|-damage|p2a: Primarina|46/100
|
|-heal|p2a: Primarina|52/100|[from] item: Leftovers
|upkeep
|turn|31
|
|t:|1779966562
|move|p1a: Corviknight|Brave Bird|p2a: Primarina
|-end|p2a: Primarina|Substitute
|-damage|p1a: Corviknight|84/100|[from] Recoil|[of] p2a: Primarina
|move|p2a: Primarina|Calm Mind|p2a: Primarina
|-boost|p2a: Primarina|spa|1
|-boost|p2a: Primarina|spd|1
|
|-heal|p2a: Primarina|58/100|[from] item: Leftovers
|upkeep
|turn|32
|
|t:|1779966569
|move|p1a: Corviknight|Brave Bird|p2a: Primarina
|-damage|p2a: Primarina|25/100
|-damage|p1a: Corviknight|74/100|[from] Recoil
|move|p2a: Primarina|Psychic Noise|p1a: Corviknight
|-damage|p1a: Corviknight|23/100
|-start|p1a: Corviknight|move: Heal Block
|
|-heal|p2a: Primarina|31/100|[from] item: Leftovers
|upkeep
|turn|33
|
|t:|1779966579
|move|p1a: Corviknight|U-turn|p2a: Primarina
|-resisted|p2a: Primarina
|-damage|p2a: Primarina|24/100
|
|t:|1779966583
|switch|p1a: Slowking|Slowking-Galar, F|99/100|[from] U-turn
|move|p2a: Primarina|Psychic Noise|p1a: Slowking
|-damage|p1a: Slowking|71/100
|
|-heal|p2a: Primarina|31/100|[from] item: Leftovers
|upkeep
|turn|34
|
|t:|1779966591
|move|p2a: Primarina|Substitute|p2a: Primarina
|-start|p2a: Primarina|Substitute
|-damage|p2a: Primarina|6/100
|move|p1a: Slowking|Future Sight|p2a: Primarina
|-start|p1a: Slowking|move: Future Sight
|
|-heal|p2a: Primarina|12/100|[from] item: Leftovers
|upkeep
|turn|35
|
|t:|1779966596
|move|p2a: Primarina|Calm Mind|p2a: Primarina
|-boost|p2a: Primarina|spa|1
|-boost|p2a: Primarina|spd|1
|-prepare|p1a: Slowking|Chilly Reception|[premajor]
|move|p1a: Slowking|Chilly Reception|p1a: Slowking
|-weather|Snowscape
|
|t:|1779966600
|switch|p1a: Corviknight|Corviknight, M|23/100|[from] Chilly Reception
|-ability|p1a: Corviknight|Pressure
|
|-weather|Snowscape|[upkeep]
|-heal|p2a: Primarina|18/100|[from] item: Leftovers
|upkeep
|turn|36
|
|t:|1779966607
|move|p1a: Corviknight|U-turn|p2a: Primarina
|-resisted|p2a: Primarina
|-activate|p2a: Primarina|move: Substitute|[damage]
|
|t:|1779966612
|switch|p1a: Slowking|Slowking-Galar, F|100/100|[from] U-turn
|move|p2a: Primarina|Psychic Noise|p1a: Slowking
|-damage|p1a: Slowking|64/100
|
|-weather|Snowscape|[upkeep]
|-end|p2a: Primarina|move: Future Sight
|-end|p2a: Primarina|Substitute
|-heal|p2a: Primarina|24/100|[from] item: Leftovers
|upkeep
|turn|37
|
|t:|1779966623
|switch|p2a: Great Tusk|Great Tusk|100/100
|move|p1a: Slowking|Thunder Wave|p2a: Great Tusk
|-immune|p2a: Great Tusk
|
|-weather|Snowscape|[upkeep]
|upkeep
|turn|38
|
|t:|1779966632
|switch|p1a: Corviknight|Corviknight, M|23/100
|-ability|p1a: Corviknight|Pressure
|move|p2a: Great Tusk|Ice Spinner|p1a: Corviknight
|-damage|p1a: Corviknight|5/100
|-damage|p2a: Great Tusk|84/100|[from] item: Rocky Helmet|[of] p1a: Corviknight
|
|-weather|Snowscape|[upkeep]
|upkeep
|turn|39
|
|t:|1779966640
|switch|p1a: Ting-Lu|Ting-Lu|94/100 brn
|-ability|p1a: Ting-Lu|Vessel of Ruin
|move|p2a: Great Tusk|Ice Spinner|p1a: Ting-Lu
|-supereffective|p1a: Ting-Lu
|-damage|p1a: Ting-Lu|62/100 brn
|
|-weather|none
|-heal|p1a: Ting-Lu|69/100 brn|[from] item: Leftovers
|-damage|p1a: Ting-Lu|62/100 brn|[from] brn
|upkeep
|turn|40
|
|t:|1779966650
|move|p2a: Great Tusk|Stealth Rock|p1a: Ting-Lu
|-sidestart|p1: LT02|move: Stealth Rock
|move|p1a: Ting-Lu|Ruination|p2a: Great Tusk
|-damage|p2a: Great Tusk|42/100
|
|-heal|p1a: Ting-Lu|69/100 brn|[from] item: Leftovers
|-damage|p1a: Ting-Lu|62/100 brn|[from] brn
|upkeep
|turn|41
|
|t:|1779966657
|switch|p1a: Great Tusk|Great Tusk|55/100
|-damage|p1a: Great Tusk|52/100|[from] Stealth Rock
|move|p2a: Great Tusk|Ice Spinner|p1a: Great Tusk
|-supereffective|p1a: Great Tusk
|-damage|p1a: Great Tusk|13/100
|
|upkeep
|turn|42
|
|t:|1779966665
|move|p1a: Great Tusk|Ice Spinner|p2a: Great Tusk
|-supereffective|p2a: Great Tusk
|-damage|p2a: Great Tusk|5/100
|move|p2a: Great Tusk|Ice Spinner|p1a: Great Tusk
|-supereffective|p1a: Great Tusk
|-damage|p1a: Great Tusk|0 fnt
|faint|p1a: Great Tusk
|-end|p1a: Great Tusk|Protosynthesis|[silent]
|
|upkeep
|
|t:|1779966673
|switch|p1a: Porygon-Z|Porygon-Z|20/100
|-damage|p1a: Porygon-Z|7/100|[from] Stealth Rock
|-ability|p1a: Porygon-Z|Download|boost
|-boost|p1a: Porygon-Z|spa|1
|turn|43
|
|t:|1779966681
|move|p1a: Porygon-Z|Ice Beam|p2a: Great Tusk
|-supereffective|p2a: Great Tusk
|-damage|p2a: Great Tusk|0 fnt
|faint|p2a: Great Tusk
|-end|p2a: Great Tusk|Protosynthesis|[silent]
|
|upkeep
|
|t:|1779966686
|switch|p2a: Rillaboom|Rillaboom, F|100/100 par
|-fieldstart|move: Grassy Terrain|[from] ability: Grassy Surge|[of] p2a: Rillaboom
|turn|44
|
|t:|1779966689
|switch|p1a: Slowking|Slowking-Galar, F|98/100
|-damage|p1a: Slowking|85/100|[from] Stealth Rock
|move|p2a: Rillaboom|Grassy Glide|p1a: Slowking
|-resisted|p1a: Slowking
|-damage|p1a: Slowking|56/100
|
|-heal|p1a: Slowking|62/100|[from] Grassy Terrain
|upkeep
|turn|45
|
|t:|1779966698
|switch|p2a: Darkrai|Darkrai|49/100
|-prepare|p1a: Slowking|Chilly Reception|[premajor]
|move|p1a: Slowking|Chilly Reception|p1a: Slowking
|-weather|Snowscape
|
|t:|1779966703
|switch|p1a: Ting-Lu|Ting-Lu|62/100 brn|[from] Chilly Reception
|-damage|p1a: Ting-Lu|56/100 brn|[from] Stealth Rock
|-ability|p1a: Ting-Lu|Vessel of Ruin
|
|-weather|Snowscape|[upkeep]
|-heal|p2a: Darkrai|56/100|[from] Grassy Terrain
|-heal|p2a: Darkrai|62/100|[from] item: Leftovers
|-heal|p1a: Ting-Lu|62/100 brn|[from] Grassy Terrain
|-heal|p1a: Ting-Lu|69/100 brn|[from] item: Leftovers
|-damage|p1a: Ting-Lu|62/100 brn|[from] brn
|upkeep
|turn|46
|
|t:|1779966715
|switch|p2a: Rillaboom|Rillaboom, F|100/100 par
|move|p1a: Ting-Lu|Whirlwind|p2a: Rillaboom
|drag|p2a: Primarina|Primarina, M, tera:Ghost|24/100
|
|-weather|Snowscape|[upkeep]
|-heal|p2a: Primarina|30/100|[from] Grassy Terrain
|-heal|p2a: Primarina|36/100|[from] item: Leftovers
|-heal|p1a: Ting-Lu|69/100 brn|[from] Grassy Terrain
|-heal|p1a: Ting-Lu|75/100 brn|[from] item: Leftovers
|-damage|p1a: Ting-Lu|69/100 brn|[from] brn
|upkeep
|turn|47
|
|t:|1779966726
|move|p2a: Primarina|Psychic Noise|p1a: Ting-Lu
|-supereffective|p1a: Ting-Lu
|-damage|p1a: Ting-Lu|41/100 brn
|-start|p1a: Ting-Lu|move: Heal Block
|move|p1a: Ting-Lu|Ruination|p2a: Primarina
|-damage|p2a: Primarina|18/100
|
|-weather|Snowscape|[upkeep]
|-heal|p2a: Primarina|24/100|[from] Grassy Terrain
|-heal|p2a: Primarina|31/100|[from] item: Leftovers
|-damage|p1a: Ting-Lu|35/100 brn|[from] brn
|upkeep
|turn|48
|-message|LT02 forfeited.
|
|win|ikthoizzykil
|raw|LT02's rating: 1374 &rarr; <strong>1357</strong><br />(-17 for losing)
|raw|ikthoizzykil's rating: 1418 &rarr; <strong>1435</strong><br />(+17 for winning)
|l|☆LT02
|player|p1|
|l|☆ikthoizzykil
|player|p2|
