|j|☆qiojio
|j|☆elementalbalance
|t:|1779884489
|gametype|singles
|player|p1|qiojio|hilbert|1197
|player|p2|elementalbalance|ghetsis|1163
|gen|9
|tier|[Gen 9] OU
|rated|
|rule|HP Percentage Mod: HP is shown in percentages
|rule|Endless Battle Clause: Forcing endless battles is banned
|rule|Species Clause: Limit one of each Pokémon
|rule|OHKO Clause: OHKO moves are banned
|rule|Evasion Items Clause: Evasion items are banned
|rule|Evasion Moves Clause: Evasion moves are banned
|rule|Evasion Abilities Clause: Evasion abilities are banned
|rule|Sleep Moves Clause: Sleep-inducing moves are banned
|clearpoke
|poke|p1|Meowscarada, M|
|poke|p1|Skarmory, F|
|poke|p1|Gardevoir, F|
|poke|p1|Altaria, M|
|poke|p1|Sableye, F|
|poke|p1|Snorlax, F|
|poke|p2|Scrafty, F|
|poke|p2|Slowbro-Galar, M|
|poke|p2|Maushold-Four|
|poke|p2|Gliscor, F|
|poke|p2|Comfey, F|
|poke|p2|Clodsire, F|
|teampreview
|inactive|Battle timer is ON: inactive players will automatically lose when time's up. (requested by qiojio)
|inactive|elementalbalance has 120 seconds left.
|
|t:|1779884520
|teamsize|p1|6
|teamsize|p2|6
|start
|switch|p1a: Sableye|Sableye, F|100/100
|switch|p2a: Maushold|Maushold-Four|100/100
|turn|1
|
|t:|1779884530
|move|p1a: Sableye|Reflect|p1a: Sableye
|-sidestart|p1: qiojio|Reflect
|move|p2a: Maushold|Encore|p1a: Sableye
|-start|p1a: Sableye|Encore
|
|upkeep
|turn|2
|
|t:|1779884546
|switch|p1a: Skarmory|Skarmory, F|100/100
|move|p2a: Maushold|Tidy Up|p2a: Maushold
|-boost|p2a: Maushold|atk|1
|-boost|p2a: Maushold|spe|1
|
|upkeep
|turn|3
|
|t:|1779884560
|move|p2a: Maushold|Tidy Up|p2a: Maushold
|-boost|p2a: Maushold|atk|1
|-boost|p2a: Maushold|spe|1
|move|p1a: Skarmory|Stealth Rock|p2a: Maushold
|-sidestart|p2: elementalbalance|move: Stealth Rock
|
|upkeep
|turn|4
|
|t:|1779884563
|move|p2a: Maushold|Encore|p1a: Skarmory
|-start|p1a: Skarmory|Encore
|move|p1a: Skarmory|Stealth Rock||[still]
|-fail|p1a: Skarmory
|
|upkeep
|turn|5
|
|t:|1779884571
|switch|p1a: Sableye|Sableye, F|100/100
|move|p2a: Maushold|Tidy Up|p2a: Maushold
|-sideend|p2: elementalbalance|Stealth Rock
|-activate|p2a: Maushold|move: Tidy Up
|-boost|p2a: Maushold|atk|1
|-boost|p2a: Maushold|spe|1
|
|upkeep
|turn|6
|
|t:|1779884592
|move|p1a: Sableye|Encore|p2a: Maushold
|-start|p2a: Maushold|Encore
|move|p2a: Maushold|Tidy Up|p2a: Maushold
|-boost|p2a: Maushold|atk|1
|-boost|p2a: Maushold|spe|1
|
|upkeep
|turn|7
|
|t:|1779884603
|switch|p1a: Gardevoir|Gardevoir, F|100/100
|-ability|p1a: Gardevoir|Technician|Trace|[from] ability: Trace|[of] p2a: Maushold
|move|p2a: Maushold|Tidy Up|p2a: Maushold
|-boost|p2a: Maushold|atk|1
|-boost|p2a: Maushold|spe|1
|
|upkeep
|turn|8
|
|t:|1779884606
|move|p2a: Maushold|Tidy Up|p2a: Maushold
|-boost|p2a: Maushold|atk|1
|-boost|p2a: Maushold|spe|1
|move|p1a: Gardevoir|Aura Sphere|p2a: Maushold
|-supereffective|p2a: Maushold
|-damage|p2a: Maushold|0 fnt
|faint|p2a: Maushold
|
|-sideend|p1: qiojio|Reflect
|upkeep
|
|t:|1779884619
|switch|p2a: Slowbro|Slowbro-Galar, M|100/100
|turn|9
|
|t:|1779884635
|switch|p1a: Snorlax|Snorlax, F|100/100
|move|p2a: Slowbro|Shell Side Arm|p1a: Snorlax|[anim] Shell Side Arm Physical
|-damage|p1a: Snorlax|73/100
|-hint|Physical Shell Side Arm
|
|-heal|p1a: Snorlax|80/100|[from] item: Leftovers
|upkeep
|turn|10
|
|t:|1779884650
|move|p1a: Snorlax|Earthquake|p2a: Slowbro
|-supereffective|p2a: Slowbro
|-damage|p2a: Slowbro|69/100
|move|p2a: Slowbro|Toxic|p1a: Snorlax
|-status|p1a: Snorlax|tox
|
|-heal|p1a: Snorlax|86/100 tox|[from] item: Leftovers
|-damage|p1a: Snorlax|80/100 tox|[from] psn
|upkeep
|turn|11
|inactive|elementalbalance has 120 seconds left.
|
|t:|1779884684
|move|p1a: Snorlax|Earthquake|p2a: Slowbro
|-supereffective|p2a: Slowbro
|-damage|p2a: Slowbro|35/100
|move|p2a: Slowbro|Slack Off|p2a: Slowbro
|-heal|p2a: Slowbro|85/100
|
|-heal|p1a: Snorlax|86/100 tox|[from] item: Leftovers
|-damage|p1a: Snorlax|73/100 tox|[from] psn
|upkeep
|turn|12
|inactive|elementalbalance has 120 seconds left.
|
|t:|1779884702
|move|p1a: Snorlax|Amnesia|p1a: Snorlax
|-boost|p1a: Snorlax|spd|2
|move|p2a: Slowbro|Slack Off|p2a: Slowbro
|-heal|p2a: Slowbro|100/100
|
|-heal|p1a: Snorlax|80/100 tox|[from] item: Leftovers
|-damage|p1a: Snorlax|61/100 tox|[from] psn
|upkeep
|turn|13
|inactive|elementalbalance has 120 seconds left.
|
|t:|1779884708
|move|p1a: Snorlax|Rest|p1a: Snorlax
|-status|p1a: Snorlax|slp|[from] move: Rest
|-heal|p1a: Snorlax|100/100 slp|[silent]
|move|p2a: Slowbro|Shell Side Arm|p1a: Snorlax|[anim] Shell Side Arm Physical
|-damage|p1a: Snorlax|72/100 slp
|-hint|Physical Shell Side Arm
|
|-heal|p1a: Snorlax|78/100 slp|[from] item: Leftovers
|upkeep
|turn|14
|
|t:|1779884713
|cant|p1a: Snorlax|slp
|move|p2a: Slowbro|Shell Side Arm|p1a: Snorlax|[anim] Shell Side Arm Physical
|-damage|p1a: Snorlax|48/100 slp
|-hint|Physical Shell Side Arm
|
|-heal|p1a: Snorlax|54/100 slp|[from] item: Leftovers
|upkeep
|turn|15
|inactive|qiojio has 120 seconds left.
|
|t:|1779884764
|cant|p1a: Snorlax|slp
|move|p2a: Slowbro|Shell Side Arm|p1a: Snorlax|[anim] Shell Side Arm Physical
|-damage|p1a: Snorlax|24/100 slp
|-hint|Physical Shell Side Arm
|
|-heal|p1a: Snorlax|30/100 slp|[from] item: Leftovers
|upkeep
|turn|16
|inactive|elementalbalance has 120 seconds left.
|
|t:|1779884798
|-curestatus|p1a: Snorlax|slp|[msg]
|move|p1a: Snorlax|Rest|p1a: Snorlax
|-status|p1a: Snorlax|slp|[from] move: Rest
|-heal|p1a: Snorlax|100/100 slp|[silent]
|move|p2a: Slowbro|Shell Side Arm|p1a: Snorlax|[anim] Shell Side Arm Physical
|-damage|p1a: Snorlax|73/100 slp
|-hint|Physical Shell Side Arm
|
|-heal|p1a: Snorlax|80/100 slp|[from] item: Leftovers
|upkeep
|turn|17
|
|t:|1779884811
|switch|p1a: Meowscarada|Meowscarada, M|100/100
|move|p2a: Slowbro|Shell Side Arm|p1a: Meowscarada|[anim] Shell Side Arm Special
|-supereffective|p1a: Meowscarada
|-damage|p1a: Meowscarada|10/100
|-hint|Special Shell Side Arm
|
|upkeep
|turn|18
|
|t:|1779884824
|switch|p1a: Altaria|Altaria, M|100/100
|move|p2a: Slowbro|Shell Side Arm|p1a: Altaria|[anim] Shell Side Arm Physical
|-damage|p1a: Altaria|75/100
|-hint|Physical Shell Side Arm
|
|upkeep
|turn|19
|inactive|elementalbalance has 120 seconds left.
|inactive|elementalbalance has 90 seconds left.
|
|t:|1779884874
|switch|p1a: Snorlax|Snorlax, F|80/100 slp
|move|p2a: Slowbro|Shell Side Arm|p1a: Snorlax|[anim] Shell Side Arm Physical
|-damage|p1a: Snorlax|49/100 slp
|-hint|Physical Shell Side Arm
|
|-heal|p1a: Snorlax|55/100 slp|[from] item: Leftovers
|upkeep
|turn|20
|
|t:|1779884882
|switch|p1a: Altaria|Altaria, M|75/100
|move|p2a: Slowbro|Shell Side Arm|p1a: Altaria|[anim] Shell Side Arm Physical
|-damage|p1a: Altaria|48/100
|-hint|Physical Shell Side Arm
|-status|p1a: Altaria|psn
|
|-damage|p1a: Altaria|36/100 psn|[from] psn
|upkeep
|turn|21
|inactive|elementalbalance has 90 seconds left.
|
|t:|1779884896
|move|p1a: Altaria|Rest|p1a: Altaria
|-status|p1a: Altaria|slp|[from] move: Rest
|-heal|p1a: Altaria|100/100 slp|[silent]
|move|p2a: Slowbro|Shell Side Arm|p1a: Altaria|[anim] Shell Side Arm Physical
|-damage|p1a: Altaria|76/100 slp
|-hint|Physical Shell Side Arm
|
|upkeep
|turn|22
|inactive|elementalbalance has 90 seconds left.
|
|t:|1779884906
|cant|p1a: Altaria|slp
|move|p2a: Slowbro|Shell Side Arm|p1a: Altaria|[anim] Shell Side Arm Physical
|-damage|p1a: Altaria|51/100 slp
|-hint|Physical Shell Side Arm
|
|upkeep
|turn|23
|inactive|qiojio has 120 seconds left.
|inactive|elementalbalance has 90 seconds left.
|
|t:|1779884936
|cant|p1a: Altaria|slp
|move|p2a: Slowbro|Shell Side Arm|p1a: Altaria|[anim] Shell Side Arm Special
|-damage|p1a: Altaria|26/100 slp
|-hint|Special Shell Side Arm
|
|upkeep
|turn|24
|
|t:|1779884949
|-curestatus|p1a: Altaria|slp|[msg]
|move|p1a: Altaria|Rest|p1a: Altaria
|-status|p1a: Altaria|slp|[from] move: Rest
|-heal|p1a: Altaria|100/100 slp|[silent]
|move|p2a: Slowbro|Shell Side Arm|p1a: Altaria|[anim] Shell Side Arm Special
|-damage|p1a: Altaria|74/100 slp
|-hint|Special Shell Side Arm
|
|upkeep
|turn|25
|inactive|qiojio has 120 seconds left.
|
|t:|1779884977
|-curestatus|p1a: Altaria|slp|[from] ability: Natural Cure|[silent]
|switch|p1a: Skarmory|Skarmory, F|100/100
|move|p2a: Slowbro|Shell Side Arm|p1a: Skarmory|[anim] Shell Side Arm Special
|-immune|p1a: Skarmory
|
|upkeep
|turn|26
|
|t:|1779884992
|move|p1a: Skarmory|Stealth Rock|p2a: Slowbro
|-sidestart|p2: elementalbalance|move: Stealth Rock
|move|p2a: Slowbro|Flamethrower|p1a: Skarmory
|-supereffective|p1a: Skarmory
|-damage|p1a: Skarmory|41/100
|
|upkeep
|turn|27
|
|t:|1779885015
|switch|p1a: Altaria|Altaria, M|74/100
|move|p2a: Slowbro|Flamethrower|p1a: Altaria
|-resisted|p1a: Altaria
|-damage|p1a: Altaria|65/100
|
|upkeep
|turn|28
|inactive|elementalbalance has 60 seconds left.
|
|t:|1779885056
|switch|p2a: Comfey|Comfey, F|100/100
|-damage|p2a: Comfey|88/100|[from] Stealth Rock
|move|p1a: Altaria|Dragon Claw|p2a: Comfey
|-immune|p2a: Comfey
|
|-heal|p2a: Comfey|94/100|[from] item: Leftovers
|upkeep
|turn|29
|
|t:|1779885073
|switch|p1a: Snorlax|Snorlax, F|55/100 slp
|move|p2a: Comfey|Draining Kiss|p1a: Snorlax
|-damage|p1a: Snorlax|46/100 slp
|-heal|p2a: Comfey|100/100|[from] drain|[of] p1a: Snorlax
|
|-heal|p1a: Snorlax|52/100 slp|[from] item: Leftovers
|upkeep
|turn|30
|
|t:|1779885081
|move|p2a: Comfey|Calm Mind|p2a: Comfey
|-boost|p2a: Comfey|spa|1
|-boost|p2a: Comfey|spd|1
|cant|p1a: Snorlax|slp
|
|-heal|p1a: Snorlax|58/100 slp|[from] item: Leftovers
|upkeep
|turn|31
|
|t:|1779885096
|move|p2a: Comfey|Calm Mind|p2a: Comfey
|-boost|p2a: Comfey|spa|1
|-boost|p2a: Comfey|spd|1
|cant|p1a: Snorlax|slp
|
|-heal|p1a: Snorlax|64/100 slp|[from] item: Leftovers
|upkeep
|turn|32
|
|t:|1779885101
|move|p2a: Comfey|Draining Kiss|p1a: Snorlax
|-damage|p1a: Snorlax|47/100 slp
|-curestatus|p1a: Snorlax|slp|[msg]
|move|p1a: Snorlax|Amnesia|p1a: Snorlax
|-boost|p1a: Snorlax|spd|2
|
|-heal|p1a: Snorlax|53/100|[from] item: Leftovers
|upkeep
|turn|33
|
|t:|1779885126
|switch|p2a: Scrafty|Scrafty, F|100/100
|-damage|p2a: Scrafty|95/100|[from] Stealth Rock
|move|p1a: Snorlax|Rest|p1a: Snorlax
|-status|p1a: Snorlax|slp|[from] move: Rest
|-heal|p1a: Snorlax|100/100 slp|[silent]
|
|upkeep
|turn|34
|
|t:|1779885135
|switch|p1a: Skarmory|Skarmory, F|41/100
|move|p2a: Scrafty|Dragon Dance|p2a: Scrafty
|-boost|p2a: Scrafty|atk|1
|-boost|p2a: Scrafty|spe|1
|
|upkeep
|turn|35
|
|t:|1779885149
|move|p2a: Scrafty|High Jump Kick|p1a: Skarmory
|-damage|p1a: Skarmory|0 fnt
|-damage|p2a: Scrafty|78/100|[from] item: Rocky Helmet|[of] p1a: Skarmory
|faint|p1a: Skarmory
|-ability|p2a: Scrafty|Moxie|boost
|-boost|p2a: Scrafty|atk|1
|
|upkeep
|
|t:|1779885160
|switch|p1a: Sableye|Sableye, F|100/100
|turn|36
|
|t:|1779885168
|move|p1a: Sableye|Reflect|p1a: Sableye
|-sidestart|p1: qiojio|Reflect
|move|p2a: Scrafty|Crunch|p1a: Sableye
|-damage|p1a: Sableye|66/100
|
|upkeep
|turn|37
|inactive|elementalbalance has 60 seconds left.
|inactive|qiojio has 120 seconds left.
|
|t:|1779885197
|switch|p1a: Altaria|Altaria, M|65/100
|move|p2a: Scrafty|Crunch|p1a: Altaria
|-crit|p1a: Altaria
|-damage|p1a: Altaria|0 fnt
|faint|p1a: Altaria
|-ability|p2a: Scrafty|Moxie|boost
|-boost|p2a: Scrafty|atk|1
|
|upkeep
|
|t:|1779885201
|switch|p1a: Meowscarada|Meowscarada, M|10/100
|turn|38
|inactive|qiojio has 120 seconds left.
|
|t:|1779885221
|move|p1a: Meowscarada|Play Rough|p2a: Scrafty
|-start|p1a: Meowscarada|typechange|Fairy|[from] ability: Protean
|-supereffective|p2a: Scrafty
|-damage|p2a: Scrafty|0 fnt
|faint|p2a: Scrafty
|
|upkeep
|
|t:|1779885234
|switch|p2a: Comfey|Comfey, F|100/100
|-damage|p2a: Comfey|88/100|[from] Stealth Rock
|turn|39
|
|t:|1779885240
|switch|p1a: Snorlax|Snorlax, F|100/100 slp
|move|p2a: Comfey|Draining Kiss|p1a: Snorlax
|-damage|p1a: Snorlax|92/100 slp
|-heal|p2a: Comfey|99/100|[from] drain|[of] p1a: Snorlax
|
|-heal|p2a: Comfey|100/100|[from] item: Leftovers
|-heal|p1a: Snorlax|98/100 slp|[from] item: Leftovers
|upkeep
|turn|40
|
|t:|1779885254
|move|p2a: Comfey|Tailwind|p2a: Comfey
|-sidestart|p2: elementalbalance|move: Tailwind
|cant|p1a: Snorlax|slp
|
|-heal|p1a: Snorlax|100/100 slp|[from] item: Leftovers
|upkeep
|turn|41
|
|t:|1779885258
|switch|p2a: Gliscor|Gliscor, F|100/100
|-damage|p2a: Gliscor|88/100|[from] Stealth Rock
|cant|p1a: Snorlax|slp
|
|-status|p2a: Gliscor|tox|[from] item: Toxic Orb
|upkeep
|turn|42
|
|t:|1779885264
|move|p2a: Gliscor|Swords Dance|p2a: Gliscor
|-boost|p2a: Gliscor|atk|2
|-curestatus|p1a: Snorlax|slp|[msg]
|move|p1a: Snorlax|Ice Punch|p2a: Gliscor
|-supereffective|p2a: Gliscor
|-damage|p2a: Gliscor|28/100 tox
|
|-heal|p2a: Gliscor|40/100 tox|[from] ability: Poison Heal
|upkeep
|turn|43
|
|t:|1779885270
|-terastallize|p2a: Gliscor|Normal
|move|p2a: Gliscor|Facade|p1a: Snorlax
|-damage|p1a: Snorlax|57/100
|move|p1a: Snorlax|Ice Punch|p2a: Gliscor
|-damage|p2a: Gliscor|24/100 tox
|
|-heal|p1a: Snorlax|63/100|[from] item: Leftovers
|-heal|p2a: Gliscor|37/100 tox|[from] ability: Poison Heal
|-sideend|p1: qiojio|Reflect
|-sideend|p2: elementalbalance|move: Tailwind
|upkeep
|turn|44
|
|t:|1779885292
|move|p2a: Gliscor|Knock Off|p1a: Snorlax
|-damage|p1a: Snorlax|21/100
|-enditem|p1a: Snorlax|Leftovers|[from] move: Knock Off|[of] p2a: Gliscor
|move|p1a: Snorlax|Earthquake|p2a: Gliscor
|-damage|p2a: Gliscor|17/100 tox
|
|-heal|p2a: Gliscor|29/100 tox|[from] ability: Poison Heal
|upkeep
|turn|45
|
|t:|1779885297
|switch|p1a: Sableye|Sableye, F|66/100
|move|p2a: Gliscor|Knock Off|p1a: Sableye
|-damage|p1a: Sableye|23/100
|-enditem|p1a: Sableye|Light Clay|[from] move: Knock Off|[of] p2a: Gliscor
|
|-heal|p2a: Gliscor|42/100 tox|[from] ability: Poison Heal
|upkeep
|turn|46
|
|t:|1779885312
|move|p1a: Sableye|Light Screen|p1a: Sableye
|-sidestart|p1: qiojio|move: Light Screen
|move|p2a: Gliscor|Knock Off|p1a: Sableye
|-damage|p1a: Sableye|0 fnt
|faint|p1a: Sableye
|
|-heal|p2a: Gliscor|54/100 tox|[from] ability: Poison Heal
|upkeep
|
|t:|1779885318
|switch|p1a: Gardevoir|Gardevoir, F|100/100
|-ability|p1a: Gardevoir|Poison Heal|Trace|[from] ability: Trace|[of] p2a: Gliscor
|turn|47
|
|t:|1779885321
|move|p2a: Gliscor|Protect|p2a: Gliscor
|-singleturn|p2a: Gliscor|Protect
|move|p1a: Gardevoir|Aura Sphere|p2a: Gliscor
|-activate|p2a: Gliscor|move: Protect
|
|-heal|p2a: Gliscor|67/100 tox|[from] ability: Poison Heal
|upkeep
|turn|48
|
|t:|1779885326
|move|p1a: Gardevoir|Aura Sphere|p2a: Gliscor
|-supereffective|p2a: Gliscor
|-damage|p2a: Gliscor|0 fnt
|faint|p2a: Gliscor
|
|upkeep
|
|t:|1779885331
|switch|p2a: Slowbro|Slowbro-Galar, M|100/100
|-damage|p2a: Slowbro|88/100|[from] Stealth Rock
|turn|49
|
|t:|1779885338
|switch|p1a: Snorlax|Snorlax, F|21/100
|move|p2a: Slowbro|Shell Side Arm|p1a: Snorlax|[anim] Shell Side Arm Physical
|-damage|p1a: Snorlax|0 fnt
|-hint|Physical Shell Side Arm
|faint|p1a: Snorlax
|
|upkeep
|
|t:|1779885340
|switch|p1a: Gardevoir|Gardevoir, F|100/100
|-ability|p1a: Gardevoir|Regenerator|Trace|[from] ability: Trace|[of] p2a: Slowbro
|turn|50
|
|t:|1779885360
|move|p1a: Gardevoir|Psychic|p2a: Slowbro
|-damage|p2a: Slowbro|8/100
|move|p2a: Slowbro|Shell Side Arm|p1a: Gardevoir|[anim] Shell Side Arm Physical
|-supereffective|p1a: Gardevoir
|-damage|p1a: Gardevoir|0 fnt
|-hint|Physical Shell Side Arm
|faint|p1a: Gardevoir
|
|-sideend|p1: qiojio|move: Light Screen
|upkeep
|
|t:|1779885363
|switch|p1a: Meowscarada|Meowscarada, M|10/100
|turn|51
|
|t:|1779885369
|-terastallize|p1a: Meowscarada|Grass
|move|p1a: Meowscarada|Flower Trick|p2a: Slowbro
|-resisted|p2a: Slowbro
|-crit|p2a: Slowbro
|-damage|p2a: Slowbro|0 fnt
|faint|p2a: Slowbro
|
|upkeep
|
|t:|1779885373
|switch|p2a: Comfey|Comfey, F|100/100
|-damage|p2a: Comfey|88/100|[from] Stealth Rock
|turn|52
|
|t:|1779885375
|move|p2a: Comfey|Draining Kiss|p1a: Meowscarada
|-damage|p1a: Meowscarada|0 fnt
|-heal|p2a: Comfey|95/100|[from] drain|[of] p1a: Meowscarada
|faint|p1a: Meowscarada
|
|win|elementalbalance
|raw|qiojio's rating: 1197 &rarr; <strong>1166</strong><br />(-31 for losing)
|raw|elementalbalance's rating: 1113 &rarr; <strong>1144</strong><br />(+31 for winning)
|j| Richard Papen
|l| Richard Papen
|l|☆qiojio
|player|p1|
