|j|☆ScolipedeIsGreat
|j|☆spindle pit
|t:|1779943352
|gametype|singles
|player|p1|ScolipedeIsGreat|dragontamer|1322
|player|p2|spindle pit|ethan|1306
|gen|9
|tier|[Gen 9] OU
|rated|
|rule|HP Percentage Mod: HP is shown in percentages
|rule|Endless Battle Clause: Forcing endless battles is banned
|rule|Species Clause: Limit one of each Pokémon
|rule|OHKO Clause: OHKO moves are banned
|rule|Evasion Items Clause: Evasion items are banned
|rule|Evasion Moves Clause: Evasion moves are banned
|rule|Evasion Abilities Clause: Evasion abilities are banned
|rule|Sleep Moves Clause: Sleep-inducing moves are banned
|clearpoke
|poke|p1|Dragapult, M|
|poke|p1|Rotom-Wash|
|poke|p1|Ursaluna, M|
|poke|p1|Great Tusk|
|poke|p1|Iron Moth|
|poke|p1|Moltres-Galar|
|poke|p2|Minior-Green|
|poke|p2|Scizor, F|
|poke|p2|Dragapult, F|
|poke|p2|Samurott-Hisui, M|
|poke|p2|Iron Treads|
|poke|p2|Iron Valiant|
|teampreview
|inactive|Battle timer is ON: inactive players will automatically lose when time's up. (requested by ScolipedeIsGreat)
|inactive|spindle pit also wants the timer to be on.
|
|t:|1779943374
|teamsize|p1|6
|teamsize|p2|6
|start
|switch|p1a: Great Tusk|Great Tusk|100/100
|switch|p2a: Silo|Minior-Green|100/100
|-formechange|p2a: Silo|Minior-Meteor||[from] ability: Shields Down
|turn|1
|
|t:|1779943388
|switch|p2a: Mancarhookdoorhand|Dragapult, F|100/100
|move|p1a: Great Tusk|Ice Spinner|p2a: Mancarhookdoorhand
|-supereffective|p2a: Mancarhookdoorhand
|-damage|p2a: Mancarhookdoorhand|27/100
|
|upkeep
|turn|2
|
|t:|1779943393
|move|p2a: Mancarhookdoorhand|Dragon Pulse|p1a: Great Tusk
|-damage|p1a: Great Tusk|12/100
|move|p1a: Great Tusk|Ice Spinner|p2a: Mancarhookdoorhand
|-supereffective|p2a: Mancarhookdoorhand
|-damage|p2a: Mancarhookdoorhand|0 fnt
|faint|p2a: Mancarhookdoorhand
|
|upkeep
|
|t:|1779943400
|switch|p2a: Sam|Samurott-Hisui, M|100/100
|turn|3
|
|t:|1779943414
|move|p2a: Sam|Razor Shell|p1a: Great Tusk
|-supereffective|p1a: Great Tusk
|-damage|p1a: Great Tusk|0 fnt
|faint|p1a: Great Tusk
|-end|p1a: Great Tusk|Protosynthesis|[silent]
|
|upkeep
|
|t:|1779943427
|switch|p1a: Rotom|Rotom-Wash|100/100
|turn|4
|
|t:|1779943435
|switch|p2a: Mizer|Scizor, F|100/100
|move|p1a: Rotom|Hydro Pump|p2a: Mizer
|-damage|p2a: Mizer|29/100
|-damage|p1a: Rotom|91/100|[from] item: Life Orb
|
|upkeep
|turn|5
|
|t:|1779943443
|move|p1a: Rotom|Discharge|p2a: Mizer
|-damage|p2a: Mizer|0 fnt
|faint|p2a: Mizer
|-damage|p1a: Rotom|81/100|[from] item: Life Orb
|
|upkeep
|
|t:|1779943446
|switch|p2a: Silo|Minior-Green|100/100
|-formechange|p2a: Silo|Minior-Meteor||[from] ability: Shields Down
|turn|6
|
|t:|1779943450
|move|p1a: Rotom|Discharge|p2a: Silo
|-supereffective|p2a: Silo
|-enditem|p2a: Silo|Focus Sash
|-damage|p2a: Silo|1/100
|-damage|p1a: Rotom|71/100|[from] item: Life Orb
|move|p2a: Silo|Shell Smash|p2a: Silo
|-unboost|p2a: Silo|def|1
|-unboost|p2a: Silo|spd|1
|-boost|p2a: Silo|atk|2
|-boost|p2a: Silo|spa|2
|-boost|p2a: Silo|spe|2
|
|-formechange|p2a: Silo|Minior-Green||[from] ability: Shields Down
|upkeep
|turn|7
|
|t:|1779943456
|move|p2a: Silo|Rock Slide|p1a: Rotom
|-damage|p1a: Rotom|0 fnt
|faint|p1a: Rotom
|
|upkeep
|
|t:|1779943459
|switch|p1a: Luna|Ursaluna, M|100/100
|turn|8
|
|t:|1779943466
|-terastallize|p2a: Silo|Flying
|move|p2a: Silo|Acrobatics|p1a: Luna
|-damage|p1a: Luna|0 fnt
|faint|p1a: Luna
|
|upkeep
|
|t:|1779943473
|switch|p1a: Freak Emote|Moltres-Galar|100/100
|turn|9
|
|t:|1779943479
|move|p2a: Silo|Acrobatics|p1a: Freak Emote
|-damage|p1a: Freak Emote|0 fnt
|faint|p1a: Freak Emote
|
|upkeep
|
|t:|1779943481
|switch|p1a: Dragapult|Dragapult, M|100/100
|turn|10
|
|t:|1779943489
|move|p2a: Silo|Acrobatics|p1a: Dragapult
|-damage|p1a: Dragapult|0 fnt
|faint|p1a: Dragapult
|
|upkeep
|
|t:|1779943492
|switch|p1a: Sol|Iron Moth|100/100
|-enditem|p1a: Sol|Booster Energy
|-activate|p1a: Sol|ability: Quark Drive|[fromitem]
|-start|p1a: Sol|quarkdrivespe
|turn|11
|
|t:|1779943496
|-terastallize|p1a: Sol|Grass
|move|p2a: Silo|Acrobatics|p1a: Sol
|-supereffective|p1a: Sol
|-damage|p1a: Sol|0 fnt
|faint|p1a: Sol
|-end|p1a: Sol|Quark Drive|[silent]
|
|win|spindle pit
|raw|ScolipedeIsGreat's rating: 1322 &rarr; <strong>1301</strong><br />(-21 for losing)
|raw|spindle pit's rating: 1306 &rarr; <strong>1327</strong><br />(+21 for winning)
|l|☆spindle pit
|player|p2|
|l|☆ScolipedeIsGreat
|player|p1|
