|j|☆ChingusMaximus
|j|☆Sae No Kami
|t:|1779885889
|gametype|singles
|player|p1|ChingusMaximus|169|1115
|player|p2|Sae No Kami|ghetsis-gen5bw|1077
|gen|9
|tier|[Gen 9] OU
|rated|
|rule|HP Percentage Mod: HP is shown in percentages
|rule|Endless Battle Clause: Forcing endless battles is banned
|rule|Species Clause: Limit one of each Pokémon
|rule|OHKO Clause: OHKO moves are banned
|rule|Evasion Items Clause: Evasion items are banned
|rule|Evasion Moves Clause: Evasion moves are banned
|rule|Evasion Abilities Clause: Evasion abilities are banned
|rule|Sleep Moves Clause: Sleep-inducing moves are banned
|clearpoke
|poke|p1|Alomomola, F|
|poke|p1|Iron Treads|
|poke|p1|Kingambit, F|
|poke|p1|Zapdos|
|poke|p1|Ting-Lu|
|poke|p1|Ceruledge, M|
|poke|p2|Ribombee, F|
|poke|p2|Mimikyu, M|
|poke|p2|Staraptor, M|
|poke|p2|Espeon, M|
|poke|p2|Wooper, M|
|poke|p2|Ambipom, M|
|teampreview
|inactive|Battle timer is ON: inactive players will automatically lose when time's up. (requested by Sae No Kami)
|
|t:|1779885895
|teamsize|p1|6
|teamsize|p2|6
|start
|switch|p1a: Alomomola|Alomomola, F|100/100
|switch|p2a: Ribombee|Ribombee, F|100/100
|turn|1
|
|t:|1779885904
|move|p2a: Ribombee|Stun Spore|p1a: Alomomola|[miss]
|-miss|p2a: Ribombee|p1a: Alomomola
|move|p1a: Alomomola|Flip Turn|p2a: Ribombee
|-damage|p2a: Ribombee|70/100
|
|t:|1779885911
|switch|p1a: Iron Treads|Iron Treads|100/100|[from] Flip Turn
|
|upkeep
|turn|2
|
|t:|1779885917
|move|p2a: Ribombee|Sticky Web|p1a: Iron Treads
|-sidestart|p1: ChingusMaximus|move: Sticky Web
|move|p1a: Iron Treads|Stealth Rock|p2a: Ribombee
|-sidestart|p2: Sae No Kami|move: Stealth Rock
|
|upkeep
|turn|3
|
|t:|1779885922
|move|p2a: Ribombee|Stun Spore|p1a: Iron Treads
|-status|p1a: Iron Treads|par
|move|p1a: Iron Treads|Rapid Spin|p2a: Ribombee
|-damage|p2a: Ribombee|41/100
|-boost|p1a: Iron Treads|spe|1
|-sideend|p1: ChingusMaximus|Sticky Web|[from] move: Rapid Spin|[of] p1a: Iron Treads
|
|upkeep
|turn|4
|
|t:|1779885931
|move|p2a: Ribombee|Sticky Web|p1a: Iron Treads
|-sidestart|p1: ChingusMaximus|move: Sticky Web
|cant|p1a: Iron Treads|par
|
|upkeep
|turn|5
|
|t:|1779885935
|switch|p2a: Mimikyu|Mimikyu, M|100/100
|-damage|p2a: Mimikyu|88/100|[from] Stealth Rock
|cant|p1a: Iron Treads|par
|
|upkeep
|turn|6
|
|t:|1779885941
|move|p2a: Mimikyu|Swords Dance|p2a: Mimikyu
|-boost|p2a: Mimikyu|atk|2
|move|p1a: Iron Treads|Rapid Spin|p2a: Mimikyu
|-immune|p2a: Mimikyu
|
|upkeep
|turn|7
|
|t:|1779885947
|move|p2a: Mimikyu|Swords Dance|p2a: Mimikyu
|-boost|p2a: Mimikyu|atk|2
|move|p1a: Iron Treads|Ice Spinner|p2a: Mimikyu
|-activate|p2a: Mimikyu|ability: Disguise
|-damage|p2a: Mimikyu|88/100
|detailschange|p2a: Mimikyu|Mimikyu-Busted, M
|-damage|p2a: Mimikyu|76/100|[from] pokemon: Mimikyu-Busted
|
|upkeep
|turn|8
|
|t:|1779885962
|move|p2a: Mimikyu|Shadow Claw|p1a: Iron Treads
|-damage|p1a: Iron Treads|15/100 par
|-damage|p2a: Mimikyu|66/100|[from] item: Life Orb
|move|p1a: Iron Treads|Ice Spinner|p2a: Mimikyu
|-damage|p2a: Mimikyu|32/100
|
|-heal|p1a: Iron Treads|21/100 par|[from] item: Leftovers
|upkeep
|turn|9
|
|t:|1779885981
|-end|p1a: Iron Treads|Quark Drive|[silent]
|switch|p1a: Alomomola|Alomomola, F|100/100
|-activate|p1a: Alomomola|move: Sticky Web
|-unboost|p1a: Alomomola|spe|1
|move|p2a: Mimikyu|Shadow Sneak|p1a: Alomomola
|-damage|p1a: Alomomola|43/100
|-damage|p2a: Mimikyu|22/100|[from] item: Life Orb
|
|upkeep
|turn|10
|
|t:|1779885997
|switch|p1a: Ting-Lu|Ting-Lu|100/100
|-activate|p1a: Ting-Lu|move: Sticky Web
|-unboost|p1a: Ting-Lu|spe|1
|-ability|p1a: Ting-Lu|Vessel of Ruin
|move|p2a: Mimikyu|Shadow Sneak|p1a: Ting-Lu
|-resisted|p1a: Ting-Lu
|-damage|p1a: Ting-Lu|83/100
|-damage|p2a: Mimikyu|12/100|[from] item: Life Orb
|
|-heal|p1a: Ting-Lu|89/100|[from] item: Leftovers
|upkeep
|turn|11
|
|t:|1779886008
|move|p2a: Mimikyu|Play Rough|p1a: Ting-Lu
|-supereffective|p1a: Ting-Lu
|-damage|p1a: Ting-Lu|0 fnt
|faint|p1a: Ting-Lu
|-damage|p2a: Mimikyu|2/100|[from] item: Life Orb
|
|upkeep
|
|t:|1779886017
|switch|p1a: Alomomola|Alomomola, F|76/100
|-activate|p1a: Alomomola|move: Sticky Web
|-unboost|p1a: Alomomola|spe|1
|turn|12
|
|t:|1779886021
|move|p2a: Mimikyu|Shadow Claw|p1a: Alomomola
|-damage|p1a: Alomomola|0 fnt
|faint|p1a: Alomomola
|-damage|p2a: Mimikyu|0 fnt|[from] item: Life Orb
|faint|p2a: Mimikyu
|
|upkeep
|
|t:|1779886042
|switch|p2a: Ambipom|Ambipom, M|100/100
|switch|p1a: Zapdos|Zapdos|100/100
|-damage|p2a: Ambipom|88/100|[from] Stealth Rock
|turn|13
|
|t:|1779886050
|move|p2a: Ambipom|Fake Out|p1a: Zapdos
|-damage|p1a: Zapdos|71/100
|-status|p2a: Ambipom|par|[from] ability: Static|[of] p1a: Zapdos
|-damage|p2a: Ambipom|78/100 par|[from] item: Life Orb
|cant|p1a: Zapdos|flinch
|
|upkeep
|turn|14
|
|t:|1779886063
|-terastallize|p2a: Ambipom|Normal
|move|p1a: Zapdos|Discharge|p2a: Ambipom
|-damage|p2a: Ambipom|25/100 par
|move|p2a: Ambipom|Double Hit|p1a: Zapdos
|-damage|p1a: Zapdos|39/100
|-damage|p1a: Zapdos|4/100
|-hitcount|p1a: Zapdos|2
|-damage|p2a: Ambipom|15/100 par|[from] item: Life Orb
|
|upkeep
|turn|15
|
|t:|1779886073
|switch|p2a: Wooper|Wooper, M|100/100
|-damage|p2a: Wooper|94/100|[from] Stealth Rock
|move|p1a: Zapdos|Roost|p1a: Zapdos
|-heal|p1a: Zapdos|54/100
|-singleturn|p1a: Zapdos|move: Roost
|
|upkeep
|turn|16
|
|t:|1779886083
|move|p1a: Zapdos|Roost|p1a: Zapdos
|-heal|p1a: Zapdos|100/100
|-singleturn|p1a: Zapdos|move: Roost
|move|p2a: Wooper|Recover|p2a: Wooper
|-heal|p2a: Wooper|100/100
|
|upkeep
|turn|17
|
|t:|1779886092
|switch|p1a: Kingambit|Kingambit, F|100/100
|-activate|p1a: Kingambit|ability: Supreme Overlord
|-start|p1a: Kingambit|fallen2|[silent]
|-item|p1a: Kingambit|Air Balloon
|move|p2a: Wooper|Protect||[still]
|-fail|p2a: Wooper
|
|upkeep
|turn|18
|
|t:|1779886112
|move|p2a: Wooper|Protect|p2a: Wooper
|-singleturn|p2a: Wooper|Protect
|move|p1a: Kingambit|Swords Dance|p1a: Kingambit
|-boost|p1a: Kingambit|atk|2
|
|upkeep
|turn|19
|
|t:|1779886121
|move|p1a: Kingambit|Sucker Punch|p2a: Wooper
|-enditem|p2a: Wooper|Focus Sash
|-damage|p2a: Wooper|1/100
|move|p2a: Wooper|Counter|p1a: Kingambit
|-damage|p1a: Kingambit|0 fnt
|-enditem|p1a: Kingambit|Air Balloon
|faint|p1a: Kingambit
|-end|p1a: Kingambit|fallen2|[silent]
|
|upkeep
|
|t:|1779886131
|switch|p1a: Ceruledge|Ceruledge, M|100/100
|-activate|p1a: Ceruledge|move: Sticky Web
|-unboost|p1a: Ceruledge|spe|1
|turn|20
|
|t:|1779886136
|move|p1a: Ceruledge|Shadow Sneak|p2a: Wooper
|-damage|p2a: Wooper|0 fnt
|faint|p2a: Wooper
|-damage|p1a: Ceruledge|91/100|[from] item: Life Orb
|
|upkeep
|
|t:|1779886144
|switch|p2a: Ribombee|Ribombee, F|41/100
|-damage|p2a: Ribombee|17/100|[from] Stealth Rock
|turn|21
|
|t:|1779886153
|move|p2a: Ribombee|Stun Spore|p1a: Ceruledge
|-status|p1a: Ceruledge|par
|move|p1a: Ceruledge|Bitter Blade|p2a: Ribombee
|-supereffective|p2a: Ribombee
|-damage|p2a: Ribombee|0 fnt
|-heal|p1a: Ceruledge|98/100 par|[from] drain|[of] p2a: Ribombee
|faint|p2a: Ribombee
|-damage|p1a: Ceruledge|88/100 par|[from] item: Life Orb
|
|upkeep
|
|t:|1779886169
|switch|p2a: Staraptor|Staraptor, M|100/100
|-damage|p2a: Staraptor|75/100|[from] Stealth Rock
|turn|22
|
|t:|1779886180
|switch|p1a: Zapdos|Zapdos|100/100
|move|p2a: Staraptor|Brave Bird|p1a: Zapdos
|-resisted|p1a: Zapdos
|-damage|p1a: Zapdos|57/100
|-damage|p2a: Staraptor|59/100|[from] Recoil
|
|upkeep
|turn|23
|
|t:|1779886193
|move|p2a: Staraptor|Brave Bird|p1a: Zapdos
|-resisted|p1a: Zapdos
|-damage|p1a: Zapdos|13/100
|-damage|p2a: Staraptor|41/100|[from] Recoil
|move|p1a: Zapdos|Discharge|p2a: Staraptor
|-supereffective|p2a: Staraptor
|-damage|p2a: Staraptor|0 fnt
|faint|p2a: Staraptor
|
|upkeep
|
|t:|1779886201
|switch|p2a: Ambipom|Ambipom, M, tera:Normal|15/100 par
|-damage|p2a: Ambipom|3/100 par|[from] Stealth Rock
|turn|24
|
|t:|1779886206
|move|p2a: Ambipom|Fake Out|p1a: Zapdos
|-damage|p1a: Zapdos|0 fnt
|faint|p1a: Zapdos
|-damage|p2a: Ambipom|0 fnt|[from] item: Life Orb
|faint|p2a: Ambipom
|
|upkeep
|
|t:|1779886217
|switch|p2a: Espeon|Espeon, M|100/100
|switch|p1a: Iron Treads|Iron Treads|21/100 par
|-damage|p2a: Espeon|88/100|[from] Stealth Rock
|-activate|p1a: Iron Treads|move: Sticky Web
|-unboost|p1a: Iron Treads|spe|1
|turn|25
|
|t:|1779886225
|move|p2a: Espeon|Calm Mind|p2a: Espeon
|-boost|p2a: Espeon|spa|1
|-boost|p2a: Espeon|spd|1
|cant|p1a: Iron Treads|par
|
|-heal|p1a: Iron Treads|28/100 par|[from] item: Leftovers
|upkeep
|turn|26
|
|t:|1779886232
|move|p2a: Espeon|Shadow Ball|p1a: Iron Treads
|-damage|p1a: Iron Treads|0 fnt
|faint|p1a: Iron Treads
|-end|p1a: Iron Treads|Quark Drive|[silent]
|
|upkeep
|
|t:|1779886236
|switch|p1a: Ceruledge|Ceruledge, M|88/100 par
|-activate|p1a: Ceruledge|move: Sticky Web
|-unboost|p1a: Ceruledge|spe|1
|turn|27
|
|t:|1779886251
|move|p2a: Espeon|Shadow Ball|p1a: Ceruledge
|-supereffective|p1a: Ceruledge
|-damage|p1a: Ceruledge|0 fnt
|faint|p1a: Ceruledge
|
|win|Sae No Kami
|raw|ChingusMaximus's rating: 1115 &rarr; <strong>1087</strong><br />(-28 for losing)
|raw|Sae No Kami's rating: 1077 &rarr; <strong>1109</strong><br />(+32 for winning)
|l|☆ChingusMaximus
|player|p1|
|l|☆Sae No Kami
|player|p2|
