|j|☆yijing
|j|☆lapunchmonke
|t:|1779965816
|gametype|singles
|player|p1|yijing|unknown|1089
|player|p2|lapunchmonke|palmer|1069
|gen|9
|tier|[Gen 9] OU
|rated|
|rule|HP Percentage Mod: HP is shown in percentages
|rule|Endless Battle Clause: Forcing endless battles is banned
|rule|Species Clause: Limit one of each Pokémon
|rule|OHKO Clause: OHKO moves are banned
|rule|Evasion Items Clause: Evasion items are banned
|rule|Evasion Moves Clause: Evasion moves are banned
|rule|Evasion Abilities Clause: Evasion abilities are banned
|rule|Sleep Moves Clause: Sleep-inducing moves are banned
|clearpoke
|poke|p1|Gumshoos, F|
|poke|p1|Kricketune, M|
|poke|p1|Dusknoir, M|
|poke|p1|Toxicroak, F|
|poke|p1|Noivern, F|
|poke|p1|Orthworm, F|
|poke|p2|Cinccino, F|
|poke|p2|Enamorus, F|
|poke|p2|Salamence, M|
|poke|p2|Serperior, F|
|poke|p2|Garganacl, F|
|poke|p2|Gholdengo|
|teampreview
|inactive|Battle timer is ON: inactive players will automatically lose when time's up. (requested by yijing)
|
|t:|1779965824
|teamsize|p1|6
|teamsize|p2|6
|start
|switch|p1a: Orthworm|Orthworm, F|100/100
|switch|p2a: MILE|Cinccino, F, shiny|100/100
|turn|1
|
|t:|1779965832
|move|p2a: MILE|U-turn|p1a: Orthworm
|-resisted|p1a: Orthworm
|-damage|p1a: Orthworm|95/100
|-damage|p2a: MILE|84/100|[from] item: Rocky Helmet|[of] p1a: Orthworm
|
|t:|1779965834
|switch|p2a: CHARLIE|Garganacl, F, shiny|100/100|[from] U-turn
|move|p1a: Orthworm|Body Press|p2a: CHARLIE
|-supereffective|p2a: CHARLIE
|-damage|p2a: CHARLIE|65/100
|
|upkeep
|turn|2
|
|t:|1779965847
|move|p1a: Orthworm|Body Press|p2a: CHARLIE
|-supereffective|p2a: CHARLIE
|-damage|p2a: CHARLIE|33/100
|move|p2a: CHARLIE|Iron Defense|p2a: CHARLIE
|-boost|p2a: CHARLIE|def|2
|
|upkeep
|turn|3
|
|t:|1779965854
|move|p1a: Orthworm|Stealth Rock|p2a: CHARLIE
|-sidestart|p2: lapunchmonke|move: Stealth Rock
|move|p2a: CHARLIE|Recover|p2a: CHARLIE
|-heal|p2a: CHARLIE|83/100
|
|upkeep
|turn|4
|
|t:|1779965864
|switch|p1a: Kricketune|Kricketune, M|100/100
|move|p2a: CHARLIE|Iron Defense|p2a: CHARLIE
|-boost|p2a: CHARLIE|def|2
|
|upkeep
|turn|5
|
|t:|1779965872
|move|p1a: Kricketune|Sticky Web|p2a: CHARLIE
|-sidestart|p2: lapunchmonke|move: Sticky Web
|move|p2a: CHARLIE|Iron Defense|p2a: CHARLIE
|-boost|p2a: CHARLIE|def|2
|
|upkeep
|turn|6
|
|t:|1779965879
|move|p1a: Kricketune|Perish Song|p1a: Kricketune
|-start|p1a: Kricketune|perish3|[silent]
|-start|p2a: CHARLIE|perish3|[silent]
|-fieldactivate|move: Perish Song
|move|p2a: CHARLIE|Body Press|p1a: Kricketune
|-resisted|p1a: Kricketune
|-damage|p1a: Kricketune|2/100
|
|-start|p1a: Kricketune|perish3
|-start|p2a: CHARLIE|perish3
|upkeep
|turn|7
|
|t:|1779965888
|move|p1a: Kricketune|Protect|p1a: Kricketune
|-singleturn|p1a: Kricketune|Protect
|move|p2a: CHARLIE|Body Press|p1a: Kricketune
|-activate|p1a: Kricketune|move: Protect
|
|-start|p1a: Kricketune|perish2
|-start|p2a: CHARLIE|perish2
|upkeep
|turn|8
|
|t:|1779965899
|move|p1a: Kricketune|Knock Off|p2a: CHARLIE
|-damage|p2a: CHARLIE|80/100
|-enditem|p2a: CHARLIE|Heavy-Duty Boots|[from] move: Knock Off|[of] p1a: Kricketune
|move|p2a: CHARLIE|Body Press|p1a: Kricketune
|-resisted|p1a: Kricketune
|-damage|p1a: Kricketune|0 fnt
|faint|p1a: Kricketune
|
|-start|p2a: CHARLIE|perish1
|upkeep
|
|t:|1779965916
|switch|p1a: Dusknoir|Dusknoir, M, shiny|100/100
|-ability|p1a: Dusknoir|Pressure
|turn|9
|
|t:|1779965923
|switch|p2a: LIME|Gholdengo, shiny|100/100
|-damage|p2a: LIME|94/100|[from] Stealth Rock
|-item|p2a: LIME|Air Balloon
|move|p1a: Dusknoir|Curse|p2a: LIME
|-immune|p2a: LIME|[from] ability: Good as Gold
|
|upkeep
|turn|10
|
|t:|1779965942
|switch|p1a: Gumshoos|Gumshoos, F, shiny|100/100
|move|p2a: LIME|Thunder Wave|p1a: Gumshoos
|-status|p1a: Gumshoos|par
|
|upkeep
|turn|11
|
|t:|1779965950
|move|p2a: LIME|Nasty Plot|p2a: LIME
|-boost|p2a: LIME|spa|2
|cant|p1a: Gumshoos|par
|
|upkeep
|turn|12
|
|t:|1779965959
|move|p2a: LIME|Make It Rain|p1a: Gumshoos
|-crit|p1a: Gumshoos
|-damage|p1a: Gumshoos|0 fnt
|-unboost|p2a: LIME|spa|1
|faint|p1a: Gumshoos
|
|upkeep
|inactive|yijing has 120 seconds left.
|
|t:|1779965987
|switch|p1a: Noivern|Noivern, F|100/100
|-item|p2a: LIME|Air Balloon|[from] ability: Frisk|[of] p1a: Noivern
|turn|13
|
|t:|1779966003
|move|p1a: Noivern|Heat Wave|p2a: LIME
|-supereffective|p2a: LIME
|-damage|p2a: LIME|42/100
|-enditem|p2a: LIME|Air Balloon
|move|p2a: LIME|Make It Rain|p1a: Noivern
|-damage|p1a: Noivern|0 fnt
|-unboost|p2a: LIME|spa|1
|faint|p1a: Noivern
|
|upkeep
|inactive|yijing has 120 seconds left.
|
|t:|1779966016
|switch|p1a: Toxicroak|Toxicroak, F|100/100
|turn|14
|
|t:|1779966021
|move|p1a: Toxicroak|Earthquake|p2a: LIME
|-supereffective|p2a: LIME
|-damage|p2a: LIME|0 fnt
|faint|p2a: LIME
|
|upkeep
|
|t:|1779966027
|switch|p2a: LOUBEL|Salamence, M, shiny|100/100
|-damage|p2a: LOUBEL|75/100|[from] Stealth Rock
|turn|15
|
|t:|1779966033
|-terastallize|p1a: Toxicroak|Ground
|move|p2a: LOUBEL|Dual Wingbeat|p1a: Toxicroak
|-damage|p1a: Toxicroak|64/100
|-damage|p1a: Toxicroak|26/100
|-hitcount|p1a: Toxicroak|2
|move|p1a: Toxicroak|Ice Punch|p2a: LOUBEL
|-supereffective|p2a: LOUBEL
|-damage|p2a: LOUBEL|0 fnt
|faint|p2a: LOUBEL
|
|upkeep
|
|t:|1779966042
|switch|p2a: ALAN|Serperior, F, shiny|100/100
|-damage|p2a: ALAN|88/100|[from] Stealth Rock
|-activate|p2a: ALAN|move: Sticky Web
|-boost|p2a: ALAN|spe|1
|turn|16
|
|t:|1779966051
|move|p2a: ALAN|Leaf Storm|p1a: Toxicroak
|-supereffective|p1a: Toxicroak
|-damage|p1a: Toxicroak|0 fnt
|-boost|p2a: ALAN|spa|2
|faint|p1a: Toxicroak
|
|-heal|p2a: ALAN|94/100|[from] item: Leftovers
|upkeep
|
|t:|1779966060
|switch|p1a: Dusknoir|Dusknoir, M, shiny|100/100
|-ability|p1a: Dusknoir|Pressure
|turn|17
|
|t:|1779966068
|move|p2a: ALAN|Leaf Storm|p1a: Dusknoir
|-damage|p1a: Dusknoir|36/100
|-boost|p2a: ALAN|spa|2
|move|p1a: Dusknoir|Trick Room|p1a: Dusknoir
|-fieldstart|move: Trick Room|[of] p1a: Dusknoir
|
|-heal|p1a: Dusknoir|42/100|[from] item: Leftovers
|-heal|p2a: ALAN|100/100|[from] item: Leftovers
|upkeep
|turn|18
|
|t:|1779966077
|move|p1a: Dusknoir|Curse|p2a: ALAN
|-start|p2a: ALAN|Curse|[of] p1a: Dusknoir
|-damage|p1a: Dusknoir|0 fnt
|faint|p1a: Dusknoir
|move|p2a: ALAN|Leaf Storm|p1: Dusknoir|[notarget]
|-fail|p2a: ALAN
|
|-damage|p2a: ALAN|75/100|[from] Curse
|upkeep
|
|t:|1779966088
|switch|p1a: Orthworm|Orthworm, F|95/100
|turn|19
|
|t:|1779966114
|move|p1a: Orthworm|Body Press|p2a: ALAN
|-damage|p2a: ALAN|33/100
|move|p2a: ALAN|Leaf Storm|p1a: Orthworm
|-resisted|p1a: Orthworm
|-damage|p1a: Orthworm|0 fnt
|-boost|p2a: ALAN|spa|2
|faint|p1a: Orthworm
|
|win|lapunchmonke
|raw|yijing's rating: 1089 &rarr; <strong>1064</strong><br />(-25 for losing)
|raw|lapunchmonke's rating: 1069 &rarr; <strong>1100</strong><br />(+31 for winning)
|l|☆lapunchmonke
|player|p2|
|l|☆yijing
|player|p1|
