|j|☆F1amewheel
|j|☆RandumbRaccoon
|t:|1779942889
|gametype|singles
|player|p1|F1amewheel|urbain|1478
|player|p2|RandumbRaccoon|ingo|1403
|gen|9
|tier|[Gen 9] OU
|rated|
|rule|HP Percentage Mod: HP is shown in percentages
|rule|Endless Battle Clause: Forcing endless battles is banned
|rule|Species Clause: Limit one of each Pokémon
|rule|OHKO Clause: OHKO moves are banned
|rule|Evasion Items Clause: Evasion items are banned
|rule|Evasion Moves Clause: Evasion moves are banned
|rule|Evasion Abilities Clause: Evasion abilities are banned
|rule|Sleep Moves Clause: Sleep-inducing moves are banned
|clearpoke
|poke|p1|Darkrai|
|poke|p1|Landorus-Therian, M|
|poke|p1|Primarina, F|
|poke|p1|Garchomp, M|
|poke|p1|Ogerpon, F|
|poke|p1|Cinderace, F|
|poke|p2|Zamazenta-*|
|poke|p2|Iron Hands|
|poke|p2|Ceruledge, F|
|poke|p2|Iron Valiant|
|poke|p2|Deoxys-Speed|
|poke|p2|Glimmora, F|
|teampreview
|inactive|Battle timer is ON: inactive players will automatically lose when time's up. (requested by RandumbRaccoon)
|
|t:|1779942908
|teamsize|p1|6
|teamsize|p2|6
|start
|switch|p1a: Landorus|Landorus-Therian, M, shiny|100/100
|switch|p2a: Glimmora|Glimmora, F|100/100
|-ability|p1a: Landorus|Intimidate|boost
|-unboost|p2a: Glimmora|atk|1
|turn|1
|
|t:|1779942918
|move|p1a: Landorus|Earthquake|p2a: Glimmora
|-supereffective|p2a: Glimmora
|-damage|p2a: Glimmora|0 fnt
|-activate|p2a: Glimmora|ability: Toxic Debris
|-sidestart|p1: F1amewheel|move: Toxic Spikes
|faint|p2a: Glimmora
|
|upkeep
|
|t:|1779942922
|switch|p2a: Deoxys|Deoxys-Speed|100/100
|-ability|p2a: Deoxys|Pressure
|turn|2
|
|t:|1779942924
|move|p2a: Deoxys|Taunt|p1a: Landorus
|-start|p1a: Landorus|move: Taunt
|move|p1a: Landorus|Earthquake|p2a: Deoxys
|-damage|p2a: Deoxys|37/100
|
|upkeep
|turn|3
|
|t:|1779942929
|move|p2a: Deoxys|Reflect|p2a: Deoxys
|-sidestart|p2: RandumbRaccoon|Reflect
|move|p1a: Landorus|Earthquake|p2a: Deoxys
|-damage|p2a: Deoxys|2/100
|
|upkeep
|turn|4
|
|t:|1779942932
|switch|p1a: Cinderace|Cinderace, F, shiny|100/100
|move|p2a: Deoxys|Light Screen|p2a: Deoxys
|-sidestart|p2: RandumbRaccoon|move: Light Screen
|
|upkeep
|turn|5
|
|t:|1779942935
|move|p2a: Deoxys|Taunt|p1a: Cinderace
|-start|p1a: Cinderace|move: Taunt
|move|p1a: Cinderace|U-turn|p2a: Deoxys
|-start|p1a: Cinderace|typechange|Bug|[from] ability: Libero
|-supereffective|p2a: Deoxys
|-damage|p2a: Deoxys|0 fnt
|faint|p2a: Deoxys
|
|t:|1779942938
|switch|p1a: Landorus|Landorus-Therian, M, shiny|100/100|[from] U-turn
|
|upkeep
|
|t:|1779942942
|switch|p2a: Iron Hands|Iron Hands|100/100
|-enditem|p2a: Iron Hands|Booster Energy
|-activate|p2a: Iron Hands|ability: Quark Drive|[fromitem]
|-start|p2a: Iron Hands|quarkdriveatk
|turn|6
|
|t:|1779942946
|move|p1a: Landorus|U-turn|p2a: Iron Hands
|-resisted|p2a: Iron Hands
|-damage|p2a: Iron Hands|96/100
|
|t:|1779942948
|switch|p1a: Garchomp|Garchomp, M, shiny|100/100|[from] U-turn
|-status|p1a: Garchomp|psn
|move|p2a: Iron Hands|Ice Punch|p1a: Garchomp
|-supereffective|p1a: Garchomp
|-damage|p1a: Garchomp|5/100 psn
|-damage|p2a: Iron Hands|83/100|[from] ability: Rough Skin|[of] p1a: Garchomp
|-damage|p2a: Iron Hands|67/100|[from] item: Rocky Helmet|[of] p1a: Garchomp
|
|-damage|p1a: Garchomp|0 fnt|[from] psn
|faint|p1a: Garchomp
|upkeep
|
|t:|1779942951
|switch|p1a: Cinderace|Cinderace, F, shiny|100/100
|turn|7
|
|t:|1779942954
|move|p1a: Cinderace|Court Change|p1a: Cinderace
|-start|p1a: Cinderace|typechange|Normal|[from] ability: Libero
|-swapsideconditions
|-activate|p1a: Cinderace|move: Court Change
|move|p2a: Iron Hands|Supercell Slam|p1a: Cinderace
|-damage|p1a: Cinderace|46/100
|
|upkeep
|turn|8
|
|t:|1779942961
|move|p1a: Cinderace|Pyro Ball|p2a: Iron Hands
|-damage|p2a: Iron Hands|41/100
|move|p2a: Iron Hands|Ice Punch|p1a: Cinderace
|-damage|p1a: Cinderace|16/100
|
|upkeep
|turn|9
|
|t:|1779942967
|move|p1a: Cinderace|Pyro Ball|p2a: Iron Hands
|-damage|p2a: Iron Hands|15/100
|move|p2a: Iron Hands|Ice Punch|p1a: Cinderace
|-damage|p1a: Cinderace|0 fnt
|faint|p1a: Cinderace
|
|upkeep
|
|t:|1779942973
|switch|p1a: Darkrai|Darkrai|100/100
|turn|10
|
|t:|1779942975
|move|p1a: Darkrai|Sludge Bomb|p2a: Iron Hands
|-damage|p2a: Iron Hands|0 fnt
|faint|p2a: Iron Hands
|-end|p2a: Iron Hands|Quark Drive|[silent]
|
|-sideend|p1: F1amewheel|Reflect
|upkeep
|
|t:|1779942979
|switch|p2a: Zamazenta|Zamazenta|100/100
|-status|p2a: Zamazenta|psn
|-ability|p2a: Zamazenta|Dauntless Shield|boost
|-boost|p2a: Zamazenta|def|1
|turn|11
|
|t:|1779942988
|switch|p1a: Primarina|Primarina, F, shiny|100/100
|move|p2a: Zamazenta|Iron Defense|p2a: Zamazenta
|-boost|p2a: Zamazenta|def|2
|
|-damage|p2a: Zamazenta|88/100 psn|[from] psn
|-sideend|p1: F1amewheel|move: Light Screen
|upkeep
|turn|12
|
|t:|1779942991
|-terastallize|p2a: Zamazenta|Steel
|move|p2a: Zamazenta|Heavy Slam|p1a: Primarina
|-damage|p1a: Primarina|50/100
|move|p1a: Primarina|Moonblast|p2a: Zamazenta
|-resisted|p2a: Zamazenta
|-crit|p2a: Zamazenta
|-damage|p2a: Zamazenta|50/100 psn
|-unboost|p2a: Zamazenta|spa|1
|
|-heal|p2a: Zamazenta|56/100 psn|[from] item: Leftovers
|-heal|p1a: Primarina|56/100|[from] item: Leftovers
|-damage|p2a: Zamazenta|44/100 psn|[from] psn
|upkeep
|turn|13
|inactive|F1amewheel has 120 seconds left.
|
|t:|1779943032
|move|p2a: Zamazenta|Body Press|p1a: Primarina
|-resisted|p1a: Primarina
|-damage|p1a: Primarina|0 fnt
|faint|p1a: Primarina
|
|-heal|p2a: Zamazenta|50/100 psn|[from] item: Leftovers
|-damage|p2a: Zamazenta|38/100 psn|[from] psn
|upkeep
|
|t:|1779943038
|switch|p1a: Landorus|Landorus-Therian, M, shiny|100/100
|-ability|p1a: Landorus|Intimidate|boost
|-unboost|p2a: Zamazenta|atk|1
|turn|14
|
|t:|1779943040
|move|p1a: Landorus|Earthquake|p2a: Zamazenta
|-supereffective|p2a: Zamazenta
|-crit|p2a: Zamazenta
|-damage|p2a: Zamazenta|0 fnt
|faint|p2a: Zamazenta
|
|upkeep
|
|t:|1779943044
|switch|p2a: Iron Valiant|Iron Valiant|100/100
|-status|p2a: Iron Valiant|psn
|-enditem|p2a: Iron Valiant|Booster Energy
|-activate|p2a: Iron Valiant|ability: Quark Drive|[fromitem]
|-start|p2a: Iron Valiant|quarkdrivespe
|turn|15
|
|t:|1779943046
|move|p2a: Iron Valiant|Moonblast|p1a: Landorus
|-damage|p1a: Landorus|32/100
|move|p1a: Landorus|Earthquake|p2a: Iron Valiant
|-damage|p2a: Iron Valiant|32/100 psn
|
|-damage|p2a: Iron Valiant|19/100 psn|[from] psn
|upkeep
|turn|16
|
|t:|1779943051
|move|p2a: Iron Valiant|Moonblast|p1a: Landorus
|-damage|p1a: Landorus|0 fnt
|faint|p1a: Landorus
|
|-damage|p2a: Iron Valiant|7/100 psn|[from] psn
|upkeep
|
|t:|1779943053
|switch|p1a: Ogerpon|Ogerpon, F|100/100
|turn|17
|
|t:|1779943056
|move|p2a: Iron Valiant|Moonblast|p1a: Ogerpon
|-damage|p1a: Ogerpon|50/100
|move|p1a: Ogerpon|U-turn|p2a: Iron Valiant
|-resisted|p2a: Iron Valiant
|-damage|p2a: Iron Valiant|0 fnt
|faint|p2a: Iron Valiant
|-end|p2a: Iron Valiant|Quark Drive|[silent]
|
|t:|1779943058
|switch|p1a: Darkrai|Darkrai|100/100|[from] U-turn
|
|upkeep
|
|t:|1779943061
|switch|p2a: Ceruledge|Ceruledge, F|100/100
|-status|p2a: Ceruledge|psn
|turn|18
|
|t:|1779943064
|move|p1a: Darkrai|Dark Pulse|p2a: Ceruledge
|-supereffective|p2a: Ceruledge
|-damage|p2a: Ceruledge|5/100 psn
|move|p2a: Ceruledge|Bitter Blade|p1a: Darkrai
|-damage|p1a: Darkrai|18/100
|-heal|p2a: Ceruledge|45/100 psn|[from] drain|[of] p1a: Darkrai
|-damage|p2a: Ceruledge|35/100 psn|[from] item: Life Orb
|
|-heal|p1a: Darkrai|24/100|[from] item: Leftovers
|-damage|p2a: Ceruledge|22/100 psn|[from] psn
|upkeep
|turn|19
|
|t:|1779943068
|move|p2a: Ceruledge|Shadow Sneak|p1a: Darkrai
|-resisted|p1a: Darkrai
|-damage|p1a: Darkrai|4/100
|-damage|p2a: Ceruledge|13/100 psn|[from] item: Life Orb
|move|p1a: Darkrai|Dark Pulse|p2a: Ceruledge
|-supereffective|p2a: Ceruledge
|-damage|p2a: Ceruledge|0 fnt
|faint|p2a: Ceruledge
|
|win|F1amewheel
|raw|F1amewheel's rating: 1478 &rarr; <strong>1494</strong><br />(+16 for winning)
|raw|RandumbRaccoon's rating: 1403 &rarr; <strong>1387</strong><br />(-16 for losing)
|l|☆RandumbRaccoon
|player|p2|
|l|☆F1amewheel
|player|p1|
