|j|☆Carlao_rei
|j|☆Somnia XP
|t:|1779914924
|gametype|singles
|player|p1|Carlao_rei|drayden|1418
|player|p2|Somnia XP|unknownf|1421
|gen|9
|tier|[Gen 9] OU
|rated|
|rule|HP Percentage Mod: HP is shown in percentages
|rule|Endless Battle Clause: Forcing endless battles is banned
|rule|Species Clause: Limit one of each Pokémon
|rule|OHKO Clause: OHKO moves are banned
|rule|Evasion Items Clause: Evasion items are banned
|rule|Evasion Moves Clause: Evasion moves are banned
|rule|Evasion Abilities Clause: Evasion abilities are banned
|rule|Sleep Moves Clause: Sleep-inducing moves are banned
|clearpoke
|poke|p1|Gholdengo|
|poke|p1|Kingambit, F|
|poke|p1|Rotom-Wash|
|poke|p1|Dragapult, F|
|poke|p1|Great Tusk|
|poke|p1|Slowbro-Galar, M|
|poke|p2|Meowscarada, F|
|poke|p2|Cinderace, F|
|poke|p2|Slowking-Galar, F|
|poke|p2|Raging Bolt|
|poke|p2|Zamazenta-*|
|poke|p2|Gholdengo|
|teampreview
|
|t:|1779914964
|teamsize|p1|6
|teamsize|p2|6
|start
|switch|p1a: Slowbro|Slowbro-Galar, M|100/100
|switch|p2a: Meowscarada|Meowscarada, F|100/100
|turn|1
|
|t:|1779914972
|move|p2a: Meowscarada|U-turn|p1a: Slowbro
|-start|p2a: Meowscarada|typechange|Bug|[from] ability: Protean
|-damage|p1a: Slowbro|54/100
|
|t:|1779914977
|switch|p2a: Slowking|Slowking-Galar, F|100/100|[from] U-turn
|move|p1a: Slowbro|Shell Side Arm|p2a: Slowking|[anim] Shell Side Arm Physical
|-resisted|p2a: Slowking
|-damage|p2a: Slowking|86/100
|-hint|Physical Shell Side Arm
|
|upkeep
|turn|2
|
|t:|1779914983
|switch|p1a: Kingambit|Kingambit, F|100/100
|-prepare|p2a: Slowking|Chilly Reception|[premajor]
|move|p2a: Slowking|Chilly Reception|p2a: Slowking
|-weather|Snowscape
|
|t:|1779914988
|switch|p2a: Cinderace|Cinderace, F|100/100|[from] Chilly Reception
|
|-weather|Snowscape|[upkeep]
|upkeep
|turn|3
|
|t:|1779914998
|-end|p1a: Kingambit|fallenundefined|[silent]
|switch|p1a: Great Tusk|Great Tusk|100/100
|move|p2a: Cinderace|Pyro Ball|p1a: Great Tusk
|-damage|p1a: Great Tusk|75/100
|
|-weather|Snowscape|[upkeep]
|-heal|p1a: Great Tusk|82/100|[from] item: Leftovers
|upkeep
|turn|4
|
|t:|1779915009
|switch|p2a: Gholdengo|Gholdengo|100/100
|-item|p2a: Gholdengo|Air Balloon
|move|p1a: Great Tusk|Ice Spinner|p2a: Gholdengo
|-resisted|p2a: Gholdengo
|-damage|p2a: Gholdengo|93/100
|-enditem|p2a: Gholdengo|Air Balloon
|
|-weather|Snowscape|[upkeep]
|-heal|p1a: Great Tusk|88/100|[from] item: Leftovers
|upkeep
|turn|5
|
|t:|1779915018
|switch|p2a: Meowscarada|Meowscarada, F|100/100
|-end|p1a: Great Tusk|Protosynthesis|[silent]
|switch|p1a: Kingambit|Kingambit, F|100/100
|
|-weather|Snowscape|[upkeep]
|upkeep
|turn|6
|
|t:|1779915022
|move|p2a: Meowscarada|U-turn|p1a: Kingambit
|-start|p2a: Meowscarada|typechange|Bug|[from] ability: Protean
|-crit|p1a: Kingambit
|-damage|p1a: Kingambit|50/100
|
|t:|1779915027
|switch|p2a: Zamazenta|Zamazenta|100/100|[from] U-turn
|-ability|p2a: Zamazenta|Dauntless Shield|boost
|-boost|p2a: Zamazenta|def|1
|move|p1a: Kingambit|Iron Head|p2a: Zamazenta
|-crit|p2a: Zamazenta
|-damage|p2a: Zamazenta|53/100
|
|-weather|none
|-heal|p2a: Zamazenta|60/100|[from] item: Leftovers
|upkeep
|turn|7
|
|t:|1779915038
|-end|p1a: Kingambit|fallenundefined|[silent]
|switch|p1a: Dragapult|Dragapult, F|100/100
|move|p2a: Zamazenta|Crunch|p1a: Dragapult
|-supereffective|p1a: Dragapult
|-damage|p1a: Dragapult|46/100
|
|-heal|p1a: Dragapult|52/100|[from] item: Leftovers
|-heal|p2a: Zamazenta|66/100|[from] item: Leftovers
|upkeep
|turn|8
|
|t:|1779915059
|switch|p2a: Gholdengo|Gholdengo|93/100
|move|p1a: Dragapult|Phantom Force||[still]
|-prepare|p1a: Dragapult|Phantom Force
|
|-heal|p1a: Dragapult|58/100|[from] item: Leftovers
|upkeep
|turn|9
|
|t:|1779915082
|move|p1a: Dragapult|Phantom Force|p2a: Gholdengo|[from] lockedmove
|-supereffective|p2a: Gholdengo
|-damage|p2a: Gholdengo|32/100
|move|p2a: Gholdengo|Shadow Ball|p1a: Dragapult
|-supereffective|p1a: Dragapult
|-damage|p1a: Dragapult|0 fnt
|faint|p1a: Dragapult
|
|upkeep
|
|t:|1779915099
|switch|p1a: Kingambit|Kingambit, F|50/100
|-activate|p1a: Kingambit|ability: Supreme Overlord
|-start|p1a: Kingambit|fallen1|[silent]
|turn|10
|
|t:|1779915116
|switch|p2a: Zamazenta|Zamazenta|66/100
|move|p1a: Kingambit|Kowtow Cleave|p2a: Zamazenta
|-resisted|p2a: Zamazenta
|-crit|p2a: Zamazenta
|-damage|p2a: Zamazenta|33/100
|
|-heal|p2a: Zamazenta|40/100|[from] item: Leftovers
|upkeep
|turn|11
|
|t:|1779915173
|switch|p2a: Raging Bolt|Raging Bolt|100/100
|-end|p1a: Kingambit|fallen1|[silent]
|switch|p1a: Rotom|Rotom-Wash|100/100
|
|upkeep
|turn|12
|
|t:|1779915181
|move|p2a: Raging Bolt|Draco Meteor|p1a: Rotom|[miss]
|-miss|p2a: Raging Bolt|p1a: Rotom
|move|p1a: Rotom|Volt Switch|p2a: Raging Bolt
|-resisted|p2a: Raging Bolt
|-damage|p2a: Raging Bolt|94/100
|
|t:|1779915186
|switch|p1a: Great Tusk|Great Tusk|88/100|[from] Volt Switch
|
|-heal|p1a: Great Tusk|94/100|[from] item: Leftovers
|upkeep
|turn|13
|
|t:|1779915198
|-end|p2a: Raging Bolt|Protosynthesis|[silent]
|switch|p2a: Meowscarada|Meowscarada, F|100/100
|move|p1a: Great Tusk|Earthquake|p2a: Meowscarada
|-resisted|p2a: Meowscarada
|-damage|p2a: Meowscarada|66/100
|
|-heal|p1a: Great Tusk|99/100|[from] item: Leftovers
|upkeep
|turn|14
|
|t:|1779915208
|move|p2a: Meowscarada|Flower Trick|p1a: Great Tusk
|-start|p2a: Meowscarada|typechange|Grass|[from] ability: Protean
|-supereffective|p1a: Great Tusk
|-crit|p1a: Great Tusk
|-damage|p1a: Great Tusk|28/100
|move|p1a: Great Tusk|Ice Spinner|p2a: Meowscarada
|-supereffective|p2a: Meowscarada
|-damage|p2a: Meowscarada|0 fnt
|faint|p2a: Meowscarada
|
|-heal|p1a: Great Tusk|34/100|[from] item: Leftovers
|upkeep
|
|t:|1779915227
|switch|p2a: Cinderace|Cinderace, F|100/100
|turn|15
|
|t:|1779915230
|move|p2a: Cinderace|Pyro Ball|p1a: Great Tusk
|-damage|p1a: Great Tusk|8/100
|move|p1a: Great Tusk|Earthquake|p2a: Cinderace
|-supereffective|p2a: Cinderace
|-damage|p2a: Cinderace|0 fnt
|faint|p2a: Cinderace
|
|-heal|p1a: Great Tusk|14/100|[from] item: Leftovers
|upkeep
|
|t:|1779915234
|switch|p2a: Zamazenta|Zamazenta|40/100
|turn|16
|
|t:|1779915237
|move|p2a: Zamazenta|Body Press|p1a: Great Tusk
|-damage|p1a: Great Tusk|0 fnt
|faint|p1a: Great Tusk
|-end|p1a: Great Tusk|Protosynthesis|[silent]
|
|-heal|p2a: Zamazenta|46/100|[from] item: Leftovers
|upkeep
|
|t:|1779915242
|switch|p1a: Gholdengo|Gholdengo|100/100
|turn|17
|
|t:|1779915251
|switch|p2a: Slowking|Slowking-Galar, F|100/100
|move|p1a: Gholdengo|Shadow Ball|p2a: Slowking
|-supereffective|p2a: Slowking
|-damage|p2a: Slowking|48/100
|-unboost|p2a: Slowking|spd|1
|
|upkeep
|turn|18
|
|t:|1779915259
|move|p1a: Gholdengo|Shadow Ball|p2a: Slowking
|-supereffective|p2a: Slowking
|-damage|p2a: Slowking|0 fnt
|faint|p2a: Slowking
|
|upkeep
|
|t:|1779915262
|switch|p2a: Raging Bolt|Raging Bolt|94/100
|turn|19
|
|t:|1779915268
|move|p1a: Gholdengo|Shadow Ball|p2a: Raging Bolt
|-damage|p2a: Raging Bolt|51/100
|-unboost|p2a: Raging Bolt|spd|1
|move|p2a: Raging Bolt|Volt Switch|p1a: Gholdengo
|-damage|p1a: Gholdengo|23/100
|
|t:|1779915270
|-end|p2a: Raging Bolt|Protosynthesis|[silent]
|switch|p2a: Zamazenta|Zamazenta|46/100|[from] Volt Switch
|
|-heal|p2a: Zamazenta|52/100|[from] item: Leftovers
|upkeep
|turn|20
|
|t:|1779915274
|move|p1a: Gholdengo|Shadow Ball|p2a: Zamazenta
|-damage|p2a: Zamazenta|22/100
|move|p2a: Zamazenta|Crunch|p1a: Gholdengo
|-supereffective|p1a: Gholdengo
|-damage|p1a: Gholdengo|0 fnt
|faint|p1a: Gholdengo
|
|-heal|p2a: Zamazenta|28/100|[from] item: Leftovers
|upkeep
|
|t:|1779915284
|switch|p1a: Slowbro|Slowbro-Galar, M|54/100
|turn|21
|-activate|p1a: Slowbro|item: Quick Claw
|
|t:|1779915292
|switch|p2a: Gholdengo|Gholdengo|32/100
|move|p1a: Slowbro|Psychic|p2a: Gholdengo
|-resisted|p2a: Gholdengo
|-damage|p2a: Gholdengo|10/100
|
|upkeep
|turn|22
|
|t:|1779915299
|move|p2a: Gholdengo|Recover|p2a: Gholdengo
|-heal|p2a: Gholdengo|60/100
|move|p1a: Slowbro|Flamethrower|p2a: Gholdengo
|-supereffective|p2a: Gholdengo
|-crit|p2a: Gholdengo
|-damage|p2a: Gholdengo|0 fnt
|faint|p2a: Gholdengo
|
|upkeep
|
|t:|1779915304
|switch|p2a: Raging Bolt|Raging Bolt|51/100
|turn|23
|
|t:|1779915317
|switch|p1a: Kingambit|Kingambit, F|50/100
|-activate|p1a: Kingambit|ability: Supreme Overlord
|-start|p1a: Kingambit|fallen3|[silent]
|move|p2a: Raging Bolt|Volt Switch|p1a: Kingambit
|-damage|p1a: Kingambit|0 fnt
|faint|p1a: Kingambit
|-end|p1a: Kingambit|fallen3|[silent]
|
|t:|1779915320
|-end|p2a: Raging Bolt|Protosynthesis|[silent]
|switch|p2a: Zamazenta|Zamazenta|28/100|[from] Volt Switch
|
|-heal|p2a: Zamazenta|34/100|[from] item: Leftovers
|upkeep
|
|t:|1779915327
|switch|p1a: Rotom|Rotom-Wash|100/100
|turn|24
|
|t:|1779915332
|move|p2a: Zamazenta|Substitute|p2a: Zamazenta
|-start|p2a: Zamazenta|Substitute
|-damage|p2a: Zamazenta|9/100
|move|p1a: Rotom|Will-O-Wisp||[still]
|-fail|p1a: Rotom
|
|-heal|p2a: Zamazenta|15/100|[from] item: Leftovers
|upkeep
|turn|25
|
|t:|1779915337
|move|p2a: Zamazenta|Iron Defense|p2a: Zamazenta
|-boost|p2a: Zamazenta|def|2
|move|p1a: Rotom|Hydro Pump|p2a: Zamazenta|[miss]
|-miss|p1a: Rotom|p2a: Zamazenta
|
|-heal|p2a: Zamazenta|21/100|[from] item: Leftovers
|upkeep
|turn|26
|
|t:|1779915341
|move|p2a: Zamazenta|Body Press|p1a: Rotom
|-damage|p1a: Rotom|47/100
|-damage|p2a: Zamazenta|5/100|[from] item: Rocky Helmet|[of] p1a: Rotom
|move|p1a: Rotom|Hydro Pump|p2a: Zamazenta
|-end|p2a: Zamazenta|Substitute
|
|-heal|p2a: Zamazenta|11/100|[from] item: Leftovers
|upkeep
|turn|27
|
|t:|1779915348
|move|p2a: Zamazenta|Body Press|p1a: Rotom
|-damage|p1a: Rotom|0 fnt
|-damage|p2a: Zamazenta|0 fnt|[from] item: Rocky Helmet|[of] p1a: Rotom
|faint|p1a: Rotom
|faint|p2a: Zamazenta
|
|upkeep
|
|t:|1779915353
|switch|p2a: Raging Bolt|Raging Bolt|51/100
|switch|p1a: Slowbro|Slowbro-Galar, M|54/100
|turn|28
|
|t:|1779915355
|-terastallize|p1a: Slowbro|Poison
|move|p2a: Raging Bolt|Thunderbolt|p1a: Slowbro
|-damage|p1a: Slowbro|0 fnt
|faint|p1a: Slowbro
|
|win|Somnia XP
|raw|Carlao_rei's rating: 1418 &rarr; <strong>1398</strong><br />(-20 for losing)
|raw|Somnia XP's rating: 1421 &rarr; <strong>1441</strong><br />(+20 for winning)
|l|☆Carlao_rei
|player|p1|
|l|☆Somnia XP
|player|p2|
