|j|☆crepitansalt
|j|☆Srgtcobra
|t:|1779816122
|gametype|singles
|player|p1|crepitansalt|aetherfoundation2|1514
|player|p2|Srgtcobra|265|1538
|gen|9
|tier|[Gen 9] OU
|rated|
|rule|HP Percentage Mod: HP is shown in percentages
|rule|Endless Battle Clause: Forcing endless battles is banned
|rule|Species Clause: Limit one of each Pokémon
|rule|OHKO Clause: OHKO moves are banned
|rule|Evasion Items Clause: Evasion items are banned
|rule|Evasion Moves Clause: Evasion moves are banned
|rule|Evasion Abilities Clause: Evasion abilities are banned
|rule|Sleep Moves Clause: Sleep-inducing moves are banned
|clearpoke
|poke|p1|Weezing-Galar, M|
|poke|p1|Gliscor, M|
|poke|p1|Dondozo, M|
|poke|p1|Tyranitar, M|
|poke|p1|Corviknight, F|
|poke|p1|Dragapult, F|
|poke|p2|Araquanid, M|
|poke|p2|Enamorus, F|
|poke|p2|Honchkrow, F|
|poke|p2|Iron Hands|
|poke|p2|Breloom, F|
|poke|p2|Gholdengo|
|teampreview
|inactive|Battle timer is ON: inactive players will automatically lose when time's up. (requested by Srgtcobra)
|
|t:|1779816125
|teamsize|p1|6
|teamsize|p2|6
|start
|switch|p1a: idefpressidefpress|Corviknight, F|100/100
|switch|p2a: Araquanid|Araquanid, M|100/100
|-ability|p1a: idefpressidefpress|Pressure
|turn|1
|
|t:|1779816127
|move|p1a: idefpressidefpress|Brave Bird|p2a: Araquanid
|-supereffective|p2a: Araquanid
|-damage|p2a: Araquanid|15/100
|-damage|p1a: idefpressidefpress|76/100|[from] Recoil
|move|p2a: Araquanid|Surf|p1a: idefpressidefpress
|-damage|p1a: idefpressidefpress|27/100
|
|upkeep
|turn|2
|
|t:|1779816133
|move|p1a: idefpressidefpress|Roost|p1a: idefpressidefpress
|-heal|p1a: idefpressidefpress|77/100
|-singleturn|p1a: idefpressidefpress|move: Roost
|move|p2a: Araquanid|Sticky Web|p1a: idefpressidefpress
|-sidestart|p1: crepitansalt|move: Sticky Web
|
|upkeep
|turn|3
|
|t:|1779816138
|switch|p2a: Gholdengo|Gholdengo|100/100
|move|p1a: idefpressidefpress|Defog|p2a: Gholdengo
|-immune|p2a: Gholdengo|[from] ability: Good as Gold
|
|upkeep
|turn|4
|
|t:|1779816140
|move|p2a: Gholdengo|Nasty Plot|p2a: Gholdengo
|-boost|p2a: Gholdengo|spa|2
|move|p1a: idefpressidefpress|U-turn|p2a: Gholdengo
|-resisted|p2a: Gholdengo
|-damage|p2a: Gholdengo|98/100
|-damage|p1a: idefpressidefpress|61/100|[from] item: Rocky Helmet|[of] p2a: Gholdengo
|
|t:|1779816146
|switch|p1a: not banded|Tyranitar, M|100/100|[from] U-turn
|-activate|p1a: not banded|move: Sticky Web
|-unboost|p1a: not banded|spe|1
|-weather|Sandstorm|[from] ability: Sand Stream|[of] p1a: not banded
|
|-weather|Sandstorm|[upkeep]
|upkeep
|turn|5
|
|t:|1779816151
|switch|p2a: Breloom|Breloom, F|100/100
|move|p1a: not banded|Knock Off|p2a: Breloom
|-resisted|p2a: Breloom
|-damage|p2a: Breloom|63/100
|-enditem|p2a: Breloom|Loaded Dice|[from] move: Knock Off|[of] p1a: not banded
|
|-weather|Sandstorm|[upkeep]
|-damage|p2a: Breloom|57/100|[from] Sandstorm
|upkeep
|turn|6
|
|t:|1779816157
|switch|p1a: idefpressidefpress|Corviknight, F|61/100
|-ability|p1a: idefpressidefpress|Pressure
|move|p2a: Breloom|Rock Tomb|p1a: idefpressidefpress
|-damage|p1a: idefpressidefpress|43/100
|-unboost|p1a: idefpressidefpress|spe|1
|
|-weather|Sandstorm|[upkeep]
|-damage|p2a: Breloom|50/100|[from] Sandstorm
|upkeep
|turn|7
|
|t:|1779816164
|switch|p2a: Enamorus|Enamorus, F|100/100
|move|p1a: idefpressidefpress|Roost|p1a: idefpressidefpress
|-heal|p1a: idefpressidefpress|93/100
|-singleturn|p1a: idefpressidefpress|move: Roost
|
|-weather|Sandstorm|[upkeep]
|-damage|p2a: Enamorus|94/100|[from] Sandstorm
|upkeep
|turn|8
|
|t:|1779816167
|move|p2a: Enamorus|Mystical Fire|p1a: idefpressidefpress
|-supereffective|p1a: idefpressidefpress
|-damage|p1a: idefpressidefpress|13/100
|-unboost|p1a: idefpressidefpress|spa|1
|move|p1a: idefpressidefpress|Defog|p2a: Enamorus
|-boost|p2a: Enamorus|evasion|1
|-sideend|p1: crepitansalt|Sticky Web|[from] move: Defog|[of] p1a: idefpressidefpress
|
|-weather|none
|upkeep
|turn|9
|
|t:|1779816173
|switch|p1a: not banded|Tyranitar, M|100/100
|-weather|Sandstorm|[from] ability: Sand Stream|[of] p1a: not banded
|move|p2a: Enamorus|Mystical Fire|p1a: not banded
|-resisted|p1a: not banded
|-damage|p1a: not banded|95/100
|-unboost|p1a: not banded|spa|1
|
|-weather|Sandstorm|[upkeep]
|-damage|p2a: Enamorus|88/100|[from] Sandstorm
|upkeep
|turn|10
|c|☆crepitansalt|odds i land this stone edge
|c|☆crepitansalt|always bet on ttar
|
|t:|1779816198
|switch|p2a: Breloom|Breloom, F|50/100
|move|p1a: not banded|Stone Edge|p2a: Breloom
|-resisted|p2a: Breloom
|-damage|p2a: Breloom|14/100
|
|-weather|Sandstorm|[upkeep]
|-damage|p2a: Breloom|8/100|[from] Sandstorm
|upkeep
|turn|11
|
|t:|1779816204
|switch|p1a: idefpressidefpress|Corviknight, F|13/100
|-ability|p1a: idefpressidefpress|Pressure
|move|p2a: Breloom|Bullet Seed|p1a: idefpressidefpress
|-resisted|p1a: idefpressidefpress
|-damage|p1a: idefpressidefpress|10/100
|-resisted|p1a: idefpressidefpress
|-damage|p1a: idefpressidefpress|8/100
|-resisted|p1a: idefpressidefpress
|-damage|p1a: idefpressidefpress|5/100
|-hitcount|p1a: idefpressidefpress|3
|
|-weather|Sandstorm|[upkeep]
|-damage|p2a: Breloom|2/100|[from] Sandstorm
|upkeep
|turn|12
|
|t:|1779816217
|move|p2a: Breloom|Rock Tomb|p1a: idefpressidefpress
|-damage|p1a: idefpressidefpress|0 fnt
|faint|p1a: idefpressidefpress
|
|-weather|Sandstorm|[upkeep]
|-damage|p2a: Breloom|0 fnt|[from] Sandstorm
|faint|p2a: Breloom
|upkeep
|
|t:|1779816223
|switch|p2a: Enamorus|Enamorus, F|88/100
|switch|p1a: not specs|Dragapult, F|100/100
|turn|13
|
|t:|1779816226
|-terastallize|p1a: not specs|Ghost
|-terastallize|p2a: Enamorus|Fairy
|move|p1a: not specs|Shadow Ball|p2a: Enamorus
|-damage|p2a: Enamorus|0 fnt
|faint|p2a: Enamorus
|
|-weather|none
|upkeep
|
|t:|1779816229
|switch|p2a: Honchkrow|Honchkrow, F|100/100
|turn|14
|
|t:|1779816238
|switch|p1a: get gweezered|Weezing-Galar, M|100/100
|-ability|p1a: get gweezered|Neutralizing Gas
|move|p2a: Honchkrow|Night Slash|p1a: get gweezered
|-resisted|p1a: get gweezered
|-crit|p1a: get gweezered
|-damage|p1a: get gweezered|84/100
|
|upkeep
|turn|15
|
|t:|1779816245
|move|p2a: Honchkrow|Brave Bird|p1a: get gweezered
|-damage|p1a: get gweezered|43/100
|-damage|p2a: Honchkrow|87/100|[from] Recoil
|move|p1a: get gweezered|Strange Steam|p2a: Honchkrow
|-supereffective|p2a: Honchkrow
|-damage|p2a: Honchkrow|0 fnt
|faint|p2a: Honchkrow
|
|upkeep
|
|t:|1779816251
|switch|p2a: Gholdengo|Gholdengo|98/100
|turn|16
|
|t:|1779816254
|-end|p1a: get gweezered|ability: Neutralizing Gas
|switch|p1a: not banded|Tyranitar, M|95/100
|-weather|Sandstorm|[from] ability: Sand Stream|[of] p1a: not banded
|move|p2a: Gholdengo|Make It Rain|p1a: not banded
|-supereffective|p1a: not banded
|-damage|p1a: not banded|67/100
|-unboost|p2a: Gholdengo|spa|1
|
|-weather|Sandstorm|[upkeep]
|upkeep
|turn|17
|
|t:|1779816262
|switch|p2a: Araquanid|Araquanid, M|15/100
|move|p1a: not banded|Knock Off|p2a: Araquanid
|-damage|p2a: Araquanid|0 fnt
|-enditem|p2a: Araquanid|Focus Sash|[from] move: Knock Off|[of] p1a: not banded
|faint|p2a: Araquanid
|
|-weather|Sandstorm|[upkeep]
|upkeep
|
|t:|1779816264
|switch|p2a: Iron Hands|Iron Hands|100/100
|turn|18
|
|t:|1779816268
|switch|p1a: get gweezered|Weezing-Galar, M|43/100
|-ability|p1a: get gweezered|Neutralizing Gas
|move|p2a: Iron Hands|Drain Punch|p1a: get gweezered
|-resisted|p1a: get gweezered
|-damage|p1a: get gweezered|37/100
|
|-weather|Sandstorm|[upkeep]
|-damage|p1a: get gweezered|31/100|[from] Sandstorm
|-damage|p2a: Iron Hands|94/100|[from] Sandstorm
|upkeep
|turn|19
|
|t:|1779816271
|move|p1a: get gweezered|Pain Split|p2a: Iron Hands
|-sethp|p2a: Iron Hands|58/100|[from] move: Pain Split|[silent]
|-sethp|p1a: get gweezered|86/100|[from] move: Pain Split
|move|p2a: Iron Hands|Heavy Slam|p1a: get gweezered
|-supereffective|p1a: get gweezered
|-damage|p1a: get gweezered|38/100
|
|-weather|Sandstorm|[upkeep]
|-damage|p1a: get gweezered|32/100|[from] Sandstorm
|-damage|p2a: Iron Hands|51/100|[from] Sandstorm
|upkeep
|turn|20
|
|t:|1779816278
|move|p1a: get gweezered|Will-O-Wisp|p2a: Iron Hands
|-status|p2a: Iron Hands|brn
|move|p2a: Iron Hands|Heavy Slam|p1a: get gweezered
|-supereffective|p1a: get gweezered
|-damage|p1a: get gweezered|4/100
|
|-weather|none
|-damage|p2a: Iron Hands|45/100 brn|[from] brn
|upkeep
|turn|21
|
|t:|1779816283
|move|p1a: get gweezered|Strange Steam|p2a: Iron Hands
|-supereffective|p2a: Iron Hands
|-damage|p2a: Iron Hands|22/100 brn
|move|p2a: Iron Hands|Heavy Slam|p1a: get gweezered
|-supereffective|p1a: get gweezered
|-damage|p1a: get gweezered|0 fnt
|faint|p1a: get gweezered
|-end|p1a: get gweezered|ability: Neutralizing Gas
|
|-damage|p2a: Iron Hands|16/100 brn|[from] brn
|upkeep
|
|t:|1779816285
|switch|p1a: not specs|Dragapult, F, tera:Ghost|100/100
|turn|22
|
|t:|1779816288
|move|p1a: not specs|Shadow Ball|p2a: Iron Hands
|-damage|p2a: Iron Hands|0 fnt
|faint|p2a: Iron Hands
|-end|p2a: Iron Hands|Quark Drive|[silent]
|
|upkeep
|c|☆crepitansalt|gg
|-message|Srgtcobra forfeited.
|
|win|crepitansalt
|raw|crepitansalt's rating: 1514 &rarr; <strong>1535</strong><br />(+21 for winning)
|raw|Srgtcobra's rating: 1538 &rarr; <strong>1517</strong><br />(-21 for losing)
|l|☆Srgtcobra
|player|p2|
|l|☆crepitansalt
|player|p1|
