|j|☆toasterovens123
|j|☆Srgtcobra
|t:|1779891318
|gametype|singles
|player|p1|toasterovens123|volo|1555
|player|p2|Srgtcobra|102|1644
|gen|9
|tier|[Gen 9] OU
|rated|
|rule|HP Percentage Mod: HP is shown in percentages
|rule|Endless Battle Clause: Forcing endless battles is banned
|rule|Species Clause: Limit one of each Pokémon
|rule|OHKO Clause: OHKO moves are banned
|rule|Evasion Items Clause: Evasion items are banned
|rule|Evasion Moves Clause: Evasion moves are banned
|rule|Evasion Abilities Clause: Evasion abilities are banned
|rule|Sleep Moves Clause: Sleep-inducing moves are banned
|clearpoke
|poke|p1|Dragapult, M|
|poke|p1|Gliscor, F|
|poke|p1|Ogerpon-Wellspring, F|
|poke|p1|Iron Crown|
|poke|p1|Ting-Lu|
|poke|p1|Kingambit, M|
|poke|p2|Araquanid, M|
|poke|p2|Enamorus, F|
|poke|p2|Honchkrow, M|
|poke|p2|Iron Hands|
|poke|p2|Breloom, M|
|poke|p2|Gholdengo|
|teampreview
|inactive|Battle timer is ON: inactive players will automatically lose when time's up. (requested by Srgtcobra)
|inactive|toasterovens123 has 120 seconds left.
|
|t:|1779891356
|teamsize|p1|6
|teamsize|p2|6
|start
|switch|p1a: Ting-Lu|Ting-Lu|100/100
|switch|p2a: Araquanid|Araquanid, M|100/100
|-ability|p1a: Ting-Lu|Vessel of Ruin
|turn|1
|
|t:|1779891358
|move|p1a: Ting-Lu|Taunt|p2a: Araquanid
|-start|p2a: Araquanid|move: Taunt
|move|p2a: Araquanid|Surf|p1a: Ting-Lu
|-supereffective|p1a: Ting-Lu
|-damage|p1a: Ting-Lu|48/100
|
|upkeep
|turn|2
|
|t:|1779891365
|switch|p1a: Ogerpon|Ogerpon-Wellspring, F|100/100
|move|p2a: Araquanid|Surf|p1a: Ogerpon
|-immune|p1a: Ogerpon|[from] ability: Water Absorb
|
|upkeep
|turn|3
|
|t:|1779891372
|switch|p2a: Breloom|Breloom, M|100/100
|move|p1a: Ogerpon|Knock Off|p2a: Breloom
|-resisted|p2a: Breloom
|-damage|p2a: Breloom|70/100
|-enditem|p2a: Breloom|Loaded Dice|[from] move: Knock Off|[of] p1a: Ogerpon
|
|upkeep
|turn|4
|
|t:|1779891377
|move|p1a: Ogerpon|U-turn|p2a: Breloom
|-damage|p2a: Breloom|29/100
|
|t:|1779891384
|switch|p1a: Gliscor|Gliscor, F|100/100|[from] U-turn
|move|p2a: Breloom|Bullet Seed|p1a: Gliscor
|-damage|p1a: Gliscor|85/100
|-damage|p1a: Gliscor|70/100
|-hitcount|p1a: Gliscor|2
|
|-status|p1a: Gliscor|tox|[from] item: Toxic Orb
|upkeep
|turn|5
|
|t:|1779891400
|switch|p2a: Araquanid|Araquanid, M|100/100
|move|p1a: Gliscor|Toxic Spikes|p2a: Araquanid
|-sidestart|p2: Srgtcobra|move: Toxic Spikes
|
|-heal|p1a: Gliscor|82/100 tox|[from] ability: Poison Heal
|upkeep
|turn|6
|
|t:|1779891410
|move|p1a: Gliscor|Toxic Spikes|p2a: Araquanid
|-sidestart|p2: Srgtcobra|move: Toxic Spikes
|move|p2a: Araquanid|Surf|p1a: Gliscor
|-supereffective|p1a: Gliscor
|-damage|p1a: Gliscor|0 fnt
|faint|p1a: Gliscor
|
|upkeep
|
|t:|1779891415
|switch|p1a: Ogerpon|Ogerpon-Wellspring, F|100/100
|turn|7
|
|t:|1779891420
|move|p1a: Ogerpon|Knock Off|p2a: Araquanid
|-damage|p2a: Araquanid|61/100
|-enditem|p2a: Araquanid|Focus Sash|[from] move: Knock Off|[of] p1a: Ogerpon
|move|p2a: Araquanid|Sticky Web|p1a: Ogerpon
|-sidestart|p1: toasterovens123|move: Sticky Web
|
|upkeep
|turn|8
|
|t:|1779891436
|move|p1a: Ogerpon|Knock Off|p2a: Araquanid
|-damage|p2a: Araquanid|31/100
|move|p2a: Araquanid|Bug Buzz|p1a: Ogerpon
|-supereffective|p1a: Ogerpon
|-damage|p1a: Ogerpon|40/100
|
|upkeep
|turn|9
|
|t:|1779891449
|move|p1a: Ogerpon|U-turn|p2a: Araquanid
|-damage|p2a: Araquanid|2/100
|
|t:|1779891462
|switch|p1a: Dragapult|Dragapult, M|100/100|[from] U-turn
|move|p2a: Araquanid|Bug Buzz|p1a: Dragapult
|-resisted|p1a: Dragapult
|-damage|p1a: Dragapult|83/100
|
|upkeep
|turn|10
|
|t:|1779891467
|move|p1a: Dragapult|Hex|p2a: Araquanid
|-damage|p2a: Araquanid|0 fnt
|faint|p2a: Araquanid
|
|upkeep
|
|t:|1779891470
|switch|p2a: Honchkrow|Honchkrow, M|100/100
|turn|11
|
|t:|1779891476
|move|p2a: Honchkrow|Sucker Punch|p1a: Dragapult
|-supereffective|p1a: Dragapult
|-damage|p1a: Dragapult|0 fnt
|faint|p1a: Dragapult
|
|upkeep
|
|t:|1779891485
|switch|p1a: Ting-Lu|Ting-Lu|48/100
|-activate|p1a: Ting-Lu|move: Sticky Web
|-unboost|p1a: Ting-Lu|spe|1
|-ability|p1a: Ting-Lu|Vessel of Ruin
|turn|12
|
|t:|1779891488
|move|p2a: Honchkrow|U-turn|p1a: Ting-Lu
|-supereffective|p1a: Ting-Lu
|-crit|p1a: Ting-Lu
|-damage|p1a: Ting-Lu|6/100
|-damage|p2a: Honchkrow|84/100|[from] item: Rocky Helmet|[of] p1a: Ting-Lu
|
|t:|1779891490
|switch|p2a: Breloom|Breloom, M|29/100|[from] U-turn
|-status|p2a: Breloom|tox
|move|p1a: Ting-Lu|Stealth Rock|p2a: Breloom
|-sidestart|p2: Srgtcobra|move: Stealth Rock
|
|-damage|p2a: Breloom|23/100 tox|[from] psn
|upkeep
|turn|13
|
|t:|1779891496
|move|p2a: Breloom|Bullet Seed|p1a: Ting-Lu
|-supereffective|p1a: Ting-Lu
|-damage|p1a: Ting-Lu|0 fnt
|faint|p1a: Ting-Lu
|-hitcount|p1: Ting-Lu|1
|
|-damage|p2a: Breloom|11/100 tox|[from] psn
|upkeep
|
|t:|1779891504
|switch|p1a: Ogerpon|Ogerpon-Wellspring, F|40/100
|-activate|p1a: Ogerpon|move: Sticky Web
|-unboost|p1a: Ogerpon|spe|1
|turn|14
|
|t:|1779891511
|move|p2a: Breloom|Bullet Seed|p1a: Ogerpon
|-damage|p1a: Ogerpon|14/100
|-damage|p1a: Ogerpon|0 fnt
|faint|p1a: Ogerpon
|-hitcount|p1: Ogerpon|2
|
|-damage|p2a: Breloom|0 fnt|[from] psn
|faint|p2a: Breloom
|upkeep
|
|t:|1779891520
|switch|p1a: Iron Crown|Iron Crown|100/100
|switch|p2a: Enamorus|Enamorus, F|100/100
|-damage|p2a: Enamorus|76/100|[from] Stealth Rock
|-activate|p1a: Iron Crown|move: Sticky Web
|-unboost|p1a: Iron Crown|spe|1
|-enditem|p1a: Iron Crown|Booster Energy
|-activate|p1a: Iron Crown|ability: Quark Drive|[fromitem]
|-start|p1a: Iron Crown|quarkdrivespa
|turn|15
|
|t:|1779891528
|move|p2a: Enamorus|Earth Power|p1a: Iron Crown
|-supereffective|p1a: Iron Crown
|-damage|p1a: Iron Crown|4/100
|move|p1a: Iron Crown|Tachyon Cutter|p2a: Enamorus
|-supereffective|p2a: Enamorus
|-damage|p2a: Enamorus|0 fnt
|faint|p2a: Enamorus
|-hitcount|p2: Enamorus|1
|
|upkeep
|
|t:|1779891534
|switch|p2a: Honchkrow|Honchkrow, M|84/100
|-damage|p2a: Honchkrow|59/100|[from] Stealth Rock
|turn|16
|
|t:|1779891542
|move|p2a: Honchkrow|U-turn|p1a: Iron Crown
|-damage|p1a: Iron Crown|0 fnt
|faint|p1a: Iron Crown
|-end|p1a: Iron Crown|Quark Drive|[silent]
|
|t:|1779891544
|switch|p2a: Iron Hands|Iron Hands|100/100|[from] U-turn
|-status|p2a: Iron Hands|tox
|-damage|p2a: Iron Hands|94/100 tox|[from] Stealth Rock
|
|-damage|p2a: Iron Hands|88/100 tox|[from] psn
|upkeep
|
|t:|1779891546
|switch|p1a: Kingambit|Kingambit, M|100/100
|-activate|p1a: Kingambit|ability: Supreme Overlord
|-start|p1a: Kingambit|fallen5|[silent]
|-item|p1a: Kingambit|Air Balloon
|turn|17
|
|t:|1779891562
|-terastallize|p1a: Kingambit|Dark
|move|p1a: Kingambit|Swords Dance|p1a: Kingambit
|-boost|p1a: Kingambit|atk|2
|move|p2a: Iron Hands|Supercell Slam|p1a: Kingambit
|-damage|p1a: Kingambit|62/100
|-enditem|p1a: Kingambit|Air Balloon
|
|-damage|p2a: Iron Hands|76/100 tox|[from] psn
|upkeep
|turn|18
|
|t:|1779891569
|move|p1a: Kingambit|Low Kick|p2a: Iron Hands
|-damage|p2a: Iron Hands|0 fnt
|faint|p2a: Iron Hands
|-end|p2a: Iron Hands|Quark Drive|[silent]
|
|upkeep
|
|t:|1779891573
|switch|p2a: Gholdengo|Gholdengo|100/100
|-damage|p2a: Gholdengo|94/100|[from] Stealth Rock
|turn|19
|
|t:|1779891586
|-terastallize|p2a: Gholdengo|Flying
|move|p1a: Kingambit|Kowtow Cleave|p2a: Gholdengo
|-damage|p2a: Gholdengo|0 fnt
|-damage|p1a: Kingambit|45/100|[from] item: Rocky Helmet|[of] p2a: Gholdengo
|faint|p2a: Gholdengo
|
|upkeep
|
|t:|1779891593
|switch|p2a: Honchkrow|Honchkrow, M|59/100
|-damage|p2a: Honchkrow|34/100|[from] Stealth Rock
|turn|20
|
|t:|1779891602
|move|p1a: Kingambit|Sucker Punch|p2a: Honchkrow
|-resisted|p2a: Honchkrow
|-damage|p2a: Honchkrow|0 fnt
|faint|p2a: Honchkrow
|
|win|toasterovens123
|raw|toasterovens123's rating: 1555 &rarr; <strong>1580</strong><br />(+25 for winning)
|raw|Srgtcobra's rating: 1644 &rarr; <strong>1619</strong><br />(-25 for losing)
|l|☆Srgtcobra
|player|p2|
