|j|☆My Alexandra
|j|☆claudechamp
|t:|1779805775
|gametype|singles
|player|p1|My Alexandra|caitlin-masters|1337
|player|p2|claudechamp|265|1328
|gen|9
|tier|[Gen 9] OU
|rated|
|rule|HP Percentage Mod: HP is shown in percentages
|rule|Endless Battle Clause: Forcing endless battles is banned
|rule|Species Clause: Limit one of each Pokémon
|rule|OHKO Clause: OHKO moves are banned
|rule|Evasion Items Clause: Evasion items are banned
|rule|Evasion Moves Clause: Evasion moves are banned
|rule|Evasion Abilities Clause: Evasion abilities are banned
|rule|Sleep Moves Clause: Sleep-inducing moves are banned
|clearpoke
|poke|p1|Conkeldurr, M|
|poke|p1|Dragonite, F|
|poke|p1|Heatran, F|
|poke|p1|Pecharunt|
|poke|p1|Ting-Lu|
|poke|p1|Primarina, M|
|poke|p2|Corviknight, M|
|poke|p2|Ting-Lu|
|poke|p2|Kyurem|
|poke|p2|Dondozo, F|
|poke|p2|Slowking-Galar, F|
|poke|p2|Cinderace, M|
|teampreview
|c|☆claudechamp|hf
|inactive|Battle timer is ON: inactive players will automatically lose when time's up. (requested by My Alexandra)
|inactive|claudechamp also wants the timer to be on.
|
|t:|1779805786
|teamsize|p1|6
|teamsize|p2|6
|start
|switch|p1a: Heatran|Heatran, F|100/100
|switch|p2a: Cinderace|Cinderace, M|100/100
|turn|1
|
|t:|1779805794
|switch|p2a: Kyurem|Kyurem|100/100
|-ability|p2a: Kyurem|Pressure
|move|p1a: Heatran|Earth Power|p2a: Kyurem
|-damage|p2a: Kyurem|76/100
|
|-heal|p2a: Kyurem|82/100|[from] item: Leftovers
|upkeep
|turn|2
|
|t:|1779805803
|switch|p1a: Dragonite|Dragonite, F|100/100
|move|p2a: Kyurem|Freeze-Dry|p1a: Dragonite
|-supereffective|p1a: Dragonite
|-damage|p1a: Dragonite|27/100
|
|-heal|p2a: Kyurem|88/100|[from] item: Leftovers
|upkeep
|turn|3
|
|t:|1779805809
|switch|p1a: Heatran|Heatran, F|100/100
|move|p2a: Kyurem|Freeze-Dry|p1a: Heatran
|-resisted|p1a: Heatran
|-damage|p1a: Heatran|95/100
|
|-heal|p2a: Kyurem|95/100|[from] item: Leftovers
|-heal|p1a: Heatran|100/100|[from] item: Leftovers
|upkeep
|turn|4
|
|t:|1779805811
|move|p2a: Kyurem|Earth Power|p1a: Heatran
|-supereffective|p1a: Heatran
|-damage|p1a: Heatran|27/100
|-unboost|p1a: Heatran|spd|1
|move|p1a: Heatran|Magma Storm|p2a: Kyurem
|-damage|p2a: Kyurem|54/100
|-activate|p2a: Kyurem|move: Magma Storm|[of] p1a: Heatran
|
|-heal|p2a: Kyurem|60/100|[from] item: Leftovers
|-heal|p1a: Heatran|33/100|[from] item: Leftovers
|-damage|p2a: Kyurem|48/100|[from] move: Magma Storm|[partiallytrapped]
|upkeep
|turn|5
|
|t:|1779805821
|switch|p1a: Primarina|Primarina, M|100/100
|move|p2a: Kyurem|Earth Power|p1a: Primarina
|-damage|p1a: Primarina|81/100
|
|-heal|p2a: Kyurem|54/100|[from] item: Leftovers
|-end|p2a: Kyurem|Magma Storm|[partiallytrapped]|[silent]
|upkeep
|turn|6
|
|t:|1779805830
|move|p2a: Kyurem|Earth Power|p1a: Primarina
|-damage|p1a: Primarina|61/100
|move|p1a: Primarina|Moonblast|p2a: Kyurem
|-supereffective|p2a: Kyurem
|-damage|p2a: Kyurem|0 fnt
|faint|p2a: Kyurem
|
|upkeep
|
|t:|1779805833
|switch|p2a: Ting-Lu|Ting-Lu|100/100
|-ability|p2a: Ting-Lu|Vessel of Ruin
|turn|7
|
|t:|1779805837
|switch|p1a: Conkeldurr|Conkeldurr, M|100/100
|move|p2a: Ting-Lu|Payback|p1a: Conkeldurr
|-resisted|p1a: Conkeldurr
|-damage|p1a: Conkeldurr|92/100
|
|-status|p1a: Conkeldurr|brn|[from] item: Flame Orb
|upkeep
|turn|8
|
|t:|1779805843
|move|p1a: Conkeldurr|Drain Punch|p2a: Ting-Lu
|-supereffective|p2a: Ting-Lu
|-damage|p2a: Ting-Lu|28/100
|-heal|p1a: Conkeldurr|100/100 brn|[from] drain|[of] p2a: Ting-Lu
|move|p2a: Ting-Lu|Earthquake|p1a: Conkeldurr
|-damage|p1a: Conkeldurr|67/100 brn
|
|-heal|p2a: Ting-Lu|34/100|[from] item: Leftovers
|-damage|p1a: Conkeldurr|61/100 brn|[from] brn
|upkeep
|turn|9
|
|t:|1779805848
|switch|p2a: Slowking|Slowking-Galar, F|100/100
|move|p1a: Conkeldurr|Drain Punch|p2a: Slowking
|-resisted|p2a: Slowking
|-damage|p2a: Slowking|88/100
|-heal|p1a: Conkeldurr|67/100 brn|[from] drain|[of] p2a: Slowking
|
|-damage|p1a: Conkeldurr|61/100 brn|[from] brn
|upkeep
|turn|10
|
|t:|1779805852
|move|p1a: Conkeldurr|Knock Off|p2a: Slowking
|-supereffective|p2a: Slowking
|-damage|p2a: Slowking|3/100
|-enditem|p2a: Slowking|Shuca Berry|[from] move: Knock Off|[of] p1a: Conkeldurr
|-prepare|p2a: Slowking|Chilly Reception|[premajor]
|move|p2a: Slowking|Chilly Reception|p2a: Slowking
|-weather|Snowscape
|
|t:|1779805854
|switch|p2a: Corviknight|Corviknight, M|100/100|[from] Chilly Reception
|-ability|p2a: Corviknight|Pressure
|
|-weather|Snowscape|[upkeep]
|-damage|p1a: Conkeldurr|54/100 brn|[from] brn
|upkeep
|turn|11
|
|t:|1779805860
|switch|p1a: Heatran|Heatran, F|33/100
|move|p2a: Corviknight|U-turn|p1a: Heatran
|-resisted|p1a: Heatran
|-damage|p1a: Heatran|30/100
|
|t:|1779805864
|switch|p2a: Ting-Lu|Ting-Lu|34/100|[from] U-turn
|-ability|p2a: Ting-Lu|Vessel of Ruin
|
|-weather|Snowscape|[upkeep]
|-heal|p1a: Heatran|36/100|[from] item: Leftovers
|-heal|p2a: Ting-Lu|40/100|[from] item: Leftovers
|upkeep
|turn|12
|
|t:|1779805869
|switch|p1a: Primarina|Primarina, M|61/100
|move|p2a: Ting-Lu|Rest|p2a: Ting-Lu
|-status|p2a: Ting-Lu|slp|[from] move: Rest
|-heal|p2a: Ting-Lu|100/100 slp|[silent]
|
|-weather|Snowscape|[upkeep]
|upkeep
|turn|13
|
|t:|1779805873
|switch|p2a: Slowking|Slowking-Galar, F|36/100
|move|p1a: Primarina|Moonblast|p2a: Slowking
|-resisted|p2a: Slowking
|-damage|p2a: Slowking|16/100
|-unboost|p2a: Slowking|spa|1
|
|-weather|Snowscape|[upkeep]
|upkeep
|turn|14
|
|t:|1779805884
|switch|p2a: Corviknight|Corviknight, M|100/100
|-ability|p2a: Corviknight|Pressure
|move|p1a: Primarina|Surf|p2a: Corviknight
|-damage|p2a: Corviknight|55/100
|
|-weather|none
|upkeep
|turn|15
|
|t:|1779805890
|move|p1a: Primarina|Psychic Noise|p2a: Corviknight
|-resisted|p2a: Corviknight
|-damage|p2a: Corviknight|41/100
|-start|p2a: Corviknight|move: Heal Block
|cant|p2a: Corviknight|move: Heal Block|Roost
|
|upkeep
|turn|16
|
|t:|1779805898
|switch|p2a: Dondozo|Dondozo, F|100/100
|move|p1a: Primarina|Surf|p2a: Dondozo
|-resisted|p2a: Dondozo
|-damage|p2a: Dondozo|86/100
|
|-heal|p2a: Dondozo|92/100|[from] item: Leftovers
|upkeep
|turn|17
|
|t:|1779805904
|move|p1a: Primarina|Psychic Noise|p2a: Dondozo
|-damage|p2a: Dondozo|73/100
|-start|p2a: Dondozo|move: Heal Block
|move|p2a: Dondozo|Waterfall|p1a: Primarina
|-resisted|p1a: Primarina
|-damage|p1a: Primarina|41/100
|
|upkeep
|turn|18
|
|t:|1779805908
|move|p1a: Primarina|Moonblast|p2a: Dondozo
|-damage|p2a: Dondozo|40/100
|move|p2a: Dondozo|Waterfall|p1a: Primarina
|-resisted|p1a: Primarina
|-damage|p1a: Primarina|23/100
|
|-end|p2a: Dondozo|move: Heal Block
|upkeep
|turn|19
|
|t:|1779805918
|move|p1a: Primarina|Psychic Noise|p2a: Dondozo
|-damage|p2a: Dondozo|23/100
|-start|p2a: Dondozo|move: Heal Block
|cant|p2a: Dondozo|move: Heal Block|Rest
|
|upkeep
|turn|20
|
|t:|1779805926
|move|p1a: Primarina|Moonblast|p2a: Dondozo
|-damage|p2a: Dondozo|0 fnt
|faint|p2a: Dondozo
|
|upkeep
|
|t:|1779805937
|switch|p2a: Cinderace|Cinderace, M|100/100
|turn|21
|
|t:|1779805942
|move|p2a: Cinderace|Pyro Ball|p1a: Primarina|[miss]
|-miss|p2a: Cinderace|p1a: Primarina
|move|p1a: Primarina|Flip Turn|p2a: Cinderace
|-supereffective|p2a: Cinderace
|-damage|p2a: Cinderace|45/100
|
|t:|1779805945
|switch|p1a: Heatran|Heatran, F|36/100|[from] Flip Turn
|
|-heal|p1a: Heatran|42/100|[from] item: Leftovers
|upkeep
|turn|22
|
|t:|1779805952
|move|p2a: Cinderace|Pyro Ball|p1a: Heatran
|-start|p1a: Heatran|ability: Flash Fire
|move|p1a: Heatran|Magma Storm|p2a: Cinderace
|-resisted|p2a: Cinderace
|-damage|p2a: Cinderace|7/100
|-activate|p2a: Cinderace|move: Magma Storm|[of] p1a: Heatran
|
|-heal|p1a: Heatran|49/100|[from] item: Leftovers
|-damage|p2a: Cinderace|0 fnt|[from] move: Magma Storm|[partiallytrapped]
|faint|p2a: Cinderace
|upkeep
|
|t:|1779805960
|switch|p2a: Ting-Lu|Ting-Lu|100/100 slp
|-ability|p2a: Ting-Lu|Vessel of Ruin
|turn|23
|
|t:|1779805971
|-end|p1a: Heatran|ability: Flash Fire|[silent]
|switch|p1a: Conkeldurr|Conkeldurr, M|54/100 brn
|cant|p2a: Ting-Lu|slp
|move|p2a: Ting-Lu|Sleep Talk|p2a: Ting-Lu
|move|p2a: Ting-Lu|Earthquake|p1a: Conkeldurr|[from] move: Sleep Talk
|-damage|p1a: Conkeldurr|22/100 brn
|
|-damage|p1a: Conkeldurr|16/100 brn|[from] brn
|upkeep
|turn|24
|
|t:|1779805987
|-terastallize|p2a: Ting-Lu|Water
|move|p1a: Conkeldurr|Drain Punch|p2a: Ting-Lu
|-damage|p2a: Ting-Lu|65/100 slp
|-heal|p1a: Conkeldurr|38/100 brn|[from] drain|[of] p2a: Ting-Lu
|cant|p2a: Ting-Lu|slp
|move|p2a: Ting-Lu|Sleep Talk|p2a: Ting-Lu
|move|p2a: Ting-Lu|Payback|p1a: Conkeldurr|[from] move: Sleep Talk
|-resisted|p1a: Conkeldurr
|-damage|p1a: Conkeldurr|20/100 brn
|
|-heal|p2a: Ting-Lu|72/100 slp|[from] item: Leftovers
|-damage|p1a: Conkeldurr|14/100 brn|[from] brn
|upkeep
|turn|25
|
|t:|1779806000
|move|p1a: Conkeldurr|Knock Off|p2a: Ting-Lu
|-damage|p2a: Ting-Lu|40/100 slp
|-enditem|p2a: Ting-Lu|Leftovers|[from] move: Knock Off|[of] p1a: Conkeldurr
|-curestatus|p2a: Ting-Lu|slp|[msg]
|move|p2a: Ting-Lu|Earthquake|p1a: Conkeldurr
|-damage|p1a: Conkeldurr|0 fnt
|faint|p1a: Conkeldurr
|
|upkeep
|
|t:|1779806009
|switch|p1a: Pecharunt|Pecharunt|100/100
|turn|26
|
|t:|1779806014
|move|p1a: Pecharunt|Malignant Chain|p2a: Ting-Lu
|-damage|p2a: Ting-Lu|27/100
|-status|p2a: Ting-Lu|tox
|-start|p2a: Ting-Lu|confusion|[from] ability: Poison Puppeteer|[of] p1a: Pecharunt
|-activate|p2a: Ting-Lu|confusion
|move|p2a: Ting-Lu|Payback|p1a: Pecharunt
|-supereffective|p1a: Pecharunt
|-damage|p1a: Pecharunt|63/100
|
|-damage|p2a: Ting-Lu|21/100 tox|[from] psn
|upkeep
|turn|27
|
|t:|1779806029
|move|p1a: Pecharunt|Recover|p1a: Pecharunt
|-heal|p1a: Pecharunt|100/100
|-end|p2a: Ting-Lu|confusion
|move|p2a: Ting-Lu|Rest|p2a: Ting-Lu
|-status|p2a: Ting-Lu|slp|[from] move: Rest
|-heal|p2a: Ting-Lu|100/100 slp|[silent]
|
|upkeep
|turn|28
|
|t:|1779806044
|move|p1a: Pecharunt|Parting Shot|p2a: Ting-Lu
|-unboost|p2a: Ting-Lu|atk|1
|-unboost|p2a: Ting-Lu|spa|1
|
|t:|1779806047
|switch|p1a: Dragonite|Dragonite, F|27/100|[from] Parting Shot
|cant|p2a: Ting-Lu|slp
|move|p2a: Ting-Lu|Sleep Talk|p2a: Ting-Lu
|move|p2a: Ting-Lu|Payback|p1a: Dragonite|[from] move: Sleep Talk
|-damage|p1a: Dragonite|14/100
|
|upkeep
|turn|29
|
|t:|1779806060
|switch|p2a: Slowking|Slowking-Galar, F|49/100
|move|p1a: Dragonite|Dragon Dance|p1a: Dragonite
|-boost|p1a: Dragonite|atk|1
|-boost|p1a: Dragonite|spe|1
|
|upkeep
|turn|30
|
|t:|1779806073
|move|p1a: Dragonite|Earthquake|p2a: Slowking
|-supereffective|p2a: Slowking
|-damage|p2a: Slowking|0 fnt
|faint|p2a: Slowking
|
|upkeep
|
|t:|1779806084
|switch|p2a: Corviknight|Corviknight, M|41/100
|-ability|p2a: Corviknight|Pressure
|turn|31
|
|t:|1779806096
|move|p1a: Dragonite|Ice Spinner|p2a: Corviknight
|-damage|p2a: Corviknight|15/100
|-damage|p1a: Dragonite|0 fnt|[from] item: Rocky Helmet|[of] p2a: Corviknight
|faint|p1a: Dragonite
|move|p2a: Corviknight|Roost|p2a: Corviknight
|-heal|p2a: Corviknight|65/100
|-singleturn|p2a: Corviknight|move: Roost
|
|upkeep
|
|t:|1779806102
|switch|p1a: Heatran|Heatran, F|49/100
|turn|32
|
|t:|1779806110
|switch|p2a: Ting-Lu|Ting-Lu, tera:Water|100/100 slp
|-ability|p2a: Ting-Lu|Vessel of Ruin
|move|p1a: Heatran|Magma Storm|p2a: Ting-Lu
|-resisted|p2a: Ting-Lu
|-damage|p2a: Ting-Lu|92/100 slp
|-activate|p2a: Ting-Lu|move: Magma Storm|[of] p1a: Heatran
|
|-heal|p1a: Heatran|55/100|[from] item: Leftovers
|-damage|p2a: Ting-Lu|80/100 slp|[from] move: Magma Storm|[partiallytrapped]
|upkeep
|turn|33
|
|t:|1779806121
|-terastallize|p1a: Heatran|Grass
|move|p1a: Heatran|Taunt|p2a: Ting-Lu
|-start|p2a: Ting-Lu|move: Taunt
|cant|p2a: Ting-Lu|slp
|cant|p2a: Ting-Lu|move: Taunt|Sleep Talk
|
|-heal|p1a: Heatran|61/100|[from] item: Leftovers
|-damage|p2a: Ting-Lu|67/100 slp|[from] move: Magma Storm|[partiallytrapped]
|upkeep
|turn|34
|
|t:|1779806131
|move|p1a: Heatran|Earth Power|p2a: Ting-Lu
|-damage|p2a: Ting-Lu|57/100 slp
|-curestatus|p2a: Ting-Lu|slp|[msg]
|move|p2a: Ting-Lu|Earthquake|p1a: Heatran
|-resisted|p1a: Heatran
|-damage|p1a: Heatran|46/100
|
|-heal|p1a: Heatran|52/100|[from] item: Leftovers
|-damage|p2a: Ting-Lu|44/100|[from] move: Magma Storm|[partiallytrapped]
|upkeep
|turn|35
|
|t:|1779806138
|move|p1a: Heatran|Stealth Rock|p2a: Ting-Lu
|-sidestart|p2: claudechamp|move: Stealth Rock
|move|p2a: Ting-Lu|Earthquake|p1a: Heatran
|-resisted|p1a: Heatran
|-damage|p1a: Heatran|36/100
|
|-heal|p1a: Heatran|42/100|[from] item: Leftovers
|-damage|p2a: Ting-Lu|32/100|[from] move: Magma Storm|[partiallytrapped]
|-end|p2a: Ting-Lu|move: Taunt
|upkeep
|turn|36
|
|t:|1779806147
|move|p1a: Heatran|Taunt|p2a: Ting-Lu
|-start|p2a: Ting-Lu|move: Taunt
|cant|p2a: Ting-Lu|move: Taunt|Rest
|
|-heal|p1a: Heatran|49/100|[from] item: Leftovers
|-end|p2a: Ting-Lu|Magma Storm|[partiallytrapped]
|upkeep
|turn|37
|
|t:|1779806161
|move|p1a: Heatran|Magma Storm|p2a: Ting-Lu
|-resisted|p2a: Ting-Lu
|-damage|p2a: Ting-Lu|23/100
|-activate|p2a: Ting-Lu|move: Magma Storm|[of] p1a: Heatran
|move|p2a: Ting-Lu|Payback|p1a: Heatran
|-damage|p1a: Heatran|19/100
|
|-heal|p1a: Heatran|25/100|[from] item: Leftovers
|-damage|p2a: Ting-Lu|11/100|[from] move: Magma Storm|[partiallytrapped]
|upkeep
|turn|38
|
|t:|1779806179
|move|p1a: Heatran|Earth Power|p2a: Ting-Lu
|-damage|p2a: Ting-Lu|0 fnt
|faint|p2a: Ting-Lu
|
|-heal|p1a: Heatran|31/100|[from] item: Leftovers
|upkeep
|
|t:|1779806186
|switch|p2a: Corviknight|Corviknight, M|65/100
|-damage|p2a: Corviknight|53/100|[from] Stealth Rock
|-ability|p2a: Corviknight|Pressure
|turn|39
|
|t:|1779806192
|move|p1a: Heatran|Magma Storm|p2a: Corviknight
|-supereffective|p2a: Corviknight
|-damage|p2a: Corviknight|0 fnt
|faint|p2a: Corviknight
|
|win|My Alexandra
|raw|My Alexandra's rating: 1337 &rarr; <strong>1355</strong><br />(+18 for winning)
|raw|claudechamp's rating: 1305 &rarr; <strong>1287</strong><br />(-18 for losing)
|c|☆claudechamp|gg
|l|☆My Alexandra
|player|p1|
