|j|☆Gloryboykeef
|j|☆npctypebeat
|t:|1779924316
|gametype|singles
|player|p1|Gloryboykeef|policeman-gen4|1190
|player|p2|npctypebeat|102|1190
|gen|9
|tier|[Gen 9] OU
|rated|
|rule|HP Percentage Mod: HP is shown in percentages
|rule|Endless Battle Clause: Forcing endless battles is banned
|rule|Species Clause: Limit one of each Pokémon
|rule|OHKO Clause: OHKO moves are banned
|rule|Evasion Items Clause: Evasion items are banned
|rule|Evasion Moves Clause: Evasion moves are banned
|rule|Evasion Abilities Clause: Evasion abilities are banned
|rule|Sleep Moves Clause: Sleep-inducing moves are banned
|clearpoke
|poke|p1|Pelipper, M|
|poke|p1|Barraskewda, F|
|poke|p1|Thundurus-Therian, M|
|poke|p1|Kingdra, M|
|poke|p1|Slaking, M|
|poke|p1|Mandibuzz, F|
|poke|p2|Gliscor, M|
|poke|p2|Ogerpon, F|
|poke|p2|Walking Wake|
|poke|p2|Blissey, F|
|poke|p2|Corviknight, M|
|poke|p2|Pecharunt|
|teampreview
|inactive|Battle timer is ON: inactive players will automatically lose when time's up. (requested by Gloryboykeef)
|c|☆npctypebeat|hf
|
|t:|1779924326
|teamsize|p1|6
|teamsize|p2|6
|start
|switch|p1a: Kingdra|Kingdra, M|100/100
|switch|p2a: Blissey|Blissey, F|100/100
|turn|1
|inactive|npctypebeat also wants the timer to be on.
|c|☆Gloryboykeef|gl
|
|t:|1779924346
|switch|p1a: Mandibuzz|Mandibuzz, F|100/100
|move|p2a: Blissey|Stealth Rock|p1a: Mandibuzz
|-sidestart|p1: Gloryboykeef|move: Stealth Rock
|
|upkeep
|turn|2
|
|t:|1779924351
|move|p1a: Mandibuzz|Knock Off|p2a: Blissey
|-damage|p2a: Blissey|74/100
|-enditem|p2a: Blissey|Heavy-Duty Boots|[from] move: Knock Off|[of] p1a: Mandibuzz
|move|p2a: Blissey|Seismic Toss|p1a: Mandibuzz
|-damage|p1a: Mandibuzz|77/100
|
|upkeep
|turn|3
|
|t:|1779924371
|move|p1a: Mandibuzz|Toxic|p2a: Blissey|[miss]
|-miss|p1a: Mandibuzz|p2a: Blissey
|move|p2a: Blissey|Seismic Toss|p1a: Mandibuzz
|-damage|p1a: Mandibuzz|53/100
|
|upkeep
|turn|4
|
|t:|1779924384
|move|p1a: Mandibuzz|Defog|p2a: Blissey
|-unboost|p2a: Blissey|evasion|1
|-sideend|p1: Gloryboykeef|Stealth Rock|[from] move: Defog|[of] p1a: Mandibuzz
|move|p2a: Blissey|Seismic Toss|p1a: Mandibuzz
|-damage|p1a: Mandibuzz|30/100
|
|upkeep
|turn|5
|
|t:|1779924400
|move|p1a: Mandibuzz|Toxic|p2a: Blissey
|-status|p2a: Blissey|tox
|move|p2a: Blissey|Seismic Toss|p1a: Mandibuzz
|-damage|p1a: Mandibuzz|6/100
|
|-damage|p2a: Blissey|68/100 tox|[from] psn
|upkeep
|turn|6
|
|t:|1779924411
|switch|p1a: Pelipper|Pelipper, M|100/100
|-weather|RainDance|[from] ability: Drizzle|[of] p1a: Pelipper
|move|p2a: Blissey|Soft-Boiled|p2a: Blissey
|-heal|p2a: Blissey|100/100 tox
|
|-weather|RainDance|[upkeep]
|-damage|p2a: Blissey|88/100 tox|[from] psn
|upkeep
|turn|7
|inactive|npctypebeat has 120 seconds left.
|
|t:|1779924428
|move|p1a: Pelipper|U-turn|p2a: Blissey
|-damage|p2a: Blissey|79/100 tox
|
|t:|1779924433
|switch|p1a: Barraskewda|Barraskewda, F, shiny|100/100|[from] U-turn
|move|p2a: Blissey|Stealth Rock|p1a: Barraskewda
|-sidestart|p1: Gloryboykeef|move: Stealth Rock
|
|-weather|RainDance|[upkeep]
|-damage|p2a: Blissey|61/100 tox|[from] psn
|upkeep
|turn|8
|
|t:|1779924440
|-curestatus|p2a: Blissey|tox|[from] ability: Natural Cure|[silent]
|switch|p2a: Walking Wake|Walking Wake|100/100
|move|p1a: Barraskewda|Close Combat|p2a: Walking Wake
|-damage|p2a: Walking Wake|35/100
|-unboost|p1a: Barraskewda|def|1
|-unboost|p1a: Barraskewda|spd|1
|-damage|p1a: Barraskewda|91/100|[from] item: Life Orb
|
|-weather|RainDance|[upkeep]
|upkeep
|turn|9
|
|t:|1779924448
|-end|p2a: Walking Wake|Protosynthesis|[silent]
|switch|p2a: Pecharunt|Pecharunt|100/100
|move|p1a: Barraskewda|Liquidation|p2a: Pecharunt
|-damage|p2a: Pecharunt|54/100
|-unboost|p2a: Pecharunt|def|1
|-damage|p1a: Barraskewda|81/100|[from] item: Life Orb
|
|-weather|RainDance|[upkeep]
|upkeep
|turn|10
|
|t:|1779924456
|switch|p2a: Corviknight|Corviknight, M|100/100
|-ability|p2a: Corviknight|Pressure
|move|p1a: Barraskewda|Flip Turn|p2a: Corviknight
|-damage|p2a: Corviknight|60/100
|-damage|p1a: Barraskewda|71/100|[from] item: Life Orb
|
|t:|1779924458
|switch|p1a: Thundurus|Thundurus-Therian, M|100/100|[from] Flip Turn
|-damage|p1a: Thundurus|76/100|[from] Stealth Rock
|
|-weather|RainDance|[upkeep]
|upkeep
|turn|11
|
|t:|1779924469
|move|p1a: Thundurus|Thunder|p2a: Corviknight
|-supereffective|p2a: Corviknight
|-damage|p2a: Corviknight|0 fnt
|faint|p2a: Corviknight
|
|-weather|RainDance|[upkeep]
|upkeep
|
|t:|1779924476
|switch|p2a: Gliscor|Gliscor, M|100/100
|turn|12
|
|t:|1779924481
|switch|p1a: Barraskewda|Barraskewda, F, shiny|71/100
|-damage|p1a: Barraskewda|59/100|[from] Stealth Rock
|move|p2a: Gliscor|Spikes|p1a: Barraskewda
|-sidestart|p1: Gloryboykeef|Spikes
|
|-weather|RainDance|[upkeep]
|-status|p2a: Gliscor|tox|[from] item: Toxic Orb
|upkeep
|turn|13
|
|t:|1779924484
|move|p2a: Gliscor|Protect|p2a: Gliscor
|-singleturn|p2a: Gliscor|Protect
|move|p1a: Barraskewda|Flip Turn|p2a: Gliscor
|-activate|p2a: Gliscor|move: Protect
|
|-weather|none
|upkeep
|turn|14
|
|t:|1779924502
|move|p1a: Barraskewda|Flip Turn|p2a: Gliscor
|-supereffective|p2a: Gliscor
|-damage|p2a: Gliscor|32/100 tox
|-damage|p1a: Barraskewda|49/100|[from] item: Life Orb
|
|t:|1779924505
|switch|p1a: Pelipper|Pelipper, M|100/100|[from] Flip Turn
|-damage|p1a: Pelipper|76/100|[from] Stealth Rock
|-weather|RainDance|[from] ability: Drizzle|[of] p1a: Pelipper
|move|p2a: Gliscor|Earthquake|p1a: Pelipper
|-immune|p1a: Pelipper
|
|-weather|RainDance|[upkeep]
|-heal|p2a: Gliscor|44/100 tox|[from] ability: Poison Heal
|upkeep
|turn|15
|
|t:|1779924517
|switch|p2a: Blissey|Blissey, F|61/100
|move|p1a: Pelipper|U-turn|p2a: Blissey
|-damage|p2a: Blissey|52/100
|
|t:|1779924527
|switch|p1a: Barraskewda|Barraskewda, F, shiny|49/100|[from] U-turn
|-damage|p1a: Barraskewda|37/100|[from] Stealth Rock
|-damage|p1a: Barraskewda|24/100|[from] Spikes
|
|-weather|RainDance|[upkeep]
|upkeep
|turn|16
|
|t:|1779924536
|move|p1a: Barraskewda|Flip Turn|p2a: Blissey
|-damage|p2a: Blissey|0 fnt
|faint|p2a: Blissey
|-damage|p1a: Barraskewda|15/100|[from] item: Life Orb
|
|t:|1779924539
|switch|p1a: Mandibuzz|Mandibuzz, F|6/100|[from] Flip Turn
|
|-weather|RainDance|[upkeep]
|upkeep
|
|t:|1779924553
|switch|p2a: Walking Wake|Walking Wake|35/100
|turn|17
|
|t:|1779924565
|move|p2a: Walking Wake|Surf|p1a: Mandibuzz
|-damage|p1a: Mandibuzz|0 fnt
|faint|p1a: Mandibuzz
|
|-weather|RainDance|[upkeep]
|upkeep
|
|t:|1779924575
|switch|p1a: Kingdra|Kingdra, M|100/100
|-damage|p1a: Kingdra|88/100|[from] Stealth Rock
|-damage|p1a: Kingdra|76/100|[from] Spikes
|turn|18
|
|t:|1779924586
|move|p1a: Kingdra|Ice Beam|p2a: Walking Wake
|-damage|p2a: Walking Wake|0 fnt
|faint|p2a: Walking Wake
|-end|p2a: Walking Wake|Protosynthesis|[silent]
|
|-weather|RainDance|[upkeep]
|upkeep
|
|t:|1779924596
|switch|p2a: Ogerpon|Ogerpon, F|100/100
|turn|19
|
|t:|1779924613
|move|p1a: Kingdra|Ice Beam|p2a: Ogerpon
|-supereffective|p2a: Ogerpon
|-damage|p2a: Ogerpon|10/100
|move|p2a: Ogerpon|Ivy Cudgel|p1a: Kingdra
|-crit|p1a: Kingdra
|-damage|p1a: Kingdra|0 fnt
|faint|p1a: Kingdra
|
|-weather|RainDance|[upkeep]
|upkeep
|
|t:|1779924621
|switch|p1a: Thundurus|Thundurus-Therian, M|76/100
|-damage|p1a: Thundurus|51/100|[from] Stealth Rock
|turn|20
|
|t:|1779924636
|move|p1a: Thundurus|Weather Ball|p2a: Ogerpon
|-resisted|p2a: Ogerpon
|-damage|p2a: Ogerpon|0 fnt
|faint|p2a: Ogerpon
|
|-weather|RainDance|[upkeep]
|upkeep
|
|t:|1779924648
|switch|p2a: Gliscor|Gliscor, M|44/100 tox
|turn|21
|
|t:|1779924663
|switch|p1a: Slaking|Slaking, M, shiny|100/100
|-damage|p1a: Slaking|88/100|[from] Stealth Rock
|-damage|p1a: Slaking|76/100|[from] Spikes
|move|p2a: Gliscor|Protect||[still]
|-fail|p2a: Gliscor
|
|-weather|none
|-heal|p2a: Gliscor|56/100 tox|[from] ability: Poison Heal
|upkeep
|turn|22
|
|t:|1779924677
|move|p1a: Slaking|Knock Off|p2a: Gliscor
|-damage|p2a: Gliscor|8/100 tox
|-enditem|p2a: Gliscor|Toxic Orb|[from] move: Knock Off|[of] p1a: Slaking
|move|p2a: Gliscor|Toxic|p1a: Slaking|[miss]
|-miss|p2a: Gliscor|p1a: Slaking
|
|-heal|p2a: Gliscor|20/100 tox|[from] ability: Poison Heal
|upkeep
|turn|23
|
|t:|1779924692
|switch|p2a: Pecharunt|Pecharunt|54/100
|cant|p1a: Slaking|ability: Truant
|
|upkeep
|turn|24
|inactive|npctypebeat has 120 seconds left.
|
|t:|1779924710
|move|p1a: Slaking|Knock Off|p2a: Pecharunt
|-supereffective|p2a: Pecharunt
|-damage|p2a: Pecharunt|0 fnt
|-enditem|p2a: Pecharunt|Heavy-Duty Boots|[from] move: Knock Off|[of] p1a: Slaking
|faint|p2a: Pecharunt
|
|upkeep
|inactive|npctypebeat has 120 seconds left.
|c|☆Gloryboykeef|gg
|
|t:|1779924730
|switch|p2a: Gliscor|Gliscor, M|20/100 tox
|turn|25
|
|t:|1779924748
|cant|p1a: Slaking|ability: Truant
|move|p2a: Gliscor|Earthquake|p1a: Slaking
|-damage|p1a: Slaking|52/100
|
|-heal|p2a: Gliscor|32/100 tox|[from] ability: Poison Heal
|upkeep
|turn|26
|c|☆Gloryboykeef|brother just forfit
|inactive|npctypebeat has 90 seconds left.
|
|t:|1779924769
|move|p1a: Slaking|Knock Off|p2a: Gliscor
|-damage|p2a: Gliscor|0 fnt
|faint|p2a: Gliscor
|
|win|Gloryboykeef
|raw|Gloryboykeef's rating: 1190 &rarr; <strong>1215</strong><br />(+25 for winning)
|raw|npctypebeat's rating: 1190 &rarr; <strong>1165</strong><br />(-25 for losing)
|c|☆Gloryboykeef|save the 40 seconds
|l|☆Gloryboykeef
|player|p1|
|c|☆npctypebeat|gg
