|j|☆liptight
|j|☆TalesOfZodiac
|t:|1779957787
|gametype|singles
|player|p1|liptight|miku-ghost|1560
|player|p2|TalesOfZodiac|gardenia|1409
|gen|9
|tier|[Gen 9] OU
|rated|
|rule|HP Percentage Mod: HP is shown in percentages
|rule|Endless Battle Clause: Forcing endless battles is banned
|rule|Species Clause: Limit one of each Pokémon
|rule|OHKO Clause: OHKO moves are banned
|rule|Evasion Items Clause: Evasion items are banned
|rule|Evasion Moves Clause: Evasion moves are banned
|rule|Evasion Abilities Clause: Evasion abilities are banned
|rule|Sleep Moves Clause: Sleep-inducing moves are banned
|clearpoke
|poke|p1|Araquanid, F|
|poke|p1|Gholdengo|
|poke|p1|Iron Moth|
|poke|p1|Iron Valiant|
|poke|p1|Raging Bolt|
|poke|p1|Kingambit, F|
|poke|p2|Ogerpon-Cornerstone, F|
|poke|p2|Kingambit, M|
|poke|p2|Zoroark-Hisui, F|
|poke|p2|Great Tusk|
|poke|p2|Rotom-Wash|
|poke|p2|Iron Valiant|
|teampreview
|inactive|Battle timer is ON: inactive players will automatically lose when time's up. (requested by liptight)
|
|t:|1779957836
|teamsize|p1|6
|teamsize|p2|6
|start
|switch|p1a: QUIL|Araquanid, F|100/100
|switch|p2a: Rotom|Rotom-Wash|100/100
|turn|1
|
|t:|1779957845
|move|p2a: Rotom|Thunderbolt|p1a: QUIL
|-supereffective|p1a: QUIL
|-crit|p1a: QUIL
|-damage|p1a: QUIL|29/100
|move|p1a: QUIL|Sticky Web|p2a: Rotom
|-sidestart|p2: TalesOfZodiac|move: Sticky Web
|
|upkeep
|turn|2
|
|t:|1779957852
|switch|p1a: DELI|Raging Bolt|100/100
|-enditem|p1a: DELI|Booster Energy
|-activate|p1a: DELI|ability: Protosynthesis|[fromitem]
|-start|p1a: DELI|protosynthesisspa
|move|p2a: Rotom|Volt Switch|p1a: DELI
|-resisted|p1a: DELI
|-damage|p1a: DELI|94/100
|
|t:|1779957861
|switch|p2a: Great Tusk|Great Tusk|100/100|[from] Volt Switch
|-activate|p2a: Great Tusk|move: Sticky Web
|-unboost|p2a: Great Tusk|spe|1
|-enditem|p2a: Great Tusk|Booster Energy
|-activate|p2a: Great Tusk|ability: Protosynthesis|[fromitem]
|-start|p2a: Great Tusk|protosynthesisatk
|
|upkeep
|turn|3
|
|t:|1779957878
|-terastallize|p1a: DELI|Ghost
|move|p1a: DELI|Calm Mind|p1a: DELI
|-boost|p1a: DELI|spa|1
|-boost|p1a: DELI|spd|1
|move|p2a: Great Tusk|Headlong Rush|p1a: DELI
|-damage|p1a: DELI|32/100
|-unboost|p2a: Great Tusk|def|1
|-unboost|p2a: Great Tusk|spd|1
|
|upkeep
|turn|4
|inactive|TalesOfZodiac has 120 seconds left.
|
|t:|1779957910
|move|p1a: DELI|Dragon Pulse|p2a: Great Tusk
|-damage|p2a: Great Tusk|0 fnt
|faint|p2a: Great Tusk
|-end|p2a: Great Tusk|Protosynthesis|[silent]
|
|upkeep
|
|t:|1779957915
|switch|p2a: Rotom|Rotom-Wash|100/100
|turn|5
|
|t:|1779957928
|move|p1a: DELI|Thunderbolt|p2a: Rotom
|-damage|p2a: Rotom|38/100
|move|p2a: Rotom|Dark Pulse|p1a: DELI
|-supereffective|p1a: DELI
|-damage|p1a: DELI|6/100
|
|upkeep
|turn|6
|
|t:|1779957937
|move|p1a: DELI|Thunderbolt|p2a: Rotom
|-damage|p2a: Rotom|0 fnt
|faint|p2a: Rotom
|
|upkeep
|
|t:|1779957950
|switch|p2a: Kingambit|Kingambit, M|100/100
|-activate|p2a: Kingambit|move: Sticky Web
|-unboost|p2a: Kingambit|spe|1
|-ability|p2a: Kingambit|Defiant|boost
|-boost|p2a: Kingambit|atk|2
|turn|7
|
|t:|1779957955
|move|p1a: DELI|Thunderclap|p2a: Kingambit
|-damage|p2a: Kingambit|45/100
|move|p2a: Kingambit|Kowtow Cleave|p1a: DELI
|-supereffective|p1a: DELI
|-damage|p1a: DELI|0 fnt
|faint|p1a: DELI
|-end|p1a: DELI|Protosynthesis|[silent]
|
|upkeep
|
|t:|1779957968
|switch|p1a: QUZZ|Iron Valiant|100/100
|-enditem|p1a: QUZZ|Booster Energy
|-activate|p1a: QUZZ|ability: Quark Drive|[fromitem]
|-start|p1a: QUZZ|quarkdrivespa
|turn|8
|
|t:|1779957975
|switch|p2a: Iron Valiant|Iron Valiant|100/100
|-activate|p2a: Iron Valiant|move: Sticky Web
|-unboost|p2a: Iron Valiant|spe|1
|move|p1a: QUZZ|Vacuum Wave|p2a: Iron Valiant
|-immune|p2a: Iron Valiant
|
|upkeep
|turn|9
|
|t:|1779957985
|move|p1a: QUZZ|Moonblast|p2a: Iron Valiant
|-damage|p2a: Iron Valiant|0 fnt
|replace|p2a: Zoroark|Zoroark-Hisui, F
|-end|p2a: Zoroark|Illusion
|faint|p2a: Zoroark
|
|upkeep
|
|t:|1779958001
|switch|p2a: Ogerpon|Ogerpon-Cornerstone, F|100/100
|-activate|p2a: Ogerpon|move: Sticky Web
|-unboost|p2a: Ogerpon|spe|1
|turn|10
|
|t:|1779958007
|-end|p1a: QUZZ|Quark Drive|[silent]
|switch|p1a: TREE?|Gholdengo|100/100
|-item|p1a: TREE?|Air Balloon
|move|p2a: Ogerpon|Horn Leech|p1a: TREE?
|-resisted|p1a: TREE?
|-damage|p1a: TREE?|78/100
|-enditem|p1a: TREE?|Air Balloon
|
|upkeep
|turn|11
|
|t:|1779958013
|switch|p2a: Iron Valiant|Iron Valiant|100/100
|-activate|p2a: Iron Valiant|move: Sticky Web
|-unboost|p2a: Iron Valiant|spe|1
|-enditem|p2a: Iron Valiant|Booster Energy
|-activate|p2a: Iron Valiant|ability: Quark Drive|[fromitem]
|-start|p2a: Iron Valiant|quarkdrivespa
|move|p1a: TREE?|Shadow Ball|p2a: Iron Valiant
|-damage|p2a: Iron Valiant|10/100
|
|upkeep
|turn|12
|
|t:|1779958020
|move|p1a: TREE?|Shadow Ball|p2a: Iron Valiant
|-damage|p2a: Iron Valiant|0 fnt
|faint|p2a: Iron Valiant
|-end|p2a: Iron Valiant|Quark Drive|[silent]
|
|upkeep
|
|t:|1779958024
|switch|p2a: Kingambit|Kingambit, M|45/100
|-activate|p2a: Kingambit|move: Sticky Web
|-unboost|p2a: Kingambit|spe|1
|-ability|p2a: Kingambit|Defiant|boost
|-boost|p2a: Kingambit|atk|2
|turn|13
|
|t:|1779958033
|-terastallize|p2a: Kingambit|Fairy
|move|p1a: TREE?|Shadow Ball|p2a: Kingambit
|-damage|p2a: Kingambit|15/100
|move|p2a: Kingambit|Kowtow Cleave|p1a: TREE?
|-supereffective|p1a: TREE?
|-damage|p1a: TREE?|0 fnt
|faint|p1a: TREE?
|
|upkeep
|
|t:|1779958045
|switch|p1a: CALA|Iron Moth|100/100
|-enditem|p1a: CALA|Booster Energy
|-activate|p1a: CALA|ability: Quark Drive|[fromitem]
|-start|p1a: CALA|quarkdrivespa
|turn|14
|
|t:|1779958052
|move|p1a: CALA|Substitute|p1a: CALA
|-start|p1a: CALA|Substitute
|-damage|p1a: CALA|76/100
|move|p2a: Kingambit|Kowtow Cleave|p1a: CALA
|-end|p1a: CALA|Substitute
|
|upkeep
|turn|15
|
|t:|1779958058
|move|p2a: Kingambit|Sucker Punch|p1a: CALA
|-damage|p1a: CALA|0 fnt
|faint|p1a: CALA
|-end|p1a: CALA|Quark Drive|[silent]
|
|upkeep
|
|t:|1779958060
|switch|p1a: SUPA|Kingambit, F|100/100
|-activate|p1a: SUPA|ability: Supreme Overlord
|-start|p1a: SUPA|fallen3|[silent]
|-item|p1a: SUPA|Air Balloon
|turn|16
|
|t:|1779958067
|move|p1a: SUPA|Sucker Punch|p2a: Kingambit
|-resisted|p2a: Kingambit
|-damage|p2a: Kingambit|0 fnt
|faint|p2a: Kingambit
|
|upkeep
|
|t:|1779958070
|switch|p2a: Ogerpon|Ogerpon-Cornerstone, F|100/100
|-activate|p2a: Ogerpon|move: Sticky Web
|-unboost|p2a: Ogerpon|spe|1
|turn|17
|
|t:|1779958075
|move|p2a: Ogerpon|Low Kick|p1a: SUPA
|-supereffective|p1a: SUPA
|-damage|p1a: SUPA|0 fnt
|-enditem|p1a: SUPA|Air Balloon
|faint|p1a: SUPA
|-end|p1a: SUPA|fallen3|[silent]
|
|upkeep
|
|t:|1779958078
|switch|p1a: QUZZ|Iron Valiant|100/100
|turn|18
|
|t:|1779958084
|move|p1a: QUZZ|Moonblast|p2a: Ogerpon
|-damage|p2a: Ogerpon|45/100
|move|p2a: Ogerpon|Horn Leech|p1a: QUZZ
|-damage|p1a: QUZZ|47/100
|-heal|p2a: Ogerpon|68/100|[from] drain|[of] p1a: QUZZ
|
|upkeep
|turn|19
|
|t:|1779958091
|move|p1a: QUZZ|Moonblast|p2a: Ogerpon
|-damage|p2a: Ogerpon|11/100
|-unboost|p2a: Ogerpon|spa|1
|move|p2a: Ogerpon|Horn Leech|p1a: QUZZ
|-damage|p1a: QUZZ|0 fnt
|-heal|p2a: Ogerpon|31/100|[from] drain|[of] p1a: QUZZ
|faint|p1a: QUZZ
|-end|p1a: QUZZ|Quark Drive|[silent]
|
|upkeep
|
|t:|1779958096
|switch|p1a: QUIL|Araquanid, F|29/100
|turn|20
|
|t:|1779958103
|move|p2a: Ogerpon|Horn Leech|p1a: QUIL
|-damage|p1a: QUIL|0 fnt
|-heal|p2a: Ogerpon|46/100|[from] drain|[of] p1a: QUIL
|faint|p1a: QUIL
|
|win|TalesOfZodiac
|raw|liptight's rating: 1560 &rarr; <strong>1532</strong><br />(-28 for losing)
|raw|TalesOfZodiac's rating: 1409 &rarr; <strong>1437</strong><br />(+28 for winning)
|c|☆TalesOfZodiac|gg
|l|☆liptight
|player|p1|
|l|☆TalesOfZodiac
|player|p2|
