|j|☆blake-mamba
|j|☆4axes
|t:|1779947200
|gametype|singles
|player|p1|blake-mamba|lance|1565
|player|p2|4axes|workerice|1536
|gen|9
|tier|[Gen 9] OU
|rated|
|rule|HP Percentage Mod: HP is shown in percentages
|rule|Endless Battle Clause: Forcing endless battles is banned
|rule|Species Clause: Limit one of each Pokémon
|rule|OHKO Clause: OHKO moves are banned
|rule|Evasion Items Clause: Evasion items are banned
|rule|Evasion Moves Clause: Evasion moves are banned
|rule|Evasion Abilities Clause: Evasion abilities are banned
|rule|Sleep Moves Clause: Sleep-inducing moves are banned
|clearpoke
|poke|p1|Kleavor, M|
|poke|p1|Glimmora, M|
|poke|p1|Iron Boulder|
|poke|p1|Arcanine-Hisui, M|
|poke|p1|Ogerpon-Cornerstone, F|
|poke|p1|Minior|
|poke|p2|Zapdos|
|poke|p2|Cinderace, F|
|poke|p2|Great Tusk|
|poke|p2|Tinkaton, F|
|poke|p2|Arcanine-Hisui, F|
|poke|p2|Slowking-Galar, M|
|teampreview
|inactive|Battle timer is ON: inactive players will automatically lose when time's up. (requested by 4axes)
|
|t:|1779947222
|teamsize|p1|6
|teamsize|p2|6
|start
|switch|p1a: Minior|Minior|100/100
|switch|p2a: Tinkaton|Tinkaton, F|100/100
|-item|p2a: Tinkaton|Air Balloon
|-formechange|p1a: Minior|Minior-Meteor||[from] ability: Shields Down
|turn|1
|
|t:|1779947246
|switch|p1a: Arcanine|Arcanine-Hisui, M|100/100
|move|p2a: Tinkaton|Encore||[still]
|-fail|p2a: Tinkaton
|
|upkeep
|turn|2
|
|t:|1779947258
|-terastallize|p2a: Tinkaton|Water
|move|p2a: Tinkaton|Stealth Rock|p1a: Arcanine
|-sidestart|p1: blake-mamba|move: Stealth Rock
|move|p1a: Arcanine|Flame Charge|p2a: Tinkaton
|-resisted|p2a: Tinkaton
|-damage|p2a: Tinkaton|83/100
|-boost|p1a: Arcanine|spe|1
|-enditem|p2a: Tinkaton|Air Balloon
|-enditem|p1a: Arcanine|Life Orb|[silent]|[from] ability: Pickpocket|[of] p1a: Arcanine
|-item|p2a: Tinkaton|Life Orb|[from] ability: Pickpocket|[of] p1a: Arcanine
|
|upkeep
|turn|3
|
|t:|1779947270
|move|p1a: Arcanine|Head Smash|p2a: Tinkaton
|-damage|p2a: Tinkaton|0 fnt
|faint|p2a: Tinkaton
|
|upkeep
|
|t:|1779947273
|switch|p2a: Great Tusk|Great Tusk|100/100
|turn|4
|
|t:|1779947277
|move|p1a: Arcanine|Flare Blitz|p2a: Great Tusk
|-damage|p2a: Great Tusk|52/100
|move|p2a: Great Tusk|Headlong Rush|p1a: Arcanine
|-supereffective|p1a: Arcanine
|-damage|p1a: Arcanine|0 fnt
|-unboost|p2a: Great Tusk|def|1
|-unboost|p2a: Great Tusk|spd|1
|faint|p1a: Arcanine
|
|upkeep
|j| nesnot
|inactive|blake-mamba has 120 seconds left.
|
|t:|1779947311
|switch|p1a: Minior|Minior|100/100
|-damage|p1a: Minior|76/100|[from] Stealth Rock
|-formechange|p1a: Minior|Minior-Meteor||[from] ability: Shields Down
|turn|5
|
|t:|1779947320
|move|p2a: Great Tusk|Ice Spinner|p1a: Minior
|-supereffective|p1a: Minior
|-damage|p1a: Minior|0 fnt
|faint|p1a: Minior
|
|upkeep
|
|t:|1779947326
|switch|p1a: Ogerpon|Ogerpon-Cornerstone, F|100/100
|-damage|p1a: Ogerpon|88/100|[from] Stealth Rock
|turn|6
|
|t:|1779947331
|-end|p2a: Great Tusk|Protosynthesis|[silent]
|switch|p2a: Cinderace|Cinderace, F|100/100
|move|p1a: Ogerpon|Trailblaze|p2a: Cinderace
|-resisted|p2a: Cinderace
|-crit|p2a: Cinderace
|-damage|p2a: Cinderace|67/100
|-boost|p1a: Ogerpon|spe|1
|
|upkeep
|turn|7
|
|t:|1779947346
|move|p1a: Ogerpon|Ivy Cudgel|p2a: Cinderace|[anim] Ivy Cudgel Rock
|-supereffective|p2a: Cinderace
|-damage|p2a: Cinderace|0 fnt
|faint|p2a: Cinderace
|
|upkeep
|
|t:|1779947350
|switch|p2a: Arcanine|Arcanine-Hisui, F|100/100
|turn|8
|
|t:|1779947357
|move|p1a: Ogerpon|Ivy Cudgel|p2a: Arcanine|[anim] Ivy Cudgel Rock
|-supereffective|p2a: Arcanine
|-damage|p2a: Arcanine|0 fnt
|faint|p2a: Arcanine
|
|upkeep
|
|t:|1779947367
|switch|p2a: Great Tusk|Great Tusk|52/100
|turn|9
|
|t:|1779947373
|-end|p2a: Great Tusk|Protosynthesis|[silent]
|switch|p2a: Zapdos|Zapdos|100/100
|-terastallize|p1a: Ogerpon|Rock
|detailschange|p1a: Ogerpon|Ogerpon-Cornerstone-Tera, F, tera:Rock
|-ability|p1a: Ogerpon|Embody Aspect (Cornerstone)|boost
|-boost|p1a: Ogerpon|def|1
|move|p1a: Ogerpon|Swords Dance|p1a: Ogerpon
|-boost|p1a: Ogerpon|atk|2
|
|upkeep
|turn|10
|-message|4axes forfeited.
|
|win|blake-mamba
|raw|blake-mamba's rating: 1565 &rarr; <strong>1583</strong><br />(+18 for winning)
|raw|4axes's rating: 1536 &rarr; <strong>1518</strong><br />(-18 for losing)
|l|☆4axes
|player|p2|
