|j|☆Computerzz
|j|☆hat_fm
|t:|1779856788
|gametype|singles
|player|p1|Computerzz|will|1378
|player|p2|hat_fm|pilot|1379
|gen|9
|tier|[Gen 9] OU
|rated|
|rule|HP Percentage Mod: HP is shown in percentages
|rule|Endless Battle Clause: Forcing endless battles is banned
|rule|Species Clause: Limit one of each Pokémon
|rule|OHKO Clause: OHKO moves are banned
|rule|Evasion Items Clause: Evasion items are banned
|rule|Evasion Moves Clause: Evasion moves are banned
|rule|Evasion Abilities Clause: Evasion abilities are banned
|rule|Sleep Moves Clause: Sleep-inducing moves are banned
|clearpoke
|poke|p1|Weavile, F|
|poke|p1|Hatterene, F|
|poke|p1|Primarina, F|
|poke|p1|Moltres|
|poke|p1|Gholdengo|
|poke|p1|Great Tusk|
|poke|p2|Zamazenta-*|
|poke|p2|Ceruledge, M|
|poke|p2|Scizor, M|
|poke|p2|Donphan, F|
|poke|p2|Lycanroc-Dusk, M|
|poke|p2|Florges, F|
|teampreview
|
|t:|1779856795
|teamsize|p1|6
|teamsize|p2|6
|start
|switch|p1a: Weavile|Weavile, F|100/100
|switch|p2a: Donphan|Donphan, F|100/100
|turn|1
|inactive|Battle timer is ON: inactive players will automatically lose when time's up. (requested by Computerzz)
|
|t:|1779856801
|move|p1a: Weavile|Knock Off|p2a: Donphan
|-damage|p2a: Donphan|58/100
|-damage|p1a: Weavile|84/100|[from] item: Rocky Helmet|[of] p2a: Donphan
|-enditem|p2a: Donphan|Rocky Helmet|[from] move: Knock Off|[of] p1a: Weavile
|move|p2a: Donphan|Stealth Rock|p1a: Weavile
|-sidestart|p1: Computerzz|move: Stealth Rock
|
|upkeep
|turn|2
|
|t:|1779856813
|switch|p1a: Great Tusk|Great Tusk, shiny|100/100
|move|p2a: Donphan|Earthquake|p1a: Great Tusk
|-damage|p1a: Great Tusk|80/100
|
|upkeep
|turn|3
|
|t:|1779856820
|move|p1a: Great Tusk|Knock Off|p2a: Donphan
|-damage|p2a: Donphan|47/100
|move|p2a: Donphan|Earthquake|p1a: Great Tusk
|-damage|p1a: Great Tusk|63/100
|
|upkeep
|turn|4
|
|t:|1779856828
|move|p1a: Great Tusk|Knock Off|p2a: Donphan
|-damage|p2a: Donphan|37/100
|move|p2a: Donphan|Stealth Rock||[still]
|-fail|p2a: Donphan
|
|upkeep
|turn|5
|
|t:|1779856832
|move|p1a: Great Tusk|Rapid Spin|p2a: Donphan
|-damage|p2a: Donphan|28/100
|-boost|p1a: Great Tusk|spe|1
|-sideend|p1: Computerzz|Stealth Rock|[from] move: Rapid Spin|[of] p1a: Great Tusk
|move|p2a: Donphan|Earthquake|p1a: Great Tusk
|-damage|p1a: Great Tusk|45/100
|
|upkeep
|turn|6
|
|t:|1779856836
|move|p1a: Great Tusk|Headlong Rush|p2a: Donphan
|-damage|p2a: Donphan|0 fnt
|-unboost|p1a: Great Tusk|def|1
|-unboost|p1a: Great Tusk|spd|1
|faint|p2a: Donphan
|
|upkeep
|
|t:|1779856862
|switch|p2a: Scizor|Scizor, M|100/100
|turn|7
|
|t:|1779856876
|-end|p1a: Great Tusk|Protosynthesis|[silent]
|switch|p1a: Moltres|Moltres|100/100
|move|p2a: Scizor|Bullet Punch|p1a: Moltres
|-resisted|p1a: Moltres
|-damage|p1a: Moltres|84/100
|-status|p2a: Scizor|brn|[from] ability: Flame Body|[of] p1a: Moltres
|-damage|p2a: Scizor|91/100 brn|[from] item: Life Orb
|
|-damage|p2a: Scizor|85/100 brn|[from] brn
|upkeep
|turn|8
|
|t:|1779856881
|move|p1a: Moltres|Flamethrower|p2a: Scizor
|-supereffective|p2a: Scizor
|-damage|p2a: Scizor|0 fnt
|faint|p2a: Scizor
|
|upkeep
|
|t:|1779856884
|switch|p2a: Lycanroc|Lycanroc-Dusk, M|100/100
|turn|9
|
|t:|1779856895
|switch|p1a: Great Tusk|Great Tusk, shiny|45/100
|move|p2a: Lycanroc|Zen Headbutt|p1a: Great Tusk
|-supereffective|p1a: Great Tusk
|-crit|p1a: Great Tusk
|-damage|p1a: Great Tusk|0 fnt
|faint|p1a: Great Tusk
|-end|p1a: Great Tusk|Protosynthesis|[silent]
|-damage|p2a: Lycanroc|91/100|[from] item: Life Orb
|
|upkeep
|
|t:|1779856899
|switch|p1a: Weavile|Weavile, F|84/100
|turn|10
|
|t:|1779856902
|move|p2a: Lycanroc|Accelerock|p1a: Weavile
|-supereffective|p1a: Weavile
|-damage|p1a: Weavile|0 fnt
|faint|p1a: Weavile
|-damage|p2a: Lycanroc|81/100|[from] item: Life Orb
|
|upkeep
|
|t:|1779856917
|switch|p1a: Gholdengo|Gholdengo|100/100
|turn|11
|
|t:|1779856927
|move|p1a: Gholdengo|Shadow Ball|p2a: Lycanroc
|-damage|p2a: Lycanroc|16/100
|move|p2a: Lycanroc|Stone Edge|p1a: Gholdengo|[miss]
|-miss|p2a: Lycanroc|p1a: Gholdengo
|
|upkeep
|turn|12
|
|t:|1779856933
|move|p2a: Lycanroc|Accelerock|p1a: Gholdengo
|-resisted|p1a: Gholdengo
|-damage|p1a: Gholdengo|81/100
|-damage|p2a: Lycanroc|6/100|[from] item: Life Orb
|move|p1a: Gholdengo|Shadow Ball|p2a: Lycanroc
|-damage|p2a: Lycanroc|0 fnt
|faint|p2a: Lycanroc
|
|upkeep
|
|t:|1779856936
|switch|p2a: Florges|Florges, F|100/100
|turn|13
|
|t:|1779856944
|switch|p1a: Hatterene|Hatterene, F|100/100
|move|p2a: Florges|Calm Mind|p2a: Florges
|-boost|p2a: Florges|spa|1
|-boost|p2a: Florges|spd|1
|
|upkeep
|turn|14
|
|t:|1779856950
|-terastallize|p2a: Florges|Grass
|move|p2a: Florges|Calm Mind|p2a: Florges
|-boost|p2a: Florges|spa|1
|-boost|p2a: Florges|spd|1
|move|p1a: Hatterene|Calm Mind|p1a: Hatterene
|-boost|p1a: Hatterene|spa|1
|-boost|p1a: Hatterene|spd|1
|
|upkeep
|turn|15
|
|t:|1779856958
|move|p2a: Florges|Calm Mind|p2a: Florges
|-boost|p2a: Florges|spa|1
|-boost|p2a: Florges|spd|1
|move|p1a: Hatterene|Calm Mind|p1a: Hatterene
|-boost|p1a: Hatterene|spa|1
|-boost|p1a: Hatterene|spd|1
|
|upkeep
|turn|16
|
|t:|1779856960
|move|p2a: Florges|Moonblast|p1a: Hatterene
|-damage|p1a: Hatterene|35/100
|move|p1a: Hatterene|Calm Mind|p1a: Hatterene
|-boost|p1a: Hatterene|spa|1
|-boost|p1a: Hatterene|spd|1
|
|-heal|p1a: Hatterene|41/100|[from] item: Leftovers
|upkeep
|turn|17
|
|t:|1779856966
|-terastallize|p1a: Hatterene|Poison
|move|p2a: Florges|Moonblast|p1a: Hatterene
|-resisted|p1a: Hatterene
|-damage|p1a: Hatterene|17/100
|move|p1a: Hatterene|Psyshock|p2a: Florges
|-crit|p2a: Florges
|-damage|p2a: Florges|0 fnt
|faint|p2a: Florges
|
|-heal|p1a: Hatterene|23/100|[from] item: Leftovers
|upkeep
|
|t:|1779856980
|switch|p2a: Ceruledge|Ceruledge, M|100/100
|turn|18
|
|t:|1779856983
|move|p2a: Ceruledge|Bitter Blade|p1a: Hatterene
|-damage|p1a: Hatterene|0 fnt
|faint|p1a: Hatterene
|
|upkeep
|
|t:|1779856986
|switch|p1a: Gholdengo|Gholdengo|81/100
|turn|19
|
|t:|1779856992
|move|p1a: Gholdengo|Trick|p2a: Ceruledge
|-activate|p1a: Gholdengo|move: Trick|[of] p2a: Ceruledge
|-item|p2a: Ceruledge|Choice Scarf|[from] move: Trick
|-item|p1a: Gholdengo|Focus Sash|[from] move: Trick
|move|p2a: Ceruledge|Bitter Blade|p1a: Gholdengo
|-supereffective|p1a: Gholdengo
|-damage|p1a: Gholdengo|0 fnt
|faint|p1a: Gholdengo
|
|upkeep
|
|t:|1779856996
|switch|p1a: Moltres|Moltres|84/100
|turn|20
|
|t:|1779857005
|switch|p2a: Zamazenta|Zamazenta|100/100
|-ability|p2a: Zamazenta|Dauntless Shield|boost
|-boost|p2a: Zamazenta|def|1
|move|p1a: Moltres|Roost|p1a: Moltres
|-heal|p1a: Moltres|100/100
|-singleturn|p1a: Moltres|move: Roost
|
|upkeep
|turn|21
|
|t:|1779857013
|move|p2a: Zamazenta|Crunch|p1a: Moltres
|-damage|p1a: Moltres|85/100
|-unboost|p1a: Moltres|def|1
|move|p1a: Moltres|Flamethrower|p2a: Zamazenta
|-damage|p2a: Zamazenta|71/100
|
|-heal|p2a: Zamazenta|77/100|[from] item: Leftovers
|upkeep
|turn|22
|
|t:|1779857018
|move|p2a: Zamazenta|Crunch|p1a: Moltres
|-damage|p1a: Moltres|64/100
|-status|p2a: Zamazenta|brn|[from] ability: Flame Body|[of] p1a: Moltres
|move|p1a: Moltres|U-turn|p2a: Zamazenta
|-resisted|p2a: Zamazenta
|-damage|p2a: Zamazenta|74/100 brn
|
|t:|1779857020
|switch|p1a: Primarina|Primarina, F|100/100|[from] U-turn
|
|-heal|p2a: Zamazenta|80/100 brn|[from] item: Leftovers
|-damage|p2a: Zamazenta|74/100 brn|[from] brn
|upkeep
|turn|23
|
|t:|1779857023
|move|p2a: Zamazenta|Body Press|p1a: Primarina
|-resisted|p1a: Primarina
|-damage|p1a: Primarina|84/100
|move|p1a: Primarina|Surf|p2a: Zamazenta
|-damage|p2a: Zamazenta|32/100 brn
|
|-heal|p2a: Zamazenta|38/100 brn|[from] item: Leftovers
|-damage|p2a: Zamazenta|32/100 brn|[from] brn
|upkeep
|turn|24
|
|t:|1779857026
|move|p2a: Zamazenta|Crunch|p1a: Primarina
|-resisted|p1a: Primarina
|-damage|p1a: Primarina|77/100
|move|p1a: Primarina|Surf|p2a: Zamazenta
|-damage|p2a: Zamazenta|0 fnt
|faint|p2a: Zamazenta
|
|upkeep
|
|t:|1779857029
|switch|p2a: Ceruledge|Ceruledge, M|100/100
|turn|25
|
|t:|1779857031
|move|p2a: Ceruledge|Poltergeist|p1a: Primarina
|-activate|p1a: Primarina|move: Poltergeist|Assault Vest
|-damage|p1a: Primarina|10/100
|move|p1a: Primarina|Surf|p2a: Ceruledge
|-supereffective|p2a: Ceruledge
|-damage|p2a: Ceruledge|0 fnt
|faint|p2a: Ceruledge
|
|win|Computerzz
|raw|Computerzz's rating: 1378 &rarr; <strong>1398</strong><br />(+20 for winning)
|raw|hat_fm's rating: 1379 &rarr; <strong>1359</strong><br />(-20 for losing)
|l|☆Computerzz
|player|p1|
|l|☆hat_fm
|player|p2|
