|j|☆imgonnalosefs
|j|☆literallyjaimelol
|t:|1779804947
|gametype|singles
|player|p1|imgonnalosefs|1|1089
|player|p2|literallyjaimelol|lucas|1079
|gen|9
|tier|[Gen 9] OU
|rated|
|rule|HP Percentage Mod: HP is shown in percentages
|rule|Endless Battle Clause: Forcing endless battles is banned
|rule|Species Clause: Limit one of each Pokémon
|rule|OHKO Clause: OHKO moves are banned
|rule|Evasion Items Clause: Evasion items are banned
|rule|Evasion Moves Clause: Evasion moves are banned
|rule|Evasion Abilities Clause: Evasion abilities are banned
|rule|Sleep Moves Clause: Sleep-inducing moves are banned
|clearpoke
|poke|p1|Hatterene, F|
|poke|p1|Slowking, M|
|poke|p1|Iron Hands|
|poke|p1|Gholdengo|
|poke|p1|Heatran, F|
|poke|p1|Ogerpon-Wellspring, F|
|poke|p2|Araquanid, F|
|poke|p2|Slowking-Galar, F|
|poke|p2|Great Tusk|
|poke|p2|Gholdengo|
|poke|p2|Ogerpon-Cornerstone, F|
|poke|p2|Rotom-Frost|
|teampreview
|inactive|Battle timer is ON: inactive players will automatically lose when time's up. (requested by imgonnalosefs)
|
|t:|1779804972
|teamsize|p1|6
|teamsize|p2|6
|start
|switch|p1a: Heatran|Heatran, F|100/100
|switch|p2a: ROCK HARD RN|Ogerpon-Cornerstone, F|100/100
|turn|1
|
|t:|1779804985
|move|p2a: ROCK HARD RN|Low Kick|p1a: Heatran
|-supereffective|p1a: Heatran
|-damage|p1a: Heatran|16/100
|move|p1a: Heatran|Flash Cannon|p2a: ROCK HARD RN
|-supereffective|p2a: ROCK HARD RN
|-damage|p2a: ROCK HARD RN|2/100
|
|-heal|p1a: Heatran|22/100|[from] item: Leftovers
|upkeep
|turn|2
|
|t:|1779805000
|switch|p1a: Slowking|Slowking, M|100/100
|move|p2a: ROCK HARD RN|Ivy Cudgel|p1a: Slowking|[anim] Ivy Cudgel Rock
|-damage|p1a: Slowking|41/100
|
|upkeep
|turn|3
|
|t:|1779805010
|move|p2a: ROCK HARD RN|Ivy Cudgel|p1a: Slowking|[anim] Ivy Cudgel Rock
|-damage|p1a: Slowking|0 fnt
|faint|p1a: Slowking
|
|upkeep
|c|☆imgonnalosefs|os
|c|☆imgonnalosefs|ow
|c|☆literallyjaimelol|hmm?
|
|t:|1779805022
|switch|p1a: Ogerpon|Ogerpon-Wellspring, F|100/100
|turn|4
|c|☆literallyjaimelol|oh yeah cornerpon ALWAYS forces calue
|c|☆imgonnalosefs|calue?
|
|t:|1779805036
|move|p2a: ROCK HARD RN|U-turn|p1a: Ogerpon
|-supereffective|p1a: Ogerpon
|-damage|p1a: Ogerpon|28/100
|
|t:|1779805042
|switch|p2a: LWK WET DOE|Araquanid, F, shiny|100/100|[from] U-turn
|move|p1a: Ogerpon|U-turn|p2a: LWK WET DOE
|-damage|p2a: LWK WET DOE|70/100
|c|☆literallyjaimelol|value
|
|t:|1779805056
|switch|p1a: Hatterene|Hatterene, F|100/100|[from] U-turn
|
|upkeep
|turn|5
|
|t:|1779805079
|move|p2a: LWK WET DOE|Liquidation|p1a: Hatterene
|-damage|p1a: Hatterene|48/100
|move|p1a: Hatterene|Trick Room|p1a: Hatterene
|-fieldstart|move: Trick Room|[of] p1a: Hatterene
|
|-heal|p1a: Hatterene|54/100|[from] item: Leftovers
|upkeep
|turn|6
|
|t:|1779805092
|move|p1a: Hatterene|Psychic|p2a: LWK WET DOE
|-crit|p2a: LWK WET DOE
|-damage|p2a: LWK WET DOE|23/100
|move|p2a: LWK WET DOE|Liquidation|p1a: Hatterene
|-damage|p1a: Hatterene|4/100
|
|-heal|p1a: Hatterene|10/100|[from] item: Leftovers
|upkeep
|turn|7
|
|t:|1779805103
|move|p1a: Hatterene|Healing Wish|p1a: Hatterene
|faint|p1a: Hatterene
|move|p2a: LWK WET DOE|Leech Life|p1: Hatterene|[notarget]
|-fail|p2a: LWK WET DOE
|
|upkeep
|
|t:|1779805107
|switch|p1a: Heatran|Heatran, F|22/100
|-heal|p1a: Heatran|100/100|[from] move: Healing Wish
|turn|8
|
|t:|1779805119
|move|p2a: LWK WET DOE|Sticky Web|p1a: Heatran
|-sidestart|p1: imgonnalosefs|move: Sticky Web
|move|p1a: Heatran|Earth Power|p2a: LWK WET DOE
|-resisted|p2a: LWK WET DOE
|-damage|p2a: LWK WET DOE|12/100
|
|upkeep
|turn|9
|
|t:|1779805132
|move|p2a: LWK WET DOE|Sticky Web||[still]
|-fail|p2a: LWK WET DOE
|move|p1a: Heatran|Magma Storm|p2a: LWK WET DOE
|-damage|p2a: LWK WET DOE|0 fnt
|faint|p2a: LWK WET DOE
|
|-fieldend|move: Trick Room
|upkeep
|
|t:|1779805140
|switch|p2a: ROCK HARD RN|Ogerpon-Cornerstone, F|2/100
|turn|10
|
|t:|1779805158
|switch|p1a: Gholdengo|Gholdengo|100/100
|-activate|p1a: Gholdengo|move: Sticky Web
|-unboost|p1a: Gholdengo|spe|1
|move|p2a: ROCK HARD RN|Low Kick|p1a: Gholdengo
|-immune|p1a: Gholdengo
|
|upkeep
|turn|11
|
|t:|1779805171
|move|p2a: ROCK HARD RN|Ivy Cudgel|p1a: Gholdengo|[anim] Ivy Cudgel Rock
|-resisted|p1a: Gholdengo
|-damage|p1a: Gholdengo|75/100
|move|p1a: Gholdengo|Power Gem|p2a: ROCK HARD RN
|-damage|p2a: ROCK HARD RN|0 fnt
|faint|p2a: ROCK HARD RN
|
|upkeep
|
|t:|1779805179
|switch|p2a: LWK A PDFFILE|Rotom-Frost, shiny|100/100
|turn|12
|
|t:|1779805199
|switch|p1a: Heatran|Heatran, F|100/100
|-activate|p1a: Heatran|move: Sticky Web
|-unboost|p1a: Heatran|spe|1
|move|p2a: LWK A PDFFILE|Dark Pulse|p1a: Heatran
|-damage|p1a: Heatran|81/100
|
|-heal|p1a: Heatran|87/100|[from] item: Leftovers
|upkeep
|turn|13
|
|t:|1779805214
|switch|p2a: Netflix & Chilly|Slowking-Galar, F|100/100
|move|p1a: Heatran|Magma Storm|p2a: Netflix & Chilly
|-damage|p2a: Netflix & Chilly|64/100
|-activate|p2a: Netflix & Chilly|move: Magma Storm|[of] p1a: Heatran
|
|-heal|p1a: Heatran|93/100|[from] item: Leftovers
|-damage|p2a: Netflix & Chilly|52/100|[from] move: Magma Storm|[partiallytrapped]
|upkeep
|turn|14
|
|t:|1779805226
|move|p1a: Heatran|Earth Power|p2a: Netflix & Chilly
|-supereffective|p2a: Netflix & Chilly
|-damage|p2a: Netflix & Chilly|11/100
|-prepare|p2a: Netflix & Chilly|Chilly Reception|[premajor]
|move|p2a: Netflix & Chilly|Chilly Reception|p2a: Netflix & Chilly
|-weather|Snowscape
|l|☆literallyjaimelol
|inactive|literallyjaimelol disconnected and has a minute to reconnect!
|player|p2|
|c|☆imgonnalosefs|lame joke
|inactive|literallyjaimelol has 30 seconds to reconnect!
|inactive|literallyjaimelol has 20 seconds to reconnect!
|inactive|literallyjaimelol has 15 seconds to reconnect!
|inactive|literallyjaimelol has 10 seconds to reconnect!
|inactive|literallyjaimelol has 5 seconds to reconnect!
|-message|literallyjaimelol lost due to inactivity.
|
|win|imgonnalosefs
|raw|imgonnalosefs's rating: 1089 &rarr; <strong>1115</strong><br />(+26 for winning)
|raw|literallyjaimelol's rating: 1079 &rarr; <strong>1058</strong><br />(-21 for losing)
|l|☆imgonnalosefs
|player|p1|
