|j|☆kitakami kitchen
|j|☆hat_fm
|t:|1779935171
|gametype|singles
|player|p1|kitakami kitchen|roxie|1465
|player|p2|hat_fm|pilot|1448
|gen|9
|tier|[Gen 9] OU
|rated|
|rule|HP Percentage Mod: HP is shown in percentages
|rule|Endless Battle Clause: Forcing endless battles is banned
|rule|Species Clause: Limit one of each Pokémon
|rule|OHKO Clause: OHKO moves are banned
|rule|Evasion Items Clause: Evasion items are banned
|rule|Evasion Moves Clause: Evasion moves are banned
|rule|Evasion Abilities Clause: Evasion abilities are banned
|rule|Sleep Moves Clause: Sleep-inducing moves are banned
|clearpoke
|poke|p1|Rillaboom, F|
|poke|p1|Hawlucha, F|
|poke|p1|Hatterene, F|
|poke|p1|Incineroar, F|
|poke|p1|Glimmora, F|
|poke|p1|Ogerpon-Wellspring, F|
|poke|p2|Zamazenta-*|
|poke|p2|Ceruledge, M|
|poke|p2|Scizor, M|
|poke|p2|Donphan, M|
|poke|p2|Lycanroc-Dusk, F|
|poke|p2|Florges, F|
|teampreview
|
|t:|1779935182
|teamsize|p1|6
|teamsize|p2|6
|start
|switch|p1a: Ogerpon|Ogerpon-Wellspring, F|100/100
|switch|p2a: Donphan|Donphan, M|100/100
|turn|1
|
|t:|1779935186
|move|p1a: Ogerpon|Ivy Cudgel|p2a: Donphan|[anim] Ivy Cudgel Water
|-supereffective|p2a: Donphan
|-crit|p2a: Donphan
|-damage|p2a: Donphan|2/100
|move|p2a: Donphan|Stealth Rock|p1a: Ogerpon
|-sidestart|p1: kitakami kitchen|move: Stealth Rock
|
|upkeep
|turn|2
|
|t:|1779935199
|switch|p1a: Rillaboom|Rillaboom, F|100/100
|-damage|p1a: Rillaboom|88/100|[from] Stealth Rock
|-fieldstart|move: Grassy Terrain|[from] ability: Grassy Surge|[of] p1a: Rillaboom
|move|p2a: Donphan|Rapid Spin|p1a: Rillaboom
|-damage|p1a: Rillaboom|75/100
|-boost|p2a: Donphan|spe|1
|
|-heal|p1a: Rillaboom|82/100|[from] Grassy Terrain
|-heal|p2a: Donphan|8/100|[from] Grassy Terrain
|upkeep
|turn|3
|
|t:|1779935203
|move|p1a: Rillaboom|Grassy Glide|p2a: Donphan
|-supereffective|p2a: Donphan
|-damage|p2a: Donphan|0 fnt
|-damage|p1a: Rillaboom|65/100|[from] item: Rocky Helmet|[of] p2a: Donphan
|faint|p2a: Donphan
|
|-heal|p1a: Rillaboom|71/100|[from] Grassy Terrain
|upkeep
|
|t:|1779935205
|switch|p2a: Ceruledge|Ceruledge, M|100/100
|turn|4
|
|t:|1779935210
|move|p2a: Ceruledge|Swords Dance|p2a: Ceruledge
|-boost|p2a: Ceruledge|atk|2
|move|p1a: Rillaboom|Knock Off|p2a: Ceruledge
|-supereffective|p2a: Ceruledge
|-enditem|p2a: Ceruledge|Focus Sash
|-damage|p2a: Ceruledge|1/100
|-ability|p2a: Ceruledge|Weak Armor|boost
|-unboost|p2a: Ceruledge|def|1
|-boost|p2a: Ceruledge|spe|2
|
|-heal|p2a: Ceruledge|7/100|[from] Grassy Terrain
|-heal|p1a: Rillaboom|77/100|[from] Grassy Terrain
|upkeep
|turn|5
|
|t:|1779935214
|move|p2a: Ceruledge|Shadow Sneak|p1a: Rillaboom
|-damage|p1a: Rillaboom|37/100
|move|p1a: Rillaboom|Grassy Glide|p2a: Ceruledge
|-resisted|p2a: Ceruledge
|-damage|p2a: Ceruledge|0 fnt
|faint|p2a: Ceruledge
|
|-heal|p1a: Rillaboom|44/100|[from] Grassy Terrain
|upkeep
|
|t:|1779935218
|switch|p2a: Scizor|Scizor, M|100/100
|turn|6
|
|t:|1779935230
|switch|p1a: Incineroar|Incineroar, F|100/100
|-damage|p1a: Incineroar|76/100|[from] Stealth Rock
|-ability|p1a: Incineroar|Intimidate|boost
|-unboost|p2a: Scizor|atk|1
|-enditem|p1a: Incineroar|Grassy Seed
|-boost|p1a: Incineroar|def|1|[from] item: Grassy Seed
|move|p2a: Scizor|U-turn|p1a: Incineroar
|-damage|p1a: Incineroar|52/100
|-damage|p2a: Scizor|91/100|[from] item: Life Orb
|
|t:|1779935238
|switch|p2a: Lycanroc|Lycanroc-Dusk, F|100/100|[from] U-turn
|
|-heal|p1a: Incineroar|58/100|[from] Grassy Terrain
|upkeep
|turn|7
|
|t:|1779935246
|move|p2a: Lycanroc|Stone Edge|p1a: Incineroar|[miss]
|-miss|p2a: Lycanroc|p1a: Incineroar
|move|p1a: Incineroar|Drain Punch|p2a: Lycanroc
|-supereffective|p2a: Lycanroc
|-damage|p2a: Lycanroc|16/100
|-heal|p1a: Incineroar|95/100|[from] drain|[of] p2a: Lycanroc
|
|-heal|p2a: Lycanroc|22/100|[from] Grassy Terrain
|-heal|p1a: Incineroar|100/100|[from] Grassy Terrain
|upkeep
|turn|8
|
|t:|1779935251
|move|p2a: Lycanroc|Stone Edge|p1a: Incineroar
|-supereffective|p1a: Incineroar
|-crit|p1a: Incineroar
|-damage|p1a: Incineroar|0 fnt
|faint|p1a: Incineroar
|-damage|p2a: Lycanroc|12/100|[from] item: Life Orb
|
|-heal|p2a: Lycanroc|18/100|[from] Grassy Terrain
|upkeep
|
|t:|1779935259
|switch|p1a: Hawlucha|Hawlucha, F|100/100
|-damage|p1a: Hawlucha|88/100|[from] Stealth Rock
|-enditem|p1a: Hawlucha|Grassy Seed
|-boost|p1a: Hawlucha|def|1|[from] item: Grassy Seed
|turn|9
|
|t:|1779935264
|move|p2a: Lycanroc|Accelerock|p1a: Hawlucha
|-damage|p1a: Hawlucha|57/100
|-damage|p2a: Lycanroc|8/100|[from] item: Life Orb
|move|p1a: Hawlucha|Acrobatics|p2a: Lycanroc
|-resisted|p2a: Lycanroc
|-damage|p2a: Lycanroc|0 fnt
|faint|p2a: Lycanroc
|
|-fieldend|move: Grassy Terrain
|upkeep
|
|t:|1779935279
|switch|p2a: Zamazenta|Zamazenta|100/100
|-ability|p2a: Zamazenta|Dauntless Shield|boost
|-boost|p2a: Zamazenta|def|1
|turn|10
|
|t:|1779935283
|move|p1a: Hawlucha|Acrobatics|p2a: Zamazenta
|-supereffective|p2a: Zamazenta
|-damage|p2a: Zamazenta|47/100
|move|p2a: Zamazenta|Roar|p1a: Hawlucha
|drag|p1a: Hatterene|Hatterene, F|100/100
|-damage|p1a: Hatterene|88/100|[from] Stealth Rock
|
|-heal|p2a: Zamazenta|53/100|[from] item: Leftovers
|upkeep
|turn|11
|
|t:|1779935293
|switch|p2a: Scizor|Scizor, M|91/100
|switch|p1a: Glimmora|Glimmora, F|100/100
|-damage|p1a: Glimmora|88/100|[from] Stealth Rock
|
|upkeep
|turn|12
|
|t:|1779935315
|switch|p2a: Florges|Florges, F|100/100
|-terastallize|p1a: Glimmora|Ghost
|move|p1a: Glimmora|Meteor Beam||[still]
|-prepare|p1a: Glimmora|Meteor Beam
|-boost|p1a: Glimmora|spa|1
|-enditem|p1a: Glimmora|Power Herb
|-anim|p1a: Glimmora|Meteor Beam|p2a: Florges
|-damage|p2a: Florges|40/100
|
|-heal|p2a: Florges|46/100|[from] item: Leftovers
|upkeep
|turn|13
|
|t:|1779935331
|-terastallize|p2a: Florges|Grass
|move|p1a: Glimmora|Stealth Rock|p2a: Florges
|-sidestart|p2: hat_fm|move: Stealth Rock
|move|p2a: Florges|Calm Mind|p2a: Florges
|-boost|p2a: Florges|spa|1
|-boost|p2a: Florges|spd|1
|
|-heal|p2a: Florges|52/100|[from] item: Leftovers
|upkeep
|turn|14
|
|t:|1779935340
|switch|p1a: Hawlucha|Hawlucha, F|57/100
|-damage|p1a: Hawlucha|45/100|[from] Stealth Rock
|move|p2a: Florges|Giga Drain|p1a: Hawlucha
|-resisted|p1a: Hawlucha
|-crit|p1a: Hawlucha
|-damage|p1a: Hawlucha|0 fnt
|-heal|p2a: Florges|74/100|[from] drain|[of] p1a: Hawlucha
|faint|p1a: Hawlucha
|
|-heal|p2a: Florges|80/100|[from] item: Leftovers
|upkeep
|
|t:|1779935368
|switch|p1a: Ogerpon|Ogerpon-Wellspring, F|100/100
|-damage|p1a: Ogerpon|88/100|[from] Stealth Rock
|turn|15
|
|t:|1779935375
|move|p1a: Ogerpon|Ivy Cudgel|p2a: Florges|[anim] Ivy Cudgel Water
|-resisted|p2a: Florges
|-damage|p2a: Florges|39/100
|move|p2a: Florges|Giga Drain|p1a: Ogerpon
|-damage|p1a: Ogerpon|14/100
|-heal|p2a: Florges|73/100|[from] drain|[of] p1a: Ogerpon
|
|-heal|p2a: Florges|79/100|[from] item: Leftovers
|upkeep
|turn|16
|
|t:|1779935383
|move|p1a: Ogerpon|Ivy Cudgel|p2a: Florges|[anim] Ivy Cudgel Water
|-resisted|p2a: Florges
|-damage|p2a: Florges|39/100
|move|p2a: Florges|Giga Drain|p1a: Ogerpon
|-damage|p1a: Ogerpon|0 fnt
|-heal|p2a: Florges|46/100|[from] drain|[of] p1a: Ogerpon
|faint|p1a: Ogerpon
|
|-heal|p2a: Florges|52/100|[from] item: Leftovers
|upkeep
|
|t:|1779935395
|switch|p1a: Rillaboom|Rillaboom, F|44/100
|-damage|p1a: Rillaboom|31/100|[from] Stealth Rock
|-fieldstart|move: Grassy Terrain|[from] ability: Grassy Surge|[of] p1a: Rillaboom
|turn|17
|
|t:|1779935405
|move|p1a: Rillaboom|U-turn|p2a: Florges
|-supereffective|p2a: Florges
|-damage|p2a: Florges|0 fnt
|faint|p2a: Florges
|
|t:|1779935410
|switch|p1a: Glimmora|Glimmora, F, tera:Ghost|88/100|[from] U-turn
|-damage|p1a: Glimmora|76/100|[from] Stealth Rock
|
|-heal|p1a: Glimmora|82/100|[from] Grassy Terrain
|upkeep
|
|t:|1779935415
|switch|p2a: Zamazenta|Zamazenta|53/100
|-damage|p2a: Zamazenta|47/100|[from] Stealth Rock
|turn|18
|
|t:|1779935418
|move|p2a: Zamazenta|Crunch|p1a: Glimmora
|-supereffective|p1a: Glimmora
|-damage|p1a: Glimmora|33/100
|-activate|p1a: Glimmora|ability: Toxic Debris
|-sidestart|p2: hat_fm|move: Toxic Spikes
|move|p1a: Glimmora|Mortal Spin|p2a: Zamazenta
|-damage|p2a: Zamazenta|42/100
|-status|p2a: Zamazenta|psn
|-sideend|p1: kitakami kitchen|Stealth Rock|[from] move: Mortal Spin|[of] p1a: Glimmora
|
|-heal|p2a: Zamazenta|48/100 psn|[from] Grassy Terrain
|-heal|p2a: Zamazenta|55/100 psn|[from] item: Leftovers
|-heal|p1a: Glimmora|39/100|[from] Grassy Terrain
|-damage|p2a: Zamazenta|42/100 psn|[from] psn
|upkeep
|turn|19
|
|t:|1779935433
|move|p2a: Zamazenta|Crunch|p1a: Glimmora
|-supereffective|p1a: Glimmora
|-damage|p1a: Glimmora|0 fnt
|-activate|p1a: Glimmora|ability: Toxic Debris
|-sidestart|p2: hat_fm|move: Toxic Spikes
|faint|p1a: Glimmora
|
|-heal|p2a: Zamazenta|48/100 psn|[from] Grassy Terrain
|-heal|p2a: Zamazenta|55/100 psn|[from] item: Leftovers
|-damage|p2a: Zamazenta|42/100 psn|[from] psn
|upkeep
|
|t:|1779935448
|switch|p1a: Hatterene|Hatterene, F|88/100
|-enditem|p1a: Hatterene|Grassy Seed
|-boost|p1a: Hatterene|def|1|[from] item: Grassy Seed
|turn|20
|
|t:|1779935453
|move|p1a: Hatterene|Draining Kiss|p2a: Zamazenta
|-supereffective|p2a: Zamazenta
|-damage|p2a: Zamazenta|1/100 psn
|-heal|p1a: Hatterene|100/100|[from] drain|[of] p2a: Zamazenta
|move|p2a: Zamazenta|Roar|p1a: Hatterene
|move|p1a: Hatterene|Roar|p2a: Zamazenta|[from] ability: Magic Bounce
|drag|p2a: Scizor|Scizor, M|91/100
|-damage|p2a: Scizor|78/100|[from] Stealth Rock
|
|-heal|p2a: Scizor|84/100|[from] Grassy Terrain
|upkeep
|turn|21
|
|t:|1779935465
|move|p2a: Scizor|Bullet Punch|p1a: Hatterene
|-supereffective|p1a: Hatterene
|-damage|p1a: Hatterene|48/100
|-damage|p2a: Scizor|74/100|[from] item: Life Orb
|move|p1a: Hatterene|Mystical Fire|p2a: Scizor
|-supereffective|p2a: Scizor
|-damage|p2a: Scizor|0 fnt
|faint|p2a: Scizor
|
|-heal|p1a: Hatterene|54/100|[from] Grassy Terrain
|upkeep
|
|t:|1779935469
|switch|p2a: Zamazenta|Zamazenta|1/100 psn
|-damage|p2a: Zamazenta|0 fnt|[from] Stealth Rock
|faint|p2a: Zamazenta
|
|win|kitakami kitchen
|raw|kitakami kitchen's rating: 1465 &rarr; <strong>1484</strong><br />(+19 for winning)
|raw|hat_fm's rating: 1448 &rarr; <strong>1429</strong><br />(-19 for losing)
|l|☆kitakami kitchen
|player|p1|
|l|☆hat_fm
|player|p2|
