|j|‽obamaisbiden
|j|☆Abigcamel
|t:|1779876335
|gametype|singles
|player|p1|obamaisbiden|ghetsis|1472
|player|p2|Abigcamel|morty|1459
|gen|9
|tier|[Gen 9] OU
|rated|
|rule|HP Percentage Mod: HP is shown in percentages
|rule|Endless Battle Clause: Forcing endless battles is banned
|rule|Species Clause: Limit one of each Pokémon
|rule|OHKO Clause: OHKO moves are banned
|rule|Evasion Items Clause: Evasion items are banned
|rule|Evasion Moves Clause: Evasion moves are banned
|rule|Evasion Abilities Clause: Evasion abilities are banned
|rule|Sleep Moves Clause: Sleep-inducing moves are banned
|clearpoke
|poke|p1|Hatterene, F|
|poke|p1|Great Tusk|
|poke|p1|Tornadus-Therian, M|
|poke|p1|Kyurem|
|poke|p1|Slowking-Galar, M|
|poke|p1|Kingambit, M|
|poke|p2|Pelipper, L99, F|
|poke|p2|Barraskewda, F|
|poke|p2|Raging Bolt|
|poke|p2|Golduck, M|
|poke|p2|Pawmot, F|
|poke|p2|Tentacruel, F|
|teampreview
|inactive|Battle timer is ON: inactive players will automatically lose when time's up. (requested by Abigcamel)
|inactive|obamaisbiden also wants the timer to be on.
|
|t:|1779876349
|teamsize|p1|6
|teamsize|p2|6
|start
|switch|p1a: Slowking|Slowking-Galar, M|100/100
|switch|p2a: ExSkewda Me|Barraskewda, F|100/100
|turn|1
|j| norwaytm
|
|t:|1779876356
|move|p2a: ExSkewda Me|Flip Turn|p1a: Slowking
|-damage|p1a: Slowking|70/100
|
|t:|1779876364
|switch|p2a: Great Neck|Raging Bolt|100/100|[from] Flip Turn
|move|p1a: Slowking|Sludge Bomb|p2a: Great Neck
|-damage|p2a: Great Neck|71/100
|-status|p2a: Great Neck|psn
|
|-heal|p2a: Great Neck|77/100 psn|[from] item: Leftovers
|-heal|p1a: Slowking|77/100|[from] item: Black Sludge
|-damage|p2a: Great Neck|65/100 psn|[from] psn
|upkeep
|turn|2
|
|t:|1779876376
|-end|p2a: Great Neck|Protosynthesis|[silent]
|switch|p2a: Ghoti carrier|Pelipper, L99, F|100/100
|-weather|RainDance|[from] ability: Drizzle|[of] p2a: Ghoti carrier
|move|p1a: Slowking|Trick|p2a: Ghoti carrier
|-activate|p1a: Slowking|move: Trick|[of] p2a: Ghoti carrier
|-item|p2a: Ghoti carrier|Black Sludge|[from] move: Trick
|-item|p1a: Slowking|Damp Rock|[from] move: Trick
|
|-weather|RainDance|[upkeep]
|-damage|p2a: Ghoti carrier|88/100|[from] item: Black Sludge
|upkeep
|turn|3
|
|t:|1779876383
|move|p2a: Ghoti carrier|U-turn|p1a: Slowking
|-damage|p1a: Slowking|70/100
|
|t:|1779876387
|switch|p2a: ExSkewda Me|Barraskewda, F|100/100|[from] U-turn
|-prepare|p1a: Slowking|Chilly Reception|[premajor]
|move|p1a: Slowking|Chilly Reception|p1a: Slowking
|-weather|Snowscape
|
|t:|1779876393
|switch|p1a: Hatterene|Hatterene, F, shiny|100/100|[from] Chilly Reception
|
|-weather|Snowscape|[upkeep]
|upkeep
|turn|4
|
|t:|1779876405
|move|p2a: ExSkewda Me|Flip Turn|p1a: Hatterene
|-damage|p1a: Hatterene|68/100
|-damage|p2a: ExSkewda Me|84/100|[from] item: Rocky Helmet|[of] p1a: Hatterene
|
|t:|1779876409
|switch|p2a: Ghoti carrier|Pelipper, L99, F|88/100|[from] Flip Turn
|-weather|RainDance|[from] ability: Drizzle|[of] p2a: Ghoti carrier
|move|p1a: Hatterene|Pain Split|p2a: Ghoti carrier
|-sethp|p2a: Ghoti carrier|78/100|[from] move: Pain Split|[silent]
|-sethp|p1a: Hatterene|78/100|[from] move: Pain Split
|
|-weather|RainDance|[upkeep]
|-damage|p2a: Ghoti carrier|66/100|[from] item: Black Sludge
|upkeep
|turn|5
|
|t:|1779876421
|switch|p1a: Slowking|Slowking-Galar, M|100/100
|move|p2a: Ghoti carrier|U-turn|p1a: Slowking
|-damage|p1a: Slowking|93/100
|
|t:|1779876424
|switch|p2a: ExSkewda Me|Barraskewda, F|84/100|[from] U-turn
|
|-weather|RainDance|[upkeep]
|upkeep
|turn|6
|
|t:|1779876433
|move|p2a: ExSkewda Me|Liquidation|p1a: Slowking
|-damage|p1a: Slowking|30/100
|move|p1a: Slowking|Sludge Bomb|p2a: ExSkewda Me
|-damage|p2a: ExSkewda Me|10/100
|
|-weather|RainDance|[upkeep]
|upkeep
|turn|7
|
|t:|1779876441
|switch|p1a: Hatterene|Hatterene, F, shiny|78/100
|move|p2a: ExSkewda Me|Liquidation|p1a: Hatterene
|-damage|p1a: Hatterene|4/100
|-unboost|p1a: Hatterene|def|1
|-damage|p2a: ExSkewda Me|0 fnt|[from] item: Rocky Helmet|[of] p1a: Hatterene
|faint|p2a: ExSkewda Me
|
|-weather|RainDance|[upkeep]
|upkeep
|
|t:|1779876451
|switch|p2a: Seaking Duck|Golduck, M|100/100
|turn|8
|
|t:|1779876459
|switch|p1a: Tornadus|Tornadus-Therian, M|100/100
|move|p2a: Seaking Duck|Ice Beam|p1a: Tornadus
|-supereffective|p1a: Tornadus
|-damage|p1a: Tornadus|54/100
|-damage|p2a: Seaking Duck|91/100|[from] item: Life Orb
|
|-weather|none
|upkeep
|turn|9
|
|t:|1779876467
|switch|p2a: Ghoti carrier|Pelipper, L99, F|66/100
|-weather|RainDance|[from] ability: Drizzle|[of] p2a: Ghoti carrier
|move|p1a: Tornadus|Knock Off|p2a: Ghoti carrier
|-damage|p2a: Ghoti carrier|49/100
|-enditem|p2a: Ghoti carrier|Black Sludge|[from] move: Knock Off|[of] p1a: Tornadus
|
|-weather|RainDance|[upkeep]
|upkeep
|turn|10
|
|t:|1779876472
|move|p1a: Tornadus|Bleakwind Storm|p2a: Ghoti carrier
|-damage|p2a: Ghoti carrier|0 fnt
|faint|p2a: Ghoti carrier
|
|-weather|RainDance|[upkeep]
|upkeep
|
|t:|1779876476
|switch|p2a: Seaking Duck|Golduck, M|91/100
|turn|11
|
|t:|1779876481
|move|p2a: Seaking Duck|Nasty Plot|p2a: Seaking Duck
|-boost|p2a: Seaking Duck|spa|2
|move|p1a: Tornadus|Knock Off|p2a: Seaking Duck
|-damage|p2a: Seaking Duck|61/100
|-enditem|p2a: Seaking Duck|Life Orb|[from] move: Knock Off|[of] p1a: Tornadus
|
|-weather|RainDance|[upkeep]
|upkeep
|turn|12
|
|t:|1779876501
|switch|p1a: Hatterene|Hatterene, F, shiny|4/100
|move|p2a: Seaking Duck|Ice Beam|p1a: Hatterene
|-damage|p1a: Hatterene|0 fnt
|faint|p1a: Hatterene
|
|-weather|RainDance|[upkeep]
|upkeep
|
|t:|1779876506
|switch|p1a: Kingambit|Kingambit, M|100/100
|-activate|p1a: Kingambit|ability: Supreme Overlord
|-start|p1a: Kingambit|fallen1|[silent]
|turn|13
|
|t:|1779876512
|move|p2a: Seaking Duck|Vacuum Wave|p1a: Kingambit
|-supereffective|p1a: Kingambit
|-damage|p1a: Kingambit|9/100
|move|p1a: Kingambit|Sucker Punch||[still]
|-fail|p1a: Kingambit
|
|-weather|none
|-heal|p1a: Kingambit|15/100|[from] item: Leftovers
|upkeep
|turn|14
|
|t:|1779876537
|-terastallize|p1a: Kingambit|Ghost
|move|p2a: Seaking Duck|Vacuum Wave|p1a: Kingambit
|-immune|p1a: Kingambit
|move|p1a: Kingambit|Kowtow Cleave|p2a: Seaking Duck
|-damage|p2a: Seaking Duck|0 fnt
|faint|p2a: Seaking Duck
|
|-heal|p1a: Kingambit|21/100|[from] item: Leftovers
|upkeep
|
|t:|1779876544
|switch|p2a: Really want eject|Pawmot, F|100/100
|turn|15
|
|t:|1779876555
|-end|p1a: Kingambit|fallen1|[silent]
|switch|p1a: Slowking|Slowking-Galar, M|63/100
|move|p2a: Really want eject|Revival Blessing|p2a: Really want eject
|-enditem|p2a: Really want eject|Leppa Berry|[eat]
|-activate|p2a: Really want eject|item: Leppa Berry|Revival Blessing|[consumed]
|
|t:|1779876559
|-heal|p2: Ghoti carrier|50/100|[from] move: Revival Blessing
|
|upkeep
|turn|16
|
|t:|1779876571
|move|p2a: Really want eject|Revival Blessing|p2a: Really want eject
|
|t:|1779876573
|-heal|p2: ExSkewda Me|50/100|[from] move: Revival Blessing
|move|p1a: Slowking|Future Sight|p2a: Really want eject
|-start|p1a: Slowking|move: Future Sight
|
|upkeep
|turn|17
|
|t:|1779876577
|move|p2a: Really want eject|Encore|p1a: Slowking
|-start|p1a: Slowking|Encore
|move|p1a: Slowking|Future Sight||[still]
|-fail|p1a: Slowking
|
|upkeep
|turn|18
|
|t:|1779876581
|switch|p1a: Kyurem|Kyurem, shiny|100/100
|-ability|p1a: Kyurem|Pressure
|move|p2a: Really want eject|Nuzzle|p1a: Kyurem
|-resisted|p1a: Kyurem
|-damage|p1a: Kyurem|97/100
|-status|p1a: Kyurem|par
|
|-end|p2a: Really want eject|move: Future Sight
|-supereffective|p2a: Really want eject
|-damage|p2a: Really want eject|0 fnt
|faint|p2a: Really want eject
|upkeep
|
|t:|1779876591
|switch|p2a: Great Neck|Raging Bolt|65/100 psn
|turn|19
|
|t:|1779876609
|switch|p1a: Tornadus|Tornadus-Therian, M|87/100
|move|p2a: Great Neck|Draco Meteor|p1a: Tornadus
|-damage|p1a: Tornadus|38/100
|-unboost|p2a: Great Neck|spa|2
|
|-heal|p2a: Great Neck|71/100 psn|[from] item: Leftovers
|-damage|p2a: Great Neck|59/100 psn|[from] psn
|upkeep
|turn|20
|
|t:|1779876616
|-end|p2a: Great Neck|Protosynthesis|[silent]
|switch|p2a: Spaghetti Too|Tentacruel, F|100/100
|move|p1a: Tornadus|U-turn|p2a: Spaghetti Too
|-resisted|p2a: Spaghetti Too
|-damage|p2a: Spaghetti Too|90/100
|
|t:|1779876625
|switch|p1a: Kyurem|Kyurem, shiny|97/100 par|[from] U-turn
|-ability|p1a: Kyurem|Pressure
|
|upkeep
|turn|21
|
|t:|1779876630
|move|p1a: Kyurem|Freeze-Dry|p2a: Spaghetti Too
|-supereffective|p2a: Spaghetti Too
|-damage|p2a: Spaghetti Too|45/100
|move|p2a: Spaghetti Too|Mirror Coat|p1a: Kyurem
|-damage|p1a: Kyurem|13/100 par
|
|upkeep
|turn|22
|
|t:|1779876645
|move|p2a: Spaghetti Too|Poison Jab|p1a: Kyurem
|-damage|p1a: Kyurem|0 fnt
|faint|p1a: Kyurem
|
|upkeep
|
|t:|1779876651
|switch|p1a: Great Tusk|Great Tusk|100/100
|turn|23
|
|t:|1779876660
|-end|p1a: Great Tusk|Protosynthesis|[silent]
|switch|p1a: Slowking|Slowking-Galar, M|96/100
|switch|p2a: Ghoti carrier|Pelipper, L99, F|50/100
|-weather|RainDance|[from] ability: Drizzle|[of] p2a: Ghoti carrier
|
|-weather|RainDance|[upkeep]
|upkeep
|turn|24
|
|t:|1779876665
|move|p2a: Ghoti carrier|U-turn|p1a: Slowking
|-damage|p1a: Slowking|90/100
|
|t:|1779876667
|switch|p2a: Spaghetti Too|Tentacruel, F|45/100|[from] U-turn
|-prepare|p1a: Slowking|Chilly Reception|[premajor]
|move|p1a: Slowking|Chilly Reception|p1a: Slowking
|-weather|Snowscape
|
|t:|1779876672
|switch|p1a: Kingambit|Kingambit, M, tera:Ghost|21/100|[from] Chilly Reception
|-activate|p1a: Kingambit|ability: Supreme Overlord
|-start|p1a: Kingambit|fallen2|[silent]
|
|-weather|Snowscape|[upkeep]
|-heal|p1a: Kingambit|28/100|[from] item: Leftovers
|upkeep
|turn|25
|
|t:|1779876676
|-end|p1a: Kingambit|fallen2|[silent]
|switch|p1a: Slowking|Slowking-Galar, M|100/100
|move|p2a: Spaghetti Too|Flip Turn|p1a: Slowking
|-damage|p1a: Slowking|89/100
|
|t:|1779876682
|switch|p2a: Ghoti carrier|Pelipper, L99, F|50/100|[from] Flip Turn
|-weather|RainDance|[from] ability: Drizzle|[of] p2a: Ghoti carrier
|
|-weather|RainDance|[upkeep]
|upkeep
|turn|26
|
|t:|1779876686
|move|p2a: Ghoti carrier|Roost|p2a: Ghoti carrier
|-heal|p2a: Ghoti carrier|100/100
|-singleturn|p2a: Ghoti carrier|move: Roost
|move|p1a: Slowking|Future Sight|p2a: Ghoti carrier
|-start|p1a: Slowking|move: Future Sight
|
|-weather|RainDance|[upkeep]
|upkeep
|turn|27
|
|t:|1779876696
|switch|p2a: Great Neck|Raging Bolt|59/100 psn
|-prepare|p1a: Slowking|Chilly Reception|[premajor]
|move|p1a: Slowking|Chilly Reception|p1a: Slowking
|-weather|Snowscape
|
|t:|1779876699
|switch|p1a: Great Tusk|Great Tusk|100/100|[from] Chilly Reception
|
|-weather|Snowscape|[upkeep]
|-heal|p2a: Great Neck|65/100 psn|[from] item: Leftovers
|-damage|p2a: Great Neck|53/100 psn|[from] psn
|upkeep
|turn|28
|
|t:|1779876731
|move|p1a: Great Tusk|Ice Spinner|p2a: Great Neck
|-supereffective|p2a: Great Neck
|-damage|p2a: Great Neck|0 fnt
|faint|p2a: Great Neck
|-end|p2a: Great Neck|Protosynthesis|[silent]
|
|-weather|Snowscape|[upkeep]
|-hint|Future Sight did not hit because the target is fainted.
|upkeep
|
|t:|1779876745
|switch|p2a: ExSkewda Me|Barraskewda, F|50/100
|turn|29
|inactive|obamaisbiden has 120 seconds left.
|
|t:|1779876788
|move|p2a: ExSkewda Me|Flip Turn|p1a: Great Tusk
|-supereffective|p1a: Great Tusk
|-damage|p1a: Great Tusk|46/100
|-damage|p2a: ExSkewda Me|34/100|[from] item: Rocky Helmet|[of] p1a: Great Tusk
|
|t:|1779876792
|switch|p2a: Ghoti carrier|Pelipper, L99, F|100/100|[from] Flip Turn
|-weather|RainDance|[from] ability: Drizzle|[of] p2a: Ghoti carrier
|move|p1a: Great Tusk|Headlong Rush|p2a: Ghoti carrier
|-immune|p2a: Ghoti carrier
|
|-weather|RainDance|[upkeep]
|upkeep
|turn|30
|
|t:|1779876797
|move|p1a: Great Tusk|Stealth Rock|p2a: Ghoti carrier
|-sidestart|p2: Abigcamel|move: Stealth Rock
|move|p2a: Ghoti carrier|U-turn|p1a: Great Tusk
|-resisted|p1a: Great Tusk
|-damage|p1a: Great Tusk|42/100
|-damage|p2a: Ghoti carrier|84/100|[from] item: Rocky Helmet|[of] p1a: Great Tusk
|
|t:|1779876799
|switch|p2a: ExSkewda Me|Barraskewda, F|34/100|[from] U-turn
|-damage|p2a: ExSkewda Me|22/100|[from] Stealth Rock
|
|-weather|RainDance|[upkeep]
|upkeep
|turn|31
|
|t:|1779876806
|move|p2a: ExSkewda Me|Liquidation|p1a: Great Tusk
|-supereffective|p1a: Great Tusk
|-damage|p1a: Great Tusk|0 fnt
|-damage|p2a: ExSkewda Me|5/100|[from] item: Rocky Helmet|[of] p1a: Great Tusk
|faint|p1a: Great Tusk
|-end|p1a: Great Tusk|Protosynthesis|[silent]
|
|-weather|RainDance|[upkeep]
|upkeep
|
|t:|1779876809
|switch|p1a: Kingambit|Kingambit, M, tera:Ghost|28/100
|-activate|p1a: Kingambit|ability: Supreme Overlord
|-start|p1a: Kingambit|fallen3|[silent]
|turn|32
|l| norwaytm
|
|t:|1779876819
|switch|p2a: Spaghetti Too|Tentacruel, F|45/100
|-damage|p2a: Spaghetti Too|33/100|[from] Stealth Rock
|move|p1a: Kingambit|Sucker Punch||[still]
|-fail|p1a: Kingambit
|
|-weather|RainDance|[upkeep]
|-heal|p2a: Spaghetti Too|39/100|[from] ability: Rain Dish
|-heal|p1a: Kingambit|34/100|[from] item: Leftovers
|upkeep
|turn|33
|
|t:|1779876834
|-terastallize|p2a: Spaghetti Too|Dark
|move|p1a: Kingambit|Sucker Punch|p2a: Spaghetti Too
|-resisted|p2a: Spaghetti Too
|-damage|p2a: Spaghetti Too|2/100
|move|p2a: Spaghetti Too|Flip Turn|p1a: Kingambit
|-damage|p1a: Kingambit|16/100
|
|t:|1779876841
|switch|p2a: Ghoti carrier|Pelipper, L99, F|84/100|[from] Flip Turn
|-damage|p2a: Ghoti carrier|59/100|[from] Stealth Rock
|
|-weather|none
|-heal|p1a: Kingambit|22/100|[from] item: Leftovers
|upkeep
|turn|34
|
|t:|1779876848
|-end|p1a: Kingambit|fallen3|[silent]
|switch|p1a: Tornadus|Tornadus-Therian, M|71/100
|move|p2a: Ghoti carrier|Surf|p1a: Tornadus
|-damage|p1a: Tornadus|50/100
|
|upkeep
|turn|35
|
|t:|1779876853
|move|p1a: Tornadus|Bleakwind Storm|p2a: Ghoti carrier
|-damage|p2a: Ghoti carrier|8/100
|-unboost|p2a: Ghoti carrier|spe|1
|move|p2a: Ghoti carrier|Roost|p2a: Ghoti carrier
|-heal|p2a: Ghoti carrier|58/100
|-singleturn|p2a: Ghoti carrier|move: Roost
|
|upkeep
|turn|36
|
|t:|1779876858
|move|p1a: Tornadus|Bleakwind Storm|p2a: Ghoti carrier
|-damage|p2a: Ghoti carrier|4/100
|move|p2a: Ghoti carrier|Roost|p2a: Ghoti carrier
|-heal|p2a: Ghoti carrier|54/100
|-singleturn|p2a: Ghoti carrier|move: Roost
|
|upkeep
|turn|37
|
|t:|1779876861
|move|p1a: Tornadus|Bleakwind Storm|p2a: Ghoti carrier|[miss]
|-miss|p1a: Tornadus|p2a: Ghoti carrier
|move|p2a: Ghoti carrier|Roost|p2a: Ghoti carrier
|-heal|p2a: Ghoti carrier|100/100
|-singleturn|p2a: Ghoti carrier|move: Roost
|
|upkeep
|turn|38
|
|t:|1779876867
|move|p1a: Tornadus|Bleakwind Storm|p2a: Ghoti carrier
|-damage|p2a: Ghoti carrier|46/100
|move|p2a: Ghoti carrier|Surf|p1a: Tornadus
|-damage|p1a: Tornadus|31/100
|
|upkeep
|turn|39
|
|t:|1779876869
|move|p1a: Tornadus|Bleakwind Storm|p2a: Ghoti carrier
|-damage|p2a: Ghoti carrier|0 fnt
|faint|p2a: Ghoti carrier
|
|upkeep
|-message|Abigcamel forfeited.
|
|win|obamaisbiden
|raw|obamaisbiden's rating: 1472 &rarr; <strong>1491</strong><br />(+19 for winning)
|raw|Abigcamel's rating: 1459 &rarr; <strong>1440</strong><br />(-19 for losing)
|l|☆Abigcamel
|player|p2|
|l|‽obamaisbiden
|player|p1|
