|j|☆goodnightnite
|j|☆Bruen01
|t:|1779804920
|gametype|singles
|player|p1|goodnightnite|miku-water|1666
|player|p2|Bruen01|bruno|1621
|gen|9
|tier|[Gen 9] OU
|rated|
|rule|HP Percentage Mod: HP is shown in percentages
|rule|Endless Battle Clause: Forcing endless battles is banned
|rule|Species Clause: Limit one of each Pokémon
|rule|OHKO Clause: OHKO moves are banned
|rule|Evasion Items Clause: Evasion items are banned
|rule|Evasion Moves Clause: Evasion moves are banned
|rule|Evasion Abilities Clause: Evasion abilities are banned
|rule|Sleep Moves Clause: Sleep-inducing moves are banned
|clearpoke
|poke|p1|Primarina, M|
|poke|p1|Zamazenta-*|
|poke|p1|Gholdengo|
|poke|p1|Rillaboom, M|
|poke|p1|Glimmora, M|
|poke|p1|Hydreigon, M|
|poke|p2|Slowking-Galar, F|
|poke|p2|Landorus-Therian, M|
|poke|p2|Kyurem|
|poke|p2|Iron Valiant|
|poke|p2|Cinderace, F|
|poke|p2|Kingambit, F|
|teampreview
|inactive|Battle timer is ON: inactive players will automatically lose when time's up. (requested by goodnightnite)
|
|t:|1779804930
|teamsize|p1|6
|teamsize|p2|6
|start
|switch|p1a: Hybrid|Hydreigon, M, shiny|100/100
|switch|p2a: Cinderace|Cinderace, F|100/100
|turn|1
|
|t:|1779804936
|switch|p1a: Bullet|Glimmora, M, shiny|100/100
|move|p2a: Cinderace|U-turn|p1a: Bullet
|-start|p2a: Cinderace|typechange|Bug|[from] ability: Libero
|-resisted|p1a: Bullet
|-damage|p1a: Bullet|89/100
|-activate|p1a: Bullet|ability: Toxic Debris
|-sidestart|p2: Bruen01|move: Toxic Spikes
|-enditem|p1a: Bullet|Red Card|[of] p2a: Cinderace
|drag|p2a: Kingambit|Kingambit, F|100/100
|
|upkeep
|turn|2
|
|t:|1779804949
|move|p1a: Bullet|Earth Power|p2a: Kingambit
|-supereffective|p2a: Kingambit
|-damage|p2a: Kingambit|49/100
|move|p2a: Kingambit|Iron Head|p1a: Bullet
|-supereffective|p1a: Bullet
|-damage|p1a: Bullet|17/100
|-activate|p1a: Bullet|ability: Toxic Debris
|-sidestart|p2: Bruen01|move: Toxic Spikes
|
|-heal|p2a: Kingambit|56/100|[from] item: Leftovers
|upkeep
|turn|3
|
|t:|1779804957
|switch|p1a: Hybrid|Hydreigon, M, shiny|100/100
|-end|p2a: Kingambit|fallenundefined|[silent]
|switch|p2a: Slowking|Slowking-Galar, F|100/100
|-sideend|p2: Bruen01|move: Toxic Spikes|[of] p2a: Slowking
|
|upkeep
|turn|4
|
|t:|1779804964
|move|p1a: Hybrid|Dark Pulse|p2a: Slowking
|-supereffective|p2a: Slowking
|-damage|p2a: Slowking|27/100
|-prepare|p2a: Slowking|Chilly Reception|[premajor]
|cant|p2a: Slowking|flinch
|
|upkeep
|turn|5
|
|t:|1779804973
|switch|p1a: Celestine|Primarina, M, shiny|100/100
|switch|p2a: Iron Valiant|Iron Valiant|100/100
|-enditem|p2a: Iron Valiant|Booster Energy
|-activate|p2a: Iron Valiant|ability: Quark Drive|[fromitem]
|-start|p2a: Iron Valiant|quarkdrivespe
|
|upkeep
|turn|6
|
|t:|1779804997
|-end|p2a: Iron Valiant|Quark Drive|[silent]
|switch|p2a: Slowking|Slowking-Galar, F|60/100
|move|p1a: Celestine|Moonblast|p2a: Slowking
|-resisted|p2a: Slowking
|-damage|p2a: Slowking|45/100
|
|upkeep
|turn|7
|inactive|Bruen01 has 120 seconds left.
|
|t:|1779805027
|move|p1a: Celestine|Psychic Noise|p2a: Slowking
|-damage|p2a: Slowking|23/100
|-start|p2a: Slowking|move: Heal Block
|move|p2a: Slowking|Sludge Bomb|p1a: Celestine
|-supereffective|p1a: Celestine
|-damage|p1a: Celestine|64/100
|-status|p1a: Celestine|psn
|
|-damage|p1a: Celestine|52/100 psn|[from] psn
|upkeep
|turn|8
|j| hattybatty304
|inactive|Bruen01 has 90 seconds left.
|
|t:|1779805064
|switch|p2a: Kyurem|Kyurem|100/100
|-ability|p2a: Kyurem|Pressure
|move|p1a: Celestine|Moonblast|p2a: Kyurem
|-supereffective|p2a: Kyurem
|-damage|p2a: Kyurem|0 fnt
|faint|p2a: Kyurem
|
|-damage|p1a: Celestine|39/100 psn|[from] psn
|upkeep
|
|t:|1779805074
|switch|p2a: Slowking|Slowking-Galar, F|56/100
|turn|9
|
|t:|1779805088
|move|p1a: Celestine|Psychic Noise|p2a: Slowking
|-damage|p2a: Slowking|32/100
|-start|p2a: Slowking|move: Heal Block
|-prepare|p2a: Slowking|Chilly Reception|[premajor]
|move|p2a: Slowking|Chilly Reception|p2a: Slowking
|-weather|Snowscape
|inactive|Bruen01 has 90 seconds left.
|
|t:|1779805103
|switch|p2a: Iron Valiant|Iron Valiant|100/100|[from] Chilly Reception
|
|-weather|Snowscape|[upkeep]
|-damage|p1a: Celestine|27/100 psn|[from] psn
|upkeep
|turn|10
|
|t:|1779805112
|move|p2a: Iron Valiant|Close Combat|p1a: Celestine
|-resisted|p1a: Celestine
|-damage|p1a: Celestine|0 fnt
|-unboost|p2a: Iron Valiant|def|1
|-unboost|p2a: Iron Valiant|spd|1
|faint|p1a: Celestine
|
|-weather|Snowscape|[upkeep]
|upkeep
|
|t:|1779805117
|switch|p1a: Kong|Rillaboom, M, shiny|100/100
|-fieldstart|move: Grassy Terrain|[from] ability: Grassy Surge|[of] p1a: Kong
|turn|11
|
|t:|1779805126
|-end|p2a: Iron Valiant|Quark Drive|[silent]
|switch|p2a: Cinderace|Cinderace, F|100/100
|move|p1a: Kong|Swords Dance|p1a: Kong
|-boost|p1a: Kong|atk|2
|
|-weather|Snowscape|[upkeep]
|upkeep
|turn|12
|
|t:|1779805133
|switch|p1a: Bullet|Glimmora, M, shiny|17/100
|move|p2a: Cinderace|Pyro Ball|p1a: Bullet
|-resisted|p1a: Bullet
|-damage|p1a: Bullet|0 fnt
|-activate|p1a: Bullet|ability: Toxic Debris
|-sidestart|p2: Bruen01|move: Toxic Spikes
|faint|p1a: Bullet
|
|-weather|Snowscape|[upkeep]
|upkeep
|
|t:|1779805141
|switch|p1a: Spirit Rush|Gholdengo, shiny|100/100
|-enditem|p1a: Spirit Rush|Grassy Seed
|-boost|p1a: Spirit Rush|def|1|[from] item: Grassy Seed
|turn|13
|
|t:|1779805156
|-terastallize|p1a: Spirit Rush|Water
|move|p2a: Cinderace|Pyro Ball|p1a: Spirit Rush
|-resisted|p1a: Spirit Rush
|-damage|p1a: Spirit Rush|84/100
|move|p1a: Spirit Rush|Nasty Plot|p1a: Spirit Rush
|-boost|p1a: Spirit Rush|spa|2
|
|-weather|none
|-heal|p1a: Spirit Rush|90/100|[from] Grassy Terrain
|upkeep
|turn|14
|inactive|Bruen01 has 90 seconds left.
|
|t:|1779805184
|move|p2a: Cinderace|U-turn|p1a: Spirit Rush
|-start|p2a: Cinderace|typechange|Bug|[from] ability: Libero
|-damage|p1a: Spirit Rush|69/100
|
|t:|1779805186
|switch|p2a: Landorus|Landorus-Therian, M|100/100|[from] U-turn
|-ability|p2a: Landorus|Intimidate|boost
|-unboost|p1a: Spirit Rush|atk|1
|move|p1a: Spirit Rush|Shadow Ball|p2a: Landorus
|-damage|p2a: Landorus|23/100
|
|-heal|p1a: Spirit Rush|75/100|[from] Grassy Terrain
|upkeep
|turn|15
|
|t:|1779805198
|move|p2a: Landorus|Stealth Rock|p1a: Spirit Rush
|-sidestart|p1: goodnightnite|move: Stealth Rock
|move|p1a: Spirit Rush|Shadow Ball|p2a: Landorus
|-damage|p2a: Landorus|0 fnt
|faint|p2a: Landorus
|
|-heal|p1a: Spirit Rush|81/100|[from] Grassy Terrain
|-fieldend|move: Grassy Terrain
|upkeep
|inactive|Bruen01 has 90 seconds left.
|
|t:|1779805225
|switch|p2a: Kingambit|Kingambit, F|56/100
|-activate|p2a: Kingambit|ability: Supreme Overlord
|-start|p2a: Kingambit|fallen2|[silent]
|turn|16
|
|t:|1779805242
|-end|p2a: Kingambit|fallen2|[silent]
|switch|p2a: Cinderace|Cinderace, F|100/100
|move|p1a: Spirit Rush|Make It Rain|p2a: Cinderace
|-resisted|p2a: Cinderace
|-damage|p2a: Cinderace|29/100
|-unboost|p1a: Spirit Rush|spa|1
|
|upkeep
|turn|17
|
|t:|1779805250
|move|p2a: Cinderace|U-turn|p1a: Spirit Rush
|-start|p2a: Cinderace|typechange|Bug|[from] ability: Libero
|-damage|p1a: Spirit Rush|59/100
|inactive|Bruen01 has 60 seconds left.
|
|t:|1779805274
|switch|p2a: Slowking|Slowking-Galar, F|66/100|[from] U-turn
|-sideend|p2: Bruen01|move: Toxic Spikes|[of] p2a: Slowking
|move|p1a: Spirit Rush|Nasty Plot|p1a: Spirit Rush
|-boost|p1a: Spirit Rush|spa|2
|
|upkeep
|turn|18
|
|t:|1779805280
|move|p1a: Spirit Rush|Shadow Ball|p2a: Slowking
|-supereffective|p2a: Slowking
|-damage|p2a: Slowking|0 fnt
|faint|p2a: Slowking
|
|upkeep
|
|t:|1779805290
|switch|p2a: Iron Valiant|Iron Valiant|100/100
|turn|19
|inactive|Bruen01 has 60 seconds left.
|c|☆goodnightnite|is tt encore
|
|t:|1779805307
|-terastallize|p2a: Iron Valiant|Fairy
|move|p2a: Iron Valiant|Moonblast|p1a: Spirit Rush
|-damage|p1a: Spirit Rush|14/100
|move|p1a: Spirit Rush|Shadow Ball|p2a: Iron Valiant
|-damage|p2a: Iron Valiant|0 fnt
|faint|p2a: Iron Valiant
|-end|p2a: Iron Valiant|Quark Drive|[silent]
|
|upkeep
|c|☆goodnightnite|hm
|inactive|Bruen01 has 60 seconds left.
|c|☆goodnightnite|nvm
|
|t:|1779805319
|switch|p2a: Cinderace|Cinderace, F|29/100
|turn|20
|inactive|Bruen01 has 60 seconds left.
|inactive|goodnightnite has 120 seconds left.
|
|t:|1779805371
|move|p2a: Cinderace|Pyro Ball|p1a: Spirit Rush|[miss]
|-miss|p2a: Cinderace|p1a: Spirit Rush
|move|p1a: Spirit Rush|Shadow Ball|p2a: Cinderace
|-damage|p2a: Cinderace|0 fnt
|faint|p2a: Cinderace
|
|upkeep
|inactive|Bruen01 has 60 seconds left.
|c|☆goodnightnite|gg
|c|☆Bruen01|gg I suppose
|-message|Bruen01 forfeited.
|
|win|goodnightnite
|raw|goodnightnite's rating: 1666 &rarr; <strong>1683</strong><br />(+17 for winning)
|raw|Bruen01's rating: 1621 &rarr; <strong>1604</strong><br />(-17 for losing)
|l|☆Bruen01
|player|p2|
