|j|☆ghostoftheranch
|j|☆Avitross
|t:|1779909720
|gametype|singles
|player|p1|ghostoftheranch|medium|1586
|player|p2|Avitross|2|1694
|gen|9
|tier|[Gen 9] OU
|rated|
|rule|HP Percentage Mod: HP is shown in percentages
|rule|Endless Battle Clause: Forcing endless battles is banned
|rule|Species Clause: Limit one of each Pokémon
|rule|OHKO Clause: OHKO moves are banned
|rule|Evasion Items Clause: Evasion items are banned
|rule|Evasion Moves Clause: Evasion moves are banned
|rule|Evasion Abilities Clause: Evasion abilities are banned
|rule|Sleep Moves Clause: Sleep-inducing moves are banned
|clearpoke
|poke|p1|Torkoal, M|
|poke|p1|Fezandipiti, M|
|poke|p1|Great Tusk|
|poke|p1|Cinderace, F|
|poke|p1|Mandibuzz, F|
|poke|p1|Volcanion|
|poke|p2|Krookodile, M|
|poke|p2|Great Tusk|
|poke|p2|Corviknight, M|
|poke|p2|Ogerpon-Wellspring, F|
|poke|p2|Glimmora, M|
|poke|p2|Dragapult, F|
|teampreview
|j| Lowladderubersnoob
|l| Lowladderubersnoob
|inactive|Battle timer is ON: inactive players will automatically lose when time's up. (requested by Avitross)
|inactive|ghostoftheranch has 120 seconds left.
|inactive|ghostoftheranch has 90 seconds left.
|inactive|ghostoftheranch has 60 seconds left.
|j| Lowladderubersnoob
|
|t:|1779909857
|teamsize|p1|6
|teamsize|p2|6
|start
|switch|p1a: Mandibuzz|Mandibuzz, F|100/100
|switch|p2a: Great Tusk|Great Tusk|100/100
|turn|1
|l| Lowladderubersnoob
|
|t:|1779909864
|move|p2a: Great Tusk|Ice Spinner|p1a: Mandibuzz
|-supereffective|p1a: Mandibuzz
|-damage|p1a: Mandibuzz|69/100
|-damage|p2a: Great Tusk|84/100|[from] item: Rocky Helmet|[of] p1a: Mandibuzz
|move|p1a: Mandibuzz|Toxic|p2a: Great Tusk
|-status|p2a: Great Tusk|tox
|
|-damage|p2a: Great Tusk|78/100 tox|[from] psn
|upkeep
|turn|2
|
|t:|1779909874
|-end|p2a: Great Tusk|Protosynthesis|[silent]
|switch|p2a: Corviknight|Corviknight, M|100/100
|-ability|p2a: Corviknight|Pressure
|move|p1a: Mandibuzz|Toxic|p2a: Corviknight
|-immune|p2a: Corviknight
|
|upkeep
|turn|3
|
|t:|1779909883
|switch|p1a: Torkoal|Torkoal, M|100/100
|-weather|SunnyDay|[from] ability: Drought|[of] p1a: Torkoal
|move|p2a: Corviknight|U-turn|p1a: Torkoal
|-resisted|p1a: Torkoal
|-damage|p1a: Torkoal|96/100
|
|t:|1779909888
|switch|p2a: Great Tusk|Great Tusk|78/100 tox|[from] U-turn
|-activate|p2a: Great Tusk|ability: Protosynthesis
|-start|p2a: Great Tusk|protosynthesisatk
|
|-weather|SunnyDay|[upkeep]
|-damage|p2a: Great Tusk|72/100 tox|[from] psn
|upkeep
|turn|4
|
|t:|1779909902
|move|p2a: Great Tusk|Ice Spinner|p1a: Torkoal
|-resisted|p1a: Torkoal
|-damage|p1a: Torkoal|84/100
|move|p1a: Torkoal|Fire Blast|p2a: Great Tusk
|-damage|p2a: Great Tusk|0 fnt
|faint|p2a: Great Tusk
|-end|p2a: Great Tusk|Protosynthesis|[silent]
|
|-weather|SunnyDay|[upkeep]
|upkeep
|
|t:|1779909916
|switch|p2a: Glimmora|Glimmora, M|100/100
|-item|p2a: Glimmora|Air Balloon
|turn|5
|
|t:|1779909925
|move|p2a: Glimmora|Spikes|p1a: Torkoal
|-sidestart|p1: ghostoftheranch|Spikes
|move|p1a: Torkoal|Stealth Rock|p2a: Glimmora
|-sidestart|p2: Avitross|move: Stealth Rock
|
|-weather|SunnyDay|[upkeep]
|upkeep
|turn|6
|
|t:|1779909929
|move|p2a: Glimmora|Earth Power|p1a: Torkoal
|-supereffective|p1a: Torkoal
|-damage|p1a: Torkoal|1/100
|move|p1a: Torkoal|Rapid Spin|p2a: Glimmora
|-resisted|p2a: Glimmora
|-damage|p2a: Glimmora|95/100
|-boost|p1a: Torkoal|spe|1
|-activate|p2a: Glimmora|ability: Toxic Debris
|-sidestart|p1: ghostoftheranch|move: Toxic Spikes
|-enditem|p2a: Glimmora|Air Balloon
|-sideend|p1: ghostoftheranch|Spikes|[from] move: Rapid Spin|[of] p1a: Torkoal
|-sideend|p1: ghostoftheranch|Toxic Spikes|[from] move: Rapid Spin|[of] p1a: Torkoal
|
|-weather|SunnyDay|[upkeep]
|upkeep
|turn|7
|
|t:|1779909944
|switch|p1a: Great Tusk|Great Tusk|100/100
|-activate|p1a: Great Tusk|ability: Protosynthesis
|-start|p1a: Great Tusk|protosynthesisatk
|move|p2a: Glimmora|Earth Power|p1a: Great Tusk
|-damage|p1a: Great Tusk|49/100
|-unboost|p1a: Great Tusk|spd|1
|
|-weather|SunnyDay|[upkeep]
|upkeep
|turn|8
|
|t:|1779909950
|switch|p2a: Corviknight|Corviknight, M|100/100
|-damage|p2a: Corviknight|88/100|[from] Stealth Rock
|-ability|p2a: Corviknight|Pressure
|move|p1a: Great Tusk|Headlong Rush|p2a: Corviknight
|-immune|p2a: Corviknight
|
|-weather|SunnyDay|[upkeep]
|upkeep
|turn|9
|
|t:|1779909955
|-end|p1a: Great Tusk|Protosynthesis|[silent]
|switch|p1a: Mandibuzz|Mandibuzz, F|69/100
|move|p2a: Corviknight|Defog|p1a: Mandibuzz
|-unboost|p1a: Mandibuzz|evasion|1
|-sideend|p2: Avitross|Stealth Rock|[from] move: Defog|[of] p2a: Corviknight
|
|-weather|SunnyDay|[upkeep]
|upkeep
|turn|10
|
|t:|1779909961
|move|p1a: Mandibuzz|Foul Play|p2a: Corviknight
|-damage|p2a: Corviknight|71/100
|-damage|p1a: Mandibuzz|52/100|[from] item: Rocky Helmet|[of] p2a: Corviknight
|move|p2a: Corviknight|U-turn|p1a: Mandibuzz
|-damage|p1a: Mandibuzz|43/100
|-damage|p2a: Corviknight|55/100|[from] item: Rocky Helmet|[of] p1a: Mandibuzz
|
|t:|1779909976
|switch|p2a: Ogerpon|Ogerpon-Wellspring, F|100/100|[from] U-turn
|
|-weather|none
|upkeep
|turn|11
|
|t:|1779909986
|switch|p1a: Volcanion|Volcanion|100/100
|move|p2a: Ogerpon|Play Rough|p1a: Volcanion
|-resisted|p1a: Volcanion
|-damage|p1a: Volcanion|84/100
|-unboost|p1a: Volcanion|atk|1
|
|upkeep
|turn|12
|
|t:|1779910003
|move|p2a: Ogerpon|Power Whip|p1a: Volcanion
|-damage|p1a: Volcanion|23/100
|move|p1a: Volcanion|Fire Blast|p2a: Ogerpon
|-damage|p2a: Ogerpon|0 fnt
|faint|p2a: Ogerpon
|
|upkeep
|
|t:|1779910010
|switch|p2a: Mr. Krook|Krookodile, M|100/100
|turn|13
|
|t:|1779910015
|switch|p1a: Torkoal|Torkoal, M|1/100
|-weather|SunnyDay|[from] ability: Drought|[of] p1a: Torkoal
|move|p2a: Mr. Krook|Scale Shot|p1a: Torkoal
|-damage|p1a: Torkoal|0 fnt
|faint|p1a: Torkoal
|-ability|p2a: Mr. Krook|Moxie|boost
|-boost|p2a: Mr. Krook|atk|1
|-hitcount|p1: Torkoal|1
|-unboost|p2a: Mr. Krook|def|1
|-boost|p2a: Mr. Krook|spe|1
|
|-weather|SunnyDay|[upkeep]
|upkeep
|inactive|ghostoftheranch has 120 seconds left.
|
|t:|1779910059
|switch|p1a: Fezandipiti|Fezandipiti, M|100/100
|turn|14
|inactive|ghostoftheranch has 120 seconds left.
|
|t:|1779910067
|-terastallize|p1a: Fezandipiti|Flying
|move|p2a: Mr. Krook|Substitute|p2a: Mr. Krook
|-start|p2a: Mr. Krook|Substitute
|-damage|p2a: Mr. Krook|76/100
|move|p1a: Fezandipiti|Moonblast|p2a: Mr. Krook
|-supereffective|p2a: Mr. Krook
|-end|p2a: Mr. Krook|Substitute
|
|-weather|SunnyDay|[upkeep]
|upkeep
|turn|15
|
|t:|1779910081
|-terastallize|p2a: Mr. Krook|Ghost
|move|p2a: Mr. Krook|Scale Shot|p1a: Fezandipiti
|-damage|p1a: Fezandipiti|88/100
|-damage|p1a: Fezandipiti|75/100
|-damage|p1a: Fezandipiti|61/100
|-damage|p1a: Fezandipiti|48/100
|-damage|p1a: Fezandipiti|35/100
|-hitcount|p1a: Fezandipiti|5
|-unboost|p2a: Mr. Krook|def|1
|-boost|p2a: Mr. Krook|spe|1
|move|p1a: Fezandipiti|Moonblast|p2a: Mr. Krook
|-damage|p2a: Mr. Krook|21/100
|-status|p2a: Mr. Krook|tox|[from] ability: Toxic Chain|[of] p1a: Fezandipiti
|
|-weather|SunnyDay|[upkeep]
|-heal|p1a: Fezandipiti|41/100|[from] item: Leftovers
|-damage|p2a: Mr. Krook|15/100 tox|[from] psn
|upkeep
|turn|16
|inactive|ghostoftheranch has 120 seconds left.
|
|t:|1779910105
|move|p2a: Mr. Krook|Scale Shot|p1a: Fezandipiti|[miss]
|-miss|p2a: Mr. Krook|p1a: Fezandipiti
|move|p1a: Fezandipiti|Heat Wave|p2a: Mr. Krook
|-damage|p2a: Mr. Krook|0 fnt
|faint|p2a: Mr. Krook
|
|-weather|SunnyDay|[upkeep]
|-heal|p1a: Fezandipiti|47/100|[from] item: Leftovers
|upkeep
|
|t:|1779910117
|switch|p2a: Dragapult|Dragapult, F|100/100
|turn|17
|
|t:|1779910121
|move|p2a: Dragapult|Dragon Darts|p1a: Fezandipiti
|-damage|p1a: Fezandipiti|24/100
|-anim|p2a: Dragapult|Dragon Darts|p1a: Fezandipiti
|-damage|p1a: Fezandipiti|1/100
|move|p1a: Fezandipiti|Moonblast|p2a: Dragapult
|-supereffective|p2a: Dragapult
|-damage|p2a: Dragapult|0 fnt
|faint|p2a: Dragapult
|
|-weather|SunnyDay|[upkeep]
|-heal|p1a: Fezandipiti|7/100|[from] item: Leftovers
|upkeep
|-message|Avitross forfeited.
|
|win|ghostoftheranch
|raw|ghostoftheranch's rating: 1586 &rarr; <strong>1612</strong><br />(+26 for winning)
|raw|Avitross's rating: 1694 &rarr; <strong>1668</strong><br />(-26 for losing)
|l|☆Avitross
|player|p2|
|l|☆ghostoftheranch
|player|p1|
