|j|☆Kazuelasnt
|j|☆rulou
|t:|1779922090
|gametype|singles
|player|p1|Kazuelasnt|cress|1516
|player|p2|rulou|backpacker|1524
|gen|9
|tier|[Gen 9] OU
|rated|
|rule|HP Percentage Mod: HP is shown in percentages
|rule|Endless Battle Clause: Forcing endless battles is banned
|rule|Species Clause: Limit one of each Pokémon
|rule|OHKO Clause: OHKO moves are banned
|rule|Evasion Items Clause: Evasion items are banned
|rule|Evasion Moves Clause: Evasion moves are banned
|rule|Evasion Abilities Clause: Evasion abilities are banned
|rule|Sleep Moves Clause: Sleep-inducing moves are banned
|clearpoke
|poke|p1|Kleavor, M|
|poke|p1|Landorus-Therian, M|
|poke|p1|Gholdengo|
|poke|p1|Dragonite, F|
|poke|p1|Hatterene, F|
|poke|p1|Darkrai|
|poke|p2|Kyurem|
|poke|p2|Cinderace, F|
|poke|p2|Tornadus-Therian, M|
|poke|p2|Hatterene, F|
|poke|p2|Great Tusk|
|poke|p2|Kingambit, F|
|teampreview
|c|☆rulou|hf
|inactive|Battle timer is ON: inactive players will automatically lose when time's up. (requested by rulou)
|inactive|rulou has 120 seconds left.
|
|t:|1779922129
|teamsize|p1|6
|teamsize|p2|6
|start
|switch|p1a: HomeLANDOR|Landorus-Therian, M, shiny|100/100
|switch|p2a: Great Tusk|Great Tusk|100/100
|-ability|p1a: HomeLANDOR|Intimidate|boost
|-unboost|p2a: Great Tusk|atk|1
|turn|1
|
|t:|1779922142
|move|p1a: HomeLANDOR|U-turn|p2a: Great Tusk
|-resisted|p2a: Great Tusk
|-damage|p2a: Great Tusk|93/100
|-damage|p1a: HomeLANDOR|84/100|[from] item: Rocky Helmet|[of] p2a: Great Tusk
|
|t:|1779922145
|switch|p1a: Hattie|Hatterene, F|100/100|[from] U-turn
|move|p2a: Great Tusk|Stealth Rock|p1a: Hattie
|move|p1a: Hattie|Stealth Rock|p2a: Great Tusk|[from] ability: Magic Bounce
|-sidestart|p2: rulou|move: Stealth Rock
|
|upkeep
|turn|2
|
|t:|1779922155
|-end|p2a: Great Tusk|Protosynthesis|[silent]
|switch|p2a: Cinderace|Cinderace, F|100/100
|move|p1a: Hattie|Nuzzle|p2a: Cinderace
|-damage|p2a: Cinderace|96/100
|-status|p2a: Cinderace|par
|
|upkeep
|turn|3
|
|t:|1779922164
|move|p2a: Cinderace|Court Change|p2a: Cinderace
|-start|p2a: Cinderace|typechange|Normal|[from] ability: Libero
|-swapsideconditions
|-activate|p2a: Cinderace|move: Court Change
|move|p1a: Hattie|Psyshock|p2a: Cinderace
|-damage|p2a: Cinderace|32/100 par
|
|upkeep
|turn|4
|
|t:|1779922173
|switch|p1a: HomeLANDOR|Landorus-Therian, M, shiny|84/100
|-damage|p1a: HomeLANDOR|72/100|[from] Stealth Rock
|-ability|p1a: HomeLANDOR|Intimidate|boost
|-unboost|p2a: Cinderace|atk|1
|move|p2a: Cinderace|U-turn|p1a: HomeLANDOR
|-resisted|p1a: HomeLANDOR
|-damage|p1a: HomeLANDOR|65/100
|-damage|p2a: Cinderace|15/100 par|[from] item: Rocky Helmet|[of] p1a: HomeLANDOR
|
|t:|1779922176
|switch|p2a: Kyurem|Kyurem|100/100|[from] U-turn
|-ability|p2a: Kyurem|Pressure
|
|upkeep
|turn|5
|
|t:|1779922179
|switch|p1a: Hattie|Hatterene, F|100/100
|-damage|p1a: Hattie|88/100|[from] Stealth Rock
|move|p2a: Kyurem|Ice Beam|p1a: Hattie
|-damage|p1a: Hattie|46/100
|
|upkeep
|turn|6
|
|t:|1779922188
|switch|p2a: Cinderace|Cinderace, F|15/100 par
|move|p1a: Hattie|Draining Kiss|p2a: Cinderace
|-resisted|p2a: Cinderace
|-damage|p2a: Cinderace|0 fnt
|-heal|p1a: Hattie|57/100|[from] drain|[of] p2a: Cinderace
|faint|p2a: Cinderace
|
|upkeep
|
|t:|1779922198
|switch|p2a: Kingambit|Kingambit, F|100/100
|-activate|p2a: Kingambit|ability: Supreme Overlord
|-start|p2a: Kingambit|fallen1|[silent]
|turn|7
|
|t:|1779922211
|-end|p2a: Kingambit|fallen1|[silent]
|switch|p2a: Kyurem|Kyurem|100/100
|-ability|p2a: Kyurem|Pressure
|switch|p1a: HomeLANDOR|Landorus-Therian, M, shiny|65/100
|-damage|p1a: HomeLANDOR|52/100|[from] Stealth Rock
|-ability|p1a: HomeLANDOR|Intimidate|boost
|-unboost|p2a: Kyurem|atk|1
|
|upkeep
|turn|8
|
|t:|1779922221
|switch|p1a: A Penny|Gholdengo|100/100
|-damage|p1a: A Penny|94/100|[from] Stealth Rock
|-item|p1a: A Penny|Air Balloon
|move|p2a: Kyurem|Ice Beam|p1a: A Penny
|-resisted|p1a: A Penny
|-damage|p1a: A Penny|53/100
|-enditem|p1a: A Penny|Air Balloon
|
|upkeep
|turn|9
|
|t:|1779922235
|switch|p2a: Tornadus|Tornadus-Therian, M|100/100
|move|p1a: A Penny|Recover|p1a: A Penny
|-heal|p1a: A Penny|100/100
|
|upkeep
|turn|10
|inactive|Kazuelasnt has 120 seconds left.
|inactive|Kazuelasnt has 90 seconds left.
|
|t:|1779922300
|move|p2a: Tornadus|Knock Off|p1a: A Penny
|-supereffective|p1a: A Penny
|-damage|p1a: A Penny|71/100
|move|p1a: A Penny|Nasty Plot|p1a: A Penny
|-boost|p1a: A Penny|spa|2
|
|upkeep
|turn|11
|
|t:|1779922308
|move|p2a: Tornadus|Heat Wave|p1a: A Penny
|-supereffective|p1a: A Penny
|-damage|p1a: A Penny|19/100
|move|p1a: A Penny|Shadow Ball|p2a: Tornadus
|-damage|p2a: Tornadus|48/100
|-unboost|p2a: Tornadus|spd|1
|
|upkeep
|turn|12
|
|t:|1779922319
|move|p2a: Tornadus|Knock Off|p1a: A Penny
|-supereffective|p1a: A Penny
|-damage|p1a: A Penny|0 fnt
|faint|p1a: A Penny
|
|upkeep
|
|t:|1779922325
|switch|p1a: Duke|Darkrai, shiny|100/100
|turn|13
|
|t:|1779922339
|switch|p2a: Kingambit|Kingambit, F|100/100
|-activate|p2a: Kingambit|ability: Supreme Overlord
|-start|p2a: Kingambit|fallen1|[silent]
|move|p1a: Duke|Knock Off|p2a: Kingambit
|-resisted|p2a: Kingambit
|-damage|p2a: Kingambit|90/100
|-enditem|p2a: Kingambit|Leftovers|[from] move: Knock Off|[of] p1a: Duke
|
|upkeep
|turn|14
|inactive|Kazuelasnt has 90 seconds left.
|inactive|rulou has 120 seconds left.
|
|t:|1779922379
|move|p1a: Duke|Will-O-Wisp|p2a: Kingambit|[miss]
|-miss|p1a: Duke|p2a: Kingambit
|move|p2a: Kingambit|Iron Head|p1a: Duke
|-damage|p1a: Duke|32/100
|
|upkeep
|turn|15
|inactive|rulou has 120 seconds left.
|
|t:|1779922388
|-end|p2a: Kingambit|fallen1|[silent]
|switch|p2a: Hatterene|Hatterene, F|100/100
|move|p1a: Duke|Will-O-Wisp|p2a: Hatterene
|move|p2a: Hatterene|Will-O-Wisp|p1a: Duke|[from] ability: Magic Bounce
|-status|p1a: Duke|brn
|
|-damage|p1a: Duke|26/100 brn|[from] brn
|upkeep
|turn|16
|
|t:|1779922393
|switch|p1a: HomeLANDOR|Landorus-Therian, M, shiny|52/100
|-damage|p1a: HomeLANDOR|40/100|[from] Stealth Rock
|-ability|p1a: HomeLANDOR|Intimidate|boost
|-unboost|p2a: Hatterene|atk|1
|move|p2a: Hatterene|Draining Kiss|p1a: HomeLANDOR
|-damage|p1a: HomeLANDOR|15/100
|-damage|p2a: Hatterene|84/100|[from] item: Rocky Helmet|[of] p1a: HomeLANDOR
|
|-heal|p2a: Hatterene|90/100|[from] item: Leftovers
|upkeep
|turn|17
|
|t:|1779922398
|move|p1a: HomeLANDOR|Earthquake|p2a: Hatterene
|-damage|p2a: Hatterene|47/100
|move|p2a: Hatterene|Draining Kiss|p1a: HomeLANDOR
|-damage|p1a: HomeLANDOR|0 fnt
|-heal|p2a: Hatterene|60/100|[from] drain|[of] p1a: HomeLANDOR
|-damage|p2a: Hatterene|44/100|[from] item: Rocky Helmet|[of] p1a: HomeLANDOR
|faint|p1a: HomeLANDOR
|
|-heal|p2a: Hatterene|50/100|[from] item: Leftovers
|upkeep
|
|t:|1779922412
|switch|p1a: Hattie|Hatterene, F|57/100
|-damage|p1a: Hattie|45/100|[from] Stealth Rock
|turn|18
|
|t:|1779922421
|move|p2a: Hatterene|Draining Kiss|p1a: Hattie
|-damage|p1a: Hattie|29/100
|-heal|p2a: Hatterene|61/100|[from] drain|[of] p1a: Hattie
|move|p1a: Hattie|Nuzzle|p2a: Hatterene
|-damage|p2a: Hatterene|58/100
|-status|p2a: Hatterene|par
|
|-heal|p2a: Hatterene|64/100 par|[from] item: Leftovers
|upkeep
|turn|19
|
|t:|1779922429
|move|p1a: Hattie|Draining Kiss|p2a: Hatterene
|-damage|p2a: Hatterene|35/100 par
|-heal|p1a: Hattie|51/100|[from] drain|[of] p2a: Hatterene
|move|p2a: Hatterene|Pain Split|p1a: Hattie
|-sethp|p1a: Hattie|43/100|[from] move: Pain Split|[silent]
|-sethp|p2a: Hatterene|43/100 par|[from] move: Pain Split
|
|-heal|p2a: Hatterene|49/100 par|[from] item: Leftovers
|upkeep
|turn|20
|
|t:|1779922438
|move|p1a: Hattie|Draining Kiss|p2a: Hatterene
|-damage|p2a: Hatterene|23/100 par
|-heal|p1a: Hattie|62/100|[from] drain|[of] p2a: Hatterene
|move|p2a: Hatterene|Draining Kiss|p1a: Hattie
|-damage|p1a: Hattie|47/100
|-heal|p2a: Hatterene|35/100 par|[from] drain|[of] p1a: Hattie
|
|-heal|p2a: Hatterene|41/100 par|[from] item: Leftovers
|upkeep
|turn|21
|c|☆Kazuelasnt|Yuri
|
|t:|1779922446
|move|p1a: Hattie|Draining Kiss|p2a: Hatterene
|-damage|p2a: Hatterene|10/100 par
|-heal|p1a: Hattie|70/100|[from] drain|[of] p2a: Hatterene
|move|p2a: Hatterene|Psychic Noise|p1a: Hattie
|-resisted|p1a: Hattie
|-damage|p1a: Hattie|59/100
|-start|p1a: Hattie|move: Heal Block
|
|-heal|p2a: Hatterene|16/100 par|[from] item: Leftovers
|upkeep
|turn|22
|c|☆rulou|😭😭
|
|t:|1779922462
|move|p1a: Hattie|Mystical Fire|p2a: Hatterene
|-damage|p2a: Hatterene|0 fnt
|faint|p2a: Hatterene
|
|-end|p1a: Hattie|move: Heal Block
|upkeep
|
|t:|1779922466
|switch|p2a: Kingambit|Kingambit, F|90/100
|-activate|p2a: Kingambit|ability: Supreme Overlord
|-start|p2a: Kingambit|fallen2|[silent]
|turn|23
|
|t:|1779922479
|move|p2a: Kingambit|Iron Head|p1a: Hattie
|-supereffective|p1a: Hattie
|-damage|p1a: Hattie|0 fnt
|faint|p1a: Hattie
|
|upkeep
|inactive|Kazuelasnt has 120 seconds left.
|c|☆rulou|the wisp miss was rough
|c|☆Kazuelasnt|Yeah
|c|☆rulou|it would have been close otherwise
|inactive|Kazuelasnt has 90 seconds left.
|
|t:|1779922535
|switch|p1a: Filo Señorial|Kleavor, M|100/100
|-damage|p1a: Filo Señorial|76/100|[from] Stealth Rock
|turn|24
|c|☆rulou|dnite could do it tho
|inactive|Kazuelasnt has 90 seconds left.
|
|t:|1779922547
|-end|p2a: Kingambit|fallen2|[silent]
|switch|p2a: Great Tusk|Great Tusk|93/100
|move|p1a: Filo Señorial|Close Combat|p2a: Great Tusk
|-damage|p2a: Great Tusk|66/100
|-unboost|p1a: Filo Señorial|def|1
|-unboost|p1a: Filo Señorial|spd|1
|-damage|p1a: Filo Señorial|59/100|[from] item: Rocky Helmet|[of] p2a: Great Tusk
|
|upkeep
|turn|25
|
|t:|1779922555
|move|p1a: Filo Señorial|Close Combat|p2a: Great Tusk
|-damage|p2a: Great Tusk|39/100
|-unboost|p1a: Filo Señorial|def|1
|-unboost|p1a: Filo Señorial|spd|1
|-damage|p1a: Filo Señorial|43/100|[from] item: Rocky Helmet|[of] p2a: Great Tusk
|move|p2a: Great Tusk|Rapid Spin|p1a: Filo Señorial
|-resisted|p1a: Filo Señorial
|-damage|p1a: Filo Señorial|23/100
|-boost|p2a: Great Tusk|spe|1
|
|upkeep
|turn|26
|
|t:|1779922562
|move|p2a: Great Tusk|Ice Spinner|p1a: Filo Señorial
|-damage|p1a: Filo Señorial|0 fnt
|faint|p1a: Filo Señorial
|
|upkeep
|c|☆Kazuelasnt|Lucky crit?
|c|☆Kazuelasnt|Ah, faster
|c|☆rulou|yup
|
|t:|1779922578
|switch|p1a: Alba|Dragonite, F, shiny|100/100
|-damage|p1a: Alba|76/100|[from] Stealth Rock
|turn|27
|c|☆rulou|coulnt let rai in for free after
|
|t:|1779922596
|-terastallize|p1a: Alba|Fairy
|move|p2a: Great Tusk|Headlong Rush|p1a: Alba
|-damage|p1a: Alba|21/100
|-unboost|p2a: Great Tusk|def|1
|-unboost|p2a: Great Tusk|spd|1
|move|p1a: Alba|Roost|p1a: Alba
|-heal|p1a: Alba|71/100
|
|upkeep
|turn|28
|inactive|Kazuelasnt has 90 seconds left.
|
|t:|1779922615
|move|p2a: Great Tusk|Headlong Rush|p1a: Alba
|-damage|p1a: Alba|17/100
|-unboost|p2a: Great Tusk|def|1
|-unboost|p2a: Great Tusk|spd|1
|move|p1a: Alba|Roost|p1a: Alba
|-heal|p1a: Alba|67/100
|
|upkeep
|turn|29
|c|☆rulou|thank god tera blast fly is not a thing lol
|
|t:|1779922624
|move|p1a: Alba|Extreme Speed|p2a: Great Tusk
|-damage|p2a: Great Tusk|1/100
|-damage|p1a: Alba|50/100|[from] item: Rocky Helmet|[of] p2a: Great Tusk
|move|p2a: Great Tusk|Headlong Rush|p1a: Alba
|-damage|p1a: Alba|0 fnt
|-unboost|p2a: Great Tusk|def|1
|-unboost|p2a: Great Tusk|spd|1
|faint|p1a: Alba
|
|upkeep
|inactive|Kazuelasnt has 90 seconds left.
|c|☆Kazuelasnt|NOOO IT LIVED
|c|☆Kazuelasnt|Ah well. Gg tho!
|
|t:|1779922643
|switch|p1a: Duke|Darkrai, shiny|26/100 brn
|turn|30
|c|☆rulou|u too!
|c|☆rulou|wp
|
|t:|1779922649
|move|p2a: Great Tusk|Headlong Rush|p1a: Duke
|-damage|p1a: Duke|0 fnt
|-unboost|p2a: Great Tusk|def|1
|-unboost|p2a: Great Tusk|spd|1
|faint|p1a: Duke
|
|win|rulou
|raw|Kazuelasnt's rating: 1516 &rarr; <strong>1496</strong><br />(-20 for losing)
|raw|rulou's rating: 1524 &rarr; <strong>1544</strong><br />(+20 for winning)
|l|☆rulou
|player|p2|
|l|☆Kazuelasnt
|player|p1|
