|j|☆sickofme
|j|☆a very bad gamer
|t:|1779877751
|gametype|singles
|player|p1|sickofme|miku-water|1624
|player|p2|a very bad gamer|170|1618
|gen|9
|tier|[Gen 9] OU
|rated|
|rule|HP Percentage Mod: HP is shown in percentages
|rule|Endless Battle Clause: Forcing endless battles is banned
|rule|Species Clause: Limit one of each Pokémon
|rule|OHKO Clause: OHKO moves are banned
|rule|Evasion Items Clause: Evasion items are banned
|rule|Evasion Moves Clause: Evasion moves are banned
|rule|Evasion Abilities Clause: Evasion abilities are banned
|rule|Sleep Moves Clause: Sleep-inducing moves are banned
|clearpoke
|poke|p1|Alomomola, L99, F|
|poke|p1|Landorus-Therian, M|
|poke|p1|Kyurem|
|poke|p1|Great Tusk|
|poke|p1|Slowking-Galar, M|
|poke|p1|Heatran, F|
|poke|p2|Rillaboom, M|
|poke|p2|Heatran, F|
|poke|p2|Great Tusk|
|poke|p2|Tornadus-Therian, M|
|poke|p2|Slowking-Galar, F|
|poke|p2|Magnezone|
|teampreview
|
|t:|1779877763
|teamsize|p1|6
|teamsize|p2|6
|start
|switch|p1a: Kyurem|Kyurem|100/100
|switch|p2a: Tornadus|Tornadus-Therian, M|100/100
|-ability|p1a: Kyurem|Pressure
|turn|1
|inactive|Battle timer is ON: inactive players will automatically lose when time's up. (requested by sickofme)
|
|t:|1779877776
|-terastallize|p1a: Kyurem|Ice
|move|p2a: Tornadus|Bleakwind Storm|p1a: Kyurem
|-damage|p1a: Kyurem|65/100
|-unboost|p1a: Kyurem|spe|1
|move|p1a: Kyurem|Ice Beam|p2a: Tornadus
|-supereffective|p2a: Tornadus
|-damage|p2a: Tornadus|0 fnt
|faint|p2a: Tornadus
|
|upkeep
|
|t:|1779877785
|switch|p2a: Great Tusk|Great Tusk|100/100
|turn|2
|
|t:|1779877796
|-end|p2a: Great Tusk|Protosynthesis|[silent]
|switch|p2a: Heatran|Heatran, F|100/100
|switch|p1a: Alomomola|Alomomola, L99, F|100/100
|
|upkeep
|turn|3
|
|t:|1779877802
|move|p2a: Heatran|Stealth Rock|p1a: Alomomola
|-sidestart|p1: sickofme|move: Stealth Rock
|move|p1a: Alomomola|Flip Turn|p2a: Heatran
|-supereffective|p2a: Heatran
|-damage|p2a: Heatran|74/100
|
|t:|1779877807
|switch|p1a: Great Tusk|Great Tusk|100/100|[from] Flip Turn
|
|-heal|p2a: Heatran|80/100|[from] item: Leftovers
|upkeep
|turn|4
|
|t:|1779877813
|move|p2a: Heatran|Protect|p2a: Heatran
|-singleturn|p2a: Heatran|Protect
|move|p1a: Great Tusk|Rapid Spin|p2a: Heatran
|-activate|p2a: Heatran|move: Protect
|
|-heal|p2a: Heatran|87/100|[from] item: Leftovers
|upkeep
|turn|5
|
|t:|1779877831
|move|p1a: Great Tusk|Rapid Spin|p2a: Heatran
|-resisted|p2a: Heatran
|-damage|p2a: Heatran|78/100
|-boost|p1a: Great Tusk|spe|1
|-sideend|p1: sickofme|Stealth Rock|[from] move: Rapid Spin|[of] p1a: Great Tusk
|move|p2a: Heatran|Magma Storm|p1a: Great Tusk|[miss]
|-miss|p2a: Heatran|p1a: Great Tusk
|
|-heal|p2a: Heatran|85/100|[from] item: Leftovers
|upkeep
|turn|6
|
|t:|1779877840
|switch|p2a: Rillaboom|Rillaboom, M|100/100
|-fieldstart|move: Grassy Terrain|[from] ability: Grassy Surge|[of] p2a: Rillaboom
|move|p1a: Great Tusk|Headlong Rush|p2a: Rillaboom
|-resisted|p2a: Rillaboom
|-damage|p2a: Rillaboom|65/100
|-unboost|p1a: Great Tusk|def|1
|-unboost|p1a: Great Tusk|spd|1
|
|-heal|p2a: Rillaboom|71/100|[from] Grassy Terrain
|upkeep
|turn|7
|
|t:|1779877847
|-end|p1a: Great Tusk|Protosynthesis|[silent]
|switch|p1a: Slowking|Slowking-Galar, M|100/100
|move|p2a: Rillaboom|Wood Hammer|p1a: Slowking
|-resisted|p1a: Slowking
|-damage|p1a: Slowking|54/100
|-damage|p2a: Rillaboom|53/100|[from] Recoil
|
|-heal|p2a: Rillaboom|59/100|[from] Grassy Terrain
|-heal|p1a: Slowking|61/100|[from] Grassy Terrain
|upkeep
|turn|8
|
|t:|1779877865
|switch|p2a: Heatran|Heatran, F|85/100
|-prepare|p1a: Slowking|Chilly Reception|[premajor]
|move|p1a: Slowking|Chilly Reception|p1a: Slowking
|-weather|Snowscape
|inactive|sickofme has 120 seconds left.
|
|t:|1779877890
|switch|p1a: Great Tusk|Great Tusk|100/100|[from] Chilly Reception
|
|-weather|Snowscape|[upkeep]
|-heal|p2a: Heatran|91/100|[from] Grassy Terrain
|-heal|p2a: Heatran|97/100|[from] item: Leftovers
|upkeep
|turn|9
|
|t:|1779877900
|switch|p2a: Great Tusk|Great Tusk|100/100
|move|p1a: Great Tusk|Bulk Up|p1a: Great Tusk
|-boost|p1a: Great Tusk|atk|1
|-boost|p1a: Great Tusk|def|1
|
|-weather|Snowscape|[upkeep]
|upkeep
|turn|10
|
|t:|1779877913
|move|p2a: Great Tusk|Ice Spinner|p1a: Great Tusk
|-supereffective|p1a: Great Tusk
|-damage|p1a: Great Tusk|72/100
|-fieldend|move: Grassy Terrain
|move|p1a: Great Tusk|Ice Spinner|p2a: Great Tusk
|-supereffective|p2a: Great Tusk
|-damage|p2a: Great Tusk|41/100
|
|-weather|Snowscape|[upkeep]
|upkeep
|turn|11
|
|t:|1779877924
|move|p2a: Great Tusk|Ice Spinner|p1a: Great Tusk
|-supereffective|p1a: Great Tusk
|-damage|p1a: Great Tusk|47/100
|move|p1a: Great Tusk|Ice Spinner|p2a: Great Tusk
|-supereffective|p2a: Great Tusk
|-damage|p2a: Great Tusk|0 fnt
|faint|p2a: Great Tusk
|-end|p2a: Great Tusk|Protosynthesis|[silent]
|
|-weather|Snowscape|[upkeep]
|upkeep
|
|t:|1779877932
|switch|p2a: Rillaboom|Rillaboom, M|59/100
|-fieldstart|move: Grassy Terrain|[from] ability: Grassy Surge|[of] p2a: Rillaboom
|turn|12
|
|t:|1779877941
|-end|p1a: Great Tusk|Protosynthesis|[silent]
|switch|p1a: Slowking|Slowking-Galar, M|94/100
|move|p2a: Rillaboom|Grassy Glide|p1a: Slowking
|-resisted|p1a: Slowking
|-damage|p1a: Slowking|72/100
|
|-weather|none
|-heal|p2a: Rillaboom|66/100|[from] Grassy Terrain
|-heal|p1a: Slowking|78/100|[from] Grassy Terrain
|upkeep
|turn|13
|
|t:|1779877948
|switch|p2a: Slowking|Slowking-Galar, F|100/100
|-prepare|p1a: Slowking|Chilly Reception|[premajor]
|move|p1a: Slowking|Chilly Reception|p1a: Slowking
|-weather|Snowscape
|
|t:|1779877963
|switch|p1a: Heatran|Heatran, F|100/100|[from] Chilly Reception
|
|-weather|Snowscape|[upkeep]
|upkeep
|turn|14
|
|t:|1779877974
|move|p1a: Heatran|Magma Storm|p2a: Slowking|[miss]
|-miss|p1a: Heatran|p2a: Slowking
|-prepare|p2a: Slowking|Chilly Reception|[premajor]
|move|p2a: Slowking|Chilly Reception|p2a: Slowking
|
|t:|1779877985
|switch|p2a: Heatran|Heatran, F|97/100|[from] Chilly Reception
|
|-weather|Snowscape|[upkeep]
|-heal|p2a: Heatran|100/100|[from] Grassy Terrain
|upkeep
|turn|15
|
|t:|1779877994
|switch|p1a: Alomomola|Alomomola, L99, F|100/100
|-terastallize|p2a: Heatran|Bug
|move|p2a: Heatran|Earth Power|p1a: Alomomola
|-damage|p1a: Alomomola|80/100
|
|-weather|Snowscape|[upkeep]
|-heal|p1a: Alomomola|87/100|[from] Grassy Terrain
|upkeep
|turn|16
|
|t:|1779877998
|move|p2a: Heatran|Stealth Rock|p1a: Alomomola
|-sidestart|p1: sickofme|move: Stealth Rock
|move|p1a: Alomomola|Wish|p1a: Alomomola
|
|-weather|Snowscape|[upkeep]
|-heal|p1a: Alomomola|93/100|[from] Grassy Terrain
|-fieldend|move: Grassy Terrain
|upkeep
|turn|17
|
|t:|1779878012
|move|p2a: Heatran|Magma Storm|p1a: Alomomola
|-resisted|p1a: Alomomola
|-damage|p1a: Alomomola|77/100
|-activate|p1a: Alomomola|move: Magma Storm|[of] p2a: Heatran
|move|p1a: Alomomola|Flip Turn|p2a: Heatran
|-damage|p2a: Heatran|88/100
|
|t:|1779878018
|switch|p1a: Kyurem|Kyurem, tera:Ice|65/100|[from] Flip Turn
|-damage|p1a: Kyurem|40/100|[from] Stealth Rock
|-ability|p1a: Kyurem|Pressure
|
|-weather|none
|-heal|p1a: Kyurem|100/100|[from] move: Wish|[wisher] Alomomola
|-heal|p2a: Heatran|94/100|[from] item: Leftovers
|upkeep
|turn|18
|
|t:|1779878024
|move|p2a: Heatran|Protect|p2a: Heatran
|-singleturn|p2a: Heatran|Protect
|move|p1a: Kyurem|Ice Beam|p2a: Heatran
|-activate|p2a: Heatran|move: Protect
|
|-heal|p2a: Heatran|100/100|[from] item: Leftovers
|upkeep
|turn|19
|
|t:|1779878029
|switch|p2a: Magnezone|Magnezone|100/100
|move|p1a: Kyurem|Ice Beam|p2a: Magnezone
|-resisted|p2a: Magnezone
|-damage|p2a: Magnezone|35/100
|
|upkeep
|turn|20
|
|t:|1779878037
|switch|p1a: Great Tusk|Great Tusk|47/100
|move|p2a: Magnezone|Flash Cannon|p1a: Great Tusk
|-damage|p1a: Great Tusk|0 fnt
|faint|p1a: Great Tusk
|-end|p1a: Great Tusk|Protosynthesis|[silent]
|
|upkeep
|
|t:|1779878041
|switch|p1a: Heatran|Heatran, F|100/100
|-damage|p1a: Heatran|88/100|[from] Stealth Rock
|turn|21
|
|t:|1779878047
|switch|p2a: Heatran|Heatran, F, tera:Bug|100/100
|move|p1a: Heatran|Magma Storm|p2a: Heatran
|-start|p2a: Heatran|ability: Flash Fire
|
|-heal|p1a: Heatran|94/100|[from] item: Leftovers
|upkeep
|turn|22
|
|t:|1779878063
|switch|p1a: Alomomola|Alomomola, L99, F|100/100
|-end|p2a: Heatran|ability: Flash Fire|[silent]
|switch|p2a: Rillaboom|Rillaboom, M|66/100
|-fieldstart|move: Grassy Terrain|[from] ability: Grassy Surge|[of] p2a: Rillaboom
|
|-heal|p2a: Rillaboom|72/100|[from] Grassy Terrain
|upkeep
|turn|23
|
|t:|1779878079
|switch|p1a: Slowking|Slowking-Galar, M|100/100
|move|p2a: Rillaboom|Wood Hammer|p1a: Slowking
|-resisted|p1a: Slowking
|-damage|p1a: Slowking|50/100
|-damage|p2a: Rillaboom|53/100|[from] Recoil
|
|-heal|p2a: Rillaboom|59/100|[from] Grassy Terrain
|-heal|p1a: Slowking|56/100|[from] Grassy Terrain
|upkeep
|turn|24
|
|t:|1779878092
|move|p2a: Rillaboom|Wood Hammer|p1a: Slowking
|-resisted|p1a: Slowking
|-damage|p1a: Slowking|13/100
|-damage|p2a: Rillaboom|42/100|[from] Recoil
|-prepare|p1a: Slowking|Chilly Reception|[premajor]
|move|p1a: Slowking|Chilly Reception|p1a: Slowking
|-weather|Snowscape
|
|t:|1779878104
|switch|p1a: Landorus|Landorus-Therian, M|100/100|[from] Chilly Reception
|-damage|p1a: Landorus|88/100|[from] Stealth Rock
|-ability|p1a: Landorus|Intimidate|boost
|-unboost|p2a: Rillaboom|atk|1
|
|-weather|Snowscape|[upkeep]
|-heal|p2a: Rillaboom|49/100|[from] Grassy Terrain
|upkeep
|turn|25
|
|t:|1779878109
|switch|p2a: Heatran|Heatran, F, tera:Bug|100/100
|move|p1a: Landorus|U-turn|p2a: Heatran
|-damage|p2a: Heatran|80/100
|
|t:|1779878112
|switch|p1a: Kyurem|Kyurem, tera:Ice|100/100|[from] U-turn
|-damage|p1a: Kyurem|76/100|[from] Stealth Rock
|-ability|p1a: Kyurem|Pressure
|
|-weather|Snowscape|[upkeep]
|-heal|p1a: Kyurem|82/100|[from] Grassy Terrain
|-heal|p2a: Heatran|86/100|[from] Grassy Terrain
|-heal|p2a: Heatran|92/100|[from] item: Leftovers
|upkeep
|turn|26
|
|t:|1779878121
|move|p2a: Heatran|Protect|p2a: Heatran
|-singleturn|p2a: Heatran|Protect
|move|p1a: Kyurem|Ice Beam|p2a: Heatran
|-activate|p2a: Heatran|move: Protect
|
|-weather|Snowscape|[upkeep]
|-heal|p1a: Kyurem|88/100|[from] Grassy Terrain
|-heal|p2a: Heatran|98/100|[from] Grassy Terrain
|-heal|p2a: Heatran|100/100|[from] item: Leftovers
|-fieldend|move: Grassy Terrain
|upkeep
|turn|27
|
|t:|1779878128
|move|p1a: Kyurem|Ice Beam|p2a: Heatran
|-damage|p2a: Heatran|39/100
|move|p2a: Heatran|Magma Storm|p1a: Kyurem
|-supereffective|p1a: Kyurem
|-damage|p1a: Kyurem|9/100
|-activate|p1a: Kyurem|move: Magma Storm|[of] p2a: Heatran
|
|-weather|Snowscape|[upkeep]
|-heal|p2a: Heatran|45/100|[from] item: Leftovers
|-damage|p1a: Kyurem|0 fnt|[from] move: Magma Storm|[partiallytrapped]
|faint|p1a: Kyurem
|upkeep
|
|t:|1779878134
|switch|p1a: Landorus|Landorus-Therian, M|88/100
|-damage|p1a: Landorus|76/100|[from] Stealth Rock
|-ability|p1a: Landorus|Intimidate|boost
|-unboost|p2a: Heatran|atk|1
|turn|28
|
|t:|1779878142
|move|p2a: Heatran|Protect|p2a: Heatran
|-singleturn|p2a: Heatran|Protect
|move|p1a: Landorus|Stone Edge|p2a: Heatran
|-activate|p2a: Heatran|move: Protect
|
|-weather|none
|-heal|p2a: Heatran|51/100|[from] item: Leftovers
|upkeep
|turn|29
|
|t:|1779878165
|switch|p2a: Magnezone|Magnezone|35/100
|move|p1a: Landorus|Stone Edge|p2a: Magnezone
|-resisted|p2a: Magnezone
|-damage|p2a: Magnezone|15/100
|
|upkeep
|turn|30
|
|t:|1779878176
|move|p1a: Landorus|Stone Edge|p2a: Magnezone
|-resisted|p2a: Magnezone
|-crit|p2a: Magnezone
|-damage|p2a: Magnezone|0 fnt
|faint|p2a: Magnezone
|
|upkeep
|
|t:|1779878182
|switch|p2a: Slowking|Slowking-Galar, F|100/100
|turn|31
|
|t:|1779878189
|switch|p1a: Alomomola|Alomomola, L99, F|100/100
|move|p2a: Slowking|Thunder Wave|p1a: Alomomola
|-status|p1a: Alomomola|par
|
|upkeep
|turn|32
|
|t:|1779878198
|move|p2a: Slowking|Psychic Noise|p1a: Alomomola
|-damage|p1a: Alomomola|81/100 par
|-start|p1a: Alomomola|move: Heal Block
|cant|p1a: Alomomola|move: Heal Block|Wish
|
|upkeep
|turn|33
|
|t:|1779878207
|-prepare|p2a: Slowking|Chilly Reception|[premajor]
|move|p2a: Slowking|Chilly Reception|p2a: Slowking
|-weather|Snowscape
|
|t:|1779878212
|switch|p2a: Heatran|Heatran, F, tera:Bug|51/100|[from] Chilly Reception
|cant|p1a: Alomomola|par
|
|-weather|Snowscape|[upkeep]
|-heal|p2a: Heatran|57/100|[from] item: Leftovers
|-end|p1a: Alomomola|move: Heal Block
|upkeep
|turn|34
|
|t:|1779878226
|switch|p2a: Slowking|Slowking-Galar, F|100/100
|cant|p1a: Alomomola|par
|
|-weather|Snowscape|[upkeep]
|upkeep
|turn|35
|j| ibibi57
|
|t:|1779878229
|move|p2a: Slowking|Psychic Noise|p1a: Alomomola
|-damage|p1a: Alomomola|59/100 par
|-start|p1a: Alomomola|move: Heal Block
|move|p1a: Alomomola|Flip Turn|p2a: Slowking
|-damage|p2a: Slowking|89/100
|
|t:|1779878238
|switch|p1a: Landorus|Landorus-Therian, M|76/100|[from] Flip Turn
|-damage|p1a: Landorus|64/100|[from] Stealth Rock
|-ability|p1a: Landorus|Intimidate|boost
|-unboost|p2a: Slowking|atk|1
|
|-weather|Snowscape|[upkeep]
|upkeep
|turn|36
|
|t:|1779878250
|move|p1a: Landorus|Stealth Rock|p2a: Slowking
|-sidestart|p2: a very bad gamer|move: Stealth Rock
|move|p2a: Slowking|Psychic Noise|p1a: Landorus
|-damage|p1a: Landorus|29/100
|-start|p1a: Landorus|move: Heal Block
|
|-weather|Snowscape|[upkeep]
|upkeep
|turn|37
|
|t:|1779878262
|switch|p1a: Alomomola|Alomomola, L99, F|92/100 par
|-prepare|p2a: Slowking|Chilly Reception|[premajor]
|move|p2a: Slowking|Chilly Reception|p2a: Slowking
|
|t:|1779878266
|switch|p2a: Rillaboom|Rillaboom, M|49/100|[from] Chilly Reception
|-damage|p2a: Rillaboom|36/100|[from] Stealth Rock
|-fieldstart|move: Grassy Terrain|[from] ability: Grassy Surge|[of] p2a: Rillaboom
|
|-weather|none
|-heal|p2a: Rillaboom|42/100|[from] Grassy Terrain
|-heal|p1a: Alomomola|98/100 par|[from] Grassy Terrain
|upkeep
|turn|38
|
|t:|1779878271
|switch|p1a: Heatran|Heatran, F|94/100
|-damage|p1a: Heatran|82/100|[from] Stealth Rock
|move|p2a: Rillaboom|Knock Off|p1a: Heatran
|-damage|p1a: Heatran|35/100
|-enditem|p1a: Heatran|Leftovers|[from] move: Knock Off|[of] p2a: Rillaboom
|
|-heal|p2a: Rillaboom|49/100|[from] Grassy Terrain
|-heal|p1a: Heatran|41/100|[from] Grassy Terrain
|upkeep
|turn|39
|
|t:|1779878281
|switch|p2a: Heatran|Heatran, F, tera:Bug|57/100
|-damage|p2a: Heatran|33/100|[from] Stealth Rock
|move|p1a: Heatran|Earth Power|p2a: Heatran
|-resisted|p2a: Heatran
|-damage|p2a: Heatran|25/100
|-unboost|p2a: Heatran|spd|1
|
|-heal|p1a: Heatran|48/100|[from] Grassy Terrain
|-heal|p2a: Heatran|31/100|[from] Grassy Terrain
|-heal|p2a: Heatran|37/100|[from] item: Leftovers
|upkeep
|turn|40
|
|t:|1779878291
|switch|p1a: Alomomola|Alomomola, L99, F|100/100 par
|move|p2a: Heatran|Earth Power|p1a: Alomomola
|-damage|p1a: Alomomola|79/100 par
|
|-heal|p2a: Heatran|43/100|[from] Grassy Terrain
|-heal|p2a: Heatran|49/100|[from] item: Leftovers
|-heal|p1a: Alomomola|86/100 par|[from] Grassy Terrain
|upkeep
|turn|41
|
|t:|1779878305
|switch|p2a: Rillaboom|Rillaboom, M|49/100
|-damage|p2a: Rillaboom|36/100|[from] Stealth Rock
|move|p1a: Alomomola|Healing Wish|p1a: Alomomola
|faint|p1a: Alomomola
|
|-heal|p2a: Rillaboom|42/100|[from] Grassy Terrain
|-fieldend|move: Grassy Terrain
|upkeep
|inactive|sickofme has 120 seconds left.
|
|t:|1779878337
|switch|p1a: Landorus|Landorus-Therian, M|29/100
|-heal|p1a: Landorus|100/100|[from] move: Healing Wish
|-damage|p1a: Landorus|88/100|[from] Stealth Rock
|-ability|p1a: Landorus|Intimidate|boost
|-unboost|p2a: Rillaboom|atk|1
|turn|42
|
|t:|1779878346
|switch|p2a: Slowking|Slowking-Galar, F|100/100
|move|p1a: Landorus|U-turn|p2a: Slowking
|-damage|p2a: Slowking|83/100
|inactive|sickofme has 120 seconds left.
|
|t:|1779878370
|switch|p1a: Heatran|Heatran, F|48/100|[from] U-turn
|-damage|p1a: Heatran|35/100|[from] Stealth Rock
|
|upkeep
|turn|43
|
|t:|1779878377
|move|p1a: Heatran|Earth Power|p2a: Slowking
|-supereffective|p2a: Slowking
|-damage|p2a: Slowking|44/100
|-unboost|p2a: Slowking|spd|1
|-prepare|p2a: Slowking|Chilly Reception|[premajor]
|move|p2a: Slowking|Chilly Reception|p2a: Slowking
|-weather|Snowscape
|
|t:|1779878384
|switch|p2a: Heatran|Heatran, F, tera:Bug|49/100|[from] Chilly Reception
|-damage|p2a: Heatran|25/100|[from] Stealth Rock
|
|-weather|Snowscape|[upkeep]
|-heal|p2a: Heatran|31/100|[from] item: Leftovers
|upkeep
|turn|44
|inactive|sickofme has 120 seconds left.
|
|t:|1779878395
|switch|p1a: Landorus|Landorus-Therian, M|88/100
|-damage|p1a: Landorus|76/100|[from] Stealth Rock
|-ability|p1a: Landorus|Intimidate|boost
|-unboost|p2a: Heatran|atk|1
|move|p2a: Heatran|Magma Storm|p1a: Landorus
|-damage|p1a: Landorus|18/100
|-activate|p1a: Landorus|move: Magma Storm|[of] p2a: Heatran
|
|-weather|Snowscape|[upkeep]
|-heal|p2a: Heatran|37/100|[from] item: Leftovers
|-damage|p1a: Landorus|6/100|[from] move: Magma Storm|[partiallytrapped]
|upkeep
|turn|45
|j| Xddd42
|
|t:|1779878406
|move|p2a: Heatran|Protect|p2a: Heatran
|-singleturn|p2a: Heatran|Protect
|move|p1a: Landorus|U-turn|p2a: Heatran
|-activate|p2a: Heatran|move: Protect
|
|-weather|Snowscape|[upkeep]
|-heal|p2a: Heatran|43/100|[from] item: Leftovers
|-damage|p1a: Landorus|0 fnt|[from] move: Magma Storm|[partiallytrapped]
|faint|p1a: Landorus
|upkeep
|-message|sickofme forfeited.
|
|win|a very bad gamer
|raw|sickofme's rating: 1624 &rarr; <strong>1604</strong><br />(-20 for losing)
|raw|a very bad gamer's rating: 1618 &rarr; <strong>1638</strong><br />(+20 for winning)
|l|☆sickofme
|player|p1|
|c|☆a very bad gamer|gg
|l|☆a very bad gamer
|player|p2|
