|j|☆nsplumb
|j|☆ripcold
|t:|1779951755
|gametype|singles
|player|p1|nsplumb|2|1139
|player|p2|ripcold|170|1084
|gen|9
|tier|[Gen 9] OU
|rated|
|rule|HP Percentage Mod: HP is shown in percentages
|rule|Endless Battle Clause: Forcing endless battles is banned
|rule|Species Clause: Limit one of each Pokémon
|rule|OHKO Clause: OHKO moves are banned
|rule|Evasion Items Clause: Evasion items are banned
|rule|Evasion Moves Clause: Evasion moves are banned
|rule|Evasion Abilities Clause: Evasion abilities are banned
|rule|Sleep Moves Clause: Sleep-inducing moves are banned
|clearpoke
|poke|p1|Blissey, F|
|poke|p1|Gliscor, M|
|poke|p1|Dondozo, M|
|poke|p1|Weezing-Galar, F|
|poke|p1|Clodsire, M|
|poke|p1|Toxapex, M|
|poke|p2|Inteleon, F|
|poke|p2|Slowbro-Galar, M|
|poke|p2|Exeggutor, M|
|poke|p2|Zamazenta-*|
|poke|p2|Empoleon, M|
|poke|p2|Araquanid, F|
|teampreview
|inactive|Battle timer is ON: inactive players will automatically lose when time's up. (requested by nsplumb)
|
|t:|1779951783
|teamsize|p1|6
|teamsize|p2|6
|start
|switch|p1a: Toxapex|Toxapex, M|100/100
|switch|p2a: parasitic organism|Araquanid, F, shiny|100/100
|turn|1
|
|t:|1779951796
|move|p2a: parasitic organism|Sticky Web|p1a: Toxapex
|-sidestart|p1: nsplumb|move: Sticky Web
|move|p1a: Toxapex|Toxic|p2a: parasitic organism
|-status|p2a: parasitic organism|tox
|
|-damage|p2a: parasitic organism|94/100 tox|[from] psn
|upkeep
|turn|2
|inactive|ripcold has 120 seconds left.
|
|t:|1779951831
|switch|p1a: Weezing|Weezing-Galar, F|100/100
|move|p2a: parasitic organism|Leech Life|p1a: Weezing
|-resisted|p1a: Weezing
|-damage|p1a: Weezing|97/100
|-heal|p2a: parasitic organism|96/100 tox|[from] drain|[of] p1a: Weezing
|
|-heal|p1a: Weezing|100/100|[from] item: Leftovers
|-damage|p2a: parasitic organism|84/100 tox|[from] psn
|upkeep
|turn|3
|inactive|ripcold has 120 seconds left.
|
|t:|1779951845
|switch|p2a: Slowbro|Slowbro-Galar, M|100/100
|move|p1a: Weezing|Strange Steam|p2a: Slowbro
|-resisted|p2a: Slowbro
|-damage|p2a: Slowbro|87/100
|-start|p2a: Slowbro|confusion
|
|upkeep
|turn|4
|inactive|ripcold has 120 seconds left.
|
|t:|1779951860
|switch|p1a: Blissey|Blissey, F|100/100
|-activate|p1a: Blissey|move: Sticky Web
|-unboost|p1a: Blissey|spe|1
|-activate|p2a: Slowbro|confusion
|move|p2a: Slowbro|Psychic|p1a: Blissey
|-damage|p1a: Blissey|88/100
|
|-heal|p1a: Blissey|94/100|[from] item: Leftovers
|upkeep
|turn|5
|inactive|ripcold has 120 seconds left.
|
|t:|1779951874
|switch|p2a: Zamazenta|Zamazenta|100/100
|-ability|p2a: Zamazenta|Dauntless Shield|boost
|-boost|p2a: Zamazenta|def|1
|move|p1a: Blissey|Calm Mind|p1a: Blissey
|-boost|p1a: Blissey|spa|1
|-boost|p1a: Blissey|spd|1
|
|-heal|p1a: Blissey|100/100|[from] item: Leftovers
|upkeep
|turn|6
|inactive|ripcold has 120 seconds left.
|
|t:|1779951887
|switch|p1a: Weezing|Weezing-Galar, F|100/100
|move|p2a: Zamazenta|Iron Defense|p2a: Zamazenta
|-boost|p2a: Zamazenta|def|2
|
|upkeep
|turn|7
|inactive|ripcold has 120 seconds left.
|
|t:|1779951899
|-terastallize|p2a: Zamazenta|Steel
|move|p2a: Zamazenta|Ice Fang|p1a: Weezing
|-damage|p1a: Weezing|87/100
|-status|p1a: Weezing|frz
|cant|p1a: Weezing|frz
|
|-heal|p1a: Weezing|93/100 frz|[from] item: Leftovers
|upkeep
|turn|8
|inactive|ripcold has 120 seconds left.
|
|t:|1779951919
|switch|p2a: Slowbro|Slowbro-Galar, M|87/100
|cant|p1a: Weezing|frz
|
|-heal|p1a: Weezing|99/100 frz|[from] item: Leftovers
|upkeep
|turn|9
|-activate|p2a: Slowbro|item: Quick Claw
|
|t:|1779951927
|switch|p1a: Blissey|Blissey, F|100/100
|-activate|p1a: Blissey|move: Sticky Web
|-unboost|p1a: Blissey|spe|1
|move|p2a: Slowbro|Psychic|p1a: Blissey
|-damage|p1a: Blissey|88/100
|
|-heal|p1a: Blissey|94/100|[from] item: Leftovers
|upkeep
|turn|10
|inactive|ripcold has 120 seconds left.
|
|t:|1779951950
|switch|p2a: Zamazenta|Zamazenta, tera:Steel|100/100
|move|p1a: Blissey|Shadow Ball|p2a: Zamazenta
|-damage|p2a: Zamazenta|88/100
|
|-heal|p2a: Zamazenta|94/100|[from] item: Leftovers
|-heal|p1a: Blissey|99/100|[from] item: Leftovers
|upkeep
|turn|11
|
|t:|1779951963
|switch|p1a: Dondozo|Dondozo, M|100/100
|-activate|p1a: Dondozo|move: Sticky Web
|-unboost|p1a: Dondozo|spe|1
|move|p2a: Zamazenta|Body Press|p1a: Dondozo
|-damage|p1a: Dondozo|85/100
|
|-heal|p2a: Zamazenta|99/100|[from] item: Leftovers
|-heal|p1a: Dondozo|91/100|[from] item: Leftovers
|upkeep
|turn|12
|
|t:|1779951973
|switch|p2a: coconut tree|Exeggutor, M|100/100
|move|p1a: Dondozo|Body Press|p2a: coconut tree
|-resisted|p2a: coconut tree
|-damage|p2a: coconut tree|87/100
|
|-heal|p1a: Dondozo|97/100|[from] item: Leftovers
|upkeep
|turn|13
|
|t:|1779951984
|switch|p1a: Gliscor|Gliscor, M|100/100
|move|p2a: coconut tree|Stun Spore|p1a: Gliscor|[miss]
|-miss|p2a: coconut tree|p1a: Gliscor
|
|-status|p1a: Gliscor|tox|[from] item: Toxic Orb
|upkeep
|turn|14
|
|t:|1779951993
|move|p1a: Gliscor|Toxic|p2a: coconut tree
|-status|p2a: coconut tree|tox
|move|p2a: coconut tree|Psychic Noise|p1a: Gliscor
|-damage|p1a: Gliscor|60/100 tox
|-start|p1a: Gliscor|move: Heal Block
|
|-damage|p2a: coconut tree|81/100 tox|[from] psn
|upkeep
|turn|15
|inactive|ripcold has 120 seconds left.
|
|t:|1779952007
|move|p1a: Gliscor|Knock Off|p2a: coconut tree
|-supereffective|p2a: coconut tree
|-damage|p2a: coconut tree|37/100 tox
|-enditem|p2a: coconut tree|Sitrus Berry|[from] move: Knock Off|[of] p1a: Gliscor
|move|p2a: coconut tree|Psychic Noise|p1a: Gliscor
|-damage|p1a: Gliscor|17/100 tox
|
|-damage|p2a: coconut tree|25/100 tox|[from] psn
|-end|p1a: Gliscor|move: Heal Block
|upkeep
|turn|16
|inactive|ripcold has 120 seconds left.
|
|t:|1779952032
|move|p1a: Gliscor|Protect|p1a: Gliscor
|-singleturn|p1a: Gliscor|Protect
|move|p2a: coconut tree|Psychic Noise|p1a: Gliscor
|-activate|p1a: Gliscor|move: Protect
|
|-heal|p1a: Gliscor|30/100 tox|[from] ability: Poison Heal
|-damage|p2a: coconut tree|7/100 tox|[from] psn
|upkeep
|turn|17
|-message|ripcold forfeited.
|
|win|nsplumb
|raw|nsplumb's rating: 1139 &rarr; <strong>1160</strong><br />(+21 for winning)
|raw|ripcold's rating: 1084 &rarr; <strong>1065</strong><br />(-19 for losing)
|l|☆ripcold
|player|p2|
|l|☆nsplumb
|player|p1|
