|j|☆idk826
|j|☆markknight05
|t:|1779891420
|gametype|singles
|player|p1|idk826|rocketgrunt|1105
|player|p2|markknight05|169|1171
|gen|9
|tier|[Gen 9] OU
|rated|
|rule|HP Percentage Mod: HP is shown in percentages
|rule|Endless Battle Clause: Forcing endless battles is banned
|rule|Species Clause: Limit one of each Pokémon
|rule|OHKO Clause: OHKO moves are banned
|rule|Evasion Items Clause: Evasion items are banned
|rule|Evasion Moves Clause: Evasion moves are banned
|rule|Evasion Abilities Clause: Evasion abilities are banned
|rule|Sleep Moves Clause: Sleep-inducing moves are banned
|clearpoke
|poke|p1|Cloyster, M|
|poke|p1|Iron Crown|
|poke|p1|Great Tusk|
|poke|p1|Dragonite, F|
|poke|p1|Ceruledge, M|
|poke|p1|Iron Boulder|
|poke|p2|Pelipper, F|
|poke|p2|Hoopa-Unbound|
|poke|p2|Pawmot, F|
|poke|p2|Floatzel, F|
|poke|p2|Indeedee-F, F|
|poke|p2|Iron Treads|
|teampreview
|inactive|Battle timer is ON: inactive players will automatically lose when time's up. (requested by idk826)
|
|t:|1779891433
|teamsize|p1|6
|teamsize|p2|6
|start
|switch|p1a: Iron Boulder|Iron Boulder|100/100
|switch|p2a: Pelipper|Pelipper, F|100/100
|-weather|RainDance|[from] ability: Drizzle|[of] p2a: Pelipper
|turn|1
|
|t:|1779891442
|move|p1a: Iron Boulder|Mighty Cleave|p2a: Pelipper
|-supereffective|p2a: Pelipper
|-damage|p2a: Pelipper|13/100
|-damage|p1a: Iron Boulder|91/100|[from] item: Life Orb
|move|p2a: Pelipper|U-turn|p1a: Iron Boulder
|-supereffective|p1a: Iron Boulder
|-damage|p1a: Iron Boulder|62/100
|
|t:|1779891449
|switch|p2a: Floatzel|Floatzel, F|100/100|[from] U-turn
|
|-weather|RainDance|[upkeep]
|upkeep
|turn|2
|
|t:|1779891454
|move|p2a: Floatzel|Flip Turn|p1a: Iron Boulder
|-supereffective|p1a: Iron Boulder
|-damage|p1a: Iron Boulder|0 fnt
|faint|p1a: Iron Boulder
|-end|p1a: Iron Boulder|Quark Drive|[silent]
|
|t:|1779891459
|switch|p2a: Indeedee|Indeedee-F, F|100/100|[from] Flip Turn
|-fieldstart|move: Psychic Terrain|[from] ability: Psychic Surge|[of] p2a: Indeedee
|
|-weather|RainDance|[upkeep]
|upkeep
|
|t:|1779891466
|switch|p1a: Cloyster|Cloyster, M|100/100
|turn|3
|
|t:|1779891473
|move|p1a: Cloyster|Icicle Spear|p2a: Indeedee
|-damage|p2a: Indeedee|89/100
|-damage|p2a: Indeedee|78/100
|-damage|p2a: Indeedee|65/100
|-damage|p2a: Indeedee|53/100
|-damage|p2a: Indeedee|41/100
|-hitcount|p2a: Indeedee|5
|move|p2a: Indeedee|Trick Room|p2a: Indeedee
|-fieldstart|move: Trick Room|[of] p2a: Indeedee
|
|-weather|RainDance|[upkeep]
|upkeep
|turn|4
|
|t:|1779891487
|switch|p1a: Iron Crown|Iron Crown|100/100
|-enditem|p1a: Iron Crown|Booster Energy
|-activate|p1a: Iron Crown|ability: Quark Drive|[fromitem]
|-start|p1a: Iron Crown|quarkdrivespe
|move|p2a: Indeedee|Draining Kiss|p1a: Iron Crown
|-resisted|p1a: Iron Crown
|-crit|p1a: Iron Crown
|-damage|p1a: Iron Crown|93/100
|-heal|p2a: Indeedee|46/100|[from] drain|[of] p1a: Iron Crown
|
|-weather|RainDance|[upkeep]
|upkeep
|turn|5
|
|t:|1779891497
|switch|p2a: Hoopa|Hoopa-Unbound|100/100
|move|p1a: Iron Crown|Tachyon Cutter|p2a: Hoopa
|-damage|p2a: Hoopa|82/100
|-damage|p2a: Hoopa|65/100
|-hitcount|p2a: Hoopa|2
|
|-weather|RainDance|[upkeep]
|upkeep
|turn|6
|
|t:|1779891517
|move|p2a: Hoopa|Shadow Ball|p1a: Iron Crown
|-supereffective|p1a: Iron Crown
|-damage|p1a: Iron Crown|0 fnt
|faint|p1a: Iron Crown
|-end|p1a: Iron Crown|Quark Drive|[silent]
|
|-weather|RainDance|[upkeep]
|upkeep
|
|t:|1779891520
|switch|p1a: Cloyster|Cloyster, M|100/100
|turn|7
|
|t:|1779891523
|move|p2a: Hoopa|Shadow Ball|p1a: Cloyster
|-enditem|p1a: Cloyster|Focus Sash
|-damage|p1a: Cloyster|1/100
|move|p1a: Cloyster|Spikes|p2a: Hoopa
|-sidestart|p2: markknight05|Spikes
|
|-weather|RainDance|[upkeep]
|-fieldend|move: Trick Room
|upkeep
|turn|8
|
|t:|1779891549
|move|p1a: Cloyster|Shell Smash|p1a: Cloyster
|-unboost|p1a: Cloyster|def|1
|-unboost|p1a: Cloyster|spd|1
|-boost|p1a: Cloyster|atk|2
|-boost|p1a: Cloyster|spa|2
|-boost|p1a: Cloyster|spe|2
|move|p2a: Hoopa|Shadow Ball|p1a: Cloyster
|-damage|p1a: Cloyster|0 fnt
|faint|p1a: Cloyster
|
|-weather|none
|upkeep
|
|t:|1779891559
|switch|p1a: Great Tusk|Great Tusk|100/100
|-enditem|p1a: Great Tusk|Booster Energy
|-activate|p1a: Great Tusk|ability: Protosynthesis|[fromitem]
|-start|p1a: Great Tusk|protosynthesisspe
|turn|9
|
|t:|1779891578
|switch|p2a: Pelipper|Pelipper, F|13/100
|-weather|RainDance|[from] ability: Drizzle|[of] p2a: Pelipper
|move|p1a: Great Tusk|Headlong Rush|p2a: Pelipper
|-immune|p2a: Pelipper
|
|-weather|RainDance|[upkeep]
|-fieldend|move: Psychic Terrain
|upkeep
|turn|10
|
|t:|1779891586
|move|p1a: Great Tusk|Rapid Spin|p2a: Pelipper
|-damage|p2a: Pelipper|2/100
|-boost|p1a: Great Tusk|spe|1
|move|p2a: Pelipper|U-turn|p1a: Great Tusk
|-resisted|p1a: Great Tusk
|-damage|p1a: Great Tusk|98/100
|
|t:|1779891595
|switch|p2a: Floatzel|Floatzel, F|100/100|[from] U-turn
|-damage|p2a: Floatzel|88/100|[from] Spikes
|
|-weather|RainDance|[upkeep]
|upkeep
|turn|11
|
|t:|1779891604
|move|p1a: Great Tusk|Headlong Rush|p2a: Floatzel
|-damage|p2a: Floatzel|0 fnt
|-unboost|p1a: Great Tusk|def|1
|-unboost|p1a: Great Tusk|spd|1
|faint|p2a: Floatzel
|
|-weather|RainDance|[upkeep]
|upkeep
|
|t:|1779891616
|switch|p2a: Indeedee|Indeedee-F, F|46/100
|-damage|p2a: Indeedee|34/100|[from] Spikes
|-fieldstart|move: Psychic Terrain|[from] ability: Psychic Surge|[of] p2a: Indeedee
|turn|12
|
|t:|1779891621
|move|p1a: Great Tusk|Ice Spinner|p2a: Indeedee
|-damage|p2a: Indeedee|10/100
|-fieldend|move: Psychic Terrain
|move|p2a: Indeedee|Trick Room|p2a: Indeedee
|-fieldstart|move: Trick Room|[of] p2a: Indeedee
|
|-weather|RainDance|[upkeep]
|upkeep
|turn|13
|
|t:|1779891628
|move|p2a: Indeedee|Draining Kiss|p1a: Great Tusk
|-supereffective|p1a: Great Tusk
|-damage|p1a: Great Tusk|53/100
|-heal|p2a: Indeedee|53/100|[from] drain|[of] p1a: Great Tusk
|move|p1a: Great Tusk|Rapid Spin|p2a: Indeedee
|-damage|p2a: Indeedee|39/100
|-boost|p1a: Great Tusk|spe|1
|
|-weather|RainDance|[upkeep]
|upkeep
|turn|14
|
|t:|1779891636
|-end|p1a: Great Tusk|Protosynthesis|[silent]
|switch|p1a: Ceruledge|Ceruledge, M|100/100
|move|p2a: Indeedee|Draining Kiss|p1a: Ceruledge
|-resisted|p1a: Ceruledge
|-damage|p1a: Ceruledge|94/100
|-heal|p2a: Indeedee|43/100|[from] drain|[of] p1a: Ceruledge
|
|-weather|RainDance|[upkeep]
|upkeep
|turn|15
|
|t:|1779891647
|switch|p2a: Pawmot|Pawmot, F|100/100
|-damage|p2a: Pawmot|88/100|[from] Spikes
|move|p1a: Ceruledge|Bitter Blade|p2a: Pawmot
|-damage|p2a: Pawmot|46/100
|-heal|p1a: Ceruledge|100/100|[from] drain|[of] p2a: Pawmot
|-damage|p1a: Ceruledge|91/100|[from] item: Life Orb
|
|-weather|RainDance|[upkeep]
|upkeep
|turn|16
|
|t:|1779891657
|move|p1a: Ceruledge|Swords Dance|p1a: Ceruledge
|-boost|p1a: Ceruledge|atk|2
|move|p2a: Pawmot|Revival Blessing|p2a: Pawmot
|-enditem|p2a: Pawmot|Leppa Berry|[eat]
|-activate|p2a: Pawmot|item: Leppa Berry|Revival Blessing|[consumed]
|
|t:|1779891664
|-heal|p2: Floatzel|50/100|[from] move: Revival Blessing
|
|-weather|none
|-fieldend|move: Trick Room
|upkeep
|turn|17
|
|t:|1779891671
|move|p1a: Ceruledge|Shadow Sneak|p2a: Pawmot
|-crit|p2a: Pawmot
|-damage|p2a: Pawmot|0 fnt
|faint|p2a: Pawmot
|-damage|p1a: Ceruledge|81/100|[from] item: Life Orb
|
|upkeep
|
|t:|1779891681
|switch|p2a: Indeedee|Indeedee-F, F|43/100
|-damage|p2a: Indeedee|30/100|[from] Spikes
|-fieldstart|move: Psychic Terrain|[from] ability: Psychic Surge|[of] p2a: Indeedee
|turn|18
|
|t:|1779891688
|move|p1a: Ceruledge|Bitter Blade|p2a: Indeedee
|-damage|p2a: Indeedee|0 fnt
|-heal|p1a: Ceruledge|98/100|[from] drain|[of] p2a: Indeedee
|faint|p2a: Indeedee
|-damage|p1a: Ceruledge|88/100|[from] item: Life Orb
|
|upkeep
|
|t:|1779891695
|switch|p2a: Pelipper|Pelipper, F|2/100
|-weather|RainDance|[from] ability: Drizzle|[of] p2a: Pelipper
|turn|19
|
|t:|1779891700
|move|p1a: Ceruledge|Bitter Blade|p2a: Pelipper
|-resisted|p2a: Pelipper
|-damage|p2a: Pelipper|0 fnt
|-heal|p1a: Ceruledge|89/100|[from] drain|[of] p2a: Pelipper
|faint|p2a: Pelipper
|-damage|p1a: Ceruledge|79/100|[from] item: Life Orb
|
|-weather|RainDance|[upkeep]
|upkeep
|
|t:|1779891708
|switch|p2a: Floatzel|Floatzel, F|50/100
|-damage|p2a: Floatzel|38/100|[from] Spikes
|turn|20
|
|t:|1779891725
|-terastallize|p2a: Floatzel|Water
|move|p2a: Floatzel|Wave Crash|p1a: Ceruledge
|-supereffective|p1a: Ceruledge
|-damage|p1a: Ceruledge|0 fnt
|faint|p1a: Ceruledge
|-damage|p2a: Floatzel|14/100|[from] Recoil
|
|-weather|RainDance|[upkeep]
|upkeep
|
|t:|1779891728
|switch|p1a: Dragonite|Dragonite, F|100/100
|turn|21
|
|t:|1779891737
|move|p2a: Floatzel|Wave Crash|p1a: Dragonite
|-resisted|p1a: Dragonite
|-damage|p1a: Dragonite|56/100
|-damage|p2a: Floatzel|0 fnt|[from] Recoil
|faint|p2a: Floatzel
|move|p1a: Dragonite|Earthquake|p2: Floatzel|[notarget]
|-fail|p1a: Dragonite
|
|-weather|RainDance|[upkeep]
|upkeep
|
|t:|1779891749
|switch|p2a: Hoopa|Hoopa-Unbound|65/100
|-damage|p2a: Hoopa|52/100|[from] Spikes
|turn|22
|
|t:|1779891753
|move|p1a: Dragonite|Earthquake|p2a: Hoopa
|-damage|p2a: Hoopa|0 fnt
|faint|p2a: Hoopa
|
|-weather|RainDance|[upkeep]
|upkeep
|
|t:|1779891757
|switch|p2a: Iron Treads|Iron Treads|100/100
|-damage|p2a: Iron Treads|88/100|[from] Spikes
|turn|23
|
|t:|1779891763
|move|p1a: Dragonite|Encore||[still]
|-fail|p1a: Dragonite
|move|p2a: Iron Treads|Knock Off|p1a: Dragonite
|-damage|p1a: Dragonite|24/100
|-enditem|p1a: Dragonite|Heavy-Duty Boots|[from] move: Knock Off|[of] p2a: Iron Treads
|
|-weather|RainDance|[upkeep]
|upkeep
|turn|24
|
|t:|1779891771
|move|p1a: Dragonite|Encore|p2a: Iron Treads
|-start|p2a: Iron Treads|Encore
|move|p2a: Iron Treads|Knock Off|p1a: Dragonite
|-damage|p1a: Dragonite|1/100
|
|-weather|RainDance|[upkeep]
|upkeep
|turn|25
|
|t:|1779891776
|move|p1a: Dragonite|Earthquake|p2a: Iron Treads
|-supereffective|p2a: Iron Treads
|-damage|p2a: Iron Treads|32/100
|move|p2a: Iron Treads|Knock Off|p1a: Dragonite
|-damage|p1a: Dragonite|0 fnt
|faint|p1a: Dragonite
|
|-weather|RainDance|[upkeep]
|-fieldend|move: Psychic Terrain
|upkeep
|
|t:|1779891778
|switch|p1a: Great Tusk|Great Tusk|53/100
|turn|26
|-message|markknight05 forfeited.
|
|win|idk826
|raw|idk826's rating: 1124 &rarr; <strong>1152</strong><br />(+28 for winning)
|raw|markknight05's rating: 1171 &rarr; <strong>1143</strong><br />(-28 for losing)
|l|☆markknight05
|player|p2|
|l|☆idk826
|player|p1|
