|j|☆alonsebolla
|j|☆heminion
|t:|1779806067
|gametype|singles
|player|p1|alonsebolla|boarder|1085
|player|p2|heminion|crasherwake|1117
|gen|9
|tier|[Gen 9] OU
|rated|
|rule|HP Percentage Mod: HP is shown in percentages
|rule|Endless Battle Clause: Forcing endless battles is banned
|rule|Species Clause: Limit one of each Pokémon
|rule|OHKO Clause: OHKO moves are banned
|rule|Evasion Items Clause: Evasion items are banned
|rule|Evasion Moves Clause: Evasion moves are banned
|rule|Evasion Abilities Clause: Evasion abilities are banned
|rule|Sleep Moves Clause: Sleep-inducing moves are banned
|clearpoke
|poke|p1|Glimmora, M|
|poke|p1|Gholdengo|
|poke|p1|Kingambit, F|
|poke|p1|Great Tusk|
|poke|p1|Dragonite, M|
|poke|p1|Raging Bolt|
|poke|p2|Ceruledge, F|
|poke|p2|Primarina, F|
|poke|p2|Garchomp, F|
|poke|p2|Metagross|
|poke|p2|Serperior, M|
|poke|p2|Hitmontop, M|
|teampreview
|inactive|Battle timer is ON: inactive players will automatically lose when time's up. (requested by alonsebolla)
|
|t:|1779806074
|teamsize|p1|6
|teamsize|p2|6
|start
|switch|p1a: Glimmora|Glimmora, M|100/100
|switch|p2a: Garchomp|Garchomp, F|100/100
|turn|1
|
|t:|1779806099
|switch|p1a: Gholdengo|Gholdengo|100/100
|-item|p1a: Gholdengo|Air Balloon
|move|p2a: Garchomp|Stealth Rock|p1a: Gholdengo
|-sidestart|p1: alonsebolla|move: Stealth Rock
|
|upkeep
|turn|2
|inactive|alonsebolla has 120 seconds left.
|
|t:|1779806118
|move|p1a: Gholdengo|Make It Rain|p2a: Garchomp
|-damage|p2a: Garchomp|38/100
|-unboost|p1a: Gholdengo|spa|1
|move|p2a: Garchomp|Spikes|p1a: Gholdengo
|-sidestart|p1: alonsebolla|Spikes
|
|upkeep
|turn|3
|inactive|alonsebolla has 120 seconds left.
|
|t:|1779806130
|switch|p1a: Glimmora|Glimmora, M|100/100
|-damage|p1a: Glimmora|88/100|[from] Stealth Rock
|-damage|p1a: Glimmora|76/100|[from] Spikes
|move|p2a: Garchomp|Dragon Tail|p1a: Glimmora
|-damage|p1a: Glimmora|41/100
|-activate|p1a: Glimmora|ability: Toxic Debris
|-sidestart|p2: heminion|move: Toxic Spikes
|drag|p1a: Dragonite|Dragonite, M|100/100
|
|upkeep
|turn|4
|
|t:|1779806141
|move|p1a: Dragonite|Ice Spinner|p2a: Garchomp
|-supereffective|p2a: Garchomp
|-damage|p2a: Garchomp|0 fnt
|-damage|p1a: Dragonite|88/100|[from] ability: Rough Skin|[of] p2a: Garchomp
|-damage|p1a: Dragonite|72/100|[from] item: Rocky Helmet|[of] p2a: Garchomp
|faint|p2a: Garchomp
|
|upkeep
|
|t:|1779806152
|switch|p2a: Metagross|Metagross, shiny|100/100
|turn|5
|
|t:|1779806166
|move|p1a: Dragonite|Earthquake|p2a: Metagross
|-supereffective|p2a: Metagross
|-damage|p2a: Metagross|40/100
|move|p2a: Metagross|Knock Off|p1a: Dragonite
|-damage|p1a: Dragonite|10/100
|-enditem|p1a: Dragonite|Heavy-Duty Boots|[from] move: Knock Off|[of] p2a: Metagross
|
|upkeep
|turn|6
|inactive|heminion has 120 seconds left.
|
|t:|1779806202
|move|p1a: Dragonite|Earthquake|p2a: Metagross
|-supereffective|p2a: Metagross
|-damage|p2a: Metagross|0 fnt
|faint|p2a: Metagross
|
|upkeep
|
|t:|1779806207
|switch|p2a: Hitmontop|Hitmontop, M, shiny|100/100
|-ability|p2a: Hitmontop|Intimidate|boost
|-unboost|p1a: Dragonite|atk|1
|turn|7
|
|t:|1779806223
|switch|p1a: Glimmora|Glimmora, M|41/100
|-damage|p1a: Glimmora|29/100|[from] Stealth Rock
|-damage|p1a: Glimmora|17/100|[from] Spikes
|move|p2a: Hitmontop|Rapid Spin|p1a: Glimmora
|-resisted|p1a: Glimmora
|-damage|p1a: Glimmora|7/100
|-boost|p2a: Hitmontop|spe|1
|-activate|p1a: Glimmora|ability: Toxic Debris
|-sidestart|p2: heminion|move: Toxic Spikes
|-sideend|p2: heminion|Toxic Spikes|[from] move: Rapid Spin|[of] p2a: Hitmontop
|
|upkeep
|turn|8
|
|t:|1779806234
|move|p2a: Hitmontop|Rapid Spin|p1a: Glimmora
|-resisted|p1a: Glimmora
|-damage|p1a: Glimmora|0 fnt
|-boost|p2a: Hitmontop|spe|1
|-activate|p1a: Glimmora|ability: Toxic Debris
|-sidestart|p2: heminion|move: Toxic Spikes
|-sideend|p2: heminion|Toxic Spikes|[from] move: Rapid Spin|[of] p2a: Hitmontop
|faint|p1a: Glimmora
|
|upkeep
|
|t:|1779806239
|switch|p1a: Great Tusk|Great Tusk|100/100
|-damage|p1a: Great Tusk|98/100|[from] Stealth Rock
|-damage|p1a: Great Tusk|85/100|[from] Spikes
|turn|9
|
|t:|1779806253
|move|p2a: Hitmontop|High Jump Kick|p1a: Great Tusk|[miss]
|-miss|p2a: Hitmontop|p1a: Great Tusk
|-damage|p2a: Hitmontop|51/100|[from] highjumpkick
|move|p1a: Great Tusk|Rapid Spin|p2a: Hitmontop
|-damage|p2a: Hitmontop|23/100
|-boost|p1a: Great Tusk|spe|1
|-sideend|p1: alonsebolla|Spikes|[from] move: Rapid Spin|[of] p1a: Great Tusk
|-sideend|p1: alonsebolla|Stealth Rock|[from] move: Rapid Spin|[of] p1a: Great Tusk
|
|-heal|p1a: Great Tusk|91/100|[from] item: Leftovers
|upkeep
|turn|10
|
|t:|1779806283
|move|p2a: Hitmontop|High Jump Kick|p1a: Great Tusk
|-damage|p1a: Great Tusk|50/100
|move|p1a: Great Tusk|Headlong Rush|p2a: Hitmontop
|-damage|p2a: Hitmontop|0 fnt
|-unboost|p1a: Great Tusk|def|1
|-unboost|p1a: Great Tusk|spd|1
|faint|p2a: Hitmontop
|
|-heal|p1a: Great Tusk|56/100|[from] item: Leftovers
|upkeep
|
|t:|1779806292
|switch|p2a: Primarina|Primarina, F|100/100
|turn|11
|
|t:|1779806305
|-end|p1a: Great Tusk|Protosynthesis|[silent]
|switch|p1a: Gholdengo|Gholdengo|100/100
|-item|p1a: Gholdengo|Air Balloon
|move|p2a: Primarina|Psychic Noise|p1a: Gholdengo
|-damage|p1a: Gholdengo|52/100
|-start|p1a: Gholdengo|move: Heal Block
|-enditem|p1a: Gholdengo|Air Balloon
|-enditem|p2a: Primarina|Throat Spray
|-boost|p2a: Primarina|spa|1|[from] item: Throat Spray
|
|upkeep
|turn|12
|
|t:|1779806320
|move|p1a: Gholdengo|Make It Rain|p2a: Primarina
|-damage|p2a: Primarina|46/100
|-unboost|p1a: Gholdengo|spa|1
|move|p2a: Primarina|Psychic Noise|p1a: Gholdengo
|-damage|p1a: Gholdengo|0 fnt
|faint|p1a: Gholdengo
|
|upkeep
|
|t:|1779806324
|switch|p1a: Dragonite|Dragonite, M|10/100
|turn|13
|
|t:|1779806332
|move|p1a: Dragonite|Earthquake|p2a: Primarina
|-damage|p2a: Primarina|2/100
|move|p2a: Primarina|Moonblast|p1a: Dragonite
|-supereffective|p1a: Dragonite
|-damage|p1a: Dragonite|0 fnt
|faint|p1a: Dragonite
|
|upkeep
|
|t:|1779806346
|switch|p1a: Great Tusk|Great Tusk|56/100
|turn|14
|
|t:|1779806354
|move|p1a: Great Tusk|Knock Off|p2a: Primarina
|-resisted|p2a: Primarina
|-damage|p2a: Primarina|0 fnt
|faint|p2a: Primarina
|
|-heal|p1a: Great Tusk|62/100|[from] item: Leftovers
|upkeep
|
|t:|1779806359
|switch|p2a: Serperior|Serperior, M, shiny|100/100
|turn|15
|
|t:|1779806368
|move|p1a: Great Tusk|Knock Off|p2a: Serperior
|-damage|p2a: Serperior|67/100
|-enditem|p2a: Serperior|Leftovers|[from] move: Knock Off|[of] p1a: Great Tusk
|move|p2a: Serperior|Leech Seed|p1a: Great Tusk
|-start|p1a: Great Tusk|move: Leech Seed
|
|-heal|p1a: Great Tusk|69/100|[from] item: Leftovers
|-damage|p1a: Great Tusk|56/100|[from] Leech Seed|[of] p2a: Serperior
|-heal|p2a: Serperior|80/100|[silent]
|upkeep
|turn|16
|
|t:|1779806387
|move|p1a: Great Tusk|Rapid Spin|p2a: Serperior
|-damage|p2a: Serperior|62/100
|-boost|p1a: Great Tusk|spe|1
|-end|p1a: Great Tusk|Leech Seed|[from] move: Rapid Spin|[of] p1a: Great Tusk
|move|p2a: Serperior|Leaf Storm|p1a: Great Tusk
|-supereffective|p1a: Great Tusk
|-damage|p1a: Great Tusk|0 fnt
|-boost|p2a: Serperior|spa|2
|faint|p1a: Great Tusk
|-end|p1a: Great Tusk|Protosynthesis|[silent]
|
|upkeep
|
|t:|1779806400
|switch|p1a: Raging Bolt|Raging Bolt|100/100
|-enditem|p1a: Raging Bolt|Booster Energy
|-activate|p1a: Raging Bolt|ability: Protosynthesis|[fromitem]
|-start|p1a: Raging Bolt|protosynthesisspa
|turn|17
|
|t:|1779806407
|move|p2a: Serperior|Leech Seed|p1a: Raging Bolt
|-start|p1a: Raging Bolt|move: Leech Seed
|move|p1a: Raging Bolt|Calm Mind|p1a: Raging Bolt
|-boost|p1a: Raging Bolt|spa|1
|-boost|p1a: Raging Bolt|spd|1
|
|-damage|p1a: Raging Bolt|88/100|[from] Leech Seed|[of] p2a: Serperior
|-heal|p2a: Serperior|76/100|[silent]
|upkeep
|turn|18
|
|t:|1779806421
|move|p2a: Serperior|Leaf Storm|p1a: Raging Bolt
|-resisted|p1a: Raging Bolt
|-damage|p1a: Raging Bolt|56/100
|-boost|p2a: Serperior|spa|2
|move|p1a: Raging Bolt|Draco Meteor|p2a: Serperior
|-damage|p2a: Serperior|0 fnt
|-unboost|p1a: Raging Bolt|spa|2
|faint|p2a: Serperior
|
|upkeep
|
|t:|1779806429
|switch|p2a: Ceruledge|Ceruledge, F|100/100
|turn|19
|
|t:|1779806439
|move|p2a: Ceruledge|Swords Dance|p2a: Ceruledge
|-boost|p2a: Ceruledge|atk|2
|move|p1a: Raging Bolt|Draco Meteor|p2a: Ceruledge
|-damage|p2a: Ceruledge|15/100
|-unboost|p1a: Raging Bolt|spa|2
|
|-damage|p1a: Raging Bolt|44/100|[from] Leech Seed|[of] p2a: Ceruledge
|-heal|p2a: Ceruledge|32/100|[silent]
|upkeep
|turn|20
|
|t:|1779806453
|move|p1a: Raging Bolt|Thunderclap|p2a: Ceruledge
|-crit|p2a: Ceruledge
|-damage|p2a: Ceruledge|0 fnt
|faint|p2a: Ceruledge
|
|win|alonsebolla
|raw|alonsebolla's rating: 1085 &rarr; <strong>1115</strong><br />(+30 for winning)
|raw|heminion's rating: 1117 &rarr; <strong>1090</strong><br />(-27 for losing)
|l|☆alonsebolla
|player|p1|
|l|☆heminion
|player|p2|
