|j|☆noobishtrainerjoe
|j|☆MeioPotato
|t:|1779916341
|gametype|singles
|player|p1|noobishtrainerjoe|kurt|1578
|player|p2|MeioPotato|rosa|1577
|gen|9
|tier|[Gen 9] OU
|rated|
|rule|HP Percentage Mod: HP is shown in percentages
|rule|Endless Battle Clause: Forcing endless battles is banned
|rule|Species Clause: Limit one of each Pokémon
|rule|OHKO Clause: OHKO moves are banned
|rule|Evasion Items Clause: Evasion items are banned
|rule|Evasion Moves Clause: Evasion moves are banned
|rule|Evasion Abilities Clause: Evasion abilities are banned
|rule|Sleep Moves Clause: Sleep-inducing moves are banned
|clearpoke
|poke|p1|Kyurem|
|poke|p1|Tinkaton, F|
|poke|p1|Great Tusk|
|poke|p1|Kingambit, M|
|poke|p1|Rillaboom, F|
|poke|p1|Dragapult, M|
|poke|p2|Latias, F|
|poke|p2|Polteageist|
|poke|p2|Zamazenta-*|
|poke|p2|Kingambit, M|
|poke|p2|Ogerpon-Wellspring, F|
|poke|p2|Iron Moth|
|teampreview
|inactive|Battle timer is ON: inactive players will automatically lose when time's up. (requested by MeioPotato)
|j| kanitanku
|inactive|noobishtrainerjoe has 120 seconds left.
|
|t:|1779916378
|teamsize|p1|6
|teamsize|p2|6
|start
|switch|p1a: Kyurem|Kyurem|100/100
|switch|p2a: Iron Moth|Iron Moth|100/100
|-ability|p1a: Kyurem|Pressure
|turn|1
|
|t:|1779916380
|move|p2a: Iron Moth|Fiery Dance|p1a: Kyurem
|-damage|p1a: Kyurem|60/100
|-boost|p2a: Iron Moth|spa|1
|move|p1a: Kyurem|Earth Power|p2a: Iron Moth
|-supereffective|p2a: Iron Moth
|-enditem|p2a: Iron Moth|Focus Sash
|-damage|p2a: Iron Moth|1/100
|
|-heal|p1a: Kyurem|67/100|[from] item: Leftovers
|upkeep
|turn|2
|
|t:|1779916388
|move|p1a: Kyurem|Protect|p1a: Kyurem
|-singleturn|p1a: Kyurem|Protect
|move|p2a: Iron Moth|Dazzling Gleam|p1a: Kyurem
|-activate|p1a: Kyurem|move: Protect
|
|-heal|p1a: Kyurem|73/100|[from] item: Leftovers
|upkeep
|turn|3
|
|t:|1779916407
|switch|p1a: Rillaboom|Rillaboom, F|100/100
|-fieldstart|move: Grassy Terrain|[from] ability: Grassy Surge|[of] p1a: Rillaboom
|move|p2a: Iron Moth|Dazzling Gleam|p1a: Rillaboom
|-damage|p1a: Rillaboom|42/100
|
|-heal|p2a: Iron Moth|7/100|[from] Grassy Terrain
|-heal|p1a: Rillaboom|49/100|[from] Grassy Terrain
|upkeep
|turn|4
|
|t:|1779916414
|move|p1a: Rillaboom|Grassy Glide|p2a: Iron Moth
|-resisted|p2a: Iron Moth
|-damage|p2a: Iron Moth|0 fnt
|faint|p2a: Iron Moth
|-end|p2a: Iron Moth|Quark Drive|[silent]
|-damage|p1a: Rillaboom|39/100|[from] item: Life Orb
|
|-heal|p1a: Rillaboom|45/100|[from] Grassy Terrain
|upkeep
|
|t:|1779916418
|switch|p2a: Zamazenta|Zamazenta|100/100
|-ability|p2a: Zamazenta|Dauntless Shield|boost
|-boost|p2a: Zamazenta|def|1
|turn|5
|
|t:|1779916424
|move|p2a: Zamazenta|Iron Defense|p2a: Zamazenta
|-boost|p2a: Zamazenta|def|2
|move|p1a: Rillaboom|Knock Off|p2a: Zamazenta
|-resisted|p2a: Zamazenta
|-damage|p2a: Zamazenta|92/100
|-enditem|p2a: Zamazenta|Leftovers|[from] move: Knock Off|[of] p1a: Rillaboom
|-damage|p1a: Rillaboom|35/100|[from] item: Life Orb
|
|-heal|p2a: Zamazenta|98/100|[from] Grassy Terrain
|-heal|p1a: Rillaboom|41/100|[from] Grassy Terrain
|upkeep
|turn|6
|j| yuureisuisei
|
|t:|1779916431
|switch|p1a: Dragapult|Dragapult, M|100/100
|move|p2a: Zamazenta|Iron Defense|p2a: Zamazenta
|-boost|p2a: Zamazenta|def|2
|
|-heal|p2a: Zamazenta|100/100|[from] Grassy Terrain
|upkeep
|turn|7
|
|t:|1779916434
|-terastallize|p2a: Zamazenta|Fire
|move|p1a: Dragapult|U-turn|p2a: Zamazenta
|-resisted|p2a: Zamazenta
|-damage|p2a: Zamazenta|98/100
|
|t:|1779916438
|switch|p1a: Great Tusk|Great Tusk|100/100|[from] U-turn
|move|p2a: Zamazenta|Crunch|p1a: Great Tusk
|-resisted|p1a: Great Tusk
|-damage|p1a: Great Tusk|92/100
|
|-heal|p2a: Zamazenta|100/100|[from] Grassy Terrain
|-heal|p1a: Great Tusk|98/100|[from] Grassy Terrain
|-fieldend|move: Grassy Terrain
|upkeep
|turn|8
|
|t:|1779916445
|move|p2a: Zamazenta|Iron Defense|p2a: Zamazenta
|-boost|p2a: Zamazenta|def|1
|move|p1a: Great Tusk|Headlong Rush|p2a: Zamazenta
|-supereffective|p2a: Zamazenta
|-damage|p2a: Zamazenta|72/100
|-unboost|p1a: Great Tusk|def|1
|-unboost|p1a: Great Tusk|spd|1
|
|upkeep
|turn|9
|
|t:|1779916451
|-end|p1a: Great Tusk|Protosynthesis|[silent]
|switch|p1a: Dragapult|Dragapult, M|100/100
|move|p2a: Zamazenta|Body Press|p1a: Dragapult
|-immune|p1a: Dragapult
|
|upkeep
|turn|10
|
|t:|1779916475
|-terastallize|p1a: Dragapult|Ghost
|move|p1a: Dragapult|Hex|p2a: Zamazenta
|-damage|p2a: Zamazenta|35/100
|move|p2a: Zamazenta|Crunch|p1a: Dragapult
|-supereffective|p1a: Dragapult
|-damage|p1a: Dragapult|25/100
|-unboost|p1a: Dragapult|def|1
|
|upkeep
|turn|11
|
|t:|1779916481
|move|p1a: Dragapult|Hex|p2a: Zamazenta
|-damage|p2a: Zamazenta|1/100
|move|p2a: Zamazenta|Crunch|p1a: Dragapult
|-supereffective|p1a: Dragapult
|-damage|p1a: Dragapult|0 fnt
|faint|p1a: Dragapult
|
|upkeep
|
|t:|1779916489
|switch|p1a: Rillaboom|Rillaboom, F|41/100
|-fieldstart|move: Grassy Terrain|[from] ability: Grassy Surge|[of] p1a: Rillaboom
|turn|12
|
|t:|1779916490
|move|p1a: Rillaboom|Grassy Glide|p2a: Zamazenta
|-resisted|p2a: Zamazenta
|-damage|p2a: Zamazenta|0 fnt
|faint|p2a: Zamazenta
|-damage|p1a: Rillaboom|31/100|[from] item: Life Orb
|
|-heal|p1a: Rillaboom|37/100|[from] Grassy Terrain
|upkeep
|
|t:|1779916505
|switch|p2a: Kingambit|Kingambit, M|100/100
|turn|13
|
|t:|1779916515
|move|p1a: Rillaboom|Drain Punch|p2a: Kingambit
|-supereffective|p2a: Kingambit
|-damage|p2a: Kingambit|0 fnt
|-heal|p1a: Rillaboom|87/100|[from] drain|[of] p2a: Kingambit
|faint|p2a: Kingambit
|-damage|p1a: Rillaboom|77/100|[from] item: Life Orb
|
|-heal|p1a: Rillaboom|83/100|[from] Grassy Terrain
|upkeep
|
|t:|1779916519
|switch|p2a: Latias|Latias, F|100/100
|turn|14
|
|t:|1779916527
|move|p2a: Latias|Agility|p2a: Latias
|-boost|p2a: Latias|spe|2
|move|p1a: Rillaboom|Knock Off|p2a: Latias
|-supereffective|p2a: Latias
|-damage|p2a: Latias|19/100
|-enditem|p2a: Latias|Weakness Policy
|-boost|p2a: Latias|atk|2|[from] item: Weakness Policy
|-boost|p2a: Latias|spa|2|[from] item: Weakness Policy
|-damage|p1a: Rillaboom|74/100|[from] item: Life Orb
|
|-heal|p1a: Rillaboom|80/100|[from] Grassy Terrain
|upkeep
|turn|15
|
|t:|1779916530
|move|p1a: Rillaboom|Grassy Glide|p2a: Latias
|-resisted|p2a: Latias
|-damage|p2a: Latias|0 fnt
|faint|p2a: Latias
|-damage|p1a: Rillaboom|70/100|[from] item: Life Orb
|
|-heal|p1a: Rillaboom|76/100|[from] Grassy Terrain
|upkeep
|l| kanitanku
|
|t:|1779916533
|switch|p2a: Polteageist|Polteageist|100/100
|turn|16
|
|t:|1779916551
|move|p1a: Rillaboom|Knock Off|p2a: Polteageist
|-supereffective|p2a: Polteageist
|-enditem|p2a: Polteageist|Focus Sash
|-damage|p2a: Polteageist|1/100
|-ability|p2a: Polteageist|Weak Armor|boost
|-unboost|p2a: Polteageist|def|1
|-boost|p2a: Polteageist|spe|2
|-damage|p1a: Rillaboom|66/100|[from] item: Life Orb
|move|p2a: Polteageist|Shell Smash|p2a: Polteageist
|-unboost|p2a: Polteageist|def|1
|-unboost|p2a: Polteageist|spd|1
|-boost|p2a: Polteageist|atk|2
|-boost|p2a: Polteageist|spa|2
|-boost|p2a: Polteageist|spe|2
|
|-heal|p2a: Polteageist|7/100|[from] Grassy Terrain
|-heal|p1a: Rillaboom|72/100|[from] Grassy Terrain
|-fieldend|move: Grassy Terrain
|upkeep
|turn|17
|
|t:|1779916560
|switch|p1a: Tinkaton|Tinkaton, F|100/100
|-ability|p1a: Tinkaton|Mold Breaker
|move|p2a: Polteageist|Shadow Ball|p1a: Tinkaton
|-damage|p1a: Tinkaton|11/100
|
|-heal|p1a: Tinkaton|18/100|[from] item: Leftovers
|upkeep
|turn|18
|
|t:|1779916566
|move|p2a: Polteageist|Giga Drain|p1a: Tinkaton
|-resisted|p1a: Tinkaton
|-damage|p1a: Tinkaton|0 fnt
|-heal|p2a: Polteageist|17/100|[from] drain|[of] p1a: Tinkaton
|faint|p1a: Tinkaton
|
|upkeep
|
|t:|1779916568
|switch|p1a: Rillaboom|Rillaboom, F|72/100
|-fieldstart|move: Grassy Terrain|[from] ability: Grassy Surge|[of] p1a: Rillaboom
|turn|19
|
|t:|1779916570
|move|p1a: Rillaboom|Grassy Glide|p2a: Polteageist
|-damage|p2a: Polteageist|0 fnt
|faint|p2a: Polteageist
|-damage|p1a: Rillaboom|62/100|[from] item: Life Orb
|
|-heal|p1a: Rillaboom|68/100|[from] Grassy Terrain
|upkeep
|
|t:|1779916571
|switch|p2a: Ogerpon|Ogerpon-Wellspring, F|100/100
|turn|20
|
|t:|1779916574
|move|p1a: Rillaboom|Grassy Glide|p2a: Ogerpon
|-damage|p2a: Ogerpon|34/100
|-damage|p1a: Rillaboom|58/100|[from] item: Life Orb
|move|p2a: Ogerpon|Knock Off|p1a: Rillaboom
|-damage|p1a: Rillaboom|16/100
|-enditem|p1a: Rillaboom|Life Orb|[from] move: Knock Off|[of] p2a: Ogerpon
|
|-heal|p2a: Ogerpon|40/100|[from] Grassy Terrain
|-heal|p1a: Rillaboom|22/100|[from] Grassy Terrain
|upkeep
|turn|21
|l| yuureisuisei
|
|t:|1779916577
|move|p1a: Rillaboom|Grassy Glide|p2a: Ogerpon
|-damage|p2a: Ogerpon|0 fnt
|faint|p2a: Ogerpon
|
|win|noobishtrainerjoe
|raw|noobishtrainerjoe's rating: 1578 &rarr; <strong>1598</strong><br />(+20 for winning)
|raw|MeioPotato's rating: 1577 &rarr; <strong>1557</strong><br />(-20 for losing)
|c|☆noobishtrainerjoe|gg
|l|☆MeioPotato
|player|p2|
|l|☆noobishtrainerjoe
|player|p1|
