|j|☆pokemaster3592
|j|☆fatpig156
|t:|1779912320
|gametype|singles
|player|p1|pokemaster3592|volkner|1156
|player|p2|fatpig156|170|1209
|gen|9
|tier|[Gen 9] OU
|rated|
|rule|HP Percentage Mod: HP is shown in percentages
|rule|Endless Battle Clause: Forcing endless battles is banned
|rule|Species Clause: Limit one of each Pokémon
|rule|OHKO Clause: OHKO moves are banned
|rule|Evasion Items Clause: Evasion items are banned
|rule|Evasion Moves Clause: Evasion moves are banned
|rule|Evasion Abilities Clause: Evasion abilities are banned
|rule|Sleep Moves Clause: Sleep-inducing moves are banned
|clearpoke
|poke|p1|Flareon, F|
|poke|p1|Umbreon, M|
|poke|p1|Sylveon, F|
|poke|p1|Vaporeon, F|
|poke|p1|Glaceon, F|
|poke|p1|Jolteon, F|
|poke|p2|Regieleki|
|poke|p2|Landorus-Therian, M|
|poke|p2|Ogerpon-Wellspring, F|
|poke|p2|Samurott-Hisui, M|
|poke|p2|Kingambit, M|
|poke|p2|Iron Moth|
|teampreview
|inactive|Battle timer is ON: inactive players will automatically lose when time's up. (requested by fatpig156)
|
|t:|1779912329
|teamsize|p1|6
|teamsize|p2|6
|start
|switch|p1a: Jolteon|Jolteon, F|100/100
|switch|p2a: Landorus|Landorus-Therian, M|100/100
|-ability|p2a: Landorus|Intimidate|boost
|-unboost|p1a: Jolteon|atk|1
|turn|1
|
|t:|1779912339
|switch|p1a: Vaporeon|Vaporeon, F|100/100
|move|p2a: Landorus|Stealth Rock|p1a: Vaporeon
|-sidestart|p1: pokemaster3592|move: Stealth Rock
|
|upkeep
|turn|2
|
|t:|1779912347
|switch|p2a: Samurott|Samurott-Hisui, M|100/100
|move|p1a: Vaporeon|Ice Beam|p2a: Samurott
|-resisted|p2a: Samurott
|-damage|p2a: Samurott|92/100
|
|upkeep
|turn|3
|
|t:|1779912373
|switch|p1a: Sylveon|Sylveon, F, shiny|100/100
|-damage|p1a: Sylveon|88/100|[from] Stealth Rock
|move|p2a: Samurott|Ceaseless Edge|p1a: Sylveon
|-resisted|p1a: Sylveon
|-damage|p1a: Sylveon|60/100
|-sidestart|p1: pokemaster3592|Spikes
|
|upkeep
|turn|4
|
|t:|1779912390
|switch|p2a: Kingambit|Kingambit, M|100/100
|move|p1a: Sylveon|Hyper Voice|p2a: Kingambit
|-damage|p2a: Kingambit|51/100
|-enditem|p1a: Sylveon|Throat Spray
|-boost|p1a: Sylveon|spa|1|[from] item: Throat Spray
|
|upkeep
|turn|5
|
|t:|1779912394
|-terastallize|p1a: Sylveon|Water
|move|p1a: Sylveon|Hyper Voice|p2a: Kingambit
|-damage|p2a: Kingambit|0 fnt
|faint|p2a: Kingambit
|-end|p2a: Kingambit|fallenundefined|[silent]
|
|upkeep
|
|t:|1779912401
|switch|p2a: Regieleki|Regieleki|100/100
|turn|6
|
|t:|1779912403
|move|p2a: Regieleki|Volt Switch|p1a: Sylveon
|-supereffective|p1a: Sylveon
|-damage|p1a: Sylveon|0 fnt
|faint|p1a: Sylveon
|
|t:|1779912407
|switch|p2a: Landorus|Landorus-Therian, M|100/100|[from] Volt Switch
|
|upkeep
|
|t:|1779912410
|switch|p1a: Glaceon|Glaceon, F|100/100
|-damage|p1a: Glaceon|76/100|[from] Stealth Rock
|-damage|p1a: Glaceon|63/100|[from] Spikes
|turn|7
|
|t:|1779912414
|switch|p2a: Samurott|Samurott-Hisui, M|92/100
|move|p1a: Glaceon|Freeze-Dry|p2a: Samurott
|-supereffective|p2a: Samurott
|-damage|p2a: Samurott|31/100
|
|upkeep
|turn|8
|
|t:|1779912421
|move|p2a: Samurott|Ceaseless Edge|p1a: Glaceon
|-damage|p1a: Glaceon|24/100
|-sidestart|p1: pokemaster3592|Spikes
|move|p1a: Glaceon|Freeze-Dry|p2a: Samurott
|-supereffective|p2a: Samurott
|-damage|p2a: Samurott|0 fnt
|faint|p2a: Samurott
|
|upkeep
|
|t:|1779912426
|switch|p2a: Regieleki|Regieleki|100/100
|turn|9
|
|t:|1779912428
|switch|p1a: Jolteon|Jolteon, F|100/100
|-damage|p1a: Jolteon|88/100|[from] Stealth Rock
|-damage|p1a: Jolteon|71/100|[from] Spikes
|move|p2a: Regieleki|Volt Switch|p1a: Jolteon
|-heal|p1a: Jolteon|96/100|[from] ability: Volt Absorb|[of] p2a: Regieleki
|
|upkeep
|turn|10
|
|t:|1779912439
|switch|p2a: Landorus|Landorus-Therian, M|100/100
|-ability|p2a: Landorus|Intimidate|boost
|-unboost|p1a: Jolteon|atk|1
|move|p1a: Jolteon|Shadow Ball|p2a: Landorus
|-damage|p2a: Landorus|62/100
|
|upkeep
|turn|11
|
|t:|1779912446
|switch|p1a: Glaceon|Glaceon, F|24/100
|-damage|p1a: Glaceon|0 fnt|[from] Stealth Rock
|faint|p1a: Glaceon
|move|p2a: Landorus|Earthquake|p1: Glaceon|[notarget]
|-fail|p2a: Landorus
|
|upkeep
|
|t:|1779912453
|switch|p1a: Vaporeon|Vaporeon, F|100/100
|-damage|p1a: Vaporeon|88/100|[from] Stealth Rock
|-damage|p1a: Vaporeon|71/100|[from] Spikes
|turn|12
|
|t:|1779912458
|switch|p2a: Ogerpon|Ogerpon-Wellspring, F|100/100
|move|p1a: Vaporeon|Wish|p1a: Vaporeon
|
|-heal|p1a: Vaporeon|78/100|[from] item: Leftovers
|upkeep
|turn|13
|
|t:|1779912463
|switch|p1a: Umbreon|Umbreon, M, shiny|100/100
|-damage|p1a: Umbreon|88/100|[from] Stealth Rock
|-damage|p1a: Umbreon|72/100|[from] Spikes
|move|p2a: Ogerpon|Power Whip|p1a: Umbreon
|-damage|p1a: Umbreon|29/100
|
|-heal|p1a: Umbreon|88/100|[from] move: Wish|[wisher] Vaporeon
|-heal|p1a: Umbreon|94/100|[from] item: Leftovers
|upkeep
|turn|14
|
|t:|1779912470
|move|p2a: Ogerpon|U-turn|p1a: Umbreon
|-supereffective|p1a: Umbreon
|-damage|p1a: Umbreon|61/100
|
|t:|1779912474
|switch|p2a: Iron Moth|Iron Moth|100/100|[from] U-turn
|-enditem|p2a: Iron Moth|Booster Energy
|-activate|p2a: Iron Moth|ability: Quark Drive|[fromitem]
|-start|p2a: Iron Moth|quarkdrivespa
|move|p1a: Umbreon|Toxic|p2a: Iron Moth
|-immune|p2a: Iron Moth
|
|-heal|p1a: Umbreon|67/100|[from] item: Leftovers
|upkeep
|turn|15
|
|t:|1779912480
|move|p2a: Iron Moth|Substitute|p2a: Iron Moth
|-start|p2a: Iron Moth|Substitute
|-damage|p2a: Iron Moth|76/100
|move|p1a: Umbreon|Foul Play|p2a: Iron Moth
|-end|p2a: Iron Moth|Substitute
|
|-heal|p1a: Umbreon|73/100|[from] item: Leftovers
|upkeep
|turn|16
|
|t:|1779912485
|move|p2a: Iron Moth|Fiery Dance|p1a: Umbreon
|-damage|p1a: Umbreon|37/100
|-boost|p2a: Iron Moth|spa|1
|move|p1a: Umbreon|Wish|p1a: Umbreon
|
|-heal|p1a: Umbreon|43/100|[from] item: Leftovers
|upkeep
|turn|17
|
|t:|1779912493
|move|p2a: Iron Moth|Fiery Dance|p1a: Umbreon
|-damage|p1a: Umbreon|0 fnt
|faint|p1a: Umbreon
|
|upkeep
|
|t:|1779912497
|switch|p1a: Vaporeon|Vaporeon, F|78/100
|-damage|p1a: Vaporeon|65/100|[from] Stealth Rock
|-damage|p1a: Vaporeon|49/100|[from] Spikes
|turn|18
|
|t:|1779912500
|move|p1a: Vaporeon|Protect|p1a: Vaporeon
|-singleturn|p1a: Vaporeon|Protect
|move|p2a: Iron Moth|Sludge Wave|p1a: Vaporeon
|-activate|p1a: Vaporeon|move: Protect
|
|-heal|p1a: Vaporeon|55/100|[from] item: Leftovers
|upkeep
|turn|19
|
|t:|1779912503
|move|p2a: Iron Moth|Sludge Wave|p1a: Vaporeon
|-damage|p1a: Vaporeon|0 fnt
|faint|p1a: Vaporeon
|
|upkeep
|
|t:|1779912506
|switch|p1a: Jolteon|Jolteon, F|96/100
|-damage|p1a: Jolteon|84/100|[from] Stealth Rock
|-damage|p1a: Jolteon|67/100|[from] Spikes
|turn|20
|
|t:|1779912510
|move|p1a: Jolteon|Thunderbolt|p2a: Iron Moth
|-damage|p2a: Iron Moth|9/100
|move|p2a: Iron Moth|Fiery Dance|p1a: Jolteon
|-damage|p1a: Jolteon|0 fnt
|-boost|p2a: Iron Moth|spa|1
|faint|p1a: Jolteon
|
|upkeep
|
|t:|1779912512
|switch|p1a: Flareon|Flareon, F|100/100
|-damage|p1a: Flareon|75/100|[from] Stealth Rock
|-damage|p1a: Flareon|59/100|[from] Spikes
|turn|21
|
|t:|1779912515
|move|p1a: Flareon|Protect|p1a: Flareon
|-singleturn|p1a: Flareon|Protect
|move|p2a: Iron Moth|Sludge Wave|p1a: Flareon
|-activate|p1a: Flareon|move: Protect
|
|upkeep
|turn|22
|
|t:|1779912520
|move|p2a: Iron Moth|Sludge Wave|p1a: Flareon
|-damage|p1a: Flareon|0 fnt
|faint|p1a: Flareon
|
|win|fatpig156
|raw|pokemaster3592's rating: 1156 &rarr; <strong>1136</strong><br />(-20 for losing)
|raw|fatpig156's rating: 1232 &rarr; <strong>1252</strong><br />(+20 for winning)
|l|☆fatpig156
|player|p2|
|l|☆pokemaster3592
|player|p1|
