|j|☆klopkik
|j|☆t0usei
|t:|1779964684
|gametype|singles
|player|p1|klopkik|101|1582
|player|p2|t0usei|ghetsis|1521
|gen|9
|tier|[Gen 9] OU
|rated|
|rule|HP Percentage Mod: HP is shown in percentages
|rule|Endless Battle Clause: Forcing endless battles is banned
|rule|Species Clause: Limit one of each Pokémon
|rule|OHKO Clause: OHKO moves are banned
|rule|Evasion Items Clause: Evasion items are banned
|rule|Evasion Moves Clause: Evasion moves are banned
|rule|Evasion Abilities Clause: Evasion abilities are banned
|rule|Sleep Moves Clause: Sleep-inducing moves are banned
|clearpoke
|poke|p1|Ursaluna, M|
|poke|p1|Toxapex, F|
|poke|p1|Heatran, M|
|poke|p1|Hydreigon, F|
|poke|p1|Hatterene, F|
|poke|p1|Zapdos-Galar|
|poke|p2|Pelipper, L99, F|
|poke|p2|Barraskewda, F|
|poke|p2|Raging Bolt|
|poke|p2|Golduck, F|
|poke|p2|Iron Treads|
|poke|p2|Iron Valiant|
|teampreview
|inactive|Battle timer is ON: inactive players will automatically lose when time's up. (requested by t0usei)
|
|t:|1779964714
|teamsize|p1|6
|teamsize|p2|6
|start
|switch|p1a: Hydreigon|Hydreigon, F|100/100
|switch|p2a: Pelipper|Pelipper, L99, F|100/100
|-weather|RainDance|[from] ability: Drizzle|[of] p2a: Pelipper
|turn|1
|
|t:|1779964724
|switch|p1a: Ursaluna|Ursaluna, M|100/100
|switch|p2a: Iron Valiant|Iron Valiant|100/100
|-enditem|p2a: Iron Valiant|Booster Energy
|-activate|p2a: Iron Valiant|ability: Quark Drive|[fromitem]
|-start|p2a: Iron Valiant|quarkdrivespe
|
|-weather|RainDance|[upkeep]
|-status|p1a: Ursaluna|brn|[from] item: Flame Orb
|upkeep
|turn|2
|
|t:|1779964735
|switch|p1a: Toxapex|Toxapex, F|100/100
|move|p2a: Iron Valiant|Close Combat|p1a: Toxapex
|-resisted|p1a: Toxapex
|-damage|p1a: Toxapex|75/100
|-unboost|p2a: Iron Valiant|def|1
|-unboost|p2a: Iron Valiant|spd|1
|-enditem|p1a: Toxapex|Eject Button
|
|t:|1779964746
|switch|p1a: Hatterene|Hatterene, F|100/100
|
|-weather|RainDance|[upkeep]
|upkeep
|turn|3
|
|t:|1779964755
|move|p2a: Iron Valiant|Liquidation|p1a: Hatterene
|-damage|p1a: Hatterene|66/100
|move|p1a: Hatterene|Calm Mind|p1a: Hatterene
|-boost|p1a: Hatterene|spa|1
|-boost|p1a: Hatterene|spd|1
|
|-weather|RainDance|[upkeep]
|-heal|p1a: Hatterene|72/100|[from] item: Leftovers
|upkeep
|turn|4
|
|t:|1779964763
|move|p2a: Iron Valiant|Liquidation|p1a: Hatterene
|-damage|p1a: Hatterene|35/100
|-unboost|p1a: Hatterene|def|1
|move|p1a: Hatterene|Draining Kiss|p2a: Iron Valiant
|-supereffective|p2a: Iron Valiant
|-damage|p2a: Iron Valiant|0 fnt
|-heal|p1a: Hatterene|100/100|[from] drain|[of] p2a: Iron Valiant
|faint|p2a: Iron Valiant
|-end|p2a: Iron Valiant|Quark Drive|[silent]
|
|-weather|RainDance|[upkeep]
|upkeep
|
|t:|1779964769
|switch|p2a: Barraskewda|Barraskewda, F, shiny|100/100
|turn|5
|
|t:|1779964778
|switch|p1a: Toxapex|Toxapex, F|100/100
|move|p2a: Barraskewda|Liquidation|p1a: Toxapex
|-resisted|p1a: Toxapex
|-damage|p1a: Toxapex|67/100
|
|-weather|RainDance|[upkeep]
|upkeep
|turn|6
|
|t:|1779964788
|switch|p2a: Iron Treads|Iron Treads|100/100
|move|p1a: Toxapex|Recover|p1a: Toxapex
|-heal|p1a: Toxapex|100/100
|
|-weather|RainDance|[upkeep]
|upkeep
|turn|7
|
|t:|1779964802
|switch|p1a: Hatterene|Hatterene, F|100/100
|move|p2a: Iron Treads|Knock Off|p1a: Hatterene
|-damage|p1a: Hatterene|80/100
|-enditem|p1a: Hatterene|Leftovers|[from] move: Knock Off|[of] p2a: Iron Treads
|
|-weather|RainDance|[upkeep]
|upkeep
|turn|8
|
|t:|1779964809
|move|p2a: Iron Treads|Earthquake|p1a: Hatterene
|-damage|p1a: Hatterene|50/100
|move|p1a: Hatterene|Calm Mind|p1a: Hatterene
|-boost|p1a: Hatterene|spa|1
|-boost|p1a: Hatterene|spd|1
|
|-weather|none
|upkeep
|turn|9
|
|t:|1779964814
|move|p2a: Iron Treads|Earthquake|p1a: Hatterene
|-damage|p1a: Hatterene|19/100
|move|p1a: Hatterene|Pain Split|p2a: Iron Treads
|-sethp|p2a: Iron Treads|58/100|[from] move: Pain Split|[silent]
|-sethp|p1a: Hatterene|70/100|[from] move: Pain Split
|
|upkeep
|turn|10
|
|t:|1779964818
|switch|p1a: Zapdos|Zapdos-Galar|100/100
|move|p2a: Iron Treads|Earthquake|p1a: Zapdos
|-immune|p1a: Zapdos
|
|upkeep
|turn|11
|
|t:|1779964831
|-end|p2a: Iron Treads|Quark Drive|[silent]
|switch|p2a: Pelipper|Pelipper, L99, F|100/100
|-weather|RainDance|[from] ability: Drizzle|[of] p2a: Pelipper
|move|p1a: Zapdos|U-turn|p2a: Pelipper
|-resisted|p2a: Pelipper
|-damage|p2a: Pelipper|91/100
|
|t:|1779964839
|switch|p1a: Hydreigon|Hydreigon, F|100/100|[from] U-turn
|
|-weather|RainDance|[upkeep]
|upkeep
|turn|12
|
|t:|1779964844
|move|p1a: Hydreigon|Draco Meteor|p2a: Pelipper
|-damage|p2a: Pelipper|0 fnt
|-unboost|p1a: Hydreigon|spa|2
|faint|p2a: Pelipper
|
|-weather|RainDance|[upkeep]
|upkeep
|
|t:|1779964849
|switch|p2a: Barraskewda|Barraskewda, F, shiny|100/100
|turn|13
|
|t:|1779964856
|switch|p1a: Toxapex|Toxapex, F|100/100
|move|p2a: Barraskewda|Flip Turn|p1a: Toxapex
|-resisted|p1a: Toxapex
|-damage|p1a: Toxapex|76/100
|
|t:|1779964858
|switch|p2a: Raging Bolt|Raging Bolt|100/100|[from] Flip Turn
|
|-weather|RainDance|[upkeep]
|upkeep
|turn|14
|
|t:|1779964868
|-terastallize|p1a: Toxapex|Fairy
|move|p2a: Raging Bolt|Thunder|p1a: Toxapex
|-damage|p1a: Toxapex|34/100
|move|p1a: Toxapex|Toxic|p2a: Raging Bolt
|-status|p2a: Raging Bolt|tox
|
|-weather|RainDance|[upkeep]
|-damage|p2a: Raging Bolt|94/100 tox|[from] psn
|upkeep
|turn|15
|
|t:|1779964878
|switch|p1a: Heatran|Heatran, M|100/100
|-item|p1a: Heatran|Air Balloon
|move|p2a: Raging Bolt|Weather Ball|p1a: Heatran
|-supereffective|p1a: Heatran
|-crit|p1a: Heatran
|-damage|p1a: Heatran|0 fnt
|-enditem|p1a: Heatran|Air Balloon
|faint|p1a: Heatran
|
|-weather|RainDance|[upkeep]
|-heal|p2a: Raging Bolt|100/100 tox|[from] item: Leftovers
|-damage|p2a: Raging Bolt|88/100 tox|[from] psn
|upkeep
|inactive|klopkik has 120 seconds left.
|
|t:|1779964908
|switch|p1a: Hydreigon|Hydreigon, F|100/100
|turn|16
|
|t:|1779964917
|-terastallize|p2a: Raging Bolt|Fairy
|move|p1a: Hydreigon|Draco Meteor|p2a: Raging Bolt
|-immune|p2a: Raging Bolt
|move|p2a: Raging Bolt|Draco Meteor|p1a: Hydreigon
|-supereffective|p1a: Hydreigon
|-crit|p1a: Hydreigon
|-damage|p1a: Hydreigon|0 fnt
|-unboost|p2a: Raging Bolt|spa|2
|faint|p1a: Hydreigon
|
|-weather|RainDance|[upkeep]
|-heal|p2a: Raging Bolt|94/100 tox|[from] item: Leftovers
|-damage|p2a: Raging Bolt|76/100 tox|[from] psn
|upkeep
|inactive|klopkik has 120 seconds left.
|
|t:|1779964943
|switch|p1a: Ursaluna|Ursaluna, M|100/100 brn
|turn|17
|
|t:|1779964948
|-end|p2a: Raging Bolt|Protosynthesis|[silent]
|switch|p2a: Iron Treads|Iron Treads|58/100
|switch|p1a: Toxapex|Toxapex, F, tera:Fairy|67/100
|
|-weather|RainDance|[upkeep]
|upkeep
|turn|18
|
|t:|1779964952
|switch|p1a: Hatterene|Hatterene, F|70/100
|move|p2a: Iron Treads|Earthquake|p1a: Hatterene
|-damage|p1a: Hatterene|39/100
|
|-weather|none
|upkeep
|turn|19
|
|t:|1779964959
|move|p2a: Iron Treads|Earthquake|p1a: Hatterene
|-damage|p1a: Hatterene|11/100
|move|p1a: Hatterene|Pain Split|p2a: Iron Treads
|-sethp|p2a: Iron Treads|34/100|[from] move: Pain Split|[silent]
|-sethp|p1a: Hatterene|40/100|[from] move: Pain Split
|
|upkeep
|turn|20
|
|t:|1779964963
|switch|p1a: Zapdos|Zapdos-Galar|100/100
|move|p2a: Iron Treads|Earthquake|p1a: Zapdos
|-immune|p1a: Zapdos
|
|upkeep
|turn|21
|
|t:|1779964968
|move|p1a: Zapdos|Close Combat|p2a: Iron Treads
|-supereffective|p2a: Iron Treads
|-damage|p2a: Iron Treads|0 fnt
|-unboost|p1a: Zapdos|def|1
|-unboost|p1a: Zapdos|spd|1
|faint|p2a: Iron Treads
|-end|p2a: Iron Treads|Quark Drive|[silent]
|
|upkeep
|
|t:|1779964974
|switch|p2a: Barraskewda|Barraskewda, F, shiny|100/100
|turn|22
|
|t:|1779964981
|move|p1a: Zapdos|Close Combat|p2a: Barraskewda
|-damage|p2a: Barraskewda|0 fnt
|-unboost|p1a: Zapdos|def|1
|-unboost|p1a: Zapdos|spd|1
|faint|p2a: Barraskewda
|
|upkeep
|
|t:|1779964986
|switch|p2a: Raging Bolt|Raging Bolt, tera:Fairy|76/100 tox
|turn|23
|
|t:|1779964993
|switch|p1a: Toxapex|Toxapex, F, tera:Fairy|100/100
|move|p2a: Raging Bolt|Thunder|p1a: Toxapex
|-damage|p1a: Toxapex|63/100
|
|-heal|p2a: Raging Bolt|82/100 tox|[from] item: Leftovers
|-damage|p2a: Raging Bolt|76/100 tox|[from] psn
|upkeep
|turn|24
|
|t:|1779965001
|move|p2a: Raging Bolt|Thunder|p1a: Toxapex
|-damage|p1a: Toxapex|23/100
|move|p1a: Toxapex|Recover|p1a: Toxapex
|-heal|p1a: Toxapex|73/100
|
|-heal|p2a: Raging Bolt|82/100 tox|[from] item: Leftovers
|-damage|p2a: Raging Bolt|70/100 tox|[from] psn
|upkeep
|turn|25
|
|t:|1779965006
|-end|p2a: Raging Bolt|Protosynthesis|[silent]
|switch|p2a: Golduck|Golduck, F, shiny|100/100
|switch|p1a: Ursaluna|Ursaluna, M|100/100 brn
|
|-damage|p1a: Ursaluna|94/100 brn|[from] brn
|upkeep
|turn|26
|
|t:|1779965013
|move|p2a: Golduck|Nasty Plot|p2a: Golduck
|-boost|p2a: Golduck|spa|2
|move|p1a: Ursaluna|Facade|p2a: Golduck
|-damage|p2a: Golduck|0 fnt
|faint|p2a: Golduck
|
|-damage|p1a: Ursaluna|88/100 brn|[from] brn
|upkeep
|-message|t0usei forfeited.
|
|win|klopkik
|raw|klopkik's rating: 1582 &rarr; <strong>1599</strong><br />(+17 for winning)
|raw|t0usei's rating: 1521 &rarr; <strong>1504</strong><br />(-17 for losing)
|l|☆t0usei
|player|p2|
|l|☆klopkik
|player|p1|
