|j|☆amacklai
|j|☆BiggieChed66
|t:|1779842464
|gametype|singles
|player|p1|amacklai|169|1199
|player|p2|BiggieChed66|ghetsis-gen5bw|1267
|gen|9
|tier|[Gen 9] OU
|rated|
|rule|HP Percentage Mod: HP is shown in percentages
|rule|Endless Battle Clause: Forcing endless battles is banned
|rule|Species Clause: Limit one of each Pokémon
|rule|OHKO Clause: OHKO moves are banned
|rule|Evasion Items Clause: Evasion items are banned
|rule|Evasion Moves Clause: Evasion moves are banned
|rule|Evasion Abilities Clause: Evasion abilities are banned
|rule|Sleep Moves Clause: Sleep-inducing moves are banned
|clearpoke
|poke|p1|Talonflame, F|
|poke|p1|Tatsugiri-Stretchy, F|
|poke|p1|Mamoswine, M|
|poke|p1|Mimikyu, M|
|poke|p1|Glimmora, M|
|poke|p1|Gallade, M|
|poke|p2|Gholdengo|
|poke|p2|Iron Treads|
|poke|p2|Moltres|
|poke|p2|Zamazenta-*|
|poke|p2|Samurott-Hisui, F|
|poke|p2|Garganacl, M|
|teampreview
|inactive|Battle timer is ON: inactive players will automatically lose when time's up. (requested by BiggieChed66)
|
|t:|1779842487
|teamsize|p1|6
|teamsize|p2|6
|start
|switch|p1a: Gallade|Gallade, M|100/100
|switch|p2a: Samurott|Samurott-Hisui, F|100/100
|turn|1
|
|t:|1779842510
|move|p2a: Samurott|Ceaseless Edge|p1a: Gallade
|-damage|p1a: Gallade|32/100
|-sidestart|p1: amacklai|Spikes
|move|p1a: Gallade|Agility|p1a: Gallade
|-boost|p1a: Gallade|spe|2
|
|upkeep
|turn|2
|
|t:|1779842520
|move|p2a: Samurott|Sucker Punch|p1a: Gallade
|-damage|p1a: Gallade|0 fnt
|faint|p1a: Gallade
|
|upkeep
|
|t:|1779842541
|switch|p1a: Mamoswine|Mamoswine, M|100/100
|-damage|p1a: Mamoswine|88/100|[from] Spikes
|turn|3
|
|t:|1779842556
|move|p2a: Samurott|Sacred Sword|p1a: Mamoswine
|-supereffective|p1a: Mamoswine
|-damage|p1a: Mamoswine|0 fnt
|faint|p1a: Mamoswine
|
|upkeep
|
|t:|1779842564
|switch|p1a: Mimikyu|Mimikyu, M|100/100
|-damage|p1a: Mimikyu|88/100|[from] Spikes
|turn|4
|
|t:|1779842570
|move|p1a: Mimikyu|Bulk Up|p1a: Mimikyu
|-boost|p1a: Mimikyu|atk|1
|-boost|p1a: Mimikyu|def|1
|move|p2a: Samurott|Ceaseless Edge|p1a: Mimikyu
|-activate|p1a: Mimikyu|ability: Disguise
|-damage|p1a: Mimikyu|88/100
|-sidestart|p1: amacklai|Spikes
|detailschange|p1a: Mimikyu|Mimikyu-Busted, M
|-damage|p1a: Mimikyu|76/100|[from] pokemon: Mimikyu-Busted
|-enditem|p1a: Mimikyu|Red Card|[of] p2a: Samurott
|drag|p2a: Garganacl|Garganacl, M|100/100
|
|upkeep
|turn|5
|
|t:|1779842585
|move|p1a: Mimikyu|Bulk Up|p1a: Mimikyu
|-boost|p1a: Mimikyu|atk|1
|-boost|p1a: Mimikyu|def|1
|move|p2a: Garganacl|Salt Cure|p1a: Mimikyu
|-damage|p1a: Mimikyu|65/100
|-start|p1a: Mimikyu|Salt Cure
|
|-damage|p1a: Mimikyu|52/100|[from] Salt Cure
|upkeep
|turn|6
|
|t:|1779842594
|move|p2a: Garganacl|Protect|p2a: Garganacl
|-singleturn|p2a: Garganacl|Protect
|move|p1a: Mimikyu|Bulk Up|p1a: Mimikyu
|-boost|p1a: Mimikyu|atk|1
|-boost|p1a: Mimikyu|def|1
|
|-damage|p1a: Mimikyu|40/100|[from] Salt Cure
|upkeep
|turn|7
|
|t:|1779842604
|-terastallize|p1a: Mimikyu|Fighting
|move|p1a: Mimikyu|Drain Punch|p2a: Garganacl
|-supereffective|p2a: Garganacl
|-damage|p2a: Garganacl|0 fnt
|-heal|p1a: Mimikyu|100/100|[from] drain|[of] p2a: Garganacl
|faint|p2a: Garganacl
|
|-damage|p1a: Mimikyu|88/100|[from] Salt Cure
|upkeep
|
|t:|1779842611
|switch|p2a: Gholdengo|Gholdengo|100/100
|turn|8
|
|t:|1779842617
|move|p1a: Mimikyu|Shadow Sneak|p2a: Gholdengo
|-supereffective|p2a: Gholdengo
|-damage|p2a: Gholdengo|17/100
|move|p2a: Gholdengo|Make It Rain|p1a: Mimikyu
|-damage|p1a: Mimikyu|5/100
|-unboost|p2a: Gholdengo|spa|1
|
|-damage|p1a: Mimikyu|0 fnt|[from] Salt Cure
|faint|p1a: Mimikyu
|upkeep
|
|t:|1779842634
|switch|p1a: Glimmora|Glimmora, M|100/100
|-damage|p1a: Glimmora|84/100|[from] Spikes
|turn|9
|
|t:|1779842639
|move|p2a: Gholdengo|Make It Rain|p1a: Glimmora
|-supereffective|p1a: Glimmora
|-damage|p1a: Glimmora|0 fnt
|-unboost|p2a: Gholdengo|spa|1
|faint|p1a: Glimmora
|
|upkeep
|
|t:|1779842647
|switch|p1a: Talonflame|Talonflame, F|100/100
|turn|10
|
|t:|1779842652
|switch|p2a: Samurott|Samurott-Hisui, F|100/100
|move|p1a: Talonflame|Overheat|p2a: Samurott
|-resisted|p2a: Samurott
|-damage|p2a: Samurott|83/100
|-unboost|p1a: Talonflame|spa|2
|
|upkeep
|turn|11
|
|t:|1779842660
|switch|p1a: Tatsugiri|Tatsugiri-Stretchy, F|100/100
|move|p2a: Samurott|Ceaseless Edge|p1a: Tatsugiri
|-damage|p1a: Tatsugiri|15/100
|-sidestart|p1: amacklai|Spikes
|
|upkeep
|turn|12
|-message|amacklai forfeited.
|
|win|BiggieChed66
|raw|amacklai's rating: 1199 &rarr; <strong>1179</strong><br />(-20 for losing)
|raw|BiggieChed66's rating: 1267 &rarr; <strong>1287</strong><br />(+20 for winning)
|l|☆amacklai
|player|p1|
|l|☆BiggieChed66
|player|p2|
