|j|☆Dr.Px
|j|☆spicychickenman
|t:|1779872473
|gametype|singles
|player|p1|Dr.Px|lance|1455
|player|p2|spicychickenman|veteran|1452
|gen|9
|tier|[Gen 9] OU
|rated|
|rule|HP Percentage Mod: HP is shown in percentages
|rule|Endless Battle Clause: Forcing endless battles is banned
|rule|Species Clause: Limit one of each Pokémon
|rule|OHKO Clause: OHKO moves are banned
|rule|Evasion Items Clause: Evasion items are banned
|rule|Evasion Moves Clause: Evasion moves are banned
|rule|Evasion Abilities Clause: Evasion abilities are banned
|rule|Sleep Moves Clause: Sleep-inducing moves are banned
|clearpoke
|poke|p1|Darkrai|
|poke|p1|Samurott-Hisui, F|
|poke|p1|Latios, M|
|poke|p1|Pecharunt|
|poke|p1|Zamazenta-*|
|poke|p1|Landorus-Therian, M|
|poke|p2|Deoxys-Speed|
|poke|p2|Iron Valiant|
|poke|p2|Kingambit, M|
|poke|p2|Ceruledge, M|
|poke|p2|Dragonite, M|
|poke|p2|Raging Bolt|
|teampreview
|inactive|Battle timer is ON: inactive players will automatically lose when time's up. (requested by Dr.Px)
|
|t:|1779872506
|teamsize|p1|6
|teamsize|p2|6
|start
|switch|p1a: Samurott|Samurott-Hisui, F|100/100
|switch|p2a: CRASH OUT|Iron Valiant|100/100
|-enditem|p2a: CRASH OUT|Booster Energy
|-activate|p2a: CRASH OUT|ability: Quark Drive|[fromitem]
|-start|p2a: CRASH OUT|quarkdrivespe
|turn|1
|
|t:|1779872513
|switch|p1a: Pecharunt|Pecharunt|100/100
|move|p2a: CRASH OUT|Moonblast|p1a: Pecharunt
|-resisted|p1a: Pecharunt
|-damage|p1a: Pecharunt|82/100
|
|upkeep
|turn|2
|
|t:|1779872541
|-end|p2a: CRASH OUT|Quark Drive|[silent]
|switch|p2a: STAND ON BIZ|Kingambit, M|100/100
|move|p1a: Pecharunt|Malignant Chain|p2a: STAND ON BIZ
|-immune|p2a: STAND ON BIZ
|
|upkeep
|turn|3
|
|t:|1779872553
|-end|p2a: STAND ON BIZ|fallenundefined|[silent]
|switch|p2a: METROOO|Deoxys-Speed|100/100
|-ability|p2a: METROOO|Pressure
|move|p1a: Pecharunt|Parting Shot|p2a: METROOO
|-unboost|p2a: METROOO|atk|1
|-unboost|p2a: METROOO|spa|1
|
|t:|1779872557
|switch|p1a: Samurott|Samurott-Hisui, F|100/100|[from] Parting Shot
|
|upkeep
|turn|4
|
|t:|1779872568
|move|p2a: METROOO|Superpower|p1a: Samurott
|-supereffective|p1a: Samurott
|-damage|p1a: Samurott|62/100
|-unboost|p2a: METROOO|atk|1
|-unboost|p2a: METROOO|def|1
|-enditem|p2a: METROOO|Eject Pack
|
|t:|1779872582
|switch|p2a: CATCH A FADE|Raging Bolt|100/100
|-enditem|p2a: CATCH A FADE|Booster Energy
|-activate|p2a: CATCH A FADE|ability: Protosynthesis|[fromitem]
|-start|p2a: CATCH A FADE|protosynthesisspa
|move|p1a: Samurott|Ceaseless Edge|p2a: CATCH A FADE
|-damage|p2a: CATCH A FADE|60/100
|-sidestart|p2: spicychickenman|Spikes
|
|upkeep
|turn|5
|
|t:|1779872594
|switch|p1a: Landorus|Landorus-Therian, M|100/100
|-ability|p1a: Landorus|Intimidate|boost
|-unboost|p2a: CATCH A FADE|atk|1
|move|p2a: CATCH A FADE|Dragon Pulse|p1a: Landorus
|-damage|p1a: Landorus|25/100
|
|upkeep
|turn|6
|
|t:|1779872607
|-end|p2a: CATCH A FADE|Protosynthesis|[silent]
|switch|p2a: BIG STEPPA|Dragonite, M|100/100
|move|p1a: Landorus|Earthquake|p2a: BIG STEPPA
|-immune|p2a: BIG STEPPA
|
|upkeep
|turn|7
|
|t:|1779872614
|move|p2a: BIG STEPPA|Extreme Speed|p1a: Landorus
|-crit|p1a: Landorus
|-damage|p1a: Landorus|0 fnt
|-damage|p2a: BIG STEPPA|84/100|[from] item: Rocky Helmet|[of] p1a: Landorus
|faint|p1a: Landorus
|
|upkeep
|
|t:|1779872643
|switch|p1a: Zamazenta|Zamazenta|100/100
|-ability|p1a: Zamazenta|Dauntless Shield|boost
|-boost|p1a: Zamazenta|def|1
|turn|8
|
|t:|1779872658
|move|p1a: Zamazenta|Ice Fang|p2a: BIG STEPPA
|-supereffective|p2a: BIG STEPPA
|-damage|p2a: BIG STEPPA|0 fnt
|faint|p2a: BIG STEPPA
|
|upkeep
|
|t:|1779872672
|switch|p2a: METROOO|Deoxys-Speed|100/100
|-damage|p2a: METROOO|88/100|[from] Spikes
|-ability|p2a: METROOO|Pressure
|turn|9
|
|t:|1779872679
|switch|p1a: Samurott|Samurott-Hisui, F|62/100
|move|p2a: METROOO|Superpower|p1a: Samurott
|-supereffective|p1a: Samurott
|-damage|p1a: Samurott|8/100
|-unboost|p2a: METROOO|atk|1
|-unboost|p2a: METROOO|def|1
|
|upkeep
|turn|10
|
|t:|1779872700
|switch|p2a: CATCH A FADE|Raging Bolt|60/100
|-damage|p2a: CATCH A FADE|48/100|[from] Spikes
|move|p1a: Samurott|Aqua Jet|p2a: CATCH A FADE
|-resisted|p2a: CATCH A FADE
|-damage|p2a: CATCH A FADE|39/100
|
|upkeep
|turn|11
|
|t:|1779872715
|move|p2a: CATCH A FADE|Thunderbolt|p1a: Samurott
|-supereffective|p1a: Samurott
|-damage|p1a: Samurott|0 fnt
|faint|p1a: Samurott
|
|upkeep
|
|t:|1779872720
|switch|p1a: Darkrai|Darkrai|100/100
|turn|12
|inactive|spicychickenman has 120 seconds left.
|inactive|spicychickenman has 90 seconds left.
|
|t:|1779872780
|-end|p2a: CATCH A FADE|Protosynthesis|[silent]
|switch|p2a: SHIESTY|Ceruledge, M|100/100
|-damage|p2a: SHIESTY|88/100|[from] Spikes
|move|p1a: Darkrai|Ice Beam|p2a: SHIESTY
|-resisted|p2a: SHIESTY
|-damage|p2a: SHIESTY|70/100
|
|upkeep
|turn|13
|inactive|spicychickenman has 90 seconds left.
|
|t:|1779872799
|-terastallize|p2a: SHIESTY|Fighting
|move|p1a: Darkrai|Dark Pulse|p2a: SHIESTY
|-resisted|p2a: SHIESTY
|-damage|p2a: SHIESTY|43/100
|cant|p2a: SHIESTY|flinch
|
|upkeep
|turn|14
|inactive|spicychickenman has 90 seconds left.
|
|t:|1779872810
|move|p1a: Darkrai|Psychic|p2a: SHIESTY
|-supereffective|p2a: SHIESTY
|-damage|p2a: SHIESTY|0 fnt
|faint|p2a: SHIESTY
|
|upkeep
|inactive|spicychickenman has 90 seconds left.
|
|t:|1779872830
|switch|p2a: CATCH A FADE|Raging Bolt|39/100
|-damage|p2a: CATCH A FADE|27/100|[from] Spikes
|turn|15
|
|t:|1779872837
|move|p2a: CATCH A FADE|Thunderclap|p1a: Darkrai
|-damage|p1a: Darkrai|48/100
|move|p1a: Darkrai|Ice Beam|p2a: CATCH A FADE
|-supereffective|p2a: CATCH A FADE
|-damage|p2a: CATCH A FADE|0 fnt
|faint|p2a: CATCH A FADE
|-end|p2a: CATCH A FADE|Protosynthesis|[silent]
|
|upkeep
|
|t:|1779872841
|switch|p2a: METROOO|Deoxys-Speed|88/100
|-damage|p2a: METROOO|76/100|[from] Spikes
|-ability|p2a: METROOO|Pressure
|turn|16
|
|t:|1779872848
|switch|p1a: Latios|Latios, M|100/100
|move|p2a: METROOO|Superpower|p1a: Latios
|-resisted|p1a: Latios
|-damage|p1a: Latios|84/100
|-unboost|p2a: METROOO|atk|1
|-unboost|p2a: METROOO|def|1
|
|upkeep
|turn|17
|inactive|spicychickenman has 90 seconds left.
|
|t:|1779872871
|move|p2a: METROOO|Stealth Rock|p1a: Latios
|-sidestart|p1: Dr.Px|move: Stealth Rock
|move|p1a: Latios|Draco Meteor|p2a: METROOO
|-damage|p2a: METROOO|0 fnt
|-unboost|p1a: Latios|spa|2
|faint|p2a: METROOO
|
|upkeep
|inactive|spicychickenman has 60 seconds left.
|
|t:|1779872906
|switch|p2a: STAND ON BIZ|Kingambit, M|100/100
|-damage|p2a: STAND ON BIZ|88/100|[from] Spikes
|-activate|p2a: STAND ON BIZ|ability: Supreme Overlord
|-start|p2a: STAND ON BIZ|fallen4|[silent]
|turn|18
|
|t:|1779872910
|switch|p1a: Pecharunt|Pecharunt|82/100
|move|p2a: STAND ON BIZ|Swords Dance|p2a: STAND ON BIZ
|-boost|p2a: STAND ON BIZ|atk|2
|
|upkeep
|turn|19
|
|t:|1779872915
|move|p1a: Pecharunt|Parting Shot|p2a: STAND ON BIZ
|-unboost|p2a: STAND ON BIZ|atk|1
|-unboost|p2a: STAND ON BIZ|spa|1
|
|t:|1779872918
|switch|p1a: Latios|Latios, M|84/100|[from] Parting Shot
|-damage|p1a: Latios|72/100|[from] Stealth Rock
|move|p2a: STAND ON BIZ|Swords Dance|p2a: STAND ON BIZ
|-boost|p2a: STAND ON BIZ|atk|2
|
|upkeep
|turn|20
|
|t:|1779872925
|switch|p1a: Pecharunt|Pecharunt|82/100
|move|p2a: STAND ON BIZ|Sucker Punch||[still]
|-fail|p2a: STAND ON BIZ
|
|upkeep
|turn|21
|
|t:|1779872930
|move|p1a: Pecharunt|Foul Play|p2a: STAND ON BIZ
|-resisted|p2a: STAND ON BIZ
|-damage|p2a: STAND ON BIZ|49/100
|move|p2a: STAND ON BIZ|Swords Dance|p2a: STAND ON BIZ
|-boost|p2a: STAND ON BIZ|atk|2
|
|upkeep
|turn|22
|
|t:|1779872936
|move|p2a: STAND ON BIZ|Sucker Punch|p1a: Pecharunt
|-supereffective|p1a: Pecharunt
|-damage|p1a: Pecharunt|0 fnt
|faint|p1a: Pecharunt
|
|upkeep
|
|t:|1779872938
|switch|p1a: Zamazenta|Zamazenta|100/100
|turn|23
|
|t:|1779872942
|move|p2a: STAND ON BIZ|Sucker Punch|p1a: Zamazenta
|-resisted|p1a: Zamazenta
|-damage|p1a: Zamazenta|0 fnt
|faint|p1a: Zamazenta
|
|upkeep
|-message|Dr.Px forfeited.
|
|win|spicychickenman
|raw|Dr.Px's rating: 1455 &rarr; <strong>1435</strong><br />(-20 for losing)
|raw|spicychickenman's rating: 1452 &rarr; <strong>1472</strong><br />(+20 for winning)
|l|☆Dr.Px
|player|p1|
|c|☆spicychickenman|haha
