|j|☆dsekop
|j|☆BugCatcherWeevil
|t:|1779865984
|gametype|singles
|player|p1|dsekop|unknown|1559
|player|p2|BugCatcherWeevil|265|1599
|gen|9
|tier|[Gen 9] OU
|rated|
|rule|HP Percentage Mod: HP is shown in percentages
|rule|Endless Battle Clause: Forcing endless battles is banned
|rule|Species Clause: Limit one of each Pokémon
|rule|OHKO Clause: OHKO moves are banned
|rule|Evasion Items Clause: Evasion items are banned
|rule|Evasion Moves Clause: Evasion moves are banned
|rule|Evasion Abilities Clause: Evasion abilities are banned
|rule|Sleep Moves Clause: Sleep-inducing moves are banned
|clearpoke
|poke|p1|Glimmora, M|
|poke|p1|Iron Treads|
|poke|p1|Polteageist-Antique|
|poke|p1|Raging Bolt|
|poke|p1|Dragonite, F|
|poke|p1|Zamazenta-*|
|poke|p2|Weavile, M|
|poke|p2|Moltres|
|poke|p2|Hoopa-Unbound|
|poke|p2|Enamorus, F|
|poke|p2|Iron Treads|
|poke|p2|Zamazenta-*|
|teampreview
|inactive|Battle timer is ON: inactive players will automatically lose when time's up. (requested by dsekop)
|
|t:|1779865991
|teamsize|p1|6
|teamsize|p2|6
|start
|switch|p1a: Iron Treads|Iron Treads|100/100
|switch|p2a: Weavile|Weavile, M|100/100
|-ability|p2a: Weavile|Pressure
|-enditem|p1a: Iron Treads|Booster Energy
|-activate|p1a: Iron Treads|ability: Quark Drive|[fromitem]
|-start|p1a: Iron Treads|quarkdrivespe
|turn|1
|
|t:|1779865995
|switch|p2a: Moltres|Moltres|100/100
|move|p1a: Iron Treads|Stealth Rock|p2a: Moltres
|-sidestart|p2: BugCatcherWeevil|move: Stealth Rock
|
|upkeep
|turn|2
|
|t:|1779866004
|move|p1a: Iron Treads|Knock Off|p2a: Moltres
|-damage|p2a: Moltres|83/100
|-status|p1a: Iron Treads|brn|[from] ability: Flame Body|[of] p2a: Moltres
|-enditem|p2a: Moltres|Heavy-Duty Boots|[from] move: Knock Off|[of] p1a: Iron Treads
|move|p2a: Moltres|Flamethrower|p1a: Iron Treads
|-supereffective|p1a: Iron Treads
|-damage|p1a: Iron Treads|5/100 brn
|
|-damage|p1a: Iron Treads|0 fnt|[from] brn
|faint|p1a: Iron Treads
|-end|p1a: Iron Treads|Quark Drive|[silent]
|upkeep
|
|t:|1779866009
|switch|p1a: Glimmora|Glimmora, M|100/100
|turn|3
|
|t:|1779866022
|switch|p2a: Hoopa|Hoopa-Unbound|100/100
|-damage|p2a: Hoopa|88/100|[from] Stealth Rock
|move|p1a: Glimmora|Power Gem|p2a: Hoopa
|-damage|p2a: Hoopa|66/100
|
|upkeep
|turn|4
|
|t:|1779866032
|switch|p1a: Polteageist|Polteageist-Antique|100/100
|move|p2a: Hoopa|Psychic Noise|p1a: Polteageist
|-damage|p1a: Polteageist|43/100
|-start|p1a: Polteageist|move: Heal Block
|
|upkeep
|turn|5
|j| ImperialGo
|
|t:|1779866039
|move|p1a: Polteageist|Shadow Ball|p2a: Hoopa
|-damage|p2a: Hoopa|41/100
|move|p2a: Hoopa|Psychic Noise|p1a: Polteageist
|-damage|p1a: Polteageist|0 fnt
|faint|p1a: Polteageist
|
|upkeep
|
|t:|1779866051
|switch|p1a: 快龙一定要快|Dragonite, F|100/100
|turn|6
|
|t:|1779866059
|switch|p2a: Zamazenta|Zamazenta|100/100
|-damage|p2a: Zamazenta|94/100|[from] Stealth Rock
|-ability|p2a: Zamazenta|Dauntless Shield|boost
|-boost|p2a: Zamazenta|def|1
|move|p1a: 快龙一定要快|Extreme Speed|p2a: Zamazenta
|-damage|p2a: Zamazenta|71/100
|
|-heal|p2a: Zamazenta|77/100|[from] item: Leftovers
|upkeep
|turn|7
|
|t:|1779866064
|switch|p1a: Glimmora|Glimmora, M|100/100
|move|p2a: Zamazenta|Stone Edge|p1a: Glimmora
|-damage|p1a: Glimmora|67/100
|-activate|p1a: Glimmora|ability: Toxic Debris
|-sidestart|p2: BugCatcherWeevil|move: Toxic Spikes
|
|-heal|p2a: Zamazenta|83/100|[from] item: Leftovers
|upkeep
|turn|8
|
|t:|1779866074
|-terastallize|p2a: Zamazenta|Steel
|move|p1a: Glimmora|Sludge Wave|p2a: Zamazenta
|-immune|p2a: Zamazenta
|move|p2a: Zamazenta|Iron Defense|p2a: Zamazenta
|-boost|p2a: Zamazenta|def|2
|
|-heal|p2a: Zamazenta|89/100|[from] item: Leftovers
|upkeep
|turn|9
|
|t:|1779866082
|switch|p1a: Raging Bolt|Raging Bolt|100/100
|-enditem|p1a: Raging Bolt|Booster Energy
|-activate|p1a: Raging Bolt|ability: Protosynthesis|[fromitem]
|-start|p1a: Raging Bolt|protosynthesisspa
|move|p2a: Zamazenta|Iron Defense|p2a: Zamazenta
|-boost|p2a: Zamazenta|def|2
|
|-heal|p2a: Zamazenta|95/100|[from] item: Leftovers
|upkeep
|turn|10
|
|t:|1779866085
|move|p2a: Zamazenta|Body Press|p1a: Raging Bolt
|-damage|p1a: Raging Bolt|0 fnt
|faint|p1a: Raging Bolt
|-end|p1a: Raging Bolt|Protosynthesis|[silent]
|
|-heal|p2a: Zamazenta|100/100|[from] item: Leftovers
|upkeep
|
|t:|1779866088
|switch|p1a: Zamazenta|Zamazenta|100/100
|-ability|p1a: Zamazenta|Dauntless Shield|boost
|-boost|p1a: Zamazenta|def|1
|turn|11
|
|t:|1779866095
|move|p2a: Zamazenta|Roar|p1a: Zamazenta
|drag|p1a: Glimmora|Glimmora, M|67/100
|
|upkeep
|turn|12
|-message|dsekop forfeited.
|
|win|BugCatcherWeevil
|raw|dsekop's rating: 1559 &rarr; <strong>1541</strong><br />(-18 for losing)
|raw|BugCatcherWeevil's rating: 1599 &rarr; <strong>1617</strong><br />(+18 for winning)
|l|☆dsekop
|player|p1|
