|j|☆SparkyBoomBoomBoiY
|j|☆redderthanred43
|t:|1779848353
|gametype|singles
|player|p1|SparkyBoomBoomBoiY|marlon|1075
|player|p2|redderthanred43|101|1078
|gen|9
|tier|[Gen 9] OU
|rated|
|rule|HP Percentage Mod: HP is shown in percentages
|rule|Endless Battle Clause: Forcing endless battles is banned
|rule|Species Clause: Limit one of each Pokémon
|rule|OHKO Clause: OHKO moves are banned
|rule|Evasion Items Clause: Evasion items are banned
|rule|Evasion Moves Clause: Evasion moves are banned
|rule|Evasion Abilities Clause: Evasion abilities are banned
|rule|Sleep Moves Clause: Sleep-inducing moves are banned
|clearpoke
|poke|p1|Araquanid, M|
|poke|p1|Ursaluna, F|
|poke|p1|Persian-Alola, M|
|poke|p1|Gholdengo|
|poke|p1|Clefable, M|
|poke|p1|Latias, F|
|poke|p2|Forretress, F|
|poke|p2|Hatterene, F|
|poke|p2|Tyranitar, F|
|poke|p2|Latios, M|
|poke|p2|Quaquaval, M|
|poke|p2|Metagross|
|teampreview
|
|t:|1779848360
|teamsize|p1|6
|teamsize|p2|6
|start
|switch|p1a: BugsAlot|Araquanid, M|100/100
|switch|p2a: Spike|Forretress, F, shiny|100/100
|turn|1
|
|t:|1779848370
|move|p2a: Spike|Stealth Rock|p1a: BugsAlot
|-sidestart|p1: SparkyBoomBoomBoiY|move: Stealth Rock
|move|p1a: BugsAlot|Sticky Web|p2a: Spike
|-sidestart|p2: redderthanred43|move: Sticky Web
|
|upkeep
|turn|2
|
|t:|1779848375
|move|p2a: Spike|Spikes|p1a: BugsAlot
|-sidestart|p1: SparkyBoomBoomBoiY|Spikes
|move|p1a: BugsAlot|Rain Dance|p1a: BugsAlot
|-weather|RainDance
|
|-weather|RainDance|[upkeep]
|upkeep
|turn|3
|
|t:|1779848384
|move|p2a: Spike|Toxic Spikes|p1a: BugsAlot
|-sidestart|p1: SparkyBoomBoomBoiY|move: Toxic Spikes
|move|p1a: BugsAlot|Liquidation|p2a: Spike
|-ability|p2a: Spike|Sturdy
|-damage|p2a: Spike|1/100
|-unboost|p2a: Spike|def|1
|
|-weather|RainDance|[upkeep]
|upkeep
|turn|4
|
|t:|1779848393
|move|p2a: Spike|Thunder Wave|p1a: BugsAlot
|-status|p1a: BugsAlot|par
|move|p1a: BugsAlot|Liquidation|p2a: Spike
|-damage|p2a: Spike|0 fnt
|faint|p2a: Spike
|
|-weather|RainDance|[upkeep]
|upkeep
|
|t:|1779848402
|switch|p2a: Featherhead|Quaquaval, M, shiny|100/100
|turn|5
|
|t:|1779848409
|-terastallize|p1a: BugsAlot|Water
|move|p2a: Featherhead|Aqua Step|p1a: BugsAlot
|-resisted|p1a: BugsAlot
|-damage|p1a: BugsAlot|66/100 par
|-boost|p2a: Featherhead|spe|1
|move|p1a: BugsAlot|Liquidation|p2a: Featherhead
|-resisted|p2a: Featherhead
|-damage|p2a: Featherhead|14/100
|
|-weather|RainDance|[upkeep]
|upkeep
|turn|6
|
|t:|1779848422
|move|p2a: Featherhead|Close Combat|p1a: BugsAlot
|-damage|p1a: BugsAlot|0 fnt
|-unboost|p2a: Featherhead|def|1
|-unboost|p2a: Featherhead|spd|1
|faint|p1a: BugsAlot
|
|-weather|none
|upkeep
|
|t:|1779848432
|switch|p1a: Melon-Head|Persian-Alola, M, shiny|100/100
|-damage|p1a: Melon-Head|88/100|[from] Stealth Rock
|-damage|p1a: Melon-Head|76/100|[from] Spikes
|-status|p1a: Melon-Head|psn
|turn|7
|
|t:|1779848439
|move|p1a: Melon-Head|Fake Out|p2a: Featherhead
|-damage|p2a: Featherhead|4/100
|cant|p2a: Featherhead|flinch
|
|-damage|p1a: Melon-Head|64/100 psn|[from] psn
|upkeep
|turn|8
|
|t:|1779848452
|move|p2a: Featherhead|Close Combat|p1a: Melon-Head
|-supereffective|p1a: Melon-Head
|-damage|p1a: Melon-Head|0 fnt
|-unboost|p2a: Featherhead|def|1
|-unboost|p2a: Featherhead|spd|1
|-damage|p2a: Featherhead|0 fnt|[from] item: Rocky Helmet|[of] p1a: Melon-Head
|faint|p1a: Melon-Head
|faint|p2a: Featherhead
|
|upkeep
|
|t:|1779848471
|switch|p1a: One-Trick|Gholdengo|100/100
|switch|p2a: Dozer|Latios, M, shiny|100/100
|-damage|p1a: One-Trick|94/100|[from] Stealth Rock
|-damage|p1a: One-Trick|82/100|[from] Spikes
|turn|9
|
|t:|1779848480
|move|p1a: One-Trick|Trick|p2a: Dozer
|-activate|p1a: One-Trick|move: Trick|[of] p2a: Dozer
|-item|p2a: Dozer|Toxic Orb|[from] move: Trick
|-item|p1a: One-Trick|Soul Dew|[from] move: Trick
|move|p2a: Dozer|Dragon Dance|p2a: Dozer
|-boost|p2a: Dozer|atk|1
|-boost|p2a: Dozer|spe|1
|
|-status|p2a: Dozer|tox|[from] item: Toxic Orb
|upkeep
|turn|10
|
|t:|1779848493
|switch|p2a: Beast|Tyranitar, F, shiny|100/100
|-weather|Sandstorm|[from] ability: Sand Stream|[of] p2a: Beast
|-item|p2a: Beast|Air Balloon
|move|p1a: One-Trick|Shadow Ball|p2a: Beast
|-resisted|p2a: Beast
|-damage|p2a: Beast|88/100
|-enditem|p2a: Beast|Air Balloon
|
|-weather|Sandstorm|[upkeep]
|upkeep
|turn|11
|
|t:|1779848507
|-terastallize|p2a: Beast|Steel
|move|p1a: One-Trick|Make It Rain|p2a: Beast
|-resisted|p2a: Beast
|-damage|p2a: Beast|59/100
|-unboost|p1a: One-Trick|spa|1
|move|p2a: Beast|Earthquake|p1a: One-Trick
|-supereffective|p1a: One-Trick
|-damage|p1a: One-Trick|18/100
|
|-weather|Sandstorm|[upkeep]
|upkeep
|turn|12
|
|t:|1779848520
|switch|p1a: Latinas!|Latias, F|100/100
|-damage|p1a: Latinas!|88/100|[from] Stealth Rock
|move|p2a: Beast|Earthquake|p1a: Latinas!
|-immune|p1a: Latinas!|[from] ability: Levitate
|
|-weather|Sandstorm|[upkeep]
|-damage|p1a: Latinas!|82/100|[from] Sandstorm
|upkeep
|turn|13
|
|t:|1779848539
|move|p1a: Latinas!|Draco Meteor|p2a: Beast
|-resisted|p2a: Beast
|-damage|p2a: Beast|27/100
|-unboost|p1a: Latinas!|spa|2
|move|p2a: Beast|Body Slam|p1a: Latinas!
|-damage|p1a: Latinas!|51/100
|
|-weather|Sandstorm|[upkeep]
|-damage|p1a: Latinas!|45/100|[from] Sandstorm
|upkeep
|turn|14
|
|t:|1779848557
|switch|p1a: Big-Mama|Ursaluna, F, shiny|100/100
|-damage|p1a: Big-Mama|94/100|[from] Stealth Rock
|-damage|p1a: Big-Mama|82/100|[from] Spikes
|-status|p1a: Big-Mama|psn
|move|p2a: Beast|Body Slam|p1a: Big-Mama
|-crit|p1a: Big-Mama
|-damage|p1a: Big-Mama|55/100 psn
|
|-weather|none
|-heal|p1a: Big-Mama|61/100 psn|[from] item: Leftovers
|-damage|p1a: Big-Mama|49/100 psn|[from] psn
|upkeep
|turn|15
|
|t:|1779848575
|move|p2a: Beast|Body Slam|p1a: Big-Mama
|-damage|p1a: Big-Mama|31/100 psn
|move|p1a: Big-Mama|Earthquake|p2a: Beast
|-supereffective|p2a: Beast
|-damage|p2a: Beast|0 fnt
|faint|p2a: Beast
|
|-heal|p1a: Big-Mama|37/100 psn|[from] item: Leftovers
|-damage|p1a: Big-Mama|24/100 psn|[from] psn
|upkeep
|
|t:|1779848590
|switch|p2a: Whimsy|Hatterene, F, shiny|100/100
|-activate|p2a: Whimsy|move: Sticky Web
|-unboost|p2a: Whimsy|spe|1
|turn|16
|
|t:|1779848602
|move|p1a: Big-Mama|Body Slam|p2a: Whimsy
|-damage|p2a: Whimsy|48/100
|move|p2a: Whimsy|Giga Drain|p1a: Big-Mama
|-supereffective|p1a: Big-Mama
|-damage|p1a: Big-Mama|0 fnt
|-heal|p2a: Whimsy|70/100|[from] drain|[of] p1a: Big-Mama
|faint|p1a: Big-Mama
|
|upkeep
|
|t:|1779848622
|switch|p1a: One-Trick|Gholdengo|18/100
|-damage|p1a: One-Trick|12/100|[from] Stealth Rock
|-damage|p1a: One-Trick|0 fnt|[from] Spikes
|faint|p1a: One-Trick
|
|t:|1779848640
|switch|p1a: Your-Fav|Clefable, M|100/100
|-status|p1a: Your-Fav|psn
|turn|17
|
|t:|1779848651
|move|p1a: Your-Fav|Cosmic Power|p1a: Your-Fav
|-boost|p1a: Your-Fav|def|1
|-boost|p1a: Your-Fav|spd|1
|move|p2a: Whimsy|Psychic|p1a: Your-Fav
|-damage|p1a: Your-Fav|76/100 psn
|-unboost|p1a: Your-Fav|spd|1
|
|-heal|p1a: Your-Fav|82/100 psn|[from] item: Leftovers
|upkeep
|turn|18
|
|t:|1779848661
|move|p1a: Your-Fav|Cosmic Power|p1a: Your-Fav
|-boost|p1a: Your-Fav|def|1
|-boost|p1a: Your-Fav|spd|1
|move|p2a: Whimsy|Giga Drain|p1a: Your-Fav
|-damage|p1a: Your-Fav|69/100 psn
|-heal|p2a: Whimsy|78/100|[from] drain|[of] p1a: Your-Fav
|
|-heal|p1a: Your-Fav|75/100 psn|[from] item: Leftovers
|upkeep
|turn|19
|
|t:|1779848675
|move|p1a: Your-Fav|Cosmic Power|p1a: Your-Fav
|-boost|p1a: Your-Fav|def|1
|-boost|p1a: Your-Fav|spd|1
|move|p2a: Whimsy|Giga Drain|p1a: Your-Fav
|-damage|p1a: Your-Fav|66/100 psn
|-heal|p2a: Whimsy|84/100|[from] drain|[of] p1a: Your-Fav
|
|-heal|p1a: Your-Fav|72/100 psn|[from] item: Leftovers
|upkeep
|turn|20
|
|t:|1779848686
|switch|p2a: Bulker|Metagross, shiny|100/100
|-activate|p2a: Bulker|move: Sticky Web
|-fail|p2a: Bulker|unboost|[from] ability: Clear Body|[of] p2a: Bulker
|move|p1a: Your-Fav|Cosmic Power|p1a: Your-Fav
|-boost|p1a: Your-Fav|def|1
|-boost|p1a: Your-Fav|spd|1
|
|-heal|p1a: Your-Fav|78/100 psn|[from] item: Leftovers
|upkeep
|turn|21
|
|t:|1779848699
|move|p2a: Bulker|Meteor Mash|p1a: Your-Fav
|-supereffective|p1a: Your-Fav
|-damage|p1a: Your-Fav|56/100 psn
|move|p1a: Your-Fav|Knock Off|p2a: Bulker
|-supereffective|p2a: Bulker
|-damage|p2a: Bulker|75/100
|-enditem|p2a: Bulker|Earth Plate|[from] move: Knock Off|[of] p1a: Your-Fav
|
|-heal|p1a: Your-Fav|62/100 psn|[from] item: Leftovers
|upkeep
|turn|22
|
|t:|1779848710
|move|p2a: Bulker|Meteor Mash|p1a: Your-Fav|[miss]
|-miss|p2a: Bulker|p1a: Your-Fav
|move|p1a: Your-Fav|Cosmic Power|p1a: Your-Fav
|-boost|p1a: Your-Fav|def|1
|-boost|p1a: Your-Fav|spd|1
|
|-heal|p1a: Your-Fav|68/100 psn|[from] item: Leftovers
|upkeep
|turn|23
|
|t:|1779848723
|move|p2a: Bulker|Meteor Mash|p1a: Your-Fav
|-supereffective|p1a: Your-Fav
|-damage|p1a: Your-Fav|46/100 psn
|-boost|p2a: Bulker|atk|1
|move|p1a: Your-Fav|Cosmic Power|p1a: Your-Fav
|-boost|p1a: Your-Fav|def|1
|-boost|p1a: Your-Fav|spd|1
|
|-heal|p1a: Your-Fav|52/100 psn|[from] item: Leftovers
|upkeep
|turn|24
|
|t:|1779848733
|move|p2a: Bulker|Meteor Mash|p1a: Your-Fav
|-supereffective|p1a: Your-Fav
|-damage|p1a: Your-Fav|23/100 psn
|move|p1a: Your-Fav|Moonlight|p1a: Your-Fav
|-heal|p1a: Your-Fav|73/100 psn
|
|-heal|p1a: Your-Fav|79/100 psn|[from] item: Leftovers
|upkeep
|turn|25
|
|t:|1779848747
|move|p2a: Bulker|Meteor Mash|p1a: Your-Fav
|-supereffective|p1a: Your-Fav
|-damage|p1a: Your-Fav|52/100 psn
|move|p1a: Your-Fav|Moonblast|p2a: Bulker
|-resisted|p2a: Bulker
|-damage|p2a: Bulker|58/100
|
|-heal|p1a: Your-Fav|58/100 psn|[from] item: Leftovers
|upkeep
|turn|26
|
|t:|1779848760
|move|p2a: Bulker|Meteor Mash|p1a: Your-Fav
|-supereffective|p1a: Your-Fav
|-damage|p1a: Your-Fav|29/100 psn
|move|p1a: Your-Fav|Moonlight|p1a: Your-Fav
|-heal|p1a: Your-Fav|79/100 psn
|
|-heal|p1a: Your-Fav|85/100 psn|[from] item: Leftovers
|upkeep
|turn|27
|
|t:|1779848769
|move|p2a: Bulker|Meteor Mash|p1a: Your-Fav
|-supereffective|p1a: Your-Fav
|-damage|p1a: Your-Fav|57/100 psn
|move|p1a: Your-Fav|Moonblast|p2a: Bulker
|-resisted|p2a: Bulker
|-damage|p2a: Bulker|40/100
|
|-heal|p1a: Your-Fav|63/100 psn|[from] item: Leftovers
|upkeep
|turn|28
|
|t:|1779848778
|move|p2a: Bulker|Meteor Mash|p1a: Your-Fav
|-supereffective|p1a: Your-Fav
|-damage|p1a: Your-Fav|37/100 psn
|move|p1a: Your-Fav|Moonblast|p2a: Bulker
|-resisted|p2a: Bulker
|-damage|p2a: Bulker|25/100
|
|-heal|p1a: Your-Fav|43/100 psn|[from] item: Leftovers
|upkeep
|turn|29
|
|t:|1779848789
|move|p2a: Bulker|Meteor Mash|p1a: Your-Fav
|-supereffective|p1a: Your-Fav
|-damage|p1a: Your-Fav|13/100 psn
|-boost|p2a: Bulker|atk|1
|move|p1a: Your-Fav|Moonlight|p1a: Your-Fav
|-heal|p1a: Your-Fav|63/100 psn
|
|-heal|p1a: Your-Fav|69/100 psn|[from] item: Leftovers
|upkeep
|turn|30
|
|t:|1779848800
|move|p2a: Bulker|Meteor Mash|p1a: Your-Fav
|-supereffective|p1a: Your-Fav
|-damage|p1a: Your-Fav|35/100 psn
|move|p1a: Your-Fav|Moonlight|p1a: Your-Fav
|-heal|p1a: Your-Fav|85/100 psn
|
|-heal|p1a: Your-Fav|91/100 psn|[from] item: Leftovers
|upkeep
|turn|31
|
|t:|1779848814
|move|p2a: Bulker|Meteor Mash|p1a: Your-Fav
|-supereffective|p1a: Your-Fav
|-damage|p1a: Your-Fav|54/100 psn
|move|p1a: Your-Fav|Moonblast|p2a: Bulker
|-resisted|p2a: Bulker
|-damage|p2a: Bulker|8/100
|
|-heal|p1a: Your-Fav|60/100 psn|[from] item: Leftovers
|upkeep
|turn|32
|
|t:|1779848824
|move|p2a: Bulker|Meteor Mash|p1a: Your-Fav
|-supereffective|p1a: Your-Fav
|-damage|p1a: Your-Fav|24/100 psn
|move|p1a: Your-Fav|Moonblast|p2a: Bulker
|-resisted|p2a: Bulker
|-crit|p2a: Bulker
|-damage|p2a: Bulker|0 fnt
|faint|p2a: Bulker
|
|-heal|p1a: Your-Fav|30/100 psn|[from] item: Leftovers
|upkeep
|
|t:|1779848832
|switch|p2a: Dozer|Latios, M, shiny|100/100 tox
|turn|33
|
|t:|1779848838
|move|p2a: Dozer|Luster Purge|p1a: Your-Fav
|-damage|p1a: Your-Fav|16/100 psn
|-unboost|p1a: Your-Fav|spd|1
|move|p1a: Your-Fav|Knock Off|p2a: Dozer
|-supereffective|p2a: Dozer
|-damage|p2a: Dozer|58/100 tox
|-enditem|p2a: Dozer|Toxic Orb|[from] move: Knock Off|[of] p1a: Your-Fav
|
|-heal|p1a: Your-Fav|22/100 psn|[from] item: Leftovers
|-damage|p2a: Dozer|52/100 tox|[from] psn
|upkeep
|turn|34
|
|t:|1779848851
|move|p2a: Dozer|Luster Purge|p1a: Your-Fav
|-damage|p1a: Your-Fav|7/100 psn
|move|p1a: Your-Fav|Moonlight|p1a: Your-Fav
|-heal|p1a: Your-Fav|57/100 psn
|
|-heal|p1a: Your-Fav|63/100 psn|[from] item: Leftovers
|-damage|p2a: Dozer|40/100 tox|[from] psn
|upkeep
|turn|35
|
|t:|1779848860
|move|p2a: Dozer|Luster Purge|p1a: Your-Fav
|-damage|p1a: Your-Fav|48/100 psn
|move|p1a: Your-Fav|Moonlight|p1a: Your-Fav
|-heal|p1a: Your-Fav|98/100 psn
|
|-heal|p1a: Your-Fav|100/100 psn|[from] item: Leftovers
|-damage|p2a: Dozer|21/100 tox|[from] psn
|upkeep
|turn|36
|
|t:|1779848873
|move|p2a: Dozer|Dragon Dance|p2a: Dozer
|-boost|p2a: Dozer|atk|1
|-boost|p2a: Dozer|spe|1
|move|p1a: Your-Fav|Cosmic Power|p1a: Your-Fav
|-boost|p1a: Your-Fav|def|0
|-boost|p1a: Your-Fav|spd|1
|
|-damage|p2a: Dozer|0 fnt|[from] psn
|faint|p2a: Dozer
|upkeep
|
|t:|1779848881
|switch|p2a: Whimsy|Hatterene, F, shiny|84/100
|-activate|p2a: Whimsy|move: Sticky Web
|-unboost|p2a: Whimsy|spe|1
|turn|37
|
|t:|1779848893
|move|p1a: Your-Fav|Knock Off|p2a: Whimsy
|-damage|p2a: Whimsy|64/100
|-enditem|p2a: Whimsy|Aguav Berry|[from] move: Knock Off|[of] p1a: Your-Fav
|move|p2a: Whimsy|Psychic|p1a: Your-Fav
|-damage|p1a: Your-Fav|91/100 psn
|
|-heal|p1a: Your-Fav|97/100 psn|[from] item: Leftovers
|upkeep
|turn|38
|-message|redderthanred43 forfeited.
|
|win|SparkyBoomBoomBoiY
|raw|SparkyBoomBoomBoiY's rating: 1075 &rarr; <strong>1106</strong><br />(+31 for winning)
|raw|redderthanred43's rating: 1108 &rarr; <strong>1081</strong><br />(-27 for losing)
|l|☆redderthanred43
|player|p2|
