|j|☆AnOriginalName3
|j|☆pigperfect9831
|t:|1779907821
|gametype|singles
|player|p1|AnOriginalName3|richboy-gen4|1535
|player|p2|pigperfect9831|workerice|1580
|gen|9
|tier|[Gen 9] OU
|rated|
|rule|HP Percentage Mod: HP is shown in percentages
|rule|Endless Battle Clause: Forcing endless battles is banned
|rule|Species Clause: Limit one of each Pokémon
|rule|OHKO Clause: OHKO moves are banned
|rule|Evasion Items Clause: Evasion items are banned
|rule|Evasion Moves Clause: Evasion moves are banned
|rule|Evasion Abilities Clause: Evasion abilities are banned
|rule|Sleep Moves Clause: Sleep-inducing moves are banned
|clearpoke
|poke|p1|Ogerpon, F|
|poke|p1|Gliscor, F|
|poke|p1|Volcanion|
|poke|p1|Salazzle, F|
|poke|p1|Slither Wing|
|poke|p1|Cinccino, M|
|poke|p2|Great Tusk|
|poke|p2|Hatterene, F|
|poke|p2|Heatran, M|
|poke|p2|Ninetales, M|
|poke|p2|Slither Wing|
|poke|p2|Walking Wake|
|teampreview
|
|t:|1779907838
|teamsize|p1|6
|teamsize|p2|6
|start
|switch|p1a: Volcanion|Volcanion|100/100
|switch|p2a: Ninetales|Ninetales, M|100/100
|-weather|SunnyDay|[from] ability: Drought|[of] p2a: Ninetales
|turn|1
|
|t:|1779907853
|switch|p2a: Walking Wake|Walking Wake|100/100
|-activate|p2a: Walking Wake|ability: Protosynthesis
|-start|p2a: Walking Wake|protosynthesisspe
|move|p1a: Volcanion|Earth Power|p2a: Walking Wake
|-damage|p2a: Walking Wake|39/100
|
|-weather|SunnyDay|[upkeep]
|upkeep
|turn|2
|
|t:|1779907872
|move|p2a: Walking Wake|Draco Meteor|p1a: Volcanion
|-damage|p1a: Volcanion|0 fnt
|-unboost|p2a: Walking Wake|spa|2
|faint|p1a: Volcanion
|
|-weather|SunnyDay|[upkeep]
|upkeep
|
|t:|1779907877
|switch|p1a: Slither Wing|Slither Wing|100/100
|-activate|p1a: Slither Wing|ability: Protosynthesis
|-start|p1a: Slither Wing|protosynthesisatk
|turn|3
|
|t:|1779907899
|-end|p2a: Walking Wake|Protosynthesis|[silent]
|switch|p2a: Slither Wing|Slither Wing|100/100
|-activate|p2a: Slither Wing|ability: Protosynthesis
|-start|p2a: Slither Wing|protosynthesisatk
|move|p1a: Slither Wing|U-turn|p2a: Slither Wing
|-resisted|p2a: Slither Wing
|-damage|p2a: Slither Wing|84/100
|-damage|p1a: Slither Wing|84/100|[from] item: Rocky Helmet|[of] p2a: Slither Wing
|
|t:|1779907904
|-end|p1a: Slither Wing|Protosynthesis|[silent]
|switch|p1a: Salazzle|Salazzle, F|100/100|[from] U-turn
|
|-weather|SunnyDay|[upkeep]
|upkeep
|turn|4
|
|t:|1779907910
|-end|p2a: Slither Wing|Protosynthesis|[silent]
|switch|p2a: Heatran|Heatran, M|100/100
|move|p1a: Salazzle|Toxic|p2a: Heatran
|-status|p2a: Heatran|tox
|
|-weather|SunnyDay|[upkeep]
|-damage|p2a: Heatran|94/100 tox|[from] psn
|upkeep
|turn|5
|
|t:|1779907915
|switch|p1a: Gliscor|Gliscor, F|100/100
|move|p2a: Heatran|Magma Storm|p1a: Gliscor
|-damage|p1a: Gliscor|35/100
|-activate|p1a: Gliscor|move: Magma Storm|[of] p2a: Heatran
|
|-weather|SunnyDay|[upkeep]
|-heal|p2a: Heatran|100/100 tox|[from] item: Leftovers
|-damage|p2a: Heatran|88/100 tox|[from] psn
|-damage|p1a: Gliscor|22/100|[from] move: Magma Storm|[partiallytrapped]
|-status|p1a: Gliscor|tox|[from] item: Toxic Orb
|upkeep
|turn|6
|
|t:|1779907926
|move|p2a: Heatran|Solar Beam||[still]
|-prepare|p2a: Heatran|Solar Beam
|-anim|p2a: Heatran|Solar Beam|p1a: Gliscor
|-damage|p1a: Gliscor|0 fnt
|faint|p1a: Gliscor
|
|-weather|SunnyDay|[upkeep]
|-heal|p2a: Heatran|94/100 tox|[from] item: Leftovers
|-damage|p2a: Heatran|76/100 tox|[from] psn
|upkeep
|
|t:|1779907929
|switch|p1a: Ogerpon|Ogerpon, F|100/100
|turn|7
|j| Schlafparalyse
|
|t:|1779907937
|switch|p2a: Slither Wing|Slither Wing|84/100
|-activate|p2a: Slither Wing|ability: Protosynthesis
|-start|p2a: Slither Wing|protosynthesisatk
|move|p1a: Ogerpon|Encore||[still]
|-fail|p1a: Ogerpon
|
|-weather|SunnyDay|[upkeep]
|upkeep
|turn|8
|
|t:|1779907944
|switch|p1a: Slither Wing|Slither Wing|84/100
|-activate|p1a: Slither Wing|ability: Protosynthesis
|-start|p1a: Slither Wing|protosynthesisatk
|move|p2a: Slither Wing|First Impression|p1a: Slither Wing
|-resisted|p1a: Slither Wing
|-damage|p1a: Slither Wing|63/100
|-damage|p2a: Slither Wing|68/100|[from] item: Rocky Helmet|[of] p1a: Slither Wing
|
|-weather|none
|-end|p1a: Slither Wing|Protosynthesis
|-end|p2a: Slither Wing|Protosynthesis
|upkeep
|turn|9
|
|t:|1779907949
|-end|p2a: Slither Wing|Protosynthesis|[silent]
|switch|p2a: Hatterene|Hatterene, F|100/100
|move|p1a: Slither Wing|Morning Sun|p1a: Slither Wing
|-heal|p1a: Slither Wing|100/100
|
|upkeep
|turn|10
|
|t:|1779907957
|move|p1a: Slither Wing|U-turn|p2a: Hatterene
|-damage|p2a: Hatterene|74/100
|-enditem|p2a: Hatterene|Eject Button
|
|t:|1779907966
|switch|p2a: Great Tusk|Great Tusk|100/100
|
|upkeep
|turn|11
|
|t:|1779907971
|move|p2a: Great Tusk|Rapid Spin|p1a: Slither Wing
|-damage|p1a: Slither Wing|87/100
|-boost|p2a: Great Tusk|spe|1
|-damage|p2a: Great Tusk|84/100|[from] item: Rocky Helmet|[of] p1a: Slither Wing
|move|p1a: Slither Wing|Will-O-Wisp|p2a: Great Tusk
|-status|p2a: Great Tusk|brn
|
|-damage|p2a: Great Tusk|78/100 brn|[from] brn
|upkeep
|turn|12
|
|t:|1779907976
|move|p2a: Great Tusk|Stealth Rock|p1a: Slither Wing
|-sidestart|p1: AnOriginalName3|move: Stealth Rock
|move|p1a: Slither Wing|U-turn|p2a: Great Tusk
|-resisted|p2a: Great Tusk
|-damage|p2a: Great Tusk|65/100 brn
|
|t:|1779907978
|-end|p1a: Slither Wing|Protosynthesis|[silent]
|switch|p1a: Cinccino|Cinccino, M|100/100|[from] U-turn
|-damage|p1a: Cinccino|88/100|[from] Stealth Rock
|
|-damage|p2a: Great Tusk|59/100 brn|[from] brn
|upkeep
|turn|13
|
|t:|1779907985
|-terastallize|p1a: Cinccino|Ghost
|move|p2a: Great Tusk|Headlong Rush|p1a: Cinccino
|-crit|p1a: Cinccino
|-damage|p1a: Cinccino|9/100
|-unboost|p2a: Great Tusk|def|1
|-unboost|p2a: Great Tusk|spd|1
|move|p1a: Cinccino|Tidy Up|p1a: Cinccino
|-sideend|p1: AnOriginalName3|Stealth Rock
|-activate|p1a: Cinccino|move: Tidy Up
|-boost|p1a: Cinccino|atk|1
|-boost|p1a: Cinccino|spe|1
|
|-damage|p2a: Great Tusk|53/100 brn|[from] brn
|upkeep
|turn|14
|
|t:|1779907990
|-end|p2a: Great Tusk|Protosynthesis|[silent]
|switch|p2a: Slither Wing|Slither Wing|68/100
|move|p1a: Cinccino|Tail Slap|p2a: Slither Wing
|-damage|p2a: Slither Wing|48/100
|-damage|p1a: Cinccino|0 fnt|[from] item: Rocky Helmet|[of] p2a: Slither Wing
|faint|p1a: Cinccino
|-hitcount|p2a: Slither Wing|1
|
|upkeep
|
|t:|1779907993
|switch|p1a: Salazzle|Salazzle, F|100/100
|turn|15
|l| Schlafparalyse
|
|t:|1779908022
|-end|p2a: Slither Wing|Protosynthesis|[silent]
|switch|p2a: Ninetales|Ninetales, M|100/100
|-weather|SunnyDay|[from] ability: Drought|[of] p2a: Ninetales
|move|p1a: Salazzle|Fire Blast|p2a: Ninetales
|-resisted|p2a: Ninetales
|-damage|p2a: Ninetales|64/100
|
|-weather|SunnyDay|[upkeep]
|upkeep
|turn|16
|
|t:|1779908037
|move|p1a: Salazzle|Sludge Bomb|p2a: Ninetales
|-crit|p2a: Ninetales
|-damage|p2a: Ninetales|4/100
|-status|p2a: Ninetales|psn
|move|p2a: Ninetales|Encore|p1a: Salazzle
|-start|p1a: Salazzle|Encore
|
|-weather|SunnyDay|[upkeep]
|-damage|p2a: Ninetales|0 fnt|[from] psn
|faint|p2a: Ninetales
|upkeep
|
|t:|1779908041
|switch|p2a: Heatran|Heatran, M|76/100 tox
|turn|17
|
|t:|1779908049
|move|p1a: Salazzle|Sludge Bomb|p2a: Heatran
|-immune|p2a: Heatran
|move|p2a: Heatran|Earth Power|p1a: Salazzle
|-supereffective|p1a: Salazzle
|-damage|p1a: Salazzle|0 fnt
|faint|p1a: Salazzle
|
|-weather|SunnyDay|[upkeep]
|-heal|p2a: Heatran|82/100 tox|[from] item: Leftovers
|-damage|p2a: Heatran|76/100 tox|[from] psn
|upkeep
|
|t:|1779908051
|switch|p1a: Ogerpon|Ogerpon, F|100/100
|turn|18
|
|t:|1779908067
|switch|p2a: Slither Wing|Slither Wing|48/100
|-activate|p2a: Slither Wing|ability: Protosynthesis
|-start|p2a: Slither Wing|protosynthesisatk
|move|p1a: Ogerpon|Swords Dance|p1a: Ogerpon
|-boost|p1a: Ogerpon|atk|2
|
|-weather|SunnyDay|[upkeep]
|upkeep
|turn|19
|
|t:|1779908075
|move|p2a: Slither Wing|First Impression|p1a: Ogerpon
|-supereffective|p1a: Ogerpon
|-damage|p1a: Ogerpon|0 fnt
|faint|p1a: Ogerpon
|
|-weather|SunnyDay|[upkeep]
|upkeep
|-message|AnOriginalName3 forfeited.
|
|win|pigperfect9831
|raw|AnOriginalName3's rating: 1535 &rarr; <strong>1518</strong><br />(-17 for losing)
|raw|pigperfect9831's rating: 1580 &rarr; <strong>1597</strong><br />(+17 for winning)
|l|☆AnOriginalName3
|player|p1|
|l|☆pigperfect9831
|player|p2|
