|j|☆smoldracovish
|j|‽Abigcamel
|t:|1779869416
|gametype|singles
|player|p1|smoldracovish|102|1453
|player|p2|Abigcamel|morty|1486
|gen|9
|tier|[Gen 9] OU
|rated|
|rule|HP Percentage Mod: HP is shown in percentages
|rule|Endless Battle Clause: Forcing endless battles is banned
|rule|Species Clause: Limit one of each Pokémon
|rule|OHKO Clause: OHKO moves are banned
|rule|Evasion Items Clause: Evasion items are banned
|rule|Evasion Moves Clause: Evasion moves are banned
|rule|Evasion Abilities Clause: Evasion abilities are banned
|rule|Sleep Moves Clause: Sleep-inducing moves are banned
|clearpoke
|poke|p1|Gliscor, M|
|poke|p1|Regieleki|
|poke|p1|Kyurem|
|poke|p1|Pecharunt|
|poke|p1|Great Tusk|
|poke|p1|Alomomola, M|
|poke|p2|Pelipper, M|
|poke|p2|Iron Treads|
|poke|p2|Kingdra, F|
|poke|p2|Poliwrath, M|
|poke|p2|Toxicroak, M|
|poke|p2|Raging Bolt|
|teampreview
|inactive|Battle timer is ON: inactive players will automatically lose when time's up. (requested by Abigcamel)
|
|t:|1779869438
|teamsize|p1|6
|teamsize|p2|6
|start
|switch|p1a: Kyurem|Kyurem|100/100
|switch|p2a: Iron Treads|Iron Treads|100/100
|-ability|p1a: Kyurem|Pressure
|-enditem|p2a: Iron Treads|Booster Energy
|-activate|p2a: Iron Treads|ability: Quark Drive|[fromitem]
|-start|p2a: Iron Treads|quarkdrivespe
|turn|1
|
|t:|1779869442
|switch|p1a: Great Tusk|Great Tusk|100/100
|move|p2a: Iron Treads|Earthquake|p1a: Great Tusk
|-crit|p1a: Great Tusk
|-damage|p1a: Great Tusk|57/100
|
|upkeep
|turn|2
|
|t:|1779869448
|-end|p2a: Iron Treads|Quark Drive|[silent]
|switch|p2a: Pelipper|Pelipper, M|100/100
|-weather|RainDance|[from] ability: Drizzle|[of] p2a: Pelipper
|move|p1a: Great Tusk|Stealth Rock|p2a: Pelipper
|-sidestart|p2: Abigcamel|move: Stealth Rock
|
|-weather|RainDance|[upkeep]
|upkeep
|turn|3
|
|t:|1779869454
|-end|p1a: Great Tusk|Protosynthesis|[silent]
|switch|p1a: Alomomola|Alomomola, M|100/100
|move|p2a: Pelipper|U-turn|p1a: Alomomola
|-damage|p1a: Alomomola|94/100
|
|t:|1779869458
|switch|p2a: Raging Bolt|Raging Bolt|100/100|[from] U-turn
|-damage|p2a: Raging Bolt|88/100|[from] Stealth Rock
|-enditem|p2a: Raging Bolt|Booster Energy
|-activate|p2a: Raging Bolt|ability: Protosynthesis|[fromitem]
|-start|p2a: Raging Bolt|protosynthesisspa
|
|-weather|RainDance|[upkeep]
|upkeep
|turn|4
|
|t:|1779869464
|move|p2a: Raging Bolt|Weather Ball|p1a: Alomomola
|-resisted|p1a: Alomomola
|-damage|p1a: Alomomola|74/100
|move|p1a: Alomomola|Flip Turn|p2a: Raging Bolt
|-resisted|p2a: Raging Bolt
|-damage|p2a: Raging Bolt|77/100
|
|t:|1779869466
|switch|p1a: Great Tusk|Great Tusk|57/100|[from] Flip Turn
|
|-weather|RainDance|[upkeep]
|upkeep
|turn|5
|
|t:|1779869476
|move|p1a: Great Tusk|Headlong Rush|p2a: Raging Bolt
|-supereffective|p2a: Raging Bolt
|-damage|p2a: Raging Bolt|0 fnt
|-unboost|p1a: Great Tusk|def|1
|-unboost|p1a: Great Tusk|spd|1
|faint|p2a: Raging Bolt
|-end|p2a: Raging Bolt|Protosynthesis|[silent]
|
|-weather|RainDance|[upkeep]
|upkeep
|
|t:|1779869480
|switch|p2a: Poliwrath|Poliwrath, M|100/100
|-damage|p2a: Poliwrath|94/100|[from] Stealth Rock
|turn|6
|
|t:|1779869485
|-end|p1a: Great Tusk|Protosynthesis|[silent]
|switch|p1a: Pecharunt|Pecharunt|100/100
|move|p2a: Poliwrath|Liquidation|p1a: Pecharunt
|-damage|p1a: Pecharunt|62/100
|
|-weather|RainDance|[upkeep]
|upkeep
|turn|7
|
|t:|1779869492
|switch|p2a: Iron Treads|Iron Treads|100/100
|-damage|p2a: Iron Treads|97/100|[from] Stealth Rock
|move|p1a: Pecharunt|Recover|p1a: Pecharunt
|-heal|p1a: Pecharunt|100/100
|
|-weather|RainDance|[upkeep]
|upkeep
|turn|8
|
|t:|1779869501
|move|p2a: Iron Treads|Stealth Rock|p1a: Pecharunt
|-sidestart|p1: smoldracovish|move: Stealth Rock
|move|p1a: Pecharunt|Parting Shot|p2a: Iron Treads
|-unboost|p2a: Iron Treads|atk|1
|-unboost|p2a: Iron Treads|spa|1
|
|t:|1779869504
|switch|p1a: Great Tusk|Great Tusk|57/100|[from] Parting Shot
|
|-weather|RainDance|[upkeep]
|upkeep
|turn|9
|
|t:|1779869510
|move|p2a: Iron Treads|Rapid Spin|p1a: Great Tusk
|-damage|p1a: Great Tusk|51/100
|-boost|p2a: Iron Treads|spe|1
|-sideend|p2: Abigcamel|Stealth Rock|[from] move: Rapid Spin|[of] p2a: Iron Treads
|move|p1a: Great Tusk|Headlong Rush|p2a: Iron Treads
|-supereffective|p2a: Iron Treads
|-crit|p2a: Iron Treads
|-damage|p2a: Iron Treads|0 fnt
|-unboost|p1a: Great Tusk|def|1
|-unboost|p1a: Great Tusk|spd|1
|faint|p2a: Iron Treads
|-end|p2a: Iron Treads|Quark Drive|[silent]
|
|-weather|none
|upkeep
|
|t:|1779869514
|switch|p2a: Pelipper|Pelipper, M|100/100
|-weather|RainDance|[from] ability: Drizzle|[of] p2a: Pelipper
|turn|10
|
|t:|1779869518
|move|p1a: Great Tusk|Stealth Rock|p2a: Pelipper
|-sidestart|p2: Abigcamel|move: Stealth Rock
|move|p2a: Pelipper|Surf|p1a: Great Tusk
|-supereffective|p1a: Great Tusk
|-damage|p1a: Great Tusk|0 fnt
|faint|p1a: Great Tusk
|-end|p1a: Great Tusk|Protosynthesis|[silent]
|
|-weather|RainDance|[upkeep]
|upkeep
|
|t:|1779869523
|switch|p1a: Regieleki|Regieleki|100/100
|-damage|p1a: Regieleki|88/100|[from] Stealth Rock
|turn|11
|
|t:|1779869533
|-terastallize|p2a: Pelipper|Ground
|move|p1a: Regieleki|Volt Switch|p2a: Pelipper
|-immune|p2a: Pelipper
|move|p2a: Pelipper|U-turn|p1a: Regieleki
|-damage|p1a: Regieleki|72/100
|
|t:|1779869541
|switch|p2a: Kingdra|Kingdra, F|100/100|[from] U-turn
|-damage|p2a: Kingdra|88/100|[from] Stealth Rock
|
|-weather|RainDance|[upkeep]
|upkeep
|turn|12
|
|t:|1779869546
|move|p2a: Kingdra|Draco Meteor|p1a: Regieleki
|-damage|p1a: Regieleki|0 fnt
|-unboost|p2a: Kingdra|spa|2
|faint|p1a: Regieleki
|
|-weather|RainDance|[upkeep]
|upkeep
|
|t:|1779869556
|switch|p1a: Kyurem|Kyurem|100/100
|-damage|p1a: Kyurem|76/100|[from] Stealth Rock
|-ability|p1a: Kyurem|Pressure
|turn|13
|
|t:|1779869574
|move|p2a: Kingdra|Draco Meteor|p1a: Kyurem
|-supereffective|p1a: Kyurem
|-damage|p1a: Kyurem|0 fnt
|-unboost|p2a: Kingdra|spa|2
|faint|p1a: Kyurem
|
|-weather|RainDance|[upkeep]
|upkeep
|
|t:|1779869580
|switch|p1a: Alomomola|Alomomola, M|100/100
|-damage|p1a: Alomomola|88/100|[from] Stealth Rock
|turn|14
|
|t:|1779869584
|switch|p2a: Toxicroak|Toxicroak, M|100/100
|-damage|p2a: Toxicroak|94/100|[from] Stealth Rock
|move|p1a: Alomomola|Flip Turn|p2a: Toxicroak
|-heal|p2a: Toxicroak|100/100|[from] ability: Dry Skin|[of] p1a: Alomomola
|
|-weather|RainDance|[upkeep]
|upkeep
|turn|15
|
|t:|1779869589
|switch|p1a: Pecharunt|Pecharunt|100/100
|move|p2a: Toxicroak|Encore||[still]
|-fail|p2a: Toxicroak
|
|-weather|RainDance|[upkeep]
|upkeep
|turn|16
|
|t:|1779869600
|move|p2a: Toxicroak|Drain Punch|p1a: Pecharunt
|-immune|p1a: Pecharunt
|move|p1a: Pecharunt|Parting Shot|p2a: Toxicroak
|-unboost|p2a: Toxicroak|atk|1
|-unboost|p2a: Toxicroak|spa|1
|
|t:|1779869602
|switch|p1a: Gliscor|Gliscor, M|100/100|[from] Parting Shot
|-damage|p1a: Gliscor|88/100|[from] Stealth Rock
|
|-weather|RainDance|[upkeep]
|-status|p1a: Gliscor|tox|[from] item: Toxic Orb
|upkeep
|turn|17
|
|t:|1779869612
|move|p1a: Gliscor|Earthquake|p2a: Toxicroak
|-supereffective|p2a: Toxicroak
|-damage|p2a: Toxicroak|28/100
|move|p2a: Toxicroak|Encore|p1a: Gliscor
|-start|p1a: Gliscor|Encore
|
|-weather|none
|-heal|p1a: Gliscor|100/100 tox|[from] ability: Poison Heal
|upkeep
|turn|18
|
|t:|1779869618
|switch|p2a: Pelipper|Pelipper, M, tera:Ground|100/100
|-damage|p2a: Pelipper|94/100|[from] Stealth Rock
|-weather|RainDance|[from] ability: Drizzle|[of] p2a: Pelipper
|move|p1a: Gliscor|Earthquake|p2a: Pelipper
|-damage|p2a: Pelipper|64/100
|
|-weather|RainDance|[upkeep]
|upkeep
|turn|19
|
|t:|1779869621
|switch|p1a: Alomomola|Alomomola, M|100/100
|-damage|p1a: Alomomola|88/100|[from] Stealth Rock
|move|p2a: Pelipper|U-turn|p1a: Alomomola
|-damage|p1a: Alomomola|81/100
|
|t:|1779869625
|switch|p2a: Kingdra|Kingdra, F|88/100|[from] U-turn
|-damage|p2a: Kingdra|76/100|[from] Stealth Rock
|
|-weather|RainDance|[upkeep]
|upkeep
|turn|20
|
|t:|1779869629
|move|p2a: Kingdra|Draco Meteor|p1a: Alomomola
|-damage|p1a: Alomomola|40/100
|-unboost|p2a: Kingdra|spa|2
|move|p1a: Alomomola|Play Rough|p2a: Kingdra|[miss]
|-miss|p1a: Alomomola|p2a: Kingdra
|
|-weather|RainDance|[upkeep]
|upkeep
|turn|21
|
|t:|1779869635
|switch|p2a: Toxicroak|Toxicroak, M|28/100
|-damage|p2a: Toxicroak|22/100|[from] Stealth Rock
|move|p1a: Alomomola|Play Rough|p2a: Toxicroak
|-damage|p2a: Toxicroak|8/100
|-unboost|p2a: Toxicroak|atk|1
|-damage|p1a: Alomomola|24/100|[from] item: Rocky Helmet|[of] p2a: Toxicroak
|
|-weather|RainDance|[upkeep]
|-heal|p2a: Toxicroak|21/100|[from] ability: Dry Skin
|upkeep
|turn|22
|
|t:|1779869645
|switch|p2a: Poliwrath|Poliwrath, M|94/100
|-damage|p2a: Poliwrath|88/100|[from] Stealth Rock
|switch|p1a: Pecharunt|Pecharunt|100/100
|
|-weather|RainDance|[upkeep]
|upkeep
|turn|23
|
|t:|1779869648
|move|p2a: Poliwrath|Liquidation|p1a: Pecharunt
|-damage|p1a: Pecharunt|60/100
|move|p1a: Pecharunt|Malignant Chain|p2a: Poliwrath
|-damage|p2a: Poliwrath|53/100
|
|-weather|RainDance|[upkeep]
|upkeep
|turn|24
|
|t:|1779869652
|move|p2a: Poliwrath|Liquidation|p1a: Pecharunt
|-damage|p1a: Pecharunt|15/100
|move|p1a: Pecharunt|Recover|p1a: Pecharunt
|-heal|p1a: Pecharunt|65/100
|
|-weather|RainDance|[upkeep]
|upkeep
|turn|25
|
|t:|1779869656
|move|p2a: Poliwrath|Liquidation|p1a: Pecharunt
|-damage|p1a: Pecharunt|25/100
|move|p1a: Pecharunt|Recover|p1a: Pecharunt
|-heal|p1a: Pecharunt|75/100
|
|-weather|none
|upkeep
|turn|26
|
|t:|1779869662
|switch|p2a: Pelipper|Pelipper, M, tera:Ground|64/100
|-damage|p2a: Pelipper|58/100|[from] Stealth Rock
|-weather|RainDance|[from] ability: Drizzle|[of] p2a: Pelipper
|move|p1a: Pecharunt|Malignant Chain|p2a: Pelipper
|-resisted|p2a: Pelipper
|-damage|p2a: Pelipper|37/100
|
|-weather|RainDance|[upkeep]
|upkeep
|turn|27
|
|t:|1779869665
|switch|p1a: Alomomola|Alomomola, M|57/100
|-damage|p1a: Alomomola|45/100|[from] Stealth Rock
|move|p2a: Pelipper|Roost|p2a: Pelipper
|-heal|p2a: Pelipper|87/100
|
|-weather|RainDance|[upkeep]
|upkeep
|turn|28
|
|t:|1779869670
|move|p2a: Pelipper|U-turn|p1a: Alomomola
|-damage|p1a: Alomomola|38/100
|
|t:|1779869672
|switch|p2a: Toxicroak|Toxicroak, M|21/100|[from] U-turn
|-damage|p2a: Toxicroak|14/100|[from] Stealth Rock
|move|p1a: Alomomola|Play Rough|p2a: Toxicroak|[miss]
|-miss|p1a: Alomomola|p2a: Toxicroak
|
|-weather|RainDance|[upkeep]
|-heal|p2a: Toxicroak|27/100|[from] ability: Dry Skin
|upkeep
|turn|29
|
|t:|1779869682
|switch|p1a: Pecharunt|Pecharunt|75/100
|move|p2a: Toxicroak|Knock Off|p1a: Pecharunt
|-supereffective|p1a: Pecharunt
|-damage|p1a: Pecharunt|53/100
|-enditem|p1a: Pecharunt|Heavy-Duty Boots|[from] move: Knock Off|[of] p2a: Toxicroak
|
|-weather|RainDance|[upkeep]
|-heal|p2a: Toxicroak|39/100|[from] ability: Dry Skin
|upkeep
|turn|30
|
|t:|1779869690
|switch|p2a: Kingdra|Kingdra, F|76/100
|-damage|p2a: Kingdra|64/100|[from] Stealth Rock
|move|p1a: Pecharunt|Parting Shot|p2a: Kingdra
|-unboost|p2a: Kingdra|atk|1
|-unboost|p2a: Kingdra|spa|1
|
|t:|1779869696
|switch|p1a: Alomomola|Alomomola, M|71/100|[from] Parting Shot
|-damage|p1a: Alomomola|59/100|[from] Stealth Rock
|
|-weather|RainDance|[upkeep]
|upkeep
|turn|31
|
|t:|1779869701
|move|p2a: Kingdra|Flip Turn|p1a: Alomomola
|-resisted|p1a: Alomomola
|-damage|p1a: Alomomola|52/100
|
|t:|1779869703
|switch|p2a: Toxicroak|Toxicroak, M|39/100|[from] Flip Turn
|-damage|p2a: Toxicroak|33/100|[from] Stealth Rock
|move|p1a: Alomomola|Play Rough|p2a: Toxicroak
|-damage|p2a: Toxicroak|19/100
|-damage|p1a: Alomomola|36/100|[from] item: Rocky Helmet|[of] p2a: Toxicroak
|
|-weather|RainDance|[upkeep]
|-heal|p2a: Toxicroak|32/100|[from] ability: Dry Skin
|upkeep
|turn|32
|
|t:|1779869711
|switch|p2a: Kingdra|Kingdra, F|64/100
|-damage|p2a: Kingdra|51/100|[from] Stealth Rock
|switch|p1a: Gliscor|Gliscor, M|100/100 tox
|-damage|p1a: Gliscor|88/100 tox|[from] Stealth Rock
|
|-weather|RainDance|[upkeep]
|-heal|p1a: Gliscor|100/100 tox|[from] ability: Poison Heal
|upkeep
|turn|33
|
|t:|1779869716
|move|p1a: Gliscor|Protect|p1a: Gliscor
|-singleturn|p1a: Gliscor|Protect
|move|p2a: Kingdra|Weather Ball|p1a: Gliscor
|-activate|p1a: Gliscor|move: Protect
|
|-weather|none
|upkeep
|turn|34
|
|t:|1779869723
|switch|p2a: Pelipper|Pelipper, M, tera:Ground|87/100
|-damage|p2a: Pelipper|81/100|[from] Stealth Rock
|-weather|RainDance|[from] ability: Drizzle|[of] p2a: Pelipper
|move|p1a: Gliscor|Spikes|p2a: Pelipper
|-sidestart|p2: Abigcamel|Spikes
|
|-weather|RainDance|[upkeep]
|upkeep
|turn|35
|
|t:|1779869729
|move|p1a: Gliscor|Protect|p1a: Gliscor
|-singleturn|p1a: Gliscor|Protect
|move|p2a: Pelipper|Hurricane|p1a: Gliscor
|-activate|p1a: Gliscor|move: Protect
|
|-weather|RainDance|[upkeep]
|upkeep
|turn|36
|
|t:|1779869735
|move|p1a: Gliscor|U-turn|p2a: Pelipper
|-damage|p2a: Pelipper|67/100
|
|t:|1779869736
|switch|p1a: Alomomola|Alomomola, M|69/100|[from] U-turn
|-damage|p1a: Alomomola|57/100|[from] Stealth Rock
|move|p2a: Pelipper|U-turn|p1a: Alomomola
|-damage|p1a: Alomomola|50/100
|
|t:|1779869741
|switch|p2a: Kingdra|Kingdra, F|51/100|[from] U-turn
|-damage|p2a: Kingdra|39/100|[from] Stealth Rock
|-damage|p2a: Kingdra|27/100|[from] Spikes
|
|-weather|RainDance|[upkeep]
|upkeep
|turn|37
|inactive|smoldracovish has 120 seconds left.
|
|t:|1779869789
|move|p2a: Kingdra|Draco Meteor|p1a: Alomomola
|-damage|p1a: Alomomola|9/100
|-unboost|p2a: Kingdra|spa|2
|move|p1a: Alomomola|Play Rough|p2a: Kingdra|[miss]
|-miss|p1a: Alomomola|p2a: Kingdra
|
|-weather|RainDance|[upkeep]
|upkeep
|turn|38
|
|t:|1779869803
|switch|p2a: Poliwrath|Poliwrath, M|53/100
|-damage|p2a: Poliwrath|47/100|[from] Stealth Rock
|-damage|p2a: Poliwrath|34/100|[from] Spikes
|switch|p1a: Gliscor|Gliscor, M|100/100 tox
|-damage|p1a: Gliscor|88/100 tox|[from] Stealth Rock
|
|-weather|RainDance|[upkeep]
|-heal|p1a: Gliscor|100/100 tox|[from] ability: Poison Heal
|upkeep
|turn|39
|
|t:|1779869809
|move|p1a: Gliscor|Protect|p1a: Gliscor
|-singleturn|p1a: Gliscor|Protect
|move|p2a: Poliwrath|Liquidation|p1a: Gliscor
|-activate|p1a: Gliscor|move: Protect
|
|-weather|RainDance|[upkeep]
|upkeep
|turn|40
|inactive|smoldracovish has 120 seconds left.
|
|t:|1779869821
|-terastallize|p1a: Gliscor|Fairy
|move|p2a: Poliwrath|Liquidation|p1a: Gliscor
|-damage|p1a: Gliscor|9/100 tox
|move|p1a: Gliscor|Earthquake|p2a: Poliwrath
|-damage|p2a: Poliwrath|0 fnt
|faint|p2a: Poliwrath
|
|-weather|RainDance|[upkeep]
|-heal|p1a: Gliscor|21/100 tox|[from] ability: Poison Heal
|upkeep
|
|t:|1779869829
|switch|p2a: Pelipper|Pelipper, M, tera:Ground|67/100
|-damage|p2a: Pelipper|61/100|[from] Stealth Rock
|-damage|p2a: Pelipper|48/100|[from] Spikes
|turn|41
|
|t:|1779869835
|move|p1a: Gliscor|Earthquake|p2a: Pelipper
|-damage|p2a: Pelipper|13/100
|move|p2a: Pelipper|Roost|p2a: Pelipper
|-heal|p2a: Pelipper|63/100
|
|-weather|none
|-heal|p1a: Gliscor|33/100 tox|[from] ability: Poison Heal
|upkeep
|turn|42
|
|t:|1779869844
|move|p1a: Gliscor|Protect|p1a: Gliscor
|-singleturn|p1a: Gliscor|Protect
|move|p2a: Pelipper|Surf|p1a: Gliscor
|-activate|p1a: Gliscor|move: Protect
|
|-heal|p1a: Gliscor|46/100 tox|[from] ability: Poison Heal
|upkeep
|turn|43
|
|t:|1779869849
|move|p1a: Gliscor|U-turn|p2a: Pelipper
|-damage|p2a: Pelipper|49/100
|
|t:|1779869850
|switch|p1a: Alomomola|Alomomola, M|42/100|[from] U-turn
|-damage|p1a: Alomomola|30/100|[from] Stealth Rock
|move|p2a: Pelipper|U-turn|p1a: Alomomola
|-damage|p1a: Alomomola|23/100
|
|t:|1779869858
|switch|p2a: Toxicroak|Toxicroak, M|32/100|[from] U-turn
|-damage|p2a: Toxicroak|25/100|[from] Stealth Rock
|-damage|p2a: Toxicroak|13/100|[from] Spikes
|
|upkeep
|turn|44
|
|t:|1779869861
|switch|p1a: Pecharunt|Pecharunt|53/100
|-damage|p1a: Pecharunt|41/100|[from] Stealth Rock
|move|p2a: Toxicroak|Knock Off|p1a: Pecharunt
|-supereffective|p1a: Pecharunt
|-damage|p1a: Pecharunt|26/100
|
|upkeep
|turn|45
|
|t:|1779869866
|move|p2a: Toxicroak|Knock Off|p1a: Pecharunt
|-supereffective|p1a: Pecharunt
|-damage|p1a: Pecharunt|12/100
|move|p1a: Pecharunt|Recover|p1a: Pecharunt
|-heal|p1a: Pecharunt|62/100
|
|upkeep
|turn|46
|
|t:|1779869871
|move|p2a: Toxicroak|Encore|p1a: Pecharunt
|-start|p1a: Pecharunt|Encore
|move|p1a: Pecharunt|Recover|p1a: Pecharunt
|-heal|p1a: Pecharunt|100/100
|
|upkeep
|turn|47
|
|t:|1779869875
|switch|p1a: Gliscor|Gliscor, M, tera:Fairy|46/100 tox
|-damage|p1a: Gliscor|33/100 tox|[from] Stealth Rock
|move|p2a: Toxicroak|Knock Off|p1a: Gliscor
|-resisted|p1a: Gliscor
|-damage|p1a: Gliscor|21/100 tox
|-enditem|p1a: Gliscor|Toxic Orb|[from] move: Knock Off|[of] p2a: Toxicroak
|
|-heal|p1a: Gliscor|34/100 tox|[from] ability: Poison Heal
|upkeep
|turn|48
|
|t:|1779869881
|move|p1a: Gliscor|Earthquake|p2a: Toxicroak
|-supereffective|p2a: Toxicroak
|-damage|p2a: Toxicroak|0 fnt
|faint|p2a: Toxicroak
|
|-heal|p1a: Gliscor|46/100 tox|[from] ability: Poison Heal
|upkeep
|
|t:|1779869884
|switch|p2a: Pelipper|Pelipper, M, tera:Ground|49/100
|-damage|p2a: Pelipper|43/100|[from] Stealth Rock
|-damage|p2a: Pelipper|31/100|[from] Spikes
|-weather|RainDance|[from] ability: Drizzle|[of] p2a: Pelipper
|turn|49
|
|t:|1779869891
|move|p1a: Gliscor|Earthquake|p2a: Pelipper
|-damage|p2a: Pelipper|0 fnt
|faint|p2a: Pelipper
|
|-weather|RainDance|[upkeep]
|-heal|p1a: Gliscor|59/100 tox|[from] ability: Poison Heal
|upkeep
|
|t:|1779869893
|switch|p2a: Kingdra|Kingdra, F|27/100
|-damage|p2a: Kingdra|14/100|[from] Stealth Rock
|-damage|p2a: Kingdra|2/100|[from] Spikes
|turn|50
|
|t:|1779869898
|move|p1a: Gliscor|Protect|p1a: Gliscor
|-singleturn|p1a: Gliscor|Protect
|move|p2a: Kingdra|Weather Ball|p1a: Gliscor
|-activate|p1a: Gliscor|move: Protect
|
|-weather|RainDance|[upkeep]
|-heal|p1a: Gliscor|71/100 tox|[from] ability: Poison Heal
|upkeep
|turn|51
|
|t:|1779869902
|move|p2a: Kingdra|Weather Ball|p1a: Gliscor
|-damage|p1a: Gliscor|0 fnt
|faint|p1a: Gliscor
|
|-weather|RainDance|[upkeep]
|upkeep
|
|t:|1779869903
|switch|p1a: Alomomola|Alomomola, M|56/100
|-damage|p1a: Alomomola|44/100|[from] Stealth Rock
|turn|52
|
|t:|1779869906
|move|p2a: Kingdra|Weather Ball|p1a: Alomomola
|-resisted|p1a: Alomomola
|-damage|p1a: Alomomola|20/100
|move|p1a: Alomomola|Flip Turn|p2a: Kingdra
|-resisted|p2a: Kingdra
|-crit|p2a: Kingdra
|-damage|p2a: Kingdra|0 fnt
|faint|p2a: Kingdra
|
|win|smoldracovish
|raw|smoldracovish's rating: 1453 &rarr; <strong>1475</strong><br />(+22 for winning)
|raw|Abigcamel's rating: 1486 &rarr; <strong>1464</strong><br />(-22 for losing)
|l|‽Abigcamel
|player|p2|
|l|☆smoldracovish
|player|p1|
