|j|☆cpapi123
|j|☆HIJEFFHI
|t:|1779806522
|gametype|singles
|player|p1|cpapi123|alder|1175
|player|p2|HIJEFFHI|hiker-gen4|1129
|gen|9
|tier|[Gen 9] OU
|rated|
|rule|HP Percentage Mod: HP is shown in percentages
|rule|Endless Battle Clause: Forcing endless battles is banned
|rule|Species Clause: Limit one of each Pokémon
|rule|OHKO Clause: OHKO moves are banned
|rule|Evasion Items Clause: Evasion items are banned
|rule|Evasion Moves Clause: Evasion moves are banned
|rule|Evasion Abilities Clause: Evasion abilities are banned
|rule|Sleep Moves Clause: Sleep-inducing moves are banned
|clearpoke
|poke|p1|Gliscor, M|
|poke|p1|Thundurus, M|
|poke|p1|Gholdengo|
|poke|p1|Tyranitar, M|
|poke|p1|Clefable, M|
|poke|p1|Garchomp, F|
|poke|p2|Gliscor, M|
|poke|p2|Greninja-*, M|
|poke|p2|Garchomp, M|
|poke|p2|Mew|
|poke|p2|Zoroark-Hisui, M|
|poke|p2|Jirachi|
|teampreview
|inactive|Battle timer is ON: inactive players will automatically lose when time's up. (requested by cpapi123)
|
|t:|1779806546
|teamsize|p1|6
|teamsize|p2|6
|start
|switch|p1a: Thundurus|Thundurus, M|100/100
|switch|p2a: Mew|Mew, shiny|100/100
|turn|1
|
|t:|1779806551
|move|p1a: Thundurus|Knock Off|p2a: Mew
|-supereffective|p2a: Mew
|-damage|p2a: Mew|55/100
|-enditem|p2a: Mew|Leftovers|[from] move: Knock Off|[of] p1a: Thundurus
|move|p2a: Mew|Taunt|p1a: Thundurus
|-start|p1a: Thundurus|move: Taunt
|
|upkeep
|turn|2
|
|t:|1779806560
|move|p1a: Thundurus|Discharge|p2a: Mew
|-damage|p2a: Mew|31/100
|move|p2a: Mew|Stealth Rock|p1a: Thundurus
|-sidestart|p1: cpapi123|move: Stealth Rock
|
|upkeep
|turn|3
|
|t:|1779806567
|move|p1a: Thundurus|Knock Off|p2a: Mew
|-supereffective|p2a: Mew
|-damage|p2a: Mew|2/100
|move|p2a: Mew|Toxic|p1a: Thundurus
|-status|p1a: Thundurus|tox
|
|-damage|p1a: Thundurus|94/100 tox|[from] psn
|upkeep
|turn|4
|
|t:|1779806577
|move|p1a: Thundurus|Knock Off|p2a: Mew
|-supereffective|p2a: Mew
|-damage|p2a: Mew|0 fnt
|faint|p2a: Mew
|
|-heal|p1a: Thundurus|100/100 tox|[from] item: Leftovers
|-damage|p1a: Thundurus|88/100 tox|[from] psn
|-end|p1a: Thundurus|move: Taunt
|upkeep
|
|t:|1779806586
|switch|p2a: Gliscor|Gliscor, M|100/100
|turn|5
|
|t:|1779806597
|move|p2a: Gliscor|Protect|p2a: Gliscor
|-singleturn|p2a: Gliscor|Protect
|move|p1a: Thundurus|Knock Off|p2a: Gliscor
|-activate|p2a: Gliscor|move: Protect
|
|-heal|p1a: Thundurus|94/100 tox|[from] item: Leftovers
|-damage|p1a: Thundurus|76/100 tox|[from] psn
|-status|p2a: Gliscor|tox|[from] item: Toxic Orb
|upkeep
|turn|6
|
|t:|1779806608
|switch|p1a: Garchomp|Garchomp, F|100/100
|-damage|p1a: Garchomp|94/100|[from] Stealth Rock
|move|p2a: Gliscor|Knock Off|p1a: Garchomp
|-damage|p1a: Garchomp|72/100
|-damage|p2a: Gliscor|88/100 tox|[from] ability: Rough Skin|[of] p1a: Garchomp
|-damage|p2a: Gliscor|71/100 tox|[from] item: Rocky Helmet|[of] p1a: Garchomp
|-enditem|p1a: Garchomp|Rocky Helmet|[from] move: Knock Off|[of] p2a: Gliscor
|
|-heal|p2a: Gliscor|84/100 tox|[from] ability: Poison Heal
|upkeep
|turn|7
|
|t:|1779806620
|move|p1a: Garchomp|Swords Dance|p1a: Garchomp
|-boost|p1a: Garchomp|atk|2
|move|p2a: Gliscor|Toxic|p1a: Garchomp
|-status|p1a: Garchomp|tox
|
|-damage|p1a: Garchomp|66/100 tox|[from] psn
|-heal|p2a: Gliscor|96/100 tox|[from] ability: Poison Heal
|upkeep
|turn|8
|
|t:|1779806633
|move|p2a: Gliscor|Protect|p2a: Gliscor
|-singleturn|p2a: Gliscor|Protect
|move|p1a: Garchomp|Rock Slide|p2a: Gliscor
|-activate|p2a: Gliscor|move: Protect
|
|-damage|p1a: Garchomp|53/100 tox|[from] psn
|-heal|p2a: Gliscor|100/100 tox|[from] ability: Poison Heal
|upkeep
|turn|9
|
|t:|1779806643
|move|p1a: Garchomp|Rock Slide|p2a: Gliscor
|-damage|p2a: Gliscor|65/100 tox
|move|p2a: Gliscor|Earthquake|p1a: Garchomp
|-damage|p1a: Garchomp|19/100 tox
|
|-damage|p1a: Garchomp|0 fnt|[from] psn
|faint|p1a: Garchomp
|-heal|p2a: Gliscor|78/100 tox|[from] ability: Poison Heal
|upkeep
|
|t:|1779806652
|switch|p1a: Gliscor|Gliscor, M, shiny|100/100
|-damage|p1a: Gliscor|88/100|[from] Stealth Rock
|turn|10
|-message|cpapi123 forfeited.
|
|win|HIJEFFHI
|raw|cpapi123's rating: 1175 &rarr; <strong>1147</strong><br />(-28 for losing)
|raw|HIJEFFHI's rating: 1129 &rarr; <strong>1157</strong><br />(+28 for winning)
|l|☆cpapi123
|player|p1|
|l|☆HIJEFFHI
|player|p2|
