|j|☆mythiixx
|j|☆lord shiddenfards
|t:|1779870567
|gametype|singles
|player|p1|mythiixx|265|1608
|player|p2|lord shiddenfards|blaine|1578
|gen|9
|tier|[Gen 9] OU
|rated|
|rule|HP Percentage Mod: HP is shown in percentages
|rule|Endless Battle Clause: Forcing endless battles is banned
|rule|Species Clause: Limit one of each Pokémon
|rule|OHKO Clause: OHKO moves are banned
|rule|Evasion Items Clause: Evasion items are banned
|rule|Evasion Moves Clause: Evasion moves are banned
|rule|Evasion Abilities Clause: Evasion abilities are banned
|rule|Sleep Moves Clause: Sleep-inducing moves are banned
|clearpoke
|poke|p1|Hydrapple, M|
|poke|p1|Alomomola, F|
|poke|p1|Zapdos|
|poke|p1|Cinderace, M|
|poke|p1|Dragapult, F|
|poke|p1|Hoopa-Unbound|
|poke|p2|Ninetales, M|
|poke|p2|Great Tusk|
|poke|p2|Slither Wing|
|poke|p2|Raging Bolt|
|poke|p2|Iron Moth|
|poke|p2|Alomomola, F|
|teampreview
|inactive|Battle timer is ON: inactive players will automatically lose when time's up. (requested by lord shiddenfards)
|
|t:|1779870575
|teamsize|p1|6
|teamsize|p2|6
|start
|switch|p1a: Dragapult|Dragapult, F|100/100
|switch|p2a: Ninetales|Ninetales, M|100/100
|-weather|SunnyDay|[from] ability: Drought|[of] p2a: Ninetales
|turn|1
|
|t:|1779870581
|switch|p2a: Alomomola|Alomomola, F|100/100
|move|p1a: Dragapult|Dragon Darts|p2a: Alomomola
|-damage|p2a: Alomomola|76/100
|-anim|p1a: Dragapult|Dragon Darts|p2a: Alomomola
|-damage|p2a: Alomomola|51/100
|-enditem|p2a: Alomomola|Eject Button
|
|t:|1779870588
|switch|p2a: Raging Bolt|Raging Bolt|100/100
|-activate|p2a: Raging Bolt|ability: Protosynthesis
|-start|p2a: Raging Bolt|protosynthesisspa
|
|-weather|SunnyDay|[upkeep]
|upkeep
|turn|2
|
|t:|1779870609
|switch|p1a: Hoopa|Hoopa-Unbound|100/100
|-terastallize|p2a: Raging Bolt|Fairy
|move|p2a: Raging Bolt|Draco Meteor|p1a: Hoopa
|-damage|p1a: Hoopa|3/100
|-unboost|p2a: Raging Bolt|spa|2
|
|-weather|SunnyDay|[upkeep]
|upkeep
|turn|3
|
|t:|1779870620
|switch|p1a: Alomomola|Alomomola, F|100/100
|move|p2a: Raging Bolt|Volt Switch|p1a: Alomomola
|-supereffective|p1a: Alomomola
|-damage|p1a: Alomomola|72/100
|
|t:|1779870628
|-end|p2a: Raging Bolt|Protosynthesis|[silent]
|switch|p2a: Slither Wing|Slither Wing|100/100|[from] Volt Switch
|-activate|p2a: Slither Wing|ability: Protosynthesis
|-start|p2a: Slither Wing|protosynthesisatk
|
|-weather|SunnyDay|[upkeep]
|upkeep
|turn|4
|
|t:|1779870635
|switch|p1a: Zapdos|Zapdos|100/100
|move|p2a: Slither Wing|U-turn|p1a: Zapdos
|-resisted|p1a: Zapdos
|-damage|p1a: Zapdos|50/100
|
|t:|1779870638
|-end|p2a: Slither Wing|Protosynthesis|[silent]
|switch|p2a: Raging Bolt|Raging Bolt, tera:Fairy|100/100|[from] U-turn
|-activate|p2a: Raging Bolt|ability: Protosynthesis
|-start|p2a: Raging Bolt|protosynthesisspa
|
|-weather|SunnyDay|[upkeep]
|upkeep
|turn|5
|
|t:|1779870661
|move|p1a: Zapdos|Volt Switch|p2a: Raging Bolt
|-crit|p2a: Raging Bolt
|-damage|p2a: Raging Bolt|69/100
|
|t:|1779870665
|switch|p1a: Alomomola|Alomomola, F|100/100|[from] Volt Switch
|move|p2a: Raging Bolt|Volt Switch|p1a: Alomomola
|-supereffective|p1a: Alomomola
|-damage|p1a: Alomomola|52/100
|
|t:|1779870677
|-end|p2a: Raging Bolt|Protosynthesis|[silent]
|switch|p2a: Slither Wing|Slither Wing|100/100|[from] Volt Switch
|-activate|p2a: Slither Wing|ability: Protosynthesis
|-start|p2a: Slither Wing|protosynthesisatk
|
|-weather|none
|-end|p2a: Slither Wing|Protosynthesis
|upkeep
|turn|6
|
|t:|1779870685
|switch|p1a: Zapdos|Zapdos|50/100
|move|p2a: Slither Wing|U-turn|p1a: Zapdos
|-resisted|p1a: Zapdos
|-damage|p1a: Zapdos|14/100
|
|t:|1779870688
|-end|p2a: Slither Wing|Protosynthesis|[silent]
|switch|p2a: Raging Bolt|Raging Bolt, tera:Fairy|69/100|[from] U-turn
|
|upkeep
|turn|7
|
|t:|1779870700
|switch|p1a: Alomomola|Alomomola, F|85/100
|move|p2a: Raging Bolt|Volt Switch|p1a: Alomomola
|-supereffective|p1a: Alomomola
|-damage|p1a: Alomomola|46/100
|
|t:|1779870710
|-end|p2a: Raging Bolt|Protosynthesis|[silent]
|switch|p2a: Slither Wing|Slither Wing|100/100|[from] Volt Switch
|
|upkeep
|turn|8
|
|t:|1779870715
|move|p2a: Slither Wing|U-turn|p1a: Alomomola
|-damage|p1a: Alomomola|2/100
|
|t:|1779870720
|-end|p2a: Slither Wing|Protosynthesis|[silent]
|switch|p2a: Alomomola|Alomomola, F|84/100|[from] U-turn
|move|p1a: Alomomola|Flip Turn|p2a: Alomomola
|-resisted|p2a: Alomomola
|-damage|p2a: Alomomola|79/100
|
|t:|1779870724
|switch|p1a: Zapdos|Zapdos|14/100|[from] Flip Turn
|
|upkeep
|turn|9
|
|t:|1779870735
|move|p1a: Zapdos|Roost|p1a: Zapdos
|-heal|p1a: Zapdos|64/100
|-singleturn|p1a: Zapdos|move: Roost
|move|p2a: Alomomola|Flip Turn|p1a: Zapdos
|-damage|p1a: Zapdos|44/100
|
|t:|1779870737
|switch|p2a: Raging Bolt|Raging Bolt, tera:Fairy|69/100|[from] Flip Turn
|
|upkeep
|turn|10
|
|t:|1779870743
|move|p1a: Zapdos|Roost|p1a: Zapdos
|-heal|p1a: Zapdos|94/100
|-singleturn|p1a: Zapdos|move: Roost
|move|p2a: Raging Bolt|Volt Switch|p1a: Zapdos
|-resisted|p1a: Zapdos
|-damage|p1a: Zapdos|68/100
|
|t:|1779870747
|-end|p2a: Raging Bolt|Protosynthesis|[silent]
|switch|p2a: Ninetales|Ninetales, M|100/100|[from] Volt Switch
|-weather|SunnyDay|[from] ability: Drought|[of] p2a: Ninetales
|
|-weather|SunnyDay|[upkeep]
|upkeep
|turn|11
|
|t:|1779870755
|move|p2a: Ninetales|Weather Ball|p1a: Zapdos
|-damage|p1a: Zapdos|0 fnt
|faint|p1a: Zapdos
|
|-weather|SunnyDay|[upkeep]
|upkeep
|
|t:|1779870761
|switch|p1a: Alomomola|Alomomola, F|35/100
|turn|12
|
|t:|1779870770
|switch|p2a: Slither Wing|Slither Wing|100/100
|-activate|p2a: Slither Wing|ability: Protosynthesis
|-start|p2a: Slither Wing|protosynthesisatk
|switch|p1a: Hydrapple|Hydrapple, M|100/100
|
|-weather|SunnyDay|[upkeep]
|upkeep
|turn|13
|
|t:|1779870787
|move|p2a: Slither Wing|U-turn|p1a: Hydrapple
|-supereffective|p1a: Hydrapple
|-damage|p1a: Hydrapple|13/100
|-damage|p2a: Slither Wing|84/100|[from] item: Rocky Helmet|[of] p1a: Hydrapple
|
|t:|1779870800
|-end|p2a: Slither Wing|Protosynthesis|[silent]
|switch|p2a: Ninetales|Ninetales, M|100/100|[from] U-turn
|move|p1a: Hydrapple|Fickle Beam|p2a: Ninetales
|-damage|p2a: Ninetales|63/100
|
|-weather|SunnyDay|[upkeep]
|upkeep
|turn|14
|
|t:|1779870807
|switch|p1a: Alomomola|Alomomola, F|68/100
|move|p2a: Ninetales|Solar Beam||[still]
|-prepare|p2a: Ninetales|Solar Beam
|-anim|p2a: Ninetales|Solar Beam|p1a: Alomomola
|-supereffective|p1a: Alomomola
|-crit|p1a: Alomomola
|-damage|p1a: Alomomola|0 fnt
|faint|p1a: Alomomola
|
|-weather|none
|upkeep
|
|t:|1779870817
|switch|p1a: Dragapult|Dragapult, F|100/100
|turn|15
|
|t:|1779870824
|switch|p2a: Alomomola|Alomomola, F|100/100
|move|p1a: Dragapult|U-turn|p2a: Alomomola
|-damage|p2a: Alomomola|77/100
|
|t:|1779870827
|switch|p1a: Hoopa|Hoopa-Unbound|3/100|[from] U-turn
|
|upkeep
|turn|16
|
|t:|1779870832
|move|p1a: Hoopa|Psychic|p2a: Alomomola
|-damage|p2a: Alomomola|12/100
|move|p2a: Alomomola|Flip Turn|p1a: Hoopa
|-damage|p1a: Hoopa|0 fnt
|faint|p1a: Hoopa
|
|t:|1779870838
|switch|p2a: Ninetales|Ninetales, M|63/100|[from] Flip Turn
|-weather|SunnyDay|[from] ability: Drought|[of] p2a: Ninetales
|
|-weather|SunnyDay|[upkeep]
|upkeep
|
|t:|1779870842
|switch|p1a: Dragapult|Dragapult, F|100/100
|turn|17
|
|t:|1779870853
|switch|p2a: Alomomola|Alomomola, F|46/100
|move|p1a: Dragapult|Phantom Force||[still]
|-prepare|p1a: Dragapult|Phantom Force
|
|-weather|SunnyDay|[upkeep]
|upkeep
|turn|18
|
|t:|1779870856
|move|p1a: Dragapult|Phantom Force|p2a: Alomomola|[from] lockedmove
|-damage|p2a: Alomomola|0 fnt
|faint|p2a: Alomomola
|
|-weather|SunnyDay|[upkeep]
|upkeep
|
|t:|1779870864
|switch|p2a: Great Tusk|Great Tusk|100/100
|-activate|p2a: Great Tusk|ability: Protosynthesis
|-start|p2a: Great Tusk|protosynthesisspe
|turn|19
|
|t:|1779870869
|switch|p1a: Hydrapple|Hydrapple, M|47/100
|move|p2a: Great Tusk|Ice Spinner|p1a: Hydrapple
|-supereffective|p1a: Hydrapple
|-damage|p1a: Hydrapple|0 fnt
|-damage|p2a: Great Tusk|84/100|[from] item: Rocky Helmet|[of] p1a: Hydrapple
|faint|p1a: Hydrapple
|
|-weather|SunnyDay|[upkeep]
|upkeep
|
|t:|1779870874
|switch|p1a: Cinderace|Cinderace, M|100/100
|turn|20
|
|t:|1779870878
|move|p2a: Great Tusk|Headlong Rush|p1a: Cinderace
|-supereffective|p1a: Cinderace
|-damage|p1a: Cinderace|0 fnt
|-unboost|p2a: Great Tusk|def|1
|-unboost|p2a: Great Tusk|spd|1
|faint|p1a: Cinderace
|
|-weather|none
|-end|p2a: Great Tusk|Protosynthesis
|upkeep
|
|t:|1779870880
|switch|p1a: Dragapult|Dragapult, F|100/100
|turn|21
|
|t:|1779870884
|-end|p2a: Great Tusk|Protosynthesis|[silent]
|switch|p2a: Ninetales|Ninetales, M|63/100
|-weather|SunnyDay|[from] ability: Drought|[of] p2a: Ninetales
|move|p1a: Dragapult|Phantom Force||[still]
|-prepare|p1a: Dragapult|Phantom Force
|
|-weather|SunnyDay|[upkeep]
|upkeep
|turn|22
|
|t:|1779870886
|move|p1a: Dragapult|Phantom Force|p2a: Ninetales|[from] lockedmove
|-damage|p2a: Ninetales|0 fnt
|faint|p2a: Ninetales
|
|-weather|SunnyDay|[upkeep]
|upkeep
|
|t:|1779870908
|switch|p2a: Great Tusk|Great Tusk|84/100
|-activate|p2a: Great Tusk|ability: Protosynthesis
|-start|p2a: Great Tusk|protosynthesisspe
|turn|23
|inactive|mythiixx has 120 seconds left.
|inactive|mythiixx has 90 seconds left.
|
|t:|1779870977
|move|p2a: Great Tusk|Ice Spinner|p1a: Dragapult
|-supereffective|p1a: Dragapult
|-damage|p1a: Dragapult|39/100
|move|p1a: Dragapult|Phantom Force||[still]
|-prepare|p1a: Dragapult|Phantom Force
|
|-weather|SunnyDay|[upkeep]
|upkeep
|turn|24
|
|t:|1779870987
|move|p2a: Great Tusk|Bulk Up|p2a: Great Tusk
|-boost|p2a: Great Tusk|atk|1
|-boost|p2a: Great Tusk|def|1
|move|p1a: Dragapult|Phantom Force|p2a: Great Tusk|[from] lockedmove
|-damage|p2a: Great Tusk|55/100
|
|-weather|SunnyDay|[upkeep]
|upkeep
|turn|25
|
|t:|1779870992
|move|p2a: Great Tusk|Ice Spinner|p1a: Dragapult
|-supereffective|p1a: Dragapult
|-damage|p1a: Dragapult|0 fnt
|faint|p1a: Dragapult
|
|win|lord shiddenfards
|raw|mythiixx's rating: 1608 &rarr; <strong>1586</strong><br />(-22 for losing)
|raw|lord shiddenfards's rating: 1578 &rarr; <strong>1600</strong><br />(+22 for winning)
|l|☆mythiixx
|player|p1|
|l|☆lord shiddenfards
|player|p2|
