|j|☆snurke
|j|☆maximilk
|t:|1779858835
|gametype|singles
|player|p1|snurke|sisandbro|1482
|player|p2|maximilk|baker|1433
|gen|9
|tier|[Gen 9] OU
|rated|
|rule|HP Percentage Mod: HP is shown in percentages
|rule|Endless Battle Clause: Forcing endless battles is banned
|rule|Species Clause: Limit one of each Pokémon
|rule|OHKO Clause: OHKO moves are banned
|rule|Evasion Items Clause: Evasion items are banned
|rule|Evasion Moves Clause: Evasion moves are banned
|rule|Evasion Abilities Clause: Evasion abilities are banned
|rule|Sleep Moves Clause: Sleep-inducing moves are banned
|clearpoke
|poke|p1|Gholdengo|
|poke|p1|Iron Treads|
|poke|p1|Tornadus-Therian, M|
|poke|p1|Ceruledge, F|
|poke|p1|Zamazenta-*|
|poke|p1|Samurott-Hisui, M|
|poke|p2|Cramorant, F|
|poke|p2|Cresselia, F|
|poke|p2|Pawmot, M|
|poke|p2|Kingambit, F|
|poke|p2|Ceruledge, M|
|poke|p2|Kyurem|
|teampreview
|inactive|Battle timer is ON: inactive players will automatically lose when time's up. (requested by maximilk)
|
|t:|1779858855
|teamsize|p1|6
|teamsize|p2|6
|start
|switch|p1a: Draymoney Green|Tornadus-Therian, M, shiny|100/100
|switch|p2a: Cramorant|Cramorant, F|100/100
|turn|1
|
|t:|1779858860
|move|p1a: Draymoney Green|Knock Off|p2a: Cramorant
|-damage|p2a: Cramorant|63/100
|-enditem|p2a: Cramorant|Custap Berry|[from] move: Knock Off|[of] p1a: Draymoney Green
|move|p2a: Cramorant|Surf|p1a: Draymoney Green
|-formechange|p2a: Cramorant|Cramorant-Gulping|
|-damage|p1a: Draymoney Green|63/100
|
|upkeep
|turn|2
|
|t:|1779858886
|move|p1a: Draymoney Green|U-turn|p2a: Cramorant
|-resisted|p2a: Cramorant
|-damage|p2a: Cramorant|49/100
|-damage|p1a: Draymoney Green|38/100|[from] ability: Gulp Missile|[of] p2a: Cramorant
|-unboost|p1a: Draymoney Green|def|1
|-formechange|p2a: Cramorant|Cramorant|
|
|t:|1779858893
|switch|p1a: Crafty Lil' Shai|Samurott-Hisui, M, shiny|100/100|[from] U-turn
|move|p2a: Cramorant|Hurricane|p1a: Crafty Lil' Shai
|-crit|p1a: Crafty Lil' Shai
|-damage|p1a: Crafty Lil' Shai|1/100
|-start|p1a: Crafty Lil' Shai|confusion
|
|upkeep
|turn|3
|
|t:|1779858904
|-activate|p1a: Crafty Lil' Shai|confusion
|-damage|p1a: Crafty Lil' Shai|0 fnt|[from] confusion
|faint|p1a: Crafty Lil' Shai
|move|p2a: Cramorant|Surf|p1: Crafty Lil' Shai|[notarget]
|-fail|p2a: Cramorant
|
|upkeep
|
|t:|1779858915
|switch|p1a: Draymoney Green|Tornadus-Therian, M, shiny|71/100
|turn|4
|
|t:|1779858924
|move|p1a: Draymoney Green|Bleakwind Storm|p2a: Cramorant
|-damage|p2a: Cramorant|4/100
|-unboost|p2a: Cramorant|spe|1
|move|p2a: Cramorant|Surf|p1a: Draymoney Green
|-formechange|p2a: Cramorant|Cramorant-Gorging|
|-damage|p1a: Draymoney Green|35/100
|
|upkeep
|turn|5
|j| prepare 4 die
|inactive|snurke has 120 seconds left.
|inactive|snurke has 90 seconds left.
|
|t:|1779858986
|switch|p1a: Stephortless|Gholdengo, shiny|100/100
|-item|p1a: Stephortless|Air Balloon
|move|p2a: Cramorant|Endure||[still]
|-fail|p2a: Cramorant
|
|upkeep
|turn|6
|
|t:|1779858994
|move|p1a: Stephortless|Hex|p2a: Cramorant
|-damage|p2a: Cramorant|0 fnt
|-damage|p1a: Stephortless|76/100|[from] ability: Gulp Missile|[of] p2a: Cramorant
|-status|p1a: Stephortless|par
|-formechange|p2a: Cramorant|Cramorant|
|faint|p2a: Cramorant
|
|upkeep
|
|t:|1779859005
|switch|p2a: Kyurem|Kyurem|100/100
|-ability|p2a: Kyurem|Pressure
|turn|7
|
|t:|1779859008
|move|p2a: Kyurem|Substitute|p2a: Kyurem
|-start|p2a: Kyurem|Substitute
|-damage|p2a: Kyurem|75/100
|move|p1a: Stephortless|Thunder Wave||[still]
|-fail|p1a: Stephortless
|
|-heal|p2a: Kyurem|82/100|[from] item: Leftovers
|upkeep
|turn|8
|
|t:|1779859013
|move|p2a: Kyurem|Freeze-Dry|p1a: Stephortless
|-resisted|p1a: Stephortless
|-crit|p1a: Stephortless
|-damage|p1a: Stephortless|48/100 par
|-enditem|p1a: Stephortless|Air Balloon
|move|p1a: Stephortless|Dazzling Gleam|p2a: Kyurem
|-supereffective|p2a: Kyurem
|-end|p2a: Kyurem|Substitute
|
|-heal|p2a: Kyurem|88/100|[from] item: Leftovers
|upkeep
|turn|9
|
|t:|1779859022
|switch|p1a: Zamazenta|Zamazenta, shiny|100/100
|-ability|p1a: Zamazenta|Dauntless Shield|boost
|-boost|p1a: Zamazenta|def|1
|move|p2a: Kyurem|Protect||[still]
|-fail|p2a: Kyurem
|
|-heal|p2a: Kyurem|94/100|[from] item: Leftovers
|upkeep
|turn|10
|
|t:|1779859030
|switch|p2a: Cresselia|Cresselia, F|100/100
|move|p1a: Zamazenta|Substitute|p1a: Zamazenta
|-start|p1a: Zamazenta|Substitute
|-damage|p1a: Zamazenta|76/100
|
|-heal|p1a: Zamazenta|82/100|[from] item: Leftovers
|upkeep
|turn|11
|
|t:|1779859034
|move|p2a: Cresselia|Moonblast|p1a: Zamazenta
|-supereffective|p1a: Zamazenta
|-end|p1a: Zamazenta|Substitute
|move|p1a: Zamazenta|Crunch|p2a: Cresselia
|-supereffective|p2a: Cresselia
|-damage|p2a: Cresselia|71/100
|
|-heal|p1a: Zamazenta|88/100|[from] item: Leftovers
|upkeep
|turn|12
|
|t:|1779859042
|switch|p1a: Draymoney Green|Tornadus-Therian, M, shiny|69/100
|move|p2a: Cresselia|Moonblast|p1a: Draymoney Green
|-damage|p1a: Draymoney Green|50/100
|
|upkeep
|turn|13
|
|t:|1779859054
|switch|p2a: Kingambit|Kingambit, F|100/100
|-activate|p2a: Kingambit|ability: Supreme Overlord
|-start|p2a: Kingambit|fallen1|[silent]
|move|p1a: Draymoney Green|Taunt|p2a: Kingambit
|-start|p2a: Kingambit|move: Taunt
|
|upkeep
|turn|14
|
|t:|1779859072
|switch|p1a: Zamazenta|Zamazenta, shiny|88/100
|move|p2a: Kingambit|Kowtow Cleave|p1a: Zamazenta
|-resisted|p1a: Zamazenta
|-damage|p1a: Zamazenta|63/100
|
|-heal|p1a: Zamazenta|69/100|[from] item: Leftovers
|upkeep
|turn|15
|
|t:|1779859082
|switch|p1a: Stephortless|Gholdengo, shiny|48/100 par
|-end|p2a: Kingambit|fallen1|[silent]
|switch|p2a: Cresselia|Cresselia, F|71/100
|
|upkeep
|turn|16
|
|t:|1779859089
|switch|p2a: Pawmot|Pawmot, M|100/100
|move|p1a: Stephortless|Recover|p1a: Stephortless
|-heal|p1a: Stephortless|98/100 par
|
|upkeep
|turn|17
|
|t:|1779859103
|move|p2a: Pawmot|Revival Blessing|p2a: Pawmot
|-enditem|p2a: Pawmot|Leppa Berry|[eat]
|-activate|p2a: Pawmot|item: Leppa Berry|Revival Blessing|[consumed]
|
|t:|1779859107
|-heal|p2: Cramorant|50/100|[from] move: Revival Blessing
|move|p1a: Stephortless|Dazzling Gleam|p2a: Pawmot
|-supereffective|p2a: Pawmot
|-damage|p2a: Pawmot|0 fnt
|faint|p2a: Pawmot
|
|upkeep
|
|t:|1779859129
|switch|p2a: Kyurem|Kyurem|94/100
|-ability|p2a: Kyurem|Pressure
|turn|18
|
|t:|1779859145
|move|p2a: Kyurem|Substitute|p2a: Kyurem
|-start|p2a: Kyurem|Substitute
|-damage|p2a: Kyurem|69/100
|cant|p1a: Stephortless|par
|
|-heal|p2a: Kyurem|75/100|[from] item: Leftovers
|upkeep
|turn|19
|
|t:|1779859153
|move|p2a: Kyurem|Freeze-Dry|p1a: Stephortless
|-resisted|p1a: Stephortless
|-damage|p1a: Stephortless|80/100 par
|move|p1a: Stephortless|Dazzling Gleam|p2a: Kyurem
|-supereffective|p2a: Kyurem
|-end|p2a: Kyurem|Substitute
|
|-heal|p2a: Kyurem|81/100|[from] item: Leftovers
|upkeep
|turn|20
|inactive|snurke has 120 seconds left.
|
|t:|1779859210
|switch|p1a: Zamazenta|Zamazenta, shiny|69/100
|move|p2a: Kyurem|Protect||[still]
|-fail|p2a: Kyurem
|
|-heal|p1a: Zamazenta|75/100|[from] item: Leftovers
|-heal|p2a: Kyurem|88/100|[from] item: Leftovers
|upkeep
|turn|21
|
|t:|1779859218
|switch|p2a: Cresselia|Cresselia, F|71/100
|move|p1a: Zamazenta|Crunch|p2a: Cresselia
|-supereffective|p2a: Cresselia
|-crit|p2a: Cresselia
|-damage|p2a: Cresselia|30/100
|
|-heal|p1a: Zamazenta|81/100|[from] item: Leftovers
|upkeep
|turn|22
|
|t:|1779859225
|move|p2a: Cresselia|Trick|p1a: Zamazenta
|-activate|p2a: Cresselia|move: Trick|[of] p1a: Zamazenta
|-item|p1a: Zamazenta|Choice Scarf|[from] move: Trick
|-item|p2a: Cresselia|Leftovers|[from] move: Trick
|move|p1a: Zamazenta|Crunch|p2a: Cresselia
|-supereffective|p2a: Cresselia
|-damage|p2a: Cresselia|1/100
|
|-heal|p2a: Cresselia|7/100|[from] item: Leftovers
|upkeep
|turn|23
|
|t:|1779859232
|switch|p2a: Kingambit|Kingambit, F|100/100
|-activate|p2a: Kingambit|ability: Supreme Overlord
|-start|p2a: Kingambit|fallen2|[silent]
|move|p1a: Zamazenta|Crunch|p2a: Kingambit
|-resisted|p2a: Kingambit
|-damage|p2a: Kingambit|91/100
|
|upkeep
|turn|24
|inactive|snurke has 120 seconds left.
|
|t:|1779859239
|switch|p1a: Wembanyama|Ceruledge, F, shiny|100/100
|move|p2a: Kingambit|Kowtow Cleave|p1a: Wembanyama
|-supereffective|p1a: Wembanyama
|-damage|p1a: Wembanyama|0 fnt
|faint|p1a: Wembanyama
|
|upkeep
|inactive|snurke has 120 seconds left.
|
|t:|1779859254
|switch|p1a: Zamazenta|Zamazenta, shiny|81/100
|turn|25
|
|t:|1779859283
|switch|p1a: Draymoney Green|Tornadus-Therian, M, shiny|83/100
|-end|p2a: Kingambit|fallen2|[silent]
|switch|p2a: Ceruledge|Ceruledge, M|100/100
|
|upkeep
|turn|26
|inactive|snurke has 120 seconds left.
|
|t:|1779859303
|move|p1a: Draymoney Green|Taunt|p2a: Ceruledge
|-start|p2a: Ceruledge|move: Taunt
|move|p2a: Ceruledge|Bitter Blade|p1a: Draymoney Green
|-damage|p1a: Draymoney Green|21/100
|-damage|p2a: Ceruledge|84/100|[from] item: Rocky Helmet|[of] p1a: Draymoney Green
|-damage|p2a: Ceruledge|74/100|[from] item: Life Orb
|
|upkeep
|turn|27
|inactive|snurke has 120 seconds left.
|
|t:|1779859314
|switch|p1a: Zamazenta|Zamazenta, shiny|81/100
|move|p2a: Ceruledge|Bitter Blade|p1a: Zamazenta
|-damage|p1a: Zamazenta|42/100
|-heal|p2a: Ceruledge|100/100|[from] drain|[of] p1a: Zamazenta
|-damage|p2a: Ceruledge|91/100|[from] item: Life Orb
|
|upkeep
|turn|28
|inactive|snurke has 120 seconds left.
|
|t:|1779859325
|move|p1a: Zamazenta|Crunch|p2a: Ceruledge
|-supereffective|p2a: Ceruledge
|-damage|p2a: Ceruledge|27/100
|-ability|p2a: Ceruledge|Weak Armor|boost
|-unboost|p2a: Ceruledge|def|1
|-boost|p2a: Ceruledge|spe|2
|move|p2a: Ceruledge|Bitter Blade|p1a: Zamazenta
|-damage|p1a: Zamazenta|1/100
|-heal|p2a: Ceruledge|54/100|[from] drain|[of] p1a: Zamazenta
|-damage|p2a: Ceruledge|44/100|[from] item: Life Orb
|
|-end|p2a: Ceruledge|move: Taunt
|upkeep
|turn|29
|inactive|snurke has 120 seconds left.
|
|t:|1779859339
|move|p2a: Ceruledge|Bitter Blade|p1a: Zamazenta
|-damage|p1a: Zamazenta|0 fnt
|-heal|p2a: Ceruledge|45/100|[from] drain|[of] p1a: Zamazenta
|faint|p1a: Zamazenta
|-damage|p2a: Ceruledge|35/100|[from] item: Life Orb
|
|upkeep
|inactive|snurke has 120 seconds left.
|
|t:|1779859349
|switch|p1a: Iron Treads|Iron Treads, shiny|100/100
|turn|30
|
|t:|1779859358
|-terastallize|p1a: Iron Treads|Dragon
|move|p2a: Ceruledge|Destiny Bond|p2a: Ceruledge
|-singlemove|p2a: Ceruledge|Destiny Bond
|move|p1a: Iron Treads|Earthquake|p2a: Ceruledge
|-supereffective|p2a: Ceruledge
|-damage|p2a: Ceruledge|0 fnt
|faint|p2a: Ceruledge
|-activate|p2a: Ceruledge|move: Destiny Bond
|faint|p1a: Iron Treads
|-end|p1a: Iron Treads|Quark Drive|[silent]
|
|upkeep
|
|t:|1779859377
|switch|p1a: Draymoney Green|Tornadus-Therian, M, shiny|54/100
|switch|p2a: Kingambit|Kingambit, F|91/100
|-activate|p2a: Kingambit|ability: Supreme Overlord
|-start|p2a: Kingambit|fallen3|[silent]
|turn|31
|
|t:|1779859389
|move|p1a: Draymoney Green|U-turn|p2a: Kingambit
|-damage|p2a: Kingambit|79/100
|
|t:|1779859390
|switch|p1a: Stephortless|Gholdengo, shiny|80/100 par|[from] U-turn
|move|p2a: Kingambit|Kowtow Cleave|p1a: Stephortless
|-supereffective|p1a: Stephortless
|-damage|p1a: Stephortless|0 fnt
|faint|p1a: Stephortless
|
|upkeep
|
|t:|1779859392
|switch|p1a: Draymoney Green|Tornadus-Therian, M, shiny|87/100
|turn|32
|-message|snurke forfeited.
|
|win|maximilk
|raw|snurke's rating: 1482 &rarr; <strong>1459</strong><br />(-23 for losing)
|raw|maximilk's rating: 1433 &rarr; <strong>1456</strong><br />(+23 for winning)
|l|☆snurke
|player|p1|
|l|☆maximilk
|player|p2|
