|j|‽Lano Del Rey2
|j|☆dddzdddq2
|t:|1779946559
|gametype|singles
|player|p1|Lano Del Rey2|swimmer-gen4dp|1298
|player|p2|dddzdddq2|1|1353
|gen|9
|tier|[Gen 9] OU
|rated|
|rule|HP Percentage Mod: HP is shown in percentages
|rule|Endless Battle Clause: Forcing endless battles is banned
|rule|Species Clause: Limit one of each Pokémon
|rule|OHKO Clause: OHKO moves are banned
|rule|Evasion Items Clause: Evasion items are banned
|rule|Evasion Moves Clause: Evasion moves are banned
|rule|Evasion Abilities Clause: Evasion abilities are banned
|rule|Sleep Moves Clause: Sleep-inducing moves are banned
|clearpoke
|poke|p1|Clefable, F|
|poke|p1|Araquanid, M|
|poke|p1|Glimmora, F|
|poke|p1|Dragonite, M|
|poke|p1|Skarmory, M|
|poke|p1|Sinistcha-Masterpiece|
|poke|p2|Hatterene, F|
|poke|p2|Farigiraf, M|
|poke|p2|Mimikyu, M|
|poke|p2|Slither Wing|
|poke|p2|Ursaluna, F|
|poke|p2|Torkoal, F|
|teampreview
|inactive|Battle timer is ON: inactive players will automatically lose when time's up. (requested by Lano Del Rey2)
|
|t:|1779946573
|teamsize|p1|6
|teamsize|p2|6
|start
|switch|p1a: Araquanid|Araquanid, M|100/100
|switch|p2a: Hatterene|Hatterene, F|100/100
|turn|1
|
|t:|1779946588
|move|p1a: Araquanid|Liquidation|p2a: Hatterene
|-damage|p2a: Hatterene|55/100
|move|p2a: Hatterene|Psychic|p1a: Araquanid
|-damage|p1a: Araquanid|64/100
|
|-heal|p1a: Araquanid|70/100|[from] item: Leftovers
|upkeep
|turn|2
|
|t:|1779946596
|move|p1a: Araquanid|Mirror Coat||[still]
|-fail|p1a: Araquanid
|move|p2a: Hatterene|Trick Room|p2a: Hatterene
|-fieldstart|move: Trick Room|[of] p2a: Hatterene
|
|-heal|p1a: Araquanid|77/100|[from] item: Leftovers
|upkeep
|turn|3
|
|t:|1779946620
|switch|p2a: Slither Wing|Slither Wing|100/100
|move|p1a: Araquanid|Liquidation|p2a: Slither Wing
|-damage|p2a: Slither Wing|59/100
|
|-heal|p1a: Araquanid|83/100|[from] item: Leftovers
|upkeep
|turn|4
|
|t:|1779946629
|move|p1a: Araquanid|Sticky Web|p2a: Slither Wing
|-sidestart|p2: dddzdddq2|move: Sticky Web
|move|p2a: Slither Wing|U-turn|p1a: Araquanid
|-damage|p1a: Araquanid|29/100
|
|t:|1779946634
|-end|p2a: Slither Wing|Protosynthesis|[silent]
|switch|p2a: Ursaluna|Ursaluna, F|100/100|[from] U-turn
|-activate|p2a: Ursaluna|move: Sticky Web
|-unboost|p2a: Ursaluna|spe|1
|
|-heal|p1a: Araquanid|35/100|[from] item: Leftovers
|-status|p2a: Ursaluna|brn|[from] item: Flame Orb
|upkeep
|turn|5
|
|t:|1779946642
|switch|p1a: Sinistcha|Sinistcha-Masterpiece, shiny|100/100
|move|p2a: Ursaluna|Crunch|p1a: Sinistcha
|-supereffective|p1a: Sinistcha
|-damage|p1a: Sinistcha|34/100
|
|-heal|p1a: Sinistcha|40/100|[from] item: Leftovers
|-damage|p2a: Ursaluna|94/100 brn|[from] brn
|upkeep
|turn|6
|
|t:|1779946652
|switch|p1a: Skarmory|Skarmory, M|100/100
|move|p2a: Ursaluna|Crunch|p1a: Skarmory
|-damage|p1a: Skarmory|70/100
|-unboost|p1a: Skarmory|def|1
|-damage|p2a: Ursaluna|78/100 brn|[from] item: Rocky Helmet|[of] p1a: Skarmory
|
|-damage|p2a: Ursaluna|72/100 brn|[from] brn
|-fieldend|move: Trick Room
|upkeep
|turn|7
|
|t:|1779946663
|switch|p2a: Hatterene|Hatterene, F|55/100
|-activate|p2a: Hatterene|move: Sticky Web
|-unboost|p2a: Hatterene|spe|1
|move|p1a: Skarmory|Body Press|p2a: Hatterene
|-resisted|p2a: Hatterene
|-damage|p2a: Hatterene|50/100
|
|upkeep
|turn|8
|
|t:|1779946678
|switch|p1a: Glimmora|Glimmora, F, shiny|100/100
|move|p2a: Hatterene|Trick Room|p2a: Hatterene
|-fieldstart|move: Trick Room|[of] p2a: Hatterene
|
|upkeep
|turn|9
|
|t:|1779946684
|move|p2a: Hatterene|Psychic|p1a: Glimmora
|-supereffective|p1a: Glimmora
|-crit|p1a: Glimmora
|-damage|p1a: Glimmora|0 fnt
|faint|p1a: Glimmora
|
|upkeep
|
|t:|1779946699
|switch|p1a: Sinistcha|Sinistcha-Masterpiece, shiny|40/100
|turn|10
|
|t:|1779946709
|move|p2a: Hatterene|Psychic|p1a: Sinistcha
|-crit|p1a: Sinistcha
|-damage|p1a: Sinistcha|0 fnt
|faint|p1a: Sinistcha
|
|upkeep
|
|t:|1779946714
|switch|p1a: Dragonite|Dragonite, M|100/100
|turn|11
|
|t:|1779946730
|switch|p2a: Mimikyu|Mimikyu, M|100/100
|-activate|p2a: Mimikyu|move: Sticky Web
|-unboost|p2a: Mimikyu|spe|1
|move|p1a: Dragonite|Dragon Dance|p1a: Dragonite
|-boost|p1a: Dragonite|atk|1
|-boost|p1a: Dragonite|spe|1
|
|upkeep
|turn|12
|
|t:|1779946743
|switch|p2a: Slither Wing|Slither Wing|59/100
|-activate|p2a: Slither Wing|move: Sticky Web
|-unboost|p2a: Slither Wing|spe|1
|-terastallize|p1a: Dragonite|Fire
|move|p1a: Dragonite|Ice Punch|p2a: Slither Wing
|-damage|p2a: Slither Wing|14/100
|
|-fieldend|move: Trick Room
|upkeep
|turn|13
|
|t:|1779946752
|move|p2a: Slither Wing|First Impression|p1a: Dragonite
|-resisted|p1a: Dragonite
|-damage|p1a: Dragonite|83/100
|move|p1a: Dragonite|Dragon Dance|p1a: Dragonite
|-boost|p1a: Dragonite|atk|1
|-boost|p1a: Dragonite|spe|1
|
|upkeep
|turn|14
|
|t:|1779946759
|move|p2a: Slither Wing|First Impression||[still]
|-hint|First Impression only works on your first turn out.
|-fail|p2a: Slither Wing
|move|p1a: Dragonite|Earthquake|p2a: Slither Wing
|-resisted|p2a: Slither Wing
|-damage|p2a: Slither Wing|0 fnt
|faint|p2a: Slither Wing
|-end|p2a: Slither Wing|Protosynthesis|[silent]
|
|upkeep
|
|t:|1779946763
|switch|p2a: Mimikyu|Mimikyu, M|100/100
|-activate|p2a: Mimikyu|move: Sticky Web
|-unboost|p2a: Mimikyu|spe|1
|turn|15
|
|t:|1779946769
|move|p1a: Dragonite|Earthquake|p2a: Mimikyu
|-activate|p2a: Mimikyu|ability: Disguise
|-damage|p2a: Mimikyu|100/100
|detailschange|p2a: Mimikyu|Mimikyu-Busted, M
|-damage|p2a: Mimikyu|88/100|[from] pokemon: Mimikyu-Busted
|move|p2a: Mimikyu|Trick Room|p2a: Mimikyu
|-fieldstart|move: Trick Room|[of] p2a: Mimikyu
|
|upkeep
|turn|16
|
|t:|1779946777
|move|p2a: Mimikyu|Curse|p1a: Dragonite
|-start|p1a: Dragonite|Curse|[of] p2a: Mimikyu
|-damage|p2a: Mimikyu|38/100
|move|p1a: Dragonite|Earthquake|p2a: Mimikyu
|-damage|p2a: Mimikyu|0 fnt
|faint|p2a: Mimikyu
|
|-damage|p1a: Dragonite|58/100|[from] Curse
|upkeep
|
|t:|1779946779
|switch|p2a: Farigiraf|Farigiraf, M|100/100
|-activate|p2a: Farigiraf|move: Sticky Web
|-unboost|p2a: Farigiraf|spe|1
|turn|17
|
|t:|1779946791
|move|p2a: Farigiraf|Hyper Voice|p1a: Dragonite
|-damage|p1a: Dragonite|14/100
|-enditem|p2a: Farigiraf|Throat Spray
|-boost|p2a: Farigiraf|spa|1|[from] item: Throat Spray
|move|p1a: Dragonite|Roost|p1a: Dragonite
|-heal|p1a: Dragonite|64/100
|
|-damage|p1a: Dragonite|39/100|[from] Curse
|upkeep
|turn|18
|
|t:|1779946803
|move|p2a: Farigiraf|Hyper Voice|p1a: Dragonite
|-damage|p1a: Dragonite|0 fnt
|faint|p1a: Dragonite
|
|upkeep
|
|t:|1779946808
|switch|p1a: Araquanid|Araquanid, M|35/100
|turn|19
|
|t:|1779946817
|move|p2a: Farigiraf|Hyper Voice|p1a: Araquanid
|-damage|p1a: Araquanid|0 fnt
|faint|p1a: Araquanid
|
|-fieldend|move: Trick Room
|upkeep
|
|t:|1779946823
|switch|p1a: Clefable|Clefable, F, shiny|100/100
|turn|20
|
|t:|1779946828
|move|p1a: Clefable|Calm Mind|p1a: Clefable
|-boost|p1a: Clefable|spa|1
|-boost|p1a: Clefable|spd|1
|move|p2a: Farigiraf|Hyper Voice|p1a: Clefable
|-damage|p1a: Clefable|60/100
|
|upkeep
|turn|21
|
|t:|1779946835
|move|p1a: Clefable|Calm Mind|p1a: Clefable
|-boost|p1a: Clefable|spa|1
|-boost|p1a: Clefable|spd|1
|move|p2a: Farigiraf|Trick Room|p2a: Farigiraf
|-fieldstart|move: Trick Room|[of] p2a: Farigiraf
|
|upkeep
|turn|22
|
|t:|1779946840
|switch|p2a: Hatterene|Hatterene, F|50/100
|-activate|p2a: Hatterene|move: Sticky Web
|-unboost|p2a: Hatterene|spe|1
|move|p1a: Clefable|Moonlight|p1a: Clefable
|-heal|p1a: Clefable|100/100
|
|upkeep
|turn|23
|
|t:|1779946848
|move|p2a: Hatterene|Misty Explosion|p1a: Clefable
|-damage|p1a: Clefable|72/100
|faint|p2a: Hatterene
|move|p1a: Clefable|Moonblast|p2: Hatterene|[notarget]
|-fail|p1a: Clefable
|
|upkeep
|
|t:|1779946852
|switch|p2a: Ursaluna|Ursaluna, F|72/100 brn
|-activate|p2a: Ursaluna|move: Sticky Web
|-unboost|p2a: Ursaluna|spe|1
|turn|24
|
|t:|1779946858
|switch|p1a: Skarmory|Skarmory, M|70/100
|-terastallize|p2a: Ursaluna|Normal
|move|p2a: Ursaluna|Facade|p1a: Skarmory
|-resisted|p1a: Skarmory
|-damage|p1a: Skarmory|18/100
|-damage|p2a: Ursaluna|55/100 brn|[from] item: Rocky Helmet|[of] p1a: Skarmory
|
|-damage|p2a: Ursaluna|49/100 brn|[from] brn
|upkeep
|turn|25
|
|t:|1779946868
|move|p2a: Ursaluna|Facade|p1a: Skarmory
|-resisted|p1a: Skarmory
|-damage|p1a: Skarmory|0 fnt
|-damage|p2a: Ursaluna|32/100 brn|[from] item: Rocky Helmet|[of] p1a: Skarmory
|faint|p1a: Skarmory
|
|-damage|p2a: Ursaluna|26/100 brn|[from] brn
|-fieldend|move: Trick Room
|upkeep
|
|t:|1779946876
|switch|p1a: Clefable|Clefable, F, shiny|72/100
|turn|26
|
|t:|1779946878
|switch|p2a: Torkoal|Torkoal, F|100/100
|-activate|p2a: Torkoal|move: Sticky Web
|-unboost|p2a: Torkoal|spe|1
|-weather|SunnyDay|[from] ability: Drought|[of] p2a: Torkoal
|move|p1a: Clefable|Moonblast|p2a: Torkoal
|-resisted|p2a: Torkoal
|-damage|p2a: Torkoal|69/100
|-unboost|p2a: Torkoal|spa|1
|
|-weather|SunnyDay|[upkeep]
|upkeep
|turn|27
|
|t:|1779946889
|move|p1a: Clefable|Calm Mind|p1a: Clefable
|-boost|p1a: Clefable|spa|1
|-boost|p1a: Clefable|spd|1
|move|p2a: Torkoal|Flamethrower|p1a: Clefable
|-damage|p1a: Clefable|38/100
|
|-weather|SunnyDay|[upkeep]
|upkeep
|turn|28
|
|t:|1779946896
|switch|p2a: Farigiraf|Farigiraf, M|100/100
|-activate|p2a: Farigiraf|move: Sticky Web
|-unboost|p2a: Farigiraf|spe|1
|move|p1a: Clefable|Moonlight|p1a: Clefable
|-heal|p1a: Clefable|100/100
|
|-weather|SunnyDay|[upkeep]
|upkeep
|turn|29
|
|t:|1779946906
|move|p1a: Clefable|Moonblast|p2a: Farigiraf
|-damage|p2a: Farigiraf|30/100
|move|p2a: Farigiraf|Nasty Plot|p2a: Farigiraf
|-boost|p2a: Farigiraf|spa|2
|
|-weather|SunnyDay|[upkeep]
|upkeep
|turn|30
|
|t:|1779946913
|move|p1a: Clefable|Moonblast|p2a: Farigiraf
|-damage|p2a: Farigiraf|0 fnt
|faint|p2a: Farigiraf
|
|-weather|none
|upkeep
|-message|dddzdddq2 forfeited.
|
|win|Lano Del Rey2
|raw|Lano Del Rey2's rating: 1298 &rarr; <strong>1327</strong><br />(+29 for winning)
|raw|dddzdddq2's rating: 1353 &rarr; <strong>1330</strong><br />(-23 for losing)
|l|☆dddzdddq2
|player|p2|
|l|‽Lano Del Rey2
|player|p1|
