|j|☆hyuzhyuz
|j|☆pin$121
|t:|1779800178
|gametype|singles
|player|p1|hyuzhyuz|266|1138
|player|p2|pin$121|artist-gen4|1118
|gen|9
|tier|[Gen 9] OU
|rated|
|rule|HP Percentage Mod: HP is shown in percentages
|rule|Endless Battle Clause: Forcing endless battles is banned
|rule|Species Clause: Limit one of each Pokémon
|rule|OHKO Clause: OHKO moves are banned
|rule|Evasion Items Clause: Evasion items are banned
|rule|Evasion Moves Clause: Evasion moves are banned
|rule|Evasion Abilities Clause: Evasion abilities are banned
|rule|Sleep Moves Clause: Sleep-inducing moves are banned
|clearpoke
|poke|p1|Corviknight, M|
|poke|p1|Umbreon, M|
|poke|p1|Malamar, M|
|poke|p1|Cinderace, M|
|poke|p1|Manaphy|
|poke|p1|Serperior, M|
|poke|p2|Probopass, F|
|poke|p2|Slowking-Galar, F|
|poke|p2|Latios, M|
|poke|p2|Great Tusk|
|poke|p2|Alomomola, M|
|poke|p2|Meowscarada, F|
|teampreview
|inactive|Battle timer is ON: inactive players will automatically lose when time's up. (requested by hyuzhyuz)
|
|t:|1779800196
|teamsize|p1|6
|teamsize|p2|6
|start
|switch|p1a: Manaphy|Manaphy|100/100
|switch|p2a: Great Tusk|Great Tusk|100/100
|turn|1
|
|t:|1779800204
|-end|p2a: Great Tusk|Protosynthesis|[silent]
|switch|p2a: Latios|Latios, M|100/100
|move|p1a: Manaphy|Acid Armor|p1a: Manaphy
|-boost|p1a: Manaphy|def|2
|
|upkeep
|turn|2
|
|t:|1779800213
|move|p2a: Latios|Thunderbolt|p1a: Manaphy
|-supereffective|p1a: Manaphy
|-damage|p1a: Manaphy|45/100
|move|p1a: Manaphy|Take Heart|p1a: Manaphy
|-boost|p1a: Manaphy|spa|1
|-boost|p1a: Manaphy|spd|1
|
|-heal|p1a: Manaphy|51/100|[from] item: Leftovers
|upkeep
|turn|3
|
|t:|1779800222
|move|p2a: Latios|Thunderbolt|p1a: Manaphy
|-supereffective|p1a: Manaphy
|-crit|p1a: Manaphy
|-damage|p1a: Manaphy|0 fnt
|faint|p1a: Manaphy
|
|upkeep
|
|t:|1779800226
|switch|p1a: Corviknight|Corviknight, M|100/100
|turn|4
|
|t:|1779800234
|switch|p1a: Umbreon|Umbreon, M|100/100
|move|p2a: Latios|Thunderbolt|p1a: Umbreon
|-damage|p1a: Umbreon|82/100
|
|-heal|p1a: Umbreon|88/100|[from] item: Leftovers
|upkeep
|turn|5
|
|t:|1779800245
|switch|p2a: Slowking|Slowking-Galar, F|100/100
|move|p1a: Umbreon|Toxic|p2a: Slowking
|-immune|p2a: Slowking
|
|-heal|p1a: Umbreon|94/100|[from] item: Leftovers
|upkeep
|turn|6
|
|t:|1779800259
|switch|p1a: Malamar|Malamar, M|100/100
|move|p2a: Slowking|Thunder Wave|p1a: Malamar
|-status|p1a: Malamar|par
|
|upkeep
|turn|7
|
|t:|1779800278
|switch|p2a: Latios|Latios, M|100/100
|move|p1a: Malamar|Knock Off|p2a: Latios
|-supereffective|p2a: Latios
|-damage|p2a: Latios|0 fnt
|-enditem|p2a: Latios|Choice Scarf|[from] move: Knock Off|[of] p1a: Malamar
|faint|p2a: Latios
|
|upkeep
|
|t:|1779800292
|switch|p2a: Meowscarada|Meowscarada, F|100/100
|turn|8
|
|t:|1779800297
|switch|p1a: Corviknight|Corviknight, M|100/100
|move|p2a: Meowscarada|Knock Off|p1a: Corviknight
|-start|p2a: Meowscarada|typechange|Dark|[from] ability: Protean
|-damage|p1a: Corviknight|64/100
|-damage|p2a: Meowscarada|84/100|[from] item: Rocky Helmet|[of] p1a: Corviknight
|-enditem|p1a: Corviknight|Rocky Helmet|[from] move: Knock Off|[of] p2a: Meowscarada
|
|upkeep
|turn|9
|
|t:|1779800308
|switch|p2a: Probopass|Probopass, F, shiny|100/100
|move|p1a: Corviknight|Bulk Up|p1a: Corviknight
|-boost|p1a: Corviknight|atk|1
|-boost|p1a: Corviknight|def|1
|
|upkeep
|turn|10
|
|t:|1779800320
|move|p1a: Corviknight|Bulk Up|p1a: Corviknight
|-boost|p1a: Corviknight|atk|1
|-boost|p1a: Corviknight|def|1
|move|p2a: Probopass|Substitute|p2a: Probopass
|-start|p2a: Probopass|Substitute
|-damage|p2a: Probopass|76/100
|
|-heal|p2a: Probopass|82/100|[from] item: Leftovers
|upkeep
|turn|11
|
|t:|1779800331
|move|p1a: Corviknight|Body Press|p2a: Probopass
|-supereffective|p2a: Probopass
|-end|p2a: Probopass|Substitute
|move|p2a: Probopass|Iron Defense|p2a: Probopass
|-boost|p2a: Probopass|def|2
|
|-heal|p2a: Probopass|88/100|[from] item: Leftovers
|upkeep
|turn|12
|
|t:|1779800343
|-terastallize|p2a: Probopass|Flying
|move|p1a: Corviknight|Body Press|p2a: Probopass
|-resisted|p2a: Probopass
|-crit|p2a: Probopass
|-damage|p2a: Probopass|70/100
|move|p2a: Probopass|Iron Defense|p2a: Probopass
|-boost|p2a: Probopass|def|2
|
|-heal|p2a: Probopass|77/100|[from] item: Leftovers
|upkeep
|turn|13
|
|t:|1779800356
|move|p1a: Corviknight|Bulk Up|p1a: Corviknight
|-boost|p1a: Corviknight|atk|1
|-boost|p1a: Corviknight|def|1
|move|p2a: Probopass|Iron Defense|p2a: Probopass
|-boost|p2a: Probopass|def|2
|
|-heal|p2a: Probopass|83/100|[from] item: Leftovers
|upkeep
|turn|14
|
|t:|1779800365
|move|p1a: Corviknight|Bulk Up|p1a: Corviknight
|-boost|p1a: Corviknight|atk|1
|-boost|p1a: Corviknight|def|1
|move|p2a: Probopass|Body Press|p1a: Corviknight
|-damage|p1a: Corviknight|28/100
|
|-heal|p2a: Probopass|89/100|[from] item: Leftovers
|upkeep
|turn|15
|
|t:|1779800376
|move|p1a: Corviknight|Roost|p1a: Corviknight
|-heal|p1a: Corviknight|78/100
|-singleturn|p1a: Corviknight|move: Roost
|move|p2a: Probopass|Body Press|p1a: Corviknight
|-supereffective|p1a: Corviknight
|-damage|p1a: Corviknight|6/100
|
|-heal|p2a: Probopass|95/100|[from] item: Leftovers
|upkeep
|turn|16
|
|t:|1779800388
|move|p1a: Corviknight|Brave Bird|p2a: Probopass
|-damage|p2a: Probopass|80/100
|-damage|p1a: Corviknight|2/100|[from] Recoil
|move|p2a: Probopass|Body Press|p1a: Corviknight
|-damage|p1a: Corviknight|0 fnt
|faint|p1a: Corviknight
|
|-heal|p2a: Probopass|86/100|[from] item: Leftovers
|upkeep
|
|t:|1779800401
|switch|p1a: Umbreon|Umbreon, M|94/100
|turn|17
|
|t:|1779800411
|move|p1a: Umbreon|Toxic|p2a: Probopass
|-status|p2a: Probopass|tox
|move|p2a: Probopass|Substitute|p2a: Probopass
|-start|p2a: Probopass|Substitute
|-damage|p2a: Probopass|61/100 tox
|
|-heal|p1a: Umbreon|99/100|[from] item: Leftovers
|-heal|p2a: Probopass|68/100 tox|[from] item: Leftovers
|-damage|p2a: Probopass|61/100 tox|[from] psn
|upkeep
|turn|18
|
|t:|1779800425
|move|p1a: Umbreon|Protect|p1a: Umbreon
|-singleturn|p1a: Umbreon|Protect
|move|p2a: Probopass|Body Press|p1a: Umbreon
|-activate|p1a: Umbreon|move: Protect
|
|-heal|p1a: Umbreon|100/100|[from] item: Leftovers
|-heal|p2a: Probopass|68/100 tox|[from] item: Leftovers
|-damage|p2a: Probopass|55/100 tox|[from] psn
|upkeep
|turn|19
|
|t:|1779800437
|move|p1a: Umbreon|Moonlight|p1a: Umbreon
|-fail|p1a: Umbreon|heal
|move|p2a: Probopass|Body Press|p1a: Umbreon
|-supereffective|p1a: Umbreon
|-damage|p1a: Umbreon|0 fnt
|faint|p1a: Umbreon
|
|-heal|p2a: Probopass|61/100 tox|[from] item: Leftovers
|-damage|p2a: Probopass|43/100 tox|[from] psn
|upkeep
|
|t:|1779800453
|switch|p1a: Malamar|Malamar, M|100/100 par
|turn|20
|
|t:|1779800465
|-terastallize|p1a: Malamar|Fighting
|move|p2a: Probopass|Body Press|p1a: Malamar
|-damage|p1a: Malamar|0 fnt
|faint|p1a: Malamar
|
|-heal|p2a: Probopass|49/100 tox|[from] item: Leftovers
|-damage|p2a: Probopass|24/100 tox|[from] psn
|upkeep
|
|t:|1779800479
|switch|p1a: Cinderace|Cinderace, M|100/100
|turn|21
|
|t:|1779800488
|move|p1a: Cinderace|Gunk Shot|p2a: Probopass
|-start|p1a: Cinderace|typechange|Poison|[from] ability: Libero
|-crit|p2a: Probopass
|-end|p2a: Probopass|Substitute
|move|p2a: Probopass|Body Press|p1a: Cinderace
|-resisted|p1a: Cinderace
|-damage|p1a: Cinderace|6/100
|
|-heal|p2a: Probopass|31/100 tox|[from] item: Leftovers
|-damage|p2a: Probopass|0 fnt|[from] psn
|faint|p2a: Probopass
|upkeep
|
|t:|1779800500
|switch|p2a: Meowscarada|Meowscarada, F|84/100
|turn|22
|
|t:|1779800504
|move|p2a: Meowscarada|Knock Off|p1a: Cinderace
|-start|p2a: Meowscarada|typechange|Dark|[from] ability: Protean
|-damage|p1a: Cinderace|0 fnt
|-enditem|p1a: Cinderace|Assault Vest|[from] move: Knock Off|[of] p2a: Meowscarada
|faint|p1a: Cinderace
|
|upkeep
|
|t:|1779800512
|switch|p1a: Serperior|Serperior, M|100/100
|turn|23
|
|t:|1779800518
|move|p2a: Meowscarada|Triple Axel|p1a: Serperior
|-supereffective|p1a: Serperior
|-damage|p1a: Serperior|86/100
|-supereffective|p1a: Serperior
|-damage|p1a: Serperior|56/100
|-supereffective|p1a: Serperior
|-damage|p1a: Serperior|12/100
|-hitcount|p1a: Serperior|3
|move|p1a: Serperior|Glare|p2a: Meowscarada
|-status|p2a: Meowscarada|par
|
|upkeep
|turn|24
|
|t:|1779800529
|move|p1a: Serperior|Leaf Storm|p2a: Meowscarada
|-damage|p2a: Meowscarada|0 fnt
|-boost|p1a: Serperior|spa|2
|faint|p2a: Meowscarada
|-damage|p1a: Serperior|2/100|[from] item: Life Orb
|
|upkeep
|
|t:|1779800536
|switch|p2a: Slowking|Slowking-Galar, F|100/100
|turn|25
|
|t:|1779800540
|move|p1a: Serperior|Synthesis|p1a: Serperior
|-heal|p1a: Serperior|52/100
|move|p2a: Slowking|Sludge Bomb|p1a: Serperior
|-supereffective|p1a: Serperior
|-damage|p1a: Serperior|0 fnt
|faint|p1a: Serperior
|
|win|pin$121
|raw|hyuzhyuz's rating: 1138 &rarr; <strong>1112</strong><br />(-26 for losing)
|raw|pin$121's rating: 1118 &rarr; <strong>1144</strong><br />(+26 for winning)
|l|☆hyuzhyuz
|player|p1|
|l|☆pin$121
|player|p2|
