|j|☆difspa
|j|☆Omari P
|t:|1779902545
|gametype|singles
|player|p1|difspa|101|1584
|player|p2|Omari P|pokemonrangerf|1553
|gen|9
|tier|[Gen 9] OU
|rated|
|rule|HP Percentage Mod: HP is shown in percentages
|rule|Endless Battle Clause: Forcing endless battles is banned
|rule|Species Clause: Limit one of each Pokémon
|rule|OHKO Clause: OHKO moves are banned
|rule|Evasion Items Clause: Evasion items are banned
|rule|Evasion Moves Clause: Evasion moves are banned
|rule|Evasion Abilities Clause: Evasion abilities are banned
|rule|Sleep Moves Clause: Sleep-inducing moves are banned
|clearpoke
|poke|p1|Tyranitar, F|
|poke|p1|Excadrill, F|
|poke|p1|Slowking-Galar, F|
|poke|p1|Dragapult, M|
|poke|p1|Ogerpon-Wellspring, F|
|poke|p1|Corviknight, M|
|poke|p2|Morpeko, M|
|poke|p2|Volcanion|
|poke|p2|Fezandipiti, M|
|poke|p2|Rillaboom, M|
|poke|p2|Dragapult, M|
|poke|p2|Deoxys-Speed|
|teampreview
|j| watch catss
|
|t:|1779902588
|teamsize|p1|6
|teamsize|p2|6
|start
|switch|p1a: Dragapult|Dragapult, M|100/100
|switch|p2a: Deoxys|Deoxys-Speed|100/100
|-ability|p2a: Deoxys|Pressure
|turn|1
|
|t:|1779902592
|switch|p1a: Slowking|Slowking-Galar, F|100/100
|move|p2a: Deoxys|Psycho Boost|p1a: Slowking
|-damage|p1a: Slowking|72/100
|-unboost|p2a: Deoxys|spa|2
|
|upkeep
|turn|2
|
|t:|1779902597
|move|p2a: Deoxys|Stealth Rock|p1a: Slowking
|-sidestart|p1: difspa|move: Stealth Rock
|move|p1a: Slowking|Sludge Bomb|p2a: Deoxys
|-damage|p2a: Deoxys|34/100
|
|upkeep
|turn|3
|
|t:|1779902611
|switch|p2a: Dragapult|Dragapult, M|100/100
|move|p1a: Slowking|Sludge Bomb|p2a: Dragapult
|-resisted|p2a: Dragapult
|-damage|p2a: Dragapult|71/100
|-status|p2a: Dragapult|psn
|
|-damage|p2a: Dragapult|59/100 psn|[from] psn
|upkeep
|turn|4
|
|t:|1779902616
|switch|p1a: Tyranitar|Tyranitar, F|100/100
|-damage|p1a: Tyranitar|88/100|[from] Stealth Rock
|-weather|Sandstorm|[from] ability: Sand Stream|[of] p1a: Tyranitar
|move|p2a: Dragapult|U-turn|p1a: Tyranitar
|-supereffective|p1a: Tyranitar
|-damage|p1a: Tyranitar|56/100
|-damage|p2a: Dragapult|49/100 psn|[from] item: Life Orb
|
|t:|1779902624
|switch|p2a: Rillaboom|Rillaboom, M|100/100|[from] U-turn
|-fieldstart|move: Grassy Terrain|[from] ability: Grassy Surge|[of] p2a: Rillaboom
|
|-weather|Sandstorm|[upkeep]
|-damage|p2a: Rillaboom|94/100|[from] Sandstorm
|-heal|p2a: Rillaboom|100/100|[from] Grassy Terrain
|-heal|p1a: Tyranitar|62/100|[from] Grassy Terrain
|upkeep
|turn|5
|
|t:|1779902628
|switch|p2a: Volcanion|Volcanion|100/100
|switch|p1a: Corviknight|Corviknight, M|100/100
|-damage|p1a: Corviknight|88/100|[from] Stealth Rock
|-ability|p1a: Corviknight|Pressure
|
|-weather|Sandstorm|[upkeep]
|-damage|p2a: Volcanion|94/100|[from] Sandstorm
|-heal|p2a: Volcanion|100/100|[from] Grassy Terrain
|upkeep
|turn|6
|inactive|Battle timer is ON: inactive players will automatically lose when time's up. (requested by Omari P)
|l| watch catss
|
|t:|1779902663
|switch|p1a: Slowking|Slowking-Galar, F|100/100
|-damage|p1a: Slowking|88/100|[from] Stealth Rock
|move|p2a: Volcanion|Fire Blast|p1a: Slowking
|-damage|p1a: Slowking|40/100
|
|-weather|Sandstorm|[upkeep]
|-damage|p2a: Volcanion|94/100|[from] Sandstorm
|-damage|p1a: Slowking|34/100|[from] Sandstorm
|-heal|p2a: Volcanion|100/100|[from] Grassy Terrain
|-heal|p1a: Slowking|40/100|[from] Grassy Terrain
|upkeep
|turn|7
|j| watch catss
|inactive|difspa has 120 seconds left.
|
|t:|1779902705
|move|p2a: Volcanion|Fire Blast|p1a: Slowking
|-damage|p1a: Slowking|0 fnt
|faint|p1a: Slowking
|
|-weather|Sandstorm|[upkeep]
|-damage|p2a: Volcanion|94/100|[from] Sandstorm
|-heal|p2a: Volcanion|100/100|[from] Grassy Terrain
|upkeep
|
|t:|1779902708
|switch|p1a: Excadrill|Excadrill, F|100/100
|-damage|p1a: Excadrill|97/100|[from] Stealth Rock
|-item|p1a: Excadrill|Air Balloon
|turn|8
|inactive|difspa has 120 seconds left.
|
|t:|1779902725
|move|p1a: Excadrill|Earthquake|p2a: Volcanion
|-supereffective|p2a: Volcanion
|-damage|p2a: Volcanion|55/100
|move|p2a: Volcanion|Fire Blast|p1a: Excadrill
|-supereffective|p1a: Excadrill
|-damage|p1a: Excadrill|0 fnt
|-enditem|p1a: Excadrill|Air Balloon
|faint|p1a: Excadrill
|
|-weather|Sandstorm|[upkeep]
|-damage|p2a: Volcanion|49/100|[from] Sandstorm
|-heal|p2a: Volcanion|55/100|[from] Grassy Terrain
|-fieldend|move: Grassy Terrain
|upkeep
|inactive|difspa has 120 seconds left.
|
|t:|1779902737
|switch|p1a: Dragapult|Dragapult, M|100/100
|-damage|p1a: Dragapult|88/100|[from] Stealth Rock
|turn|9
|
|t:|1779902755
|switch|p2a: Haku|Fezandipiti, M|100/100
|-item|p2a: Haku|Air Balloon
|move|p1a: Dragapult|Shadow Ball|p2a: Haku
|-damage|p2a: Haku|64/100
|-enditem|p2a: Haku|Air Balloon
|
|-weather|Sandstorm|[upkeep]
|-damage|p1a: Dragapult|82/100|[from] Sandstorm
|-damage|p2a: Haku|58/100|[from] Sandstorm
|upkeep
|turn|10
|
|t:|1779902762
|-terastallize|p1a: Dragapult|Ghost
|move|p1a: Dragapult|Shadow Ball|p2a: Haku
|-damage|p2a: Haku|6/100
|move|p2a: Haku|Swords Dance|p2a: Haku
|-boost|p2a: Haku|atk|2
|
|-weather|Sandstorm|[upkeep]
|-damage|p1a: Dragapult|76/100|[from] Sandstorm
|-damage|p2a: Haku|0 fnt|[from] Sandstorm
|faint|p2a: Haku
|upkeep
|
|t:|1779902767
|switch|p2a: Deoxys|Deoxys-Speed|34/100
|-ability|p2a: Deoxys|Pressure
|turn|11
|l| watch catss
|
|t:|1779902775
|switch|p1a: Tyranitar|Tyranitar, F|62/100
|-damage|p1a: Tyranitar|50/100|[from] Stealth Rock
|move|p2a: Deoxys|Ice Beam|p1a: Tyranitar
|-damage|p1a: Tyranitar|38/100
|
|-weather|none
|upkeep
|turn|12
|j| ZacianMyWaifuPrpr
|
|t:|1779902779
|switch|p2a: Morpeko|Morpeko, M|100/100
|move|p1a: Tyranitar|Stealth Rock|p2a: Morpeko
|-sidestart|p2: Omari P|move: Stealth Rock
|
|-formechange|p2a: Morpeko|Morpeko-Hangry||[from] ability: Hunger Switch
|upkeep
|turn|13
|
|t:|1779902786
|move|p2a: Morpeko|Aura Wheel|p1a: Tyranitar
|-resisted|p1a: Tyranitar
|-damage|p1a: Tyranitar|18/100
|-boost|p2a: Morpeko|spe|1
|move|p1a: Tyranitar|Knock Off|p2a: Morpeko
|-resisted|p2a: Morpeko
|-damage|p2a: Morpeko|64/100
|-enditem|p2a: Morpeko|Leftovers|[from] move: Knock Off|[of] p1a: Tyranitar
|
|-formechange|p2a: Morpeko|Morpeko||[from] ability: Hunger Switch
|upkeep
|turn|14
|
|t:|1779902791
|move|p2a: Morpeko|Aura Wheel|p1a: Tyranitar
|-damage|p1a: Tyranitar|0 fnt
|-boost|p2a: Morpeko|spe|1
|faint|p1a: Tyranitar
|
|-formechange|p2a: Morpeko|Morpeko-Hangry||[from] ability: Hunger Switch
|upkeep
|
|t:|1779902802
|switch|p1a: Ogerpon|Ogerpon-Wellspring, F|100/100
|-damage|p1a: Ogerpon|88/100|[from] Stealth Rock
|turn|15
|
|t:|1779902811
|move|p2a: Morpeko|Rapid Spin|p1a: Ogerpon
|-damage|p1a: Ogerpon|67/100
|-boost|p2a: Morpeko|spe|1
|-sideend|p2: Omari P|Stealth Rock|[from] move: Rapid Spin|[of] p2a: Morpeko
|move|p1a: Ogerpon|Power Whip|p2a: Morpeko|[miss]
|-miss|p1a: Ogerpon|p2a: Morpeko
|
|-formechange|p2a: Morpeko|Morpeko||[from] ability: Hunger Switch
|upkeep
|turn|16
|-message|difspa forfeited.
|
|win|Omari P
|raw|difspa's rating: 1584 &rarr; <strong>1562</strong><br />(-22 for losing)
|raw|Omari P's rating: 1553 &rarr; <strong>1575</strong><br />(+22 for winning)
|l|☆difspa
|player|p1|
|c|☆Omari P|BIG PEKO
|j| watch catss
|l| ZacianMyWaifuPrpr
|l| watch catss
