|j|☆tyoip
|j|☆krzychuu
|t:|1779811973
|gametype|singles
|player|p1|tyoip|colress|1088
|player|p2|krzychuu|266|1070
|gen|9
|tier|[Gen 9] OU
|rated|
|rule|HP Percentage Mod: HP is shown in percentages
|rule|Endless Battle Clause: Forcing endless battles is banned
|rule|Species Clause: Limit one of each Pokémon
|rule|OHKO Clause: OHKO moves are banned
|rule|Evasion Items Clause: Evasion items are banned
|rule|Evasion Moves Clause: Evasion moves are banned
|rule|Evasion Abilities Clause: Evasion abilities are banned
|rule|Sleep Moves Clause: Sleep-inducing moves are banned
|clearpoke
|poke|p1|Infernape, F|
|poke|p1|Empoleon, F|
|poke|p1|Torterra, F|
|poke|p1|Staraptor, F|
|poke|p1|Kricketune, M|
|poke|p1|Luxray, M|
|poke|p2|Ceruledge, F|
|poke|p2|Clefable, M|
|poke|p2|Gholdengo|
|poke|p2|Slowking-Galar, F|
|poke|p2|Raging Bolt|
|poke|p2|Hatterene, F|
|teampreview
|
|t:|1779811985
|teamsize|p1|6
|teamsize|p2|6
|start
|switch|p1a: Luxray|Luxray, M|100/100
|switch|p2a: Slowking|Slowking-Galar, F|100/100
|turn|1
|
|t:|1779811993
|move|p1a: Luxray|Trailblaze|p2a: Slowking
|-resisted|p2a: Slowking
|-damage|p2a: Slowking|91/100
|-boost|p1a: Luxray|spe|1
|move|p2a: Slowking|Expanding Force|p1a: Luxray
|-damage|p1a: Luxray|57/100
|
|-status|p1a: Luxray|brn|[from] item: Flame Orb
|upkeep
|turn|2
|
|t:|1779812007
|move|p1a: Luxray|Facade|p2a: Slowking
|-damage|p2a: Slowking|14/100
|move|p2a: Slowking|Expanding Force|p1a: Luxray
|-damage|p1a: Luxray|16/100 brn
|
|-damage|p1a: Luxray|10/100 brn|[from] brn
|upkeep
|turn|3
|
|t:|1779812018
|switch|p2a: Gholdengo|Gholdengo|100/100
|-item|p2a: Gholdengo|Air Balloon
|move|p1a: Luxray|Facade|p2a: Gholdengo
|-immune|p2a: Gholdengo
|
|-damage|p1a: Luxray|4/100 brn|[from] brn
|upkeep
|turn|4
|l|☆tyoip
|player|p1|
|j| Amphi n enjoyer
|j|☆tyoip
|player|p1|tyoip|colress|
|
|t:|1779812160
|move|p1a: Luxray|Supercell Slam|p2a: Gholdengo
|-damage|p2a: Gholdengo|29/100
|-enditem|p2a: Gholdengo|Air Balloon
|move|p2a: Gholdengo|Psyshock|p1a: Luxray
|-damage|p1a: Luxray|0 fnt
|faint|p1a: Luxray
|
|upkeep
|
|t:|1779812174
|switch|p1a: Kricketune|Kricketune, M|100/100
|turn|5
|
|t:|1779812179
|move|p2a: Gholdengo|Recover|p2a: Gholdengo
|-heal|p2a: Gholdengo|79/100
|move|p1a: Kricketune|Knock Off|p2a: Gholdengo
|-supereffective|p2a: Gholdengo
|-damage|p2a: Gholdengo|29/100
|-damage|p1a: Kricketune|91/100|[from] item: Life Orb
|
|upkeep
|turn|6
|
|t:|1779812188
|switch|p2a: Ceruledge|Ceruledge, F|100/100
|move|p1a: Kricketune|Knock Off|p2a: Ceruledge
|-supereffective|p2a: Ceruledge
|-damage|p2a: Ceruledge|9/100
|-ability|p2a: Ceruledge|Weak Armor|boost
|-unboost|p2a: Ceruledge|def|1
|-boost|p2a: Ceruledge|spe|2
|-enditem|p2a: Ceruledge|Choice Scarf|[from] move: Knock Off|[of] p1a: Kricketune
|-damage|p1a: Kricketune|81/100|[from] item: Life Orb
|
|upkeep
|turn|7
|
|t:|1779812198
|move|p2a: Ceruledge|Flare Blitz|p1a: Kricketune
|-supereffective|p1a: Kricketune
|-damage|p1a: Kricketune|0 fnt
|faint|p1a: Kricketune
|-damage|p2a: Ceruledge|0 fnt|[from] Recoil
|faint|p2a: Ceruledge
|
|upkeep
|
|t:|1779812206
|switch|p2a: Gholdengo|Gholdengo|29/100
|switch|p1a: Empoleon|Empoleon, F|100/100
|turn|8
|
|t:|1779812211
|move|p2a: Gholdengo|Poltergeist|p1a: Empoleon
|-activate|p1a: Empoleon|move: Poltergeist|Throat Spray
|-damage|p1a: Empoleon|71/100
|move|p1a: Empoleon|Metal Sound|p2a: Gholdengo
|-immune|p2a: Gholdengo|[from] ability: Good as Gold
|
|upkeep
|turn|9
|
|t:|1779812226
|move|p2a: Gholdengo|Recover|p2a: Gholdengo
|-heal|p2a: Gholdengo|79/100
|move|p1a: Empoleon|Surf|p2a: Gholdengo
|-crit|p2a: Gholdengo
|-damage|p2a: Gholdengo|8/100
|
|upkeep
|turn|10
|-message|krzychuu forfeited.
|
|win|tyoip
|raw|tyoip's rating: 1088 &rarr; <strong>1113</strong><br />(+25 for winning)
|raw|krzychuu's rating: 1070 &rarr; <strong>1051</strong><br />(-19 for losing)
|l|☆krzychuu
|player|p2|
|l|☆tyoip
|player|p1|
