|j|☆randomefre
|j|☆swiminsyrup
|t:|1779930351
|gametype|singles
|player|p1|randomefre|dawn|1164
|player|p2|swiminsyrup|2|1211
|gen|9
|tier|[Gen 9] OU
|rated|
|rule|HP Percentage Mod: HP is shown in percentages
|rule|Endless Battle Clause: Forcing endless battles is banned
|rule|Species Clause: Limit one of each Pokémon
|rule|OHKO Clause: OHKO moves are banned
|rule|Evasion Items Clause: Evasion items are banned
|rule|Evasion Moves Clause: Evasion moves are banned
|rule|Evasion Abilities Clause: Evasion abilities are banned
|rule|Sleep Moves Clause: Sleep-inducing moves are banned
|clearpoke
|poke|p1|Sinistcha-Masterpiece|
|poke|p1|Skeledirge, M|
|poke|p1|Meowscarada, F|
|poke|p1|Cinderace, M|
|poke|p1|Tinkaton, F|
|poke|p1|Weavile, F|
|poke|p2|Dusclops, F|
|poke|p2|Gardevoir, M|
|poke|p2|Zoroark-Hisui, F|
|poke|p2|Kleavor, F|
|poke|p2|Gliscor, F|
|poke|p2|Iron Moth|
|teampreview
|inactive|Battle timer is ON: inactive players will automatically lose when time's up. (requested by randomefre)
|
|t:|1779930368
|teamsize|p1|6
|teamsize|p2|6
|start
|switch|p1a: Meowscarada|Meowscarada, F|100/100
|switch|p2a: Kleavor|Kleavor, F|100/100
|turn|1
|
|t:|1779930375
|move|p1a: Meowscarada|Knock Off|p2a: Kleavor
|-start|p1a: Meowscarada|typechange|Dark|[from] ability: Protean
|-damage|p2a: Kleavor|17/100
|-enditem|p2a: Kleavor|Focus Sash|[from] move: Knock Off|[of] p1a: Meowscarada
|move|p2a: Kleavor|Stone Axe|p1a: Meowscarada
|-damage|p1a: Meowscarada|4/100
|-sidestart|p1: randomefre|move: Stealth Rock
|
|upkeep
|turn|2
|
|t:|1779930384
|move|p1a: Meowscarada|Knock Off|p2a: Kleavor
|-damage|p2a: Kleavor|0 fnt
|faint|p2a: Kleavor
|
|upkeep
|
|t:|1779930403
|switch|p2a: CyberMoth|Iron Moth, shiny|100/100
|turn|3
|
|t:|1779930407
|move|p1a: Meowscarada|Knock Off|p2a: CyberMoth
|-damage|p2a: CyberMoth|0 fnt
|-enditem|p2a: CyberMoth|Power Herb|[from] move: Knock Off|[of] p1a: Meowscarada
|faint|p2a: CyberMoth
|-end|p2a: CyberMoth|Quark Drive|[silent]
|
|upkeep
|
|t:|1779930413
|switch|p2a: Dusclops|Dusclops, F|100/100
|turn|4
|
|t:|1779930416
|move|p1a: Meowscarada|Knock Off|p2a: Dusclops
|-supereffective|p2a: Dusclops
|-enditem|p2a: Dusclops|Focus Sash
|-damage|p2a: Dusclops|1/100
|replace|p2a: Zoroark|Zoroark-Hisui, F
|-end|p2a: Zoroark|Illusion
|move|p2a: Zoroark|Flamethrower|p1a: Meowscarada
|-damage|p1a: Meowscarada|0 fnt
|faint|p1a: Meowscarada
|
|upkeep
|
|t:|1779930426
|switch|p1a: Weavile|Weavile, F|100/100
|-ability|p1a: Weavile|Pressure
|turn|5
|
|t:|1779930433
|switch|p2a: Dusclops|Dusclops, F|100/100
|-item|p1a: Weavile|Heavy-Duty Boots|[from] ability: Frisk|[of] p2a: Dusclops
|move|p1a: Weavile|Ice Shard|p2a: Dusclops
|-damage|p2a: Dusclops|89/100
|
|upkeep
|turn|6
|
|t:|1779930441
|move|p1a: Weavile|Knock Off|p2a: Dusclops
|-supereffective|p2a: Dusclops
|-damage|p2a: Dusclops|33/100
|-enditem|p2a: Dusclops|Eviolite|[from] move: Knock Off|[of] p1a: Weavile
|move|p2a: Dusclops|Will-O-Wisp|p1a: Weavile
|-status|p1a: Weavile|brn
|
|-damage|p1a: Weavile|94/100 brn|[from] brn
|upkeep
|turn|7
|
|t:|1779930450
|switch|p2a: Dusclops|Dusclops, F|1/100
|move|p1a: Weavile|Knock Off|p2a: Dusclops
|-supereffective|p2a: Dusclops
|-damage|p2a: Dusclops|0 fnt
|replace|p2a: Zoroark|Zoroark-Hisui, F
|-end|p2a: Zoroark|Illusion
|faint|p2a: Zoroark
|
|-damage|p1a: Weavile|88/100 brn|[from] brn
|upkeep
|
|t:|1779930459
|switch|p2a: Gardevoir|Gardevoir, M|100/100
|-ability|p2a: Gardevoir|Pressure|Trace|[from] ability: Trace|[of] p1a: Weavile
|-ability|p2a: Gardevoir|Pressure
|turn|8
|
|t:|1779930468
|move|p1a: Weavile|Knock Off|p2a: Gardevoir
|-damage|p2a: Gardevoir|65/100
|-enditem|p2a: Gardevoir|Leftovers|[from] move: Knock Off|[of] p1a: Weavile
|move|p2a: Gardevoir|Draining Kiss|p1a: Weavile
|-supereffective|p1a: Weavile
|-damage|p1a: Weavile|4/100 brn
|-heal|p2a: Gardevoir|100/100|[from] drain|[of] p1a: Weavile
|
|-damage|p1a: Weavile|0 fnt|[from] brn
|faint|p1a: Weavile
|upkeep
|
|t:|1779930478
|switch|p1a: Tinkaton|Tinkaton, F|100/100
|-damage|p1a: Tinkaton|94/100|[from] Stealth Rock
|-item|p1a: Tinkaton|Air Balloon
|turn|9
|
|t:|1779930488
|switch|p2a: Dusclops|Dusclops, F|33/100
|-item|p1a: Tinkaton|Air Balloon|[from] ability: Frisk|[of] p2a: Dusclops
|move|p1a: Tinkaton|Gigaton Hammer|p2a: Dusclops
|-damage|p2a: Dusclops|0 fnt
|faint|p2a: Dusclops
|
|upkeep
|
|t:|1779930496
|switch|p2a: Gliscor|Gliscor, F|100/100
|turn|10
|
|t:|1779930506
|move|p2a: Gliscor|Facade|p1a: Tinkaton
|-resisted|p1a: Tinkaton
|-damage|p1a: Tinkaton|84/100
|-enditem|p1a: Tinkaton|Air Balloon
|-enditem|p2a: Gliscor|Toxic Orb|[silent]|[from] ability: Pickpocket|[of] p2a: Gliscor
|-item|p1a: Tinkaton|Toxic Orb|[from] ability: Pickpocket|[of] p2a: Gliscor
|move|p1a: Tinkaton|Stealth Rock|p2a: Gliscor
|-sidestart|p2: swiminsyrup|move: Stealth Rock
|
|upkeep
|turn|11
|
|t:|1779930517
|move|p2a: Gliscor|Swords Dance|p2a: Gliscor
|-boost|p2a: Gliscor|atk|2
|move|p1a: Tinkaton|Gigaton Hammer|p2a: Gliscor
|-damage|p2a: Gliscor|59/100
|
|upkeep
|turn|12
|
|t:|1779930525
|move|p2a: Gliscor|Earthquake|p1a: Tinkaton
|-supereffective|p1a: Tinkaton
|-damage|p1a: Tinkaton|0 fnt
|faint|p1a: Tinkaton
|
|upkeep
|
|t:|1779930533
|switch|p1a: Sinistcha|Sinistcha-Masterpiece|100/100
|turn|13
|
|t:|1779930539
|move|p2a: Gliscor|Earthquake|p1a: Sinistcha
|-resisted|p1a: Sinistcha
|-damage|p1a: Sinistcha|61/100
|move|p1a: Sinistcha|Strength Sap|p2a: Gliscor
|-unboost|p2a: Gliscor|atk|1
|-heal|p1a: Sinistcha|100/100
|
|upkeep
|turn|14
|
|t:|1779930548
|switch|p2a: Gardevoir|Gardevoir, M|100/100
|-damage|p2a: Gardevoir|88/100|[from] Stealth Rock
|-ability|p2a: Gardevoir|Heatproof|Trace|[from] ability: Trace|[of] p1a: Sinistcha
|move|p1a: Sinistcha|Strength Sap|p2a: Gardevoir
|-unboost|p2a: Gardevoir|atk|1
|
|upkeep
|turn|15
|
|t:|1779930558
|move|p2a: Gardevoir|Psychic Terrain|p2a: Gardevoir
|-fieldstart|move: Psychic Terrain
|move|p1a: Sinistcha|Shadow Ball|p2a: Gardevoir
|-supereffective|p2a: Gardevoir
|-damage|p2a: Gardevoir|12/100
|
|upkeep
|turn|16
|
|t:|1779930568
|move|p2a: Gardevoir|Expanding Force|p1a: Sinistcha
|-damage|p1a: Sinistcha|7/100
|move|p1a: Sinistcha|Shadow Ball|p2a: Gardevoir
|-supereffective|p2a: Gardevoir
|-damage|p2a: Gardevoir|0 fnt
|faint|p2a: Gardevoir
|
|upkeep
|
|t:|1779930574
|switch|p2a: Gliscor|Gliscor, F|59/100
|-damage|p2a: Gliscor|47/100|[from] Stealth Rock
|turn|17
|
|t:|1779930579
|move|p2a: Gliscor|Earthquake|p1a: Sinistcha
|-resisted|p1a: Sinistcha
|-damage|p1a: Sinistcha|0 fnt
|faint|p1a: Sinistcha
|
|upkeep
|
|t:|1779930585
|switch|p1a: Cinderace|Cinderace, M|100/100
|turn|18
|
|t:|1779930592
|move|p1a: Cinderace|Pyro Ball|p2a: Gliscor
|-damage|p2a: Gliscor|0 fnt
|faint|p2a: Gliscor
|
|win|randomefre
|raw|randomefre's rating: 1164 &rarr; <strong>1192</strong><br />(+28 for winning)
|raw|swiminsyrup's rating: 1211 &rarr; <strong>1183</strong><br />(-28 for losing)
