|j|☆COLFOFLOW
|j|☆Pretty Nizz
|t:|1779884399
|gametype|singles
|player|p1|COLFOFLOW|volkner|1547
|player|p2|Pretty Nizz|riley|1428
|gen|9
|tier|[Gen 9] OU
|rated|
|rule|HP Percentage Mod: HP is shown in percentages
|rule|Endless Battle Clause: Forcing endless battles is banned
|rule|Species Clause: Limit one of each Pokémon
|rule|OHKO Clause: OHKO moves are banned
|rule|Evasion Items Clause: Evasion items are banned
|rule|Evasion Moves Clause: Evasion moves are banned
|rule|Evasion Abilities Clause: Evasion abilities are banned
|rule|Sleep Moves Clause: Sleep-inducing moves are banned
|clearpoke
|poke|p1|Darkrai|
|poke|p1|Clodsire, M|
|poke|p1|Suicune|
|poke|p1|Lokix, F|
|poke|p1|Pecharunt|
|poke|p1|Corviknight, F|
|poke|p2|Comfey, M|
|poke|p2|Whimsicott, M|
|poke|p2|Ceruledge, F|
|poke|p2|Walking Wake|
|poke|p2|Great Tusk|
|poke|p2|Ninetales, F|
|teampreview
|inactive|Battle timer is ON: inactive players will automatically lose when time's up. (requested by Pretty Nizz)
|
|t:|1779884411
|teamsize|p1|6
|teamsize|p2|6
|start
|switch|p1a: Lokix|Lokix, F|100/100
|switch|p2a: 67tales|Ninetales, F|100/100
|-weather|SunnyDay|[from] ability: Drought|[of] p2a: 67tales
|turn|1
|
|t:|1779884420
|-terastallize|p1a: Lokix|Bug
|move|p1a: Lokix|First Impression|p2a: 67tales
|-resisted|p2a: 67tales
|-damage|p2a: 67tales|0 fnt
|faint|p2a: 67tales
|
|-weather|SunnyDay|[upkeep]
|upkeep
|
|t:|1779884427
|switch|p2a: Cerugoon|Ceruledge, F|100/100
|turn|2
|
|t:|1779884437
|switch|p1a: Suicune|Suicune|100/100
|-ability|p1a: Suicune|Pressure
|move|p2a: Cerugoon|Bitter Blade|p1a: Suicune
|-resisted|p1a: Suicune
|-damage|p1a: Suicune|68/100
|
|-weather|SunnyDay|[upkeep]
|-heal|p1a: Suicune|74/100|[from] item: Leftovers
|upkeep
|turn|3
|
|t:|1779884451
|switch|p2a: Whimsical|Whimsicott, M|100/100
|move|p1a: Suicune|Scald|p2a: Whimsical
|-resisted|p2a: Whimsical
|-damage|p2a: Whimsical|91/100
|
|-weather|SunnyDay|[upkeep]
|-heal|p1a: Suicune|80/100|[from] item: Leftovers
|upkeep
|turn|4
|
|t:|1779884467
|switch|p1a: Clodsire|Clodsire, M|100/100
|move|p2a: Whimsical|Growth|p2a: Whimsical
|-boost|p2a: Whimsical|atk|2
|-boost|p2a: Whimsical|spa|2
|
|-weather|SunnyDay|[upkeep]
|upkeep
|turn|5
|
|t:|1779884474
|move|p2a: Whimsical|Shadow Ball|p1a: Clodsire
|-damage|p1a: Clodsire|71/100
|-damage|p2a: Whimsical|81/100|[from] item: Life Orb
|move|p1a: Clodsire|Toxic|p2a: Whimsical
|-status|p2a: Whimsical|tox
|
|-weather|SunnyDay|[upkeep]
|-heal|p1a: Clodsire|78/100|[from] item: Black Sludge
|-damage|p2a: Whimsical|75/100 tox|[from] psn
|upkeep
|turn|6
|
|t:|1779884478
|switch|p2a: Wake Skywalker|Walking Wake|100/100
|-activate|p2a: Wake Skywalker|ability: Protosynthesis
|-start|p2a: Wake Skywalker|protosynthesisspe
|move|p1a: Clodsire|Stealth Rock|p2a: Wake Skywalker
|-sidestart|p2: Pretty Nizz|move: Stealth Rock
|
|-weather|SunnyDay|[upkeep]
|-heal|p1a: Clodsire|84/100|[from] item: Black Sludge
|upkeep
|turn|7
|
|t:|1779884482
|move|p2a: Wake Skywalker|Hydro Steam|p1a: Clodsire
|-heal|p1a: Clodsire|100/100|[from] ability: Water Absorb|[of] p2a: Wake Skywalker
|move|p1a: Clodsire|Toxic|p2a: Wake Skywalker
|-status|p2a: Wake Skywalker|tox
|
|-weather|SunnyDay|[upkeep]
|-damage|p2a: Wake Skywalker|94/100 tox|[from] psn
|upkeep
|turn|8
|
|t:|1779884486
|-end|p2a: Wake Skywalker|Protosynthesis|[silent]
|switch|p2a: Mammoet|Great Tusk|100/100
|-damage|p2a: Mammoet|98/100|[from] Stealth Rock
|-activate|p2a: Mammoet|ability: Protosynthesis
|-start|p2a: Mammoet|protosynthesisspe
|move|p1a: Clodsire|Earthquake|p2a: Mammoet
|-damage|p2a: Mammoet|80/100
|
|-weather|none
|-end|p2a: Mammoet|Protosynthesis
|upkeep
|turn|9
|
|t:|1779884489
|switch|p1a: Corviknight|Corviknight, F|100/100
|-ability|p1a: Corviknight|Pressure
|move|p2a: Mammoet|Rapid Spin|p1a: Corviknight
|-resisted|p1a: Corviknight
|-damage|p1a: Corviknight|96/100
|-boost|p2a: Mammoet|spe|1
|-damage|p2a: Mammoet|63/100|[from] item: Rocky Helmet|[of] p1a: Corviknight
|-sideend|p2: Pretty Nizz|Stealth Rock|[from] move: Rapid Spin|[of] p2a: Mammoet
|
|upkeep
|turn|10
|
|t:|1779884495
|move|p2a: Mammoet|Stealth Rock|p1a: Corviknight
|-sidestart|p1: COLFOFLOW|move: Stealth Rock
|move|p1a: Corviknight|U-turn|p2a: Mammoet
|-resisted|p2a: Mammoet
|-damage|p2a: Mammoet|59/100
|-damage|p1a: Corviknight|80/100|[from] item: Rocky Helmet|[of] p2a: Mammoet
|
|t:|1779884502
|switch|p1a: Suicune|Suicune|80/100|[from] U-turn
|-damage|p1a: Suicune|68/100|[from] Stealth Rock
|-ability|p1a: Suicune|Pressure
|
|-heal|p1a: Suicune|74/100|[from] item: Leftovers
|upkeep
|turn|11
|j| Zero Faction
|
|t:|1779884507
|-end|p2a: Mammoet|Protosynthesis|[silent]
|switch|p2a: Whimsical|Whimsicott, M|75/100 tox
|move|p1a: Suicune|Scald|p2a: Whimsical
|-resisted|p2a: Whimsical
|-damage|p2a: Whimsical|57/100 tox
|
|-heal|p1a: Suicune|80/100|[from] item: Leftovers
|-damage|p2a: Whimsical|50/100 tox|[from] psn
|upkeep
|turn|12
|
|t:|1779884513
|switch|p1a: Corviknight|Corviknight, F|80/100
|-damage|p1a: Corviknight|68/100|[from] Stealth Rock
|-ability|p1a: Corviknight|Pressure
|move|p2a: Whimsical|Giga Drain|p1a: Corviknight
|-resisted|p1a: Corviknight
|-damage|p1a: Corviknight|58/100
|-heal|p2a: Whimsical|57/100 tox|[from] drain|[of] p1a: Corviknight
|-damage|p2a: Whimsical|48/100 tox|[from] item: Life Orb
|
|-damage|p2a: Whimsical|35/100 tox|[from] psn
|upkeep
|turn|13
|
|t:|1779884516
|move|p2a: Whimsical|Shadow Ball|p1a: Corviknight
|-damage|p1a: Corviknight|28/100
|-damage|p2a: Whimsical|25/100 tox|[from] item: Life Orb
|move|p1a: Corviknight|Defog|p2a: Whimsical
|-unboost|p2a: Whimsical|evasion|1
|-sideend|p1: COLFOFLOW|Stealth Rock|[from] move: Defog|[of] p1a: Corviknight
|
|-damage|p2a: Whimsical|7/100 tox|[from] psn
|upkeep
|turn|14
|
|t:|1779884523
|switch|p1a: Darkrai|Darkrai|100/100
|move|p2a: Whimsical|Shadow Ball|p1a: Darkrai
|-resisted|p1a: Darkrai
|-damage|p1a: Darkrai|82/100
|-damage|p2a: Whimsical|0 fnt|[from] item: Life Orb
|faint|p2a: Whimsical
|
|upkeep
|
|t:|1779884527
|switch|p2a: Uncomfey|Comfey, M, shiny|100/100
|turn|15
|l| Zero Faction
|
|t:|1779884535
|move|p1a: Darkrai|Sludge Bomb|p2a: Uncomfey
|-supereffective|p2a: Uncomfey
|-damage|p2a: Uncomfey|4/100
|move|p2a: Uncomfey|Growth|p2a: Uncomfey
|-boost|p2a: Uncomfey|atk|1
|-boost|p2a: Uncomfey|spa|1
|
|upkeep
|turn|16
|
|t:|1779884545
|switch|p1a: Clodsire|Clodsire, M|100/100
|-terastallize|p2a: Uncomfey|Steel
|move|p2a: Uncomfey|Draining Kiss|p1a: Clodsire
|-resisted|p1a: Clodsire
|-damage|p1a: Clodsire|89/100
|-heal|p2a: Uncomfey|17/100|[from] drain|[of] p1a: Clodsire
|-damage|p2a: Uncomfey|7/100|[from] item: Life Orb
|
|-heal|p1a: Clodsire|96/100|[from] item: Black Sludge
|upkeep
|turn|17
|
|t:|1779884551
|move|p2a: Uncomfey|Synthesis|p2a: Uncomfey
|-heal|p2a: Uncomfey|57/100
|move|p1a: Clodsire|Earthquake|p2a: Uncomfey
|-supereffective|p2a: Uncomfey
|-damage|p2a: Uncomfey|0 fnt
|faint|p2a: Uncomfey
|
|-heal|p1a: Clodsire|100/100|[from] item: Black Sludge
|upkeep
|
|t:|1779884561
|switch|p2a: Cerugoon|Ceruledge, F|100/100
|turn|18
|
|t:|1779884586
|switch|p1a: Pecharunt|Pecharunt|100/100
|move|p2a: Cerugoon|Poltergeist|p1a: Pecharunt
|-activate|p1a: Pecharunt|move: Poltergeist|Black Sludge
|-supereffective|p1a: Pecharunt
|-damage|p1a: Pecharunt|18/100
|
|-heal|p1a: Pecharunt|24/100|[from] item: Black Sludge
|upkeep
|turn|19
|
|t:|1779884589
|move|p2a: Cerugoon|Poltergeist|p1a: Pecharunt
|-activate|p1a: Pecharunt|move: Poltergeist|Black Sludge
|-supereffective|p1a: Pecharunt
|-damage|p1a: Pecharunt|0 fnt
|faint|p1a: Pecharunt
|
|upkeep
|
|t:|1779884592
|switch|p1a: Darkrai|Darkrai|82/100
|turn|20
|
|t:|1779884599
|switch|p2a: Wake Skywalker|Walking Wake|94/100 tox
|move|p1a: Darkrai|Dark Pulse|p2a: Wake Skywalker
|-damage|p2a: Wake Skywalker|52/100 tox
|
|-damage|p2a: Wake Skywalker|46/100 tox|[from] psn
|upkeep
|turn|21
|
|t:|1779884605
|switch|p1a: Clodsire|Clodsire, M|100/100
|move|p2a: Wake Skywalker|Draco Meteor|p1a: Clodsire|[miss]
|-miss|p2a: Wake Skywalker|p1a: Clodsire
|
|-damage|p2a: Wake Skywalker|34/100 tox|[from] psn
|upkeep
|turn|22
|
|t:|1779884608
|-end|p2a: Wake Skywalker|Protosynthesis|[silent]
|switch|p2a: Mammoet|Great Tusk|59/100
|move|p1a: Clodsire|Stealth Rock|p2a: Mammoet
|-sidestart|p2: Pretty Nizz|move: Stealth Rock
|
|upkeep
|turn|23
|
|t:|1779884616
|switch|p1a: Corviknight|Corviknight, F|28/100
|-ability|p1a: Corviknight|Pressure
|move|p2a: Mammoet|Stealth Rock|p1a: Corviknight
|-sidestart|p1: COLFOFLOW|move: Stealth Rock
|
|upkeep
|turn|24
|
|t:|1779884627
|move|p2a: Mammoet|Rapid Spin|p1a: Corviknight
|-resisted|p1a: Corviknight
|-damage|p1a: Corviknight|24/100
|-boost|p2a: Mammoet|spe|1
|-damage|p2a: Mammoet|42/100|[from] item: Rocky Helmet|[of] p1a: Corviknight
|-sideend|p2: Pretty Nizz|Stealth Rock|[from] move: Rapid Spin|[of] p2a: Mammoet
|move|p1a: Corviknight|Roost|p1a: Corviknight
|-heal|p1a: Corviknight|74/100
|-singleturn|p1a: Corviknight|move: Roost
|
|upkeep
|turn|25
|
|t:|1779884633
|-end|p2a: Mammoet|Protosynthesis|[silent]
|switch|p2a: Cerugoon|Ceruledge, F|100/100
|move|p1a: Corviknight|Defog|p2a: Cerugoon
|-unboost|p2a: Cerugoon|evasion|1
|-sideend|p1: COLFOFLOW|Stealth Rock|[from] move: Defog|[of] p1a: Corviknight
|
|upkeep
|turn|26
|
|t:|1779884639
|move|p2a: Cerugoon|Bitter Blade|p1a: Corviknight
|-supereffective|p1a: Corviknight
|-damage|p1a: Corviknight|0 fnt
|-damage|p2a: Cerugoon|84/100|[from] item: Rocky Helmet|[of] p1a: Corviknight
|faint|p1a: Corviknight
|
|upkeep
|
|t:|1779884642
|switch|p1a: Darkrai|Darkrai|82/100
|turn|27
|
|t:|1779884648
|move|p1a: Darkrai|Dark Pulse|p2a: Cerugoon
|-supereffective|p2a: Cerugoon
|-damage|p2a: Cerugoon|0 fnt
|faint|p2a: Cerugoon
|
|upkeep
|
|t:|1779884651
|switch|p2a: Wake Skywalker|Walking Wake|34/100 tox
|turn|28
|
|t:|1779884657
|move|p1a: Darkrai|Dark Pulse|p2a: Wake Skywalker
|-damage|p2a: Wake Skywalker|0 fnt
|faint|p2a: Wake Skywalker
|-end|p2a: Wake Skywalker|Protosynthesis|[silent]
|
|upkeep
|
|t:|1779884659
|switch|p2a: Mammoet|Great Tusk|42/100
|turn|29
|
|t:|1779884663
|move|p1a: Darkrai|Dark Pulse|p2a: Mammoet
|-resisted|p2a: Mammoet
|-damage|p2a: Mammoet|3/100
|move|p2a: Mammoet|Rapid Spin|p1a: Darkrai
|-damage|p1a: Darkrai|64/100
|-boost|p2a: Mammoet|spe|1
|
|upkeep
|turn|30
|
|t:|1779884673
|move|p2a: Mammoet|Headlong Rush|p1a: Darkrai
|-damage|p1a: Darkrai|0 fnt
|-unboost|p2a: Mammoet|def|1
|-unboost|p2a: Mammoet|spd|1
|faint|p1a: Darkrai
|
|upkeep
|
|t:|1779884676
|switch|p1a: Lokix|Lokix, F, tera:Bug|100/100
|turn|31
|
|t:|1779884679
|move|p1a: Lokix|First Impression|p2a: Mammoet
|-resisted|p2a: Mammoet
|-damage|p2a: Mammoet|0 fnt
|-damage|p1a: Lokix|84/100|[from] item: Rocky Helmet|[of] p2a: Mammoet
|faint|p2a: Mammoet
|-end|p2a: Mammoet|Protosynthesis|[silent]
|
|win|COLFOFLOW
|raw|COLFOFLOW's rating: 1547 &rarr; <strong>1560</strong><br />(+13 for winning)
|raw|Pretty Nizz's rating: 1428 &rarr; <strong>1415</strong><br />(-13 for losing)
|l|☆Pretty Nizz
|player|p2|
|l|☆COLFOFLOW
|player|p1|
