|j|☆Goidel
|j|☆sicnz
|t:|1779960356
|gametype|singles
|player|p1|Goidel|gentleman-gen4|1090
|player|p2|sicnz|cynthia-gen4|1128
|gen|9
|tier|[Gen 9] OU
|rated|
|rule|HP Percentage Mod: HP is shown in percentages
|rule|Endless Battle Clause: Forcing endless battles is banned
|rule|Species Clause: Limit one of each Pokémon
|rule|OHKO Clause: OHKO moves are banned
|rule|Evasion Items Clause: Evasion items are banned
|rule|Evasion Moves Clause: Evasion moves are banned
|rule|Evasion Abilities Clause: Evasion abilities are banned
|rule|Sleep Moves Clause: Sleep-inducing moves are banned
|clearpoke
|poke|p1|Gardevoir, F|
|poke|p1|Gallade, M|
|poke|p1|Greninja-*, M|
|poke|p1|Excadrill, F|
|poke|p1|Arcanine, M|
|poke|p1|Gengar, M|
|poke|p2|Samurott-Hisui, M|
|poke|p2|Walking Wake|
|poke|p2|Corviknight, M|
|poke|p2|Pecharunt|
|poke|p2|Heatran, M|
|poke|p2|Gliscor, M|
|teampreview
|
|t:|1779960363
|teamsize|p1|6
|teamsize|p2|6
|start
|switch|p1a: Excadrill|Excadrill, F|100/100
|switch|p2a: Samurott|Samurott-Hisui, M|100/100
|-ability|p1a: Excadrill|Mold Breaker
|turn|1
|
|t:|1779960371
|move|p1a: Excadrill|Metal Claw|p2a: Samurott
|-resisted|p2a: Samurott
|-damage|p2a: Samurott|83/100
|move|p2a: Samurott|Razor Shell|p1a: Excadrill
|-supereffective|p1a: Excadrill
|-damage|p1a: Excadrill|0 fnt
|-damage|p2a: Samurott|66/100|[from] item: Rocky Helmet|[of] p1a: Excadrill
|faint|p1a: Excadrill
|
|upkeep
|
|t:|1779960385
|switch|p1a: Gallade|Gallade, M|100/100
|turn|2
|
|t:|1779960391
|switch|p2a: Pecharunt|Pecharunt|100/100
|move|p1a: Gallade|Sacred Sword|p2a: Pecharunt
|-immune|p2a: Pecharunt
|
|upkeep
|turn|3
|
|t:|1779960401
|move|p1a: Gallade|Leaf Blade|p2a: Pecharunt
|-resisted|p2a: Pecharunt
|-crit|p2a: Pecharunt
|-damage|p2a: Pecharunt|88/100
|move|p2a: Pecharunt|Foul Play|p1a: Gallade
|-damage|p1a: Gallade|61/100
|
|-heal|p2a: Pecharunt|94/100|[from] item: Black Sludge
|upkeep
|turn|4
|
|t:|1779960413
|move|p1a: Gallade|Swords Dance|p1a: Gallade
|-boost|p1a: Gallade|atk|2
|move|p2a: Pecharunt|Malignant Chain|p1a: Gallade
|-damage|p1a: Gallade|34/100
|-status|p1a: Gallade|tox
|-start|p1a: Gallade|confusion|[from] ability: Poison Puppeteer|[of] p2a: Pecharunt
|
|-heal|p2a: Pecharunt|99/100|[from] item: Black Sludge
|-damage|p1a: Gallade|28/100 tox|[from] psn
|upkeep
|turn|5
|
|t:|1779960423
|-activate|p1a: Gallade|confusion
|move|p1a: Gallade|Psycho Cut|p2a: Pecharunt
|-supereffective|p2a: Pecharunt
|-crit|p2a: Pecharunt
|-damage|p2a: Pecharunt|0 fnt
|faint|p2a: Pecharunt
|
|-damage|p1a: Gallade|15/100 tox|[from] psn
|upkeep
|
|t:|1779960430
|switch|p2a: Corviknight|Corviknight, M|100/100
|-ability|p2a: Corviknight|Pressure
|turn|6
|
|t:|1779960435
|switch|p1a: Arcanine|Arcanine, M|100/100
|move|p2a: Corviknight|U-turn|p1a: Arcanine
|-resisted|p1a: Arcanine
|-damage|p1a: Arcanine|91/100
|
|t:|1779960445
|switch|p2a: Walking Wake|Walking Wake|100/100|[from] U-turn
|
|upkeep
|turn|7
|
|t:|1779960450
|move|p2a: Walking Wake|Hydro Steam|p1a: Arcanine
|-supereffective|p1a: Arcanine
|-damage|p1a: Arcanine|0 fnt
|faint|p1a: Arcanine
|
|upkeep
|
|t:|1779960455
|switch|p1a: Gengar|Gengar, M|100/100
|turn|8
|
|t:|1779960461
|-end|p2a: Walking Wake|Protosynthesis|[silent]
|switch|p2a: Samurott|Samurott-Hisui, M|66/100
|move|p1a: Gengar|Nasty Plot|p1a: Gengar
|-boost|p1a: Gengar|spa|2
|
|upkeep
|turn|9
|
|t:|1779960467
|-terastallize|p1a: Gengar|Fighting
|move|p2a: Samurott|Sucker Punch|p1a: Gengar
|-resisted|p1a: Gengar
|-damage|p1a: Gengar|68/100
|-start|p2a: Samurott|Disable|Sucker Punch|[from] ability: Cursed Body|[of] p1a: Gengar
|move|p1a: Gengar|Sludge Wave|p2a: Samurott
|-damage|p2a: Samurott|0 fnt
|faint|p2a: Samurott
|
|upkeep
|
|t:|1779960476
|switch|p2a: Heatran|Heatran, M|100/100
|turn|10
|
|t:|1779960482
|move|p1a: Gengar|Shadow Ball|p2a: Heatran
|-damage|p2a: Heatran|46/100
|-unboost|p2a: Heatran|spd|1
|move|p2a: Heatran|Magma Storm|p1a: Gengar|[miss]
|-miss|p2a: Heatran|p1a: Gengar
|
|upkeep
|turn|11
|
|t:|1779960491
|move|p1a: Gengar|Nasty Plot|p1a: Gengar
|-boost|p1a: Gengar|spa|2
|move|p2a: Heatran|Magma Storm|p1a: Gengar|[miss]
|-miss|p2a: Heatran|p1a: Gengar
|
|upkeep
|turn|12
|
|t:|1779960497
|move|p1a: Gengar|Shadow Ball|p2a: Heatran
|-damage|p2a: Heatran|0 fnt
|faint|p2a: Heatran
|
|upkeep
|
|t:|1779960501
|switch|p2a: Gliscor|Gliscor, M|100/100
|turn|13
|
|t:|1779960510
|move|p1a: Gengar|Shadow Ball|p2a: Gliscor
|-damage|p2a: Gliscor|0 fnt
|faint|p2a: Gliscor
|
|upkeep
|
|t:|1779960518
|switch|p2a: Walking Wake|Walking Wake|100/100
|turn|14
|
|t:|1779960526
|move|p1a: Gengar|Sludge Wave|p2a: Walking Wake
|-damage|p2a: Walking Wake|0 fnt
|faint|p2a: Walking Wake
|-end|p2a: Walking Wake|Protosynthesis|[silent]
|
|upkeep
|-message|sicnz forfeited.
|
|win|Goidel
|raw|Goidel's rating: 1090 &rarr; <strong>1119</strong><br />(+29 for winning)
|raw|sicnz's rating: 1128 &rarr; <strong>1100</strong><br />(-28 for losing)
|l|☆sicnz
|player|p2|
|l|☆Goidel
|player|p1|
