|j|☆moizette
|j|☆sunyata
|t:|1779930896
|gametype|singles
|player|p1|moizette|gentleman-gen4|1218
|player|p2|sunyata|2|1257
|gen|9
|tier|[Gen 9] OU
|rated|
|rule|HP Percentage Mod: HP is shown in percentages
|rule|Endless Battle Clause: Forcing endless battles is banned
|rule|Species Clause: Limit one of each Pokémon
|rule|OHKO Clause: OHKO moves are banned
|rule|Evasion Items Clause: Evasion items are banned
|rule|Evasion Moves Clause: Evasion moves are banned
|rule|Evasion Abilities Clause: Evasion abilities are banned
|rule|Sleep Moves Clause: Sleep-inducing moves are banned
|clearpoke
|poke|p1|Walking Wake|
|poke|p1|Zamazenta-*|
|poke|p1|Cryogonal|
|poke|p1|Gholdengo|
|poke|p1|Samurott-Hisui, F|
|poke|p1|Gliscor, M|
|poke|p2|Heatran, F|
|poke|p2|Great Tusk|
|poke|p2|Primarina, M|
|poke|p2|Rillaboom, F|
|poke|p2|Alomomola, M|
|poke|p2|Slowking-Galar, F|
|teampreview
|inactive|Battle timer is ON: inactive players will automatically lose when time's up. (requested by moizette)
|
|t:|1779930918
|teamsize|p1|6
|teamsize|p2|6
|start
|switch|p1a: Zamazenta|Zamazenta|100/100
|switch|p2a: Slowking|Slowking-Galar, F|100/100
|-ability|p1a: Zamazenta|Dauntless Shield|boost
|-boost|p1a: Zamazenta|def|1
|turn|1
|
|t:|1779930927
|move|p1a: Zamazenta|Crunch|p2a: Slowking
|-supereffective|p2a: Slowking
|-damage|p2a: Slowking|17/100
|move|p2a: Slowking|Future Sight|p1a: Zamazenta
|-start|p2a: Slowking|move: Future Sight
|
|upkeep
|turn|2
|
|t:|1779930933
|switch|p1a: Cryogonal|Cryogonal|100/100
|switch|p2a: Alomomola|Alomomola, M|100/100
|
|upkeep
|turn|3
|
|t:|1779930939
|move|p1a: Cryogonal|Freeze-Dry|p2a: Alomomola
|-supereffective|p2a: Alomomola
|-damage|p2a: Alomomola|41/100
|move|p2a: Alomomola|Mirror Coat|p1a: Cryogonal
|-damage|p1a: Cryogonal|0 fnt
|faint|p1a: Cryogonal
|
|-hint|Future Sight did not hit because the target is fainted.
|-heal|p2a: Alomomola|47/100|[from] item: Leftovers
|upkeep
|
|t:|1779930956
|switch|p1a: Samurott|Samurott-Hisui, F|100/100
|turn|4
|
|t:|1779930972
|move|p1a: Samurott|Ceaseless Edge|p2a: Alomomola
|-damage|p2a: Alomomola|25/100
|-sidestart|p2: sunyata|Spikes
|move|p2a: Alomomola|Wish|p2a: Alomomola
|
|-heal|p2a: Alomomola|31/100|[from] item: Leftovers
|upkeep
|turn|5
|
|t:|1779930979
|move|p1a: Samurott|Ceaseless Edge|p2a: Alomomola
|-damage|p2a: Alomomola|9/100
|-sidestart|p2: sunyata|Spikes
|move|p2a: Alomomola|Scald|p1a: Samurott
|-resisted|p1a: Samurott
|-damage|p1a: Samurott|91/100
|-status|p1a: Samurott|brn
|
|-heal|p2a: Alomomola|59/100|[from] move: Wish|[wisher] Alomomola
|-heal|p2a: Alomomola|65/100|[from] item: Leftovers
|-damage|p1a: Samurott|84/100 brn|[from] brn
|upkeep
|turn|6
|
|t:|1779930991
|move|p1a: Samurott|Ceaseless Edge|p2a: Alomomola
|-damage|p2a: Alomomola|53/100
|-sidestart|p2: sunyata|Spikes
|move|p2a: Alomomola|Wish|p2a: Alomomola
|
|-heal|p2a: Alomomola|59/100|[from] item: Leftovers
|-damage|p1a: Samurott|78/100 brn|[from] brn
|upkeep
|turn|7
|
|t:|1779931000
|switch|p1a: Gholdengo|Gholdengo|100/100
|move|p2a: Alomomola|Scald|p1a: Gholdengo
|-damage|p1a: Gholdengo|88/100
|
|-heal|p2a: Alomomola|100/100|[from] move: Wish|[wisher] Alomomola
|-heal|p1a: Gholdengo|94/100|[from] item: Leftovers
|upkeep
|turn|8
|inactive|sunyata has 120 seconds left.
|
|t:|1779931032
|switch|p2a: Heatran|Heatran, F|100/100
|-item|p2a: Heatran|Air Balloon
|move|p1a: Gholdengo|Thunder Wave|p2a: Heatran
|-status|p2a: Heatran|par
|
|-heal|p1a: Gholdengo|99/100|[from] item: Leftovers
|upkeep
|turn|9
|
|t:|1779931040
|switch|p1a: Walking Wake|Walking Wake|100/100
|move|p2a: Heatran|Flamethrower|p1a: Walking Wake
|-resisted|p1a: Walking Wake
|-damage|p1a: Walking Wake|93/100
|
|upkeep
|turn|10
|inactive|sunyata has 120 seconds left.
|
|t:|1779931057
|move|p1a: Walking Wake|Flip Turn|p2a: Heatran
|-supereffective|p2a: Heatran
|-damage|p2a: Heatran|67/100 par
|-enditem|p2a: Heatran|Air Balloon
|
|t:|1779931061
|-end|p1a: Walking Wake|Protosynthesis|[silent]
|switch|p1a: Samurott|Samurott-Hisui, F|78/100 brn|[from] Flip Turn
|move|p2a: Heatran|Stealth Rock|p1a: Samurott
|-sidestart|p1: moizette|move: Stealth Rock
|
|-damage|p1a: Samurott|72/100 brn|[from] brn
|upkeep
|turn|11
|
|t:|1779931068
|move|p1a: Samurott|Flip Turn|p2a: Heatran
|-supereffective|p2a: Heatran
|-damage|p2a: Heatran|37/100 par
|
|t:|1779931072
|switch|p1a: Walking Wake|Walking Wake|93/100|[from] Flip Turn
|-damage|p1a: Walking Wake|80/100|[from] Stealth Rock
|move|p2a: Heatran|Scorching Sands|p1a: Walking Wake
|-damage|p1a: Walking Wake|64/100
|
|upkeep
|turn|12
|
|t:|1779931081
|switch|p2a: Alomomola|Alomomola, M|100/100
|-damage|p2a: Alomomola|76/100|[from] Spikes
|move|p1a: Walking Wake|Scald|p2a: Alomomola
|-resisted|p2a: Alomomola
|-damage|p2a: Alomomola|53/100
|
|-heal|p2a: Alomomola|59/100|[from] item: Leftovers
|upkeep
|turn|13
|
|t:|1779931090
|move|p1a: Walking Wake|Knock Off|p2a: Alomomola
|-damage|p2a: Alomomola|50/100
|-enditem|p2a: Alomomola|Leftovers|[from] move: Knock Off|[of] p1a: Walking Wake
|move|p2a: Alomomola|Wish|p2a: Alomomola
|
|upkeep
|turn|14
|
|t:|1779931098
|-end|p1a: Walking Wake|Protosynthesis|[silent]
|switch|p1a: Gholdengo|Gholdengo|99/100
|-damage|p1a: Gholdengo|94/100|[from] Stealth Rock
|move|p2a: Alomomola|Scald|p1a: Gholdengo
|-damage|p1a: Gholdengo|80/100
|
|-heal|p2a: Alomomola|99/100|[from] move: Wish|[wisher] Alomomola
|-heal|p1a: Gholdengo|86/100|[from] item: Leftovers
|upkeep
|turn|15
|
|t:|1779931111
|move|p1a: Gholdengo|Thunder Wave|p2a: Alomomola
|-status|p2a: Alomomola|par
|move|p2a: Alomomola|Flip Turn|p1a: Gholdengo
|-damage|p1a: Gholdengo|74/100
|inactive|sunyata has 120 seconds left.
|
|t:|1779931142
|switch|p2a: Primarina|Primarina, M|100/100|[from] Flip Turn
|-damage|p2a: Primarina|75/100|[from] Spikes
|
|-heal|p1a: Gholdengo|80/100|[from] item: Leftovers
|upkeep
|turn|16
|
|t:|1779931153
|-terastallize|p2a: Primarina|Water
|move|p1a: Gholdengo|Thunder Wave|p2a: Primarina
|-status|p2a: Primarina|par
|move|p2a: Primarina|Alluring Voice|p1a: Gholdengo
|-damage|p1a: Gholdengo|0 fnt
|faint|p1a: Gholdengo
|
|upkeep
|
|t:|1779931171
|switch|p1a: Gliscor|Gliscor, M|100/100
|-damage|p1a: Gliscor|88/100|[from] Stealth Rock
|turn|17
|
|t:|1779931194
|-terastallize|p1a: Gliscor|Water
|move|p1a: Gliscor|Stealth Rock|p2a: Primarina
|-sidestart|p2: sunyata|move: Stealth Rock
|cant|p2a: Primarina|par
|
|-status|p1a: Gliscor|tox|[from] item: Toxic Orb
|upkeep
|turn|18
|
|t:|1779931202
|move|p1a: Gliscor|Earthquake|p2a: Primarina
|-damage|p2a: Primarina|35/100 par
|move|p2a: Primarina|Alluring Voice|p1a: Gliscor
|-resisted|p1a: Gliscor
|-damage|p1a: Gliscor|34/100 tox
|
|-heal|p1a: Gliscor|46/100 tox|[from] ability: Poison Heal
|upkeep
|turn|19
|
|t:|1779931210
|move|p1a: Gliscor|Earthquake|p2a: Primarina
|-damage|p2a: Primarina|0 fnt
|faint|p2a: Primarina
|
|-heal|p1a: Gliscor|59/100 tox|[from] ability: Poison Heal
|upkeep
|
|t:|1779931212
|switch|p2a: Rillaboom|Rillaboom, F|100/100
|-damage|p2a: Rillaboom|76/100|[from] Spikes
|-damage|p2a: Rillaboom|63/100|[from] Stealth Rock
|-fieldstart|move: Grassy Terrain|[from] ability: Grassy Surge|[of] p2a: Rillaboom
|turn|20
|
|t:|1779931220
|move|p1a: Gliscor|Protect|p1a: Gliscor
|-singleturn|p1a: Gliscor|Protect
|move|p2a: Rillaboom|Grassy Glide|p1a: Gliscor
|-activate|p1a: Gliscor|move: Protect
|
|-heal|p2a: Rillaboom|69/100|[from] Grassy Terrain
|-heal|p1a: Gliscor|65/100 tox|[from] Grassy Terrain
|-heal|p1a: Gliscor|77/100 tox|[from] ability: Poison Heal
|upkeep
|turn|21
|
|t:|1779931229
|switch|p1a: Samurott|Samurott-Hisui, F|72/100 brn
|-damage|p1a: Samurott|59/100 brn|[from] Stealth Rock
|move|p2a: Rillaboom|Grassy Glide|p1a: Samurott
|-supereffective|p1a: Samurott
|-damage|p1a: Samurott|0 fnt
|faint|p1a: Samurott
|
|-heal|p2a: Rillaboom|76/100|[from] Grassy Terrain
|upkeep
|
|t:|1779931238
|switch|p1a: Zamazenta|Zamazenta|100/100
|-damage|p1a: Zamazenta|94/100|[from] Stealth Rock
|turn|22
|
|t:|1779931263
|move|p2a: Rillaboom|Grassy Glide|p1a: Zamazenta
|-damage|p1a: Zamazenta|46/100
|move|p1a: Zamazenta|Close Combat|p2a: Rillaboom
|-damage|p2a: Rillaboom|0 fnt
|-unboost|p1a: Zamazenta|def|1
|-unboost|p1a: Zamazenta|spd|1
|faint|p2a: Rillaboom
|
|-heal|p1a: Zamazenta|52/100|[from] Grassy Terrain
|upkeep
|
|t:|1779931266
|switch|p2a: Great Tusk|Great Tusk|100/100
|-damage|p2a: Great Tusk|76/100|[from] Spikes
|-damage|p2a: Great Tusk|73/100|[from] Stealth Rock
|-enditem|p2a: Great Tusk|Booster Energy
|-activate|p2a: Great Tusk|ability: Protosynthesis|[fromitem]
|-start|p2a: Great Tusk|protosynthesisdef
|turn|23
|
|t:|1779931285
|move|p1a: Zamazenta|Close Combat|p2a: Great Tusk
|-damage|p2a: Great Tusk|33/100
|-unboost|p1a: Zamazenta|def|1
|-unboost|p1a: Zamazenta|spd|1
|move|p2a: Great Tusk|Rapid Spin|p1a: Zamazenta
|-damage|p1a: Zamazenta|27/100
|-boost|p2a: Great Tusk|spe|1
|-sideend|p2: sunyata|Spikes|[from] move: Rapid Spin|[of] p2a: Great Tusk
|-sideend|p2: sunyata|Stealth Rock|[from] move: Rapid Spin|[of] p2a: Great Tusk
|
|-heal|p1a: Zamazenta|33/100|[from] Grassy Terrain
|-heal|p2a: Great Tusk|39/100|[from] Grassy Terrain
|upkeep
|turn|24
|
|t:|1779931295
|move|p1a: Zamazenta|Close Combat|p2a: Great Tusk
|-damage|p2a: Great Tusk|0 fnt
|-unboost|p1a: Zamazenta|def|1
|-unboost|p1a: Zamazenta|spd|1
|faint|p2a: Great Tusk
|-end|p2a: Great Tusk|Protosynthesis|[silent]
|
|-heal|p1a: Zamazenta|39/100|[from] Grassy Terrain
|-fieldend|move: Grassy Terrain
|upkeep
|
|t:|1779931299
|switch|p2a: Slowking|Slowking-Galar, F|50/100
|turn|25
|
|t:|1779931305
|switch|p1a: Walking Wake|Walking Wake|64/100
|-damage|p1a: Walking Wake|51/100|[from] Stealth Rock
|switch|p2a: Alomomola|Alomomola, M|100/100 par
|
|upkeep
|turn|26
|
|t:|1779931312
|move|p1a: Walking Wake|Flip Turn|p2a: Alomomola
|-resisted|p2a: Alomomola
|-damage|p2a: Alomomola|96/100 par
|
|t:|1779931316
|-end|p1a: Walking Wake|Protosynthesis|[silent]
|switch|p1a: Gliscor|Gliscor, M, tera:Water|77/100 tox|[from] Flip Turn
|-damage|p1a: Gliscor|65/100 tox|[from] Stealth Rock
|cant|p2a: Alomomola|par
|
|-heal|p1a: Gliscor|77/100 tox|[from] ability: Poison Heal
|upkeep
|turn|27
|
|t:|1779931324
|move|p1a: Gliscor|Stealth Rock|p2a: Alomomola
|-sidestart|p2: sunyata|move: Stealth Rock
|move|p2a: Alomomola|Flip Turn|p1a: Gliscor
|-resisted|p1a: Gliscor
|-damage|p1a: Gliscor|73/100 tox
|
|t:|1779931327
|switch|p2a: Slowking|Slowking-Galar, F|84/100|[from] Flip Turn
|
|-heal|p1a: Gliscor|85/100 tox|[from] ability: Poison Heal
|upkeep
|turn|28
|
|t:|1779931332
|move|p1a: Gliscor|Earthquake|p2a: Slowking
|-supereffective|p2a: Slowking
|-damage|p2a: Slowking|12/100
|move|p2a: Slowking|Future Sight|p1a: Gliscor
|-start|p2a: Slowking|move: Future Sight
|
|-heal|p1a: Gliscor|98/100 tox|[from] ability: Poison Heal
|upkeep
|turn|29
|
|t:|1779931344
|switch|p2a: Alomomola|Alomomola, M|100/100 par
|-damage|p2a: Alomomola|88/100 par|[from] Stealth Rock
|move|p1a: Gliscor|Earthquake|p2a: Alomomola
|-damage|p2a: Alomomola|70/100 par
|
|-heal|p1a: Gliscor|100/100 tox|[from] ability: Poison Heal
|upkeep
|turn|30
|
|t:|1779931355
|move|p1a: Gliscor|Earthquake|p2a: Alomomola
|-damage|p2a: Alomomola|53/100 par
|cant|p2a: Alomomola|par
|
|-end|p1a: Gliscor|move: Future Sight
|-crit|p1a: Gliscor
|-damage|p1a: Gliscor|0 fnt
|faint|p1a: Gliscor
|upkeep
|
|t:|1779931363
|switch|p1a: Zamazenta|Zamazenta|39/100
|-damage|p1a: Zamazenta|33/100|[from] Stealth Rock
|turn|31
|
|t:|1779931370
|move|p1a: Zamazenta|Close Combat|p2a: Alomomola
|-damage|p2a: Alomomola|3/100 par
|-unboost|p1a: Zamazenta|def|1
|-unboost|p1a: Zamazenta|spd|1
|move|p2a: Alomomola|Wish|p2a: Alomomola
|
|upkeep
|turn|32
|
|t:|1779931376
|switch|p2a: Slowking|Slowking-Galar, F|45/100
|move|p1a: Zamazenta|Close Combat|p2a: Slowking
|-resisted|p2a: Slowking
|-damage|p2a: Slowking|19/100
|-unboost|p1a: Zamazenta|def|1
|-unboost|p1a: Zamazenta|spd|1
|
|-heal|p2a: Slowking|87/100|[from] move: Wish|[wisher] Alomomola
|upkeep
|turn|33
|
|t:|1779931386
|switch|p1a: Walking Wake|Walking Wake|51/100
|-damage|p1a: Walking Wake|39/100|[from] Stealth Rock
|move|p2a: Slowking|Sludge Wave|p1a: Walking Wake
|-damage|p1a: Walking Wake|4/100
|-status|p1a: Walking Wake|psn
|
|-damage|p1a: Walking Wake|0 fnt|[from] psn
|faint|p1a: Walking Wake
|-end|p1a: Walking Wake|Protosynthesis|[silent]
|upkeep
|
|t:|1779931397
|switch|p1a: Zamazenta|Zamazenta|33/100
|-damage|p1a: Zamazenta|27/100|[from] Stealth Rock
|turn|34
|
|t:|1779931402
|move|p1a: Zamazenta|Crunch|p2a: Slowking
|-supereffective|p2a: Slowking
|-damage|p2a: Slowking|0 fnt
|faint|p2a: Slowking
|
|upkeep
|
|t:|1779931406
|switch|p2a: Alomomola|Alomomola, M|36/100 par
|-damage|p2a: Alomomola|24/100 par|[from] Stealth Rock
|turn|35
|
|t:|1779931410
|switch|p2a: Heatran|Heatran, F|37/100 par
|-damage|p2a: Heatran|25/100 par|[from] Stealth Rock
|move|p1a: Zamazenta|Crunch|p2a: Heatran
|-damage|p2a: Heatran|0 fnt
|faint|p2a: Heatran
|
|upkeep
|
|t:|1779931412
|switch|p2a: Alomomola|Alomomola, M|57/100 par
|-damage|p2a: Alomomola|45/100 par|[from] Stealth Rock
|turn|36
|
|t:|1779931419
|move|p1a: Zamazenta|Crunch|p2a: Alomomola
|-damage|p2a: Alomomola|21/100 par
|-unboost|p2a: Alomomola|def|1
|cant|p2a: Alomomola|par
|
|upkeep
|turn|37
|
|t:|1779931424
|move|p1a: Zamazenta|Crunch|p2a: Alomomola
|-damage|p2a: Alomomola|0 fnt
|faint|p2a: Alomomola
|
|win|moizette
|raw|moizette's rating: 1218 &rarr; <strong>1246</strong><br />(+28 for winning)
|raw|sunyata's rating: 1257 &rarr; <strong>1229</strong><br />(-28 for losing)
|l|☆moizette
|player|p1|
|l|☆sunyata
|player|p2|
