|j|☆azureflatlands
|j|☆medtyr
|t:|1779962161
|gametype|singles
|player|p1|azureflatlands|preschoolerf|1475
|player|p2|medtyr|2|1482
|gen|9
|tier|[Gen 9] OU
|rated|
|rule|HP Percentage Mod: HP is shown in percentages
|rule|Endless Battle Clause: Forcing endless battles is banned
|rule|Species Clause: Limit one of each Pokémon
|rule|OHKO Clause: OHKO moves are banned
|rule|Evasion Items Clause: Evasion items are banned
|rule|Evasion Moves Clause: Evasion moves are banned
|rule|Evasion Abilities Clause: Evasion abilities are banned
|rule|Sleep Moves Clause: Sleep-inducing moves are banned
|clearpoke
|poke|p1|Clodsire, F|
|poke|p1|Pecharunt|
|poke|p1|Talonflame, F|
|poke|p1|Weezing-Galar, M|
|poke|p1|Gliscor, M|
|poke|p1|Blissey, F|
|poke|p2|Ogerpon-Wellspring, F|
|poke|p2|Gholdengo|
|poke|p2|Great Tusk|
|poke|p2|Kingambit, M|
|poke|p2|Moltres|
|poke|p2|Tyranitar, M|
|teampreview
|
|t:|1779962181
|teamsize|p1|6
|teamsize|p2|6
|start
|switch|p1a: Talonflame|Talonflame, F|100/100
|switch|p2a: Moltres|Moltres|100/100
|turn|1
|
|t:|1779962190
|move|p1a: Talonflame|Flamethrower|p2a: Moltres
|-resisted|p2a: Moltres
|-damage|p2a: Moltres|88/100
|move|p2a: Moltres|U-turn|p1a: Talonflame
|-resisted|p1a: Talonflame
|-damage|p1a: Talonflame|97/100
|
|t:|1779962200
|switch|p2a: Tyranitar|Tyranitar, M|100/100|[from] U-turn
|-weather|Sandstorm|[from] ability: Sand Stream|[of] p2a: Tyranitar
|
|-weather|Sandstorm|[upkeep]
|-damage|p1a: Talonflame|91/100|[from] Sandstorm
|upkeep
|turn|2
|
|t:|1779962206
|move|p1a: Talonflame|Will-O-Wisp|p2a: Tyranitar
|-status|p2a: Tyranitar|brn
|move|p2a: Tyranitar|Stone Edge|p1a: Talonflame
|-supereffective|p1a: Talonflame
|-damage|p1a: Talonflame|0 fnt
|faint|p1a: Talonflame
|
|-weather|Sandstorm|[upkeep]
|-damage|p2a: Tyranitar|94/100 brn|[from] brn
|upkeep
|
|t:|1779962214
|switch|p1a: Gliscor|Gliscor, M|100/100
|turn|3
|
|t:|1779962217
|move|p1a: Gliscor|Spikes|p2a: Tyranitar
|-sidestart|p2: medtyr|Spikes
|move|p2a: Tyranitar|Knock Off|p1a: Gliscor
|-damage|p1a: Gliscor|83/100
|-enditem|p1a: Gliscor|Toxic Orb|[from] move: Knock Off|[of] p2a: Tyranitar
|
|-weather|Sandstorm|[upkeep]
|-damage|p2a: Tyranitar|88/100 brn|[from] brn
|upkeep
|turn|4
|
|t:|1779962225
|switch|p2a: Great Tusk|Great Tusk|100/100
|-damage|p2a: Great Tusk|88/100|[from] Spikes
|move|p1a: Gliscor|Spikes|p2a: Great Tusk
|-sidestart|p2: medtyr|Spikes
|
|-weather|Sandstorm|[upkeep]
|-heal|p2a: Great Tusk|94/100|[from] item: Leftovers
|upkeep
|turn|5
|
|t:|1779962229
|switch|p1a: Pecharunt|Pecharunt|100/100
|move|p2a: Great Tusk|Stealth Rock|p1a: Pecharunt
|-sidestart|p1: azureflatlands|move: Stealth Rock
|
|-weather|none
|-heal|p2a: Great Tusk|100/100|[from] item: Leftovers
|upkeep
|turn|6
|
|t:|1779962237
|-end|p2a: Great Tusk|Protosynthesis|[silent]
|switch|p2a: Tyranitar|Tyranitar, M|88/100 brn
|-damage|p2a: Tyranitar|71/100 brn|[from] Spikes
|-weather|Sandstorm|[from] ability: Sand Stream|[of] p2a: Tyranitar
|move|p1a: Pecharunt|Malignant Chain|p2a: Tyranitar
|-resisted|p2a: Tyranitar
|-damage|p2a: Tyranitar|67/100 brn
|
|-weather|Sandstorm|[upkeep]
|-damage|p1a: Pecharunt|94/100|[from] Sandstorm
|-damage|p2a: Tyranitar|60/100 brn|[from] brn
|upkeep
|turn|7
|
|t:|1779962243
|switch|p2a: Gholdengo|Gholdengo|100/100
|-damage|p2a: Gholdengo|84/100|[from] Spikes
|move|p1a: Pecharunt|Parting Shot|p2a: Gholdengo
|-immune|p2a: Gholdengo|[from] ability: Good as Gold
|
|-weather|Sandstorm|[upkeep]
|-damage|p1a: Pecharunt|88/100|[from] Sandstorm
|upkeep
|turn|8
|
|t:|1779962253
|switch|p1a: Blissey|Blissey, F|100/100
|-damage|p1a: Blissey|88/100|[from] Stealth Rock
|move|p2a: Gholdengo|Trick|p1a: Blissey
|-activate|p2a: Gholdengo|move: Trick|[of] p1a: Blissey
|-item|p1a: Blissey|Choice Scarf|[from] move: Trick
|-item|p2a: Gholdengo|Leftovers|[from] move: Trick
|
|-weather|Sandstorm|[upkeep]
|-damage|p1a: Blissey|82/100|[from] Sandstorm
|-heal|p2a: Gholdengo|90/100|[from] item: Leftovers
|upkeep
|turn|9
|
|t:|1779962261
|switch|p2a: Great Tusk|Great Tusk|100/100
|-damage|p2a: Great Tusk|84/100|[from] Spikes
|move|p1a: Blissey|Stealth Rock|p2a: Great Tusk
|-sidestart|p2: medtyr|move: Stealth Rock
|
|-weather|Sandstorm|[upkeep]
|-damage|p1a: Blissey|76/100|[from] Sandstorm
|-heal|p2a: Great Tusk|90/100|[from] item: Leftovers
|upkeep
|turn|10
|
|t:|1779962266
|switch|p1a: Pecharunt|Pecharunt|88/100
|-damage|p1a: Pecharunt|76/100|[from] Stealth Rock
|move|p2a: Great Tusk|Headlong Rush|p1a: Pecharunt
|-supereffective|p1a: Pecharunt
|-damage|p1a: Pecharunt|30/100
|-unboost|p2a: Great Tusk|def|1
|-unboost|p2a: Great Tusk|spd|1
|-damage|p2a: Great Tusk|74/100|[from] item: Rocky Helmet|[of] p1a: Pecharunt
|
|-weather|none
|-heal|p2a: Great Tusk|80/100|[from] item: Leftovers
|upkeep
|turn|11
|
|t:|1779962273
|-terastallize|p1a: Pecharunt|Dark
|move|p2a: Great Tusk|Headlong Rush|p1a: Pecharunt
|-damage|p1a: Pecharunt|6/100
|-unboost|p2a: Great Tusk|def|1
|-unboost|p2a: Great Tusk|spd|1
|-damage|p2a: Great Tusk|63/100|[from] item: Rocky Helmet|[of] p1a: Pecharunt
|move|p1a: Pecharunt|Recover|p1a: Pecharunt
|-heal|p1a: Pecharunt|56/100
|
|-heal|p2a: Great Tusk|69/100|[from] item: Leftovers
|upkeep
|turn|12
|
|t:|1779962278
|move|p2a: Great Tusk|Rapid Spin|p1a: Pecharunt
|-damage|p1a: Pecharunt|49/100
|-boost|p2a: Great Tusk|spe|1
|-damage|p2a: Great Tusk|53/100|[from] item: Rocky Helmet|[of] p1a: Pecharunt
|-sideend|p2: medtyr|Spikes|[from] move: Rapid Spin|[of] p2a: Great Tusk
|-sideend|p2: medtyr|Stealth Rock|[from] move: Rapid Spin|[of] p2a: Great Tusk
|move|p1a: Pecharunt|Recover|p1a: Pecharunt
|-heal|p1a: Pecharunt|99/100
|
|-heal|p2a: Great Tusk|59/100|[from] item: Leftovers
|upkeep
|turn|13
|
|t:|1779962287
|-end|p2a: Great Tusk|Protosynthesis|[silent]
|switch|p2a: Gholdengo|Gholdengo|90/100
|move|p1a: Pecharunt|Foul Play|p2a: Gholdengo
|-supereffective|p2a: Gholdengo
|-damage|p2a: Gholdengo|56/100
|
|-heal|p2a: Gholdengo|62/100|[from] item: Leftovers
|upkeep
|turn|14
|
|t:|1779962294
|switch|p1a: Blissey|Blissey, F|76/100
|-damage|p1a: Blissey|63/100|[from] Stealth Rock
|move|p2a: Gholdengo|Focus Blast|p1a: Blissey
|-supereffective|p1a: Blissey
|-damage|p1a: Blissey|33/100
|
|-heal|p2a: Gholdengo|68/100|[from] item: Leftovers
|upkeep
|turn|15
|
|t:|1779962306
|switch|p2a: Ogerpon|Ogerpon-Wellspring, F|100/100
|move|p1a: Blissey|Soft-Boiled|p1a: Blissey
|-heal|p1a: Blissey|83/100
|
|upkeep
|turn|16
|
|t:|1779962310
|switch|p1a: Pecharunt|Pecharunt, tera:Dark|99/100
|-damage|p1a: Pecharunt|87/100|[from] Stealth Rock
|move|p2a: Ogerpon|Ivy Cudgel|p1a: Pecharunt|[anim] Ivy Cudgel Water
|-damage|p1a: Pecharunt|60/100
|
|upkeep
|turn|17
|
|t:|1779962318
|switch|p2a: Gholdengo|Gholdengo|68/100
|move|p1a: Pecharunt|Recover|p1a: Pecharunt
|-heal|p1a: Pecharunt|100/100
|
|-heal|p2a: Gholdengo|74/100|[from] item: Leftovers
|upkeep
|turn|18
|
|t:|1779962328
|switch|p2a: Tyranitar|Tyranitar, M|60/100 brn
|-weather|Sandstorm|[from] ability: Sand Stream|[of] p2a: Tyranitar
|switch|p1a: Clodsire|Clodsire, F|100/100
|-damage|p1a: Clodsire|94/100|[from] Stealth Rock
|
|-weather|Sandstorm|[upkeep]
|-heal|p1a: Clodsire|100/100|[from] item: Leftovers
|-damage|p2a: Tyranitar|54/100 brn|[from] brn
|upkeep
|turn|19
|
|t:|1779962337
|switch|p1a: Gliscor|Gliscor, M|83/100
|-damage|p1a: Gliscor|71/100|[from] Stealth Rock
|move|p2a: Tyranitar|Earthquake|p1a: Gliscor
|-immune|p1a: Gliscor
|
|-weather|Sandstorm|[upkeep]
|-damage|p2a: Tyranitar|48/100 brn|[from] brn
|upkeep
|turn|20
|
|t:|1779962345
|switch|p2a: Great Tusk|Great Tusk|59/100
|move|p1a: Gliscor|Toxic|p2a: Great Tusk
|-status|p2a: Great Tusk|tox
|
|-weather|Sandstorm|[upkeep]
|-heal|p2a: Great Tusk|65/100 tox|[from] item: Leftovers
|-damage|p2a: Great Tusk|59/100 tox|[from] psn
|upkeep
|turn|21
|
|t:|1779962353
|move|p1a: Gliscor|Protect|p1a: Gliscor
|-singleturn|p1a: Gliscor|Protect
|move|p2a: Great Tusk|Ice Spinner|p1a: Gliscor
|-activate|p1a: Gliscor|move: Protect
|
|-weather|Sandstorm|[upkeep]
|-heal|p2a: Great Tusk|65/100 tox|[from] item: Leftovers
|-damage|p2a: Great Tusk|53/100 tox|[from] psn
|upkeep
|turn|22
|
|t:|1779962363
|-end|p2a: Great Tusk|Protosynthesis|[silent]
|switch|p2a: Ogerpon|Ogerpon-Wellspring, F|100/100
|switch|p1a: Pecharunt|Pecharunt, tera:Dark|100/100
|-damage|p1a: Pecharunt|88/100|[from] Stealth Rock
|
|-weather|none
|upkeep
|turn|23
|
|t:|1779962374
|switch|p2a: Tyranitar|Tyranitar, M|48/100 brn
|-weather|Sandstorm|[from] ability: Sand Stream|[of] p2a: Tyranitar
|move|p1a: Pecharunt|Parting Shot|p2a: Tyranitar
|-unboost|p2a: Tyranitar|atk|1
|-unboost|p2a: Tyranitar|spa|1
|
|t:|1779962376
|switch|p1a: Gliscor|Gliscor, M|71/100|[from] Parting Shot
|-damage|p1a: Gliscor|58/100|[from] Stealth Rock
|
|-weather|Sandstorm|[upkeep]
|-damage|p2a: Tyranitar|42/100 brn|[from] brn
|upkeep
|turn|24
|
|t:|1779962381
|switch|p2a: Great Tusk|Great Tusk|53/100 tox
|move|p1a: Gliscor|Spikes|p2a: Great Tusk
|-sidestart|p2: medtyr|Spikes
|
|-weather|Sandstorm|[upkeep]
|-heal|p2a: Great Tusk|59/100 tox|[from] item: Leftovers
|-damage|p2a: Great Tusk|53/100 tox|[from] psn
|upkeep
|turn|25
|
|t:|1779962386
|move|p1a: Gliscor|Protect|p1a: Gliscor
|-singleturn|p1a: Gliscor|Protect
|move|p2a: Great Tusk|Ice Spinner|p1a: Gliscor
|-activate|p1a: Gliscor|move: Protect
|
|-weather|Sandstorm|[upkeep]
|-heal|p2a: Great Tusk|59/100 tox|[from] item: Leftovers
|-damage|p2a: Great Tusk|47/100 tox|[from] psn
|upkeep
|turn|26
|
|t:|1779962390
|switch|p1a: Pecharunt|Pecharunt, tera:Dark|88/100
|-damage|p1a: Pecharunt|76/100|[from] Stealth Rock
|move|p2a: Great Tusk|Rapid Spin|p1a: Pecharunt
|-damage|p1a: Pecharunt|69/100
|-boost|p2a: Great Tusk|spe|1
|-damage|p2a: Great Tusk|30/100 tox|[from] item: Rocky Helmet|[of] p1a: Pecharunt
|-sideend|p2: medtyr|Spikes|[from] move: Rapid Spin|[of] p2a: Great Tusk
|
|-weather|Sandstorm|[upkeep]
|-damage|p1a: Pecharunt|63/100|[from] Sandstorm
|-heal|p2a: Great Tusk|36/100 tox|[from] item: Leftovers
|-damage|p2a: Great Tusk|18/100 tox|[from] psn
|upkeep
|turn|27
|
|t:|1779962395
|-end|p2a: Great Tusk|Protosynthesis|[silent]
|switch|p2a: Moltres|Moltres|88/100
|move|p1a: Pecharunt|Recover|p1a: Pecharunt
|-heal|p1a: Pecharunt|100/100
|
|-weather|none
|upkeep
|turn|28
|
|t:|1779962401
|move|p2a: Moltres|Will-O-Wisp|p1a: Pecharunt
|-status|p1a: Pecharunt|brn
|move|p1a: Pecharunt|Malignant Chain|p2a: Moltres
|-damage|p2a: Moltres|57/100
|-status|p2a: Moltres|tox
|-start|p2a: Moltres|confusion|[from] ability: Poison Puppeteer|[of] p1a: Pecharunt
|
|-damage|p2a: Moltres|51/100 tox|[from] psn
|-damage|p1a: Pecharunt|94/100 brn|[from] brn
|upkeep
|turn|29
|
|t:|1779962407
|switch|p2a: Gholdengo|Gholdengo|74/100
|move|p1a: Pecharunt|Parting Shot|p2a: Gholdengo
|-immune|p2a: Gholdengo|[from] ability: Good as Gold
|
|-heal|p2a: Gholdengo|80/100|[from] item: Leftovers
|-damage|p1a: Pecharunt|88/100 brn|[from] brn
|upkeep
|turn|30
|
|t:|1779962414
|switch|p2a: Ogerpon|Ogerpon-Wellspring, F|100/100
|switch|p1a: Blissey|Blissey, F|83/100
|-damage|p1a: Blissey|71/100|[from] Stealth Rock
|
|upkeep
|turn|31
|
|t:|1779962426
|switch|p2a: Kingambit|Kingambit, M|100/100
|switch|p1a: Pecharunt|Pecharunt, tera:Dark|88/100 brn
|-damage|p1a: Pecharunt|76/100 brn|[from] Stealth Rock
|
|-damage|p1a: Pecharunt|70/100 brn|[from] brn
|upkeep
|turn|32
|
|t:|1779962429
|move|p1a: Pecharunt|Parting Shot|p2a: Kingambit
|-unboost|p2a: Kingambit|atk|1
|-unboost|p2a: Kingambit|spa|1
|
|t:|1779962436
|switch|p1a: Weezing|Weezing-Galar, M|100/100|[from] Parting Shot
|-ability|p1a: Weezing|Neutralizing Gas
|move|p2a: Kingambit|Iron Head|p1a: Weezing
|-supereffective|p1a: Weezing
|-damage|p1a: Weezing|59/100
|
|upkeep
|turn|33
|
|t:|1779962443
|-end|p2a: Kingambit|fallenundefined|[silent]
|switch|p2a: Tyranitar|Tyranitar, M|42/100 brn
|move|p1a: Weezing|Defog|p2a: Tyranitar
|-unboost|p2a: Tyranitar|evasion|1
|-sideend|p1: azureflatlands|Stealth Rock|[from] move: Defog|[of] p1a: Weezing
|
|-damage|p2a: Tyranitar|35/100 brn|[from] brn
|upkeep
|turn|34
|
|t:|1779962455
|switch|p2a: Ogerpon|Ogerpon-Wellspring, F|100/100
|-end|p1a: Weezing|ability: Neutralizing Gas
|switch|p1a: Gliscor|Gliscor, M|58/100
|
|upkeep
|turn|35
|
|t:|1779962463
|switch|p1a: Weezing|Weezing-Galar, M|59/100
|-ability|p1a: Weezing|Neutralizing Gas
|move|p2a: Ogerpon|Ivy Cudgel|p1a: Weezing|[anim] Ivy Cudgel Water
|-damage|p1a: Weezing|23/100
|
|upkeep
|turn|36
|
|t:|1779962473
|move|p2a: Ogerpon|Ivy Cudgel|p1a: Weezing|[anim] Ivy Cudgel Water
|-crit|p1a: Weezing
|-damage|p1a: Weezing|0 fnt
|faint|p1a: Weezing
|-end|p1a: Weezing|ability: Neutralizing Gas
|
|upkeep
|
|t:|1779962475
|switch|p1a: Pecharunt|Pecharunt, tera:Dark|70/100 brn
|turn|37
|
|t:|1779962484
|switch|p2a: Gholdengo|Gholdengo|80/100
|move|p1a: Pecharunt|Recover|p1a: Pecharunt
|-heal|p1a: Pecharunt|100/100 brn
|
|-heal|p2a: Gholdengo|86/100|[from] item: Leftovers
|-damage|p1a: Pecharunt|94/100 brn|[from] brn
|upkeep
|turn|38
|
|t:|1779962492
|switch|p2a: Kingambit|Kingambit, M|100/100
|switch|p1a: Blissey|Blissey, F|71/100
|
|upkeep
|turn|39
|
|t:|1779962502
|-end|p2a: Kingambit|fallenundefined|[silent]
|switch|p2a: Ogerpon|Ogerpon-Wellspring, F|100/100
|move|p1a: Blissey|Stealth Rock|p2a: Ogerpon
|-sidestart|p2: medtyr|move: Stealth Rock
|
|upkeep
|turn|40
|
|t:|1779962509
|switch|p1a: Pecharunt|Pecharunt, tera:Dark|94/100 brn
|move|p2a: Ogerpon|Ivy Cudgel|p1a: Pecharunt|[anim] Ivy Cudgel Water
|-damage|p1a: Pecharunt|66/100 brn
|
|-damage|p1a: Pecharunt|60/100 brn|[from] brn
|upkeep
|turn|41
|
|t:|1779962519
|switch|p2a: Kingambit|Kingambit, M|100/100
|-damage|p2a: Kingambit|94/100|[from] Stealth Rock
|move|p1a: Pecharunt|Recover|p1a: Pecharunt
|-heal|p1a: Pecharunt|100/100 brn
|
|-damage|p1a: Pecharunt|94/100 brn|[from] brn
|upkeep
|turn|42
|
|t:|1779962524
|move|p1a: Pecharunt|Parting Shot|p2a: Kingambit
|-unboost|p2a: Kingambit|atk|1
|-unboost|p2a: Kingambit|spa|1
|
|t:|1779962526
|switch|p1a: Gliscor|Gliscor, M|58/100|[from] Parting Shot
|move|p2a: Kingambit|Swords Dance|p2a: Kingambit
|-boost|p2a: Kingambit|atk|2
|
|upkeep
|turn|43
|
|t:|1779962531
|move|p1a: Gliscor|Spikes|p2a: Kingambit
|-sidestart|p2: medtyr|Spikes
|move|p2a: Kingambit|Kowtow Cleave|p1a: Gliscor
|-damage|p1a: Gliscor|0 fnt
|faint|p1a: Gliscor
|
|upkeep
|
|t:|1779962535
|switch|p1a: Clodsire|Clodsire, F|100/100
|turn|44
|
|t:|1779962546
|-end|p2a: Kingambit|fallenundefined|[silent]
|switch|p2a: Ogerpon|Ogerpon-Wellspring, F|100/100
|-damage|p2a: Ogerpon|88/100|[from] Stealth Rock
|-damage|p2a: Ogerpon|76/100|[from] Spikes
|move|p1a: Clodsire|Counter||[still]
|-fail|p1a: Clodsire
|
|upkeep
|turn|45
|
|t:|1779962555
|switch|p1a: Pecharunt|Pecharunt, tera:Dark|94/100 brn
|move|p2a: Ogerpon|Encore||[still]
|-fail|p2a: Ogerpon
|
|-damage|p1a: Pecharunt|88/100 brn|[from] brn
|upkeep
|turn|46
|
|t:|1779962565
|switch|p2a: Kingambit|Kingambit, M|94/100
|-damage|p2a: Kingambit|88/100|[from] Stealth Rock
|-damage|p2a: Kingambit|76/100|[from] Spikes
|move|p1a: Pecharunt|Malignant Chain|p2a: Kingambit
|-immune|p2a: Kingambit
|
|-damage|p1a: Pecharunt|82/100 brn|[from] brn
|upkeep
|turn|47
|
|t:|1779962573
|move|p1a: Pecharunt|Parting Shot|p2a: Kingambit
|-unboost|p2a: Kingambit|atk|1
|-unboost|p2a: Kingambit|spa|1
|
|t:|1779962576
|switch|p1a: Clodsire|Clodsire, F|100/100|[from] Parting Shot
|move|p2a: Kingambit|Iron Head|p1a: Clodsire
|-damage|p1a: Clodsire|56/100
|
|-heal|p1a: Clodsire|62/100|[from] item: Leftovers
|upkeep
|turn|48
|
|t:|1779962595
|-end|p2a: Kingambit|fallenundefined|[silent]
|switch|p2a: Tyranitar|Tyranitar, M|35/100 brn
|-damage|p2a: Tyranitar|23/100 brn|[from] Stealth Rock
|-damage|p2a: Tyranitar|11/100 brn|[from] Spikes
|-weather|Sandstorm|[from] ability: Sand Stream|[of] p2a: Tyranitar
|move|p1a: Clodsire|Recover|p1a: Clodsire
|-heal|p1a: Clodsire|100/100
|
|-weather|Sandstorm|[upkeep]
|-damage|p2a: Tyranitar|4/100 brn|[from] brn
|upkeep
|turn|49
|
|t:|1779962606
|switch|p1a: Pecharunt|Pecharunt, tera:Dark|82/100 brn
|move|p2a: Tyranitar|Earthquake|p1a: Pecharunt
|-damage|p1a: Pecharunt|75/100 brn
|
|-weather|Sandstorm|[upkeep]
|-damage|p1a: Pecharunt|69/100 brn|[from] Sandstorm
|-damage|p1a: Pecharunt|63/100 brn|[from] brn
|-damage|p2a: Tyranitar|0 fnt|[from] brn
|faint|p2a: Tyranitar
|upkeep
|
|t:|1779962617
|switch|p2a: Gholdengo|Gholdengo|86/100
|-damage|p2a: Gholdengo|80/100|[from] Stealth Rock
|-damage|p2a: Gholdengo|67/100|[from] Spikes
|turn|50
|
|t:|1779962621
|switch|p1a: Blissey|Blissey, F|71/100
|move|p2a: Gholdengo|Focus Blast|p1a: Blissey|[miss]
|-miss|p2a: Gholdengo|p1a: Blissey
|
|-weather|Sandstorm|[upkeep]
|-damage|p1a: Blissey|65/100|[from] Sandstorm
|-heal|p2a: Gholdengo|74/100|[from] item: Leftovers
|upkeep
|turn|51
|
|t:|1779962628
|move|p2a: Gholdengo|Make It Rain|p1a: Blissey
|-damage|p1a: Blissey|45/100
|-unboost|p2a: Gholdengo|spa|1
|move|p1a: Blissey|Flamethrower|p2a: Gholdengo
|-supereffective|p2a: Gholdengo
|-damage|p2a: Gholdengo|36/100
|
|-weather|Sandstorm|[upkeep]
|-damage|p1a: Blissey|39/100|[from] Sandstorm
|-heal|p2a: Gholdengo|42/100|[from] item: Leftovers
|upkeep
|turn|52
|
|t:|1779962635
|switch|p2a: Moltres|Moltres|51/100 tox
|move|p1a: Blissey|Flamethrower|p2a: Moltres
|-resisted|p2a: Moltres
|-damage|p2a: Moltres|43/100 tox
|
|-weather|none
|-damage|p2a: Moltres|37/100 tox|[from] psn
|upkeep
|turn|53
|
|t:|1779962642
|switch|p1a: Clodsire|Clodsire, F|100/100
|move|p2a: Moltres|Roost|p2a: Moltres
|-heal|p2a: Moltres|87/100 tox
|-singleturn|p2a: Moltres|move: Roost
|
|-damage|p2a: Moltres|75/100 tox|[from] psn
|upkeep
|turn|54
|
|t:|1779962650
|move|p2a: Moltres|U-turn|p1a: Clodsire
|-resisted|p1a: Clodsire
|-damage|p1a: Clodsire|94/100
|
|t:|1779962655
|switch|p2a: Ogerpon|Ogerpon-Wellspring, F|76/100|[from] U-turn
|-damage|p2a: Ogerpon|64/100|[from] Stealth Rock
|-damage|p2a: Ogerpon|51/100|[from] Spikes
|move|p1a: Clodsire|Bulldoze|p2a: Ogerpon
|-resisted|p2a: Ogerpon
|-damage|p2a: Ogerpon|40/100
|-unboost|p2a: Ogerpon|spe|1
|
|-heal|p1a: Clodsire|100/100|[from] item: Leftovers
|upkeep
|turn|55
|
|t:|1779962667
|switch|p1a: Blissey|Blissey, F|39/100
|move|p2a: Ogerpon|Ivy Cudgel|p1a: Blissey|[anim] Ivy Cudgel Water
|-damage|p1a: Blissey|0 fnt
|faint|p1a: Blissey
|
|upkeep
|
|t:|1779962671
|switch|p1a: Pecharunt|Pecharunt, tera:Dark|63/100 brn
|turn|56
|
|t:|1779962680
|move|p2a: Ogerpon|Ivy Cudgel|p1a: Pecharunt|[anim] Ivy Cudgel Water
|-damage|p1a: Pecharunt|36/100 brn
|move|p1a: Pecharunt|Recover|p1a: Pecharunt
|-heal|p1a: Pecharunt|86/100 brn
|
|-damage|p1a: Pecharunt|80/100 brn|[from] brn
|upkeep
|turn|57
|
|t:|1779962685
|move|p2a: Ogerpon|Encore|p1a: Pecharunt
|-start|p1a: Pecharunt|Encore
|move|p1a: Pecharunt|Recover|p1a: Pecharunt
|-heal|p1a: Pecharunt|100/100 brn
|
|-damage|p1a: Pecharunt|94/100 brn|[from] brn
|-end|p1a: Pecharunt|Encore
|upkeep
|turn|58
|
|t:|1779962689
|move|p2a: Ogerpon|Ivy Cudgel|p1a: Pecharunt|[anim] Ivy Cudgel Water
|-damage|p1a: Pecharunt|67/100 brn
|move|p1a: Pecharunt|Malignant Chain|p2a: Ogerpon
|-supereffective|p2a: Ogerpon
|-damage|p2a: Ogerpon|0 fnt
|faint|p2a: Ogerpon
|
|-damage|p1a: Pecharunt|60/100 brn|[from] brn
|upkeep
|
|t:|1779962701
|switch|p2a: Gholdengo|Gholdengo|42/100
|-damage|p2a: Gholdengo|36/100|[from] Stealth Rock
|-damage|p2a: Gholdengo|24/100|[from] Spikes
|turn|59
|
|t:|1779962704
|move|p2a: Gholdengo|Make It Rain|p1a: Pecharunt
|-damage|p1a: Pecharunt|0 fnt
|-unboost|p2a: Gholdengo|spa|1
|faint|p1a: Pecharunt
|
|-heal|p2a: Gholdengo|30/100|[from] item: Leftovers
|upkeep
|
|t:|1779962707
|switch|p1a: Clodsire|Clodsire, F|100/100
|turn|60
|
|t:|1779962709
|move|p2a: Gholdengo|Make It Rain|p1a: Clodsire
|-damage|p1a: Clodsire|59/100
|-unboost|p2a: Gholdengo|spa|1
|move|p1a: Clodsire|Bulldoze|p2a: Gholdengo
|-supereffective|p2a: Gholdengo
|-crit|p2a: Gholdengo
|-damage|p2a: Gholdengo|0 fnt
|faint|p2a: Gholdengo
|
|-heal|p1a: Clodsire|66/100|[from] item: Leftovers
|upkeep
|
|t:|1779962715
|switch|p2a: Great Tusk|Great Tusk|18/100 tox
|-damage|p2a: Great Tusk|15/100 tox|[from] Stealth Rock
|-damage|p2a: Great Tusk|2/100 tox|[from] Spikes
|turn|61
|
|t:|1779962720
|move|p2a: Great Tusk|Headlong Rush|p1a: Clodsire
|-supereffective|p1a: Clodsire
|-damage|p1a: Clodsire|0 fnt
|-unboost|p2a: Great Tusk|def|1
|-unboost|p2a: Great Tusk|spd|1
|faint|p1a: Clodsire
|
|win|medtyr
|raw|azureflatlands's rating: 1475 &rarr; <strong>1455</strong><br />(-20 for losing)
|raw|medtyr's rating: 1482 &rarr; <strong>1502</strong><br />(+20 for winning)
|l|☆medtyr
|player|p2|
|l|☆azureflatlands
|player|p1|
