|j|☆prohunter
|j|☆moo236
|t:|1779941740
|gametype|singles
|player|p1|prohunter|colress|1339
|player|p2|moo236|lyra|1399
|gen|9
|tier|[Gen 9] OU
|rated|
|rule|HP Percentage Mod: HP is shown in percentages
|rule|Endless Battle Clause: Forcing endless battles is banned
|rule|Species Clause: Limit one of each Pokémon
|rule|OHKO Clause: OHKO moves are banned
|rule|Evasion Items Clause: Evasion items are banned
|rule|Evasion Moves Clause: Evasion moves are banned
|rule|Evasion Abilities Clause: Evasion abilities are banned
|rule|Sleep Moves Clause: Sleep-inducing moves are banned
|clearpoke
|poke|p1|Hatterene, F|
|poke|p1|Great Tusk|
|poke|p1|Tornadus-Therian, M|
|poke|p1|Kyurem|
|poke|p1|Slowking-Galar, M|
|poke|p1|Kingambit, M|
|poke|p2|Dragonite, M|
|poke|p2|Great Tusk|
|poke|p2|Deoxys-Speed|
|poke|p2|Gholdengo|
|poke|p2|Zamazenta-*|
|poke|p2|Iron Valiant|
|teampreview
|
|t:|1779941752
|teamsize|p1|6
|teamsize|p2|6
|start
|switch|p1a: Tornadus|Tornadus-Therian, M|100/100
|switch|p2a: Deoxys|Deoxys-Speed|100/100
|-ability|p2a: Deoxys|Pressure
|turn|1
|
|t:|1779941760
|switch|p1a: Hatterene|Hatterene, F|100/100
|move|p2a: Deoxys|Skill Swap|p1a: Hatterene
|-activate|p2a: Deoxys|Skill Swap|Magic Bounce|Pressure|[of] p1a: Hatterene
|-ability|p1a: Hatterene|Pressure
|
|upkeep
|turn|2
|inactive|Battle timer is ON: inactive players will automatically lose when time's up. (requested by moo236)
|
|t:|1779941787
|move|p2a: Deoxys|Stealth Rock|p1a: Hatterene
|-sidestart|p1: prohunter|move: Stealth Rock
|move|p1a: Hatterene|Nuzzle|p2a: Deoxys
|-damage|p2a: Deoxys|96/100
|-status|p2a: Deoxys|par
|
|upkeep
|turn|3
|
|t:|1779941804
|switch|p1a: Great Tusk|Great Tusk|100/100
|-damage|p1a: Great Tusk|98/100|[from] Stealth Rock
|move|p2a: Deoxys|Spikes|p1a: Great Tusk
|-sidestart|p1: prohunter|Spikes
|
|upkeep
|turn|4
|
|t:|1779941823
|switch|p2a: Great Tusk|Great Tusk|100/100
|-enditem|p2a: Great Tusk|Booster Energy
|-activate|p2a: Great Tusk|ability: Protosynthesis|[fromitem]
|-start|p2a: Great Tusk|protosynthesisspe
|move|p1a: Great Tusk|Headlong Rush|p2a: Great Tusk
|-damage|p2a: Great Tusk|61/100
|-unboost|p1a: Great Tusk|def|1
|-unboost|p1a: Great Tusk|spd|1
|
|upkeep
|turn|5
|
|t:|1779941833
|move|p2a: Great Tusk|Headlong Rush|p1a: Great Tusk
|-damage|p1a: Great Tusk|42/100
|-unboost|p2a: Great Tusk|def|1
|-unboost|p2a: Great Tusk|spd|1
|-damage|p2a: Great Tusk|44/100|[from] item: Rocky Helmet|[of] p1a: Great Tusk
|move|p1a: Great Tusk|Rapid Spin|p2a: Great Tusk
|-damage|p2a: Great Tusk|29/100
|-boost|p1a: Great Tusk|spe|1
|-sideend|p1: prohunter|Spikes|[from] move: Rapid Spin|[of] p1a: Great Tusk
|-sideend|p1: prohunter|Stealth Rock|[from] move: Rapid Spin|[of] p1a: Great Tusk
|
|upkeep
|turn|6
|
|t:|1779941850
|move|p2a: Great Tusk|Headlong Rush|p1a: Great Tusk
|-damage|p1a: Great Tusk|0 fnt
|-unboost|p2a: Great Tusk|def|1
|-unboost|p2a: Great Tusk|spd|1
|-damage|p2a: Great Tusk|12/100|[from] item: Rocky Helmet|[of] p1a: Great Tusk
|faint|p1a: Great Tusk
|-end|p1a: Great Tusk|Protosynthesis|[silent]
|
|upkeep
|
|t:|1779941862
|switch|p1a: Tornadus|Tornadus-Therian, M|100/100
|turn|7
|
|t:|1779941866
|switch|p1a: Hatterene|Hatterene, F|100/100
|move|p2a: Great Tusk|Ice Spinner|p1a: Hatterene
|-damage|p1a: Hatterene|81/100
|-damage|p2a: Great Tusk|0 fnt|[from] item: Rocky Helmet|[of] p1a: Hatterene
|faint|p2a: Great Tusk
|-end|p2a: Great Tusk|Protosynthesis|[silent]
|
|upkeep
|
|t:|1779941873
|switch|p2a: Gholdengo|Gholdengo|100/100
|turn|8
|
|t:|1779941882
|switch|p2a: Zamazenta|Zamazenta|100/100
|-ability|p2a: Zamazenta|Dauntless Shield|boost
|-boost|p2a: Zamazenta|def|1
|switch|p1a: Tornadus|Tornadus-Therian, M|100/100
|
|upkeep
|turn|9
|
|t:|1779941890
|move|p2a: Zamazenta|Ice Fang|p1a: Tornadus
|-supereffective|p1a: Tornadus
|-damage|p1a: Tornadus|22/100
|-damage|p2a: Zamazenta|91/100|[from] item: Life Orb
|move|p1a: Tornadus|Bleakwind Storm|p2a: Zamazenta|[miss]
|-miss|p1a: Tornadus|p2a: Zamazenta
|
|upkeep
|turn|10
|
|t:|1779941898
|switch|p1a: Hatterene|Hatterene, F|81/100
|move|p2a: Zamazenta|Heavy Slam|p1a: Hatterene
|-supereffective|p1a: Hatterene
|-damage|p1a: Hatterene|0 fnt
|-damage|p2a: Zamazenta|74/100|[from] item: Rocky Helmet|[of] p1a: Hatterene
|faint|p1a: Hatterene
|-damage|p2a: Zamazenta|64/100|[from] item: Life Orb
|
|upkeep
|
|t:|1779941906
|switch|p1a: Slowking|Slowking-Galar, M|100/100
|turn|11
|
|t:|1779941914
|move|p2a: Zamazenta|Crunch|p1a: Slowking
|-supereffective|p1a: Slowking
|-damage|p1a: Slowking|43/100
|-unboost|p1a: Slowking|def|1
|-damage|p2a: Zamazenta|54/100|[from] item: Life Orb
|move|p1a: Slowking|Future Sight|p2a: Zamazenta
|-start|p1a: Slowking|move: Future Sight
|
|-heal|p1a: Slowking|49/100|[from] item: Black Sludge
|upkeep
|turn|12
|
|t:|1779941925
|switch|p1a: Tornadus|Tornadus-Therian, M|56/100
|move|p2a: Zamazenta|Crunch|p1a: Tornadus
|-damage|p1a: Tornadus|11/100
|-damage|p2a: Zamazenta|44/100|[from] item: Life Orb
|
|upkeep
|turn|13
|
|t:|1779941932
|switch|p2a: Gholdengo|Gholdengo|100/100
|switch|p1a: Slowking|Slowking-Galar, M|82/100
|
|-end|p2a: Gholdengo|move: Future Sight
|-resisted|p2a: Gholdengo
|-damage|p2a: Gholdengo|79/100
|-heal|p1a: Slowking|89/100|[from] item: Black Sludge
|upkeep
|turn|14
|-message|prohunter forfeited.
|
|win|moo236
|raw|prohunter's rating: 1339 &rarr; <strong>1322</strong><br />(-17 for losing)
|raw|moo236's rating: 1399 &rarr; <strong>1416</strong><br />(+17 for winning)
|l|☆prohunter
|player|p1|
|l|☆moo236
|player|p2|
