|j|☆crissperez
|j|☆The Boy Saviour
|t:|1779950956
|gametype|singles
|player|p1|crissperez|juan|1371
|player|p2|The Boy Saviour|roxie|1385
|gen|9
|tier|[Gen 9] OU
|rated|
|rule|HP Percentage Mod: HP is shown in percentages
|rule|Endless Battle Clause: Forcing endless battles is banned
|rule|Species Clause: Limit one of each Pokémon
|rule|OHKO Clause: OHKO moves are banned
|rule|Evasion Items Clause: Evasion items are banned
|rule|Evasion Moves Clause: Evasion moves are banned
|rule|Evasion Abilities Clause: Evasion abilities are banned
|rule|Sleep Moves Clause: Sleep-inducing moves are banned
|clearpoke
|poke|p1|Serperior, M|
|poke|p1|Hawlucha, F|
|poke|p1|Iron Crown|
|poke|p1|Garganacl, F|
|poke|p1|Goodra-Hisui, F|
|poke|p1|Ogerpon-Wellspring, F|
|poke|p2|Iron Crown|
|poke|p2|Deoxys-Speed|
|poke|p2|Armarouge, M|
|poke|p2|Ogerpon, F|
|poke|p2|Samurott-Hisui, M|
|poke|p2|Iron Valiant|
|teampreview
|inactive|Battle timer is ON: inactive players will automatically lose when time's up. (requested by The Boy Saviour)
|c|☆The Boy Saviour|Hmm
|c|☆The Boy Saviour|glhf
|
|t:|1779950974
|teamsize|p1|6
|teamsize|p2|6
|start
|switch|p1a: Serperior|Serperior, M|100/100
|switch|p2a: Uriel|Deoxys-Speed|100/100
|-ability|p2a: Uriel|Pressure
|turn|1
|
|t:|1779950984
|move|p2a: Uriel|Taunt|p1a: Serperior
|-start|p1a: Serperior|move: Taunt
|move|p1a: Serperior|Leaf Storm|p2a: Uriel
|-damage|p2a: Uriel|39/100
|-boost|p1a: Serperior|spa|2
|
|upkeep
|turn|2
|
|t:|1779950991
|move|p2a: Uriel|Psychic Terrain|p2a: Uriel
|-fieldstart|move: Psychic Terrain
|move|p1a: Serperior|Leaf Storm|p2a: Uriel
|-damage|p2a: Uriel|0 fnt
|-boost|p1a: Serperior|spa|2
|faint|p2a: Uriel
|
|upkeep
|
|t:|1779951006
|switch|p2a: Azrael|Iron Valiant, shiny|100/100
|-enditem|p2a: Azrael|Booster Energy
|-activate|p2a: Azrael|ability: Quark Drive|[fromitem]
|-start|p2a: Azrael|quarkdrivespe
|turn|3
|
|t:|1779951024
|move|p2a: Azrael|Expanding Force|p1a: Serperior
|-damage|p1a: Serperior|42/100
|move|p1a: Serperior|Leaf Storm|p2a: Azrael
|-damage|p2a: Azrael|0 fnt
|-boost|p1a: Serperior|spa|2
|faint|p2a: Azrael
|-end|p2a: Azrael|Quark Drive|[silent]
|
|-end|p1a: Serperior|move: Taunt
|upkeep
|
|t:|1779951033
|switch|p2a: Jeremiel|Iron Crown|100/100
|-enditem|p2a: Jeremiel|Booster Energy
|-activate|p2a: Jeremiel|ability: Quark Drive|[fromitem]
|-start|p2a: Jeremiel|quarkdrivespa
|turn|4
|
|t:|1779951039
|move|p1a: Serperior|Glare|p2a: Jeremiel
|-status|p2a: Jeremiel|par
|move|p2a: Jeremiel|Expanding Force|p1a: Serperior
|-damage|p1a: Serperior|0 fnt
|faint|p1a: Serperior
|
|upkeep
|
|t:|1779951064
|switch|p1a: Goodra|Goodra-Hisui, F|100/100
|turn|5
|
|t:|1779951069
|-terastallize|p2a: Jeremiel|Fighting
|cant|p2a: Jeremiel|par
|move|p1a: Goodra|Acid Armor|p1a: Goodra
|-boost|p1a: Goodra|def|2
|
|upkeep
|turn|6
|
|t:|1779951087
|cant|p2a: Jeremiel|par
|move|p1a: Goodra|Acid Armor|p1a: Goodra
|-boost|p1a: Goodra|def|2
|
|upkeep
|turn|7
|
|t:|1779951094
|move|p2a: Jeremiel|Focus Blast|p1a: Goodra|[miss]
|-miss|p2a: Jeremiel|p1a: Goodra
|move|p1a: Goodra|Body Press|p2a: Jeremiel
|-damage|p2a: Jeremiel|40/100 par
|
|upkeep
|turn|8
|
|t:|1779951106
|move|p2a: Jeremiel|Focus Blast|p1a: Goodra
|-supereffective|p1a: Goodra
|-damage|p1a: Goodra|11/100
|move|p1a: Goodra|Acid Armor|p1a: Goodra
|-boost|p1a: Goodra|def|2
|
|-heal|p1a: Goodra|18/100|[from] item: Leftovers
|upkeep
|turn|9
|
|t:|1779951117
|move|p2a: Jeremiel|Expanding Force|p1a: Goodra
|-resisted|p1a: Goodra
|-damage|p1a: Goodra|0 fnt
|faint|p1a: Goodra
|
|-fieldend|move: Psychic Terrain
|upkeep
|
|t:|1779951134
|switch|p1a: Iron Crown|Iron Crown|100/100
|-enditem|p1a: Iron Crown|Booster Energy
|-activate|p1a: Iron Crown|ability: Quark Drive|[fromitem]
|-start|p1a: Iron Crown|quarkdrivespe
|turn|10
|
|t:|1779951140
|move|p1a: Iron Crown|Calm Mind|p1a: Iron Crown
|-boost|p1a: Iron Crown|spa|1
|-boost|p1a: Iron Crown|spd|1
|move|p2a: Jeremiel|Focus Blast|p1a: Iron Crown
|-damage|p1a: Iron Crown|41/100
|-unboost|p1a: Iron Crown|spd|1
|
|upkeep
|turn|11
|
|t:|1779951149
|move|p1a: Iron Crown|Tachyon Cutter|p2a: Jeremiel
|-damage|p2a: Jeremiel|4/100 par
|-damage|p2a: Jeremiel|0 fnt
|faint|p2a: Jeremiel
|-end|p2a: Jeremiel|Quark Drive|[silent]
|-hitcount|p2: Jeremiel|2
|
|upkeep
|
|t:|1779951156
|switch|p2a: Lucifer|Samurott-Hisui, M, shiny|100/100
|turn|12
|
|t:|1779951160
|move|p1a: Iron Crown|Focus Blast|p2a: Lucifer
|-supereffective|p2a: Lucifer
|-damage|p2a: Lucifer|0 fnt
|faint|p2a: Lucifer
|
|upkeep
|
|t:|1779951164
|switch|p2a: Michael|Ogerpon, F|100/100
|turn|13
|
|t:|1779951173
|move|p1a: Iron Crown|Tachyon Cutter|p2a: Michael
|-damage|p2a: Michael|61/100
|-damage|p2a: Michael|20/100
|-hitcount|p2a: Michael|2
|move|p2a: Michael|Knock Off|p1a: Iron Crown
|-supereffective|p1a: Iron Crown
|-damage|p1a: Iron Crown|0 fnt
|faint|p1a: Iron Crown
|-end|p1a: Iron Crown|Quark Drive|[silent]
|
|upkeep
|inactive|crissperez has 120 seconds left.
|c|☆The Boy Saviour|Believee
|
|t:|1779951219
|switch|p1a: Hawlucha|Hawlucha, F|100/100
|turn|14
|
|t:|1779951242
|move|p2a: Michael|Knock Off|p1a: Hawlucha
|-resisted|p1a: Hawlucha
|-damage|p1a: Hawlucha|67/100
|-enditem|p1a: Hawlucha|Sitrus Berry|[from] move: Knock Off|[of] p2a: Michael
|move|p1a: Hawlucha|Substitute|p1a: Hawlucha
|-start|p1a: Hawlucha|Substitute
|-damage|p1a: Hawlucha|42/100
|
|upkeep
|turn|15
|inactive|crissperez has 120 seconds left.
|
|t:|1779951258
|move|p1a: Hawlucha|Acrobatics|p2a: Michael
|-supereffective|p2a: Michael
|-damage|p2a: Michael|0 fnt
|faint|p2a: Michael
|
|upkeep
|
|t:|1779951260
|switch|p2a: Gabriel|Armarouge, M, shiny|100/100
|turn|16
|inactive|crissperez has 120 seconds left.
|
|t:|1779951271
|move|p1a: Hawlucha|Acrobatics|p2a: Gabriel
|-damage|p2a: Gabriel|50/100
|-ability|p2a: Gabriel|Weak Armor|boost
|-unboost|p2a: Gabriel|def|1
|-boost|p2a: Gabriel|spe|2
|move|p2a: Gabriel|Expanding Force|p1a: Hawlucha
|-supereffective|p1a: Hawlucha
|-end|p1a: Hawlucha|Substitute
|
|upkeep
|turn|17
|inactive|crissperez has 120 seconds left.
|
|t:|1779951281
|move|p1a: Hawlucha|Acrobatics|p2a: Gabriel
|-damage|p2a: Gabriel|0 fnt
|faint|p2a: Gabriel
|
|win|crissperez
|raw|crissperez's rating: 1371 &rarr; <strong>1392</strong><br />(+21 for winning)
|raw|The Boy Saviour's rating: 1385 &rarr; <strong>1364</strong><br />(-21 for losing)
|l|☆The Boy Saviour
|player|p2|
|l|☆crissperez
|player|p1|
