|j|☆kunkwat
|j|‽valanik4
|t:|1779970845
|gametype|singles
|player|p1|kunkwat|blackbelt-gen4dp|1348
|player|p2|valanik4|1|1310
|gen|9
|tier|[Gen 9] OU
|rated|
|rule|HP Percentage Mod: HP is shown in percentages
|rule|Endless Battle Clause: Forcing endless battles is banned
|rule|Species Clause: Limit one of each Pokémon
|rule|OHKO Clause: OHKO moves are banned
|rule|Evasion Items Clause: Evasion items are banned
|rule|Evasion Moves Clause: Evasion moves are banned
|rule|Evasion Abilities Clause: Evasion abilities are banned
|rule|Sleep Moves Clause: Sleep-inducing moves are banned
|clearpoke
|poke|p1|Mabosstiff, M|
|poke|p1|Glimmora, F|
|poke|p1|Dragapult, M|
|poke|p1|Corviknight, M|
|poke|p1|Ting-Lu|
|poke|p1|Iron Valiant|
|poke|p2|Pecharunt|
|poke|p2|Kingambit, F|
|poke|p2|Primarina, M|
|poke|p2|Great Tusk|
|poke|p2|Ting-Lu|
|poke|p2|Dragapult, F|
|teampreview
|inactive|Battle timer is ON: inactive players will automatically lose when time's up. (requested by valanik4)
|
|t:|1779970896
|teamsize|p1|6
|teamsize|p2|6
|start
|switch|p1a: Corviknight|Corviknight, M|100/100
|switch|p2a: Ting-Lu|Ting-Lu|100/100
|-ability|p2a: Ting-Lu|Vessel of Ruin
|-ability|p1a: Corviknight|Pressure
|turn|1
|
|t:|1779970908
|move|p2a: Ting-Lu|Ruination|p1a: Corviknight|[miss]
|-miss|p2a: Ting-Lu|p1a: Corviknight
|move|p1a: Corviknight|U-turn|p2a: Ting-Lu
|-supereffective|p2a: Ting-Lu
|-damage|p2a: Ting-Lu|85/100
|inactive|kunkwat has 120 seconds left.
|
|t:|1779970947
|switch|p1a: Glimmora|Glimmora, F|100/100|[from] U-turn
|
|-heal|p2a: Ting-Lu|92/100|[from] item: Leftovers
|upkeep
|turn|2
|
|t:|1779970954
|move|p1a: Glimmora|Stealth Rock|p2a: Ting-Lu
|-sidestart|p2: valanik4|move: Stealth Rock
|move|p2a: Ting-Lu|Earthquake|p1a: Glimmora
|-supereffective|p1a: Glimmora
|-enditem|p1a: Glimmora|Focus Sash
|-damage|p1a: Glimmora|1/100
|-activate|p1a: Glimmora|ability: Toxic Debris
|-sidestart|p2: valanik4|move: Toxic Spikes
|
|-heal|p2a: Ting-Lu|98/100|[from] item: Leftovers
|upkeep
|turn|3
|inactive|kunkwat has 120 seconds left.
|
|t:|1779970970
|move|p1a: Glimmora|Mortal Spin|p2a: Ting-Lu
|-resisted|p2a: Ting-Lu
|-damage|p2a: Ting-Lu|96/100
|-status|p2a: Ting-Lu|psn
|move|p2a: Ting-Lu|Earthquake|p1a: Glimmora
|-supereffective|p1a: Glimmora
|-damage|p1a: Glimmora|0 fnt
|-activate|p1a: Glimmora|ability: Toxic Debris
|-sidestart|p2: valanik4|move: Toxic Spikes
|faint|p1a: Glimmora
|
|-heal|p2a: Ting-Lu|100/100 psn|[from] item: Leftovers
|-damage|p2a: Ting-Lu|88/100 psn|[from] psn
|upkeep
|
|t:|1779970981
|switch|p1a: Mabosstiff|Mabosstiff, M|100/100
|turn|4
|
|t:|1779970998
|move|p1a: Mabosstiff|Play Rough|p2a: Ting-Lu
|-supereffective|p2a: Ting-Lu
|-damage|p2a: Ting-Lu|42/100 psn
|move|p2a: Ting-Lu|Ruination|p1a: Mabosstiff
|-damage|p1a: Mabosstiff|51/100
|
|-heal|p2a: Ting-Lu|49/100 psn|[from] item: Leftovers
|-damage|p2a: Ting-Lu|36/100 psn|[from] psn
|upkeep
|turn|5
|
|t:|1779971008
|move|p1a: Mabosstiff|Play Rough|p2a: Ting-Lu
|-supereffective|p2a: Ting-Lu
|-damage|p2a: Ting-Lu|0 fnt
|faint|p2a: Ting-Lu
|
|upkeep
|
|t:|1779971012
|switch|p2a: Pecharunt|Pecharunt|100/100
|-damage|p2a: Pecharunt|88/100|[from] Stealth Rock
|-sideend|p2: valanik4|move: Toxic Spikes|[of] p2a: Pecharunt
|turn|6
|
|t:|1779971022
|switch|p1a: Corviknight|Corviknight, M|100/100
|-ability|p1a: Corviknight|Pressure
|move|p2a: Pecharunt|Parting Shot|p1a: Corviknight
|-unboost|p1a: Corviknight|atk|1
|-unboost|p1a: Corviknight|spa|1
|
|t:|1779971029
|switch|p2a: Primarina|Primarina, M|100/100|[from] Parting Shot
|-damage|p2a: Primarina|88/100|[from] Stealth Rock
|
|-heal|p2a: Primarina|94/100|[from] item: Leftovers
|upkeep
|turn|7
|
|t:|1779971038
|move|p2a: Primarina|Surf|p1a: Corviknight
|-damage|p1a: Corviknight|52/100
|move|p1a: Corviknight|U-turn|p2a: Primarina
|-resisted|p2a: Primarina
|-damage|p2a: Primarina|88/100
|
|t:|1779971048
|switch|p1a: Mabosstiff|Mabosstiff, M|51/100|[from] U-turn
|
|-heal|p2a: Primarina|95/100|[from] item: Leftovers
|upkeep
|turn|8
|inactive|kunkwat has 120 seconds left.
|
|t:|1779971087
|move|p1a: Mabosstiff|Play Rough|p2a: Primarina
|-damage|p2a: Primarina|33/100
|move|p2a: Primarina|Moonblast|p1a: Mabosstiff
|-supereffective|p1a: Mabosstiff
|-damage|p1a: Mabosstiff|0 fnt
|faint|p1a: Mabosstiff
|
|-heal|p2a: Primarina|39/100|[from] item: Leftovers
|upkeep
|
|t:|1779971092
|switch|p1a: Iron Valiant|Iron Valiant|100/100
|-enditem|p1a: Iron Valiant|Booster Energy
|-activate|p1a: Iron Valiant|ability: Quark Drive|[fromitem]
|-start|p1a: Iron Valiant|quarkdrivespe
|turn|9
|
|t:|1779971102
|move|p1a: Iron Valiant|Thunderbolt|p2a: Primarina
|-supereffective|p2a: Primarina
|-damage|p2a: Primarina|0 fnt
|faint|p2a: Primarina
|
|upkeep
|
|t:|1779971113
|switch|p2a: Great Tusk|Great Tusk|100/100
|-damage|p2a: Great Tusk|98/100|[from] Stealth Rock
|-enditem|p2a: Great Tusk|Booster Energy
|-activate|p2a: Great Tusk|ability: Protosynthesis|[fromitem]
|-start|p2a: Great Tusk|protosynthesisdef
|turn|10
|
|t:|1779971125
|move|p1a: Iron Valiant|Moonblast|p2a: Great Tusk
|-supereffective|p2a: Great Tusk
|-damage|p2a: Great Tusk|0 fnt
|faint|p2a: Great Tusk
|-end|p2a: Great Tusk|Protosynthesis|[silent]
|
|upkeep
|
|t:|1779971133
|switch|p2a: Pecharunt|Pecharunt|88/100
|-damage|p2a: Pecharunt|76/100|[from] Stealth Rock
|turn|11
|
|t:|1779971142
|-end|p1a: Iron Valiant|Quark Drive|[silent]
|switch|p1a: Corviknight|Corviknight, M|52/100
|-ability|p1a: Corviknight|Pressure
|move|p2a: Pecharunt|Malignant Chain|p1a: Corviknight
|-immune|p1a: Corviknight
|
|-heal|p2a: Pecharunt|82/100|[from] item: Leftovers
|-heal|p1a: Corviknight|58/100|[from] item: Leftovers
|upkeep
|turn|12
|
|t:|1779971152
|move|p2a: Pecharunt|Hex|p1a: Corviknight
|-damage|p1a: Corviknight|39/100
|move|p1a: Corviknight|Roost|p1a: Corviknight
|-heal|p1a: Corviknight|89/100
|-singleturn|p1a: Corviknight|move: Roost
|
|-heal|p2a: Pecharunt|88/100|[from] item: Leftovers
|-heal|p1a: Corviknight|95/100|[from] item: Leftovers
|upkeep
|turn|13
|inactive|kunkwat has 120 seconds left.
|
|t:|1779971188
|move|p2a: Pecharunt|Parting Shot|p1a: Corviknight
|-unboost|p1a: Corviknight|atk|1
|-unboost|p1a: Corviknight|spa|1
|
|t:|1779971196
|switch|p2a: Kingambit|Kingambit, F|100/100|[from] Parting Shot
|-damage|p2a: Kingambit|94/100|[from] Stealth Rock
|-activate|p2a: Kingambit|ability: Supreme Overlord
|-start|p2a: Kingambit|fallen3|[silent]
|move|p1a: Corviknight|Brave Bird|p2a: Kingambit
|-resisted|p2a: Kingambit
|-damage|p2a: Kingambit|85/100
|-damage|p1a: Corviknight|92/100|[from] Recoil
|
|-heal|p2a: Kingambit|91/100|[from] item: Leftovers
|-heal|p1a: Corviknight|98/100|[from] item: Leftovers
|upkeep
|turn|14
|
|t:|1779971210
|move|p2a: Kingambit|Swords Dance|p2a: Kingambit
|-boost|p2a: Kingambit|atk|2
|move|p1a: Corviknight|U-turn|p2a: Kingambit
|-damage|p2a: Kingambit|83/100
|
|t:|1779971212
|switch|p1a: Ting-Lu|Ting-Lu|100/100|[from] U-turn
|-ability|p1a: Ting-Lu|Vessel of Ruin
|
|-heal|p2a: Kingambit|90/100|[from] item: Leftovers
|upkeep
|turn|15
|
|t:|1779971220
|move|p2a: Kingambit|Iron Head|p1a: Ting-Lu
|-damage|p1a: Ting-Lu|33/100
|move|p1a: Ting-Lu|Whirlwind|p2a: Kingambit
|-end|p2a: Kingambit|fallen3|[silent]
|drag|p2a: Pecharunt|Pecharunt|88/100
|-damage|p2a: Pecharunt|75/100|[from] Stealth Rock
|
|-heal|p2a: Pecharunt|82/100|[from] item: Leftovers
|-heal|p1a: Ting-Lu|40/100|[from] item: Leftovers
|upkeep
|turn|16
|
|t:|1779971229
|move|p2a: Pecharunt|Parting Shot|p1a: Ting-Lu
|-unboost|p1a: Ting-Lu|atk|1
|-unboost|p1a: Ting-Lu|spa|1
|
|t:|1779971233
|switch|p2a: Dragapult|Dragapult, F|100/100|[from] Parting Shot
|-damage|p2a: Dragapult|88/100|[from] Stealth Rock
|move|p1a: Ting-Lu|Earthquake|p2a: Dragapult
|-damage|p2a: Dragapult|56/100
|
|-heal|p1a: Ting-Lu|46/100|[from] item: Leftovers
|upkeep
|turn|17
|
|t:|1779971243
|switch|p1a: Corviknight|Corviknight, M|98/100
|-ability|p1a: Corviknight|Pressure
|move|p2a: Dragapult|U-turn|p1a: Corviknight
|-resisted|p1a: Corviknight
|-damage|p1a: Corviknight|96/100
|
|t:|1779971251
|switch|p2a: Kingambit|Kingambit, F|90/100|[from] U-turn
|-damage|p2a: Kingambit|83/100|[from] Stealth Rock
|-activate|p2a: Kingambit|ability: Supreme Overlord
|-start|p2a: Kingambit|fallen3|[silent]
|
|-heal|p2a: Kingambit|90/100|[from] item: Leftovers
|-heal|p1a: Corviknight|100/100|[from] item: Leftovers
|upkeep
|turn|18
|
|t:|1779971266
|move|p2a: Kingambit|Swords Dance|p2a: Kingambit
|-boost|p2a: Kingambit|atk|2
|move|p1a: Corviknight|U-turn|p2a: Kingambit
|-damage|p2a: Kingambit|80/100
|inactive|kunkwat has 120 seconds left.
|
|t:|1779971309
|switch|p1a: Ting-Lu|Ting-Lu|46/100|[from] U-turn
|-ability|p1a: Ting-Lu|Vessel of Ruin
|
|-heal|p2a: Kingambit|86/100|[from] item: Leftovers
|-heal|p1a: Ting-Lu|52/100|[from] item: Leftovers
|upkeep
|turn|19
|inactive|kunkwat has 120 seconds left.
|
|t:|1779971319
|move|p2a: Kingambit|Iron Head|p1a: Ting-Lu
|-damage|p1a: Ting-Lu|0 fnt
|faint|p1a: Ting-Lu
|
|-heal|p2a: Kingambit|92/100|[from] item: Leftovers
|upkeep
|
|t:|1779971324
|switch|p1a: Iron Valiant|Iron Valiant|100/100
|turn|20
|
|t:|1779971332
|move|p1a: Iron Valiant|Close Combat|p2a: Kingambit
|-supereffective|p2a: Kingambit
|-damage|p2a: Kingambit|0 fnt
|-unboost|p1a: Iron Valiant|def|1
|-unboost|p1a: Iron Valiant|spd|1
|faint|p2a: Kingambit
|-end|p2a: Kingambit|fallen3|[silent]
|
|upkeep
|
|t:|1779971339
|switch|p2a: Pecharunt|Pecharunt|82/100
|-damage|p2a: Pecharunt|69/100|[from] Stealth Rock
|turn|21
|
|t:|1779971343
|-end|p1a: Iron Valiant|Quark Drive|[silent]
|switch|p1a: Corviknight|Corviknight, M|100/100
|-ability|p1a: Corviknight|Pressure
|move|p2a: Pecharunt|Malignant Chain|p1a: Corviknight
|-immune|p1a: Corviknight
|
|-heal|p2a: Pecharunt|75/100|[from] item: Leftovers
|upkeep
|turn|22
|inactive|kunkwat has 120 seconds left.
|
|t:|1779971383
|move|p2a: Pecharunt|Parting Shot|p1a: Corviknight
|-unboost|p1a: Corviknight|atk|1
|-unboost|p1a: Corviknight|spa|1
|
|t:|1779971389
|switch|p2a: Dragapult|Dragapult, F|56/100|[from] Parting Shot
|-damage|p2a: Dragapult|44/100|[from] Stealth Rock
|move|p1a: Corviknight|U-turn|p2a: Dragapult
|-resisted|p2a: Dragapult
|-damage|p2a: Dragapult|37/100
|
|t:|1779971398
|switch|p1a: Dragapult|Dragapult, M|100/100|[from] U-turn
|
|upkeep
|turn|23
|inactive|kunkwat has 120 seconds left.
|
|t:|1779971404
|move|p2a: Dragapult|Dragon Pulse|p1a: Dragapult
|-supereffective|p1a: Dragapult
|-damage|p1a: Dragapult|0 fnt
|faint|p1a: Dragapult
|
|upkeep
|
|t:|1779971408
|switch|p1a: Iron Valiant|Iron Valiant|100/100
|turn|24
|
|t:|1779971424
|switch|p2a: Pecharunt|Pecharunt|75/100
|-damage|p2a: Pecharunt|63/100|[from] Stealth Rock
|-terastallize|p1a: Iron Valiant|Fairy
|move|p1a: Iron Valiant|Moonblast|p2a: Pecharunt
|-resisted|p2a: Pecharunt
|-damage|p2a: Pecharunt|32/100
|
|-heal|p2a: Pecharunt|38/100|[from] item: Leftovers
|upkeep
|turn|25
|
|t:|1779971440
|move|p1a: Iron Valiant|Thunderbolt|p2a: Pecharunt
|-crit|p2a: Pecharunt
|-damage|p2a: Pecharunt|0 fnt
|faint|p2a: Pecharunt
|
|upkeep
|
|t:|1779971445
|switch|p2a: Dragapult|Dragapult, F|37/100
|-damage|p2a: Dragapult|25/100|[from] Stealth Rock
|turn|26
|inactive|kunkwat has 120 seconds left.
|inactive|kunkwat has 90 seconds left.
|
|t:|1779971503
|move|p2a: Dragapult|Shadow Ball|p1a: Iron Valiant
|-damage|p1a: Iron Valiant|0 fnt
|faint|p1a: Iron Valiant
|-end|p1a: Iron Valiant|Quark Drive|[silent]
|
|upkeep
|
|t:|1779971506
|switch|p1a: Corviknight|Corviknight, M|100/100
|-ability|p1a: Corviknight|Pressure
|turn|27
|
|t:|1779971514
|move|p2a: Dragapult|Shadow Ball|p1a: Corviknight
|-damage|p1a: Corviknight|48/100
|-unboost|p1a: Corviknight|spd|1
|move|p1a: Corviknight|Brave Bird|p2a: Dragapult
|-damage|p2a: Dragapult|0 fnt
|faint|p2a: Dragapult
|-damage|p1a: Corviknight|42/100|[from] Recoil
|
|win|kunkwat
|raw|kunkwat's rating: 1348 &rarr; <strong>1366</strong><br />(+18 for winning)
|raw|valanik4's rating: 1310 &rarr; <strong>1292</strong><br />(-18 for losing)
|l|‽valanik4
|player|p2|
|l|☆kunkwat
|player|p1|
