|j|☆iblameJoshua
|j|☆smolent
|t:|1779870184
|gametype|singles
|player|p1|iblameJoshua|n|1080
|player|p2|smolent|101|1058
|gen|9
|tier|[Gen 9] OU
|rated|
|rule|HP Percentage Mod: HP is shown in percentages
|rule|Endless Battle Clause: Forcing endless battles is banned
|rule|Species Clause: Limit one of each Pokémon
|rule|OHKO Clause: OHKO moves are banned
|rule|Evasion Items Clause: Evasion items are banned
|rule|Evasion Moves Clause: Evasion moves are banned
|rule|Evasion Abilities Clause: Evasion abilities are banned
|rule|Sleep Moves Clause: Sleep-inducing moves are banned
|clearpoke
|poke|p1|Ceruledge, M|
|poke|p1|Samurott-Hisui, F|
|poke|p1|Weavile, M|
|poke|p1|Mew|
|poke|p1|Munkidori, M|
|poke|p1|Entei|
|poke|p2|Scizor, M|
|poke|p2|Hatterene, F|
|poke|p2|Azumarill, M|
|poke|p2|Kingambit, F|
|poke|p2|Garchomp, M|
|poke|p2|Iron Valiant|
|teampreview
|inactive|Battle timer is ON: inactive players will automatically lose when time's up. (requested by iblameJoshua)
|
|t:|1779870195
|teamsize|p1|6
|teamsize|p2|6
|start
|switch|p1a: Munkidori|Munkidori, M|100/100
|switch|p2a: Garchomp|Garchomp, M|100/100
|turn|1
|
|t:|1779870204
|move|p2a: Garchomp|Scorching Sands|p1a: Munkidori
|-supereffective|p1a: Munkidori
|-damage|p1a: Munkidori|41/100
|move|p1a: Munkidori|Calm Mind|p1a: Munkidori
|-boost|p1a: Munkidori|spa|1
|-boost|p1a: Munkidori|spd|1
|
|-heal|p1a: Munkidori|47/100|[from] item: Leftovers
|upkeep
|turn|2
|
|t:|1779870213
|move|p2a: Garchomp|Scorching Sands|p1a: Munkidori
|-supereffective|p1a: Munkidori
|-damage|p1a: Munkidori|5/100
|move|p1a: Munkidori|Psychic|p2a: Garchomp
|-damage|p2a: Garchomp|19/100
|
|-heal|p1a: Munkidori|11/100|[from] item: Leftovers
|upkeep
|turn|3
|
|t:|1779870228
|move|p2a: Garchomp|Scorching Sands|p1a: Munkidori
|-supereffective|p1a: Munkidori
|-damage|p1a: Munkidori|0 fnt
|faint|p1a: Munkidori
|
|upkeep
|
|t:|1779870232
|switch|p1a: Mew|Mew|100/100
|turn|4
|
|t:|1779870241
|move|p2a: Garchomp|Scorching Sands|p1a: Mew
|-damage|p1a: Mew|75/100
|move|p1a: Mew|Nasty Plot|p1a: Mew
|-boost|p1a: Mew|spa|2
|
|-heal|p1a: Mew|81/100|[from] item: Leftovers
|upkeep
|turn|5
|
|t:|1779870252
|switch|p2a: Scizor|Scizor, M|100/100
|move|p1a: Mew|Draining Kiss|p2a: Scizor
|-resisted|p2a: Scizor
|-damage|p2a: Scizor|86/100
|-heal|p1a: Mew|90/100|[from] drain|[of] p2a: Scizor
|
|-heal|p1a: Mew|96/100|[from] item: Leftovers
|upkeep
|turn|6
|
|t:|1779870266
|-terastallize|p1a: Mew|Fairy
|move|p1a: Mew|Dark Pulse|p2a: Scizor
|-damage|p2a: Scizor|40/100
|move|p2a: Scizor|Swords Dance|p2a: Scizor
|-boost|p2a: Scizor|atk|2
|
|-heal|p1a: Mew|100/100|[from] item: Leftovers
|upkeep
|turn|7
|
|t:|1779870276
|move|p2a: Scizor|Bullet Punch|p1a: Mew
|-supereffective|p1a: Mew
|-damage|p1a: Mew|0 fnt
|faint|p1a: Mew
|
|upkeep
|
|t:|1779870280
|switch|p1a: Ceruledge|Ceruledge, M, shiny|100/100
|turn|8
|
|t:|1779870300
|switch|p2a: Hatterene|Hatterene, F|100/100
|move|p1a: Ceruledge|Swords Dance|p1a: Ceruledge
|-boost|p1a: Ceruledge|atk|2
|
|upkeep
|turn|9
|
|t:|1779870307
|move|p1a: Ceruledge|Poltergeist|p2a: Hatterene
|-activate|p2a: Hatterene|move: Poltergeist|Leftovers
|-supereffective|p2a: Hatterene
|-damage|p2a: Hatterene|0 fnt
|faint|p2a: Hatterene
|
|upkeep
|
|t:|1779870314
|switch|p2a: Azumarill|Azumarill, M|100/100
|turn|10
|
|t:|1779870327
|-terastallize|p2a: Azumarill|Water
|move|p1a: Ceruledge|Shadow Sneak|p2a: Azumarill
|-damage|p2a: Azumarill|61/100
|move|p2a: Azumarill|Liquidation|p1a: Ceruledge
|-supereffective|p1a: Ceruledge
|-enditem|p1a: Ceruledge|Focus Sash
|-damage|p1a: Ceruledge|1/100
|-ability|p1a: Ceruledge|Weak Armor|boost
|-unboost|p1a: Ceruledge|def|1
|-boost|p1a: Ceruledge|spe|2
|
|upkeep
|turn|11
|
|t:|1779870342
|move|p1a: Ceruledge|Poltergeist|p2a: Azumarill
|-activate|p2a: Azumarill|move: Poltergeist|Choice Band
|-damage|p2a: Azumarill|0 fnt
|faint|p2a: Azumarill
|
|upkeep
|
|t:|1779870351
|switch|p2a: Scizor|Scizor, M|40/100
|turn|12
|
|t:|1779870354
|move|p2a: Scizor|Bullet Punch|p1a: Ceruledge
|-resisted|p1a: Ceruledge
|-damage|p1a: Ceruledge|0 fnt
|faint|p1a: Ceruledge
|
|upkeep
|
|t:|1779870359
|switch|p1a: Entei|Entei, shiny|100/100
|turn|13
|
|t:|1779870366
|move|p2a: Scizor|Bullet Punch|p1a: Entei
|-resisted|p1a: Entei
|-damage|p1a: Entei|79/100
|move|p1a: Entei|Calm Mind|p1a: Entei
|-boost|p1a: Entei|spa|1
|-boost|p1a: Entei|spd|1
|
|-heal|p1a: Entei|85/100|[from] item: Leftovers
|upkeep
|turn|14
|
|t:|1779870377
|move|p1a: Entei|Sacred Fire|p2a: Scizor
|-supereffective|p2a: Scizor
|-damage|p2a: Scizor|0 fnt
|faint|p2a: Scizor
|
|-heal|p1a: Entei|91/100|[from] item: Leftovers
|upkeep
|
|t:|1779870391
|switch|p2a: Garchomp|Garchomp, M|19/100
|turn|15
|
|t:|1779870400
|move|p1a: Entei|Extreme Speed|p2a: Garchomp
|-damage|p2a: Garchomp|0 fnt
|-damage|p1a: Entei|79/100|[from] ability: Rough Skin|[of] p2a: Garchomp
|faint|p2a: Garchomp
|
|-heal|p1a: Entei|85/100|[from] item: Leftovers
|upkeep
|
|t:|1779870409
|switch|p2a: Iron Valiant|Iron Valiant|100/100
|turn|16
|
|t:|1779870418
|move|p1a: Entei|Sacred Fire|p2a: Iron Valiant
|-damage|p2a: Iron Valiant|32/100
|-status|p2a: Iron Valiant|brn
|move|p2a: Iron Valiant|Shadow Claw|p1a: Entei
|-damage|p1a: Entei|73/100
|
|-heal|p1a: Entei|79/100|[from] item: Leftovers
|-damage|p2a: Iron Valiant|26/100 brn|[from] brn
|upkeep
|turn|17
|-message|smolent forfeited.
|
|win|iblameJoshua
|raw|iblameJoshua's rating: 1080 &rarr; <strong>1106</strong><br />(+26 for winning)
|raw|smolent's rating: 1058 &rarr; <strong>1040</strong><br />(-18 for losing)
|l|☆smolent
|player|p2|
|l|☆iblameJoshua
|player|p1|
