|j|☆Majormeltdown27
|j|☆winningisearned
|t:|1779899553
|gametype|singles
|player|p1|Majormeltdown27|169|1220
|player|p2|winningisearned|170|1221
|gen|9
|tier|[Gen 9] OU
|rated|
|rule|HP Percentage Mod: HP is shown in percentages
|rule|Endless Battle Clause: Forcing endless battles is banned
|rule|Species Clause: Limit one of each Pokémon
|rule|OHKO Clause: OHKO moves are banned
|rule|Evasion Items Clause: Evasion items are banned
|rule|Evasion Moves Clause: Evasion moves are banned
|rule|Evasion Abilities Clause: Evasion abilities are banned
|rule|Sleep Moves Clause: Sleep-inducing moves are banned
|clearpoke
|poke|p1|Lokix, F|
|poke|p1|Primarina, M|
|poke|p1|Porygon-Z|
|poke|p1|Cinderace, M|
|poke|p1|Great Tusk|
|poke|p1|Slowking-Galar, F|
|poke|p2|Umbreon, M|
|poke|p2|Porygon-Z|
|poke|p2|Staraptor, M|
|poke|p2|Cresselia, F|
|poke|p2|Scizor, M|
|poke|p2|Gyarados, M|
|teampreview
|c|☆Majormeltdown27|Fellow polygon z enjoyer
|
|t:|1779899585
|teamsize|p1|6
|teamsize|p2|6
|start
|switch|p1a: Great Tusk|Great Tusk|100/100
|switch|p2a: Cresselia|Cresselia, F, shiny|100/100
|turn|1
|
|t:|1779899603
|-end|p1a: Great Tusk|Protosynthesis|[silent]
|switch|p1a: Lokix|Lokix, F|100/100
|move|p2a: Cresselia|Reflect|p2a: Cresselia
|-sidestart|p2: winningisearned|Reflect
|
|upkeep
|turn|2
|
|t:|1779899611
|switch|p2a: Gyarados|Gyarados, M, shiny|100/100
|move|p1a: Lokix|Knock Off|p2a: Gyarados
|-damage|p2a: Gyarados|61/100
|-damage|p1a: Lokix|84/100|[from] item: Rocky Helmet|[of] p2a: Gyarados
|-enditem|p2a: Gyarados|Rocky Helmet|[from] move: Knock Off|[of] p1a: Lokix
|
|upkeep
|turn|3
|
|t:|1779899622
|switch|p1a: Primarina|Primarina, M|100/100
|move|p2a: Gyarados|Dragon Dance|p2a: Gyarados
|-boost|p2a: Gyarados|atk|1
|-boost|p2a: Gyarados|spe|1
|
|upkeep
|turn|4
|
|t:|1779899632
|move|p2a: Gyarados|Earthquake|p1a: Primarina
|-damage|p1a: Primarina|52/100
|move|p1a: Primarina|Substitute|p1a: Primarina
|-start|p1a: Primarina|Substitute
|-damage|p1a: Primarina|27/100
|
|-heal|p1a: Primarina|33/100|[from] item: Leftovers
|upkeep
|turn|5
|
|t:|1779899642
|move|p2a: Gyarados|Earthquake|p1a: Primarina
|-end|p1a: Primarina|Substitute
|move|p1a: Primarina|Draining Kiss|p2a: Gyarados
|-damage|p2a: Gyarados|39/100
|-heal|p1a: Primarina|49/100|[from] drain|[of] p2a: Gyarados
|
|-heal|p1a: Primarina|55/100|[from] item: Leftovers
|upkeep
|turn|6
|
|t:|1779899655
|move|p2a: Gyarados|Earthquake|p1a: Primarina
|-damage|p1a: Primarina|10/100
|move|p1a: Primarina|Draining Kiss|p2a: Gyarados
|-damage|p2a: Gyarados|19/100
|-heal|p1a: Primarina|25/100|[from] drain|[of] p2a: Gyarados
|
|-heal|p1a: Primarina|31/100|[from] item: Leftovers
|upkeep
|turn|7
|
|t:|1779899668
|switch|p1a: Great Tusk|Great Tusk|100/100
|move|p2a: Gyarados|Earthquake|p1a: Great Tusk
|-damage|p1a: Great Tusk|61/100
|
|upkeep
|turn|8
|
|t:|1779899680
|move|p2a: Gyarados|Waterfall|p1a: Great Tusk
|-supereffective|p1a: Great Tusk
|-damage|p1a: Great Tusk|0 fnt
|faint|p1a: Great Tusk
|-end|p1a: Great Tusk|Protosynthesis|[silent]
|-ability|p2a: Gyarados|Moxie|boost
|-boost|p2a: Gyarados|atk|1
|
|-sideend|p2: winningisearned|Reflect
|upkeep
|
|t:|1779899688
|switch|p1a: Lokix|Lokix, F|84/100
|turn|9
|
|t:|1779899693
|move|p1a: Lokix|First Impression|p2a: Gyarados
|-resisted|p2a: Gyarados
|-damage|p2a: Gyarados|0 fnt
|faint|p2a: Gyarados
|
|upkeep
|
|t:|1779899704
|switch|p2a: Staraptor|Staraptor, M, shiny|100/100
|turn|10
|
|t:|1779899713
|switch|p1a: Slowking|Slowking-Galar, F|100/100
|move|p2a: Staraptor|Brave Bird|p1a: Slowking
|-damage|p1a: Slowking|29/100
|-damage|p2a: Staraptor|71/100|[from] Recoil
|
|upkeep
|turn|11
|c|☆winningisearned|gg
|inactive|Battle timer is ON: inactive players will automatically lose when time's up. (requested by winningisearned)
|
|t:|1779899726
|move|p2a: Staraptor|Brave Bird|p1a: Slowking
|-damage|p1a: Slowking|0 fnt
|faint|p1a: Slowking
|-damage|p2a: Staraptor|59/100|[from] Recoil
|
|upkeep
|
|t:|1779899734
|switch|p1a: Lokix|Lokix, F|84/100
|turn|12
|
|t:|1779899738
|move|p1a: Lokix|First Impression|p2a: Staraptor
|-resisted|p2a: Staraptor
|-damage|p2a: Staraptor|0 fnt
|faint|p2a: Staraptor
|
|upkeep
|
|t:|1779899756
|switch|p2a: Porygon-Z|Porygon-Z, shiny|100/100
|turn|13
|
|t:|1779899768
|switch|p1a: Primarina|Primarina, M|31/100
|move|p2a: Porygon-Z|Tri Attack|p1a: Primarina
|-damage|p1a: Primarina|0 fnt
|faint|p1a: Primarina
|
|upkeep
|
|t:|1779899790
|switch|p1a: Porygon-Z|Porygon-Z, shiny|100/100
|-ability|p1a: Porygon-Z|Download|boost
|-boost|p1a: Porygon-Z|atk|1
|turn|14
|
|t:|1779899799
|-terastallize|p2a: Porygon-Z|Ghost
|-terastallize|p1a: Porygon-Z|Normal
|move|p2a: Porygon-Z|Tri Attack|p1a: Porygon-Z
|-damage|p1a: Porygon-Z|37/100
|-status|p1a: Porygon-Z|frz
|cant|p1a: Porygon-Z|frz
|
|upkeep
|turn|15
|
|t:|1779899813
|switch|p1a: Lokix|Lokix, F|84/100
|move|p2a: Porygon-Z|Tri Attack|p1a: Lokix
|-damage|p1a: Lokix|4/100
|
|upkeep
|turn|16
|
|t:|1779899823
|move|p1a: Lokix|First Impression|p2a: Porygon-Z
|-resisted|p2a: Porygon-Z
|-damage|p2a: Porygon-Z|2/100
|-enditem|p2a: Porygon-Z|Sitrus Berry|[eat]
|-heal|p2a: Porygon-Z|27/100|[from] item: Sitrus Berry
|move|p2a: Porygon-Z|Tri Attack|p1a: Lokix
|-damage|p1a: Lokix|0 fnt
|faint|p1a: Lokix
|
|upkeep
|
|t:|1779899833
|switch|p1a: Cinderace|Cinderace, M|100/100
|turn|17
|
|t:|1779899837
|move|p1a: Cinderace|Sucker Punch|p2a: Porygon-Z
|-start|p1a: Cinderace|typechange|Dark|[from] ability: Libero
|-supereffective|p2a: Porygon-Z
|-damage|p2a: Porygon-Z|0 fnt
|faint|p2a: Porygon-Z
|
|upkeep
|
|t:|1779899845
|switch|p2a: Umbreon|Umbreon, M, shiny|100/100
|turn|18
|
|t:|1779899850
|move|p1a: Cinderace|U-turn|p2a: Umbreon
|-supereffective|p2a: Umbreon
|-damage|p2a: Umbreon|64/100
|
|t:|1779899852
|switch|p1a: Porygon-Z|Porygon-Z, shiny, tera:Normal|37/100 frz|[from] U-turn
|-ability|p1a: Porygon-Z|Download|boost
|-boost|p1a: Porygon-Z|atk|1
|move|p2a: Umbreon|Toxic||[still]
|-fail|p2a: Umbreon
|
|-heal|p2a: Umbreon|71/100|[from] item: Leftovers
|upkeep
|turn|19
|
|t:|1779899863
|cant|p1a: Porygon-Z|frz
|move|p2a: Umbreon|Foul Play|p1a: Porygon-Z
|-damage|p1a: Porygon-Z|0 fnt
|faint|p1a: Porygon-Z
|
|-heal|p2a: Umbreon|77/100|[from] item: Leftovers
|upkeep
|
|t:|1779899877
|switch|p1a: Cinderace|Cinderace, M|100/100
|turn|20
|c|☆winningisearned|gg
|
|t:|1779899881
|move|p1a: Cinderace|Pyro Ball|p2a: Umbreon
|-damage|p2a: Umbreon|35/100
|move|p2a: Umbreon|Toxic|p1a: Cinderace
|-status|p1a: Cinderace|tox
|
|-heal|p2a: Umbreon|41/100|[from] item: Leftovers
|-damage|p1a: Cinderace|95/100 tox|[from] psn
|upkeep
|turn|21
|
|t:|1779899890
|move|p1a: Cinderace|Pyro Ball|p2a: Umbreon
|-damage|p2a: Umbreon|0 fnt
|faint|p2a: Umbreon
|
|-damage|p1a: Cinderace|83/100 tox|[from] psn
|upkeep
|
|t:|1779899898
|switch|p2a: Cresselia|Cresselia, F, shiny|100/100
|turn|22
|
|t:|1779899902
|move|p1a: Cinderace|Pyro Ball|p2a: Cresselia
|-damage|p2a: Cresselia|71/100
|move|p2a: Cresselia|Light Screen|p2a: Cresselia
|-sidestart|p2: winningisearned|move: Light Screen
|
|-damage|p1a: Cinderace|65/100 tox|[from] psn
|upkeep
|turn|23
|-message|Majormeltdown27 forfeited.
|
|win|winningisearned
|raw|Majormeltdown27's rating: 1220 &rarr; <strong>1195</strong><br />(-25 for losing)
|raw|winningisearned's rating: 1221 &rarr; <strong>1246</strong><br />(+25 for winning)
|l|☆Majormeltdown27
|player|p1|
|c|☆winningisearned|gg
|l|☆winningisearned
|player|p2|
