|j|☆flapjacque
|j|☆silver jay#2240
|t:|1779880521
|gametype|singles
|player|p1|flapjacque|wallace|1412
|player|p2|silver jay#2240|grusha|1447
|gen|9
|tier|[Gen 9] OU
|rated|
|rule|HP Percentage Mod: HP is shown in percentages
|rule|Endless Battle Clause: Forcing endless battles is banned
|rule|Species Clause: Limit one of each Pokémon
|rule|OHKO Clause: OHKO moves are banned
|rule|Evasion Items Clause: Evasion items are banned
|rule|Evasion Moves Clause: Evasion moves are banned
|rule|Evasion Abilities Clause: Evasion abilities are banned
|rule|Sleep Moves Clause: Sleep-inducing moves are banned
|clearpoke
|poke|p1|Milotic, F|
|poke|p1|Skarmory, F|
|poke|p1|Quagsire, F|
|poke|p1|Latias, F|
|poke|p1|Enamorus, F|
|poke|p1|Grafaiai, F|
|poke|p2|Slowking-Galar, F|
|poke|p2|Corviknight, F|
|poke|p2|Ogerpon-Wellspring, F|
|poke|p2|Clefable, F|
|poke|p2|Ting-Lu|
|poke|p2|Zamazenta-*|
|teampreview
|c|☆silver jay#2240|hf
|c|☆flapjacque|u too :)
|inactive|Battle timer is ON: inactive players will automatically lose when time's up. (requested by flapjacque)
|inactive|silver jay#2240 has 120 seconds left.
|
|t:|1779880609
|teamsize|p1|6
|teamsize|p2|6
|start
|switch|p1a: Enamorus|Enamorus, F|100/100
|switch|p2a: Slowking|Slowking-Galar, F|100/100
|turn|1
|
|t:|1779880619
|switch|p1a: Skarmory|Skarmory, F|100/100
|move|p2a: Slowking|Thunder Wave|p1a: Skarmory
|-status|p1a: Skarmory|par
|
|upkeep
|turn|2
|
|t:|1779880638
|move|p1a: Skarmory|Spikes|p2a: Slowking
|-sidestart|p2: silver jay#2240|Spikes
|-prepare|p2a: Slowking|Chilly Reception|[premajor]
|move|p2a: Slowking|Chilly Reception|p2a: Slowking
|-weather|Snowscape
|
|t:|1779880650
|switch|p2a: Corviknight|Corviknight, F|100/100|[from] Chilly Reception
|-ability|p2a: Corviknight|Pressure
|
|-weather|Snowscape|[upkeep]
|upkeep
|turn|3
|
|t:|1779880656
|switch|p1a: Milotic|Milotic, F|100/100
|move|p2a: Corviknight|Defog|p1a: Milotic
|-unboost|p1a: Milotic|evasion|1
|-ability|p1a: Milotic|Competitive|boost
|-boost|p1a: Milotic|spa|2
|-sideend|p2: silver jay#2240|Spikes|[from] move: Defog|[of] p2a: Corviknight
|
|-weather|Snowscape|[upkeep]
|upkeep
|turn|4
|c|☆silver jay#2240|ok
|
|t:|1779880664
|move|p1a: Milotic|Hydro Pump|p2a: Corviknight|[miss]
|-miss|p1a: Milotic|p2a: Corviknight
|move|p2a: Corviknight|U-turn|p1a: Milotic
|-damage|p1a: Milotic|86/100
|c|☆silver jay#2240|sorry
|c|☆flapjacque|all luck haha
|
|t:|1779880687
|switch|p2a: Ogerpon|Ogerpon-Wellspring, F|100/100|[from] U-turn
|
|-weather|Snowscape|[upkeep]
|-heal|p1a: Milotic|92/100|[from] item: Leftovers
|upkeep
|turn|5
|
|t:|1779880699
|switch|p1a: Skarmory|Skarmory, F|100/100 par
|move|p2a: Ogerpon|Knock Off|p1a: Skarmory
|-damage|p1a: Skarmory|76/100 par
|-damage|p2a: Ogerpon|84/100|[from] item: Rocky Helmet|[of] p1a: Skarmory
|-enditem|p1a: Skarmory|Rocky Helmet|[from] move: Knock Off|[of] p2a: Ogerpon
|
|-weather|Snowscape|[upkeep]
|upkeep
|turn|6
|
|t:|1779880717
|move|p2a: Ogerpon|Ivy Cudgel|p1a: Skarmory|[anim] Ivy Cudgel Water
|-damage|p1a: Skarmory|43/100 par
|move|p1a: Skarmory|Brave Bird|p2a: Ogerpon
|-supereffective|p2a: Ogerpon
|-damage|p2a: Ogerpon|0 fnt
|faint|p2a: Ogerpon
|-damage|p1a: Skarmory|18/100 par|[from] Recoil
|
|-weather|none
|upkeep
|
|t:|1779880726
|switch|p2a: Zamazenta|Zamazenta|100/100
|-ability|p2a: Zamazenta|Dauntless Shield|boost
|-boost|p2a: Zamazenta|def|1
|turn|7
|
|t:|1779880736
|switch|p1a: Enamorus|Enamorus, F|100/100
|move|p2a: Zamazenta|Close Combat|p1a: Enamorus
|-resisted|p1a: Enamorus
|-damage|p1a: Enamorus|64/100
|-unboost|p2a: Zamazenta|def|1
|-unboost|p2a: Zamazenta|spd|1
|
|-heal|p1a: Enamorus|70/100|[from] item: Leftovers
|upkeep
|turn|8
|
|t:|1779880746
|switch|p2a: Slowking|Slowking-Galar, F|100/100
|move|p1a: Enamorus|Substitute|p1a: Enamorus
|-start|p1a: Enamorus|Substitute
|-damage|p1a: Enamorus|45/100
|
|-heal|p1a: Enamorus|51/100|[from] item: Leftovers
|upkeep
|turn|9
|j| samurajen
|
|t:|1779880757
|move|p1a: Enamorus|Taunt|p2a: Slowking
|-start|p2a: Slowking|move: Taunt
|move|p2a: Slowking|Future Sight|p1a: Enamorus
|-start|p2a: Slowking|move: Future Sight
|
|-heal|p1a: Enamorus|58/100|[from] item: Leftovers
|upkeep
|turn|10
|
|t:|1779880765
|move|p1a: Enamorus|Play Rough|p2a: Slowking
|-resisted|p2a: Slowking
|-crit|p2a: Slowking
|-damage|p2a: Slowking|69/100
|move|p2a: Slowking|Sludge Bomb|p1a: Enamorus
|-supereffective|p1a: Enamorus
|-end|p1a: Enamorus|Substitute
|
|-heal|p1a: Enamorus|64/100|[from] item: Leftovers
|upkeep
|turn|11
|c|☆silver jay#2240|wow
|
|t:|1779880780
|switch|p1a: Skarmory|Skarmory, F|18/100 par
|move|p2a: Slowking|Sludge Bomb|p1a: Skarmory
|-immune|p1a: Skarmory
|
|-end|p1a: Skarmory|move: Future Sight
|-resisted|p1a: Skarmory
|-damage|p1a: Skarmory|0 fnt
|faint|p1a: Skarmory
|-end|p2a: Slowking|move: Taunt
|upkeep
|
|t:|1779880798
|switch|p1a: Quagsire|Quagsire, F, shiny|100/100
|turn|12
|
|t:|1779880810
|switch|p2a: Clefable|Clefable, F|100/100
|move|p1a: Quagsire|Stealth Rock|p2a: Clefable
|-sidestart|p2: silver jay#2240|move: Stealth Rock
|
|upkeep
|turn|13
|
|t:|1779880819
|move|p2a: Clefable|Moonblast|p1a: Quagsire
|-damage|p1a: Quagsire|62/100
|-unboost|p1a: Quagsire|spa|1
|move|p1a: Quagsire|Toxic|p2a: Clefable
|-status|p2a: Clefable|tox
|
|-heal|p1a: Quagsire|68/100|[from] item: Leftovers
|upkeep
|turn|14
|
|t:|1779880827
|switch|p1a: Milotic|Milotic, F|92/100
|move|p2a: Clefable|Moonblast|p1a: Milotic
|-damage|p1a: Milotic|68/100
|
|-heal|p1a: Milotic|74/100|[from] item: Leftovers
|upkeep
|turn|15
|
|t:|1779880836
|move|p1a: Milotic|Hydro Pump|p2a: Clefable
|-damage|p2a: Clefable|52/100 tox
|move|p2a: Clefable|Cosmic Power|p2a: Clefable
|-boost|p2a: Clefable|def|1
|-boost|p2a: Clefable|spd|1
|
|-heal|p1a: Milotic|80/100|[from] item: Leftovers
|-heal|p2a: Clefable|58/100 tox|[from] item: Leftovers
|upkeep
|turn|16
|
|t:|1779880844
|move|p1a: Milotic|Flip Turn|p2a: Clefable
|-damage|p2a: Clefable|52/100 tox
|
|t:|1779880846
|switch|p1a: Grafaiai|Grafaiai, F|100/100|[from] Flip Turn
|move|p2a: Clefable|Moonlight|p2a: Clefable
|-heal|p2a: Clefable|100/100 tox
|
|upkeep
|turn|17
|
|t:|1779880858
|move|p1a: Grafaiai|Encore|p2a: Clefable
|-start|p2a: Clefable|Encore
|move|p2a: Clefable|Moonlight|p2a: Clefable
|-fail|p2a: Clefable|heal
|
|upkeep
|turn|18
|
|t:|1779880865
|switch|p2a: Corviknight|Corviknight, F|100/100
|-damage|p2a: Corviknight|88/100|[from] Stealth Rock
|-ability|p2a: Corviknight|Pressure
|move|p1a: Grafaiai|Knock Off|p2a: Corviknight
|-damage|p2a: Corviknight|75/100
|-damage|p1a: Grafaiai|84/100|[from] item: Rocky Helmet|[of] p2a: Corviknight
|-enditem|p2a: Corviknight|Rocky Helmet|[from] move: Knock Off|[of] p1a: Grafaiai
|
|-heal|p1a: Grafaiai|90/100|[from] item: Leftovers
|upkeep
|turn|19
|
|t:|1779880876
|move|p1a: Grafaiai|Parting Shot|p2a: Corviknight
|-unboost|p2a: Corviknight|atk|1
|-unboost|p2a: Corviknight|spa|1
|
|t:|1779880879
|switch|p1a: Milotic|Milotic, F|80/100|[from] Parting Shot
|move|p2a: Corviknight|U-turn|p1a: Milotic
|-damage|p1a: Milotic|69/100
|inactive|silver jay#2240 has 120 seconds left.
|
|t:|1779880927
|switch|p2a: Zamazenta|Zamazenta|100/100|[from] U-turn
|-damage|p2a: Zamazenta|94/100|[from] Stealth Rock
|
|-heal|p1a: Milotic|75/100|[from] item: Leftovers
|upkeep
|turn|20
|
|t:|1779880936
|switch|p1a: Enamorus|Enamorus, F|64/100
|move|p2a: Zamazenta|Close Combat|p1a: Enamorus
|-resisted|p1a: Enamorus
|-damage|p1a: Enamorus|28/100
|-unboost|p2a: Zamazenta|def|1
|-unboost|p2a: Zamazenta|spd|1
|
|-heal|p1a: Enamorus|34/100|[from] item: Leftovers
|upkeep
|turn|21
|inactive|silver jay#2240 has 120 seconds left.
|
|t:|1779880945
|move|p2a: Zamazenta|Close Combat|p1a: Enamorus
|-resisted|p1a: Enamorus
|-damage|p1a: Enamorus|0 fnt
|-unboost|p2a: Zamazenta|def|1
|-unboost|p2a: Zamazenta|spd|1
|faint|p1a: Enamorus
|
|upkeep
|
|t:|1779880958
|switch|p1a: Latias|Latias, F|100/100
|turn|22
|inactive|silver jay#2240 has 120 seconds left.
|inactive|silver jay#2240 has 90 seconds left.
|
|t:|1779881012
|switch|p2a: Ting-Lu|Ting-Lu|100/100
|-damage|p2a: Ting-Lu|94/100|[from] Stealth Rock
|-ability|p2a: Ting-Lu|Vessel of Ruin
|move|p1a: Latias|Calm Mind|p1a: Latias
|-boost|p1a: Latias|spa|1
|-boost|p1a: Latias|spd|1
|
|-heal|p2a: Ting-Lu|100/100|[from] item: Leftovers
|upkeep
|turn|23
|
|t:|1779881021
|move|p1a: Latias|Calm Mind|p1a: Latias
|-boost|p1a: Latias|spa|1
|-boost|p1a: Latias|spd|1
|move|p2a: Ting-Lu|Ruination|p1a: Latias
|-damage|p1a: Latias|50/100
|
|upkeep
|turn|24
|inactive|silver jay#2240 has 90 seconds left.
|
|t:|1779881057
|move|p1a: Latias|Draining Kiss|p2a: Ting-Lu
|-supereffective|p2a: Ting-Lu
|-damage|p2a: Ting-Lu|78/100
|-heal|p1a: Latias|74/100|[from] drain|[of] p2a: Ting-Lu
|move|p2a: Ting-Lu|Whirlwind|p1a: Latias
|drag|p1a: Quagsire|Quagsire, F, shiny|68/100
|
|-heal|p2a: Ting-Lu|85/100|[from] item: Leftovers
|-heal|p1a: Quagsire|74/100|[from] item: Leftovers
|upkeep
|turn|25
|
|t:|1779881068
|switch|p2a: Clefable|Clefable, F|100/100 tox
|move|p1a: Quagsire|Toxic|p2a: Clefable
|-fail|p2a: Clefable|tox
|
|-heal|p1a: Quagsire|80/100|[from] item: Leftovers
|upkeep
|turn|26
|
|t:|1779881076
|switch|p1a: Grafaiai|Grafaiai, F|90/100
|move|p2a: Clefable|Moonblast|p1a: Grafaiai
|-resisted|p1a: Grafaiai
|-damage|p1a: Grafaiai|66/100
|
|-heal|p1a: Grafaiai|72/100|[from] item: Leftovers
|upkeep
|turn|27
|
|t:|1779881084
|switch|p2a: Corviknight|Corviknight, F|75/100
|-damage|p2a: Corviknight|63/100|[from] Stealth Rock
|-ability|p2a: Corviknight|Pressure
|move|p1a: Grafaiai|Knock Off|p2a: Corviknight
|-damage|p2a: Corviknight|53/100
|
|-heal|p1a: Grafaiai|78/100|[from] item: Leftovers
|upkeep
|turn|28
|inactive|silver jay#2240 has 90 seconds left.
|
|t:|1779881094
|move|p1a: Grafaiai|Parting Shot|p2a: Corviknight
|-unboost|p2a: Corviknight|atk|1
|-unboost|p2a: Corviknight|spa|1
|
|t:|1779881097
|switch|p1a: Milotic|Milotic, F|75/100|[from] Parting Shot
|move|p2a: Corviknight|Roost|p2a: Corviknight
|-heal|p2a: Corviknight|100/100
|-singleturn|p2a: Corviknight|move: Roost
|
|-heal|p1a: Milotic|81/100|[from] item: Leftovers
|upkeep
|turn|29
|
|t:|1779881107
|move|p1a: Milotic|Hydro Pump|p2a: Corviknight
|-damage|p2a: Corviknight|52/100
|move|p2a: Corviknight|U-turn|p1a: Milotic
|-crit|p1a: Milotic
|-damage|p1a: Milotic|60/100
|
|t:|1779881110
|switch|p2a: Zamazenta|Zamazenta|94/100|[from] U-turn
|-damage|p2a: Zamazenta|88/100|[from] Stealth Rock
|
|-heal|p1a: Milotic|66/100|[from] item: Leftovers
|upkeep
|turn|30
|
|t:|1779881117
|switch|p1a: Latias|Latias, F|74/100
|move|p2a: Zamazenta|Close Combat|p1a: Latias
|-resisted|p1a: Latias
|-damage|p1a: Latias|36/100
|-unboost|p2a: Zamazenta|def|1
|-unboost|p2a: Zamazenta|spd|1
|
|upkeep
|turn|31
|
|t:|1779881125
|move|p2a: Zamazenta|Close Combat|p1a: Latias
|-resisted|p1a: Latias
|-damage|p1a: Latias|0 fnt
|-unboost|p2a: Zamazenta|def|1
|-unboost|p2a: Zamazenta|spd|1
|faint|p1a: Latias
|
|upkeep
|
|t:|1779881132
|switch|p1a: Milotic|Milotic, F|66/100
|turn|32
|
|t:|1779881140
|move|p2a: Zamazenta|Close Combat|p1a: Milotic
|-damage|p1a: Milotic|0 fnt
|-unboost|p2a: Zamazenta|def|1
|-unboost|p2a: Zamazenta|spd|1
|faint|p1a: Milotic
|
|upkeep
|c|☆silver jay#2240|gg
|
|t:|1779881150
|switch|p1a: Grafaiai|Grafaiai, F|78/100
|turn|33
|inactive|silver jay#2240 has 120 seconds left.
|
|t:|1779881191
|move|p1a: Grafaiai|Parting Shot|p2a: Zamazenta
|-unboost|p2a: Zamazenta|atk|1
|-unboost|p2a: Zamazenta|spa|1
|
|t:|1779881195
|switch|p1a: Quagsire|Quagsire, F, shiny|80/100|[from] Parting Shot
|move|p2a: Zamazenta|Close Combat|p1a: Quagsire
|-damage|p1a: Quagsire|19/100
|-unboost|p2a: Zamazenta|def|1
|-unboost|p2a: Zamazenta|spd|1
|
|-heal|p1a: Quagsire|25/100|[from] item: Leftovers
|upkeep
|turn|34
|inactive|silver jay#2240 has 120 seconds left.
|
|t:|1779881206
|move|p2a: Zamazenta|Close Combat|p1a: Quagsire
|-crit|p1a: Quagsire
|-damage|p1a: Quagsire|0 fnt
|-unboost|p2a: Zamazenta|def|1
|-unboost|p2a: Zamazenta|spd|1
|faint|p1a: Quagsire
|
|upkeep
|
|t:|1779881212
|switch|p1a: Grafaiai|Grafaiai, F|78/100
|turn|35
|inactive|silver jay#2240 has 120 seconds left.
|
|t:|1779881242
|switch|p2a: Corviknight|Corviknight, F|52/100
|-damage|p2a: Corviknight|39/100|[from] Stealth Rock
|-ability|p2a: Corviknight|Pressure
|move|p1a: Grafaiai|Copycat|p1a: Grafaiai
|move|p1a: Grafaiai|Close Combat|p2a: Corviknight|[from] move: Copycat
|-damage|p2a: Corviknight|21/100
|-unboost|p1a: Grafaiai|def|1
|-unboost|p1a: Grafaiai|spd|1
|
|-heal|p1a: Grafaiai|84/100|[from] item: Leftovers
|upkeep
|turn|36
|
|t:|1779881255
|move|p1a: Grafaiai|Knock Off|p2a: Corviknight
|-damage|p2a: Corviknight|11/100
|move|p2a: Corviknight|Roost|p2a: Corviknight
|-heal|p2a: Corviknight|61/100
|-singleturn|p2a: Corviknight|move: Roost
|
|-heal|p1a: Grafaiai|90/100|[from] item: Leftovers
|upkeep
|turn|37
|
|t:|1779881262
|move|p1a: Grafaiai|Encore|p2a: Corviknight
|-start|p2a: Corviknight|Encore
|move|p2a: Corviknight|Roost|p2a: Corviknight
|-heal|p2a: Corviknight|100/100
|-singleturn|p2a: Corviknight|move: Roost
|
|-heal|p1a: Grafaiai|97/100|[from] item: Leftovers
|upkeep
|turn|38
|
|t:|1779881270
|switch|p2a: Ting-Lu|Ting-Lu|85/100
|-damage|p2a: Ting-Lu|78/100|[from] Stealth Rock
|-ability|p2a: Ting-Lu|Vessel of Ruin
|move|p1a: Grafaiai|Knock Off|p2a: Ting-Lu
|-resisted|p2a: Ting-Lu
|-damage|p2a: Ting-Lu|72/100
|-enditem|p2a: Ting-Lu|Leftovers|[from] move: Knock Off|[of] p1a: Grafaiai
|
|-heal|p1a: Grafaiai|100/100|[from] item: Leftovers
|upkeep
|turn|39
|
|t:|1779881280
|move|p1a: Grafaiai|Knock Off|p2a: Ting-Lu
|-resisted|p2a: Ting-Lu
|-damage|p2a: Ting-Lu|68/100
|move|p2a: Ting-Lu|Earthquake|p1a: Grafaiai
|-supereffective|p1a: Grafaiai
|-damage|p1a: Grafaiai|0 fnt
|faint|p1a: Grafaiai
|
|win|silver jay#2240
|raw|flapjacque's rating: 1412 &rarr; <strong>1394</strong><br />(-18 for losing)
|raw|silver jay#2240's rating: 1447 &rarr; <strong>1465</strong><br />(+18 for winning)
|c|☆silver jay#2240|dude ff
|l|☆silver jay#2240
|player|p2|
|l|☆flapjacque
|player|p1|
