|j|☆livininacloud
|j|☆emorza
|t:|1779803327
|gametype|singles
|player|p1|livininacloud|cyrus|1208
|player|p2|emorza|winona|1223
|gen|9
|tier|[Gen 9] OU
|rated|
|rule|HP Percentage Mod: HP is shown in percentages
|rule|Endless Battle Clause: Forcing endless battles is banned
|rule|Species Clause: Limit one of each Pokémon
|rule|OHKO Clause: OHKO moves are banned
|rule|Evasion Items Clause: Evasion items are banned
|rule|Evasion Moves Clause: Evasion moves are banned
|rule|Evasion Abilities Clause: Evasion abilities are banned
|rule|Sleep Moves Clause: Sleep-inducing moves are banned
|clearpoke
|poke|p1|Great Tusk|
|poke|p1|Slowbro, F|
|poke|p1|Zapdos|
|poke|p1|Kingambit, F|
|poke|p1|Glimmora, M|
|poke|p1|Gholdengo|
|poke|p2|Ceruledge, M|
|poke|p2|Ribombee, F|
|poke|p2|Iron Valiant|
|poke|p2|Raging Bolt|
|poke|p2|Dragapult, F|
|poke|p2|Kingambit, M|
|teampreview
|inactive|Battle timer is ON: inactive players will automatically lose when time's up. (requested by emorza)
|
|t:|1779803332
|teamsize|p1|6
|teamsize|p2|6
|start
|switch|p1a: Glimmora|Glimmora, M|100/100
|switch|p2a: Ribombee|Ribombee, F|100/100
|turn|1
|
|t:|1779803342
|switch|p2a: Ceruledge|Ceruledge, M|100/100
|move|p1a: Glimmora|Power Gem|p2a: Ceruledge
|-supereffective|p2a: Ceruledge
|-enditem|p2a: Ceruledge|Focus Sash
|-damage|p2a: Ceruledge|1/100
|
|upkeep
|turn|2
|
|t:|1779803358
|move|p1a: Glimmora|Power Gem|p2a: Ceruledge
|-supereffective|p2a: Ceruledge
|-damage|p2a: Ceruledge|0 fnt
|faint|p2a: Ceruledge
|
|upkeep
|
|t:|1779803372
|switch|p2a: Dragapult|Dragapult, F|100/100
|turn|3
|
|t:|1779803382
|move|p2a: Dragapult|Dragon Dance|p2a: Dragapult
|-boost|p2a: Dragapult|atk|1
|-boost|p2a: Dragapult|spe|1
|move|p1a: Glimmora|Stealth Rock|p2a: Dragapult
|-sidestart|p2: emorza|move: Stealth Rock
|
|upkeep
|turn|4
|
|t:|1779803388
|move|p2a: Dragapult|Dragon Dance|p2a: Dragapult
|-boost|p2a: Dragapult|atk|1
|-boost|p2a: Dragapult|spe|1
|move|p1a: Glimmora|Mortal Spin|p2a: Dragapult
|-resisted|p2a: Dragapult
|-damage|p2a: Dragapult|97/100
|-status|p2a: Dragapult|psn
|
|-damage|p2a: Dragapult|84/100 psn|[from] psn
|upkeep
|turn|5
|
|t:|1779803395
|move|p2a: Dragapult|Dragon Darts|p1a: Glimmora
|-damage|p1a: Glimmora|17/100
|-activate|p1a: Glimmora|ability: Toxic Debris
|-sidestart|p2: emorza|move: Toxic Spikes
|-anim|p2a: Dragapult|Dragon Darts|p1a: Glimmora
|-damage|p1a: Glimmora|0 fnt
|-activate|p1a: Glimmora|ability: Toxic Debris
|-sidestart|p2: emorza|move: Toxic Spikes
|faint|p1a: Glimmora
|-damage|p2a: Dragapult|75/100 psn|[from] item: Life Orb
|
|-damage|p2a: Dragapult|62/100 psn|[from] psn
|upkeep
|
|t:|1779803421
|switch|p1a: Kingambit|Kingambit, F|100/100
|-activate|p1a: Kingambit|ability: Supreme Overlord
|-start|p1a: Kingambit|fallen1|[silent]
|turn|6
|
|t:|1779803432
|move|p1a: Kingambit|Sucker Punch|p2a: Dragapult
|-supereffective|p2a: Dragapult
|-damage|p2a: Dragapult|0 fnt
|faint|p2a: Dragapult
|
|upkeep
|
|t:|1779803436
|switch|p2a: Ribombee|Ribombee, F|100/100
|-damage|p2a: Ribombee|76/100|[from] Stealth Rock
|-status|p2a: Ribombee|tox
|turn|7
|
|t:|1779803440
|move|p2a: Ribombee|Sticky Web|p1a: Kingambit
|-sidestart|p1: livininacloud|move: Sticky Web
|move|p1a: Kingambit|Iron Head|p2a: Ribombee
|-supereffective|p2a: Ribombee
|-damage|p2a: Ribombee|0 fnt
|faint|p2a: Ribombee
|
|upkeep
|
|t:|1779803453
|switch|p2a: Raging Bolt|Raging Bolt|100/100
|-damage|p2a: Raging Bolt|88/100|[from] Stealth Rock
|-status|p2a: Raging Bolt|tox
|-enditem|p2a: Raging Bolt|Booster Energy
|-activate|p2a: Raging Bolt|ability: Protosynthesis|[fromitem]
|-start|p2a: Raging Bolt|protosynthesisspa
|turn|8
|
|t:|1779803459
|move|p1a: Kingambit|Kowtow Cleave|p2a: Raging Bolt
|-damage|p2a: Raging Bolt|40/100 tox
|move|p2a: Raging Bolt|Calm Mind|p2a: Raging Bolt
|-boost|p2a: Raging Bolt|spa|1
|-boost|p2a: Raging Bolt|spd|1
|
|-damage|p2a: Raging Bolt|34/100 tox|[from] psn
|upkeep
|turn|9
|
|t:|1779803465
|move|p2a: Raging Bolt|Thunderclap|p1a: Kingambit
|-damage|p1a: Kingambit|12/100
|move|p1a: Kingambit|Kowtow Cleave|p2a: Raging Bolt
|-damage|p2a: Raging Bolt|0 fnt
|faint|p2a: Raging Bolt
|-end|p2a: Raging Bolt|Protosynthesis|[silent]
|
|-heal|p1a: Kingambit|18/100|[from] item: Leftovers
|upkeep
|
|t:|1779803474
|switch|p2a: Kingambit|Kingambit, M|100/100
|-damage|p2a: Kingambit|94/100|[from] Stealth Rock
|-activate|p2a: Kingambit|ability: Supreme Overlord
|-start|p2a: Kingambit|fallen4|[silent]
|turn|10
|
|t:|1779803480
|-terastallize|p2a: Kingambit|Dark
|move|p2a: Kingambit|Sucker Punch|p1a: Kingambit
|-resisted|p1a: Kingambit
|-damage|p1a: Kingambit|0 fnt
|faint|p1a: Kingambit
|-end|p1a: Kingambit|fallen1|[silent]
|-damage|p2a: Kingambit|84/100|[from] item: Life Orb
|
|upkeep
|
|t:|1779803498
|switch|p1a: Great Tusk|Great Tusk|100/100
|-activate|p1a: Great Tusk|move: Sticky Web
|-unboost|p1a: Great Tusk|spe|1
|turn|11
|
|t:|1779803513
|-terastallize|p1a: Great Tusk|Dark
|move|p2a: Kingambit|Sucker Punch|p1a: Great Tusk
|-resisted|p1a: Great Tusk
|-crit|p1a: Great Tusk
|-damage|p1a: Great Tusk|45/100
|-damage|p2a: Kingambit|75/100|[from] item: Life Orb
|move|p1a: Great Tusk|Close Combat|p2a: Kingambit
|-supereffective|p2a: Kingambit
|-damage|p2a: Kingambit|0 fnt
|-unboost|p1a: Great Tusk|def|1
|-unboost|p1a: Great Tusk|spd|1
|faint|p2a: Kingambit
|-end|p2a: Kingambit|fallen4|[silent]
|
|upkeep
|
|t:|1779803517
|switch|p2a: Iron Valiant|Iron Valiant|100/100
|-damage|p2a: Iron Valiant|94/100|[from] Stealth Rock
|-status|p2a: Iron Valiant|tox
|-enditem|p2a: Iron Valiant|Booster Energy
|-activate|p2a: Iron Valiant|ability: Quark Drive|[fromitem]
|-start|p2a: Iron Valiant|quarkdrivespe
|turn|12
|
|t:|1779803524
|move|p2a: Iron Valiant|Moonblast|p1a: Great Tusk
|-supereffective|p1a: Great Tusk
|-damage|p1a: Great Tusk|0 fnt
|faint|p1a: Great Tusk
|-end|p1a: Great Tusk|Protosynthesis|[silent]
|
|-damage|p2a: Iron Valiant|88/100 tox|[from] psn
|upkeep
|
|t:|1779803528
|switch|p1a: Zapdos|Zapdos|100/100
|turn|13
|
|t:|1779803534
|move|p2a: Iron Valiant|Moonblast|p1a: Zapdos
|-damage|p1a: Zapdos|47/100
|-unboost|p1a: Zapdos|spa|1
|move|p1a: Zapdos|Thunderbolt|p2a: Iron Valiant
|-damage|p2a: Iron Valiant|32/100 tox
|
|-damage|p2a: Iron Valiant|20/100 tox|[from] psn
|upkeep
|turn|14
|
|t:|1779803539
|move|p2a: Iron Valiant|Moonblast|p1a: Zapdos
|-damage|p1a: Zapdos|0 fnt
|faint|p1a: Zapdos
|
|-damage|p2a: Iron Valiant|1/100 tox|[from] psn
|upkeep
|
|t:|1779803541
|switch|p1a: Slowbro|Slowbro, F, shiny|100/100
|-activate|p1a: Slowbro|move: Sticky Web
|-unboost|p1a: Slowbro|spe|1
|turn|15
|c|☆emorza|Gg
|
|t:|1779803551
|move|p2a: Iron Valiant|Shadow Ball|p1a: Slowbro
|-supereffective|p1a: Slowbro
|-damage|p1a: Slowbro|52/100
|move|p1a: Slowbro|Slack Off|p1a: Slowbro
|-heal|p1a: Slowbro|100/100
|
|-damage|p2a: Iron Valiant|0 fnt|[from] psn
|faint|p2a: Iron Valiant
|-end|p2a: Iron Valiant|Quark Drive|[silent]
|
|win|livininacloud
|raw|livininacloud's rating: 1208 &rarr; <strong>1234</strong><br />(+26 for winning)
|raw|emorza's rating: 1223 &rarr; <strong>1197</strong><br />(-26 for losing)
|l|☆emorza
|player|p2|
|l|☆livininacloud
|player|p1|
