|badge|p2|bronze|gen9ru|100-9
|uhtml|medal-msg|<div class="broadcast-blue">Curious what those medals under the avatar are? PS now has Ladder Seasons! For more information, check out the <a href="https://www.smogon.com/forums/threads/3740067/">thread on Smogon.</a></div>
|j|☆Davy12345
|j|☆rentschler
|t:|1779957481
|gametype|singles
|player|p1|Davy12345|drayden|1512
|player|p2|rentschler|flint|1491
|gen|9
|tier|[Gen 9] OU
|rated|
|rule|HP Percentage Mod: HP is shown in percentages
|rule|Endless Battle Clause: Forcing endless battles is banned
|rule|Species Clause: Limit one of each Pokémon
|rule|OHKO Clause: OHKO moves are banned
|rule|Evasion Items Clause: Evasion items are banned
|rule|Evasion Moves Clause: Evasion moves are banned
|rule|Evasion Abilities Clause: Evasion abilities are banned
|rule|Sleep Moves Clause: Sleep-inducing moves are banned
|clearpoke
|poke|p1|Sandy Shocks|
|poke|p1|Ogerpon, F|
|poke|p1|Latios, M|
|poke|p1|Scizor, F|
|poke|p1|Manaphy|
|poke|p1|Iron Jugulis|
|poke|p2|Pelipper, M|
|poke|p2|Ogerpon, F|
|poke|p2|Barraskewda, M|
|poke|p2|Regieleki|
|poke|p2|Beartic, M|
|poke|p2|Dragonite, F|
|teampreview
|inactive|Battle timer is ON: inactive players will automatically lose when time's up. (requested by rentschler)
|inactive|Davy12345 also wants the timer to be on.
|
|t:|1779957497
|teamsize|p1|6
|teamsize|p2|6
|start
|switch|p1a: Sandy Shocks|Sandy Shocks|100/100
|switch|p2a: Ogerpon|Ogerpon, F|100/100
|-enditem|p1a: Sandy Shocks|Booster Energy
|-activate|p1a: Sandy Shocks|ability: Protosynthesis|[fromitem]
|-start|p1a: Sandy Shocks|protosynthesisspe
|turn|1
|
|t:|1779957506
|-terastallize|p2a: Ogerpon|Grass
|detailschange|p2a: Ogerpon|Ogerpon-Teal-Tera, F, tera:Grass
|-ability|p2a: Ogerpon|Embody Aspect (Teal)|boost
|-boost|p2a: Ogerpon|spe|1
|move|p2a: Ogerpon|Ivy Cudgel|p1a: Sandy Shocks
|-supereffective|p1a: Sandy Shocks
|-damage|p1a: Sandy Shocks|0 fnt
|faint|p1a: Sandy Shocks
|-end|p1a: Sandy Shocks|Protosynthesis|[silent]
|-damage|p2a: Ogerpon|91/100|[from] item: Life Orb
|
|upkeep
|
|t:|1779957524
|switch|p1a: Scizor|Scizor, F|100/100
|turn|2
|
|t:|1779957530
|switch|p2a: Pelipper|Pelipper, M|100/100
|-weather|RainDance|[from] ability: Drizzle|[of] p2a: Pelipper
|move|p1a: Scizor|Swords Dance|p1a: Scizor
|-boost|p1a: Scizor|atk|2
|
|-weather|RainDance|[upkeep]
|upkeep
|turn|3
|
|t:|1779957537
|move|p1a: Scizor|Knock Off|p2a: Pelipper
|-damage|p2a: Pelipper|10/100
|-enditem|p2a: Pelipper|Damp Rock|[from] move: Knock Off|[of] p1a: Scizor
|move|p2a: Pelipper|Surf|p1a: Scizor
|-damage|p1a: Scizor|31/100
|-enditem|p1a: Scizor|Sitrus Berry|[eat]
|-heal|p1a: Scizor|56/100|[from] item: Sitrus Berry
|
|-weather|RainDance|[upkeep]
|upkeep
|turn|4
|
|t:|1779957546
|move|p2a: Pelipper|Surf|p1a: Scizor
|-damage|p1a: Scizor|0 fnt
|faint|p1a: Scizor
|
|-weather|RainDance|[upkeep]
|upkeep
|
|t:|1779957562
|switch|p1a: Ogerpon|Ogerpon, F|100/100
|turn|5
|
|t:|1779957564
|move|p1a: Ogerpon|Ivy Cudgel|p2a: Pelipper
|-damage|p2a: Pelipper|0 fnt
|faint|p2a: Pelipper
|
|-weather|RainDance|[upkeep]
|upkeep
|
|t:|1779957569
|switch|p2a: Ogerpon|Ogerpon-Teal-Tera, F, tera:Grass|91/100
|-ability|p2a: Ogerpon|Embody Aspect (Teal)|boost
|-boost|p2a: Ogerpon|spe|1
|-enditem|p1a: Ogerpon|Mirror Herb
|-boost|p1a: Ogerpon|spe|1|[from] item: Mirror Herb
|turn|6
|
|t:|1779957577
|move|p2a: Ogerpon|U-turn|p1a: Ogerpon
|-supereffective|p1a: Ogerpon
|-damage|p1a: Ogerpon|25/100
|-damage|p2a: Ogerpon|81/100|[from] item: Life Orb
|
|t:|1779957584
|switch|p2a: Dragonite|Dragonite, F|100/100|[from] U-turn
|move|p1a: Ogerpon|Swords Dance|p1a: Ogerpon
|-boost|p1a: Ogerpon|atk|2
|
|-weather|RainDance|[upkeep]
|upkeep
|turn|7
|
|t:|1779957591
|move|p2a: Dragonite|Extreme Speed|p1a: Ogerpon
|-damage|p1a: Ogerpon|0 fnt
|faint|p1a: Ogerpon
|
|-weather|RainDance|[upkeep]
|upkeep
|
|t:|1779957595
|switch|p1a: Manaphy|Manaphy|100/100
|turn|8
|
|t:|1779957599
|move|p1a: Manaphy|Ice Beam|p2a: Dragonite
|-supereffective|p2a: Dragonite
|-damage|p2a: Dragonite|44/100
|move|p2a: Dragonite|Scale Shot|p1a: Manaphy
|-damage|p1a: Manaphy|87/100
|-damage|p1a: Manaphy|74/100
|-damage|p1a: Manaphy|59/100
|-crit|p1a: Manaphy
|-damage|p1a: Manaphy|39/100
|-enditem|p1a: Manaphy|Sitrus Berry|[eat]
|-heal|p1a: Manaphy|63/100|[from] item: Sitrus Berry
|-hitcount|p1a: Manaphy|4
|-unboost|p2a: Dragonite|def|1
|-boost|p2a: Dragonite|spe|1
|
|-weather|RainDance|[upkeep]
|upkeep
|turn|9
|
|t:|1779957613
|move|p2a: Dragonite|Scale Shot|p1a: Manaphy
|-damage|p1a: Manaphy|50/100
|-damage|p1a: Manaphy|38/100
|-damage|p1a: Manaphy|24/100
|-damage|p1a: Manaphy|10/100
|-hitcount|p1a: Manaphy|4
|-unboost|p2a: Dragonite|def|1
|-boost|p2a: Dragonite|spe|1
|move|p1a: Manaphy|Ice Beam|p2a: Dragonite
|-supereffective|p2a: Dragonite
|-damage|p2a: Dragonite|0 fnt
|faint|p2a: Dragonite
|
|-weather|none
|upkeep
|
|t:|1779957626
|switch|p2a: Regieleki|Regieleki|100/100
|-item|p2a: Regieleki|Air Balloon
|turn|10
|
|t:|1779957631
|move|p2a: Regieleki|Volt Switch|p1a: Manaphy
|-supereffective|p1a: Manaphy
|-damage|p1a: Manaphy|0 fnt
|faint|p1a: Manaphy
|
|t:|1779957639
|switch|p2a: Ogerpon|Ogerpon-Teal-Tera, F, tera:Grass|81/100|[from] Volt Switch
|-ability|p2a: Ogerpon|Embody Aspect (Teal)|boost
|-boost|p2a: Ogerpon|spe|1
|
|upkeep
|
|t:|1779957642
|switch|p1a: Iron Jugulis|Iron Jugulis|100/100
|-enditem|p1a: Iron Jugulis|Booster Energy
|-activate|p1a: Iron Jugulis|ability: Quark Drive|[fromitem]
|-start|p1a: Iron Jugulis|quarkdrivespe
|turn|11
|
|t:|1779957648
|move|p2a: Ogerpon|Play Rough|p1a: Iron Jugulis
|-supereffective|p1a: Iron Jugulis
|-crit|p1a: Iron Jugulis
|-damage|p1a: Iron Jugulis|0 fnt
|faint|p1a: Iron Jugulis
|-end|p1a: Iron Jugulis|Quark Drive|[silent]
|-damage|p2a: Ogerpon|71/100|[from] item: Life Orb
|
|upkeep
|
|t:|1779957651
|switch|p1a: Latios|Latios, M|100/100
|turn|12
|
|t:|1779957656
|move|p2a: Ogerpon|Knock Off|p1a: Latios
|-supereffective|p1a: Latios
|-damage|p1a: Latios|20/100
|-enditem|p1a: Latios|Weakness Policy
|-boost|p1a: Latios|atk|2|[from] item: Weakness Policy
|-boost|p1a: Latios|spa|2|[from] item: Weakness Policy
|-damage|p2a: Ogerpon|61/100|[from] item: Life Orb
|move|p1a: Latios|Agility|p1a: Latios
|-boost|p1a: Latios|spe|2
|
|upkeep
|turn|13
|
|t:|1779957665
|move|p1a: Latios|Stored Power|p2a: Ogerpon
|-crit|p2a: Ogerpon
|-damage|p2a: Ogerpon|0 fnt
|faint|p2a: Ogerpon
|detailschange|p2: Ogerpon|Ogerpon, F|[silent]
|
|upkeep
|
|t:|1779957671
|switch|p2a: Regieleki|Regieleki|100/100
|-item|p2a: Regieleki|Air Balloon
|turn|14
|
|t:|1779957676
|move|p1a: Latios|Stored Power|p2a: Regieleki
|-damage|p2a: Regieleki|0 fnt
|-enditem|p2a: Regieleki|Air Balloon
|faint|p2a: Regieleki
|
|upkeep
|
|t:|1779957681
|switch|p2a: Barraskewda|Barraskewda, M|100/100
|turn|15
|
|t:|1779957684
|move|p1a: Latios|Stored Power|p2a: Barraskewda
|-damage|p2a: Barraskewda|0 fnt
|faint|p2a: Barraskewda
|
|upkeep
|
|t:|1779957688
|switch|p2a: Beartic|Beartic, M|100/100
|turn|16
|
|t:|1779957692
|-terastallize|p1a: Latios|Fighting
|move|p1a: Latios|Stored Power|p2a: Beartic
|-damage|p2a: Beartic|0 fnt
|faint|p2a: Beartic
|
|win|Davy12345
|raw|Davy12345's rating: 1512 &rarr; <strong>1531</strong><br />(+19 for winning)
|raw|rentschler's rating: 1491 &rarr; <strong>1472</strong><br />(-19 for losing)
|l|☆rentschler
|player|p2|
|l|☆Davy12345
|player|p1|
