|j|☆Caraxez
|j|☆RedemptiveSketch
|t:|1779804429
|gametype|singles
|player|p1|Caraxez|169|1694
|player|p2|RedemptiveSketch|boarder-gen2|1709
|gen|9
|tier|[Gen 9] OU
|rated|
|rule|HP Percentage Mod: HP is shown in percentages
|rule|Endless Battle Clause: Forcing endless battles is banned
|rule|Species Clause: Limit one of each Pokémon
|rule|OHKO Clause: OHKO moves are banned
|rule|Evasion Items Clause: Evasion items are banned
|rule|Evasion Moves Clause: Evasion moves are banned
|rule|Evasion Abilities Clause: Evasion abilities are banned
|rule|Sleep Moves Clause: Sleep-inducing moves are banned
|clearpoke
|poke|p1|Hydreigon, F|
|poke|p1|Zamazenta-*|
|poke|p1|Iron Crown|
|poke|p1|Ogerpon-Wellspring, F|
|poke|p1|Iron Valiant|
|poke|p1|Ceruledge, M|
|poke|p2|Raging Bolt|
|poke|p2|Samurott-Hisui, F|
|poke|p2|Gholdengo|
|poke|p2|Great Tusk|
|poke|p2|Moltres|
|poke|p2|Ogerpon, F|
|teampreview
|inactive|Battle timer is ON: inactive players will automatically lose when time's up. (requested by RedemptiveSketch)
|
|t:|1779804459
|teamsize|p1|6
|teamsize|p2|6
|start
|switch|p1a: Hydreigon|Hydreigon, F|100/100
|switch|p2a: Raging Bolt|Raging Bolt|100/100
|turn|1
|
|t:|1779804465
|-end|p2a: Raging Bolt|Protosynthesis|[silent]
|switch|p2a: Samurott|Samurott-Hisui, F|100/100
|move|p1a: Hydreigon|Draco Meteor|p2a: Samurott|[miss]
|-miss|p1a: Hydreigon|p2a: Samurott
|
|upkeep
|turn|2
|
|t:|1779804471
|move|p1a: Hydreigon|Stealth Rock|p2a: Samurott
|-sidestart|p2: RedemptiveSketch|move: Stealth Rock
|move|p2a: Samurott|Ceaseless Edge|p1a: Hydreigon|[miss]
|-miss|p2a: Samurott|p1a: Hydreigon
|
|upkeep
|turn|3
|j| 0RickMountStrong
|j| hattybatty304
|
|t:|1779804477
|move|p1a: Hydreigon|Draco Meteor|p2a: Samurott
|-damage|p2a: Samurott|56/100
|-unboost|p1a: Hydreigon|spa|2
|move|p2a: Samurott|Ceaseless Edge|p1a: Hydreigon
|-resisted|p1a: Hydreigon
|-damage|p1a: Hydreigon|77/100
|-sidestart|p1: Caraxez|Spikes
|
|upkeep
|turn|4
|
|t:|1779804480
|move|p1a: Hydreigon|Draco Meteor|p2a: Samurott
|-damage|p2a: Samurott|33/100
|-unboost|p1a: Hydreigon|spa|2
|move|p2a: Samurott|Ceaseless Edge|p1a: Hydreigon
|-resisted|p1a: Hydreigon
|-damage|p1a: Hydreigon|53/100
|-sidestart|p1: Caraxez|Spikes
|
|upkeep
|turn|5
|l| 0RickMountStrong
|
|t:|1779804494
|switch|p1a: Zamazenta|Zamazenta|100/100
|-damage|p1a: Zamazenta|84/100|[from] Spikes
|-ability|p1a: Zamazenta|Dauntless Shield|boost
|-boost|p1a: Zamazenta|def|1
|move|p2a: Samurott|Ceaseless Edge|p1a: Zamazenta|[miss]
|-miss|p2a: Samurott|p1a: Zamazenta
|
|upkeep
|turn|6
|
|t:|1779804504
|switch|p2a: Gholdengo|Gholdengo|100/100
|-damage|p2a: Gholdengo|94/100|[from] Stealth Rock
|move|p1a: Zamazenta|Body Press|p2a: Gholdengo
|-immune|p2a: Gholdengo
|
|upkeep
|turn|7
|
|t:|1779804511
|move|p2a: Gholdengo|Make It Rain|p1a: Zamazenta
|-damage|p1a: Zamazenta|37/100
|-unboost|p2a: Gholdengo|spa|1
|move|p1a: Zamazenta|Crunch|p2a: Gholdengo
|-supereffective|p2a: Gholdengo
|-damage|p2a: Gholdengo|42/100
|-unboost|p2a: Gholdengo|def|1
|
|upkeep
|turn|8
|
|t:|1779804526
|switch|p2a: Moltres|Moltres|100/100
|move|p1a: Zamazenta|Rest|p1a: Zamazenta
|-status|p1a: Zamazenta|slp|[from] move: Rest
|-heal|p1a: Zamazenta|100/100 slp|[silent]
|-enditem|p1a: Zamazenta|Chesto Berry|[eat]
|-curestatus|p1a: Zamazenta|slp|[msg]
|
|upkeep
|turn|9
|
|t:|1779804536
|switch|p1a: Hydreigon|Hydreigon, F|53/100
|move|p2a: Moltres|Flamethrower|p1a: Hydreigon
|-resisted|p1a: Hydreigon
|-damage|p1a: Hydreigon|30/100
|
|upkeep
|turn|10
|
|t:|1779804545
|switch|p2a: Gholdengo|Gholdengo|42/100
|-damage|p2a: Gholdengo|36/100|[from] Stealth Rock
|move|p1a: Hydreigon|Dark Pulse|p2a: Gholdengo
|-supereffective|p2a: Gholdengo
|-damage|p2a: Gholdengo|0 fnt
|faint|p2a: Gholdengo
|
|upkeep
|
|t:|1779804550
|switch|p2a: Ogerpon|Ogerpon, F|100/100
|turn|11
|
|t:|1779804562
|-terastallize|p2a: Ogerpon|Grass
|detailschange|p2a: Ogerpon|Ogerpon-Teal-Tera, F, tera:Grass
|-ability|p2a: Ogerpon|Embody Aspect (Teal)|boost
|-boost|p2a: Ogerpon|spe|1
|move|p2a: Ogerpon|Ivy Cudgel|p1a: Hydreigon
|-resisted|p1a: Hydreigon
|-damage|p1a: Hydreigon|0 fnt
|faint|p1a: Hydreigon
|
|upkeep
|
|t:|1779804573
|switch|p1a: Zamazenta|Zamazenta|100/100
|-damage|p1a: Zamazenta|84/100|[from] Spikes
|turn|12
|
|t:|1779804578
|move|p2a: Ogerpon|Ivy Cudgel|p1a: Zamazenta
|-damage|p1a: Zamazenta|34/100
|move|p1a: Zamazenta|Body Press|p2a: Ogerpon
|-damage|p2a: Ogerpon|54/100
|
|upkeep
|turn|13
|
|t:|1779804583
|move|p2a: Ogerpon|Ivy Cudgel|p1a: Zamazenta
|-damage|p1a: Zamazenta|0 fnt
|faint|p1a: Zamazenta
|
|upkeep
|
|t:|1779804587
|switch|p1a: Iron Valiant|Iron Valiant|100/100
|-damage|p1a: Iron Valiant|84/100|[from] Spikes
|-enditem|p1a: Iron Valiant|Booster Energy
|-activate|p1a: Iron Valiant|ability: Quark Drive|[fromitem]
|-start|p1a: Iron Valiant|quarkdrivespe
|turn|14
|
|t:|1779804594
|switch|p2a: Moltres|Moltres|100/100
|move|p1a: Iron Valiant|Moonblast|p2a: Moltres
|-resisted|p2a: Moltres
|-damage|p2a: Moltres|84/100
|
|upkeep
|turn|15
|
|t:|1779804601
|move|p1a: Iron Valiant|Knock Off|p2a: Moltres
|-damage|p2a: Moltres|57/100
|-status|p1a: Iron Valiant|brn|[from] ability: Flame Body|[of] p2a: Moltres
|-enditem|p2a: Moltres|Heavy-Duty Boots|[from] move: Knock Off|[of] p1a: Iron Valiant
|move|p2a: Moltres|Flamethrower|p1a: Iron Valiant
|-damage|p1a: Iron Valiant|5/100 brn
|
|-damage|p1a: Iron Valiant|0 fnt|[from] brn
|faint|p1a: Iron Valiant
|-end|p1a: Iron Valiant|Quark Drive|[silent]
|upkeep
|
|t:|1779804612
|switch|p1a: Ogerpon|Ogerpon-Wellspring, F|100/100
|-damage|p1a: Ogerpon|84/100|[from] Spikes
|turn|16
|
|t:|1779804617
|switch|p2a: Samurott|Samurott-Hisui, F|33/100
|-damage|p2a: Samurott|21/100|[from] Stealth Rock
|move|p1a: Ogerpon|Ivy Cudgel|p2a: Samurott|[anim] Ivy Cudgel Water
|-resisted|p2a: Samurott
|-damage|p2a: Samurott|0 fnt
|faint|p2a: Samurott
|
|upkeep
|
|t:|1779804622
|switch|p2a: Ogerpon|Ogerpon-Teal-Tera, F, tera:Grass|54/100
|-ability|p2a: Ogerpon|Embody Aspect (Teal)|boost
|-boost|p2a: Ogerpon|spe|1
|turn|17
|
|t:|1779804624
|switch|p1a: Ceruledge|Ceruledge, M|100/100
|-damage|p1a: Ceruledge|84/100|[from] Spikes
|move|p2a: Ogerpon|Ivy Cudgel|p1a: Ceruledge
|-resisted|p1a: Ceruledge
|-damage|p1a: Ceruledge|36/100
|-ability|p1a: Ceruledge|Weak Armor|boost
|-unboost|p1a: Ceruledge|def|1
|-boost|p1a: Ceruledge|spe|2
|
|upkeep
|turn|18
|
|t:|1779804629
|switch|p2a: Moltres|Moltres|57/100
|-damage|p2a: Moltres|7/100|[from] Stealth Rock
|move|p1a: Ceruledge|Poltergeist||[still]
|-fail|p1a: Ceruledge
|
|upkeep
|turn|19
|
|t:|1779804634
|switch|p1a: Ogerpon|Ogerpon-Wellspring, F|84/100
|-damage|p1a: Ogerpon|67/100|[from] Spikes
|move|p2a: Moltres|Roar|p1a: Ogerpon
|drag|p1a: Ceruledge|Ceruledge, M|36/100
|-damage|p1a: Ceruledge|20/100|[from] Spikes
|
|upkeep
|turn|20
|
|t:|1779804638
|move|p1a: Ceruledge|Bitter Blade|p2a: Moltres
|-resisted|p2a: Moltres
|-damage|p2a: Moltres|0 fnt
|-heal|p1a: Ceruledge|24/100|[from] drain|[of] p2a: Moltres
|faint|p2a: Moltres
|
|upkeep
|
|t:|1779804645
|switch|p2a: Ogerpon|Ogerpon-Teal-Tera, F, tera:Grass|54/100
|-ability|p2a: Ogerpon|Embody Aspect (Teal)|boost
|-boost|p2a: Ogerpon|spe|1
|turn|21
|-message|Caraxez forfeited.
|
|win|RedemptiveSketch
|raw|Caraxez's rating: 1694 &rarr; <strong>1675</strong><br />(-19 for losing)
|raw|RedemptiveSketch's rating: 1709 &rarr; <strong>1728</strong><br />(+19 for winning)
|l|☆Caraxez
|player|p1|
|l|☆RedemptiveSketch
|player|p2|
|l| hattybatty304
