|j|☆Gloryboykeef
|j|☆DexTrainerRed
|t:|1779923535
|gametype|singles
|player|p1|Gloryboykeef|policeman-gen4|1214
|player|p2|DexTrainerRed|ash-kalos|1268
|gen|9
|tier|[Gen 9] OU
|rated|
|rule|HP Percentage Mod: HP is shown in percentages
|rule|Endless Battle Clause: Forcing endless battles is banned
|rule|Species Clause: Limit one of each Pokémon
|rule|OHKO Clause: OHKO moves are banned
|rule|Evasion Items Clause: Evasion items are banned
|rule|Evasion Moves Clause: Evasion moves are banned
|rule|Evasion Abilities Clause: Evasion abilities are banned
|rule|Sleep Moves Clause: Sleep-inducing moves are banned
|clearpoke
|poke|p1|Pelipper, F|
|poke|p1|Barraskewda, F|
|poke|p1|Thundurus-Therian, M|
|poke|p1|Kingdra, F|
|poke|p1|Slaking, M|
|poke|p1|Hawlucha, F|
|poke|p2|Infernape, M|
|poke|p2|Staraptor, M|
|poke|p2|Torterra, M|
|poke|p2|Empoleon, M|
|poke|p2|Garchomp, F|
|poke|p2|Pikachu, M|
|teampreview
|inactive|Battle timer is ON: inactive players will automatically lose when time's up. (requested by Gloryboykeef)
|inactive|DexTrainerRed also wants the timer to be on.
|
|t:|1779923552
|teamsize|p1|6
|teamsize|p2|6
|start
|switch|p1a: Hawlucha|Hawlucha, F|100/100
|switch|p2a: Garchomp|Garchomp, F|100/100
|turn|1
|
|t:|1779923558
|move|p1a: Hawlucha|Sky Attack||[still]
|-prepare|p1a: Hawlucha|Sky Attack
|-enditem|p1a: Hawlucha|Power Herb
|-anim|p1a: Hawlucha|Sky Attack|p2a: Garchomp
|-crit|p2a: Garchomp
|-damage|p2a: Garchomp|0 fnt
|faint|p2a: Garchomp
|
|upkeep
|
|t:|1779923565
|switch|p2a: Staraptor|Staraptor, M|100/100
|turn|2
|
|t:|1779923575
|switch|p1a: Thundurus|Thundurus-Therian, M|100/100
|move|p2a: Staraptor|Brave Bird|p1a: Thundurus
|-resisted|p1a: Thundurus
|-damage|p1a: Thundurus|48/100
|-damage|p2a: Staraptor|84/100|[from] Recoil
|
|upkeep
|turn|3
|
|t:|1779923582
|switch|p2a: Torterra|Torterra, M|100/100
|move|p1a: Thundurus|Sludge Wave|p2a: Torterra
|-damage|p2a: Torterra|58/100
|
|upkeep
|turn|4
|
|t:|1779923593
|switch|p1a: Hawlucha|Hawlucha, F|100/100
|-terastallize|p2a: Torterra|Rock
|move|p2a: Torterra|Shell Smash|p2a: Torterra
|-unboost|p2a: Torterra|def|1
|-unboost|p2a: Torterra|spd|1
|-boost|p2a: Torterra|atk|2
|-boost|p2a: Torterra|spa|2
|-boost|p2a: Torterra|spe|2
|-enditem|p2a: Torterra|White Herb
|-clearnegativeboost|p2a: Torterra|[silent]
|
|upkeep
|turn|5
|
|t:|1779923606
|move|p2a: Torterra|Rock Slide|p1a: Hawlucha
|-damage|p1a: Hawlucha|0 fnt
|faint|p1a: Hawlucha
|
|upkeep
|
|t:|1779923612
|switch|p1a: Pelipper|Pelipper, F|100/100
|-weather|RainDance|[from] ability: Drizzle|[of] p1a: Pelipper
|turn|6
|
|t:|1779923621
|switch|p1a: Kingdra|Kingdra, F|100/100
|move|p2a: Torterra|Rock Slide|p1a: Kingdra
|-damage|p1a: Kingdra|3/100
|
|-weather|RainDance|[upkeep]
|upkeep
|turn|7
|
|t:|1779923627
|move|p1a: Kingdra|Hydro Pump|p2a: Torterra
|-supereffective|p2a: Torterra
|-damage|p2a: Torterra|0 fnt
|faint|p2a: Torterra
|
|-weather|RainDance|[upkeep]
|upkeep
|
|t:|1779923633
|switch|p2a: Empoleon|Empoleon, M|100/100
|turn|8
|
|t:|1779923650
|switch|p1a: Thundurus|Thundurus-Therian, M|48/100
|move|p2a: Empoleon|Agility|p2a: Empoleon
|-boost|p2a: Empoleon|spe|2
|
|-weather|RainDance|[upkeep]
|upkeep
|turn|9
|
|t:|1779923657
|move|p1a: Thundurus|Thunder|p2a: Empoleon
|-supereffective|p2a: Empoleon
|-damage|p2a: Empoleon|0 fnt
|faint|p2a: Empoleon
|
|-weather|RainDance|[upkeep]
|upkeep
|
|t:|1779923667
|switch|p2a: Pikachu|Pikachu, M|100/100
|turn|10
|
|t:|1779923671
|switch|p1a: Kingdra|Kingdra, F|3/100
|move|p2a: Pikachu|Iron Tail|p1a: Kingdra
|-resisted|p1a: Kingdra
|-damage|p1a: Kingdra|0 fnt
|faint|p1a: Kingdra
|
|-weather|RainDance|[upkeep]
|upkeep
|
|t:|1779923675
|switch|p1a: Slaking|Slaking, M, shiny|100/100
|turn|11
|
|t:|1779923679
|move|p1a: Slaking|Giga Impact|p2a: Pikachu
|-damage|p2a: Pikachu|0 fnt
|-mustrecharge|p1a: Slaking
|faint|p2a: Pikachu
|
|-weather|RainDance|[upkeep]
|upkeep
|
|t:|1779923685
|switch|p2a: Infernape|Infernape, M|100/100
|turn|12
|
|t:|1779923687
|move|p2a: Infernape|Nasty Plot|p2a: Infernape
|-boost|p2a: Infernape|spa|2
|cant|p1a: Slaking|recharge
|
|-weather|RainDance|[upkeep]
|upkeep
|turn|13
|
|t:|1779923693
|move|p2a: Infernape|Aura Sphere|p1a: Slaking
|-supereffective|p1a: Slaking
|-damage|p1a: Slaking|0 fnt
|faint|p1a: Slaking
|
|-weather|none
|upkeep
|
|t:|1779923696
|switch|p1a: Pelipper|Pelipper, F|100/100
|-weather|RainDance|[from] ability: Drizzle|[of] p1a: Pelipper
|turn|14
|
|t:|1779923701
|move|p2a: Infernape|Aura Sphere|p1a: Pelipper
|-resisted|p1a: Pelipper
|-damage|p1a: Pelipper|50/100
|move|p1a: Pelipper|Hurricane|p2a: Infernape
|-supereffective|p2a: Infernape
|-enditem|p2a: Infernape|Focus Sash
|-damage|p2a: Infernape|1/100
|
|-weather|RainDance|[upkeep]
|upkeep
|turn|15
|
|t:|1779923709
|move|p2a: Infernape|Aura Sphere|p1a: Pelipper
|-resisted|p1a: Pelipper
|-damage|p1a: Pelipper|0 fnt
|faint|p1a: Pelipper
|
|-weather|RainDance|[upkeep]
|upkeep
|
|t:|1779923713
|switch|p1a: Barraskewda|Barraskewda, F, shiny|100/100
|turn|16
|
|t:|1779923716
|move|p1a: Barraskewda|Flip Turn|p2a: Infernape
|-supereffective|p2a: Infernape
|-damage|p2a: Infernape|0 fnt
|faint|p2a: Infernape
|-damage|p1a: Barraskewda|91/100|[from] item: Life Orb
|
|t:|1779923718
|switch|p1a: Thundurus|Thundurus-Therian, M|48/100|[from] Flip Turn
|
|-weather|RainDance|[upkeep]
|upkeep
|
|t:|1779923724
|switch|p2a: Staraptor|Staraptor, M|84/100
|turn|17
|
|t:|1779923728
|move|p1a: Thundurus|Thunder|p2a: Staraptor
|-supereffective|p2a: Staraptor
|-damage|p2a: Staraptor|0 fnt
|faint|p2a: Staraptor
|
|win|Gloryboykeef
|raw|Gloryboykeef's rating: 1214 &rarr; <strong>1243</strong><br />(+29 for winning)
|raw|DexTrainerRed's rating: 1268 &rarr; <strong>1239</strong><br />(-29 for losing)
|l|☆Gloryboykeef
|player|p1|
|l|☆DexTrainerRed
|player|p2|
