|j|☆Haillo87
|j|☆3rdIblind
|t:|1779889514
|gametype|singles
|player|p1|Haillo87|169|1426
|player|p2|3rdIblind|shauntal|1457
|gen|9
|tier|[Gen 9] OU
|rated|
|rule|HP Percentage Mod: HP is shown in percentages
|rule|Endless Battle Clause: Forcing endless battles is banned
|rule|Species Clause: Limit one of each Pokémon
|rule|OHKO Clause: OHKO moves are banned
|rule|Evasion Items Clause: Evasion items are banned
|rule|Evasion Moves Clause: Evasion moves are banned
|rule|Evasion Abilities Clause: Evasion abilities are banned
|rule|Sleep Moves Clause: Sleep-inducing moves are banned
|clearpoke
|poke|p1|Kingambit, M|
|poke|p1|Kommo-o, F|
|poke|p1|Iron Valiant|
|poke|p1|Kyurem|
|poke|p1|Iron Treads|
|poke|p1|Iron Crown|
|poke|p2|Toxtricity, M|
|poke|p2|Alomomola, M|
|poke|p2|Rillaboom, F|
|poke|p2|Iron Valiant|
|poke|p2|Great Tusk|
|poke|p2|Heatran, M|
|teampreview
|inactive|Battle timer is ON: inactive players will automatically lose when time's up. (requested by Haillo87)
|inactive|Haillo87 has 120 seconds left.
|
|t:|1779889558
|teamsize|p1|6
|teamsize|p2|6
|start
|switch|p1a: Kyurem|Kyurem|100/100
|switch|p2a: SpaghettiOs|Heatran, M|100/100
|-ability|p1a: Kyurem|Pressure
|turn|1
|
|t:|1779889571
|switch|p2a: Animolasity|Alomomola, M|100/100
|move|p1a: Kyurem|Earth Power|p2a: Animolasity
|-damage|p2a: Animolasity|87/100
|
|upkeep
|turn|2
|
|t:|1779889586
|move|p1a: Kyurem|Dragon Dance|p1a: Kyurem
|-boost|p1a: Kyurem|atk|1
|-boost|p1a: Kyurem|spe|1
|move|p2a: Animolasity|Flip Turn|p1a: Kyurem
|-resisted|p1a: Kyurem
|-damage|p1a: Kyurem|92/100
|
|t:|1779889595
|switch|p2a: Liquid|Iron Valiant|100/100|[from] Flip Turn
|-enditem|p2a: Liquid|Booster Energy
|-activate|p2a: Liquid|ability: Quark Drive|[fromitem]
|-start|p2a: Liquid|quarkdrivespe
|
|upkeep
|turn|3
|
|t:|1779889625
|switch|p1a: Iron Crown|Iron Crown|100/100
|-enditem|p1a: Iron Crown|Booster Energy
|-activate|p1a: Iron Crown|ability: Quark Drive|[fromitem]
|-start|p1a: Iron Crown|quarkdrivespe
|move|p2a: Liquid|Close Combat|p1a: Iron Crown
|-damage|p1a: Iron Crown|50/100
|-unboost|p2a: Liquid|def|1
|-unboost|p2a: Liquid|spd|1
|
|upkeep
|turn|4
|inactive|Haillo87 has 120 seconds left.
|
|t:|1779889643
|move|p2a: Liquid|Close Combat|p1a: Iron Crown
|-damage|p1a: Iron Crown|0 fnt
|-unboost|p2a: Liquid|def|1
|-unboost|p2a: Liquid|spd|1
|faint|p1a: Iron Crown
|-end|p1a: Iron Crown|Quark Drive|[silent]
|
|upkeep
|inactive|Haillo87 has 120 seconds left.
|
|t:|1779889655
|switch|p1a: Iron Valiant|Iron Valiant|100/100
|-enditem|p1a: Iron Valiant|Booster Energy
|-activate|p1a: Iron Valiant|ability: Quark Drive|[fromitem]
|-start|p1a: Iron Valiant|quarkdrivespe
|turn|5
|inactive|Haillo87 has 120 seconds left.
|
|t:|1779889666
|-end|p2a: Liquid|Quark Drive|[silent]
|switch|p2a: Animolasity|Alomomola, M|100/100
|move|p1a: Iron Valiant|Shadow Ball|p2a: Animolasity
|-damage|p2a: Animolasity|85/100
|-unboost|p2a: Animolasity|spd|1
|
|upkeep
|turn|6
|inactive|Haillo87 has 120 seconds left.
|
|t:|1779889687
|move|p1a: Iron Valiant|Calm Mind|p1a: Iron Valiant
|-boost|p1a: Iron Valiant|spa|1
|-boost|p1a: Iron Valiant|spd|1
|move|p2a: Animolasity|Flip Turn|p1a: Iron Valiant
|-damage|p1a: Iron Valiant|80/100
|
|t:|1779889698
|switch|p2a: SpaghettiOs|Heatran, M|100/100|[from] Flip Turn
|
|upkeep
|turn|7
|
|t:|1779889703
|move|p1a: Iron Valiant|Focus Blast|p2a: SpaghettiOs
|-supereffective|p2a: SpaghettiOs
|-damage|p2a: SpaghettiOs|0 fnt
|faint|p2a: SpaghettiOs
|
|upkeep
|
|t:|1779889711
|switch|p2a: Animolasity|Alomomola, M|100/100
|turn|8
|
|t:|1779889727
|move|p1a: Iron Valiant|Calm Mind|p1a: Iron Valiant
|-boost|p1a: Iron Valiant|spa|1
|-boost|p1a: Iron Valiant|spd|1
|move|p2a: Animolasity|Body Slam|p1a: Iron Valiant
|-crit|p1a: Iron Valiant
|-damage|p1a: Iron Valiant|51/100
|
|upkeep
|turn|9
|inactive|Haillo87 has 120 seconds left.
|
|t:|1779889770
|move|p1a: Iron Valiant|Focus Blast|p2a: Animolasity
|-damage|p2a: Animolasity|41/100
|move|p2a: Animolasity|Body Slam|p1a: Iron Valiant
|-damage|p1a: Iron Valiant|32/100
|-status|p1a: Iron Valiant|par
|
|upkeep
|turn|10
|
|t:|1779889784
|switch|p2a: RckOutwitmyCckOut|Toxtricity, M|100/100
|move|p1a: Iron Valiant|Moonblast|p2a: RckOutwitmyCckOut
|-resisted|p2a: RckOutwitmyCckOut
|-damage|p2a: RckOutwitmyCckOut|19/100
|-unboost|p2a: RckOutwitmyCckOut|spa|1
|
|upkeep
|turn|11
|
|t:|1779889793
|cant|p1a: Iron Valiant|par
|move|p2a: RckOutwitmyCckOut|Boomburst|p1a: Iron Valiant
|-damage|p1a: Iron Valiant|0 fnt
|faint|p1a: Iron Valiant
|-end|p1a: Iron Valiant|Quark Drive|[silent]
|-enditem|p2a: RckOutwitmyCckOut|Throat Spray
|-boost|p2a: RckOutwitmyCckOut|spa|1|[from] item: Throat Spray
|
|upkeep
|
|t:|1779889809
|switch|p1a: Iron Treads|Iron Treads|100/100
|-enditem|p1a: Iron Treads|Booster Energy
|-activate|p1a: Iron Treads|ability: Quark Drive|[fromitem]
|-start|p1a: Iron Treads|quarkdrivespe
|turn|12
|
|t:|1779889815
|move|p1a: Iron Treads|Earthquake|p2a: RckOutwitmyCckOut
|-supereffective|p2a: RckOutwitmyCckOut
|-damage|p2a: RckOutwitmyCckOut|0 fnt
|faint|p2a: RckOutwitmyCckOut
|
|upkeep
|
|t:|1779889843
|switch|p2a: Make Some Drums|Rillaboom, F|100/100
|-fieldstart|move: Grassy Terrain|[from] ability: Grassy Surge|[of] p2a: Make Some Drums
|turn|13
|inactive|Haillo87 has 120 seconds left.
|l|☆Haillo87
|inactive|Haillo87 disconnected and has a minute to reconnect!
|player|p1|
|inactive|Haillo87 has 30 seconds to reconnect!
|inactive|Haillo87 has 20 seconds to reconnect!
|inactive|Haillo87 has 15 seconds to reconnect!
|inactive|Haillo87 has 10 seconds to reconnect!
|inactive|Haillo87 has 5 seconds to reconnect!
|-message|Haillo87 lost due to inactivity.
|
|win|3rdIblind
|raw|Haillo87's rating: 1426 &rarr; <strong>1408</strong><br />(-18 for losing)
|raw|3rdIblind's rating: 1457 &rarr; <strong>1475</strong><br />(+18 for winning)
|j|☆Haillo87
|player|p1|Haillo87|169|
