|j|☆rainy day 00
|j|☆OMJIJ
|t:|1779969980
|gametype|singles
|player|p1|rainy day 00|clair|1231
|player|p2|OMJIJ|red|1205
|gen|9
|tier|[Gen 9] OU
|rated|
|rule|HP Percentage Mod: HP is shown in percentages
|rule|Endless Battle Clause: Forcing endless battles is banned
|rule|Species Clause: Limit one of each Pokémon
|rule|OHKO Clause: OHKO moves are banned
|rule|Evasion Items Clause: Evasion items are banned
|rule|Evasion Moves Clause: Evasion moves are banned
|rule|Evasion Abilities Clause: Evasion abilities are banned
|rule|Sleep Moves Clause: Sleep-inducing moves are banned
|clearpoke
|poke|p1|Lilligant-Hisui, F|
|poke|p1|Goodra, F|
|poke|p1|Arcanine, M|
|poke|p1|Ambipom, F|
|poke|p1|Hatterene, F|
|poke|p1|Frosmoth, M|
|poke|p2|Gliscor, F|
|poke|p2|Zapdos|
|poke|p2|Iron Valiant|
|poke|p2|Kingambit, M|
|poke|p2|Ceruledge, M|
|poke|p2|Dragonite, M|
|teampreview
|
|t:|1779969991
|teamsize|p1|6
|teamsize|p2|6
|start
|switch|p1a: Ambipom|Ambipom, F, shiny|100/100
|switch|p2a: hachier parmentier|Gliscor, F|100/100
|turn|1
|
|t:|1779969997
|move|p1a: Ambipom|Knock Off|p2a: hachier parmentier
|-damage|p2a: hachier parmentier|79/100
|-enditem|p2a: hachier parmentier|Toxic Orb|[from] move: Knock Off|[of] p1a: Ambipom
|-damage|p1a: Ambipom|91/100|[from] item: Life Orb
|move|p2a: hachier parmentier|Stealth Rock|p1a: Ambipom
|-sidestart|p1: rainy day 00|move: Stealth Rock
|
|upkeep
|turn|2
|
|t:|1779970006
|move|p1a: Ambipom|Triple Axel|p2a: hachier parmentier
|-supereffective|p2a: hachier parmentier
|-damage|p2a: hachier parmentier|49/100
|-supereffective|p2a: hachier parmentier
|-damage|p2a: hachier parmentier|0 fnt
|faint|p2a: hachier parmentier
|-hitcount|p2: hachier parmentier|2
|-damage|p1a: Ambipom|81/100|[from] item: Life Orb
|
|upkeep
|
|t:|1779970016
|switch|p2a: hachier tajournée|Ceruledge, M|100/100
|turn|3
|
|t:|1779970020
|move|p1a: Ambipom|Knock Off|p2a: hachier tajournée
|-supereffective|p2a: hachier tajournée
|-damage|p2a: hachier tajournée|22/100
|-ability|p2a: hachier tajournée|Weak Armor|boost
|-unboost|p2a: hachier tajournée|def|1
|-boost|p2a: hachier tajournée|spe|2
|-enditem|p2a: hachier tajournée|Heavy-Duty Boots|[from] move: Knock Off|[of] p1a: Ambipom
|-damage|p1a: Ambipom|71/100|[from] item: Life Orb
|move|p2a: hachier tajournée|Swords Dance|p2a: hachier tajournée
|-boost|p2a: hachier tajournée|atk|2
|
|upkeep
|turn|4
|
|t:|1779970033
|switch|p1a: Arcanine|Arcanine, M|100/100
|-damage|p1a: Arcanine|75/100|[from] Stealth Rock
|-ability|p1a: Arcanine|Intimidate|boost
|-unboost|p2a: hachier tajournée|atk|1
|move|p2a: hachier tajournée|Close Combat|p1a: Arcanine
|-damage|p1a: Arcanine|33/100
|-unboost|p2a: hachier tajournée|def|1
|-unboost|p2a: hachier tajournée|spd|1
|-damage|p2a: hachier tajournée|5/100|[from] item: Rocky Helmet|[of] p1a: Arcanine
|
|upkeep
|turn|5
|
|t:|1779970047
|move|p2a: hachier tajournée|Close Combat|p1a: Arcanine
|-damage|p1a: Arcanine|0 fnt
|-unboost|p2a: hachier tajournée|def|1
|-unboost|p2a: hachier tajournée|spd|1
|-damage|p2a: hachier tajournée|0 fnt|[from] item: Rocky Helmet|[of] p1a: Arcanine
|faint|p1a: Arcanine
|faint|p2a: hachier tajournée
|
|upkeep
|
|t:|1779970072
|switch|p2a: hachier cecombat|Kingambit, M|100/100
|switch|p1a: Hatterene|Hatterene, F|100/100
|-activate|p2a: hachier cecombat|ability: Supreme Overlord
|-start|p2a: hachier cecombat|fallen2|[silent]
|-damage|p1a: Hatterene|88/100|[from] Stealth Rock
|turn|6
|inactive|Battle timer is ON: inactive players will automatically lose when time's up. (requested by OMJIJ)
|
|t:|1779970091
|move|p2a: hachier cecombat|Iron Head|p1a: Hatterene
|-supereffective|p1a: Hatterene
|-damage|p1a: Hatterene|0 fnt
|faint|p1a: Hatterene
|
|upkeep
|
|t:|1779970097
|switch|p1a: Lilligant|Lilligant-Hisui, F, shiny|100/100
|-damage|p1a: Lilligant|94/100|[from] Stealth Rock
|turn|7
|
|t:|1779970106
|-end|p2a: hachier cecombat|fallen2|[silent]
|switch|p2a: hachier toutcourt|Iron Valiant|100/100
|move|p1a: Lilligant|Ice Spinner|p2a: hachier toutcourt
|-damage|p2a: hachier toutcourt|53/100
|
|upkeep
|turn|8
|
|t:|1779970120
|switch|p1a: Goodra|Goodra, F|100/100
|-damage|p1a: Goodra|88/100|[from] Stealth Rock
|move|p2a: hachier toutcourt|Moonblast|p1a: Goodra
|-supereffective|p1a: Goodra
|-damage|p1a: Goodra|31/100
|-unboost|p1a: Goodra|spa|1
|
|upkeep
|turn|9
|
|t:|1779970129
|move|p2a: hachier toutcourt|Moonblast|p1a: Goodra
|-supereffective|p1a: Goodra
|-damage|p1a: Goodra|0 fnt
|faint|p1a: Goodra
|
|upkeep
|
|t:|1779970138
|switch|p1a: Frosmoth|Frosmoth, M|100/100
|-damage|p1a: Frosmoth|50/100|[from] Stealth Rock
|turn|10
|
|t:|1779970145
|move|p2a: hachier toutcourt|Moonblast|p1a: Frosmoth
|-damage|p1a: Frosmoth|7/100
|move|p1a: Frosmoth|Ice Beam|p2a: hachier toutcourt
|-damage|p2a: hachier toutcourt|0 fnt
|faint|p2a: hachier toutcourt
|-end|p2a: hachier toutcourt|Quark Drive|[silent]
|
|upkeep
|
|t:|1779970155
|switch|p2a: hachier cecombat|Kingambit, M|100/100
|-activate|p2a: hachier cecombat|ability: Supreme Overlord
|-start|p2a: hachier cecombat|fallen3|[silent]
|turn|11
|
|t:|1779970161
|move|p2a: hachier cecombat|Sucker Punch|p1a: Frosmoth
|-damage|p1a: Frosmoth|0 fnt
|faint|p1a: Frosmoth
|
|upkeep
|
|t:|1779970186
|switch|p1a: Ambipom|Ambipom, F, shiny|71/100
|-damage|p1a: Ambipom|58/100|[from] Stealth Rock
|turn|12
|
|t:|1779970198
|move|p1a: Ambipom|Fake Out|p2a: hachier cecombat
|-resisted|p2a: hachier cecombat
|-damage|p2a: hachier cecombat|89/100
|-damage|p1a: Ambipom|48/100|[from] item: Life Orb
|cant|p2a: hachier cecombat|flinch
|
|upkeep
|turn|13
|
|t:|1779970207
|move|p1a: Ambipom|Low Kick|p2a: hachier cecombat
|-supereffective|p2a: hachier cecombat
|-damage|p2a: hachier cecombat|0 fnt
|faint|p2a: hachier cecombat
|-end|p2a: hachier cecombat|fallen3|[silent]
|-damage|p1a: Ambipom|39/100|[from] item: Life Orb
|
|upkeep
|
|t:|1779970217
|switch|p2a: hacier parterre|Zapdos|100/100
|-ability|p2a: hacier parterre|Pressure
|turn|14
|
|t:|1779970224
|move|p1a: Ambipom|Triple Axel|p2a: hacier parterre|[miss]
|-miss|p1a: Ambipom|p2a: hacier parterre
|move|p2a: hacier parterre|Discharge|p1a: Ambipom
|-damage|p1a: Ambipom|0 fnt
|faint|p1a: Ambipom
|
|upkeep
|
|t:|1779970231
|switch|p1a: Lilligant|Lilligant-Hisui, F, shiny|94/100
|-damage|p1a: Lilligant|88/100|[from] Stealth Rock
|turn|15
|
|t:|1779970237
|-terastallize|p1a: Lilligant|Fighting
|move|p1a: Lilligant|Ice Spinner|p2a: hacier parterre
|-supereffective|p2a: hacier parterre
|-damage|p2a: hacier parterre|30/100
|move|p2a: hacier parterre|Hurricane|p1a: Lilligant
|-supereffective|p1a: Lilligant
|-damage|p1a: Lilligant|0 fnt
|faint|p1a: Lilligant
|
|win|OMJIJ
|raw|rainy day 00's rating: 1231 &rarr; <strong>1204</strong><br />(-27 for losing)
|raw|OMJIJ's rating: 1205 &rarr; <strong>1232</strong><br />(+27 for winning)
|l|☆OMJIJ
|player|p2|
|l|☆rainy day 00
|player|p1|
