|j|☆Draconic Echo
|j|☆thiccdug
|t:|1779871501
|gametype|singles
|player|p1|Draconic Echo|gladion|1416
|player|p2|thiccdug|1|1456
|gen|9
|tier|[Gen 9] OU
|rated|
|rule|HP Percentage Mod: HP is shown in percentages
|rule|Endless Battle Clause: Forcing endless battles is banned
|rule|Species Clause: Limit one of each Pokémon
|rule|OHKO Clause: OHKO moves are banned
|rule|Evasion Items Clause: Evasion items are banned
|rule|Evasion Moves Clause: Evasion moves are banned
|rule|Evasion Abilities Clause: Evasion abilities are banned
|rule|Sleep Moves Clause: Sleep-inducing moves are banned
|clearpoke
|poke|p1|Great Tusk|
|poke|p1|Vaporeon, M|
|poke|p1|Corviknight, M|
|poke|p1|Samurott-Hisui, M|
|poke|p1|Hatterene, F|
|poke|p1|Jolteon, M|
|poke|p2|Dragonite, M|
|poke|p2|Gholdengo|
|poke|p2|Ting-Lu|
|poke|p2|Gliscor, F|
|poke|p2|Sinistcha-Masterpiece|
|poke|p2|Keldeo-Resolute|
|teampreview
|inactive|Battle timer is ON: inactive players will automatically lose when time's up. (requested by thiccdug)
|
|t:|1779871509
|teamsize|p1|6
|teamsize|p2|6
|start
|switch|p1a: Hi|Great Tusk|100/100
|switch|p2a: Keldeo|Keldeo-Resolute|100/100
|turn|1
|
|t:|1779871513
|-end|p1a: Hi|Protosynthesis|[silent]
|switch|p1a: Meep|Vaporeon, M|100/100
|move|p2a: Keldeo|Surf|p1a: Meep
|-immune|p1a: Meep|[from] ability: Water Absorb
|
|upkeep
|turn|2
|
|t:|1779871518
|switch|p2a: Ting-Lu|Ting-Lu|100/100
|-ability|p2a: Ting-Lu|Vessel of Ruin
|move|p1a: Meep|Scald|p2a: Ting-Lu
|-supereffective|p2a: Ting-Lu
|-damage|p2a: Ting-Lu|68/100
|
|-heal|p2a: Ting-Lu|74/100|[from] item: Leftovers
|upkeep
|turn|3
|
|t:|1779871523
|move|p1a: Meep|Scald|p2a: Ting-Lu
|-supereffective|p2a: Ting-Lu
|-damage|p2a: Ting-Lu|39/100
|move|p2a: Ting-Lu|Ruination|p1a: Meep
|-damage|p1a: Meep|50/100
|
|-heal|p1a: Meep|57/100|[from] item: Leftovers
|-heal|p2a: Ting-Lu|45/100|[from] item: Leftovers
|upkeep
|turn|4
|
|t:|1779871525
|switch|p1a: :)|Hatterene, F|100/100
|move|p2a: Ting-Lu|Stealth Rock|p1a: :)
|move|p1a: :)|Stealth Rock|p2a: Ting-Lu|[from] ability: Magic Bounce
|-sidestart|p2: thiccdug|move: Stealth Rock
|
|-heal|p2a: Ting-Lu|51/100|[from] item: Leftovers
|upkeep
|turn|5
|
|t:|1779871529
|switch|p2a: Gholdengo|Gholdengo|100/100
|-damage|p2a: Gholdengo|95/100|[from] Stealth Rock
|move|p1a: :)|Draining Kiss|p2a: Gholdengo
|-resisted|p2a: Gholdengo
|-damage|p2a: Gholdengo|83/100
|
|upkeep
|turn|6
|
|t:|1779871535
|switch|p1a: >:(|Samurott-Hisui, M|100/100
|move|p2a: Gholdengo|Trick|p1a: >:(
|-activate|p2a: Gholdengo|move: Trick|[of] p1a: >:(
|-item|p1a: >:(|Choice Scarf|[from] move: Trick
|-item|p2a: Gholdengo|Choice Scarf|[from] move: Trick
|
|upkeep
|turn|7
|
|t:|1779871542
|switch|p2a: Keldeo|Keldeo-Resolute|100/100
|move|p1a: >:(|Ceaseless Edge|p2a: Keldeo
|-resisted|p2a: Keldeo
|-damage|p2a: Keldeo|74/100
|-ability|p2a: Keldeo|Justified|boost
|-boost|p2a: Keldeo|atk|1
|-sidestart|p2: thiccdug|Spikes
|
|upkeep
|turn|8
|
|t:|1779871548
|switch|p1a: :)|Hatterene, F|100/100
|move|p2a: Keldeo|Secret Sword|p1a: :)
|-resisted|p1a: :)
|-damage|p1a: :)|91/100
|
|-heal|p1a: :)|97/100|[from] item: Leftovers
|upkeep
|turn|9
|
|t:|1779871558
|switch|p1a: Hi|Great Tusk|100/100
|move|p2a: Keldeo|Flip Turn|p1a: Hi
|-supereffective|p1a: Hi
|-damage|p1a: Hi|71/100
|
|t:|1779871570
|switch|p2a: Gholdengo|Gholdengo|83/100|[from] Flip Turn
|-damage|p2a: Gholdengo|77/100|[from] Stealth Rock
|-damage|p2a: Gholdengo|64/100|[from] Spikes
|
|upkeep
|turn|10
|
|t:|1779871576
|-end|p1a: Hi|Protosynthesis|[silent]
|switch|p1a: :D|Corviknight, M, shiny|100/100
|-ability|p1a: :D|Pressure
|move|p2a: Gholdengo|Make It Rain|p1a: :D
|-resisted|p1a: :D
|-damage|p1a: :D|82/100
|-unboost|p2a: Gholdengo|spa|1
|
|upkeep
|turn|11
|
|t:|1779871584
|switch|p2a: Gliscor|Gliscor, F|100/100
|-damage|p2a: Gliscor|88/100|[from] Stealth Rock
|switch|p1a: Meep|Vaporeon, M|57/100
|
|-heal|p1a: Meep|63/100|[from] item: Leftovers
|-status|p2a: Gliscor|tox|[from] item: Toxic Orb
|upkeep
|turn|12
|
|t:|1779871586
|move|p2a: Gliscor|Toxic|p1a: Meep
|-status|p1a: Meep|tox
|move|p1a: Meep|Ice Beam|p2a: Gliscor
|-supereffective|p2a: Gliscor
|-damage|p2a: Gliscor|16/100 tox
|
|-heal|p1a: Meep|69/100 tox|[from] item: Leftovers
|-heal|p2a: Gliscor|28/100 tox|[from] ability: Poison Heal
|-damage|p1a: Meep|63/100 tox|[from] psn
|upkeep
|turn|13
|
|t:|1779871602
|move|p2a: Gliscor|Protect|p2a: Gliscor
|-singleturn|p2a: Gliscor|Protect
|move|p1a: Meep|Scald|p2a: Gliscor
|-activate|p2a: Gliscor|move: Protect
|
|-heal|p1a: Meep|69/100 tox|[from] item: Leftovers
|-heal|p2a: Gliscor|41/100 tox|[from] ability: Poison Heal
|-damage|p1a: Meep|57/100 tox|[from] psn
|upkeep
|turn|14
|
|t:|1779871610
|switch|p2a: Ting-Lu|Ting-Lu|51/100
|-damage|p2a: Ting-Lu|45/100|[from] Stealth Rock
|-damage|p2a: Ting-Lu|32/100|[from] Spikes
|-ability|p2a: Ting-Lu|Vessel of Ruin
|move|p1a: Meep|Ice Beam|p2a: Ting-Lu
|-supereffective|p2a: Ting-Lu
|-damage|p2a: Ting-Lu|10/100
|
|-heal|p1a: Meep|63/100 tox|[from] item: Leftovers
|-heal|p2a: Ting-Lu|16/100|[from] item: Leftovers
|-damage|p1a: Meep|44/100 tox|[from] psn
|upkeep
|turn|15
|
|t:|1779871615
|switch|p1a: :)|Hatterene, F|97/100
|move|p2a: Ting-Lu|Stealth Rock|p1a: :)
|move|p1a: :)|Stealth Rock||[from] ability: Magic Bounce|[still]
|-fail|p1a: :)
|
|-heal|p2a: Ting-Lu|22/100|[from] item: Leftovers
|-heal|p1a: :)|100/100|[from] item: Leftovers
|upkeep
|turn|16
|
|t:|1779871621
|move|p2a: Ting-Lu|Ruination|p1a: :)
|-damage|p1a: :)|51/100
|move|p1a: :)|Mystical Fire|p2a: Ting-Lu
|-crit|p2a: Ting-Lu
|-damage|p2a: Ting-Lu|3/100
|-unboost|p2a: Ting-Lu|spa|1
|
|-heal|p2a: Ting-Lu|9/100|[from] item: Leftovers
|-heal|p1a: :)|57/100|[from] item: Leftovers
|upkeep
|turn|17
|
|t:|1779871627
|move|p2a: Ting-Lu|Ruination|p1a: :)
|-damage|p1a: :)|29/100
|move|p1a: :)|Draining Kiss|p2a: Ting-Lu
|-supereffective|p2a: Ting-Lu
|-damage|p2a: Ting-Lu|0 fnt
|-heal|p1a: :)|39/100|[from] drain|[of] p2a: Ting-Lu
|faint|p2a: Ting-Lu
|
|-heal|p1a: :)|45/100|[from] item: Leftovers
|upkeep
|
|t:|1779871631
|switch|p2a: Gholdengo|Gholdengo|64/100
|-damage|p2a: Gholdengo|58/100|[from] Stealth Rock
|-damage|p2a: Gholdengo|46/100|[from] Spikes
|turn|18
|
|t:|1779871637
|switch|p1a: >:(|Samurott-Hisui, M|100/100
|move|p2a: Gholdengo|Recover|p2a: Gholdengo
|-heal|p2a: Gholdengo|96/100
|
|upkeep
|turn|19
|
|t:|1779871644
|switch|p2a: Keldeo|Keldeo-Resolute|74/100
|move|p1a: >:(|Aqua Cutter|p2a: Keldeo
|-resisted|p2a: Keldeo
|-damage|p2a: Keldeo|45/100
|
|upkeep
|turn|20
|
|t:|1779871650
|switch|p1a: :D|Corviknight, M, shiny|82/100
|-ability|p1a: :D|Pressure
|move|p2a: Keldeo|Surf|p1a: :D
|-damage|p1a: :D|47/100
|
|upkeep
|turn|21
|
|t:|1779871655
|move|p2a: Keldeo|Surf|p1a: :D
|-damage|p1a: :D|17/100
|move|p1a: :D|Roost|p1a: :D
|-heal|p1a: :D|67/100
|-singleturn|p1a: :D|move: Roost
|
|upkeep
|turn|22
|
|t:|1779871658
|move|p2a: Keldeo|Surf|p1a: :D
|-damage|p1a: :D|35/100
|move|p1a: :D|Roost|p1a: :D
|-heal|p1a: :D|85/100
|-singleturn|p1a: :D|move: Roost
|
|upkeep
|turn|23
|
|t:|1779871661
|move|p2a: Keldeo|Surf|p1a: :D
|-damage|p1a: :D|54/100
|move|p1a: :D|Brave Bird|p2a: Keldeo
|-supereffective|p2a: Keldeo
|-damage|p2a: Keldeo|0 fnt
|faint|p2a: Keldeo
|-damage|p1a: :D|42/100|[from] Recoil
|
|upkeep
|-message|thiccdug forfeited.
|
|win|Draconic Echo
|raw|Draconic Echo's rating: 1416 &rarr; <strong>1438</strong><br />(+22 for winning)
|raw|thiccdug's rating: 1456 &rarr; <strong>1434</strong><br />(-22 for losing)
|l|☆thiccdug
|player|p2|
|l|☆Draconic Echo
|player|p1|
