|j|☆lowser
|j|☆RinRinOwO
|t:|1779922220
|gametype|singles
|player|p1|lowser|1|1080
|player|p2|RinRinOwO|iris|1075
|gen|9
|tier|[Gen 9] OU
|rated|
|rule|HP Percentage Mod: HP is shown in percentages
|rule|Endless Battle Clause: Forcing endless battles is banned
|rule|Species Clause: Limit one of each Pokémon
|rule|OHKO Clause: OHKO moves are banned
|rule|Evasion Items Clause: Evasion items are banned
|rule|Evasion Moves Clause: Evasion moves are banned
|rule|Evasion Abilities Clause: Evasion abilities are banned
|rule|Sleep Moves Clause: Sleep-inducing moves are banned
|clearpoke
|poke|p1|Corviknight, F|
|poke|p1|Walking Wake|
|poke|p1|Mimikyu, M|
|poke|p1|Gliscor, F|
|poke|p1|Kingambit, F|
|poke|p1|Cinderace, F|
|poke|p2|Gholdengo|
|poke|p2|Iron Treads|
|poke|p2|Moltres|
|poke|p2|Zamazenta-*|
|poke|p2|Samurott-Hisui, F|
|poke|p2|Garganacl, M|
|teampreview
|
|t:|1779922227
|teamsize|p1|6
|teamsize|p2|6
|start
|switch|p1a: Gliscor|Gliscor, F|100/100
|switch|p2a: Garganacl|Garganacl, M|100/100
|turn|1
|
|t:|1779922248
|move|p1a: Gliscor|Stealth Rock|p2a: Garganacl
|-sidestart|p2: RinRinOwO|move: Stealth Rock
|move|p2a: Garganacl|Salt Cure|p1a: Gliscor
|-damage|p1a: Gliscor|89/100
|-start|p1a: Gliscor|Salt Cure
|
|-damage|p1a: Gliscor|76/100|[from] Salt Cure
|-status|p1a: Gliscor|tox|[from] item: Toxic Orb
|upkeep
|turn|2
|
|t:|1779922260
|move|p1a: Gliscor|Knock Off|p2a: Garganacl
|-crit|p2a: Garganacl
|-damage|p2a: Garganacl|77/100
|-enditem|p2a: Garganacl|Leftovers|[from] move: Knock Off|[of] p1a: Gliscor
|move|p2a: Garganacl|Ice Punch|p1a: Gliscor
|-supereffective|p1a: Gliscor
|-damage|p1a: Gliscor|25/100 tox
|
|-heal|p1a: Gliscor|38/100 tox|[from] ability: Poison Heal
|-damage|p1a: Gliscor|25/100 tox|[from] Salt Cure
|upkeep
|turn|3
|
|t:|1779922270
|move|p1a: Gliscor|U-turn|p2a: Garganacl
|-damage|p2a: Garganacl|67/100
|
|t:|1779922274
|switch|p1a: Corviknight|Corviknight, F|100/100|[from] U-turn
|-ability|p1a: Corviknight|Pressure
|move|p2a: Garganacl|Ice Punch|p1a: Corviknight
|-damage|p1a: Corviknight|90/100
|-damage|p2a: Garganacl|50/100|[from] item: Rocky Helmet|[of] p1a: Corviknight
|
|upkeep
|turn|4
|
|t:|1779922287
|switch|p2a: Moltres|Moltres|100/100
|move|p1a: Corviknight|Tailwind|p1a: Corviknight
|-sidestart|p1: lowser|move: Tailwind
|
|upkeep
|turn|5
|
|t:|1779922294
|move|p1a: Corviknight|U-turn|p2a: Moltres
|-resisted|p2a: Moltres
|-damage|p2a: Moltres|98/100
|
|t:|1779922299
|switch|p1a: Walking Wake|Walking Wake|100/100|[from] U-turn
|move|p2a: Moltres|Flamethrower|p1a: Walking Wake
|-resisted|p1a: Walking Wake
|-damage|p1a: Walking Wake|89/100
|
|upkeep
|turn|6
|
|t:|1779922319
|switch|p2a: Samurott|Samurott-Hisui, F|100/100
|-damage|p2a: Samurott|88/100|[from] Stealth Rock
|move|p1a: Walking Wake|Hydro Steam|p2a: Samurott
|-resisted|p2a: Samurott
|-damage|p2a: Samurott|44/100
|
|upkeep
|turn|7
|
|t:|1779922329
|move|p1a: Walking Wake|Hydro Steam|p2a: Samurott
|-resisted|p2a: Samurott
|-damage|p2a: Samurott|0 fnt
|faint|p2a: Samurott
|
|-sideend|p1: lowser|move: Tailwind
|upkeep
|
|t:|1779922335
|switch|p2a: Garganacl|Garganacl, M|50/100
|-damage|p2a: Garganacl|38/100|[from] Stealth Rock
|turn|8
|
|t:|1779922341
|-end|p1a: Walking Wake|Protosynthesis|[silent]
|switch|p1a: Corviknight|Corviknight, F|90/100
|-ability|p1a: Corviknight|Pressure
|move|p2a: Garganacl|Recover|p2a: Garganacl
|-heal|p2a: Garganacl|88/100
|
|upkeep
|turn|9
|
|t:|1779922348
|move|p1a: Corviknight|Tailwind|p1a: Corviknight
|-sidestart|p1: lowser|move: Tailwind
|move|p2a: Garganacl|Salt Cure|p1a: Corviknight
|-damage|p1a: Corviknight|81/100
|-start|p1a: Corviknight|Salt Cure
|
|-damage|p1a: Corviknight|57/100|[from] Salt Cure
|upkeep
|turn|10
|
|t:|1779922357
|move|p1a: Corviknight|U-turn|p2a: Garganacl
|-damage|p2a: Garganacl|78/100
|
|t:|1779922368
|switch|p1a: Walking Wake|Walking Wake|89/100|[from] U-turn
|move|p2a: Garganacl|Recover|p2a: Garganacl
|-heal|p2a: Garganacl|100/100
|
|upkeep
|turn|11
|
|t:|1779922377
|move|p1a: Walking Wake|Hydro Steam|p2a: Garganacl
|-supereffective|p2a: Garganacl
|-damage|p2a: Garganacl|18/100
|move|p2a: Garganacl|Salt Cure|p1a: Walking Wake
|-crit|p1a: Walking Wake
|-damage|p1a: Walking Wake|67/100
|-start|p1a: Walking Wake|Salt Cure
|
|-damage|p1a: Walking Wake|42/100|[from] Salt Cure
|upkeep
|turn|12
|
|t:|1779922385
|switch|p2a: Gholdengo|Gholdengo|100/100
|-damage|p2a: Gholdengo|94/100|[from] Stealth Rock
|-item|p2a: Gholdengo|Air Balloon
|move|p1a: Walking Wake|Hydro Steam|p2a: Gholdengo
|-damage|p2a: Gholdengo|28/100
|-enditem|p2a: Gholdengo|Air Balloon
|
|-damage|p1a: Walking Wake|17/100|[from] Salt Cure
|-sideend|p1: lowser|move: Tailwind
|upkeep
|turn|13
|
|t:|1779922399
|move|p1a: Walking Wake|Hydro Steam|p2a: Gholdengo
|-damage|p2a: Gholdengo|0 fnt
|faint|p2a: Gholdengo
|
|-damage|p1a: Walking Wake|0 fnt|[from] Salt Cure
|faint|p1a: Walking Wake
|-end|p1a: Walking Wake|Protosynthesis|[silent]
|upkeep
|
|t:|1779922421
|switch|p1a: Corviknight|Corviknight, F|57/100
|switch|p2a: Iron Treads|Iron Treads|100/100
|-damage|p2a: Iron Treads|98/100|[from] Stealth Rock
|-ability|p1a: Corviknight|Pressure
|turn|14
|
|t:|1779922431
|move|p2a: Iron Treads|Stealth Rock|p1a: Corviknight
|-sidestart|p1: lowser|move: Stealth Rock
|move|p1a: Corviknight|Tailwind|p1a: Corviknight
|-sidestart|p1: lowser|move: Tailwind
|
|upkeep
|turn|15
|
|t:|1779922436
|move|p1a: Corviknight|Defog|p2a: Iron Treads
|-fail|p2a: Iron Treads|unboost|[from] item: Clear Amulet|[of] p2a: Iron Treads
|-sideend|p2: RinRinOwO|Stealth Rock|[from] move: Defog|[of] p1a: Corviknight
|-sideend|p1: lowser|Stealth Rock|[from] move: Defog|[of] p1a: Corviknight
|move|p2a: Iron Treads|Knock Off|p1a: Corviknight
|-damage|p1a: Corviknight|40/100
|-damage|p2a: Iron Treads|81/100|[from] item: Rocky Helmet|[of] p1a: Corviknight
|-enditem|p1a: Corviknight|Rocky Helmet|[from] move: Knock Off|[of] p2a: Iron Treads
|
|upkeep
|turn|16
|
|t:|1779922445
|move|p1a: Corviknight|U-turn|p2a: Iron Treads
|-resisted|p2a: Iron Treads
|-damage|p2a: Iron Treads|75/100
|
|t:|1779922453
|switch|p1a: Kingambit|Kingambit, F|100/100|[from] U-turn
|-activate|p1a: Kingambit|ability: Supreme Overlord
|-start|p1a: Kingambit|fallen1|[silent]
|move|p2a: Iron Treads|Knock Off|p1a: Kingambit
|-resisted|p1a: Kingambit
|-damage|p1a: Kingambit|91/100
|-enditem|p1a: Kingambit|Black Glasses|[from] move: Knock Off|[of] p2a: Iron Treads
|
|upkeep
|turn|17
|
|t:|1779922467
|-end|p2a: Iron Treads|Quark Drive|[silent]
|switch|p2a: Zamazenta|Zamazenta|100/100
|-ability|p2a: Zamazenta|Dauntless Shield|boost
|-boost|p2a: Zamazenta|def|1
|move|p1a: Kingambit|Kowtow Cleave|p2a: Zamazenta
|-resisted|p2a: Zamazenta
|-damage|p2a: Zamazenta|84/100
|
|-sideend|p1: lowser|move: Tailwind
|upkeep
|turn|18
|
|t:|1779922479
|-end|p1a: Kingambit|fallen1|[silent]
|switch|p1a: Gliscor|Gliscor, F|25/100 tox
|move|p2a: Zamazenta|Close Combat|p1a: Gliscor
|-resisted|p1a: Gliscor
|-damage|p1a: Gliscor|4/100 tox
|-unboost|p2a: Zamazenta|def|1
|-unboost|p2a: Zamazenta|spd|1
|
|-heal|p1a: Gliscor|17/100 tox|[from] ability: Poison Heal
|upkeep
|turn|19
|
|t:|1779922489
|switch|p2a: Moltres|Moltres|98/100
|move|p1a: Gliscor|Protect||[still]
|-fail|p1a: Gliscor
|
|-heal|p1a: Gliscor|29/100 tox|[from] ability: Poison Heal
|upkeep
|turn|20
|
|t:|1779922497
|move|p1a: Gliscor|Protect|p1a: Gliscor
|-singleturn|p1a: Gliscor|Protect
|move|p2a: Moltres|U-turn|p1a: Gliscor
|-activate|p1a: Gliscor|move: Protect
|
|-heal|p1a: Gliscor|41/100 tox|[from] ability: Poison Heal
|upkeep
|turn|21
|
|t:|1779922506
|move|p1a: Gliscor|U-turn|p2a: Moltres
|-resisted|p2a: Moltres
|-damage|p2a: Moltres|96/100
|
|t:|1779922512
|switch|p1a: Corviknight|Corviknight, F|40/100|[from] U-turn
|-ability|p1a: Corviknight|Pressure
|move|p2a: Moltres|Roar|p1a: Corviknight
|drag|p1a: Gliscor|Gliscor, F|41/100 tox
|
|-heal|p1a: Gliscor|54/100 tox|[from] ability: Poison Heal
|upkeep
|turn|22
|
|t:|1779922524
|move|p1a: Gliscor|Knock Off|p2a: Moltres
|-damage|p2a: Moltres|81/100
|-enditem|p2a: Moltres|Heavy-Duty Boots|[from] move: Knock Off|[of] p1a: Gliscor
|move|p2a: Moltres|U-turn|p1a: Gliscor
|-resisted|p1a: Gliscor
|-damage|p1a: Gliscor|48/100 tox
|
|t:|1779922529
|switch|p2a: Iron Treads|Iron Treads|75/100|[from] U-turn
|
|-heal|p1a: Gliscor|60/100 tox|[from] ability: Poison Heal
|upkeep
|turn|23
|
|t:|1779922536
|move|p1a: Gliscor|Protect|p1a: Gliscor
|-singleturn|p1a: Gliscor|Protect
|move|p2a: Iron Treads|Knock Off|p1a: Gliscor
|-activate|p1a: Gliscor|move: Protect
|
|-heal|p1a: Gliscor|73/100 tox|[from] ability: Poison Heal
|upkeep
|turn|24
|
|t:|1779922554
|move|p2a: Iron Treads|Stealth Rock|p1a: Gliscor
|-sidestart|p1: lowser|move: Stealth Rock
|move|p1a: Gliscor|U-turn|p2a: Iron Treads
|-resisted|p2a: Iron Treads
|-damage|p2a: Iron Treads|69/100
|
|t:|1779922560
|switch|p1a: Cinderace|Cinderace, F|100/100|[from] U-turn
|
|upkeep
|turn|25
|
|t:|1779922574
|move|p1a: Cinderace|Pyro Ball|p2a: Iron Treads
|-supereffective|p2a: Iron Treads
|-damage|p2a: Iron Treads|0 fnt
|faint|p2a: Iron Treads
|-end|p2a: Iron Treads|Quark Drive|[silent]
|
|upkeep
|
|t:|1779922577
|switch|p2a: Garganacl|Garganacl, M|18/100
|turn|26
|
|t:|1779922581
|move|p1a: Cinderace|U-turn|p2a: Garganacl
|-start|p1a: Cinderace|typechange|Bug|[from] ability: Libero
|-damage|p2a: Garganacl|0 fnt
|faint|p2a: Garganacl
|
|t:|1779922588
|switch|p1a: Corviknight|Corviknight, F|40/100|[from] U-turn
|-damage|p1a: Corviknight|28/100|[from] Stealth Rock
|-ability|p1a: Corviknight|Pressure
|
|upkeep
|
|t:|1779922591
|switch|p2a: Moltres|Moltres|81/100
|turn|27
|
|t:|1779922596
|move|p2a: Moltres|Flamethrower|p1a: Corviknight
|-supereffective|p1a: Corviknight
|-crit|p1a: Corviknight
|-damage|p1a: Corviknight|0 fnt
|faint|p1a: Corviknight
|
|upkeep
|
|t:|1779922610
|switch|p1a: Cinderace|Cinderace, F|100/100
|turn|28
|
|t:|1779922618
|switch|p2a: Zamazenta|Zamazenta|84/100
|move|p1a: Cinderace|Pyro Ball|p2a: Zamazenta
|-damage|p2a: Zamazenta|29/100
|
|upkeep
|turn|29
|
|t:|1779922626
|move|p2a: Zamazenta|Stone Edge|p1a: Cinderace|[miss]
|-miss|p2a: Zamazenta|p1a: Cinderace
|move|p1a: Cinderace|Pyro Ball|p2a: Zamazenta
|-damage|p2a: Zamazenta|0 fnt
|faint|p2a: Zamazenta
|
|upkeep
|
|t:|1779922630
|switch|p2a: Moltres|Moltres|81/100
|turn|30
|
|t:|1779922634
|move|p1a: Cinderace|Pyro Ball|p2a: Moltres
|-resisted|p2a: Moltres
|-damage|p2a: Moltres|62/100
|move|p2a: Moltres|Flamethrower|p1a: Cinderace
|-resisted|p1a: Cinderace
|-damage|p1a: Cinderace|75/100
|
|upkeep
|turn|31
|
|t:|1779922649
|move|p1a: Cinderace|Court Change|p1a: Cinderace
|-start|p1a: Cinderace|typechange|Normal|[from] ability: Libero
|-swapsideconditions
|-activate|p1a: Cinderace|move: Court Change
|move|p2a: Moltres|Roar|p1a: Cinderace
|drag|p1a: Mimikyu|Mimikyu, M|100/100
|
|upkeep
|turn|32
|
|t:|1779922659
|move|p1a: Mimikyu|Swords Dance|p1a: Mimikyu
|-boost|p1a: Mimikyu|atk|2
|move|p2a: Moltres|Flamethrower|p1a: Mimikyu
|-activate|p1a: Mimikyu|ability: Disguise
|-damage|p1a: Mimikyu|100/100
|detailschange|p1a: Mimikyu|Mimikyu-Busted, M
|-damage|p1a: Mimikyu|88/100|[from] pokemon: Mimikyu-Busted
|
|upkeep
|turn|33
|
|t:|1779922669
|move|p1a: Mimikyu|Play Rough|p2a: Moltres|[miss]
|-miss|p1a: Mimikyu|p2a: Moltres
|move|p2a: Moltres|Roar|p1a: Mimikyu
|drag|p1a: Kingambit|Kingambit, F|91/100
|-activate|p1a: Kingambit|ability: Supreme Overlord
|-start|p1a: Kingambit|fallen2|[silent]
|
|upkeep
|turn|34
|
|t:|1779922681
|move|p1a: Kingambit|Sucker Punch|p2a: Moltres
|-damage|p2a: Moltres|27/100
|-status|p1a: Kingambit|brn|[from] ability: Flame Body|[of] p2a: Moltres
|move|p2a: Moltres|Flamethrower|p1a: Kingambit
|-supereffective|p1a: Kingambit
|-damage|p1a: Kingambit|21/100 brn
|
|-damage|p1a: Kingambit|14/100 brn|[from] brn
|upkeep
|turn|35
|
|t:|1779922690
|move|p1a: Kingambit|Sucker Punch||[still]
|-fail|p1a: Kingambit
|move|p2a: Moltres|Roost|p2a: Moltres
|-heal|p2a: Moltres|77/100
|-singleturn|p2a: Moltres|move: Roost
|
|-damage|p1a: Kingambit|8/100 brn|[from] brn
|upkeep
|turn|36
|
|t:|1779922699
|move|p1a: Kingambit|Sucker Punch|p2a: Moltres
|-damage|p2a: Moltres|62/100
|move|p2a: Moltres|Flamethrower|p1a: Kingambit
|-supereffective|p1a: Kingambit
|-damage|p1a: Kingambit|0 fnt
|faint|p1a: Kingambit
|-end|p1a: Kingambit|fallen2|[silent]
|
|upkeep
|
|t:|1779922715
|switch|p1a: Mimikyu|Mimikyu-Busted, M|88/100
|turn|37
|
|t:|1779922722
|move|p1a: Mimikyu|Shadow Claw|p2a: Moltres
|-damage|p2a: Moltres|35/100
|-damage|p1a: Mimikyu|78/100|[from] item: Life Orb
|move|p2a: Moltres|Flamethrower|p1a: Mimikyu
|-damage|p1a: Mimikyu|31/100
|
|upkeep
|turn|38
|
|t:|1779922730
|move|p1a: Mimikyu|Shadow Claw|p2a: Moltres
|-damage|p2a: Moltres|11/100
|-status|p1a: Mimikyu|brn|[from] ability: Flame Body|[of] p2a: Moltres
|-damage|p1a: Mimikyu|21/100 brn|[from] item: Life Orb
|move|p2a: Moltres|Roost|p2a: Moltres
|-heal|p2a: Moltres|62/100
|-singleturn|p2a: Moltres|move: Roost
|
|-damage|p1a: Mimikyu|15/100 brn|[from] brn
|upkeep
|turn|39
|
|t:|1779922741
|move|p1a: Mimikyu|Shadow Claw|p2a: Moltres
|-damage|p2a: Moltres|49/100
|-damage|p1a: Mimikyu|5/100 brn|[from] item: Life Orb
|move|p2a: Moltres|Roost|p2a: Moltres
|-heal|p2a: Moltres|99/100
|-singleturn|p2a: Moltres|move: Roost
|
|-damage|p1a: Mimikyu|0 fnt|[from] brn
|faint|p1a: Mimikyu
|upkeep
|
|t:|1779922753
|switch|p1a: Gliscor|Gliscor, F|73/100 tox
|turn|40
|
|t:|1779922759
|move|p1a: Gliscor|Knock Off|p2a: Moltres
|-damage|p2a: Moltres|90/100
|move|p2a: Moltres|Flamethrower|p1a: Gliscor
|-crit|p1a: Gliscor
|-damage|p1a: Gliscor|29/100 tox
|
|-heal|p1a: Gliscor|41/100 tox|[from] ability: Poison Heal
|upkeep
|turn|41
|
|t:|1779922774
|-terastallize|p1a: Gliscor|Ground
|move|p1a: Gliscor|Knock Off|p2a: Moltres
|-damage|p2a: Moltres|80/100
|move|p2a: Moltres|Flamethrower|p1a: Gliscor
|-damage|p1a: Gliscor|9/100 tox
|
|-heal|p1a: Gliscor|21/100 tox|[from] ability: Poison Heal
|upkeep
|turn|42
|
|t:|1779922783
|move|p1a: Gliscor|Protect|p1a: Gliscor
|-singleturn|p1a: Gliscor|Protect
|move|p2a: Moltres|Roost|p2a: Moltres
|-heal|p2a: Moltres|100/100
|-singleturn|p2a: Moltres|move: Roost
|
|-heal|p1a: Gliscor|34/100 tox|[from] ability: Poison Heal
|upkeep
|turn|43
|
|t:|1779922792
|move|p1a: Gliscor|Knock Off|p2a: Moltres
|-damage|p2a: Moltres|91/100
|move|p2a: Moltres|U-turn|p1a: Gliscor
|-damage|p1a: Gliscor|21/100 tox
|
|-heal|p1a: Gliscor|34/100 tox|[from] ability: Poison Heal
|upkeep
|turn|44
|
|t:|1779922800
|move|p1a: Gliscor|Protect|p1a: Gliscor
|-singleturn|p1a: Gliscor|Protect
|move|p2a: Moltres|Flamethrower|p1a: Gliscor
|-activate|p1a: Gliscor|move: Protect
|
|-heal|p1a: Gliscor|46/100 tox|[from] ability: Poison Heal
|upkeep
|turn|45
|
|t:|1779922812
|move|p1a: Gliscor|U-turn|p2a: Moltres
|-resisted|p2a: Moltres
|-damage|p2a: Moltres|89/100
|
|t:|1779922815
|switch|p1a: Cinderace|Cinderace, F|75/100|[from] U-turn
|move|p2a: Moltres|Roost|p2a: Moltres
|-heal|p2a: Moltres|100/100
|-singleturn|p2a: Moltres|move: Roost
|
|upkeep
|turn|46
|
|t:|1779922829
|move|p1a: Cinderace|Court Change|p1a: Cinderace
|-start|p1a: Cinderace|typechange|Normal|[from] ability: Libero
|-swapsideconditions
|-activate|p1a: Cinderace|move: Court Change
|move|p2a: Moltres|Flamethrower|p1a: Cinderace
|-damage|p1a: Cinderace|24/100
|
|upkeep
|turn|47
|
|t:|1779922835
|move|p1a: Cinderace|Pyro Ball|p2a: Moltres
|-resisted|p2a: Moltres
|-damage|p2a: Moltres|87/100
|move|p2a: Moltres|Flamethrower|p1a: Cinderace
|-damage|p1a: Cinderace|0 fnt
|faint|p1a: Cinderace
|
|upkeep
|-message|lowser forfeited.
|
|win|RinRinOwO
|raw|lowser's rating: 1080 &rarr; <strong>1058</strong><br />(-22 for losing)
|raw|RinRinOwO's rating: 1075 &rarr; <strong>1104</strong><br />(+29 for winning)
|l|☆lowser
|player|p1|
