|j|☆TechBuster
|j|☆azureflatlands
|t:|1779818124
|gametype|singles
|player|p1|TechBuster|265|1563
|player|p2|azureflatlands|preschoolerf|1607
|gen|9
|tier|[Gen 9] OU
|rated|
|rule|HP Percentage Mod: HP is shown in percentages
|rule|Endless Battle Clause: Forcing endless battles is banned
|rule|Species Clause: Limit one of each Pokémon
|rule|OHKO Clause: OHKO moves are banned
|rule|Evasion Items Clause: Evasion items are banned
|rule|Evasion Moves Clause: Evasion moves are banned
|rule|Evasion Abilities Clause: Evasion abilities are banned
|rule|Sleep Moves Clause: Sleep-inducing moves are banned
|clearpoke
|poke|p1|Regieleki|
|poke|p1|Slowking-Galar, M|
|poke|p1|Zapdos|
|poke|p1|Ogerpon-Wellspring, F|
|poke|p1|Kingambit, F|
|poke|p1|Garchomp, F|
|poke|p2|Clodsire, F|
|poke|p2|Pecharunt|
|poke|p2|Talonflame, M|
|poke|p2|Weezing-Galar, F|
|poke|p2|Gliscor, F|
|poke|p2|Blissey, F|
|teampreview
|
|t:|1779818147
|teamsize|p1|6
|teamsize|p2|6
|start
|switch|p1a: Ogerpon|Ogerpon-Wellspring, F|100/100
|switch|p2a: Gliscor|Gliscor, F|100/100
|turn|1
|j| descansa meuszoio
|l| descansa meuszoio
|inactive|Battle timer is ON: inactive players will automatically lose when time's up. (requested by azureflatlands)
|
|t:|1779818192
|switch|p2a: Pecharunt|Pecharunt|100/100
|move|p1a: Ogerpon|Ivy Cudgel|p2a: Pecharunt|[anim] Ivy Cudgel Water
|-damage|p2a: Pecharunt|71/100
|
|upkeep
|turn|2
|
|t:|1779818201
|switch|p1a: Slowking|Slowking-Galar, M|100/100
|move|p2a: Pecharunt|Parting Shot|p1a: Slowking
|-unboost|p1a: Slowking|atk|1
|-unboost|p1a: Slowking|spa|1
|
|t:|1779818213
|switch|p2a: Blissey|Blissey, F|100/100|[from] Parting Shot
|
|upkeep
|turn|3
|
|t:|1779818224
|move|p2a: Blissey|Stealth Rock|p1a: Slowking
|-sidestart|p1: TechBuster|move: Stealth Rock
|-prepare|p1a: Slowking|Chilly Reception|[premajor]
|move|p1a: Slowking|Chilly Reception|p1a: Slowking
|-weather|Snowscape
|
|t:|1779818231
|switch|p1a: Kingambit|Kingambit, F|100/100|[from] Chilly Reception
|-damage|p1a: Kingambit|94/100|[from] Stealth Rock
|
|-weather|Snowscape|[upkeep]
|-heal|p1a: Kingambit|100/100|[from] item: Leftovers
|upkeep
|turn|4
|
|t:|1779818237
|switch|p2a: Talonflame|Talonflame, M|100/100
|-end|p1a: Kingambit|fallenundefined|[silent]
|switch|p1a: Electrode Sr.|Regieleki|100/100
|
|-weather|Snowscape|[upkeep]
|upkeep
|turn|5
|
|t:|1779818242
|switch|p2a: Gliscor|Gliscor, F|100/100
|move|p1a: Electrode Sr.|Thunderbolt|p2a: Gliscor
|-immune|p2a: Gliscor
|
|-weather|Snowscape|[upkeep]
|-status|p2a: Gliscor|tox|[from] item: Toxic Orb
|upkeep
|turn|6
|
|t:|1779818258
|switch|p1a: Ogerpon|Ogerpon-Wellspring, F|100/100
|-damage|p1a: Ogerpon|88/100|[from] Stealth Rock
|move|p2a: Gliscor|Knock Off|p1a: Ogerpon
|-damage|p1a: Ogerpon|68/100
|
|-weather|Snowscape|[upkeep]
|upkeep
|turn|7
|
|t:|1779818267
|switch|p2a: Pecharunt|Pecharunt|71/100
|move|p1a: Ogerpon|Ivy Cudgel|p2a: Pecharunt|[anim] Ivy Cudgel Water
|-damage|p2a: Pecharunt|41/100
|
|-weather|none
|upkeep
|turn|8
|
|t:|1779818272
|switch|p1a: Slowking|Slowking-Galar, M|100/100
|-damage|p1a: Slowking|88/100|[from] Stealth Rock
|move|p2a: Pecharunt|Recover|p2a: Pecharunt
|-heal|p2a: Pecharunt|91/100
|
|upkeep
|turn|9
|
|t:|1779818277
|switch|p2a: Blissey|Blissey, F|100/100
|-prepare|p1a: Slowking|Chilly Reception|[premajor]
|move|p1a: Slowking|Chilly Reception|p1a: Slowking
|-weather|Snowscape
|
|t:|1779818280
|switch|p1a: Electrode Sr.|Regieleki|100/100|[from] Chilly Reception
|
|-weather|Snowscape|[upkeep]
|upkeep
|turn|10
|
|t:|1779818289
|switch|p2a: Gliscor|Gliscor, F|100/100 tox
|move|p1a: Electrode Sr.|Rapid Spin|p2a: Gliscor
|-damage|p2a: Gliscor|93/100 tox
|-boost|p1a: Electrode Sr.|spe|1
|-sideend|p1: TechBuster|Stealth Rock|[from] move: Rapid Spin|[of] p1a: Electrode Sr.
|
|-weather|Snowscape|[upkeep]
|-heal|p2a: Gliscor|100/100 tox|[from] ability: Poison Heal
|upkeep
|turn|11
|
|t:|1779818304
|switch|p1a: Ogerpon|Ogerpon-Wellspring, F|68/100
|move|p2a: Gliscor|Knock Off|p1a: Ogerpon
|-damage|p1a: Ogerpon|49/100
|
|-weather|Snowscape|[upkeep]
|upkeep
|turn|12
|
|t:|1779818312
|switch|p1a: Slowking|Slowking-Galar, M|100/100
|switch|p2a: Pecharunt|Pecharunt|91/100
|
|-weather|Snowscape|[upkeep]
|upkeep
|turn|13
|
|t:|1779818315
|move|p2a: Pecharunt|Parting Shot|p1a: Slowking
|-unboost|p1a: Slowking|atk|1
|-unboost|p1a: Slowking|spa|1
|
|t:|1779818323
|switch|p2a: Blissey|Blissey, F|100/100|[from] Parting Shot
|move|p1a: Slowking|Future Sight|p2a: Blissey
|-start|p1a: Slowking|move: Future Sight
|
|-weather|none
|upkeep
|turn|14
|
|t:|1779818332
|switch|p2a: Gliscor|Gliscor, F|100/100 tox
|switch|p1a: Garchomp|Garchomp, F|100/100
|
|upkeep
|turn|15
|
|t:|1779818337
|move|p2a: Gliscor|Protect|p2a: Gliscor
|-singleturn|p2a: Gliscor|Protect
|move|p1a: Garchomp|Dragon Tail|p2a: Gliscor
|-activate|p2a: Gliscor|move: Protect
|
|-end|p2a: Gliscor|move: Future Sight
|-damage|p2a: Gliscor|61/100 tox
|-heal|p2a: Gliscor|74/100 tox|[from] ability: Poison Heal
|upkeep
|turn|16
|
|t:|1779818343
|switch|p1a: Ogerpon|Ogerpon-Wellspring, F|49/100
|move|p2a: Gliscor|Toxic|p1a: Ogerpon
|-status|p1a: Ogerpon|tox
|
|-damage|p1a: Ogerpon|43/100 tox|[from] psn
|-heal|p2a: Gliscor|86/100 tox|[from] ability: Poison Heal
|upkeep
|turn|17
|
|t:|1779818350
|switch|p1a: Slowking|Slowking-Galar, M|100/100
|switch|p2a: Pecharunt|Pecharunt|91/100
|
|upkeep
|turn|18
|
|t:|1779818353
|move|p2a: Pecharunt|Parting Shot|p1a: Slowking
|-unboost|p1a: Slowking|atk|1
|-unboost|p1a: Slowking|spa|1
|
|t:|1779818358
|switch|p2a: Blissey|Blissey, F|100/100|[from] Parting Shot
|move|p1a: Slowking|Future Sight|p2a: Blissey
|-start|p1a: Slowking|move: Future Sight
|
|upkeep
|turn|19
|
|t:|1779818364
|move|p2a: Blissey|Stealth Rock|p1a: Slowking
|-sidestart|p1: TechBuster|move: Stealth Rock
|-prepare|p1a: Slowking|Chilly Reception|[premajor]
|move|p1a: Slowking|Chilly Reception|p1a: Slowking
|-weather|Snowscape
|
|t:|1779818372
|switch|p1a: Kingambit|Kingambit, F|100/100|[from] Chilly Reception
|-damage|p1a: Kingambit|94/100|[from] Stealth Rock
|
|-weather|Snowscape|[upkeep]
|-heal|p1a: Kingambit|100/100|[from] item: Leftovers
|upkeep
|turn|20
|
|t:|1779818378
|move|p2a: Blissey|Flamethrower|p1a: Kingambit
|-supereffective|p1a: Kingambit
|-damage|p1a: Kingambit|69/100
|move|p1a: Kingambit|Kowtow Cleave|p2a: Blissey
|-damage|p2a: Blissey|53/100
|
|-weather|Snowscape|[upkeep]
|-end|p2a: Blissey|move: Future Sight
|-damage|p2a: Blissey|37/100
|-heal|p2a: Blissey|43/100|[from] item: Leftovers
|-heal|p1a: Kingambit|75/100|[from] item: Leftovers
|upkeep
|turn|21
|
|t:|1779818385
|switch|p2a: Talonflame|Talonflame, M|100/100
|move|p1a: Kingambit|Kowtow Cleave|p2a: Talonflame
|-damage|p2a: Talonflame|55/100
|
|-weather|Snowscape|[upkeep]
|-heal|p1a: Kingambit|82/100|[from] item: Leftovers
|upkeep
|turn|22
|
|t:|1779818390
|-end|p1a: Kingambit|fallenundefined|[silent]
|switch|p1a: Slowking|Slowking-Galar, M|100/100
|-damage|p1a: Slowking|88/100|[from] Stealth Rock
|move|p2a: Talonflame|Will-O-Wisp|p1a: Slowking|[miss]
|-miss|p2a: Talonflame|p1a: Slowking
|
|-weather|Snowscape|[upkeep]
|upkeep
|turn|23
|
|t:|1779818396
|move|p2a: Talonflame|Will-O-Wisp|p1a: Slowking|[miss]
|-miss|p2a: Talonflame|p1a: Slowking
|move|p1a: Slowking|Future Sight|p2a: Talonflame
|-start|p1a: Slowking|move: Future Sight
|
|-weather|none
|upkeep
|turn|24
|
|t:|1779818401
|switch|p2a: Gliscor|Gliscor, F|86/100 tox
|-prepare|p1a: Slowking|Chilly Reception|[premajor]
|move|p1a: Slowking|Chilly Reception|p1a: Slowking
|-weather|Snowscape
|
|t:|1779818408
|switch|p1a: Kingambit|Kingambit, F|82/100|[from] Chilly Reception
|-damage|p1a: Kingambit|75/100|[from] Stealth Rock
|
|-weather|Snowscape|[upkeep]
|-heal|p1a: Kingambit|82/100|[from] item: Leftovers
|-heal|p2a: Gliscor|99/100 tox|[from] ability: Poison Heal
|upkeep
|turn|25
|
|t:|1779818413
|move|p2a: Gliscor|Protect|p2a: Gliscor
|-singleturn|p2a: Gliscor|Protect
|move|p1a: Kingambit|Kowtow Cleave|p2a: Gliscor
|-activate|p2a: Gliscor|move: Protect
|
|-weather|Snowscape|[upkeep]
|-end|p2a: Gliscor|move: Future Sight
|-damage|p2a: Gliscor|54/100 tox
|-heal|p1a: Kingambit|88/100|[from] item: Leftovers
|-heal|p2a: Gliscor|67/100 tox|[from] ability: Poison Heal
|upkeep
|turn|26
|
|t:|1779818418
|switch|p2a: Talonflame|Talonflame, M|55/100
|move|p1a: Kingambit|Kowtow Cleave|p2a: Talonflame
|-damage|p2a: Talonflame|5/100
|-status|p1a: Kingambit|brn|[from] ability: Flame Body|[of] p2a: Talonflame
|
|-weather|Snowscape|[upkeep]
|-heal|p1a: Kingambit|94/100 brn|[from] item: Leftovers
|-damage|p1a: Kingambit|88/100 brn|[from] brn
|upkeep
|turn|27
|
|t:|1779818424
|move|p2a: Talonflame|Roost|p2a: Talonflame
|-heal|p2a: Talonflame|55/100
|-singleturn|p2a: Talonflame|move: Roost
|move|p1a: Kingambit|Kowtow Cleave|p2a: Talonflame
|-damage|p2a: Talonflame|31/100
|
|-weather|Snowscape|[upkeep]
|-heal|p1a: Kingambit|94/100 brn|[from] item: Leftovers
|-damage|p1a: Kingambit|88/100 brn|[from] brn
|upkeep
|turn|28
|-message|TechBuster forfeited.
|
|win|azureflatlands
|raw|TechBuster's rating: 1563 &rarr; <strong>1546</strong><br />(-17 for losing)
|raw|azureflatlands's rating: 1607 &rarr; <strong>1624</strong><br />(+17 for winning)
|l|☆TechBuster
|player|p1|
|l|☆azureflatlands
|player|p2|
