|j|☆biryanilover
|j|☆Volga123
|t:|1779970035
|gametype|singles
|player|p1|biryanilover|2|1516
|player|p2|Volga123|cynthia|1498
|gen|9
|tier|[Gen 9] OU
|rated|
|rule|HP Percentage Mod: HP is shown in percentages
|rule|Endless Battle Clause: Forcing endless battles is banned
|rule|Species Clause: Limit one of each Pokémon
|rule|OHKO Clause: OHKO moves are banned
|rule|Evasion Items Clause: Evasion items are banned
|rule|Evasion Moves Clause: Evasion moves are banned
|rule|Evasion Abilities Clause: Evasion abilities are banned
|rule|Sleep Moves Clause: Sleep-inducing moves are banned
|clearpoke
|poke|p1|Tornadus-Therian, M|
|poke|p1|Great Tusk|
|poke|p1|Cinderace, F|
|poke|p1|Ogerpon-Wellspring, F|
|poke|p1|Darkrai|
|poke|p1|Slowking-Galar, M|
|poke|p2|Clodsire, F|
|poke|p2|Cinccino, M|
|poke|p2|Milotic, M|
|poke|p2|Arcanine-Hisui, F|
|poke|p2|Houndstone, M|
|poke|p2|Lurantis, M|
|teampreview
|inactive|Battle timer is ON: inactive players will automatically lose when time's up. (requested by biryanilover)
|
|t:|1779970059
|teamsize|p1|6
|teamsize|p2|6
|start
|switch|p1a: Tornadus|Tornadus-Therian, M|100/100
|switch|p2a: Cinccino|Cinccino, M|100/100
|turn|1
|
|t:|1779970065
|move|p1a: Tornadus|Knock Off|p2a: Cinccino
|-damage|p2a: Cinccino|64/100
|-enditem|p2a: Cinccino|Loaded Dice|[from] move: Knock Off|[of] p1a: Tornadus
|move|p2a: Cinccino|Tidy Up|p2a: Cinccino
|-boost|p2a: Cinccino|atk|1
|-boost|p2a: Cinccino|spe|1
|
|upkeep
|turn|2
|
|t:|1779970071
|move|p2a: Cinccino|Rock Blast|p1a: Tornadus
|-supereffective|p1a: Tornadus
|-damage|p1a: Tornadus|59/100
|-supereffective|p1a: Tornadus
|-damage|p1a: Tornadus|20/100
|-supereffective|p1a: Tornadus
|-damage|p1a: Tornadus|0 fnt
|faint|p1a: Tornadus
|-hitcount|p1: Tornadus|3
|
|upkeep
|
|t:|1779970075
|switch|p1a: Great Tusk|Great Tusk|100/100
|turn|3
|
|t:|1779970082
|move|p2a: Cinccino|Bullet Seed|p1a: Great Tusk
|-supereffective|p1a: Great Tusk
|-damage|p1a: Great Tusk|74/100
|-supereffective|p1a: Great Tusk
|-damage|p1a: Great Tusk|47/100
|-supereffective|p1a: Great Tusk
|-damage|p1a: Great Tusk|23/100
|-supereffective|p1a: Great Tusk
|-damage|p1a: Great Tusk|0 fnt
|faint|p1a: Great Tusk
|-end|p1a: Great Tusk|Protosynthesis|[silent]
|-hitcount|p1: Great Tusk|4
|
|upkeep
|
|t:|1779970096
|switch|p1a: Cinderace|Cinderace, F|100/100
|turn|4
|
|t:|1779970105
|switch|p2a: Milotic|Milotic, M|100/100
|move|p1a: Cinderace|Will-O-Wisp|p2a: Milotic
|-status|p2a: Milotic|brn
|
|-damage|p2a: Milotic|94/100 brn|[from] brn
|upkeep
|turn|5
|
|t:|1779970124
|switch|p2a: Clodsire|Clodsire, F|100/100
|move|p1a: Cinderace|U-turn|p2a: Clodsire
|-start|p1a: Cinderace|typechange|Bug|[from] ability: Libero
|-resisted|p2a: Clodsire
|-damage|p2a: Clodsire|82/100
|
|t:|1779970128
|switch|p1a: Ogerpon|Ogerpon-Wellspring, F|100/100|[from] U-turn
|
|-heal|p2a: Clodsire|88/100|[from] item: Black Sludge
|upkeep
|turn|6
|
|t:|1779970134
|move|p1a: Ogerpon|Ivy Cudgel|p2a: Clodsire|[anim] Ivy Cudgel Water
|-heal|p2a: Clodsire|100/100|[from] ability: Water Absorb|[of] p1a: Ogerpon
|move|p2a: Clodsire|Gunk Shot|p1a: Ogerpon
|-supereffective|p1a: Ogerpon
|-damage|p1a: Ogerpon|0 fnt
|faint|p1a: Ogerpon
|
|upkeep
|
|t:|1779970139
|switch|p1a: Darkrai|Darkrai|100/100
|turn|7
|
|t:|1779970147
|switch|p2a: Milotic|Milotic, M|94/100 brn
|-terastallize|p1a: Darkrai|Poison
|move|p1a: Darkrai|Nasty Plot|p1a: Darkrai
|-boost|p1a: Darkrai|spa|2
|
|-damage|p2a: Milotic|88/100 brn|[from] brn
|upkeep
|turn|8
|
|t:|1779970152
|move|p1a: Darkrai|Nasty Plot|p1a: Darkrai
|-boost|p1a: Darkrai|spa|2
|move|p2a: Milotic|Scald|p1a: Darkrai
|-damage|p1a: Darkrai|48/100
|
|-damage|p2a: Milotic|82/100 brn|[from] brn
|upkeep
|turn|9
|
|t:|1779970154
|move|p1a: Darkrai|Dark Pulse|p2a: Milotic
|-damage|p2a: Milotic|24/100 brn
|move|p2a: Milotic|Scald|p1a: Darkrai
|-damage|p1a: Darkrai|0 fnt
|faint|p1a: Darkrai
|
|-damage|p2a: Milotic|18/100 brn|[from] brn
|upkeep
|-message|biryanilover forfeited.
|
|win|Volga123
|raw|biryanilover's rating: 1516 &rarr; <strong>1495</strong><br />(-21 for losing)
|raw|Volga123's rating: 1498 &rarr; <strong>1519</strong><br />(+21 for winning)
|l|☆biryanilover
|player|p1|
|l|☆Volga123
|player|p2|
