|j|☆roninXronin
|j|☆azureflatlands
|t:|1779970858
|gametype|singles
|player|p1|roninXronin|koga|1523
|player|p2|azureflatlands|preschoolerf|1534
|gen|9
|tier|[Gen 9] OU
|rated|
|rule|HP Percentage Mod: HP is shown in percentages
|rule|Endless Battle Clause: Forcing endless battles is banned
|rule|Species Clause: Limit one of each Pokémon
|rule|OHKO Clause: OHKO moves are banned
|rule|Evasion Items Clause: Evasion items are banned
|rule|Evasion Moves Clause: Evasion moves are banned
|rule|Evasion Abilities Clause: Evasion abilities are banned
|rule|Sleep Moves Clause: Sleep-inducing moves are banned
|clearpoke
|poke|p1|Greninja-*, M|
|poke|p1|Kingambit, M|
|poke|p1|Dragapult, M|
|poke|p1|Iron Valiant|
|poke|p1|Rillaboom, M|
|poke|p1|Glimmora, F|
|poke|p2|Clodsire, M|
|poke|p2|Pecharunt|
|poke|p2|Talonflame, F|
|poke|p2|Weezing-Galar, F|
|poke|p2|Gliscor, M|
|poke|p2|Blissey, F|
|teampreview
|inactive|Battle timer is ON: inactive players will automatically lose when time's up. (requested by roninXronin)
|
|t:|1779970868
|teamsize|p1|6
|teamsize|p2|6
|start
|switch|p1a: ICBM|Glimmora, F, shiny|100/100
|switch|p2a: Gliscor|Gliscor, M|100/100
|turn|1
|
|t:|1779970874
|move|p2a: Gliscor|Protect|p2a: Gliscor
|-singleturn|p2a: Gliscor|Protect
|move|p1a: ICBM|Mortal Spin|p2a: Gliscor
|-activate|p2a: Gliscor|move: Protect
|
|-status|p2a: Gliscor|tox|[from] item: Toxic Orb
|upkeep
|turn|2
|
|t:|1779970880
|switch|p2a: Clodsire|Clodsire, M|100/100
|move|p1a: ICBM|Stealth Rock|p2a: Clodsire
|-sidestart|p2: azureflatlands|move: Stealth Rock
|
|upkeep
|turn|3
|
|t:|1779970885
|move|p1a: ICBM|Earth Power|p2a: Clodsire
|-supereffective|p2a: Clodsire
|-damage|p2a: Clodsire|59/100
|move|p2a: Clodsire|Toxic|p1a: ICBM
|-immune|p1a: ICBM
|
|-heal|p2a: Clodsire|65/100|[from] item: Leftovers
|upkeep
|turn|4
|
|t:|1779970888
|move|p1a: ICBM|Earth Power|p2a: Clodsire
|-supereffective|p2a: Clodsire
|-damage|p2a: Clodsire|27/100
|move|p2a: Clodsire|Recover|p2a: Clodsire
|-heal|p2a: Clodsire|77/100
|
|-heal|p2a: Clodsire|83/100|[from] item: Leftovers
|upkeep
|turn|5
|
|t:|1779970892
|move|p1a: ICBM|Earth Power|p2a: Clodsire
|-supereffective|p2a: Clodsire
|-damage|p2a: Clodsire|42/100
|move|p2a: Clodsire|Bulldoze|p1a: ICBM
|-supereffective|p1a: ICBM
|-damage|p1a: ICBM|17/100
|-unboost|p1a: ICBM|spe|1
|-activate|p1a: ICBM|ability: Toxic Debris
|-sidestart|p2: azureflatlands|move: Toxic Spikes
|
|-heal|p2a: Clodsire|48/100|[from] item: Leftovers
|upkeep
|turn|6
|
|t:|1779970898
|move|p1a: ICBM|Earth Power|p2a: Clodsire
|-supereffective|p2a: Clodsire
|-damage|p2a: Clodsire|13/100
|-unboost|p2a: Clodsire|spd|1
|move|p2a: Clodsire|Recover|p2a: Clodsire
|-heal|p2a: Clodsire|63/100
|
|-heal|p2a: Clodsire|69/100|[from] item: Leftovers
|upkeep
|turn|7
|
|t:|1779970904
|switch|p2a: Gliscor|Gliscor, M|100/100 tox
|-damage|p2a: Gliscor|88/100 tox|[from] Stealth Rock
|move|p1a: ICBM|Earth Power|p2a: Gliscor
|-immune|p2a: Gliscor
|
|-heal|p2a: Gliscor|100/100 tox|[from] ability: Poison Heal
|upkeep
|turn|8
|
|t:|1779970908
|switch|p2a: Clodsire|Clodsire, M|69/100
|-damage|p2a: Clodsire|63/100|[from] Stealth Rock
|-sideend|p2: azureflatlands|move: Toxic Spikes|[of] p2a: Clodsire
|move|p1a: ICBM|Power Gem|p2a: Clodsire
|-resisted|p2a: Clodsire
|-damage|p2a: Clodsire|50/100
|
|-heal|p2a: Clodsire|56/100|[from] item: Leftovers
|upkeep
|turn|9
|
|t:|1779970914
|move|p1a: ICBM|Earth Power|p2a: Clodsire
|-supereffective|p2a: Clodsire
|-damage|p2a: Clodsire|19/100
|move|p2a: Clodsire|Recover|p2a: Clodsire
|-heal|p2a: Clodsire|69/100
|
|-heal|p2a: Clodsire|76/100|[from] item: Leftovers
|upkeep
|turn|10
|
|t:|1779970917
|move|p1a: ICBM|Earth Power|p2a: Clodsire
|-supereffective|p2a: Clodsire
|-damage|p2a: Clodsire|40/100
|move|p2a: Clodsire|Bulldoze|p1a: ICBM
|-supereffective|p1a: ICBM
|-damage|p1a: ICBM|0 fnt
|-activate|p1a: ICBM|ability: Toxic Debris
|-sidestart|p2: azureflatlands|move: Toxic Spikes
|faint|p1a: ICBM
|
|-heal|p2a: Clodsire|47/100|[from] item: Leftovers
|upkeep
|
|t:|1779970929
|switch|p1a: Bobby Fischer|Kingambit, M|100/100
|-activate|p1a: Bobby Fischer|ability: Supreme Overlord
|-start|p1a: Bobby Fischer|fallen1|[silent]
|turn|11
|
|t:|1779970936
|switch|p2a: Talonflame|Talonflame, F|100/100
|move|p1a: Bobby Fischer|Iron Head|p2a: Talonflame
|-resisted|p2a: Talonflame
|-damage|p2a: Talonflame|77/100
|
|upkeep
|turn|12
|
|t:|1779970940
|move|p1a: Bobby Fischer|Sucker Punch||[still]
|-fail|p1a: Bobby Fischer
|move|p2a: Talonflame|Defog|p1a: Bobby Fischer
|-unboost|p1a: Bobby Fischer|evasion|1
|-sideend|p2: azureflatlands|Toxic Spikes|[from] move: Defog|[of] p2a: Talonflame
|-sideend|p2: azureflatlands|Stealth Rock|[from] move: Defog|[of] p2a: Talonflame
|
|upkeep
|turn|13
|
|t:|1779970945
|move|p2a: Talonflame|Will-O-Wisp|p1a: Bobby Fischer
|-status|p1a: Bobby Fischer|brn
|-enditem|p1a: Bobby Fischer|Lum Berry|[eat]
|-curestatus|p1a: Bobby Fischer|brn|[msg]
|move|p1a: Bobby Fischer|Iron Head|p2a: Talonflame
|-resisted|p2a: Talonflame
|-crit|p2a: Talonflame
|-damage|p2a: Talonflame|37/100
|-status|p1a: Bobby Fischer|brn|[from] ability: Flame Body|[of] p2a: Talonflame
|
|-damage|p1a: Bobby Fischer|94/100 brn|[from] brn
|upkeep
|turn|14
|
|t:|1779970954
|move|p1a: Bobby Fischer|Sucker Punch||[still]
|-fail|p1a: Bobby Fischer
|move|p2a: Talonflame|Roost|p2a: Talonflame
|-heal|p2a: Talonflame|87/100
|-singleturn|p2a: Talonflame|move: Roost
|
|-damage|p1a: Bobby Fischer|88/100 brn|[from] brn
|upkeep
|turn|15
|
|t:|1779970958
|move|p2a: Talonflame|Flamethrower|p1a: Bobby Fischer
|-supereffective|p1a: Bobby Fischer
|-damage|p1a: Bobby Fischer|42/100 brn
|move|p1a: Bobby Fischer|Iron Head|p2a: Talonflame
|-resisted|p2a: Talonflame
|-damage|p2a: Talonflame|74/100
|
|-damage|p1a: Bobby Fischer|36/100 brn|[from] brn
|upkeep
|turn|16
|
|t:|1779970964
|move|p2a: Talonflame|Roost|p2a: Talonflame
|-heal|p2a: Talonflame|100/100
|-singleturn|p2a: Talonflame|move: Roost
|move|p1a: Bobby Fischer|Iron Head|p2a: Talonflame
|-resisted|p2a: Talonflame
|-damage|p2a: Talonflame|87/100
|
|-damage|p1a: Bobby Fischer|30/100 brn|[from] brn
|upkeep
|turn|17
|
|t:|1779970970
|move|p1a: Bobby Fischer|Sucker Punch|p2a: Talonflame
|-damage|p2a: Talonflame|66/100
|move|p2a: Talonflame|Flamethrower|p1a: Bobby Fischer
|-supereffective|p1a: Bobby Fischer
|-damage|p1a: Bobby Fischer|0 fnt
|faint|p1a: Bobby Fischer
|-end|p1a: Bobby Fischer|fallen1|[silent]
|
|upkeep
|
|t:|1779970973
|switch|p1a: B-52|Dragapult, M, shiny|100/100
|turn|18
|
|t:|1779970980
|switch|p2a: Blissey|Blissey, F|100/100
|move|p1a: B-52|Shadow Ball|p2a: Blissey
|-immune|p2a: Blissey
|
|upkeep
|turn|19
|
|t:|1779970987
|switch|p1a: Punch|Rillaboom, M|100/100
|-fieldstart|move: Grassy Terrain|[from] ability: Grassy Surge|[of] p1a: Punch
|move|p2a: Blissey|Stealth Rock|p1a: Punch
|-sidestart|p1: roninXronin|move: Stealth Rock
|
|upkeep
|turn|20
|l|☆roninXronin
|inactive|roninXronin disconnected and has a minute to reconnect!
|player|p1|
|inactive|roninXronin has 30 seconds to reconnect!
|inactive|roninXronin has 20 seconds to reconnect!
|inactive|roninXronin has 15 seconds to reconnect!
|j|☆roninXronin
|inactive|roninXronin reconnected and has 100 seconds left.
|player|p1|roninXronin|koga|
|
|t:|1779971043
|switch|p2a: Pecharunt|Pecharunt|100/100
|move|p1a: Punch|Knock Off|p2a: Pecharunt
|-supereffective|p2a: Pecharunt
|-damage|p2a: Pecharunt|61/100
|-damage|p1a: Punch|84/100|[from] item: Rocky Helmet|[of] p2a: Pecharunt
|-enditem|p2a: Pecharunt|Rocky Helmet|[from] move: Knock Off|[of] p1a: Punch
|-damage|p1a: Punch|74/100|[from] item: Life Orb
|
|-heal|p1a: Punch|80/100|[from] Grassy Terrain
|-heal|p2a: Pecharunt|67/100|[from] Grassy Terrain
|upkeep
|turn|21
|
|t:|1779971050
|move|p1a: Punch|Knock Off|p2a: Pecharunt
|-supereffective|p2a: Pecharunt
|-damage|p2a: Pecharunt|39/100
|-damage|p1a: Punch|70/100|[from] item: Life Orb
|move|p2a: Pecharunt|Recover|p2a: Pecharunt
|-heal|p2a: Pecharunt|89/100
|
|-heal|p1a: Punch|76/100|[from] Grassy Terrain
|-heal|p2a: Pecharunt|95/100|[from] Grassy Terrain
|upkeep
|turn|22
|
|t:|1779971055
|switch|p1a: Miyamoto Musashi|Greninja, M|100/100
|-damage|p1a: Miyamoto Musashi|88/100|[from] Stealth Rock
|move|p2a: Pecharunt|Malignant Chain|p1a: Miyamoto Musashi
|-damage|p1a: Miyamoto Musashi|40/100
|-status|p1a: Miyamoto Musashi|tox
|-start|p1a: Miyamoto Musashi|confusion|[from] ability: Poison Puppeteer|[of] p2a: Pecharunt
|
|-heal|p1a: Miyamoto Musashi|46/100 tox|[from] Grassy Terrain
|-heal|p2a: Pecharunt|100/100|[from] Grassy Terrain
|-damage|p1a: Miyamoto Musashi|40/100 tox|[from] psn
|upkeep
|turn|23
|
|t:|1779971061
|switch|p2a: Blissey|Blissey, F|100/100
|-activate|p1a: Miyamoto Musashi|confusion
|-damage|p1a: Miyamoto Musashi|26/100 tox|[from] confusion
|
|-heal|p1a: Miyamoto Musashi|32/100 tox|[from] Grassy Terrain
|-damage|p1a: Miyamoto Musashi|20/100 tox|[from] psn
|-fieldend|move: Grassy Terrain
|upkeep
|turn|24
|
|t:|1779971067
|-activate|p1a: Miyamoto Musashi|confusion
|move|p1a: Miyamoto Musashi|Hydro Pump|p2a: Blissey
|-damage|p2a: Blissey|80/100
|-damage|p1a: Miyamoto Musashi|11/100 tox|[from] item: Life Orb
|move|p2a: Blissey|Calm Mind|p2a: Blissey
|-boost|p2a: Blissey|spa|1
|-boost|p2a: Blissey|spd|1
|
|-heal|p2a: Blissey|86/100|[from] item: Leftovers
|-damage|p1a: Miyamoto Musashi|0 fnt|[from] psn
|faint|p1a: Miyamoto Musashi
|upkeep
|
|t:|1779971073
|switch|p1a: Punch|Rillaboom, M|76/100
|-damage|p1a: Punch|64/100|[from] Stealth Rock
|-fieldstart|move: Grassy Terrain|[from] ability: Grassy Surge|[of] p1a: Punch
|turn|25
|
|t:|1779971078
|switch|p2a: Pecharunt|Pecharunt|100/100
|move|p1a: Punch|Knock Off|p2a: Pecharunt
|-supereffective|p2a: Pecharunt
|-damage|p2a: Pecharunt|70/100
|-damage|p1a: Punch|54/100|[from] item: Life Orb
|
|-heal|p1a: Punch|60/100|[from] Grassy Terrain
|-heal|p2a: Pecharunt|77/100|[from] Grassy Terrain
|upkeep
|turn|26
|
|t:|1779971082
|move|p1a: Punch|Wood Hammer|p2a: Pecharunt
|-resisted|p2a: Pecharunt
|-damage|p2a: Pecharunt|49/100
|-damage|p1a: Punch|50/100|[from] Recoil
|-damage|p1a: Punch|40/100|[from] item: Life Orb
|move|p2a: Pecharunt|Malignant Chain|p1a: Punch
|-supereffective|p1a: Punch
|-damage|p1a: Punch|0 fnt
|faint|p1a: Punch
|
|-heal|p2a: Pecharunt|55/100|[from] Grassy Terrain
|upkeep
|
|t:|1779971086
|switch|p1a: Shinobi|Iron Valiant, shiny|100/100
|-damage|p1a: Shinobi|94/100|[from] Stealth Rock
|-enditem|p1a: Shinobi|Booster Energy
|-activate|p1a: Shinobi|ability: Quark Drive|[fromitem]
|-start|p1a: Shinobi|quarkdrivespe
|turn|27
|
|t:|1779971093
|-terastallize|p2a: Pecharunt|Dark
|move|p1a: Shinobi|Knock Off|p2a: Pecharunt
|-resisted|p2a: Pecharunt
|-damage|p2a: Pecharunt|50/100
|move|p2a: Pecharunt|Malignant Chain|p1a: Shinobi
|-supereffective|p1a: Shinobi
|-damage|p1a: Shinobi|0 fnt
|faint|p1a: Shinobi
|-end|p1a: Shinobi|Quark Drive|[silent]
|
|-heal|p2a: Pecharunt|56/100|[from] Grassy Terrain
|upkeep
|-message|roninXronin forfeited.
|
|win|azureflatlands
|raw|roninXronin's rating: 1523 &rarr; <strong>1504</strong><br />(-19 for losing)
|raw|azureflatlands's rating: 1534 &rarr; <strong>1553</strong><br />(+19 for winning)
|l|☆roninXronin
|player|p1|
|l|☆azureflatlands
|player|p2|
