|j|☆west893
|j|☆Naturmacht
|t:|1779912117
|gametype|singles
|player|p1|west893|2|1448
|player|p2|Naturmacht|drake-gen3|1409
|gen|9
|tier|[Gen 9] OU
|rated|
|rule|HP Percentage Mod: HP is shown in percentages
|rule|Endless Battle Clause: Forcing endless battles is banned
|rule|Species Clause: Limit one of each Pokémon
|rule|OHKO Clause: OHKO moves are banned
|rule|Evasion Items Clause: Evasion items are banned
|rule|Evasion Moves Clause: Evasion moves are banned
|rule|Evasion Abilities Clause: Evasion abilities are banned
|rule|Sleep Moves Clause: Sleep-inducing moves are banned
|clearpoke
|poke|p1|Skarmory, F|
|poke|p1|Ogerpon-Wellspring, F|
|poke|p1|Zamazenta-*|
|poke|p1|Regieleki|
|poke|p1|Iron Crown|
|poke|p1|Dragonite, F|
|poke|p2|Rillaboom, M|
|poke|p2|Hatterene, F|
|poke|p2|Heatran, M|
|poke|p2|Clodsire, M|
|poke|p2|Corviknight, M|
|poke|p2|Ogerpon-Wellspring, F|
|teampreview
|inactive|Battle timer is ON: inactive players will automatically lose when time's up. (requested by Naturmacht)
|inactive|Naturmacht has 120 seconds left.
|c|☆Naturmacht|Regieleki is OU now? :O
|
|t:|1779912166
|teamsize|p1|6
|teamsize|p2|6
|start
|switch|p1a: Iron Crown|Iron Crown|100/100
|switch|p2a: Clodsire|Clodsire, M|100/100
|turn|1
|
|t:|1779912175
|switch|p2a: Heatran|Heatran, M|100/100
|move|p1a: Iron Crown|Tachyon Cutter|p2a: Heatran
|-resisted|p2a: Heatran
|-damage|p2a: Heatran|95/100
|-resisted|p2a: Heatran
|-damage|p2a: Heatran|89/100
|-hitcount|p2a: Heatran|2
|
|-heal|p2a: Heatran|96/100|[from] item: Leftovers
|upkeep
|turn|2
|
|t:|1779912191
|-end|p1a: Iron Crown|Quark Drive|[silent]
|switch|p1a: Regieleki|Regieleki|100/100
|move|p2a: Heatran|Stealth Rock|p1a: Regieleki
|-sidestart|p1: west893|move: Stealth Rock
|
|-heal|p2a: Heatran|100/100|[from] item: Leftovers
|upkeep
|turn|3
|
|t:|1779912197
|switch|p2a: Clodsire|Clodsire, M|100/100
|move|p1a: Regieleki|Rapid Spin|p2a: Clodsire
|-damage|p2a: Clodsire|89/100
|-boost|p1a: Regieleki|spe|1
|-sideend|p1: west893|Stealth Rock|[from] move: Rapid Spin|[of] p1a: Regieleki
|
|-heal|p2a: Clodsire|95/100|[from] item: Leftovers
|upkeep
|turn|4
|
|t:|1779912205
|switch|p1a: Skarmory|Skarmory, F|100/100
|move|p2a: Clodsire|Toxic|p1a: Skarmory
|-immune|p1a: Skarmory
|
|-heal|p2a: Clodsire|100/100|[from] item: Leftovers
|upkeep
|turn|5
|
|t:|1779912212
|switch|p2a: Hatterene|Hatterene, F|100/100
|move|p1a: Skarmory|Brave Bird|p2a: Hatterene
|-damage|p2a: Hatterene|71/100
|-damage|p1a: Skarmory|91/100|[from] Recoil
|
|-heal|p2a: Hatterene|77/100|[from] item: Leftovers
|upkeep
|turn|6
|
|t:|1779912222
|switch|p1a: Iron Crown|Iron Crown|100/100
|switch|p2a: Corviknight|Corviknight, M|100/100
|-ability|p2a: Corviknight|Pressure
|
|upkeep
|turn|7
|
|t:|1779912229
|switch|p2a: Clodsire|Clodsire, M|100/100
|move|p1a: Iron Crown|Volt Switch|p2a: Clodsire
|-immune|p2a: Clodsire
|
|upkeep
|turn|8
|
|t:|1779912237
|-end|p1a: Iron Crown|Quark Drive|[silent]
|switch|p1a: Skarmory|Skarmory, F|91/100
|move|p2a: Clodsire|Spikes|p1a: Skarmory
|-sidestart|p1: west893|Spikes
|
|upkeep
|turn|9
|
|t:|1779912246
|switch|p2a: Corviknight|Corviknight, M|100/100
|-ability|p2a: Corviknight|Pressure
|move|p1a: Skarmory|Stealth Rock|p2a: Corviknight
|-sidestart|p2: Naturmacht|move: Stealth Rock
|
|upkeep
|turn|10
|
|t:|1779912258
|move|p2a: Corviknight|Defog|p1a: Skarmory
|-unboost|p1a: Skarmory|evasion|1
|-sideend|p1: west893|Spikes|[from] move: Defog|[of] p2a: Corviknight
|-sideend|p2: Naturmacht|Stealth Rock|[from] move: Defog|[of] p2a: Corviknight
|move|p1a: Skarmory|Whirlwind|p2a: Corviknight
|drag|p2a: Hatterene|Hatterene, F|77/100
|
|-heal|p2a: Hatterene|83/100|[from] item: Leftovers
|upkeep
|turn|11
|
|t:|1779912266
|move|p1a: Skarmory|Brave Bird|p2a: Hatterene
|-damage|p2a: Hatterene|53/100
|-damage|p1a: Skarmory|81/100|[from] Recoil
|move|p2a: Hatterene|Nuzzle|p1a: Skarmory
|-supereffective|p1a: Skarmory
|-damage|p1a: Skarmory|75/100
|-status|p1a: Skarmory|par
|-damage|p2a: Hatterene|36/100|[from] item: Rocky Helmet|[of] p1a: Skarmory
|
|-heal|p2a: Hatterene|42/100|[from] item: Leftovers
|upkeep
|turn|12
|
|t:|1779912278
|switch|p1a: Regieleki|Regieleki|100/100
|switch|p2a: Rillaboom|Rillaboom, M|100/100
|-fieldstart|move: Grassy Terrain|[from] ability: Grassy Surge|[of] p2a: Rillaboom
|
|upkeep
|turn|13
|
|t:|1779912286
|move|p1a: Regieleki|Volt Switch|p2a: Rillaboom
|-resisted|p2a: Rillaboom
|-damage|p2a: Rillaboom|76/100
|
|t:|1779912290
|switch|p1a: Skarmory|Skarmory, F|75/100 par|[from] Volt Switch
|move|p2a: Rillaboom|Knock Off|p1a: Skarmory
|-damage|p1a: Skarmory|47/100 par
|-damage|p2a: Rillaboom|60/100|[from] item: Rocky Helmet|[of] p1a: Skarmory
|-enditem|p1a: Skarmory|Rocky Helmet|[from] move: Knock Off|[of] p2a: Rillaboom
|
|-heal|p2a: Rillaboom|66/100|[from] Grassy Terrain
|upkeep
|turn|14
|
|t:|1779912301
|switch|p2a: Corviknight|Corviknight, M|100/100
|-ability|p2a: Corviknight|Pressure
|move|p1a: Skarmory|Brave Bird|p2a: Corviknight
|-resisted|p2a: Corviknight
|-damage|p2a: Corviknight|90/100
|-damage|p1a: Skarmory|31/100 par|[from] item: Rocky Helmet|[of] p2a: Corviknight
|-damage|p1a: Skarmory|27/100 par|[from] Recoil
|
|upkeep
|turn|15
|
|t:|1779912310
|switch|p1a: Regieleki|Regieleki|100/100
|move|p2a: Corviknight|Body Press|p1a: Regieleki
|-damage|p1a: Regieleki|46/100
|
|-heal|p1a: Regieleki|52/100|[from] Grassy Terrain
|upkeep
|turn|16
|
|t:|1779912320
|switch|p1a: Iron Crown|Iron Crown|100/100
|switch|p2a: Heatran|Heatran, M|100/100
|
|upkeep
|turn|17
|
|t:|1779912326
|move|p1a: Iron Crown|Volt Switch|p2a: Heatran
|-damage|p2a: Heatran|80/100
|
|t:|1779912329
|-end|p1a: Iron Crown|Quark Drive|[silent]
|switch|p1a: Skarmory|Skarmory, F|27/100 par|[from] Volt Switch
|move|p2a: Heatran|Magma Storm|p1a: Skarmory|[miss]
|-miss|p2a: Heatran|p1a: Skarmory
|
|-heal|p2a: Heatran|87/100|[from] Grassy Terrain
|-heal|p2a: Heatran|93/100|[from] item: Leftovers
|upkeep
|turn|18
|
|t:|1779912337
|move|p2a: Heatran|Magma Storm|p1a: Skarmory
|-supereffective|p1a: Skarmory
|-damage|p1a: Skarmory|0 fnt
|faint|p1a: Skarmory
|
|-heal|p2a: Heatran|99/100|[from] Grassy Terrain
|-heal|p2a: Heatran|100/100|[from] item: Leftovers
|upkeep
|
|t:|1779912347
|switch|p1a: Zamazenta|Zamazenta|100/100
|-ability|p1a: Zamazenta|Dauntless Shield|boost
|-boost|p1a: Zamazenta|def|1
|turn|19
|
|t:|1779912353
|switch|p2a: Corviknight|Corviknight, M|90/100
|-ability|p2a: Corviknight|Pressure
|move|p1a: Zamazenta|Close Combat|p2a: Corviknight
|-damage|p2a: Corviknight|57/100
|-unboost|p1a: Zamazenta|def|1
|-unboost|p1a: Zamazenta|spd|1
|-damage|p1a: Zamazenta|84/100|[from] item: Rocky Helmet|[of] p2a: Corviknight
|
|-heal|p1a: Zamazenta|90/100|[from] Grassy Terrain
|-fieldend|move: Grassy Terrain
|upkeep
|turn|20
|
|t:|1779912365
|switch|p1a: Iron Crown|Iron Crown|100/100
|move|p2a: Corviknight|Roost|p2a: Corviknight
|-heal|p2a: Corviknight|100/100
|-singleturn|p2a: Corviknight|move: Roost
|
|upkeep
|turn|21
|
|t:|1779912373
|switch|p2a: Heatran|Heatran, M|100/100
|move|p1a: Iron Crown|Psychic|p2a: Heatran
|-resisted|p2a: Heatran
|-damage|p2a: Heatran|82/100
|
|-heal|p2a: Heatran|88/100|[from] item: Leftovers
|upkeep
|turn|22
|
|t:|1779912384
|-end|p1a: Iron Crown|Quark Drive|[silent]
|switch|p1a: Zamazenta|Zamazenta|90/100
|move|p2a: Heatran|Stealth Rock|p1a: Zamazenta
|-sidestart|p1: west893|move: Stealth Rock
|
|-heal|p2a: Heatran|94/100|[from] item: Leftovers
|upkeep
|turn|23
|
|t:|1779912390
|switch|p2a: Corviknight|Corviknight, M|100/100
|-ability|p2a: Corviknight|Pressure
|move|p1a: Zamazenta|Close Combat|p2a: Corviknight
|-damage|p2a: Corviknight|67/100
|-unboost|p1a: Zamazenta|def|1
|-unboost|p1a: Zamazenta|spd|1
|-damage|p1a: Zamazenta|73/100|[from] item: Rocky Helmet|[of] p2a: Corviknight
|
|upkeep
|turn|24
|
|t:|1779912404
|switch|p1a: Ogerpon|Ogerpon-Wellspring, F|100/100
|-damage|p1a: Ogerpon|88/100|[from] Stealth Rock
|move|p2a: Corviknight|Iron Defense|p2a: Corviknight
|-boost|p2a: Corviknight|def|2
|
|upkeep
|turn|25
|-message|west893 forfeited.
|
|win|Naturmacht
|raw|west893's rating: 1448 &rarr; <strong>1426</strong><br />(-22 for losing)
|raw|Naturmacht's rating: 1409 &rarr; <strong>1431</strong><br />(+22 for winning)
|l|☆west893
|player|p1|
