|j|☆eucalipto69!
|j|☆Hallommora
|t:|1779899603
|gametype|singles
|player|p1|eucalipto69!|steven|1483
|player|p2|Hallommora|clown|1551
|gen|9
|tier|[Gen 9] OU
|rated|
|rule|HP Percentage Mod: HP is shown in percentages
|rule|Endless Battle Clause: Forcing endless battles is banned
|rule|Species Clause: Limit one of each Pokémon
|rule|OHKO Clause: OHKO moves are banned
|rule|Evasion Items Clause: Evasion items are banned
|rule|Evasion Moves Clause: Evasion moves are banned
|rule|Evasion Abilities Clause: Evasion abilities are banned
|rule|Sleep Moves Clause: Sleep-inducing moves are banned
|clearpoke
|poke|p1|Haxorus, M|
|poke|p1|Grimmsnarl, M|
|poke|p1|Great Tusk|
|poke|p1|Zapdos|
|poke|p1|Kingambit, M|
|poke|p1|Typhlosion, M|
|poke|p2|Iron Treads|
|poke|p2|Raging Bolt|
|poke|p2|Iron Valiant|
|poke|p2|Kingambit, M|
|poke|p2|Great Tusk|
|poke|p2|Ogerpon-Wellspring, F|
|teampreview
|inactive|Battle timer is ON: inactive players will automatically lose when time's up. (requested by Hallommora)
|
|t:|1779899607
|teamsize|p1|6
|teamsize|p2|6
|start
|switch|p1a: Great Tusk|Great Tusk|100/100
|switch|p2a: Iron Treads|Iron Treads|100/100
|turn|1
|j| Hatsunamiku
|l|☆eucalipto69!
|inactive|eucalipto69! disconnected and has a minute to reconnect!
|player|p1|
|inactive|Hallommora has 120 seconds left.
|inactive|eucalipto69! has 30 seconds to reconnect!
|j|☆eucalipto69!
|inactive|eucalipto69! reconnected and has 110 seconds left.
|player|p1|eucalipto69!|steven|
|l|☆eucalipto69!
|inactive|eucalipto69! disconnected and has a minute to reconnect!
|player|p1|
|inactive|eucalipto69! has 30 seconds to reconnect!
|j|☆eucalipto69!
|inactive|eucalipto69! reconnected and has 75 seconds left.
|player|p1|eucalipto69!|steven|
|
|t:|1779899688
|move|p2a: Iron Treads|Stealth Rock|p1a: Great Tusk
|-sidestart|p1: eucalipto69!|move: Stealth Rock
|move|p1a: Great Tusk|Headlong Rush|p2a: Iron Treads
|-supereffective|p2a: Iron Treads
|-enditem|p2a: Iron Treads|Focus Sash
|-damage|p2a: Iron Treads|1/100
|-unboost|p1a: Great Tusk|def|1
|-unboost|p1a: Great Tusk|spd|1
|
|upkeep
|turn|2
|
|t:|1779899693
|-terastallize|p2a: Iron Treads|Ghost
|move|p2a: Iron Treads|Endeavor|p1a: Great Tusk
|-damage|p1a: Great Tusk|1/100
|move|p1a: Great Tusk|Rapid Spin|p2a: Iron Treads
|-immune|p2a: Iron Treads
|
|upkeep
|turn|3
|
|t:|1779899702
|move|p2a: Iron Treads|Rapid Spin|p1a: Great Tusk
|-damage|p1a: Great Tusk|0 fnt
|-boost|p2a: Iron Treads|spe|1
|faint|p1a: Great Tusk
|-end|p1a: Great Tusk|Protosynthesis|[silent]
|
|upkeep
|
|t:|1779899706
|switch|p1a: Zapdos|Zapdos|100/100
|turn|4
|
|t:|1779899709
|move|p2a: Iron Treads|Endeavor|p1a: Zapdos
|-damage|p1a: Zapdos|1/100
|move|p1a: Zapdos|U-turn|p2a: Iron Treads
|-resisted|p2a: Iron Treads
|-damage|p2a: Iron Treads|0 fnt
|faint|p2a: Iron Treads
|-end|p2a: Iron Treads|Quark Drive|[silent]
|
|t:|1779899714
|switch|p1a: Grimmsnarl|Grimmsnarl, M|100/100|[from] U-turn
|-damage|p1a: Grimmsnarl|88/100|[from] Stealth Rock
|
|upkeep
|
|t:|1779899718
|switch|p2a: Kingambit|Kingambit, M|100/100
|-activate|p2a: Kingambit|ability: Supreme Overlord
|-start|p2a: Kingambit|fallen1|[silent]
|turn|5
|
|t:|1779899724
|switch|p1a: Kingambit|Kingambit, M, shiny|100/100
|-damage|p1a: Kingambit|94/100|[from] Stealth Rock
|move|p2a: Kingambit|Swords Dance|p2a: Kingambit
|-boost|p2a: Kingambit|atk|2
|
|upkeep
|turn|6
|
|t:|1779899729
|move|p2a: Kingambit|Iron Head|p1a: Kingambit
|-resisted|p1a: Kingambit
|-damage|p1a: Kingambit|54/100
|cant|p1a: Kingambit|flinch
|
|upkeep
|turn|7
|
|t:|1779899735
|move|p2a: Kingambit|Iron Head|p1a: Kingambit
|-resisted|p1a: Kingambit
|-damage|p1a: Kingambit|16/100
|move|p1a: Kingambit|Low Kick|p2a: Kingambit
|-supereffective|p2a: Kingambit
|-damage|p2a: Kingambit|0 fnt
|faint|p2a: Kingambit
|-end|p2a: Kingambit|fallen1|[silent]
|
|upkeep
|
|t:|1779899745
|switch|p2a: Iron Valiant|Iron Valiant|100/100
|-enditem|p2a: Iron Valiant|Booster Energy
|-activate|p2a: Iron Valiant|ability: Quark Drive|[fromitem]
|-start|p2a: Iron Valiant|quarkdrivespe
|turn|8
|l|☆eucalipto69!
|inactive|eucalipto69! disconnected and has a minute to reconnect!
|player|p1|
|j|☆eucalipto69!
|inactive|eucalipto69! reconnected and has 130 seconds left.
|player|p1|eucalipto69!|steven|
|
|t:|1779899766
|switch|p1a: Zapdos|Zapdos|1/100
|move|p2a: Iron Valiant|Calm Mind|p2a: Iron Valiant
|-boost|p2a: Iron Valiant|spa|1
|-boost|p2a: Iron Valiant|spd|1
|
|upkeep
|turn|9
|
|t:|1779899771
|move|p2a: Iron Valiant|Moonblast|p1a: Zapdos
|-damage|p1a: Zapdos|0 fnt
|faint|p1a: Zapdos
|
|upkeep
|
|t:|1779899773
|switch|p1a: Grimmsnarl|Grimmsnarl, M|88/100
|-damage|p1a: Grimmsnarl|76/100|[from] Stealth Rock
|turn|10
|
|t:|1779899775
|move|p1a: Grimmsnarl|Thunder Wave|p2a: Iron Valiant
|-status|p2a: Iron Valiant|par
|move|p2a: Iron Valiant|Moonblast|p1a: Grimmsnarl
|-supereffective|p1a: Grimmsnarl
|-damage|p1a: Grimmsnarl|0 fnt
|faint|p1a: Grimmsnarl
|
|upkeep
|
|t:|1779899793
|switch|p1a: Typhlosion|Typhlosion, M|100/100
|-damage|p1a: Typhlosion|76/100|[from] Stealth Rock
|turn|11
|
|t:|1779899810
|move|p1a: Typhlosion|Flamethrower|p2a: Iron Valiant
|-damage|p2a: Iron Valiant|47/100 par
|move|p2a: Iron Valiant|Aura Sphere|p1a: Typhlosion
|-damage|p1a: Typhlosion|2/100
|
|upkeep
|turn|12
|
|t:|1779899818
|move|p1a: Typhlosion|Flamethrower|p2a: Iron Valiant
|-damage|p2a: Iron Valiant|0 fnt
|faint|p2a: Iron Valiant
|-end|p2a: Iron Valiant|Quark Drive|[silent]
|
|upkeep
|
|t:|1779899827
|switch|p2a: Ogerpon|Ogerpon-Wellspring, F|100/100
|turn|13
|
|t:|1779899830
|move|p1a: Typhlosion|Flamethrower|p2a: Ogerpon
|-damage|p2a: Ogerpon|49/100
|move|p2a: Ogerpon|Ivy Cudgel|p1a: Typhlosion|[anim] Ivy Cudgel Water
|-supereffective|p1a: Typhlosion
|-damage|p1a: Typhlosion|0 fnt
|faint|p1a: Typhlosion
|
|upkeep
|
|t:|1779899835
|switch|p1a: Kingambit|Kingambit, M, shiny|16/100
|-damage|p1a: Kingambit|10/100|[from] Stealth Rock
|turn|14
|
|t:|1779899840
|move|p2a: Ogerpon|Encore||[still]
|-fail|p2a: Ogerpon
|move|p1a: Kingambit|Kowtow Cleave|p2a: Ogerpon
|-damage|p2a: Ogerpon|0 fnt
|faint|p2a: Ogerpon
|
|upkeep
|
|t:|1779899845
|switch|p2a: Great Tusk|Great Tusk|100/100
|-enditem|p2a: Great Tusk|Booster Energy
|-activate|p2a: Great Tusk|ability: Protosynthesis|[fromitem]
|-start|p2a: Great Tusk|protosynthesisspe
|turn|15
|
|t:|1779899855
|move|p2a: Great Tusk|Bulk Up|p2a: Great Tusk
|-boost|p2a: Great Tusk|atk|1
|-boost|p2a: Great Tusk|def|1
|move|p1a: Kingambit|Iron Head|p2a: Great Tusk
|-damage|p2a: Great Tusk|81/100
|
|upkeep
|turn|16
|-message|eucalipto69! forfeited.
|
|win|Hallommora
|raw|eucalipto69!'s rating: 1483 &rarr; <strong>1468</strong><br />(-15 for losing)
|raw|Hallommora's rating: 1573 &rarr; <strong>1588</strong><br />(+15 for winning)
|l|☆eucalipto69!
|player|p1|
|l| Hatsunamiku
|l|☆Hallommora
|player|p2|
