|j|☆308lobo
|j|☆tuscachetitos
|t:|1779906794
|gametype|singles
|player|p1|308lobo|blackbelt-gen2|1041
|player|p2|tuscachetitos|170|1019
|gen|9
|tier|[Gen 9] OU
|rated|
|rule|HP Percentage Mod: HP is shown in percentages
|rule|Endless Battle Clause: Forcing endless battles is banned
|rule|Species Clause: Limit one of each Pokémon
|rule|OHKO Clause: OHKO moves are banned
|rule|Evasion Items Clause: Evasion items are banned
|rule|Evasion Moves Clause: Evasion moves are banned
|rule|Evasion Abilities Clause: Evasion abilities are banned
|rule|Sleep Moves Clause: Sleep-inducing moves are banned
|clearpoke
|poke|p1|Dragonite, M|
|poke|p1|Araquanid, F|
|poke|p1|Zapdos|
|poke|p1|Grimmsnarl, M|
|poke|p1|Tentacruel, M|
|poke|p1|Gliscor, F|
|poke|p2|Dragonite, M|
|poke|p2|Kingambit, F|
|poke|p2|Great Tusk|
|poke|p2|Dragapult, F|
|poke|p2|Gholdengo|
|poke|p2|Ogerpon-Wellspring, F|
|teampreview
|inactive|Battle timer is ON: inactive players will automatically lose when time's up. (requested by 308lobo)
|
|t:|1779906812
|teamsize|p1|6
|teamsize|p2|6
|start
|switch|p1a: Gliscor|Gliscor, F, shiny|100/100
|switch|p2a: Great Tusk|Great Tusk|100/100
|turn|1
|
|t:|1779906828
|move|p1a: Gliscor|Knock Off|p2a: Great Tusk
|-resisted|p2a: Great Tusk
|-damage|p2a: Great Tusk|95/100
|-enditem|p2a: Great Tusk|Leftovers|[from] move: Knock Off|[of] p1a: Gliscor
|move|p2a: Great Tusk|Stealth Rock|p1a: Gliscor
|-sidestart|p1: 308lobo|move: Stealth Rock
|
|-status|p1a: Gliscor|tox|[from] item: Toxic Orb
|upkeep
|turn|2
|inactive|tuscachetitos has 120 seconds left.
|
|t:|1779906870
|-end|p2a: Great Tusk|Protosynthesis|[silent]
|switch|p2a: Ogerpon|Ogerpon-Wellspring, F|100/100
|move|p1a: Gliscor|Stealth Rock|p2a: Ogerpon
|-sidestart|p2: tuscachetitos|move: Stealth Rock
|
|upkeep
|turn|3
|inactive|tuscachetitos has 90 seconds left.
|
|t:|1779906918
|switch|p1a: Grimmsnarl|Grimmsnarl, M, shiny|100/100
|-damage|p1a: Grimmsnarl|88/100|[from] Stealth Rock
|-terastallize|p2a: Ogerpon|Water
|detailschange|p2a: Ogerpon|Ogerpon-Wellspring-Tera, F, tera:Water
|-ability|p2a: Ogerpon|Embody Aspect (Wellspring)|boost
|-boost|p2a: Ogerpon|spd|1
|move|p2a: Ogerpon|Swords Dance|p2a: Ogerpon
|-boost|p2a: Ogerpon|atk|2
|
|upkeep
|turn|4
|inactive|308lobo has 120 seconds left.
|inactive|tuscachetitos has 60 seconds left.
|
|t:|1779906948
|move|p1a: Grimmsnarl|Thunder Wave|p2a: Ogerpon|[miss]
|-miss|p1a: Grimmsnarl|p2a: Ogerpon
|move|p2a: Ogerpon|Swords Dance|p2a: Ogerpon
|-boost|p2a: Ogerpon|atk|2
|
|upkeep
|turn|5
|inactive|tuscachetitos has 60 seconds left.
|
|t:|1779906956
|move|p1a: Grimmsnarl|Thunder Wave|p2a: Ogerpon
|-status|p2a: Ogerpon|par
|cant|p2a: Ogerpon|par
|
|upkeep
|turn|6
|
|t:|1779906966
|move|p1a: Grimmsnarl|Reflect|p1a: Grimmsnarl
|-sidestart|p1: 308lobo|Reflect
|move|p2a: Ogerpon|Horn Leech|p1a: Grimmsnarl
|-damage|p1a: Grimmsnarl|20/100
|
|upkeep
|turn|7
|
|t:|1779906977
|cant|p2a: Ogerpon|par
|move|p1a: Grimmsnarl|Spirit Break|p2a: Ogerpon
|-damage|p2a: Ogerpon|55/100 par
|-unboost|p2a: Ogerpon|spa|1
|
|upkeep
|turn|8
|
|t:|1779906985
|move|p2a: Ogerpon|Horn Leech|p1a: Grimmsnarl
|-damage|p1a: Grimmsnarl|0 fnt
|-heal|p2a: Ogerpon|67/100 par|[from] drain|[of] p1a: Grimmsnarl
|faint|p1a: Grimmsnarl
|
|upkeep
|inactive|308lobo has 120 seconds left.
|
|t:|1779907006
|switch|p1a: Zapdos|Zapdos|100/100
|turn|9
|c|☆308lobo|dude ffs
|inactive|tuscachetitos has 60 seconds left.
|
|t:|1779907037
|switch|p2a: Great Tusk|Great Tusk|95/100
|-damage|p2a: Great Tusk|92/100|[from] Stealth Rock
|move|p1a: Zapdos|Thunderbolt|p2a: Great Tusk
|-immune|p2a: Great Tusk
|
|upkeep
|turn|10
|
|t:|1779907047
|move|p1a: Zapdos|Heat Wave|p2a: Great Tusk
|-damage|p2a: Great Tusk|52/100
|-status|p2a: Great Tusk|brn
|move|p2a: Great Tusk|Rapid Spin|p1a: Zapdos
|-damage|p1a: Zapdos|96/100
|-boost|p2a: Great Tusk|spe|1
|-sideend|p2: tuscachetitos|Stealth Rock|[from] move: Rapid Spin|[of] p2a: Great Tusk
|
|-damage|p2a: Great Tusk|46/100 brn|[from] brn
|upkeep
|turn|11
|
|t:|1779907061
|move|p2a: Great Tusk|Knock Off|p1a: Zapdos
|-damage|p1a: Zapdos|89/100
|-enditem|p1a: Zapdos|Heavy-Duty Boots|[from] move: Knock Off|[of] p2a: Great Tusk
|move|p1a: Zapdos|Heat Wave|p2a: Great Tusk
|-damage|p2a: Great Tusk|4/100 brn
|
|-damage|p2a: Great Tusk|0 fnt|[from] brn
|faint|p2a: Great Tusk
|-end|p2a: Great Tusk|Protosynthesis|[silent]
|upkeep
|inactive|tuscachetitos has 60 seconds left.
|
|t:|1779907075
|switch|p2a: Dragapult|Dragapult, F|100/100
|turn|12
|inactive|tuscachetitos has 60 seconds left.
|
|t:|1779907088
|move|p2a: Dragapult|Draco Meteor|p1a: Zapdos
|-damage|p1a: Zapdos|30/100
|-unboost|p2a: Dragapult|spa|2
|move|p1a: Zapdos|Thunder Wave|p2a: Dragapult
|-status|p2a: Dragapult|par
|
|upkeep
|turn|13
|inactive|tuscachetitos has 60 seconds left.
|
|t:|1779907106
|move|p1a: Zapdos|Roost|p1a: Zapdos
|-heal|p1a: Zapdos|80/100
|-singleturn|p1a: Zapdos|move: Roost
|move|p2a: Dragapult|U-turn|p1a: Zapdos
|-crit|p1a: Zapdos
|-damage|p1a: Zapdos|53/100
|inactive|tuscachetitos has 60 seconds left.
|
|t:|1779907115
|switch|p2a: Gholdengo|Gholdengo|100/100|[from] U-turn
|
|-sideend|p1: 308lobo|Reflect
|upkeep
|turn|14
|
|t:|1779907123
|move|p2a: Gholdengo|Trick|p1a: Zapdos
|-activate|p2a: Gholdengo|move: Trick|[of] p1a: Zapdos
|-item|p1a: Zapdos|Choice Scarf|[from] move: Trick
|-enditem|p2a: Gholdengo|Choice Scarf|[silent]|[from] move: Trick
|move|p1a: Zapdos|Heat Wave|p2a: Gholdengo
|-supereffective|p2a: Gholdengo
|-damage|p2a: Gholdengo|20/100
|
|upkeep
|turn|15
|inactive|tuscachetitos has 60 seconds left.
|
|t:|1779907152
|switch|p2a: Kingambit|Kingambit, F|100/100
|-activate|p2a: Kingambit|ability: Supreme Overlord
|-start|p2a: Kingambit|fallen1|[silent]
|move|p1a: Zapdos|Heat Wave|p2a: Kingambit
|-supereffective|p2a: Kingambit
|-crit|p2a: Kingambit
|-damage|p2a: Kingambit|0 fnt
|faint|p2a: Kingambit
|-end|p2a: Kingambit|fallen1|[silent]
|
|upkeep
|c|☆308lobo|bro LOL
|
|t:|1779907162
|switch|p2a: Ogerpon|Ogerpon-Wellspring-Tera, F, tera:Water|67/100 par
|-ability|p2a: Ogerpon|Embody Aspect (Wellspring)|boost
|-boost|p2a: Ogerpon|spd|1
|turn|16
|
|t:|1779907175
|switch|p1a: Tentacruel|Tentacruel, M, shiny|100/100
|cant|p2a: Ogerpon|par
|
|upkeep
|turn|17
|
|t:|1779907182
|move|p1a: Tentacruel|Rapid Spin|p2a: Ogerpon
|-damage|p2a: Ogerpon|56/100 par
|-boost|p1a: Tentacruel|spe|1
|-sideend|p1: 308lobo|Stealth Rock|[from] move: Rapid Spin|[of] p1a: Tentacruel
|move|p2a: Ogerpon|Horn Leech|p1a: Tentacruel
|-damage|p1a: Tentacruel|32/100
|-damage|p2a: Ogerpon|22/100 par|[from] ability: Liquid Ooze|[of] p1a: Tentacruel
|
|upkeep
|turn|18
|
|t:|1779907199
|move|p1a: Tentacruel|Sludge Wave|p2a: Ogerpon
|-damage|p2a: Ogerpon|0 fnt
|faint|p2a: Ogerpon
|detailschange|p2: Ogerpon|Ogerpon-Wellspring, F|[silent]
|
|upkeep
|
|t:|1779907212
|switch|p2a: Gholdengo|Gholdengo|20/100
|turn|19
|c|☆308lobo|bro doesnt know how to read
|
|t:|1779907217
|move|p1a: Tentacruel|Surf|p2a: Gholdengo
|-damage|p2a: Gholdengo|0 fnt
|faint|p2a: Gholdengo
|
|upkeep
|
|t:|1779907223
|switch|p2a: Dragapult|Dragapult, F|100/100 par
|turn|20
|
|t:|1779907239
|move|p1a: Tentacruel|Sludge Wave|p2a: Dragapult
|-resisted|p2a: Dragapult
|-damage|p2a: Dragapult|75/100 par
|move|p2a: Dragapult|Draco Meteor|p1a: Tentacruel
|-damage|p1a: Tentacruel|0 fnt
|-unboost|p2a: Dragapult|spa|2
|faint|p1a: Tentacruel
|
|upkeep
|
|t:|1779907254
|switch|p1a: Dragonite|Dragonite, M, shiny|100/100
|turn|21
|
|t:|1779907261
|-terastallize|p1a: Dragonite|Normal
|move|p1a: Dragonite|Dragon Dance|p1a: Dragonite
|-boost|p1a: Dragonite|atk|1
|-boost|p1a: Dragonite|spe|1
|move|p2a: Dragapult|Draco Meteor|p1a: Dragonite
|-damage|p1a: Dragonite|71/100
|-unboost|p2a: Dragapult|spa|2
|
|upkeep
|turn|22
|
|t:|1779907274
|move|p1a: Dragonite|Ice Spinner|p2a: Dragapult
|-supereffective|p2a: Dragapult
|-damage|p2a: Dragapult|0 fnt
|faint|p2a: Dragapult
|
|upkeep
|
|t:|1779907280
|switch|p2a: Dragonite|Dragonite, M|100/100
|turn|23
|
|t:|1779907290
|move|p2a: Dragonite|Extreme Speed|p1a: Dragonite
|-damage|p1a: Dragonite|42/100
|move|p1a: Dragonite|Ice Spinner|p2a: Dragonite
|-supereffective|p2a: Dragonite
|-damage|p2a: Dragonite|9/100
|
|upkeep
|turn|24
|
|t:|1779907299
|move|p1a: Dragonite|Extreme Speed|p2a: Dragonite
|-damage|p2a: Dragonite|0 fnt
|faint|p2a: Dragonite
|
|win|308lobo
|raw|308lobo's rating: 1041 &rarr; <strong>1073</strong><br />(+32 for winning)
|raw|tuscachetitos's rating: 1019 &rarr; <strong>1007</strong><br />(-12 for losing)
|c|☆308lobo|gg 2 ez
|l|☆tuscachetitos
|player|p2|
