|j|☆He Hao Yi
|j|☆Trubbish_stan901
|t:|1779928703
|gametype|singles
|player|p1|He Hao Yi|giovanni|1000
|player|p2|Trubbish_stan901|camper|1107
|gen|9
|tier|[Gen 9] OU
|rated|
|rule|HP Percentage Mod: HP is shown in percentages
|rule|Endless Battle Clause: Forcing endless battles is banned
|rule|Species Clause: Limit one of each Pokémon
|rule|OHKO Clause: OHKO moves are banned
|rule|Evasion Items Clause: Evasion items are banned
|rule|Evasion Moves Clause: Evasion moves are banned
|rule|Evasion Abilities Clause: Evasion abilities are banned
|rule|Sleep Moves Clause: Sleep-inducing moves are banned
|clearpoke
|poke|p1|Pelipper, L99, F|
|poke|p1|Barraskewda, F|
|poke|p1|Raging Bolt|
|poke|p1|Golduck, M|
|poke|p1|Pawmot, F|
|poke|p1|Tentacruel, F|
|poke|p2|Grimmsnarl, M|
|poke|p2|Zamazenta-*|
|poke|p2|Iron Crown|
|poke|p2|Raging Bolt|
|poke|p2|Ogerpon-Wellspring, F|
|poke|p2|Glimmora, M|
|teampreview
|
|t:|1779928724
|teamsize|p1|6
|teamsize|p2|6
|start
|switch|p1a: Ghoti carrier|Pelipper, L99, F|100/100
|switch|p2a: Glimmora|Glimmora, M|100/100
|-weather|RainDance|[from] ability: Drizzle|[of] p1a: Ghoti carrier
|turn|1
|
|t:|1779928736
|switch|p1a: Spaghetti Too|Tentacruel, F|100/100
|move|p2a: Glimmora|Stealth Rock|p1a: Spaghetti Too
|-sidestart|p1: He Hao Yi|move: Stealth Rock
|
|-weather|RainDance|[upkeep]
|upkeep
|turn|2
|
|t:|1779928744
|move|p2a: Glimmora|Spikes|p1a: Spaghetti Too
|-sidestart|p1: He Hao Yi|Spikes
|move|p1a: Spaghetti Too|Flip Turn|p2a: Glimmora
|-supereffective|p2a: Glimmora
|-damage|p2a: Glimmora|66/100
|-activate|p2a: Glimmora|ability: Toxic Debris
|-sidestart|p1: He Hao Yi|move: Toxic Spikes
|
|t:|1779928769
|switch|p1a: Ghoti carrier|Pelipper, L99, F|100/100|[from] Flip Turn
|-damage|p1a: Ghoti carrier|76/100|[from] Stealth Rock
|
|-weather|RainDance|[upkeep]
|upkeep
|turn|3
|
|t:|1779928776
|move|p2a: Glimmora|Spikes|p1a: Ghoti carrier
|-sidestart|p1: He Hao Yi|Spikes
|move|p1a: Ghoti carrier|Surf|p2a: Glimmora
|-supereffective|p2a: Glimmora
|-damage|p2a: Glimmora|0 fnt
|faint|p2a: Glimmora
|
|-weather|RainDance|[upkeep]
|upkeep
|
|t:|1779928782
|switch|p2a: Raging Bolt|Raging Bolt|100/100
|-enditem|p2a: Raging Bolt|Booster Energy
|-activate|p2a: Raging Bolt|ability: Protosynthesis|[fromitem]
|-start|p2a: Raging Bolt|protosynthesisspa
|turn|4
|
|t:|1779928800
|switch|p1a: Really want eject|Pawmot, F|100/100
|-damage|p1a: Really want eject|94/100|[from] Stealth Rock
|-damage|p1a: Really want eject|78/100|[from] Spikes
|-status|p1a: Really want eject|psn
|move|p2a: Raging Bolt|Thunderbolt|p1a: Really want eject
|-heal|p1a: Really want eject|100/100 psn|[from] ability: Volt Absorb|[of] p2a: Raging Bolt
|
|-weather|RainDance|[upkeep]
|-damage|p1a: Really want eject|88/100 psn|[from] psn
|upkeep
|turn|5
|
|t:|1779928806
|move|p1a: Really want eject|Encore|p2a: Raging Bolt
|-start|p2a: Raging Bolt|Encore
|move|p2a: Raging Bolt|Thunderbolt|p1a: Really want eject
|-heal|p1a: Really want eject|100/100 psn|[from] ability: Volt Absorb|[of] p2a: Raging Bolt
|
|-weather|RainDance|[upkeep]
|-damage|p1a: Really want eject|88/100 psn|[from] psn
|upkeep
|turn|6
|
|t:|1779928813
|-end|p2a: Raging Bolt|Protosynthesis|[silent]
|switch|p2a: Grimmsnarl|Grimmsnarl, M|100/100
|move|p1a: Really want eject|Close Combat|p2a: Grimmsnarl
|-damage|p2a: Grimmsnarl|59/100
|-unboost|p1a: Really want eject|def|1
|-unboost|p1a: Really want eject|spd|1
|
|-weather|RainDance|[upkeep]
|-damage|p1a: Really want eject|75/100 psn|[from] psn
|upkeep
|turn|7
|
|t:|1779928822
|move|p2a: Grimmsnarl|Taunt|p1a: Really want eject
|-start|p1a: Really want eject|move: Taunt
|move|p1a: Really want eject|Nuzzle|p2a: Grimmsnarl
|-damage|p2a: Grimmsnarl|52/100
|-status|p2a: Grimmsnarl|par
|
|-weather|RainDance|[upkeep]
|-damage|p1a: Really want eject|63/100 psn|[from] psn
|upkeep
|turn|8
|
|t:|1779928828
|switch|p1a: Spaghetti Too|Tentacruel, F|100/100
|-damage|p1a: Spaghetti Too|88/100|[from] Stealth Rock
|-damage|p1a: Spaghetti Too|72/100|[from] Spikes
|-sideend|p1: He Hao Yi|move: Toxic Spikes|[of] p1a: Spaghetti Too
|move|p2a: Grimmsnarl|Reflect|p2a: Grimmsnarl
|-sidestart|p2: Trubbish_stan901|Reflect
|
|-weather|none
|upkeep
|turn|9
|
|t:|1779928836
|move|p2a: Grimmsnarl|Light Screen|p2a: Grimmsnarl
|-sidestart|p2: Trubbish_stan901|move: Light Screen
|move|p1a: Spaghetti Too|Rapid Spin|p2a: Grimmsnarl
|-damage|p2a: Grimmsnarl|48/100 par
|-boost|p1a: Spaghetti Too|spe|1
|-sideend|p1: He Hao Yi|Spikes|[from] move: Rapid Spin|[of] p1a: Spaghetti Too
|-sideend|p1: He Hao Yi|Stealth Rock|[from] move: Rapid Spin|[of] p1a: Spaghetti Too
|
|upkeep
|turn|10
|
|t:|1779928842
|switch|p1a: Ghoti carrier|Pelipper, L99, F|76/100
|-weather|RainDance|[from] ability: Drizzle|[of] p1a: Ghoti carrier
|move|p2a: Grimmsnarl|Parting Shot|p1a: Ghoti carrier
|-unboost|p1a: Ghoti carrier|atk|1
|-unboost|p1a: Ghoti carrier|spa|1
|
|t:|1779928849
|switch|p2a: Iron Crown|Iron Crown|100/100|[from] Parting Shot
|-enditem|p2a: Iron Crown|Booster Energy
|-activate|p2a: Iron Crown|ability: Quark Drive|[fromitem]
|-start|p2a: Iron Crown|quarkdrivespe
|
|-weather|RainDance|[upkeep]
|upkeep
|turn|11
|inactive|Battle timer is ON: inactive players will automatically lose when time's up. (requested by Trubbish_stan901)
|inactive|He Hao Yi has 120 seconds left.
|inactive|He Hao Yi has 90 seconds left.
|
|t:|1779928951
|switch|p1a: Really want eject|Pawmot, F|63/100 psn
|move|p2a: Iron Crown|Calm Mind|p2a: Iron Crown
|-boost|p2a: Iron Crown|spa|1
|-boost|p2a: Iron Crown|spd|1
|
|-weather|RainDance|[upkeep]
|-damage|p1a: Really want eject|50/100 psn|[from] psn
|upkeep
|turn|12
|inactive|Trubbish_stan901 has 120 seconds left.
|
|t:|1779928987
|move|p2a: Iron Crown|Iron Defense|p2a: Iron Crown
|-boost|p2a: Iron Crown|def|2
|move|p1a: Really want eject|Nuzzle|p2a: Iron Crown
|-damage|p2a: Iron Crown|98/100
|-status|p2a: Iron Crown|par
|
|-weather|RainDance|[upkeep]
|-damage|p1a: Really want eject|38/100 psn|[from] psn
|upkeep
|turn|13
|inactive|Trubbish_stan901 has 120 seconds left.
|
|t:|1779929002
|move|p1a: Really want eject|Encore|p2a: Iron Crown
|-start|p2a: Iron Crown|Encore
|move|p2a: Iron Crown|Iron Defense|p2a: Iron Crown
|-boost|p2a: Iron Crown|def|2
|
|-weather|RainDance|[upkeep]
|-damage|p1a: Really want eject|25/100 psn|[from] psn
|upkeep
|turn|14
|inactive|Trubbish_stan901 has 120 seconds left.
|
|t:|1779929019
|switch|p1a: Great Neck|Raging Bolt|100/100
|move|p2a: Iron Crown|Iron Defense|p2a: Iron Crown
|-boost|p2a: Iron Crown|def|2
|
|-weather|RainDance|[upkeep]
|upkeep
|turn|15
|
|t:|1779929024
|move|p1a: Great Neck|Thunder|p2a: Iron Crown
|-damage|p2a: Iron Crown|82/100 par
|move|p2a: Iron Crown|Iron Defense|p2a: Iron Crown
|-boost|p2a: Iron Crown|def|0
|
|-weather|RainDance|[upkeep]
|-end|p2a: Iron Crown|Encore
|-sideend|p2: Trubbish_stan901|Reflect
|upkeep
|turn|16
|
|t:|1779929031
|move|p1a: Great Neck|Thunder|p2a: Iron Crown
|-damage|p2a: Iron Crown|66/100 par
|cant|p2a: Iron Crown|par
|
|-weather|RainDance|[upkeep]
|-sideend|p2: Trubbish_stan901|move: Light Screen
|upkeep
|turn|17
|
|t:|1779929040
|move|p1a: Great Neck|Thunder|p2a: Iron Crown
|-damage|p2a: Iron Crown|34/100 par
|move|p2a: Iron Crown|Calm Mind|p2a: Iron Crown
|-boost|p2a: Iron Crown|spa|1
|-boost|p2a: Iron Crown|spd|1
|
|-weather|none
|upkeep
|turn|18
|
|t:|1779929048
|-end|p1a: Great Neck|Protosynthesis|[silent]
|switch|p1a: Ghoti carrier|Pelipper, L99, F|76/100
|-weather|RainDance|[from] ability: Drizzle|[of] p1a: Ghoti carrier
|move|p2a: Iron Crown|Stored Power|p1a: Ghoti carrier
|-crit|p1a: Ghoti carrier
|-damage|p1a: Ghoti carrier|0 fnt
|faint|p1a: Ghoti carrier
|
|-weather|RainDance|[upkeep]
|upkeep
|
|t:|1779929059
|switch|p1a: Great Neck|Raging Bolt|100/100
|turn|19
|
|t:|1779929062
|move|p1a: Great Neck|Thunder|p2a: Iron Crown
|-damage|p2a: Iron Crown|8/100 par
|move|p2a: Iron Crown|Stored Power|p1a: Great Neck
|-damage|p1a: Great Neck|0 fnt
|faint|p1a: Great Neck
|-end|p1a: Great Neck|Protosynthesis|[silent]
|
|-weather|RainDance|[upkeep]
|upkeep
|
|t:|1779929065
|switch|p1a: ExSkewda Me|Barraskewda, F|100/100
|turn|20
|
|t:|1779929072
|move|p1a: ExSkewda Me|Flip Turn|p2a: Iron Crown
|-damage|p2a: Iron Crown|0 fnt
|faint|p2a: Iron Crown
|-end|p2a: Iron Crown|Quark Drive|[silent]
|
|t:|1779929080
|switch|p1a: Seaking Duck|Golduck, M|100/100|[from] Flip Turn
|
|-weather|RainDance|[upkeep]
|upkeep
|
|t:|1779929084
|switch|p2a: Raging Bolt|Raging Bolt|100/100
|turn|21
|
|t:|1779929094
|move|p1a: Seaking Duck|Ice Beam|p2a: Raging Bolt
|-supereffective|p2a: Raging Bolt
|-damage|p2a: Raging Bolt|42/100
|-damage|p1a: Seaking Duck|91/100|[from] item: Life Orb
|move|p2a: Raging Bolt|Calm Mind|p2a: Raging Bolt
|-boost|p2a: Raging Bolt|spa|1
|-boost|p2a: Raging Bolt|spd|1
|
|-weather|RainDance|[upkeep]
|upkeep
|turn|22
|
|t:|1779929101
|switch|p1a: Spaghetti Too|Tentacruel, F|72/100
|move|p2a: Raging Bolt|Thunderclap||[still]
|-fail|p2a: Raging Bolt
|
|-weather|RainDance|[upkeep]
|-heal|p1a: Spaghetti Too|78/100|[from] ability: Rain Dish
|upkeep
|turn|23
|
|t:|1779929106
|move|p2a: Raging Bolt|Thunderbolt|p1a: Spaghetti Too
|-supereffective|p1a: Spaghetti Too
|-damage|p1a: Spaghetti Too|13/100
|move|p1a: Spaghetti Too|Poison Jab|p2a: Raging Bolt
|-damage|p2a: Raging Bolt|24/100
|
|-weather|RainDance|[upkeep]
|-heal|p1a: Spaghetti Too|19/100|[from] ability: Rain Dish
|upkeep
|turn|24
|
|t:|1779929113
|move|p2a: Raging Bolt|Thunderclap|p1a: Spaghetti Too
|-supereffective|p1a: Spaghetti Too
|-damage|p1a: Spaghetti Too|0 fnt
|faint|p1a: Spaghetti Too
|
|-weather|RainDance|[upkeep]
|upkeep
|
|t:|1779929118
|switch|p1a: Really want eject|Pawmot, F|25/100 psn
|turn|25
|
|t:|1779929124
|move|p1a: Really want eject|Revival Blessing|p1a: Really want eject
|-enditem|p1a: Really want eject|Leppa Berry|[eat]
|-activate|p1a: Really want eject|item: Leppa Berry|Revival Blessing|[consumed]
|
|t:|1779929139
|-heal|p1: Ghoti carrier|50/100|[from] move: Revival Blessing
|move|p2a: Raging Bolt|Dragon Pulse|p1a: Really want eject
|-damage|p1a: Really want eject|0 fnt
|faint|p1a: Really want eject
|
|-weather|none
|upkeep
|
|t:|1779929146
|switch|p1a: Ghoti carrier|Pelipper, L99, F|50/100
|-weather|RainDance|[from] ability: Drizzle|[of] p1a: Ghoti carrier
|turn|26
|
|t:|1779929155
|move|p2a: Raging Bolt|Thunderclap|p1a: Ghoti carrier
|-supereffective|p1a: Ghoti carrier
|-damage|p1a: Ghoti carrier|0 fnt
|faint|p1a: Ghoti carrier
|
|-weather|RainDance|[upkeep]
|upkeep
|
|t:|1779929163
|switch|p1a: Seaking Duck|Golduck, M|91/100
|turn|27
|
|t:|1779929166
|move|p2a: Raging Bolt|Thunderclap||[still]
|-fail|p2a: Raging Bolt
|move|p1a: Seaking Duck|Nasty Plot|p1a: Seaking Duck
|-boost|p1a: Seaking Duck|spa|2
|
|-weather|RainDance|[upkeep]
|upkeep
|turn|28
|
|t:|1779929171
|move|p1a: Seaking Duck|Vacuum Wave|p2a: Raging Bolt
|-damage|p2a: Raging Bolt|7/100
|-damage|p1a: Seaking Duck|81/100|[from] item: Life Orb
|move|p2a: Raging Bolt|Thunderclap||[still]
|-fail|p2a: Raging Bolt
|
|-weather|RainDance|[upkeep]
|upkeep
|turn|29
|
|t:|1779929175
|move|p1a: Seaking Duck|Vacuum Wave|p2a: Raging Bolt
|-damage|p2a: Raging Bolt|0 fnt
|faint|p2a: Raging Bolt
|-end|p2a: Raging Bolt|Protosynthesis|[silent]
|-damage|p1a: Seaking Duck|71/100|[from] item: Life Orb
|
|-weather|RainDance|[upkeep]
|upkeep
|
|t:|1779929181
|switch|p2a: Grimmsnarl|Grimmsnarl, M|48/100 par
|turn|30
|
|t:|1779929187
|cant|p2a: Grimmsnarl|par
|move|p1a: Seaking Duck|Ice Beam|p2a: Grimmsnarl
|-damage|p2a: Grimmsnarl|0 fnt
|faint|p2a: Grimmsnarl
|-damage|p1a: Seaking Duck|61/100|[from] item: Life Orb
|
|-weather|RainDance|[upkeep]
|upkeep
|
|t:|1779929195
|switch|p2a: Zamazenta|Zamazenta|100/100
|-ability|p2a: Zamazenta|Dauntless Shield|boost
|-boost|p2a: Zamazenta|def|1
|turn|31
|
|t:|1779929202
|-terastallize|p2a: Zamazenta|Dark
|move|p1a: Seaking Duck|Hydro Pump|p2a: Zamazenta
|-damage|p2a: Zamazenta|0 fnt
|faint|p2a: Zamazenta
|-damage|p1a: Seaking Duck|51/100|[from] item: Life Orb
|
|-weather|RainDance|[upkeep]
|upkeep
|
|t:|1779929209
|switch|p2a: Ogerpon|Ogerpon-Wellspring, F|100/100
|turn|32
|
|t:|1779929217
|move|p1a: Seaking Duck|Ice Beam|p2a: Ogerpon
|-damage|p2a: Ogerpon|21/100
|-damage|p1a: Seaking Duck|41/100|[from] item: Life Orb
|move|p2a: Ogerpon|Trailblaze|p1a: Seaking Duck
|-supereffective|p1a: Seaking Duck
|-damage|p1a: Seaking Duck|0 fnt
|-boost|p2a: Ogerpon|spe|1
|faint|p1a: Seaking Duck
|
|-weather|RainDance|[upkeep]
|upkeep
|
|t:|1779929223
|switch|p1a: ExSkewda Me|Barraskewda, F|100/100
|turn|33
|
|t:|1779929229
|-terastallize|p1a: ExSkewda Me|Poison
|move|p1a: ExSkewda Me|Poison Jab|p2a: Ogerpon
|-supereffective|p2a: Ogerpon
|-damage|p2a: Ogerpon|0 fnt
|faint|p2a: Ogerpon
|
|win|He Hao Yi
|raw|He Hao Yi's rating: 1000 &rarr; <strong>1052</strong><br />(+52 for winning)
|raw|Trubbish_stan901's rating: 1107 &rarr; <strong>1075</strong><br />(-32 for losing)
