|j|☆NeverUsedThisTeam
|j|☆kelwintro
|t:|1779809281
|gametype|singles
|player|p1|NeverUsedThisTeam|richboy-gen4|1146
|player|p2|kelwintro|cynthia-gen4|1127
|gen|9
|tier|[Gen 9] OU
|rated|
|rule|HP Percentage Mod: HP is shown in percentages
|rule|Endless Battle Clause: Forcing endless battles is banned
|rule|Species Clause: Limit one of each Pokémon
|rule|OHKO Clause: OHKO moves are banned
|rule|Evasion Items Clause: Evasion items are banned
|rule|Evasion Moves Clause: Evasion moves are banned
|rule|Evasion Abilities Clause: Evasion abilities are banned
|rule|Sleep Moves Clause: Sleep-inducing moves are banned
|clearpoke
|poke|p1|Leavanny, M|
|poke|p1|Blaziken, F|
|poke|p1|Quaquaval, F|
|poke|p1|Dragapult, F|
|poke|p1|Ting-Lu|
|poke|p1|Corviknight, M|
|poke|p2|Quaquaval, F|
|poke|p2|Garchomp, F|
|poke|p2|Galvantula, M|
|poke|p2|Meowscarada, M|
|poke|p2|Enamorus, F|
|poke|p2|Garganacl, F|
|teampreview
|
|t:|1779809285
|teamsize|p1|6
|teamsize|p2|6
|start
|switch|p1a: Dragapult|Dragapult, F|100/100
|switch|p2a: Galvantula|Galvantula, M, shiny|100/100
|turn|1
|
|t:|1779809289
|move|p1a: Dragapult|Dragon Darts|p2a: Galvantula
|-damage|p2a: Galvantula|36/100
|-anim|p1a: Dragapult|Dragon Darts|p2a: Galvantula
|-damage|p2a: Galvantula|0 fnt
|faint|p2a: Galvantula
|
|upkeep
|
|t:|1779809293
|switch|p2a: Enamorus|Enamorus, F|100/100
|turn|2
|
|t:|1779809301
|switch|p1a: Corviknight|Corviknight, M|100/100
|-ability|p1a: Corviknight|Pressure
|move|p2a: Enamorus|Moonblast|p1a: Corviknight
|-resisted|p1a: Corviknight
|-damage|p1a: Corviknight|76/100
|
|upkeep
|turn|3
|
|t:|1779809312
|move|p2a: Enamorus|Mystical Fire|p1a: Corviknight
|-supereffective|p1a: Corviknight
|-damage|p1a: Corviknight|20/100
|-unboost|p1a: Corviknight|spa|1
|move|p1a: Corviknight|U-turn|p2a: Enamorus
|-resisted|p2a: Enamorus
|-damage|p2a: Enamorus|95/100
|
|t:|1779809329
|switch|p1a: Blaziken|Blaziken, F|100/100|[from] U-turn
|
|-heal|p2a: Enamorus|100/100|[from] item: Leftovers
|upkeep
|turn|4
|
|t:|1779809335
|move|p2a: Enamorus|Moonblast|p1a: Blaziken
|-crit|p1a: Blaziken
|-damage|p1a: Blaziken|0 fnt
|faint|p1a: Blaziken
|
|upkeep
|
|t:|1779809356
|switch|p1a: Quaquaval|Quaquaval, F|100/100
|turn|5
|
|t:|1779809363
|-terastallize|p1a: Quaquaval|Steel
|move|p2a: Enamorus|Moonblast|p1a: Quaquaval
|-resisted|p1a: Quaquaval
|-crit|p1a: Quaquaval
|-damage|p1a: Quaquaval|48/100
|-unboost|p1a: Quaquaval|spa|1
|move|p1a: Quaquaval|Swords Dance|p1a: Quaquaval
|-boost|p1a: Quaquaval|atk|2
|
|upkeep
|turn|6
|
|t:|1779809371
|move|p2a: Enamorus|Mystical Fire|p1a: Quaquaval
|-supereffective|p1a: Quaquaval
|-damage|p1a: Quaquaval|0 fnt
|faint|p1a: Quaquaval
|
|upkeep
|
|t:|1779809377
|switch|p1a: Dragapult|Dragapult, F|100/100
|turn|7
|
|t:|1779809382
|move|p1a: Dragapult|Body Slam|p2a: Enamorus
|-damage|p2a: Enamorus|29/100
|-status|p2a: Enamorus|par
|move|p2a: Enamorus|Moonblast|p1a: Dragapult
|-supereffective|p1a: Dragapult
|-damage|p1a: Dragapult|0 fnt
|faint|p1a: Dragapult
|
|-heal|p2a: Enamorus|35/100 par|[from] item: Leftovers
|upkeep
|
|t:|1779809392
|switch|p1a: Corviknight|Corviknight, M|20/100
|-ability|p1a: Corviknight|Pressure
|turn|8
|
|t:|1779809397
|cant|p2a: Enamorus|par
|move|p1a: Corviknight|Brave Bird|p2a: Enamorus
|-damage|p2a: Enamorus|0 fnt
|faint|p2a: Enamorus
|-damage|p1a: Corviknight|12/100|[from] Recoil
|
|upkeep
|
|t:|1779809400
|switch|p2a: Quaquaval|Quaquaval, F|100/100
|turn|9
|
|t:|1779809403
|switch|p1a: Leavanny|Leavanny, M|100/100
|move|p2a: Quaquaval|Aqua Step|p1a: Leavanny
|-resisted|p1a: Leavanny
|-damage|p1a: Leavanny|76/100
|-boost|p2a: Quaquaval|spe|1
|
|upkeep
|turn|10
|
|t:|1779809413
|move|p2a: Quaquaval|Triple Axel|p1a: Leavanny
|-supereffective|p1a: Leavanny
|-damage|p1a: Leavanny|59/100
|-supereffective|p1a: Leavanny
|-damage|p1a: Leavanny|28/100
|-hitcount|p1a: Leavanny|2
|move|p1a: Leavanny|Reflect|p1a: Leavanny
|-sidestart|p1: NeverUsedThisTeam|Reflect
|
|upkeep
|turn|11
|
|t:|1779809424
|move|p2a: Quaquaval|Triple Axel|p1a: Leavanny
|-supereffective|p1a: Leavanny
|-damage|p1a: Leavanny|19/100
|-supereffective|p1a: Leavanny
|-crit|p1a: Leavanny
|-damage|p1a: Leavanny|0 fnt
|faint|p1a: Leavanny
|-ability|p2a: Quaquaval|Moxie|boost
|-boost|p2a: Quaquaval|atk|1
|-hitcount|p1: Leavanny|2
|
|upkeep
|
|t:|1779809428
|switch|p1a: Corviknight|Corviknight, M|12/100
|-ability|p1a: Corviknight|Pressure
|turn|12
|
|t:|1779809436
|move|p2a: Quaquaval|Aqua Step|p1a: Corviknight
|-damage|p1a: Corviknight|0 fnt
|-boost|p2a: Quaquaval|spe|1
|-damage|p2a: Quaquaval|84/100|[from] item: Rocky Helmet|[of] p1a: Corviknight
|faint|p1a: Corviknight
|-ability|p2a: Quaquaval|Moxie|boost
|-boost|p2a: Quaquaval|atk|1
|
|-heal|p2a: Quaquaval|90/100|[from] item: Leftovers
|upkeep
|
|t:|1779809468
|switch|p1a: Ting-Lu|Ting-Lu|100/100
|-ability|p1a: Ting-Lu|Vessel of Ruin
|turn|13
|
|t:|1779809475
|move|p2a: Quaquaval|Aqua Step|p1a: Ting-Lu
|-supereffective|p1a: Ting-Lu
|-crit|p1a: Ting-Lu
|-damage|p1a: Ting-Lu|0 fnt
|-boost|p2a: Quaquaval|spe|1
|faint|p1a: Ting-Lu
|
|win|kelwintro
|raw|NeverUsedThisTeam's rating: 1146 &rarr; <strong>1120</strong><br />(-26 for losing)
|raw|kelwintro's rating: 1127 &rarr; <strong>1153</strong><br />(+26 for winning)
|l|☆kelwintro
|player|p2|
|c|☆NeverUsedThisTeam|hey
|l|☆NeverUsedThisTeam
|player|p1|
