|j|☆dilf huntr
|j|☆azerbatts
|t:|1779886370
|gametype|singles
|player|p1|dilf huntr|266|1602
|player|p2|azerbatts|101|1570
|gen|9
|tier|[Gen 9] OU
|rated|
|rule|HP Percentage Mod: HP is shown in percentages
|rule|Endless Battle Clause: Forcing endless battles is banned
|rule|Species Clause: Limit one of each Pokémon
|rule|OHKO Clause: OHKO moves are banned
|rule|Evasion Items Clause: Evasion items are banned
|rule|Evasion Moves Clause: Evasion moves are banned
|rule|Evasion Abilities Clause: Evasion abilities are banned
|rule|Sleep Moves Clause: Sleep-inducing moves are banned
|clearpoke
|poke|p1|Ceruledge, F|
|poke|p1|Samurott-Hisui, M|
|poke|p1|Dragonite, M|
|poke|p1|Iron Valiant|
|poke|p1|Kingambit, F|
|poke|p1|Glimmora, F|
|poke|p2|Iron Valiant|
|poke|p2|Dondozo, M|
|poke|p2|Corviknight, M|
|poke|p2|Blissey, F|
|poke|p2|Great Tusk|
|poke|p2|Cinderace, M|
|teampreview
|
|t:|1779886381
|teamsize|p1|6
|teamsize|p2|6
|start
|switch|p1a: Glimmora|Glimmora, F|100/100
|switch|p2a: Cinderace|Cinderace, M|100/100
|turn|1
|
|t:|1779886391
|switch|p1a: Ceruledge|Ceruledge, F|100/100
|move|p2a: Cinderace|U-turn|p1a: Ceruledge
|-start|p2a: Cinderace|typechange|Bug|[from] ability: Libero
|-resisted|p1a: Ceruledge
|-damage|p1a: Ceruledge|88/100
|-ability|p1a: Ceruledge|Weak Armor|boost
|-unboost|p1a: Ceruledge|def|1
|-boost|p1a: Ceruledge|spe|2
|
|t:|1779886394
|switch|p2a: Dondozo|Dondozo, M|100/100|[from] U-turn
|
|upkeep
|turn|2
|
|t:|1779886400
|move|p1a: Ceruledge|Bitter Blade|p2a: Dondozo
|-resisted|p2a: Dondozo
|-damage|p2a: Dondozo|90/100
|-heal|p1a: Ceruledge|97/100|[from] drain|[of] p2a: Dondozo
|move|p2a: Dondozo|Liquidation|p1a: Ceruledge
|-supereffective|p1a: Ceruledge
|-damage|p1a: Ceruledge|7/100
|-unboost|p1a: Ceruledge|def|1
|-ability|p1a: Ceruledge|Weak Armor|boost
|-unboost|p1a: Ceruledge|def|1
|-boost|p1a: Ceruledge|spe|2
|
|-heal|p2a: Dondozo|97/100|[from] item: Leftovers
|upkeep
|turn|3
|
|t:|1779886407
|move|p1a: Ceruledge|Destiny Bond|p1a: Ceruledge
|-singlemove|p1a: Ceruledge|Destiny Bond
|move|p2a: Dondozo|Liquidation|p1a: Ceruledge
|-supereffective|p1a: Ceruledge
|-damage|p1a: Ceruledge|0 fnt
|faint|p1a: Ceruledge
|-activate|p1a: Ceruledge|move: Destiny Bond
|faint|p2a: Dondozo
|
|upkeep
|
|t:|1779886423
|switch|p1a: Glimmora|Glimmora, F|100/100
|switch|p2a: Great Tusk|Great Tusk|100/100
|turn|4
|
|t:|1779886429
|move|p2a: Great Tusk|Headlong Rush|p1a: Glimmora
|-supereffective|p1a: Glimmora
|-enditem|p1a: Glimmora|Focus Sash
|-damage|p1a: Glimmora|1/100
|-unboost|p2a: Great Tusk|def|1
|-unboost|p2a: Great Tusk|spd|1
|-activate|p1a: Glimmora|ability: Toxic Debris
|-sidestart|p2: azerbatts|move: Toxic Spikes
|move|p1a: Glimmora|Energy Ball|p2a: Great Tusk
|-supereffective|p2a: Great Tusk
|-damage|p2a: Great Tusk|0 fnt
|faint|p2a: Great Tusk
|-end|p2a: Great Tusk|Protosynthesis|[silent]
|
|upkeep
|
|t:|1779886434
|switch|p2a: Corviknight|Corviknight, M|100/100
|-ability|p2a: Corviknight|Pressure
|turn|5
|
|t:|1779886448
|switch|p1a: Samurott|Samurott-Hisui, M|100/100
|move|p2a: Corviknight|Defog|p1a: Samurott
|-unboost|p1a: Samurott|evasion|1
|-sideend|p2: azerbatts|Toxic Spikes|[from] move: Defog|[of] p2a: Corviknight
|
|upkeep
|turn|6
|
|t:|1779886462
|move|p1a: Samurott|Ceaseless Edge|p2a: Corviknight
|-damage|p2a: Corviknight|72/100
|-damage|p1a: Samurott|84/100|[from] item: Rocky Helmet|[of] p2a: Corviknight
|-sidestart|p2: azerbatts|Spikes
|move|p2a: Corviknight|U-turn|p1a: Samurott
|-supereffective|p1a: Samurott
|-damage|p1a: Samurott|50/100
|
|t:|1779886465
|switch|p2a: Cinderace|Cinderace, M|100/100|[from] U-turn
|-damage|p2a: Cinderace|88/100|[from] Spikes
|
|upkeep
|turn|7
|
|t:|1779886476
|switch|p1a: Glimmora|Glimmora, F|1/100
|move|p2a: Cinderace|U-turn|p1a: Glimmora
|-start|p2a: Cinderace|typechange|Bug|[from] ability: Libero
|-resisted|p1a: Glimmora
|-damage|p1a: Glimmora|0 fnt
|-activate|p1a: Glimmora|ability: Toxic Debris
|-sidestart|p2: azerbatts|move: Toxic Spikes
|faint|p1a: Glimmora
|
|t:|1779886478
|switch|p2a: Corviknight|Corviknight, M|72/100|[from] U-turn
|-ability|p2a: Corviknight|Pressure
|
|upkeep
|
|t:|1779886505
|switch|p1a: Samurott|Samurott-Hisui, M|50/100
|turn|8
|
|t:|1779886516
|move|p1a: Samurott|Razor Shell|p2a: Corviknight
|-damage|p2a: Corviknight|39/100
|-damage|p1a: Samurott|33/100|[from] item: Rocky Helmet|[of] p2a: Corviknight
|move|p2a: Corviknight|Defog|p1a: Samurott
|-unboost|p1a: Samurott|evasion|1
|-sideend|p2: azerbatts|Spikes|[from] move: Defog|[of] p2a: Corviknight
|-sideend|p2: azerbatts|Toxic Spikes|[from] move: Defog|[of] p2a: Corviknight
|
|upkeep
|turn|9
|
|t:|1779886523
|move|p1a: Samurott|Razor Shell|p2a: Corviknight
|-damage|p2a: Corviknight|10/100
|-damage|p1a: Samurott|17/100|[from] item: Rocky Helmet|[of] p2a: Corviknight
|move|p2a: Corviknight|Roost|p2a: Corviknight
|-heal|p2a: Corviknight|60/100
|-singleturn|p2a: Corviknight|move: Roost
|
|upkeep
|turn|10
|
|t:|1779886527
|move|p1a: Samurott|Razor Shell|p2a: Corviknight
|-damage|p2a: Corviknight|29/100
|-damage|p1a: Samurott|0 fnt|[from] item: Rocky Helmet|[of] p2a: Corviknight
|faint|p1a: Samurott
|move|p2a: Corviknight|Roost|p2a: Corviknight
|-heal|p2a: Corviknight|79/100
|-singleturn|p2a: Corviknight|move: Roost
|
|upkeep
|
|t:|1779886536
|switch|p1a: Kingambit|Kingambit, F, shiny|100/100
|-activate|p1a: Kingambit|ability: Supreme Overlord
|-start|p1a: Kingambit|fallen3|[silent]
|turn|11
|
|t:|1779886545
|move|p1a: Kingambit|Swords Dance|p1a: Kingambit
|-boost|p1a: Kingambit|atk|2
|move|p2a: Corviknight|U-turn|p1a: Kingambit
|-damage|p1a: Kingambit|89/100
|
|t:|1779886549
|switch|p2a: Iron Valiant|Iron Valiant|100/100|[from] U-turn
|
|upkeep
|turn|12
|
|t:|1779886582
|move|p2a: Iron Valiant|Vacuum Wave|p1a: Kingambit
|-supereffective|p1a: Kingambit
|-damage|p1a: Kingambit|0 fnt
|faint|p1a: Kingambit
|-end|p1a: Kingambit|fallen3|[silent]
|
|upkeep
|
|t:|1779886591
|switch|p1a: Iron Valiant|Iron Valiant|100/100
|-enditem|p1a: Iron Valiant|Booster Energy
|-activate|p1a: Iron Valiant|ability: Quark Drive|[fromitem]
|-start|p1a: Iron Valiant|quarkdrivespe
|turn|13
|
|t:|1779886595
|-end|p2a: Iron Valiant|Quark Drive|[silent]
|switch|p2a: Blissey|Blissey, F|100/100
|move|p1a: Iron Valiant|Calm Mind|p1a: Iron Valiant
|-boost|p1a: Iron Valiant|spa|1
|-boost|p1a: Iron Valiant|spd|1
|
|upkeep
|turn|14
|
|t:|1779886598
|move|p1a: Iron Valiant|Calm Mind|p1a: Iron Valiant
|-boost|p1a: Iron Valiant|spa|1
|-boost|p1a: Iron Valiant|spd|1
|move|p2a: Blissey|Seismic Toss|p1a: Iron Valiant
|-damage|p1a: Iron Valiant|66/100
|
|upkeep
|turn|15
|
|t:|1779886604
|move|p1a: Iron Valiant|Calm Mind|p1a: Iron Valiant
|-boost|p1a: Iron Valiant|spa|1
|-boost|p1a: Iron Valiant|spd|1
|move|p2a: Blissey|Seismic Toss|p1a: Iron Valiant
|-damage|p1a: Iron Valiant|32/100
|
|upkeep
|turn|16
|
|t:|1779886612
|-terastallize|p1a: Iron Valiant|Fairy
|move|p1a: Iron Valiant|Moonblast|p2a: Blissey
|-damage|p2a: Blissey|53/100
|move|p2a: Blissey|Seismic Toss|p1a: Iron Valiant
|-damage|p1a: Iron Valiant|0 fnt
|faint|p1a: Iron Valiant
|-end|p1a: Iron Valiant|Quark Drive|[silent]
|
|-heal|p2a: Blissey|60/100|[from] item: Leftovers
|upkeep
|
|t:|1779886615
|switch|p1a: Dragonite|Dragonite, M|100/100
|turn|17
|
|t:|1779886618
|move|p1a: Dragonite|Dragon Dance|p1a: Dragonite
|-boost|p1a: Dragonite|atk|1
|-boost|p1a: Dragonite|spe|1
|move|p2a: Blissey|Seismic Toss|p1a: Dragonite
|-damage|p1a: Dragonite|70/100
|
|-heal|p2a: Blissey|66/100|[from] item: Leftovers
|upkeep
|turn|18
|
|t:|1779886622
|move|p1a: Dragonite|Dragon Dance|p1a: Dragonite
|-boost|p1a: Dragonite|atk|1
|-boost|p1a: Dragonite|spe|1
|move|p2a: Blissey|Seismic Toss|p1a: Dragonite
|-damage|p1a: Dragonite|39/100
|
|-heal|p2a: Blissey|72/100|[from] item: Leftovers
|upkeep
|turn|19
|
|t:|1779886630
|move|p1a: Dragonite|Dragon Dance|p1a: Dragonite
|-boost|p1a: Dragonite|atk|1
|-boost|p1a: Dragonite|spe|1
|move|p2a: Blissey|Seismic Toss|p1a: Dragonite
|-damage|p1a: Dragonite|8/100
|
|-heal|p2a: Blissey|78/100|[from] item: Leftovers
|upkeep
|turn|20
|
|t:|1779886633
|move|p1a: Dragonite|Earthquake|p2a: Blissey
|-damage|p2a: Blissey|0 fnt
|faint|p2a: Blissey
|
|upkeep
|
|t:|1779886636
|switch|p2a: Iron Valiant|Iron Valiant|100/100
|turn|21
|
|t:|1779886639
|-terastallize|p2a: Iron Valiant|Ghost
|move|p1a: Dragonite|Extreme Speed|p2a: Iron Valiant
|-immune|p2a: Iron Valiant
|move|p2a: Iron Valiant|Vacuum Wave|p1a: Dragonite
|-resisted|p1a: Dragonite
|-damage|p1a: Dragonite|0 fnt
|faint|p1a: Dragonite
|
|win|azerbatts
|raw|dilf huntr's rating: 1602 &rarr; <strong>1580</strong><br />(-22 for losing)
|raw|azerbatts's rating: 1570 &rarr; <strong>1592</strong><br />(+22 for winning)
|c|☆azerbatts|GG
|l|☆azerbatts
|player|p2|
