|j|☆trump chicken
|j|☆talljake7
|t:|1779803688
|gametype|singles
|player|p1|trump chicken|169|1267
|player|p2|talljake7|ethan|1195
|gen|9
|tier|[Gen 9] OU
|rated|
|rule|HP Percentage Mod: HP is shown in percentages
|rule|Endless Battle Clause: Forcing endless battles is banned
|rule|Species Clause: Limit one of each Pokémon
|rule|OHKO Clause: OHKO moves are banned
|rule|Evasion Items Clause: Evasion items are banned
|rule|Evasion Moves Clause: Evasion moves are banned
|rule|Evasion Abilities Clause: Evasion abilities are banned
|rule|Sleep Moves Clause: Sleep-inducing moves are banned
|clearpoke
|poke|p1|Corviknight, M|
|poke|p1|Ogerpon, F|
|poke|p1|Iron Moth|
|poke|p1|Slowking-Galar, M|
|poke|p1|Skeledirge, M|
|poke|p1|Dragonite, F|
|poke|p2|Zoroark, M|
|poke|p2|Blastoise, F|
|poke|p2|Goodra-Hisui, M|
|poke|p2|Mimikyu, F|
|poke|p2|Kingambit, F|
|poke|p2|Hypno, F|
|teampreview
|inactive|Battle timer is ON: inactive players will automatically lose when time's up. (requested by trump chicken)
|
|t:|1779803698
|teamsize|p1|6
|teamsize|p2|6
|start
|switch|p1a: Dragonite|Dragonite, F|100/100
|switch|p2a: Hypno|Hypno, F|100/100
|turn|1
|inactive|trump chicken has 120 seconds left.
|
|t:|1779803741
|move|p2a: Hypno|Nasty Plot|p2a: Hypno
|-boost|p2a: Hypno|spa|2
|move|p1a: Dragonite|Dragon Dance|p1a: Dragonite
|-boost|p1a: Dragonite|atk|1
|-boost|p1a: Dragonite|spe|1
|
|upkeep
|turn|2
|
|t:|1779803762
|move|p1a: Dragonite|Earthquake|p2a: Hypno
|-damage|p2a: Hypno|0 fnt
|replace|p2a: Zoroark|Zoroark, M
|-end|p2a: Zoroark|Illusion
|faint|p2a: Zoroark
|
|upkeep
|inactive|talljake7 has 120 seconds left.
|
|t:|1779803779
|switch|p2a: Blastoise|Blastoise, F|100/100
|turn|3
|inactive|trump chicken has 120 seconds left.
|
|t:|1779803800
|-terastallize|p1a: Dragonite|Normal
|move|p1a: Dragonite|Extreme Speed|p2a: Blastoise
|-damage|p2a: Blastoise|39/100
|move|p2a: Blastoise|Shell Smash|p2a: Blastoise
|-unboost|p2a: Blastoise|def|1
|-unboost|p2a: Blastoise|spd|1
|-boost|p2a: Blastoise|atk|2
|-boost|p2a: Blastoise|spa|2
|-boost|p2a: Blastoise|spe|2
|-enditem|p2a: Blastoise|White Herb
|-clearnegativeboost|p2a: Blastoise|[silent]
|
|upkeep
|turn|4
|
|t:|1779803818
|move|p1a: Dragonite|Extreme Speed|p2a: Blastoise
|-damage|p2a: Blastoise|0 fnt
|faint|p2a: Blastoise
|
|upkeep
|inactive|talljake7 has 120 seconds left.
|
|t:|1779803837
|switch|p2a: Goodra|Goodra-Hisui, M|100/100
|turn|5
|
|t:|1779803845
|move|p1a: Dragonite|Earthquake|p2a: Goodra
|-supereffective|p2a: Goodra
|-damage|p2a: Goodra|0 fnt
|faint|p2a: Goodra
|
|upkeep
|inactive|talljake7 has 120 seconds left.
|
|t:|1779803860
|switch|p2a: Hypno|Hypno, F|100/100
|turn|6
|inactive|talljake7 has 120 seconds left.
|
|t:|1779803884
|move|p1a: Dragonite|Earthquake|p2a: Hypno
|-damage|p2a: Hypno|7/100
|move|p2a: Hypno|Psychic|p1a: Dragonite
|-damage|p1a: Dragonite|80/100
|
|upkeep
|turn|7
|
|t:|1779803890
|move|p1a: Dragonite|Earthquake|p2a: Hypno
|-damage|p2a: Hypno|0 fnt
|faint|p2a: Hypno
|
|upkeep
|
|t:|1779803907
|switch|p2a: Mimikyu|Mimikyu, F|100/100
|turn|8
|inactive|talljake7 has 90 seconds left.
|
|t:|1779803942
|move|p1a: Dragonite|Earthquake|p2a: Mimikyu
|-activate|p2a: Mimikyu|ability: Disguise
|-damage|p2a: Mimikyu|100/100
|detailschange|p2a: Mimikyu|Mimikyu-Busted, F
|-damage|p2a: Mimikyu|88/100|[from] pokemon: Mimikyu-Busted
|move|p2a: Mimikyu|Play Rough|p1a: Dragonite
|-damage|p1a: Dragonite|32/100
|-unboost|p1a: Dragonite|atk|1
|
|upkeep
|turn|9
|
|t:|1779803951
|move|p1a: Dragonite|Earthquake|p2a: Mimikyu
|-damage|p2a: Mimikyu|27/100
|move|p2a: Mimikyu|Play Rough|p1a: Dragonite
|-damage|p1a: Dragonite|0 fnt
|faint|p1a: Dragonite
|
|upkeep
|
|t:|1779803959
|switch|p1a: Ogerpon|Ogerpon, F|100/100
|turn|10
|
|t:|1779803966
|move|p2a: Mimikyu|Shadow Sneak|p1a: Ogerpon
|-damage|p1a: Ogerpon|72/100
|move|p1a: Ogerpon|Ivy Cudgel|p2a: Mimikyu
|-damage|p2a: Mimikyu|0 fnt
|faint|p2a: Mimikyu
|
|upkeep
|inactive|talljake7 has 90 seconds left.
|inactive|talljake7 has 60 seconds left.
|
|t:|1779804011
|switch|p2a: Kingambit|Kingambit, F|100/100
|-activate|p2a: Kingambit|ability: Supreme Overlord
|-start|p2a: Kingambit|fallen5|[silent]
|turn|11
|
|t:|1779804020
|move|p1a: Ogerpon|Ivy Cudgel|p2a: Kingambit
|-resisted|p2a: Kingambit
|-damage|p2a: Kingambit|71/100
|move|p2a: Kingambit|Swords Dance|p2a: Kingambit
|-boost|p2a: Kingambit|atk|2
|
|upkeep
|turn|12
|
|t:|1779804025
|move|p1a: Ogerpon|Ivy Cudgel|p2a: Kingambit
|-resisted|p2a: Kingambit
|-damage|p2a: Kingambit|44/100
|move|p2a: Kingambit|Swords Dance|p2a: Kingambit
|-boost|p2a: Kingambit|atk|2
|
|upkeep
|turn|13
|
|t:|1779804031
|move|p2a: Kingambit|Sucker Punch|p1a: Ogerpon
|-damage|p1a: Ogerpon|0 fnt
|faint|p1a: Ogerpon
|
|upkeep
|
|t:|1779804035
|switch|p1a: Corviknight|Corviknight, M|100/100
|turn|14
|
|t:|1779804041
|move|p2a: Kingambit|Sucker Punch|p1a: Corviknight
|-damage|p1a: Corviknight|0 fnt
|-damage|p2a: Kingambit|27/100|[from] item: Rocky Helmet|[of] p1a: Corviknight
|faint|p1a: Corviknight
|
|upkeep
|
|t:|1779804053
|switch|p1a: Skeledirge|Skeledirge, M|100/100
|turn|15
|
|t:|1779804062
|move|p2a: Kingambit|Sucker Punch|p1a: Skeledirge
|-supereffective|p1a: Skeledirge
|-damage|p1a: Skeledirge|2/100
|-enditem|p1a: Skeledirge|Sitrus Berry|[eat]
|-heal|p1a: Skeledirge|27/100|[from] item: Sitrus Berry
|move|p1a: Skeledirge|Torch Song|p2a: Kingambit
|-supereffective|p2a: Kingambit
|-damage|p2a: Kingambit|0 fnt
|-boost|p1a: Skeledirge|spa|1
|faint|p2a: Kingambit
|-end|p2a: Kingambit|fallen5|[silent]
|
|win|trump chicken
|raw|trump chicken's rating: 1267 &rarr; <strong>1287</strong><br />(+20 for winning)
|raw|talljake7's rating: 1195 &rarr; <strong>1175</strong><br />(-20 for losing)
|l|☆talljake7
|player|p2|
|l|☆trump chicken
|player|p1|
