|j|☆Pog Dawg
|j|☆Idoth Pocket
|t:|1779970473
|gametype|singles
|player|p1|Pog Dawg|170|1159
|player|p2|Idoth Pocket|bugcatcher-gen4dp|1093
|gen|9
|tier|[Gen 9] OU
|rated|
|rule|HP Percentage Mod: HP is shown in percentages
|rule|Endless Battle Clause: Forcing endless battles is banned
|rule|Species Clause: Limit one of each Pokémon
|rule|OHKO Clause: OHKO moves are banned
|rule|Evasion Items Clause: Evasion items are banned
|rule|Evasion Moves Clause: Evasion moves are banned
|rule|Evasion Abilities Clause: Evasion abilities are banned
|rule|Sleep Moves Clause: Sleep-inducing moves are banned
|clearpoke
|poke|p1|Gliscor, M|
|poke|p1|Magnezone|
|poke|p1|Arcanine-Hisui, F|
|poke|p1|Hatterene, F|
|poke|p1|Sceptile, M|
|poke|p1|Barraskewda, F|
|poke|p2|Scizor, M|
|poke|p2|Araquanid, M|
|poke|p2|Kleavor, M|
|poke|p2|Ribombee, F|
|poke|p2|Forretress, M|
|poke|p2|Yanmega, M|
|teampreview
|inactive|Battle timer is ON: inactive players will automatically lose when time's up. (requested by Idoth Pocket)
|
|t:|1779970489
|teamsize|p1|6
|teamsize|p2|6
|start
|switch|p1a: Barraskewda|Barraskewda, F|100/100
|switch|p2a: Kleavor|Kleavor, M|100/100
|turn|1
|c|☆Idoth Pocket|Does my team bug you?
|
|t:|1779970504
|move|p1a: Barraskewda|Flip Turn|p2a: Kleavor
|-supereffective|p2a: Kleavor
|-enditem|p2a: Kleavor|Focus Sash
|-damage|p2a: Kleavor|1/100
|
|t:|1779970519
|switch|p1a: Arcanine|Arcanine-Hisui, F|100/100|[from] Flip Turn
|move|p2a: Kleavor|Stealth Rock|p1a: Arcanine
|-sidestart|p1: Pog Dawg|move: Stealth Rock
|
|upkeep
|turn|2
|
|t:|1779970528
|move|p1a: Arcanine|Flare Blitz|p2a: Kleavor
|-damage|p2a: Kleavor|0 fnt
|faint|p2a: Kleavor
|
|upkeep
|
|t:|1779970533
|switch|p2a: Araquanid|Araquanid, M, shiny|100/100
|turn|3
|
|t:|1779970539
|move|p1a: Arcanine|Wild Charge|p2a: Araquanid
|-supereffective|p2a: Araquanid
|-damage|p2a: Araquanid|21/100
|move|p2a: Araquanid|Surf|p1a: Arcanine
|-supereffective|p1a: Arcanine
|-damage|p1a: Arcanine|0 fnt
|faint|p1a: Arcanine
|
|-heal|p2a: Araquanid|27/100|[from] item: Leftovers
|upkeep
|
|t:|1779970556
|switch|p1a: Sceptile|Sceptile, M|100/100
|-damage|p1a: Sceptile|88/100|[from] Stealth Rock
|turn|4
|
|t:|1779970565
|move|p1a: Sceptile|Leaf Blade|p2a: Araquanid
|-damage|p2a: Araquanid|0 fnt
|faint|p2a: Araquanid
|
|upkeep
|
|t:|1779970571
|switch|p2a: Scizor|Scizor, M, shiny|100/100
|turn|5
|
|t:|1779970577
|move|p1a: Sceptile|Swords Dance|p1a: Sceptile
|-boost|p1a: Sceptile|atk|2
|move|p2a: Scizor|Swords Dance|p2a: Scizor
|-boost|p2a: Scizor|atk|2
|
|upkeep
|turn|6
|
|t:|1779970585
|move|p2a: Scizor|Bullet Punch|p1a: Sceptile
|-damage|p1a: Sceptile|0 fnt
|faint|p1a: Sceptile
|
|upkeep
|
|t:|1779970590
|switch|p1a: Magnezone|Magnezone|100/100
|-damage|p1a: Magnezone|94/100|[from] Stealth Rock
|turn|7
|
|t:|1779970595
|move|p2a: Scizor|Knock Off|p1a: Magnezone
|-damage|p1a: Magnezone|40/100
|-enditem|p1a: Magnezone|Leftovers|[from] move: Knock Off|[of] p2a: Scizor
|move|p1a: Magnezone|Iron Defense|p1a: Magnezone
|-boost|p1a: Magnezone|def|2
|
|upkeep
|turn|8
|
|t:|1779970603
|move|p2a: Scizor|Knock Off|p1a: Magnezone
|-damage|p1a: Magnezone|21/100
|move|p1a: Magnezone|Body Press|p2a: Scizor
|-damage|p2a: Scizor|43/100
|
|upkeep
|turn|9
|
|t:|1779970614
|move|p2a: Scizor|Bullet Punch|p1a: Magnezone
|-resisted|p1a: Magnezone
|-damage|p1a: Magnezone|14/100
|move|p1a: Magnezone|Body Press|p2a: Scizor
|-damage|p2a: Scizor|0 fnt
|faint|p2a: Scizor
|
|upkeep
|
|t:|1779970622
|switch|p2a: Forretress|Forretress, M|100/100
|turn|10
|
|t:|1779970631
|move|p1a: Magnezone|Body Press|p2a: Forretress
|-damage|p2a: Forretress|63/100
|-damage|p1a: Magnezone|0 fnt|[from] item: Rocky Helmet|[of] p2a: Forretress
|faint|p1a: Magnezone
|move|p2a: Forretress|Rapid Spin|p1: Magnezone|[notarget]
|-fail|p2a: Forretress
|
|upkeep
|
|t:|1779970643
|switch|p1a: Gliscor|Gliscor, M|100/100
|-damage|p1a: Gliscor|88/100|[from] Stealth Rock
|turn|11
|
|t:|1779970647
|move|p1a: Gliscor|Sand Tomb|p2a: Forretress|[miss]
|-miss|p1a: Gliscor|p2a: Forretress
|move|p2a: Forretress|Ice Spinner|p1a: Gliscor
|-supereffective|p1a: Gliscor
|-damage|p1a: Gliscor|44/100
|
|-status|p1a: Gliscor|tox|[from] item: Toxic Orb
|upkeep
|turn|12
|
|t:|1779970658
|move|p1a: Gliscor|Protect|p1a: Gliscor
|-singleturn|p1a: Gliscor|Protect
|move|p2a: Forretress|Ice Spinner|p1a: Gliscor
|-activate|p1a: Gliscor|move: Protect
|
|-heal|p1a: Gliscor|56/100 tox|[from] ability: Poison Heal
|upkeep
|turn|13
|
|t:|1779970671
|move|p1a: Gliscor|Sand Tomb|p2a: Forretress
|-damage|p2a: Forretress|55/100
|-activate|p2a: Forretress|move: Sand Tomb|[of] p1a: Gliscor
|move|p2a: Forretress|Ice Spinner|p1a: Gliscor
|-supereffective|p1a: Gliscor
|-damage|p1a: Gliscor|13/100 tox
|
|-heal|p1a: Gliscor|26/100 tox|[from] ability: Poison Heal
|-damage|p2a: Forretress|43/100|[from] move: Sand Tomb|[partiallytrapped]
|upkeep
|turn|14
|
|t:|1779970683
|move|p1a: Gliscor|Protect|p1a: Gliscor
|-singleturn|p1a: Gliscor|Protect
|move|p2a: Forretress|Iron Defense|p2a: Forretress
|-boost|p2a: Forretress|def|2
|
|-heal|p1a: Gliscor|38/100 tox|[from] ability: Poison Heal
|-damage|p2a: Forretress|30/100|[from] move: Sand Tomb|[partiallytrapped]
|upkeep
|turn|15
|
|t:|1779970692
|move|p1a: Gliscor|Substitute|p1a: Gliscor
|-start|p1a: Gliscor|Substitute
|-damage|p1a: Gliscor|13/100 tox
|move|p2a: Forretress|Ice Spinner|p1a: Gliscor
|-supereffective|p1a: Gliscor
|-end|p1a: Gliscor|Substitute
|
|-heal|p1a: Gliscor|26/100 tox|[from] ability: Poison Heal
|-damage|p2a: Forretress|18/100|[from] move: Sand Tomb|[partiallytrapped]
|upkeep
|turn|16
|
|t:|1779970705
|move|p1a: Gliscor|Protect|p1a: Gliscor
|-singleturn|p1a: Gliscor|Protect
|move|p2a: Forretress|Iron Defense|p2a: Forretress
|-boost|p2a: Forretress|def|2
|
|-heal|p1a: Gliscor|38/100 tox|[from] ability: Poison Heal
|-damage|p2a: Forretress|6/100|[from] move: Sand Tomb|[partiallytrapped]
|upkeep
|turn|17
|
|t:|1779970715
|move|p1a: Gliscor|Substitute|p1a: Gliscor
|-start|p1a: Gliscor|Substitute
|-damage|p1a: Gliscor|13/100 tox
|move|p2a: Forretress|Ice Spinner|p1a: Gliscor
|-supereffective|p1a: Gliscor
|-end|p1a: Gliscor|Substitute
|
|-heal|p1a: Gliscor|26/100 tox|[from] ability: Poison Heal
|-damage|p2a: Forretress|0 fnt|[from] move: Sand Tomb|[partiallytrapped]
|faint|p2a: Forretress
|upkeep
|
|t:|1779970727
|switch|p2a: Yanmega|Yanmega, M|100/100
|turn|18
|
|t:|1779970733
|-terastallize|p2a: Yanmega|Ghost
|move|p2a: Yanmega|Shadow Ball|p1a: Gliscor
|-damage|p1a: Gliscor|0 fnt
|faint|p1a: Gliscor
|
|-ability|p2a: Yanmega|Speed Boost|boost
|-boost|p2a: Yanmega|spe|1
|upkeep
|
|t:|1779970742
|switch|p1a: Barraskewda|Barraskewda, F|100/100
|-damage|p1a: Barraskewda|88/100|[from] Stealth Rock
|turn|19
|
|t:|1779970755
|-terastallize|p1a: Barraskewda|Water
|move|p2a: Yanmega|Shadow Ball|p1a: Barraskewda
|-damage|p1a: Barraskewda|0 fnt
|faint|p1a: Barraskewda
|
|-ability|p2a: Yanmega|Speed Boost|boost
|-boost|p2a: Yanmega|spe|1
|upkeep
|
|t:|1779970763
|switch|p1a: Hatterene|Hatterene, F|100/100
|-damage|p1a: Hatterene|88/100|[from] Stealth Rock
|turn|20
|c|☆Idoth Pocket|Gg
|
|t:|1779970769
|move|p2a: Yanmega|Shadow Ball|p1a: Hatterene
|-supereffective|p1a: Hatterene
|-damage|p1a: Hatterene|31/100
|move|p1a: Hatterene|Nuzzle|p2a: Yanmega
|-damage|p2a: Yanmega|95/100
|-status|p2a: Yanmega|par
|
|-heal|p2a: Yanmega|100/100 par|[from] item: Leftovers
|-ability|p2a: Yanmega|Speed Boost|boost
|-boost|p2a: Yanmega|spe|1
|upkeep
|turn|21
|
|t:|1779970781
|cant|p2a: Yanmega|par
|move|p1a: Hatterene|Shadow Ball|p2a: Yanmega
|-supereffective|p2a: Yanmega
|-damage|p2a: Yanmega|0 fnt
|faint|p2a: Yanmega
|
|upkeep
|
|t:|1779970788
|switch|p2a: Ribombee|Ribombee, F|100/100
|turn|22
|
|t:|1779970793
|move|p2a: Ribombee|Bug Buzz|p1a: Hatterene
|-damage|p1a: Hatterene|6/100
|move|p1a: Hatterene|Nuzzle|p2a: Ribombee
|-damage|p2a: Ribombee|93/100
|
|upkeep
|turn|23
|
|t:|1779970803
|move|p2a: Ribombee|Bug Buzz|p1a: Hatterene
|-damage|p1a: Hatterene|0 fnt
|faint|p1a: Hatterene
|
|win|Idoth Pocket
|raw|Pog Dawg's rating: 1159 &rarr; <strong>1129</strong><br />(-30 for losing)
|raw|Idoth Pocket's rating: 1093 &rarr; <strong>1124</strong><br />(+31 for winning)
|l|☆Idoth Pocket
|player|p2|
|l|☆Pog Dawg
|player|p1|
