|j|☆S26340
|j|☆Cheesefriezz
|t:|1779826540
|gametype|singles
|player|p1|S26340|hilbert-wonderlauncher|1037
|player|p2|Cheesefriezz|n|1084
|gen|9
|tier|[Gen 9] OU
|rated|
|rule|HP Percentage Mod: HP is shown in percentages
|rule|Endless Battle Clause: Forcing endless battles is banned
|rule|Species Clause: Limit one of each Pokémon
|rule|OHKO Clause: OHKO moves are banned
|rule|Evasion Items Clause: Evasion items are banned
|rule|Evasion Moves Clause: Evasion moves are banned
|rule|Evasion Abilities Clause: Evasion abilities are banned
|rule|Sleep Moves Clause: Sleep-inducing moves are banned
|clearpoke
|poke|p1|Eelektross, M|
|poke|p1|Typhlosion-Hisui, M|
|poke|p1|Scizor, M|
|poke|p1|Salamence, M|
|poke|p1|Weavile, M|
|poke|p1|Greninja-*, M|
|poke|p2|Samurott-Hisui, M|
|poke|p2|Leafeon, M|
|poke|p2|Moltres|
|poke|p2|Ninetales, F|
|poke|p2|Kommo-o, M|
|poke|p2|Glimmora, F|
|teampreview
|
|t:|1779826550
|teamsize|p1|6
|teamsize|p2|6
|start
|switch|p1a: Greninja|Greninja, M|100/100
|switch|p2a: Glimmora|Glimmora, F|100/100
|turn|1
|
|t:|1779826558
|move|p1a: Greninja|Surf|p2a: Glimmora
|-supereffective|p2a: Glimmora
|-enditem|p2a: Glimmora|Focus Sash
|-damage|p2a: Glimmora|1/100
|move|p2a: Glimmora|Stealth Rock|p1a: Greninja
|-sidestart|p1: S26340|move: Stealth Rock
|
|upkeep
|turn|2
|
|t:|1779826568
|move|p1a: Greninja|Dark Pulse|p2a: Glimmora
|-damage|p2a: Glimmora|0 fnt
|faint|p2a: Glimmora
|-ability|p1a: Greninja|Battle Bond|boost
|-boost|p1a: Greninja|atk|1
|-boost|p1a: Greninja|spa|1
|-boost|p1a: Greninja|spe|1
|-activate|p1a: Greninja|ability: Battle Bond
|
|upkeep
|
|t:|1779826572
|switch|p2a: Ima dive in|Samurott-Hisui, M|100/100
|turn|3
|
|t:|1779826581
|move|p1a: Greninja|U-turn|p2a: Ima dive in
|-supereffective|p2a: Ima dive in
|-damage|p2a: Ima dive in|43/100
|
|t:|1779826587
|switch|p1a: Eelektross|Eelektross, M|100/100|[from] U-turn
|-damage|p1a: Eelektross|88/100|[from] Stealth Rock
|move|p2a: Ima dive in|Ceaseless Edge|p1a: Eelektross
|-damage|p1a: Eelektross|38/100
|-sidestart|p1: S26340|Spikes
|
|upkeep
|turn|4
|
|t:|1779826595
|move|p2a: Ima dive in|Sucker Punch|p1a: Eelektross
|-damage|p1a: Eelektross|3/100
|move|p1a: Eelektross|Discharge|p2a: Ima dive in
|-supereffective|p2a: Ima dive in
|-damage|p2a: Ima dive in|0 fnt
|faint|p2a: Ima dive in
|
|upkeep
|
|t:|1779826601
|switch|p2a: six tails|Ninetales, F, shiny|100/100
|-weather|SunnyDay|[from] ability: Drought|[of] p2a: six tails
|turn|5
|
|t:|1779826607
|move|p2a: six tails|Weather Ball|p1a: Eelektross
|-damage|p1a: Eelektross|0 fnt
|faint|p1a: Eelektross
|
|-weather|SunnyDay|[upkeep]
|upkeep
|
|t:|1779826613
|switch|p1a: Greninja|Greninja, M|100/100
|turn|6
|
|t:|1779826630
|move|p1a: Greninja|Surf|p2a: six tails
|-supereffective|p2a: six tails
|-damage|p2a: six tails|50/100
|move|p2a: six tails|Encore|p1a: Greninja
|-start|p1a: Greninja|Encore
|
|-weather|SunnyDay|[upkeep]
|upkeep
|turn|7
|
|t:|1779826637
|move|p1a: Greninja|Surf|p2a: six tails
|-supereffective|p2a: six tails
|-crit|p2a: six tails
|-damage|p2a: six tails|0 fnt
|faint|p2a: six tails
|
|-weather|SunnyDay|[upkeep]
|upkeep
|
|t:|1779826647
|switch|p2a: Melo|Leafeon, M, shiny|100/100
|turn|8
|
|t:|1779826662
|switch|p1a: Weavile|Weavile, M|100/100
|-damage|p1a: Weavile|76/100|[from] Stealth Rock
|-damage|p1a: Weavile|63/100|[from] Spikes
|move|p2a: Melo|Swords Dance|p2a: Melo
|-boost|p2a: Melo|atk|2
|
|-weather|SunnyDay|[upkeep]
|upkeep
|turn|9
|
|t:|1779826672
|move|p2a: Melo|X-Scissor|p1a: Weavile
|-supereffective|p1a: Weavile
|-damage|p1a: Weavile|0 fnt
|faint|p1a: Weavile
|-damage|p2a: Melo|91/100|[from] item: Life Orb
|
|-weather|SunnyDay|[upkeep]
|upkeep
|
|t:|1779826681
|switch|p1a: Scizor|Scizor, M|100/100
|-damage|p1a: Scizor|88/100|[from] Stealth Rock
|-damage|p1a: Scizor|76/100|[from] Spikes
|turn|10
|
|t:|1779826690
|move|p1a: Scizor|Bullet Punch|p2a: Melo
|-damage|p2a: Melo|54/100
|move|p2a: Melo|Knock Off|p1a: Scizor
|-damage|p1a: Scizor|0 fnt
|-enditem|p1a: Scizor|Focus Sash|[from] move: Knock Off|[of] p2a: Melo
|faint|p1a: Scizor
|-damage|p2a: Melo|44/100|[from] item: Life Orb
|
|-weather|SunnyDay|[upkeep]
|upkeep
|
|t:|1779826700
|switch|p1a: Greninja|Greninja, M|100/100
|turn|11
|
|t:|1779826704
|move|p2a: Melo|Leaf Blade|p1a: Greninja
|-supereffective|p1a: Greninja
|-damage|p1a: Greninja|0 fnt
|faint|p1a: Greninja
|-damage|p2a: Melo|34/100|[from] item: Life Orb
|
|-weather|SunnyDay|[upkeep]
|upkeep
|
|t:|1779826712
|switch|p1a: Typhlosion|Typhlosion-Hisui, M|100/100
|-damage|p1a: Typhlosion|76/100|[from] Stealth Rock
|-damage|p1a: Typhlosion|64/100|[from] Spikes
|turn|12
|
|t:|1779826717
|move|p2a: Melo|Knock Off|p1a: Typhlosion
|-supereffective|p1a: Typhlosion
|-damage|p1a: Typhlosion|0 fnt
|-enditem|p1a: Typhlosion|Focus Sash|[from] move: Knock Off|[of] p2a: Melo
|faint|p1a: Typhlosion
|-damage|p2a: Melo|24/100|[from] item: Life Orb
|
|-weather|none
|upkeep
|
|t:|1779826725
|switch|p1a: Salamence|Salamence, M|100/100
|-damage|p1a: Salamence|76/100|[from] Stealth Rock
|turn|13
|
|t:|1779826730
|move|p2a: Melo|Knock Off|p1a: Salamence
|-damage|p1a: Salamence|0 fnt
|-enditem|p1a: Salamence|Focus Sash|[from] move: Knock Off|[of] p2a: Melo
|faint|p1a: Salamence
|-damage|p2a: Melo|14/100|[from] item: Life Orb
|
|win|Cheesefriezz
|raw|S26340's rating: 1037 &rarr; <strong>1024</strong><br />(-13 for losing)
|raw|Cheesefriezz's rating: 1084 &rarr; <strong>1108</strong><br />(+24 for winning)
|l|☆S26340
|player|p1|
