|j|☆TheLump
|j|☆benoco
|t:|1779935937
|gametype|singles
|player|p1|TheLump|169|1103
|player|p2|benoco|266|1070
|gen|9
|tier|[Gen 9] OU
|rated|
|rule|HP Percentage Mod: HP is shown in percentages
|rule|Endless Battle Clause: Forcing endless battles is banned
|rule|Species Clause: Limit one of each Pokémon
|rule|OHKO Clause: OHKO moves are banned
|rule|Evasion Items Clause: Evasion items are banned
|rule|Evasion Moves Clause: Evasion moves are banned
|rule|Evasion Abilities Clause: Evasion abilities are banned
|rule|Sleep Moves Clause: Sleep-inducing moves are banned
|clearpoke
|poke|p1|Torkoal, F|
|poke|p1|Weepinbell, M|
|poke|p1|Slither Wing|
|poke|p1|Iron Moth|
|poke|p1|Exeggutor, M|
|poke|p1|Victreebel, M|
|poke|p2|Walking Wake|
|poke|p2|Great Tusk|
|poke|p2|Ninetales, M|
|poke|p2|Cresselia, F|
|poke|p2|Zarude|
|poke|p2|Ceruledge, M|
|teampreview
|inactive|Battle timer is ON: inactive players will automatically lose when time's up. (requested by benoco)
|
|t:|1779935956
|teamsize|p1|6
|teamsize|p2|6
|start
|switch|p1a: Torkoal|Torkoal, F, shiny|100/100
|switch|p2a: Ninetales|Ninetales, M|100/100
|-weather|SunnyDay|[from] ability: Drought|[of] p2a: Ninetales
|turn|1
|
|t:|1779935980
|switch|p2a: Walking Wake|Walking Wake|100/100
|-activate|p2a: Walking Wake|ability: Protosynthesis
|-start|p2a: Walking Wake|protosynthesisspe
|move|p1a: Torkoal|Stealth Rock|p2a: Walking Wake
|-sidestart|p2: benoco|move: Stealth Rock
|
|-weather|SunnyDay|[upkeep]
|upkeep
|turn|2
|
|t:|1779936001
|switch|p1a: Macrophylla|Weepinbell, M|100/100
|move|p2a: Walking Wake|Dragon Tail|p1a: Macrophylla
|-crit|p1a: Macrophylla
|-damage|p1a: Macrophylla|75/100
|drag|p1a: Torkoal|Torkoal, F, shiny|100/100
|
|-weather|SunnyDay|[upkeep]
|upkeep
|turn|3
|
|t:|1779936011
|move|p2a: Walking Wake|Weather Ball|p1a: Torkoal
|-resisted|p1a: Torkoal
|-damage|p1a: Torkoal|73/100
|move|p1a: Torkoal|Will-O-Wisp|p2a: Walking Wake|[miss]
|-miss|p1a: Torkoal|p2a: Walking Wake
|
|-weather|SunnyDay|[upkeep]
|upkeep
|turn|4
|
|t:|1779936017
|move|p2a: Walking Wake|Hydro Steam|p1a: Torkoal
|-supereffective|p1a: Torkoal
|-damage|p1a: Torkoal|0 fnt
|faint|p1a: Torkoal
|
|-weather|SunnyDay|[upkeep]
|upkeep
|
|t:|1779936020
|switch|p1a: Macrophylla|Weepinbell, M|75/100
|turn|5
|
|t:|1779936022
|move|p2a: Walking Wake|Weather Ball|p1a: Macrophylla
|-supereffective|p1a: Macrophylla
|-damage|p1a: Macrophylla|0 fnt
|faint|p1a: Macrophylla
|
|-weather|SunnyDay|[upkeep]
|upkeep
|
|t:|1779936026
|switch|p1a: Exeggutor|Exeggutor, M|100/100
|turn|6
|
|t:|1779936033
|-terastallize|p1a: Exeggutor|Dragon
|move|p2a: Walking Wake|Weather Ball|p1a: Exeggutor
|-resisted|p1a: Exeggutor
|-damage|p1a: Exeggutor|72/100
|move|p1a: Exeggutor|Psychic Noise|p2a: Walking Wake
|-damage|p2a: Walking Wake|52/100
|-start|p2a: Walking Wake|move: Heal Block
|
|-weather|SunnyDay|[upkeep]
|upkeep
|turn|7
|
|t:|1779936043
|move|p2a: Walking Wake|Draco Meteor|p1a: Exeggutor
|-supereffective|p1a: Exeggutor
|-crit|p1a: Exeggutor
|-damage|p1a: Exeggutor|0 fnt
|-unboost|p2a: Walking Wake|spa|2
|faint|p1a: Exeggutor
|
|-weather|SunnyDay|[upkeep]
|-end|p2a: Walking Wake|move: Heal Block
|upkeep
|
|t:|1779936048
|switch|p1a: Slither Wing|Slither Wing, shiny|100/100
|-activate|p1a: Slither Wing|ability: Protosynthesis
|-start|p1a: Slither Wing|protosynthesisatk
|turn|8
|
|t:|1779936058
|move|p1a: Slither Wing|First Impression|p2a: Walking Wake
|-damage|p2a: Walking Wake|0 fnt
|faint|p2a: Walking Wake
|-end|p2a: Walking Wake|Protosynthesis|[silent]
|
|-weather|none
|-end|p1a: Slither Wing|Protosynthesis
|upkeep
|inactive|benoco has 120 seconds left.
|
|t:|1779936094
|switch|p2a: Ceruledge|Ceruledge, M|100/100
|-damage|p2a: Ceruledge|76/100|[from] Stealth Rock
|turn|9
|inactive|benoco has 120 seconds left.
|
|t:|1779936112
|move|p1a: Slither Wing|Earthquake|p2a: Ceruledge
|-supereffective|p2a: Ceruledge
|-damage|p2a: Ceruledge|0 fnt
|faint|p2a: Ceruledge
|
|upkeep
|
|t:|1779936116
|switch|p2a: Great Tusk|Great Tusk|100/100
|-damage|p2a: Great Tusk|97/100|[from] Stealth Rock
|turn|10
|
|t:|1779936120
|move|p1a: Slither Wing|Flare Blitz|p2a: Great Tusk
|-damage|p2a: Great Tusk|65/100
|-damage|p1a: Slither Wing|87/100|[from] Recoil
|move|p2a: Great Tusk|Rapid Spin|p1a: Slither Wing
|-damage|p1a: Slither Wing|62/100
|-boost|p2a: Great Tusk|spe|1
|-sideend|p2: benoco|Stealth Rock|[from] move: Rapid Spin|[of] p2a: Great Tusk
|
|upkeep
|turn|11
|
|t:|1779936132
|move|p2a: Great Tusk|Ice Spinner|p1a: Slither Wing
|-damage|p1a: Slither Wing|18/100
|move|p1a: Slither Wing|Flare Blitz|p2a: Great Tusk
|-damage|p2a: Great Tusk|37/100
|-damage|p1a: Slither Wing|7/100|[from] Recoil
|
|upkeep
|turn|12
|
|t:|1779936138
|move|p2a: Great Tusk|Rapid Spin|p1a: Slither Wing
|-damage|p1a: Slither Wing|0 fnt
|-boost|p2a: Great Tusk|spe|1
|faint|p1a: Slither Wing
|-end|p1a: Slither Wing|Protosynthesis|[silent]
|
|upkeep
|
|t:|1779936140
|switch|p1a: Iron Moth|Iron Moth|100/100
|-enditem|p1a: Iron Moth|Booster Energy
|-activate|p1a: Iron Moth|ability: Quark Drive|[fromitem]
|-start|p1a: Iron Moth|quarkdrivespe
|turn|13
|
|t:|1779936148
|move|p1a: Iron Moth|Fiery Dance|p2a: Great Tusk
|-damage|p2a: Great Tusk|0 fnt
|-boost|p1a: Iron Moth|spa|1
|faint|p2a: Great Tusk
|-end|p2a: Great Tusk|Protosynthesis|[silent]
|
|upkeep
|
|t:|1779936166
|switch|p2a: Cresselia|Cresselia, F|100/100
|turn|14
|inactive|benoco has 120 seconds left.
|
|t:|1779936191
|move|p1a: Iron Moth|Fiery Dance|p2a: Cresselia
|-damage|p2a: Cresselia|68/100
|-enditem|p2a: Cresselia|Eject Button
|inactive|benoco has 120 seconds left.
|
|t:|1779936218
|switch|p2a: Ninetales|Ninetales, M|100/100
|-weather|SunnyDay|[from] ability: Drought|[of] p2a: Ninetales
|
|-weather|SunnyDay|[upkeep]
|upkeep
|turn|15
|inactive|benoco has 90 seconds left.
|
|t:|1779936243
|move|p1a: Iron Moth|Fiery Dance|p2a: Ninetales
|-resisted|p2a: Ninetales
|-damage|p2a: Ninetales|51/100
|move|p2a: Ninetales|Healing Wish|p2a: Ninetales
|faint|p2a: Ninetales
|
|-weather|SunnyDay|[upkeep]
|upkeep
|
|t:|1779936249
|switch|p2a: Cresselia|Cresselia, F|68/100
|-heal|p2a: Cresselia|100/100|[from] move: Healing Wish
|turn|16
|inactive|benoco has 90 seconds left.
|
|t:|1779936277
|move|p1a: Iron Moth|Fiery Dance|p2a: Cresselia
|-damage|p2a: Cresselia|53/100
|move|p2a: Cresselia|Psychic|p1a: Iron Moth
|-supereffective|p1a: Iron Moth
|-damage|p1a: Iron Moth|55/100
|
|-weather|SunnyDay|[upkeep]
|upkeep
|turn|17
|
|t:|1779936286
|move|p1a: Iron Moth|Sludge Wave|p2a: Cresselia
|-damage|p2a: Cresselia|11/100
|move|p2a: Cresselia|Thunder Wave|p1a: Iron Moth
|-status|p1a: Iron Moth|par
|
|-weather|SunnyDay|[upkeep]
|upkeep
|turn|18
|inactive|TheLump has 120 seconds left.
|inactive|benoco has 90 seconds left.
|
|t:|1779936341
|move|p1a: Iron Moth|Fiery Dance|p2a: Cresselia
|-damage|p2a: Cresselia|0 fnt
|-boost|p1a: Iron Moth|spa|1
|faint|p2a: Cresselia
|
|-weather|SunnyDay|[upkeep]
|upkeep
|inactive|benoco has 90 seconds left.
|
|t:|1779936346
|switch|p2a: Zarude|Zarude|100/100
|turn|19
|l|☆TheLump
|inactive|TheLump disconnected and has a minute to reconnect!
|player|p1|
|inactive|TheLump has 30 seconds to reconnect!
|inactive|TheLump has 20 seconds to reconnect!
|inactive|TheLump has 15 seconds to reconnect!
|j|☆TheLump
|inactive|TheLump reconnected and has 55 seconds left.
|player|p1|TheLump|169|
|
|t:|1779936405
|move|p2a: Zarude|Knock Off|p1a: Iron Moth
|-damage|p1a: Iron Moth|0 fnt
|faint|p1a: Iron Moth
|-end|p1a: Iron Moth|Quark Drive|[silent]
|
|-weather|SunnyDay|[upkeep]
|upkeep
|
|t:|1779936408
|switch|p1a: Lowi Trusmadi|Victreebel, M, shiny|100/100
|turn|20
|
|t:|1779936422
|move|p1a: Lowi Trusmadi|Weather Ball|p2a: Zarude
|-supereffective|p2a: Zarude
|-damage|p2a: Zarude|8/100
|move|p2a: Zarude|Knock Off|p1a: Lowi Trusmadi
|-damage|p1a: Lowi Trusmadi|26/100
|-enditem|p1a: Lowi Trusmadi|Heat Rock|[from] move: Knock Off|[of] p2a: Zarude
|
|-weather|SunnyDay|[upkeep]
|-heal|p2a: Zarude|14/100|[from] item: Leftovers
|upkeep
|turn|21
|
|t:|1779936440
|-terastallize|p2a: Zarude|Poison
|move|p1a: Lowi Trusmadi|Weather Ball|p2a: Zarude
|-damage|p2a: Zarude|0 fnt
|faint|p2a: Zarude
|
|win|TheLump
|raw|TheLump's rating: 1103 &rarr; <strong>1126</strong><br />(+23 for winning)
|raw|benoco's rating: 1070 &rarr; <strong>1051</strong><br />(-19 for losing)
|l|☆benoco
|player|p2|
|l|☆TheLump
|player|p1|
