|j|☆teamskullenoxa
|j|☆NojaKalm
|t:|1779971775
|gametype|singles
|player|p1|teamskullenoxa|101|1552
|player|p2|NojaKalm|265|1562
|gen|9
|tier|[Gen 9] OU
|rated|
|rule|HP Percentage Mod: HP is shown in percentages
|rule|Endless Battle Clause: Forcing endless battles is banned
|rule|Species Clause: Limit one of each Pokémon
|rule|OHKO Clause: OHKO moves are banned
|rule|Evasion Items Clause: Evasion items are banned
|rule|Evasion Moves Clause: Evasion moves are banned
|rule|Evasion Abilities Clause: Evasion abilities are banned
|rule|Sleep Moves Clause: Sleep-inducing moves are banned
|clearpoke
|poke|p1|Pelipper, F|
|poke|p1|Hatterene, F|
|poke|p1|Iron Treads|
|poke|p1|Toxicroak, F|
|poke|p1|Barraskewda, F|
|poke|p1|Zapdos|
|poke|p2|Grimmsnarl, M|
|poke|p2|Zamazenta-*|
|poke|p2|Iron Crown|
|poke|p2|Raging Bolt|
|poke|p2|Ogerpon-Wellspring, F|
|poke|p2|Glimmora, M|
|teampreview
|inactive|Battle timer is ON: inactive players will automatically lose when time's up. (requested by NojaKalm)
|
|t:|1779971788
|teamsize|p1|6
|teamsize|p2|6
|start
|switch|p1a: Barraskewda|Barraskewda, F|100/100
|switch|p2a: Glimmora|Glimmora, M|100/100
|turn|1
|
|t:|1779971793
|move|p1a: Barraskewda|Close Combat|p2a: Glimmora
|-damage|p2a: Glimmora|51/100
|-unboost|p1a: Barraskewda|def|1
|-unboost|p1a: Barraskewda|spd|1
|-activate|p2a: Glimmora|ability: Toxic Debris
|-sidestart|p1: teamskullenoxa|move: Toxic Spikes
|-enditem|p2a: Glimmora|Red Card|[of] p1a: Barraskewda
|drag|p1a: Pelipper|Pelipper, F|100/100
|-weather|RainDance|[from] ability: Drizzle|[of] p1a: Pelipper
|move|p2a: Glimmora|Stealth Rock|p1a: Pelipper
|-sidestart|p1: teamskullenoxa|move: Stealth Rock
|
|-weather|RainDance|[upkeep]
|upkeep
|turn|2
|
|t:|1779971808
|switch|p1a: Iron Treads|Iron Treads|100/100
|-damage|p1a: Iron Treads|98/100|[from] Stealth Rock
|move|p2a: Glimmora|Stealth Rock||[still]
|-fail|p2a: Glimmora
|
|-weather|RainDance|[upkeep]
|-heal|p1a: Iron Treads|100/100|[from] item: Leftovers
|upkeep
|turn|3
|
|t:|1779971819
|-terastallize|p2a: Glimmora|Ghost
|move|p1a: Iron Treads|Rapid Spin|p2a: Glimmora
|-immune|p2a: Glimmora
|move|p2a: Glimmora|Earth Power|p1a: Iron Treads
|-supereffective|p1a: Iron Treads
|-damage|p1a: Iron Treads|60/100
|
|-weather|RainDance|[upkeep]
|-heal|p1a: Iron Treads|66/100|[from] item: Leftovers
|upkeep
|turn|4
|
|t:|1779971836
|move|p1a: Iron Treads|Volt Switch|p2a: Glimmora
|-damage|p2a: Glimmora|39/100
|
|t:|1779971848
|-end|p1a: Iron Treads|Quark Drive|[silent]
|switch|p1a: Toxicroak|Toxicroak, F|100/100|[from] Volt Switch
|-sideend|p1: teamskullenoxa|move: Toxic Spikes|[of] p1a: Toxicroak
|-damage|p1a: Toxicroak|94/100|[from] Stealth Rock
|move|p2a: Glimmora|Spikes|p1a: Toxicroak
|-sidestart|p1: teamskullenoxa|Spikes
|
|-weather|RainDance|[upkeep]
|-heal|p1a: Toxicroak|100/100|[from] ability: Dry Skin
|upkeep
|turn|5
|
|t:|1779971853
|move|p1a: Toxicroak|Knock Off|p2a: Glimmora
|-supereffective|p2a: Glimmora
|-damage|p2a: Glimmora|18/100
|-activate|p2a: Glimmora|ability: Toxic Debris
|-sidestart|p1: teamskullenoxa|move: Toxic Spikes
|move|p2a: Glimmora|Earth Power|p1a: Toxicroak
|-supereffective|p1a: Toxicroak
|-crit|p1a: Toxicroak
|-damage|p1a: Toxicroak|0 fnt
|faint|p1a: Toxicroak
|
|-weather|RainDance|[upkeep]
|upkeep
|
|t:|1779971863
|switch|p1a: Iron Treads|Iron Treads|66/100
|-damage|p1a: Iron Treads|63/100|[from] Stealth Rock
|-damage|p1a: Iron Treads|51/100|[from] Spikes
|turn|6
|
|t:|1779971872
|move|p1a: Iron Treads|Earthquake|p2a: Glimmora
|-damage|p2a: Glimmora|0 fnt
|-activate|p2a: Glimmora|ability: Toxic Debris
|-sidestart|p1: teamskullenoxa|move: Toxic Spikes
|faint|p2a: Glimmora
|
|-weather|RainDance|[upkeep]
|-heal|p1a: Iron Treads|57/100|[from] item: Leftovers
|upkeep
|
|t:|1779971878
|switch|p2a: Ogerpon|Ogerpon-Wellspring, F|100/100
|turn|7
|
|t:|1779971888
|-end|p1a: Iron Treads|Quark Drive|[silent]
|switch|p1a: Hatterene|Hatterene, F|100/100
|-damage|p1a: Hatterene|88/100|[from] Stealth Rock
|-damage|p1a: Hatterene|76/100|[from] Spikes
|-status|p1a: Hatterene|tox
|move|p2a: Ogerpon|Ivy Cudgel|p1a: Hatterene|[anim] Ivy Cudgel Water
|-damage|p1a: Hatterene|0 fnt
|faint|p1a: Hatterene
|
|-weather|RainDance|[upkeep]
|upkeep
|
|t:|1779971895
|switch|p1a: Pelipper|Pelipper, F|100/100
|-damage|p1a: Pelipper|76/100|[from] Stealth Rock
|turn|8
|
|t:|1779971903
|move|p2a: Ogerpon|Swords Dance|p2a: Ogerpon
|-boost|p2a: Ogerpon|atk|2
|move|p1a: Pelipper|Hurricane|p2a: Ogerpon
|-supereffective|p2a: Ogerpon
|-damage|p2a: Ogerpon|15/100
|
|-weather|none
|upkeep
|turn|9
|
|t:|1779971919
|move|p2a: Ogerpon|Power Whip|p1a: Pelipper
|-damage|p1a: Pelipper|0 fnt
|faint|p1a: Pelipper
|
|upkeep
|
|t:|1779971927
|switch|p1a: Barraskewda|Barraskewda, F|100/100
|-damage|p1a: Barraskewda|88/100|[from] Stealth Rock
|-damage|p1a: Barraskewda|76/100|[from] Spikes
|-status|p1a: Barraskewda|tox
|turn|10
|
|t:|1779971932
|move|p1a: Barraskewda|Close Combat|p2a: Ogerpon
|-damage|p2a: Ogerpon|0 fnt
|-unboost|p1a: Barraskewda|def|1
|-unboost|p1a: Barraskewda|spd|1
|faint|p2a: Ogerpon
|
|-damage|p1a: Barraskewda|70/100 tox|[from] psn
|upkeep
|
|t:|1779971935
|switch|p2a: Grimmsnarl|Grimmsnarl, M|100/100
|turn|11
|
|t:|1779971938
|switch|p1a: Iron Treads|Iron Treads|57/100
|-damage|p1a: Iron Treads|54/100|[from] Stealth Rock
|-damage|p1a: Iron Treads|41/100|[from] Spikes
|move|p2a: Grimmsnarl|Reflect|p2a: Grimmsnarl
|-sidestart|p2: NojaKalm|Reflect
|
|-heal|p1a: Iron Treads|47/100|[from] item: Leftovers
|upkeep
|turn|12
|
|t:|1779971943
|move|p2a: Grimmsnarl|Light Screen|p2a: Grimmsnarl
|-sidestart|p2: NojaKalm|move: Light Screen
|move|p1a: Iron Treads|Rapid Spin|p2a: Grimmsnarl
|-damage|p2a: Grimmsnarl|94/100
|-boost|p1a: Iron Treads|spe|1
|-sideend|p1: teamskullenoxa|Spikes|[from] move: Rapid Spin|[of] p1a: Iron Treads
|-sideend|p1: teamskullenoxa|Toxic Spikes|[from] move: Rapid Spin|[of] p1a: Iron Treads
|-sideend|p1: teamskullenoxa|Stealth Rock|[from] move: Rapid Spin|[of] p1a: Iron Treads
|
|-heal|p1a: Iron Treads|54/100|[from] item: Leftovers
|upkeep
|turn|13
|
|t:|1779971959
|move|p2a: Grimmsnarl|Parting Shot|p1a: Iron Treads
|-unboost|p1a: Iron Treads|atk|1
|-unboost|p1a: Iron Treads|spa|1
|
|t:|1779971967
|switch|p2a: Raging Bolt|Raging Bolt|100/100|[from] Parting Shot
|-enditem|p2a: Raging Bolt|Booster Energy
|-activate|p2a: Raging Bolt|ability: Protosynthesis|[fromitem]
|-start|p2a: Raging Bolt|protosynthesisspa
|move|p1a: Iron Treads|Volt Switch|p2a: Raging Bolt
|-resisted|p2a: Raging Bolt
|-damage|p2a: Raging Bolt|99/100
|
|t:|1779971975
|-end|p1a: Iron Treads|Quark Drive|[silent]
|switch|p1a: Zapdos|Zapdos|100/100|[from] Volt Switch
|
|upkeep
|turn|14
|
|t:|1779971995
|switch|p1a: Iron Treads|Iron Treads|54/100
|move|p2a: Raging Bolt|Calm Mind|p2a: Raging Bolt
|-boost|p2a: Raging Bolt|spa|1
|-boost|p2a: Raging Bolt|spd|1
|
|-heal|p1a: Iron Treads|60/100|[from] item: Leftovers
|upkeep
|turn|15
|
|t:|1779971999
|move|p1a: Iron Treads|Earthquake|p2a: Raging Bolt
|-supereffective|p2a: Raging Bolt
|-damage|p2a: Raging Bolt|71/100
|move|p2a: Raging Bolt|Dragon Pulse|p1a: Iron Treads
|-resisted|p1a: Iron Treads
|-damage|p1a: Iron Treads|18/100
|
|-heal|p1a: Iron Treads|24/100|[from] item: Leftovers
|upkeep
|turn|16
|inactive|teamskullenoxa has 120 seconds left.
|
|t:|1779972045
|move|p1a: Iron Treads|Earthquake|p2a: Raging Bolt
|-supereffective|p2a: Raging Bolt
|-damage|p2a: Raging Bolt|38/100
|move|p2a: Raging Bolt|Dragon Pulse|p1a: Iron Treads
|-resisted|p1a: Iron Treads
|-damage|p1a: Iron Treads|0 fnt
|faint|p1a: Iron Treads
|-end|p1a: Iron Treads|Quark Drive|[silent]
|
|upkeep
|
|t:|1779972051
|switch|p1a: Barraskewda|Barraskewda, F|70/100 tox
|turn|17
|-message|teamskullenoxa forfeited.
|
|win|NojaKalm
|raw|teamskullenoxa's rating: 1552 &rarr; <strong>1533</strong><br />(-19 for losing)
|raw|NojaKalm's rating: 1562 &rarr; <strong>1581</strong><br />(+19 for winning)
|l|☆teamskullenoxa
|player|p1|
|l|☆NojaKalm
|player|p2|
