|j|☆Exilos
|j|☆draconotmeteor
|t:|1779870394
|gametype|singles
|player|p1|Exilos|jacinthe|1356
|player|p2|draconotmeteor|shauntal|1395
|gen|9
|tier|[Gen 9] OU
|rated|
|rule|HP Percentage Mod: HP is shown in percentages
|rule|Endless Battle Clause: Forcing endless battles is banned
|rule|Species Clause: Limit one of each Pokémon
|rule|OHKO Clause: OHKO moves are banned
|rule|Evasion Items Clause: Evasion items are banned
|rule|Evasion Moves Clause: Evasion moves are banned
|rule|Evasion Abilities Clause: Evasion abilities are banned
|rule|Sleep Moves Clause: Sleep-inducing moves are banned
|clearpoke
|poke|p1|Garchomp, F|
|poke|p1|Zapdos|
|poke|p1|Garganacl, F|
|poke|p1|Iron Moth|
|poke|p1|Primarina, F|
|poke|p1|Great Tusk|
|poke|p2|Gliscor, F|
|poke|p2|Pecharunt|
|poke|p2|Ting-Lu|
|poke|p2|Clefable, M|
|poke|p2|Ogerpon, F|
|poke|p2|Tinkaton, F|
|teampreview
|inactive|Battle timer is ON: inactive players will automatically lose when time's up. (requested by Exilos)
|
|t:|1779870404
|teamsize|p1|6
|teamsize|p2|6
|start
|switch|p1a: Primarina|Primarina, F|100/100
|switch|p2a: Gliscor|Gliscor, F|100/100
|turn|1
|
|t:|1779870407
|move|p2a: Gliscor|Protect|p2a: Gliscor
|-singleturn|p2a: Gliscor|Protect
|move|p1a: Primarina|Substitute|p1a: Primarina
|-start|p1a: Primarina|Substitute
|-damage|p1a: Primarina|75/100
|
|-heal|p1a: Primarina|82/100|[from] item: Leftovers
|-status|p2a: Gliscor|tox|[from] item: Toxic Orb
|upkeep
|turn|2
|
|t:|1779870410
|switch|p2a: Tinkaton|Tinkaton, F|100/100
|-ability|p2a: Tinkaton|Mold Breaker
|move|p1a: Primarina|Calm Mind|p1a: Primarina
|-boost|p1a: Primarina|spa|1
|-boost|p1a: Primarina|spd|1
|
|-heal|p1a: Primarina|88/100|[from] item: Leftovers
|upkeep
|turn|3
|
|t:|1779870418
|move|p2a: Tinkaton|Encore|p1a: Primarina
|-start|p1a: Primarina|Encore
|move|p1a: Primarina|Calm Mind|p1a: Primarina
|-boost|p1a: Primarina|spa|1
|-boost|p1a: Primarina|spd|1
|
|-heal|p1a: Primarina|94/100|[from] item: Leftovers
|upkeep
|turn|4
|
|t:|1779870420
|move|p2a: Tinkaton|Stealth Rock|p1a: Primarina
|-sidestart|p1: Exilos|move: Stealth Rock
|move|p1a: Primarina|Calm Mind|p1a: Primarina
|-boost|p1a: Primarina|spa|1
|-boost|p1a: Primarina|spd|1
|
|-heal|p1a: Primarina|99/100|[from] item: Leftovers
|upkeep
|turn|5
|
|t:|1779870423
|move|p2a: Tinkaton|Gigaton Hammer|p1a: Primarina
|-end|p1a: Primarina|Substitute
|move|p1a: Primarina|Calm Mind|p1a: Primarina
|-boost|p1a: Primarina|spa|1
|-boost|p1a: Primarina|spd|1
|
|-heal|p1a: Primarina|100/100|[from] item: Leftovers
|-end|p1a: Primarina|Encore
|upkeep
|turn|6
|
|t:|1779870425
|switch|p1a: Zapdos|Zapdos|100/100
|move|p2a: Tinkaton|Encore||[still]
|-fail|p2a: Tinkaton
|
|upkeep
|turn|7
|
|t:|1779870430
|switch|p2a: Gliscor|Gliscor, F|100/100 tox
|move|p1a: Zapdos|Thunder Wave|p2a: Gliscor
|-immune|p2a: Gliscor
|
|upkeep
|turn|8
|
|t:|1779870434
|move|p1a: Zapdos|Hurricane|p2a: Gliscor
|-damage|p2a: Gliscor|59/100 tox
|-start|p2a: Gliscor|confusion
|-activate|p2a: Gliscor|confusion
|move|p2a: Gliscor|Knock Off|p1a: Zapdos
|-damage|p1a: Zapdos|86/100
|-enditem|p1a: Zapdos|Heavy-Duty Boots|[from] move: Knock Off|[of] p2a: Gliscor
|
|-heal|p2a: Gliscor|71/100 tox|[from] ability: Poison Heal
|upkeep
|turn|9
|
|t:|1779870440
|switch|p2a: Ting-Lu|Ting-Lu|100/100
|-ability|p2a: Ting-Lu|Vessel of Ruin
|move|p1a: Zapdos|Hurricane|p2a: Ting-Lu
|-damage|p2a: Ting-Lu|81/100
|
|-heal|p2a: Ting-Lu|87/100|[from] item: Leftovers
|upkeep
|turn|10
|
|t:|1779870443
|move|p1a: Zapdos|Hurricane|p2a: Ting-Lu
|-damage|p2a: Ting-Lu|68/100
|-start|p2a: Ting-Lu|confusion
|-activate|p2a: Ting-Lu|confusion
|-damage|p2a: Ting-Lu|63/100|[from] confusion
|
|-heal|p2a: Ting-Lu|69/100|[from] item: Leftovers
|upkeep
|turn|11
|
|t:|1779870452
|switch|p1a: Garganacl|Garganacl, F|100/100
|-damage|p1a: Garganacl|88/100|[from] Stealth Rock
|-activate|p2a: Ting-Lu|confusion
|-damage|p2a: Ting-Lu|63/100|[from] confusion
|
|-heal|p2a: Ting-Lu|69/100|[from] item: Leftovers
|-heal|p1a: Garganacl|94/100|[from] item: Leftovers
|upkeep
|turn|12
|
|t:|1779870458
|-activate|p2a: Ting-Lu|confusion
|-damage|p2a: Ting-Lu|64/100|[from] confusion
|move|p1a: Garganacl|Salt Cure|p2a: Ting-Lu
|-resisted|p2a: Ting-Lu
|-damage|p2a: Ting-Lu|59/100
|-start|p2a: Ting-Lu|Salt Cure
|
|-heal|p2a: Ting-Lu|66/100|[from] item: Leftovers
|-heal|p1a: Garganacl|100/100|[from] item: Leftovers
|-damage|p2a: Ting-Lu|53/100|[from] Salt Cure
|upkeep
|turn|13
|
|t:|1779870466
|-activate|p2a: Ting-Lu|confusion
|move|p2a: Ting-Lu|Spikes|p1a: Garganacl
|-sidestart|p1: Exilos|Spikes
|move|p1a: Garganacl|Stealth Rock|p2a: Ting-Lu
|-sidestart|p2: draconotmeteor|move: Stealth Rock
|
|-heal|p2a: Ting-Lu|59/100|[from] item: Leftovers
|-damage|p2a: Ting-Lu|47/100|[from] Salt Cure
|upkeep
|turn|14
|
|t:|1779870474
|switch|p2a: Clefable|Clefable, M|100/100
|switch|p1a: Garchomp|Garchomp, F|100/100
|-damage|p1a: Garchomp|94/100|[from] Stealth Rock
|-damage|p1a: Garchomp|82/100|[from] Spikes
|
|upkeep
|turn|15
|
|t:|1779870481
|move|p1a: Garchomp|Spikes|p2a: Clefable
|-sidestart|p2: draconotmeteor|Spikes
|move|p2a: Clefable|Moonblast|p1a: Garchomp
|-supereffective|p1a: Garchomp
|-damage|p1a: Garchomp|25/100
|-unboost|p1a: Garchomp|spa|1
|
|upkeep
|turn|16
|
|t:|1779870488
|move|p1a: Garchomp|Spikes|p2a: Clefable
|-sidestart|p2: draconotmeteor|Spikes
|move|p2a: Clefable|Moonblast|p1a: Garchomp
|-supereffective|p1a: Garchomp
|-damage|p1a: Garchomp|0 fnt
|faint|p1a: Garchomp
|
|upkeep
|
|t:|1779870498
|switch|p1a: Garganacl|Garganacl, F|100/100
|-damage|p1a: Garganacl|88/100|[from] Stealth Rock
|-damage|p1a: Garganacl|76/100|[from] Spikes
|turn|17
|
|t:|1779870504
|switch|p2a: Ting-Lu|Ting-Lu|47/100
|-damage|p2a: Ting-Lu|41/100|[from] Stealth Rock
|-damage|p2a: Ting-Lu|24/100|[from] Spikes
|-ability|p2a: Ting-Lu|Vessel of Ruin
|move|p1a: Garganacl|Salt Cure|p2a: Ting-Lu
|-resisted|p2a: Ting-Lu
|-damage|p2a: Ting-Lu|21/100
|-start|p2a: Ting-Lu|Salt Cure
|
|-heal|p2a: Ting-Lu|27/100|[from] item: Leftovers
|-heal|p1a: Garganacl|82/100|[from] item: Leftovers
|-damage|p2a: Ting-Lu|15/100|[from] Salt Cure
|upkeep
|turn|18
|
|t:|1779870510
|move|p2a: Ting-Lu|Spikes|p1a: Garganacl
|-sidestart|p1: Exilos|Spikes
|move|p1a: Garganacl|Salt Cure|p2a: Ting-Lu
|-resisted|p2a: Ting-Lu
|-damage|p2a: Ting-Lu|10/100
|
|-heal|p2a: Ting-Lu|17/100|[from] item: Leftovers
|-heal|p1a: Garganacl|88/100|[from] item: Leftovers
|-damage|p2a: Ting-Lu|4/100|[from] Salt Cure
|upkeep
|turn|19
|
|t:|1779870517
|move|p2a: Ting-Lu|Ruination|p1a: Garganacl
|-damage|p1a: Garganacl|44/100
|move|p1a: Garganacl|Salt Cure|p2a: Ting-Lu
|-resisted|p2a: Ting-Lu
|-damage|p2a: Ting-Lu|0 fnt
|faint|p2a: Ting-Lu
|
|-heal|p1a: Garganacl|50/100|[from] item: Leftovers
|upkeep
|
|t:|1779870520
|switch|p2a: Ogerpon|Ogerpon, F|100/100
|turn|20
|
|t:|1779870524
|switch|p1a: Zapdos|Zapdos|86/100
|-damage|p1a: Zapdos|62/100|[from] Stealth Rock
|-terastallize|p2a: Ogerpon|Grass
|detailschange|p2a: Ogerpon|Ogerpon-Teal-Tera, F, tera:Grass
|-ability|p2a: Ogerpon|Embody Aspect (Teal)|boost
|-boost|p2a: Ogerpon|spe|1
|move|p2a: Ogerpon|Ivy Cudgel|p1a: Zapdos
|-resisted|p1a: Zapdos
|-damage|p1a: Zapdos|38/100
|
|upkeep
|turn|21
|
|t:|1779870534
|switch|p2a: Gliscor|Gliscor, F|71/100 tox
|-damage|p2a: Gliscor|59/100 tox|[from] Stealth Rock
|move|p1a: Zapdos|Roost|p1a: Zapdos
|-heal|p1a: Zapdos|88/100
|-singleturn|p1a: Zapdos|move: Roost
|
|-heal|p2a: Gliscor|71/100 tox|[from] ability: Poison Heal
|upkeep
|turn|22
|
|t:|1779870543
|move|p1a: Zapdos|Hurricane|p2a: Gliscor|[miss]
|-miss|p1a: Zapdos|p2a: Gliscor
|move|p2a: Gliscor|Knock Off|p1a: Zapdos
|-damage|p1a: Zapdos|77/100
|
|-heal|p2a: Gliscor|84/100 tox|[from] ability: Poison Heal
|upkeep
|turn|23
|
|t:|1779870546
|move|p2a: Gliscor|Protect|p2a: Gliscor
|-singleturn|p2a: Gliscor|Protect
|move|p1a: Zapdos|Hurricane|p2a: Gliscor
|-activate|p2a: Gliscor|move: Protect
|
|-heal|p2a: Gliscor|96/100 tox|[from] ability: Poison Heal
|upkeep
|turn|24
|
|t:|1779870548
|move|p1a: Zapdos|Hurricane|p2a: Gliscor|[miss]
|-miss|p1a: Zapdos|p2a: Gliscor
|move|p2a: Gliscor|Swords Dance|p2a: Gliscor
|-boost|p2a: Gliscor|atk|2
|
|-heal|p2a: Gliscor|100/100 tox|[from] ability: Poison Heal
|upkeep
|turn|25
|
|t:|1779870550
|move|p1a: Zapdos|Hurricane|p2a: Gliscor
|-damage|p2a: Gliscor|60/100 tox
|move|p2a: Gliscor|Facade|p1a: Zapdos
|-damage|p1a: Zapdos|29/100
|
|-heal|p2a: Gliscor|73/100 tox|[from] ability: Poison Heal
|upkeep
|turn|26
|
|t:|1779870554
|move|p1a: Zapdos|Hurricane|p2a: Gliscor|[miss]
|-miss|p1a: Zapdos|p2a: Gliscor
|move|p2a: Gliscor|Facade|p1a: Zapdos
|-crit|p1a: Zapdos
|-damage|p1a: Zapdos|0 fnt
|faint|p1a: Zapdos
|
|-heal|p2a: Gliscor|85/100 tox|[from] ability: Poison Heal
|upkeep
|
|t:|1779870563
|switch|p1a: Great Tusk|Great Tusk|100/100
|-damage|p1a: Great Tusk|98/100|[from] Stealth Rock
|-damage|p1a: Great Tusk|81/100|[from] Spikes
|-enditem|p1a: Great Tusk|Booster Energy
|-activate|p1a: Great Tusk|ability: Protosynthesis|[fromitem]
|-start|p1a: Great Tusk|protosynthesisatk
|turn|27
|
|t:|1779870567
|move|p2a: Gliscor|Protect|p2a: Gliscor
|-singleturn|p2a: Gliscor|Protect
|move|p1a: Great Tusk|Rapid Spin|p2a: Gliscor
|-activate|p2a: Gliscor|move: Protect
|
|-heal|p2a: Gliscor|98/100 tox|[from] ability: Poison Heal
|upkeep
|turn|28
|
|t:|1779870570
|switch|p2a: Pecharunt|Pecharunt|100/100
|move|p1a: Great Tusk|Rapid Spin|p2a: Pecharunt
|-immune|p2a: Pecharunt
|
|upkeep
|turn|29
|
|t:|1779870574
|move|p1a: Great Tusk|Headlong Rush|p2a: Pecharunt
|-supereffective|p2a: Pecharunt
|-damage|p2a: Pecharunt|21/100
|-unboost|p1a: Great Tusk|def|1
|-unboost|p1a: Great Tusk|spd|1
|move|p2a: Pecharunt|Malignant Chain|p1a: Great Tusk
|-resisted|p1a: Great Tusk
|-damage|p1a: Great Tusk|46/100
|
|upkeep
|turn|30
|
|t:|1779870580
|move|p1a: Great Tusk|Headlong Rush|p2a: Pecharunt
|-supereffective|p2a: Pecharunt
|-damage|p2a: Pecharunt|0 fnt
|-unboost|p1a: Great Tusk|def|1
|-unboost|p1a: Great Tusk|spd|1
|faint|p2a: Pecharunt
|
|upkeep
|
|t:|1779870582
|switch|p2a: Ogerpon|Ogerpon-Teal-Tera, F, tera:Grass|100/100
|-ability|p2a: Ogerpon|Embody Aspect (Teal)|boost
|-boost|p2a: Ogerpon|spe|1
|turn|31
|
|t:|1779870589
|move|p2a: Ogerpon|Ivy Cudgel|p1a: Great Tusk
|-supereffective|p1a: Great Tusk
|-damage|p1a: Great Tusk|0 fnt
|faint|p1a: Great Tusk
|-end|p1a: Great Tusk|Protosynthesis|[silent]
|
|upkeep
|
|t:|1779870592
|switch|p1a: Iron Moth|Iron Moth|100/100
|-damage|p1a: Iron Moth|76/100|[from] Stealth Rock
|-damage|p1a: Iron Moth|59/100|[from] Spikes
|-enditem|p1a: Iron Moth|Booster Energy
|-activate|p1a: Iron Moth|ability: Quark Drive|[fromitem]
|-start|p1a: Iron Moth|quarkdrivespe
|turn|32
|
|t:|1779870601
|switch|p2a: Clefable|Clefable, M|100/100
|move|p1a: Iron Moth|Substitute|p1a: Iron Moth
|-start|p1a: Iron Moth|Substitute
|-damage|p1a: Iron Moth|34/100
|
|upkeep
|turn|33
|
|t:|1779870606
|move|p1a: Iron Moth|Sludge Wave|p2a: Clefable
|-supereffective|p2a: Clefable
|-damage|p2a: Clefable|9/100
|move|p2a: Clefable|Moonblast|p1a: Iron Moth
|-resisted|p1a: Iron Moth
|-activate|p1a: Iron Moth|move: Substitute|[damage]
|
|-heal|p2a: Clefable|15/100|[from] item: Leftovers
|upkeep
|turn|34
|
|t:|1779870611
|move|p1a: Iron Moth|Fiery Dance|p2a: Clefable
|-damage|p2a: Clefable|0 fnt
|faint|p2a: Clefable
|
|upkeep
|
|t:|1779870613
|switch|p2a: Gliscor|Gliscor, F|98/100 tox
|-damage|p2a: Gliscor|85/100 tox|[from] Stealth Rock
|turn|35
|
|t:|1779870619
|move|p2a: Gliscor|Protect|p2a: Gliscor
|-singleturn|p2a: Gliscor|Protect
|move|p1a: Iron Moth|Fiery Dance|p2a: Gliscor
|-activate|p2a: Gliscor|move: Protect
|
|-heal|p2a: Gliscor|98/100 tox|[from] ability: Poison Heal
|upkeep
|turn|36
|
|t:|1779870621
|move|p1a: Iron Moth|Fiery Dance|p2a: Gliscor
|-damage|p2a: Gliscor|66/100 tox
|-boost|p1a: Iron Moth|spa|1
|move|p2a: Gliscor|Facade|p1a: Iron Moth
|-end|p1a: Iron Moth|Substitute
|
|-heal|p2a: Gliscor|78/100 tox|[from] ability: Poison Heal
|upkeep
|turn|37
|
|t:|1779870630
|move|p1a: Iron Moth|Fiery Dance|p2a: Gliscor
|-damage|p2a: Gliscor|28/100 tox
|move|p2a: Gliscor|Facade|p1a: Iron Moth
|-damage|p1a: Iron Moth|0 fnt
|faint|p1a: Iron Moth
|-end|p1a: Iron Moth|Quark Drive|[silent]
|
|-heal|p2a: Gliscor|41/100 tox|[from] ability: Poison Heal
|upkeep
|
|t:|1779870637
|switch|p1a: Primarina|Primarina, F|100/100
|-damage|p1a: Primarina|88/100|[from] Stealth Rock
|-damage|p1a: Primarina|72/100|[from] Spikes
|turn|38
|
|t:|1779870644
|-terastallize|p1a: Primarina|Steel
|move|p2a: Gliscor|Facade|p1a: Primarina
|-resisted|p1a: Primarina
|-damage|p1a: Primarina|59/100
|move|p1a: Primarina|Psychic Noise|p2a: Gliscor
|-supereffective|p2a: Gliscor
|-damage|p2a: Gliscor|0 fnt
|faint|p2a: Gliscor
|
|-heal|p1a: Primarina|65/100|[from] item: Leftovers
|upkeep
|
|t:|1779870650
|switch|p2a: Tinkaton|Tinkaton, F|100/100
|-ability|p2a: Tinkaton|Mold Breaker
|turn|39
|
|t:|1779870657
|move|p2a: Tinkaton|Thunder Wave|p1a: Primarina
|-status|p1a: Primarina|par
|move|p1a: Primarina|Psychic Noise|p2a: Tinkaton
|-crit|p2a: Tinkaton
|-damage|p2a: Tinkaton|61/100
|-start|p2a: Tinkaton|move: Heal Block
|
|-heal|p1a: Primarina|71/100 par|[from] item: Leftovers
|upkeep
|turn|40
|
|t:|1779870662
|move|p2a: Tinkaton|Encore|p1a: Primarina
|-start|p1a: Primarina|Encore
|move|p1a: Primarina|Psychic Noise|p2a: Tinkaton
|-damage|p2a: Tinkaton|33/100
|
|-heal|p1a: Primarina|77/100 par|[from] item: Leftovers
|-end|p2a: Tinkaton|move: Heal Block
|upkeep
|turn|41
|
|t:|1779870664
|move|p2a: Tinkaton|Gigaton Hammer|p1a: Primarina
|-resisted|p1a: Primarina
|-damage|p1a: Primarina|59/100 par
|move|p1a: Primarina|Psychic Noise|p2a: Tinkaton
|-damage|p2a: Tinkaton|5/100
|-start|p2a: Tinkaton|move: Heal Block
|
|-heal|p1a: Primarina|65/100 par|[from] item: Leftovers
|upkeep
|turn|42
|
|t:|1779870670
|move|p2a: Tinkaton|Thunder Wave|p1a: Primarina
|-fail|p1a: Primarina|par
|cant|p1a: Primarina|par
|
|-heal|p1a: Primarina|71/100 par|[from] item: Leftovers
|-end|p1a: Primarina|Encore
|-end|p2a: Tinkaton|move: Heal Block
|upkeep
|turn|43
|
|t:|1779870675
|move|p2a: Tinkaton|Encore|p1a: Primarina
|-start|p1a: Primarina|Encore
|cant|p1a: Primarina|par
|
|-heal|p1a: Primarina|77/100 par|[from] item: Leftovers
|upkeep
|turn|44
|
|t:|1779870677
|move|p2a: Tinkaton|Gigaton Hammer|p1a: Primarina
|-resisted|p1a: Primarina
|-damage|p1a: Primarina|59/100 par
|move|p1a: Primarina|Psychic Noise|p2a: Tinkaton
|-damage|p2a: Tinkaton|0 fnt
|faint|p2a: Tinkaton
|
|-heal|p1a: Primarina|65/100 par|[from] item: Leftovers
|upkeep
|
|t:|1779870680
|switch|p2a: Ogerpon|Ogerpon-Teal-Tera, F, tera:Grass|100/100
|-ability|p2a: Ogerpon|Embody Aspect (Teal)|boost
|-boost|p2a: Ogerpon|spe|1
|turn|45
|
|t:|1779870682
|move|p2a: Ogerpon|Knock Off|p1a: Primarina
|-damage|p1a: Primarina|39/100 par
|-enditem|p1a: Primarina|Leftovers|[from] move: Knock Off|[of] p2a: Ogerpon
|move|p1a: Primarina|Psychic Noise|p2a: Ogerpon
|-resisted|p2a: Ogerpon
|-damage|p2a: Ogerpon|81/100
|-start|p2a: Ogerpon|move: Heal Block
|
|-end|p1a: Primarina|Encore
|upkeep
|turn|46
|
|t:|1779870685
|move|p2a: Ogerpon|Ivy Cudgel|p1a: Primarina
|-resisted|p1a: Primarina
|-damage|p1a: Primarina|14/100 par
|move|p1a: Primarina|Draining Kiss|p2a: Ogerpon
|-damage|p2a: Ogerpon|54/100
|-heal|p1a: Primarina|30/100 par|[from] drain|[of] p2a: Ogerpon
|
|-end|p2a: Ogerpon|move: Heal Block
|upkeep
|turn|47
|
|t:|1779870693
|move|p2a: Ogerpon|Ivy Cudgel|p1a: Primarina
|-resisted|p1a: Primarina
|-damage|p1a: Primarina|4/100 par
|move|p1a: Primarina|Draining Kiss|p2a: Ogerpon
|-damage|p2a: Ogerpon|28/100
|-heal|p1a: Primarina|20/100 par|[from] drain|[of] p2a: Ogerpon
|
|upkeep
|turn|48
|
|t:|1779870701
|move|p2a: Ogerpon|Ivy Cudgel|p1a: Primarina
|-resisted|p1a: Primarina
|-crit|p1a: Primarina
|-damage|p1a: Primarina|0 fnt
|faint|p1a: Primarina
|
|upkeep
|
|t:|1779870704
|switch|p1a: Garganacl|Garganacl, F|50/100
|-damage|p1a: Garganacl|38/100|[from] Stealth Rock
|-damage|p1a: Garganacl|22/100|[from] Spikes
|turn|49
|
|t:|1779870706
|move|p1a: Garganacl|Protect|p1a: Garganacl
|-singleturn|p1a: Garganacl|Protect
|move|p2a: Ogerpon|Ivy Cudgel|p1a: Garganacl
|-activate|p1a: Garganacl|move: Protect
|
|-heal|p1a: Garganacl|28/100|[from] item: Leftovers
|upkeep
|turn|50
|
|t:|1779870713
|move|p2a: Ogerpon|Encore|p1a: Garganacl
|-start|p1a: Garganacl|Encore
|move|p1a: Garganacl|Protect||[still]
|-fail|p1a: Garganacl
|
|-heal|p1a: Garganacl|34/100|[from] item: Leftovers
|upkeep
|turn|51
|
|t:|1779870716
|move|p1a: Garganacl|Protect|p1a: Garganacl
|-singleturn|p1a: Garganacl|Protect
|move|p2a: Ogerpon|Knock Off|p1a: Garganacl
|-activate|p1a: Garganacl|move: Protect
|
|-heal|p1a: Garganacl|40/100|[from] item: Leftovers
|upkeep
|turn|52
|
|t:|1779870722
|move|p1a: Garganacl|Protect||[still]
|-fail|p1a: Garganacl
|move|p2a: Ogerpon|Knock Off|p1a: Garganacl
|-damage|p1a: Garganacl|20/100
|-enditem|p1a: Garganacl|Leftovers|[from] move: Knock Off|[of] p2a: Ogerpon
|
|-end|p1a: Garganacl|Encore
|upkeep
|turn|53
|
|t:|1779870728
|move|p2a: Ogerpon|Encore|p1a: Garganacl
|-start|p1a: Garganacl|Encore
|move|p1a: Garganacl|Protect||[still]
|-fail|p1a: Garganacl
|
|upkeep
|turn|54
|
|t:|1779870731
|move|p1a: Garganacl|Protect|p1a: Garganacl
|-singleturn|p1a: Garganacl|Protect
|move|p2a: Ogerpon|U-turn|p1a: Garganacl
|-activate|p1a: Garganacl|move: Protect
|
|upkeep
|turn|55
|
|t:|1779870735
|move|p1a: Garganacl|Protect||[still]
|-fail|p1a: Garganacl
|move|p2a: Ogerpon|Encore||[still]
|-fail|p2a: Ogerpon
|
|-end|p1a: Garganacl|Encore
|upkeep
|turn|56
|
|t:|1779870739
|move|p2a: Ogerpon|Encore|p1a: Garganacl
|-start|p1a: Garganacl|Encore
|move|p1a: Garganacl|Protect||[still]
|-fail|p1a: Garganacl
|
|upkeep
|turn|57
|
|t:|1779870742
|move|p1a: Garganacl|Protect|p1a: Garganacl
|-singleturn|p1a: Garganacl|Protect
|move|p2a: Ogerpon|U-turn|p1a: Garganacl
|-activate|p1a: Garganacl|move: Protect
|
|upkeep
|turn|58
|
|t:|1779870746
|move|p1a: Garganacl|Protect|p1a: Garganacl
|-singleturn|p1a: Garganacl|Protect
|move|p2a: Ogerpon|Encore|p1a: Garganacl
|-activate|p1a: Garganacl|move: Protect
|
|-end|p1a: Garganacl|Encore
|upkeep
|turn|59
|
|t:|1779870751
|move|p2a: Ogerpon|Encore|p1a: Garganacl
|-start|p1a: Garganacl|Encore
|move|p1a: Garganacl|Protect||[still]
|-fail|p1a: Garganacl
|
|upkeep
|turn|60
|
|t:|1779870755
|move|p1a: Garganacl|Protect|p1a: Garganacl
|-singleturn|p1a: Garganacl|Protect
|move|p2a: Ogerpon|U-turn|p1a: Garganacl
|-activate|p1a: Garganacl|move: Protect
|
|upkeep
|turn|61
|
|t:|1779870759
|move|p1a: Garganacl|Protect||[still]
|-fail|p1a: Garganacl
|move|p2a: Ogerpon|Encore||[still]
|-fail|p2a: Ogerpon
|
|-end|p1a: Garganacl|Encore
|upkeep
|turn|62
|
|t:|1779870763
|move|p2a: Ogerpon|Encore|p1a: Garganacl
|-start|p1a: Garganacl|Encore
|move|p1a: Garganacl|Protect||[still]
|-fail|p1a: Garganacl
|
|upkeep
|turn|63
|
|t:|1779870765
|move|p1a: Garganacl|Protect|p1a: Garganacl
|-singleturn|p1a: Garganacl|Protect
|move|p2a: Ogerpon|Ivy Cudgel|p1a: Garganacl
|-activate|p1a: Garganacl|move: Protect
|
|upkeep
|turn|64
|
|t:|1779870769
|move|p1a: Garganacl|Protect|p1a: Garganacl
|-singleturn|p1a: Garganacl|Protect
|move|p2a: Ogerpon|Ivy Cudgel|p1a: Garganacl
|-activate|p1a: Garganacl|move: Protect
|
|-end|p1a: Garganacl|Encore
|upkeep
|turn|65
|
|t:|1779870775
|move|p2a: Ogerpon|Ivy Cudgel|p1a: Garganacl
|-supereffective|p1a: Garganacl
|-damage|p1a: Garganacl|0 fnt
|faint|p1a: Garganacl
|
|win|draconotmeteor
|raw|Exilos's rating: 1356 &rarr; <strong>1338</strong><br />(-18 for losing)
|raw|draconotmeteor's rating: 1395 &rarr; <strong>1413</strong><br />(+18 for winning)
