|j|☆eliseo95
|j|☆ikthoizzykil
|t:|1779914947
|gametype|singles
|player|p1|eliseo95|1|1392
|player|p2|ikthoizzykil|pokemaniac-gen3rs|1427
|gen|9
|tier|[Gen 9] OU
|rated|
|rule|HP Percentage Mod: HP is shown in percentages
|rule|Endless Battle Clause: Forcing endless battles is banned
|rule|Species Clause: Limit one of each Pokémon
|rule|OHKO Clause: OHKO moves are banned
|rule|Evasion Items Clause: Evasion items are banned
|rule|Evasion Moves Clause: Evasion moves are banned
|rule|Evasion Abilities Clause: Evasion abilities are banned
|rule|Sleep Moves Clause: Sleep-inducing moves are banned
|clearpoke
|poke|p1|Great Tusk|
|poke|p1|Iron Valiant|
|poke|p1|Ogerpon-Wellspring, F|
|poke|p1|Wo-Chien|
|poke|p1|Garganacl, F|
|poke|p1|Meowscarada, F|
|poke|p2|Braviary, M|
|poke|p2|Gholdengo|
|poke|p2|Samurott-Hisui, M|
|poke|p2|Great Tusk|
|poke|p2|Rillaboom, M|
|poke|p2|Slowking-Galar, F|
|teampreview
|inactive|Battle timer is ON: inactive players will automatically lose when time's up. (requested by ikthoizzykil)
|
|t:|1779914959
|teamsize|p1|6
|teamsize|p2|6
|start
|switch|p1a: Meowscarada|Meowscarada, F|100/100
|switch|p2a: Rillaboom|Rillaboom, M|100/100
|-fieldstart|move: Grassy Terrain|[from] ability: Grassy Surge|[of] p2a: Rillaboom
|turn|1
|
|t:|1779914968
|switch|p2a: Gholdengo|Gholdengo|100/100
|move|p1a: Meowscarada|Triple Axel|p2a: Gholdengo
|-start|p1a: Meowscarada|typechange|Ice|[from] ability: Protean
|-resisted|p2a: Gholdengo
|-damage|p2a: Gholdengo|97/100
|-resisted|p2a: Gholdengo
|-damage|p2a: Gholdengo|90/100
|-resisted|p2a: Gholdengo
|-damage|p2a: Gholdengo|81/100
|-hitcount|p2a: Gholdengo|3
|
|-heal|p2a: Gholdengo|87/100|[from] Grassy Terrain
|upkeep
|turn|2
|j| Couchthulhu
|
|t:|1779914983
|switch|p1a: Wo-Chien|Wo-Chien|100/100
|-ability|p1a: Wo-Chien|Tablets of Ruin
|move|p2a: Gholdengo|Make It Rain|p1a: Wo-Chien
|-damage|p1a: Wo-Chien|68/100
|-unboost|p2a: Gholdengo|spa|1
|
|-heal|p2a: Gholdengo|93/100|[from] Grassy Terrain
|-heal|p1a: Wo-Chien|75/100|[from] Grassy Terrain
|-heal|p1a: Wo-Chien|81/100|[from] item: Leftovers
|upkeep
|turn|3
|
|t:|1779915000
|switch|p2a: Rillaboom|Rillaboom, M|100/100
|move|p1a: Wo-Chien|Knock Off|p2a: Rillaboom
|-damage|p2a: Rillaboom|77/100
|-enditem|p2a: Rillaboom|Choice Band|[from] move: Knock Off|[of] p1a: Wo-Chien
|
|-heal|p2a: Rillaboom|83/100|[from] Grassy Terrain
|-heal|p1a: Wo-Chien|87/100|[from] Grassy Terrain
|-heal|p1a: Wo-Chien|93/100|[from] item: Leftovers
|upkeep
|turn|4
|
|t:|1779915009
|move|p1a: Wo-Chien|Protect|p1a: Wo-Chien
|-singleturn|p1a: Wo-Chien|Protect
|move|p2a: Rillaboom|Knock Off|p1a: Wo-Chien
|-activate|p1a: Wo-Chien|move: Protect
|
|-heal|p2a: Rillaboom|89/100|[from] Grassy Terrain
|-heal|p1a: Wo-Chien|99/100|[from] Grassy Terrain
|-heal|p1a: Wo-Chien|100/100|[from] item: Leftovers
|upkeep
|turn|5
|
|t:|1779915018
|switch|p1a: Iron Valiant|Iron Valiant|100/100
|-enditem|p1a: Iron Valiant|Booster Energy
|-activate|p1a: Iron Valiant|ability: Quark Drive|[fromitem]
|-start|p1a: Iron Valiant|quarkdrivespe
|move|p2a: Rillaboom|Knock Off|p1a: Iron Valiant
|-resisted|p1a: Iron Valiant
|-damage|p1a: Iron Valiant|94/100
|
|-heal|p1a: Iron Valiant|99/100|[from] Grassy Terrain
|-heal|p2a: Rillaboom|96/100|[from] Grassy Terrain
|-fieldend|move: Grassy Terrain
|upkeep
|turn|6
|
|t:|1779915030
|switch|p2a: Braviary|Braviary, M|100/100
|move|p1a: Iron Valiant|Calm Mind|p1a: Iron Valiant
|-boost|p1a: Iron Valiant|spa|1
|-boost|p1a: Iron Valiant|spd|1
|
|upkeep
|turn|7
|
|t:|1779915041
|-terastallize|p1a: Iron Valiant|Fairy
|move|p1a: Iron Valiant|Moonblast|p2a: Braviary
|-damage|p2a: Braviary|31/100
|move|p2a: Braviary|Iron Head|p1a: Iron Valiant
|-supereffective|p1a: Iron Valiant
|-damage|p1a: Iron Valiant|10/100
|
|upkeep
|turn|8
|
|t:|1779915063
|switch|p2a: Slowking|Slowking-Galar, F|100/100
|move|p1a: Iron Valiant|Moonblast|p2a: Slowking
|-resisted|p2a: Slowking
|-damage|p2a: Slowking|73/100
|
|upkeep
|turn|9
|
|t:|1779915071
|move|p1a: Iron Valiant|Shadow Ball|p2a: Slowking
|-supereffective|p2a: Slowking
|-damage|p2a: Slowking|28/100
|move|p2a: Slowking|Sludge Bomb|p1a: Iron Valiant
|-supereffective|p1a: Iron Valiant
|-damage|p1a: Iron Valiant|0 fnt
|faint|p1a: Iron Valiant
|-end|p1a: Iron Valiant|Quark Drive|[silent]
|
|upkeep
|
|t:|1779915086
|switch|p1a: Meowscarada|Meowscarada, F|100/100
|turn|10
|
|t:|1779915094
|switch|p2a: Rillaboom|Rillaboom, M|96/100
|-fieldstart|move: Grassy Terrain|[from] ability: Grassy Surge|[of] p2a: Rillaboom
|move|p1a: Meowscarada|U-turn|p2a: Rillaboom
|-start|p1a: Meowscarada|typechange|Bug|[from] ability: Protean
|-supereffective|p2a: Rillaboom
|-damage|p2a: Rillaboom|25/100
|
|t:|1779915103
|switch|p1a: Ogerpon|Ogerpon-Wellspring, F|100/100|[from] U-turn
|
|-heal|p2a: Rillaboom|32/100|[from] Grassy Terrain
|upkeep
|turn|11
|
|t:|1779915113
|switch|p2a: Gholdengo|Gholdengo|93/100
|move|p1a: Ogerpon|U-turn|p2a: Gholdengo
|-resisted|p2a: Gholdengo
|-damage|p2a: Gholdengo|89/100
|
|t:|1779915117
|switch|p1a: Meowscarada|Meowscarada, F|100/100|[from] U-turn
|
|-heal|p2a: Gholdengo|95/100|[from] Grassy Terrain
|upkeep
|turn|12
|
|t:|1779915134
|move|p1a: Meowscarada|Knock Off|p2a: Gholdengo
|-start|p1a: Meowscarada|typechange|Dark|[from] ability: Protean
|-supereffective|p2a: Gholdengo
|-damage|p2a: Gholdengo|29/100
|-enditem|p2a: Gholdengo|Covert Cloak|[from] move: Knock Off|[of] p1a: Meowscarada
|move|p2a: Gholdengo|Thunder Wave|p1a: Meowscarada
|-status|p1a: Meowscarada|par
|
|-heal|p2a: Gholdengo|35/100|[from] Grassy Terrain
|upkeep
|turn|13
|
|t:|1779915144
|cant|p1a: Meowscarada|par
|move|p2a: Gholdengo|Recover|p2a: Gholdengo
|-heal|p2a: Gholdengo|85/100
|
|-heal|p2a: Gholdengo|91/100|[from] Grassy Terrain
|upkeep
|turn|14
|
|t:|1779915150
|move|p1a: Meowscarada|Knock Off|p2a: Gholdengo
|-supereffective|p2a: Gholdengo
|-damage|p2a: Gholdengo|48/100
|move|p2a: Gholdengo|Hex|p1a: Meowscarada
|-resisted|p1a: Meowscarada
|-damage|p1a: Meowscarada|55/100 par
|
|-heal|p1a: Meowscarada|61/100 par|[from] Grassy Terrain
|-heal|p2a: Gholdengo|54/100|[from] Grassy Terrain
|-fieldend|move: Grassy Terrain
|upkeep
|turn|15
|
|t:|1779915158
|move|p1a: Meowscarada|Knock Off|p2a: Gholdengo
|-supereffective|p2a: Gholdengo
|-damage|p2a: Gholdengo|10/100
|move|p2a: Gholdengo|Recover|p2a: Gholdengo
|-heal|p2a: Gholdengo|60/100
|
|upkeep
|turn|16
|
|t:|1779915163
|move|p1a: Meowscarada|Knock Off|p2a: Gholdengo
|-supereffective|p2a: Gholdengo
|-damage|p2a: Gholdengo|17/100
|move|p2a: Gholdengo|Recover|p2a: Gholdengo
|-heal|p2a: Gholdengo|67/100
|
|upkeep
|turn|17
|
|t:|1779915175
|switch|p2a: Rillaboom|Rillaboom, M|32/100
|-fieldstart|move: Grassy Terrain|[from] ability: Grassy Surge|[of] p2a: Rillaboom
|move|p1a: Meowscarada|Knock Off|p2a: Rillaboom
|-damage|p2a: Rillaboom|0 fnt
|faint|p2a: Rillaboom
|
|-heal|p1a: Meowscarada|67/100 par|[from] Grassy Terrain
|upkeep
|
|t:|1779915192
|switch|p2a: Gholdengo|Gholdengo|67/100
|turn|18
|
|t:|1779915199
|switch|p1a: Garganacl|Garganacl, F|100/100
|move|p2a: Gholdengo|Recover|p2a: Gholdengo
|-heal|p2a: Gholdengo|100/100
|
|upkeep
|turn|19
|
|t:|1779915208
|switch|p2a: Great Tusk|Great Tusk|100/100
|move|p1a: Garganacl|Salt Cure|p2a: Great Tusk
|-resisted|p2a: Great Tusk
|-damage|p2a: Great Tusk|98/100
|-start|p2a: Great Tusk|Salt Cure
|
|-heal|p2a: Great Tusk|100/100|[from] Grassy Terrain
|-damage|p2a: Great Tusk|88/100|[from] Salt Cure
|upkeep
|turn|20
|
|t:|1779915219
|move|p1a: Garganacl|Protect|p1a: Garganacl
|-singleturn|p1a: Garganacl|Protect
|move|p2a: Great Tusk|Stealth Rock|p1a: Garganacl
|-sidestart|p1: eliseo95|move: Stealth Rock
|
|-heal|p2a: Great Tusk|94/100|[from] Grassy Terrain
|-damage|p2a: Great Tusk|82/100|[from] Salt Cure
|upkeep
|turn|21
|
|t:|1779915230
|move|p2a: Great Tusk|Headlong Rush|p1a: Garganacl
|-supereffective|p1a: Garganacl
|-damage|p1a: Garganacl|23/100
|-unboost|p2a: Great Tusk|def|1
|-unboost|p2a: Great Tusk|spd|1
|move|p1a: Garganacl|Substitute|p1a: Garganacl
|-fail|p1a: Garganacl|move: Substitute|[weak]
|
|-heal|p2a: Great Tusk|88/100|[from] Grassy Terrain
|-heal|p1a: Garganacl|29/100|[from] Grassy Terrain
|-heal|p1a: Garganacl|36/100|[from] item: Leftovers
|-damage|p2a: Great Tusk|76/100|[from] Salt Cure
|-fieldend|move: Grassy Terrain
|upkeep
|turn|22
|
|t:|1779915242
|-end|p2a: Great Tusk|Protosynthesis|[silent]
|switch|p2a: Samurott|Samurott-Hisui, M|100/100
|move|p1a: Garganacl|Recover|p1a: Garganacl
|-heal|p1a: Garganacl|86/100
|
|-heal|p1a: Garganacl|92/100|[from] item: Leftovers
|upkeep
|turn|23
|
|t:|1779915250
|move|p2a: Samurott|Ceaseless Edge|p1a: Garganacl
|-damage|p1a: Garganacl|66/100
|-sidestart|p1: eliseo95|Spikes
|move|p1a: Garganacl|Salt Cure|p2a: Samurott
|-damage|p2a: Samurott|84/100
|-start|p2a: Samurott|Salt Cure
|
|-heal|p1a: Garganacl|73/100|[from] item: Leftovers
|-damage|p2a: Samurott|59/100|[from] Salt Cure
|upkeep
|turn|24
|l| Couchthulhu
|
|t:|1779915260
|switch|p2a: Great Tusk|Great Tusk|76/100
|move|p1a: Garganacl|Substitute|p1a: Garganacl
|-start|p1a: Garganacl|Substitute
|-damage|p1a: Garganacl|48/100
|
|-heal|p1a: Garganacl|54/100|[from] item: Leftovers
|upkeep
|turn|25
|
|t:|1779915266
|move|p2a: Great Tusk|Headlong Rush|p1a: Garganacl
|-supereffective|p1a: Garganacl
|-end|p1a: Garganacl|Substitute
|-unboost|p2a: Great Tusk|def|1
|-unboost|p2a: Great Tusk|spd|1
|move|p1a: Garganacl|Salt Cure|p2a: Great Tusk
|-resisted|p2a: Great Tusk
|-damage|p2a: Great Tusk|72/100
|-start|p2a: Great Tusk|Salt Cure
|
|-heal|p1a: Garganacl|60/100|[from] item: Leftovers
|-damage|p2a: Great Tusk|60/100|[from] Salt Cure
|upkeep
|turn|26
|
|t:|1779915279
|move|p1a: Garganacl|Protect|p1a: Garganacl
|-singleturn|p1a: Garganacl|Protect
|move|p2a: Great Tusk|Headlong Rush|p1a: Garganacl
|-activate|p1a: Garganacl|move: Protect
|
|-heal|p1a: Garganacl|66/100|[from] item: Leftovers
|-damage|p2a: Great Tusk|47/100|[from] Salt Cure
|upkeep
|turn|27
|
|t:|1779915287
|switch|p1a: Wo-Chien|Wo-Chien|100/100
|-damage|p1a: Wo-Chien|88/100|[from] Stealth Rock
|-damage|p1a: Wo-Chien|76/100|[from] Spikes
|-ability|p1a: Wo-Chien|Tablets of Ruin
|move|p2a: Great Tusk|Headlong Rush|p1a: Wo-Chien
|-resisted|p1a: Wo-Chien
|-damage|p1a: Wo-Chien|60/100
|-unboost|p2a: Great Tusk|def|1
|-unboost|p2a: Great Tusk|spd|1
|
|-heal|p1a: Wo-Chien|66/100|[from] item: Leftovers
|-damage|p2a: Great Tusk|35/100|[from] Salt Cure
|upkeep
|turn|28
|
|t:|1779915302
|-end|p2a: Great Tusk|Protosynthesis|[silent]
|switch|p2a: Gholdengo|Gholdengo|100/100
|move|p1a: Wo-Chien|Leech Seed|p2a: Gholdengo
|-immune|p2a: Gholdengo|[from] ability: Good as Gold
|
|-heal|p1a: Wo-Chien|72/100|[from] item: Leftovers
|upkeep
|turn|29
|
|t:|1779915313
|switch|p1a: Garganacl|Garganacl, F|66/100
|-damage|p1a: Garganacl|54/100|[from] Stealth Rock
|-damage|p1a: Garganacl|41/100|[from] Spikes
|move|p2a: Gholdengo|Make It Rain|p1a: Garganacl
|-supereffective|p1a: Garganacl
|-damage|p1a: Garganacl|0 fnt
|-unboost|p2a: Gholdengo|spa|1
|faint|p1a: Garganacl
|
|upkeep
|l|☆eliseo95
|inactive|eliseo95 disconnected and has a minute to reconnect!
|player|p1|
|inactive|eliseo95 has 30 seconds to reconnect!
|inactive|eliseo95 has 20 seconds to reconnect!
|inactive|eliseo95 has 15 seconds to reconnect!
|inactive|eliseo95 has 10 seconds to reconnect!
|inactive|eliseo95 has 5 seconds to reconnect!
|-message|eliseo95 lost due to inactivity.
|
|win|ikthoizzykil
|raw|eliseo95's rating: 1392 &rarr; <strong>1374</strong><br />(-18 for losing)
|raw|ikthoizzykil's rating: 1427 &rarr; <strong>1445</strong><br />(+18 for winning)
