|j|☆Alakazam darnold
|j|☆ditissjoerd
|t:|1779823046
|gametype|singles
|player|p1|Alakazam darnold|li|1478
|player|p2|ditissjoerd|clown|1525
|gen|9
|tier|[Gen 9] OU
|rated|
|rule|HP Percentage Mod: HP is shown in percentages
|rule|Endless Battle Clause: Forcing endless battles is banned
|rule|Species Clause: Limit one of each Pokémon
|rule|OHKO Clause: OHKO moves are banned
|rule|Evasion Items Clause: Evasion items are banned
|rule|Evasion Moves Clause: Evasion moves are banned
|rule|Evasion Abilities Clause: Evasion abilities are banned
|rule|Sleep Moves Clause: Sleep-inducing moves are banned
|clearpoke
|poke|p1|Golurk|
|poke|p1|Ogerpon-Wellspring, F|
|poke|p1|Mandibuzz, F|
|poke|p1|Garganacl, M|
|poke|p1|Iron Crown|
|poke|p1|Enamorus, F|
|poke|p2|Tyranitar, F|
|poke|p2|Excadrill, M|
|poke|p2|Magnezone|
|poke|p2|Moltres|
|poke|p2|Sinistcha|
|poke|p2|Lokix, F|
|teampreview
|inactive|Battle timer is ON: inactive players will automatically lose when time's up. (requested by ditissjoerd)
|
|t:|1779823067
|teamsize|p1|6
|teamsize|p2|6
|start
|switch|p1a: Ogerpon|Ogerpon-Wellspring, F|100/100
|switch|p2a: Lokix|Lokix, F|100/100
|turn|1
|
|t:|1779823079
|-terastallize|p1a: Ogerpon|Water
|detailschange|p1a: Ogerpon|Ogerpon-Wellspring-Tera, F, tera:Water
|-ability|p1a: Ogerpon|Embody Aspect (Wellspring)|boost
|-boost|p1a: Ogerpon|spd|1
|move|p2a: Lokix|First Impression|p1a: Ogerpon
|-damage|p1a: Ogerpon|22/100
|move|p1a: Ogerpon|Ivy Cudgel|p2a: Lokix|[anim] Ivy Cudgel Water
|-damage|p2a: Lokix|0 fnt
|faint|p2a: Lokix
|
|upkeep
|
|t:|1779823086
|switch|p2a: Sinistcha|Sinistcha|100/100
|turn|2
|
|t:|1779823090
|move|p1a: Ogerpon|U-turn|p2a: Sinistcha
|-damage|p2a: Sinistcha|81/100
|
|t:|1779823097
|switch|p1a: Mandibuzz|Mandibuzz, F|100/100|[from] U-turn
|move|p2a: Sinistcha|Matcha Gotcha|p1a: Mandibuzz
|-resisted|p1a: Mandibuzz
|-damage|p1a: Mandibuzz|88/100
|-heal|p2a: Sinistcha|89/100|[from] drain|[of] p1a: Mandibuzz
|
|upkeep
|turn|3
|
|t:|1779823104
|switch|p2a: Tyranitar|Tyranitar, F|100/100
|-weather|Sandstorm|[from] ability: Sand Stream|[of] p2a: Tyranitar
|move|p1a: Mandibuzz|Toxic|p2a: Tyranitar
|-status|p2a: Tyranitar|tox
|
|-weather|Sandstorm|[upkeep]
|-damage|p2a: Tyranitar|94/100 tox|[from] psn
|upkeep
|turn|4
|
|t:|1779823112
|move|p1a: Mandibuzz|Roost|p1a: Mandibuzz
|-heal|p1a: Mandibuzz|100/100
|-singleturn|p1a: Mandibuzz|move: Roost
|move|p2a: Tyranitar|Stealth Rock|p1a: Mandibuzz
|-sidestart|p1: Alakazam darnold|move: Stealth Rock
|
|-weather|Sandstorm|[upkeep]
|-damage|p2a: Tyranitar|82/100 tox|[from] psn
|upkeep
|turn|5
|
|t:|1779823118
|move|p1a: Mandibuzz|Defog|p2a: Tyranitar
|-unboost|p2a: Tyranitar|evasion|1
|-sideend|p1: Alakazam darnold|Stealth Rock|[from] move: Defog|[of] p1a: Mandibuzz
|move|p2a: Tyranitar|Knock Off|p1a: Mandibuzz
|-resisted|p1a: Mandibuzz
|-damage|p1a: Mandibuzz|88/100
|-enditem|p1a: Mandibuzz|Heavy-Duty Boots|[from] move: Knock Off|[of] p2a: Tyranitar
|
|-weather|Sandstorm|[upkeep]
|-damage|p2a: Tyranitar|63/100 tox|[from] psn
|upkeep
|turn|6
|
|t:|1779823127
|switch|p2a: Magnezone|Magnezone|100/100
|move|p1a: Mandibuzz|Roost|p1a: Mandibuzz
|-heal|p1a: Mandibuzz|100/100
|-singleturn|p1a: Mandibuzz|move: Roost
|
|-weather|Sandstorm|[upkeep]
|upkeep
|turn|7
|
|t:|1779823132
|switch|p1a: Golurk|Golurk|100/100
|move|p2a: Magnezone|Iron Defense|p2a: Magnezone
|-boost|p2a: Magnezone|def|2
|
|-weather|Sandstorm|[upkeep]
|upkeep
|turn|8
|
|t:|1779823138
|switch|p2a: Moltres|Moltres|100/100
|move|p1a: Golurk|Trick|p2a: Moltres
|-activate|p1a: Golurk|move: Trick|[of] p2a: Moltres
|-item|p2a: Moltres|Choice Band|[from] move: Trick
|-item|p1a: Golurk|Heavy-Duty Boots|[from] move: Trick
|
|-weather|Sandstorm|[upkeep]
|-damage|p2a: Moltres|94/100|[from] Sandstorm
|upkeep
|turn|9
|
|t:|1779823144
|move|p2a: Moltres|Will-O-Wisp|p1a: Golurk
|-status|p1a: Golurk|brn
|move|p1a: Golurk|Stone Edge|p2a: Moltres
|-supereffective|p2a: Moltres
|-crit|p2a: Moltres
|-damage|p2a: Moltres|24/100
|
|-weather|Sandstorm|[upkeep]
|-damage|p2a: Moltres|18/100|[from] Sandstorm
|-damage|p1a: Golurk|94/100 brn|[from] brn
|upkeep
|turn|10
|
|t:|1779823163
|switch|p2a: Magnezone|Magnezone|100/100
|move|p1a: Golurk|Dynamic Punch|p2a: Magnezone
|-supereffective|p2a: Magnezone
|-damage|p2a: Magnezone|64/100
|-start|p2a: Magnezone|confusion
|
|-weather|none
|-heal|p2a: Magnezone|70/100|[from] item: Leftovers
|-damage|p1a: Golurk|88/100 brn|[from] brn
|upkeep
|turn|11
|
|t:|1779823173
|switch|p2a: Moltres|Moltres|18/100
|move|p1a: Golurk|Earthquake|p2a: Moltres
|-immune|p2a: Moltres
|
|-damage|p1a: Golurk|82/100 brn|[from] brn
|upkeep
|turn|12
|
|t:|1779823180
|switch|p1a: Ogerpon|Ogerpon-Wellspring-Tera, F, tera:Water|22/100
|-ability|p1a: Ogerpon|Embody Aspect (Wellspring)|boost
|-boost|p1a: Ogerpon|spd|1
|move|p2a: Moltres|Flamethrower|p1a: Ogerpon
|-resisted|p1a: Ogerpon
|-damage|p1a: Ogerpon|6/100
|
|upkeep
|turn|13
|
|t:|1779823187
|move|p1a: Ogerpon|Ivy Cudgel|p2a: Moltres|[anim] Ivy Cudgel Water
|-supereffective|p2a: Moltres
|-damage|p2a: Moltres|0 fnt
|faint|p2a: Moltres
|
|upkeep
|
|t:|1779823192
|switch|p2a: Sinistcha|Sinistcha|89/100
|turn|14
|
|t:|1779823203
|switch|p1a: Mandibuzz|Mandibuzz, F|100/100
|move|p2a: Sinistcha|Matcha Gotcha|p1a: Mandibuzz
|-resisted|p1a: Mandibuzz
|-damage|p1a: Mandibuzz|87/100
|-heal|p2a: Sinistcha|97/100|[from] drain|[of] p1a: Mandibuzz
|
|upkeep
|turn|15
|
|t:|1779823212
|switch|p2a: Magnezone|Magnezone|70/100
|move|p1a: Mandibuzz|Foul Play|p2a: Magnezone
|-damage|p2a: Magnezone|52/100
|
|-heal|p2a: Magnezone|58/100|[from] item: Leftovers
|upkeep
|turn|16
|
|t:|1779823217
|switch|p1a: Ogerpon|Ogerpon-Wellspring-Tera, F, tera:Water|6/100
|-ability|p1a: Ogerpon|Embody Aspect (Wellspring)|boost
|-boost|p1a: Ogerpon|spd|1
|move|p2a: Magnezone|Iron Defense|p2a: Magnezone
|-boost|p2a: Magnezone|def|2
|
|-heal|p2a: Magnezone|65/100|[from] item: Leftovers
|upkeep
|turn|17
|
|t:|1779823222
|move|p1a: Ogerpon|Encore|p2a: Magnezone
|-start|p2a: Magnezone|Encore
|move|p2a: Magnezone|Iron Defense|p2a: Magnezone
|-boost|p2a: Magnezone|def|2
|
|-heal|p2a: Magnezone|71/100|[from] item: Leftovers
|upkeep
|turn|18
|
|t:|1779823225
|switch|p2a: Sinistcha|Sinistcha|97/100
|move|p1a: Ogerpon|Knock Off|p2a: Sinistcha
|-supereffective|p2a: Sinistcha
|-damage|p2a: Sinistcha|43/100
|-enditem|p2a: Sinistcha|Heavy-Duty Boots|[from] move: Knock Off|[of] p1a: Ogerpon
|
|upkeep
|turn|19
|
|t:|1779823232
|switch|p1a: Mandibuzz|Mandibuzz, F|87/100
|move|p2a: Sinistcha|Matcha Gotcha|p1a: Mandibuzz
|-resisted|p1a: Mandibuzz
|-damage|p1a: Mandibuzz|74/100
|-heal|p2a: Sinistcha|51/100|[from] drain|[of] p1a: Mandibuzz
|
|upkeep
|turn|20
|
|t:|1779823235
|switch|p2a: Magnezone|Magnezone|71/100
|move|p1a: Mandibuzz|Toxic|p2a: Magnezone
|-immune|p2a: Magnezone
|
|-heal|p2a: Magnezone|77/100|[from] item: Leftovers
|upkeep
|turn|21
|
|t:|1779823238
|move|p1a: Mandibuzz|Foul Play|p2a: Magnezone
|-damage|p2a: Magnezone|59/100
|move|p2a: Magnezone|Thunderbolt|p1a: Mandibuzz
|-supereffective|p1a: Mandibuzz
|-damage|p1a: Mandibuzz|0 fnt
|faint|p1a: Mandibuzz
|
|-heal|p2a: Magnezone|66/100|[from] item: Leftovers
|upkeep
|
|t:|1779823263
|switch|p1a: Ogerpon|Ogerpon-Wellspring-Tera, F, tera:Water|6/100
|-ability|p1a: Ogerpon|Embody Aspect (Wellspring)|boost
|-boost|p1a: Ogerpon|spd|1
|turn|22
|
|t:|1779823266
|move|p1a: Ogerpon|Ivy Cudgel|p2a: Magnezone|[anim] Ivy Cudgel Water
|-damage|p2a: Magnezone|0 fnt
|faint|p2a: Magnezone
|
|upkeep
|
|t:|1779823269
|switch|p2a: Sinistcha|Sinistcha|51/100
|turn|23
|
|t:|1779823286
|switch|p1a: Enamorus|Enamorus, F|100/100
|move|p2a: Sinistcha|Strength Sap|p1a: Enamorus
|-boost|p1a: Enamorus|atk|1
|-heal|p2a: Sinistcha|100/100
|
|upkeep
|turn|24
|
|t:|1779823294
|move|p1a: Enamorus|Moonblast|p2a: Sinistcha
|-damage|p2a: Sinistcha|40/100
|move|p2a: Sinistcha|Calm Mind|p2a: Sinistcha
|-boost|p2a: Sinistcha|spa|1
|-boost|p2a: Sinistcha|spd|1
|
|upkeep
|turn|25
|
|t:|1779823298
|-terastallize|p2a: Sinistcha|Poison
|move|p1a: Enamorus|Moonblast|p2a: Sinistcha
|-resisted|p2a: Sinistcha
|-damage|p2a: Sinistcha|21/100
|move|p2a: Sinistcha|Strength Sap|p1a: Enamorus
|-boost|p1a: Enamorus|atk|1
|-heal|p2a: Sinistcha|100/100
|
|upkeep
|turn|26
|
|t:|1779823314
|switch|p1a: Garganacl|Garganacl, M|100/100
|move|p2a: Sinistcha|Calm Mind|p2a: Sinistcha
|-boost|p2a: Sinistcha|spa|1
|-boost|p2a: Sinistcha|spd|1
|
|upkeep
|turn|27
|
|t:|1779823318
|move|p2a: Sinistcha|Matcha Gotcha|p1a: Garganacl
|-supereffective|p1a: Garganacl
|-damage|p1a: Garganacl|16/100
|move|p1a: Garganacl|Salt Cure|p2a: Sinistcha
|-damage|p2a: Sinistcha|91/100
|-start|p2a: Sinistcha|Salt Cure
|
|-heal|p1a: Garganacl|22/100|[from] item: Leftovers
|-damage|p2a: Sinistcha|78/100|[from] Salt Cure
|upkeep
|turn|28
|
|t:|1779823328
|move|p2a: Sinistcha|Matcha Gotcha|p1a: Garganacl
|-supereffective|p1a: Garganacl
|-damage|p1a: Garganacl|0 fnt
|-heal|p2a: Sinistcha|91/100|[from] drain|[of] p1a: Garganacl
|faint|p1a: Garganacl
|
|-damage|p2a: Sinistcha|79/100|[from] Salt Cure
|upkeep
|
|t:|1779823347
|switch|p1a: Iron Crown|Iron Crown|100/100
|-enditem|p1a: Iron Crown|Booster Energy
|-activate|p1a: Iron Crown|ability: Quark Drive|[fromitem]
|-start|p1a: Iron Crown|quarkdrivespe
|turn|29
|
|t:|1779823360
|move|p1a: Iron Crown|Calm Mind|p1a: Iron Crown
|-boost|p1a: Iron Crown|spa|1
|-boost|p1a: Iron Crown|spd|1
|move|p2a: Sinistcha|Shadow Ball|p1a: Iron Crown
|-supereffective|p1a: Iron Crown
|-damage|p1a: Iron Crown|20/100
|
|-damage|p2a: Sinistcha|66/100|[from] Salt Cure
|upkeep
|turn|30
|
|t:|1779823367
|switch|p2a: Tyranitar|Tyranitar, F|63/100 tox
|-weather|Sandstorm|[from] ability: Sand Stream|[of] p2a: Tyranitar
|move|p1a: Iron Crown|Psyshock|p2a: Tyranitar
|-immune|p2a: Tyranitar
|
|-weather|Sandstorm|[upkeep]
|-damage|p2a: Tyranitar|57/100 tox|[from] psn
|upkeep
|turn|31
|
|t:|1779823370
|move|p1a: Iron Crown|Tachyon Cutter|p2a: Tyranitar
|-supereffective|p2a: Tyranitar
|-damage|p2a: Tyranitar|28/100 tox
|-supereffective|p2a: Tyranitar
|-damage|p2a: Tyranitar|0 fnt
|faint|p2a: Tyranitar
|-hitcount|p2: Tyranitar|2
|
|-weather|Sandstorm|[upkeep]
|upkeep
|
|t:|1779823372
|switch|p2a: Excadrill|Excadrill, M|100/100
|-item|p2a: Excadrill|Air Balloon
|turn|32
|
|t:|1779823381
|-end|p1a: Iron Crown|Quark Drive|[silent]
|switch|p1a: Golurk|Golurk|82/100 brn
|move|p2a: Excadrill|Earthquake|p1a: Golurk
|-damage|p1a: Golurk|17/100 brn
|
|-weather|Sandstorm|[upkeep]
|-damage|p1a: Golurk|11/100 brn|[from] brn
|upkeep
|turn|33
|
|t:|1779823384
|move|p2a: Excadrill|Earthquake|p1a: Golurk
|-damage|p1a: Golurk|0 fnt
|faint|p1a: Golurk
|
|-weather|Sandstorm|[upkeep]
|upkeep
|
|t:|1779823396
|switch|p1a: Enamorus|Enamorus, F|100/100
|turn|34
|
|t:|1779823400
|move|p2a: Excadrill|Iron Head|p1a: Enamorus
|-supereffective|p1a: Enamorus
|-damage|p1a: Enamorus|0 fnt
|faint|p1a: Enamorus
|
|-weather|Sandstorm|[upkeep]
|upkeep
|
|t:|1779823403
|switch|p1a: Ogerpon|Ogerpon-Wellspring-Tera, F, tera:Water|6/100
|-ability|p1a: Ogerpon|Embody Aspect (Wellspring)|boost
|-boost|p1a: Ogerpon|spd|1
|turn|35
|
|t:|1779823405
|move|p2a: Excadrill|Rapid Spin|p1a: Ogerpon
|-damage|p1a: Ogerpon|0 fnt
|-boost|p2a: Excadrill|spe|1
|faint|p1a: Ogerpon
|detailschange|p1: Ogerpon|Ogerpon-Wellspring, F|[silent]
|
|-weather|Sandstorm|[upkeep]
|upkeep
|
|t:|1779823407
|switch|p1a: Iron Crown|Iron Crown|20/100
|turn|36
|-message|Alakazam darnold forfeited.
|
|win|ditissjoerd
|raw|Alakazam darnold's rating: 1478 &rarr; <strong>1461</strong><br />(-17 for losing)
|raw|ditissjoerd's rating: 1525 &rarr; <strong>1542</strong><br />(+17 for winning)
|l|☆Alakazam darnold
|player|p1|
|c|☆ditissjoerd|gg
|l|☆ditissjoerd
|player|p2|
