|j|☆RandumbRaccoon
|j|☆ThiccHavoc
|t:|1779857783
|gametype|singles
|player|p1|RandumbRaccoon|ingo|1308
|player|p2|ThiccHavoc|biker-gen4|1399
|gen|9
|tier|[Gen 9] OU
|rated|
|rule|HP Percentage Mod: HP is shown in percentages
|rule|Endless Battle Clause: Forcing endless battles is banned
|rule|Species Clause: Limit one of each Pokémon
|rule|OHKO Clause: OHKO moves are banned
|rule|Evasion Items Clause: Evasion items are banned
|rule|Evasion Moves Clause: Evasion moves are banned
|rule|Evasion Abilities Clause: Evasion abilities are banned
|rule|Sleep Moves Clause: Sleep-inducing moves are banned
|clearpoke
|poke|p1|Ogerpon-Wellspring, F|
|poke|p1|Garganacl, F|
|poke|p1|Great Tusk|
|poke|p1|Dragonite, M|
|poke|p1|Moltres|
|poke|p1|Darkrai|
|poke|p2|Magnezone|
|poke|p2|Moltres|
|poke|p2|Garganacl, F|
|poke|p2|Rillaboom, M|
|poke|p2|Mandibuzz, F|
|poke|p2|Okidogi, M|
|teampreview
|inactive|Battle timer is ON: inactive players will automatically lose when time's up. (requested by RandumbRaccoon)
|
|t:|1779857803
|teamsize|p1|6
|teamsize|p2|6
|start
|switch|p1a: Darkrai|Darkrai|100/100
|switch|p2a: Magnezone|Magnezone|100/100
|turn|1
|
|t:|1779857810
|move|p1a: Darkrai|Dark Pulse|p2a: Magnezone
|-damage|p2a: Magnezone|69/100
|move|p2a: Magnezone|Flash Cannon|p1a: Darkrai
|-damage|p1a: Darkrai|29/100
|-unboost|p1a: Darkrai|spd|1
|
|upkeep
|turn|2
|
|t:|1779857823
|switch|p1a: Ogerpon|Ogerpon-Wellspring, F|100/100
|move|p2a: Magnezone|Volt Switch|p1a: Ogerpon
|-damage|p1a: Ogerpon|38/100
|
|t:|1779857841
|switch|p2a: Mandibuzz|Mandibuzz, F|100/100|[from] Volt Switch
|
|upkeep
|turn|3
|
|t:|1779857846
|move|p1a: Ogerpon|U-turn|p2a: Mandibuzz
|-damage|p2a: Mandibuzz|84/100
|
|t:|1779857850
|switch|p1a: Moltres|Moltres|100/100|[from] U-turn
|move|p2a: Mandibuzz|Foul Play|p1a: Moltres
|-damage|p1a: Moltres|72/100
|
|upkeep
|turn|4
|
|t:|1779857859
|move|p1a: Moltres|Will-O-Wisp|p2a: Mandibuzz
|-status|p2a: Mandibuzz|brn
|move|p2a: Mandibuzz|Roost|p2a: Mandibuzz
|-heal|p2a: Mandibuzz|100/100 brn
|-singleturn|p2a: Mandibuzz|move: Roost
|
|-damage|p2a: Mandibuzz|94/100 brn|[from] brn
|upkeep
|turn|5
|
|t:|1779857866
|switch|p1a: Garganacl|Garganacl, F|100/100
|move|p2a: Mandibuzz|Foul Play|p1a: Garganacl
|-damage|p1a: Garganacl|89/100
|
|-heal|p1a: Garganacl|95/100|[from] item: Leftovers
|-damage|p2a: Mandibuzz|88/100 brn|[from] brn
|upkeep
|turn|6
|
|t:|1779857872
|switch|p2a: Rillaboom|Rillaboom, M|100/100
|-fieldstart|move: Grassy Terrain|[from] ability: Grassy Surge|[of] p2a: Rillaboom
|move|p1a: Garganacl|Salt Cure|p2a: Rillaboom
|-damage|p2a: Rillaboom|89/100
|-start|p2a: Rillaboom|Salt Cure
|
|-heal|p2a: Rillaboom|95/100|[from] Grassy Terrain
|-heal|p1a: Garganacl|100/100|[from] Grassy Terrain
|-damage|p2a: Rillaboom|82/100|[from] Salt Cure
|upkeep
|turn|7
|
|t:|1779857881
|switch|p2a: Moltres|Moltres|100/100
|move|p1a: Garganacl|Stealth Rock|p2a: Moltres
|-sidestart|p2: ThiccHavoc|move: Stealth Rock
|
|upkeep
|turn|8
|
|t:|1779857891
|move|p2a: Moltres|Flamethrower|p1a: Garganacl
|-resisted|p1a: Garganacl
|-damage|p1a: Garganacl|88/100
|move|p1a: Garganacl|Salt Cure|p2a: Moltres
|-supereffective|p2a: Moltres
|-damage|p2a: Moltres|58/100
|-start|p2a: Moltres|Salt Cure
|
|-heal|p1a: Garganacl|94/100|[from] Grassy Terrain
|-heal|p1a: Garganacl|99/100|[from] item: Leftovers
|-damage|p2a: Moltres|46/100|[from] Salt Cure
|upkeep
|turn|9
|
|t:|1779857908
|switch|p2a: Okidogi|Okidogi, M|100/100
|-damage|p2a: Okidogi|94/100|[from] Stealth Rock
|move|p1a: Garganacl|Salt Cure|p2a: Okidogi
|-resisted|p2a: Okidogi
|-damage|p2a: Okidogi|89/100
|-start|p2a: Okidogi|Salt Cure
|
|-heal|p2a: Okidogi|95/100|[from] Grassy Terrain
|-heal|p1a: Garganacl|100/100|[from] Grassy Terrain
|-damage|p2a: Okidogi|83/100|[from] Salt Cure
|upkeep
|turn|10
|
|t:|1779857917
|switch|p1a: Moltres|Moltres|72/100
|move|p2a: Okidogi|Knock Off|p1a: Moltres
|-damage|p1a: Moltres|45/100
|-enditem|p1a: Moltres|Heavy-Duty Boots|[from] move: Knock Off|[of] p2a: Okidogi
|
|-heal|p2a: Okidogi|89/100|[from] Grassy Terrain
|-damage|p2a: Okidogi|77/100|[from] Salt Cure
|-fieldend|move: Grassy Terrain
|upkeep
|turn|11
|
|t:|1779857931
|switch|p2a: Moltres|Moltres|46/100
|move|p1a: Moltres|Roost|p1a: Moltres
|-heal|p1a: Moltres|95/100
|-singleturn|p1a: Moltres|move: Roost
|
|upkeep
|turn|12
|
|t:|1779857936
|move|p1a: Moltres|Brave Bird|p2a: Moltres
|-damage|p2a: Moltres|8/100
|-damage|p1a: Moltres|83/100|[from] Recoil
|move|p2a: Moltres|Roost|p2a: Moltres
|-heal|p2a: Moltres|58/100
|-singleturn|p2a: Moltres|move: Roost
|
|upkeep
|turn|13
|
|t:|1779857945
|switch|p1a: Garganacl|Garganacl, F|100/100
|move|p2a: Moltres|Roost|p2a: Moltres
|-heal|p2a: Moltres|100/100
|-singleturn|p2a: Moltres|move: Roost
|
|upkeep
|turn|14
|
|t:|1779857972
|switch|p2a: Garganacl|Garganacl, F|100/100
|-damage|p2a: Garganacl|88/100|[from] Stealth Rock
|move|p1a: Garganacl|Salt Cure|p2a: Garganacl
|-crit|p2a: Garganacl
|-damage|p2a: Garganacl|76/100
|-start|p2a: Garganacl|Salt Cure
|
|-heal|p2a: Garganacl|82/100|[from] item: Leftovers
|-damage|p2a: Garganacl|70/100|[from] Salt Cure
|upkeep
|turn|15
|
|t:|1779857980
|switch|p1a: Darkrai|Darkrai|29/100
|move|p2a: Garganacl|Stealth Rock|p1a: Darkrai
|-sidestart|p1: RandumbRaccoon|move: Stealth Rock
|
|-heal|p2a: Garganacl|76/100|[from] item: Leftovers
|-damage|p2a: Garganacl|64/100|[from] Salt Cure
|upkeep
|turn|16
|inactive|ThiccHavoc has 120 seconds left.
|
|t:|1779858024
|switch|p2a: Mandibuzz|Mandibuzz, F|88/100 brn
|move|p1a: Darkrai|Trick|p2a: Mandibuzz
|-activate|p1a: Darkrai|move: Trick|[of] p2a: Mandibuzz
|-item|p2a: Mandibuzz|Choice Scarf|[from] move: Trick
|-item|p1a: Darkrai|Heavy-Duty Boots|[from] move: Trick
|
|-damage|p2a: Mandibuzz|82/100 brn|[from] brn
|upkeep
|turn|17
|
|t:|1779858035
|move|p1a: Darkrai|Ice Beam|p2a: Mandibuzz
|-supereffective|p2a: Mandibuzz
|-damage|p2a: Mandibuzz|28/100 brn
|move|p2a: Mandibuzz|Whirlwind|p1a: Darkrai
|drag|p1a: Great Tusk|Great Tusk|100/100
|
|-damage|p2a: Mandibuzz|21/100 brn|[from] brn
|upkeep
|turn|18
|
|t:|1779858046
|switch|p2a: Moltres|Moltres|100/100
|move|p1a: Great Tusk|Rapid Spin|p2a: Moltres
|-crit|p2a: Moltres
|-damage|p2a: Moltres|79/100
|-boost|p1a: Great Tusk|spe|1
|-sideend|p1: RandumbRaccoon|Stealth Rock|[from] move: Rapid Spin|[of] p1a: Great Tusk
|
|upkeep
|turn|19
|
|t:|1779858059
|-end|p1a: Great Tusk|Protosynthesis|[silent]
|switch|p1a: Garganacl|Garganacl, F|100/100
|move|p2a: Moltres|U-turn|p1a: Garganacl
|-crit|p1a: Garganacl
|-damage|p1a: Garganacl|86/100
|
|t:|1779858076
|switch|p2a: Garganacl|Garganacl, F|64/100|[from] U-turn
|-damage|p2a: Garganacl|51/100|[from] Stealth Rock
|
|-heal|p2a: Garganacl|57/100|[from] item: Leftovers
|-heal|p1a: Garganacl|92/100|[from] item: Leftovers
|upkeep
|turn|20
|
|t:|1779858084
|move|p1a: Garganacl|Salt Cure|p2a: Garganacl
|-damage|p2a: Garganacl|50/100
|-start|p2a: Garganacl|Salt Cure
|move|p2a: Garganacl|Stealth Rock|p1a: Garganacl
|-sidestart|p1: RandumbRaccoon|move: Stealth Rock
|
|-heal|p2a: Garganacl|57/100|[from] item: Leftovers
|-heal|p1a: Garganacl|98/100|[from] item: Leftovers
|-damage|p2a: Garganacl|44/100|[from] Salt Cure
|upkeep
|turn|21
|
|t:|1779858093
|switch|p1a: Ogerpon|Ogerpon-Wellspring, F|38/100
|-damage|p1a: Ogerpon|26/100|[from] Stealth Rock
|move|p2a: Garganacl|Recover|p2a: Garganacl
|-heal|p2a: Garganacl|94/100
|
|-heal|p2a: Garganacl|100/100|[from] item: Leftovers
|-damage|p2a: Garganacl|88/100|[from] Salt Cure
|upkeep
|turn|22
|inactive|ThiccHavoc has 120 seconds left.
|
|t:|1779858105
|switch|p2a: Mandibuzz|Mandibuzz, F|21/100 brn
|-damage|p2a: Mandibuzz|0 fnt|[from] Stealth Rock
|faint|p2a: Mandibuzz
|-terastallize|p1a: Ogerpon|Water
|detailschange|p1a: Ogerpon|Ogerpon-Wellspring-Tera, F, tera:Water
|-ability|p1a: Ogerpon|Embody Aspect (Wellspring)|boost
|-boost|p1a: Ogerpon|spd|1
|move|p1a: Ogerpon|Ivy Cudgel|p2: Mandibuzz|[notarget]
|-fail|p1a: Ogerpon
|
|upkeep
|
|t:|1779858119
|switch|p2a: Rillaboom|Rillaboom, M|82/100
|-damage|p2a: Rillaboom|70/100|[from] Stealth Rock
|-fieldstart|move: Grassy Terrain|[from] ability: Grassy Surge|[of] p2a: Rillaboom
|turn|23
|
|t:|1779858126
|switch|p1a: Moltres|Moltres|83/100
|-damage|p1a: Moltres|33/100|[from] Stealth Rock
|move|p2a: Rillaboom|Wood Hammer|p1a: Moltres
|-resisted|p1a: Moltres
|-damage|p1a: Moltres|7/100
|-damage|p2a: Rillaboom|62/100|[from] Recoil
|
|-heal|p2a: Rillaboom|68/100|[from] Grassy Terrain
|upkeep
|turn|24
|inactive|ThiccHavoc has 120 seconds left.
|
|t:|1779858144
|move|p1a: Moltres|Will-O-Wisp|p2a: Rillaboom
|-status|p2a: Rillaboom|brn
|move|p2a: Rillaboom|Wood Hammer|p1a: Moltres
|-resisted|p1a: Moltres
|-damage|p1a: Moltres|0 fnt
|faint|p1a: Moltres
|-damage|p2a: Rillaboom|66/100 brn|[from] Recoil
|
|-heal|p2a: Rillaboom|72/100 brn|[from] Grassy Terrain
|-damage|p2a: Rillaboom|66/100 brn|[from] brn
|upkeep
|
|t:|1779858153
|switch|p1a: Dragonite|Dragonite, M|100/100
|turn|25
|inactive|ThiccHavoc has 120 seconds left.
|
|t:|1779858158
|switch|p2a: Moltres|Moltres|79/100
|move|p1a: Dragonite|Dragon Dance|p1a: Dragonite
|-boost|p1a: Dragonite|atk|1
|-boost|p1a: Dragonite|spe|1
|
|upkeep
|turn|26
|inactive|ThiccHavoc has 120 seconds left.
|-message|ThiccHavoc forfeited.
|
|win|RandumbRaccoon
|raw|RandumbRaccoon's rating: 1308 &rarr; <strong>1333</strong><br />(+25 for winning)
|raw|ThiccHavoc's rating: 1399 &rarr; <strong>1374</strong><br />(-25 for losing)
|l|☆ThiccHavoc
|player|p2|
|l|☆RandumbRaccoon
|player|p1|
