|j|☆Oweiner95
|j|☆pepinoloko
|t:|1779898487
|gametype|singles
|player|p1|Oweiner95|169|1610
|player|p2|pepinoloko|byron|1534
|gen|9
|tier|[Gen 9] OU
|rated|
|rule|HP Percentage Mod: HP is shown in percentages
|rule|Endless Battle Clause: Forcing endless battles is banned
|rule|Species Clause: Limit one of each Pokémon
|rule|OHKO Clause: OHKO moves are banned
|rule|Evasion Items Clause: Evasion items are banned
|rule|Evasion Moves Clause: Evasion moves are banned
|rule|Evasion Abilities Clause: Evasion abilities are banned
|rule|Sleep Moves Clause: Sleep-inducing moves are banned
|clearpoke
|poke|p1|Slowking-Galar, F|
|poke|p1|Great Tusk|
|poke|p1|Kyurem|
|poke|p1|Kingambit, M|
|poke|p1|Cinderace, F|
|poke|p1|Zapdos|
|poke|p2|Salazzle, F|
|poke|p2|Zoroark-Hisui, M|
|poke|p2|Cinderace, M|
|poke|p2|Toxapex, M|
|poke|p2|Chesnaught, F|
|poke|p2|Grimmsnarl, M|
|teampreview
|inactive|Battle timer is ON: inactive players will automatically lose when time's up. (requested by Oweiner95)
|
|t:|1779898504
|teamsize|p1|6
|teamsize|p2|6
|start
|switch|p1a: Kyurem|Kyurem|100/100
|switch|p2a: Forgive|Salazzle, F|100/100
|-ability|p1a: Kyurem|Pressure
|turn|1
|
|t:|1779898509
|move|p2a: Forgive|Substitute|p2a: Forgive
|-start|p2a: Forgive|Substitute
|-damage|p2a: Forgive|76/100
|move|p1a: Kyurem|Earth Power|p2a: Forgive
|-supereffective|p2a: Forgive
|-end|p2a: Forgive|Substitute
|
|-heal|p2a: Forgive|82/100|[from] item: Leftovers
|upkeep
|turn|2
|
|t:|1779898513
|-terastallize|p2a: Forgive|Flying
|move|p2a: Forgive|Toxic|p1a: Kyurem
|-status|p1a: Kyurem|tox
|move|p1a: Kyurem|Earth Power|p2a: Forgive
|-immune|p2a: Forgive
|
|-heal|p2a: Forgive|88/100|[from] item: Leftovers
|-damage|p1a: Kyurem|94/100 tox|[from] psn
|upkeep
|turn|3
|
|t:|1779898522
|switch|p1a: Zapdos|Zapdos|100/100
|move|p2a: Forgive|Encore||[still]
|-fail|p2a: Forgive
|
|-heal|p2a: Forgive|94/100|[from] item: Leftovers
|upkeep
|turn|4
|
|t:|1779898533
|move|p2a: Forgive|Substitute|p2a: Forgive
|-start|p2a: Forgive|Substitute
|-damage|p2a: Forgive|70/100
|move|p1a: Zapdos|Volt Switch|p2a: Forgive
|-supereffective|p2a: Forgive
|-end|p2a: Forgive|Substitute
|
|t:|1779898540
|switch|p1a: Cinderace|Cinderace, F|100/100|[from] Volt Switch
|
|-heal|p2a: Forgive|76/100|[from] item: Leftovers
|upkeep
|turn|5
|
|t:|1779898545
|switch|p2a: Chesnaught|Chesnaught, F|100/100
|move|p1a: Cinderace|Pyro Ball|p2a: Chesnaught
|-immune|p2a: Chesnaught|[from] ability: Bulletproof
|
|upkeep
|turn|6
|
|t:|1779898551
|move|p2a: Chesnaught|Spiky Shield|p2a: Chesnaught
|-singleturn|p2a: Chesnaught|move: Protect
|move|p1a: Cinderace|Will-O-Wisp|p2a: Chesnaught
|-activate|p2a: Chesnaught|move: Protect
|
|upkeep
|turn|7
|
|t:|1779898558
|move|p1a: Cinderace|U-turn|p2a: Chesnaught
|-damage|p2a: Chesnaught|90/100
|-damage|p1a: Cinderace|84/100|[from] item: Rocky Helmet|[of] p2a: Chesnaught
|
|t:|1779898562
|switch|p1a: Zapdos|Zapdos|100/100|[from] U-turn
|move|p2a: Chesnaught|Knock Off|p1a: Zapdos
|-damage|p1a: Zapdos|85/100
|-enditem|p1a: Zapdos|Heavy-Duty Boots|[from] move: Knock Off|[of] p2a: Chesnaught
|
|upkeep
|turn|8
|
|t:|1779898568
|switch|p2a: Love has a name|Grimmsnarl, M|100/100
|move|p1a: Zapdos|Hurricane|p2a: Love has a name
|-damage|p2a: Love has a name|58/100
|
|upkeep
|turn|9
|
|t:|1779898572
|move|p2a: Love has a name|Trick|p1a: Zapdos
|-activate|p2a: Love has a name|move: Trick|[of] p1a: Zapdos
|-item|p1a: Zapdos|Choice Scarf|[from] move: Trick
|-enditem|p2a: Love has a name|Choice Scarf|[silent]|[from] move: Trick
|move|p1a: Zapdos|Volt Switch|p2a: Love has a name
|-damage|p2a: Love has a name|29/100
|
|t:|1779898580
|switch|p1a: Kyurem|Kyurem|94/100 tox|[from] Volt Switch
|-ability|p1a: Kyurem|Pressure
|
|-damage|p1a: Kyurem|88/100 tox|[from] psn
|upkeep
|turn|10
|
|t:|1779898583
|move|p2a: Love has a name|Parting Shot|p1a: Kyurem
|-unboost|p1a: Kyurem|atk|1
|-unboost|p1a: Kyurem|spa|1
|
|t:|1779898585
|switch|p2a: I U-turn on U|Cinderace, M|100/100|[from] Parting Shot
|move|p1a: Kyurem|Freeze-Dry|p2a: I U-turn on U
|-resisted|p2a: I U-turn on U
|-damage|p2a: I U-turn on U|76/100
|
|-damage|p1a: Kyurem|76/100 tox|[from] psn
|upkeep
|turn|11
|
|t:|1779898589
|switch|p1a: Zapdos|Zapdos|85/100
|move|p2a: I U-turn on U|Pyro Ball|p1a: Zapdos|[miss]
|-miss|p2a: I U-turn on U|p1a: Zapdos
|
|upkeep
|turn|12
|
|t:|1779898595
|move|p2a: I U-turn on U|Pyro Ball|p1a: Zapdos
|-damage|p1a: Zapdos|41/100
|move|p1a: Zapdos|Volt Switch|p2a: I U-turn on U
|-damage|p2a: I U-turn on U|37/100
|
|t:|1779898601
|switch|p1a: Cinderace|Cinderace, F|84/100|[from] Volt Switch
|
|upkeep
|turn|13
|
|t:|1779898604
|switch|p2a: Chesnaught|Chesnaught, F|90/100
|move|p1a: Cinderace|Pyro Ball|p2a: Chesnaught
|-immune|p2a: Chesnaught|[from] ability: Bulletproof
|
|upkeep
|turn|14
|
|t:|1779898609
|move|p1a: Cinderace|Will-O-Wisp|p2a: Chesnaught
|-status|p2a: Chesnaught|brn
|move|p2a: Chesnaught|Knock Off|p1a: Cinderace
|-damage|p1a: Cinderace|69/100
|-enditem|p1a: Cinderace|Heavy-Duty Boots|[from] move: Knock Off|[of] p2a: Chesnaught
|
|-damage|p2a: Chesnaught|84/100 brn|[from] brn
|upkeep
|turn|15
|
|t:|1779898614
|move|p1a: Cinderace|U-turn|p2a: Chesnaught
|-damage|p2a: Chesnaught|73/100 brn
|-damage|p1a: Cinderace|53/100|[from] item: Rocky Helmet|[of] p2a: Chesnaught
|
|t:|1779898617
|switch|p1a: Kyurem|Kyurem|76/100 tox|[from] U-turn
|-ability|p1a: Kyurem|Pressure
|move|p2a: Chesnaught|Leech Seed|p1a: Kyurem
|-start|p1a: Kyurem|move: Leech Seed
|
|-damage|p1a: Kyurem|64/100 tox|[from] Leech Seed|[of] p2a: Chesnaught
|-heal|p2a: Chesnaught|86/100 brn|[silent]
|-damage|p1a: Kyurem|58/100 tox|[from] psn
|-damage|p2a: Chesnaught|80/100 brn|[from] brn
|upkeep
|turn|16
|
|t:|1779898621
|move|p2a: Chesnaught|Spiky Shield|p2a: Chesnaught
|-singleturn|p2a: Chesnaught|move: Protect
|move|p1a: Kyurem|Freeze-Dry|p2a: Chesnaught
|-activate|p2a: Chesnaught|move: Protect
|
|-damage|p1a: Kyurem|45/100 tox|[from] Leech Seed|[of] p2a: Chesnaught
|-heal|p2a: Chesnaught|92/100 brn|[silent]
|-damage|p1a: Kyurem|33/100 tox|[from] psn
|-damage|p2a: Chesnaught|86/100 brn|[from] brn
|upkeep
|turn|17
|
|t:|1779898628
|switch|p2a: Love has a name|Grimmsnarl, M|29/100
|move|p1a: Kyurem|Freeze-Dry|p2a: Love has a name
|-damage|p2a: Love has a name|0 fnt
|faint|p2a: Love has a name
|
|-damage|p1a: Kyurem|15/100 tox|[from] psn
|upkeep
|
|t:|1779898637
|switch|p2a: Sin poisons|Toxapex, M, shiny|100/100
|turn|18
|
|t:|1779898642
|switch|p1a: Zapdos|Zapdos|41/100
|move|p2a: Sin poisons|Infestation|p1a: Zapdos
|-resisted|p1a: Zapdos
|-damage|p1a: Zapdos|40/100
|-activate|p1a: Zapdos|move: Infestation|[of] p2a: Sin poisons
|
|-damage|p1a: Zapdos|28/100|[from] move: Infestation|[partiallytrapped]
|upkeep
|turn|19
|
|t:|1779898647
|move|p2a: Sin poisons|Baneful Bunker|p2a: Sin poisons
|-singleturn|p2a: Sin poisons|move: Protect
|move|p1a: Zapdos|Volt Switch|p2a: Sin poisons
|-activate|p2a: Sin poisons|move: Protect
|
|-damage|p1a: Zapdos|15/100|[from] move: Infestation|[partiallytrapped]
|upkeep
|turn|20
|
|t:|1779898655
|move|p1a: Zapdos|Volt Switch|p2a: Sin poisons
|-supereffective|p2a: Sin poisons
|-damage|p2a: Sin poisons|59/100
|
|t:|1779898659
|switch|p1a: Slowking|Slowking-Galar, F|100/100|[from] Volt Switch
|move|p2a: Sin poisons|Infestation|p1a: Slowking
|-damage|p1a: Slowking|98/100
|-activate|p1a: Slowking|move: Infestation|[of] p2a: Sin poisons
|
|-heal|p2a: Sin poisons|65/100|[from] item: Leftovers
|-damage|p1a: Slowking|86/100|[from] move: Infestation|[partiallytrapped]
|upkeep
|turn|21
|
|t:|1779898663
|switch|p2a: Forgive|Salazzle, F, tera:Flying|76/100
|move|p1a: Slowking|Future Sight|p2a: Forgive
|-start|p1a: Slowking|move: Future Sight
|
|-heal|p2a: Forgive|82/100|[from] item: Leftovers
|-end|p1a: Slowking|Infestation|[partiallytrapped]|[silent]
|upkeep
|turn|22
|
|t:|1779898668
|switch|p1a: Zapdos|Zapdos|15/100
|move|p2a: Forgive|Toxic|p1a: Zapdos
|-status|p1a: Zapdos|tox
|
|-heal|p2a: Forgive|88/100|[from] item: Leftovers
|-damage|p1a: Zapdos|9/100 tox|[from] psn
|upkeep
|turn|23
|
|t:|1779898684
|switch|p2a: Sin poisons|Toxapex, M, shiny|99/100
|move|p1a: Zapdos|Volt Switch|p2a: Sin poisons
|-supereffective|p2a: Sin poisons
|-damage|p2a: Sin poisons|54/100
|
|t:|1779898689
|switch|p1a: Slowking|Slowking-Galar, F|100/100|[from] Volt Switch
|
|-end|p2a: Sin poisons|move: Future Sight
|-supereffective|p2a: Sin poisons
|-damage|p2a: Sin poisons|0 fnt
|faint|p2a: Sin poisons
|upkeep
|
|t:|1779898693
|switch|p2a: Forgive|Salazzle, F, tera:Flying|88/100
|turn|24
|
|t:|1779898696
|switch|p1a: Zapdos|Zapdos|9/100 tox
|move|p2a: Forgive|Toxic|p1a: Zapdos
|-fail|p1a: Zapdos|tox
|
|-heal|p2a: Forgive|94/100|[from] item: Leftovers
|-damage|p1a: Zapdos|3/100 tox|[from] psn
|upkeep
|turn|25
|
|t:|1779898700
|move|p2a: Forgive|Toxic|p1a: Zapdos|[miss]
|-miss|p2a: Forgive|p1a: Zapdos
|move|p1a: Zapdos|Volt Switch|p2a: Forgive
|-supereffective|p2a: Forgive
|-damage|p2a: Forgive|11/100
|
|t:|1779898704
|switch|p1a: Cinderace|Cinderace, F|53/100|[from] Volt Switch
|
|-heal|p2a: Forgive|17/100|[from] item: Leftovers
|upkeep
|turn|26
|
|t:|1779898707
|switch|p2a: Chesnaught|Chesnaught, F|86/100 brn
|move|p1a: Cinderace|Pyro Ball|p2a: Chesnaught
|-immune|p2a: Chesnaught|[from] ability: Bulletproof
|
|-damage|p2a: Chesnaught|80/100 brn|[from] brn
|upkeep
|turn|27
|
|t:|1779898715
|switch|p1a: Great Tusk|Great Tusk|100/100
|move|p2a: Chesnaught|Leech Seed|p1a: Great Tusk
|-start|p1a: Great Tusk|move: Leech Seed
|
|-damage|p1a: Great Tusk|88/100|[from] Leech Seed|[of] p2a: Chesnaught
|-heal|p2a: Chesnaught|93/100 brn|[silent]
|-damage|p2a: Chesnaught|87/100 brn|[from] brn
|upkeep
|turn|28
|
|t:|1779898720
|move|p1a: Great Tusk|Ice Spinner|p2a: Chesnaught
|-supereffective|p2a: Chesnaught
|-crit|p2a: Chesnaught
|-damage|p2a: Chesnaught|40/100 brn
|-damage|p1a: Great Tusk|71/100|[from] item: Rocky Helmet|[of] p2a: Chesnaught
|move|p2a: Chesnaught|Drain Punch|p1a: Great Tusk
|-damage|p1a: Great Tusk|61/100
|-heal|p2a: Chesnaught|45/100 brn|[from] drain|[of] p1a: Great Tusk
|
|-heal|p1a: Great Tusk|67/100|[from] item: Leftovers
|-damage|p1a: Great Tusk|55/100|[from] Leech Seed|[of] p2a: Chesnaught
|-heal|p2a: Chesnaught|58/100 brn|[silent]
|-damage|p2a: Chesnaught|52/100 brn|[from] brn
|upkeep
|turn|29
|
|t:|1779898724
|move|p2a: Chesnaught|Spiky Shield|p2a: Chesnaught
|-singleturn|p2a: Chesnaught|move: Protect
|move|p1a: Great Tusk|Ice Spinner|p2a: Chesnaught
|-activate|p2a: Chesnaught|move: Protect
|-damage|p1a: Great Tusk|42/100|[from] Spiky Shield|[of] p2a: Chesnaught
|
|-heal|p1a: Great Tusk|48/100|[from] item: Leftovers
|-damage|p1a: Great Tusk|36/100|[from] Leech Seed|[of] p2a: Chesnaught
|-heal|p2a: Chesnaught|65/100 brn|[silent]
|-damage|p2a: Chesnaught|59/100 brn|[from] brn
|upkeep
|turn|30
|
|t:|1779898729
|-end|p1a: Great Tusk|Protosynthesis|[silent]
|switch|p1a: Slowking|Slowking-Galar, F|100/100
|move|p2a: Chesnaught|Drain Punch|p1a: Slowking
|-resisted|p1a: Slowking
|-damage|p1a: Slowking|97/100
|-heal|p2a: Chesnaught|60/100 brn|[from] drain|[of] p1a: Slowking
|
|-damage|p2a: Chesnaught|54/100 brn|[from] brn
|upkeep
|turn|31
|
|t:|1779898733
|move|p2a: Chesnaught|Leech Seed|p1a: Slowking
|-start|p1a: Slowking|move: Leech Seed
|move|p1a: Slowking|Future Sight|p2a: Chesnaught
|-start|p1a: Slowking|move: Future Sight
|
|-damage|p1a: Slowking|85/100|[from] Leech Seed|[of] p2a: Chesnaught
|-heal|p2a: Chesnaught|67/100 brn|[silent]
|-damage|p2a: Chesnaught|61/100 brn|[from] brn
|upkeep
|turn|32
|
|t:|1779898737
|move|p2a: Chesnaught|Leech Seed||[still]
|-fail|p2a: Chesnaught
|-prepare|p1a: Slowking|Chilly Reception|[premajor]
|move|p1a: Slowking|Chilly Reception|p1a: Slowking
|-weather|Snowscape
|
|t:|1779898741
|switch|p1a: Zapdos|Zapdos|3/100 tox|[from] Chilly Reception
|
|-weather|Snowscape|[upkeep]
|-damage|p1a: Zapdos|0 fnt|[from] psn
|faint|p1a: Zapdos
|-damage|p2a: Chesnaught|55/100 brn|[from] brn
|upkeep
|
|t:|1779898742
|switch|p1a: Kyurem|Kyurem|15/100 tox
|-ability|p1a: Kyurem|Pressure
|turn|33
|
|t:|1779898748
|move|p1a: Kyurem|Blizzard|p2a: Chesnaught
|-supereffective|p2a: Chesnaught
|-damage|p2a: Chesnaught|0 fnt
|faint|p2a: Chesnaught
|
|-weather|Snowscape|[upkeep]
|-hint|Future Sight did not hit because the target is fainted.
|-damage|p1a: Kyurem|8/100 tox|[from] psn
|upkeep
|
|t:|1779898756
|switch|p2a: I U-turn on U|Cinderace, M|37/100
|turn|34
|
|t:|1779898763
|switch|p1a: Great Tusk|Great Tusk|36/100
|move|p2a: I U-turn on U|Pyro Ball|p1a: Great Tusk|[miss]
|-miss|p2a: I U-turn on U|p1a: Great Tusk
|
|-weather|Snowscape|[upkeep]
|-heal|p1a: Great Tusk|42/100|[from] item: Leftovers
|upkeep
|turn|35
|
|t:|1779898774
|move|p2a: I U-turn on U|Pyro Ball|p1a: Great Tusk
|-damage|p1a: Great Tusk|0 fnt
|faint|p1a: Great Tusk
|-end|p1a: Great Tusk|Protosynthesis|[silent]
|
|-weather|Snowscape|[upkeep]
|upkeep
|
|t:|1779898778
|switch|p1a: Cinderace|Cinderace, F|53/100
|turn|36
|
|t:|1779898781
|move|p1a: Cinderace|Pyro Ball|p2a: I U-turn on U
|-resisted|p2a: I U-turn on U
|-damage|p2a: I U-turn on U|1/100
|move|p2a: I U-turn on U|Pyro Ball|p1a: Cinderace
|-resisted|p1a: Cinderace
|-damage|p1a: Cinderace|16/100
|
|-weather|none
|upkeep
|turn|37
|
|t:|1779898788
|move|p2a: I U-turn on U|Sucker Punch|p1a: Cinderace
|-start|p2a: I U-turn on U|typechange|Dark|[from] ability: Libero
|-damage|p1a: Cinderace|0 fnt
|faint|p1a: Cinderace
|
|upkeep
|
|t:|1779898793
|switch|p1a: Kingambit|Kingambit, M|100/100
|-activate|p1a: Kingambit|ability: Supreme Overlord
|-start|p1a: Kingambit|fallen3|[silent]
|turn|38
|
|t:|1779898800
|move|p2a: I U-turn on U|Pyro Ball|p1a: Kingambit
|-supereffective|p1a: Kingambit
|-damage|p1a: Kingambit|44/100
|move|p1a: Kingambit|Iron Head|p2a: I U-turn on U
|-damage|p2a: I U-turn on U|0 fnt
|faint|p2a: I U-turn on U
|
|-heal|p1a: Kingambit|50/100|[from] item: Leftovers
|upkeep
|
|t:|1779898807
|switch|p2a: Forgive|Salazzle, F, tera:Flying|17/100
|turn|39
|
|t:|1779898814
|move|p2a: Forgive|Flamethrower|p1a: Kingambit
|-supereffective|p1a: Kingambit
|-damage|p1a: Kingambit|0 fnt
|faint|p1a: Kingambit
|-end|p1a: Kingambit|fallen3|[silent]
|
|-heal|p2a: Forgive|23/100|[from] item: Leftovers
|upkeep
|
|t:|1779898824
|switch|p1a: Slowking|Slowking-Galar, F|100/100
|turn|40
|
|t:|1779898828
|move|p2a: Forgive|Toxic|p1a: Slowking
|-status|p1a: Slowking|tox
|move|p1a: Slowking|Sludge Bomb|p2a: Forgive
|-damage|p2a: Forgive|0 fnt
|faint|p2a: Forgive
|
|-damage|p1a: Slowking|94/100 tox|[from] psn
|upkeep
|
|t:|1779898831
|switch|p2a: The end is nigh|Zoroark-Hisui, M|100/100
|turn|41
|
|t:|1779898836
|-terastallize|p1a: Slowking|Water
|move|p2a: The end is nigh|Hex|p1a: Slowking
|-damage|p1a: Slowking|52/100 tox
|move|p1a: Slowking|Thunder Wave|p2a: The end is nigh
|-status|p2a: The end is nigh|par
|
|-damage|p1a: Slowking|40/100 tox|[from] psn
|upkeep
|turn|42
|
|t:|1779898845
|cant|p2a: The end is nigh|par
|move|p1a: Slowking|Sludge Bomb|p2a: The end is nigh
|-resisted|p2a: The end is nigh
|-damage|p2a: The end is nigh|66/100 par
|
|-damage|p1a: Slowking|22/100 tox|[from] psn
|upkeep
|turn|43
|
|t:|1779898849
|move|p2a: The end is nigh|Hex|p1a: Slowking
|-damage|p1a: Slowking|0 fnt
|faint|p1a: Slowking
|
|upkeep
|
|t:|1779898851
|switch|p1a: Kyurem|Kyurem|8/100 tox
|-ability|p1a: Kyurem|Pressure
|turn|44
|
|t:|1779898853
|move|p1a: Kyurem|Ice Beam|p2a: The end is nigh
|-damage|p2a: The end is nigh|0 fnt
|faint|p2a: The end is nigh
|
|win|Oweiner95
|raw|Oweiner95's rating: 1610 &rarr; <strong>1626</strong><br />(+16 for winning)
|raw|pepinoloko's rating: 1534 &rarr; <strong>1518</strong><br />(-16 for losing)
|l|☆Oweiner95
|player|p1|
|l|☆pepinoloko
|player|p2|
