|j|☆Arcosara
|j|☆claudechamp
|t:|1779806393
|gametype|singles
|player|p1|Arcosara|adaman|1326
|player|p2|claudechamp|265|1295
|gen|9
|tier|[Gen 9] OU
|rated|
|rule|HP Percentage Mod: HP is shown in percentages
|rule|Endless Battle Clause: Forcing endless battles is banned
|rule|Species Clause: Limit one of each Pokémon
|rule|OHKO Clause: OHKO moves are banned
|rule|Evasion Items Clause: Evasion items are banned
|rule|Evasion Moves Clause: Evasion moves are banned
|rule|Evasion Abilities Clause: Evasion abilities are banned
|rule|Sleep Moves Clause: Sleep-inducing moves are banned
|clearpoke
|poke|p1|Gholdengo|
|poke|p1|Dragonite, F|
|poke|p1|Ogerpon-Wellspring, F|
|poke|p1|Slowking-Galar, F|
|poke|p1|Landorus-Therian, M|
|poke|p1|Deoxys-Speed|
|poke|p2|Gliscor, M|
|poke|p2|Gholdengo|
|poke|p2|Zamazenta-*|
|poke|p2|Blissey, F|
|poke|p2|Skarmory, M|
|poke|p2|Pecharunt|
|teampreview
|c|☆claudechamp|hf
|
|t:|1779806401
|teamsize|p1|6
|teamsize|p2|6
|start
|switch|p1a: Gholdengo|Gholdengo|100/100
|switch|p2a: Skarmory|Skarmory, M|100/100
|turn|1
|inactive|Battle timer is ON: inactive players will automatically lose when time's up. (requested by claudechamp)
|
|t:|1779806407
|move|p1a: Gholdengo|Trick|p2a: Skarmory
|-activate|p1a: Gholdengo|move: Trick|[of] p2a: Skarmory
|-item|p2a: Skarmory|Choice Scarf|[from] move: Trick
|-item|p1a: Gholdengo|Heavy-Duty Boots|[from] move: Trick
|move|p2a: Skarmory|Spikes|p1a: Gholdengo
|-sidestart|p1: Arcosara|Spikes
|
|upkeep
|turn|2
|
|t:|1779806412
|switch|p2a: Gliscor|Gliscor, M|100/100
|move|p1a: Gholdengo|Shadow Ball|p2a: Gliscor
|-damage|p2a: Gliscor|61/100
|
|-status|p2a: Gliscor|tox|[from] item: Toxic Orb
|upkeep
|turn|3
|
|t:|1779806419
|move|p1a: Gholdengo|Shadow Ball|p2a: Gliscor
|-damage|p2a: Gliscor|25/100 tox
|move|p2a: Gliscor|Earthquake|p1a: Gholdengo
|-supereffective|p1a: Gholdengo
|-damage|p1a: Gholdengo|30/100
|
|-heal|p2a: Gliscor|37/100 tox|[from] ability: Poison Heal
|upkeep
|turn|4
|
|t:|1779806425
|switch|p2a: Blissey|Blissey, F|100/100
|move|p1a: Gholdengo|Make It Rain|p2a: Blissey
|-damage|p2a: Blissey|82/100
|-unboost|p1a: Gholdengo|spa|1
|
|upkeep
|turn|5
|
|t:|1779806428
|switch|p1a: Landorus|Landorus-Therian, M|100/100
|-ability|p1a: Landorus|Intimidate|boost
|-unboost|p2a: Blissey|atk|1
|move|p2a: Blissey|Stealth Rock|p1a: Landorus
|-sidestart|p1: Arcosara|move: Stealth Rock
|
|upkeep
|turn|6
|
|t:|1779806434
|switch|p2a: Gliscor|Gliscor, M|37/100 tox
|move|p1a: Landorus|Taunt|p2a: Gliscor
|-start|p2a: Gliscor|move: Taunt
|
|-heal|p2a: Gliscor|50/100 tox|[from] ability: Poison Heal
|upkeep
|turn|7
|
|t:|1779806439
|move|p1a: Landorus|Stealth Rock|p2a: Gliscor
|-sidestart|p2: claudechamp|move: Stealth Rock
|move|p2a: Gliscor|Knock Off|p1a: Landorus
|-damage|p1a: Landorus|81/100
|-damage|p2a: Gliscor|33/100 tox|[from] item: Rocky Helmet|[of] p1a: Landorus
|-enditem|p1a: Landorus|Rocky Helmet|[from] move: Knock Off|[of] p2a: Gliscor
|
|-heal|p2a: Gliscor|46/100 tox|[from] ability: Poison Heal
|upkeep
|turn|8
|
|t:|1779806450
|move|p1a: Landorus|U-turn|p2a: Gliscor
|-resisted|p2a: Gliscor
|-damage|p2a: Gliscor|38/100 tox
|
|t:|1779806453
|switch|p1a: Ogerpon|Ogerpon-Wellspring, F|100/100|[from] U-turn
|-damage|p1a: Ogerpon|88/100|[from] Spikes
|-damage|p1a: Ogerpon|76/100|[from] Stealth Rock
|move|p2a: Gliscor|Knock Off|p1a: Ogerpon
|-damage|p1a: Ogerpon|55/100
|
|-heal|p2a: Gliscor|50/100 tox|[from] ability: Poison Heal
|-end|p2a: Gliscor|move: Taunt
|upkeep
|turn|9
|
|t:|1779806461
|switch|p2a: Zamazenta|Zamazenta|100/100
|-ability|p2a: Zamazenta|Dauntless Shield|boost
|-boost|p2a: Zamazenta|def|1
|move|p1a: Ogerpon|Ivy Cudgel|p2a: Zamazenta|[anim] Ivy Cudgel Water
|-damage|p2a: Zamazenta|63/100
|
|upkeep
|turn|10
|
|t:|1779806466
|switch|p1a: Landorus|Landorus-Therian, M|81/100
|-damage|p1a: Landorus|69/100|[from] Stealth Rock
|-ability|p1a: Landorus|Intimidate|boost
|-unboost|p2a: Zamazenta|atk|1
|move|p2a: Zamazenta|Close Combat|p1a: Landorus
|-resisted|p1a: Landorus
|-damage|p1a: Landorus|51/100
|-unboost|p2a: Zamazenta|def|1
|-unboost|p2a: Zamazenta|spd|1
|
|upkeep
|turn|11
|
|t:|1779806475
|move|p2a: Zamazenta|Ice Fang|p1a: Landorus
|-supereffective|p1a: Landorus
|-damage|p1a: Landorus|0 fnt
|faint|p1a: Landorus
|
|upkeep
|
|t:|1779806478
|switch|p1a: Deoxys|Deoxys-Speed|100/100
|-damage|p1a: Deoxys|88/100|[from] Spikes
|-damage|p1a: Deoxys|76/100|[from] Stealth Rock
|-ability|p1a: Deoxys|Pressure
|turn|12
|
|t:|1779806484
|switch|p2a: Gholdengo|Gholdengo|100/100
|-damage|p2a: Gholdengo|94/100|[from] Stealth Rock
|move|p1a: Deoxys|Psycho Boost|p2a: Gholdengo
|-resisted|p2a: Gholdengo
|-damage|p2a: Gholdengo|73/100
|-unboost|p1a: Deoxys|spa|2
|-enditem|p1a: Deoxys|Eject Pack
|
|t:|1779806497
|switch|p1a: Dragonite|Dragonite, F, shiny|100/100
|
|upkeep
|turn|13
|
|t:|1779806502
|move|p2a: Gholdengo|Hex|p1a: Dragonite
|-damage|p1a: Dragonite|88/100
|move|p1a: Dragonite|Dragon Dance|p1a: Dragonite
|-boost|p1a: Dragonite|atk|1
|-boost|p1a: Dragonite|spe|1
|
|upkeep
|turn|14
|
|t:|1779806512
|switch|p2a: Skarmory|Skarmory, M|100/100
|-damage|p2a: Skarmory|88/100|[from] Stealth Rock
|move|p1a: Dragonite|Earthquake|p2a: Skarmory
|-immune|p2a: Skarmory
|
|upkeep
|turn|15
|
|t:|1779806517
|move|p1a: Dragonite|Dragon Dance|p1a: Dragonite
|-boost|p1a: Dragonite|atk|1
|-boost|p1a: Dragonite|spe|1
|move|p2a: Skarmory|Whirlwind|p1a: Dragonite
|drag|p1a: Ogerpon|Ogerpon-Wellspring, F|55/100
|-damage|p1a: Ogerpon|43/100|[from] Spikes
|-damage|p1a: Ogerpon|31/100|[from] Stealth Rock
|
|upkeep
|turn|16
|
|t:|1779806530
|switch|p2a: Zamazenta|Zamazenta|63/100
|move|p1a: Ogerpon|Ivy Cudgel|p2a: Zamazenta|[anim] Ivy Cudgel Water
|-damage|p2a: Zamazenta|12/100
|
|upkeep
|turn|17
|
|t:|1779806549
|move|p2a: Zamazenta|Crunch|p1a: Ogerpon
|-damage|p1a: Ogerpon|0 fnt
|faint|p1a: Ogerpon
|
|upkeep
|
|t:|1779806552
|switch|p1a: Deoxys|Deoxys-Speed|76/100
|-damage|p1a: Deoxys|64/100|[from] Spikes
|-damage|p1a: Deoxys|52/100|[from] Stealth Rock
|-ability|p1a: Deoxys|Pressure
|turn|18
|
|t:|1779806556
|move|p1a: Deoxys|Psycho Boost|p2a: Zamazenta
|-supereffective|p2a: Zamazenta
|-damage|p2a: Zamazenta|0 fnt
|-unboost|p1a: Deoxys|spa|2
|faint|p2a: Zamazenta
|
|upkeep
|
|t:|1779806562
|switch|p2a: Gliscor|Gliscor, M|50/100 tox
|-damage|p2a: Gliscor|38/100 tox|[from] Stealth Rock
|turn|19
|
|t:|1779806579
|move|p1a: Deoxys|Taunt|p2a: Gliscor
|-start|p2a: Gliscor|move: Taunt
|cant|p2a: Gliscor|move: Taunt|Swords Dance
|
|-heal|p2a: Gliscor|50/100 tox|[from] ability: Poison Heal
|upkeep
|turn|20
|
|t:|1779806583
|switch|p1a: Dragonite|Dragonite, F, shiny|88/100
|move|p2a: Gliscor|Knock Off|p1a: Dragonite
|-damage|p1a: Dragonite|68/100
|-enditem|p1a: Dragonite|Heavy-Duty Boots|[from] move: Knock Off|[of] p2a: Gliscor
|
|-heal|p2a: Gliscor|63/100 tox|[from] ability: Poison Heal
|upkeep
|turn|21
|
|t:|1779806587
|move|p2a: Gliscor|Knock Off|p1a: Dragonite
|-damage|p1a: Dragonite|55/100
|move|p1a: Dragonite|Dragon Dance|p1a: Dragonite
|-boost|p1a: Dragonite|atk|1
|-boost|p1a: Dragonite|spe|1
|
|-heal|p2a: Gliscor|75/100 tox|[from] ability: Poison Heal
|-end|p2a: Gliscor|move: Taunt
|upkeep
|turn|22
|
|t:|1779806597
|move|p1a: Dragonite|Roost|p1a: Dragonite
|-heal|p1a: Dragonite|100/100
|-singleturn|p1a: Dragonite|move: Roost
|move|p2a: Gliscor|Swords Dance|p2a: Gliscor
|-boost|p2a: Gliscor|atk|2
|
|-heal|p2a: Gliscor|88/100 tox|[from] ability: Poison Heal
|upkeep
|turn|23
|
|t:|1779806603
|switch|p2a: Skarmory|Skarmory, M|88/100
|-damage|p2a: Skarmory|76/100|[from] Stealth Rock
|move|p1a: Dragonite|Dragon Dance|p1a: Dragonite
|-boost|p1a: Dragonite|atk|1
|-boost|p1a: Dragonite|spe|1
|
|upkeep
|turn|24
|
|t:|1779806611
|switch|p1a: Gholdengo|Gholdengo|30/100
|move|p2a: Skarmory|Whirlwind|p1a: Gholdengo
|-immune|p1a: Gholdengo|[from] ability: Good as Gold
|
|upkeep
|turn|25
|
|t:|1779806622
|switch|p2a: Blissey|Blissey, F|82/100
|move|p1a: Gholdengo|Make It Rain|p2a: Blissey
|-damage|p2a: Blissey|64/100
|-unboost|p1a: Gholdengo|spa|1
|
|upkeep
|turn|26
|
|t:|1779806637
|switch|p1a: Slowking|Slowking-Galar, F|100/100
|move|p2a: Blissey|Shadow Ball|p1a: Slowking
|-supereffective|p1a: Slowking
|-damage|p1a: Slowking|83/100
|
|upkeep
|turn|27
|
|t:|1779806649
|move|p2a: Blissey|Soft-Boiled|p2a: Blissey
|-heal|p2a: Blissey|100/100
|move|p1a: Slowking|Future Sight|p2a: Blissey
|-start|p1a: Slowking|move: Future Sight
|
|upkeep
|turn|28
|
|t:|1779806659
|switch|p2a: Gliscor|Gliscor, M|88/100 tox
|-damage|p2a: Gliscor|75/100 tox|[from] Stealth Rock
|-prepare|p1a: Slowking|Chilly Reception|[premajor]
|move|p1a: Slowking|Chilly Reception|p1a: Slowking
|-weather|Snowscape
|
|t:|1779806682
|switch|p1a: Gholdengo|Gholdengo|30/100|[from] Chilly Reception
|
|-weather|Snowscape|[upkeep]
|-heal|p2a: Gliscor|88/100 tox|[from] ability: Poison Heal
|upkeep
|turn|29
|
|t:|1779806689
|-terastallize|p2a: Gliscor|Dark
|move|p1a: Gholdengo|Make It Rain|p2a: Gliscor
|-damage|p2a: Gliscor|25/100 tox
|-unboost|p1a: Gholdengo|spa|1
|move|p2a: Gliscor|Swords Dance|p2a: Gliscor
|-boost|p2a: Gliscor|atk|2
|
|-weather|Snowscape|[upkeep]
|-end|p2a: Gliscor|move: Future Sight
|-immune|p2a: Gliscor
|-heal|p2a: Gliscor|37/100 tox|[from] ability: Poison Heal
|upkeep
|turn|30
|
|t:|1779806705
|move|p1a: Gholdengo|Focus Blast|p2a: Gliscor|[miss]
|-miss|p1a: Gholdengo|p2a: Gliscor
|move|p2a: Gliscor|Knock Off|p1a: Gholdengo
|-supereffective|p1a: Gholdengo
|-damage|p1a: Gholdengo|0 fnt
|-enditem|p1a: Gholdengo|Heavy-Duty Boots|[from] move: Knock Off|[of] p2a: Gliscor
|faint|p1a: Gholdengo
|
|-weather|Snowscape|[upkeep]
|-heal|p2a: Gliscor|50/100 tox|[from] ability: Poison Heal
|upkeep
|
|t:|1779806715
|switch|p1a: Deoxys|Deoxys-Speed|52/100
|-damage|p1a: Deoxys|39/100|[from] Spikes
|-damage|p1a: Deoxys|27/100|[from] Stealth Rock
|-ability|p1a: Deoxys|Pressure
|turn|31
|
|t:|1779806730
|move|p2a: Gliscor|Protect|p2a: Gliscor
|-singleturn|p2a: Gliscor|Protect
|move|p1a: Deoxys|Superpower|p2a: Gliscor
|-activate|p2a: Gliscor|move: Protect
|
|-weather|Snowscape|[upkeep]
|-heal|p2a: Gliscor|62/100 tox|[from] ability: Poison Heal
|upkeep
|turn|32
|
|t:|1779806740
|move|p1a: Deoxys|Superpower|p2a: Gliscor
|-supereffective|p2a: Gliscor
|-damage|p2a: Gliscor|24/100 tox
|-unboost|p1a: Deoxys|atk|1
|-unboost|p1a: Deoxys|def|1
|move|p2a: Gliscor|Knock Off|p1a: Deoxys
|-supereffective|p1a: Deoxys
|-damage|p1a: Deoxys|0 fnt
|faint|p1a: Deoxys
|
|-weather|none
|-heal|p2a: Gliscor|37/100 tox|[from] ability: Poison Heal
|upkeep
|
|t:|1779806745
|switch|p1a: Dragonite|Dragonite, F, shiny|100/100
|-damage|p1a: Dragonite|76/100|[from] Stealth Rock
|turn|33
|
|t:|1779806761
|move|p2a: Gliscor|Knock Off|p1a: Dragonite
|-damage|p1a: Dragonite|34/100
|move|p1a: Dragonite|Dragon Dance|p1a: Dragonite
|-boost|p1a: Dragonite|atk|1
|-boost|p1a: Dragonite|spe|1
|
|-heal|p2a: Gliscor|49/100 tox|[from] ability: Poison Heal
|upkeep
|turn|34
|
|t:|1779806777
|-terastallize|p1a: Dragonite|Normal
|move|p1a: Dragonite|Extreme Speed|p2a: Gliscor
|-damage|p2a: Gliscor|0 fnt
|faint|p2a: Gliscor
|
|upkeep
|
|t:|1779806788
|switch|p2a: Skarmory|Skarmory, M|76/100
|-damage|p2a: Skarmory|64/100|[from] Stealth Rock
|turn|35
|
|t:|1779806808
|switch|p1a: Slowking|Slowking-Galar, F|100/100
|move|p2a: Skarmory|Whirlwind|p1a: Slowking
|drag|p1a: Dragonite|Dragonite, F, shiny, tera:Normal|34/100
|-damage|p1a: Dragonite|22/100|[from] Spikes
|-damage|p1a: Dragonite|9/100|[from] Stealth Rock
|
|upkeep
|turn|36
|inactive|claudechamp has 120 seconds left.
|
|t:|1779806823
|move|p1a: Dragonite|Roost|p1a: Dragonite
|-heal|p1a: Dragonite|59/100
|move|p2a: Skarmory|Whirlwind|p1a: Dragonite
|drag|p1a: Slowking|Slowking-Galar, F|100/100
|
|upkeep
|turn|37
|
|t:|1779806832
|switch|p2a: Pecharunt|Pecharunt|100/100
|move|p1a: Slowking|Future Sight|p2a: Pecharunt
|-start|p1a: Slowking|move: Future Sight
|
|upkeep
|turn|38
|inactive|claudechamp has 120 seconds left.
|
|t:|1779806854
|move|p2a: Pecharunt|Parting Shot|p1a: Slowking
|-unboost|p1a: Slowking|atk|1
|-unboost|p1a: Slowking|spa|1
|
|t:|1779806863
|switch|p2a: Gholdengo|Gholdengo|73/100|[from] Parting Shot
|-damage|p2a: Gholdengo|67/100|[from] Stealth Rock
|move|p1a: Slowking|Thunder Wave|p2a: Gholdengo
|-immune|p2a: Gholdengo|[from] ability: Good as Gold
|
|upkeep
|turn|39
|inactive|claudechamp has 120 seconds left.
|inactive|Arcosara has 120 seconds left.
|inactive|Arcosara has 90 seconds left.
|
|t:|1779806923
|move|p2a: Gholdengo|Thunder Wave|p1a: Slowking|[miss]
|-miss|p2a: Gholdengo|p1a: Slowking
|-prepare|p1a: Slowking|Chilly Reception|[premajor]
|move|p1a: Slowking|Chilly Reception|p1a: Slowking
|-weather|Snowscape
|
|t:|1779806927
|switch|p1a: Dragonite|Dragonite, F, shiny, tera:Normal|59/100|[from] Chilly Reception
|-damage|p1a: Dragonite|47/100|[from] Spikes
|-damage|p1a: Dragonite|34/100|[from] Stealth Rock
|
|-weather|Snowscape|[upkeep]
|-end|p2a: Gholdengo|move: Future Sight
|-resisted|p2a: Gholdengo
|-damage|p2a: Gholdengo|44/100
|upkeep
|turn|40
|inactive|claudechamp has 120 seconds left.
|
|t:|1779806945
|switch|p2a: Skarmory|Skarmory, M|64/100
|-damage|p2a: Skarmory|51/100|[from] Stealth Rock
|move|p1a: Dragonite|Earthquake|p2a: Skarmory
|-immune|p2a: Skarmory
|
|-weather|Snowscape|[upkeep]
|upkeep
|turn|41
|inactive|claudechamp has 120 seconds left.
|
|t:|1779806957
|switch|p1a: Slowking|Slowking-Galar, F|100/100
|move|p2a: Skarmory|Whirlwind|p1a: Slowking
|drag|p1a: Dragonite|Dragonite, F, shiny, tera:Normal|34/100
|-damage|p1a: Dragonite|22/100|[from] Spikes
|-damage|p1a: Dragonite|10/100|[from] Stealth Rock
|
|-weather|Snowscape|[upkeep]
|upkeep
|turn|42
|inactive|claudechamp has 120 seconds left.
|
|t:|1779806978
|move|p1a: Dragonite|Roost|p1a: Dragonite
|-heal|p1a: Dragonite|60/100
|move|p2a: Skarmory|Whirlwind|p1a: Dragonite
|drag|p1a: Slowking|Slowking-Galar, F|100/100
|
|-weather|Snowscape|[upkeep]
|upkeep
|turn|43
|
|t:|1779806989
|switch|p2a: Gholdengo|Gholdengo|44/100
|-damage|p2a: Gholdengo|38/100|[from] Stealth Rock
|move|p1a: Slowking|Future Sight|p2a: Gholdengo
|-start|p1a: Slowking|move: Future Sight
|
|-weather|none
|upkeep
|turn|44
|
|t:|1779807006
|move|p2a: Gholdengo|Recover|p2a: Gholdengo
|-heal|p2a: Gholdengo|88/100
|-prepare|p1a: Slowking|Chilly Reception|[premajor]
|move|p1a: Slowking|Chilly Reception|p1a: Slowking
|-weather|Snowscape
|
|t:|1779807009
|switch|p1a: Dragonite|Dragonite, F, shiny, tera:Normal|60/100|[from] Chilly Reception
|-damage|p1a: Dragonite|47/100|[from] Spikes
|-damage|p1a: Dragonite|35/100|[from] Stealth Rock
|
|-weather|Snowscape|[upkeep]
|upkeep
|turn|45
|
|t:|1779807025
|move|p2a: Gholdengo|Thunder Wave|p1a: Dragonite
|-status|p1a: Dragonite|par
|cant|p1a: Dragonite|par
|
|-weather|Snowscape|[upkeep]
|-end|p2a: Gholdengo|move: Future Sight
|-resisted|p2a: Gholdengo
|-damage|p2a: Gholdengo|65/100
|upkeep
|turn|46
|
|t:|1779807038
|switch|p2a: Skarmory|Skarmory, M|51/100
|-damage|p2a: Skarmory|39/100|[from] Stealth Rock
|cant|p1a: Dragonite|par
|
|-weather|Snowscape|[upkeep]
|upkeep
|turn|47
|
|t:|1779807053
|switch|p1a: Slowking|Slowking-Galar, F|100/100
|move|p2a: Skarmory|Roost|p2a: Skarmory
|-heal|p2a: Skarmory|89/100
|-singleturn|p2a: Skarmory|move: Roost
|
|-weather|Snowscape|[upkeep]
|upkeep
|turn|48
|
|t:|1779807064
|switch|p2a: Pecharunt|Pecharunt|100/100
|move|p1a: Slowking|Future Sight|p2a: Pecharunt
|-start|p1a: Slowking|move: Future Sight
|
|-weather|none
|upkeep
|turn|49
|inactive|claudechamp has 90 seconds left.
|
|t:|1779807084
|move|p2a: Pecharunt|Parting Shot|p1a: Slowking
|-unboost|p1a: Slowking|atk|1
|-unboost|p1a: Slowking|spa|1
|inactive|claudechamp has 90 seconds left.
|
|t:|1779807095
|switch|p2a: Gholdengo|Gholdengo|65/100|[from] Parting Shot
|-damage|p2a: Gholdengo|59/100|[from] Stealth Rock
|move|p1a: Slowking|Thunder Wave|p2a: Gholdengo
|-immune|p2a: Gholdengo|[from] ability: Good as Gold
|
|upkeep
|turn|50
|inactive|claudechamp has 90 seconds left.
|
|t:|1779807114
|move|p2a: Gholdengo|Recover|p2a: Gholdengo
|-heal|p2a: Gholdengo|100/100
|-prepare|p1a: Slowking|Chilly Reception|[premajor]
|move|p1a: Slowking|Chilly Reception|p1a: Slowking
|-weather|Snowscape
|
|t:|1779807115
|switch|p1a: Dragonite|Dragonite, F, shiny, tera:Normal|35/100 par|[from] Chilly Reception
|-damage|p1a: Dragonite|22/100 par|[from] Spikes
|-damage|p1a: Dragonite|10/100 par|[from] Stealth Rock
|
|-weather|Snowscape|[upkeep]
|-end|p2a: Gholdengo|move: Future Sight
|-resisted|p2a: Gholdengo
|-damage|p2a: Gholdengo|80/100
|upkeep
|turn|51
|-message|Arcosara forfeited.
|
|win|claudechamp
|raw|Arcosara's rating: 1326 &rarr; <strong>1302</strong><br />(-24 for losing)
|raw|claudechamp's rating: 1250 &rarr; <strong>1280</strong><br />(+30 for winning)
|l|☆Arcosara
|player|p1|
|c|☆claudechamp|gg
