|j|☆4ntix
|j|☆thebodyswapper
|t:|1779846971
|gametype|singles
|player|p1|4ntix|burglar|1126
|player|p2|thebodyswapper|pokemonbreederf-gen4|1157
|gen|9
|tier|[Gen 9] OU
|rated|
|rule|HP Percentage Mod: HP is shown in percentages
|rule|Endless Battle Clause: Forcing endless battles is banned
|rule|Species Clause: Limit one of each Pokémon
|rule|OHKO Clause: OHKO moves are banned
|rule|Evasion Items Clause: Evasion items are banned
|rule|Evasion Moves Clause: Evasion moves are banned
|rule|Evasion Abilities Clause: Evasion abilities are banned
|rule|Sleep Moves Clause: Sleep-inducing moves are banned
|clearpoke
|poke|p1|Glimmora, M|
|poke|p1|Latios, M|
|poke|p1|Iron Hands|
|poke|p1|Hatterene, F|
|poke|p1|Ceruledge, F|
|poke|p1|Dondozo, M|
|poke|p2|Mew|
|poke|p2|Ditto|
|poke|p2|Hoopa-Unbound|
|poke|p2|Rotom-Wash|
|poke|p2|Blissey, F|
|poke|p2|Iron Valiant|
|teampreview
|
|t:|1779846976
|teamsize|p1|6
|teamsize|p2|6
|start
|switch|p1a: Sequid|Glimmora, M, shiny|100/100
|switch|p2a: Rotom|Rotom-Wash|100/100
|turn|1
|
|t:|1779846986
|-terastallize|p2a: Rotom|Steel
|move|p2a: Rotom|Trick|p1a: Sequid
|-activate|p2a: Rotom|move: Trick|[of] p1a: Sequid
|-item|p1a: Sequid|Choice Scarf|[from] move: Trick
|-item|p2a: Rotom|Focus Sash|[from] move: Trick
|move|p1a: Sequid|Stealth Rock|p2a: Rotom
|-sidestart|p2: thebodyswapper|move: Stealth Rock
|
|upkeep
|turn|2
|
|t:|1779846999
|switch|p1a: Aquarus|Dondozo, M|100/100
|switch|p2a: Ditto|Ditto|100/100
|-damage|p2a: Ditto|88/100|[from] Stealth Rock
|-transform|p2a: Ditto|p1a: Aquarus|[from] ability: Imposter
|
|upkeep
|turn|3
|
|t:|1779847011
|move|p2a: Ditto|Avalanche|p1a: Aquarus
|-resisted|p1a: Aquarus
|-damage|p1a: Aquarus|94/100
|move|p1a: Aquarus|Avalanche|p2a: Ditto
|-resisted|p2a: Ditto
|-damage|p2a: Ditto|69/100
|
|-heal|p1a: Aquarus|99/100|[from] item: Leftovers
|upkeep
|turn|4
|
|t:|1779847020
|switch|p2a: Rotom|Rotom-Wash, tera:Steel|100/100
|-damage|p2a: Rotom|94/100|[from] Stealth Rock
|move|p1a: Aquarus|Avalanche|p2a: Rotom
|-resisted|p2a: Rotom
|-damage|p2a: Rotom|85/100
|
|-heal|p1a: Aquarus|100/100|[from] item: Leftovers
|upkeep
|turn|5
|
|t:|1779847030
|move|p2a: Rotom|Will-O-Wisp|p1a: Aquarus
|-status|p1a: Aquarus|brn
|move|p1a: Aquarus|Avalanche|p2a: Rotom
|-resisted|p2a: Rotom
|-damage|p2a: Rotom|80/100
|
|-damage|p1a: Aquarus|94/100 brn|[from] brn
|upkeep
|turn|6
|
|t:|1779847041
|switch|p2a: Ditto|Ditto|69/100
|-damage|p2a: Ditto|57/100|[from] Stealth Rock
|-transform|p2a: Ditto|p1a: Aquarus|[from] ability: Imposter
|move|p1a: Aquarus|Avalanche|p2a: Ditto
|-resisted|p2a: Ditto
|-damage|p2a: Ditto|52/100
|
|-heal|p1a: Aquarus|100/100 brn|[from] item: Leftovers
|-damage|p1a: Aquarus|94/100 brn|[from] brn
|upkeep
|turn|7
|
|t:|1779847053
|switch|p2a: Hoopa|Hoopa-Unbound|100/100
|-damage|p2a: Hoopa|88/100|[from] Stealth Rock
|move|p1a: Aquarus|Avalanche|p2a: Hoopa
|-damage|p2a: Hoopa|71/100
|
|-heal|p1a: Aquarus|100/100 brn|[from] item: Leftovers
|-damage|p1a: Aquarus|94/100 brn|[from] brn
|upkeep
|turn|8
|
|t:|1779847063
|move|p2a: Hoopa|Trick|p1a: Aquarus
|-activate|p2a: Hoopa|move: Trick|[of] p1a: Aquarus
|-item|p1a: Aquarus|Choice Specs|[from] move: Trick
|-item|p2a: Hoopa|Leftovers|[from] move: Trick
|move|p1a: Aquarus|Waterfall|p2a: Hoopa
|-damage|p2a: Hoopa|39/100
|
|-heal|p2a: Hoopa|45/100|[from] item: Leftovers
|-damage|p1a: Aquarus|88/100 brn|[from] brn
|upkeep
|turn|9
|
|t:|1779847071
|move|p2a: Hoopa|Thunderbolt|p1a: Aquarus
|-supereffective|p1a: Aquarus
|-damage|p1a: Aquarus|15/100 brn
|move|p1a: Aquarus|Waterfall|p2a: Hoopa
|-damage|p2a: Hoopa|14/100
|
|-heal|p2a: Hoopa|20/100|[from] item: Leftovers
|-damage|p1a: Aquarus|9/100 brn|[from] brn
|upkeep
|turn|10
|
|t:|1779847086
|switch|p1a: Sequid|Glimmora, M, shiny|100/100
|move|p2a: Hoopa|Thunderbolt|p1a: Sequid
|-damage|p1a: Sequid|59/100
|
|-heal|p2a: Hoopa|26/100|[from] item: Leftovers
|upkeep
|turn|11
|
|t:|1779847094
|move|p1a: Sequid|Toxic Spikes|p2a: Hoopa
|-sidestart|p2: thebodyswapper|move: Toxic Spikes
|move|p2a: Hoopa|Psychic Noise|p1a: Sequid
|-supereffective|p1a: Sequid
|-damage|p1a: Sequid|0 fnt
|faint|p1a: Sequid
|
|-heal|p2a: Hoopa|32/100|[from] item: Leftovers
|upkeep
|
|t:|1779847103
|switch|p1a: Aquarus|Dondozo, M|9/100 brn
|turn|12
|
|t:|1779847110
|move|p2a: Hoopa|Psychic Noise|p1a: Aquarus
|-damage|p1a: Aquarus|0 fnt
|faint|p1a: Aquarus
|
|-heal|p2a: Hoopa|38/100|[from] item: Leftovers
|upkeep
|inactive|Battle timer is ON: inactive players will automatically lose when time's up. (requested by thebodyswapper)
|
|t:|1779847119
|switch|p1a: Ceruledge|Ceruledge, F, shiny|100/100
|turn|13
|
|t:|1779847131
|-terastallize|p1a: Ceruledge|Fire
|move|p1a: Ceruledge|Swords Dance|p1a: Ceruledge
|-boost|p1a: Ceruledge|atk|2
|move|p2a: Hoopa|Hyperspace Fury|p1a: Ceruledge
|-damage|p1a: Ceruledge|40/100
|-unboost|p2a: Hoopa|def|1
|-ability|p1a: Ceruledge|Weak Armor|boost
|-unboost|p1a: Ceruledge|def|1
|-boost|p1a: Ceruledge|spe|2
|
|-heal|p2a: Hoopa|44/100|[from] item: Leftovers
|upkeep
|turn|14
|
|t:|1779847145
|move|p1a: Ceruledge|Bitter Blade|p2a: Hoopa
|-damage|p2a: Hoopa|0 fnt
|-heal|p1a: Ceruledge|62/100|[from] drain|[of] p2a: Hoopa
|faint|p2a: Hoopa
|-damage|p1a: Ceruledge|52/100|[from] item: Life Orb
|
|upkeep
|
|t:|1779847151
|switch|p2a: Ditto|Ditto|52/100
|-damage|p2a: Ditto|40/100|[from] Stealth Rock
|-status|p2a: Ditto|psn
|-transform|p2a: Ditto|p1a: Ceruledge|[from] ability: Imposter
|-start|p2a: Ditto|typechange|Fire/Ghost|[silent]
|turn|15
|
|t:|1779847161
|switch|p2a: Blissey|Blissey, F|100/100
|-damage|p2a: Blissey|88/100|[from] Stealth Rock
|-status|p2a: Blissey|psn
|move|p1a: Ceruledge|Shadow Sneak|p2a: Blissey
|-immune|p2a: Blissey
|
|-damage|p2a: Blissey|76/100 psn|[from] psn
|-damage|p2a: Blissey|63/100 psn|[from] item: Sticky Barb
|upkeep
|turn|16
|
|t:|1779847171
|move|p1a: Ceruledge|Bitter Blade|p2a: Blissey
|-damage|p2a: Blissey|0 fnt
|-heal|p1a: Ceruledge|100/100|[from] drain|[of] p2a: Blissey
|faint|p2a: Blissey
|-damage|p1a: Ceruledge|91/100|[from] item: Life Orb
|
|upkeep
|
|t:|1779847175
|switch|p2a: Ditto|Ditto|40/100 psn
|-damage|p2a: Ditto|27/100 psn|[from] Stealth Rock
|-transform|p2a: Ditto|p1a: Ceruledge|[from] ability: Imposter
|-start|p2a: Ditto|typechange|Fire/Ghost|[silent]
|turn|17
|
|t:|1779847183
|move|p1a: Ceruledge|Shadow Sneak|p2a: Ditto
|-supereffective|p2a: Ditto
|-damage|p2a: Ditto|0 fnt
|faint|p2a: Ditto
|-damage|p1a: Ceruledge|81/100|[from] item: Life Orb
|
|upkeep
|-message|thebodyswapper forfeited.
|
|win|4ntix
|raw|4ntix's rating: 1126 &rarr; <strong>1153</strong><br />(+27 for winning)
|raw|thebodyswapper's rating: 1157 &rarr; <strong>1130</strong><br />(-27 for losing)
|l|☆thebodyswapper
|player|p2|
