|j|☆digederoo
|j|☆louwilliamzz
|t:|1779902346
|gametype|singles
|player|p1|digederoo|170|1477
|player|p2|louwilliamzz|1|1490
|gen|9
|tier|[Gen 9] OU
|rated|
|rule|HP Percentage Mod: HP is shown in percentages
|rule|Endless Battle Clause: Forcing endless battles is banned
|rule|Species Clause: Limit one of each Pokémon
|rule|OHKO Clause: OHKO moves are banned
|rule|Evasion Items Clause: Evasion items are banned
|rule|Evasion Moves Clause: Evasion moves are banned
|rule|Evasion Abilities Clause: Evasion abilities are banned
|rule|Sleep Moves Clause: Sleep-inducing moves are banned
|clearpoke
|poke|p1|Walking Wake|
|poke|p1|Great Tusk|
|poke|p1|Ninetales, M|
|poke|p1|Cresselia, F|
|poke|p1|Zarude|
|poke|p1|Ceruledge, M|
|poke|p2|Ninetales-Alola, F|
|poke|p2|Forretress, M|
|poke|p2|Kyurem|
|poke|p2|Landorus-Therian, M|
|poke|p2|Slowking-Galar, M|
|poke|p2|Quaquaval, M|
|teampreview
|inactive|Battle timer is ON: inactive players will automatically lose when time's up. (requested by digederoo)
|inactive|digederoo has 120 seconds left.
|
|t:|1779902389
|teamsize|p1|6
|teamsize|p2|6
|start
|switch|p1a: Walking Wake|Walking Wake|100/100
|switch|p2a: Landorus|Landorus-Therian, M|100/100
|-ability|p2a: Landorus|Intimidate|boost
|-unboost|p1a: Walking Wake|atk|1
|turn|1
|
|t:|1779902413
|switch|p2a: Slowking|Slowking-Galar, M|100/100
|move|p1a: Walking Wake|Flip Turn|p2a: Slowking
|-damage|p2a: Slowking|89/100
|
|t:|1779902419
|-end|p1a: Walking Wake|Protosynthesis|[silent]
|switch|p1a: Zarude|Zarude|100/100|[from] Flip Turn
|
|upkeep
|turn|2
|
|t:|1779902424
|switch|p2a: Forretress|Forretress, M, shiny|100/100
|move|p1a: Zarude|Knock Off|p2a: Forretress
|-damage|p2a: Forretress|73/100
|-enditem|p2a: Forretress|Leftovers|[from] move: Knock Off|[of] p1a: Zarude
|
|upkeep
|turn|3
|
|t:|1779902445
|move|p1a: Zarude|Swords Dance|p1a: Zarude
|-boost|p1a: Zarude|atk|2
|move|p2a: Forretress|Spikes|p1a: Zarude
|-sidestart|p1: digederoo|Spikes
|
|upkeep
|turn|4
|
|t:|1779902452
|move|p1a: Zarude|Knock Off|p2a: Forretress
|-damage|p2a: Forretress|39/100
|move|p2a: Forretress|Body Press|p1a: Zarude
|-supereffective|p1a: Zarude
|-damage|p1a: Zarude|43/100
|
|-heal|p1a: Zarude|49/100|[from] item: Leftovers
|upkeep
|turn|5
|
|t:|1779902459
|switch|p1a: Great Tusk|Great Tusk|100/100
|-damage|p1a: Great Tusk|88/100|[from] Spikes
|move|p2a: Forretress|Body Press|p1a: Great Tusk
|-damage|p1a: Great Tusk|66/100
|
|upkeep
|turn|6
|
|t:|1779902470
|switch|p2a: Landorus|Landorus-Therian, M|100/100
|-ability|p2a: Landorus|Intimidate|boost
|-unboost|p1a: Great Tusk|atk|1
|move|p1a: Great Tusk|Rapid Spin|p2a: Landorus
|-damage|p2a: Landorus|85/100
|-boost|p1a: Great Tusk|spe|1
|-sideend|p1: digederoo|Spikes|[from] move: Rapid Spin|[of] p1a: Great Tusk
|
|upkeep
|turn|7
|
|t:|1779902487
|switch|p2a: Quaquaval|Quaquaval, M|100/100
|move|p1a: Great Tusk|Ice Spinner|p2a: Quaquaval
|-resisted|p2a: Quaquaval
|-damage|p2a: Quaquaval|86/100
|
|upkeep
|turn|8
|inactive|digederoo has 120 seconds left.
|
|t:|1779902519
|-end|p1a: Great Tusk|Protosynthesis|[silent]
|switch|p1a: Ninetales|Ninetales, M|100/100
|-weather|SunnyDay|[from] ability: Drought|[of] p1a: Ninetales
|move|p2a: Quaquaval|Aqua Step|p1a: Ninetales
|-supereffective|p1a: Ninetales
|-damage|p1a: Ninetales|43/100
|-boost|p2a: Quaquaval|spe|1
|
|-weather|SunnyDay|[upkeep]
|upkeep
|turn|9
|
|t:|1779902529
|switch|p1a: Ceruledge|Ceruledge, M|100/100
|move|p2a: Quaquaval|Aqua Step|p1a: Ceruledge
|-supereffective|p1a: Ceruledge
|-damage|p1a: Ceruledge|44/100
|-boost|p2a: Quaquaval|spe|1
|-ability|p1a: Ceruledge|Weak Armor|boost
|-unboost|p1a: Ceruledge|def|1
|-boost|p1a: Ceruledge|spe|2
|
|-weather|SunnyDay|[upkeep]
|upkeep
|turn|10
|
|t:|1779902539
|move|p2a: Quaquaval|Aqua Step|p1a: Ceruledge
|-supereffective|p1a: Ceruledge
|-damage|p1a: Ceruledge|0 fnt
|-boost|p2a: Quaquaval|spe|1
|faint|p1a: Ceruledge
|-ability|p2a: Quaquaval|Moxie|boost
|-boost|p2a: Quaquaval|atk|1
|
|-weather|SunnyDay|[upkeep]
|upkeep
|
|t:|1779902549
|switch|p1a: Walking Wake|Walking Wake|100/100
|-activate|p1a: Walking Wake|ability: Protosynthesis
|-start|p1a: Walking Wake|protosynthesisspe
|turn|11
|
|t:|1779902565
|-terastallize|p1a: Walking Wake|Fairy
|move|p2a: Quaquaval|Close Combat|p1a: Walking Wake
|-resisted|p1a: Walking Wake
|-damage|p1a: Walking Wake|45/100
|-unboost|p2a: Quaquaval|def|1
|-unboost|p2a: Quaquaval|spd|1
|move|p1a: Walking Wake|Draco Meteor|p2a: Quaquaval
|-damage|p2a: Quaquaval|0 fnt
|-unboost|p1a: Walking Wake|spa|2
|faint|p2a: Quaquaval
|
|-weather|SunnyDay|[upkeep]
|upkeep
|
|t:|1779902576
|switch|p2a: Slowking|Slowking-Galar, M|100/100
|turn|12
|
|t:|1779902584
|move|p1a: Walking Wake|Flip Turn|p2a: Slowking
|-damage|p2a: Slowking|93/100
|
|t:|1779902592
|-end|p1a: Walking Wake|Protosynthesis|[silent]
|switch|p1a: Cresselia|Cresselia, F|100/100|[from] Flip Turn
|move|p2a: Slowking|Toxic|p1a: Cresselia
|-status|p1a: Cresselia|tox
|
|-weather|SunnyDay|[upkeep]
|-damage|p1a: Cresselia|94/100 tox|[from] psn
|upkeep
|turn|13
|
|t:|1779902603
|switch|p2a: Ninetales|Ninetales-Alola, F, shiny|100/100
|-weather|Snowscape|[from] ability: Snow Warning|[of] p2a: Ninetales
|move|p1a: Cresselia|Lunar Dance|p1a: Cresselia
|faint|p1a: Cresselia
|
|-weather|Snowscape|[upkeep]
|upkeep
|
|t:|1779902607
|switch|p1a: Ninetales|Ninetales, M|43/100
|-heal|p1a: Ninetales|100/100|[from] move: Lunar Dance
|-weather|SunnyDay|[from] ability: Drought|[of] p1a: Ninetales
|turn|14
|
|t:|1779902614
|switch|p2a: Slowking|Slowking-Galar, M|100/100
|switch|p1a: Zarude|Zarude|49/100
|
|-weather|SunnyDay|[upkeep]
|-heal|p1a: Zarude|55/100|[from] item: Leftovers
|upkeep
|turn|15
|
|t:|1779902624
|switch|p2a: Forretress|Forretress, M, shiny|39/100
|move|p1a: Zarude|Swords Dance|p1a: Zarude
|-boost|p1a: Zarude|atk|2
|
|-weather|SunnyDay|[upkeep]
|-heal|p1a: Zarude|62/100|[from] item: Leftovers
|upkeep
|turn|16
|
|t:|1779902629
|move|p1a: Zarude|Knock Off|p2a: Forretress
|-damage|p2a: Forretress|6/100
|move|p2a: Forretress|Body Press|p1a: Zarude
|-supereffective|p1a: Zarude
|-damage|p1a: Zarude|1/100
|
|-weather|SunnyDay|[upkeep]
|-heal|p1a: Zarude|7/100|[from] item: Leftovers
|upkeep
|turn|17
|
|t:|1779902638
|move|p1a: Zarude|Synthesis|p1a: Zarude
|-heal|p1a: Zarude|73/100
|move|p2a: Forretress|Body Press|p1a: Zarude
|-supereffective|p1a: Zarude
|-damage|p1a: Zarude|17/100
|
|-weather|SunnyDay|[upkeep]
|-heal|p1a: Zarude|23/100|[from] item: Leftovers
|upkeep
|turn|18
|
|t:|1779902651
|move|p1a: Zarude|Knock Off|p2a: Forretress
|-damage|p2a: Forretress|0 fnt
|faint|p2a: Forretress
|
|-weather|SunnyDay|[upkeep]
|-heal|p1a: Zarude|29/100|[from] item: Leftovers
|upkeep
|
|t:|1779902658
|switch|p2a: Landorus|Landorus-Therian, M|85/100
|-ability|p2a: Landorus|Intimidate|boost
|-unboost|p1a: Zarude|atk|1
|turn|19
|
|t:|1779902663
|move|p2a: Landorus|U-turn|p1a: Zarude
|-supereffective|p1a: Zarude
|-damage|p1a: Zarude|0 fnt
|faint|p1a: Zarude
|
|t:|1779902676
|switch|p2a: Ninetales|Ninetales-Alola, F, shiny|100/100|[from] U-turn
|-weather|Snowscape|[from] ability: Snow Warning|[of] p2a: Ninetales
|
|-weather|Snowscape|[upkeep]
|upkeep
|
|t:|1779902685
|switch|p1a: Ninetales|Ninetales, M|100/100
|-weather|SunnyDay|[from] ability: Drought|[of] p1a: Ninetales
|turn|20
|
|t:|1779902689
|switch|p2a: Slowking|Slowking-Galar, M|100/100
|switch|p1a: Great Tusk|Great Tusk|66/100
|-activate|p1a: Great Tusk|ability: Protosynthesis
|-start|p1a: Great Tusk|protosynthesisatk
|
|-weather|SunnyDay|[upkeep]
|upkeep
|turn|21
|
|t:|1779902700
|switch|p2a: Ninetales|Ninetales-Alola, F, shiny|100/100
|-weather|Snowscape|[from] ability: Snow Warning|[of] p2a: Ninetales
|-end|p1a: Great Tusk|Protosynthesis
|move|p1a: Great Tusk|Ice Spinner|p2a: Ninetales
|-resisted|p2a: Ninetales
|-damage|p2a: Ninetales|88/100
|
|-weather|Snowscape|[upkeep]
|upkeep
|turn|22
|
|t:|1779902720
|-end|p1a: Great Tusk|Protosynthesis|[silent]
|switch|p1a: Ninetales|Ninetales, M|100/100
|-weather|SunnyDay|[from] ability: Drought|[of] p1a: Ninetales
|move|p2a: Ninetales|Aurora Veil||[still]
|-fail|p2a: Ninetales
|
|-weather|SunnyDay|[upkeep]
|upkeep
|turn|23
|
|t:|1779902731
|switch|p2a: Slowking|Slowking-Galar, M|100/100
|move|p1a: Ninetales|Overheat|p2a: Slowking|[miss]
|-miss|p1a: Ninetales|p2a: Slowking
|
|-weather|SunnyDay|[upkeep]
|upkeep
|turn|24
|-message|digederoo forfeited.
|
|win|louwilliamzz
|raw|digederoo's rating: 1477 &rarr; <strong>1458</strong><br />(-19 for losing)
|raw|louwilliamzz's rating: 1490 &rarr; <strong>1509</strong><br />(+19 for winning)
|l|☆digederoo
|player|p1|
|l|☆louwilliamzz
|player|p2|
