|j|☆p$ychopath
|j|‽Bumulus
|t:|1779909541
|gametype|singles
|player|p1|p$ychopath|psychic-lgpe|1658
|player|p2|Bumulus|266|1604
|gen|9
|tier|[Gen 9] OU
|rated|
|rule|HP Percentage Mod: HP is shown in percentages
|rule|Endless Battle Clause: Forcing endless battles is banned
|rule|Species Clause: Limit one of each Pokémon
|rule|OHKO Clause: OHKO moves are banned
|rule|Evasion Items Clause: Evasion items are banned
|rule|Evasion Moves Clause: Evasion moves are banned
|rule|Evasion Abilities Clause: Evasion abilities are banned
|rule|Sleep Moves Clause: Sleep-inducing moves are banned
|clearpoke
|poke|p1|Comfey, F|
|poke|p1|Whimsicott, M|
|poke|p1|Iron Moth|
|poke|p1|Walking Wake|
|poke|p1|Great Tusk|
|poke|p1|Ninetales, M|
|poke|p2|Dragapult, M|
|poke|p2|Gliscor, F|
|poke|p2|Ogerpon-Wellspring, F|
|poke|p2|Iron Crown|
|poke|p2|Ting-Lu|
|poke|p2|Kingambit, M|
|teampreview
|inactive|Battle timer is ON: inactive players will automatically lose when time's up. (requested by p$ychopath)
|j| Shadownko34
|
|t:|1779909560
|teamsize|p1|6
|teamsize|p2|6
|start
|switch|p1a: Iron Moth|Iron Moth|100/100
|switch|p2a: Ting-Lu|Ting-Lu|100/100
|-ability|p2a: Ting-Lu|Vessel of Ruin
|-enditem|p1a: Iron Moth|Booster Energy
|-activate|p1a: Iron Moth|ability: Quark Drive|[fromitem]
|-start|p1a: Iron Moth|quarkdrivespa
|turn|1
|
|t:|1779909564
|move|p1a: Iron Moth|Fiery Dance|p2a: Ting-Lu
|-damage|p2a: Ting-Lu|73/100
|-boost|p1a: Iron Moth|spa|1
|move|p2a: Ting-Lu|Earthquake|p1a: Iron Moth
|-supereffective|p1a: Iron Moth
|-damage|p1a: Iron Moth|0 fnt
|faint|p1a: Iron Moth
|-end|p1a: Iron Moth|Quark Drive|[silent]
|
|upkeep
|
|t:|1779909570
|switch|p1a: Great Tusk|Great Tusk|100/100
|turn|2
|
|t:|1779909574
|switch|p2a: Ogerpon|Ogerpon-Wellspring, F|100/100
|move|p1a: Great Tusk|Stealth Rock|p2a: Ogerpon
|-sidestart|p2: Bumulus|move: Stealth Rock
|
|upkeep
|turn|3
|
|t:|1779909580
|-end|p1a: Great Tusk|Protosynthesis|[silent]
|switch|p1a: Walking Wake|Walking Wake|100/100
|move|p2a: Ogerpon|Knock Off|p1a: Walking Wake
|-damage|p1a: Walking Wake|66/100
|-enditem|p1a: Walking Wake|Assault Vest|[from] move: Knock Off|[of] p2a: Ogerpon
|
|upkeep
|turn|4
|
|t:|1779909587
|move|p2a: Ogerpon|U-turn|p1a: Walking Wake
|-damage|p1a: Walking Wake|41/100
|
|t:|1779909590
|switch|p2a: Iron Crown|Iron Crown|100/100|[from] U-turn
|-damage|p2a: Iron Crown|94/100|[from] Stealth Rock
|-enditem|p2a: Iron Crown|Booster Energy
|-activate|p2a: Iron Crown|ability: Quark Drive|[fromitem]
|-start|p2a: Iron Crown|quarkdrivespe
|move|p1a: Walking Wake|Draco Meteor|p2a: Iron Crown
|-resisted|p2a: Iron Crown
|-damage|p2a: Iron Crown|66/100
|-unboost|p1a: Walking Wake|spa|2
|
|upkeep
|turn|5
|
|t:|1779909597
|-end|p1a: Walking Wake|Protosynthesis|[silent]
|switch|p1a: Great Tusk|Great Tusk|100/100
|move|p2a: Iron Crown|Psychic|p1a: Great Tusk
|-supereffective|p1a: Great Tusk
|-crit|p1a: Great Tusk
|-damage|p1a: Great Tusk|0 fnt
|faint|p1a: Great Tusk
|-end|p1a: Great Tusk|Protosynthesis|[silent]
|
|upkeep
|
|t:|1779909599
|switch|p1a: Ninetales|Ninetales, M|100/100
|-weather|SunnyDay|[from] ability: Drought|[of] p1a: Ninetales
|turn|6
|
|t:|1779909607
|move|p2a: Iron Crown|Psychic|p1a: Ninetales
|-damage|p1a: Ninetales|61/100
|move|p1a: Ninetales|Weather Ball|p2a: Iron Crown
|-supereffective|p2a: Iron Crown
|-damage|p2a: Iron Crown|0 fnt
|faint|p2a: Iron Crown
|-end|p2a: Iron Crown|Quark Drive|[silent]
|
|-weather|SunnyDay|[upkeep]
|upkeep
|
|t:|1779909610
|switch|p2a: Ting-Lu|Ting-Lu|73/100
|-damage|p2a: Ting-Lu|67/100|[from] Stealth Rock
|-ability|p2a: Ting-Lu|Vessel of Ruin
|turn|7
|
|t:|1779909614
|switch|p1a: Whimsicott|Whimsicott, M|100/100
|move|p2a: Ting-Lu|Stealth Rock|p1a: Whimsicott
|-sidestart|p1: p$ychopath|move: Stealth Rock
|
|-weather|SunnyDay|[upkeep]
|upkeep
|turn|8
|
|t:|1779909620
|move|p1a: Whimsicott|Growth|p1a: Whimsicott
|-boost|p1a: Whimsicott|atk|2
|-boost|p1a: Whimsicott|spa|2
|move|p2a: Ting-Lu|Whirlwind|p1a: Whimsicott
|drag|p1a: Walking Wake|Walking Wake|41/100
|-damage|p1a: Walking Wake|29/100|[from] Stealth Rock
|-activate|p1a: Walking Wake|ability: Protosynthesis
|-start|p1a: Walking Wake|protosynthesisspe
|
|-weather|SunnyDay|[upkeep]
|upkeep
|turn|9
|
|t:|1779909627
|switch|p2a: Ogerpon|Ogerpon-Wellspring, F|100/100
|-damage|p2a: Ogerpon|88/100|[from] Stealth Rock
|move|p1a: Walking Wake|Hydro Steam|p2a: Ogerpon
|-heal|p2a: Ogerpon|100/100|[from] ability: Water Absorb|[of] p1a: Walking Wake
|
|-weather|SunnyDay|[upkeep]
|upkeep
|turn|10
|
|t:|1779909633
|move|p1a: Walking Wake|Draco Meteor|p2a: Ogerpon
|-damage|p2a: Ogerpon|32/100
|-unboost|p1a: Walking Wake|spa|2
|move|p2a: Ogerpon|Knock Off|p1a: Walking Wake
|-damage|p1a: Walking Wake|4/100
|
|-weather|SunnyDay|[upkeep]
|upkeep
|turn|11
|
|t:|1779909638
|switch|p2a: Ting-Lu|Ting-Lu|67/100
|-damage|p2a: Ting-Lu|61/100|[from] Stealth Rock
|-ability|p2a: Ting-Lu|Vessel of Ruin
|move|p1a: Walking Wake|Draco Meteor|p2a: Ting-Lu
|-damage|p2a: Ting-Lu|45/100
|-unboost|p1a: Walking Wake|spa|2
|
|-weather|SunnyDay|[upkeep]
|upkeep
|turn|12
|
|t:|1779909648
|switch|p2a: Ogerpon|Ogerpon-Wellspring, F|32/100
|-damage|p2a: Ogerpon|20/100|[from] Stealth Rock
|move|p1a: Walking Wake|Knock Off|p2a: Ogerpon
|-damage|p2a: Ogerpon|4/100
|
|-weather|SunnyDay|[upkeep]
|upkeep
|turn|13
|
|t:|1779909653
|move|p1a: Walking Wake|Knock Off|p2a: Ogerpon
|-damage|p2a: Ogerpon|0 fnt
|faint|p2a: Ogerpon
|
|-weather|none
|-end|p1a: Walking Wake|Protosynthesis
|upkeep
|
|t:|1779909661
|switch|p2a: Dragapult|Dragapult, M|100/100
|turn|14
|
|t:|1779909665
|move|p2a: Dragapult|U-turn|p1a: Walking Wake
|-damage|p1a: Walking Wake|0 fnt
|faint|p1a: Walking Wake
|-end|p1a: Walking Wake|Protosynthesis|[silent]
|
|t:|1779909667
|switch|p2a: Gliscor|Gliscor, F|100/100|[from] U-turn
|-damage|p2a: Gliscor|88/100|[from] Stealth Rock
|
|-status|p2a: Gliscor|tox|[from] item: Toxic Orb
|upkeep
|
|t:|1779909670
|switch|p1a: Ninetales|Ninetales, M|61/100
|-damage|p1a: Ninetales|36/100|[from] Stealth Rock
|-weather|SunnyDay|[from] ability: Drought|[of] p1a: Ninetales
|turn|15
|
|t:|1779909674
|move|p1a: Ninetales|Healing Wish|p1a: Ninetales
|faint|p1a: Ninetales
|move|p2a: Gliscor|Toxic Spikes|p1: Ninetales
|-sidestart|p1: p$ychopath|move: Toxic Spikes
|
|-weather|SunnyDay|[upkeep]
|-heal|p2a: Gliscor|100/100 tox|[from] ability: Poison Heal
|upkeep
|
|t:|1779909677
|switch|p1a: Whimsicott|Whimsicott, M|100/100
|-damage|p1a: Whimsicott|88/100|[from] Stealth Rock
|-status|p1a: Whimsicott|psn
|turn|16
|
|t:|1779909680
|move|p1a: Whimsicott|Growth|p1a: Whimsicott
|-boost|p1a: Whimsicott|atk|2
|-boost|p1a: Whimsicott|spa|2
|move|p2a: Gliscor|Toxic Spikes|p1a: Whimsicott
|-sidestart|p1: p$ychopath|move: Toxic Spikes
|
|-weather|SunnyDay|[upkeep]
|-damage|p1a: Whimsicott|76/100 psn|[from] psn
|upkeep
|turn|17
|
|t:|1779909686
|move|p2a: Gliscor|Protect|p2a: Gliscor
|-singleturn|p2a: Gliscor|Protect
|move|p1a: Whimsicott|Growth|p1a: Whimsicott
|-boost|p1a: Whimsicott|atk|2
|-boost|p1a: Whimsicott|spa|2
|
|-weather|SunnyDay|[upkeep]
|-damage|p1a: Whimsicott|63/100 psn|[from] psn
|upkeep
|turn|18
|
|t:|1779909690
|switch|p2a: Ting-Lu|Ting-Lu|45/100
|-damage|p2a: Ting-Lu|39/100|[from] Stealth Rock
|-ability|p2a: Ting-Lu|Vessel of Ruin
|move|p1a: Whimsicott|Giga Drain|p2a: Ting-Lu
|-supereffective|p2a: Ting-Lu
|-damage|p2a: Ting-Lu|0 fnt
|-heal|p1a: Whimsicott|92/100 psn|[from] drain|[of] p2a: Ting-Lu
|faint|p2a: Ting-Lu
|-damage|p1a: Whimsicott|82/100 psn|[from] item: Life Orb
|
|-weather|SunnyDay|[upkeep]
|-damage|p1a: Whimsicott|69/100 psn|[from] psn
|upkeep
|
|t:|1779909715
|switch|p2a: Gliscor|Gliscor, F|100/100 tox
|-damage|p2a: Gliscor|88/100 tox|[from] Stealth Rock
|turn|19
|
|t:|1779909727
|move|p1a: Whimsicott|Moonblast|p2a: Gliscor
|-damage|p2a: Gliscor|0 fnt
|faint|p2a: Gliscor
|-damage|p1a: Whimsicott|60/100 psn|[from] item: Life Orb
|
|-weather|SunnyDay|[upkeep]
|-damage|p1a: Whimsicott|47/100 psn|[from] psn
|upkeep
|
|t:|1779909735
|switch|p2a: Kingambit|Kingambit, M|100/100
|-damage|p2a: Kingambit|94/100|[from] Stealth Rock
|-activate|p2a: Kingambit|ability: Supreme Overlord
|-start|p2a: Kingambit|fallen4|[silent]
|-item|p2a: Kingambit|Air Balloon
|turn|20
|
|t:|1779909737
|-terastallize|p2a: Kingambit|Dark
|move|p2a: Kingambit|Sucker Punch|p1a: Whimsicott
|-resisted|p1a: Whimsicott
|-damage|p1a: Whimsicott|3/100 psn
|move|p1a: Whimsicott|Moonblast|p2a: Kingambit
|-supereffective|p2a: Kingambit
|-damage|p2a: Kingambit|0 fnt
|-enditem|p2a: Kingambit|Air Balloon
|faint|p2a: Kingambit
|-end|p2a: Kingambit|fallen4|[silent]
|-damage|p1a: Whimsicott|0 fnt|[from] item: Life Orb
|faint|p1a: Whimsicott
|
|-weather|SunnyDay|[upkeep]
|upkeep
|
|t:|1779909741
|switch|p1a: Comfey|Comfey, F|100/100
|switch|p2a: Dragapult|Dragapult, M|100/100
|-damage|p1a: Comfey|88/100|[from] Stealth Rock
|-status|p1a: Comfey|tox
|turn|21
|j| Lowladderubersnoob
|
|t:|1779909751
|move|p2a: Dragapult|Hex|p1a: Comfey
|-damage|p1a: Comfey|33/100 tox
|move|p1a: Comfey|Growth|p1a: Comfey
|-boost|p1a: Comfey|atk|2
|-boost|p1a: Comfey|spa|2
|
|-weather|SunnyDay|[upkeep]
|-damage|p1a: Comfey|27/100 tox|[from] psn
|upkeep
|turn|22
|
|t:|1779909757
|move|p1a: Comfey|Draining Kiss|p2a: Dragapult
|-supereffective|p2a: Dragapult
|-damage|p2a: Dragapult|0 fnt
|-heal|p1a: Comfey|100/100 tox|[from] drain|[of] p2a: Dragapult
|faint|p2a: Dragapult
|-damage|p1a: Comfey|91/100 tox|[from] item: Life Orb
|
|win|p$ychopath
|raw|p$ychopath's rating: 1658 &rarr; <strong>1675</strong><br />(+17 for winning)
|raw|Bumulus's rating: 1604 &rarr; <strong>1587</strong><br />(-17 for losing)
|l|‽Bumulus
|player|p2|
|l|☆p$ychopath
|player|p1|
|l| Shadownko34
|l| Lowladderubersnoob
