|j|☆salsabuena
|j|☆The Hamm
|t:|1779849074
|gametype|singles
|player|p1|salsabuena|lance|1124
|player|p2|The Hamm|artist-gen4|1119
|gen|9
|tier|[Gen 9] OU
|rated|
|rule|HP Percentage Mod: HP is shown in percentages
|rule|Endless Battle Clause: Forcing endless battles is banned
|rule|Species Clause: Limit one of each Pokémon
|rule|OHKO Clause: OHKO moves are banned
|rule|Evasion Items Clause: Evasion items are banned
|rule|Evasion Moves Clause: Evasion moves are banned
|rule|Evasion Abilities Clause: Evasion abilities are banned
|rule|Sleep Moves Clause: Sleep-inducing moves are banned
|clearpoke
|poke|p1|Incineroar, M|
|poke|p1|Gliscor, M|
|poke|p1|Raging Bolt|
|poke|p1|Kingdra, M|
|poke|p1|Corviknight, F|
|poke|p1|Scream Tail|
|poke|p2|Hitmonlee, M|
|poke|p2|Clefable, M|
|poke|p2|Blastoise, M|
|poke|p2|Dragonite, F|
|poke|p2|Weezing, M|
|poke|p2|Snorlax, F|
|teampreview
|inactive|Battle timer is ON: inactive players will automatically lose when time's up. (requested by salsabuena)
|
|t:|1779849091
|teamsize|p1|6
|teamsize|p2|6
|start
|switch|p1a: Gliscor|Gliscor, M, shiny|100/100
|switch|p2a: Clefable|Clefable, M|100/100
|turn|1
|
|t:|1779849106
|move|p1a: Gliscor|Earthquake|p2a: Clefable
|-damage|p2a: Clefable|65/100
|move|p2a: Clefable|Reflect|p2a: Clefable
|-sidestart|p2: The Hamm|Reflect
|
|-status|p1a: Gliscor|tox|[from] item: Toxic Orb
|upkeep
|turn|2
|
|t:|1779849116
|switch|p2a: Weezing|Weezing, M|100/100
|-ability|p2a: Weezing|Neutralizing Gas
|move|p1a: Gliscor|Earthquake|p2a: Weezing
|-supereffective|p2a: Weezing
|-damage|p2a: Weezing|80/100
|
|-damage|p1a: Gliscor|94/100 tox|[from] psn
|upkeep
|turn|3
|
|t:|1779849134
|switch|p1a: Corviknight|Corviknight, F, shiny|100/100
|move|p2a: Weezing|Toxic Spikes|p1a: Corviknight
|-sidestart|p1: salsabuena|move: Toxic Spikes
|
|upkeep
|turn|4
|
|t:|1779849145
|move|p1a: Corviknight|Iron Defense|p1a: Corviknight
|-boost|p1a: Corviknight|def|2
|move|p2a: Weezing|Will-O-Wisp|p1a: Corviknight
|-status|p1a: Corviknight|brn
|
|-damage|p1a: Corviknight|94/100 brn|[from] brn
|upkeep
|turn|5
|
|t:|1779849160
|-end|p2a: Weezing|ability: Neutralizing Gas
|switch|p2a: Blastoise|Blastoise, M|100/100
|move|p1a: Corviknight|Iron Defense|p1a: Corviknight
|-boost|p1a: Corviknight|def|2
|
|-damage|p1a: Corviknight|88/100 brn|[from] brn
|upkeep
|turn|6
|
|t:|1779849174
|switch|p1a: Raging Bolt|Raging Bolt|100/100
|-status|p1a: Raging Bolt|psn
|-enditem|p1a: Raging Bolt|Booster Energy
|-activate|p1a: Raging Bolt|ability: Protosynthesis|[fromitem]
|-start|p1a: Raging Bolt|protosynthesisspa
|move|p2a: Blastoise|Shell Smash|p2a: Blastoise
|-unboost|p2a: Blastoise|def|1
|-unboost|p2a: Blastoise|spd|1
|-boost|p2a: Blastoise|atk|2
|-boost|p2a: Blastoise|spa|2
|-boost|p2a: Blastoise|spe|2
|
|-damage|p1a: Raging Bolt|88/100 psn|[from] psn
|upkeep
|turn|7
|
|t:|1779849196
|switch|p2a: Snorlax|Snorlax, F|100/100
|-terastallize|p1a: Raging Bolt|Electric
|move|p1a: Raging Bolt|Discharge|p2a: Snorlax
|-damage|p2a: Snorlax|49/100
|-status|p2a: Snorlax|par
|-enditem|p2a: Snorlax|Lum Berry|[eat]
|-curestatus|p2a: Snorlax|par|[msg]
|
|-damage|p1a: Raging Bolt|76/100 psn|[from] psn
|upkeep
|turn|8
|
|t:|1779849210
|move|p1a: Raging Bolt|Discharge|p2a: Snorlax
|-damage|p2a: Snorlax|0 fnt
|faint|p2a: Snorlax
|
|-damage|p1a: Raging Bolt|63/100 psn|[from] psn
|-sideend|p2: The Hamm|Reflect
|upkeep
|
|t:|1779849226
|switch|p2a: Clefable|Clefable, M|65/100
|turn|9
|
|t:|1779849232
|move|p1a: Raging Bolt|Discharge|p2a: Clefable
|-damage|p2a: Clefable|11/100
|-status|p2a: Clefable|par
|move|p2a: Clefable|Light Screen|p2a: Clefable
|-sidestart|p2: The Hamm|move: Light Screen
|
|-damage|p1a: Raging Bolt|51/100 psn|[from] psn
|upkeep
|turn|10
|
|t:|1779849240
|move|p1a: Raging Bolt|Discharge|p2a: Clefable
|-crit|p2a: Clefable
|-damage|p2a: Clefable|0 fnt
|faint|p2a: Clefable
|
|-damage|p1a: Raging Bolt|39/100 psn|[from] psn
|upkeep
|
|t:|1779849264
|switch|p2a: Dragonite|Dragonite, F|100/100
|turn|11
|
|t:|1779849271
|move|p2a: Dragonite|Extreme Speed|p1a: Raging Bolt
|-damage|p1a: Raging Bolt|21/100 psn
|move|p1a: Raging Bolt|Draco Meteor|p2a: Dragonite
|-supereffective|p2a: Dragonite
|-damage|p2a: Dragonite|48/100
|-unboost|p1a: Raging Bolt|spa|2
|
|-damage|p1a: Raging Bolt|8/100 psn|[from] psn
|upkeep
|turn|12
|
|t:|1779849286
|move|p2a: Dragonite|Extreme Speed|p1a: Raging Bolt
|-damage|p1a: Raging Bolt|0 fnt
|faint|p1a: Raging Bolt
|-end|p1a: Raging Bolt|Protosynthesis|[silent]
|
|upkeep
|
|t:|1779849295
|switch|p1a: Gliscor|Gliscor, M, shiny|94/100 tox
|turn|13
|
|t:|1779849305
|switch|p2a: Weezing|Weezing, M|80/100
|-ability|p2a: Weezing|Neutralizing Gas
|move|p1a: Gliscor|Ice Fang|p2a: Weezing
|-damage|p2a: Weezing|71/100
|
|-damage|p1a: Gliscor|88/100 tox|[from] psn
|upkeep
|turn|14
|
|t:|1779849322
|switch|p1a: Corviknight|Corviknight, F, shiny|88/100 brn
|move|p2a: Weezing|Pain Split|p1a: Corviknight
|-sethp|p1a: Corviknight|73/100 brn|[from] move: Pain Split|[silent]
|-sethp|p2a: Weezing|88/100|[from] move: Pain Split
|
|-damage|p1a: Corviknight|67/100 brn|[from] brn
|upkeep
|turn|15
|
|t:|1779849338
|-end|p2a: Weezing|ability: Neutralizing Gas
|switch|p2a: Blastoise|Blastoise, M|100/100
|move|p1a: Corviknight|Iron Head|p2a: Blastoise
|-resisted|p2a: Blastoise
|-damage|p2a: Blastoise|94/100
|
|-damage|p1a: Corviknight|61/100 brn|[from] brn
|upkeep
|turn|16
|inactive|salsabuena has 120 seconds left.
|
|t:|1779849360
|switch|p1a: Kingdra|Kingdra, M, shiny|100/100
|-status|p1a: Kingdra|psn
|move|p2a: Blastoise|Shell Smash|p2a: Blastoise
|-unboost|p2a: Blastoise|def|1
|-unboost|p2a: Blastoise|spd|1
|-boost|p2a: Blastoise|atk|2
|-boost|p2a: Blastoise|spa|2
|-boost|p2a: Blastoise|spe|2
|
|-damage|p1a: Kingdra|88/100 psn|[from] psn
|-sideend|p2: The Hamm|move: Light Screen
|upkeep
|turn|17
|inactive|salsabuena has 120 seconds left.
|inactive|The Hamm has 120 seconds left.
|
|t:|1779849402
|move|p2a: Blastoise|Dark Pulse|p1a: Kingdra
|-damage|p1a: Kingdra|34/100 psn
|cant|p1a: Kingdra|flinch
|
|-damage|p1a: Kingdra|21/100 psn|[from] psn
|upkeep
|turn|18
|inactive|salsabuena has 120 seconds left.
|
|t:|1779849412
|switch|p1a: Scream Tail|Scream Tail|100/100
|-status|p1a: Scream Tail|psn
|move|p2a: Blastoise|Dark Pulse|p1a: Scream Tail
|-damage|p1a: Scream Tail|77/100 psn
|
|-heal|p1a: Scream Tail|83/100 psn|[from] item: Leftovers
|-damage|p1a: Scream Tail|71/100 psn|[from] psn
|upkeep
|turn|19
|inactive|salsabuena has 120 seconds left.
|inactive|The Hamm has 120 seconds left.
|
|t:|1779849446
|move|p2a: Blastoise|Surf|p1a: Scream Tail
|-damage|p1a: Scream Tail|30/100 psn
|move|p1a: Scream Tail|Wish|p1a: Scream Tail
|
|-heal|p1a: Scream Tail|36/100 psn|[from] item: Leftovers
|-damage|p1a: Scream Tail|23/100 psn|[from] psn
|upkeep
|turn|20
|
|t:|1779849458
|move|p1a: Scream Tail|Protect|p1a: Scream Tail
|-singleturn|p1a: Scream Tail|Protect
|move|p2a: Blastoise|Surf|p1a: Scream Tail
|-activate|p1a: Scream Tail|move: Protect
|
|-heal|p1a: Scream Tail|73/100 psn|[from] move: Wish|[wisher] Scream Tail
|-heal|p1a: Scream Tail|80/100 psn|[from] item: Leftovers
|-damage|p1a: Scream Tail|67/100 psn|[from] psn
|upkeep
|turn|21
|
|t:|1779849468
|move|p2a: Blastoise|Surf|p1a: Scream Tail
|-damage|p1a: Scream Tail|23/100 psn
|move|p1a: Scream Tail|Play Rough|p2a: Blastoise
|-damage|p2a: Blastoise|54/100
|
|-heal|p1a: Scream Tail|30/100 psn|[from] item: Leftovers
|-damage|p1a: Scream Tail|17/100 psn|[from] psn
|upkeep
|turn|22
|
|t:|1779849480
|move|p1a: Scream Tail|Protect|p1a: Scream Tail
|-singleturn|p1a: Scream Tail|Protect
|move|p2a: Blastoise|Surf|p1a: Scream Tail
|-activate|p1a: Scream Tail|move: Protect
|
|-heal|p1a: Scream Tail|23/100 psn|[from] item: Leftovers
|-damage|p1a: Scream Tail|11/100 psn|[from] psn
|upkeep
|turn|23
|
|t:|1779849495
|-end|p1a: Scream Tail|Protosynthesis|[silent]
|switch|p1a: Gliscor|Gliscor, M, shiny|88/100 tox
|move|p2a: Blastoise|Surf|p1a: Gliscor
|-supereffective|p1a: Gliscor
|-damage|p1a: Gliscor|0 fnt
|faint|p1a: Gliscor
|
|upkeep
|
|t:|1779849504
|switch|p1a: Corviknight|Corviknight, F, shiny|61/100 brn
|turn|24
|
|t:|1779849513
|move|p2a: Blastoise|Surf|p1a: Corviknight
|-damage|p1a: Corviknight|0 fnt
|faint|p1a: Corviknight
|
|upkeep
|
|t:|1779849520
|switch|p1a: Kingdra|Kingdra, M, shiny|21/100 psn
|turn|25
|
|t:|1779849526
|move|p2a: Blastoise|Dark Pulse|p1a: Kingdra
|-damage|p1a: Kingdra|0 fnt
|faint|p1a: Kingdra
|
|upkeep
|
|t:|1779849532
|switch|p1a: Incineroar|Incineroar, M|100/100
|-status|p1a: Incineroar|psn
|-ability|p1a: Incineroar|Intimidate|boost
|-unboost|p2a: Blastoise|atk|1
|turn|26
|inactive|salsabuena has 120 seconds left.
|
|t:|1779849548
|move|p2a: Blastoise|Surf|p1a: Incineroar
|-supereffective|p1a: Incineroar
|-damage|p1a: Incineroar|0 fnt
|faint|p1a: Incineroar
|
|upkeep
|-message|salsabuena forfeited.
|
|win|The Hamm
|raw|salsabuena's rating: 1124 &rarr; <strong>1099</strong><br />(-25 for losing)
|raw|The Hamm's rating: 1119 &rarr; <strong>1144</strong><br />(+25 for winning)
|l|☆The Hamm
|player|p2|
|n|☆salsabuena|salsabuena
|c|☆salsabuena|fyou
|l|☆salsabuena
|player|p1|
