|j|☆wyldtype
|j|☆Dhdovusjchcj
|t:|1779819140
|gametype|singles
|player|p1|wyldtype|1|1065
|player|p2|Dhdovusjchcj|swimmer-gen4dp|1100
|gen|9
|tier|[Gen 9] OU
|rated|
|rule|HP Percentage Mod: HP is shown in percentages
|rule|Endless Battle Clause: Forcing endless battles is banned
|rule|Species Clause: Limit one of each Pokémon
|rule|OHKO Clause: OHKO moves are banned
|rule|Evasion Items Clause: Evasion items are banned
|rule|Evasion Moves Clause: Evasion moves are banned
|rule|Evasion Abilities Clause: Evasion abilities are banned
|rule|Sleep Moves Clause: Sleep-inducing moves are banned
|clearpoke
|poke|p1|Meowscarada, F|
|poke|p1|Cinderace, F|
|poke|p1|Scizor, F|
|poke|p1|Coalossal, M|
|poke|p1|Enamorus, F|
|poke|p1|Clodsire, F|
|poke|p2|Dodrio, F|
|poke|p2|Doduo, F|
|poke|p2|Rillaboom, F|
|poke|p2|Thwackey, M|
|poke|p2|Grookey, M|
|poke|p2|Garganacl, M|
|teampreview
|inactive|Battle timer is ON: inactive players will automatically lose when time's up. (requested by Dhdovusjchcj)
|
|t:|1779819152
|teamsize|p1|6
|teamsize|p2|6
|start
|switch|p1a: Clodsire|Clodsire, F|100/100
|switch|p2a: Garganacl|Garganacl, M|100/100
|turn|1
|
|t:|1779819159
|move|p2a: Garganacl|Stealth Rock|p1a: Clodsire
|-sidestart|p1: wyldtype|move: Stealth Rock
|move|p1a: Clodsire|Toxic|p2a: Garganacl
|-immune|p2a: Garganacl|[from] ability: Purifying Salt
|
|upkeep
|turn|2
|
|t:|1779819171
|switch|p1a: Cinderace|Cinderace, F|100/100
|move|p2a: Garganacl|Explosion|p1a: Cinderace
|-enditem|p2a: Garganacl|Normal Gem|[from] gem
|-damage|p1a: Cinderace|0 fnt
|faint|p2a: Garganacl
|faint|p1a: Cinderace
|
|upkeep
|
|t:|1779819199
|switch|p1a: Scizor|Scizor, F|100/100
|switch|p2a: Grookey|Grookey, M|100/100
|-damage|p1a: Scizor|88/100|[from] Stealth Rock
|-fieldstart|move: Grassy Terrain|[from] ability: Grassy Surge|[of] p2a: Grookey
|turn|3
|
|t:|1779819210
|move|p1a: Scizor|Swords Dance|p1a: Scizor
|-boost|p1a: Scizor|atk|2
|move|p2a: Grookey|U-turn|p1a: Scizor
|-resisted|p1a: Scizor
|-damage|p1a: Scizor|79/100
|
|t:|1779819219
|switch|p2a: Rillaboom|Rillaboom, F|100/100|[from] U-turn
|
|-heal|p1a: Scizor|85/100|[from] Grassy Terrain
|upkeep
|turn|4
|
|t:|1779819227
|move|p2a: Rillaboom|High Horsepower|p1a: Scizor
|-damage|p1a: Scizor|52/100
|move|p1a: Scizor|Bug Bite|p2a: Rillaboom
|-supereffective|p2a: Rillaboom
|-damage|p2a: Rillaboom|0 fnt
|faint|p2a: Rillaboom
|
|-heal|p1a: Scizor|58/100|[from] Grassy Terrain
|upkeep
|
|t:|1779819247
|switch|p2a: Dodrio|Dodrio, F|100/100
|turn|5
|
|t:|1779819256
|move|p1a: Scizor|Bullet Punch|p2a: Dodrio
|-damage|p2a: Dodrio|0 fnt
|faint|p2a: Dodrio
|
|-heal|p1a: Scizor|64/100|[from] Grassy Terrain
|upkeep
|
|t:|1779819261
|switch|p2a: Thwackey|Thwackey, M|100/100
|turn|6
|
|t:|1779819276
|move|p1a: Scizor|Bullet Punch|p2a: Thwackey
|-damage|p2a: Thwackey|17/100
|move|p2a: Thwackey|Endeavor|p1a: Scizor
|-damage|p1a: Scizor|14/100
|
|-heal|p1a: Scizor|20/100|[from] Grassy Terrain
|-heal|p2a: Thwackey|23/100|[from] Grassy Terrain
|upkeep
|turn|7
|
|t:|1779819288
|move|p1a: Scizor|Bullet Punch|p2a: Thwackey
|-damage|p2a: Thwackey|0 fnt
|faint|p2a: Thwackey
|
|-heal|p1a: Scizor|26/100|[from] Grassy Terrain
|upkeep
|
|t:|1779819292
|switch|p2a: Grookey|Grookey, M|100/100
|turn|8
|
|t:|1779819298
|move|p1a: Scizor|Bullet Punch|p2a: Grookey
|-damage|p2a: Grookey|0 fnt
|faint|p2a: Grookey
|
|-heal|p1a: Scizor|32/100|[from] Grassy Terrain
|upkeep
|
|t:|1779819299
|switch|p2a: Doduo|Doduo, F|100/100
|turn|9
|
|t:|1779819307
|move|p1a: Scizor|Bullet Punch|p2a: Doduo
|-damage|p2a: Doduo|0 fnt
|faint|p2a: Doduo
|
|win|wyldtype
|raw|wyldtype's rating: 1065 &rarr; <strong>1098</strong><br />(+33 for winning)
|raw|Dhdovusjchcj's rating: 1100 &rarr; <strong>1072</strong><br />(-28 for losing)
|l|☆Dhdovusjchcj
|player|p2|
|l|☆wyldtype
|player|p1|
