|j|☆dopeloveguccimane
|j|☆a19a19
|t:|1779886836
|gametype|singles
|player|p1|dopeloveguccimane|misty-gen1|1395
|player|p2|a19a19|red|1375
|gen|9
|tier|[Gen 9] OU
|rated|
|rule|HP Percentage Mod: HP is shown in percentages
|rule|Endless Battle Clause: Forcing endless battles is banned
|rule|Species Clause: Limit one of each Pokémon
|rule|OHKO Clause: OHKO moves are banned
|rule|Evasion Items Clause: Evasion items are banned
|rule|Evasion Moves Clause: Evasion moves are banned
|rule|Evasion Abilities Clause: Evasion abilities are banned
|rule|Sleep Moves Clause: Sleep-inducing moves are banned
|clearpoke
|poke|p1|Pelipper, M|
|poke|p1|Raging Bolt|
|poke|p1|Overqwil, M|
|poke|p1|Barraskewda, M|
|poke|p1|Iron Treads|
|poke|p1|Kingambit, M|
|poke|p2|Kyurem|
|poke|p2|Great Tusk|
|poke|p2|Entei|
|poke|p2|Ting-Lu|
|poke|p2|Tornadus-Therian, M|
|poke|p2|Dragapult, M|
|teampreview
|inactive|Battle timer is ON: inactive players will automatically lose when time's up. (requested by a19a19)
|
|t:|1779886855
|teamsize|p1|6
|teamsize|p2|6
|start
|switch|p1a: elephant|Iron Treads|100/100
|switch|p2a: Tornadus|Tornadus-Therian, M|100/100
|-enditem|p1a: elephant|Booster Energy
|-activate|p1a: elephant|ability: Quark Drive|[fromitem]
|-start|p1a: elephant|quarkdrivespe
|turn|1
|
|t:|1779886864
|-end|p1a: elephant|Quark Drive|[silent]
|switch|p1a: goy|Pelipper, M|100/100
|-weather|RainDance|[from] ability: Drizzle|[of] p1a: goy
|move|p2a: Tornadus|U-turn|p1a: goy
|-resisted|p1a: goy
|-damage|p1a: goy|95/100
|
|t:|1779886879
|switch|p2a: Dragapult|Dragapult, M|100/100|[from] U-turn
|
|-weather|RainDance|[upkeep]
|upkeep
|turn|2
|
|t:|1779886886
|switch|p1a: Kingambit|Kingambit, M|100/100
|move|p2a: Dragapult|U-turn|p1a: Kingambit
|-damage|p1a: Kingambit|87/100
|
|t:|1779886899
|switch|p2a: Entei|Entei|100/100|[from] U-turn
|
|-weather|RainDance|[upkeep]
|-heal|p1a: Kingambit|94/100|[from] item: Leftovers
|upkeep
|turn|3
|
|t:|1779886906
|-end|p1a: Kingambit|fallenundefined|[silent]
|switch|p1a: goy|Pelipper, M|95/100
|move|p2a: Entei|Sacred Fire|p1a: goy
|-resisted|p1a: goy
|-damage|p1a: goy|86/100
|-status|p1a: goy|brn
|
|-weather|RainDance|[upkeep]
|-damage|p1a: goy|79/100 brn|[from] brn
|upkeep
|turn|4
|
|t:|1779886918
|move|p2a: Entei|Stone Edge|p1a: goy
|-supereffective|p1a: goy
|-damage|p1a: goy|22/100 brn
|move|p1a: goy|U-turn|p2a: Entei
|-resisted|p2a: Entei
|-damage|p2a: Entei|98/100
|
|t:|1779886925
|switch|p1a: fast fish|Barraskewda, M, shiny|100/100|[from] U-turn
|
|-weather|RainDance|[upkeep]
|upkeep
|turn|5
|
|t:|1779886942
|-terastallize|p1a: fast fish|Water
|-terastallize|p2a: Entei|Grass
|move|p1a: fast fish|Flip Turn|p2a: Entei
|-resisted|p2a: Entei
|-damage|p2a: Entei|43/100
|
|t:|1779886948
|switch|p1a: Kingambit|Kingambit, M|94/100|[from] Flip Turn
|move|p2a: Entei|Sacred Fire|p1a: Kingambit
|-supereffective|p1a: Kingambit
|-damage|p1a: Kingambit|58/100
|-status|p1a: Kingambit|brn
|
|-weather|RainDance|[upkeep]
|-heal|p1a: Kingambit|64/100 brn|[from] item: Leftovers
|-damage|p1a: Kingambit|58/100 brn|[from] brn
|upkeep
|turn|6
|
|t:|1779886964
|switch|p2a: Up Bowl On Em|Ting-Lu|100/100
|-ability|p2a: Up Bowl On Em|Vessel of Ruin
|move|p1a: Kingambit|Kowtow Cleave|p2a: Up Bowl On Em
|-resisted|p2a: Up Bowl On Em
|-damage|p2a: Up Bowl On Em|93/100
|
|-weather|RainDance|[upkeep]
|-heal|p1a: Kingambit|64/100 brn|[from] item: Leftovers
|-heal|p2a: Up Bowl On Em|99/100|[from] item: Leftovers
|-damage|p1a: Kingambit|58/100 brn|[from] brn
|upkeep
|turn|7
|
|t:|1779886977
|-end|p1a: Kingambit|fallenundefined|[silent]
|switch|p1a: goy|Pelipper, M|22/100 brn
|move|p2a: Up Bowl On Em|Stealth Rock|p1a: goy
|-sidestart|p1: dopeloveguccimane|move: Stealth Rock
|
|-weather|RainDance|[upkeep]
|-heal|p2a: Up Bowl On Em|100/100|[from] item: Leftovers
|-damage|p1a: goy|16/100 brn|[from] brn
|upkeep
|turn|8
|
|t:|1779886990
|switch|p2a: Dragapult|Dragapult, M|100/100
|move|p1a: goy|Roost|p1a: goy
|-heal|p1a: goy|66/100 brn
|-singleturn|p1a: goy|move: Roost
|
|-weather|none
|-damage|p1a: goy|60/100 brn|[from] brn
|upkeep
|turn|9
|
|t:|1779887002
|switch|p1a: Kingambit|Kingambit, M|58/100 brn
|-damage|p1a: Kingambit|51/100 brn|[from] Stealth Rock
|move|p2a: Dragapult|Shadow Ball|p1a: Kingambit
|-resisted|p1a: Kingambit
|-damage|p1a: Kingambit|27/100 brn
|
|-heal|p1a: Kingambit|34/100 brn|[from] item: Leftovers
|-damage|p1a: Kingambit|27/100 brn|[from] brn
|upkeep
|turn|10
|inactive|dopeloveguccimane has 120 seconds left.
|
|t:|1779887043
|switch|p2a: Tornadus|Tornadus-Therian, M|100/100
|-end|p1a: Kingambit|fallenundefined|[silent]
|switch|p1a: goy|Pelipper, M|60/100 brn
|-damage|p1a: goy|35/100 brn|[from] Stealth Rock
|-weather|RainDance|[from] ability: Drizzle|[of] p1a: goy
|
|-weather|RainDance|[upkeep]
|-damage|p1a: goy|29/100 brn|[from] brn
|upkeep
|turn|11
|
|t:|1779887058
|switch|p1a: fast fish|Barraskewda, M, shiny, tera:Water|100/100
|-damage|p1a: fast fish|88/100|[from] Stealth Rock
|move|p2a: Tornadus|Knock Off|p1a: fast fish
|-damage|p1a: fast fish|52/100
|-enditem|p1a: fast fish|Choice Band|[from] move: Knock Off|[of] p2a: Tornadus
|
|-weather|RainDance|[upkeep]
|upkeep
|turn|12
|
|t:|1779887070
|move|p1a: fast fish|Flip Turn|p2a: Tornadus
|-damage|p2a: Tornadus|31/100
|
|t:|1779887074
|switch|p1a: elephant|Iron Treads|100/100|[from] Flip Turn
|-damage|p1a: elephant|97/100|[from] Stealth Rock
|move|p2a: Tornadus|Bleakwind Storm|p1a: elephant
|-resisted|p1a: elephant
|-damage|p1a: elephant|72/100
|
|-weather|RainDance|[upkeep]
|upkeep
|turn|13
|
|t:|1779887085
|switch|p2a: Dragapult|Dragapult, M|100/100
|move|p1a: elephant|Stealth Rock|p2a: Dragapult
|-sidestart|p2: a19a19|move: Stealth Rock
|
|-weather|RainDance|[upkeep]
|upkeep
|turn|14
|
|t:|1779887092
|-end|p1a: elephant|Quark Drive|[silent]
|switch|p1a: Kingambit|Kingambit, M|27/100 brn
|-damage|p1a: Kingambit|21/100 brn|[from] Stealth Rock
|move|p2a: Dragapult|Shadow Ball|p1a: Kingambit
|-resisted|p1a: Kingambit
|-damage|p1a: Kingambit|0 fnt
|faint|p1a: Kingambit
|-end|p1a: Kingambit|fallenundefined|[silent]
|
|-weather|RainDance|[upkeep]
|upkeep
|
|t:|1779887095
|switch|p1a: gunk shot miss|Overqwil, M|100/100
|-damage|p1a: gunk shot miss|88/100|[from] Stealth Rock
|turn|15
|
|t:|1779887117
|switch|p2a: Up Bowl On Em|Ting-Lu|100/100
|-damage|p2a: Up Bowl On Em|94/100|[from] Stealth Rock
|-ability|p2a: Up Bowl On Em|Vessel of Ruin
|move|p1a: gunk shot miss|Swords Dance|p1a: gunk shot miss
|-boost|p1a: gunk shot miss|atk|2
|
|-weather|RainDance|[upkeep]
|-heal|p2a: Up Bowl On Em|100/100|[from] item: Leftovers
|upkeep
|turn|16
|inactive|dopeloveguccimane has 120 seconds left.
|inactive|dopeloveguccimane has 90 seconds left.
|inactive|dopeloveguccimane has 60 seconds left.
|inactive|dopeloveguccimane has 30 seconds left.
|inactive|dopeloveguccimane has 20 seconds left.
|inactive|dopeloveguccimane has 15 seconds left.
|inactive|dopeloveguccimane has 10 seconds left.
|inactive|dopeloveguccimane has 5 seconds left.
|-message|dopeloveguccimane lost due to inactivity.
|
|win|a19a19
|raw|dopeloveguccimane's rating: 1395 &rarr; <strong>1374</strong><br />(-21 for losing)
|raw|a19a19's rating: 1375 &rarr; <strong>1396</strong><br />(+21 for winning)
|l|☆a19a19
|player|p2|
|l|☆dopeloveguccimane
|player|p1|
