|j|☆Booluigi
|j|☆claudechamp
|t:|1779815403
|gametype|singles
|player|p1|Booluigi|1|1172
|player|p2|claudechamp|265|1181
|gen|9
|tier|[Gen 9] OU
|rated|
|rule|HP Percentage Mod: HP is shown in percentages
|rule|Endless Battle Clause: Forcing endless battles is banned
|rule|Species Clause: Limit one of each Pokémon
|rule|OHKO Clause: OHKO moves are banned
|rule|Evasion Items Clause: Evasion items are banned
|rule|Evasion Moves Clause: Evasion moves are banned
|rule|Evasion Abilities Clause: Evasion abilities are banned
|rule|Sleep Moves Clause: Sleep-inducing moves are banned
|clearpoke
|poke|p1|Rillaboom, F|
|poke|p1|Garganacl, M|
|poke|p1|Kyurem|
|poke|p1|Dragapult, F|
|poke|p1|Great Tusk|
|poke|p1|Alomomola, F|
|poke|p2|Gliscor, M|
|poke|p2|Ogerpon, F|
|poke|p2|Walking Wake|
|poke|p2|Blissey, F|
|poke|p2|Corviknight, F|
|poke|p2|Pecharunt|
|teampreview
|inactive|Battle timer is ON: inactive players will automatically lose when time's up. (requested by Booluigi)
|c|☆claudechamp|hf
|inactive|claudechamp also wants the timer to be on.
|
|t:|1779815421
|teamsize|p1|6
|teamsize|p2|6
|start
|switch|p1a: Garganacl|Garganacl, M|100/100
|switch|p2a: Gliscor|Gliscor, M|100/100
|turn|1
|
|t:|1779815426
|move|p2a: Gliscor|Spikes|p1a: Garganacl
|-sidestart|p1: Booluigi|Spikes
|move|p1a: Garganacl|Salt Cure|p2a: Gliscor
|-damage|p2a: Gliscor|90/100
|-start|p2a: Gliscor|Salt Cure
|
|-damage|p2a: Gliscor|78/100|[from] Salt Cure
|-status|p2a: Gliscor|tox|[from] item: Toxic Orb
|upkeep
|turn|2
|
|t:|1779815435
|move|p2a: Gliscor|Spikes|p1a: Garganacl
|-sidestart|p1: Booluigi|Spikes
|move|p1a: Garganacl|Stealth Rock|p2a: Gliscor
|-sidestart|p2: claudechamp|move: Stealth Rock
|
|-heal|p2a: Gliscor|90/100 tox|[from] ability: Poison Heal
|-damage|p2a: Gliscor|78/100 tox|[from] Salt Cure
|upkeep
|turn|3
|
|t:|1779815447
|switch|p1a: Great Tusk|Great Tusk|100/100
|move|p2a: Gliscor|Spikes|p1a: Great Tusk
|-sidestart|p1: Booluigi|Spikes
|
|-heal|p2a: Gliscor|90/100 tox|[from] ability: Poison Heal
|-damage|p2a: Gliscor|78/100 tox|[from] Salt Cure
|upkeep
|turn|4
|
|t:|1779815457
|switch|p2a: Ogerpon|Ogerpon, F|100/100
|move|p1a: Great Tusk|Rapid Spin|p2a: Ogerpon
|-damage|p2a: Ogerpon|80/100
|-boost|p1a: Great Tusk|spe|1
|-sideend|p1: Booluigi|Spikes|[from] move: Rapid Spin|[of] p1a: Great Tusk
|
|upkeep
|turn|5
|
|t:|1779815477
|move|p2a: Ogerpon|Ivy Cudgel|p1a: Great Tusk
|-supereffective|p1a: Great Tusk
|-damage|p1a: Great Tusk|53/100
|move|p1a: Great Tusk|Knock Off|p2a: Ogerpon
|-damage|p2a: Ogerpon|44/100
|-enditem|p2a: Ogerpon|Heavy-Duty Boots|[from] move: Knock Off|[of] p1a: Great Tusk
|
|upkeep
|turn|6
|
|t:|1779815488
|move|p2a: Ogerpon|Ivy Cudgel|p1a: Great Tusk
|-supereffective|p1a: Great Tusk
|-damage|p1a: Great Tusk|4/100
|move|p1a: Great Tusk|Ice Spinner|p2a: Ogerpon
|-supereffective|p2a: Ogerpon
|-damage|p2a: Ogerpon|0 fnt
|faint|p2a: Ogerpon
|
|upkeep
|
|t:|1779815493
|switch|p2a: Gliscor|Gliscor, M|78/100 tox
|-damage|p2a: Gliscor|65/100 tox|[from] Stealth Rock
|turn|7
|
|t:|1779815509
|-terastallize|p2a: Gliscor|Ghost
|move|p1a: Great Tusk|Ice Spinner|p2a: Gliscor
|-crit|p2a: Gliscor
|-damage|p2a: Gliscor|40/100 tox
|move|p2a: Gliscor|Spikes|p1a: Great Tusk
|-sidestart|p1: Booluigi|Spikes
|
|-heal|p2a: Gliscor|53/100 tox|[from] ability: Poison Heal
|upkeep
|turn|8
|
|t:|1779815517
|move|p1a: Great Tusk|Knock Off|p2a: Gliscor
|-supereffective|p2a: Gliscor
|-damage|p2a: Gliscor|12/100 tox
|-enditem|p2a: Gliscor|Toxic Orb|[from] move: Knock Off|[of] p1a: Great Tusk
|move|p2a: Gliscor|Earthquake|p1a: Great Tusk
|-damage|p1a: Great Tusk|0 fnt
|faint|p1a: Great Tusk
|-end|p1a: Great Tusk|Protosynthesis|[silent]
|
|-heal|p2a: Gliscor|24/100 tox|[from] ability: Poison Heal
|upkeep
|
|t:|1779815530
|switch|p1a: Rillaboom|Rillaboom, F|100/100
|-damage|p1a: Rillaboom|88/100|[from] Spikes
|-fieldstart|move: Grassy Terrain|[from] ability: Grassy Surge|[of] p1a: Rillaboom
|turn|9
|
|t:|1779815538
|move|p1a: Rillaboom|Grassy Glide|p2a: Gliscor
|-damage|p2a: Gliscor|0 fnt
|faint|p2a: Gliscor
|
|-heal|p1a: Rillaboom|94/100|[from] Grassy Terrain
|upkeep
|
|t:|1779815548
|switch|p2a: Blissey|Blissey, F|100/100
|turn|10
|
|t:|1779815560
|switch|p1a: Alomomola|Alomomola, F|100/100
|move|p2a: Blissey|Stealth Rock|p1a: Alomomola
|-sidestart|p1: Booluigi|move: Stealth Rock
|
|upkeep
|turn|11
|
|t:|1779815580
|switch|p2a: Walking Wake|Walking Wake|100/100
|move|p1a: Alomomola|Scald|p2a: Walking Wake
|-resisted|p2a: Walking Wake
|-damage|p2a: Walking Wake|97/100
|-status|p2a: Walking Wake|brn
|
|-heal|p2a: Walking Wake|100/100 brn|[from] Grassy Terrain
|-damage|p2a: Walking Wake|94/100 brn|[from] brn
|upkeep
|turn|12
|
|t:|1779815598
|move|p2a: Walking Wake|Draco Meteor|p1a: Alomomola
|-damage|p1a: Alomomola|39/100
|-unboost|p2a: Walking Wake|spa|2
|move|p1a: Alomomola|Flip Turn|p2a: Walking Wake
|-resisted|p2a: Walking Wake
|-damage|p2a: Walking Wake|90/100 brn
|
|t:|1779815607
|switch|p1a: Kyurem|Kyurem|100/100|[from] Flip Turn
|-ability|p1a: Kyurem|Pressure
|
|-heal|p2a: Walking Wake|97/100 brn|[from] Grassy Terrain
|-damage|p2a: Walking Wake|90/100 brn|[from] brn
|upkeep
|turn|13
|
|t:|1779815615
|-end|p2a: Walking Wake|Protosynthesis|[silent]
|switch|p2a: Blissey|Blissey, F|100/100
|move|p1a: Kyurem|Freeze-Dry|p2a: Blissey
|-damage|p2a: Blissey|90/100
|
|-heal|p2a: Blissey|96/100|[from] Grassy Terrain
|-fieldend|move: Grassy Terrain
|upkeep
|turn|14
|
|t:|1779815626
|switch|p1a: Rillaboom|Rillaboom, F|94/100
|-damage|p1a: Rillaboom|82/100|[from] Spikes
|-damage|p1a: Rillaboom|70/100|[from] Stealth Rock
|-fieldstart|move: Grassy Terrain|[from] ability: Grassy Surge|[of] p1a: Rillaboom
|move|p2a: Blissey|Seismic Toss|p1a: Rillaboom
|-damage|p1a: Rillaboom|40/100
|
|-heal|p1a: Rillaboom|47/100|[from] Grassy Terrain
|-heal|p2a: Blissey|100/100|[from] Grassy Terrain
|upkeep
|turn|15
|
|t:|1779815639
|switch|p2a: Pecharunt|Pecharunt|100/100
|move|p1a: Rillaboom|Knock Off|p2a: Pecharunt
|-supereffective|p2a: Pecharunt
|-damage|p2a: Pecharunt|48/100
|-enditem|p2a: Pecharunt|Heavy-Duty Boots|[from] move: Knock Off|[of] p1a: Rillaboom
|
|-heal|p1a: Rillaboom|53/100|[from] Grassy Terrain
|-heal|p2a: Pecharunt|54/100|[from] Grassy Terrain
|upkeep
|turn|16
|
|t:|1779815651
|move|p1a: Rillaboom|Knock Off|p2a: Pecharunt
|-supereffective|p2a: Pecharunt
|-damage|p2a: Pecharunt|17/100
|move|p2a: Pecharunt|Recover|p2a: Pecharunt
|-heal|p2a: Pecharunt|67/100
|
|-heal|p1a: Rillaboom|59/100|[from] Grassy Terrain
|-heal|p2a: Pecharunt|73/100|[from] Grassy Terrain
|upkeep
|turn|17
|
|t:|1779815661
|move|p1a: Rillaboom|Knock Off|p2a: Pecharunt
|-supereffective|p2a: Pecharunt
|-damage|p2a: Pecharunt|38/100
|move|p2a: Pecharunt|Malignant Chain|p1a: Rillaboom
|-supereffective|p1a: Rillaboom
|-damage|p1a: Rillaboom|0 fnt
|faint|p1a: Rillaboom
|
|-heal|p2a: Pecharunt|44/100|[from] Grassy Terrain
|upkeep
|
|t:|1779815674
|switch|p1a: Dragapult|Dragapult, F|100/100
|-damage|p1a: Dragapult|88/100|[from] Spikes
|-damage|p1a: Dragapult|76/100|[from] Stealth Rock
|turn|18
|
|t:|1779815684
|move|p1a: Dragapult|Draco Meteor|p2a: Pecharunt
|-damage|p2a: Pecharunt|0 fnt
|-unboost|p1a: Dragapult|spa|2
|faint|p2a: Pecharunt
|
|-heal|p1a: Dragapult|82/100|[from] Grassy Terrain
|-heal|p1a: Dragapult|88/100|[from] item: Leftovers
|-fieldend|move: Grassy Terrain
|upkeep
|
|t:|1779815700
|switch|p2a: Blissey|Blissey, F|100/100
|turn|19
|
|t:|1779815709
|move|p1a: Dragapult|U-turn|p2a: Blissey
|-damage|p2a: Blissey|81/100
|
|t:|1779815713
|switch|p1a: Garganacl|Garganacl, M|100/100|[from] U-turn
|-damage|p1a: Garganacl|88/100|[from] Spikes
|-damage|p1a: Garganacl|76/100|[from] Stealth Rock
|move|p2a: Blissey|Calm Mind|p2a: Blissey
|-boost|p2a: Blissey|spa|1
|-boost|p2a: Blissey|spd|1
|
|-heal|p1a: Garganacl|82/100|[from] item: Leftovers
|upkeep
|turn|20
|
|t:|1779815727
|move|p2a: Blissey|Calm Mind|p2a: Blissey
|-boost|p2a: Blissey|spa|1
|-boost|p2a: Blissey|spd|1
|move|p1a: Garganacl|Salt Cure|p2a: Blissey
|-damage|p2a: Blissey|68/100
|-start|p2a: Blissey|Salt Cure
|
|-heal|p1a: Garganacl|88/100|[from] item: Leftovers
|-damage|p2a: Blissey|56/100|[from] Salt Cure
|upkeep
|turn|21
|
|t:|1779815741
|move|p1a: Garganacl|Protect|p1a: Garganacl
|-singleturn|p1a: Garganacl|Protect
|move|p2a: Blissey|Soft-Boiled|p2a: Blissey
|-heal|p2a: Blissey|100/100
|
|-heal|p1a: Garganacl|94/100|[from] item: Leftovers
|-damage|p2a: Blissey|88/100|[from] Salt Cure
|upkeep
|turn|22
|
|t:|1779815751
|move|p2a: Blissey|Calm Mind|p2a: Blissey
|-boost|p2a: Blissey|spa|1
|-boost|p2a: Blissey|spd|1
|move|p1a: Garganacl|Salt Cure|p2a: Blissey
|-damage|p2a: Blissey|75/100
|
|-heal|p1a: Garganacl|100/100|[from] item: Leftovers
|-damage|p2a: Blissey|62/100|[from] Salt Cure
|upkeep
|turn|23
|
|t:|1779815764
|switch|p1a: Alomomola|Alomomola, F|72/100
|move|p2a: Blissey|Soft-Boiled|p2a: Blissey
|-heal|p2a: Blissey|100/100
|
|-damage|p2a: Blissey|88/100|[from] Salt Cure
|upkeep
|turn|24
|
|t:|1779815775
|move|p1a: Alomomola|Scald|p2a: Blissey
|-damage|p2a: Blissey|86/100
|move|p2a: Blissey|Seismic Toss|p1a: Alomomola
|-damage|p1a: Alomomola|52/100
|
|-damage|p2a: Blissey|74/100|[from] Salt Cure
|upkeep
|turn|25
|
|t:|1779815786
|move|p1a: Alomomola|Scald|p2a: Blissey
|-damage|p2a: Blissey|72/100
|move|p2a: Blissey|Soft-Boiled|p2a: Blissey
|-heal|p2a: Blissey|100/100
|
|-damage|p2a: Blissey|88/100|[from] Salt Cure
|upkeep
|turn|26
|
|t:|1779815802
|move|p1a: Alomomola|Scald|p2a: Blissey
|-damage|p2a: Blissey|86/100
|move|p2a: Blissey|Seismic Toss|p1a: Alomomola
|-damage|p1a: Alomomola|31/100
|
|-damage|p2a: Blissey|74/100|[from] Salt Cure
|upkeep
|turn|27
|
|t:|1779815820
|move|p1a: Alomomola|Scald|p2a: Blissey
|-damage|p2a: Blissey|72/100
|move|p2a: Blissey|Soft-Boiled|p2a: Blissey
|-heal|p2a: Blissey|100/100
|
|-damage|p2a: Blissey|88/100|[from] Salt Cure
|upkeep
|turn|28
|
|t:|1779815827
|move|p1a: Alomomola|Scald|p2a: Blissey
|-damage|p2a: Blissey|86/100
|-status|p2a: Blissey|brn
|move|p2a: Blissey|Seismic Toss|p1a: Alomomola
|-damage|p1a: Alomomola|10/100
|
|-damage|p2a: Blissey|80/100 brn|[from] brn
|-damage|p2a: Blissey|68/100 brn|[from] Salt Cure
|upkeep
|turn|29
|
|t:|1779815841
|move|p1a: Alomomola|Wish|p1a: Alomomola
|move|p2a: Blissey|Soft-Boiled|p2a: Blissey
|-heal|p2a: Blissey|100/100 brn
|
|-damage|p2a: Blissey|94/100 brn|[from] brn
|-damage|p2a: Blissey|82/100 brn|[from] Salt Cure
|upkeep
|turn|30
|
|t:|1779815852
|move|p1a: Alomomola|Protect|p1a: Alomomola
|-singleturn|p1a: Alomomola|Protect
|move|p2a: Blissey|Seismic Toss|p1a: Alomomola
|-activate|p1a: Alomomola|move: Protect
|
|-heal|p1a: Alomomola|60/100|[from] move: Wish|[wisher] Alomomola
|-damage|p2a: Blissey|76/100 brn|[from] brn
|-damage|p2a: Blissey|63/100 brn|[from] Salt Cure
|upkeep
|turn|31
|
|t:|1779815865
|move|p1a: Alomomola|Wish|p1a: Alomomola
|move|p2a: Blissey|Soft-Boiled|p2a: Blissey
|-heal|p2a: Blissey|100/100 brn
|
|-damage|p2a: Blissey|94/100 brn|[from] brn
|-damage|p2a: Blissey|82/100 brn|[from] Salt Cure
|upkeep
|turn|32
|
|t:|1779815882
|move|p1a: Alomomola|Scald|p2a: Blissey
|-damage|p2a: Blissey|80/100 brn
|move|p2a: Blissey|Seismic Toss|p1a: Alomomola
|-damage|p1a: Alomomola|39/100
|
|-heal|p1a: Alomomola|89/100|[from] move: Wish|[wisher] Alomomola
|-damage|p2a: Blissey|74/100 brn|[from] brn
|-damage|p2a: Blissey|62/100 brn|[from] Salt Cure
|upkeep
|turn|33
|
|t:|1779815895
|switch|p1a: Garganacl|Garganacl, M|100/100
|-damage|p1a: Garganacl|88/100|[from] Spikes
|-damage|p1a: Garganacl|76/100|[from] Stealth Rock
|-curestatus|p2a: Blissey|brn|[from] ability: Natural Cure|[silent]
|switch|p2a: Walking Wake|Walking Wake|90/100 brn
|
|-heal|p1a: Garganacl|82/100|[from] item: Leftovers
|-damage|p2a: Walking Wake|84/100 brn|[from] brn
|upkeep
|turn|34
|
|t:|1779815906
|move|p2a: Walking Wake|Surf|p1a: Garganacl
|-supereffective|p1a: Garganacl
|-damage|p1a: Garganacl|25/100
|move|p1a: Garganacl|Salt Cure|p2a: Walking Wake
|-damage|p2a: Walking Wake|69/100 brn
|-start|p2a: Walking Wake|Salt Cure
|
|-heal|p1a: Garganacl|32/100|[from] item: Leftovers
|-damage|p2a: Walking Wake|63/100 brn|[from] brn
|-damage|p2a: Walking Wake|38/100 brn|[from] Salt Cure
|upkeep
|turn|35
|
|t:|1779815917
|move|p1a: Garganacl|Protect|p1a: Garganacl
|-singleturn|p1a: Garganacl|Protect
|move|p2a: Walking Wake|Surf|p1a: Garganacl
|-activate|p1a: Garganacl|move: Protect
|
|-heal|p1a: Garganacl|38/100|[from] item: Leftovers
|-damage|p2a: Walking Wake|32/100 brn|[from] brn
|-damage|p2a: Walking Wake|7/100 brn|[from] Salt Cure
|upkeep
|turn|36
|
|t:|1779815927
|switch|p1a: Alomomola|Alomomola, F|100/100
|move|p2a: Walking Wake|Surf|p1a: Alomomola
|-resisted|p1a: Alomomola
|-damage|p1a: Alomomola|80/100
|
|-damage|p2a: Walking Wake|1/100 brn|[from] brn
|-damage|p2a: Walking Wake|0 fnt|[from] Salt Cure
|faint|p2a: Walking Wake
|-end|p2a: Walking Wake|Protosynthesis|[silent]
|upkeep
|
|t:|1779815934
|switch|p2a: Blissey|Blissey, F|62/100
|turn|37
|
|t:|1779815940
|move|p1a: Alomomola|Flip Turn|p2a: Blissey
|-damage|p2a: Blissey|48/100
|
|t:|1779815943
|switch|p1a: Garganacl|Garganacl, M|38/100|[from] Flip Turn
|-damage|p1a: Garganacl|25/100|[from] Spikes
|-damage|p1a: Garganacl|13/100|[from] Stealth Rock
|move|p2a: Blissey|Calm Mind|p2a: Blissey
|-boost|p2a: Blissey|spa|1
|-boost|p2a: Blissey|spd|1
|
|-heal|p1a: Garganacl|19/100|[from] item: Leftovers
|upkeep
|turn|38
|
|t:|1779815952
|move|p2a: Blissey|Seismic Toss|p1a: Garganacl
|-damage|p1a: Garganacl|0 fnt
|faint|p1a: Garganacl
|
|upkeep
|
|t:|1779815958
|switch|p1a: Dragapult|Dragapult, F|88/100
|-damage|p1a: Dragapult|76/100|[from] Spikes
|-damage|p1a: Dragapult|63/100|[from] Stealth Rock
|turn|39
|
|t:|1779815967
|move|p1a: Dragapult|Draco Meteor|p2a: Blissey
|-damage|p2a: Blissey|36/100
|-unboost|p1a: Dragapult|spa|2
|move|p2a: Blissey|Soft-Boiled|p2a: Blissey
|-heal|p2a: Blissey|86/100
|
|-heal|p1a: Dragapult|69/100|[from] item: Leftovers
|upkeep
|turn|40
|
|t:|1779815977
|move|p1a: Dragapult|U-turn|p2a: Blissey
|-damage|p2a: Blissey|69/100
|
|t:|1779815981
|switch|p1a: Kyurem|Kyurem|100/100|[from] U-turn
|-ability|p1a: Kyurem|Pressure
|move|p2a: Blissey|Calm Mind|p2a: Blissey
|-boost|p2a: Blissey|spa|1
|-boost|p2a: Blissey|spd|1
|
|upkeep
|turn|41
|
|t:|1779815989
|move|p1a: Kyurem|Freeze-Dry|p2a: Blissey
|-damage|p2a: Blissey|64/100
|move|p2a: Blissey|Seismic Toss|p1a: Kyurem
|-damage|p1a: Kyurem|76/100
|
|upkeep
|turn|42
|
|t:|1779815997
|move|p1a: Kyurem|Freeze-Dry|p2a: Blissey
|-damage|p2a: Blissey|58/100
|move|p2a: Blissey|Soft-Boiled|p2a: Blissey
|-heal|p2a: Blissey|100/100
|
|upkeep
|turn|43
|
|t:|1779816009
|move|p1a: Kyurem|Freeze-Dry|p2a: Blissey
|-damage|p2a: Blissey|95/100
|move|p2a: Blissey|Seismic Toss|p1a: Kyurem
|-damage|p1a: Kyurem|51/100
|
|upkeep
|turn|44
|
|t:|1779816022
|move|p1a: Kyurem|Freeze-Dry|p2a: Blissey
|-damage|p2a: Blissey|89/100
|-status|p2a: Blissey|frz
|cant|p2a: Blissey|frz
|
|upkeep
|turn|45
|
|t:|1779816040
|-curestatus|p2a: Blissey|frz|[from] ability: Natural Cure|[silent]
|switch|p2a: Corviknight|Corviknight, F|100/100
|-ability|p2a: Corviknight|Pressure
|move|p1a: Kyurem|Earth Power|p2a: Corviknight
|-immune|p2a: Corviknight
|
|upkeep
|turn|46
|
|t:|1779816048
|switch|p2a: Blissey|Blissey, F|89/100
|move|p1a: Kyurem|Freeze-Dry|p2a: Blissey
|-damage|p2a: Blissey|79/100
|
|upkeep
|turn|47
|
|t:|1779816057
|move|p1a: Kyurem|Freeze-Dry|p2a: Blissey
|-damage|p2a: Blissey|68/100
|move|p2a: Blissey|Calm Mind|p2a: Blissey
|-boost|p2a: Blissey|spa|1
|-boost|p2a: Blissey|spd|1
|
|upkeep
|turn|48
|
|t:|1779816065
|move|p1a: Kyurem|Freeze-Dry|p2a: Blissey
|-damage|p2a: Blissey|60/100
|move|p2a: Blissey|Seismic Toss|p1a: Kyurem
|-damage|p1a: Kyurem|26/100
|
|upkeep
|turn|49
|
|t:|1779816082
|move|p1a: Kyurem|Freeze-Dry|p2a: Blissey
|-damage|p2a: Blissey|53/100
|move|p2a: Blissey|Seismic Toss|p1a: Kyurem
|-damage|p1a: Kyurem|2/100
|
|upkeep
|turn|50
|
|t:|1779816088
|switch|p2a: Corviknight|Corviknight, F|100/100
|-ability|p2a: Corviknight|Pressure
|move|p1a: Kyurem|Freeze-Dry|p2a: Corviknight
|-damage|p2a: Corviknight|62/100
|-status|p2a: Corviknight|frz
|
|upkeep
|turn|51
|
|t:|1779816097
|move|p1a: Kyurem|Freeze-Dry|p2a: Corviknight
|-damage|p2a: Corviknight|24/100 frz
|cant|p2a: Corviknight|frz
|
|upkeep
|turn|52
|
|t:|1779816107
|switch|p2a: Blissey|Blissey, F|53/100
|move|p1a: Kyurem|Freeze-Dry|p2a: Blissey
|-damage|p2a: Blissey|42/100
|
|upkeep
|turn|53
|
|t:|1779816118
|switch|p1a: Alomomola|Alomomola, F|100/100
|move|p2a: Blissey|Seismic Toss|p1a: Alomomola
|-damage|p1a: Alomomola|80/100
|
|upkeep
|turn|54
|
|t:|1779816128
|switch|p2a: Corviknight|Corviknight, F|24/100 frz
|-ability|p2a: Corviknight|Pressure
|move|p1a: Alomomola|Scald|p2a: Corviknight
|-damage|p2a: Corviknight|10/100 frz
|-curestatus|p2a: Corviknight|frz|[msg]
|
|upkeep
|turn|55
|
|t:|1779816137
|move|p2a: Corviknight|Roost|p2a: Corviknight
|-heal|p2a: Corviknight|60/100
|-singleturn|p2a: Corviknight|move: Roost
|move|p1a: Alomomola|Scald|p2a: Corviknight
|-damage|p2a: Corviknight|46/100
|
|upkeep
|turn|56
|
|t:|1779816149
|move|p2a: Corviknight|Body Press|p1a: Alomomola
|-damage|p1a: Alomomola|64/100
|move|p1a: Alomomola|Wish|p1a: Alomomola
|
|upkeep
|turn|57
|
|t:|1779816158
|move|p2a: Corviknight|Roost|p2a: Corviknight
|-heal|p2a: Corviknight|96/100
|-singleturn|p2a: Corviknight|move: Roost
|move|p1a: Alomomola|Flip Turn|p2a: Corviknight
|-damage|p2a: Corviknight|86/100
|
|t:|1779816165
|switch|p1a: Kyurem|Kyurem|2/100|[from] Flip Turn
|-ability|p1a: Kyurem|Pressure
|
|-heal|p1a: Kyurem|61/100|[from] move: Wish|[wisher] Alomomola
|upkeep
|turn|58
|
|t:|1779816176
|switch|p1a: Alomomola|Alomomola, F|97/100
|move|p2a: Corviknight|U-turn|p1a: Alomomola
|-damage|p1a: Alomomola|88/100
|l|☆Booluigi
|inactive|Booluigi disconnected and has a minute to reconnect!
|player|p1|
|
|t:|1779816188
|switch|p2a: Blissey|Blissey, F|42/100|[from] U-turn
|
|upkeep
|turn|59
|j|☆Booluigi
|inactive|Booluigi reconnected and has 145 seconds left.
|player|p1|Booluigi|1|
|
|t:|1779816211
|switch|p2a: Corviknight|Corviknight, F|86/100
|-ability|p2a: Corviknight|Pressure
|move|p1a: Alomomola|Scald|p2a: Corviknight
|-damage|p2a: Corviknight|72/100
|-status|p2a: Corviknight|brn
|
|-damage|p2a: Corviknight|66/100 brn|[from] brn
|upkeep
|turn|60
|
|t:|1779816223
|move|p2a: Corviknight|Roost|p2a: Corviknight
|-heal|p2a: Corviknight|100/100 brn
|-singleturn|p2a: Corviknight|move: Roost
|move|p1a: Alomomola|Wish|p1a: Alomomola
|
|-damage|p2a: Corviknight|94/100 brn|[from] brn
|upkeep
|turn|61
|inactive|Booluigi has 120 seconds left.
|
|t:|1779816253
|move|p2a: Corviknight|Roost|p2a: Corviknight
|-heal|p2a: Corviknight|100/100 brn
|-singleturn|p2a: Corviknight|move: Roost
|move|p1a: Alomomola|Flip Turn|p2a: Corviknight
|-damage|p2a: Corviknight|92/100 brn
|
|t:|1779816260
|switch|p1a: Dragapult|Dragapult, F|69/100|[from] Flip Turn
|-damage|p1a: Dragapult|57/100|[from] Spikes
|-damage|p1a: Dragapult|45/100|[from] Stealth Rock
|
|-heal|p1a: Dragapult|100/100|[from] move: Wish|[wisher] Alomomola
|-damage|p2a: Corviknight|85/100 brn|[from] brn
|upkeep
|turn|62
|inactive|Booluigi has 120 seconds left.
|
|t:|1779816270
|move|p1a: Dragapult|Flamethrower|p2a: Corviknight
|-supereffective|p2a: Corviknight
|-damage|p2a: Corviknight|27/100 brn
|move|p2a: Corviknight|U-turn|p1a: Dragapult
|-resisted|p1a: Dragapult
|-damage|p1a: Dragapult|96/100
|
|t:|1779816283
|switch|p2a: Blissey|Blissey, F|42/100|[from] U-turn
|
|-heal|p1a: Dragapult|100/100|[from] item: Leftovers
|upkeep
|turn|63
|
|t:|1779816298
|switch|p2a: Corviknight|Corviknight, F|27/100 brn
|-ability|p2a: Corviknight|Pressure
|move|p1a: Dragapult|Flamethrower|p2a: Corviknight
|-supereffective|p2a: Corviknight
|-damage|p2a: Corviknight|0 fnt
|faint|p2a: Corviknight
|
|upkeep
|inactive|claudechamp has 120 seconds left.
|
|t:|1779816311
|switch|p2a: Blissey|Blissey, F|42/100
|turn|64
|inactive|claudechamp has 120 seconds left.
|
|t:|1779816322
|move|p1a: Dragapult|Flamethrower|p2a: Blissey
|-damage|p2a: Blissey|33/100
|move|p2a: Blissey|Stealth Rock||[still]
|-fail|p2a: Blissey
|
|upkeep
|turn|65
|
|t:|1779816333
|move|p1a: Dragapult|Draco Meteor|p2a: Blissey
|-damage|p2a: Blissey|16/100
|-unboost|p1a: Dragapult|spa|2
|move|p2a: Blissey|Stealth Rock||[still]
|-fail|p2a: Blissey
|
|upkeep
|turn|66
|
|t:|1779816344
|move|p1a: Dragapult|Flamethrower|p2a: Blissey
|-damage|p2a: Blissey|12/100
|move|p2a: Blissey|Calm Mind|p2a: Blissey
|-boost|p2a: Blissey|spa|1
|-boost|p2a: Blissey|spd|1
|
|upkeep
|turn|67
|
|t:|1779816361
|move|p1a: Dragapult|Flamethrower|p2a: Blissey
|-damage|p2a: Blissey|9/100
|move|p2a: Blissey|Calm Mind|p2a: Blissey
|-boost|p2a: Blissey|spa|1
|-boost|p2a: Blissey|spd|1
|
|upkeep
|turn|68
|
|t:|1779816367
|move|p1a: Dragapult|Draco Meteor|p2a: Blissey
|-damage|p2a: Blissey|4/100
|-unboost|p1a: Dragapult|spa|2
|move|p2a: Blissey|Stealth Rock||[still]
|-fail|p2a: Blissey
|
|upkeep
|turn|69
|
|t:|1779816373
|move|p1a: Dragapult|Flamethrower|p2a: Blissey
|-damage|p2a: Blissey|3/100
|move|p2a: Blissey|Calm Mind|p2a: Blissey
|-boost|p2a: Blissey|spa|1
|-boost|p2a: Blissey|spd|1
|
|upkeep
|turn|70
|
|t:|1779816379
|move|p1a: Dragapult|Flamethrower|p2a: Blissey
|-damage|p2a: Blissey|2/100
|-status|p2a: Blissey|brn
|move|p2a: Blissey|Stealth Rock||[still]
|-fail|p2a: Blissey
|
|-damage|p2a: Blissey|0 fnt|[from] brn
|faint|p2a: Blissey
|
|win|Booluigi
|raw|Booluigi's rating: 1172 &rarr; <strong>1198</strong><br />(+26 for winning)
|raw|claudechamp's rating: 1182 &rarr; <strong>1156</strong><br />(-26 for losing)
|c|☆claudechamp|gg
