|j|☆sterster
|j|☆nakuhara
|t:|1779854916
|gametype|singles
|player|p1|sterster|101|1389
|player|p2|nakuhara|lucas|1378
|gen|9
|tier|[Gen 9] OU
|rated|
|rule|HP Percentage Mod: HP is shown in percentages
|rule|Endless Battle Clause: Forcing endless battles is banned
|rule|Species Clause: Limit one of each Pokémon
|rule|OHKO Clause: OHKO moves are banned
|rule|Evasion Items Clause: Evasion items are banned
|rule|Evasion Moves Clause: Evasion moves are banned
|rule|Evasion Abilities Clause: Evasion abilities are banned
|rule|Sleep Moves Clause: Sleep-inducing moves are banned
|clearpoke
|poke|p1|Iron Valiant|
|poke|p1|Weavile, M|
|poke|p1|Dragapult, M|
|poke|p1|Moltres|
|poke|p1|Ogerpon-Wellspring, F|
|poke|p1|Great Tusk|
|poke|p2|Zamazenta-*|
|poke|p2|Corviknight, M|
|poke|p2|Raging Bolt|
|poke|p2|Dragapult, M|
|poke|p2|Fezandipiti, M|
|poke|p2|Clodsire, F|
|teampreview
|
|t:|1779854944
|teamsize|p1|6
|teamsize|p2|6
|start
|switch|p1a: Dragapult|Dragapult, M|100/100
|switch|p2a: Fezandipiti|Fezandipiti, M|100/100
|turn|1
|inactive|Battle timer is ON: inactive players will automatically lose when time's up. (requested by nakuhara)
|
|t:|1779854979
|switch|p1a: Moltres|Moltres|100/100
|move|p2a: Fezandipiti|Beat Up|p1a: Moltres
|-damage|p1a: Moltres|98/100
|-status|p1a: Moltres|tox|[from] ability: Toxic Chain|[of] p2a: Fezandipiti
|-crit|p1a: Moltres
|-damage|p1a: Moltres|95/100 tox
|-crit|p1a: Moltres
|-damage|p1a: Moltres|91/100 tox
|-damage|p1a: Moltres|88/100 tox
|-damage|p1a: Moltres|85/100 tox
|-damage|p1a: Moltres|83/100 tox
|-hitcount|p1a: Moltres|6
|
|-damage|p1a: Moltres|77/100 tox|[from] psn
|upkeep
|turn|2
|
|t:|1779854997
|switch|p2a: Clodsire|Clodsire, F|100/100
|move|p1a: Moltres|U-turn|p2a: Clodsire
|-resisted|p2a: Clodsire
|-damage|p2a: Clodsire|93/100
|
|t:|1779855017
|switch|p1a: Great Tusk|Great Tusk|100/100|[from] U-turn
|
|-heal|p2a: Clodsire|99/100|[from] item: Leftovers
|upkeep
|turn|3
|
|t:|1779855025
|switch|p2a: Corviknight|Corviknight, M|100/100
|move|p1a: Great Tusk|Stealth Rock|p2a: Corviknight
|-sidestart|p2: nakuhara|move: Stealth Rock
|
|upkeep
|turn|4
|
|t:|1779855038
|-end|p1a: Great Tusk|Protosynthesis|[silent]
|switch|p1a: Moltres|Moltres|77/100 tox
|move|p2a: Corviknight|Defog|p1a: Moltres
|-unboost|p1a: Moltres|evasion|1
|-sideend|p2: nakuhara|Stealth Rock|[from] move: Defog|[of] p2a: Corviknight
|
|-damage|p1a: Moltres|71/100 tox|[from] psn
|upkeep
|turn|5
|
|t:|1779855049
|switch|p2a: Clodsire|Clodsire, F|99/100
|move|p1a: Moltres|Flamethrower|p2a: Clodsire
|-damage|p2a: Clodsire|79/100
|-status|p2a: Clodsire|brn
|
|-heal|p2a: Clodsire|85/100 brn|[from] item: Leftovers
|-damage|p1a: Moltres|59/100 tox|[from] psn
|-damage|p2a: Clodsire|79/100 brn|[from] brn
|upkeep
|turn|6
|
|t:|1779855060
|move|p1a: Moltres|U-turn|p2a: Clodsire
|-resisted|p2a: Clodsire
|-damage|p2a: Clodsire|70/100 brn
|
|t:|1779855072
|switch|p1a: Weavile|Weavile, M|100/100|[from] U-turn
|-ability|p1a: Weavile|Pressure
|move|p2a: Clodsire|Stealth Rock|p1a: Weavile
|-sidestart|p1: sterster|move: Stealth Rock
|
|-heal|p2a: Clodsire|76/100 brn|[from] item: Leftovers
|-damage|p2a: Clodsire|70/100 brn|[from] brn
|upkeep
|turn|7
|
|t:|1779855084
|switch|p2a: Corviknight|Corviknight, M|100/100
|move|p1a: Weavile|Swords Dance|p1a: Weavile
|-boost|p1a: Weavile|atk|2
|
|upkeep
|turn|8
|
|t:|1779855091
|move|p1a: Weavile|Knock Off|p2a: Corviknight
|-damage|p2a: Corviknight|46/100
|-damage|p1a: Weavile|84/100|[from] item: Rocky Helmet|[of] p2a: Corviknight
|-enditem|p2a: Corviknight|Rocky Helmet|[from] move: Knock Off|[of] p1a: Weavile
|move|p2a: Corviknight|Body Press|p1a: Weavile
|-supereffective|p1a: Weavile
|-damage|p1a: Weavile|0 fnt
|faint|p1a: Weavile
|
|upkeep
|
|t:|1779855110
|switch|p1a: Dragapult|Dragapult, M|100/100
|turn|9
|
|t:|1779855114
|switch|p2a: Fezandipiti|Fezandipiti, M|100/100
|move|p1a: Dragapult|Will-O-Wisp|p2a: Fezandipiti
|-status|p2a: Fezandipiti|brn
|
|-damage|p2a: Fezandipiti|94/100 brn|[from] brn
|upkeep
|turn|10
|
|t:|1779855127
|move|p1a: Dragapult|Hex|p2a: Fezandipiti
|-damage|p2a: Fezandipiti|59/100 brn
|move|p2a: Fezandipiti|Play Rough|p1a: Dragapult
|-supereffective|p1a: Dragapult
|-damage|p1a: Dragapult|56/100
|-status|p1a: Dragapult|tox|[from] ability: Toxic Chain|[of] p2a: Fezandipiti
|
|-heal|p2a: Fezandipiti|65/100 brn|[from] item: Leftovers
|-damage|p1a: Dragapult|50/100 tox|[from] psn
|-damage|p2a: Fezandipiti|59/100 brn|[from] brn
|upkeep
|turn|11
|
|t:|1779855143
|move|p1a: Dragapult|Hex|p2a: Fezandipiti
|-damage|p2a: Fezandipiti|23/100 brn
|move|p2a: Fezandipiti|Roost|p2a: Fezandipiti
|-heal|p2a: Fezandipiti|73/100 brn
|-singleturn|p2a: Fezandipiti|move: Roost
|
|-heal|p2a: Fezandipiti|79/100 brn|[from] item: Leftovers
|-damage|p1a: Dragapult|38/100 tox|[from] psn
|-damage|p2a: Fezandipiti|73/100 brn|[from] brn
|upkeep
|turn|12
|
|t:|1779855154
|move|p1a: Dragapult|U-turn|p2a: Fezandipiti
|-resisted|p2a: Fezandipiti
|-damage|p2a: Fezandipiti|68/100 brn
|-message|sterster forfeited.
|
|win|nakuhara
|raw|sterster's rating: 1389 &rarr; <strong>1368</strong><br />(-21 for losing)
|raw|nakuhara's rating: 1378 &rarr; <strong>1399</strong><br />(+21 for winning)
|l|☆sterster
|player|p1|
|l|☆nakuhara
|player|p2|
