|j|☆Superhjkdetective
|j|☆slitherwing ily ><
|t:|1779800231
|gametype|singles
|player|p1|Superhjkdetective|2|1786
|player|p2|slitherwing ily ><|iono-masters|1858
|gen|9
|tier|[Gen 9] OU
|rated|
|rule|HP Percentage Mod: HP is shown in percentages
|rule|Endless Battle Clause: Forcing endless battles is banned
|rule|Species Clause: Limit one of each Pokémon
|rule|OHKO Clause: OHKO moves are banned
|rule|Evasion Items Clause: Evasion items are banned
|rule|Evasion Moves Clause: Evasion moves are banned
|rule|Evasion Abilities Clause: Evasion abilities are banned
|rule|Sleep Moves Clause: Sleep-inducing moves are banned
|clearpoke
|poke|p1|Pecharunt|
|poke|p1|Samurott-Hisui, F|
|poke|p1|Hatterene, F|
|poke|p1|Great Tusk|
|poke|p1|Garganacl, M|
|poke|p1|Kyurem|
|poke|p2|Great Tusk|
|poke|p2|Kingambit, F|
|poke|p2|Raging Bolt|
|poke|p2|Walking Wake|
|poke|p2|Ninetales, M|
|poke|p2|Ceruledge, M|
|teampreview
|j| MiniLarry
|inactive|Battle timer is ON: inactive players will automatically lose when time's up. (requested by Superhjkdetective)
|c|☆slitherwing ily ><|hf
|l| MiniLarry
|
|t:|1779800242
|teamsize|p1|6
|teamsize|p2|6
|start
|switch|p1a: Great Tusk|Great Tusk|100/100
|switch|p2a: Naruto|Ninetales, M|100/100
|-weather|SunnyDay|[from] ability: Drought|[of] p2a: Naruto
|-activate|p1a: Great Tusk|ability: Protosynthesis
|-start|p1a: Great Tusk|protosynthesisatk
|turn|1
|
|t:|1779800247
|switch|p2a: Red judas|Ceruledge, M|100/100
|-item|p2a: Red judas|Air Balloon
|move|p1a: Great Tusk|Close Combat|p2a: Red judas
|-immune|p2a: Red judas
|
|-weather|SunnyDay|[upkeep]
|upkeep
|turn|2
|
|t:|1779800262
|-end|p1a: Great Tusk|Protosynthesis|[silent]
|switch|p1a: Garganacl|Garganacl, M|100/100
|move|p2a: Red judas|Swords Dance|p2a: Red judas
|-boost|p2a: Red judas|atk|2
|
|-weather|SunnyDay|[upkeep]
|upkeep
|turn|3
|
|t:|1779800265
|move|p2a: Red judas|Close Combat|p1a: Garganacl
|-supereffective|p1a: Garganacl
|-damage|p1a: Garganacl|0 fnt
|-unboost|p2a: Red judas|def|1
|-unboost|p2a: Red judas|spd|1
|faint|p1a: Garganacl
|
|-weather|SunnyDay|[upkeep]
|upkeep
|
|t:|1779800269
|switch|p1a: Samurott|Samurott-Hisui, F|100/100
|turn|4
|
|t:|1779800275
|-terastallize|p2a: Red judas|Fairy
|move|p1a: Samurott|Ceaseless Edge|p2a: Red judas
|-resisted|p2a: Red judas
|-damage|p2a: Red judas|44/100
|-ability|p2a: Red judas|Weak Armor|boost
|-unboost|p2a: Red judas|def|1
|-boost|p2a: Red judas|spe|2
|-enditem|p2a: Red judas|Air Balloon
|-sidestart|p2: slitherwing ily ><|Spikes
|move|p2a: Red judas|Swords Dance|p2a: Red judas
|-boost|p2a: Red judas|atk|2
|
|-weather|SunnyDay|[upkeep]
|upkeep
|turn|5
|j| SUBMACHINEGOTH
|
|t:|1779800286
|move|p1a: Samurott|Sucker Punch|p2a: Red judas
|-resisted|p2a: Red judas
|-damage|p2a: Red judas|0 fnt
|faint|p2a: Red judas
|
|-weather|SunnyDay|[upkeep]
|upkeep
|c|☆slitherwing ily ><|im sutpid
|
|t:|1779800291
|switch|p2a: nah i'd spin|Great Tusk|100/100
|-damage|p2a: nah i'd spin|88/100|[from] Spikes
|-activate|p2a: nah i'd spin|ability: Protosynthesis
|-start|p2a: nah i'd spin|protosynthesisatk
|turn|6
|j| TestAccountNo.123
|
|t:|1779800310
|switch|p1a: Hatterene|Hatterene, F|100/100
|move|p2a: nah i'd spin|Headlong Rush|p1a: Hatterene
|-damage|p1a: Hatterene|21/100
|-unboost|p2a: nah i'd spin|def|1
|-unboost|p2a: nah i'd spin|spd|1
|-damage|p2a: nah i'd spin|72/100|[from] item: Rocky Helmet|[of] p1a: Hatterene
|
|-weather|SunnyDay|[upkeep]
|upkeep
|turn|7
|
|t:|1779800316
|move|p2a: nah i'd spin|Rapid Spin|p1a: Hatterene
|-damage|p1a: Hatterene|1/100
|-boost|p2a: nah i'd spin|spe|1
|-damage|p2a: nah i'd spin|55/100|[from] item: Rocky Helmet|[of] p1a: Hatterene
|-sideend|p2: slitherwing ily ><|Spikes|[from] move: Rapid Spin|[of] p2a: nah i'd spin
|move|p1a: Hatterene|Draining Kiss|p2a: nah i'd spin
|-supereffective|p2a: nah i'd spin
|-crit|p2a: nah i'd spin
|-damage|p2a: nah i'd spin|0 fnt
|-heal|p1a: Hatterene|49/100|[from] drain|[of] p2a: nah i'd spin
|faint|p2a: nah i'd spin
|-end|p2a: nah i'd spin|Protosynthesis|[silent]
|
|-weather|SunnyDay|[upkeep]
|upkeep
|c|☆slitherwing ily ><|ok im bad
|
|t:|1779800322
|switch|p2a: Resevoir slogs|Walking Wake|100/100
|-activate|p2a: Resevoir slogs|ability: Protosynthesis
|-start|p2a: Resevoir slogs|protosynthesisspe
|turn|8
|
|t:|1779800333
|move|p2a: Resevoir slogs|Hydro Steam|p1a: Hatterene
|-damage|p1a: Hatterene|0 fnt
|faint|p1a: Hatterene
|
|-weather|none
|-end|p2a: Resevoir slogs|Protosynthesis
|upkeep
|
|t:|1779800337
|switch|p1a: Samurott|Samurott-Hisui, F|100/100
|turn|9
|
|t:|1779800341
|move|p2a: Resevoir slogs|Flip Turn|p1a: Samurott
|-resisted|p1a: Samurott
|-damage|p1a: Samurott|89/100
|
|t:|1779800345
|-end|p2a: Resevoir slogs|Protosynthesis|[silent]
|switch|p2a: Naruto|Ninetales, M|100/100|[from] Flip Turn
|-weather|SunnyDay|[from] ability: Drought|[of] p2a: Naruto
|move|p1a: Samurott|Ceaseless Edge|p2a: Naruto
|-damage|p2a: Naruto|25/100
|-sidestart|p2: slitherwing ily ><|Spikes
|
|-weather|SunnyDay|[upkeep]
|upkeep
|turn|10
|inactive|Superhjkdetective has 120 seconds left.
|
|t:|1779800382
|switch|p1a: Pecharunt|Pecharunt|100/100
|move|p2a: Naruto|Overheat|p1a: Pecharunt
|-damage|p1a: Pecharunt|32/100
|-unboost|p2a: Naruto|spa|2
|
|-weather|SunnyDay|[upkeep]
|-heal|p1a: Pecharunt|38/100|[from] item: Leftovers
|upkeep
|turn|11
|inactive|Superhjkdetective has 120 seconds left.
|
|t:|1779800391
|move|p2a: Naruto|Overheat|p1a: Pecharunt
|-crit|p1a: Pecharunt
|-damage|p1a: Pecharunt|0 fnt
|-unboost|p2a: Naruto|spa|2
|faint|p1a: Pecharunt
|
|-weather|SunnyDay|[upkeep]
|upkeep
|inactive|Superhjkdetective has 120 seconds left.
|
|t:|1779800418
|switch|p1a: Kyurem|Kyurem|100/100
|-ability|p1a: Kyurem|Pressure
|turn|12
|
|t:|1779800431
|move|p2a: Naruto|Healing Wish|p2a: Naruto
|faint|p2a: Naruto
|move|p1a: Kyurem|Freeze-Dry|p2: Naruto|[notarget]
|-fail|p1a: Kyurem
|
|-weather|SunnyDay|[upkeep]
|upkeep
|
|t:|1779800436
|switch|p2a: Resevoir slogs|Walking Wake|100/100
|-damage|p2a: Resevoir slogs|88/100|[from] Spikes
|-activate|p2a: Resevoir slogs|ability: Protosynthesis
|-start|p2a: Resevoir slogs|protosynthesisspe
|turn|13
|inactive|Superhjkdetective has 90 seconds left.
|
|t:|1779800467
|-terastallize|p1a: Kyurem|Ice
|move|p2a: Resevoir slogs|Draco Meteor|p1a: Kyurem
|-damage|p1a: Kyurem|39/100
|-unboost|p2a: Resevoir slogs|spa|2
|move|p1a: Kyurem|Freeze-Dry|p2a: Resevoir slogs
|-supereffective|p2a: Resevoir slogs
|-damage|p2a: Resevoir slogs|0 fnt
|faint|p2a: Resevoir slogs
|-end|p2a: Resevoir slogs|Protosynthesis|[silent]
|
|-weather|SunnyDay|[upkeep]
|upkeep
|
|t:|1779800474
|switch|p2a: Angry Nut|Raging Bolt|100/100
|-damage|p2a: Angry Nut|88/100|[from] Spikes
|-activate|p2a: Angry Nut|ability: Protosynthesis
|-start|p2a: Angry Nut|protosynthesisspa
|turn|14
|j| MiniLarry
|
|t:|1779800486
|move|p1a: Kyurem|Freeze-Dry|p2a: Angry Nut
|-supereffective|p2a: Angry Nut
|-damage|p2a: Angry Nut|0 fnt
|faint|p2a: Angry Nut
|-end|p2a: Angry Nut|Protosynthesis|[silent]
|
|-weather|SunnyDay|[upkeep]
|upkeep
|
|t:|1779800488
|switch|p2a: 2.f4|Kingambit, F|100/100
|-activate|p2a: 2.f4|ability: Supreme Overlord
|-start|p2a: 2.f4|fallen5|[silent]
|-item|p2a: 2.f4|Air Balloon
|turn|15
|
|t:|1779800491
|switch|p1a: Great Tusk|Great Tusk|100/100
|-activate|p1a: Great Tusk|ability: Protosynthesis
|-start|p1a: Great Tusk|protosynthesisatk
|move|p2a: 2.f4|Swords Dance|p2a: 2.f4
|-boost|p2a: 2.f4|atk|2
|
|-weather|SunnyDay|[upkeep]
|upkeep
|turn|16
|
|t:|1779800494
|move|p1a: Great Tusk|Close Combat|p2a: 2.f4
|-supereffective|p2a: 2.f4
|-damage|p2a: 2.f4|0 fnt
|-unboost|p1a: Great Tusk|def|1
|-unboost|p1a: Great Tusk|spd|1
|-enditem|p2a: 2.f4|Air Balloon
|faint|p2a: 2.f4
|-end|p2a: 2.f4|fallen5|[silent]
|
|win|Superhjkdetective
|raw|Superhjkdetective's rating: 1786 &rarr; <strong>1810</strong><br />(+24 for winning)
|raw|slitherwing ily &gt;&lt;'s rating: 1858 &rarr; <strong>1834</strong><br />(-24 for losing)
|c|☆slitherwing ily ><|gg
|l|☆slitherwing ily ><
|player|p2|
|l| MiniLarry
|l| SUBMACHINEGOTH
|l|☆Superhjkdetective
|player|p1|
