|j|☆benjibabe
|j|☆shauryagarchamp
|t:|1779871079
|gametype|singles
|player|p1|benjibabe|169|1160
|player|p2|shauryagarchamp|elesa-masters3|1203
|gen|9
|tier|[Gen 9] OU
|rated|
|rule|HP Percentage Mod: HP is shown in percentages
|rule|Endless Battle Clause: Forcing endless battles is banned
|rule|Species Clause: Limit one of each Pokémon
|rule|OHKO Clause: OHKO moves are banned
|rule|Evasion Items Clause: Evasion items are banned
|rule|Evasion Moves Clause: Evasion moves are banned
|rule|Evasion Abilities Clause: Evasion abilities are banned
|rule|Sleep Moves Clause: Sleep-inducing moves are banned
|clearpoke
|poke|p1|Hydrapple, M|
|poke|p1|Tyranitar, F|
|poke|p1|Moltres|
|poke|p1|Zamazenta-*|
|poke|p1|Slowking-Galar, M|
|poke|p1|Excadrill, F|
|poke|p2|Iron Boulder|
|poke|p2|Ceruledge, M|
|poke|p2|Raging Bolt|
|poke|p2|Iron Valiant|
|poke|p2|Ogerpon-Wellspring, F|
|poke|p2|Kingambit, M|
|teampreview
|inactive|Battle timer is ON: inactive players will automatically lose when time's up. (requested by shauryagarchamp)
|
|t:|1779871088
|teamsize|p1|6
|teamsize|p2|6
|start
|switch|p1a: Tyranitar|Tyranitar, F|100/100
|switch|p2a: Priorlessfastturn1|Iron Boulder|100/100
|-weather|Sandstorm|[from] ability: Sand Stream|[of] p1a: Tyranitar
|-enditem|p2a: Priorlessfastturn1|Booster Energy
|-activate|p2a: Priorlessfastturn1|ability: Quark Drive|[fromitem]
|-start|p2a: Priorlessfastturn1|quarkdrivespe
|turn|1
|
|t:|1779871113
|move|p2a: Priorlessfastturn1|Taunt|p1a: Tyranitar
|-start|p1a: Tyranitar|move: Taunt
|move|p1a: Tyranitar|Knock Off|p2a: Priorlessfastturn1
|-supereffective|p2a: Priorlessfastturn1
|-damage|p2a: Priorlessfastturn1|23/100
|
|-weather|Sandstorm|[upkeep]
|upkeep
|turn|2
|
|t:|1779871121
|move|p2a: Priorlessfastturn1|Mighty Cleave|p1a: Tyranitar
|-damage|p1a: Tyranitar|63/100
|move|p1a: Tyranitar|Knock Off|p2a: Priorlessfastturn1
|-supereffective|p2a: Priorlessfastturn1
|-damage|p2a: Priorlessfastturn1|0 fnt
|faint|p2a: Priorlessfastturn1
|-end|p2a: Priorlessfastturn1|Quark Drive|[silent]
|
|-weather|Sandstorm|[upkeep]
|upkeep
|
|t:|1779871132
|switch|p2a: Ogerpon|Ogerpon-Wellspring, F|100/100
|turn|3
|
|t:|1779871146
|switch|p1a: Slowking|Slowking-Galar, M|100/100
|move|p2a: Ogerpon|Swords Dance|p2a: Ogerpon
|-boost|p2a: Ogerpon|atk|2
|
|-weather|Sandstorm|[upkeep]
|-damage|p2a: Ogerpon|95/100|[from] Sandstorm
|-damage|p1a: Slowking|94/100|[from] Sandstorm
|upkeep
|turn|4
|
|t:|1779871155
|-terastallize|p2a: Ogerpon|Water
|detailschange|p2a: Ogerpon|Ogerpon-Wellspring-Tera, F, tera:Water
|-ability|p2a: Ogerpon|Embody Aspect (Wellspring)|boost
|-boost|p2a: Ogerpon|spd|1
|-terastallize|p1a: Slowking|Grass
|move|p2a: Ogerpon|Ivy Cudgel|p1a: Slowking|[anim] Ivy Cudgel Water
|-resisted|p1a: Slowking
|-crit|p1a: Slowking
|-damage|p1a: Slowking|1/100
|move|p1a: Slowking|Sludge Bomb|p2a: Ogerpon
|-damage|p2a: Ogerpon|65/100
|
|-weather|Sandstorm|[upkeep]
|-damage|p2a: Ogerpon|59/100|[from] Sandstorm
|-damage|p1a: Slowking|0 fnt|[from] Sandstorm
|faint|p1a: Slowking
|upkeep
|
|t:|1779871164
|switch|p1a: Zamazenta|Zamazenta|100/100
|-ability|p1a: Zamazenta|Dauntless Shield|boost
|-boost|p1a: Zamazenta|def|1
|turn|5
|
|t:|1779871174
|move|p1a: Zamazenta|Body Press|p2a: Ogerpon
|-damage|p2a: Ogerpon|0 fnt
|faint|p2a: Ogerpon
|detailschange|p2: Ogerpon|Ogerpon-Wellspring, F|[silent]
|
|-weather|Sandstorm|[upkeep]
|-damage|p1a: Zamazenta|94/100|[from] Sandstorm
|-heal|p1a: Zamazenta|100/100|[from] item: Leftovers
|upkeep
|
|t:|1779871185
|switch|p2a: Iron Valiant|Iron Valiant|100/100
|-enditem|p2a: Iron Valiant|Booster Energy
|-activate|p2a: Iron Valiant|ability: Quark Drive|[fromitem]
|-start|p2a: Iron Valiant|quarkdrivespe
|turn|6
|
|t:|1779871197
|switch|p1a: Moltres|Moltres|100/100
|move|p2a: Iron Valiant|Moonblast|p1a: Moltres
|-resisted|p1a: Moltres
|-damage|p1a: Moltres|77/100
|
|-weather|Sandstorm|[upkeep]
|-damage|p2a: Iron Valiant|94/100|[from] Sandstorm
|-damage|p1a: Moltres|71/100|[from] Sandstorm
|upkeep
|turn|7
|
|t:|1779871206
|-end|p2a: Iron Valiant|Quark Drive|[silent]
|switch|p2a: Ceruledge|Ceruledge, M|100/100
|move|p1a: Moltres|Flamethrower|p2a: Ceruledge
|-start|p2a: Ceruledge|ability: Flash Fire
|
|-weather|Sandstorm|[upkeep]
|-damage|p1a: Moltres|65/100|[from] Sandstorm
|-damage|p2a: Ceruledge|94/100|[from] Sandstorm
|upkeep
|turn|8
|inactive|benjibabe has 120 seconds left.
|
|t:|1779871241
|move|p1a: Moltres|Roost|p1a: Moltres
|-heal|p1a: Moltres|100/100
|-singleturn|p1a: Moltres|move: Roost
|move|p2a: Ceruledge|Swords Dance|p2a: Ceruledge
|-boost|p2a: Ceruledge|atk|2
|
|-weather|none
|upkeep
|turn|9
|inactive|benjibabe has 120 seconds left.
|
|t:|1779871262
|move|p2a: Ceruledge|Swords Dance|p2a: Ceruledge
|-boost|p2a: Ceruledge|atk|2
|move|p1a: Moltres|Roar|p2a: Ceruledge
|-end|p2a: Ceruledge|ability: Flash Fire|[silent]
|drag|p2a: Iron Valiant|Iron Valiant|94/100
|
|upkeep
|turn|10
|
|t:|1779871270
|-end|p2a: Iron Valiant|Quark Drive|[silent]
|switch|p2a: Ceruledge|Ceruledge, M|94/100
|move|p1a: Moltres|U-turn|p2a: Ceruledge
|-resisted|p2a: Ceruledge
|-damage|p2a: Ceruledge|90/100
|
|t:|1779871278
|switch|p1a: Tyranitar|Tyranitar, F|63/100|[from] U-turn
|-weather|Sandstorm|[from] ability: Sand Stream|[of] p1a: Tyranitar
|
|-weather|Sandstorm|[upkeep]
|-damage|p2a: Ceruledge|84/100|[from] Sandstorm
|upkeep
|turn|11
|
|t:|1779871284
|move|p2a: Ceruledge|Close Combat|p1a: Tyranitar
|-supereffective|p1a: Tyranitar
|-damage|p1a: Tyranitar|0 fnt
|-unboost|p2a: Ceruledge|def|1
|-unboost|p2a: Ceruledge|spd|1
|faint|p1a: Tyranitar
|
|-weather|Sandstorm|[upkeep]
|-damage|p2a: Ceruledge|78/100|[from] Sandstorm
|upkeep
|
|t:|1779871290
|switch|p1a: Excadrill|Excadrill, F|100/100
|-item|p1a: Excadrill|Air Balloon
|turn|12
|
|t:|1779871297
|switch|p2a: Idkifiamgudornot|Kingambit, M|100/100
|-activate|p2a: Idkifiamgudornot|ability: Supreme Overlord
|-start|p2a: Idkifiamgudornot|fallen2|[silent]
|-item|p2a: Idkifiamgudornot|Air Balloon
|move|p1a: Excadrill|Earthquake|p2a: Idkifiamgudornot
|-immune|p2a: Idkifiamgudornot
|
|-weather|Sandstorm|[upkeep]
|upkeep
|turn|13
|
|t:|1779871313
|move|p1a: Excadrill|Iron Head|p2a: Idkifiamgudornot
|-resisted|p2a: Idkifiamgudornot
|-damage|p2a: Idkifiamgudornot|86/100
|-enditem|p2a: Idkifiamgudornot|Air Balloon
|move|p2a: Idkifiamgudornot|Swords Dance|p2a: Idkifiamgudornot
|-boost|p2a: Idkifiamgudornot|atk|2
|
|-weather|Sandstorm|[upkeep]
|upkeep
|turn|14
|
|t:|1779871327
|move|p1a: Excadrill|Earthquake|p2a: Idkifiamgudornot
|-supereffective|p2a: Idkifiamgudornot
|-damage|p2a: Idkifiamgudornot|15/100
|move|p2a: Idkifiamgudornot|Low Kick|p1a: Excadrill
|-supereffective|p1a: Excadrill
|-damage|p1a: Excadrill|0 fnt
|-enditem|p1a: Excadrill|Air Balloon
|faint|p1a: Excadrill
|
|-weather|Sandstorm|[upkeep]
|upkeep
|
|t:|1779871333
|switch|p1a: Moltres|Moltres|100/100
|turn|15
|
|t:|1779871341
|move|p2a: Idkifiamgudornot|Sucker Punch|p1a: Moltres
|-crit|p1a: Moltres
|-damage|p1a: Moltres|0 fnt
|faint|p1a: Moltres
|
|-weather|Sandstorm|[upkeep]
|upkeep
|
|t:|1779871344
|switch|p1a: Zamazenta|Zamazenta|100/100
|turn|16
|
|t:|1779871354
|move|p1a: Zamazenta|Iron Defense|p1a: Zamazenta
|-boost|p1a: Zamazenta|def|2
|move|p2a: Idkifiamgudornot|Swords Dance|p2a: Idkifiamgudornot
|-boost|p2a: Idkifiamgudornot|atk|2
|
|-weather|Sandstorm|[upkeep]
|-damage|p1a: Zamazenta|94/100|[from] Sandstorm
|-heal|p1a: Zamazenta|100/100|[from] item: Leftovers
|upkeep
|turn|17
|
|t:|1779871370
|move|p2a: Idkifiamgudornot|Sucker Punch||[still]
|-fail|p2a: Idkifiamgudornot
|move|p1a: Zamazenta|Iron Defense|p1a: Zamazenta
|-boost|p1a: Zamazenta|def|2
|
|-weather|none
|upkeep
|turn|18
|
|t:|1779871383
|move|p2a: Idkifiamgudornot|Sucker Punch||[still]
|-fail|p2a: Idkifiamgudornot
|move|p1a: Zamazenta|Roar|p2a: Idkifiamgudornot
|-end|p2a: Idkifiamgudornot|fallen2|[silent]
|drag|p2a: Iron Valiant|Iron Valiant|94/100
|
|upkeep
|turn|19
|
|t:|1779871393
|move|p1a: Zamazenta|Body Press|p2a: Iron Valiant
|-resisted|p2a: Iron Valiant
|-damage|p2a: Iron Valiant|17/100
|move|p2a: Iron Valiant|Moonblast|p1a: Zamazenta
|-supereffective|p1a: Zamazenta
|-damage|p1a: Zamazenta|9/100
|
|-heal|p1a: Zamazenta|16/100|[from] item: Leftovers
|upkeep
|turn|20
|
|t:|1779871406
|move|p1a: Zamazenta|Body Press|p2a: Iron Valiant
|-resisted|p2a: Iron Valiant
|-damage|p2a: Iron Valiant|0 fnt
|faint|p2a: Iron Valiant
|-end|p2a: Iron Valiant|Quark Drive|[silent]
|
|-heal|p1a: Zamazenta|22/100|[from] item: Leftovers
|upkeep
|
|t:|1779871413
|switch|p2a: Idkifiamgudornot|Kingambit, M|15/100
|-activate|p2a: Idkifiamgudornot|ability: Supreme Overlord
|-start|p2a: Idkifiamgudornot|fallen3|[silent]
|turn|21
|
|t:|1779871418
|move|p2a: Idkifiamgudornot|Swords Dance|p2a: Idkifiamgudornot
|-boost|p2a: Idkifiamgudornot|atk|2
|move|p1a: Zamazenta|Roar|p2a: Idkifiamgudornot
|-end|p2a: Idkifiamgudornot|fallen3|[silent]
|drag|p2a: Raging Bolt|Raging Bolt|100/100
|-enditem|p2a: Raging Bolt|Booster Energy
|-activate|p2a: Raging Bolt|ability: Protosynthesis|[fromitem]
|-start|p2a: Raging Bolt|protosynthesisspa
|
|-heal|p1a: Zamazenta|28/100|[from] item: Leftovers
|upkeep
|turn|22
|
|t:|1779871430
|move|p2a: Raging Bolt|Thunderclap|p1a: Zamazenta
|-damage|p1a: Zamazenta|0 fnt
|faint|p1a: Zamazenta
|
|upkeep
|
|t:|1779871433
|switch|p1a: Hydrapple|Hydrapple, M|100/100
|turn|23
|
|t:|1779871438
|move|p2a: Raging Bolt|Calm Mind|p2a: Raging Bolt
|-boost|p2a: Raging Bolt|spa|1
|-boost|p2a: Raging Bolt|spd|1
|move|p1a: Hydrapple|Fickle Beam|p2a: Raging Bolt|[anim] Fickle Beam All Out
|-activate|p1a: Hydrapple|move: Fickle Beam
|-supereffective|p2a: Raging Bolt
|-damage|p2a: Raging Bolt|19/100
|
|upkeep
|turn|24
|
|t:|1779871449
|move|p2a: Raging Bolt|Dragon Pulse|p1a: Hydrapple
|-supereffective|p1a: Hydrapple
|-damage|p1a: Hydrapple|0 fnt
|faint|p1a: Hydrapple
|
|win|shauryagarchamp
|raw|benjibabe's rating: 1160 &rarr; <strong>1138</strong><br />(-22 for losing)
|raw|shauryagarchamp's rating: 1203 &rarr; <strong>1225</strong><br />(+22 for winning)
|l|☆benjibabe
|player|p1|
|l|☆shauryagarchamp
|player|p2|
