|j|☆ydyjyrdy
|j|☆Blaxophone
|t:|1779921760
|gametype|singles
|player|p1|ydyjyrdy|hilbert|1396
|player|p2|Blaxophone|170|1446
|gen|9
|tier|[Gen 9] OU
|rated|
|rule|HP Percentage Mod: HP is shown in percentages
|rule|Endless Battle Clause: Forcing endless battles is banned
|rule|Species Clause: Limit one of each Pokémon
|rule|OHKO Clause: OHKO moves are banned
|rule|Evasion Items Clause: Evasion items are banned
|rule|Evasion Moves Clause: Evasion moves are banned
|rule|Evasion Abilities Clause: Evasion abilities are banned
|rule|Sleep Moves Clause: Sleep-inducing moves are banned
|clearpoke
|poke|p1|Pelipper, M|
|poke|p1|Kilowattrel, M|
|poke|p1|Basculegion, M|
|poke|p1|Iron Treads|
|poke|p1|Raging Bolt|
|poke|p1|Kingambit, M|
|poke|p2|Ogerpon-Wellspring, F|
|poke|p2|Dragapult, F|
|poke|p2|Cinderace, F|
|poke|p2|Hatterene, F|
|poke|p2|Magnezone|
|poke|p2|Great Tusk|
|teampreview
|
|t:|1779921770
|teamsize|p1|6
|teamsize|p2|6
|start
|switch|p1a: Iron Treads|Iron Treads, shiny|100/100
|switch|p2a: Magnezone|Magnezone|100/100
|-enditem|p1a: Iron Treads|Booster Energy
|-activate|p1a: Iron Treads|ability: Quark Drive|[fromitem]
|-start|p1a: Iron Treads|quarkdrivespe
|turn|1
|
|t:|1779921782
|switch|p2a: Ogerpon|Ogerpon-Wellspring, F|100/100
|move|p1a: Iron Treads|Earthquake|p2a: Ogerpon
|-resisted|p2a: Ogerpon
|-damage|p2a: Ogerpon|68/100
|
|upkeep
|turn|2
|
|t:|1779921796
|-end|p1a: Iron Treads|Quark Drive|[silent]
|switch|p1a: Kilowattrel|Kilowattrel, M|100/100
|-terastallize|p2a: Ogerpon|Water
|detailschange|p2a: Ogerpon|Ogerpon-Wellspring-Tera, F, tera:Water
|-ability|p2a: Ogerpon|Embody Aspect (Wellspring)|boost
|-boost|p2a: Ogerpon|spd|1
|move|p2a: Ogerpon|Ivy Cudgel|p1a: Kilowattrel|[anim] Ivy Cudgel Water
|-damage|p1a: Kilowattrel|0 fnt
|faint|p1a: Kilowattrel
|
|upkeep
|
|t:|1779921808
|switch|p1a: Raging Bolt|Raging Bolt|100/100
|-enditem|p1a: Raging Bolt|Booster Energy
|-activate|p1a: Raging Bolt|ability: Protosynthesis|[fromitem]
|-start|p1a: Raging Bolt|protosynthesisspa
|turn|3
|
|t:|1779921818
|switch|p2a: Great Tusk|Great Tusk|100/100
|-enditem|p2a: Great Tusk|Booster Energy
|-activate|p2a: Great Tusk|ability: Protosynthesis|[fromitem]
|-start|p2a: Great Tusk|protosynthesisatk
|move|p1a: Raging Bolt|Thunderbolt|p2a: Great Tusk
|-immune|p2a: Great Tusk
|
|upkeep
|turn|4
|
|t:|1779921827
|-end|p1a: Raging Bolt|Protosynthesis|[silent]
|switch|p1a: Pelipper|Pelipper, M|100/100
|-weather|RainDance|[from] ability: Drizzle|[of] p1a: Pelipper
|move|p2a: Great Tusk|Close Combat|p1a: Pelipper
|-resisted|p1a: Pelipper
|-damage|p1a: Pelipper|67/100
|-unboost|p2a: Great Tusk|def|1
|-unboost|p2a: Great Tusk|spd|1
|
|-weather|RainDance|[upkeep]
|upkeep
|turn|5
|
|t:|1779921838
|-end|p2a: Great Tusk|Protosynthesis|[silent]
|switch|p2a: Magnezone|Magnezone|100/100
|move|p1a: Pelipper|Weather Ball|p2a: Magnezone
|-damage|p2a: Magnezone|49/100
|
|-weather|RainDance|[upkeep]
|upkeep
|turn|6
|
|t:|1779921850
|switch|p1a: Raging Bolt|Raging Bolt|100/100
|move|p2a: Magnezone|Thunderbolt|p1a: Raging Bolt
|-resisted|p1a: Raging Bolt
|-crit|p1a: Raging Bolt
|-damage|p1a: Raging Bolt|67/100
|
|-weather|RainDance|[upkeep]
|upkeep
|turn|7
|
|t:|1779921863
|move|p1a: Raging Bolt|Weather Ball|p2a: Magnezone
|-damage|p2a: Magnezone|0 fnt
|faint|p2a: Magnezone
|
|-weather|RainDance|[upkeep]
|upkeep
|inactive|Battle timer is ON: inactive players will automatically lose when time's up. (requested by ydyjyrdy)
|l|☆Blaxophone
|inactive|Blaxophone disconnected and has a minute to reconnect!
|player|p2|
|j|☆Blaxophone
|inactive|Blaxophone reconnected and has 125 seconds left.
|player|p2|Blaxophone|170|
|inactive|Blaxophone has 120 seconds left.
|
|t:|1779921942
|switch|p2a: Dragapult|Dragapult, F|100/100
|turn|8
|
|t:|1779921950
|-terastallize|p1a: Raging Bolt|Fairy
|move|p2a: Dragapult|U-turn|p1a: Raging Bolt
|-resisted|p1a: Raging Bolt
|-damage|p1a: Raging Bolt|54/100
|
|t:|1779921959
|switch|p2a: Hatterene|Hatterene, F|100/100|[from] U-turn
|move|p1a: Raging Bolt|Draco Meteor|p2a: Hatterene
|-immune|p2a: Hatterene
|
|-weather|RainDance|[upkeep]
|upkeep
|turn|9
|
|t:|1779921970
|switch|p2a: Great Tusk|Great Tusk|100/100
|move|p1a: Raging Bolt|Weather Ball|p2a: Great Tusk
|-supereffective|p2a: Great Tusk
|-damage|p2a: Great Tusk|0 fnt
|faint|p2a: Great Tusk
|-end|p2a: Great Tusk|Protosynthesis|[silent]
|
|-weather|RainDance|[upkeep]
|upkeep
|-message|Blaxophone forfeited.
|
|win|ydyjyrdy
|raw|ydyjyrdy's rating: 1396 &rarr; <strong>1419</strong><br />(+23 for winning)
|raw|Blaxophone's rating: 1446 &rarr; <strong>1423</strong><br />(-23 for losing)
|l|☆Blaxophone
|player|p2|
|l|☆ydyjyrdy
|player|p1|
|j|☆Blaxophone
|player|p2|Blaxophone|170|
|l|☆Blaxophone
|player|p2|
