|j|☆claudechamp
|j|☆buyijklkm
|t:|1779884702
|gametype|singles
|player|p1|claudechamp|169|1330
|player|p2|buyijklkm|1|1283
|gen|9
|tier|[Gen 9] OU
|rated|
|rule|HP Percentage Mod: HP is shown in percentages
|rule|Endless Battle Clause: Forcing endless battles is banned
|rule|Species Clause: Limit one of each Pokémon
|rule|OHKO Clause: OHKO moves are banned
|rule|Evasion Items Clause: Evasion items are banned
|rule|Evasion Moves Clause: Evasion moves are banned
|rule|Evasion Abilities Clause: Evasion abilities are banned
|rule|Sleep Moves Clause: Sleep-inducing moves are banned
|clearpoke
|poke|p1|Gliscor, F|
|poke|p1|Ogerpon, F|
|poke|p1|Walking Wake|
|poke|p1|Blissey, F|
|poke|p1|Corviknight, M|
|poke|p1|Pecharunt|
|poke|p2|Feraligatr, F|
|poke|p2|Araquanid, M|
|poke|p2|Gholdengo|
|poke|p2|Ceruledge, M|
|poke|p2|Raging Bolt|
|poke|p2|Kyurem|
|teampreview
|inactive|Battle timer is ON: inactive players will automatically lose when time's up. (requested by buyijklkm)
|c|☆claudechamp|hf
|inactive|claudechamp also wants the timer to be on.
|
|t:|1779884716
|teamsize|p1|6
|teamsize|p2|6
|start
|switch|p1a: Gliscor|Gliscor, F|100/100
|switch|p2a: Freshwater|Feraligatr, F|100/100
|turn|1
|
|t:|1779884721
|move|p2a: Freshwater|Ice Punch|p1a: Gliscor
|-supereffective|p1a: Gliscor
|-damage|p1a: Gliscor|0 fnt
|faint|p1a: Gliscor
|
|upkeep
|
|t:|1779884729
|switch|p1a: Blissey|Blissey, F|100/100
|turn|2
|
|t:|1779884733
|move|p2a: Freshwater|Liquidation|p1a: Blissey
|-damage|p1a: Blissey|25/100
|move|p1a: Blissey|Stealth Rock|p2a: Freshwater
|-sidestart|p2: buyijklkm|move: Stealth Rock
|
|upkeep
|turn|3
|
|t:|1779884739
|switch|p1a: Pecharunt|Pecharunt|100/100
|move|p2a: Freshwater|Ice Punch|p1a: Pecharunt
|-damage|p1a: Pecharunt|81/100
|
|upkeep
|turn|4
|
|t:|1779884742
|move|p2a: Freshwater|Crunch|p1a: Pecharunt
|-supereffective|p1a: Pecharunt
|-damage|p1a: Pecharunt|40/100
|move|p1a: Pecharunt|Malignant Chain|p2a: Freshwater
|-damage|p2a: Freshwater|62/100
|
|upkeep
|turn|5
|
|t:|1779884746
|-terastallize|p1a: Pecharunt|Dark
|move|p2a: Freshwater|Crunch|p1a: Pecharunt
|-resisted|p1a: Pecharunt
|-damage|p1a: Pecharunt|29/100
|move|p1a: Pecharunt|Recover|p1a: Pecharunt
|-heal|p1a: Pecharunt|79/100
|
|upkeep
|turn|6
|
|t:|1779884751
|move|p2a: Freshwater|Swords Dance|p2a: Freshwater
|-boost|p2a: Freshwater|atk|2
|move|p1a: Pecharunt|Foul Play|p2a: Freshwater
|-crit|p2a: Freshwater
|-damage|p2a: Freshwater|0 fnt
|faint|p2a: Freshwater
|
|upkeep
|
|t:|1779884775
|switch|p2a: Shimo|Kyurem|100/100
|-damage|p2a: Shimo|76/100|[from] Stealth Rock
|-ability|p2a: Shimo|Pressure
|turn|7
|
|t:|1779884782
|move|p2a: Shimo|Dragon Dance|p2a: Shimo
|-boost|p2a: Shimo|atk|1
|-boost|p2a: Shimo|spe|1
|move|p1a: Pecharunt|Parting Shot|p2a: Shimo
|-unboost|p2a: Shimo|atk|1
|-unboost|p2a: Shimo|spa|1
|
|t:|1779884788
|switch|p1a: Corviknight|Corviknight, M|100/100|[from] Parting Shot
|-ability|p1a: Corviknight|Pressure
|
|upkeep
|turn|8
|
|t:|1779884793
|move|p2a: Shimo|Icicle Spear|p1a: Corviknight
|-damage|p1a: Corviknight|92/100
|-damage|p1a: Corviknight|83/100
|-damage|p1a: Corviknight|74/100
|-damage|p1a: Corviknight|64/100
|-damage|p1a: Corviknight|56/100
|-hitcount|p1a: Corviknight|5
|move|p1a: Corviknight|Body Press|p2a: Shimo
|-supereffective|p2a: Shimo
|-crit|p2a: Shimo
|-damage|p2a: Shimo|6/100
|
|upkeep
|turn|9
|
|t:|1779884801
|move|p2a: Shimo|Icicle Spear|p1a: Corviknight
|-crit|p1a: Corviknight
|-damage|p1a: Corviknight|43/100
|-damage|p1a: Corviknight|34/100
|-damage|p1a: Corviknight|25/100
|-damage|p1a: Corviknight|16/100
|-hitcount|p1a: Corviknight|4
|move|p1a: Corviknight|Thief|p2a: Shimo
|-damage|p2a: Shimo|0 fnt
|faint|p2a: Shimo
|
|upkeep
|
|t:|1779884817
|switch|p2a: Dewdrop|Araquanid, M|100/100
|-damage|p2a: Dewdrop|75/100|[from] Stealth Rock
|turn|10
|
|t:|1779884822
|move|p1a: Corviknight|Roost|p1a: Corviknight
|-heal|p1a: Corviknight|66/100
|-singleturn|p1a: Corviknight|move: Roost
|move|p2a: Dewdrop|Sticky Web|p1a: Corviknight
|-sidestart|p1: claudechamp|move: Sticky Web
|
|upkeep
|turn|11
|
|t:|1779884827
|switch|p2a: Goldylocks|Gholdengo|100/100
|-damage|p2a: Goldylocks|94/100|[from] Stealth Rock
|-item|p2a: Goldylocks|Air Balloon
|move|p1a: Corviknight|Roost|p1a: Corviknight
|-heal|p1a: Corviknight|100/100
|-singleturn|p1a: Corviknight|move: Roost
|
|upkeep
|turn|12
|
|t:|1779884830
|move|p2a: Goldylocks|Nasty Plot|p2a: Goldylocks
|-boost|p2a: Goldylocks|spa|2
|move|p1a: Corviknight|U-turn|p2a: Goldylocks
|-resisted|p2a: Goldylocks
|-damage|p2a: Goldylocks|91/100
|-enditem|p2a: Goldylocks|Air Balloon
|
|t:|1779884834
|switch|p1a: Ogerpon|Ogerpon, F|100/100|[from] U-turn
|
|upkeep
|turn|13
|
|t:|1779884846
|-terastallize|p2a: Goldylocks|Fairy
|move|p1a: Ogerpon|Knock Off|p2a: Goldylocks
|-resisted|p2a: Goldylocks
|-damage|p2a: Goldylocks|78/100
|move|p2a: Goldylocks|Dazzling Gleam|p1a: Ogerpon
|-damage|p1a: Ogerpon|0 fnt
|faint|p1a: Ogerpon
|
|upkeep
|
|t:|1779884851
|switch|p1a: Walking Wake|Walking Wake|100/100
|turn|14
|
|t:|1779884858
|move|p1a: Walking Wake|Surf|p2a: Goldylocks
|-damage|p2a: Goldylocks|27/100
|move|p2a: Goldylocks|Dazzling Gleam|p1a: Walking Wake
|-supereffective|p1a: Walking Wake
|-damage|p1a: Walking Wake|0 fnt
|faint|p1a: Walking Wake
|-end|p1a: Walking Wake|Protosynthesis|[silent]
|
|upkeep
|
|t:|1779884862
|switch|p1a: Corviknight|Corviknight, M|100/100
|-ability|p1a: Corviknight|Pressure
|turn|15
|
|t:|1779884868
|move|p2a: Goldylocks|Recover|p2a: Goldylocks
|-heal|p2a: Goldylocks|77/100
|move|p1a: Corviknight|Body Press|p2a: Goldylocks
|-resisted|p2a: Goldylocks
|-damage|p2a: Goldylocks|61/100
|
|upkeep
|turn|16
|
|t:|1779884875
|move|p2a: Goldylocks|Shadow Ball|p1a: Corviknight
|-damage|p1a: Corviknight|6/100
|move|p1a: Corviknight|Body Press|p2a: Goldylocks
|-resisted|p2a: Goldylocks
|-damage|p2a: Goldylocks|46/100
|
|upkeep
|turn|17
|
|t:|1779884881
|switch|p1a: Blissey|Blissey, F|25/100
|move|p2a: Goldylocks|Recover|p2a: Goldylocks
|-heal|p2a: Goldylocks|96/100
|
|upkeep
|turn|18
|
|t:|1779884889
|move|p2a: Goldylocks|Dazzling Gleam|p1a: Blissey
|-damage|p1a: Blissey|0 fnt
|faint|p1a: Blissey
|
|upkeep
|
|t:|1779884893
|switch|p1a: Pecharunt|Pecharunt, tera:Dark|79/100
|turn|19
|c|☆buyijklkm|Gg
|
|t:|1779884902
|move|p2a: Goldylocks|Dazzling Gleam|p1a: Pecharunt
|-supereffective|p1a: Pecharunt
|-damage|p1a: Pecharunt|0 fnt
|faint|p1a: Pecharunt
|
|upkeep
|
|t:|1779884911
|switch|p1a: Corviknight|Corviknight, M|6/100
|-ability|p1a: Corviknight|Pressure
|turn|20
|
|t:|1779884918
|move|p2a: Goldylocks|Dazzling Gleam|p1a: Corviknight
|-resisted|p1a: Corviknight
|-damage|p1a: Corviknight|0 fnt
|faint|p1a: Corviknight
|
|win|buyijklkm
|raw|claudechamp's rating: 1308 &rarr; <strong>1287</strong><br />(-21 for losing)
|raw|buyijklkm's rating: 1283 &rarr; <strong>1310</strong><br />(+27 for winning)
|c|☆claudechamp|gg
|l|☆buyijklkm
|player|p2|
|l|☆claudechamp
|player|p1|
