|j|☆Nuke_sx
|j|☆leoisreallysmart
|t:|1779922512
|gametype|singles
|player|p1|Nuke_sx|pokemonranger-gen4|1090
|player|p2|leoisreallysmart|2|1105
|gen|9
|tier|[Gen 9] OU
|rated|
|rule|HP Percentage Mod: HP is shown in percentages
|rule|Endless Battle Clause: Forcing endless battles is banned
|rule|Species Clause: Limit one of each Pokémon
|rule|OHKO Clause: OHKO moves are banned
|rule|Evasion Items Clause: Evasion items are banned
|rule|Evasion Moves Clause: Evasion moves are banned
|rule|Evasion Abilities Clause: Evasion abilities are banned
|rule|Sleep Moves Clause: Sleep-inducing moves are banned
|clearpoke
|poke|p1|Gengar, M|
|poke|p1|Gholdengo|
|poke|p1|Great Tusk|
|poke|p1|Dragonite, M|
|poke|p1|Toxapex, F|
|poke|p1|Corviknight, F|
|poke|p2|Whimsicott, F|
|poke|p2|Hoopa|
|poke|p2|Sneasel-Hisui, M|
|poke|p2|Mandibuzz, F|
|poke|p2|Oricorio, F|
|poke|p2|Golem, M|
|teampreview
|
|t:|1779922527
|teamsize|p1|6
|teamsize|p2|6
|start
|switch|p1a: Great Tusk|Great Tusk|100/100
|switch|p2a: Golem|Golem, M|100/100
|turn|1
|
|t:|1779922543
|move|p1a: Great Tusk|Knock Off|p2a: Golem
|-damage|p2a: Golem|79/100
|-enditem|p2a: Golem|Custap Berry|[from] move: Knock Off|[of] p1a: Great Tusk
|move|p2a: Golem|Gyro Ball|p1a: Great Tusk
|-damage|p1a: Great Tusk|89/100
|
|-heal|p1a: Great Tusk|96/100|[from] item: Leftovers
|upkeep
|turn|2
|
|t:|1779922554
|move|p1a: Great Tusk|Earthquake|p2a: Golem
|-supereffective|p2a: Golem
|-damage|p2a: Golem|16/100
|move|p2a: Golem|Explosion|p1a: Great Tusk
|-damage|p1a: Great Tusk|50/100
|faint|p2a: Golem
|
|-heal|p1a: Great Tusk|57/100|[from] item: Leftovers
|upkeep
|
|t:|1779922560
|switch|p2a: Oricorio|Oricorio, F|100/100
|turn|3
|
|t:|1779922569
|move|p2a: Oricorio|Quiver Dance|p2a: Oricorio
|-boost|p2a: Oricorio|spa|1
|-boost|p2a: Oricorio|spd|1
|-boost|p2a: Oricorio|spe|1
|move|p1a: Great Tusk|Stealth Rock|p2a: Oricorio
|-sidestart|p2: leoisreallysmart|move: Stealth Rock
|
|-heal|p1a: Great Tusk|63/100|[from] item: Leftovers
|upkeep
|turn|4
|
|t:|1779922579
|move|p2a: Oricorio|Air Slash|p1a: Great Tusk
|-supereffective|p1a: Great Tusk
|-damage|p1a: Great Tusk|0 fnt
|faint|p1a: Great Tusk
|-end|p1a: Great Tusk|Protosynthesis|[silent]
|
|upkeep
|
|t:|1779922594
|switch|p1a: Gengar|Gengar, M|100/100
|turn|5
|
|t:|1779922604
|move|p2a: Oricorio|Revelation Dance|p1a: Gengar
|-damage|p1a: Gengar|0 fnt
|faint|p1a: Gengar
|
|upkeep
|
|t:|1779922613
|switch|p1a: Gholdengo|Gholdengo|100/100
|turn|6
|
|t:|1779922621
|switch|p1a: Toxapex|Toxapex, F|100/100
|-terastallize|p2a: Oricorio|Ice
|move|p2a: Oricorio|Revelation Dance|p1a: Toxapex
|-resisted|p1a: Toxapex
|-crit|p1a: Toxapex
|-damage|p1a: Toxapex|64/100
|
|-heal|p1a: Toxapex|71/100|[from] item: Black Sludge
|upkeep
|turn|7
|
|t:|1779922636
|move|p2a: Oricorio|Air Slash|p1a: Toxapex
|-damage|p1a: Toxapex|28/100
|cant|p1a: Toxapex|flinch
|
|-heal|p1a: Toxapex|34/100|[from] item: Black Sludge
|upkeep
|turn|8
|
|t:|1779922646
|switch|p1a: Corviknight|Corviknight, F|100/100
|-ability|p1a: Corviknight|Pressure
|move|p2a: Oricorio|Air Slash|p1a: Corviknight
|-resisted|p1a: Corviknight
|-damage|p1a: Corviknight|74/100
|
|-heal|p1a: Corviknight|80/100|[from] item: Leftovers
|upkeep
|turn|9
|
|t:|1779922659
|move|p2a: Oricorio|Quiver Dance|p2a: Oricorio
|-boost|p2a: Oricorio|spa|1
|-boost|p2a: Oricorio|spd|1
|-boost|p2a: Oricorio|spe|1
|move|p1a: Corviknight|Iron Defense|p1a: Corviknight
|-boost|p1a: Corviknight|def|2
|
|-heal|p1a: Corviknight|87/100|[from] item: Leftovers
|upkeep
|turn|10
|
|t:|1779922669
|move|p2a: Oricorio|Revelation Dance|p1a: Corviknight
|-damage|p1a: Corviknight|5/100
|move|p1a: Corviknight|Iron Defense|p1a: Corviknight
|-boost|p1a: Corviknight|def|2
|
|-heal|p1a: Corviknight|11/100|[from] item: Leftovers
|upkeep
|turn|11
|
|t:|1779922694
|move|p2a: Oricorio|Revelation Dance|p1a: Corviknight
|-damage|p1a: Corviknight|0 fnt
|faint|p1a: Corviknight
|
|upkeep
|
|t:|1779922701
|switch|p1a: Toxapex|Toxapex, F|67/100
|turn|12
|
|t:|1779922706
|move|p2a: Oricorio|Air Slash|p1a: Toxapex
|-damage|p1a: Toxapex|9/100
|move|p1a: Toxapex|Haze|p1a: Toxapex
|-clearallboost
|
|-heal|p1a: Toxapex|15/100|[from] item: Black Sludge
|upkeep
|turn|13
|
|t:|1779922719
|move|p2a: Oricorio|Air Slash|p1a: Toxapex
|-damage|p1a: Toxapex|0 fnt
|faint|p1a: Toxapex
|
|upkeep
|
|t:|1779922724
|switch|p1a: Dragonite|Dragonite, M|100/100
|turn|14
|
|t:|1779922732
|-terastallize|p1a: Dragonite|Dragon
|move|p2a: Oricorio|Revelation Dance|p1a: Dragonite
|-supereffective|p1a: Dragonite
|-damage|p1a: Dragonite|66/100
|move|p1a: Dragonite|Scale Shot|p2a: Oricorio
|-damage|p2a: Oricorio|72/100
|-damage|p2a: Oricorio|40/100
|-hitcount|p2a: Oricorio|2
|-unboost|p1a: Dragonite|def|1
|-boost|p1a: Dragonite|spe|1
|
|upkeep
|turn|15
|
|t:|1779922758
|switch|p2a: Whimsicott|Whimsicott, F|100/100
|move|p1a: Dragonite|Scale Shot|p2a: Whimsicott
|-immune|p2a: Whimsicott
|
|upkeep
|turn|16
|
|t:|1779922766
|switch|p1a: Gholdengo|Gholdengo|100/100
|move|p2a: Whimsicott|Encore|p1a: Gholdengo
|-immune|p1a: Gholdengo|[from] ability: Good as Gold
|
|upkeep
|turn|17
|
|t:|1779922774
|move|p1a: Gholdengo|Trick|p2a: Whimsicott
|-activate|p1a: Gholdengo|move: Trick|[of] p2a: Whimsicott
|-item|p2a: Whimsicott|Choice Scarf|[from] move: Trick
|-item|p1a: Gholdengo|Heavy-Duty Boots|[from] move: Trick
|move|p2a: Whimsicott|U-turn|p1a: Gholdengo
|-resisted|p1a: Gholdengo
|-damage|p1a: Gholdengo|97/100
|
|t:|1779922791
|switch|p2a: Sneasel|Sneasel-Hisui, M|100/100|[from] U-turn
|-damage|p2a: Sneasel|95/100|[from] Stealth Rock
|
|upkeep
|turn|18
|
|t:|1779922820
|move|p2a: Sneasel|Throat Chop|p1a: Gholdengo
|-supereffective|p1a: Gholdengo
|-damage|p1a: Gholdengo|45/100
|-start|p1a: Gholdengo|Throat Chop|[silent]
|move|p1a: Gholdengo|Make It Rain|p2a: Sneasel
|-damage|p2a: Sneasel|24/100
|-unboost|p1a: Gholdengo|spa|1
|
|upkeep
|turn|19
|
|t:|1779922831
|move|p2a: Sneasel|Throat Chop|p1a: Gholdengo
|-supereffective|p1a: Gholdengo
|-damage|p1a: Gholdengo|0 fnt
|faint|p1a: Gholdengo
|
|upkeep
|
|t:|1779922836
|switch|p1a: Dragonite|Dragonite, M, tera:Dragon|66/100
|turn|20
|
|t:|1779922844
|move|p2a: Sneasel|Close Combat|p1a: Dragonite
|-damage|p1a: Dragonite|20/100
|-unboost|p2a: Sneasel|def|1
|-unboost|p2a: Sneasel|spd|1
|move|p1a: Dragonite|Dragon Dance|p1a: Dragonite
|-boost|p1a: Dragonite|atk|1
|-boost|p1a: Dragonite|spe|1
|
|upkeep
|turn|21
|
|t:|1779922854
|move|p2a: Sneasel|Close Combat|p1a: Dragonite
|-damage|p1a: Dragonite|0 fnt
|-unboost|p2a: Sneasel|def|1
|-unboost|p2a: Sneasel|spd|1
|faint|p1a: Dragonite
|
|win|leoisreallysmart
|raw|Nuke_sx's rating: 1090 &rarr; <strong>1068</strong><br />(-22 for losing)
|raw|leoisreallysmart's rating: 1105 &rarr; <strong>1129</strong><br />(+24 for winning)
|l|☆Nuke_sx
|player|p1|
|l|☆leoisreallysmart
|player|p2|
