|j|☆I'm evil and spicy
|j|☆FireSide_01
|t:|1779971936
|gametype|singles
|player|p1|I'm evil and spicy|clair|1582
|player|p2|FireSide_01|janine|1568
|gen|9
|tier|[Gen 9] OU
|rated|
|rule|HP Percentage Mod: HP is shown in percentages
|rule|Endless Battle Clause: Forcing endless battles is banned
|rule|Species Clause: Limit one of each Pokémon
|rule|OHKO Clause: OHKO moves are banned
|rule|Evasion Items Clause: Evasion items are banned
|rule|Evasion Moves Clause: Evasion moves are banned
|rule|Evasion Abilities Clause: Evasion abilities are banned
|rule|Sleep Moves Clause: Sleep-inducing moves are banned
|clearpoke
|poke|p1|Regieleki|
|poke|p1|Walking Wake|
|poke|p1|Whimsicott, M|
|poke|p1|Ninetales, F|
|poke|p1|Great Tusk|
|poke|p1|Iron Moth|
|poke|p2|Ninetales, F|
|poke|p2|Walking Wake|
|poke|p2|Typhlosion-Hisui, F|
|poke|p2|Great Tusk|
|poke|p2|Rillaboom, F|
|poke|p2|Raging Bolt|
|teampreview
|inactive|Battle timer is ON: inactive players will automatically lose when time's up. (requested by FireSide_01)
|
|t:|1779971970
|teamsize|p1|6
|teamsize|p2|6
|start
|switch|p1a: Walking Wake|Walking Wake|100/100
|switch|p2a: Raging Bolt|Raging Bolt|100/100
|turn|1
|inactive|FireSide_01 has 120 seconds left.
|
|t:|1779972007
|-terastallize|p2a: Raging Bolt|Fairy
|move|p1a: Walking Wake|Dragon Pulse|p2a: Raging Bolt
|-immune|p2a: Raging Bolt
|move|p2a: Raging Bolt|Dragon Pulse|p1a: Walking Wake
|-supereffective|p1a: Walking Wake
|-damage|p1a: Walking Wake|0 fnt
|faint|p1a: Walking Wake
|-end|p1a: Walking Wake|Protosynthesis|[silent]
|
|upkeep
|
|t:|1779972014
|switch|p1a: Iron Moth|Iron Moth|100/100
|turn|2
|
|t:|1779972022
|move|p1a: Iron Moth|Sludge Wave|p2a: Raging Bolt
|-supereffective|p2a: Raging Bolt
|-damage|p2a: Raging Bolt|10/100
|-damage|p1a: Iron Moth|91/100|[from] item: Life Orb
|move|p2a: Raging Bolt|Volt Switch|p1a: Iron Moth
|-damage|p1a: Iron Moth|48/100
|inactive|FireSide_01 has 120 seconds left.
|
|t:|1779972044
|-end|p2a: Raging Bolt|Protosynthesis|[silent]
|switch|p2a: Walking Wake|Walking Wake|100/100|[from] Volt Switch
|
|upkeep
|turn|3
|
|t:|1779972052
|-end|p1a: Iron Moth|Quark Drive|[silent]
|switch|p1a: Whimsicott|Whimsicott, M|100/100
|move|p2a: Walking Wake|Hydro Steam|p1a: Whimsicott
|-resisted|p1a: Whimsicott
|-damage|p1a: Whimsicott|54/100
|
|upkeep
|turn|4
|
|t:|1779972059
|-end|p2a: Walking Wake|Protosynthesis|[silent]
|switch|p2a: Raging Bolt|Raging Bolt, tera:Fairy|10/100
|move|p1a: Whimsicott|Moonblast|p2a: Raging Bolt
|-damage|p2a: Raging Bolt|0 fnt
|faint|p2a: Raging Bolt
|-end|p2a: Raging Bolt|Protosynthesis|[silent]
|-damage|p1a: Whimsicott|44/100|[from] item: Life Orb
|
|upkeep
|
|t:|1779972063
|switch|p2a: Typhlosion|Typhlosion-Hisui, F|100/100
|turn|5
|
|t:|1779972073
|switch|p1a: Ninetales|Ninetales, F|100/100
|-weather|SunnyDay|[from] ability: Drought|[of] p1a: Ninetales
|move|p2a: Typhlosion|Eruption|p1a: Ninetales
|-resisted|p1a: Ninetales
|-damage|p1a: Ninetales|44/100
|
|-weather|SunnyDay|[upkeep]
|upkeep
|turn|6
|
|t:|1779972081
|move|p2a: Typhlosion|Eruption|p1a: Ninetales
|-resisted|p1a: Ninetales
|-damage|p1a: Ninetales|0 fnt
|faint|p1a: Ninetales
|
|-weather|SunnyDay|[upkeep]
|upkeep
|
|t:|1779972086
|switch|p1a: Regieleki|Regieleki|100/100
|turn|7
|
|t:|1779972090
|switch|p2a: Great Tusk|Great Tusk|100/100
|-activate|p2a: Great Tusk|ability: Protosynthesis
|-start|p2a: Great Tusk|protosynthesisspe
|move|p1a: Regieleki|Volt Switch|p2a: Great Tusk
|-immune|p2a: Great Tusk
|
|-weather|SunnyDay|[upkeep]
|upkeep
|turn|8
|
|t:|1779972093
|switch|p1a: Great Tusk|Great Tusk|100/100
|-activate|p1a: Great Tusk|ability: Protosynthesis
|-start|p1a: Great Tusk|protosynthesisspe
|move|p2a: Great Tusk|Stealth Rock|p1a: Great Tusk
|-sidestart|p1: I'm evil and spicy|move: Stealth Rock
|
|-weather|SunnyDay|[upkeep]
|upkeep
|turn|9
|
|t:|1779972104
|-end|p2a: Great Tusk|Protosynthesis|[silent]
|switch|p2a: Walking Wake|Walking Wake|100/100
|-activate|p2a: Walking Wake|ability: Protosynthesis
|-start|p2a: Walking Wake|protosynthesisspa
|move|p1a: Great Tusk|Headlong Rush|p2a: Walking Wake
|-damage|p2a: Walking Wake|44/100
|-unboost|p1a: Great Tusk|def|1
|-unboost|p1a: Great Tusk|spd|1
|
|-weather|SunnyDay|[upkeep]
|upkeep
|turn|10
|
|t:|1779972110
|-end|p2a: Walking Wake|Protosynthesis|[silent]
|switch|p2a: Great Tusk|Great Tusk|100/100
|-activate|p2a: Great Tusk|ability: Protosynthesis
|-start|p2a: Great Tusk|protosynthesisspe
|move|p1a: Great Tusk|Headlong Rush|p2a: Great Tusk
|-damage|p2a: Great Tusk|65/100
|-unboost|p1a: Great Tusk|def|1
|-unboost|p1a: Great Tusk|spd|1
|
|-weather|SunnyDay|[upkeep]
|upkeep
|turn|11
|
|t:|1779972116
|move|p2a: Great Tusk|Ice Spinner|p1a: Great Tusk
|-supereffective|p1a: Great Tusk
|-damage|p1a: Great Tusk|39/100
|move|p1a: Great Tusk|Rapid Spin|p2a: Great Tusk
|-damage|p2a: Great Tusk|56/100
|-boost|p1a: Great Tusk|spe|1
|-sideend|p1: I'm evil and spicy|Stealth Rock|[from] move: Rapid Spin|[of] p1a: Great Tusk
|
|-weather|SunnyDay|[upkeep]
|upkeep
|turn|12
|
|t:|1779972122
|move|p1a: Great Tusk|Ice Spinner|p2a: Great Tusk
|-supereffective|p2a: Great Tusk
|-damage|p2a: Great Tusk|27/100
|move|p2a: Great Tusk|Stealth Rock|p1a: Great Tusk
|-sidestart|p1: I'm evil and spicy|move: Stealth Rock
|
|-weather|none
|-end|p1a: Great Tusk|Protosynthesis
|-end|p2a: Great Tusk|Protosynthesis
|upkeep
|turn|13
|
|t:|1779972131
|move|p1a: Great Tusk|Headlong Rush|p2a: Great Tusk
|-damage|p2a: Great Tusk|0 fnt
|-unboost|p1a: Great Tusk|def|1
|-unboost|p1a: Great Tusk|spd|1
|faint|p2a: Great Tusk
|-end|p2a: Great Tusk|Protosynthesis|[silent]
|
|upkeep
|
|t:|1779972133
|switch|p2a: Rillaboom|Rillaboom, F|100/100
|-fieldstart|move: Grassy Terrain|[from] ability: Grassy Surge|[of] p2a: Rillaboom
|turn|14
|
|t:|1779972150
|-end|p1a: Great Tusk|Protosynthesis|[silent]
|switch|p1a: Whimsicott|Whimsicott, M|44/100
|-damage|p1a: Whimsicott|32/100|[from] Stealth Rock
|move|p2a: Rillaboom|Grassy Glide|p1a: Whimsicott
|-resisted|p1a: Whimsicott
|-damage|p1a: Whimsicott|0 fnt
|faint|p1a: Whimsicott
|
|upkeep
|
|t:|1779972153
|switch|p1a: Iron Moth|Iron Moth|48/100
|-damage|p1a: Iron Moth|23/100|[from] Stealth Rock
|turn|15
|
|t:|1779972167
|switch|p2a: Walking Wake|Walking Wake|44/100
|move|p1a: Iron Moth|Morning Sun|p1a: Iron Moth
|-heal|p1a: Iron Moth|73/100
|
|-heal|p1a: Iron Moth|79/100|[from] Grassy Terrain
|-heal|p2a: Walking Wake|51/100|[from] Grassy Terrain
|upkeep
|turn|16
|
|t:|1779972174
|move|p1a: Iron Moth|Sludge Wave|p2a: Walking Wake
|-damage|p2a: Walking Wake|0 fnt
|faint|p2a: Walking Wake
|-end|p2a: Walking Wake|Protosynthesis|[silent]
|-damage|p1a: Iron Moth|69/100|[from] item: Life Orb
|
|-heal|p1a: Iron Moth|75/100|[from] Grassy Terrain
|upkeep
|
|t:|1779972189
|switch|p2a: Rillaboom|Rillaboom, F|100/100
|turn|17
|
|t:|1779972195
|move|p2a: Rillaboom|Grassy Glide|p1a: Iron Moth
|-resisted|p1a: Iron Moth
|-damage|p1a: Iron Moth|48/100
|move|p1a: Iron Moth|Fiery Dance|p2a: Rillaboom
|-supereffective|p2a: Rillaboom
|-damage|p2a: Rillaboom|0 fnt
|faint|p2a: Rillaboom
|-damage|p1a: Iron Moth|38/100|[from] item: Life Orb
|
|-heal|p1a: Iron Moth|44/100|[from] Grassy Terrain
|upkeep
|
|t:|1779972202
|switch|p2a: Typhlosion|Typhlosion-Hisui, F|100/100
|turn|18
|
|t:|1779972207
|move|p2a: Typhlosion|Shadow Ball|p1a: Iron Moth
|-damage|p1a: Iron Moth|0 fnt
|faint|p1a: Iron Moth
|-end|p1a: Iron Moth|Quark Drive|[silent]
|
|-fieldend|move: Grassy Terrain
|upkeep
|
|t:|1779972210
|switch|p1a: Regieleki|Regieleki|100/100
|-damage|p1a: Regieleki|88/100|[from] Stealth Rock
|turn|19
|
|t:|1779972216
|-terastallize|p1a: Regieleki|Electric
|move|p1a: Regieleki|Volt Switch|p2a: Typhlosion
|-damage|p2a: Typhlosion|11/100
|
|t:|1779972221
|switch|p1a: Great Tusk|Great Tusk|39/100|[from] Volt Switch
|move|p2a: Typhlosion|Shadow Ball|p1a: Great Tusk
|-damage|p1a: Great Tusk|0 fnt
|faint|p1a: Great Tusk
|-end|p1a: Great Tusk|Protosynthesis|[silent]
|
|upkeep
|
|t:|1779972225
|switch|p1a: Regieleki|Regieleki, tera:Electric|88/100
|-damage|p1a: Regieleki|76/100|[from] Stealth Rock
|turn|20
|
|t:|1779972229
|move|p1a: Regieleki|Volt Switch|p2a: Typhlosion
|-damage|p2a: Typhlosion|0 fnt
|faint|p2a: Typhlosion
|
|upkeep
|
|t:|1779972230
|switch|p2a: Ninetales|Ninetales, F|100/100
|-weather|SunnyDay|[from] ability: Drought|[of] p2a: Ninetales
|turn|21
|
|t:|1779972238
|move|p1a: Regieleki|Substitute|p1a: Regieleki
|-start|p1a: Regieleki|Substitute
|-damage|p1a: Regieleki|51/100
|move|p2a: Ninetales|Weather Ball|p1a: Regieleki
|-end|p1a: Regieleki|Substitute
|
|-weather|SunnyDay|[upkeep]
|upkeep
|turn|22
|
|t:|1779972245
|move|p1a: Regieleki|Electro Ball|p2a: Ninetales
|-damage|p2a: Ninetales|46/100
|move|p2a: Ninetales|Weather Ball|p1a: Regieleki
|-damage|p1a: Regieleki|0 fnt
|faint|p1a: Regieleki
|
|win|FireSide_01
|raw|I&apos;m evil and spicy's rating: 1582 &rarr; <strong>1561</strong><br />(-21 for losing)
|raw|FireSide_01's rating: 1568 &rarr; <strong>1589</strong><br />(+21 for winning)
|l|☆I'm evil and spicy
|player|p1|
|c|☆FireSide_01|gg
|l|☆FireSide_01
|player|p2|
