|j|☆MikhaelSunworth
|j|☆pigperfect9831
|t:|1779892479
|gametype|singles
|player|p1|MikhaelSunworth|chuck|1492
|player|p2|pigperfect9831|workerice|1426
|gen|9
|tier|[Gen 9] OU
|rated|
|rule|HP Percentage Mod: HP is shown in percentages
|rule|Endless Battle Clause: Forcing endless battles is banned
|rule|Species Clause: Limit one of each Pokémon
|rule|OHKO Clause: OHKO moves are banned
|rule|Evasion Items Clause: Evasion items are banned
|rule|Evasion Moves Clause: Evasion moves are banned
|rule|Evasion Abilities Clause: Evasion abilities are banned
|rule|Sleep Moves Clause: Sleep-inducing moves are banned
|clearpoke
|poke|p1|Gliscor, F|
|poke|p1|Samurott-Hisui, F|
|poke|p1|Dragapult, M|
|poke|p1|Great Tusk|
|poke|p1|Garganacl, F|
|poke|p1|Slowking-Galar, F|
|poke|p2|Great Tusk|
|poke|p2|Hatterene, F|
|poke|p2|Lurantis, F|
|poke|p2|Ninetales, F|
|poke|p2|Slither Wing|
|poke|p2|Walking Wake|
|teampreview
|inactive|Battle timer is ON: inactive players will automatically lose when time's up. (requested by MikhaelSunworth)
|
|t:|1779892531
|teamsize|p1|6
|teamsize|p2|6
|start
|switch|p1a: Garganacl|Garganacl, F|100/100
|switch|p2a: Slither Wing|Slither Wing|100/100
|turn|1
|
|t:|1779892539
|move|p1a: Garganacl|Protect|p1a: Garganacl
|-singleturn|p1a: Garganacl|Protect
|move|p2a: Slither Wing|U-turn|p1a: Garganacl
|-activate|p1a: Garganacl|move: Protect
|
|upkeep
|turn|2
|
|t:|1779892544
|move|p2a: Slither Wing|U-turn|p1a: Garganacl
|-damage|p1a: Garganacl|79/100
|
|t:|1779892547
|-end|p2a: Slither Wing|Protosynthesis|[silent]
|switch|p2a: Hatterene|Hatterene, F|100/100|[from] U-turn
|move|p1a: Garganacl|Salt Cure|p2a: Hatterene
|-damage|p2a: Hatterene|88/100
|-start|p2a: Hatterene|Salt Cure
|-enditem|p2a: Hatterene|Eject Button
|
|t:|1779892553
|switch|p2a: Ninetales|Ninetales, F|100/100
|-weather|SunnyDay|[from] ability: Drought|[of] p2a: Ninetales
|
|-weather|SunnyDay|[upkeep]
|-heal|p1a: Garganacl|86/100|[from] item: Leftovers
|upkeep
|turn|3
|
|t:|1779892559
|move|p2a: Ninetales|Encore|p1a: Garganacl
|-start|p1a: Garganacl|Encore
|move|p1a: Garganacl|Salt Cure|p2a: Ninetales
|-supereffective|p2a: Ninetales
|-damage|p2a: Ninetales|64/100
|-start|p2a: Ninetales|Salt Cure
|
|-weather|SunnyDay|[upkeep]
|-heal|p1a: Garganacl|92/100|[from] item: Leftovers
|-damage|p2a: Ninetales|52/100|[from] Salt Cure
|upkeep
|turn|4
|
|t:|1779892569
|switch|p2a: Great Tusk|Great Tusk|100/100
|-activate|p2a: Great Tusk|ability: Protosynthesis
|-start|p2a: Great Tusk|protosynthesisatk
|switch|p1a: Slowking|Slowking-Galar, F|100/100
|
|-weather|SunnyDay|[upkeep]
|upkeep
|turn|5
|
|t:|1779892580
|-terastallize|p1a: Slowking|Water
|move|p2a: Great Tusk|Stealth Rock|p1a: Slowking
|-sidestart|p1: MikhaelSunworth|move: Stealth Rock
|-prepare|p1a: Slowking|Chilly Reception|[premajor]
|move|p1a: Slowking|Chilly Reception|p1a: Slowking
|-weather|Snowscape
|-end|p2a: Great Tusk|Protosynthesis
|
|t:|1779892585
|switch|p1a: Great Tusk|Great Tusk|100/100|[from] Chilly Reception
|
|-weather|Snowscape|[upkeep]
|upkeep
|turn|6
|
|t:|1779892606
|move|p1a: Great Tusk|Rapid Spin|p2a: Great Tusk
|-damage|p2a: Great Tusk|91/100
|-boost|p1a: Great Tusk|spe|1
|-sideend|p1: MikhaelSunworth|Stealth Rock|[from] move: Rapid Spin|[of] p1a: Great Tusk
|move|p2a: Great Tusk|Ice Spinner|p1a: Great Tusk
|-supereffective|p1a: Great Tusk
|-damage|p1a: Great Tusk|64/100
|
|-weather|Snowscape|[upkeep]
|upkeep
|turn|7
|
|t:|1779892613
|move|p1a: Great Tusk|Ice Spinner|p2a: Great Tusk
|-supereffective|p2a: Great Tusk
|-damage|p2a: Great Tusk|55/100
|move|p2a: Great Tusk|Ice Spinner|p1a: Great Tusk
|-supereffective|p1a: Great Tusk
|-damage|p1a: Great Tusk|30/100
|
|-weather|Snowscape|[upkeep]
|upkeep
|turn|8
|
|t:|1779892620
|-end|p1a: Great Tusk|Protosynthesis|[silent]
|switch|p1a: Samurott|Samurott-Hisui, F|100/100
|move|p2a: Great Tusk|Ice Spinner|p1a: Samurott
|-resisted|p1a: Samurott
|-damage|p1a: Samurott|86/100
|
|-weather|Snowscape|[upkeep]
|upkeep
|turn|9
|
|t:|1779892630
|-end|p2a: Great Tusk|Protosynthesis|[silent]
|switch|p2a: Slither Wing|Slither Wing|100/100
|move|p1a: Samurott|Razor Shell|p2a: Slither Wing
|-crit|p2a: Slither Wing
|-damage|p2a: Slither Wing|35/100
|-damage|p1a: Samurott|69/100|[from] item: Rocky Helmet|[of] p2a: Slither Wing
|
|-weather|none
|upkeep
|turn|10
|
|t:|1779892640
|switch|p1a: Gliscor|Gliscor, F|100/100
|move|p2a: Slither Wing|First Impression|p1a: Gliscor
|-resisted|p1a: Gliscor
|-damage|p1a: Gliscor|88/100
|
|-status|p1a: Gliscor|tox|[from] item: Toxic Orb
|upkeep
|turn|11
|inactive|MikhaelSunworth has 120 seconds left.
|inactive|MikhaelSunworth has 90 seconds left.
|
|t:|1779892702
|switch|p1a: Garganacl|Garganacl, F|92/100
|-end|p2a: Slither Wing|Protosynthesis|[silent]
|switch|p2a: Hatterene|Hatterene, F|88/100
|
|-heal|p1a: Garganacl|98/100|[from] item: Leftovers
|upkeep
|turn|12
|
|t:|1779892715
|move|p2a: Hatterene|Calm Mind|p2a: Hatterene
|-boost|p2a: Hatterene|spa|1
|-boost|p2a: Hatterene|spd|1
|move|p1a: Garganacl|Salt Cure|p2a: Hatterene
|-crit|p2a: Hatterene
|-damage|p2a: Hatterene|71/100
|-start|p2a: Hatterene|Salt Cure
|
|-heal|p1a: Garganacl|100/100|[from] item: Leftovers
|-damage|p2a: Hatterene|59/100|[from] Salt Cure
|upkeep
|turn|13
|
|t:|1779892721
|switch|p1a: Slowking|Slowking-Galar, F, tera:Water|100/100
|move|p2a: Hatterene|Psychic Noise|p1a: Slowking
|-damage|p1a: Slowking|71/100
|-start|p1a: Slowking|move: Heal Block
|
|-damage|p2a: Hatterene|47/100|[from] Salt Cure
|upkeep
|turn|14
|
|t:|1779892730
|move|p2a: Hatterene|Draining Kiss|p1a: Slowking
|-damage|p1a: Slowking|51/100
|-heal|p2a: Hatterene|65/100|[from] drain|[of] p1a: Slowking
|move|p1a: Slowking|Sludge Wave|p2a: Hatterene
|-supereffective|p2a: Hatterene
|-damage|p2a: Hatterene|17/100
|
|-damage|p2a: Hatterene|5/100|[from] Salt Cure
|-end|p1a: Slowking|move: Heal Block
|upkeep
|turn|15
|inactive|MikhaelSunworth has 120 seconds left.
|
|t:|1779892741
|switch|p2a: Great Tusk|Great Tusk|55/100
|move|p1a: Slowking|Sludge Wave|p2a: Great Tusk
|-resisted|p2a: Great Tusk
|-damage|p2a: Great Tusk|29/100
|
|upkeep
|turn|16
|inactive|MikhaelSunworth has 120 seconds left.
|
|t:|1779892749
|switch|p1a: Gliscor|Gliscor, F|88/100 tox
|move|p2a: Great Tusk|Headlong Rush|p1a: Gliscor
|-immune|p1a: Gliscor
|
|-heal|p1a: Gliscor|100/100 tox|[from] ability: Poison Heal
|upkeep
|turn|17
|
|t:|1779892756
|move|p2a: Great Tusk|Ice Spinner|p1a: Gliscor
|-supereffective|p1a: Gliscor
|-damage|p1a: Gliscor|30/100 tox
|move|p1a: Gliscor|Stealth Rock|p2a: Great Tusk
|-sidestart|p2: pigperfect9831|move: Stealth Rock
|
|-heal|p1a: Gliscor|43/100 tox|[from] ability: Poison Heal
|upkeep
|turn|18
|
|t:|1779892761
|move|p1a: Gliscor|Protect|p1a: Gliscor
|-singleturn|p1a: Gliscor|Protect
|move|p2a: Great Tusk|Stealth Rock|p1a: Gliscor
|-sidestart|p1: MikhaelSunworth|move: Stealth Rock
|
|-heal|p1a: Gliscor|55/100 tox|[from] ability: Poison Heal
|upkeep
|turn|19
|
|t:|1779892767
|switch|p1a: Garganacl|Garganacl, F|100/100
|-damage|p1a: Garganacl|88/100|[from] Stealth Rock
|move|p2a: Great Tusk|Rapid Spin|p1a: Garganacl
|-resisted|p1a: Garganacl
|-damage|p1a: Garganacl|82/100
|-boost|p2a: Great Tusk|spe|1
|-sideend|p2: pigperfect9831|Stealth Rock|[from] move: Rapid Spin|[of] p2a: Great Tusk
|
|-heal|p1a: Garganacl|88/100|[from] item: Leftovers
|upkeep
|turn|20
|
|t:|1779892771
|switch|p1a: Gliscor|Gliscor, F|55/100 tox
|-damage|p1a: Gliscor|43/100 tox|[from] Stealth Rock
|move|p2a: Great Tusk|Headlong Rush|p1a: Gliscor
|-immune|p1a: Gliscor
|
|-heal|p1a: Gliscor|55/100 tox|[from] ability: Poison Heal
|upkeep
|turn|21
|
|t:|1779892774
|move|p1a: Gliscor|Protect|p1a: Gliscor
|-singleturn|p1a: Gliscor|Protect
|move|p2a: Great Tusk|Ice Spinner|p1a: Gliscor
|-activate|p1a: Gliscor|move: Protect
|
|-heal|p1a: Gliscor|68/100 tox|[from] ability: Poison Heal
|upkeep
|turn|22
|
|t:|1779892783
|move|p2a: Great Tusk|Ice Spinner|p1a: Gliscor
|-supereffective|p1a: Gliscor
|-damage|p1a: Gliscor|0 fnt
|faint|p1a: Gliscor
|
|upkeep
|
|t:|1779892795
|switch|p1a: Slowking|Slowking-Galar, F, tera:Water|85/100
|turn|23
|
|t:|1779892802
|-end|p2a: Great Tusk|Protosynthesis|[silent]
|switch|p2a: Hatterene|Hatterene, F|5/100
|move|p1a: Slowking|Future Sight|p2a: Hatterene
|-start|p1a: Slowking|move: Future Sight
|
|upkeep
|turn|24
|
|t:|1779892810
|switch|p2a: Ninetales|Ninetales, F|52/100
|-weather|SunnyDay|[from] ability: Drought|[of] p2a: Ninetales
|-prepare|p1a: Slowking|Chilly Reception|[premajor]
|move|p1a: Slowking|Chilly Reception|p1a: Slowking
|-weather|Snowscape
|
|t:|1779892815
|switch|p1a: Great Tusk|Great Tusk|30/100|[from] Chilly Reception
|
|-weather|Snowscape|[upkeep]
|upkeep
|turn|25
|
|t:|1779892823
|-end|p1a: Great Tusk|Protosynthesis|[silent]
|switch|p1a: Slowking|Slowking-Galar, F, tera:Water|100/100
|move|p2a: Ninetales|Weather Ball|p1a: Slowking
|-resisted|p1a: Slowking
|-damage|p1a: Slowking|95/100
|
|-weather|Snowscape|[upkeep]
|-end|p2a: Ninetales|move: Future Sight
|-damage|p2a: Ninetales|8/100
|upkeep
|turn|26
|
|t:|1779892832
|switch|p2a: Hatterene|Hatterene, F|5/100
|move|p1a: Slowking|Sludge Wave|p2a: Hatterene
|-supereffective|p2a: Hatterene
|-damage|p2a: Hatterene|0 fnt
|faint|p2a: Hatterene
|
|-weather|Snowscape|[upkeep]
|upkeep
|
|t:|1779892844
|switch|p2a: Lurantis|Lurantis, F|100/100
|turn|27
|
|t:|1779892849
|move|p2a: Lurantis|Leaf Storm|p1a: Slowking
|-supereffective|p1a: Slowking
|-damage|p1a: Slowking|47/100
|-boost|p2a: Lurantis|spa|2
|move|p1a: Slowking|Sludge Wave|p2a: Lurantis
|-supereffective|p2a: Lurantis
|-damage|p2a: Lurantis|61/100
|
|-weather|Snowscape|[upkeep]
|upkeep
|turn|28
|
|t:|1779892863
|switch|p1a: Dragapult|Dragapult, M|100/100
|-damage|p1a: Dragapult|88/100|[from] Stealth Rock
|move|p2a: Lurantis|Giga Drain|p1a: Dragapult
|-resisted|p1a: Dragapult
|-damage|p1a: Dragapult|57/100
|-heal|p2a: Lurantis|76/100|[from] drain|[of] p1a: Dragapult
|
|-weather|none
|upkeep
|turn|29
|
|t:|1779892875
|move|p1a: Dragapult|Flamethrower|p2a: Lurantis
|-supereffective|p2a: Lurantis
|-damage|p2a: Lurantis|35/100
|move|p2a: Lurantis|Leaf Storm|p1a: Dragapult|[miss]
|-miss|p2a: Lurantis|p1a: Dragapult
|
|upkeep
|turn|30
|
|t:|1779892881
|switch|p2a: Walking Wake|Walking Wake|100/100
|move|p1a: Dragapult|Flamethrower|p2a: Walking Wake
|-resisted|p2a: Walking Wake
|-damage|p2a: Walking Wake|89/100
|
|upkeep
|turn|31
|
|t:|1779892890
|switch|p1a: Slowking|Slowking-Galar, F, tera:Water|81/100
|move|p2a: Walking Wake|Dragon Pulse|p1a: Slowking
|-crit|p1a: Slowking
|-damage|p1a: Slowking|27/100
|
|upkeep
|turn|32
|
|t:|1779892895
|switch|p1a: Garganacl|Garganacl, F|88/100
|-damage|p1a: Garganacl|76/100|[from] Stealth Rock
|move|p2a: Walking Wake|Dragon Pulse|p1a: Garganacl
|-damage|p1a: Garganacl|29/100
|
|-heal|p1a: Garganacl|36/100|[from] item: Leftovers
|upkeep
|turn|33
|
|t:|1779892902
|move|p1a: Garganacl|Protect|p1a: Garganacl
|-singleturn|p1a: Garganacl|Protect
|move|p2a: Walking Wake|Dragon Pulse|p1a: Garganacl
|-activate|p1a: Garganacl|move: Protect
|
|-heal|p1a: Garganacl|42/100|[from] item: Leftovers
|upkeep
|turn|34
|
|t:|1779892910
|move|p2a: Walking Wake|Dragon Pulse|p1a: Garganacl
|-damage|p1a: Garganacl|0 fnt
|faint|p1a: Garganacl
|
|upkeep
|
|t:|1779892917
|switch|p1a: Samurott|Samurott-Hisui, F|69/100
|-damage|p1a: Samurott|57/100|[from] Stealth Rock
|turn|35
|
|t:|1779892921
|move|p2a: Walking Wake|Dragon Pulse|p1a: Samurott
|-damage|p1a: Samurott|9/100
|move|p1a: Samurott|Ceaseless Edge|p2a: Walking Wake
|-damage|p2a: Walking Wake|40/100
|-sidestart|p2: pigperfect9831|Spikes
|
|upkeep
|turn|36
|
|t:|1779892940
|-end|p2a: Walking Wake|Protosynthesis|[silent]
|switch|p2a: Lurantis|Lurantis, F|35/100
|-damage|p2a: Lurantis|23/100|[from] Spikes
|move|p1a: Samurott|Ceaseless Edge|p2a: Lurantis
|-damage|p2a: Lurantis|0 fnt
|-sidestart|p2: pigperfect9831|Spikes
|faint|p2a: Lurantis
|
|upkeep
|inactive|pigperfect9831 has 120 seconds left.
|
|t:|1779892980
|switch|p2a: Great Tusk|Great Tusk|29/100
|turn|37
|
|t:|1779892990
|switch|p1a: Dragapult|Dragapult, M|57/100
|-damage|p1a: Dragapult|45/100|[from] Stealth Rock
|move|p2a: Great Tusk|Rapid Spin|p1a: Dragapult
|-immune|p1a: Dragapult
|
|upkeep
|turn|38
|inactive|pigperfect9831 has 90 seconds left.
|
|t:|1779893036
|-end|p2a: Great Tusk|Protosynthesis|[silent]
|switch|p2a: Walking Wake|Walking Wake|40/100
|-damage|p2a: Walking Wake|24/100|[from] Spikes
|move|p1a: Dragapult|Shadow Ball|p2a: Walking Wake
|-damage|p2a: Walking Wake|0 fnt
|faint|p2a: Walking Wake
|-end|p2a: Walking Wake|Protosynthesis|[silent]
|
|upkeep
|
|t:|1779893041
|switch|p2a: Slither Wing|Slither Wing|35/100
|-damage|p2a: Slither Wing|18/100|[from] Spikes
|turn|39
|
|t:|1779893051
|switch|p1a: Samurott|Samurott-Hisui, F|9/100
|-damage|p1a: Samurott|0 fnt|[from] Stealth Rock
|faint|p1a: Samurott
|move|p2a: Slither Wing|First Impression|p1: Samurott|[notarget]
|-fail|p2a: Slither Wing
|
|upkeep
|
|t:|1779893053
|switch|p1a: Dragapult|Dragapult, M|45/100
|-damage|p1a: Dragapult|33/100|[from] Stealth Rock
|turn|40
|
|t:|1779893058
|-end|p2a: Slither Wing|Protosynthesis|[silent]
|switch|p2a: Ninetales|Ninetales, F|8/100
|-damage|p2a: Ninetales|0 fnt|[from] Spikes
|faint|p2a: Ninetales
|move|p1a: Dragapult|Shadow Ball|p2: Ninetales|[notarget]
|-fail|p1a: Dragapult
|
|upkeep
|
|t:|1779893060
|switch|p2a: Slither Wing|Slither Wing|18/100
|-damage|p2a: Slither Wing|2/100|[from] Spikes
|turn|41
|
|t:|1779893069
|switch|p1a: Great Tusk|Great Tusk|30/100
|move|p2a: Slither Wing|Morning Sun|p2a: Slither Wing
|-heal|p2a: Slither Wing|52/100
|
|upkeep
|turn|42
|
|t:|1779893074
|move|p1a: Great Tusk|Rapid Spin|p2a: Slither Wing
|-damage|p2a: Slither Wing|40/100
|-boost|p1a: Great Tusk|spe|1
|-damage|p1a: Great Tusk|13/100|[from] item: Rocky Helmet|[of] p2a: Slither Wing
|-sideend|p1: MikhaelSunworth|Stealth Rock|[from] move: Rapid Spin|[of] p1a: Great Tusk
|move|p2a: Slither Wing|Morning Sun|p2a: Slither Wing
|-heal|p2a: Slither Wing|90/100
|
|upkeep
|turn|43
|
|t:|1779893078
|move|p1a: Great Tusk|Headlong Rush|p2a: Slither Wing
|-resisted|p2a: Slither Wing
|-damage|p2a: Slither Wing|68/100
|-unboost|p1a: Great Tusk|def|1
|-unboost|p1a: Great Tusk|spd|1
|-damage|p1a: Great Tusk|0 fnt|[from] item: Rocky Helmet|[of] p2a: Slither Wing
|faint|p1a: Great Tusk
|-end|p1a: Great Tusk|Protosynthesis|[silent]
|move|p2a: Slither Wing|Will-O-Wisp|p1: Great Tusk|[notarget]
|-fail|p2a: Slither Wing
|
|upkeep
|
|t:|1779893089
|switch|p1a: Slowking|Slowking-Galar, F, tera:Water|60/100
|turn|44
|
|t:|1779893111
|move|p2a: Slither Wing|U-turn|p1a: Slowking
|-damage|p1a: Slowking|26/100
|
|t:|1779893113
|-end|p2a: Slither Wing|Protosynthesis|[silent]
|switch|p2a: Great Tusk|Great Tusk|29/100|[from] U-turn
|move|p1a: Slowking|Future Sight|p2a: Great Tusk
|-start|p1a: Slowking|move: Future Sight
|
|upkeep
|turn|45
|
|t:|1779893122
|move|p2a: Great Tusk|Headlong Rush|p1a: Slowking
|-damage|p1a: Slowking|0 fnt
|-unboost|p2a: Great Tusk|def|1
|-unboost|p2a: Great Tusk|spd|1
|faint|p1a: Slowking
|
|upkeep
|
|t:|1779893125
|switch|p1a: Dragapult|Dragapult, M|33/100
|turn|46
|
|t:|1779893133
|move|p1a: Dragapult|Flamethrower|p2a: Great Tusk
|-damage|p2a: Great Tusk|0 fnt
|faint|p2a: Great Tusk
|-end|p2a: Great Tusk|Protosynthesis|[silent]
|
|-hint|Future Sight did not hit because the target is fainted.
|upkeep
|
|t:|1779893135
|switch|p2a: Slither Wing|Slither Wing|68/100
|-damage|p2a: Slither Wing|51/100|[from] Spikes
|turn|47
|
|t:|1779893142
|move|p2a: Slither Wing|First Impression|p1a: Dragapult
|-resisted|p1a: Dragapult
|-damage|p1a: Dragapult|1/100
|move|p1a: Dragapult|Flamethrower|p2a: Slither Wing
|-supereffective|p2a: Slither Wing
|-damage|p2a: Slither Wing|0 fnt
|faint|p2a: Slither Wing
|-end|p2a: Slither Wing|Protosynthesis|[silent]
|
|win|MikhaelSunworth
|raw|MikhaelSunworth's rating: 1492 &rarr; <strong>1508</strong><br />(+16 for winning)
|raw|pigperfect9831's rating: 1426 &rarr; <strong>1410</strong><br />(-16 for losing)
|c|☆pigperfect9831|gg
|l|☆pigperfect9831
|player|p2|
|c|☆MikhaelSunworth|gg
|l|☆MikhaelSunworth
|player|p1|
