|j|☆magicsalt
|j|☆xiaokayiha
|t:|1779868731
|gametype|singles
|player|p1|magicsalt|clair|1170
|player|p2|xiaokayiha|waiter-gen4dp|1256
|gen|9
|tier|[Gen 9] OU
|rated|
|rule|HP Percentage Mod: HP is shown in percentages
|rule|Endless Battle Clause: Forcing endless battles is banned
|rule|Species Clause: Limit one of each Pokémon
|rule|OHKO Clause: OHKO moves are banned
|rule|Evasion Items Clause: Evasion items are banned
|rule|Evasion Moves Clause: Evasion moves are banned
|rule|Evasion Abilities Clause: Evasion abilities are banned
|rule|Sleep Moves Clause: Sleep-inducing moves are banned
|clearpoke
|poke|p1|Salazzle, F|
|poke|p1|Glimmora, F|
|poke|p1|Darkrai|
|poke|p1|Toxapex, M|
|poke|p1|Corviknight, M|
|poke|p1|Blissey, F|
|poke|p2|Garganacl, M|
|poke|p2|Blissey, F|
|poke|p2|Dondozo, M|
|poke|p2|Alomomola, F|
|poke|p2|Corviknight, F|
|poke|p2|Gliscor, F|
|teampreview
|
|t:|1779868736
|teamsize|p1|6
|teamsize|p2|6
|start
|switch|p1a: Edgey|Darkrai, shiny|100/100
|switch|p2a: 怕冷的蝎子|Gliscor, F|100/100
|turn|1
|
|t:|1779868746
|move|p2a: 怕冷的蝎子|Protect|p2a: 怕冷的蝎子
|-singleturn|p2a: 怕冷的蝎子|Protect
|move|p1a: Edgey|Dark Pulse|p2a: 怕冷的蝎子
|-activate|p2a: 怕冷的蝎子|move: Protect
|
|-status|p2a: 怕冷的蝎子|tox|[from] item: Toxic Orb
|upkeep
|turn|2
|
|t:|1779868755
|switch|p2a: 粉色胖子|Blissey, F|100/100
|move|p1a: Edgey|Dark Pulse|p2a: 粉色胖子
|-damage|p2a: 粉色胖子|88/100
|
|upkeep
|turn|3
|
|t:|1779868764
|move|p1a: Edgey|Focus Blast|p2a: 粉色胖子
|-supereffective|p2a: 粉色胖子
|-damage|p2a: 粉色胖子|65/100
|move|p2a: 粉色胖子|Trick|p1a: Edgey
|-activate|p2a: 粉色胖子|move: Trick|[of] p1a: Edgey
|-item|p1a: Edgey|Choice Scarf|[from] move: Trick
|-item|p2a: 粉色胖子|Focus Sash|[from] move: Trick
|
|upkeep
|turn|4
|
|t:|1779868789
|switch|p1a: Fatty whopper|Blissey, F|100/100
|move|p2a: 粉色胖子|Stealth Rock|p1a: Fatty whopper
|-sidestart|p1: magicsalt|move: Stealth Rock
|
|upkeep
|turn|5
|
|t:|1779868796
|move|p1a: Fatty whopper|Seismic Toss|p2a: 粉色胖子
|-damage|p2a: 粉色胖子|51/100
|move|p2a: 粉色胖子|Soft-Boiled|p2a: 粉色胖子
|-heal|p2a: 粉色胖子|100/100
|
|upkeep
|turn|6
|inactive|Battle timer is ON: inactive players will automatically lose when time's up. (requested by magicsalt)
|
|t:|1779868816
|switch|p2a: 怕冷的蝎子|Gliscor, F|100/100 tox
|move|p1a: Fatty whopper|Seismic Toss|p2a: 怕冷的蝎子
|-damage|p2a: 怕冷的蝎子|72/100 tox
|
|-heal|p2a: 怕冷的蝎子|85/100 tox|[from] ability: Poison Heal
|upkeep
|turn|7
|
|t:|1779868828
|move|p2a: 怕冷的蝎子|Substitute|p2a: 怕冷的蝎子
|-start|p2a: 怕冷的蝎子|Substitute
|-damage|p2a: 怕冷的蝎子|60/100 tox
|move|p1a: Fatty whopper|Seismic Toss|p2a: 怕冷的蝎子
|-end|p2a: 怕冷的蝎子|Substitute
|
|-heal|p2a: 怕冷的蝎子|72/100 tox|[from] ability: Poison Heal
|upkeep
|turn|8
|
|t:|1779868837
|move|p2a: 怕冷的蝎子|Protect|p2a: 怕冷的蝎子
|-singleturn|p2a: 怕冷的蝎子|Protect
|move|p1a: Fatty whopper|Seismic Toss|p2a: 怕冷的蝎子
|-activate|p2a: 怕冷的蝎子|move: Protect
|
|-heal|p2a: 怕冷的蝎子|85/100 tox|[from] ability: Poison Heal
|upkeep
|turn|9
|
|t:|1779868853
|move|p2a: 怕冷的蝎子|Toxic|p1a: Fatty whopper
|-status|p1a: Fatty whopper|tox
|move|p1a: Fatty whopper|Seismic Toss|p2a: 怕冷的蝎子
|-damage|p2a: 怕冷的蝎子|56/100 tox
|
|-heal|p2a: 怕冷的蝎子|69/100 tox|[from] ability: Poison Heal
|-damage|p1a: Fatty whopper|94/100 tox|[from] psn
|upkeep
|turn|10
|
|t:|1779868859
|move|p2a: 怕冷的蝎子|Substitute|p2a: 怕冷的蝎子
|-start|p2a: 怕冷的蝎子|Substitute
|-damage|p2a: 怕冷的蝎子|44/100 tox
|move|p1a: Fatty whopper|Heal Bell|p1a: Fatty whopper
|-activate|p1a: Fatty whopper|move: Heal Bell
|-curestatus|p1a: Fatty whopper|tox|[msg]
|
|-heal|p1a: Fatty whopper|100/100|[from] item: Leftovers
|-heal|p2a: 怕冷的蝎子|56/100 tox|[from] ability: Poison Heal
|upkeep
|turn|11
|
|t:|1779868871
|switch|p1a: Arkham birbby|Corviknight, M|100/100
|-ability|p1a: Arkham birbby|Unnerve
|-damage|p1a: Arkham birbby|88/100|[from] Stealth Rock
|move|p2a: 怕冷的蝎子|Protect||[still]
|-fail|p2a: 怕冷的蝎子
|
|-heal|p1a: Arkham birbby|94/100|[from] item: Leftovers
|-heal|p2a: 怕冷的蝎子|69/100 tox|[from] ability: Poison Heal
|upkeep
|turn|12
|
|t:|1779868884
|move|p2a: 怕冷的蝎子|Protect|p2a: 怕冷的蝎子
|-singleturn|p2a: 怕冷的蝎子|Protect
|move|p1a: Arkham birbby|Defog|p2a: 怕冷的蝎子
|-activate|p2a: 怕冷的蝎子|move: Protect
|
|-heal|p1a: Arkham birbby|100/100|[from] item: Leftovers
|-heal|p2a: 怕冷的蝎子|81/100 tox|[from] ability: Poison Heal
|upkeep
|turn|13
|
|t:|1779868898
|switch|p2a: 岩王帝君可是龙啊！|Garganacl, M|100/100
|move|p1a: Arkham birbby|Defog|p2a: 岩王帝君可是龙啊！
|-unboost|p2a: 岩王帝君可是龙啊！|evasion|1
|-sideend|p1: magicsalt|Stealth Rock|[from] move: Defog|[of] p1a: Arkham birbby
|
|upkeep
|turn|14
|
|t:|1779868919
|move|p1a: Arkham birbby|Bulk Up|p1a: Arkham birbby
|-boost|p1a: Arkham birbby|atk|1
|-boost|p1a: Arkham birbby|def|1
|move|p2a: 岩王帝君可是龙啊！|Block|p1a: Arkham birbby
|-activate|p1a: Arkham birbby|trapped
|
|upkeep
|turn|15
|
|t:|1779868927
|-terastallize|p1a: Arkham birbby|Dark
|move|p1a: Arkham birbby|Bulk Up|p1a: Arkham birbby
|-boost|p1a: Arkham birbby|atk|1
|-boost|p1a: Arkham birbby|def|1
|move|p2a: 岩王帝君可是龙啊！|Iron Defense|p2a: 岩王帝君可是龙啊！
|-boost|p2a: 岩王帝君可是龙啊！|def|2
|
|upkeep
|turn|16
|
|t:|1779868933
|move|p1a: Arkham birbby|Bulk Up|p1a: Arkham birbby
|-boost|p1a: Arkham birbby|atk|1
|-boost|p1a: Arkham birbby|def|1
|move|p2a: 岩王帝君可是龙啊！|Iron Defense|p2a: 岩王帝君可是龙啊！
|-boost|p2a: 岩王帝君可是龙啊！|def|2
|
|upkeep
|turn|17
|
|t:|1779868939
|move|p1a: Arkham birbby|Bulk Up|p1a: Arkham birbby
|-boost|p1a: Arkham birbby|atk|1
|-boost|p1a: Arkham birbby|def|1
|move|p2a: 岩王帝君可是龙啊！|Iron Defense|p2a: 岩王帝君可是龙啊！
|-boost|p2a: 岩王帝君可是龙啊！|def|2
|
|upkeep
|turn|18
|
|t:|1779868944
|move|p1a: Arkham birbby|Bulk Up|p1a: Arkham birbby
|-boost|p1a: Arkham birbby|atk|1
|-boost|p1a: Arkham birbby|def|1
|move|p2a: 岩王帝君可是龙啊！|Salt Cure|p1a: Arkham birbby
|-damage|p1a: Arkham birbby|97/100
|-start|p1a: Arkham birbby|Salt Cure
|
|-heal|p1a: Arkham birbby|100/100|[from] item: Leftovers
|-damage|p1a: Arkham birbby|88/100|[from] Salt Cure
|upkeep
|turn|19
|
|t:|1779868952
|move|p1a: Arkham birbby|Bulk Up|p1a: Arkham birbby
|-boost|p1a: Arkham birbby|atk|1
|-boost|p1a: Arkham birbby|def|1
|move|p2a: 岩王帝君可是龙啊！|Iron Defense|p2a: 岩王帝君可是龙啊！
|-boost|p2a: 岩王帝君可是龙啊！|def|0
|
|-heal|p1a: Arkham birbby|94/100|[from] item: Leftovers
|-damage|p1a: Arkham birbby|82/100|[from] Salt Cure
|upkeep
|turn|20
|
|t:|1779868955
|move|p1a: Arkham birbby|Power Trip|p2a: 岩王帝君可是龙啊！
|-damage|p2a: 岩王帝君可是龙啊！|61/100
|move|p2a: 岩王帝君可是龙啊！|Recover|p2a: 岩王帝君可是龙啊！
|-heal|p2a: 岩王帝君可是龙啊！|100/100
|
|-heal|p1a: Arkham birbby|88/100|[from] item: Leftovers
|-damage|p1a: Arkham birbby|75/100|[from] Salt Cure
|upkeep
|turn|21
|
|t:|1779868965
|move|p1a: Arkham birbby|Power Trip|p2a: 岩王帝君可是龙啊！
|-damage|p2a: 岩王帝君可是龙啊！|59/100
|move|p2a: 岩王帝君可是龙啊！|Iron Defense|p2a: 岩王帝君可是龙啊！
|-boost|p2a: 岩王帝君可是龙啊！|def|0
|
|-heal|p1a: Arkham birbby|82/100|[from] item: Leftovers
|-heal|p2a: 岩王帝君可是龙啊！|65/100|[from] item: Leftovers
|-damage|p1a: Arkham birbby|69/100|[from] Salt Cure
|upkeep
|turn|22
|
|t:|1779868975
|move|p1a: Arkham birbby|Power Trip|p2a: 岩王帝君可是龙啊！
|-damage|p2a: 岩王帝君可是龙啊！|25/100
|move|p2a: 岩王帝君可是龙啊！|Recover|p2a: 岩王帝君可是龙啊！
|-heal|p2a: 岩王帝君可是龙啊！|75/100
|
|-heal|p1a: Arkham birbby|75/100|[from] item: Leftovers
|-heal|p2a: 岩王帝君可是龙啊！|82/100|[from] item: Leftovers
|-damage|p1a: Arkham birbby|63/100|[from] Salt Cure
|upkeep
|turn|23
|
|t:|1779868988
|move|p1a: Arkham birbby|Roost|p1a: Arkham birbby
|-heal|p1a: Arkham birbby|100/100
|move|p2a: 岩王帝君可是龙啊！|Salt Cure|p1a: Arkham birbby
|-damage|p1a: Arkham birbby|97/100
|
|-heal|p1a: Arkham birbby|100/100|[from] item: Leftovers
|-heal|p2a: 岩王帝君可是龙啊！|88/100|[from] item: Leftovers
|-damage|p1a: Arkham birbby|88/100|[from] Salt Cure
|upkeep
|turn|24
|
|t:|1779869000
|switch|p2a: 怕疼的小泥鳅|Dondozo, M|100/100
|move|p1a: Arkham birbby|Power Trip|p2a: 怕疼的小泥鳅
|-damage|p2a: 怕疼的小泥鳅|50/100
|
|-heal|p1a: Arkham birbby|94/100|[from] item: Leftovers
|-heal|p2a: 怕疼的小泥鳅|56/100|[from] item: Leftovers
|-damage|p1a: Arkham birbby|82/100|[from] Salt Cure
|upkeep
|turn|25
|
|t:|1779869018
|move|p1a: Arkham birbby|Power Trip|p2a: 怕疼的小泥鳅
|-damage|p2a: 怕疼的小泥鳅|10/100
|move|p2a: 怕疼的小泥鳅|Rest|p2a: 怕疼的小泥鳅
|-status|p2a: 怕疼的小泥鳅|slp|[from] move: Rest
|-heal|p2a: 怕疼的小泥鳅|100/100 slp|[silent]
|
|-heal|p1a: Arkham birbby|88/100|[from] item: Leftovers
|-damage|p1a: Arkham birbby|75/100|[from] Salt Cure
|upkeep
|turn|26
|
|t:|1779869030
|move|p1a: Arkham birbby|Power Trip|p2a: 怕疼的小泥鳅
|-damage|p2a: 怕疼的小泥鳅|56/100 slp
|cant|p2a: 怕疼的小泥鳅|slp
|move|p2a: 怕疼的小泥鳅|Sleep Talk|p2a: 怕疼的小泥鳅
|move|p2a: 怕疼的小泥鳅|Earthquake|p1a: Arkham birbby|[from] move: Sleep Talk
|-damage|p1a: Arkham birbby|56/100
|
|-heal|p1a: Arkham birbby|62/100|[from] item: Leftovers
|-heal|p2a: 怕疼的小泥鳅|63/100 slp|[from] item: Leftovers
|-damage|p1a: Arkham birbby|50/100|[from] Salt Cure
|upkeep
|turn|27
|
|t:|1779869043
|move|p1a: Arkham birbby|Roost|p1a: Arkham birbby
|-heal|p1a: Arkham birbby|99/100
|cant|p2a: 怕疼的小泥鳅|slp
|move|p2a: 怕疼的小泥鳅|Sleep Talk|p2a: 怕疼的小泥鳅
|move|p2a: 怕疼的小泥鳅|Earthquake|p1a: Arkham birbby|[from] move: Sleep Talk
|-damage|p1a: Arkham birbby|83/100
|
|-heal|p1a: Arkham birbby|89/100|[from] item: Leftovers
|-heal|p2a: 怕疼的小泥鳅|69/100 slp|[from] item: Leftovers
|-damage|p1a: Arkham birbby|76/100|[from] Salt Cure
|upkeep
|turn|28
|
|t:|1779869056
|move|p1a: Arkham birbby|Power Trip|p2a: 怕疼的小泥鳅
|-damage|p2a: 怕疼的小泥鳅|22/100 slp
|-curestatus|p2a: 怕疼的小泥鳅|slp|[msg]
|move|p2a: 怕疼的小泥鳅|Rest|p2a: 怕疼的小泥鳅
|-status|p2a: 怕疼的小泥鳅|slp|[from] move: Rest
|-heal|p2a: 怕疼的小泥鳅|100/100 slp|[silent]
|
|-heal|p1a: Arkham birbby|83/100|[from] item: Leftovers
|-damage|p1a: Arkham birbby|70/100|[from] Salt Cure
|upkeep
|turn|29
|
|t:|1779869068
|move|p1a: Arkham birbby|Power Trip|p2a: 怕疼的小泥鳅
|-damage|p2a: 怕疼的小泥鳅|52/100 slp
|cant|p2a: 怕疼的小泥鳅|slp
|move|p2a: 怕疼的小泥鳅|Sleep Talk|p2a: 怕疼的小泥鳅
|move|p2a: 怕疼的小泥鳅|Earthquake|p1a: Arkham birbby|[from] move: Sleep Talk
|-damage|p1a: Arkham birbby|52/100
|
|-heal|p1a: Arkham birbby|58/100|[from] item: Leftovers
|-heal|p2a: 怕疼的小泥鳅|58/100 slp|[from] item: Leftovers
|-damage|p1a: Arkham birbby|46/100|[from] Salt Cure
|upkeep
|turn|30
|
|t:|1779869084
|move|p1a: Arkham birbby|Power Trip|p2a: 怕疼的小泥鳅
|-damage|p2a: 怕疼的小泥鳅|10/100 slp
|cant|p2a: 怕疼的小泥鳅|slp
|move|p2a: 怕疼的小泥鳅|Sleep Talk|p2a: 怕疼的小泥鳅
|move|p2a: 怕疼的小泥鳅|Avalanche|p1a: Arkham birbby|[from] move: Sleep Talk
|-damage|p1a: Arkham birbby|25/100
|
|-heal|p1a: Arkham birbby|31/100|[from] item: Leftovers
|-heal|p2a: 怕疼的小泥鳅|16/100 slp|[from] item: Leftovers
|-damage|p1a: Arkham birbby|19/100|[from] Salt Cure
|upkeep
|turn|31
|
|t:|1779869105
|move|p1a: Arkham birbby|Roost|p1a: Arkham birbby
|-heal|p1a: Arkham birbby|69/100
|-curestatus|p2a: 怕疼的小泥鳅|slp|[msg]
|move|p2a: 怕疼的小泥鳅|Rest|p2a: 怕疼的小泥鳅
|-status|p2a: 怕疼的小泥鳅|slp|[from] move: Rest
|-heal|p2a: 怕疼的小泥鳅|100/100 slp|[silent]
|
|-heal|p1a: Arkham birbby|75/100|[from] item: Leftovers
|-damage|p1a: Arkham birbby|62/100|[from] Salt Cure
|upkeep
|turn|32
|
|t:|1779869117
|move|p1a: Arkham birbby|Power Trip|p2a: 怕疼的小泥鳅
|-damage|p2a: 怕疼的小泥鳅|51/100 slp
|cant|p2a: 怕疼的小泥鳅|slp
|move|p2a: 怕疼的小泥鳅|Sleep Talk|p2a: 怕疼的小泥鳅
|move|p2a: 怕疼的小泥鳅|Rest||[from] move: Sleep Talk|[still]
|-fail|p2a: 怕疼的小泥鳅
|
|-heal|p1a: Arkham birbby|69/100|[from] item: Leftovers
|-heal|p2a: 怕疼的小泥鳅|57/100 slp|[from] item: Leftovers
|-damage|p1a: Arkham birbby|56/100|[from] Salt Cure
|upkeep
|turn|33
|
|t:|1779869142
|move|p1a: Arkham birbby|Power Trip|p2a: 怕疼的小泥鳅
|-damage|p2a: 怕疼的小泥鳅|11/100 slp
|cant|p2a: 怕疼的小泥鳅|slp
|move|p2a: 怕疼的小泥鳅|Sleep Talk|p2a: 怕疼的小泥鳅
|move|p2a: 怕疼的小泥鳅|Rest||[from] move: Sleep Talk|[still]
|-fail|p2a: 怕疼的小泥鳅
|
|-heal|p1a: Arkham birbby|62/100|[from] item: Leftovers
|-heal|p2a: 怕疼的小泥鳅|17/100 slp|[from] item: Leftovers
|-damage|p1a: Arkham birbby|50/100|[from] Salt Cure
|upkeep
|turn|34
|
|t:|1779869148
|move|p1a: Arkham birbby|Power Trip|p2a: 怕疼的小泥鳅
|-damage|p2a: 怕疼的小泥鳅|0 fnt
|faint|p2a: 怕疼的小泥鳅
|
|-heal|p1a: Arkham birbby|56/100|[from] item: Leftovers
|-damage|p1a: Arkham birbby|44/100|[from] Salt Cure
|upkeep
|
|t:|1779869163
|switch|p2a: 怕冷的蝎子|Gliscor, F|81/100 tox
|turn|35
|
|t:|1779869167
|move|p2a: 怕冷的蝎子|Protect|p2a: 怕冷的蝎子
|-singleturn|p2a: 怕冷的蝎子|Protect
|move|p1a: Arkham birbby|Roost|p1a: Arkham birbby
|-heal|p1a: Arkham birbby|94/100
|
|-heal|p1a: Arkham birbby|99/100|[from] item: Leftovers
|-heal|p2a: 怕冷的蝎子|94/100 tox|[from] ability: Poison Heal
|-damage|p1a: Arkham birbby|87/100|[from] Salt Cure
|upkeep
|turn|36
|
|t:|1779869177
|move|p2a: 怕冷的蝎子|Substitute|p2a: 怕冷的蝎子
|-start|p2a: 怕冷的蝎子|Substitute
|-damage|p2a: 怕冷的蝎子|69/100 tox
|move|p1a: Arkham birbby|Power Trip|p2a: 怕冷的蝎子
|-end|p2a: 怕冷的蝎子|Substitute
|
|-heal|p1a: Arkham birbby|94/100|[from] item: Leftovers
|-heal|p2a: 怕冷的蝎子|81/100 tox|[from] ability: Poison Heal
|-damage|p1a: Arkham birbby|81/100|[from] Salt Cure
|upkeep
|turn|37
|
|t:|1779869189
|move|p2a: 怕冷的蝎子|Protect|p2a: 怕冷的蝎子
|-singleturn|p2a: 怕冷的蝎子|Protect
|move|p1a: Arkham birbby|Roost|p1a: Arkham birbby
|-heal|p1a: Arkham birbby|100/100
|
|-heal|p2a: 怕冷的蝎子|94/100 tox|[from] ability: Poison Heal
|-damage|p1a: Arkham birbby|88/100|[from] Salt Cure
|upkeep
|turn|38
|
|t:|1779869198
|move|p2a: 怕冷的蝎子|Substitute|p2a: 怕冷的蝎子
|-start|p2a: 怕冷的蝎子|Substitute
|-damage|p2a: 怕冷的蝎子|69/100 tox
|move|p1a: Arkham birbby|Power Trip|p2a: 怕冷的蝎子
|-end|p2a: 怕冷的蝎子|Substitute
|
|-heal|p1a: Arkham birbby|94/100|[from] item: Leftovers
|-heal|p2a: 怕冷的蝎子|81/100 tox|[from] ability: Poison Heal
|-damage|p1a: Arkham birbby|82/100|[from] Salt Cure
|upkeep
|turn|39
|
|t:|1779869228
|switch|p1a: Edgey|Darkrai, shiny|100/100
|move|p2a: 怕冷的蝎子|Protect||[still]
|-fail|p2a: 怕冷的蝎子
|
|-heal|p2a: 怕冷的蝎子|94/100 tox|[from] ability: Poison Heal
|upkeep
|turn|40
|
|t:|1779869238
|switch|p2a: 粉色胖子|Blissey, F|100/100
|move|p1a: Edgey|Dark Pulse|p2a: 粉色胖子
|-damage|p2a: 粉色胖子|87/100
|
|upkeep
|turn|41
|inactive|magicsalt has 120 seconds left.
|
|t:|1779869275
|switch|p1a: A roc|Glimmora, F, shiny|100/100
|move|p2a: 粉色胖子|Stealth Rock|p1a: A roc
|-sidestart|p1: magicsalt|move: Stealth Rock
|
|upkeep
|turn|42
|
|t:|1779869281
|move|p1a: A roc|Toxic|p2a: 粉色胖子
|-status|p2a: 粉色胖子|tox
|move|p2a: 粉色胖子|Flamethrower|p1a: A roc
|-resisted|p1a: A roc
|-damage|p1a: A roc|91/100
|
|-damage|p2a: 粉色胖子|81/100 tox|[from] psn
|upkeep
|turn|43
|
|t:|1779869290
|-curestatus|p2a: 粉色胖子|tox|[from] ability: Natural Cure|[silent]
|switch|p2a: 怕冷的蝎子|Gliscor, F|94/100 tox
|move|p1a: A roc|Mortal Spin|p2a: 怕冷的蝎子
|-resisted|p2a: 怕冷的蝎子
|-damage|p2a: 怕冷的蝎子|92/100 tox
|-sideend|p1: magicsalt|Stealth Rock|[from] move: Mortal Spin|[of] p1a: A roc
|
|-heal|p2a: 怕冷的蝎子|100/100 tox|[from] ability: Poison Heal
|upkeep
|turn|44
|inactive|magicsalt has 120 seconds left.
|
|t:|1779869302
|move|p1a: A roc|Stealth Rock|p2a: 怕冷的蝎子
|-sidestart|p2: xiaokayiha|move: Stealth Rock
|move|p2a: 怕冷的蝎子|Substitute|p2a: 怕冷的蝎子
|-start|p2a: 怕冷的蝎子|Substitute
|-damage|p2a: 怕冷的蝎子|76/100 tox
|
|-heal|p2a: 怕冷的蝎子|88/100 tox|[from] ability: Poison Heal
|upkeep
|turn|45
|inactive|magicsalt has 120 seconds left.
|
|t:|1779869314
|move|p1a: A roc|Mortal Spin|p2a: 怕冷的蝎子
|-resisted|p2a: 怕冷的蝎子
|-activate|p2a: 怕冷的蝎子|move: Substitute|[damage]
|move|p2a: 怕冷的蝎子|Earthquake|p1a: A roc
|-supereffective|p1a: A roc
|-damage|p1a: A roc|0 fnt
|faint|p1a: A roc
|
|-heal|p2a: 怕冷的蝎子|100/100 tox|[from] ability: Poison Heal
|upkeep
|
|t:|1779869333
|switch|p1a: Edgey|Darkrai, shiny|100/100
|turn|46
|
|t:|1779869339
|move|p1a: Edgey|Dark Pulse|p2a: 怕冷的蝎子
|-end|p2a: 怕冷的蝎子|Substitute
|move|p2a: 怕冷的蝎子|Toxic|p1a: Edgey|[miss]
|-miss|p2a: 怕冷的蝎子|p1a: Edgey
|
|upkeep
|turn|47
|
|t:|1779869345
|move|p2a: 怕冷的蝎子|Protect|p2a: 怕冷的蝎子
|-singleturn|p2a: 怕冷的蝎子|Protect
|move|p1a: Edgey|Dark Pulse|p2a: 怕冷的蝎子
|-activate|p2a: 怕冷的蝎子|move: Protect
|
|upkeep
|turn|48
|
|t:|1779869351
|move|p1a: Edgey|Dark Pulse|p2a: 怕冷的蝎子
|-damage|p2a: 怕冷的蝎子|52/100 tox
|move|p2a: 怕冷的蝎子|Toxic|p1a: Edgey|[miss]
|-miss|p2a: 怕冷的蝎子|p1a: Edgey
|
|-heal|p2a: 怕冷的蝎子|65/100 tox|[from] ability: Poison Heal
|upkeep
|turn|49
|
|t:|1779869356
|move|p2a: 怕冷的蝎子|Protect|p2a: 怕冷的蝎子
|-singleturn|p2a: 怕冷的蝎子|Protect
|move|p1a: Edgey|Dark Pulse|p2a: 怕冷的蝎子
|-activate|p2a: 怕冷的蝎子|move: Protect
|
|-heal|p2a: 怕冷的蝎子|77/100 tox|[from] ability: Poison Heal
|upkeep
|turn|50
|
|t:|1779869361
|move|p1a: Edgey|Dark Pulse|p2a: 怕冷的蝎子
|-damage|p2a: 怕冷的蝎子|28/100 tox
|cant|p2a: 怕冷的蝎子|flinch
|
|-heal|p2a: 怕冷的蝎子|40/100 tox|[from] ability: Poison Heal
|upkeep
|turn|51
|c|☆xiaokayiha|？
|
|t:|1779869381
|move|p2a: 怕冷的蝎子|Protect|p2a: 怕冷的蝎子
|-singleturn|p2a: 怕冷的蝎子|Protect
|move|p1a: Edgey|Dark Pulse|p2a: 怕冷的蝎子
|-activate|p2a: 怕冷的蝎子|move: Protect
|
|-heal|p2a: 怕冷的蝎子|52/100 tox|[from] ability: Poison Heal
|upkeep
|turn|52
|
|t:|1779869386
|switch|p2a: 粉色胖子|Blissey, F|81/100
|-damage|p2a: 粉色胖子|69/100|[from] Stealth Rock
|move|p1a: Edgey|Dark Pulse|p2a: 粉色胖子
|-damage|p2a: 粉色胖子|57/100
|
|upkeep
|turn|53
|
|t:|1779869409
|switch|p1a: Fatty whopper|Blissey, F|100/100
|move|p2a: 粉色胖子|Stealth Rock|p1a: Fatty whopper
|-sidestart|p1: magicsalt|move: Stealth Rock
|
|upkeep
|turn|54
|
|t:|1779869414
|move|p2a: 粉色胖子|Soft-Boiled|p2a: 粉色胖子
|-heal|p2a: 粉色胖子|100/100
|move|p1a: Fatty whopper|Seismic Toss|p2a: 粉色胖子
|-damage|p2a: 粉色胖子|86/100
|
|upkeep
|turn|55
|
|t:|1779869422
|switch|p2a: 曼波~|Alomomola, F|100/100
|-damage|p2a: 曼波~|88/100|[from] Stealth Rock
|move|p1a: Fatty whopper|Seismic Toss|p2a: 曼波~
|-damage|p2a: 曼波~|69/100
|
|upkeep
|turn|56
|
|t:|1779869433
|switch|p1a: Edgey|Darkrai, shiny|100/100
|-damage|p1a: Edgey|88/100|[from] Stealth Rock
|move|p2a: 曼波~|Wish|p2a: 曼波~
|
|upkeep
|turn|57
|
|t:|1779869444
|move|p1a: Edgey|Dark Pulse|p2a: 曼波~
|-damage|p2a: 曼波~|40/100
|move|p2a: 曼波~|Flip Turn|p1a: Edgey
|-damage|p1a: Edgey|67/100
|
|t:|1779869449
|switch|p2a: 怕冷的蝎子|Gliscor, F|52/100 tox|[from] Flip Turn
|-damage|p2a: 怕冷的蝎子|40/100 tox|[from] Stealth Rock
|
|-heal|p2a: 怕冷的蝎子|100/100 tox|[from] move: Wish|[wisher] 曼波~
|upkeep
|turn|58
|
|t:|1779869457
|move|p1a: Edgey|Dark Pulse|p2a: 怕冷的蝎子
|-damage|p2a: 怕冷的蝎子|51/100 tox
|move|p2a: 怕冷的蝎子|Toxic|p1a: Edgey
|-status|p1a: Edgey|tox
|
|-damage|p1a: Edgey|61/100 tox|[from] psn
|-heal|p2a: 怕冷的蝎子|63/100 tox|[from] ability: Poison Heal
|upkeep
|turn|59
|
|t:|1779869467
|switch|p1a: Fatty whopper|Blissey, F|100/100
|-damage|p1a: Fatty whopper|88/100|[from] Stealth Rock
|move|p2a: 怕冷的蝎子|Protect||[still]
|-fail|p2a: 怕冷的蝎子
|
|-heal|p1a: Fatty whopper|94/100|[from] item: Leftovers
|-heal|p2a: 怕冷的蝎子|76/100 tox|[from] ability: Poison Heal
|upkeep
|turn|60
|
|t:|1779869470
|move|p2a: 怕冷的蝎子|Substitute|p2a: 怕冷的蝎子
|-start|p2a: 怕冷的蝎子|Substitute
|-damage|p2a: 怕冷的蝎子|51/100 tox
|move|p1a: Fatty whopper|Heal Bell|p1a: Fatty whopper
|-activate|p1a: Fatty whopper|move: Heal Bell
|-curestatus|p1: Edgey|tox|[msg]
|
|-heal|p1a: Fatty whopper|99/100|[from] item: Leftovers
|-heal|p2a: 怕冷的蝎子|63/100 tox|[from] ability: Poison Heal
|upkeep
|turn|61
|
|t:|1779869487
|move|p2a: 怕冷的蝎子|Toxic|p1a: Fatty whopper
|-status|p1a: Fatty whopper|tox
|move|p1a: Fatty whopper|Seismic Toss|p2a: 怕冷的蝎子
|-end|p2a: 怕冷的蝎子|Substitute
|
|-heal|p1a: Fatty whopper|100/100 tox|[from] item: Leftovers
|-heal|p2a: 怕冷的蝎子|76/100 tox|[from] ability: Poison Heal
|-damage|p1a: Fatty whopper|94/100 tox|[from] psn
|upkeep
|turn|62
|
|t:|1779869496
|move|p2a: 怕冷的蝎子|Substitute|p2a: 怕冷的蝎子
|-start|p2a: 怕冷的蝎子|Substitute
|-damage|p2a: 怕冷的蝎子|51/100 tox
|move|p1a: Fatty whopper|Heal Bell|p1a: Fatty whopper
|-activate|p1a: Fatty whopper|move: Heal Bell
|-curestatus|p1a: Fatty whopper|tox|[msg]
|
|-heal|p1a: Fatty whopper|100/100|[from] item: Leftovers
|-heal|p2a: 怕冷的蝎子|63/100 tox|[from] ability: Poison Heal
|upkeep
|turn|63
|
|t:|1779869506
|move|p2a: 怕冷的蝎子|Toxic|p1a: Fatty whopper
|-status|p1a: Fatty whopper|tox
|move|p1a: Fatty whopper|Seismic Toss|p2a: 怕冷的蝎子
|-end|p2a: 怕冷的蝎子|Substitute
|
|-heal|p2a: 怕冷的蝎子|76/100 tox|[from] ability: Poison Heal
|-damage|p1a: Fatty whopper|94/100 tox|[from] psn
|upkeep
|turn|64
|
|t:|1779869510
|move|p2a: 怕冷的蝎子|Protect|p2a: 怕冷的蝎子
|-singleturn|p2a: 怕冷的蝎子|Protect
|move|p1a: Fatty whopper|Heal Bell|p1a: Fatty whopper
|-activate|p1a: Fatty whopper|move: Heal Bell
|-curestatus|p1a: Fatty whopper|tox|[msg]
|
|-heal|p1a: Fatty whopper|100/100|[from] item: Leftovers
|-heal|p2a: 怕冷的蝎子|88/100 tox|[from] ability: Poison Heal
|upkeep
|turn|65
|
|t:|1779869516
|move|p2a: 怕冷的蝎子|Earthquake|p1a: Fatty whopper
|-damage|p1a: Fatty whopper|73/100
|move|p1a: Fatty whopper|Seismic Toss|p2a: 怕冷的蝎子
|-damage|p2a: 怕冷的蝎子|60/100 tox
|
|-heal|p1a: Fatty whopper|79/100|[from] item: Leftovers
|-heal|p2a: 怕冷的蝎子|73/100 tox|[from] ability: Poison Heal
|upkeep
|turn|66
|
|t:|1779869526
|move|p2a: 怕冷的蝎子|Substitute|p2a: 怕冷的蝎子
|-start|p2a: 怕冷的蝎子|Substitute
|-damage|p2a: 怕冷的蝎子|48/100 tox
|move|p1a: Fatty whopper|Seismic Toss|p2a: 怕冷的蝎子
|-end|p2a: 怕冷的蝎子|Substitute
|
|-heal|p1a: Fatty whopper|85/100|[from] item: Leftovers
|-heal|p2a: 怕冷的蝎子|60/100 tox|[from] ability: Poison Heal
|upkeep
|turn|67
|
|t:|1779869533
|move|p2a: 怕冷的蝎子|Earthquake|p1a: Fatty whopper
|-damage|p1a: Fatty whopper|56/100
|move|p1a: Fatty whopper|Seismic Toss|p2a: 怕冷的蝎子
|-damage|p2a: 怕冷的蝎子|32/100 tox
|
|-heal|p1a: Fatty whopper|62/100|[from] item: Leftovers
|-heal|p2a: 怕冷的蝎子|44/100 tox|[from] ability: Poison Heal
|upkeep
|turn|68
|
|t:|1779869545
|move|p2a: 怕冷的蝎子|Protect|p2a: 怕冷的蝎子
|-singleturn|p2a: 怕冷的蝎子|Protect
|move|p1a: Fatty whopper|Seismic Toss|p2a: 怕冷的蝎子
|-activate|p2a: 怕冷的蝎子|move: Protect
|
|-heal|p1a: Fatty whopper|69/100|[from] item: Leftovers
|-heal|p2a: 怕冷的蝎子|57/100 tox|[from] ability: Poison Heal
|upkeep
|turn|69
|
|t:|1779869555
|switch|p2a: 勇鸟猛攻|Corviknight, F|100/100
|-damage|p2a: 勇鸟猛攻|88/100|[from] Stealth Rock
|-ability|p2a: 勇鸟猛攻|Pressure
|move|p1a: Fatty whopper|Seismic Toss|p2a: 勇鸟猛攻
|-damage|p2a: 勇鸟猛攻|63/100
|-damage|p1a: Fatty whopper|52/100|[from] item: Rocky Helmet|[of] p2a: 勇鸟猛攻
|
|-heal|p1a: Fatty whopper|58/100|[from] item: Leftovers
|upkeep
|turn|70
|
|t:|1779869567
|move|p1a: Fatty whopper|Protect|p1a: Fatty whopper
|-singleturn|p1a: Fatty whopper|Protect
|move|p2a: 勇鸟猛攻|Body Press|p1a: Fatty whopper
|-activate|p1a: Fatty whopper|move: Protect
|
|-heal|p1a: Fatty whopper|64/100|[from] item: Leftovers
|upkeep
|turn|71
|
|t:|1779869575
|switch|p1a: Spikey thingy|Toxapex, M|100/100
|-damage|p1a: Spikey thingy|88/100|[from] Stealth Rock
|move|p2a: 勇鸟猛攻|Body Press|p1a: Spikey thingy
|-resisted|p1a: Spikey thingy
|-damage|p1a: Spikey thingy|82/100
|
|-heal|p1a: Spikey thingy|89/100|[from] item: Leftovers
|upkeep
|turn|72
|
|t:|1779869587
|move|p2a: 勇鸟猛攻|Roost|p2a: 勇鸟猛攻
|-heal|p2a: 勇鸟猛攻|100/100
|-singleturn|p2a: 勇鸟猛攻|move: Roost
|move|p1a: Spikey thingy|Infestation|p2a: 勇鸟猛攻
|-resisted|p2a: 勇鸟猛攻
|-damage|p2a: 勇鸟猛攻|99/100
|-activate|p2a: 勇鸟猛攻|move: Infestation|[of] p1a: Spikey thingy
|-damage|p1a: Spikey thingy|72/100|[from] item: Rocky Helmet|[of] p2a: 勇鸟猛攻
|
|-heal|p1a: Spikey thingy|78/100|[from] item: Leftovers
|-damage|p2a: 勇鸟猛攻|87/100|[from] move: Infestation|[partiallytrapped]
|upkeep
|turn|73
|
|t:|1779869599
|move|p2a: 勇鸟猛攻|Iron Defense|p2a: 勇鸟猛攻
|-boost|p2a: 勇鸟猛攻|def|2
|move|p1a: Spikey thingy|Haze|p1a: Spikey thingy
|-clearallboost
|
|-heal|p1a: Spikey thingy|85/100|[from] item: Leftovers
|-damage|p2a: 勇鸟猛攻|75/100|[from] move: Infestation|[partiallytrapped]
|upkeep
|turn|74
|
|t:|1779869609
|move|p2a: 勇鸟猛攻|Body Press|p1a: Spikey thingy
|-resisted|p1a: Spikey thingy
|-damage|p1a: Spikey thingy|79/100
|move|p1a: Spikey thingy|Haze|p1a: Spikey thingy
|-clearallboost
|
|-heal|p1a: Spikey thingy|85/100|[from] item: Leftovers
|-damage|p2a: 勇鸟猛攻|63/100|[from] move: Infestation|[partiallytrapped]
|upkeep
|turn|75
|
|t:|1779869617
|move|p2a: 勇鸟猛攻|Defog|p1a: Spikey thingy
|-unboost|p1a: Spikey thingy|evasion|1
|-sideend|p1: magicsalt|Stealth Rock|[from] move: Defog|[of] p2a: 勇鸟猛攻
|-sideend|p2: xiaokayiha|Stealth Rock|[from] move: Defog|[of] p2a: 勇鸟猛攻
|move|p1a: Spikey thingy|Haze|p1a: Spikey thingy
|-clearallboost
|
|-heal|p1a: Spikey thingy|91/100|[from] item: Leftovers
|-damage|p2a: 勇鸟猛攻|50/100|[from] move: Infestation|[partiallytrapped]
|upkeep
|turn|76
|
|t:|1779869629
|move|p1a: Spikey thingy|Baneful Bunker|p1a: Spikey thingy
|-singleturn|p1a: Spikey thingy|move: Protect
|move|p2a: 勇鸟猛攻|Defog|p1a: Spikey thingy
|-activate|p1a: Spikey thingy|move: Protect
|
|-heal|p1a: Spikey thingy|98/100|[from] item: Leftovers
|-end|p2a: 勇鸟猛攻|Infestation|[partiallytrapped]
|upkeep
|turn|77
|
|t:|1779869638
|move|p2a: 勇鸟猛攻|Roost|p2a: 勇鸟猛攻
|-heal|p2a: 勇鸟猛攻|100/100
|-singleturn|p2a: 勇鸟猛攻|move: Roost
|move|p1a: Spikey thingy|Infestation|p2a: 勇鸟猛攻
|-resisted|p2a: 勇鸟猛攻
|-damage|p2a: 勇鸟猛攻|99/100
|-activate|p2a: 勇鸟猛攻|move: Infestation|[of] p1a: Spikey thingy
|-damage|p1a: Spikey thingy|81/100|[from] item: Rocky Helmet|[of] p2a: 勇鸟猛攻
|
|-heal|p1a: Spikey thingy|87/100|[from] item: Leftovers
|-damage|p2a: 勇鸟猛攻|87/100|[from] move: Infestation|[partiallytrapped]
|upkeep
|turn|78
|
|t:|1779869650
|move|p2a: 勇鸟猛攻|Defog|p1a: Spikey thingy
|-unboost|p1a: Spikey thingy|evasion|1
|move|p1a: Spikey thingy|Haze|p1a: Spikey thingy
|-clearallboost
|
|-heal|p1a: Spikey thingy|94/100|[from] item: Leftovers
|-damage|p2a: 勇鸟猛攻|75/100|[from] move: Infestation|[partiallytrapped]
|upkeep
|turn|79
|
|t:|1779869656
|move|p2a: 勇鸟猛攻|Defog|p1a: Spikey thingy
|-unboost|p1a: Spikey thingy|evasion|1
|move|p1a: Spikey thingy|Haze|p1a: Spikey thingy
|-clearallboost
|
|-heal|p1a: Spikey thingy|99/100|[from] item: Leftovers
|-damage|p2a: 勇鸟猛攻|63/100|[from] move: Infestation|[partiallytrapped]
|upkeep
|turn|80
|
|t:|1779869662
|move|p2a: 勇鸟猛攻|Defog|p1a: Spikey thingy
|-unboost|p1a: Spikey thingy|evasion|1
|move|p1a: Spikey thingy|Haze|p1a: Spikey thingy
|-clearallboost
|
|-heal|p1a: Spikey thingy|100/100|[from] item: Leftovers
|-damage|p2a: 勇鸟猛攻|50/100|[from] move: Infestation|[partiallytrapped]
|upkeep
|turn|81
|
|t:|1779869664
|move|p2a: 勇鸟猛攻|Roost|p2a: 勇鸟猛攻
|-heal|p2a: 勇鸟猛攻|100/100
|-singleturn|p2a: 勇鸟猛攻|move: Roost
|move|p1a: Spikey thingy|Haze|p1a: Spikey thingy
|-clearallboost
|
|-damage|p2a: 勇鸟猛攻|88/100|[from] move: Infestation|[partiallytrapped]
|upkeep
|turn|82
|
|t:|1779869671
|move|p1a: Spikey thingy|Baneful Bunker|p1a: Spikey thingy
|-singleturn|p1a: Spikey thingy|move: Protect
|move|p2a: 勇鸟猛攻|Defog|p1a: Spikey thingy
|-activate|p1a: Spikey thingy|move: Protect
|
|-end|p2a: 勇鸟猛攻|Infestation|[partiallytrapped]
|upkeep
|turn|83
|
|t:|1779869678
|switch|p2a: 怕冷的蝎子|Gliscor, F|57/100 tox
|move|p1a: Spikey thingy|Infestation|p2a: 怕冷的蝎子
|-resisted|p2a: 怕冷的蝎子
|-damage|p2a: 怕冷的蝎子|55/100 tox
|-activate|p2a: 怕冷的蝎子|move: Infestation|[of] p1a: Spikey thingy
|
|-heal|p2a: 怕冷的蝎子|67/100 tox|[from] ability: Poison Heal
|-damage|p2a: 怕冷的蝎子|55/100 tox|[from] move: Infestation|[partiallytrapped]
|upkeep
|turn|84
|
|t:|1779869689
|switch|p1a: Edgey|Darkrai, shiny|61/100
|move|p2a: 怕冷的蝎子|Substitute|p2a: 怕冷的蝎子
|-start|p2a: 怕冷的蝎子|Substitute
|-end|p2a: 怕冷的蝎子|Infestation|[partiallytrapped]|[silent]
|-damage|p2a: 怕冷的蝎子|30/100 tox
|
|-heal|p2a: 怕冷的蝎子|43/100 tox|[from] ability: Poison Heal
|upkeep
|turn|85
|
|t:|1779869702
|move|p2a: 怕冷的蝎子|Protect|p2a: 怕冷的蝎子
|-singleturn|p2a: 怕冷的蝎子|Protect
|move|p1a: Edgey|Dark Pulse|p2a: 怕冷的蝎子
|-activate|p2a: 怕冷的蝎子|move: Protect
|
|-heal|p2a: 怕冷的蝎子|55/100 tox|[from] ability: Poison Heal
|upkeep
|turn|86
|
|t:|1779869708
|move|p1a: Edgey|Dark Pulse|p2a: 怕冷的蝎子
|-end|p2a: 怕冷的蝎子|Substitute
|move|p2a: 怕冷的蝎子|Toxic|p1a: Edgey|[miss]
|-miss|p2a: 怕冷的蝎子|p1a: Edgey
|
|-heal|p2a: 怕冷的蝎子|67/100 tox|[from] ability: Poison Heal
|upkeep
|turn|87
|
|t:|1779869714
|move|p2a: 怕冷的蝎子|Protect|p2a: 怕冷的蝎子
|-singleturn|p2a: 怕冷的蝎子|Protect
|move|p1a: Edgey|Dark Pulse|p2a: 怕冷的蝎子
|-activate|p2a: 怕冷的蝎子|move: Protect
|
|-heal|p2a: 怕冷的蝎子|80/100 tox|[from] ability: Poison Heal
|upkeep
|turn|88
|
|t:|1779869720
|switch|p2a: 粉色胖子|Blissey, F|86/100
|move|p1a: Edgey|Dark Pulse|p2a: 粉色胖子
|-damage|p2a: 粉色胖子|75/100
|
|upkeep
|turn|89
|
|t:|1779869741
|switch|p1a: Arkham birbby|Corviknight, M, tera:Dark|82/100
|-ability|p1a: Arkham birbby|Unnerve
|move|p2a: 粉色胖子|Stealth Rock|p1a: Arkham birbby
|-sidestart|p1: magicsalt|move: Stealth Rock
|
|-heal|p1a: Arkham birbby|88/100|[from] item: Leftovers
|upkeep
|turn|90
|
|t:|1779869750
|switch|p2a: 勇鸟猛攻|Corviknight, F|88/100
|-ability|p2a: 勇鸟猛攻|Pressure
|move|p1a: Arkham birbby|Bulk Up|p1a: Arkham birbby
|-boost|p1a: Arkham birbby|atk|1
|-boost|p1a: Arkham birbby|def|1
|
|-heal|p1a: Arkham birbby|94/100|[from] item: Leftovers
|upkeep
|turn|91
|
|t:|1779869760
|move|p1a: Arkham birbby|Bulk Up|p1a: Arkham birbby
|-boost|p1a: Arkham birbby|atk|1
|-boost|p1a: Arkham birbby|def|1
|move|p2a: 勇鸟猛攻|Iron Defense|p2a: 勇鸟猛攻
|-boost|p2a: 勇鸟猛攻|def|2
|
|-heal|p1a: Arkham birbby|100/100|[from] item: Leftovers
|upkeep
|turn|92
|
|t:|1779869766
|move|p1a: Arkham birbby|Bulk Up|p1a: Arkham birbby
|-boost|p1a: Arkham birbby|atk|1
|-boost|p1a: Arkham birbby|def|1
|move|p2a: 勇鸟猛攻|Iron Defense|p2a: 勇鸟猛攻
|-boost|p2a: 勇鸟猛攻|def|2
|
|upkeep
|turn|93
|
|t:|1779869773
|move|p1a: Arkham birbby|Bulk Up|p1a: Arkham birbby
|-boost|p1a: Arkham birbby|atk|1
|-boost|p1a: Arkham birbby|def|1
|move|p2a: 勇鸟猛攻|Iron Defense|p2a: 勇鸟猛攻
|-boost|p2a: 勇鸟猛攻|def|2
|
|upkeep
|turn|94
|
|t:|1779869780
|move|p1a: Arkham birbby|Bulk Up|p1a: Arkham birbby
|-boost|p1a: Arkham birbby|atk|1
|-boost|p1a: Arkham birbby|def|1
|move|p2a: 勇鸟猛攻|Body Press|p1a: Arkham birbby
|-supereffective|p1a: Arkham birbby
|-damage|p1a: Arkham birbby|63/100
|
|-heal|p1a: Arkham birbby|69/100|[from] item: Leftovers
|upkeep
|turn|95
|
|t:|1779869790
|move|p1a: Arkham birbby|Bulk Up|p1a: Arkham birbby
|-boost|p1a: Arkham birbby|atk|1
|-boost|p1a: Arkham birbby|def|1
|move|p2a: 勇鸟猛攻|Body Press|p1a: Arkham birbby
|-supereffective|p1a: Arkham birbby
|-damage|p1a: Arkham birbby|36/100
|
|-heal|p1a: Arkham birbby|42/100|[from] item: Leftovers
|upkeep
|turn|96
|
|t:|1779869808
|move|p1a: Arkham birbby|Roost|p1a: Arkham birbby
|-heal|p1a: Arkham birbby|92/100
|move|p2a: 勇鸟猛攻|Body Press|p1a: Arkham birbby
|-supereffective|p1a: Arkham birbby
|-damage|p1a: Arkham birbby|59/100
|
|-heal|p1a: Arkham birbby|65/100|[from] item: Leftovers
|upkeep
|turn|97
|
|t:|1779869818
|move|p1a: Arkham birbby|Power Trip|p2a: 勇鸟猛攻
|-damage|p2a: 勇鸟猛攻|26/100
|-damage|p1a: Arkham birbby|49/100|[from] item: Rocky Helmet|[of] p2a: 勇鸟猛攻
|move|p2a: 勇鸟猛攻|Body Press|p1a: Arkham birbby
|-supereffective|p1a: Arkham birbby
|-damage|p1a: Arkham birbby|16/100
|
|-heal|p1a: Arkham birbby|22/100|[from] item: Leftovers
|upkeep
|turn|98
|
|t:|1779869828
|move|p1a: Arkham birbby|Roost|p1a: Arkham birbby
|-heal|p1a: Arkham birbby|72/100
|move|p2a: 勇鸟猛攻|Roost|p2a: 勇鸟猛攻
|-heal|p2a: 勇鸟猛攻|76/100
|-singleturn|p2a: 勇鸟猛攻|move: Roost
|
|-heal|p1a: Arkham birbby|79/100|[from] item: Leftovers
|upkeep
|turn|99
|
|t:|1779869838
|move|p1a: Arkham birbby|Defog|p2a: 勇鸟猛攻
|-unboost|p2a: 勇鸟猛攻|evasion|1
|-sideend|p1: magicsalt|Stealth Rock|[from] move: Defog|[of] p1a: Arkham birbby
|move|p2a: 勇鸟猛攻|Roost|p2a: 勇鸟猛攻
|-heal|p2a: 勇鸟猛攻|100/100
|-singleturn|p2a: 勇鸟猛攻|move: Roost
|
|-heal|p1a: Arkham birbby|85/100|[from] item: Leftovers
|upkeep
|turn|100
|
|t:|1779869849
|move|p1a: Arkham birbby|Roost|p1a: Arkham birbby
|-heal|p1a: Arkham birbby|100/100
|move|p2a: 勇鸟猛攻|Body Press|p1a: Arkham birbby
|-supereffective|p1a: Arkham birbby
|-damage|p1a: Arkham birbby|67/100
|
|-heal|p1a: Arkham birbby|74/100|[from] item: Leftovers
|upkeep
|turn|101
|
|t:|1779869861
|move|p1a: Arkham birbby|Defog|p2a: 勇鸟猛攻
|-unboost|p2a: 勇鸟猛攻|evasion|1
|move|p2a: 勇鸟猛攻|Body Press|p1a: Arkham birbby
|-supereffective|p1a: Arkham birbby
|-damage|p1a: Arkham birbby|39/100
|
|-heal|p1a: Arkham birbby|45/100|[from] item: Leftovers
|upkeep
|turn|102
|
|t:|1779869868
|switch|p2a: 岩王帝君可是龙啊！|Garganacl, M|88/100
|move|p1a: Arkham birbby|Defog|p2a: 岩王帝君可是龙啊！
|-unboost|p2a: 岩王帝君可是龙啊！|evasion|1
|
|-heal|p1a: Arkham birbby|52/100|[from] item: Leftovers
|-heal|p2a: 岩王帝君可是龙啊！|94/100|[from] item: Leftovers
|upkeep
|turn|103
|
|t:|1779869877
|move|p1a: Arkham birbby|Defog|p2a: 岩王帝君可是龙啊！
|-unboost|p2a: 岩王帝君可是龙啊！|evasion|1
|move|p2a: 岩王帝君可是龙啊！|Block|p1a: Arkham birbby
|-activate|p1a: Arkham birbby|trapped
|
|-heal|p1a: Arkham birbby|58/100|[from] item: Leftovers
|-heal|p2a: 岩王帝君可是龙啊！|99/100|[from] item: Leftovers
|upkeep
|turn|104
|
|t:|1779869883
|move|p1a: Arkham birbby|Defog|p2a: 岩王帝君可是龙啊！
|-unboost|p2a: 岩王帝君可是龙啊！|evasion|1
|move|p2a: 岩王帝君可是龙啊！|Iron Defense|p2a: 岩王帝君可是龙啊！
|-boost|p2a: 岩王帝君可是龙啊！|def|2
|
|-heal|p1a: Arkham birbby|64/100|[from] item: Leftovers
|-heal|p2a: 岩王帝君可是龙啊！|100/100|[from] item: Leftovers
|upkeep
|turn|105
|
|t:|1779869887
|move|p1a: Arkham birbby|Defog|p2a: 岩王帝君可是龙啊！
|-unboost|p2a: 岩王帝君可是龙啊！|evasion|1
|move|p2a: 岩王帝君可是龙啊！|Iron Defense|p2a: 岩王帝君可是龙啊！
|-boost|p2a: 岩王帝君可是龙啊！|def|2
|
|-heal|p1a: Arkham birbby|70/100|[from] item: Leftovers
|upkeep
|turn|106
|
|t:|1779869891
|move|p1a: Arkham birbby|Defog|p2a: 岩王帝君可是龙啊！
|-unboost|p2a: 岩王帝君可是龙啊！|evasion|1
|move|p2a: 岩王帝君可是龙啊！|Iron Defense|p2a: 岩王帝君可是龙啊！
|-boost|p2a: 岩王帝君可是龙啊！|def|2
|
|-heal|p1a: Arkham birbby|77/100|[from] item: Leftovers
|upkeep
|turn|107
|
|t:|1779869896
|move|p1a: Arkham birbby|Defog|p2a: 岩王帝君可是龙啊！
|-unboost|p2a: 岩王帝君可是龙啊！|evasion|1
|move|p2a: 岩王帝君可是龙啊！|Salt Cure|p1a: Arkham birbby
|-damage|p1a: Arkham birbby|73/100
|-start|p1a: Arkham birbby|Salt Cure
|
|-heal|p1a: Arkham birbby|80/100|[from] item: Leftovers
|-damage|p1a: Arkham birbby|67/100|[from] Salt Cure
|upkeep
|turn|108
|
|t:|1779869900
|move|p1a: Arkham birbby|Bulk Up|p1a: Arkham birbby
|-boost|p1a: Arkham birbby|atk|0
|-boost|p1a: Arkham birbby|def|0
|move|p2a: 岩王帝君可是龙啊！|Iron Defense|p2a: 岩王帝君可是龙啊！
|-boost|p2a: 岩王帝君可是龙啊！|def|0
|
|-heal|p1a: Arkham birbby|73/100|[from] item: Leftovers
|-damage|p1a: Arkham birbby|61/100|[from] Salt Cure
|upkeep
|turn|109
|
|t:|1779869905
|move|p1a: Arkham birbby|Bulk Up|p1a: Arkham birbby
|-boost|p1a: Arkham birbby|atk|0
|-boost|p1a: Arkham birbby|def|0
|move|p2a: 岩王帝君可是龙啊！|Iron Defense|p2a: 岩王帝君可是龙啊！
|-boost|p2a: 岩王帝君可是龙啊！|def|0
|
|-heal|p1a: Arkham birbby|67/100|[from] item: Leftovers
|-damage|p1a: Arkham birbby|55/100|[from] Salt Cure
|upkeep
|turn|110
|
|t:|1779869909
|move|p1a: Arkham birbby|Bulk Up|p1a: Arkham birbby
|-boost|p1a: Arkham birbby|atk|0
|-boost|p1a: Arkham birbby|def|0
|move|p2a: 岩王帝君可是龙啊！|Iron Defense|p2a: 岩王帝君可是龙啊！
|-boost|p2a: 岩王帝君可是龙啊！|def|0
|
|-heal|p1a: Arkham birbby|61/100|[from] item: Leftovers
|-damage|p1a: Arkham birbby|48/100|[from] Salt Cure
|upkeep
|turn|111
|
|t:|1779869912
|move|p1a: Arkham birbby|Bulk Up|p1a: Arkham birbby
|-boost|p1a: Arkham birbby|atk|0
|-boost|p1a: Arkham birbby|def|0
|move|p2a: 岩王帝君可是龙啊！|Salt Cure|p1a: Arkham birbby
|-damage|p1a: Arkham birbby|45/100
|
|-heal|p1a: Arkham birbby|52/100|[from] item: Leftovers
|-damage|p1a: Arkham birbby|39/100|[from] Salt Cure
|upkeep
|turn|112
|
|t:|1779869926
|move|p1a: Arkham birbby|Bulk Up|p1a: Arkham birbby
|-boost|p1a: Arkham birbby|atk|0
|-boost|p1a: Arkham birbby|def|0
|move|p2a: 岩王帝君可是龙啊！|Salt Cure|p1a: Arkham birbby
|-damage|p1a: Arkham birbby|36/100
|
|-heal|p1a: Arkham birbby|42/100|[from] item: Leftovers
|-damage|p1a: Arkham birbby|30/100|[from] Salt Cure
|upkeep
|turn|113
|
|t:|1779869936
|move|p1a: Arkham birbby|Bulk Up|p1a: Arkham birbby
|-boost|p1a: Arkham birbby|atk|0
|-boost|p1a: Arkham birbby|def|0
|move|p2a: 岩王帝君可是龙啊！|Salt Cure|p1a: Arkham birbby
|-damage|p1a: Arkham birbby|27/100
|
|-heal|p1a: Arkham birbby|33/100|[from] item: Leftovers
|-damage|p1a: Arkham birbby|20/100|[from] Salt Cure
|upkeep
|turn|114
|
|t:|1779869938
|move|p1a: Arkham birbby|Bulk Up|p1a: Arkham birbby
|-boost|p1a: Arkham birbby|atk|0
|-boost|p1a: Arkham birbby|def|0
|move|p2a: 岩王帝君可是龙啊！|Salt Cure|p1a: Arkham birbby
|-damage|p1a: Arkham birbby|17/100
|
|-heal|p1a: Arkham birbby|23/100|[from] item: Leftovers
|-damage|p1a: Arkham birbby|11/100|[from] Salt Cure
|upkeep
|turn|115
|
|t:|1779869939
|move|p1a: Arkham birbby|Bulk Up|p1a: Arkham birbby
|-boost|p1a: Arkham birbby|atk|0
|-boost|p1a: Arkham birbby|def|0
|move|p2a: 岩王帝君可是龙啊！|Salt Cure|p1a: Arkham birbby
|-damage|p1a: Arkham birbby|8/100
|
|-heal|p1a: Arkham birbby|14/100|[from] item: Leftovers
|-damage|p1a: Arkham birbby|1/100|[from] Salt Cure
|upkeep
|turn|116
|
|t:|1779869942
|move|p1a: Arkham birbby|Bulk Up|p1a: Arkham birbby
|-boost|p1a: Arkham birbby|atk|0
|-boost|p1a: Arkham birbby|def|0
|move|p2a: 岩王帝君可是龙啊！|Iron Defense|p2a: 岩王帝君可是龙啊！
|-boost|p2a: 岩王帝君可是龙啊！|def|0
|
|-heal|p1a: Arkham birbby|8/100|[from] item: Leftovers
|-damage|p1a: Arkham birbby|0 fnt|[from] Salt Cure
|faint|p1a: Arkham birbby
|upkeep
|
|t:|1779869959
|switch|p1a: Edgey|Darkrai, shiny|61/100
|turn|117
|
|t:|1779869964
|-terastallize|p2a: 岩王帝君可是龙啊！|Dragon
|move|p1a: Edgey|Focus Blast|p2a: 岩王帝君可是龙啊！
|-damage|p2a: 岩王帝君可是龙啊！|63/100
|move|p2a: 岩王帝君可是龙啊！|Salt Cure|p1a: Edgey
|-damage|p1a: Edgey|42/100
|-start|p1a: Edgey|Salt Cure
|
|-heal|p2a: 岩王帝君可是龙啊！|69/100|[from] item: Leftovers
|-damage|p1a: Edgey|30/100|[from] Salt Cure
|upkeep
|turn|118
|
|t:|1779869975
|switch|p1a: Spikey thingy|Toxapex, M|100/100
|move|p2a: 岩王帝君可是龙啊！|Recover|p2a: 岩王帝君可是龙啊！
|-heal|p2a: 岩王帝君可是龙啊！|100/100
|
|upkeep
|turn|119
|
|t:|1779869982
|move|p2a: 岩王帝君可是龙啊！|Salt Cure|p1a: Spikey thingy
|-damage|p1a: Spikey thingy|93/100
|-start|p1a: Spikey thingy|Salt Cure
|move|p1a: Spikey thingy|Infestation|p2a: 岩王帝君可是龙啊！
|-damage|p2a: 岩王帝君可是龙啊！|97/100
|-activate|p2a: 岩王帝君可是龙啊！|move: Infestation|[of] p1a: Spikey thingy
|
|-heal|p1a: Spikey thingy|99/100|[from] item: Leftovers
|-heal|p2a: 岩王帝君可是龙啊！|100/100|[from] item: Leftovers
|-damage|p2a: 岩王帝君可是龙啊！|88/100|[from] move: Infestation|[partiallytrapped]
|-damage|p1a: Spikey thingy|74/100|[from] Salt Cure
|upkeep
|turn|120
|
|t:|1779869993
|move|p1a: Spikey thingy|Baneful Bunker|p1a: Spikey thingy
|-singleturn|p1a: Spikey thingy|move: Protect
|move|p2a: 岩王帝君可是龙啊！|Block|p1a: Spikey thingy
|-activate|p1a: Spikey thingy|trapped
|
|-heal|p1a: Spikey thingy|80/100|[from] item: Leftovers
|-heal|p2a: 岩王帝君可是龙啊！|94/100|[from] item: Leftovers
|-damage|p1a: Spikey thingy|55/100|[from] Salt Cure
|-damage|p2a: 岩王帝君可是龙啊！|82/100|[from] move: Infestation|[partiallytrapped]
|upkeep
|turn|121
|
|t:|1779870005
|move|p2a: 岩王帝君可是龙啊！|Iron Defense|p2a: 岩王帝君可是龙啊！
|-boost|p2a: 岩王帝君可是龙啊！|def|0
|move|p1a: Spikey thingy|Recover|p1a: Spikey thingy
|-heal|p1a: Spikey thingy|100/100
|
|-heal|p2a: 岩王帝君可是龙啊！|88/100|[from] item: Leftovers
|-damage|p2a: 岩王帝君可是龙啊！|76/100|[from] move: Infestation|[partiallytrapped]
|-damage|p1a: Spikey thingy|75/100|[from] Salt Cure
|upkeep
|turn|122
|-message|magicsalt forfeited.
|
|win|xiaokayiha
|raw|magicsalt's rating: 1170 &rarr; <strong>1151</strong><br />(-19 for losing)
|raw|xiaokayiha's rating: 1256 &rarr; <strong>1275</strong><br />(+19 for winning)
