|j|☆Scepticskep
|j|☆amiruae
|t:|1779906748
|gametype|singles
|player|p1|Scepticskep|pokemaniac|1512
|player|p2|amiruae|acetrainercouple|1456
|gen|9
|tier|[Gen 9] OU
|rated|
|rule|HP Percentage Mod: HP is shown in percentages
|rule|Endless Battle Clause: Forcing endless battles is banned
|rule|Species Clause: Limit one of each Pokémon
|rule|OHKO Clause: OHKO moves are banned
|rule|Evasion Items Clause: Evasion items are banned
|rule|Evasion Moves Clause: Evasion moves are banned
|rule|Evasion Abilities Clause: Evasion abilities are banned
|rule|Sleep Moves Clause: Sleep-inducing moves are banned
|clearpoke
|poke|p1|Cramorant, M|
|poke|p1|Kingambit, M|
|poke|p1|Iron Moth|
|poke|p1|Enamorus, F|
|poke|p1|Great Tusk|
|poke|p1|Ceruledge, F|
|poke|p2|Samurott-Hisui, M|
|poke|p2|Zamazenta-*|
|poke|p2|Greninja-*, M|
|poke|p2|Salamence, M|
|poke|p2|Porygon-Z|
|poke|p2|Volcanion|
|teampreview
|inactive|Battle timer is ON: inactive players will automatically lose when time's up. (requested by Scepticskep)
|
|t:|1779906758
|teamsize|p1|6
|teamsize|p2|6
|start
|switch|p1a: Great Tusk|Great Tusk|100/100
|switch|p2a: Porygon-Z|Porygon-Z|100/100
|-enditem|p1a: Great Tusk|Booster Energy
|-activate|p1a: Great Tusk|ability: Protosynthesis|[fromitem]
|-start|p1a: Great Tusk|protosynthesisatk
|turn|1
|
|t:|1779906779
|-end|p1a: Great Tusk|Protosynthesis|[silent]
|switch|p1a: Ceruledge|Ceruledge, F|100/100
|move|p2a: Porygon-Z|Ice Beam|p1a: Ceruledge
|-resisted|p1a: Ceruledge
|-damage|p1a: Ceruledge|81/100
|
|upkeep
|turn|2
|
|t:|1779906791
|switch|p2a: Greninja|Greninja, M|100/100
|move|p1a: Ceruledge|Bitter Blade|p2a: Greninja
|-resisted|p2a: Greninja
|-damage|p2a: Greninja|63/100
|-heal|p1a: Ceruledge|99/100|[from] drain|[of] p2a: Greninja
|
|upkeep
|turn|3
|
|t:|1779906800
|switch|p1a: Cramorant|Cramorant, M, shiny|100/100
|move|p2a: Greninja|Surf|p1a: Cramorant
|-start|p2a: Greninja|typechange|Water|[from] ability: Protean
|-resisted|p1a: Cramorant
|-damage|p1a: Cramorant|66/100
|
|upkeep
|turn|4
|
|t:|1779906810
|move|p2a: Greninja|Surf|p1a: Cramorant
|-resisted|p1a: Cramorant
|-damage|p1a: Cramorant|30/100
|move|p1a: Cramorant|Tailwind|p1a: Cramorant
|-sidestart|p1: Scepticskep|move: Tailwind
|
|upkeep
|turn|5
|
|t:|1779906815
|move|p1a: Cramorant|Surf|p2a: Greninja
|-formechange|p1a: Cramorant|Cramorant-Gorging|
|-resisted|p2a: Greninja
|-damage|p2a: Greninja|30/100
|move|p2a: Greninja|Surf|p1a: Cramorant
|-resisted|p1a: Cramorant
|-crit|p1a: Cramorant
|-damage|p1a: Cramorant|0 fnt
|-damage|p2a: Greninja|5/100|[from] ability: Gulp Missile|[of] p1a: Cramorant
|-status|p2a: Greninja|par
|-formechange|p1a: Cramorant|Cramorant|
|faint|p1a: Cramorant
|
|upkeep
|
|t:|1779906821
|switch|p1a: Iron Moth|Iron Moth|100/100
|-enditem|p1a: Iron Moth|Booster Energy
|-activate|p1a: Iron Moth|ability: Quark Drive|[fromitem]
|-start|p1a: Iron Moth|quarkdrivespe
|turn|6
|
|t:|1779906826
|move|p1a: Iron Moth|Fiery Dance|p2a: Greninja
|-resisted|p2a: Greninja
|-damage|p2a: Greninja|0 fnt
|faint|p2a: Greninja
|
|upkeep
|
|t:|1779906829
|switch|p2a: Volcanion|Volcanion|100/100
|turn|7
|
|t:|1779906841
|-end|p1a: Iron Moth|Quark Drive|[silent]
|switch|p1a: Kingambit|Kingambit, M|100/100
|-activate|p1a: Kingambit|ability: Supreme Overlord
|-start|p1a: Kingambit|fallen1|[silent]
|move|p2a: Volcanion|Earth Power|p1a: Kingambit
|-supereffective|p1a: Kingambit
|-damage|p1a: Kingambit|27/100
|
|-sideend|p1: Scepticskep|move: Tailwind
|upkeep
|turn|8
|
|t:|1779906851
|move|p1a: Kingambit|Low Kick|p2a: Volcanion
|-damage|p2a: Volcanion|53/100
|-damage|p1a: Kingambit|17/100|[from] item: Life Orb
|move|p2a: Volcanion|Steam Eruption|p1a: Kingambit
|-damage|p1a: Kingambit|0 fnt
|faint|p1a: Kingambit
|-end|p1a: Kingambit|fallen1|[silent]
|
|upkeep
|
|t:|1779906856
|switch|p1a: Great Tusk|Great Tusk|100/100
|turn|9
|
|t:|1779906866
|switch|p2a: Zamazenta|Zamazenta|100/100
|-ability|p2a: Zamazenta|Dauntless Shield|boost
|-boost|p2a: Zamazenta|def|1
|move|p1a: Great Tusk|Headlong Rush|p2a: Zamazenta
|-damage|p2a: Zamazenta|66/100
|-unboost|p1a: Great Tusk|def|1
|-unboost|p1a: Great Tusk|spd|1
|
|-heal|p2a: Zamazenta|72/100|[from] item: Leftovers
|upkeep
|turn|10
|
|t:|1779906876
|-end|p1a: Great Tusk|Protosynthesis|[silent]
|switch|p1a: Ceruledge|Ceruledge, F|99/100
|move|p2a: Zamazenta|Iron Defense|p2a: Zamazenta
|-boost|p2a: Zamazenta|def|2
|
|-heal|p2a: Zamazenta|78/100|[from] item: Leftovers
|upkeep
|turn|11
|
|t:|1779906881
|move|p2a: Zamazenta|Crunch|p1a: Ceruledge
|-supereffective|p1a: Ceruledge
|-damage|p1a: Ceruledge|42/100
|move|p1a: Ceruledge|Swords Dance|p1a: Ceruledge
|-boost|p1a: Ceruledge|atk|2
|
|-heal|p2a: Zamazenta|85/100|[from] item: Leftovers
|upkeep
|turn|12
|
|t:|1779906884
|move|p1a: Ceruledge|Shadow Sneak|p2a: Zamazenta
|-damage|p2a: Zamazenta|73/100
|move|p2a: Zamazenta|Crunch|p1a: Ceruledge
|-supereffective|p1a: Ceruledge
|-damage|p1a: Ceruledge|0 fnt
|faint|p1a: Ceruledge
|
|-heal|p2a: Zamazenta|79/100|[from] item: Leftovers
|upkeep
|
|t:|1779906888
|switch|p1a: Enamorus|Enamorus, F|100/100
|turn|13
|
|t:|1779906893
|-terastallize|p2a: Zamazenta|Steel
|move|p2a: Zamazenta|Iron Head|p1a: Enamorus
|-supereffective|p1a: Enamorus
|-crit|p1a: Enamorus
|-enditem|p1a: Enamorus|Focus Sash
|-damage|p1a: Enamorus|1/100
|cant|p1a: Enamorus|flinch
|
|-heal|p2a: Zamazenta|85/100|[from] item: Leftovers
|upkeep
|turn|14
|
|t:|1779906903
|move|p2a: Zamazenta|Body Press|p1a: Enamorus
|-resisted|p1a: Enamorus
|-damage|p1a: Enamorus|0 fnt
|faint|p1a: Enamorus
|
|-heal|p2a: Zamazenta|92/100|[from] item: Leftovers
|upkeep
|
|t:|1779906907
|switch|p1a: Iron Moth|Iron Moth|100/100
|turn|15
|
|t:|1779906910
|move|p2a: Zamazenta|Body Press|p1a: Iron Moth
|-resisted|p1a: Iron Moth
|-damage|p1a: Iron Moth|30/100
|move|p1a: Iron Moth|Fiery Dance|p2a: Zamazenta
|-supereffective|p2a: Zamazenta
|-damage|p2a: Zamazenta|17/100
|
|-heal|p2a: Zamazenta|24/100|[from] item: Leftovers
|upkeep
|turn|16
|
|t:|1779906916
|move|p2a: Zamazenta|Body Press|p1a: Iron Moth
|-resisted|p1a: Iron Moth
|-damage|p1a: Iron Moth|0 fnt
|faint|p1a: Iron Moth
|-end|p1a: Iron Moth|Quark Drive|[silent]
|
|-heal|p2a: Zamazenta|30/100|[from] item: Leftovers
|upkeep
|
|t:|1779906918
|switch|p1a: Great Tusk|Great Tusk|100/100
|turn|17
|
|t:|1779906920
|move|p2a: Zamazenta|Body Press|p1a: Great Tusk
|-damage|p1a: Great Tusk|34/100
|move|p1a: Great Tusk|Headlong Rush|p2a: Zamazenta
|-supereffective|p2a: Zamazenta
|-damage|p2a: Zamazenta|0 fnt
|-unboost|p1a: Great Tusk|def|1
|-unboost|p1a: Great Tusk|spd|1
|faint|p2a: Zamazenta
|
|upkeep
|
|t:|1779906926
|switch|p2a: Porygon-Z|Porygon-Z|100/100
|turn|18
|-message|Scepticskep forfeited.
|
|win|amiruae
|raw|Scepticskep's rating: 1512 &rarr; <strong>1489</strong><br />(-23 for losing)
|raw|amiruae's rating: 1456 &rarr; <strong>1479</strong><br />(+23 for winning)
|l|☆Scepticskep
|player|p1|
|l|☆amiruae
|player|p2|
