|j|☆Abracadaver
|j|☆Valpreon
|t:|1779889563
|gametype|singles
|player|p1|Abracadaver|102|1312
|player|p2|Valpreon|102|1282
|gen|9
|tier|[Gen 9] OU
|rated|
|rule|HP Percentage Mod: HP is shown in percentages
|rule|Endless Battle Clause: Forcing endless battles is banned
|rule|Species Clause: Limit one of each Pokémon
|rule|OHKO Clause: OHKO moves are banned
|rule|Evasion Items Clause: Evasion items are banned
|rule|Evasion Moves Clause: Evasion moves are banned
|rule|Evasion Abilities Clause: Evasion abilities are banned
|rule|Sleep Moves Clause: Sleep-inducing moves are banned
|clearpoke
|poke|p1|Umbreon, F|
|poke|p1|Mimikyu, F|
|poke|p1|Dragonite, F|
|poke|p1|Gastrodon-East, M|
|poke|p1|Zapdos|
|poke|p1|Rillaboom, M|
|poke|p2|Iron Valiant|
|poke|p2|Greninja-*, M|
|poke|p2|Lucario, M|
|poke|p2|Noivern, F|
|poke|p2|Ceruledge, M|
|poke|p2|Kingambit, M|
|teampreview
|l|☆Valpreon
|player|p2|
|j|☆Valpreon
|player|p2|Valpreon|102|
|inactive|Battle timer is ON: inactive players will automatically lose when time's up. (requested by Valpreon)
|inactive|Abracadaver has 120 seconds left.
|
|t:|1779889613
|teamsize|p1|6
|teamsize|p2|6
|start
|switch|p1a: Dragonite|Dragonite, F|100/100
|switch|p2a: jett|Noivern, F, shiny|100/100
|-item|p1a: Dragonite|Weakness Policy|[from] ability: Frisk|[of] p2a: jett
|turn|1
|
|t:|1779889621
|switch|p1a: Umbreon|Umbreon, F, shiny|100/100
|move|p2a: jett|Dragon Pulse|p1a: Umbreon
|-damage|p1a: Umbreon|82/100
|
|-heal|p1a: Umbreon|88/100|[from] item: Leftovers
|upkeep
|turn|2
|
|t:|1779889628
|move|p2a: jett|Air Slash|p1a: Umbreon
|-crit|p1a: Umbreon
|-damage|p1a: Umbreon|64/100
|move|p1a: Umbreon|Wish|p1a: Umbreon
|
|-heal|p1a: Umbreon|71/100|[from] item: Leftovers
|upkeep
|turn|3
|
|t:|1779889635
|move|p2a: jett|Air Slash|p1a: Umbreon
|-damage|p1a: Umbreon|54/100
|move|p1a: Umbreon|Toxic|p2a: jett
|-status|p2a: jett|tox
|
|-heal|p1a: Umbreon|100/100|[from] move: Wish|[wisher] Umbreon
|-damage|p2a: jett|94/100 tox|[from] psn
|upkeep
|turn|4
|
|t:|1779889643
|move|p2a: jett|Air Slash|p1a: Umbreon
|-damage|p1a: Umbreon|83/100
|cant|p1a: Umbreon|flinch
|
|-heal|p1a: Umbreon|90/100|[from] item: Leftovers
|-damage|p2a: jett|82/100 tox|[from] psn
|upkeep
|turn|5
|
|t:|1779889649
|move|p2a: jett|Air Slash|p1a: Umbreon
|-damage|p1a: Umbreon|72/100
|move|p1a: Umbreon|Wish|p1a: Umbreon
|
|-heal|p1a: Umbreon|78/100|[from] item: Leftovers
|-damage|p2a: jett|64/100 tox|[from] psn
|upkeep
|turn|6
|
|t:|1779889656
|move|p2a: jett|Dragon Pulse|p1a: Umbreon
|-damage|p1a: Umbreon|58/100
|move|p1a: Umbreon|Foul Play|p2a: jett
|-damage|p2a: jett|38/100 tox
|
|-heal|p1a: Umbreon|100/100|[from] move: Wish|[wisher] Umbreon
|-damage|p2a: jett|14/100 tox|[from] psn
|upkeep
|turn|7
|
|t:|1779889676
|move|p1a: Umbreon|Protect|p1a: Umbreon
|-singleturn|p1a: Umbreon|Protect
|move|p2a: jett|Tailwind|p2a: jett
|-sidestart|p2: Valpreon|move: Tailwind
|
|-damage|p2a: jett|0 fnt|[from] psn
|faint|p2a: jett
|upkeep
|
|t:|1779889684
|switch|p2a: knuckles💪|Lucario, M|100/100
|turn|8
|
|t:|1779889689
|switch|p1a: Zapdos|Zapdos|100/100
|move|p2a: knuckles💪|Nasty Plot|p2a: knuckles💪
|-boost|p2a: knuckles💪|spa|2
|
|upkeep
|turn|9
|l|☆Valpreon
|inactive|Valpreon disconnected and has a minute to reconnect!
|player|p2|
|j|☆Valpreon
|inactive|Valpreon reconnected and has 145 seconds left.
|player|p2|Valpreon|102|
|l|☆Valpreon
|inactive|Valpreon disconnected and has a minute to reconnect!
|player|p2|
|j|☆Valpreon
|inactive|Valpreon reconnected and has 115 seconds left.
|player|p2|Valpreon|102|
|
|t:|1779889729
|move|p2a: knuckles💪|Psychic|p1a: Zapdos
|-damage|p1a: Zapdos|37/100
|move|p1a: Zapdos|Heat Wave|p2a: knuckles💪
|-supereffective|p2a: knuckles💪
|-enditem|p2a: knuckles💪|Focus Sash
|-damage|p2a: knuckles💪|1/100
|
|upkeep
|turn|10
|
|t:|1779889741
|switch|p1a: Umbreon|Umbreon, F, shiny|100/100
|move|p2a: knuckles💪|Psychic|p1a: Umbreon
|-immune|p1a: Umbreon
|
|-sideend|p2: Valpreon|move: Tailwind
|upkeep
|turn|11
|
|t:|1779889747
|move|p2a: knuckles💪|Aura Sphere|p1a: Umbreon
|-supereffective|p1a: Umbreon
|-damage|p1a: Umbreon|15/100
|move|p1a: Umbreon|Foul Play|p2a: knuckles💪
|-resisted|p2a: knuckles💪
|-damage|p2a: knuckles💪|0 fnt
|faint|p2a: knuckles💪
|
|-heal|p1a: Umbreon|21/100|[from] item: Leftovers
|upkeep
|
|t:|1779889754
|switch|p2a: super sonic🌀|Greninja, M|100/100
|turn|12
|
|t:|1779889758
|move|p1a: Umbreon|Protect|p1a: Umbreon
|-singleturn|p1a: Umbreon|Protect
|move|p2a: super sonic🌀|Water Shuriken|p1a: Umbreon
|-activate|p1a: Umbreon|move: Protect
|
|-heal|p1a: Umbreon|27/100|[from] item: Leftovers
|upkeep
|turn|13
|
|t:|1779889772
|switch|p1a: Gastrodon|Gastrodon-East, M|100/100
|move|p2a: super sonic🌀|Sludge Wave|p1a: Gastrodon
|-resisted|p1a: Gastrodon
|-damage|p1a: Gastrodon|86/100
|
|-heal|p1a: Gastrodon|93/100|[from] item: Leftovers
|upkeep
|turn|14
|
|t:|1779889779
|move|p2a: super sonic🌀|Dark Pulse|p1a: Gastrodon
|-damage|p1a: Gastrodon|61/100
|move|p1a: Gastrodon|Earth Power|p2a: super sonic🌀
|-damage|p2a: super sonic🌀|46/100
|
|-heal|p1a: Gastrodon|67/100|[from] item: Leftovers
|upkeep
|turn|15
|inactive|Valpreon has 120 seconds left.
|
|t:|1779889810
|move|p2a: super sonic🌀|Dark Pulse|p1a: Gastrodon
|-damage|p1a: Gastrodon|31/100
|cant|p1a: Gastrodon|flinch
|
|-heal|p1a: Gastrodon|38/100|[from] item: Leftovers
|upkeep
|turn|16
|
|t:|1779889818
|move|p2a: super sonic🌀|Dark Pulse|p1a: Gastrodon
|-damage|p1a: Gastrodon|6/100
|move|p1a: Gastrodon|Recover|p1a: Gastrodon
|-heal|p1a: Gastrodon|56/100
|
|-heal|p1a: Gastrodon|62/100|[from] item: Leftovers
|upkeep
|turn|17
|
|t:|1779889825
|move|p2a: super sonic🌀|Dark Pulse|p1a: Gastrodon
|-damage|p1a: Gastrodon|27/100
|move|p1a: Gastrodon|Recover|p1a: Gastrodon
|-heal|p1a: Gastrodon|77/100
|
|-heal|p1a: Gastrodon|83/100|[from] item: Leftovers
|upkeep
|turn|18
|
|t:|1779889834
|move|p2a: super sonic🌀|Dark Pulse|p1a: Gastrodon
|-damage|p1a: Gastrodon|49/100
|move|p1a: Gastrodon|Earth Power|p2a: super sonic🌀
|-damage|p2a: super sonic🌀|0 fnt
|faint|p2a: super sonic🌀
|
|-heal|p1a: Gastrodon|55/100|[from] item: Leftovers
|upkeep
|
|t:|1779889839
|switch|p2a: future trunks❤️📌|Iron Valiant, shiny|100/100
|-enditem|p2a: future trunks❤️📌|Booster Energy
|-activate|p2a: future trunks❤️📌|ability: Quark Drive|[fromitem]
|-start|p2a: future trunks❤️📌|quarkdrivespe
|turn|19
|
|t:|1779889855
|move|p2a: future trunks❤️📌|Moonblast|p1a: Gastrodon
|-damage|p1a: Gastrodon|16/100
|move|p1a: Gastrodon|Earth Power|p2a: future trunks❤️📌
|-damage|p2a: future trunks❤️📌|33/100
|
|-heal|p1a: Gastrodon|22/100|[from] item: Leftovers
|upkeep
|turn|20
|l|☆Valpreon
|inactive|Valpreon disconnected and has a minute to reconnect!
|player|p2|
|j|☆Valpreon
|inactive|Valpreon reconnected and has 140 seconds left.
|player|p2|Valpreon|102|
|
|t:|1779889869
|move|p2a: future trunks❤️📌|Moonblast|p1a: Gastrodon
|-damage|p1a: Gastrodon|0 fnt
|faint|p1a: Gastrodon
|
|upkeep
|
|t:|1779889878
|switch|p1a: Rillaboom|Rillaboom, M|100/100
|-fieldstart|move: Grassy Terrain|[from] ability: Grassy Surge|[of] p1a: Rillaboom
|turn|21
|
|t:|1779889884
|move|p1a: Rillaboom|Grassy Glide|p2a: future trunks❤️📌
|-damage|p2a: future trunks❤️📌|0 fnt
|faint|p2a: future trunks❤️📌
|-end|p2a: future trunks❤️📌|Quark Drive|[silent]
|
|upkeep
|
|t:|1779889886
|switch|p2a: amterasu💜🌂|Ceruledge, M, shiny|100/100
|turn|22
|
|t:|1779889897
|switch|p1a: Zapdos|Zapdos|37/100
|move|p2a: amterasu💜🌂|Swords Dance|p2a: amterasu💜🌂
|-boost|p2a: amterasu💜🌂|atk|2
|
|upkeep
|turn|23
|
|t:|1779889902
|move|p2a: amterasu💜🌂|Bitter Blade|p1a: Zapdos
|-damage|p1a: Zapdos|0 fnt
|faint|p1a: Zapdos
|
|upkeep
|
|t:|1779889923
|switch|p1a: Rillaboom|Rillaboom, M|100/100
|turn|24
|
|t:|1779889927
|-terastallize|p1a: Rillaboom|Poison
|move|p2a: amterasu💜🌂|Bitter Blade|p1a: Rillaboom
|-damage|p1a: Rillaboom|10/100
|move|p1a: Rillaboom|Knock Off|p2a: amterasu💜🌂
|-supereffective|p2a: amterasu💜🌂
|-enditem|p2a: amterasu💜🌂|Focus Sash
|-damage|p2a: amterasu💜🌂|1/100
|-ability|p2a: amterasu💜🌂|Weak Armor|boost
|-unboost|p2a: amterasu💜🌂|def|1
|-boost|p2a: amterasu💜🌂|spe|2
|
|-heal|p2a: amterasu💜🌂|7/100|[from] Grassy Terrain
|-heal|p1a: Rillaboom|17/100|[from] Grassy Terrain
|upkeep
|turn|25
|
|t:|1779889939
|move|p2a: amterasu💜🌂|Bitter Blade|p1a: Rillaboom
|-damage|p1a: Rillaboom|0 fnt
|-heal|p2a: amterasu💜🌂|18/100|[from] drain|[of] p1a: Rillaboom
|faint|p1a: Rillaboom
|
|-heal|p2a: amterasu💜🌂|24/100|[from] Grassy Terrain
|-fieldend|move: Grassy Terrain
|upkeep
|
|t:|1779889946
|switch|p1a: Dragonite|Dragonite, F|100/100
|turn|26
|
|t:|1779889949
|move|p2a: amterasu💜🌂|Poltergeist|p1a: Dragonite
|-activate|p1a: Dragonite|move: Poltergeist|Weakness Policy
|-damage|p1a: Dragonite|37/100
|move|p1a: Dragonite|Earthquake|p2a: amterasu💜🌂
|-supereffective|p2a: amterasu💜🌂
|-damage|p2a: amterasu💜🌂|0 fnt
|faint|p2a: amterasu💜🌂
|
|upkeep
|
|t:|1779889959
|switch|p2a: Bloody😞|Kingambit, M|100/100
|-activate|p2a: Bloody😞|ability: Supreme Overlord
|-start|p2a: Bloody😞|fallen5|[silent]
|turn|27
|
|t:|1779889963
|move|p1a: Dragonite|Earthquake|p2a: Bloody😞
|-supereffective|p2a: Bloody😞
|-damage|p2a: Bloody😞|42/100
|move|p2a: Bloody😞|Swords Dance|p2a: Bloody😞
|-boost|p2a: Bloody😞|atk|2
|
|upkeep
|turn|28
|
|t:|1779889972
|move|p1a: Dragonite|Extreme Speed|p2a: Bloody😞
|-resisted|p2a: Bloody😞
|-crit|p2a: Bloody😞
|-damage|p2a: Bloody😞|24/100
|move|p2a: Bloody😞|Sucker Punch||[still]
|-fail|p2a: Bloody😞
|
|upkeep
|turn|29
|
|t:|1779889978
|move|p1a: Dragonite|Earthquake|p2a: Bloody😞
|-supereffective|p2a: Bloody😞
|-damage|p2a: Bloody😞|0 fnt
|faint|p2a: Bloody😞
|-end|p2a: Bloody😞|fallen5|[silent]
|
|win|Abracadaver
|raw|Abracadaver's rating: 1312 &rarr; <strong>1332</strong><br />(+20 for winning)
|raw|Valpreon's rating: 1311 &rarr; <strong>1291</strong><br />(-20 for losing)
|l|☆Valpreon
|player|p2|
|l|☆Abracadaver
|player|p1|
