|j|☆GBC_Peepers
|j|☆TempestXXI
|t:|1779945878
|gametype|singles
|player|p1|GBC_Peepers|n|1356
|player|p2|TempestXXI|170|1332
|gen|9
|tier|[Gen 9] OU
|rated|
|rule|HP Percentage Mod: HP is shown in percentages
|rule|Endless Battle Clause: Forcing endless battles is banned
|rule|Species Clause: Limit one of each Pokémon
|rule|OHKO Clause: OHKO moves are banned
|rule|Evasion Items Clause: Evasion items are banned
|rule|Evasion Moves Clause: Evasion moves are banned
|rule|Evasion Abilities Clause: Evasion abilities are banned
|rule|Sleep Moves Clause: Sleep-inducing moves are banned
|clearpoke
|poke|p1|Ogerpon, F|
|poke|p1|Samurott-Hisui, F|
|poke|p1|Blissey, F|
|poke|p1|Gliscor, F|
|poke|p1|Skarmory, F|
|poke|p1|Pecharunt|
|poke|p2|Meowscarada, F|
|poke|p2|Rotom-Wash|
|poke|p2|Hatterene, F|
|poke|p2|Corviknight, M|
|poke|p2|Iron Moth|
|poke|p2|Gliscor, F|
|teampreview
|
|t:|1779945942
|teamsize|p1|6
|teamsize|p2|6
|start
|switch|p1a: Ogerpon|Ogerpon, F|100/100
|switch|p2a: Meowscarada|Meowscarada, F|100/100
|turn|1
|
|t:|1779945955
|switch|p1a: Skarmory|Skarmory, F|100/100
|move|p2a: Meowscarada|U-turn|p1a: Skarmory
|-start|p2a: Meowscarada|typechange|Bug|[from] ability: Protean
|-resisted|p1a: Skarmory
|-damage|p1a: Skarmory|94/100
|
|t:|1779945983
|switch|p2a: Rotom|Rotom-Wash|100/100|[from] U-turn
|
|upkeep
|turn|2
|
|t:|1779946005
|switch|p1a: Ogerpon|Ogerpon, F|100/100
|move|p2a: Rotom|Hydro Pump|p1a: Ogerpon|[miss]
|-miss|p2a: Rotom|p1a: Ogerpon
|
|upkeep
|turn|3
|
|t:|1779946015
|move|p1a: Ogerpon|Ivy Cudgel|p2a: Rotom
|-supereffective|p2a: Rotom
|-damage|p2a: Rotom|0 fnt
|faint|p2a: Rotom
|
|upkeep
|
|t:|1779946023
|switch|p2a: Meowscarada|Meowscarada, F|100/100
|turn|4
|
|t:|1779946040
|switch|p1a: Skarmory|Skarmory, F|94/100
|move|p2a: Meowscarada|Triple Axel|p1a: Skarmory|[miss]
|-start|p2a: Meowscarada|typechange|Ice|[from] ability: Protean
|-miss|p2a: Meowscarada|p1a: Skarmory
|
|upkeep
|turn|5
|
|t:|1779946053
|switch|p2a: Hatterene|Hatterene, F|100/100
|move|p1a: Skarmory|Body Press|p2a: Hatterene
|-resisted|p2a: Hatterene
|-damage|p2a: Hatterene|94/100
|
|-heal|p2a: Hatterene|99/100|[from] item: Leftovers
|upkeep
|turn|6
|
|t:|1779946078
|switch|p1a: Samurott|Samurott-Hisui, F|100/100
|move|p2a: Hatterene|Calm Mind|p2a: Hatterene
|-boost|p2a: Hatterene|spa|1
|-boost|p2a: Hatterene|spd|1
|
|-heal|p2a: Hatterene|100/100|[from] item: Leftovers
|upkeep
|turn|7
|
|t:|1779946091
|move|p1a: Samurott|Encore|p2a: Hatterene
|move|p2a: Hatterene|Encore||[from] ability: Magic Bounce|[still]
|-fail|p2a: Hatterene
|move|p2a: Hatterene|Calm Mind|p2a: Hatterene
|-boost|p2a: Hatterene|spa|1
|-boost|p2a: Hatterene|spd|1
|
|upkeep
|turn|8
|
|t:|1779946109
|switch|p1a: Blissey|Blissey, F|100/100
|move|p2a: Hatterene|Calm Mind|p2a: Hatterene
|-boost|p2a: Hatterene|spa|1
|-boost|p2a: Hatterene|spd|1
|
|upkeep
|turn|9
|
|t:|1779946114
|move|p1a: Blissey|Calm Mind|p1a: Blissey
|-boost|p1a: Blissey|spa|1
|-boost|p1a: Blissey|spd|1
|move|p2a: Hatterene|Psyshock|p1a: Blissey
|-damage|p1a: Blissey|9/100
|
|upkeep
|turn|10
|
|t:|1779946132
|switch|p1a: Samurott|Samurott-Hisui, F|100/100
|move|p2a: Hatterene|Psyshock|p1a: Samurott
|-immune|p1a: Samurott
|
|upkeep
|turn|11
|
|t:|1779946151
|move|p1a: Samurott|Ceaseless Edge|p2a: Hatterene
|-damage|p2a: Hatterene|62/100
|-sidestart|p2: TempestXXI|Spikes
|move|p2a: Hatterene|Draining Kiss|p1a: Samurott
|-supereffective|p1a: Samurott
|-damage|p1a: Samurott|0 fnt
|-heal|p2a: Hatterene|100/100|[from] drain|[of] p1a: Samurott
|faint|p1a: Samurott
|
|upkeep
|
|t:|1779946158
|switch|p1a: Ogerpon|Ogerpon, F|100/100
|turn|12
|
|t:|1779946162
|-terastallize|p1a: Ogerpon|Grass
|detailschange|p1a: Ogerpon|Ogerpon-Teal-Tera, F, tera:Grass
|-ability|p1a: Ogerpon|Embody Aspect (Teal)|boost
|-boost|p1a: Ogerpon|spe|1
|move|p1a: Ogerpon|Ivy Cudgel|p2a: Hatterene
|-damage|p2a: Hatterene|41/100
|move|p2a: Hatterene|Draining Kiss|p1a: Ogerpon
|-damage|p1a: Ogerpon|29/100
|-heal|p2a: Hatterene|92/100|[from] drain|[of] p1a: Ogerpon
|
|-heal|p2a: Hatterene|98/100|[from] item: Leftovers
|upkeep
|turn|13
|
|t:|1779946173
|move|p1a: Ogerpon|U-turn|p2a: Hatterene
|-damage|p2a: Hatterene|79/100
|
|t:|1779946178
|switch|p1a: Skarmory|Skarmory, F|94/100|[from] U-turn
|move|p2a: Hatterene|Draining Kiss|p1a: Skarmory
|-resisted|p1a: Skarmory
|-damage|p1a: Skarmory|57/100
|-heal|p2a: Hatterene|100/100|[from] drain|[of] p1a: Skarmory
|
|upkeep
|turn|14
|
|t:|1779946217
|move|p2a: Hatterene|Mystical Fire|p1a: Skarmory
|-supereffective|p1a: Skarmory
|-crit|p1a: Skarmory
|-damage|p1a: Skarmory|0 fnt
|faint|p1a: Skarmory
|
|upkeep
|
|t:|1779946230
|switch|p1a: Pecharunt|Pecharunt|100/100
|turn|15
|
|t:|1779946237
|move|p1a: Pecharunt|Shadow Ball|p2a: Hatterene
|-supereffective|p2a: Hatterene
|-damage|p2a: Hatterene|80/100
|move|p2a: Hatterene|Psyshock|p1a: Pecharunt
|-supereffective|p1a: Pecharunt
|-damage|p1a: Pecharunt|21/100
|
|-heal|p2a: Hatterene|86/100|[from] item: Leftovers
|upkeep
|turn|16
|
|t:|1779946246
|move|p1a: Pecharunt|Shadow Ball|p2a: Hatterene
|-supereffective|p2a: Hatterene
|-damage|p2a: Hatterene|64/100
|-unboost|p2a: Hatterene|spd|1
|move|p2a: Hatterene|Draining Kiss|p1a: Pecharunt
|-resisted|p1a: Pecharunt
|-damage|p1a: Pecharunt|0 fnt
|-heal|p2a: Hatterene|83/100|[from] drain|[of] p1a: Pecharunt
|faint|p1a: Pecharunt
|
|-heal|p2a: Hatterene|89/100|[from] item: Leftovers
|upkeep
|
|t:|1779946251
|switch|p1a: Blissey|Blissey, F|9/100
|turn|17
|
|t:|1779946260
|move|p1a: Blissey|Seismic Toss|p2a: Hatterene
|-damage|p2a: Hatterene|57/100
|move|p2a: Hatterene|Draining Kiss|p1a: Blissey
|-damage|p1a: Blissey|0 fnt
|-heal|p2a: Hatterene|71/100|[from] drain|[of] p1a: Blissey
|faint|p1a: Blissey
|
|-heal|p2a: Hatterene|77/100|[from] item: Leftovers
|upkeep
|
|t:|1779946263
|switch|p1a: Ogerpon|Ogerpon-Teal-Tera, F, tera:Grass|29/100
|-ability|p1a: Ogerpon|Embody Aspect (Teal)|boost
|-boost|p1a: Ogerpon|spe|1
|turn|18
|
|t:|1779946267
|move|p1a: Ogerpon|U-turn|p2a: Hatterene
|-damage|p2a: Hatterene|57/100
|
|t:|1779946270
|switch|p1a: Gliscor|Gliscor, F|100/100|[from] U-turn
|move|p2a: Hatterene|Draining Kiss|p1a: Gliscor
|-damage|p1a: Gliscor|56/100
|-heal|p2a: Hatterene|95/100|[from] drain|[of] p1a: Gliscor
|
|-heal|p2a: Hatterene|100/100|[from] item: Leftovers
|-status|p1a: Gliscor|tox|[from] item: Toxic Orb
|upkeep
|turn|19
|
|t:|1779946276
|move|p1a: Gliscor|Protect|p1a: Gliscor
|-singleturn|p1a: Gliscor|Protect
|move|p2a: Hatterene|Draining Kiss|p1a: Gliscor
|-activate|p1a: Gliscor|move: Protect
|
|-heal|p1a: Gliscor|69/100 tox|[from] ability: Poison Heal
|upkeep
|turn|20
|
|t:|1779946286
|move|p1a: Gliscor|Swords Dance|p1a: Gliscor
|-boost|p1a: Gliscor|atk|2
|move|p2a: Hatterene|Calm Mind|p2a: Hatterene
|-boost|p2a: Hatterene|spa|1
|-boost|p2a: Hatterene|spd|1
|
|-heal|p1a: Gliscor|81/100 tox|[from] ability: Poison Heal
|upkeep
|turn|21
|
|t:|1779946293
|move|p1a: Gliscor|Protect|p1a: Gliscor
|-singleturn|p1a: Gliscor|Protect
|move|p2a: Hatterene|Draining Kiss|p1a: Gliscor
|-activate|p1a: Gliscor|move: Protect
|
|-heal|p1a: Gliscor|93/100 tox|[from] ability: Poison Heal
|upkeep
|turn|22
|
|t:|1779946306
|move|p1a: Gliscor|Swords Dance|p1a: Gliscor
|-boost|p1a: Gliscor|atk|2
|move|p2a: Hatterene|Draining Kiss|p1a: Gliscor
|-damage|p1a: Gliscor|38/100 tox
|
|-heal|p1a: Gliscor|50/100 tox|[from] ability: Poison Heal
|upkeep
|turn|23
|
|t:|1779946312
|move|p1a: Gliscor|Earthquake|p2a: Hatterene
|-damage|p2a: Hatterene|25/100
|move|p2a: Hatterene|Draining Kiss|p1a: Gliscor
|-damage|p1a: Gliscor|0 fnt
|-heal|p2a: Hatterene|67/100|[from] drain|[of] p1a: Gliscor
|faint|p1a: Gliscor
|
|-heal|p2a: Hatterene|73/100|[from] item: Leftovers
|upkeep
|
|t:|1779946315
|switch|p1a: Ogerpon|Ogerpon-Teal-Tera, F, tera:Grass|29/100
|-ability|p1a: Ogerpon|Embody Aspect (Teal)|boost
|-boost|p1a: Ogerpon|spe|1
|turn|24
|
|t:|1779946318
|move|p1a: Ogerpon|Ivy Cudgel|p2a: Hatterene
|-crit|p2a: Hatterene
|-damage|p2a: Hatterene|0 fnt
|faint|p2a: Hatterene
|
|upkeep
|
|t:|1779946321
|switch|p2a: Iron Moth|Iron Moth|100/100
|-damage|p2a: Iron Moth|88/100|[from] Spikes
|-enditem|p2a: Iron Moth|Booster Energy
|-activate|p2a: Iron Moth|ability: Quark Drive|[fromitem]
|-start|p2a: Iron Moth|quarkdrivespe
|turn|25
|
|t:|1779946328
|-terastallize|p2a: Iron Moth|Grass
|move|p2a: Iron Moth|Fiery Dance|p1a: Ogerpon
|-supereffective|p1a: Ogerpon
|-damage|p1a: Ogerpon|0 fnt
|faint|p1a: Ogerpon
|detailschange|p1: Ogerpon|Ogerpon, F|[silent]
|
|win|TempestXXI
|raw|GBC_Peepers's rating: 1356 &rarr; <strong>1335</strong><br />(-21 for losing)
|raw|TempestXXI's rating: 1332 &rarr; <strong>1353</strong><br />(+21 for winning)
|l|☆TempestXXI
|player|p2|
|l|☆GBC_Peepers
|player|p1|
