|j|☆qiojio
|j|☆fregene97
|t:|1779879443
|gametype|singles
|player|p1|qiojio|hilbert|1170
|player|p2|fregene97|dragontamer|1229
|gen|9
|tier|[Gen 9] OU
|rated|
|rule|HP Percentage Mod: HP is shown in percentages
|rule|Endless Battle Clause: Forcing endless battles is banned
|rule|Species Clause: Limit one of each Pokémon
|rule|OHKO Clause: OHKO moves are banned
|rule|Evasion Items Clause: Evasion items are banned
|rule|Evasion Moves Clause: Evasion moves are banned
|rule|Evasion Abilities Clause: Evasion abilities are banned
|rule|Sleep Moves Clause: Sleep-inducing moves are banned
|clearpoke
|poke|p1|Meowscarada, F|
|poke|p1|Skarmory, M|
|poke|p1|Gardevoir, F|
|poke|p1|Altaria, M|
|poke|p1|Sableye, M|
|poke|p1|Snorlax, F|
|poke|p2|Iron Valiant|
|poke|p2|Raging Bolt|
|poke|p2|Great Tusk|
|poke|p2|Ceruledge, F|
|poke|p2|Greninja-*, M|
|poke|p2|Dragonite, M|
|teampreview
|inactive|Battle timer is ON: inactive players will automatically lose when time's up. (requested by qiojio)
|
|t:|1779879459
|teamsize|p1|6
|teamsize|p2|6
|start
|switch|p1a: Meowscarada|Meowscarada, F|100/100
|switch|p2a: Ceruledge|Ceruledge, F|100/100
|turn|1
|
|t:|1779879469
|switch|p1a: Skarmory|Skarmory, M|100/100
|move|p2a: Ceruledge|Bitter Blade|p1a: Skarmory
|-supereffective|p1a: Skarmory
|-damage|p1a: Skarmory|37/100
|-damage|p2a: Ceruledge|84/100|[from] item: Rocky Helmet|[of] p1a: Skarmory
|-damage|p2a: Ceruledge|74/100|[from] item: Life Orb
|
|upkeep
|turn|2
|
|t:|1779879495
|move|p2a: Ceruledge|Swords Dance|p2a: Ceruledge
|-boost|p2a: Ceruledge|atk|2
|move|p1a: Skarmory|Roost|p1a: Skarmory
|-heal|p1a: Skarmory|87/100
|-singleturn|p1a: Skarmory|move: Roost
|
|upkeep
|turn|3
|
|t:|1779879504
|move|p2a: Ceruledge|Poltergeist|p1a: Skarmory|[miss]
|-miss|p2a: Ceruledge|p1a: Skarmory
|move|p1a: Skarmory|Whirlwind|p2a: Ceruledge
|drag|p2a: Greninja|Greninja, M|100/100
|
|upkeep
|turn|4
|
|t:|1779879513
|switch|p1a: Snorlax|Snorlax, F, shiny|100/100
|move|p2a: Greninja|Hydro Pump|p1a: Snorlax|[miss]
|-miss|p2a: Greninja|p1a: Snorlax
|
|upkeep
|turn|5
|
|t:|1779879524
|switch|p2a: Ceruledge|Ceruledge, F|74/100
|move|p1a: Snorlax|Ice Punch|p2a: Ceruledge
|-resisted|p2a: Ceruledge
|-damage|p2a: Ceruledge|61/100
|-ability|p2a: Ceruledge|Weak Armor|boost
|-unboost|p2a: Ceruledge|def|1
|-boost|p2a: Ceruledge|spe|2
|
|upkeep
|turn|6
|
|t:|1779879531
|switch|p1a: Sableye|Sableye, M|100/100
|move|p2a: Ceruledge|Swords Dance|p2a: Ceruledge
|-boost|p2a: Ceruledge|atk|2
|
|upkeep
|turn|7
|
|t:|1779879541
|move|p1a: Sableye|Encore|p2a: Ceruledge
|-start|p2a: Ceruledge|Encore
|move|p2a: Ceruledge|Swords Dance|p2a: Ceruledge
|-boost|p2a: Ceruledge|atk|2
|
|upkeep
|turn|8
|
|t:|1779879558
|move|p1a: Sableye|Reflect|p1a: Sableye
|-sidestart|p1: qiojio|Reflect
|move|p2a: Ceruledge|Swords Dance|p2a: Ceruledge
|-boost|p2a: Ceruledge|atk|2
|
|upkeep
|turn|9
|
|t:|1779879567
|move|p1a: Sableye|Light Screen|p1a: Sableye
|-sidestart|p1: qiojio|move: Light Screen
|move|p2a: Ceruledge|Swords Dance|p2a: Ceruledge
|-boost|p2a: Ceruledge|atk|0
|
|-end|p2a: Ceruledge|Encore
|upkeep
|turn|10
|
|t:|1779879571
|move|p2a: Ceruledge|Shadow Sneak|p1a: Sableye
|-damage|p1a: Sableye|46/100
|-damage|p2a: Ceruledge|51/100|[from] item: Life Orb
|move|p1a: Sableye|Encore|p2a: Ceruledge
|-start|p2a: Ceruledge|Encore
|
|upkeep
|turn|11
|
|t:|1779879577
|switch|p1a: Snorlax|Snorlax, F, shiny|100/100
|move|p2a: Ceruledge|Shadow Sneak|p1a: Snorlax
|-immune|p1a: Snorlax
|
|upkeep
|turn|12
|
|t:|1779879595
|move|p2a: Ceruledge|Shadow Sneak|p1a: Snorlax
|-immune|p1a: Snorlax
|move|p1a: Snorlax|Earthquake|p2a: Ceruledge
|-supereffective|p2a: Ceruledge
|-damage|p2a: Ceruledge|0 fnt
|faint|p2a: Ceruledge
|
|upkeep
|
|t:|1779879609
|switch|p2a: Great Tusk|Great Tusk, shiny|100/100
|-enditem|p2a: Great Tusk|Booster Energy
|-activate|p2a: Great Tusk|ability: Protosynthesis|[fromitem]
|-start|p2a: Great Tusk|protosynthesisspe
|turn|13
|
|t:|1779879618
|switch|p1a: Sableye|Sableye, M|46/100
|move|p2a: Great Tusk|Bulk Up|p2a: Great Tusk
|-boost|p2a: Great Tusk|atk|1
|-boost|p2a: Great Tusk|def|1
|
|upkeep
|turn|14
|
|t:|1779879640
|-end|p2a: Great Tusk|Protosynthesis|[silent]
|switch|p2a: Greninja|Greninja, M|100/100
|move|p1a: Sableye|Encore|p2a: Greninja
|-hint|Since gen 7, Dark is immune to Prankster moves.
|-immune|p2a: Greninja
|
|upkeep
|turn|15
|
|t:|1779879650
|move|p1a: Sableye|Recover|p1a: Sableye
|-heal|p1a: Sableye|96/100
|move|p2a: Greninja|Dark Pulse|p1a: Sableye
|-damage|p1a: Sableye|59/100
|-damage|p2a: Greninja|91/100|[from] item: Life Orb
|
|-sideend|p1: qiojio|Reflect
|upkeep
|turn|16
|
|t:|1779879669
|move|p1a: Sableye|Recover|p1a: Sableye
|-heal|p1a: Sableye|100/100
|move|p2a: Greninja|Dark Pulse|p1a: Sableye
|-damage|p1a: Sableye|63/100
|-damage|p2a: Greninja|81/100|[from] item: Life Orb
|
|-sideend|p1: qiojio|move: Light Screen
|upkeep
|turn|17
|
|t:|1779879679
|-terastallize|p2a: Greninja|Water
|move|p2a: Greninja|Water Shuriken|p1a: Sableye
|-damage|p1a: Sableye|43/100
|-damage|p1a: Sableye|23/100
|-damage|p1a: Sableye|3/100
|-damage|p1a: Sableye|0 fnt
|faint|p1a: Sableye
|-ability|p2a: Greninja|Battle Bond|boost
|-boost|p2a: Greninja|atk|1
|-boost|p2a: Greninja|spa|1
|-boost|p2a: Greninja|spe|1
|-activate|p2a: Greninja|ability: Battle Bond
|-hitcount|p1: Sableye|4
|-damage|p2a: Greninja|71/100|[from] item: Life Orb
|
|upkeep
|inactive|qiojio has 120 seconds left.
|
|t:|1779879718
|switch|p1a: Meowscarada|Meowscarada, F|100/100
|turn|18
|
|t:|1779879722
|move|p1a: Meowscarada|Flower Trick|p2a: Greninja
|-start|p1a: Meowscarada|typechange|Grass|[from] ability: Protean
|-supereffective|p2a: Greninja
|-crit|p2a: Greninja
|-damage|p2a: Greninja|0 fnt
|faint|p2a: Greninja
|
|upkeep
|
|t:|1779879726
|switch|p2a: Raging Bolt|Raging Bolt|100/100
|-enditem|p2a: Raging Bolt|Booster Energy
|-activate|p2a: Raging Bolt|ability: Protosynthesis|[fromitem]
|-start|p2a: Raging Bolt|protosynthesisspa
|turn|19
|
|t:|1779879734
|switch|p1a: Snorlax|Snorlax, F, shiny|100/100
|move|p2a: Raging Bolt|Volt Switch|p1a: Snorlax
|-damage|p1a: Snorlax|77/100
|
|t:|1779879753
|-end|p2a: Raging Bolt|Protosynthesis|[silent]
|switch|p2a: Great Tusk|Great Tusk, shiny|100/100|[from] Volt Switch
|
|-heal|p1a: Snorlax|83/100|[from] item: Leftovers
|upkeep
|turn|20
|
|t:|1779879760
|switch|p1a: Skarmory|Skarmory, M|87/100
|move|p2a: Great Tusk|Bulk Up|p2a: Great Tusk
|-boost|p2a: Great Tusk|atk|1
|-boost|p2a: Great Tusk|def|1
|
|upkeep
|turn|21
|
|t:|1779879766
|move|p2a: Great Tusk|Bulk Up|p2a: Great Tusk
|-boost|p2a: Great Tusk|atk|1
|-boost|p2a: Great Tusk|def|1
|move|p1a: Skarmory|Whirlwind|p2a: Great Tusk
|-end|p2a: Great Tusk|Protosynthesis|[silent]
|drag|p2a: Dragonite|Dragonite, M|100/100
|
|upkeep
|turn|22
|
|t:|1779879778
|switch|p2a: Raging Bolt|Raging Bolt|100/100
|move|p1a: Skarmory|Tailwind|p1a: Skarmory
|-sidestart|p1: qiojio|move: Tailwind
|
|upkeep
|turn|23
|
|t:|1779879801
|switch|p1a: Gardevoir|Gardevoir, F|100/100
|move|p2a: Raging Bolt|Calm Mind|p2a: Raging Bolt
|-boost|p2a: Raging Bolt|spa|1
|-boost|p2a: Raging Bolt|spd|1
|
|upkeep
|turn|24
|
|t:|1779879808
|move|p1a: Gardevoir|Moonblast|p2a: Raging Bolt
|-supereffective|p2a: Raging Bolt
|-damage|p2a: Raging Bolt|5/100
|-unboost|p2a: Raging Bolt|spa|1
|move|p2a: Raging Bolt|Volt Switch|p1a: Gardevoir
|-damage|p1a: Gardevoir|51/100
|
|t:|1779879812
|-end|p2a: Raging Bolt|Protosynthesis|[silent]
|switch|p2a: Iron Valiant|Iron Valiant|100/100|[from] Volt Switch
|-enditem|p2a: Iron Valiant|Booster Energy
|-activate|p2a: Iron Valiant|ability: Quark Drive|[fromitem]
|-start|p2a: Iron Valiant|quarkdrivespe
|
|upkeep
|turn|25
|
|t:|1779879826
|switch|p1a: Altaria|Altaria, M, shiny|100/100
|move|p2a: Iron Valiant|Moonblast|p1a: Altaria
|-supereffective|p1a: Altaria
|-damage|p1a: Altaria|27/100
|-unboost|p1a: Altaria|spa|1
|
|-sideend|p1: qiojio|move: Tailwind
|upkeep
|turn|26
|
|t:|1779879850
|move|p2a: Iron Valiant|Moonblast|p1a: Altaria
|-supereffective|p1a: Altaria
|-damage|p1a: Altaria|0 fnt
|faint|p1a: Altaria
|
|upkeep
|
|t:|1779879853
|switch|p1a: Meowscarada|Meowscarada, F|100/100
|turn|27
|
|t:|1779879858
|move|p1a: Meowscarada|Knock Off|p2a: Iron Valiant
|-start|p1a: Meowscarada|typechange|Dark|[from] ability: Protean
|-resisted|p2a: Iron Valiant
|-crit|p2a: Iron Valiant
|-damage|p2a: Iron Valiant|86/100
|move|p2a: Iron Valiant|Moonblast|p1a: Meowscarada
|-supereffective|p1a: Meowscarada
|-damage|p1a: Meowscarada|0 fnt
|faint|p1a: Meowscarada
|
|upkeep
|
|t:|1779879870
|switch|p1a: Skarmory|Skarmory, M|87/100
|turn|28
|
|t:|1779879879
|move|p2a: Iron Valiant|Shadow Ball|p1a: Skarmory
|-damage|p1a: Skarmory|49/100
|move|p1a: Skarmory|Tailwind|p1a: Skarmory
|-sidestart|p1: qiojio|move: Tailwind
|
|upkeep
|turn|29
|
|t:|1779879885
|switch|p1a: Snorlax|Snorlax, F, shiny|83/100
|move|p2a: Iron Valiant|Encore||[still]
|-fail|p2a: Iron Valiant
|
|-heal|p1a: Snorlax|89/100|[from] item: Leftovers
|upkeep
|turn|30
|
|t:|1779879896
|move|p2a: Iron Valiant|Calm Mind|p2a: Iron Valiant
|-boost|p2a: Iron Valiant|spa|1
|-boost|p2a: Iron Valiant|spd|1
|move|p1a: Snorlax|Curse|p1a: Snorlax
|-unboost|p1a: Snorlax|spe|1
|-boost|p1a: Snorlax|atk|1
|-boost|p1a: Snorlax|def|1
|
|-heal|p1a: Snorlax|95/100|[from] item: Leftovers
|upkeep
|turn|31
|inactive|qiojio has 120 seconds left.
|
|t:|1779879927
|move|p2a: Iron Valiant|Encore|p1a: Snorlax
|-start|p1a: Snorlax|Encore
|move|p1a: Snorlax|Curse|p1a: Snorlax
|-unboost|p1a: Snorlax|spe|1
|-boost|p1a: Snorlax|atk|1
|-boost|p1a: Snorlax|def|1
|
|-heal|p1a: Snorlax|100/100|[from] item: Leftovers
|-sideend|p1: qiojio|move: Tailwind
|upkeep
|turn|32
|
|t:|1779879956
|move|p2a: Iron Valiant|Calm Mind|p2a: Iron Valiant
|-boost|p2a: Iron Valiant|spa|1
|-boost|p2a: Iron Valiant|spd|1
|move|p1a: Snorlax|Curse|p1a: Snorlax
|-unboost|p1a: Snorlax|spe|1
|-boost|p1a: Snorlax|atk|1
|-boost|p1a: Snorlax|def|1
|
|upkeep
|turn|33
|
|t:|1779879960
|move|p2a: Iron Valiant|Calm Mind|p2a: Iron Valiant
|-boost|p2a: Iron Valiant|spa|1
|-boost|p2a: Iron Valiant|spd|1
|move|p1a: Snorlax|Curse|p1a: Snorlax
|-unboost|p1a: Snorlax|spe|1
|-boost|p1a: Snorlax|atk|1
|-boost|p1a: Snorlax|def|1
|
|-end|p1a: Snorlax|Encore
|upkeep
|turn|34
|
|t:|1779879962
|move|p2a: Iron Valiant|Encore|p1a: Snorlax
|-start|p1a: Snorlax|Encore
|move|p1a: Snorlax|Curse|p1a: Snorlax
|-unboost|p1a: Snorlax|spe|1
|-boost|p1a: Snorlax|atk|1
|-boost|p1a: Snorlax|def|1
|
|upkeep
|turn|35
|
|t:|1779879966
|move|p2a: Iron Valiant|Calm Mind|p2a: Iron Valiant
|-boost|p2a: Iron Valiant|spa|1
|-boost|p2a: Iron Valiant|spd|1
|move|p1a: Snorlax|Curse|p1a: Snorlax
|-unboost|p1a: Snorlax|spe|1
|-boost|p1a: Snorlax|atk|1
|-boost|p1a: Snorlax|def|1
|
|upkeep
|turn|36
|
|t:|1779879969
|move|p2a: Iron Valiant|Moonblast|p1a: Snorlax
|-damage|p1a: Snorlax|37/100
|move|p1a: Snorlax|Curse|p1a: Snorlax
|
|-heal|p1a: Snorlax|43/100|[from] item: Leftovers
|-end|p1a: Snorlax|Encore
|upkeep
|turn|37
|
|t:|1779879972
|move|p2a: Iron Valiant|Moonblast|p1a: Snorlax
|-crit|p1a: Snorlax
|-damage|p1a: Snorlax|0 fnt
|faint|p1a: Snorlax
|
|upkeep
|
|t:|1779879976
|switch|p1a: Skarmory|Skarmory, M|49/100
|turn|38
|
|t:|1779879992
|move|p2a: Iron Valiant|Moonblast|p1a: Skarmory
|-resisted|p1a: Skarmory
|-damage|p1a: Skarmory|0 fnt
|faint|p1a: Skarmory
|
|upkeep
|
|t:|1779879995
|switch|p1a: Gardevoir|Gardevoir, F|51/100
|turn|39
|
|t:|1779880002
|-terastallize|p1a: Gardevoir|Psychic
|move|p2a: Iron Valiant|Moonblast|p1a: Gardevoir
|-damage|p1a: Gardevoir|0 fnt
|faint|p1a: Gardevoir
|
|win|fregene97
|raw|qiojio's rating: 1170 &rarr; <strong>1153</strong><br />(-17 for losing)
|raw|fregene97's rating: 1288 &rarr; <strong>1305</strong><br />(+17 for winning)
|l|☆qiojio
|player|p1|
|l|☆fregene97
|player|p2|
