|j|☆hameed425
|j|‽Lano Del Rey2
|t:|1779951953
|gametype|singles
|player|p1|hameed425|1|1369
|player|p2|Lano Del Rey2|swimmer-gen4dp|1346
|gen|9
|tier|[Gen 9] OU
|rated|
|rule|HP Percentage Mod: HP is shown in percentages
|rule|Endless Battle Clause: Forcing endless battles is banned
|rule|Species Clause: Limit one of each Pokémon
|rule|OHKO Clause: OHKO moves are banned
|rule|Evasion Items Clause: Evasion items are banned
|rule|Evasion Moves Clause: Evasion moves are banned
|rule|Evasion Abilities Clause: Evasion abilities are banned
|rule|Sleep Moves Clause: Sleep-inducing moves are banned
|clearpoke
|poke|p1|Tyranitar, M|
|poke|p1|Excadrill, M|
|poke|p1|Gastrodon, F|
|poke|p1|Garganacl, F|
|poke|p1|Rillaboom, M|
|poke|p1|Dragonite, M|
|poke|p2|Clefable, F|
|poke|p2|Araquanid, F|
|poke|p2|Glimmora, M|
|poke|p2|Dragonite, M|
|poke|p2|Skarmory, F|
|poke|p2|Sinistcha-Masterpiece|
|teampreview
|inactive|Battle timer is ON: inactive players will automatically lose when time's up. (requested by Lano Del Rey2)
|
|t:|1779951965
|teamsize|p1|6
|teamsize|p2|6
|start
|switch|p1a: Tyranitar|Tyranitar, M|100/100
|switch|p2a: Araquanid|Araquanid, F, shiny|100/100
|-weather|Sandstorm|[from] ability: Sand Stream|[of] p1a: Tyranitar
|turn|1
|
|t:|1779951979
|move|p1a: Tyranitar|Knock Off|p2a: Araquanid
|-damage|p2a: Araquanid|44/100
|-enditem|p2a: Araquanid|Leftovers|[from] move: Knock Off|[of] p1a: Tyranitar
|move|p2a: Araquanid|Sticky Web|p1a: Tyranitar
|-sidestart|p1: hameed425|move: Sticky Web
|
|-weather|Sandstorm|[upkeep]
|-damage|p2a: Araquanid|38/100|[from] Sandstorm
|upkeep
|turn|2
|
|t:|1779951989
|move|p1a: Tyranitar|Stone Edge|p2a: Araquanid
|-supereffective|p2a: Araquanid
|-damage|p2a: Araquanid|0 fnt
|faint|p2a: Araquanid
|
|-weather|Sandstorm|[upkeep]
|upkeep
|
|t:|1779952001
|switch|p2a: Skarmory|Skarmory, F, shiny|100/100
|turn|3
|
|t:|1779952007
|switch|p1a: Gastrodon|Gastrodon, F|100/100
|-activate|p1a: Gastrodon|move: Sticky Web
|-unboost|p1a: Gastrodon|spe|1
|move|p2a: Skarmory|Stealth Rock|p1a: Gastrodon
|-sidestart|p1: hameed425|move: Stealth Rock
|
|-weather|Sandstorm|[upkeep]
|upkeep
|turn|4
|
|t:|1779952019
|switch|p2a: Sinistcha|Sinistcha-Masterpiece, shiny|100/100
|move|p1a: Gastrodon|Surf|p2a: Sinistcha
|-resisted|p2a: Sinistcha
|-damage|p2a: Sinistcha|70/100
|-damage|p1a: Gastrodon|91/100|[from] item: Life Orb
|
|-weather|Sandstorm|[upkeep]
|-damage|p2a: Sinistcha|64/100|[from] Sandstorm
|-heal|p2a: Sinistcha|70/100|[from] item: Leftovers
|upkeep
|turn|5
|
|t:|1779952029
|move|p2a: Sinistcha|Giga Drain|p1a: Gastrodon
|-supereffective|p1a: Gastrodon
|-damage|p1a: Gastrodon|0 fnt
|-heal|p2a: Sinistcha|100/100|[from] drain|[of] p1a: Gastrodon
|faint|p1a: Gastrodon
|
|-weather|Sandstorm|[upkeep]
|-damage|p2a: Sinistcha|94/100|[from] Sandstorm
|-heal|p2a: Sinistcha|100/100|[from] item: Leftovers
|upkeep
|
|t:|1779952034
|switch|p1a: Excadrill|Excadrill, M|100/100
|-damage|p1a: Excadrill|97/100|[from] Stealth Rock
|-item|p1a: Excadrill|Air Balloon
|turn|6
|
|t:|1779952044
|move|p1a: Excadrill|Swords Dance|p1a: Excadrill
|-boost|p1a: Excadrill|atk|2
|move|p2a: Sinistcha|Giga Drain|p1a: Excadrill
|-damage|p1a: Excadrill|59/100
|-enditem|p1a: Excadrill|Air Balloon
|
|-weather|Sandstorm|[upkeep]
|-damage|p2a: Sinistcha|94/100|[from] Sandstorm
|-heal|p2a: Sinistcha|100/100|[from] item: Leftovers
|upkeep
|turn|7
|
|t:|1779952054
|move|p1a: Excadrill|Shadow Claw|p2a: Sinistcha
|-supereffective|p2a: Sinistcha
|-damage|p2a: Sinistcha|19/100
|move|p2a: Sinistcha|Strength Sap|p1a: Excadrill
|-unboost|p1a: Excadrill|atk|1
|-heal|p2a: Sinistcha|100/100
|
|-weather|Sandstorm|[upkeep]
|-damage|p2a: Sinistcha|94/100|[from] Sandstorm
|-heal|p2a: Sinistcha|100/100|[from] item: Leftovers
|upkeep
|turn|8
|
|t:|1779952065
|move|p1a: Excadrill|Swords Dance|p1a: Excadrill
|-boost|p1a: Excadrill|atk|2
|move|p2a: Sinistcha|Strength Sap|p1a: Excadrill
|-unboost|p1a: Excadrill|atk|1
|
|-weather|none
|upkeep
|turn|9
|
|t:|1779952072
|move|p1a: Excadrill|Swords Dance|p1a: Excadrill
|-boost|p1a: Excadrill|atk|2
|move|p2a: Sinistcha|Giga Drain|p1a: Excadrill
|-damage|p1a: Excadrill|19/100
|
|upkeep
|turn|10
|
|t:|1779952086
|switch|p2a: Skarmory|Skarmory, F, shiny|100/100
|move|p1a: Excadrill|Shadow Claw|p2a: Skarmory
|-damage|p2a: Skarmory|50/100
|-damage|p1a: Excadrill|2/100|[from] item: Rocky Helmet|[of] p2a: Skarmory
|
|upkeep
|turn|11
|
|t:|1779952095
|switch|p2a: Sinistcha|Sinistcha-Masterpiece, shiny|100/100
|move|p1a: Excadrill|Shadow Claw|p2a: Sinistcha
|-supereffective|p2a: Sinistcha
|-damage|p2a: Sinistcha|0 fnt
|faint|p2a: Sinistcha
|
|upkeep
|
|t:|1779952110
|switch|p2a: Glimmora|Glimmora, M, shiny|100/100
|turn|12
|
|t:|1779952116
|-terastallize|p2a: Glimmora|Ghost
|move|p1a: Excadrill|Earthquake|p2a: Glimmora
|-damage|p2a: Glimmora|0 fnt
|-activate|p2a: Glimmora|ability: Toxic Debris
|-sidestart|p1: hameed425|move: Toxic Spikes
|faint|p2a: Glimmora
|
|upkeep
|
|t:|1779952125
|switch|p2a: Skarmory|Skarmory, F, shiny|50/100
|turn|13
|
|t:|1779952130
|move|p1a: Excadrill|Shadow Claw|p2a: Skarmory
|-damage|p2a: Skarmory|0 fnt
|-damage|p1a: Excadrill|0 fnt|[from] item: Rocky Helmet|[of] p2a: Skarmory
|faint|p2a: Skarmory
|faint|p1a: Excadrill
|
|upkeep
|
|t:|1779952140
|switch|p1a: Garganacl|Garganacl, F|100/100
|switch|p2a: Dragonite|Dragonite, M|100/100
|-activate|p1a: Garganacl|move: Sticky Web
|-unboost|p1a: Garganacl|spe|1
|-damage|p1a: Garganacl|88/100|[from] Stealth Rock
|turn|14
|
|t:|1779952147
|switch|p2a: Clefable|Clefable, F, shiny|100/100
|move|p1a: Garganacl|Salt Cure|p2a: Clefable
|-damage|p2a: Clefable|88/100
|-start|p2a: Clefable|Salt Cure
|
|-heal|p1a: Garganacl|94/100|[from] item: Leftovers
|upkeep
|turn|15
|
|t:|1779952155
|switch|p1a: Tyranitar|Tyranitar, M|100/100
|-activate|p1a: Tyranitar|move: Sticky Web
|-unboost|p1a: Tyranitar|spe|1
|-damage|p1a: Tyranitar|88/100|[from] Stealth Rock
|-status|p1a: Tyranitar|psn
|-weather|Sandstorm|[from] ability: Sand Stream|[of] p1a: Tyranitar
|move|p2a: Clefable|Calm Mind|p2a: Clefable
|-boost|p2a: Clefable|spa|1
|-boost|p2a: Clefable|spd|1
|
|-weather|Sandstorm|[upkeep]
|-damage|p1a: Tyranitar|76/100 psn|[from] psn
|upkeep
|turn|16
|
|t:|1779952168
|move|p2a: Clefable|Moonblast|p1a: Tyranitar
|-supereffective|p1a: Tyranitar
|-damage|p1a: Tyranitar|0 fnt
|faint|p1a: Tyranitar
|
|-weather|Sandstorm|[upkeep]
|upkeep
|
|t:|1779952172
|switch|p1a: Rillaboom|Rillaboom, M|100/100
|-activate|p1a: Rillaboom|move: Sticky Web
|-unboost|p1a: Rillaboom|spe|1
|-damage|p1a: Rillaboom|88/100|[from] Stealth Rock
|-status|p1a: Rillaboom|psn
|-fieldstart|move: Grassy Terrain|[from] ability: Grassy Surge|[of] p1a: Rillaboom
|turn|17
|
|t:|1779952182
|switch|p2a: Dragonite|Dragonite, M|100/100
|move|p1a: Rillaboom|Knock Off|p2a: Dragonite
|-damage|p2a: Dragonite|87/100
|-enditem|p2a: Dragonite|Heavy-Duty Boots|[from] move: Knock Off|[of] p1a: Rillaboom
|
|-weather|Sandstorm|[upkeep]
|-damage|p2a: Dragonite|81/100|[from] Sandstorm
|-damage|p1a: Rillaboom|82/100 psn|[from] Sandstorm
|-heal|p1a: Rillaboom|88/100 psn|[from] Grassy Terrain
|-heal|p1a: Rillaboom|94/100 psn|[from] item: Leftovers
|-damage|p1a: Rillaboom|82/100 psn|[from] psn
|upkeep
|turn|18
|
|t:|1779952194
|move|p2a: Dragonite|Dragon Dance|p2a: Dragonite
|-boost|p2a: Dragonite|atk|1
|-boost|p2a: Dragonite|spe|1
|move|p1a: Rillaboom|Leech Seed|p2a: Dragonite
|-start|p2a: Dragonite|move: Leech Seed
|
|-weather|Sandstorm|[upkeep]
|-damage|p2a: Dragonite|75/100|[from] Sandstorm
|-damage|p1a: Rillaboom|76/100 psn|[from] Sandstorm
|-heal|p1a: Rillaboom|82/100 psn|[from] Grassy Terrain
|-heal|p1a: Rillaboom|88/100 psn|[from] item: Leftovers
|-damage|p2a: Dragonite|62/100|[from] Leech Seed|[of] p1a: Rillaboom
|-heal|p1a: Rillaboom|99/100 psn|[silent]
|-damage|p1a: Rillaboom|87/100 psn|[from] psn
|upkeep
|turn|19
|
|t:|1779952206
|move|p2a: Dragonite|Ice Punch|p1a: Rillaboom
|-supereffective|p1a: Rillaboom
|-damage|p1a: Rillaboom|30/100 psn
|move|p1a: Rillaboom|Wood Hammer|p2a: Dragonite
|-resisted|p2a: Dragonite
|-damage|p2a: Dragonite|48/100
|-damage|p1a: Rillaboom|26/100 psn|[from] Recoil
|
|-weather|Sandstorm|[upkeep]
|-damage|p2a: Dragonite|41/100|[from] Sandstorm
|-damage|p1a: Rillaboom|20/100 psn|[from] Sandstorm
|-heal|p1a: Rillaboom|26/100 psn|[from] Grassy Terrain
|-heal|p1a: Rillaboom|32/100 psn|[from] item: Leftovers
|-damage|p2a: Dragonite|29/100|[from] Leech Seed|[of] p1a: Rillaboom
|-heal|p1a: Rillaboom|43/100 psn|[silent]
|-damage|p1a: Rillaboom|31/100 psn|[from] psn
|upkeep
|turn|20
|
|t:|1779952220
|move|p2a: Dragonite|Ice Punch|p1a: Rillaboom
|-supereffective|p1a: Rillaboom
|-crit|p1a: Rillaboom
|-damage|p1a: Rillaboom|0 fnt
|faint|p1a: Rillaboom
|
|-weather|Sandstorm|[upkeep]
|-damage|p2a: Dragonite|23/100|[from] Sandstorm
|upkeep
|
|t:|1779952236
|switch|p1a: Garganacl|Garganacl, F|94/100
|-activate|p1a: Garganacl|move: Sticky Web
|-unboost|p1a: Garganacl|spe|1
|-damage|p1a: Garganacl|82/100|[from] Stealth Rock
|turn|21
|
|t:|1779952241
|switch|p2a: Clefable|Clefable, F, shiny|88/100
|move|p1a: Garganacl|Iron Defense|p1a: Garganacl
|-boost|p1a: Garganacl|def|2
|
|-weather|Sandstorm|[upkeep]
|-heal|p2a: Clefable|94/100|[from] Grassy Terrain
|-heal|p1a: Garganacl|88/100|[from] Grassy Terrain
|-heal|p1a: Garganacl|94/100|[from] item: Leftovers
|-fieldend|move: Grassy Terrain
|upkeep
|turn|22
|
|t:|1779952250
|move|p2a: Clefable|Calm Mind|p2a: Clefable
|-boost|p2a: Clefable|spa|1
|-boost|p2a: Clefable|spd|1
|move|p1a: Garganacl|Iron Defense|p1a: Garganacl
|-boost|p1a: Garganacl|def|2
|
|-weather|none
|-heal|p1a: Garganacl|100/100|[from] item: Leftovers
|upkeep
|turn|23
|
|t:|1779952257
|move|p2a: Clefable|Calm Mind|p2a: Clefable
|-boost|p2a: Clefable|spa|1
|-boost|p2a: Clefable|spd|1
|move|p1a: Garganacl|Body Press|p2a: Clefable
|-resisted|p2a: Clefable
|-damage|p2a: Clefable|64/100
|
|upkeep
|turn|24
|
|t:|1779952278
|move|p2a: Clefable|Moonblast|p1a: Garganacl
|-damage|p1a: Garganacl|39/100
|-unboost|p1a: Garganacl|spa|1
|move|p1a: Garganacl|Body Press|p2a: Clefable
|-resisted|p2a: Clefable
|-damage|p2a: Clefable|32/100
|
|-heal|p1a: Garganacl|46/100|[from] item: Leftovers
|upkeep
|turn|25
|
|t:|1779952287
|move|p2a: Clefable|Moonlight|p2a: Clefable
|-heal|p2a: Clefable|82/100
|move|p1a: Garganacl|Body Press|p2a: Clefable
|-resisted|p2a: Clefable
|-damage|p2a: Clefable|51/100
|
|-heal|p1a: Garganacl|52/100|[from] item: Leftovers
|upkeep
|turn|26
|
|t:|1779952295
|move|p2a: Clefable|Moonlight|p2a: Clefable
|-heal|p2a: Clefable|100/100
|move|p1a: Garganacl|Body Press|p2a: Clefable
|-resisted|p2a: Clefable
|-damage|p2a: Clefable|68/100
|
|-heal|p1a: Garganacl|58/100|[from] item: Leftovers
|upkeep
|turn|27
|
|t:|1779952303
|move|p2a: Clefable|Moonblast|p1a: Garganacl
|-damage|p1a: Garganacl|0 fnt
|faint|p1a: Garganacl
|
|upkeep
|
|t:|1779952308
|switch|p1a: Dragonite|Dragonite, M|100/100
|turn|28
|
|t:|1779952313
|-terastallize|p1a: Dragonite|Normal
|move|p1a: Dragonite|Dragon Dance|p1a: Dragonite
|-boost|p1a: Dragonite|atk|1
|-boost|p1a: Dragonite|spe|1
|move|p2a: Clefable|Moonblast|p1a: Dragonite
|-damage|p1a: Dragonite|46/100
|
|upkeep
|turn|29
|
|t:|1779952320
|move|p1a: Dragonite|Extreme Speed|p2a: Clefable
|-damage|p2a: Clefable|5/100
|move|p2a: Clefable|Moonblast|p1a: Dragonite
|-damage|p1a: Dragonite|0 fnt
|faint|p1a: Dragonite
|
|win|Lano Del Rey2
|raw|hameed425's rating: 1369 &rarr; <strong>1348</strong><br />(-21 for losing)
|raw|Lano Del Rey2's rating: 1346 &rarr; <strong>1367</strong><br />(+21 for winning)
|l|☆hameed425
|player|p1|
|l|‽Lano Del Rey2
|player|p2|
