|j|☆shukingle
|j|☆Squashm
|t:|1779920138
|gametype|singles
|player|p1|shukingle|pokefanf-gen4|1190
|player|p2|Squashm|miku-water|1246
|gen|9
|tier|[Gen 9] OU
|rated|
|rule|HP Percentage Mod: HP is shown in percentages
|rule|Endless Battle Clause: Forcing endless battles is banned
|rule|Species Clause: Limit one of each Pokémon
|rule|OHKO Clause: OHKO moves are banned
|rule|Evasion Items Clause: Evasion items are banned
|rule|Evasion Moves Clause: Evasion moves are banned
|rule|Evasion Abilities Clause: Evasion abilities are banned
|rule|Sleep Moves Clause: Sleep-inducing moves are banned
|clearpoke
|poke|p1|Clodsire, M|
|poke|p1|Volcanion|
|poke|p1|Blissey, F|
|poke|p1|Ogerpon, F|
|poke|p1|Corviknight, M|
|poke|p1|Rotom-Wash|
|poke|p2|Raging Bolt|
|poke|p2|Great Tusk|
|poke|p2|Scizor, M|
|poke|p2|Slowking-Galar, M|
|poke|p2|Samurott-Hisui, M|
|poke|p2|Enamorus, F|
|teampreview
|
|t:|1779920163
|teamsize|p1|6
|teamsize|p2|6
|start
|switch|p1a: Rotom|Rotom-Wash|100/100
|switch|p2a: Samurott|Samurott-Hisui, M, shiny|100/100
|turn|1
|
|t:|1779920170
|move|p2a: Samurott|Ceaseless Edge|p1a: Rotom
|-damage|p1a: Rotom|54/100
|-sidestart|p1: shukingle|Spikes
|move|p1a: Rotom|Will-O-Wisp|p2a: Samurott
|-status|p2a: Samurott|brn
|
|-heal|p1a: Rotom|60/100|[from] item: Leftovers
|-damage|p2a: Samurott|94/100 brn|[from] brn
|upkeep
|turn|2
|
|t:|1779920178
|move|p2a: Samurott|Swords Dance|p2a: Samurott
|-boost|p2a: Samurott|atk|2
|move|p1a: Rotom|Volt Switch|p2a: Samurott
|-supereffective|p2a: Samurott
|-damage|p2a: Samurott|11/100 brn
|
|t:|1779920181
|switch|p1a: Corviknight|Corviknight, M|100/100|[from] Volt Switch
|-ability|p1a: Corviknight|Pressure
|
|-damage|p2a: Samurott|5/100 brn|[from] brn
|upkeep
|turn|3
|
|t:|1779920185
|move|p2a: Samurott|Ceaseless Edge|p1a: Corviknight
|-damage|p1a: Corviknight|64/100
|-damage|p2a: Samurott|0 fnt|[from] item: Rocky Helmet|[of] p1a: Corviknight
|faint|p2a: Samurott
|move|p1a: Corviknight|Defog|p2: Samurott|[notarget]
|-fail|p1a: Corviknight
|
|upkeep
|
|t:|1779920207
|switch|p2a: Enamorus|Enamorus, F, shiny|100/100
|turn|4
|
|t:|1779920217
|switch|p1a: Blissey|Blissey, F|100/100
|-damage|p1a: Blissey|88/100|[from] Spikes
|move|p2a: Enamorus|Mystical Fire|p1a: Blissey
|-damage|p1a: Blissey|79/100
|-unboost|p1a: Blissey|spa|1
|
|-heal|p1a: Blissey|85/100|[from] item: Leftovers
|upkeep
|turn|5
|
|t:|1779920226
|switch|p2a: Great Tusk|Great Tusk, shiny|100/100
|move|p1a: Blissey|Thunder Wave|p2a: Great Tusk
|-immune|p2a: Great Tusk
|
|-heal|p1a: Blissey|91/100|[from] item: Leftovers
|upkeep
|turn|6
|
|t:|1779920235
|switch|p1a: Corviknight|Corviknight, M|64/100
|-ability|p1a: Corviknight|Pressure
|move|p2a: Great Tusk|Rapid Spin|p1a: Corviknight
|-resisted|p1a: Corviknight
|-damage|p1a: Corviknight|58/100
|-boost|p2a: Great Tusk|spe|1
|-damage|p2a: Great Tusk|84/100|[from] item: Rocky Helmet|[of] p1a: Corviknight
|
|upkeep
|turn|7
|
|t:|1779920249
|-end|p2a: Great Tusk|Protosynthesis|[silent]
|switch|p2a: Raging Bolt|Raging Bolt|100/100
|move|p1a: Corviknight|Defog|p2a: Raging Bolt
|-unboost|p2a: Raging Bolt|evasion|1
|-sideend|p1: shukingle|Spikes|[from] move: Defog|[of] p1a: Corviknight
|
|upkeep
|turn|8
|
|t:|1779920262
|switch|p1a: Clodsire|Clodsire, M|100/100
|move|p2a: Raging Bolt|Volt Switch|p1a: Clodsire
|-immune|p1a: Clodsire
|
|upkeep
|turn|9
|
|t:|1779920269
|-end|p2a: Raging Bolt|Protosynthesis|[silent]
|switch|p2a: Slowking|Slowking-Galar, M, shiny|100/100
|move|p1a: Clodsire|Toxic|p2a: Slowking
|-immune|p2a: Slowking
|
|upkeep
|turn|10
|
|t:|1779920277
|move|p2a: Slowking|Psychic Noise|p1a: Clodsire
|-supereffective|p1a: Clodsire
|-damage|p1a: Clodsire|71/100
|-start|p1a: Clodsire|move: Heal Block
|move|p1a: Clodsire|Earthquake|p2a: Slowking
|-supereffective|p2a: Slowking
|-damage|p2a: Slowking|56/100
|
|upkeep
|turn|11
|
|t:|1779920298
|move|p2a: Slowking|Whirlpool|p1a: Clodsire
|-supereffective|p1a: Clodsire
|-damage|p1a: Clodsire|61/100
|-activate|p1a: Clodsire|move: Whirlpool|[of] p2a: Slowking
|move|p1a: Clodsire|Amnesia|p1a: Clodsire
|-boost|p1a: Clodsire|spd|2
|
|-damage|p1a: Clodsire|49/100|[from] move: Whirlpool|[partiallytrapped]
|-end|p1a: Clodsire|move: Heal Block
|upkeep
|turn|12
|
|t:|1779920310
|move|p2a: Slowking|Psychic Noise|p1a: Clodsire
|-supereffective|p1a: Clodsire
|-crit|p1a: Clodsire
|-damage|p1a: Clodsire|3/100
|-start|p1a: Clodsire|move: Heal Block
|cant|p1a: Clodsire|move: Heal Block|Recover
|
|-damage|p1a: Clodsire|0 fnt|[from] move: Whirlpool|[partiallytrapped]
|faint|p1a: Clodsire
|upkeep
|
|t:|1779920316
|switch|p1a: Ogerpon|Ogerpon, F|100/100
|turn|13
|c|☆Squashm|My b
|
|t:|1779920326
|switch|p2a: Raging Bolt|Raging Bolt|100/100
|move|p1a: Ogerpon|Knock Off|p2a: Raging Bolt
|-damage|p2a: Raging Bolt|57/100
|-enditem|p2a: Raging Bolt|Choice Specs|[from] move: Knock Off|[of] p1a: Ogerpon
|
|upkeep
|turn|14
|
|t:|1779920335
|switch|p1a: Blissey|Blissey, F|91/100
|move|p2a: Raging Bolt|Volt Switch|p1a: Blissey
|-damage|p1a: Blissey|79/100
|
|t:|1779920342
|-end|p2a: Raging Bolt|Protosynthesis|[silent]
|switch|p2a: Scizor|Scizor, M, shiny|100/100|[from] Volt Switch
|
|-heal|p1a: Blissey|85/100|[from] item: Leftovers
|upkeep
|turn|15
|inactive|Battle timer is ON: inactive players will automatically lose when time's up. (requested by Squashm)
|
|t:|1779920394
|switch|p1a: Corviknight|Corviknight, M|58/100
|-ability|p1a: Corviknight|Pressure
|move|p2a: Scizor|U-turn|p1a: Corviknight
|-resisted|p1a: Corviknight
|-damage|p1a: Corviknight|49/100
|-damage|p2a: Scizor|84/100|[from] item: Rocky Helmet|[of] p1a: Corviknight
|
|t:|1779920405
|switch|p2a: Raging Bolt|Raging Bolt|57/100|[from] U-turn
|
|upkeep
|turn|16
|
|t:|1779920412
|switch|p1a: Blissey|Blissey, F|85/100
|move|p2a: Raging Bolt|Volt Switch|p1a: Blissey
|-damage|p1a: Blissey|73/100
|
|t:|1779920418
|-end|p2a: Raging Bolt|Protosynthesis|[silent]
|switch|p2a: Scizor|Scizor, M, shiny|84/100|[from] Volt Switch
|
|-heal|p1a: Blissey|79/100|[from] item: Leftovers
|upkeep
|turn|17
|
|t:|1779920448
|switch|p1a: Corviknight|Corviknight, M|49/100
|-ability|p1a: Corviknight|Pressure
|move|p2a: Scizor|U-turn|p1a: Corviknight
|-resisted|p1a: Corviknight
|-damage|p1a: Corviknight|40/100
|-damage|p2a: Scizor|68/100|[from] item: Rocky Helmet|[of] p1a: Corviknight
|
|t:|1779920456
|switch|p2a: Raging Bolt|Raging Bolt|57/100|[from] U-turn
|
|upkeep
|turn|18
|
|t:|1779920471
|-terastallize|p1a: Corviknight|Dragon
|move|p2a: Raging Bolt|Volt Switch|p1a: Corviknight
|-resisted|p1a: Corviknight
|-damage|p1a: Corviknight|21/100
|
|t:|1779920477
|-end|p2a: Raging Bolt|Protosynthesis|[silent]
|switch|p2a: Enamorus|Enamorus, F, shiny|100/100|[from] Volt Switch
|move|p1a: Corviknight|U-turn|p2a: Enamorus
|-resisted|p2a: Enamorus
|-damage|p2a: Enamorus|95/100
|inactive|shukingle has 120 seconds left.
|
|t:|1779920522
|switch|p1a: Blissey|Blissey, F|79/100|[from] U-turn
|
|-heal|p1a: Blissey|85/100|[from] item: Leftovers
|upkeep
|turn|19
|
|t:|1779920531
|switch|p2a: Great Tusk|Great Tusk, shiny|84/100
|move|p1a: Blissey|Seismic Toss|p2a: Great Tusk
|-damage|p2a: Great Tusk|57/100
|-damage|p1a: Blissey|68/100|[from] item: Rocky Helmet|[of] p2a: Great Tusk
|
|-heal|p1a: Blissey|74/100|[from] item: Leftovers
|upkeep
|turn|20
|
|t:|1779920538
|switch|p1a: Rotom|Rotom-Wash|60/100
|move|p2a: Great Tusk|Rapid Spin|p1a: Rotom
|-damage|p1a: Rotom|47/100
|-boost|p2a: Great Tusk|spe|1
|
|-heal|p1a: Rotom|53/100|[from] item: Leftovers
|upkeep
|turn|21
|
|t:|1779920555
|-end|p2a: Great Tusk|Protosynthesis|[silent]
|switch|p2a: Slowking|Slowking-Galar, M, shiny|89/100
|move|p1a: Rotom|Hydro Pump|p2a: Slowking
|-damage|p2a: Slowking|69/100
|
|-heal|p1a: Rotom|60/100|[from] item: Leftovers
|upkeep
|turn|22
|
|t:|1779920565
|move|p1a: Rotom|Volt Switch|p2a: Slowking
|-damage|p2a: Slowking|55/100
|
|t:|1779920581
|switch|p1a: Blissey|Blissey, F|74/100|[from] Volt Switch
|move|p2a: Slowking|Psychic Noise|p1a: Blissey
|-damage|p1a: Blissey|66/100
|-start|p1a: Blissey|move: Heal Block
|
|upkeep
|turn|23
|
|t:|1779920594
|switch|p1a: Ogerpon|Ogerpon, F|100/100
|move|p2a: Slowking|Whirlpool|p1a: Ogerpon
|-resisted|p1a: Ogerpon
|-damage|p1a: Ogerpon|95/100
|-activate|p1a: Ogerpon|move: Whirlpool|[of] p2a: Slowking
|
|-damage|p1a: Ogerpon|83/100|[from] move: Whirlpool|[partiallytrapped]
|upkeep
|turn|24
|
|t:|1779920607
|switch|p2a: Great Tusk|Great Tusk, shiny|57/100
|move|p1a: Ogerpon|U-turn|p2a: Great Tusk
|-resisted|p2a: Great Tusk
|-damage|p2a: Great Tusk|45/100
|-damage|p1a: Ogerpon|66/100|[from] item: Rocky Helmet|[of] p2a: Great Tusk
|
|t:|1779920611
|switch|p1a: Rotom|Rotom-Wash|60/100|[from] U-turn
|
|-heal|p1a: Rotom|66/100|[from] item: Leftovers
|upkeep
|turn|25
|
|t:|1779920620
|-end|p2a: Great Tusk|Protosynthesis|[silent]
|switch|p2a: Slowking|Slowking-Galar, M, shiny|88/100
|move|p1a: Rotom|Hydro Pump|p2a: Slowking
|-damage|p2a: Slowking|67/100
|
|-heal|p1a: Rotom|72/100|[from] item: Leftovers
|upkeep
|turn|26
|
|t:|1779920631
|move|p1a: Rotom|Hydro Pump|p2a: Slowking
|-damage|p2a: Slowking|45/100
|move|p2a: Slowking|Sludge Bomb|p1a: Rotom
|-damage|p1a: Rotom|39/100
|
|-heal|p1a: Rotom|46/100|[from] item: Leftovers
|upkeep
|turn|27
|inactive|shukingle has 90 seconds left.
|
|t:|1779920681
|switch|p1a: Corviknight|Corviknight, M, tera:Dragon|21/100
|-ability|p1a: Corviknight|Pressure
|switch|p2a: Raging Bolt|Raging Bolt|57/100
|
|upkeep
|turn|28
|
|t:|1779920691
|switch|p1a: Blissey|Blissey, F|66/100
|move|p2a: Raging Bolt|Volt Switch|p1a: Blissey
|-damage|p1a: Blissey|53/100
|
|t:|1779920697
|-end|p2a: Raging Bolt|Protosynthesis|[silent]
|switch|p2a: Great Tusk|Great Tusk, shiny|45/100|[from] Volt Switch
|
|-heal|p1a: Blissey|59/100|[from] item: Leftovers
|upkeep
|turn|29
|
|t:|1779920716
|switch|p1a: Corviknight|Corviknight, M, tera:Dragon|21/100
|-ability|p1a: Corviknight|Pressure
|move|p2a: Great Tusk|Stealth Rock|p1a: Corviknight
|-sidestart|p1: shukingle|move: Stealth Rock
|
|upkeep
|turn|30
|
|t:|1779920724
|move|p2a: Great Tusk|Ice Spinner|p1a: Corviknight
|-supereffective|p1a: Corviknight
|-damage|p1a: Corviknight|0 fnt
|-damage|p2a: Great Tusk|29/100|[from] item: Rocky Helmet|[of] p1a: Corviknight
|faint|p1a: Corviknight
|
|upkeep
|
|t:|1779920731
|switch|p1a: Ogerpon|Ogerpon, F|66/100
|-damage|p1a: Ogerpon|54/100|[from] Stealth Rock
|turn|31
|
|t:|1779920738
|-end|p2a: Great Tusk|Protosynthesis|[silent]
|switch|p2a: Raging Bolt|Raging Bolt|57/100
|move|p1a: Ogerpon|Ivy Cudgel|p2a: Raging Bolt
|-resisted|p2a: Raging Bolt
|-damage|p2a: Raging Bolt|25/100
|
|upkeep
|turn|32
|
|t:|1779920747
|move|p2a: Raging Bolt|Thunderclap|p1a: Ogerpon
|-resisted|p1a: Ogerpon
|-damage|p1a: Ogerpon|28/100
|move|p1a: Ogerpon|Ivy Cudgel|p2a: Raging Bolt
|-resisted|p2a: Raging Bolt
|-damage|p2a: Raging Bolt|0 fnt
|faint|p2a: Raging Bolt
|-end|p2a: Raging Bolt|Protosynthesis|[silent]
|
|upkeep
|
|t:|1779920754
|switch|p2a: Scizor|Scizor, M, shiny|68/100
|turn|33
|
|t:|1779920760
|switch|p1a: Volcanion|Volcanion|100/100
|-terastallize|p2a: Scizor|Steel
|move|p2a: Scizor|Bullet Punch|p1a: Volcanion
|-resisted|p1a: Volcanion
|-damage|p1a: Volcanion|83/100
|
|upkeep
|turn|34
|
|t:|1779920774
|switch|p2a: Slowking|Slowking-Galar, M, shiny|78/100
|move|p1a: Volcanion|Steam Eruption|p2a: Slowking
|-damage|p2a: Slowking|47/100
|
|upkeep
|turn|35
|
|t:|1779920789
|move|p1a: Volcanion|Steam Eruption|p2a: Slowking
|-damage|p2a: Slowking|14/100
|-status|p2a: Slowking|brn
|move|p2a: Slowking|Sludge Bomb|p1a: Volcanion
|-damage|p1a: Volcanion|38/100
|-status|p1a: Volcanion|psn
|
|-damage|p1a: Volcanion|26/100 psn|[from] psn
|-damage|p2a: Slowking|8/100 brn|[from] brn
|upkeep
|turn|36
|
|t:|1779920801
|switch|p1a: Blissey|Blissey, F|59/100
|-damage|p1a: Blissey|46/100|[from] Stealth Rock
|move|p2a: Slowking|Sludge Bomb|p1a: Blissey
|-damage|p1a: Blissey|36/100
|
|-heal|p1a: Blissey|42/100|[from] item: Leftovers
|-damage|p2a: Slowking|2/100 brn|[from] brn
|upkeep
|turn|37
|
|t:|1779920811
|move|p1a: Blissey|Soft-Boiled|p1a: Blissey
|-heal|p1a: Blissey|92/100
|move|p2a: Slowking|Psychic Noise|p1a: Blissey
|-damage|p1a: Blissey|85/100
|-start|p1a: Blissey|move: Heal Block
|
|-damage|p2a: Slowking|0 fnt|[from] brn
|faint|p2a: Slowking
|upkeep
|
|t:|1779920819
|switch|p2a: Scizor|Scizor, M, shiny, tera:Steel|68/100
|turn|38
|
|t:|1779920838
|switch|p1a: Rotom|Rotom-Wash|46/100
|-damage|p1a: Rotom|33/100|[from] Stealth Rock
|move|p2a: Scizor|Close Combat|p1a: Rotom
|-damage|p1a: Rotom|0 fnt
|-unboost|p2a: Scizor|def|1
|-unboost|p2a: Scizor|spd|1
|faint|p1a: Rotom
|
|upkeep
|
|t:|1779920854
|switch|p1a: Ogerpon|Ogerpon, F|28/100
|-damage|p1a: Ogerpon|16/100|[from] Stealth Rock
|turn|39
|
|t:|1779920863
|switch|p2a: Great Tusk|Great Tusk, shiny|29/100
|move|p1a: Ogerpon|Knock Off|p2a: Great Tusk
|-resisted|p2a: Great Tusk
|-damage|p2a: Great Tusk|13/100
|-damage|p1a: Ogerpon|0 fnt|[from] item: Rocky Helmet|[of] p2a: Great Tusk
|faint|p1a: Ogerpon
|
|upkeep
|
|t:|1779920871
|switch|p1a: Volcanion|Volcanion|26/100 psn
|turn|40
|
|t:|1779920879
|move|p2a: Great Tusk|Headlong Rush|p1a: Volcanion
|-supereffective|p1a: Volcanion
|-damage|p1a: Volcanion|0 fnt
|-unboost|p2a: Great Tusk|def|1
|-unboost|p2a: Great Tusk|spd|1
|faint|p1a: Volcanion
|
|upkeep
|
|t:|1779920884
|switch|p1a: Blissey|Blissey, F|85/100
|-damage|p1a: Blissey|72/100|[from] Stealth Rock
|turn|41
|
|t:|1779920888
|move|p2a: Great Tusk|Headlong Rush|p1a: Blissey
|-damage|p1a: Blissey|5/100
|-unboost|p2a: Great Tusk|def|1
|-unboost|p2a: Great Tusk|spd|1
|move|p1a: Blissey|Seismic Toss|p2a: Great Tusk
|-damage|p2a: Great Tusk|0 fnt
|-damage|p1a: Blissey|0 fnt|[from] item: Rocky Helmet|[of] p2a: Great Tusk
|faint|p2a: Great Tusk
|-end|p2a: Great Tusk|Protosynthesis|[silent]
|faint|p1a: Blissey
|
|win|Squashm
|raw|shukingle's rating: 1190 &rarr; <strong>1169</strong><br />(-21 for losing)
|raw|Squashm's rating: 1246 &rarr; <strong>1267</strong><br />(+21 for winning)
|l|☆shukingle
|player|p1|
|c|☆Squashm|Gg
