|j|☆tiftif
|j|☆pivotslophaxmaxxer
|t:|1779923040
|gametype|singles
|player|p1|tiftif|266|1551
|player|p2|pivotslophaxmaxxer|tate|1639
|gen|9
|tier|[Gen 9] OU
|rated|
|rule|HP Percentage Mod: HP is shown in percentages
|rule|Endless Battle Clause: Forcing endless battles is banned
|rule|Species Clause: Limit one of each Pokémon
|rule|OHKO Clause: OHKO moves are banned
|rule|Evasion Items Clause: Evasion items are banned
|rule|Evasion Moves Clause: Evasion moves are banned
|rule|Evasion Abilities Clause: Evasion abilities are banned
|rule|Sleep Moves Clause: Sleep-inducing moves are banned
|clearpoke
|poke|p1|Pelipper, F|
|poke|p1|Iron Treads|
|poke|p1|Barraskewda, F|
|poke|p1|Raging Bolt|
|poke|p1|Talonflame, M|
|poke|p1|Keldeo-Resolute|
|poke|p2|Grimmsnarl, M|
|poke|p2|Veluza, M|
|poke|p2|Great Tusk|
|poke|p2|Dragonite, F|
|poke|p2|Iron Moth|
|poke|p2|Maushold|
|teampreview
|
|t:|1779923046
|teamsize|p1|6
|teamsize|p2|6
|start
|switch|p1a: Bec qui pend|Pelipper, F|100/100
|switch|p2a: Grimmsnarl|Grimmsnarl, M|100/100
|-weather|RainDance|[from] ability: Drizzle|[of] p1a: Bec qui pend
|turn|1
|inactive|Battle timer is ON: inactive players will automatically lose when time's up. (requested by tiftif)
|
|t:|1779923052
|move|p2a: Grimmsnarl|Light Screen|p2a: Grimmsnarl
|-sidestart|p2: pivotslophaxmaxxer|move: Light Screen
|move|p1a: Bec qui pend|U-turn|p2a: Grimmsnarl
|-damage|p2a: Grimmsnarl|90/100
|
|t:|1779923063
|switch|p1a: Great Tusk Wish|Iron Treads|100/100|[from] U-turn
|-enditem|p1a: Great Tusk Wish|Booster Energy
|-activate|p1a: Great Tusk Wish|ability: Quark Drive|[fromitem]
|-start|p1a: Great Tusk Wish|quarkdrivespe
|
|-weather|RainDance|[upkeep]
|upkeep
|turn|2
|
|t:|1779923067
|move|p2a: Grimmsnarl|Reflect|p2a: Grimmsnarl
|-sidestart|p2: pivotslophaxmaxxer|Reflect
|move|p1a: Great Tusk Wish|Earthquake|p2a: Grimmsnarl
|-damage|p2a: Grimmsnarl|63/100
|
|-weather|RainDance|[upkeep]
|upkeep
|turn|3
|inactive|tiftif has 120 seconds left.
|l|☆pivotslophaxmaxxer
|inactive|pivotslophaxmaxxer disconnected and has a minute to reconnect!
|player|p2|
|j|☆pivotslophaxmaxxer
|inactive|pivotslophaxmaxxer reconnected.
|player|p2|pivotslophaxmaxxer|tate|
|inactive|tiftif has 90 seconds left.
|
|t:|1779923132
|move|p2a: Grimmsnarl|Parting Shot|p1a: Great Tusk Wish
|-unboost|p1a: Great Tusk Wish|atk|1
|-unboost|p1a: Great Tusk Wish|spa|1
|
|t:|1779923135
|switch|p2a: Veluza|Veluza, M|100/100|[from] Parting Shot
|-ability|p2a: Veluza|Mold Breaker
|move|p1a: Great Tusk Wish|Stealth Rock|p2a: Veluza
|-sidestart|p2: pivotslophaxmaxxer|move: Stealth Rock
|
|-weather|RainDance|[upkeep]
|upkeep
|turn|4
|inactive|tiftif has 90 seconds left.
|
|t:|1779923171
|move|p1a: Great Tusk Wish|Earthquake|p2a: Veluza
|-damage|p2a: Veluza|82/100
|move|p2a: Veluza|Fillet Away|p2a: Veluza
|-boost|p2a: Veluza|atk|2
|-boost|p2a: Veluza|spa|2
|-boost|p2a: Veluza|spe|2
|-damage|p2a: Veluza|32/100
|-enditem|p2a: Veluza|Sitrus Berry|[eat]
|-heal|p2a: Veluza|57/100|[from] item: Sitrus Berry
|
|-weather|RainDance|[upkeep]
|upkeep
|turn|5
|
|t:|1779923179
|move|p1a: Great Tusk Wish|Earthquake|p2a: Veluza
|-damage|p2a: Veluza|39/100
|move|p2a: Veluza|Pain Split|p1a: Great Tusk Wish
|-sethp|p1a: Great Tusk Wish|73/100|[from] move: Pain Split|[silent]
|-sethp|p2a: Veluza|64/100|[from] move: Pain Split
|
|-weather|RainDance|[upkeep]
|upkeep
|turn|6
|
|t:|1779923204
|move|p1a: Great Tusk Wish|Earthquake|p2a: Veluza
|-damage|p2a: Veluza|44/100
|move|p2a: Veluza|Liquidation|p1a: Great Tusk Wish
|-supereffective|p1a: Great Tusk Wish
|-damage|p1a: Great Tusk Wish|0 fnt
|faint|p1a: Great Tusk Wish
|-end|p1a: Great Tusk Wish|Quark Drive|[silent]
|
|-weather|RainDance|[upkeep]
|upkeep
|
|t:|1779923215
|switch|p1a: Le Talon Ducul|Talonflame, M|100/100
|turn|7
|
|t:|1779923224
|move|p1a: Le Talon Ducul|Hurricane|p2a: Veluza
|-damage|p2a: Veluza|0 fnt
|faint|p2a: Veluza
|
|-weather|RainDance|[upkeep]
|upkeep
|inactive|pivotslophaxmaxxer has 120 seconds left.
|
|t:|1779923280
|switch|p2a: Maushold|Maushold|100/100
|-damage|p2a: Maushold|88/100|[from] Stealth Rock
|turn|8
|
|t:|1779923286
|move|p1a: Le Talon Ducul|Hurricane|p2a: Maushold
|-damage|p2a: Maushold|36/100
|move|p2a: Maushold|Tidy Up|p2a: Maushold
|-sideend|p2: pivotslophaxmaxxer|Stealth Rock
|-activate|p2a: Maushold|move: Tidy Up
|-boost|p2a: Maushold|atk|1
|-boost|p2a: Maushold|spe|1
|
|-weather|none
|-sideend|p2: pivotslophaxmaxxer|move: Light Screen
|upkeep
|turn|9
|inactive|tiftif has 90 seconds left.
|
|t:|1779923291
|move|p1a: Le Talon Ducul|Hurricane|p2a: Maushold
|-damage|p2a: Maushold|0 fnt
|faint|p2a: Maushold
|
|-sideend|p2: pivotslophaxmaxxer|Reflect
|upkeep
|
|t:|1779923308
|switch|p2a: Grimmsnarl|Grimmsnarl, M|63/100
|turn|10
|
|t:|1779923311
|switch|p1a: Bec qui pend|Pelipper, F|100/100
|-weather|RainDance|[from] ability: Drizzle|[of] p1a: Bec qui pend
|move|p2a: Grimmsnarl|Light Screen|p2a: Grimmsnarl
|-sidestart|p2: pivotslophaxmaxxer|move: Light Screen
|
|-weather|RainDance|[upkeep]
|upkeep
|turn|11
|
|t:|1779923317
|move|p2a: Grimmsnarl|Spirit Break|p1a: Bec qui pend
|-damage|p1a: Bec qui pend|78/100
|-unboost|p1a: Bec qui pend|spa|1
|move|p1a: Bec qui pend|U-turn|p2a: Grimmsnarl
|-damage|p2a: Grimmsnarl|51/100
|
|t:|1779923325
|switch|p1a: Le Talon Ducul|Talonflame, M|100/100|[from] U-turn
|
|-weather|RainDance|[upkeep]
|upkeep
|turn|12
|
|t:|1779923327
|move|p1a: Le Talon Ducul|Hurricane|p2a: Grimmsnarl
|-damage|p2a: Grimmsnarl|28/100
|move|p2a: Grimmsnarl|Reflect|p2a: Grimmsnarl
|-sidestart|p2: pivotslophaxmaxxer|Reflect
|
|-weather|RainDance|[upkeep]
|upkeep
|turn|13
|
|t:|1779923332
|move|p1a: Le Talon Ducul|Hurricane|p2a: Grimmsnarl
|-damage|p2a: Grimmsnarl|3/100
|move|p2a: Grimmsnarl|Parting Shot|p1a: Le Talon Ducul
|-unboost|p1a: Le Talon Ducul|atk|1
|-unboost|p1a: Le Talon Ducul|spa|1
|
|t:|1779923339
|switch|p2a: Dragonite|Dragonite, F|100/100|[from] Parting Shot
|
|-weather|RainDance|[upkeep]
|upkeep
|turn|14
|
|t:|1779923345
|switch|p1a: Sophie|Raging Bolt|100/100
|-enditem|p1a: Sophie|Booster Energy
|-activate|p1a: Sophie|ability: Protosynthesis|[fromitem]
|-start|p1a: Sophie|protosynthesisspa
|move|p2a: Dragonite|Dragon Dance|p2a: Dragonite
|-boost|p2a: Dragonite|atk|1
|-boost|p2a: Dragonite|spe|1
|
|-weather|RainDance|[upkeep]
|upkeep
|turn|15
|
|t:|1779923351
|move|p2a: Dragonite|Earthquake|p1a: Sophie
|-supereffective|p1a: Sophie
|-damage|p1a: Sophie|0 fnt
|faint|p1a: Sophie
|-end|p1a: Sophie|Protosynthesis|[silent]
|
|-weather|RainDance|[upkeep]
|upkeep
|
|t:|1779923359
|switch|p1a: Le Talon Ducul|Talonflame, M|100/100
|turn|16
|-message|tiftif forfeited.
|
|win|pivotslophaxmaxxer
|raw|tiftif's rating: 1551 &rarr; <strong>1536</strong><br />(-15 for losing)
|raw|pivotslophaxmaxxer's rating: 1639 &rarr; <strong>1654</strong><br />(+15 for winning)
|l|☆tiftif
|player|p1|
|l|☆pivotslophaxmaxxer
|player|p2|
