|j|☆yveloso
|j|☆zepqed
|t:|1779942898
|gametype|singles
|player|p1|yveloso|265|1115
|player|p2|zepqed|265|1052
|gen|9
|tier|[Gen 9] OU
|rated|
|rule|HP Percentage Mod: HP is shown in percentages
|rule|Endless Battle Clause: Forcing endless battles is banned
|rule|Species Clause: Limit one of each Pokémon
|rule|OHKO Clause: OHKO moves are banned
|rule|Evasion Items Clause: Evasion items are banned
|rule|Evasion Moves Clause: Evasion moves are banned
|rule|Evasion Abilities Clause: Evasion abilities are banned
|rule|Sleep Moves Clause: Sleep-inducing moves are banned
|clearpoke
|poke|p1|Infernape, M|
|poke|p1|Garchomp, F|
|poke|p1|Dragapult, F|
|poke|p1|Rotom-Wash|
|poke|p1|Corviknight, F|
|poke|p1|Kingambit, M|
|poke|p2|Oinkologne, M|
|poke|p2|Gliscor, M|
|poke|p2|Iron Valiant|
|poke|p2|Ogerpon-Wellspring, F|
|poke|p2|Raging Bolt|
|poke|p2|Heatran, M|
|teampreview
|
|t:|1779942912
|teamsize|p1|6
|teamsize|p2|6
|start
|switch|p1a: Garchomp|Garchomp, F|100/100
|switch|p2a: Heatran|Heatran, M|100/100
|-item|p2a: Heatran|Air Balloon
|turn|1
|
|t:|1779942921
|move|p1a: Garchomp|Stealth Rock|p2a: Heatran
|-sidestart|p2: zepqed|move: Stealth Rock
|move|p2a: Heatran|Stealth Rock|p1a: Garchomp
|-sidestart|p1: yveloso|move: Stealth Rock
|
|upkeep
|turn|2
|
|t:|1779942942
|move|p2a: Heatran|Heavy Slam|p1a: Garchomp
|-damage|p1a: Garchomp|78/100
|-damage|p2a: Heatran|88/100|[from] ability: Rough Skin|[of] p1a: Garchomp
|-damage|p2a: Heatran|71/100|[from] item: Rocky Helmet|[of] p1a: Garchomp
|move|p1a: Garchomp|Dragon Tail|p2a: Heatran
|-resisted|p2a: Heatran
|-damage|p2a: Heatran|61/100
|-enditem|p2a: Heatran|Air Balloon
|drag|p2a: Ogerpon|Ogerpon-Wellspring, F|100/100
|-damage|p2a: Ogerpon|88/100|[from] Stealth Rock
|
|upkeep
|turn|3
|
|t:|1779942965
|switch|p1a: Rotom|Rotom-Wash|100/100
|-damage|p1a: Rotom|88/100|[from] Stealth Rock
|move|p2a: Ogerpon|Play Rough|p1a: Rotom
|-damage|p1a: Rotom|58/100
|
|-heal|p1a: Rotom|65/100|[from] item: Leftovers
|upkeep
|turn|4
|
|t:|1779942975
|move|p2a: Ogerpon|Swords Dance|p2a: Ogerpon
|-boost|p2a: Ogerpon|atk|2
|move|p1a: Rotom|Will-O-Wisp|p2a: Ogerpon
|-status|p2a: Ogerpon|brn
|
|-heal|p1a: Rotom|71/100|[from] item: Leftovers
|-damage|p2a: Ogerpon|82/100 brn|[from] brn
|upkeep
|turn|5
|
|t:|1779942983
|move|p1a: Rotom|Protect|p1a: Rotom
|-singleturn|p1a: Rotom|Protect
|move|p2a: Ogerpon|Swords Dance|p2a: Ogerpon
|-boost|p2a: Ogerpon|atk|2
|
|-heal|p1a: Rotom|77/100|[from] item: Leftovers
|-damage|p2a: Ogerpon|76/100 brn|[from] brn
|upkeep
|turn|6
|
|t:|1779942991
|move|p1a: Rotom|Protect|p1a: Rotom
|-singleturn|p1a: Rotom|Protect
|move|p2a: Ogerpon|Swords Dance|p2a: Ogerpon
|-boost|p2a: Ogerpon|atk|2
|
|-heal|p1a: Rotom|83/100|[from] item: Leftovers
|-damage|p2a: Ogerpon|70/100 brn|[from] brn
|upkeep
|turn|7
|
|t:|1779943001
|-terastallize|p1a: Rotom|Electric
|move|p2a: Ogerpon|Horn Leech|p1a: Rotom
|-damage|p1a: Rotom|17/100
|-heal|p2a: Ogerpon|100/100 brn|[from] drain|[of] p1a: Rotom
|move|p1a: Rotom|Hydro Pump|p2a: Ogerpon
|-immune|p2a: Ogerpon|[from] ability: Water Absorb
|
|-heal|p1a: Rotom|23/100|[from] item: Leftovers
|-damage|p2a: Ogerpon|95/100 brn|[from] brn
|upkeep
|turn|8
|l|☆yveloso
|player|p1|
|j|☆yveloso
|player|p1|yveloso|265|
|
|t:|1779943027
|move|p1a: Rotom|Protect|p1a: Rotom
|-singleturn|p1a: Rotom|Protect
|move|p2a: Ogerpon|Horn Leech|p1a: Rotom
|-activate|p1a: Rotom|move: Protect
|
|-heal|p1a: Rotom|29/100|[from] item: Leftovers
|-damage|p2a: Ogerpon|89/100 brn|[from] brn
|upkeep
|turn|9
|
|t:|1779943043
|move|p1a: Rotom|Protect||[still]
|-fail|p1a: Rotom
|move|p2a: Ogerpon|Horn Leech|p1a: Rotom
|-damage|p1a: Rotom|0 fnt
|-heal|p2a: Ogerpon|100/100 brn|[from] drain|[of] p1a: Rotom
|faint|p1a: Rotom
|
|-damage|p2a: Ogerpon|95/100 brn|[from] brn
|upkeep
|inactive|Battle timer is ON: inactive players will automatically lose when time's up. (requested by zepqed)
|
|t:|1779943075
|switch|p1a: Dragapult|Dragapult, F|100/100
|-damage|p1a: Dragapult|88/100|[from] Stealth Rock
|turn|10
|
|t:|1779943083
|move|p1a: Dragapult|U-turn|p2a: Ogerpon
|-supereffective|p2a: Ogerpon
|-damage|p2a: Ogerpon|52/100 brn
|
|t:|1779943092
|switch|p1a: Corviknight|Corviknight, F|100/100|[from] U-turn
|-damage|p1a: Corviknight|88/100|[from] Stealth Rock
|-ability|p1a: Corviknight|Pressure
|move|p2a: Ogerpon|Play Rough|p1a: Corviknight
|-resisted|p1a: Corviknight
|-damage|p1a: Corviknight|64/100
|
|-heal|p1a: Corviknight|70/100|[from] item: Leftovers
|-damage|p2a: Ogerpon|46/100 brn|[from] brn
|upkeep
|turn|11
|
|t:|1779943117
|move|p2a: Ogerpon|Ivy Cudgel|p1a: Corviknight|[anim] Ivy Cudgel Water
|-damage|p1a: Corviknight|0 fnt
|faint|p1a: Corviknight
|
|-damage|p2a: Ogerpon|40/100 brn|[from] brn
|upkeep
|
|t:|1779943128
|switch|p1a: Dragapult|Dragapult, F|88/100
|-damage|p1a: Dragapult|76/100|[from] Stealth Rock
|turn|12
|inactive|yveloso has 120 seconds left.
|
|t:|1779943143
|move|p1a: Dragapult|Shadow Ball|p2a: Ogerpon
|-damage|p2a: Ogerpon|0 fnt
|faint|p2a: Ogerpon
|
|upkeep
|
|t:|1779943162
|switch|p2a: Iron Valiant|Iron Valiant|100/100
|-damage|p2a: Iron Valiant|94/100|[from] Stealth Rock
|-enditem|p2a: Iron Valiant|Booster Energy
|-activate|p2a: Iron Valiant|ability: Quark Drive|[fromitem]
|-start|p2a: Iron Valiant|quarkdrivespe
|turn|13
|inactive|yveloso has 120 seconds left.
|
|t:|1779943178
|switch|p1a: Kingambit|Kingambit, M|100/100
|-damage|p1a: Kingambit|94/100|[from] Stealth Rock
|move|p2a: Iron Valiant|Moonblast|p1a: Kingambit
|-damage|p1a: Kingambit|47/100
|
|upkeep
|turn|14
|
|t:|1779943190
|move|p2a: Iron Valiant|Calm Mind|p2a: Iron Valiant
|-boost|p2a: Iron Valiant|spa|1
|-boost|p2a: Iron Valiant|spd|1
|move|p1a: Kingambit|Iron Head|p2a: Iron Valiant
|-supereffective|p2a: Iron Valiant
|-damage|p2a: Iron Valiant|0 fnt
|faint|p2a: Iron Valiant
|-end|p2a: Iron Valiant|Quark Drive|[silent]
|
|upkeep
|inactive|zepqed has 120 seconds left.
|inactive|zepqed has 90 seconds left.
|
|t:|1779943237
|switch|p2a: Gliscor|Gliscor, M|100/100
|-damage|p2a: Gliscor|88/100|[from] Stealth Rock
|turn|15
|inactive|zepqed has 90 seconds left.
|
|t:|1779943251
|move|p2a: Gliscor|Earthquake|p1a: Kingambit
|-supereffective|p1a: Kingambit
|-damage|p1a: Kingambit|0 fnt
|faint|p1a: Kingambit
|
|-status|p2a: Gliscor|tox|[from] item: Toxic Orb
|upkeep
|
|t:|1779943262
|switch|p1a: Infernape|Infernape, M|100/100
|-damage|p1a: Infernape|88/100|[from] Stealth Rock
|turn|16
|
|t:|1779943271
|move|p1a: Infernape|U-turn|p2a: Gliscor
|-resisted|p2a: Gliscor
|-damage|p2a: Gliscor|81/100 tox
|
|t:|1779943274
|switch|p1a: Garchomp|Garchomp, F|78/100|[from] U-turn
|-damage|p1a: Garchomp|71/100|[from] Stealth Rock
|move|p2a: Gliscor|Earthquake|p1a: Garchomp
|-damage|p1a: Garchomp|49/100
|
|-heal|p2a: Gliscor|93/100 tox|[from] ability: Poison Heal
|upkeep
|turn|17
|
|t:|1779943293
|move|p2a: Gliscor|Earthquake|p1a: Garchomp
|-crit|p1a: Garchomp
|-damage|p1a: Garchomp|15/100
|move|p1a: Garchomp|Dragon Tail|p2a: Gliscor
|-damage|p2a: Gliscor|74/100 tox
|drag|p2a: Raging Bolt|Raging Bolt|100/100
|-damage|p2a: Raging Bolt|88/100|[from] Stealth Rock
|-enditem|p2a: Raging Bolt|Booster Energy
|-activate|p2a: Raging Bolt|ability: Protosynthesis|[fromitem]
|-start|p2a: Raging Bolt|protosynthesisspa
|
|upkeep
|turn|18
|
|t:|1779943306
|move|p1a: Garchomp|Earthquake|p2a: Raging Bolt
|-supereffective|p2a: Raging Bolt
|-damage|p2a: Raging Bolt|5/100
|move|p2a: Raging Bolt|Dragon Pulse|p1a: Garchomp
|-supereffective|p1a: Garchomp
|-damage|p1a: Garchomp|0 fnt
|faint|p1a: Garchomp
|
|upkeep
|
|t:|1779943316
|switch|p1a: Infernape|Infernape, M|88/100
|-damage|p1a: Infernape|76/100|[from] Stealth Rock
|turn|19
|
|t:|1779943323
|-end|p2a: Raging Bolt|Protosynthesis|[silent]
|switch|p2a: Gliscor|Gliscor, M|74/100 tox
|-damage|p2a: Gliscor|61/100 tox|[from] Stealth Rock
|move|p1a: Infernape|Mach Punch|p2a: Gliscor
|-resisted|p2a: Gliscor
|-damage|p2a: Gliscor|52/100 tox
|
|-heal|p2a: Gliscor|64/100 tox|[from] ability: Poison Heal
|upkeep
|turn|20
|
|t:|1779943332
|move|p1a: Infernape|Flare Blitz|p2a: Gliscor
|-damage|p2a: Gliscor|26/100 tox
|-damage|p1a: Infernape|61/100|[from] Recoil
|move|p2a: Gliscor|Earthquake|p1a: Infernape
|-supereffective|p1a: Infernape
|-damage|p1a: Infernape|0 fnt
|faint|p1a: Infernape
|
|-heal|p2a: Gliscor|39/100 tox|[from] ability: Poison Heal
|upkeep
|
|t:|1779943339
|switch|p1a: Dragapult|Dragapult, F|76/100
|-damage|p1a: Dragapult|64/100|[from] Stealth Rock
|turn|21
|
|t:|1779943345
|move|p1a: Dragapult|Draco Meteor|p2a: Gliscor
|-damage|p2a: Gliscor|0 fnt
|-unboost|p1a: Dragapult|spa|2
|faint|p2a: Gliscor
|
|upkeep
|
|t:|1779943352
|switch|p2a: Heatran|Heatran, M|61/100
|-damage|p2a: Heatran|49/100|[from] Stealth Rock
|turn|22
|
|t:|1779943359
|move|p1a: Dragapult|Draco Meteor|p2a: Heatran
|-resisted|p2a: Heatran
|-damage|p2a: Heatran|36/100
|-unboost|p1a: Dragapult|spa|2
|move|p2a: Heatran|Heavy Slam|p1a: Dragapult
|-damage|p1a: Dragapult|8/100
|
|upkeep
|turn|23
|-message|yveloso forfeited.
|
|win|zepqed
|raw|yveloso's rating: 1115 &rarr; <strong>1086</strong><br />(-29 for losing)
|raw|zepqed's rating: 1052 &rarr; <strong>1090</strong><br />(+38 for winning)
|l|☆yveloso
|player|p1|
|l|☆zepqed
|player|p2|
