|j|☆24iomxx
|j|☆drybeater36
|t:|1779971330
|gametype|singles
|player|p1|24iomxx|hilbert-masters|1231
|player|p2|drybeater36|n|1213
|gen|9
|tier|[Gen 9] OU
|rated|
|rule|HP Percentage Mod: HP is shown in percentages
|rule|Endless Battle Clause: Forcing endless battles is banned
|rule|Species Clause: Limit one of each Pokémon
|rule|OHKO Clause: OHKO moves are banned
|rule|Evasion Items Clause: Evasion items are banned
|rule|Evasion Moves Clause: Evasion moves are banned
|rule|Evasion Abilities Clause: Evasion abilities are banned
|rule|Sleep Moves Clause: Sleep-inducing moves are banned
|clearpoke
|poke|p1|Hydreigon, F|
|poke|p1|Excadrill, M|
|poke|p1|Galvantula, M|
|poke|p1|Chandelure, M|
|poke|p1|Amoonguss, F|
|poke|p1|Braviary, M|
|poke|p2|Drifblim, F|
|poke|p2|Rillaboom, F|
|poke|p2|Ogerpon-Cornerstone, F|
|poke|p2|Kyurem|
|poke|p2|Kommo-o, F|
|poke|p2|Great Tusk|
|teampreview
|inactive|Battle timer is ON: inactive players will automatically lose when time's up. (requested by 24iomxx)
|
|t:|1779971336
|teamsize|p1|6
|teamsize|p2|6
|start
|switch|p1a: Galvantula|Galvantula, M|100/100
|switch|p2a: Kommo-o|Kommo-o, F|100/100
|turn|1
|
|t:|1779971346
|move|p1a: Galvantula|Thunder Wave|p2a: Kommo-o
|-status|p2a: Kommo-o|par
|move|p2a: Kommo-o|Substitute|p2a: Kommo-o
|-start|p2a: Kommo-o|Substitute
|-damage|p2a: Kommo-o|76/100 par
|
|upkeep
|turn|2
|
|t:|1779971356
|move|p1a: Galvantula|Sticky Web|p2a: Kommo-o
|-sidestart|p2: drybeater36|move: Sticky Web
|cant|p2a: Kommo-o|par
|
|upkeep
|turn|3
|
|t:|1779971361
|switch|p1a: Braviary|Braviary, M|100/100
|move|p2a: Kommo-o|Clangorous Soul|p2a: Kommo-o
|-boost|p2a: Kommo-o|atk|1
|-boost|p2a: Kommo-o|def|1
|-boost|p2a: Kommo-o|spa|1
|-boost|p2a: Kommo-o|spd|1
|-boost|p2a: Kommo-o|spe|1
|-damage|p2a: Kommo-o|43/100 par
|-enditem|p2a: Kommo-o|Throat Spray
|-boost|p2a: Kommo-o|spa|1|[from] item: Throat Spray
|
|upkeep
|turn|4
|
|t:|1779971381
|move|p1a: Braviary|Sky Attack||[still]
|-prepare|p1a: Braviary|Sky Attack
|-enditem|p1a: Braviary|Power Herb
|-anim|p1a: Braviary|Sky Attack|p2a: Kommo-o
|-supereffective|p2a: Kommo-o
|-end|p2a: Kommo-o|Substitute
|move|p2a: Kommo-o|Clanging Scales|p1a: Braviary
|-damage|p1a: Braviary|0 fnt
|faint|p1a: Braviary
|-unboost|p2a: Kommo-o|def|1
|
|upkeep
|
|t:|1779971404
|switch|p1a: Excadrill|Excadrill, M|100/100
|-ability|p1a: Excadrill|Mold Breaker
|-item|p1a: Excadrill|Air Balloon
|turn|5
|
|t:|1779971417
|move|p1a: Excadrill|Earthquake|p2a: Kommo-o
|-damage|p2a: Kommo-o|0 fnt
|faint|p2a: Kommo-o
|
|upkeep
|
|t:|1779971424
|switch|p2a: Great Tusk|Great Tusk|100/100
|turn|6
|
|t:|1779971444
|switch|p1a: Chandelure|Chandelure, M|100/100
|move|p2a: Great Tusk|Rapid Spin|p1a: Chandelure
|-immune|p1a: Chandelure
|
|upkeep
|turn|7
|
|t:|1779971448
|move|p1a: Chandelure|Energy Ball|p2a: Great Tusk
|-supereffective|p2a: Great Tusk
|-damage|p2a: Great Tusk|0 fnt
|faint|p2a: Great Tusk
|-end|p2a: Great Tusk|Protosynthesis|[silent]
|
|upkeep
|
|t:|1779971453
|switch|p2a: Rillaboom|Rillaboom, F|100/100
|-activate|p2a: Rillaboom|move: Sticky Web
|-unboost|p2a: Rillaboom|spe|1
|-fieldstart|move: Grassy Terrain|[from] ability: Grassy Surge|[of] p2a: Rillaboom
|turn|8
|
|t:|1779971459
|switch|p1a: Amoonguss|Amoonguss, F|100/100
|move|p2a: Rillaboom|Knock Off|p1a: Amoonguss
|-damage|p1a: Amoonguss|63/100
|-enditem|p1a: Amoonguss|Leftovers|[from] move: Knock Off|[of] p2a: Rillaboom
|
|-heal|p1a: Amoonguss|69/100|[from] Grassy Terrain
|upkeep
|turn|9
|
|t:|1779971463
|switch|p2a: Ogerpon|Ogerpon-Cornerstone, F|100/100
|-activate|p2a: Ogerpon|move: Sticky Web
|-unboost|p2a: Ogerpon|spe|1
|move|p1a: Amoonguss|Sludge Bomb|p2a: Ogerpon
|-damage|p2a: Ogerpon|67/100
|
|-heal|p2a: Ogerpon|73/100|[from] Grassy Terrain
|-heal|p1a: Amoonguss|75/100|[from] Grassy Terrain
|upkeep
|turn|10
|
|t:|1779971479
|move|p2a: Ogerpon|Ivy Cudgel|p1a: Amoonguss|[anim] Ivy Cudgel Rock
|-damage|p1a: Amoonguss|34/100
|move|p1a: Amoonguss|Giga Drain|p2a: Ogerpon
|-damage|p2a: Ogerpon|38/100
|-heal|p1a: Amoonguss|46/100|[from] drain|[of] p2a: Ogerpon
|
|-heal|p2a: Ogerpon|44/100|[from] Grassy Terrain
|-heal|p1a: Amoonguss|52/100|[from] Grassy Terrain
|upkeep
|turn|11
|
|t:|1779971484
|move|p2a: Ogerpon|Ivy Cudgel|p1a: Amoonguss|[anim] Ivy Cudgel Rock
|-damage|p1a: Amoonguss|7/100
|move|p1a: Amoonguss|Giga Drain|p2a: Ogerpon
|-damage|p2a: Ogerpon|8/100
|-heal|p1a: Amoonguss|19/100|[from] drain|[of] p2a: Ogerpon
|
|-heal|p2a: Ogerpon|14/100|[from] Grassy Terrain
|-heal|p1a: Amoonguss|25/100|[from] Grassy Terrain
|upkeep
|turn|12
|
|t:|1779971489
|move|p2a: Ogerpon|Ivy Cudgel|p1a: Amoonguss|[anim] Ivy Cudgel Rock
|-damage|p1a: Amoonguss|0 fnt
|faint|p1a: Amoonguss
|
|-heal|p2a: Ogerpon|20/100|[from] Grassy Terrain
|-fieldend|move: Grassy Terrain
|upkeep
|
|t:|1779971503
|switch|p1a: Excadrill|Excadrill, M|100/100
|-ability|p1a: Excadrill|Mold Breaker
|-item|p1a: Excadrill|Air Balloon
|turn|13
|
|t:|1779971509
|switch|p2a: Rillaboom|Rillaboom, F|100/100
|-activate|p2a: Rillaboom|move: Sticky Web
|-unboost|p2a: Rillaboom|spe|1
|-fieldstart|move: Grassy Terrain|[from] ability: Grassy Surge|[of] p2a: Rillaboom
|move|p1a: Excadrill|Iron Head|p2a: Rillaboom
|-damage|p2a: Rillaboom|54/100
|
|-heal|p2a: Rillaboom|60/100|[from] Grassy Terrain
|upkeep
|turn|14
|
|t:|1779971514
|switch|p1a: Chandelure|Chandelure, M|100/100
|move|p2a: Rillaboom|Wood Hammer|p1a: Chandelure
|-resisted|p1a: Chandelure
|-damage|p1a: Chandelure|11/100
|-damage|p2a: Rillaboom|37/100|[from] Recoil
|
|-heal|p1a: Chandelure|17/100|[from] Grassy Terrain
|-heal|p2a: Rillaboom|44/100|[from] Grassy Terrain
|upkeep
|turn|15
|
|t:|1779971517
|move|p1a: Chandelure|Fire Blast|p2a: Rillaboom
|-supereffective|p2a: Rillaboom
|-damage|p2a: Rillaboom|0 fnt
|faint|p2a: Rillaboom
|
|-heal|p1a: Chandelure|23/100|[from] Grassy Terrain
|upkeep
|
|t:|1779971522
|switch|p2a: Ogerpon|Ogerpon-Cornerstone, F|20/100
|-activate|p2a: Ogerpon|move: Sticky Web
|-unboost|p2a: Ogerpon|spe|1
|turn|16
|
|t:|1779971526
|move|p2a: Ogerpon|Grassy Glide|p1a: Chandelure
|-resisted|p1a: Chandelure
|-damage|p1a: Chandelure|0 fnt
|faint|p1a: Chandelure
|
|-heal|p2a: Ogerpon|26/100|[from] Grassy Terrain
|upkeep
|
|t:|1779971533
|switch|p1a: Galvantula|Galvantula, M|100/100
|turn|17
|
|t:|1779971541
|move|p2a: Ogerpon|Grassy Glide|p1a: Galvantula
|-resisted|p1a: Galvantula
|-damage|p1a: Galvantula|62/100
|move|p1a: Galvantula|Bug Buzz|p2a: Ogerpon
|-supereffective|p2a: Ogerpon
|-damage|p2a: Ogerpon|0 fnt
|faint|p2a: Ogerpon
|
|-heal|p1a: Galvantula|68/100|[from] Grassy Terrain
|-fieldend|move: Grassy Terrain
|upkeep
|
|t:|1779971550
|switch|p2a: Drifblim|Drifblim, F|100/100
|turn|18
|
|t:|1779971566
|move|p1a: Galvantula|Thunder|p2a: Drifblim
|-supereffective|p2a: Drifblim
|-damage|p2a: Drifblim|0 fnt
|faint|p2a: Drifblim
|
|upkeep
|
|t:|1779971569
|switch|p2a: Kyurem|Kyurem, shiny|100/100
|-activate|p2a: Kyurem|move: Sticky Web
|-unboost|p2a: Kyurem|spe|1
|-ability|p2a: Kyurem|Pressure
|turn|19
|
|t:|1779971572
|-terastallize|p2a: Kyurem|Ice
|move|p1a: Galvantula|Thunder Wave|p2a: Kyurem
|-status|p2a: Kyurem|par
|move|p2a: Kyurem|Ice Beam|p1a: Galvantula
|-damage|p1a: Galvantula|0 fnt
|faint|p1a: Galvantula
|
|upkeep
|
|t:|1779971576
|switch|p1a: Excadrill|Excadrill, M|100/100
|-ability|p1a: Excadrill|Mold Breaker
|-item|p1a: Excadrill|Air Balloon
|turn|20
|
|t:|1779971580
|move|p1a: Excadrill|Iron Head|p2a: Kyurem
|-supereffective|p2a: Kyurem
|-damage|p2a: Kyurem|15/100 par
|cant|p2a: Kyurem|par
|
|upkeep
|turn|21
|
|t:|1779971583
|move|p1a: Excadrill|Iron Head|p2a: Kyurem
|-supereffective|p2a: Kyurem
|-damage|p2a: Kyurem|0 fnt
|faint|p2a: Kyurem
|
|win|24iomxx
|raw|24iomxx's rating: 1231 &rarr; <strong>1255</strong><br />(+24 for winning)
|raw|drybeater36's rating: 1213 &rarr; <strong>1189</strong><br />(-24 for losing)
|c|☆drybeater36|gg
|l|☆drybeater36
|player|p2|
