|j|☆owlwaystired
|j|☆Andher
|t:|1779944216
|gametype|singles
|player|p1|owlwaystired|2|1509
|player|p2|Andher|shadowtriad|1410
|gen|9
|tier|[Gen 9] OU
|rated|
|rule|HP Percentage Mod: HP is shown in percentages
|rule|Endless Battle Clause: Forcing endless battles is banned
|rule|Species Clause: Limit one of each Pokémon
|rule|OHKO Clause: OHKO moves are banned
|rule|Evasion Items Clause: Evasion items are banned
|rule|Evasion Moves Clause: Evasion moves are banned
|rule|Evasion Abilities Clause: Evasion abilities are banned
|rule|Sleep Moves Clause: Sleep-inducing moves are banned
|clearpoke
|poke|p1|Primarina, M|
|poke|p1|Grimmsnarl, M|
|poke|p1|Lokix, M|
|poke|p1|Walking Wake|
|poke|p1|Kingambit, M|
|poke|p1|Iron Moth|
|poke|p2|Corviknight, F|
|poke|p2|Samurott-Hisui, F|
|poke|p2|Kingambit, F|
|poke|p2|Skeledirge, M|
|poke|p2|Gengar, F|
|poke|p2|Dragapult, M|
|teampreview
|inactive|Battle timer is ON: inactive players will automatically lose when time's up. (requested by Andher)
|
|t:|1779944260
|teamsize|p1|6
|teamsize|p2|6
|start
|switch|p1a: Iron Moth|Iron Moth|100/100
|switch|p2a: Ronin|Samurott-Hisui, F|100/100
|-enditem|p1a: Iron Moth|Booster Energy
|-activate|p1a: Iron Moth|ability: Quark Drive|[fromitem]
|-start|p1a: Iron Moth|quarkdrivespa
|turn|1
|
|t:|1779944269
|switch|p2a: Mort|Skeledirge, M|100/100
|move|p1a: Iron Moth|Bug Buzz|p2a: Mort
|-resisted|p2a: Mort
|-crit|p2a: Mort
|-damage|p2a: Mort|86/100
|
|upkeep
|turn|2
|
|t:|1779944283
|move|p1a: Iron Moth|Fiery Dance|p2a: Mort
|-resisted|p2a: Mort
|-damage|p2a: Mort|61/100
|-boost|p1a: Iron Moth|spa|1
|move|p2a: Mort|Torch Song|p1a: Iron Moth
|-resisted|p1a: Iron Moth
|-damage|p1a: Iron Moth|86/100
|-boost|p2a: Mort|spa|1
|
|upkeep
|turn|3
|
|t:|1779944293
|move|p1a: Iron Moth|Discharge|p2a: Mort
|-damage|p2a: Mort|28/100
|move|p2a: Mort|Slack Off|p2a: Mort
|-heal|p2a: Mort|78/100
|
|upkeep
|turn|4
|
|t:|1779944301
|move|p1a: Iron Moth|Fiery Dance|p2a: Mort
|-resisted|p2a: Mort
|-damage|p2a: Mort|55/100
|move|p2a: Mort|Shadow Ball|p1a: Iron Moth
|-damage|p1a: Iron Moth|41/100
|-unboost|p1a: Iron Moth|spd|1
|
|upkeep
|turn|5
|
|t:|1779944309
|move|p1a: Iron Moth|Discharge|p2a: Mort
|-damage|p2a: Mort|21/100
|-status|p2a: Mort|par
|move|p2a: Mort|Slack Off|p2a: Mort
|-heal|p2a: Mort|71/100 par
|
|upkeep
|turn|6
|
|t:|1779944320
|move|p1a: Iron Moth|Discharge|p2a: Mort
|-damage|p2a: Mort|40/100 par
|move|p2a: Mort|Shadow Ball|p1a: Iron Moth
|-damage|p1a: Iron Moth|0 fnt
|faint|p1a: Iron Moth
|-end|p1a: Iron Moth|Quark Drive|[silent]
|
|upkeep
|
|t:|1779944333
|switch|p1a: Walking Wake|Walking Wake|100/100
|-enditem|p1a: Walking Wake|Booster Energy
|-activate|p1a: Walking Wake|ability: Protosynthesis|[fromitem]
|-start|p1a: Walking Wake|protosynthesisatk
|turn|7
|
|t:|1779944348
|switch|p2a: Ronin|Samurott-Hisui, F|100/100
|move|p1a: Walking Wake|Dragon Dance|p1a: Walking Wake
|-boost|p1a: Walking Wake|atk|1
|-boost|p1a: Walking Wake|spe|1
|
|upkeep
|turn|8
|
|t:|1779944357
|move|p2a: Ronin|Ceaseless Edge|p1a: Walking Wake
|-damage|p1a: Walking Wake|55/100
|-sidestart|p1: owlwaystired|Spikes
|move|p1a: Walking Wake|Dragon Dance|p1a: Walking Wake
|-boost|p1a: Walking Wake|atk|1
|-boost|p1a: Walking Wake|spe|1
|
|upkeep
|turn|9
|
|t:|1779944365
|move|p1a: Walking Wake|Dragon Claw|p2a: Ronin
|-damage|p2a: Ronin|0 fnt
|faint|p2a: Ronin
|
|upkeep
|
|t:|1779944371
|switch|p2a: Shogun|Kingambit, F|100/100
|-activate|p2a: Shogun|ability: Supreme Overlord
|-start|p2a: Shogun|fallen1|[silent]
|turn|10
|
|t:|1779944376
|move|p2a: Shogun|Sucker Punch|p1a: Walking Wake
|-damage|p1a: Walking Wake|9/100
|move|p1a: Walking Wake|Liquidation|p2a: Shogun
|-damage|p2a: Shogun|29/100
|
|-heal|p2a: Shogun|35/100|[from] item: Leftovers
|upkeep
|turn|11
|
|t:|1779944391
|move|p2a: Shogun|Sucker Punch||[still]
|-fail|p2a: Shogun
|move|p1a: Walking Wake|Dragon Dance|p1a: Walking Wake
|-boost|p1a: Walking Wake|atk|1
|-boost|p1a: Walking Wake|spe|1
|
|-heal|p2a: Shogun|41/100|[from] item: Leftovers
|upkeep
|turn|12
|
|t:|1779944400
|move|p2a: Shogun|Sucker Punch||[still]
|-fail|p2a: Shogun
|move|p1a: Walking Wake|Dragon Dance|p1a: Walking Wake
|-boost|p1a: Walking Wake|atk|1
|-boost|p1a: Walking Wake|spe|1
|
|-heal|p2a: Shogun|47/100|[from] item: Leftovers
|upkeep
|turn|13
|
|t:|1779944410
|move|p2a: Shogun|Sucker Punch|p1a: Walking Wake
|-damage|p1a: Walking Wake|0 fnt
|faint|p1a: Walking Wake
|-end|p1a: Walking Wake|Protosynthesis|[silent]
|
|-heal|p2a: Shogun|54/100|[from] item: Leftovers
|upkeep
|
|t:|1779944423
|switch|p1a: Lokix|Lokix, M|100/100
|-damage|p1a: Lokix|88/100|[from] Spikes
|turn|14
|
|t:|1779944428
|-end|p2a: Shogun|fallen1|[silent]
|switch|p2a: Corax|Corviknight, F|100/100
|-ability|p2a: Corax|Pressure
|move|p1a: Lokix|Swords Dance|p1a: Lokix
|-boost|p1a: Lokix|atk|2
|
|upkeep
|turn|15
|
|t:|1779944437
|move|p1a: Lokix|Swords Dance|p1a: Lokix
|-boost|p1a: Lokix|atk|2
|move|p2a: Corax|Brave Bird|p1a: Lokix
|-supereffective|p1a: Lokix
|-damage|p1a: Lokix|5/100
|-damage|p2a: Corax|81/100|[from] Recoil
|
|upkeep
|turn|16
|
|t:|1779944448
|switch|p2a: Mort|Skeledirge, M|40/100 par
|move|p1a: Lokix|Knock Off|p2a: Mort
|-supereffective|p2a: Mort
|-damage|p2a: Mort|0 fnt
|-enditem|p2a: Mort|Heavy-Duty Boots|[from] move: Knock Off|[of] p1a: Lokix
|faint|p2a: Mort
|
|upkeep
|
|t:|1779944468
|switch|p2a: Malson|Gengar, F, shiny|100/100
|turn|17
|
|t:|1779944474
|move|p1a: Lokix|Sucker Punch||[still]
|-fail|p1a: Lokix
|move|p2a: Malson|Will-O-Wisp|p1a: Lokix
|-status|p1a: Lokix|brn
|
|-damage|p1a: Lokix|0 fnt|[from] brn
|faint|p1a: Lokix
|upkeep
|
|t:|1779944494
|switch|p1a: Grimmsnarl|Grimmsnarl, M|100/100
|-damage|p1a: Grimmsnarl|88/100|[from] Spikes
|turn|18
|
|t:|1779944501
|move|p1a: Grimmsnarl|Thunder Wave|p2a: Malson
|-status|p2a: Malson|par
|move|p2a: Malson|Will-O-Wisp|p1a: Grimmsnarl
|-status|p1a: Grimmsnarl|brn
|
|-heal|p1a: Grimmsnarl|94/100 brn|[from] item: Leftovers
|-damage|p1a: Grimmsnarl|88/100 brn|[from] brn
|upkeep
|turn|19
|
|t:|1779944512
|move|p2a: Malson|Sludge Bomb|p1a: Grimmsnarl
|-supereffective|p1a: Grimmsnarl
|-damage|p1a: Grimmsnarl|0 fnt
|faint|p1a: Grimmsnarl
|
|upkeep
|
|t:|1779944519
|switch|p1a: Kingambit|Kingambit, M|100/100
|-damage|p1a: Kingambit|88/100|[from] Spikes
|-activate|p1a: Kingambit|ability: Supreme Overlord
|-start|p1a: Kingambit|fallen4|[silent]
|turn|20
|
|t:|1779944525
|cant|p2a: Malson|par
|move|p1a: Kingambit|Swords Dance|p1a: Kingambit
|-boost|p1a: Kingambit|atk|2
|
|upkeep
|turn|21
|
|t:|1779944535
|move|p2a: Malson|Will-O-Wisp|p1a: Kingambit
|-status|p1a: Kingambit|brn
|move|p1a: Kingambit|Night Slash|p2a: Malson
|-supereffective|p2a: Malson
|-damage|p2a: Malson|0 fnt
|faint|p2a: Malson
|
|-damage|p1a: Kingambit|82/100 brn|[from] brn
|upkeep
|
|t:|1779944546
|switch|p2a: Corax|Corviknight, F|81/100
|-ability|p2a: Corax|Pressure
|turn|22
|
|t:|1779944552
|move|p2a: Corax|Body Press|p1a: Kingambit
|-supereffective|p1a: Kingambit
|-damage|p1a: Kingambit|25/100 brn
|move|p1a: Kingambit|Swords Dance|p1a: Kingambit
|-boost|p1a: Kingambit|atk|2
|
|-damage|p1a: Kingambit|18/100 brn|[from] brn
|upkeep
|turn|23
|
|t:|1779944562
|move|p1a: Kingambit|Sucker Punch|p2a: Corax
|-crit|p2a: Corax
|-damage|p2a: Corax|0 fnt
|-damage|p1a: Kingambit|2/100 brn|[from] item: Rocky Helmet|[of] p2a: Corax
|faint|p2a: Corax
|
|-damage|p1a: Kingambit|0 fnt|[from] brn
|faint|p1a: Kingambit
|-end|p1a: Kingambit|fallen4|[silent]
|upkeep
|
|t:|1779944573
|switch|p2a: Ombra|Dragapult, M|100/100
|switch|p1a: Primarina|Primarina, M|100/100
|-damage|p1a: Primarina|88/100|[from] Spikes
|turn|24
|
|t:|1779944581
|move|p2a: Ombra|Shadow Ball|p1a: Primarina
|-damage|p1a: Primarina|46/100
|move|p1a: Primarina|Moonblast|p2a: Ombra
|-supereffective|p2a: Ombra
|-damage|p2a: Ombra|0 fnt
|faint|p2a: Ombra
|
|upkeep
|
|t:|1779944589
|switch|p2a: Shogun|Kingambit, F|54/100
|-activate|p2a: Shogun|ability: Supreme Overlord
|-start|p2a: Shogun|fallen5|[silent]
|turn|25
|
|t:|1779944599
|move|p1a: Primarina|Sparkling Aria|p2a: Shogun
|-damage|p2a: Shogun|6/100
|move|p2a: Shogun|Iron Head|p1a: Primarina
|-damage|p1a: Primarina|0 fnt
|faint|p1a: Primarina
|
|win|Andher
|raw|owlwaystired's rating: 1509 &rarr; <strong>1483</strong><br />(-26 for losing)
|raw|Andher's rating: 1410 &rarr; <strong>1436</strong><br />(+26 for winning)
|l|☆owlwaystired
|player|p1|
|l|☆Andher
|player|p2|
