|j|☆CosmicMD
|j|☆CrimsonLotus3
|t:|1779860954
|gametype|singles
|player|p1|CosmicMD|colress|1377
|player|p2|CrimsonLotus3|266|1478
|gen|9
|tier|[Gen 9] OU
|rated|
|rule|HP Percentage Mod: HP is shown in percentages
|rule|Endless Battle Clause: Forcing endless battles is banned
|rule|Species Clause: Limit one of each Pokémon
|rule|OHKO Clause: OHKO moves are banned
|rule|Evasion Items Clause: Evasion items are banned
|rule|Evasion Moves Clause: Evasion moves are banned
|rule|Evasion Abilities Clause: Evasion abilities are banned
|rule|Sleep Moves Clause: Sleep-inducing moves are banned
|clearpoke
|poke|p1|Hydrapple, M|
|poke|p1|Kommo-o, M|
|poke|p1|Heatran, M|
|poke|p1|Iron Crown|
|poke|p1|Hoopa-Unbound|
|poke|p1|Iron Treads|
|poke|p2|Kingambit, F|
|poke|p2|Cinderace, F|
|poke|p2|Landorus-Therian, M|
|poke|p2|Iron Valiant|
|poke|p2|Kyurem|
|poke|p2|Slowking-Galar, M|
|teampreview
|
|t:|1779860965
|teamsize|p1|6
|teamsize|p2|6
|start
|switch|p1a: Iron Treads|Iron Treads|100/100
|switch|p2a: Cinderace|Cinderace, F|100/100
|turn|1
|inactive|Battle timer is ON: inactive players will automatically lose when time's up. (requested by CosmicMD)
|
|t:|1779860983
|-end|p1a: Iron Treads|Quark Drive|[silent]
|switch|p1a: HydrapGOAT|Hydrapple, M|100/100
|move|p2a: Cinderace|Will-O-Wisp|p1a: HydrapGOAT
|-status|p1a: HydrapGOAT|brn
|
|-damage|p1a: HydrapGOAT|94/100 brn|[from] brn
|upkeep
|turn|2
|
|t:|1779860990
|move|p2a: Cinderace|U-turn|p1a: HydrapGOAT
|-supereffective|p1a: HydrapGOAT
|-damage|p1a: HydrapGOAT|73/100 brn
|
|t:|1779860993
|switch|p2a: Slowking|Slowking-Galar, M, shiny|100/100|[from] U-turn
|move|p1a: HydrapGOAT|Fickle Beam|p2a: Slowking
|-damage|p2a: Slowking|83/100
|
|-damage|p1a: HydrapGOAT|66/100 brn|[from] brn
|upkeep
|turn|3
|
|t:|1779861002
|switch|p1a: Iron Crown|Iron Crown|100/100
|-prepare|p2a: Slowking|Chilly Reception|[premajor]
|move|p2a: Slowking|Chilly Reception|p2a: Slowking
|-weather|Snowscape
|
|t:|1779861014
|switch|p2a: Cinderace|Cinderace, F|100/100|[from] Chilly Reception
|
|-weather|Snowscape|[upkeep]
|upkeep
|turn|4
|
|t:|1779861018
|-end|p1a: Iron Crown|Quark Drive|[silent]
|switch|p1a: HydrapGOAT|Hydrapple, M|99/100 brn
|move|p2a: Cinderace|Pyro Ball|p1a: HydrapGOAT
|-damage|p1a: HydrapGOAT|75/100 brn
|
|-weather|Snowscape|[upkeep]
|-damage|p1a: HydrapGOAT|69/100 brn|[from] brn
|upkeep
|turn|5
|
|t:|1779861025
|move|p2a: Cinderace|U-turn|p1a: HydrapGOAT
|-supereffective|p1a: HydrapGOAT
|-damage|p1a: HydrapGOAT|48/100 brn
|
|t:|1779861028
|switch|p2a: Slowking|Slowking-Galar, M, shiny|100/100|[from] U-turn
|move|p1a: HydrapGOAT|Earth Power|p2a: Slowking
|-supereffective|p2a: Slowking
|-damage|p2a: Slowking|71/100
|
|-weather|Snowscape|[upkeep]
|-damage|p1a: HydrapGOAT|42/100 brn|[from] brn
|upkeep
|turn|6
|
|t:|1779861036
|switch|p1a: Heatran|Heatran, M|100/100
|-prepare|p2a: Slowking|Chilly Reception|[premajor]
|move|p2a: Slowking|Chilly Reception|p2a: Slowking
|
|t:|1779861040
|switch|p2a: Kyurem|Kyurem, shiny|100/100|[from] Chilly Reception
|-ability|p2a: Kyurem|Pressure
|
|-weather|Snowscape|[upkeep]
|upkeep
|turn|7
|
|t:|1779861051
|switch|p1a: Iron Crown|Iron Crown|100/100
|move|p2a: Kyurem|Substitute|p2a: Kyurem
|-start|p2a: Kyurem|Substitute
|-damage|p2a: Kyurem|76/100
|
|-weather|none
|-heal|p2a: Kyurem|82/100|[from] item: Leftovers
|upkeep
|turn|8
|
|t:|1779861059
|move|p1a: Iron Crown|Tachyon Cutter|p2a: Kyurem
|-supereffective|p2a: Kyurem
|-end|p2a: Kyurem|Substitute
|-supereffective|p2a: Kyurem
|-crit|p2a: Kyurem
|-damage|p2a: Kyurem|9/100
|-hitcount|p2a: Kyurem|2
|move|p2a: Kyurem|Earth Power|p1a: Iron Crown
|-supereffective|p1a: Iron Crown
|-damage|p1a: Iron Crown|58/100
|
|-heal|p2a: Kyurem|15/100|[from] item: Leftovers
|upkeep
|turn|9
|
|t:|1779861070
|switch|p2a: Slowking|Slowking-Galar, M, shiny|100/100
|move|p1a: Iron Crown|Psychic Noise|p2a: Slowking
|-damage|p2a: Slowking|79/100
|-start|p2a: Slowking|move: Heal Block
|
|upkeep
|turn|10
|
|t:|1779861077
|move|p1a: Iron Crown|Psychic Noise|p2a: Slowking
|-damage|p2a: Slowking|57/100
|move|p2a: Slowking|Thunder Wave|p1a: Iron Crown
|-status|p1a: Iron Crown|par
|
|-end|p2a: Slowking|move: Heal Block
|upkeep
|turn|11
|
|t:|1779861085
|move|p1a: Iron Crown|Psychic Noise|p2a: Slowking
|-damage|p2a: Slowking|34/100
|-start|p2a: Slowking|move: Heal Block
|-prepare|p2a: Slowking|Chilly Reception|[premajor]
|move|p2a: Slowking|Chilly Reception|p2a: Slowking
|-weather|Snowscape
|
|t:|1779861098
|switch|p2a: Landorus|Landorus-Therian, M|100/100|[from] Chilly Reception
|-ability|p2a: Landorus|Intimidate|boost
|-unboost|p1a: Iron Crown|atk|1
|
|-weather|Snowscape|[upkeep]
|upkeep
|turn|12
|
|t:|1779861106
|-end|p1a: Iron Crown|Quark Drive|[silent]
|switch|p1a: HydrapGOAT|Hydrapple, M|75/100 brn
|move|p2a: Landorus|Stealth Rock|p1a: HydrapGOAT
|-sidestart|p1: CosmicMD|move: Stealth Rock
|
|-weather|Snowscape|[upkeep]
|-damage|p1a: HydrapGOAT|69/100 brn|[from] brn
|upkeep
|turn|13
|
|t:|1779861112
|switch|p1a: Iron Treads|Iron Treads|100/100
|-damage|p1a: Iron Treads|97/100|[from] Stealth Rock
|move|p2a: Landorus|U-turn|p1a: Iron Treads
|-resisted|p1a: Iron Treads
|-damage|p1a: Iron Treads|88/100
|
|t:|1779861123
|switch|p2a: Cinderace|Cinderace, F|100/100|[from] U-turn
|
|-weather|Snowscape|[upkeep]
|upkeep
|turn|14
|
|t:|1779861127
|-end|p1a: Iron Treads|Quark Drive|[silent]
|switch|p1a: Heatran|Heatran, M|100/100
|-damage|p1a: Heatran|88/100|[from] Stealth Rock
|move|p2a: Cinderace|Pyro Ball|p1a: Heatran
|-start|p1a: Heatran|ability: Flash Fire
|
|-weather|Snowscape|[upkeep]
|-heal|p1a: Heatran|94/100|[from] item: Leftovers
|upkeep
|turn|15
|
|t:|1779861135
|move|p2a: Cinderace|U-turn|p1a: Heatran
|-resisted|p1a: Heatran
|-damage|p1a: Heatran|90/100
|
|t:|1779861138
|switch|p2a: Slowking|Slowking-Galar, M, shiny|67/100|[from] U-turn
|move|p1a: Heatran|Substitute|p1a: Heatran
|-start|p1a: Heatran|Substitute
|-damage|p1a: Heatran|66/100
|
|-weather|none
|-heal|p1a: Heatran|72/100|[from] item: Leftovers
|upkeep
|turn|16
|
|t:|1779861146
|move|p1a: Heatran|Earth Power|p2a: Slowking
|-supereffective|p2a: Slowking
|-damage|p2a: Slowking|39/100
|-unboost|p2a: Slowking|spd|1
|move|p2a: Slowking|Psychic Noise|p1a: Heatran
|-resisted|p1a: Heatran
|-damage|p1a: Heatran|63/100
|-start|p1a: Heatran|move: Heal Block
|
|upkeep
|turn|17
|
|t:|1779861157
|switch|p2a: Landorus|Landorus-Therian, M|100/100
|-ability|p2a: Landorus|Intimidate|boost
|-immune|p1a: Heatran
|move|p1a: Heatran|Earth Power|p2a: Landorus
|-immune|p2a: Landorus
|
|-end|p1a: Heatran|move: Heal Block
|upkeep
|turn|18
|
|t:|1779861166
|move|p2a: Landorus|Earthquake|p1a: Heatran
|-supereffective|p1a: Heatran
|-end|p1a: Heatran|Substitute
|move|p1a: Heatran|Magma Storm|p2a: Landorus
|-damage|p2a: Landorus|24/100
|-activate|p2a: Landorus|move: Magma Storm|[of] p1a: Heatran
|
|-heal|p1a: Heatran|69/100|[from] item: Leftovers
|-damage|p2a: Landorus|12/100|[from] move: Magma Storm|[partiallytrapped]
|upkeep
|turn|19
|
|t:|1779861177
|-end|p1a: Heatran|ability: Flash Fire|[silent]
|switch|p1a: HydrapGOAT|Hydrapple, M|100/100 brn
|move|p2a: Landorus|U-turn|p1a: HydrapGOAT
|-supereffective|p1a: HydrapGOAT
|-damage|p1a: HydrapGOAT|75/100 brn
|
|t:|1779861186
|switch|p2a: Kyurem|Kyurem, shiny|15/100|[from] U-turn
|-ability|p2a: Kyurem|Pressure
|
|-heal|p2a: Kyurem|21/100|[from] item: Leftovers
|-damage|p1a: HydrapGOAT|68/100 brn|[from] brn
|upkeep
|turn|20
|
|t:|1779861194
|switch|p1a: Iron Crown|Iron Crown|58/100 par
|-damage|p1a: Iron Crown|52/100 par|[from] Stealth Rock
|move|p2a: Kyurem|Earth Power|p1a: Iron Crown
|-supereffective|p1a: Iron Crown
|-damage|p1a: Iron Crown|10/100 par
|
|-heal|p2a: Kyurem|28/100|[from] item: Leftovers
|upkeep
|turn|21
|
|t:|1779861202
|move|p2a: Kyurem|Earth Power|p1a: Iron Crown
|-supereffective|p1a: Iron Crown
|-damage|p1a: Iron Crown|0 fnt
|faint|p1a: Iron Crown
|-end|p1a: Iron Crown|Quark Drive|[silent]
|
|-heal|p2a: Kyurem|34/100|[from] item: Leftovers
|upkeep
|
|t:|1779861214
|switch|p1a: Iron Treads|Iron Treads|88/100
|-damage|p1a: Iron Treads|85/100|[from] Stealth Rock
|turn|22
|
|t:|1779861227
|move|p1a: Iron Treads|Rapid Spin|p2a: Kyurem
|-damage|p2a: Kyurem|20/100
|-boost|p1a: Iron Treads|spe|1
|-sideend|p1: CosmicMD|Stealth Rock|[from] move: Rapid Spin|[of] p1a: Iron Treads
|move|p2a: Kyurem|Earth Power|p1a: Iron Treads
|-supereffective|p1a: Iron Treads
|-damage|p1a: Iron Treads|31/100
|
|-heal|p2a: Kyurem|26/100|[from] item: Leftovers
|upkeep
|turn|23
|
|t:|1779861237
|switch|p2a: Landorus|Landorus-Therian, M|12/100
|-ability|p2a: Landorus|Intimidate|boost
|-unboost|p1a: Iron Treads|atk|1
|move|p1a: Iron Treads|Iron Head|p2a: Landorus
|-damage|p2a: Landorus|0 fnt
|-damage|p1a: Iron Treads|14/100|[from] item: Rocky Helmet|[of] p2a: Landorus
|faint|p2a: Landorus
|
|upkeep
|
|t:|1779861258
|switch|p2a: Iron Valiant|Iron Valiant|100/100
|-enditem|p2a: Iron Valiant|Booster Energy
|-activate|p2a: Iron Valiant|ability: Quark Drive|[fromitem]
|-start|p2a: Iron Valiant|quarkdrivespe
|turn|24
|
|t:|1779861267
|move|p2a: Iron Valiant|Shadow Ball|p1a: Iron Treads
|-damage|p1a: Iron Treads|0 fnt
|faint|p1a: Iron Treads
|-end|p1a: Iron Treads|Quark Drive|[silent]
|
|upkeep
|
|t:|1779861285
|switch|p1a: Kommo-o|Kommo-o, M|100/100
|turn|25
|
|t:|1779861290
|-terastallize|p1a: Kommo-o|Steel
|move|p2a: Iron Valiant|Moonblast|p1a: Kommo-o
|-resisted|p1a: Kommo-o
|-damage|p1a: Kommo-o|74/100
|move|p1a: Kommo-o|Iron Head|p2a: Iron Valiant
|-supereffective|p2a: Iron Valiant
|-damage|p2a: Iron Valiant|9/100
|
|upkeep
|turn|26
|
|t:|1779861300
|move|p2a: Iron Valiant|Shadow Ball|p1a: Kommo-o
|-immune|p1a: Kommo-o|[from] ability: Bulletproof
|move|p1a: Kommo-o|Iron Head|p2a: Iron Valiant
|-supereffective|p2a: Iron Valiant
|-damage|p2a: Iron Valiant|0 fnt
|faint|p2a: Iron Valiant
|-end|p2a: Iron Valiant|Quark Drive|[silent]
|
|upkeep
|
|t:|1779861311
|switch|p2a: Cinderace|Cinderace, F|100/100
|turn|27
|
|t:|1779861316
|switch|p1a: Heatran|Heatran, M|69/100
|move|p2a: Cinderace|U-turn|p1a: Heatran
|-resisted|p1a: Heatran
|-damage|p1a: Heatran|66/100
|
|t:|1779861322
|switch|p2a: Kyurem|Kyurem, shiny|26/100|[from] U-turn
|-ability|p2a: Kyurem|Pressure
|
|-heal|p2a: Kyurem|32/100|[from] item: Leftovers
|-heal|p1a: Heatran|72/100|[from] item: Leftovers
|upkeep
|turn|28
|
|t:|1779861329
|-terastallize|p2a: Kyurem|Ground
|move|p2a: Kyurem|Earth Power|p1a: Heatran
|-supereffective|p1a: Heatran
|-damage|p1a: Heatran|0 fnt
|faint|p1a: Heatran
|
|-heal|p2a: Kyurem|38/100|[from] item: Leftovers
|upkeep
|
|t:|1779861335
|switch|p1a: Hoopa|Hoopa-Unbound|100/100
|turn|29
|
|t:|1779861349
|switch|p2a: Slowking|Slowking-Galar, M, shiny|72/100
|move|p1a: Hoopa|Hyperspace Fury|p2a: Slowking
|-supereffective|p2a: Slowking
|-damage|p2a: Slowking|0 fnt
|-unboost|p1a: Hoopa|def|1
|faint|p2a: Slowking
|
|upkeep
|
|t:|1779861359
|switch|p2a: Cinderace|Cinderace, F|100/100
|turn|30
|
|t:|1779861363
|switch|p1a: HydrapGOAT|Hydrapple, M|100/100 brn
|move|p2a: Cinderace|U-turn|p1a: HydrapGOAT
|-supereffective|p1a: HydrapGOAT
|-damage|p1a: HydrapGOAT|78/100 brn
|
|t:|1779861368
|switch|p2a: Kyurem|Kyurem, shiny, tera:Ground|38/100|[from] U-turn
|-ability|p2a: Kyurem|Pressure
|
|-heal|p2a: Kyurem|44/100|[from] item: Leftovers
|-damage|p1a: HydrapGOAT|72/100 brn|[from] brn
|upkeep
|turn|31
|
|t:|1779861381
|move|p2a: Kyurem|Freeze-Dry|p1a: HydrapGOAT
|-supereffective|p1a: HydrapGOAT
|-damage|p1a: HydrapGOAT|0 fnt
|faint|p1a: HydrapGOAT
|
|-heal|p2a: Kyurem|50/100|[from] item: Leftovers
|upkeep
|
|t:|1779861382
|switch|p1a: Hoopa|Hoopa-Unbound|100/100
|turn|32
|
|t:|1779861410
|switch|p2a: Kingambit|Kingambit, F|100/100
|-activate|p2a: Kingambit|ability: Supreme Overlord
|-start|p2a: Kingambit|fallen3|[silent]
|move|p1a: Hoopa|Hyperspace Fury|p2a: Kingambit
|-resisted|p2a: Kingambit
|-damage|p2a: Kingambit|65/100
|-unboost|p1a: Hoopa|def|1
|
|-heal|p2a: Kingambit|71/100|[from] item: Leftovers
|upkeep
|turn|33
|
|t:|1779861422
|switch|p1a: Kommo-o|Kommo-o, M, tera:Steel|74/100
|move|p2a: Kingambit|Kowtow Cleave|p1a: Kommo-o
|-damage|p1a: Kommo-o|12/100
|
|-heal|p2a: Kingambit|77/100|[from] item: Leftovers
|upkeep
|turn|34
|
|t:|1779861429
|move|p2a: Kingambit|Sucker Punch|p1a: Kommo-o
|-damage|p1a: Kommo-o|0 fnt
|faint|p1a: Kommo-o
|
|-heal|p2a: Kingambit|84/100|[from] item: Leftovers
|upkeep
|-message|CosmicMD forfeited.
|
|win|CrimsonLotus3
|raw|CosmicMD's rating: 1377 &rarr; <strong>1363</strong><br />(-14 for losing)
|raw|CrimsonLotus3's rating: 1478 &rarr; <strong>1492</strong><br />(+14 for winning)
|l|☆CosmicMD
|player|p1|
|l|☆CrimsonLotus3
|player|p2|
