|j|☆Boulet liegeois
|j|☆dsekop
|t:|1779867079
|gametype|singles
|player|p1|Boulet liegeois|1|1501
|player|p2|dsekop|unknown|1576
|gen|9
|tier|[Gen 9] OU
|rated|
|rule|HP Percentage Mod: HP is shown in percentages
|rule|Endless Battle Clause: Forcing endless battles is banned
|rule|Species Clause: Limit one of each Pokémon
|rule|OHKO Clause: OHKO moves are banned
|rule|Evasion Items Clause: Evasion items are banned
|rule|Evasion Moves Clause: Evasion moves are banned
|rule|Evasion Abilities Clause: Evasion abilities are banned
|rule|Sleep Moves Clause: Sleep-inducing moves are banned
|clearpoke
|poke|p1|Scizor, F|
|poke|p1|Ting-Lu|
|poke|p1|Zamazenta-*|
|poke|p1|Zapdos|
|poke|p1|Great Tusk|
|poke|p1|Ogerpon-Wellspring, F|
|poke|p2|Glimmora, M|
|poke|p2|Iron Treads|
|poke|p2|Polteageist-Antique|
|poke|p2|Raging Bolt|
|poke|p2|Dragonite, M|
|poke|p2|Zamazenta-*|
|teampreview
|inactive|Battle timer is ON: inactive players will automatically lose when time's up. (requested by dsekop)
|
|t:|1779867096
|teamsize|p1|6
|teamsize|p2|6
|start
|switch|p1a: Ting-Lu|Ting-Lu|100/100
|switch|p2a: Iron Treads|Iron Treads|100/100
|-ability|p1a: Ting-Lu|Vessel of Ruin
|-enditem|p2a: Iron Treads|Booster Energy
|-activate|p2a: Iron Treads|ability: Quark Drive|[fromitem]
|-start|p2a: Iron Treads|quarkdrivespe
|turn|1
|
|t:|1779867101
|move|p2a: Iron Treads|Knock Off|p1a: Ting-Lu
|-resisted|p1a: Ting-Lu
|-damage|p1a: Ting-Lu|93/100
|-enditem|p1a: Ting-Lu|Leftovers|[from] move: Knock Off|[of] p2a: Iron Treads
|move|p1a: Ting-Lu|Earthquake|p2a: Iron Treads
|-supereffective|p2a: Iron Treads
|-damage|p2a: Iron Treads|45/100
|
|upkeep
|turn|2
|
|t:|1779867106
|move|p2a: Iron Treads|Endeavor|p1a: Ting-Lu
|-damage|p1a: Ting-Lu|34/100
|move|p1a: Ting-Lu|Stealth Rock|p2a: Iron Treads
|-sidestart|p2: dsekop|move: Stealth Rock
|
|upkeep
|turn|3
|
|t:|1779867112
|move|p2a: Iron Treads|Rapid Spin|p1a: Ting-Lu
|-damage|p1a: Ting-Lu|27/100
|-boost|p2a: Iron Treads|spe|1
|-sideend|p2: dsekop|Stealth Rock|[from] move: Rapid Spin|[of] p2a: Iron Treads
|move|p1a: Ting-Lu|Stealth Rock|p2a: Iron Treads
|-sidestart|p2: dsekop|move: Stealth Rock
|
|upkeep
|turn|4
|
|t:|1779867117
|switch|p1a: Zapdos|Zapdos|100/100
|move|p2a: Iron Treads|Rapid Spin|p1a: Zapdos
|-damage|p1a: Zapdos|92/100
|-boost|p2a: Iron Treads|spe|1
|-status|p2a: Iron Treads|par|[from] ability: Static|[of] p1a: Zapdos
|-sideend|p2: dsekop|Stealth Rock|[from] move: Rapid Spin|[of] p2a: Iron Treads
|
|upkeep
|turn|5
|j| Shiestfirefire
|
|t:|1779867123
|cant|p2a: Iron Treads|par
|move|p1a: Zapdos|Hurricane|p2a: Iron Treads
|-resisted|p2a: Iron Treads
|-crit|p2a: Iron Treads
|-damage|p2a: Iron Treads|3/100 par
|-start|p2a: Iron Treads|confusion
|
|upkeep
|turn|6
|l| Shiestfirefire
|
|t:|1779867134
|-activate|p2a: Iron Treads|confusion
|cant|p2a: Iron Treads|par
|move|p1a: Zapdos|Hurricane|p2a: Iron Treads
|-resisted|p2a: Iron Treads
|-damage|p2a: Iron Treads|0 fnt
|faint|p2a: Iron Treads
|-end|p2a: Iron Treads|Quark Drive|[silent]
|
|upkeep
|inactive|dsekop has 120 seconds left.
|
|t:|1779867160
|switch|p2a: Glimmora|Glimmora, M|100/100
|turn|7
|
|t:|1779867168
|move|p2a: Glimmora|Power Gem|p1a: Zapdos
|-supereffective|p1a: Zapdos
|-damage|p1a: Zapdos|9/100
|move|p1a: Zapdos|Thunder Wave|p2a: Glimmora|[miss]
|-miss|p1a: Zapdos|p2a: Glimmora
|
|upkeep
|turn|8
|
|t:|1779867176
|move|p2a: Glimmora|Power Gem|p1a: Zapdos
|-supereffective|p1a: Zapdos
|-damage|p1a: Zapdos|0 fnt
|faint|p1a: Zapdos
|
|upkeep
|
|t:|1779867180
|switch|p1a: Ogerpon|Ogerpon-Wellspring, F|100/100
|turn|9
|
|t:|1779867184
|switch|p2a: Polteageist|Polteageist-Antique|100/100
|move|p1a: Ogerpon|Ivy Cudgel|p2a: Polteageist|[anim] Ivy Cudgel Water
|-enditem|p2a: Polteageist|Focus Sash
|-damage|p2a: Polteageist|1/100
|-ability|p2a: Polteageist|Weak Armor|boost
|-unboost|p2a: Polteageist|def|1
|-boost|p2a: Polteageist|spe|2
|
|upkeep
|turn|10
|
|t:|1779867191
|move|p2a: Polteageist|Shadow Ball|p1a: Ogerpon
|-damage|p1a: Ogerpon|50/100
|move|p1a: Ogerpon|Ivy Cudgel|p2a: Polteageist|[anim] Ivy Cudgel Water
|-damage|p2a: Polteageist|0 fnt
|faint|p2a: Polteageist
|
|upkeep
|
|t:|1779867198
|switch|p2a: 快龙一定要快|Dragonite, M|100/100
|turn|11
|
|t:|1779867202
|move|p2a: 快龙一定要快|Extreme Speed|p1a: Ogerpon
|-damage|p1a: Ogerpon|0 fnt
|faint|p1a: Ogerpon
|
|upkeep
|j| hattybatty304
|
|t:|1779867205
|switch|p1a: Zamazenta|Zamazenta|100/100
|-ability|p1a: Zamazenta|Dauntless Shield|boost
|-boost|p1a: Zamazenta|def|1
|turn|12
|
|t:|1779867208
|switch|p2a: Glimmora|Glimmora, M|100/100
|move|p1a: Zamazenta|Iron Defense|p1a: Zamazenta
|-boost|p1a: Zamazenta|def|2
|
|upkeep
|turn|13
|
|t:|1779867212
|move|p2a: Glimmora|Sludge Wave|p1a: Zamazenta
|-damage|p1a: Zamazenta|65/100
|move|p1a: Zamazenta|Body Press|p2a: Glimmora
|-damage|p2a: Glimmora|1/100
|-activate|p2a: Glimmora|ability: Toxic Debris
|-sidestart|p1: Boulet liegeois|move: Toxic Spikes
|
|-heal|p1a: Zamazenta|71/100|[from] item: Leftovers
|upkeep
|turn|14
|
|t:|1779867219
|move|p2a: Glimmora|Sludge Wave|p1a: Zamazenta
|-damage|p1a: Zamazenta|33/100
|move|p1a: Zamazenta|Body Press|p2a: Glimmora
|-damage|p2a: Glimmora|0 fnt
|-activate|p2a: Glimmora|ability: Toxic Debris
|-sidestart|p1: Boulet liegeois|move: Toxic Spikes
|faint|p2a: Glimmora
|
|-heal|p1a: Zamazenta|39/100|[from] item: Leftovers
|upkeep
|
|t:|1779867222
|switch|p2a: Raging Bolt|Raging Bolt|100/100
|-enditem|p2a: Raging Bolt|Booster Energy
|-activate|p2a: Raging Bolt|ability: Protosynthesis|[fromitem]
|-start|p2a: Raging Bolt|protosynthesisspa
|turn|15
|
|t:|1779867225
|move|p2a: Raging Bolt|Dragon Pulse|p1a: Zamazenta
|-damage|p1a: Zamazenta|0 fnt
|faint|p1a: Zamazenta
|
|upkeep
|
|t:|1779867227
|switch|p1a: Great Tusk|Great Tusk|100/100
|turn|16
|
|t:|1779867231
|move|p1a: Great Tusk|Rapid Spin|p2a: Raging Bolt
|-damage|p2a: Raging Bolt|82/100
|-boost|p1a: Great Tusk|spe|1
|-sideend|p1: Boulet liegeois|Toxic Spikes|[from] move: Rapid Spin|[of] p1a: Great Tusk
|move|p2a: Raging Bolt|Dragon Pulse|p1a: Great Tusk
|-damage|p1a: Great Tusk|5/100
|
|upkeep
|turn|17
|
|t:|1779867235
|move|p1a: Great Tusk|Headlong Rush|p2a: Raging Bolt
|-supereffective|p2a: Raging Bolt
|-damage|p2a: Raging Bolt|0 fnt
|-unboost|p1a: Great Tusk|def|1
|-unboost|p1a: Great Tusk|spd|1
|faint|p2a: Raging Bolt
|-end|p2a: Raging Bolt|Protosynthesis|[silent]
|
|upkeep
|
|t:|1779867238
|switch|p2a: 快龙一定要快|Dragonite, M|100/100
|turn|18
|
|t:|1779867242
|move|p2a: 快龙一定要快|Extreme Speed|p1a: Great Tusk
|-damage|p1a: Great Tusk|0 fnt
|faint|p1a: Great Tusk
|-end|p1a: Great Tusk|Protosynthesis|[silent]
|
|upkeep
|
|t:|1779867244
|switch|p1a: Scizor|Scizor, F|100/100
|turn|19
|
|t:|1779867248
|switch|p2a: Zamazenta|Zamazenta|100/100
|-ability|p2a: Zamazenta|Dauntless Shield|boost
|-boost|p2a: Zamazenta|def|1
|move|p1a: Scizor|Bullet Punch|p2a: Zamazenta
|-damage|p2a: Zamazenta|76/100
|
|-heal|p2a: Zamazenta|82/100|[from] item: Leftovers
|upkeep
|turn|20
|-message|Boulet liegeois forfeited.
|
|win|dsekop
|raw|Boulet liegeois's rating: 1501 &rarr; <strong>1485</strong><br />(-16 for losing)
|raw|dsekop's rating: 1576 &rarr; <strong>1592</strong><br />(+16 for winning)
|l|☆Boulet liegeois
|player|p1|
|l|☆dsekop
|player|p2|
|l| hattybatty304
