|j|☆hanamoi
|j|☆kampasaurus
|t:|1779857449
|gametype|singles
|player|p1|hanamoi|265|1394
|player|p2|kampasaurus|170|1406
|gen|9
|tier|[Gen 9] OU
|rated|
|rule|HP Percentage Mod: HP is shown in percentages
|rule|Endless Battle Clause: Forcing endless battles is banned
|rule|Species Clause: Limit one of each Pokémon
|rule|OHKO Clause: OHKO moves are banned
|rule|Evasion Items Clause: Evasion items are banned
|rule|Evasion Moves Clause: Evasion moves are banned
|rule|Evasion Abilities Clause: Evasion abilities are banned
|rule|Sleep Moves Clause: Sleep-inducing moves are banned
|clearpoke
|poke|p1|Ninetales, F|
|poke|p1|Raging Bolt|
|poke|p1|Hatterene, F|
|poke|p1|Walking Wake|
|poke|p1|Great Tusk|
|poke|p1|Scizor, M|
|poke|p2|Alomomola, M|
|poke|p2|Goodra-Hisui, M|
|poke|p2|Cinderace, M|
|poke|p2|Slowking-Galar, F|
|poke|p2|Great Tusk|
|poke|p2|Clefable, M|
|teampreview
|
|t:|1779857464
|teamsize|p1|6
|teamsize|p2|6
|start
|switch|p1a: Scizor|Scizor, M|100/100
|switch|p2a: Cinderace|Cinderace, M|100/100
|turn|1
|inactive|Battle timer is ON: inactive players will automatically lose when time's up. (requested by kampasaurus)
|
|t:|1779857490
|switch|p1a: Walking Wake|Walking Wake|100/100
|move|p2a: Cinderace|U-turn|p1a: Walking Wake
|-start|p2a: Cinderace|typechange|Bug|[from] ability: Libero
|-damage|p1a: Walking Wake|61/100
|
|t:|1779857502
|switch|p2a: Goodra|Goodra-Hisui, M|100/100|[from] U-turn
|
|upkeep
|turn|2
|
|t:|1779857514
|move|p1a: Walking Wake|Flip Turn|p2a: Goodra
|-resisted|p2a: Goodra
|-damage|p2a: Goodra|94/100
|
|t:|1779857522
|-end|p1a: Walking Wake|Protosynthesis|[silent]
|switch|p1a: Ninetales|Ninetales, F, shiny|100/100|[from] Flip Turn
|-weather|SunnyDay|[from] ability: Drought|[of] p1a: Ninetales
|move|p2a: Goodra|Knock Off|p1a: Ninetales
|-damage|p1a: Ninetales|78/100
|-enditem|p1a: Ninetales|Heat Rock|[from] move: Knock Off|[of] p2a: Goodra
|
|-weather|SunnyDay|[upkeep]
|upkeep
|turn|3
|
|t:|1779857533
|move|p1a: Ninetales|Weather Ball|p2a: Goodra
|-damage|p2a: Goodra|75/100
|move|p2a: Goodra|Draco Meteor|p1a: Ninetales
|-damage|p1a: Ninetales|10/100
|-unboost|p2a: Goodra|spa|2
|
|-weather|SunnyDay|[upkeep]
|upkeep
|turn|4
|
|t:|1779857552
|switch|p1a: Great Tusk|Great Tusk, shiny|100/100
|-activate|p1a: Great Tusk|ability: Protosynthesis
|-start|p1a: Great Tusk|protosynthesisatk
|switch|p2a: Slowking|Slowking-Galar, F|100/100
|
|-weather|SunnyDay|[upkeep]
|upkeep
|turn|5
|
|t:|1779857560
|switch|p2a: Alomomola|Alomomola, M|100/100
|move|p1a: Great Tusk|Headlong Rush|p2a: Alomomola
|-damage|p2a: Alomomola|56/100
|-unboost|p1a: Great Tusk|def|1
|-unboost|p1a: Great Tusk|spd|1
|
|-weather|SunnyDay|[upkeep]
|upkeep
|turn|6
|
|t:|1779857572
|move|p2a: Alomomola|Protect|p2a: Alomomola
|-singleturn|p2a: Alomomola|Protect
|move|p1a: Great Tusk|Stealth Rock|p2a: Alomomola
|-sidestart|p2: kampasaurus|move: Stealth Rock
|
|-weather|SunnyDay|[upkeep]
|upkeep
|turn|7
|
|t:|1779857586
|move|p1a: Great Tusk|Headlong Rush|p2a: Alomomola
|-damage|p2a: Alomomola|12/100
|-unboost|p1a: Great Tusk|def|1
|-unboost|p1a: Great Tusk|spd|1
|move|p2a: Alomomola|Wish|p2a: Alomomola
|
|-weather|SunnyDay|[upkeep]
|upkeep
|turn|8
|
|t:|1779857600
|-end|p1a: Great Tusk|Protosynthesis|[silent]
|switch|p1a: Scizor|Scizor, M|100/100
|move|p2a: Alomomola|Protect||[still]
|-fail|p2a: Alomomola
|
|-weather|SunnyDay|[upkeep]
|-heal|p2a: Alomomola|62/100|[from] move: Wish|[wisher] Alomomola
|upkeep
|turn|9
|
|t:|1779857626
|move|p1a: Scizor|Dual Wingbeat|p2a: Alomomola
|-damage|p2a: Alomomola|44/100
|-damage|p2a: Alomomola|27/100
|-hitcount|p2a: Alomomola|2
|move|p2a: Alomomola|Flip Turn|p1a: Scizor
|-damage|p1a: Scizor|91/100
|
|t:|1779857633
|switch|p2a: Cinderace|Cinderace, M|100/100|[from] Flip Turn
|
|-weather|none
|upkeep
|turn|10
|
|t:|1779857639
|switch|p1a: Great Tusk|Great Tusk, shiny|100/100
|move|p2a: Cinderace|Court Change|p2a: Cinderace
|-start|p2a: Cinderace|typechange|Normal|[from] ability: Libero
|-swapsideconditions
|-activate|p2a: Cinderace|move: Court Change
|
|upkeep
|turn|11
|inactive|kampasaurus has 120 seconds left.
|
|t:|1779857672
|switch|p2a: Alomomola|Alomomola, M|60/100
|move|p1a: Great Tusk|Rapid Spin|p2a: Alomomola
|-damage|p2a: Alomomola|50/100
|-boost|p1a: Great Tusk|spe|1
|-sideend|p1: hanamoi|Stealth Rock|[from] move: Rapid Spin|[of] p1a: Great Tusk
|
|upkeep
|turn|12
|inactive|hanamoi has 120 seconds left.
|
|t:|1779857712
|move|p1a: Great Tusk|Stealth Rock|p2a: Alomomola
|-sidestart|p2: kampasaurus|move: Stealth Rock
|move|p2a: Alomomola|Wish|p2a: Alomomola
|
|upkeep
|turn|13
|
|t:|1779857719
|-end|p1a: Great Tusk|Protosynthesis|[silent]
|switch|p1a: Raging Bolt|Raging Bolt|100/100
|move|p2a: Alomomola|Flip Turn|p1a: Raging Bolt
|-resisted|p1a: Raging Bolt
|-damage|p1a: Raging Bolt|93/100
|l|☆hanamoi
|inactive|hanamoi disconnected and has a minute to reconnect!
|player|p1|
|
|t:|1779857733
|switch|p2a: Goodra|Goodra-Hisui, M|75/100|[from] Flip Turn
|-damage|p2a: Goodra|69/100|[from] Stealth Rock
|
|-heal|p2a: Goodra|100/100|[from] move: Wish|[wisher] Alomomola
|-heal|p1a: Raging Bolt|99/100|[from] item: Leftovers
|upkeep
|turn|14
|inactive|hanamoi has 30 seconds to reconnect!
|inactive|hanamoi has 20 seconds to reconnect!
|inactive|hanamoi has 15 seconds to reconnect!
|inactive|hanamoi has 10 seconds to reconnect!
|inactive|hanamoi has 5 seconds to reconnect!
|-message|hanamoi lost due to inactivity.
|
|win|kampasaurus
|raw|hanamoi's rating: 1394 &rarr; <strong>1375</strong><br />(-19 for losing)
|raw|kampasaurus's rating: 1406 &rarr; <strong>1425</strong><br />(+19 for winning)
