|j|☆Ouass78190
|j|☆4ntix
|t:|1779847230
|gametype|singles
|player|p1|Ouass78190|101|1116
|player|p2|4ntix|burglar|1153
|gen|9
|tier|[Gen 9] OU
|rated|
|rule|HP Percentage Mod: HP is shown in percentages
|rule|Endless Battle Clause: Forcing endless battles is banned
|rule|Species Clause: Limit one of each Pokémon
|rule|OHKO Clause: OHKO moves are banned
|rule|Evasion Items Clause: Evasion items are banned
|rule|Evasion Moves Clause: Evasion moves are banned
|rule|Evasion Abilities Clause: Evasion abilities are banned
|rule|Sleep Moves Clause: Sleep-inducing moves are banned
|clearpoke
|poke|p1|Gliscor, M|
|poke|p1|Hatterene, F|
|poke|p1|Dragapult, F|
|poke|p1|Great Tusk|
|poke|p1|Iron Moth|
|poke|p1|Zoroark-Hisui, F|
|poke|p2|Glimmora, F|
|poke|p2|Latios, M|
|poke|p2|Iron Hands|
|poke|p2|Hatterene, F|
|poke|p2|Ceruledge, F|
|poke|p2|Dondozo, M|
|teampreview
|
|t:|1779847241
|teamsize|p1|6
|teamsize|p2|6
|start
|switch|p1a: Great Tusk|Great Tusk|100/100
|switch|p2a: Sequid|Glimmora, F, shiny|100/100
|turn|1
|
|t:|1779847246
|move|p1a: Great Tusk|Rapid Spin|p2a: Sequid
|-resisted|p2a: Sequid
|-damage|p2a: Sequid|92/100
|-boost|p1a: Great Tusk|spe|1
|-activate|p2a: Sequid|ability: Toxic Debris
|-sidestart|p1: Ouass78190|move: Toxic Spikes
|-sideend|p1: Ouass78190|Toxic Spikes|[from] move: Rapid Spin|[of] p1a: Great Tusk
|move|p2a: Sequid|Stealth Rock|p1a: Great Tusk
|-sidestart|p1: Ouass78190|move: Stealth Rock
|
|upkeep
|turn|2
|
|t:|1779847258
|move|p1a: Great Tusk|Bulk Up|p1a: Great Tusk
|-boost|p1a: Great Tusk|atk|1
|-boost|p1a: Great Tusk|def|1
|move|p2a: Sequid|Spikes|p1a: Great Tusk
|-sidestart|p1: Ouass78190|Spikes
|
|upkeep
|turn|3
|
|t:|1779847265
|switch|p2a: Aquarus|Dondozo, M|100/100
|move|p1a: Great Tusk|Rapid Spin|p2a: Aquarus
|-damage|p2a: Aquarus|90/100
|-boost|p1a: Great Tusk|spe|1
|-sideend|p1: Ouass78190|Spikes|[from] move: Rapid Spin|[of] p1a: Great Tusk
|-sideend|p1: Ouass78190|Stealth Rock|[from] move: Rapid Spin|[of] p1a: Great Tusk
|
|-heal|p2a: Aquarus|97/100|[from] item: Leftovers
|upkeep
|turn|4
|
|t:|1779847279
|-end|p1a: Great Tusk|Protosynthesis|[silent]
|switch|p1a: Dragapult|Dragapult, F|100/100
|move|p2a: Aquarus|Waterfall|p1a: Dragapult
|-resisted|p1a: Dragapult
|-damage|p1a: Dragapult|77/100
|
|-heal|p2a: Aquarus|100/100|[from] item: Leftovers
|upkeep
|turn|5
|
|t:|1779847289
|move|p1a: Dragapult|U-turn|p2a: Aquarus
|-damage|p2a: Aquarus|82/100
|-damage|p1a: Dragapult|67/100|[from] item: Life Orb
|
|t:|1779847290
|switch|p1a: Gliscor|Gliscor, M|100/100|[from] U-turn
|move|p2a: Aquarus|Avalanche|p1a: Gliscor
|-supereffective|p1a: Gliscor
|-damage|p1a: Gliscor|39/100
|
|-heal|p2a: Aquarus|89/100|[from] item: Leftovers
|-status|p1a: Gliscor|tox|[from] item: Toxic Orb
|upkeep
|turn|6
|
|t:|1779847300
|move|p1a: Gliscor|Toxic|p2a: Aquarus
|-status|p2a: Aquarus|tox
|move|p2a: Aquarus|Avalanche|p1a: Gliscor
|-supereffective|p1a: Gliscor
|-damage|p1a: Gliscor|0 fnt
|faint|p1a: Gliscor
|
|-heal|p2a: Aquarus|95/100 tox|[from] item: Leftovers
|-damage|p2a: Aquarus|89/100 tox|[from] psn
|upkeep
|
|t:|1779847314
|switch|p1a: Dragapult|Dragapult, F|67/100
|turn|7
|
|t:|1779847318
|move|p1a: Dragapult|Dragon Dance|p1a: Dragapult
|-boost|p1a: Dragapult|atk|1
|-boost|p1a: Dragapult|spe|1
|move|p2a: Aquarus|Avalanche|p1a: Dragapult
|-supereffective|p1a: Dragapult
|-damage|p1a: Dragapult|16/100
|
|-heal|p2a: Aquarus|95/100 tox|[from] item: Leftovers
|-damage|p2a: Aquarus|82/100 tox|[from] psn
|upkeep
|turn|8
|
|t:|1779847327
|move|p1a: Dragapult|Fly||[still]
|-prepare|p1a: Dragapult|Fly
|move|p2a: Aquarus|Avalanche|p1a: Dragapult|[miss]
|-miss|p2a: Aquarus|p1a: Dragapult
|
|-heal|p2a: Aquarus|89/100 tox|[from] item: Leftovers
|-damage|p2a: Aquarus|70/100 tox|[from] psn
|upkeep
|turn|9
|
|t:|1779847334
|move|p1a: Dragapult|Fly|p2a: Aquarus|[from] lockedmove
|-damage|p2a: Aquarus|46/100 tox
|-damage|p1a: Dragapult|6/100|[from] item: Life Orb
|move|p2a: Aquarus|Avalanche|p1a: Dragapult
|-supereffective|p1a: Dragapult
|-damage|p1a: Dragapult|0 fnt
|faint|p1a: Dragapult
|
|-heal|p2a: Aquarus|52/100 tox|[from] item: Leftovers
|-damage|p2a: Aquarus|28/100 tox|[from] psn
|upkeep
|
|t:|1779847351
|switch|p1a: Iron Moth|Iron Moth|100/100
|turn|10
|
|t:|1779847355
|move|p1a: Iron Moth|Shadow Ball|p2a: Aquarus
|-damage|p2a: Aquarus|0 fnt
|faint|p2a: Aquarus
|-damage|p1a: Iron Moth|91/100|[from] item: Life Orb
|
|upkeep
|
|t:|1779847361
|switch|p2a: Sequid|Glimmora, F, shiny|92/100
|turn|11
|
|t:|1779847372
|move|p1a: Iron Moth|Shadow Ball|p2a: Sequid
|-damage|p2a: Sequid|34/100
|-damage|p1a: Iron Moth|81/100|[from] item: Life Orb
|move|p2a: Sequid|Toxic Spikes|p1a: Iron Moth
|-sidestart|p1: Ouass78190|move: Toxic Spikes
|
|upkeep
|turn|12
|
|t:|1779847380
|move|p1a: Iron Moth|Shadow Ball|p2a: Sequid
|-damage|p2a: Sequid|0 fnt
|faint|p2a: Sequid
|-damage|p1a: Iron Moth|71/100|[from] item: Life Orb
|
|upkeep
|
|t:|1779847389
|switch|p2a: Atom Eve|Hatterene, F, shiny|100/100
|turn|13
|
|t:|1779847393
|move|p1a: Iron Moth|Shadow Ball|p2a: Atom Eve
|-supereffective|p2a: Atom Eve
|-damage|p2a: Atom Eve|0 fnt
|faint|p2a: Atom Eve
|-damage|p1a: Iron Moth|61/100|[from] item: Life Orb
|
|upkeep
|
|t:|1779847414
|switch|p2a: Powerplex|Iron Hands, shiny|100/100
|-enditem|p2a: Powerplex|Booster Energy
|-activate|p2a: Powerplex|ability: Quark Drive|[fromitem]
|-start|p2a: Powerplex|quarkdriveatk
|turn|14
|
|t:|1779847419
|move|p1a: Iron Moth|Shadow Ball|p2a: Powerplex
|-damage|p2a: Powerplex|51/100
|-damage|p1a: Iron Moth|51/100|[from] item: Life Orb
|move|p2a: Powerplex|Swords Dance|p2a: Powerplex
|-boost|p2a: Powerplex|atk|2
|
|upkeep
|turn|15
|
|t:|1779847428
|move|p1a: Iron Moth|Hyper Voice|p2a: Powerplex
|-damage|p2a: Powerplex|0 fnt
|faint|p2a: Powerplex
|-end|p2a: Powerplex|Quark Drive|[silent]
|-damage|p1a: Iron Moth|41/100|[from] item: Life Orb
|
|upkeep
|
|t:|1779847437
|switch|p2a: Ceruledge|Ceruledge, F, shiny|100/100
|turn|16
|
|t:|1779847443
|-terastallize|p2a: Ceruledge|Fire
|move|p1a: Iron Moth|Shadow Ball|p2a: Ceruledge
|-damage|p2a: Ceruledge|41/100
|-damage|p1a: Iron Moth|31/100|[from] item: Life Orb
|move|p2a: Ceruledge|Swords Dance|p2a: Ceruledge
|-boost|p2a: Ceruledge|atk|2
|
|upkeep
|turn|17
|
|t:|1779847453
|move|p2a: Ceruledge|Shadow Sneak|p1a: Iron Moth
|-immune|p1a: Iron Moth
|move|p1a: Iron Moth|Shadow Ball|p2a: Ceruledge
|-damage|p2a: Ceruledge|0 fnt
|faint|p2a: Ceruledge
|-damage|p1a: Iron Moth|21/100|[from] item: Life Orb
|
|upkeep
|
|t:|1779847460
|switch|p2a: Tech Jacket|Latios, M|100/100
|turn|18
|
|t:|1779847463
|move|p1a: Iron Moth|Shadow Ball|p2a: Tech Jacket
|-supereffective|p2a: Tech Jacket
|-damage|p2a: Tech Jacket|12/100
|-unboost|p2a: Tech Jacket|spd|1
|-damage|p1a: Iron Moth|11/100|[from] item: Life Orb
|move|p2a: Tech Jacket|Flip Turn|p1a: Iron Moth
|-damage|p1a: Iron Moth|0 fnt
|replace|p1a: Zoroark|Zoroark-Hisui, F
|-end|p1a: Zoroark|Illusion
|faint|p1a: Zoroark
|
|upkeep
|
|t:|1779847468
|switch|p1a: Iron Moth|Iron Moth|100/100
|-sideend|p1: Ouass78190|move: Toxic Spikes|[of] p1a: Iron Moth
|turn|19
|
|t:|1779847483
|move|p1a: Iron Moth|Sludge Wave|p2a: Tech Jacket
|-damage|p2a: Tech Jacket|0 fnt
|faint|p2a: Tech Jacket
|
|win|Ouass78190
|raw|Ouass78190's rating: 1116 &rarr; <strong>1144</strong><br />(+28 for winning)
|raw|4ntix's rating: 1153 &rarr; <strong>1125</strong><br />(-28 for losing)
|l|☆Ouass78190
|player|p1|
