|j|☆ilovevoltturn
|j|☆Abracadaver
|t:|1779888097
|gametype|singles
|player|p1|ilovevoltturn|170|1253
|player|p2|Abracadaver|102|1255
|gen|9
|tier|[Gen 9] OU
|rated|
|rule|HP Percentage Mod: HP is shown in percentages
|rule|Endless Battle Clause: Forcing endless battles is banned
|rule|Species Clause: Limit one of each Pokémon
|rule|OHKO Clause: OHKO moves are banned
|rule|Evasion Items Clause: Evasion items are banned
|rule|Evasion Moves Clause: Evasion moves are banned
|rule|Evasion Abilities Clause: Evasion abilities are banned
|rule|Sleep Moves Clause: Sleep-inducing moves are banned
|clearpoke
|poke|p1|Pelipper, M|
|poke|p1|Crawdaunt, M|
|poke|p1|Deoxys-Speed|
|poke|p1|Alomomola, M|
|poke|p1|Iron Treads|
|poke|p1|Zapdos|
|poke|p2|Umbreon, F|
|poke|p2|Mimikyu, F|
|poke|p2|Dragonite, F|
|poke|p2|Gastrodon-East, F|
|poke|p2|Zapdos|
|poke|p2|Rillaboom, M|
|teampreview
|inactive|Battle timer is ON: inactive players will automatically lose when time's up. (requested by ilovevoltturn)
|
|t:|1779888104
|teamsize|p1|6
|teamsize|p2|6
|start
|switch|p1a: Pelipper|Pelipper, M|100/100
|switch|p2a: Umbreon|Umbreon, F, shiny|100/100
|-weather|RainDance|[from] ability: Drizzle|[of] p1a: Pelipper
|turn|1
|
|t:|1779888110
|move|p2a: Umbreon|Toxic|p1a: Pelipper
|-status|p1a: Pelipper|tox
|move|p1a: Pelipper|U-turn|p2a: Umbreon
|-supereffective|p2a: Umbreon
|-damage|p2a: Umbreon|87/100
|
|t:|1779888117
|switch|p1a: Crawdaunt|Crawdaunt, M|100/100|[from] U-turn
|
|-weather|RainDance|[upkeep]
|-heal|p2a: Umbreon|93/100|[from] item: Leftovers
|upkeep
|turn|2
|
|t:|1779888143
|-terastallize|p1a: Crawdaunt|Water
|move|p1a: Crawdaunt|Crabhammer|p2a: Umbreon
|-damage|p2a: Umbreon|0 fnt
|faint|p2a: Umbreon
|
|-weather|RainDance|[upkeep]
|upkeep
|
|t:|1779888152
|switch|p2a: Rillaboom|Rillaboom, M|100/100
|-fieldstart|move: Grassy Terrain|[from] ability: Grassy Surge|[of] p2a: Rillaboom
|turn|3
|
|t:|1779888158
|switch|p1a: Zapdos|Zapdos|100/100
|switch|p2a: Dragonite|Dragonite, F|100/100
|
|-weather|RainDance|[upkeep]
|upkeep
|turn|4
|
|t:|1779888164
|move|p2a: Dragonite|Dragon Dance|p2a: Dragonite
|-boost|p2a: Dragonite|atk|1
|-boost|p2a: Dragonite|spe|1
|move|p1a: Zapdos|Hurricane|p2a: Dragonite
|-damage|p2a: Dragonite|68/100
|
|-weather|RainDance|[upkeep]
|upkeep
|turn|5
|
|t:|1779888174
|move|p2a: Dragonite|Dragon Dance|p2a: Dragonite
|-boost|p2a: Dragonite|atk|1
|-boost|p2a: Dragonite|spe|1
|move|p1a: Zapdos|Thunder|p2a: Dragonite
|-damage|p2a: Dragonite|7/100
|
|-weather|none
|upkeep
|turn|6
|
|t:|1779888185
|switch|p1a: Iron Treads|Iron Treads|100/100
|move|p2a: Dragonite|Extreme Speed|p1a: Iron Treads
|-resisted|p1a: Iron Treads
|-damage|p1a: Iron Treads|76/100
|
|-heal|p1a: Iron Treads|82/100|[from] Grassy Terrain
|upkeep
|turn|7
|
|t:|1779888193
|move|p2a: Dragonite|Earthquake|p1a: Iron Treads
|-supereffective|p1a: Iron Treads
|-damage|p1a: Iron Treads|18/100
|move|p1a: Iron Treads|Iron Head|p2a: Dragonite
|-damage|p2a: Dragonite|0 fnt
|faint|p2a: Dragonite
|
|-heal|p1a: Iron Treads|24/100|[from] Grassy Terrain
|-fieldend|move: Grassy Terrain
|upkeep
|
|t:|1779888203
|switch|p2a: Mimikyu|Mimikyu, F|100/100
|turn|8
|
|t:|1779888209
|move|p2a: Mimikyu|Shadow Sneak|p1a: Iron Treads
|-damage|p1a: Iron Treads|8/100
|-damage|p2a: Mimikyu|91/100|[from] item: Life Orb
|move|p1a: Iron Treads|Volt Switch|p2a: Mimikyu
|-activate|p2a: Mimikyu|ability: Disguise
|-damage|p2a: Mimikyu|91/100
|detailschange|p2a: Mimikyu|Mimikyu-Busted, F
|-damage|p2a: Mimikyu|78/100|[from] pokemon: Mimikyu-Busted
|
|t:|1779888218
|-end|p1a: Iron Treads|Quark Drive|[silent]
|switch|p1a: Pelipper|Pelipper, M|100/100 tox|[from] Volt Switch
|-weather|RainDance|[from] ability: Drizzle|[of] p1a: Pelipper
|
|-weather|RainDance|[upkeep]
|-damage|p1a: Pelipper|94/100 tox|[from] psn
|upkeep
|turn|9
|
|t:|1779888224
|move|p2a: Mimikyu|Drain Punch|p1a: Pelipper
|-resisted|p1a: Pelipper
|-damage|p1a: Pelipper|84/100 tox
|-heal|p2a: Mimikyu|85/100|[from] drain|[of] p1a: Pelipper
|-damage|p2a: Mimikyu|75/100|[from] item: Life Orb
|move|p1a: Pelipper|U-turn|p2a: Mimikyu
|-resisted|p2a: Mimikyu
|-damage|p2a: Mimikyu|71/100
|
|t:|1779888230
|switch|p1a: Zapdos|Zapdos|100/100|[from] U-turn
|
|-weather|RainDance|[upkeep]
|upkeep
|turn|10
|
|t:|1779888241
|switch|p2a: Gastrodon|Gastrodon-East, F|100/100
|move|p1a: Zapdos|Hurricane|p2a: Gastrodon
|-damage|p2a: Gastrodon|49/100
|
|-weather|RainDance|[upkeep]
|-heal|p2a: Gastrodon|55/100|[from] item: Leftovers
|upkeep
|turn|11
|
|t:|1779888253
|switch|p2a: Zapdos|Zapdos|100/100
|move|p1a: Zapdos|U-turn|p2a: Zapdos
|-resisted|p2a: Zapdos
|-damage|p2a: Zapdos|95/100
|
|t:|1779888259
|switch|p1a: Deoxys|Deoxys-Speed|100/100|[from] U-turn
|-ability|p1a: Deoxys|Pressure
|
|-weather|RainDance|[upkeep]
|upkeep
|turn|12
|
|t:|1779888266
|move|p1a: Deoxys|Ice Beam|p2a: Zapdos
|-supereffective|p2a: Zapdos
|-damage|p2a: Zapdos|29/100
|-damage|p1a: Deoxys|91/100|[from] item: Life Orb
|move|p2a: Zapdos|Hurricane|p1a: Deoxys
|-damage|p1a: Deoxys|0 fnt
|faint|p1a: Deoxys
|
|-weather|none
|upkeep
|
|t:|1779888274
|switch|p1a: Crawdaunt|Crawdaunt, M, tera:Water|100/100
|turn|13
|
|t:|1779888284
|switch|p2a: Gastrodon|Gastrodon-East, F|55/100
|move|p1a: Crawdaunt|Aqua Jet|p2a: Gastrodon
|-ability|p2a: Gastrodon|Storm Drain|boost
|-boost|p2a: Gastrodon|spa|1
|
|-heal|p2a: Gastrodon|61/100|[from] item: Leftovers
|upkeep
|turn|14
|
|t:|1779888291
|switch|p1a: Pelipper|Pelipper, M|84/100 tox
|-weather|RainDance|[from] ability: Drizzle|[of] p1a: Pelipper
|move|p2a: Gastrodon|Hydro Pump|p1a: Pelipper
|-resisted|p1a: Pelipper
|-damage|p1a: Pelipper|8/100 tox
|
|-weather|RainDance|[upkeep]
|-heal|p2a: Gastrodon|67/100|[from] item: Leftovers
|-damage|p1a: Pelipper|2/100 tox|[from] psn
|upkeep
|turn|15
|
|t:|1779888301
|move|p1a: Pelipper|Hurricane|p2a: Gastrodon
|-damage|p2a: Gastrodon|36/100
|move|p2a: Gastrodon|Recover|p2a: Gastrodon
|-heal|p2a: Gastrodon|86/100
|
|-weather|RainDance|[upkeep]
|-heal|p2a: Gastrodon|92/100|[from] item: Leftovers
|-damage|p1a: Pelipper|0 fnt|[from] psn
|faint|p1a: Pelipper
|upkeep
|
|t:|1779888306
|switch|p1a: Crawdaunt|Crawdaunt, M, tera:Water|100/100
|turn|16
|
|t:|1779888319
|move|p1a: Crawdaunt|Knock Off|p2a: Gastrodon
|-damage|p2a: Gastrodon|9/100
|-enditem|p2a: Gastrodon|Leftovers|[from] move: Knock Off|[of] p1a: Crawdaunt
|move|p2a: Gastrodon|Earth Power|p1a: Crawdaunt
|-damage|p1a: Crawdaunt|0 fnt
|faint|p1a: Crawdaunt
|
|-weather|RainDance|[upkeep]
|upkeep
|
|t:|1779888326
|switch|p1a: Zapdos|Zapdos|100/100
|turn|17
|
|t:|1779888341
|move|p1a: Zapdos|Hurricane|p2a: Gastrodon
|-damage|p2a: Gastrodon|0 fnt
|faint|p2a: Gastrodon
|
|-weather|RainDance|[upkeep]
|upkeep
|
|t:|1779888348
|switch|p2a: Zapdos|Zapdos|29/100
|turn|18
|
|t:|1779888351
|move|p2a: Zapdos|Roost|p2a: Zapdos
|-heal|p2a: Zapdos|79/100
|-singleturn|p2a: Zapdos|move: Roost
|move|p1a: Zapdos|Thunder|p2a: Zapdos
|-resisted|p2a: Zapdos
|-damage|p2a: Zapdos|53/100
|
|-weather|none
|upkeep
|turn|19
|
|t:|1779888359
|move|p1a: Zapdos|Hurricane|p2a: Zapdos
|-resisted|p2a: Zapdos
|-damage|p2a: Zapdos|25/100
|move|p2a: Zapdos|Roost|p2a: Zapdos
|-heal|p2a: Zapdos|75/100
|-singleturn|p2a: Zapdos|move: Roost
|
|upkeep
|turn|20
|
|t:|1779888367
|move|p1a: Zapdos|Hurricane|p2a: Zapdos
|-resisted|p2a: Zapdos
|-damage|p2a: Zapdos|47/100
|-start|p2a: Zapdos|confusion
|-activate|p2a: Zapdos|confusion
|move|p2a: Zapdos|Thunderbolt|p1a: Zapdos
|-damage|p1a: Zapdos|60/100
|
|upkeep
|turn|21
|
|t:|1779888374
|move|p1a: Zapdos|Thunder|p2a: Zapdos|[miss]
|-miss|p1a: Zapdos|p2a: Zapdos
|-activate|p2a: Zapdos|confusion
|-damage|p2a: Zapdos|41/100|[from] confusion
|
|upkeep
|turn|22
|
|t:|1779888379
|move|p1a: Zapdos|Thunder|p2a: Zapdos|[miss]
|-miss|p1a: Zapdos|p2a: Zapdos
|-activate|p2a: Zapdos|confusion
|move|p2a: Zapdos|Roost|p2a: Zapdos
|-heal|p2a: Zapdos|91/100
|-singleturn|p2a: Zapdos|move: Roost
|
|upkeep
|turn|23
|
|t:|1779888387
|move|p1a: Zapdos|Roost|p1a: Zapdos
|-heal|p1a: Zapdos|100/100
|-singleturn|p1a: Zapdos|move: Roost
|-activate|p2a: Zapdos|confusion
|move|p2a: Zapdos|Thunderbolt|p1a: Zapdos
|-resisted|p1a: Zapdos
|-damage|p1a: Zapdos|79/100
|
|upkeep
|turn|24
|
|t:|1779888395
|-end|p2a: Zapdos|confusion
|move|p2a: Zapdos|Heat Wave|p1a: Zapdos
|-damage|p1a: Zapdos|49/100
|move|p1a: Zapdos|Thunder|p2a: Zapdos
|-damage|p2a: Zapdos|32/100
|
|upkeep
|turn|25
|
|t:|1779888403
|move|p2a: Zapdos|Hurricane|p1a: Zapdos|[miss]
|-miss|p2a: Zapdos|p1a: Zapdos
|move|p1a: Zapdos|Roost|p1a: Zapdos
|-heal|p1a: Zapdos|99/100
|-singleturn|p1a: Zapdos|move: Roost
|
|upkeep
|turn|26
|
|t:|1779888410
|move|p1a: Zapdos|Thunder|p2a: Zapdos
|-damage|p2a: Zapdos|0 fnt
|faint|p2a: Zapdos
|
|upkeep
|
|t:|1779888417
|switch|p2a: Mimikyu|Mimikyu-Busted, F|71/100
|turn|27
|
|t:|1779888423
|switch|p1a: Alomomola|Alomomola, M|100/100
|move|p2a: Mimikyu|Swords Dance|p2a: Mimikyu
|-boost|p2a: Mimikyu|atk|2
|
|upkeep
|turn|28
|
|t:|1779888430
|move|p2a: Mimikyu|Swords Dance|p2a: Mimikyu
|-boost|p2a: Mimikyu|atk|2
|move|p1a: Alomomola|Scald|p2a: Mimikyu
|-damage|p2a: Mimikyu|52/100
|
|upkeep
|turn|29
|
|t:|1779888438
|move|p2a: Mimikyu|Drain Punch|p1a: Alomomola
|-damage|p1a: Alomomola|56/100
|-heal|p2a: Mimikyu|99/100|[from] drain|[of] p1a: Alomomola
|-damage|p2a: Mimikyu|89/100|[from] item: Life Orb
|move|p1a: Alomomola|Scald|p2a: Mimikyu
|-damage|p2a: Mimikyu|70/100
|
|upkeep
|turn|30
|
|t:|1779888447
|move|p2a: Mimikyu|Play Rough|p1a: Alomomola
|-damage|p1a: Alomomola|0 fnt
|faint|p1a: Alomomola
|-damage|p2a: Mimikyu|60/100|[from] item: Life Orb
|
|upkeep
|-message|ilovevoltturn forfeited.
|
|win|Abracadaver
|raw|ilovevoltturn's rating: 1253 &rarr; <strong>1228</strong><br />(-25 for losing)
|raw|Abracadaver's rating: 1255 &rarr; <strong>1280</strong><br />(+25 for winning)
|l|☆ilovevoltturn
|player|p1|
|l|☆Abracadaver
|player|p2|
