|j|☆GBC_Peepers
|j|☆pingoraxx
|t:|1779946858
|gametype|singles
|player|p1|GBC_Peepers|n|1374
|player|p2|pingoraxx|ethan|1403
|gen|9
|tier|[Gen 9] OU
|rated|
|rule|HP Percentage Mod: HP is shown in percentages
|rule|Endless Battle Clause: Forcing endless battles is banned
|rule|Species Clause: Limit one of each Pokémon
|rule|OHKO Clause: OHKO moves are banned
|rule|Evasion Items Clause: Evasion items are banned
|rule|Evasion Moves Clause: Evasion moves are banned
|rule|Evasion Abilities Clause: Evasion abilities are banned
|rule|Sleep Moves Clause: Sleep-inducing moves are banned
|clearpoke
|poke|p1|Ogerpon, F|
|poke|p1|Samurott-Hisui, F|
|poke|p1|Blissey, F|
|poke|p1|Gliscor, F|
|poke|p1|Skarmory, F|
|poke|p1|Pecharunt|
|poke|p2|Ceruledge, M|
|poke|p2|Meowscarada, M|
|poke|p2|Greninja-*, M|
|poke|p2|Great Tusk|
|poke|p2|Galvantula, M|
|poke|p2|Landorus-Therian, M|
|teampreview
|
|t:|1779946918
|teamsize|p1|6
|teamsize|p2|6
|start
|switch|p1a: Samurott|Samurott-Hisui, F|100/100
|switch|p2a: Landorus|Landorus-Therian, M|100/100
|-ability|p2a: Landorus|Intimidate|boost
|-unboost|p1a: Samurott|atk|1
|turn|1
|
|t:|1779946927
|move|p2a: Landorus|U-turn|p1a: Samurott
|-supereffective|p1a: Samurott
|-damage|p1a: Samurott|32/100
|
|t:|1779946931
|switch|p2a: Galvantula|Galvantula, M|100/100|[from] U-turn
|move|p1a: Samurott|Ceaseless Edge|p2a: Galvantula
|-damage|p2a: Galvantula|37/100
|-sidestart|p2: pingoraxx|Spikes
|
|upkeep
|turn|2
|
|t:|1779946944
|switch|p1a: Gliscor|Gliscor, F|100/100
|move|p2a: Galvantula|Discharge|p1a: Gliscor
|-immune|p1a: Gliscor
|
|-status|p1a: Gliscor|tox|[from] item: Toxic Orb
|upkeep
|turn|3
|
|t:|1779946953
|move|p2a: Galvantula|Sticky Web|p1a: Gliscor
|-sidestart|p1: GBC_Peepers|move: Sticky Web
|move|p1a: Gliscor|Swords Dance|p1a: Gliscor
|-boost|p1a: Gliscor|atk|2
|
|upkeep
|turn|4
|
|t:|1779946960
|move|p2a: Galvantula|Bug Buzz|p1a: Gliscor
|-resisted|p1a: Gliscor
|-damage|p1a: Gliscor|85/100 tox
|move|p1a: Gliscor|Facade|p2a: Galvantula
|-damage|p2a: Galvantula|0 fnt
|faint|p2a: Galvantula
|
|-heal|p1a: Gliscor|98/100 tox|[from] ability: Poison Heal
|upkeep
|
|t:|1779946970
|switch|p2a: Greninja|Greninja, M|100/100
|-damage|p2a: Greninja|88/100|[from] Spikes
|turn|5
|
|t:|1779946974
|-terastallize|p1a: Gliscor|Normal
|move|p2a: Greninja|Surf|p1a: Gliscor
|-damage|p1a: Gliscor|54/100 tox
|move|p1a: Gliscor|Facade|p2a: Greninja
|-damage|p2a: Greninja|0 fnt
|faint|p2a: Greninja
|
|-heal|p1a: Gliscor|67/100 tox|[from] ability: Poison Heal
|upkeep
|
|t:|1779947007
|switch|p2a: Great Tusk|Great Tusk|100/100
|-damage|p2a: Great Tusk|88/100|[from] Spikes
|turn|6
|
|t:|1779947018
|move|p1a: Gliscor|Protect|p1a: Gliscor
|-singleturn|p1a: Gliscor|Protect
|move|p2a: Great Tusk|Brick Break|p1a: Gliscor
|-activate|p1a: Gliscor|move: Protect
|
|-heal|p1a: Gliscor|79/100 tox|[from] ability: Poison Heal
|upkeep
|turn|7
|
|t:|1779947026
|move|p2a: Great Tusk|Brick Break|p1a: Gliscor
|-supereffective|p1a: Gliscor
|-damage|p1a: Gliscor|9/100 tox
|move|p1a: Gliscor|Swords Dance|p1a: Gliscor
|-boost|p1a: Gliscor|atk|2
|
|-heal|p1a: Gliscor|22/100 tox|[from] ability: Poison Heal
|upkeep
|turn|8
|
|t:|1779947034
|move|p1a: Gliscor|Protect|p1a: Gliscor
|-singleturn|p1a: Gliscor|Protect
|move|p2a: Great Tusk|Brick Break|p1a: Gliscor
|-activate|p1a: Gliscor|move: Protect
|
|-heal|p1a: Gliscor|34/100 tox|[from] ability: Poison Heal
|upkeep
|turn|9
|
|t:|1779947042
|switch|p1a: Pecharunt|Pecharunt|100/100
|move|p2a: Great Tusk|Brick Break|p1a: Pecharunt
|-immune|p1a: Pecharunt
|
|upkeep
|turn|10
|
|t:|1779947049
|-end|p2a: Great Tusk|Protosynthesis|[silent]
|switch|p2a: Landorus|Landorus-Therian, M|100/100
|-ability|p2a: Landorus|Intimidate|boost
|-unboost|p1a: Pecharunt|atk|1
|move|p1a: Pecharunt|Toxic|p2a: Landorus
|-status|p2a: Landorus|tox
|-start|p2a: Landorus|confusion|[from] ability: Poison Puppeteer|[of] p1a: Pecharunt
|
|-damage|p2a: Landorus|95/100 tox|[from] psn
|upkeep
|turn|11
|
|t:|1779947060
|-activate|p2a: Landorus|confusion
|-damage|p2a: Landorus|76/100 tox|[from] confusion
|move|p1a: Pecharunt|Parting Shot|p2a: Landorus
|-unboost|p2a: Landorus|atk|1
|-unboost|p2a: Landorus|spa|1
|
|t:|1779947066
|switch|p1a: Gliscor|Gliscor, F, tera:Normal|34/100 tox|[from] Parting Shot
|-activate|p1a: Gliscor|move: Sticky Web
|-unboost|p1a: Gliscor|spe|1
|
|-damage|p2a: Landorus|64/100 tox|[from] psn
|-heal|p1a: Gliscor|47/100 tox|[from] ability: Poison Heal
|upkeep
|turn|12
|
|t:|1779947079
|-activate|p2a: Landorus|confusion
|move|p2a: Landorus|U-turn|p1a: Gliscor
|-damage|p1a: Gliscor|33/100 tox
|
|t:|1779947082
|switch|p2a: Great Tusk|Great Tusk|88/100|[from] U-turn
|-damage|p2a: Great Tusk|76/100|[from] Spikes
|move|p1a: Gliscor|Facade|p2a: Great Tusk
|-damage|p2a: Great Tusk|40/100
|
|-heal|p1a: Gliscor|45/100 tox|[from] ability: Poison Heal
|upkeep
|turn|13
|
|t:|1779947093
|move|p1a: Gliscor|Protect|p1a: Gliscor
|-singleturn|p1a: Gliscor|Protect
|move|p2a: Great Tusk|Earthquake|p1a: Gliscor
|-activate|p1a: Gliscor|move: Protect
|
|-heal|p1a: Gliscor|58/100 tox|[from] ability: Poison Heal
|upkeep
|turn|14
|
|t:|1779947111
|switch|p1a: Pecharunt|Pecharunt|100/100
|move|p2a: Great Tusk|Brick Break|p1a: Pecharunt
|-immune|p1a: Pecharunt
|
|upkeep
|turn|15
|
|t:|1779947118
|move|p2a: Great Tusk|Earthquake|p1a: Pecharunt
|-supereffective|p1a: Pecharunt
|-damage|p1a: Pecharunt|45/100
|move|p1a: Pecharunt|Shadow Ball|p2a: Great Tusk
|-damage|p2a: Great Tusk|5/100
|
|upkeep
|turn|16
|
|t:|1779947135
|switch|p1a: Skarmory|Skarmory, F|100/100
|move|p2a: Great Tusk|Earthquake|p1a: Skarmory
|-immune|p1a: Skarmory
|
|upkeep
|turn|17
|
|t:|1779947143
|move|p2a: Great Tusk|Rapid Spin|p1a: Skarmory
|-resisted|p1a: Skarmory
|-damage|p1a: Skarmory|94/100
|-boost|p2a: Great Tusk|spe|1
|-sideend|p2: pingoraxx|Spikes|[from] move: Rapid Spin|[of] p2a: Great Tusk
|move|p1a: Skarmory|Body Press|p2a: Great Tusk
|-damage|p2a: Great Tusk|0 fnt
|faint|p2a: Great Tusk
|-end|p2a: Great Tusk|Protosynthesis|[silent]
|
|upkeep
|
|t:|1779947153
|switch|p2a: Ceruledge|Ceruledge, M|100/100
|turn|18
|
|t:|1779947161
|switch|p1a: Samurott|Samurott-Hisui, F|32/100
|move|p2a: Ceruledge|Bitter Blade|p1a: Samurott
|-resisted|p1a: Samurott
|-damage|p1a: Samurott|0 fnt
|faint|p1a: Samurott
|
|upkeep
|
|t:|1779947170
|switch|p1a: Gliscor|Gliscor, F, tera:Normal|58/100 tox
|-activate|p1a: Gliscor|move: Sticky Web
|-unboost|p1a: Gliscor|spe|1
|turn|19
|
|t:|1779947176
|switch|p2a: Landorus|Landorus-Therian, M|64/100 tox
|-ability|p2a: Landorus|Intimidate|boost
|-unboost|p1a: Gliscor|atk|1
|move|p1a: Gliscor|Protect||[still]
|-fail|p1a: Gliscor
|
|-damage|p2a: Landorus|58/100 tox|[from] psn
|-heal|p1a: Gliscor|70/100 tox|[from] ability: Poison Heal
|upkeep
|turn|20
|
|t:|1779947186
|move|p2a: Landorus|Brick Break|p1a: Gliscor
|-supereffective|p1a: Gliscor
|-damage|p1a: Gliscor|27/100 tox
|move|p1a: Gliscor|Swords Dance|p1a: Gliscor
|-boost|p1a: Gliscor|atk|2
|
|-damage|p2a: Landorus|46/100 tox|[from] psn
|-heal|p1a: Gliscor|40/100 tox|[from] ability: Poison Heal
|upkeep
|turn|21
|
|t:|1779947196
|move|p1a: Gliscor|Protect|p1a: Gliscor
|-singleturn|p1a: Gliscor|Protect
|move|p2a: Landorus|Brick Break|p1a: Gliscor
|-activate|p1a: Gliscor|move: Protect
|
|-damage|p2a: Landorus|28/100 tox|[from] psn
|-heal|p1a: Gliscor|52/100 tox|[from] ability: Poison Heal
|upkeep
|turn|22
|
|t:|1779947205
|switch|p1a: Pecharunt|Pecharunt|45/100
|move|p2a: Landorus|Brick Break|p1a: Pecharunt
|-immune|p1a: Pecharunt
|
|-damage|p2a: Landorus|4/100 tox|[from] psn
|upkeep
|turn|23
|
|t:|1779947213
|move|p2a: Landorus|Brick Break|p1a: Pecharunt
|-immune|p1a: Pecharunt
|move|p1a: Pecharunt|Recover|p1a: Pecharunt
|-heal|p1a: Pecharunt|95/100
|
|-damage|p2a: Landorus|0 fnt|[from] psn
|faint|p2a: Landorus
|upkeep
|
|t:|1779947228
|switch|p2a: Ceruledge|Ceruledge, M|100/100
|turn|24
|
|t:|1779947232
|move|p2a: Ceruledge|Poltergeist|p1a: Pecharunt
|-activate|p1a: Pecharunt|move: Poltergeist|Heavy-Duty Boots
|-supereffective|p1a: Pecharunt
|-damage|p1a: Pecharunt|35/100
|move|p1a: Pecharunt|Toxic|p2a: Ceruledge
|-status|p2a: Ceruledge|tox
|-start|p2a: Ceruledge|confusion|[from] ability: Poison Puppeteer|[of] p1a: Pecharunt
|
|-damage|p2a: Ceruledge|94/100 tox|[from] psn
|upkeep
|turn|25
|
|t:|1779947242
|-activate|p2a: Ceruledge|confusion
|-damage|p2a: Ceruledge|73/100 tox|[from] confusion
|move|p1a: Pecharunt|Shadow Ball|p2a: Ceruledge
|-supereffective|p2a: Ceruledge
|-damage|p2a: Ceruledge|17/100 tox
|-enditem|p2a: Ceruledge|Weakness Policy
|-boost|p2a: Ceruledge|atk|2|[from] item: Weakness Policy
|-boost|p2a: Ceruledge|spa|2|[from] item: Weakness Policy
|
|-damage|p2a: Ceruledge|5/100 tox|[from] psn
|upkeep
|turn|26
|
|t:|1779947254
|-terastallize|p2a: Ceruledge|Fire
|-activate|p2a: Ceruledge|confusion
|move|p2a: Ceruledge|Bitter Blade|p1a: Pecharunt
|-damage|p1a: Pecharunt|0 fnt
|-heal|p2a: Ceruledge|27/100 tox|[from] drain|[of] p1a: Pecharunt
|faint|p1a: Pecharunt
|
|-damage|p2a: Ceruledge|9/100 tox|[from] psn
|upkeep
|
|t:|1779947260
|switch|p1a: Gliscor|Gliscor, F, tera:Normal|52/100 tox
|-activate|p1a: Gliscor|move: Sticky Web
|-unboost|p1a: Gliscor|spe|1
|turn|27
|
|t:|1779947267
|move|p1a: Gliscor|Protect|p1a: Gliscor
|-singleturn|p1a: Gliscor|Protect
|-end|p2a: Ceruledge|confusion
|move|p2a: Ceruledge|Bitter Blade|p1a: Gliscor
|-activate|p1a: Gliscor|move: Protect
|
|-damage|p2a: Ceruledge|0 fnt|[from] psn
|faint|p2a: Ceruledge
|-heal|p1a: Gliscor|65/100 tox|[from] ability: Poison Heal
|upkeep
|-message|pingoraxx forfeited.
|
|win|GBC_Peepers
|raw|GBC_Peepers's rating: 1374 &rarr; <strong>1396</strong><br />(+22 for winning)
|raw|pingoraxx's rating: 1403 &rarr; <strong>1381</strong><br />(-22 for losing)
|l|☆pingoraxx
|player|p2|
|l|☆GBC_Peepers
|player|p1|
