|j|☆LeChunkalo
|j|☆Oweiner95
|t:|1779918116
|gametype|singles
|player|p1|LeChunkalo|biker-gen4|1514
|player|p2|Oweiner95|flannery|1612
|gen|9
|tier|[Gen 9] OU
|rated|
|rule|HP Percentage Mod: HP is shown in percentages
|rule|Endless Battle Clause: Forcing endless battles is banned
|rule|Species Clause: Limit one of each Pokémon
|rule|OHKO Clause: OHKO moves are banned
|rule|Evasion Items Clause: Evasion items are banned
|rule|Evasion Moves Clause: Evasion moves are banned
|rule|Evasion Abilities Clause: Evasion abilities are banned
|rule|Sleep Moves Clause: Sleep-inducing moves are banned
|clearpoke
|poke|p1|Ogerpon-Cornerstone, F|
|poke|p1|Pecharunt|
|poke|p1|Zapdos-Galar|
|poke|p1|Dragonite, F|
|poke|p1|Iron Treads|
|poke|p1|Primarina, F|
|poke|p2|Slowking-Galar, F|
|poke|p2|Great Tusk|
|poke|p2|Kyurem|
|poke|p2|Kingambit, M|
|poke|p2|Cinderace, M|
|poke|p2|Zapdos|
|teampreview
|inactive|Battle timer is ON: inactive players will automatically lose when time's up. (requested by LeChunkalo)
|inactive|Oweiner95 also wants the timer to be on.
|inactive|Oweiner95 has 120 seconds left.
|
|t:|1779918149
|teamsize|p1|6
|teamsize|p2|6
|start
|switch|p1a: Ogerpon|Ogerpon-Cornerstone, F|100/100
|switch|p2a: Cinderace|Cinderace, M|100/100
|turn|1
|
|t:|1779918162
|switch|p1a: Pecharunt|Pecharunt|100/100
|move|p2a: Cinderace|U-turn|p1a: Pecharunt
|-resisted|p1a: Pecharunt
|-damage|p1a: Pecharunt|97/100
|
|t:|1779918169
|switch|p2a: Slowking|Slowking-Galar, F|100/100|[from] U-turn
|
|upkeep
|turn|2
|
|t:|1779918173
|move|p1a: Pecharunt|Shadow Ball|p2a: Slowking
|-supereffective|p2a: Slowking
|-damage|p2a: Slowking|63/100
|move|p2a: Slowking|Future Sight|p1a: Pecharunt
|-start|p2a: Slowking|move: Future Sight
|
|upkeep
|turn|3
|
|t:|1779918178
|move|p1a: Pecharunt|Shadow Ball|p2a: Slowking
|-supereffective|p2a: Slowking
|-damage|p2a: Slowking|22/100
|-prepare|p2a: Slowking|Chilly Reception|[premajor]
|move|p2a: Slowking|Chilly Reception|p2a: Slowking
|-weather|Snowscape
|
|t:|1779918180
|switch|p2a: Kyurem|Kyurem|100/100|[from] Chilly Reception
|-ability|p2a: Kyurem|Pressure
|
|-weather|Snowscape|[upkeep]
|upkeep
|turn|4
|
|t:|1779918192
|switch|p1a: Iron Treads|Iron Treads|100/100
|move|p2a: Kyurem|Blizzard|p1a: Iron Treads
|-damage|p1a: Iron Treads|0 fnt
|faint|p1a: Iron Treads
|-end|p1a: Iron Treads|Quark Drive|[silent]
|
|-weather|Snowscape|[upkeep]
|-hint|Future Sight did not hit because the target is fainted.
|upkeep
|
|t:|1779918200
|switch|p1a: Ogerpon|Ogerpon-Cornerstone, F|100/100
|turn|5
|
|t:|1779918207
|switch|p2a: Great Tusk|Great Tusk|100/100
|move|p1a: Ogerpon|Power Whip|p2a: Great Tusk|[miss]
|-miss|p1a: Ogerpon|p2a: Great Tusk
|
|-weather|Snowscape|[upkeep]
|upkeep
|turn|6
|
|t:|1779918215
|switch|p1a: Zapdos|Zapdos-Galar|100/100
|move|p2a: Great Tusk|Close Combat|p1a: Zapdos
|-resisted|p1a: Zapdos
|-damage|p1a: Zapdos|67/100
|-unboost|p2a: Great Tusk|def|1
|-unboost|p2a: Great Tusk|spd|1
|
|-weather|Snowscape|[upkeep]
|upkeep
|turn|7
|
|t:|1779918228
|switch|p1a: Ogerpon|Ogerpon-Cornerstone, F|100/100
|-end|p2a: Great Tusk|Protosynthesis|[silent]
|switch|p2a: Zapdos|Zapdos|100/100
|
|-weather|none
|upkeep
|turn|8
|
|t:|1779918232
|move|p1a: Ogerpon|Ivy Cudgel|p2a: Zapdos|[anim] Ivy Cudgel Rock
|-supereffective|p2a: Zapdos
|-damage|p2a: Zapdos|9/100
|move|p2a: Zapdos|Thunder Wave|p1a: Ogerpon|[miss]
|-miss|p2a: Zapdos|p1a: Ogerpon
|
|upkeep
|turn|9
|
|t:|1779918246
|move|p1a: Ogerpon|Ivy Cudgel|p2a: Zapdos|[anim] Ivy Cudgel Rock
|-supereffective|p2a: Zapdos
|-crit|p2a: Zapdos
|-damage|p2a: Zapdos|0 fnt
|faint|p2a: Zapdos
|
|upkeep
|
|t:|1779918249
|switch|p2a: Great Tusk|Great Tusk|100/100
|turn|10
|
|t:|1779918257
|switch|p1a: Pecharunt|Pecharunt|97/100
|move|p2a: Great Tusk|Close Combat|p1a: Pecharunt
|-immune|p1a: Pecharunt
|
|upkeep
|turn|11
|
|t:|1779918266
|switch|p1a: Zapdos|Zapdos-Galar|67/100
|move|p2a: Great Tusk|Headlong Rush|p1a: Zapdos
|-immune|p1a: Zapdos
|
|upkeep
|turn|12
|
|t:|1779918280
|-end|p2a: Great Tusk|Protosynthesis|[silent]
|switch|p2a: Cinderace|Cinderace, M|100/100
|move|p1a: Zapdos|Brave Bird|p2a: Cinderace
|-crit|p2a: Cinderace
|-damage|p2a: Cinderace|0 fnt
|faint|p2a: Cinderace
|-damage|p1a: Zapdos|31/100|[from] Recoil
|
|upkeep
|
|t:|1779918288
|switch|p2a: Kingambit|Kingambit, M|100/100
|-activate|p2a: Kingambit|ability: Supreme Overlord
|-start|p2a: Kingambit|fallen2|[silent]
|turn|13
|
|t:|1779918294
|switch|p1a: Dragonite|Dragonite, F|100/100
|move|p2a: Kingambit|Iron Head|p1a: Dragonite
|-damage|p1a: Dragonite|74/100
|
|upkeep
|turn|14
|
|t:|1779918298
|move|p1a: Dragonite|Roost|p1a: Dragonite
|-heal|p1a: Dragonite|100/100
|-singleturn|p1a: Dragonite|move: Roost
|move|p2a: Kingambit|Iron Head|p1a: Dragonite
|-damage|p1a: Dragonite|75/100
|
|upkeep
|turn|15
|
|t:|1779918303
|move|p1a: Dragonite|Earthquake|p2a: Kingambit
|-supereffective|p2a: Kingambit
|-damage|p2a: Kingambit|37/100
|move|p2a: Kingambit|Iron Head|p1a: Dragonite
|-damage|p1a: Dragonite|23/100
|
|-heal|p2a: Kingambit|43/100|[from] item: Leftovers
|upkeep
|turn|16
|
|t:|1779918308
|-end|p2a: Kingambit|fallen2|[silent]
|switch|p2a: Great Tusk|Great Tusk|100/100
|move|p1a: Dragonite|Roost|p1a: Dragonite
|-heal|p1a: Dragonite|73/100
|-singleturn|p1a: Dragonite|move: Roost
|
|upkeep
|turn|17
|
|t:|1779918318
|switch|p1a: Pecharunt|Pecharunt|97/100
|move|p2a: Great Tusk|Ice Spinner|p1a: Pecharunt
|-crit|p1a: Pecharunt
|-damage|p1a: Pecharunt|66/100
|
|upkeep
|turn|18
|
|t:|1779918333
|switch|p1a: Zapdos|Zapdos-Galar|31/100
|-end|p2a: Great Tusk|Protosynthesis|[silent]
|switch|p2a: Kingambit|Kingambit, M|43/100
|-activate|p2a: Kingambit|ability: Supreme Overlord
|-start|p2a: Kingambit|fallen2|[silent]
|
|-heal|p2a: Kingambit|49/100|[from] item: Leftovers
|upkeep
|turn|19
|
|t:|1779918342
|move|p2a: Kingambit|Sucker Punch|p1a: Zapdos
|-resisted|p1a: Zapdos
|-damage|p1a: Zapdos|3/100
|move|p1a: Zapdos|Close Combat|p2a: Kingambit
|-supereffective|p2a: Kingambit
|-damage|p2a: Kingambit|0 fnt
|-unboost|p1a: Zapdos|def|1
|-unboost|p1a: Zapdos|spd|1
|faint|p2a: Kingambit
|-end|p2a: Kingambit|fallen2|[silent]
|
|upkeep
|
|t:|1779918349
|switch|p2a: Slowking|Slowking-Galar, F|55/100
|turn|20
|
|t:|1779918359
|switch|p1a: Primarina|Primarina, F|100/100
|move|p2a: Slowking|Thunder Wave|p1a: Primarina
|-status|p1a: Primarina|par
|
|upkeep
|turn|21
|
|t:|1779918364
|cant|p1a: Primarina|par
|move|p2a: Slowking|Future Sight|p1a: Primarina
|-start|p2a: Slowking|move: Future Sight
|
|upkeep
|turn|22
|
|t:|1779918369
|cant|p1a: Primarina|par
|-prepare|p2a: Slowking|Chilly Reception|[premajor]
|move|p2a: Slowking|Chilly Reception|p2a: Slowking
|-weather|Snowscape
|
|t:|1779918372
|switch|p2a: Kyurem|Kyurem|100/100|[from] Chilly Reception
|-ability|p2a: Kyurem|Pressure
|
|-weather|Snowscape|[upkeep]
|upkeep
|turn|23
|
|t:|1779918378
|move|p2a: Kyurem|Freeze-Dry|p1a: Primarina
|-supereffective|p1a: Primarina
|-damage|p1a: Primarina|0 fnt
|faint|p1a: Primarina
|
|-weather|Snowscape|[upkeep]
|-hint|Future Sight did not hit because the target is fainted.
|upkeep
|
|t:|1779918399
|switch|p1a: Zapdos|Zapdos-Galar|3/100
|turn|24
|
|t:|1779918404
|switch|p2a: Slowking|Slowking-Galar, F|88/100
|move|p1a: Zapdos|Knock Off|p2a: Slowking
|-supereffective|p2a: Slowking
|-enditem|p2a: Slowking|Colbur Berry|[eat]
|-enditem|p2a: Slowking|Colbur Berry|[weaken]
|-damage|p2a: Slowking|56/100
|
|-weather|Snowscape|[upkeep]
|upkeep
|turn|25
|
|t:|1779918412
|switch|p2a: Great Tusk|Great Tusk|100/100
|move|p1a: Zapdos|Knock Off|p2a: Great Tusk
|-resisted|p2a: Great Tusk
|-damage|p2a: Great Tusk|88/100
|-enditem|p2a: Great Tusk|Leftovers|[from] move: Knock Off|[of] p1a: Zapdos
|
|-weather|Snowscape|[upkeep]
|upkeep
|turn|26
|
|t:|1779918422
|move|p1a: Zapdos|Knock Off|p2a: Great Tusk
|-resisted|p2a: Great Tusk
|-damage|p2a: Great Tusk|81/100
|move|p2a: Great Tusk|Ice Spinner|p1a: Zapdos
|-supereffective|p1a: Zapdos
|-damage|p1a: Zapdos|0 fnt
|faint|p1a: Zapdos
|
|-weather|none
|upkeep
|
|t:|1779918429
|switch|p1a: Pecharunt|Pecharunt|66/100
|turn|27
|
|t:|1779918434
|move|p1a: Pecharunt|Shadow Ball|p2a: Great Tusk
|-damage|p2a: Great Tusk|37/100
|move|p2a: Great Tusk|Headlong Rush|p1a: Pecharunt
|-supereffective|p1a: Pecharunt
|-damage|p1a: Pecharunt|0 fnt
|-unboost|p2a: Great Tusk|def|1
|-unboost|p2a: Great Tusk|spd|1
|faint|p1a: Pecharunt
|
|upkeep
|
|t:|1779918442
|switch|p1a: Ogerpon|Ogerpon-Cornerstone, F|100/100
|turn|28
|inactive|LeChunkalo has 120 seconds left.
|
|t:|1779918480
|move|p1a: Ogerpon|Low Kick|p2a: Great Tusk
|-crit|p2a: Great Tusk
|-damage|p2a: Great Tusk|0 fnt
|faint|p2a: Great Tusk
|-end|p2a: Great Tusk|Protosynthesis|[silent]
|
|upkeep
|
|t:|1779918489
|switch|p2a: Slowking|Slowking-Galar, F|89/100
|turn|29
|
|t:|1779918493
|switch|p1a: Dragonite|Dragonite, F|73/100
|move|p2a: Slowking|Thunder Wave|p1a: Dragonite
|-status|p1a: Dragonite|par
|
|upkeep
|turn|30
|
|t:|1779918506
|switch|p2a: Kyurem|Kyurem|100/100
|-ability|p2a: Kyurem|Pressure
|move|p1a: Dragonite|Earthquake|p2a: Kyurem
|-damage|p2a: Kyurem|63/100
|
|upkeep
|turn|31
|
|t:|1779918515
|cant|p1a: Dragonite|par
|move|p2a: Kyurem|Ice Beam|p1a: Dragonite
|-supereffective|p1a: Dragonite
|-damage|p1a: Dragonite|0 fnt
|faint|p1a: Dragonite
|
|upkeep
|
|t:|1779918517
|switch|p1a: Ogerpon|Ogerpon-Cornerstone, F|100/100
|turn|32
|
|t:|1779918527
|-terastallize|p1a: Ogerpon|Rock
|detailschange|p1a: Ogerpon|Ogerpon-Cornerstone-Tera, F, tera:Rock
|-ability|p1a: Ogerpon|Embody Aspect (Cornerstone)|boost
|-boost|p1a: Ogerpon|def|1
|move|p1a: Ogerpon|Ivy Cudgel|p2a: Kyurem|[anim] Ivy Cudgel Rock
|-supereffective|p2a: Kyurem
|-damage|p2a: Kyurem|0 fnt
|faint|p2a: Kyurem
|
|upkeep
|-message|Oweiner95 forfeited.
|
|win|LeChunkalo
|raw|LeChunkalo's rating: 1514 &rarr; <strong>1539</strong><br />(+25 for winning)
|raw|Oweiner95's rating: 1612 &rarr; <strong>1587</strong><br />(-25 for losing)
|l|☆Oweiner95
|player|p2|
|l|☆LeChunkalo
|player|p1|
