|j|☆bomabflat
|j|☆Z4W6
|t:|1779883620
|gametype|singles
|player|p1|bomabflat|2|1329
|player|p2|Z4W6|ghetsis|1372
|gen|9
|tier|[Gen 9] OU
|rated|
|rule|HP Percentage Mod: HP is shown in percentages
|rule|Endless Battle Clause: Forcing endless battles is banned
|rule|Species Clause: Limit one of each Pokémon
|rule|OHKO Clause: OHKO moves are banned
|rule|Evasion Items Clause: Evasion items are banned
|rule|Evasion Moves Clause: Evasion moves are banned
|rule|Evasion Abilities Clause: Evasion abilities are banned
|rule|Sleep Moves Clause: Sleep-inducing moves are banned
|clearpoke
|poke|p1|Iron Crown|
|poke|p1|Comfey, M|
|poke|p1|Iron Moth|
|poke|p1|Dragapult, M|
|poke|p1|Dragonite, M|
|poke|p1|Kingambit, M|
|poke|p2|Cloyster, F|
|poke|p2|Gallade, M|
|poke|p2|Kingambit, F|
|poke|p2|Iron Moth|
|poke|p2|Enamorus, F|
|poke|p2|Ogerpon-Cornerstone, F|
|teampreview
|
|t:|1779883628
|teamsize|p1|6
|teamsize|p2|6
|start
|switch|p1a: God|Iron Moth, shiny|100/100
|switch|p2a: Gallade|Gallade, M|100/100
|-enditem|p1a: God|Booster Energy
|-activate|p1a: God|ability: Quark Drive|[fromitem]
|-start|p1a: God|quarkdrivespa
|turn|1
|
|t:|1779883633
|move|p1a: God|Dazzling Gleam|p2a: Gallade
|-supereffective|p2a: Gallade
|-damage|p2a: Gallade|20/100
|move|p2a: Gallade|Psycho Cut|p1a: God
|-supereffective|p1a: God
|-damage|p1a: God|0 fnt
|faint|p1a: God
|-end|p1a: God|Quark Drive|[silent]
|
|upkeep
|
|t:|1779883655
|switch|p1a: Mob|Iron Crown|100/100
|-enditem|p1a: Mob|Booster Energy
|-activate|p1a: Mob|ability: Quark Drive|[fromitem]
|-start|p1a: Mob|quarkdrivespa
|turn|2
|inactive|Battle timer is ON: inactive players will automatically lose when time's up. (requested by Z4W6)
|c|☆bomabflat|and i was like
|
|t:|1779883662
|move|p2a: Gallade|Sacred Sword|p1a: Mob
|-damage|p1a: Mob|39/100
|move|p1a: Mob|Agility|p1a: Mob
|-boost|p1a: Mob|spe|2
|
|upkeep
|turn|3
|c|☆bomabflat|baby baby no
|
|t:|1779883687
|move|p2a: Gallade|Shadow Sneak|p1a: Mob
|-supereffective|p1a: Mob
|-damage|p1a: Mob|15/100
|move|p1a: Mob|Tachyon Cutter|p2a: Gallade
|-damage|p2a: Gallade|0 fnt
|faint|p2a: Gallade
|-hitcount|p2: Gallade|1
|
|upkeep
|
|t:|1779883695
|switch|p2a: Enamorus|Enamorus, F|100/100
|turn|4
|c|☆bomabflat|tachon cutter
|
|t:|1779883704
|move|p1a: Mob|Tachyon Cutter|p2a: Enamorus
|-supereffective|p2a: Enamorus
|-enditem|p2a: Enamorus|Focus Sash
|-damage|p2a: Enamorus|1/100
|-supereffective|p2a: Enamorus
|-damage|p2a: Enamorus|0 fnt
|faint|p2a: Enamorus
|-hitcount|p2: Enamorus|2
|
|upkeep
|c|☆bomabflat|lol
|c|☆bomabflat|lol
|c|☆bomabflat|lol
|
|t:|1779883713
|switch|p2a: Ogerpon|Ogerpon-Cornerstone, F|100/100
|turn|5
|c|☆Z4W6|lol wot
|c|☆bomabflat|hits twice
|c|☆bomabflat|muklti hit moves
|c|☆Z4W6|i know
|inactive|Z4W6 has 120 seconds left.
|c|☆bomabflat|so
|
|t:|1779883749
|switch|p2a: Cloyster|Cloyster, F|100/100
|move|p1a: Mob|Tachyon Cutter|p2a: Cloyster
|-damage|p2a: Cloyster|11/100
|-damage|p2a: Cloyster|0 fnt
|faint|p2a: Cloyster
|-hitcount|p2: Cloyster|2
|
|upkeep
|
|t:|1779883760
|switch|p2a: Iron Moth|Iron Moth|100/100
|-enditem|p2a: Iron Moth|Booster Energy
|-activate|p2a: Iron Moth|ability: Quark Drive|[fromitem]
|-start|p2a: Iron Moth|quarkdrivespe
|turn|6
|c|☆bomabflat|also 490 spa
|c|☆Z4W6|ok
|c|☆Z4W6|so
|c|☆bomabflat|plus supereffective
|c|☆bomabflat|plus stab
|c|☆bomabflat|so ur cooked
|c|☆Z4W6|y u flexing ur team
|c|☆Z4W6|ok
|inactive|Z4W6 has 90 seconds left.
|c|☆Z4W6|rematch after
|c|☆bomabflat|lol
|c|☆bomabflat|nah
|
|t:|1779883796
|move|p2a: Iron Moth|Fiery Dance|p1a: Mob
|-supereffective|p1a: Mob
|-damage|p1a: Mob|0 fnt
|-boost|p2a: Iron Moth|spa|1
|faint|p1a: Mob
|-end|p1a: Mob|Quark Drive|[silent]
|
|upkeep
|c|☆Z4W6|didnt think so
|inactive|bomabflat has 120 seconds left.
|
|t:|1779883827
|switch|p1a: Zenitsu|Dragonite, M|100/100
|turn|7
|c|☆Z4W6|bros running comfey on singles
|c|☆bomabflat|lol
|inactive|Z4W6 has 90 seconds left.
|
|t:|1779883839
|move|p2a: Iron Moth|Dazzling Gleam|p1a: Zenitsu
|-supereffective|p1a: Zenitsu
|-damage|p1a: Zenitsu|56/100
|move|p1a: Zenitsu|Dragon Dance|p1a: Zenitsu
|-boost|p1a: Zenitsu|atk|1
|-boost|p1a: Zenitsu|spe|1
|
|upkeep
|turn|8
|c|☆bomabflat|u dont wwant the comfey smoke
|
|t:|1779883854
|-terastallize|p1a: Zenitsu|Normal
|move|p1a: Zenitsu|Extreme Speed|p2a: Iron Moth
|-damage|p2a: Iron Moth|0 fnt
|faint|p2a: Iron Moth
|-end|p2a: Iron Moth|Quark Drive|[silent]
|
|upkeep
|
|t:|1779883858
|switch|p2a: Ogerpon|Ogerpon-Cornerstone, F|100/100
|turn|9
|c|☆bomabflat|thunder breathiung
|c|☆bomabflat|first form
|
|t:|1779883878
|-terastallize|p2a: Ogerpon|Rock
|detailschange|p2a: Ogerpon|Ogerpon-Cornerstone-Tera, F, tera:Rock
|-ability|p2a: Ogerpon|Embody Aspect (Cornerstone)|boost
|-boost|p2a: Ogerpon|def|1
|move|p1a: Zenitsu|Earthquake|p2a: Ogerpon
|-supereffective|p2a: Ogerpon
|-damage|p2a: Ogerpon|0 fnt
|faint|p2a: Ogerpon
|detailschange|p2: Ogerpon|Ogerpon-Cornerstone, F|[silent]
|
|upkeep
|c|☆bomabflat|thunderclap and dash
|c|☆Z4W6|brooo play the game and shut up
|
|t:|1779883885
|switch|p2a: Kingambit|Kingambit, F|100/100
|-activate|p2a: Kingambit|ability: Supreme Overlord
|-start|p2a: Kingambit|fallen5|[silent]
|turn|10
|c|☆bomabflat|lol
|
|t:|1779883892
|move|p2a: Kingambit|Sucker Punch|p1a: Zenitsu
|-damage|p1a: Zenitsu|0 fnt
|faint|p1a: Zenitsu
|-damage|p2a: Kingambit|91/100|[from] item: Life Orb
|
|upkeep
|
|t:|1779883896
|switch|p1a: Zenitstwo|Kingambit, M|100/100
|-activate|p1a: Zenitstwo|ability: Supreme Overlord
|-start|p1a: Zenitstwo|fallen3|[silent]
|turn|11
|
|t:|1779883901
|move|p2a: Kingambit|Low Kick|p1a: Zenitstwo
|-supereffective|p1a: Zenitstwo
|-damage|p1a: Zenitstwo|0 fnt
|faint|p1a: Zenitstwo
|-end|p1a: Zenitstwo|fallen3|[silent]
|-damage|p2a: Kingambit|81/100|[from] item: Life Orb
|
|upkeep
|
|t:|1779883908
|switch|p1a: Nonbeliever|Dragapult, M|100/100
|turn|12
|
|t:|1779883915
|move|p2a: Kingambit|Sucker Punch|p1a: Nonbeliever
|-supereffective|p1a: Nonbeliever
|-damage|p1a: Nonbeliever|0 fnt
|faint|p1a: Nonbeliever
|-damage|p2a: Kingambit|71/100|[from] item: Life Orb
|
|upkeep
|c|☆bomabflat|wait wait wait
|
|t:|1779883922
|switch|p1a: King|Comfey, M, shiny|100/100
|turn|13
|
|t:|1779883926
|move|p1a: King|Draining Kiss|p2a: Kingambit
|-damage|p2a: Kingambit|47/100
|move|p2a: Kingambit|Iron Head|p1a: King
|-supereffective|p1a: King
|-damage|p1a: King|0 fnt
|faint|p1a: King
|-damage|p2a: Kingambit|37/100|[from] item: Life Orb
|
|win|Z4W6
|raw|bomabflat's rating: 1329 &rarr; <strong>1311</strong><br />(-18 for losing)
|raw|Z4W6's rating: 1372 &rarr; <strong>1390</strong><br />(+18 for winning)
|c|☆Z4W6|thought i was cooked
|c|☆bomabflat|sad times
|c|☆Z4W6|no more shit talking from u
|c|☆bomabflat|lol
|c|☆bomabflat|back run it
|c|☆Z4W6|no
|c|☆Z4W6|lol
|c|☆bomabflat|lol
|l|☆Z4W6
|player|p2|
