|j|☆CFMathMaster
|j|☆OUZQ Crocodile
|t:|1779888282
|gametype|singles
|player|p1|CFMathMaster|pilot|1503
|player|p2|OUZQ Crocodile|170|1532
|gen|9
|tier|[Gen 9] OU
|rated|
|rule|HP Percentage Mod: HP is shown in percentages
|rule|Endless Battle Clause: Forcing endless battles is banned
|rule|Species Clause: Limit one of each Pokémon
|rule|OHKO Clause: OHKO moves are banned
|rule|Evasion Items Clause: Evasion items are banned
|rule|Evasion Moves Clause: Evasion moves are banned
|rule|Evasion Abilities Clause: Evasion abilities are banned
|rule|Sleep Moves Clause: Sleep-inducing moves are banned
|clearpoke
|poke|p1|Gliscor, M|
|poke|p1|Gholdengo|
|poke|p1|Dragonite, M|
|poke|p1|Ting-Lu|
|poke|p1|Darkrai|
|poke|p1|Zamazenta-*|
|poke|p2|Ribombee, F|
|poke|p2|Gholdengo|
|poke|p2|Pupitar, M|
|poke|p2|Serperior, M|
|poke|p2|Iron Moth|
|poke|p2|Great Tusk|
|teampreview
|inactive|Battle timer is ON: inactive players will automatically lose when time's up. (requested by OUZQ Crocodile)
|
|t:|1779888303
|teamsize|p1|6
|teamsize|p2|6
|start
|switch|p1a: Gliscor|Gliscor, M|100/100
|switch|p2a: Ribombee|Ribombee, F, shiny|100/100
|turn|1
|
|t:|1779888317
|move|p2a: Ribombee|Stun Spore|p1a: Gliscor
|-status|p1a: Gliscor|par
|move|p1a: Gliscor|Spikes|p2a: Ribombee
|-sidestart|p2: OUZQ Crocodile|Spikes
|
|upkeep
|turn|2
|
|t:|1779888327
|move|p2a: Ribombee|Sticky Web|p1a: Gliscor
|-sidestart|p1: CFMathMaster|move: Sticky Web
|move|p1a: Gliscor|Spikes|p2a: Ribombee
|-sidestart|p2: OUZQ Crocodile|Spikes
|
|upkeep
|turn|3
|
|t:|1779888334
|move|p2a: Ribombee|Moonblast|p1a: Gliscor
|-damage|p1a: Gliscor|56/100 par
|move|p1a: Gliscor|Spikes|p2a: Ribombee
|-sidestart|p2: OUZQ Crocodile|Spikes
|
|upkeep
|turn|4
|
|t:|1779888342
|move|p2a: Ribombee|Moonblast|p1a: Gliscor
|-damage|p1a: Gliscor|9/100 par
|-unboost|p1a: Gliscor|spa|1
|cant|p1a: Gliscor|par
|
|upkeep
|turn|5
|
|t:|1779888354
|move|p2a: Ribombee|Moonblast|p1a: Gliscor
|-damage|p1a: Gliscor|0 fnt
|faint|p1a: Gliscor
|
|upkeep
|
|t:|1779888359
|switch|p1a: Gholdengo|Gholdengo|100/100
|-activate|p1a: Gholdengo|move: Sticky Web
|-unboost|p1a: Gholdengo|spe|1
|turn|6
|
|t:|1779888375
|move|p2a: Ribombee|Stun Spore|p1a: Gholdengo
|-immune|p1a: Gholdengo|[from] ability: Good as Gold
|move|p1a: Gholdengo|Make It Rain|p2a: Ribombee
|-supereffective|p2a: Ribombee
|-enditem|p2a: Ribombee|Focus Sash
|-damage|p2a: Ribombee|1/100
|-unboost|p1a: Gholdengo|spa|1
|
|upkeep
|turn|7
|
|t:|1779888385
|move|p2a: Ribombee|Skill Swap|p1a: Gholdengo
|-immune|p1a: Gholdengo|[from] ability: Good as Gold
|move|p1a: Gholdengo|Make It Rain|p2a: Ribombee
|-supereffective|p2a: Ribombee
|-damage|p2a: Ribombee|0 fnt
|-unboost|p1a: Gholdengo|spa|1
|faint|p2a: Ribombee
|
|upkeep
|
|t:|1779888401
|switch|p2a: Serperior|Serperior, M|100/100
|-damage|p2a: Serperior|76/100|[from] Spikes
|turn|8
|
|t:|1779888413
|switch|p1a: Dragonite|Dragonite, M|100/100
|move|p2a: Serperior|Reflect|p2a: Serperior
|-sidestart|p2: OUZQ Crocodile|Reflect
|
|upkeep
|turn|9
|
|t:|1779888433
|switch|p2a: Pupitar|Pupitar, M, shiny|100/100
|-damage|p2a: Pupitar|76/100|[from] Spikes
|move|p1a: Dragonite|Dragon Dance|p1a: Dragonite
|-boost|p1a: Dragonite|atk|1
|-boost|p1a: Dragonite|spe|1
|
|upkeep
|turn|10
|
|t:|1779888451
|-terastallize|p2a: Pupitar|Flying
|move|p1a: Dragonite|Earthquake|p2a: Pupitar
|-immune|p2a: Pupitar
|move|p2a: Pupitar|Dragon Dance|p2a: Pupitar
|-boost|p2a: Pupitar|atk|1
|-boost|p2a: Pupitar|spe|1
|
|upkeep
|turn|11
|
|t:|1779888468
|move|p1a: Dragonite|Extreme Speed|p2a: Pupitar
|-damage|p2a: Pupitar|60/100
|move|p2a: Pupitar|Dragon Dance|p2a: Pupitar
|-boost|p2a: Pupitar|atk|1
|-boost|p2a: Pupitar|spe|1
|
|upkeep
|turn|12
|
|t:|1779888485
|switch|p1a: Ting-Lu|Ting-Lu|100/100
|-activate|p1a: Ting-Lu|move: Sticky Web
|-unboost|p1a: Ting-Lu|spe|1
|-ability|p1a: Ting-Lu|Vessel of Ruin
|move|p2a: Pupitar|Earthquake|p1a: Ting-Lu
|-damage|p1a: Ting-Lu|69/100
|
|-heal|p1a: Ting-Lu|76/100|[from] item: Leftovers
|upkeep
|turn|13
|
|t:|1779888493
|move|p2a: Pupitar|Earthquake|p1a: Ting-Lu
|-damage|p1a: Ting-Lu|43/100
|move|p1a: Ting-Lu|Whirlwind|p2a: Pupitar
|drag|p2a: Iron Moth|Iron Moth|100/100
|-damage|p2a: Iron Moth|75/100|[from] Spikes
|-enditem|p2a: Iron Moth|Booster Energy
|-activate|p2a: Iron Moth|ability: Quark Drive|[fromitem]
|-start|p2a: Iron Moth|quarkdrivespe
|
|-heal|p1a: Ting-Lu|49/100|[from] item: Leftovers
|upkeep
|turn|14
|
|t:|1779888501
|-end|p2a: Iron Moth|Quark Drive|[silent]
|switch|p2a: Great Tusk|Great Tusk|100/100
|-damage|p2a: Great Tusk|76/100|[from] Spikes
|-enditem|p2a: Great Tusk|Booster Energy
|-activate|p2a: Great Tusk|ability: Protosynthesis|[fromitem]
|-start|p2a: Great Tusk|protosynthesisatk
|move|p1a: Ting-Lu|Stealth Rock|p2a: Great Tusk
|-sidestart|p2: OUZQ Crocodile|move: Stealth Rock
|
|-heal|p1a: Ting-Lu|55/100|[from] item: Leftovers
|upkeep
|turn|15
|
|t:|1779888512
|switch|p1a: Gholdengo|Gholdengo|100/100
|-activate|p1a: Gholdengo|move: Sticky Web
|-unboost|p1a: Gholdengo|spe|1
|move|p2a: Great Tusk|Close Combat|p1a: Gholdengo
|-immune|p1a: Gholdengo
|
|-sideend|p2: OUZQ Crocodile|Reflect
|upkeep
|turn|16
|
|t:|1779888524
|move|p1a: Gholdengo|Make It Rain|p2a: Great Tusk
|-damage|p2a: Great Tusk|0 fnt
|-unboost|p1a: Gholdengo|spa|1
|faint|p2a: Great Tusk
|-end|p2a: Great Tusk|Protosynthesis|[silent]
|
|upkeep
|
|t:|1779888526
|switch|p2a: Iron Moth|Iron Moth|75/100
|-damage|p2a: Iron Moth|50/100|[from] Spikes
|-damage|p2a: Iron Moth|25/100|[from] Stealth Rock
|turn|17
|
|t:|1779888539
|switch|p1a: Ting-Lu|Ting-Lu|55/100
|-activate|p1a: Ting-Lu|move: Sticky Web
|-unboost|p1a: Ting-Lu|spe|1
|-ability|p1a: Ting-Lu|Vessel of Ruin
|move|p2a: Iron Moth|Fiery Dance|p1a: Ting-Lu
|-damage|p1a: Ting-Lu|37/100
|
|-heal|p1a: Ting-Lu|44/100|[from] item: Leftovers
|upkeep
|turn|18
|
|t:|1779888543
|move|p2a: Iron Moth|Fiery Dance|p1a: Ting-Lu
|-damage|p1a: Ting-Lu|28/100
|-boost|p2a: Iron Moth|spa|1
|move|p1a: Ting-Lu|Earthquake|p2a: Iron Moth
|-supereffective|p2a: Iron Moth
|-damage|p2a: Iron Moth|0 fnt
|faint|p2a: Iron Moth
|-end|p2a: Iron Moth|Quark Drive|[silent]
|
|-heal|p1a: Ting-Lu|34/100|[from] item: Leftovers
|upkeep
|
|t:|1779888547
|switch|p2a: Serperior|Serperior, M|76/100
|-damage|p2a: Serperior|51/100|[from] Spikes
|-damage|p2a: Serperior|38/100|[from] Stealth Rock
|turn|19
|
|t:|1779888557
|move|p2a: Serperior|Reflect|p2a: Serperior
|-sidestart|p2: OUZQ Crocodile|Reflect
|move|p1a: Ting-Lu|Whirlwind|p2a: Serperior
|drag|p2a: Gholdengo|Gholdengo|100/100
|-damage|p2a: Gholdengo|94/100|[from] Stealth Rock
|-item|p2a: Gholdengo|Air Balloon
|
|-heal|p1a: Ting-Lu|40/100|[from] item: Leftovers
|upkeep
|turn|20
|
|t:|1779888562
|move|p2a: Gholdengo|Nasty Plot|p2a: Gholdengo
|-boost|p2a: Gholdengo|spa|2
|move|p1a: Ting-Lu|Ruination|p2a: Gholdengo
|-damage|p2a: Gholdengo|47/100
|-enditem|p2a: Gholdengo|Air Balloon
|
|-heal|p1a: Ting-Lu|46/100|[from] item: Leftovers
|upkeep
|turn|21
|
|t:|1779888565
|move|p2a: Gholdengo|Make It Rain|p1a: Ting-Lu
|-damage|p1a: Ting-Lu|4/100
|-unboost|p2a: Gholdengo|spa|1
|move|p1a: Ting-Lu|Earthquake|p2a: Gholdengo
|-supereffective|p2a: Gholdengo
|-damage|p2a: Gholdengo|11/100
|
|-heal|p1a: Ting-Lu|11/100|[from] item: Leftovers
|upkeep
|turn|22
|
|t:|1779888570
|move|p2a: Gholdengo|Make It Rain|p1a: Ting-Lu
|-damage|p1a: Ting-Lu|0 fnt
|-unboost|p2a: Gholdengo|spa|1
|faint|p1a: Ting-Lu
|
|upkeep
|
|t:|1779888575
|switch|p1a: Darkrai|Darkrai|100/100
|turn|23
|c|☆CFMathMaster|Gg
|-message|OUZQ Crocodile forfeited.
|
|win|CFMathMaster
|raw|CFMathMaster's rating: 1503 &rarr; <strong>1525</strong><br />(+22 for winning)
|raw|OUZQ Crocodile's rating: 1532 &rarr; <strong>1510</strong><br />(-22 for losing)
|l|☆OUZQ Crocodile
|player|p2|
|l|☆CFMathMaster
|player|p1|
