|j|☆Bleca99
|j|☆gymplacek123
|t:|1779963366
|gametype|singles
|player|p1|Bleca99|lady|1077
|player|p2|gymplacek123|giovanni|1055
|gen|9
|tier|[Gen 9] OU
|rated|
|rule|HP Percentage Mod: HP is shown in percentages
|rule|Endless Battle Clause: Forcing endless battles is banned
|rule|Species Clause: Limit one of each Pokémon
|rule|OHKO Clause: OHKO moves are banned
|rule|Evasion Items Clause: Evasion items are banned
|rule|Evasion Moves Clause: Evasion moves are banned
|rule|Evasion Abilities Clause: Evasion abilities are banned
|rule|Sleep Moves Clause: Sleep-inducing moves are banned
|clearpoke
|poke|p1|Alomomola, M|
|poke|p1|Scizor, F|
|poke|p1|Cinderace, M|
|poke|p1|Ting-Lu|
|poke|p1|Zamazenta-*|
|poke|p1|Pecharunt|
|poke|p2|Arbok, F|
|poke|p2|Gengar, F|
|poke|p2|Snorlax, M|
|poke|p2|Blaziken, F|
|poke|p2|Dragonite, F|
|poke|p2|Weezing, M|
|teampreview
|
|t:|1779963373
|teamsize|p1|6
|teamsize|p2|6
|start
|switch|p1a: Cinderace|Cinderace, M|100/100
|switch|p2a: Weezing|Weezing, M|100/100
|turn|1
|inactive|Battle timer is ON: inactive players will automatically lose when time's up. (requested by Bleca99)
|
|t:|1779963379
|move|p1a: Cinderace|Will-O-Wisp|p2a: Weezing
|-status|p2a: Weezing|brn
|move|p2a: Weezing|Toxic|p1a: Cinderace
|-status|p1a: Cinderace|tox
|
|-damage|p1a: Cinderace|94/100 tox|[from] psn
|-damage|p2a: Weezing|95/100 brn|[from] brn
|upkeep
|turn|2
|
|t:|1779963389
|move|p1a: Cinderace|Pyro Ball|p2a: Weezing
|-damage|p2a: Weezing|55/100 brn
|move|p2a: Weezing|Toxic Spikes|p1a: Cinderace
|-sidestart|p1: Bleca99|move: Toxic Spikes
|
|-heal|p2a: Weezing|61/100 brn|[from] item: Leftovers
|-damage|p1a: Cinderace|82/100 tox|[from] psn
|-damage|p2a: Weezing|55/100 brn|[from] brn
|upkeep
|turn|3
|
|t:|1779963400
|move|p2a: Weezing|Protect|p2a: Weezing
|-singleturn|p2a: Weezing|Protect
|move|p1a: Cinderace|Pyro Ball|p2a: Weezing
|-activate|p2a: Weezing|move: Protect
|
|-heal|p2a: Weezing|61/100 brn|[from] item: Leftovers
|-damage|p1a: Cinderace|64/100 tox|[from] psn
|-damage|p2a: Weezing|55/100 brn|[from] brn
|upkeep
|turn|4
|
|t:|1779963410
|move|p1a: Cinderace|U-turn|p2a: Weezing
|-resisted|p2a: Weezing
|-damage|p2a: Weezing|46/100 brn
|
|t:|1779963413
|switch|p1a: Alomomola|Alomomola, M|100/100|[from] U-turn
|-status|p1a: Alomomola|psn
|move|p2a: Weezing|Clear Smog|p1a: Alomomola
|-damage|p1a: Alomomola|91/100 psn
|-clearboost|p1a: Alomomola
|
|-heal|p2a: Weezing|52/100 brn|[from] item: Leftovers
|-damage|p1a: Alomomola|79/100 psn|[from] psn
|-damage|p2a: Weezing|46/100 brn|[from] brn
|upkeep
|turn|5
|
|t:|1779963428
|switch|p2a: Dragonite|Dragonite, F|100/100
|move|p1a: Alomomola|Scald|p2a: Dragonite
|-resisted|p2a: Dragonite
|-damage|p2a: Dragonite|94/100
|
|-damage|p1a: Alomomola|67/100 psn|[from] psn
|upkeep
|turn|6
|-message|Bleca99 forfeited.
|
|win|gymplacek123
|raw|Bleca99's rating: 1077 &rarr; <strong>1054</strong><br />(-23 for losing)
|raw|gymplacek123's rating: 1055 &rarr; <strong>1089</strong><br />(+34 for winning)
|l|☆Bleca99
|player|p1|
|l|☆gymplacek123
|player|p2|
