|j|☆allstartalon
|j|☆ceco7
|t:|1779928229
|gametype|singles
|player|p1|allstartalon|pokemonranger-gen4|1163
|player|p2|ceco7|102|1191
|gen|9
|tier|[Gen 9] OU
|rated|
|rule|HP Percentage Mod: HP is shown in percentages
|rule|Endless Battle Clause: Forcing endless battles is banned
|rule|Species Clause: Limit one of each Pokémon
|rule|OHKO Clause: OHKO moves are banned
|rule|Evasion Items Clause: Evasion items are banned
|rule|Evasion Moves Clause: Evasion moves are banned
|rule|Evasion Abilities Clause: Evasion abilities are banned
|rule|Sleep Moves Clause: Sleep-inducing moves are banned
|clearpoke
|poke|p1|Flapple, M|
|poke|p1|Breloom, F|
|poke|p1|Sceptile, F|
|poke|p1|Rillaboom, M|
|poke|p1|Decidueye, M|
|poke|p1|Meowscarada, F|
|poke|p2|Dragapult, M|
|poke|p2|Iron Crown|
|poke|p2|Great Tusk|
|poke|p2|Garganacl, F|
|poke|p2|Dragonite, M|
|poke|p2|Hoopa-Unbound|
|teampreview
|inactive|Battle timer is ON: inactive players will automatically lose when time's up. (requested by allstartalon)
|
|t:|1779928243
|teamsize|p1|6
|teamsize|p2|6
|start
|switch|p1a: Rillaboom|Rillaboom, M, shiny|100/100
|switch|p2a: Great Crusk|Great Tusk|100/100
|-fieldstart|move: Grassy Terrain|[from] ability: Grassy Surge|[of] p1a: Rillaboom
|turn|1
|
|t:|1779928258
|move|p2a: Great Crusk|Ice Spinner|p1a: Rillaboom
|-supereffective|p1a: Rillaboom
|-damage|p1a: Rillaboom|50/100
|-fieldend|move: Grassy Terrain
|move|p1a: Rillaboom|Knock Off|p2a: Great Crusk
|-resisted|p2a: Great Crusk
|-damage|p2a: Great Crusk|90/100
|-damage|p1a: Rillaboom|34/100|[from] item: Rocky Helmet|[of] p2a: Great Crusk
|-enditem|p2a: Great Crusk|Rocky Helmet|[from] move: Knock Off|[of] p1a: Rillaboom
|
|upkeep
|turn|2
|
|t:|1779928270
|switch|p1a: Decidueye|Decidueye, M, shiny|100/100
|move|p2a: Great Crusk|Ice Spinner|p1a: Decidueye
|-supereffective|p1a: Decidueye
|-crit|p1a: Decidueye
|-damage|p1a: Decidueye|0 fnt
|faint|p1a: Decidueye
|
|upkeep
|
|t:|1779928272
|switch|p1a: Rillaboom|Rillaboom, M, shiny|34/100
|-fieldstart|move: Grassy Terrain|[from] ability: Grassy Surge|[of] p1a: Rillaboom
|turn|3
|
|t:|1779928283
|move|p1a: Rillaboom|Grassy Glide|p2a: Great Crusk
|-supereffective|p2a: Great Crusk
|-damage|p2a: Great Crusk|36/100
|move|p2a: Great Crusk|Ice Spinner|p1a: Rillaboom
|-supereffective|p1a: Rillaboom
|-damage|p1a: Rillaboom|0 fnt
|-fieldend|move: Grassy Terrain
|faint|p1a: Rillaboom
|
|upkeep
|
|t:|1779928287
|switch|p1a: Sceptile|Sceptile, F, shiny|100/100
|turn|4
|
|t:|1779928289
|-terastallize|p2a: Great Crusk|Poison
|move|p2a: Great Crusk|Ice Spinner|p1a: Sceptile
|-supereffective|p1a: Sceptile
|-damage|p1a: Sceptile|24/100
|move|p1a: Sceptile|Roar|p2a: Great Crusk
|-enditem|p1a: Sceptile|Throat Spray
|-boost|p1a: Sceptile|spa|1|[from] item: Throat Spray
|-end|p2a: Great Crusk|Protosynthesis|[silent]
|drag|p2a: Iron Cescrown|Iron Crown|100/100
|
|upkeep
|turn|5
|
|t:|1779928299
|move|p1a: Sceptile|Focus Blast|p2a: Iron Cescrown|[miss]
|-miss|p1a: Sceptile|p2a: Iron Cescrown
|move|p2a: Iron Cescrown|Tachyon Cutter|p1a: Sceptile
|-damage|p1a: Sceptile|0 fnt
|faint|p1a: Sceptile
|-hitcount|p1: Sceptile|1
|
|upkeep
|
|t:|1779928305
|switch|p1a: Meowscarada|Meowscarada, F, shiny|100/100
|turn|6
|
|t:|1779928308
|move|p1a: Meowscarada|Knock Off|p2a: Iron Cescrown
|-start|p1a: Meowscarada|typechange|Dark|[from] ability: Protean
|-supereffective|p2a: Iron Cescrown
|-damage|p2a: Iron Cescrown|0 fnt
|-enditem|p2a: Iron Cescrown|Choice Specs|[from] move: Knock Off|[of] p1a: Meowscarada
|faint|p2a: Iron Cescrown
|-end|p2a: Iron Cescrown|Quark Drive|[silent]
|
|upkeep
|
|t:|1779928311
|switch|p2a: Great Crusk|Great Tusk, tera:Poison|36/100
|turn|7
|
|t:|1779928318
|move|p1a: Meowscarada|Knock Off|p2a: Great Crusk
|-crit|p2a: Great Crusk
|-damage|p2a: Great Crusk|0 fnt
|faint|p2a: Great Crusk
|-end|p2a: Great Crusk|Protosynthesis|[silent]
|
|upkeep
|
|t:|1779928324
|switch|p2a: Ceesco-Unbound|Hoopa-Unbound|100/100
|turn|8
|
|t:|1779928328
|move|p1a: Meowscarada|Knock Off|p2a: Ceesco-Unbound
|-damage|p2a: Ceesco-Unbound|0 fnt
|-enditem|p2a: Ceesco-Unbound|Assault Vest|[from] move: Knock Off|[of] p1a: Meowscarada
|faint|p2a: Ceesco-Unbound
|
|upkeep
|
|t:|1779928334
|switch|p2a: Cescoite|Dragonite, M|100/100
|turn|9
|
|t:|1779928337
|move|p1a: Meowscarada|Knock Off|p2a: Cescoite
|-damage|p2a: Cescoite|66/100
|-enditem|p2a: Cescoite|Choice Band|[from] move: Knock Off|[of] p1a: Meowscarada
|move|p2a: Cescoite|Outrage|p1a: Meowscarada
|-damage|p1a: Meowscarada|0 fnt
|faint|p1a: Meowscarada
|
|upkeep
|
|t:|1779928340
|switch|p1a: Flapple|Flapple, M, shiny|100/100
|turn|10
|
|t:|1779928344
|-terastallize|p1a: Flapple|Dark
|move|p1a: Flapple|Sucker Punch|p2a: Cescoite
|-damage|p2a: Cescoite|0 fnt
|faint|p2a: Cescoite
|-damage|p1a: Flapple|91/100|[from] item: Life Orb
|
|upkeep
|
|t:|1779928350
|switch|p2a: Garganaclow|Garganacl, F|100/100
|turn|11
|
|t:|1779928355
|move|p1a: Flapple|Grav Apple|p2a: Garganaclow
|-supereffective|p2a: Garganaclow
|-damage|p2a: Garganaclow|0 fnt
|faint|p2a: Garganaclow
|-damage|p1a: Flapple|81/100|[from] item: Life Orb
|
|upkeep
|
|t:|1779928358
|switch|p2a: Dragasco|Dragapult, M|100/100
|turn|12
|
|t:|1779928361
|move|p1a: Flapple|Sucker Punch|p2a: Dragasco
|-supereffective|p2a: Dragasco
|-damage|p2a: Dragasco|0 fnt
|faint|p2a: Dragasco
|-damage|p1a: Flapple|71/100|[from] item: Life Orb
|
|win|allstartalon
|raw|allstartalon's rating: 1163 &rarr; <strong>1190</strong><br />(+27 for winning)
|raw|ceco7's rating: 1191 &rarr; <strong>1164</strong><br />(-27 for losing)
|l|☆allstartalon
|player|p1|
|l|☆ceco7
|player|p2|
