|j|☆barr0s
|j|☆JFTM
|t:|1779917029
|gametype|singles
|player|p1|barr0s|169|1098
|player|p2|JFTM|265|1063
|gen|9
|tier|[Gen 9] OU
|rated|
|rule|HP Percentage Mod: HP is shown in percentages
|rule|Endless Battle Clause: Forcing endless battles is banned
|rule|Species Clause: Limit one of each Pokémon
|rule|OHKO Clause: OHKO moves are banned
|rule|Evasion Items Clause: Evasion items are banned
|rule|Evasion Moves Clause: Evasion moves are banned
|rule|Evasion Abilities Clause: Evasion abilities are banned
|rule|Sleep Moves Clause: Sleep-inducing moves are banned
|clearpoke
|poke|p1|Dondozo, F|
|poke|p1|Hatterene, F|
|poke|p1|Kingambit, F|
|poke|p1|Torkoal, F|
|poke|p1|Bronzong|
|poke|p1|Incineroar, F|
|poke|p2|Glimmora, F|
|poke|p2|Clawitzer, F|
|poke|p2|Ceruledge, M|
|poke|p2|Weavile, F|
|poke|p2|Alcremie-Mint-Cream, F|
|poke|p2|Corviknight, F|
|teampreview
|j| BaiAnt
|
|t:|1779917039
|teamsize|p1|6
|teamsize|p2|6
|start
|switch|p1a: Hatterene|Hatterene, F|100/100
|switch|p2a: Glimmora|Glimmora, F|100/100
|turn|1
|
|t:|1779917049
|move|p2a: Glimmora|Mortal Spin|p1a: Hatterene
|-supereffective|p1a: Hatterene
|-damage|p1a: Hatterene|86/100
|-status|p1a: Hatterene|psn
|move|p1a: Hatterene|Trick Room|p1a: Hatterene
|-fieldstart|move: Trick Room|[of] p1a: Hatterene
|
|-heal|p1a: Hatterene|92/100 psn|[from] item: Leftovers
|-damage|p1a: Hatterene|79/100 psn|[from] psn
|upkeep
|turn|2
|
|t:|1779917065
|switch|p1a: Torkoal|Torkoal, F|100/100
|-weather|SunnyDay|[from] ability: Drought|[of] p1a: Torkoal
|move|p2a: Glimmora|Stealth Rock|p1a: Torkoal
|-sidestart|p1: barr0s|move: Stealth Rock
|
|-weather|SunnyDay|[upkeep]
|upkeep
|turn|3
|
|t:|1779917085
|move|p1a: Torkoal|Earthquake|p2a: Glimmora
|-supereffective|p2a: Glimmora
|-damage|p2a: Glimmora|0 fnt
|-activate|p2a: Glimmora|ability: Toxic Debris
|-sidestart|p1: barr0s|move: Toxic Spikes
|faint|p2a: Glimmora
|
|-weather|SunnyDay|[upkeep]
|upkeep
|
|t:|1779917096
|switch|p2a: Corviknight|Corviknight, F|100/100
|turn|4
|
|t:|1779917107
|switch|p1a: Incineroar|Incineroar, F|100/100
|-damage|p1a: Incineroar|76/100|[from] Stealth Rock
|-status|p1a: Incineroar|psn
|-ability|p1a: Incineroar|Intimidate|boost
|-ability|p2a: Corviknight|Mirror Armor
|-unboost|p1a: Incineroar|atk|1
|move|p2a: Corviknight|Air Slash|p1a: Incineroar
|-damage|p1a: Incineroar|61/100 psn
|
|-weather|SunnyDay|[upkeep]
|-heal|p1a: Incineroar|67/100 psn|[from] item: Leftovers
|-damage|p1a: Incineroar|55/100 psn|[from] psn
|upkeep
|turn|5
|
|t:|1779917124
|move|p2a: Corviknight|Protect|p2a: Corviknight
|-singleturn|p2a: Corviknight|Protect
|move|p1a: Incineroar|Flare Blitz|p2a: Corviknight
|-activate|p2a: Corviknight|move: Protect
|
|-weather|SunnyDay|[upkeep]
|-heal|p1a: Incineroar|61/100 psn|[from] item: Leftovers
|-damage|p1a: Incineroar|48/100 psn|[from] psn
|-fieldend|move: Trick Room
|upkeep
|turn|6
|
|t:|1779917140
|switch|p2a: Clawitzer|Clawitzer, F, shiny|100/100
|move|p1a: Incineroar|Flare Blitz|p2a: Clawitzer
|-resisted|p2a: Clawitzer
|-damage|p2a: Clawitzer|69/100
|-damage|p1a: Incineroar|40/100 psn|[from] Recoil
|
|-weather|none
|-heal|p1a: Incineroar|46/100 psn|[from] item: Leftovers
|-damage|p1a: Incineroar|34/100 psn|[from] psn
|upkeep
|turn|7
|
|t:|1779917165
|move|p1a: Incineroar|Close Combat|p2a: Clawitzer
|-damage|p2a: Clawitzer|38/100
|-unboost|p1a: Incineroar|def|1
|-unboost|p1a: Incineroar|spd|1
|move|p2a: Clawitzer|Dragon Pulse|p1a: Incineroar
|-damage|p1a: Incineroar|0 fnt
|faint|p1a: Incineroar
|
|upkeep
|
|t:|1779917183
|switch|p1a: Hatterene|Hatterene, F|79/100 psn
|-damage|p1a: Hatterene|67/100 psn|[from] Stealth Rock
|turn|8
|
|t:|1779917200
|switch|p2a: Corviknight|Corviknight, F|100/100
|move|p1a: Hatterene|Trick Room|p1a: Hatterene
|-fieldstart|move: Trick Room|[of] p1a: Hatterene
|
|-heal|p1a: Hatterene|73/100 psn|[from] item: Leftovers
|-damage|p1a: Hatterene|61/100 psn|[from] psn
|upkeep
|turn|9
|
|t:|1779917209
|switch|p1a: Torkoal|Torkoal, F|100/100
|-damage|p1a: Torkoal|76/100|[from] Stealth Rock
|-status|p1a: Torkoal|psn
|-weather|SunnyDay|[from] ability: Drought|[of] p1a: Torkoal
|move|p2a: Corviknight|Air Slash|p1a: Torkoal
|-damage|p1a: Torkoal|50/100 psn
|
|-weather|SunnyDay|[upkeep]
|-damage|p1a: Torkoal|38/100 psn|[from] psn
|upkeep
|turn|10
|
|t:|1779917223
|move|p1a: Torkoal|Flare Blitz|p2a: Corviknight
|-supereffective|p2a: Corviknight
|-damage|p2a: Corviknight|0 fnt
|faint|p2a: Corviknight
|-damage|p1a: Torkoal|0 fnt|[from] Recoil
|faint|p1a: Torkoal
|
|-weather|SunnyDay|[upkeep]
|upkeep
|
|t:|1779917241
|switch|p1a: Hatterene|Hatterene, F|61/100 psn
|switch|p2a: Clawitzer|Clawitzer, F, shiny|38/100
|-damage|p1a: Hatterene|48/100 psn|[from] Stealth Rock
|turn|11
|
|t:|1779917247
|move|p2a: Clawitzer|Substitute|p2a: Clawitzer
|-start|p2a: Clawitzer|Substitute
|-damage|p2a: Clawitzer|13/100
|move|p1a: Hatterene|Trick Room|p1a: Hatterene
|-fieldend|move: Trick Room
|
|-weather|SunnyDay|[upkeep]
|-heal|p1a: Hatterene|54/100 psn|[from] item: Leftovers
|-damage|p1a: Hatterene|42/100 psn|[from] psn
|upkeep
|turn|12
|
|t:|1779917262
|switch|p2a: Alcremie|Alcremie-Mint-Cream, F, shiny|100/100
|move|p1a: Hatterene|Trick Room|p1a: Hatterene
|-fieldstart|move: Trick Room|[of] p1a: Hatterene
|
|-weather|SunnyDay|[upkeep]
|-heal|p1a: Hatterene|48/100 psn|[from] item: Leftovers
|-damage|p1a: Hatterene|36/100 psn|[from] psn
|upkeep
|turn|13
|
|t:|1779917273
|move|p1a: Hatterene|Draining Kiss|p2a: Alcremie
|-damage|p2a: Alcremie|78/100
|-heal|p1a: Hatterene|56/100 psn|[from] drain|[of] p2a: Alcremie
|move|p2a: Alcremie|Sweet Kiss|p1a: Hatterene
|move|p1a: Hatterene|Sweet Kiss|p2a: Alcremie|[from] ability: Magic Bounce
|-start|p2a: Alcremie|confusion
|
|-weather|none
|-heal|p1a: Hatterene|63/100 psn|[from] item: Leftovers
|-heal|p2a: Alcremie|84/100|[from] item: Leftovers
|-damage|p1a: Hatterene|50/100 psn|[from] psn
|upkeep
|turn|14
|
|t:|1779917288
|move|p1a: Hatterene|Calm Mind|p1a: Hatterene
|-boost|p1a: Hatterene|spa|1
|-boost|p1a: Hatterene|spd|1
|-activate|p2a: Alcremie|confusion
|move|p2a: Alcremie|Recover|p2a: Alcremie
|-heal|p2a: Alcremie|100/100
|
|-heal|p1a: Hatterene|56/100 psn|[from] item: Leftovers
|-damage|p1a: Hatterene|44/100 psn|[from] psn
|upkeep
|turn|15
|
|t:|1779917299
|switch|p2a: Clawitzer|Clawitzer, F, shiny|13/100
|move|p1a: Hatterene|Draining Kiss|p2a: Clawitzer
|-crit|p2a: Clawitzer
|-damage|p2a: Clawitzer|0 fnt
|-heal|p1a: Hatterene|55/100 psn|[from] drain|[of] p2a: Clawitzer
|faint|p2a: Clawitzer
|
|-heal|p1a: Hatterene|61/100 psn|[from] item: Leftovers
|-damage|p1a: Hatterene|49/100 psn|[from] psn
|upkeep
|
|t:|1779917306
|switch|p2a: Weavile|Weavile, F|100/100
|-ability|p2a: Weavile|Pressure
|turn|16
|
|t:|1779917313
|move|p2a: Weavile|Fake Out|p1a: Hatterene
|-damage|p1a: Hatterene|33/100 psn
|cant|p1a: Hatterene|flinch
|
|-heal|p1a: Hatterene|40/100 psn|[from] item: Leftovers
|-damage|p1a: Hatterene|27/100 psn|[from] psn
|-fieldend|move: Trick Room
|upkeep
|turn|17
|
|t:|1779917339
|move|p2a: Weavile|Knock Off|p1a: Hatterene
|-damage|p1a: Hatterene|0 fnt
|-enditem|p1a: Hatterene|Leftovers|[from] move: Knock Off|[of] p2a: Weavile
|faint|p1a: Hatterene
|
|upkeep
|
|t:|1779917348
|switch|p1a: Bronzong|Bronzong|100/100
|-damage|p1a: Bronzong|94/100|[from] Stealth Rock
|turn|18
|
|t:|1779917358
|-terastallize|p1a: Bronzong|Steel
|move|p2a: Weavile|Knock Off|p1a: Bronzong
|-damage|p1a: Bronzong|55/100
|-enditem|p1a: Bronzong|Leftovers|[from] move: Knock Off|[of] p2a: Weavile
|move|p1a: Bronzong|Trick Room|p1a: Bronzong
|-fieldstart|move: Trick Room|[of] p1a: Bronzong
|
|upkeep
|turn|19
|
|t:|1779917375
|move|p2a: Weavile|Protect|p2a: Weavile
|-singleturn|p2a: Weavile|Protect
|move|p1a: Bronzong|Iron Defense|p1a: Bronzong
|-boost|p1a: Bronzong|def|2
|
|upkeep
|turn|20
|
|t:|1779917381
|move|p1a: Bronzong|Body Press|p2a: Weavile
|-supereffective|p2a: Weavile
|-damage|p2a: Weavile|0 fnt
|faint|p2a: Weavile
|
|upkeep
|
|t:|1779917385
|switch|p2a: Alcremie|Alcremie-Mint-Cream, F, shiny|100/100
|turn|21
|
|t:|1779917393
|move|p1a: Bronzong|Heavy Slam|p2a: Alcremie
|-supereffective|p2a: Alcremie
|-damage|p2a: Alcremie|0 fnt
|faint|p2a: Alcremie
|
|upkeep
|
|t:|1779917401
|switch|p2a: Ceruledge|Ceruledge, M|100/100
|turn|22
|
|t:|1779917413
|move|p1a: Bronzong|Iron Defense|p1a: Bronzong
|-boost|p1a: Bronzong|def|2
|move|p2a: Ceruledge|Close Combat|p1a: Bronzong
|-supereffective|p1a: Bronzong
|-damage|p1a: Bronzong|29/100
|-unboost|p2a: Ceruledge|def|1
|-unboost|p2a: Ceruledge|spd|1
|
|-fieldend|move: Trick Room
|upkeep
|turn|23
|-activate|p2a: Ceruledge|item: Quick Claw
|
|t:|1779917422
|move|p2a: Ceruledge|Close Combat|p1a: Bronzong
|-supereffective|p1a: Bronzong
|-damage|p1a: Bronzong|6/100
|-unboost|p2a: Ceruledge|def|1
|-unboost|p2a: Ceruledge|spd|1
|move|p1a: Bronzong|Trick Room|p1a: Bronzong
|-fieldstart|move: Trick Room|[of] p1a: Bronzong
|
|upkeep
|turn|24
|-activate|p2a: Ceruledge|item: Quick Claw
|
|t:|1779917431
|move|p2a: Ceruledge|Curse|p1a: Bronzong
|-start|p1a: Bronzong|Curse|[of] p2a: Ceruledge
|-damage|p2a: Ceruledge|51/100
|move|p1a: Bronzong|Heavy Slam|p2a: Ceruledge
|-resisted|p2a: Ceruledge
|-damage|p2a: Ceruledge|8/100
|-ability|p2a: Ceruledge|Weak Armor|boost
|-unboost|p2a: Ceruledge|def|1
|-boost|p2a: Ceruledge|spe|2
|
|-damage|p1a: Bronzong|0 fnt|[from] Curse
|faint|p1a: Bronzong
|upkeep
|
|t:|1779917443
|switch|p1a: Kingambit|Kingambit, F|100/100
|-damage|p1a: Kingambit|94/100|[from] Stealth Rock
|-activate|p1a: Kingambit|ability: Supreme Overlord
|-start|p1a: Kingambit|fallen4|[silent]
|-item|p1a: Kingambit|Air Balloon
|turn|25
|
|t:|1779917450
|move|p1a: Kingambit|Sucker Punch|p2a: Ceruledge
|-supereffective|p2a: Ceruledge
|-damage|p2a: Ceruledge|0 fnt
|faint|p2a: Ceruledge
|
|win|barr0s
|raw|barr0s's rating: 1098 &rarr; <strong>1121</strong><br />(+23 for winning)
|raw|JFTM's rating: 1063 &rarr; <strong>1046</strong><br />(-17 for losing)
|l| BaiAnt
|l|☆JFTM
|player|p2|
|c|☆barr0s|gg
|l|☆barr0s
|player|p1|
