|j|☆toto2002
|j|☆claudechamp
|t:|1779811060
|gametype|singles
|player|p1|toto2002|rosa|1192
|player|p2|claudechamp|265|1229
|gen|9
|tier|[Gen 9] OU
|rated|
|rule|HP Percentage Mod: HP is shown in percentages
|rule|Endless Battle Clause: Forcing endless battles is banned
|rule|Species Clause: Limit one of each Pokémon
|rule|OHKO Clause: OHKO moves are banned
|rule|Evasion Items Clause: Evasion items are banned
|rule|Evasion Moves Clause: Evasion moves are banned
|rule|Evasion Abilities Clause: Evasion abilities are banned
|rule|Sleep Moves Clause: Sleep-inducing moves are banned
|clearpoke
|poke|p1|Samurott-Hisui, M|
|poke|p1|Landorus-Therian, M|
|poke|p1|Iron Treads|
|poke|p1|Ogerpon, F|
|poke|p1|Tornadus-Therian, M|
|poke|p1|Dragapult, F|
|poke|p2|Corviknight, M|
|poke|p2|Ting-Lu|
|poke|p2|Kyurem|
|poke|p2|Dondozo, F|
|poke|p2|Slowking-Galar, F|
|poke|p2|Cinderace, F|
|teampreview
|c|☆claudechamp|hf
|inactive|Battle timer is ON: inactive players will automatically lose when time's up. (requested by claudechamp)
|inactive|toto2002 has 120 seconds left.
|
|t:|1779811103
|teamsize|p1|6
|teamsize|p2|6
|start
|switch|p1a: Samurott|Samurott-Hisui, M|100/100
|switch|p2a: Cinderace|Cinderace, F|100/100
|turn|1
|
|t:|1779811111
|switch|p2a: Corviknight|Corviknight, M|100/100
|-ability|p2a: Corviknight|Pressure
|move|p1a: Samurott|Aqua Cutter|p2a: Corviknight
|-damage|p2a: Corviknight|73/100
|
|upkeep
|turn|2
|
|t:|1779811120
|switch|p1a: Landorus|Landorus-Therian, M|100/100
|-ability|p1a: Landorus|Intimidate|boost
|-unboost|p2a: Corviknight|atk|1
|switch|p2a: Kyurem|Kyurem|100/100
|-ability|p2a: Kyurem|Pressure
|
|upkeep
|turn|3
|
|t:|1779811125
|switch|p1a: Samurott|Samurott-Hisui, M|100/100
|move|p2a: Kyurem|Freeze-Dry|p1a: Samurott
|-supereffective|p1a: Samurott
|-damage|p1a: Samurott|0 fnt
|faint|p1a: Samurott
|
|upkeep
|
|t:|1779811128
|switch|p1a: Iron Treads|Iron Treads|100/100
|turn|4
|
|t:|1779811135
|move|p2a: Kyurem|Freeze-Dry|p1a: Iron Treads
|-damage|p1a: Iron Treads|57/100
|move|p1a: Iron Treads|Knock Off|p2a: Kyurem
|-damage|p2a: Kyurem|75/100
|-enditem|p2a: Kyurem|Leftovers|[from] move: Knock Off|[of] p1a: Iron Treads
|
|upkeep
|turn|5
|
|t:|1779811146
|move|p2a: Kyurem|Freeze-Dry|p1a: Iron Treads
|-damage|p1a: Iron Treads|10/100
|move|p1a: Iron Treads|Earthquake|p2a: Kyurem
|-damage|p2a: Kyurem|28/100
|
|upkeep
|turn|6
|
|t:|1779811156
|switch|p2a: Corviknight|Corviknight, M|73/100
|-ability|p2a: Corviknight|Pressure
|-end|p1a: Iron Treads|Quark Drive|[silent]
|switch|p1a: Tornadus|Tornadus-Therian, M|100/100
|
|upkeep
|turn|7
|
|t:|1779811163
|move|p1a: Tornadus|Heat Wave|p2a: Corviknight
|-supereffective|p2a: Corviknight
|-damage|p2a: Corviknight|10/100
|move|p2a: Corviknight|Brave Bird|p1a: Tornadus
|-damage|p1a: Tornadus|59/100
|-damage|p2a: Corviknight|0 fnt|[from] Recoil
|faint|p2a: Corviknight
|
|upkeep
|
|t:|1779811175
|switch|p2a: Slowking|Slowking-Galar, F|100/100
|turn|8
|
|t:|1779811185
|move|p1a: Tornadus|Knock Off|p2a: Slowking
|-supereffective|p2a: Slowking
|-damage|p2a: Slowking|72/100
|-enditem|p2a: Slowking|Shuca Berry|[from] move: Knock Off|[of] p1a: Tornadus
|move|p2a: Slowking|Ice Beam|p1a: Tornadus
|-supereffective|p1a: Tornadus
|-damage|p1a: Tornadus|26/100
|
|upkeep
|turn|9
|
|t:|1779811194
|move|p1a: Tornadus|U-turn|p2a: Slowking
|-damage|p2a: Slowking|61/100
|
|t:|1779811197
|switch|p1a: Iron Treads|Iron Treads|10/100|[from] U-turn
|move|p2a: Slowking|Ice Beam|p1a: Iron Treads
|-damage|p1a: Iron Treads|0 fnt
|faint|p1a: Iron Treads
|-end|p1a: Iron Treads|Quark Drive|[silent]
|
|upkeep
|
|t:|1779811200
|switch|p1a: Dragapult|Dragapult, F|100/100
|turn|10
|
|t:|1779811210
|move|p1a: Dragapult|Will-O-Wisp|p2a: Slowking|[miss]
|-miss|p1a: Dragapult|p2a: Slowking
|move|p2a: Slowking|Ice Beam|p1a: Dragapult
|-supereffective|p1a: Dragapult
|-damage|p1a: Dragapult|37/100
|
|upkeep
|turn|11
|-message|toto2002 forfeited.
|
|win|claudechamp
|raw|toto2002's rating: 1192 &rarr; <strong>1170</strong><br />(-22 for losing)
|raw|claudechamp's rating: 1229 &rarr; <strong>1251</strong><br />(+22 for winning)
|l|☆toto2002
|player|p1|
|c|☆claudechamp|gg
