|j|☆diddlediddle
|j|☆akamint
|t:|1779906925
|gametype|singles
|player|p1|diddlediddle|swimmerf|1289
|player|p2|akamint|alder|1309
|gen|9
|tier|[Gen 9] OU
|rated|
|rule|HP Percentage Mod: HP is shown in percentages
|rule|Endless Battle Clause: Forcing endless battles is banned
|rule|Species Clause: Limit one of each Pokémon
|rule|OHKO Clause: OHKO moves are banned
|rule|Evasion Items Clause: Evasion items are banned
|rule|Evasion Moves Clause: Evasion moves are banned
|rule|Evasion Abilities Clause: Evasion abilities are banned
|rule|Sleep Moves Clause: Sleep-inducing moves are banned
|clearpoke
|poke|p1|Cacturne, F|
|poke|p1|Sandy Shocks|
|poke|p1|Jirachi|
|poke|p1|Zoroark-Hisui, M|
|poke|p1|Heatran, F|
|poke|p1|Maushold-Four|
|poke|p2|Zoroark-Hisui, M|
|poke|p2|Zamazenta-*|
|poke|p2|Kyurem|
|poke|p2|Kingambit, M|
|poke|p2|Moltres|
|poke|p2|Great Tusk|
|teampreview
|inactive|Battle timer is ON: inactive players will automatically lose when time's up. (requested by diddlediddle)
|c|☆diddlediddle|Good taste in ghost/normal types
|inactive|akamint has 120 seconds left.
|inactive|akamint has 90 seconds left.
|
|t:|1779907006
|teamsize|p1|6
|teamsize|p2|6
|start
|switch|p1a: Cacturne|Cacturne, F|100/100
|switch|p2a: Kingambit|Kingambit, M|100/100
|turn|1
|
|t:|1779907017
|move|p2a: Kingambit|Sucker Punch|p1a: Cacturne
|-resisted|p1a: Cacturne
|-damage|p1a: Cacturne|65/100
|move|p1a: Cacturne|Counter|p2a: Kingambit
|-damage|p2a: Kingambit|51/100
|
|-heal|p2a: Kingambit|58/100|[from] item: Leftovers
|upkeep
|turn|2
|
|t:|1779907038
|-end|p2a: Kingambit|fallenundefined|[silent]
|switch|p2a: Zamazenta|Zamazenta|100/100
|-ability|p2a: Zamazenta|Dauntless Shield|boost
|-boost|p2a: Zamazenta|def|1
|move|p1a: Cacturne|Seed Bomb|p2a: Zamazenta
|-damage|p2a: Zamazenta|76/100
|
|upkeep
|turn|3
|c|☆akamint|U2
|
|t:|1779907056
|-terastallize|p1a: Cacturne|Ghost
|move|p2a: Zamazenta|Crunch|p1a: Cacturne
|-supereffective|p1a: Cacturne
|-damage|p1a: Cacturne|0 fnt
|faint|p1a: Cacturne
|
|upkeep
|
|t:|1779907070
|switch|p1a: Heatran|Heatran, F|100/100
|turn|4
|
|t:|1779907077
|move|p1a: Heatran|Will-O-Wisp|p2a: Zamazenta|[miss]
|-miss|p1a: Heatran|p2a: Zamazenta
|move|p2a: Zamazenta|Crunch|p1a: Heatran
|-damage|p1a: Heatran|76/100
|
|upkeep
|turn|5
|
|t:|1779907087
|switch|p1a: Maushold|Maushold-Four|100/100
|switch|p2a: Moltres|Moltres, shiny|100/100
|
|upkeep
|turn|6
|
|t:|1779907099
|switch|p1a: Heatran|Heatran, F|76/100
|switch|p2a: Great Tusk|Great Tusk, shiny|100/100
|
|upkeep
|turn|7
|
|t:|1779907114
|move|p1a: Heatran|Will-O-Wisp|p2a: Great Tusk|[miss]
|-miss|p1a: Heatran|p2a: Great Tusk
|move|p2a: Great Tusk|Shadow Ball|p1a: Heatran
|-damage|p1a: Heatran|17/100
|-unboost|p1a: Heatran|spd|1
|
|upkeep
|turn|8
|c|☆diddlediddle|:(
|
|t:|1779907128
|switch|p1a: Maushold|Maushold-Four|100/100
|move|p2a: Great Tusk|Shadow Ball|p1a: Maushold
|-immune|p1a: Maushold
|
|upkeep
|turn|9
|
|t:|1779907135
|switch|p2a: Moltres|Moltres, shiny|100/100
|move|p1a: Maushold|Tidy Up|p1a: Maushold
|-boost|p1a: Maushold|atk|1
|-boost|p1a: Maushold|spe|1
|
|upkeep
|turn|10
|
|t:|1779907142
|switch|p2a: Great Tusk|Great Tusk, shiny|100/100
|move|p1a: Maushold|Population Bomb|p2a: Great Tusk
|-immune|p2a: Great Tusk
|
|upkeep
|turn|11
|
|t:|1779907149
|move|p1a: Maushold|Bite|p2a: Great Tusk
|-supereffective|p2a: Great Tusk
|-damage|p2a: Great Tusk|0 fnt
|replace|p2a: Zoroark|Zoroark-Hisui, M, shiny
|-end|p2a: Zoroark|Illusion
|faint|p2a: Zoroark
|
|upkeep
|
|t:|1779907152
|switch|p2a: Zamazenta|Zamazenta|76/100
|turn|12
|
|t:|1779907160
|move|p1a: Maushold|Population Bomb|p2a: Zamazenta
|-damage|p2a: Zamazenta|61/100
|-damage|p2a: Zamazenta|47/100
|-damage|p2a: Zamazenta|31/100
|-damage|p2a: Zamazenta|16/100
|-damage|p2a: Zamazenta|0 fnt
|faint|p2a: Zamazenta
|-hitcount|p2: Zamazenta|5
|
|upkeep
|
|t:|1779907166
|switch|p2a: Kingambit|Kingambit, M|58/100
|-activate|p2a: Kingambit|ability: Supreme Overlord
|-start|p2a: Kingambit|fallen2|[silent]
|turn|13
|
|t:|1779907171
|move|p2a: Kingambit|Sucker Punch||[still]
|-fail|p2a: Kingambit
|move|p1a: Maushold|Tidy Up|p1a: Maushold
|-boost|p1a: Maushold|atk|1
|-boost|p1a: Maushold|spe|1
|
|-heal|p2a: Kingambit|64/100|[from] item: Leftovers
|upkeep
|turn|14
|
|t:|1779907174
|move|p2a: Kingambit|Sucker Punch||[still]
|-fail|p2a: Kingambit
|move|p1a: Maushold|Encore|p2a: Kingambit
|-start|p2a: Kingambit|Encore
|
|-heal|p2a: Kingambit|70/100|[from] item: Leftovers
|upkeep
|turn|15
|
|t:|1779907182
|move|p2a: Kingambit|Sucker Punch||[still]
|-fail|p2a: Kingambit
|move|p1a: Maushold|Tidy Up|p1a: Maushold
|-boost|p1a: Maushold|atk|1
|-boost|p1a: Maushold|spe|1
|
|-heal|p2a: Kingambit|76/100|[from] item: Leftovers
|upkeep
|turn|16
|
|t:|1779907190
|move|p2a: Kingambit|Sucker Punch||[still]
|-fail|p2a: Kingambit
|move|p1a: Maushold|Tidy Up|p1a: Maushold
|-boost|p1a: Maushold|atk|1
|-boost|p1a: Maushold|spe|1
|
|-heal|p2a: Kingambit|82/100|[from] item: Leftovers
|upkeep
|turn|17
|
|t:|1779907200
|-end|p2a: Kingambit|fallen2|[silent]
|switch|p2a: Moltres|Moltres, shiny|100/100
|move|p1a: Maushold|Tidy Up|p1a: Maushold
|-boost|p1a: Maushold|atk|1
|-boost|p1a: Maushold|spe|1
|
|upkeep
|turn|18
|
|t:|1779907211
|move|p1a: Maushold|Population Bomb|p2a: Moltres
|-damage|p2a: Moltres|76/100
|-crit|p2a: Moltres
|-damage|p2a: Moltres|40/100
|-damage|p2a: Moltres|16/100
|-status|p1a: Maushold|brn|[from] ability: Flame Body|[of] p2a: Moltres
|-damage|p2a: Moltres|4/100
|-damage|p2a: Moltres|0 fnt
|faint|p2a: Moltres
|-hitcount|p2: Moltres|5
|
|-damage|p1a: Maushold|94/100 brn|[from] brn
|upkeep
|
|t:|1779907215
|switch|p2a: Kingambit|Kingambit, M|82/100
|-activate|p2a: Kingambit|ability: Supreme Overlord
|-start|p2a: Kingambit|fallen3|[silent]
|turn|19
|
|t:|1779907231
|move|p1a: Maushold|Population Bomb|p2a: Kingambit
|-resisted|p2a: Kingambit
|-damage|p2a: Kingambit|75/100
|-resisted|p2a: Kingambit
|-damage|p2a: Kingambit|69/100
|-resisted|p2a: Kingambit
|-damage|p2a: Kingambit|62/100
|-resisted|p2a: Kingambit
|-damage|p2a: Kingambit|56/100
|-resisted|p2a: Kingambit
|-damage|p2a: Kingambit|50/100
|-resisted|p2a: Kingambit
|-damage|p2a: Kingambit|43/100
|-resisted|p2a: Kingambit
|-damage|p2a: Kingambit|35/100
|-resisted|p2a: Kingambit
|-damage|p2a: Kingambit|28/100
|-resisted|p2a: Kingambit
|-damage|p2a: Kingambit|21/100
|-resisted|p2a: Kingambit
|-damage|p2a: Kingambit|15/100
|-hitcount|p2a: Kingambit|10
|move|p2a: Kingambit|Kowtow Cleave|p1a: Maushold
|-crit|p1a: Maushold
|-damage|p1a: Maushold|0 fnt
|faint|p1a: Maushold
|
|-heal|p2a: Kingambit|21/100|[from] item: Leftovers
|upkeep
|
|t:|1779907239
|switch|p1a: Heatran|Heatran, F|17/100
|turn|20
|
|t:|1779907246
|move|p2a: Kingambit|Sucker Punch||[still]
|-fail|p2a: Kingambit
|move|p1a: Heatran|Will-O-Wisp|p2a: Kingambit
|-status|p2a: Kingambit|brn
|
|-heal|p2a: Kingambit|27/100 brn|[from] item: Leftovers
|-damage|p2a: Kingambit|21/100 brn|[from] brn
|upkeep
|turn|21
|
|t:|1779907260
|switch|p1a: Sandy Shocks|Sandy Shocks|100/100
|-enditem|p1a: Sandy Shocks|Booster Energy
|-activate|p1a: Sandy Shocks|ability: Protosynthesis|[fromitem]
|-start|p1a: Sandy Shocks|protosynthesisspe
|move|p2a: Kingambit|Kowtow Cleave|p1a: Sandy Shocks
|-damage|p1a: Sandy Shocks|67/100
|
|-heal|p2a: Kingambit|27/100 brn|[from] item: Leftovers
|-damage|p2a: Kingambit|21/100 brn|[from] brn
|upkeep
|turn|22
|
|t:|1779907273
|move|p1a: Sandy Shocks|Earth Power|p2a: Kingambit
|-supereffective|p2a: Kingambit
|-damage|p2a: Kingambit|0 fnt
|faint|p2a: Kingambit
|-end|p2a: Kingambit|fallen3|[silent]
|
|upkeep
|
|t:|1779907278
|switch|p2a: Kyurem|Kyurem|100/100
|-ability|p2a: Kyurem|Pressure
|turn|23
|
|t:|1779907286
|move|p1a: Sandy Shocks|Flash Cannon|p2a: Kyurem
|-supereffective|p2a: Kyurem
|-damage|p2a: Kyurem|62/100
|move|p2a: Kyurem|Freeze-Dry|p1a: Sandy Shocks
|-supereffective|p1a: Sandy Shocks
|-damage|p1a: Sandy Shocks|0 fnt
|faint|p1a: Sandy Shocks
|-end|p1a: Sandy Shocks|Protosynthesis|[silent]
|
|-heal|p2a: Kyurem|68/100|[from] item: Leftovers
|upkeep
|
|t:|1779907296
|switch|p1a: Live by the flinch|Jirachi|100/100
|turn|24
|
|t:|1779907308
|move|p1a: Live by the flinch|Iron Head|p2a: Kyurem
|-supereffective|p2a: Kyurem
|-damage|p2a: Kyurem|15/100
|cant|p2a: Kyurem|flinch
|
|-heal|p2a: Kyurem|21/100|[from] item: Leftovers
|upkeep
|turn|25
|
|t:|1779907317
|move|p1a: Live by the flinch|Iron Head|p2a: Kyurem
|-supereffective|p2a: Kyurem
|-damage|p2a: Kyurem|0 fnt
|faint|p2a: Kyurem
|
|upkeep
|
|t:|1779907318
|switch|p2a: Great Tusk|Great Tusk, shiny|100/100
|turn|26
|
|t:|1779907327
|move|p1a: Live by the flinch|Iron Head|p2a: Great Tusk
|-damage|p2a: Great Tusk|82/100
|cant|p2a: Great Tusk|flinch
|
|upkeep
|turn|27
|
|t:|1779907334
|move|p1a: Live by the flinch|Iron Head|p2a: Great Tusk
|-damage|p2a: Great Tusk|63/100
|move|p2a: Great Tusk|Rapid Spin|p1a: Live by the flinch
|-resisted|p1a: Live by the flinch
|-damage|p1a: Live by the flinch|93/100
|-boost|p2a: Great Tusk|spe|1
|
|upkeep
|turn|28
|
|t:|1779907342
|move|p1a: Live by the flinch|Iron Head|p2a: Great Tusk
|-damage|p2a: Great Tusk|42/100
|move|p2a: Great Tusk|Headlong Rush|p1a: Live by the flinch
|-supereffective|p1a: Live by the flinch
|-damage|p1a: Live by the flinch|0 fnt
|-unboost|p2a: Great Tusk|def|1
|-unboost|p2a: Great Tusk|spd|1
|faint|p1a: Live by the flinch
|
|upkeep
|
|t:|1779907345
|switch|p1a: Heatran|Heatran, F|100/100
|turn|29
|
|t:|1779907349
|move|p2a: Great Tusk|Headlong Rush|p1a: Heatran
|-damage|p1a: Heatran|0 fnt
|-unboost|p2a: Great Tusk|def|1
|-unboost|p2a: Great Tusk|spd|1
|replace|p1a: Zoroark|Zoroark-Hisui, M
|-end|p1a: Zoroark|Illusion
|faint|p1a: Zoroark
|
|upkeep
|c|☆diddlediddle|GGwp
|
|t:|1779907357
|switch|p1a: Heatran|Heatran, F|17/100
|turn|30
|c|☆akamint|gg
|
|t:|1779907362
|move|p1a: Heatran|Flamethrower|p2a: Great Tusk
|-damage|p2a: Great Tusk|0 fnt
|faint|p2a: Great Tusk
|-end|p2a: Great Tusk|Protosynthesis|[silent]
|
|win|diddlediddle
|raw|diddlediddle's rating: 1289 &rarr; <strong>1315</strong><br />(+26 for winning)
|raw|akamint's rating: 1309 &rarr; <strong>1288</strong><br />(-21 for losing)
|l|☆akamint
|player|p2|
|l|☆diddlediddle
|player|p1|
