|j|☆guetunggukapanpun
|j|☆thebacchusbraviary
|t:|1779860548
|gametype|singles
|player|p1|guetunggukapanpun|101|1306
|player|p2|thebacchusbraviary|winona|1264
|gen|9
|tier|[Gen 9] OU
|rated|
|rule|HP Percentage Mod: HP is shown in percentages
|rule|Endless Battle Clause: Forcing endless battles is banned
|rule|Species Clause: Limit one of each Pokémon
|rule|OHKO Clause: OHKO moves are banned
|rule|Evasion Items Clause: Evasion items are banned
|rule|Evasion Moves Clause: Evasion moves are banned
|rule|Evasion Abilities Clause: Evasion abilities are banned
|rule|Sleep Moves Clause: Sleep-inducing moves are banned
|clearpoke
|poke|p1|Weavile, F|
|poke|p1|Walking Wake|
|poke|p1|Iron Valiant|
|poke|p1|Zapdos|
|poke|p1|Great Tusk|
|poke|p1|Iron Moth|
|poke|p2|Talonflame, F|
|poke|p2|Tyranitar, M|
|poke|p2|Sandy Shocks|
|poke|p2|Goodra-Hisui, M|
|poke|p2|Tauros-Paldea-Aqua, M|
|poke|p2|Sinistcha|
|teampreview
|inactive|Battle timer is ON: inactive players will automatically lose when time's up. (requested by thebacchusbraviary)
|
|t:|1779860567
|teamsize|p1|6
|teamsize|p2|6
|start
|switch|p1a: Great Tusk|Great Tusk|100/100
|switch|p2a: Sandy Shocks|Sandy Shocks|100/100
|turn|1
|
|t:|1779860575
|move|p2a: Sandy Shocks|Earth Power|p1a: Great Tusk
|-damage|p1a: Great Tusk|9/100
|-damage|p2a: Sandy Shocks|91/100|[from] item: Life Orb
|move|p1a: Great Tusk|Earthquake|p2a: Sandy Shocks
|-supereffective|p2a: Sandy Shocks
|-damage|p2a: Sandy Shocks|0 fnt
|faint|p2a: Sandy Shocks
|-end|p2a: Sandy Shocks|Protosynthesis|[silent]
|
|upkeep
|
|t:|1779860584
|switch|p2a: Tauros|Tauros-Paldea-Aqua, M|100/100
|-ability|p2a: Tauros|Intimidate|boost
|-unboost|p1a: Great Tusk|atk|1
|turn|2
|
|t:|1779860592
|-end|p1a: Great Tusk|Protosynthesis|[silent]
|switch|p1a: Zapdos|Zapdos|100/100
|move|p2a: Tauros|Raging Bull|p1a: Zapdos
|-damage|p1a: Zapdos|59/100
|
|upkeep
|turn|3
|
|t:|1779860607
|switch|p2a: Goodra|Goodra-Hisui, M|100/100
|move|p1a: Zapdos|U-turn|p2a: Goodra
|-resisted|p2a: Goodra
|-damage|p2a: Goodra|95/100
|-ability|p2a: Goodra|Gooey
|-unboost|p1a: Zapdos|spe|1
|
|t:|1779860620
|switch|p1a: Great Tusk|Great Tusk|9/100|[from] U-turn
|
|-heal|p2a: Goodra|100/100|[from] item: Leftovers
|upkeep
|turn|4
|
|t:|1779860628
|switch|p2a: Talonflame|Talonflame, F|100/100
|move|p1a: Great Tusk|Earthquake|p2a: Talonflame
|-immune|p2a: Talonflame
|
|upkeep
|turn|5
|
|t:|1779860635
|-end|p1a: Great Tusk|Protosynthesis|[silent]
|switch|p1a: Zapdos|Zapdos|59/100
|move|p2a: Talonflame|Flare Blitz|p1a: Zapdos
|-damage|p1a: Zapdos|26/100
|-damage|p2a: Talonflame|86/100|[from] Recoil
|
|upkeep
|turn|6
|
|t:|1779860643
|move|p2a: Talonflame|Flare Blitz|p1a: Zapdos
|-damage|p1a: Zapdos|0 fnt
|faint|p1a: Zapdos
|-damage|p2a: Talonflame|76/100|[from] Recoil
|
|upkeep
|
|t:|1779860670
|switch|p1a: Walking Wake|Walking Wake|100/100
|turn|7
|
|t:|1779860676
|-end|p1a: Walking Wake|Protosynthesis|[silent]
|switch|p1a: Great Tusk|Great Tusk|9/100
|move|p2a: Talonflame|U-turn|p1a: Great Tusk
|-resisted|p1a: Great Tusk
|-damage|p1a: Great Tusk|2/100
|
|t:|1779860679
|switch|p2a: Tauros|Tauros-Paldea-Aqua, M|100/100|[from] U-turn
|-ability|p2a: Tauros|Intimidate|boost
|-unboost|p1a: Great Tusk|atk|1
|
|upkeep
|turn|8
|
|t:|1779860694
|move|p2a: Tauros|Close Combat|p1a: Great Tusk
|-crit|p1a: Great Tusk
|-damage|p1a: Great Tusk|0 fnt
|-unboost|p2a: Tauros|def|1
|-unboost|p2a: Tauros|spd|1
|faint|p1a: Great Tusk
|-end|p1a: Great Tusk|Protosynthesis|[silent]
|
|upkeep
|
|t:|1779860708
|switch|p1a: Iron Valiant|Iron Valiant|100/100
|-enditem|p1a: Iron Valiant|Booster Energy
|-activate|p1a: Iron Valiant|ability: Quark Drive|[fromitem]
|-start|p1a: Iron Valiant|quarkdrivespe
|turn|9
|
|t:|1779860719
|switch|p2a: Talonflame|Talonflame, F|76/100
|move|p1a: Iron Valiant|Moonblast|p2a: Talonflame
|-resisted|p2a: Talonflame
|-damage|p2a: Talonflame|41/100
|
|upkeep
|turn|10
|
|t:|1779860731
|-terastallize|p1a: Iron Valiant|Steel
|move|p1a: Iron Valiant|Moonblast|p2a: Talonflame
|-resisted|p2a: Talonflame
|-damage|p2a: Talonflame|4/100
|move|p2a: Talonflame|Brave Bird|p1a: Iron Valiant
|-resisted|p1a: Iron Valiant
|-crit|p1a: Iron Valiant
|-damage|p1a: Iron Valiant|57/100
|-damage|p2a: Talonflame|0 fnt|[from] Recoil
|faint|p2a: Talonflame
|
|upkeep
|
|t:|1779860741
|switch|p2a: Sinistcha|Sinistcha|100/100
|turn|11
|
|t:|1779860745
|move|p1a: Iron Valiant|Moonblast|p2a: Sinistcha
|-damage|p2a: Sinistcha|48/100
|move|p2a: Sinistcha|Shadow Ball|p1a: Iron Valiant
|-damage|p1a: Iron Valiant|0 fnt
|faint|p1a: Iron Valiant
|-end|p1a: Iron Valiant|Quark Drive|[silent]
|
|upkeep
|
|t:|1779860755
|switch|p1a: Weavile|Weavile, F|100/100
|-ability|p1a: Weavile|Pressure
|turn|12
|
|t:|1779860760
|-terastallize|p2a: Sinistcha|Water
|move|p1a: Weavile|Knock Off|p2a: Sinistcha
|-damage|p2a: Sinistcha|0 fnt
|-enditem|p2a: Sinistcha|Colbur Berry|[from] move: Knock Off|[of] p1a: Weavile
|faint|p2a: Sinistcha
|
|upkeep
|
|t:|1779860770
|switch|p2a: Tauros|Tauros-Paldea-Aqua, M|100/100
|-ability|p2a: Tauros|Intimidate|boost
|-unboost|p1a: Weavile|atk|1
|turn|13
|
|t:|1779860779
|switch|p1a: Walking Wake|Walking Wake|100/100
|move|p2a: Tauros|Close Combat|p1a: Walking Wake
|-damage|p1a: Walking Wake|10/100
|-unboost|p2a: Tauros|def|1
|-unboost|p2a: Tauros|spd|1
|
|upkeep
|turn|14
|
|t:|1779860787
|switch|p2a: Tyranitar|Tyranitar, M|100/100
|-weather|Sandstorm|[from] ability: Sand Stream|[of] p2a: Tyranitar
|move|p1a: Walking Wake|Dragon Pulse|p2a: Tyranitar
|-damage|p2a: Tyranitar|83/100
|
|-weather|Sandstorm|[upkeep]
|-damage|p1a: Walking Wake|4/100|[from] Sandstorm
|upkeep
|turn|15
|
|t:|1779860798
|switch|p2a: Goodra|Goodra-Hisui, M|100/100
|move|p1a: Walking Wake|Dragon Pulse|p2a: Goodra
|-damage|p2a: Goodra|70/100
|
|-weather|Sandstorm|[upkeep]
|-damage|p1a: Walking Wake|0 fnt|[from] Sandstorm
|faint|p1a: Walking Wake
|-end|p1a: Walking Wake|Protosynthesis|[silent]
|-heal|p2a: Goodra|76/100|[from] item: Leftovers
|upkeep
|
|t:|1779860815
|switch|p1a: Weavile|Weavile, F|100/100
|-ability|p1a: Weavile|Pressure
|turn|16
|
|t:|1779860820
|move|p1a: Weavile|Low Kick|p2a: Goodra
|-supereffective|p2a: Goodra
|-damage|p2a: Goodra|0 fnt
|-ability|p2a: Goodra|Gooey
|-unboost|p1a: Weavile|spe|1
|faint|p2a: Goodra
|
|-weather|Sandstorm|[upkeep]
|-damage|p1a: Weavile|94/100|[from] Sandstorm
|upkeep
|
|t:|1779860823
|switch|p2a: Tauros|Tauros-Paldea-Aqua, M|100/100
|-ability|p2a: Tauros|Intimidate|boost
|-unboost|p1a: Weavile|atk|1
|turn|17
|
|t:|1779860840
|move|p2a: Tauros|Raging Bull|p1a: Weavile
|-damage|p1a: Weavile|0 fnt
|faint|p1a: Weavile
|
|-weather|Sandstorm|[upkeep]
|-damage|p2a: Tauros|94/100|[from] Sandstorm
|upkeep
|
|t:|1779860847
|switch|p1a: Iron Moth|Iron Moth|100/100
|-enditem|p1a: Iron Moth|Booster Energy
|-activate|p1a: Iron Moth|ability: Quark Drive|[fromitem]
|-start|p1a: Iron Moth|quarkdrivespe
|turn|18
|
|t:|1779860855
|switch|p2a: Tyranitar|Tyranitar, M|83/100
|move|p1a: Iron Moth|Energy Ball|p2a: Tyranitar
|-supereffective|p2a: Tyranitar
|-damage|p2a: Tyranitar|60/100
|
|-weather|none
|upkeep
|turn|19
|
|t:|1779860869
|move|p1a: Iron Moth|Energy Ball|p2a: Tyranitar
|-supereffective|p2a: Tyranitar
|-damage|p2a: Tyranitar|27/100
|-unboost|p2a: Tyranitar|spd|1
|move|p2a: Tyranitar|Earthquake|p1a: Iron Moth
|-supereffective|p1a: Iron Moth
|-damage|p1a: Iron Moth|0 fnt
|faint|p1a: Iron Moth
|-end|p1a: Iron Moth|Quark Drive|[silent]
|
|win|thebacchusbraviary
|raw|guetunggukapanpun's rating: 1306 &rarr; <strong>1284</strong><br />(-22 for losing)
|raw|thebacchusbraviary's rating: 1264 &rarr; <strong>1292</strong><br />(+28 for winning)
|l|☆guetunggukapanpun
|player|p1|
|l|☆thebacchusbraviary
|player|p2|
