|j|☆PikachuRTM
|j|☆habixia
|t:|1779852118
|gametype|singles
|player|p1|PikachuRTM|ltsurge|1464
|player|p2|habixia|170|1477
|gen|9
|tier|[Gen 9] OU
|rated|
|rule|HP Percentage Mod: HP is shown in percentages
|rule|Endless Battle Clause: Forcing endless battles is banned
|rule|Species Clause: Limit one of each Pokémon
|rule|OHKO Clause: OHKO moves are banned
|rule|Evasion Items Clause: Evasion items are banned
|rule|Evasion Moves Clause: Evasion moves are banned
|rule|Evasion Abilities Clause: Evasion abilities are banned
|rule|Sleep Moves Clause: Sleep-inducing moves are banned
|clearpoke
|poke|p1|Pikachu, M|
|poke|p1|Dragapult, M|
|poke|p1|Deoxys-Speed|
|poke|p1|Great Tusk|
|poke|p1|Ogerpon, F|
|poke|p1|Darkrai|
|poke|p2|Pelipper, M|
|poke|p2|Ogerpon-Wellspring, F|
|poke|p2|Barraskewda, F|
|poke|p2|Revavroom, F|
|poke|p2|Iron Treads|
|poke|p2|Zapdos|
|teampreview
|inactive|Battle timer is ON: inactive players will automatically lose when time's up. (requested by PikachuRTM)
|
|t:|1779852143
|teamsize|p1|6
|teamsize|p2|6
|start
|switch|p1a: Bonk!|Ogerpon, F|100/100
|switch|p2a: Pelipper|Pelipper, M|100/100
|-weather|RainDance|[from] ability: Drizzle|[of] p2a: Pelipper
|turn|1
|inactive|habixia has 120 seconds left.
|
|t:|1779852190
|move|p1a: Bonk!|Knock Off|p2a: Pelipper
|-damage|p2a: Pelipper|77/100
|-enditem|p2a: Pelipper|Damp Rock|[from] move: Knock Off|[of] p1a: Bonk!
|move|p2a: Pelipper|U-turn|p1a: Bonk!
|-supereffective|p1a: Bonk!
|-damage|p1a: Bonk!|81/100
|
|t:|1779852193
|switch|p2a: Revavroom|Revavroom, F|100/100|[from] U-turn
|-item|p2a: Revavroom|Air Balloon
|
|-weather|RainDance|[upkeep]
|upkeep
|turn|2
|
|t:|1779852203
|move|p1a: Bonk!|U-turn|p2a: Revavroom
|-resisted|p2a: Revavroom
|-damage|p2a: Revavroom|94/100
|-enditem|p2a: Revavroom|Air Balloon
|
|t:|1779852206
|switch|p1a: Liftoff|Dragapult, M, shiny|100/100|[from] U-turn
|move|p2a: Revavroom|Shift Gear|p2a: Revavroom
|-boost|p2a: Revavroom|spe|2
|-boost|p2a: Revavroom|atk|1
|
|-weather|RainDance|[upkeep]
|upkeep
|turn|3
|
|t:|1779852215
|move|p2a: Revavroom|Iron Head|p1a: Liftoff
|-damage|p1a: Liftoff|12/100
|move|p1a: Liftoff|Will-O-Wisp|p2a: Revavroom
|-status|p2a: Revavroom|brn
|
|-weather|RainDance|[upkeep]
|-damage|p2a: Revavroom|88/100 brn|[from] brn
|upkeep
|turn|4
|
|t:|1779852220
|move|p2a: Revavroom|Shift Gear|p2a: Revavroom
|-boost|p2a: Revavroom|spe|2
|-boost|p2a: Revavroom|atk|1
|move|p1a: Liftoff|Hex|p2a: Revavroom
|-damage|p2a: Revavroom|2/100 brn
|
|-weather|RainDance|[upkeep]
|-damage|p2a: Revavroom|0 fnt|[from] brn
|faint|p2a: Revavroom
|upkeep
|
|t:|1779852223
|switch|p2a: Barraskewda|Barraskewda, F|100/100
|turn|5
|
|t:|1779852225
|move|p2a: Barraskewda|Liquidation|p1a: Liftoff
|-resisted|p1a: Liftoff
|-damage|p1a: Liftoff|0 fnt
|faint|p1a: Liftoff
|
|-weather|RainDance|[upkeep]
|upkeep
|
|t:|1779852230
|switch|p1a: Bonk!|Ogerpon, F|81/100
|turn|6
|
|t:|1779852240
|move|p2a: Barraskewda|Flip Turn|p1a: Bonk!
|-resisted|p1a: Bonk!
|-damage|p1a: Bonk!|40/100
|
|t:|1779852243
|switch|p2a: Iron Treads|Iron Treads|100/100|[from] Flip Turn
|move|p1a: Bonk!|Knock Off|p2a: Iron Treads
|-damage|p2a: Iron Treads|77/100
|-enditem|p2a: Iron Treads|Leftovers|[from] move: Knock Off|[of] p1a: Bonk!
|
|-weather|RainDance|[upkeep]
|upkeep
|turn|7
|
|t:|1779852254
|move|p1a: Bonk!|Ivy Cudgel|p2a: Iron Treads
|-damage|p2a: Iron Treads|42/100
|move|p2a: Iron Treads|Stealth Rock|p1a: Bonk!
|-sidestart|p1: PikachuRTM|move: Stealth Rock
|
|-weather|RainDance|[upkeep]
|upkeep
|turn|8
|
|t:|1779852258
|move|p1a: Bonk!|Encore|p2a: Iron Treads
|-start|p2a: Iron Treads|Encore
|move|p2a: Iron Treads|Stealth Rock||[still]
|-fail|p2a: Iron Treads
|
|-weather|none
|upkeep
|turn|9
|
|t:|1779852261
|-end|p2a: Iron Treads|Quark Drive|[silent]
|switch|p2a: Pelipper|Pelipper, M|77/100
|-weather|RainDance|[from] ability: Drizzle|[of] p2a: Pelipper
|move|p1a: Bonk!|Ivy Cudgel|p2a: Pelipper
|-damage|p2a: Pelipper|40/100
|
|-weather|RainDance|[upkeep]
|upkeep
|turn|10
|
|t:|1779852268
|move|p1a: Bonk!|Ivy Cudgel|p2a: Pelipper
|-damage|p2a: Pelipper|4/100
|move|p2a: Pelipper|U-turn|p1a: Bonk!
|-supereffective|p1a: Bonk!
|-damage|p1a: Bonk!|18/100
|
|t:|1779852271
|switch|p2a: Barraskewda|Barraskewda, F|100/100|[from] U-turn
|
|-weather|RainDance|[upkeep]
|upkeep
|turn|11
|
|t:|1779852273
|move|p2a: Barraskewda|Liquidation|p1a: Bonk!
|-resisted|p1a: Bonk!
|-damage|p1a: Bonk!|0 fnt
|faint|p1a: Bonk!
|
|-weather|RainDance|[upkeep]
|upkeep
|
|t:|1779852278
|switch|p1a: IShowSpeed|Deoxys-Speed|100/100
|-damage|p1a: IShowSpeed|88/100|[from] Stealth Rock
|-ability|p1a: IShowSpeed|Pressure
|turn|12
|
|t:|1779852280
|-terastallize|p2a: Barraskewda|Water
|move|p2a: Barraskewda|Liquidation|p1a: IShowSpeed
|-damage|p1a: IShowSpeed|0 fnt
|faint|p1a: IShowSpeed
|
|-weather|RainDance|[upkeep]
|upkeep
|-message|PikachuRTM forfeited.
|
|win|habixia
|raw|PikachuRTM's rating: 1464 &rarr; <strong>1445</strong><br />(-19 for losing)
|raw|habixia's rating: 1477 &rarr; <strong>1496</strong><br />(+19 for winning)
|l|☆PikachuRTM
|player|p1|
|l|☆habixia
|player|p2|
