|j|☆no ratings
|j|☆sterster
|t:|1779889570
|gametype|singles
|player|p1|no ratings|policeman-gen4|1453
|player|p2|sterster|266|1386
|gen|9
|tier|[Gen 9] OU
|rated|
|rule|HP Percentage Mod: HP is shown in percentages
|rule|Endless Battle Clause: Forcing endless battles is banned
|rule|Species Clause: Limit one of each Pokémon
|rule|OHKO Clause: OHKO moves are banned
|rule|Evasion Items Clause: Evasion items are banned
|rule|Evasion Moves Clause: Evasion moves are banned
|rule|Evasion Abilities Clause: Evasion abilities are banned
|rule|Sleep Moves Clause: Sleep-inducing moves are banned
|clearpoke
|poke|p1|Keldeo-Resolute|
|poke|p1|Reuniclus, M|
|poke|p1|Gliscor, M|
|poke|p1|Samurott-Hisui, M|
|poke|p1|Mandibuzz, F|
|poke|p1|Empoleon, F|
|poke|p2|Iron Valiant|
|poke|p2|Weavile, F|
|poke|p2|Dragapult, M|
|poke|p2|Moltres|
|poke|p2|Ogerpon-Wellspring, F|
|poke|p2|Great Tusk|
|teampreview
|inactive|Battle timer is ON: inactive players will automatically lose when time's up. (requested by no ratings)
|
|t:|1779889594
|teamsize|p1|6
|teamsize|p2|6
|start
|switch|p1a: Samurott|Samurott-Hisui, M|100/100
|switch|p2a: Ogerpon|Ogerpon-Wellspring, F|100/100
|turn|1
|
|t:|1779889599
|move|p2a: Ogerpon|U-turn|p1a: Samurott
|-supereffective|p1a: Samurott
|-damage|p1a: Samurott|36/100
|
|t:|1779889623
|switch|p2a: Great Tusk|Great Tusk|100/100|[from] U-turn
|move|p1a: Samurott|Ceaseless Edge|p2a: Great Tusk
|-resisted|p2a: Great Tusk
|-damage|p2a: Great Tusk|85/100
|-sidestart|p2: sterster|Spikes
|
|upkeep
|turn|2
|
|t:|1779889634
|switch|p1a: Reuniclus|Reuniclus, M, shiny|100/100
|move|p2a: Great Tusk|Rapid Spin|p1a: Reuniclus
|-damage|p1a: Reuniclus|84/100
|-boost|p2a: Great Tusk|spe|1
|-sideend|p2: sterster|Spikes|[from] move: Rapid Spin|[of] p2a: Great Tusk
|
|upkeep
|turn|3
|
|t:|1779889648
|-end|p2a: Great Tusk|Protosynthesis|[silent]
|switch|p2a: Moltres|Moltres|100/100
|move|p1a: Reuniclus|Focus Blast|p2a: Moltres
|-resisted|p2a: Moltres
|-damage|p2a: Moltres|70/100
|
|upkeep
|turn|4
|
|t:|1779889655
|move|p2a: Moltres|U-turn|p1a: Reuniclus
|-supereffective|p1a: Reuniclus
|-damage|p1a: Reuniclus|53/100
|
|t:|1779889659
|switch|p2a: Weavile|Weavile, F|100/100|[from] U-turn
|-ability|p2a: Weavile|Pressure
|move|p1a: Reuniclus|Knock Off|p2a: Weavile
|-resisted|p2a: Weavile
|-damage|p2a: Weavile|84/100
|-enditem|p2a: Weavile|Heavy-Duty Boots|[from] move: Knock Off|[of] p1a: Reuniclus
|
|upkeep
|turn|5
|
|t:|1779889664
|switch|p1a: Keldeo|Keldeo-Resolute|100/100
|move|p2a: Weavile|Knock Off|p1a: Keldeo
|-resisted|p1a: Keldeo
|-damage|p1a: Keldeo|73/100
|-ability|p1a: Keldeo|Justified|boost
|-boost|p1a: Keldeo|atk|1
|-enditem|p1a: Keldeo|Heavy-Duty Boots|[from] move: Knock Off|[of] p2a: Weavile
|
|upkeep
|turn|6
|
|t:|1779889675
|switch|p2a: Dragapult|Dragapult, M|100/100
|move|p1a: Keldeo|Flip Turn|p2a: Dragapult
|-resisted|p2a: Dragapult
|-damage|p2a: Dragapult|86/100
|
|t:|1779889679
|switch|p1a: Empoleon|Empoleon, F|100/100|[from] Flip Turn
|
|upkeep
|turn|7
|
|t:|1779889686
|move|p2a: Dragapult|Will-O-Wisp|p1a: Empoleon|[miss]
|-miss|p2a: Dragapult|p1a: Empoleon
|move|p1a: Empoleon|Ice Beam|p2a: Dragapult
|-supereffective|p2a: Dragapult
|-crit|p2a: Dragapult
|-damage|p2a: Dragapult|0 fnt
|faint|p2a: Dragapult
|
|upkeep
|
|t:|1779889700
|switch|p2a: Iron Valiant|Iron Valiant|100/100
|-enditem|p2a: Iron Valiant|Booster Energy
|-activate|p2a: Iron Valiant|ability: Quark Drive|[fromitem]
|-start|p2a: Iron Valiant|quarkdrivespe
|turn|8
|
|t:|1779889708
|switch|p1a: Gliscor|Gliscor, M|100/100
|move|p2a: Iron Valiant|Calm Mind|p2a: Iron Valiant
|-boost|p2a: Iron Valiant|spa|1
|-boost|p2a: Iron Valiant|spd|1
|
|-status|p1a: Gliscor|tox|[from] item: Toxic Orb
|upkeep
|turn|9
|
|t:|1779889713
|move|p2a: Iron Valiant|Calm Mind|p2a: Iron Valiant
|-boost|p2a: Iron Valiant|spa|1
|-boost|p2a: Iron Valiant|spd|1
|move|p1a: Gliscor|Facade|p2a: Iron Valiant
|-damage|p2a: Iron Valiant|60/100
|
|upkeep
|turn|10
|
|t:|1779889716
|move|p2a: Iron Valiant|Moonblast|p1a: Gliscor
|-damage|p1a: Gliscor|15/100 tox
|move|p1a: Gliscor|Facade|p2a: Iron Valiant
|-damage|p2a: Iron Valiant|20/100
|
|-heal|p1a: Gliscor|27/100 tox|[from] ability: Poison Heal
|upkeep
|turn|11
|
|t:|1779889722
|move|p1a: Gliscor|Protect|p1a: Gliscor
|-singleturn|p1a: Gliscor|Protect
|move|p2a: Iron Valiant|Moonblast|p1a: Gliscor
|-activate|p1a: Gliscor|move: Protect
|
|-heal|p1a: Gliscor|40/100 tox|[from] ability: Poison Heal
|upkeep
|turn|12
|
|t:|1779889732
|switch|p1a: Reuniclus|Reuniclus, M, shiny|53/100
|move|p2a: Iron Valiant|Moonblast|p1a: Reuniclus
|-damage|p1a: Reuniclus|0 fnt
|faint|p1a: Reuniclus
|
|upkeep
|
|t:|1779889747
|switch|p1a: Empoleon|Empoleon, F|100/100
|turn|13
|
|t:|1779889766
|-end|p2a: Iron Valiant|Quark Drive|[silent]
|switch|p2a: Ogerpon|Ogerpon-Wellspring, F|100/100
|move|p1a: Empoleon|Surf|p2a: Ogerpon
|-immune|p2a: Ogerpon|[from] ability: Water Absorb
|
|upkeep
|turn|14
|
|t:|1779889774
|move|p2a: Ogerpon|Knock Off|p1a: Empoleon
|-damage|p1a: Empoleon|60/100
|-enditem|p1a: Empoleon|Leftovers|[from] move: Knock Off|[of] p2a: Ogerpon
|move|p1a: Empoleon|Stealth Rock|p2a: Ogerpon
|-sidestart|p2: sterster|move: Stealth Rock
|
|upkeep
|turn|15
|
|t:|1779889783
|switch|p1a: Mandibuzz|Mandibuzz, F|100/100
|move|p2a: Ogerpon|Spikes|p1a: Mandibuzz
|-sidestart|p1: no ratings|Spikes
|
|upkeep
|turn|16
|
|t:|1779889800
|move|p2a: Ogerpon|U-turn|p1a: Mandibuzz
|-damage|p1a: Mandibuzz|85/100
|
|t:|1779889803
|switch|p2a: Weavile|Weavile, F|84/100|[from] U-turn
|-damage|p2a: Weavile|59/100|[from] Stealth Rock
|-ability|p2a: Weavile|Pressure
|move|p1a: Mandibuzz|Foul Play|p2a: Weavile
|-resisted|p2a: Weavile
|-damage|p2a: Weavile|19/100
|
|upkeep
|turn|17
|inactive|no ratings has 120 seconds left.
|
|t:|1779889838
|switch|p1a: Empoleon|Empoleon, F|60/100
|-damage|p1a: Empoleon|48/100|[from] Spikes
|move|p2a: Weavile|Triple Axel|p1a: Empoleon
|-resisted|p1a: Empoleon
|-damage|p1a: Empoleon|45/100
|-resisted|p1a: Empoleon
|-damage|p1a: Empoleon|40/100
|-resisted|p1a: Empoleon
|-damage|p1a: Empoleon|33/100
|-hitcount|p1a: Empoleon|3
|
|upkeep
|turn|18
|
|t:|1779889858
|switch|p2a: Ogerpon|Ogerpon-Wellspring, F|100/100
|-damage|p2a: Ogerpon|88/100|[from] Stealth Rock
|move|p1a: Empoleon|Roost|p1a: Empoleon
|-heal|p1a: Empoleon|83/100
|-singleturn|p1a: Empoleon|move: Roost
|
|upkeep
|turn|19
|
|t:|1779889864
|move|p2a: Ogerpon|Ivy Cudgel|p1a: Empoleon|[anim] Ivy Cudgel Water
|-resisted|p1a: Empoleon
|-crit|p1a: Empoleon
|-damage|p1a: Empoleon|39/100
|move|p1a: Empoleon|Ice Beam|p2a: Ogerpon
|-damage|p2a: Ogerpon|63/100
|-status|p2a: Ogerpon|frz
|
|upkeep
|turn|20
|
|t:|1779889874
|cant|p2a: Ogerpon|frz
|move|p1a: Empoleon|Roost|p1a: Empoleon
|-heal|p1a: Empoleon|89/100
|-singleturn|p1a: Empoleon|move: Roost
|
|upkeep
|turn|21
|
|t:|1779889879
|switch|p1a: Mandibuzz|Mandibuzz, F|85/100
|cant|p2a: Ogerpon|frz
|
|upkeep
|turn|22
|
|t:|1779889883
|cant|p2a: Ogerpon|frz
|move|p1a: Mandibuzz|Foul Play|p2a: Ogerpon
|-damage|p2a: Ogerpon|0 fnt
|faint|p2a: Ogerpon
|
|upkeep
|
|t:|1779889895
|switch|p2a: Iron Valiant|Iron Valiant|20/100
|-damage|p2a: Iron Valiant|14/100|[from] Stealth Rock
|turn|23
|
|t:|1779889902
|switch|p1a: Empoleon|Empoleon, F|89/100
|-damage|p1a: Empoleon|77/100|[from] Spikes
|move|p2a: Iron Valiant|Moonblast|p1a: Empoleon
|-resisted|p1a: Empoleon
|-damage|p1a: Empoleon|61/100
|-unboost|p1a: Empoleon|spa|1
|-ability|p1a: Empoleon|Competitive|boost
|-boost|p1a: Empoleon|spa|2
|
|upkeep
|turn|24
|
|t:|1779889908
|move|p2a: Iron Valiant|Shadow Ball|p1a: Empoleon
|-damage|p1a: Empoleon|44/100
|move|p1a: Empoleon|Roost|p1a: Empoleon
|-heal|p1a: Empoleon|94/100
|-singleturn|p1a: Empoleon|move: Roost
|
|upkeep
|turn|25
|
|t:|1779889912
|move|p2a: Iron Valiant|Encore|p1a: Empoleon
|-start|p1a: Empoleon|Encore
|move|p1a: Empoleon|Roost|p1a: Empoleon
|-heal|p1a: Empoleon|100/100
|-singleturn|p1a: Empoleon|move: Roost
|
|upkeep
|turn|26
|
|t:|1779889922
|switch|p1a: Gliscor|Gliscor, M|40/100 tox
|move|p2a: Iron Valiant|Calm Mind|p2a: Iron Valiant
|-boost|p2a: Iron Valiant|spa|1
|-boost|p2a: Iron Valiant|spd|1
|
|-heal|p1a: Gliscor|52/100 tox|[from] ability: Poison Heal
|upkeep
|turn|27
|
|t:|1779889930
|move|p1a: Gliscor|Protect|p1a: Gliscor
|-singleturn|p1a: Gliscor|Protect
|move|p2a: Iron Valiant|Moonblast|p1a: Gliscor
|-activate|p1a: Gliscor|move: Protect
|
|-heal|p1a: Gliscor|65/100 tox|[from] ability: Poison Heal
|upkeep
|turn|28
|
|t:|1779889934
|switch|p1a: Empoleon|Empoleon, F|100/100
|-damage|p1a: Empoleon|88/100|[from] Spikes
|move|p2a: Iron Valiant|Encore||[still]
|-fail|p2a: Iron Valiant
|
|upkeep
|turn|29
|
|t:|1779889939
|move|p2a: Iron Valiant|Shadow Ball|p1a: Empoleon
|-damage|p1a: Empoleon|64/100
|-unboost|p1a: Empoleon|spd|1
|-ability|p1a: Empoleon|Competitive|boost
|-boost|p1a: Empoleon|spa|2
|move|p1a: Empoleon|Surf|p2a: Iron Valiant
|-damage|p2a: Iron Valiant|0 fnt
|faint|p2a: Iron Valiant
|-end|p2a: Iron Valiant|Quark Drive|[silent]
|
|upkeep
|-message|sterster forfeited.
|
|win|no ratings
|raw|no ratings's rating: 1453 &rarr; <strong>1469</strong><br />(+16 for winning)
|raw|sterster's rating: 1386 &rarr; <strong>1370</strong><br />(-16 for losing)
|l|☆sterster
|player|p2|
|l|☆no ratings
|player|p1|
