|j|☆npctypebeat
|j|☆legendaryx8
|t:|1779928470
|gametype|singles
|player|p1|npctypebeat|102|1214
|player|p2|legendaryx8|preschooler|1231
|gen|9
|tier|[Gen 9] OU
|rated|
|rule|HP Percentage Mod: HP is shown in percentages
|rule|Endless Battle Clause: Forcing endless battles is banned
|rule|Species Clause: Limit one of each Pokémon
|rule|OHKO Clause: OHKO moves are banned
|rule|Evasion Items Clause: Evasion items are banned
|rule|Evasion Moves Clause: Evasion moves are banned
|rule|Evasion Abilities Clause: Evasion abilities are banned
|rule|Sleep Moves Clause: Sleep-inducing moves are banned
|clearpoke
|poke|p1|Gliscor, M|
|poke|p1|Gholdengo|
|poke|p1|Zamazenta-*|
|poke|p1|Blissey, F|
|poke|p1|Skarmory, M|
|poke|p1|Pecharunt|
|poke|p2|Iron Valiant|
|poke|p2|Ursaluna, M|
|poke|p2|Hatterene, F|
|poke|p2|Sinistcha-Masterpiece|
|poke|p2|Dragonite, M|
|poke|p2|Enamorus, F|
|teampreview
|c|☆npctypebeat|hf
|inactive|Battle timer is ON: inactive players will automatically lose when time's up. (requested by npctypebeat)
|
|t:|1779928482
|teamsize|p1|6
|teamsize|p2|6
|start
|switch|p1a: Skarmory|Skarmory, M|100/100
|switch|p2a: Sinistcha|Sinistcha-Masterpiece|100/100
|turn|1
|
|t:|1779928490
|move|p1a: Skarmory|Spikes|p2a: Sinistcha
|-sidestart|p2: legendaryx8|Spikes
|move|p2a: Sinistcha|Trick Room|p2a: Sinistcha
|-fieldstart|move: Trick Room|[of] p2a: Sinistcha
|
|upkeep
|turn|2
|
|t:|1779928507
|switch|p2a: Dragonite|Dragonite, M|100/100
|move|p1a: Skarmory|Spikes|p2a: Dragonite
|-sidestart|p2: legendaryx8|Spikes
|
|upkeep
|turn|3
|
|t:|1779928514
|move|p2a: Dragonite|Flamethrower|p1a: Skarmory
|-supereffective|p1a: Skarmory
|-damage|p1a: Skarmory|17/100
|move|p1a: Skarmory|Spikes|p2a: Dragonite
|-sidestart|p2: legendaryx8|Spikes
|
|upkeep
|turn|4
|
|t:|1779928521
|switch|p1a: Blissey|Blissey, F|100/100
|move|p2a: Dragonite|Flamethrower|p1a: Blissey
|-damage|p1a: Blissey|91/100
|
|upkeep
|turn|5
|
|t:|1779928537
|switch|p2a: Iron Valiant|Iron Valiant|100/100
|-damage|p2a: Iron Valiant|75/100|[from] Spikes
|-enditem|p2a: Iron Valiant|Booster Energy
|-activate|p2a: Iron Valiant|ability: Quark Drive|[fromitem]
|-start|p2a: Iron Valiant|quarkdrivespa
|move|p1a: Blissey|Stealth Rock|p2a: Iron Valiant
|-sidestart|p2: legendaryx8|move: Stealth Rock
|
|-fieldend|move: Trick Room
|upkeep
|turn|6
|
|t:|1779928550
|switch|p1a: Zamazenta|Zamazenta|100/100
|-ability|p1a: Zamazenta|Dauntless Shield|boost
|-boost|p1a: Zamazenta|def|1
|move|p2a: Iron Valiant|Trick Room|p2a: Iron Valiant
|-fieldstart|move: Trick Room|[of] p2a: Iron Valiant
|
|upkeep
|turn|7
|
|t:|1779928565
|move|p2a: Iron Valiant|Moonblast|p1a: Zamazenta
|-supereffective|p1a: Zamazenta
|-damage|p1a: Zamazenta|0 fnt
|faint|p1a: Zamazenta
|
|upkeep
|
|t:|1779928570
|switch|p1a: Pecharunt|Pecharunt|100/100
|turn|8
|
|t:|1779928575
|move|p2a: Iron Valiant|Shadow Ball|p1a: Pecharunt
|-supereffective|p1a: Pecharunt
|-damage|p1a: Pecharunt|28/100
|move|p1a: Pecharunt|Shadow Ball|p2a: Iron Valiant
|-damage|p2a: Iron Valiant|39/100
|
|upkeep
|turn|9
|
|t:|1779928583
|move|p2a: Iron Valiant|Shadow Ball|p1a: Pecharunt
|-supereffective|p1a: Pecharunt
|-crit|p1a: Pecharunt
|-damage|p1a: Pecharunt|0 fnt
|faint|p1a: Pecharunt
|
|upkeep
|c|☆legendaryx8|?
|
|t:|1779928594
|switch|p1a: Gliscor|Gliscor, M|100/100
|turn|10
|
|t:|1779928601
|move|p2a: Iron Valiant|Moonblast|p1a: Gliscor
|-damage|p1a: Gliscor|34/100
|-unboost|p1a: Gliscor|spa|1
|move|p1a: Gliscor|Earthquake|p2a: Iron Valiant
|-damage|p2a: Iron Valiant|1/100
|
|-fieldend|move: Trick Room
|-status|p1a: Gliscor|tox|[from] item: Toxic Orb
|upkeep
|turn|11
|
|t:|1779928613
|move|p1a: Gliscor|Earthquake|p2a: Iron Valiant
|-damage|p2a: Iron Valiant|0 fnt
|faint|p2a: Iron Valiant
|-end|p2a: Iron Valiant|Quark Drive|[silent]
|
|-heal|p1a: Gliscor|47/100 tox|[from] ability: Poison Heal
|upkeep
|
|t:|1779928620
|switch|p2a: Sinistcha|Sinistcha-Masterpiece|100/100
|-damage|p2a: Sinistcha|76/100|[from] Spikes
|-damage|p2a: Sinistcha|63/100|[from] Stealth Rock
|turn|12
|
|t:|1779928627
|move|p1a: Gliscor|Swords Dance|p1a: Gliscor
|-boost|p1a: Gliscor|atk|2
|move|p2a: Sinistcha|Trick Room|p2a: Sinistcha
|-fieldstart|move: Trick Room|[of] p2a: Sinistcha
|
|-heal|p2a: Sinistcha|69/100|[from] item: Leftovers
|-heal|p1a: Gliscor|59/100 tox|[from] ability: Poison Heal
|upkeep
|turn|13
|
|t:|1779928638
|move|p1a: Gliscor|Protect|p1a: Gliscor
|-singleturn|p1a: Gliscor|Protect
|move|p2a: Sinistcha|Strength Sap|p1a: Gliscor
|-activate|p1a: Gliscor|move: Protect
|
|-heal|p2a: Sinistcha|75/100|[from] item: Leftovers
|-heal|p1a: Gliscor|72/100 tox|[from] ability: Poison Heal
|upkeep
|turn|14
|
|t:|1779928648
|move|p2a: Sinistcha|Energy Ball|p1a: Gliscor
|-damage|p1a: Gliscor|24/100 tox
|move|p1a: Gliscor|Knock Off|p2a: Sinistcha
|-supereffective|p2a: Sinistcha
|-damage|p2a: Sinistcha|0 fnt
|-enditem|p2a: Sinistcha|Leftovers|[from] move: Knock Off|[of] p1a: Gliscor
|faint|p2a: Sinistcha
|
|-heal|p1a: Gliscor|37/100 tox|[from] ability: Poison Heal
|upkeep
|
|t:|1779928660
|switch|p2a: Ursaluna|Ursaluna, M|100/100
|-damage|p2a: Ursaluna|75/100|[from] Spikes
|-damage|p2a: Ursaluna|69/100|[from] Stealth Rock
|turn|15
|
|t:|1779928673
|move|p2a: Ursaluna|Protect|p2a: Ursaluna
|-singleturn|p2a: Ursaluna|Protect
|move|p1a: Gliscor|Knock Off|p2a: Ursaluna
|-activate|p2a: Ursaluna|move: Protect
|
|-heal|p1a: Gliscor|49/100 tox|[from] ability: Poison Heal
|-status|p2a: Ursaluna|brn|[from] item: Flame Orb
|upkeep
|turn|16
|
|t:|1779928685
|switch|p2a: Hatterene|Hatterene, F|100/100
|-damage|p2a: Hatterene|76/100|[from] Spikes
|-damage|p2a: Hatterene|63/100|[from] Stealth Rock
|move|p1a: Gliscor|Knock Off|p2a: Hatterene
|-damage|p2a: Hatterene|19/100
|-enditem|p2a: Hatterene|Focus Sash|[from] move: Knock Off|[of] p1a: Gliscor
|
|-heal|p1a: Gliscor|62/100 tox|[from] ability: Poison Heal
|-fieldend|move: Trick Room
|upkeep
|turn|17
|
|t:|1779928697
|move|p1a: Gliscor|Earthquake|p2a: Hatterene
|-damage|p2a: Hatterene|0 fnt
|faint|p2a: Hatterene
|
|-heal|p1a: Gliscor|74/100 tox|[from] ability: Poison Heal
|upkeep
|
|t:|1779928705
|switch|p2a: Dragonite|Dragonite, M|100/100
|-damage|p2a: Dragonite|76/100|[from] Stealth Rock
|turn|18
|
|t:|1779928717
|move|p1a: Gliscor|Protect|p1a: Gliscor
|-singleturn|p1a: Gliscor|Protect
|move|p2a: Dragonite|Ice Beam|p1a: Gliscor
|-activate|p1a: Gliscor|move: Protect
|
|-heal|p1a: Gliscor|87/100 tox|[from] ability: Poison Heal
|upkeep
|turn|19
|
|t:|1779928734
|switch|p1a: Blissey|Blissey, F|91/100
|move|p2a: Dragonite|Ice Beam|p1a: Blissey
|-damage|p1a: Blissey|82/100
|-status|p1a: Blissey|frz
|
|upkeep
|turn|20
|
|t:|1779928747
|switch|p2a: Ursaluna|Ursaluna, M|69/100 brn
|-damage|p2a: Ursaluna|44/100 brn|[from] Spikes
|-damage|p2a: Ursaluna|38/100 brn|[from] Stealth Rock
|cant|p1a: Blissey|frz
|
|-damage|p2a: Ursaluna|32/100 brn|[from] brn
|upkeep
|turn|21
|
|t:|1779928760
|-curestatus|p1a: Blissey|frz|[from] ability: Natural Cure|[silent]
|switch|p1a: Gliscor|Gliscor, M|87/100 tox
|move|p2a: Ursaluna|Crunch|p1a: Gliscor
|-damage|p1a: Gliscor|48/100 tox
|
|-heal|p1a: Gliscor|60/100 tox|[from] ability: Poison Heal
|-damage|p2a: Ursaluna|25/100 brn|[from] brn
|upkeep
|turn|22
|inactive|legendaryx8 has 120 seconds left.
|inactive|legendaryx8 has 90 seconds left.
|l|☆legendaryx8
|inactive|legendaryx8 disconnected and has a minute to reconnect!
|player|p2|
|inactive|legendaryx8 has 30 seconds to reconnect!
|inactive|legendaryx8 has 20 seconds to reconnect!
|inactive|legendaryx8 has 15 seconds to reconnect!
|inactive|legendaryx8 has 10 seconds to reconnect!
|inactive|legendaryx8 has 5 seconds to reconnect!
|-message|legendaryx8 lost due to inactivity.
|
|win|npctypebeat
|raw|npctypebeat's rating: 1214 &rarr; <strong>1240</strong><br />(+26 for winning)
|raw|legendaryx8's rating: 1231 &rarr; <strong>1205</strong><br />(-26 for losing)
|c|☆npctypebeat|gg
