|j|☆TrulyRogue_OG
|j|☆womb profusion
|t:|1779930123
|gametype|singles
|player|p1|TrulyRogue_OG|2|1069
|player|p2|womb profusion|raihan-masters|1042
|gen|9
|tier|[Gen 9] OU
|rated|
|rule|HP Percentage Mod: HP is shown in percentages
|rule|Endless Battle Clause: Forcing endless battles is banned
|rule|Species Clause: Limit one of each Pokémon
|rule|OHKO Clause: OHKO moves are banned
|rule|Evasion Items Clause: Evasion items are banned
|rule|Evasion Moves Clause: Evasion moves are banned
|rule|Evasion Abilities Clause: Evasion abilities are banned
|rule|Sleep Moves Clause: Sleep-inducing moves are banned
|clearpoke
|poke|p1|Ribombee, F|
|poke|p1|Gholdengo|
|poke|p1|Iron Treads|
|poke|p1|Iron Valiant|
|poke|p1|Rillaboom, M|
|poke|p1|Hawlucha, M|
|poke|p2|Hatterene, F|
|poke|p2|Cresselia, F|
|poke|p2|Hoopa-Unbound|
|poke|p2|Ursaluna, F|
|poke|p2|Iron Hands|
|poke|p2|Kingambit, M|
|teampreview
|inactive|Battle timer is ON: inactive players will automatically lose when time's up. (requested by womb profusion)
|
|t:|1779930144
|teamsize|p1|6
|teamsize|p2|6
|start
|switch|p1a: Rillaboom|Rillaboom, M|100/100
|switch|p2a: Healing Wish|Hatterene, F, shiny|100/100
|-fieldstart|move: Grassy Terrain|[from] ability: Grassy Surge|[of] p1a: Rillaboom
|turn|1
|
|t:|1779930151
|move|p1a: Rillaboom|U-turn|p2a: Healing Wish
|-damage|p2a: Healing Wish|59/100
|
|t:|1779930163
|switch|p1a: Hawlucha|Hawlucha, M|100/100|[from] U-turn
|-enditem|p1a: Hawlucha|Grassy Seed
|-boost|p1a: Hawlucha|def|1|[from] item: Grassy Seed
|move|p2a: Healing Wish|Trick Room|p2a: Healing Wish
|-fieldstart|move: Trick Room|[of] p2a: Healing Wish
|
|-heal|p2a: Healing Wish|65/100|[from] Grassy Terrain
|upkeep
|turn|2
|
|t:|1779930173
|-terastallize|p1a: Hawlucha|Steel
|move|p2a: Healing Wish|Psychic Noise|p1a: Hawlucha
|-resisted|p1a: Hawlucha
|-damage|p1a: Hawlucha|71/100
|-start|p1a: Hawlucha|move: Heal Block
|move|p1a: Hawlucha|Swords Dance|p1a: Hawlucha
|-boost|p1a: Hawlucha|atk|2
|
|-heal|p2a: Healing Wish|71/100|[from] Grassy Terrain
|upkeep
|turn|3
|inactive|womb profusion has 120 seconds left.
|
|t:|1779930212
|switch|p2a: Hyperspace Fury|Hoopa-Unbound|100/100
|move|p1a: Hawlucha|Swords Dance|p1a: Hawlucha
|-boost|p1a: Hawlucha|atk|2
|
|-end|p1a: Hawlucha|move: Heal Block
|upkeep
|turn|4
|inactive|womb profusion has 120 seconds left.
|
|t:|1779930225
|move|p2a: Hyperspace Fury|Focus Blast|p1a: Hawlucha
|-supereffective|p1a: Hawlucha
|-damage|p1a: Hawlucha|0 fnt
|faint|p1a: Hawlucha
|
|upkeep
|
|t:|1779930238
|switch|p1a: Ribombee|Ribombee, F|100/100
|turn|5
|
|t:|1779930252
|switch|p2a: Healing Wish|Hatterene, F, shiny|71/100
|move|p1a: Ribombee|Skill Swap|p2a: Healing Wish
|-activate|p1a: Ribombee|Skill Swap|Magic Bounce|Shield Dust|[of] p2a: Healing Wish
|
|-heal|p2a: Healing Wish|77/100|[from] Grassy Terrain
|-fieldend|move: Trick Room
|-fieldend|move: Grassy Terrain
|upkeep
|turn|6
|
|t:|1779930262
|move|p1a: Ribombee|Sticky Web|p2a: Healing Wish
|-sidestart|p2: womb profusion|move: Sticky Web
|move|p2a: Healing Wish|Trick Room|p2a: Healing Wish
|-fieldstart|move: Trick Room|[of] p2a: Healing Wish
|
|upkeep
|turn|7
|inactive|womb profusion has 120 seconds left.
|
|t:|1779930288
|switch|p2a: Kowtow Cleave|Kingambit, M, shiny|100/100
|-activate|p2a: Kowtow Cleave|move: Sticky Web
|-unboost|p2a: Kowtow Cleave|spe|1
|switch|p1a: Rillaboom|Rillaboom, M|100/100
|-fieldstart|move: Grassy Terrain|[from] ability: Grassy Surge|[of] p1a: Rillaboom
|
|upkeep
|turn|8
|
|t:|1779930299
|move|p1a: Rillaboom|Grassy Glide|p2a: Kowtow Cleave
|-resisted|p2a: Kowtow Cleave
|-damage|p2a: Kowtow Cleave|78/100
|move|p2a: Kowtow Cleave|Kowtow Cleave|p1a: Rillaboom
|-damage|p1a: Rillaboom|31/100
|
|-heal|p2a: Kowtow Cleave|84/100|[from] Grassy Terrain
|-heal|p1a: Rillaboom|37/100|[from] Grassy Terrain
|upkeep
|turn|9
|
|t:|1779930317
|switch|p1a: Ribombee|Ribombee, F|100/100
|move|p2a: Kowtow Cleave|Swords Dance|p2a: Kowtow Cleave
|-boost|p2a: Kowtow Cleave|atk|2
|
|-heal|p2a: Kowtow Cleave|91/100|[from] Grassy Terrain
|upkeep
|turn|10
|
|t:|1779930326
|move|p2a: Kowtow Cleave|Iron Head|p1a: Ribombee
|-supereffective|p1a: Ribombee
|-enditem|p1a: Ribombee|Focus Sash
|-damage|p1a: Ribombee|1/100
|move|p1a: Ribombee|Stun Spore|p2a: Kowtow Cleave
|-status|p2a: Kowtow Cleave|par
|
|-heal|p2a: Kowtow Cleave|97/100 par|[from] Grassy Terrain
|-heal|p1a: Ribombee|7/100|[from] Grassy Terrain
|-fieldend|move: Trick Room
|upkeep
|turn|11
|
|t:|1779930338
|move|p2a: Kowtow Cleave|Sucker Punch|p1a: Ribombee
|-resisted|p1a: Ribombee
|-damage|p1a: Ribombee|0 fnt
|faint|p1a: Ribombee
|
|-heal|p2a: Kowtow Cleave|100/100 par|[from] Grassy Terrain
|-fieldend|move: Grassy Terrain
|upkeep
|inactive|TrulyRogue_OG has 120 seconds left.
|
|t:|1779930354
|switch|p1a: Iron Valiant|Iron Valiant|100/100
|-enditem|p1a: Iron Valiant|Booster Energy
|-activate|p1a: Iron Valiant|ability: Quark Drive|[fromitem]
|-start|p1a: Iron Valiant|quarkdrivespe
|turn|12
|inactive|TrulyRogue_OG has 120 seconds left.
|
|t:|1779930380
|-end|p2a: Kowtow Cleave|fallenundefined|[silent]
|switch|p2a: Lunar Dance|Cresselia, F, shiny|100/100
|move|p1a: Iron Valiant|Knock Off|p2a: Lunar Dance
|-supereffective|p2a: Lunar Dance
|-damage|p2a: Lunar Dance|71/100
|-enditem|p2a: Lunar Dance|Mental Herb|[from] move: Knock Off|[of] p1a: Iron Valiant
|
|upkeep
|turn|13
|
|t:|1779930399
|move|p1a: Iron Valiant|Moonblast|p2a: Lunar Dance
|-damage|p2a: Lunar Dance|42/100
|-unboost|p2a: Lunar Dance|spa|1
|move|p2a: Lunar Dance|Trick Room|p2a: Lunar Dance
|-fieldstart|move: Trick Room|[of] p2a: Lunar Dance
|
|upkeep
|turn|14
|
|t:|1779930408
|move|p2a: Lunar Dance|Lunar Dance|p2a: Lunar Dance
|faint|p2a: Lunar Dance
|move|p1a: Iron Valiant|Encore|p2: Lunar Dance|[notarget]
|-fail|p1a: Iron Valiant
|
|upkeep
|
|t:|1779930416
|switch|p2a: Kowtow Cleave|Kingambit, M, shiny|100/100 par
|-heal|p2a: Kowtow Cleave|100/100|[from] move: Lunar Dance
|-activate|p2a: Kowtow Cleave|move: Sticky Web
|-unboost|p2a: Kowtow Cleave|spe|1
|-activate|p2a: Kowtow Cleave|ability: Supreme Overlord
|-start|p2a: Kowtow Cleave|fallen1|[silent]
|turn|15
|inactive|TrulyRogue_OG has 120 seconds left.
|
|t:|1779930427
|-end|p1a: Iron Valiant|Quark Drive|[silent]
|switch|p1a: Iron Treads|Iron Treads|100/100
|move|p2a: Kowtow Cleave|Iron Head|p1a: Iron Treads
|-resisted|p1a: Iron Treads
|-damage|p1a: Iron Treads|78/100
|
|-heal|p1a: Iron Treads|85/100|[from] item: Leftovers
|upkeep
|turn|16
|inactive|TrulyRogue_OG has 120 seconds left.
|
|t:|1779930447
|-terastallize|p2a: Kowtow Cleave|Dark
|move|p2a: Kowtow Cleave|Swords Dance|p2a: Kowtow Cleave
|-boost|p2a: Kowtow Cleave|atk|2
|move|p1a: Iron Treads|Earthquake|p2a: Kowtow Cleave
|-damage|p2a: Kowtow Cleave|65/100
|
|-heal|p1a: Iron Treads|91/100|[from] item: Leftovers
|upkeep
|turn|17
|
|t:|1779930466
|move|p2a: Kowtow Cleave|Kowtow Cleave|p1a: Iron Treads
|-damage|p1a: Iron Treads|0 fnt
|faint|p1a: Iron Treads
|-end|p1a: Iron Treads|Quark Drive|[silent]
|
|-fieldend|move: Trick Room
|upkeep
|
|t:|1779930473
|switch|p1a: Rillaboom|Rillaboom, M|37/100
|-fieldstart|move: Grassy Terrain|[from] ability: Grassy Surge|[of] p1a: Rillaboom
|turn|18
|
|t:|1779930483
|move|p2a: Kowtow Cleave|Sucker Punch|p1a: Rillaboom
|-damage|p1a: Rillaboom|0 fnt
|faint|p1a: Rillaboom
|
|-heal|p2a: Kowtow Cleave|72/100|[from] Grassy Terrain
|upkeep
|
|t:|1779930489
|switch|p1a: Iron Valiant|Iron Valiant|100/100
|turn|19
|
|t:|1779930496
|move|p1a: Iron Valiant|Moonblast|p2a: Kowtow Cleave
|-supereffective|p2a: Kowtow Cleave
|-damage|p2a: Kowtow Cleave|0 fnt
|faint|p2a: Kowtow Cleave
|-end|p2a: Kowtow Cleave|fallen1|[silent]
|
|upkeep
|
|t:|1779930505
|switch|p2a: Healing Wish|Hatterene, F, shiny|77/100
|-activate|p2a: Healing Wish|move: Sticky Web
|-unboost|p2a: Healing Wish|spe|1
|turn|20
|
|t:|1779930519
|move|p1a: Iron Valiant|Moonblast|p2a: Healing Wish
|-damage|p2a: Healing Wish|26/100
|move|p2a: Healing Wish|Trick Room|p2a: Healing Wish
|-fieldstart|move: Trick Room|[of] p2a: Healing Wish
|
|-heal|p2a: Healing Wish|32/100|[from] Grassy Terrain
|upkeep
|turn|21
|
|t:|1779930531
|move|p2a: Healing Wish|Dazzling Gleam|p1a: Iron Valiant
|-supereffective|p1a: Iron Valiant
|-damage|p1a: Iron Valiant|0 fnt
|faint|p1a: Iron Valiant
|-end|p1a: Iron Valiant|Quark Drive|[silent]
|
|-heal|p2a: Healing Wish|38/100|[from] Grassy Terrain
|upkeep
|
|t:|1779930537
|switch|p1a: Gholdengo|Gholdengo|100/100
|-item|p1a: Gholdengo|Air Balloon
|turn|22
|
|t:|1779930548
|switch|p2a: Hyperspace Fury|Hoopa-Unbound|100/100
|-activate|p2a: Hyperspace Fury|move: Sticky Web
|-unboost|p2a: Hyperspace Fury|spe|1
|-enditem|p2a: Hyperspace Fury|Eject Pack
|
|t:|1779930555
|switch|p2a: Swords Dance|Ursaluna, F, shiny|100/100
|-activate|p2a: Swords Dance|move: Sticky Web
|-unboost|p2a: Swords Dance|spe|1
|move|p1a: Gholdengo|Nasty Plot|p1a: Gholdengo
|-boost|p1a: Gholdengo|spa|2
|
|-fieldend|move: Grassy Terrain
|-status|p2a: Swords Dance|brn|[from] item: Flame Orb
|upkeep
|turn|23
|
|t:|1779930568
|move|p2a: Swords Dance|Fire Punch|p1a: Gholdengo
|-supereffective|p1a: Gholdengo
|-damage|p1a: Gholdengo|0 fnt
|-enditem|p1a: Gholdengo|Air Balloon
|faint|p1a: Gholdengo
|
|win|womb profusion
|raw|TrulyRogue_OG's rating: 1069 &rarr; <strong>1047</strong><br />(-22 for losing)
|raw|womb profusion's rating: 1042 &rarr; <strong>1078</strong><br />(+36 for winning)
|l|☆TrulyRogue_OG
|player|p1|
