|j|☆cramorantgawkgawk
|j|☆Cheesefriezz
|t:|1779864483
|gametype|singles
|player|p1|cramorantgawkgawk|marlon|1208
|player|p2|Cheesefriezz|n|1187
|gen|9
|tier|[Gen 9] OU
|rated|
|rule|HP Percentage Mod: HP is shown in percentages
|rule|Endless Battle Clause: Forcing endless battles is banned
|rule|Species Clause: Limit one of each Pokémon
|rule|OHKO Clause: OHKO moves are banned
|rule|Evasion Items Clause: Evasion items are banned
|rule|Evasion Moves Clause: Evasion moves are banned
|rule|Evasion Abilities Clause: Evasion abilities are banned
|rule|Sleep Moves Clause: Sleep-inducing moves are banned
|clearpoke
|poke|p1|Naclstack, M|
|poke|p1|Iron Moth|
|poke|p1|Primeape, M|
|poke|p1|Surskit, M|
|poke|p1|Corviknight, F|
|poke|p1|Mimikyu, F|
|poke|p2|Samurott-Hisui, M|
|poke|p2|Leafeon, M|
|poke|p2|Moltres|
|poke|p2|Ninetales, F|
|poke|p2|Kommo-o, M|
|poke|p2|Glimmora, F|
|teampreview
|inactive|Battle timer is ON: inactive players will automatically lose when time's up. (requested by cramorantgawkgawk)
|
|t:|1779864489
|teamsize|p1|6
|teamsize|p2|6
|start
|switch|p1a: Surskit|Surskit, M|100/100
|switch|p2a: Glimmora|Glimmora, F|100/100
|turn|1
|
|t:|1779864497
|move|p2a: Glimmora|Stealth Rock|p1a: Surskit
|-sidestart|p1: cramorantgawkgawk|move: Stealth Rock
|move|p1a: Surskit|Mud-Slap|p2a: Glimmora
|-supereffective|p2a: Glimmora
|-damage|p2a: Glimmora|76/100
|-unboost|p2a: Glimmora|accuracy|1
|
|upkeep
|turn|2
|
|t:|1779864505
|move|p2a: Glimmora|Power Gem|p1a: Surskit
|-supereffective|p1a: Surskit
|-enditem|p1a: Surskit|Focus Sash
|-damage|p1a: Surskit|1/100
|move|p1a: Surskit|Sticky Web|p2a: Glimmora
|-sidestart|p2: Cheesefriezz|move: Sticky Web
|
|upkeep
|turn|3
|
|t:|1779864511
|switch|p1a: Corviknight|Corviknight, F|100/100
|-damage|p1a: Corviknight|88/100|[from] Stealth Rock
|-ability|p1a: Corviknight|Pressure
|move|p2a: Glimmora|Power Gem|p1a: Corviknight
|-damage|p1a: Corviknight|44/100
|
|-heal|p1a: Corviknight|50/100|[from] item: Leftovers
|upkeep
|turn|4
|
|t:|1779864521
|move|p2a: Glimmora|Mortal Spin|p1a: Corviknight
|-immune|p1a: Corviknight
|move|p1a: Corviknight|Roost|p1a: Corviknight
|-heal|p1a: Corviknight|100/100
|-singleturn|p1a: Corviknight|move: Roost
|
|upkeep
|turn|5
|
|t:|1779864528
|switch|p2a: six tails|Ninetales, F, shiny|100/100
|-activate|p2a: six tails|move: Sticky Web
|-unboost|p2a: six tails|spe|1
|-weather|SunnyDay|[from] ability: Drought|[of] p2a: six tails
|move|p1a: Corviknight|U-turn|p2a: six tails
|-resisted|p2a: six tails
|-damage|p2a: six tails|89/100
|
|t:|1779864535
|switch|p1a: Naclstack|Naclstack, M|100/100|[from] U-turn
|-damage|p1a: Naclstack|88/100|[from] Stealth Rock
|
|-weather|SunnyDay|[upkeep]
|upkeep
|turn|6
|
|t:|1779864548
|move|p2a: six tails|Will-O-Wisp|p1a: Naclstack
|-status|p1a: Naclstack|brn
|move|p1a: Naclstack|Salt Cure|p2a: six tails
|-supereffective|p2a: six tails
|-damage|p2a: six tails|75/100
|-start|p2a: six tails|Salt Cure
|
|-weather|SunnyDay|[upkeep]
|-damage|p1a: Naclstack|82/100 brn|[from] brn
|-damage|p2a: six tails|63/100|[from] Salt Cure
|upkeep
|turn|7
|
|t:|1779864554
|move|p2a: six tails|Encore|p1a: Naclstack
|-start|p1a: Naclstack|Encore
|move|p1a: Naclstack|Salt Cure|p2a: six tails
|-supereffective|p2a: six tails
|-damage|p2a: six tails|48/100
|
|-weather|SunnyDay|[upkeep]
|-damage|p1a: Naclstack|76/100 brn|[from] brn
|-damage|p2a: six tails|35/100|[from] Salt Cure
|upkeep
|turn|8
|
|t:|1779864557
|move|p2a: six tails|Hex|p1a: Naclstack
|-damage|p1a: Naclstack|28/100 brn
|move|p1a: Naclstack|Salt Cure|p2a: six tails
|-supereffective|p2a: six tails
|-damage|p2a: six tails|21/100
|
|-weather|SunnyDay|[upkeep]
|-damage|p1a: Naclstack|22/100 brn|[from] brn
|-damage|p2a: six tails|9/100|[from] Salt Cure
|upkeep
|turn|9
|
|t:|1779864562
|switch|p1a: Surskit|Surskit, M|1/100
|-damage|p1a: Surskit|0 fnt|[from] Stealth Rock
|faint|p1a: Surskit
|move|p2a: six tails|Hex|p1: Surskit|[notarget]
|-fail|p2a: six tails
|
|-weather|SunnyDay|[upkeep]
|-damage|p2a: six tails|0 fnt|[from] Salt Cure
|faint|p2a: six tails
|upkeep
|
|t:|1779864569
|switch|p2a: Melo|Leafeon, M, shiny|100/100
|switch|p1a: Iron Moth|Iron Moth|100/100
|-activate|p2a: Melo|move: Sticky Web
|-unboost|p2a: Melo|spe|1
|-damage|p1a: Iron Moth|76/100|[from] Stealth Rock
|turn|10
|
|t:|1779864575
|-end|p1a: Iron Moth|Quark Drive|[silent]
|switch|p1a: Corviknight|Corviknight, F|100/100
|-damage|p1a: Corviknight|88/100|[from] Stealth Rock
|-ability|p1a: Corviknight|Pressure
|move|p2a: Melo|Knock Off|p1a: Corviknight
|-crit|p1a: Corviknight
|-damage|p1a: Corviknight|53/100
|-enditem|p1a: Corviknight|Leftovers|[from] move: Knock Off|[of] p2a: Melo
|-damage|p2a: Melo|91/100|[from] item: Life Orb
|
|-weather|SunnyDay|[upkeep]
|upkeep
|turn|11
|
|t:|1779864592
|move|p2a: Melo|Swords Dance|p2a: Melo
|-boost|p2a: Melo|atk|2
|move|p1a: Corviknight|Roost|p1a: Corviknight
|-heal|p1a: Corviknight|100/100
|-singleturn|p1a: Corviknight|move: Roost
|
|-weather|SunnyDay|[upkeep]
|upkeep
|turn|12
|
|t:|1779864600
|move|p2a: Melo|Knock Off|p1a: Corviknight
|-damage|p1a: Corviknight|67/100
|-damage|p2a: Melo|81/100|[from] item: Life Orb
|move|p1a: Corviknight|Brave Bird|p2a: Melo
|-supereffective|p2a: Melo
|-crit|p2a: Melo
|-damage|p2a: Melo|0 fnt
|faint|p2a: Melo
|-damage|p1a: Corviknight|49/100|[from] Recoil
|
|-weather|none
|upkeep
|
|t:|1779864604
|switch|p2a: Glimmora|Glimmora, F|76/100
|-activate|p2a: Glimmora|move: Sticky Web
|-unboost|p2a: Glimmora|spe|1
|turn|13
|
|t:|1779864613
|move|p2a: Glimmora|Power Gem|p1a: Corviknight
|-damage|p1a: Corviknight|7/100
|move|p1a: Corviknight|U-turn|p2a: Glimmora
|-resisted|p2a: Glimmora
|-damage|p2a: Glimmora|67/100
|-activate|p2a: Glimmora|ability: Toxic Debris
|-sidestart|p1: cramorantgawkgawk|move: Toxic Spikes
|
|t:|1779864620
|switch|p1a: Iron Moth|Iron Moth|76/100|[from] U-turn
|-damage|p1a: Iron Moth|51/100|[from] Stealth Rock
|-sideend|p1: cramorantgawkgawk|move: Toxic Spikes|[of] p1a: Iron Moth
|
|upkeep
|turn|14
|
|t:|1779864637
|move|p1a: Iron Moth|Discharge|p2a: Glimmora
|-damage|p2a: Glimmora|6/100
|move|p2a: Glimmora|Earth Power|p1a: Iron Moth
|-supereffective|p1a: Iron Moth
|-damage|p1a: Iron Moth|0 fnt
|faint|p1a: Iron Moth
|-end|p1a: Iron Moth|Quark Drive|[silent]
|
|upkeep
|
|t:|1779864641
|switch|p1a: Corviknight|Corviknight, F|7/100
|-damage|p1a: Corviknight|0 fnt|[from] Stealth Rock
|faint|p1a: Corviknight
|
|t:|1779864645
|switch|p1a: Naclstack|Naclstack, M|22/100 brn
|-damage|p1a: Naclstack|9/100 brn|[from] Stealth Rock
|turn|15
|
|t:|1779864651
|move|p2a: Glimmora|Mortal Spin|p1a: Naclstack
|-resisted|p1a: Naclstack
|-damage|p1a: Naclstack|7/100 brn
|-damage|p2a: Glimmora|0 fnt|[from] item: Rocky Helmet|[of] p1a: Naclstack
|faint|p2a: Glimmora
|move|p1a: Naclstack|Recover|p1a: Naclstack
|-heal|p1a: Naclstack|57/100 brn
|
|-damage|p1a: Naclstack|50/100 brn|[from] brn
|upkeep
|
|t:|1779864658
|switch|p2a: Iggy|Kommo-o, M|100/100
|-activate|p2a: Iggy|move: Sticky Web
|-unboost|p2a: Iggy|spe|1
|turn|16
|
|t:|1779864668
|move|p2a: Iggy|Aura Sphere|p1a: Naclstack
|-supereffective|p1a: Naclstack
|-damage|p1a: Naclstack|0 fnt
|faint|p1a: Naclstack
|
|upkeep
|
|t:|1779864674
|switch|p1a: Primeape|Primeape, M|100/100
|-damage|p1a: Primeape|95/100|[from] Stealth Rock
|turn|17
|
|t:|1779864681
|move|p1a: Primeape|Rage Fist|p2a: Iggy
|-damage|p2a: Iggy|88/100
|move|p2a: Iggy|Clangorous Soul|p2a: Iggy
|-boost|p2a: Iggy|atk|1
|-boost|p2a: Iggy|def|1
|-boost|p2a: Iggy|spa|1
|-boost|p2a: Iggy|spd|1
|-boost|p2a: Iggy|spe|1
|-damage|p2a: Iggy|55/100
|-enditem|p2a: Iggy|Throat Spray
|-boost|p2a: Iggy|spa|1|[from] item: Throat Spray
|
|upkeep
|turn|18
|
|t:|1779864693
|move|p2a: Iggy|Boomburst|p1a: Primeape
|-damage|p1a: Primeape|0 fnt
|faint|p1a: Primeape
|
|upkeep
|
|t:|1779864697
|switch|p1a: Mimikyu|Mimikyu, F|100/100
|-damage|p1a: Mimikyu|88/100|[from] Stealth Rock
|turn|19
|
|t:|1779864713
|switch|p2a: Supa Hot Fire|Moltres|100/100
|move|p1a: Mimikyu|Swords Dance|p1a: Mimikyu
|-boost|p1a: Mimikyu|atk|2
|
|upkeep
|turn|20
|
|t:|1779864723
|-terastallize|p1a: Mimikyu|Ghost
|move|p1a: Mimikyu|Shadow Sneak|p2a: Supa Hot Fire
|-damage|p2a: Supa Hot Fire|44/100
|-damage|p1a: Mimikyu|78/100|[from] item: Life Orb
|move|p2a: Supa Hot Fire|Flamethrower|p1a: Mimikyu
|-activate|p1a: Mimikyu|ability: Disguise
|-damage|p1a: Mimikyu|78/100
|detailschange|p1a: Mimikyu|Mimikyu-Busted, F, tera:Ghost
|-damage|p1a: Mimikyu|66/100|[from] pokemon: Mimikyu-Busted
|
|upkeep
|turn|21
|
|t:|1779864733
|move|p1a: Mimikyu|Shadow Sneak|p2a: Supa Hot Fire
|-damage|p2a: Supa Hot Fire|0 fnt
|faint|p2a: Supa Hot Fire
|-damage|p1a: Mimikyu|56/100|[from] item: Life Orb
|
|upkeep
|
|t:|1779864736
|switch|p2a: Ima dive in|Samurott-Hisui, M|100/100
|-activate|p2a: Ima dive in|move: Sticky Web
|-unboost|p2a: Ima dive in|spe|1
|turn|22
|
|t:|1779864742
|move|p2a: Ima dive in|Sucker Punch|p1a: Mimikyu
|-supereffective|p1a: Mimikyu
|-crit|p1a: Mimikyu
|-damage|p1a: Mimikyu|0 fnt
|faint|p1a: Mimikyu
|
|win|Cheesefriezz
|raw|cramorantgawkgawk's rating: 1208 &rarr; <strong>1181</strong><br />(-27 for losing)
|raw|Cheesefriezz's rating: 1187 &rarr; <strong>1214</strong><br />(+27 for winning)
|l|☆cramorantgawkgawk
|player|p1|
|l|☆Cheesefriezz
|player|p2|
