|j|☆Teluschamp
|j|☆ididntsayapple
|t:|1779915332
|gametype|singles
|player|p1|Teluschamp|102|1259
|player|p2|ididntsayapple|wallace|1267
|gen|9
|tier|[Gen 9] OU
|rated|
|rule|HP Percentage Mod: HP is shown in percentages
|rule|Endless Battle Clause: Forcing endless battles is banned
|rule|Species Clause: Limit one of each Pokémon
|rule|OHKO Clause: OHKO moves are banned
|rule|Evasion Items Clause: Evasion items are banned
|rule|Evasion Moves Clause: Evasion moves are banned
|rule|Evasion Abilities Clause: Evasion abilities are banned
|rule|Sleep Moves Clause: Sleep-inducing moves are banned
|clearpoke
|poke|p1|Ninetales-Alola, M|
|poke|p1|Weavile, F|
|poke|p1|Kyurem|
|poke|p1|Glaceon, F|
|poke|p1|Articuno|
|poke|p1|Avalugg-Hisui, F|
|poke|p2|Gallade, M|
|poke|p2|Great Tusk|
|poke|p2|Ogerpon, F|
|poke|p2|Pecharunt|
|poke|p2|Darkrai|
|poke|p2|Alomomola, M|
|teampreview
|inactive|Battle timer is ON: inactive players will automatically lose when time's up. (requested by ididntsayapple)
|
|t:|1779915355
|teamsize|p1|6
|teamsize|p2|6
|start
|switch|p1a: Ninetales|Ninetales-Alola, M|100/100
|switch|p2a: Pecharunt|Pecharunt|100/100
|-weather|Snowscape|[from] ability: Snow Warning|[of] p1a: Ninetales
|turn|1
|
|t:|1779915364
|move|p1a: Ninetales|Aurora Veil|p1a: Ninetales
|-sidestart|p1: Teluschamp|move: Aurora Veil
|move|p2a: Pecharunt|Malignant Chain|p1a: Ninetales
|-supereffective|p1a: Ninetales
|-damage|p1a: Ninetales|56/100
|-status|p1a: Ninetales|tox
|-start|p1a: Ninetales|confusion|[from] ability: Poison Puppeteer|[of] p2a: Pecharunt
|
|-weather|Snowscape|[upkeep]
|-damage|p1a: Ninetales|50/100 tox|[from] psn
|upkeep
|turn|2
|
|t:|1779915381
|-activate|p1a: Ninetales|confusion
|move|p1a: Ninetales|Blizzard|p2a: Pecharunt
|-damage|p2a: Pecharunt|67/100
|move|p2a: Pecharunt|Malignant Chain|p1a: Ninetales
|-supereffective|p1a: Ninetales
|-damage|p1a: Ninetales|7/100 tox
|
|-weather|Snowscape|[upkeep]
|-damage|p1a: Ninetales|0 fnt|[from] psn
|faint|p1a: Ninetales
|upkeep
|inactive|Teluschamp has 120 seconds left.
|
|t:|1779915411
|switch|p1a: Weavile|Weavile, F|100/100
|-ability|p1a: Weavile|Pressure
|turn|3
|
|t:|1779915421
|move|p1a: Weavile|Swords Dance|p1a: Weavile
|-boost|p1a: Weavile|atk|2
|move|p2a: Pecharunt|Recover|p2a: Pecharunt
|-heal|p2a: Pecharunt|100/100
|
|-weather|Snowscape|[upkeep]
|upkeep
|turn|4
|inactive|Teluschamp has 120 seconds left.
|
|t:|1779915445
|move|p1a: Weavile|Triple Axel|p2a: Pecharunt
|-damage|p2a: Pecharunt|85/100
|-damage|p1a: Weavile|84/100|[from] item: Rocky Helmet|[of] p2a: Pecharunt
|-damage|p2a: Pecharunt|56/100
|-damage|p1a: Weavile|68/100|[from] item: Rocky Helmet|[of] p2a: Pecharunt
|-damage|p2a: Pecharunt|10/100
|-damage|p1a: Weavile|51/100|[from] item: Rocky Helmet|[of] p2a: Pecharunt
|-hitcount|p2a: Pecharunt|3
|-damage|p1a: Weavile|41/100|[from] item: Life Orb
|move|p2a: Pecharunt|Parting Shot|p1a: Weavile
|-unboost|p1a: Weavile|atk|1
|-unboost|p1a: Weavile|spa|1
|
|t:|1779915457
|switch|p2a: Darkrai|Darkrai|100/100|[from] Parting Shot
|
|-weather|Snowscape|[upkeep]
|upkeep
|turn|5
|
|t:|1779915465
|move|p1a: Weavile|Ice Shard|p2a: Darkrai
|-damage|p2a: Darkrai|53/100
|-damage|p1a: Weavile|31/100|[from] item: Life Orb
|move|p2a: Darkrai|Dark Pulse|p1a: Weavile
|-resisted|p1a: Weavile
|-damage|p1a: Weavile|18/100
|
|-weather|none
|upkeep
|turn|6
|
|t:|1779915478
|move|p1a: Weavile|Ice Shard|p2a: Darkrai
|-damage|p2a: Darkrai|4/100
|-damage|p1a: Weavile|8/100|[from] item: Life Orb
|move|p2a: Darkrai|Dark Pulse|p1a: Weavile
|-resisted|p1a: Weavile
|-damage|p1a: Weavile|0 fnt
|faint|p1a: Weavile
|
|upkeep
|inactive|Teluschamp has 120 seconds left.
|
|t:|1779915509
|switch|p1a: Articuno|Articuno|100/100
|-ability|p1a: Articuno|Pressure
|turn|7
|
|t:|1779915520
|switch|p2a: Alomomola|Alomomola, M|100/100
|move|p1a: Articuno|Ice Beam|p2a: Alomomola
|-resisted|p2a: Alomomola
|-damage|p2a: Alomomola|90/100
|-enditem|p2a: Alomomola|Eject Button
|
|t:|1779915530
|switch|p2a: Darkrai|Darkrai|4/100
|
|upkeep
|turn|8
|inactive|Teluschamp has 120 seconds left.
|
|t:|1779915535
|move|p2a: Darkrai|Trick|p1a: Articuno
|-activate|p2a: Darkrai|move: Trick|[of] p1a: Articuno
|-item|p1a: Articuno|Choice Scarf|[from] move: Trick
|-item|p2a: Darkrai|Heavy-Duty Boots|[from] move: Trick
|move|p1a: Articuno|Freeze-Dry|p2a: Darkrai
|-damage|p2a: Darkrai|0 fnt
|faint|p2a: Darkrai
|
|-sideend|p1: Teluschamp|move: Aurora Veil
|upkeep
|
|t:|1779915540
|switch|p2a: Gallade|Gallade, M, shiny|100/100
|turn|9
|
|t:|1779915551
|switch|p1a: Avalugg|Avalugg-Hisui, F|100/100
|move|p2a: Gallade|Agility|p2a: Gallade
|-boost|p2a: Gallade|spe|2
|
|upkeep
|turn|10
|inactive|Teluschamp has 120 seconds left.
|
|t:|1779915580
|switch|p2a: Pecharunt|Pecharunt|10/100
|move|p1a: Avalugg|Ice Spinner|p2a: Pecharunt
|-damage|p2a: Pecharunt|0 fnt
|-damage|p1a: Avalugg|84/100|[from] item: Rocky Helmet|[of] p2a: Pecharunt
|faint|p2a: Pecharunt
|
|-heal|p1a: Avalugg|90/100|[from] item: Leftovers
|upkeep
|
|t:|1779915589
|switch|p2a: Gallade|Gallade, M, shiny|100/100
|turn|11
|inactive|Teluschamp has 120 seconds left.
|
|t:|1779915596
|move|p2a: Gallade|Sacred Sword|p1a: Avalugg
|-supereffective|p1a: Avalugg
|-damage|p1a: Avalugg|0 fnt
|faint|p1a: Avalugg
|-damage|p2a: Gallade|91/100|[from] item: Life Orb
|
|upkeep
|inactive|Teluschamp has 120 seconds left.
|
|t:|1779915614
|switch|p1a: Kyurem|Kyurem|100/100
|-ability|p1a: Kyurem|Pressure
|turn|12
|
|t:|1779915632
|move|p1a: Kyurem|Draco Meteor|p2a: Gallade
|-damage|p2a: Gallade|0 fnt
|-unboost|p1a: Kyurem|spa|2
|faint|p2a: Gallade
|
|upkeep
|
|t:|1779915642
|switch|p2a: Great Tusk|Great Tusk|100/100
|-enditem|p2a: Great Tusk|Booster Energy
|-activate|p2a: Great Tusk|ability: Protosynthesis|[fromitem]
|-start|p2a: Great Tusk|protosynthesisspe
|turn|13
|
|t:|1779915651
|switch|p1a: Articuno|Articuno|100/100
|-ability|p1a: Articuno|Pressure
|move|p2a: Great Tusk|Close Combat|p1a: Articuno
|-damage|p1a: Articuno|67/100
|-unboost|p2a: Great Tusk|def|1
|-unboost|p2a: Great Tusk|spd|1
|
|upkeep
|turn|14
|inactive|Teluschamp has 120 seconds left.
|
|t:|1779915665
|-end|p2a: Great Tusk|Protosynthesis|[silent]
|switch|p2a: Alomomola|Alomomola, M|100/100
|move|p1a: Articuno|Freeze-Dry|p2a: Alomomola
|-supereffective|p2a: Alomomola
|-damage|p2a: Alomomola|69/100
|
|upkeep
|turn|15
|inactive|Teluschamp has 120 seconds left.
|
|t:|1779915680
|move|p1a: Articuno|Freeze-Dry|p2a: Alomomola
|-supereffective|p2a: Alomomola
|-damage|p2a: Alomomola|35/100
|move|p2a: Alomomola|Flip Turn|p1a: Articuno
|-damage|p1a: Articuno|56/100
|
|t:|1779915682
|switch|p2a: Ogerpon|Ogerpon, F|100/100|[from] Flip Turn
|
|upkeep
|turn|16
|
|t:|1779915700
|switch|p2a: Alomomola|Alomomola, M|68/100
|move|p1a: Articuno|Freeze-Dry|p2a: Alomomola
|-supereffective|p2a: Alomomola
|-damage|p2a: Alomomola|33/100
|
|upkeep
|turn|17
|
|t:|1779915706
|-terastallize|p2a: Alomomola|Steel
|move|p1a: Articuno|Freeze-Dry|p2a: Alomomola
|-resisted|p2a: Alomomola
|-damage|p2a: Alomomola|25/100
|move|p2a: Alomomola|Wish|p2a: Alomomola
|
|upkeep
|turn|18
|inactive|Teluschamp has 120 seconds left.
|
|t:|1779915735
|switch|p1a: Glaceon|Glaceon, F|100/100
|move|p2a: Alomomola|Scald|p1a: Glaceon
|-damage|p1a: Glaceon|82/100
|
|-heal|p2a: Alomomola|75/100|[from] move: Wish|[wisher] Alomomola
|-heal|p1a: Glaceon|88/100|[from] item: Leftovers
|upkeep
|turn|19
|inactive|Teluschamp has 120 seconds left.
|
|t:|1779915753
|switch|p1a: Kyurem|Kyurem|100/100
|-ability|p1a: Kyurem|Pressure
|move|p2a: Alomomola|Flip Turn|p1a: Kyurem
|-resisted|p1a: Kyurem
|-damage|p1a: Kyurem|93/100
|c|☆Teluschamp|hurry up
|inactive|ididntsayapple has 120 seconds left.
|
|t:|1779915795
|switch|p2a: Ogerpon|Ogerpon, F|100/100|[from] Flip Turn
|
|upkeep
|turn|20
|inactive|Teluschamp has 120 seconds left.
|
|t:|1779915813
|switch|p2a: Alomomola|Alomomola, M, tera:Steel|100/100
|move|p1a: Kyurem|Ice Beam|p2a: Alomomola
|-resisted|p2a: Alomomola
|-damage|p2a: Alomomola|74/100
|
|upkeep
|turn|21
|inactive|Teluschamp has 120 seconds left.
|
|t:|1779915831
|switch|p1a: Articuno|Articuno|56/100
|-ability|p1a: Articuno|Pressure
|move|p2a: Alomomola|Scald|p1a: Articuno
|-damage|p1a: Articuno|47/100
|
|upkeep
|turn|22
|
|t:|1779915839
|move|p1a: Articuno|Roost|p1a: Articuno
|-heal|p1a: Articuno|97/100
|-singleturn|p1a: Articuno|move: Roost
|move|p2a: Alomomola|Flip Turn|p1a: Articuno
|-damage|p1a: Articuno|86/100
|
|t:|1779915847
|switch|p2a: Ogerpon|Ogerpon, F|100/100|[from] Flip Turn
|
|upkeep
|turn|23
|
|t:|1779915854
|switch|p1a: Kyurem|Kyurem|93/100
|-ability|p1a: Kyurem|Pressure
|move|p2a: Ogerpon|Play Rough|p1a: Kyurem
|-supereffective|p1a: Kyurem
|-damage|p1a: Kyurem|10/100
|
|upkeep
|turn|24
|
|t:|1779915869
|switch|p1a: Articuno|Articuno|86/100
|-ability|p1a: Articuno|Pressure
|move|p2a: Ogerpon|Play Rough|p1a: Articuno
|-damage|p1a: Articuno|58/100
|
|upkeep
|turn|25
|inactive|Teluschamp has 120 seconds left.
|
|t:|1779915896
|switch|p2a: Alomomola|Alomomola, M, tera:Steel|100/100
|switch|p1a: Kyurem|Kyurem|10/100
|-ability|p1a: Kyurem|Pressure
|
|upkeep
|turn|26
|
|t:|1779915904
|move|p1a: Kyurem|Earth Power|p2a: Alomomola
|-supereffective|p2a: Alomomola
|-damage|p2a: Alomomola|29/100
|-unboost|p2a: Alomomola|spd|1
|move|p2a: Alomomola|Scald|p1a: Kyurem
|-resisted|p1a: Kyurem
|-damage|p1a: Kyurem|4/100
|
|upkeep
|turn|27
|inactive|Teluschamp has 120 seconds left.
|
|t:|1779915920
|switch|p2a: Great Tusk|Great Tusk|100/100
|move|p1a: Kyurem|Earth Power|p2a: Great Tusk
|-damage|p2a: Great Tusk|41/100
|
|upkeep
|turn|28
|
|t:|1779915930
|switch|p1a: Articuno|Articuno|58/100
|-ability|p1a: Articuno|Pressure
|move|p2a: Great Tusk|Rapid Spin|p1a: Articuno
|-damage|p1a: Articuno|48/100
|-boost|p2a: Great Tusk|spe|1
|
|upkeep
|turn|29
|inactive|Teluschamp has 120 seconds left.
|
|t:|1779915954
|-end|p2a: Great Tusk|Protosynthesis|[silent]
|switch|p2a: Alomomola|Alomomola, M, tera:Steel|63/100
|move|p1a: Articuno|Hurricane|p2a: Alomomola|[miss]
|-miss|p1a: Articuno|p2a: Alomomola
|
|upkeep
|turn|30
|inactive|Teluschamp has 120 seconds left.
|
|t:|1779915962
|switch|p1a: Glaceon|Glaceon, F|88/100
|move|p2a: Alomomola|Flip Turn|p1a: Glaceon
|-damage|p1a: Glaceon|69/100
|
|t:|1779915968
|switch|p2a: Great Tusk|Great Tusk|41/100|[from] Flip Turn
|
|-heal|p1a: Glaceon|75/100|[from] item: Leftovers
|upkeep
|turn|31
|
|t:|1779915977
|switch|p1a: Articuno|Articuno|48/100
|-ability|p1a: Articuno|Pressure
|move|p2a: Great Tusk|Close Combat|p1a: Articuno
|-damage|p1a: Articuno|15/100
|-unboost|p2a: Great Tusk|def|1
|-unboost|p2a: Great Tusk|spd|1
|
|upkeep
|turn|32
|
|t:|1779915987
|-end|p2a: Great Tusk|Protosynthesis|[silent]
|switch|p2a: Alomomola|Alomomola, M, tera:Steel|96/100
|move|p1a: Articuno|Roost|p1a: Articuno
|-heal|p1a: Articuno|65/100
|-singleturn|p1a: Articuno|move: Roost
|
|upkeep
|turn|33
|
|t:|1779915993
|move|p1a: Articuno|Roost|p1a: Articuno
|-heal|p1a: Articuno|100/100
|-singleturn|p1a: Articuno|move: Roost
|move|p2a: Alomomola|Scald|p1a: Articuno
|-damage|p1a: Articuno|90/100
|
|upkeep
|turn|34
|
|t:|1779916007
|switch|p1a: Glaceon|Glaceon, F|75/100
|move|p2a: Alomomola|Scald|p1a: Glaceon
|-damage|p1a: Glaceon|56/100
|
|-heal|p1a: Glaceon|62/100|[from] item: Leftovers
|upkeep
|turn|35
|
|t:|1779916015
|move|p1a: Glaceon|Calm Mind|p1a: Glaceon
|-boost|p1a: Glaceon|spa|1
|-boost|p1a: Glaceon|spd|1
|move|p2a: Alomomola|Flip Turn|p1a: Glaceon
|-damage|p1a: Glaceon|43/100
|
|t:|1779916021
|switch|p2a: Great Tusk|Great Tusk|41/100|[from] Flip Turn
|
|-heal|p1a: Glaceon|48/100|[from] item: Leftovers
|upkeep
|turn|36
|
|t:|1779916032
|move|p1a: Glaceon|Protect|p1a: Glaceon
|-singleturn|p1a: Glaceon|Protect
|move|p2a: Great Tusk|Stealth Rock|p1a: Glaceon
|-sidestart|p1: Teluschamp|move: Stealth Rock
|
|-heal|p1a: Glaceon|54/100|[from] item: Leftovers
|upkeep
|turn|37
|
|t:|1779916045
|move|p2a: Great Tusk|Close Combat|p1a: Glaceon
|-supereffective|p1a: Glaceon
|-damage|p1a: Glaceon|0 fnt
|-unboost|p2a: Great Tusk|def|1
|-unboost|p2a: Great Tusk|spd|1
|faint|p1a: Glaceon
|
|upkeep
|
|t:|1779916054
|switch|p1a: Kyurem|Kyurem|4/100
|-damage|p1a: Kyurem|0 fnt|[from] Stealth Rock
|faint|p1a: Kyurem
|
|t:|1779916058
|switch|p1a: Articuno|Articuno|90/100
|-damage|p1a: Articuno|40/100|[from] Stealth Rock
|-ability|p1a: Articuno|Pressure
|turn|38
|
|t:|1779916072
|move|p1a: Articuno|Freeze-Dry|p2a: Great Tusk
|-supereffective|p2a: Great Tusk
|-damage|p2a: Great Tusk|0 fnt
|faint|p2a: Great Tusk
|-end|p2a: Great Tusk|Protosynthesis|[silent]
|
|upkeep
|
|t:|1779916077
|switch|p2a: Ogerpon|Ogerpon, F|100/100
|turn|39
|
|t:|1779916079
|move|p2a: Ogerpon|Play Rough|p1a: Articuno
|-crit|p1a: Articuno
|-damage|p1a: Articuno|0 fnt
|faint|p1a: Articuno
|
|win|ididntsayapple
|raw|Teluschamp's rating: 1259 &rarr; <strong>1235</strong><br />(-24 for losing)
|raw|ididntsayapple's rating: 1267 &rarr; <strong>1291</strong><br />(+24 for winning)
|l|☆ididntsayapple
|player|p2|
