|j|☆sicns
|j|☆stone douchebag
|t:|1779940047
|gametype|singles
|player|p1|sicns|cynthia-gen4|1457
|player|p2|stone douchebag|265|1408
|gen|9
|tier|[Gen 9] OU
|rated|
|rule|HP Percentage Mod: HP is shown in percentages
|rule|Endless Battle Clause: Forcing endless battles is banned
|rule|Species Clause: Limit one of each Pokémon
|rule|OHKO Clause: OHKO moves are banned
|rule|Evasion Items Clause: Evasion items are banned
|rule|Evasion Moves Clause: Evasion moves are banned
|rule|Evasion Abilities Clause: Evasion abilities are banned
|rule|Sleep Moves Clause: Sleep-inducing moves are banned
|clearpoke
|poke|p1|Samurott-Hisui, M|
|poke|p1|Zapdos|
|poke|p1|Iron Treads|
|poke|p1|Ceruledge, M|
|poke|p1|Gholdengo|
|poke|p1|Kingambit, M|
|poke|p2|Dondozo, M|
|poke|p2|Skarmory, F|
|poke|p2|Vileplume, F|
|poke|p2|Gliscor, F|
|poke|p2|Blissey, F|
|poke|p2|Clefable, M|
|teampreview
|
|t:|1779940060
|teamsize|p1|6
|teamsize|p2|6
|start
|switch|p1a: Zapdos|Zapdos|100/100
|switch|p2a: Corviknight?|Skarmory, F|100/100
|turn|1
|
|t:|1779940068
|switch|p2a: Landorus-Therian?|Gliscor, F|100/100
|move|p1a: Zapdos|Thunder Wave|p2a: Landorus-Therian?
|-immune|p2a: Landorus-Therian?
|
|-status|p2a: Landorus-Therian?|tox|[from] item: Toxic Orb
|upkeep
|turn|2
|
|t:|1779940128
|move|p1a: Zapdos|Hurricane|p2a: Landorus-Therian?|[miss]
|-miss|p1a: Zapdos|p2a: Landorus-Therian?
|move|p2a: Landorus-Therian?|Toxic|p1a: Zapdos
|-status|p1a: Zapdos|tox
|
|-damage|p1a: Zapdos|94/100 tox|[from] psn
|upkeep
|turn|3
|
|t:|1779940145
|switch|p1a: Samurott|Samurott-Hisui, M|100/100
|move|p2a: Landorus-Therian?|Protect||[still]
|-fail|p2a: Landorus-Therian?
|
|upkeep
|turn|4
|
|t:|1779940159
|switch|p2a: Corviknight?|Skarmory, F|100/100
|move|p1a: Samurott|Ceaseless Edge|p2a: Corviknight?
|-crit|p2a: Corviknight?
|-damage|p2a: Corviknight?|66/100
|-damage|p1a: Samurott|84/100|[from] item: Rocky Helmet|[of] p2a: Corviknight?
|-sidestart|p2: stone douchebag|Spikes
|
|upkeep
|turn|5
|
|t:|1779940166
|move|p1a: Samurott|Knock Off|p2a: Corviknight?
|-damage|p2a: Corviknight?|41/100
|-damage|p1a: Samurott|68/100|[from] item: Rocky Helmet|[of] p2a: Corviknight?
|-enditem|p2a: Corviknight?|Rocky Helmet|[from] move: Knock Off|[of] p1a: Samurott
|move|p2a: Corviknight?|Spikes|p1a: Samurott
|-sidestart|p1: sicns|Spikes
|
|upkeep
|turn|6
|
|t:|1779940175
|move|p1a: Samurott|Ceaseless Edge|p2a: Corviknight?
|-damage|p2a: Corviknight?|17/100
|-sidestart|p2: stone douchebag|Spikes
|move|p2a: Corviknight?|Roost|p2a: Corviknight?
|-heal|p2a: Corviknight?|67/100
|-singleturn|p2a: Corviknight?|move: Roost
|
|upkeep
|turn|7
|
|t:|1779940188
|switch|p1a: Iron Treads|Iron Treads|100/100
|-damage|p1a: Iron Treads|88/100|[from] Spikes
|move|p2a: Corviknight?|Spikes|p1a: Iron Treads
|-sidestart|p1: sicns|Spikes
|
|-heal|p1a: Iron Treads|94/100|[from] item: Leftovers
|upkeep
|turn|8
|
|t:|1779940201
|switch|p2a: Amoongus?|Vileplume, F|100/100
|move|p1a: Iron Treads|Rapid Spin|p2a: Amoongus?
|-damage|p2a: Amoongus?|89/100
|-boost|p1a: Iron Treads|spe|1
|-sideend|p1: sicns|Spikes|[from] move: Rapid Spin|[of] p1a: Iron Treads
|
|-heal|p1a: Iron Treads|100/100|[from] item: Leftovers
|upkeep
|turn|9
|
|t:|1779940217
|move|p1a: Iron Treads|Stealth Rock|p2a: Amoongus?
|-sidestart|p2: stone douchebag|move: Stealth Rock
|move|p2a: Amoongus?|Leech Seed|p1a: Iron Treads
|-start|p1a: Iron Treads|move: Leech Seed
|
|-damage|p1a: Iron Treads|88/100|[from] Leech Seed|[of] p2a: Amoongus?
|-heal|p2a: Amoongus?|99/100|[silent]
|upkeep
|turn|10
|
|t:|1779940230
|-end|p1a: Iron Treads|Quark Drive|[silent]
|switch|p1a: Gholdengo|Gholdengo|100/100
|-item|p1a: Gholdengo|Air Balloon
|move|p2a: Amoongus?|Toxic|p1a: Gholdengo
|-immune|p1a: Gholdengo|[from] ability: Good as Gold
|
|upkeep
|turn|11
|
|t:|1779940237
|switch|p2a: Clefable?|Blissey, F|100/100
|move|p1a: Gholdengo|Thunder Wave|p2a: Clefable?
|-status|p2a: Clefable?|par
|
|upkeep
|turn|12
|
|t:|1779940247
|switch|p1a: Ceruledge|Ceruledge, M|100/100
|cant|p2a: Clefable?|par
|
|upkeep
|turn|13
|
|t:|1779940277
|-curestatus|p2a: Clefable?|par|[from] ability: Natural Cure|[silent]
|switch|p2a: Quagsire?|Dondozo, M|100/100
|move|p1a: Ceruledge|Bitter Blade|p2a: Quagsire?
|-resisted|p2a: Quagsire?
|-damage|p2a: Quagsire?|88/100
|
|upkeep
|turn|14
|
|t:|1779940295
|switch|p1a: Zapdos|Zapdos|94/100 tox
|switch|p2a: Landorus-Therian?|Gliscor, F|100/100 tox
|-damage|p2a: Landorus-Therian?|88/100 tox|[from] Stealth Rock
|
|-damage|p1a: Zapdos|88/100 tox|[from] psn
|-heal|p2a: Landorus-Therian?|100/100 tox|[from] ability: Poison Heal
|upkeep
|turn|15
|
|t:|1779940310
|switch|p1a: Samurott|Samurott-Hisui, M|68/100
|move|p2a: Landorus-Therian?|Knock Off|p1a: Samurott
|-resisted|p1a: Samurott
|-damage|p1a: Samurott|57/100
|-enditem|p1a: Samurott|Assault Vest|[from] move: Knock Off|[of] p2a: Landorus-Therian?
|
|upkeep
|turn|16
|
|t:|1779940319
|switch|p2a: Corviknight?|Skarmory, F|67/100
|-damage|p2a: Corviknight?|55/100|[from] Stealth Rock
|move|p1a: Samurott|Razor Shell|p2a: Corviknight?
|-damage|p2a: Corviknight?|27/100
|-unboost|p2a: Corviknight?|def|1
|
|upkeep
|turn|17
|
|t:|1779940329
|move|p1a: Samurott|Razor Shell|p2a: Corviknight?
|-damage|p2a: Corviknight?|0 fnt
|faint|p2a: Corviknight?
|
|upkeep
|
|t:|1779940331
|switch|p2a: Amoongus?|Vileplume, F|99/100
|turn|18
|
|t:|1779940335
|switch|p1a: Gholdengo|Gholdengo|100/100
|-item|p1a: Gholdengo|Air Balloon
|move|p2a: Amoongus?|Leech Seed|p1a: Gholdengo
|-immune|p1a: Gholdengo|[from] ability: Good as Gold
|
|upkeep
|turn|19
|
|t:|1779940343
|switch|p2a: Clefable?|Blissey, F|100/100
|move|p1a: Gholdengo|Thunder Wave|p2a: Clefable?
|-status|p2a: Clefable?|par
|
|upkeep
|turn|20
|
|t:|1779940356
|switch|p1a: Ceruledge|Ceruledge, M|100/100
|cant|p2a: Clefable?|par
|
|upkeep
|turn|21
|
|t:|1779940363
|-curestatus|p2a: Clefable?|par|[from] ability: Natural Cure|[silent]
|switch|p2a: Quagsire?|Dondozo, M|88/100
|move|p1a: Ceruledge|Poltergeist|p2a: Quagsire?
|-activate|p2a: Quagsire?|move: Poltergeist|Heavy-Duty Boots
|-damage|p2a: Quagsire?|61/100
|
|upkeep
|turn|22
|
|t:|1779940371
|switch|p1a: Zapdos|Zapdos|88/100 tox
|move|p2a: Quagsire?|Avalanche|p1a: Zapdos
|-supereffective|p1a: Zapdos
|-damage|p1a: Zapdos|69/100 tox
|
|-damage|p1a: Zapdos|63/100 tox|[from] psn
|upkeep
|turn|23
|
|t:|1779940379
|switch|p2a: Clefable?|Blissey, F|100/100
|move|p1a: Zapdos|Hurricane|p2a: Clefable?
|-crit|p2a: Clefable?
|-damage|p2a: Clefable?|80/100
|
|-damage|p1a: Zapdos|51/100 tox|[from] psn
|upkeep
|turn|24
|
|t:|1779940389
|switch|p1a: Ceruledge|Ceruledge, M|100/100
|move|p2a: Clefable?|Ice Beam|p1a: Ceruledge
|-resisted|p1a: Ceruledge
|-damage|p1a: Ceruledge|92/100
|
|upkeep
|turn|25
|
|t:|1779940425
|switch|p2a: Quagsire?|Dondozo, M|61/100
|move|p1a: Ceruledge|Swords Dance|p1a: Ceruledge
|-boost|p1a: Ceruledge|atk|2
|
|upkeep
|turn|26
|
|t:|1779940432
|switch|p1a: Zapdos|Zapdos|51/100 tox
|move|p2a: Quagsire?|Avalanche|p1a: Zapdos
|-supereffective|p1a: Zapdos
|-damage|p1a: Zapdos|30/100 tox
|
|-damage|p1a: Zapdos|24/100 tox|[from] psn
|upkeep
|turn|27
|
|t:|1779940452
|switch|p2a: Landorus-Therian?|Gliscor, F|100/100 tox
|-damage|p2a: Landorus-Therian?|88/100 tox|[from] Stealth Rock
|move|p1a: Zapdos|Roost|p1a: Zapdos
|-heal|p1a: Zapdos|74/100 tox
|-singleturn|p1a: Zapdos|move: Roost
|
|-damage|p1a: Zapdos|62/100 tox|[from] psn
|-heal|p2a: Landorus-Therian?|100/100 tox|[from] ability: Poison Heal
|upkeep
|turn|28
|
|t:|1779940464
|switch|p1a: Samurott|Samurott-Hisui, M|57/100
|move|p2a: Landorus-Therian?|Toxic|p1a: Samurott
|-status|p1a: Samurott|tox
|
|-damage|p1a: Samurott|51/100 tox|[from] psn
|upkeep
|turn|29
|
|t:|1779940472
|move|p2a: Landorus-Therian?|Protect|p2a: Landorus-Therian?
|-singleturn|p2a: Landorus-Therian?|Protect
|move|p1a: Samurott|Razor Shell|p2a: Landorus-Therian?
|-activate|p2a: Landorus-Therian?|move: Protect
|
|-damage|p1a: Samurott|39/100 tox|[from] psn
|upkeep
|turn|30
|
|t:|1779940479
|switch|p2a: Amoongus?|Vileplume, F|99/100
|move|p1a: Samurott|Knock Off|p2a: Amoongus?
|-damage|p2a: Amoongus?|70/100
|-enditem|p2a: Amoongus?|Heavy-Duty Boots|[from] move: Knock Off|[of] p1a: Samurott
|
|-damage|p1a: Samurott|21/100 tox|[from] psn
|upkeep
|turn|31
|
|t:|1779940508
|move|p1a: Samurott|Knock Off|p2a: Amoongus?
|-damage|p2a: Amoongus?|49/100
|move|p2a: Amoongus?|Strength Sap|p1a: Samurott
|-unboost|p1a: Samurott|atk|1
|-heal|p2a: Amoongus?|100/100
|
|-damage|p1a: Samurott|0 fnt|[from] psn
|faint|p1a: Samurott
|upkeep
|
|t:|1779940520
|switch|p1a: Gholdengo|Gholdengo|100/100
|-item|p1a: Gholdengo|Air Balloon
|turn|32
|
|t:|1779940527
|switch|p2a: Clefable?|Blissey, F|80/100
|move|p1a: Gholdengo|Thunder Wave|p2a: Clefable?|[miss]
|-miss|p1a: Gholdengo|p2a: Clefable?
|
|upkeep
|turn|33
|
|t:|1779940534
|switch|p1a: Ceruledge|Ceruledge, M|92/100
|move|p2a: Clefable?|Flamethrower|p1a: Ceruledge
|-resisted|p1a: Ceruledge
|-damage|p1a: Ceruledge|84/100
|
|upkeep
|turn|34
|
|t:|1779940545
|switch|p2a: Quagsire?|Dondozo, M|61/100
|move|p1a: Ceruledge|Poltergeist|p2a: Quagsire?
|-activate|p2a: Quagsire?|move: Poltergeist|Heavy-Duty Boots
|-damage|p2a: Quagsire?|31/100
|
|upkeep
|turn|35
|
|t:|1779940558
|switch|p1a: Zapdos|Zapdos|62/100 tox
|move|p2a: Quagsire?|Rest|p2a: Quagsire?
|-status|p2a: Quagsire?|slp|[from] move: Rest
|-heal|p2a: Quagsire?|100/100 slp|[silent]
|
|-damage|p1a: Zapdos|56/100 tox|[from] psn
|upkeep
|turn|36
|
|t:|1779940606
|switch|p2a: Clefable?|Blissey, F|80/100
|move|p1a: Zapdos|Roost|p1a: Zapdos
|-heal|p1a: Zapdos|100/100 tox
|-singleturn|p1a: Zapdos|move: Roost
|
|-damage|p1a: Zapdos|88/100 tox|[from] psn
|upkeep
|turn|37
|
|t:|1779940619
|switch|p1a: Ceruledge|Ceruledge, M|84/100
|move|p2a: Clefable?|Ice Beam|p1a: Ceruledge
|-resisted|p1a: Ceruledge
|-damage|p1a: Ceruledge|76/100
|
|upkeep
|turn|38
|
|t:|1779940630
|switch|p2a: Quagsire?|Dondozo, M|100/100 slp
|move|p1a: Ceruledge|Bitter Blade|p2a: Quagsire?
|-resisted|p2a: Quagsire?
|-damage|p2a: Quagsire?|89/100 slp
|-heal|p1a: Ceruledge|84/100|[from] drain|[of] p2a: Quagsire?
|
|upkeep
|turn|39
|
|t:|1779940639
|switch|p1a: Iron Treads|Iron Treads|88/100
|cant|p2a: Quagsire?|slp
|move|p2a: Quagsire?|Sleep Talk|p2a: Quagsire?
|move|p2a: Quagsire?|Rest||[from] move: Sleep Talk|[still]
|-fail|p2a: Quagsire?
|
|-heal|p1a: Iron Treads|94/100|[from] item: Leftovers
|upkeep
|turn|40
|
|t:|1779940682
|move|p1a: Iron Treads|Knock Off|p2a: Quagsire?
|-damage|p2a: Quagsire?|75/100 slp
|-enditem|p2a: Quagsire?|Heavy-Duty Boots|[from] move: Knock Off|[of] p1a: Iron Treads
|cant|p2a: Quagsire?|slp
|move|p2a: Quagsire?|Sleep Talk|p2a: Quagsire?
|move|p2a: Quagsire?|Avalanche|p1a: Iron Treads|[from] move: Sleep Talk
|-damage|p1a: Iron Treads|69/100
|
|-heal|p1a: Iron Treads|75/100|[from] item: Leftovers
|upkeep
|turn|41
|
|t:|1779940693
|-end|p1a: Iron Treads|Quark Drive|[silent]
|switch|p1a: Zapdos|Zapdos|88/100 tox
|-curestatus|p2a: Quagsire?|slp|[msg]
|move|p2a: Quagsire?|Avalanche|p1a: Zapdos
|-supereffective|p1a: Zapdos
|-damage|p1a: Zapdos|69/100 tox
|
|-damage|p1a: Zapdos|63/100 tox|[from] psn
|upkeep
|turn|42
|
|t:|1779940704
|switch|p2a: Clefable?|Blissey, F|80/100
|move|p1a: Zapdos|Thunder Wave|p2a: Clefable?
|-status|p2a: Clefable?|par
|
|-damage|p1a: Zapdos|51/100 tox|[from] psn
|upkeep
|turn|43
|
|t:|1779940714
|switch|p1a: Ceruledge|Ceruledge, M|84/100
|cant|p2a: Clefable?|par
|
|upkeep
|turn|44
|
|t:|1779940739
|-curestatus|p2a: Clefable?|par|[from] ability: Natural Cure|[silent]
|switch|p2a: Quagsire?|Dondozo, M|75/100
|-damage|p2a: Quagsire?|59/100|[from] Spikes
|-damage|p2a: Quagsire?|46/100|[from] Stealth Rock
|move|p1a: Ceruledge|Bitter Blade|p2a: Quagsire?
|-resisted|p2a: Quagsire?
|-damage|p2a: Quagsire?|36/100
|-heal|p1a: Ceruledge|92/100|[from] drain|[of] p2a: Quagsire?
|
|upkeep
|turn|45
|
|t:|1779940756
|switch|p1a: Zapdos|Zapdos|51/100 tox
|move|p2a: Quagsire?|Rest|p2a: Quagsire?
|-status|p2a: Quagsire?|slp|[from] move: Rest
|-heal|p2a: Quagsire?|100/100 slp|[silent]
|
|-damage|p1a: Zapdos|45/100 tox|[from] psn
|upkeep
|turn|46
|
|t:|1779940765
|switch|p2a: Blissey?|Clefable, M|100/100
|move|p1a: Zapdos|Roost|p1a: Zapdos
|-heal|p1a: Zapdos|95/100 tox
|-singleturn|p1a: Zapdos|move: Roost
|
|-damage|p1a: Zapdos|83/100 tox|[from] psn
|upkeep
|turn|47
|
|t:|1779940777
|switch|p1a: Iron Treads|Iron Treads|75/100
|move|p2a: Blissey?|Stealth Rock|p1a: Iron Treads
|-sidestart|p1: sicns|move: Stealth Rock
|
|-heal|p1a: Iron Treads|81/100|[from] item: Leftovers
|upkeep
|turn|48
|inactive|Battle timer is ON: inactive players will automatically lose when time's up. (requested by sicns)
|inactive|stone douchebag has 120 seconds left.
|inactive|stone douchebag has 90 seconds left.
|
|t:|1779940888
|switch|p2a: Amoongus?|Vileplume, F|100/100
|-damage|p2a: Amoongus?|84/100|[from] Spikes
|-damage|p2a: Amoongus?|71/100|[from] Stealth Rock
|move|p1a: Iron Treads|Rapid Spin|p2a: Amoongus?
|-damage|p2a: Amoongus?|59/100
|-boost|p1a: Iron Treads|spe|1
|-status|p1a: Iron Treads|slp|[from] ability: Effect Spore|[of] p2a: Amoongus?
|-sideend|p1: sicns|Stealth Rock|[from] move: Rapid Spin|[of] p1a: Iron Treads
|
|-heal|p1a: Iron Treads|88/100 slp|[from] item: Leftovers
|upkeep
|turn|49
|
|t:|1779940902
|-end|p1a: Iron Treads|Quark Drive|[silent]
|switch|p1a: Gholdengo|Gholdengo|100/100
|-item|p1a: Gholdengo|Air Balloon
|move|p2a: Amoongus?|Leech Seed|p1a: Gholdengo
|-immune|p1a: Gholdengo|[from] ability: Good as Gold
|
|upkeep
|turn|50
|
|t:|1779940909
|switch|p2a: Clefable?|Blissey, F|80/100
|move|p1a: Gholdengo|Thunder Wave|p2a: Clefable?
|-status|p2a: Clefable?|par
|
|upkeep
|turn|51
|
|t:|1779940931
|switch|p1a: Kingambit|Kingambit, M|100/100
|-activate|p1a: Kingambit|ability: Supreme Overlord
|-start|p1a: Kingambit|fallen1|[silent]
|-curestatus|p2a: Clefable?|par|[from] ability: Natural Cure|[silent]
|switch|p2a: Landorus-Therian?|Gliscor, F|100/100 tox
|-damage|p2a: Landorus-Therian?|88/100 tox|[from] Stealth Rock
|
|-heal|p2a: Landorus-Therian?|100/100 tox|[from] ability: Poison Heal
|upkeep
|turn|52
|inactive|sicns has 120 seconds left.
|inactive|stone douchebag has 120 seconds left.
|
|t:|1779940980
|-end|p1a: Kingambit|fallen1|[silent]
|switch|p1a: Zapdos|Zapdos|83/100 tox
|move|p2a: Landorus-Therian?|Knock Off|p1a: Zapdos
|-damage|p1a: Zapdos|67/100 tox
|-enditem|p1a: Zapdos|Heavy-Duty Boots|[from] move: Knock Off|[of] p2a: Landorus-Therian?
|
|-damage|p1a: Zapdos|61/100 tox|[from] psn
|upkeep
|turn|53
|
|t:|1779940989
|move|p2a: Landorus-Therian?|Protect|p2a: Landorus-Therian?
|-singleturn|p2a: Landorus-Therian?|Protect
|move|p1a: Zapdos|Hurricane|p2a: Landorus-Therian?
|-activate|p2a: Landorus-Therian?|move: Protect
|
|-damage|p1a: Zapdos|49/100 tox|[from] psn
|upkeep
|turn|54
|
|t:|1779940996
|switch|p2a: Blissey?|Clefable, M|100/100
|move|p1a: Zapdos|Roost|p1a: Zapdos
|-heal|p1a: Zapdos|99/100 tox
|-singleturn|p1a: Zapdos|move: Roost
|
|-damage|p1a: Zapdos|81/100 tox|[from] psn
|upkeep
|turn|55
|
|t:|1779941011
|switch|p1a: Iron Treads|Iron Treads|88/100 slp
|move|p2a: Blissey?|Stealth Rock|p1a: Iron Treads
|-sidestart|p1: sicns|move: Stealth Rock
|
|-heal|p1a: Iron Treads|94/100 slp|[from] item: Leftovers
|upkeep
|turn|56
|
|t:|1779941019
|switch|p2a: Landorus-Therian?|Gliscor, F|100/100 tox
|-damage|p2a: Landorus-Therian?|88/100 tox|[from] Stealth Rock
|cant|p1a: Iron Treads|slp
|
|-heal|p1a: Iron Treads|99/100 slp|[from] item: Leftovers
|-heal|p2a: Landorus-Therian?|100/100 tox|[from] ability: Poison Heal
|upkeep
|turn|57
|
|t:|1779941028
|cant|p1a: Iron Treads|slp
|move|p2a: Landorus-Therian?|Knock Off|p1a: Iron Treads
|-crit|p1a: Iron Treads
|-damage|p1a: Iron Treads|72/100 slp
|-enditem|p1a: Iron Treads|Leftovers|[from] move: Knock Off|[of] p2a: Landorus-Therian?
|
|upkeep
|turn|58
|inactive|sicns has 120 seconds left.
|
|t:|1779941033
|-curestatus|p1a: Iron Treads|slp|[msg]
|move|p1a: Iron Treads|Rapid Spin|p2a: Landorus-Therian?
|-damage|p2a: Landorus-Therian?|91/100 tox
|-boost|p1a: Iron Treads|spe|1
|-sideend|p1: sicns|Stealth Rock|[from] move: Rapid Spin|[of] p1a: Iron Treads
|move|p2a: Landorus-Therian?|Earthquake|p1a: Iron Treads
|-supereffective|p1a: Iron Treads
|-damage|p1a: Iron Treads|13/100
|
|-heal|p2a: Landorus-Therian?|100/100 tox|[from] ability: Poison Heal
|upkeep
|turn|59
|inactive|sicns has 120 seconds left.
|
|t:|1779941045
|-end|p1a: Iron Treads|Quark Drive|[silent]
|switch|p1a: Zapdos|Zapdos|81/100 tox
|switch|p2a: Quagsire?|Dondozo, M|100/100 slp
|-damage|p2a: Quagsire?|84/100 slp|[from] Spikes
|-damage|p2a: Quagsire?|72/100 slp|[from] Stealth Rock
|
|-damage|p1a: Zapdos|75/100 tox|[from] psn
|upkeep
|turn|60
|inactive|sicns has 120 seconds left.
|
|t:|1779941068
|switch|p1a: Kingambit|Kingambit, M|100/100
|-activate|p1a: Kingambit|ability: Supreme Overlord
|-start|p1a: Kingambit|fallen1|[silent]
|switch|p2a: Blissey?|Clefable, M|100/100
|
|upkeep
|turn|61
|
|t:|1779941078
|move|p1a: Kingambit|Iron Head|p2a: Blissey?
|-supereffective|p2a: Blissey?
|-damage|p2a: Blissey?|0 fnt
|faint|p2a: Blissey?
|
|upkeep
|
|t:|1779941095
|switch|p2a: Landorus-Therian?|Gliscor, F|100/100 tox
|-damage|p2a: Landorus-Therian?|88/100 tox|[from] Stealth Rock
|turn|62
|inactive|sicns has 120 seconds left.
|
|t:|1779941107
|switch|p2a: Clefable?|Blissey, F|80/100
|-end|p1a: Kingambit|fallen1|[silent]
|switch|p1a: Zapdos|Zapdos|75/100 tox
|
|-damage|p1a: Zapdos|69/100 tox|[from] psn
|upkeep
|turn|63
|
|t:|1779941114
|switch|p1a: Ceruledge|Ceruledge, M|92/100
|switch|p2a: Landorus-Therian?|Gliscor, F|88/100 tox
|-damage|p2a: Landorus-Therian?|76/100 tox|[from] Stealth Rock
|
|-heal|p2a: Landorus-Therian?|88/100 tox|[from] ability: Poison Heal
|upkeep
|turn|64
|
|t:|1779941125
|switch|p1a: Zapdos|Zapdos|69/100 tox
|move|p2a: Landorus-Therian?|Knock Off|p1a: Zapdos
|-damage|p1a: Zapdos|60/100 tox
|
|-damage|p1a: Zapdos|54/100 tox|[from] psn
|-heal|p2a: Landorus-Therian?|100/100 tox|[from] ability: Poison Heal
|upkeep
|turn|65
|
|t:|1779941140
|move|p2a: Landorus-Therian?|Protect|p2a: Landorus-Therian?
|-singleturn|p2a: Landorus-Therian?|Protect
|move|p1a: Zapdos|Roost|p1a: Zapdos
|-heal|p1a: Zapdos|100/100 tox
|-singleturn|p1a: Zapdos|move: Roost
|
|-damage|p1a: Zapdos|88/100 tox|[from] psn
|upkeep
|turn|66
|
|t:|1779941148
|switch|p2a: Clefable?|Blissey, F|80/100
|move|p1a: Zapdos|Hurricane|p2a: Clefable?
|-damage|p2a: Clefable?|65/100
|
|-damage|p1a: Zapdos|70/100 tox|[from] psn
|upkeep
|turn|67
|inactive|stone douchebag has 120 seconds left.
|inactive|stone douchebag has 90 seconds left.
|inactive|stone douchebag has 60 seconds left.
|
|t:|1779941238
|switch|p1a: Ceruledge|Ceruledge, M|92/100
|switch|p2a: Landorus-Therian?|Gliscor, F|100/100 tox
|-damage|p2a: Landorus-Therian?|88/100 tox|[from] Stealth Rock
|
|-heal|p2a: Landorus-Therian?|100/100 tox|[from] ability: Poison Heal
|upkeep
|turn|68
|
|t:|1779941247
|switch|p1a: Zapdos|Zapdos|70/100 tox
|move|p2a: Landorus-Therian?|Knock Off|p1a: Zapdos
|-damage|p1a: Zapdos|61/100 tox
|
|-damage|p1a: Zapdos|55/100 tox|[from] psn
|upkeep
|turn|69
|inactive|stone douchebag has 60 seconds left.
|
|t:|1779941273
|move|p2a: Landorus-Therian?|Protect|p2a: Landorus-Therian?
|-singleturn|p2a: Landorus-Therian?|Protect
|move|p1a: Zapdos|Roost|p1a: Zapdos
|-heal|p1a: Zapdos|100/100 tox
|-singleturn|p1a: Zapdos|move: Roost
|
|-damage|p1a: Zapdos|88/100 tox|[from] psn
|upkeep
|turn|70
|
|t:|1779941283
|switch|p1a: Iron Treads|Iron Treads|13/100
|switch|p2a: Clefable?|Blissey, F|65/100
|
|upkeep
|turn|71
|j| sampad11
|inactive|stone douchebag has 60 seconds left.
|
|t:|1779941304
|move|p1a: Iron Treads|Knock Off|p2a: Clefable?
|-damage|p2a: Clefable?|25/100
|-enditem|p2a: Clefable?|Heavy-Duty Boots|[from] move: Knock Off|[of] p1a: Iron Treads
|move|p2a: Clefable?|Flamethrower|p1a: Iron Treads
|-supereffective|p1a: Iron Treads
|-damage|p1a: Iron Treads|0 fnt
|faint|p1a: Iron Treads
|-end|p1a: Iron Treads|Quark Drive|[silent]
|
|upkeep
|
|t:|1779941311
|switch|p1a: Ceruledge|Ceruledge, M|92/100
|turn|72
|inactive|stone douchebag has 60 seconds left.
|l| sampad11
|
|t:|1779941322
|move|p1a: Ceruledge|Swords Dance|p1a: Ceruledge
|-boost|p1a: Ceruledge|atk|2
|move|p2a: Clefable?|Soft-Boiled|p2a: Clefable?
|-heal|p2a: Clefable?|75/100
|
|upkeep
|turn|73
|
|t:|1779941335
|switch|p2a: Quagsire?|Dondozo, M|72/100 slp
|-damage|p2a: Quagsire?|55/100 slp|[from] Spikes
|-damage|p2a: Quagsire?|43/100 slp|[from] Stealth Rock
|move|p1a: Ceruledge|Bitter Blade|p2a: Quagsire?
|-resisted|p2a: Quagsire?
|-damage|p2a: Quagsire?|30/100 slp
|-heal|p1a: Ceruledge|100/100|[from] drain|[of] p2a: Quagsire?
|
|upkeep
|turn|74
|inactive|stone douchebag has 60 seconds left.
|
|t:|1779941369
|move|p1a: Ceruledge|Poltergeist||[still]
|-fail|p1a: Ceruledge
|cant|p2a: Quagsire?|slp
|move|p2a: Quagsire?|Sleep Talk|p2a: Quagsire?
|move|p2a: Quagsire?|Avalanche|p1a: Ceruledge|[from] move: Sleep Talk
|-resisted|p1a: Ceruledge
|-damage|p1a: Ceruledge|92/100
|-ability|p1a: Ceruledge|Weak Armor|boost
|-unboost|p1a: Ceruledge|def|1
|-boost|p1a: Ceruledge|spe|2
|
|upkeep
|turn|75
|
|t:|1779941382
|move|p1a: Ceruledge|Bitter Blade|p2a: Quagsire?
|-resisted|p2a: Quagsire?
|-damage|p2a: Quagsire?|20/100 slp
|-heal|p1a: Ceruledge|99/100|[from] drain|[of] p2a: Quagsire?
|cant|p2a: Quagsire?|slp
|move|p2a: Quagsire?|Sleep Talk|p2a: Quagsire?
|move|p2a: Quagsire?|Rest||[from] move: Sleep Talk|[still]
|-fail|p2a: Quagsire?
|
|upkeep
|turn|76
|inactive|sicns has 120 seconds left.
|
|t:|1779941408
|switch|p1a: Zapdos|Zapdos|88/100 tox
|-curestatus|p2a: Quagsire?|slp|[msg]
|move|p2a: Quagsire?|Rest|p2a: Quagsire?
|-status|p2a: Quagsire?|slp|[from] move: Rest
|-heal|p2a: Quagsire?|100/100 slp|[silent]
|
|-damage|p1a: Zapdos|82/100 tox|[from] psn
|upkeep
|turn|77
|inactive|sicns has 120 seconds left.
|inactive|stone douchebag has 60 seconds left.
|
|t:|1779941446
|switch|p1a: Gholdengo|Gholdengo|100/100
|-item|p1a: Gholdengo|Air Balloon
|switch|p2a: Clefable?|Blissey, F|75/100
|-damage|p2a: Clefable?|59/100|[from] Spikes
|-damage|p2a: Clefable?|46/100|[from] Stealth Rock
|
|upkeep
|turn|78
|
|t:|1779941455
|switch|p1a: Ceruledge|Ceruledge, M|99/100
|move|p2a: Clefable?|Soft-Boiled|p2a: Clefable?
|-heal|p2a: Clefable?|96/100
|
|upkeep
|turn|79
|inactive|stone douchebag has 60 seconds left.
|
|t:|1779941472
|switch|p1a: Gholdengo|Gholdengo|100/100
|-item|p1a: Gholdengo|Air Balloon
|switch|p2a: Landorus-Therian?|Gliscor, F|100/100 tox
|-damage|p2a: Landorus-Therian?|88/100 tox|[from] Stealth Rock
|
|-heal|p2a: Landorus-Therian?|100/100 tox|[from] ability: Poison Heal
|upkeep
|turn|80
|
|t:|1779941487
|move|p2a: Landorus-Therian?|Knock Off|p1a: Gholdengo
|-supereffective|p1a: Gholdengo
|-damage|p1a: Gholdengo|72/100
|-enditem|p1a: Gholdengo|Air Balloon
|move|p1a: Gholdengo|Hex|p2a: Landorus-Therian?
|-damage|p2a: Landorus-Therian?|38/100 tox
|
|-heal|p2a: Landorus-Therian?|51/100 tox|[from] ability: Poison Heal
|upkeep
|turn|81
|
|t:|1779941498
|move|p2a: Landorus-Therian?|Protect|p2a: Landorus-Therian?
|-singleturn|p2a: Landorus-Therian?|Protect
|move|p1a: Gholdengo|Recover|p1a: Gholdengo
|-heal|p1a: Gholdengo|100/100
|
|-heal|p2a: Landorus-Therian?|63/100 tox|[from] ability: Poison Heal
|upkeep
|turn|82
|
|t:|1779941505
|switch|p2a: Clefable?|Blissey, F|96/100
|-damage|p2a: Clefable?|80/100|[from] Spikes
|-damage|p2a: Clefable?|67/100|[from] Stealth Rock
|move|p1a: Gholdengo|Hex|p2a: Clefable?
|-immune|p2a: Clefable?
|
|upkeep
|turn|83
|
|t:|1779941513
|switch|p1a: Ceruledge|Ceruledge, M|99/100
|move|p2a: Clefable?|Soft-Boiled|p2a: Clefable?
|-heal|p2a: Clefable?|100/100
|
|upkeep
|turn|84
|inactive|sicns has 120 seconds left.
|inactive|stone douchebag has 90 seconds left.
|
|t:|1779941525
|switch|p2a: Landorus-Therian?|Gliscor, F|63/100 tox
|-damage|p2a: Landorus-Therian?|51/100 tox|[from] Stealth Rock
|move|p1a: Ceruledge|Swords Dance|p1a: Ceruledge
|-boost|p1a: Ceruledge|atk|2
|
|-heal|p2a: Landorus-Therian?|63/100 tox|[from] ability: Poison Heal
|upkeep
|turn|85
|inactive|sicns has 120 seconds left.
|
|t:|1779941535
|switch|p2a: Quagsire?|Dondozo, M|100/100 slp
|-damage|p2a: Quagsire?|84/100 slp|[from] Spikes
|-damage|p2a: Quagsire?|72/100 slp|[from] Stealth Rock
|move|p1a: Ceruledge|Shadow Sneak|p2a: Quagsire?
|-damage|p2a: Quagsire?|61/100 slp
|
|upkeep
|turn|86
|inactive|sicns has 120 seconds left.
|
|t:|1779941547
|switch|p1a: Gholdengo|Gholdengo|100/100
|cant|p2a: Quagsire?|slp
|move|p2a: Quagsire?|Sleep Talk|p2a: Quagsire?
|move|p2a: Quagsire?|Avalanche|p1a: Gholdengo|[from] move: Sleep Talk
|-resisted|p1a: Gholdengo
|-damage|p1a: Gholdengo|95/100
|
|upkeep
|turn|87
|inactive|sicns has 120 seconds left.
|
|t:|1779941557
|switch|p2a: Clefable?|Blissey, F|100/100
|-damage|p2a: Clefable?|84/100|[from] Spikes
|-damage|p2a: Clefable?|71/100|[from] Stealth Rock
|move|p1a: Gholdengo|Hex|p2a: Clefable?
|-immune|p2a: Clefable?
|
|upkeep
|turn|88
|
|t:|1779941567
|switch|p1a: Ceruledge|Ceruledge, M|99/100
|move|p2a: Clefable?|Flamethrower|p1a: Ceruledge
|-resisted|p1a: Ceruledge
|-damage|p1a: Ceruledge|90/100
|
|upkeep
|turn|89
|
|t:|1779941580
|switch|p2a: Landorus-Therian?|Gliscor, F|63/100 tox
|-damage|p2a: Landorus-Therian?|51/100 tox|[from] Stealth Rock
|move|p1a: Ceruledge|Bitter Blade|p2a: Landorus-Therian?
|-damage|p2a: Landorus-Therian?|19/100 tox
|-heal|p1a: Ceruledge|100/100|[from] drain|[of] p2a: Landorus-Therian?
|
|-heal|p2a: Landorus-Therian?|31/100 tox|[from] ability: Poison Heal
|upkeep
|turn|90
|inactive|sicns has 120 seconds left.
|inactive|stone douchebag has 90 seconds left.
|
|t:|1779941606
|move|p1a: Ceruledge|Shadow Sneak|p2a: Landorus-Therian?
|-damage|p2a: Landorus-Therian?|17/100 tox
|move|p2a: Landorus-Therian?|Earthquake|p1a: Ceruledge
|-supereffective|p1a: Ceruledge
|-damage|p1a: Ceruledge|19/100
|-ability|p1a: Ceruledge|Weak Armor|boost
|-unboost|p1a: Ceruledge|def|1
|-boost|p1a: Ceruledge|spe|2
|
|-heal|p2a: Landorus-Therian?|29/100 tox|[from] ability: Poison Heal
|upkeep
|turn|91
|
|t:|1779941615
|move|p2a: Landorus-Therian?|Protect|p2a: Landorus-Therian?
|-singleturn|p2a: Landorus-Therian?|Protect
|move|p1a: Ceruledge|Bitter Blade|p2a: Landorus-Therian?
|-activate|p2a: Landorus-Therian?|move: Protect
|
|-heal|p2a: Landorus-Therian?|41/100 tox|[from] ability: Poison Heal
|upkeep
|turn|92
|
|t:|1779941622
|move|p1a: Ceruledge|Bitter Blade|p2a: Landorus-Therian?
|-damage|p2a: Landorus-Therian?|13/100 tox
|-heal|p1a: Ceruledge|34/100|[from] drain|[of] p2a: Landorus-Therian?
|move|p2a: Landorus-Therian?|Earthquake|p1a: Ceruledge
|-supereffective|p1a: Ceruledge
|-damage|p1a: Ceruledge|0 fnt
|faint|p1a: Ceruledge
|
|-heal|p2a: Landorus-Therian?|25/100 tox|[from] ability: Poison Heal
|upkeep
|
|t:|1779941632
|switch|p1a: Kingambit|Kingambit, M|100/100
|-activate|p1a: Kingambit|ability: Supreme Overlord
|-start|p1a: Kingambit|fallen3|[silent]
|turn|93
|l|☆stone douchebag
|inactive|stone douchebag disconnected and has a minute to reconnect!
|player|p2|
|j|☆stone douchebag
|inactive|stone douchebag reconnected and has 95 seconds left.
|player|p2|stone douchebag|265|
|inactive|stone douchebag has 90 seconds left.
|
|t:|1779941680
|switch|p2a: Amoongus?|Vileplume, F|59/100
|-damage|p2a: Amoongus?|43/100|[from] Spikes
|-damage|p2a: Amoongus?|30/100|[from] Stealth Rock
|-terastallize|p1a: Kingambit|Fighting
|move|p1a: Kingambit|Swords Dance|p1a: Kingambit
|-boost|p1a: Kingambit|atk|2
|
|upkeep
|turn|94
|
|t:|1779941690
|move|p1a: Kingambit|Iron Head|p2a: Amoongus?
|-damage|p2a: Amoongus?|0 fnt
|faint|p2a: Amoongus?
|
|upkeep
|
|t:|1779941694
|switch|p2a: Quagsire?|Dondozo, M|61/100 slp
|-damage|p2a: Quagsire?|45/100 slp|[from] Spikes
|-damage|p2a: Quagsire?|32/100 slp|[from] Stealth Rock
|turn|95
|
|t:|1779941698
|move|p1a: Kingambit|Low Kick|p2a: Quagsire?
|-damage|p2a: Quagsire?|0 fnt
|faint|p2a: Quagsire?
|
|upkeep
|
|t:|1779941705
|switch|p2a: Clefable?|Blissey, F|71/100
|-damage|p2a: Clefable?|55/100|[from] Spikes
|-damage|p2a: Clefable?|42/100|[from] Stealth Rock
|turn|96
|
|t:|1779941712
|-terastallize|p2a: Clefable?|Ghost
|move|p1a: Kingambit|Low Kick|p2a: Clefable?
|-immune|p2a: Clefable?
|move|p2a: Clefable?|Ice Beam|p1a: Kingambit
|-damage|p1a: Kingambit|80/100
|
|-heal|p1a: Kingambit|86/100|[from] item: Leftovers
|upkeep
|turn|97
|-message|stone douchebag forfeited.
|
|win|sicns
|raw|sicns's rating: 1457 &rarr; <strong>1472</strong><br />(+15 for winning)
|raw|stone douchebag's rating: 1373 &rarr; <strong>1358</strong><br />(-15 for losing)
|l|☆stone douchebag
|player|p2|
