|j|☆claudechamp
|j|☆maxcolor
|t:|1779880256
|gametype|singles
|player|p1|claudechamp|169|1304
|player|p2|maxcolor|ghetsis|1259
|gen|9
|tier|[Gen 9] OU
|rated|
|rule|HP Percentage Mod: HP is shown in percentages
|rule|Endless Battle Clause: Forcing endless battles is banned
|rule|Species Clause: Limit one of each Pokémon
|rule|OHKO Clause: OHKO moves are banned
|rule|Evasion Items Clause: Evasion items are banned
|rule|Evasion Moves Clause: Evasion moves are banned
|rule|Evasion Abilities Clause: Evasion abilities are banned
|rule|Sleep Moves Clause: Sleep-inducing moves are banned
|clearpoke
|poke|p1|Gliscor, F|
|poke|p1|Gholdengo|
|poke|p1|Zamazenta-*|
|poke|p1|Blissey, F|
|poke|p1|Skarmory, M|
|poke|p1|Pecharunt|
|poke|p2|Flamigo, M|
|poke|p2|Mamoswine, F|
|poke|p2|Toxtricity, M|
|poke|p2|Dragapult, F|
|poke|p2|Corviknight, M|
|poke|p2|Umbreon, F|
|teampreview
|c|☆claudechamp|hf
|inactive|Battle timer is ON: inactive players will automatically lose when time's up. (requested by maxcolor)
|inactive|claudechamp also wants the timer to be on.
|
|t:|1779880271
|teamsize|p1|6
|teamsize|p2|6
|start
|switch|p1a: Skarmory|Skarmory, M|100/100
|switch|p2a: Dragapult|Dragapult, F, shiny|100/100
|turn|1
|
|t:|1779880273
|move|p2a: Dragapult|Flamethrower|p1a: Skarmory
|-supereffective|p1a: Skarmory
|-ability|p1a: Skarmory|Sturdy
|-damage|p1a: Skarmory|1/100
|move|p1a: Skarmory|Spikes|p2a: Dragapult
|-sidestart|p2: maxcolor|Spikes
|
|upkeep
|turn|2
|
|t:|1779880280
|switch|p1a: Blissey|Blissey, F|100/100
|move|p2a: Dragapult|Flamethrower|p1a: Blissey
|-damage|p1a: Blissey|88/100
|
|upkeep
|turn|3
|
|t:|1779880286
|switch|p2a: Mamoswine|Mamoswine, F|100/100
|-damage|p2a: Mamoswine|88/100|[from] Spikes
|move|p1a: Blissey|Stealth Rock|p2a: Mamoswine
|-sidestart|p2: maxcolor|move: Stealth Rock
|
|upkeep
|turn|4
|
|t:|1779880290
|switch|p1a: Gliscor|Gliscor, F|100/100
|move|p2a: Mamoswine|Knock Off|p1a: Gliscor
|-damage|p1a: Gliscor|72/100
|-enditem|p1a: Gliscor|Toxic Orb|[from] move: Knock Off|[of] p2a: Mamoswine
|
|upkeep
|turn|5
|
|t:|1779880297
|move|p1a: Gliscor|Swords Dance|p1a: Gliscor
|-boost|p1a: Gliscor|atk|2
|move|p2a: Mamoswine|Icicle Crash|p1a: Gliscor
|-supereffective|p1a: Gliscor
|-damage|p1a: Gliscor|0 fnt
|faint|p1a: Gliscor
|
|upkeep
|
|t:|1779880307
|switch|p1a: Zamazenta|Zamazenta|100/100
|-ability|p1a: Zamazenta|Dauntless Shield|boost
|-boost|p1a: Zamazenta|def|1
|turn|6
|
|t:|1779880311
|switch|p2a: Elseñor d la noche|Corviknight, M, shiny|100/100
|-damage|p2a: Elseñor d la noche|88/100|[from] Stealth Rock
|move|p1a: Zamazenta|Close Combat|p2a: Elseñor d la noche
|-damage|p2a: Elseñor d la noche|52/100
|-unboost|p1a: Zamazenta|def|1
|-unboost|p1a: Zamazenta|spd|1
|-damage|p1a: Zamazenta|84/100|[from] item: Rocky Helmet|[of] p2a: Elseñor d la noche
|
|upkeep
|turn|7
|
|t:|1779880316
|move|p1a: Zamazenta|Close Combat|p2a: Elseñor d la noche
|-damage|p2a: Elseñor d la noche|16/100
|-unboost|p1a: Zamazenta|def|1
|-unboost|p1a: Zamazenta|spd|1
|-damage|p1a: Zamazenta|67/100|[from] item: Rocky Helmet|[of] p2a: Elseñor d la noche
|move|p2a: Elseñor d la noche|Roost|p2a: Elseñor d la noche
|-heal|p2a: Elseñor d la noche|66/100
|-singleturn|p2a: Elseñor d la noche|move: Roost
|
|upkeep
|turn|8
|
|t:|1779880325
|switch|p1a: Gholdengo|Gholdengo|100/100
|move|p2a: Elseñor d la noche|Roost|p2a: Elseñor d la noche
|-heal|p2a: Elseñor d la noche|100/100
|-singleturn|p2a: Elseñor d la noche|move: Roost
|
|upkeep
|turn|9
|
|t:|1779880332
|switch|p2a: Umbreon|Umbreon, F, shiny|100/100
|-damage|p2a: Umbreon|88/100|[from] Spikes
|-damage|p2a: Umbreon|76/100|[from] Stealth Rock
|move|p1a: Gholdengo|Nasty Plot|p1a: Gholdengo
|-boost|p1a: Gholdengo|spa|2
|
|-heal|p2a: Umbreon|82/100|[from] item: Leftovers
|upkeep
|turn|10
|
|t:|1779880339
|move|p1a: Gholdengo|Thunder Wave|p2a: Umbreon
|-status|p2a: Umbreon|par
|-activate|p2a: Umbreon|ability: Synchronize
|-status|p1a: Gholdengo|par
|move|p2a: Umbreon|Roar|p1a: Gholdengo
|-immune|p1a: Gholdengo|[from] ability: Good as Gold
|
|-heal|p2a: Umbreon|88/100 par|[from] item: Leftovers
|upkeep
|turn|11
|
|t:|1779880348
|move|p1a: Gholdengo|Nasty Plot|p1a: Gholdengo
|-boost|p1a: Gholdengo|spa|2
|move|p2a: Umbreon|Foul Play|p1a: Gholdengo
|-supereffective|p1a: Gholdengo
|-damage|p1a: Gholdengo|78/100 par
|
|-heal|p2a: Umbreon|94/100 par|[from] item: Leftovers
|upkeep
|turn|12
|
|t:|1779880354
|move|p1a: Gholdengo|Hex|p2a: Umbreon
|-resisted|p2a: Umbreon
|-damage|p2a: Umbreon|49/100 par
|move|p2a: Umbreon|Foul Play|p1a: Gholdengo
|-supereffective|p1a: Gholdengo
|-damage|p1a: Gholdengo|55/100 par
|
|-heal|p2a: Umbreon|55/100 par|[from] item: Leftovers
|upkeep
|turn|13
|
|t:|1779880365
|switch|p2a: Flamigo|Flamigo, M, shiny|100/100
|-damage|p2a: Flamigo|88/100|[from] Stealth Rock
|cant|p1a: Gholdengo|par
|
|upkeep
|turn|14
|
|t:|1779880376
|move|p2a: Flamigo|Close Combat|p1a: Gholdengo
|-supereffective|p1a: Gholdengo
|-damage|p1a: Gholdengo|0 fnt
|-unboost|p2a: Flamigo|def|1
|-unboost|p2a: Flamigo|spd|1
|faint|p1a: Gholdengo
|
|upkeep
|
|t:|1779880386
|switch|p1a: Pecharunt|Pecharunt|100/100
|turn|15
|
|t:|1779880400
|switch|p2a: Elseñor d la noche|Corviknight, M, shiny|100/100
|-damage|p2a: Elseñor d la noche|88/100|[from] Stealth Rock
|move|p1a: Pecharunt|Parting Shot|p2a: Elseñor d la noche
|-ability|p2a: Elseñor d la noche|Mirror Armor
|-unboost|p1a: Pecharunt|atk|1
|-ability|p2a: Elseñor d la noche|Mirror Armor
|-unboost|p1a: Pecharunt|spa|1
|
|t:|1779880408
|switch|p1a: Skarmory|Skarmory, M|1/100|[from] Parting Shot
|
|upkeep
|turn|16
|
|t:|1779880412
|move|p1a: Skarmory|Roost|p1a: Skarmory
|-heal|p1a: Skarmory|51/100
|-singleturn|p1a: Skarmory|move: Roost
|move|p2a: Elseñor d la noche|Body Press|p1a: Skarmory
|-supereffective|p1a: Skarmory
|-damage|p1a: Skarmory|20/100
|
|upkeep
|turn|17
|
|t:|1779880419
|move|p1a: Skarmory|Roost|p1a: Skarmory
|-heal|p1a: Skarmory|70/100
|-singleturn|p1a: Skarmory|move: Roost
|move|p2a: Elseñor d la noche|Defog|p1a: Skarmory
|-unboost|p1a: Skarmory|evasion|1
|-sideend|p2: maxcolor|Spikes|[from] move: Defog|[of] p2a: Elseñor d la noche
|-sideend|p2: maxcolor|Stealth Rock|[from] move: Defog|[of] p2a: Elseñor d la noche
|
|upkeep
|turn|18
|
|t:|1779880424
|switch|p2a: Toxtricity|Toxtricity, M|100/100
|move|p1a: Skarmory|Spikes|p2a: Toxtricity
|-sidestart|p2: maxcolor|Spikes
|
|upkeep
|turn|19
|
|t:|1779880427
|move|p2a: Toxtricity|Overdrive|p1a: Skarmory
|-supereffective|p1a: Skarmory
|-damage|p1a: Skarmory|0 fnt
|faint|p1a: Skarmory
|-enditem|p2a: Toxtricity|Throat Spray
|-boost|p2a: Toxtricity|spa|1|[from] item: Throat Spray
|
|upkeep
|
|t:|1779880432
|switch|p1a: Blissey|Blissey, F|88/100
|turn|20
|
|t:|1779880438
|move|p2a: Toxtricity|Overdrive|p1a: Blissey
|-damage|p1a: Blissey|65/100
|move|p1a: Blissey|Shadow Ball|p2a: Toxtricity
|-damage|p2a: Toxtricity|75/100
|
|upkeep
|turn|21
|
|t:|1779880450
|move|p2a: Toxtricity|Shift Gear|p2a: Toxtricity
|-boost|p2a: Toxtricity|spe|2
|-boost|p2a: Toxtricity|atk|1
|move|p1a: Blissey|Shadow Ball|p2a: Toxtricity
|-damage|p2a: Toxtricity|51/100
|
|upkeep
|turn|22
|
|t:|1779880455
|switch|p1a: Pecharunt|Pecharunt|100/100
|-terastallize|p2a: Toxtricity|Normal
|move|p2a: Toxtricity|Boomburst|p1a: Pecharunt
|-immune|p1a: Pecharunt
|
|upkeep
|turn|23
|
|t:|1779880459
|move|p2a: Toxtricity|Overdrive|p1a: Pecharunt
|-damage|p1a: Pecharunt|23/100
|move|p1a: Pecharunt|Toxic|p2a: Toxtricity
|-status|p2a: Toxtricity|tox
|-start|p2a: Toxtricity|confusion|[from] ability: Poison Puppeteer|[of] p1a: Pecharunt
|
|-damage|p2a: Toxtricity|45/100 tox|[from] psn
|upkeep
|turn|24
|
|t:|1779880464
|switch|p1a: Blissey|Blissey, F|65/100
|-activate|p2a: Toxtricity|confusion
|-damage|p2a: Toxtricity|29/100 tox|[from] confusion
|
|-damage|p2a: Toxtricity|17/100 tox|[from] psn
|upkeep
|turn|25
|
|t:|1779880470
|switch|p1a: Pecharunt|Pecharunt|23/100
|-activate|p2a: Toxtricity|confusion
|-damage|p2a: Toxtricity|0 fnt|[from] confusion
|faint|p2a: Toxtricity
|
|upkeep
|
|t:|1779880473
|switch|p2a: Mamoswine|Mamoswine, F|88/100
|-damage|p2a: Mamoswine|75/100|[from] Spikes
|turn|26
|
|t:|1779880477
|move|p1a: Pecharunt|Recover|p1a: Pecharunt
|-heal|p1a: Pecharunt|73/100
|move|p2a: Mamoswine|Earthquake|p1a: Pecharunt
|-supereffective|p1a: Pecharunt
|-damage|p1a: Pecharunt|16/100
|
|upkeep
|turn|27
|
|t:|1779880486
|-terastallize|p1a: Pecharunt|Fairy
|move|p1a: Pecharunt|Recover|p1a: Pecharunt
|-heal|p1a: Pecharunt|66/100
|move|p2a: Mamoswine|Earthquake|p1a: Pecharunt
|-damage|p1a: Pecharunt|41/100
|
|upkeep
|turn|28
|
|t:|1779880499
|switch|p2a: Umbreon|Umbreon, F, shiny|55/100 par
|-damage|p2a: Umbreon|43/100 par|[from] Spikes
|move|p1a: Pecharunt|Recover|p1a: Pecharunt
|-heal|p1a: Pecharunt|91/100
|
|-heal|p2a: Umbreon|49/100 par|[from] item: Leftovers
|upkeep
|turn|29
|
|t:|1779880505
|move|p1a: Pecharunt|Parting Shot|p2a: Umbreon
|-unboost|p2a: Umbreon|atk|1
|-unboost|p2a: Umbreon|spa|1
|
|t:|1779880510
|switch|p1a: Blissey|Blissey, F|65/100|[from] Parting Shot
|move|p2a: Umbreon|Moonlight|p2a: Umbreon
|-heal|p2a: Umbreon|99/100 par
|
|-heal|p2a: Umbreon|100/100 par|[from] item: Leftovers
|upkeep
|turn|30
|
|t:|1779880519
|move|p1a: Blissey|Soft-Boiled|p1a: Blissey
|-heal|p1a: Blissey|100/100
|move|p2a: Umbreon|Toxic|p1a: Blissey
|-status|p1a: Blissey|tox
|
|-damage|p1a: Blissey|94/100 tox|[from] psn
|upkeep
|turn|31
|
|t:|1779880527
|-curestatus|p1a: Blissey|tox|[from] ability: Natural Cure|[silent]
|switch|p1a: Pecharunt|Pecharunt, tera:Fairy|91/100
|switch|p2a: Elseñor d la noche|Corviknight, M, shiny|88/100
|
|upkeep
|turn|32
|
|t:|1779880533
|move|p1a: Pecharunt|Shadow Ball|p2a: Elseñor d la noche
|-damage|p2a: Elseñor d la noche|66/100
|move|p2a: Elseñor d la noche|Defog|p1a: Pecharunt
|-unboost|p1a: Pecharunt|evasion|1
|-sideend|p2: maxcolor|Spikes|[from] move: Defog|[of] p2a: Elseñor d la noche
|
|upkeep
|turn|33
|
|t:|1779880544
|move|p1a: Pecharunt|Recover|p1a: Pecharunt
|-heal|p1a: Pecharunt|100/100
|move|p2a: Elseñor d la noche|Brave Bird|p1a: Pecharunt
|-crit|p1a: Pecharunt
|-damage|p1a: Pecharunt|73/100
|-damage|p2a: Elseñor d la noche|57/100|[from] Recoil
|
|upkeep
|turn|34
|
|t:|1779880552
|move|p1a: Pecharunt|Recover|p1a: Pecharunt
|-heal|p1a: Pecharunt|100/100
|move|p2a: Elseñor d la noche|Roost|p2a: Elseñor d la noche
|-heal|p2a: Elseñor d la noche|100/100
|-singleturn|p2a: Elseñor d la noche|move: Roost
|
|upkeep
|turn|35
|
|t:|1779880563
|switch|p2a: Mamoswine|Mamoswine, F|75/100
|move|p1a: Pecharunt|Shadow Ball|p2a: Mamoswine
|-damage|p2a: Mamoswine|55/100
|
|upkeep
|turn|36
|
|t:|1779880568
|move|p1a: Pecharunt|Toxic|p2a: Mamoswine
|-status|p2a: Mamoswine|tox
|-start|p2a: Mamoswine|confusion|[from] ability: Poison Puppeteer|[of] p1a: Pecharunt
|-activate|p2a: Mamoswine|confusion
|move|p2a: Mamoswine|Knock Off|p1a: Pecharunt
|-resisted|p1a: Pecharunt
|-damage|p1a: Pecharunt|92/100
|-enditem|p1a: Pecharunt|Heavy-Duty Boots|[from] move: Knock Off|[of] p2a: Mamoswine
|
|-damage|p2a: Mamoswine|49/100 tox|[from] psn
|upkeep
|turn|37
|
|t:|1779880578
|move|p1a: Pecharunt|Parting Shot|p2a: Mamoswine
|-unboost|p2a: Mamoswine|atk|1
|-unboost|p2a: Mamoswine|spa|1
|
|t:|1779880588
|switch|p1a: Blissey|Blissey, F|94/100|[from] Parting Shot
|-activate|p2a: Mamoswine|confusion
|-damage|p2a: Mamoswine|40/100 tox|[from] confusion
|
|-damage|p2a: Mamoswine|28/100 tox|[from] psn
|upkeep
|turn|38
|
|t:|1779880598
|-end|p2a: Mamoswine|confusion
|move|p2a: Mamoswine|Earthquake|p1a: Blissey
|-damage|p1a: Blissey|57/100
|move|p1a: Blissey|Stealth Rock|p2a: Mamoswine
|-sidestart|p2: maxcolor|move: Stealth Rock
|
|-damage|p2a: Mamoswine|9/100 tox|[from] psn
|upkeep
|turn|39
|
|t:|1779880605
|move|p2a: Mamoswine|Earthquake|p1a: Blissey
|-damage|p1a: Blissey|16/100
|move|p1a: Blissey|Soft-Boiled|p1a: Blissey
|-heal|p1a: Blissey|66/100
|
|-damage|p2a: Mamoswine|0 fnt|[from] psn
|faint|p2a: Mamoswine
|upkeep
|
|t:|1779880615
|switch|p2a: Flamigo|Flamigo, M, shiny|88/100
|-damage|p2a: Flamigo|76/100|[from] Stealth Rock
|turn|40
|
|t:|1779880621
|switch|p1a: Pecharunt|Pecharunt, tera:Fairy|92/100
|move|p2a: Flamigo|Brave Bird|p1a: Pecharunt
|-damage|p1a: Pecharunt|63/100
|-damage|p2a: Flamigo|64/100|[from] Recoil
|
|upkeep
|turn|41
|
|t:|1779880632
|move|p2a: Flamigo|Brave Bird|p1a: Pecharunt
|-damage|p1a: Pecharunt|31/100
|-damage|p2a: Flamigo|50/100|[from] Recoil
|move|p1a: Pecharunt|Recover|p1a: Pecharunt
|-heal|p1a: Pecharunt|81/100
|
|upkeep
|turn|42
|
|t:|1779880643
|switch|p2a: Elseñor d la noche|Corviknight, M, shiny|100/100
|-damage|p2a: Elseñor d la noche|88/100|[from] Stealth Rock
|move|p1a: Pecharunt|Parting Shot|p2a: Elseñor d la noche
|-ability|p2a: Elseñor d la noche|Mirror Armor
|-unboost|p1a: Pecharunt|atk|1
|-ability|p2a: Elseñor d la noche|Mirror Armor
|-unboost|p1a: Pecharunt|spa|1
|
|t:|1779880653
|switch|p1a: Blissey|Blissey, F|66/100|[from] Parting Shot
|
|upkeep
|turn|43
|
|t:|1779880658
|move|p2a: Elseñor d la noche|Body Press|p1a: Blissey
|-supereffective|p1a: Blissey
|-damage|p1a: Blissey|11/100
|move|p1a: Blissey|Shadow Ball|p2a: Elseñor d la noche
|-damage|p2a: Elseñor d la noche|74/100
|
|upkeep
|turn|44
|
|t:|1779880668
|move|p2a: Elseñor d la noche|Brave Bird|p1a: Blissey
|-damage|p1a: Blissey|0 fnt
|faint|p1a: Blissey
|-damage|p2a: Elseñor d la noche|68/100|[from] Recoil
|
|upkeep
|
|t:|1779880679
|switch|p1a: Pecharunt|Pecharunt, tera:Fairy|81/100
|turn|45
|
|t:|1779880689
|move|p1a: Pecharunt|Shadow Ball|p2a: Elseñor d la noche
|-damage|p2a: Elseñor d la noche|44/100
|move|p2a: Elseñor d la noche|Defog|p1a: Pecharunt
|-unboost|p1a: Pecharunt|evasion|1
|-sideend|p2: maxcolor|Stealth Rock|[from] move: Defog|[of] p2a: Elseñor d la noche
|
|upkeep
|turn|46
|
|t:|1779880695
|move|p1a: Pecharunt|Recover|p1a: Pecharunt
|-heal|p1a: Pecharunt|100/100
|move|p2a: Elseñor d la noche|Roost|p2a: Elseñor d la noche
|-heal|p2a: Elseñor d la noche|94/100
|-singleturn|p2a: Elseñor d la noche|move: Roost
|
|upkeep
|turn|47
|
|t:|1779880700
|move|p1a: Pecharunt|Parting Shot|p2a: Elseñor d la noche
|-ability|p2a: Elseñor d la noche|Mirror Armor
|-unboost|p1a: Pecharunt|atk|1
|-ability|p2a: Elseñor d la noche|Mirror Armor
|-unboost|p1a: Pecharunt|spa|1
|
|t:|1779880705
|switch|p1a: Zamazenta|Zamazenta|67/100|[from] Parting Shot
|move|p2a: Elseñor d la noche|Brave Bird|p1a: Zamazenta
|-supereffective|p1a: Zamazenta
|-damage|p1a: Zamazenta|4/100
|-damage|p2a: Elseñor d la noche|76/100|[from] Recoil
|
|upkeep
|turn|48
|
|t:|1779880720
|switch|p1a: Pecharunt|Pecharunt, tera:Fairy|100/100
|move|p2a: Elseñor d la noche|Roost|p2a: Elseñor d la noche
|-heal|p2a: Elseñor d la noche|100/100
|-singleturn|p2a: Elseñor d la noche|move: Roost
|
|upkeep
|turn|49
|
|t:|1779880730
|move|p1a: Pecharunt|Parting Shot|p2a: Elseñor d la noche
|-ability|p2a: Elseñor d la noche|Mirror Armor
|-unboost|p1a: Pecharunt|atk|1
|-ability|p2a: Elseñor d la noche|Mirror Armor
|-unboost|p1a: Pecharunt|spa|1
|
|t:|1779880735
|switch|p1a: Zamazenta|Zamazenta|4/100|[from] Parting Shot
|move|p2a: Elseñor d la noche|Brave Bird|p1a: Zamazenta
|-supereffective|p1a: Zamazenta
|-damage|p1a: Zamazenta|0 fnt
|faint|p1a: Zamazenta
|-damage|p2a: Elseñor d la noche|99/100|[from] Recoil
|
|upkeep
|
|t:|1779880750
|switch|p1a: Pecharunt|Pecharunt, tera:Fairy|100/100
|turn|50
|
|t:|1779880763
|move|p1a: Pecharunt|Shadow Ball|p2a: Elseñor d la noche
|-damage|p2a: Elseñor d la noche|75/100
|move|p2a: Elseñor d la noche|Brave Bird|p1a: Pecharunt
|-damage|p1a: Pecharunt|84/100
|-damage|p2a: Elseñor d la noche|70/100|[from] Recoil
|
|upkeep
|turn|51
|
|t:|1779880773
|move|p1a: Pecharunt|Recover|p1a: Pecharunt
|-heal|p1a: Pecharunt|100/100
|move|p2a: Elseñor d la noche|Brave Bird|p1a: Pecharunt
|-damage|p1a: Pecharunt|82/100
|-damage|p2a: Elseñor d la noche|63/100|[from] Recoil
|
|upkeep
|turn|52
|
|t:|1779880779
|move|p1a: Pecharunt|Shadow Ball|p2a: Elseñor d la noche
|-damage|p2a: Elseñor d la noche|40/100
|move|p2a: Elseñor d la noche|Brave Bird|p1a: Pecharunt
|-damage|p1a: Pecharunt|65/100
|-damage|p2a: Elseñor d la noche|35/100|[from] Recoil
|
|upkeep
|turn|53
|
|t:|1779880784
|move|p1a: Pecharunt|Shadow Ball|p2a: Elseñor d la noche
|-damage|p2a: Elseñor d la noche|10/100
|move|p2a: Elseñor d la noche|Roost|p2a: Elseñor d la noche
|-heal|p2a: Elseñor d la noche|60/100
|-singleturn|p2a: Elseñor d la noche|move: Roost
|
|upkeep
|turn|54
|
|t:|1779880794
|move|p1a: Pecharunt|Shadow Ball|p2a: Elseñor d la noche
|-crit|p2a: Elseñor d la noche
|-damage|p2a: Elseñor d la noche|28/100
|move|p2a: Elseñor d la noche|Roost|p2a: Elseñor d la noche
|-heal|p2a: Elseñor d la noche|78/100
|-singleturn|p2a: Elseñor d la noche|move: Roost
|
|upkeep
|turn|55
|
|t:|1779880804
|move|p1a: Pecharunt|Parting Shot|p2a: Elseñor d la noche
|-ability|p2a: Elseñor d la noche|Mirror Armor
|-unboost|p1a: Pecharunt|atk|1
|-ability|p2a: Elseñor d la noche|Mirror Armor
|-unboost|p1a: Pecharunt|spa|1
|move|p2a: Elseñor d la noche|Brave Bird|p1a: Pecharunt
|-damage|p1a: Pecharunt|48/100
|-damage|p2a: Elseñor d la noche|72/100|[from] Recoil
|
|upkeep
|turn|56
|
|t:|1779880813
|move|p1a: Pecharunt|Shadow Ball|p2a: Elseñor d la noche
|-damage|p2a: Elseñor d la noche|56/100
|move|p2a: Elseñor d la noche|Brave Bird|p1a: Pecharunt
|-damage|p1a: Pecharunt|31/100
|-damage|p2a: Elseñor d la noche|51/100|[from] Recoil
|
|upkeep
|turn|57
|
|t:|1779880823
|move|p1a: Pecharunt|Parting Shot|p2a: Elseñor d la noche
|-ability|p2a: Elseñor d la noche|Mirror Armor
|-unboost|p1a: Pecharunt|atk|1
|-ability|p2a: Elseñor d la noche|Mirror Armor
|-unboost|p1a: Pecharunt|spa|1
|move|p2a: Elseñor d la noche|Roost|p2a: Elseñor d la noche
|-heal|p2a: Elseñor d la noche|100/100
|-singleturn|p2a: Elseñor d la noche|move: Roost
|
|upkeep
|turn|58
|
|t:|1779880833
|switch|p2a: Dragapult|Dragapult, F, shiny|100/100
|move|p1a: Pecharunt|Shadow Ball|p2a: Dragapult
|-supereffective|p2a: Dragapult
|-damage|p2a: Dragapult|64/100
|
|upkeep
|turn|59
|
|t:|1779880836
|move|p2a: Dragapult|Shadow Ball|p1a: Pecharunt
|-damage|p1a: Pecharunt|0 fnt
|faint|p1a: Pecharunt
|
|win|maxcolor
|raw|claudechamp's rating: 1285 &rarr; <strong>1258</strong><br />(-27 for losing)
|raw|maxcolor's rating: 1259 &rarr; <strong>1286</strong><br />(+27 for winning)
|c|☆claudechamp|gg
|l|☆maxcolor
|player|p2|
