|j|☆digederoo
|j|☆glimpseman
|t:|1779902886
|gametype|singles
|player|p1|digederoo|170|1434
|player|p2|glimpseman|#wcor2025canada|1507
|gen|9
|tier|[Gen 9] OU
|rated|
|rule|HP Percentage Mod: HP is shown in percentages
|rule|Endless Battle Clause: Forcing endless battles is banned
|rule|Species Clause: Limit one of each Pokémon
|rule|OHKO Clause: OHKO moves are banned
|rule|Evasion Items Clause: Evasion items are banned
|rule|Evasion Moves Clause: Evasion moves are banned
|rule|Evasion Abilities Clause: Evasion abilities are banned
|rule|Sleep Moves Clause: Sleep-inducing moves are banned
|clearpoke
|poke|p1|Walking Wake|
|poke|p1|Great Tusk|
|poke|p1|Ninetales, F|
|poke|p1|Cresselia, F|
|poke|p1|Zarude|
|poke|p1|Ceruledge, M|
|poke|p2|Gliscor, M|
|poke|p2|Heatran, M|
|poke|p2|Weezing-Galar, M|
|poke|p2|Zamazenta-*|
|poke|p2|Ogerpon, F|
|poke|p2|Samurott-Hisui, M|
|teampreview
|inactive|Battle timer is ON: inactive players will automatically lose when time's up. (requested by glimpseman)
|inactive|digederoo also wants the timer to be on.
|
|t:|1779902899
|teamsize|p1|6
|teamsize|p2|6
|start
|switch|p1a: Ninetales|Ninetales, F|100/100
|switch|p2a: Samurott|Samurott-Hisui, M|100/100
|-weather|SunnyDay|[from] ability: Drought|[of] p1a: Ninetales
|turn|1
|
|t:|1779902904
|switch|p1a: Great Tusk|Great Tusk|100/100
|-activate|p1a: Great Tusk|ability: Protosynthesis
|-start|p1a: Great Tusk|protosynthesisatk
|move|p2a: Samurott|Ceaseless Edge|p1a: Great Tusk
|-resisted|p1a: Great Tusk
|-damage|p1a: Great Tusk|87/100
|-sidestart|p1: digederoo|Spikes
|
|-weather|SunnyDay|[upkeep]
|upkeep
|turn|2
|
|t:|1779902911
|switch|p2a: Weezing|Weezing-Galar, M|100/100
|-ability|p2a: Weezing|Neutralizing Gas
|move|p1a: Great Tusk|Rapid Spin|p2a: Weezing
|-damage|p2a: Weezing|88/100
|-boost|p1a: Great Tusk|spe|1
|-sideend|p1: digederoo|Spikes|[from] move: Rapid Spin|[of] p1a: Great Tusk
|
|-weather|SunnyDay|[upkeep]
|upkeep
|turn|3
|
|t:|1779902917
|-end|p2a: Weezing|ability: Neutralizing Gas
|switch|p2a: Heatran|Heatran, M|100/100
|-item|p2a: Heatran|Air Balloon
|move|p1a: Great Tusk|Headlong Rush|p2a: Heatran
|-immune|p2a: Heatran
|
|-weather|SunnyDay|[upkeep]
|upkeep
|turn|4
|
|t:|1779902921
|move|p1a: Great Tusk|Close Combat|p2a: Heatran
|-supereffective|p2a: Heatran
|-crit|p2a: Heatran
|-damage|p2a: Heatran|0 fnt
|-unboost|p1a: Great Tusk|def|1
|-unboost|p1a: Great Tusk|spd|1
|-enditem|p2a: Heatran|Air Balloon
|faint|p2a: Heatran
|
|-weather|SunnyDay|[upkeep]
|upkeep
|
|t:|1779902930
|switch|p2a: Ogerpon|Ogerpon, F|100/100
|turn|5
|
|t:|1779902955
|-end|p1a: Great Tusk|Protosynthesis|[silent]
|switch|p1a: Ceruledge|Ceruledge, M|100/100
|move|p2a: Ogerpon|Knock Off|p1a: Ceruledge
|-supereffective|p1a: Ceruledge
|-enditem|p1a: Ceruledge|Focus Sash
|-damage|p1a: Ceruledge|1/100
|-ability|p1a: Ceruledge|Weak Armor|boost
|-unboost|p1a: Ceruledge|def|1
|-boost|p1a: Ceruledge|spe|2
|
|-weather|SunnyDay|[upkeep]
|upkeep
|turn|6
|
|t:|1779902962
|switch|p2a: Samurott|Samurott-Hisui, M|100/100
|move|p1a: Ceruledge|Bitter Blade|p2a: Samurott
|-resisted|p2a: Samurott
|-damage|p2a: Samurott|61/100
|-heal|p1a: Ceruledge|27/100|[from] drain|[of] p2a: Samurott
|
|-weather|SunnyDay|[upkeep]
|upkeep
|turn|7
|
|t:|1779902971
|switch|p1a: Zarude|Zarude|100/100
|move|p2a: Samurott|Ceaseless Edge|p1a: Zarude
|-resisted|p1a: Zarude
|-damage|p1a: Zarude|84/100
|-sidestart|p1: digederoo|Spikes
|
|-weather|SunnyDay|[upkeep]
|-heal|p1a: Zarude|90/100|[from] item: Leftovers
|upkeep
|turn|8
|
|t:|1779902975
|switch|p2a: Weezing|Weezing-Galar, M|88/100
|-ability|p2a: Weezing|Neutralizing Gas
|move|p1a: Zarude|Power Whip|p2a: Weezing
|-resisted|p2a: Weezing
|-damage|p2a: Weezing|70/100
|
|-weather|none
|-heal|p1a: Zarude|96/100|[from] item: Leftovers
|upkeep
|turn|9
|
|t:|1779902980
|switch|p1a: Cresselia|Cresselia, F|100/100
|-damage|p1a: Cresselia|88/100|[from] Spikes
|-end|p2a: Weezing|ability: Neutralizing Gas
|switch|p2a: Samurott|Samurott-Hisui, M|61/100
|
|upkeep
|turn|10
|
|t:|1779902985
|move|p1a: Cresselia|Thunder Wave|p2a: Samurott
|-status|p2a: Samurott|par
|cant|p2a: Samurott|par
|
|upkeep
|turn|11
|
|t:|1779902991
|switch|p1a: Ninetales|Ninetales, F|100/100
|-damage|p1a: Ninetales|88/100|[from] Spikes
|-weather|SunnyDay|[from] ability: Drought|[of] p1a: Ninetales
|cant|p2a: Samurott|par
|
|-weather|SunnyDay|[upkeep]
|upkeep
|turn|12
|
|t:|1779902994
|switch|p1a: Great Tusk|Great Tusk|87/100
|-damage|p1a: Great Tusk|75/100|[from] Spikes
|-activate|p1a: Great Tusk|ability: Protosynthesis
|-start|p1a: Great Tusk|protosynthesisatk
|move|p2a: Samurott|Ceaseless Edge|p1a: Great Tusk
|-resisted|p1a: Great Tusk
|-damage|p1a: Great Tusk|63/100
|-sidestart|p1: digederoo|Spikes
|
|-weather|SunnyDay|[upkeep]
|upkeep
|turn|13
|
|t:|1779903004
|move|p1a: Great Tusk|Rapid Spin|p2a: Samurott
|-damage|p2a: Samurott|33/100 par
|-boost|p1a: Great Tusk|spe|1
|-sideend|p1: digederoo|Spikes|[from] move: Rapid Spin|[of] p1a: Great Tusk
|move|p2a: Samurott|Ceaseless Edge|p1a: Great Tusk
|-resisted|p1a: Great Tusk
|-crit|p1a: Great Tusk
|-damage|p1a: Great Tusk|45/100
|-sidestart|p1: digederoo|Spikes
|
|-weather|SunnyDay|[upkeep]
|upkeep
|turn|14
|
|t:|1779903011
|move|p1a: Great Tusk|Rapid Spin|p2a: Samurott
|-damage|p2a: Samurott|6/100 par
|-boost|p1a: Great Tusk|spe|1
|-sideend|p1: digederoo|Spikes|[from] move: Rapid Spin|[of] p1a: Great Tusk
|move|p2a: Samurott|Razor Shell|p1a: Great Tusk
|-supereffective|p1a: Great Tusk
|-damage|p1a: Great Tusk|14/100
|-unboost|p1a: Great Tusk|def|1
|
|-weather|SunnyDay|[upkeep]
|upkeep
|turn|15
|
|t:|1779903013
|move|p2a: Samurott|Sucker Punch|p1a: Great Tusk
|-resisted|p1a: Great Tusk
|-damage|p1a: Great Tusk|0 fnt
|faint|p1a: Great Tusk
|-end|p1a: Great Tusk|Protosynthesis|[silent]
|
|-weather|SunnyDay|[upkeep]
|upkeep
|
|t:|1779903020
|switch|p1a: Walking Wake|Walking Wake|100/100
|-activate|p1a: Walking Wake|ability: Protosynthesis
|-start|p1a: Walking Wake|protosynthesisspe
|turn|16
|
|t:|1779903021
|move|p1a: Walking Wake|Hydro Steam|p2a: Samurott
|-resisted|p2a: Samurott
|-damage|p2a: Samurott|0 fnt
|faint|p2a: Samurott
|
|-weather|SunnyDay|[upkeep]
|upkeep
|
|t:|1779903026
|switch|p2a: Ogerpon|Ogerpon, F|100/100
|turn|17
|
|t:|1779903030
|-terastallize|p2a: Ogerpon|Grass
|detailschange|p2a: Ogerpon|Ogerpon-Teal-Tera, F, tera:Grass
|-ability|p2a: Ogerpon|Embody Aspect (Teal)|boost
|-boost|p2a: Ogerpon|spe|1
|move|p2a: Ogerpon|U-turn|p1a: Walking Wake
|-damage|p1a: Walking Wake|60/100
|
|t:|1779903032
|switch|p2a: Weezing|Weezing-Galar, M|70/100|[from] U-turn
|-ability|p2a: Weezing|Neutralizing Gas
|move|p1a: Walking Wake|Weather Ball|p2a: Weezing
|-damage|p2a: Weezing|0 fnt
|faint|p2a: Weezing
|-end|p2a: Weezing|ability: Neutralizing Gas
|
|-weather|SunnyDay|[upkeep]
|upkeep
|
|t:|1779903033
|switch|p2a: Ogerpon|Ogerpon-Teal-Tera, F, tera:Grass|100/100
|-ability|p2a: Ogerpon|Embody Aspect (Teal)|boost
|-boost|p2a: Ogerpon|spe|1
|turn|18
|
|t:|1779903044
|-end|p1a: Walking Wake|Protosynthesis|[silent]
|switch|p1a: Cresselia|Cresselia, F|88/100
|move|p2a: Ogerpon|Ivy Cudgel|p1a: Cresselia
|-damage|p1a: Cresselia|31/100
|-enditem|p1a: Cresselia|Eject Button
|
|t:|1779903056
|switch|p1a: Ninetales|Ninetales, F|88/100
|
|-weather|none
|upkeep
|turn|19
|
|t:|1779903062
|switch|p1a: Cresselia|Cresselia, F|31/100
|move|p2a: Ogerpon|Ivy Cudgel|p1a: Cresselia
|-damage|p1a: Cresselia|0 fnt
|faint|p1a: Cresselia
|
|upkeep
|
|t:|1779903064
|switch|p1a: Ninetales|Ninetales, F|88/100
|-weather|SunnyDay|[from] ability: Drought|[of] p1a: Ninetales
|turn|20
|
|t:|1779903067
|switch|p2a: Zamazenta|Zamazenta|100/100
|-ability|p2a: Zamazenta|Dauntless Shield|boost
|-boost|p2a: Zamazenta|def|1
|move|p1a: Ninetales|Healing Wish|p1a: Ninetales
|faint|p1a: Ninetales
|
|-weather|SunnyDay|[upkeep]
|upkeep
|
|t:|1779903076
|switch|p1a: Ceruledge|Ceruledge, M|27/100
|-heal|p1a: Ceruledge|100/100|[from] move: Healing Wish
|turn|21
|
|t:|1779903081
|move|p2a: Zamazenta|Iron Defense|p2a: Zamazenta
|-boost|p2a: Zamazenta|def|2
|move|p1a: Ceruledge|Swords Dance|p1a: Ceruledge
|-boost|p1a: Ceruledge|atk|2
|
|-weather|SunnyDay|[upkeep]
|upkeep
|turn|22
|
|t:|1779903094
|move|p2a: Zamazenta|Substitute|p2a: Zamazenta
|-start|p2a: Zamazenta|Substitute
|-damage|p2a: Zamazenta|76/100
|move|p1a: Ceruledge|Swords Dance|p1a: Ceruledge
|-boost|p1a: Ceruledge|atk|2
|
|-weather|SunnyDay|[upkeep]
|-heal|p2a: Zamazenta|82/100|[from] item: Leftovers
|upkeep
|turn|23
|
|t:|1779903106
|move|p2a: Zamazenta|Iron Defense|p2a: Zamazenta
|-boost|p2a: Zamazenta|def|2
|move|p1a: Ceruledge|Swords Dance|p1a: Ceruledge
|-boost|p1a: Ceruledge|atk|2
|
|-weather|SunnyDay|[upkeep]
|-heal|p2a: Zamazenta|88/100|[from] item: Leftovers
|upkeep
|turn|24
|
|t:|1779903109
|move|p2a: Zamazenta|Iron Defense|p2a: Zamazenta
|-boost|p2a: Zamazenta|def|1
|move|p1a: Ceruledge|Bitter Blade|p2a: Zamazenta
|-end|p2a: Zamazenta|Substitute
|
|-weather|SunnyDay|[upkeep]
|-heal|p2a: Zamazenta|94/100|[from] item: Leftovers
|upkeep
|turn|25
|
|t:|1779903110
|move|p2a: Zamazenta|Substitute|p2a: Zamazenta
|-start|p2a: Zamazenta|Substitute
|-damage|p2a: Zamazenta|69/100
|move|p1a: Ceruledge|Bitter Blade|p2a: Zamazenta
|-end|p2a: Zamazenta|Substitute
|
|-weather|SunnyDay|[upkeep]
|-heal|p2a: Zamazenta|76/100|[from] item: Leftovers
|upkeep
|turn|26
|
|t:|1779903112
|move|p2a: Zamazenta|Substitute|p2a: Zamazenta
|-start|p2a: Zamazenta|Substitute
|-damage|p2a: Zamazenta|51/100
|move|p1a: Ceruledge|Bitter Blade|p2a: Zamazenta
|-end|p2a: Zamazenta|Substitute
|
|-weather|SunnyDay|[upkeep]
|-heal|p2a: Zamazenta|57/100|[from] item: Leftovers
|upkeep
|turn|27
|
|t:|1779903114
|move|p2a: Zamazenta|Substitute|p2a: Zamazenta
|-start|p2a: Zamazenta|Substitute
|-damage|p2a: Zamazenta|32/100
|move|p1a: Ceruledge|Bitter Blade|p2a: Zamazenta
|-end|p2a: Zamazenta|Substitute
|
|-weather|none
|-heal|p2a: Zamazenta|38/100|[from] item: Leftovers
|upkeep
|turn|28
|
|t:|1779903118
|move|p2a: Zamazenta|Body Press|p1a: Ceruledge
|-immune|p1a: Ceruledge
|move|p1a: Ceruledge|Bitter Blade|p2a: Zamazenta
|-damage|p2a: Zamazenta|2/100
|
|-heal|p2a: Zamazenta|8/100|[from] item: Leftovers
|upkeep
|turn|29
|
|t:|1779903121
|move|p2a: Zamazenta|Body Press|p1a: Ceruledge
|-immune|p1a: Ceruledge
|move|p1a: Ceruledge|Bitter Blade|p2a: Zamazenta
|-damage|p2a: Zamazenta|0 fnt
|faint|p2a: Zamazenta
|
|upkeep
|
|t:|1779903122
|switch|p2a: Ogerpon|Ogerpon-Teal-Tera, F, tera:Grass|100/100
|-ability|p2a: Ogerpon|Embody Aspect (Teal)|boost
|-boost|p2a: Ogerpon|spe|1
|turn|30
|
|t:|1779903124
|move|p2a: Ogerpon|Knock Off|p1a: Ceruledge
|-supereffective|p1a: Ceruledge
|-crit|p1a: Ceruledge
|-damage|p1a: Ceruledge|0 fnt
|faint|p1a: Ceruledge
|
|upkeep
|
|t:|1779903131
|switch|p1a: Zarude|Zarude|96/100
|turn|31
|
|t:|1779903132
|switch|p2a: Gliscor|Gliscor, M|100/100
|move|p1a: Zarude|Knock Off|p2a: Gliscor
|-damage|p2a: Gliscor|64/100
|-enditem|p2a: Gliscor|Toxic Orb|[from] move: Knock Off|[of] p1a: Zarude
|
|-heal|p1a: Zarude|100/100|[from] item: Leftovers
|upkeep
|turn|32
|
|t:|1779903139
|move|p1a: Zarude|Swords Dance|p1a: Zarude
|-boost|p1a: Zarude|atk|2
|move|p2a: Gliscor|U-turn|p1a: Zarude
|-supereffective|p1a: Zarude
|-damage|p1a: Zarude|47/100
|
|t:|1779903140
|switch|p2a: Ogerpon|Ogerpon-Teal-Tera, F, tera:Grass|100/100|[from] U-turn
|-ability|p2a: Ogerpon|Embody Aspect (Teal)|boost
|-boost|p2a: Ogerpon|spe|1
|
|-heal|p1a: Zarude|53/100|[from] item: Leftovers
|upkeep
|turn|33
|
|t:|1779903147
|move|p2a: Ogerpon|U-turn|p1a: Zarude
|-supereffective|p1a: Zarude
|-damage|p1a: Zarude|0 fnt
|faint|p1a: Zarude
|
|t:|1779903150
|switch|p2a: Gliscor|Gliscor, M|64/100|[from] U-turn
|
|upkeep
|-message|digederoo forfeited.
|
|win|glimpseman
|raw|digederoo's rating: 1434 &rarr; <strong>1418</strong><br />(-16 for losing)
|raw|glimpseman's rating: 1507 &rarr; <strong>1523</strong><br />(+16 for winning)
|l|☆digederoo
|player|p1|
|l|☆glimpseman
|player|p2|
|j|☆glimpseman
|player|p2|glimpseman|#wcor2025canada|
|l|☆glimpseman
|player|p2|
|j|☆glimpseman
|player|p2|glimpseman|#wcor2025canada|
|l|☆glimpseman
|player|p2|
|j|☆glimpseman
|player|p2|glimpseman|#wcor2025canada|
|l|☆glimpseman
|player|p2|
|j|☆glimpseman
|player|p2|glimpseman|#wcor2025canada|
|l|☆glimpseman
|player|p2|
|j|☆glimpseman
|player|p2|glimpseman|#wcor2025canada|
|l|☆glimpseman
|player|p2|
|j|☆glimpseman
|player|p2|glimpseman|#wcor2025canada|
|l|☆glimpseman
|player|p2|
