|j|☆Yxillonn2
|j|☆Morfe0
|t:|1779825576
|gametype|singles
|player|p1|Yxillonn2|169|1059
|player|p2|Morfe0|policeman-gen4|1044
|gen|9
|tier|[Gen 9] OU
|rated|
|rule|HP Percentage Mod: HP is shown in percentages
|rule|Endless Battle Clause: Forcing endless battles is banned
|rule|Species Clause: Limit one of each Pokémon
|rule|OHKO Clause: OHKO moves are banned
|rule|Evasion Items Clause: Evasion items are banned
|rule|Evasion Moves Clause: Evasion moves are banned
|rule|Evasion Abilities Clause: Evasion abilities are banned
|rule|Sleep Moves Clause: Sleep-inducing moves are banned
|clearpoke
|poke|p1|Empoleon, M|
|poke|p1|Garchomp, F|
|poke|p1|Mismagius, M|
|poke|p1|Magmortar, F|
|poke|p1|Ambipom, F|
|poke|p1|Staraptor, F|
|poke|p2|Glimmora, M|
|poke|p2|Zoroark-Hisui, F|
|poke|p2|Lapras, M|
|poke|p2|Blaziken, M|
|poke|p2|Dragonite, M|
|poke|p2|Tyranitar, M|
|teampreview
|
|t:|1779825596
|teamsize|p1|6
|teamsize|p2|6
|start
|switch|p1a: Mismagius|Mismagius, M|100/100
|switch|p2a: Glimmora|Glimmora, M|100/100
|turn|1
|
|t:|1779825606
|move|p1a: Mismagius|Nasty Plot|p1a: Mismagius
|-boost|p1a: Mismagius|spa|2
|move|p2a: Glimmora|Toxic Spikes|p1a: Mismagius
|-sidestart|p1: Yxillonn2|move: Toxic Spikes
|
|upkeep
|turn|2
|
|t:|1779825620
|move|p1a: Mismagius|Psychic|p2a: Glimmora
|-supereffective|p2a: Glimmora
|-damage|p2a: Glimmora|0 fnt
|faint|p2a: Glimmora
|-damage|p1a: Mismagius|91/100|[from] item: Life Orb
|
|upkeep
|
|t:|1779825629
|switch|p2a: Blaziken|Blaziken, M|100/100
|turn|3
|
|t:|1779825642
|move|p1a: Mismagius|Nasty Plot|p1a: Mismagius
|-boost|p1a: Mismagius|spa|2
|move|p2a: Blaziken|Psychic|p1a: Mismagius
|-damage|p1a: Mismagius|50/100
|
|upkeep
|turn|4
|
|t:|1779825660
|move|p1a: Mismagius|Psychic|p2a: Blaziken
|-damage|p2a: Blaziken|0 fnt
|replace|p2a: Zoroark|Zoroark-Hisui, F
|-end|p2a: Zoroark|Illusion
|faint|p2a: Zoroark
|-damage|p1a: Mismagius|41/100|[from] item: Life Orb
|
|upkeep
|
|t:|1779825671
|switch|p2a: Dragonite|Dragonite, M|100/100
|turn|5
|
|t:|1779825681
|move|p1a: Mismagius|Shadow Ball|p2a: Dragonite
|-damage|p2a: Dragonite|0 fnt
|faint|p2a: Dragonite
|-damage|p1a: Mismagius|31/100|[from] item: Life Orb
|
|upkeep
|
|t:|1779825690
|switch|p2a: Blaziken|Blaziken, M|100/100
|turn|6
|
|t:|1779825697
|move|p1a: Mismagius|Psychic|p2a: Blaziken
|-supereffective|p2a: Blaziken
|-damage|p2a: Blaziken|0 fnt
|faint|p2a: Blaziken
|-damage|p1a: Mismagius|21/100|[from] item: Life Orb
|
|upkeep
|
|t:|1779825705
|switch|p2a: Tyranitar|Tyranitar, M|100/100
|-weather|Sandstorm|[from] ability: Sand Stream|[of] p2a: Tyranitar
|turn|7
|
|t:|1779825720
|move|p1a: Mismagius|Energy Ball|p2a: Tyranitar
|-supereffective|p2a: Tyranitar
|-damage|p2a: Tyranitar|0 fnt
|faint|p2a: Tyranitar
|-damage|p1a: Mismagius|11/100|[from] item: Life Orb
|
|-weather|Sandstorm|[upkeep]
|-damage|p1a: Mismagius|5/100|[from] Sandstorm
|upkeep
|
|t:|1779825730
|switch|p2a: Lapras|Lapras, M, shiny|100/100
|turn|8
|
|t:|1779825735
|move|p2a: Lapras|Protect|p2a: Lapras
|-singleturn|p2a: Lapras|Protect
|move|p1a: Mismagius|Energy Ball|p2a: Lapras
|-activate|p2a: Lapras|move: Protect
|
|-weather|Sandstorm|[upkeep]
|-damage|p1a: Mismagius|0 fnt|[from] Sandstorm
|-damage|p2a: Lapras|94/100|[from] Sandstorm
|faint|p1a: Mismagius
|upkeep
|
|t:|1779825738
|switch|p1a: Garchomp|Garchomp, F|100/100
|-status|p1a: Garchomp|psn
|turn|9
|
|t:|1779825750
|-terastallize|p1a: Garchomp|Poison
|move|p1a: Garchomp|Swords Dance|p1a: Garchomp
|-boost|p1a: Garchomp|atk|2
|move|p2a: Lapras|Ice Beam|p1a: Garchomp
|-damage|p1a: Garchomp|71/100 psn
|
|-weather|Sandstorm|[upkeep]
|-damage|p1a: Garchomp|65/100 psn|[from] Sandstorm
|-damage|p2a: Lapras|88/100|[from] Sandstorm
|-damage|p1a: Garchomp|53/100 psn|[from] psn
|upkeep
|turn|10
|
|t:|1779825765
|move|p1a: Garchomp|Poison Jab|p2a: Lapras
|-damage|p2a: Lapras|0 fnt
|faint|p2a: Lapras
|
|win|Yxillonn2
|raw|Yxillonn2's rating: 1059 &rarr; <strong>1089</strong><br />(+30 for winning)
|raw|Morfe0's rating: 1044 &rarr; <strong>1028</strong><br />(-16 for losing)
|c|☆Yxillonn2|gg
|l|☆Morfe0
|player|p2|
